3922 6498
509 342 617 400 439

1686 306 1691 310 ἢ
1745 350 1801 405 s.
1835 348 2163 405 cneconn
2194 351 2477 409 NYSSENI

3649 357 3750 413 £20

495 461 773 517 intellectu
792 461 1021 527 diceret,
1046 462 1178 518 nihil
1204 465 1495 533 interesse,
1519 467 1633 522 sive
1654 468 1778 538 quis
1800 468 2066 523 Adamum

2183 473 2401 543 πλήσιον
2429 476 2536 546 γὰρ
2561 473 2723 527 τοῦτο
2763 475 2987 545 ἐκείνῳ·
3039 475 3227 547 ὥσπερ
3274 474 3391 546 γὰρ
3437 474 3492 527 εί
3537 491 3622 536 τις
3665 476 3745 529 τὸν

492 558 701 617 patrem
756 551 1037 616 omnium,
1085 554 1201 609 sive
1249 556 1484 625 primum
1535 573 1564 610 a
1616 558 1721 612 Deo
1769 557 2061 612 formatum

495 635 771 689 hominem
820 640 1085 706 nominet,
1140 641 1281 698 idem
1325 646 1472 699 enim
1524 654 1753 717 utroque
1796 647 2066 701 vocabulo

495 725 821 793 signiﬁcari;
849 728 1043 786 deinde
1066 733 1273 803 aliquis
1296 751 1362 791 ex
1389 736 1741 793 Eunomiana:
1770 739 2067 795 dialecticae

498 818 683 872 schola
722 822 1036 889 prosiliens,
1079 825 1308 895 ejusque
1347 836 1553 883 textum
1584 836 1637 883 et
1672 844 1868 884 nexum
1901 846 2065 901 argu-

497 910 776 964 mentandi
824 910 1047 967 imitans
1074 916 1379 971 ocelamet:
1417 917 1473 971 Si
1515 918 1656 973 idem
1691 926 1774 973 est
1811 919 2060 975 eumdem

498 1009 529 1050 a
567 996 679 1052 Deo
720 1000 951 1069 primum
994 1012 1235 1058 creatum
1284 1022 1425 1075 esse,
1474 1016 1528 1062 et
1566 1015 1782 1077 patrem
1819 1010 2060 1063 omnium

480 1086 844 1157 posterorum
898 1106 1039 1157 csse,
1081 1094 1298 1158 licebit,
1350 1097 1542 1151 relicto
1582 1097 1754 1169 patris
1797 1099 2065 1153 vocabulo

499 1188 551 1234 et
579 1193 800 1250 accepto
835 1186 1151 1253 protoplasti
1182 1188 1424 1253 nomine,
1465 1187 1647 1243 dicere
1672 1188 1939 1243 :Adamus
1964 1205 2067 1242 non

499 1281 575 1326 est
616 1272 791 1327 Abelis
846 1284 1023 1344 pater,
1065 1277 1154 1332 sed
1190 1279 2069 1350 protoplastus:quemadmodum

500 1365 869 1433 protOplastus
936 1376 1020 1421 est
1089 1368 1182 1422 lilii
1226 1379 1409 1439 pater,
1456 1371 1532 1425 ita
1589 1370 1707 1425 vice
1759 1385 1917 1426 versa
1974 1369 2066 1423 ﬁlii

502 1455 871 1524 protoplastus
914 1468 999 1511 est
1044 1466 1214 1527 pater.
1263 1459 1320 1514 Si
1370 1460 1496 1514 talia
1544 1460 1598 1514 in
1649 1475 1897 1530 caupona
1949 1474 2071 1529 perv

504 1555 880 1611 censerentur,
932 1556 1197 1617 quantum
1246 1552 1476 1619 plausus
1519 1561 1571 1606 et
1611 1551 1755 1607 risus
1786 1566 1817 1604 a
1846 1564 2069 1620 compo-

505 1637 718 1691 toribus
763 1646 1131 1707 reportarem,
1181 1648 1290 1692 tam
1347 1639 1543 1695 festive
1584 1640 1820 1694 inventis
1851 1639 2071 1694 admur-

505 1728 855 1783 murantibus
884 1735 938 1782 et
970 1728 1446 1799 adstrepentibusl
1479 1727 1703 1785 Talibus
1738 1728 2070 1802 argumentis

504 1830 783 1891 oppugnat
830 1827 1016 1875 nostra
1080 1822 1255 1877 solers
1312 1822 1418 1877 iste
1467 1823 1775 1893 theologus,
1822 1822 2073 1891 indigens
2106 1808 2148 1862 Β

504 1910 803 1982 paedagogo
841 1911 926 1966 vel
956 1912 1139 1981 potius
1174 1912 1370 1967 baculo
1407 1922 1468 1966 ut
1497 1912 1693 1978 discat,
1730 1926 1836 1966 non
1886 1911 2069 1965 omnia

507 2014 625 2068 quae
664 2000 731 2054 de
765 2000 947 2071 aliquo
986 2002 1379 2072 praedicantur,
1424 2000 1492 2055 ad
1544 2001 1684 2055 idem
1735 2000 1957 2054 omnino
1996 1999 2073 2052 si-

507 2094 819 2162 gniﬁcatum
844 2094 1139 2163 respicere,
1163 2091 1623 2163 quemadmodum
1646 2108 1744 2163 per
1764 2089 2071 2162 exemplum

506 2184 575 2238 de
638 2183 843 2238 Adamo
888 2192 943 2238 et
988 2183 1156 2239 Abele
1207 2186 1432 2238 allatum
1471 2182 1907 2239 demonstratum
1968 2190 2071 2237 est.

507 2272 642 2327 Nam
699 2274 963 2328 Adamum
998 2274 1248 2329 eumdem
1292 2282 1346 2329 et
1405 2282 1616 2346 patrem
1644 2274 1831 2329 Abelis
1859 2279 1912 2328 et
1938 2288 2075 2344 opus

510 2363 604 2418 Dei
646 2379 768 2419 esse
792 2380 979 2420 verum
1006 2373 1112 2420 est.
1141 2363 1259 2418 Non
1282 2364 1448 2436 igitur
1481 2380 1603 2419 cum
1639 2365 1754 2434 ipse
1784 2376 2078 2435 utrumque

510 2454 603 2516 sit.
633 2455 798 2509 etiam
841 2455 892 2508 in
929 2456 1095 2509 Abele
1135 2464 1427 2526 utrumque
1460 2463 1565 2511 est.
1609 2453 1700 2510 Sic
1737 2456 1791 2509 in
1827 2457 1934 2510 Deo
1978 2454 2080 2510 Pa-

510 2547 613 2601 tris
642 2548 930 2616 appellatio
955 2548 1265 2603 manifestat
1291 2547 1509 2618 quidem
1532 2548 1585 2602 id
1602 2548 1747 2618 quod
1768 2548 1987 2619 proprie
2012 2550 2080 2603 ab

511 2637 615 2692 hoc
637 2639 900 2693 vocabulo
927 2638 1288 2709 signiﬁcatur,
1319 2655 1512 2709 nempe
1534 2654 1827 2711 generasse
1858 2637 2079 2702 Filium,

511 2731 716 2785 indicat
753 2746 883 2786 vero
919 2740 973 2786 et
999 2732 1146 2787 istud
1190 2733 1393 2787 nullam
1435 2748 1657 2789 causam
1695 2734 2079 2797 antecessisse,

510 2823 675 2879 istum
698 2839 823 2879 vere
845 2822 1174 2895 appellatum
1200 2822 1438 2881 Patrem.
1472 2826 1595 2880 Non
1628 2826 1798 2897 igitur
1816 2839 2074 2880 necessa-

510 2912 650 2968 rium
668 2923 750 2969 est
773 2915 1081 2985 ut,quando
1098 2914 1219 2971 Filii
1237 2918 1568 2973 mentionem
1591 2916 1845 2982 facimus,
1864 2913 2088 2991 non;Pa-

513 3012 671 3069 trem,
696 3006 791 3060 sed
814 3006 1097 3084 ingenitum
1128 3006 1262 3062 Filii
1286 3008 1634 3064 nominemus
1659 3025 1677 3062 ι
1693 3023 1871 3079 neque
1895 3022 2088 3064 rursus

2181 563 2348 634 Ἀδὰμ
2393 565 2536 636 ὀρθῷ
2586 566 2680 619 καὶ
2734 565 3024 633 ὑγιαίνοντι
3057 566 3197 635 λόγῳ
3249 566 3330 636 μὴ
3372 565 3649 632 διαφέρειν
3669 565 3747 618 λέ·-

2166 670 2253 721 γοι
2276 695 2291 718 ,
2342 654 2375 725 ἢ
2436 654 2644 725 πατέρα
2688 656 2905 709 πάντων
2952 655 3293 725 ἀνθρώπων,
3339 654 3375 724 ἦ
3428 653 3639 724 πρῶτον
3664 656 3748 707 ἁν-

2170 743 2401 814 θρώπων
2487 746 2592 797 ὑπὸ
2641 746 2734 799 τοῦ
2783 747 2917 801 Θεοῦ
2965 746 3276 801 πεπλάσθαι
3328 744 3551 812 λέγειν·
3626 746 3746 798 ταὺ-

2166 836 2256 889 τὸν
2301 836 2409 907 γὰρ
2453 837 2519 889 δι’
2569 837 2844 910 ἑκατέρων
2876 838 3273 910 σημαίνεσθαι·
3340 833 3469 890 εἶτά
3520 853 3601 900 τις
3648 836 3749 890 τῶν

2172 928 2291 978 κατ’
2336 927 2497 980 αὐτὸν
2535 926 2883 982 διαλεκτικῶν
2939 929 3305 998 ὲφαλλόμενος
3360 929 3479 989 τοῖς
3533 928 3744 997 εἰρημέ-

2168 1036 2278 1081 νοις
2330 1021 2546 1089 μιμοῖτο
2592 1019 2692 1089 τὴν
2744 1018 2997 1090 τοιαύτην
3034 1019 3264 1089 πλοκὴν,
3328 1019 3415 1071 ὅτι
3462 1018 3513 1070 εί
3566 1017 3749 1070 ταύτόν

2168 1110 2336 1174 ἐστιν,
2389 1109 2423 1179 ἢ
2483 1109 2696 1181 πρῶτον
2742 1109 2902 1162 αὐτὸν
2946 1110 3047 1162 ὑπὸ
3112 1107 3208 1161 τοῦ
3255 1106 3401 1160 Θεοῦ
3450 1106 3745 1160 πεπλάσθαι

2166 1201 2363 1270 λέγειν,
2418 1201 2454 1272 ἢ
2508 1202 2717 1272 πατέρα
2760 1201 2869 1253 τῶν
2933 1200 3072 1271 μετὰ
3128 1199 3330 1263 ταῦτα,
3380 1198 3594 1262 ἐξέσται
3650 1214 3741 1251 καο

2167 1288 2449 1343 ταλιποῦσι
2487 1288 2582 1359 τὴν
2619 1290 2712 1342 τοῦ
2764 1287 2976 1359 Πατρὶς
3023 1288 3226 1358 φωνὴν,
3289 1286 3652 1357 μεταλαϐοῦσι
3693 1288 3745 1339 δὲ

2168 1380 2228 1433 τὸ
2279 1378 2695 1451 πρωτόπλαστον
2771 1381 2965 1432 εἰπεῖν⁹
3025 1377 3087 1431 '0
3160 1377 3350 1446 Ἀδὰμ
3425 1377 3533 1432 τοῦ
3582 1379 3744 1430 Ἅϐελ

2170 1470 2305 1539 οὐχὶ
2358 1468 2553 1540 πατήρ
2593 1470 2783 1535 ἐστιν,
2812 1469 2973 1525 ἀλλὰ
3016 1470 3517 1539 πρωτόπλαστος.
3549 1468 3744 1539 Ὥσπερ

2170 1562 2279 1631 γὰρ
2326 1562 2355 1613 ὁ
2406 1560 2822 1631 πρωτόπλαστος
2879 1561 2996 1615 υἱοῦ
3062 1560 3280 1631 πατήρ·
3348 1558 3494 1613 οὕτω
3558 1559 3616 1611 τὸ
3659 1559 3745 1628 έμ-

2171 1651 2332 1704 παλιν
2379 1650 2496 1705 υἱοῦ
2548 1651 2969 1719 πρωτόπλαστος
3013 1651 3043 1703 ὁ
3096 1652 3303 1721 πατήρ.
3360 1649 3425 1702 Ei
3472 1648 3639 1703 ταῦτα
3690 1650 3742 1700 έν

2178 1740 2459 1813 καπηλείῳ
2490 1741 2718 1810 λέγοιτο,
2760 1742 2923 1795 πόσον
2966 1741 3044 1810 ἂν,
3073 1742 3157 1812 εἴη
3189 1740 3390 1812 κρότον
3420 1740 3515 1793 καὶ
3547 1738 3742 1807 γέλωτα

2175 1834 2326 1906 παρὰ
2377 1833 2485 1888 τῶν
2535 1833 3079 1905 διακωθωνιζομένων
3137 1833 3402 1905 ῥαγῆναι,
3450 1834 3737 1900 ὲπικαγχα-

2175 1923 2372 1988 ζόντων
2410 1927 2475 1995 τῇ
2514 1924 2753 1996 κομψεία
2783 1924 2876 1979 τοῦ
2914 1923 3380 1995 παρευρέματοςι
3420 1922 3682 1984 Τοιούτοις
3715 1924 3745 1975 ό

2177 2014 2336 2083 σοφὸς
2379 2014 2622 2081 θεολόγος
2672 2014 3000 2087 ἰσχυρίζεται
3052 2015 3172 2068 καθ’
3203 2014 3367 2085 ἡμῶν
3415 2017 3524 2077 τοῖς
3562 2014 3743 2081 λόγοις,

2178 2109 2272 2161 καὶ
2299 2109 2623 2180 κατατρέχει
2658 2107 2753 2161 τοῦ
2779 2108 3045 2178 δόγματος
3064 2146 3079 2171 ,
3114 2103 3469 2174 παιδαγωγοῦ
3500 2122 3633 2166 τινος
3662 2104 3740 2158 δν·

2177 2214 2284 2262 τως
2336 2199 2427 2251 καὶ
2467 2197 2764 2268 βακτηρίας
2811 2196 3097 2269 δεόμενος,
3146 2196 3222 2258 ὡς
3255 2194 3324 2248 ἂν
3369 2192 3634 2264 διδαχθείη
3668 2194 3741 2245 ὅτι

2178 2290 2240 2342 ού
2288 2290 2465 2343 πάντα
2508 2290 2609 2342 ὅσα
2662 2287 2803 2341 κατά
2850 2303 2995 2351 τινος
3046 2287 3458 2363 κατηγορεῖται,
3517 2283 3643 2354 πρὸς
3687 2281 3741 2335 ἓν

2182 2380 2398 2443 πάντως
2425 2379 2484 2432 τὸ
2514 2380 2911 2450 σημαινόμενον
2944 2376 3160 2447 βλέπειν
3200 2377 3279 2439 ὡς
3308 2376 3397 2429 διὰ
3431 2374 3524 2427 τοῦ
3557 2373 3735 2445 ρηθέν-

2181 2486 2272 2533 τος
2298 2471 2429 2540 ἡμῖν
2458 2468 2597 2523 κατὰ
2623 2469 2712 2522 τὸν
2746 2467 2912 2521 Ἀδελ
2942 2468 3037 2520 καὶ
3085 2467 3177 2520 τὸν
3224 2466 3400 2535 Ἀδὰμ
3439 2464 3740 2534 ὑποδείγμα-

2183 2577 2274 2621 τος
2322 2558 2611 2613 δείκνυται.
2664 2559 2766 2612 Τὸν
2800 2558 2908 2630 γὰρ
2951 2558 3141 2627 Ἀδὰμ,
3179 2559 3274 2611 τὸν
3320 2556 3483 2611 αὐτὸν
3516 2555 3607 2608 καὶ
3651 2571 3742 2607 πε-

2184 2651 2318 2721 τέρα
2346 2649 2438 2702 τοῦ
2480 2651 2665 2715 Ἀϐελ,
2713 2650 2805 2703 καὶ
2836 2650 2995 2722 ἔργον
3027 2649 3121 2702 τοῦ
3156 2647 3293 2701 Θεοῦ
3324 2648 3522 2716 λέγειν,
3563 2644 3741 2713 ἀληθές

2188 2742 2335 2794 ὲστιν
2356 2757 2368 2771 ·
2401 2742 2461 2794 οὑ
2499 2741 2604 2812 μὴν
2631 2741 2817 2811 ἐπειδὴ
2847 2740 3008 2804 αὐτὸς
3035 2740 3322 2813 ἀμφότερα
3350 2738 3446 2791 ἐπὶ
3479 2738 3573 2790 τοῦ
3596 2734 3742 2787 Ἀὁελ

2188 2831 2256 2885 τὰ
2281 2832 2372 2886 δύο
2390 2848 2404 2862 ·
2440 2831 2581 2886 οὕτω
2608 2833 2700 2887 καὶ
2728 2834 2819 2886 ἐπὶ
2846 2832 2939 2886 τοῦ
2966 2831 3103 2885 Θεοῦ
3138 2831 3246 2884 τῶν
3285 2831 3425 2884 ὅλων
3450 2832 3482 2900 η
3526 2827 3614 2881 τοῦ
3641 2827 3738 2879 Πα-

2190 2923 2316 2994 τρὸς
2347 2920 2684 2994 προσηγορία
2736 2921 2886 2991 δηλοῖ
2916 2921 3014 2992 μὲν
3045 2921 3140 2975 καὶ
3175 2920 3239 2972 τὸ
3279 2919 3426 2982 ιδίως
3455 2918 3558 2971 ὑπὸ
3578 2913 3741 2967 τοιαύ-

2191 3030 2292 3083 της
2318 3014 2500 3083 φωνῆς
2528 3011 2920 3083 σημαινόμενον
2948 3010 3010 3063 τὸ
3050 3008 3442 3079 γεγεννηκέναι
3469 3006 3555 3058 τὸν
3597 3003 3737 3057 Υίόν·

512 3111 742 3154 necesse
783 3110 867 3155 est
910 3110 998 3167 ut,
1045 3102 1089 3157 si
1148 3101 1217 3156 ad
1258 3100 1384 3156 Filii
1422 3101 1798 3157 habitudinem
1839 3101 1895 3156 id
1941 3101 2081 3172 quod

2196 3104 2522 3156 ἐνδείκνυται
2555 3102 2612 3155 δὲ
2656 3102 2750 3154 καὶ
2782 3099 2843 3153 τὺ
2894 3099 3163 3171 μηδεμίαν
3207 3098 3393 3152 αἰτίαν
3432 3093 3739 3165 προεπινοεξ-

512 3199 596 3244 est
641 3190 900 3262 principii
952 3208 1169 3263 expers,
1218 3193 1536 3259 reticeatur,
1581 3207 1649 3249 ex
1683 3200 1863 3249 mente
1888 3201 2081 3249 nostra

2193 3193 2317 3247 σθαι
2368 3193 2461 3247 τοῦ
2511 3193 2725 3273 ἀληθῶς
2769 3161 3010 3264 Πατρόξ·
3035 3161 3102 3244 οὐ
3136 3189 3245 3262 μὴν
3286 3161 3589 3255 ἐπάναγκες
3627 3185 3742 3237 ὅταν

514 3277 822 3347 ingenitum,
851 3276 1002 3332 Patri
1036 3288 1375 3350 competens,
1409 3279 1715 3349 ejiciamus.
1749 3278 1856 3335 Sed
1883 3281 2080 3350 hujus-

516 3366 661 3419 modi
706 3367 987 3420 nominum
1019 3384 1178 3423 usum
1206 3368 1457 3439 repudiat
1483 3369 1606 3435 iste,
1631 3377 1685 3425 et
1722 3385 1873 3426 more
1894 3386 2083 3426 eorum

516 3456 611 3524 qui
651 3457 798 3512 risus
838 3460 1154 3514 concitandi
1188 3461 1430 3516 artiﬁces
1465 3471 1615 3528 sunt,
1652 3462 1955 3519 subsannat
1992 3478 2082 3521 re-

518 3547 846 3613 sponsiones
885 3558 1129 3611 uostras.
1187 3550 1583 3621 sophismatum
1618 3553 1953 3611 absurditate
1987 3569 2083 3610 ca-

416 3680 419 3681 ν
519 3632 751 3690 chinnos
797 3637 1063 3693 excitans.

2187 3285 2281 3338 τοῦ
2320 3284 2446 3339 Υίοῦ
2486 3272 2830 3355 μνησθῶμεν,
2863 3282 2938 3354 μὴ
2966 3281 3189 3353 Πατέρα
3211 3282 3418 3350 λέγειν,
3445 3279 3553 3333 ἀλλ’
3595 3272 3737 3340 ἁγένι

2193 3392 2379 3443 νητον
2420 3375 2554 3428 Υἱοῦ
2594 3373 3049 3445 προσαγορεύεινο
3101 3372 3209 3426 οὐδ’
3248 3367 3316 3426 αὖ
3348 3371 3505 3424 πάλιν
3548 3368 3593 3419 εί
3620 3362 3737 3433 πρὸς

2186 3466 2286 3537 τὴν
2323 3464 2417 3519 τοῦ
2450 3464 2579 3518 Υίοῦ
2627 3465 2814 3537 σχέσιν
2845 3465 2906 3518 τὸ
2934 3465 3166 3536 ἄναρχον
3213 3461 3535 3532 σιωπηθείη,
3567 3454 3737 3510 ἐκϐαλ-

2188 3556 2299 3610 λειν
2343 3556 2441 3625 τῆς
2476 3555 2711 3618 διανοίας
2752 3554 2907 3626 ήμῶν
2956 3554 3062 3607 ἀπὸ
3112 3553 3206 3606 τοῦ
3258 3551 3395 3606 Θεοῦ
3433 3550 3490 3602 τὸ
3522 3544 3742 3616 tim

2180 3665 2307 3702 τον.
2359 3644 2496 3699 Ἀλλ’
2532 3644 2830 3699 ἀπωθεῖται
2873 3644 2969 3715 τὴν
3017 3642 3274 3713 τοιαύτην
3324 3643 3514 3712 χρῆσιν
3561 3632 3735 3703 ὀνομά-

518 3741 648 3788 των,
676 3727 770 3779 καὶ
797 3728 934 3781 κατὰ
960 3731 1084 3793 τοὺς
1112 3730 1312 3800 μίμους
1344 3730 1454 3783 τῶν
1514 3732 1758 3799 γελοίων,
1820 3735 2161 3807 διαχλευάζει
2200 3742 2289 3792 τὸν
2337 3738 2493 3806 λόγον
2547 3737 2625 3808 τῷ
2676 3736 2945 3808 ἀλλοκότῳ
2986 3736 3091 3790 τῶν
3143 3734 3493 3805 σοφισμάτων
3536 3728 3743 3799 γελωτοέ

519 3819 691 3873 ποιῶν
717 3822 777 3874 ὲν
802 3824 913 3885 τοῖς
935 3822 1185 3892 δόγμασι.

590 3917 802 3973 Rursus
839 3919 982 3973 enim
1015 3936 1078 3974 ea
1120 3935 1240 3989 quae
1267 3919 1501 3976 ell'utivit
1524 3936 1800 3976 resumam
1825 3942 1837 3976 :
1864 3922 1923 3977 Si
1951 3923 2089 3978 idem

519 4008 786 4063 estdicere
828 4011 1085 4079 ingenitus
1130 4012 1206 4066 vel
1239 4011 1424 4077 Pater,
1465 4012 1639 4067 licebit
1680 4014 1851 4080 nobis,
1882 4014 2091 4070 deserta

521 4099 704 4153 Patris
780 4101 1029 4156 vocabulo
1094 4112 1144 4157 et
1204 4114 1475 4173 assumpto
1531 4106 1789 4176 ingenito,
1851 4106 2022 4160 dicere
2067 4123 2086 4161 :

520 4189 791 4260 Ingenitus
821 4190 956 4246 Filii
996 4203 1073 4248 est
1114 4196 1398 4264 ingenitus.
1438 4194 1605 4250 Sicuti
1650 4198 1789 4250 enim
1826 4198 2085 4267 ingenitus

520 4293 598 4334 est
627 4280 757 4336 Filii
785 4283 968 4347 Pater,
992 4284 1068 4338 ita
1088 4287 1319 4340 vicissim
1344 4285 1476 4341 Filii
1500 4288 1760 4358 ingenitus
1794 4299 1872 4343 est
1904 4289 2085 4344 Pater.

521 4372 748 4438 Verum,
786 4383 845 4429 ut
899 4386 954 4429 et
999 4391 1102 4431 nos
1152 4377 1368 4431 ridendi
1427 4379 1711 4433 materiam
1763 4378 2085 4443 habeamus,

524 4467 571 4522 si
606 4467 845 4531 videtur,
889 4468 943 4522 in
973 4470 1313 4523 contrarium
1343 4469 1619 4539 s0phisma
1648 4477 2083 4538 retorqueamus.

525 4558 588 4612 Si
634 4574 741 4613 non
770 4569 854 4614 est
876 4559 1017 4613 idem
1055 4559 1217 4614 Pater
1254 4576 1378 4615 cum
1413 4561 1678 4631 ingenito,
1714 4559 1893 4616 Patris
1919 4559 2089 4616 Filius

524 4665 632 4702 non
672 4650 777 4705 erit
814 4650 1038 4721 ingeniti
1089 4650 1259 4705 Filius
1292 4670 1307 4706 :
1350 4666 1475 4705 nam
1511 4667 1637 4706 cum
1685 4650 1754 4705 ad
1788 4652 1963 4706 solum
1994 4652 2091 4704 Pa-

526 4747 663 4792 trem
716 4739 1087 4794 habitudinem
1138 4741 1353 4805 habeat,
1398 4751 1694 4795 extraneus
1723 4740 1948 4793 omnino
1985 4741 2091 4794 erit

526 4840 722 4883 natura
756 4844 855 4885 sua
887 4829 957 4883 ab
982 4830 1077 4884 illo
1112 4831 1205 4901 qui
1245 4830 1393 4885 aliud
1418 4830 1680 4901 quiddam
1700 4838 1807 4897 est,
1835 4839 1889 4886 et
1913 4829 2094 4887 Patris

528 4920 737 4974 notioni
763 4936 1107 4991 nequaquam
1133 4921 1439 4976 conforme.
1465 4920 1651 4989 Itaque
1689 4922 1733 4975 si
1762 4922 1907 4975 aliud
1936 4921 2095 4992 quid-

527 5011 650 5063 dam
685 5017 769 5065 est
806 5010 968 5066 Pater
992 5012 1059 5065 ab
1087 5013 1350 5083 ingenito,
1388 5028 1563 5081 neque
1588 5011 1766 5066 Patris
1804 5013 2094 5083 appellatio

528 5101 761 5171 ingeniti
787 5103 1157 5171 signiﬁcatum
1195 5105 1593 5173 complectitur,
1632 5120 1741 5158 non
1773 5105 1970 5174 poterit
2002 5105 2095 5175 qui

531 5203 617 5248 est
650 5196 1047 5258 unus,in‘duas
1088 5210 1271 5249 rerum
1304 5196 1656 5252 habitudines
1699 5198 1891 5261 dividi,
1925 5198 2099 5252 idem-

538 5301 645 5355 que
687 5301 807 5340 esse
837 5295 890 5340 et
917 5285 1098 5340 Patris
1128 5294 1179 5341 et
1210 5273 1436 5357 ingeniti
1467 5287 1653 5343 Filius.
1710 5288 1778 5341 Et
1811 5296 1869 5341 ut
1904 5290 2099 5343 absur-

537 5378 669 5433 dum.
716 5388 977 5434 censetur
1009 5378 1313 5448 ingenitum
1339 5378 1505 5433 Deum
1537 5379 1740 5441 dicere,
1772 5379 1845 5431 ita
1876 5379 2103 5432 omnino

536 5470 595 5525 in
655 5470 1006 5525 conversione
1052 5484 1149 5537 par
1188 5469 1498 5524 absurditas
1545 5470 1875 5533 invenietur,
1925 5470 2104 5525 nomi-

538 5562 719 5615 nando
749 5559 1097 5632 Unigenitum
1128 5560 1324 5617 Filium
1363 5562 1587 5631 ingcniti
1628 5580 1641 5616 :
1680 5571 1738 5615 ut
1780 5578 1845 5616 ex
1889 5561 2104 5616 duobus

542 5649 770 5702 alterum
802 5650 993 5705 conﬁci
1039 5657 1304 5719 oporteatJ
1332 5651 1413 5704 vel
1455 5651 1597 5705 idem
1630 5666 1754 5708 esse
1803 5649 2103 5720 ingenitum

546 5748 601 5795 et
637 5738 871 5808 Patrem,
911 5752 970 5796 ut
1014 5739 1197 5796 Patris
1241 5739 1413 5795 Filius
1462 5742 1623 5795 etiam
1671 5740 1896 5810 ingeniti
1934 5737 2106 5794 Filius

2269 3919 2439 3973 Πάλιν
2469 3916 2575 3986 γὰρ
2601 3914 2708 3967 τῶν
2754 3914 2884 3984 παρ’
2924 3911 3087 3967 αὐτοῦ
3118 3912 3393 3985 ῥηθέντων
3434 3902 3737 3977 ἐπιμνησθή-

2197 4027 2358 4081 σομαι
2377 4025 2390 4038 °
2425 4010 2492 4061 Ei
2518 4006 2734 4060 ταύτόν
2764 4005 2934 4058 ἐστιν
2976 4002 3545 4071 εὶπεῖν,’ᾼγέννητος
3576 3996 3609 4063 ἢ
3642 3996 3738 4046 lla-

2194 4100 2326 4168 τὴρ,
2355 4097 2595 4162 ἐξέσται
2629 4094 2774 4162 ἡμῖν
2806 4092 3203 4147 καταλιποῦσι
3239 4094 3355 4159 τὴν
3387 4088 3491 4143 τοῦ
3526 4082 3735 4149 Πατρός

2193 4188 2426 4260 φωνὴν,
2449 4185 2853 4256 μεταλαϐοῦσι
2887 4184 2953 4237 δὲ
2983 4183 3049 4236 τὸ
3085 4182 3432 4252 ἀγέννητον,
3459 4174 3658 4233 εἰπεῖν·
3688 4174 3730 4223 ’0

2193 4281 2538 4353 ἀγέννητος,
2583 4277 2722 4332 Υίοῦ
2759 4277 2930 4330 ἐστιν
2960 4275 3305 4344 ἀγέννητος.
3342 4274 3561 4336 Ὠσπερ

2193 4372 2521 4442 ἀγέννητος
2586 4367 2723 4423 Υὶοῦ
2777 4365 3013 4435 Πατὴρ,
3059 4364 3247 4431 οὕτως
3295 4365 3548 4433 ἔμπαλιν
3615 4358 3731 4409 Υἱοῡ

2122 4436 2166 4492 D
2196 4436 2524 4533 ἀγέννητος
2556 4463 2589 4514 ό
2622 4458 2843 4525 Πατήρ.
2875 4455 3012 4509 Ἀλλ’
3037 4455 3489 4525 ἀντιγελάσωμεν,
3521 4450 3565 4502 εί
3589 4444 3732 4533 δοκεί,

2198 4531 2293 4607 καὶ
2340 4554 2520 4624 ἡμεῖς,
2559 4552 2638 4613 εἰς
2683 4547 2988 4601 τούναντίον
3034 4545 3184 4617 αὐτῷ
3231 4540 3640 4617 περιαγαγόντες
3679 4531 3731 4584 τδ

2190 4645 2460 4713 σόφισμα·
2490 4642 2550 4694 Ei
2592 4639 2691 4692 οὐκ
2721 4638 2836 4691 ἔστι
2863 4638 3056 4693 ταύτὸν
3085 4639 3115 4690 ό
3140 4637 3328 4709 Πατὴρ
3354 4635 3430 4705 τῷ
3462 4629 3729 4700 ἀγεννητῳ,

2189 4738 2217 4789 ὁ
2244 4733 2337 4787 τοῦ
2377 4731 2588 4803 Πατρὸς
2628 4730 2754 4793 Υἱὸς
2782 4730 2881 4783 οὑκ
2921 4729 3073 4782 ἔσται
3114 4727 3204 4781 τοῦ
3257 4726 3542 4795 ἀγεννήτου
3587 4717 3726 4776 Υἱός’

2191 4825 2326 4895 πρὸς
2358 4823 2463 4893 γὰρ
2508 4822 2596 4874 τὸν
2631 4820 2850 4890 Πατέρα
2890 4819 3046 4889 μόνον
3074 4819 3170 4889 τὴν
3207 4818 3389 4887 σχέσιν
3418 4815 3565 4883 έχων,
3595 4807 3726 4861 ἀλλο-

2191 4916 2354 4986 τρίως
2386 4913 2601 4976 πάντως
2625 4911 2735 4977 ἕξει
2766 4910 2910 4964 κατὰ
2935 4910 3032 4979 τὴν
3074 4909 3235 4976 φύσιν
3273 4907 3405 4977 πρὸς
3432 4903 3518 4956 τὸν
3541 4898 3653 4953 ἄλλο
3678 4909 3723 4944 τι

2194 5006 2324 5059 ὄντα
2372 5005 2463 5058 καί⁸
2504 5007 2570 5074 τῇ
2622 5002 2802 5072 ἐννοίᾳ
2848 5000 2942 5054 τοῦ
2999 5000 3208 5070 Πατρὸς
3246 4999 3319 5070 μὴ
3364 4991 3723 5066 συμδαίνοντα’

2196 5100 2333 5153 ὥστε
2362 5098 2411 5149 εἰ
2442 5095 2569 5150 ἄλλο
2594 5112 2646 5147 τι
2680 5092 2828 5162 παρὰ
2869 5093 2959 5145 τὸν
2989 5090 3278 5160 ἀγέννητόν
3310 5092 3449 5140 ἐστιν
3489 5084 3515 5134 ό
3545 5076 3722 5143 Πατὴρ,

2198 5186 2292 5241 καὶ
2322 5187 2382 5238 οὐ
2412 5161 2807 5255 περιλαμϐάνει
2833 5179 2926 5231 τοῦ
2962 5178 3189 5245 [Iarde
3215 5181 3250 5249 ἡ
3286 5170 3618 5265 προσηγορία,
3648 5161 3727 5265 καὶ

2196 5276 2291 5331 τοῦ
2316 5274 2645 5345 ἁγεννήτου
2666 5272 2726 5325 τὸ
2758 5270 3149 5341 σημαινόμενον
3166 5286 3178 5300 ·
3199 5269 3260 5320 οὺ
3282 5266 3489 5320 δύναται
3512 5262 3537 5311 ό
3561 5251 3630 5316 εἷς
3645 5251 3722 5345 ὣν,

2200 5371 2280 5432 εἷς
2324 5338 2418 5421 δίῖο
2444 5338 2778 5435 πραγμάτων
2812 5338 3025 5431 σχέσεις
3058 5353 3506 5429 καταμερὶζεσθαι
3527 5391 3540 5414 ,
3699 5338 3721 5388 ὂ

2200 5460 2361 5522 αὐτὸς
2411 5455 2549 5512 εἶναι
2581 5454 2675 5509 τοῦ
2701 5471 2761 5506 τε
2792 5451 3001 5523 Πατρδς
3032 5451 3121 5504 καὶ
3150 5450 3241 5503 τοῦ
3272 5446 3547 5517 ἁγεννήτου

2203 5549 2297 5602 καὶ
2336 5518 2411 5611 ὧς
2455 5548 2653 5602 ἄτοπον
2686 5518 2944 5614 ἐνομίσθη
2986 5542 3114 5594 Υἰοῦ
3167 5540 3448 5608 ἀγέννητον
3493 5530 3574 5583 τὸν
3612 5518 3720 5614 θεὸν

2203 5640 2399 5709 λέγειν,
2443 5638 2583 5692 οὕτω
2628 5635 2839 5698 πάντως
2882 5634 2941 5685 ἐν
2985 5632 3063 5703 τῷ
3106 5628 3494 5701 ἀντιστρέφοντι
3534 5616 3588 5669 τὸ
3625 5606 3721 5706 In.”

2206 5733 2403 5786 ἄτοπον
2453 5728 2803 5801 εὑρεθήσεται
2850 5724 2941 5778 τοῦ
2985 5725 3275 5795 ἀγεννητου
3325 5718 3442 5773 Υίὸν
3491 5711 3718 5783 μονογενη
