3922 6450
202 378 283 433 lii
1282 370 1563 427 CONTRA
1598 365 1995 432 EUNOMIUM.
2031 368 2166 423 LIB.
2204 369 2247 423 Ι.

3314 367 3420 423 449

200 499 387 563 λέγειν’
433 492 573 546 ὥστε
600 491 707 547 τῶν
730 491 825 545 δύο
855 492 917 545 τὺ
944 493 1151 563 ἕτερον,
1184 492 1216 563 ἢ
1263 493 1459 546 ταύτόν
1502 494 1618 545 ἐστι
1667 490 1745 560 τῷ

1854 490 1939 553 sit,
2003 498 2062 543 ut
2111 489 2313 545 frustra
2366 505 2467 548 nos
2522 491 2872 547 adversarius
2908 490 3191 557 traduxit,
3232 491 3317 545 vel
3372 490 3419 544 si

198 586 442 657 ἀγεννήτῳ
482 586 511 638 6
544 584 753 655 Πατὴρ,
784 585 872 638 ῐνα
898 586 927 637 6
955 583 1047 638 τοῦ
1080 583 1293 654 Πατρὸς
1330 584 1479 647 Υἱὸς,
1521 584 1617 637 καὶ
1643 581 1738 635 τοῦ

198 677 456 743 ἀγεννήτου
496 672 625 736 Υἱὸς
658 669 732 746 ᾖ,
777 675 869 725 καὶ
916 674 1090 743 μάτην
1123 674 1281 743 ἡμῶν
1322 671 1667 741 διεχλευάσθη
1712 674 1741 725 ὀ

197 764 425 834 λόγος-ἢ
471 764 521 815 εί
570 763 755 833 ἕτερόν
799 780 851 816 τι
905 763 1055 834 παρά
1089 763 1152 816 τὸ
1199 763 1492 833 ἀγέννητόν
1528 763 1673 815 ἐστιν
1711 763 1742 813 6

198 854 377 924 Πατὴρ,
406 855 434 906 ὀ
459 852 554 906 τοῦ
590 854 801 925 Ila-:96;
849 853 978 916 Υἱὸς
1007 854 1107 924 τῆς
1159 855 1298 924 πρὸς
1348 853 1408 906 τὸ
1447 853 1743 922 ἀγέννητον

198 944 402 1013 σχέσεως
428 943 798 1014 ⁴ἠλλοτρίωται.
862 943 969 996 Καὶ
1010 943 1103 996 ἐὰν
1142 943 1300 996 τοῦτο
1351 943 1620 1013 κρατήσῃ,
1665 942 1741 1013 μὴ

198 1039 247 1087 ἐκ
287 1031 372 1085 τοῦ
433 1034 731 1103 ἀγεννήτου
788 1029 927 1087 εἶναι
980 1033 1074 1087 τὸν
1129 1033 1428 1103 Μηνογενῆ,
1489 1032 1744 1104 γεννητὸν

196 1124 315 1192 αὐτῷ
344 1124 557 1186 πάντως
582 1127 614 1193 ἡ
660 1124 950 1177 ἀκολουθία
971 1124 1065 1177 τοῦ
1092 1126 1248 1193 λόγου
1285 1126 1377 1180 τὸν
1410 1126 1628 1196 Πατέρα
1654 1126 1743 1178 ὲν-

195 1217 422 1281 δείξεται·
452 1218 511 1269 τὸ
539 1218 650 1288 γὰρ
678 1218 737 1270 ὃν
771 1219 886 1288 μὲν,
921 1223 993 1289 μὴ
1021 1220 1328 1289 ἀγεννήτως
1360 1219 1417 1272 δὲ
1447 1219 1526 1283 δν,
1560 1235 1745 1288 γεννη-

194 1307 271 1375 τὴν
304 1307 512 1370 πάντως
562 1308 857 1360 ὑπόστασιν
897 1308 1026 1377 ἔχει.
1063 1308 1125 1361 Ei
1156 1304 1249 1362 οὖν
1289 1308 1541 1378 γεννητὸς
1579 1311 1607 1361 6
1632 1311 1743 1362 Πα-

193 1401 278 1469 τὴρ
308 1400 419 1450 κατ’
454 1399 720 1462 ἐκείνους,
751 1399 879 1453 ἄλλο
921 1417 972 1452 τι
1013 1399 1091 1452 ὢν
1121 1400 1271 1472 παρὰ
1300 1402 1391 1453 τὸν
1429 1400 1741 1469 ἀγέννητον,

196 1489 279 1542 ποῦ
323 1491 352 1559 ἡ
397 1489 827 1560 πολυθρύλλητος
876 1491 1209 1560 ἀγεννησία
1269 1492 1491 1563 ἐκείνης
1546 1492 1653 1545 Ποῦ
1703 1495 1738 1563 ἡ

195 1581 365 1651 κρηπὶς
390 1581 483 1633 καὶ
516 1582 551 1651 ἡ
581 1581 865 1652 ὑποδάθρα
886 1586 986 1652 τῆς
1016 1583 1297 1653 αἱρετικῆς
1338 1583 1736 1654 πυργοποιίας;

194 1674 378 1741 οἴχεται
403 1674 494 1725 καὶ
517 1673 811 1742 ἠφάνισται
831 1673 919 1726 διὰ
945 1673 1035 1726 τοῦ
1070 1674 1324 1745 γλίσχρου
1340 1674 1445 1727 τῶν
1478 1674 1745 1745 σοφισμά-

194 1777 297 1826 των,
340 1763 401 1813 ὲκ
431 1762 540 1813 τῶν
585 1763 835 1831 κατέχειν
874 1762 1009 1826 τέως
1063 1763 1359 1817 δοκούντων
1402 1763 1744 1836 διολισθῆσαν

1843 580 2120 636 diversqu
2173 580 2433 651 quiddam
2480 583 2548 638 ab
2595 583 2841 653 ingenito
2885 581 3045 637 Pater
3085 590 3193 650 est,
3248 579 3421 636 Filius

1843 672 1913 727 ab
1973 671 2296 727 habitudine
2345 673 2414 727 ad
2462 673 2764 743 ingenitum
2791 689 3019 743 prorsus
3066 675 3136 728 sit
3183 674 3420 728 alienus.

1843 761 1997 828 Quod
2059 764 2105 819 si
2147 764 2459 819 obtineatur
2509 764 2858 835 Unigeuitum
2899 780 3006 819 non
3042 780 3167 820 esse
3210 765 3279 818 ab
3333 765 3415 818 in-

1843 855 2045 923 genito,
2079 869 2421 925 consequens
2453 856 2676 910 omnino
2711 864 2796 910 est
2833 863 2895 908 ut
2929 853 3145 909 Patrem
3179 856 3418 925 genitum

1843 944 2134 1001 faciamus.
2175 945 2309 1000 Nam
2347 947 2493 1017 quod
2520 956 2625 1009 est,
2663 961 2763 1001 nec
2802 954 2981 1000 tamen
3017 946 3256 1013 ingenite
3300 955 3409 1004 cst.

1844 1038 2072 1092 omnino
2106 1040 2345 1108 genitam
2383 1036 2793 1093 subsistentiam
2824 1037 3008 1091 habet.
3036 1035 3094 1090 Si
3123 1036 3291 1105 igitur
3325 1051 3417 1091 se-

1844 1130 2085 1187 cundum
2114 1130 2238 1184 illos
2268 1129 2429 1184 Pater
2463 1137 2549 1185 est
2585 1131 2822 1199 genitus,
2870 1129 3016 1183 aliud
3062 1128 3191 1198 quid
3226 1129 3293 1182 ab
3337 1129 3419 1182 in-

1844 1223 2027 1292 genito
2057 1221 2351 1284 assistens,
2395 1220 2487 1274 ubi
2520 1220 2808 1274 decantata
2852 1220 2945 1272 illa
2972 1218 3365 1273 inuascibilitas
3386 1222 3412 1273 Ρ

1848 1311 1949 1367 Ubi
1986 1311 2185 1366 fundus
2226 1321 2280 1365 et
2305 1309 2718 1365 fundamentum
2751 1309 3018 1363 haeretica:
3052 1310 3418 1363 substructio-

1844 1400 1972 1454 nis?
2009 1400 2159 1454 Abiit
2204 1408 2257 1455 et
2303 1399 2526 1453 evanuit
2560 1414 2654 1467 per
2684 1398 2873 1468 jejuna
2905 1398 3009 1453 ista
3057 1399 3416 1467 sophismata.

1846 1495 1921 1548 Ex
1967 1492 2186 1563 quibus,
2234 1506 2359 1546 cum
2410 1506 2476 1546 eo
2526 1505 2699 1560 usque
2734 1488 3028 1559 praevalida
3079 1489 3415 1552 viderentur,

1845 1584 2045 1640 amissa
2100 1599 2234 1639 ansa
2293 1583 2577 1653 delapsum
2628 1590 2715 1638 est
2769 1582 3081 1652 ingenitum,
3140 1590 3192 1635 et
3237 1582 3418 1635 omnis

1845 1676 2229 1747 inaequalitatis
2282 1675 2557 1740 machina,
2599 1675 2746 1730 velut
2797 1674 3094 1737 somnium,
3143 1672 3417 1737 dillluens,

1844 1766 2108 1822 orationis
2124 1766 2291 1820 ictum
2311 1763 2514 1832 eﬂ‘ugit,
2541 1764 2702 1819 simul
2739 1779 2864 1818 cum
2899 1763 3139 1833 ingenito
3172 1762 3414 1817 avolans.

194 1856 274 1923 τῆς
302 1855 462 1924 λαϐῆς
503 1854 565 1907 τὸ
596 1854 926 1924 ἀγέννητον
948 1870 961 1884 ⁶
1006 1858 1101 1911 καὶ
1144 1859 1177 1927 ἡ
1229 1855 1324 1910 τοῦ
1364 1832 1744 1928 ἀνομοίου-κα-

1854 1857 1924 1911 Ita
1962 1857 2184 1927 quando
2220 1855 2565 1911 mendacium
2621 1854 2831 1909 veritati
2885 1832 3255 1924 anteponitur,
3295 1854 3420 1907 licet

194 1944 418 2013 τασκευὴ,
463 1942 723 2012 καθάπερ
767 1944 911 2007 τινὸς
936 1944 1088 2016 δναρ,
1116 1945 1431 2016 διαρρυεῖσα
1457 1946 1550 1999 τοῦ
1585 1945 1741 2015 λόγου

194 2038 273 2105 τὴν
296 2035 503 2106 ἐπαφὴν
534 2035 866 2106 διαπέφευγε
910 2036 986 2106 τῷ
1017 2038 1297 2108 ἀγεννήτῳ
1337 2040 1741 2093 συναποπτᾶσα.

198 2126 354 2191 Οὕτως
396 2128 526 2181 ὅταν
562 2145 620 2180 τι
655 2128 848 2197 ψεῦδος
939 2129 1045 2200 πρὸ
1080 2129 1181 2200 τῆς
1221 2130 1475 2201 ἀληθείας
1499 2130 1744 2201 τιμώμε-

196 2234 282 2281 νον,
308 2216 406 2269 κᾶν
451 2217 597 2287 πρὸς
637 2217 817 2286 ὀλίγον
848 2218 935 2271 διὰ
979 2219 1077 2289 τῆς
1107 2218 1324 2289 ἀπάτης
1369 2218 1609 2290 ἀνθήσοι,
1648 2237 1742 2273 τα-

194 2307 308 2377 χέως
338 2308 684 2375 πρὸς-ἑαυτὸ
734 2309 1019 2380 καταρρεῖ,
1075 2309 1169 2362 καὶ
1218 2311 1337 2372 ταῖς
1376 2308 1529 2373 ἰδίαις
1578 2327 1744 2363 κατα-

196 2400 382 2463 σκευαῖς
410 2398 713 2452 διαλύεται.
762 2397 921 2450 Ἀλλά
949 2396 1122 2452 ταῦτα
1164 2398 1262 2468 μὲν
1294 2398 1418 2451 ὅσον
1446 2399 1748 2470 ἐπιμειδιά-

1848 1948 2066 2003 modico
2133 1955 2377 2017 tempore
2433 1962 2530 2017 per
2577 1960 2820 2000 errorem
2873 1946 3054 2015 vigeat
3108 1954 3161 1999 et
3206 1944 3418 2007 ﬂoreat,

1848 2044 2038 2107 postea
2084 2045 2266 2091 tamen
2310 2036 2494 2107 seipso
2522 2037 2786 2119 concidit,
2818 2043 2872 2091 et
2916 2036 3157 2106 propriis
3200 2032 3416 2091 machi-

1847 2129 2119 2185 namentis
2182 2128 2520 2185 dissolvitur.
2565 2126 2765 2184 Verum
2812 2129 2928 2183 haec
2976 2128 3196 2197 quidem
3249 2126 3420 2181 animi

1848 2220 2026 2292 gratia
2072 2221 2128 2275 in
2168 2220 2664 2276 remunerationem
2715 2219 2920 2275 festiva:
2945 2220 3108 2275 istius
3141 2218 3428 2288 ἰηπαιωῑί-

1849 2313 1981 2367 tatis
2026 2327 2057 2367 a
2102 2313 2264 2368 nobis
2293 2313 2439 2368 dicta
2490 2313 2621 2368 sint.
2659 2312 2898 2385 Tempus
2936 2314 3100 2369 fuerit
3143 2320 3204 2367 ut
3246 2312 3425 2367 oratio

1862 2404 1929 2460 ad
1972 2405 2317 2475 propositum
2354 2405 2458 2460 iter
2500 2414 2828 2462 revertatur.

197 2493 345 2561 σαιτῇ
383 2489 627 2560 κομψείᾳ
673 2489 773 2559 τῆς
810 2488 902 2543 τοῦ
936 2489 1186 2560 ἀνομοίου
1211 2490 1631 2557 ἀνταποδόσεως,
1671 2493 1763 2546 καὶ
1796 2498 1927 2567 παρ’
1980 2497 2139 2568 ἡμῶν
2185 2498 2597 2569 προενήνεκται.
2654 2498 2859 2569 Καιρὸς
2902 2498 2949 2552 δ’
2998 2498 3065 2552 ἂν
3133 2497 3218 2568 εἴη
3264 2495 3428 2550 πάλιν

196 2582 527 2649 ἐπαναγαγεῖν
555 2581 651 2633 ἐπὶ
679 2581 782 2651 τὴν
806 2580 1125 2635 ἀκολουθίαν
1153 2581 1245 2634 τὸν
1275 2580 1453 2648 λόγον.

250 2674 314 2725 Οὐ
342 2671 597 2741 βούλεται
628 2674 657 2726 6
688 2672 955 2744 Εὐνόμιος
983 2673 1088 2726 ὑπὸ
1120 2674 1218 2744 τῆς
1242 2674 1338 2726 τοῦ
1384 2674 1597 2745 Πατρδς
1638 2692 1744 2742 φωα

195 2763 289 2833 γῆς,
315 2764 406 2815 καὶ
434 2762 536 2816 τοῦ
574 2764 873 2834 ἀγεννήτου
902 2764 1001 2835 τὴν
1035 2764 1309 2835 σημασίαν
1345 2765 1742 2835 παρίστασθαιο

196 2854 265 2905 ίνα
304 2853 361 2905 τὸ
403 2854 542 2906 παι-ὲ
584 2853 659 2923 μὴ
703 2848 842 2907 εἶναι
885 2854 977 2907 τὸν
1007 2856 1287 2925 Μονογενῆ
1339 2856 1743 2927 κατασκευάσῃ.

196 2944 286 2997 Καὶ
306 2944 405 3016 γὰρ
432 2946 537 2999 καὶ
566 2945 701 2998 πολὺ
746 2945 903 3000 τοῦτο
955 2948 1105 3018 παρὰ
1141 2948 1251 3001 τῶν
1294 2946 1550 3019 μαθητῶν
1580 2948 1744 3001 αὐτοῦ

196 3032 553 3104 τὸὲριίντημα,
600 3034 683 3087 ὅτι
734 3034 795 3086 '0
831 3032 917 3087 ὢν
962 3033 1089 3101 πῶς
1122 3035 1436 3105 ferratae;
1464 3037 1645 3089 Δίτιον
1688 3036 1745 3089 δὲ

196 3093 358 3176 τούτου
396 3093 584 3195 diua},
629 3123 692 3177 τὸ
737 3124 811 3195 μὴ
856 3093 1199 3196 ἐθέλειν-ἑῆς
1237 3093 1578 3198 ἀνθρωπίνης
1616 3130 1750 3200 χρή·
1776 3093 1819 3153 C

200 3230 313 3277 σεως
343 3214 451 3269 τῶν
486 3214 772 3284 ὀνομάτων
804 3215 899 3268 καὶ
928 3217 1024 3269 ἐπὶ
1050 3215 1160 3269 τῶν
1194 3217 1351 3270 θείων
1378 3218 1750 3288 διανοημάτων

198 3306 525 3373 ἀφίστασθαι.
571 3306 886 3378 ’Λλλ’ήμεῖς
917 3307 1173 3371 εὐνοῖκῶς
1203 3308 1336 3361 αὐτὸ
1362 3307 1422 3361 τὸ
1443 3308 1753 3380 πεπλασμέο

199 3414 270 3449 νον
293 3399 383 3468 τῆς
407 3398 669 3460 ὑπονοίας
698 3400 777 3462 είς
790 3398 852 3451 1:6
874 3398 1029 3463 εὐθὶς
1061 3399 1488 3471 προαγαγωμεν,
1506 3400 1752 3465 εἰπόντες

198 3488 227 3541 ἃ
251 3491 365 3560 περὶ
388 3489 586 3543 τούτου
621 3488 980 3560 γινώσκομεν.

257 3580 412 3634 ’Δλλα
458 3579 717 3650 σημαίνει
760 3581 892 3651 παρ’
939 3581 1092 3651 ἡμῖν,
1138 3574 1184 3633 ὧ
1230 3580 1485 3651 Εὐνόμιε,
1522 3580 1591 3635 τά
1637 3580 1754 3635 ὀνό⁴

204 3688 342 3739 ματα,
379 3671 479 3725 καὶ
529 3670 723 3742 ἑτέραν
764 3671 857 3723 ἐπὶ
906 3670 1006 3741 τῆς
1045 3672 1446 3742 ὑπερκειμένης
1478 3672 1753 3742 δυνάμεως

199 3762 280 3833 τὴν
308 3764 584 3835 σημασίαν
615 3762 929 3834 παρέχεται.
973 3762 1083 3816 Καὶ
1131 3761 1239 3830 γὰρ
1278 3762 1374 3814 καὶ
1405 3764 1464 3815 ὲν
1503 3762 1612 3823 τοῖς
1650 3761 1756 3813 λοι-

200 3858 301 3917 ποῖς
340 3858 475 3909 πᾶσι
525 3854 705 3924 πολλῷ
748 3852 824 3923 τῷ
875 3852 1025 3923 μέσῳ
1068 3854 1103 3923 ἡ
1143 3851 1260 3904 θεία
1299 3852 1458 3919 φύσις
1508 3850 1617 3904 ἀπὸ
1656 3850 1755 3921 τῆς

200 3944 524 4017 ἀνθρωπίνης
550 3945 997 4013 διατετείχισται·
1031 3943 1124 3996 καὶ
1146 3941 1297 3995 οὐδὲν
1323 3940 1555 3995 ἐνταῦθα
1582 3940 1756 3994 τοιοῦ-

200 4055 274 4091 τον
315 4042 347 4110 ἡ
390 4043 560 4111 πεῖρα
604 4038 894 4103 δείκνυσιν,
929 4038 1053 4091 ὅσον
1099 4037 1156 4090 ὲν
1195 4038 1380 4108 ἐκείνῃ
1430 4037 1754 4106 ποχασμοίς

202 4146 293 4183 τισι
318 4130 409 4183 καὶ
446 4129 729 4192 ὑπονοίαις
768 4126 1065 4192 εἰκάζεται.
1101 4127 1206 4182 Τὸν
1243 4126 1404 4181 αὐτὸν
1435 4128 1632 4199 τρόπον
1660 4126 1755 4181 καὶ

201 4220 249 4271 ὲν
268 4223 375 4286 τοῖς
405 4220 518 4274 ὑπὸ
545 4219 655 4273 τῶν
690 4217 967 4290 ὀνομάτων
1015 4217 1462 4289 σημαινομένοις,
1512 4216 1617 4271 κᾶν
1659 4218 1757 4287 ὀμ·

202 4312 388 4380 ωνυμία
414 4327 504 4373 τις
598 4309 707 4362 τῶν
744 4308 1100 4379 ἀνθρωπίνων
1146 4307 1284 4379 πρὸς
1310 4308 1372 4361 τὸ
1400 4307 1591 4370 ἀῒδιον,
1621 4306 1757 4361 ἀλλά

1919 2673 2095 2742 Negat
2138 2671 2444 2726 Eunomius
2471 2670 2652 2726 Patris
2684 2670 3050 2741 appellatione
3087 2673 3249 2727 etiam
3280 2673 3429 2744 inge-

1851 2765 1953 2820 niti
1979 2762 2436 2835 significationem
2472 2762 2875 2832 repraesentari.
2918 2768 2978 2816 ut
3018 2762 3145 2816 inde
3173 2763 3431 2819 conﬁciat

1855 2856 2207 2928 Unigenitum
2248 2855 2548 2925 aliquando
2586 2868 2695 2908 non
2738 2852 2934 2907 fuisse.
2968 2851 3249 2922 Frequens
3279 2854 3424 2908 enim

1851 2959 1933 3006 est
1962 2949 2105 3020 apud
2127 2947 2429 3017 discipulos
2463 2943 2584 3015 ejus
2614 2945 2729 2999 haec
2759 2943 2986 3014 quaestio
3011 2962 3024 2996 :
3051 2942 3320 3007 Quomodo
3340 2962 3429 3014 ge-

1852 3052 2072 3095 neratur
2114 3039 2203 3110 qui
2245 3040 2363 3094 est?
2396 3037 2629 3091 Causam
2663 3035 2827 3103 hujus
2858 3034 2937 3089 rei
2977 3034 3234 3096 arbitror,
3279 3035 3427 3103 quod

1853 3133 2025 3187 nolint
2065 3132 2135 3185 ab
2188 3131 2428 3185 humano
2455 3126 2846 3193 vocabulorum
2884 3141 3009 3189 usu,
3039 3134 3171 3180 tunc
3204 3140 3426 3195 quoque

1851 3240 1976 3279 eum
2015 3224 2203 3278 divina
2251 3227 2511 3285 tractant,
2548 3219 2835 3275 absistere.
2868 3217 2975 3273 Sed
3030 3234 3132 3273 nos
3164 3218 3310 3272 hunc
3341 3233 3429 3272 er-

1862 3331 2043 3370 rorem
2064 3323 2119 3371 et
2140 3314 2342 3369 mentis
2369 3312 2750 3382 deceptionem
2772 3310 3033 3365 benevole
3053 3310 3429 3375 emendemus,

1852 3406 2035 3463 allatis
2080 3406 2151 3461 iis
2197 3421 2319 3476 qua:
2367 3403 2436 3459 de
2487 3404 2591 3457 hoc
2639 3401 2955 3457 didicimus.

1923 3584 2075 3641 Alias
2105 3582 2562 3654 signiﬁcationes,
2616 3578 2868 3642 Eunoml,
2904 3577 3123 3632 nomina
3153 3577 3296 3647 apud
3331 3592 3431 3633 nos

1853 3674 2076 3738 habent,
2126 3681 2178 3728 et
2227 3673 2335 3727 alia
2373 3673 2441 3727 de
2484 3686 2739 3740 suprema
2793 3671 2882 3722 illa
2931 3670 3176 3739 potentia
3209 3671 3434 3740 ingene-

1856 3774 1998 3821 rant.
2049 3764 2182 3818 Nam
2206 3773 2260 3819 et
2301 3765 2354 3819 in
2382 3762 2606 3831 reliquis
2629 3762 2885 3815 omnibus
2934 3761 3092 3831 longe
3118 3762 3238 3829 plus
3268 3778 3432 3831 quam

1855 3858 2135 3915 dimidiata
2178 3872 2243 3911 ex
2288 3864 2441 3925 parte
2490 3867 2683 3910 natura
2737 3853 2925 3907 divina
2970 3853 3039 3906 ab
3070 3852 3307 3907 humana
3343 3869 3435 3909 ses

1852 3948 2100 4018 jungitur
2135 3965 2148 4002 :
2191 3956 2245 4001 et
2286 3945 2620 4017 experientia
2663 3943 2751 3997 hic
2790 3943 2926 3996 nihil
2968 3941 3147 3997 simile
3191 3943 3432 4009 exhibet,

1855 4039 2016 4109 quale
2060 4036 2394 4106 conjecturis
2428 4031 2759 4104 quibusdam
2808 4041 2863 4086 et
2910 4031 3322 4101 suspicionibus
3376 4033 3436 4088 in

1857 4129 1949 4184 illa
1991 4126 2329 4183 eﬂ'ormatur.
2376 4123 2578 4179 Eodem
2626 4122 2789 4177 modo
2840 4136 2900 4177 se
2950 4137 3038 4177 res
3089 4121 3258 4177 habet
3305 4138 3436 4177 cum

1857 4220 2023 4275 rebus
2074 4233 2172 4287 per
2221 4215 2443 4270 nomina
2502 4212 2824 4284 signiﬁcatis
2855 4232 2868 4266 :
2905 4213 3121 4268 etiamsi
3147 4214 3431 4269 nominum

1856 4310 2092 4381 quadam
2134 4308 2487 4364 similitudine
2535 4306 2787 4360 humanae
2829 4320 2955 4360 cum
2984 4305 3188 4362 divinis
3232 4322 3437 4360 conve-

203 4402 324 4453 κατὰ
350 4401 407 4454 τὺ
440 4402 641 4473 μέτρον
669 4401 768 4471 τῆς
794 4398 902 4454 τῶν
928 4399 1142 4468 φύσεων
1167 4398 1539 4461 ἀποστάσεως,
1565 4398 1659 4450 καὶ
1686 4397 1750 4451 τὰ

1858 4404 2033 4466 aiant,
2057 4400 2417 4456 nihilominus
2437 4413 2534 4468 pro
2564 4397 2937 4467 proportione,
2957 4413 3065 4467 qua
3086 4405 3294 4452 natura:
3317 4398 3439 4453 istae

204 4493 557 4562 σημαινόμενα
592 4490 682 4545 διὰ
724 4490 833 4545 τῶν
883 4490 1161 4560 ὀνομάτων
1204 4487 1556 4560 κεχώρισται.
1608 4482 1751 4553 Οἷον,

201 4582 563 4654 οἰκοδεσπότην
595 4581 880 4653 ἄνθρωπον
920 4580 1010 4635 διὰ
1037 4584 1136 4652 τῆς
1167 4581 1480 4652 παραϐολῆς
1513 4582 1603 4634 τὸν
1622 4580 1755 4634 Θεὸν

202 4671 438 4742 ὀνομάζει
466 4675 496 4727 6
516 4672 749 4743 Κύριος’
768 4673 905 4726 ἀλλά
925 4672 1058 4726 πολὺ
1084 4672 1241 4725 τοῦτο
1267 4674 1363 4725 καὶ
1388 4674 1444 4727 ὲν
1471 4672 1548 4744 τῷ
1694 4672 1757 4727 τὸ

201 4760 370 4832 ὄνομα.
400 4758 529 4834 'Ap’
552 4757 646 4816 οὖν
672 4765 701 4815 ὀ
722 4764 883 4826 αὐτὸς
912 4763 1067 4830 λόγος
1099 4763 1191 4816 τοῦ
1221 4764 1339 4816 καθ’
1372 4764 1517 4833 ἡμᾶς
1550 4760 1758 4833 ἀνθρώ-

204 4868 311 4916 που,
338 4855 429 4908 καὶ
447 4854 543 4907 τοῦ
570 4854 853 4926 ἀνθρώπου
873 4854 1083 4908 ἐκείνου
1102 4870 1115 4884 ·
1138 4856 1231 4908 καὶ
1255 4854 1493 4919 τοιοῦτος
1512 4858 1540 4909 6
1556 4854 1757 4925 ἡμέτε-

204 4961 283 5014 ρος
308 4941 475 5009 οἶκος,
505 4946 592 5000 οἶα
615 4947 649 5015 ἡ
688 4944 899 5015 μεγάλη
934 4945 1081 4999 οίκία
1103 4944 1308 5015 ἐκείνη,
1343 4943 1525 5008 καθώς
1548 4962 1711 5016 φησιν
1728 4946 1757 4999 ὁ

212 5036 542 5102 ’Δπόστολος,
560 5039 619 5091 ὲν
647 5032 764 5109 ᾖτά
785 5037 952 5108 σκεύη
975 5038 1044 5091 τὰ
1061 5038 1256 5109 χρυσᾶ,
1281 5036 1377 5090 καὶ
1406 5038 1644 5108 ἀργυρᾶ,
1664 5038 1759 5091 κα).

201 5133 290 5186 ὅσα
314 5136 409 5205 τῆς
437 5131 632 5204 λοιπῆς
661 5134 794 5204 ὖλης
819 5133 1117 5205 ἠρίθμήται
1138 5149 1153 5164 °
1184 5133 1219 5203 ἢ
1248 5132 1384 5188 ἄλλα
1429 5132 1528 5201 μὲν
1558 5135 1760 5196 ἐκεῖνα,

202 5224 233 5277 ἃ
265 5226 368 5278 οὐδ’
400 5228 464 5279 ἂν
507 5226 758 5295 ὲπιγνοίη
807 5241 892 5287 τις
939 5223 1193 5287 εὐκόλως,
1242 5227 1301 5277 ἐν
1352 5223 1628 5294 ἀφθαρσίᾳ
1671 5223 1764 5277 καὶ

207 5317 555 5387 μακαριότητι
583 5314 952 5386 θεωρούμενα,
978 5314 1113 5369 ἄλλα
1149 5314 1206 5369 δὲ
1232 5314 1301 5368 τά
1338 5317 1468 5383 παρ’
1499 5315 1655 5385 ἡμῶν
1699 5317 1764 5368 ὲκ

203 5406 295 5475 τῆς
318 5407 463 5473 δντα,
488 5409 583 5462 καὶ
611 5409 692 5469 είς
718 5408 821 5477 γῆν
847 5404 1237 5478 καταρρέοντα.
1282 5403 1554 5467 Ὡσαύτως
1583 5404 1640 5455 δὲ
1670 5406 1764 5458 καὶ

1856 4496 1999 4550 inter
2044 4509 2102 4549 se
2145 4493 2382 4557 distant,
2437 4492 2600 4547 etiam
2657 4506 2756 4554 ea,
2816 4506 2935 4561 que
2980 4491 3067 4548 his
3120 4492 3440 4546 nominibus

1854 4584 2255 4654 signiﬁcantur,
2305 4592 2553 4652 separata
2591 4587 2741 4636 sunt.
2803 4580 3051 4651 Exempli
3101 4598 3292 4648 causa,
3332 4583 3443 4637 Do-

1857 4676 2037 4730 minus
2079 4674 2132 4728 in
2185 4675 2492 4744 evangelica
2528 4674 2787 4743 parabola
2839 4684 3000 4728 vocat
3037 4671 3204 4729 Deum
3258 4674 3439 4727 homi-

1856 4767 2057 4822 minem
2104 4764 2553 4836 patremfamilias
2575 4765 2643 4833 “,
2689 4781 2814 4835 quae
2882 4766 3177 4835 appellatio
3219 4764 3275 4818 in
3329 4764 3439 4817 vita

1857 4872 2076 4928 quoque
2128 4856 2369 4910 humana
2398 4856 2692 4911 admodum
2725 4855 3129 4925 frequentatur.
3162 4863 3242 4907 An
3270 4854 3441 4924 igitur

1856 4948 2047 5004 eadem
2092 4954 2180 5003 est
2225 4948 2365 5005 ratio
2404 4948 2580 5004 nostri
2613 4946 2848 5015 alicujus
2880 4946 3117 4999 hominis
3142 4951 3196 4998 et
3248 4943 3437 4998 illius:

1857 5036 2091 5106 talisque
2139 5045 2323 5091 nostra
2369 5046 2454 5092 est
2506 5035 2705 5091 domus
2750 5034 2930 5104 qualis
2973 5047 3167 5102 magna
3209 5032 3301 5085 illa
3344 5031 3442 5085 do-

1864 5144 2011 5192 mus,
2057 5138 2117 5183 ut
2163 5129 2406 5198 loquitur
2449 5128 2747 5198 Apostolus
2784 5128 2851 5191 ",
2901 5125 2956 5180 in
3000 5139 3106 5195 qua
3142 5132 3272 5178 sunt
3310 5140 3440 5177 vasa

1863 5235 2032 5279 aurea
2072 5230 2127 5276 et
2174 5229 2457 5292 argentea,
2504 5229 2560 5275 et
2607 5218 2713 5274 alia
2765 5234 2833 5274 ex
2877 5218 3000 5274 aliis
3036 5215 3280 5269 materiis
3313 5229 3444 5269 cono

1865 5312 2089 5376 stantia,
2153 5329 2276 5383 quae
2313 5312 2512 5368 ibidem
2573 5311 2870 5381 Apostolus
2922 5306 3251 5379 percenset?
3300 5303 3439 5358 Num

1865 5402 1971 5458 alia
2022 5403 2243 5473 quidem
2283 5404 2374 5458 illa
2426 5404 2646 5473 cognitu
2704 5418 2814 5458 non
2855 5415 3051 5470 prona,
3102 5414 3225 5469 qua:
3257 5398 3312 5452 in
3353 5398 3444 5451 illa

204 5497 256 5549 δν
279 5500 383 5562 τοῖς
408 5499 611 5562 λοιποῖς
646 5499 780 5551 πᾶσι
811 5497 993 5567 σχεδὸν
1036 5496 1321 5567 ὁμωνυμία
1367 5495 1448 5558 τίς
1476 5497 1591 5549 ἐστι
1624 5497 1750 5566 πρὸς

1868 5495 2279 5565 incorruptione
2320 5504 2377 5551 et
2416 5495 2753 5552 beatitudine
2777 5500 3118 5564 spectantur,
3150 5489 3258 5543 alia
3291 5504 3442 5549 vero,

203 5586 267 5638 τά
292 5587 401 5642 θεῖα
436 5588 543 5643 τῶν
573 5585 857 5659 ἡμετέρων
892 5585 1251 5657 πραγμάτων,
1282 5584 1340 5635 ὲν
1372 5586 1438 5654 τῇ
1472 5584 1750 5655 ταυτότητι

1870 5602 1992 5658 qua:
2026 5588 2167 5658 apud
2202 5602 2300 5644 nos
2345 5595 2566 5643 exstant
2629 5602 2697 5643 ex
2749 5593 2897 5640 terra
2952 5592 3235 5655 procreata
3286 5588 3343 5637 et
3391 5578 3446 5633 in

272 5761 315 5792 "
342 5760 524 5818 Matth.
563 5776 685 5828 xm,
712 5759 806 5825 27,
850 5761 942 5816 52.
1070 5760 1115 5795 ⁸³
1144 5760 1185 5815 ll
1214 5760 1353 5815 Tini.
1386 5777 1445 5828 ll,
1485 5762 1575 5815 30.
