3922 6460
512 348 617 407 415
1784 346 1841 401 5.
1874 345 2200 402 GREGORII
2236 347 2532 405 NYSSENl
3302 373 3331 384 ο
3620 350 3709 405 Mi

514 476 716 523 terram
772 463 1106 520 dilabentia?
1171 462 1434 520 Similiter
1488 462 1542 517 in
1600 462 1856 518 omnibus
1916 462 2063 517 ferme

2185 464 2292 516 τῶν
2320 465 2619 535 ὀνομάτων,
2667 465 2799 519 πολὺ
2829 464 2889 518 τὸ
2918 464 3179 534 διάφορον
3193 463 3306 516 τῶν
3338 462 3709 534 σημαινομένων

512 557 635 611 aliis
689 556 1071 611 convenientia
1117 568 1202 611 est
1244 556 1522 610 nominum
1576 554 1884 608 divinorum
1918 560 1972 607 et
1998 568 2061 608 re

2184 556 2561 626 ὲνδεικνυμένη
2583 572 2597 586 ο
2628 556 2709 609 διὸ
2737 557 2829 611 καὶ
2856 556 2925 609 τὰ
2950 557 3055 609 τῶν
3086 557 3258 626 μελῶν
3294 555 3386 608 καὶ
3419 553 3484 607 τὰ
3508 554 3607 608 τῶν
3642 558 3711 609 αἰ-

513 664 634 704 rum
677 663 803 703 cum
855 649 1135 702 humanis.
1181 651 1251 701 At
1290 650 1345 702 in
1401 648 1680 702 nominum
1705 645 2062 700 convenienti:

2186 647 2488 717 σθητηρίων
2508 649 2743 718 ὀνόματα
2765 649 3152 722 παραπλησίως
3178 648 3321 699 ἐστιν
3345 648 3534 716 εὑρεῖν,
3551 646 3712 718 ὥσπερ

513 738 719 809 grande
742 747 826 793 est
859 739 1151 794 discrimen
1200 754 1378 794 rerum
1420 738 1845 810 signiﬁcatarum
1887 754 1899 790 :
1957 752 2057 806 pro

2183 742 2267 808 ἐφ’
2303 742 2454 809 ἡμῖν,
2486 739 2627 793 οὕτω
2671 741 2765 792 καὶ
2808 741 2897 793 ἐπὶ
2926 741 3025 808 τῆς
3052 740 3199 801 θείας
3231 737 3529 806 τεταγμένα
3569 735 3711 807 ζωῆς,

513 837 698 899 pterea
757 840 811 884 et
843 831 1212 885 membrorum
1262 838 1315 885 et
1348 845 1609 885 sensuum
1671 828 1893 883 nomina
1927 836 2062 882 utro.

2183 831 2249 899 ἢν
2280 832 2417 901 ὑπὲρ
2464 832 2714 901 αἴσθησιν
2743 827 2883 885 εἶναι
2927 832 3124 893 πάντες
3163 828 3505 899 ὁμολογοῦσιν
3536 827 3715 900 ἂνθρω-

512 921 680 991 hique
732 922 985 976 similiter
1010 923 1251 991 reperire
1274 923 1416 977 licet.
1445 920 1616 975 Sicuti
1638 923 1782 975 enim
1820 922 1871 974 iu
1900 921 2061 975 nobis

2187 939 2296 986 ποι,
2331 921 2601 983 δάκτυλοι,
2646 922 2738 974 καὶ
2787 919 3043 992 βραχίων,
3076 922 3169 973 καὶ
3206 921 3345 990 χεὶρ,
3387 918 3641 987 ὀφθαλμός
3664 936 3714 970 τε

516 1017 592 1070 ita
636 1018 690 1070 in
736 1017 913 1071 divina
949 1017 1040 1069 illa
1074 1018 1181 1070 vita
1235 1032 1399 1084 quam
1434 1030 1648 1068 omnem
1682 1029 1903 1068 sensum
1936 1028 2065 1069 exce

2186 1016 2279 1064 xui
2310 1011 2571 1082 βλέφαρα,
2603 1013 2695 1065 καὶ
2732 1013 2890 1083 ἀκοὴ,
2935 1014 3026 1065 καὶ
3062 1011 3272 1081 καρδία,
3316 1012 3409 1063 καὶ
3448 1010 3612 1075 πόδες,
3638 1010 3716 1062 καὶ

516 1107 646 1163 dere
684 1122 879 1163 omnes
904 1109 1162 1164 mortales
1197 1110 1545 1169 conﬁtentur,
1585 1115 1714 1160 sunt
1755 1105 1931 1174 digiti,
1961 1106 2065 1159 brat

2186 1104 2523 1174 ὑποδήματα,
2577 1104 2667 1158 κοιλ¹
2715 1105 2888 1168 ἵπποι,
2948 1105 3041 1157 καὶ
3082 1104 3333 1167 ίππασία,
3372 1104 3463 1156 καὶ
3503 1103 3715 1172 ἅρματα.

516 1199 724 1263 chium,
784 1214 1001 1264 manus,
1058 1199 1272 1262 oculus,
1321 1199 1609 1267 palpebrae,
1669 1196 1910 1258 auditus,
1967 1210 2062 1249 cor

2187 1192 2281 1242 καὶ
2311 1191 2482 1260 μυρία
2504 1190 2725 1245 τοιαῦτα
2763 1194 2825 1245 ὲκ
2851 1192 2945 1246 τοῦ
2975 1192 3313 1263 ἀνθρωπίνου
3356 1192 3466 1259 βίου
3495 1192 3619 1260 πρὸς
3635 1191 3717 1262 τὴν

518 1293 699 1361 pedes,
722 1291 1111 1351 caleeamenta,
1142 1289 1290 1357 equi,
1319 1289 1615 1358 equitatus,
1647 1303 1863 1351 currus,
1888 1296 1942 1342 et
1968 1288 2067 1341 iuti-

2186 1278 2295 1330 τῶν
2325 1278 2482 1331 θείων
2525 1279 2755 1349 δήλωσιν
2789 1280 2857 1332 δι’
2900 1282 3214 1351 αἰνίγματος
3260 1280 3363 1333 ὑπὸ
3398 1280 3492 1349 τῆς
3525 1280 3716 1349 Γραφῇ

518 1385 630 1437 nita
677 1382 803 1443 alia,
844 1396 965 1451 qua:
1004 1396 1069 1435 ex
1117 1381 1369 1434 humanas
1413 1383 1538 1434 vitae
1586 1381 1981 1436 consuetudine
2018 1396 2067 1435 at

2190 1369 2598 1439 μετενήνεκται.
2642 1369 2851 1441 Ὥσπερ
2900 1371 3077 1424 τοίνυν
3126 1371 3354 1425 ἕκαστον
3400 1369 3588 1423 τούτων
3626 1371 3716 1422 τῶν

515 1473 820 1528 caelestium
847 1471 1343 1526 manifestationem
1370 1487 1466 1541 per
1495 1472 1835 1526 involucrum
1860 1488 1891 1526 a
1914 1473 2064 1527 sacri:

2187 1459 2488 1527 ὀνομάτων,
2520 1460 2613 1512 καὶ
2638 1460 2991 1531 ἀνθρωπίνως
3018 1461 3252 1530 λέγεται,
3285 1461 3377 1514 καὶ
3404 1462 3500 1514 οὑκ
3539 1461 3719 1532 ἀνθρω-

519 1563 733 1619 Litteris
756 1563 1018 1617 translata
1040 1574 1189 1618 sunt.
1213 1562 1680 1628 Quemadmodum
1702 1563 1868 1633 igitur
1882 1563 2068 1633 quodli

2188 1551 2356 1614 πίνως
2382 1552 2737 1622 σημαίνεται·
2772 1551 2915 1605 οὕτω
2961 1553 3051 1606 καὶ
3078 1554 3138 1607 τὸ
3185 1554 3279 1607 τοῦ
3313 1554 3525 1622 πατρὸς
3552 1553 3719 1622 ὄνομα,

516 1657 607 1711 bet
629 1656 824 1711 horum
843 1656 1123 1711 nominum
1145 1665 1197 1711 et
1212 1655 1509 1709 humanum
1534 1663 1586 1711 et
1606 1669 1771 1724 supra
1792 1655 2065 1709 humanun

2189 1640 2291 1693 κᾶν
2337 1640 2595 1706 ὡσαύτως
2652 1642 2743 1695 ὲπί
2782 1661 2841 1695 τε
2891 1644 2989 1715 τῆς
3039 1645 3313 1715 ἡμετέρας
3358 1647 3451 1697 καὶ
3499 1646 3585 1698 ἐπὶ
3635 1645 3717 1715 τῆς

514 1747 853 1819 signiﬁcandi
881 1746 1098 1801 modum
1122 1746 1282 1801 habet
1317 1764 1329 1800 :
1360 1746 1439 1801 sic
1470 1752 1523 1801 et
1542 1746 1710 1814 patris
1737 1759 1931 1799 nomen
1962 1745 2063 1800 lice

2189 1724 2338 1791 θείας
2384 1728 2607 1799 λέγηται
2653 1729 2892 1798 φύσεως,
2942 1731 3075 1785 ἀλλὰ
3118 1733 3259 1786 κατὰ
3307 1734 3365 1785 τὸ
3414 1734 3598 1805 μέτρον
3634 1736 3718 1804 τῆς

515 1816 719 1909 pariter
745 1846 799 1894 et
836 1838 903 1893 de
941 1847 1127 1893 nostra
1160 1846 1214 1892 et
1237 1838 1304 1893 de
1337 1837 1520 1891 divina
1544 1845 1740 1890 natura
1768 1843 2061 1906 usurpetur

2187 1816 2446 1889 διαφορᾶς
2481 1818 2586 1874 τῶν
2616 1822 2675 1873 ὲν
2722 1824 2832 1883 τοῖς
2859 1821 3113 1892 ὀνόμασιν
3144 1823 3529 1893 ὑποκειμένων,
3560 1825 3642 1877 καὶ
3662 1825 3722 1877 τὰ

515 1908 755 1987 attamen
784 1946 883 2001 pro
909 1929 1261 2000 proportione
1292 1927 1611 1984 diﬁ‘erentiae
1637 1942 1819 1982 rerum
1848 1928 2064 1982 nomini-

2187 1908 2273 1962 διὰ
2314 1909 2421 1963 τῶν
2449 1912 2640 1980 φωνῶν
2681 1912 3051 1983 σημαινόμενα
3089 1914 3187 1984 τὴν
3214 1913 3556 1984 παραλλαγὴν
3590 1914 3716 1984 ἔχει’

515 2022 619 2079 bus
660 1999 1087 2087 subs—tratarum,
1145 2022 1308 2075 etiam
1351 2035 1441 2076 res
1492 2019 1721 2076 vocibus
1768 2019 2064 2091 signiﬁcata

2188 1999 2363 2064 ἄλλως
2398 2002 2504 2073 γάρ
2536 2002 2762 2074 νοοῦμεν
2799 2003 2894 2075 τὴν
2920 2003 3170 2073 γέννησιν
3200 2005 3288 2059 ἐπ’
3312 2005 3616 2077 ἀνθρώπιον,
3642 2005 3720 2059 καὶ

514 2113 659 2167 inter
712 2127 772 2167 se
832 2092 1341 2165 discriminantur:
1375 2109 1537 2165 aliter
1583 2110 1730 2165 enim
1787 2109 2063 2165 humanan

2188 2092 2363 2156 ἄλλως
2410 2095 2538 2165 περὶ
2582 2095 2681 2165 τῆς
2715 2095 2865 2159 θείας
2911 2098 3215 2167 γεννήσεως
3261 2096 3633 2168 στοχαζόμεθα.
3672 2097 3722 2153 ’0

514 2202 925 2274 generationem
961 2201 1504 2271 concipimus,aliter
1534 2200 1603 2255 de
1633 2201 1818 2255 divina
1852 2217 2063 2271 genera

2187 2188 2470 2256 ἄνθρωπος
2502 2193 2559 2241 ἐν
2608 2187 2784 2259 χρόνῳ
2832 2188 3101 2256 τίκτεται,
3151 2189 3243 2244 καὶ
3277 2189 3437 2253 τόπος
3479 2206 3556 2252 τις
3594 2187 3720 2260 αὑτῷ

513 2294 663 2347 tione
690 2292 1087 2360 conjectamus.
1123 2289 1297 2343 Homo
1327 2292 1379 2343 in
1408 2297 1651 2358 tempore
1683 2298 1996 2359 generatur,
2030 2304 2058 2344 e

2190 2280 2407 2343 πάντως
2448 2281 2549 2352 τὴν
2606 2278 2749 2351 ζωὴν
2798 2281 3143 2353 ὑποδέχεταιο
3194 2275 3272 2335 ὧν
3318 2282 3442 2336 ἄνευ
3494 2282 3719 2352 συστῆναι

518 2384 716 2454 aliquis
751 2384 973 2438 omnino
1002 2383 1157 2437 locus
1195 2383 1360 2435 vitam
1396 2381 1515 2451 ejus
1554 2381 1775 2451 excipit,
1810 2382 1928 2437 sine
1962 2382 2067 2451 qui-

2190 2371 2349 2439 φύσιν
2393 2372 2491 2424 οὑκ
2518 2372 2648 2443 ἔχει.
2700 2372 2799 2425 Διά
2826 2372 2984 2426 τοῦτο
3016 2374 3192 2426 τοίνυν
3233 2373 3458 2445 χρονικὰ
3491 2376 3721 2444 τμήματα

520 2477 628 2531 bus
668 2483 862 2529 natura
893 2490 1003 2529 non
1029 2474 1406 2529 constituitur.
1454 2473 1729 2539 Quocirca
1768 2473 2069 2528 necessarir

2190 2464 2318 2536 περ)⁹
2343 2463 2440 2535 τὴν
2463 2463 2554 2517 τοῦ
2583 2465 2869 2535 ἀνθρώπου
2900 2465 3043 2538 ζωὴν
3075 2467 3385 2534 ἀναγκαίως
3410 2466 3718 2536 εὑρίσκεται⁸

522 2568 578 2623 in
611 2560 854 2622 homini's
893 2566 1004 2619 vita
1040 2566 1315 2621 sectiones
1343 2565 1589 2635 quaedam
1633 2565 1973 2634 temporarim
1999 2565 2071 2619 in-

2187 2555 2250 2607 τὸ
2282 2555 2389 2626 πρὸ
2419 2555 2582 2608 αὑτοῦ
2609 2556 2771 2623 λέγω,
2822 2559 2914 2610 καὶ
2955 2558 3016 2610 τὸ
3047 2558 3167 2611 κατ’
3196 2559 3377 2625 αὐτὸν,
3409 2559 3496 2611 καὶ
3521 2558 3577 2610 τὸ
3605 2556 3722 2627 μετὰ

513 2660 830 2724 veniuntur,
881 2658 1216 2728 praeteritum
1251 2657 1477 2722 scilicet,
1544 2672 1784 2725 praesens
1821 2665 1870 2712 et
1928 2656 2062 2711 l'utu‘

2188 2644 2365 2700 τοῦτο.
2420 2647 2639 2716 Ἀληθὲς
2682 2649 2791 2719 γάρ
2824 2651 2970 2702 ἐστιν
3003 2651 3175 2702 εἰπεῖν
3208 2650 3338 2720 περί
3362 2666 3499 2712 τινος
3522 2649 3618 2701 τῶν
3653 2665 3722 2716 γε·

513 2767 651 2807 rum.
692 2749 831 2805 Vere
861 2750 1009 2804 enim
1052 2749 1119 2804 de
1147 2750 1332 2819 aliquo
1354 2749 1446 2819 qui
1487 2757 1804 2819 generatur,
1854 2749 2059 2804 dicitur

2189 2737 2556 2809 γεννημένων,
2592 2740 2673 2792 ὅτι
2715 2741 2789 2811 μή
2832 2758 2960 2793 ποτε
3003 2740 3077 2794 ὢν
3118 2741 3211 2794 νῦν
3255 2743 3387 2808 ἐστι,
3431 2741 3519 2794 καὶ
3566 2740 3722 2810 μέντοι

511 2857 635 2897 eum
668 2842 960 2911 aliquando
993 2856 1100 2894 non
1131 2840 1323 2901 fuisse,
1369 2855 1517 2894 nunc
1557 2855 1700 2905 esse,
1750 2850 1804 2894 et
1861 2840 2060 2896 tanden

2189 2830 2283 2883 καί
2331 2846 2461 2882 ποτε
2519 2829 2680 2883 πάλιν
2726 2829 2818 2883 τοῦ
2866 2826 3004 2883 εἶναι
3054 2830 3351 2885 παύσεται·
3405 2833 3492 2885 ἐπὶ
3544 2830 3595 2883 δὲ
3640 2828 3722 2898 τῆς

513 2948 731 3004 quoque
764 2949 871 2987 non
921 2933 1160 3003 amplius
1215 2932 1351 2987 fore.
1393 2931 1665 2986 Caeterum
1721 2946 1845 2985 cum
1881 2939 2062 2986 atem:

2191 2920 2512 2992 προαιωνίου
2562 2924 2864 2991 γεννήσεως
2894 2921 2964 2975 τὰ
3002 2923 3226 2992 χρονικὰ
3269 2923 3438 2976 ταῦτα
3483 2923 3718 2993 νοήματα.

515 3025 630 3090 illa,
666 3035 720 3080 et
758 3040 878 3095 qua:
904 3032 1099 3079 cuncta
1151 3024 1350 3079 sarcula
1400 3024 1792 3094 antegreditur,
1857 3040 2064 3094 genera-

2191 3014 2285 3066 ἆτε
2328 3014 2491 3083 μηδὲν
2530 3013 2722 3084 ἔχοντα
2761 3015 3020 3083 συγγενὲς
3061 3016 3197 3086 πρὸς
3226 3016 3439 3086 ἐκείνην
3464 3016 3554 3086 τὴν
3587 3012 3721 3084 φύσιν

517 3115 670 3171 tione
726 3115 1222 3185 temporariaeistze
1274 3114 1527 3169 notiones
1560 3129 1669 3168 non
1725 3122 2059 3170 concurrunt

2189 3104 2299 3166 τοῖς
2338 3102 2613 3174 νηφόντως
2658 3102 3044 3175 λογιζομένοις,
3096 3107 3157 3159 οὑ
3202 3108 3609 3178 συνεισέρχεται.
3661 3103 3722 3156 Τὸ

515 3213 705 3275 utpote
743 3173 864 3275 qum:
890 3206 1096 3259 nullam
1131 3205 1515 3276 cognationem
1566 3204 1801 3259 habeant
1843 3219 1966 3258 cum
1997 3204 2064 3259 di-

2194 3194 2303 3265 γὰρ
2362 3173 2525 3259 ποτέ,
2557 3194 2734 3248 καὶτὸ
2760 3173 3035 3263 ὕστερον,
3082 3198 3175 3249 καὶ
3214 3198 3280 3251 τὸ
3325 3173 3614 3266 πρότερον,
3644 3196 3722 3249 καὶ

513 3298 637 3350 vina
675 3308 888 3360 natura,
918 3299 1160 3350 omnium
1183 3312 1372 3352 eorum
1402 3295 1609 3365 judicio
1661 3296 1754 3364 qui
1789 3296 1972 3350 sobrie
2019 3295 2062 3350 di

2189 3285 2287 3338 ὅσα
2346 3286 2443 3356 τὴν
2489 3285 2743 3356 χρονικὴν
2792 3286 2992 3357 ταύτην
3041 3289 3350 3359 παράτασιν
3396 3288 3723 3358 ἀποσημαίνει

515 3390 600 3442 his
651 3390 1065 3442 ratiocinantur.
1129 3387 1259 3440 Nam
1317 3389 1407 3448 id,
1466 3386 1609 3455 quod
1652 3386 1940 3455 aliquando
1988 3400 2064 3439 vo-

2189 3377 2399 3441 διαϐὰς,
2444 3379 2472 3429 ὁ
2516 3378 2613 3449 τὴν
2658 3378 2805 3431 θείαν
2856 3379 3000 3448 ζωὴν
3044 3380 3409 3451 λογιζόμενος,
3443 3382 3641 3453 ὑψηλῶς
3667 3379 3730 3433 τὰ.

514 3488 693 3541 catur,
714 3478 974 3544 posterius
1007 3477 1277 3539 itidem,et
1307 3477 1479 3545 prius,
1515 3484 1569 3529 et
1601 3476 1784 3529 omnia
1819 3476 2063 3545 alia,qua

2192 3471 2371 3541 ὑψηλὰ
2399 3470 2823 3540 κατασκέψεται,
2874 3474 2965 3525 καὶ
2995 3474 3092 3543 οὐχ
3128 3475 3229 3527 ὃσα
3262 3476 3390 3546 περὶ
3412 3476 3506 3543 τὴν
3542 3474 3725 3543 ἀνθρω·

515 3569 866 3638 temporalem
901 3568 1271 3621 extensionem
1298 3564 1629 3636 signiﬁcant,
1662 3568 2060 3622 transcendens

2192 3564 2353 3635 πίνην
2382 3564 2632 3633 γέννησιν
2664 3562 2869 3633 βλέπει,
2896 3564 3107 3629 τούτοις
3129 3567 3342 3635 νομίσει
3368 3565 3620 3620 δουλεύειν
3645 3564 3729 3617 καὶι

514 3659 608 3727 qui
666 3659 910 3713 divinam
967 3657 1135 3712 vitam
1171 3657 1593 3725 contemplatur,
1635 3657 1943 3712 sublimiter
1982 3672 2063 3711 su-

1083 3673 1135 3712 m
1171 3657 1593 3725 contemplatur,
1635 3657 1943 3712 sublimiter
1982 3672 2078 3711 su-
2188 3656 2284 3727 τὴν
2317 3654 2630 3708 ἀδέσποτον.

514 3755 702 3809 blimia
735 3753 1103 3809 considerabit
1150 3762 1206 3807 et
1241 3753 1617 3822 perlustrahit,
1651 3769 1826 3823 neque
1862 3756 2145 3819 onmihus,
2181 3769 2302 3824 qua:
2335 3754 2483 3808 circa
2530 3754 2819 3809 humanam
2860 3758 3259 3827 generationem
3307 3758 3544 3813 accidere
3582 3753 3726 3819 videt,

519 3850 759 3905 divinam
790 3851 934 3905 illam
970 3858 1023 3905 et
1054 3849 1442 3903 dominationis
1470 3857 1742 3918 expertem
1777 3850 2065 3904 obnoxiam
2102 3850 2475 3905 arbitrabitur.

589 3944 893 4000 Humanam
933 3942 1384 4013 compositionem
1424 3942 1695 3997 antecedit
1741 3943 1992 4005 mutatio,
2032 3951 2086 3997 et

2184 3930 2189 3935 ”
2260 3942 2425 3995 Φύσιν
2450 3941 2681 3996 ἐνταῦθα
2740 3943 2910 4007 πάθος
2936 3945 3254 4015 προηγεῖται
3288 3944 3388 4014 τῆς
3416 3940 3726 4014 ἀνθρωπίνης

515 4050 790 4105 corporea-
846 4032 1090 4102 quaedam
1162 4031 1403 4086 materia
1451 4046 1514 4085 ac
1561 4030 1950 4101 dispositiones
2017 4045 2064 4083 ai

2194 4034 2523 4100 συστάσεως,
2557 4036 2650 4087 καὶ
2681 4035 3171 4105 σωματικαίττινες
3198 4036 3461 4106 ἀφορμαὶ,
3493 4034 3617 4105 πρὸς
3643 4029 3724 4099 τὴν

517 4128 774 4183 animalis
828 4124 1207 4179 formationem
1261 4123 1688 4177 substernuntur
1730 4129 1830 4176 :et
1898 4122 2061 4176 subes

2192 4125 2286 4178 τοῦ
2312 4124 2449 4189 ζώου
2484 4128 2825 4197 κατασκευὴν
2870 4127 3317 4193 καταϐάλλονται,
3352 4128 3443 4181 καὶ
3476 4127 3722 4179 ὑπόκειται

516 4218 700 4274 divino
737 4223 873 4270 nutu
912 4222 1129 4276 natura,
1166 4228 1285 4282 qua:
1324 4213 1438 4267 haec
1468 4214 1648 4266 omnia
1700 4212 1927 4267 miriﬁce
1969 4212 2065 4265 cili

2194 4217 2334 4271 κατὰ
2359 4219 2418 4271 τὸ
2447 4218 2584 4271 θεῖον
2612 4218 2857 4288 βούλημα
2883 4220 2914 4288 ἡ
2944 4218 3010 4270 τὰ
3041 4219 3263 4272 τοιαῦτα
3293 4213 3727 4290 θαυματοποιοῦσα

518 4311 614 4373 cit,
663 4308 1026 4376 undequaque
1068 4305 1124 4359 id
1168 4305 1315 4373 quod
1349 4305 1413 4359 ad
1470 4305 1633 4358 fmtus
1692 4304 2067 4374 perfectionen‘

2195 4309 2375 4377 φύσις,
2411 4310 2742 4380 πανταχόθεν
2766 4310 2825 4363 τὸ
2862 4311 3056 4363 οἰκεῖόν
3093 4327 3154 4363 τε
3196 4312 3292 4364 καὶ
3322 4308 3637 4377 κατάλληλον
3661 4304 3725 4364 είς

517 4415 819 4470 congruum
850 4404 934 4452 est
964 4407 1018 4451 et
1051 4396 1331 4451 conforme
1361 4411 1681 4467 eorrogans,
1724 4398 1794 4451 ab
1840 4398 2066 4453 elemen‘

2190 4400 2288 4469 τήν
2314 4399 2407 4453 τοῦ
2440 4402 2722 4469 γινομένου
2758 4399 3035 4454 τελείωσιν
3064 4402 3415 4473 ὲρανίζουσαι
3443 4400 3546 4453 τῶν
3570 4415 3623 4451 τε
3647 4394 3726 4449 τοῦ

520 4494 591 4547 tis
624 4466 841 4561 quidem
876 4486 1088 4552 mundi,
1122 4495 1385 4557 quantum
1417 4501 1446 4539 a
1475 4466 1719 4557 quolibet
1766 4486 1984 4549 sufﬁcit,
2032 4500 2069 4539 ei

2191 4491 2395 4560 κόσμου
2429 4491 2725 4560 στοιχείων,
2757 4491 2879 4543 ὅσον
2910 4492 3093 4544 ίκανδν
3135 4493 3226 4560 ἀφ’
3256 4493 3502 4556 ἑκάστου,
3537 4486 3726 4554 καὶτῆς

520 4600 549 4638 a
599 4594 841 4650 tempore
874 4593 1185 4635 mensuram
1241 4579 1755 4641 consummationis,
1805 4586 1858 4633 et
1890 4594 1955 4634 ex
1991 4595 2065 4632 nu

2190 4581 2294 4634 ὑπὸ
2317 4581 2408 4633 τοῦ
2438 4580 2628 4650 χρόνου
2657 4582 2943 4653 συνεργίας
2972 4581 3031 4634 τὸ
3058 4582 3251 4653 μέτρον
3271 4600 3286 4614 υ
3321 4584 3412 4637 καὶ
3440 4583 3502 4634 ὲκ
3524 4580 3611 4650 τῆς
3636 4576 3726 4629 τῶν

518 4680 778 4729 trimento
825 4686 1041 4734 eorum,
1076 4685 1195 4741 qua:
1238 4669 1425 4724 fretum
1464 4670 1674 4740 lingunt
1724 4679 1776 4725 et
1825 4669 2062 4725 formant

2188 4672 2624 4727 διαπλασσόντων
2672 4673 2729 4725 τὸ
2773 4674 3085 4742 τικτόμενον
3130 4676 3355 4746 τροφῆς,
3399 4675 3516 4727 ὅσον
3556 4670 3725 4722 οἰκεῖον

519 4776 781 4836 quantum
813 4764 885 4827 ei,
916 4762 1063 4833 quod
1092 4761 1360 4815 formatur
1403 4760 1754 4815 commodum
1791 4771 1911 4827 est;
1943 4769 1996 4816 et
2030 4779 2061 4816 u

2188 4764 2266 4833 τῷ
2313 4764 2671 4835 πλασσομένῳ
2714 4763 2919 4832 γίνεται
2947 4783 2961 4796 ·
3014 4768 3105 4819 καὶ
3136 4767 3406 4819 συνελόντι
3450 4764 3623 4834 φάναι,
3653 4758 3724 4812 διὰ

519 4872 635 4912 rem
681 4857 735 4910 in
763 4869 933 4925 pauca
971 4853 1273 4918 conferam,
1314 4859 1509 4906 natura
1538 4854 1723 4906 omnia
1762 4854 2065 4924 pervadens

2192 4856 2409 4910 πάντων
2437 4856 2690 4927 χωροῦσα
2730 4859 2763 4927 ή
2813 4859 2992 4928 φύσις,
3037 4860 3103 4913 δι’
3137 4854 3211 4914 ὧν
3243 4863 3274 4931 ή
3310 4860 3606 4930 ἀνθρωπίνη
3632 4853 3724 4921 ζωὴ

518 4949 719 5019 quibus
748 4946 1072 5001 constitutio
1108 4944 1347 4998 humana
1390 4944 1691 5013 perﬁcitur,
1730 4945 1804 4997 ita
1837 4945 1900 4998 ad
1930 4960 2063 5015 gone

2189 4947 2286 5016 τὴν
2320 4950 2659 5020 κατασκευὴν
2704 4949 2838 5020 ἔχει,
2878 4950 3049 5014 οὕτως
3096 4953 3174 5014 είς
3204 4953 3451 5022 γέννησιν
3481 4952 3539 5003 τὸ
3572 4948 3637 5018 μὴ
3678 4944 3726 4997 ὃν

519 5040 784 5093 rationem
810 5038 884 5101 id,
910 5036 1055 5106 quod
1090 5050 1201 5089 non
1234 5042 1374 5097 erat,
1408 5035 1651 5102 adducit,
1704 5043 1758 5089 et
1798 5044 2068 5105 preptere:

2190 5037 2332 5105 ἄγει,
2371 5039 2461 5091 καὶ
2487 5039 2574 5092 διὰ
2600 5039 2757 5093 τοῦτο
2794 5042 2866 5112 μὴ
2900 5042 2960 5095 ὃν
3000 5043 3241 5111 γίνεσθαι
3272 5043 3496 5111 λέγομεν
3527 5056 3540 5071 ο
3583 5039 3651 5089 ὅτι
3678 5034 3724 5085 ἓν

521 5132 594 5196 id,
625 5131 769 5201 quod
800 5146 909 5185 non
941 5136 1079 5192 erat,
1108 5128 1260 5183 nasci
1294 5128 1560 5191 dicimus,
1588 5128 1714 5196 quia
1747 5128 1893 5198 quod
1909 5129 2070 5197 aliqui

2191 5140 2293 5175 τινι
2328 5126 2502 5202 χρόνῳ
2538 5127 2611 5198 μὴ
2639 5127 2717 5191 ὂν,
2745 5129 2800 5181 ὲν
2831 5130 2974 5201 ἄλλῳ
3004 5132 3179 5202 χρόνῳ
3204 5134 3296 5186 τοῦ
3332 5129 3465 5185 εἶναι
3495 5130 3723 5200 ἄρχεται·

520 5199 761 5289 tempore
790 5234 898 5273 non
936 5224 1074 5281 erat,
1101 5225 1290 5286 postea
1320 5216 1505 5286 aliquo
1554 5224 1798 5286 tempore
1848 5233 1971 5273 esse
2004 5219 2069 5272 int

2193 5213 2285 5265 ἐπὶ
2312 5212 2368 5265 δὲ
2397 5199 2495 5283 τῆς
2527 5214 2676 5280 θείας
2702 5199 3069 5289 γεννήσεως.
3118 5199 3292 5273 ἔννοια
3324 5221 3422 5290 τήν
3447 5235 3501 5270 τε
3528 5199 3616 5285 τῆς
3640 5210 3724 5280 φύ-

520 5312 672 5382 cipit.
698 5310 766 5363 At
796 5311 852 5364 in
886 5310 1067 5364 divina
1102 5310 1453 5379 generatione
1486 5324 1666 5379 neque
1696 5318 1909 5365 natura:
1925 5310 2069 5364 minii

2195 5321 2329 5367 σεως
2363 5306 2686 5376 ὑπηρεσίαν,
2729 5310 2820 5361 καὶ
2856 5310 2953 5380 τὴν
2979 5310 3071 5362 τοῦ
3100 5312 3287 5381 χρόνου
3318 5310 3580 5363 τελείωσιν
3610 5303 3725 5375 πρὸς

523 5402 711 5467 sterio,
752 5415 929 5470 neque
968 5401 1231 5470 temporis
1272 5398 1614 5453 revolutione
1650 5399 1715 5452 ad
1753 5400 1893 5469 ejus,
1946 5416 2072 5470 quot

2191 5394 2289 5466 τήν
2319 5395 2412 5449 τοῦ
2445 5396 2726 5467 γινομένου
2767 5401 3143 5471 συνεισφοράν,
3180 5403 3271 5454 καὶ
3304 5401 3476 5453 πάντα
3501 5399 3593 5451 ὅσα
3618 5389 3726 5460 περὶ

527 5502 840 5563 generatur,
872 5492 1358 5563 complementum,
1387 5505 1563 5558 neque
1587 5490 1734 5557 aliis,
1762 5507 1882 5561 quae
1902 5492 1957 5546 in
1988 5501 2076 5547 ter

2192 5489 2290 5558 τήν
2313 5488 2460 5540 κάτω
2488 5488 2739 5559 γέννησιν
2769 5492 2797 5543 ὁ
2828 5491 2984 5559 λόγος
3013 5492 3334 5563 ἐθεώρησεν,
3365 5492 3423 5544 οὐ
3456 5486 3722 5558 προσίεται.

524 5584 684 5638 restri
723 5584 1075 5654 generatione
1121 5589 1451 5645 cernuntur,
1488 5596 1626 5652 opus
1661 5590 1768 5646 est,
1808 5599 1981 5654 neque
2036 5584 2073 5637 ir

2195 5580 2287 5633 καὶ
2320 5579 2495 5634 οὐδενὶ
2525 5578 2633 5632 τῶν
2667 5582 2939 5634 ταπεινῶν
2970 5584 3252 5654 νοημάτων
3292 5571 3725 5650 συνεμπεσεῖταιό

525 5675 671 5730 ullas
701 5675 937 5731 humiles
952 5676 1305 5747 abjectasque
1325 5674 1681 5745 cogitationes
1704 5673 1917 5740 incidit,
1940 5676 2064 5746 quis

2198 5672 2273 5743 μὴ
2301 5674 2585 5742 σαρκικαῖς
2610 5672 2868 5738 διανοίαις
2909 5674 3017 5727 τῶν
3047 5675 3204 5729 θείων
3230 5669 3583 5728 ἐπιϐατεύων·
3612 5658 3726 5717 ἀλλὰ

528 5765 654 5837 quis
681 5766 829 5821 omni
850 5781 1014 5821 sensu
1041 5766 1247 5822 carnali
1274 5773 1494 5833 exutus,
1518 5764 1586 5821 ad
1614 5764 1923 5822 divinorum
1957 5785 2077 5823 con-

2197 5764 2348 5835 ζητεῖ
2394 5779 2513 5817 τινα
2556 5761 2789 5818 διάνοιαν
2828 5764 2905 5837 τῷ
2938 5766 3206 5837 μεγαλείῳ
3244 5764 3335 5819 τοῦ
3366 5752 3725 5833 σημαινομένου
