3922 6462
138 393 229 447 US
1205 388 1481 445 CONTRA
1520 386 1912 455 EUNOMIUM,
1956 388 2085 443 LIB.
2125 390 2163 443 l.
3237 390 3342 445 “6

139 508 437 571 πρέπουσαν·
461 497 583 553 οὔτε
620 500 730 571 γὰρ
761 499 931 563 πάθος
964 500 1093 572 περὶ
1127 500 1217 554 τὸν
1245 502 1429 571 ἀπαθῆ
1456 504 1637 573 νοήσει
1658 518 1672 531 ο

1787 502 2187 570 lemplationem
2219 500 2459 565 accedit,
2487 500 2582 556 sed
2615 501 2811 581 quaerit
2858 502 3098 573 aliquam
3145 503 3346 559 intellio

138 594 239 645 οὗτε
272 590 537 661 συνεργίας
572 595 809 662 φυσικῆς
839 591 931 644 τὸν
975 592 1304 664 δημιουργὸν
1348 594 1527 663 πάσης
1570 593 1672 661 φύ-

1787 590 2041 659 gentiam,
2067 589 2342 658 maiestati
2385 590 2463 644 rei
2511 590 2830 660 signiﬁcate
2874 599 3342 661 consentaneam;

142 698 255 744 σεως
280 681 558 733 ἐπιδεῖσθαι
591 680 865 747 λογίσεται
885 695 899 710 ο
930 680 1053 733 οὔτε
1081 681 1338 752 χρονικὴν
1368 682 1676 753 παράτασιν

1787 693 1951 748 neque
2007 679 2151 733 enim
2209 680 2567 734 mutationem
2620 680 2861 750 aliquam
2917 680 2973 735 in
3020 682 3344 751 impassibili

140 773 214 825 ἐπὶ
254 775 340 843 τῆς
385 771 600 825 αἰωνίου
650 771 795 841 ζωῆς
845 771 1217 842 περιδέξεται·
1274 772 1410 825 ἀλλὰ
1462 773 1675 827 πάντων

1787 769 2165 838 appreliendet,
2201 787 2380 841 neque
2408 772 2667 842 cogitabit
2701 788 2848 835 eum,
2891 774 2984 843 qui
3027 776 3208 828 omnis
3254 790 3346 827 na-

141 866 309 919 τοῦτων
328 862 729 934 καθαρεύουσαν
757 862 849 933 τὴν
875 862 1021 916 Θείαν
1044 862 1293 931 γέννησιν
1315 866 1673 934 κατανοήσας,

1787 873 1910 919 lurae
1940 865 2191 919 conditor
2212 877 2316 929 est,
2350 868 2593 937 indigere
2623 868 2862 921 naturali
2894 882 2996 937 ope
3027 875 3081 921 et
3110 869 3338 930 auxilio,

144 956 273 1027 μόνον
312 954 368 1006 τὸ
417 954 491 1025 μὴ
539 953 791 1023 ἀνάρχως
838 948 976 1005 εἶναι
1024 952 1113 1007 διὰ
1156 949 1256 1023 τῆς
1303 952 1398 1005 τοῦ
1445 954 1673 1021 Πατρός

1787 974 1953 1029 neque
2002 958 2390 1027 temporariam
2442 960 2809 1015 intensionem
2868 961 2926 1014 in
2978 968 3180 1015 aeterna
3233 961 3344 1014 vita

143 1044 374 1115 σημασίας
421 1044 513 1095 τὸν
555 1039 835 1110 Μονογενῆ
882 1038 1173 1111 δηλοῦσθαι
1223 1042 1565 1113 συνθήσεται,
1600 1042 1675 1107 ὡς

1787 1050 2056 1112 admittet;
2092 1049 2188 1104 sed
2222 1050 2290 1103 ab
2319 1049 2575 1105 omnibus
2606 1050 2730 1106 istis
2772 1050 3000 1105 liberam
3040 1066 3345 1121 puramque

140 1138 215 1208 τὴν
237 1136 399 1189 αἰτίαν
432 1135 532 1205 μὲν
557 1134 764 1187 ἐκεῖθεν
791 1134 932 1204 ἔχειν
973 1134 1068 1187 τοῦ
1100 1128 1260 1197 εἶναι,
1289 1136 1460 1207 ἀρχὴν
1489 1134 1546 1189 δὲ
1575 1136 1676 1205 τῆς

1787 1141 2018 1195 divinam
2070 1140 2478 1209 generationem
2529 1140 2861 1209 intelligens,
2900 1140 3076 1195 solum
3120 1141 3347 1194 conlite-

140 1228 445 1288 ὑποστάσεως
497 1225 572 1296 μὴ
618 1225 966 1294 λογίζεσθαι·
1016 1223 1105 1277 διὰ
1136 1226 1195 1278 τὸ
1238 1226 1311 1297 μὴ
1342 1226 1595 1280 δύνασθαί
1622 1246 1675 1280 τι

1787 1232 1923 1286 bitur
1951 1230 2130 1288 Patris
2166 1232 2529 1299 appellatione
2560 1231 2665 1285 hoc
2718 1230 2983 1285 duntaxat
3022 1232 3343 1300 signiﬁcari,

142 1338 190 1388 σῃ
198 1320 325 1388 μεῖον
370 1316 463 1369 τοῦ
499 1316 830 1385 ζητουμένου
866 1316 1214 1386 κατανοῆσαι.
1264 1316 1369 1368 Τοῦ
1400 1317 1509 1387 γὰρ
1540 1334 1675 1388 προ-

1787 1323 2119 1391 unigeuitum
2185 1321 2381 1395 [filium
2418 1338 2525 1375 non
2574 1337 2696 1377 esse
2737 1323 2994 1391 principii
3038 1332 3345 1393 expertem,

141 1408 442 1478 γενεοτέρου,
466 1410 561 1459 καὶ
584 1407 679 1460 τοῦ
699 1408 983 1478 νεωτέρου,
1008 1406 1102 1459 καὶ
1135 1407 1353 1461 πάντων
1378 1408 1485 1462 τῶν
1505 1408 1679 1462 τοιού-

1787 1411 1975 1482 quippe
2024 1410 2118 1478 qui
2158 1424 2187 1461 a
2233 1408 2394 1465 Patre
2450 1411 2821 1466 subsistentia:
2876 1426 2989 1465 suae
3026 1420 3206 1465 ortum
3251 1412 3344 1467 ba-

141 1518 221 1553 των
245 1498 523 1569 νοημάτων
568 1499 627 1550 ὲν
674 1502 787 1561 τοῖς
828 1499 1097 1568 χρονικοῖς
1141 1496 1499 1568 διαστήμασιν
1526 1498 1674 1569 εὑρι-

1787 1502 1921 1563 beat,
1980 1500 2128 1554 omni
2162 1508 2343 1555 autem
2390 1501 2772 1564 initiocareat,
2817 1516 2884 1556 eo
2929 1501 3074 1571 quod
3138 1503 3345 1556 nullum

143 1592 403 1663 σκομένων,
448 1591 546 1644 ἐὰν
578 1589 780 1659 ὑφέλῃς
818 1588 896 1659 τῷ
938 1588 1082 1658 λόγῳ
1126 1587 1216 1641 τὸν
1247 1589 1454 1660 χρόνον,
1499 1592 1675 1645 πάντα

1787 1591 1916 1646 initii
1952 1591 2165 1662 signum
2202 1592 2256 1645 in
2284 1606 2372 1655 eo,
2408 1592 2550 1662 quod
2577 1593 2860 1662 quaeritur,
2898 1601 3178 1662 appareat.
3208 1592 3345 1648 Nam

143 1682 475 1754 συνυφῄρηται
507 1681 578 1735 τὰ
615 1680 840 1735 τοιαῦτα
879 1684 1095 1751 σημεῖα,
1125 1680 1218 1734 καὶ
1256 1683 1672 1755 συνυπεσπάσθη

1787 1684 1927 1753 prius
1957 1690 2010 1738 et
2031 1683 2304 1753 posterius
2330 1690 2386 1738 et
2420 1684 2538 1736 aliae
2562 1684 2961 1748 successiones,
2992 1700 3113 1755 qua:
3135 1685 3188 1738 in
3212 1694 3347 1740 tem-

142 1773 251 1844 μετὰ
275 1772 365 1826 τοῦ
403 1772 617 1843 χρόνου.

1787 1774 2008 1844 parariis
2034 1774 2334 1829 intervallis
2364 1773 2740 1839 inveniuntur,
2791 1775 2838 1829 si
2890 1782 3107 1846 tempus
3164 1776 3345 1841 tollas,

1780 1867 1985 1936 pariter
2017 1866 2298 1927 tolluntur,
2341 1881 2558 1935 unaque
2586 1880 2708 1919 cum
2739 1875 2983 1936 tempore
3025 1867 3210 1921 omnia
3241 1868 3346 1922 alia

1778 1956 1945 2026 hujus
1984 1957 2204 2027 generis
2229 1957 2383 2026 signa
2417 1965 2772 2012 evanescunt.

1849 2046 1985 2102 Cum
2030 2047 2195 2117 igitur
2234 2045 2370 2100 illud
2423 2045 2708 2115 aliquando
2763 2060 2873 2102 non
2922 2047 3193 2114 admittat,
3254 2048 3348 2118 qui

1700 1849 1743 1903 Β

200 2045 334 2098 Ἐπεὶ
358 2038 452 2098 οὖν
480 2042 542 2096 τὸ
580 2041 727 2098 ποτέ
752 2043 813 2097 οὒ
843 2043 1124 2115 προσίεται
1152 2047 1180 2098 6
1202 2043 1305 2116 πρὸ
1328 2045 1438 2101 τῶν
1468 2044 1677 2100 αἰώνων

140 2136 247 2189 κατὰ
273 2136 358 2188 τὸν
392 2135 672 2205 ἄφραστον
701 2133 856 2201 λόγον
882 2135 961 2205 τῷ
983 2135 1157 2207 Πατρ)⁸
1192 2135 1383 2203 συνὼν,
1408 2137 1678 2208 γεννητῶς

144 2228 216 2296 μὲν
245 2226 403 2289 ἐστιν,
434 2226 494 2277 οὐ
530 2228 636 2295 μήν
679 2242 807 2279 ποτε
832 2225 925 2279 τοῦ
954 2223 1091 2279 εἶναι
1116 2228 1341 2298 ἄρχεται
1370 2246 1385 2261 ο
1427 2228 1549 2281 οὔτε
1572 2229 1678 2299 γὰρ

141 2320 183 2370 ὲν
196 2319 373 2389 χρόνῳ,
398 2314 526 2369 οὔτε
550 2319 607 2369 έν
632 2313 781 2386 τόπῳ
801 2317 899 2387 τὴν
922 2317 1063 2387 ζωὴν
1085 2317 1214 2389 ἔχει,
1243 2319 1605 2390 ἐξαιρεθέντος
1624 2320 1679 2372 δὲ

141 2409 209 2460 iui
224 2408 403 2470 τόπου,
434 2408 526 2459 καὶ
542 2406 755 2475 χρόνου,
785 2407 880 2459 καὶ
900 2408 1096 2471 παντὸς
1124 2408 1361 2463 τοιούτου
1388 2410 1681 2480 διανοήμα-

140 2516 221 2561 τος,
236 2500 317 2551 ἐπὶ
330 2501 429 2570 τῆς
443 2500 534 2550 τοῦ
553 2498 885 2566 Μονογενοῦς
903 2500 1270 2565 ὑποστάσεως,
1284 2501 1343 2553 τὸ
1357 2500 1461 2572 πρὸ
1474 2502 1561 2553 ὲκε
1571 2502 1680 2554 ίνου

140 2590 409 2661 νοοὺμενον,
440 2594 467 2644 6
495 2593 684 2661 Πατήρ
720 2596 832 2644 ἐστι
872 2591 1047 2661 μόνος.
1097 2590 1235 2644 Ἀλλ’
1261 2593 1319 2644 ἐν
1338 2591 1510 2662 τούτῳ
1540 2593 1633 2645 καὶ
1655 2594 1683 2645 6

140 2682 411 2753 Μονογενὴς
431 2683 523 2745 ὢν,
545 2683 727 2745 καθὼς
746 2682 905 2746 αὐτὸς
928 2681 1133 2745 ἐκεῖνός
1158 2699 1309 2752 φησι,
1328 2683 1424 2753 τὴν
1441 2683 1532 2736 τοῦ
1554 2700 1682 2736 ποτε

142 2770 333 2842 μὴεῖναι
362 2774 617 2826 ὑπόνοιαν
636 2773 885 2837 δέξασθαι
906 2774 1066 2840 φύσιν
1088 2774 1186 2826 οὐκ
1210 2773 1342 2843 ἔχει.
1369 2775 1431 2826 Et
1457 2773 1553 2844 μὲν
1576 2775 1683 2846 γάρ

138 2882 240 2917 ποτε
264 2867 359 2918 οὐκ
380 2861 448 2935 ἦν
466 2868 558 2919 καὶ
588 2867 798 2936 Πατὴρ,
813 2866 1125 2933 ἀναγκαίως
1147 2868 1212 2936 τῇ
1243 2868 1336 2920 τοῦ
1367 2868 1577 2938 Πατρὸς
1593 2869 1686 2921 ἀν-

138 2955 337 3027 υπαρξίᾳ
359 2957 502 3027 καὶὴ
534 2955 625 3010 τοῦ
650 2957 780 3010 Υίοῦ
804 2958 1039 3030 ἀϊδιότης
1066 2960 1156 3012 ἐπὶ
1176 2959 1235 3012 τὸ
1256 2958 1366 3011 ἄνω
1390 2960 1686 3013 συναπεκό-

140 3064 289 3101 πτετο.
325 3049 391 3102 Εἰ
420 3047 474 3100 δὲ
507 3048 592 3100 ἀεί
619 3049 765 3101 ἐστιν
791 3051 818 3102 6
844 3050 1053 3120 Πατὴρ,
1086 3050 1202 3112 πῶς
1226 3050 1254 3102 ὁ
1276 3049 1401 3113 Υίὸς
1430 3068 1559 3103 ποτε
1588 3051 1686 3104 οὐκ

139 3141 253 3193 ἔστιν
278 3143 303 3194 6
337 3141 417 3211 μὴ
463 3141 761 3210 δυνάμενος
809 3142 893 3209 ἐφ’
920 3140 1112 3194 ἑαυτοῦ
1159 3142 1325 3211 χωρὶς
1352 3141 1443 3193 τοῦ
1474 3142 1685 3211 Ματρὸς

140 3234 355 3304 νοηθῆναι
376 3272 393 3294 ,
448 3232 585 3285 ἀλλὰ
632 3232 774 3286 κατὰ
801 3233 862 3286 τὸ
904 3234 1254 3302 σιωπώμενον
1287 3234 1373 3286 ἀεὶ
1402 3232 1479 3303 τῷ
1512 3234 1684 3305 "arpi.

141 3322 635 3392 σγδινομαζόμενοςς
675 3324 737 3375 ’ῐί
766 3324 871 3395 γὰρ
897 3323 990 3377 τοῦ
1019 3325 1246 3390 Πατρός
1267 3324 1457 3394 κλῆσις
1489 3326 1682 3393 ἐπίσης

141 3410 221 3457 τών
244 3411 328 3463 δύο
373 3412 684 3481 προσώπων
712 3414 807 3483 τὴν
842 3413 1112 3482 σημασίαν
1150 3413 1262 3482 ἔχει
1298 3431 1311 3445 ·
1360 3414 1681 3485 αὐτομάτως

139 3500 216 3568 τῆς
241 3504 359 3573 πρ).
387 3502 484 3555 τοῦ
517 3502 645 3554 Υἱοῦ
674 3504 898 3567 ἐννοίας,
920 3506 982 3573 τῇ
1009 3507 1157 3573 φωνῇ
1188 3504 1357 3575 ταύτῃ
1389 3507 1685 3559 συνεισιού-

141 3608 229 3663 της.
263 3594 396 3648 Πότε
426 3596 525 3648 οὐκ
557 3589 624 3663 ἦν
657 3594 685 3645 6
711 3595 871 3661 Υίός;
911 3596 999 3648 Ἐν
1020 3596 1126 3648 τίνι
1148 3596 1209 3647 τὸ
1228 3597 1314 3664 μὴ
1340 3593 1491 3650 εἶναι
1518 3598 1682 3651 αὐτοῦ

140 3684 447 3757 κατελήφθη;
497 3687 585 3739 Ἐν
632 3686 816 3756 τόπῳς
871 3686 1044 3749 Τόπος
1094 3688 1193 3739 οὐκ
1232 3682 1425 3756 ἦν.Ἐν
1471 3689 1682 3760 χρόνῳ;

139 3775 226 3843 Πρὸ
250 3776 455 3846 χρόνων
493 3780 521 3830 6
562 3777 784 3847 Κύριος.
838 3778 899 3829 Εἰ
934 3772 1026 3831 οὖν
1057 3778 1163 3849 πρὸ
1195 3777 1399 3833 τούτων
1430 3776 1517 3851 ἦν,
1552 3782 1682 3835 πότε

137 3866 213 3917 οὐκ
236 3864 326 3938 ipa;
363 3870 474 3922 Καὶ
499 3870 547 3922 εί
581 3871 637 3921 ἐν
665 3868 744 3937 τῷ
769 3869 938 3941 "arpi
961 3865 1050 3940 ἦν,
1079 3872 1135 3922 ὲν
1168 3870 1270 3923 τίνι
1294 3873 1391 3925 οὐκ
1415 3868 1503 3943 ἦν,
1536 3873 1686 3925 εἴπα-

137 3970 181 4006 τε
210 3957 252 4007 oi
276 3957 339 4010 τὰ
366 3958 573 4011 ἀθέατα
618 3957 937 4028 βλέποντεςς
968 3958 1032 4010 Τί
1053 3958 1140 4012 διὰ
1170 3960 1332 4029 μέσου
1367 3962 1394 4013 6
1429 3962 1684 4032 λογισμὸς

138 4048 261 4115 ὑμῶν
284 4049 707 4115 ἀνετυπώσατο;
740 4050 804 4101 Τί
842 4049 993 4103 κενὸν
1028 4048 1120 4102 τοῦ
1160 4052 1492 4119 Μονογενοῡς
1527 4055 1684 4123 ἐνοή-

138 4139 306 4211 σατε,ἤ
334 4142 589 4211 πρᾶγμα,
625 4140 658 4210 ἣ
690 4140 886 4210 νόημα.
916 4141 943 4192 ὃ
974 4141 1051 4210 τῷ
1080 4142 1251 4212 Πατρὶ
1281 4161 1683 4217 συμπαρεκτει-

136 4231 322 4300 νόμενον
368 4230 761 4303 περισσοτέραν
809 4231 974 4285 αὐτοῦ
1025 4232 1122 4301 τὴν
1166 4231 1310 4304 ζωὴν
1355 4233 1449 4287 τοῦ
1513 4237 1684 4289 Μονο-

136 4322 291 4387 γενοῦς
315 4322 667 4376 ἀποδείκνυσι
688 4339 703 4386 ;
732 4321 837 4375 Καὶ
865 4323 916 4375 τί
945 4322 1100 4375 τοῦτο
1124 4323 1263 4391 λέγω
1288 4325 1439 4387 ;οὺδὲ
1464 4326 1571 4397 γὰρ
1592 4328 1684 4380 ἐπὶ

134 4414 219 4464 τῶν
244 4415 543 4487 ἀνθρώπων
574 4414 774 4484 κυρίως
816 4414 962 4466 ἔστιν
1004 4418 1196 4480 εἰπεῖν,
1245 4417 1326 4469 ὅτι
1370 4419 1469 4471 οὐκ
1496 4418 1572 4472 ὥν
1601 4436 1684 4483 τις

1711 3194 1752 3251 C

1780 2146 1906 2193 ante
1941 2139 2162 2201 saecula,
2215 2136 2476 2191 ineﬂabili
2529 2137 2694 2192 modo
2751 2136 2900 2191 Patri
2950 2154 3189 2208 praesens
3241 2149 3349 2202 est,

1781 2245 1845 2285 ex
1879 2230 2227 2301 generatione
2253 2229 2470 2299 quidem
2493 2239 2597 2294 est,
2662 2227 2758 2284 sed
2816 2244 3098 2298 nunquam
3160 2230 3354 2300 incipit

1781 2338 1932 2388 esse;
1966 2336 2140 2391 neque
2176 2320 2319 2375 enim
2347 2320 2401 2373 in
2433 2327 2702 2389 tempore,
2752 2335 2931 2387 neque
2961 2321 3014 2374 in
3045 2322 3164 2375 loco
3184 2322 3350 2375 vitam

1785 2413 1975 2480 habet;
2011 2412 2227 2466 sublato
2258 2411 2422 2480 igitur
2448 2420 2501 2466 et
2532 2411 2669 2476 loco,
2709 2421 2763 2466 et
2806 2420 3072 2480 tempore,
3119 2426 3174 2467 et
3203 2414 3352 2468 omni

1784 2503 2094 2571 hujusmodi
2138 2502 2463 2572 cogitatione
2502 2502 2689 2571 procul
2720 2502 2788 2556 ab
2829 2503 3109 2573 hypostasi
3152 2505 3353 2585 Unige-

1786 2596 1884 2647 niti
1920 2595 2236 2657 amandata,
2263 2593 2409 2662 quod
2445 2602 2571 2647 ante
2604 2593 2757 2647 illum
2804 2597 3104 2665 cogitatur,
3157 2600 3353 2651 unicus

1785 2686 1949 2739 Pater
1977 2695 2078 2738 est.
2125 2683 2229 2737 Sed
2264 2700 2387 2737 cum
2437 2684 2492 2737 in
2531 2684 2633 2737 hoc
2664 2685 2779 2753 ipse
2808 2687 2971 2739 etiam
3031 2685 3353 2755 liuigeuitus

1789 2775 1880 2838 sit,
1902 2780 2062 2844 prout
2112 2773 2228 2842 ipse
2265 2779 2520 2836 testatur,
2572 2773 2721 2826 nulla
2756 2776 2895 2827 ratio
2941 2776 3230 2842 permittit,
3295 2790 3353 2833 ut

1789 2879 1912 2919 cum
1954 2862 2247 2931 aliquando
2275 2876 2391 2916 non
2446 2861 2617 2918 fuisse
2667 2863 3051 2934 suspicemur;
3120 2882 3245 2921 nam
3304 2869 3353 2924 si

1790 2953 2083 3025 aliquando
2106 2954 2221 3023 ipse
2246 2954 2410 3008 etiam
2446 2952 2607 3009 Pater
2664 2969 2773 3009 non
2829 2963 2967 3019 erat,
3030 2959 3351 3014 necessario

1790 3060 1887 3115 per
1916 3044 2096 3100 Patris
2126 3045 2638 3102 non-exsistentiam
2669 3048 2950 3103 aeternitas
2981 3048 3104 3103 Filii
3135 3067 3354 3105 sursum

1792 3151 1985 3191 versus
2010 3136 2448 3206 interrumpitur.
2508 3135 2564 3190 Si
2598 3154 2725 3190 vero
2756 3137 2918 3194 Pater
2965 3156 3182 3210 semper
3242 3152 3350 3205 est,

1785 3229 2060 3298 quomodo
2088 3225 2261 3282 Filius
2287 3229 2580 3298 aliquando
2609 3244 2716 3282 non
2743 3240 2847 3294 est,
2914 3233 3004 3301 qui
3036 3249 3145 3287 non
3179 3244 3355 3303 potest

1787 3319 2076 3387 separatim
2110 3335 2205 3389 per
2234 3334 2312 3379 se,
2350 3319 2558 3387 absque
2593 3329 2843 3389 respectu
2864 3324 2929 3376 ad
2960 3321 3175 3379 Patrem
3207 3324 3356 3379 intel-

1787 3411 1904 3479 ligi,
1959 3411 2052 3464 sed
2117 3412 2279 3465 tacite
2340 3424 2554 3478 semper
2611 3425 2734 3464 cum
2794 3411 2952 3468 Patre
3002 3414 3357 3470 nominatur?

1785 3501 1920 3555 Nam
1957 3501 2137 3558 Patris
2180 3502 2472 3572 appellatio
2518 3517 2584 3555 ex
2616 3518 2773 3572 aequo
2811 3504 2949 3560 duas
2989 3521 3252 3575 personas
3282 3510 3357 3563 si-

1787 3593 2034 3661 gniﬁcat,
2084 3603 2280 3664 sponte
2326 3611 2426 3649 sua
2460 3594 2581 3650 Filii
2614 3597 2835 3650 notione
2872 3595 2939 3649 ad
2975 3595 3154 3653 Patris
3191 3613 3357 3654 voca-

1787 3684 1973 3737 bulum
2029 3683 2425 3753 subsequente.
2472 3683 2702 3750 Quando
2733 3700 2842 3738 non
2888 3695 3007 3754 erat
3044 3684 3255 3741 Filius?
3299 3687 3356 3742 In

1786 3790 1894 3842 quo
1920 3792 2022 3828 non
2051 3791 2163 3829 esse
2194 3776 2341 3829 illius
2361 3776 2766 3845 deprehensum
2799 3777 2927 3830 est?
2951 3776 3090 3831 Num
3127 3779 3182 3833 in
3209 3779 3357 3836 loco?

1784 3868 1853 3918 At
1894 3866 2047 3920 locus
2083 3880 2190 3920 non
2234 3876 2373 3920 erat.
2402 3865 2541 3920 Num
2573 3868 2626 3920 in
2666 3869 2948 3936 tempore?
2973 3871 3041 3922 At
3069 3878 3195 3925 ante
3229 3879 3358 3926 tem-

1785 3972 1915 4027 pora
1949 3956 2213 4013 Dominus
2255 3967 2358 4013 est.
2411 3958 2468 4013 Si
2520 3960 2687 4029 igitur
2742 3968 2869 4015 aute
2920 3968 3165 4031 tempora
3210 3972 3353 4029 erat,

1787 4046 2005 4115 quando
2034 4062 2141 4100 non
2171 4047 2332 4101 erat?
2395 4046 2461 4100 Et
2490 4049 2536 4103 si
2564 4049 2619 4101 in
2658 4046 2819 4102 Patre
2853 4056 2988 4111 erat.
3023 4051 3076 4105 in
3112 4066 3219 4122 quo
3243 4069 3357 4108 non

1785 4145 1921 4199 erat,
1966 4137 2152 4204 dicite,
2195 4154 2417 4208 quaeso,
2456 4154 2553 4193 vos
2599 4140 2694 4209 qui
2725 4140 3133 4209 inaspectabilia
3177 4144 3358 4197 cerni-

1785 4228 1891 4282 tis?
1920 4226 2060 4293 Quid
2104 4228 2411 4283 intermedii
2451 4228 2705 4299 cogitatio
2736 4236 2916 4283 vestra
2942 4230 3182 4286 eﬂinxit?
3201 4231 3355 4299 Quod

1784 4336 2017 4374 vacuum
2048 4321 2193 4375 circa
2232 4318 2583 4390 Unigenitum
2606 4321 2889 4390 repetistis
2912 4322 2933 4374 ?
2954 4320 3093 4376 Nunt
3118 4339 3251 4389 rem,
3286 4341 3352 4378 an

1786 4414 2217 4481 conceptionem,
2248 4426 2368 4480 quae
2394 4426 2517 4464 cum
2545 4409 2703 4464 Patre
2750 4421 2975 4467 extensa
3022 4414 3183 4470 vitam
3233 4417 3354 4485 ejus

136 4504 387 4577 ἐγεννήθη.
442 4504 576 4559 Λευῒ
619 4504 724 4575 γὰρ
767 4507 873 4577 πρὸ
924 4506 1132 4560 πολλῶν
1166 4508 1365 4576 γενεῶν
1409 4510 1506 4579 τῆς
1539 4509 1679 4564 κατὰ

1787 4502 2194 4572 productiorem
2219 4499 2404 4567 faciat,
2430 4516 2590 4571 quam
2617 4502 2778 4554 vitam
2804 4499 3116 4571 Unigeniti?
3143 4506 3203 4559 Et
3223 4507 3355 4575 quid

140 4594 287 4664 σάρκα
317 4595 514 4649 ἑαυτοῦ
544 4596 851 4665 γεννήσεως
890 4596 992 4649 ὑπὸ
1036 4596 1127 4650 τοῦ
1161 4598 1491 4668 Μελχισεδὲκ
1536 4600 1680 4653 δεδε-

137 4685 345 4739 κάτωται
379 4704 393 4717 ·
440 4686 582 4739 οὕτω
615 4687 723 4757 γάρ
751 4704 913 4758 φησιν
944 4689 972 4741 6
1010 4688 1345 4754 Ἀπόστολος,
1378 4691 1460 4743 ὅτι
1488 4692 1619 4745 Λευῒ
1650 4693 1679 4744 6

138 4774 212 4838 τὶς
237 4777 463 4840 δεκάτας
490 4776 783 4847 λαμϐάνων
809 4776 1187 4841 δεδεκάτωται,
1218 4780 1311 4833 καὶ
1343 4780 1437 4852 τὴν
1463 4782 1679 4835 ἀπόδει-

138 4864 201 4929 ξιν
224 4871 325 4931 τοῖς
353 4868 665 4937 λεγομένοις
701 4868 979 4937 ἐπήγαγεν
1013 4887 1025 4900 ·
1080 4871 1160 4922 ὅτι
1193 4872 1251 4923 έν
1291 4874 1357 4941 τῇ
1393 4871 1555 4940 ὀσφύϊ
1582 4872 1677 4925 τοῦ

138 4956 320 5028 [πατρὸς
345 4958 512 5012 αὐτοῦ
540 4954 626 5029 ἦν,
652 4958 739 5010 ὅτε
769 4958 1016 5029 Ἀϐραὰμ
1048 4958 1123 5028 τῷ
1150 4960 1284 5030 ἱερεῖ
1305 4959 1397 5015 τοῦ
1428 4961 1677 5030 Ὑψίστου

140 5048 460 5117 σδνήντησεν.
492 5048 556 5099 Εἰ
589 5041 681 5100 οὖν
710 5046 992 5117 ἄνθρωπος
1021 5046 1217 5117 τρόπον
1243 5047 1362 5102 τινὰ
1390 5048 1468 5102 ὣν
1492 5054 1681 5120 γεννᾶ-

137 5148 228 5199 ται,
258 5136 395 5189 κατὰ
423 5136 522 5205 τὴν
552 5134 909 5207 ἁποστολικὴν
944 5138 1268 5208 μαρτυρίαν,
1314 5140 1401 5193 διὰ
1432 5142 1524 5194 τοῦ
1567 5160 1682 5196 κοι-

137 5225 210 5276 νοῦ
234 5229 326 5297 τῆς
350 5226 537 5290 οὐσίας
565 5228 623 5278 ἐν
643 5224 721 5296 τῷ
747 5227 1094 5295 γεγεννηκότι
1115 5230 1274 5282 αὐτὸν
1305 5232 1679 5302 προῦφεστὼς,

138 5318 233 5381 πῶς
276 5321 369 5372 ἐπὶ
399 5320 498 5389 τῆς
528 5319 679 5382 Θείας
709 5318 919 5386 φύσεως
964 5320 1062 5389 τὴν
1103 5321 1283 5392 φωνὴν
1329 5324 1529 5395 ταύτην
1564 5325 1685 5378 τολ-

139 5407 260 5472 μῶσι
285 5410 573 5479 προφέρειν
592 5448 607 5471 ,
643 5409 722 5460 ὅτι
741 5409 839 5461 οὐκ
865 5409 940 5461 ὢν
968 5411 1230 5482 ἐγεννήθη
1265 5414 1292 5465 6
1325 5414 1382 5465 ἐν
1409 5414 1485 5485 τῷ
1511 5418 1681 5486 Πατρὶ

135 5494 215 5557 ὣν,
249 5498 419 5562 καθώς
448 5516 612 5569 φησιν
642 5500 671 5549 6
702 5498 901 5570 Κύριος
924 5518 937 5530 ·
983 5501 1122 5571 Ἐγὼ
1154 5503 1223 5555 ἐν
1250 5505 1328 5569 τῷ
1350 5508 1553 5573 Πατρὶ,
1584 5509 1681 5561 καὶ

136 5590 163 5639 ό
188 5590 377 5657 Πατὴρ
405 5593 471 5644 ἐν
494 5591 627 5660 ἐμοί
644 5605 663 5653 ;
696 5591 831 5642 Κατ’
864 5592 1031 5663 ἄλλην
1060 5595 1256 5669 δηλαδὴ
1287 5597 1376 5651 καὶ
1409 5599 1571 5669 ἄλλην
1600 5600 1682 5654 ἓν·

198 5764 238 5794 ’⁸
276 5765 463 5824 Cenes.
480 5784 594 5835 xiv,
620 5770 681 5824 18
713 5786 833 5839 squ.

1783 4597 1837 4649 in
1866 4595 2257 4659 hisimmoror,
2299 4610 2422 4647 cum
2465 4610 2642 4663 neque
2682 4594 2749 4648 de
2773 4594 3089 4667 hominibus
3131 4601 3355 4668 proprie

1783 4686 2056 4741 afﬁrmare
2089 4687 2266 4749 liceat,
2297 4702 2442 4750 eum,
2479 4688 2570 4754 qui
2598 4700 2702 4738 non
2732 4693 2836 4749 est,
2865 4696 3182 4756 generatum
3210 4695 3361 4748 esse?

1784 4774 1917 4828 Nam
1952 4774 2080 4829 levi
2114 4776 2300 4831 multis
2328 4775 2776 4845 generationibus
2810 4787 2935 4831 ante
2966 4794 3120 4833 suam
3161 4795 3357 4835 secun-

1786 4866 1915 4919 dum
1949 4881 2169 4920 carnem
2199 4856 2537 4920 natiuitatem
2566 4880 2595 4918 a
2622 4864 3018 4922 Melchisedech
3050 4870 3354 4926 decimatus

1783 4970 1868 5014 est
1895 4977 1908 5013 :
1943 4960 2017 5013 ita
2043 4960 2185 5014 enim
2211 4959 2288 5011 ait
2315 4958 2631 5027 Apostolus,
2658 4956 2783 5013 Levi
2814 4962 2906 5028 qui
2939 4959 3178 5015 decimas
3209 4963 3355 5016 acci-

1784 5052 1986 5120 piebat,
2044 5052 2370 5106 decimatum
2426 5065 2586 5105 esse:
2642 5057 2695 5103 et
2744 5049 2893 5102 addit
2952 5051 3348 5119 probationem,

1784 5145 1908 5211 quia
1943 5142 1995 5195 in
2029 5142 2228 5195 lumbis
2279 5142 2448 5211 patris
2482 5140 2566 5196 sui
2627 5146 2763 5199 erat,
2821 5139 3040 5209 quando
3078 5140 3351 5197 Abraham

1784 5235 2057 5292 sacerdoti
2084 5235 2350 5289 Altissimi
2386 5234 2629 5288 occurrit
2659 5233 2725 5285 ⁸⁸.
2767 5230 2822 5285 Si
2859 5232 3022 5302 igitur
3055 5232 3217 5287 homo
3248 5235 3349 5289 ali-

1784 5342 1894 5399 quo
1968 5326 2128 5380 modo
2176 5327 2448 5381 exsisteus
2506 5331 2834 5396 generatur,
2879 5331 3017 5379 teste
3068 5325 3350 5394 Apostolo,

1788 5426 2056 5489 quatenus
2082 5432 2177 5486 per
2209 5414 2648 5470 communionem
2681 5411 2931 5468 essentia:
2964 5412 3017 5466 in
3053 5425 3351 5485 generante

1787 5510 2151 5578 praeexsistit:
2215 5506 2489 5578 quomodo
2546 5504 2614 5559 de
2664 5504 3088 5559 divina‘natura
3162 5521 3353 5564 vocem

1791 5602 1931 5659 hanc
1959 5603 2206 5657 emittere
2258 5600 2495 5666 audent,
2538 5613 2733 5668 nempe
2764 5611 2887 5651 eum
2941 5611 3049 5652 non
3078 5597 3353 5658 exsistet:-
