3922 6500
529 421 633 476 M7

1745 420 1802 477 S.
1842 421 2169 478 GREGORII
2222 423 2515 481 NYSSENI‘
3679 432 3771 490 448

534 567 642 610 tem
671 558 913 625 genitum
949 571 1089 625 esse,
1126 571 1250 611 cum
1279 557 1333 610 in
1367 555 1527 610 Patre
1570 557 1662 621 sit,
1698 567 1858 626 prout
1889 559 2108 627 ipsemet

2215 560 2381 606 νοιαν,
2410 543 2667 614 ἑκάτερος
2693 543 2757 595 ὲν
2777 542 2854 613 τῷ
2882 543 3048 615 ἑτέρῳ
3076 539 3219 597 εῖναι
3249 542 3565 613 λεγόμενος.
3602 546 3655 597 '0
3685 558 3768 617 μεν

536 645 609 696 ait
636 662 650 698 :
685 642 791 714 Ego
819 646 873 699 in
906 644 1092 709 Patre,
1122 656 1173 700 et
1212 646 1375 700 Pater
1406 649 1460 701 in
1516 664 1596 701 me
1631 658 1707 702 est
1736 647 1822 701 "?
1853 648 2105 702 nimirum

534 736 834 788 secundum
896 736 1059 791 aliam
1105 746 1159 791 et
1192 738 1354 792 aliam
1407 738 1779 808 intelligentia:
1835 739 2110 793 notionem

535 827 672 881 alter
701 828 755 880 in
785 828 962 882 altero
993 844 1114 885 esse
1137 828 1360 882 dicitur.
1395 828 1567 884 Filius
1601 830 1818 899 quidem
1854 829 1905 882 in
1928 829 2109 891 Patre,

535 918 995 987 quemadmodum
1032 919 1290 988 imaginis
1321 920 1671 989 pulchritudo
1699 928 1783 973 est
1810 919 1861 972 in
1896 920 2112 989 elegan-

536 1009 607 1062 tia
637 1010 907 1080 prOtotypi
941 1029 953 1063 :
993 1018 1044 1062 at
1079 1009 1239 1063 Pater
1271 1012 1322 1064 in
1373 1009 1510 1064 Filio
1545 1020 1629 1064 est
1677 1010 1820 1065 sicut
1877 1011 1930 1063 in
1984 1012 2111 1065 ima-

537 1099 659 1167 gine
697 1097 862 1152 decor
920 1105 972 1151 et
1012 1106 1271 1152 venustas
1339 1100 1512 1167 ipsius
1572 1098 1883 1169 primigenii
1933 1115 2111 1152 exem-

539 1190 723 1257 plaris.
754 1189 809 1241 In
852 1190 1183 1258 imaginibus
1224 1189 1555 1243 inanul'actis
1597 1198 1811 1258 tempus
1864 1189 2109 1257 interpo-

538 1284 699 1332 situm
731 1282 969 1347 speciem
1012 1291 1287 1349 acceptam
1324 1296 1353 1332 a
1386 1289 1674 1349 prolotypo
1740 1278 1960 1348 penitus
2018 1295 2109 1333 se-

532 1371 735 1439 juugit.
778 1369 878 1423 llic
907 1384 1036 1423 vero
1066 1371 1294 1424 alterum
1322 1371 1389 1424 ab
1416 1370 1592 1424 altero
1623 1371 1865 1438 separari
1898 1370 2108 1439 nequit,

539 1474 595 1513 ut
620 1464 694 1512 ait
724 1461 1048 1529 Apostolus,
1092 1477 1270 1530 neque
1307 1460 1619 1532 hypostasis
1675 1477 1769 1515 seu
1806 1459 2110 1515 substantia

536 1567 567 1604 a
597 1552 955 1605 cliarattcre:
999 1566 1177 1622 neque
1219 1566 1247 1603 a
1284 1551 1467 1605 divina
1493 1552 1663 1618 gloria
1693 1551 1974 1620 splendor,
2011 1567 2109 1606 ne-

536 1657 641 1709 que
670 1657 695 1691 a
732 1642 974 1696 bonitate
1023 1642 1205 1711 imago
1265 1641 1421 1696 avelli
1452 1649 1649 1712 potest,
1692 1642 1784 1697 sed
1844 1640 2109 1711 quidquid

537 1734 729 1786 horum
764 1733 950 1787 animo
981 1733 1322 1802 conceperis,
1377 1733 1739 1802 conjunetim,
1789 1732 1935 1802 quod
1985 1746 2107 1784 cum

538 1826 631 1878 illo
663 1825 1004 1894 intelligitur,
1062 1834 1296 1878 mentem
1332 1842 1396 1879 ac
1444 1825 1829 1895 cogitationem
1879 1823 2104 1879 subibit.

2213 636 2339 699 Υἰδς
2368 638 2425 689 ἐν
2465 635 2543 706 τῷ
2573 636 2765 708 Πατρὶ,
2794 635 2870 699 ὡς
2890 635 2950 689 τὸ
2990 636 3081 688 ἐπὶ
3104 635 3209 706 τῆς
3239 635 3457 699 εἰκόνος
3497 635 3692 702 κάλλος,
3721 640 3769 691 ἐν

2210 730 2273 798 τῇ
2310 726 2600 798 ἀρχετύπῳ
2632 728 2810 796 μορφῇ
2835 741 2847 754 ⁸
2889 728 2917 779 6
2951 725 3007 778 δὲ
3042 724 3236 796 Πατὴρ
3270 725 3332 777 ὲν
3368 724 3447 795 τῷ
3480 724 3609 795 Υἱῷ,
3634 728 3699 790 ὡς
3722 731 3771 780 ἐν

2210 819 2274 888 τῇ
2302 819 2468 871 εἰκόνι
2495 808 2687 869 ἑαυτοῦ
2716 815 2776 869 τὸ
2802 816 3154 889 πρωτότυπον
3180 816 3384 880 κάλλος
3403 832 3417 846 ’
3445 815 3558 869 ἀλλ’
3581 817 3665 868 ἐπὶ
3686 819 3769 888 μὲν

2210 909 2319 961 τῶν
2346 909 2718 980 χειροκμήτων
2777 906 2997 960 εἰκόνων
3036 908 3065 959 6
3113 904 3208 959 διὰ
3258 906 3429 975 μέσου
3473 905 3652 976 χρόνος
3687 908 3775 979 τὴν

2215 998 2647 1068 μεταληφθεῖσαν
2686 996 2895 1069 μορφὴν
2925 997 3033 1050 ἀπὸ
3065 996 3158 1050 τοῦ
3188 995 3553 1066 πρωτοτύπου
3584 997 3770 1062 πάντως

2211 1090 2494 1160 διίστησιν.
2545 1091 2691 1143 Ἐκεῖ
2728 1089 2784 1142 δὲ
2814 1090 2913 1143 οὐκ
2947 1089 3059 1140 ἔστι
3105 1087 3347 1158 χωρίσαι
3394 1086 3491 1139 τοῦ
3521 1088 3692 1159 ἐτέρου
3719 1089 3771 1141 τὸ

2211 1184 2412 1253 ἓτερον,
2447 1180 2627 1245 καθώς
2668 1198 2832 1252 φησιν
2876 1183 2904 1233 ὁ
2944 1178 3271 1251 ῗΑπόστολος
3308 1195 3322 1208 ’
3379 1176 3505 1231 οὔτε
3538 1179 3627 1249 τῆς
3654 1180 3767 1231 ὐπο-

2214 1273 2455 1335 στάσεως
2491 1272 2581 1324 τὸν
2625 1270 2979 1343 χαρακτῆρα,
3023 1267 3146 1322 οὐτε
3195 1268 3299 1339 τῆς
3345 1268 3497 1331 θείας
3537 1268 3681 1341 δόξης
3719 1272 3773 1322 τὰ

2211 1364 2571 1435 ἀπαύγασμα,
2616 1362 2739 1415 οὐτε
2778 1366 2876 1433 τῆς
2921 1361 3259 1430 ἁγαθότητος
3288 1361 3387 1431 τὴν
3420 1361 3596 1414 εἰκόνα
3622 1379 3635 1391 ·
3672 1363 3765 1415 ἀλλ’

2210 1457 2239 1509 6
2265 1456 2469 1510 τούτων
2502 1472 2555 1507 τι
2578 1453 2900 1525 διανοηθεὶς,
2934 1452 3305 1524 συνημμένως
3330 1452 3425 1506 καὶ
3458 1453 3517 1505 τὸ
3550 1454 3656 1524 μετ’
3685 1457 3767 1508 αὐ-

2209 1547 2303 1601 τοῦ
2334 1545 2619 1617 νοούμενον
2655 1548 2719 1617 τῇ
2752 1544 2956 1617 διανοίᾳ
3001 1542 3472 1614 συμπαρεδέξατο.
3520 1547 3620 1598 Ὧν
3655 1545 3767 1615 γὰρ,

2213 1638 2394 1709 φησὶν,
2417 1638 2779 1705 ἀπαύγασμα
2800 1635 2909 1703 τῆς
2947 1633 3131 1701 δόξης
3153 1652 3168 1664 ο
3197 1632 3308 1700 ὢν,
3334 1634 3458 1707 οὐχί
3487 1634 3758 1704 γενόμενος,

2209 1728 2284 1791 ὡς
2314 1726 2499 1796 σαφῶς
2519 1726 2605 1779 διὰ
2636 1726 2824 1779 τούτου
2854 1726 2912 1779 τὸ
2940 1726 3023 1795 ἐφ’
3060 1726 3304 1797 ἑκατέρᾳ
3328 1726 3437 1780 τῶν
3474 1726 3762 1797 ὑπολήψεων

2209 1818 2401 1879 ἀσεϐὲς
2432 1816 2881 1887 ἀποπέμπεσθαι·
2930 1818 3023 1868 καὶ
3056 1818 3193 1886 μήτε
3222 1817 3521 1885 ἀγέννητον
3543 1817 3763 1885 οἰηθῆναι

538 1914 642 1980 Qui
676 1929 791 1966 cum
821 1914 914 1977 sit,
948 1913 1147 1981 inquit,
1178 1912 1418 1982 splendor
1438 1912 1619 1983 gloria!
1633 1912 1679 1944 ⁵⁸
1699 1930 1716 1967 ,·
1744 1929 1855 1966 cum
1878 1914 1965 1977 sit,
1994 1927 2101 1965 non

2213 1903 2296 1955 τὸν
2339 1903 2615 1973 Μονογενῆ
2641 1945 2657 1969 ,
2709 1904 2795 1957 διὰ
2838 1902 2931 1956 τοῦ
2981 1905 3153 1956 εἰπεῖν
3178 1946 3191 1969 ,
3263 1903 3627 1973 ἀπαύγασμα
3669 1906 3760 1973 τὴς

540 2000 629 2073 qui
670 2001 841 2055 factus
878 2005 976 2052 est.
1049 2000 1222 2066 Quam
1254 2003 1537 2069 perspicue
1560 2000 1680 2056 istis
1725 1999 1957 2054 duarum
1985 2000 2103 2069 Opi-

2213 1994 2393 2062 δόξης
2422 1994 2508 2066 (ὲκ
2540 1994 2647 2067 γάρ
2685 1995 2783 2065 τῆς
2820 1994 2975 2065 δόξης
3008 1996 3124 2048 ἐστί
3168 1995 3232 2047 τὸ
3267 1995 3603 2066 ἀπαύγασμα
3628 2012 3641 2025 ·
3684 1998 3763 2050 καὶ

537 2092 825 2145 nationum
862 2092 1194 2159 impietatem
1230 2090 1451 2153 refellit,
1502 2099 1559 2144 ut
1594 2107 1768 2160 neque
1804 2090 2107 2162 ingenitum

2213 2088 2271 2139 οὐ
2302 2087 2363 2140 τὸ
2389 2086 2620 2157 ἔμπαλιν
2642 2087 2749 2140 ἀπὺ
2771 2086 2958 2139 τούτου
2991 2090 3021 2157 ἡ
3049 2087 3224 2159 δόξα),
3260 2089 3399 2158 μήτε
3429 2090 3508 2141 ὅτι
3542 2090 3660 2142 ποτὲ
3682 2089 3763 2141 τοῦ

536 2181 914 2235 existimemus
945 2178 1321 2250 Unigcnitum,
1366 2182 1495 2248 quia
1530 2188 1692 2233 vocat
1727 2179 1875 2234 illum
1938 2178 2108 2245 splen-

2215 2176 2351 2231 εἶναι
2399 2176 2618 2249 ἤρξατο.
2659 2178 2723 2230 Ἥ
2758 2177 2864 2248 γὰρ
2898 2177 2990 2230 τοῦ
3025 2177 3108 2231 ὢν
3155 2178 3435 2249 μαρτυρία
3463 2179 3522 2231 τὸ
3550 2179 3761 2248 διηνεκὲς

534 2273 716 2325 darent
753 2273 941 2342 gloria:
982 2287 1153 2326 :nam
1196 2287 1259 2325 ex
1313 2271 1483 2341 gloria
1519 2269 1777 2340 splendor
1829 2277 1950 2334 est,
2004 2284 2108 2323 non

2216 2268 2308 2322 τοῦ
2340 2268 2491 2332 Υίοῦ,
2524 2268 2617 2320 xui.
2650 2268 2838 2331 ἀΐδιον,
2874 2268 2967 2320 καὶ
3006 2266 3065 2319 τὸ
3101 2267 3286 2339 πάσης
3328 2270 3581 2341 χρονικῆς
3606 2286 3759 2339 σημα-

537 2364 660 2418 vice
690 2378 869 2428 versa,
895 2377 923 2417 a
953 2362 1244 2432 splendore
1274 2362 1474 2432 gloria:
1508 2377 1683 2431 neque
1698 2358 1844 2432 quod
1862 2361 2108 2432 aliquan-

2220 2361 2337 2423 σίας
2368 2360 2756 2430 ὑπερκείμενον
2781 2357 3090 2430 ἐρμηνεύει.

535 2455 606 2509 do
645 2455 977 2511 exsistentiae
1026 2455 1241 2508 initium
1274 2453 1570 2524 acceperit.
1606 2451 1742 2508 Nam
1773 2452 1929 2521 illud,
1958 2469 2076 2508 cum
2115 2454 2207 2519 sit,
2238 2455 2654 2524 perpetuitatem
2688 2459 2742 2506 et
2776 2451 3140 2506 aeternitatem
3190 2448 3319 2505 Filii
3352 2450 3499 2505 omni
3542 2459 3761 2518 tempore

536 2550 876 2619 superiorem
900 2549 1141 2605 denotat.

613 2646 799 2714 Itaque
833 2644 1145 2714 importuna
1170 2659 1396 2714 prorsus
1422 2652 1508 2701 est
1528 2651 1583 2700 et
1614 2642 1789 2701 futilis
1833 2644 1923 2700 illa
1964 2657 2110 2714 qua:-

534 2736 640 2792 stio
674 2736 743 2790 ab
767 2734 1097 2790 adversariis
1130 2736 1197 2788 ad
1232 2734 1358 2790 ﬁdei
1412 2736 1757 2791 eversionem
1812 2744 1869 2790 et
1904 2734 2111 2806 proprii

533 2826 741 2881 erroris
794 2826 1252 2890 stabilimentum,
1287 2833 1546 2897 tanquam
1601 2826 1869 2881 invictum
1912 2826 2107 2889 telum,

534 2914 703 2983 objici
740 2915 904 2970 solita
951 2932 966 2969 :
1006 2913 1153 2968 Num
1186 2916 1275 2985 qui
1307 2919 1737 2989 cst,generatur?
1766 2917 1979 2983 Quibus
2035 2917 2113 2970 in-

533 3003 746 3074 trepide
775 3004 1219 3074 respondendum
1271 2988 1553 3068 est,‘eum
1608 3005 1700 3076 qui
1752 3004 1807 3058 in
1859 3002 2104 3073 ingenito

535 3105 675 3163 erat,
706 3109 772 3150 ex
804 3096 924 3166 ipso
951 3096 1193 3166 genitum
1218 3110 1362 3160 esse,
1384 3107 1435 3151 et
1457 3097 1786 3167 principium
1805 3096 2107 3152 exsistendi

2283 2638 2445 2690 Ὥστε
2493 2636 2613 2691 τίνα
2662 2636 2853 2707 καιρὸν
2884 2634 2994 2706 ἔχει
3042 2636 3142 2707 τὴν
3194 2638 3541 2709 μικροπρεπῆ
3582 2637 3755 2705 ταύτην

2213 2729 2477 2802 ἐρώτησιν
2523 2729 2611 2784 ἐπὶ
2642 2728 2785 2800 λύμῃ
2843 2728 2943 2798 τῆς
2971 2727 3254 2792 εὐσεϐείας
3300 2728 3451 2800 παρὰ
3490 2730 3591 2781 τῶν
3624 2731 3754 2781 ἐναν-

2212 2820 2341 2875 τίων
2376 2820 2778 2892 προφέρεσθαι,
2816 2819 2882 2891 ἢν
2921 2819 2997 2882 ὡς
3048 2820 3263 2891 ἄμαχον
3310 2822 3439 2890 ἡμῖν
3491 2823 3563 2883 εἰς
3611 2838 3754 2873 κατα-

2215 2912 2412 2983 σκευὴν
2442 2911 2535 2965 τοῦ
2579 2912 2778 2965 οἰκείου
2824 2911 3218 2981 προϐάλλονται
3252 2911 3547 2983 δόγματος,
3591 2912 3753 2981 διερω-

2212 3004 2435 3068 τῶντες,
2471 3006 2539 3057 El
2576 3007 2607 3059 ὀ
2644 3002 2728 3056 ὢν
2756 3002 3066 3074 γεννᾶται;
3116 3003 3259 3076 Πρὸς
3293 3003 3387 3068 οὓς
3417 3003 3558 3056 ἔστιν
3585 3002 3750 3071 εὐθαρ-

2217 3094 2323 3159 σῶς
2370 3095 2805 3165 άποκρίνασθαι,
2856 3096 2937 3149 ὅτι
2983 3096 3011 3147 6
3056 3097 3113 3149 ὲν
3160 3096 3238 3167 τῷ
3268 3096 3542 3167 ἀγεννήτῳ
3584 3093 3668 3157 ὢν,
3704 3093 3753 3156 ἐξ

534 3185 663 3239 inde
696 3185 937 3251 ducere;
968 3186 1147 3256 inquit
1180 3186 1323 3241 enim
1341 3186 1425 3241 ":
1464 3185 1571 3258 Ego
1607 3189 1718 3240 vivo
1745 3195 1959 3257 propter
1992 3186 2106 3241 Pa-

2214 3187 2379 3241 αὐτοῦ
2425 3186 2686 3259 ἐγεννήθη
2712 3234 2730 3261 ,
2792 3188 2889 3259 τὴν
2922 3188 3019 3260 μὲν
3048 3189 3226 3244 αἰτίαν
3257 3188 3352 3242 τοῦ
3409 3187 3539 3241 εἶναι
3572 3186 3752 3241 ἐκεῖθεν

536 3286 713 3330 trem:
741 3286 797 3331 at
848 3276 1090 3344 initium,
1125 3278 1344 3347 quando
1379 3277 1507 3333 inde
1565 3280 1921 3350 processerit.
1961 3278 2107 3333 haud

533 3373 620 3420 est
645 3365 851 3429 dicere,
886 3381 1009 3420 cum
1034 3382 1141 3421 non
1182 3368 1553 3437 interjiciatur
1584 3379 1678 3423 aut
1706 3384 1816 3436 res,
1840 3376 1935 3423 aut
1961 3368 2104 3441 cogi-

534 3456 696 3520 tatio,
730 3463 822 3510 aut
855 3458 1116 3525 temporis
1150 3458 1519 3522 intervallum,
1549 3475 1657 3530 quo
1688 3475 1815 3516 esse
1860 3459 1987 3516 Filii
2035 3460 2106 3515 ab

534 3559 661 3600 esse
703 3544 882 3601 Patris
916 3556 1236 3603 secernatur
1256 3557 1309 3605 et
1333 3550 1644 3618 divellatur,
1678 3567 1853 3621 neque
1879 3553 2110 3608 exsistat

535 3635 750 3704 signum
786 3652 877 3690 seu
921 3638 1181 3694 iudicium
1211 3641 1454 3711 aliquod,
1485 3658 1550 3697 ex
1581 3658 1690 3713 quo
1718 3642 2043 3713 Unigenitus
2079 3658 2110 3697 a

536 3726 646 3779 vita
678 3726 854 3781 Patris
878 3740 1164 3798 separatus
1199 3732 1477 3802 pr0prium
1502 3732 1844 3788 subsistendi
1891 3733 2107 3788 initium

534 3817 763 3886 ceperit.
796 3816 851 3871 Si
882 3820 1047 3889 igitur
1076 3822 1284 3876 nullum
1314 3823 1461 3877 aliud
1484 3831 1566 3879 est
1590 3824 1938 3895 principium,
1964 3825 2110 3895 quod

538 3905 661 3960 Filii
721 3909 885 3961 vitam
945 3911 1374 3980 antegrediatur,
1412 3928 1648 3983 eumque
1684 3914 1907 3983 pietatis
1967 3918 2110 3968 ratio

535 4009 590 4053 et
618 4000 839 4053 traditio
882 4000 1063 4056 solum
1116 4000 1331 4059 Patrem
1387 4005 1766 4061 indubitanter
1813 4015 1939 4060 ante
1990 4004 2111 4059 Filii

536 4089 862 4160 hypostasin
896 4095 1308 4164 praeconcipiat.
1349 4093 1512 4169 Pater
1562 4113 1692 4152 vero
1732 4097 1986 4167 principii
2014 4113 2112 4152 ex-

535 4196 662 4249 pers
693 4182 766 4236 sit
793 4189 846 4236 et
891 4183 1185 4252 ingenitus,
1226 4186 1359 4255 ipsis
1407 4187 1738 4243 adversariis
1773 4188 1824 4243 id
1855 4188 2114 4244 conﬁten-

536 4270 719 4323 tibus:
758 4272 1038 4340 quomodo
1095 4274 1313 4329 initium
1366 4279 1585 4332 essendi
1641 4280 1822 4343 habet,
1858 4296 2020 4350 quem
2054 4280 2111 4336 in

536 4360 789 4429 principii
825 4374 1048 4430 experte
1069 4364 1335 4421 exsistere
1373 4366 1774 4440 intelligimus?

609 4449 751 4516 Quid
785 4467 912 4507 vero
949 4452 1261 4510 detrimenti
1296 4473 1423 4513 vera
1448 4467 1503 4513 et
1537 4474 1670 4515 sana
1700 4462 1948 4517 doctrina
1987 4479 2111 4520 sus-

537 4543 754 4609 tinebit,
806 4544 852 4598 si
907 4545 1034 4615 quis
1097 4547 1353 4602 admittat
1430 4565 1594 4607 voces
1644 4552 2104 4622 adversariorum,
2140 4536 2183 4590 ί)

539 4652 677 4705 quas
710 4645 767 4691 ut
802 4638 1072 4694 absurdas
1124 4639 1432 4709 proferunt,
1487 4645 1906 4714 sciscitantium,
1962 4648 2108 4703 Num

535 4727 626 4797 qui
655 4736 1057 4799 est,generatus
1088 4730 1204 4785 sit?
1250 4747 1425 4801 neque
1455 4733 1602 4787 enim
1654 4736 1927 4800 volumus,
1960 4753 2107 4803 eum,

536 4818 630 4887 qui
663 4820 934 4874 exsistens
974 4821 1189 4889 genitus
1221 4830 1327 4887 est,
1370 4825 1611 4894 genitum
1657 4842 1779 4882 esse
1808 4842 1873 4882 eo
1923 4829 2109 4893 modo,

536 4924 698 4978 quem
726 4908 831 4963 sibi
877 4926 1065 4965 crassa
1122 4913 1357 4983 quadam
1408 4916 1734 4983 cogitatione
1780 4916 2110 4974 Nicodemus

537 4997 770 5054 Domino
800 5001 1121 5072 colquuens
1152 5004 1578 5075 imaginabatur,
1624 5018 1779 5065 ratus
1836 5026 1981 5075 eum,
2015 5011 2104 5081 qui

533 5090 644 5161 jam
675 5098 836 5148 natus
866 5101 1031 5159 esset,
1065 5110 1173 5150 non
1196 5112 1359 5167 posse
1385 5098 1564 5153 denuo
1588 5101 1740 5155 nasci
1758 5101 1826 5168 ⁶⁰;
1857 5101 1952 5157 sed
1983 5104 2110 5172 quia

537 5196 758 5251 semper
789 5183 856 5236 ab
880 5198 967 5247 eo,
999 5187 1091 5255 qui
1124 5187 1395 5259 principio
1430 5198 1603 5255 caret,
1630 5207 1791 5246 suum
1824 5209 1948 5248 esse
1982 5194 2106 5248 nni-

533 5280 621 5325 ter
661 5279 848 5342 aptum
883 5282 935 5328 et
965 5290 1272 5331 connexum
1310 5280 1493 5347 liabet,
1530 5286 1737 5353 quique
1760 5284 1912 5354 prius
1947 5284 2109 5353 quid-

536 5362 662 5417 dam
700 5380 797 5419 seu
827 5367 1108 5437 antiquius
1152 5371 1498 5440 indagantem
1545 5390 1758 5445 semper
1788 5377 2105 5445 comitatur,

534 5461 591 5506 et
621 5455 997 5512 curiositatem
1038 5462 1235 5516 mentis
1286 5464 1669 5520 ascendentem
1723 5466 1777 5520 in
1820 5469 2105 5538 superiora

537 5549 848 5614 antevertit,
886 5552 1142 5608 omnibus
1171 5552 1348 5609 Patris
1371 5555 1688 5613 notionibus
1722 5558 1878 5628 quasi
1923 5558 2100 5614 admi-

539 5643 681 5703 ειυς,
707 5653 883 5710 neque
904 5656 1027 5698 esse
1058 5644 1270 5715 incipit,
1303 5661 1481 5716 neque
1528 5648 1806 5719 ingenitus
1854 5659 1958 5716 est,
2009 5651 2101 5708 sed

2210 3278 2346 3348 ἔχων
2367 3297 2381 3310 '
2430 3279 2575 3350 Ἐγὼ
2598 3279 2726 3352 γὰρ,
2757 3280 2913 3351 φησί,
2948 3278 3019 3341 ζῶ
3046 3280 3143 3334 διὰ
3174 3281 3282 3335 τὸν
3320 3280 3543 3349 Πατέρα
3561 3298 3574 3311 -
3600 3280 3688 3346 τὴν
3713 3277 3752 3329 δ’

2209 3366 2381 3437 ἀρχὴν
2405 3367 2506 3419 οὐκ
2529 3366 2677 3421 ἔστιν
2706 3369 2879 3422 εἰπεῖν
2900 3383 2914 3398 ’
2957 3369 3044 3421 ὅτε
3079 3370 3153 3440 μὴ
3182 3369 3291 3442 γὰρ
3325 3369 3473 3432 ὄντος
3500 3368 3588 3421 τοῦ
3621 3383 3749 3438 μεσι-

2208 3455 2455 3518 τεύοντος
2514 3457 2834 3527 πράγματος
2861 3496 2875 3522 ,
2932 3457 2964 3528 ἢ
3006 3457 3403 3530 διανοήματος,
3454 3457 3485 3526 ἢ
3530 3451 3748 3527 χρονικοῦ

2209 3546 2604 3618 διαστήματος,
2652 3542 2696 3617 ᾧ
2741 3549 3107 3620 διακρίνεται,
3159 3551 3255 3603 καὶ
3298 3550 3656 3621 διαχωρίζεται
3699 3546 3749 3597 τὸ

2211 3634 2348 3692 εἶναι
2392 3639 2484 3694 τοῦ
2535 3638 2666 3692 Υἰοῢ
2720 3640 2827 3694 ἀπὸ
2871 3639 2961 3693 τοῦ
3013 3642 3227 3713 Πατρός
3262 3658 3276 3672 ’
3331 3641 3449 3694 οὐδὲ
3491 3640 3747 3692 ἐπινοεῖται

2214 3734 2457 3803 σημεῖον,
2510 3733 2600 3801 ἀφ’
2638 3726 2697 3786 οὗ
2744 3734 2773 3787 6
2814 3734 3124 3802 Μονογενὴς
3152 3733 3251 3800 τῆς
3280 3730 3373 3786 τοῦ
3407 3730 3605 3802 Πατρὸς
3628 3728 3747 3795 ζωῆς

2211 3823 2545 3894 διαζευχθείς
2582 3823 2647 3876 ἐκ
2674 3840 2817 3887 τινος
2848 3823 3154 3895 ἰδιαζούσης
3190 3825 3367 3897 ἀρχῆς
3408 3823 3743 3890 ἀναφαίνεται.

2211 3915 2273 3968 Εἰ
2301 3914 2393 3971 οὖν
2425 3914 2646 3985 οὐδεμία
2669 3916 2816 3969 ἐστὶν
2845 3915 2976 3986 ἄλλη
3010 3916 3173 3987 ἀρχὴ,
3202 3918 3323 3988 ἥτις
3361 3913 3453 3969 τοῦ
3513 3911 3633 3968 Υἱοῦ
3664 3910 3744 3979 τῆς

2213 4006 2355 4077 ζωῆς
2385 4006 2739 4078 ἡγεμονεύει,
2789 4005 2925 4060 ἀλλά
2954 4007 3111 4076 μόνον
3140 4006 3231 4061 τὸν
3261 4007 3474 4078 Πατέρα
3502 4008 3527 4059 6
3554 4000 3744 4071 εὐσεϐὴς

2212 4096 2366 4165 λόγος
2391 4097 2490 4169 τῆς
2516 4096 2863 4161 ὑποστάσεως
2894 4096 2987 4150 τοῦ
3031 4095 3161 4151 Υἰοῦ
3195 4099 3494 4169 προθεωρεῖ
3521 4092 3742 4149 ἀδιαστάο

2211 4205 2337 4252 τως,
2371 4189 2399 4241 6
2429 4188 2618 4260 Πατὴρ
2643 4188 2699 4241 δὲ
2734 4190 2968 4260 ἄναρχος
2999 4191 3092 4242 καὶ
3130 4189 3442 4262 ἀγέννητος,
3475 4186 3640 4250 καθὼς
3668 4183 3741 4237 καὶ

2212 4280 2246 4349 ἡ
2271 4278 2378 4332 τῶν
2410 4280 2743 4335 ὑπεναντίων
2772 4283 3121 4352 συνομολογεί
3150 4283 3440 4355 μαρτυρία,
3465 4280 3575 4342 πῶς
3594 4275 3743 4347 ἀρχὴν

2211 4366 2302 4420 τοῦ
2335 4362 2472 4423 εἴναι
2499 4368 2763 4440 λαμϐάνει
2793 4372 2821 4422 6
2849 4371 2927 4442 τῷ
2965 4374 3181 4444 άνάρχῳ
3210 4371 3620 4445 ὲνθεωρούμενος
3637 4382 3651 4432 ὅ

2283 4459 2348 4512 Τί
2372 4460 2429 4513 δὲ
2453 4459 2747 4531 βλάπτεται
2774 4462 2874 4531 τῆς
2900 4463 3176 4529 εὐσεϐείας
3203 4467 3230 4518 6
3255 4465 3408 4533 λόγος
3435 4464 3497 4514 ἐκ
3520 4457 3604 4512 τοῦ
3635 4470 3738 4507 συν-

2210 4548 2449 4606 τίθεσθαι
2490 4556 2611 4616 ταῖς
2637 4552 2745 4607 τῶν
2779 4554 3036 4609 ἐναντίων
3064 4560 3288 4624 φωναῖς,
3319 4555 3385 4618 ἃς
3428 4554 3500 4616 ὡς
3536 4547 3737 4606 ἀτόπους

2211 4644 2580 4714 προτείνονται
2602 4643 2871 4712 λέγοντες,
2910 4647 2979 4700 Εἰ
2999 4648 3031 4701 ό
3052 4646 3131 4700 ὢν
3154 4644 3439 4716 ἐγεννήθη
3463 4660 3481 4708 ;
3507 4639 3614 4696 οὐδὲ
3647 4634 3737 4705 γὰρ

2209 4734 2365 4787 τοῦτό
2399 4751 2598 4805 φαμεν,
2629 4735 2709 4790 ὅτι
2741 4736 2882 4791 κατά
2924 4736 3022 4809 τὴν
3052 4739 3301 4810 ῥυπαράν
3340 4735 3430 4790 τοῦ
3465 4729 3733 4798 Νικοδήμου

2213 4827 2349 4896 πρὸς
2373 4826 2465 4879 τὸν
2493 4825 2696 4897 Κύριον
2731 4828 3091 4900 ὲπαπόρησιν,
3123 4828 3244 4883 καθ’
3272 4828 3336 4899 ἠν
3365 4826 3493 4898 ῷετο
3524 4821 3593 4892 μὴ
3620 4813 3734 4870 εἶναι

2210 4918 2434 4973 δυνατὸν
2464 4919 2669 4983 ἐκεῖνος
2714 4921 2794 4983 εἰς
2837 4919 3096 4992 δευτέραν
3125 4920 3374 4991 γέννησιν
3407 4917 3491 4971 τὸν
3521 4915 3632 4967 ὄντα
3658 4907 3731 4959 ἐλ-

2212 5011 2344 5076 θεῖν,
2378 5009 2550 5074 οὕτως
2588 5012 2616 5064 ό
2654 5011 2730 5066 ὣν
2761 5013 2857 5085 τὴν
2898 5014 3145 5086 γέννησιν
3170 5016 3409 5087 δέχεται·
3441 5009 3542 5064 ἀλλ’
3565 5007 3633 5060 ὅτι
3654 4996 3730 5054 τοῦ

2212 5102 2317 5168 ἀεὶν
2358 5103 2452 5155 καὶ
2490 5102 2739 5175 ἀνάρχως
2782 5105 2931 5169 5W0;
2966 5106 3267 5179 ἐξημμένον
3307 5102 3489 5159 ἑαυτοῦ
3522 5097 3575 5151 τὸ
3614 5089 3729 5146 εἶναι

2211 5189 2349 5261 ἔχων
2374 5232 2388 5258 ο
2443 5191 2538 5246 καὶ
2587 5192 2661 5263 τῷ
2712 5193 2780 5246 τὰ
2838 5196 3182 5267 πρεσϐύτερα
3246 5179 3729 5264 πολυπραγμονοῦντι

2214 5281 2507 5351 συνανιὼν,
2559 5284 2653 5339 καὶ
2698 5287 2781 5350 εἰς
2826 5286 2885 5339 τὸ
2928 5287 3315 5360 ὑπερκείμενον
3358 5285 3453 5354 τῆς
3487 5279 3725 5343 πολυπρα-

2212 5375 2488 5447 γμοσύνης
2539 5376 2630 5429 τοῦ
2674 5378 2766 5431 νοῦ
2814 5379 3237 5452 προλαμϐάνων,
3287 5378 3379 5434 καὶ
3423 5373 3601 5431 πάσαις
3626 5362 3723 5460 “If

2215 5468 2342 5539 περὶ
2380 5467 2475 5522 τοῦ
2512 5469 2724 5539 [ἰατρὸς
2760 5471 2989 5535 ἐννοίαις
3024 5471 3471 5547 συγκεκραμένος,
3505 5461 3614 5517 οὔτε
3648 5468 3723 5507 του

2212 5557 2347 5614 εἶναι
2387 5561 2632 5632 ἄρχεται,
2664 5561 2784 5616 οὔτε
2811 5564 3101 5634 ἀγέννητός
3136 5567 3300 5629 ἐστιν,
3334 5559 3460 5616 άλλὰ
3492 5550 3719 5638 xui-£1“:

2212 5652 2375 5722 νήθη,
2422 5654 2514 5706 καὶ
2541 5647 2609 5724 ἦν
2642 5668 2661 5687 ο
2708 5653 2787 5725 τῷ
2818 5657 2915 5727 μὲν
2942 5658 3041 5729 τῆς
3080 5657 3255 5722 αἰτίας
3278 5656 3412 5725 λόγῳ
3440 5647 3529 5717 τὴν
3555 5643 3609 5695 ἔκ
3643 5647 3719 5687 τον

611 5815 654 5847 ³⁷
680 5815 838 5873 Joan.
875 5835 928 5886 x,
957 5820 1044 5875 14.
1122 5824 1168 5855 ⁵⁸
1208 5822 1372 5881 llebr.
1400 5840 1440 5890 ι,
1468 5825 1520 5881 3.
1598 5828 1644 5859 ”
1667 5825 1825 5884 Joan.
1859 5844 1933 5896 vi,
1964 5830 2051 5886 58.

2214 5828 2372 5886 Joan.
2399 5844 2483 5897 ιιι,
2516 5830 2551 5883 2
2577 5846 2697 5907 sqq.
