3922 6474
150 298 231 354 ua
332 286 335 287 ί
1255 274 1528 335 CONTRA
1557 266 1946 334 EUNOMlUM,
1985 268 2113 325 LIB.
2155 267 2197 323 ι.
3255 260 3361 317 tm

148 413 318 485 Πατμὸς
338 410 580 478 γέννησιν
605 402 912 475 ὁμολογῶν·
944 400 1021 472 τῷ
1042 400 1097 454 δὲ
1129 399 1283 471 ἀϊδίῳ
1304 400 1404 469 τῆς
1432 396 1596 467 ζωῆς,
1616 392 1677 445 τὸ
1707 428 1715 451 ι

1819 396 1834 445 ι
1863 390 2082 462 genitus
2110 396 2219 452 est,
2252 396 2308 444 et
2338 393 2480 452 erat,
2506 385 2763 460 principii
2816 385 3031 441 ratione
3052 383 3363 455 generatio-

151 472 254 561 ποτέ
275 472 506 574 μὴἐἷναι
532 498 595 550 οὐ
632 472 1013 567 προσιέμενος.

1819 496 1911 535 lem
1940 494 2094 535 suam
2111 494 2177 533 ex
2191 476 2356 533 Patre
2384 475 2765 537 manifestans,
2796 474 3103 531 aeternitate
3126 473 3271 537 vitae,
3291 472 3363 528 il-

1790 571 1878 624 lud
1900 614 1915 637 ,
1965 570 2110 642 quod
2150 567 2449 640 aliquando
2476 583 2584 623 non
2615 566 2798 634 fuerit,
2831 582 2861 620 a
2888 582 2947 622 se
2977 565 3327 637 propulsans.

1859 662 2132 718 Craterum
2165 661 2444 733 praedictis
2467 660 2738 730 obstrepit
2766 658 2994 723 sciolus,
3036 668 3366 726 supervaca-

1792 770 1891 809 nea
1919 754 2169 815 edoctus,
2194 760 2251 809 ct
2281 768 2310 806 a
2338 752 2518 807 Patris
2546 762 2741 807 natura
2761 749 3039 821 Unigeniti
3068 747 3366 805 essentiam

1794 857 2030 915 resecat,
2062 863 2127 902 eo
2155 847 2302 918 quod
2335 848 2438 902 iste
2474 846 2693 918 genitus
2722 844 2817 907 sit,
2849 844 2987 898 alter
3020 857 3171 905 vero,
3225 841 3367 908 inge-

1792 941 1968 1005 nitus,
2008 956 2245 1010 cumque
2266 947 2348 994 tot
2374 940 2488 995 sint
2516 939 2761 1000 nomina,
2791 952 2914 1007 qua:
2946 935 3013 991 de
3044 942 3240 991 natura
3277 932 3366 986 di-

1793 1034 1919 1088 vina
1956 1034 2042 1103 pie
2061 1032 2446 1095 ennntiantur.
2476 1031 2529 1084 in
2558 1030 2758 1101 quibus
2785 1028 2933 1083 nulla
2953 1027 3255 1083 dillerentia
3283 1024 3367 1079 vel

1793 1128 2031 1181 variatio
2064 1126 2129 1179 ad
2158 1124 2355 1179 Filium
2378 1134 2621 1195 apparet,
2641 1123 2898 1178 omnibus
2933 1122 3064 1177 illis,
3095 1134 3215 1190 quae
3238 1117 3370 1173 utri-

1797 1234 1905 1289 que
1936 1218 2223 1287 mqualiter
2257 1216 2613 1281 conveniunt,
2668 1216 2913 1285 (quibus
2962 1213 3127 1268 etiam
3162 1218 3373 1266 natura:

1796 1312 2113 1368 communio
2146 1309 2494 1380 notilicatur)
2522 1307 2928 1379 praetermissis,
2972 1305 3074 1359 soli
3134 1302 3374 1357 innasci-

1798 1405 2030 1461 bilitatis
2064 1420 2160 1458 seu
2192 1402 2419 1473 ingeniti
2471 1401 2740 1457 vocabulo
2774 1397 3097 1454 adhaerescit
3126 1414 3140 1452 :
3186 1404 3241 1451 et
3273 1410 3372 1449 ne—

1798 1512 1906 1566 que
1943 1497 2109 1565 hujus
2138 1506 2479 1562 consuetam,
2525 1493 2883 1563 omniumque
2926 1492 3139 1547 calculo
3176 1490 3376 1560 proba-

1801 1597 1911 1645 tam
1949 1588 2402 1659 signilicationem
2442 1586 2676 1657 recipit:
2714 1583 2814 1641 sed
2841 1584 3063 1655 ingeniti
3093 1583 3374 1637 notionem

1803 1688 2003 1742 novat.
2036 1678 2338 1748 repudiatis
2358 1675 2740 1731 communibus
2774 1662 2943 1743 hujus
2982 1674 3133 1727 vocis
3163 1669 3377 1742 signiti-

209 672 325 727 Ἀλλ’
349 669 643 724 ἀντιϐαίνει
672 670 787 730 τοῖς
819 665 1152 739 εἰρημένοις,
1183 665 1211 718 6
1236 662 1307 717 τὰ
1336 662 1569 734 περισσὰ
1600 676 1687 713 σο-

147 764 409 836 φιζόμενος.
450 761 546 813 καὶ
570 758 837 829 διασχίζει
861 758 961 828 τῆς
988 755 1081 809 τοῦ
1112 755 1323 826 Πατρὸς
1352 752 1564 822 φύσεως
1592 751 1686 804 τοῦ

159 851 454 922 Μονογενοῦς
485 850 583 922 τὴν
606 850 794 903 οὐσίαν
815 867 828 880 ·
862 848 993 901 διότι
1030 849 1058 900 6
1088 845 1187 918 μὲν
1211 845 1553 915 γεγέννηται,
1584 842 1612 895 6
1634 843 1690 895 δὲ

152 943 403 1016 ἁγέννητός
422 943 557 1007 ἔστι,
581 942 676 996 καὶ
696 941 964 995 τοσούτων
983 940 1150 993 ὄντων
1165 938 1272 992 τῶν
1288 937 1566 1009 ὀνομάτων
1582 936 1690 990 τῶν

148 1037 345 1100 εὐσεϐῶς
375 1033 896 1106 περιθεωρουμένων
924 1035 990 1103 τῇ
1028 1032 1152 1102 θείᾳ
1186 1030 1367 1100 φύσει,
1400 1032 1457 1083 ὲν
1488 1023 1570 1092 οἷς
1597 1028 1691 1081 οὐι-

147 1130 271 1201 δεμία
299 1125 624 1197 παραλλαγὴ
657 1126 795 1196 πρὸς
822 1125 913 1178 τὸν
942 1125 1071 1179 Υίὸν
1102 1122 1402 1192 καθορᾶται
1428 1139 1441 1152 ·
1476 1120 1692 1174 πάντων

146 1224 188 1276 δὲ
214 1220 336 1275 κατά
380 1221 443 1274 τὸ
491 1215 612 1273 ἴσον
657 1217 988 1289 ἀμφοτέροις
1032 1214 1449 1287 ὲφαρμοξόντων
1482 1210 1694 1275 οὐδενὸς

146 1315 227 1368 τῶν
253 1313 419 1368 ἄλλων
450 1310 813 1382 ἐπιμνησθεὶς
842 1311 908 1364 δι’
942 1305 1018 1365 ὧν
1042 1310 1102 1363 τὸ
1133 1307 1314 1362 κοινὸν
1346 1304 1692 1378 γνωρίζεται,

151 1406 261 1477 μόνῳ
292 1403 367 1474 τῷ
409 1402 636 1474 ὀνόματι
672 1403 771 1472 τῆς
810 1402 1136 1472 ἁγεννησίας
1171 1398 1509 1470 προσφύεται
1537 1412 1552 1427 ·
1602 1396 1697 1451 καὶ

147 1499 237 1552 οὐδὲ
260 1496 460 1565 ταύτης
487 1496 587 1566 τὴν
625 1494 856 1566 συνήθη,
901 1494 999 1548 καὶ
1027 1491 1423 1563 νενομισμένην
1460 1489 1712 1560 ἔμφασιν

148 1590 352 1659 δέχεται·
387 1584 527 1641 ἀλλά
552 1587 867 1657 καινοτομεῖ
892 1584 985 1638 τοῦ
1007 1585 1305 1655 άγεννήτου
1330 1582 1428 1654 τὴν
1452 1582 1660 1636 ἔννοιαν
1679 1598 1693 1612 ο

148 1682 222 1745 τὰς
249 1678 429 1743 κοινὰς
465 1680 594 1749 περὶ
626 1678 726 1749 τῆς
757 1677 941 1748 φωνῆς
972 1676 1173 1748 ταύτης
1197 1675 1493 1747 ὑπολήψεις
1518 1692 1696 1745 παρα-

148 1772 477 1844 γραφόμενος.
542 1771 607 1823 Τί
650 1772 770 1823 ποτ’
818 1765 911 1823 οὖν
955 1771 1071 1823 ἐστι
1126 1768 1329 1822 τούτων
1379 1767 1440 1821 τὸ
1486 1767 1697 1830 αίτιονς

1819 1772 2136 1827 :ationibus.
2172 1771 2304 1837 Quae
2338 1772 2533 1825 borum
2572 1770 2816 1823 omnium
2847 1767 3059 1823 causa?
3096 1780 3205 1820 non
3228 1763 3375 1820 enim

148 1866 249 1919 Οὐδὲ
267 1865 369 1937 γάρ
396 1865 526 1918 ἄνευ
556 1861 801 1933 μεγάλης
822 1862 966 1924 τινὸς
986 1861 1163 1926 αἰτίας
1193 1861 1290 1932 τῆς
1314 1860 1411 1930 μὲν
1439 1859 1702 1930 συνήθους

1819 1864 1925 1918 sine
1954 1861 2185 1934 urgente
2229 1865 2442 1919 ratione
2482 1862 2551 1917 ab
2586 1863 2788 1918 usitata
2844 1860 3234 1916 vocabulorum
3280 1872 3380 1913 no-

147 1956 230 2009 τῶν
250 1955 525 2025 ὀνομάτων
551 1954 842 2025 ἐμφάσεως
870 1953 966 2006 τὸν
1007 1953 1163 2022 λόγον
1188 1951 1471 2022 ἀφίστησι,
1506 1948 1703 2017 ξενίζει

1819 1955 1955 2009 ;ione
1986 1952 2299 2007 orationem
2337 1952 2636 2018 abducens,
2686 1951 3127 2023 peregrinitatem
3182 1964 3378 2003 vocum

148 2048 189 2101 δὲ
213 2049 269 2116 τῇ
302 2045 631 2116 παραλλαγῇ
676 2043 777 2114 τῆς
816 2042 925 2099 τῶν
969 2042 1161 2113 φωνῶν
1203 2041 1500 2113 σημασίας.
1550 2035 1705 2093 Οἶδεν

148 2138 354 2209 ἀκριϐῶς
388 2138 474 2189 ὅτι
504 2137 553 2189 εί
587 2136 688 2207 μὲν
717 2135 808 2189 ἐπὶ
832 2135 929 2205 τῆς
960 2133 1245 2205 συνηθείας
1275 2131 1570 2204 φυλαχθείη
1595 2129 1705 2183 τῶν

148 2230 392 2299 ὀνομάτων
436 2229 470 2299 ἡ
519 2228 748 2299 χρῆσις,
792 2224 1050 2297 οὐδεμίαν
1103 2226 1255 2296 ἰσχὺν
1298 2224 1522 2295 εὑρήσει
1571 2221 1707 2293 πρὸς

149 2322 431 2392 ἀνατροπὴν
494 2319 590 2373 τοῦ
656 2318 992 2388 ὑγιαίνοντος
1034 2306 1320 2387 δόγματοςζ
1382 2316 1445 2369 Et
1499 2314 1557 2368 δὲ
1597 2312 1708 2366 τῶν

150 2412 309 2465 κοινῶν
340 2412 440 2466 καὶ
465 2412 871 2483 νενομισμένων
895 2409 1269 2481 διανοημάτων
1309 2404 1708 2478 παρακινηθείη

148 2505 200 2555 τὰ
226 2505 460 2574 ῥήματα,
484 2505 553 2574 τῇ
600 2503 731 2575 περὶ
757 2503 856 2574 τὴν
905 2502 1087 2572 φωνὴν
1128 2497 1462 2571 κακοτροπίᾳ
1512 2496 1710 2569 ῥαδίως

149 2595 376 2648 δύνασθαι
435 2594 943 2664 συγκακουργήσειν
1002 2590 1072 2645 τὰ
1125 2590 1387 2662 δόγματα.
1451 2584 1574 2642 Οἶον
1624 2587 1710 2640 ἐπ’

150 2687 298 2740 αὐτῶν
328 2685 443 2758 γάρ
478 2685 719 2756 ἔλθωμεν
758 2684 865 2738 τῶν
910 2683 1283 2754 ἀδικουμένων
1314 2680 1576 2753 ῥημάτων
1602 2692 1618 2707 ⁹
1664 2679 1712 2731 εί

150 2781 265 2832 κατᾶ
289 2782 391 2850 τὴν
434 2779 621 2849 κοινὴν
656 2778 765 2831 τῶν
809 2777 1097 2847 δογμάτων
1126 2774 1393 2845 ὑπόληψιν
1423 2772 1510 2826 διὰ
1547 2771 1607 2824 τὸ
1638 2770 1713 2841 μὴ

150 2869 484 2939 γεγεννῆσθαι
537 2868 829 2937 ἀγέννητον
877 2866 1131 2936 λέγεσθαι
1176 2866 1267 2920 τὸν
1314 2864 1445 2917 Θεὸν
1491 2862 1714 2918 κατεδέ-

152 2962 275 3025 ξατο,
310 2962 567 3014 διέπεσεν
598 2960 663 3013 ἂν
698 2961 818 3013 ὅλον
858 2961 1039 3023 αὐτοῖς
1076 2959 1136 3013 τὸ
1172 2958 1473 3029 μηχάνημα
1502 2956 1600 3026 τῆς
1629 2956 1714 3009 αί-

1806 2054 2071 2103 sectatur.
2089 2044 2267 2100 Probe
2290 2052 2538 2109 noverat,
2560 2044 2609 2099 si
2631 2050 2957 2099 consuetum
2987 2042 3379 2097 vocabulorum

1811 2154 1969 2195 usum
2000 2138 2282 2202 retineret,
2315 2152 2375 2194 se
2404 2137 2615 2192 nullum
2648 2135 2715 2190 ad
2744 2150 2887 2190 veras
2932 2134 3198 2190 doctrinm
3219 2147 3379 2188 ever-

1782 2230 2021 2282 sionem
2061 2226 2270 2281 aditum
2325 2235 2693 2298 reperturum.
2744 2225 2800 2282 Si
2841 2242 2970 2282 vero
2996 2242 3026 2280 a
3071 2225 3381 2281 communi-

1812 2320 1913 2373 bus
1948 2327 2004 2372 et
2032 2319 2234 2388 passim
2259 2319 2580 2388 approbatis
2611 2317 2928 2373 notionibus
2969 2331 3137 2372 voces
3166 2315 3386 2370 abstra-
3413 2377 3416 2379 Α

1810 2411 1997 2471 heret,
2021 2408 2388 2479 perversitate
2430 2409 2603 2471 vocis.
2663 2408 2825 2465 facile
2859 2412 3024 2464 etiam
3077 2410 3253 2479 ipsam
3284 2407 3386 2462 do-

1811 2502 2047 2556 ctrinam
2086 2500 2322 2571 perverti
2353 2515 2537 2571 posse.
2570 2499 2815 2570 Exempli
2867 2502 3043 2572 gratia
3099 2501 3117 2570 (
3142 2501 3209 2556 ad
3270 2500 3390 2570 ipsa

1811 2598 1957 2652 enim
1998 2595 2296 2666 depravata
2331 2595 2595 2650 vocabula
2648 2594 3049 2664 accedemus),
3073 2594 3119 2649 si
3142 2608 3209 2649 ex
3240 2609 3392 2649 com-

1815 2687 1967 2742 muni
2000 2687 2248 2742 omnium
2300 2689 2573 2743 sententia
2620 2686 2789 2743 Deum
2848 2688 3179 2758 ingenitum,
3242 2688 3389 2756 quod

1814 2779 2033 2850 genitus
2063 2795 2172 2833 non
2205 2779 2299 2840 sit,
2334 2779 2598 2850 appellari
2625 2779 2945 2836 decuisset:
2984 2782 3174 2850 utique
3218 2780 3393 2835 luere-

1820 2873 1938 2927 ticae
1990 2879 2286 2928 structurae
2343 2871 2598 2926 machina
2649 2872 2972 2939 corruisset,
3030 2873 3247 2928 sublata
3304 2888 3390 2938 ea,

1819 2978 1982 3033 quam
2014 2980 2078 3019 ex
2111 2962 2535 3019 innascibilitate
2559 2964 2717 3025 texit,
2752 2963 3138 3031 cavillatione;
3163 2965 3208 3019 si
3244 2965 3391 3018 cnim

154 3051 363 3116 ρέσεως,
415 3048 861 3113 ύποσπασθέντος
899 3048 991 3102 τοῦ
1027 3050 1171 3103 κατὰ
1207 3048 1320 3117 τὴν
1348 3047 1715 3117 ἀγεννησίαν

1820 3055 2165 3122 credidisset,
2193 3072 2259 3112 ex
2294 3057 2394 3111 hac
2418 3057 2811 3112 consecutione
2857 3057 3161 3111 secundum
3197 3056 3395 3110 simili-

155 3143 481 3213 σοφίσματος.
517 3143 580 3194 Εἰ
612 3142 721 3213 γὰρ
746 3141 973 3212 ἐπείσθη
1000 3141 1086 3195 διὰ
1113 3142 1211 3212 τῆς
1237 3139 1555 3203 ἀκολουθίας
1581 3139 1715 3192 ταύ-

152 3250 234 3301 της
258 3235 375 3288 καθ’
405 3233 725 3305 ὁμοιότητα,
761 3233 977 3287 πάντων
1004 3232 1210 3303 σχεδὸν,
1239 3233 1348 3285 τῶν
1376 3233 1456 3295 εἰς
1490 3232 1717 3302 Ἐκκλη-

154 3327 255 3379 σίαν
273 3326 409 3380 Θεοῦ
450 3326 864 3387 συντελούντων,
888 3324 1074 3396 ὥσπερ
1108 3326 1357 3396 ἀόρατον,
1390 3324 1483 3377 καὶ
1507 3323 1714 3393 ἀπαθῆ,

164 3421 231 3471 ul
260 3420 574 3491 ἀσώματον,
617 3417 759 3472 οὕτω
784 3419 878 3472 καὶ
914 3418 1206 3487 ἀγέννητον
1238 3415 1474 3469 νοεῖσθαι
1509 3415 1601 3469 τὸν
1628 3416 1719 3468 ἐπὶ

168 3511 347 3564 τάντων
380 3511 540 3573 Θεὸν,
568 3510 636 3563 δι’
664 3510 909 3563 ἑκάστων
929 3509 1036 3562 τῶν
1061 3509 1339 3579 ὀνομάτων
1363 3507 1423 3560 τὸ
1454 3507 1721 3579 μηδαμῶς

167 3604 329 3673 προσὸν
354 3604 437 3675 τῷ
461 3603 580 3673 Θεῷ
603 3601 960 3675 σημαίνεσθαι
985 3601 1385 3673 συντιθέμενος,
1413 3601 1487 3672 μὴ
1536 3600 1718 3671 σῶμα,

164 3693 221 3765 μὴ
248 3695 439 3759 πάθος,
472 3694 548 3765 μὴ
580 3693 799 3766 χρῶμα,
840 3695 996 3766 μὴτὸ
1031 3693 1089 3760 ἐξ
1122 3694 1297 3756 αἰτίας
1318 3692 1460 3764 ἔχειν
1480 3692 1540 3745 τὸ
1564 3689 1716 3745 εἶναι.

161 3787 398 3841 Βίταῦτα
444 3786 620 3850 οὓτως
660 3786 802 3858 ἔχειν
831 3786 1118 3851 ὑπέλαϐεν,
1163 3786 1417 3855 οὐδεμίαν
1462 3785 1618 3855 ἔσχεν
1657 3783 1722 3838 ἂν

159 3878 361 3950 δύναμιν
412 3881 443 3934 6
484 3880 584 3951 τῆς
628 3878 1013 3951 ἀνομοιότητος
1044 3878 1201 3947 λόγος
1242 3879 1421 3931 αὐτῶν
1454 3894 1467 3907 ·
1516 3878 1574 3929 ὲν
1613 3878 1723 3939 τοῖς

158 3970 340 4034 λοιποῖς
374 3973 567 4036 πᾶσιν,
594 3972 696 4024 ὅσα
738 3971 866 4043 περὶ
899 3972 989 4023 τὸν
1031 3970 1140 4024 τῶν
1175 3970 1313 4023 ὅλων
1339 3969 1470 4022 Θεὸν
1500 3969 1724 4040 θεωρεῖ-

159 4080 251 4125 ται,
285 4063 717 4135 συγχωρούντων
745 4066 837 4117 καὶ
871 4063 978 4117 τῶν
1007 4062 1266 4118 ἐναντίων
1306 4061 1384 4133 τῷ
1432 4061 1728 4130 Μονογενεί

160 4158 277 4225 πρὸς
304 4159 398 4211 τὸν
436 4156 657 4227 Πατέρα
687 4156 747 4209 τὸ
772 4156 978 4227 ὅμοιον.

387 4250 478 4303 ἵνα
513 4248 589 4319 μὴ
620 4248 779 4301 τοῦτο
813 4248 1061 4319 γένηται,
1104 4246 1322 4301 πάντων
1350 4246 1459 4300 τῶν
1486 4244 1612 4316 περὶ
1635 4244 1727 4297 τὸν

158 4339 273 4394 Θεὸν
304 4340 613 4411 ὀνομάτων.
640 4338 746 4392 τῶν
779 4337 1128 4391 ὲνδεικτικῶν
1168 4337 1312 4405 λέγω
1341 4337 1441 4408 τῆς
1469 4338 1726 4407 ὑπερκει-

1822 3149 2066 3203 tudinem
2096 3147 2267 3204 ferme
2296 3150 2568 3213 omnium,
2596 3164 2720 3220 qua!
2748 3148 2995 3206 Ecclesia
3024 3149 3113 3204 Dei
3143 3161 3394 3220 usurpat,

1818 3240 2282 3310 quemadmodum
2318 3240 2617 3306 invisibile,
2654 3240 2991 3310 impassibile
3042 3249 3096 3295 et
3134 3240 3396 3311 incorpo-

1819 3347 1995 3394 reum,
2033 3332 2113 3388 sic
2146 3341 2199 3387 et
2238 3333 2537 3403 ingenitum
2576 3332 2684 3388 Deo
2724 3334 3105 3389 universorum
3146 3336 3395 3412 attribui,

1819 3424 2295 3492 concessissetque
2322 3423 2567 3494 quolibet
2617 3423 2813 3477 borum
2850 3425 3135 3479 nominum
3184 3425 3399 3495 signiti-

1820 3515 1934 3567 cari
1970 3513 2022 3567 id
2062 3513 2211 3583 quod
2242 3513 2356 3568 Deo
2385 3528 2495 3567 non
2524 3515 2688 3577 inest,
2736 3513 2867 3584 quia
2903 3528 3003 3568 nec
3034 3528 3258 3584 corpus,
3294 3530 3395 3570 nec

1822 3608 2160 3679 passionem,
2190 3622 2294 3661 nec
2343 3607 2603 3668 colorem,
2647 3622 2747 3662 nec
2780 3604 3003 3661 aliunde
3028 3620 3253 3661 causam
3311 3622 3400 3662 es-

1823 3704 1977 3761 sendi
2006 3703 2171 3757 habet
2218 3722 2232 3758 :
2275 3702 2344 3767 si,
2386 3703 2633 3771 inquam,
2667 3716 2779 3755 rem
2804 3701 2892 3755 hic
2926 3701 3001 3755 ita
3038 3717 3158 3758 sese
3201 3703 3403 3760 habere

1823 3794 2218 3856 existimasset,
2255 3794 2403 3847 nulla
2433 3794 2483 3847 ei
2520 3792 2589 3846 ad
2625 3793 3015 3861 inacqualitatis
3076 3793 3276 3863 dogma
3313 3812 3402 3849 ar-

1823 3885 2231 3942 chitectandum
2283 3887 2504 3939 occasio
2555 3885 2765 3953 reliqua
2832 3883 3049 3947 fuisset,
3112 3901 3234 3939 cum
3296 3888 3401 3956 ipsi

1824 3979 1988 4031 etiam
2048 3976 2345 4030 adversarii
2400 3975 2701 4038 fateantur.
2761 3977 2815 4030 in
2867 3978 3092 4047 reliquis
3143 3979 3402 4033 omnibus

1829 4068 2180 4140 Unigenitum
2204 4067 2351 4122 Patri
2380 4068 2642 4138 aequalem
2671 4082 2815 4122 esse.

1898 4243 2171 4299 Caeterum
2199 4260 2267 4297 ne
2292 4243 2392 4299 hoc
2421 4243 2724 4312 contingat,
2754 4258 2820 4298 ex
2847 4243 3105 4301 omnibus
3163 4246 3406 4301 nomini-

1828 4336 1955 4399 bus,
1988 4351 2110 4406 qua:
2162 4336 2400 4390 divinam
2445 4344 2501 4390 et
2552 4335 2841 4391 sublimem
2888 4335 3037 4390 illam
3099 4340 3401 4407 potentiam

162 4433 314 4501 μένης
364 4433 691 4502 δυνάμεως,
748 4429 1035 4503 προτίθησι
1081 4428 1142 4482 τὸ
1181 4429 1280 4500 τῆς
1357 4429 1715 4497 armata;

1831 4430 2133 4493 declarant,
2164 4429 2325 4499 elegit
2366 4429 2933 4484 sibiinnascibilitatis
2965 4432 3314 4494 vocabulum,
3352 4441 3405 4484 rt

158 4523 313 4593 ὄνομα
342 4542 355 4555 ·
404 4526 499 4577 καὶ
528 4522 686 4577 τοῦτο
714 4522 1008 4592 πεποίηται
1043 4520 1141 4590 τῆς
1176 4518 1315 4572 κατά
1346 4518 1439 4572 τοῦ
1462 4519 1727 4591 δόγματος

158 4616 300 4683 ἡμῶν
339 4615 697 4685 καταδρομῆς
732 4616 1103 4687 ὁρμητήριον,
1151 4612 1248 4682 τὴν
1292 4611 1385 4664 τοῦ
1432 4611 1728 4681 γεννητοῦ

162 4706 281 4775 πρὸς
305 4708 366 4759 τὸ
432 4706 771 4774 ἀγέννητον
809 4702 948 4756 κατά
982 4703 1079 4774 τὴν
1115 4701 1391 4772 προφορὰν
1419 4700 1730 4755 ἐναντίωσιν

161 4798 240 4849 ἐπὶ
260 4798 327 4852 τά
370 4798 644 4868 πρόσωπα
682 4796 1002 4867 μεταφέρων
1036 4789 1117 4858 οἷς
1150 4793 1490 4865 ὲφήρμοσται
1516 4794 1582 4847 τὰ
1610 4793 1730 4848 ὀνό-

164 4900 324 4959 ματα·
362 4889 461 4942 καὶ
489 4888 577 4941 διά
608 4887 814 4940 τούτων
844 4887 942 4957 τὴν
972 4885 1264 4957 ἑτερότητα
1289 4886 1396 4948 τῶν
1430 4885 1625 4939 οὐσιῶν
1653 4884 1733 4956 τῷ

162 4979 593 5051 παρηλλαγμένα)
619 4978 728 5031 τῶν
755 4977 1035 5049 ὀνομάτων
1063 4976 1339 5046 σοφίζεται
1364 4992 1377 5007 ·
1411 4977 1514 5030 οὐκ
1547 4977 1733 5048 ἐπειδὴ

159 5072 473 5143 γεγέννηται
519 5070 799 5141 γεννητὸν,
846 5070 954 5123 οὐδ’
996 5071 1078 5123 ὅτι
1130 5067 1205 5140 μὴ
1257 5068 1533 5140 γεννηθείς
1562 5070 1731 5135 ἐστιν,

158 5163 444 5233 ἀγέννηνον
469 5162 726 5230 λέγεσθαι
758 5161 1139 5233 συντιθέμενος
1169 5180 1185 5196 ⁸
1233 5163 1370 5218 ἀλλά
1399 5163 1489 5217 τὸν
1522 5163 1639 5235 μὲν,
1669 5163 1734 5216 ὲκ

160 5257 248 5327 τῆς
272 5258 587 5326 γεννήσεως
647 5254 976 5312 οὐσιῶσθαι
1013 5254 1193 5324 λέγειν
1232 5272 1246 5287 ο
1289 5257 1390 5310 οὐκ
1427 5251 1543 5309 οἶδα
1576 5253 1735 5320 ποίας

158 5348 314 5402 αὐτὸν
350 5348 543 5417 σοφίας
586 5345 681 5400 ἐπὶ
716 5344 816 5417 τὴν
848 5345 1100 5418 τοιαύτην
1130 5344 1341 5401 σύνεσιν
1369 5345 1738 5418 χειραγωγού-

161 5455 273 5509 σης.
320 5441 388 5493 Εἰ
439 5441 547 5512 γάρ
579 5457 661 5503 τις
704 5439 872 5502 αὐτὰς
916 5440 1000 5508 ἐφ’
1034 5438 1240 5493 ἑαυτῶν
1284 5437 1587 5509 καταμάθοι
1629 5438 1737 5493 τῶν

158 5531 439 5601 ὀνομάτων
462 5534 560 5595 τάς
585 5533 872 5603 ἐμφάσεις,
888 5532 1096 5603 ὑφελὼν
1118 5530 1194 5603 τῷ
1212 5531 1352 5605 λόγῳ
1382 5531 1451 5585 τά
1471 5533 1737 5603 πρόσωπα

160 5625 240 5691 ἐφ’
285 5617 366 5677 ὧν
410 5625 665 5705 τετάχθαι
698 5624 844 5679 δοκεῖ
877 5624 945 5677 τὰ
990 5622 1249 5694 ὀνόματα,
1292 5624 1511 5695 εὑρήσει
1540 5625 1601 5678 τὸ
1634 5626 1733 5696 μά-

159 5730 307 5768 ταιον
336 5715 435 5785 τῆς
468 5715 705 5780 διανοίας
748 5715 854 5770 τῶν
883 5716 1013 5788 παρ’
1060 5714 1226 5770 αὐτοῦ
1266 5715 1590 5786 λεγομένων.
1644 5720 1737 5789 Μὴ

1832 4521 1936 4576 hoc
1970 4537 2070 4592 pro
2109 4537 2234 4576 arce
2262 4529 2316 4575 et
2346 4523 2757 4593 propugnaculo
2782 4562 2797 4586 ,
2845 4522 2990 4576 mide
3020 4524 3073 4576 in
3098 4523 3404 4577 doctrinam

1832 4628 2024 4667 sanam
2049 4613 2245 4678 irruat,
2267 4616 2576 4679 constituit,
2599 4615 2932 4669 contrariam
2966 4616 3257 4680 rationem,
3285 4632 3407 4685 qum

1832 4714 1916 4761 est
1952 4707 2005 4760 in
2039 4707 2266 4773 vocibus
2295 4707 2457 4776 geniti
2492 4716 2544 4760 et
2568 4708 2813 4777 ingeniti,
2845 4709 2912 4761 ad
2950 4710 3094 4778 ipsas
3120 4723 3404 4779 personas,

1832 4798 2035 4865 quibus
2066 4798 2287 4852 nomina
2311 4799 2667 4864 conveniunt,
2702 4801 3061 4865 transferens,
3092 4811 3145 4855 et
3180 4810 3405 4856 natura-

1834 4905 1957 4944 rum
1998 4889 2372 4945 diversitatem
2401 4905 2466 4943 ex
2496 4891 2778 4947 nominum
2816 4892 3135 4948 diversitate
3169 4895 3405 4948 commi-

1836 4982 2075 5037 niscens.
2114 4980 2206 5033 Ait
2236 4980 2404 5046 enim,
2441 4996 2550 5035 non
2588 4982 2694 5036 dici
2727 4987 2989 5054 genitum,
3014 4985 3139 5054 quia
3188 4987 3407 5057 genitus

1837 5074 1928 5134 sit,
1958 5087 2057 5127 nec
2084 5071 2409 5139 ingenitum,
2450 5071 2576 5141 quia
2606 5075 2824 5141 genitus
2856 5089 2964 5128 non
2992 5077 3100 5130 sit:
3138 5076 3232 5130 sed
3269 5077 3406 5131 alte-

1835 5180 1957 5220 rum
1988 5180 2052 5221 ex
2077 5166 2423 5235 generatione
2442 5167 2783 5220 essmtiatum
2806 5182 2930 5223 esse
2977 5168 3059 5239 (ut
3080 5170 3151 5224 ita
3176 5168 3406 5239 loquar),

1836 5256 2026 5311 nescio
2077 5270 2313 5325 quanam
2378 5258 2643 5326 sapientia
2705 5259 2770 5313 ad
2807 5259 2945 5314 hanc
2996 5259 3408 5331 intelligentiam

1838 5348 2116 5405 iductus.
2152 5347 2208 5403 Si
2233 5350 2379 5405 enim
2410 5351 2533 5421 quis
2558 5350 2812 5415 seorsim,
2850 5361 2903 5407 et
2935 5367 3030 5422 per
3059 5367 3121 5407 se
3168 5353 3412 5423 singulo-

1838 5458 1959 5498 rum
1991 5442 2271 5498 nominum
2300 5443 2728 5514 signiticationes
2758 5445 3075 5515 perpendat,
3112 5444 3411 5501 subtractis

1837 5532 2073 5590 orationi
2098 5532 2368 5602 personis,
2393 5533 2460 5588 de
2482 5533 2682 5603 quibus
2711 5532 2903 5588 ordine
2927 5534 3201 5588 enuntiari
3230 5533 3413 5588 viden-

1838 5632 1948 5688 tur,
1983 5638 2108 5678 mox
2139 5623 2433 5677 vanitatem
2465 5638 2677 5687 eorum,
2713 5638 2834 5694 quae
2862 5624 2966 5679 istc
2996 5624 3209 5690 asserit,
3247 5623 3411 5679 intel-

1840 5718 1968 5788 liget
1995 5734 2009 5769 :
2042 5729 2150 5770 non
2178 5715 2345 5780 enim,
2383 5714 2512 5784 quia
2542 5713 2722 5783 Pater,
2756 5724 2815 5770 ut
2845 5732 2984 5772 verae
3016 5716 3139 5771 ﬁdei
3161 5716 3410 5771 doctrina
