3922 6466
568 276 665 332 ιῦί

1692 288 1695 289 ⁷
1774 271 1833 328 S.
1860 271 2191 330 GREGORII
2217 273 2512 332 NYSSENI
3679 290 3762 346 452

571 391 760 456 tradit,
787 391 1224 463 praeintelligitur
1255 389 1415 454 Filio,
1451 390 1735 445 nominum
1765 406 1986 462 quoque
2004 392 2155 447 ordi-

2264 394 2366 467 γάρ
2398 396 2480 448 ὅτι
2528 396 2932 466 προεπινοεῖται
2964 392 3055 447 τοῦ
3106 392 3233 446 Υἱοῦ
3274 396 3303 447 ὁ
3335 394 3513 467 Πατὴρ
3554 404 3672 456 κατὰ
3692 408 3761 459 τὸν

572 499 696 541 nem
723 498 790 539 ex
832 482 1204 551 subjectarum
1237 495 1594 551 personarum
1641 481 1923 551 dignitate,
1965 487 2020 535 et
2057 495 2150 535 or-

573 578 701 632 dine
736 577 1113 643 instituemus,
1146 575 1241 631 sed
1268 576 1488 630 nomina
1516 590 1609 643 per
1632 591 1690 630 se
1713 574 2150 639 considerentur,

573 669 848 739 quodnam
889 670 1041 725 alteri
1075 684 1174 739 per
1230 669 1496 722 rationem
1530 675 1875 737 praeponatur
1917 667 2151 738 (iterum

572 763 699 817 dico
764 778 986 827 nomen,
1047 776 1157 816 non
1203 776 1315 816 rem
1365 760 1587 815 nomine
1650 760 2009 831 signiﬁcatam
2036 765 2075 829 ),
2098 768 2153 815 et

576 856 851 927 quodnam
885 872 949 911 ex
978 855 1164 917 dictis,
1217 854 1458 908 notionis
1509 854 1737 923 alicujus
1784 854 2150 922 positionem:

577 958 631 1002 et
665 947 938 1017 quodnam
1007 945 1195 1016 positae
1252 943 1489 998 notionis
1538 944 1864 997 ablationem
1927 941 2152 998 indicet.

582 1040 915 1109 Dispieiatur
938 1037 1169 1107 exempli
1206 1036 1377 1104 gratia
1407 1054 1421 1095 :
1464 1035 1702 1089 arbitror
1732 1034 1875 1088 enim
1932 1034 2156 1087 consul-

580 1141 697 1184 tum
757 1132 892 1191 fore,
948 1138 1007 1183 ut
1058 1146 1145 1183 res
1199 1128 1457 1183 similium
1498 1126 1760 1195 exemplis
1827 1126 2153 1179 declaretur.

578 1224 825 1279 Scientia
863 1230 917 1277 et
969 1221 1209 1285 inscitia,
1274 1220 1461 1290 passio
1518 1225 1572 1272 et
1631 1216 2067 1287 impassibilitas,
2105 1227 2157 1270 et

580 1317 750 1387 hujus
786 1314 1000 1385 generis
1030 1314 1157 1374 alia,
1189 1312 1408 1365 nomina
1436 1309 1685 1379 quaedam
1716 1318 1863 1363 sunt.
1896 1306 2154 1373 Quaenam

580 1408 734 1476 prius
763 1404 885 1458 aliis
936 1401 1438 1473 praeconcipiuntur
1467 1408 1521 1455 et
1573 1400 1970 1470 intelliguntur,
2026 1413 2153 1452 num

580 1499 693 1562 illa,
726 1510 847 1567 quae
885 1509 998 1549 rem
1051 1492 1282 1564 positam
1344 1491 1565 1555 tollunt,
1620 1506 1692 1546 an
1747 1506 1869 1561 quae
1902 1506 2016 1545 rem
2068 1504 2159 1560 po-

577 1587 759 1643 nunt?
810 1583 925 1655 Ego
969 1584 1044 1637 ita
1083 1582 1282 1648 sentio,
1345 1584 1501 1652 prius
1560 1580 1791 1651 intelligi
1848 1581 2155 1645 scientiam,

578 1681 741 1743 iram,
770 1685 824 1734 et
852 1677 1185 1748 passionem,
1213 1673 1557 1743 postmodum
1581 1690 1666 1738 ea,
1697 1690 1818 1744 qua:
1842 1673 2159 1729 exstinctio—

581 1786 706 1828 nem
737 1778 792 1827 et
833 1768 1309 1837 interemptionem
1358 1764 1693 1835 signiﬁcant.
1747 1764 1825 1818 ita
1873 1765 2050 1836 cogita
2089 1765 2157 1821 de

578 1856 1484 1933 generationeetinnascibilitate.
1537 1854 1723 1925 Neque
1779 1856 1923 1910 ullus
1976 1858 2158 1911 studio

582 1952 817 2024 propriae
846 1948 1127 2020 religionis
1162 1948 1423 2001 incensus
1459 1947 1845 2011 calumnietur,
1880 1947 2038 2017 quasi
2069 1946 2158 2001 Fi-

586 2047 717 2100 lium
752 2044 1030 2117 generanti
1061 2041 1522 2113 praeposuerimus
1556 2061 1569 2096 :
1605 2056 1714 2096 non
1758 2041 1903 2096 enim
1944 2041 1997 2094 id
2041 2056 2159 2097 mo-

582 2139 770 2201 limur,
811 2145 871 2191 ut
899 2135 1073 2189 Filius
1101 2134 1251 2189 Patri
1286 2143 1634 2204 prmponatur
1687 2141 1740 2187 et
1772 2133 2160 2203 pmconcipia-

584 2239 697 2294 tur,
731 2245 855 2284 cum
886 2229 952 2283 de
977 2228 1139 2297 geniti
1164 2235 1219 2281 et
1242 2226 1469 2295 ingeniti
1510 2226 1912 2295 significatione
1932 2225 2158 2280 disseri-

587 2338 712 2378 mus
741 2339 759 2375 :
779 2329 926 2375 certe
956 2318 1235 2389 generatio
1279 2318 1511 2386 alicujus
1541 2320 1618 2371 rei
1664 2317 1750 2371 vel
1792 2318 2032 2371 notiunis
2064 2332 2162 2385 po-

587 2415 845 2471 sitionem
877 2414 1168 2483 significat,
1196 2422 1249 2465 at
1273 2426 1399 2464 vero
1423 2410 1809 2464 innascibilitas
1845 2411 1985 2478 ejus,
2016 2410 2160 2480 quod

588 2507 824 2577 positum
856 2513 960 2570 est,
992 2503 1382 2563 sublationem,
1419 2509 1585 2571 prout
1626 2510 1784 2555 antea
1812 2500 2041 2565 dictum,
2102 2510 2163 2554 ut

588 2598 817 2669 proinde
845 2595 1217 2651 necessarium
1243 2593 1332 2659 sit,
1373 2594 1521 2647 (ηιιηὶ
1554 2594 1717 2648 modo
1742 2594 1898 2663 prius
1933 2591 2161 2662 intelligi

589 2706 785 2745 nomen
817 2686 1206 2759 generationis,
1241 2700 1404 2754 quam
1460 2701 1660 2740 nomen
1708 2683 2160 2738 innascibilitatis.

585 2779 699 2835 Cur
730 2779 895 2847 igitur
955 2776 1202 2831 ordinem
1254 2774 1576 2837 secundum,
1610 2774 1702 2843 qui
1745 2774 1800 2828 in
1854 2775 2164 2830 nominibus

591 2870 810 2928 visitur,
846 2866 994 2920 Patri
1028 2866 1293 2919 violenter
1337 2870 1524 2932 aptare
1556 2863 1911 2929 contendunt,
1942 2869 2163 2933 putant-

591 2978 700 3033 que
730 2960 1009 3015 notionem
1046 2958 1122 3012 rei
1149 2956 1385 3024 alicujus
1416 2954 1787 3024 privatricem.
1846 2970 2007 3024 posse
2065 2955 2162 3010 de-

2253 487 2426 559 ἀληθῆ
2470 487 2626 557 λόγον
2674 487 2777 556 τῆς
2824 488 3095 552 πίστεως,
3140 486 3227 540 διὰ
3270 486 3423 541 τοῦτο
3460 492 3547 544 καὶ
3573 495 3657 565 τὴν
3680 499 3762 553 τῶν

2253 579 2532 648 ὀνομάτων
2577 577 2731 644 τάξιν
2780 576 3013 644 ἀξιούτω
3061 594 3145 641 τις
3192 580 3259 648 τῇ
3306 578 3413 631 τῶν
3449 581 3763 654 ὑποκειμένων

2255 671 2439 733 αὐτοῖς
2489 668 2795 741 προσώπων
2839 669 2966 741 ἀξίᾳ
3011 670 3105 723 καὶ
3168 669 3318 735 τάξει
3373 672 3761 733 συνδιατίθεσθαι.

2268 759 2429 813 Ἀλλά
2454 760 2627 814 ταῦτα
2659 762 2927 814 σκοπείτω
2955 760 3041 831 ἐφ’
3066 762 3271 816 ἑαυτῶν
3293 762 3359 816 τὰ
3390 764 3626 834 ὀνόματα,
3648 772 3764 823 ποῖον

2254 857 2348 911 τοῦ
2385 854 2569 925 ἑτέρου
2612 853 2691 924 τῷ
2719 855 2859 923 λόγῳ
2894 854 2993 923 τῆς
3030 854 3266 918 ἐπινοίας
3305 857 3681 926 προτέτακται·
3721 864 3766 915 τὸ

2254 944 2424 1014 ὄνομα
2450 944 2611 997 πάλιν
2639 944 2866 1015 φημὶ,ού
2898 943 2958 997 τὸ
2987 945 3217 1016 πρᾶγμα
3244 945 3303 998 τὸ
3335 946 3419 1001 διὰ
3441 946 3527 1000 τοῦ
3554 950 3767 1020 ὀνόματος

2259 1038 2656 1108 σημαινόμενον
2686 1054 2701 1068 ο
2754 1039 2903 1090 ποῖον
2948 1036 3057 1090 τῶν
3101 1036 3432 1107 εἰρημένων,
3478 1039 3612 1094 θέσιν
3656 1042 3768 1105 τινὸς

2256 1118 2547 1201 νοήματος,
2578 1131 2671 1182 καὶ
2714 1132 2865 1183 ποῖον
2894 1130 2991 1198 τὴν
3024 1128 3118 1181 τοῦ
3151 1129 3393 1192 τεθέντος
3432 1132 3679 1201 ἀναίρεσιν
3704 1135 3766 1186 ὲν-

2256 1223 2549 1278 δείκνυται.
2576 1219 2701 1275 υἷον
2716 1239 2729 1251 ·
2758 1220 3053 1289 σαφηνείας
3068 1220 3175 1290 γὰρ
3190 1222 3370 1275 ἕνεκεν
3389 1221 3471 1275 διὰ
3495 1224 3591 1277 τῶν
3609 1226 3771 1295 ὁμοίων

2257 1309 2411 1383 οἶμαι
2445 1314 2638 1384 χρῆναι
2668 1313 3015 1383 παραστῆσαι
3045 1313 3137 1365 τὸν
3169 1313 3323 1383 λόγον
3344 1331 3358 1347 ο
3400 1315 3652 1380 παίδευσις
3697 1320 3770 1371 καὶ

2224 1468 2229 1473 η
2258 1404 2601 1466 ἀπαιδευσία,
2636 1404 2805 1467 πάθος
2862 1407 2958 1459 καὶ
2986 1405 3242 1469 ἀπάθεια,
3281 1406 3372 1459 καὶ
3398 1407 3493 1460 ὅσα
3523 1407 3608 1460 τοῦ
3634 1409 3767 1461 τοιού·

2258 1512 2350 1548 του
2382 1496 2553 1558 είδους
2582 1496 2718 1560 ἐστὶ,
2760 1500 2883 1548 ποῖα
2921 1497 3126 1551 τούτων
3166 1497 3224 1549 τδ
3260 1499 3663 1569 προεπινοεῖσθαι
3687 1499 3770 1553 τῶν

2259 1586 2431 1641 ἄλλων
2462 1586 2608 1656 ἔχει;
2645 1588 2785 1640 Ὅσα
2817 1587 2916 1659 τὴν
2943 1588 3219 1659 ἀναίρεσιν
3242 1586 3339 1640 τοῦ
3377 1589 3619 1653 τεθέντος,
3643 1589 3669 1659 ἢ
3693 1590 3770 1643 ὅσα

2260 1680 2356 1751 τὴν
2395 1679 2544 1733 θέσιν
2587 1680 2682 1733 τοῦ
2722 1680 3080 1751 ὑποκειμένου
3126 1681 3479 1751 παρίστησιν;
3531 1680 3654 1750 Ἐγὼ
3693 1682 3771 1753 μὲν

2256 1774 2416 1827 τοῦτό
2447 1792 2605 1846 φημι.
2644 1773 2916 1845 Πρότερον
2959 1774 3068 1844 γὰρ
3101 1775 3301 1827 νοεῖται
3343 1774 3660 1845 ἡπαξδευσις
3700 1774 3771 1826 καὶ

2256 1867 2290 1937 ἡ
2322 1865 2481 1937 ὀργὴ,
2528 1865 2624 1919 καὶ
2650 1865 2710 1918 τὸ
2748 1865 2939 1929 πάθος,
2981 1866 3074 1918 καὶ
3132 1865 3253 1919 τότε
3326 1866 3358 1936 ὴ
3391 1865 3492 1918 τῶν
3522 1864 3771 1935 νοηθέντων

2257 1960 2535 2029 ἀναίρεσις
2555 1973 2570 1987 '
2619 1956 2763 2012 οὕτω
2791 1959 2885 2011 καὶ
2914 1960 2947 2027 ἡ
2979 1958 3252 2027 γέννησις,
3294 1958 3387 2011 καὶ
3416 1958 3448 2028 ἡ
3486 1957 3737 2026 ἀγεννησία
3761 1972 3772 1986 ·

2259 2044 2576 2121 καἰ’μηδε“ις
2612 2049 2701 2103 διὰ
2737 2050 2837 2119 τῆς
2879 2049 3331 2120 ὲθελοθρησκείας
3368 2048 3670 2103 διαϐαλλέτω
3702 2048 3773 2103 τὸν

2256 2144 2432 2212 λόγον,
2470 2144 2545 2207 ὡς
2582 2143 2903 2215 προτεθέντα
2935 2144 3027 2198 τὸν
3057 2143 3184 2197 Υίδν
3217 2143 3309 2197 τοῦ
3334 2148 3676 2215 γεννήσαντος.
3715 2145 3774 2199 Οὐ

2258 2234 2367 2304 γάρ
2399 2236 2489 2288 τὸν
2520 2235 2647 2287 Υίον
2686 2236 3048 2306 προτετάχθαι
3087 2236 3179 2289 τοῦ
3222 2237 3452 2307 Πατρὸς,
3481 2237 3565 2289 καὶ
3592 2253 3777 2307 προεπι-

2259 2328 2494 2380 νοεῖσθαι
2525 2328 3029 2398 κατασκευάζομεν,
3065 2331 3113 2380 εἰ
3144 2330 3273 2400 περὶ
3305 2330 3400 2399 τῆς
3429 2328 3516 2381 τοῦ
3540 2327 3776 2397 γεννητοῦ,

2262 2420 2356 2473 καὶ
2385 2420 2674 2490 ἁγεννήτου
2697 2421 2968 2493 σημασίας
2991 2420 3344 2493 διαλαμϐάνει
3364 2421 3392 2473 ὁ
3415 2422 3580 2489 λόγος.
3610 2419 3778 2474 Οὐκοῦν

2263 2513 2295 2582 ἡ
2336 2510 2433 2581 μὲν
2476 2511 2727 2580 γέννησίς
2772 2529 2913 2576 τινος
2946 2512 3270 2583 πράγματος
3307 2512 3339 2581 ἢ
3379 2514 3627 2581 νοήματος
3664 2510 3779 2563 θέσιν

2265 2605 2669 2674 ἀποσημαίνει·
2715 2607 2748 2676 ἡ
2792 2606 2850 2658 δὲ
2914 2602 3246 2673 ἁγεννησία
3295 2605 3391 2677 τὴν
3434 2604 3522 2661 τοῦ
3560 2604 3778 2667 τεθέντος.

2266 2694 2446 2759 καθὼς
2478 2692 2653 2761 εἷπον,
2687 2698 2962 2768 ἀναίρεσιν
2983 2714 2997 2729 ο
3045 2696 3185 2750 ὥστε
3220 2698 3379 2751 παντὶ
3403 2698 3575 2769 τρόπῳ
3599 2712 3783 2765 προεπι-

2264 2788 2499 2841 νοεῖσθαι
2525 2788 2619 2840 τοῦ
2644 2793 2745 2859 τῆς
2804 2790 3170 2859 ἀγεννησίας
3202 2790 3478 2861 ὀνόματος,
3500 2790 3555 2842 τὸ
3577 2789 3661 2858 τῆς
3684 2804 3783 2857 γεν-

2266 2878 2470 2949 νήσεως
2493 2878 2681 2949 ὄνομα.
2711 2878 2776 2932 Τί
2802 2875 2894 2935 οὖν
2927 2881 2983 2933 ὲν
3002 2881 3214 2943 τούτοις
3242 2884 3437 2934 οἰκεῖον
3460 2879 3533 2950 τῷ
3552 2880 3717 2949 Πατρὶ.
3736 2878 3782 2929 τὸ

2266 2972 2329 3040 τῇ
2359 2969 2509 3033 τάξει
2540 2970 2788 3041 δεύτερον
2822 2972 2878 3025 ὲν
2919 2974 3033 3035 τοῖς
3070 2972 3330 3043 ὀνόμασιν
3363 2971 3666 3043 ἐφαρμόζειν
3692 2970 3785 3039 βιά-

593 3062 901 3108 monstrare
933 3059 987 3104 et
1014 3048 1303 3118 complecti
1332 3047 1570 3100 nominis
1599 3047 1894 3100 essentiam
1920 3048 1943 3099 ?
1970 3055 2023 3102 et
2080 3057 2162 3099 ta-

2268 3063 2472 3127 ζονται,
2498 3062 2589 3114 καὶ
2623 3064 2826 3115 οἴονται
2860 3062 2921 3117 τό
2956 3080 3099 3127 τινος
3137 3064 3482 3136 ἀφαιρετικὸν
3516 3063 3673 3133 νόημα
3700 3062 3784 3114 δει-

588 3162 713 3201 men
747 3144 815 3198 iis
845 3142 938 3210 qui
967 3140 1271 3195 fatuitatem
1302 3148 1356 3192 et
1387 3138 1751 3193 insulsitatem
1788 3153 2000 3201 eorum,
2043 3154 2163 3206 quae

591 3240 848 3290 asserunt
882 3230 1158 3295 refellunt,
1200 3228 1493 3284 admodum
1530 3236 1879 3291 succensent,
1909 3234 1961 3282 et
1993 3228 2047 3281 in
2069 3242 2164 3284 eos

590 3327 961 3381 concitantur.

660 3413 797 3469 Vide
816 3413 960 3469 enim
991 3426 1156 3481 quam
1192 3410 1432 3465 insaniat
1470 3408 1525 3463 in
1559 3408 1735 3473 illum,
1758 3407 1851 3477 qui
1885 3406 2164 3462 infirmita-

592 3510 699 3556 tem
728 3508 783 3554 et
812 3498 1121 3553 (utilitatem
1151 3506 1598 3567 argumentorum
1625 3497 1747 3565 ejus
1790 3495 2071 3567 patefacit,
2111 3504 2167 3552 et

592 3606 781 3660 quam,
816 3598 878 3645 ut
906 3596 1106 3660 potest,
1142 3589 1213 3644 ab
1261 3589 1353 3643 illo
1386 3589 1683 3644 vindictam
1735 3591 1917 3661 exigat
1946 3611 1959 3647 :
1987 3599 2167 3660 potest

591 3690 775 3737 autem
801 3681 933 3737 solis
956 3680 1222 3735 conviciis
1257 3680 1531 3750 illatisque
1554 3681 1807 3750 injuriis:
1847 3681 2007 3751 cujus
2048 3698 2168 3753 pro-

591 3774 742 3829 fecto
794 3787 941 3841 gaza:
986 3771 1406 3842 copiosissimus
1446 3773 1663 3827 eidomi
1712 3784 2008 3843 proventus
2060 3788 2164 3831 est.

593 3863 1058 3931 Quemadmodum
1080 3863 1225 3918 enim
1242 3863 1370 3927 illis,
1384 3864 1478 3933 qui
1501 3864 1670 3920 libros
1690 3866 1985 3936 eleganter,
2004 3882 2166 3921 mun-

592 3957 659 4013 de
680 3967 733 4012 et
766 3954 939 4011 nitide
967 3955 1309 4021 describunt,
1334 3972 1510 4012 nexus
1535 3957 1759 4025 quidam
1780 3967 1836 4013 et
1865 3960 2024 4028 quasi
2047 3960 2168 4015 vin-

594 4054 720 4109 cula
751 4061 900 4116 sunt,
968 4050 1171 4120 quibus
1220 4062 1395 4103 vacua
1452 4048 1629 4117 spatia
1666 4048 1912 4118 explent,
1961 4058 2017 4104 et
2066 4051 2164 4105 toti

598 4144 880 4214 scriptioni
929 4147 1273 4198 venustatem
1339 4147 1392 4194 et
1439 4140 1769 4210 elegantiam
1826 4140 2162 4196 conciliant:

597 4239 667 4292 ita
730 4237 833 4291 iste
868 4235 1128 4304 pleraque
1176 4230 1444 4285 conviciis
1492 4238 1746 4292 exornat,
1790 4230 2165 4285 calumniandi

596 4327 797 4380 eximia
827 4326 1085 4379 facultate
1137 4323 1395 4392 praeclare
1444 4321 1759 4390 insignitus.
1793 4320 1990 4376 lterum
2020 4323 2164 4376 enim

2271 3153 2489 3212 κτικὸν,
2539 3153 2634 3207 καὶ
2674 3154 3063 3225 περιληπτικὸν
3103 3152 3246 3209 εἶναι
3293 3156 3390 3227 τῆς
3429 3154 3518 3209 τοῦ
3570 3154 3785 3223 ὀνόματος

2266 3241 2451 3304 ούσίας
2486 3256 2501 3305 ;
2553 3243 2646 3296 καὶ
2694 3243 2831 3313 πρὸς
2874 3245 3000 3307 τοὺς
3040 3244 3358 3315 ἐλέγχοντας
3392 3245 3488 3314 τὴν
3530 3244 3785 3315 σαθρότητα

2266 3332 2373 3385 τῶν
2401 3332 2575 3401 λόγων
2608 3333 2996 3402 ἀγανακτοῦσι,
3030 3337 3122 3389 καὶ
3144 3336 3547 3407 παροξύνονται.

2353 3423 2482 3478 Ἰδοὺ
2512 3423 2620 3495 γὰρ
2659 3424 2775 3488 πῶς
2811 3428 3137 3495 μνησικακεῖ
3175 3427 3256 3497 τῷ
3297 3427 3357 3481 τὸ
3411 3427 3592 3498 σαθρὸν
3648 3424 3778 3480 αὑτοῦ

2268 3515 2361 3568 καὶ
2388 3514 2612 3578 ἀσθενὲς
2662 3516 2760 3585 τῆς
2824 3518 3155 3589 κακουργίας
3221 3518 3555 3589 φωράσαντι⁹
3613 3515 3693 3569 καὶ
3730 3513 3787 3575 ὡς

2267 3606 2529 3677 ἀμύνεται
2563 3608 2747 3673 αὐτὸν,
2780 3608 2848 3661 δι’
2876 3602 2950 3663 ὦν
2985 3609 3239 3663 δύναται*
3275 3612 3488 3665 δύναται
3515 3610 3567 3663 δὲ
3604 3609 3679 3663 διὰ
3701 3608 3788 3661 λοι-

2267 3698 2449 3770 δορίας
2501 3699 2688 3770 μόνης,
2741 3702 2837 3754 καὶ
2892 3700 3133 3772 ὕϐρεωςο
3188 3704 3282 3756 καὶ
3335 3703 3528 3773 σφόδρα
3570 3718 3626 3770 γε
3669 3698 3788 3767 αὐτῷ

2270 3790 2575 3861 περιττεύει
2602 3791 2662 3843 τὸ
2699 3792 2881 3863 κτῆμα
2916 3794 3014 3864 τῆς
3050 3796 3306 3867 τοιαύτης
3335 3796 3615 3866 δυνάμεως.
3642 3790 3789 3846 K405i-

2269 3899 2376 3953 περ
2419 3882 2526 3953 γὰρ
2562 3883 2654 3936 ἐπὶ
2686 3884 2793 3937 τῶν
2831 3886 3341 3958 καλλιγραφούντων
3381 3888 3469 3941 τὸν
3507 3887 3661 3955 λόγον,
3693 3884 3789 3936 σύν⁴

2268 3974 2453 4043 δεσμοί
2492 3991 2635 4039 τινες
2682 3974 2776 4029 τοῦ
2825 3976 3030 4049 ῥυθμοῦ
3068 3978 3129 4031 τὸ
3174 3979 3351 4055 ἐνδέον
3392 3975 3787 4052 παραπληροῦσι’

2269 4066 2329 4118 τὸ
2366 4064 2557 4136 εὔηχόν
2588 4083 2647 4119 τε
2680 4067 2775 4122 καὶ
2806 4068 3122 4139 ἐναρμόνιον
3148 4069 3217 4123 δι’
3245 4069 3421 4124 αὐτῶν
3450 4067 3713 4127 ἐντιθέντες
3736 4064 3787 4132 τῇ

2273 4157 2488 4223 συνάξει
2512 4156 2612 4226 τῆς
2630 4158 2855 4222 λέξεωςο
2881 4157 3051 4223 οὕτως
3074 4160 3131 4211 ὲν
3154 4164 3265 4224 τοῖς
3294 4160 3553 4222 πλείστοις
3572 4153 3637 4211 ὦν
3653 4156 3789 4222 λέγει,

2271 4250 2328 4301 ὲν
2358 4251 2477 4311 ταῖς
2506 4250 2791 4321 λοιδορίαις
2820 4251 3223 4306 καταποικίλλει
3258 4253 3354 4323 τὴν
3383 4250 3691 4321 συγγραφὴν,
3713 4246 3788 4298 ὦσ-

2274 4356 2378 4411 περ
2427 4339 2893 4410 καλλωπιζόμενος
2927 4344 2990 4414 τῇ
3034 4343 3321 4414 περιουσίᾳ
3354 4344 3448 4414 τῆς
3475 4342 3560 4397 τοῦ
3594 4336 3789 4410 ὑύρίξειν

597 4429 700 4473 nos
751 4418 1033 4487 appellitat
1084 4431 1267 4477 vanos,
1329 4415 1482 4484 quia
1518 4416 1685 4468 rectis
1738 4415 2162 4485 cogitationibus

2273 4430 2569 4501 δυνάμεως.
2627 4432 2795 4485 Πάλιν
2840 4431 2947 4503 γὰρ
3006 4434 3163 4504 ἡμεῖς
3207 4437 3471 4505 μάταιον
3518 4431 3662 4486 πάλιν
3708 4425 3789 4480 τῶν

598 4512 939 4572 aberremus,
984 4522 1161 4577 neque
1196 4507 1335 4561 satis
1373 4507 1576 4562 idoneo
1606 4518 1867 4576 apparatu
1902 4506 1969 4561 ad
1994 4519 2172 4561 certa-

599 4610 721 4656 men
750 4601 1170 4663 accesserimus,
1197 4615 1376 4668 neque
1403 4599 1567 4653 etiam
1588 4599 1695 4653 vim
1714 4607 1768 4654 et
1795 4607 2032 4653 mentem
2057 4600 2170 4653 dis-

606 4694 853 4763 putantis
911 4692 1135 4762 assequi
1166 4692 1469 4747 valeamus.
1531 4691 1657 4746 Haec
1688 4693 1833 4746 enim
1861 4693 2065 4758 omnia,
2119 4702 2173 4746 et

602 4774 911 4857 pluratalia
942 4801 971 4839 a
1006 4785 1255 4841 modesto
1290 4789 1419 4849 isto,
1462 4792 1517 4839 et
1550 4786 1687 4840 bene
1712 4788 2020 4854 composito
2074 4802 2171 4840 ore

602 4881 653 4931 in
686 4878 1006 4947 magistrum
1040 4884 1291 4931 nostrum
1325 4875 1632 4946 (Basilium)
1663 4876 2061 4944 conjiciuntur.
2109 4876 2171 4929 Et

602 4968 785 5023 forsan
817 4967 969 5036 justa
1004 4967 1100 5021 irze
1135 4982 1301 5022 causa
1341 4969 1612 5036 suppetit,
1652 4969 1958 5038 meritoque
1988 4969 2171 5023 decla-

602 5069 780 5114 mator
806 5058 1134 5114 effervescit.
1165 5058 1308 5125 Quid
1341 5058 1487 5113 enim
1512 5074 1737 5115 necesse
1755 5069 1893 5125 erat,
1916 5073 1974 5115 ut
1993 5063 2169 5130 ipsmn

601 5149 977 5213 contristaret,
1026 5150 1459 5205 demonstrando
1492 5150 1927 5207 imbecillitatem
1957 5168 2169 5217 eorum,

601 5256 722 5312 qua:
748 5242 868 5310 ipse
891 5242 1175 5304 disseruit,
1200 5241 1606 5297 manifestando
1636 5243 1880 5314 insuper,
1905 5246 2174 5301 omnium-

601 5348 709 5402 que
760 5332 936 5386 oculis
983 5331 1309 5400 exponendo
1348 5332 1747 5401 blasphemiam
1794 5336 2172 5391 verisimilitu-

599 5422 727 5476 dine
759 5422 1158 5491 sOphismatum
1197 5423 1565 5478 tectam?Cur
1597 5439 1705 5477 non
1742 5426 1924 5495 potius
1955 5429 2171 5487 silentio

602 5512 950 5582 fragilitatem
1004 5512 1276 5583 dogmatis
1311 5514 1478 5582 ltujus
1538 5516 1708 5582 tegit?
1743 5517 1856 5571 Cur
1904 5521 2166 5575 miserum

602 5607 802 5676 ubique
831 5606 1159 5669 traducit,et
1188 5606 1257 5662 ad
1289 5607 1569 5676 publicum
1598 5612 1756 5679 quasi
1786 5615 2169 5680 spectaculum

597 5696 839 5765 exponit,
878 5712 1001 5752 cum
1036 5697 1181 5753 illius
1227 5701 1402 5770 magis
1440 5702 1712 5767 misereri,
1758 5714 1809 5760 et
1846 5705 2159 5776 disputatio-

2273 4521 2448 4592 ὀρθῶν
2481 4522 2754 4592 λογισμῶν
2794 4524 3217 4595 ἁμαρτάνοντες,
3244 4528 3336 4580 καὶ
3368 4528 3425 4579 οὐ
3459 4525 3586 4596 μετὰ
3607 4524 3691 4592 τῆς
3715 4521 3789 4587 ἀρ’

2273 4613 2473 4683 κούσης
2501 4616 2565 4684 τῇ
2595 4614 2751 4685 χρείᾳ
2780 4618 3130 4688 παρασκευῆς
3157 4622 3271 4682 τοῖς
3305 4619 3477 4687 λόγοις
3508 4608 3789 4684 ἐπιχειροῦνο

2274 4721 2382 4767 τες,
2424 4704 2515 4756 καὶ
2558 4706 2657 4774 τῆς
2702 4704 2796 4757 τοῦ
2840 4704 3086 4773 λέγοντος
3127 4707 3359 4771 διανοίας
3404 4704 3788 4773 ἀπολειπόμενοι.

2273 4795 2456 4850 Ταῦτα
2494 4796 2600 4868 γάρ
2640 4797 2833 4862 πάντα,
2883 4802 2977 4851 καὶ
3025 4799 3102 4851 ἔτι
3151 4800 3320 4852 πλείω
3352 4799 3543 4853 τούτων
3568 4794 3697 4864 παρὰ
3719 4789 3790 4843 τοῦ

2274 4886 2655 4949 εύσταθοῦντος
2686 4887 2949 4958 στόματος
2992 4891 3020 4942 ὁ
3063 4889 3377 4954 διδάσκαλος
3404 4889 3550 4961 ἡμῶν
3575 4883 3789 4954 ὀνομάζεο

2273 4996 2386 5032 ταιο
2426 4981 2515 5032 καὶ
2551 4980 2678 5043 ἴσως
2710 4980 2809 5033 οὐκ
2841 4982 3031 5050 ἄλογος
3068 4983 3168 5052 τῆς
3206 4983 3373 5053 ὀργῆς
3415 4986 3445 5053 ἡ
3491 4984 3649 5041 αίτια,
3686 4972 3790 5028 ἀλλὰ

2272 5070 2491 5133 δικαίως
2516 5073 2542 5122 ὁ
2571 5070 2903 5142 λογογράσος
2936 5072 3306 5143 παρώξυνταιθ
3337 5074 3387 5125 τί
3411 5071 3512 5143 γάρ
3542 5068 3682 5121 αὑτὸν
3709 5062 3789 5114 ἔδει

2271 5162 2460 5216 λυπεῖν
2502 5163 2849 5234 ἐξελέγχοντα
2880 5166 2977 5237 τὴν
3018 5166 3326 5237 ἀρρωστίαν
3359 5165 3446 5217 τοῦ
3479 5163 3620 5230 λόγου
3652 5154 3789 5211 τοῦδε,

2272 5252 2658 5323 παραγυμνοῦν
2687 5272 2744 5306 τε
2779 5255 2872 5306 καὶ
2913 5254 3142 5325 φανερὸν
3173 5256 3340 5307 ποιεῖν
3366 5255 3474 5315 τοῖς
3504 5237 3788 5316 εύκεραιοτέ-

2272 5361 2384 5413 ροις
2428 5344 2487 5396 τδ
2531 5344 2866 5415 βλάσφημον,
2898 5348 2964 5415 τῇ
3002 5344 3313 5414 πιθανότητι
3352 5344 3456 5397 τῶν
3496 5337 3790 5407 σοφισμάτων

2272 5434 2812 5507 συγκαλυπτόμενονς
2859 5437 2948 5490 διὰ
3003 5438 3054 5491 τί
3104 5437 3161 5491 δὲ
3215 5440 3311 5492 οὐκ
3367 5431 3692 5489 ἐπικαλύπτει
3738 5423 3788 5489 τῇ

2273 5528 2446 5596 σιωπῇ
2478 5526 2544 5579 τὰ
2580 5528 2754 5600 σαθρά
2790 5528 2884 5581 τθῧ
2929 5529 3211 5600 δόγματος,
3253 5529 3386 5583 ἀλλά
3426 5520 3697 5597 στηλιτεύει
3720 5512 3788 5565 τὸν

2270 5619 2532 5673 δείλαιονο
2566 5621 2682 5674 δέον
2722 5623 2888 5676 ἐλεεῖν
2934 5626 3025 5676 καὶ
3073 5623 3454 5678 ἐπικαλύπτων
3490 5618 3572 5673 διὰ
3605 5607 3789 5684 ἡσυχίας

2270 5714 2368 5783 τὴν
2404 5714 2788 5786 ἀσχημοσύνην
2825 5716 2916 5769 τοῦ
2944 5716 3137 5785 λόγου;
3180 5719 3235 5771 ’0
3267 5716 3322 5769 δὲ
3352 5715 3551 5783 ἐλέγχει
3588 5701 3791 5763 καὶθεὺ
