3922 6446
214 277 305 329 053

1351 267 1629 324 CONTRA
1671 264 2058 331 EUNOMIUM,
2092 263 2222 318 LIB.
2241 295 2246 298 -
2265 263 2303 318 l.

3350 261 3456 320 ιει

211 389 364 461 τρίζει
403 385 492 439 τὸν
533 385 782 440 όπωσοῦν
823 385 973 456 παρά
1016 387 1130 449 τοῖς
1176 385 1325 449 ἰδίοις
1365 387 1636 457 μαθηταῖς
1675 387 1767 438 ἐπὶ

1887 384 1955 437 iis
1986 379 2376 450 turpitudinem
2415 379 2578 434 tacite
2600 380 2822 448 operire
2867 377 3098 434 deceat?
3137 378 3204 431 At
3243 368 3460 433 istea‘e-

211 479 372 548 σοφίᾳ,
402 477 494 530 καὶ
522 477 770 548 ἀγχινοίᾳ
801 475 1128 546 τιμώμενον.
1178 470 1314 528 Εἷπέ
1355 493 1456 528 που
1501 476 1608 528 τῶν
1641 477 1769 528 ἑαυ-

206 571 287 623 τοῦ
311 569 474 637 λόγων
504 571 533 622 ὁ
561 569 822 639 Εὐνόμιος
843 584 856 597 ο
891 569 1175 621 Ἕπεσθαι
1219 566 1300 632 τῷ
1344 566 1466 632 Θεῷ
1506 568 1573 621 τὸ
1598 567 1772 638 ἀγέν-

209 675 406 728 νητον·
437 659 640 728 ὲπέστη
675 660 755 731 τῷ
795 660 998 731 ῥήματι
1029 660 1058 711 ό
1096 658 1410 722 διδάσκαλος
1437 662 1597 731 ἡμῶν
1642 678 1654 690 ·
1694 663 1771 715 ὅτι

204 755 254 804 τὸ
278 752 552 822 ἑπόμενον,
577 753 685 804 τῶν
713 751 906 817 ἔξωθεν
938 751 1420 823 ὲπιθεωρουμένων
1447 752 1592 805 ἐστίν
1615 768 1626 780 °
1657 754 1688 821 ἡ
1715 754 1771 808 δὲ

203 843 340 898 οὐσία
379 843 439 896 οὐ
479 842 588 896 τῶν
635 843 832 909 ἔξωθέν
878 860 1042 906 τινος,
1088 843 1202 896 ἀλλ’
1254 844 1415 898 αὐτοῦ
1467 843 1560 897 τοῦ
1611 841 1771 910 εἶναι,

203 934 320 987 καθό
349 935 482 997 ἐστι,
511 935 611 1004 τὴν
644 934 915 1005 σημασίαν
945 933 1296 988 ἐνδείκνυται.
1326 935 1423 988 Διὰ
1452 935 1606 988 τοῦτο
1635 936 1773 1003 ἀγα-

203 1028 370 1080 νακτεῖ
414 1027 442 1078 ό
483 1028 731 1096 ἐπιεικής
770 1043 829 1078 τε
879 1027 968 1080 καὶ
1010 1027 1247 1097 ἄμαχος·
1288 1028 1378 1080 καὶ
1424 1028 1589 1091 πολύς
1627 1031 1774 1081 ἐστιν

200 1114 384 1186 εὐροῶν
431 1117 547 1178 τοῖς
587 1115 847 1167 όνείδεσι’
896 1116 1029 1168 διότι
1072 1117 1310 1180 ἀκούσας
1355 1117 1448 1170 τοῦ
1498 1117 1770 1188 ῥηθέντος,

199 1207 400 1277 καὶτῆς
422 1207 663 1269 διανοίας
692 1206 977 1276 ὲπῄαθετο.
1020 1209 1084 1260 Τί
1133 1203 1225 1260 οὖν
1253 1208 1520 1278 ἥμαρτεν,
1562 1210 1608 1260 εἰ
1652 1211 1770 1262 ἐπι-

200 1299 446 1361 στιτικῶς
475 1302 542 1370 τῇ
575 1297 785 1369 διανοίᾳ
832 1299 940 1350 τῶν
974 1301 1372 1370 γεγραμμένων
1404 1298 1774 1370 ἐπηκολούθη-

200 1404 302 1453 σεν;
335 1389 395 1440 ΕΞ
420 1387 527 1456 μὲν
556 1387 668 1458 γὰρ
696 1389 757 1440 οὐ
793 1387 934 1440 κατὰ
965 1387 1121 1456 λόγον
1157 1389 1266 1442 τῶν
1308 1389 1611 1461 εἰρημένων
1655 1388 1777 1441 ὲλά-

199 1479 322 1541 ὁετο,
349 1477 530 1539 καλῶς
559 1477 672 1546 ἔχει
716 1495 801 1530 σοι
844 1477 914 1530 τὰ
954 1479 1235 1549 εἰρημένα,
1267 1480 1362 1532 καὶ
1394 1482 1552 1551 ἡμεῖς
1581 1481 1776 1551 ἀγνοή-

199 1587 363 1639 σομεν.
392 1569 455 1620 Εἰ
499 1569 558 1621 δὲ
609 1568 867 1638 ἐρυθριᾷς
912 1569 1048 1640 πρὸς
1079 1570 1168 1622 τὸν
1214 1569 1453 1640 ἔλεγχον,
1483 1569 1537 1622 τί
1564 1571 1664 1623 οὐκ
1693 1570 1777 1636 ἐξ-

197 1661 416 1727 αλείφεις
464 1658 667 1712 ἐκτῶν
708 1659 1141 1730 γεγραμμένων,
1194 1659 1331 1714 ἀλλὰ
1384 1661 1639 1732 λοιδορεῖς
1684 1663 1776 1715 τὸν

1873 472 2013 525 futat
2068 479 2121 525 et
2143 471 2290 523 velut
2337 470 2390 523 in
2426 470 2700 522 theatrum
2745 469 2884 539 rapit
2934 470 3112 531 illum,
3146 469 3240 539 qui
3277 483 3307 522 a
3342 470 3458 526 suis

1873 562 2162 632 discipulis
2186 570 2412 630 propter
2440 561 2724 630 sapientia:
2748 569 2802 615 et
2823 561 3094 616 acuminis
3119 561 3458 630 Opinionem,

1874 654 2042 706 nullis
2090 668 2201 706 non
2246 652 2551 707 honoribus
2589 649 2843 706 afficitur.
2896 651 3117 707 Dixerat
3158 653 3359 707 alicubi
3401 651 3454 704 iu

1875 745 1993 799 suis
2041 743 2528 798 dissertationibus
2597 742 2921 807 Eunomius,
2957 743 3257 815 Ingenitum
3305 745 3453 814 sequi

1874 837 2064 892 Deum.
2103 837 2318 905 Objecit
2353 836 2549 891 doctor
2596 845 2781 892 noster
2811 837 2957 891 dicto
2998 837 3125 891 huic
3155 838 3453 892 insistens:

1876 928 1931 982 id
1964 928 2109 998 quod
2136 928 2408 996 sequitur,
2440 943 2563 982 esse
2593 944 2656 983 ex
2688 944 2880 983 eorum
2925 945 3176 994 numero,
3209 945 3332 1000 qua:
3360 947 3457 984 ex-

1879 1021 2154 1075 trinsecus
2191 1018 2512 1082 adveniunt,
2551 1030 2603 1072 at
2646 1021 2940 1075 essentiam
2974 1037 3081 1074 non
3107 1037 3302 1076 essecx
3327 1022 3454 1084 illis,

1876 1127 1998 1182 qua:
2031 1112 2376 1167 extrinsecus
2410 1113 2730 1176 adveniunt,
2759 1113 2854 1167 sed
2883 1113 3057 1182 ipsius
3087 1129 3224 1178 esse,
3259 1128 3459 1168 secun.

1877 1204 2006 1258 dum
2042 1206 2186 1272 quod
2223 1211 2328 1264 est,
2386 1204 2846 1274 significationem
2902 1205 3208 1260 continere.
3252 1205 3350 1259 Hic
3375 1206 3457 1259 ira

1878 1295 2247 1350 inflammatur
2287 1296 2569 1349 modestus
2624 1295 2714 1349 ille
2770 1305 2824 1350 et
2857 1295 3117 1360 invictus,
3176 1303 3230 1350 et
3288 1297 3459 1350 multa

1881 1387 2074 1455 probra
2128 1395 2362 1449 eructat,
2394 1386 2520 1456 quia
2548 1384 2697 1438 dicto
2724 1393 2999 1454 percepto,
3028 1385 3205 1455 ipsum
3241 1401 3460 1457 quoque

1879 1491 2101 1532 sensum
2137 1478 2397 1547 percepit.
2431 1474 2572 1542 Quid
2599 1475 2768 1543 igitur
2796 1477 3064 1545 peccavit,
3109 1477 3156 1530 si
3193 1487 3462 1531 constan~

1880 1576 1963 1624 ter
2001 1569 2328 1623 sententiam
2384 1567 2673 1622 verborum
2727 1576 2952 1623 secutus
2987 1569 3119 1623 est?
3171 1568 3226 1622 Si
3258 1570 3458 1624 enima

1880 1661 2146 1715 sententia
2177 1662 2506 1725 aberrasset,
2535 1671 2680 1715 recte
2713 1675 2798 1724 ea,
2841 1675 2962 1730 quae
2987 1660 3295 1727 effutivisti,
3337 1677 3367 1714 a
3407 1671 3459 1716 te

196 1752 521 1822 προφέροντα
553 1766 566 1813 ;
602 1749 734 1815 Ναί,
768 1751 950 1818 φησὶν,
981 1751 1118 1803 ἀλλ’
1149 1751 1220 1803 οὐ
1249 1749 1484 1820 συνῆκε
1537 1752 1642 1805 τοῦ
1682 1755 1780 1807 λό-

1887 1753 2097 1822 prolata
2158 1769 2305 1815 esse,
2347 1768 2449 1807 nos
2505 1768 2722 1821 quoque
2780 1753 3183 1808 confiteremur.
3237 1754 3295 1806 Si
3331 1768 3460 1808 vero

198 1860 290 1910 του
329 1839 393 1892 τὸ
437 1840 752 1909 βούλημα.
791 1839 855 1891 Τί
907 1835 998 1892 οὖν
1049 1840 1366 1911 ἀδικοῦμεν,
1407 1843 1454 1896 εί
1505 1841 1780 1914 ἄνθρωποι

197 1933 326 1994 δντες
358 1932 423 1983 ὲκ
453 1930 568 1984 τῶν
600 1931 904 2002 εἰρημένων
933 1931 1032 2001 τῆς
1064 1931 1301 1996 διανοίας
1340 1934 1780 2005 ὲστοχασάμεθα,

196 2023 286 2077 τῶν
337 2024 392 2075 ἐν
446 2021 684 2092 κρυπτῷ
739 2023 838 2092 τῆς
897 2022 1121 2093 καρδίας
1171 2025 1422 2093 οὐδεμίαν
1476 2026 1780 2095 κατάληψιν

197 2116 423 2182 ἔχοντες
457 2115 588 2186 Θεῷ
619 2115 856 2186 μὲνγὰρ
898 2116 1132 2187 ὑπάρχει
1177 2118 1271 2170 καὶ
1311 2119 1379 2171 τὰ
1412 2118 1615 2172 ἀθέατα
1656 2119 1778 2189 βλέ-

197 2224 318 2268 πειν,
353 2207 448 2260 καὶ
477 2206 598 2259 τῶν
630 2205 819 2274 μηδενὶ
848 2208 1033 2278 τρόπῳ
1063 2207 1626 2279 καταλαμϐανομένων
1652 2211 1778 2274 τοὺς

196 2300 540 2370 χαρακτῆρας
587 2299 928 2364 ἐπισκοπεῖν,
980 2301 1074 2352 καὶ
1120 2299 1218 2370 τὴν
1272 2302 1626 2371 ἀνομοιότητα
1669 2302 1776 2355 τῶν

197 2389 421 2461 ἀοράτων
486 2388 910 2458 ἐπιγινώσκειν
972 2393 1135 2462 ἡμεῖς
1205 2391 1262 2445 δὲ
1333 2392 1529 2457 μόνον,
1588 2393 1656 2448 δι’
1703 2387 1777 2447 ὧν

196 2480 468 2551 ἀκούομεν,
513 2482 788 2554 κρίνομεν.

1883 1845 1951 1898 ad
1980 1843 2363 1900 refutationem
2413 1844 2718 1922 erubescis,
2747 1859 2847 1898 cur
2869 1860 2977 1899 non
3003 1847 3290 1916 expungis,
3337 1859 3462 1916 quae

1884 1938 2201 2006 scripsisti?
2235 1953 2334 1992 cur
2369 1953 2492 1992 eum
2525 1938 2876 1993 contumeliis
2937 1938 3205 1993 incessis?
3251 1937 3459 2008 Utique,

1895 2029 2098 2099 inquit,
2135 2029 2225 2082 sed
2252 2046 2356 2084 non
2389 2030 2668 2092 intellexit,
2699 2045 2950 2098 quorsum
2997 2029 3226 2083 tenderet
3263 2030 3457 2084 oratio.

1886 2119 2063 2185 Quam
2094 2120 2262 2191 igitur
2290 2120 2544 2189 injuriam
2575 2120 2904 2189 irroganius.
2932 2119 2975 2174 si
3005 2135 3128 2174 cum
3162 2121 3336 2175 simus
3363 2121 3462 2174 ho-
3496 2143 3502 2149 -

1884 2213 2087 2276 mines,
2126 2229 2190 2266 ex
2229 2214 2411 2269 verbis
2437 2215 2504 2268 de
2539 2223 2720 2267 mente
2768 2214 3146 2282 conjecturam
3203 2214 3459 2277 facimus,

1875 2318 1999 2356 cum
2030 2304 2240 2356 nullum
2275 2305 2424 2358 aliud
2453 2321 2666 2370 eorum,
2687 2320 2808 2374 qua:
2833 2305 2884 2357 in
2923 2305 3088 2360 corde
3110 2304 3462 2369 delitescunt,

1877 2395 2136 2450 indicium
2173 2398 2476 2466 suppetat?
2531 2397 2640 2450 Deo
2675 2397 2820 2451 enim
2877 2412 3111 2467 pronum
3173 2405 3257 2452 cst
3296 2397 3462 2467 etiam

1876 2487 2173 2542 invisibilia
2237 2488 2446 2556 videre,
2471 2497 2523 2544 et
2552 2505 2764 2555 em'um,
2791 2505 2914 2559 quae
2941 2490 3094 2542 nullo
3120 2488 3280 2543 modo
3309 2503 3462 2542 com-

197 2574 623 2644 prehenduntur,
677 2582 837 2629 notas
876 2573 1074 2629 intueri
1123 2582 1176 2630 et
1206 2576 1640 2647 inaequalitatem
1685 2578 2160 2649 inaspectabiliuin
2225 2598 2576 2654 cognoscere.
2659 2583 2770 2639 Nos
2837 2600 2964 2640 vero
3000 2600 3065 2639 ex
3117 2586 3320 2673 auditis
3375 2585 3465 2655 ju-

198 2667 443 2723 dicamus.

256 2761 474 2833 Εἴρηται
511 2761 712 2825 τοίνυν,
753 2762 1128 2831 Παρέπεσθαι
1157 2764 1233 2830 τῷ
1258 2765 1377 2833 Θεῷ
1401 2771 1420 2790 ⁶
1440 2769 1778 2840 παρακολου-

199 2851 432 2917 θούντων,
463 2853 573 2924 τὴν
600 2853 973 2923 ἀγεννησίαν
995 2855 1155 2910 αὐτὸν
1184 2856 1359 2924 λέγειν
1380 2861 1773 2931 υπενοησαμεν.

199 2945 346 2998 Πάλιν
379 2946 624 3017 εἴρηται,
652 2943 905 2999 Μᾶλλον
954 2946 1022 2999 δὲ
1065 2949 1213 3002 αὑτό
1261 2950 1432 3003 ἐστιν
1482 2953 1663 3005 οὐσία
1707 2953 1775 3006 τὸ

200 3037 540 3106 ἀγέννητον.
572 3037 766 3091 Οὐκέτι
804 3037 995 3091 τούτου
1037 3043 1273 3094 συνεῖναι
1315 3043 1416 3114 τὴν
1459 3043 1774 3097 ἀκολουθίαν

201 3130 512 3200 ἰσχύσαμεν,
546 3129 681 3184 πολὺ
724 3129 786 3182 τὸ
836 3130 1331 3202 ἀπεμφαινόμενον,
1385 3134 1478 3186 καὶ
1518 3135 1579 3186 τὸ
1620 3135 1776 3188 ἀλλό-

199 3237 338 3273 κοτον
369 3223 425 3274 έν
456 3223 580 3284 τοῖς
626 3221 1047 3292 σημαινομένοις
1091 3225 1547 3294 κατανοήσαντες.
1574 3226 1638 3279 Et
1669 3226 1778 3298 γὰρ

203 3307 514 3378 παρέπεται
553 3308 635 3374 τῷ
664 3308 785 3375 Θεῷ
819 3309 884 3364 τὸ
918 3312 1270 3382 ἀγέννητον.
1305 3314 1365 3366 τὸ
1399 3314 1452 3367 δὲ
1486 3316 1778 3387 ἀγέννητον

199 3401 338 3454 οὐσία
382 3402 532 3461 ἐστὶ,
585 3400 678 3454 δύο
726 3404 942 3466 πάντως
995 3404 1193 3457 οὐσιῶν
1237 3404 1444 3460 ἔννοιαν
1495 3401 1554 3461 ὲν
1597 3407 1779 3478 ταύτῷ

200 3495 595 3558 κατασκευάζει
623 3499 652 3550 ό
687 3495 870 3565 λόγος·
911 3498 987 3561 ὡς
1035 3494 1172 3551 εἶναι
1212 3498 1310 3569 μὲν
1351 3499 1443 3552 τὸν
1472 3499 1604 3552 Θεὸν
1640 3501 1781 3556 κατά

199 3583 394 3646 ταύτόν,
431 3585 516 3649 ὡς
549 3581 687 3639 εἶναι
720 3588 871 3649 ποτὲ,
907 3589 1001 3641 καὶ
1037 3583 1175 3642 εἶναι
1215 3590 1606 3644 πεπίστευταιο
1635 3590 1782 3662 ἔχειν

200 3676 248 3730 δὲ
282 3678 679 3749 παρεπομένην
728 3676 877 3750 αὐτῷ
919 3680 1105 3734 οὐσίαν
1135 3680 1322 3753 ἀλλην,
1352 3683 1418 3752 ἢν
1462 3683 1782 3755 ἀγεννησίαν

201 3769 710 3842 προσαγορεύουσιν,
740 3770 926 3842 ἕτερόν
955 3789 1005 3825 τι
1035 3768 1220 3837 οὖσαν,
1249 3774 1398 3845 παρὰ
1425 3775 1514 3828 τὸν
1541 3767 1602 3828 οὗ
1635 3775 1782 3828 ἐστιν

202 3860 638 3932 ἐπακολούθημα,
686 3862 866 3928 καθώς
911 3881 1075 3936 φησιν
1120 3867 1148 3920 ὁ
1192 3866 1540 3931 διδάσκαλοςο
1589 3870 1684 3922 κα)⁸
1734 3871 1784 3923 εἰ

201 3950 328 4005 οὕτω
357 3953 539 4006 ταῦτα
588 3952 801 4008 κελεύει
852 3958 1012 4021 νοεῖν,
1060 3955 1355 4026 συγγνώτω
1393 3961 1504 4023 τοῖς
1547 3959 1784 4024 ίδιώταις

202 4041 339 4110 ἡμῖν.
370 4043 447 4113 μὴ
499 4041 818 4113 δυναμένοις
850 4045 916 4114 τῇ
969 4043 1257 4115 λεπτότητι
1307 4046 1477 4117 ταύτῃ
1516 4045 1624 4099 τῶν
1653 4046 1787 4099 θεω-

201 4145 263 4200 pr,
273 4130 457 4200 μάτων
497 4131 840 4199 ἐφίστασθαι.

264 4329 394 4383 Εἰδὲ
417 4328 716 4383 ἀποϐάλλει
735 4328 918 4382 τοῦτον
934 4329 1024 4382 τὸν
1046 4328 1220 4397 λόγον,
1248 4329 1340 4382 καὶ
1359 4328 1418 4382 οὐ
1442 4346 1573 4401 φησι
1594 4327 1784 4400 διπλῆν

203 4418 374 4474 οὐσίαν
403 4423 538 4491 περὶ
557 4421 648 4473 τὸν
676 4419 806 4472 Θεὸν
835 4418 1034 4488 λέγειν,
1052 4421 1150 4491 τὴν
1175 4419 1272 4490 μὲν
1299 4420 1363 4472 ὲκ
1385 4420 1482 4489 τῆς
1511 4419 1785 4490 θεότητος,

203 4507 293 4579 τὴν
311 4511 367 4565 δὲ
394 4514 461 4565 ὲκ
501 4510 603 4580 τῆς
631 4508 954 4578 ἀγεννησίας
990 4508 1412 4580 γνωριζομένην,
1441 4509 1619 4579 ἑαυτῷ
1654 4527 1789 4581 συμ-

205 4601 545 4656 εουλευσάτω
587 4602 614 4653 ό
641 4601 777 4672 μήτε
805 4601 1081 4672 προπετὴς
1108 4600 1203 4652 καὶ
1226 4599 1519 4670 ἀπόνηρος,
1551 4600 1624 4672 μὴ
1653 4601 1786 4654 πολὺ

205 4695 379 4766 νέμειν
398 4697 523 4758 ταῖς
546 4692 853 4764 λοιδορίαις,
874 4695 932 4746 ὲν
957 4696 1065 4756 τοῖς
1085 4692 1222 4764 ὑπὲρ
1244 4693 1339 4762 τῆς
1357 4691 1612 4762 ἀληθείας
1645 4693 1789 4761 ἀγῶ-

209 4805 282 4841 σιν
298 4806 310 4819 ’
339 4786 479 4841 ἀλλά
498 4785 781 4852 διασαφεῖν
803 4786 912 4847 τοῖς
938 4782 1276 4846 ἀπαιδεύτοις
1300 4784 1449 4852 ἡμῖν,
1477 4783 1591 4846 πῶς
1613 4783 1672 4836 τὸ
1694 4786 1788 4835 επ-

207 4875 549 4941 ακολουθοῦν,
599 4875 693 4928 καὶ
733 4876 795 4928 τὸ
839 4873 1244 4945 προηγούμενον
1299 4874 1398 4927 οὐκ
1434 4873 1562 4928 ἄλλο
1605 4893 1658 4928 τι
1697 4876 1790 4928 καὶ

205 4968 325 5022 ἄλλο
353 4969 526 5031 ἐστὶν,
552 4965 663 5020 ἀλλ’
687 4965 745 5019 ἓν
785 4966 1067 5036 ἀμφότερα
1093 4965 1297 5034 γίνεται
1318 4981 1331 4994 ο
1359 4966 1452 5018 καὶ
1487 4965 1594 5036 γὰρ
1620 4967 1676 5018 έν
1709 4963 1789 5028 οἷς

207 5062 582 5133 ὑπερμάχεται
626 5059 721 5112 νῦν
775 5057 1076 5125 τοῦλόγου,
1129 5057 1278 5128 μένει
1314 5056 1706 5127 παραπλησίως
1730 5056 1790 5109 τὸ

208 5153 403 5206 ἄτοπον
433 5153 529 5204 καὶ
559 5151 732 5216 οὐδὲν,
763 5150 941 5213 καθὼς
973 5150 1133 5214 αὐτός
1166 5166 1349 5220 φησιν,
1381 5151 1414 5220 ἡ
1447 5148 1554 5204 τῶν
1603 5151 1786 5220 εὐαρι-

209 5243 427 5314 θμήτων
479 5243 702 5296 ἐκείνων
753 5241 1036 5313 προσθήκη
1083 5241 1340 5312 ῥημάτων
1378 5239 1680 5312 διορθοῦται
1729 5241 1789 5293 τὸ

209 5335 312 5387 τῶν
341 5335 647 5407 εἰρημένων
668 5334 1013 5405 ἀσύμφωνον.
1041 5333 1170 5387 Τίνα
1199 5334 1308 5401 γὰρ
1335 5334 1391 5386 ὲν
1415 5333 1620 5396 τούτοις
1643 5334 1790 5386 ἐστιν

213 5426 388 5495 εὑρεῖν
429 5424 795 5490 διδασκαλίαν,
829 5423 981 5478 οῠπω
1029 5424 1268 5477 κατιδεῖν
1299 5425 1589 5495 ἠδυνήθην.
1629 5426 1793 5497 Είρή-

216 5534 363 5572 σεται
404 5519 456 5570 8‘:
494 5516 635 5572 αὐτὰ
676 5517 743 5571 τὰ
777 5518 1135 5588 γεγραμμένα
1186 5519 1315 5587 παρ’
1353 5515 1515 5570 αὐτοῦ
1571 5518 1663 5570 ἐπὶ
1703 5517 1792 5571 λέ-

216 5605 366 5674 ξεως.
393 5611 670 5679 Εἴπομεν,
701 5609 854 5679 φησὶ,
877 5606 1125 5664 Μᾶλλον
1147 5607 1216 5661 δὲ
1252 5608 1401 5661 αὐτό
1431 5607 1602 5660 ἐστιν
1628 5607 1792 5678 ἀγέν-

218 5715 433 5769 νητον,
465 5704 576 5756 οὐκ
596 5703 684 5768 είς
725 5701 792 5756 τὸ
825 5697 976 5755 εἶναι
1007 5699 1440 5769 συναιροῦντες
1466 5698 1530 5752 τὸ
1558 5700 1796 5768 δειχθέν

1819 4461 1865 4518 1)

1956 2766 2100 2820 Dixit
2151 2768 2317 2838 igitur
2352 2788 2367 2824 :
2399 2768 2697 2840 Ingenitum
2728 2772 2873 2841 sequi
2925 2770 3110 2826 Deum.
3157 2772 3256 2826 His
3283 2772 3466 2829 verbis

1855 2858 2458 2916 .adducticrcdidimus
2499 2878 2621 2915 eum
2675 2863 2962 2925 adirmare,
2997 2865 3466 2919 innascibilitatem

1881 2967 2004 3007 esse
2050 2968 2114 3008 ex
2153 2968 2342 3006 eorum
2395 2971 2648 3019 numero,
2710 2971 2832 3025 quae
2889 2958 3236 3013 extrinsecus
3294 2956 3464 3013 Deum

1825 3091 1846 3112 ,
1882 3047 2231 3099 eoinitantur.
2266 3046 2335 3098 At
2355 3061 2480 3100 cum
2512 3062 2705 3102 rursus
2737 3048 2876 3102 dixit
2914 3067 2925 3102 :
2960 3047 3133 3119 Magis
3175 3066 3296 3103 vero
3339 3051 3468 3104 sub--

1881 3137 2083 3190 stantia
2131 3147 2209 3192 est
2254 3138 2545 3208 ingenitum
2579 3154 2596 3192 :
2627 3156 2736 3194 non
2779 3142 3018 3210 amplius
3069 3142 3464 3203 connexionem

1881 3229 2187 3299 intelligere
2223 3231 2525 3299 potuimus,
2547 3231 2752 3301 quippe
2796 3232 2851 3286 in
2881 3232 3211 3302 significatis
3245 3232 3466 3287 diversa

1881 3317 2175 3373 admodum
2207 3327 2262 3374 et
2294 3319 2524 3375 adversa
2551 3321 2812 3375 varietate
2839 3321 3201 3390 deprehensa.
3224 3321 3282 3376 Si
3311 3321 3460 3376 enim

1876 3414 2157 3485 ingenitum
2230 3412 2469 3480 sequitur
2523 3410 2693 3465 Deum
2725 3427 2743 3464 :
2794 3411 3094 3482 ingenitum
3150 3419 3330 3467 autem
3383 3419 3468 3467 est

1881 3505 2220 3562 substantia,
2273 3503 2506 3558 diversa:
2566 3503 2889 3558 substantia:
2929 3504 2984 3558 in
3030 3504 3217 3558 eodem
3258 3506 3468 3558 consti-

1882 3603 2107 3648 tuantur
2133 3602 2389 3665 oportet;
2449 3602 2508 3648 ut
2563 3594 2784 3665 quidem
2848 3595 2990 3650 Deus
3043 3595 3113 3649 sit
3165 3595 3468 3650 secundum

1882 3686 2048 3751 idem,
2077 3687 2221 3742 sicut
2260 3687 2390 3741 olim
2419 3697 2559 3751 erat,
2593 3698 2647 3742 et
2685 3702 2811 3742 esse
2839 3687 3089 3742 creditus
3112 3694 3215 3752 est,
3265 3687 3468 3742 habeat

1880 3791 2012 3833 vero
2064 3778 2489 3847 subsequentem
2540 3792 2600 3832 se
2651 3777 3017 3831 substantiam
3062 3777 3248 3844 aliam,
3301 3793 3467 3847 quam

1884 3867 2376 3924 innascibilitatem
2409 3867 2716 3932 nominant,
2761 3881 2882 3936 quae
2919 3867 3064 3920 aliud
3102 3867 3362 3937 quiddam
3395 3869 3470 3923 sit

1884 3959 2099 4023 abillo,
2159 3959 2323 4026 cujus
2372 3959 2590 4029 sequela
2647 3966 2750 4022 est,
2804 3969 2966 4028 prout
3006 3959 3198 4014 doctor
3255 3960 3466 4029 objicit.

1884 4051 2039 4119 Quod
2071 4053 2116 4106 si
2151 4052 2296 4106 hunc
2349 4052 2403 4106 in
2439 4051 2660 4106 modum
2697 4051 2813 4106 hac
2837 4052 3062 4122 intelligi
3111 4054 3281 4120 cupit,
3313 4053 3468 4122 igno-

1891 4151 2012 4198 scat
2066 4143 2225 4198 nobis
2289 4142 2548 4206 indoctis,
2594 4143 2685 4213 qui
2745 4143 3100 4198 subtilitatem
3158 4143 3470 4213 ιιιιῙυειιίοιιί

1887 4235 2324 4303 speculationum
2348 4247 2542 4304 capere
2575 4232 2886 4301 nequimus.

1956 4325 2222 4381 Caeterum
2254 4327 2299 4380 si
2329 4327 2435 4380 hoc
2459 4340 2624 4381 sensu
2656 4323 2945 4394 repudiato
2977 4333 3210 4393 asserat,
3259 4341 3318 4382 se
3351 4341 3461 4382 non

1888 4425 2131 4473 statuere
2168 4419 2220 4470 in
2254 4416 2364 4470 Deo
2391 4415 2668 4484 duplicem
2691 4415 3012 4480 essentiam,
3038 4417 3261 4471 alteram
3281 4416 3348 4472 de
3385 4417 3470 4472 di-

1894 4507 2141 4569 vinitate,
2179 4506 2404 4560 alteram
2437 4505 2503 4560 de
2541 4505 2991 4569 innascibi'itate,
3059 4505 3302 4562 obtineat
3357 4522 3387 4563 a
3413 4524 3472 4563 se

1897 4599 2077 4660 homo,
2121 4612 2293 4666 neque
2324 4611 2586 4666 praeceps,
2638 4611 2813 4665 neque
2838 4597 3166 4662 m.ditiosus,
3196 4607 3255 4651 ut
3281 4599 3334 4652 in
3357 4614 3474 4654 cer-

1897 4690 2194 4744 taminibus
2247 4704 2347 4757 pro
2377 4688 2627 4749 veritate,
2675 4687 2940 4741 conviciis
2971 4705 3076 4743 non
3122 4691 3352 4745 multum
3382 4692 3469 4746 in-

1896 4782 2149 4850 dulgeat;
2186 4781 2279 4834 sed
2307 4779 2544 4834 dilucide
2589 4789 2826 4850 exponat
2862 4781 3044 4846 nobis,
3085 4782 3361 4850 quomodo
3390 4783 3470 4848 id,

1897 4874 2039 4944 quod
2071 4874 2338 4943 sequitur,
2369 4881 2424 4927 et
2450 4871 2525 4936 id,
2554 4875 2701 4943 quod
2743 4875 3139 4943 antegreditur,
3160 4876 3271 4930 sint
3296 4893 3465 4931 unum

1893 4973 1945 5019 et
1973 4964 2136 5026 idem,
2167 4979 2274 5018 non
2308 4964 2454 5018 aliud
2484 4972 2648 5034 atque
2673 4965 2853 5030 aliud;
2903 4982 3024 5019 nam
3057 4982 3205 5020 nunc
3248 4967 3472 5038 quidem

1893 5057 1983 5124 iis,
2014 5072 2134 5127 quae
2164 5056 2247 5110 sui
2282 5055 2469 5110 tuendi
2501 5070 2668 5111 causa
2701 5056 2930 5126 profert,
2974 5057 3107 5110 nihil
3134 5057 3318 5125 edicit,
3371 5061 3473 5115 ab-

1896 5147 2164 5204 surditate
2213 5163 2367 5218 arque
2414 5163 2478 5201 ac
2512 5155 2670 5200 antea
2702 5157 3118 5218 perseverante,
3160 5164 3357 5219 neque,
3415 5140 3474 5206 ut

1898 5243 2130 5312 ipsemet
2163 5241 2260 5306 ait,
2295 5239 2566 5295 orationis
2612 5240 2761 5294 illius
2793 5251 2901 5294 tam
2953 5240 3237 5295 concinnze
3282 5251 3475 5296 rotun-

1897 5331 2040 5386 ditas
2072 5346 2137 5385 ac
2163 5339 2466 5386 concentus
2531 5331 2848 5384 inconsona:
2893 5329 3161 5383 doctrinae
3202 5331 3470 5386 medetur.

1899 5421 2072 5488 Quam
2107 5422 2251 5476 enim
2284 5421 2644 5475 eruditionem
2681 5420 2738 5474 in
2782 5421 2868 5474 his
2899 5423 3143 5490 reperire
3171 5421 3352 5485 liceat,
3371 5438 3474 5495 ego

1899 5514 2135 5571 necdum
2186 5515 2496 5585 perspicere
2550 5513 2724 5584 potui.
2775 5511 2882 5566 Sed
2913 5513 3182 5568 verhatim
3232 5514 3320 5569 hic
3351 5516 3476 5571 red-

1899 5608 2097 5663 damus
2126 5622 2214 5672 ea,
2271 5622 2392 5676 qua!
2429 5606 2649 5676 scripsit
2737 5604 3006 5673 Diximus,
3058 5607 3255 5678 inquit,
3306 5609 3475 5678 Magia

1901 5702 2075 5770 ipsum
2130 5698 2416 5769 ingenitum
2454 5708 2531 5753 est
2572 5697 2892 5766 substantia,
2955 5701 3156 5754 nonad
3221 5702 3478 5756 exsistam
