3922 6474
464 298 573 352 ιῖὶὸ

1733 288 1793 343 S.
1838 284 2175 343 GREGORII
2218 284 2512 341 NYSSENI
3625 291 3714 345 456

467 418 596 468 tiam
629 409 989 482 perducentes,
1021 407 1160 479 quod
1190 408 1335 479 sequi
1362 406 1787 462 demonstratum
1822 415 1922 470 est,
1952 404 2041 460 sed

2147 403 2524 459 ἀκολουθεῖν.
2567 400 2754 457 Ἀλλὰ
2802 404 2869 456 τό
2914 402 3033 472 μὲν
3083 403 3407 458 ἀκολουθεῖ
3437 403 3509 473 τῇ
3554 422 3714 476 πρίσ-

464 505 560 558 hoc
588 501 798 572 quidem
826 500 1065 570 sequitur
1091 498 1459 569 appellationi,
1510 498 1565 552 id
1601 514 1719 552 vero
1750 497 1887 567 quod
1944 504 2046 558 est,

461 595 705 651 assentire
736 588 1211 646 accommodantes.
1237 588 1369 657 Quae
1420 588 1605 644 omnia
1669 587 1717 644 si
1771 588 1825 640 in
1877 600 2047 639 unum

465 687 719 757 colligas,
766 686 873 739 huc
906 692 1020 738 tota
1051 683 1229 737 oratio
1272 682 1479 736 recidet
1509 698 1521 735 :
1558 680 1713 750 sequi
1745 678 2046 745 ingenitum

474 791 674 830 nomen
706 793 718 827 :
751 771 1192 843 quandoquidem
1224 771 1401 839 ipsum
1450 775 1533 822 est
1580 768 1697 837 ipse
1749 764 2045 835 ingenitus.

465 868 636 935 Quem
675 869 867 921 horum
903 858 1195 919 verborum
1233 862 1585 931 interpretem
1622 856 2050 913 advocabimus?

469 960 594 1013 Non
625 958 695 1011 ad
725 958 1115 1019 exsistentiam,
1148 954 1350 1025 inquit,
1394 952 1754 1022 perducentes,
1790 948 1929 1019 quod
1963 965 2047 1003 se-

466 1052 563 1122 qui
623 1050 1042 1104 demonstratum
1105 1054 1203 1100 est.
1262 1044 1397 1098 illud
1444 1038 1820 1112 συναιροῦντες
1850 1038 2049 1093 dixerit

465 1145 607 1199 forte
632 1144 829 1213 aliquis
870 1155 1197 1194 arcanorum
1254 1137 1554 1207 expositor,
1606 1150 1731 1189 eum
1776 1146 2047 1203 usurpare

464 1236 588 1290 loco
622 1232 872 1289 vocabuli
898 1232 1667 1298 awdurrovrsg,connectentes.
1690 1225 2045 1296 Reliquorum

466 1336 669 1390 autem,
699 1343 804 1397 qua
837 1328 1058 1380 tandem
1110 1323 1325 1378 ratione
1360 1321 1563 1391 aliquis
1606 1319 2045 1388 intelligentiam,

464 1429 517 1474 ct
550 1420 946 1473 connexionem
999 1414 1375 1484 assequatur?
1420 1413 1575 1479 Quod
1622 1420 1804 1467 ortum
1857 1418 1942 1466 est
1978 1424 2045 1464 ex

462 1512 708 1581 sequela,
748 1525 858 1564 non
890 1508 955 1563 ad
994 1508 1313 1570 essentiam,
1373 1507 1467 1561 sed
1499 1506 1567 1560 ad
1604 1503 2043 1575 appellationem,

467 1603 849 1671 cognationem
882 1602 935 1655 et
978 1597 1351 1654 habitudinem
1394 1597 1577 1651 habet.
1635 1594 1777 1662 Quid
1813 1609 1962 1660 vero,
2011 1608 2045 1649 0

464 1694 891 1763 sapientissime,
924 1689 1257 1761 appellatio?
1279 1688 1418 1743 Num
1458 1687 1706 1743 dissonat
1754 1687 1823 1741 ab
1857 1701 2045 1741 essen-

2156 495 2385 564 ηγορίᾳ,
2413 495 2479 549 τὸ
2510 493 2579 547 δὲ
2601 494 2753 557 ἐστὶ,
2796 492 2869 562 τῇ
2917 492 3097 561 οὐσίᾳ
3135 496 3714 565 συναρμόζοντες.Ὦν

2158 586 2539 650 συντεθέντων,
2566 585 2774 654 γένοιτο
2824 584 2891 638 ἂν
2937 585 3045 648 πᾶς
3095 584 3124 637 ὁ
3169 585 3326 655 λόγος
3368 589 3619 654 τοιοῦτος’
3647 594 3715 648 ὅτι

2156 679 2442 732 ἀκολουθεῖ
2466 678 2527 732 rb
2553 677 2848 749 ἀγέννητον
2892 678 3097 749 δνομω
3150 679 3379 751 ἐπείπερ
3417 681 3544 735 αὐτό
3590 685 3716 740 ἐστιν

2155 770 2469 843 ἀγέννητος.
2486 770 2620 823 Τίνα
2640 770 2821 825 τοίνυν
2848 770 3092 841 ἑρμηνέα
3112 770 3219 824 τῶν
3243 774 3544 844 εἰρημένων
3569 793 3718 847 παρα-

2157 860 2500 931 στησόμεθα;
2537 863 2658 915 Οὐκ
2691 863 2778 927 εὶς
2810 859 2877 913 τὸ
2917 856 3089 927 εἶναι,
3126 861 3277 930 φησὶ,
3318 864 3717 934 συναιροῦντες

2154 952 2220 1006 τὸ
2239 952 2476 1020 δειχθέν
2494 951 2868 1007 ἀκολουθεῖν.
2898 950 3059 1005 Ἀλλὰ
3083 952 3145 1005 rb
3173 952 3271 1023 μὲν
3295 956 3714 1024 συναιροῦντες,

2156 1042 2287 1107 ἴσως
2332 1044 2397 1098 ἄν
2442 1061 2587 1108 τινες
2626 1043 2735 1097 τῶν
2775 1043 3200 1115 αἰνιγματιστῶν
3249 1045 3451 1097 εἴποιεν
3488 1047 3598 1101 ἀντὶ
3638 1050 3716 1103 τοῦ

2153 1133 2588 1201 συνάπτοντες,
2625 1134 2773 1206 αὐτῷ
2806 1134 3111 1206 νενοῆσθαι.
3160 1135 3281 1190 Τῶν
3312 1135 3370 1188 δὲ
3402 1136 3594 1191 λοιπῶν
3618 1142 3718 1205 πῶς

2153 1226 2218 1280 ἄν
2242 1244 2326 1289 τις
2355 1226 2599 1299 ὲπιγνοίη
2634 1226 2694 1280 τὸ
2724 1226 2940 1281 συνετὸν
2987 1227 3082 1279 καὶ
3116 1227 3432 1295 ἀκόλουθον;
3456 1228 3527 1281 Τὸ
3552 1232 3713 1299 φανὲν,

2155 1318 2338 1388 φησὶν,
2372 1319 2436 1371 ὲκ
2464 1319 2561 1389 τῆς
2592 1316 2931 1381 ἀκολουθίας,
2965 1318 3025 1371 οὐ
3070 1317 3206 1388 πρὸς
3241 1318 3340 1389 τὴν
3368 1319 3570 1385 οὐσίαν,
3601 1322 3716 1377 ἀλλὰ

2154 1408 2289 1479 πρὸς
2317 1408 2415 1480 τὴν
2448 1407 2819 1479 προσηγορίαν
2850 1407 3066 1471 οίκείως
3102 1407 3235 1478 ἔχει.
3279 1409 3344 1462 Ἠ
3376 1410 3430 1462 δὲ
3471 1427 3715 1482 προσηγο·

2154 1498 2265 1567 ρία,
2291 1492 2336 1552 ὦ
2367 1498 2664 1567 σοφώτατε,
2699 1499 2786 1563 τί;
2833 1499 3067 1568 Πότερον
3097 1499 3292 1571 ἀπᾴδει
3328 1500 3429 1571 τῆς
3470 1501 3713 1571 οὐσίας,ἢ

2154 1589 2450 1662 σύνδρομὸς
2481 1593 2595 1644 ἐστι
2652 1591 2792 1645 κατά
2833 1592 2929 1662 τὴν
2962 1591 3198 1657 ἕννοιαν;
3225 1593 3275 1645 εί
3314 1594 3411 1663 μὲν
3448 1595 3551 1665 γὰρ
3586 1597 3714 1650 ἀνοι-

2153 1681 2317 1746 κείως
2355 1682 2467 1754 ἔχει
2514 1683 2649 1755 πρὸς
2686 1683 2785 1755 τὴν
2828 1682 3013 1735 οὐσίαν
3044 1683 3105 1735 τὸ
3140 1682 3331 1753 ὄνομα,
3366 1685 3481 1749 πῶς
3509 1688 3603 1740 ὑπὸ
3630 1690 3714 1759 τῆς

458 1787 561 1845 tia,
594 1800 659 1838 an
693 1784 740 1838 ei
769 1783 1070 1839 secundum
1110 1779 1389 1835 notionem
1423 1777 1732 1834 consonat?
1791 1775 1851 1830 Si
1897 1776 2041 1830 enim

2148 1775 2242 1829 τοῦ
2275 1777 2568 1847 ἀγεννήτου
2609 1777 2976 1847 προσηγορίας
3006 1778 3037 1847 ἡ
3066 1777 3221 1830 οὐσία
3252 1780 3711 1849 χαρακτηρίζεται;

462 1876 756 1947 appellatio
804 1890 929 1929 cum
985 1872 1228 1928 essentia
1267 1872 1473 1926 nullam
1528 1884 1757 1941 prorsus
1798 1883 2045 1923 commu-

462 1969 682 2022 nionem
713 1967 959 2027 haberet,
1012 1963 1290 2034 quomodo
1324 1963 1393 2017 ab
1419 1962 1644 2033 ingeniti
1685 1960 2048 2031 appellatione
2082 1966 2085 1969 ’

460 2058 703 2113 essentia
761 2056 986 2125 proprio
1029 2068 1131 2108 suo
1178 2051 1502 2107 charactere
1559 2048 1952 2121 insigniretur?
1990 2045 2046 2102 Si

427 2145 656 2217 igitur,
716 2156 875 2216 prout
914 2145 1033 2215 ipse
1088 2158 1281 2209 vocas,
1323 2150 1555 2212 cognate
1611 2149 1665 2197 et
1723 2141 2049 2196 naturaliter

459 2239 703 2294 essentia
733 2238 801 2290 ab
844 2233 1277 2291 innascibilitate
1334 2231 1669 2294 continetur,
1729 2246 1837 2301 quo
1888 2238 2047 2299 pacto

460 2333 550 2385 hic
593 2329 949 2399 sejungitur?
998 2325 1207 2381 Nomen
1270 2325 1514 2380 essentia:
1571 2340 1663 2378 seu
1710 2323 2043 2387 substantite,

464 2422 665 2490 inquit,
693 2417 763 2473 ad
789 2417 938 2471 aliud
973 2417 1243 2488 sequitur;
1275 2423 1329 2470 et
1366 2429 1561 2469 rursus
1602 2431 1615 2467 :
1656 2414 1772 2481 ipsa
1806 2412 2042 2467 essentia

462 2513 532 2566 ad
566 2512 733 2565 aliud.
764 2510 895 2575 Quae
937 2522 1066 2562 vero
1091 2507 1259 2562 totius
1296 2506 1457 2575 hujus
1474 2505 1741 2561 orationis
1765 2512 2044 2560 structura

459 2605 581 2660 est?
628 2602 915 2673 Sequitur,
966 2600 1167 2670 inquit,
1222 2596 1415 2661 Deum,
1468 2596 1773 2668 ingenitum
1820 2610 2041 2656 nomen,

459 2695 902 2767 quandoquidem
938 2703 1023 2749 est
1047 2692 1165 2763 ipse
1198 2692 1501 2762 ingenitus.
1545 2688 1738 2755 Deum,
1770 2690 1865 2758 qui
1892 2688 2041 2742 aliud

459 2790 720 2861 quiddam
775 2795 881 2852 est,
927 2802 1093 2856 quam
1152 2784 1485 2855 ingenitum,
1523 2782 1787 2853 subsequi
1826 2781 1903 2835 ait
1940 2780 2045 2835 hoc

460 2896 680 2936 nomen.
715 2879 1003 2946 Quomodo
1027 2876 1376 2932 divinitatem
1420 2873 1867 2928 innascibilitate
1914 2870 2046 2926 deﬁ-

458 2971 580 3027 nit?
625 2973 694 3025 At
745 2971 945 3025 iterum
995 2967 1228 3039 oggerit,
1266 2965 1460 3029 Deum,
1508 2964 1602 3036 qui
1644 2963 1884 3033 ingenite
1936 2970 2040 3030 est,

459 3062 721 3131 subsequi
754 3061 1101 3133 ingenitum?
1130 3058 1268 3125 Quis
1304 3057 1469 3112 nobis
1498 3055 1909 3111 reconditorum
1942 3056 2044 3110 hu-

455 3152 701 3223 iusmodi
774 3153 1094 3219 dogmatum
1156 3148 1333 3202 nodos
1384 3145 1686 3201 dissolvet?
1747 3144 1887 3199 Ecce
1936 3144 2039 3199 tibi

2150 1867 2214 1920 Εἰ
2252 1868 2309 1921 δὲ
2360 1869 2673 1939 προσφυῶς,
2727 1866 2910 1932 καθὼς
2961 1868 3119 1932 αὐτὸς
3167 1870 3475 1940 ὀνομάζεις,
3508 1873 3714 1941 ὑπὸτῆς

2149 1958 2476 2030 ἀγεννησίας
2520 1961 2552 2030 ἡ
2605 1958 2762 2013 οὐσία
2819 1959 3308 2031 περιλαμϐάνεται,
3348 1962 3463 2025 πῶς
3506 1963 3714 2019 ἐνταῦίὲα

2149 2049 2574 2121 καταμερίζεται
2600 2067 2613 2114 ;
2648 2051 2753 2105 Kal
2784 2051 2978 2120 τὸμὲν
2997 2051 3185 2121 ὄνομα
3206 2050 3313 2119 τῆς
3324 2054 3529 2120 οὐσίας
3553 2055 3714 2123 ἑτέρῳ

2146 2142 2482 2209 ἀκολουθεῖ,
2507 2143 2662 2210 αὐτὴ
2682 2142 2738 2196 δὲ
2772 2144 2935 2197 πάλιν
2958 2144 2994 2212 ἠ
3032 2145 3215 2198 οὐσία
3236 2144 3435 2214 ἑτέρῳ.
3480 2146 3571 2210 Τίς
3604 2148 3652 2201 δὲ
3682 2150 3711 2218 ἡ

2149 2234 2397 2299 σύνθεσις
2445 2236 2539 2288 τοῦ
2585 2236 2785 2300 παντὸς
2832 2236 3029 2305 λόγου;
3072 2236 3405 2303 Ἀκολουθεῖ,
3450 2239 3592 2309 φησὶ,
3645 2238 3711 2309 τῷ

2146 2324 2264 2395 Θεῷ
2320 2324 2382 2378 τὸ
2441 2324 2737 2397 ἀγέννητον
2806 2327 3011 2397 ὄνομα,
3070 2329 3321 2402 ἐπείπερ.
3370 2329 3525 2392 αὑτός
3579 2331 3710 2383 ἐστιν

2146 2416 2461 2486 ἀγέννητος.
2528 2417 2692 2470 ’Δλλο
2735 2436 2787 2472 τι
2836 2418 2949 2472 ὄντι
2990 2418 3067 2489 τῷ
3095 2419 3212 2491 Θεῷ
3244 2420 3396 2491 παρά
3428 2421 3487 2475 τὸ
3508 2421 3713 2494 ἀγέννη-

2145 2525 2235 2561 τον
2265 2508 2574 2563 ἀκολουθεῖν
2614 2508 2771 2563 τοῦτο
2806 2509 2953 2577 λέγει
2989 2510 3050 2563 rb
3087 2510 3294 2582 ὅνομα;
3330 2512 3437 2565 Καὶ
3475 2512 3585 2576 πῶς
3624 2513 3711 2584 τὴν

2145 2598 2375 2670 θεότητα
2423 2601 2481 2652 ὲν
2528 2603 2591 2672 τῇ
2641 2601 2937 2673 ἀγεννησίᾳ
2982 2603 3259 2673 ὁρίζεται;
3293 2604 3406 2657 ἀλλ’
3430 2605 3711 2675 ἀγεννήτως

2144 2691 2257 2744 ὄντι
2283 2692 2360 2763 τῷ
2394 2692 2512 2763 Θεῷ
2549 2693 2775 2746 ἕπεσθαι
2808 2693 2969 2747 πάλιν
3002 2694 3134 2766 φησὶ
3181 2694 3244 2747 τὺ
3272 2696 3588 2767 ἀγέννητον;
3613 2698 3711 2751 Καὶ

2145 2784 2226 2848 τίς
2251 2787 2383 2856 ημῖν
2404 2785 2513 2839 τῶν
2538 2787 2875 2858 αἰνιγμάτων
2904 2786 3107 2841 τούτων
3129 2786 3370 2843 διαλύσει
3394 2788 3481 2842 τὸν
3505 2789 3706 2861 γρίφονς

2157 2876 2506 2945 Ἀγέννητον
2555 2880 3039 2949 προηγούμενον,
3105 2881 3201 2934 καὶ⁹
3258 2880 3581 2953 ἀγέννητον
3618 2881 3706 2950 ἐφ-

2143 2970 2461 3039 επόμενον,
2497 2971 2592 3023 καὶ
2625 2972 2998 3044 προσηγορίαν
3038 2972 3248 3038 οὐσίας,
3300 2975 3393 3028 νῦν
3427 2976 3519 3047 μὲν
3561 2990 3709 3047 προσο

2146 3061 2295 3128 φυῶς
2339 3062 2785 3134 ὲφηρμοσμένην,
2841 3064 3001 3118 πάλιν
3046 3063 3104 3117 δὲ
3150 3066 3227 3129 ὡς
3272 3067 3550 3139 ἀλλοτρίαν
3590 3085 3709 3137 παρ-

2146 3152 2440 3222 επομένην.
2467 3151 2563 3216 Τίς
2594 3152 2651 3206 δὲ
2678 3154 2826 3224 αὐτῷ
2889 3156 2981 3208 καὶ
3028 3157 3061 3228 ἡ
3107 3157 3343 3230 τοσαύτη
3379 3160 3502 3231 περὶ
3530 3159 3584 3212 rb
3623 3160 3709 3229 τῆς

457 3245 751 3313 ingenitum
778 3241 1112 3303 antecedens,
1148 3248 1203 3294 et
1269 3238 1566 3307 ingenitum
1597 3234 1913 3306 subsequens
1937 3250 1957 3300 ;
1984 3241 2041 3290 et

2147 3242 2511 3311 ἀγεννηο-ἰας
2565 3243 2736 3314 δνομα
2789 3246 3049 3316 πτόησις·
3115 3246 3259 3301 ὥστε
3311 3249 3496 3321 ἐκείνῳ
3550 3251 3707 3302 πᾶσαν

458 3335 879 3407 appellationem
906 3332 1249 3395 substantiae,
1287 3344 1437 3383 nunc
1464 3326 1687 3399 quidem
1715 3328 2041 3382 naturaliter

2147 3332 2454 3386 ἀνατιθέναι
2495 3333 2594 3405 τὴν
2637 3335 2735 3403 τῆς
2774 3334 3025 3407 θεότητος
3074 3339 3267 3407 φύσιν·
3303 3341 3396 3395 καὶ
3426 3343 3473 3395 εί
3512 3342 3601 3412 μὲν
3628 3339 3707 3393 οὗ·

458 3435 880 3498 competentem,
924 3438 1073 3478 nunc
1102 3438 1202 3477 ceu
1249 3422 1443 3476 alienae
1476 3422 1642 3477 sortis
1684 3420 2039 3490 subsequen-

2147 3441 2249 3488 τως
2277 3425 2624 3496 ὀνομασθείη,
2663 3426 2828 3497 μηδὲν
2879 3427 2979 3497 τῆς
3022 3430 3304 3497 εὐσεϐείας
3346 3433 3537 3486 ἐνδεῖν·
3578 3433 3621 3485 εἰ
3658 3431 3705 3482 δὲ

456 3530 589 3576 tem.
629 3520 764 3585 Quis
798 3520 885 3571 hic
928 3524 1114 3570 tantus
1149 3522 1232 3570 est
1284 3529 1412 3585 erga
1458 3513 1898 3567 iunascibilitatis
1939 3528 2037 3567 no-

456 3627 580 3667 men
615 3625 785 3680 pavor
832 3619 886 3664 et
924 3605 1355 3675 obstupefactio,
1399 3612 1457 3658 ut
1495 3605 1572 3658 illi
1612 3611 1780 3657 totam
1826 3604 2029 3657 divini-

456 3705 589 3759 tatis
626 3712 874 3757 naturam
907 3699 1208 3761 adseribat,
1234 3696 1558 3762 dictitando,
1589 3697 1635 3752 si
1665 3697 1770 3751 hoc
1802 3698 2024 3751 nomine

457 3795 602 3849 Deus
642 3793 931 3853 aﬂiciatur,
976 3790 1161 3844 Omnia
1192 3789 1409 3858 pietatis
1436 3788 1562 3857 jura
1615 3788 1822 3856 integra
1882 3789 2030 3855 fore;

2144 3514 2241 3585 μὴ,
2273 3516 2364 3568 τὸν
2390 3516 2568 3569 πάντα
2590 3516 2691 3586 τῆς
2719 3517 2956 3583 πίστεως
2976 3521 3380 3577 κινδυνεύεσθαι
3410 3525 3557 3593 λόγον
3577 3536 3591 3586 ;
3610 3522 3705 3575 Καὶ

2139 3609 2186 3659 εἰ
2220 3608 2293 3680 μὴ
2330 3609 2581 3680 περιττόν
2622 3626 2705 3672 τις
2767 3611 2859 3663 καὶ
2897 3612 3166 3683 παρέλκον
3203 3616 3449 3687 οἰήσεται
3492 3616 3549 3668 τὸ
3593 3615 3706 3685 περὶ

2138 3699 2343 3844 τούθτων
2371 3698 2576 3774 βραχέα
2604 3701 2896 3770 διαλαϐεῖν,
2930 3706 3128 3759 οὑτωσὶ
3169 3706 3261 3761 τὸν
3294 3708 3447 3779 λόγον
3472 3706 3705 3777 διαληψό-

2149 3808 2214 3844 ue
2253 3808 2308 3844 α.

2148 3808 2308 3860 μευα.

452 3889 501 3941 si
535 3886 739 3948 minus,
775 3890 944 3937 tOtam
991 3880 1115 3935 ﬁdei
1165 3894 1439 3935 summam
1489 3880 1543 3933 in
1589 3878 1892 3949 periculum
1938 3883 2155 3937 vocari?
2187 3883 2255 3936 At
2290 3881 2399 3938 nisi
2468 3882 2596 3953 quis
2663 3884 2964 3941 arbitretur
3036 3903 3505 3958 supervacaneum
3564 3904 3702 3960 pror-

454 3996 552 4035 sus
586 3989 639 4034 et
685 3976 1092 4031 infructuosum
1149 3971 1290 4037 fore,
1338 3970 1407 4027 de
1436 3972 1522 4027 his
1572 3971 1809 4027 breviter
1849 3970 2161 4041 disserere,
2200 3976 2280 4029 sic
2307 3974 2735 4045 disputationem
2773 3974 3151 4034 instituemus.

526 4071 827 4127 Eternitas
857 4070 1059 4123 divina:
1098 4067 1246 4132 vitae,
1299 4065 1346 4121 si
1376 4080 1497 4121 eam
1529 4065 1681 4121 velut
1723 4064 2040 4120 definitione

455 4166 691 4234 quadam
722 4162 1033 4217 describere
1065 4160 1223 4224 velis,
1251 4158 1520 4229 ejusmodi
1549 4164 1657 4221 est,
1692 4172 1909 4228 semper
1929 4165 2035 4224 est,

456 4272 560 4311 nec
593 4254 832 4308 admittit.
872 4253 1169 4324 aliquando
1226 4267 1336 4306 non
1394 4249 1585 4317 fuisse,
1635 4258 1690 4305 et
1742 4248 2038 4319 aliquando

2215 4069 2290 4121 Tb
2315 4070 2484 4125 ἁῖδιον
2515 4073 2615 4141 τῆς
2644 4071 2792 4136 θείας
2839 4073 3004 4144 ζωῆς.
3042 4074 3116 4135 ὡς
3142 4075 3206 4129 ἀν
3236 4093 3321 4140 τις
3354 4077 3461 4146 ὅρῳ
3486 4074 3584 4126 τινὶ
3612 4090 3699 4126 πε-

2147 4161 2382 4232 ριλαϐὼν
2409 4163 2741 4235 ὁπογράψειε
2760 4207 2774 4231 ,
2806 4165 3044 4219 τοιοῦτόν
3070 4168 3218 4220 ἐστιν
3238 4185 3253 4198 ο
3299 4169 3383 4221 ἀεὶ
3434 4170 3526 4239 μὲν
3548 4170 3602 4221 ἐν
3631 4166 3699 4236 τῷ

2145 4248 2284 4308 εῖναι
2323 4256 2836 4327 καταλαμϐάνεται·
2892 4256 2985 4311 τοῦ
3016 4259 3073 4312 δὲ
3117 4258 3247 4312 ποτὲ
3292 4261 3365 4332 μὴ
3417 4256 3578 4322 εἶναι,
3618 4258 3698 4311 καὶ

459 4363 567 4403 non
602 4347 869 4400 futurum.
904 4345 1012 4401 Sed
1042 4343 1506 4415 quemadmodum
1543 4342 1638 4413 qui
1678 4357 1744 4397 ex
1782 4341 2036 4397 circulari

2147 4346 2277 4399 ποτὲ
2331 4348 2405 4419 μὴ
2454 4347 2671 4402 ἔσεσθαι
2710 4349 2802 4403 τὸν
2853 4349 3009 4419 λόγον
3059 4352 3159 4405 οὐκ
3207 4353 3526 4423 ἐπιδέχεται.
3580 4350 3696 4404 Ἀλλ’

458 4443 631 4511 ﬁgura
669 4440 889 4509 planum
940 4413 1321 4502 dimetiuntur,
1358 4436 1644 4508 aequaliter
1676 4451 1705 4490 a
1746 4442 1938 4490 centro
1973 4434 2041 4489 ad

2147 4413 2343 4511 murrea
2362 4413 2454 4493 ἐπὶ
2478 4440 2572 4495 τοῦ
2605 4413 2963 4513 κυκλοτεροῦς
2997 4444 3294 4514 σχήματος,
3327 4413 3467 4498 οἷτά
3490 4444 3697 4497 ἐπίπεδα

459 4533 777 4587 distantiam
810 4531 966 4585 lineae
989 4531 1045 4585 in
1081 4545 1140 4586 se
1161 4530 1488 4592 convolutae,
1520 4526 1862 4583 indeﬁnitum
1889 4527 2041 4597 prin-

457 4625 661 4694 cipium
697 4623 884 4692 ﬁgurae
931 4638 1053 4678 esse
1084 4623 1262 4686 aiunt,
1315 4621 1462 4677 linea
1493 4634 1671 4691 neque
1701 4618 1755 4673 in
1787 4625 2039 4689 apertum

457 4718 621 4771 ﬁnem
676 4716 983 4778 desinente,
1040 4730 1218 4786 neque
1268 4714 1432 4770 etiam
1469 4728 1499 4767 a
1546 4711 1839 4768 manifesto
1884 4712 2040 4767 initio

455 4809 857 4879 progrediente,
901 4807 996 4863 sed
1028 4809 1391 4878 undequaque
1425 4804 1543 4877 pari
1581 4808 1757 4876 spatio
1785 4820 1815 4858 a
1849 4813 2039 4879 centr_o

457 4874 783 4969 sibimetipsi
816 4900 1093 4970 copulata,
1132 4874 1486 4968 et'principio
1509 4904 1563 4952 et
1595 4874 1701 4952 ﬁne
1736 4910 1928 4951 carere
1954 4874 2039 4950 vi-

454 4992 649 5047 detur:
715 4992 905 5060 procul
961 4990 1106 5045 absit
1152 4990 1540 5053 calumniator,
1598 4986 1745 5059 quod
1794 4988 2036 5043 circum-

456 5085 676 5154 scriptae
698 5094 752 5139 et
771 5083 1008 5139 deﬁnita:
1040 5083 1246 5155 ﬁgurze,
1277 5083 1751 5153 circumscriptam
1784 5091 2034 5137 naturam

456 5178 924 5247 comparaverim:
961 5192 1067 5230 non
1094 5176 1238 5230 enim
1265 5176 1330 5229 ad
1357 5174 1547 5229 circuli
1575 5175 2040 5245 circumscriptio-

454 5282 601 5334 nem,
639 5266 732 5323 sed
769 5267 832 5320 ad
873 5265 1283 5322 similitudinem
1329 5265 1449 5332 ejus
1498 5265 1620 5320 vita:
1653 5281 1747 5320 seu
1804 5274 2033 5327 naturae,

456 5375 578 5429 qua:
634 5359 999 5427 undequaque
1049 5356 1622 5427 incomprehensibilis
1670 5365 1773 5423 est,
1829 5358 2034 5420 intuiti,

456 5447 793 5501 allirmamus
825 5448 965 5502 hanc
992 5448 1315 5502 :eternitatis
1347 5448 1624 5501 notionem
1657 5462 1800 5502 esse.
1832 5450 1872 5499 A
1902 5462 2037 5517 prae-

458 5541 601 5595 senti
633 5542 776 5595 enim
812 5548 1108 5605 momento,
1162 5541 1308 5593 velut
1343 5554 1371 5593 a
1404 5547 1592 5593 centro
1629 5548 1681 5593 et
1710 5539 1866 5609 signo
1895 5552 2034 5607 quo-

458 5629 605 5693 dam,
641 5639 877 5685 mentem
903 5630 967 5685 ad
998 5630 1319 5685 inﬁnitatem
1353 5630 1477 5685 vita:
1500 5628 1650 5684 illius
1679 5628 2036 5684 extendentes

458 5729 511 5775 et
540 5722 998 5790 circumagentes,
1039 5724 1323 5792 aqualiter
1347 5734 1400 5779 et
1430 5721 1683 5779 similiter
1711 5721 1781 5777 ab
1808 5720 2035 5773 immeno

2141 4532 2602 4605 γεωμετροῦντες,
2635 4535 2820 4607 ὲξίσης
2845 4536 2952 4590 ἀπὸ
2975 4536 3067 4590 τοῦ
3096 4538 3323 4610 κέντρου
3353 4538 3484 4609 πρὸς
3509 4538 3565 4591 τὸ
3597 4536 3695 4590 διά-

2144 4638 2325 4693 στημα
2370 4623 2469 4695 τῆς
2515 4626 2779 4697 γραμμῆς
2819 4627 2954 4699 πρὸς
2987 4629 3182 4699 ἑαυτὴν
3209 4629 3527 4700 ἑλιχθείσης,
3558 4627 3691 4697 ἀόρι-

2142 4731 2265 4767 στον
2294 4709 2550 4787 εἶναιτὴν
2572 4719 2746 4789 ἀρχὴν
2765 4719 2857 4772 τοῦ
2884 4720 3161 4791 σχήματος
3188 4720 3404 4788 λέγουσι
3428 4738 3441 4751 ⁸
3476 4722 3601 4790 μήτε
3624 4718 3693 4778 εὶς

2138 4807 2291 4871 τέλος
2319 4808 2777 4880 ὁμολογούμενον,
2828 4812 2964 4883 μήτε
3008 4813 3089 4874 είς
3124 4812 3299 4884 ἀρχὴν
3345 4811 3569 4884 φανερὰν
3605 4810 3693 4878 τῆς

2138 4900 2399 4971 γραμμῆς
2450 4902 2852 4973 διασπωμένης,
2894 4903 3008 4957 ἀλλ’
3057 4905 3120 4958 ὲκ
3164 4905 3272 4957 τῶν
3310 4905 3436 4958 ἴσων
3481 4904 3691 4969 διαστη-

2141 4990 2327 5060 μάτων
2362 4992 2699 5062 πανταχόθεν
2721 4994 2782 5046 ὲκ
2813 4993 2905 5047 τοῦ
2929 4993 3155 5065 κέντρου
3183 4995 3318 5066 πρὸς
3344 4994 3534 5065 ἑαυτὴν
3563 4994 3689 5062 ἡνω-

2141 5081 2331 5153 μένης,
2366 5083 2622 5152 ἐκφυγεῖν
2670 5085 2730 5138 rb
2763 5086 2937 5156 ἀρχήν
2970 5104 3089 5141 τινα
3167 5088 3258 5141 καὶ
3290 5086 3535 5156 τελευτὴν
3579 5086 3686 5136 ὲπι-

2136 5172 2445 5238 δείξασθαι·
2481 5173 2622 5227 οὕτω
2666 5175 2759 5228 καὶ
2792 5176 2978 5247 μηδεὶς
3011 5177 3414 5246 συκοφαντείτω
3441 5176 3526 5229 τὸν
3549 5173 3688 5240 λόγον

2135 5262 2212 5327 ὡς
2259 5264 2759 5335 περιγεγραμμένη)
2811 5266 3046 5335 σχήματι
3102 5268 3201 5337 τὴν
3255 5267 3500 5338 ἀόριστον
3544 5261 3686 5335 φύσιν

2136 5355 2610 5426 προσεικαζόντων
2631 5371 2645 5385 ο
2675 5356 2736 5407 οὐ
2779 5355 2887 5427 γὰρ
2919 5356 3055 5428 πρὸς
3095 5357 3192 5428 τὴν
3240 5354 3574 5428 περιγραφὴν
3603 5347 3685 5403 τοῦ

2135 5443 2336 5497 κύκλου
2366 5444 2681 5515 βλέποντες,
2718 5444 2850 5499 ἀλλὰ
2893 5445 3028 5517 πρὸς
3060 5447 3120 5500 τὸ
3148 5449 3330 5517 ὅμοιον
3366 5446 3458 5499 τοῦ
3506 5456 3687 5497 παντα-

2135 5533 2292 5604 χόθεν
2340 5535 2581 5607 ἀλήπτου
2621 5535 2722 5606 τῆς
2771 5536 2917 5607 ζωῆς
2980 5536 3323 5608 ἀφορῶντες,
3385 5536 3556 5608 φαμὲν
3601 5528 3681 5584 τοῦ

2134 5625 2303 5679 ἀϊδίου
2341 5625 2439 5696 τὴν
2485 5626 2694 5681 ἔννοιαν
2739 5628 2941 5697 ταύτην
2984 5624 3142 5684 εἶναι.
3187 5630 3317 5683 Ἀπὸ
3349 5628 3453 5697 γὰρ
3483 5624 3568 5679 τοῦ
3598 5620 3681 5673 νῦν

2136 5716 2464 5780 ἐνεστῶτος,
2494 5716 2680 5771 ῶσπεο
2727 5719 2834 5773 ἀπὸ
2886 5720 3127 5792 κέντρου,
3170 5722 3263 5776 καὶ
3304 5719 3520 5792 σημείου
3553 5712 3682 5774 τινῦς
