3922 6468
174 349 260 408 λῃ
1245 340 1521 397 CONTRA
1561 341 1954 408 EUNOM‘UM,
2013 344 2145 401 LIB.
2187 347 2228 405 Ι.

3286 359 3389 414 458

169 458 453 529 τανταῖόθεν
481 458 578 525 τὴν
617 457 855 511 διάνοιαν
901 458 1035 529 πρὸς
1074 460 1133 509 τὸ
1177 460 1400 529 ἄπειρον
1430 460 1527 530 τῆς
1558 459 1700 529 ζωῆς

1806 462 1967 517 sitate
1997 464 2086 518 illa
2116 466 2167 519 in
2192 468 2402 520 circulo
2426 468 2885 526 circumrotamur
2911 492 2921 526 :
2960 473 3390 544 continuamque

166 549 520 610 ὲπεκτείνοντές
532 564 591 599 τε
612 548 708 600 καὶ⁵
723 548 1096 618 περιάγοντες,
1121 549 1250 610 iam;
1263 549 1356 601 καὶ
1377 548 1578 618 ὁμοίως
1601 550 1705 602 ὑπὸ

165 644 243 713 τῆς
262 638 622 709 ἀκαταληψίας
645 640 704 691 ὲν
720 639 907 709 κύκλῳ
932 639 1355 711 περιελκόμεθα,
1385 641 1580 710 συνεχῆ
1612 643 1705 693 καὶ

164 735 485 788 ἀδιάσπαστον
503 731 674 802 αὐτὴν
699 732 835 803 πρὸς
856 734 1055 805 ἑαυτὴν
1074 734 1172 805 τὴν
1199 734 1350 788 θείαν
1368 736 1512 807 ζωὴν
1539 737 1705 787 ἀπαν-

162 823 351 894 ταχόθεν
397 823 939 893 καταλαμϐάνοντες*
991 826 1085 879 καὶ
1145 828 1296 882 οὐδὲν
1356 830 1559 900 πέρας,
1609 826 1704 880 καὶ

162 914 280 966 οῦδὲν
325 912 482 981 μέρος
535 914 836 980 ἐπιγνῶναι
885 915 1193 986 δυνάμενοι.
1249 918 1420 972 Τοῦτο
1473 918 1704 987 λέγομεν

163 1006 260 1074 περὶ
280 1004 368 1073 τῆς
390 1005 691 1076 ἀῖδιότητος
713 1006 807 1059 τοῦ
837 1002 994 1071 Θεοῦ,
1015 1007 1044 1060 ὃ
1074 1010 1225 1081 παρά
1248 1012 1345 1080 τῆς
1369 1010 1704 1081 προφητείας

160 1094 453 1163 ἠκούσαμεν,
502 1095 583 1148 ὃτι
625 1096 791 1163 Θεὸς.
835 1099 931 1151 καί
978 1099 1281 1167 ,βασιλεὺς
1318 1101 1699 1169 προαιὼνιος·

158 1188 232 1239 xui
252 1186 559 1249 ,ϐασιλεύει
598 1188 707 1242 τὸν
735 1188 939 1255 αἰῶνα,
968 1194 1067 1245 καὶ
1098 1193 1191 1245 ἐπ’
1215 1193 1400 1247 αἰῶνα
1419 1235 1433 1258 ,
1467 1193 1562 1247 καὶ
1591 1193 1700 1246 ἔτι.

159 1280 243 1332 Καὶ
264 1280 343 1331 διά
378 1280 543 1332 τοῦτο
570 1280 842 1353 ἀνώτερον
874 1284 974 1353 μὲν
1013 1285 1194 1355 πάσης
1221 1287 1414 1357 ἀρχῆς,
1446 1286 1704 1357 περισσό-

156 1388 278 1441 τερον
303 1370 355 1423 δὲ
375 1372 581 1436 παντὸς
606 1373 792 1438 τέλους
814 1372 952 1429 εἶναι
974 1375 1337 1448 διοριζόμεθα.
1372 1378 1589 1448 Ταύτην
1611 1375 1704 1432 οὖν

156 1464 228 1532 τὴν
276 1462 481 1515 ἔννοιαν
525 1463 601 1526 ὡς
639 1466 955 1536 πρέπουσαν
987 1467 1107 1538 Θεῷ
1140 1470 1247 1523 τῶν
1285 1469 1421 1524 ὅλων
1454 1475 1583 1542 περὶ
1609 1472 1704 1524 αὑ-

159 1554 223 1605 τὸν
243 1552 448 1622 ἔχοντες
466 1594 481 1617 ,
528 1553 623 1606 δύο
654 1557 1049 1627 προσηγορίαις
1071 1559 1132 1611 τὸ
1160 1559 1352 1630 νοηθὲν
1380 1559 1701 1629 ἐξαγγέλλο-

160 1662 263 1714 μεν,
293 1638 375 1711 τῷ
408 1646 723 1714 ἀγεννήτῳ
743 1687 756 1710 ,
803 1650 898 1702 καὶ
931 1650 1011 1716 τῷ
1054 1652 1430 1721 ἀτελευτήτῳ
1456 1654 1517 1705 τὸ
1544 1654 1700 1708 ἄπει-

160 1756 254 1808 ρον,
297 1739 390 1789 καὶ
437 1739 723 1809 διηνεκὲς,
767 1742 861 1794 καὶ
913 1742 1082 1796 ἀΐδιον
1120 1745 1222 1813 τῆς
1261 1743 1405 1815 ζωῆς
1442 1746 1535 1798 τοῦ
1565 1746 1701 1799 Θεοῦ

1805 563 1860 607 et
1910 553 2235 611 indivulsam
2294 559 2466 628 ipsam
2518 561 2583 614 ad
2644 564 2881 632 seipsam
2920 563 3164 621 divinam
3217 566 3384 621 vitam

1806 645 2166 716 undequaque
2211 651 2649 719 complectimur,
2708 656 2889 710 omnis
2944 655 3068 711 ﬁnis
3105 658 3390 728 partisque

1804 747 2100 807 expertem.
2137 738 2252 794 Hoc
2293 741 2359 797 de
2395 746 2701 801 aeternitate
2732 746 2822 801 Dei
2855 748 3139 816 docemus,
3176 751 3322 821 quod
3358 766 3387 803 a

1805 828 2072 899 Propheta
2121 833 2507 902 cognovimus:
2556 834 2721 890 Deum
2757 856 2869 892 esse
2916 857 3085 908 regem
3115 851 3238 895 ante
3284 857 3388 895 εω-

1806 919 1948 985 cula,
1982 922 2071 990 qui
2106 922 2237 991 regit
2263 923 2327 976 ab
2346 933 2542 978 wterno
2575 924 2631 977 in
2664 933 2939 990 retentum,
2961 936 3010 979 et
3040 927 3185 982 ultra
3203 929 3271 960 δ”
3294 944 3386 984 :ea

1806 1020 2045 1081 propter,
2094 1014 2430 1082 superiorem
2472 1015 2621 1067 omni
2667 1016 2960 1086 principio,
2990 1027 3044 1071 et
3072 1018 3385 1073 ulteriorem

1804 1107 1951 1160 Omni
1995 1106 2099 1160 [ine
2138 1110 2454 1165 statuimus.
2502 1109 2655 1165 Hanc
2702 1113 3164 1167 existimationem
3202 1154 3217 1174 ,
3272 1130 3384 1182 qua

1804 1199 1952 1250 velut
1987 1199 2365 1253 universorum
2406 1202 2513 1255 Deo
2536 1212 2904 1258 consentanea
2924 1204 2990 1259 de
3018 1205 3200 1259 divina
3224 1205 3388 1275 maje-

1805 1300 1943 1345 state
1974 1291 2165 1345 imbuti
2200 1310 2409 1356 sumus,
2444 1296 2661 1352 duobus
2701 1297 3019 1352 nominibus
3063 1298 3259 1353 eﬂ‘errc
3294 1314 3386 1353 so»

1804 1378 1999 1443 lemus,
2035 1381 2284 1450 ingenito,
2333 1395 2385 1438 et
2411 1385 2772 1451 interminato,
2806 1401 3041 1456 quorum
3078 1387 3172 1442 illo
3202 1387 3386 1442 inﬁni-

1805 1480 1968 1525 tatem
2004 1482 2057 1526 et
2091 1474 2536 1539 immcnsilalem,
2588 1477 2691 1532 hoc
2728 1480 3142 1549 perpetuitatem
3184 1480 3382 1535 divina

1804 1565 1928 1617 vita:
1956 1564 2321 1623 declaramus.
2353 1569 2407 1622 Si
2441 1571 2586 1624 enim
2613 1571 2843 1626 alterum
2878 1572 3142 1627 duntaxat
3166 1588 3231 1628 ex
3252 1572 3384 1629 duo-

1804 1654 1907 1710 bus
1947 1657 2218 1726 przedictis
2244 1660 2528 1715 vocabulis
2558 1660 2624 1714 ad
2660 1677 2773 1716 rem
2822 1662 2966 1716 banc
3003 1662 3380 1734 explicandam

1806 1756 2140 1811 assumatur,
2172 1751 2403 1805 alterunt
2440 1753 2757 1814 reticentur,
2799 1754 3165 1824 signiﬁcatum
3200 1755 3254 1808 iu
3294 1771 3379 1816 eo,

158 1832 511 1901 ταριστῶντες.
545 1832 606 1884 Εἰ
629 1832 739 1903 γὰρ
767 1832 827 1885 τὸ
847 1832 1033 1902 ἕτερον
1058 1834 1263 1887 τούτων
1295 1814 1455 1907 μόνον
1494 1836 1573 1898 είς
1602 1837 1700 1908 τὴν

1808 1838 1951 1907 quod
2004 1839 2352 1909 relinquitur,
2395 1858 2646 1898 mancum
2700 1854 2755 1899 et
2796 1844 3048 1899 mutilum
3083 1845 3215 1899 erit:
3274 1860 3383 1898 non

156 1924 347 1977 διάνοιαν
378 1923 588 1994 ταύτην
621 1925 1031 1995 παραληφθείη,
1073 1927 1375 1999 σιωπηθείη
1407 1928 1463 1981 δὲ
1498 1928 1559 1981 τὸ
1592 1928 1702 1981 λει-

156 2019 384 2087 πόμενον,
437 2016 698 2086 χωλεύσει
731 2018 947 2081 πάντως
993 2018 1055 2070 τὸ
1101 2019 1500 2089 σημαινόμενον
1535 2021 1592 2071 ἐν
1625 2019 1701 2089 τῷ
1737 2077 1743 2083 ,

157 2110 370 2162 λείποντι.
415 2108 554 2161 Οὔτε
592 2110 702 2179 γάρ
748 2111 864 2162 ἐστι
893 2110 1115 2162 δυνατὸν
1163 2110 1281 2173 ἑνός
1323 2128 1468 2173 τινος
1495 2111 1702 2165 τούτων

156 2203 226 2271 τὴν
243 2203 292 2254 ἐν
322 2202 575 2273 ἑκατέρῳ
601 2203 878 2271 σημασίαν
920 2203 1086 2269 ὑγιῶς
1115 2204 1496 2273 παραστῆσαι·
1530 2207 1558 2257 ὁ
1595 2205 1702 2276 γὰρ

158 2295 472 2364 ἀτελεύτητον
506 2292 700 2354 εἰπὼν,
746 2294 846 2360 τὴν
887 2294 1024 2364 πρὸς
1059 2294 1119 2347 τὸ
1146 2294 1299 2359 τέλος
1341 2295 1501 2365 μόνον
1548 2296 1703 2348 ἀλλο-

158 2386 335 2453 τρίωσιν
372 2383 606 2451 ἔδειξεν·
650 2383 711 2436 οὗ
765 2384 872 2454 μήν
896 2401 950 2437 τι
986 2383 1081 2437 καὶ
1110 2385 1364 2455 περὶτῆς
1416 2385 1591 2456 ἀρχῆς
1626 2385 1702 2438 δι-

155 2478 306 2548 ελέχθη
330 2494 347 2509 ·
388 2479 483 2531 καὶ
527 2478 668 2530 ότδν
706 2478 941 2549 ἄναρχον
986 2478 1289 2547 ὀνομάσας,
1323 2478 1383 2530 τὸ
1424 2479 1519 2548 μὲν
1562 2478 1703 2549 ὑπὲρ

154 2571 291 2639 ἀρχὴν
320 2565 466 2624 εἶναι
503 2570 563 2622 τὸ
590 2570 990 2640 σημαινόμενον
1013 2569 1209 2637 ἔδειξε·
1241 2570 1332 2623 τὸν
1360 2571 1415 2624 δὲ
1449 2573 1577 2643 περί¹
1607 2573 1700 2625 τοῦ

153 2664 299 2727 τέλους
323 2663 485 2732 λόγον
516 2664 729 2733 ἀφῆκεν
756 2664 1077 2734 ἀμφίΰολον.

206 2755 408 2808 Τούτων
436 2752 558 2818 οὖν,
606 2758 682 2820 ὠς
726 2754 896 2827 ἔφην,
936 2755 1046 2808 τῶν
1082 2755 1359 2824 ὀνομάτων
1406 2758 1604 2828 ἐπίσης
1642 2758 1701 2810 τὸ

152 2846 287 2900 ἀΐδιον
325 2847 430 2917 τῆς
473 2847 625 2910 θείας
653 2846 798 2916 ζωῆς
842 2847 1260 2918 παριστώντων,
1299 2850 1488 2920 καιρὸς
1521 2850 1585 2904 ἂν
1616 2852 1698 2922 εἴη

148 2937 477 3005 κατεξετάσαι
498 2978 513 3001 ,
547 2938 664 3001 πῶς
702 2930 848 2991 οὗτοι
878 2938 1254 3009 διατέμνοντες
1291 2938 1384 2992 τοῦ
1434 2940 1601 2994 ἀϊδίου
1641 2942 1701 2995 τὸ

149 3030 523 3099 σημαινόμενον
543 3073 557 3094 ,
583 3029 645 3082 τὸ
676 3030 775 3101 μὲν
801 3032 899 3099 τῆς
926 3031 1101 3100 ἀρχῆς
1124 3032 1468 3102 ἀναιρετικὸν
1498 3034 1696 3107 νόημα,

146 3122 315 3175 οὐσίαν
336 3118 466 3175 εἷναί
498 3139 682 3191 φασιν,
714 3122 775 3175 οὐ
816 3117 945 3192 περὶ
975 3123 1033 3175 τὸ
1061 3122 1227 3177 ἀΐδιον
1258 3124 1612 3196 θεωρεῖσθαι·
1642 3127 1703 3181 τὸ

145 3214 191 3267 δὲ
214 3215 301 3268 τοῦ
342 3216 529 3278 τέλους
566 3214 951 3277 ἀνεπίδεκτον,
996 3218 1053 3270 ὲν
1092 3219 1204 3282 τοῖς
1241 3216 1347 3282 ἔξω
1382 3218 1483 3288 τῆς
1515 3220 1702 3284 οὐσίας

148 3306 443 3375 λογίζονται.
476 3308 590 3360 Οὐκ
613 3303 733 3360 οἶδα
750 3307 856 3359 τίνι
884 3308 1089 3379 διανοίᾳ
1114 3307 1175 3361 τὸ
1195 3309 1434 3363 τοιοῦτον
1461 3312 1701 3383 ἀποκλη-

150 3397 375 3468 ροῦντες·
402 3398 543 3452 ὥστε
568 3398 628 3451 τὸ
657 3398 754 3469 μὲν
796 3400 970 3470 ἀρχὴν
1002 3399 1075 3469 μὴ
1106 3399 1249 3470 ἔχειν
1286 3403 1344 3454 ἐν
1374 3402 1529 3473 οὐσία
1556 3402 1700 3456 τίθε-

152 3492 277 3543 σθαι·
320 3491 376 3543 τὸ
398 3491 451 3544 δὲ
475 3490 627 3554 τέλος
660 3490 735 3561 μὴ
764 3491 928 3562 ἔχειν,
958 3491 1032 3556 ὡς
1064 3493 1220 3557 ἐκτὸς
1243 3493 1340 3563 τῆς
1364 3494 1549 3559 οὐσίας
1573 3498 1702 3550 ἀπο-

149 3586 408 3640 ποιεῖσθαι.
478 3585 681 3655 Ἐχρῆν
731 3584 840 3656 γὰρ
891 3585 1078 3656 ἐπειδὴ
1120 3586 1186 3639 τά
1235 3586 1328 3639 δύο
1388 3590 1516 3660 περὶ
1571 3592 1701 3645 αὐτὸ

149 3680 420 3751 θεωρεῖται,
460 3680 494 3751 ἢ
520 3680 809 3751 ἀμφότερα
837 3681 916 3743 εἰς
939 3679 1029 3732 τὸν
1056 3679 1154 3750 τῆς
1179 3680 1366 3744 οὐσίας
1397 3684 1698 3754 παραδέξα-

153 3770 249 3823 σθαι
275 3773 425 3839 λόγον
448 3789 468 3804 ·
510 3774 559 3824 εί
582 3772 641 3824 τὸ
668 3771 726 3824 ἓν
769 3771 1072 3842 ἀπόϐλητον
1099 3772 1339 3844 ἔκριναν,
1366 3777 1702 3829 συναποϐάλ-

150 3861 239 3935 λειν
271 3863 437 3935 τούτῳ
469 3864 577 3929 καὶ
608 3862 668 3916 τὸ
695 3862 1033 3933 λειπόμενον.
1063 3864 1125 3917 Et
1147 3864 1205 3917 δὲ
1233 3864 1448 3929 πάντως
1476 3867 1701 3938 ἀρέσκει

150 3951 388 4018 διελόντας
414 3952 511 4007 τοῦ
542 3953 714 4007 ἀϊδίου
743 3953 840 4024 τὴν
869 3953 1096 4019 ἔννοιαν,
1128 3955 1189 4008 τὸ
1220 3956 1321 4027 μέν
1339 3974 1391 4010 τι
1415 3958 1495 4021 είς
1514 3958 1700 4011 οὐσίαν

148 4044 228 4111 τῆς
249 4046 385 4107 θείας
416 4045 635 4113 φύσεως
668 4046 1025 4099 κατατάττειν
1048 4060 1061 4073 ·
1086 4045 1149 4099 τὸ
1168 4045 1224 4099 δὲ
1244 4046 1302 4099 ὲν
1323 4049 1436 4109 τοῖς
1472 4048 1547 4119 μὴ
1581 4044 1699 4101 οὖσι

149 4137 549 4205 συλλογίζεσθαι,
577 4136 762 4208 ἐπειδὴ
782 4140 1055 4201 ταπεινοῖς
1079 4138 1361 4209 λογισμοῖς
1388 4138 1454 4191 τὰ
1477 4140 1699 4194 τοιαῦτα

147 4228 323 4297 κρίνειν
363 4229 608 4281 ἐθέλουσι
631 4245 645 4258 ο
684 4228 819 4297 πρὸς
860 4227 919 4279 τὸ
957 4227 1087 4296 ὕψος
1128 4227 1233 4281 τῶν
1265 4229 1392 4302 περὶ
1418 4228 1552 4282 Θεοῦ
1578 4248 1701 4301 νοη-

149 4319 327 4385 μάτων,
354 4320 543 4392 ὤσπερ
586 4321 654 4372 τὰ
700 4320 1188 4391 πτερορρυήσαντα
1218 4322 1326 4377 τῶν
1360 4325 1565 4395 ὀρνέων
1599 4326 1699 4377 οὐκ

144 4410 504 4481 ἀνιπτάμενοι·
556 4411 1024 4483 συμδουλεύσαιμι
1069 4413 1135 4468 ἂν
1167 4417 1349 4479 αὐτοῖς
1387 4417 1561 4486 ἔγωγε
1603 4436 1699 4488 με-

1802 1929 1947 1982 enim
1979 1928 2092 1983 ﬁeri
2130 1942 2328 2001 potest,
2378 1943 2437 1986 ut
2467 1951 2634 1988 mutm
2669 1934 2864 1990 horum
2893 1952 2957 1991 ex
2996 1936 3081 1990 his
3110 1934 3382 2007 signiﬁca-

1803 2019 2030 2083 tionem,
2075 2037 2196 2091 quae
2245 2022 2298 2076 in
2337 2026 2602 2079 alterutro
2652 2034 2769 2090 est,
2826 2034 2975 2080 recte
3006 2036 3379 2095 repra-sentet.

1802 2110 1937 2164 Nam
1969 2114 2059 2181 qui
2092 2114 2509 2171 interminatum
2549 2119 2819 2184 nominat,
2862 2119 2908 2172 is
2941 2119 3117 2176 solum
3150 2119 3383 2174 termino

1804 2214 1994 2256 carere
2033 2203 2261 2263 indicat,
2296 2214 2351 2259 at
2386 2205 2452 2260 de
2483 2207 2753 2277 principio
2785 2207 2918 2261 nihil
2955 2207 3178 2262 interim
3230 2223 3384 2263 asse-

1804 2293 1931 2347 ruit.
1971 2293 2035 2349 Et
2066 2296 2157 2366 qui
2189 2297 2440 2369 principii
2469 2311 2743 2369 expertem
2771 2300 3029 2371 appellat,
3053 2301 3100 2354 is
3131 2299 3383 2373 id,quod

1806 2387 2161 2457 signiﬁcatur,
2197 2406 2361 2460 supra
2391 2407 2553 2446 omne
2593 2392 2924 2463 principium
2964 2408 3089 2448 esse
3119 2392 3381 2456 ostendit,

1805 2488 1860 2532 at
1890 2479 2013 2536 ﬁnis
2045 2483 2312 2537 rationem
2350 2484 2608 2553 relinquit
2643 2485 2977 2555 ambiguam.

1874 2751 2012 2807 Cum
2041 2753 2206 2823 igitur
2230 2755 2345 2809 haec
2369 2757 2654 2823 vocabula,
2685 2765 2744 2811 ut
2770 2756 2904 2819 dixi,
2931 2758 3215 2828 aequaliter
3232 2766 3386 2816 aeter-

1804 2842 2029 2899 nitatem
2060 2839 2184 2899 vitie
2218 2844 2418 2899 divina:
2452 2847 2768 2913 exhibeant,
2799 2854 3014 2917 tempus
3047 2856 3150 2909 est,
3179 2856 3241 2902 ut
3269 2847 3383 2903 dis—

1804 2936 2110 3004 quiramus,
2138 2938 2412 3006 quomodo
2434 2939 2520 2993 isti
2548 2938 2873 2995 aeternitatis
2896 2938 3201 3011 signiﬁcato
3224 2942 3384 3012 quasi

1804 3027 2067 3093 dissecto,
2100 3028 2309 3093 dicant,
2362 3031 2639 3087 notionem
2677 3032 2849 3096 illam,
2886 3049 3009 3103 quae
3041 3048 3203 3088 omne
3235 3037 3386 3105 prin-

1807 3124 2008 3194 cipium
2042 3134 2282 3179 removet
2310 3124 2503 3196 (quam
2538 3126 2902 3182 substantiam
2947 3142 3072 3183 esse
3102 3127 3384 3197 aiunt),in

1803 3217 2111 3271 :eternitate
2145 3232 2254 3272 non
2283 3219 2550 3287 spectari;
2590 3227 2645 3274 et
2695 3219 2925 3274 termino
2951 3234 3161 3283 carere,
3202 3220 3257 3274 in
3294 3220 3382 3285 iis,

1803 3323 1925 3378 qua:
1944 3316 2100 3362 extra
2118 3307 2417 3363 essentiam
2445 3317 2595 3371 sunt,
2614 3308 2922 3379 computari
2949 3307 3168 3364 debere.
3187 3306 3384 3364 Nescio

1802 3415 1967 3472 quam
2013 3400 2294 3456 notionem
2342 3408 2397 3455 et
2443 3401 2875 3470 speculationem
2925 3401 3096 3456 secuti
3142 3401 3384 3467 tradant,

1802 3492 2063 3564 principii
2104 3500 2383 3563 expertem
2414 3508 2560 3555 esse,
2595 3509 2718 3548 esse
2745 3492 3135 3556 substantiam,
3169 3502 3224 3548 at
3260 3493 3385 3548 ﬁnis

1804 3586 2173 3657 negationem,
2207 3586 2366 3655 quasi
2411 3597 2567 3640 extra
2607 3586 2973 3641 substantiam
3026 3587 3383 3659 ablegandam

1802 3693 1947 3734 esse.
1978 3676 2275 3747 Oportebat
2307 3677 2474 3743 enim,
2503 3694 2627 3731 cum
2660 3678 2771 3733 duo
2798 3679 2900 3733 ista
2942 3680 2996 3734 in
3034 3678 3226 3736 eodem
3253 3695 3385 3735 eon-

1803 3770 2137 3833 siderentur,
2194 3778 2291 3824 aut
2338 3780 2637 3840 utrumque
2682 3771 2736 3825 in
2782 3771 3104 3827 substantia:
3149 3772 3383 3827 classem

1802 3866 2067 3934 recipere,
2101 3862 2185 3917 vel
2214 3863 2259 3918 si
2294 3879 2463 3917 unum
2497 3862 2867 3931 abjiciendum
2898 3870 3255 3925 censuerunt,
3290 3863 3386 3916 ab-

1796 3956 1969 4025 jicere
2001 3956 2246 4010 simulet
2276 3955 2533 4010 alterum.
2567 3952 2623 4008 Si
2654 3968 2784 4009 vero
2813 3953 2921 4010 illis
2954 3953 3179 4009 omnino
3212 3952 3381 4019 lubet,

1801 4048 1977 4103 divisa
2023 4046 2350 4103 aeternitatis
2403 4046 2647 4111 notione,
2699 4046 2933 4103 alterum
2979 4044 3203 4117 quidem
3246 4046 3384 4102 sub-

1801 4140 2015 4195 stantia!
2048 4140 2247 4193 divinae
2276 4148 2486 4193 natura:
2517 4138 2803 4209 deputare,
2848 4138 3080 4193 alterum
3118 4138 3206 4202 iis,
3262 4153 3385 4209 qua:

1802 4249 1909 4287 non
1950 4234 2244 4293 exsistunt,
2302 4247 2597 4287 aceensere
2631 4230 3112 4301 (quandoquidem
3150 4231 3385 4300 abjectis

1800 4334 1852 4377 et
1886 4323 2083 4378 vilibus
2117 4322 2541 4393 cogitationibus
2587 4322 2704 4375 lucc
2757 4319 3063 4389 diiudicare
3111 4321 3382 4389 nituntur,

1802 4431 2148 4486 nequaquam
2183 4415 2384 4480 idonei,
2412 4414 2502 4484 qui
2529 4429 2588 4468 se
2616 4413 2685 4468 ad
2716 4412 2974 4469 sublimia
2995 4412 3063 4468 de
3088 4410 3197 4468 Deo
3220 4429 3381 4468 sensa

144 4503 369 4558 ταλαδεῖν
404 4505 543 4577 πρὸς
591 4505 650 4558 τὸ
678 4505 939 4559 ἐναντίον
961 4507 1029 4560 τὰ
1078 4506 1352 4578 δόγματα·
1389 4510 1466 4573 ὡς
1495 4509 1553 4563 τὸ
1596 4512 1696 4582 μὲν

1803 4508 2073 4571 attollant,
2107 4507 2163 4561 in
2194 4506 2363 4561 altum
2395 4520 2505 4560 non
2540 4505 2917 4570 subvolantes,
2951 4521 3101 4560 more
3131 4506 3384 4560 videlicet

144 4593 515 4663 ἀτελεύτητον
604 4597 664 4649 ὲν
719 4598 878 4669 οὐσίᾳ
933 4599 1278 4668 λογίζεσθαι,
1337 4603 1598 4674 περιορᾷν
1642 4602 1698 4657 δὲ

148 4684 324 4749 μᾶλλον
350 4685 441 4738 τοῦ
485 4687 845 4759 ἀτελευτήτου
890 4689 950 4742 τὸ
994 4690 1249 4761 ἄναρχον,
1298 4690 1375 4763 τῷ
1414 4692 1695 4763 μέλλοντι,

146 4774 222 4825 καὶ
259 4776 328 4847 τῷ
358 4781 477 4831 κατ’
530 4779 748 4843 ἐλπίδας
778 4780 939 4834 πλέον
961 4821 976 4843 ,
1011 4782 1044 4853 ἢ
1088 4781 1167 4853 τῷ
1201 4785 1552 4855 παρῳχηκότι
1606 4786 1699 4839 καὶ

146 4866 277 4937 ὲώλῳ
298 4870 360 4923 τά
382 4874 625 4941 πρωτεῖα
652 4872 1079 4943 προσνέμοντας.
1134 4875 1353 4947 Ἐπειδὴ
1385 4876 1492 4945 γὰρ
1522 4877 1698 4949 (λέγω

146 4958 194 5011 δὲ
232 4962 387 5016 ταῦτα
428 4964 519 5018 διὰ
556 4965 681 5029 τοὺς
719 4969 949 5038 μικροὺς
1005 4966 1075 5020 τὰ
1121 4967 1394 5041 ψυχάρια,
1435 4971 1697 5036 ἑκουσίως

146 5054 201 5121 τῇ
230 5055 326 5106 τῶν
356 5058 565 5127 νηπίων
615 5059 877 5129 ὑπολήψει
926 5060 1284 5130 συγκατάγων
1337 5063 1428 5116 τὸν
1473 5064 1657 5134 λόγον)
1681 5081 1694 5093 ·

146 5144 308 5217 ἐπειδὴ
327 5151 502 5203 τοίνυν
533 5150 594 5203 τὸ
621 5151 889 5224 παρελθὸν
915 5154 1012 5223 τῆς
1042 5152 1188 5224 ζωῆς
1211 5156 1327 5208 ἀντ’
1350 5156 1560 5220 οὐδενός
1581 5159 1696 5209 ἐστι

144 5237 213 5305 τῷ
244 5242 481 5310 ζὴσαντι·
525 5247 675 5298 πᾶσα
706 5246 761 5298 δὲ
804 5249 836 5316 ἡ
890 5248 1092 5318 σπουδὴ
1141 5251 1253 5312 τοῖς
1285 5248 1419 5313 ζῶσι
1458 5252 1595 5322 πρὸς
1636 5253 1698 5305 τὸ

146 5331 345 5398 μέλλον,
392 5341 482 5392 καὶ
512 5338 961 5412 προσδοκώμενον
993 5341 1232 5408 γίνεται,
1265 5344 1592 5416 τιμιώτερον
1631 5345 1696 5398 ἂν

143 5426 219 5494 εἴη
249 5427 333 5480 τοῦ
375 5432 610 5502 ἀνάρχου
652 5432 713 5484 τὸ
761 5432 1116 5504 ἀτελεύτητον
1140 5450 1153 5463 ⁸
1188 5436 1269 5488 ὅτι
1303 5437 1439 5507 πρὸς
1470 5437 1529 5490 τὸ
1571 5438 1698 5506 μέλ-

142 5514 240 5579 λον,
268 5526 352 5574 καί
378 5524 824 5594 προσδοκώμενον
856 5524 916 5578 τὸ
956 5524 1221 5578 ἀθάνατον
1252 5526 1496 5597 φέρεται.
1533 5529 1694 5581 Ὥστε

140 5606 173 5675 ἦ
202 5608 474 5683 θεοπρεπῆ,
513 5616 606 5667 καὶ
638 5616 819 5686 ὑψηλά
849 5618 975 5686 περὶ
1003 5616 1102 5686 τῆς
1130 5617 1279 5680 θείας
1309 5618 1524 5687 φύσεως
1553 5618 1694 5673 ἔστω

142 5702 381 5770 νοήματα,
408 5707 439 5778 ἦ
466 5709 623 5779 εἴπερ
655 5707 1015 5778 ἀνθρωπίνοις
1044 5709 1326 5780 λογισμοῖς
1356 5710 1601 5782 κρίνουσι
1629 5712 1695 5766 τὰ

144 5795 373 5859 τοιαῦτα,
411 5800 469 5851 τὸ
504 5798 697 5870 μέλλον
736 5799 879 5853 ἔστω
920 5801 1012 5854 τοῦ
1064 5802 1456 5875 παρῳχηκότος
1511 5805 1694 5869 αὐτοῖς

213 5882 252 5912 ⁸⁵
274 5890 285 5902 ⁹
314 5884 449 5938 i‘sal.
484 5903 678 5953 tum,
707 5890 765 5942 2.

364 5980 633 6041 PATROL.
672 5983 792 6044 Gn.
828 5981 1009 6046 XLV.

1801 4599 2007 4666 avium,
2051 4599 2249 4668 quibus
2281 4614 2471 4669 penna:
2523 4598 2949 4669 deﬂuxerunt):
2977 4598 3247 4654 suaserim
3280 4613 3382 4668 ego

1801 4692 1929 4758 illis,
1957 4699 2015 4745 ut
2042 4691 2347 4747 doctrinam
2381 4706 2538 4747 suam
2569 4692 2868 4751 invertant,
2900 4698 2955 4744 et
2982 4690 3381 4744 interminatam

1800 4783 1856 4837 in
1906 4782 2213 4839 substantia
2260 4794 2570 4848 numerent,
2626 4798 2730 4837 nec
2767 4782 2997 4836 multum
3042 4788 3256 4844 curent,
3309 4795 3377 4834 an

1801 4877 2210 4931 interminatum
2261 4876 2533 4948 principio
2576 4888 2784 4940 careat,
2823 4874 3118 4945 futuroque
3169 4874 3374 4944 potius,

1799 4976 1855 5022 et
1874 4967 2020 5038 quod
2047 4982 2143 5037 spe
2160 4968 2607 5038 apprehenditur,
2635 4983 2799 5038 quam
2827 4966 3125 5037 praeterito,
3154 4965 3375 5036 jamque

1800 5061 2053 5125 evanido,
2090 5062 2302 5132 priores
2329 5071 2514 5132 partes
2537 5060 2806 5117 deferant.
2838 5057 2964 5114 ﬂare
2993 5057 3227 5113 dixerim
3257 5072 3378 5128 pro-

1800 5164 1919 5225 pter
1977 5170 2094 5220 eos,
2152 5155 2244 5225 qui
2308 5155 2507 5225 pusillo
2568 5164 2623 5209 et
2671 5161 2907 5225 angusto
2958 5159 3088 5207 sunt
3136 5157 3375 5220 pectore,

1800 5255 1994 5317 sponte
2034 5250 2287 5302 oratione
2316 5247 2384 5302 ad
2416 5247 2790 5316 insipientium
2823 5254 3045 5315 captum
3075 5253 3130 5299 et
3153 5259 3376 5300 sensum

1799 5341 2062 5397 demissa.
2101 5343 2288 5410 Itaque
2314 5356 2440 5394 cum
2471 5339 2661 5393 vivens
2692 5338 2949 5408 przeteriti
2975 5336 3177 5391 nullam
3211 5338 3378 5391 ratio-

1800 5451 1924 5489 nem
1954 5434 2140 5501 ducat,
2185 5448 2514 5503 omnemque
2545 5431 2871 5486 industriam
2903 5431 2967 5483 ad
3006 5431 3079 5494 id,
3108 5430 3254 5500 quod
3291 5430 3378 5485 fu-

1800 5536 1981 5580 turum
2003 5535 2087 5581 est
2120 5533 2174 5581 et
2205 5533 2575 5594 exspectatur,
2611 5522 2880 5589 conferat,
2921 5523 3241 5592 praeclarius
3270 5525 3378 5579 uti-

1799 5635 1905 5690 que
1934 5618 2059 5684 erit,
2093 5616 2553 5672 interminabilem
2589 5632 2733 5679 esse,
2786 5630 2949 5683 quam
2980 5615 3255 5685 principio
3280 5632 3375 5669 ca-

1799 5726 1953 5765 rere:
1989 5709 2115 5780 quia
2148 5709 2293 5780 quod
2327 5708 2634 5762 immortale
2662 5716 2768 5770 cst,
2801 5706 2972 5761 fertur
3005 5707 3071 5761 ad
3108 5707 3370 5768 futurum.

1800 5812 1855 5859 et
1889 5803 1955 5859 ad
1991 5803 2065 5871 id,
2092 5801 2237 5873 quod
2287 5806 2662 5870 exspectatur.
2697 5800 2883 5869 Itaque
2919 5808 3013 5853 aut
3064 5798 3174 5855 Deo
3209 5800 3370 5871 digna

2971 5973 3046 6034 lii
