3922 6442
558 256 668 317 159

1813 276 1869 333 s.
1912 277 2239 337 cnseonn
2275 264 2565 335 svsssm
3675 294 3759 348 too

562 392 617 437 et
646 379 897 435 sublimia
931 381 996 433 de
1028 380 1210 436 divina
1239 390 1433 438 natura
1465 401 1625 441 sensa
1655 392 1989 461 concipiant,
2035 402 2127 447 aut

2253 396 2578 466 ῑιμιὼτερονσ
2630 399 2721 450 καὶ
2770 399 2942 470 τούτῳ
2986 400 3078 453 τοῦ
3118 398 3254 453 Θεοῦ
3297 400 3393 471 τὴν
3426 403 3602 455 οὐσίαν
3633 422 3760 478 περι-

567 474 611 527 si
650 474 889 525 humano
916 472 1076 526 modo
1103 473 1218 528 haec
1250 474 1377 528 talia
1411 478 1682 533 aestimare
1705 481 1891 546 velint,
1910 491 2131 551 praeter-

569 563 646 616 ito
685 562 975 632 praeferant
1025 564 1291 631 futurum,
1342 582 1515 637 eoque
1565 569 1800 624 divinam
1834 575 2131 627 essentiam

568 656 1058 717 circumscribunt:
1104 662 1541 729 quandoquidem
1572 664 1839 734 quidquid
1872 670 2134 736 temporis

568 750 850 818 praeteriit,
909 750 1030 818 ipso
1075 751 1307 805 transitu
1339 757 1651 807 evanescit:
1710 763 1764 808 at
1798 771 1925 810 vero
1977 758 2130 823 illud,

568 843 713 912 quod
743 852 1113 913 exspectatur,
1157 844 1274 912 ipsa
1309 860 1402 913 spe
1427 844 1697 901 subsistit.

639 934 909 989 Cmterum
934 936 1046 990 haec
1076 948 1330 1004 tanquam
1357 936 1582 991 ridicula
1609 946 1661 990 et
1677 938 1929 1007 puerilia,
1955 938 2138 1006 pueris

572 1027 629 1081 in
675 1028 793 1081 foro
823 1027 1207 1083 sessitantibus
1254 1039 1305 1081 et
1347 1029 1698 1083 lusitantibus
1737 1031 2135 1092 convenientia,

572 1120 791 1189 profero
825 1140 837 1174 :
872 1136 1047 1190 neque
1074 1121 1216 1174 enim
1242 1121 1457 1175 evenire
1486 1128 1693 1189 potest,
1741 1121 2033 1189 quominus
2083 1121 2136 1173 in

571 1212 751 1266 lusum
808 1214 1129 1274 resolvatur,
1188 1212 1438 1281 quisquis
1490 1213 1712 1281 propius
1766 1224 1927 1266 sectae
1974 1210 2137 1278 hujus

572 1305 856 1364 vilitatem.
890 1312 943 1357 et
971 1304 1038 1358 ad
1074 1305 1297 1358 humilia
1326 1305 1687 1373 abjcctioncm
1729 1306 2136 1375 introspexerit.

574 1395 706 1449 Illud
748 1395 947 1450 addere
981 1412 1083 1449 non
1124 1397 1219 1451 abs
1252 1413 1309 1450 re
1342 1397 1455 1453 fore
1483 1401 1659 1453 visum
1695 1407 1798 1461 est,
1833 1413 1956 1451 cum
1987 1405 2140 1450 aeter-

573 1485 762 1541 nitatis
794 1488 943 1540 notio
973 1488 1215 1556 utrisque
1250 1506 1312 1541 ex
1342 1490 1672 1557 supradictis
1704 1488 2044 1551 conﬁciatur,
2073 1504 2139 1542 ex

572 1578 857 1647 negatione
907 1579 1116 1633 scilicet
1168 1581 1418 1651 principii
1462 1591 1515 1636 et
1548 1582 1707 1637 linis:
1750 1581 1798 1635 si
1844 1580 2138 1634 essentiam

573 1665 667 1722 Dei
697 1682 805 1721 uno
830 1668 1307 1733 circumscribant,
1343 1670 1721 1739 semiperfecta
1751 1670 1857 1723 erit
1890 1669 2141 1723 essentia:

2236 488 2612 555 γραφέτωσαν.
2694 492 2908 561 Ἐπειδὴ
2961 493 3069 544 πᾶν
3117 493 3179 544 τὸ
3233 493 3496 563 παρελθὸν
3551 496 3641 565 ἤδη
3686 500 3761 551 τοῦ

2236 580 2425 647 χρόνου
2453 583 2516 649 τῇ
2558 582 2777 653 παρόδῳ
2816 584 3232 651 συναφανίζεται
3258 599 3269 611 ³
3310 585 3371 636 τὸ
3400 584 3455 637 δὲ
3496 588 3766 655 προσδοκὼ-

2236 686 2397 736 μενον
2420 671 2507 724 διὰ
2535 674 2630 743 τῆς
2655 673 2869 739 ἐλπίδος
2900 674 2997 728 τὴν
3028 676 3327 729 ὑπόστασιν
3358 674 3485 744 ἔχει.

2319 932 2478 985 Ἀλλά
2518 934 2690 988 ταῦτα
2723 936 2853 1005 μὲν,
2887 937 2961 1000 ὡς
3006 937 3238 1001 παιδίοις
3273 940 3383 1001 τοῖς
3430 939 3486 991 ὲν
3518 942 3578 1010 τῇ
3624 941 3771 1012 ἀγορᾷ

2238 1024 2565 1095 καθημένοις
2609 1028 2702 1079 καὶ
2751 1027 3001 1091 παίζουσι
3051 1028 3267 1097 γελοῖα,
3321 1030 3415 1081 καὶ
3472 1029 3766 1102 παιδαριώδη

2238 1116 2528 1186 προφέρω·
2566 1116 2687 1169 οὐδὲ
2746 1118 2855 1189 γὰρ
2898 1118 3012 1172 ἔστι
3066 1120 3127 1172 τὸ
3190 1122 3553 1191 χαμιρριφές
3601 1138 3654 1174 τε
3696 1126 3771 1175 καὶ

2238 1212 2418 1277 γήϊνον
2454 1207 2561 1261 τῶν
2587 1210 2682 1278 τῆς
2710 1210 2972 1280 αἱρέσεως
3008 1210 3293 1281 δογμάτων
3322 1212 3767 1282 ἐπισκεπτόμενον,

2244 1299 2315 1367 μὴ
2354 1300 2475 1368 οὐχ).
2524 1301 2736 1363 πάντως
2767 1304 2846 1363 εἰς
2889 1302 3222 1375 μειρακιώδη
3260 1303 3375 1356 τινὰ
3414 1304 3618 1356 παιδιὰν
3664 1306 3771 1358 ὑπο·

2242 1389 2520 1459 φέρεσθαι.
2575 1392 2779 1447 Ἐκεῖνο
2821 1393 2877 1445 δὲ
2932 1393 3244 1464 προσθεῖναι
3297 1394 3375 1464 τῷ
3429 1393 3567 1464 λόγῳ
3619 1396 3768 1460 καλῶς

2240 1484 2382 1553 ἔχειν
2418 1485 2595 1555 φημί·
2626 1487 2705 1539 ὅτι
2748 1488 2846 1558 τῆς
2893 1488 2984 1541 τοῦ
3014 1489 3179 1541 ἀϊδίου
3226 1491 3499 1560 σημασίας
3532 1491 3592 1543 δι’
3624 1493 3771 1561 ἀμφο-

2241 1578 2444 1645 τέρων,
2486 1578 2627 1631 κατά
2660 1579 2747 1631 τὸν
2802 1579 3031 1649 ρηθέντα
3078 1582 3234 1650 λόγον
3280 1582 3769 1655 συμπληρουμένης.

2242 1668 2305 1721 ἔκ
2352 1687 2407 1723 τε
2455 1670 2553 1739 τῆς
2596 1672 2798 1741 ἀρχῆς,
2845 1676 2937 1726 καὶ
2990 1676 3054 1726 ὲκ
3094 1674 3193 1743 τῆς
3222 1675 3317 1727 τοῦ
3351 1676 3530 1739 τέλους
3564 1676 3773 1747 ἀλλοτρι-

575 1760 737 1821 ratio,
771 1752 971 1828 quippe
992 1763 1043 1813 in
1078 1760 1191 1813 sola
1217 1761 1470 1830 principii
1504 1762 1789 1830 negatione
1811 1761 2138 1821 consistens,

2253 1756 2454 1821 ὐσεως·
2492 1762 2539 1812 εί
2577 1761 2676 1829 μὲν
2708 1764 2765 1814 ὲν
2794 1763 2872 1831 τῷ
2904 1764 2982 1815 ἐνὶ
3015 1764 3110 1834 τὴν
3142 1764 3331 1816 οὐσίαν
3368 1764 3459 1818 τοῦ
3490 1765 3615 1817 Θεοῦ
3644 1783 3773 1836 περι-

574 1853 799 1906 excluso
825 1852 892 1905 ab
911 1856 1147 1907 essentia
1181 1853 1549 1906 interminato.
1582 1852 1639 1905 Si
1662 1862 1841 1905 autem
1875 1849 2141 1904 ambobus

576 1944 885 2013 conjunctis
910 1944 1160 1999 essentia:
1198 1944 1464 1997 rationem
1496 1960 1562 1998 ex
1604 1951 1836 2013 utroque
1882 1940 2141 2002 conﬁent,

578 2051 770 2090 rursus
797 2034 1173 2104 dispiciamus,
1194 2049 1442 2103 quaenam
1468 2034 1783 2088 absurditas
1802 2033 1941 2085 hanc
1966 2047 2143 2086 asser-

568 2130 779 2181 tionem
802 2133 1197 2194 consequatur:
1232 2122 1533 2177 videbimus
1553 2122 1698 2177 cnim
1728 2123 1871 2187 illos,
1904 2138 2009 2176 non
2030 2123 2143 2190 jam

576 2220 750 2273 solum
768 2232 891 2272 cum
917 2215 1192 2286 unigenito
1207 2212 1364 2277 Filio,
1382 2214 1475 2269 sed
1494 2216 1653 2268 etiam
1674 2229 1857 2268 secum
1884 2229 2143 2282 pugnare,

575 2310 719 2380 quod
780 2310 1003 2379 planum
1048 2315 1404 2376 apertumque
1442 2315 1545 2368 est,
1602 2321 1775 2374 neque
1814 2306 1983 2359 multa
2020 2321 2145 2375 pro-

578 2403 795 2457 batione
843 2415 1027 2471 egens.
1077 2398 1207 2452 Nam
1266 2400 1407 2453 ratio
1453 2399 1706 2469 principii
1753 2407 1806 2452 et
1859 2398 1984 2452 ﬁnis
2038 2397 2143 2453 sibi

577 2507 765 2550 mutuo
788 2500 1159 2565 opponuntur,
1188 2500 1240 2546 et
1267 2492 1541 2547 diversum
1564 2501 1647 2546 est
1672 2492 1959 2560 utriusque
1983 2491 2147 2560 signi-

578 2590 820 2652 ﬁcatum,
873 2585 1332 2654 quemadmodum
1376 2584 1539 2638 etiam
1587 2585 1640 2637 in
1685 2586 1827 2647 aliis,
1881 2599 2000 2653 qua:
2051 2598 2145 2652 per

577 2682 902 2735 diametrum
934 2678 1039 2733 sibi
1072 2688 1394 2747 repugnant,
1426 2678 1566 2730 inter
1592 2691 1713 2745 qua:
1740 2676 1978 2728 medium
2025 2676 2145 2728 nul-

578 2773 688 2827 lum
744 2772 1053 2828 intercedit.
1087 2770 1135 2824 Is
1182 2771 1326 2824 enim
1377 2785 1407 2822 a
1454 2785 1561 2837 quo
1603 2769 1857 2839 principii
1902 2768 2146 2822 deﬁnitio

577 2866 834 2936 exigitur,
872 2879 980 2918 non
1013 2864 1201 2933 utique
1245 2862 1369 2916 ﬁnis
1400 2862 1770 2917 deﬁnitionem
1822 2862 2144 2932 assignabit,

579 2959 673 3013 sed
700 2956 1030 3012 contrariam
1059 2954 1282 3009 omnino
1324 2956 1587 3007 rationem
1624 2954 1893 3023 principio
1925 2969 2146 3022 compe-

581 3058 807 3114 tentem,
856 3054 909 3103 et
952 3048 1044 3101 ﬁni
1092 3047 1392 3117 oppositam
1446 3044 1700 3115 proferet.
1733 3043 1902 3114 Igitur
1945 3054 1997 3098 et
2027 3060 2147 3112 qum

579 3146 803 3201 cuilibet
838 3144 1033 3198 horum
1067 3144 1318 3212 opposita
1351 3148 1499 3205 sunt,
1536 3155 1632 3209 pro
1659 3140 1819 3193 modo
1852 3139 2148 3208 oppositio-

581 3243 668 3296 nis
702 3254 732 3293 a
763 3255 822 3295 se
857 3238 1088 3291 invicem
1126 3236 1445 3290 distabunt:
1501 3243 1555 3287 et
1588 3233 1733 3287 aliud
1763 3234 1867 3287 erit
1897 3233 2149 3303 principii

582 3342 854 3403 expertem
886 3346 1030 3393 esse,
1058 3329 1367 3399 oppositum
1400 3328 1500 3390 illi,
1537 3326 1683 3396 quod
1722 3326 1991 3395 principio
2022 3328 2151 3381 sub-

581 3424 764 3491 jacet:
807 3420 953 3475 aliud
986 3435 1112 3473 vero
1139 3418 1568 3480 iuterminatum,
1610 3418 1754 3486 quod
1806 3418 2149 3487 negationem

585 3512 708 3567 linis
752 3509 1037 3581 signiﬁcat.
1078 3507 1133 3561 Si
1187 3509 1350 3578 igitur
1388 3507 1500 3559 duo
1546 3508 1671 3569 ista,
1723 3506 2003 3576 principii,
2071 3508 2153 3560 in-

583 3616 771 3674 quam,
814 3610 1087 3669 expertem
1114 3613 1257 3657 esse,
1289 3605 1343 3651 et
1374 3596 1609 3650 termino
1647 3610 1853 3660 carere,
1902 3596 2153 3649 essentia:

585 3693 782 3749 divinae
817 3690 1151 3751 adscribam,
1185 3688 1348 3742 Deum
1381 3705 1447 3743 ex
1473 3688 1687 3742 duobus
1718 3687 2153 3757 repugnantibus

584 3797 639 3843 et
669 3786 772 3843 sibi
819 3783 1063 3840 dissonis
1108 3782 1272 3837 rebus
1314 3782 1803 3850 coagmentabunt:
1860 3794 1983 3832 nam
2032 3778 2154 3834 ﬁnis

583 3889 637 3935 et
670 3878 926 3948 principii
956 3875 1367 3945 repugnantiam
1399 3875 1513 3942 ipsa
1540 3874 1688 3927 notio
1719 3874 1935 3941 utrique
1961 3873 2151 3925 horum

587 3971 752 4025 insita
778 3984 873 4039 per
904 3984 963 4022 se
992 3966 1337 4021 manifestat:
1373 3980 1492 4034 qua:
1520 3964 1665 4018 enim
1697 3964 1963 4032 oppositis
1986 3978 2156 4031 oppo-

573 4064 693 4118 sita
730 4069 878 4119 sunt.
915 4061 1078 4114 etiam
1115 4057 1256 4110 inter
1284 4073 1342 4111 se
1371 4058 1617 4125 opposita
1660 4064 1807 4111 sunt.
1844 4052 2041 4107 Verum
2072 4060 2156 4107 est

589 4160 767 4207 autem
799 4152 966 4205 illud:
1014 4150 1216 4211 omnia,
1245 4163 1365 4219 qua:
1401 4148 1701 4201 secundum
1752 4155 2004 4199 naturam
2052 4144 2155 4198 sibi

591 4256 778 4300 mutuo
821 4242 1234 4296 adversantibus
1288 4240 1667 4302 adversantur,
1732 4256 1793 4293 ea
1841 4240 2003 4293 etiam
2051 4238 2155 4291 sibi

592 4347 780 4390 mutuo
802 4334 1099 4394 adversari,
1126 4342 1183 4385 ut
1206 4333 1575 4401 exemplorum
1606 4332 1943 4401 inspectione
1967 4332 2154 4402 liquet.

592 4426 704 4497 lgni
742 4440 880 4495 aqua
912 4424 1252 4479 adversatur.
1298 4423 1466 4494 Igitur
1499 4425 1662 4477 etiam
1695 4423 2001 4488 facultates,
2036 4425 2157 4494 qui-

594 4519 694 4571 bus
711 4532 769 4572 se
787 4518 1016 4571 invicem
1043 4518 1381 4579 interimunt,
1414 4518 1699 4571 contraria:
1724 4518 1865 4572 inter
1882 4535 1940 4573 se
1965 4526 2155 4574 erunt:

592 4625 719 4663 nam
751 4610 797 4665 si
848 4610 1025 4677 ignem
1076 4608 1373 4680 exstinguit
1416 4610 1632 4672 humor,
1664 4624 1859 4677 aquam
1910 4618 2087 4662 autem
2130 4626 2160 4664 e

595 4702 774 4756 medio
806 4702 942 4752 tollit
976 4700 1222 4765 siccitas,
1254 4702 1666 4769 repugnantiam
1689 4715 1841 4768 aquae
1872 4702 2159 4770 cumigne,

598 4798 776 4850 insita:
803 4794 992 4847 itidem
1027 4793 1317 4863 qualitates
1353 4795 1405 4847 in
1449 4796 1645 4863 seipsis
1678 4797 1935 4857 retinent,
1979 4804 2036 4847 ut
2069 4812 2162 4849 ne-

596 4902 752 4941 cesse
786 4886 855 4939 sit
887 4886 1136 4939 conﬁteri
1165 4887 1395 4939 siccitati
1434 4887 1813 4941 lmmiditatem
1854 4889 2157 4942 adversari.

598 4980 673 5033 lla
707 4994 835 5049 ergo
866 4995 989 5033 cum
1017 4980 1344 5048 principium
1384 4990 1437 5034 et
1471 4982 1593 5034 linis
1618 4992 1983 5049 Opponantur,
2004 4996 2165 5051 opor-

599 5079 675 5125 tet
720 5079 777 5123 ut
806 5079 859 5124 et
893 5071 1115 5125 nomina
1146 5072 1443 5126 secundum
1478 5088 1700 5126 sensum
1735 5074 1835 5126 sibi
1869 5078 2163 5128 adversen-

569 5172 709 5226 'tur,
743 5164 1017 5233 principii,
1048 5165 1290 5234 inquam,
1348 5172 1405 5218 et
1448 5164 1570 5218 ﬁnis
1603 5166 1837 5233 negatio.
1887 5163 1942 5219 Si
2002 5167 2167 5236 igitur

602 5256 833 5308 alterum
888 5254 1081 5309 horum
1134 5255 1395 5309 duntaxat
1450 5258 1742 5309 essentiam
1792 5258 2169 5312 demonstrare

601 5346 960 5409 contendunt,
1001 5361 1271 5401 resumam
1317 5350 1480 5409 enim,
1542 5346 1683 5413 quod
1747 5356 1904 5400 antea
1963 5349 2167 5401 dictum

602 5447 707 5501 est,
740 5438 1086 5491 dimidiatum
1115 5438 1386 5506 quoddam
1410 5453 1533 5491 esse
1564 5437 1671 5491 Deo
1698 5440 2021 5497 attribuent,
2050 5442 2167 5493 sola

606 5529 857 5598 principii
900 5527 1189 5597 negatione
1223 5529 1519 5581 essentiam
1558 5530 1679 5598 ejus
1709 5530 2172 5585 circumscriben-

604 5627 713 5680 tes,
745 5620 809 5671 ad
838 5620 961 5674 ﬁnis
989 5628 1169 5673 autem
1226 5623 1567 5689 negationem
1608 5639 1949 5691 nequaquam
1983 5633 2172 5679 exten-

605 5708 833 5776 dentes;
868 5712 911 5765 si
945 5726 1072 5765 vero
1108 5719 1398 5782 utrumque
1432 5713 1495 5767 ad
1531 5714 1797 5770 rationem
1846 5717 2041 5771 divina:
2081 5735 2169 5772 es-

2245 1849 2503 1919 γράφοιεν
2522 1892 2535 1914 ,
2569 1852 2828 1922 ἡμιτελὴς
2858 1855 3041 1917 αὐτοῖς
3062 1895 3075 1918 ,
3112 1857 3207 1909 καὶ
3245 1858 3510 1927 ἡμίτομος
3531 1859 3558 1909 ό
3586 1862 3673 1929 τῆς
3695 1861 3771 1911 οὐ·

2248 1941 2366 2003 σίας
2396 1940 2548 2010 λόγος
2594 1944 3022 2014 ἀναφανήσεται,
3054 1947 3110 1997 ὲν
3142 1946 3291 2016 μόνῳ
3317 1948 3395 2017 τῷ
3422 1951 3627 2020 ἀνάρχῳ
3650 1950 3775 2003 νοού-

2249 2048 2432 2099 μενος·
2477 2032 2537 2083 τὸ
2566 2032 2621 2085 δὲ
2672 2034 3021 2106 ἀτελεύτητον
3053 2039 3109 2088 έν
3144 2038 3324 2108 ἑαυτῷ
3352 2042 3467 2091 κατ’
3502 2041 3671 2093 οὐσίαν
3712 2042 3772 2110 μὴ

2252 2125 2602 2195 κεκτημένος.
2631 2127 2692 2179 Εἰ
2716 2128 2771 2179 δὲ
2792 2129 3075 2199 ἀμφότερα
3101 2128 3381 2192 συνθέντες
3404 2134 3489 2182 τὸν
3508 2131 3600 2201 τῆς
3618 2132 3773 2194 οὐσίας

2246 2216 2400 2285 λόγον
2439 2218 2504 2270 δι’
2555 2220 2827 2290 ἑκατέρων
2875 2222 3368 2291 συναπαρτίσουσι,
3406 2224 3559 2275 πάλιν
3603 2228 3773 2292 σκοπή-

2248 2325 2429 2379 σωμεν
2473 2310 2570 2381 τὴν
2626 2312 3178 2383 συναναδεικνυμένην
3234 2315 3459 2367 ἀτοπίαν
3510 2313 3580 2383 τῷ
3626 2314 3771 2383 λόγῳ·

2247 2401 2598 2472 εὑρεθήσεται
2644 2402 2751 2473 γὰρ
2804 2405 2985 2467 αὐτοῖς
3029 2406 3218 2458 οὐκέτι
3248 2406 3381 2476 πρὸς
3410 2407 3497 2459 τὸν
3536 2407 3775 2474 Μονογενῆ

2250 2494 2425 2562 μόνον,
2460 2494 2595 2547 ἀλλά
2629 2497 2721 2548 καὶ
2746 2496 2880 2567 πρὸς
2912 2497 3101 2550 ἑαυτὸν
3127 2498 3423 2569 ἀλλοτρίως
3444 2500 3573 2569 ἔχων
3591 2516 3603 2529 ·
3632 2499 3774 2567 σαφὴς

2247 2584 2301 2637 δὲ
2335 2588 2361 2637 ό
2381 2584 2551 2652 λόγος,
2581 2586 2673 2637 καὶ
2703 2586 2823 2638 οὐδὲ
2849 2586 3048 2654 πολλῆς
3074 2588 3171 2657 τῆς
3197 2589 3516 2651 ἐπιστασίας
3540 2589 3771 2658 δεόμενος.

2257 2677 2317 2730 Ὀ
2346 2678 2452 2747 γὰρ
2482 2681 2578 2747 τῆς
2600 2678 2793 2749 ἀρχῆς,
2826 2679 2920 2731 καὶ
2943 2682 2970 2732 ό
2991 2680 3081 2732 τοῦ
3110 2681 3299 2744 τέλους
3342 2682 3493 2750 λόγος
3511 2722 3526 2746 ,
3558 2682 3775 2741 ἐναντίως

2248 2768 2503 2839 ἑκάτερος
2525 2770 2659 2839 πρὸς
2690 2770 2778 2822 τὸν
2804 2771 2987 2840 ἕτερον
3018 2770 3157 2840 ἔχει·
3192 2774 3289 2825 καὶ
3320 2772 3565 2846 διάφορον
3582 2771 3659 2824 ἐπ’
3684 2773 3771 2839 ἀμ⁸

2250 2860 2487 2931 φοτέρων
2521 2861 2580 2913 τὸ
2613 2862 3034 2931 σημαινόμενον·
3077 2864 3269 2934 ὥσπερ
3320 2866 3413 2917 καὶ
3441 2866 3530 2917 ἐπὶ
3562 2864 3657 2917 τῶν
3690 2862 3777 2914 λοι-

2250 2954 2366 3005 πῶν
2417 2953 2520 3006 τῶν
2570 2955 2708 3008 κα.τά
2757 2954 3043 3025 διάμετρον
3095 2956 3346 3021 ἀλλήλοις
3397 2956 3772 3026 ἀντικειμένωνο

2248 3040 2329 3108 οἷς
2372 3045 2521 3099 οὐδὲν
2552 3046 2742 3099 ὕπεστι
2784 3048 2966 3116 μέσον.
3026 3046 3084 3101 Ὀ
3114 3048 3227 3119 γὰρ
3254 3048 3543 3119 ἐρωτηθεὶς
3566 3048 3647 3099 τὸν
3674 3047 3777 3115 περὶ

2249 3139 2349 3209 τῆς
2401 3140 2574 3209 ἀρχῆς
2613 3138 2800 3207 λόγον,
2842 3141 2905 3192 οὐ
2946 3138 3035 3190 τὸν
3068 3140 3233 3192 αὑτὸν
3272 3140 3533 3193 ἀποδώσει
3576 3137 3645 3209 τῷ
3676 3138 3778 3206 περὶ

2249 3229 2343 3282 τοῦ
2371 3229 2553 3291 τέλους
2585 3229 2693 3299 ὅρῳ
2715 3246 2728 3259 ·
2760 3228 2871 3280 ἀλλ’
2908 3229 3001 3282 ἐπὶ
3027 3228 3086 3280 τὸ
3115 3228 3358 3281 ἐναντίον
3382 3230 3565 3297 ἐκείνῳ
3590 3226 3778 3295 προάξει

2250 3322 2339 3373 τὸν
2365 3320 2667 3390 ὡρισμένον
2698 3320 2791 3389 τῆς
2822 3319 2994 3389 ἀρχῆς
3022 3320 3195 3387 λόγον.
3237 3318 3441 3373 Οὐκοῦν
3481 3318 3569 3370 καὶ
3594 3317 3654 3368 τὰ
3677 3316 3779 3366 ἐκα-

2250 3413 2393 3484 τέρῳ
2424 3413 2627 3465 τούτων
2665 3412 3040 3481 ἀντικείμενα,
3074 3410 3215 3464 κατὰ
3252 3410 3311 3464 τὸ
3338 3407 3448 3463 ἴσον
3492 3408 3670 3479 μέτρον
3699 3405 3777 3471 τῆς

2252 3506 2604 3567 ἀντιθέσεως,
2656 3506 2747 3557 καὶ
2795 3504 2886 3556 ἀπ’
2944 3504 3186 3573 ἀλλήλων
3237 3504 3649 3574 διενεχθήσεται·
3706 3498 3780 3549 καὶ

2252 3595 2379 3648 ἄλλο
2415 3612 2465 3646 τι
2497 3594 2953 3664 όμολογηθήσεται
3000 3588 3137 3646 εἶναι
3178 3595 3239 3646 τὸ
3275 3594 3525 3665 ἄναρχον,
3559 3595 3679 3661 ὅπερ
3705 3592 3781 3642 ἀν-

2254 3690 2481 3741 τίκειται
2508 3687 2583 3757 τῷ
2617 3687 2720 3739 ὑπὸ
2747 3688 2844 3756 τῆς
2869 3687 3039 3757 ἀρχῆς
3068 3687 3379 3757 δηλουμένῳ
3403 3705 3416 3717 ·
3447 3686 3566 3738 ἄλλο
3590 3684 3641 3736 δέ
3666 3699 3709 3733 τι
3732 3679 3780 3731 τὸ

2255 3777 2627 3847 ἀτελεύτητον,
2656 3780 2792 3849 ὅπερ
2830 3777 3169 3848 ἀναιρετικὸν
3204 3777 3301 3830 τοῦ
3333 3776 3512 3837 τέλους
3544 3772 3691 3825 ἐστίν.
3729 3767 3780 3819 Εἰ

2254 3866 2346 3922 οὖν
2374 3870 2544 3922 ταῦτα
2576 3869 2643 3922 τὰ
2675 3868 2766 3920 δύο
2806 3870 2884 3929 είς
2921 3868 3017 3937 τὴν
3050 3867 3236 3920 ούσίαν
3269 3866 3360 3919 τοῦ
3394 3864 3523 3918 Θεοῦ
3564 3864 3779 3932 φέροντες

2256 3960 2616 4030 ἀναθήσουσι,
2650 3961 2709 4012 τὸ
2740 3960 3091 4029 ἀτελεύτητόν
3146 3977 3289 4029 φημι
3328 3960 3417 4012 καὶ
3460 3957 3517 4009 τὸ
3553 3956 3777 4023 ἄναρχον,

2255 4053 2347 4106 δύο
2382 4053 2540 4107 τινῶν
2589 4055 2846 4107 ἐναντίων
2898 4053 2992 4104 καὶ
3019 4053 3367 4122 ἀσυμφώνων
3398 4047 3679 4120 συνδρομὴν
3706 4043 3778 4094 τὸν

2257 4146 2387 4200 Θεὸν
2417 4145 2620 4199 ἑαυτῶν
2654 4145 3011 4212 ἀποδείξουσι.
3059 4146 3165 4216 Τὴν
3200 4147 3312 4216 γὰρ
3342 4146 3432 4199 τοῦ
3470 4146 3633 4205 τέλους
3654 4138 3782 4219 πρὸς

2257 4240 2355 4310 τὴν
2389 4238 2562 4309 ἀρχὴν
2594 4238 2899 4290 ἐναντίωσιν
2920 4277 2933 4300 ,
2974 4239 3007 4307 ἡ
3057 4239 3305 4309 ἐκατέρῳ
3346 4238 3545 4290 τούτων
3580 4236 3778 4287 ἀντικει⁸

2263 4333 2397 4404 μένη
2444 4332 2650 4385 διάνοια
2687 4334 2779 4385 καὶ
2824 4332 2907 4400 ἐφ’
2944 4332 3140 4398 ὲαυτῆς
3171 4333 3543 4385 ἐπιδείκνυται.
3598 4326 3668 4379 Τά
3695 4323 3779 4393 γὰρ

2261 4429 2369 4489 τοῖς
2424 4426 2813 4495 ἀντικειμένοις
2865 4425 3115 4490 ἐναντία,
3178 4427 3267 4478 καὶ
3313 4425 3549 4494 ἀλλήλοις
3601 4416 3779 4473 ἐναντία

2264 4521 2478 4581 πάντως
2502 4520 2665 4571 ἐστίν.
2685 4518 2911 4589 Ἀληθὴς
2942 4518 2998 4570 δὲ
3022 4520 3049 4570 ὁ
3071 4518 3245 4586 λόγος,
3272 4520 3352 4572 ὅτι
3377 4521 3560 4575 πάντα,
3584 4516 3670 4567 ὅσα
3692 4512 3779 4568 τοῖς

2261 4611 2515 4674 ἐναντίως
2563 4611 2742 4679 ἔχουσι
2798 4611 2937 4663 κατὰ
2986 4611 3083 4681 τὴν
3148 4613 3309 4679 φύσιν
3354 4610 3777 4666 ἀντικαθίσταται.

2262 4705 2431 4757 ταῦτα
2466 4706 2559 4756 καὶ
2588 4704 2722 4774 πρὸς
2750 4703 2950 4774 ἄλληλα
2980 4704 3040 4755 τὸ
3065 4705 3304 4757 ἐναντίον
3332 4705 3467 4774 ἔχει’
3498 4704 3566 4764 ὡς
3593 4695 3779 4752 ἐπὶτῶν

2265 4796 2672 4865 ὑποδειγμάτων
2728 4796 2872 4847 ἔστιν
2922 4796 3066 4848 ἰδεῖν.
3114 4797 3202 4866 Τῷ
3246 4798 3376 4867 πυρὶ
3406 4796 3463 4847 τὸ
3490 4794 3619 4860 ὕδωρ
3653 4787 3780 4842 ἀνθέσ

2268 4902 2481 4953 στηκεν.
2512 4884 2717 4937 Οὐκοῦν
2745 4886 2837 4937 καὶ
2875 4886 2927 4935 αἱ
2960 4886 3294 4955 ἀναιρετικαὶ
3325 4885 3516 4936 τούτων
3546 4880 3778 4948 δυνάμεις.

2266 4977 2519 5046 ἀλλήλαις
2549 4977 2973 5029 ἐναντιώσονται.
3022 4979 3083 5030 Εἰ
3112 4978 3217 5048 γὰρ
3254 4976 3502 5045 σϐεστικὴ
3532 4972 3615 5025 τοῦ
3644 4966 3782 5037 πυρός

2268 5072 2411 5121 ἐστιν
2459 5071 2490 5137 ἡ
2531 5069 2794 5137 ὑγρότης·
2835 5071 3147 5138 ἀναιρετικὴ
3177 5070 3247 5137 δὲ,
3280 5070 3367 5122 τοῦ
3404 5067 3580 5127 ὕδατός
3610 5058 3781 5122 ἐστινὴ

2270 5168 2529 5239 ξηρότης,
2560 5166 2655 5236 τὴν
2687 5166 2779 5217 τοῦ
2824 5165 3012 5229 ὓδατος
3058 5166 3193 5237 πρὸς
3240 5166 3300 5218 τὸ
3345 5163 3450 5235 πῦρ
3482 5158 3781 5214 ἐναντίωσιν,

2271 5261 2363 5311 καὶ
2393 5261 2447 5310 αἱ
2486 5259 2851 5327 ἀντικείμεναι
2891 5258 3096 5321 τούτοις
3142 5260 3445 5325 ποιότητες,
3474 5254 3559 5306 καὶ
3583 5252 3657 5317 ἐφ’
3685 5248 3783 5298 ἐαυ-

2270 5352 2376 5403 τῶν
2400 5349 2757 5412 διεσώσαντο,
2788 5350 2859 5413 ὡς
2903 5352 3157 5413 ἐναντίως
3190 5352 3327 5421 ἔχειν
3359 5342 3701 5417 ὁμολογεῖσθαι
3725 5352 3785 5399 τῳ

2274 5444 2419 5514 ξηρῷ
2458 5444 2553 5513 τὴν
2588 5444 2879 5513 ὑγρότητα.
2915 5445 3098 5507 Οὕτως
3132 5441 3222 5498 οὖν
3254 5445 3344 5497 καὶ
3376 5444 3468 5511 τῆς
3498 5435 3683 5508 ἀρχῆς,
3712 5425 3784 5479 xit

2272 5534 2364 5585 τοῦ
2396 5533 2578 5595 τέλους
2621 5534 2951 5596 ὑπεναντίως
2981 5534 3349 5603 διακειμένων,
3389 5532 3451 5584 τά
3483 5524 3785 5591 dim-uittam

2275 5625 2479 5687 τούτοις
2506 5626 2741 5694 ὀνόματα
2771 5629 2859 5677 καὶ
2894 5626 3139 5695 ἀλλήλοις
3190 5626 3412 5695 μάχεται
3443 5619 3571 5673 κατά
3611 5614 3694 5683 τὴν
3715 5612 3783 5660 ἐν’

2276 5733 2453 5779 vom,
2505 5718 2584 5788 τὸ⁵
2620 5715 2849 5785 ἄναρχον
2904 5714 3044 5781 λέγω
3090 5716 3181 5766 καὶ
3234 5715 3291 5764 τό
3342 5708 3679 5778 ἀτελεύτητον.
3732 5696 3780 5746 Li
