3922 6452
166 287 244 345 861

1203 283 1480 341 CONTRA
1519 280 1914 348 EUNOMIUM,
1966 281 2094 337 LIB.
2132 281 2174 335 Ι.

3273 278 3378 334 4ῦὲ

167 409 319 462 τοίνυν
340 405 396 458 τὸ
417 403 597 474 ἕτερον
624 402 826 457 τούτων
857 403 1014 473 μόνον
1040 404 1138 474 τῆς
1158 405 1346 469 οὐσίας
1374 401 1701 459 ἐνδεικτικὸν
1733 453 1736 464 ,

1844 400 1995 456 ειιιὶιο
2025 397 2284 462 referant,
2319 399 2453 453 nihil
2488 399 2634 451 aliud
2669 398 2920 461 etﬁcient,
2973 412 3136 466 quam
3165 406 3223 452 ut
3254 411 3375 451 eam

168 496 284 552 εἶναι
321 497 610 561 ὁρίζονται·
649 495 810 548 πάλιν
839 493 947 563 γὰρ
975 495 1067 548 τὸν
1101 494 1261 548 αὑτὸν
1290 495 1702 566 ἐπαναλήψομαι

165 587 321 655 λόγον·
349 585 405 650 ἐξ
423 585 676 654 ἡμισείας
708 591 1290 655 προσμαρτυρήσουσιν
1314 584 1456 637 οὕτω
1480 583 1556 654 τῷ
1583 583 1703 654 Θεῷ

166 677 214 730 τὸ
234 671 375 740 εἶναι,
397 677 454 726 ὲν
478 675 622 744 μόνῳ
652 673 727 743 τῷ
754 676 974 744 ἀνάρχῳ
999 675 1434 746 περιγράφεσθαι
1455 674 1703 742 λέγοντες

165 766 301 822 αὐτοῦ
339 766 437 830 τὴν
469 766 655 818 οὐσίαν
685 805 699 826 ,
737 765 872 833 πρὸς
917 765 973 816 δὲ
1014 765 1076 817 τὸ
1105 765 1458 835 ἀτελεύτητον
1521 763 1702 816 οὐκέτι

165 858 482 919 ἐκτείνοντες.
511 857 572 909 Εἰ
601 857 656 908 δὲ
682 856 966 926 ἀμφότερα
989 859 1066 918 εἰς
1096 855 1186 908 τὸν
1214 855 1313 924 τῆς
1337 855 1524 918 οὐσίας
1547 854 1702 918 λόγον

164 951 386 1020 φέροντες
431 947 830 1017 καταθήσουσιν
865 948 1015 1001 οὐδὲν
1040 947 1225 1019 ἕτερον
1247 985 1261 1008 ,
1295 947 1412 1017 me
1447 946 1703 1001 ἐναντίων

1805 508 1870 546 ex
1916 491 2346 563 repugnantibus
2390 491 2555 545 modo
2590 505 2754 560 supra
2783 489 3030 560 exposito
3087 487 3369 549 coalitam,

1804 590 1859 638 et
1898 584 1968 638 ob
1998 586 2438 654 repugnantiam,
2461 599 2584 654 quae
2609 592 2693 638 est
2719 583 2856 637 inter
2892 581 3144 652 principii
3181 579 3373 635 etﬁnis

1807 680 2178 748 negationem,
2211 684 2333 749 ipso
2365 680 2717 735 interminato
2747 686 2800 732 et
2840 677 3092 747 principii
3127 683 3376 745 expet-te,

1806 769 2108 822 secundum
2173 770 2558 833 substantiam,
2622 769 2908 824 discissam
2963 783 3107 832 esse,
3173 767 3382 838 patefa-

1805 858 1974 913 ciant.
2000 860 2120 926 Quo
2148 861 2205 916 ﬁt
2226 870 2284 916 ut
2310 861 2453 918 Deus
2493 862 2712 916 illorum
2746 861 2817 914 sit
2843 875 2932 915 res
2959 860 3204 930 qumdam
3230 860 3382 912 varia

1804 958 1858 1005 et
1885 967 1950 1005 ex
1985 955 2354 1022 pugnantibus
2379 955 2547 1010 rebus
2583 953 2908 1022 composita.

106 1091 108 1096 .
163 1042 303 1110 αὐτὴν
326 1041 676 1108 συγκεῖσθαιο
724 1039 1132 1111 ἀποφανοῦνται
1183 1040 1325 1095 κατά
1351 1041 1441 1092 τὸν
1472 1039 1706 1109 ρηθέντα
1739 1039 1968 1110 τρόπον,
2020 1049 2084 1118 τῇ
2131 1049 2270 1101 κατὰ
2303 1049 2364 1101 τὸ
2413 1048 2595 1112 τέλος,
2649 1046 2781 1117 πρὸς
2829 1045 2926 1113 τὴν
2991 1042 3164 1114 ἀρχὴν
3229 1043 3382 1093 ἐναν-

160 1137 316 1190 τιώσει
342 1135 418 1205 τῷ
453 1136 816 1206 ἀτελευτήτῳ.
843 1136 937 1189 καὶ
964 1137 1186 1207 ἀνάρχῳ
1214 1134 1335 1189 κατ’
1371 1135 1558 1186 οὐσίαν
1589 1133 2024 1209 διασχιζομένην.
2059 1143 2170 1197 Καὶ
2191 1143 2363 1207 οὕτως
2387 1144 2698 1214 εὑρίσκεται
2755 1139 2933 1193 αὐτῶν
2983 1141 3011 1191 ὁ
3073 1137 3204 1199 Θεὸς
3265 1153 3382 1188 ποι-

160 1234 281 1287 κίλον
303 1249 350 1284 τι
375 1232 562 1301 χρῆμα
591 1233 684 1284 καὶ
713 1230 982 1294 σύνθετον,
1005 1229 1065 1295 ἐξ
1087 1231 1476 1301 ἀντικειμένων
1499 1229 1659 1283 τινῶν
1698 1239 2225 1308 συγκεκροτημένος.

226 1325 350 1378 Ἀλλ’
379 1323 503 1377 οὔτε
543 1325 710 1386 ἐστὶν,
751 1325 872 1377 οὔτε
902 1324 976 1393 μὴ
1009 1323 1232 1394 γένηται
1265 1323 1438 1393 δόγμα
1467 1321 1706 1375 τοιοῦτον

160 1419 207 1469 ἰν
241 1415 524 1486 Ἐκκλησία
550 1415 685 1468 Θεοῦ
706 1433 718 1445 ·
748 1415 880 1468 ὥστε
932 1415 1024 1468 τὸν
1054 1415 1278 1478 ἁπλοῦν,
1305 1416 1398 1468 καὶ
1422 1413 1708 1466 ἀσύνθετον

166 1508 224 1577 μή
249 1508 397 1576 μόνον
435 1507 717 1576 πολυειδῆ,
749 1507 842 1559 καὶ
878 1507 1137 1570 ποικίλον,
1167 1507 1302 1560 ἀλλὰ
1340 1507 1433 1559 καὶ
1467 1506 1524 1571 ἐξ
1553 1507 1707 1557 ἐναν-

164 1601 270 1650 τίων
291 1598 648 1668 συγκείμενον
676 1598 1090 1667 ἀποφαίνεσθαι.
1124 1597 1189 1651 Ἦ
1215 1598 1320 1667 γὰρ
1344 1597 1580 1668 ἁπλότης
1604 1596 1710 1648 τῶν

1879 1326 1948 1380 At
1996 1346 2170 1400 neque
2202 1340 2318 1395 est,
2362 1347 2538 1401 neque
2575 1329 2855 1384 exoriatur
2889 1328 2942 1380 in
2985 1323 3228 1380 Ecclesia
3290 1322 3384 1377 Dei

1812 1420 1937 1474 talis
1964 1421 2211 1476 doctrina
2232 1463 2246 1486 ,
2281 1433 2340 1476 ut
2369 1422 2647 1481 dicamus,
2684 1420 2988 1489 simplicem
3008 1457 3023 1479 ,
3054 1426 3108 1470 et
3138 1416 3206 1469 ab
3236 1415 3384 1474 omni

1813 1513 2212 1581 compositione
2261 1514 2586 1576 immunem,
2632 1527 2737 1565 non
2789 1510 2950 1564 modo
2997 1507 3384 1564 multiformem

1815 1613 1868 1657 et
1897 1604 2141 1666 varium,
2180 1603 2273 1658 sed
2315 1605 2478 1658 etiam
2514 1619 2578 1656 ex
2624 1603 2788 1656 rebus
2835 1599 3210 1671 pugnantibus
3252 1612 3386 1650 con-

164 1693 242 1759 τῆς
271 1690 517 1780 ἀληθείας
566 1689 869 1758 δογμάτων,
909 1691 998 1743 τὸν
1049 1689 1179 1742 Θεὸν
1222 1691 1354 1761 ὅπερ
1396 1689 1542 1741 ἐστὶν
1577 1689 1712 1741 ὑπο-

1844 1697 2004 1748 latum
2032 1709 2152 1749 esse
2179 1714 2191 1749 :
2221 1709 2346 1749 nam
2376 1695 2572 1749 divinae
2600 1693 2844 1747 veritatis
2869 1690 3192 1760 simplicitas
3219 1687 3385 1740 Deum

165 1780 374 1832 τίθεται’
409 1779 535 1832 οὔτε
594 1782 836 1850 ὀνόματι,
883 1780 1003 1834 οὔτε
1051 1781 1392 1851 διανοήματι,
1441 1779 1563 1833 οὔτε
1611 1779 1718 1832 τινὶ

167 1870 276 1939 ἄλλῃ
298 1871 676 1942 καταληπτικῇ
717 1873 928 1942 ἐπινοίᾳ.
954 1871 1355 1943 περιληφθῆναι
1385 1871 1683 1942 δυνάμενον
1703 1887 1716 1900 ο

169 1964 215 2014 οὐ
237 1965 380 2031 μόνον
407 1962 784 2034 ἀνθρωπίνης,
809 1963 948 2015 ἀλλὰ
968 1963 1060 2016 καὶ
1089 1963 1404 2034 άγγελικῆς,
1425 1963 1518 2016 καὶ
1541 1963 1720 2032 πάσης

173 2055 510 2126 ὒπρκοσμίου
541 2054 898 2124 καταλήψεως
919 2054 1250 2126 ὑψηλότερον
1275 2054 1522 2124 μένοντα,
1547 2053 1723 2124 ἀφρα-

175 2147 274 2200 στόν
300 2163 355 2198 τε
393 2147 490 2198 καὶ
520 2145 924 2216 ἀνεκφώνητον,
954 2146 1048 2199 καὶ
1085 2148 1264 2217 πάσης
1307 2147 1405 2216 τῆς
1437 2146 1523 2200 διὰ
1551 2147 1723 2215 λόγων

176 2239 417 2309 σημασίας
461 2237 761 2308 ἀνώτερον,
795 2238 852 2290 ἓν
901 2239 1068 2308 ὄνομα
1105 2239 1404 2307 γνωστικὸν
1445 2242 1542 2311 τῆς
1591 2241 1724 2304 ἰδίας

175 2332 336 2398 ἔχοντα
360 2329 603 2398 φύσεως,
624 2329 688 2382 τὸ
715 2329 871 2399 μόνον
897 2331 962 2382 αὐ
975 2331 1057 2381 τὸν
1084 2331 1223 2399 ὑπὲρ
1246 2332 1353 2382 πᾶν
1375 2325 1512 2382 εἶναι
1533 2329 1720 2398 ὄνομα·

176 2420 271 2490 ὃδὴ
298 2423 388 2475 καὶ
407 2421 486 2491 τῷ
520 2421 823 2488 Μονογενεῖ
854 2421 1192 2490 κεχάρισται,
1225 2421 1311 2474 διὰ
1340 2421 1398 2472 τὸ
1427 2422 1601 2472 πάντα
1629 2420 1728 2472 ὅσα

177 2513 268 2581 {ﬁt
298 2516 324 2566 ό
354 2513 570 2584 Πατὴρ,
603 2513 696 2565 καὶ
724 2511 818 2564 τοῦ
846 2512 976 2564 Υίοῦ
1011 2507 1146 2565 εἶναι
1166 2529 1180 2542 ·
1215 2514 1312 2582 τῆς
1348 2514 1402 2567 δὲ
1435 2513 1729 2584 ἀῖδιὸτητος

180 2603 340 2664 αὐτοῦ,
373 2605 494 2674 οὐχὶ
536 2603 641 2670 τῆς
676 2604 861 2667 οὐσίας
900 2605 1228 2666 ὲνδεικτικάς
1256 2602 1392 2660 εἶναι
1421 2605 1519 2668 τὰς
1551 2604 1730 2674 φωνὰς

181 2698 349 2760 ταύτας
369 2698 630 2767 ὁμολογεῖ
649 2697 748 2766 τῆς
769 2696 1046 2760 εὐσεδείας
1067 2699 1094 2750 ό
1121 2695 1275 2766 λόγος
1295 2714 1307 2725 ⁸
1331 2698 1427 2767 τήν
1455 2715 1512 2748 τε
1559 2695 1734 2764 ἀγέν-

181 2791 335 2855 νητον
372 2805 517 2859 φημι
565 2787 660 2842 καὶ
709 2787 807 2859 τὴν
862 2787 1275 2856 ἀτελεύτητον.
1344 2787 1436 2849 Ὠς
1485 2784 1579 2838 τοῦ
1634 2785 1733 2856 μὲν

183 2880 466 2951 ἁγεννήτου,
485 2879 553 2932 τὸ
578 2879 848 2950 μηδεμίαν
874 2877 1035 2932 αὐτοῦ
1059 2879 1410 2948 ὑπερκεῖσθαι
1435 2879 1734 2949 ἀρχὴν,καὶ

184 2970 334 3024 αἰτίαν
358 2970 773 3041 ἐνδεικνυμένου
794 2986 808 3000 ο
837 2969 930 3022 τοῦ
959 2969 1015 3021 δὲ
1038 2969 1395 3040 ἀτελευτήτου
1427 2969 1488 3022 τὸ
1519 2971 1597 3033 είς
1629 2987 1733 3041 μη-

1822 1787 1904 1852 id,
1940 1789 2086 1857 quod
2113 1797 2235 1851 est,
2268 1803 2390 1843 esse
2419 1787 2579 1842 docet
2608 1806 2622 1840 :
2653 1800 2777 1840 eum
2809 1783 3052 1844 scilicet,
3083 1779 3175 1850 qui
3213 1792 3388 1846 neque

1822 1879 2081 1944 nomine,
2138 1893 2314 1948 neque
2364 1878 2730 1947 cogitatione,
2792 1889 2970 1943 neque
3021 1871 3124 1931 alia
3181 1869 3390 1922 ratione

1823 1969 2209 2040 comprehendi
2255 1969 2472 2032 valeat,
2522 1982 2628 2021 non
2674 1966 2850 2020 solum
2901 1964 3169 2019 humana,
3208 1957 3300 2012 sed
3338 1965 3390 2008 ιιι

1825 2064 2101 2132 angelica.
2134 2070 2246 2115 tota
2297 2062 2389 2114 illa
2423 2073 2589 2128 supra
2622 2057 2882 2110 mundum
2915 2063 3098 2109 evecta
3134 2050 3390 2104 facultate

1824 2155 2271 2219 eminentiorem,
2321 2151 2682 2215 ineﬁ'abilem,
2728 2157 2783 2202 ct
2833 2145 3286 2201 inenarrabilem,
3336 2147 3390 2189 t-t

1825 2246 2008 2310 omni,
2045 2259 2164 2315 qua:
2209 2243 2390 2298 verbis
2436 2242 2715 2312 perﬁcitur
2759 2237 3163 2310 signiﬁcatione
3214 2233 3395 2286 excel-

1828 2339 2070 2394 siorem:
2119 2339 2210 2406 qui
2259 2351 2425 2389 unum
2475 2349 2709 2394 nomen.
2760 2347 2860 2386 ceu
2910 2327 3142 2398 propriae
3188 2332 3398 2378 naturae

1829 2441 2011 2484 notam
2043 2442 2108 2482 ac
2140 2425 2400 2480 indicium
2435 2425 2630 2490 habet,
2662 2421 2809 2493 quod
2846 2423 2961 2489 ipse
2997 2417 3208 2474 scilicet
3245 2415 3398 2468 solus

1828 2521 1901 2577 sit
1947 2533 2110 2588 super
2165 2532 2326 2571 omne
2377 2530 2611 2578 nomen,
2675 2509 2821 2582 quod
2883 2511 3046 2563 etiam
3103 2504 3396 2575 Unigenito

1830 2621 2152 2665 concessum
2193 2615 2310 2667 est,
2343 2604 2471 2673 quia
2519 2600 2701 2657 omnia
2742 2614 2862 2668 qua!
2893 2604 3022 2652 sunt
3054 2594 3235 2648 Patris
3269 2601 3398 2648 sunt

1831 2701 1995 2756 etiam
2030 2697 2150 2752 Filii
2180 2698 2267 2749 ⁸⁸⁸.
2293 2694 2398 2748 llas
2435 2707 2598 2762 porro
2628 2704 2792 2743 voces
2824 2686 3110 2757 ingenitum
3144 2692 3198 2737 et
3225 2684 3394 2734 inter-

1833 2793 2091 2845 minatam
2123 2789 2476 2848 anet-uitatis,
2510 2798 2620 2837 non
2665 2791 2842 2835 autem
2892 2777 3145 2832 essentize
3193 2773 3400 2827 indices

1835 2897 1988 2946 esse,
2017 2896 2143 2935 vera
2177 2888 2231 2934 et
2261 2879 2348 2948 pia
2396 2877 2647 2930 doctrina
2696 2871 2906 2926 tradit:
2961 2870 3035 2922 ita
3084 2877 3143 2920 ut
3193 2865 3403 2935 ingeni-

1837 2983 1952 3028 tum
1989 2973 2196 3026 nullum
2243 2971 2362 3039 ipso
2405 2968 2650 3023 anterius
2682 2964 3043 3036 principium,
3093 2960 3403 3026 nullamque

184 3060 257 3113 ὁὲν
287 3063 449 3132 πέρας
481 3060 784 3132 στήσεσθαι
820 3059 982 3114 αὑτοῦ
1015 3060 1114 3130 τὴν
1150 3059 1422 3130 βασιλείαν
1447 3061 1736 3132 σημαίνον-

1844 3066 2081 3136 priorem
2140 3077 2362 3116 causam
2416 3070 2634 3115 exstare
2689 3055 2930 3111 indicet:
2987 3052 3400 3108 interminatam

185 3167 275 3214 τος.
305 3153 381 3206 Σὺ
401 3155 532 3224 γὰρ,
560 3153 744 3221 φησὶν,
777 3154 811 3205 ό
835 3151 1015 3216 αὐτὸς
1041 3151 1114 3217 εἴ,
1137 3151 1234 3204 καὶ
1262 3153 1330 3206 τὰ
1355 3152 1457 3217 ἔτη
1482 3169 1599 3206 σου
1632 3155 1742 3207 οὐκ

188 3243 535 3313 ἐπιλείψουσι.
568 3245 667 3297 Διά
702 3244 800 3314 μὲν
828 3243 921 3297 τοῦ
954 3239 1094 3298 εἶναι
1119 3245 1178 3298 τὸ
1204 3245 1278 3316 μὴ
1311 3245 1370 3310 ἐξ
1391 3247 1570 3309 αἰτίας
1600 3245 1744 3308 τινὸς

191 3335 456 3406 ὑποστῆναι
509 3337 828 3406 σημαίνων’
870 3335 956 3388 διὰ
995 3335 1051 3388 δὲ
1094 3335 1187 3388 τοῦ
1231 3337 1425 3407 ἐφεξῆς
1455 3337 1549 3406 τὴν
1573 3337 1744 3390 ἄπαυ-

195 3428 294 3480 στόν
321 3447 376 3481 τε
404 3431 501 3483 καὶ
553 3428 912 3500 ἀτελεύτητον
943 3429 1314 3500 μακαριότητα
1356 3429 1456 3498 τῆς
1489 3429 1630 3501 ζωῆς
1664 3431 1748 3482 ὲν·-

192 3516 532 3590 δεικνύμενος.

262 3693 385 3747 ’Λλλ’
425 3697 565 3757 ἴσως
605 3697 721 3764 ἐρεῖ
751 3711 832 3756 τις
865 3695 960 3746 καὶ
1011 3693 1120 3744 τῶν
1169 3694 1591 3765 εύλαόεστέρων,
1631 3695 1749 3762 ἐφι-

199 3782 304 3847 στὰς
340 3789 452 3848 τοῖς
502 3786 631 3855 περί
667 3783 759 3836 τοῦ
808 3784 980 3836 ἀϊδίου
1029 3786 1159 3854 ἡμῖν
1205 3783 1617 3853 ἐξητασμένοις·
1670 3784 1751 3835 ὅτι

201 3877 402 3945 χαλεπόν
431 3878 554 3928 ἐστι
587 3876 676 3928 τὸν
700 3875 828 3946 περὶ
855 3874 948 3927 τού
983 3873 1319 3942 Μονογενοῦς
1350 3873 1504 3942 λόγον
1538 3873 1624 3925 διὰ
1643 3872 1752 3926 τῶν

202 3969 480 4038 ιίρημὲνων
527 3965 816 4036 παρελθεῖν
865 3967 1248 4036 ἀπροσκόπως.
1284 3965 1386 4017 Δύο
1429 3964 1536 4036 γὰρ
1569 3966 1751 4035 ἀπεμ-

203 4059 474 4124 φαινόντων
501 4057 807 4127 δογμάτων,
849 4057 928 4109 ένὶ
958 4058 1173 4119 πάντως
1208 4056 1651 4124 συνενεχθήσεται
1673 4074 1686 4086 ·
1715 4056 1747 4126 ἦ

203 4148 291 4217 γὰρ
320 4152 612 4220 ἀγέννητον
646 4145 786 4202 εἶναι
841 4149 934 4203 καὶ
968 4151 1058 4202 τὸν
1087 4149 1211 4201 Υίὸν
1253 4149 1751 4219 κατασκευάσομεν,

204 4240 316 4310 ὅπερ
339 4243 560 4302 ἄτοπον,
595 4242 628 4310 ἢ
675 4241 793 4294 ούδὲ
829 4241 890 4293 τὸ
914 4241 1082 4295 ἀΐδιον
1124 4240 1270 4312 αύτῷ
1313 4243 1751 4312 συγχωρήσομεν,

204 4330 319 4403 ὅπερ
368 4333 498 4387 ἴδιον
550 4332 658 4385 τῶν
707 4332 1166 4402 βλασφημούντων
1214 4333 1381 4390 ἐστίν.
1422 4334 1480 4384 Εἰ
1521 4333 1628 4402 γὰρ
1678 4331 1754 4405 τῷ

207 4425 420 4496 ἀνάρχῳ,
481 4427 578 4480 καὶ
635 4425 973 4496 ἀτελευτήτῳ
1019 4427 1052 4496 ἡ
1107 4424 1343 4494 ἀῖδιότης
1393 4425 1752 4496 γνωρίζεται,

207 4516 392 4588 ἀνάγκη
422 4518 598 4580 πᾶσα,
639 4515 672 4586 ἢ
707 4515 923 4568 ἀσεϐεῖν
953 4514 1028 4586 μὴ
1071 4514 1462 4584 ὁμολογοῦντας
1493 4515 1587 4567 τοῦ
1626 4515 1754 4566 Υἱοῦ

209 4605 258 4656 τὸ
289 4608 530 4678 ἀΐδιον,ἦ
574 4608 708 4678 πρὸς
742 4607 838 4678 τὴν
883 4609 986 4679 τῆς
1031 4607 1354 4676 ἀγεννησίας
1402 4607 1666 4676 ὑπόληψιν
1700 4611 1757 4660 ἐν

211 4697 308 4757 ταῖς
331 4701 453 4766 περὶ
480 4696 574 4750 τοῦ
600 4697 934 4765 Μονογενοῦς
967 4697 1241 4760 ὑπονοίαις
1268 4697 1545 4768 φέρεσθαι.
1580 4700 1622 4750 Τ
1629 4699 1643 4750 ί
1666 4696 1758 4752 οὖν

212 4789 382 4856 ἡμεῖς
415 4791 476 4842 Et
515 4789 614 4860 μέν
637 4806 754 4842 τινα
776 4791 1033 4860 χρονικὴν
1063 4790 1300 4860 ἔμφασιν
1330 4789 1636 4860 ύπερετίθει
1663 4794 1758 4861 τῆς

211 4878 290 4931 τοῦ
320 4881 650 4950 Μονογενοῦς
679 4882 1024 4944 ὑποστάσεως
1092 4883 1120 4934 ὁ
1149 4883 1240 4935 τὸν
1263 4882 1478 4952 Πατέρα
1505 4882 1596 4935 τοῦ
1631 4883 1758 4937 Υἱοῦ

217 4971 342 5042 μόνῳ
371 4974 466 5044 τῆς
495 4973 671 5033 αἰτίας
703 4973 843 5042 λόγῳ
873 4974 1223 5044 προθεωρῶν,
1265 4974 1487 5036 εἰκότως
1519 4973 1584 5028 ἂν
1609 4975 1636 5026 ὁ
1663 4975 1760 5045 τῆς

216 5063 487 5134 resumo;
528 5067 661 5134 ἡμῖν
698 5046 828 5134 περὶ
863 5063 956 5116 τοῦ
998 5063 1326 5128 Υἱοῦ,¹Υίοῦ
1356 5063 1509 5133 λόγος
1551 5065 1760 5118 ἐκινδυ-

216 5153 395 5212 νεύετο.
423 5157 556 5210 Νυνὶ
578 5157 657 5221 δὲ,
683 5156 744 5210 τὸ
777 5156 906 5209 ποτὲ
935 5155 1010 5228 μὴ
1031 5153 1247 5208 ἔσεσθαι
1279 5155 1370 5208 ἐπὶ
1398 5157 1497 5225 τῆς
1524 5175 1764 5228 προαιω-

219 5245 316 5298 νίου
336 5247 542 5315 φύσεως
570 5248 718 5311 ἴσως,
746 5248 836 5300 καὶ
861 5245 1061 5316 ὁμοίως
1094 5245 1186 5298 ἐπί
1223 5263 1282 5298 τε
1305 5247 1403 5318 τῆς
1432 5248 1526 5301 τοῦ
1556 5251 1764 5319 Πατρός

222 5336 367 5408 ζωῆς,
395 5341 486 5394 καὶ
509 5340 610 5408 τῆς
623 5338 716 5392 τοῦ
731 5337 1032 5406 Μονογενοῦ
1041 5356 1086 5404 ς,
1117 5337 1250 5391 ἀλλὰ
1267 5340 1358 5392 καὶ
1383 5341 1480 5409 τῆς
1496 5341 1588 5393 τοῦ
1612 5343 1764 5409 ἁγίου

223 5429 509 5503 Πνεύματος
549 5433 836 5503 ὁμολογίας
863 5432 924 5484 οὐ
964 5431 1194 5503 δέχεται.
1237 5433 1403 5486 Ἔνθα
1429 5435 1538 5504 γὰρ
1579 5437 1765 5504 χρόνος

225 5523 312 5576 ούκ
334 5525 459 5591 ἔστι,
491 5527 586 5580 καὶ
611 5525 673 5578 τὸ
704 5524 850 5580 ποτὲ
879 5527 1259 5599 συνανῄηηται.
1297 5527 1360 5580 Et
1403 5528 1457 5580 δὲ
1490 5530 1575 5582 ἀεὶ
1605 5533 1662 5584 ἐν
1691 5531 1771 5586 τᾶ·

289 5695 350 5728 ⁸⁸*
387 5697 614 5770 Philipp.
652 5713 710 5757 ll.
745 5699 824 5752 ιδ.
937 5698 978 5728 ⁸⁸
1019 5695 1161 5752 Psal.
1193 5713 1267 5763 Cl,
1306 5704 1359 5754 4.

1846 3171 1996 3219 vero,
2046 3170 2270 3225 regnum
2299 3153 2419 3222 ejus
2447 3152 2596 3204 nullo
2631 3149 2735 3203 ﬁne
2760 3149 3008 3202 clausum
3039 3144 3104 3198 iri
3133 3140 3406 3195 ostendat.

1853 3255 1923 3306 Tu
1955 3251 2122 3316 enim,
2152 3250 2358 3318 inquit,
2399 3246 2534 3298 idem
2567 3245 2674 3312 ipse
2701 3259 2789 3305 es,
2833 3250 2881 3295 et
2915 3237 3041 3291 anni
3073 3235 3148 3288 tui
3190 3249 3290 3285 non
3323 3231 3412 3282 de-

1847 3347 2023 3415 ﬁcient
2055 3345 2097 3374 ⁸³
2127 3362 2139 3396 :
2175 3358 2270 3412 per
2303 3356 2423 3394 esse
2455 3353 2586 3393 eum.
2616 3351 2680 3389 ex
2715 3334 2868 3388 nullo
2901 3329 3168 3401 principio
3195 3324 3414 3395 prodire

1850 3439 2122 3495 innuens,
2159 3430 2514 3498 sequentibus
2551 3434 2730 3478 autem
2767 3421 2948 3476 verbis
2974 3460 2989 3479 ,
3027 3418 3296 3472 inﬁnitam
3348 3415 3414 3465 il-

1848 3523 1984 3584 lam,
2018 3531 2072 3574 et
2105 3519 2271 3573 nullis
2320 3516 2587 3568 limitibus
2631 3512 3053 3578 circumseptam
3098 3507 3221 3561 vita:
3272 3505 3416 3557 illius

1851 3611 2240 3667 beatitudinem
2267 3608 2568 3660 delineans.

1921 3705 1990 3758 At
2016 3702 2156 3756 forte
2181 3698 2404 3767 objiciat
2427 3698 2550 3766 quis
2575 3694 2738 3749 etiam
2762 3707 2829 3745 ex
2851 3689 3249 3760 religiosiorum
3275 3691 3418 3738 casta

1852 3795 2142 3852 occasione
2170 3807 2390 3852 eorum,
2426 3804 2548 3858 ilum
2579 3787 2646 3842 de
2675 3786 2981 3840 aiternitate
3013 3781 3375 3837 disseruinms
3403 3796 3417 3830 :

1852 3889 2067 3943 diﬁicile
2090 3900 2212 3941 esse
2250 3881 2518 3952 unigeniti
2548 3878 2670 3932 Filii
2703 3879 2964 3932 honorem
2994 3875 3206 3929 salvum
3236 3881 3290 3925 et
3319 3871 3424 3922 ilti-

1854 3981 2040 4034 batum
2069 3981 2356 4046 praestare,
2382 3972 2428 4025 si
2453 3987 2575 4040 qua:
2599 3969 2745 4022 dicta
2774 3977 2902 4021 sunt
2927 3964 3228 4020 subsistant
3255 3978 3267 4013 :
3297 3973 3420 4012 cum

1854 4075 1999 4128 enim
2029 4072 2149 4124 dum
2178 4070 2288 4124 sint
2311 4066 2624 4135 dogmatum
2654 4062 2919 4120 rationes,
2947 4057 3174 4109 alterum
3206 4051 3422 4104 illorutn

1856 4166 1992 4220 Filio
2022 4161 2314 4218 convenire
2335 4164 2550 4226 oportet
2579 4173 2592 4208 :
2626 4155 2709 4208 vel
2733 4152 2875 4206 enim
2897 4150 3072 4217 ipsum
3093 4158 3308 4213 quoque
3337 4141 3425 4191 lii.

1855 4257 1984 4309 lium
2011 4253 2309 4322 ingenitum
2345 4262 2466 4302 esse
2492 4243 2844 4315 probabimus
2867 4279 2881 4301 ,
2916 4247 2968 4292 et
2998 4237 3099 4289 hoc
3126 4241 3208 4286 est
3235 4231 3427 4285 ahsur-

1858 4348 1986 4402 dum
2009 4389 2023 4412 ,
2048 4345 2132 4400 vel
2155 4344 2512 4398 aeternitatem
2535 4338 2582 4391 ei
2608 4335 2911 4389 adimemus
2934 4371 2948 4392 ,
2977 4325 3119 4396 quod
3151 4323 3427 4394 proprimn

1863 4449 1946 4496 est
1979 4435 2491 4507 blasphemantinm.
2529 4429 2586 4484 Si
2633 4428 2774 4482 enim
2825 4440 2888 4480 ex
2922 4420 3172 4490 principii
3222 4428 3272 4469 et
3310 4415 3431 4468 ﬁnis

1866 4533 2152 4603 negatione
2176 4527 2450 4582 aeternitas
2477 4521 2848 4592 cognoscitur,
2877 4517 3035 4585 plane
3060 4509 3310 4581 sequitur
3339 4515 3432 4560 aut

1868 4596 1967 4680 nos
1998 4621 2288 4691 impietatis
2314 4618 2487 4671 labem
2516 4613 2840 4667 contrahere
2874 4649 2888 4670 ,
2923 4614 3110 4674 utpote
3132 4642 3146 4665 ,
3184 4601 3274 4670 qui
3310 4596 3432 4650 Filii

1868 4717 2224 4773 aeternitatem
2278 4725 2384 4763 non
2430 4706 2812 4763 conﬁteantur,
2866 4709 2959 4751 aut
3011 4691 3431 4760 intelligentiam

1869 4818 2113 4866 nostram
2131 4849 2146 4872 ,
2172 4803 2390 4874 quando
2417 4801 2483 4854 de
2510 4797 2803 4866 Unigenito
2831 4794 3157 4860 cogitamus,
3191 4786 3255 4837 ad
3285 4786 3435 4836 inna-

1871 4902 2217 4958 scibilitatetn
2250 4910 2466 4966 quoque
2493 4892 2797 4946 deﬂectere.
2829 4881 2968 4950 Quid
3009 4880 3174 4950 igitur
3216 4875 3358 4928 nos?
3387 4875 3430 4926 si

1870 4992 2220 5064 temporalem
2271 4965 2566 5056 quamdam
2631 4975 3086 5044 intercapedinem
3156 4965 3433 5037 hypostasi

1871 5104 1964 5142 seu
1996 5081 2364 5140 subsistentia:
2389 5076 2508 5130 Filii
2537 5079 2918 5140 anteponeret,
2945 5064 3037 5134 qui
3076 5061 3287 5114 Patrem
3320 5057 3435 5110 sola

1875 5173 2126 5246 principii
2161 5169 2372 5223 ratione
2405 5165 2553 5232 prius
2589 5159 2726 5211 Filio
2755 5154 2993 5221 concipit
3016 5191 3029 5210 .
3063 5150 3186 5218 jure
3222 5144 3435 5198 censeri

1874 5237 2070 5333 posset
2091 5257 2338 5312 doctrina
2369 5255 2435 5307 de
2462 5250 2582 5304 Filii
2611 5246 2912 5303 aeternitate
2934 5242 2987 5294 in
3012 5237 3311 5308 periculum
3341 5249 3436 5284 vo-

1872 5317 2013 5401 cata.
2065 5343 2217 5396 Nunc
2247 5340 2359 5410 pari
2395 5350 2619 5406 prorsus
2651 5331 2812 5384 modo
2835 5368 2849 5390 ,
2884 5322 3176 5393 aliquando
3211 5335 3319 5372 non
3353 5317 3441 5370 l‘u-

1873 5449 2056 5493 turum
2113 5450 2264 5496 csse,
2317 5447 2345 5483 a
2390 5429 2549 5482 Patre
2585 5436 2636 5480 ct
2672 5423 2837 5483 Filio,
2875 5417 3005 5488 quin
3053 5423 3107 5470 et
3154 5429 3184 5466 a
3230 5411 3440 5481 Spiritu

1873 5531 2112 5592 exsulat,
2159 5542 2280 5581 nam
2324 5523 2414 5578 ubi
2464 5520 2669 5574 nullum
2717 5501 2975 5582 tempus,
3011 5507 3082 5562 ibi
3121 5505 3281 5561 etiam
3333 5502 3440 5555 eli-
