3922 6450
496 231 603 286 463

1772 241 1833 295 s.
1875 208 2205 296 anGoim
2267 236 2561 293 NYSSENI

3636 258 3728 318 tiu

495 349 705 422 quando
736 349 1008 406 sublatum
1043 362 1150 407 est.
1189 353 1247 407 Si
1278 362 1460 410 autem
1498 354 1669 411 Filius
1702 372 1924 427 semper
1959 367 2067 413 tan-

2187 342 2324 401 εἶναι
2370 349 2844 421 καταλαμϐάνεται
2883 356 2912 406 6
2955 354 3081 419 Υἱὸς
3234 359 3365 430 περὶ
3408 360 3502 415 τοῦ
3549 364 3732 437 [lupae

497 457 661 508 quam
692 444 965 497 exsistcns
996 445 1329 514 concipitur,
1362 448 1416 501 in
1448 448 1565 517 ipsa
1622 447 1805 503 Patris
1854 451 2080 505 notione

496 534 782 595 relucens,
819 549 940 604 qua:
978 534 1210 591 formido
1242 553 1345 592 uos
1377 539 1717 603 absterreat,
1778 543 2081 612 quominus

497 625 863 680 mternitatcm
918 626 1057 681 Filio
1097 628 1514 697 adscribamus,
1558 634 1651 703 qui
1698 650 1879 706 neque
1922 637 2077 705 prin-

494 718 696 787 cipium
734 719 983 783 dierum,
1023 737 1200 791 neque
1248 724 1413 778 linem
1460 726 1584 780 vitae
1634 727 1845 783 habet?
1873 727 2075 797 Quem-

494 809 787 866 admodum
818 816 962 869 enim
999 830 1065 870 ex
1097 816 1302 873 lumine
1332 818 1511 875 lumen
1535 862 1551 885 ,
1584 822 1691 877 vita
1726 839 1795 879 ex
1825 826 1936 880 vita
1957 866 1973 891 ,
2010 844 2078 883 ex

496 903 640 955 bono
680 904 895 969 bonus,
940 908 1199 978 sapiens,
1242 909 1460 978 justus.
1506 923 1734 983 potens,
1776 923 1834 971 et
1879 926 2077 973 cmtera

493 993 559 1047 ad
590 996 840 1052 eumdem
870 999 1092 1055 modum
1112 1041 1127 1065 ,
1152 1000 1328 1073 exque
1355 1005 1448 1058 tali
1485 1007 1631 1072 talis,
1654 1007 1734 1063 sic
1766 1024 1832 1064 οι
1868 1020 2075 1067 aeterno

493 1085 655 1153 plane
683 1096 922 1146 aeternus
954 1094 1243 1162 processit.

576 1178 681 1234 Sed
712 1181 985 1251 litigiosus
1020 1185 1293 1254 quispiam
1330 1199 1516 1242 nostro
1545 1191 1703 1258 quasi
1735 1207 1801 1246 ex
1832 1207 1930 1247 ore
1960 1194 2074 1249 dis-

492 1274 829 1343 putationem
879 1274 1218 1345 subripiens,
1243 1287 1463 1350 oggeret
1481 1321 1497 1347 ,
1521 1296 1587 1335 ex
1615 1283 1778 1339 dictis
1802 1287 2074 1355 suspicio-

493 1382 617 1420 nem
637 1366 789 1431 oriri,
823 1369 978 1436 quasi
1012 1370 1176 1423 etiam
1214 1372 1489 1442 ingenitus
1516 1388 1585 1429 ex
1620 1376 1863 1448 ingenito
1886 1379 2068 1436 fuerit.

495 1455 695 1512 Verum
723 1459 811 1527 qui
839 1459 938 1513 ista
964 1460 1175 1530 objicit,
1195 1464 1357 1519 corde
1382 1466 1602 1523 sobrius
1618 1468 1689 1523 sit
1708 1508 1723 1530 .
1754 1478 1803 1524 et
1834 1472 2070 1541 propriis

493 1549 720 1604 vocibus
776 1550 993 1607 insistat
1027 1571 1041 1606 :
1079 1569 1203 1607 nam
1239 1556 1333 1624 qui
1376 1555 1576 1613 Filium
1615 1576 1684 1615 ex
1731 1560 1896 1619 Patre
1948 1581 2101 1620 esset

492 1638 804 1706 confitetur,
838 1640 949 1710 jam
981 1658 1046 1697 eo
1076 1644 1202 1714 ipso
1233 1645 1464 1717 ingeniti
1520 1651 1789 1708 rationem
1843 1670 1873 1709 a
1929 1655 2069 1712 Filio

2184 440 2362 512 ἐννοίᾳ
2390 445 2935 515 συναναφαινόμενος,
2967 447 3050 510 τίς
3081 448 3110 498 6
3138 449 3297 517 φόόος
3328 466 3732 531 προσμαρτυρεῖν

2179 530 2257 600 τῷ
2278 533 2573 601 Μονογενεῖ
2594 534 2655 586 τὸ
2677 536 2865 599 ἀΐδιον,
2888 535 2966 604 τῷ
2994 539 3132 608 μήτε
3152 540 3329 612 ἀρχὴν
3357 545 3590 614 ἡμερῶν.
3614 530 3731 620 μήτε

2182 620 2328 700 ζῳῆς
2354 623 2531 695 ἔχοντι
2558 626 2736 693 τὲλος;
2780 628 2867 691 Ὠς
2898 629 3004 701 γὰρ
3045 631 3108 683 ὲκ
3140 632 3318 700 φωτὸς
3348 634 3485 702 φῶς,
3524 642 3609 693 καὶ
3636 640 3732 715 ζωὴ

2178 694 2251 766 ἐκ
2269 694 2435 785 ζωῆς,
2462 716 2555 769 καὶ
2582 717 2642 780 ἐξ
2659 717 2865 785 ἀγαθοῦ
2893 694 3116 787 ἀγαθὸς,
3142 694 3307 793 ea,
3330 694 3391 777 τὲ
3414 694 3505 780 xiii
3529 694 3729 798 δίκαζοςξ

2178 805 2272 859 καὶ
2297 806 2540 875 δυνατὸς,
2577 810 2672 862 καὶ
2694 810 2763 863 τὰ.
2801 810 2937 865 ἄλλα
2962 812 3142 867 πάντα
3175 814 3457 880 ὡσαύτως,
3492 820 3554 873 ὲκ
3576 824 3731 876 τοιού-

2177 913 2271 950 του
2304 898 2563 964 τοιοῦτος,
2595 900 2737 955 οὕτω
2760 902 2856 957 καὶ
2884 904 2943 969 ἐξ
2968 904 3139 957 ἀϊδίου
3168 906 3387 971 πάντως
3404 909 3585 975 ἀΐδιος.

2258 1157 2391 1209 Ἀλλ’
2422 1159 2731 1230 ὑφαρπάζει
2778 1162 2869 1218 τὸν
2915 1164 3071 1234 λόγον
3118 1169 3147 1220 6
3190 1170 3525 1241 ἀντιλογικός
3562 1194 3614 1229 τε
3647 1182 3729 1235 καὶ

2174 1248 2403 1321 φίλερις,
2434 1250 2510 1311 ὡς
2546 1254 2644 1322 τῆς
2674 1253 2992 1320 ἀκολουθίας
3024 1258 3247 1330 ταύτης,
3296 1263 3390 1317 καὶ
3432 1265 3489 1332 ἐξ
3522 1269 3726 1341 ἀγεννή-

2172 1356 2265 1392 του
2300 1340 2589 1411 ἀγέννητον
2637 1344 2972 1400 ὑπονοεῖσθαι
3016 1350 3292 1423 ποιούσης.
3340 1354 3496 1409 Ἀλλά
3530 1340 3727 1429 νηψάτιυ

2171 1434 2236 1502 τῇ
2265 1432 2484 1504 καρδίᾳ,
2514 1435 2608 1487 καὶ
2636 1439 2754 1500 ταῖς
2787 1438 2945 1503 ἰδίαις
2984 1442 3257 1514 ὲπιστήτω
3291 1451 3491 1513 φωναῖς
3519 1450 3547 1500 6
3574 1454 3724 1522 μαχό.

2126 1597 2130 1600 γ
2175 1540 2366 1592 μενος⁹
2422 1525 2503 1577 ὃτι
2543 1525 2604 1579 τὸ
2652 1528 2717 1579 ὲκ
2764 1529 2859 1581 τοῦ
2910 1532 3120 1605 Πατρὸς
3170 1536 3470 1607 ὁμολογῶν,
3520 1541 3611 1611 τὴν
3644 1544 3724 1597 τοῦ

2169 1616 2460 1685 ἁγεννήτου
2492 1618 2743 1672 ὑπόνοιαν
2765 1621 2856 1674 ἐπὶ
2877 1622 2968 1676 τοῦ
2998 1627 3337 1695 Μονογενοῦς
3358 1631 3721 1703 ἀπεπέμψατο·

494 1728 758 1795 removit,
786 1741 962 1800 neque
991 1733 1100 1786 ulla
1128 1749 1297 1791 causa
1328 1741 1602 1809 suppetit,
1631 1757 1729 1797 cur
1757 1756 2065 1801 metuamus

2172 1707 2263 1760 καὶ
2303 1708 2478 1771 οὐδεὶς
2525 1708 2713 1763 ἔπεστι
2745 1713 2927 1780 φόόος,
2960 1717 3053 1770 καὶ
3097 1719 3267 1773 ἀΐδιον
3310 1723 3496 1788 αὑτὸν,
3526 1730 3611 1779 καὶ
3638 1728 3723 1781 οὐκ

490 1816 686 1874 Filium
720 1828 982 1878 aeternum
1004 1866 1019 1891 ,
1051 1832 1104 1880 et
1135 1835 1317 1883 tamen
1349 1845 1460 1885 non
1486 1832 1784 1902 ingenitum
1819 1852 2069 1908 pronun-

490 1913 665 1968 tiare:
697 1915 825 1984 quia
850 1917 994 1971 enim
1029 1920 1135 1973 vita
1167 1918 1289 1976 Filii
1310 1924 1459 1978 nullo
1490 1928 1752 1995 temporis
1776 1929 2066 1986 intervallo

490 2005 768 2073 delinitur,
807 2009 902 2064 sed
936 2019 989 2065 et
1022 2021 1147 2067 ante
1179 2016 1408 2079 saecula,
1443 2026 1497 2072 et
1532 2028 1656 2089 post
1703 2024 1923 2078 condita
1959 2040 2063 2080 sae-

490 2100 614 2152 cula
644 2100 986 2157 immensitas
1020 2105 1142 2159 vitae
1174 2107 1292 2175 ejus
1326 2111 1688 2183 undequaque
1717 2114 1912 2175 diffusa
1946 2126 2063 2182 est,

492 2190 712 2258 preprie
766 2193 959 2246 :eterni
1008 2197 1373 2266 appellatione
1428 2200 1705 2259 adicitur:
1760 2207 1889 2277 quia
1937 2226 2067 2265 vero

490 2278 663 2336 Filius
693 2289 747 2336 et
772 2290 857 2337 est
881 2292 937 2339 et
966 2288 1298 2354 nominatur,
1324 2288 1613 2364 Patrisque
1638 2298 1921 2356 notionem
1946 2303 2068 2373 jun-

489 2372 620 2425 ctim
652 2373 705 2427 in
740 2375 922 2445 seipso
949 2383 1425 2452 contemplandam
1455 2386 1614 2443 oﬂ‘ert
1635 2429 1650 2453 ,
1679 2390 1794 2446 ﬁeri
1827 2410 1935 2450 non
1954 2372 2066 2467 po-

488 2470 630 2527 test,
664 2475 722 2518 ut
750 2468 873 2536 quis
902 2468 1053 2523 illum
1100 2471 1340 2542 ingenite
1374 2479 1643 2534 exsistere
1667 2482 1890 2549 credat,
1915 2501 2062 2554 eum,

488 2556 709 2626 inquam
732 2598 746 2621 ,
782 2560 875 2630 qui
904 2577 1119 2632 semper
1148 2581 1270 2619 cum
1307 2566 1469 2624 Patre
1520 2580 1639 2637 est,
1689 2584 1741 2630 et
1791 2586 1849 2630 ut
1898 2580 2060 2635 etiam

486 2648 704 2706 divinus
734 2651 826 2707 ille
854 2653 1045 2709 doctor
1080 2666 1269 2712 noster
1295 2660 1515 2728 docuit,
1545 2666 1637 2735 qui
1667 2669 1849 2737 genite
1880 2670 2062 2728 Patris

486 2741 898 2805 innascibilitali
924 2748 1128 2812 unitur,
1153 2750 1405 2821 idemque
1425 2757 1492 2810 de
1516 2769 1709 2815 sancto
1735 2760 1939 2831 Spiritu
1969 2765 2065 2819 do-

487 2850 675 2892 cemus
695 2876 710 2901 ,
736 2837 792 2892 in
820 2839 938 2893 solo
964 2841 1156 2896 ordine
1187 2843 1489 2902 differentia
1516 2853 1835 2910 constituta.
1866 2856 2063 2923 Quem-

484 2927 772 2982 admodum
816 2931 961 2986 enim
1013 2931 1157 2987 Patri
1219 2935 1391 2993 Filius
1444 2942 1819 3014 conjungitur,
1849 2959 2057 3005 etcum

481 3760 709 3828 parium.

2168 1800 2459 1871 ἀγέννητον
2500 1802 2697 1872 λέγειν.
2737 1805 2861 1860 Ὀτι
2893 1808 2993 1877 μὲν
3025 1811 3131 1883 γάρ
3163 1813 3222 1866 οὑ
3264 1814 3584 1888 διαστήματι
3616 1839 3722 1891 χρο-

2167 1892 2302 1963 νικῷ
2327 1893 2421 1946 τοῦ
2452 1894 2582 1947 Υἰοῦ
2622 1896 2683 1949 τὸ
2729 1897 2866 1952 εἷναι
2910 1905 3277 1976 περιορίζεται
3305 1924 3319 1937 ο
3348 1908 3480 1963 ἀλλά
3520 1914 3606 1966 καὶ
3632 1915 3721 1982 πρὸ

2166 1983 2274 2037 τῶν
2302 1984 2536 2051 αἰώνων,
2565 1988 2658 2041 καὶ
2697 1990 2834 2059 μετά
2862 1993 3083 2058 τούτους
3121 1995 3179 2048 τὸ
3215 1999 3440 2070 ἄπειρον
3468 2001 3619 2055 αὑτοῦ
3638 2006 3721 2074 τῆς

2167 2072 2313 2144 ζωῆς
2358 2075 2728 2148 ᾁπανταχόθεν
2769 2081 3081 2152 ἐκκέχυται,
3110 2087 3315 2157 κυρίως
3356 2093 3421 2160 τῇ
3454 2091 3542 2144 τοῦ
3570 2095 3719 2147 ἀϊδίου

2165 2167 2507 2240 προσηγορίᾳ
2544 2173 2991 2243 κατονομάζεται.
3026 2178 3145 2230 Ὀτι
3190 2178 3249 2232 δὲ
3280 2180 3439 2235 πάλιν
3478 2183 3597 2246 Υἱὸς
3650 2185 3718 2239 ὢν

2166 2257 2261 2311 καὶ
2300 2257 2614 2333 λεγόμενος,
2633 2266 2994 2337 συνημμένως
3031 2267 3127 2340 τὴν
3173 2268 3269 2324 τοῦ
3297 2273 3507 2346 Πατρδς
3536 2274 3719 2329 ἔννοιαν

2165 2350 2346 2421 ἐαυτῷ
2376 2351 2794 2426 συνθεωρεῖσθαι
2824 2358 3026 2427 δίδωσι,
3054 2361 3117 2414 τὸ
3150 2362 3460 2436 ἀγεννήτως
3488 2362 3616 2420 εἶναι
3639 2368 3717 2421 60-

2166 2445 2281 2495 κεῖν
2309 2442 2397 2498 διὰ
2425 2444 2615 2498 τούτου
2663 2448 3024 2519 ἐκπέφευγεν,
3052 2454 3139 2507 ἀεὶ
3190 2456 3368 2511 συνὼν
3395 2457 3471 2528 τῷ
3500 2460 3581 2512 ἀεὶ
3618 2460 3717 2511 ὄντι

2162 2534 2357 2603 Πατρὶ,
2400 2535 2577 2600 καθὼς
2610 2533 2730 2591 εἶπε
2762 2543 2857 2594 καὶ
2887 2543 2919 2613 ἡ
2949 2529 3305 2612 θεόπνευστος
3335 2550 3509 2621 ἐκείνη
3534 2550 3620 2603 τοῦ
3646 2552 3716 2603 δι-

2160 2621 2427 2677 δασκάλου
2457 2627 2613 2697 ἡμῶν
2641 2630 2809 2702 φωνὴ,
2835 2632 2915 2685 ὅτι
2941 2636 3213 2706 γεννητῶς
3239 2642 3304 2710 τῇ
3332 2641 3612 2714 ἀγεννησὶᾳ
3635 2644 3715 2697 τοῦ

2162 2710 2376 2783 Πατρὸς
2413 2717 2817 2788 συναπτόμενος
2837 2736 2851 2749 '
2877 2721 2906 2773 6
2931 2723 2987 2776 δὲ
3020 2726 3182 2791 αὑτός
3209 2730 3344 2800 ἡμῖν
3368 2732 3461 2785 καὶ
3491 2710 3612 2799 περὶ
3634 2735 3715 2787 τοῦ

2161 2802 2316 2869 ἁγίου
2349 2804 2665 2876 Πνεύματος
2708 2809 2864 2879 λόγος
2890 2815 2948 2866 ὲν
2989 2817 3125 2891 μόνῃ
3157 2822 3223 2891 τῇ
3256 2822 3407 2890 τάξει
3434 2823 3527 2895 τὴν
3553 2825 3716 2894 διαφο-

2163 2894 2260 2963 ρὰν
2292 2894 2448 2965 ἔχων.
2491 2898 2578 2985 Ὠς
2602 2900 2708 2971 γὰρ
2737 2905 3066 2962 συνάπτεται
3106 2910 3185 2982 τῷ
3209 2915 3387 2985 Πατρὶ
3414 2919 3441 2971 ὁ
3472 2894 3609 2981 Υἱὸς,
3634 2919 3716 2971 καὶ

2158 2982 2218 3033 τὸ
2250 2982 2308 3048 ἐξ
2331 2985 2493 3039 αὑτοῦ
2517 2982 2657 3043 εἶναι
2684 2990 2843 3062 ἔχων,
2868 2995 2965 3067 οὐχ
2991 2998 3263 3071 ὑστερίζει
3295 2982 3432 3059 κατὰ
3455 3006 3546 3078 τὴν
3572 3007 3714 3079 ὓπαρ-

485 3977 3706 4086 “MV

1076 4140 1375 4233 ΚΑΤΑ
1445 4150 2031 4246 ΕΥΝΟΜΙΟΥ

2172 4166 2465 4258 .οΓοΣ
2512 4132 3133 4276 ΔΕΥΤΕΡΟΣ.
3438 4189 3445 4196 ·

2047 4369 2121 4384 ’.⁸

918 4425 1383 4589 CONTRA
1472 4503 2137 4600 EUNOMIUM
2219 4516 2569 4609 LIBER
2626 4522 3280 4627 SECUNDUS.

1182 4697 1396 4762 lnterpr.
1431 4699 1537 4751 Nic.
1564 4702 1775 4752 Gulonlo
1795 4739 1810 4763 ,
1848 4702 1900 4751 in
1930 4703 2078 4753 Acad.
2105 4704 2216 4760 Par.
2247 4711 2398 4763 Graec.
2431 4715 2529 4766 litt.
2557 4720 2834 4782 professore
2857 4730 3019 4792 regio.

2052 4841 2123 4855 “

504 4956 768 5014 CAPITA
804 4954 946 5012 SEU
976 4955 1361 5014 SUMMARIA
1393 4959 1601 5016 LIBRI
1638 4961 1993 5019 SECUNDI.
2079 4968 2126 5026 D

476 5164 526 5218 Ι.
561 5164 834 5237 Secundus
891 5166 1021 5220 liber
1072 5167 1235 5223 divini
1277 5168 1430 5222 Verbi
1472 5169 1936 5237 Incarnationem,
1992 5188 2042 5229 et

546 5236 801 5289 traditam
841 5254 874 5291 a
910 5237 1133 5313 Domino
1164 5239 1438 5307 discipulis
1470 5242 1627 5310 ﬁdem
1658 5236 1943 5313 explanat,-
1996 5257 2046 5299 et

544 5306 839 5385 h_a:reticos,
872 5312 962 5377 qui
987 5306 1411 5385 haneeuertunt,
1447 5306 1495 5365 et
1533 5314 1642 5385 alia
1668 5306 2044 5385 dogmatavcu-

540 5375 696 5445 dunt,
728 5394 793 5431 ea:
820 5375 969 5449 patre
997 5379 1210 5435 diabolo
1243 5398 1355 5436 esse
1386 5375 1638 5438 Ostendit.

472 5605 528 5660 2.
571 5606 968 5683 DeindePatris
997 5623 1045 5665 et
1077 5612 1226 5677 Filii,
1266 5623 1314 5667 et
1345 5614 1581 5683 Spiritus
1616 5618 1786 5671 sancti
1833 5618 2044 5672 (eterni-

549 5687 708 5751 tatem
733 5680 974 5745 pluribus
998 5686 1244 5751 explicat.

476 5748 531 5804 5.
560 5746 756 5805 Postea
785 5746 1266 5823 ine/Iabile'nomen
1303 5754 1405 5813 SS.
1444 5756 1741 5827 Trinitatis,
1781 5770 1829 5813 et
1856 5775 2039 5828 perso-

2292 4976 2670 5040 ΚΕΦΑΛΑΙΑ
2716 4988 2854 5042 ΊὈΥ
2875 4991 3255 5050 ΔΕΥΤΕΡΟΥ
3277 4999 3539 5053 ΛΟΓΟΥ.

2154 5190 2329 5270 α’.
2373 5190 2649 5270 δεύτερος
2699 5199 2881 5270 λόγος
2916 5201 3029 5267 τὴν
3075 5204 3381 5270 σάρκωσιν
3421 5204 3521 5259 τοῦ
3565 5198 3695 5256 Θεοῦ

2224 5262 2439 5342 ᾼόγοέ),
2467 5264 2560 5342 κᾳὶ
2594 5264 2705 5342 ﬁt?"
2717 5262 2999 5342 δοθρῗσαὺ·
3026 5262 3185 5340 παρᾶ
3216 5277 3433 5342 Κυρίου
3467 5273 3581 5337 τοῖς
3600 5288 3695 5338 μα·

2223 5332 2427 5409 θηταῖς
2451 5334 2658 5387 πίστιν
2677 5338 3037 5403 ἐκδιδάσκει,
3066 5332 3160 5397 κξιὶ
3184 5332 3323 5409 τούξ·
3347 5347 3561 5408 ταύτην
3575 5343 3693 5394 (ira—

2222 5402 2549 5482 τρέποντας
2572 5410 2941 5482 λιιὶρετικοὺς,
2980 5415 3079 5466 καὶ
3118 5415 3287 5482 ἕτερα
3301 5402 3695 5481 ’προσεπινοή-

2221 5477 2751 5553 σάνταςρνοματα,
2791 5480 2858 5533 ἐκ
2901 5484 3005 5537 τοῦ
3040 5477 3265 5553 πατρῦς
3294 5477 3397 5539 τοῦ
3436 5484 3691 5536 διαϐόλου

2218 5539 2367 5595 εἶναι
2397 5539 2575 5599 λέγειέ

2149 5610 2395 5689 βἠΕἷτα
2439 5599 2551 5683 τῆν
2579 5618 2773 5689 ἀϊδίου
2802 5623 3031 5689 Πατρός
3082 5626 3177 5677 καὶ
3243 5624 3375 5678 Υἱοῦ
3405 5623 3495 5675 καὶ
3539 5618 3690 5686 ἁγίου

2218 5688 2277 5762 Il
2270 5688 2603 5762 ’3751‘01'066
2606 5688 2664 5741 ιὰ
2684 5688 2979 5745 πλειόνων
2993 5694 3307 5762 ἑρμηνείαν
3326 5692 3609 5762 διέξεισιν.

2148 5761 2218 5823 γ’.
2256 5756 2494 5810 Ἔπειτα
2537 5759 2651 5827 τὴν
2697 5762 2803 5816 τοῦ
2850 5756 3343 5833 ἀκατὸνλομάστου
3392 5761 3497 5830 τῆς
3536 5756 3683 5827 ἁγίας
