3922 6452
512 4274 519 4284 ·
577 4251 857 4306 veritatem
922 4247 1142 4306 dicitur,

564 404 671 464 667

1806 411 1859 464 S.
1886 410 2208 468 GREGORII
2241 413 2528 468 NYSSENI
3656 427 3743 485 468

568 517 805 571 hominis
837 516 1197 576 similitudine
1235 521 1412 578 factus
1437 532 1752 593 naturaeque
1779 537 1977 581 nostra;
2002 542 2124 595 par-

2234 529 2317 581 καὶ
2352 529 2630 599 μετασχὼν
2674 528 2770 597 τῆς
2816 528 3025 596 φύσεως
3053 530 3206 600 ἡμῶν
3253 532 3392 584 κατά
3446 536 3610 590 πάντα
3640 542 3740 593 καθ’

565 609 739 677 ticeps
774 623 871 677 per
901 612 1084 664 omnia
1119 613 1420 667 secundum
1462 615 1872 669 similitudinem
1918 619 2124 687 absque

566 707 812 769 peccato.
873 700 1183 756 Secundum
1237 713 1416 758 autem
1471 707 1929 772 similitudinem,
1992 714 2121 779 quia

566 807 690 846 cum
724 793 903 846 anima
932 802 984 847 et
1016 810 1243 864 corpore
1271 805 1440 850 totum
1470 798 1740 853 hominem
1774 803 2071 870 assumpsit
2106 822 2120 857 :

568 884 643 936 ita
675 892 734 937 ut
768 900 865 954 per
896 895 1183 955 utrumque
1217 889 1372 943 nobis
1404 887 1583 943 factus
1619 891 1691 942 sit
1726 892 1898 945 salus.
1936 891 2035 945 Hic
2067 894 2122 946 in

569 976 731 1029 terris
762 976 913 1029 visus
945 986 1061 1038 est,
1094 988 1147 1031 et
1196 994 1319 1032 cum
1371 979 1679 1035 hominibus
1730 993 2121 1048 conversatus,

569 1073 631 1117 ut
660 1081 768 1118 non
801 1066 1035 1133 amplius
1065 1067 1312 1122 homines
1341 1084 1439 1138 pro
1475 1071 1642 1123 animi
1682 1074 1763 1124 sui
1815 1075 2082 1126 sententia
2106 1112 2121 1136 ,

572 1158 640 1212 de
664 1174 729 1211 eo
758 1157 900 1226 quod
927 1166 1010 1212 est
1034 1198 1049 1223 ,
1079 1159 1390 1226 opinentur,
1414 1175 1509 1214 eas
1534 1162 1870 1229 suspiciones
1903 1164 1983 1217 vel
2010 1165 2127 1233 opi-

571 1248 764 1309 niones
797 1262 933 1318 quas
964 1264 1029 1303 ex
1062 1249 1269 1303 levibus
1300 1250 1629 1319 quibusdam
1663 1252 2002 1320 conjecturis
2034 1269 2123 1306 as-

572 1349 897 1410 sequuntur,
934 1357 1031 1410 pro
1061 1343 1204 1396 veris
1249 1349 1303 1396 et
1350 1342 1521 1396 ﬁrmis
1564 1342 1799 1398 decretis
1836 1344 2123 1398 habentes.

572 1431 678 1486 Sed
712 1433 959 1501 persuasi
1004 1433 1146 1501 quod
1189 1448 1315 1486 vere
1354 1432 1495 1488 Deus
1535 1434 1588 1486 in
1628 1449 1793 1486 carne
1836 1434 2122 1503 apparuit,

571 1518 701 1572 illud
736 1518 910 1572 solum
945 1535 1129 1573 verum
1171 1521 1388 1588 pietatis
1432 1523 1746 1591 mysterium
1787 1537 1909 1577 esse
1936 1523 2125 1577 creda-

570 1627 728 1676 mus,
759 1613 902 1681 quod
934 1626 1028 1680 per
1056 1611 1233 1680 ipsum
1274 1610 1509 1665 Verbum
1554 1621 1607 1666 et
1660 1611 1825 1666 Deum
1878 1622 2126 1667 nostrum

569 1705 832 1758 traditum
879 1714 993 1767 est,
1042 1704 1131 1772 qui
1180 1719 1274 1772 per
1316 1705 1553 1774 seipsum
1607 1684 1869 1767 apostolis
1911 1706 2127 1761 locutus

570 1795 837 1851 estaEam
867 1811 995 1850 vero
1025 1812 1146 1865 qum
1175 1803 1285 1848 tum
1329 1810 1394 1849 ex
1432 1791 1609 1849 Veteri
1643 1794 1929 1863 Scriptura
1951 1836 1965 1859 ,
2010 1803 2124 1849 tum

2227 616 2515 686 ὁμοιότητα
2563 616 2723 686 χωρὶς
2776 617 3065 686 ἁμαρτίας.
3117 618 3249 670 Καθ’
3281 621 3563 690 ὁμοιότητα
3602 624 3649 677 δὲ
3680 628 3743 698 τῷ

2232 708 2365 777 μετὰ
2393 706 2567 776 ψυχῆς
2598 707 2689 759 καὶ
2718 705 2965 775 σώματος
3003 708 3284 762 ἀναλαϐεῖν
3315 711 3430 762 ὅλον
3456 713 3539 763 τὸν
3567 715 3742 785 ἄνθρω.

2229 812 2355 850 πον·
2391 797 2529 850 ὥστε
2562 798 2626 849 δι’
2653 797 2973 867 ἀμφοτέρων
3018 800 3147 867 ἡμῖν
3191 801 3437 867 γενέσθαι
3479 803 3571 872 τὴν
3598 822 3743 877 σωτη.

2233 889 2370 959 ρίαν.
2421 883 2586 949 Οὗτος
2610 886 2699 939 ἐπὶ
2727 888 2821 956 τῆς
2870 888 2972 955 γῆς
2998 887 3176 958 ῶφθη,
3216 892 3308 941 καὶ
3345 895 3451 953 τοῖς
3480 894 3743 963 ἀνθρώποις

2232 979 2667 1047 συνανεστράφηο
2715 977 2798 1028 ἵνα
2848 978 3042 1045 μηκέτι
3082 978 3129 1029 oi
3185 980 3455 1049 ἄνθρωποι
3503 985 3630 1035 κατά
3666 986 3745 1048 τὰς

2230 1066 2436 1120 ἑαυτῶν
2462 1066 2683 1137 γνώμας
2717 1068 2843 1138 περὶ⁸
2885 1066 2977 1119 τοῦ
3006 1068 3155 1131 ὄντος
3195 1070 3449 1135 δοξάζωσι
3474 1091 3486 1103 ο
3516 1074 3604 1135 τὰς
3629 1091 3745 1140 γινο-

2234 1159 2397 1228 μένας
2429 1161 2608 1222 αὐτοῖς
2654 1159 2760 1211 ἀπὸ
2793 1162 3110 1230 στοχασμῶν
3136 1179 3295 1214 τινων
3324 1165 3564 1226 ὑπονοίας
3600 1166 3747 1235 δόγμα

2232 1249 2557 1318 ποιούμενοι.
2600 1249 2755 1301 Ἀλλὰ
2804 1251 3112 1314 πεισθέντες
3147 1251 3227 1304 ὅτι
3254 1252 3462 1322 ἀληθῶς
3491 1254 3607 1316 Θεὸς
3638 1259 3747 1323 ἐφα·

2232 1338 2436 1409 νερὼθη
2482 1343 2539 1392 ὲν
2586 1340 2767 1409 σαρκὶ,
2799 1341 2972 1394 ἐκείνο
3010 1342 3165 1410 μόνον
3213 1342 3459 1410 ἀληθινὸν
3504 1347 3593 1413 τῆς
3619 1347 3746 1397 εὐσε-

2232 1430 2382 1493 ϐείας
2419 1433 2711 1501 μυστήριον
2735 1428 2871 1485 εἷναι
2892 1433 3287 1503 πιστεύσωμεν,
3316 1434 3344 1485 ὂ
3368 1434 3432 1486 δι’
3460 1436 3611 1487 αὑτοῦ
3641 1438 3747 1507 ἡμῖν

2231 1522 2324 1576 τοῦ
2364 1524 2534 1588 Λόγου
2564 1524 2657 1575 καὶ
2706 1523 2838 1575 Θεοῦ
2875 1524 3164 1594 παρεδόθη,
3211 1523 3304 1576 τοῦ
3351 1524 3416 1576 δι’
3459 1525 3634 1576 ἑαυτοῦ
3657 1529 3747 1587 τοῖς

2232 1612 2542 1674 ἀποστόλοις
2586 1612 2929 1681 λαλήσαντος.
2962 1615 3071 1684 Τὴν
3122 1614 3177 1665 δὲ
3216 1616 3279 1667 ὲκ
3308 1614 3403 1681 τῆς
3432 1615 3748 1684 ἀρχαιοτέρας

2233 1702 2470 1770 Γραφῆς,
2517 1703 2578 1753 ἐκ
2612 1702 2773 1772 νόμου
2813 1721 2871 1754 τε
2905 1704 2996 1756 καὶ
3042 1704 3392 1774 προφητείας,
3429 1704 3518 1755 καὶ
3554 1705 3640 1773 τῆς
3666 1722 3750 1756 πα-

2238 1792 2548 1862 ροιμιώδους
2580 1792 2919 1856 διδασκαλίας
2947 1793 3233 1863 γινομένην
3264 1794 3387 1863 περὶ
3420 1793 3515 1862 τῆς
3534 1794 3750 1863 ὑπερκει-

572 1902 639 1940 ex
671 1887 785 1957 lege
813 1895 867 1941 et
894 1887 1192 1955 proplietiis
1220 1896 1274 1939 et
1303 1886 1628 1956 proverbiali
1660 1887 1950 1957 disciplina
1982 1886 2123 1941 facta

2234 1884 2393 1954 μένης
2446 1883 2656 1951 φύσεως
2683 1884 3045 1949 διδασκαλίαν,
3100 1885 3165 1937 δι’
3208 1886 3467 1953 ἐσόπτρου
3506 1884 3634 1946 τινὸς
3673 1886 3750 1937 καὶ

573 1987 657 2033 est
690 1978 757 2033 de
790 1979 1226 2047 supereminente
1264 1987 1458 2031 natura
1490 1976 1795 2030 doctrinam
1817 2016 1832 2040 ,
1870 1992 1966 2046 per
2002 1994 2125 2048 spe-

571 2070 752 2124 culum
783 2069 1055 2137 quoddam
1087 2077 1139 2122 et
1164 2068 1389 2138 mnigma
1412 2109 1427 2131 ,
1457 2077 1713 2137 tanquam
1742 2069 1999 2123 revelata?
2026 2085 2124 2123 no-

573 2159 658 2215 bis
706 2160 957 2214 veritatis
1007 2161 1380 2213 testimonium
1422 2158 1830 2226 amplectamur,
1872 2158 1962 2227 pie
2003 2174 2127 2213 sen-

573 2250 799 2302 tentiam
835 2264 1022 2302 eorum
1055 2264 1173 2318 quae
1202 2249 1461 2301 dicuntur
1490 2248 1842 2316 accipientes.
1878 2248 1954 2301 Ita
1984 2256 2044 2301 ut
2074 2250 2125 2301 in

575 2337 682 2392 ﬁde
709 2353 829 2406 quze
860 2353 889 2390 a
924 2336 1154 2391 Domino
1185 2338 1567 2391 universorum
1615 2339 1861 2406 exposita
1904 2346 1986 2392 est
2035 2352 2127 2391 ac-

577 2432 961 2498 quiescamus:
1001 2444 1161 2498 quam
1198 2430 1251 2483 in
1284 2428 1525 2482 dictione
1554 2442 1746 2497 puram
1778 2430 2129 2482 intentatam-

573 2537 700 2590 que,
732 2522 873 2575 sicut
902 2520 1231 2588 accepimus,
1258 2518 1596 2573 custodimus
1624 2536 1637 2572 :
1663 2528 1827 2588 atque
1850 2520 1904 2572 in
1935 2520 2130 2590 exiguo

573 2614 863 2666 verborum
891 2611 1215 2665 traditorum
1241 2612 1640 2680 perversionem
1687 2619 1741 2665 et
1783 2612 2129 2680 depravatio-

573 2718 694 2756 nem
718 2740 731 2763 ,
762 2710 1058 2756 extremam
1080 2701 1393 2770 iudicamus
1439 2702 1826 2772 blasphemiam
1861 2713 1913 2755 et
1940 2703 2130 2770 impie—

572 2803 762 2847 tatem.
794 2792 1080 2846 Credimus
1112 2794 1277 2860 igitur
1306 2793 1762 2861 quemadmodum
1804 2793 1918 2846 suis
1963 2793 2131 2846 disci-

572 2885 717 2953 pulis
750 2883 1013 2938 Dominus
1042 2883 1202 2935 ﬁdem
1234 2882 1488 2959 exposuit
1513 2882 1594 2937 sic
1630 2883 1842 2936 locutus
1873 2902 1886 2936 :
1936 2880 2129 2935 Eumes

571 2975 747 3028 docete
800 2990 975 3026 omnes
1031 2984 1241 3039 gentes,
1297 2971 1618 3039 baptizantes
1675 2988 1761 3024 eos
1822 2973 1878 3023 in
1924 2975 2128 3025 nomine

574 3066 752 3119 Patris
777 3105 791 3127 ,
828 3077 874 3118 et
909 3063 1038 3116 Filii
1068 3074 1116 3116 et
1148 3063 1375 3129 Spiritus
1426 3064 1617 3115 sancti.
1674 3062 1769 3116 Hic
1819 3074 1900 3117 est
1951 3080 2131 3118 sermo

574 3154 819 3226 mysterii
842 3194 856 3215 ,
894 3155 946 3206 iu
975 3169 1083 3221 quo
1117 3169 1209 3219 per
1239 3166 1527 3219 supernam
1569 3151 1977 3219 generationem
2024 3169 2127 3205 no-

2224 1974 2537 2044 αἰνίγματος
2564 1975 2639 2037 ὡς
2673 1976 2975 2047 μαρτυρίαν
3014 1977 3112 2046 τῆς
3156 1973 3614 2044 ἁποκαλυφθείσης
3644 1975 3750 2044 ἡμῖν

2225 2068 2477 2137 ἀληθείας
2524 2067 2824 2137 δεχώμεθα,
2860 2068 3094 2133 εὐσεϐῶς
3134 2067 3231 2138 τὴν
3275 2069 3506 2120 διάνοιαν
3544 2066 3640 2119 τῶν
3670 2069 3749 2136 ρη-

2224 2156 2331 2208 τῶν
2374 2157 2797 2225 ἐκλαμϐάνοντες
2822 2174 2834 2187 ·
2864 2157 2937 2219 ὼς
2959 2160 3264 2229 συμφωνεῖν
3293 2159 3358 2226 τῇ
3402 2157 3544 2225 παρὰ
3566 2156 3649 2208 τοῦ
3671 2159 3749 2207 Δε-

2228 2248 2422 2300 σπότου
2458 2246 2564 2298 τῶν
2614 2246 2748 2300 ὅλων
2796 2246 3086 2316 ὲκτεθείσῃ.
3118 2246 3329 2298 πίστει·
3358 2248 3422 2317 ἣν
3464 2246 3549 2297 ἐπὶ
3586 2245 3753 2309 λέξεως

2228 2340 2474 2408 καθαρὰν
2496 2340 2589 2391 καὶ
2617 2338 3078 2409 ἀπαρεγχείρητον
3112 2338 3472 2407 φυλάσσομεν,
3510 2337 3580 2399 ὡς
3634 2353 3751 2405 παρ-

2231 2430 2515 2499 ελάϐομενο
2535 2430 2625 2483 καὶ
2649 2430 2745 2499 τὴν
2776 2433 2830 2481 ὲν
2851 2429 3012 2497 ὀλίγῳ
3041 2430 3395 2499 παρατροπὴν
3416 2429 3517 2481 τῶν
3549 2428 3751 2497 παραδο-

2228 2522 2426 2575 θέντων
2478 2522 2732 2591 ῥημάτων
2776 2520 3007 2589 ἐσχάτην
3037 2519 3312 2587 κρίνοντες
3360 2519 3678 2588 βλασφημίαν
3706 2532 3753 2568 τε

2228 2614 2319 2664 καὶ
2345 2612 2614 2664 ἀσέϐειαν.
2642 2610 2973 2677 Πιστεύομεν
2997 2607 3088 2662 οὖν
3117 2609 3301 2673 καθὼς
3329 2610 3531 2673 ἐξέθετο
3547 2611 3647 2669 τοῖς
3677 2624 3755 2677 μα·

2229 2705 2413 2773 θηταῖς
2444 2703 2540 2772 τὴν
2596 2703 2773 2754 πίστιν
2819 2701 2847 2753 ὁ
2882 2701 3083 2770 Κύριος
3126 2702 3155 2752 ὁ
3214 2700 3405 2764 εἰπὼν,
3450 2701 3525 2752 ὅτι
3567 2701 3753 2763 Πορευ-

2228 2795 2430 2861 θέντες
2477 2795 2886 2863 μαθητεύσατε
2930 2793 3122 2845 πάντα
3163 2793 3237 2845 τὰ
3283 2794 3450 2859 ἔθνη,
3478 2787 3755 2855 βαπτίζον-

2228 2904 2325 2952 τες
2346 2885 2563 2950 αὐτοὺς
2588 2888 2672 2951 εἰς
2692 2886 2755 2937 τὸ
2787 2888 2971 2953 ὁνομα
3001 2884 3106 2937 τοῦ
3140 2885 3367 2952 Πατρός
3396 2883 3487 2936 καί
3520 2881 3614 2934 τοῦ
3642 2878 3753 2932 Υἱοῦ

2228 2976 2325 3029 καί
2353 2976 2458 3029 τοῦ
2488 2976 2657 3044 ἁγίου
2685 2975 3043 3042 Πνεύματος.
3082 2967 3251 3036 Οὗτός
3284 2976 3427 3025 ἐστιν
3457 2974 3483 3024 ό
3511 2971 3651 3039 λόγος
3677 2966 3753 3020 τοῦ

2232 3067 2549 3137 μυστηρίου,
2601 3067 2658 3117 ὲν
2686 3060 2729 3133 ᾧ
2766 3066 2851 3117 διὰ
2893 3065 2989 3133 τῆς
3032 3064 3236 3118 ἄνωθεν
3286 3065 3579 3133 γεννήσεως
3624 3075 3757 3129 μετα-

2232 3158 2548 3220 σκευάςεται
2606 3156 2759 3227 ἡμῶν
2814 3157 2847 3225 ἡ
2880 3156 3039 3225 φύσις
3076 3154 3181 3207 ἀπὸ
3230 3153 3326 3207 τοῦ
3370 3152 3593 3223 φθαρτοῦ
3648 3148 3757 3217 πρὸς

572 3253 687 3301 stra
717 3252 910 3296 natura
943 3245 994 3294 in
1036 3244 1228 3295 melius
1261 3240 1707 3304 transl’ormatur,
1757 3242 1886 3295 dum
1933 3258 1961 3295 a
2005 3258 2129 3296 cor-

2234 3249 2292 3299 τὸ
2337 3216 2658 3313 ἄφθαρτον..
2690 3249 2753 3298 ὲκ
2801 3216 2903 3298 τὸό
2949 3216 3173 3299 παλαιοῦ
3230 3216 3511 3316 ἀνθρῶπου
3567 3216 3758 3295 ἀνακαι-

574 3337 819 3405 ruptibili
848 3335 914 3387 ad
943 3332 1375 3401 incorruptibile,
1405 3347 1470 3385 ex
1499 3341 1679 3387 vetere
1710 3333 1930 3387 homine
1965 3350 2125 3405 reno-

575 3438 756 3487 vatur,
804 3425 1102 3480 secundum
1150 3425 1441 3492 imaginem
1471 3423 1592 3489 ejus
1619 3425 1711 3491 qui
1752 3426 1803 3479 in
1857 3426 2128 3494 principio

576 3519 816 3571 divinam
847 3514 1257 3569 similitudinem
1284 3513 1507 3565 creavit.
1556 3512 1725 3580 Hujus
1754 3515 1931 3581 itaque
1962 3532 1988 3565 a
2023 3514 2131 3567 Deo

578 3604 835 3676 apostolis
882 3605 1093 3658 tradita:
1126 3604 1245 3658 ﬁdei
1280 3619 1458 3672 neque
1485 3605 1912 3658 subtractiouem
1958 3622 2132 3674 neque

577 3697 1011 3750 immutationem
1076 3696 1191 3749 sive
1248 3696 1690 3764 perversionem,
1742 3712 1921 3767 neque
1981 3698 2135 3751 addi-

576 3790 780 3843 tionem
811 3789 1079 3842 facimus:
1128 3797 1314 3856 aperte
1366 3788 1602 3842 scientes
1654 3803 1776 3841 eum
1824 3790 1917 3856 qui
1974 3790 2138 3844 audet

576 3894 762 3933 vocem
791 3878 1029 3933 divinam
1073 3878 1343 3931 calumnia
1388 3877 1621 3947 quadam
1650 3885 1702 3931 et
1736 3878 2011 3932 malitiosa
2057 3879 2139 3932 in-

576 3972 967 4040 terpretatione
1010 3980 1347 4039 pervertere,
1397 3984 1461 4022 ex
1511 3977 1661 4036 patre
1705 3970 1923 4023 diabolo
1976 3985 2136 4024 esse:

578 4069 767 4129 utpote
794 4062 886 4129 qui
918 4060 1140 4112 omissis
1168 4059 1413 4111 veritatis
1440 4057 1621 4110 verbis
1641 4098 1655 4121 ,
1684 4073 1748 4110 ex
1783 4060 2021 4127 propriis
2050 4060 2134 4113 lo-

576 4155 783 4224 quitur,
809 4159 958 4221 pater
984 4150 1249 4204 mendacii
1277 4148 1473 4203 factus.
1501 4147 1633 4200 Nam
1658 4150 1920 4217 quidquid
1942 4159 2138 4218 praeter

647 4344 918 4409 Quoniam
958 4341 1123 4409 igitur
1168 4340 1271 4393 hoc
1306 4339 1583 4393 decretum
1630 4339 1697 4391 ab
1734 4340 1850 4408 ipsa
1898 4341 2134 4396 Veritate

580 4434 871 4505 exponitur
899 4448 913 4485 :
945 4432 990 4485 si
1019 4429 1150 4499 quid
1182 4443 1463 4497 perperam
1510 4430 1669 4495 hujus
1710 4429 1861 4482 vocis
1888 4440 2131 4484 contem-

2234 3336 2489 3407 νιζομένη
2518 3337 2635 3388 κατ’
2665 3337 2842 3388 εἰκόνα
2862 3336 2955 3388 τοῦ
2980 3338 3261 3396 κτίσαντος
3294 3338 3350 3388 ὲν
3376 3337 3511 3405 ἀρχῇ
3543 3334 3597 3384 τὸ
3627 3331 3760 3383 θεοειο

2234 3428 2321 3489 δὲς
2352 3429 2617 3497 ὁμοίωμα.
2647 3425 2861 3495 Ταύτης
2909 3423 3000 3480 οὖν
3029 3428 3177 3499 παρὰ
3216 3428 3312 3481 τοῦ
3346 3426 3473 3479 Θεοῦ
3512 3428 3614 3485 τοῖς
3651 3424 3761 3475 ἀπο-

2236 3520 2439 3580 στόλοις
2471 3518 2863 3589 παραδοθείσης
2906 3520 3003 3587 τῆς
3038 3520 3294 3585 πίστεως,
3329 3517 3447 3571 οὔτε
3487 3516 3757 3585 ὑφαίρεσιν,

2235 3610 2358 3663 οὔτε
2386 3610 2754 3680 παραλλαγὴν,
2781 3610 2902 3664 οὗτε
2932 3613 3245 3681 προσθήκην
3264 3610 3577 3677 ποιούμεθα·
3604 3605 3760 3674 σαφῶς

2231 3702 2429 3764 εἰδότες
2460 3703 2538 3754 ὄτι
2564 3704 2591 3755 ὁ
2617 3702 2827 3772 τολμῶν
2849 3705 2945 3771 τὴν
2975 3702 3121 3755 θείαν
3149 3704 3333 3771 φωνὴν
3357 3702 3441 3753 διὰ
3471 3697 3761 3765 κακουργίας

2234 3793 2549 3862 σοφιστικῆς
2592 3794 2981 3864 παρατρέπειν,
3036 3785 3189 3854 οὗτος
3218 3794 3285 3844 ὲκ
3325 3791 3417 3844 τοῦ
3465 3790 3650 3859 πατρὸς
3683 3786 3760 3839 τοῦ

2233 3884 2474 3937 διαϐόλου
2510 3886 2683 3937 ἐστίν·
2723 3885 2784 3947 ὃς
2816 3886 2972 3953 ἀφεὶς
3010 3885 3105 3953 τῆς
3153 3884 3407 3953 ἀληθείας
3457 3882 3523 3935 τὰ
3556 3881 3758 3950 ῥήματα,

2235 3979 2299 4029 ἐκ
2327 3977 2432 4029 τῶν
2473 3977 2612 4029 ἰδίων
2652 3976 2820 4039 λαλεῖ,
2858 3976 3036 4045 πατὴρ
3074 3973 3301 4042 ψεύδους
3344 3971 3627 4040 γινόμενος.
3667 3966 3759 4018 Πᾶν

2238 4066 2345 4135 γὰρ
2385 4066 2447 4117 τὸ
2490 4065 2641 4135 παρὰ
2667 4066 2765 4136 τὴν
2808 4065 3061 4134 ἀλήθειαν
3104 4063 3412 4133 λεγόμενον,
3444 4058 3621 4128 ψεῦδός
3665 4056 3760 4107 ἐστι

2242 4155 2457 4214 πάντως
2487 4157 2579 4208 καὶ
2608 4156 2706 4207 οὐκ
2741 4155 2956 4222 ἀληθές.

1209 4260 1417 4298 merum
1484 4252 1566 4297 est
1642 4259 1864 4311 prorsus
1912 4248 2287 4312 mendacium,
2320 4260 2511 4303 etnon
2549 4253 2770 4304 veritas.

2322 4346 2473 4398 Ἐπεὶ
2497 4340 2588 4398 οὖν
2619 4346 2679 4398 τὸ
2725 4346 2897 4414 δόγμα
2944 4342 3099 4395 τοῦτο
3144 4341 3273 4410 παρ’
3317 4340 3480 4408 αὐτῆς
3527 4333 3758 4430 ἐκτίθεται

2238 4440 2336 4509 τῆς
2368 4437 2652 4508 ἀληθείας·
2687 4436 2740 4489 εἰ
2766 4453 2817 4488 τι
2848 4431 3263 4505 παρεπινοοῦσιν
3295 4430 3385 4483 ἐπὶ
3421 4427 3652 4494 ἀθετήσει
3676 4427 3758 4488 τῆς

580 4537 674 4595 ptu
702 4522 1195 4578 comminiscuntur
1235 4521 1588 4589 maliguarum
1628 4521 1896 4575 haeresum
1946 4523 2133 4577 inven-

2239 4507 2386 4591 θείας
2412 4507 2614 4597 ταύτης
2639 4528 2818 4596 φωνῆς
2871 4526 2921 4576 οί
2945 4524 3049 4576 τῶν
3080 4520 3330 4592 πονηρῶν
3356 4519 3601 4590 αἱρέσεων
3622 4513 3755 4581 εὑρε-

584 4630 749 4679 torcs,
780 4618 854 4669 ita
877 4623 937 4670 ut
965 4617 1088 4668 loco
1116 4614 1294 4668 Patris
1328 4622 1626 4667 creatorem
1653 4622 1705 4667 et
1728 4612 1974 4679 opiﬁcem
2010 4610 2134 4664 Filii

584 4707 867 4760 nominent
895 4723 908 4758 :
943 4714 1104 4772 atque
1142 4703 1259 4756 Filii
1293 4705 1412 4757 loco
1441 4702 1715 4771 Opiﬁcium
1749 4710 1802 4755 et
1831 4709 2137 4755 creaturam

583 4792 789 4861 etquid
826 4791 1095 4844 lactitiutn
1130 4790 1336 4859 ﬁngant
1365 4808 1375 4841 :
1410 4805 1508 4858 pro
1536 4798 1727 4842 sancto
1760 4789 1962 4857 Spiritu
1992 4804 2142 4843 crea-

584 4892 761 4938 turam
799 4891 1083 4941 creaturte.
1112 4890 1167 4935 et
1197 4896 1333 4949 opus
1355 4882 1562 4951 operis,
1586 4888 1641 4935 et
1661 4895 1998 4949 quacunque
2032 4878 2142 4933 Deo

584 4974 880 5028 rebellibus
919 4987 982 5025 ac
1030 4970 1446 5023 contumacibus
1494 4969 1561 5025 de
1609 4971 1728 5038 ipso
1768 4970 1939 5038 placet
1977 4977 2141 5025 autu-

584 5078 754 5117 mare.
808 5062 930 5116 Haec
970 5062 1154 5116 omnia
1208 5077 1327 5129 qua:
1364 5072 1492 5114 sunt
1546 5061 1833 5129 ejusmodi,
1892 5061 2142 5114 revelata:

584 5154 745 5208 nobis
793 5153 846 5205 in
878 5153 980 5207 hoc
1029 5152 1280 5222 dogmate
1301 5152 1608 5206 divinitatis
1637 5152 2043 5219 abnegationem
2087 5157 2141 5203 et

584 5245 1083 5313 transgressionem
1112 5244 1477 5298 nominamus.
1503 5242 1677 5296 Semel
1699 5243 1841 5296 enim
1863 5257 1891 5295 a
1910 5241 2159 5310 Domino.

586 5335 899 5394 didicimus,
944 5336 1008 5387 ad
1039 5336 1182 5404 quod
1216 5350 1314 5389 nos
1351 5334 1674 5398 cogitatione
1716 5343 1770 5387 et
1810 5340 1987 5387 mente
2020 5348 2142 5401 per—

588 5427 798 5494 spicere
822 5434 1035 5494 oportet
1063 5442 1074 5475 :
1113 5441 1209 5495 per
1239 5426 1383 5494 quod
1415 5441 1445 5478 a
1483 5425 1693 5478 mortali
1730 5426 1793 5475 ad
1835 5426 2138 5477 immortale

588 5526 790 5571 nostra:
817 5524 1023 5570 natura:
1042 5516 1100 5569 ﬁt
1133 5514 1559 5576 transformatio,
1591 5515 1693 5568 hoc
1725 5524 1901 5568 autem
1929 5522 2011 5567 est
2038 5512 2140 5565 Pa-

588 5616 687 5663 ter.
724 5604 920 5669 Filius,
966 5616 1018 5659 et
1054 5606 1292 5673 Spiritus
1332 5613 1573 5659 sanctus.
1614 5604 1975 5668 Quamobrem
2010 5602 2137 5656 bor-

592 5698 748 5750 ribile
777 5708 831 5750 et
861 5698 1081 5751 exitiale
1108 5713 1226 5751 esse
1266 5711 1647 5750 asseveramus
1677 5711 1798 5749 cum
1832 5696 1930 5748 has
1970 5709 2131 5747 voces

590 5786 798 5841 divinas
833 5788 1062 5855 maligne
1092 5796 1145 5841 et
1180 5801 1462 5856 perperam
1488 5793 1819 5856 pervertere,
1860 5794 1970 5837 tum
2000 5784 2132 5837 alias

2242 4611 2331 4665 ταί
2355 4628 2368 4642 °
2407 4610 2481 4672 ὡς
2504 4610 2624 4664 ἀντὶ
2655 4611 2750 4678 μὲν
2775 4607 2867 4661 τοῦ
2899 4607 3109 4678 Πατρὺς
3137 4608 3358 4679 κτίστην
3390 4606 3543 4660 αὐτὸν
3580 4603 3661 4655 καὶ
3683 4599 3755 4666 δη-

2247 4698 2501 4769 μιουργὸν
2530 4696 2622 4748 τοῦ
2649 4695 2778 4748 Υίοῧ
2801 4695 3084 4765 ὀνομάζειν
3108 4712 3119 4724 ·
3144 4695 3264 4747 ἀντὶ
3279 4696 3334 4748 δὲ
3362 4693 3452 4747 τοῦ
3482 4690 3599 4745 Υἱοῦ
3620 4689 3751 4761 ἔργον

2242 4789 2337 4841 καὶ
2366 4788 2571 4858 κτίσμα
2601 4788 2694 4838 καὶ
2727 4786 2935 4855 ποίημα
2954 4803 2967 4815 ο
2998 4786 3117 4839 ἀντὶ
3143 4786 3198 4837 δὲ
3222 4786 3312 4838 τοῦ
3344 4785 3495 4853 ἁγίου
3536 4779 3751 4846 Πνεύμα-

2242 4894 2352 4941 τος,
2381 4878 2582 4947 κτίσμα
2612 4876 2923 4944 κτίσματος,
2951 4877 3043 4926 καὶ
3074 4874 3234 4943 ἔργον
3264 4874 3422 4945 ἔργου
3446 4885 3459 4897 ’
3486 4873 3572 4925 καὶ
3604 4869 3750 4919 πάντα

2241 4967 2341 5019 ὅσα
2370 4968 2481 5029 τοῖς
2510 4965 2794 5035 θεομάχοις
2822 4963 2950 5034 περὶ
2973 4962 3135 5017 αὑτοῦ
3160 4964 3481 5031 λέγεινδοκεϊ
3502 4953 3679 5011 ’πάντα
3697 4954 3750 5004 τὰ

2241 5056 2461 5110 τοιαῦτα
2515 5058 2736 5125 ἄρνησιν
2772 5055 2869 5124 τῆς
2922 5055 3387 5124 ἀποκαλυφθείσης
3439 5055 3559 5122 ἡμῖν
3603 5051 3651 5100 ἐν
3688 5043 3751 5111 τῷ

2241 5148 2467 5216 δόγματι
2498 5146 2667 5215 τούτῳ
2700 5145 2968 5213 θεότητος,
2995 5147 3085 5197 καὶ
3111 5144 3414 5215 παράϐασιν
3433 5140 3746 5210 ὀνομάζομεν-

2244 5238 2422 5303 ’Δπαξ
2457 5238 2562 5307 γὰρ
2600 5236 2993 5307 μεμαθήκαμεν
3020 5238 3169 5306 παρα
3206 5236 3297 5289 τοῦ
3338 5234 3547 5303 Κυρίου,
3588 5220 3750 5297 πρὸςδ

2244 5330 2457 5400 βλέπειν
2496 5328 2601 5400 χρὴ
2639 5331 2704 5397 τῇ
2750 5327 2992 5397 διανοίᾳ·
3039 5327 3105 5381 δι’
3150 5321 3209 5380 οὗ
3253 5326 3450 5393 γίνεται
3485 5324 3516 5390 ή
3554 5316 3647 5370 ἀπὸ
3671 5307 3747 5363 τοῦ

2243 5420 2435 5491 θνητοῦ
2483 5421 2619 5491 πρὸς
2661 5422 2722 5473 τὸ
2749 5419 3012 5473 ἀθάνατον
3042 5421 3145 5489 τῆς
3184 5419 3391 5486 φύσεως
3414 5414 3561 5484 ἡμῶν
3614 5420 3749 5491 μεταέ

2244 5514 2573 5583 στοιχείωσις
2594 5531 2606 5544 ο
2644 5513 2801 5565 τοῦτο
2828 5512 2884 5564 δέ
2908 5514 3052 5564 ἐστιν
3093 5515 3121 5563 ὁ
3152 5510 3334 5577 Πατὴρ
3364 5506 3452 5557 καὶ
3481 5506 3505 5555 ὀ
3530 5498 3640 5557 Υἱὸς
3670 5490 3746 5583 ﬁl

2239 5604 2299 5655 τὸ
2325 5577 2473 5669 ἅγιον
2506 5600 2728 5670 Πνεῦμα
2747 5619 2759 5631 ’
2795 5601 3024 5671 φοϐερὸν
3066 5596 3157 5652 οὖν
3188 5595 3322 5650 εἷναί
3352 5608 3519 5662 φαμεν
3544 5586 3627 5641 καὶ
3648 5577 3745 5684 dii.-

2242 5694 2389 5762 θριον
2415 5690 2884 5761 παραλογίσασθαι
2916 5690 3013 5757 μὲν
3040 5691 3135 5751 τὰς
3168 5688 3316 5746 θείας
3346 5683 3534 5741 ταύτας
3558 5682 3742 5743 φωναί-⁸

2240 5783 2570 5836 ἀντεπινοεῖν
2606 5781 2660 5832 δὲ
2688 5781 2784 5843 τὰς
2809 5782 2899 5832 ἐπὶ
2926 5780 3176 5851 ἀθετήσει
3204 5777 3400 5831 τούτων
3428 5774 3743 5839 παρευρισκο-
