3922 6498
238 347 330 404 εει)
1353 347 1628 404 CONTRA
1646 345 2060 421 EUNOMIUM,
2099 356 2329 430 LIB.-ll.

3351 361 3455 418 470

238 479 388 534 μένας
409 480 422 492 ·
459 460 653 532 ὥσπερ
686 462 1161 533 ἑπιδιορθουμένας
1194 465 1285 516 τὸν
1325 467 1456 519 Θεὸν
1475 467 1664 532 Λόγον,
1686 471 1774 522 τὸν

1882 471 1990 525 illis
2017 476 2240 529 omnino
2263 477 2572 532 contrarias
2606 479 2946 550 excogitare,
2980 495 3108 550 quae
3134 481 3199 535 ad
3236 496 3328 536 eas
3366 475 3454 534 iii-'-

233 552 650 620 νομοθετήσαντα
691 553 891 616 ταύτας
916 553 1012 616 τὰς
1059 554 1240 621 φωνὰς
1272 557 1402 625 ἡμῖν
1439 557 1529 608 επὶ
1569 558 1664 628 τῆς
1694 559 1782 609 πί-

233 663 380 706 στεως
404 643 568 714 ἔχειν.
612 643 850 714 Ἐκάστη
890 645 996 714 γὰρ
1037 645 1144 698 τῶν
1183 648 1425 717 κλήσεων
1454 650 1656 702 τούτων
1693 650 1780 702 διὰ

231 739 314 803 τῆς
345 736 654 806 προσφυῶς
685 737 961 806 σημασίας
993 741 1276 808 νοουμένη,
1303 740 1482 794 κανὼν
1504 742 1777 811 ἀληθείας,

231 827 308 879 καὶ
329 825 485 895 νόμος
506 827 792 891 εὐσεϐείας
813 831 925 891 τοῖς
946 831 1286 901 Χριστιανοῖς
1311 833 1536 899 γίνεται.
1564 835 1780 889 Πολλῶν

229 919 319 987 γὰρ
341 917 506 970 ὄντων
544 919 641 970 καὶ
682 917 856 974 ἄλλων
887 921 1184 990 ὀνομάτων,
1220 919 1301 986 οἷς
1339 924 1398 976 τὸ
1413 925 1570 979 Θεῖον
1592 926 1781 997 διαση-

229 1010 476 1079 μαίνεται,
527 1011 590 1061 ὲν
638 1011 850 1084 ίστορίᾳ
877 1028 936 1064 τε
972 1013 1066 1065 καὶ
1103 1014 1424 1084 προφητείᾳ,
1459 1014 1552 1066 καὶ
1597 1015 1776 1086 νόμῳι

227 1105 381 1155 πάντα
414 1100 732 1154 καταλιπὼν
758 1104 786 1154 6
816 1103 1090 1172 Δεσπότης
1120 1101 1370 1173 Χριστὸς,
1400 1105 1545 1174 ἡμᾶς
1575 1106 1781 1176 προσά-

223 1193 390 1263 γεσθαι
422 1192 726 1262 δυνάμενος
767 1196 831 1263 τῇ
864 1193 990 1265 περί⁸
1031 1193 1122 1246 τοῦ
1166 1194 1316 1257 ὄντος
1351 1194 1552 1258 πίστει,
1580 1195 1780 1260 ταύτας

221 1288 305 1348 τὰς
325 1286 503 1353 φωνάς
531 1285 896 1355 παρατίθεται
915 1303 928 1315 ·
959 1287 1146 1355 ἀρκεῖν
1175 1286 1588 1356 ἀποφηνάμενος
1614 1305 1780 1359 παρα-

223 1380 383 1449 μένειν
414 1378 565 1447 ἡμᾶς
585 1380 653 1448 τῇ
676 1377 770 1429 τοῦ
806 1377 1016 1448 Πατρός
1052 1393 1112 1429 τε
1144 1377 1236 1429 καὶ
1264 1377 1358 1429 τοῦ
1386 1377 1536 1442 Υίοῦ,
1567 1379 1660 1430 καὶ
1687 1379 1779 1431 τοῦ

223 1470 356 1536 ἁγίου
387 1468 712 1538 Πνεύματος
749 1470 956 1539 κλήσει,
1003 1469 1080 1531 είς
1122 1469 1447 1538 κατανόησιν
1483 1469 1576 1521 τοῦ
1614 1470 1781 1533 ὄντως

219 1563 380 1623 ὄντος·
415 1560 557 1630 ὅπερ
594 1558 691 1611 καὶ
724 1559 781 1610 ἓν
835 1560 950 1610 ἐστι
984 1560 1077 1610 καὶ
1125 1558 1223 1627 οὐχ
1278 1557 1356 1612 ἓν.
1412 1557 1501 1627 Τῷ
1545 1558 1642 1628 μὲν
1676 1557 1780 1628 γὰρ

219 1654 342 1722 λόγῳ
368 1652 469 1720 τῆς
508 1651 703 1715 οὐσίας
739 1651 796 1703 ἓν
830 1651 943 1702 ἐστι
970 1667 983 1679 ·
1015 1650 1094 1702 διὸ
1137 1652 1230 1703 καὶ
1262 1650 1342 1712 είς
1374 1649 1431 1702 ἒν
1463 1649 1633 1719 ὄνομα
1662 1649 1781 1719 βλέ·

220 1760 324 1794 πειν
352 1741 380 1792 6
409 1739 698 1808 Δεσπότης
745 1738 1098 1808 ἐνομοθέτησε
1117 1755 1129 1768 ⁸
1165 1740 1278 1802 τοῖς
1306 1739 1362 1792 δὲ
1405 1741 1780 1808 γνωριστικοῖς

1883 563 2177 620 ﬁrmandus
2207 577 2261 620 et
2292 568 2587 624 eludendas
2628 570 2999 635 inveniuntur,
3033 588 3097 626 ac
3139 579 3184 627 si
3215 563 3454 628 Verbuni

1882 655 1976 710 Dei
2009 659 2204 712 vellent
2235 661 2526 716 emendare
2559 673 2615 716 et
2637 663 2932 733 corrigere,
2958 666 3118 734 quod"
3144 664 3303 719 nobis
3337 664 3456 734 lege

1881 745 2054 800 edixit
2081 748 2178 803 has
2223 764 2384 805 voces
2420 751 2471 804 in
2510 751 2613 806 [ide
2651 762 2967 808 constanter
2996 762 3200 809 tenere.
3249 754 3453 807 Harum

1882 835 2150 905 siquidem
2185 840 2607 908 appellationum
2640 859 2981 914 unaquaeque
3009 844 3136 898 dum
3175 845 3228 897 in
3265 845 3452 898 nativa

1889 931 2290 998 signiﬁcatione
2339 944 2522 990 mente
2557 936 2879 1006 percipitur,
2939 938 3126 1006 regula
3169 938 3450 1002 veritatis,

1881 1030 2046 1092 atque
2091 1026 2308 1092 pietatis
2353 1041 2543 1080 norma
2590 1035 2643 1081 et
2691 1027 2773 1082 lex
2820 1026 3150 1083 Christianis
3201 1027 3447 1083 ellicitur.

1881 1112 2015 1167 Nam
2065 1131 2186 1168 cum
2241 1117 2409 1170 multa
2459 1118 2569 1171 sint
2616 1119 3003 1174 alia~nomina
3057 1120 3257 1189 quibus
3308 1117 3451 1175 Deus

1883 1204 2243 1274 signiﬁcatur,
2279 1208 2333 1260 in
2362 1208 2584 1262 historia
2637 1218 2691 1264 et
2740 1212 3058 1282 prophetia,
3108 1221 3161 1267 et
3204 1213 3336 1281 lege,
3365 1212 3452 1267 his

1881 1297 2135 1351 omnibus
2169 1299 2493 1367 posthabitis
2524 1301 2841 1372 relictisque
2886 1303 3148 1358 Dominus
3195 1303 3450 1358 Christus

1883 1388 1948 1442 ad
1981 1389 2138 1443 ﬁdem
2169 1407 2287 1460 quae
2316 1400 2401 1446 est
2431 1391 2496 1444 de
2525 1408 2591 1446 eo
2617 1395 2759 1462 quod
2790 1400 2874 1448 est
2895 1435 2908 1457 ,
2935 1411 3033 1449 nos
3061 1395 3331 1450 adducere
3358 1410 3451 1463 po-

1885 1490 2026 1546 tens,
2055 1482 2154 1535 has
2185 1497 2344 1536 voces
2370 1485 2625 1552 apponit,
2655 1495 2809 1539 ratus
2841 1486 2884 1540 si
2918 1500 3020 1538 nos
3053 1485 3107 1539 in
3135 1483 3449 1552 Patrisque,

1881 1579 1934 1625 et
1964 1570 2121 1634 Filii,
2157 1579 2213 1626 et
2245 1572 2482 1641 Spiritus
2513 1575 2684 1628 sancti
2716 1574 3077 1644 appellatione
3108 1588 3454 1644 permanere-

1881 1678 2004 1716 mus
2024 1703 2039 1728 ,
2071 1661 2138 1716 ad
2171 1663 2290 1732 ejus
2321 1663 2465 1733 quod
2495 1679 2622 1718 vere
2653 1674 2737 1719 est
2771 1665 3138 1734 cognitionem
3171 1663 3451 1724 subicere,

1882 1752 2024 1820 quod
2049 1751 2266 1820 quidem
2292 1761 2346 1807 et
2368 1768 2534 1806 unum
2559 1764 2672 1815 est,
2697 1761 2750 1807 et
2775 1767 2879 1806 non
2903 1768 3090 1806 unum.
3115 1750 3246 1804 Nam
3269 1765 3454 1804 essen-

219 1835 311 1885 τῶν
334 1831 692 1884 ὑποστάσεων
735 1830 1032 1899 ίδιώμασιν.
1072 1832 1150 1892 εἰς
1180 1831 1391 1900 Πατρός
1421 1835 1495 1882 τε
1520 1831 1614 1883 καὶ
1643 1831 1772 1883 Υίοῦ

1882 1844 1970 1898 lia:
1996 1844 2213 1912 quidem
2242 1844 2454 1898 ratione
2488 1860 2653 1897 unum
2678 1851 2761 1898 est
2782 1883 2796 1905 ,
2825 1843 3083 1912 quocirca
3115 1849 3169 1895 et
3198 1840 3250 1894 in
3283 1854 3452 1893 unum

220 1927 298 1977 καὶ
317 1923 466 1988 ἁγίου
490 1921 812 1991 Πνεύματος
831 1921 1012 1972 πίστιν
1043 1921 1322 1991 διῄρηται·
1355 1921 1687 1985 ἀδιαστάτως
1719 1939 1776 1974 τε

223 2017 551 2087 μεριζόμενον
568 2015 668 2068 καὶ
679 2013 995 2084 ἀσυγχύτως
1007 2013 1125 2066 ὲνού
1134 2015 1487 2084 μενον.”υταν
1500 2016 1608 2085 γὰρ
1623 2015 1780 2067 ἀκού-

221 2125 378 2176 σωμεν
412 2107 661 2176 Πατέρα,
686 2105 888 2175 ταύτην
917 2105 1364 2176 ἀναλαμϐάνομεν
1394 2105 1493 2176 τὴν
1517 2105 1774 2170 διάνοιαν,

219 2200 357 2253 ὅτιτὸ
374 2199 547 2268 ὄνομα
568 2197 753 2259 τοῦτο,
777 2198 871 2250 οὐκ
892 2199 973 2264 ἐφ’
998 2197 1189 2250 ἑαυτοῦ
1211 2200 1410 2249 νοεῖται
1443 2197 1618 2268 μόνον,
1641 2197 1778 2254 ἀλλὰ

219 2294 295 2345 καὶ
325 2292 418 2361 τὴν
440 2291 584 2362 πρὸς
604 2291 694 2343 τὸν
729 2289 856 2342 Υίδν
889 2290 1068 2358 σχέσιν
1100 2288 1185 2341 διὰ
1208 2290 1306 2358 τῆς
1329 2289 1462 2351 ἰδίας
1490 2289 1776 2357 ἐμφάσεως

219 2383 588 2452 ἀποσημαίνει.
639 2382 713 2435 Οὐ
760 2381 868 2450 γὰρ
899 2380 964 2432 ἂν
1018 2379 1206 2448 Πατὴρ
1249 2379 1648 2449 κεχωρισμένος
1689 2379 1774 2448 ἐφ’

218 2475 389 2527 ἑαυτοῦ
436 2472 689 2544 νοηθείη,
730 2472 803 2542 μὴ
853 2469 981 2524 Υἱοῦ
1025 2468 1366 2539 συνημμένου
1406 2468 1493 2520 διὰ
1533 2469 1633 2538 τῆς
1679 2469 1774 2522 τοῦ

218 2567 404 2638 Πιτρὸς
432 2566 827 2636 ὲκφωνήσεως.
858 2563 1074 2631 Πατέρα
1104 2557 1196 2614 οὖν
1227 2560 1508 2630 μαθόντες,
1549 2563 1616 2632 τῇ
1639 2561 1772 2631 αὐτῇ

220 2661 348 2727 φωνῇ
382 2657 474 2710 καὶ
519 2658 628 2727 τὴν
657 2657 736 2718 εἰς
785 2655 876 2709 τὸν
911 2655 1036 2708 Υίὺν
1084 2653 1264 2705 πίστιν
1303 2650 1773 2721 συνεδιὸἀχθημεν.

229 2752 422 2822 Ἐπειδὴ
447 2751 635 2804 τοίνυν
655 2750 716 2802 τὸ
729 2752 881 2806 Θεῖον
895 2750 960 2818 τῇ
978 2747 1135 2814 φύσει
1155 2748 1290 2818 ὅπερ
1316 2746 1432 2799 ἐστὶ
1471 2745 1604 2798 καθό
1629 2748 1777 2798 ἐστιν

220 2845 291 2896 ἀεὶ
314 2842 576 2904 ὡσαύτως
614 2840 727 2910 ἔχει
754 2857 768 2870 ο
803 2837 927 2892 οὗτε
959 2839 1089 2892 ποτέ
1122 2857 1173 2892 τι
1219 2838 1291 2910 μὴ
1322 2839 1382 2891 ὃν
1412 2839 1440 2891 ὃ
1476 2839 1570 2892 νῦν
1603 2841 1771 2899 ἐστιν,

219 2934 322 2987 οὔτε
355 2935 484 2987 ποτε
519 2953 576 2986 τι
621 2933 898 3003 ἐσόμενον,
927 2930 956 2983 ὃ
995 2930 1089 2983 νῦν
1131 2932 1230 2984 οὐκ
1279 2931 1416 2982 ἐστι.
1481 2931 1672 3002 Πατὴρ
1719 2931 1777 2983 δὲ

221 3025 486 3096 ὠνομάσθη
520 3025 676 3095 παρά
708 3024 800 3077 τοῦ
833 3024 1004 3091 Λόγου
1027 3026 1055 3076 6
1083 3021 1332 3092 ἀληθινὸς
1368 3024 1587 3094 Πατήρ·
1617 3023 1694 3093 τῷ
1720 3023 1778 3074 δὲ

220 3116 369 3186 Πατρὶ
395 3117 486 3168 καὶ
512 3116 544 3167 ὁ
571 3114 698 3177 Υἱὸς
726 3114 1143 3183 συνεμφαίνεται
1163 3129 1174 3140 '
1199 3114 1508 3181 ἀναγκαίως
1531 3114 1777 3167 πιστεύο-

225 3225 324 3275 μεν,
355 3209 431 3259 ὃτι
464 3209 492 3259 6
525 3206 798 3277 μηδεμίαν
828 3205 1031 3277 τροπὴν
1065 3206 1097 3275 ἢ
1125 3204 1406 3257 ἀλλοίωσιν
1430 3207 1487 3258 ἐν
1513 3207 1577 3276 τῇ
1615 3205 1772 3273 φύσει

222 3301 656 3370 παραδεχόμενος,
691 3298 720 3350 ὃ
766 3298 861 3350 νῦν
895 3299 1031 3358 ἐστι,
1079 3297 1171 3349 καὶ
1217 3297 1301 3349 ἀεὶ
1335 3297 1550 3358 πάντως
1597 3293 1662 3366 ἦν
1688 3315 1700 3327 ·
1739 3297 1770 3368 ἢ

221 3387 597 3444 εἶποτέτιοὺκ
629 3383 718 3458 ἦν,
761 3388 882 3444 οὐδὲ
919 3386 1015 3440 νῦν
1046 3388 1257 3450 πάντως
1291 3389 1455 3443 ἐστίν.
1503 3391 1653 3443 Ἐπεὶ
1681 3387 1773 3444 οὖν

223 3478 386 3548 Πιτὴρ
413 3479 518 3532 ὑπὸ
543 3479 637 3531 τοῦ
670 3478 924 3549 ἀληθινοῦ
950 3481 1126 3547 Λόγου
1165 3480 1608 3551 κατονομάζεται,
1639 3483 1776 3536 πάν-

222 3585 323 3621 τοτε
350 3571 570 3632 πάντως
599 3571 691 3622 καὶ
719 3567 786 3641 ἦν
834 3572 1022 3642 Πατὴρ
1063 3574 1156 3626 καὶ
1191 3572 1336 3638 ἔστι,
1366 3575 1460 3627 καὶ
1520 3574 1668 3628 ἔσται
1700 3577 1774 3639 ὼς

222 3655 294 3728 ἦν.
324 3661 393 3713 Οὐ
427 3660 541 3733 γὰρ
569 3660 633 3731 δὴ
673 3661 827 3732 θέμις
854 3664 948 3716 ἐπὶ
979 3665 1077 3734 τῆς
1117 3664 1266 3728 θείας
1295 3682 1353 3718 τε
1380 3666 1473 3719 καὶ¹
1498 3667 1772 3737 ἀκηράτου

225 3769 430 3817 φυσεως,
474 3754 554 3824 μὴ
592 3754 823 3807 πάντοτε
859 3755 920 3807 τὺ
950 3755 1113 3808 καλὸν
1142 3757 1269 3827 περὶ
1309 3756 1477 3828 αὐτὴν
1507 3755 1647 3811 εἶναι
1683 3759 1772 3810 λέ-

223 3859 351 3909 γειν’
381 3845 429 3896 εἰ
459 3845 572 3914 γὰρ
600 3844 674 3915 μὴ
701 3845 788 3898 ἀεὶ
804 3840 872 3914 ἦν
927 3845 955 3900 ὃ
986 3845 1080 3898 νῦν
1105 3848 1271 3910 ἐστιν,
1306 3847 1519 3916 ἐτράπη
1560 3848 1774 3910 πάντως

223 3936 251 4005 ἦ
275 3937 397 4007 πρὸς
421 3937 480 3990 τὸ
507 3941 690 4008 χεῖρον
716 3938 823 3990 ἀπὸ
841 3937 933 3988 τοῦ
961 3939 1284 4007 κρείττονος,
1310 3938 1341 4008 ἢ
1369 3939 1502 4009 πρὸς
1523 3940 1583 3992 τὸ
1605 3943 1776 4008 κρεῖτ-

221 4043 296 4077 τον
321 4029 418 4080 ἀπὸ
448 4029 547 4082 τοῦ
582 4028 847 4098 χείρονος·
891 4029 1092 4081 τούτων
1119 4030 1174 4082 δὲ
1213 4025 1328 4082 ἶσόν
1365 4033 1480 4083 ἐστι
1523 4030 1585 4083 τὸ
1649 4034 1776 4084 ἀσε-

222 4112 299 4176 ϐὲς
327 4114 440 4168 καθ’
472 4117 734 4186 ἑκάτερον
755 4132 766 4143 ·
802 4117 1058 4186 ὁπότερον
1095 4118 1160 4170 ἂν
1193 4117 1285 4171 ἐπὶ
1307 4117 1406 4188 τῆς
1441 4117 1588 4183 θείας
1617 4121 1775 4190 λέγη-

223 4221 294 4255 τιι
345 4208 578 4275 φύσεως.
627 4207 786 4261 Ἀλλά
837 4208 941 4278 μὴν
993 4209 1340 4263 ἀνεπίδεκτόν
1373 4214 1489 4262 ἐστι
1538 4210 1600 4262 τὸ
1618 4214 1772 4266 Θεῖον

221 4297 400 4367 τροπῆς
431 4317 491 4351 τε
545 4300 639 4353 καὶ
675 4299 1028 4364 ἀλλοιώσεως.
1065 4301 1204 4370 Ἄρα
1251 4303 1360 4354 πᾶν
1424 4303 1612 4374 ὄτιπέρ
1660 4305 1774 4356 ἐστι

224 4389 362 4442 καλὸν
389 4394 480 4446 καὶ
510 4393 735 4462 ἀγαθὸν,
774 4394 860 4446 ἀεὶ
893 4393 1020 4465 περὶ
1051 4393 1148 4464 τὴν
1175 4393 1265 4446 τοῦ
1297 4394 1460 4446 καλοῦ
1491 4394 1772 4462 θεωρεῖται

1879 1947 2075 1986 nomen
2127 1934 2398 2001 respicere
2447 1931 2710 1986 Dominus
2761 1931 2967 1986 edixit:
3011 1930 3107 1983 sed
3155 1925 3451 1983 secundum

1879 2039 1974 2080 eas
1997 2025 2356 2094 proprietates
2385 2024 2586 2092 quibus
2617 2024 2816 2076 divinae
2845 2037 3090 2092 personae
3119 2021 3452 2089 dignoscun.
3505 2013 3508 2021 ’

1880 2126 1988 2176 tur,
2021 2116 2074 2168 in
2107 2115 2316 2178 Patris,
2348 2127 2394 2170 el
2423 2115 2546 2169 Filii
2576 2157 2589 2178 ,
2624 2127 2678 2168 et
2707 2115 2947 2184 Spiritus
2975 2112 3148 2167 sancti
3187 2111 3340 2165 ﬁdem
3371 2110 3456 2163 di-

1879 2208 2138 2262 stinctum
2168 2219 2285 2270 est,
2324 2205 2763 2277 inseparabiliter
2795 2206 2848 2258 in
2886 2212 3072 2274 partes
3103 2201 3454 2256 distributum

1879 2308 1932 2356 et
1959 2299 2242 2354 inconfuse
2278 2301 2509 2354 unitum.
2543 2298 2677 2353 Cum
2727 2298 2872 2353 enim
2901 2297 3155 2351 audimus
3185 2293 3398 2349 Patrem
3438 2333 3453 2354 ,

1879 2388 2021 2442 hanc
2057 2390 2333 2442 notionem
2365 2397 2419 2441 et
2451 2388 2866 2457 intelligentiam
2895 2386 3238 2455 concipimus
3259 2424 3273 2448 ,
3310 2384 3454 2453 quod

1880 2473 1984 2526 hoc
2019 2489 2216 2528 nomen
2253 2490 2360 2528 non
2390 2475 2442 2528 in
2463 2475 2584 2544 ipso
2609 2476 2784 2530 solum
2805 2474 3146 2542 intelligitur,
3162 2473 3256 2527 sed
3290 2473 3454 2526 etiam

1881 2580 2002 2618 cum
2030 2564 2167 2619 Filio
2189 2575 2434 2620 mutuam
2455 2567 2767 2620 relationem
2787 2567 3007 2635 propria
3034 2565 3268 2635 quadam
3293 2567 3341 2618 vi
3363 2565 3457 2618 de-

1883 2659 2093 2710 clarat:
2129 2672 2237 2710 non
2291 2659 2435 2711 enim
2476 2656 2637 2712 Pater
2665 2666 2952 2726 separatus
2986 2657 3038 2710 in
3072 2658 3254 2726 seipso
3279 2664 3457 2711 mente

1882 2748 2270 2817 comprehendi
2322 2758 2543 2818 posset,
2587 2765 2692 2803 non
2730 2750 2884 2804 unito
2930 2757 2984 2804 et
3031 2751 3270 2806 adunato
3323 2749 3458 2803 Filio

1881 2853 1977 2906 per
2011 2838 2153 2894 hanc
2184 2837 2362 2894 Patris
2413 2840 2863 2896 enuntiationem.
2918 2841 3032 2894 Hac
3091 2840 3453 2908 itaquevoce-,

1880 2930 2093 2987 Patrem
2109 2948 2233 2987 cum
2261 2933 2574 2998 didicimus,
2601 2935 2756 2990 ﬁdem
2782 2951 3000 3005 quoque
3025 2936 3078 2988 in
3103 2931 3302 2988 Filium
3329 2933 3455 2986 edo«

1881 3025 1954 3078 cti
1982 3039 2196 3080 sumus.
2252 3025 2520 3091 Quoniam
2555 3027 2722 3096 igitur
2761 3026 2901 3082 Deus
2932 3034 3127 3080 natura
3155 3023 3300 3096 quod
3330 3032 3416 3080 est
3439 3061 3454 3085 ,

1883 3134 1986 3188 qua
2031 3125 2146 3181 est,
2192 3135 2408 3188 semper
2453 3125 2509 3172 et
2545 3120 2735 3174 eodem
2781 3121 2941 3174 modo
2983 3135 3041 3173 se
3085 3119 3282 3180 habet,
3329 3131 3455 3171 cum

1881 3221 2157 3274 nunquam
2187 3207 2315 3276 quid
2348 3223 2455 3260 non
2511 3207 2676 3261 fuerit
2722 3209 2867 3278 quod
2917 3224 3063 3263 nunc
3112 3216 3236 3271 est,
3281 3223 3456 3277 neque

1877 3315 2115 3369 unquam
2149 3299 2278 3366 quid
2312 3299 2528 3357 futurus
2559 3302 2630 3356 sit
2665 3301 2808 3371 quod
2838 3316 2987 3354 nunc
3019 3315 3126 3353 non
3159 3309 3259 3354 est.
3299 3298 3457 3353 Pater

1876 3400 2053 3444 autem
2081 3406 2110 3442 a
2141 3389 2318 3444 Verbo
2353 3393 2668 3446 nominatus
2713 3399 2799 3446 est
2847 3407 3008 3445 verus
3054 3391 3236 3455 Pater,
3290 3388 3454 3443 simul

1875 3492 2054 3534 autem
2084 3495 2204 3535 cum
2233 3479 2396 3534 Patre
2420 3481 2593 3536 Filius
2620 3482 2929 3536 ostenditur
2954 3502 2966 3536 :
3001 3483 3311 3537 necessario
3336 3496 3456 3534 cre-

1875 3572 2054 3626 dimus
2075 3613 2088 3636 ,
2117 3572 2261 3640 quod
2295 3573 2339 3627 is
2370 3574 2461 3642 qui
2489 3573 2695 3627 nullam
2729 3575 3084 3628 mutationem
3112 3589 3288 3643 neque
3320 3574 3457 3626 alte-

1877 3665 2140 3718 rationem
2169 3665 2221 3718 in
2255 3673 2448 3718 natura
2475 3666 2708 3734 suscipit
2731 3705 2744 3725 .
2776 3667 2920 3736 quod
2948 3681 3095 3720 nunc
3121 3667 3457 3733 est,omnine

1877 3771 2092 3824 semper
2121 3764 2275 3820 erat,
2328 3766 2381 3810 et
2424 3757 2469 3810 si
2513 3758 2642 3824 quid
2690 3757 2984 3827 aliquando
3027 3773 3135 3811 non
3168 3764 3322 3818 erat,
3357 3770 3457 3810 nec

1876 3863 2024 3901 nunc
2061 3854 2164 3902 est.
2217 3845 2674 3915 Quandoquidem
2717 3863 2848 3917 ergo
2880 3864 2910 3900 a
2942 3862 3072 3901 vero
3115 3845 3291 3900 Verbo
3337 3846 3455 3900 sive

1876 3937 2015 3992 Filio
2042 3937 2204 3993 Pater
2236 3943 2574 4002 nominatur,
2611 3955 2827 4007 semper
2859 3939 3084 3992 omnino
3111 3946 3166 3992 et
3195 3945 3314 3991 erat
3347 3935 3454 3990 Pa-

1875 4036 1959 4083 ter
2011 4036 2064 4082 et
2112 4035 2229 4089 est,
2269 4027 2484 4096 eritque
2537 4030 2678 4080 sicut
2725 4027 2848 4081 fuit.
2885 4026 3071 4095 Neque
3105 4025 3249 4080 enim
3285 4023 3368 4078 fas
3402 4024 3457 4077 in

1875 4119 2061 4173 divina
2093 4128 2145 4173 et
2181 4117 2480 4171 immortali
2510 4125 2709 4170 natura
2731 4156 2746 4177 ,
2782 4117 2928 4186 quod
2959 4116 3162 4170 bonum
3194 4123 3310 4178 est,
3347 4129 3456 4168 non

1876 4211 1930 4266 id
1964 4213 2016 4265 in
2052 4211 2170 4281 ipsa
2206 4225 2422 4278 semper
2449 4224 2574 4264 esse
2599 4208 2804 4263 dicere.
2838 4207 2893 4262 Si
2923 4208 3068 4264 enim
3109 4221 3215 4260 non
3244 4220 3459 4274 semper.

1877 4301 2012 4364 fuit,
2047 4301 2192 4372 quod
2230 4317 2376 4354 nunc
2409 4308 2528 4364 est,
2566 4301 2785 4369 penitus
2820 4300 3112 4354 immutata
3160 4308 3246 4353 est
3293 4299 3376 4352 vel
3427 4314 3459 4350 a

1877 4395 2102 4449 meliore
2155 4392 2210 4447 in
2259 4394 2536 4456 deterius,
2590 4392 2676 4446 vcl
2731 4393 2781 4446 in
2829 4394 3026 4448 melius
3082 4408 3112 4446 a
3165 4392 3456 4446 deteriore.

221 4485 405 4552 πηγήν·
437 4484 604 4538 καλὸν
633 4486 690 4538 δὲ
719 4485 813 4538 καὶ
844 4485 1009 4538 καλοῦ
1040 4485 1238 4549 παντὸς
1268 4487 1523 4539 ἐπέκεινα
1548 4489 1576 4539 6
1604 4489 1774 4540 Μονο-

1883 4484 2134 4556 A‘iqualis
2193 4493 2372 4539 autem
2421 4496 2504 4538 est
2555 4486 2606 4538 in
2662 4493 2897 4553 utroque
2953 4483 3240 4554 impietas,
3292 4482 3458 4536 alter—

221 4576 358 4642 γενής
385 4575 498 4626 ἐστι
537 4573 692 4636 Θεὸς,
737 4577 772 4628 ὀ
825 4573 909 4626 ὢν
951 4574 1022 4626 ἐν
1056 4573 1180 4640 τοῖς
1218 4576 1468 4640 κόλποις
1511 4575 1615 4629 τοῦ
1650 4579 1769 4628 Πα-

220 4664 364 4725 τρός·
398 4665 425 4716 6
461 4664 520 4718 δὲ
552 4665 626 4716 ὢν
662 4665 720 4716 ἐν
750 4666 860 4726 τοῖς
889 4664 1132 4727 κόλποις,
1158 4665 1278 4734 οὐχὶ
1309 4665 1698 4734 ὲγγενόμενος;

1896 4585 2078 4632 utrum
2119 4578 2185 4631 de
2231 4584 2424 4631 natura
2453 4577 2635 4631 divina
2689 4577 2922 4633 dicatur.
2972 4576 3108 4631 Nam
3155 4576 3330 4630 deitas
3376 4583 3460 4630 est

1894 4682 2124 4738 prorsus
2177 4667 2447 4721 versionis
2497 4681 2721 4736 expers,
2780 4675 2833 4721 et
2887 4667 3205 4722 mutationis
3251 4665 3453 4722 nescia.

223 4749 558 4814 Quamobrem
587 4753 852 4824 quidquid
888 4751 1088 4808 bonum
1121 4764 1205 4808 est
1234 4763 1286 4808 et
1321 4755 1632 4819 honestum,
1669 4771 1886 4826 semper
1916 4759 1970 4810 in
1995 4757 2144 4812 fonte
2173 4758 2386 4812 honesti
2417 4765 2470 4810 et
2505 4757 2631 4812 boni
2670 4758 3007 4828 intelligitur.
3039 4757 3248 4813 Bonum
3277 4764 3458 4810 autem

219 4852 264 4896 et
297 4860 448 4914 supra
485 4847 688 4902 bonum
718 4862 877 4901 omne
910 4845 1234 4918 Uuigenitus
1266 4857 1350 4903 est
1384 4847 1556 4913 Deus,
1585 4849 1675 4920 qui
1701 4859 1777 4903 est
1806 4850 1864 4903 in
1894 4849 2097 4906 sinibus
2133 4849 2409 4915 Patris";
2441 4851 2544 4919 qui
2569 4859 2752 4905 autem
2789 4849 2946 4904 estin
2991 4849 3239 4910 sinibus,
3278 4863 3460 4905 nonne

221 4945 289 4989 est
320 4941 528 5008 genitus
549 4941 573 4994 ?

279 5031 470 5085 Οὐκοῦν
514 5033 888 5087 ἀποδέδεικται
927 5035 1014 5088 διὰ
1043 5037 1245 5088 τούτων
1277 5037 1339 5088 τὸ
1374 5036 1434 5101 ἐξ
1485 5036 1654 5090 ἀϊδίου
1684 5037 1776 5090 τὸν

223 5117 330 5172 Υἱὺν
374 5124 754 5194 ὲνθεωρεῖσθαι
791 5125 871 5196 τῷ
922 5128 1097 5198 Πατρὶ
1135 5126 1213 5198 τῷ
1253 5129 1309 5181 ὲν
1359 5121 1404 5196 ᾧ
1432 5130 1598 5192 ἐστιν,
1632 5128 1776 5200 ζωὴν

223 5211 331 5268 ὄντα
359 5219 447 5272 καὶ
476 5219 614 5287 φῶς,
655 5220 748 5272 καὶ
787 5221 1044 5291 ἀλήθειαν
1065 5237 1077 5249 °
1106 5223 1198 5274 καὶ
1233 5224 1340 5275 πᾶν
1373 5221 1576 5289 ἀγαθὸν
1601 5221 1775 5292 ὄνομά

226 5320 273 5357 τε
295 5308 380 5361 καὶ
409 5311 591 5381 νόημα
614 5327 630 5343 ⁸
665 5304 739 5364 ὧν
759 5315 929 5382 χωρὶς
953 5314 1036 5381 ἐφ’
1060 5312 1253 5367 ἑαυτοῦ
1281 5311 1459 5381 λέγειν
1485 5308 1622 5368 εἷναί
1645 5329 1773 5368 ποτε

225 5397 299 5449 τὸν
316 5400 541 5473 Πατέρα,
571 5401 669 5472 τῆς
693 5403 925 5473 ἐσχάτης
950 5405 1202 5468 ἀσεϐείας
1231 5404 1344 5474 ἅμα
1365 5405 1458 5458 καὶ
1480 5403 1770 5474 παραπλη-

230 5484 320 5552 ξίτις
346 5492 503 5546 ἐστίν.
534 5494 598 5546 Ei
627 5493 732 5565 γὰρ
763 5496 792 5547 ὁ
824 5495 974 5558 Υἱὸς,
1006 5493 1184 5559 καθὼς
1210 5497 1242 5563 ἡ
1268 5494 1459 5565 Γραφη
1484 5495 1651 5562 λέγει,
1681 5494 1770 5547 δύ-

226 5583 356 5650 ναμίς
393 5586 502 5639 ἐστι
539 5585 698 5653 Θεοῦ,
731 5590 822 5642 καὶ
866 5589 1045 5659 σοφία,
1087 5589 1181 5644 καὶ
1211 5588 1455 5661 ἀλήθεια,
1494 5591 1584 5644 καὶ
1630 5590 1764 5660 φῶς,

299 5757 502 5816 "Joan.
528 5763 674 5830 1,18.

1955 5038 2119 5108 igitur
2141 5054 2232 5107 per
2256 5039 2367 5092 haec
2395 5037 2828 5092 demonstratum
2850 5045 2931 5090 est
2949 5034 3144 5088 Filium
3162 5035 3231 5089 ab
3249 5043 3458 5090 aeterno

1883 5129 2112 5200 intelligi
2144 5132 2196 5184 in
2231 5129 2390 5183 Patre
2423 5130 2475 5182 in
2505 5136 2734 5198 quoest
2755 5166 2770 5188 ,
2803 5141 2926 5180 cum
2969 5126 3086 5196 ipse
3115 5127 3185 5181 sit
3218 5127 3327 5180 vita
3362 5127 3446 5181 vi-

1881 5237 2048 5290 vens,
2082 5223 2174 5275 lux
2205 5231 2260 5276 et
2291 5222 2526 5282 veritas,
2567 5233 2837 5287 omneque
2883 5217 3082 5270 bonum
3121 5226 3177 5270 et
3221 5231 3454 5282 nomen,

1880 5321 1937 5368 et
1965 5314 2153 5376 notio,
2191 5313 2312 5367 sine
2342 5312 2544 5382 quibus
2575 5308 2870 5379 aliquando
2912 5307 3127 5363 Patrem
3174 5309 3229 5363 in
3272 5309 3458 5378 seipso

1887 5420 2011 5460 csse
2039 5404 2308 5459 allirmare
2337 5412 2597 5458 extrema:
2630 5409 2714 5456 est
2745 5399 3041 5468 impietatis
3068 5399 3231 5454 simul
3274 5410 3329 5455 et
3369 5401 3455 5455 in-

1879 5495 2048 5550 sania:
2082 5508 2243 5565 atque
2274 5495 2503 5564 stupida:
2528 5491 2799 5546 amentiae.
2829 5489 2966 5544 Nam
2995 5492 3040 5548 si
3068 5489 3242 5546 Filius
3263 5531 3278 5555 ,
3309 5493 3453 5546 sicut

1879 5585 2159 5657 Scriptura
2184 5587 2336 5654 dicit,
2366 5587 2538 5641 virtus
2564 5590 2646 5638 est
2671 5580 2800 5648 Dei,
2825 5581 3118 5654 sapientia,
3146 5591 3201 5638 ct
3230 5588 3448 5650 veritas,
