3922 6466
185 345 274 401 ιτε

182 572 260 623 μα,
283 557 338 608 οὐ
361 559 697 631 προσέθηκεν
716 564 886 635 αὐτὴν
912 568 1011 639 τὴν
1043 575 1387 646 σημαντικὴν
1415 579 1598 650 φωνὴν
1620 582 1719 651 τὴν

180 649 264 702 ὑπὸ
287 649 370 703 τοῦ
403 652 667 723 ὀνόματος
709 657 1065 733 δηλουμένην.
1116 667 1331 740 Ταύτην
1370 649 1564 742 ἔχομεν
1590 649 1717 745 περὶ

174 741 309 793 αὐτοῦ
333 742 427 812 τὴν
455 745 695 801 διάνοιαν
719 766 733 781 ο
764 752 846 805 ὅτι
878 754 1055 810 πάντα
1084 758 1153 811 τὰ
1184 760 1243 813 ὲν
1269 764 1334 832 τῇ
1358 764 1530 817 κτίσει
1565 766 1711 833 ὄντα,
1774 780 1782 791 ⁸

173 831 239 884 διὰ
269 832 358 901 τῆς
400 834 509 888 τῶν
558 838 837 910 ὀνομάτων
885 848 1163 916 σημασίας
1212 831 1713 925 υττεριλαμόὁινεταιὲ
1783 866 1789 871 ’

172 927 239 976 ac:
265 924 359 995 γὰρ
390 927 624 995 οὐρανὸν
652 933 844 999 εἰπὼν,
890 938 983 992 ἐπὶ
1028 942 1089 995 τὸ
1134 924 1459 1016 δηλούμενον
1485 949 1588 1003 ὑπὸ
1618 950 1712 1004 τοῦ

170 1017 391 1087 ὀνόματος
416 1020 625 1091 κτίσμα
652 1025 753 1097 τὴν
785 1027 1024 1084 διάνοιαν
1057 1032 1149 1086 τοῦ
1182 1036 1471 1102 ἀκούοντος
1500 1041 1673 1111 ἤγαγε
1693 1058 1708 1074 ⁸

167 1109 239 1160 καὶ
258 1110 283 1160 6
307 1109 616 1181 ἀνθρώπου,
646 1116 680 1187 ἡ
710 1135 856 1184 τινος
882 1122 992 1174 τῶν
1019 1122 1173 1189 ζώων
1211 1130 1467 1198 μνησθεὶς
1495 1109 1581 1185 ἐστ’
1604 1109 1711 1188 δνό-

167 1217 320 1269 ματος,
364 1202 526 1266 εὐθὺς
570 1206 631 1259 τὺ
664 1204 804 1274 εἶδος
840 1212 934 1265 τοῦ
965 1215 1105 1279 ζώου
1136 1218 1215 1289 τῷ
1244 1221 1499 1290 ἀκηκοότι
1528 1226 1710 1279 ὲνετυ-

166 1295 347 1348 abacto
370 1313 385 1326 ·
430 1300 528 1352 καὶ
563 1301 632 1353 τὰ
661 1302 798 1357 ἄλλα
831 1310 1011 1363 πάντα
1038 1312 1300 1377 ὡσαύτως
1326 1315 1413 1370 διὰ
1446 1318 1552 1372 τῶν
1587 1322 1708 1375 ἑπι-

165 1388 390 1456 κειμένων
429 1391 717 1461 ὀνομάτων
766 1396 1229 1473 ἐνζωογραφεϊται
1271 1409 1337 1477 τῇ
1383 1410 1578 1482 καρδίᾳ
1610 1411 1703 1466 τοῦ

163 1480 226 1532 διὰ
259 1482 347 1550 τῆς
375 1484 547 1555 ἀκοῆς
577 1490 1026 1561 παραδεξαμένου
1074 1496 1173 1567 τὴν
1211 1480 1578 1572 προσηγορίαν
1606 1504 1704 1575 τὴν

163 1572 471 1641 ἐπικειμένην
500 1575 584 1645 τῷ
618 1579 925 1650 πράγματι.
963 1584 1114 1656 Μόνη
1151 1585 1209 1639 δὲ
1242 1588 1275 1658 ἡ
1315 1588 1569 1656 ἄκτιστος
1605 1572 1704 1661 φυ-

164 1679 238 1725 σις.
266 1665 292 1733 ἡ
336 1666 391 1717 ὲν
423 1666 501 1736 τῷ
538 1670 720 1741 Πατρί
760 1688 820 1724 τε
859 1674 954 1727 καὶ⁹
984 1676 1095 1747 Υἱῷ
1125 1679 1218 1730 καὶ
1248 1680 1527 1752 Πνεύματι
1562 1685 1701 1756 ἁγίῳ

160 1755 494 1827 πιστευομένη,
528 1762 780 1828 κρεῖττον
820 1764 1001 1836 πάσης
1032 1768 1179 1821 ἐστὶν
1214 1769 1576 1846 ὀνομαστικῆς
1604 1755 1698 1848 σηέ

1324 363 1603 422 CONTRA
1644 368 2038 443 EUNOMIUM,
2077 379 2274 438 LlB.l|.

183 463 328 518 είπὼν
354 465 380 517 6
404 464 641 538 Κύριοςς
676 469 756 524 ὅτι
787 472 1137 542 βαπτίζοντες
1171 480 1367 547 αὐτοὺς
1398 489 1478 550 εἰς
1517 488 1578 541 τὸ
1610 488 1726 543 δνο-
1751 494 1799 551 Α
1825 493 1893 550 de

3301 413 3409 471 δτι

1914 512 2023 567 quo
2050 500 2133 555 sic
2163 500 2425 561 Dominus
2456 508 2674 569 locutus
2702 517 2825 571 est?
2862 517 3018 585 Quod
3062 522 3409 596 baptizantes

1825 585 1974 655 ipsos
2018 592 2073 644 in
2104 608 2328 658 nomen,
2365 614 2477 653 non
2522 603 2732 660 addidit
2777 609 2951 678 ipsam
2987 585 3404 686 signiilcativam

1822 689 2013 731 vocem
2045 696 2165 748 qua:
2206 686 2314 739 sub
2351 686 2454 743 hoc
2504 692 2725 748 nomine
2768 695 3098 758 declaratur.
3144 707 3280 762 Illud
3323 710 3405 765 sic

1822 764 2194 839 intelligimus,
2221 777 2367 844 quod
2411 782 2593 834 omnia
2648 801 2982 859 quaecunque
3023 804 3205 849 creata
3247 809 3399 861 sunt,

1821 861 2101 916 nominum
2136 866 2537 936 signiﬁcatione
2560 881 3122 947 comprehenduntur.
3148 888 3282 943 Nam
3304 894 3397 961 qui

1819 951 2016 1003 caelum
2043 951 2198 1019 dixit,
2235 957 2301 1010 ad
2326 973 2448 1013 eam
2478 978 2599 1032 quae
2626 964 2728 1021 hoc
2774 972 2996 1027 nomine
3034 976 3395 1045 significatur,

1818 1051 2121 1097 creaturam
2167 1047 2436 1106 audientis
2481 1063 2715 1112 mentem
2766 1060 2999 1126 induxit,
3056 1077 3110 1119 et
3154 1069 3247 1137 qui
3292 1069 3394 1124 ho-

1816 1130 1981 1187 minis
2010 1135 2092 1189 vel
2120 1136 2353 1208 alicujus
2388 1144 2713 1202 animalium
2740 1152 2858 1220 ipso
2907 1157 3127 1212 nomine
3158 1163 3395 1217 mentio—

1814 1238 1940 1277 nem
1979 1224 2127 1291 fecit,
2162 1234 2345 1287 statim
2382 1238 2617 1305 speciem
2654 1241 2909 1298 animalis
2958 1248 3228 1304 inanimo
3274 1253 3393 1322 ejus

1813 1314 1905 1382 qui
1937 1317 2161 1381 audivit,
2191 1320 2488 1391 impressit.
2522 1325 2721 1383 Eodem
2760 1342 2920 1402 pacto
2950 1338 3056 1391 alia
3088 1342 3272 1395 omnia
3295 1314 3393 1413 per

1811 1402 2067 1474 imposita
2117 1414 2338 1468 nomina
2404 1417 2705 1486 pinguntur
2752 1422 2808 1476 in
2872 1428 3037 1482 corde
3084 1430 3245 1499 ejus,
3293 1402 3388 1505 qui

1811 1508 1908 1561 per
1943 1496 2186 1552 auditum
2226 1505 2435 1572 accepit
2463 1508 2877 1576 appellationem
2911 1517 2986 1569 rei
3030 1496 3384 1588 impositam:

1810 1584 1927 1638 sola
1959 1594 2138 1641 autem
2173 1589 2415 1647 increata
2454 1607 2669 1662 natura,
2708 1616 2827 1669 quae
2857 1604 2909 1657 in
2937 1603 3115 1669 Patre,
3146 1617 3200 1664 et
3222 1605 3383 1676 Filio,

1806 1682 1861 1729 et
1894 1674 2101 1745 Spiritu
2135 1690 2327 1737 sancto
2369 1686 2632 1752 creditur,
2665 1694 2812 1744 omni
2845 1700 3187 1763 praestantior
3224 1711 3386 1758 estet

1805 1767 1999 1821 melior
2037 1772 2274 1827 nominis
2306 1775 2638 1845 signiﬁcatu.
2671 1780 2880 1840 Idcirco
2911 1785 3171 1855 Verbum,
3217 1794 3266 1847 id
3298 1804 3383 1851 est

161 1846 335 1914 μασίας.
372 1849 469 1903 Διὰ
494 1850 663 1904 τοῦτο
695 1853 863 1926 ὄνομα
891 1857 1063 1913 εἰπὼν
1089 1862 1118 1914 6
1143 1862 1316 1930 Λόγος
1345 1866 1402 1917 ὲν
1427 1869 1493 1938 τῇ
1527 1846 1691 1940 παρα-

1803 1854 1975 1915 Filius
2029 1858 2161 1927 Dei,
2224 1878 2350 1919 cum
2405 1867 2459 1922 in
2516 1868 2640 1925 ﬁdei
2705 1875 2995 1931 traditione
3052 1880 3277 1938 dixisset
3330 1888 3382 1940 in

156 1938 267 1990 δόσει
289 1938 379 2009 τῆς
405 1941 669 2009 πίστεως,
699 1943 760 1997 τὸ
797 1946 849 1999 τί
875 1947 936 2000 οὐ
971 1952 1276 2024 προσέθηκε
1296 1972 1311 1984 ⁸
1353 1955 1470 2020 πῶς
1498 1938 1698 2031 γὰρ’ἂν

158 2029 359 2102 εὖρεθείη
407 2033 589 2103 ὄνομα
637 2037 730 2089 ἐπὶ
772 2037 1096 2109 πράγματος
1137 2043 1166 2097 ὃ
1212 2045 1353 2117 ὑπὲρ
1401 2050 1509 2101 πᾶν
1552 2029 1698 2105 ἐστιν

155 2121 326 2190 δνομας
371 2124 511 2177 Ἀλλ’
552 2125 805 2191 ἐξουσίαν
846 2131 1076 2200 ἔδωκεν,
1117 2136 1265 2201 ὅπως
1318 2138 1385 2192 ἂν
1414 2144 1695 2215 χωρήσῃή

156 2206 316 2261 διάνοια
344 2210 497 2280 ἡμῶν
522 2214 771 2281 εὐσεϐῶς
789 2220 1080 2292 κινουμένη
1119 2224 1299 2296 εὑρεῖν
1325 2245 1377 2280 τι
1406 2206 1576 2301 δνομα

159 2300 506 2373 ὑπερκειμένης
579 2305 794 2375 φύσεως
842 2311 1166 2367 ἐνδεικτικόν
1204 2334 1217 2346 ·
1280 2318 1437 2372 τοῦτο
1496 2300 1695 2391 δμοίως

160 2387 431 2459 ὲςαρμόζειν
460 2394 649 2467 Πατρί
696 2416 756 2452 τε
798 2401 890 2453 καὶ
935 2402 1047 2473 ra;
1078 2406 1173 2457 καὶ
1207 2408 1347 2479 ἁγίῳ
1377 2387 1650 2483 Πνεύματι
1676 2458 1692 2484 ,

158 2472 239 2529 εἴτε
307 2480 362 2531 τὸ
407 2482 644 2549 ἀγαθὸν,
702 2486 814 2540 εἴτε
875 2489 936 2543 τὸ
965 2472 1266 2565 ἄφθαρτον,
1310 2472 1446 2572 δπερ
1482 2472 1690 2572 νομίσεί

155 2564 330 2632 ἕκαστος
346 2570 492 2635 ἄξιον
515 2571 666 2629 εἶναι
690 2578 825 2648 πρὸς
846 2579 1065 2650 ἔνδειξιν
1088 2564 1189 2656 τῆς
1215 2564 1493 2660 ἀκηράτου
1515 2564 1691 2668 “rt-apa-

154 2654 468 2758 ληιὸάνεσθαι
500 2664 723 2734 φύσεως
746 2685 758 2698 °
794 2672 888 2724 καὶ
916 2675 1073 2730 τοῦτο
1097 2654 1154 2730 δέ
1186 2696 1276 2748 μοι
1307 2654 1456 2737 δοκεῖ
1477 2686 1565 2740 διὰ
1592 2654 1691 2758 τῆς

152 2741 369 2811 ἐκθέσεως
404 2752 621 2823 ταύτης
652 2758 962 2825 νομοθετεῖν
996 2760 1025 2812 ὁ
1049 2741 1223 2834 Λόγος
1249 2785 1264 2799 ·
1310 2772 1371 2824 τὸ
1400 2741 1688 2833 πεπεῖσθαί

152 2832 338 2906 ᾶρρητόν
376 2859 433 2894 τε
468 2845 573 2897 καὶ
618 2846 999 2920 ἀκατάληπτον
1046 2855 1107 2907 τὸ
1140 2832 1261 2929 -τῆς
1312 2862 1457 2930 θείας
1501 2869 1689 2936 οὐσίας

150 2922 271 2980 εἶναι.
316 2932 551 3006 Φανερὸν
592 2939 699 3011 γὰρ
746 2942 827 2995 ὅτι
860 2946 893 3015 ἡ
930 2946 1023 3000 τοῦ
1069 2922 1283 3021 Πατρὸς
1327 2922 1539 3027 κλῆσις.
1586 2922 1687 3019 06;

150 3021 293 3085 οὐσίας
323 3026 431 3079 ἐστὶ
470 3036 861 3105 παραστατική
886 3053 899 3067 ·
952 3038 1087 3094 ἀλλὰ
1131 3042 1228 3114 τὴν
1264 3048 1400 3118 πρὸς
1417 3021 1535 3105 ττὸνν
1559 3053 1684 3109 Υίὸν

151 3110 293 3178 σχέσιν
316 3116 683 3190 ἀποσημαίνει
699 3140 712 3154 ·
743 3125 939 3181 οὐκοῦν
963 3130 1012 3181 εί
1037 3110 1259 3189 δυνατὸν
1288 3110 1357 3209 ἦν
1478 3142 1685 3211 ἀνθρω-

152 3202 247 3273 πίνῃ
286 3207 430 3274 φύσει
479 3213 681 3267 οὐσίαν
732 3215 1045 3289 διδαχθῆναι
1101 3224 1235 3278 Θεοῦ
1265 3243 1278 3257 ·
1312 3202 1324 3209 ”
1350 3228 1385 3280 ό
1423 3202 1683 3305 ’,πάντας

151 3292 297 3348 θέλων
330 3301 603 3371 σωθῆναι
637 3306 736 3358 καὶ
778 3310 866 3375 εἰς
901 3310 1229 3383 ἐπίγνωσιν
1265 3318 1547 3392 ἀληθείας
1583 3292 1682 3384 et:

151 3383 258 3443 θεῖν.
286 3389 374 3443 οὐκ
400 3392 462 3445 ἂν
487 3395 597 3465 τὴν
639 3400 769 3470 περὶ
808 3402 995 3457 τούτου
1029 3407 1231 3474 γνῶσιν
1268 3413 1673 3491 ἀπεσιώπησεν.

150 3474 231 3527 Νῦν
255 3478 301 3531 δὲ
338 3482 410 3553 τῷ
435 3486 611 3556 μηδὲν
639 3491 766 3561 περὶ
797 3493 897 3564 τῆς
929 3497 1115 3563 οὐσίας
1143 3503 1335 3568 εἰπεῖν,
1370 3474 1570 3576 ἔδειξεν
1596 3514 1676 3567 ὄτι

150 3565 311 3675 ἷῗίίνης
337 3573 431 3641 μὲν
455 3579 489 3648 ἡ
526 3580 730 3645 γνῶσις
762 3584 1075 3657 ἀμήχανος·
1113 3592 1142 3646 δ
1173 3593 1230 3647 δὲ
1255 3565 1539 3672 χωροῦμέν
1575 3565 1676 3675 μά-

148 3656 302 3726 θόντες,
326 3666 471 3721 οὐδὲν
496 3670 599 3724 τοῦ
626 3656 909 3747 ἀχωρήτου
931 3680 1160 3753 δεόμεθα
1180 3702 1195 3717 ο
1229 3656 1504 3760 έρκοῦσαν
1531 3656 1680 3766 ἐξον-

147 3761 210 3856 Ξξς
238 3753 356 3823 πρὸς
385 3758 483 3829 τὴν
523 3765 803 3834 σωτηρίαν
841 3769 997 3839 ἡμῶν
1027 3774 1127 3845 τῆς
1162 3753 1678 3856 παραὼθείσηςῆδι-

146 3836 385 3939 διπαλίας
425 3852 530 3923 τὴν
584 3854 785 3948 πίστιν.
945 3864 1053 3936 γὰρ
1083 3836 1297 3937 ’μαθείν
1350 3874 1430 3928 ὃτι
1474 3836 1677 3948 enlisted;

148 3930 228 4043 Ξπτι
251 3940 301 3988 τὸ
326 3940 489 4006 ὅντως
522 3944 585 3997 ὃν
614 3964 628 3977 ο
657 3940 703 4015 ᾧ
728 3949 814 4003 διὰ
852 3930 965 4023 τῆς⁷
988 3930 1242 4031 σγετικῆς
1274 3966 1481 4034 ἐννοίας
1520 3975 1551 4043 ή
1581 3930 1675 4029 rei;

148 4020 241 4134 Z'ioi
265 4032 609 4105 μεγαλειότης
647 4020 1118 4113 συναναφαίνεται,
1171 4020 1559 4134 -τελειοτὲιτη

143 4109 349 4173 διεκαλία
378 4123 475 4193 τῆς
519 4127 803 4194 εὐσεϐείας
836 4109 970 4198 ἐστὶ,
1004 4109 1284 4207 τοῢῖΥίοῦ,
1315 4148 1496 4215 καθὼς
1523 4109 1672 4229 είρη-

142 4218 222 4265 τιι,
253 4216 599 4284 συνημμένως
644 4220 763 4289 μεθ’
796 4223 991 4278 ἑαυτοῦ
1020 4229 1080 4282 τὸ
1112 4231 1335 4306 Πνεῦμα
1379 4241 1479 4311 τῆς
1524 4216 1670 4318 ξῶἧξ

140 4306 181 4343 τε
208 4300 279 4350 καὶ
306 4302 553 4373 ἀληθινὸν
576 4312 1079 4388 συνενδεικνυμένου
1103 4338 1116 4353 ·
1150 4325 1333 4399 ἐπειδὴ
1364 4334 1526 4400 αὑτός

144 4386 208 4436 xz‘:
232 4388 325 4463 ζωὴ
349 4398 438 4449 καὶ
469 4400 724 4473 ἀλήθεια.

141 4477 333 4541 doctrina
366 4502 470 4559 est,
503 4511 630 4550 cum
675 4498 818 4555 sicut
846 4503 959 4573 jam
992 4522 1160 4579 supra
1224 4515 1431 4574 dictum
1473 4538 1579 4591 est,

143 4577 330 4633 \crilalis
362 4598 826 4647 commonstretur
854 4613 866 4648 :
899 4598 1166 4668 siquidem
1220 4606 1335 4676 ipse
1361 4621 1445 4667 est
1477 4619 1583 4673 vita
1617 4638 1644 4677 e

191 4672 366 4730 Τούτων
405 4681 551 4736 οὕτω
586 4685 949 4759 διῃρημένων,
988 4698 1166 4751 πᾶσαν
1205 4705 1485 4780 αίρετικὴν
1527 4714 1657 4769 ὑπό·
1688 4725 1731 4779 ι)

141 4758 259 4829 ληψιν
285 4770 335 4822 ἐν
370 4777 477 4837 τοῖς
516 4776 683 4841 θείοις
718 4758 983 4851 δόγμασιν
1021 4758 1526 4866 ἀναθεματίζοντες,
1570 4824 1661 4861 πι-

143 4852 346 4924 στεύομεν
392 4862 977 4942 καθὼς-ἐδιδάχθημεν
1015 4877 1118 4931 ὑπὸ
1165 4852 1266 4951 τῆς
1309 4852 1401 4941 τοῦ

142 4945 291 5040 ςυνῆς,
333 4953 407 5015 είς
446 4955 511 5007 τὸ
552 4956 723 5028 ὄνομα
758 4961 851 5015 τοῦ
894 4965 1105 5038 [ἰατρὸς
1139 4945 1366 5029 καίντοῦ
1407 4945 1657 5040 Υιοῡὲξέιι

138 5032 204 5082 τεῦ
236 5039 366 5105 ἁγίου
408 5048 726 5119 Πνεύματος
758 5070 770 5082 ·
825 5032 1210 5128 ὁμολογοῦντες
1243 5071 1381 5137 μετὰ
1415 5075 1513 5145 τῆς
1565 5080 1657 5132 πί’

141 5136 265 5225 σῗεως
285 5134 490 5208 ταύτης.
520 5142 614 5193 καὶ
638 5144 737 5214 τὴν
760 5151 1059 5223 γενομένην
1089 5134 1356 5226 παρὰ-τοῦ
1385 5134 1653 5227 Δεσστότου

1709 3184 1753 3244 C

1549 4340 1664 4394 ἐστι

192 5770 227 5799 "
256 5770 271 5822 l
299 5772 516 5838 Timoth.
560 5799 619 5848 tl,
660 5786 713 5841 4.
791 5791 835 5821 ⁸⁸
865 5789 1100 5856 Philipp.
1130 5815 1185 5860 ιι,
1219 5800 1270 5855 6.

1800 1954 2159 2021 nomcn,qu0d
2183 1965 2331 2011 esset
2362 1959 2415 2013 id
2451 1976 2647 2017 nomen
2687 1982 2796 2020 non
2831 1968 3059 2025 addidit.
3098 1974 3382 2039 Quomodo

1798 2042 1942 2096 enim
1975 2045 2213 2102 inveniri
2262 2060 2451 2119 posset
2485 2069 2682 2111 nomen
2713 2059 2762 2112 ei
2801 2060 2876 2114 rei
2914 2074 3098 2132 aptum
3131 2083 3250 2136 qua:
3282 2086 3380 2122 no-

1797 2149 1921 2189 men
1956 2150 2116 2192 omne
2139 2144 2475 2211 exsuperat?
2505 2146 2600 2201 sed
2641 2158 2961 2218 potestatem
3005 2154 3153 2221 fecit,
3194 2166 3249 2211 ut
3275 2176 3376 2230 pro

1796 2236 1955 2297 captu
1987 2245 2089 2286 suo
2135 2232 2491 2306 intelligentia
2532 2250 2744 2305 nostra,
2778 2247 2865 2315 pie
2897 2261 3191 2319 commota,
3222 2256 3377 2312 inve-

1795 2321 1936 2375 niret
1976 2324 2194 2393 aliquod
2224 2343 2442 2396 nomen,
2487 2335 2633 2403 quod
2672 2344 3167 2408 supereminentem
3217 2359 3380 2407 natu-

1793 2425 1911 2464 ram
1941 2415 2258 2471 ostenderet
2293 2434 2307 2469 :
2356 2421 2597 2492 illudque
2624 2426 2877 2485 similiter
2914 2442 3373 2508 accommodaret,

1791 2511 1847 2558 et
1879 2502 2048 2570 Patri,
2083 2516 2137 2561 et
2176 2507 2331 2577 Filio,
2373 2522 2425 2567 et
2458 2514 2686 2585 Spiritui
2719 2532 2948 2591 sancto;
3006 2530 3120 2584 sive
3171 2532 3373 2589 bonum

1791 2596 1908 2651 sive
1939 2597 2353 2670 incorruptibile
2393 2606 2620 2674 diceret,
2667 2613 2752 2667 vel
2795 2617 2942 2684 quod
2994 2624 3374 2695 unusquisque

1789 2689 2183 2747 existimaverit
2228 2695 2451 2765 dignum
2494 2716 2619 2758 esse
2672 2719 2960 2768 assumere
3011 2714 3078 2766 ad
3141 2715 3372 2772 immor-

1788 2780 1915 2837 talis
1975 2793 2030 2837 ct
2088 2792 2304 2841 :eterna:
2354 2798 2563 2845 natura:
2596 2793 3143 2856 demonstrationem.
3193 2805 3371 2877 Atque

1786 2870 1893 2928 hoc
1946 2874 2076 2929 mihi
2134 2876 2349 2932 videtur
2401 2884 2706 2937 secundum
2771 2885 2913 2942 hanc
2974 2894 3366 2960 expositionem

1788 2961 2024 3022 Verbum
2056 2966 2172 3038 lege
2215 2972 2484 3037 sanxisse;
2540 2990 2739 3047 nempe
2783 2989 2839 3034 ut
2887 2984 3241 3050 persuaderet
3287 2988 3370 3043 di-

1786 3053 1969 3110 vinam
2000 3062 2291 3116 essentiam
2335 3064 2464 3134 quid
2497 3082 2621 3122 esse
2662 3068 2960 3137 ineffabile,
2995 3090 3104 3131 non
3143 3094 3371 3134 enarra-

1786 3144 1895 3204 bile
1944 3158 1998 3206 et
2055 3154 2622 3225 incomprehensibile.
2654 3160 3012 3235 Perspicuum
3065 3178 3151 3225 est
3193 3173 3365 3238 enim,

1788 3241 1932 3309 quod
1948 3242 2123 3299 Patris
2142 3248 2429 3316 appellatio
2477 3266 2585 3305 non
2601 3261 2684 3307 est
2715 3259 2963 3313 essentia:
2985 3260 3365 3333 signiticatrix,

1787 3332 1884 3387 sed
1936 3335 2219 3395 relationis
2256 3341 2323 3395 ad
2364 3339 2559 3396 Filium
2600 3343 2787 3399 index.
2837 3346 2895 3403 Si
2937 3350 3103 3421 igitur
3156 3364 3367 3415 natura:

1784 3424 2036 3483 humanae
2064 3428 2144 3486 l‘as
2172 3442 2318 3487 esset
2362 3434 2457 3491 Dei
2498 3440 2795 3494 essentiam
2840 3441 3026 3499 doceri
3078 3455 3130 3503 et
3182 3454 3365 3520 perci-

1783 3530 1942 3584 pere;
1980 3518 2069 3573 ille
2114 3523 2207 3588 qui
2234 3524 2341 3577 vult
2363 3543 2539 3581 omnes
2575 3529 2749 3584 salvos
2779 3532 2916 3600 ﬁeri,
2953 3544 3002 3588 et
3034 3537 3103 3589 ad
3131 3518 3365 3598 veritatis

1780 3610 2097 3676 agnitionem
2135 3616 2307 3669 venire
2330 3617 2396 3682 ⁸³,
2450 3635 2557 3674 non
2590 3621 2657 3677 de
2688 3624 2792 3678 hoc
2829 3627 3201 3695 cognitionem
3232 3636 3365 3690 reti-

1780 3702 2015 3757 cuisset:
2042 3719 2189 3760 nunc
2227 3718 2406 3763 autem
2442 3725 2566 3765 cum
2604 3713 2742 3767 nihil
2771 3716 2837 3771 de
2871 3723 3110 3775 essentia
3137 3723 3359 3788 dixerit,

1780 3794 2018 3847 ostendit
2070 3795 2218 3864 quod
2275 3798 2367 3853 illa
2415 3803 2660 3874 cognitio
2714 3805 2902 3861 haberi
2942 3812 3090 3864 nulla
3144 3815 3360 3870 solertia

1778 3883 1974 3951 possit.
1997 3883 2153 3950 Quod
2177 3898 2356 3943 autem
2381 3890 2452 3945 ab
2479 3890 2572 3946 illo
2592 3894 2770 3949 edocti
2794 3907 2975 3954 mente
3003 3904 3355 3973 percipimus,

1777 3974 2117 4032 demonstrat
2176 3982 2319 4050 quod
2381 3998 2446 4038 eo
2495 3986 2641 4054 quod
2683 3991 3072 4059 comprehendi
3133 3997 3359 4053 minime

1777 4077 1955 4136 potest
1996 4086 2104 4124 non
2150 4088 2413 4142 egemus;
2449 4076 2805 4134 suilicientem
2856 4083 2921 4135 ad
2975 4087 3205 4141 salutem
3254 4105 3357 4142 no-

1776 4170 1944 4214 stram
1979 4162 2261 4229 habentes,
2293 4166 2502 4222 traditae
2533 4168 2799 4226 doctrinae
2828 4173 3009 4229 ﬁdem.
3044 4176 3177 4230 Nam
3209 4181 3265 4234 in
3282 4197 3351 4236 eo

1774 4252 1916 4322 quod
1942 4252 2208 4310 discimus
2237 4258 2382 4325 quod
2432 4258 2523 4314 ille
2563 4270 2647 4315 est
2682 4263 2734 4317 id
2765 4267 2912 4334 quod
2940 4284 3067 4323 vere
3091 4282 3198 4334 est,
3246 4289 3355 4344 quo

1769 4347 1990 4403 nomine
2024 4349 2188 4402 etiam
2218 4348 2338 4405 Filii
2376 4354 2775 4424 magnificentia
2814 4375 2910 4427 per
2933 4363 3213 4420 relativam
3254 4382 3355 4423 no-

1766 4440 1941 4494 titiam
1982 4442 2311 4506 ostenditur,
2363 4446 2761 4514 perfectissima
2808 4449 3105 4524 Religionis
3151 4469 3355 4515 nostra:

1647 4531 1819 4593 Filius
1879 4536 2213 4607 conjunctim
2254 4546 2308 4592 et
2343 4554 2449 4593 una
2478 4537 2484 4545 ’
2511 4556 2635 4596 cum
2680 4544 2798 4614 ipso
2847 4545 3083 4618 Spiritus
3131 4553 3253 4607 vita:
3299 4561 3354 4606 et

1649 4634 1670 4678 t
1708 4631 1930 4683 veritas.

1831 4723 1928 4781 llis
1957 4725 2141 4795 itaque
2171 4725 2252 4780 sic
2293 4726 2568 4782 distinctis
2607 4744 2823 4785 omnem
2867 4732 3181 4791 baercticam
3226 4743 3343 4808 opi-

1766 4816 1987 4871 nionem
2032 4817 2086 4870 in
2132 4817 2333 4873 divinis
2388 4819 2623 4875 decretis
2666 4822 3002 4883 detestantes
3046 4831 3345 4898 credimus,

1766 4904 1909 4959 sicut
1940 4921 1969 4958 a
2000 4904 2213 4961 Domini
2241 4924 2372 4963 voce
2392 4908 2534 4963 docti
2559 4910 2781 4980 fuimus,
2816 4917 2870 4969 in
2915 4933 3112 4974 nomen
3142 4919 3345 4986 Patris,

1763 4999 1817 5046 et
1855 4989 1998 5058 Filii,
2044 5002 2099 5048 et
2142 4994 2380 5064 Spiritus
2419 4999 2638 5054 sancti:
2699 5004 3022 5062 conﬁtentes
3070 5025 3194 5062 cum
3244 5012 3347 5066 hac

1763 5082 1867 5137 ﬁde
1910 5082 2106 5138 factam
2139 5102 2168 5139 a
2196 5087 2423 5142 Domino
2458 5100 2725 5148 creaturae
2762 5112 2858 5165 pro
2887 5097 3198 5157 hominibus
3231 5104 3344 5159 dis-

1766 5177 2168 5245 pensationem,
2204 5178 2309 5245 ριιί
2356 5197 2472 5234 cum
2515 5182 2569 5235 in
2603 5184 2779 5253 [arma
2813 5187 2906 5241 Dei
2930 5202 3083 5257 esset,
3115 5210 3219 5247 non
3256 5212 3344 5249 ra-

1764 5269 1945 5335 pinam
1985 5270 2274 5324 arbitratus
2305 5282 2381 5326 est
2419 5290 2605 5329 essese
2643 5280 2897 5348 wqualem
2939 5281 3067 5343 Deo,
3120 5286 3208 5338 sed
3261 5305 3344 5341 se-

1766 5363 2047 5430 metipsum
2112 5366 2444 5431 exinanivit,
2502 5368 2731 5436 formam
2785 5373 2919 5425 servi
2966 5375 3227 5441 accipiens
3269 5378 3337 5441 “,

1764 5462 1927 5522 atque
1960 5456 2015 5509 in
2041 5465 2231 5510 sancta
2282 5457 2503 5529 Virgine
2542 5461 2854 5517 incarnatus
2900 5480 2962 5518 ex
3015 5475 3191 5523 morte
3237 5485 3339 5527 nos

1761 5545 2010 5614 redemit,
2036 5549 2087 5601 in
2106 5564 2212 5618 qua
2238 5549 2615 5607 detinebantur
2636 5554 2741 5608 sub
2763 5565 2987 5623 peccato
3019 5559 3333 5627 venundati,

1766 5638 1905 5694 dans
1953 5644 2403 5709 permutationem
2475 5644 2589 5698 sive
2649 5646 2883 5714 pretium
2943 5650 3334 5724 redemptionis
