3922 6470
227 417 341 474 ΓΠ

1367 417 2080 502 conrnxeuuomuu,
2122 420 2254 478 LIB.
2295 420 2362 477 ιι.

3395 431 3498 486 478

227 531 303 601 μὴ
334 531 596 602 ἀληθινόν
625 549 639 561 ο
693 532 744 586 εί
784 532 883 603 μὲν
915 525 1008 586 οὖν
1040 532 1175 603 πρὸς
1202 531 1270 586 τά
1306 521 1498 588 εἴδωλα
1537 534 1819 606 βλέποντες

1926 536 2167 607 nymiam
2232 537 2450 592 deitatis
2501 553 2698 594 nomen
2730 543 2969 612 gentium
3009 543 3168 600 idolis
3215 545 3499 600 tribuitur:

225 623 364 692 πρὸς
383 623 571 675 ὲκεῖνα
594 621 871 677 ποιοῦνται
889 622 986 694 τὴν
1007 621 1113 674 τῶν
1135 624 1396 705 ρημάτων
1418 625 1819 696 ἀντιδιαίρεσιν,

224 712 318 764 καὶ
343 713 512 780 ἡμεῖς
549 711 912 782 συντιθέμεθα
931 729 946 744 ο
991 710 1111 765 καθ’
1143 712 1463 783 ὁμωνυμίαν
1492 714 1600 786 γὰρ
1631 716 1692 768 τὸ
1723 717 1820 784 τῆς

224 802 486 872 θεότητος
525 803 698 873 δνομα
731 807 843 866 τοῖς
872 801 1109 867 εἰδώλοις
1135 803 1242 856 τῶν
1268 803 1438 858 ὲθνῶν
1470 806 1775 874 ὲπιλέγεται
1802 823 1816 838 ο

227 894 471 959 Πάντες
491 895 605 962 τὰρ
619 897 673 948 οὶ
690 894 810 948 θεοὶ
827 894 943 948 τῶν
967 895 1158 949 ἐθνῶν
1173 894 1448 965 δαιμόνια
1465 912 1479 927 ·
1517 898 1611 951 καὶ
1649 898 1819 962 ἄλλως

226 986 360 1055 πρὸς
388 987 456 1038 τὸ
488 986 694 1056 πλῆθος
725 987 1041 1055 ἀντιδιαιρεί
1068 988 1159 1040 τὸν
1201 990 1356 1058 μόνον
1381 1005 1394 1019 ⁸
1440 992 1531 1043 καὶ
1577 991 1711 1063 πρὸς
1751 992 1820 1045 τὰ

222 1077 398 1147 ιζνευδῆ
429 1078 524 1130 τὸν
553 1078 807 1148 ἀληθινόν
833 1095 847 1108 ⁸
896 1079 989 1131 καὶ
1026 1081 1152 1143 τοὺς
1189 1081 1262 1151 μὴ
1299 1080 1458 1144 ὂντας
1493 1082 1649 1146 θεοὺς
1684 1083 1820 1153 πρὸς

220 1170 310 1221 τὸν
337 1169 481 1223 ὄντα
508 1169 662 1222 Θεόν.
692 1170 752 1224 Ei
781 1169 838 1222 δὲ
860 1163 993 1240 πρὸς
1017 1171 1109 1223 τὸν
1141 1173 1418 1244 Μονογενῆ
1439 1173 1588 1236 Θεὸν,
1613 1175 1646 1240 ἡ
1673 1176 1820 1228 ἀντι-

219 1260 500 1330 διαίρεσις
519 1261 752 1328 γίνεται,
793 1260 1114 1330 μαθέτωσαν
1148 1261 1198 1313 οἱ
1238 1262 1392 1332 σοφοί
1420 1278 1434 1292 ’
1479 1263 1558 1315 ὅτι
1597 1263 1820 1334 ἀλήθεια

221 1352 362 1422 πρὸς
410 1353 578 1421 μόνον
603 1352 667 1405 τὸ
695 1351 888 1421 ψεῦδος
933 1351 1028 1422 τὴν
1074 1352 1479 1424 ἀντιδιαστολὴν
1523 1353 1676 1424 ἔχει’
1729 1357 1820 1409 καὶ

220 1447 354 1506 Θ;ὸς
391 1445 538 1514 πρὸς
574 1445 666 1497 τὸν
699 1444 773 1515 μὴ
801 1445 929 1498 ὄντα
951 1444 1114 1520 Θςόνο
1145 1444 1239 1498 τοῦ
1269 1445 1326 1498 δὲ
1358 1443 1559 1517 Κυρίου
1590 1447 1648 1510 ὅς
1674 1449 1819 1500 ἐστιν

222 1541 463 1610 ἀλήθεια
491 1541 628 1594 Θεοῦ
661 1541 831 1604 ὅντος,
873 1542 967 1595 καὶ
997 1543 1054 1594 ὲν
1083 1541 1160 1612 τῷ
1204 1542 1377 1612 Πατρὶ
1402 1541 1581 1605 ὄντος·
1626 1541 1719 1594 καὶ
1762 1541 1820 1594 ἓν

223 1633 359 1702 πρὸς
391 1634 492 1686 τὸν
523 1633 744 1704 Πατέρα
769 1633 940 1696 ὄντος,
975 1635 1031 1686 αἱ
1065 1633 1434 1687 διασταλτικαὶ
1462 1627 1618 1686 αὗται
1647 1632 1820 1702 φωναὶ

222 1726 313 1776 ἐπὶ
341 1720 445 1776 τοῦ
477 1724 746 1793 δόγματος
776 1725 957 1794 χώραν
990 1725 1089 1777 ούκ
1123 1725 1334 1796 ἔχουσιν
1359 1741 1374 1754 ο
1408 1726 1436 1777 6
1466 1725 1574 1796 γὰρ
1606 1723 1820 1795 ἀληθῶς

223 1818 300 1878 είς
329 1816 431 1868 τὸν
465 1816 561 1868 ἕνα
593 1816 864 1870 πιστεύων
895 1816 1079 1886 βλέπει
1113 1819 1169 1870 ὲν
1204 1818 1281 1888 τῷ
1313 1817 1414 1880 ἑνὶ,
1454 1817 1545 1870 τὲν
1577 1817 1664 1870 διὰ
1693 1817 1820 1871 πάν-

222 1924 328 1958 των
377 1907 538 1976 αὐτῷ
568 1907 865 1978 ἡνωμένον,
895 1910 951 1962 ὲν
984 1907 1210 1980 ἀληθείᾳ
1249 1925 1309 1961 τε
1341 1910 1434 1962 καὶ
1461 1907 1695 1977 θεότητι,
1725 1909 1821 1962 καὶ

222 1999 408 2068 οὐσία,
458 1999 554 2050 καὶ
584 1997 718 2067 ζωῇ,
761 1999 856 2051 και
885 1998 1045 2069 σοφίᾳ
1074 2015 1088 2030 ο
1136 1999 1230 2052 καὶ
1269 2000 1432 2052 πᾶσιν
1461 1997 1815 2064 ἁπαξαπλῶς.

229 2091 299 2142 Ἢ
341 2093 393 2142 εί
437 2089 514 2160 μὴ
548 2088 732 2159 βλέπει
762 2091 819 2143 ὲν
846 2089 924 2160 τῷ
955 2091 1035 2143 ἐν).
1063 2089 1152 2142 τὸν
1182 2091 1354 2144 ταῦτα
1381 2091 1529 2154 ὄντα,
1563 2091 1641 2154 εἰς
1669 2090 1820 2143 οὐδὲν

235 2181 350 2249 ἔχει
391 2182 496 2250 τὴν
535 2181 740 2244 πίστιν,
776 2181 943 2250 χωρὶς
970 2180 1078 2252 γὰρ
1115 2181 1246 2233 Υἱοῦ
1285 2181 1471 2251 Πατὴρ
1501 2179 1623 2234 οὔτε
1676 2181 1820 2232 ἐστὶν

227 2272 348 2324 οὔτε
378 2272 612 2340 λέγεται
634 2291 648 2303 υ
685 2272 808 2326 οὔτε
847 2273 951 2345 μὴν
986 2274 1153 2345 χωρὶς
1185 2273 1468 2344 δυνάμεως
1501 2276 1528 2326 6
1556 2272 1780 2336 δυνατός
1803 2288 1820 2304 ο

227 2362 350 2416 οὔτε
374 2366 552 2435 χωρὶς
577 2366 768 2434 σοφίας
788 2369 816 2418 6
843 2367 1021 2434 σοφός·
1044 2365 1281 2436 Χριστὸς
1300 2365 1407 2437 γὰρ
1433 2365 1567 2418 Θεοῦ
1591 2365 1823 2435 δύναμις

228 2458 318 2510 καὶ
336 2456 507 2524 σοφία
542 2455 698 2510 Θεοῦ.
728 2458 891 2510 Ὥστε
908 2460 935 2510 6
951 2459 1047 2528 τῆς
1061 2457 1360 2526 δυνάμεως,
1379 2458 1411 2527 ἦ
1435 2457 1526 2527 τῆς
1544 2457 1819 2526 ἀληθείας,

229 2547 374 2615 ἢτῆς
405 2548 628 2614 σοφίας,
658 2548 689 2618 ἢ
717 2549 817 2617 τῆς
844 2547 1008 2620 ζωῆς,
1034 2549 1178 2619 ἢτοῦ
1201 2548 1453 2619 ἀληθινοῦ
1473 2548 1647 2616 φωτὸς
1666 2549 1822 2612 ἐκτὸς

233 2637 456 2708 βλέπειν
504 2638 930 2711 φανταζόμενος,
972 2641 1006 2712 ἢ
1048 2641 1199 2694 οὐδὲν
1234 2641 1439 2711 βλέπει,
1477 2641 1508 2710 ἢ
1551 2641 1612 2696 τὸ
1653 2641 1822 2695 κακὸν

229 2731 452 2794 πάντως
483 2732 699 2800 βλέπει·
733 2735 766 2802 η
797 2734 906 2805 γὰρ
946 2733 1052 2786 τῶν
1082 2734 1302 2802 ἀγαθῶν
1332 2732 1698 2804 ὑπεξαίρεσις,
1727 2732 1820 2786 τοῦ

229 2823 405 2876 κακοῦ
444 2825 542 2876 καὶ
583 2825 750 2889 θέσις,
797 2828 892 2879 καὶ
921 2825 1152 2898 ὓπαρξις
1215 2827 1455 2895 γίνεται·
1481 2827 1602 2879 Οὐκ
1636 2826 1819 2894 ἐψευ-

228 2917 432 2983 σμένῃ
481 2915 677 2985 φωνῇ,
714 2918 868 2988 φησὶ,
918 2917 1199 2988 τιμῶντες
1251 2920 1436 2972 αὐτόν
1463 2935 1477 2949 ⁸
1525 2917 1659 2972 ἔστι
1704 2917 1816 2986 γὰρ

1933 624 2124 682 Omnes
2151 628 2291 680 enim
2331 628 2408 681 dii
2451 630 2682 698 gentium
2713 631 2977 686 da’monia
3006 634 3052 665 ⁸⁸
3087 653 3099 687 :
3131 645 3184 688 et
3237 635 3393 690 aliter
3426 635 3495 688 ad

1923 716 2327 772 multitudinem
2360 720 2586 787 Opponit
2615 736 2737 774 eum
2770 722 2862 789 qui
2895 723 3046 776 solus
3069 733 3189 780 est:
3223 733 3276 779 et
3304 725 3369 779 ad
3396 724 3495 778 fal-

1923 825 1982 863 sa
2019 826 2144 864 eum
2189 811 2282 877 qui
2326 827 2490 867 verus
2521 821 2624 874 est,
2661 821 2716 866 et
2744 828 2839 867 eos
2879 815 2970 882 qui
2998 813 3070 866 dii
3111 831 3216 867 non
3249 825 3376 869 sunt
3424 815 3490 870 ad

1922 915 2045 952 eum
2077 901 2171 970 qui
2204 900 2347 956 Deus
2402 911 2510 956 est:
2539 901 2692 968 Quod
2732 905 2776 957 si
2827 904 2892 956 ad
2936 905 3271 973 unigenitum
3323 904 3490 960 Deum

1924 991 1980 1045 fit
2010 993 2121 1047 hace
2159 994 2393 1048 adversa
2431 995 2760 1060 dilicreutia,
2792 996 3010 1050 discant
3051 998 3138 1050 isti
3194 1007 3490 1066 sapientes,

1921 1083 2064 1152 quod
2103 1083 2305 1137 veritas
2336 1084 2402 1138 ad
2432 1085 2608 1138 solum
2645 1085 2984 1138 mendacium
3013 1088 3348 1140 contrariam
3399 1088 3495 1140 ha-

1922 1178 2007 1230 bet
2035 1175 2396 1229 dilferentiam
2428 1195 2438 1228 :
2466 1185 2518 1230 et
2544 1176 2686 1230 Deus
2713 1177 2778 1231 ad
2804 1194 2928 1231 eum
2965 1179 3057 1246 qui
3086 1195 3195 1231 non
3227 1189 3308 1233 est
3330 1179 3490 1234 Deus.

1921 1267 2057 1321 Cum
2096 1277 2274 1322 autem
2329 1269 2608 1330 Dominus,
2652 1270 2744 1338 qui
2792 1281 2875 1324 est
2907 1272 3130 1336 veritas,
3164 1270 3307 1326 Deus
3339 1273 3408 1327 sit
3440 1281 3494 1327 et

1924 1356 1978 1410 in
2024 1355 2204 1419 Patre,
2245 1365 2299 1412 et
2325 1373 2492 1410 unum
2526 1358 2752 1413 sitcum
2813 1359 2995 1426 Patre,
3051 1361 3133 1416 hae
3188 1362 3495 1419 discretivaa

1923 1461 2082 1499 voces
2118 1447 2171 1500 iu
2199 1445 2450 1515 dogmate
2481 1447 2656 1502 locum
2694 1464 2804 1503 non
2834 1449 3054 1506 habent.
3081 1451 3215 1506 Nam
3251 1455 3343 1524 qui
3367 1471 3495 1510 vero

1922 1535 1976 1589 in
2011 1552 2176 1590 unum
2224 1538 2420 1601 credit,
2456 1538 2604 1592 videt
2643 1539 2696 1594 in
2734 1556 2843 1595 uno
2881 1556 3003 1596 eum
3035 1542 3127 1612 qui
3171 1557 3268 1612 per
3311 1546 3493 1597 omnia

1922 1632 2025 1702 ipsi
2068 1634 2251 1688 unitus
2283 1645 2387 1698 est,
2424 1636 2477 1688 in
2513 1636 2764 1700 veritate,
2794 1646 2849 1691 et
2881 1637 3104 1701 deitate,
3142 1647 3194 1694 et
3228 1642 3491 1702 essentia,

1920 1733 1976 1778 et
2009 1724 2140 1788 vita,
2182 1733 2235 1779 et
2267 1726 2554 1795 sapientia,
2581 1737 2634 1783 et
2665 1729 2718 1781 in
2749 1729 3003 1784 omnibus
3036 1745 3283 1799 prorsus.
3322 1729 3419 1785 Vel
3445 1733 3492 1784 si

1923 1814 1978 1868 in
2028 1829 2137 1867 uno
2172 1830 2280 1868 non
2314 1830 2438 1868 eum
2479 1815 2627 1870 videt
2661 1817 2755 1886 qui
2806 1827 2888 1871 est
2919 1817 3032 1872 haec
3083 1819 3222 1888 ipsa,
3268 1820 3320 1872 in
3356 1819 3493 1872 nihil

1924 1905 2081 1960 ﬁdem
2114 1906 2297 1960 habet.
2329 1906 2464 1959 Nam
2496 1906 2703 1974 absque
2739 1906 2876 1961 Filio
2907 1907 3066 1964 Pater
3089 1924 3263 1979 neque
3285 1917 3370 1965 est
3395 1926 3492 1966 ne-

1919 2009 2024 2063 que
2047 1993 2282 2058 dicitur;
2322 2009 2495 2063 neque
2526 1994 2820 2063 quidquam
2857 1997 3063 2065 absque
3098 1997 3339 2065 potentia
3391 1998 3489 2065 qui

1922 2093 2116 2155 potens
2146 2093 2250 2148 est,
2302 2071 2495 2154 neque
2528 2086 2736 2154 absque
2786 2088 3050 2156 sapientia
3103 2088 3196 2156 qui
3249 2089 3490 2157 sapiens.

1922 2175 2170 2230 Christus
2201 2177 2344 2229 enim
2376 2175 2467 2229 Dei
2503 2177 2740 2245 potentia
2771 2185 2822 2230 et
2852 2176 2943 2232 Dei
2976 2179 3262 2247 sapientia.
3307 2179 3489 2245 Quare

1923 2267 2016 2337 qui
2045 2275 2198 2321 extra
2224 2267 2546 2336 potentiam,
2577 2268 2658 2320 vel
2693 2268 2996 2335 veritatem,
3029 2270 3113 2325 vel
3149 2271 3493 2340 sapientiam,

1924 2357 2009 2412 vel
2049 2361 2233 2422 vitam,
2265 2358 2345 2412 vel
2378 2373 2566 2413 verum
2591 2357 2772 2412 lumen
2803 2361 3048 2430 respicit,
3082 2361 3216 2417 falsa
3247 2363 3347 2418 sibi
3378 2364 3497 2418 ani-

1925 2462 2014 2502 mo
2034 2447 2263 2516 (ingens,
2285 2446 2522 2501 velnihil
2548 2447 2714 2515 videt,
2749 2449 2833 2503 vel
2854 2451 3056 2504 malum
3083 2467 3310 2522 prorsus
3335 2454 3492 2510 videt.

1923 2536 2056 2591 Nam
2075 2539 2344 2592 bonorum
2400 2539 2720 2605 subtractio,
2775 2540 3120 2610 malipositio
3142 2551 3196 2597 et
3227 2545 3498 2600 exsistan-

1925 2629 2001 2684 tia
2030 2627 2283 2686 edicitur.
2346 2628 2471 2682 Non
2499 2631 2723 2684 mentita
2775 2647 2916 2696 voce,
2944 2633 3144 2703 inquit,
3187 2636 3360 2703 ipsum
3404 2653 3495 2692 co-

1928 2722 2140 2776 lentes:
2179 2730 2256 2775 est
2295 2721 2433 2773 enim
2475 2737 2654 2775 verax.
2714 2720 2768 2776 In
2835 2723 2936 2777 hac
2984 2739 3117 2780 voce
3170 2727 3496 2783 Eunomium

1923 2829 2116 2886 precor
2133 2828 2451 2885 permanere
2472 2813 2684 2868 veritati
2704 2814 3076 2870 testimonium
3096 2818 3493 2885 perhibentetn,

1919 2909 2066 2982 quod
2103 2925 2208 2963 non
2247 2910 2507 2962 mentitur
2533 2908 2694 2963 Deus.

229 3012 532 3081 ἀψευδής.
593 3013 777 3086 Ταύτῃ
823 3017 889 3084 τῇ
942 3017 1091 3086 φωνῇ
1149 3014 1375 3086 εὔχομαι
1424 3014 1518 3068 τὸν
1554 3014 1816 3084 Εὐνόμιον
1854 3006 2131 3078 ἐπιμένειν
2153 3001 2610 3074 μαρτυροῦντατῇ
2629 3003 2875 3074 ἀληθείᾳ,
2929 3005 3178 3058 ὄτιὲστὶν
3239 3006 3496 3079 ἀψευδής.

310 3108 497 3178 Εξγάρ
527 3106 670 3160 οὕτω
702 3109 924 3178 φρονοίη
959 3111 1041 3162 ὅτι
1070 3110 1178 3162 πᾶν
1212 3109 1273 3162 τὸ
1304 3109 1452 3179 παρὰ
1484 3107 1576 3163 τοῦ
1617 3107 1819 3178 Κυρίου

1998 3099 2056 3154 Si
2104 3100 2248 3154 enim
2298 3100 2372 3154 ita
2412 3099 2635 3162 sentiat,
2689 3099 2837 3168 quod
2884 3099 3150 3170 quidquid
3189 3117 3217 3155 a
3269 3102 3499 3172 Domino

232 3197 530 3269 λεγόμενον
562 3199 657 3252 τοῦ
679 3199 906 3269 ψεύδους
928 3201 1257 3272 κεχώρισται
1274 3220 1286 3234 ·
1311 3201 1661 3272 πεισθήσεται
1685 3201 1820 3254 πάν-

231 3305 342 3352 τως
373 3291 660 3361 ἀληθεύειν
699 3292 789 3344 τὸν
823 3293 1076 3347 εἰπόν-ια’
1105 3295 1186 3347 ὅτι
1230 3293 1372 3363 Ἐγὼ
1407 3296 1478 3348 ἐν
1522 3292 1601 3358 τῷ
1638 3291 1820 3360 Ilath

233 3380 334 3433 καὶ
366 3384 401 3432 ὀ
433 3381 641 3449 Πατὴρ
688 3382 757 3434 ἐν
788 3382 919 3452 ἐμοί
962 3384 1114 3449 ἐστι,
1163 3383 1360 3454 δηλαδὴ
1415 3383 1533 3446 ὅλος
1573 3385 1630 3436 ὲν
1676 3382 1816 3452 ὅλῳ·

235 3469 358 3522 οὔτε
392 3470 486 3523 τοῦ
515 3471 727 3541 Πατρός
757 3475 814 3524 ὲν
854 3475 929 3544 τῷ
957 3475 1069 3546 Υίῷ
1108 3475 1510 3546 περιττεύοντος
1531 3492 1544 3504 ·
1566 3474 1687 3528 οὕτε
1724 3473 1818 3527 τοῦ

237 3561 368 3614 Υἱοῦ
402 3565 460 3614 έν
491 3563 570 3632 τῷ
606 3566 778 3635 Πατρὶ
808 3565 1087 3628 λείποντος
1109 3584 1123 3597 ο
1151 3568 1245 3620 καὶ
1286 3567 1366 3619 ὅτι
1399 3567 1560 3620 Οὕτω
1591 3565 1707 3635 χρὴ
1739 3584 1820 3618 τι·

232 3654 461 3724 μεῖσθαι
500 3657 608 3709 τὸν
634 3657 765 3710 Υὶὸν
800 3657 992 3724 καθὼς
1026 3657 1257 3727 τιμᾶται
1295 3662 1326 3712 ό
1354 3659 1584 3727 Πατήρ·
1616 3662 1709 3713 καὶ
1737 3659 1820 3712 ὅτι

250 3749 310 3799 Ὀ
326 3747 605 3814 ἑωρακὼς
634 3747 756 3816 ἐμὲ,
789 3748 1008 3815 ἑώρακε
1048 3748 1154 3800 τὸν
1183 3749 1414 3817 Πατέρα
1432 3765 1445 3780 ·
1475 3749 1568 3802 καὶ
1599 3750 1680 3801 ὅτι
1711 3750 1822 3802 Οὐ-

238 3833 360 3900 δεὶς
393 3835 518 3888 εἶδε
549 3835 654 3888 τόν
685 3835 822 3890 Υἱὸν
847 3839 899 3890 εὶ
919 3837 1004 3906 μὴ
1039 3840 1071 3891 ό
1090 3837 1291 3906 Πατήρ
1316 3855 1328 3866 ν
1360 3839 1452 3891 καὶ
1479 3841 1559 3892 ὅτι
1583 3839 1694 3892 Καὶ
1715 3839 1822 3893 τὸν

240 3924 488 3994 Πατέρα
518 3927 718 3992 οὐδεὶς
763 3928 1157 3998 ἐπιγινώσκει,
1201 3930 1350 4000 εἰμὴ
1379 3935 1411 3985 ό
1437 3933 1584 3997 Υἱός.
1635 3934 1712 3985 Δι’
1745 3925 1820 3985 ὧν

242 4018 522 4079 ἁπάντων,
548 4015 671 4069 οὔτε
705 4017 879 4086 δόξης,
908 4018 1030 4070 οὔτε
1067 4018 1275 4083 οὐσίας,
1311 4020 1433 4072 οὔτε
1480 4021 1636 4074 ἄλλου
1676 4020 1821 4086 τινὸς

241 4106 569 4178 παραλλαγὴ
593 4108 897 4162 ύπονοεῖται
928 4110 1020 4161 ἐπὶ
1044 4109 1255 4178 Πατρός
1277 4111 1370 4162 καὶ
1404 4110 1532 4164 Υἱοῦ
1559 4113 1672 4174 τοῖς
1690 4111 1822 4165 ταύ-

241 4215 334 4262 τας
385 4199 488 4261 τὰς
554 4198 737 4267 φωνὰς
790 4200 865 4263 ὡς
926 4200 1183 4270 ἀληθινὰς
1227 4201 1557 4273 δεξαμένοις.
1596 4204 1820 4269 Ὄντως

241 4291 405 4353 ὄντα,
437 4291 597 4360 φησὶ,
619 4292 800 4359 φύσει
829 4309 892 4344 τε
921 4292 1018 4345 καὶ
1042 4291 1190 4362 δόξῃ
1221 4293 1365 4347 Θεὸν
1394 4294 1520 4347 ἕνα.
1551 4295 1624 4348 Τὸ
1652 4295 1821 4358 ὅντως

239 4378 318 4442 ὃν,
348 4380 760 4451 ἀντιδιαιρεῖται
785 4382 920 4452 πρὸς
950 4382 1010 4435 τὸ
1047 4383 1120 4456 μὴ
1148 4383 1314 4446 ὅντως
1345 4384 1422 4439 6v.
1458 4386 1612 4437 Ἔστι
1646 4385 1702 4438 δὲ
1729 4385 1818 4439 6v-

1927 3192 2130 3248 dicitur
2173 3206 2204 3244 a
2254 3191 2542 3246 mendacio
2581 3198 2890 3260 separatum
2931 3201 3016 3248 est
3059 3212 3072 3247 :
3118 3196 3304 3264 procul
3335 3197 3499 3252 dubio

1928 3286 2114 3340 credet
2148 3299 2270 3339 eum
2305 3299 2492 3338 verum
2533 3283 2705 3354 loqui,
2746 3284 2838 3352 qui
2869 3284 3007 3337 dixit
3039 3303 3052 3338 :
3091 3284 3198 3356 Ego
3227 3290 3278 3339 in
3315 3285 3496 3354 Patre,

1925 3387 1974 3432 et
2016 3376 2181 3431 Pater
2212 3378 2266 3430 in
2303 3393 2382 3430 me
2420 3386 2500 3430 est
2527 3377 2592 3440 ",
2615 3377 2872 3431 nimirum
2898 3385 3044 3432 totus
3080 3379 3133 3432 in
3158 3387 3291 3442 toto,
3325 3396 3500 3451 neque

1926 3467 2088 3524 Patre
2110 3469 2164 3522 in
2192 3467 2332 3522 Filio
2358 3475 2744 3536 exsuperante,
2774 3483 2949 3538 neque
2974 3467 3110 3522 Filio
3139 3470 3192 3523 in
3221 3469 3378 3526 Patre
3410 3473 3504 3526 du-

1927 3559 2144 3614 liciente
2185 3578 2197 3613 :
2252 3557 2499 3613 et:Sicut
2540 3557 2704 3612 Pater
2728 3558 3134 3626 Iwnoriﬁcatur,
3171 3563 3249 3614 sic
3282 3559 3483 3616 Filium

1925 3649 2385 3721 honoriﬁcandum
2433 3667 2544 3704 esse
2575 3652 2643 3715 ⁷ο,
2676 3661 2729 3706 et
2766 3653 2909 3720 quod
2949 3651 3056 3716 Qui
3083 3653 3212 3706 vidit
3246 3670 3343 3717 me,
3371 3656 3500 3708 vidit

1927 3742 2145 3798 Patrem
2200 3744 2286 3805 “,
2349 3751 2405 3797 et
2467 3741 2611 3812 quod
2681 3741 2880 3796 Nullus
2930 3746 3070 3798 novit
3136 3743 3336 3798 Filium
3397 3747 3502 3800 nisi

1927 3831 2110 3897 Pater,
2159 3841 2212 3886 et
2261 3831 2408 3901 quod
2458 3828 2677 3885 Patrem
2733 3831 2912 3885 nullus
2953 3834 3240 3902 cognoscit,
3271 3835 3373 3887 nisi
3403 3832 3502 3890 Fi-

1926 3922 2028 3977 lius
2040 3924 2104 3974 ⁷³.
2123 3923 2222 3988 Qui
2234 3923 2334 3977 bus
2351 3922 2604 3976 omnibus
2621 3938 2798 3991 neque
2813 3923 3015 3993 gloriae,
3038 3939 3210 3992 neque
3226 3926 3498 3992 essentne,

1927 4031 2101 4084 neque
2133 4015 2297 4068 ullius
2331 4014 2472 4068 alius
2502 4015 2580 4069 rei
2614 4015 2670 4068 in
2715 4013 2875 4069 Patre
2917 4022 2970 4069 et
3018 4013 3159 4070 Filio
3192 4016 3498 4073 differentia

1927 4108 1995 4162 ab
2021 4109 2088 4162 iis
2116 4107 2462 4176 intelligitur,
2503 4107 2596 4176 qui
2629 4107 2726 4162 has
2758 4123 2916 4162 veras
2946 4123 3106 4161 voees
3138 4107 3495 4165 adrniserunt.

1928 4198 2032 4266 Qui
2051 4215 2162 4253 vere
2187 4209 2285 4263 est,
2311 4195 2723 4268 inquit,'natura
2746 4207 2794 4252 et
2813 4198 2985 4269 gloria
3003 4197 3142 4252 Deus
3166 4214 3321 4255 unus.
3341 4199 3497 4266 Quod

1925 4307 2052 4346 vere
2071 4302 2153 4346 est
2175 4307 2271 4346 ens
2291 4291 2584 4361 opponitur
2604 4290 2651 4345 ei
2672 4291 2814 4360 quod
2845 4305 2953 4343 non
2985 4299 3069 4344 est
3106 4305 3230 4346 vere
3256 4307 3372 4346 eus.
3401 4290 3498 4348 Est

1927 4391 2106 4438 autem
2133 4397 2258 4437 vere
2286 4398 2385 4437 ens
2406 4382 2829 4452 unumquodque
2845 4383 3050 4436 entium
3085 4397 3190 4451 qua
3215 4390 3321 4446 est,
3355 4386 3498 4453 quod

239 4487 346 4535 τως
361 4472 442 4535 ὃν,
478 4471 710 4524 ἕκαστον
736 4472 844 4525 τῶν
889 4473 1056 4526 ὄντων
1086 4474 1222 4528 καθό
1247 4479 1393 4528 ἐστιν
1427 4491 1440 4504 °
1470 4475 1531 4528 τὸ
1557 4477 1614 4530 δὲ
1659 4478 1819 4549 μέχρι

1925 4485 2107 4531 autem
2163 4474 2476 4546 phantasia,
2507 4475 2558 4529 id
2589 4484 2694 4537 est,
2731 4467 2944 4528 visione
2976 4473 3210 4542 quadam
3244 4482 3298 4528 et
3327 4476 3501 4546 suspi-

243 4562 544 4630 φαντασίας
565 4563 708 4627 τινὸς
729 4565 822 4619 καὶ
857 4565 1110 4630 ὑπονοίας
1141 4566 1328 4621 δοκοῦν
1357 4567 1454 4636 μὲν
1475 4565 1632 4633 εἶναι,
1663 4570 1736 4642 μὴ
1766 4569 1826 4624 ὂν

243 4657 318 4721 δὲ,
343 4657 507 4710 τοῦτο
539 4657 640 4710 ούκ
687 4656 854 4720 ὄντως
899 4657 1046 4710 ἐστίν
1069 4675 1082 4688 ·
1114 4659 1189 4722 ὡς
1211 4659 1270 4712 τὸ
1306 4659 1573 4725 ἐνύπνιον,
1610 4661 1822 4732 φάσμα,

1922 4567 2079 4622 cione
2124 4566 2339 4620 videtur
2375 4563 2595 4634 quidem
2629 4577 2752 4618 esse
2797 4577 2923 4617 cum
2959 4578 3066 4618 non
3116 4563 3187 4617 sit
3237 4579 3357 4630 ens,
3395 4564 3499 4621 hoc

1920 4673 2029 4712 non
2058 4672 2184 4712 vere
2208 4664 2312 4721 est,
2343 4659 2487 4711 sicut
2507 4658 2802 4720 somnium,
2837 4670 3140 4728 spectrum,
3167 4660 3252 4714 vel
3282 4661 3334 4714 in
3363 4661 3500 4714 ima-

241 4749 445 4818 ἢόὲπὶ
487 4749 587 4820 τῆς
638 4749 845 4812 εἰκόνος
899 4747 1201 4821 ἄνθρωπος.
1232 4751 1415 4804 Ταῦτα
1459 4751 1566 4824 γὰρ
1597 4753 1692 4806 καὶ
1754 4753 1819 4808 τὰ

1924 4751 2042 4820 gine
2074 4748 2258 4803 homo.
2303 4746 2427 4802 Haec
2476 4748 2644 4816 igitur
2690 4755 2745 4802 et
2781 4747 3052 4817 ejusmodi
3097 4751 3308 4808 visione
3338 4761 3499 4809 tenus

244 4841 466 4895 τοιαῦτα
512 4840 675 4911 μέχρι
734 4841 1035 4910 φαντασίας
1062 4841 1192 4896 ὄντα
1241 4840 1302 4894 τὸ
1332 4841 1501 4906 ὄντως
1535 4839 1674 4896 εἶναι
1718 4845 1820 4898 οὐκ

247 4932 372 5003 ἔχει.
408 4934 472 4986 Et
501 4933 601 5002 μὲν
631 4927 723 4985 οὖν
753 4933 891 4986 κατὰ
911 4932 1009 5002 τὴν
1044 4931 1336 5004 ἰουδαῖκὴν
1362 4933 1626 5003 ὑπόληψιν
1658 4951 1822 4987 κατα-

248 5026 569 5091 σκευάζουσι
616 5025 843 5078 καθόλου
887 5025 961 5096 μη
1011 5019 1150 5077 εἶναι
1204 5025 1294 5078 τὸν
1327 5026 1604 5096 Μονογενῆ
1644 5025 1777 5079 Θεόν
1802 5041 1814 5053 ·

249 5118 423 5178 καλῶς
465 5118 544 5188 τῷ
581 5118 759 5188 Πατρὶ
805 5117 950 5186 μόνῳ
994 5117 1054 5170 τὸ
1087 5117 1254 5179 ὅντως
1294 5114 1431 5169 εἶναι
1465 5134 1819 5189 προσμαρτυ-

251 5211 447 5279 ροῦσιν.
477 5211 540 5264 Εἰ
569 5209 626 5262 δὲ
655 5210 756 5262 οὐκ
789 5208 1075 5279 ἀρνοῦνται
1107 5209 1198 5260 τὸν
1234 5208 1452 5262 πάντων
1484 5209 1711 5281 ποιητὴν
1737 5212 1818 5264 ὃτι

248 5301 405 5365 ἐστὶν,
433 5299 815 5369 πεισθήτωσαν
851 5299 924 5368 μὴ
958 5300 1278 5368 ἀποστερεῖν
1318 5298 1409 5350 τὸν
1444 5298 1570 5352 ὄντα
1607 5298 1700 5351 τοῦ
1729 5299 1817 5352 6v-

247 5407 347 5455 τως
387 5390 528 5446 εἶναι
547 5410 561 5424 ·
587 5393 646 5456 ὃς
679 5392 871 5444 ἑαυτὸν
909 5394 966 5444 ἐν
998 5393 1064 5462 τῇ
1095 5389 1359 5460 γενομένῃ
1387 5390 1594 5460 Μωῦσῇ
1625 5389 1820 5457 θεοφα-

247 5484 373 5555 νείᾳ,
401 5485 530 5537 ὂντα
580 5484 887 5554 ὠνόμασεν,
933 5482 1100 5535 εἰπὼν
1146 5484 1230 5536 ὅτι
1273 5479 1412 5552 Ἐγώ
1455 5483 1576 5550 ειμι
1616 5485 1649 5536 ὀ
1685 5482 1769 5536 ὧν
1801 5497 1816 5512 ⁶

245 5575 417 5639 καθὼς
444 5577 472 5629 6
505 5577 771 5648 Εύνόμιος
801 5577 859 5628 ἐν
888 5580 998 5640 τοῖς
1032 5575 1229 5646 ἑφεξῆς
1258 5575 1456 5643 λόγοις,
1483 5573 1656 5645 τούτῳ
1705 5592 1826 5628 συν-

310 5774 354 5805 ⁸⁸
410 5775 549 5832 Psal.
583 5792 712 5839 xcv,
765 5777 821 5832 5.

246 5839 289 5876 "
335 5845 498 5903 Exod.
546 5863 630 5909 tu,
689 5847 776 5902 14.

901 5780 944 5811 ⁶⁹
975 5777 1133 5834 Joan.
1193 5794 1247 5843 x,
1279 5777 1382 5847 58;
1422 5793 1530 5841 xtv,
1602 5778 1684 5833 lO.
1763 5781 1808 5812 '°
1859 5777 2016 5834 Joan.
2076 5799 2126 5848 ν,
2174 5783 2264 5837 ‘25.

1920 4854 2044 4893 cum
2085 4839 2212 4902 sint,
2255 4853 2382 4893 vere
2416 4853 2540 4892 esse
2588 4853 2696 4892 non
2736 4837 2958 4896 habent.
3007 4841 3165 4906 Quod
3198 4842 3243 4897 si
3276 4841 3497 4911 judaica

1925 4929 2182 5000 Opinione
2231 4929 2457 4983 omnino
2505 4944 2616 4982 non
2658 4943 2782 4984 esse
2821 4926 3172 5000 Unigenitum
3202 4921 3496 4995 "astruunt,

1926 5023 2189 5093 prmelare
2236 5021 2338 5076 soli
2377 5020 2527 5074 Patri
2563 5035 2686 5076 vere
2713 5036 2836 5076 esse
2867 5036 2968 5076 suo
2997 5022 3314 5078 testimonio
3344 5023 3499 5078 attri-

1925 5115 2120 5169 buunt.
2161 5113 2316 5179 Quod
2361 5113 2406 5168 si
2456 5128 2566 5167 non
2625 5121 2823 5182 negant
2856 5113 3104 5168 eumdem
3143 5113 3496 5183 Unigenitum

1926 5208 2170 5261 omnium
2223 5206 2510 5270 factorem,
2556 5204 2684 5275 quia
2729 5215 2833 5269 est,
2884 5204 3314 5270 persuadeantur
3371 5222 3496 5261 eum

1925 5300 2020 5371 qui
2073 5307 2156 5354 est
2215 5314 2343 5353 vera
2391 5300 2632 5353 essentia
2692 5312 3034 5368 nequaquam
3095 5297 3333 5366 privare.
3393 5299 3496 5365 Qui

1927 5394 2166 5463 seipsum
2204 5393 2257 5448 in
2306 5407 2390 5455 ea,
2438 5407 2558 5462 quae
2603 5389 2774 5462 Moysi
2825 5389 2970 5445 facta
3006 5399 3108 5454 est,
3146 5389 3239 5444 Dei
3277 5392 3496 5461 appari-

1925 5488 2095 5550 tione,
2145 5502 2268 5541 eum
2332 5485 2424 5555 qui
2481 5491 2587 5546 est,
2638 5483 2963 5547 nominavit,
3004 5497 3127 5538 cum
3167 5483 3343 5538 dixit:
3384 5483 3497 5555 Ego

1930 5595 2044 5631 sum
2094 5577 2185 5647 qui
2210 5594 2325 5632 sum
2357 5577 2424 5632 ’³.
2462 5573 2932 5643 Quemadmodum
2965 5574 3271 5631 Eunomius
3305 5575 3358 5630 in
3410 5592 3500 5632 se-

2342 5782 2383 5812 “
2449 5779 2606 5838 Joan.
2659 5795 2765 5843 xiv,
2809 5779 2862 5834 9.
2940 5780 2985 5810 ⁷³
3040 5777 3228 5835 Matth.
3271 5795 3344 5847 ιι,
3400 5780 3491 5836 27.
