3922 6480
589 423 659 478 79
1794 418 1851 473 S.
1889 417 2218 475 GRECORII
2251 418 2537 475 NYSSENI
3685 432 3765 487 ,ιςο

553 544 854 616 quentibus
911 544 1293 607 sermonibus,
1355 542 1484 597 huic
1539 541 1842 597 assentitur
1902 542 2127 602 dicens.

2238 542 2442 596 τίθεται
2465 543 2627 597 αὐτὸν
2675 538 2815 596 εἶναι
2851 544 3044 612 λέγων,
3072 544 3165 598 τὸν
3196 546 3275 617 τῷ
3311 545 3509 619 Μωῢσῇ
3550 552 3765 619 φανέντα.

553 640 736 708 ipsum
802 652 924 693 esse
995 636 1353 707 Unigenitum
1417 634 1514 705 qui
1601 633 1770 705 Moysi
1861 636 2133 706 apparuit.

554 729 758 785 Deinde
792 730 890 792 ait,
918 728 986 782 Et
1025 740 1219 783 natura
1269 736 1317 781 et
1360 726 1533 795 gloria
1583 725 1751 779 Deum
1788 741 1901 779 esse
1948 742 2130 779 unum.

556 821 613 875 Si
646 821 813 893 igitur
836 820 1263 892 Unigenitusest
1297 819 1461 881 Deus,
1490 834 1588 873 nec
1615 819 1687 873 sit
1709 828 1908 872 natura
1943 817 2089 873 Deus
2118 838 2130 872 :

555 916 672 985 ipse
718 914 917 969 viderit
945 916 1037 985 qui
1086 915 1200 968 haec
1247 912 1400 966 dicit.
1434 910 1589 977 Quod
1626 912 1671 965 si
1726 926 1834 964 non
1883 919 1967 965 est
1996 910 2135 967 Deus

553 1008 649 1077 qui
698 1022 808 1061 non
850 1006 923 1060 sit
951 1015 1152 1059 natura
1189 1003 1351 1069 Deus,
1396 1003 1615 1057 discant
1647 1016 1677 1054 a
1712 1015 1908 1071 magno
1942 1000 2134 1068 Paulo,

554 1099 703 1171 quod
749 1101 845 1171 qui
898 1100 1151 1156 serviunt
1202 1099 1269 1154 iis
1314 1098 1408 1167 qui
1459 1113 1565 1151 non
1609 1104 1740 1151 sunt
1786 1105 1984 1151 natura
2036 1095 2133 1161 dii,

554 1210 666 1250 non
696 1194 942 1251 serviunt
969 1192 1080 1249 Deo
1109 1193 1177 1246 τι.
1205 1191 1316 1247 Nos
1345 1200 1526 1246 autem
1561 1190 1671 1247 Deo
1700 1193 1903 1247 viventi
1926 1202 1979 1248 et
2010 1208 2138 1248 vero

556 1287 829 1342 servimus
875 1286 1023 1341 sicut
1074 1284 1372 1354 Apostolus
1400 1283 1538 1337 dicit
1578 1302 1590 1338 :
1625 1282 1726 1338 Cui
1756 1285 2009 1338 servimus
2046 1282 2139 1338 Je-

554 1396 645 1432 sus
668 1388 747 1432 est
771 1370 1111 1432 Christus".
1154 1374 1293 1430 Huic
1323 1376 1468 1430 enim
1501 1375 1617 1445 ipse
1646 1376 1807 1431 etiam
1857 1377 2138 1447 apostolus

554 1468 759 1523 Paulus
791 1467 999 1523 servire
1031 1467 1318 1538 gloriatur,
1350 1466 1479 1521 dum
1504 1466 1637 1521 dicit
1676 1484 1690 1520 :
1723 1465 1929 1520 Paulus
1961 1484 2137 1523 servus

552 1561 685 1616 Jesu
736 1559 935 1617 Christi
979 1560 1049 1615 ⁷⁸.
1096 1560 1205 1615 Nos
1246 1560 1416 1631 igitur
1466 1559 1558 1628 qui
1601 1575 1708 1613 non
1753 1559 1990 1629 amplius
2025 1576 2140 1617 ser-

554 1654 736 1708 vimus
802 1653 872 1708 iis
932 1652 1025 1723 qui
1084 1668 1193 1707 non
1269 1659 1397 1707 sunt
1451 1660 1650 1705 natura
1712 1652 1820 1716 dii,
1859 1668 1983 1707 eum
2043 1654 2137 1723 qui

554 1755 640 1801 est
693 1754 889 1800 natura
940 1746 1083 1800 Deus
1120 1746 1502 1815 cognovimus,
1529 1743 1629 1798 Cui
1666 1761 1797 1814 genu
1844 1762 1996 1799 omne
2042 1744 2139 1814 μεθ

555 1838 718 1891 ctitur
764 1837 1073 1901 ccelestium,
1111 1836 1460 1901 terrestrium,
1491 1844 1541 1889 et
1588 1836 1878 1904 inferorum
1922 1834 1988 1888 "'.
2018 1833 2135 1889 Non

2238 630 2372 687 Εἶτα
2399 637 2575 700 φύσει
2599 652 2663 688 τε
2693 636 2789 689 καὶ
2820 635 2968 705 δόξῃ
2988 639 3136 691 Θεόν
3165 654 3333 707 φησιν
3368 639 3494 693 ἕνα.
3518 642 3576 694 El
3599 643 3768 713 μὲνοῦν

2237 725 2383 787 ἐστιν
2408 726 2436 776 6
2458 725 2589 789 Θεὸς
2610 726 2777 797 χωρὶς
2794 726 2889 780 τοῦ
2920 723 3055 780 εἶναι
3079 728 3236 797 φύσει
3262 729 3415 794 Θεὸς,
3442 734 3592 796 αὐτὸς
3619 735 3674 788 ἂν
3707 742 3767 790 εὶ-

2235 818 2349 889 δείη
2375 820 2402 871 6
2434 818 2604 871 ταῦτα
2632 818 2837 887 λέγων’
2863 822 2909 872 εί
2933 821 2989 873 δὲ
3016 820 3117 873 οὐκ
3157 821 3272 874 ἔστι
3323 823 3453 887 Θεὸς
3484 827 3509 876 6
3541 826 3609 896 μὴ
3640 829 3769 896 φύσει

2236 908 2369 972 Θεὸς
2419 909 2512 971 ὢν,
2553 909 2870 979 μαθέτωσαν
2921 912 3069 982 παρά
3121 911 3214 964 τοῦ
3286 915 3518 983 μεγάλου
3570 918 3767 985 Παύλου,

2236 1000 2318 1053 ὅτι
2345 1001 2393 1053 oi
2437 999 2776 1064 δουλεύοντες
2805 1003 2918 1065 τοῖς
2954 1002 3029 1074 μὴ
3064 1003 3221 1073 φύσει
3252 1004 3415 1068 θεοῖς,
3444 1007 3556 1077 Θεῷ
3592 1011 3644 1062 ού
3672 1010 3769 1063 δου-

2237 1091 2508 1144 λεύουσιν·
2541 1095 2699 1164 ἡμεῖς
2731 1096 2786 1148 se
2817 1095 3137 1166 δουλεύομεν
3165 1097 3283 1167 Θεῷ
3306 1098 3466 1162 ζῶντί
3484 1118 3537 1153 τε
3558 1103 3641 1155 καὶ
3666 1104 3768 1173 ἁλη-

2239 1182 2368 1255 θινῷ
2386 1200 2399 1213 '
2420 1185 2599 1249 καθὼς
2630 1188 2657 1239 ὁ
2694 1187 3015 1251 Ἀπόστολος
3042 1188 3207 1256 λέγει·
3234 1183 3310 1260 τῼ
3340 1189 3408 1243 δὲ
3424 1190 3769 1262 δουλεύομεν,

2253 1276 2481 1341 Ἰησοῦς
2507 1278 2678 1332 ἐστιν
2734 1282 2766 1333 ό
2796 1280 3064 1347 Χριστός.
3109 1282 3296 1352 Τούτῳ
3337 1283 3447 1351 γὰρ
3492 1285 3577 1336 καὶ
3606 1286 3631 1337 6
3659 1288 3769 1338 ἀπό-

2241 1368 2424 1432 στολος
2457 1369 2668 1433 Παῦλος
2699 1372 2968 1425 δουλεύειν
3012 1376 3302 1444 καυχᾶται,
3335 1373 3506 1443 λέγων
3525 1391 3536 1403 ·
3566 1377 3769 1444 Παῦλος

2238 1459 2458 1527 δοῦλος
2515 1462 2707 1530 Ἰησοῦ
2752 1465 3031 1532 Χριστοῦ.
3082 1467 3274 1535 Ἡμεῖς
3330 1468 3505 1519 τοίνυν
3529 1470 3573 1520 οἱ
3608 1472 3769 1540 μηκέτι

2238 1551 2575 1617 δουλεύοντες
2598 1558 2706 1619 τοῖς
2737 1557 2897 1623 φύσει
2930 1557 3003 1628 μὴ
3026 1553 3143 1611 οὖσι
3173 1557 3340 1629 θεοῖς⁹
3385 1559 3680 1629 ἐπέγνωμεν
3700 1564 3769 1615 τὸν

2239 1643 2398 1712 φύσει
2433 1645 2560 1699 ὅντα
2608 1646 2776 1712 Θεόν,
2824 1644 2898 1719 ⁷ῼ
2942 1648 3064 1703 πᾶν
3089 1651 3235 1718 γόνυ
3281 1648 3528 1717 κάμπτει
3558 1651 3765 1721 ἐπουρα-

2238 1740 2403 1800 νίων,
2449 1741 2542 1793 καὶ
2578 1742 2853 1811 ἐπιγείων
2891 1744 2987 1797 καὶ
3047 1744 3473 1811 καταχθονίων.
3508 1744 3615 1796 Οὐκ
3652 1746 3706 1797 ἂν
3726 1747 3767 1799 δὲ

2240 1832 2649 1903 ἐδουλεύσαμεν,
2678 1838 2725 1889 εί
2752 1836 2828 1907 μὴ
2855 1836 3275 1906 ἐπιστεύσαμεν,
3317 1836 3397 1888 ὅτι
3430 1831 3576 1898 οὗτος
3607 1837 3729 1888 ἐστὶν
3752 1846 3773 1889 ο

557 1940 740 1983 autem
782 1930 1168 1992 servissemus,
1230 1928 1335 1983 nisi
1372 1926 1819 1992 credidissemus,
1860 1926 2007 1997 quod
2046 1928 2127 1981 hic

2237 1924 2343 1989 ζῶν
2374 1943 2433 1978 τε
2465 1927 2715 1997 ἀληθινὸς
2752 1928 2881 1992 Θεός
2905 1947 2918 1960 ·
2942 1924 2986 1997 ᾦ
3012 1931 3163 1983 πᾶσα
3208 1928 3431 1996 γλῶσσα
3477 1926 3759 1996 ἐξομολογεῖ-

553 2030 639 2077 est
680 2022 838 2076 vivus
882 2030 936 2076 et
972 2036 1134 2075 verus
1182 2018 1345 2083 Deus,
1401 2020 1489 2074 cui
1532 2021 1710 2074 omnis
1748 2020 1930 2089 lingua
1963 2019 2133 2074 conﬁ-

552 2125 721 2179 tetur,
756 2116 896 2182 Quia
932 2114 1183 2168 Dominus
1211 2113 1370 2167 Iesus
1402 2113 1456 2166 in
1484 2113 1708 2183 gloriam
1746 2122 1823 2167 est
1860 2112 2040 2166 Patris
2064 2113 2129 2167 ⁷⁸.

633 2208 821 2268 Deum,
841 2205 1448 2276 inquit,unum,absque
1472 2206 1672 2275 origine
1705 2206 1809 2258 sire
1841 2204 2130 2274 principio:

552 2308 764 2361 aeterne,
821 2297 934 2351 sine
966 2295 1071 2365 ﬁne
1132 2294 1326 2348 solum.
1377 2292 1578 2348 Rursus
1636 2294 1945 2363 intelligite,
2002 2308 2141 2362 par--

554 2392 681 2452 vuli,
707 2391 959 2443 astutiam
978 2388 1024 2421 ’θ
1057 2388 1256 2459 (inquit
1285 2387 1588 2455 Solomon),
1626 2404 1691 2440 ne
1718 2387 2010 2457 aliquando
2037 2386 2133 2441 de-

553 2485 694 2554 cepti
734 2484 786 2536 in
821 2482 1038 2536 deitatis
1072 2478 1348 2550 Unigeniti
1398 2474 1814 2550 abnegatio’ncm
1855 2478 2128 2533 incidatis.

553 2578 609 2631 ld
661 2576 780 2632 sine
825 2573 928 2627 ﬁne
957 2580 1062 2638 est,
1107 2574 1252 2642 quod
1281 2573 1474 2628 mortis
1518 2583 1571 2628 et
1604 2573 1862 2628 interitus
1905 2588 2013 2626 non
2046 2579 2132 2627 est

551 2680 745 2734 capax.
799 2661 999 2716 Eodem
1052 2663 1214 2716 modo
1259 2663 1312 2716 id
1365 2670 1629 2717 aeternum
1679 2671 1763 2717 est
1817 2663 1961 2732 quod
2019 2676 2129 2715 non

552 2757 618 2808 ad
677 2763 891 2825 tempus
940 2751 1165 2807 dicitur.
1216 2752 1373 2819 Quod
1418 2755 1583 2824 igitur
1637 2770 1811 2824 neque
1866 2760 2128 2808 aeternum

550 2853 655 2908 cst,
708 2858 884 2913 neque
922 2846 1031 2897 ﬁne
1072 2852 1261 2907 caret,
1307 2842 1410 2896 hoc
1444 2858 1670 2912 prorsus
1700 2845 1755 2896 in
1786 2850 1981 2897 natura
2007 2857 2129 2895 cor-

551 2936 797 3006 ruptibili
830 2944 885 2991 et
938 2937 1228 3007 temporali
1285 2936 1550 2990 cernitur.
1593 2935 1736 3005 Ergo
1793 2936 1885 3005 qui
1940 2936 2033 2989 uni
2075 2943 2129 2988 et

550 3028 652 3082 soli
693 3026 801 3082 Deo
848 3027 900 3082 id
960 3028 1106 3097 quod
1151 3029 1257 3083 line
1294 3038 1349 3083 et
1384 3028 1531 3081 exitu
1572 3036 1723 3080 caret
1754 3042 1855 3081 suo
1884 3028 2129 3082 testimo-

549 3118 644 3174 nio
674 3120 956 3186 attribuit;
994 3136 1101 3175 non
1130 3129 1311 3174 autem
1346 3120 1721 3189 complectens
1744 3118 1940 3172 Filium
1966 3129 2127 3175 aeter-

548 3211 607 3266 ni
670 3221 723 3265 et
772 3211 879 3266 line
946 3213 1186 3267 carentis
1241 3210 1661 3281 signiﬁcatione.
1715 3212 2125 3281 corruptibilem

2240 2035 2345 2079 ται,
2378 2020 2456 2072 ὅτι
2496 2022 2710 2089 Κύριος
2749 2023 2976 2090 Ἰησοῦς
3001 2027 3087 2089 εἰς
3115 2023 3306 2087 δόξαν
3328 2020 3476 2076 Θεοῦ
3501 2022 3721 2099 Πατρός-

2312 2112 2479 2175 Θεὸν,
2503 2115 2688 2184 φησὶν,
2707 2115 2833 2177 ἕνα,
2863 2117 3153 2186 ἀνάρχως,
3171 2115 3390 2181 ἀῐδίως,
3408 2112 3767 2180 ἀτελευτήτως

2233 2206 2442 2274 μόνον.
2466 2206 2656 2259 Πάλιν
2671 2205 2948 2270 νοήσατε,
2965 2204 3194 2273 θκακοιν
3210 2208 3578 2276 πανουργίαν
3591 2248 3605 2272 ι
3636 2206 3767 2274 φησὶν

2237 2296 2266 2348 6
2290 2293 2537 2365 Σολομὼν
2558 2311 2571 2322 ·
2605 2296 2678 2367 μή
2718 2312 2844 2349 ποτε
2879 2299 2955 2359 εξς
2991 2298 3214 2368 ἄρνησιν
3234 2298 3337 2367 τῆς
3356 2296 3446 2350 τοῦ
3478 2295 3767 2363 Μονογενοῦς

2239 2386 2491 2458 θεότητος
2536 2388 2904 2457 ἀπατηθέντες
2948 2389 3241 2461 ἐκπέσητε.
3287 2388 3647 2457 Ἀτελεύτητόν
3675 2388 3764 2438 ἐστι

2236 2480 2298 2533 τὸ
2349 2479 2579 2535 θανάτου
2628 2482 2719 2535 καὶ
2754 2482 2958 2554 φθορᾶς
3000 2484 3371 2540 ἀνεπίδεκτον.
3430 2482 3677 2545 Ὡσαύτως
3696 2478 3767 2532 καὶ

2238 2572 2404 2625 ἀΐδιον
2448 2573 2508 2626 τὸ
2544 2573 2617 2645 μὴ
2664 2575 2996 2648 πρόσκαιρον
3050 2576 3292 2645 λέγεται.
3339 2578 3403 2630 Ὃ
3451 2575 3616 2629 τοίνυν
3659 2572 3766 2641 μήτε

2236 2662 2404 2716 ἀΐδιόν
2439 2665 2582 2729 ἐστι,
2614 2667 2752 2737 μήτε
2794 2668 3143 2738 ἀτελεύτητον
3162 2685 3175 2699 ο
3201 2668 3365 2722 τοῦτο
3401 2668 3605 2730 πάντως
3636 2666 3684 2716 ἐν
3714 2664 3765 2731 τῇ

2238 2755 2449 2827 φθαρτῇ
2485 2774 2544 2809 τε
2584 2759 2678 2811 καὶ
2718 2760 2965 2833 ἐπικήρῳ
2997 2762 3283 2832 θεωρεῖται
3331 2760 3503 2830 φύσει.
3546 2756 3766 2811 Οὐκοῦνὸ

2235 2848 2295 2900 τὸ
2323 2850 2679 2922 ἀτελεύτητον
2694 2852 2771 2923 τῷ
2798 2855 2878 2907 ἐνὶ
2906 2855 3000 2907 καὶ
3026 2855 3170 2925 μόνῳ
3201 2851 3629 2927 προσμαρτυρῶν
3652 2847 3764 2917 θεῷ’

2239 2940 2314 3012 μὴ
2351 2944 2885 3015 συμπεριλαμϐάνων
2911 2947 2969 2999 δὲ
2997 2947 3086 3001 τὸν
3126 2947 3255 3001 Υἱὸν
3288 2950 3353 3018 τῇ
3395 2945 3483 2999 τοῦ
3520 2942 3765 3008 ἀτελευτήο

2232 3050 2327 3086 του
2368 3037 2462 3089 καὶ
2506 3038 2677 3090 ἀϊδίου
2732 3039 3009 3109 σημασίᾳ,
3047 3039 3292 3111 φθαρτὸν
3340 3037 3497 3092 αὐτὸν
3539 3031 3764 3088 εἶναικαὶ

2234 3124 2566 3197 πρόσκαιρον
2585 3128 2673 3181 διά
2702 3129 2794 3182 τοῦ
2827 3131 3067 3184 τοιούτου
3096 3131 3255 3199 λόγου
3293 3122 3765 3189 κατασκευάζει,τὸν

2233 3214 2311 3287 τῷ
2332 3217 2487 3289 ἀϊδίῳ
2516 3221 2608 3273 καὶ
2635 3221 2976 3294 ἀτελευτήτῳ
3009 3224 3580 3293 ἀντιδιαστελλόμενον.
3608 3217 3765 3286 Ἡμεῖς

549 3306 728 3375 ipsum
780 3320 904 3360 esse
949 3313 1005 3360 et
1056 3306 1411 3375 temporalem
1467 3319 1563 3374 per
1616 3304 1764 3358 hunc
1820 3320 2126 3360 sermonem

2233 3306 2288 3360 δὲ
2309 3307 2410 3361 κᾶν
2442 3309 2763 3382 ἀκούσωμεν
2803 3313 2885 3365 ὄτι
2919 3291 3079 3383 μόνος
3108 3316 3136 3366 6
3168 3315 3305 3380 Θεὸς
3335 3291 3443 3384 ἔχει
3472 3313 3563 3383 τὴν
3601 3309 3766 3362 ἀθανα-

547 3399 857 3459 conlirmat,
891 3398 984 3466 qui
1024 3398 1092 3450 ab
1138 3405 1364 3460 aeterno,
1397 3404 1450 3451 et
1481 3396 1903 3466 incorruptibili,
1935 3405 1990 3451 ct
2026 3397 2130 3453 line

546 3488 761 3543 carenti
799 3488 1001 3543 dilfcrt.
1030 3486 1140 3544 Nos
1168 3498 1349 3542 autem
1371 3491 1625 3558 quamvis
1654 3489 1947 3543 audiamus
1982 3492 2128 3561 quod

547 3579 702 3633 solus
754 3576 898 3633 Deus
929 3576 1093 3632 habet
1140 3578 1601 3631 immortalitatem
1635 3578 1682 3609 ⁸ο
1729 3596 1741 3633 :
1778 3594 1874 3649 per
1903 3580 2127 3633 immor-

547 3672 815 3726 talitatem
862 3670 1028 3725 etiam
1065 3670 1262 3725 Filium
1306 3670 1682 3741 intelligimus.
1738 3670 2127 3729 Immortalitas

544 3766 693 3822 enim
745 3771 826 3818 est
874 3763 1023 3829 vita;
1083 3761 1300 3817 tametsi
1331 3761 1476 3817 Deus
1526 3763 1740 3817 dicatur
1769 3764 2014 3820 habitare
2046 3766 2127 3818 lu-

545 3871 663 3913 cem
718 3856 1059 3911 inaccessam
1091 3855 1135 3887 ⁸⁸
1165 3872 1179 3909 :
1212 3854 1376 3909 etiam
1411 3869 1601 3908 verum
1631 3855 1833 3920 lumen,
1864 3856 2009 3926 quod
2042 3865 2126 3911 est

543 3949 833 4006 mendacio
878 3946 1282 4009 inaccessibile,
1337 3945 1686 4017 Unigenitum
1739 3948 1970 4019 intelligi
2015 3965 2124 4003 non

544 4039 895 4111 ambigimus,
968 4039 1021 4093 in
1081 4054 1193 4109 quo
1251 4037 1421 4093 Deum
1464 4037 1680 4093 Patrem
1734 4055 1856 4096 esse
1901 4040 1971 4094 ab
2008 4040 2124 4109 ipsa

542 4135 775 4189 veritate
816 4132 1132 4187 didicimus.
1161 4131 1242 4186 Ex
1281 4132 1364 4186 his
1402 4131 1620 4186 auditor
1659 4132 1805 4202 quod
1853 4132 2026 4203 magis
2052 4133 2124 4187 sit

543 4227 692 4295 pium
728 4224 991 4294 colligat:
1018 4232 1204 4279 utrum
1252 4226 1333 4279 sic
1373 4225 1441 4280 de
1491 4225 1782 4296 Unigcnito
1824 4226 2037 4296 opinari
2068 4237 2122 4283 et

544 4320 749 4373 sentire
794 4317 908 4371 Dco
948 4318 1148 4374 decore
1197 4329 1450 4390 oportet;
1490 4336 1559 4374 an
1602 4322 2039 4390 corruptibilem,
2070 4333 2124 4377 et

542 4410 609 4463 ad
655 4419 870 4479 tempus
895 4425 1019 4464 eum
1050 4425 1176 4465 esse
1206 4411 1412 4476 dicere,
1461 4413 1605 4467 sicut
1642 4422 1829 4468 censet
1873 4414 2117 4470 haeresis.

543 4496 669 4554 Non
716 4498 946 4551 essentia
1004 4497 1230 4570 (inquit)
1283 4500 1567 4554 secundum
1622 4519 1779 4571 quam
1827 4513 1905 4558 est
1960 4518 2117 4569 unus,

2234 3400 2372 3465 σίαν,
2406 3403 2498 3456 τὸν
2520 3403 2645 3456 Υἱὸν
2673 3404 2761 3457 διὰ
2776 3406 2875 3476 τῆς
2899 3405 3194 3471 ἀθανασίας
3224 3409 3472 3477 νοοῦμεν.
3511 3398 3760 3457 Ἀθανασία

2229 3496 2338 3565 γάρ
2373 3496 2518 3547 ἐστιν
2542 3499 2574 3566 ἢ
2604 3496 2715 3568 ζωή
2739 3514 2753 3526 ’
2784 3499 2888 3552 κᾶν
2911 3498 3133 3571 λέγηται
3158 3500 3276 3570 φῶς
3296 3503 3462 3554 οἰκεῖν
3486 3496 3759 3567 ἀπρόσιτον.

2230 3587 2396 3640 Πάλιν
2429 3595 2487 3641 τὸ
2538 3589 2787 3659 ἀληθινὸν
2836 3592 2971 3660 φῶς,
3002 3594 3135 3664 ὅπερ
3173 3594 3289 3647 ἐστὶ
3314 3592 3391 3663 τῷ
3418 3590 3590 3661 ψεύδει
3620 3584 3761 3652 ἀπρὸ⁴

2232 3698 2396 3738 σιτον,
2432 3682 2523 3735 τὸν
2564 3684 2840 3754 Μονογενῆ
2874 3685 3107 3738 νοεῖσθαι
3139 3686 3242 3739 οὐκ
3293 3676 3761 3756 ἀμφιϐάλλομεννὲν

2226 3767 2271 3841 ᾧ
2300 3775 2389 3826 τὸν
2422 3774 2638 3846 Πατέρα
2660 3768 2797 3829 εἶναι
2828 3778 2956 3847 παρ’
2989 3778 3157 3847 αὐτῆς
3180 3781 3283 3849 τῆς
3309 3775 3554 3847 ἀληθείας
3591 3768 3757 3839 ἐμάθο-

2231 3881 2350 3933 μεν.
2396 3866 2489 3918 Ἐκ
2516 3866 2719 3919 τούτων
2753 3866 2807 3920 δὲ
2828 3869 2856 3919 6
2880 3867 3170 3939 ἀκροατὴς,
3203 3865 3533 3933 ὲπιλεξάσθω
3557 3863 3611 3914 τὸ
3634 3860 3758 3912 euss-

2227 3955 2381 4008 6έστε
2391 3974 2503 4026 ρον,
2522 3958 2629 4010 εἴτε
2654 3957 2794 4011 οὕτω
2820 3958 2924 4030 χρὴ
2956 3959 3195 4031 περὶτοῦ
3224 3956 3547 4027 Μονογενοῦς
3570 3954 3759 4019 0601:95—

2226 4047 2345 4111 πῶς
2378 4045 2622 4113 δοξάζειν
2643 4065 2656 4078 ·
2693 4050 2803 4103 εἴτε
2830 4050 3067 4121 φθαρτόν
3092 4069 3151 4104 τε
3180 4053 3273 4105 καὶ
3309 4051 3625 4123 πρόσκαιρον
3643 4035 3756 4093 εἶναι

2224 4141 2512 4209 λέγειν,ὼς
2541 4142 2879 4213 ὑφηγεῖταιή
2904 4142 3133 4212 αἵρεσις.
3158 4146 3238 4197 Οὺ
3260 4140 3605 4210 τὴνούσίαν,
3625 4130 3753 4200 φησὶν

2224 4238 2350 4290 καθ’
2382 4235 2460 4304 ἢν
2507 4237 2677 4289 ἐστιν
2723 4231 2829 4300 εἷς,
2875 4234 3265 4305 χωριζόμενον
3299 4239 3384 4300 εὶς
3437 4229 3696 4289 πλείσυς”
3728 4224 3754 4287 ἦ

2223 4326 2443 4381 ἄλλοτε
2457 4327 2652 4380 ἄλλον
2673 4324 3047 4395 γινόμενονῄ
3066 4323 3171 4377 τοῦ
3185 4320 3337 4378 εἶναι
3348 4322 3379 4374 ὅ
3387 4322 3509 4374 ἐστι
3520 4307 3755 4385 μεθιστά-

2214 4428 2423 4490 μενον,
2450 4419 2590 4474 οὐδὲ
2616 4422 2682 4473 ἐκ
2699 4418 2839 4489 μιᾶς
2854 4421 3067 4485 οὐσίας
3084 4421 3168 4485 εὶς
3186 4420 3522 4472 ὑπόστασιν
3533 4400 3753 4475 τρισσὴν

2222 4511 2745 4580 σχηματιζόμενον.
2780 4512 2982 4580 Πάντη
3018 4514 3127 4582 γὰρ
3175 4512 3270 4564 καί
3318 4501 3579 4564 καθάπαξ
3611 4492 3753 4550 ἐστὶν

541 4590 595 4641 in
642 4588 817 4658 plures
850 4598 1176 4658 separatum,
1206 4590 1284 4644 vel
1331 4591 1468 4647 alias
1523 4594 1671 4646 aliud
1719 4596 1845 4664 quid
1892 4595 2116 4664 factum,

2231 4599 2329 4669 εἷς,
2364 4604 2513 4657 κατὰ
2558 4604 2629 4658 τὰ
2661 4605 2814 4658 αὑτά
2845 4624 2907 4659 τε
2935 4606 3031 4659 καὶ
3065 4607 3348 4670 ὡσαύτως
3379 4597 3649 4668 διαμένων
3670 4584 3753 4689 μό-

539 4684 619 4738 vel
665 4682 729 4735 ab
780 4699 838 4738 eo
893 4685 1029 4754 quod
1080 4692 1178 4747 est,
1228 4683 1630 4754 demigrantem,
1679 4704 1840 4757 neque
1896 4705 1961 4742 ea:
2012 4706 2118 4743 una

537 4777 768 4829 essentia
806 4775 863 4827 in
909 4774 1107 4828 trinam
1155 4776 1483 4846 Iiypostasim
1532 4778 1838 4847 ﬁguratum.
1890 4778 2117 4834 Omnino

541 4870 675 4922 rnim
718 4877 767 4921 et
814 4868 1019 4935 penitus
1062 4883 1198 4922 unus
1227 4878 1327 4921 est.
1346 4870 1632 4922 secundum
1655 4870 1836 4924 eadem
1860 4882 1908 4925 et
1937 4873 2117 4926 eodem

537 4960 692 5013 modo
727 4976 1037 5029 permanens
1074 4962 1238 5014 solus.
1293 4959 1371 5014 Ex
1403 4960 1487 5015 his
1514 4963 1812 5032 propositis
1845 4963 2000 5019 decet
2035 4970 2116 5018 in-

535 5053 864 5123 telligentem
887 5051 1192 5107 auditorem
1232 5052 1576 5117 discernere,
1606 5055 1842 5123 primum
1865 5058 2111 5126 quidem,

535 5161 657 5213 quae
707 5145 826 5200 sine
871 5160 1037 5199 sensu
1086 5144 1330 5215 proiecta
1379 5154 1508 5199 sunt
1538 5145 1593 5199 in
1644 5148 1893 5203 oratione
1925 5150 2112 5204 inania

536 5240 721 5299 verba,
771 5238 838 5290 ab
873 5237 940 5291 iis
977 5252 1099 5305 qua:
1129 5236 1585 5307 significationem
1642 5239 1880 5308 aliquam
1911 5240 2112 5298 habere

2221 4715 2349 4762 νος.
2394 4698 2487 4750 Ἐκ
2513 4697 2717 4750 τούτων
2744 4698 2797 4751 δὲ
2828 4697 2936 4750 τῶν
2968 4697 3379 4768 παρατεθέντων
3410 4686 3651 4760 προσήκει
3677 4674 3751 4768 τὸν

2224 4789 2440 4841 συνετὸν
2473 4790 2747 4859 ἀκροατὴν
2788 4789 3077 4861 διακρῖναι,
3112 4790 3323 4859 πρῶτον
3377 4784 3471 4855 μὲν
3512 4777 3572 4829 τὰ
3608 4766 3748 4861 χινρῖξ

2218 4879 2456 4943 διανοίας
2499 4852 2791 4950 ἐκριφέντα
2838 4852 2929 4951 τῷ,
2960 4880 3104 4951 λόγῳ
3156 4852 3389 4932 διάκενα
3424 4872 3624 4944 ῥήματα
3660 4852 3750 4951 ᾲπὸ

2218 4971 2326 5024 τῶν
2350 4970 2648 5024 δοκούντων
2676 4970 2800 5023 νοῦν
2831 4970 2993 5041 ἔχειν.
3028 4969 3184 5025 Μετὰ
3216 4970 3385 5023 ταῦτα
3420 4963 3474 5015 δὲ
3512 4954 3600 5025 τὴν
3625 4949 3749 5041 illi”:

2221 5064 2493 5134 σκομένην
2535 5067 2593 5117 ὲν
2643 5065 2752 5127 τοῖς
2806 5032 3117 5127 ὑπολοίποις
3148 5063 3382 5116 διάνοιαν
3413 5054 3514 5107 τῶν
3562 5032 3749 5134 εἰρηξέσ

2215 5124 2337 5209 νων·
2367 5124 2797 5219 ἐπισκοπεῖν,νεί
2840 5124 3123 5225 συμϐαίνει
3169 5156 3234 5224 τῇ
3276 5150 3401 5221 περὶ
3438 5144 3522 5197 τὸν
3545 5124 3746 5203 Χριστὸν

2214 5244 2486 5317 εύσεῦείᾳ.

535 5327 820 5396 videntur;
859 5327 1055 5382 deinde
1086 5330 1140 5381 in
1181 5305 1409 5399 reliquis
1439 5328 1602 5384 dictis
1666 5305 1992 5386 sententiam
2057 5350 2179 5404 qua:
2216 5305 2495 5391 invenitur
2553 5338 2887 5407 perSpicerc,
2946 5346 3124 5391 utrmn
3180 5334 3362 5406 pietati
3417 5336 3529 5397 quae
3579 5320 3655 5368 cst
3696 5305 3741 5357 ill

533 5423 720 5479 Jesum
763 5422 1074 5476 conveniat.

604 5515 793 5571 Priora
836 5516 1002 5586 igitur
1044 5516 1209 5571 verba
1245 5531 1368 5586 quze
1424 5515 1513 5571 hic
1551 5526 1682 5572 sunt
1738 5522 1983 5589 apposita
2052 5524 2105 5575 in

533 5608 874 5676 universum,
918 5624 1094 5681 neque
1132 5608 1354 5674 bonam,
1404 5624 1583 5681 neque
1622 5610 1819 5665 malam
1866 5613 2105 5683 aliquam

2275 5519 2357 5572 Τὰ
2377 5520 2474 5589 μὲν
2486 5514 2579 5572 οῦν
2596 5518 2786 5588 πρῶτα
2809 5517 2917 5570 τῶν
2935 5517 3343 5587 παρατεθέντων
3364 5510 3573 5567 καθόλου
3589 5499 3740 5589 πάσης

2215 5610 2310 5662 καὶ
2338 5586 2507 5679 καλῆς
2540 5586 2651 5661 καὶὴ
2669 5608 2844 5678 κακῆς
2870 5586 3105 5673 διανοίας
3140 5607 3476 5678 κεχώρισται.
3508 5594 3627 5649 Τίνα
3650 5586 3738 5652 γὰρ

602 5742 650 5775 η
693 5742 933 5819 ﬁcitur,
983 5744 1073 5799 ει.
1151 5746 1196 5779 τε
1233 5744 1363 5801 ibid.
1398 5746 1452 5801 9.
1530 5747 1576 5779 το
1609 5747 1738 5804 ibid.
1783 5750 1829 5803 ι,
1908 5748 2127 5819 πριιίιίι

2248 5764 2307 5813 ιι,
2340 5748 2425 5803 10.
2483 5750 2527 5781 ⁷⁵
2552 5749 2679 5804 ibid.
2716 5751 2800 5803 Η.
2878 5751 2922 5783 ⁷⁵
2952 5751 3110 5806 Prov.
3148 5749 3334 5815 vut,5.
3408 5733 3639 5793 “l'l'im.
3668 5734 3731 5784 τι,

535 5814 623 5879 16.
700 5813 744 5845 ⁸⁸
813 5814 944 5873 ibid.
