3922 6466
137 322 215 379 ιδι

1215 303 1499 362 CONTRA
1531 299 1920 364 E-UNOMIUM,
1956 297 2087 354 LIB.
2129 299 2195 353 ll.

3230 293 3336 350 ιδε

134 438 335 491 iis;me
383 429 496 499 ἔχει
526 427 603 489 τὸ,
637 427 698 479 ού
728 426 827 497 τὴν
872 422 1060 478 ούσίαν
1104 422 1225 477 καθ’
1263 424 1332 493 ἦν
1366 424 1513 475 ἐστιν
1563 414 1665 484 εἷς,

1775 418 2095 473 sententiam
2151 417 2204 469 in
2250 430 2312 470 se
2355 412 2655 469 continent.
2708 411 2882 478 Quam
2931 410 3076 465 enim
3110 420 3337 466 sentem

135 525 455 598 χωριζόμενον
484 522 559 582 εἰς
594 518 833 580 πλείους,
864 516 896 586 ἢ
933 516 1120 568 ἄλλοτε
1160 514 1317 568 ἄλλον
1360 514 1661 583 γινόμενον,

133 625 254 688 ἦτον
285 612 416 666 εἶναι
447 614 476 666 ὃ
515 614 657 663 ἐστιν
695 609 1120 678 μεθιστάμενονς
1153 605 1278 659 Ούτ’
1298 605 1362 658 ἂν
1390 603 1551 666 αὐτὸς
1587 602 1665 654 εῐ-

134 723 241 761 που
284 706 397 758 οὔτε
451 702 572 755 τινὰ
624 702 734 753 τῶν
782 697 1211 769 συμμαχούντων
1263 695 1412 766 αύτῷ
1460 695 1664 765 νομίζω

132 795 343 851 δύνασθαι
384 793 451 845 ἂν
486 792 727 861 ἐξευρεῖν
757 792 914 842 σκιάν
955 806 1076 841 τινα
1109 787 1343 849 διανοίας
1369 790 1425 840 ἐν
1451 788 1561 849 τοῖς
1590 787 1665 837 εί-

137 889 361 959 ρημένοις.
392 886 473 936 Οὐ
504 884 615 946 τὴν
641 882 861 935 οὐσίαν
890 880 1016 933 καθ’
1054 879 1134 947 ἣν
1160 880 1331 932 ἐστιν
1352 873 1458 943 εἷς.
1484 878 1665 946 Χωρι-

133 983 314 1048 ζόμενον
359 976 521 1028 αὑτὸν
569 974 719 1041 λέγει
748 973 845 1043 τῆς
890 971 1076 1032 οὐσίας
1119 968 1400 1038 αύτοῦ,μὴ
1439 966 1664 1039 χωρίζε-

136 1071 306 1139 ςοαι,ῆ
337 1069 429 1137 τὴν
458 1067 646 1118 οὐσίαν
688 1065 837 1133 λέγει
873 1063 967 1116 ἀπ’
1008 1062 1172 1115 αὑτοῦ
1207 1061 1280 1132 μὴ
1326 1058 1660 1132 μερίζεσθαι.

132 1166 277 1231 Ψόςος
312 1162 390 1221 τίς
414 1162 553 1215 ἐστι.
586 1157 679 1209 καὶ
704 1152 836 1225 ἦχος
874 1155 1099 1225 μάταιος
1130 1153 1253 1221 εἱκῆ
1288 1151 1661 1220 συγκείμενος,

131 1256 446 1323 όὰσὴμαντος
482 1246 637 1311 οὗτος
664 1248 837 1315 λόγος.
872 1246 982 1299 Καὶ
1012 1246 1063 1297 τί
1097 1244 1203 1314 χρὴ
1227 1243 1563 1313 παραμένειν
1594 1244 1662 1312 τῇ

132 1345 327 1409 ἐξετάσει
347 1342 452 1392 τῶν
489 1340 824 1407 ἀδιανοήτων
844 1336 1046 1388 τούτων
1088 1335 1376 1406 ῥημάτωνς
1405 1332 1529 1393 Πῶς
1556 1331 1664 1399 γάρ

133 1447 190 1489 τις
219 1429 303 1496 τῆς
333 1426 527 1478 ἑαυτοῦ
569 1425 755 1486 οὐσίας
782 1422 1069 1493 χωρισθεὶς
1112 1423 1169 1473 ὲν
1194 1421 1273 1491 τῷ
1315 1418 1451 1474 εἷναι
1481 1420 1661 1489 μένεις

136 1524 183 1573 'll
204 1520 302 1581 πῶς
333 1521 363 1587 ἠ
396 1518 557 1569 ούσία
578 1516 721 1577 τινὸς
749 1513 1083 1584 μερισθεῖσα,
1114 1512 1198 1581 ἐφ’
1230 1511 1431 1580 ἑαυτῆς
1456 1511 1665 1563 δείκνυ-

134 1628 219 1675 ut;
240 1611 301 1662 Ἣ
324 1608 439 1670 πῶς
456 1610 579 1660 ἐστι
600 1605 819 1658 δυνατὸν
848 1603 956 1657 ἀπὸ
973 1601 1065 1655 τοῦ
1096 1604 1153 1655 ὲν
1180 1594 1223 1668 ᾧ
1238 1603 1382 1655 ἐστιν
1406 1600 1661 1662 ἐκϐάντα.

134 1703 251 1757 ἄλλον
277 1699 525 1767 γενέσθαι
552 1698 659 1762 ἔξω
689 1693 879 1748 ἑαυτοῦ
912 1692 1218 1763 γενόμενον;
1261 1688 1573 1744 Ἁλλόὑὸὲ
1594 1688 1661 1741 ἐκ

132 1765 323 1864 μιᾶς,φῇ
331 1792 431 1851 civ,
449 1790 674 1853 οὐσίας
685 1792 771 1853 εἰς
787 1784 1143 1849 ὑποστάσει(
1158 1782 1312 1850 τρεῖς
1321 1780 1674 1849 σχηματιζό-
1701 1765 1742 1819 Β

131 1902 290 1953 μενον.
304 1882 482 1935 Παντὶ
515 1881 632 1949 γὰρ
649 1878 923 1940 καθάπαξ
944 1876 1114 1929 ἐστὶν
1131 1870 1236 1938 εἷς,
1257 1872 1407 1926 κατὰ
1434 1873 1507 1926 τὰ
1520 1870 1670 1925 αὑτά

134 1976 268 2031 τεκαὶ
282 1975 562 2037 ὡσαύτως
574 1971 866 2039 διαμένων
882 1970 1086 2038 μόνος.
1106 1966 1179 2018 Τὸ
1202 1966 1300 2036 μὲν
1319 1961 1409 2018 οὖν
1426 1962 1672 2033 ἀδιανόη-

134 2086 202 2121 τον
228 2070 277 2119 ὲν
321 2068 427 2129 τοῖς
460 2063 811 2134 εἰρημένοις,
848 2060 1009 2113 παντὶ
1052 2058 1210 2128 δῆλον
1246 2052 1384 2108 εἶναι
1420 2056 1513 2109 καὶ
1567 2052 1671 2125 πρὸ

135 2159 215 2211 τῶν
233 2158 496 2227 ἡμετέρων
524 2150 685 2224 οἶμαι
719 2153 891 2218 λόγων
912 2168 925 2182 ·
965 2149 1176 2210 τούτοις
1201 2148 1257 2200 δὲ
1290 2146 1613 2213 ἅντιλεγέτω
1643 2148 1672 2199 ό

138 2250 324 2321 νομίζων
348 2246 483 2302 εἷναί
503 2264 633 2300 τινα
657 2249 715 2298 ὲν
739 2247 851 2306 τοῖς
871 2241 1186 2312 λεγομένοις
1208 2238 1331 2292 νοῦν
1352 2239 1385 2311 ἢ
1411 2239 1669 2293 διάνοιανδ

139 2343 254 2411 ὁγὰρ
274 2342 465 2412 κρίνειν
496 2334 918 2405 ὲπεσκεμμένος
955 2333 1112 2401 λόγου
1158 2331 1407 2399 δύναμιν.
1433 2327 1673 2394 ἀπαξιώ-

145 2450 201 2485 σει
216 2436 306 2494 toi;
331 2428 730 2488 ἀνυποστάτοις
758 2422 1185 2494 συμπλέκεσθαι.
1221 2422 1355 2473 Τίνα
1383 2419 1493 2491 γὰρ
1520 2421 1672 2490 ἰσχὺν

141 2522 222 2595 ἔχει
245 2522 367 2576 κατὰ
383 2521 476 2574 τοῦ
509 2518 785 2589 ἡμετέρου
816 2517 1099 2585 δόγματος.
1135 2514 1193 2566 τὸ
1217 2513 1418 2581 λέγειν,
1445 2514 1526 2566 Οὐ
1559 2510 1673 2578 τὴν

141 2616 327 2675 οὐσίαν,
349 2614 473 2665 καθ’
504 2611 594 2677 ἢν
628 2610 799 2663 ἐστιν
821 2604 907 2671 εἷς
937 2603 1344 2675 χωριζόμενον,
1387 2603 1424 2669 ἢ
1445 2602 1672 2672 μεριζό-

138 2720 280 2771 μενον
300 2705 377 2767 εις
402 2700 682 2763 πλείους,
716 2696 756 2765 ἢ
784 2694 1003 2748 ἄλλοτε
1044 2692 1237 2745 ἄλλον
1262 2692 1603 2761 γινόμενον
1632 2691 1672 2761 ἢ

140 2796 219 2849 τοῦ
257 2791 391 2848 εἶναι
440 2792 474 2845 ὅ
528 2792 665 2845 ἐστι
708 2786 1147 2857 μεθιστάμενον
1182 2805 1195 2818 ’
1232 2787 1367 2839 οὔτε
1414 2787 1483 2839 ἐκ
1532 2784 1674 2855 μιᾶς

139 2889 308 2952 οὐσίας
334 2889 416 2952 είς
441 2882 822 2946 ὑποστάσεις
844 2879 997 2947 τρεῖς
1026 2878 1570 2948 σχηματιζόμενον;
1604 2881 1673 2932 Ἀ

145 2982 246 3049 μήτε
259 2979 455 3047 λέγεται
483 2973 648 3045 παρὰ
666 2972 774 3025 τῶν
794 2971 835 3024 Χ
849 2971 1153 3040 ριστιανῶν.
1176 2972 1309 3042 μήτε
1337 2972 1670 3025 πιστεύεται·

146 3072 249 3139 μήτε
268 3072 323 3121 ὲκ
346 3068 433 3121 τοῦ
456 3064 758 3121 ἀκολούθου
791 3063 880 3152 δια
915 3062 1023 3115 τῶν
1054 3062 1182 3130 παρ’
1207 3064 1340 3132 ἡμῖν
1388 3062 1675 3132 ὁμολογου-
1700 3095 1742 3152 C

147 3160 281 3227 μένων
301 3162 518 3212 νοεῖται.
564 3156 662 3218 Τίς
687 3156 796 3223 γὰρ
829 3151 949 3208 εἷπε
977 3153 1133 3206 τοῦτό
1166 3170 1317 3211 ποτε.
1357 3152 1388 3222 ἢ
1429 3153 1677 3221 λέγοντος

146 3259 324 3321 inausa»
355 3255 409 3304 ὲν
435 3254 502 3321 τῇ
533 3248 633 3301 τοῦ
658 3246 793 3299 θεοῦ
844 3245 1156 3316 Ἐκκλησία,
1191 3246 1271 3297 ὅτι
1309 3247 1337 3297 ό
1372 3246 1555 3315 Πατὴρ
1581 3246 1680 3314 τὴν

144 3346 286 3396 οὐσίαν
314 3345 343 3412 ἢ
368 3341 668 3413 χωρίζεται
700 3339 733 3409 ἢ
773 3338 1084 3409 μερίζεται,
1119 3338 1151 3408 ἢ
1182 3338 1367 3392 ἄλλοτε
1408 3337 1568 3399 ἄλλος
1597 3336 1680 3405 γίο

146 3453 271 3495 νεται,
299 3437 392 3502 ἔξω
424 3432 629 3488 ἑαυτοῦ
661 3432 961 3501 γινόμενος,
995 3429 1027 3500 ἢ
1061 3430 1142 3492 εἰς
1179 3429 1505 3492 ὑποστάσεις
1533 3430 1681 3499 τρεῖς

148 3527 521 3594 τίηματίζεταιζ
566 3521 776 3590 Ἑαυτῷ
830 3518 1003 3572 ταῦτα
1034 3518 1187 3571 λαλεῖ
1220 3519 1245 3570 ό
1291 3517 1582 3586 Εύνόμιοςο
1611 3518 1671 3570 ού

147 3616 246 3683 πρὸς
272 3618 407 3685 ἡμᾶς
442 3612 778 3684 μαχόμενος,
813 3608 925 3662 ἀλλ’
967 3608 1099 3670 ιδίας
1132 3606 1441 3677 φληνάφους
1479 3608 1669 3676 εἴρων·

147 3706 299 3777 πολλὴ)
340 3705 652 3776 καταμίξας
700 3704 765 3771 τῇ
809 3699 1032 3769 ἁσεὸείᾳ
1077 3698 1183 3750 τῶν
1231 3697 1540 3767 λεγομένων
1573 3697 1672 3769 τὴν

148 3796 305 3849 ἄνοιαν.
347 3798 539 3866 Ἡμεῖς
568 3794 675 3863 γὰρ
705 3792 897 3860 ὲτιίσης
936 3789 1131 3851 ἀσεϐές
1163 3806 1222 3841 τε
1261 3790 1355 3841 καὶ
1393 3788 1552 3841 ἄθεον
1582 3790 1671 3843 λέ-

150 3903 291 3956 γομεν,
313 3890 399 3942 καὶ
420 3889 479 3941 τὸ
536 3885 755 3939 κτιστὸν
793 3884 972 3951 λέγειν
1002 3882 1093 3934 τὸν
1117 3882 1391 3951 Δεσπότην
1435 3882 1534 3951 τῆς
1560 3883 1675 3935 κτί-

151 3994 281 4042 σεωςι
306 3983 391 4032 καὶ
422 3982 478 4032 τὸ
510 3977 728 4031 οἴεσθαι
758 3976 847 4028 τὸν
884 3974 1103 4044 Πατέρα
1129 3972 1263 4026 καθό
1295 3975 1430 4037 ἐστι,
1461 3972 1683 4045 χωρίζε-

152 4070 302 4141 σθαιῆ
342 4068 717 4141 τέμνεσθαι,ἢ
766 4064 960 4119 ἑαυτοῦ
1012 4063 1395 4133 ὲξίστασθαι,ἢ
1444 4067 1523 4127 είς
1550 4066 1679 4117 ὑπο-

154 4161 320 4224 στάσεις
362 4165 506 4232 τρεῖς
552 4156 1017 4229 σχηματίζεσθαι’
1051 4155 1242 4225 ὥσπερ
1268 4158 1390 4208 τινὰ
1428 4155 1614 4226 πηλὸν,
1645 4155 1678 4226 ἢ

152 4252 295 4317 κηρὸν.
329 4252 381 4303 ἐν
421 4251 663 4320 μορφαῖς
698 4246 975 4317 διαφόροις
1007 4244 1482 4314 διαπλασσόμενον.

1766 512 1894 563 tiam
1948 508 2113 562 habet
2170 507 2297 568 hoc,
2351 521 2458 560 non
2510 505 2748 560 essentia
2796 504 3095 559 secundum
3169 518 3334 570 quam

1763 603 1848 650 est
1889 610 2053 657 unus,
2090 603 2401 664 separatum
2434 594 2487 647 in
2516 595 2720 663 plures.
2740 595 2824 647 vel
2862 594 2998 649 alias
3029 593 3175 648 aliud
3204 593 3333 662 quid

1766 684 1990 747 factum,
2049 686 2132 739 vel
2189 685 2259 739 ab
2299 700 2421 740 esse
2447 685 2591 755 quod
2621 692 2728 747 est,
2764 682 3197 754 demigrantem?
3227 683 3339 739 Nec

1766 775 1881 845 ipse
1923 776 2159 849 dixerit;
2186 791 2363 845 neque
2408 788 2737 846 quemquam
2768 789 2957 828 eorum
2998 775 3089 844 qui
3117 774 3186 826 ah
3213 772 3335 841 ejus

1764 882 1930 921 causa
1997 874 2143 921 stant
2214 868 2267 921 in
2318 867 2404 921 his
2466 881 2587 936 qua:
2652 866 2798 920 dicta
2864 872 2991 919 sunt
3053 867 3337 920 sententiae

1766 957 2011 1010 umbram
2047 958 2283 1027 aliquam
2311 957 2550 1011 arbitror
2587 971 2749 1025 posse
2776 955 3037 1009 invenire.
3086 952 3211 1007 Non
3251 970 3337 1007 es-

1765 1050 1934 1101 sentia
1968 1049 2252 1103 secundant
2283 1066 2438 1119 quam
2471 1057 2550 1103 est
2588 1065 2743 1102 unus.
2787 1046 3106 1116 Separatum
3158 1046 3336 1116 ipsum

1764 1140 1897 1194 dicit
1951 1140 2017 1194 ab
2063 1142 2303 1195 essentia
2349 1142 2430 1194 sui
2472 1140 2677 1210 ipsius,
2743 1155 2854 1193 non
2909 1138 3189 1208 separari,
3250 1138 3339 1193 vel

1764 1231 2056 1285 essentiam
2103 1232 2224 1299 ejus
2268 1232 2403 1285 dicit
2450 1232 2519 1285 ab
2566 1232 2684 1300 ipso
2724 1245 2831 1284 non
2886 1229 3075 1284 dividi.
3132 1228 3339 1298 Strepi—

1767 1330 1857 1377 tus
1879 1323 2096 1392 qttidam
2124 1330 2285 1377 estet
2328 1321 2541 1375 sonitus
2585 1321 2763 1374 inanis
2803 1327 3006 1373 temere
3048 1318 3336 1383 conﬂatus,

1764 1414 1881 1469 haec
1922 1415 2055 1468 nihil
2113 1414 2432 1483 signiﬁcans
2480 1413 2677 1467 oratio.
2739 1410 2945 1481 Ecquid
2992 1418 3076 1465 est
3114 1426 3340 1465 necesse

1764 1506 1820 1559 in
1865 1507 2154 1561 verborum
2197 1516 2374 1558 mente
2418 1510 2472 1558 et
2513 1518 2675 1557 sensu
2706 1503 3008 1557 carentium
3058 1504 3340 1556 examina-

1764 1597 1913 1652 tione
1945 1597 2152 1651 diutius
2195 1595 2490 1650 insistere?
2519 1595 2801 1661 Quomodo
2846 1596 2989 1649 enim
3022 1595 3147 1664 quis
3178 1611 3206 1648 a
3239 1612 3337 1649 sua

1766 1688 1941 1758 ipsius
1991 1688 2230 1743 essentia
2276 1687 2523 1753 divulsus
2562 1689 2616 1741 in
2673 1704 2774 1742 suo
2832 1704 2955 1743 esse
3003 1689 3226 1743 manet?
3254 1689 3338 1742 vel

1772 1780 2046 1850 quomodo
2093 1780 2330 1834 essentia
2366 1781 2609 1853 alicujus
2648 1780 2700 1833 iu
2750 1790 2931 1851 partes
2960 1782 3133 1837 divisa
3177 1781 3233 1835 in
3280 1795 3342 1836 se

1770 1875 1887 1942 ipsa
1924 1874 2269 1927 ostenditur?
2300 1873 2385 1927 vel
2438 1872 2531 1941 qui
2589 1873 2705 1927 ﬁeri
2767 1883 2964 1941 petest.
3017 1882 3075 1927 ut
3124 1874 3217 1944 qui
3272 1874 3343 1927 ab

1770 1982 1835 2020 eo
1876 1966 1929 2019 in
1984 1980 2097 2035 quo
2145 1972 2231 2020 est
2282 1965 2501 2031 exierit,
2545 1964 2684 2020 alius
2745 1966 2838 2018 ﬁat
2891 1974 3043 2019 extra
3100 1966 3339 2035 seipsum

1772 2054 1988 2108 lactus?
2039 2053 2141 2108 Sed
2198 2069 2358 2123 neque
2404 2068 2469 2107 ex
2518 2070 2645 2113 una.
2701 2054 2803 2116 ait,
2851 2054 3078 2107 essentia
3129 2054 3182 2107 in
3240 2064 3342 2109 tres

1773 2146 2081 2216 hypostases
2114 2146 2421 2215 ﬁguratum.
2464 2142 2690 2199 Prorsus
2720 2149 2857 2200 enim
2889 2155 2937 2200 et
2968 2147 3173 2214 penitus
3207 2162 3342 2201 unus

1770 2246 1868 2299 est,
1891 2236 2177 2291 secundum
2198 2236 2380 2291 eadem
2399 2244 2449 2290 et
2474 2222 2652 2291 eodem
2673 2236 2828 2292 modo
2845 2253 3152 2307 permanens
3175 2238 3341 2293 salus.

1772 2326 1932 2394 Quod
1984 2329 2151 2397 igitur
2201 2339 2384 2382 mente
2426 2337 2580 2383 caret
2619 2337 2672 2383 et
2714 2344 2879 2383 sensu
2910 2329 2963 2384 in
3000 2330 3067 2385 iis
3106 2346 3228 2399 qua:
3260 2346 3348 2385 re-

1771 2420 1936 2473 citata
1968 2429 2094 2474 sunt
2120 2418 2370 2473 Eunomii
2396 2420 2599 2485 verbis,
2639 2420 2816 2475 cuivis
2850 2422 3201 2492 perspicuum
3224 2438 3348 2478 esse

1777 2512 1943 2567 etiam
1983 2521 2109 2566 ante
2158 2518 2375 2566 nostras
2424 2511 2666 2566 rationes
2713 2511 2949 2567 arbitror
3006 2532 3018 2567 :
3074 2513 3160 2567 bis
3210 2528 3347 2583 ergo

1772 2603 2133 2661 contradicat.
2187 2602 2282 2670 qui
2320 2608 2475 2673 putat
2516 2602 2581 2657 iis
2628 2602 2809 2657 verbis
2838 2604 3073 2674 aliquam
3109 2614 3344 2661 mentem

1772 2702 1827 2748 et
1857 2694 2267 2763 intelligentiam
2309 2694 2491 2749 inesse
2529 2714 2540 2748 :
2573 2692 2668 2763 qui
2704 2694 2849 2749 enim
2876 2695 3149 2751 sermonis
3184 2695 3346 2752 istius

1776 2786 1882 2838 vim
1912 2786 2368 2850 consideraverit,
2403 2786 2661 2842 absurdis
2686 2793 2741 2840 et
2768 2787 2975 2842 nullum
3025 2789 3347 2843 fundamen-

1774 2886 1888 2930 tum
1945 2877 2270 2932 habentibus
2303 2877 2570 2947 implicari
2603 2884 2658 2933 et
2703 2878 2911 2935 hazrere
2940 2880 3342 2952 dedignabitur.

1774 2967 1913 3034 Quid
1959 2969 2106 3023 enim
2147 2969 2365 3024 roboris
2425 2977 2481 3024 et
2538 2973 2799 3028 momenti
2861 2980 3051 3027 contra
3100 2981 3346 3030 nostrum

1775 3061 1969 3129 dogma
2013 3060 2196 3122 habet,
2233 3061 2336 3115 hoc
2397 3062 2704 3129 enuntiare,
2755 3081 2858 3118 non
2901 3066 3128 3119 essentia
3165 3082 3349 3119 secun-

1776 3150 1900 3201 dum
1964 3167 2122 3219 quam
2181 3160 2261 3204 est
2312 3167 2447 3205 unus
2515 3163 2865 3221 separatum,
2930 3153 3007 3207 uel
3058 3154 3115 3207 in
3170 3154 3346 3223 plures

1785 3243 2071 3309 partitione
2102 3242 2249 3311 facta
2277 3245 2539 3299 divulsum
2563 3285 2578 3307 ,
2614 3255 2706 3298 aut
2745 3247 2834 3316 qui
2866 3246 3003 3300 alias
3049 3246 3186 3301 aliis
3223 3246 3347 3315 efﬁ-

1775 3335 1929 3395 citur,
1964 3333 2039 3386 vel
2080 3335 2170 3403 qui
2205 3336 2269 3388 ab
2313 3351 2371 3388 eo
2399 3336 2536 3405 quod
2577 3346 2688 3399 est,
2721 3354 2835 3392 esse
2884 3337 3104 3392 discedit
3142 3355 3160 3392 :
3188 3355 3349 3409 neque

1778 3441 1842 3478 ex
1926 3442 2034 3478 una
2091 3427 2319 3481 essentia
2380 3427 2434 3481 in
2489 3437 2590 3481 tres
2645 3429 3010 3483 subsistentias
3080 3430 3342 3495 transfor-

1779 3519 1998 3572 matar?
2035 3516 2164 3582 Qua:
2202 3534 2381 3588 neque
2416 3534 2447 3573 a
2488 3519 2817 3576 Christianis
2851 3521 3129 3584 dicuntur,
3173 3537 3349 3591 neque

1780 3612 2131 3665 creduntur:
2202 3628 2379 3683 neque
2432 3628 2497 3668 ex
2560 3622 2932 3684 consequente
2981 3629 3077 3684 per
3113 3629 3174 3668 ea
3228 3629 3350 3684 qua

1781 3700 1924 3769 apud
1979 3716 2079 3756 nos
2128 3710 2279 3756 certa
2326 3712 2453 3758 sunt
2502 3711 2557 3759 et
2615 3719 2900 3766 concessa.
2950 3705 3346 3776 intelliguntur.

1781 3792 1914 3858 Quis
1961 3793 2109 3847 enim
2150 3793 2266 3848 haec
2319 3810 2559 3864 unquam
2599 3795 2759 3861 dixit,
2824 3797 2908 3851 vel
2952 3812 3016 3851 ex
3049 3797 3263 3852 dicente
3292 3797 3348 3851 in

1783 3884 1876 3939 Dei
1923 3884 2164 3940 Ecclesia
2221 3885 2468 3952 audivit,
2517 3889 2660 3958 quod
2707 3888 2867 3944 Pater
2925 3890 3223 3944 secundum
3258 3905 3350 3945 es-

1785 3976 2016 4029 sentiam
2072 3976 2157 4029 vel
2201 3985 2489 4047 separatur
2539 3978 2621 4033 vel
2673 3979 3039 4047 distribuitur,
3093 3981 3174 4034 vel
3215 3981 3351 4036 alias

1784 4067 1927 4120 alius
1975 4068 2247 4137 gignitur,
2296 4078 2453 4123 extra
2502 4058 2742 4139 seipsum
2795 4070 2991 4135 lactus,
3029 4080 3082 4125 et
3111 4072 3253 4141 quod
3294 4072 3349 4125 in

1786 4164 1901 4211 tres
1947 4157 2274 4227 bypostases
2298 4157 2597 4229 figuratur?
2622 4158 2733 4214 Sibi
2762 4160 2863 4231 ipsi
2893 4162 3137 4231 loquitur
3164 4160 3351 4215 Euno-

1786 4248 1954 4311 mius,
1988 4264 2093 4302 non
2115 4264 2215 4304 nos
2245 4264 2585 4321 0ppugnans,
2604 4252 2700 4307 sed
2738 4267 2867 4307 suas
2900 4268 3072 4324 nugas
3104 4262 3353 4319 nectens,

154 4346 389 4412 plurimam
436 4344 713 4414 impietati
763 4359 876 4415 sua:
921 4342 1251 4398 dementiam
1287 4358 1352 4396 ex
1392 4343 1476 4398 his
1514 4342 1677 4399 dictis
1715 4344 2028 4399 admiscuit.
2070 4344 2184 4400 Nos
2223 4348 2367 4401 enim
2401 4362 2467 4403 ex
2500 4362 2656 4417 aequo
2683 4356 2737 4403 et
2767 4348 3014 4419 impium,
3081 4358 3137 4406 et
3206 4353 3353 4422 quod

155 4437 281 4495 Deum
315 4444 446 4498 tollit
475 4442 740 4503 dicimus,
768 4447 1034 4494 creatura
1083 4439 1376 4494 Dominum
1442 4438 1571 4509 quid
1634 4450 1877 4494 creatum
1925 4456 2051 4497 esse
2109 4442 2315 4512 profari

2368 4462 2382 4498 :
2434 4452 2490 4500 et
2550 4454 2745 4515 putare
2796 4443 3034 4511 Patrem,
3085 4462 3193 4517 qua
3246 4454 3353 4511 est,

156 4539 349 4605 separari
398 4539 481 4593 vel
518 4536 785 4591 dissecari
824 4536 909 4589 vel
947 4549 1014 4589 ex
1054 4535 1237 4604 seipso
1273 4534 1563 4604 emigrare,
1602 4534 1687 4589 vel
1726 4537 1780 4590 in
1826 4546 1938 4592 tres
1982 4536 2367 4594 subsistentias
2430 4538 2546 4595 sive
2581 4554 2841 4608 personas
2891 4539 3135 4604 formari,
3203 4542 3355 4595 velut

158 4626 289 4681 lutum
334 4630 630 4697 quoddam,
662 4628 746 4682 vel
776 4642 979 4691 ceram,
1014 4643 1137 4682 cum
1183 4627 1375 4682 formis
1421 4627 1798 4683 dill‘erentibus
1846 4629 2141 4700 ellingitur.

216 4719 350 4775 Ἀλλὰ
373 4725 497 4784 τοὺς
535 4723 734 4792 ἐφεξῆς
766 4722 955 4789 λόγους
984 4724 1329 4794 σκεψώμεθα.
1351 4724 1549 4792 IIde
1572 4724 1675 4794 γὰρ

1856 4722 1960 4779 Sed
2003 4741 2125 4794 qua:
2168 4731 2477 4795 sequuntur
2516 4724 2679 4779 verba
2724 4726 3156 4782 consideremus.
3196 4727 3357 4783 Omni

161 4810 231 4861 ml
274 4814 536 4879 καθάπαξ
584 4814 755 4866 ἐστὶν
806 4808 892 4879 εἷς
929 4830 945 4844 ·
973 4816 1121 4867 κατὰ
1173 4816 1244 4867 τὰ
1276 4814 1429 4868 αὺτὰ
1471 4831 1534 4867 τε
1579 4814 1677 4867 καὶ

162 4899 391 4972 ὡσαύτως
418 4907 714 4976 διαμένων
731 4909 937 4975 μόνος.
960 4909 1020 4960 El
1055 4908 1183 4978 napi.
1220 4906 1312 4960 τοῦ
1360 4908 1571 4977 Πατρὸς
1590 4908 1679 4960 λέ-

162 5005 237 5053 γει,
274 4995 414 5048 τούτο
464 4996 563 5049 καὶ
615 4998 775 5065 ἡμεῖς
832 4996 1205 5067 συντιθέμεθα.
1253 4993 1349 5059 Εἷς
1388 4997 1495 5069 γάρ
1534 5000 1682 5050 ἐστιν

163 5080 214 5142 (ἶνις
239 5076 426 5155 ἀληθῶς
454 5090 482 5140 ὁ
507 5088 718 5158 Πατὴρ,
742 5088 900 5157 μόνος
927 5090 1019 5141 καὶ
1053 5090 1225 5157 πάντη
1262 5088 1513 5155 καθάπαξ
1541 5090 1682 5142 κατὰ

165 5174 210 5222 τὰ
231 5175 346 5227 αύτά
366 5194 417 5230 τε
470 5180 563 5230 καὶ
602 5178 861 5242 ὡσαύτως
902 5179 1057 5249 ἔχων.
1089 5181 1198 5233 Καὶ
1234 5181 1354 5233 ούδέ
1387 5198 1515 5233 ποτε
1548 5182 1682 5251 ὅπερ

164 5261 287 5315 ἐστὶν.
312 5267 425 5321 οὔτε
459 5271 532 5340 μὴ
564 5271 661 5332 ὢν,
684 5270 805 5323 οὔτε
844 5270 916 5341 μὴ
941 5270 1215 5341 ἐσόμενος.
1248 5273 1311 5323 El
1339 5273 1516 5325 τοίνυν
1546 5270 1683 5341 πρὸς

164 5353 227 5402 τῦν
250 5357 445 5429 Πατέρα
481 5361 663 5429 βλέπει
696 5363 727 5431 ἡ
760 5361 980 5432 τοιαύτη
1006 5362 1179 5432 φωνὴ,
1210 5362 1283 5433 μὴ
1322 5362 1575 5432 μαχέσθω
1605 5362 1683 5430 τῷ

165 5437 347 5509 δίγματι
393 5451 487 5519 τῆς
542 5450 840 5513 εὐσεϐείας,
904 5452 1206 5520 συμφωνῶν
1259 5455 1322 5521 τῇ
1387 5452 1681 5521 Ἐκκλησία

168 5536 272 5586 nti
301 5539 441 5591 τοῦτο
480 5542 539 5593 τὸ
583 5542 779 5613 μέρος*
814 5545 841 5595 ὁ
888 5543 995 5613 γὰρ
1033 5544 1309 5613 ὁμολογῶν
1334 5544 1425 5595 τὸν
1468 5544 1682 5613 Πατέρα

170 5624 356 5681 πάντοτε
385 5634 472 5684 καὶ
496 5634 752 5699 ὡσαύτως
783 5635 942 5705 ἔχειν,
977 5636 1073 5689 ἕνα
1102 5637 1191 5688 καὶ
1232 5636 1389 5705 μόνον
1411 5636 1558 5694 ὄντα,
1593 5636 1683 5688 τὸν

172 5712 244 5778 τῆς
272 5720 527 5786 εὺσεϐείας
564 5725 817 5793 κρατύνει
850 5726 1032 5795 λόγον’
1065 5726 1275 5796 βλέπων
1322 5727 1378 5779 ἐν
1404 5725 1480 5797 τῷ
1509 5728 1683 5798 Πατρὶ

1784 4830 1848 4869 ea:
1892 4826 2041 4883 parte
2086 4824 2136 4869 et
2177 4815 2412 4869 absolute
2458 4832 2594 4869 unus
2641 4825 2717 4870 est
2767 4833 2786 4871 :
2837 4818 3120 4871 secundum
3174 4823 3355 4872 eadem

1785 4915 1835 4959 et
1875 4905 2050 4957 eodem
2083 4904 2235 4957 modo
2290 4920 2601 4973 permanens
2635 4905 2800 4959 solus.
2835 4904 2892 4959 Si
2916 4906 2982 4959 de
3013 4905 3171 4960 Patre
3197 4907 3355 4970 dicit,

1790 4997 1893 5049 hoc
1932 4997 2093 5050 etiam
2128 5012 2228 5051 nos
2260 4997 2701 5066 comprobamus.
2746 4996 2900 5053 Unus
2928 4998 3072 5051 enim
3117 5006 3201 5052 est
3229 5014 3359 5055 vere

1788 5087 1971 5149 Pater,
2013 5091 2163 5145 solus
2209 5091 2369 5145 etiam
2403 5091 2605 5159 ubique
2649 5099 2705 5144 et
2743 5105 2968 5159 prorsus
3003 5093 3355 5162 omninoque,

1789 5191 1839 5234 et
1887 5182 2187 5235 secundum
2231 5181 2418 5237 eadem
2464 5182 2764 5251 eodemque
2803 5186 2961 5237 modo
3010 5201 3069 5239 se
3127 5186 3352 5241 habens.

1784 5269 1971 5340 Neque
2015 5289 2251 5342 unquam
2294 5272 2437 5343 quod
2488 5282 2591 5335 est,
2645 5289 2819 5342 neque
2869 5290 2978 5327 non
3029 5290 3147 5336 ens.
3183 5291 3358 5344 neque

1786 5378 1894 5416 non
1948 5361 2183 5417 futurus.
2241 5362 2297 5416 Si
2340 5378 2470 5433 ergo
2522 5364 2634 5416 haec
2685 5379 2785 5417 vox
2837 5361 3051 5417 Patrem
3113 5365 3356 5433 respicit,

1786 5454 2008 5521 pietatis
2054 5454 2277 5507 decreto
2317 5468 2423 5505 non
2462 5454 2705 5522 pertinax
2763 5453 3102 5514 adversetur,
3147 5445 3239 5506 sed
3301 5454 3355 5506 in

1789 5544 1892 5597 hac
1938 5552 2090 5613 parte
2139 5543 2394 5599 Ecclesia:
2446 5545 2771 5611 consentiat.
2808 5543 2907 5608 Qui
2952 5546 3094 5598 enim
3144 5543 3360 5599 Patrem

1791 5650 2003 5704 semper
2032 5642 2085 5689 et
2105 5635 2293 5690 eodem
2331 5636 2491 5689 modo
2518 5650 2575 5688 se
2598 5634 2800 5690 habere
2826 5636 3135 5702 conﬁtetur,
3167 5654 3363 5692 unuma
3404 5692 3407 5695 .

1790 5743 1894 5797 quc
1924 5735 1977 5783 et
2014 5728 2190 5783 solum
2230 5742 2354 5784 esse
2398 5728 2707 5795 conﬁrmat,
2754 5729 2973 5800 pictatis
3016 5730 3216 5787 retinet
3256 5733 3360 5786 do-
