3922 6470
576 291 685 345 £83

1783 290 1839 343 S.
1877 284 2203 344 GREGOBII
2226 286 2519 347 NYSSENI

3671 312 3752 368 184

576 405 833 460 etrinam,
868 399 1087 455 intuens
1128 399 1181 454 in
1222 399 1381 455 Patre
1410 396 1605 454 Filium
1639 420 1652 454 :
1690 400 1809 455 sine
1844 417 1954 471 quo
1979 400 2120 456 Patet

2242 404 2331 457 τὸν
2353 406 2496 460 Υἰόνο
2524 402 2583 463 οὗ
2628 411 2796 481 χωρὶς
2819 411 3009 482 Πατὴρ
3033 412 3156 469 οὔτε
3202 416 3345 468 ἐστὶν
3365 457 3379 477 ,
3404 418 3518 472 οὔτε
3553 420 3747 489 λέγεται.

575 512 755 566 neque
801 506 882 548 est
930 508 1103 560 neque
1142 493 1362 547 dicitur.
1408 492 1562 558 Quod
1604 493 1648 546 si
1697 494 1929 560 aliquem
1977 493 2142 547 alium

578 589 746 642 Deum
791 593 985 656 praeter
1020 584 1234 639 Patrem
1276 585 1449 652 ﬁngit.
1483 599 1605 637 cum
1639 583 1841 640 ludatis
1878 585 2138 655 disputet,

573 682 662 736 vel
704 695 827 734 cum
884 680 972 733 his
995 678 1086 748 qui
1113 677 1442 748 Hypsistiani
1472 678 1862 731 nominantur:
1910 694 2138 746 quorum

574 784 659 830 est
695 775 810 827 haec
837 788 959 826 cum
993 770 1316 825 Christianis
1347 770 1641 834 discordia,
1677 769 1818 837 quod
1850 769 1949 837 ipsi
1973 768 2140 822 Deum

575 865 793 934 quidem
829 863 1153 917 eontitentur
1179 876 1301 914 esse
1328 860 1615 929 quemdam
1675 859 1915 930 ὕψιστον,
1954 859 2003 913 id
2035 867 2137 925 est,

574 957 924 1019 altissimum,
965 956 1049 1008 vel
1102 954 1532 1023 παντοκράτορα,
1580 952 1631 1005 id
1662 961 1766 1016 est,
1796 952 2139 1020 omnipoten-

576 1058 683 1103 tem
727 1047 986 1101 :Patrem
1039 1052 1217 1098 autem
1260 1044 1436 1113 ipsum
1488 1058 1606 1098 esse
1659 1058 1765 1097 non
1820 1044 2132 1096 admittunt.

571 1140 921 1193 Christianus
945 1152 1091 1200 vero,
1116 1136 1219 1191 nisi
1244 1134 1353 1189 Deo
1382 1134 1529 1188 Patri
1562 1134 1768 1197 credat,
1790 1131 2136 1190 Christianus

571 1247 679 1286 non
727 1239 830 1285 est.

639 1322 770 1387 Quae
816 1321 900 1375 his
947 1320 1201 1389 deinceps
1229 1318 1416 1387 adjicit
1441 1318 1555 1372 haec
1583 1327 1711 1372 sunt
1734 1317 1879 1369 :.\'on
1913 1316 2131 1382 habens,

568 1414 761 1481 inquit,
807 1414 1021 1466 deitatis
1070 1429 1179 1465 sum
1208 1412 1513 1479 participem
1541 1412 1761 1471 socium.
1794 1427 1895 1462 non
1926 1411 2132 1475 partia-

567 1507 704 1558 rium
744 1506 945 1574 glorin’,
1000 1521 1101 1556 non
1161 1514 1451 1556 consortem
1498 1512 1794 1570 potestatis,
1837 1518 1937 1553 non
1988 1502 2135 1569 regni

566 1612 967 1652 consessorem:
1012 1614 1145 1649 unus
1199 1598 1335 1648 enim
1390 1606 1464 1648 est
1515 1606 1565 1648 et
1601 1596 1743 1647 solus
1790 1593 1926 1647 Deus
1970 1596 2134 1647 omni-

566 1698 770 1757 potens,
826 1687 960 1740 Deus
995 1686 1233 1749 deorum,
1277 1686 1384 1739 Rea:
1430 1687 1761 1755 regnantium
1789 1726 1803 1748 ,
1875 1685 2128 1739 Dominus

2244 499 2306 551 Εί
2334 499 2389 551 δὲ
2419 499 2574 554 ἄλλον
2605 502 2726 556 τινὰ
2752 504 2899 574 παρά
2930 505 3019 558 τὸν
3050 507 3263 576 Πατέρα
3295 508 3419 561 Θεὸν
3448 514 3749 580 ἁναπλάσσει,

2257 591 2527 654 Ἰουδαίοις
2571 593 2980 666 διαλεγέσθω,ἣ
3025 601 3137 661 τοῖς
3183 600 3482 670 λεγομένοις
3517 606 3747 673 ’Υψιστια-

2241 685 2353 745 νοῖς
2369 702 2378 712 ο
2397 677 2470 735 ὧν
2493 683 2627 755 αὕτη
2652 687 2795 738 ἐστὶν
2818 688 2848 756 ἡ
2873 688 3003 757 πρὸς
3025 691 3147 752 τοὺς
3164 692 3503 760 Χριστιανοὺς
3530 697 3747 769 διαφορά·

2240 774 2300 827 τὸ
2329 775 2459 828 Θεὸν
2496 778 2590 846 μὲν
2628 779 2821 841 αὐτοὺς
2853 781 3131 849 ὁμολογεῖν
3176 780 3311 837 εἷναί
3347 802 3483 847 τινα,
3509 789 3561 841 ὃν
3591 792 3748 860 ὀνομά-

2240 865 2419 930 ζουσιν
2447 868 2726 936 ’¹Υῲιστον,
2762 870 2794 940 ἢ
2829 872 3245 944 Παντοκράτορα
3271 893 3283 906 ·
3309 877 3513 948 Πατέρα
3536 879 3585 932 δὲ
3618 883 3749 935 αὑτὸν

2238 954 2377 1011 εἶναι
2424 960 2497 1031 μὴ
2535 962 2952 1032 παραδέχεσθαι.
2995 964 3051 1017 ’0
3080 964 3135 1017 δὲ
3170 967 3499 1037 Χριστιανὸς,
3534 974 3575 1023 εἰ
3612 973 3673 1043 μὴ
3689 975 3749 1044 τῷ

2238 1050 2411 1119 Πατρὶ
2442 1051 2703 1119 πιστεύοι,
2740 1054 3060 1125 Χριστιανὸς
3093 1057 3191 1110 οὐκ
3216 1058 3377 1113 ἔστιν.

2311 1315 2373 1366 "A
2411 1315 2465 1368 δὲ
2517 1316 2726 1379 τούτοις
2772 1317 2969 1387 ἐφεξῆς
3014 1319 3372 1389 προστίθησι,
3407 1319 3567 1373 ταῦτα
3609 1324 3743 1374 ἐστίν.

2229 1410 2310 1461 Οὐ
2332 1410 2620 1461 κοινωνὸν
2639 1410 2813 1477 ἔχων,
2833 1412 2985 1479 φησὶ,
3015 1411 3125 1478 τῆς
3153 1414 3443 1477 θεότητος,
3457 1414 3524 1465 οὐ
3541 1416 3745 1481 μερίτην

2233 1499 2341 1566 τῆς
2368 1500 2571 1567 δόξης,
2601 1504 2672 1554 οὺ
2704 1503 3050 1569 σύηληρον
3083 1502 3192 1569 τῆς
3228 1504 3519 1569 ἐξουσίας,
3548 1507 3611 1557 οὐ
3630 1507 3746 1557 σύν-

2232 1595 2448 1659 θρονον
2489 1592 2600 1660 τῆς
2641 1595 2982 1658 βασιλείας.
3017 1590 3120 1661 Εἷς
3160 1594 3269 1663 map
3317 1596 3445 1649 ἐστι
3472 1597 3559 1650 καὶ
3596 1598 3745 1664 μόνος

2236 1684 2377 1749 Θεὸς
2390 1687 2421 1738 ό
2435 1685 2871 1754 παντοκράτωρ,
2897 1686 3039 1751 Θεὸς
3056 1686 3225 1749 θεῶν,
3239 1688 3528 1753 ,ϐασιλεὺς
3543 1688 3641 1740 τῶν
3656 1689 3744 1750 βα-

565 1782 970 1833 dominantium.
1014 1778 1206 1833 Nescio
1248 1780 1302 1832 iu
1349 1796 1507 1847 quem
1549 1780 1767 1833 intuens
1806 1779 2120 1843 Eunomius,

2231 1780 2601 1832 σιλευόντων
2623 1820 2637 1842 ,
2672 1780 2890 1846 Κύριος
2916 1778 3034 1832 τῶν
3068 1782 3473 1848 κιιριευόντων.
3522 1781 3623 1832 Οὐκ
3653 1777 3744 1831 οἶδα

564 1891 675 1930 non
700 1876 800 1945 ipsi
831 1876 1168 1929 divinitatem
1199 1878 1604 1929 communicare
1626 1874 1837 1928 Patrem
1861 1883 2128 1929 contesta-

562 1975 669 2020 tur.
717 1966 995 2036 Siquidem
1031 1967 1095 2020 ad
1136 1967 1426 2020 simulacra
1468 1980 1605 2019 vana
1639 1975 1692 2020 et
1738 1966 1802 2019 ad
1838 1967 2123 2020 conﬁctam

563 2059 1089 2114 simulacricolarum
1110 2059 1417 2127 Opinionem
1453 2058 1581 2110 talia
1598 2057 1748 2119 dicit,
1775 2058 2123 2126 quemadmo-

562 2151 692 2204 dum
730 2150 931 2202 Paulus
959 2150 1189 2213 clamat,
1240 2146 1385 2216 quod
1436 2164 1537 2201 non
1565 2157 1640 2200 est
1693 2150 1986 2208 consensio,
2022 2150 2126 2203 sive

561 2240 832 2293 conrentio
875 2237 1084 2293 Christo
1123 2253 1238 2289 cum
1281 2235 1484 2299 Beliar,
1528 2254 1689 2307 neque
1726 2240 2125 2292 communicatio

562 2331 752 2398 templo
788 2331 877 2383 Dei
899 2346 1015 2383 cum
1047 2330 1253 2399 temptis
1288 2327 1549 2381 idolorum
1577 2329 1643 2390 θ’,
1669 2332 1829 2382 etiam
1860 2345 1960 2382 nos
1992 2345 2122 2383 cou-

559 2423 861 2478 ﬁrmamus.
899 2420 1051 2485 Quod
1095 2420 1138 2473 si
1171 2419 1508 2487 unigenitum
1566 2417 1732 2471 Deum
1775 2434 1869 2488 per
1916 2436 1976 2474 ea
2008 2436 2125 2490 quae

558 2515 839 2570 dicuntur.
866 2526 894 2564 a
920 2510 1096 2581 patria
1119 2508 1320 2564 deitate
1351 2519 1593 2578 separat.
1643 2510 1838 2569 discat.
1872 2511 2125 2565 dilemma

558 2606 854 2677 impietatis
898 2605 1020 2671 ejus
1068 2603 1119 2656 in
1171 2602 1412 2673 seipsum
1464 2602 1960 2657 recriminationem
1993 2618 2125 2657 con-

557 2707 814 2764 struere;
864 2697 945 2750 vel
991 2696 1135 2749 enim
1181 2696 1426 2749 absolute
1454 2693 1544 2748 Dei
1579 2695 1921 2765 Unigenitum
1964 2705 2123 2765 negat

553 2805 678 2847 esse
725 2789 915 2849 Deum.
956 2796 1014 2842 ut
1056 2787 1202 2842 Patri
1240 2796 1525 2842 conservet
1569 2802 1632 2839 ac
1670 2787 1930 2851 vindicet,
1978 2785 2122 2854 quod

553 2891 639 2937 est
676 2896 801 2936 cum
846 2879 980 2933 Filio
1007 2879 1063 2933 in
1108 2879 1310 2934 deitate
1340 2878 1874 2939 incommunicabile.
1926 2893 1990 2931 ac
2028 2893 2123 2948 per

553 2973 659 3028 hoc
687 2981 1061 3043 transgressor
1093 2987 1157 3026 ac
1194 2973 1580 3040 praevaricator
1604 2970 1975 3040 redarguitur,
2012 2969 2121 3025 Deo

551 3065 990 3119 Christianorum
1026 3063 1321 3130 abuegato;
1360 3063 1441 3116 vel
1481 3062 1525 3115 si
1567 3063 1924 3123 concesserit,
1956 3062 2110 3114 illum
2146 3080 2188 3136 (ς

552 3169 677 3209 esse
710 3154 874 3208 Deum
921 3152 1221 3207 secundum
1257 3160 1507 3204 naturam
1548 3167 1669 3205 cum
1712 3150 1821 3205 Deo
1857 3167 1983 3205 vero
2014 3167 2119 3205 non

552 3246 992 3309 convenientem,
1019 3244 1238 3297 omnino
1263 3246 1636 3298 necessarium
1668 3252 1751 3296 est
1781 3244 1954 3310 ipsum
1991 3257 2121 3296 con-

556 3338 718 3398 ﬁteri.
772 3353 828 3390 se
876 3351 1034 3390 orare
1080 3336 1210 3389 deos
1260 3343 1577 3388 naturarum
1632 3335 1931 3388 differentia
1984 3351 2013 3388 a
2062 3350 2120 3389 se

554 3430 762 3483 divisos
808 3443 871 3481 ac
922 3426 1242 3494 diremptos.
1274 3424 1477 3478 Horum
1529 3434 1710 3479 utrum
1739 3426 1993 3489 voluerit,
2024 3425 2121 3478 cli-

553 3524 663 3585 gat,
685 3516 768 3567 vel
802 3530 999 3584 negare
1026 3513 1145 3566 Filii
1171 3513 1449 3580 deitatem,
1479 3515 1559 3568 vel
1582 3513 1713 3569 deos
1737 3530 1837 3569 suo
1869 3515 2120 3584 dogmate

554 3609 811 3661 inducere
850 3625 862 3660 :
902 3616 1085 3659 utrum
1112 3606 1254 3658 enim
1285 3608 1477 3658 horum
1502 3607 1745 3675 elegerit,
1772 3606 1903 3659 nihil
1933 3606 2116 3672 refert,

552 3699 621 3755 ad
669 3700 995 3767 impietatem
1033 3712 1132 3766 par
1172 3699 1353 3752 scelus
1386 3706 1487 3752 est.
1539 3696 1648 3750 Nos
1694 3697 1836 3751 enim
1874 3698 2113 3766 inspira-

554 3792 626 3845 tis
670 3806 699 3843 a
728 3789 835 3843 Deo
878 3788 1177 3857 Scripturae
1204 3790 1386 3844 verbis
1418 3789 1650 3843 inslituti
1692 3799 1745 3844 et
1789 3791 1965 3844 edocti
2010 3806 2117 3845 non

552 3882 608 3936 in
644 3880 801 3934 Patre
833 3889 886 3934 et
914 3878 1050 3933 Filio
1083 3879 1301 3934 deitatis
1332 3881 1767 3935 communionem
1817 3883 2115 3946 cernimus,

554 3972 649 4027 sed
679 3972 966 4033 unitatem,
999 3972 1101 4023 hoc
1128 3970 1369 4039 propriis
1392 3971 1573 4025 verbis
1605 3970 1835 4024 Domino
1868 3972 2116 4038 docente,

560 4063 763 4131 quibus
815 4062 908 4121 ait.
958 4060 1121 4114 Pater
1152 4068 1202 4114 et
1230 4076 1322 4130 ego
1370 4076 1532 4114 unum
1573 4077 1753 4114 sumus
1799 4062 1866 4122 ⁸³.
1899 4070 1971 4125 et,
2016 4062 2120 4127 Qui

552 4153 679 4207 vidit
733 4169 830 4216 me,
854 4152 979 4204 vidit
1026 4152 1239 4205 Patrem
1282 4152 1349 4203 “.
1381 4151 1512 4205 Nam
1557 4154 1601 4206 si
1646 4166 1754 4206 non
1790 4163 1933 4207 esset
1966 4154 2119 4222 ejus-

551 4243 673 4298 dem
719 4250 951 4304 naturze,
1003 4242 1278 4312 quomodo
1326 4243 1411 4296 vel
1459 4242 1682 4297 haberet
1730 4242 1784 4296 in
1823 4244 2117 4312 semetipso

551 4332 696 4403 quod
746 4334 1013 4397 alienum;
1054 4334 1137 4388 vel
1183 4333 1459 4402 quomodo
1500 4337 1554 4387 in
1586 4334 1768 4403 seipso
1801 4334 2114 4389 ostenderet

2228 1870 2363 1940 πρὸς
2378 1870 2497 1923 τίνα
2533 1870 2745 1940 βλέπων
2775 1871 2803 1920 ὁ
2830 1870 3109 1940 Εὑνόμιος,
3129 1871 3193 1923 τὸ
3226 1871 3298 1940 μὴ
3327 1875 3582 1923 κοινωνεῖν
3601 1870 3744 1939 ἐαυτῷ

2226 1962 2324 2030 τῆς
2380 1961 2629 2030 θεότητος
2678 1962 2768 2014 τὸν
2806 1962 3027 2033 Πατέρα
3085 1963 3520 2034 διαμαρτύρεται.
3564 1964 3615 2014 Ei
3665 1963 3742 2031 μὲν

2226 2055 2334 2124 γὰρ
2360 2054 2495 2125 πρὸς
2525 2054 2592 2106 τὰ
2624 2053 2813 2107 εἴδωλα
2841 2054 2908 2107 τὰ
2945 2056 3167 2124 μάταια,
3194 2056 3287 2108 καὶ
3321 2054 3414 2126 τὴν
3440 2053 3743 2124 πεπλανημέ-

2225 2162 2323 2215 νην
2351 2144 2458 2197 τῶν
2497 2144 3019 2215 εἰδωλολατρούντων
3055 2146 3319 2217 ὑπόληψιν
3358 2148 3423 2200 τὰ
3453 2147 3651 2200 τοιαῦτα
3672 2147 3741 2198 λέ-

2210 2248 2319 2300 γει,
2340 2231 2520 2295 καθὼς
2558 2234 2653 2287 καὶ
2686 2235 2715 2286 ό
2736 2234 2947 2297 Παῦλος
2975 2235 3072 2305 βοᾷ
3091 2252 3105 2265 θ
3131 2237 3215 2288 ὅτι
3249 2237 3359 2288 οὐκ
3388 2235 3513 2288 ἐστι
3533 2236 3737 2301 συμφώο

2211 2339 2389 2389 νησις
2426 2323 2654 2393 Χριστῷ
2694 2326 2841 2394 πρὸς
2876 2326 3125 2394 Βελιάρο
3166 2326 3311 2380 οὐδὲ
3352 2329 3611 2380 κοινωνία
3642 2324 3741 2388 νιιῴ

2213 2415 2360 2469 Θεοῦ
2371 2417 2521 2485 μετὰ
2533 2416 2815 2477 εἰδώλων.
2832 2419 2926 2472 καὶ
2946 2422 3111 2490 ἡμεῖς
3134 2419 3508 2490 συντιθέμεθα.
3533 2420 3588 2472 Εἰ
3601 2418 3650 2470 δὲ
3670 2418 3740 2469 τὸν

2214 2508 2478 2588 μονογενῆ
2501 2508 2633 2562 Θεὸν
2660 2510 2749 2562 διὰ
2768 2510 2876 2562 τῶν
2902 2511 3210 2582 λεγομένων
3235 2512 3333 2582 τῆς
3359 2511 3613 2582 πατρικῆς
3630 2511 3739 2577 ἀφο-

2213 2599 2351 2669 ρίζει
2381 2599 2653 2670 θεότητος,
2685 2602 2901 2670 μαθέτω
2925 2604 3006 2655 ὅτι
3023 2602 3271 2674 δίλημμα
3294 2604 3391 2675 τὴν
3408 2604 3500 2674 τῆς
3518 2602 3736 2663 ἀσεϐείας

2224 2688 2389 2743 αὑτοῦ
2423 2689 2753 2759 κατηγορίαν
2798 2688 2882 2757 ἐφ’
2917 2686 3090 2757 ἐαυτῷ
3146 2688 3529 2752 κατασκευάζει
3557 2688 3620 2758 ’ἢ
3656 2689 3742 2756 γὰρ

2224 2783 2462 2851 ἀρνεῖται
2494 2780 2720 2833 καθόλου
2758 2779 2888 2833 Θεὸν
2930 2775 3064 2833 εἶναι
3101 2779 3191 2831 τὸν
3212 2780 3480 2850 Μονογενῆ
3508 2779 3653 2832 Θεοῦ·
3675 2778 3742 2831 ἵνα

2224 2873 2428 2944 φυλάξῃ
2460 2873 2537 2942 τῷ
2581 2872 2755 2944 Πατρὶ
2794 2873 2854 2925 τὸ
2900 2873 2958 2925 ὲν
3003 2875 3065 2943 τῇ
3105 2872 3318 2943 θεότητι
3357 2873 3485 2943 πρὸς
3519 2871 3599 2924 τὸν
3640 2870 3741 2921 Υἱὸν

2223 2962 2579 3033 ἀκοινώνητον
2613 2978 2626 2992 ο
2664 2963 2756 3015 καὶ
2785 2961 2872 3015 διά
2906 2961 3095 3014 τούτου
3137 2962 3456 3034 παραϐάτης
3480 2963 3737 3030 ἐλέγχεται,

2222 3054 2313 3106 τὸν
2352 3053 2481 3106 Θεὸν
2520 3052 2630 3106 τῶν
2672 3052 3010 3123 Χριστιανῶν
3044 3054 3417 3123 ἀρνησάμενος
3440 3072 3454 3088 ο
3486 3052 3515 3122 ἢ
3556 3054 3598 3104 εἰ
3648 3050 3738 3116 δοίη

2223 3148 2468 3199 κάκεῖνον
2492 3142 2629 3199 εἶναι
2660 3145 2791 3198 Θεὸν
2820 3145 2957 3198 κατὰ
2989 3145 3084 3214 τὴν
3113 3145 3274 3213 φύσιν
3301 3144 3376 3214 τῷ
3400 3143 3618 3213 ἀληθινῷ
3645 3140 3740 3207 θεῷ

2224 3236 2297 3307 μὴ
2351 3235 2743 3306 συμϐαίνοντα,
2773 3235 2987 3304 ἀνάγκη
3020 3236 3167 3286 πᾶσα
3222 3233 3379 3288 αὐτὸν
3415 3234 3567 3295 Θεοὺς
3600 3247 3740 3301 πρεσ.

2221 3328 2418 3391 δεύειν,
2453 3328 2751 3400 ὁμολογεῖν,
2782 3331 2846 3397 τῇ
2877 3328 3107 3397 διαφορᾷ
3152 3326 3261 3379 τῶν
3309 3327 3513 3393 φύσεων
3562 3326 3643 3377 ἀπ’
3673 3323 3735 3374 ἀ).

2219 3422 2392 3493 λήλων
2418 3421 2841 3492 διεσχισμένους,
2876 3420 3106 3472 Ἐλέσθω
3143 3422 3346 3473 τούτων
3389 3420 3415 3472 ὃ
3455 3414 3738 3488 βούλεται,ἧ

2220 3514 2497 3585 ἀρνεῖσθαι
2543 3514 2637 3566 τοῦ
2690 3514 2819 3566 Υίοῦ
2876 3513 3139 3581 θεότητα,
3169 3514 3203 3577 ἢ
3254 3512 3415 3574 Θεοὺς
3472 3509 3739 3574 ἐπεισάγειν

2220 3606 2296 3676 τῷ
2326 3606 2552 3675 δόγματι
2576 3622 2589 3635 ’
2613 3606 2747 3674 ὅπερ
2780 3605 2889 3674 γὰρ
2921 3604 2983 3657 ἂν
3011 3604 3199 3671 ἕληται
3244 3604 3462 3666 τούτων,
3487 3598 3591 3655 ἶσόν
3621 3602 3739 3652 ἐστιν

2221 3700 2300 3760 εἰς
2321 3697 2591 3751 ἀσέϐειαν.
2628 3697 2817 3765 Ἡμεῖς
2851 3696 2957 3765 γὰρ
2980 3696 3127 3766 παρὰ
3148 3695 3258 3747 τῶν
3287 3694 3632 3747 θεοπνεύστων
3659 3690 3740 3756 τῆς

2221 3790 2442 3860 Γραφῆς
2497 3787 2669 3856 λόγων
2737 3786 3287 3856 μυσταγωγούμενοι,
3338 3787 3455 3857 οὐχὶ
3499 3782 3741 3838 κοινωνίαν

2221 3878 2469 3947 θεότητος
2496 3878 2708 3948 ὁρῶμεν
2738 3878 2793 3928 ὲν
2828 3878 3003 3946 Πατρὶ
3052 3876 3145 3929 καὶ
3198 3878 3329 3946 Υἱῷ,
3355 3877 3465 3929 ἀλλ’
3510 3875 3734 3941 ἑνότητα·

2219 3971 2375 4024 τοῦτο
2403 3970 2496 4023 τοῦ
2526 3970 2795 4022 Δεσπότου
2818 3968 2903 4020 διὰ
2927 3968 3035 4019 τῶν
3068 3968 3211 4021 ἰδίων
3243 3969 3413 4037 λόγων
3453 3965 3737 4029 διδάξαντος,

2219 4065 2276 4114 ὲν
2304 4055 2384 4123 οἷς
2412 4077 2552 4130 φησν
2572 4100 2586 4124 ,
2630 4060 2770 4128 Ἐγὼ
2807 4061 2905 4113 καὶ
2943 4064 2976 4114 ό
3001 4061 3201 4127 Πατὴρ
3225 4060 3293 4112 ἒν
3317 4061 3496 4127 ἐσμέν
3525 4077 3537 4089 ’
3563 4058 3642 4108 καὶ
3674 4055 3738 4104 ὅτι

2232 4154 2292 4205 '0
2328 4152 2596 4218 ἑωρακὼς
2634 4151 2738 4220 ἐμὲ
2783 4151 3000 4219 ἑώρακε
3042 4152 3149 4203 τὸν
3178 4153 3422 4220 Πατέρα.
3464 4151 3519 4202 Ei
3548 4149 3640 4217 γὰρ
3679 4143 3738 4215 μὴ

2218 4246 2313 4314 τῆς
2343 4245 2514 4313 αὐτῆς
2542 4240 2608 4314 ἦν
2632 4244 2862 4311 φύσεως,
2909 4243 3023 4306 πῶς
3060 4243 3125 4297 ἂν
3155 4243 3187 4314 ἣ
3227 4243 3378 4313 ἔσχεν
3408 4244 3462 4294 ἐν
3499 4238 3656 4307 ἑαυτῷ
3691 4235 3738 4286 τὸ

2219 4336 2515 4405 ἀλλότριον,
2547 4335 2579 4405 ἢ
2613 4336 2729 4398 πῶς
2757 4335 2821 4388 ἂν
2852 4334 3049 4400 ἔδειξεν
3069 4336 3153 4402 ἐφ’
3182 4334 3373 4387 ἑαυτοῦ
3407 4333 3465 4385 τὸ
3489 4332 3737 4399 ἀνόμοιον.

554 4423 698 4492 quod
741 4434 824 4477 est
863 4424 1168 4488 dissimile;
1214 4430 1436 4477 externa
1469 4432 1522 4479 et
1564 4425 1738 4479 aliena
1780 4433 1974 4479 natura
2002 4441 2109 4481 non

2229 4428 2300 4498 μὴ
2342 4426 2632 4496 δεχομένης
2664 4427 2760 4494 τῆς
2800 4425 2953 4494 ξένης
2992 4443 3049 4477 τε
3105 4428 3196 4478 καὶ
3249 4424 3519 4493 ἀλλοτρίας
3561 4421 3737 4489 φύσεως

552 4515 857 4581 excipiente
903 4514 1103 4567 diversi
1164 4514 1379 4584 generis
1418 4515 1786 4570 characterem
1834 4517 1946 4571 sive
2000 4515 2114 4569 for-

550 4604 735 4657 mam?
782 4603 922 4656 Dicit
972 4613 1151 4658 autem
1194 4605 1334 4673 quod
1376 4606 1559 4675 gloria:
1630 4608 1948 4674 partiarium
1999 4608 2112 4661 sive

551 4694 760 4749 socium
802 4710 905 4747 non
964 4694 1114 4746 habet
1154 4706 1168 4742 :
1207 4694 1309 4747 hoc
1357 4704 1535 4747 autem
1582 4704 1640 4747 ut
1678 4709 1736 4748 se
1764 4694 1924 4748 habet
1953 4695 2107 4760 dicit,

548 4783 766 4837 tametsi
816 4782 1021 4836 nesciat
1063 4781 1189 4849 quid
1225 4782 1369 4834 dicat
1406 4799 1419 4834 :
1450 4798 1557 4835 non
1588 4786 1731 4837 enim
1776 4782 1945 4839 Filius
1985 4801 2106 4838 cum

547 4873 707 4928 Patre
743 4874 970 4944 gloriam
1006 4875 1257 4943 partitur.
1298 4874 1394 4928 sed
1442 4883 1610 4927 totam
1638 4890 1760 4928 cum
1799 4876 1955 4930 Patre
1989 4878 2104 4945 glo-

545 4970 682 5021 riam
734 4968 920 5030 habet,
957 4967 1100 5020 sicut
1143 4968 1305 5019 etiam
1360 4966 1517 5019 Pater
1548 4982 1759 5020 omnem
1804 4982 1927 5019 cum
1964 4966 2099 5021 Filio

545 5060 709 5114 habet
756 5060 1005 5130 gloriam.
1064 5057 1154 5111 Sic
1198 5059 1339 5112 enim
1377 5059 1513 5112 dixit
1558 5059 1623 5111 ad
1674 5060 1908 5123 Patrem,
1959 5060 2103 5129 quod

546 5149 741 5204 Omnia
804 5167 915 5203 mea
953 5160 1045 5201 tua
1083 5160 1225 5211 sunt,
1257 5160 1305 5201 et
1342 5159 1431 5202 tua
1488 5166 1603 5203 mea
1647 5150 1712 5206 ⁸⁸.
1761 5149 1993 5220 Ideoque
2048 5154 2100 5205 in

544 5251 786 5312 tempore
810 5241 1000 5309 judicii
1032 5242 1271 5309 seipsum
1324 5242 1697 5309 appariturum
1741 5258 1862 5297 esse
1894 5244 1947 5296 in
1984 5245 2103 5313 glo-

543 5335 623 5386 ria
664 5332 841 5387 Patris
890 5333 1124 5385 affirmat
1153 5334 1217 5396 ³⁶,
1266 5347 1389 5385 cum
1421 5332 1733 5387 redditurus
1784 5343 1870 5388 est
1900 5336 2102 5404 cuique

542 5426 843 5480 secundum
894 5440 1057 5494 Opera
1098 5440 1235 5492 sua;
1290 5425 1392 5479 hac
1443 5433 1619 5478 autem
1667 5441 1799 5480 voce
1847 5427 2102 5481 unionem

542 5526 752 5572 natura:
785 5517 1141 5572 demonstrat.
1172 5516 1637 5582 Quemadmodum
1674 5520 1817 5573 enim
1848 5519 1953 5573 alia
1986 5521 2103 5591 glo-

2214 4519 2303 4571 τὸν
2339 4519 2432 4571 τοῦ
2463 4518 2808 4589 έτερογενοῦς
2839 4516 3160 4588 χαρακτῆρα
3192 4533 3206 4581 ;
3238 4517 3397 4583 Λέγει
3427 4515 3480 4566 δὲ
3512 4515 3585 4564 ὅτι
3624 4504 3737 4559 οὐδὲ

2209 4605 2457 4679 μερίτηιλ
2483 4609 2605 4677 ἔχει
2638 4608 2744 4675 τῆς
2773 4607 2975 4673 δόξης.
3019 4607 3188 4659 Τοῦτο
3215 4607 3271 4659 δὲ
3296 4607 3369 4668 ὡς
3400 4604 3503 4674 ἔχει
3527 4601 3673 4667 λέγει,
3698 4596 3736 4647 εί

2214 4704 2307 4754 καὶ
2335 4701 2408 4770 μὴ
2441 4697 2576 4752 οἶδεν
2603 4700 2630 4752 ὃ
2660 4700 2836 4766 λέγει·
2877 4700 2937 4751 οὐ
2972 4700 3077 4768 γὰρ
3114 4699 3398 4767 μερίζεται
3423 4698 3448 4747 ὁ
3478 4692 3592 4753 Υἱὸς
3625 4686 3735 4756 πρὸς

2212 4794 2301 4846 τὸν
2336 4792 2551 4862 Πατέρα
2594 4790 2689 4861 τὴν
2741 4788 2925 4855 δόξαν,
2967 4789 3077 4842 ἀλλ’
3130 4790 3257 4858 ὅλην
3292 4789 3398 4858 ἔχει
3435 4784 3521 4837 τοῦ
3558 4776 3735 4847 Πατρὸς

2209 4885 2305 4955 τὴν
2332 4884 2507 4946 δόξαν,
2540 4885 2613 4944 ὼς
2644 4883 2734 4935 καὶ
2753 4884 2780 4934 ὁ
2810 4882 2999 4951 Πατὴρ
3038 4882 3215 4933 πᾶσαν
3255 4879 3365 4947 ἔχει
3398 4876 3484 4929 τοῦ
3514 4870 3626 4924 Υἱοῦ
3656 4869 3737 4935 τὴν

2208 4976 2383 5040 δόξαν.
2428 4974 2611 5037 Οὕτως
2638 4974 2744 5044 γὰρ
2773 4969 2891 5024 εἷπε
2926 4972 3059 5042 πρὸς
3086 4971 3176 5023 τὸν
3214 4970 3537 5038 Πατέρα,ὃτι
3566 4962 3737 5016 Πάντα

2208 5065 2281 5118 τὰ
2309 5064 2419 5133 ἐμὰ
2462 5063 2543 5117 σά
2576 5065 2762 5125 ἐστιν,
2792 5061 2889 5113 καὶ
2932 5060 3003 5113 τὰ
3050 5058 3131 5113 σὰ
3173 5057 3300 5126 ἐμά.
3343 5057 3429 5108 Διὸ
3469 5053 3554 5105 καὶ
3596 5053 3644 5101 ὲν
3670 5044 3735 5107 τῷ

2208 5157 2385 5228 καιρῷ
2401 5157 2501 5225 τῆς
2521 5156 2752 5225 κρίσεως
2776 5151 3202 5222 ἐπιφανήσεσθαι
3230 5148 3414 5201 ἑαυτόν
3446 5142 3655 5215 φησινέν
3681 5138 3732 5205 τῇ

2207 5227 2334 5319 δόξη
2360 5247 2452 5299 τοῦ
2480 5246 2723 5315 Πατρός·
2752 5245 2838 5296 ὅτε
2871 5242 3049 5312 μέλλει
3083 5241 3381 5294 ἀποδιδόναι
3402 5239 3597 5302 ἑκάστῳ
3619 5227 3735 5319 κατά

2212 5339 2279 5390 τὰ
2313 5338 2445 5407 ἔργα
2475 5336 2660 5389 αὑτοῦ.
2687 5335 2933 5386 Δείκνυσι
2966 5334 3021 5385 δὲ
3051 5333 3137 5385 διὰ
3171 5334 3267 5401 τῆς
3294 5331 3470 5399 φωνῆς
3486 5324 3667 5387 ταύτης

2209 5406 2485 5499 ἡνωμένον
2518 5428 2613 5496 τῆς
2636 5427 2867 5493 φύσεως.
2910 5425 2997 5486 Ὠς
3042 5423 3149 5492 γὰρ
3177 5421 3307 5489 ἄλλη
3336 5420 3457 5484 δόξα
3493 5406 3733 5484 ἡλίου,καὶ

2210 5520 2341 5589 ἄλλη
2373 5517 2495 5583 δόξα
2516 5519 2738 5588 σελήνης
2755 5532 2768 5547 '
2790 5515 2876 5569 διὰ
2903 5515 2964 5568 τὸ
2988 5516 3061 5585 μὴ
3086 5532 3146 5567 συ
3156 5513 3392 5583 μϐαίνειν
3418 5509 3541 5582 πρὸς
3562 5499 3732 5569 illum

568 5695 655 5749 7"
702 5694 743 5748 li
791 5695 909 5747 (Lor.
962 5710 1032 5757 vt,
1088 5694 1169 5759 Μ,
1226 5695 1308 5749 15.
1387 5695 1430 5726 ⁸³
1478 5694 1632 5750 Joan.
1690 5714 1743 5764 ι,
1803 5696 1889 5753 '50.
1966 5698 2011 5730 “
2058 5697 2215 5753 Joan.
2268 5715 2377 5759 xiv.
2433 5699 2485 5753 9.
2562 5693 2792 5749 “Joan.
2827 5710 2956 5761 xvii,
3014 5695 3095 5748 l0.
3173 5696 3213 5724 δε
3269 5691 3446 5743 Matth.
3502 5698 3610 5744 xu’,
3654 5675 3727 5732 δίο
