3922 6468
181 319 268 372 385

1301 305 1579 362 CONTRA
1611 305 2003 373 EUNOMIUM,
2047 308 2174 362 LIB.
2215 306 2279 364 ll.

3294 319 3393 376 486

178 435 266 488 τῶν
295 429 563 502 στοιχείων
595 429 688 498 τὴν
709 429 871 497 φύσιν
904 445 918 459 ·
946 428 1026 499 ,ὡς
1059 430 1110 483 εἰ
1137 442 1199 495 γε
1230 427 1263 496 ἡ
1297 426 1433 497 αὑτὴ
1470 426 1594 491 δόξα
1631 426 1717 479 ἐπ’

1838 425 1901 478 'ia
1949 425 2065 480 sive
2117 426 2340 481 claritas
2393 427 2548 492 solis,
2586 429 2686 482 alia
2740 430 2880 485 luna:
2923 431 2990 496 ⁸⁷,
3029 434 3157 503 quia
3198 435 3391 490 borum

178 526 471 599 ἀμφοτέρων
495 521 588 594 ἦν,
607 525 702 577 ούκ
739 525 806 578 ἄν
834 540 918 586 τις
943 521 1170 594 διαφορὰ
1193 521 1291 590 τῆς
1315 520 1526 590 φύσεως
1548 520 1724 572 αὐτῶν

178 616 426 687 ἐνομίσθη.
455 612 647 677 Οὕτως
672 617 700 666 6
750 613 944 666 ἑαυτὸν
993 612 1050 663 ὲν
1091 613 1158 681 τῇ
1197 609 1290 663 τοῦ
1339 609 1550 681 Πατρδς
1599 608 1726 680 δόξῃ

179 705 487 776 φανήσεσθαι
520 702 820 774 προειπὼν.
851 700 1018 765 ἔδειξε
1048 700 1134 753 διὰ
1170 701 1268 769 τῆς
1289 701 1428 752 κατὰ
1452 701 1550 769 τὴν
1569 699 1725 764 δόξαν

175 797 502 865 ταυτότητος,
541 795 642 864 τὴν
674 794 959 848 κοινωνίαν
991 792 1090 862 τῆς
1128 792 1358 860 φύσεως.

233 1052 297 1104 Τὺ
340 1050 412 1122 μὴ
453 1049 747 1122 σύνθρονον
784 1052 882 1122 τῆς
932 1050 1206 1120 βασιλείας
1238 1050 1416 1119 λέγειν
1461 1047 1599 1104 εἶναι
1647 1050 1726 1120 τῷ

176 1145 323 1213 Harp!
355 1143 448 1194 τὸν
485 1141 639 1206 Υίὺν,
679 1141 880 1214 πολλὴν
924 1145 1192 1214 μαρτυρεῖ
1221 1142 1298 1213 τῷ
1341 1143 1589 1212 Εὐνομίῳ
1629 1141 1727 1213 τὴν

174 1233 263 1286 τῶν
280 1232 433 1285 θείων
460 1232 661 1300 λογίων
690 1231 939 1303 μελέτην,
966 1233 1025 1296 ὃς
1055 1234 1119 1286 ὲκ
1143 1236 1242 1304 τῆς
1283 1233 1421 1300 ἄγαν
1454 1233 1723 1304 προσοχῆς

174 1325 260 1376 τῶν
295 1322 667 1376 θεοπνεύστων
720 1323 972 1394 Γραφῶν,
1012 1322 1164 1377 οὔπω
1208 1326 1460 1395 ἤκουσεν,
1503 1326 1582 1377 ὅτι
1650 1323 1726 1378 Τὰ

175 1414 587 1484 ἅνωφρονεῖτε,
614 1410 686 1470 οὗ
720 1417 753 1468 ὀ
787 1418 1040 1482 Χριστός
1084 1417 1252 1469 ἐστιν
1293 1417 1360 1469 ἐν
1404 1415 1573 1482 δεξιᾷ
1620 1415 1725 1470 τοῦ

176 1504 376 1571 Πατρός
420 1503 794 1572 καθήμενος,
852 1507 947 1558 καὶ
992 1507 1073 1558 ὅτι
1122 1509 1180 1560 ὲν
1217 1506 1366 1578 δεξιᾷ
1403 1507 1496 1560 τοῦ
1537 1507 1723 1578 θρόνου

175 1592 248 1644 τοῦ
273 1591 400 1644 Θεοῦ
424 1593 748 1648 κεκάθικεν·
779 1596 870 1647 καὶ
908 1595 1041 1649 ἄλλα
1065 1596 1290 1651 τοιαῦτα
1312 1597 1504 1656 πολλὰ.
1530 1590 1604 1650 ὧν
1628 1598 1727 1651 οὐκ

178 1685 228 1736 ἂν
256 1684 440 1752 ῥᾳδίως
473 1696 561 1742 τις
585 1680 648 1733 τὸ
668 1682 870 1752 πλῆθος
899 1684 1332 1756 ἑξαριθμήσειεν·
1363 1689 1505 1760 ἆπερ
1562 1689 1727 1758 μήπω

1826 514 2213 568 elementorum
2264 525 2457 568 natura
2503 515 2609 570 sibi
2660 515 2890 572 invicem
2922 534 3030 573 non
3065 523 3354 576 conveniat
3377 542 3400 577 ιη

1827 605 1971 672 quod
2020 605 2064 658 si
2122 604 2406 658 amborum
2448 606 2636 660 eadem
2673 617 2818 663 esset
2848 610 3041 680 gloria,
3074 614 3220 666 nulla
3247 615 3394 683 ipso-

1827 708 1945 745 rum
1981 704 2191 746 natura:
2225 703 2515 763 putaretur
2544 695 2878 756 diﬂ‘erentia:
2911 701 2990 755 sic
3036 703 3126 772 qui
3153 705 3393 773 seipsuni

1827 784 1881 837 in
1933 783 2109 838 Patris
2141 785 2314 854 gloria
2355 785 2606 855 praedixit
2673 791 3072 859 appariturum,
3126 811 3221 865 per
3254 797 3396 851 hanc

1825 875 2066 929 eamdem
2121 877 2349 945 gloriam
2416 888 2628 934 natura:
2670 885 3107 938 communionem
3157 886 3394 941 demon—

1827 965 2042 1017 stravit.

1898 1053 2089 1109 Dicere
2123 1063 2303 1110 autem
2333 1055 2528 1112 Filium
2581 1076 2688 1115 non
2725 1076 2848 1119 esse
2891 1066 3042 1136 regni
3079 1081 3200 1122 cum
3235 1068 3396 1126 Patre

1827 1160 2223 1211 consessorem,
2269 1148 2371 1202 hoc
2417 1151 2608 1220 probat
2658 1167 2822 1222 quam
2864 1155 2935 1211 sit
2983 1157 3285 1216 Eunomius
3342 1165 3393 1216 in

1827 1235 2032 1292 divinis
2073 1237 2309 1306 eloquiis
2361 1242 2714 1308 exercitatus,
2768 1245 2862 1314 qui
2915 1264 2982 1302 ex
3039 1251 3204 1304 nimia
3260 1255 3396 1308 diri-

1827 1326 1977 1381 uitus
2027 1328 2416 1397 inspiratarum
2463 1333 2867 1402 Scripturarum
2910 1343 3209 1397 attentione
3251 1361 3392 1398 non-

1826 1418 1954 1471 dum
2005 1417 2252 1472 audivit:
2305 1421 2436 1486 Quir:
2473 1439 2684 1476 sursum
2731 1437 2852 1480 sunt
2883 1432 3069 1498 sapite,
3103 1433 3189 1486 ubi
3240 1433 3396 1489 Chri-

1826 1515 1940 1560 stus
1984 1516 2059 1560 est
2101 1507 2168 1560 ad
2209 1509 2478 1562 dexteram
2518 1509 2696 1566 Patris
2735 1515 2917 1570 sedens
2945 1519 3013 1583 ⁸⁸,
3049 1532 3101 1575 et.
3147 1527 3289 1592 quod
3325 1528 3393 1581 ad

1827 1596 2102 1651 dexteram
2145 1599 2331 1654 throni
2370 1599 2459 1654 Dei
2507 1605 2789 1672 consedit,
2828 1611 3104 1681 multaque
3139 1616 3241 1670 alia
3275 1633 3396 1688 qua:

1828 1694 1957 1740 sunt
1992 1687 2282 1757 ejusmodi,
2334 1706 2563 1759 quorum
2621 1695 3026 1754 multitudinem
3073 1720 3180 1758 non
3237 1687 3398 1764 facile

179 1771 334 1836 μαθὼν
373 1771 402 1821 6
450 1771 725 1841 Εὐνόμιος
772 1774 1102 1844 ἀπαγορεύει
1145 1776 1426 1847 σύνθρονον
1468 1776 1605 1831 εἶναι
1652 1779 1728 1850 τῷ

1838 1779 1952 1845 quis
2004 1785 2382 1836 recensuerit:
2443 1799 2563 1852 qua:
2619 1799 2741 1839 cum
2797 1791 3040 1845 nondum
3096 1794 3397 1858 Eunomius

178 1861 326 1930 Πατρὶ
354 1860 443 1912 τὸν
468 1860 630 1915 Υίόν.
663 1862 737 1914 Τὸ
767 1862 825 1914 δὲ
857 1864 1158 1935 σύγκληρον
1177 1867 1275 1937 τῆς
1306 1868 1568 1933 ἐξουσίας,
1597 1872 1731 1942 μᾶλ-

177 1951 249 2002 λον
278 1952 346 2015 ὡς
377 1952 617 2022 ἀνόητον
655 1954 1030 2026 παραδραμεῖν
1060 1957 1187 2030 χρὴ,
1230 1959 1263 2029 ἢ
1291 1961 1366 2024 ὡς
1396 1962 1588 2024 ἀσεϐὲς
1623 1963 1729 2016 διε-

179 2043 353 2110 λέγξαι.
379 2044 512 2098 Τίνα
538 2044 655 2117 γὰρ
672 2047 908 2102 διάνοιαν
932 2047 1187 2120 ἔχειὴτοῦ
1203 2051 1726 2122 συγκλήρουλέξις,

179 2137 232 2187 ἐκ
258 2137 345 2205 τῆς
386 2138 582 2208 κοινῆς
629 2138 723 2192 τοῦ
767 2139 924 2208 λόγου
977 2145 1393 2211 καταχρήσεως,
1441 2143 1539 2194 οὐκ
1586 2144 1731 2197 ἔστιν

180 2228 346 2295 εὑρεῖν.
388 2228 522 2281 Ἐπὶ
559 2229 670 2281 τὸν
698 2231 1012 2300 ἱματισμὸν
1040 2231 1151 2285 τοῦ
1181 2231 1394 2299 Κυρίου
1423 2231 1732 2294 βάλλουσι

183 2317 397 2384 κλῆρον,
433 2305 630 2383 καθὼς
676 2323 708 2389 ὴ
741 2322 930 2392 Γραφὴ
963 2324 1153 2390 λέγει,
1206 2325 1254 2376 οἱ
1295 2321 1370 2394 μὴ
1422 2321 1732 2393 βουλόμενοι

182 2409 418 2480 διασχίσαι
460 2413 558 2466 τὸν
609 2415 923 2468 δεσποτικὸν
972 2417 1207 2486 χιτῶνα,
1255 2417 1368 2470 ἀλλ’
1403 2417 1520 2480 ἐνὸς
1552 2416 1732 2471 αὐτῶν

182 2501 372 2568 ποιῆσαι
415 2505 648 2573 κτῆμα,
679 2499 723 2571 ᾧ
748 2505 812 2558 ἂν
856 2507 884 2558 6
913 2506 1111 2578 κλῆρος
1134 2507 1442 2579 χαρίσηται.
1467 2507 1530 2558 0i
1558 2505 1732 2558 τοίνυν

184 2593 294 2663 πρὸς
333 2593 606 2662 ἀλλήλους
655 2597 795 2665 ὑπὲρ
846 2596 938 2650 τοῦ
995 2599 1216 2668 χιτῶνος
1259 2594 1731 2665 διακληρούμενοι,

183 2681 402 2735 δύνανται
440 2683 582 2745 ἴσως
623 2684 1245 2755 σύγκληροιλέγεσθαι.’
1269 2685 1531 2739 Ἐνταῦθα
1553 2685 1610 2738 δὲ
1643 2685 1734 2737 ἐπὶ
1761 2743 1765 2752 ι

182 2771 258 2823 τοῦ
283 2772 483 2838 Πατοὸς
527 2773 630 2826 καὶ
663 2772 756 2826 τοῦ
794 2774 923 2826 Υἱοῦ
958 2776 1051 2828 καὶ
1086 2775 1178 2827 τοῦ
1209 2776 1362 2842 ἁγίου
1400 2771 1731 2841 Πνεύματος,

184 2865 230 2914 ἐν
252 2866 309 2932 τῇ
336 2865 493 2931 φύσει
537 2862 711 2933 οὔσης
738 2865 835 2934 τῆς
875 2863 1138 2928 ἐξουσίας.
1173 2863 1244 2917 Τό
1270 2881 1330 2915 τε
1359 2862 1466 2931 γὰρ
1496 2862 1736 2928 Πνεῦμα

185 2954 238 3008 τὸ
279 2955 437 3024 ἅγιον
485 2955 650 3010 ὅπου
708 2957 863 3011 θέλει
910 2957 1108 3037 πνεῖ-Ι
1134 2955 1224 3007 καὶ
1257 2957 1434 3008 πάντα
1478 2957 1535 3007 ὲν
1573 2957 1736 3008 πᾶσιν

186 3047 367 3117 ὲνεργεῖ
399 3047 593 3110 καθὼς
632 3046 876 3117 βούλεται
897 3089 911 3112 ,
958 3048 1052 3099 καὶ
1079 3049 1106 3100 6
1136 3046 1259 3108 Υίὸς
1285 3046 1350 3099 δι’
1382 3038 1442 3098 οὗ
1469 3048 1536 3099 τὰ
1561 3046 1734 3100 πάντα

1828 1869 2107 1933 didicerit,
2160 1883 2318 1941 negat
2359 1873 2554 1928 Filium
2596 1877 2761 1932 simul
2811 1896 2932 1935 cum
2980 1882 3142 1942 Patre
3185 1894 3393 1948 sedere.

1830 1957 1942 2014 Hoc
1985 1969 2186 2029 autem,
2240 1967 2524 2034 potestatis
2577 1982 2906 2039 consortem,
2950 1979 3122 2048 magis
3169 1991 3225 2035 ut
3265 1985 3398 2053 quid

1829 2050 2113 2107 dementiae
2182 2069 2246 2108 ac
2300 2055 2502 2112 furoris
2557 2060 2736 2117 simile
2793 2079 3110 2132 percurrere
3160 2050 3398 2142 oportet,

1829 2157 1990 2211 quam
2031 2154 2089 2198 ut
2123 2144 2347 2214 impium
2389 2159 2443 2202 et
2473 2152 2796 2223 sacrilegum
2835 2159 3184 2232 redarguere.
3223 2166 3394 2232 Quam

1829 2235 1972 2287 enim
2021 2239 2341 2292 sententiam
2368 2240 2532 2296 habet
2563 2246 2890 2320 συγκλήρου,
2928 2258 3206 2322 consortis,
3227 2260 3396 2316 dictio
3423 2295 3426 2298 λ

1829 2339 1896 2378 ex
1958 2330 2236 2383 communi
2297 2333 2564 2388 orationis
2617 2343 3060 2410 nuncupatione,
3112 2363 3218 2401 non
3270 2351 3396 2404 licet

1831 2415 2096 2471 invenire.
2140 2414 2308 2475 Super
2338 2419 2697 2474 vestimentum
2744 2423 2957 2479 Domini
3001 2427 3254 2484 miserunt
3281 2450 3400 2488 sor-

1837 2511 1961 2563 tem.
2014 2503 2158 2557 sicut
2210 2502 2493 2571 Scriptura
2546 2507 2790 2575 loquitur
2823 2509 2888 2570 ⁸⁸.
2956 2514 3050 2582 qui
3105 2517 3399 2573 noluerunt

1835 2591 2070 2644 tunicam
2117 2590 2334 2646 Domini
2387 2593 2720 2663 discindere,
2779 2601 2877 2654 sed
2933 2603 3097 2659 unius
3151 2607 3393 2676 ipsorum

1833 2694 1946 2732 rem
1993 2683 2270 2751 propriam
2317 2682 2524 2749 facere,
2572 2689 2660 2741 cui
2719 2705 2840 2746 sors
2881 2695 3118 2760 gratuito
3167 2697 3400 2756 dederit.

1833 2773 1913 2824 llli
1947 2774 2118 2842 igitur
2163 2775 2255 2844 qui
2292 2791 2388 2846 pro
2427 2778 2614 2832 tunica
2664 2781 2803 2836 inter
2857 2799 2917 2838 se
2965 2795 3166 2842 sortem
3223 2791 3402 2845 mitte-

1834 2864 1983 2928 bant,
2035 2866 2143 2919 dici
2195 2877 2425 2936 possunt
2479 2869 2797 2943 σύγκληροι,
2836 2888 3139 2934 consortes.
3177 2879 3274 2936 Hic
3307 2902 3404 2938 au-

1834 2964 1941 3008 tem
1997 2957 2220 3011 minime
2257 2957 2364 3012 dici
2410 2969 2586 3029 potest
2635 2963 2688 3016 in
2721 2962 2880 3020 Patre
2926 2979 2978 3021 et
3007 2969 3148 3026 Filio
3202 2981 3254 3028 ct
3283 2953 3404 3047 spi-

1834 3048 1942 3100 ritu
1991 3055 2205 3112 sancto,
2258 3065 2382 3103 cum
2433 3055 2694 3121 aequalem
2736 3056 2791 3108 in
2844 3059 3008 3115 rebus
3054 3065 3252 3120 creatis
3303 3066 3402 3120 lia-

187 3109 371 3203 ίγένετο
414 3138 600 3208 ὁρατά
632 3109 711 3190 ’τε
755 3141 849 3192 καὶ
883 3109 1084 3208 ἀόρατα
1132 3141 1190 3191 ὲν
1221 3141 1333 3201 τοῖς
1362 3140 1610 3208 οὐρανοῖς
1647 3140 1736 3192 καὶ¹

1839 3136 1995 3189 beant
2046 3147 2387 3206 potestatem.
2433 3109 2566 3195 Nam
2617 3142 2845 3212 Spiritus
2897 3160 3111 3205 sanctus
3150 3157 3239 3208 ubi
3292 3159 3403 3212 vult

189 3228 262 3278 ἐπὶ
288 3227 374 3297 τῆς
407 3228 515 3297 γῆς
540 3265 559 3290 ,
591 3229 771 3283 πάντα
801 3231 900 3283 ὅσα
933 3229 1194 3300 ἠθέλησεν
1227 3230 1447 3299 ἐποίησε
1470 3247 1483 3260 υ
1518 3231 1610 3283 καὶ
1648 3229 1740 3292 οὓς

190 3318 306 3371 θῦει
334 3316 628 3382 ζωοποιεῖ·
679 3321 772 3372 καὶ
827 3323 859 3374 ό
904 3319 1104 3388 Πατὴρ
1139 3320 1209 3373 ἑν
1235 3318 1310 3388 τῇ
1346 3321 1466 3386 ίδίςι
1488 3319 1740 3386 ἐξουσίᾳ

188 3411 305 3476 τοὺς
321 3413 588 3479 χρόνους
617 3409 816 3473 ἔθετο,
846 3410 952 3462 ἀπὸ
981 3411 1086 3465 τῶν
1112 3412 1315 3482 χρόνων
1336 3411 1410 3470 δὲ.
1442 3414 1536 3465 καὶ
1565 3411 1741 3465 πάντα

189 3499 243 3550 τὰ
271 3503 321 3553 ὲν
358 3500 434 3568 τῷ
460 3500 650 3572 χρόνῳ
692 3499 1030 3569 γεγενημένα
1048 3538 1064 3563 ,
1097 3500 1321 3571 νοοῦμεν
1364 3497 1498 3554 εἶναι
1527 3501 1602 3571 τῷ
1632 3505 1740 3555 Πα-

189 3592 262 3659 rp!
291 3592 606 3658 ὑπεξούσια.
649 3589 710 3643 Ei
749 3586 840 3644 οὖν
881 3593 939 3645 ὲν
961 3591 1177 3662 ἐξουσίᾳ
1214 3592 1306 3645 τοῦ
1350 3597 1518 3647 ποιεῖν
1549 3593 1585 3647 ἃ
1617 3594 1740 3664 βού-

191 3681 339 3736 λονται
365 3687 392 3736 6
436 3681 635 3753 Πατὴρ
668 3683 761 3736 καὶ
799 3685 827 3736 6
853 3683 999 3746 Υἱὸς,
1033 3683 1128 3737 καὶ
1147 3683 1208 3736 τὸ
1236 3683 1388 3752 ἅγιον
1420 3682 1641 3752 Πνεῦμα
1667 3681 1743 3745 ὡς

194 3770 388 3841 εἴπομεν
420 3773 838 3826 ἁποδέδεικται’
890 3773 1012 3827 τίνα
1057 3774 1181 3827 νοῦν
1216 3776 1248 3845 ή
1290 3773 1384 3826 τοῦ
1438 3773 1740 3843 συγκλήρου

192 3861 274 3929 τῆς
312 3865 566 3929 ἐξουσίας
614 3865 756 3930 λέξις
787 3864 927 3935 ἔχεις
966 3865 1213 3918 Κατιδεῖν
1245 3866 1346 3918 ούκ
1373 3865 1544 3917 ἔστιν·
1580 3866 1607 3916 6
1636 3866 1743 3934 γὰρ

195 3951 379 4005 πάντων
399 3955 744 4024 κληρονόμος
762 3996 775 4019 ,
804 3958 832 4007 ὁ
856 3955 962 4006 τῶν
991 3953 1201 4007 αἰώνων
1238 3953 1584 4023 δημιουργὸς,
1615 3956 1643 4006 6
1675 3957 1741 4025 τῇ

192 4039 294 4112 δόξῃ
338 4044 427 4097 τοῦ
457 4044 680 4115 Πατρδς
721 4045 1146 4113 συνεκλάμπων.
1194 4045 1290 4097 καὶ
1327 4044 1743 4115 χαρακτηρίζων

195 4129 239 4180 ὲν
261 4131 423 4201 ἑαυτῷ
474 4132 578 4184 τοῦ
628 4133 840 4202 Πατρὸς
866 4133 964 4202 τὴν
1007 4134 1331 4195 ὑπόστασιν,
1364 4134 1542 4186 πάντα
1590 4134 1688 4185 ὃσα
1716 4134 1744 4186 6

195 4219 356 4292 Πατὴρ
375 4223 544 4286 αὐτὸς
577 4223 708 4293 ἔχει,
739 4225 828 4276 καὶ
855 4227 1035 4293 πάσης
1067 4223 1311 4288 ἐξουσίας
1333 4223 1534 4295 Κύριός
1561 4225 1707 4276 ἐστιν
1727 4239 1740 4252 ·

194 4308 244 4358 ού
270 4311 662 4382 μεθισταμένης
701 4313 807 4365 ἀπὸ
847 4312 941 4365 τοῦ
989 4314 1198 4384 Ματρὸς
1233 4315 1312 4376 εἰς
1354 4316 1444 4366 τὸν
1483 4314 1608 4367 Υίὸν
1645 4313 1746 4384 τῆς

197 4396 353 4461 αξίας·
384 4402 526 4454 ἀλλὰ
565 4403 656 4453 καὶ
689 4403 815 4472 παρ’
849 4402 998 4472 αὐτῷ
1029 4402 1296 4472 μενούσης
1333 4404 1425 4457 καὶ
1462 4405 1518 4455 ὲν
1551 4403 1742 4474 ἐκείνῳ

197 4487 353 4558 οὔσης.
381 4494 446 4544 Ὀ
475 4509 540 4546 τε
569 4492 677 4562 γὰρ
707 4494 765 4546 ἐν
787 4493 1054 4563 τῷΠατρὶ
1083 4491 1156 4544 ὣν
1182 4492 1318 4562 μετὰ
1347 4493 1525 4562 πάσης
1544 4491 1740 4562 δηλαδὴ

197 4580 277 4648 τῆς
299 4584 482 4638 ἑαυτοῦ
519 4583 799 4654 δυνάμεως
834 4588 978 4637 ἐστιν
1011 4588 1067 4636 ἐν
1106 4584 1182 4654 τῷ
1235 4585 1435 4656 Πατρί’
1478 4585 1572 4638 καὶ
1617 4587 1644 4638 ὖ
1683 4587 1741 4640 ἐν

199 4673 349 4744 ἑαυτῷ
376 4680 464 4729 τὸν
501 4679 722 4748 Πατέρα
752 4677 909 4747 ἔχων,
947 4679 1122 4730 πᾶσαν
1147 4678 1386 4748 περιέχει
1412 4679 1509 4749 τὴν
1547 4696 1740 4746 πατρι-

202 4765 282 4833 κὴν
312 4769 558 4832 ἐξουσίαν
593 4769 685 4820 καὶ
717 4767 962 4837 δύναμιν.
1000 4770 1159 4821 Ὄλον
1195 4770 1301 4839 γὰρ
1331 4770 1441 4838 ἕχει
1476 4772 1532 4822 ἐν
1567 4770 1742 4838 ἑαυτῷ

202 4854 274 4904 τὸν
301 4859 543 4928 Πατέρα’
575 4860 668 4911 καὶ
701 4861 819 4928 οὐχὶ
852 4861 1012 4929 μέρος
1038 4860 1220 4912 αὑτοῦ.
1265 4861 1322 4912 ὐ
1350 4861 1413 4921 δὲ,
1443 4861 1559 4913 ὅλον
1605 4860 1742 4931 ἔχων

203 4949 277 4997 zz".
316 4952 407 5020 τὴν
452 4951 704 5016 ἐξουσίαν
743 4950 905 5004 αὐτοῦ
952 4952 1166 5014 παντως
1215 4953 1345 5021 ἔχει.
1397 4955 1461 5006 Τί
1493 4949 1584 5007 οὖν
1609 4956 1742 5007 νοῶν

203 5037 434 5108 Εύνόμιος
477 5043 856 5109 ἀποφαίνεται,
881 5044 954 5112 μὴ
983 5042 1125 5112 ἔχειν
1153 5043 1242 5095 τὸν
1271 5045 1484 5116 Πατέρα
1506 5046 1744 5116 σύγκλη-

205 5144 277 5194 ρον
302 5132 391 5200 τῆς
427 5134 708 5198 ἐξουσίας;
752 5135 965 5186 Εἴποιεν
995 5135 1060 5188 ἂν
1087 5137 1213 5198 ἴσως
1244 5139 1289 5188 οἱ
1318 5138 1414 5206 τῆς
1459 5139 1747 5209 ματαιότη-

205 5233 274 5276 τος
302 5223 458 5275 αὐτοῦ
505 5225 780 5296 μαθηταί·
813 5227 841 5277 ὁ
867 5225 975 5296 γὰρ
1015 5225 1169 5290 εἰδὼς
1206 5229 1415 5281 ἐπαΐειν
1445 5229 1643 5297 λόγων,
1678 5230 1746 5283 τὰ

204 5305 304 5376 δίχα
329 5312 561 5378 διανοίας
585 5316 872 5385 λεγόμενα,
919 5318 1168 5386 ὁμολογεῖ
1195 5323 1429 5371 συνεῖναι
1481 5321 1556 5391 μὴ
1587 5321 1744 5375 δύνα-

209 5398 328 5455 σθαι.
355 5406 463 5458 Οὐκ
487 5407 616 5477 ἔχει,
655 5410 806 5479 φησὶ,
843 5409 1147 5480 σύγκληρον
1173 5410 1268 5479 τῆς
1297 5410 1543 5474 ἐξουσίας
1573 5415 1601 5465 6
1637 5413 1746 5466 Πα-

207 5492 310 5559 τήρ.
344 5493 432 5560 Ti;
464 5499 568 5570 γάρ
600 5501 746 5552 ἐστιν
790 5501 819 5552 6
845 5500 1016 5569 λέγων
1060 5502 1122 5553 ὲκ
1155 5500 1569 5572 διακληρώσεως
1608 5505 1747 5576 ὑπὲρ

275 5673 368 5729 ⁸⁷1
417 5678 536 5735 Cor.
603 5697 690 5746 xv,
756 5681 838 5736 tl.
916 5682 962 5713 ⁸⁸
1015 5681 1223 5738 Coloss.
1276 5699 1356 5751 ut,
1393 5683 1438 5738 l.

1775 4462 1817 4517 ι)

1837 3227 2005 3295 spirat
2052 3229 2138 3292 °°,
2205 3239 2259 3284 et
2316 3234 2498 3285 omnia
2536 3235 2586 3288 in
2638 3238 2893 3295 omnibus
2945 3251 3204 3312 operatur
3243 3259 3404 3317 prout

1836 3321 1980 3379 vult:
2029 3330 2085 3374 et
2133 3319 2302 3376 Filius
2340 3339 2434 3392 per
2468 3341 2627 3393 quem
2672 3330 2855 3383 omnia
2897 3330 3038 3385 facta
3076 3347 3223 3402 sunt,
3275 3342 3405 3394 visi-

1839 3406 2079 3476 biliaque
2118 3415 2171 3462 et
2210 3410 2504 3464 invisibilia
2537 3413 2590 3466 in
2631 3417 2786 3471 oculis
2831 3427 2884 3471 et
2927 3420 2979 3472 in
3014 3429 3187 3488 terra,
3223 3432 3401 3483 omnia

1839 3515 1958 3568 qua:
1997 3503 2166 3554 voluit
2204 3501 2351 3566 fecit,
2403 3513 2457 3556 et.
2494 3521 2632 3572 quos
2679 3507 2787 3560 vult
2834 3510 3102 3577 viviticat;
3149 3522 3200 3566 et
3242 3513 3402 3568 Pater

1846 3593 1904 3647 in
1953 3609 2052 3647 sua
2100 3604 2358 3662 potestate
2409 3607 2644 3663 tempore
2677 3599 2852 3664 posuit
2884 3600 2952 3664 °',
2999 3615 3028 3652 a
3061 3604 3403 3671 temporibus

1841 3687 2023 3734 autem
2073 3695 2258 3735 omnia
2311 3699 2432 3752 quae
2479 3695 2607 3740 sunt
2648 3686 2704 3741 in
2760 3696 3000 3759 tempore
3061 3692 3200 3747 facta
3260 3695 3404 3750 Patri

1842 3772 2088 3841 subjecta
2128 3789 2253 3829 esse
2300 3775 2670 3848 intelligimus.
2709 3779 2764 3835 Si
2818 3782 2981 3852 igitur
3013 3789 3284 3864 mqnaleur
3313 3789 3409 3840 ha-

1841 3864 1970 3919 bere
2029 3873 2353 3934 potestatein
2423 3868 2657 3925 faciendi
2717 3889 3054 3946 quaecunque
3116 3879 3302 3933 volunt
3355 3891 3409 3935 et

1843 3954 2054 4008 Patrem
2083 3964 2139 4010 et
2169 3955 2364 4010 Filium
2395 3967 2449 4012 et
2481 3960 2740 4028 Spiritum
2775 3975 3047 4030 sanctum,
3091 3969 3230 4021 sicut
3266 3969 3409 4022 dixi-

1844 4062 1986 4108 mus,
2031 4046 2468 4105 demonstratum
2515 4061 2598 4107 est
2633 4094 2648 4116 ,
2706 4071 2866 4124 quam
2927 4057 3090 4126 igitur
3133 4061 3404 4115 notionem

1844 4138 2004 4192 habet
2049 4140 2162 4195 haec
2213 4141 2380 4195 dictio
2413 4147 2688 4199 consortis
2725 4151 3048 4216 potestatis?
3081 4150 3409 4221 Conspicere

1845 4245 1954 4284 non
2001 4231 2127 4286 licet
2163 4251 2178 4287 :
2222 4234 2315 4303 qui
2349 4236 2494 4289 enim
2541 4247 2624 4292 est
2665 4241 3042 4295 universorum
3083 4244 3273 4306 haares,
3315 4247 3409 4316 qui

1845 4323 2170 4378 saeculorum
2211 4327 2481 4389 conditor,
2509 4329 2600 4398 qui
2635 4344 2757 4383 cum
2793 4332 2961 4401 gloria
2995 4333 3170 4390 Patris
3208 4337 3409 4401 elucet,

1844 4417 1937 4483 qui
1986 4415 2040 4468 in
2110 4415 2294 4485 seipso
2346 4417 2523 4470 Patris
2573 4419 2910 4490 hypostasin
2952 4425 3165 4496 ﬁgurat,
3220 4439 3271 4482 et
3317 4431 3410 4498 qui

1846 4506 2007 4560 habet
2037 4507 2220 4560 omnia
2255 4523 2594 4578 quzecunque
2622 4509 2781 4566 Pater
2809 4514 2991 4578 habet,
3031 4520 3208 4572 omnis
3249 4524 3410 4574 etiam

1841 4600 2129 4665 poteSIatis
2177 4598 2438 4654 Dominus
2495 4609 2633 4655 est:
2688 4620 2799 4660 non
2859 4608 3004 4676 quod
3060 4625 3088 4662 a
3146 4611 3302 4666 Patre
3356 4613 3409 4665 in

1842 4687 2038 4742 Filium
2065 4691 2699 4762 transmigretdignitas,
2733 4697 2826 4752 sed
2861 4700 3023 4752 etiam
3057 4702 3197 4768 apud
3236 4703 3408 4772 ipsum

1845 4789 2062 4833 maneat
2105 4790 2268 4848 atque
2317 4784 2368 4835 in
2403 4783 2496 4837 illo
2545 4786 2633 4838 sit.
2672 4785 2774 4852 Qui
2827 4792 2970 4843 enim
3027 4792 3077 4844 in
3112 4791 3270 4846 Patre
3302 4805 3410 4856 est,

1843 4887 1967 4926 cum
2013 4873 2159 4925 omni
2211 4876 2466 4930 nimirum
2518 4895 2615 4933 sua
2667 4882 2907 4949 potentia
2957 4892 3041 4937 est
3100 4886 3151 4937 in
3215 4883 3407 4938 Patre:

1845 4973 1899 5016 et
1951 4964 2043 5032 qui
2087 4965 2142 5018 in
2194 4967 2373 5036 seipso
2420 4971 2631 5026 Patrem
2682 4973 2866 5036 habet,
2927 4991 3138 5028 onuiem
3183 4977 3410 5044 patriam

1846 5065 2164 5125 potestatem
2203 5069 2258 5112 et
2297 5062 2400 5113 vim
2449 5066 2854 5133 complectitur.
2905 5065 3099 5120 Totum
3158 5069 3298 5120 enim
3359 5071 3410 5122 in

1848 5148 2031 5216 seipso
2082 5149 2247 5203 habet
2287 5151 2503 5207 Patrem
2546 5175 2558 5209 :
2599 5172 2775 5225 neque
2815 5173 2942 5226 pars
2984 5160 3104 5226 ejus
3150 5169 3252 5213 est.
3311 5163 3413 5225 Qui

1850 5247 2030 5291 autem
2099 5248 2272 5294 totum
2327 5244 2508 5305 habet.
2560 5249 2722 5302 etiam
2765 5258 3083 5318 potestatem
3141 5252 3260 5318 ejus
3307 5268 3418 5304 oui-

1852 5331 1983 5383 nino
2031 5332 2211 5387 habet.
2248 5335 2386 5400 Quid
2419 5337 2582 5408 igitur
2609 5339 2909 5396 Eunomius
2946 5343 3252 5413 intelligens
3287 5359 3414 5413 pro-

1852 5422 2068 5474 nuntiat
2100 5422 2311 5478 Patrem
2351 5443 2458 5480 non
2514 5429 2717 5484 habere
2746 5434 3030 5499 potestatis
3073 5434 3419 5488 consortem?

1857 5506 2100 5564 Dixerint
2132 5511 2362 5570 fortasse
2389 5518 2647 5573 vanitatis
2675 5520 2795 5587 ejus
2822 5522 3212 5591 astipulatores
3249 5528 3416 5583 disci-

1517 5684 1561 5716 "
1599 5682 1732 5739 Joan

1838 5704 1922 5754 Ix;
1966 5688 2107 5746 Psal.
2157 5710 2267 5759 xxi,
2305 5694 2388 5749 i9.
2467 5699 2511 5729 '°
2585 5698 2742 5754 Joan.
2779 5718 2860 5767 ut,
2897 5703 2948 5758 8.
3026 5707 3067 5738 “
3118 5708 3236 5762 Art.
3293 5725 3310 5765 ι
3361 5711 3416 5766 ’3.
