3922 6522
459 361 571 415 487

1712 360 1771 417 S.
1799 358 2126 416 GREGORII
2148 357 2440 415 NYSSENI

3628 353 3725 412 £88

460 475 612 543 puli;
665 486 791 527 nam
852 472 948 543 qui
1003 487 1290 529 sermones
1335 473 1528 530 audire
1576 475 1749 538 novit,
1803 490 1867 530 ea
1916 491 2038 546 quae

2169 475 2239 546 ἧς
2290 474 2537 539 ἐξουσίας
2577 473 2712 545 πρὸς
2759 472 3021 543 ἀλλήλους
3063 475 3158 527 τὸν
3216 471 3453 545 Πατέρα
3507 474 3599 526 καὶ
3645 475 3726 528 τὸν

462 566 585 622 sine
635 572 819 620 mente
875 576 927 620 et
988 566 1259 620 sententia
1310 566 1676 634 funditantur,
1719 583 1779 622 se
1820 582 1929 621 non
1958 568 2037 621 in-

461 657 710 727 telligere
750 655 975 712 fatetur.
1017 655 1135 710 Non
1172 657 1352 721 habet,
1388 658 1587 728 inquit,
1614 659 1774 712 Pater
1801 667 2040 728 potesta-

463 750 537 803 tis
575 758 911 804 consortem.
965 748 1100 815 Quis
1143 751 1285 804 enim
1339 748 1554 804 Patrem
1606 759 1662 805 et
1714 747 1911 803 Filium
1971 750 2039 804 de

2146 566 2275 619 Υἱδν
2317 564 2713 636 διαμάχεσθαι;
2758 558 2853 626 Οἷς
2884 563 3183 634 μεσιτεύων
3227 565 3258 616 6
3297 564 3448 633 ἱερὸς
3481 563 3726 633 Εὐνόμιος

2150 659 2238 712 διὰ
2271 658 2487 729 φιλικῆς
2521 658 2864 727 συμϐάσεως,
2897 655 3023 709 ἄνευ
3044 656 3257 728 κλήρου
3287 655 3447 726 νέμει
3472 654 3549 727 τῷ
3571 658 3729 730 Πατρὶ

2149 749 2295 819 μόνῳ
2330 748 2399 800 τὰ
2425 747 2687 819 πρεσϐεῖα
2709 747 2807 818 τῆς
2830 745 3095 811 ἐξουσίας.

463 847 736 907 potestate
777 838 920 892 inter
951 855 1010 894 se
1040 855 1106 894 ex
1152 840 1441 895 sortitione
1479 839 1627 895 dicat
1670 839 2039 894 contendere?
2077 840 2290 906 Quibus
2325 839 2593 893 mediator
2619 839 2988 907 interveniens
3016 852 3172 893 sacer
3236 835 3552 893 Eunomius
3610 839 3732 892 ami-

463 933 627 989 cabili
674 933 1084 996 convenientia,
1113 934 1234 987 sine
1266 942 1415 988 sorte
1449 935 1551 988 soli
1580 934 1723 987 Patri
1752 936 2042 1004 potestatis
2080 934 2272 989 tribuit
2309 934 2433 1003 jura
2487 933 2762 1003 praecipua
2812 942 2865 987 et
2903 933 3224 987 honoraria.

538 1027 729 1084 Videte
760 1029 1045 1083 ridiculam
1077 1037 1130 1083 et
1163 1030 1448 1099 puerilem,
1479 1031 1639 1085 vilem
1682 1040 1736 1084 et
1768 1030 2037 1099 abjectain

467 1122 664 1175 horum
713 1121 1165 1175 documentorum
1202 1122 1626 1191 expositionem.
1663 1121 1743 1176 An
1804 1123 1892 1177 ille
1947 1122 2040 1193 qui

471 1215 725 1269 universa
756 1214 858 1267 fert
885 1214 1051 1267 verbo
1084 1228 1197 1267 suae
1248 1215 1502 1283 polentia:
1519 1216 1585 1278 ",
1618 1217 1710 1285 qui
1759 1214 1892 1268 dicit
1924 1229 2046 1282 quin

472 1304 585 1357 tieri
617 1303 749 1365 vult,
784 1312 834 1357 et
868 1303 958 1372 qui
995 1303 1122 1357 facit
1158 1304 1213 1357 in
1260 1305 1471 1375 imperii
1505 1306 1704 1360 virtute
1735 1322 1856 1375 quae
1906 1307 2042 1370 vult,

469 1396 556 1449 cui
583 1397 862 1448 concurrit
889 1411 1010 1449 cum
1041 1396 1321 1450 voluntate
1365 1399 1627 1467 potentia,
1657 1398 1816 1465 cujus
1854 1407 2047 1468 poten-

471 1488 559 1539 tia:
582 1502 834 1540 mensura
867 1486 986 1555 ejus
1016 1498 1098 1541 est
1126 1488 1377 1544 voluntas
1414 1504 1427 1540 :
1469 1488 1589 1557 Ipse
1626 1490 1794 1554 enim,
1844 1491 2044 1561 inquit,

470 1574 630 1636 dixit,
656 1583 704 1626 et
731 1574 877 1643 facta
897 1586 1040 1639 sunt,
1066 1578 1175 1645 ipse
1207 1579 1482 1632 mandavit
1510 1588 1561 1633 et
1606 1591 1787 1635 creata
1811 1591 1935 1635 sunt
1963 1582 2043 1647 ⁹³;

471 1669 561 1737 qui
590 1668 771 1723 omnia
798 1684 894 1739 per
922 1685 980 1724 se
1014 1670 1158 1734 fecit,
1197 1682 1251 1726 et
1281 1675 1335 1726 in
1371 1673 1550 1744 seipso
1576 1676 1894 1741 constituit;
1939 1689 2049 1746 quo

471 1760 590 1815 sine
618 1761 747 1813 nihil
778 1777 966 1815 eorum
994 1778 1114 1831 qua:
1144 1773 1291 1829 sunt,
1325 1765 1524 1820 factum
1554 1777 1638 1822 est
1665 1768 1730 1829 ",
1765 1784 1941 1837 neque
1993 1768 2050 1821 in

2231 1032 2423 1102 Ὁρᾶτε
2451 1029 2513 1083 τὸ
2554 1027 2957 1090 καταγέλαστον
2996 1028 3089 1081 καὶ
3118 1024 3498 1097 παιδαριῶδες
3527 1025 3623 1095 τῆς
3645 1043 3734 1095 χα-

2153 1121 2416 1193 μαιζήλου
2443 1121 2647 1189 ταύτης
2664 1120 2771 1174 τῶν
2792 1119 3077 1189 δογμάτων
3109 1119 3415 1179 ἐκθέσεως.
3442 1114 3585 1188 Ἀρα
3618 1120 3644 1170 6
3676 1119 3737 1172 τά

2152 1214 2442 1285 σύμπαντα
2475 1213 2653 1284 φέρων
2695 1212 2772 1282 τῷ
2823 1214 3027 1282 ῥήματι
3074 1211 3175 1278 τῆς
3208 1209 3507 1277 δυνάμεως
3552 1209 3733 1274 αὑτοῦ,

2150 1306 2322 1374 λέγων
2351 1305 2387 1359 ἃ
2408 1304 2659 1373 γενέσθαι
2689 1303 2830 1356 θέλει
2851 1342 2865 1363 ,
2896 1303 2990 1355 καὶ
3020 1301 3190 1354 ποιῶν
3232 1302 3297 1353 ὲν
3349 1303 3418 1370 τῇ
3451 1298 3544 1352 τοῦ
3580 1316 3734 1371 προσ-

2155 1401 2434 1469 τάγματος
2460 1396 2742 1469 δυνάμειᾶ
2767 1394 3051 1468 βούλεται,
3086 1387 3146 1448 οὗ
3186 1392 3500 1463 σύνδρομός
3540 1395 3650 1445 ἐστι
3677 1395 3731 1463 τῇ

2157 1491 2409 1561 βουλήσει
2433 1493 2466 1560 ή
2496 1490 2745 1559 δύναμις,
2773 1490 2868 1541 καὶ
2904 1490 3100 1559 μέτρον
3129 1490 3235 1557 τῆς
3263 1486 3556 1556 δυνάμεως
3585 1486 3733 1538 αὑτοῦ

2153 1585 2217 1637 τὸ
2265 1583 2477 1655 θέλημα
2521 1584 2729 1652 γίνεται
2756 1599 2770 1613 θ
2817 1580 3009 1646 Αὐτὸς
3056 1580 3201 1651 γὰρ,
3261 1582 3459 1651 φησὶν,
3492 1576 3619 1633 εἷπε
3648 1578 3735 1632 καὶ

2156 1676 2565 1746 ἐγενήθησαν,
2609 1674 2791 1739 αὐτὸς
2822 1672 3160 1726 ἐνετείλατο
3193 1671 3298 1726 καὶ
3331 1672 3695 1737 ἐκτίσθησαν
3714 1685 3729 1700 ·

2157 1773 2186 1825 ὁ
2228 1772 2405 1825 πάντα
2451 1770 2516 1823 δι’
2550 1768 2743 1822 ἑαυτοῦ
2778 1769 3039 1839 ποιήσας,
3087 1766 3183 1819 καὶ
3225 1767 3287 1818 ὲν
3322 1763 3507 1834 ἑαυτῷ
3550 1766 3732 1833 συστή-

474 1859 668 1904 natura
696 1862 897 1917 manet,
933 1853 1037 1908 iste
1065 1865 1346 1924 exspectat
1378 1872 1443 1911 ex
1478 1863 1711 1927 quadam
1768 1859 2052 1915 sortitione

2169 1882 2278 1927 mg,
2312 1858 2372 1917 οὗ
2400 1862 2570 1933 χωρὶς
2612 1860 2717 1914 τῶν
2747 1859 2916 1915 όντων
2946 1860 3101 1913 οὐδὲν
3133 1858 3266 1913 οὔτε
3322 1858 3575 1925 ἐγένετο.
3623 1856 3732 1911 οὔτε

474 1956 594 1995 eam
627 1953 948 2011 potestatem
1012 1946 1287 2003 obtinere?
1338 1946 1611 2013 Jndicate,
1648 1949 1944 2013 auditores,
1980 1964 2049 2006 an

475 2036 569 2105 qui
604 2036 717 2089 haec
770 2038 967 2091 asserit
1001 2039 1071 2093 sit
1109 2041 1312 2094 mentis
1356 2056 1601 2111 compos.
1635 2042 1781 2096 Unus
1829 2052 1928 2109 est,
1963 2044 2052 2097 in-

477 2128 616 2197 quit,
650 2138 698 2181 et
728 2130 873 2184 solus
912 2132 1048 2186 Deus
1079 2134 1425 2202 omnipotens.
1480 2135 1538 2191 Si
1586 2137 1804 2208 quidem
1836 2138 2052 2194 Patrem

480 2221 872 2288 omnipotentis
915 2225 1278 2293 appellatione
1324 2228 1585 2296 ostendit,
1644 2240 1913 2296 nostrum,
1946 2246 2055 2285 non

480 2309 719 2364 alienum
775 2327 1078 2369 sermonem
1114 2319 1472 2386 pronuntiat:
1507 2321 1593 2376 sin
1650 2333 1831 2375 autem
1888 2323 2054 2377 alium

480 2401 716 2472 aliquem
768 2416 964 2474 praeter
1014 2406 1230 2465 Patrem
1290 2411 1545 2481 intelligit
1603 2415 2055 2484 omnipotentem,

478 2498 645 2551 etiam
681 2498 1155 2556 circnmcisionem
1188 2502 1234 2557 si
1265 2504 1314 2558 ei
1349 2504 1601 2560 videatur
1654 2506 1932 2576 praedicet,
1964 2509 2058 2578 qui

483 2588 834 2645 Judaicorum
881 2592 1226 2648 decretorum
1254 2608 1335 2651 est
1371 2613 1598 2666 praeses,
1622 2598 2057 2657 Christianorum

484 2681 755 2751 siquidem
785 2683 918 2739 ﬁdes
950 2684 1004 2738 in
1040 2685 1257 2741 Patrem
1287 2688 1550 2744 intuetur.
1581 2690 1774 2745 Omnia
1808 2694 1951 2748 enim
1978 2703 2064 2749 est

484 2773 665 2838 Pater,
731 2776 1080 2840 Altissimus,
1142 2781 1512 2850 omnipotens,
1556 2799 1648 2837 rea:
1704 2789 2060 2855 regnantium,

485 2868 744 2923 Dominus
777 2868 1168 2925 dominantium
1193 2874 1261 2939 ’⁸,
1309 2884 1365 2929 et
1410 2892 1749 2947 quaecunque
1790 2880 2061 2933 excelsam

486 2959 689 3015 habent
745 2968 800 3014 et
850 2963 1102 3015 eximiam
1165 2964 1649 3034 signiﬁcationem,
1702 2967 1886 3023 Patris
1936 2976 2065 3023 sunt

487 3054 729 3122 prepria,
747 3061 801 3107 et
828 3070 949 3124 quae
982 3062 1110 3108 sunt
1136 3052 1334 3119 Patris,
1358 3057 1520 3111 etiam
1555 3056 1676 3112 Filii
1705 3069 1834 3113 sunt
1860 3061 2061 3113 omnia.

487 3143 644 3207 Quod
676 3145 719 3199 si
751 3145 822 3197 ita
855 3154 959 3211 est,
1007 3146 1120 3200 hinc
1170 3146 1332 3201 etiam
1365 3149 1726 3205 admittimus.
1789 3148 1845 3204 Si
1883 3159 2063 3205 autem

2159 1958 2218 2009 ὲν
2254 1956 2330 2026 τῷ
2357 1950 2495 2008 εἶναι
2528 1954 2680 2024 μένει
2700 1970 2711 1984 ⁸
2745 1948 2898 2017 οὗτος
2937 1951 3199 2023 ἀναμένει
3230 1952 3299 2004 ὲκ
3330 1948 3734 2020 διακληρώσεώς

2153 2065 2294 2109 τινος
2327 2049 2474 2114 σχεῖν
2510 2046 2607 2116 τήν
2639 2042 2909 2108 ὲξουσίαν;
2952 2044 3216 2113 Κρίνατε,
3253 2043 3307 2093 οἱ
3342 2040 3659 2103 ἀκούοντες,
3688 2041 3729 2094 εἰ

2154 2144 2183 2194 6
2212 2140 2385 2195 ταῦτα
2412 2139 2585 2207 λέγων
2616 2138 2674 2189 ἐν
2697 2134 2775 2207 τῷ
2803 2134 3164 2205 καθεστηκότι
3189 2136 3297 2205 τὴν
3340 2134 3579 2187 διάνοιαν
3610 2134 3729 2202 ἔχει.

2152 2231 2255 2299 Εἷς
2285 2234 2392 2303 γάρ
2416 2232 2567 2291 ἐστι,
2598 2230 2752 2300 φησὶ,
2779 2227 2878 2282 καὶ
2896 2228 3083 2296 μόνος
3114 2226 3271 2291 Θεὸς
3293 2225 3727 2294 παντοκράτωρ.

2159 2323 2223 2377 Εἰ
2259 2324 2357 2393 μὲν
2401 2317 2494 2375 οὖν
2536 2320 2627 2373 τὸν
2659 2318 2879 2388 Πατέρα
2918 2317 3005 2371 διὰ
3032 2317 3132 2386 τῆς
3163 2316 3263 2370 τοῦ
3308 2316 3734 2386 παντοκράτορος

2160 2412 2529 2485 προσηγορίας
2556 2410 2920 2469 ἐνδείκνυται,
2944 2408 3219 2480 ἡμέτερον
3263 2407 3417 2477 λέγει
3460 2407 3551 2459 τὸν
3574 2400 3733 2471 ’λόγον

2158 2508 2253 2560 καὶ
2302 2506 2403 2558 οὐκ
2436 2502 2743 2574 ἀλλότριον·
2791 2500 2920 2554 εἰδὲ
2963 2500 3119 2555 ἄλλον
3159 2499 3288 2554 τινὰ
3320 2498 3474 2571 παρὰ
3512 2498 3598 2551 τὸν
3637 2501 3735 2552 Πα-

2160 2600 2294 2671 τέρα
2323 2601 2435 2652 νοεῖ
2462 2596 2896 2666 παντοκράτορα,
2930 2593 3025 2645 καὶ
3055 2591 3157 2663 τὴν
3190 2590 3504 2664 περιτομὴν
3528 2590 3574 2642 εἰ
3604 2589 3737 2642 δοκεῖ

2163 2689 2514 2760 κηρυσσέτω,
2551 2689 2580 2741 ὁ
2623 2686 2735 2739 τῶν
2767 2682 3053 2753 δογμάτων
3078 2681 3188 2735 τῶν
3240 2679 3550 2735 Ἰουδαϊκῶν
3612 2694 3737 2747 προ-

2162 2778 2625 2853 στάτης.Τῶνγὰρ
2642 2777 2983 2850 Χριστιανῶν
3003 2776 3036 2845 ή
3053 2774 3239 2837 πίστι-ς
3270 2773 3410 2844 πρὸς
3421 2774 3513 2825 τὸν
3536 2768 3733 2838 Πατέρα

2167 2874 2370 2945 βλέπει.
2418 2872 2604 2926 Πάντα
2636 2870 2694 2923 δέ
2733 2872 2882 2922 ἐστιν
2905 2869 2933 2920 ὁ
2972 2868 3162 2937 Πατὴρ
3183 2906 3198 2927 ,
3234 2866 3566 2933 ’Υψιστος,
3596 2875 3730 2912 παν-

2163 2964 2463 3033 τοκράτωρ
2484 3008 2496 3026 ,
2527 2962 2827 3028 ,βασιλεὺς
2868 2960 2986 3013 τῶν
3018 2958 3505 3023 βασιλευόντων.
3541 2954 3734 3021 Κύριος

2164 3056 2284 3110 τῶν
2322 3056 2740 3123 κυριευόντων,
2774 3053 2868 3105 καὶ
2903 3052 3079 3104 πάντα
3116 3053 3216 3103 ὅσα
3246 3047 3353 3116 τῆς
3397 3044 3602 3115 ὑψηλῆς
3629 3041 3733 3109 ἔχε-

2168 3165 2255 3201 ται
2295 3143 2603 3215 σημασίας,
2647 3140 2743 3194 τοῦ
2791 3140 3003 3210 Πατρός
3056 3139 3205 3190 ἐστιν
3258 3135 3389 3189 ῐδια.
3425 3132 3505 3184 Τὰ
3553 3131 3608 3182 δὲ
3649 3124 3732 3179 τοῦ

488 3236 650 3292 Patre
679 3241 885 3294 omisso
907 3241 1073 3294 alium
1098 3243 1523 3310 omnipotentem
1553 3255 1818 3303 autumat,
1848 3246 2061 3298 decreta

2169 3208 2412 3308 Πατρδς,
2444 3233 2538 3286 τοῦ
2584 3231 2715 3284 Υἱοῦ
2760 3231 2875 3283 ὲστι
2915 3208 3114 3282 hama.
3148 3228 3316 3279 Ὥστε
3366 3224 3551 3277 τούτου
3596 3221 3730 3276 όντος

488 3327 800 3399 Judaeorum
833 3330 1061 3401 profert,
1110 3332 1193 3387 vel
1241 3331 1486 3387 Platonis
1534 3334 1839 3387 doctrinam
1878 3335 2063 3401 sequi-

491 3424 694 3492 tur(a).
721 3421 854 3476 Nam
879 3432 932 3477 et
954 3424 1104 3478 illum
1132 3424 1512 3495 philosophum
1539 3426 1692 3479 aiunt
1713 3426 1913 3485 dicere,
1943 3441 2067 3480 esse

491 3510 783 3580 quemdam
810 3525 1128 3578 supremum
1158 3521 1462 3566 creatorem
1514 3522 1567 3566 et
1610 3512 1868 3566 factorem
1926 3526 2068 3580 quo-

495 3602 744 3655 rumdam
777 3601 1010 3655 aliorum
1047 3603 1275 3656 deorum
1318 3603 1666 3658 inferiorum.
1701 3603 2066 3668 Quemadmo-

494 3694 624 3747 dum
657 3693 822 3761 igitur
870 3693 923 3748 in
952 3690 1201 3749 Judaicis
1256 3703 1311 3748 et
1376 3694 1676 3748 Platonicis
1708 3695 1943 3749 decretis
1973 3694 2067 3764 qui

495 3783 713 3839 Patrem
747 3798 852 3839 non
886 3785 1125 3839 admittit
1150 3786 1501 3841 Christianus
1537 3801 1641 3840 non
1692 3797 1796 3848 est,
1853 3787 2068 3842 tametsi

495 3875 922 3944 omnipotentem
952 3874 1245 3945 quemdam
1279 3877 1425 3929 colat
1456 3876 1507 3928 in
1534 3890 1634 3928 suo
1664 3876 1915 3945 dogmate
1942 3893 1955 3929 :
1989 3877 2071 3931 sic

495 3967 660 4023 etiam
687 3966 988 4023 Eunemius
1016 3976 1208 4022 contra
1237 3982 1432 4021 nomen
1465 3968 1747 4033 mentitur,
1773 3966 2070 4024 Judaizans

498 4071 608 4128 pne
635 4058 891 4126 superbia
919 4066 973 4112 et
1005 4057 1203 4112 mentis
1240 4055 1464 4119 ferocia,
1492 4058 1575 4111 vel
1609 4056 1924 4113 Graecorum
1970 4076 2070 4114 nu-

500 4149 643 4202 mina
678 4147 996 4218 praeferens,
1026 4148 1461 4203 Christianorum
1488 4149 1909 4219 appellationem
1943 4152 2073 4204 sub-

499 4239 755 4294 induens.
792 4239 934 4305 Quin
970 4240 1134 4293 etiam
1174 4243 1240 4295 de
1268 4238 1355 4293 his
1384 4255 1505 4308 qua:
1534 4248 1858 4308 sequuntur,
1882 4242 2072 4295 eadem

498 4334 604 4388 erit
642 4332 837 4386 oratio.
890 4330 1031 4385 Dicit
1082 4333 1225 4385 enim
1271 4332 1417 4401 quod
1472 4331 1610 4386 Deus
1662 4331 1899 4388 deorum.
1966 4331 2077 4388 Nos

500 4423 713 4493 adjecto
765 4422 941 4477 Patris
990 4424 1210 4477 nomine
1261 4439 1446 4478 vocem
1498 4424 1823 4479 familiatem
1854 4436 1911 4479 et
1944 4440 2076 4494 pro-

500 4512 676 4581 priam
708 4509 959 4574 facimus,
988 4513 1224 4567 scientes
1256 4513 1403 4581 quod
1451 4510 1611 4567 Pater
1646 4512 1792 4567 Deus
1820 4513 2075 4568 deorum.

2170 3331 2397 3383 κάκεῖνα
2429 3323 2717 3396 δεχόμεθα.
2752 3324 2816 3376 Ei
2862 3321 2919 3374 δὲ
2965 3320 3123 3389 ἀφεὶς
3167 3318 3260 3371 τὸν
3310 3317 3559 3387 Πατέρα,
3593 3312 3733 3367 ἄλλον

2169 3418 2586 3488 παντοκράτορα
2610 3415 2782 3483 λέγει,
2808 3412 2875 3466 τὰ
2911 3413 3019 3466 τῶν
3063 3411 3338 3465 Ἰουδαίων
3371 3408 3551 3474 λέγει,
3584 3405 3613 3474 ἢ
3648 3400 3730 3455 καὶ.

2168 3508 2280 3568 τοῖς
2305 3505 2590 3567 Πλάτωνος
2614 3502 2808 3555 ἕπεται
2834 3501 3031 3569 λόγοις.
3061 3500 3175 3553 Καὶ
3202 3499 3315 3570 γάρ
3344 3496 3587 3551 κάκεῖνόν
3615 3506 3729 3559 φασι

2169 3594 2259 3648 τὸν
2299 3594 2585 3663 φιλόσοφον
2622 3591 2840 3660 λέγειν,
2876 3586 3015 3644 εἷναί
3054 3608 3179 3643 τινα
3220 3587 3569 3659 ὑπεράνωθεν
3618 3580 3719 3633 κτί·

2172 3703 2304 3757 στην
2332 3685 2428 3743 καὶ
2454 3684 2680 3755 ποιητήν
2704 3682 3123 3753 ὑποϐεϐηκότων
3151 3681 3318 3735 τινῶν
3357 3678 3516 3734 θεῶν.
3541 3671 3730 3740 Ὠστξρ

2170 3773 2264 3833 οὖν
2304 3780 2361 3831 ὲν
2390 3780 2500 3841 τοῖς
2554 3776 2864 3836 Ἰουδαϊκοῖς
2906 3773 3001 3827 καὶ
3033 3773 3405 3833 Πλατωνικοῖς
3434 3768 3678 3836 δόγμασιν
3703 3760 3728 3811 ὁ

2171 3871 2263 3925 τὸν
2313 3870 2532 3941 Πατέρα
2579 3869 2679 3941 ,μή
2737 3865 3205 3940 παραδεχόμενος,
3253 3860 3573 3935 Χριστιανὸς
3641 3854 3727 3907 οὐκ

2174 3962 2353 4025 ἔστιν,
2398 3962 2501 4015 κᾶν
2551 3959 2968 4031 παντοκράτορὰ
3011 3975 3133 4011 τινα
3182 3955 3477 4028 πρεσϐεύει
3524 3950 3610 4004 ἐπὶ
3646 3945 3725 3999 τοῦ

2173 4054 2468 4121 δόγματος,
2508 4052 2682 4115 οὕτως
2729 4052 2821 4105 καὶ
2852 4053 2880 4104 6
2909 4049 3171 4120 Εὑνόμιος
3220 4045 3605 4117 καταψεύδεται
3646 4036 3726 4090 τοῦ

2173 4144 2454 4214 ὀνόματος,
2496 4141 2796 4205 ’Ῑουδαῖζων
2834 4139 2928 4193 ἐπὶ
2963 4138 3041 4209 τῷ
3075 4139 3384 4209 φρονήματι
3407 4154 3421 4167 σ
3467 4134 3499 4204 ἦ
3539 4130 3602 4183 τὰ
3627 4126 3720 4179 τῶν

2185 4235 2454 4307 Ἐλλήνων
2487 4233 2827 4305 πρεσὸεύων,
2851 4231 2950 4300 τὴν
2978 4231 3035 4284 δὲ
3066 4229 3175 4283 τῶν
3208 4224 3548 4302 Χριστιανῶν
3580 4232 3725 4289 προσ-

2175 4329 2406 4401 ηγορίαν
2447 4326 2830 4397 ὑποδυόμενος.
2888 4323 3048 4377 ’Δλλὰ
3084 4322 3187 4413 καὶ
3219 4321 3349 4391 περὶ
3674 4307 3724 4360 τδ

2178 4418 2468 4474 ἀκόλουθον
2498 4416 2892 4487 ὲκτεθειμένων
2911 4459 2926 4482 ,
2952 4416 2980 4469 6
3002 4401 3347 4478 αὑτδξῖσται
3373 4409 3541 4477 λόγος.
3584 4401 3722 4466 Λέγει

2180 4512 2309 4583 γάρ,
2342 4512 2425 4564 ὅτι
2456 4509 2599 4577 Θεὸς
2629 4506 2799 4563 θεῶν.
2862 4506 3194 4579 Προσθέντες
3232 4505 3393 4575 ἡμεῖς
3420 4499 3479 4553 τὸ
3508 4494 3594 4551 τοῦ
3629 4492 3724 4583 Ila?

501 4603 635 4669 Quae
667 4619 795 4659 vero
818 4614 948 4658 sunt
980 4604 1156 4658 Patris
1206 4603 1389 4658 omnia
1413 4646 1428 4669 ,
1472 4605 1697 4660 omnino
1729 4606 1891 4659 etiam
1947 4617 2061 4661 Sllltl

2181 4580 2307 4674 τρες
2345 4602 2546 4671 ὄνομα,
2581 4600 2681 4669 τὴν
2716 4597 2899 4669 φωνὴν
2945 4597 3325 4667 οἰκειούμεθα,
3373 4592 3561 4652 εἰδότες
3600 4587 3668 4638 ὅτι
3698 4581 3722 4630 ὁ

502 4690 700 4750 Filii".
729 4689 791 4745 Et
811 4691 1066 4745 Dominus
1084 4691 1697 4748 dominantium:eadem
1724 4693 1792 4748 de
1819 4694 1922 4750 hoc
1947 4710 2079 4764 quo-

498 4801 611 4856 que
652 4793 736 4839 est
787 4785 1001 4850 oratio;
1058 4792 1223 4854 atque
1267 4785 1583 4839 Altissimus
1631 4800 1796 4856 supra
1859 4802 2074 4841 omnem

503 4882 729 4930 terrain.
765 4873 898 4927 Nam
929 4875 1227 4945 quemlibet
1268 4882 1445 4929 mente
1476 4876 1819 4945 conceperis,
1870 4878 2078 4932 altissi—

503 4984 626 5023 mus
652 4976 734 5023 est
763 4983 928 5037 super
956 4983 1172 5022 onmem
1204 4974 1423 5023 terram.
1456 4966 1718 5021 Similiter
1757 4984 1991 5039 superne
2023 4971 2075 5024 in

504 5059 857 5113 terrestribus
902 5057 1043 5111 facta
1098 5057 1471 5128 speculatione
1516 5073 1544 5109 a
1600 5056 1783 5120 Patre,
1844 5056 1977 5111 Filio
2023 5068 2079 5111 et

502 5150 717 5220 Spiritu
750 5162 957 5206 sancto.
995 5148 1193 5203 Verum
1236 5149 1398 5203 etiam
1430 5165 1551 5219 quae
1602 5149 1860 5218 deinceps
1913 5150 2078 5205 dictis

500 5244 862 5312 adjiciuntur,
894 5244 1199 5296 Altissimus
1230 5243 1283 5294 in
1314 5243 1627 5303 caelestibus,
1680 5243 1974 5295 altissimus
2020 5243 2076 5295 in

502 5335 808 5396 altissimis,
840 5335 1244 5402 supercwlestis,
1276 5350 1425 5387 verus
1490 5334 1543 5386 in
1573 5334 1821 5397 essentia,
1852 5334 1943 5402 qui
1999 5342 2079 5387 est

500 5438 553 5480 et
581 5435 868 5493 permanet,
897 5443 1044 5478 verm
1072 5427 1124 5478 in
1156 5424 1504 5487 sermonibus,
1534 5442 1681 5480 verus
1713 5426 1767 5478 in
1813 5425 2075 5494 operibus:

516 5522 628 5573 haec
671 5519 814 5572 enim
848 5517 1027 5569 omnia
1085 5533 1148 5568 cx
1188 5532 1343 5585 aequo
1381 5517 1602 5585 inSpicit
1635 5516 2073 5572 Christianorum

506 5610 700 5663 oculus
730 5610 781 5663 in
815 5608 971 5662 Patre
1000 5618 1051 5662 et
1079 5608 1214 5661 Filio
1247 5618 1300 5661 et
1329 5607 1534 5677 Spiritu
1577 5617 1787 5662 sancto.
1821 5607 1976 5673 Quod
2030 5609 2075 5664 si

579 5724 624 5753 δ’
680 5721 845 5777 ιιυιπ.
886 5736 925 5781 1,
969 5723 1021 5775 5.

582 5792 733 5861 (a)ln
753 5792 970 5846 Timwo.

2181 4695 2369 4764 Πατὴρ
2390 4693 2521 4755 Θεός
2548 4695 2663 4745 ἐστι
2683 4691 2791 4744 τῶν
2820 4690 2978 4744 θεῶν.
3015 4690 3096 4743 Τὰ
3118 4689 3175 4742 δὲ
3197 4688 3292 4743 τοῦ
3316 4684 3522 4757 Πατρὸς
3547 4681 3719 4735 πάντα.

2178 4786 2272 4839 τοῦ
2298 4784 2427 4837 Υἱοῦ
2449 4786 2563 4837 ὲστι
2582 4783 2816 4847 πάντως.
2835 4783 2943 4836 Καὶ
2966 4783 3178 4849 Κύριος
3193 4780 3310 4834 τῶν
3330 4775 3717 4847 κυριευόντων·

2178 4880 2207 4932 6
2241 4877 2403 4940 αὐτὸς
2449 4876 2545 4930 καὶ
2593 4875 2724 4946 περὶ
2768 4875 2957 4927 τούτου
3006 4873 3193 4942 λόγος’
3244 4874 3337 4927 καὶ
3369 4870 3611 4939 ’Υψιστος
3642 4859 3719 4912 ἐπὶ

2181 4976 2360 5028 πᾶσαν
2392 4972 2490 5043 τήν
2529 4972 2652 5041 γῆν,
2682 4973 2779 5024 Ὃν
2809 4970 2915 5040 γὰρ
2950 4969 3015 5023 ἂν
3045 4972 3111 5039 τῆ
3149 4968 3355 5038 διανοίᾳ
3391 4963 3567 5035 λάϐῃς.
3597 4954 3717 5009 ἐκεῖ·

2184 5084 2273 5128 νος
2317 5064 2540 5132 ὕψιστος
2585 5063 2674 5115 ἐπὶ
2724 5063 2903 5115 πᾶσαν
2952 5061 3050 5131 τὴν
3088 5061 3209 5131 γῆν.
3277 5057 3496 5129 Ὁμοίως
3540 5045 3717 5104 ἄνωθεν

2185 5160 2296 5219 τοῖς
2322 5155 2583 5223 ἐπιγείοις
2610 5154 2708 5223 τῆς
2740 5152 3042 5221 ἐπισκοπῆς
3075 5151 3361 5222 γινομένης
3391 5144 3530 5214 παρὰ
3559 5151 3713 5233 τε

2187 5248 2400 5319 Πατρὸς
2426 5247 2518 5300 καὶ
2539 5245 2631 5297 τοῦ
2659 5244 2785 5297 Υἱοῦ
2814 5247 2907 5297 καὶ
2932 5241 3025 5295 τοῦ
3051 5244 3205 5310 ἁγίου
3233 5239 3553 5307 Πνεύματος.
3581 5223 3716 5319 ’Λῌλλά

2188 5338 2279 5389 καὶ
2311 5314 2389 5388 Ἶτά
2423 5335 2617 5405 ἐφεξῆς
2645 5337 2759 5397 τοῖς
2796 5333 3106 5404 εἰρημένοις
3145 5328 3537 5417 προσκείμενας
3577 5314 3711 5417 Ὑψξ

2188 5447 2332 5495 στος
2354 5430 2422 5482 ἐν
2449 5428 2747 5496 οὐραγοῖς,
2773 5428 3036 5496 ὕψιστος
3060 5427 3130 5479 ἐν
3159 5425 3458 5493 ὑψίστοις,
3491 5414 3711 5473 £3101va—

2186 5537 2314 5586 νιος
2332 5562 2345 5584 ,
2369 5519 2653 5590 ἀληθινὸς
2679 5520 2747 5572 ἑν
2770 5518 2849 5583 τῷ
2876 5514 3029 5572 εἶναι
3074 5517 3106 5569 ὅ
3137 5517 3287 5577 ἐστι,
3318 5511 3411 5566 καὶ
3434 5502 3709 5596 ὃιιιμένιςν

2186 5612 2473 5679 ἀληθινὸς
2499 5612 2568 5665 ἐν
2609 5612 2831 5681 λόγοις,
2883 5609 3172 5678 ἀληθινὸς
3207 5609 3277 5661 ἑν
3313 5606 3521 5673 ἔργοιςο
3570 5600 3709 5651 ταυτα

1099 5721 1143 5752 ³³
1186 5720 1327 5776 Psal.
1370 5738 1591 5790 cxtvin,
1628 5723 1681 5777 5.
1757 5722 1803 5755 ⁸⁸
1834 5722 1991 5778 Joan.
2041 5740 2057 5779 ι

2169 5765 2174 5778 .
2252 5729 2297 5760 ⁸⁸
2339 5726 2481 5783 Tim.
2508 5742 2584 5793 vr,
2634 5726 2719 5782 15.
2798 5727 2843 5759 ’⁸
2880 5722 3040 5780 Joan.
3074 5740 3209 5791 xvii,
3250 5723 3334 5779 io.
