1961 3240
286 177 334 205 ισι

904 179 934 207 S.
955 178 1120 207 GBEGORII
1142 178 1283 207 NYSSENI

1839 173 1884 201 ιω

286 239 365 273 inops
386 242 413 264 et
437 245 543 271 vecors,
565 241 595 265 ut
605 238 683 266 hunc
704 247 855 267 sermonem
878 244 964 272 serat,
984 248 1065 275 quem

1122 240 1251 274 γεννῶντά
1268 247 1298 265 τε
1321 239 1367 265 καὶ
1379 237 1559 273 γεννώμενον;
1577 236 1625 268 Τίς
1641 235 1728 267 οὓτως
1741 234 1883 271 παράφορος

286 283 395 310 videtur
405 282 556 311 Eunomius
570 284 752 320 impugnare?
767 285 889 313 Ecclesia
899 286 1010 321 quidem
1024 294 1068 314 ve—

286 336 346 355 rum
365 328 470 356 Patrem
488 330 584 362 credit,
604 338 665 358 vere
677 338 738 359 esse
762 331 863 366 proprii
875 331 933 359 Filii
950 331 1066 364 Patrem,

286 375 359 401 sicut
370 375 409 401 ait
421 375 581 409 Apostolus,
596 384 651 403 non
664 377 763 404 alieni:
775 377 814 405 sic
823 378 895 405 enim
910 378 935 404 in
950 378 1069 412 quadam

286 418 468 454 Epistolarum
484 420 581 447 ellatus
595 425 654 448 est:
669 421 720 453 Qui
740 422 844 456 propria
862 421 933 448 Filio
947 430 994 448 suo
1017 430 1068 449 non

286 464 454 497 pepercit":
470 465 573 499 proprii
603 466 751 500 adjectioui
782 474 922 501 opponens
950 474 997 494 eos
1021 468 1068 502 qui

287 510 374 543 gratia
392 517 444 536 non
462 514 559 536 natura
576 510 723 545 adoptione
743 511 817 546 digni
833 516 995 539 censentur.
1018 512 1068 540 llic

288 558 377 581 autem
396 560 517 582 nostram
534 555 605 582 hanc
626 556 784 590 opinionem
801 558 984 589 calumnians,
1002 558 1068 593 quid

287 600 374 627 dicit?
397 600 457 627 Non
496 602 522 627 in
554 601 700 636 generando
724 611 799 629 suam
824 603 906 637 ipsius
930 604 1069 631 essentiam

287 647 415 679 partiens,
433 651 516 681 neque
536 647 605 674 idem
618 649 662 682 qui
678 653 795 683 generat.
818 654 842 675 et
862 650 906 683 qui
919 654 1068 684 generatur,

288 691 327 717 vel
346 691 413 717 idem
432 691 512 719 I’ater
523 694 567 728 qui
588 694 704 728 gignitur
719 700 744 720 et
762 692 848 719 Filius
866 700 926 721 :est
947 695 1014 722 enim
1032 695 1069 722 in-

289 737 475 771 terruptibilis.
500 737 641 772 Quispiam
668 738 793 770 audiens.
818 739 849 765 In
865 740 995 774 principia
1012 745 1069 767 erat

294 780 414 813 Verbum,
438 788 462 809 et
479 782 546 810 Deus
562 789 618 810 erat
637 783 748 810 Verbum
760 785 768 800 ί
778 788 830 817 ,et,
846 784 956 812 Verbum
970 793 1002 812 ea:
1016 785 1069 813 Deo

289 826 370 854 Patre
381 828 481 857 exivit:
505 829 609 856 siccine
627 831 765 857 sincerum
791 835 817 857 et
838 839 935 865 purum
960 832 1068 866 dogma,

289 875 344 898 tam
369 872 449 900 Redis
471 878 498 901 et
518 875 594 902 tetris
614 882 647 902 ac
668 876 891 910 graveolentibus
912 877 1070 905 nationibus

1118 284 1166 319 τὴν
1182 284 1298 310 διάνοιαν
1310 303 1317 315 ,
1332 283 1369 314 ὡς
1385 282 1478 309 τοῦτον
1493 282 1579 308 εἰπεῖν
1603 280 1651 307 τὸν
1669 279 1747 314 λόγον
1757 299 1765 310 .
1785 279 1847 312 πρδς
1860 280 1883 306 δν

1120 329 1251 365 μάχεσθαι
1266 330 1338 356 δοκεῖ
1351 330 1364 355 ὁ
1383 327 1527 363 Εὑνόμιος;
1554 327 1586 353 Ἦ
1604 326 1656 362 μὲν
1677 325 1733 361 γάρ
1755 325 1883 360 Ἐκκλησία

1119 375 1240 402 πιστεύει
1256 375 1302 401 τὸν
1325 374 1450 409 ἀληθινὸν
1474 373 1583 407 Πατέρα
1607 371 1718 407 ἀληθῶς
1743 368 1809 396 εἴναι
1828 369 1883 397 ma

1119 421 1226 457 Πατέρα
1241 421 1315 452 ἰδίου,
1340 418 1430 450 καθώς
1445 427 1510 454 φησι
1525 418 1540 444 ό
1563 416 1724 447 Ἀπόστολος
1736 435 1744 447 ,
1756 416 1804 442 οὐκ
1818 416 1884 442 ἀλλο-

1117 464 1195 499 τέρου
1208 473 1215 480 ·
1230 464 1301 491 οὕτω
1310 463 1363 498 γὰρ
1377 462 1405 489 ἐν
1420 471 1473 489 τινι
1485 462 1538 488 τῶν
1552 460 1719 488 Ἐπιστολῶν
1733 460 1884 495 ἀπεφήνατο,

1118 511 1169 543 Ὃς
1181 508 1231 537 τοῦ
1241 508 1316 537 ιδίου
1328 509 1395 537 Υίοῦ
1409 508 1619 544 οὑκὲφείσατο·
1629 505 1845 533 ἀντιδιαστέλλων
1857 507 1883 541 τῇ

1116 555 1165 583 τοῦ
1191 555 1255 582 ίδίου
1276 555 1417 591 προσθήκῃ
1442 555 1505 586 τοὺς
1527 553 1617 589 χάριτι.
1635 552 1684 579 καὶ
1704 552 1734 578 οὺ
1757 551 1832 586 φύσει
1843 552 1884 587 τῆς

1119 601 1252 632 υἱοθεσίας
1262 600 1437 635 ἠξιωμένους.
1457 599 1487 625 '0
1497 598 1525 625 δὲ
1538 598 1641 633 ταύτην
1656 596 1735 632 ἡμῶν
1749 596 1884 623 modum

1117 647 1166 682 τὴν
1185 646 1317 681 ὑπόληψιν
1329 665 1337 677 ,
1362 645 1388 672 τί
1407 644 1495 679 λέγεις
1514 645 1574 671 οὐκ
1598 643 1635 670 ἐν
1657 639 1697 674 τῷ
1721 640 1826 683 γεννᾶν
1836 642 1884 675 τὴν

1118 693 1227 720 οὐσίαν·
1241 691 1348 719 ἑαυτοῦ
1370 690 1493 725 μερίζων
1504 711 1511 723 ,
1528 689 1598 717 οὐδὲ
1617 689 1711 722 αὐτὸς
1725 687 1833 724 τεν-γῶν
1843 688 1883 715 καί

1119 738 1320 773 γεννώμενον
1348 736 1368 771 ἣ
1394 738 1410 764 ὁ
1433 736 1524 769 αὐτὸς
1549 735 1651 769 Πατὴρ
1679 735 1828 770 γινόμενος
1843 733 1883 760 καί

1124 784 1189 816 Υίός
1199 792 1206 799 ·
1222 784 1287 810 ἐστι
1305 783 1360 817 γὰρ
1373 782 1532 817 ἄφθαρτος.
1553 781 1674 808 ’Δκοὺων
1696 789 1737 812 τις
1751 781 1839 813 Λόγον
1855 780 1883 806 ἐν

1119 829 1197 863 ἀρχῇ
1217 829 1305 855 ὄντα⁹
1318 829 1373 862 καὶ,
1385 828 1459 855 Θεὸν
1474 828 1546 854 ὄντα
1563 827 1618 853 τὸν
1633 826 1732 861 Λόγον
1742 845 1749 857 ,
1766 825 1818 856 καὶ.
1836 825 1883 851 Ad-

1120 883 1175 909 τον
1187 870 1220 901 sic
1231 873 1283 900 τοῦ
1298 873 1412 908 Πατρὸς
1445 872 1594 906 ἐξελθόντα·
1626 871 1699 898 οὕτω
1714 870 1884 905 καταρρυπαί-

290 917 413 953 inquinat
431 923 456 946 et
470 921 651 955 conspurcat?
670 922 734 948 dum
751 922 818 949 dicit
836 931 843 949 :
877 923 935 950 Non
950 924 978 951 in
994 932 1070 959 gene-

1122 927 1160 946 νει
1182 918 1212 945 τὸ
1228 919 1363 954 ἀκήρατον
1379 918 1466 952 δόγμα
1479 936 1486 948 ,
1505 917 1561 948 τοῖς
1577 916 1701 951 αἰσχροῖς
1726 914 1825 959 τούτοις
1845 914 1883 941 καὶ

290 965 372 991 rando
387 972 461 990 suam
478 966 613 991 essentiam
630 966 753 999 partitur.
802 965 825 994 0
843 967 1025 995 exsecrandas
1040 972 1070 995 et

290 1008 499 1041 abominandas,
525 1009 646 1044 impuras
671 1015 697 1038 et
725 1011 849 1039 sordidas
873 1012 1068 1047 cogitationes!

289 1052 430 1086 Quomodo
443 1055 488 1088 qui
503 1055 566 1082 talia
582 1055 687 1090 profert
699 1064 753 1083 non
768 1057 913 1093 intelligit,
926 1059 998 1093 quod
1023 1067 1070 1086 ne-

290 1107 343 1135 que
361 1108 409 1135 per
424 1108 548 1133 carnem,
566 1101 638 1129 Deus
658 1103 705 1137 qui
722 1103 925 1136 manifestatur,
947 1105 1070 1133 humana:

291 1151 395 1174 natura:
410 1147 563 1181 passionem
573 1145 606 1175 ad
621 1148 664 1175 sui
674 1150 799 1183 corporis
808 1151 1069 1185 coagmentationem

291 1192 406 1227 accepit,
425 1193 473 1220 sed
489 1200 556 1227 puer
571 1198 653 1222 natus
664 1198 706 1221 est
719 1195 799 1222 nobis
813 1203 845 1223 ex
863 1195 964 1231 Spiritu
975 1202 1070 1224 sancto

291 1242 317 1265 et
329 1238 429 1266 virtute
441 1238 573 1266 Altissimi
593 1241 603 1255 '
614 1259 621 1271 ,
641 1247 729 1275 neque
743 1240 825 1276 Virgo
841 1242 899 1276 ipsa
918 1243 1069 1277 quidquam

292 1291 420 1318 perpessa
447 1289 498 1315 est,
517 1292 604 1319 neque
613 1285 732 1320 Spiritus
747 1286 897 1315 diminulus
912 1292 964 1319 est.
983 1296 1071 1323 neque

291 1329 378 1357 virtus
388 1330 520 1357 Altissimi
534 1330 560 1357 in
575 1335 665 1365 partes
677 1332 795 1360 dissecta
810 1333 880 1361 fuit?
894 1333 1000 1362 Etenim
1010 1335 1071 1370 Spi-

292 1374 361 1402 ritus
373 1379 448 1402 totus
463 1380 513 1408 est,
524 1380 551 1403 et
564 1376 698 1404 Altissimi
715 1378 802 1406 virtus
818 1379 923 1414 integra
936 1380 997 1407 sine
1015 1380 1070 1407 ulla

292 1421 480 1448 imminutione
504 1422 612 1449 mansit.
629 1421 661 1448 Et
676 1430 744 1458 puer
760 1428 840 1452 natus
859 1429 901 1452 est
917 1429 1001 1458 lotus,
1023 1433 1071 1453 ne-

291 1474 344 1502 que
366 1468 461 1495 matris
477 1468 662 1503 integritatem
684 1469 867 1498 labefactavit.
890 1470 992 1499 Deinde
1006 1480 1072 1501 caro

291 1519 326 1541 ex
349 1519 431 1540 carne
452 1513 560 1547 quidem
580 1520 723 1548 procreata
744 1519 797 1546 est.
819 1515 867 1543 sed
888 1516 992 1551 absque
1009 1525 1072 1552 ρει-α

292 1558 516 1592 pessionezhunc
528 1564 618 1586 autem
637 1560 730 1595 gloria:
745 1554 920 1596 splendorem
942 1570 996 1589 non
1013 1564 1071 1590 vult

292 1603 442 1631 Eunomius
453 1604 486 1632 ab
499 1604 557 1639 ipsa
573 1613 635 1633 esse
650 1606 747 1641 gloria,
768 1607 898 1642 quoniam
911 1609 997 1643 gloria
1011 1617 1072 1644 qua

294 1648 381 1676 lucem
412 1654 523 1683 generat
538 1658 625 1685 neque
651 1651 793 1684 minuitur,
809 1660 897 1687 neque
921 1653 950 1681 in
980 1659 1073 1689 partes

294 1694 441 1722 divellilur.
452 1694 484 1721 Et
498 1695 607 1729 quidem
621 1696 732 1723 verbum
745 1697 1074 1734 hominisimpartibiliter

295 1748 328 1767 ex
348 1744 437 1767 mente
452 1745 609 1776 generatur.
623 1741 656 1768 At
680 1741 752 1769 Deus
768 1742 896 1776 Verbum,
913 1744 965 1772 nisi
983 1744 1073 1773 Patris

295 1787 413 1812 essentia
429 1786 454 1812 in
473 1790 565 1820 partes
581 1786 660 1814 fuerit
673 1791 759 1820 secta,
772 1795 825 1815 non
843 1792 933 1823 potest
948 1797 979 1816 ex
994 1789 1074 1818 Patre

295 1831 383 1866 gigni!
401 1831 468 1864 Quis
496 1832 534 1859 ita
550 1840 645 1860 vecors
671 1837 698 1860 et
724 1833 862 1869 stupidus,
878 1834 924 1869 qui
939 1834 1074 1870 dogmatis

294 1876 376 1911 hujus
399 1877 601 1905 absurdidatem
620 1882 647 1904 et
671 1879 816 1906 amentiam
840 1887 893 1907 non
921 1880 1074 1915 intelligat?

295 1924 353 1951 Non
368 1924 395 1950 in
411 1924 565 1958 generando,
586 1923 687 1957 inquit,
719 1923 849 1957 propriam
864 1924 999 1951 mentium
1014 1931 1075 1958 par-

295 1968 368 1995 tiens.
386 1967 472 2001 Cujus
481 1967 588 2002 propria
598 1968 717 1995 essentia
725 1968 751 1993 in
762 1968 928 2001 generando,
940 1969 967 1996 in
981 1973 1073 2004 partes

293 2013 485 2040 distribuitur?
508 2012 632 2040 Essentia
648 2014 719 2040 enim
738 2013 765 2040 in
784 2013 944 2042 hominibus
961 2018 1005 2042 est
1020 2015 1074 2042 hu-

293 2065 373 2085 mana
388 2062 494 2085 natura.
504 2058 532 2085 In
546 2059 661 2086 rationis
672 2059 828 2093 expertibus
839 2060 1001 2094 generaliter
1013 2061 1070 2096 qui-

293 2103 354 2130 dem
377 2109 474 2131 natura
504 2105 618 2132 rationis
641 2113 750 2139 expers,
777 2106 933 2140 specialiter
956 2114 1020 2134 vero
1045 2107 1073 2133 iu

293 2149 381 2178 bobus
401 2154 428 2177 et
442 2151 468 2177 in
484 2151 593 2183 ovibus,
606 2155 632 2178 et
646 2151 672 2177 in
688 2150 818 2178 omnibus
837 2151 936 2179 belluis
954 2159 1015 2186 quae
1028 2159 1074 2179 se-

294 2196 413 2223 cundum
429 2198 623 2231 proprietatum
637 2197 805 2225 diﬂerentias
817 2200 955 2231 spectatur
965 2201 1071 2225 natura.

293 2240 364 2273 Quid
382 2241 466 2276 igitur
492 2242 588 2269 horum
610 2250 657 2277 per
677 2247 786 2277 partum
805 2243 863 2270 sive
884 2242 969 2270 fetum
996 2251 1072 2271 suam

293 2286 441 2313 essentiam
452 2287 587 2322 partitur?
597 2287 692 2315 Nonne
704 2296 752 2323 per
765 2288 969 2316 successionem
979 2296 1072 2316 eorum

293 2339 354 2367 qua
377 2336 544 2359 enascuntur
563 2332 590 2359 in
607 2340 771 2367 unoquoque
789 2333 944 2360 animalium
968 2341 1075 2369 semper

293 2378 398 2412 integra
413 2381 504 2404 manet
515 2378 631 2405 natura?
647 2377 781 2405 Praterea
806 2377 886 2405 homo
905 2378 968 2405 dum
988 2385 1022 2405 ex
1044 2386 1074 2406 se

292 2423 428 2450 hominem
442 2422 537 2458 gignit,
554 2431 609 2450 non
625 2430 702 2450 suam
723 2428 847 2450 naturam
863 2422 1013 2453 distribuit.
1027 2423 1072 2451 sed

291 2474 319 2497 et
334 2470 360 2496 in
373 2477 406 2497 eo
425 2469 471 2504 qui
489 2469 581 2504 genuit
604 2473 685 2504 atque
697 2469 725 2496 in
744 2469 835 2504 genito
851 2473 907 2496 tota
924 2474 975 2501 est,
988 2476 1074 2503 neque

292 2523 324 2542 ex
339 2515 391 2542 hoc
407 2515 440 2541 ad
456 2515 530 2542 illum
543 2515 684 2546 dividitur.
701 2523 788 2550 neque
801 2515 926 2546 discedit,
943 2522 1030 2549 neque
1046 2514 1074 2541 in

291 2567 325 2588 eo
344 2560 500 2591 mutilatur,
517 2567 579 2587 eum
595 2560 621 2586 in
638 2561 685 2587 illo
702 2560 823 2595 perfecta
834 2560 877 2591 sit,
890 2564 971 2594 atque
983 2559 1074 2587 omnis

293 2605 320 2632 in
331 2613 364 2632 eo
380 2606 524 2637 consistat.
540 2610 567 2634 et
583 2607 673 2633 omnis
691 2606 718 2632 in
737 2606 782 2632 illo
799 2605 963 2632 inveniatur.
981 2605 1073 2640 Siqui-

292 2651 354 2678 dem
383 2651 543 2685 priusquam
571 2659 603 2678 ex
634 2659 663 2678 se
680 2652 815 2677 hominem
838 2655 990 2685 generaret,
1014 2654 1074 2678 erat

293 2696 392 2723 animal
406 2696 521 2723 rationis
538 2698 682 2731 particeps.
703 2697 826 2727 mortale.
845 2696 1028 2731 intelligentia
1047 2701 1074 2724 et

293 2741 415 2769 scientiae
431 2749 527 2776 capax.
551 2741 623 2769 idem
639 2745 781 2776 postquam
798 2749 829 2768 ex
845 2749 874 2768 se
886 2742 966 2769 talem
981 2741 1074 2776 genuit

294 2785 452 2813 hominem:
471 2788 507 2812 ita
533 2789 561 2812 ut
583 2793 678 2813 omnes
702 2789 805 2813 natura:
830 2786 1010 2820 proprietates
1047 2794 1072 2812 ιιι

329 2873 352 2891 ’³
379 2873 457 2900 Rom.
485 2881 543 2904 νιιι,
561 2873 605 2900 52.
639 2872 743 2900 'Joan.
771 2882 789 2906 ι,
819 2874 840 2900 l.

1121 964 1229 990 όδωδόσι
1243 966 1376 998 νοήμασι;
1392 962 1477 996 λέγων
1489 970 1496 977 ·
1514 962 1575 988 οὐκ
1591 961 1628 987 ἐν
1653 960 1693 992 τῷ
1723 958 1825 994 γεννᾶν
1837 958 1884 991 τὴν

1122 1010 1230 1037 οὐσίαν
1245 1008 1361 1043 μερίζει.
1377 1008 1409 1034 Ὦ
1421 1007 1471 1042 τῆς
1488 1006 1628 1042 βδελυρίας
1641 1005 1695 1032 τῶν
1709 1004 1822 1040 αἰσχρῶν
1834 1004 1885 1030 τού-

1121 1063 1174 1081 των
1190 1055 1236 1081 καὶ
1248 1053 1376 1090 ῥυπαρῶν
1389 1053 1531 1088 νοημάτων
1545 1052 1552 1079 ί
1569 1051 1632 1083 Πῶς
1649 1052 1680 1078 οὐ
1695 1050 1811 1085 συνίησιν
1827 1051 1838 1076 ὁ
1856 1047 1883 1075 τὰ

1122 1100 1231 1128 τοιαῦτα
1257 1100 1357 1134 λέγων,
1378 1099 1418 1126 du
1441 1098 1501 1125 οὗτε
1520 1098 1564 1125 διὰ
1580 1097 1682 1132 σαρκὸς
1698 1097 1711 1123 ὀ
1733 1096 1796 1126 Θεὸς
1814 1103 1882 1130 φανε-

1124 1146 1251 1182 ρούμενος
1270 1145 1301 1172 τὺ
1324 1145 1374 1180 τῆς
1398 1143 1569 1180 ἀνθρωπίνης
1591 1142 1699 1177 φύσεως
1727 1141 1808 1172 πάθος
1828 1140 1884 1175 πρὸς

1122 1191 1171 1227 τὴν
1192 1191 1237 1217 τοῦ
1260 1190 1324 1217 ῑδίου
1351 1188 1473 1225 σώματος
1493 1188 1622 1215 σύστασιν
1638 1186 1810 1222 παρεδέξατο,
1829 1184 1884 1211 ἀλλὰ

1123 1236 1169 1262 καὶ
1184 1235 1287 1261 παιδίον
1310 1233 1439 1269 ἐγεννήθη
1462 1233 1527 1267 ἡμῖν
1543 1232 1573 1258 ὲκ
1587 1230 1744 1265 Πνεύματος
1763 1228 1831 1262 ἁγίου
1845 1227 1883 1253 καὶ

1123 1281 1261 1316 δυνάμεως
1282 1280 1426 1314 Ὑψίστου·
1444 1278 1490 1305 καὶ
1509 1277 1571 1305 οὕτε
1589 1278 1606 1312 ὴ
1631 1276 1767 1313 Παρθένος
1789 1274 1882 1306 ἔπαθεν,

1123 1326 1185 1354 οὒτε
1197 1327 1227 1353 τὸ
1240 1326 1351 1361 Πνεῦμα
1373 1323 1490 1360 ὲμειὼθη
1500 1344 1507 1355 ,
1523 1323 1584 1350 οὔτε
1600 1323 1617 1358 ἡ
1634 1323 1745 1357 δύναμις
1759 1320 1802 1347 τοῦ
1818 1319 1882 1353 ’Υψί-

1125 1382 1187 1400 στου
1200 1374 1250 1399 ἀπε
1256 1371 1385 1407 μερῐσθη;
1395 1370 1449 1397 Καὶ
1461 1370 1515 1405 γὰρ
1528 1370 1558 1396 τὺ
1570 1368 1683 1404 Πνεῦμα
1694 1368 1752 1394 ὃλον
1766 1366 1828 1396 ἐστὶ,
1845 1363 1883 1391 καὶ

1124 1421 1141 1455 ἡ
1159 1419 1206 1446 τοῦ
1228 1419 1354 1453 Ὑψίστου
1378 1417 1491 1452 δύναμις
1515 1415 1650 1451 ἀμείωτος
1670 1414 1766 1449 ἔμεινε.
1791 1412 1838 1438 Καὶ
1858 1411 1882 1436 τὸ

1124 1465 1228 1492 παιδίον
1241 1463 1370 1499 ἐγεννήθη
1385 1463 1454 1494 ὅλον,
1468 1462 1513 1488 καὶ
1526 1461 1575 1496 τὴν
1588 1462 1638 1497 τῆς
1652 1460 1753 1496 μητρὸς
1769 1457 1881 1493 ἀφθορίαν

1123 1512 1174 1539 οὐκ
1186 1511 1345 1546 ἐλυμήνατο.
1359 1507 1426 1536 Εἶτα
1439 1507 1506 1544 σὰρξ
1519 1508 1567 1543 μὲν
1579 1508 1633 1534 ἀπὸ
1647 1506 1744 1541 σαρκὸς
1759 1502 1880 1538 ἐγεννήθη,

1123 1558 1185 1593 δίχα
1196 1556 1297 1587 πάθους
1307 1564 1314 1570 ·
1328 1555 1359 1581 τὸ
1376 1554 1404 1581 δὲ
1422 1554 1472 1589 τῆς
1488 1553 1564 1588 δόξης
1581 1552 1749 1586 ἀπαύγασμα
1764 1550 1791 1576 οὐ
1807 1548 1882 1593 Boiis-

1123 1612 1167 1630 ται
1183 1603 1230 1630 ἀπ’
1246 1602 1329 1636 αὐτῆς
1356 1598 1425 1627 εἶναι
1448 1601 1463 1626 ὁ
1485 1599 1616 1634 Εὑνὸμιος
1636 1598 1684 1633 τῆς
1700 1596 1774 1630 δόξης
1784 1603 1791 1610 ·
1804 1592 1881 1627 ἐπειδὴ

1122 1647 1183 1675 οὔτε
1198 1647 1319 1683 μειοῦται
1331 1645 1452 1681 γεννῶσα
1464 1645 1494 1671 τὸ
1513 1644 1570 1679 φῶς
1584 1645 1602 1679 ἡ
1618 1644 1680 1677 δόξα
1690 1664 1697 1674 ,
1713 1641 1771 1669 οὔτε
1790 1637 1881 1687 usam:

1122 1701 1178 1719 ται.
1195 1691 1249 1719 Καὶ
1264 1692 1277 1717 ό
1293 1690 1342 1725 μὲν
1358 1688 1525 1725 ἀνθρώπινος
1538 1688 1617 1722 λόγος
1631 1686 1780 1722 ἀμερίστως
1842 1684 1880 1731 re?

1122 1738 1168 1765 νοῦ
1181 1738 1317 1771 γεννᾶται.
1341 1736 1369 1762 '0
1379 1735 1407 1762 δὲ
1422 1735 1486 1766 Θεὸς
1496 1734 1579 1768 Λόγος
1589 1754 1596 1765 ,
1614 1733 1662 1760 ὲάν
1674 1732 1710 1768 μὴ
1727 1729 1829 1766 μερισθῇ
1842 1729 1879 1753 τοῦ

1123 1784 1228 1820 Πατρός
1240 1785 1257 1818 ὴ
1271 1783 1357 1815 οὐσία,
1372 1784 1403 1809 ἐκ
1422 1782 1468 1809 τοῦ
1483 1781 1588 1816 Πατρός
1603 1779 1761 1814 γεννηθῆναι
1774 1777 1801 1803 οὐ
1816 1774 1880 1800 δύνα-

1122 1840 1177 1858 ται.
1191 1831 1262 1866 ’Ᾱρα
1285 1830 1329 1862 τίς
1350 1829 1435 1860 οὕτως
1453 1828 1526 1854 ἐστὶν
1540 1827 1659 1862 ⁴ίγλίθιος,
1674 1826 1710 1856 ὼς
1782 1822 1879 1870 συνεῖναι

1122 1877 1171 1912 τὴν
1199 1876 1309 1910 ἀλογίαν
1334 1874 1380 1902 τοῦ
1406 1874 1556 1909 δόγματοςς
1585 1873 1646 1899 οὐκ
1672 1868 1757 1901 ἐντῷ
1778 1868 1878 1914 revnit.

1123 1923 1199 1958 φησὶ,
1213 1921 1270 1955 τὴν
1283 1921 1362 1948 [Nar
1376 1920 1485 1947 οὐσίαν
1502 1917 1635 1954 μερίζων.
1650 1917 1725 1947 Τίνος
1740 1914 1788 1950 γὰρ
1810 1913 1833 1938 ὲν
1848 1913 1878 1958 ῖῲ

1123 1955 1219 2003 γεννᾷν
1233 1968 1249 2001 ἡ
1267 1966 1319 1993 ίδία
1340 1966 1418 1992 οὐσία
1443 1964 1599 2001 μερίζεταις
1618 1962 1700 1990 Οὐσία
1714 1961 1764 1995 γὰρ
1781 1958 1821 2004 ἐπὶ
1839 1955 1878 2004 μὲν

1123 2013 1176 2040 τῶν
1202 2012 1369 2047 ἀνθρώπων,
1396 2011 1413 2046 ὴ
1431 2010 1586 2045 ἀνθρωπίνη
1610 2009 1698 2044 φύσις.
1719 2002 1817 2050 suis;
1834 2002 1878 2050 τῶν

1123 2058 1226 2092 ἀλόγων
1239 2077 1246 2089 ,
1261 2056 1377 2091 γενικῶς
1394 2056 1443 2091 μὲν
1459 2056 1475 2090 ὴ
1491 2055 1586 2090 ἄλογος
1596 2063 1603 2069 '
1621 2053 1709 2084 ίδικῶς
1733 2051 1758 2077 δὲ
1782 2047 1822 2074 ἐπὶ
1835 2047 1878 2094 τῶν

1124 2104 1192 2140 βοῶν
1206 2104 1252 2130 καὶ
1267 2103 1312 2129 ἐπὶ
1336 2102 1389 2129 τῶν
1402 2101 1544 2137 προϐάτων
1555 2121 1562 2133 .
1591 2101 1638 2127 καὶ
1658 2099 1702 2126 ἐπὶ
1718 2096 1815 2140 πάντων
1834 2096 1877 2116 των

1123 2138 1239 2181 ἀλόγων,
1256 2145 1326 2173 κατά
1341 2146 1391 2177 τὰς
1407 2145 1459 2171 τῶν
1477 2144 1628 2180 ἰδιωμάτων
1643 2140 1766 2176 διαφορὰς
1781 2138 1877 2170 θεωρ⁰υ“

1126 2180 1204 2230 μένη.
1222 2193 1254 2219 Τί
1268 2193 1357 2219 τοίνυν
1375 2193 1408 2219 ὲκ
1421 2192 1522 2218 τούτων
1539 2190 1642 2227 μερίζει
1663 2186 1785 2233 τὴνγῑδίαν
1796 2180 1876 2233 pici-alt

1125 2239 1168 2265 διὰ
1181 2237 1228 2265 τοῦ
1244 2238 1339 2269 τόκου;
1364 2237 1420 2263 οὐκ
1436 2235 1480 2262 ἀεὶ
1498 2235 1572 2270 μένει.
1592 2234 1636 2261 διὰ
1651 2233 1699 2268 τῆς
1713 2230 1822 2275 διαδοχῆς
1833 2231 1876 2275 ταῖν

1125 2282 1321 2318 ἐπιγινομένων
1337 2281 1379 2316 ἐφ’
1395 2281 1509 2308 ἑκάστου
1521 2279 1575 2306 τῶν
1589 2278 1664 2311 ζώων
1684 2272 1815 2310 ἀκεραίαὴ
1835 2272 1876 2302 φύ’

1126 2337 1181 2361 me;
1196 2325 1263 2354 Εἶτα
1275 2327 1415 2362 ἄνθρωπος
1429 2326 1478 2361 μὲν
1489 2325 1519 2358 ἐξ
1529 2324 1626 2351 ἑαυτοῦ
1640 2323 1734 2349 τίκτων
1747 2318 1875 2362 ἄνθρωπονς

1124 2355 1274 2409 οὺῐμερίζει
1289 2355 1338 2408 τὴν
1355 2355 1445 2406 φύσιν,
1459 2355 1525 2398 ἀλλά
1533 2369 1579 2396 καὶ
1593 2370 1622 2395 ὲν
1634 2368 1671 2415 τῷ
1685 2355 1876 2415 γεννησάντέ

1125 2420 1154 2446 ὲν
1237 2401 1399 2454 ’γεννηθέντι
1414 2401 1462 2451 ὅλη
1480 2415 1566 2442 ἐστίν·
1583 2414 1633 2441 οὐκ
1658 2401 1688 2439 ἐκ
1711 2409 1798 2457 τοιξξξλιζ

1126 2453 1228 2491 ἐκεῖνον
1247 2453 1447 2498 ἀποσχιζομένη
1462 2462 1510 2488 καὶ
1525 2453 1815 2503 μεθισταμένηροὺδὲιὶν

1127 2518 1166 2545 τῳ
1183 2497 1363 2543 κολοῦουμὲνη
1373 2528 1379 2540 ,
1405 2508 1468 2534 ὅταν
1483 2507 1512 2533 ἐν
1527 2506 1633 2555 ’ἐκείνῳ
1648 2501 1741 2555 ιτελξία

1127 2542 1193 2584 ἀλλὰ
1208 2556 1255 2583 καὶ
1273 2542 1344 2581 πάσα
1360 2555 1388 2580 ὲν
1403 2553 1490 2589 τούτῳ
1511 2551 1577 2579 οὖσα
1590 2572 1597 2584 ,
1615 2551 1660 2578 καὶ
1675 2549 1744 2575 πᾶσα
1758 2546 1784 2590 ἐν

1126 2602 1315 2638 εὑρισκομένη.
1332 2601 1385 2627 Καὶ
1399 2600 1454 2635 γὰρ
1474 2585 1519 2626 καὶ.
1537 2599 1600 2634 πρὶν
1616 2595 1739 2645 γεννῆσαι
1750 2589 1790 2616 τὸν

1125 2649 1171 2675 τοῦ
1185 2649 1199 2674 ὁ
1214 2647 1354 2683 ἄνθρωπος
1367 2668 1374 2679 ,
1387 2646 1456 2679 ζῶον
1472 2644 1505 2681 ἦν
1521 2645 1628 2680 λογικὸν
1640 2663 1647 2676 ,
1663 2639 1752 2674 θνητδν
1763 2656 1769 2667 ι
1784 2637 1874 2683 you}?

1127 2679 1280 2729 ἐπιστήμης
1298 2692 1429 2719 δεκτικόν.
1445 2679 1499 2718 Καὶ
1510 2692 1572 2718 ὅταν
1587 2683 1761 2734 ὲγέιηησςτδν
1774 2679 1872 2734 Ἐξιῗέῗέ

1126 2720 1279 2775 ἄνθρωποί
1292 2738 1361 2765 ὥστε
1375 2739 1403 2765 ὲν
1423 2738 1518 2772 ἐκείνῳ
1530 2720 1663 2772 δειχθῆναι
1672 2720 1763 2775 ’πάιςτα
1776 2724 1804 2775 τίξ

1128 2766 1201 2820 ματα
1212 2786 1259 2820 τῆς
1271 2766 1386 2819 ,φύσεως
1396 2792 1403 2799 ·
1424 2784 1460 2816 ὡς
1473 2766 1522 2810 οὐκ
1540 2766 1661 2810 audii-eos
1673 2777 1701 2804 τὺ
1715 2772 1776 2801 εἶναι
1788 2766 1872 2798 ἀνθρψ

890 2874 899 2888 ³
931 2872 1023 2900 Matth.
1039 2880 1058 2906 ι,
1091 2873 1141 2908 I8;
1167 2872 1232 2901 Luc.
1255 2881 1274 2907 ι,
1303 2873 1348 2901 ‘27.

1169 2958 1233 3016 ἒ
