3922 6470
189 330 279 387 £35

1292 322 1565 379 CONTRA
1597 319 1987 388 EUNOMIUM,
2025 320 2154 377 LIB.
2191 321 2256 376 ll.

3293 323 3396 378 496

189 463 270 510 τως
295 442 350 507 ἐξ
390 442 587 495 ἑαυτοῦ
632 442 890 512 γεννήσας
935 440 1027 493 τδν
1059 438 1343 511 ἄνθρωπον
1369 456 1383 467 ·
1435 439 1548 494 ἀλλ’
1592 438 1620 490 ὃ
1652 430 1707 500 ἦν

1824 438 1916 492 illo
1940 439 2385 495 demonstrentur
2410 457 2423 505 ;
2457 453 2631 505 neque
2651 439 2813 493 homo
2835 439 2929 509 qui
2950 454 3013 493 ex
3039 454 3098 495 se
3117 439 3394 496 hominem

188 538 277 610 πρὸ
300 535 501 593 τούτου.
534 536 628 586 καὶ
662 534 797 604 μετὰ
820 532 976 585 τοῦτο
1001 532 1265 602 διέμεινεν
1290 572 1304 592 ,
1331 531 1480 584 οὐδὲν
1504 531 1590 584 διὰ
1627 528 1720 582 τοῦ

185 623 403 694 γενέσθαι
448 624 540 675 τὸν
575 624 632 690 ἐξ
664 621 824 675 αὐτοῦ
858 622 1141 691 ἄνθρωπον
1178 620 1278 689 τῆς
1328 620 1386 687 ἐξ
1429 619 1591 672 αὐτοῦ
1625 619 1724 689 φύ-

188 734 299 779 σεως
340 714 664 777 ἐλαττώσας.
699 715 810 766 Καὶ
862 713 1144 782 ἄνθρωπος
1195 713 1291 783 μὲν
1327 713 1385 778 ἐξ
1438 712 1722 783 ἀνθρώπου

183 808 423 877 γεννᾶται,
455 806 553 858 καὶ
582 807 612 875 ἡ
641 802 732 857 τοῦ
762 803 1055 872 γεννῶντος
1082 804 1142 855 οὐ
1175 803 1450 874 μερίζεται
1487 803 1664 871 φύσις.

235 1012 325 1064 Τδν
348 1011 402 1064 δὲ
438 1010 707 1081 μονογενῆ
734 1008 865 1062 Θεὸν
898 1007 987 1060 τὸν
1009 1007 1137 1061 ὅντα
1159 1010 1217 1060 ἐν
1246 1011 1355 1069 τοῖς
1385 1008 1602 1070 κόλποις
1625 1007 1718 1060 τοῦ

180 1103 361 1173 Harpe;
400 1104 460 1155 οὐ
520 1103 736 1170 δέχεται
765 1102 795 1153 6
832 1099 1094 1169 Εὐνόμιος
1130 1098 1343 1168 ἀληθῶς
1381 1101 1444 1151 ὲκ
1476 1098 1568 1150 τοῦ
1606 1100 1719 1151 Πα-

176 1196 279 1268 τρὺς
308 1189 442 1247 εἶναι
462 1211 475 1223 ο
509 1191 762 1254 δεδοικὼς
808 1191 882 1261 μὴ
912 1191 1298 1260 ἀκρωτηριάσῃ
1325 1188 1420 1259 τὴν
1447 1190 1718 1259 ἀκήρατον

176 1288 250 1343 τοῦ
274 1288 477 1357 [ἰατρὸς
510 1283 674 1355 φύσιν
704 1283 793 1336 διὰ
827 1286 926 1354 τῆς
972 1281 1064 1335 τοῦ
1111 1280 1444 1349 Μονογενοῦς
1484 1280 1720 1333 ὑποστά-

176 1397 304 1443 σεως.
348 1368 487 1432 Ἀλλ⁵
530 1378 703 1430 εἰπὼν
736 1377 816 1430 ὄτι
862 1377 935 1430 οὐ
967 1374 1081 1442 τὴν
1108 1375 1326 1427 οὐσίαν
1357 1375 1425 1426 ἐν
1468 1372 1545 1438 τῷ
1589 1390 1718 1441 γεν-

174 1474 268 1541 γᾷν
295 1472 542 1542 μερίζων
567 1511 584 1531 .
624 1469 991 1540 προσέθηκεν⁹
1039 1465 1077 1534 ἣ
1131 1464 1319 1519 αὐτὸν
1359 1462 1586 1533 γεννῶν
1617 1463 1714 1515 καὶ

174 1566 509 1636 γεννώμενος
531 1604 547 1623 ,
580 1562 617 1629 ἢ
647 1560 829 1625 αὐτὸς
864 1558 1063 1627 Πατὴρ
1086 1559 1394 1627 γινόμενος
1418 1556 1513 1609 καὶ
1550 1556 1680 1619 Υἱός
1698 1569 1713 1583 ·

174 1658 247 1709 καὶ
273 1656 434 1708 οἴεται
465 1653 557 1705 διὰ
601 1651 708 1704 τῶν
755 1652 1138 1720 ἀσυναρτήτων
1173 1648 1431 1719 ῥημάτων
1456 1685 1472 1710 ,
1518 1647 1713 1718 σαθρο-

1822 532 2025 602 genuit,
2060 531 2113 586 id
2136 533 2278 602 quod
2309 532 2425 601 ipse
2456 539 2538 586 est
2561 532 2766 594 amisit,
2816 533 3071 602 sedquod
3099 542 3216 588 erat
3243 544 3391 594 ante,

1822 631 1874 677 et
1905 631 2025 692 post
2059 626 2392 694 permansit;
2436 639 2614 693 neque
2648 624 2946 694 quidquam
3006 636 3228 695 propter
3266 642 3389 680 eum

1822 730 1979 783 quem
2007 731 2074 770 ex
2100 717 2279 785 seipso
2302 716 2491 785 genuit
2521 715 2822 779 hominem,
2856 718 2922 770 de
2946 731 3046 770 sua
3077 726 3273 771 natura
3302 717 3387 770 di-

1825 806 2036 860 minuit.
2068 805 2240 861 Homo
2269 808 2483 876 quidem
2516 824 2581 863 ex
2618 808 2839 863 homine
2871 817 3180 879 generatur,
3214 826 3388 880 neque

1821 899 1939 967 ejus
1969 899 2059 967 qui
2090 908 2313 970 generat
2343 902 2396 954 in
2440 910 2623 972 partes
2653 899 2975 954 diffunditur
3004 909 3220 955 natura.

1890 1014 2105 1067 Atvero
2138 1014 2434 1075 Eunomius
2474 1014 2810 1084 unigenitum
2860 1014 3049 1079 Deum,
3089 1015 3184 1085 qui
3228 1017 3387 1071 estin

1818 1105 1996 1159 Patris
2020 1106 2230 1160 sinibus
2251 1123 2359 1159 non
2399 1107 2635 1161 admittit
2678 1123 2802 1161 vere
2827 1123 2889 1162 ev
2920 1107 3078 1163 Patre
3106 1123 3227 1163 esse
3254 1129 3265 1162 :
3293 1126 3388 1164 ve-

1819 1196 1958 1250 ritus
2001 1213 2071 1251 ne
2113 1197 2377 1267 integram
2412 1196 2590 1252 Patris
2624 1205 2677 1252 et
2724 1200 3093 1266 incorruptam
3136 1210 3387 1254 naturam

1818 1286 2030 1339 mutilet
2060 1294 2113 1339 et
2155 1288 2444 1341 obtruncet
2498 1303 2593 1356 per
2625 1285 2895 1357 Unigeniti
2944 1288 3381 1344 subsistentiam.

1820 1372 1925 1430 Sed
1960 1392 2082 1430 cum
2110 1377 2360 1442 dixisset,
2402 1396 2503 1433 non
2541 1381 2820 1433 essentiam
2855 1379 2906 1431 in
2928 1380 3223 1449 generando
3260 1398 3385 1449 par-

1819 1468 1967 1532 tiens,
1998 1468 2213 1537 adjecit,
2246 1470 2324 1523 vel
2355 1470 2491 1523 idem
2513 1472 2601 1539 qui
2625 1480 2837 1539 generat
2865 1482 2913 1524 et
2959 1472 3049 1541 qui
3076 1482 3383 1541 generatur,

1815 1559 1893 1613 vel
1922 1559 2057 1612 idem
2084 1559 2244 1614 Pater
2274 1562 2363 1630 qui
2382 1562 2613 1630 gignitur
2633 1572 2681 1615 et
2704 1561 2898 1617 Filius.
2931 1566 3107 1632 Atque
3152 1580 3245 1633 per
3270 1565 3383 1618 hinc

1816 1650 1996 1721 inepta
2050 1668 2224 1722 neque
2279 1654 2606 1708 cohaerentia
2658 1661 2842 1716 verba,
2893 1666 3045 1724 putat
3090 1672 3149 1711 se
3197 1672 3380 1711 veram

174 1748 314 1798 ποιεῖν
344 1744 433 1795 τὸν
464 1742 649 1811 ἀληθῆ
687 1741 787 1811 τῆς
820 1740 1096 1802 εὐσεϐείας
1122 1738 1275 1807 λόγον
1293 1752 1305 1766 ’
1336 1739 1367 1808 ἢ
1394 1738 1566 1832 ,ἰσχύν
1594 1756 1707 1792 τινα

1817 1744 2033 1812 pietatis
2073 1745 2374 1799 doctrinam
2424 1746 2763 1815 putrefacere
2809 1755 2863 1802 et
2892 1763 3261 1817 corrumpere,
3299 1748 3381 1803 vel

173 1837 382 1908 πορίζειν
418 1838 488 1905 τῇ
530 1832 760 1903 ἀσεϐείᾳ
786 1848 800 1861 ·
833 1833 931 1884 οὐκ
957 1829 1109 1893 εἰδὼς
1147 1831 1231 1883 ὅτι
1275 1828 1342 1882 δι’
1386 1822 1461 1882 ὧν
1512 1831 1707 1882 ἐπινοεῖ

1814 1837 2078 1906 impietati
2108 1838 2253 1895 vires
2297 1840 2506 1908 aliquas
2550 1840 2824 1903 sufﬁcere,
2862 1842 3078 1895 nescius
3113 1841 3255 1909 quod
3287 1857 3382 1911 per

172 1926 574 1991 κατασκευάζειν
621 1925 682 1979 τὸ
728 1926 929 1979 ἄτοπον
954 1964 968 1987 ,
999 1922 1084 1976 διὰ
1115 1922 1318 1977 τούτων
1354 1922 1578 1991 συνετὴς
1613 1922 1712 1992 τῆς

172 2019 388 2091 ἀληθείας
436 2016 778 2087 εὑρίσκεται.
826 2016 1009 2086 Φαμὲν
1040 2014 1148 2086 γὰρ
1198 2016 1290 2068 καὶ
1325 2016 1482 2085 ἡμεῖς
1506 2054 1519 2076 .
1572 2016 1652 2067 ὅτι
1682 2017 1711 2067 6

171 2114 317 2165 πάντα
343 2110 409 2163 τὰ
438 2108 539 2162 τοῦ
584 2107 712 2161 ἰδίου
755 2107 964 2178 [ἰατρὸς
996 2106 1166 2177 ἔχων,
1195 2106 1314 2161 ὅλον
1343 2105 1517 2160 ἐκεῖνό
1553 2108 1667 2158 ἐστι
1693 2147 1708 2171 ,

173 2203 283 2273 πλὴν
326 2200 417 2254 τοῦ
469 2201 669 2271 Πατὴρ
699 2195 856 2254 εἶναι.
895 2198 1003 2252 Καὶ
1039 2202 1068 2251 ὁ
1112 2198 1289 2252 πάντα
1317 2196 1391 2250 τὰ
1436 2198 1528 2250 τοῦ
1579 2196 1708 2250 Υἱοῦ

172 2296 298 2365 ἔχων,
321 2294 435 2347 ὅλον
457 2294 559 2346 τὸν
583 2293 713 2346 Υἱὸν
733 2294 793 2345 ὲν
818 2290 993 2362 ἑαυτῷ
1020 2291 1280 2353 δείκνυσι,
1308 2290 1446 2360 πλὴν
1472 2290 1564 2344 τοῦ
1592 2289 1710 2352 Υἱὸς

171 2385 404 2453 γενέσθαι.
430 2386 606 2438 Ὥστε
637 2385 671 2453 ἠ
705 2383 798 2436 τοῦ
831 2382 1030 2437 ἀτόπου
1066 2383 1409 2454 κατασκευὴ,
1443 2382 1510 2453 ἢν
1544 2400 1710 2435 κατα·

173 2478 385 2543 σκευάζει
425 2476 524 2531 νῦν
567 2479 595 2530 ὁ
636 2476 934 2547 Εὐνόμιος,
973 2475 1262 2546 συμμαχία
1308 2476 1406 2545 τῆς
1453 2475 1727 2543 ἀληθείας

171 2570 362 2638 γίνεται,
385 2568 523 2641 πρὸς
556 2568 619 2621 τὸ
648 2567 980 2638 σαφέστερον
1006 2566 1381 2630 διασταλέντος
1405 2570 1531 2637 παρ’
1551 2572 1582 2638 ἡ
1592 2568 1708 2638 μῶν

172 2661 245 2715 τοῦ
266 2662 520 2731 νοήματος
545 2699 565 2722 ,
594 2660 736 2713 κατὰ
760 2659 857 2730 τὴν
881 2657 975 2712 τοῦ
1007 2658 1356 2729 εὐαγγελιχοῦ
1388 2659 1546 2729 λόγου
1576 2661 1709 2731 ὑφή-

170 2767 316 2822 γησιν.
334 2752 397 2806 Εἰ
420 2751 538 2821 γὰρ
571 2751 600 2802 6
634 2749 895 2821 ἑωρακὼς
923 2750 1014 2803 τὸν
1041 2750 1170 2804 Υἱὸν
1213 2752 1313 2821 ὁρᾷ
1337 2751 1426 2805 τὸν
1456 2751 1704 2820 Πατέραο

170 2843 298 2899 ἄλλον
339 2844 532 2897 ἑαυτὸν
572 2842 858 2913 ἐγέννησεν
889 2843 918 2895 6
955 2842 1174 2916 Πατὴρ,
1207 2842 1331 2897 οὔτε
1373 2844 1564 2898 ἑαυτοῦ
1601 2843 1709 2908 ἐξι-

171 2935 393 3003 στάμενος
415 2974 431 2997 ,
462 2936 570 2988 καὶ
616 2935 675 2985 ὲν
721 2931 913 3003 ἐκείνῳ
957 2934 1075 2998 ὅλος
1122 2934 1459 3004 φαινόμενος.
1504 2935 1590 2997 Ὠς
1620 2933 1707 2987 διὰ

169 3026 337 3080 τούτων
361 3028 419 3081 τὸ
447 3026 650 3079 δοκοῦν
684 3025 824 3080 κατὰ
845 3025 943 3096 τῆς
974 3025 1251 3090 εὐσεϐείας
1273 3026 1540 3097 εἰρῆσθαι,
1569 3043 1707 3097 συμ-

172 3119 336 3189 μαχίαν
355 3117 750 3188 ἀποδειχθῆναι
779 3116 873 3170 τοῦ
895 3117 1227 3184 ὑγιαίνοντος
1253 3118 1541 3187 δόγματος.

232 3315 363 3369 Ἀλλ’
407 3318 558 3370 οὔτε
609 3315 725 3385 τὴν
776 3315 933 3369 ἰδίαν
1008 3317 1470 3389 οὐσίαν,φησὶν,
1513 3320 1582 3373 ἐν
1626 3319 1706 3384 τῷ

172 3408 352 3477 γεννᾶν
372 3410 653 3480 μερίζων,
678 3410 775 3462 καὶ
805 3410 985 3477 αὐτὸς
1015 3411 1243 3480 γεννῶν
1282 3411 1379 3465 καὶ
1415 3412 1704 3481 γεννώμε-

170 3515 277 3564 νος,
311 3501 348 3569 ἢ
382 3501 578 3565 αὐτὸς
604 3500 807 3568 Πατὴρ
834 3502 1143 3569 γινόμενος
1185 3501 1283 3555 καὶ
1334 3503 1488 3567 Υἱός.
1531 3505 1704 3557 Ἔστι

171 3591 256 3659 Τάρ
287 3593 604 3662 ἄφθαρτος.
644 3594 709 3645 Ὤ
738 3596 836 3664 τῆς
877 3593 1120 3663 ἀνάγκης
1162 3593 1255 3647 τοῦ
1303 3596 1702 3666 συμπεράσμα.

172 3699 267 3747 τος*
296 3686 555 3754 τίλέγεις
577 3726 591 3748 ,
646 3679 692 3739 ὦ
722 3684 1036 3753 σοφώτατε;
1078 3685 1222 3738 Διότι
1255 3685 1527 3757 ἄφθαρτός
1559 3690 1705 3740 ἐστιν

173 3774 219 3826 οὐ
249 3777 439 3848 μερίζει
474 3777 585 3847 τὴν
630 3776 764 3830 ἰδίαν
801 3777 986 3830 οὐσίαν
1020 3778 1223 3845 γεννῶν
1265 3778 1355 3830 τὸν
1387 3778 1546 3830 Υίὸνο
1582 3779 1703 3832 οὐδὲ

176 3868 324 3921 ἑαυτὸν
352 3871 543 3941 γεννᾷ,
570 3871 665 3922 καὶ
688 3870 814 3940 παρ’
846 3869 1037 3922 ἑαυτοῦ
1068 3871 1344 3938 γεννᾶται.
1367 3870 1489 3924 οὐτε
1516 3872 1704 3943 Πατὴρ

174 3956 263 4027 ἅμα
284 3960 479 4026 γίνεται
506 3959 703 4016 ἑαυτοῦ
737 3962 831 4013 καὶ
870 3960 996 4024 Υιός
1025 3975 1038 3988 ·
1070 3960 1256 4031 ἐπειδή
1296 3962 1443 4015 ἐστιν
1495 3962 1702 4033 ἄφθαρο

173 4062 254 4109 rx.
280 4051 473 4104 οὐκοῦν
508 4050 565 4103 εἴ
584 4050 665 4111 τίς
689 4052 804 4103 ὲστι
828 4050 1073 4121 φθαρτῆς
1109 4052 1324 4120 φύσεως
1344 4090 1358 4114 ,
1386 4053 1572 4122 τέμνει
1600 4054 1701 4123 τὴν

173 4138 321 4193 οὐσίαν
342 4142 397 4193 ὲν
429 4141 517 4212 τῷ
547 4143 739 4213 γεννᾷν
763 4157 777 4171 ⁶
819 4143 913 4195 καὶ
946 4142 1033 4211 ὐφ’
1066 4142 1258 4196 ἑαυτοῦ
1286 4146 1577 4211 γεννᾶται,
1612 4146 1704 4198 καὶ

174 4227 323 4283 ἑαυτὸν
346 4234 511 4302 γεννᾷ
530 4274 544 4297 ,
588 4233 678 4284 καὶ
709 4233 890 4302 πατὴρ
919 4233 1013 4285 καὶ
1043 4233 1157 4296 υίὸς
1196 4234 1357 4298 αὐτὸς
1396 4235 1591 4288 ἑαυτοῦ
1620 4238 1705 4304 γίο

174 4335 289 4374 νεῖαι
312 4338 324 4351 ·
364 4326 504 4378 διότι
534 4323 808 4395 ἄφθαρτος
834 4325 932 4377 οὐκ
958 4324 1123 4378 ἐστιν.
1148 4324 1210 4379 Εἰ
1250 4327 1307 4379 δὲ
1337 4327 1509 4380 ταῦτα
1534 4328 1702 4392 οὕτως

1811 1945 1874 1985 ea
1916 1931 2117 1999 quibus
2165 1933 2460 1987 absurdum
2505 1943 2825 1989 construere
2869 1934 3091 2005 cogitat,
3136 1934 3380 1989 veritatis

1813 2027 2073 2087 patronus
2119 2036 2183 2076 ac
2231 2021 2487 2078 defensor
2530 2024 2977 2093 deprehenditur.
3016 2024 3149 2080 Nam
3181 2034 3234 2080 et
3279 2042 3380 2080 nos

1811 2109 2043 2166 dicimus
2084 2112 2228 2182 quod
2274 2114 2365 2184 qui
2418 2115 2601 2168 omnia
2640 2116 2722 2170 sui
2760 2115 2937 2170 Patris
2978 2116 3162 2177 habet,
3207 2126 3377 2171 totum

1811 2204 1943 2259 illud
1973 2213 2077 2269 est,
2102 2221 2167 2261 eo
2189 2207 2405 2276 dempto
2427 2208 2573 2278 quod
2613 2210 2684 2263 sit
2728 2207 2908 2264 Pater.
2948 2208 3008 2262 Et
3049 2209 3143 2279 qui
3196 2210 3378 2264 omnia

1809 2311 1929 2366 qua:
1967 2304 2096 2351 sunt
2122 2297 2243 2352 Filii
2290 2298 2472 2361 habet,
2498 2307 2674 2354 totum
2710 2298 2903 2353 Filium
2952 2301 3008 2354 in
3050 2300 3232 2370 seipso
3283 2299 3379 2355 de-

1810 2396 2096 2454 monstrat,
2124 2397 2484 2459 prazterquam
2512 2389 2659 2460 quod
2687 2389 2968 2445 sitFilius.
3001 2389 3183 2457 Quare
3214 2392 3378 2459 hujus

1809 2479 2029 2556 absurdi
2065 2481 2402 2535 constructio
2433 2497 2596 2550 quam
2629 2498 2775 2537 nunc
2803 2484 3027 2537 molitur
3056 2482 3376 2539 Eunomius.

1808 2568 2054 2624 veritatis
2082 2569 2326 2625 defensio
2371 2570 2665 2636 invenitur,
2696 2587 2820 2625 cum
2856 2581 3033 2626 tamen
3078 2581 3264 2626 nostra
3307 2573 3379 2626 sit

1807 2661 2011 2717 clarior
2074 2672 2129 2717 et
2192 2661 2537 2719 manifestior
2611 2663 3008 2733 intelligentia,
3073 2663 3375 2718 secundum

1806 2754 1956 2809 verbi
2006 2755 2307 2825 evangelici
2357 2755 2763 2811 deductionem.
2813 2754 2871 2809 Si
2910 2755 3056 2810 enim
3105 2754 3198 2824 qui
3242 2752 3378 2808 vidit

1807 2843 2025 2909 Filium,
2060 2846 2205 2900 videt
2231 2846 2465 2911 Patrem,
2498 2847 2663 2902 alium
2700 2847 2940 2916 seipsum
2976 2847 3161 2917 genuit
3193 2844 3375 2911 Pater,

1808 2954 1982 3008 neque
2026 2955 2093 2993 ex
2126 2938 2308 3009 seipso
2339 2940 2640 3009 emigrans,
2684 2945 2739 2994 et
2782 2940 2839 2993 in
2893 2939 2989 2993 illo
3023 2945 3172 2994 totus
3212 2949 3378 3009 appa-

1808 3042 1955 3083 rens.
1993 3027 2085 3083 Sic
2116 3044 2211 3099 per
2257 3028 2392 3091 haec,
2426 3028 2575 3098 quod
2616 3027 2905 3083 videbatur
2946 3036 3141 3082 contra
3179 3029 3378 3083 verita-

1729 3110 1772 3169 C
1804 3126 1911 3174 tem
1970 3136 2092 3175 esse
2151 3119 2379 3182 dictum,
2428 3121 2547 3175 sani
2593 3118 2905 3175 documenti
2948 3120 3209 3172 auxilium
3256 3134 3378 3173 esse

1806 3209 2236 3264 demonstratur.

1875 3319 1998 3383 Sed,
2027 3322 2218 3391 inquit,
2254 3339 2356 3376 non
2380 3326 2646 3391 propriam
2689 3323 2968 3377 essentiam
3001 3324 3056 3375 in
3082 3323 3375 3392 generando

1804 3412 2058 3479 partiens,
2090 3424 2138 3465 et
2178 3412 2315 3466 idem
2355 3415 2442 3482 qui
2485 3424 2698 3482 generat
2738 3423 2786 3468 et
2837 3415 2923 3482 qui
2961 3426 3261 3483 generatur,
3299 3428 3376 3469 ret

1804 3502 1941 3556 idem
1982 3503 2141 3558 Pater
2177 3506 2265 3574 qui
2298 3506 2529 3575 gignitur
2550 3516 2598 3560 et
2632 3504 2678 3557 F
2682 3506 2807 3559 ilius
2847 3521 2865 3558 :
2902 3516 2984 3559 est
3020 3510 3156 3560 enim
3203 3509 3379 3561 incor-

1804 3595 2088 3662 ruptibilis.
2137 3593 2181 3650 Ο
2214 3597 2594 3652 necessitatem
2630 3597 3040 3652 conclusionis!
3092 3599 3232 3663 Quid
3273 3601 3375 3663 ais,

1806 3688 2240 3757 sapientissime?
2280 3691 2407 3759 quia
2450 3690 2892 3758 incorruptibilis
2931 3697 3039 3753 est,
3083 3706 3235 3745 suam
3267 3708 3377 3746 non

1804 3778 2123 3849 dispertitur
2176 3781 2471 3836 essentiam
2533 3781 2845 3851 generando
2893 3778 3135 3835 Filium:
3203 3798 3377 3852 neque

1805 3869 2041 3938 seipsum
2075 3876 2313 3940 generat,
2338 3877 2394 3924 et
2425 3885 2453 3922 a
2482 3871 2665 3939 seipso
2684 3879 2998 3939 generatur,
3023 3886 3197 3941 neque
3217 3873 3377 3925 Pater

1805 3961 1967 4016 simul
1997 3962 2235 4031 gignitur
2267 3962 2352 4017 sui
2388 3962 2560 4033 ipsius
2581 3964 2743 4017 etiam
2765 3961 2971 4018 Filius:
3012 3965 3267 4033 quoniam
3292 3973 3377 4020 est

1804 4053 2252 4123 incorruptibilis.
2289 4052 2345 4107 Si
2376 4055 2501 4124 quis
2530 4054 2699 4125 igitur
2745 4062 2830 4109 est
2870 4064 3077 4109 natura:
3106 4046 3376 4125 corrupti-

1805 4144 1951 4204 bilis,
1989 4160 2143 4199 suam
2181 4146 2475 4201 essentiam
2516 4146 2829 4214 generando
2872 4144 3135 4199 discindit
3166 4165 3178 4200 ε
3222 4154 3276 4201 et
3308 4162 3374 4200 ex

1806 4234 1989 4301 seipso
2020 4243 2331 4304 generatur,
2364 4243 2417 4289 et
2448 4234 2686 4304 seipsum
2727 4241 2950 4303 generat
2984 4252 2997 4287 :
3030 4242 3083 4288 et
3129 4242 3283 4304 pater
3322 4245 3375 4288 et

1806 4325 1947 4380 lilius
1968 4327 2081 4395 ipse
2107 4328 2189 4381 sui
2213 4328 2383 4396 ipsius
2410 4326 2664 4389 efﬁcitur,
2700 4327 2827 4395 quia
2855 4342 2962 4380 non
3008 4337 3093 4381 est
3125 4326 3376 4380 incorru-

173 4409 277 4478 ῑχει,
300 4416 390 4468 οὐκ
411 4416 674 4484 ἐγέννησε
702 4414 790 4468 διὰ
833 4416 895 4468 τὸ
939 4416 1175 4488 φθαρτὸς
1218 4413 1354 4472 εἶναι
1383 4421 1412 4471 6
1456 4420 1703 4490 ’Δϐραὰμ

1812 4417 2036 4486 ptibilis.
2078 4416 2229 4484 Quod
2262 4418 2309 4473 si
2336 4417 2451 4473 haec
2478 4419 2553 4471 ita
2584 4427 2732 4479 sunt,
2757 4418 3032 4472 Abraham
3056 4432 3164 4471 non
3188 4420 3376 4487 genuit

175 4499 242 4550 τὸν
279 4503 495 4575 ’ἰσμαήλ
531 4520 589 4556 τε
632 4505 724 4557 καὶ
768 4504 951 4558 Ἰσαὰκ
976 4544 991 4564 .
1024 4506 1141 4559 ἀλλ’
1182 4508 1371 4561 ἑαυτὸν
1397 4508 1485 4563 διά
1512 4526 1570 4562 τε
1604 4510 1705 4581 τῆς

178 4592 422 4665 παιδίσκης
458 4597 556 4649 καὶ
588 4596 819 4666 νομίμου
848 4598 1096 4667 γαμετῆς
1121 4599 1528 4673 ὲτεκνώσατο,ἢ
1561 4606 1703 4656 κατὰ

176 4682 249 4749 τὴν
276 4684 452 4755 ἑτέραν
486 4687 771 4758 τερθρείαν
810 4688 903 4741 τοῦ
944 4689 1134 4757 λόγου.
1177 4693 1427 4763 ἐμέρισεν
1464 4696 1544 4756 εἰς
1578 4695 1704 4756 τούς

176 4778 490 4846 γεννηθέντας
544 4779 736 4833 ἑαυτοῦ
787 4782 886 4852 τὴν
943 4783 1147 4837 οὐσίαν.
1192 4785 1299 4838 Καὶ
1338 4785 1551 4855 πρῶτον
1603 4788 1702 4857 μὲν

175 4863 341 4920 ialm]
373 4870 458 4931 διὰ
491 4872 591 4941 τῆς
623 4872 802 4942 Ἀγαρ
822 4872 979 4926 τόκου
1004 4913 1020 4937 ,
1051 4876 1131 4937 εἰς
1161 4874 1253 4928 δύο
1276 4878 1539 4947 τμήματα
1567 4878 1703 4932 διαι-

177 4957 317 5024 ρεθεὶς
340 5002 354 5021 ,
386 4965 441 5017 ὲν
473 4963 552 5033 τῷ
597 4965 677 5017 ἑνὶ
704 4964 811 5017 τῶν
857 4965 1141 5036 ἡμιτόμων
1183 4968 1391 5036 γίνεται
1429 4972 1651 5043 Ἰσμαήλ
1686 4990 1699 5004 ·

176 5050 245 5101 καὶ
281 5052 332 5102 ὲν
380 5055 458 5125 τῷ
507 5054 679 5127 ἑτέρῳ
714 5055 955 5127 διαμένει
982 5059 1183 5128 ἥμισυς
1222 5061 1490 5132 Ἀϐραάμ.
1542 5066 1697 5118 Μετὰ

176 5139 311 5196 ταῦτα
332 5145 385 5198 δὲ
411 5147 473 5200 τὸ
506 5147 822 5218 λειπόμενον
847 5149 947 5217 τῆς
973 5149 1067 5203 τοῦ
1107 5152 1353 5223 Ἀϐραὰμ
1380 5156 1585 5221 οὐσίας,
1619 5160 1699 5220 εἰς

176 5230 244 5281 τὸν
283 5234 488 5291 διπλοῦν
542 5239 702 5293 τόκον
748 5240 841 5295 τοῦ
886 5241 1083 5296 Ἰσαὰκι
1105 5244 1405 5317 ἐμερίσθηο
1460 5246 1598 5301 ὥστε
1641 5250 1702 5303 τὸ

178 5318 324 5387 ὃγδοον
370 5330 423 5381 ἐν
454 5332 699 5402 ἑκατέρῳ
746 5331 858 5385 τῶν
891 5334 1127 5403 ἐγγόνων
1176 5339 1447 5405 γενέσθαι.
1484 5342 1606 5405 Πῶς
1635 5344 1701 5397 ἄν

176 5426 239 5501 τε
278 5419 326 5469 ὲν
372 5424 477 5485 τοῖς
520 5423 731 5478 δώδεκα
780 5427 1144 5498 πατριάρχαις
1190 5433 1570 5501 κερματίσειεν
1620 5436 1700 5497 εἰς

180 5500 293 5573 μέρη
319 5507 675 5565 διαλεπτύνων
717 5514 779 5567 τὸ
810 5514 992 5582 ὄγδοον
1015 5533 1030 5548 ο
1066 5517 1099 5588 ἢ
1152 5520 1210 5570 ὲν
1257 5500 1375 5583 ταῖς
1422 5522 1581 5576 πέντε
1607 5525 1701 5577 καὶ

179 5589 497 5668 ἑϐδομήκοντα
539 5602 741 5673 ψυχαῖς
787 5607 845 5658 ἐν
873 5600 960 5670 αἷς
1006 5609 1035 5660 ὁ
1080 5609 1269 5664 Ἰακὼϐ
1316 5613 1575 5682 κατῆλθεν
1621 5618 1700 5679 εἰς

1811 4508 2087 4563 lsmaelem
2116 4517 2169 4563 et
2199 4508 2463 4572 lsaacum,
2512 4511 2637 4579 quia
2668 4509 3036 4579 corruptibilis
3073 4518 3227 4574 erat;
3278 4512 3374 4563 sed

1811 4602 2050 4671 seipsum
2082 4616 2177 4670 per
2204 4600 2455 4655 ancillam
2503 4609 2558 4654 et
2599 4600 2892 4669 legitimam
2923 4600 3206 4668 coniugem
3250 4614 3375 4662 pro-

1809 4694 2034 4756 creavit,
2074 4694 2155 4747 vel
2192 4692 2295 4746 alia
2320 4693 2552 4762 quadam
2583 4701 2895 4761 portentosa
2943 4692 3160 4745 ratione
3206 4691 3253 4744 in
3284 4707 3373 4759 ge-

1807 4784 1951 4839 nitos
1996 4798 2149 4838 suam
2182 4784 2471 4838 essentiam
2520 4781 2803 4852 partiendo
2840 4779 3073 4834 diﬂ‘udit.
3134 4779 3371 4836 Primum

1807 4875 2023 4945 quidem
2061 4876 2112 4928 in
2167 4883 2323 4944 partu
2370 4890 2466 4945 per
2517 4875 2772 4928 ancillam
2812 4874 2975 4943 Agar,
3019 4873 3072 4927 in
3125 4871 3235 4928 duo
3291 4885 3373 4924 se~

1803 4976 2017 5040 gmenta
2070 4968 2316 5032 divisus,
2385 4968 2438 5022 in
2497 4982 2607 5021 uno
2663 4966 3072 5022 semisectornm
3139 4961 3373 5033 gignitur

1804 5060 2026 5115 lsmael:
2089 5061 2142 5114 in
2192 5061 2364 5113 altero
2420 5058 2679 5112 dimidius
2739 5064 3019 5127 permanet
3074 5053 3367 5108 Abraham.

1802 5152 1995 5208 Postea
2041 5167 2170 5206 vero
2211 5153 2479 5222 reliquum
2538 5150 2790 5205 essentia:
2847 5148 3115 5203 Abraham
3172 5147 3227 5200 in
3267 5146 3371 5200 du-

1803 5246 1996 5316 plicem
2048 5256 2260 5315 partum
2320 5244 2495 5314 ipsius
2544 5243 2695 5297 lsaac
2737 5240 3082 5309 dispertitum
3124 5236 3248 5303 fuit,
3297 5237 3369 5293 ita

1806 5347 1867 5392 ut
1892 5337 1946 5391 in
1986 5344 2217 5406 utroque
2264 5343 2550 5406 gnatorum
2588 5348 2713 5403 pars
2747 5339 2938 5386 octava
2990 5327 3177 5382 fuerit.
3226 5327 3369 5394 Quo-

1804 5426 1966 5482 modo
1994 5428 2116 5497 quis
2153 5429 2203 5480 in
2240 5426 2522 5481 duodecim
2561 5423 2899 5494 patriarchas
2931 5421 3278 5482 dissecuerit,
3314 5420 3366 5472 in

1805 5519 2100 5591 particulas
2146 5529 2391 5574 octavam
2445 5525 2653 5587 partem
2708 5513 3112 5576 comminuens,
3167 5511 3253 5567 vel
3312 5512 3367 5565 in

1806 5612 2045 5684 quinque
2074 5619 2126 5669 et
2158 5608 2497 5682 septuaginta
2528 5606 2759 5672 animas,
2796 5619 2919 5659 cum
2958 5602 3158 5675 quibus
3197 5600 3368 5657 Iacob
