3922 6488
546 355 659 415 195

1784 367 1841 424 S.
1884 366 2209 425 GREGORII
2242 366 2533 424 NYSSENI
3647 372 3730 427 £98

552 473 606 527 in
630 472 925 545 Egyptum
953 475 1310 533 descendit'?
1348 477 1413 534 Et
1444 481 1574 551 quid
1608 482 1722 537 hac
1754 482 1899 549 dico,
1930 498 2054 537 cum
2097 500 2126 537 a

2230 485 2500 553 Αἴγυπτον
2527 502 2540 550 ;
2579 484 2689 539 Καὶ
2745 484 2796 536 τί
2829 482 3002 537 ταῦτα
3037 480 3196 550 λέγω,
3230 480 3347 536 δέον
3379 480 3479 535 ἀπὸ
3505 480 3585 535 τοῦ

552 580 726 635 primo
755 567 974 624 homine
1004 570 1169 626 ducto
1209 583 1531 643 argumento
1585 576 1780 631 horum
1826 578 2120 633 verborum

548 664 695 711 esset
730 658 1025 714 refellenda
1052 660 1373 718 dementia?
1406 664 1462 719 Si
1487 666 1632 720 enim
1683 668 1857 723 solius
1913 676 1997 722 est
2033 669 2121 721 in-

549 750 941 819 corruptibilis,
970 752 1022 806 in
1056 756 1364 820 generando
1395 767 1643 811 naturam
1669 774 1775 812 non
1800 756 2077 827 dispertiri
2105 777 2118 813 :

549 843 924 911 corruptibilis
958 861 1086 899 vero
1117 846 1283 900 Adam
1311 847 1378 901 ad
1409 864 1568 917 quem
1604 850 1808 903 dictum
1839 860 1954 906 est:
1983 850 2123 916 Quia

551 940 692 985 terra
721 950 795 999 es,
825 943 873 988 et
903 936 957 988 in
979 945 1173 990 terram
1206 941 1474 993 reverteris
1496 942 1539 1006 ⁸,
1575 942 1798 994 omnino
1830 957 1984 996 suam
2039 958 2124 997 es-

549 1024 781 1079 sentiam
812 1029 1169 1096 partiebatur,
1199 1031 1500 1086 secundum
1544 1033 1809 1087 rationem
1848 1032 2123 1096 Eunomii,

549 1130 676 1169 cum
720 1117 773 1170 in
809 1133 875 1173 ex
920 1119 1103 1189 seipso
1128 1122 1342 1191 genitos
1372 1121 1746 1178 divideretur:
1780 1123 2125 1179 multitudine

550 1215 730 1260 autem
779 1220 1117 1278 posterorum
1165 1215 1313 1285 (cum
1359 1229 1585 1270 necesse
1629 1220 1776 1269 esset
1811 1216 1867 1267 in
1908 1228 2126 1284 quoque

549 1300 801 1354 essentia
830 1311 1168 1370 segmentum
1217 1305 1475 1378 inveniri)
1524 1322 1623 1376 pro
1671 1323 1903 1361 numero
1932 1322 2124 1361 eorum

550 1388 642 1456 qui
663 1398 1036 1458 nascerentur,
1060 1393 1105 1447 si
1127 1394 1481 1459 divideretur,
1502 1398 1653 1465 prius
1674 1396 1863 1450 Adami
1884 1397 2126 1452 essentia

552 1480 948 1545 absumeretur,
987 1499 1150 1553 quam
1185 1484 1254 1539 ad
1286 1487 1561 1540 Abraham
1610 1489 1997 1543 subsistentem
2030 1503 2127 1542 na-

553 1576 728 1623 turam
792 1575 1189 1640 perveniretur,
1250 1576 1477 1632 inﬁnitis
1533 1595 1598 1634 ex
1660 1580 1779 1649 ipso
1829 1582 2126 1650 progenitis

550 1658 732 1715 decies
766 1662 1006 1717 millibus
1036 1680 1132 1734 per
1170 1674 1357 1721 tenues
1386 1667 1509 1722 illas
1556 1677 1610 1722 et
1657 1670 1966 1724 individuas
2000 1686 2126 1739 par"

551 1751 748 1805 ticnlas
774 1752 1043 1822 dispersa.
1080 1754 1264 1826 Neque
1304 1758 1602 1828 quidquam
1644 1762 1893 1815 essentia
1935 1760 2125 1815 Adami

2223 596 2313 631 του
2340 579 2624 651 ἀνθρώπου
2656 576 2920 647 διελέγξαι
2949 576 3079 644 τῶν,
3099 575 3396 646 λεγομένων
3434 574 3523 647 τὴν
3554 577 3728 644 avom;

2228 669 2287 723 Εί
2316 669 2426 740 γάρ
2461 670 2620 740 μόνου
2664 668 2758 722 τοῦ
2793 667 3069 739 ἀφθάρτου
3107 667 3254 732 ἐστὶ,
3308 665 3380 736 μὴ
3414 664 3626 737 μερίζειν
3655 669 3731 739 τὴν

2226 760 2384 830 φύσιν
2417 763 2474 813 ἐν
2506 760 2585 831 τῷ
2632 762 2822 831 γεννᾷν
2847 776 2860 789 ’
2892 757 3127 829 φθαρτὸς
3168 757 3224 809 δὲ
3267 758 3295 809 ό
3328 756 3516 827 Ἀδὰμ,
3552 757 3667 827 πρὸς
3688 760 3733 812 ὃν

2226 853 2445 924 ἐρρέθη,
2472 853 2551 905 ὅτι
2580 851 2671 921 Γῆ
2698 848 2753 906 εἷ
2778 851 2873 905 καὶ
2901 853 2987 916 είς
3020 848 3135 920 γῆν
3166 848 3469 917 ἁπελεύσῃ
3493 866 3507 880 ο
3553 849 3733 920 ἐμέριζε

2226 944 2441 1005 πάντως
2462 942 2654 996 ἑαυτοῦ
2686 942 2784 1015 τὴν
2822 940 3007 994 οὐσίαν
3033 981 3046 1004 ,
3081 939 3220 993 κατὰ
3249 938 3337 991 τὸν
3373 939 3518 1007 λόγον
3548 939 3628 991 τού
3653 942 3734 993 Εὑ-

2227 1035 2413 1105 νομίου
2437 1074 2451 1094 ,
2484 1036 2563 1099 εἰς
2596 1033 2722 1098 τοὺς
2752 1035 2880 1105 παρ’
2909 1031 3101 1086 ἑαυτοῦ
3132 1031 3491 1100 γεννωμένους
3516 1033 3735 1101 τεμνόμε-

2226 1139 2333 1186 νος.
2362 1122 2451 1193 Τῷ
2479 1124 2534 1176 δὲ
2560 1122 2751 1193 πλήθει
2783 1121 2890 1175 τῶν
2926 1120 3314 1190 ἐπιγινομένων
3349 1119 3635 1187 ἀναγκαίως
3660 1120 3733 1171 τοῦ

2227 1212 2610 1283 εὑρισκομένου
2632 1213 2759 1281 παρ’
2788 1210 2999 1279 ἑκάστῳ
3028 1209 3125 1278 τῆς
3156 1206 3340 1269 οὐσίας
3365 1206 3641 1276 τμήματος,
3664 1221 3736 1257 κα-

2225 1302 2295 1356 τά
2320 1303 2409 1355 τὸν
2442 1301 2671 1372 ἀριθμὸν
2709 1301 2818 1354 τῶν
2847 1299 3175 1369 τικτομένων
3218 1294 3571 1365 διαιρουμένου
3593 1335 3607 1360 ,
3632 1312 3737 1364 προ-

2225 1396 2528 1448 δαπανᾶται
2594 1393 2691 1463 τῆς
2755 1392 2848 1445 τοῦ
2918 1390 3166 1461 Ἀϐραὰμ
3216 1386 3549 1448 ὑποστάσεως
3596 1385 3735 1464 ήετοῦ

2241 1487 2411 1558 Ἀδὰμ
2437 1486 2591 1540 οὐσία
2620 1526 2634 1550 ,
2688 1486 2809 1548 ταῖς
2855 1483 3100 1553 ἀπείροις
3128 1480 3236 1534 τῶν
3266 1481 3323 1547 ἐξ
3352 1478 3508 1533 αὑτοῦ
3550 1478 3735 1549 μυριάσι

2226 1576 2311 1630 διὰ
2343 1577 2451 1630 τῶν
2480 1575 2688 1629 λεπτῶν
2712 1592 2769 1627 τε
2813 1575 2907 1627 καὶ⁸
2934 1574 3149 1645 ἀτόμων
3181 1571 3400 1625 ἐκείνων
3428 1569 3612 1640 μορίων
3637 1584 3712 1620 σκε

2228 1668 2480 1721 δασθεῖσα
2500 1685 2513 1699 ο
2545 1667 2637 1720 καὶ
2675 1665 2853 1719 οὐκέτι
2884 1664 2949 1718 ἂν
2974 1665 3282 1735 εὑρίσκεται
3324 1660 3559 1729 λείψανον
3586 1656 3739 1720 οὐσίας

2228 1758 2288 1812 τὸ
2316 1760 2378 1811 ἐκ
2404 1758 2495 1812 τοῦ
2537 1757 2706 1827 Ἀδὰμ
2732 1758 2812 1819 εἰς
2842 1756 2933 1808 τὸν
2970 1754 3239 1827 Ἀϐραὰμ,
3268 1753 3359 1805 καὶ
3383 1753 3502 1811 τοὺς
3527 1748 3580 1814 ἐξ
3604 1749 3737 1802 αὑτοῦ
3791 1814 3795 1821 ,

552 1844 784 1912 amplius
814 1845 1151 1903 inveniretur
1174 1849 1469 1919 reliquum,
1499 1851 1647 1919 quod
1686 1854 1739 1905 in
1765 1852 2039 1906 Abraham
2069 1859 2124 1906 et

2229 1849 2607 1921 μεριζόμενον,
2647 1847 3116 1919 προαναλωθείσης
3144 1846 3203 1897 ἐν
3234 1847 3351 1907 ταῖς
3395 1842 3623 1910 ἀπείροις
3653 1840 3739 1891 τῶν

550 1932 671 1999 ejus
720 1935 862 1990 ﬁlios
909 1950 972 1989 ac
1005 1946 1258 2008 posteros
1289 1940 1634 2008 dispertitum
1686 1940 2118 1996 diffunderetur:

2227 1942 2332 2014 πρὸ
2365 1940 2528 1996 αὑτοῦ
2552 1940 2848 2009 γεγονότων
2895 1937 3115 2009 μυριάσι
3147 1935 3237 1988 διὰ
3274 1933 3373 2003 τῆς
3399 1931 3740 2001 λεπτομερείας

550 2028 678 2096 quia
734 2030 884 2097 prius
948 2032 1001 2084 in
1064 2032 1291 2087 inﬁnitis
1343 2041 1397 2088 et
1458 2033 1946 2091 innumerabilibus
1997 2045 2123 2092 ante

2229 2037 2333 2090 τῶν
2360 2034 2660 2107 τμημάτων
2691 2033 2791 2103 τῆς
2827 2031 3058 2101 φύσεως.
3106 2028 3297 2099 Ὁρᾶτε
3332 2027 3427 2096 τὴν
3460 2025 3627 2078 ἄνοιαν
3663 2020 3739 2074 τού

552 2122 729 2187 ipsum
769 2123 1065 2191 progenitis
1108 2140 1203 2193 per
1241 2126 1364 2180 illas
1413 2135 1816 2197 segmentorum
1863 2129 2123 2182 minutias

551 2221 695 2265 esset
723 2214 1011 2283 absumpta
1038 2226 1090 2269 et
1126 2215 1389 2271 exhausta
1427 2228 1640 2271 natura.
1676 2217 1865 2274 Videte
1888 2220 2124 2274 hominis

552 2301 845 2353 amentiam
885 2317 1006 2372 qua:
1043 2303 1189 2356 dicat
1231 2305 1550 2368 nescientis,
1602 2320 1781 2374 neque
1828 2306 1896 2360 de
1926 2307 2126 2376 quibus

552 2390 806 2447 afﬁrmet.
843 2394 975 2447 Cum
1014 2396 1160 2448 enim
1200 2395 1351 2461 dicit,
1395 2396 1655 2465 quoniam
1696 2396 2126 2468 incorruptibilis

553 2491 657 2548 est,
683 2500 857 2555 neque
878 2501 1031 2539 suam
1071 2490 1302 2555 partitur
1330 2489 1650 2552 essentiam,
1680 2504 1854 2558 neque
1885 2491 2125 2560 seipsum

554 2585 799 2643 generat,
840 2592 1017 2645 neque
1054 2577 1214 2631 Pater
1243 2593 1309 2632 ex
1350 2579 1531 2647 seipso
1559 2579 1840 2647 nascitur;
1881 2580 1936 2635 in
1977 2582 2125 2635 omni

551 2683 618 2722 eu
654 2670 797 2738 quod
850 2671 1187 2739 corruptioni
1246 2671 1560 2739 subjicitur,
1605 2687 1668 2726 ex
1740 2675 2129 2730 consecutione

551 2759 699 2813 dedit
744 2760 1111 2830 intelligenda,
1159 2763 1249 2815 illa
1282 2763 1336 2816 in
1389 2764 1740 2832 generatione
1783 2764 2124 2833 contingere,

553 2866 898 2920 quacunque
949 2851 1050 2905 soli
1102 2852 1507 2922 incorruptibili
1556 2868 1663 2906 non
1706 2853 1883 2908 inesse
1932 2853 2131 2908 conﬁrc

554 2945 736 2997 mavit.
771 2942 877 2997 Sed
914 2959 1037 2997 cum
1079 2945 1246 2998 multa
1274 2945 1385 2999 sint
1409 2945 1513 2997 alia
1545 2961 1666 3014 qua
1693 2946 1905 3015 possint
1934 2946 2126 3000 horum

552 3033 819 3088 dictorum
851 3035 1141 3090 vanitatem
1183 3051 1456 3107 arguere;
1508 3052 1629 3107 qua
1674 3045 1801 3092 sunt
1860 3038 2127 3093 hactenus

554 3126 609 3179 in
650 3125 888 3180 medium
922 3128 1132 3196 prolata
1180 3128 1247 3181 ad
1292 3128 1457 3196 hujus
1498 3129 1748 3183 amentia
1779 3128 2125 3184 demonstra-

554 3218 754 3273 tionem
792 3219 925 3274 satis
948 3235 1067 3273 esse
1093 3220 1330 3274 arbitror
1358 3240 1371 3274 :
1423 3222 1524 3275 hoc
1550 3230 1730 3276 autem
1761 3223 1902 3292 apud
1937 3222 2128 3279 doctos
2156 3207 2201 3271 (δ

553 3318 606 3364 et
636 3310 876 3365 scientes
926 3326 1247 3365 concessum
1297 3321 1380 3366 est
1437 3320 1490 3366 et
1546 3314 1820 3377 convenit,
1872 3314 2003 3383 quid
2063 3331 2130 3370 ex

552 3414 771 3471 quaque
804 3416 862 3455 re
880 3410 1251 3470 consequatur
1276 3403 1682 3472 respiciendum
1714 3421 1856 3461 esse.
1891 3405 1993 3471 Qui
2029 3407 2133 3462 soli

555 3488 699 3543 Patri
742 3492 1157 3561 ineorruptibile
1197 3494 1465 3558 attribuit,
1498 3496 1681 3548 omnia
1725 3513 1845 3567 qua
1883 3510 2003 3567 post
2030 3497 2133 3551 Pa-

556 3590 692 3635 trem
722 3582 905 3635 animo
940 3594 988 3637 et
1020 3591 1199 3637 mente
1222 3592 1542 3649 cernuntur,
1574 3586 1662 3639 illa
1699 3603 1821 3656 qua
1847 3599 1930 3644 est
1950 3588 2017 3641 ad
2043 3591 2130 3644 in-

554 3672 909 3741 corruptibile
930 3673 1233 3728 differentia
1264 3676 1640 3746 corruptibilia
1678 3695 1799 3734 esse
1824 3680 2128 3736 conﬁrmat.

556 3761 630 3814 lta
658 3769 715 3813 ut
749 3777 922 3831 neque
953 3763 1147 3818 Filium
1180 3781 1209 3818 a
1241 3766 1594 3835 corruptione
1622 3768 1849 3823 liberum
1882 3786 2005 3825 esse
2035 3770 2131 3824 de-

556 3863 839 3907 monstret.
874 3856 927 3909 Si
959 3857 1123 3920 igitur
1147 3855 1343 3912 Filium
1371 3858 1441 3913 ab
1478 3860 1875 3928 incorruptibili
1916 3860 2134 3917 diﬁerre

558 3945 707 4011 facit,
736 3963 842 4000 non
872 3948 1052 4001 solum
1091 3949 1269 4018 ipsum
1299 3968 1422 4007 esse
1459 3952 1872 4019 corruptibilem
1916 3954 2128 4021 deﬁnit,

555 4040 650 4093 sed
686 4040 850 4093 etiam
873 4041 975 4094 alia
1009 4041 1075 4097 de
1107 4042 1225 4110 ipso
1262 4044 1480 4107 astruit,
1517 4058 1857 4113 quaecunque
1887 4045 1986 4100 soli
2026 4045 2130 4099 im-

554 4129 772 4181 mortali
815 4145 921 4184 non
953 4131 1145 4186 adesse
1178 4132 1327 4185 dicit.
1367 4130 1688 4187 Necessario
1716 4133 1859 4185 enim
1900 4134 1945 4187 si
1980 4135 2131 4190 solus

555 4217 714 4273 Pater
763 4236 939 4290 neque
988 4223 1227 4291 seipsum
1269 4233 1509 4291 generat,
1565 4239 1741 4292 neque
1766 4238 1794 4275 a
1832 4223 2013 4292 seipso
2041 4240 2132 4294 ge-

556 4318 801 4372 neratur,
829 4311 1091 4381 quidquid
1123 4312 1535 4383 ineorruptibile
1561 4329 1669 4367 non
1693 4323 1774 4369 est
1802 4322 1857 4368 et
1891 4315 2129 4383 seipsum

556 4410 777 4470 generat
818 4412 872 4457 et
919 4418 949 4455 a
991 4406 1170 4473 seipso
1213 4412 1545 4474 generatur,
1588 4415 1642 4461 et
1688 4417 1839 4474 pater
1885 4416 1939 4460 et
1988 4406 2130 4462 ﬁlius

555 4492 697 4546 idem
726 4494 986 4563 suiipsius
1016 4496 1275 4559 efﬁcitur,
1322 4497 1570 4569 utrisque
1605 4498 1857 4553 essentia
1883 4499 2130 4566 partibus

555 4585 1043 4637 accommodatum.
1096 4586 1153 4639 Si
1195 4586 1340 4640 enim
1369 4588 1539 4642 solius
1573 4588 1644 4643 sit
1674 4586 1853 4642 Patris
1880 4588 2129 4643 incorru-

557 4674 799 4743 ptibilem
826 4691 982 4740 esse,
1011 4677 1290 4746 proprium
1330 4687 1511 4733 autem
1553 4679 1982 4750 incorruptibilis
2013 4681 2127 4734 bac

2230 2128 2305 2202 μὴ
2334 2126 2531 2188 εἰδότος
2560 2125 2595 2178 ἀ
2618 2124 2796 2193 λέγει,
2834 2122 2968 2193 μηδέ
3000 2121 3127 2193 περὶ
3166 2119 3325 2172 τίνων
3365 2113 3739 2170 διαϐεϐαιοῦται.

2238 2221 2325 2273 Ἐν
2353 2219 2459 2289 γὰρ
2479 2216 2556 2287 τῷ
2584 2218 2773 2279 εἰπεῖν,
2805 2214 2988 2285 ἐπειδὴ
3017 2212 3286 2284 ἄφθαρτός
3325 2213 3491 2271 ἐστιν,
3530 2206 3637 2259 οὔτε
3664 2220 3741 2273 με·

2229 2310 2365 2383 ρίζει
2412 2310 2511 2379 τήν
2541 2307 2726 2360 οὐσίαν
2748 2347 2765 2373 ,
2810 2306 2932 2359 οὔτε
2961 2306 3151 2360 ἐαυτὸν
3182 2304 3383 2375 γεννᾷ,
3429 2299 3542 2354 οὔτε
3581 2294 3741 2350 ἑαυτοῦ

2228 2403 2413 2474 Πατὴρ
2442 2402 2685 2470 γίνεται,
2719 2400 2913 2452 ἔδωκεν
2940 2398 3033 2451 ἐπὶ
3076 2398 3274 2460 παντὸς
3324 2394 3415 2447 τοῦ
3444 2392 3603 2463 φθορᾷ
3631 2391 3740 2443 ὐπο-

2228 2495 2478 2565 κειμένου
2523 2495 2588 2547 ἐκ
2633 2491 2727 2545 τοῦ
2762 2489 3053 2544 ἀκολούθου
3078 2532 3093 2555 ,
3138 2492 3323 2542 ἐκεῖνα
3364 2488 3496 2539 νοεῖν
3540 2484 3622 2536 ἐπὶ
3663 2481 3744 2551 τῆς

2227 2586 2531 2655 γεννήσεως
2562 2582 2875 2653 συμϐαίνειν
2897 2620 2911 2644 ,
2963 2580 3062 2633 ὅσα
3101 2581 3248 2651 μόνῳ
3284 2578 3360 2648 τῷ
3403 2575 3642 2646 ἀφθάρτῳ
3684 2572 3744 2641 μὴ

2228 2680 2507 2750 προσεῖναι
2563 2676 2949 2748 διισχυρισατο.
3003 2671 3163 2725 Ἀλλά
3212 2670 3417 2725 πολλῶν
3468 2670 3621 2720 όντων
3669 2659 3744 2715 καὶ

2230 2769 2404 2822 ἄλλων
2426 2768 2535 2822 τῶν
2564 2768 2875 2838 δυναμένων
2900 2765 3160 2830 ἐπιδεῖξαι
3187 2765 3287 2834 τὴν
3325 2760 3635 2833 ματαιότητα
3655 2754 3743 2808 τῶν

2229 2861 2555 2931 λεγομένων,
2588 2861 2778 2930 ἀρκεῖν
2808 2857 2990 2929 οἴομαι
3017 2856 3151 2925 πρὸς
3181 2853 3449 2917 ἀπόδειξιν
3472 2850 3563 2918 τῆς
3591 2845 3745 2904 ἀνοίας

2228 2951 2298 3005 τὰ
2332 2951 2613 3023 εἰρημένα.
2645 2949 2814 3002 Τοῦτο
2835 2949 2891 3002 δέ
2933 2948 3144 3009 πάντως
3174 2936 3743 3015 προωμολόγηταιπαρὰ

2229 3046 2340 3107 τοῖς
2375 3041 2788 3111 ἐπισταμένοις,
2827 3040 2960 3112 πρὸς
2985 3038 3045 3092 τὸ
3090 3034 3377 3091 ἀκόλουθον
3416 3032 3643 3103 βλέπειν·
3678 3025 3745 3079 ὅτι

2235 3134 2378 3206 μόνῳ
2397 3132 2473 3203 τῷ
2492 3132 2665 3201 Πατρὶ
2690 3131 3184 3203 προσμαρτυρήσας
3205 3128 3268 3181 τὸ
3291 3125 3573 3195 ἄφθαρτον,
3598 3118 3745 3173 πάντα

2232 3225 2297 3278 τὰ
2327 3223 2463 3294 μετὰ
2485 3222 2575 3275 τὸν
2608 3223 2823 3295 Πατέρα
2853 3221 3112 3290 νοούμενα
3147 3222 3215 3289 τῇ
3251 3217 3383 3289 πρὸς
3422 3214 3478 3267 τὸ
3513 3210 3744 3281 ἄφθαρτον

2232 3312 2601 3383 ἀντιδιαστολῇ
2642 3311 2855 3383 φθαρτά
2895 3305 3035 3363 εἶναι
3078 3305 3492 3369 κατασκευάζει.
3527 3302 3605 3364 ἀς
3636 3299 3740 3368 μηδέ

2231 3405 2319 3460 τδν
2350 3406 2476 3460 Υίὸν
2502 3404 2707 3477 φθορᾶς
2751 3402 3102 3457 ἐπιδεικνύειν
3132 3400 3435 3471 ἐλεύθερον.
3464 3397 3521 3450 Εἰ
3562 3388 3643 3447 οὖν
3668 3392 3745 3444 ἀνι

2230 3497 2580 3552 τιδιαστέλλει
2608 3497 2697 3550 τὸν
2729 3495 2853 3548 Υίὸν
2895 3494 2973 3564 τῷ
3013 3492 3275 3562 ἀφθάρτῳ
3300 3532 3314 3555 ,
3353 3491 3409 3543 ού
3444 3487 3587 3553 μόνον
3612 3480 3745 3535 αὑτὸν

2234 3589 2464 3659 φθαρτὸν
2495 3584 2632 3641 εἶναι
2660 3586 2969 3658 διορίζεται,
3003 3583 3138 3639 ἀλλά
3163 3585 3258 3637 καὶ
3282 3582 3349 3636 τὰ
3373 3580 3502 3635 ἄλλα
3527 3575 3639 3645 περὶ
3665 3571 3744 3624 αύ-

2231 3680 2324 3734 τοῦ
2364 3678 2778 3742 κατασκευάζει,
2810 3679 2907 3730 ὅσα
2946 3676 3090 3746 μόνῳ
3122 3674 3200 3746 τῷ
3233 3674 3485 3743 ἀφθάρτῳ
3511 3670 3577 3738 μὴ
3604 3679 3745 3734 προσ-

2232 3774 2366 3823 εῖναι
2400 3770 2564 3839 λέγει.
2607 3768 2942 3837 Ἀναγκαίως
2970 3768 3076 3837 γὰρ
3114 3770 3161 3819 εί
3209 3767 3365 3837 μόνος
3399 3766 3426 3816 ὁ
3454 3759 3626 3827 Πατὴρ
3645 3751 3746 3806 οὔτε

2231 3862 2420 3915 ἐαυτὸν
2448 3862 2609 3932 γεννᾷ
2631 3901 2646 3923 ,
2678 3860 2801 3914 οὔτε
2833 3859 2922 3927 ὑφ’
2957 3858 3147 3912 ἐαυτοῦ
3192 3859 3476 3926 γεννᾶται,
3511 3850 3607 3902 πᾶν
3630 3845 3656 3898 ὃ
3685 3841 3747 3911 μὴ

2232 3953 2503 4025 ἅφθαρτόν
2545 3955 2658 4005 ἐστι
2683 3995 2697 4018 ,
2735 3952 2828 4005 καὶ
2862 3952 3022 4003 ἑαυτὸ
3060 3950 3226 4019 γεννᾷ
3249 3988 3264 4011 ,
3320 3947 3411 4000 καὶ
3459 3942 3540 4011 ὑφ’
3585 3933 3745 3992 ἐαυτοῦ

2231 4047 2499 4114 γεννᾶται,
2535 4044 2628 4095 καὶ⁹
2656 4043 2837 4113 πατὴρ
2876 4043 2969 4097 καὶ
3017 4041 3130 4103 υίὸς
3165 4040 3297 4092 αὐτὸ
3334 4032 3516 4089 ἐαυτοῦ
3552 4029 3744 4097 γίνεται,

2233 4138 2367 4207 πρὸς
2399 4136 2629 4205 ἑκάτερα
2674 4134 2773 4202 τῆς
2821 4133 3005 4194 οὐσίας
3054 4120 3617 4215 μεθαρμοζόμενον.
3658 4114 3748 4215 Υιξρ

2235 4206 2393 4298 μόνον
2422 4225 2514 4278 τοῦ
2546 4223 2756 4292 Πατρός
2789 4224 2903 4275 ἐστι
2954 4222 3015 4274 τὸ
3046 4219 3319 4290 ἄφθαρτον
3367 4212 3529 4279 εἷναι,
3568 4206 3746 4309 {atavos

2231 4317 2323 4371 τοῦ
2354 4316 2630 4387 ἀφθάρτου
2653 4314 2712 4367 τὸ
2743 4313 2817 4384 μὴ
2844 4312 3011 4367 ταῦτα
3042 4308 3197 4374 εἶναι,
3220 4310 3342 4363 οὔτε
3369 4307 3620 4398 ἄφθαρτος
3639 4307 3749 4398 afv-

2232 4426 2337 4472 τως
2369 4410 2399 4461 ὁ
2429 4408 2554 4470 Υἱὸς
2582 4408 2721 4460 κατὰ
2750 4404 2840 4458 τὸν
2860 4405 2955 4474 τῆς
2980 4402 3237 4473 αἱρέσεως
3272 4402 3442 4468 λόγον,
3479 4396 3563 4448 καὶ
3604 4396 3748 4443 ταῦτα

2235 4502 2407 4555 πάντα
2434 4502 2559 4570 περὶ
2588 4500 2748 4552 αὑτὸν
2776 4498 2990 4559 πάντως
3021 4496 3166 4549 ἐστίν
3195 4513 3207 4524 ·
3242 4495 3304 4547 τὸ
3344 4485 3639 4563 μερίζεσθαι
3659 4481 3747 4570 τὴν

2232 4592 2438 4655 οὐσίαν,
2476 4590 2535 4643 τὸ
2557 4590 2760 4642 τίκτειν
2799 4587 2985 4641 ἐαυτὸν
3015 4586 3105 4637 καί¹
3143 4585 3231 4652 ὑφ’
3263 4579 3449 4636 ἑαυτοῦ
3474 4568 3744 4646 γεννᾶσθαι.

2231 4682 2439 4752 πατέρα
2460 4682 2553 4734 καὶ
2580 4680 2691 4734 υἱὸν
2713 4680 2872 4733 αὑτὸν
2900 4677 3089 4730 ἐαυτοῦ
3117 4674 3379 4743 γίνεσθαι.

555 4783 667 4821 non
716 4782 878 4835 esse;
927 4784 1030 4823 nec
1062 4771 1495 4841 incorruptibilis
1526 4774 1749 4829 omnino
1804 4773 1975 4829 Filius
2029 4783 2134 4841 est,
2169 4778 2465 4831 secundum
2500 4779 2638 4831 hanc
2670 4777 2938 4830 haereseos
2971 4773 3295 4831 orationem,
3335 4776 3389 4823 et
3446 4766 3553 4818 hac
3608 4764 3744 4811 etiam

552 4857 737 4913 omnia
778 4874 1003 4928 prorsus
1049 4860 1101 4915 in
1147 4862 1263 4930 ipso
1293 4874 1455 4926 sunt,
1502 4866 1799 4921 essentiam
1862 4866 2174 4936 dispertiri,
2215 4872 2453 4940 seipsum
2499 4868 2830 4939 producere,
2863 4876 2918 4922 et
2950 4881 2979 4917 a
3009 4866 3191 4934 seipso
3229 4857 3507 4932 generari,
3570 4855 3745 4919 patrem

551 4959 607 5005 et
640 4948 809 5003 ﬁlium
848 4951 1026 5020 ipsum
1056 4954 1141 5007 sui
1177 4955 1349 5023 ipsius
1381 4955 1518 5009 ﬁeri.

623 5044 727 5099 Sed
772 5048 1005 5102 fortasse
1047 5063 1171 5101 cum
1224 5050 1533 5103 amentibus
1582 5060 1636 5105 et
1670 5051 1880 5137 insanis
1919 5053 2129 5109 diutius

2295 5050 2366 5101 "H
2422 5048 2646 5117 μάταιον
2700 5046 2826 5105 ἴσως
2864 5040 2956 5095 ἐπὶ
3014 5043 3194 5094 πλεῖον
3239 5031 3614 5107 ἐμφιλοχωρεῖν
3658 5025 3748 5082 τοῖς

553 5136 833 5191 immorari
862 5149 916 5193 et
944 5140 1177 5195 detineri
1217 5156 1416 5195 vanum
1447 5150 1551 5196 est.
1588 5143 1668 5197 Ad
1702 5159 1764 5197 ea
1800 5119 1963 5215 igitur
2008 5159 2126 5214 qua

2229 5142 2471 5210 ἀνοήτοις
2490 5156 2503 5168 ο
2530 5138 2664 5191 ἀλλὰ
2686 5136 2818 5206 πρὸς
2833 5135 2891 5185 τὸ
2911 5133 3109 5202 ἐφεξῆς
3126 5131 3219 5184 τοῦ
3243 5131 3397 5227 λόγου
3420 5119 3745 5227 μετέλθοι

551 5228 809 5300 deinceps
858 5240 1160 5299 sequuntur
1202 5235 1257 5286 in
1300 5234 1420 5298 ejus
1464 5234 1714 5289 oratione
1766 5244 2125 5290 transeamus.

2229 5231 2544 5302 προστίθησι
2573 5227 2679 5297 γάρ
2706 5225 2932 5285 τούτοις·
2971 5225 3092 5277 Οὐκ
3126 5223 3194 5274 ἐν
3222 5220 3297 5283 τῷ
3329 5216 3513 5269 ποιεῖν
3537 5212 3691 5302 ὕλης.
3718 5212 3747 5264 τι

553 5318 650 5375 His
678 5323 857 5390 itaque
884 5322 1103 5389 adjicit:
1131 5323 1250 5377 Non
1285 5324 1337 5375 in
1371 5324 1610 5391 faciendo
1638 5329 1860 5380 materia
1894 5326 1971 5380 vel
2001 5343 2128 5395 par-

2224 5298 2437 5393 pspdir.
2478 5298 2524 5389 ἢ
2556 5316 2827 5388 φυσικῶν
2867 5314 3130 5383 ὀργάνων
3159 5310 3579 5380 προσδεόμνος
3601 5317 3612 5327 ’
3638 5298 3746 5393 ἐστι

554 5412 710 5475 tibus,
748 5413 824 5467 vel
871 5414 1205 5469 naturalibus
1239 5390 1600 5470 instrumentis
1630 5418 1865 5488 indigens
1906 5390 2125 5487 (nuilius

2358 5414 2575 5478 παντὸς
2601 5407 2963 5478 ἀπροσδεής.
2984 5406 3155 5460 Τοῦτο
3183 5406 3241 5458 τὸ
3268 5404 3357 5472 νὸη
3367 5416 3457 5472 μά,
3481 5400 3524 5450 εἰ
3544 5390 3746 5488 καὶῌάτοι

552 5502 687 5554 enim
732 5505 806 5557 rei
852 5515 929 5559 est
968 5506 1219 5576 indigus).
1257 5505 1409 5560 Hanc
1454 5506 1731 5562 notionem
1786 5509 2003 5563 tametsi
2057 5507 2126 5562 ad

556 5594 778 5649 verbum
804 5598 1169 5652 remissiurem
1193 5598 1412 5666 exponit
1438 5597 1756 5662 Eunomius,
1788 5607 1965 5655 tamen
1990 5600 2129 5654 hanc

646 5769 668 5800 ³
734 5777 930 5832 Cenes.
983 5787 1124 5835 XLVI.
1175 5772 1231 5827 2.
1330 5770 1353 5803 ⁵
1409 5774 1540 5831 Gen.
1606 5788 1687 5843 ιιι,
1746 5772 1831 5830 l9.

2232 5506 2462 5575 νώτερον
2496 5504 2634 5558 κατὰ
2672 5503 2769 5574 τὴν
2794 5501 2936 5567 λέξιν
2965 5499 3233 5553 ἐκτίθεται
3276 5498 3304 5549 ὁ
3331 5484 3745 5588 Εὐνόμιος.“ὂμέιῖξ

2235 5597 2332 5666 τῆς
2359 5594 2633 5657 εὐσεϐείας
2678 5594 2776 5646 οὐκ
2821 5590 3215 5661 ἀποϐάλλομεν.
3266 5584 3529 5642 Μσθόντες
3563 5582 3657 5643 γὰρ
3676 5582 3742 5618 οτι
