3922 6454
181 359 271 415 ιθτ

1275 364 1558 420 CONTRA
1593 358 1992 428 EUNOHIUM,
2027 359 2155 416 LIB.
2201 361 2267 417 ll.

3312 370 3417 424 £33

181 475 346 537 Αὐτός
396 467 525 525 εἶπε
568 473 657 526 καὶ
703 474 1114 543 ἐγενήθησαν,
1161 479 1342 544 αὐτὸς
1383 480 1717 533 ἐνετείλατο

1831 490 1850 529 a
1879 475 2078 545 pietate
2113 491 2220 531 non
2269 475 2638 543 excludimus,
2669 477 2760 546 qui
2791 477 3084 536 didicimus
3113 483 3260 551 quod
3298 482 3421 550 Ιρδε

180 564 259 618 καὶ
281 564 659 631 ἐκτίσθησαν,
689 566 909 636 οἴδαμεν
935 569 1014 620 ὅτι
1045 572 1273 640 ποιητὴς
1317 573 1434 624 ἐστι
1463 572 1564 640 τῆς
1588 570 1719 639 ὕλης

178 659 200 707 ὁ
225 655 391 722 Λόγος.
416 654 579 719 εὐθὺς
615 659 1154 730 συναπεργαζόμενος
1179 663 1315 730 μετά
1336 663 1434 732 τῆς
1462 661 1595 732 ὕλης
1625 660 1719 714 καὶ

178 748 256 808 τὰς
283 745 588 814 ποιότητας.
632 749 719 810 Ὠς
765 746 905 803 εἶναι
956 752 1105 822 αὐτῷ
1135 752 1203 804 τὰ
1245 754 1441 815 πάντα,
1471 754 1566 807 καὶ
1598 753 1720 806 ἀντί

177 837 362 889 πάντων
419 836 520 908 τὴν
580 839 754 909 ὁρμὴν
784 840 876 893 τοῦ
939 843 1346 913 παντοδυνάμου
1395 844 1716 913 θελήματος,

177 930 300 997 ὕλην,
332 929 580 999 ὄργανον,
617 933 799 998 τόπον,
832 934 1040 1004 χρόνον,
1066 937 1271 1001 οὐσίαν,
1305 936 1581 1006 ποιότητα,
1614 937 1720 989 πᾶν

172 1021 211 1082 ὅ,
233 1021 388 1092 τίπέρ
421 1024 644 1076 ἐστινέν
679 1027 742 1095 τῇ
773 1025 947 1078 κτίσει
977 1026 1282 1096 νοούμενον.
1323 1027 1488 1098 Ὀμοῦ
1523 1045 1580 1080 τε
1612 1028 1721 1097 γὰρ

173 1113 371 1182 ἠθέλησε
403 1113 464 1166 τὸ
492 1114 611 1168 δέον
644 1115 916 1184 γενέσθαι,
946 1119 1039 1170 καὶ
1069 1120 1400 1191 συνέδραμεν
1429 1121 1460 1188 ἡ
1491 1119 1720 1189 ἐξεργα-

173 1206 305 1275 στικὴ
333 1206 438 1258 τῶν
459 1205 632 1260 ὄντων
664 1209 892 1280 δύναμις
917 1210 994 1281 τῷ
1017 1213 1271 1282 νοήματι,
1305 1212 1463 1280 ἔργον
1495 1213 1720 1266 ποιοῦσα

171 1297 218 1348 τὸ
239 1296 458 1366 θέλημα..
479 1299 639 1354 Οὕτω
664 1301 770 1370 γὰρ
797 1303 1077 1372 φιλοσοφεῖ
1105 1304 1231 1374 περὶ
1254 1305 1352 1374 τῆς
1383 1303 1534 1367 Θείας
1563 1304 1722 1358 δυνά-

173 1407 290 1458 μεως
318 1393 342 1443 ὁ
365 1391 534 1454 πολὺς
567 1395 806 1463 Μωῦσῆς
828 1397 884 1446 ὲν
903 1397 968 1465 τῇ
994 1396 1373 1466 κοσμογενείᾳ.
1397 1413 1723 1468 προστακτι-

171 1485 268 1546 mi;
316 1489 521 1551 φωναῖς
579 1489 854 1553 ἀνατιθεὶς
901 1491 1130 1544 ἑκάστου
1175 1489 1284 1544 τῶν
1327 1493 1385 1546 ἑν
1435 1494 1499 1561 τῇ
1546 1492 1722 1545 κτίσει

170 1577 476 1645 φαινομένων
498 1578 603 1649 τὴν
622 1581 857 1650 ποίησιν.
911 1579 1058 1637 Elite
1097 1583 1225 1654 γὰρ,
1264 1579 1450 1654 φησὶν,
1483 1589 1514 1639 ὁ
1555 1584 1720 1650 θεὸς,

171 1669 239 1720 ἔτι
279 1669 602 1735 Γενηθήτω
624 1671 770 1740 φῶς,
796 1672 890 1726 καὶ
907 1674 1142 1743 ἐγένετο
1165 1673 1311 1744 φῶς,
1343 1675 1438 1729 καὶ
1465 1677 1592 1745 περὶ
1616 1676 1722 1728 τῶν

169 1757 312 1809 ἄλλων
335 1759 624 1825 ὡσαύτως,
662 1762 784 1816 οὔτε
827 1763 957 1836 ὕλης
975 1767 1240 1838 ἐμνήσθη,
1275 1767 1398 1820 οὔτε
1425 1767 1721 1838 ὀργανικῆς

171 1849 459 1918 ὑπουργίας.
493 1853 710 1906 Οὐκοῦν
745 1855 842 1908 οὐκ
862 1856 1165 1926 ἀπόϐλητος
1193 1861 1249 1910 ἐν
1270 1856 1348 1927 τῷ
1369 1858 1523 1928 μέρει
1549 1857 1723 1928 τούτῳ

169 1939 241 1989 τοῦ
279 1940 532 2009 Εὑνομίου
574 1945 601 1996 ό
652 1944 825 2012 λόγος.
880 1947 936 1998 Ὁ
966 1947 1074 2018 γὰρ
1117 1948 1246 2010 Θεὸς
1279 1949 1476 2013 κτίζων
1512 1950 1610 2000 ὅσα
1637 1946 1725 2000 διὰ

170 2028 364 2092 κτίσεως
420 2033 552 2102 ἔσχε
605 2035 702 2104 τὴν
757 2037 984 2102 γένεσιν,
1033 2036 1156 2090 οὔτε
1191 2038 1335 2101 τινὸς
1360 2036 1724 2108 ὑποκειμένης

169 2117 294 2186 ὕλης,
342 2119 463 2172 οὕτε
539 2123 792 2192 ὀργάνων
830 2127 908 2188 είς
951 2127 1050 2191 τὴν
1114 2127 1456 2197 κατασκευὴν
1508 2126 1720 2197 ἐδεήθη.

179 2207 476 2279 ’Ᾱττροσδεὴς
516 2213 634 2283 γὰρ
675 2213 958 2286 ἀλλοτρίας
990 2216 1237 2286 βοηθείας
1285 2219 1318 2288 ἡ
1351 2218 1443 2270 τοῦ
1474 2217 1607 2271 Θεοῦ
1636 2218 1725 2271 δύ-

171 2296 302 2362 ναμίς
321 2315 374 2350 τε
403 2303 499 2353 καὶ
543 2302 726 2370 σοφία.
762 2305 994 2374 Χριστὸς
1020 2307 1076 2358 δέ
1111 2309 1257 2360 ἐστιν
1286 2307 1432 2378 ἡτοῦ
1478 2309 1611 2361 Θεοῦ
1641 2309 1727 2361 δύ-

172 2407 303 2459 ναμις
330 2394 417 2446 καὶ
473 2395 665 2464 σοφία,
698 2396 764 2448 δι’
790 2392 850 2450 οὗ
882 2397 955 2450 τὰ
1004 2397 1201 2451 πάντα
1237 2397 1494 2467 ἐγένετο,
1519 2399 1615 2452 καί
1651 2395 1722 2454 οὗ

171 2485 317 2551 χωρίς
361 2485 480 2540 τῶν
533 2487 729 2541 ὄντων
768 2489 940 2542 ἐστίν
975 2490 1190 2544 οὐδέν’
1241 2491 1423 2555 καθὼς
1478 2493 1747 2564 Ἰωάννηςχ

173 2577 496 2648 μαρτύρεται.
552 2581 613 2632 Ei
655 2576 748 2634 οὖν
778 2581 954 2633 πάντα
1001 2581 1067 2634 δι’
1093 2584 1259 2636 αὐτοῦ
1290 2583 1525 2652 ἐγένετο,
1555 2587 1727 2655 ὁρατὰ

173 2682 216 2717 τε
234 2669 312 2719 καὶ
332 2670 568 2739 ἀόρατα,
607 2672 830 2741 ἐξαρκεῖ
856 2673 911 2724 δὲ
951 2673 1087 2744 πρὸς
1119 2676 1218 2745 τὴν
1248 2675 1355 2728 τῶν
1404 2676 1571 2729 ὀντων
1596 2678 1727 2730 ὑπό-

171 2771 325 2810 πασιν
353 2762 385 2828 ἡ
417 2761 682 2831 βούλησις
735 2765 872 2833 μόνη
897 2782 909 2794 ·
941 2765 1169 2835 δύναμις
1201 2766 1310 2838 γάρ
1363 2767 1510 2820 ἐστιν
1536 2770 1568 2837 ἡ
1606 2768 1729 2838 βού-

171 2848 296 2918 λησις
318 2867 330 2879 ⁸
360 2853 449 2906 τὸν
477 2855 755 2926 ἡμέτερον
774 2853 894 2909 εἷπε
924 2858 1080 2925 λόγον
1114 2859 1434 2932 ὲνατονούσῃ
1475 2864 1542 2931 τῇ
1585 2860 1726 2926 λέξει

172 2940 416 3012 Εὑνόμιος.
484 2947 555 2999 Ὁ
609 2948 719 3016 γὰρ
775 2949 842 3000 τὰ
870 2947 1161 3019 σύμπαντα
1198 2951 1378 3022 φέρων
1407 2951 1484 3022 τῷ
1522 2953 1727 3024 ῥήματι

172 3035 249 3104 τῆς
293 3036 579 3107 δυνάμεως
610 3039 796 3103 αὑτοῦ,
844 3040 988 3104 τίνος
1043 3042 1110 3094 ἂν
1154 3041 1387 3112 ὀργάνου
1431 3044 1522 3096 καὶ
1572 3043 1727 3107 ποίας

173 3125 280 3197 ὕλης
300 3129 518 3201 δεηθείη
551 3133 608 3183 ἐν
641 3131 719 3200 τῷ
744 3132 927 3202 φέρειν
955 3133 1042 3187 διὰ
1071 3133 1163 3187 τοῦ
1185 3135 1592 3205 παντοδυνάμου
1628 3137 1726 3206 ῥή-

177 3235 314 3286 ματος
333 3223 427 3292 τὴν
462 3222 576 3276 τῶν
604 3223 775 3276 ὀντων
816 3225 1144 3294 eudemon);
1187 3226 1247 3280 Ei
1274 3226 1329 3278 δὲ
1357 3227 1492 3297 ὅπερ
1523 3228 1614 3280 ἐπὶ
1634 3228 1731 3298 τῆς

175 3309 368 3375 κτίσεως
397 3314 538 3384 περὶ
574 3312 666 3366 τοῦ
699 3315 1036 3382 Μονογενοῦς
1076 3317 1537 3388 πεπιστεύκαμεν,
1576 3317 1732 3372 τοῦτο

175 3403 248 3454 ἐπὶ
283 3405 370 3457 τοῦ
420 3406 562 3459 Υίοῦ
617 3407 1046 3471 κατασκευάζει·
1073 3409 1147 3472 ὡς
1177 3411 1546 3481 ὁμοιοτρόπως
1567 3411 1732 3466 αὐτὸν

177 3495 250 3546 τοῦ
293 3498 505 3570 Πατρὺς
560 3499 865 3565 κτίσαντος,
903 3501 1152 3573 καθάπερ
1198 3503 1350 3574 παρά
1392 3503 1486 3556 τοῦ
1533 3502 1728 3576 Υίοῦή

179 3589 324 3652 κτίσις
353 3593 580 3659 ἐγένετο
605 3607 618 3618 ·
654 3591 744 3644 τὸν
771 3597 827 3645 έν
861 3597 971 3656 τοῖς
999 3593 1306 3664 ἔμπροσθεν
1335 3594 1564 3665 ρηθέντα
1579 3595 1733 3664 λόγον

179 3683 252 3734 καὶ
275 3683 358 3735 νῦν
387 3685 559 3737 πάλιν
594 3685 1073 3755 ἀναλαμϐάνομεν,
1109 3687 1191 3739 ὅτι
1215 3689 1248 3756 ἡ
1281 3686 1504 3758 τοιαύτη
1544 3688 1734 3761 ὑπόλη-

180 3771 250 3841 ψις
269 3776 488 3848 ἄρνησις
524 3778 623 3846 τῆς
647 3777 741 3830 τοῦ
766 3779 1098 3846 Μονογενοῦς
1128 3780 1241 3832 ἐστι
1259 3777 1527 3848 θεότητος.
1545 3781 1734 3850 Ἡμεῖς

182 3868 267 3937 γὰρ
298 3870 420 3923 ἴδιον
449 3866 598 3923 εἶναι
629 3871 736 3923 τῶν
776 3871 1300 3944 εἰδωλολατρούντων
1321 3872 1472 3942 παρά
1506 3873 1604 3942 τῆς
1636 3891 1733 3942 με-

182 3959 323 4028 γάλης
348 3962 439 4014 τοῦ
475 3961 699 4016 Παύλου
731 3964 912 4035 φωνῆς
947 3964 1364 4035 μεμαθήκαμεν,
1393 3963 1454 4016 τὸ
1484 3963 1734 4018 σέϐεσθαι

183 4052 256 4102 καὶ
285 4053 568 4123 λατρεύειν
599 4057 665 4123 τῇ
702 4055 874 4107 κτίσει
907 4054 1056 4126 παρά
1085 4055 1175 4107 τὸν
1198 4055 1458 4107 κτίσαντα
1479 4071 1492 4084 ·
1529 4055 1732 4108 καὶτοῦ

183 4141 318 4196 Δασιδ
331 4145 686 4206 εἰπόντος,ὂτι
702 4145 822 4196 Οὐκ
839 4144 1006 4198 ἔσται
1020 4145 1088 4198 ἐν
1098 4144 1195 4198 σοὶ
1210 4144 1354 4210 Θεὸς
1368 4145 1732 4213 πρόσφατος,

183 4235 297 4288 οὐδέ
309 4236 890 4305 προσκυνήσειςθεῷ
905 4237 1223 4306 ἀλλοτρίῳ.
1243 4237 1443 4292 Κανόνι
1458 4236 1630 4307 τούτῳ
1643 4238 1737 4292 καὶ

182 4327 382 4399 γνώμονι
424 4329 695 4402 χρώμεθα
725 4329 860 4400 πρὸς
877 4331 978 4400 τὴν
993 4329 1085 4383 τοῦ
1117 4329 1590 4399 προσκυνουμένου
1617 4329 1738 4381 ὲπί-

182 4435 352 4486 γνωσιν
419 4424 568 4476 ὥστε
600 4421 889 4476 πεπεῖσθαι
921 4421 1078 4475 τοῦτο
1109 4422 1309 4492 ἀληθὲς
1347 4419 1486 4475 εἶναι
1529 4421 1681 4482 Θεὸν,
1709 4421 1736 4474 ὂ

1819 568 1977 631 dixit,
2014 580 2061 622 et
2095 570 2239 638 facta
2271 577 2413 635 sunt,
2459 569 2565 636 ipse
2595 569 2864 624 mandavit
2920 584 2967 627 et
3012 587 3188 628 creata
3217 587 3337 628 sunt
3374 577 3416 640 ⁵,

1821 660 2025 715 scimus
2052 661 2196 730 quod
2223 661 2464 715 materiai
2493 660 2669 715 factor
2695 672 2778 718 est
2808 661 3071 731 Verbum,
3099 668 3260 721 simul
3289 682 3413 721 cum

1821 755 1936 822 ipsa
1983 756 2209 808 materia
2238 753 2502 807 continuo
2534 754 2696 807 etiam
2745 755 3038 824 qualitates
3083 759 3413 827 perﬁciens:

1821 847 1896 900 ita
1929 857 1984 898 ut
2018 847 2064 900 ei
2093 847 2206 899 sint
2235 846 2421 900 omnia
2455 854 2508 899 et
2539 861 2638 916 pro
2667 849 2926 903 omnibus
2960 849 3197 919 impetus
3239 852 3416 906 omni-

1822 940 2060 1008 potentis
2103 939 2422 1002 voluntatis,
2455 938 2705 998 materia,
2741 938 3188 1004 instrumentum,
3233 943 3414 1008 locus,

1821 1037 2056 1097 tempus,
2097 1029 2360 1091 essentia,
2393 1028 2651 1099 qualitas,
2683 1035 2738 1083 et
2772 1029 3038 1098 quidquid
3075 1031 3126 1084 in
3164 1040 3414 1085 creatura

1821 1118 2160 1187 intelligitur.
2207 1118 2383 1173 Simul
2427 1121 2573 1174 enim
2617 1131 2782 1188 atque
2829 1121 3001 1174 voluit
3054 1121 3199 1189 quod
3249 1137 3415 1190 opor-

1823 1218 1960 1264 teret
1995 1210 2134 1276 ﬁeri,
2167 1210 2440 1280 operatrix
2468 1226 2656 1265 eorum
2692 1226 2813 1279 quae
2859 1220 2991 1264 sunt
3020 1213 3257 1281 potentia
3289 1229 3413 1266 cum

1822 1303 2045 1356 notione
2094 1301 2399 1366 concurrit,
2453 1317 2593 1370 opus
2648 1301 2856 1356 faciens
2902 1303 3281 1357 voluntatem:
3335 1304 3417 1358 sic

1821 1393 1966 1445 enim
2031 1391 2098 1446 de
2138 1392 2323 1446 divina
2377 1393 2614 1458 potentia
2675 1393 3106 1463 philosophatur
3156 1395 3421 1463 copiosus-

1822 1484 2002 1538 Moses
2029 1485 2083 1538 iu
2119 1484 2305 1538 mundi
2348 1484 2647 1548 creatione,
2687 1486 3026 1555 imperativis
3060 1487 3288 1541 vocibus
3315 1504 3411 1540 eo-

1823 1593 1942 1630 rum
1974 1576 2245 1646 cujusque
2266 1591 2387 1645 qua:
2422 1577 2476 1630 in
2510 1584 2765 1631 creatura
2786 1585 3050 1648 apparent
3077 1579 3411 1632 creationem

1823 1669 2126 1723 ascribens.
2169 1666 2311 1720 Dixit
2341 1669 2486 1723 enim
2518 1667 2634 1740 (ait)
2667 1671 2801 1726 Deus
2829 1687 2842 1723 :
2875 1666 3003 1723 Fiat
3032 1670 3143 1732 tux,
3177 1681 3225 1723 et
3268 1670 3413 1738 farta

1820 1769 1896 1812 est
1923 1758 2014 1811 lux
2045 1759 2086 1820 °,
2117 1765 2171 1813 et
2205 1759 2272 1812 de
2329 1757 2451 1811 aliis
2489 1758 2679 1812 eodem
2727 1758 2908 1824 modo,
2953 1775 3130 1828 neque
3171 1761 3412 1814 materia:

1754 1823 1795 1878 Β
1828 1849 2106 1912 meminit,
2145 1862 2353 1917 ,ueque
2407 1849 2842 1902 instrumentalis
2906 1849 3219 1905 ministerii.
3291 1849 3412 1905 Non

1828 1942 1992 2011 igitur
2049 1941 2152 1995 hac
2202 1940 2257 1994 in
2312 1947 2466 2010 parte
2511 1938 2760 1993 Eunomii
2821 1941 3155 2010 repudianda
3211 1943 3410 1997 oratio.

1825 2033 1970 2088 Deus
1998 2035 2142 2090 enim
2181 2047 2376 2088 creatis
2421 2047 2762 2101 quacunque
2797 2049 2891 2102 per
2938 2038 3270 2088 creationem
3308 2037 3407 2089 lia-

1827 2129 1956 2183 bent
1991 2135 2195 2190 ortu‘m,
2229 2142 2403 2198 neque
2429 2127 2532 2180 alia
2563 2127 2809 2195 subjecta
2844 2131 3089 2191 materia,
3122 2145 3299 2198 neque
3326 2129 3411 2182 in-

1827 2220 2143 2274 Strumeutis
2190 2219 2256 2273 ad
2307 2219 2768 2274 constructionem
2823 2219 3075 2290 indiguit.
3137 2219 3270 2273 Nam
3316 2221 3411 2276 Dei

1826 2313 2000 2366 virtus
2026 2321 2081 2368 et
2103 2311 2370 2381 sapientia
2415 2312 2435 2343 '
2460 2311 2664 2366 nullius
2690 2312 2854 2366 alieni
2880 2311 3067 2365 auxilii
3097 2321 3177 2365 est
3204 2313 3406 2382 indiga.

1829 2407 1892 2456 At
1921 2401 2174 2458 Christus
2204 2399 2295 2455 Dei
2330 2412 2415 2456 εει
2444 2401 2617 2455 virtus
2666 2407 2721 2455 et
2775 2402 3061 2470 sapientia,
3100 2417 3194 2471 per
3243 2419 3407 2470 quem

1841 2495 2019 2548 omnia
2059 2493 2202 2560 facta
2242 2502 2386 2551 amt,
2435 2491 2545 2543 sine
2591 2507 2690 2559 quo
2728 2491 2860 2544 nihil
2901 2507 3080 2546 eorum
3120 2510 3236 2563 qua!
3263 2501 3405 2552 sum,

1838 2593 1914 2637 est
1961 2581 2002 2648 ⁸,
2049 2579 2508 2650 (ιιιθιιιειά.ιο‹1ιιιιι
2548 2587 2782 2633 testatur
2830 2577 3090 2634 Joannes.
3132 2581 3187 2634 Si
3244 2580 3412 2649 igitur

1827 2675 2010 2730 omnia
2043 2688 2138 2743 per
2166 2671 2343 2741 ipsum
2385 2671 2525 2723 facta
2558 2678 2706 2733 sunt,
2738 2669 2975 2723 visibilia
3002 2675 3056 2721 et
3092 2667 3410 2728 invisibilia,

1829 2766 1896 2821 ad
1945 2782 2136 2820 eorum
2181 2772 2362 2818 autem
2404 2777 2524 2830 qua:
2561 2770 2690 2816 sunt
2727 2760 3136 2815 subsistentiam
3174 2758 3286 2811 Sola
3321 2757 3412 2812 Dei

1831 2859 2080 2913 voluntas
2127 2854 2324 2910 suilicit
2367 2854 2562 2922 (virtus
2625 2852 2769 2906 enim
2824 2852 2938 2906 sive
2979 2851 3215 2918 potentia
3280 2849 3396 2917 ipsa

1829 2957 1912 3004 est
1940 2944 2232 3010 voluntas),
2266 2951 2512 2998 nostrum
2555 2956 2863 2997 sermonem
2903 2941 3150 2993 oratione
3187 2940 3414 2993 remissa

1830 3040 2058 3109 protulit
2096 3037 2418 3092 Eunomius.
2447 3035 2549 3101 Qui
2601 3035 2747 3089 enim
2792 3034 2958 3088 verbo
2998 3049 3110 3086 sua:
3157 3031 3410 3100 potentiae

1755 3152 1798 3212 ο
1833 3133 1935 3186 fert
1973 3132 2250 3192 universa,
2279 3144 2390 3199 quo
2427 3129 2788 3182 instrumento
2832 3133 2886 3179 et
2925 3140 3030 3192 qua
3063 3123 3291 3178 materia
3330 3122 3415 3175 in-

1831 3225 2059 3295 digeret.
2095 3223 2222 3276 dum
2251 3237 2439 3277 eorum
2472 3236 2594 3290 quso
2633 3226 2759 3272 sunt
2805 3216 3220 3272 subsistentiam
3249 3215 3415 3269 verbo

1833 3334 1934 3374 suo
2003 3317 2363 3387 omnipotenti
2414 3315 2648 3370 sustinet
2695 3313 2768 3364 9?
2855 3311 3008 3376 Quod
3070 3311 3117 3364 si
3164 3307 3310 3378 quod
3359 3308 3416 3360 in

1831 3417 2084 3467 creatura
2137 3409 2204 3462 de
2258 3407 2548 3476 Unigenito
2600 3405 2956 3468 credidimus,
3015 3402 3118 3456 hoc
3172 3401 3227 3454 in
3282 3397 3418 3455 Filio

1833 3503 2053 3563 astruit,
2097 3501 2240 3554 velut
2287 3498 2455 3552 simili
2519 3496 2680 3549 modo
2735 3496 2909 3564 ipsum
2964 3492 3125 3548 Patre
3185 3501 3411 3546 creante

1832 3592 2290 3664 quemadmodum
2320 3606 2350 3643 a
2384 3588 2518 3643 Filio
2569 3596 2820 3640 creatura
2855 3585 2997 3639 facta
3043 3594 3130 3639 est
3162 3602 3175 3636 :
3217 3583 3421 3637 dictum

1834 3694 1992 3739 antea
2027 3697 2330 3738 sermonem
2359 3697 2502 3733 nunc
2519 3679 2681 3733 etiam
2713 3691 2907 3730 rursus
2928 3673 3248 3742 repetimus.
3277 3667 3422 3740 quod

1833 3776 2101 3847 ejusmodi
2135 3773 2318 3842 opinio
2349 3771 2562 3840 negatio
2595 3778 2679 3824 est
2725 3767 2946 3824 deitatis
2987 3763 3279 3834 Unigeniti.
3312 3758 3423 3813 Nos

1835 3871 1978 3926 enim
2025 3868 2439 3922 idololatrarnm
2477 3862 2757 3932 prOprium
2783 3875 2905 3914 esse
2925 3873 2989 3912 ex
3024 3869 3219 3924 magna
3270 3849 3425 3905 Pauli

1835 3977 1968 4015 voce
1994 3960 2305 4016 didicimus.
2343 3956 2521 4008 colere
2567 3963 2621 4006 et
2665 3951 2873 4005 servire
2914 3959 3200 4008 creaturae,
3229 3951 3426 4014 praeter

1841 4069 1964 4108 euau
1993 4051 2083 4120 qui
2108 4049 2314 4103 creavit
2355 4046 2429 4109 ¹⁹;
2466 4054 2518 4098 et
2547 4059 2612 4097 ex
2646 4056 2778 4095 voce
2801 4038 2969 4092 David
3005 4030 3428 4098 dicentis,quodt

1839 4144 1963 4197 Non
1990 4143 2087 4196 erit
2120 4142 2172 4192 in
2209 4151 2254 4192 te
2307 4138 2444 4190 Deus
2496 4151 2693 4194 recens.
2742 4148 2903 4201 neque
2951 4127 3204 4184 adorabis
3259 4125 3425 4178 Deum

1838 4238 2070 4292 alienum
2113 4235 2177 4286 “.
2230 4229 2342 4284 Hac
2405 4229 2610 4298 regula,
2669 4226 2772 4278 hoc
2819 4237 3088 4293 gnomone
3139 4227 3193 4274 et
3247 4216 3428 4272 indice

1839 4329 2043 4383 utimur
2079 4325 2142 4380 ad
2192 4324 2310 4392 ejus
2353 4322 2444 4391 qui
2476 4319 2737 4374 adoratur
2789 4314 3192 4385 cognitionem:
3245 4309 3319 4364 ita
3369 4317 3429 4362 ut

1840 4421 1994 4476 nobis
2022 4419 2092 4473 sit
2127 4429 2444 4487 persuasum
2488 4413 2592 4466 hoc
2635 4424 2822 4464 verum
2865 4423 2989 4462 esse
3033 4405 3224 4468 Deum,
3279 4399 3424 4472 quod

187 4514 296 4582 μήτε
324 4516 640 4587 πρόσφατόν
668 4517 802 4578 ἐστι,
835 4517 969 4585 μήτε
999 4491 1295 4583 ἀλλότριον.
1322 4513 1538 4583 Ἐπειδὴ
1559 4513 1728 4566 τοίνυν

1839 4526 2016 4580 neque
2048 4523 2234 4562 recens
2258 4514 2364 4568 est,
2385 4517 2560 4571 neque
2591 4500 2828 4554 alienum
2851 4498 2912 4550 ι’.
2938 4493 3225 4560 'Quoniam
3262 4491 3429 4563 igitur

184 4601 292 4656 Θεὸν
317 4605 592 4660 πιστεύειν
616 4600 756 4658 εἶναι
783 4605 874 4657 τὸν
902 4607 1164 4675 μονογενῆ
1201 4603 1329 4656 Θεὸν
1359 4602 1731 4674 ἐδιδάχθημεν·

185 4695 232 4747 τὸ
259 4699 383 4768 μήτε
405 4699 724 4769 πρόσφατον
754 4696 911 4751 αὐτὸν
945 4692 1103 4761 εἶναι,
1145 4697 1280 4768 μήτε
1302 4695 1575 4765 ἀλλότριον
1610 4712 1734 4748 συν-

186 4787 526 4858 ομολογοῦμεν
551 4787 638 4840 διὰ
660 4785 755 4839 τοῦ
788 4786 1083 4848 πιστεύειν,
1114 4787 1196 4839 ὃτι
1217 4786 1333 4837 ἐστὶ
1362 4785 1494 4848 Θεός
1522 4802 1534 4815 ·
1572 4785 1619 4836 εί
1643 4781 1736 4838 οὖν

187 4872 293 4939 Θεός
322 4879 454 4943 ἐστι,
492 4879 803 4949 πρόσφατος
824 4879 924 4931 οὐκ
944 4877 1090 4930 ἔστιν
1111 4895 1124 4908 ’
1157 4879 1186 4930 ὁ
1211 4877 1267 4930 δὲ
1301 4878 1375 4948 μὴ
1398 4875 1732 4947 πρόσφατος,

187 4967 326 5033 ἀΐδιος
363 4972 581 5035 πάντως
630 4973 811 5026 ἐστίν·
867 4970 992 5025 οὔτε
1047 4964 1139 5024 οὖν
1180 4970 1490 5041 πρόσφατός
1538 4971 1739 5024 ἑστινὸ

188 5059 346 5126 ἀίδιος,
375 5064 504 5117 οὔτε
531 5064 809 5134 ἀλλότριος
835 5065 933 5133 τῆς
965 5063 1222 5134 ἀληθινῆς
1253 5062 1526 5132 θεότητος,
1555 5064 1617 5115 ἐκ
1644 5060 1738 5114 τοῦ

190 5146 372 5218 Harpe;
399 5152 498 5219 ὣν,
533 5154 629 5206 καί¹
687 5152 755 5205 ἐν
794 5153 912 5218 τοῖς
948 5155 1198 5218 κόλποις
1228 5152 1316 5205 ὢν
1347 5152 1452 5206 τοῦ
1488 5152 1737 5220 Πατρός,

193 5239 266 5292 καὶ
301 5244 354 5294 ὲν
385 5244 566 5314 ἐαυτῷ
595 5244 685 5296 τὸν
715 5245 934 5314 Πατέρα
975 5243 1132 5314 ἔχων.
1165 5243 1324 5296 Ὥστε
1371 5244 1399 5294 ὁ
1432 5241 1741 5312 ἀποσχίζων

191 5329 273 5399 τῆς
299 5335 386 5387 τοῦ
416 5337 628 5407 Πατρὸς
655 5337 868 5406 φύσεως
904 5336 996 5389 τὸν
1045 5336 1188 5398 Υίὸν,
1223 5335 1255 5406 ἢ
1301 5334 1529 5389 καθόλου
1563 5335 1744 5387 ἀθετεῖ

193 5422 272 5494 τὴν
300 5431 684 5500 προσκύνησιν,
723 5432 809 5484 ἶνα
839 5430 912 5500 μὴ
934 5429 1197 5499 ἀλλοτρίῳ
1223 5428 1342 5498 Θεῷ
1365 5427 1736 5499 προσκυνήσῃ,

282 5667 300 5698 ⁸
331 5669 465 5726 Psal.
499 5686 723 5736 cnvin,
755 5669 813 5727 5.
885 5671 906 5701 ⁸
933 5669 1126 5724 Genet.
1166 5686 1205 5730 I,
1238 5667 1291 5723 5.
1367 5668 1387 5698 "
1428 5666 1445 5719 1
1505 5665 1630 5736 Cor.
1670 5681 1722 5736 _l.

1831 5663 1862 5719 ι.
1941 5659 2168 5736 '_Joan.
2202 5672 2282 5736 -ι,
2323 5655 2378 5710 3.

768 5721 812 5772 ίί
847 5721 1141 5807 Επυιίίιτ,
1287 5753 1470 5802 xxxrv,
1531 5735 1626 5794 14:
1670 5734 1728 5789 Di

1876 5747 1927 5796 ν,
1974 5731 2025 5783 ’1.
2101 5729 2144 5760 ¹³
2195 5726 2350 5783 «ἰότιιι.
2391 5740 2430 5793 ι,
2483 5721 2568 5778 18.

202 5733 238 5768 ¹³
271 5739 401 5795 Psal.
430 5757 590 5806 Lux,
635 5742 688 5796 9.

1843 4601 2194 4673 Unigenitum
2260 4596 2426 4652 Deum
2491 4608 2612 4648 esse
2671 4591 2896 4645 credere
2959 4583 3134 4641 edocti
3205 4597 3411 4639 sumus

1843 4692 2055 4747 idcirco
2091 4703 2266 4759 neque
2302 4687 2478 4756 ipsum
2515 4689 2789 4736 recentem
2825 4693 2948 4734 esse
2979 4690 3158 4743 neque
3185 4673 3426 4752 alienum

1841 4778 2185 4834 conﬁtemur.
2213 4775 2340 4845 quia
2371 4771 2647 4826 credimus
2682 4768 2828 4839 quod
2855 4774 2938 4821 est
2967 4765 3142 4819 Deus:
3188 4763 3232 4814 si
3265 4761 3427 4830 igitur

1841 4880 1926 4928 est
1966 4871 2130 4932 Deus,
2182 4883 2373 4924 recens
2413 4880 2522 4919 non
2560 4870 2677 4931 est;
2709 4861 2801 4932 qui
2844 4867 3024 4914 autem
3068 4870 3176 4910 non
3219 4862 3302 4906 est
3343 4865 3431 4904 re-

1842 4983 1995 5030 cens,
2026 4963 2248 5019 omnino
2281 4970 2364 5018 est
2393 4967 2630 5015 aeternus
2662 4975 2677 5012 :
2715 4969 2893 5022 neque
2928 4951 3094 5022 igitur
3127 4960 3320 5000 recens
3345 4951 3430 4996 est

1842 5060 1932 5127 qui
1973 5067 2229 5119 aeternus,
2264 5068 2440 5124 neque
2471 5067 2500 5105 a
2538 5064 2666 5106 vera
2711 5047 2915 5103 deitate
2960 5042 3171 5096 alienus
3221 5036 3314 5105 qui
3361 5049 3426 5087 ex

1840 5149 2002 5206 Patre
2027 5157 2134 5212 est.
2168 5156 2222 5204 et
2284 5146 2446 5219 quiin
2470 5143 2659 5199 sinibus
2687 5139 2862 5195 Patris
2883 5145 2954 5192 est
2999 5135 3065 5198 ",
3094 5131 3216 5186 etin
3247 5129 3427 5198 seipse

1843 5246 2058 5298 Patrem
2105 5241 2289 5295 habet.
2331 5235 2512 5303 Quare
2553 5233 2646 5304 qui
2690 5227 2886 5285 Filium
2923 5241 2954 5280 a
2999 5223 3179 5278 Patris
3231 5227 3426 5272 natura

1845 5331 2128 5394 discindit,
2164 5330 2247 5384 vel
2292 5328 2346 5382 in
2375 5326 2689 5397 universum
2723 5317 3098 5374 adorationem
3137 5321 3191 5367 et
3218 5310 3426 5363 cultum

1847 5425 2047 5489 abolet,
2073 5439 2140 5478 ne
2171 5421 2340 5475 Deum
2373 5419 2609 5474 alienum
2642 5413 2854 5473 adoret,
2895 5409 2980 5462 vel
3020 5405 3221 5460 idolum
3272 5399 3424 5456 colit:

2481 5653 2504 5685 ’
2548 5650 2710 5707 Hebr.
2762 5663 2799 5715 ι,
2835 5647 2888 5701 5-.
2968 5643 3012 5676 “
3045 5641 3204 5696 Rom.
3241 5654 3278 5704 1,
3329 5635 3422 5692 20.
