3922 6478
565 359 666 413 ιοο

1796 370 1852 426 s.
1894 370 2219 429 cneoonu
2264 372 2563 439 NYSSENL

564 485 869 531 creaturam
897 487 950 535 et
973 495 1079 536 non
1113 479 1279 536 Deum
1298 497 1411 538 sua:
1432 484 1735 543 adorationi
1766 491 2133 560 praestituens,

2240 493 2277 563 ἢ
2296 492 2510 547 εἴδωλον
2530 492 2764 557 σέϐεται,
2793 494 2994 563 κτίσμα
3019 493 3109 547 καὶ
3134 493 3190 545 οὐ
3218 493 3349 545 θεὸν
3364 494 3458 564 τῆς
3486 500 3748 570 προσκυνή.

564 575 619 620 et
638 566 842 623 Christi
866 588 1061 627 nomen
1089 574 1232 631 idolo
1259 592 1487 646 ponens.

639 747 797 816 Quod
828 761 1008 807 autem
1042 754 1094 807 in
1142 772 1205 808 ea
1238 758 1645 815 existimatione
1668 776 1829 831 quam
1878 762 2039 817 habet
2069 764 2137 818 de

572 843 893 914 Unigenito,
927 846 993 899 ad
1030 847 1169 902 hanc
1204 852 1428 919 respicit
1470 853 1910 923 intelligentiam,
1959 858 2133 909 mani-

574 934 768 990 festius
800 936 891 990 fiet
926 952 991 991 ex
1029 938 1114 992 his
1137 956 1259 1008 quae
1289 943 1354 995 de
1377 943 1495 1011 ipso
1516 942 1807 1013 Unigenito
1841 949 2133 1015 percurrit,

569 1042 692 1095 quae
724 1028 963 1085 adhunc
1011 1047 1072 1086 se
1101 1032 1295 1087 habent
1328 1036 1551 1089 modum
1595 1056 1608 1090 :
1655 1035 1931 1091 Credimus
1976 1040 2136 1093 etiam

571 1121 626 1172 in
679 1119 773 1174 Dei
811 1121 1041 1187 Filium,
1095 1127 1416 1194 unigenitum
1483 1127 1675 1191 Deum,
1735 1130 2133 1200 primogenitum

571 1213 739 1266 omnis
797 1224 1087 1278 rreaturte,
1152 1215 1352 1271 Filium
1413 1236 1587 1273 verum
1647 1237 1747 1273 non
1818 1223 2133 1292 ingenitum,

570 1321 686 1359 vere
744 1308 973 1376 genitum
1020 1319 1141 1364 ante
1191 1312 1387 1366 menta
1450 1330 1467 1366 :
1524 1333 1626 1369 non
1678 1316 1870 1387 absque
1919 1335 2139 1388 genera-

572 1398 709 1453 tione
774 1409 1051 1470 antequam
1103 1414 1270 1470 esset,
1337 1408 1666 1461 nominatum
1723 1408 1957 1475 Filium,
2016 1422 2137 1467 ante

568 1505 773 1543 onmem
818 1502 1122 1548 creaturam
1155 1499 1409 1566 genitum,
1464 1515 1568 1553 non
1615 1500 1927 1556 increatttm.
1974 1504 2134 1558 Arbi-

569 1588 686 1634 tror
730 1582 901 1636 solam
963 1584 1254 1640 verborum
1306 1588 1600 1643 citatorum
1664 1591 1953 1646 lectionem
2000 1594 2135 1648 satis

568 1671 734 1726 etiam
767 1674 974 1745 absque
1005 1685 1192 1731 nostra
1225 1681 1631 1735 examinatione
1670 1681 1836 1750 hujus
1865 1682 2134 1752 dogmatis

570 1763 903 1833 impietatem
963 1768 1274 1824 declarare:
1338 1785 1460 1824 nam
1523 1771 1945 1843 primogenitum
2005 1790 2129 1830 eum

2237 600 2374 648 σεως
2396 584 2558 638 αὐτοῦ
2611 585 3073 657 προστησάμενος,
3116 587 3210 638 καὶ
3255 586 3482 656 Χριστοῦ
3514 589 3661 658 ὸνομα
3686 592 3748 662 τῷ

2236 674 2439 745 εἰδώλῳ
2470 675 2710 746 θέμενος.

2309 768 2428 820 ’Ὁτι
2449 766 2505 820 δὲ
2536 766 2670 836 πρὸς
2696 766 2897 836 ταύτην
2927 766 3113 835 βλέπει
3135 767 3229 836 τὴν
3252 764 3481 819 διάνοιαν
3501 770 3552 820 ἐν
3572 773 3629 840 τῇ
3650 774 3750 841 περὶ

2235 858 2328 911 τοῦ
2346 856 2680 925 Μονογενοῦς
2712 857 2995 927 ὑπολήψει,
3017 856 3388 927 φανερώτερον
3418 858 3479 911 ἂν
3500 860 3679 927 γένοιτο
3699 863 3751 915 δι’

2235 944 2309 1003 ὧν
2336 948 2405 1001 τά
2434 950 2560 1022 περὶ
2579 949 2740 1002 αὐτοῦ
2766 949 2858 1002 τοῦ
2882 948 3215 1018 Μονογενοῦς
3234 949 3577 1021 διεξέρχεται,
3600 951 3751 1005 τοῦτον

2237 1039 2427 1109 ἔχοντα
2447 1039 2537 1091 τὸν
2560 1039 2758 1110 τρόπον
2778 1055 2792 1070 ο
2809 1040 3173 1107 Πιστεύομεν
3198 1038 3294 1091 καὶ
3310 1042 3394 1102 εἰς
3412 1040 3512 1092 τὸν
3526 1040 3620 1092 τοῦ
3636 1042 3752 1095 Θεοῦ

2248 1131 2402 1195 my,
2434 1130 2539 1184 τόν
2556 1127 2852 1200 μονογενῆ
2878 1131 3047 1196 Θεὸν,
3070 1132 3441 1198 πρωτότοκον
3462 1131 3642 1196 πάσης
3657 1134 3752 1184 κτί-

2238 1238 2411 1288 σεως,
2440 1223 2577 1275 Υίὸν
2592 1222 2899 1289 ἀληθινὸν,
2923 1224 3032 1276 οὐκ
3056 1222 3403 1290 ἀγέννητον,
3421 1221 3635 1287 ἀληθῶς
3652 1240 3755 1291 γεν-

2236 1317 2492 1385 νηθέντα
2518 1316 2630 1385 πρὸ
2667 1319 2896 1371 αἰώνων
2914 1357 2929 1380 ,
2951 1319 3059 1370 οὐκ
3082 1317 3228 1370 ἄνευ
3250 1314 3359 1383 τῆς
3385 1316 3493 1383 πρὸ
3516 1316 3609 1368 τοῦ
3632 1316 3753 1368 εἷναι

2237 1408 2574 1481 γεννήσεως
2594 1407 3026 1478 ὀνομαζόμενον
3037 1409 3191 1471 Υίὸν,
3208 1408 3318 1475 πρὸ
3336 1407 3529 1476 πάσης
3547 1411 3755 1475 κτίσεως

2236 1502 2575 1573 γενόμενον,
2594 1502 2704 1555 οὐκ
2721 1500 3024 1554 ἇκτιστον.
3043 1502 3099 1553 Ἀ
3106 1504 3254 1570 ρκείν
3269 1499 3400 1570 ἡγοῦ
3409 1518 3498 1569 μαι
3521 1501 3666 1570 μόνην
3678 1501 3754 1571 τήν

2238 1580 2541 1660 ἀνάγνωσιν
2568 1592 2680 1644 τῶν
2706 1591 3055 1655 ἐκτεθέντων,
3078 1592 3173 1645 καὶ
3223 1592 3345 1661 δίχα
3372 1591 3468 1661 τῆς
3496 1594 3613 1663 παρ’
3631 1593 3755 1662 ήμῶν

2235 1682 2533 1746 ἐξετάσεως
2576 1680 2886 1752 φανερῶσαι
2929 1679 3024 1733 τοῦ
3053 1680 3318 1751 δόγματος
3364 1683 3459 1751 τὴν
3506 1681 3752 1736 ἀσέϐειαν·

2236 1775 2573 1845 πρωτότοκον
2597 1774 2704 1845 γάρ
2719 1773 2888 1826 εἰπὼν
2922 1774 3107 1837 αὐτὸν,
3139 1775 3227 1827 ἵνα
3257 1774 3329 1844 μή
3360 1791 3478 1827 τινα
3508 1776 3609 1837 τοῖς
3631 1774 3755 1827 ἁκού-

570 1853 709 1908 dixit
741 1856 942 1925 ipsum,
979 1874 1047 1913 ne
1075 1859 1314 1929 aliquam
1343 1861 1691 1918 audientibus
1725 1863 2131 1935 ambiguitatem

2240 1883 2382 1919 ουσιν
2412 1864 2735 1935 ἀμφιϐολίαν
2778 1866 3053 1936 ἐμποιήσῃ
3090 1864 3184 1917 τοῦ
3218 1867 3292 1936 μὴ
3326 1861 3460 1919 εἶναι
3492 1866 3638 1919 αὐτὸν
3660 1883 3754 1918 κτι-

577 1944 953 2014 ingeneraret,
1001 1948 1179 2017 ipsum
1213 1963 1321 2003 non
1357 1964 1480 2004 esse
1525 1958 1767 2005 creatum
1808 1952 2134 2023 ;subjunxit

570 2038 835 2092 continuo
897 2054 997 2091 non
1018 2040 1322 2127 incred/um,
1372 2057 1440 2095 ne
1471 2041 1764 2112 aliquando
1794 2041 1915 2098 Filii
1964 2044 2134 2114 signi-

569 2130 845 2196 ficatione,
868 2142 928 2187 ut
957 2136 1114 2196 solet,
1147 2145 1326 2189 mente
1348 2144 1629 2206 percepta,
1664 2138 1753 2207 pia
1781 2138 1962 2208 aliqua
1984 2138 2134 2193 notio

570 2222 625 2275 in
658 2223 997 2278 audientium
1024 2225 1222 2280 animis
1255 2225 1628 2282 insereretur:
1690 2227 1796 2285 hac
1848 2229 1914 2284 de
1964 2245 2132 2284 causa

569 2316 695 2369 cum
741 2316 794 2370 in
838 2317 1032 2388 primis
1069 2316 1161 2372 Dei
1207 2318 1426 2381 Filium,
1468 2328 1521 2374 et
1573 2321 1908 2391 unigenitum
1963 2320 2131 2377 Deum

570 2407 861 2464 confessus
905 2419 1074 2474 esset,
1114 2411 1377 2465 continuo
1423 2428 1521 2479 per
1556 2428 1617 2466 ea
1669 2429 1791 2482 quae
1828 2413 2135 2468 inferuntur

568 2508 806 2553 mentem
840 2499 1147 2556 auditorum
1194 2516 1220 2554 a
1276 2503 1364 2571 pia
1411 2503 1668 2573 opinione
1712 2503 1780 2557 ad
1825 2504 2133 2559 hatreticam

568 2588 987 2659 intelligentiam
1019 2607 1304 2662 perperam
1350 2594 1562 2649 avertit.
1607 2593 1709 2660 Qui
1739 2595 1884 2649 enim
1931 2596 2135 2652 audivit

567 2679 769 2736 Filium
802 2680 898 2737 Dei
926 2692 980 2737 et
1013 2684 1356 2754 unigenitum
1391 2685 1582 2749 Deum,
1621 2688 1935 2743 necessario
1958 2689 2024 2743 ad
2058 2691 2135 2742 al—

568 2772 735 2827 tiores
762 2773 1167 2844 speculationes
1196 2777 1445 2846 erigitur,
1470 2792 1568 2847 per
1596 2778 1790 2832 harum
1817 2793 2009 2833 vocum
2030 2780 2136 2848 sig-

568 2867 935 2921 niﬁcationem
972 2870 1130 2937 quasi
1169 2885 1331 2922 manu
1374 2870 1602 2933 ductus,
1655 2870 1799 2941 quod
1840 2872 1988 2926 nulla
2037 2888 2136 2926 na-

570 2971 705 3014 turae
729 2959 1036 3014 diﬂ'erentia
1069 2962 1137 3016 ab
1166 2961 1268 3015 hac
1308 2978 1459 3025 voce,
1495 2961 1658 3031 Deus,
1701 2972 1755 3018 et
1785 2964 1852 3017 ab
1882 2963 1984 3018 hac
2014 2962 2134 3018 Filii

570 3050 971 3120 signiﬁcatione
1016 3052 1456 3107 suhinsinuetur.
1490 3052 1773 3119 Quomodo
1819 3054 1964 3109 enim
2004 3055 2133 3126 quid

2238 1955 2379 2017 στὸν,
2421 1955 2694 2024 ἐπήγαγεν
2714 1953 2875 2015 εὐθὺς
2901 1953 2961 2005 τὸ
2989 1955 3097 2006 οὐκ
3118 1952 3421 2015 ἄκτιστον,
3454 1954 3533 2005 ἵνα
3561 1954 3626 2023 μή
3651 1971 3753 2005 ποτε

2233 2049 2331 2118 τῆς
2358 2046 2452 2099 τοῦ
2485 2045 2613 2098 Υἱοῦ
2645 2045 2917 2116 σημασίας
2954 2045 3028 2109 ώς
3062 2046 3271 2113 πέφυκε
3315 2045 3601 2116 νοηθείσης,
3630 2046 3753 2097 εὐσε-

2236 2140 2327 2203 ϐές
2368 2157 2420 2191 τι
2470 2138 2599 2209 περὶ
2621 2137 2783 2191 αὐτοῦ
2810 2138 2985 2208 νόημα
3012 2140 3122 2201 τοῖς
3156 2138 3445 2209 ἀκηκοόσιν
3475 2138 3754 2206 ἐγγένηταγ

2233 2233 2422 2285 τούτου
2449 2232 2606 2303 χάριν
2637 2233 2975 2303 ὁμολογήσας
3008 2233 3063 2285 ἐν
3108 2229 3345 2302 πρώτοις
3372 2231 3495 2284 Υίὸν
3520 2230 3659 2291 Θεοῦ,
3686 2229 3758 2282 καὶ

2238 2323 2495 2392 μονογενῆ
2544 2321 2693 2384 Θεὸν,
2732 2320 2891 2384 εὐθὺς
2915 2320 3000 2374 διὰ
3039 2322 3146 2373 τῶν
3189 2322 3583 2391 ἐπιφερομένων
3610 2336 3756 2390 παρα-

2233 2414 2421 2486 τρέπει
2437 2414 2543 2467 τῶν
2562 2413 2864 2467 ἀκουόντων
2887 2413 2985 2483 τὴν
3004 2412 3231 2482 γνώμην
3244 2415 3378 2484 πρὸς
3402 2413 3494 2483 τὴν
3516 2411 3756 2484 αίρετικὴν

2234 2506 2472 2560 διάνοιαν
2498 2500 2604 2558 ἀπὸ
2634 2504 2732 2574 τῆς
2764 2502 3017 2566 εὐσεϐοῦς
3050 2503 3388 2573 ὑπολήψεως.
3421 2503 3478 2555 '0
3506 2502 3605 2572 γὰρ
3634 2500 3759 2555 ἀκού-

2238 2615 2335 2659 σας
2365 2598 2490 2649 Υἱὸν
2521 2596 2679 2657 Θεοῦ,
2720 2596 2812 2648 καὶ
2838 2595 3095 2665 μονογενῆ
3128 2595 3283 2653 Θεὸν,
3326 2594 3618 2663 ἀναγκαίως
3649 2593 3759 2663 πρὸς

2235 2689 2332 2752 τὰς
2363 2688 2695 2758 ὑψηλοτέρας
2725 2687 2989 2757 ἐμφάσεις
3026 2686 3307 2755 ἀνάγεται,
3332 2686 3418 2738 διά
3450 2686 3540 2754 τῆς
3559 2684 3652 2736 τῶν
3674 2700 3757 2751 φω-

2237 2780 2342 2834 νῶν
2367 2780 2568 2833 τούτων
2592 2778 2859 2850 σημασίας
2879 2778 3404 2850 χειραγωγούμενος,
3434 2777 3507 2847 τῷ
3532 2774 3759 2846 μηδεμίαν

2238 2872 2448 2941 φύσεως
2472 2870 2731 2942 διαφορὰν
2778 2869 2882 2923 ὐπὸ
2918 2870 3013 2939 τῆς
3052 2869 3185 2932 Θεὸς
3214 2869 3414 2939 φωνῆς,
3441 2868 3530 2922 καὶ
3558 2865 3649 2919 ὐπὸ
3681 2865 3758 2933 τῆς

2240 2965 2509 3036 σημασίας
2533 2963 2625 3017 τοῦ
2664 2962 2795 3016 Υίοῦ
2835 2961 3287 3033 παρεισάγεσθαι.
3318 2961 3438 3025 Πῶς
3479 2960 3577 3029 γὰρ
3606 2957 3663 3011 ἂν
3687 2956 3758 3010 ἄλ-

2234 3057 2296 3110 λο
2325 3075 2377 3109 τι
2413 3055 2563 3126 παρὰ
2592 3055 2689 3125 τὴν
2716 3054 2808 3107 τοῦ
2843 3054 3053 3124 Πατρὸς
3092 3053 3311 3125 νοηθείη
3350 3054 3502 3121 φύσιν
3534 3047 3758 3118 ὁάληθῶς

570 3143 716 3196 aliud
750 3151 946 3211 praater
966 3141 1145 3198 Patris
1168 3152 1424 3197 naturam
1462 3145 1873 3214 intelligeretur,
1905 3146 1998 3216 qui
2038 3162 2133 3202 ve-

2240 3147 2370 3201 Θεοῦ
2427 3148 2553 3211 Υἱὸς
2616 3145 2710 3211 ὢν,
2769 3146 2859 3199 καὶ
2919 3145 3079 3209 αὐτὸς
3120 3144 3254 3207 Θεὸς
3287 3142 3396 3207 ὤν;
3441 3140 3568 3193 Ἀλλ’
3602 3141 3673 3192 ἵνα

566 3252 629 3293 re
659 3237 751 3291 Dei
781 3236 952 3293 Filius
974 3247 1079 3299 est,
1101 3246 1154 3293 et
1184 3238 1274 3305 qui
1303 3238 1418 3307 ipse
1448 3236 1592 3292 Deus
1621 3239 1742 3293 est?
1764 3237 1871 3294 Sed
1892 3254 1960 3293 ne
1980 3240 2134 3309 prius

570 3329 626 3383 in
680 3329 989 3383 auditorum
1035 3329 1295 3383 cordibus
1345 3344 1441 3398 per
1486 3329 1601 3383 haec
1640 3330 1863 3383 nomina
1914 3330 2135 3400 pietatis

570 3421 821 3474 notiones
852 3420 1257 3489 imprimantur,
1292 3420 1474 3474 statim
1513 3420 1641 3474 dicit
1667 3428 1929 3475 creatura:
1958 3424 2135 3492 ipsum

570 3509 1029 3580 primogenitum;
1071 3525 1177 3564 non
1203 3510 1409 3580 absque
1452 3513 1804 3581 generatione
1846 3522 2136 3583 antequam

571 3610 738 3667 esset,
780 3603 1121 3656 nominatum
1154 3601 1350 3656 Filium
1372 3642 1386 3664 ,
1423 3611 1551 3656 ante
1581 3618 1794 3658 omnem
1828 3614 2137 3660 creaturam

572 3695 836 3767 genitum,
877 3709 984 3747 non
1014 3694 1337 3747 increatum.
1374 3693 1446 3747 Ut
1475 3694 1641 3763 igitur
1665 3694 2011 3751 manifestum
2048 3697 2140 3751 fiat

573 3788 876 3861 improbum
908 3788 1073 3842 istum
1110 3794 1166 3842 et
1194 3796 1496 3852 versutum,
1522 3787 1620 3841 has
1645 3803 1806 3843 voces
1822 3788 2026 3857 primas
2042 3803 2141 3859 pro

575 3881 829 3936 illecebra
856 3880 1175 3934 hominibus
1208 3879 1553 3948 pretendere,
1585 3887 1644 3933 ut
1682 3894 1946 3934 venenum
1991 3895 2139 3934 mor-

573 3976 794 4029 tiferum
836 3972 1003 4027 veluti
1029 3971 1266 4041 quodam
1310 3970 1468 4025 melle
1494 3970 1930 4041 religiosioribus
1966 3971 2141 4025 nomi-

574 4068 737 4121 nibus
766 4065 1075 4121 edulcatum
1108 4062 1412 4132 accipiatur
1438 4079 1452 4127 ;
1490 4063 1772 4131 paululum
1806 4063 1860 4116 in
1891 4062 1993 4116 hoc
2019 4078 2139 4117 ser-

577 4173 740 4213 mone
795 4171 1218 4211 commoremur.
1261 4154 1395 4221 Quis
1452 4170 1563 4209 non
1628 4155 1773 4210 videt
1827 4165 2027 4226 quanta
2069 4157 2141 4211 sit

574 4246 831 4318 unigeniti
880 4248 947 4301 ad
982 4247 1406 4317 primogenitum
1441 4246 1742 4300 secundum
1779 4246 1833 4300 id
1864 4247 2006 4316 quod
2040 4247 2142 4317 sig-

581 4339 850 4402 niﬁcatur,
881 4337 1228 4392 differentia?
1263 4335 1447 4408 Neque
1484 4338 1627 4390 enim
1660 4337 1973 4407 unigenitus
2016 4352 2140 4392 cum

576 4431 841 4486 fratribus
886 4430 1230 4501 intelligitur,
1272 4446 1445 4498 neque
1476 4430 1595 4486 sine
1634 4428 1895 4486 fratribus
1938 4429 2141 4499 primo-

2237 3241 2415 3310 φθάσῃ
2442 3243 2559 3302 ταῖς
2586 3238 2829 3309 καρδίαις
2850 3236 2957 3290 τῶν
2982 3238 3296 3309 ἀκηκοότων
3326 3233 3669 3302 ἐντυπωθῆναι
3689 3229 3758 3280 διὰ.

2235 3334 2343 3387 τῶν
2367 3332 2642 3401 ὀνομάτων
2658 3329 2858 3384 τούτων
2885 3328 2953 3382 τὰ
2984 3330 3079 3398 τῆς
3111 3328 3392 3391 εὐσεϐείας
3415 3327 3659 3396 νοήματα,
3687 3320 3759 3372 εὖ·

2238 3424 2332 3489 θύς
2358 3424 2525 3492 λέγει,
2554 3422 2781 3484 κτίσεως
2823 3419 2982 3473 αὐτὸν
3010 3419 3350 3489 πρωτότοκον
3372 3435 3384 3447 ·
3412 3418 3507 3470 οὐκ
3545 3415 3657 3469 ἄνευ
3680 3410 3759 3477 τῆς

2239 3517 2343 3588 πρὸ
2366 3516 2455 3569 τοῦ
2479 3511 2615 3568 εἶναι
2647 3514 2951 3584 γεννήσεως
2978 3510 3375 3582 ὀνομαζόμενον
3405 3510 3545 3569 Υίδν,
3575 3504 3667 3577 πρὸ
3684 3502 3761 3554 πά-

2240 3627 2338 3679 σης
2392 3609 2619 3671 κτίσεως
2670 3607 2971 3676 γινόμενον,
3015 3605 3115 3656 οὐκ
3168 3603 3438 3657 ἄκτιστον.
3480 3600 3560 3660 Ὠς
3590 3597 3647 3649 ἂν
3685 3588 3759 3644 οὖν

2240 3702 2431 3772 φανείη
2462 3700 2554 3754 καὶ
2597 3699 2694 3761 τὰς
2716 3696 2936 3768 πρώτας
2976 3695 3156 3764 φωνάς
3184 3695 3213 3747 6
3250 3693 3544 3763 κακοῦργος
3562 3687 3665 3741 ἀντὶ
3685 3684 3758 3735 δε-

2237 3792 2537 3863 λεάσματος
2565 3792 2675 3852 τοῖς
2716 3788 3021 3860 ἀνθρώποις
3068 3787 3386 3858 προτείνων,
3426 3784 3556 3837 ὥστε
3608 3792 3756 3846 παρα-

2238 3884 2488 3956 δεχθῆναι
2522 3885 2583 3936 τὸ
2606 3883 2948 3955 δηλητήριον,
2986 3874 3096 3932 οἷόν
3121 3896 3228 3932 τινι
3262 3879 3432 3948 μέλιτι
3456 3877 3559 3936 τοῖς
3578 3867 3758 3924 εὐσεϐε-

2242 3976 2451 4047 στέροις
2503 3975 2727 4043 ὀνόμασι
2801 3972 3218 4041 γλυκαινόμενον
3246 3986 3261 4002 ο
3315 3967 3501 4039 μικρὸν
3536 3962 3606 4032 τῷ
3645 3959 3761 4057 λόῖίῑ)

2241 4065 2766 4139 προσδιατρίψωμεν.
2807 4064 2902 4127 Τίς
2935 4065 3033 4116 οὐκ
3059 4057 3197 4115 οἶδεν
3224 4063 3322 4133 ὅση
3353 4059 3443 4112 τοῦ
3490 4064 3761 4126 μονογενους

2242 4158 2375 4227 πρὸς
2406 4157 2495 4207 τὸν
2550 4154 2889 4225 πρωτότοκον
2919 4155 2950 4222 ή
3001 4152 3140 4205 κατὰ
3167 4151 3230 4204 τὸ
3271 4144 3642 4219 σημαινόμενόν
3667 4141 3760 4190 ἐστι

2240 4249 2501 4318 διαφοράς
2534 4244 2669 4298 Οὐτε
2703 4245 2809 4313 γὰρ
2833 4242 3123 4314 μονογενὴς
3150 4242 3290 4311 μετὰ
3325 4236 3555 4306 ἀδελφῶν
3576 4233 3758 4287 νοεῖται,

2241 4338 2362 4392 οὐτε
2392 4338 2559 4407 χωρὶς
2585 4336 2826 4404 ἀδελφῶν
2857 4337 2884 4388 6
2920 4334 3265 4406 πρωτότοκος
3286 4349 3299 4362 ’
3350 4330 3457 4384 ἀλλ’
3478 4330 3504 4381 6
3526 4325 3613 4397 μὲν
3642 4336 3751 4390 πρω

2242 4430 2476 4494 τότοκος,
2512 4427 2951 4498 μονογενὴς-οὐκ
3008 4424 3187 4477 ἐστιν·
3241 4420 3477 4491 ἀδελφῶν
3529 4416 3625 4485 γάρ
3667 4414 3760 4462 ἐστι

574 4524 827 4592 genitus;
882 4521 976 4577 sed
1029 4522 1429 4592 primogenitus
1495 4523 1810 4591 unigenitus
1870 4536 1976 4575 non
2032 4530 2137 4583 est,

2244 4524 2459 4584 πάντως
2478 4504 2835 4592 πρωτότοκος·
2855 4520 2883 4571 6
2900 4517 2955 4570 δὲ
2987 4518 3278 4587 μονογενὴς
3301 4512 3513 4581 ἀδελφὸν
3534 4510 3626 4562 οὐκ
3645 4504 3735 4574 ἔχει
3748 4516 3760 4531 ο

577 4616 806 4670 fratrum
831 4614 977 4668 enim
1016 4622 1098 4669 est
1119 4628 1347 4683 prorsus
1370 4613 1796 4683 primogenitns:
1829 4613 2141 4682 unigenitus

576 4723 705 4765 vero
765 4707 987 4762 fratrem
1024 4721 1132 4759 non
1197 4705 1401 4759 habet:
1462 4721 1570 4759 non
1630 4706 1776 4759 enim
1827 4705 2142 4773 unigenitus

576 4808 745 4861 esset,
804 4799 850 4853 si
903 4813 1025 4851 cum
1083 4796 1350 4849 fratribus
1405 4805 1808 4850 numeraretur.
1849 4794 2139 4860 Praeterea,

574 4893 734 4960 cujus
757 4890 1014 4945 essentia:
1047 4888 1244 4942 fuerint
1270 4888 1468 4942 fratres
1501 4888 1867 4958 primogeniti,
1895 4886 2137 4956 ejusdem

573 4984 798 5037 omnino
830 4982 934 5036 erit
968 4982 1129 5034 etiam
1156 4980 1571 5050 primogenitus.
1618 4978 1806 5048 Neque
1838 4979 1939 5033 hoc
1963 4980 2139 5033 solum

576 5077 677 5130 hac
706 5089 840 5129 voce
863 5073 1224 5144 signiﬁcatur,
1252 5071 1344 5127 sed
1367 5072 1529 5127 etiam
1549 5071 1692 5142 quod
1720 5071 1788 5124 ab
1815 5072 2000 5125 eodem
2023 5086 2145 5124 esse

576 5169 759 5229 habet,
810 5168 1035 5238 ipseque
1082 5168 1567 5238 primogenitus.et
1597 5167 1690 5235 qui
1714 5175 1835 5236 post
1870 5167 2019 5219 illum
2055 5180 2146 5233 ge-

577 5260 677 5315 niti
712 5271 859 5323 sunt,
897 5260 1031 5314 nihil
1055 5260 1412 5329 primogenito
1443 5258 1506 5312 ad
1526 5258 1927 5327 generationem
1956 5272 2144 5312 eorum

579 5354 670 5422 qui
710 5352 965 5420 deinceps
990 5360 1290 5406 nascuntur
1321 5349 1640 5405 conferente
1671 5366 1683 5401 :
1719 5351 1792 5404 ita
1824 5358 1883 5405 ut
1915 5365 2011 5420 per
2034 5349 2146 5402 haec

581 5460 685 5497 vox
730 5442 958 5497 Joannis
996 5442 1131 5497 falsa
1163 5458 1287 5497 esse
1347 5449 1715 5505 astrueretur,
1754 5458 1876 5511 qua:
1917 5448 2148 5498 testatur

583 5535 725 5605 quod
769 5536 951 5589 omnia
984 5551 1079 5605 per
1104 5536 1279 5605 ipsum
1318 5534 1461 5589 facta
1485 5535 1595 5588 sint
1625 5534 1668 5565 ιι
1712 5535 1796 5589 :si
1847 5534 1989 5589 enim
2039 5530 2149 5602 pti-

585 5626 895 5697 mogenitus
925 5634 1030 5688 est,
1090 5628 1204 5682 sola
1241 5628 1505 5699 temporis
1556 5628 1909 5698 praerogativa
1948 5626 2015 5681 ab
2063 5625 2149 5680 his

694 5803 739 5833 “
795 5803 951 5863 Joan.
1012 5819 1053 5871 ι,
1106 5805 1159 5859 5.

2246 4618 2305 4669 οὐ
2326 4616 2432 4685 γὰρ
2469 4613 2532 4667 ἂν
2561 4612 2643 4683 εἴη
2705 4610 2994 4681 μονογενὴς
3031 4612 3087 4662 ἐν
3113 4609 3361 4677 ἀδελφοῖς
3396 4602 3759 4685 ἀριθμούμενος-

2246 4677 2357 4753 Rati.
2386 4677 2464 4751 ἔτι
2494 4677 3080 4769 πρὸς’τούτοις,ἦσπερ
3110 4694 3175 4747 ἂν
3204 4693 3387 4756 οὐσίας
3418 4686 3541 4744 ὦσιν
3566 4687 3610 4739 οἱ
3640 4677 3765 4735 ἀδελ·

2248 4794 2337 4861 φοὶ
2368 4791 2458 4844 τοῦ
2490 4790 2855 4861 πρωτοτόκου,
2901 4788 3000 4857 τῆς
3048 4786 3214 4856 αὐτῆς
3268 4786 3415 4838 ἔσται
3464 4783 3652 4837 πάντως
3689 4770 3764 4825 καὶ

2245 4887 2274 4939 6
2305 4884 2663 4957 πρωτότοκος.
2696 4882 2803 4934 Καὶ
2827 4881 2885 4933 οὐ
2900 4880 3054 4933 τοῦτο
3076 4880 3233 4949 μόνον
3254 4880 3357 4933 ὐπὸ
3373 4879 3464 4945 τῆς
3481 4872 3639 4943 φωνῆς
3657 4863 3762 4957 ταύ-

2245 4954 2713 5048 τηςγσημαίνεται,
2747 4972 2859 5025 ἀλλ’
2888 4974 2967 5025 ὅτι
2998 4973 3090 5025 καὶ
3121 4970 3271 5043 παρά
3293 4970 3383 5022 τοῦ
3408 4963 3560 5020 αὐτοῦ
3578 4961 3631 5013 τὸ
3649 4954 3762 5009 εἶναι

2247 5070 2380 5138 ἔχει,
2414 5067 2573 5129 αὐτός
2599 5082 2658 5117 τε
2688 5068 2715 5117 6
2744 5065 3101 5135 πρωτότοκος,
3135 5064 3227 5115 καὶ
3268 5062 3315 5114 οἱ
3350 5058 3457 5131 μετ’
3485 5055 3664 5107 ἐκεῖνον
3685 5061 3761 5113 γε·

2247 5160 2493 5229 νόμενοι·
2542 5157 2691 5210 οὐδὲν
2750 5155 2840 5208 τοῦ
2883 5154 3226 5224 πρωτοτόκου
3271 5152 3402 5222 πρὸς
3441 5146 3529 5217 τὴν
3552 5142 3761 5229 γέννησιξ

2247 5228 2355 5303 τῶν
2382 5248 2575 5318 ἐφεξῆς
2596 5245 3052 5314 συνεισφέροντος.
3087 5245 3173 5305 Ὠς
3192 5242 3276 5295 διὰ
3302 5238 3494 5293 τούτων
3520 5228 3668 5302 ψευδῆ
3683 5237 3759 5274 του

2263 5342 2505 5396 Ἰωάννου
2524 5342 2624 5410 τὴν
2647 5339 2828 5408 φωνὴν
2850 5334 2987 5391 εἶναι
3012 5331 3516 5397 κατασκευάζεσθαι,
3537 5326 3622 5393 τὴν
3644 5331 3758 5410 μαρ-

2252 5433 2518 5505 τυροῦσαν
2544 5407 2623 5486 ὅτι
2652 5407 2825 5485 πάντα
2840 5431 2905 5482 δι’
2934 5429 3098 5483 αὐτοῦ
3126 5428 3354 5497 ἐγένετο.
3384 5425 3441 5476 Ei
3462 5419 3560 5489 γάρ
3585 5407 3761 5515 πραξό-

2254 5504 2404 5590 τοκός
2438 5528 2603 5587 ἐστιν,
2642 5523 2821 5593 μόνοις
2850 5524 2961 5586 τοῖς
2990 5522 3128 5575 κατὰ
3168 5520 3256 5571 τὸν
3287 5517 3467 5589 χρόνον
3497 5504 3759 5593 πρεσϐείυες

2252 5618 2362 5671 τῶν
2397 5618 2508 5687 μετ’
2542 5590 2702 5669 αὐτὸν
2739 5616 3035 5683 γεγονότων
3078 5611 3316 5681 διαφέρει
3367 5605 3565 5661 πάντως
3588 5613 3599 5624 ’
3630 5590 3757 5648 ἄλλου
