3922 6478
196 337 281 389 alii
1308 332 1584 389 CONTRA
1618 333 1760 392 EUN

1864 334 2009 403 IUM,
2044 336 2167 393 ΜΒ.
2201 336 2264 395 Il.

3305 300 3410 396 ιιι

194 449 327 509 ὄντος
364 445 430 499 δι’
472 436 538 499 οὗ
587 447 676 499 καὶ
725 463 900 518 τούτῳ
941 447 1034 499 καῖ⁵
1078 448 1185 510 τοῖς
1229 446 1432 511 λοιποῖς
1462 449 1496 518 ἡ
1532 446 1668 518 πρὸς
1686 446 1748 501 τὸ

1864 448 1944 519 ιιιί
1966 456 2153 519 postea
2188 457 2315 504 sunt
2347 447 2516 518 geniti
2549 448 2706 517 plane
2743 446 2948 515 dill‘ert,
2975 465 3111 505 cum
3131 447 3202 506 sit
3233 451 3413 513 alius.

196 536 313 593 εἶναι
339 538 524 605 γέγονε
544 538 790 609 δύναμις.
834 538 971 592 Ἀλλ’
1007 538 1082 601 ὡς
1121 537 1185 591 ἂν
1217 540 1289 609 μή
1315 557 1419 592 τινι
1444 537 1552 591 τῶν
1582 556 1745 593 συκο-

196 628 512 699 φαντούντων
554 630 807 683 ὑπόνοιαν
837 628 1076 699 δοίημεν,
1109 629 1182 692 ὼς
1219 630 1292 699 μὴ
1320 629 1745 700 παραδεχόμενοι

192 722 274 785 τὰς
307 721 693 785 θεοπνεύστους
723 723 905 790 φωνάς
929 722 995 774 δι’
1014 715 1088 774 ὧν
1113 721 1460 791 ὲνιστάμεθα,
1484 721 1749 793 πρότερον

192 812 274 881 τὴν
294 811 564 881 ἡμετέραν
597 811 828 864 διάνοιαν
861 812 928 882 ἢν
965 812 1162 882 ἔχομεν
1188 812 1442 882 περὶτῶν
1470 812 1750 883 ὀνομάτων

192 903 370 955 τούτων
397 901 831 972 παραθησόμεθα
851 918 866 933 ’
893 897 991 955 εἶθ’
1014 901 1155 956 οὕτω
1196 902 1295 972 τὴν
1348 902 1444 955 τοῦ
1482 902 1749 972 βελτίονος

192 994 350 1065 κρίσιν
366 996 478 1056 τοῖς
501 994 877 1063 ἀκροωμένοις
902 994 1295 1064 προσθήσομεν.
1314 994 1370 1047 '0
1403 994 1575 1063 μέγας
1606 989 1752 1047 Παῦ-

192 1085 265 1148 λος
294 1084 442 1146 εἰδὼς
469 1086 555 1137 ὅτι
592 1084 790 1147 παντὸς
836 1082 1042 1152 ἀγαθοῦ
1099 1083 1340 1154 ἀρχηγός
1359 1101 1418 1136 τε
1453 1084 1547 1137 καὶ
1579 1084 1751 1147 αττιος

189 1176 522 1245 όμονογενής
564 1178 682 1228 ἐστι
724 1175 878 1238 Θεὸς,
912 1178 940 1229 ό
966 1177 1023 1229 ἐν
1062 1178 1196 1228 πᾶσι
1230 1174 1546 1246 πρωτεύων,
1581 1192 1751 1245 προσ-

194 1268 436 1337 μαρτυρεῖ
486 1266 641 1336 αὐτῷ
693 1268 754 1320 τὸ
791 1268 864 1338 μὴ
906 1267 1065 1337 μόνον
1101 1266 1200 1338 τὴν
1235 1267 1345 1321 τῶν
1376 1267 1544 1319 όντων
1575 1268 1753 1320 κτίσιν

189 1359 243 1412 δι’
276 1359 479 1411 ἐκείνου
525 1359 807 1426 γενέσθαι,
844 1360 957 1414 ἀλλ’
1002 1360 1084 1413 ὅτι
1131 1360 1231 1430 τῆς
1259 1359 1493 1431 ἀρχαίας
1521 1358 1629 1412 τῶν
1660 1359 1755 1413 ἀν-

193 1452 402 1524 θρώπων
432 1454 672 1518 κτίσεως
705 1456 1108 1527 παλαιωθείσης
1128 1473 1187 1509 τε
1215 1456 1309 1509 καὶ
1347 1455 1753 1524 ἀφανισθείσης,

190 1544 350 1607 καθὼς
394 1545 570 1608 αὐτὸς
621 1545 899 1617 ὀνομάζει,
931 1546 1099 1618 ἄλλης
1130 1548 1184 1602 δὲ
1212 1548 1404 1618 καινῆς
1442 1550 1670 1611 κτίσεως
1699 1549 1757 1600 ὲν

191 1635 386 1706 Χριστῷ
439 1639 769 1709 γενομένης,
808 1641 929 1693 οὐδὲ
957 1640 1165 1711 ταύτης
1200 1640 1358 1705 ἄλλος
1401 1658 1484 1702 τις
1513 1639 1755 1711 καθηγή-

191 1743 298 1779 σατο
325 1744 338 1757 ·
379 1728 520 1782 ἀλλά
547 1731 730 1801 πάσης
771 1731 866 1802 τῆς
893 1731 980 1784 διὰ
1021 1731 1113 1784 τοῦ
1158 1731 1486 1800 Εὑαγγελίου
1529 1732 1637 1784 τῶν
1664 1733 1757 1785 ἀν.-

1850 556 1948 610 per
1967 556 2127 610 quem
2154 548 2209 595 et
2253 540 2381 594 huic
2411 547 2465 594 et
2493 540 2720 610 reliquis
2746 540 2868 601 fuit,
2905 549 2962 594 ιιι
2995 550 3205 603 essent.
3256 552 3415 611 pote-

1849 638 1983 686 stas.
2023 630 2129 685 Sed
2174 647 2240 686 ne
2268 630 2357 685 cui
2397 645 2585 684 eorum
2619 631 2712 701 qui
2752 631 3077 686 calumniari
3108 634 3286 687 solent
3325 649 3418 688 su-

1862 721 2110 791 spicandi
2170 722 2515 777 occasionem
2576 721 2803 783 demus,
2873 722 3017 791 quod
3077 736 3107 776 a
3176 724 3284 778 Deo
3333 725 3418 778 in.

1862 813 2097 883 spiratas
2122 828 2284 867 voces
2313 829 2424 867 non
2455 814 2814 877 admittimus,
2844 828 2982 882 quas
3010 821 3200 868 contra
3237 816 3420 869 insur-

1853 902 2054 972 gimus.
2100 902 2253 972 prius
2306 910 2547 957 nostram
2583 902 2931 969 sententiam,
2982 918 3144 973 quam
3213 904 3280 959 de
3334 904 3419 959 his

1853 993 2171 1050 nominibus
2198 995 2485 1058 habemus,
2517 1009 2877 1064 apponemus,
2908 994 3104 1050 deinde
3125 996 3203 1050 sic
3224 995 3420 1049 melio-

1851 1086 1930 1140 ris
1964 1085 2233 1155 judicium
2274 1086 2622 1141 audientibus
2646 1084 2985 1154 adjiciemus.
3018 1086 3246 1158 Magnus
3278 1087 3423 1140 Pau-

1854 1178 1961 1241 lus,
2006 1179 2187 1234 sciens
2214 1180 2356 1247 quod
2388 1179 2568 1234 omnis
2628 1179 2756 1234 boni
2800 1180 3056 1249 princeps
3113 1189 3167 1234 et
3230 1189 3423 1233 auctor

1856 1268 2178 1340 Unigenitus
2204 1278 2283 1324 est
2306 1268 2466 1334 Deus,
2497 1270 2589 1338 qui
2608 1271 2663 1324 in
2682 1272 2931 1325 omnibus
2954 1271 3159 1339 primas
3181 1278 3326 1325 tenet
3355 1272 3419 1330 ".

1856 1366 2184 1421 attestatur,
2242 1374 2349 1412 non
2403 1359 2577 1414 solum
2634 1374 2823 1414 eorum
2890 1374 3013 1428 quae
3067 1367 3224 1424 sunt,
3281 1374 3426 1414 crea—

1862 1452 2066 1507 tionem
2101 1466 2198 1521 per
2247 1451 2399 1505 illum
2453 1451 2650 1505 factam
2685 1467 2826 1513 esse.
2881 1450 2975 1505 sed
3007 1452 3153 1522 quod
3199 1453 3424 1521 antiqua

1858 1542 2137 1597 hominum
2194 1542 2473 1596 creatione
2518 1550 2897 1597 veterascente
2922 1550 2977 1596 et
3034 1550 3421 1606 evanesrente,

1858 1635 2141 1704 sicutipse
2176 1635 2441 1699 nominat,
2469 1634 2571 1687 alia
2609 1649 2747 1689 nova
2789 1635 2841 1687 in
2876 1633 3097 1689 Christo
3143 1635 3428 1690 creatione

1861 1725 2025 1789 facta,
2084 1725 2269 1779 nullus
2309 1724 2451 1780 alius
2490 1724 2653 1794 bujus
2705 1724 2805 1780 fuit
2841 1726 2947 1780 dux
2991 1734 3046 1781 et
3084 1736 3292 1792 auctor,
3330 1726 3427 1781 sed

192 1815 399 1888 θρὼπων
420 1819 733 1890 γενομένης
775 1820 1021 1883 κτίσεως,
1058 1820 1218 1884 αὐτός
1249 1822 1395 1872 ἐστιν
1424 1822 1453 1873 ό
1484 1821 1757 1890 πρωτότο-

1864 1819 2060 1885 omnis,
2105 1833 2226 1888 quae
2265 1832 2363 1887 per
2405 1816 2759 1889 Evangelium
2804 1817 2947 1872 facta
2978 1829 3084 1880 est,
3133 1821 3429 1875 creationis

190 1927 287 1973 κος.
314 1911 421 1967 Καὶ
480 1912 565 1975 ὡς
609 1912 674 1965 ἂν
711 1914 1041 1985 σαφέστερον
1073 1914 1283 1982 γένοιτο
1313 1914 1375 1968 τὸ
1407 1910 1534 1985 περὶ
1569 1913 1755 1968 τούτου

191 2002 363 2072 νόημα.
386 2004 599 2056 οὑτωσὶ
635 2005 726 2057 τὸν
753 2004 907 2073 λόγον
935 2006 1332 2077 διαληψόμεθαο
1362 2007 1628 2077 Τετράκις
1660 2007 1759 2076 τῆς

192 2089 348 2158 amvi};
368 2090 587 2162 ταύτης
619 2092 887 2163 μέμνηται
909 2094 937 2146 ό
954 2094 1092 2158 θεῖος
1109 2096 1427 2159 ’Δπόστολος
1447 2112 1459 2127 ·
1492 2096 1638 2160 ἅπαξ
1660 2097 1759 2168 μὲν

190 2179 339 2245 οὕτως
363 2182 543 2236 εἰπών
566 2203 579 2214 ·
608 2186 689 2237 ὅτι
720 2188 1096 2254 Πρωτότοκος
1124 2187 1325 2255 πάσης
1344 2191 1593 2255 κτίσεως
1611 2207 1624 2220 ’
1650 2190 1753 2243 πά-

193 2273 260 2325 λιν
278 2275 329 2327 δὲ
346 2277 427 2329 ὅτι
452 2278 838 2345 Πρωτότοκος
854 2280 923 2331 ἐν
943 2280 1195 2345 πολλοῖς
1211 2281 1494 2350 ἀδελφοῖς
1509 2300 1521 2311 ·
1554 2284 1617 2335 ἐκ
1640 2282 1758 2352 τρί-

192 2380 269 2415 του
291 2364 364 2426 δὲ,
396 2368 479 2419 ὄτι
507 2364 892 2434 Πρώτότοκος
913 2369 979 2422 ἐκ
1004 2368 1121 2422 τῶν
1135 2369 1387 2438 νεκρῶν·
1422 2369 1558 2440 μετά
1590 2370 1759 2425 ταῦτα

192 2455 238 2507 ἃ
256 2458 516 2510 ἀπόλυτόν
551 2476 612 2512 τε
645 2460 739 2512 καὶ
770 2458 1015 2530 ἀσυζυγῆ
1037 2461 1136 2531 τὴν
1165 2461 1347 2532 φωνὴν
1376 2462 1756 2531 παρατίθεται,

194 2548 336 2599 εἰπών
357 2565 371 2578 ·
411 2550 601 2604 Ὅταν
629 2551 696 2604 δὲ
718 2550 906 2605 πάλιν
937 2552 1225 2621 εἰσαγάγῃ
1249 2552 1353 2606 τὸν
1386 2556 1759 2622 πρωτότοκον

194 2643 265 2704 εἰς
290 2640 395 2707 τὴν
424 2642 795 2712 οἰκουμένην
811 2644 996 2713 λέγει·
1024 2646 1132 2699 Καὶ
1159 2645 1759 2713 προσκυνησάτωσαν

193 2730 330 2796 αὐτῷ
355 2733 590 2799 πάντες
615 2732 853 2803 ἄγγελοι
895 2735 1063 2789 Θεοῦ.
1108 2734 1315 2789 Οὐκοῦν
1344 2735 1519 2807 ἥνπερ
1556 2736 1622 2790 ἂν
1646 2736 1759 2790 διά-

128 2812 133 2825 “
196 2842 321 2877 νοιαν
349 2826 438 2877 ἐπὶ
472 2826 591 2878 τῶν
619 2825 793 2880 ἀλλων
852 2826 1123 2894 ουζυγιῶν
1148 2826 1240 2880 τοῦ
1279 2827 1539 2897 ὀνόματος
1571 2827 1758 2881 τούτου

197 2917 627 2988 κατανοήσωμεν,
674 2917 981 2981 ἀκολούθως
1015 2919 1113 2990 τὴν
1152 2918 1321 2989 αὐτὴν
1359 2919 1454 2972 καὶ
1494 2918 1571 2988 τῷ
1609 2937 1758 2990 πρω-

196 3008 378 3078 τοτόκῳ
401 3011 504 3079 τῆς
534 3009 769 3073 κτίσεως
789 3011 1191 3081 ἐφαρμόσομεν.
1221 3012 1366 3073 Mai;
1402 3010 1507 3082 γὰρ
1540 3012 1633 3064 καὶ
1660 3014 1759 3081 τῆς

200 3097 348 3167 αὐτῆς
360 3097 537 3169 οὔσης
570 3102 771 3169 φωνῆς,
803 3101 1013 3173 ἀνάγκη
1052 3104 1197 3155 πᾶσα
1230 3103 1356 3173 μίαν
1385 3098 1523 3155 εἶναι
1554 3103 1759 3173 καὶτὴν

200 3190 596 3259 σημαινομένην
636 3190 893 3243 διάνοιαν.
928 3169 1053 3254 Πῶς
1083 3169 1293 3259 γίνεται
1337 3193 1513 3246 τοίνυν
1548 3169 1759 3264 πρωτό-
1788 3169 1829 3227 c

200 3294 332 3341 τοκος
368 3284 424 3332 ἐν
444 3280 667 3343 πολλοῖς
715 3281 981 3348 ἀδελφοῖς,
1014 3282 1129 3345 πῶς
1156 3283 1212 3336 δὲ
1250 3284 1455 3355 νεκρῶν
1482 3284 1759 3355 πρωτότο-

200 3386 298 3433 κος,
325 3366 359 3441 ἦ
388 3371 558 3425 τοῦτο
588 3372 805 3436 πάντως
831 3375 947 3426 ἐστὶ
975 3373 1295 3442 δῆλον;’⁹οτι
1324 3376 1412 3429 διὰ
1436 3376 1496 3429 τὸ
1512 3376 1760 3446 γενέσθαι

200 3464 325 3530 ἡμᾶς
351 3458 490 3533 αἷμα
536 3465 640 3516 καὶ
675 3464 873 3535 σάρκα,
918 3465 1099 3530 καθώς
1141 3484 1304 3538 φησιν
1335 3471 1367 3539 ἡ
1403 3468 1612 3540 rgum,
1638 3472 1667 3522 ὁ
1693 3468 1760 3522 δι.

202 3552 327 3621 ἡμᾶς
355 3556 657 3624 γενόμενος
686 3555 808 3609 καθ’
842 3559 1011 3627 ἡμᾶς,
1039 3558 1132 3612 καὶ
1163 3560 1363 3631 σαρκὸς
1408 3562 1502 3613 καὶ
1534 3562 1764 3631 αἵματος

204 3647 547 3717 κοινωνήσας,
585 3648 792 3717 μέλλων
816 3650 966 3718 ἡμᾶς
987 3654 1297 3720 μεταποιεῖν
1314 3654 1378 3705 ὲκ
1404 3653 1497 3706 τοῦ
1523 3652 1761 3723 φθαρτοῦ

204 3740 321 3809 πρὸς
365 3741 425 3793 τὸ
468 3740 778 3809 ἄφθαρτον,
817 3741 903 3794 διά
932 3743 1029 3812 τῆς
1060 3742 1264 3797 ἀνωθεν
1304 3746 1622 3815 γεννήσεως,
1667 3746 1765 3816 τῆς

203 3827 259 3880 δι’
278 3829 459 3894 ὓδατος
492 3831 593 3883 κα)⁸
634 3830 970 3901 Πνεύματος,
1003 3831 1161 3897 αὐτὸς
1190 3832 1284 3886 τοῦ
1324 3833 1563 3886 τοιούτου
1602 3835 1761 3887 τόκου

204 3924 583 3998 καθηγήσατο,
630 3925 716 3979 διὰ
762 3926 855 3987 τοῦ
911 3925 1039 3979 ίδίου
1093 3925 1463 3996 βαπτίσματος
1508 3924 1569 3977 τδ
1613 3926 1766 3993 ἀγιον

206 4015 408 4087 Πνεῦμα
446 4018 550 4071 ἐπὶ
580 4017 641 4069 τὸ
668 4016 811 4087 ὕδωρ
862 4016 1304 4087 ἐπισπασάμενος
1331 4032 1344 4044 ·
1376 4016 1517 4070 ῶστε
1550 4016 1766 4070 πάντων

206 4106 297 4159 τῶν
328 4107 722 4180 πνευματικῶς
753 4107 1210 4177 ἀναγεννωμένων
1240 4107 1579 4179 πρωτότοκον
1606 4107 1767 4160 αὐτὸν

207 4198 457 4264 γενέσθαι,
491 4200 591 4251 καὶ
634 4199 894 4266 ἀδελφοὺς
939 4198 1202 4268 ὀνομάσαι
1246 4199 1372 4261 τοὺς
1422 4198 1522 4267 τῆς
1578 4197 1768 4268 ὁμοίας

208 4289 351 4341 αὐτοῦ
369 4290 456 4345 διὰ
481 4290 578 4343 τοῦ
593 4289 781 4353 ὓδατος
810 4290 904 4343 καὶ
928 4290 1020 4343 τοῦ
1038 4289 1176 4349 Πνεύ
1185 4306 1352 4360 ματος
1369 4290 1768 4360 μετεσχηκότας

208 4383 519 4453 γεννήσεως.
563 4382 715 4435 Ἐπεὶ
761 4382 817 4435 δὲ
859 4383 953 4434 καὶ
978 4383 1076 4451 τῆς
1105 4383 1168 4435 ὲκ
1196 4382 1403 4453 νεκρῶν
1424 4383 1769 4445 ἀναστάσεως

211 4471 479 4527 ἐδειαύτον
514 4473 870 4526 ὲναποθέσθαι
897 4476 963 4544 τῇ
990 4473 1149 4541 φύσει
1185 4475 1282 4545 τὴν
1318 4473 1566 4544 δύναμιν,
1606 4474 1768 4527 πάλιν

211 4563 399 4630 γίνεται
427 4565 658 4635 ἀπαρχὴ
697 4564 806 4617 τῶν
829 4563 1261 4634 κεκοιμημένων,
1295 4566 1388 4617 καὶ
1426 4564 1768 4637 πρωτότοκος

212 4654 268 4707 ὲκ
291 4656 393 4710 τῶν
420 4656 656 4726 νεκρῶν,
692 4658 721 4708 ὁ
753 4656 967 4726 πρῶτος
995 4656 1058 4708 δι’
1085 4654 1279 4709 ἑαυτοῦ
1322 4657 1489 4721 λύσας
1510 4656 1609 4717 τάς
1641 4655 1766 4709 ὠδῖ-

214 4765 295 4811 νας
336 4750 427 4803 τοῦ
476 4748 709 4801 θανάτου
734 4765 746 4777 ·
769 4748 909 4801 ὥστε
946 4751 1039 4803 καὶ
1086 4750 1217 4820 ἡμῖν
1252 4747 1630 4819 όδοποιηθῆναι
1670 4748 1768 4819 τὴν

215 4841 267 4891 ὲκ
292 4841 381 4895 τοῦ
411 4842 648 4896 θανάτου
698 4842 1136 4911 παλιγγενεσίαν,
1183 4841 1270 4894 διὰ
1296 4842 1395 4912 τῆς
1426 4841 1521 4893 τοῦ
1565 4841 1768 4911 Κυρίου

215 4933 545 4996 ἀναστάσεως
571 4936 673 5005 τῆς
722 4932 908 4996 ὠδῖνος
936 4933 1029 4987 τοῦ
1077 4932 1307 4987 θανάτου
1340 4932 1610 5002 λυθείσης,
1633 4935 1692 4984 ὲν
1722 4925 1770 4999 ᾧ

216 5025 584 5096 κατειχόμεθα.
617 5026 828 5097 ’Ὥσπερ
864 5022 958 5079 οὖν
999 5024 1283 5096 μετασχὼν
1306 5022 1404 5093 τῆς
1435 5024 1522 5077 διὰ
1546 5022 1770 5094 λουτροῦ

217 5111 628 5185 ἁναγεννήσεως,
660 5115 900 5184 ἀδελφῶν
926 5116 1266 5185 πρωτότοκος
1292 5115 1497 5181 γίνεται
1520 5130 1533 5143 ’
1562 5116 1654 5166 καὶ
1672 5115 1774 5168 πά-

217 5198 285 5251 λιν
322 5205 573 5277 ἀπαρχὴν
601 5207 701 5276 τῆς
746 5206 1093 5268 ἀναστάσεως
1132 5206 1292 5259 αὐτὸν
1338 5207 1589 5273 ποιήσας,
1626 5221 1775 5275 πρω-

218 5293 417 5359 τότοκος
456 5301 520 5351 ἐκ
548 5296 657 5351 τῶν
698 5298 907 5369 νεκρῶν
947 5297 1289 5366 ὀνομάζεται,
1334 5296 1503 5360 οὓτως
1543 5298 1600 5349 ἐν
1640 5298 1773 5349 πᾶσι

221 5388 512 5452 πρωτεύων.
579 5388 735 5443 Μετὰ
776 5390 837 5443 τὸ
879 5389 1167 5461 παρελθεῖν
1210 5388 1277 5441 τά
1327 5391 1527 5461 ἀρχαῖα
1562 5389 1769 5452 πάντα,

287 5542 325 5621 ‘_‘
366 5542 653 5621 (loloss:_t,
829 5543 916 5621 __“
951 5542 1082 5621 ibid.
1120 5543 1253 5621 15._
1285 5543 1325 5573 ¹⁷
1386 5540 1541 5597 Rom.
1577 5559 1696 5608 vui,
1741 5544 1760 5597 Ξ

1912 5549 1952 5580 ¹⁸
2001 5548 2021 5602 ι
2070 5549 2194 5606 Cor.
2245 5564 2333 5616 xv,
2366 5548 2469 5617 20;
2534 5550 2759 5621 Apocal.
2797 5565 2839 5617 ι,
2882 5548 2939 5607 5.

223 5606 427 5665 “Joan.
463 5631 501 5679 ι,
547 5606 648 5668 13(
717 5616 759 5645 ¹¹
826 5613 1014 5667 Matth.
1053 5629 1135 5680 ιιι,
1192 5614 1256 5667 15
1307 5627 1428 5682 sqq.

1860 1914 1978 1982 ipse
1999 1920 2082 1966 est
2134 1910 2548 1982 primogenitus.
2590 1911 2767 1981 Atque
2796 1922 2852 1966 ut
2896 1912 3187 1967 dilucidior
3227 1923 3280 1969 et
3317 1916 3428 1968 cla-

1863 2004 1976 2058 rior
1993 2012 2181 2057 nostra
2208 2002 2277 2058 de
2307 2002 2411 2056 hoc
2448 2004 2724 2058 elucescat
2768 2004 3049 2072 cogitatio,
3102 2006 3181 2060 sic
3222 2021 3429 2061 sermo-

1863 2112 1984 2151 nem
2031 2095 2403 2166 dispescemus
2432 2096 2507 2165 (a)
2530 2095 2757 2161 :Quater
2796 2096 2958 2166 hujus
2989 2097 3139 2153 vocis
3184 2098 3431 2152 meminit

1863 2191 2080 2246 divinus
2154 2190 2488 2260 Apostolus;
2576 2190 2742 2245 semel
2805 2190 2884 2244 sic
2953 2191 3206 2257 locutus,
3287 2192 3431 2260 quod

1861 2283 2234 2354 primogenitus
2314 2283 2482 2337 omnis
2539 2291 2797 2335 creatura:
2853 2282 2896 2314 ¹⁶
2947 2282 3227 2348 :iterum,
3284 2283 3432 2352 quod

1861 2376 2238 2446 primogenitus
2288 2374 2343 2428 in
2392 2375 2575 2427 multis
2629 2373 2888 2442 fratribus
2930 2376 3013 2427 ’τε
3078 2377 3261 2439 tertio,
3290 2377 3432 2447 quod

1871 2469 2246 2537 primogenitus
2300 2484 2364 2523 ea:
2415 2470 2639 2523 mortuis
2684 2469 2763 2525 "z
2814 2480 3074 2539 praeterea
3125 2471 3433 2525 absolutam

1862 2577 1969 2615 non
1999 2562 2308 2632 copulatam
2349 2576 2530 2630 neque
2560 2561 2627 2615 ad
2674 2560 2822 2616 aliud
2850 2561 3074 2615 relatam
3110 2577 3296 2617 vocem
3341 2578 3434 2631 ap.

1863 2654 2036 2724 ponit,
2056 2668 2178 2708 cum
2214 2652 2383 2709 dixit:
2422 2652 2556 2709 Cum
2592 2664 2767 2708 autem
2798 2655 2998 2709 inducit
3035 2655 3435 2725 primogenitum

1861 2747 1913 2799 in
1941 2746 2112 2799 orbem
2138 2756 2400 2800 terrarum
2446 2745 2616 2800 dicit:
2673 2745 2741 2800 Et
2775 2745 2996 2800 adorent
3043 2747 3213 2814 ipsum
3260 2761 3435 2799 omnes

1874 2840 2053 2909 angeli
2083 2838 2177 2893 Dei
2206 2840 2284 2892 ⁸⁸.
2326 2837 2471 2909 Ergo
2522 2853 2686 2907 quam
2734 2838 3149 2908 inlelligentiam
3198 2838 3254 2891 in
3316 2836 3436 2892 aliis

1865 2931 2336 3001 conjugationibus
2353 2930 2593 2985 nominis
2616 2929 2778 2999 hujus
2804 2929 2987 2983 animo
3003 2927 3436 2998 conceperimus,

1862 3022 2509 3093 consequentereamdem
2530 3022 2890 3093 primogenito
2910 3021 3202 3076 creationis
3222 3035 3437 3075 accom-

1862 3113 2203 3167 modabimus
2225 3132 2237 3167 :
2258 3127 2382 3167 cum
2397 3113 2543 3168 enim
2559 3115 2628 3168 sit
2642 3128 2745 3167 una
2762 3112 3059 3182 eademque
3078 3126 3199 3177 vox,
3218 3126 3438 3166 necesse

1862 3215 1945 3259 est
1979 3219 2162 3267 unam,
2199 3220 2317 3273 qua:
2343 3220 2437 3274 per
2463 3220 2583 3259 eam
2607 3204 2972 3273 signiﬁcatur,
2989 3220 3111 3259 esse
3140 3204 3439 3272 intelligen-

1862 3296 2014 3350 tiam.
2033 3295 2316 3362 Quomodo
2337 3296 3168 3366 igiturnasciturprimogenitus
3184 3294 3238 3349 in
3259 3294 3441 3349 multis

1865 3387 2159 3450 fratribus,
2214 3387 2494 3456 quomodo
2534 3396 2874 3442 mortuorum
2922 3387 3331 3457 primogenitus,
3372 3400 3441 3439 an

1864 3479 1968 3535 hoc
2005 3494 2229 3549 prorsus
2269 3488 2354 3533 est
2390 3479 2775 3549 perspicuum?
2804 3479 3097 3549 Pr0pterea
3143 3479 3288 3545 quod
3343 3493 3442 3534 nos

1863 3572 1974 3625 nati
1991 3586 2180 3625 sumus
2213 3572 2436 3641 sanguis
2452 3580 2505 3625 et
2534 3586 2684 3635 caro,
2711 3573 2855 3625 sicut
2886 3571 3021 3625 dicit
3047 3569 3328 3641 Scriptura
3347 3572 3392 3602 '°
3426 3588 3441 3638 ;

1864 3660 1956 3729 qui
1996 3667 2174 3715 autem
2211 3669 2429 3730 propter
2469 3677 2602 3725 nos,
2662 3662 2958 3717 secundum
3004 3678 3104 3717 nos
3144 3672 3305 3715 natus
3338 3669 3442 3726 est,

1864 3751 2048 3804 carnis
2083 3758 2138 3805 et
2183 3751 2465 3820 sanguinis
2516 3752 2808 3821 particeps,
2853 3767 2952 3805 nos
3006 3767 3072 3805 ex
3105 3750 3442 3819 corruptibili

1866 3841 1932 3895 ad
1962 3844 2371 3912 incorruptibile
2391 3844 2767 3897 vindicaturus
2792 3860 2885 3913 per
2906 3859 3194 3911 Supernam
3228 3856 3445 3911 genera-

1866 3938 2239 4006 tionem,que
2263 3944 2346 3989 est
2392 3952 2485 4004 per
2533 3951 2727 4005 aquam
2756 3944 2808 3988 et
2836 3936 3120 4004 Spiritum,
3161 3934 3276 4002 ipse
3322 3931 3443 3986 talis

1867 4036 2055 4099 partus
2093 4005 2202 4082 dux
2240 4029 2480 4089 exstitit,
2518 4042 2612 4096 per
2649 4042 2808 4082 suum
2852 4026 3151 4093 baptisma,
3193 4034 3441 4078 sanctum

1870 4117 2128 4188 Spiritum
2161 4120 2214 4173 in
2245 4134 2439 4189 aquam
2470 4120 2753 4173 attrahens
2776 4120 2816 4148 ’ί
2844 4138 2856 4172 :
2889 4118 2961 4170 ita
2998 4127 3055 4169 ut
3083 4120 3320 4170 omnium
3349 4114 3441 4183 qui

1869 4211 2224 4280 spiritualiter
2282 4219 2673 4281 regenerautur
2731 4211 2848 4279 ipse
2909 4211 2979 4263 sit
3029 4210 3440 4278 primogenitus,

1870 4301 2177 4372 fratresque
2213 4304 2453 4358 nominet
2498 4318 2593 4357 eos
2638 4303 2731 4370 qui
2787 4302 2985 4357 similis
3011 4318 3133 4355 cum
3184 4302 3302 4371 ipso
3349 4317 3445 4371 per

1872 4410 2067 4464 aquam
2115 4403 2168 4449 et
2212 4393 2471 4462 Spiritum
2507 4394 2876 4466 generationis
2925 4391 3051 4448 facti
3108 4402 3234 4449 sunt
3277 4395 3447 4465 parti-

1800 4522 1844 4577 Β
1872 4486 2042 4555 cipes.
2095 4484 2361 4550 Quoniam
2406 4500 2536 4538 vero
2586 4483 2749 4539 etiam
2796 4500 2891 4553 per
2933 4498 3088 4538 suam
3131 4497 3160 4534 a
3214 4484 3445 4537 mortuis

1874 4576 2327 4632 resurrectionem
2352 4576 2527 4645 ipsum
2572 4574 2757 4631 indere
2781 4576 2886 4629 vim
2943 4584 3152 4629 naturae
3196 4576 3447 4631 humanae

1875 4664 1941 4718 ad
1965 4666 2354 4735 resurgendum
2384 4666 2688 4736 Oportebat,
2741 4683 2931 4723 rursus
2969 4668 3028 4722 ﬁt
3060 4668 3444 4723 dormientium

1873 4756 2145 4826 primitiar,
2180 4765 2233 4811 et
2260 4758 2660 4829 primogenitus
2686 4774 2753 4813 ex
2805 4759 3057 4816 mortuis.
3101 4760 3191 4829 qui
3241 4759 3448 4827 primus

1872 4863 1970 4919 per
1991 4848 2229 4918 seipsum
2267 4849 2458 4904 mortis
2487 4849 2707 4906 dolores
2738 4852 2960 4906 resolvit
2993 4871 3005 4905 :
3036 4853 3108 4905 ita
3145 4862 3199 4905 ut
3227 4852 3383 4904 nobis
3418 4866 3447 4902 a

1875 4947 2048 4994 morte
2082 4934 2178 4993 ‘sit
2230 4939 2497 5008 patefacta
2562 4942 2647 4995 via
2698 4942 2763 4996 ad
2810 4944 3298 5011 regenerationem,
3354 4956 3451 5009 per

1872 5029 2086 5085 Domini
2122 5032 2582 5086 resurrectionem
2625 5034 2819 5088 mortis
2857 5034 3139 5087 doloribus
3169 5032 3446 5091 resolutis.

1872 5121 1928 5176 in
1956 5137 2060 5192 qua
2081 5123 2473 5178 detinebamur.
2500 5122 2961 5189 Quemadmodum
2987 5125 3152 5193 igitur
3175 5122 3449 5192 particeps

1873 5212 2051 5268 factus
2092 5215 2211 5284 ejus
2253 5231 2374 5287 quae
2422 5216 2479 5269 lit
2530 5230 2626 5285 per
2666 5218 2938 5269 lavacrum
2992 5214 3443 5284 regenerationis.

1875 5301 2106 5357 fratrum
2150 5305 2546 5376 primogenitus
2593 5304 2862 5371 edicitur;
2914 5320 3106 5358 rursus
3146 5304 3307 5358 etiam
3354 5305 3446 5373 qui

1880 5395 2121 5464 seipsum
2153 5398 2569 5453 resurrectionis
2621 5398 2887 5468 primitias
2944 5394 3091 5462 fecit,
3126 5410 3194 5450 ex
3222 5396 3449 5449 mortuis

3028 5549 3073 5583 "
3102 5547 3264 5606 llebr.
3315 5562 3357 5617 t,
3389 5546 3447 5607 ϐ·

286 5750 357 5822 (a)
378 5751 540 5821 Vide,
574 5764 705 5812 tom.
744 5770 919 5825 seqq.,
958 5763 1095 5810 orat.
1139 5753 1209 5809 De
1245 5752 1477 5822 perfecta
1516 5750 1715 5808 Christi
1740 5753 1930 5807 l'orma.
