3922 6478
517 313 626 375 ωδ
1750 319 1809 377 S.
1849 319 2106 377 GREGOI

2216 320 2508 379 NYSSENI
3634 323 3719 380 504

517 436 917 505 primogenitus
960 437 1297 503 nominatur,
1356 438 1438 493 sic
1480 439 1623 493 inter
1665 455 1857 496 omnes
1885 442 2092 512 princi-

2211 445 2376 509 mihi);
2416 462 2578 515 φησιν
2616 445 2644 496 ὁ
2686 444 3031 508 Ἀπόστολος,
3069 445 3165 514 τῆς
3209 444 3397 513 καινῆς
3440 443 3494 494 ὲν
3537 442 3722 516 Χριστῷ

519 538 638 593 pem
662 525 840 581 locum
864 526 1136 584 obtinens.
1170 527 1469 600 Postquam
1505 536 1687 584 vetera
1732 532 1916 585 omnia
1955 549 2090 602 pra:-

2211 538 2425 601 κτίσεως
2461 537 2567 590 τῶν
2605 536 2903 607 ἀνθρώπων
2944 536 3281 606 πρωτότοκος
3309 534 3524 601 γίνεται,
3543 534 3618 587 διὰ
3643 538 3722 606 τῆς

517 618 819 684 terierunt,
855 620 1000 675 sicut
1035 620 1113 673 ait
1149 619 1443 690 Apostolus
1484 622 1551 687 ’⁸,
1583 638 1737 677 novae
1787 624 1840 676 in
1871 622 2097 679 Christo

2211 628 2389 696 ῑιπλῆς
2404 630 2838 697 παλιγγενεσίας,
2855 628 2955 697 τῆς
2977 644 3036 679 τε
3054 625 3277 680 κατὰ-τὸ
3293 625 3441 693 ἅγιον
3458 624 3720 696 βάπτισμα,

517 711 814 764 creationis
878 710 1160 765 hominum
1216 712 1625 782 promogenitus
1685 712 1936 776 ellicitnr,
2006 730 2099 783 per

2211 721 2291 771 eat
2301 721 2400 790 τῆς
2421 722 2484 772 ὲκ
2503 719 2708 792 νεκρῶν
2725 718 3092 781 ἀναστάσεως,
3110 718 3349 788 ἀρχηγὸς
3366 716 3460 786 τῆς
3478 715 3608 785 ζωῆς
3626 719 3722 795 καθ’

517 800 788 867 duplicem
813 804 1296 871 regenerationem,
1318 811 1372 857 et
1397 818 1490 871 per
1524 810 1772 857 sanctum
1806 804 2095 873 baptisma,

2211 814 2359 866 ὲκάτε
2368 829 2455 881 ρον
2483 814 2615 882 ἡμῖν
2630 812 2934 882 γενόμενος,
2954 812 3048 863 καὶ
3058 809 3279 880 ἀπαρχὴ
3295 809 3385 860 καὶ
3404 810 3723 878 πρωτότοκος.

518 900 573 945 et
615 907 710 961 per
746 894 1200 949 resurrectionem
1242 911 1273 949 a
1307 896 1558 959 mortuis,
1594 896 1704 948 dua
1751 905 1806 949 et
1845 897 2099 965 princeps

2211 900 2365 966 Οὗτος
2378 899 2471 957 οῦν
2487 906 2514 956 ὁ
2529 903 2868 974 πρωτότοκος
2883 904 2975 956 καὶ
2996 901 3254 969 ἀδελφοὺς
3274 899 3403 969 ἔχει,
3424 915 3488 950 πε
3498 899 3544 969 ρ).
3559 894 3624 950 ὧν
3644 916 3726 969 φη-

520 986 646 1039 νίιιιι
694 1002 790 1055 per
831 998 1116 1057 utramque
1168 988 1326 1041 nobis
1373 986 1572 1049 factus,
1625 993 1679 1038 et
1728 986 2001 1055 primitim,
2047 996 2101 1039 et

2211 1014 2252 1050 τι
2271 998 2406 1069 πρὸς
2424 997 2521 1068 τὴν
2535 998 2769 1068 Μαρίαν,
2785 998 2867 1049 ὅτι
2918 996 3243 1063 Πορεύομαι
3262 993 3407 1060 πρὸς
3421 992 3520 1044 τὸν
3537 994 3729 1059 Πατέρα

524 1078 936 1146 primogenitus.
964 1076 1062 1130 Hic
1086 1077 1251 1145 igitur
1271 1076 1664 1144 primogenitns
1694 1073 1891 1127 fratres
1918 1072 2095 1136 habet,

2211 1106 2313 1142 ιιου
2330 1090 2425 1143 καὶ
2451 1090 2675 1157 Πατέρα
2692 1089 2976 1158 ὐμῶν-,φιλή
2997 1089 3145 1142 Θεόν
3162 1104 3281 1156 μου
3301 1085 3394 1138 καὶ
3418 1086 3555 1137 Θεὸν
3574 1083 3727 1151 ὑμῶν.

523 1168 593 1222 de
623 1170 822 1237 quibus
871 1171 945 1222 ait
983 1169 1049 1222 ad
1084 1168 1306 1221 Mariam
1341 1185 1354 1220 :
1386 1164 1573 1237 Perge,
1635 1178 1683 1220 et
1725 1166 1809 1219 dic
1844 1165 2098 1245 fratribus

2211 1181 2361 1234 Ὀλον
2395 1182 2503 1252 γάρ
2531 1182 2629 1251 τῆς
2658 1181 2798 1233 κατά
2842 1180 3127 1250 ἄνθρωπον
3155 1177 3457 1247 οἰκονομίας
3500 1177 3732 1243 ἀνακεφαο

522 1260 651 1312 meis
676 1274 695 1312 :
742 1259 882 1315 Vada
923 1260 991 1312 ad
1024 1258 1240 1312 Patrem
1280 1274 1448 1312 meum
1493 1268 1543 1311 et
1600 1256 1811 1310 Patrem
1852 1266 2097 1318 vestrum,

2211 1271 2441 1326 λαιοῦται
2472 1272 2559 1324 τὸν
2581 1273 2780 1325 σκοπὸν
2808 1271 2897 1324 διὰ
2918 1271 3027 1323 τῶν
3048 1270 3371 1340 εἰρημένων.
3412 1267 3730 1329 ’Δποστάντες

528 1348 691 1401 Deum
723 1364 888 1400 meum
918 1359 965 1401 et
986 1347 1156 1401 Deum
1192 1358 1420 1401 vestrum
1462 1348 1529 1399 “.
1578 1346 1671 1401 liis
1713 1347 1877 1402 dictis
1922 1355 2097 1400 totum

2211 1364 2307 1432 γὰρ
2344 1364 2435 1417 τοῦ
2473 1364 2605 1417 Θεοῦ
2653 1365 2702 1415 οἱ
2751 1362 3045 1434 ἄνθρωποι,
3094 1362 3408 1414 ὲδούλευσαν
3448 1362 3554 1422 τοῖς
3601 1359 3733 1426 φύσει

522 1438 822 1493 secundum
874 1440 1147 1493 hominem
1197 1439 1628 1508 dispensationis
1685 1454 1910 1507 scopum
1949 1455 2101 1493 sum-

2211 1454 2278 1525 μὴ
2296 1450 2415 1507 οὖσι
2437 1454 2579 1516 θεοῖς
2598 1468 2611 1483 ³
2634 1454 2748 1517 καὶ,
2779 1452 2930 1515 ὄντες
2948 1452 3112 1504 τέκνα
3147 1449 3306 1513 Θεοῦ,
3355 1448 3431 1520 τῷ
3462 1448 3660 1517 πονηρῷ
3684 1464 3732 1499 τε

522 1528 711 1581 matim
763 1529 1169 1597 complectitur.
1224 1527 1486 1584 Homines
1529 1530 1675 1583 enim
1721 1544 1750 1581 a
1800 1528 1906 1582 Deo
1946 1544 2097 1583 rece-

2211 1546 2294 1596 καὶ
2315 1543 2648 1614 ψευδωνύμῳ
2695 1543 2861 1613 πατρὶ
2906 1540 3416 1614 προσῳκειιωησαν.
3443 1539 3536 1591 Διά
3561 1538 3694 1591 τοῦτο
3710 1540 3735 1587 ὁ

520 1619 712 1674 dentes
752 1620 1065 1675 servierunt
1102 1622 1170 1675 iis
1218 1624 1311 1690 qui
1354 1638 1462 1675 non
1500 1630 1628 1676 sunt
1676 1633 1868 1675 natura
1921 1623 2019 1684 dii,
2051 1632 2103 1675 ct

2211 1634 2429 1704 μεσίτης
2466 1633 2599 1685 Θεοῦ
2633 1634 2724 1685 καὶ
2764 1630 3067 1702 ἀνθρώπων
3098 1632 3279 1701 πάσης
3312 1630 3408 1700 τῆς
3431 1627 3735 1698 ἀνθρωπίνης

520 1726 646 1765 rimi
696 1718 882 1766 essent
940 1711 1034 1766 Dei
1090 1712 1210 1775 lilii,
1267 1712 1514 1782 improbo
1572 1721 1626 1765 et
1686 1711 1805 1765 falsi
1862 1713 2100 1767 nominis

2211 1722 2414 1791 φύσεως
2456 1722 2556 1793 τὴν
2607 1722 2859 1792 ἀπαρχὴν
2908 1720 3213 1783 ἀναλαὸὼν,
3260 1720 3360 1772 ούκ
3390 1721 3451 1771 ὲκ
3493 1718 3579 1771 τοῦ
3617 1718 3735 1770 θείου

524 1803 665 1870 patri
708 1802 1077 1857 adhaeserunt.
1123 1801 1418 1867 Quocirca,
1457 1804 1725 1856 mediator
1770 1802 1860 1855 Dei
1904 1811 1958 1855 et
2002 1802 2101 1855 hu-

2211 1813 2514 1881 προσώπου,
2542 1811 2654 1863 ἀλλ’
2684 1813 2749 1862 ὲκ
2804 1809 2897 1862 τοῦ
2924 1810 3196 1881 ἡμετέρου
3236 1809 3442 1879 πέμπει
3470 1812 3573 1870 τοῖς
3611 1806 3738 1859 ἁδελ-

522 1892 727 1946 minum
777 1892 823 1923 “
865 1893 1044 1947 omnis
1094 1893 1345 1946 humanm
1398 1900 1607 1947 natura:
1655 1894 1921 1961 primitias
1978 1907 2101 1945 cum

2211 1905 2320 1971 φοῖς
2349 1902 2542 1956 ἑαυτοῦ
2569 1902 2635 1954 τὰ
2659 1900 2951 1971 δηλώματα
2978 1901 3151 1969 λέγων
3168 1940 3184 1965 ,
3208 1901 3290 1953 ὃτι
3331 1898 3652 1969 Πορεύσομαι
3684 1896 3737 1949 δι’

520 1984 839 2054 assumpsit,
876 2002 983 2039 non
1017 2001 1085 2039 ex
1114 1985 1295 2038 divina
1324 2000 1555 2054 persona
1588 1987 1685 2040 sed
1717 2002 1781 2039 ex
1818 1994 2001 2039 nostra
2035 1985 2102 2038 ad

520 2078 722 2131 lratres
752 2077 918 2130 mittit
959 2077 1074 2130 haec
1111 2092 1209 2132 sua
1239 2077 1462 2140 indicia,
1493 2077 1685 2132 dicens
1717 2097 1730 2130 :
1771 2076 1975 2131 Vadam
2008 2094 2104 2147 per

523 2171 789 2238 meipsum
891 2169 1140 2225 facturus
1186 2178 1431 2223 vestrum
1470 2168 1711 2233 Patrem,
1766 2186 1954 2224 verum
1998 2169 2103 2223 Pa-

520 2270 662 2318 trem
729 2277 757 2315 a
798 2279 905 2334 quo
936 2264 1173 2332 separati
1213 2263 1386 2317 estis:
1430 2270 1487 2318 et
1532 2263 1782 2317 facturus
1830 2278 1925 2333 per
1970 2263 2104 2317 mei-

526 2371 679 2425 psum
713 2354 877 2410 Deum
914 2366 1150 2410 vestrum
1182 2370 1372 2409 verum
1412 2353 1577 2409 Deum
1600 2369 1629 2408 a
1656 2371 1765 2425 quo
1799 2355 2098 2420 defecistis;

526 2461 652 2501 nam
677 2456 897 2515 propter
921 2446 1193 2515 primitias
1215 2461 1351 2515 quas
1372 2447 1645 2515 assumpsi
1672 2462 1887 2501 omnem
1912 2446 2103 2500 hutna-

523 2554 651 2594 nam
680 2546 925 2592 naturam
960 2538 1027 2592 ad
1056 2537 1223 2591 Deum
1247 2537 1462 2591 Patrem
1498 2538 1551 2591 in
1579 2538 1787 2607 meipso
1814 2539 2099 2592 adducam.

608 2629 742 2684 Cum
797 2628 963 2698 igitur
1015 2627 1266 2697 primitias
1294 2627 1461 2682 Deum
1513 2643 1677 2682 suum
1725 2627 2101 2682 fecerinteum

524 2722 616 2791 qui
672 2720 813 2775 Deus
835 2728 952 2783 est,
991 2728 1047 2775 et
1074 2719 1291 2774 Patrem
1321 2736 1446 2773 eum
1473 2720 1566 2789 qui
1605 2720 1784 2774 bonus
1814 2720 1969 2775 Pater
1996 2730 2101 2785 est,

522 2812 674 2867 omni
732 2821 942 2866 natura:
1000 2811 1205 2868 bonum
1281 2822 1492 2866 rectum
1560 2811 1858 2873 efﬁcitur;
1928 2822 1984 2865 et
2049 2812 2105 2865 lit

528 2902 804 2956 hominum
841 2908 1063 2971 propter
1115 2902 1413 2971 primitias,
1441 2901 1603 2957 Pater
1647 2911 1703 2957 et
1737 2903 1897 2958 Deus.
1947 2902 2104 2969 Quod

529 2995 572 3047 si
600 2993 853 3063 primitiae
895 2999 1119 3056 sanctae,
1172 2992 1369 3061 inquit,
1415 3000 1469 3046 et
1519 2994 1840 3064 conspersio
1887 3010 2103 3059 massze,

528 3085 616 3141 ubi
663 3099 791 3138 vero
840 3085 1089 3153 primitiae
1138 3084 1414 3149 (lhristus,
1463 3086 1717 3141 Christus
1765 3097 1945 3142 autem
1995 3088 2106 3157 pri-
2133 3122 2176 3183 ϐ

526 3175 712 3236 initiae,
746 3174 856 3228 illic
886 3183 941 3227 et
984 3173 1077 3244 qui
1123 3182 1251 3229 sunt
1277 3174 1504 3241 Christi,
1536 3177 1994 3247 quemadmodum
2033 3180 2108 3232 ait

524 3265 911 3336 Apostolus".
960 3265 1015 3319 In
1061 3267 1264 3335 quibus
1312 3267 1478 3337 igitur
1520 3284 1618 3337 per
1665 3270 2107 3339 conjugationem

527 3357 775 3410 meminit
820 3358 1201 3428 primogeniti,
1258 3367 1602 3414 mortuorum
1650 3370 1705 3415 et
1749 3368 2016 3416 creatura:
2056 3369 2110 3417 et

528 3448 759 3502 fratrum
783 3450 1063 3505 mentione
1093 3449 1257 3513 facta,
1294 3450 1411 3506 haec
1436 3460 1491 3507 et
1519 3467 1641 3521 qua:
1668 3460 1799 3507 sunt
1828 3452 2100 3521 ejusmodi

529 3540 831 3609 intelligere
861 3540 1142 3611 prazcipit;
1175 3541 1266 3596 ubi
1292 3557 1426 3597 vero
1443 3543 1653 3613 absque
1680 3544 1773 3597 tali
1807 3544 2111 3613 adjectione

484 3656 485 3659 η
527 3628 684 3692 dicit,
702 3630 833 3687 Cum
861 3645 1055 3685 rursus
1088 3631 1361 3686 induxerit
1391 3633 1812 3703 primogenitum
1838 3635 1889 3688 in
1920 3634 2107 3690 orbem

528 3728 797 3775 terrarum
842 3723 907 3787 “,
960 3723 1194 3791 atljeclio
1240 3724 1407 3793 hujus
1466 3727 1617 3780 vocis
1662 3743 1851 3780 rursus
1896 3727 2109 3797 appari-

529 3810 731 3866 tioncm
770 3810 983 3864 Domini
1030 3813 1412 3867 universorum
1454 3829 1575 3883 qua:
1615 3813 1705 3869 ﬁet
1735 3816 1790 3869 in
1822 3814 1946 3878 fine,
1976 3832 2112 3885 prte-

528 3904 682 3961 dicit.
741 3903 897 3959 Sicut
925 3904 1069 3959 enim
1105 3902 1171 3957 In
1222 3905 1428 3958 nomine
1459 3904 1590 3960 Jesu
1632 3923 1764 3976 genu
1807 3923 1955 3960 omne
1990 3924 2111 3961 cur-

530 4007 704 4063 vatur,
747 3996 1057 4059 coeleut'um,
1102 3997 1426 4050 terrestrium
1458 4006 1506 4050 et
1550 3997 2004 4052 subterraneorum
2030 4002 2103 4066 '7;

529 4087 829 4158 quinetiam
859 4084 1031 4142 Filius
1064 4088 1365 4141 humanum
1402 4103 1599 4143 nomen
1630 4104 1740 4143 non
1763 4089 1947 4151 habet,
1983 4089 2109 4158 quia

531 4181 604 4237 sit
630 4195 794 4249 super
816 4194 979 4235 omne
1009 4195 1245 4238 nomen:
1281 4180 1363 4236 sic
1397 4180 1466 4235 ab
1488 4181 1635 4234 omni
1664 4180 2109 4251 supermundana

533 4279 781 4329 creatura
837 4271 967 4326 dicit
1014 4272 1433 4341 primogenitum
1481 4272 1722 4336 adorari,
1765 4273 1856 4341 qui
1892 4280 2111 4340 propter

534 4379 633 4418 nos
663 4365 742 4418 sic
773 4364 1084 4417 nominatus
1125 4371 1246 4427 est;
1282 4378 1477 4417 rursus
1521 4364 1576 4417 in
1612 4364 1798 4417 orbem
1844 4371 2109 4416 terrarum

2202 1992 2438 2065 ἐμαυτοῦ
2460 1994 2678 2062 ποιῆσαι
2712 1994 2741 2044 ύ
2750 1993 2863 2062 μῶν
2898 1990 3116 2062 Πατέρα
3131 2030 3146 2055 ,
3171 1991 3265 2043 τὸν
3284 1989 3530 2060 ἀληθινὸν
3554 1988 3741 2059 Πατέρα

2202 2082 2263 2140 οῦ
2293 2085 2622 2157 ὲχωρίσθητε
2644 2100 2657 2113 '
2688 2086 2780 2136 καὶ
2816 2084 3042 2154 ποιῆσαι
3074 2084 3139 2136 δι’
3174 2082 3408 2153 ἐμαυτοῦ
3433 2080 3557 2133 Θεὸν
3587 2080 3739 2149 ὑμῶν,

2203 2174 2292 2227 τὸν
2330 2172 2580 2244 ἀληθινὸν
2613 2172 2743 2225 Θεὸν
2787 2167 2847 2226 οῦ
2886 2172 3157 2241 ἀπέστητε
3178 2190 3194 2205 ·
3224 2170 3311 2223 διά
3337 2170 3443 2240 γὰρ
3470 2169 3562 2239 τῆς
3587 2170 3743 2237 ἀπαρ-

2204 2266 2306 2337 χῆς
2334 2266 2401 2336 ἣν
2448 2265 2704 2319 ἀνέλαϐον
2738 2265 2999 2336 προσάγω
3046 2264 3191 2318 ἀπαν
3227 2262 3306 2333 τῷ
3337 2262 3453 2333 Θεῷ
3484 2263 3570 2315 καὶ
3598 2262 3744 2332 Πατρὶ

2204 2359 2261 2411 ὲν
2290 2356 2516 2427 ἐμαυτῷ
2544 2358 2603 2409 τὸ
2632 2357 2988 2428 ἀνθρώπινον.

2276 2625 2385 2693 Τῆς
2406 2618 2497 2677 οῦν
2529 2623 2782 2692 ἁπαρχῆς
2847 2619 2979 2673 Θεὸν
3034 2621 3233 2692 ἑαυτῆς
3285 2619 3642 2690 ποιησαμένης
3673 2622 3748 2671 τὸν

2206 2714 2332 2765 ὄντα
2384 2710 2537 2774 Θεὸν,
2584 2711 2678 2764 καὶ
2732 2710 2952 2780 Πατέρα
3009 2709 3097 2763 τὸν
3127 2709 3330 2777 ἀγαθὸν
3366 2710 3594 2781 Πατέρα,
3622 2708 3747 2779 πάσῃ

2207 2802 2559 2872 κατορθοῦται
2587 2803 2652 2873 τῇ
2680 2802 2835 2871 φύσει
2860 2802 2918 2854 τὸ
2949 2799 3150 2870 ἀγαθὸν
3167 2841 3184 2867 ,
3213 2803 3310 2857 καὶ
3338 2803 3546 2857 πάντων
3573 2801 3751 2871 ἀνθρω-

2208 2912 2323 2948 πων
2353 2894 2560 2962 γίνεται
2582 2894 2673 2948 διὰ
2696 2895 2793 2964 τῆς
2824 2893 3076 2964 ἀπαρχῆς
3113 2894 3304 2966 Πατὴρ
3342 2894 3431 2947 καὶ
3453 2892 3594 2955 Θεός.
3622 2892 3679 2944 Et
3704 2890 3750 2942 δὲ

2206 2988 2240 3057 ή
2267 2984 2490 3057 ἀπαρχὴ
2522 2984 2671 3053 ἀγία,
2702 2986 2855 3054 φησι,
2901 2986 2993 3037 καὶ
3044 2985 3104 3037 τὸ
3150 2985 3412 3056 φύραμαο
3470 2986 3598 3038 ὅπου
3635 2981 3686 3036 δὲ
3719 2981 3749 3051 ἡ

2206 3076 2425 3148 ἀπαρχὴ
2444 3076 2694 3149 Χριστὸς,
2709 3076 2937 3146 Χριστὸς
2958 3076 3013 3128 δὲ
3030 3079 3062 3145 ή
3087 3077 3336 3147 ἀπαρχὴ,
3353 3079 3464 3129 ἐκεῖ
3504 3076 3590 3128 καὶ
3606 3073 3651 3126 oi
3671 3071 3750 3125 τοῦ

2208 3166 2463 3237 Χριστοῦ,
2492 3165 2672 3228 καθώς
2703 3182 2864 3235 φησιν
2891 3168 2919 3218 ό
2958 3165 3298 3229 ’Λπόστολος.
3344 3166 3431 3218 Ἑν
3462 3160 3539 3227 οἷς
3567 3160 3649 3219 οὖν
3678 3161 3750 3215 διὰ

2211 3258 2468 3327 συζυγίας
2513 3258 2611 3329 τὴν
2654 3259 2872 3328 μνήμην
2912 3257 3005 3309 τοῦ
3052 3260 3401 3329 πρωτοτόκου
3458 3258 3750 3327 πεποίηται,

2208 3351 2415 3422 νεκρῶν
2451 3368 2511 3404 τε
2562 3350 2655 3405 καὶ
2702 3351 2931 3414 κτίσεως
2973 3351 3066 3404 καὶ
3099 3350 3346 3421 ἀδελφῶν
3387 3349 3750 3421 μνημονεύσας,

2208 3443 2378 3498 ταῦτα
2406 3445 2496 3498 καὶ⁵
2521 3446 2588 3497 τά
2609 3443 2833 3498 τοιαῦτα
2862 3445 2999 3497 νοεῖν
3024 3444 3367 3498 ὑποτίθεται.
3389 3446 3555 3497 Ὅπου
3577 3443 3627 3494 δὲ
3652 3442 3752 3513 δίχα

2208 3536 2308 3605 τῆς
2358 3536 2613 3605 τοιαύτης
2656 3536 2969 3608 προσθήκης
3003 3538 3186 3607 φησὶν,
3216 3538 3385 3593 Ὅταν
3404 3537 3458 3589 δὲ
3488 3536 3635 3588 πάλιν
3656 3536 3750 3587 εἰσ-

2209 3627 2392 3700 αγάγῃ
2417 3628 2507 3681 τὸν
2540 3629 2886 3699 πρωτότοκον
2923 3631 3002 3693 είς
3048 3628 3145 3700 τὴν
3174 3630 3515 3699 οἰκουμένην,
3558 3626 3752 3693 λέγει,ή

2208 3719 2301 3773 τοῦ
2327 3720 2511 3774 πάλιν
2541 3720 2821 3792 προσθήκη
2849 3721 2944 3791 τὴν
2989 3723 3079 3775 ἐπὶ
3109 3722 3255 3774 τέλει
3294 3721 3647 3792 γενησομένην
3676 3716 3753 3769 τοῦ

2209 3813 2475 3865 Δεσπότου
2506 3813 2611 3865 τῶν
2637 3814 2771 3867 ὅλων
2794 3813 3093 3884 ἐμφάνειαν
3136 3812 3509 3885 προαγορεύει.
3559 3812 3637 3871 Ὧς
3662 3808 3755 3879 γάρ

2224 3906 2323 3958 Ἑν
2348 3902 2427 3969 τῷ
2457 3905 2697 3973 ὀνόματι
2742 3905 2943 3972 Ἰησοῦ
2981 3904 3104 3961 πᾶν
3133 3907 3282 3975 γόνυ
3311 3904 3574 3975 κάμπτει,
3600 3902 3754 3955 enov-

2204 3998 2447 4065 ρανίων,
2477 3997 2768 4065 ἐπιγείων,
2805 3997 2901 4049 καὶ
2939 3997 3375 4065 καταχθονίων
3402 3997 3570 4049 καίτοι
3595 3995 3621 4046 ὁ
3647 3992 3754 4051 Υἱὸς

2209 4088 2271 4141 τὸ
2326 4087 2661 4157 ἀνθρώπινον
2708 4089 2879 4159 ὄνομα
2917 4089 3017 4141 ούκ
3060 4088 3194 4158 ἔχει,
3226 4087 3306 4158 τῷ
3340 4090 3477 4158 ὑπὲρ
3506 4087 3605 4139 πᾶν
3635 4079 3753 4136 εἶναι

2209 4181 2397 4250 ὄνομα,
2429 4180 2601 4245 οὕτως
2636 4180 2787 4252 παρά
2812 4182 2991 4250 πάσης
3019 4180 3119 4249 τῆς
3162 4180 3529 4251 ύπερκοσμίου
3555 4176 3754 4235 κτίσεως

2211 4273 2635 4343 προσκυνεῖσθαι
2694 4273 2783 4325 τὸν
2829 4272 3172 4341 πρωτότοκον
3222 4272 3394 4339 λέγει,
3427 4272 3516 4324 τὸν
3540 4265 3754 4336 δι’ἠμᾶς

2211 4365 2381 4427 οὕτως
2390 4363 2791 4435 ὠνομασμένον·
2824 4365 2981 4417 πάλιν
2997 4366 3075 4426 είς
3085 4364 3182 4434 τὴν
3195 4363 3513 4434 οἰκουμένην
3527 4359 3752 4415 εἰσιόντα.

533 4454 946 4524 ingredientem,
975 4469 1099 4507 cum
1120 4453 1388 4522 judicabit
1410 4456 1595 4510 orbem
1622 4465 1781 4510 terra:
1802 4455 1855 4507 in
1876 4454 2106 4523 justitia,

2215 4458 2341 4509 ὃταν
2375 4457 2534 4527 κρίνῃ
2562 4458 2660 4527 τὴν
2688 4456 3011 4526 οἰκουμένην
3041 4458 3097 4507 ὲν
3132 4455 3443 4525 δικαιοσύνῃ
3490 4453 3575 4507 καὶ
3614 4449 3754 4508 λαοὺς

533 4556 588 4602 et
617 4547 845 4616 populos
889 4546 942 4598 in
984 4545 1318 4600 rectitudine
1350 4546 1417 4600 '°.
1451 4546 1540 4600 Sic
1574 4561 1640 4600 ex
1679 4546 1845 4599 verbo
1895 4546 2109 4615 pietatis

534 4638 870 4695 discernitur
898 4652 961 4691 ac
1003 4637 1338 4705 diiudicatur
1366 4637 1507 4707 quod
1538 4637 1877 4706 primogeniti
1905 4647 1957 4692 et
1993 4638 2111 4691 uni-

532 4730 701 4802 geniti
732 4730 950 4785 nomine
978 4730 1341 4799 signiﬁcatur,
1388 4729 1667 4797 utriusque
1707 4730 1941 4784 nominis
1972 4730 2111 4784 inter

533 4839 598 4880 se
639 4830 854 4878 servata
904 4821 1333 4889 signiﬁcatione.
1386 4820 1490 4887 Qui
1541 4830 1720 4875 autem
1767 4822 2109 4892 primogeniti

534 4927 732 4968 nomen
779 4910 846 4964 ad
898 4925 1015 4963 eam
1049 4910 1423 4965 exsistentiam
1466 4926 1586 4979 quae
1626 4918 1710 4965 est
1751 4920 1877 4965 ante
1911 4912 2107 4967 saecula

531 5001 766 5065 reducit,
819 5001 1096 5070 quomodo
1136 5000 1404 5069 unigeniti
1444 5002 1719 5055 notionem
1759 5002 1941 5056 animo
1982 5019 2107 5072 per-

532 5102 741 5163 ceptam
788 5092 1117 5147 conservat?
1159 5092 1391 5147 Auditor
1450 5092 1762 5163 intelligens
1806 5095 2111 5150 consideret

534 5194 600 5233 an
619 5180 733 5235 haec
758 5181 897 5233 inter
922 5195 981 5235 se
1008 5188 1332 5250 congruant,
1362 5194 1485 5233 cum
1515 5196 1691 5251 neque
1722 5181 2109 5251 primogenitns

534 5273 652 5328 sine
704 5273 962 5327 fratribus
1001 5274 1365 5342 intelligatur,
1416 5287 1591 5341 neque
1644 5273 1955 5342 unigenitus
1985 5289 2107 5327 cum

536 5364 817 5419 fratribus.
872 5365 1006 5419 Cum
1082 5364 1225 5418 enim
1298 5362 1475 5427 dixit,
1548 5364 1613 5416 In
1674 5365 1926 5432 principio
1997 5376 2111 5418 erat

550 5453 769 5507 Verbum
794 5458 859 5515 ".
890 5470 989 5525 per
1016 5455 1118 5509 hoc
1150 5454 1501 5524 linigenitum
1546 5457 1928 5509 intelleximus.
1970 5458 2103 5511 Cum

537 5560 666 5601 vero
697 5547 976 5616 subjungit
1006 5562 1019 5598 :
1064 5546 1131 5599 Et
1174 5547 1391 5601 Verbum
1431 5564 1553 5601 caro
1592 5548 1792 5616 factum
1823 5559 1897 5601 est
1920 5549 1984 5613 ³ο,
2014 5565 2107 5618 pcr

2214 4550 2272 4601 ὲν
2298 4547 2571 4618 εὐθύτητι.
2599 4546 2785 4610 Οὕτως
2825 4547 3157 4617 διακρίνεται
3197 4546 3350 4617 παρά
3380 4543 3470 4598 τοῦ
3499 4544 3641 4610 λόγου
3668 4538 3753 4607 τῆς

2216 4638 2517 4702 εύσεὸείας,
2539 4639 2599 4691 τό
2628 4656 2686 4690 τε
2716 4638 2809 4690 τοῦ
2854 4638 3199 4707 πρωτοτόκου
3223 4638 3316 4689 καὶ
3343 4637 3405 4689 τὸ
3424 4634 3513 4689 τοῦ
3557 4644 3753 4701 μονογε-

2214 4730 2337 4793 νοῦς
2365 4730 2775 4800 σημαινόμενον,
2798 4729 3038 4800 ἑκατέρῳ
3052 4729 3160 4781 τῶν
3179 4729 3454 4798 ὀνομάτων
3468 4725 3561 4794 τῆς
3580 4718 3754 4775 καταλ-

2215 4822 2374 4891 λήλου
2430 4822 2701 4891 σημασίας
2741 4821 3164 4890 φυλαττομένης.
3210 4819 3267 4871 '0
3297 4819 3351 4871 δὲ
3388 4820 3466 4880 είς
3508 4816 3599 4883 τὴν
3634 4826 3750 4879 xpo-

2214 4912 2432 4966 aubvmv
2478 4911 2707 4982 ὓπαρξιν
2752 4914 2967 4979 ἀνάγων
2997 4911 3090 4964 τοῦ
3121 4910 3463 4981 πρωτοτόκου
3491 4906 3547 4958 τὸ
3580 4903 3748 4970 ὄνομα,

2215 5005 2331 5067 πῶς
2357 5003 2605 5066 διασώζει
2632 5004 2727 5075 τὴν
2746 5004 2839 5057 τοῦ
2873 5003 3187 5074 μονογενοῦς
3217 5003 3445 5066 ἒννοιανς
3478 5000 3530 5051 '0
3559 4992 3751 5051 sint?“

2214 5095 2482 5165 ἀκροατὴς
2515 5094 2915 5164 ὲπισκεψάσθω,
2938 5097 2986 5147 εί
3017 5094 3301 5164 συμϐαίνει
3324 5092 3490 5147 ταῦτα
3523 5087 3641 5159 πρὸς
3668 5082 3748 5135 ἄ).-

2213 5189 2347 5257 ληλα
2374 5230 2388 5252 ,
2428 5190 2563 5258 μήτε
2592 5186 2683 5240 τοῦ
2712 5187 3052 5257 πρωτοτόκου
3093 5186 3259 5258 χωρὶς
3289 5183 3522 5252 ἀδελφῶν
3555 5173 3750 5241 νοουμέ-

2216 5299 2327 5341 νου,
2360 5282 2496 5351 μήτε
2525 5280 2617 5332 τοῦ
2653 5278 2969 5349 μονογενοῦς
3010 5278 3146 5349 μετά
3174 5276 3440 5345 ἀδελφῶν.
3484 5274 3638 5325 Ὅταν
3668 5266 3749 5333 μὲν

2218 5372 2324 5442 γὰρ
2342 5373 2469 5442 εἴπῃ
2497 5373 2575 5424 δτι
2594 5373 2687 5423 Ἐν
2702 5370 2856 5439 ἀρχῇ
2878 5367 2955 5440 ἦν
2976 5373 3008 5424 ὀ
3028 5372 3236 5439 Λόγος,
3254 5368 3340 5421 διὰ
3359 5364 3541 5419 τούτου
3556 5361 3638 5413 τὸν
3654 5357 3747 5411 Μο-

2213 5464 2401 5531 νογενῆ
2434 5465 2752 5533 ὲνοήσαμεν.
2774 5464 2937 5515 ’Όταν
2965 5462 3019 5514 δὲ
3043 5462 3224 5533 ἐπάγῃ
3252 5462 3330 5513 ὅτι
3346 5459 3397 5510 Ὁ
3422 5456 3598 5524 Λόγος
3616 5444 3749 5513 σὰρξ

2211 5554 2467 5625 ἐγένετο,
2497 5554 2583 5606 διὰ
2614 5554 2802 5607 τούτου
2826 5554 2915 5607 τὸν
2942 5554 3285 5625 Πρωτότοκον
3314 5554 3380 5623 τῇ
3405 5546 3599 5617 διανοίᾳ
3626 5552 3747 5606 παρ-

609 5657 749 5732 ’ξΙΙΑ
776 5659 902 5715 Cor.
940 5676 991 5732 ν,
1042 5660 1128 5713 17.
1188 5661 1247 5732 _“
1282 5660 1440 5715 Joan.
1479 5678 1569 5726 xx,
1601 5662 1683 5715 l7.
1762 5663 1807 5695 “
1842 5661 1856 5714 Ι
1901 5663 2037 5717 Tim.
2076 5681 2106 5719 ιι

2290 5669 2335 5700 ’⁸
2380 5666 2536 5722 Rom.
2574 5683 2649 5732 ιι,
2686 5667 2765 5721 l6.
2845 5667 2889 5698 "
2920 5664 3050 5721 lleb.
3087 5683 3124 5730 ι,
3154 5666 3204 5720 6.
3282 5666 3323 5696 "
3364 5663 3553 5731 Philip.
3589 5673 3639 5719 ιι,
3675 5650 3747 5706 1οο

542 5728 585 5759 ⁸⁸
634 5727 773 5782 Psal.
831 5745 904 5791 Ix,
938 5729 1024 5782 ll.
1100 5732 1143 5763 ”
1181 5728 1337 5786 Joan.
1372 5748 1410 5797 ι,
1462 5732 1509 5786 l.
1588 5733 1631 5763 ³⁰
1672 5734 1801 5789 ibid.
1850 5736 1928 5789 ll.
