1961 3235
90 175 136 202 505

652 170 792 200 CONTRA
805 168 999 204 EUNOMIUM,
1014 169 1079 197 LIB.
1094 170 1126 197 ll.

1644 167 1697 196 508

92 234 236 270 ἐδεξάμεθα.
253 234 309 261 Καὶ
320 233 406 265 οὕτως
416 232 568 268 ἀσύγχυτος
581 230 709 267 μένειτῆς
725 228 864 261 εὐσεϐείας

921 229 967 255 hoc
978 227 1181 263 Primogenitum
1191 231 1280 254 meme
1286 231 1314 254 et
1322 225 1499 261 intelligentia
1510 228 1695 261 concepimus.

89 284 102 307 ὸ
113 281 193 313 λόγος.
208 279 353 313 φυλάσσων
364 277 486 313 ἑκατέρῳ
495 277 550 303 τῶν
562 276 701 311 ὀνομάτων
713 274 763 306 τὰς
775 281 858 309 προσ-

90 327 156 362 φυεῖς
167 324 315 360 σημασίας,
333 324 369 355 ὡς
387 324 414 349 έν
434 322 484 357 μὲν
496 320 536 356 τῷ
560 322 697 356 μονογενεῖ
711 320 818 355 βλέπειν
830 318 860 345 τὸ

91 371 251 408 σροαιώνιον,
271 370 315 396 διὰ
328 368 409 396 δὲτοῦ
423 367 596 404 πρωτοτόκου
610 367 659 402 τῆς
673 366 795 397 κτίσεως,
811 365 860 400 τὴν

88 417 124 444 ea
137 416 233 451 σαρκὸς
252 415 301 442 τοῦ
319 414 480 450 προαιωνίου
496 413 657 448 φανέρωσιν.

117 504 194 531 Πάλιν
215 503 244 529 δὲ
259 502 306 529 τοῦ
327 502 457 538 Εὐνομίον
480 503 525 529 τὸν
546 501 623 536 λόγον
641 500 784 534 ἑπιλέξεως
798 500 862 526 ἀνα-

88 550 210 584 λάϐωμεν.
227 549 414 583 Πιστεύομεν
425 548 473 575 καὶ
491 549 533 580 εις
557 547 610 574 τὸν
625 546 698 573 Θεοῦ
718 546 795 577 Υιὸν,
815 545 863 572 τὸν

85 594 222 631 μονογενῆ
249 595 347 626 Θεὸν,
377 594 430 620 τὸν
459 594 645 627 πρωτότοκον
672 591 772 625 πάσης
803 590 863 617 κτί-

88 650 162 674 σεως,
186 641 257 668 Υἰὸν
285 640 439 674 ἀληθινὸν,
469 640 525 666 οὐκ
546 639 727 673 ἀγέννητον,
746 636 864 670 ἀληθῶς

87 686 259 722 γεννηθέντα
279 686 336 720 πρὸ
349 686 473 712 αἰώνων.
490 686 549 711 Ὀτι
565 684 615 720 μὲν
630 682 676 710 οὖν
692 683 803 718 μετάγει
816 683 865 717 τὴν

86 735 127 769 τῆς
138 733 291 768 γεννήσεως
307 732 425 767 ἔμφασιν
444 733 484 763 είς
499 731 530 758 τὸ
541 731 590 766 τῆς
608 730 721 761 κτίσεως
734 728 864 764 σημαινόο

89 788 165 814 μενον,
184 778 268 812 δῆλόν
290 778 373 809 ἐστιν,
395 777 424 810 ἐξ
443 774 481 804 ὧν
502 775 648 812 διαρρήδην
664 774 771 802 κτιστδν
787 772 866 799 αὑτὸν

88 823 294 859 προσηγόρευσε,
308 823 450 857 γενόμενον
465 821 549 848 εἰπὼν
563 821 643 848 αὐτὸν
663 820 710 847 καὶ
728 819 777 846 οὐκ
789 819 866 846 ἄκτι-

88 878 148 896 ατον.
166 869 263 903 Ἡμεῖς
275 868 317 900 δὲ,
334 868 371 900 ὡς
387 868 419 895 ἂν
440 868 556 902 μάλιστα
567 866 598 893 τὸ
610 866 806 893 ἀνεπίσκεπτον
821 864 868 891 αὺ-

88 916 125 942 τοῦ
144 915 188 942 καὶ.
213 915 378 941 ἀπαίδευτον
402 915 431 940 ὲν
454 915 509 945 τοῖς
536 914 652 948 δόγμασι
681 911 865 947 φανερωθείη,

86 962 191 996 ἀφέντες
203 961 234 987 τὸ
250 960 420 995 σχετλιάζειν
435 960 480 986 ἐπὶ
498 958 535 994 τῷ
548 959 671 994 προδήλῳ
682 959 729 993 τῆς
746 958 866 993 βλασφη-

89 1008 150 1043 μίας,
171 1008 287 1042 τεχνικῇ
307 1015 360 1033 τινι
382 1006 512 1041 διαιρέσει
528 1004 573 1031 τὸν
591 1005 655 1039 περὶ
674 1004 767 1030 τούτου
790 1003 868 1038 λόγον

86 1053 282 1088 διαληψὼμεθα.
304 1053 382 1079 Δοκεῖ
396 1053 450 1087 γάρ
471 1060 516 1087 μοι
536 1050 626 1082 καλῶς
648 1050 728 1085 ἔχειν,
753 1050 818 1076 αὐτὸ
837 1049 868 1076 τὸ

88 1099 129 1133 τῆς
148 1098 305 1133 γεννήσεως
329 1097 525 1132 σημαινόμενον
547 1095 581 1122 δι’
602 1094 812 1130 ἐπιμελεστέρας
823 1094 868 1126 ἑξε-

88 1146 193 1176 ετάσεως
218 1143 406 1178 διασκοπῆσαι
425 1143 464 1178 τῷ
481 1143 561 1177 λόγῳ.
578 1143 639 1169 Ὅτι
662 1141 711 1177 μὲν
730 1139 775 1167 οὖν
792 1140 821 1167 τὸ
839 1140 868 1174 ἐξ

88 1191 165 1222 αἰτίας
183 1188 254 1217 εἷναί
272 1198 345 1222 τινος
365 1189 395 1216 τὸ
413 1189 499 1224 ὄνομα
517 1188 597 1215 τοῦτο
614 1188 773 1223 παρίστησι,
788 1186 870 1213 παντὶ

88 1237 155 1271 δῆλόν
170 1237 239 1268 ἐστι,
257 1236 309 1262 καὶ
323 1235 399 1262 οὐδὲν
413 1232 491 1270 οἴμαι
507 1234 571 1270 περὶ
591 1234 686 1261 τούτου
700 1234 795 1269 χρῆναι
810 1232 869 1259 δια-

89 1282 258 1315 γωνίζεσθαι·
286 1281 342 1308 ἀλλ’
370 1280 464 1316 ἐπειδὴ
488 1280 615 1315 διάφορος
641 1279 695 1306 τῶν
726 1279 756 1311 ἐξ
781 1278 870 1310 αῑτίας

91 1327 241 1362 ὑφεστώτων
267 1328 284 1353 ὁ
297 1326 377 1361 λόγος
399 1326 466 1358 ἐστὶ,
490 1325 562 1352 τοῦτ’
574 1323 649 1361 οἶμαι
666 1325 813 1361 προσήκειν
826 1324 871 1351 διά

90 1382 149 1405 τινος
170 1375 304 1409 τεχνικῆς
327 1373 484 1408 διαιρέσεως
507 1372 703 1408 σαφηνισθῆναι
725 1370 764 1406 τῷ
787 1370 869 1404 λόγῳ.

90 1420 141 1446 Τῶν
154 1420 244 1446 τοίνυν
259 1419 294 1446 ἐκ
306 1427 379 1451 τινος
398 1419 488 1450 αἰτίας
499 1417 688 1453 γεγενημένων
704 1417 804 1448 ταύτας
821 1416 870 1447 τὰς

89 1465 206 1501 διαφορὰς
228 1464 451 1499 κατειλήφαμεν·
472 1464 513 1490 Τὰ
528 1463 577 1499 μὲν
600 1463 654 1498 γὰρ
678 1462 708 1495 ἐξ
728 1462 793 1498 ὕλης
813 1462 871 1489 ἐστὶ

90 1511 129 1538 καὶ
144 1511 251 1546 τέχνης,
271 1510 309 1542 ὡς
329 1510 358 1537 αἱ
375 1509 429 1536 τῶν
449 1508 673 1545 οἰκοδομημάτων
687 1509 734 1536 καὶ
747 1508 801 1535 τῶν
817 1508 872 1535 λοι-

909 272 943 300 Et
966 274 1005 300 sic
1031 272 1190 300 inconfusus
1214 277 1304 298 manci.
1330 273 1438 306 pietatis
1459 279 1561 305 sermo,
1589 272 1697 307 utrique

909 317 1013 345 nomini
1028 316 1143 344 adnatas
1164 321 1190 343 et
1205 316 1374 343 adhaerentes
1394 315 1607 351 signiﬁcationes
1629 324 1697 344 con-

910 370 1034 396 servans,
1044 362 1138 397 sicque
1151 363 1177 388 in
1194 362 1331 396 unigenito
1346 361 1371 388 id
1383 362 1454 396 quod
1464 368 1507 389 est
1515 367 1576 388 ante
1585 362 1696 393 saecula,

911 416 960 443 per
969 407 1177 443 primogenitum
1203 415 1267 435 vero
1278 408 1434 437 creationis.
1453 415 1501 442 per
1515 415 1624 434 carnem
1636 407 1697 442 ejus

911 454 957 490 qui
974 458 1015 481 est
1035 458 1097 481 ante
1115 453 1214 481 saecula
1235 453 1479 481 manifestationem
1495 453 1642 480 intuemur.

949 499 1002 527 Sed
1031 499 1156 527 Eunomii
1174 498 1207 526 ad
1222 499 1333 526 verbum
1346 499 1495 525 orationem
1518 503 1674 534 repetamus
1688 506 1696 525 :

914 546 1062 576 Credimus,
1082 546 1180 580 inquit.
1201 546 1228 572 in
1240 545 1288 572 Dei
1302 544 1412 577 Filium,
1428 544 1589 579 unigenitum
1602 543 1696 577 Deum,

914 593 1113 627 primogenitum
1140 593 1224 619 omnis
1246 598 1384 623 creatum,
1405 590 1504 618 Filium
1533 599 1622 618 verum
1646 598 1698 617 non

915 638 1069 673 ingenitum,
1085 646 1142 664 uere
1164 643 1224 665 ante
1243 638 1342 664 swcula
1360 638 1488 672 genitum.
1518 636 1594 669 Quod
1618 636 1699 671 igitur

915 684 1099 720 generationis
1115 684 1338 719 significationem
1362 683 1396 710 ad
1420 683 1570 710 creationis
1591 681 1698 717 signiﬁ-

917 734 1007 757 catum
1034 729 1162 761 adducat,
1191 730 1366 764 perspicuum
1390 733 1433 757 est
1458 737 1491 756 ex
1520 729 1572 760 his,
1597 729 1697 763 quibus

917 780 1010 811 aperte
1029 781 1056 803 et
1076 775 1222 803 manifesto
1240 776 1327 811 ipsum
1347 780 1466 802 creatum
1486 774 1641 810 appellavit,
1659 774 1697 801 fa-

916 827 991 850 ctum
1004 823 1093 858 ipsum
1105 830 1166 850 cum
1178 822 1257 854 dixit,
1268 826 1294 849 et
1306 830 1359 848 non
1371 822 1530 848 increatuin.
1542 820 1596 848 Nos
1607 825 1697 849 autem

920 873 949 896 ut
964 869 1109 896 temeraria
1124 872 1151 896 et
1163 868 1364 895 inconsiderata
1381 867 1466 901 ipsius
1487 867 1594 894 inscitia
1614 870 1696 901 atque

917 915 1068 950 ignorantia
1087 916 1113 942 in
1130 915 1188 942 suis
1205 915 1296 949 pravis
1313 914 1490 948 opinionibus
1509 913 1700 941 manifestetur

916 961 1014 995 magis,
1028 960 1137 988 omissis
1150 960 1381 995 deplorationibus
1397 963 1478 994 atque
1491 959 1598 986 dolendi
1613 960 1699 986 ratio-

920 1006 1012 1037 nibus,
1028 1010 1137 1041 propter
1155 1005 1327 1033 manifestam
1340 1009 1366 1032 et
1379 1005 1506 1033 omnibus
1522 1009 1612 1032 notam
1626 1005 1698 1032 blas-

916 1053 1054 1088 phemiam
1080 1052 1138 1079 sive
1157 1052 1317 1087 sacrilegam
1341 1052 1524 1086 impietatem,
1550 1051 1699 1079 artificiosa

918 1099 1034 1134 quadam
1059 1099 1236 1126 distinctione
1256 1098 1290 1126 de
1309 1106 1341 1125 eo
1361 1098 1512 1125 orationem
1535 1096 1697 1125 dividamus.

919 1145 972 1173 Res
998 1145 1071 1173 enim
1095 1144 1162 1171 mihi
1185 1144 1294 1172 videtur
1315 1144 1444 1179 praeclare
1468 1144 1578 1176 habere,
1596 1144 1618 1170 si
1641 1143 1701 1170 dili-

918 1191 1041 1225 gentiore
1052 1190 1177 1218 examine
1188 1190 1371 1225 generationis
1384 1189 1564 1224 significatum
1576 1190 1700 1216 oratione

919 1236 1128 1271 perspiciamus.
1154 1235 1232 1268 Quod
1254 1235 1337 1271 igitur
1351 1243 1383 1262 ex
1405 1243 1488 1263 causa
1517 1242 1579 1262 esse
1598 1235 1700 1269 aliqua,

917 1281 972 1309 hoc
988 1282 1076 1316 ipsum
1095 1288 1193 1308 nomen
1208 1280 1343 1315 designat,
1357 1280 1444 1308 cuivis
1459 1281 1631 1316 perspicuum
1647 1285 1700 1313 est,

920 1333 1008 1360 neque
1032 1329 1098 1360 puto
1114 1325 1147 1352 de
1167 1332 1199 1352 eo
1212 1325 1405 1352 decertandum
1421 1333 1490 1354 esse.
1503 1325 1556 1354 Sed
1572 1327 1700 1361 quoniam

920 1378 1013 1399 eorum
1031 1378 1090 1405 quae
1114 1378 1145 1398 ex
1161 1377 1245 1397 causa
1259 1370 1415 1398 subsistunt
1429 1371 1536 1398 diversa
1555 1375 1598 1398 est
1619 1372 1700 1403 ratio,

920 1417 973 1444 hoc
997 1417 1115 1443 arbitror
1140 1416 1286 1444 artiﬁciosa
1305 1417 1422 1451 quadam
1447 1417 1580 1444 divisione
1601 1425 1701 1445 conve-

920 1463 980 1490 nire
1000 1463 1156 1490 dilucidari.
1183 1462 1282 1490 Eorum
1300 1463 1383 1498 igitur
1397 1470 1458 1497 quae
1475 1470 1508 1490 ex
1534 1470 1616 1490 causa
1637 1467 1701 1490 sunt

921 1508 1012 1543 aliqua
1026 1511 1130 1540 exorta,
1147 1508 1197 1535 has
1208 1507 1377 1535 ditl‘erentias
1393 1509 1563 1542 accepimus:
1574 1508 1701 1542 Quaedam

91 1556 139 1582 πῶν
159 1556 247 1591 ἔργων
273 1555 451 1585 κατασκευαὶ,
468 1554 512 1581 διὰ
534 1555 584 1589 τῆς
606 1554 666 1581 κατ’
680 1553 791 1589 ἀλλήλου
806 1553 869 1587 ὕλης

922 1562 955 1581 ex
983 1554 1097 1581 materia
1126 1558 1150 1581 et
1175 1557 1234 1581 arte
1258 1557 1395 1587 constant,
1423 1561 1451 1581 ut
1472 1554 1647 1582 aediﬁciorum
1675 1559 1702 1582 et

91 1602 218 1636 γινόμεναι
229 1623 237 1632 ,
254 1598 296 1628 ὧν
316 1600 475 1636 καθηγεῖται
493 1608 537 1631 τις
552 1599 631 1635 τέχνη
650 1599 718 1636 πρὸς
739 1599 785 1626 τὸν
805 1599 870 1626 ίδιον

93 1647 179 1674 mmihi
190 1647 221 1673 τὸ
236 1646 371 1683 προτεθὲν
395 1644 630 1681 συμπεραίνουσα·
648 1644 682 1671 τά
701 1644 740 1675 δὲ,
755 1643 784 1677 ἐξ
806 1643 871 1678 ὕλης

93 1692 130 1718 καὶ
151 1691 272 1726 φύσεως.
298 1690 354 1722 Τὰς
379 1690 434 1724 γὰρ
455 1689 485 1721 ἐξ
510 1688 633 1724 ἀλλήλων
655 1688 794 1724 γεννήσεις
817 1688 872 1714 τῶν

92 1736 156 1768 ζώων
182 1738 198 1772 ὴ
221 1736 309 1771 φύσις
327 1735 471 1769 οἰκοδομεῖ,
494 1733 538 1760 διὰ
555 1733 605 1768 τῆς
621 1734 649 1760 ἐν
669 1734 725 1765 τοῖς
747 1732 872 1768 σώμασιν

93 1782 173 1817 ὑλικῆς
186 1781 368 1812 ὑποστάσεως
389 1780 420 1806 τὸ
441 1779 541 1814 ἑαυτῆς
560 1779 718 1814 ὲνεργοῦσα.
739 1778 780 1805 Τὰ
801 1778 829 1805 δὲ
842 1778 872 1811 ἐξ

94 1827 175 1861 ὑλικῆς
188 1826 352 1863 ἀπορροίας,
366 1826 409 1860 ἐφ’
422 1821 459 1852 ὧν
471 1825 518 1852 καὶ
535 1825 567 1851 τὸ
580 1824 782 1860 προηγούμενον
798 1824 872 1858 μένει

93 1870 138 1899 οτόν
149 1875 235 1906 ἐστιν,
257 1873 304 1899 καὶ
329 1873 359 1898 τὸ
377 1872 425 1898 ἀπ’
447 1871 550 1898 ἐκείνου
569 1871 627 1906 ῥέον
643 1871 686 1905 ἐφ’
699 1869 794 1898 ἑαυτοῦ
808 1869 873 1896 καθ-

94 1921 186 1954 ορᾶται,
202 1920 241 1950 ὡς
259 1918 306 1944 ἐπὶ
322 1917 367 1944 τοῦ
384 1917 460 1953 ὴλίου
476 1917 522 1944 καὶ
536 1916 586 1951 τῆς
598 1917 716 1949 ἀκτῖνος,
734 1916 750 1951 ῆ
766 1916 811 1942 ἐπὶ
823 1915 873 1949 τῆς

95 1964 220 1999 λαμπάδος
244 1963 294 1990 καὶ
318 1962 367 1997 τῆς
390 1962 496 1996 αὐγῆς,
522 1962 568 1987 ἐπὶ
594 1960 648 1987 τῶν
668 1960 821 1996 ἀρωμάτων
843 1968 873 1986 τε

96 2009 196 2035 καὶτῶν
215 2007 323 2043 μύρων,
340 2006 387 2033 καὶ
412 2006 462 2040 τῆς
485 2006 588 2032 ἐκεῖθεν
604 2004 776 2039 ὲκδιδομένης
800 2003 874 2030 ποιό-

95 2060 171 2087 τητος.
198 2052 295 2079 Ταῦτα
322 2052 377 2087 γὰρ
404 2051 447 2085 ἐφ’
469 2050 572 2077 ἑαυτῶν
598 2050 720 2086 άμείωτα
748 2049 871 2085 μένοντα,

96 2099 163 2130 εὐθὺς
182 2099 238 2134 ἔχει
258 2096 541 2132 συμπρομαρτοῦσαν
563 2096 681 2131 ἑκάστην
697 2096 745 2131 τὴν
763 2096 810 2122 ἀπ’
825 2095 874 2122 αὑ-

97 2144 140 2170 τῶν
152 2143 327 2179 ὲκδιδομένην
339 2142 455 2177 φυσικὴν
480 2142 611 2177 ἰδιότητα·
629 2139 684 2168 οἷον
700 2142 714 2168 ὁ
735 2141 783 2177 μὲν
799 2141 874 2176 ἥλιος

97 2189 137 2224 τὴν
148 2190 257 2221 ἀκτῖνα,
273 2189 290 2224 ἠ
309 2188 337 2215 δὲ
348 2188 457 2223 λαμπὰς
473 2187 521 2223 τὴν
534 2187 631 2223 αὐγὴν,
647 2187 681 2213 τὰ
698 2187 725 2214 δὲ
740 2187 873 2222 ἀρώματα

921 1599 1089 1634 reliquorum
1103 1607 1212 1633 operum
1233 1599 1440 1631 exstructiones,
1460 1607 1519 1635 quae
1534 1607 1567 1627 ex
1590 1600 1701 1628 materia

921 1645 993 1672 inter
1014 1652 1043 1672 se
1064 1644 1213 1679 conjuncta
1236 1644 1312 1677 ﬁunt.
1335 1644 1435 1679 quibus
1463 1652 1508 1672 ars
1531 1645 1620 1680 aliqua
1646 1652 1703 1672 ma—

921 1691 1003 1726 gistra
1025 1695 1131 1726 praest,
1151 1690 1184 1717 ad
1209 1691 1349 1725 proprium
1368 1697 1481 1725 seopum
1505 1690 1532 1717 id
1549 1690 1621 1725 quod
1639 1697 1703 1725 pro-

921 1736 1037 1771 positum
1061 1740 1103 1763 est
1128 1735 1287 1763 terminans.
1311 1735 1369 1762 Alia
1393 1743 1458 1762 vero
1484 1743 1515 1762 ex
1543 1735 1655 1763 materia
1674 1739 1702 1763 et

921 1786 1030 1809 natura.
1054 1781 1249 1809 Generationes
1268 1783 1339 1809 enim
1355 1781 1512 1808 animalium
1527 1789 1560 1809 ex
1582 1789 1611 1809 se
1634 1782 1704 1809 invi-

921 1834 979 1854 cem
996 1831 1093 1854 natura
1121 1827 1249 1858 exstruit,
1265 1834 1314 1862 per
1338 1827 1504 1854 materialem
1533 1834 1593 1862 quae
1609 1831 1652 1854 est
1675 1827 1702 1854 in

921 1873 1081 1907 corporibus
1107 1872 1311 1899 subsistentiam
1340 1880 1419 1900 suum
1444 1880 1513 1907 opus
1541 1873 1702 1901 conficiens.

921 1918 981 1945 Alia
1000 1918 1081 1945 etiam
1098 1925 1131 1944 ex
1152 1918 1285 1944 materiali
1309 1917 1428 1949 deﬂuxu,
1458 1919 1485 1945 in
1513 1918 1612 1953 quibus
1629 1918 1703 1953 quod

922 1964 1056 1991 antecedit
1075 1968 1166 1990 manet
1181 1964 1260 1998 quale
1275 1968 1327 1995 est.
1347 1968 1374 1991 et
1387 1963 1458 1998 quod
1475 1971 1507 1991 ex
1531 1964 1577 1991 illo
1592 1963 1651 1991 ﬂuit
1674 1963 1700 1990 in

922 2017 952 2037 se
974 2010 1032 2044 ipso
1051 2009 1238 2043 conspicitur:
1267 2013 1295 2036 ut
1310 2009 1336 2036 in
1353 2009 1410 2036 sole
1421 2014 1448 2037 et
1463 2009 1549 2041 radio,
1562 2013 1608 2035 aut
1622 2009 1650 2036 in
1663 2010 1703 2036 lu-

923 2061 1004 2081 cerna
1017 2057 1043 2080 et
1058 2054 1083 2080 in
1096 2053 1294 2088 splendore,ch
1306 2053 1333 2080 in
1345 2053 1530 2080 odoramentis
1541 2057 1568 2080 et
1578 2061 1702 2089 unguen-

923 2100 958 2127 tis
968 2100 1032 2127 etin
1045 2107 1075 2127 ea
1087 2107 1147 2135 qua!
1157 2099 1219 2127 inde
1227 2100 1348 2127 dimanat
1358 2100 1497 2134 qualitate.
1516 2099 1578 2127 Haec
1587 2101 1658 2127 enim
1675 2102 1702 2128 in

923 2146 1031 2181 seipsis
1049 2153 1101 2172 non
1124 2145 1267 2172 imminuta
1290 2146 1441 2177 manentia,
1458 2147 1588 2173 continuo
1603 2147 1703 2174 habent

925 2192 1030 2227 singula
1054 2191 1282 2218 concomitantem
1298 2191 1333 2219 ab
1353 2192 1421 2226 ipsis
1437 2197 1608 2220 emanantem
1623 2197 1704 2220 natu-

97 2234 137 2268 τὴν
145 2235 182 2269 τῷ
193 2235 257 2270 ἀέρι
265 2233 454 2268 ὲντικτομένην
468 2232 496 2266 ἐξ
508 2232 596 2259 αὐτῶν
607 2232 729 2258 εὐωδίαν.
740 2232 813 2258 Ἐστι
825 2233 869 2259 καὶ

924 2238 1007 2265 ralem
1022 2238 1211 2273 proprietatem
1225 2247 1231 2264 :
1245 2242 1272 2264 ut
1288 2237 1328 2265 sol
1341 2238 1449 2273 quidem
1463 2238 1580 2270 radium,
1595 2239 1704 2266 lucerna

98 2279 178 2314 ἓτερον
190 2279 262 2311 εἶδος
276 2280 350 2314 παρὰ
368 2278 453 2305 ταῦτα
468 2279 632 2312 γεννήσεως·
650 2275 679 2304 οὗ
694 2278 710 2312 ἡ
736 2278 784 2313 μὲν
801 2278 873 2305 alsia

99 2324 167 2357 ᾶῦλός
180 2327 240 2352 ἐστι
260 2325 307 2352 καὶ
327 2324 480 2359 ἀσώματος,
497 2325 512 2359 ἡ
528 2324 555 2350 δὲ
576 2324 700 2358 γέννησις
717 2324 831 2359 αἰσθητή
844 2332 874 2350 τε

100 2372 138 2397 καὶ
150 2372 190 2398 διὰ
205 2371 355 2405 σωμάτων·
373 2370 444 2404 λέγω
457 2370 485 2395 δὲ
499 2369 544 2395 τὸν
565 2370 596 2395 ὲκ
617 2369 664 2395 τοῦ
681 2369 727 2396 νοῦ
738 2369 874 2404 γεννώμε-

100 2425 136 2442 νον
154 2417 242 2451 λόγον.
264 2415 420 2450 Ἀσὼματος
442 2415 495 2450 γὰρ
519 2415 556 2441 ὢν
579 2414 638 2441 καθ’
656 2415 751 2441 ἑαυτὸν
770 2415 784 2441 ὁ
813 2414 874 2446 νοῦς

100 2462 136 2488 διὰ
149 2462 200 2489 τῶν
215 2460 353 2496 αἰσθητῶν
375 2461 497 2496 ὁργάνων
522 2460 606 2487 τίκτει
629 2460 675 2487 τὸν
699 2460 786 2494 λόγον.
810 2461 876 2487 Τοσ-

101 2508 174 2539 αὑτας
191 2508 343 2542 γεννήσεων
356 2506 486 2542 διαφορὰς
498 2504 551 2533 οἷον
572 2508 600 2533 ὲν
614 2508 728 2542 γεννητῇ
741 2515 794 2533 τινι
809 2507 874 2533 θεω-

104 2553 141 2588 ρίᾳ
154 2555 367 2589 κατενοήσαμεν.

926 2282 1057 2318 fulgorem
1074 2292 1080 2310 :
1103 2282 1279 2310 odoramenta
1292 2290 1356 2310 vero
1381 2291 1491 2310 suavem
1513 2291 1545 2311 ex
1565 2284 1662 2318 seipsis
1678 2284 1705 2311 in

927 2337 989 2356 aere
1009 2328 1138 2356 diffusum
1163 2329 1263 2356 habent
1290 2329 1411 2356 odorem.
1433 2329 1533 2357 Praeter
1555 2330 1605 2357 has
1624 2330 1704 2356 etiam

927 2375 980 2401 alia
1002 2379 1045 2402 est
1061 2374 1244 2409 generationis
1258 2374 1372 2409 species,
1392 2374 1472 2409 cujus
1498 2375 1607 2410 quidem
1623 2382 1706 2401 causa

928 2420 1048 2447 materia:
1067 2425 1148 2455 atque
1163 2420 1286 2455 corporis
1302 2424 1345 2448 est
1364 2428 1472 2455 expers,
1490 2421 1626 2455 generatio
1641 2427 1706 2447 vero

928 2466 1038 2494 sensilis
1066 2470 1093 2493 et
1122 2473 1172 2501 per
1208 2474 1341 2501 corpora,
1364 2467 1425 2494 dico
1444 2471 1533 2494 autem
1558 2474 1591 2493 ex
1617 2470 1707 2493 mente

928 2511 1091 2547 productum
1113 2519 1279 2539 sermonem.
1304 2511 1372 2539 Cum
1396 2513 1468 2539 enim
1487 2519 1564 2539 mens
1585 2512 1642 2546 ipsa
1659 2519 1707 2546 per

929 2564 958 2583 se
974 2557 1010 2584 sit
1026 2557 1185 2592 incorporea
1197 2565 1244 2592 per
1256 2558 1436 2585 instrumenta
1450 2565 1558 2585 sensum
1570 2557 1707 2584 moventia

103 2599 177 2633 gignit
195 2607 361 2627 sermonem.
396 2598 519 2625 Totidem
561 2598 767 2633 generationum
804 2598 973 2630 dilTerentias
997 2604 1080 2631 insita
1107 2604 1224 2639 quadam
1248 2608 1329 2639 atque
1360 2605 1478 2639 ingenita
1506 2603 1707 2638 contemplandi

104 2646 196 2673 ratione
218 2646 418 2681 perspeximus.

133 2694 234 2721 Τούτων
248 2694 338 2720 τοίνυν
353 2693 406 2719 τῶν
423 2693 471 2727 τῆς
486 2693 636 2728 γεννήσεως
661 2693 768 2727 τρόπων
791 2693 876 2725 οὕτως

105 2736 160 2771 ἡμῖν
170 2738 350 2773 διηρημένων,
366 2737 458 2772 καιρὸς
472 2737 505 2763 ἂν
526 2737 567 2772 εἴη
583 2737 699 2763 κατιδεῖν
716 2737 773 2768 πῶς
789 2739 804 2772 ἡ
819 2738 877 2772 φιλ-

106 2781 234 2818 άνθρωπος
255 2783 303 2810 τοῦ
324 2783 401 2817 ἁγίου
420 2782 577 2818 Πνεὺματος
598 2782 745 2817 οἰκονομία,
763 2783 876 2818 παραδι-

107 2825 179 2854 δοῦσα
191 2829 222 2856 τὰ
237 2829 296 2855 θεῖα
313 2829 447 2864 μυστήρια
459 2828 502 2854 διὰ
515 2827 569 2854 τῶν
591 2828 656 2863 ἡμῖν
676 2828 806 2864 χωρητῶν
829 2828 877 2864 τὴν

106 2869 262 2902 διδασκαλίαν
285 2876 398 2902 ποιεῖται
417 2873 464 2909 τὴν
478 2873 548 2909 ὑπὲρ
560 2872 646 2907 λόγον.
669 2873 760 2901 Πάντα
773 2873 825 2909 γὰρ
843 2873 877 2900 τὰ

965 2694 1013 2723 His
1034 2695 1116 2730 igitur
1128 2696 1311 2729 generationis
1327 2696 1415 2723 modis
1432 2698 1472 2723 sic
1487 2704 1502 2723 a
1520 2697 1598 2725 nobis
1610 2698 1710 2726 distin-

929 2741 981 2768 ctis
997 2760 1004 2772 ,
1040 2745 1146 2776 tempus
1169 2741 1224 2775 jam
1248 2741 1328 2768 fuerit
1354 2742 1551 2776 conspiciendi,
1571 2745 1708 2777 quomodo

930 2787 1059 2815 benevola
1075 2788 1102 2814 in
1119 2787 1256 2814 hominum
1269 2795 1355 2822 genus
1372 2786 1490 2822 Spiritus
1500 2790 1587 2817 sancti
1598 2789 1709 2825 dispen-

930 2832 1001 2859 satio
1020 2832 1099 2858 nobis
1117 2839 1163 2866 per
1188 2839 1219 2858 ea
1239 2839 1299 2865 qua:
1321 2839 1418 2866 capere
1446 2839 1592 2867 possumus
1617 2833 1710 2863 divina

930 2877 1041 2905 tradens
1052 2876 1190 2912 mysteria,
1203 2876 1355 2905 doctrinam
1365 2878 1439 2905 omni
1454 2886 1574 2908 sermone
1585 2880 1707 2914 superio-
