3922 6478
534 340 640 397 507

1764 338 1821 392 S.
1849 335 2173 393 GREGORII
2196 335 2488 393 NYSSENI

3629 339 3713 395 508

531 471 644 509 rem
671 454 892 526 prabet.
918 452 1123 510 Omnes
1147 454 1292 510 enim
1319 453 1686 525 generationis
1713 454 1940 523 species,
1966 469 2101 522 quas

2217 457 2300 525 τῆς
2328 457 2630 527 γεννήσεως
2664 454 2799 524 εἴδη,
2830 455 2927 508 ὅσα
2952 455 2986 523 ὴ
3018 452 3326 524 ἀνθρωπίνη
3366 452 3597 521 γινώσκει
3625 456 3717 511 διὰ-

531 546 767 599 humana
805 545 1091 615 cognoscit
1133 545 1510 614 intelligentia,
1545 542 1808 596 divinitus
1841 542 2100 610 inspirata

531 642 781 696 doctrina
823 641 889 695 ad
921 640 1213 695 ineﬁabilis
1248 640 1500 711 potentize
1555 637 2099 698 demonstrationem,

532 733 814 803 corporeis
848 732 1129 785 nominum
1155 730 1646 801 signiﬁcationibus
1678 730 1914 789 omissis,
1947 743 2102 782 assu-

533 822 653 876 mit.
688 822 822 875 Cum
855 823 999 875 enim
1034 820 1101 875 de
1131 820 1369 889 potentia
1403 817 1703 872 conditrice
1731 826 1786 869 et
1843 817 2102 872 ereatrice

534 914 797 984 loquitur,
845 913 1245 984 generationem
1294 920 1439 966 certe
1480 912 1723 965 nominat
1775 910 1881 963 vim
1935 911 2097 963 talem

534 1004 823 1065 ellieiendi,
859 1005 984 1073 quia
1022 1010 1270 1071 oporteat
1309 1015 1613 1055 sermonem
1644 999 1711 1053 ad
1757 998 2010 1052 humilem
2049 1006 2103 1052 et

538 1093 872 1147 imbecillum
907 1100 1124 1160 captum
1176 1098 1374 1145 nostra:
1404 1089 1678 1143 facultatis
1711 1099 1764 1143 et
1794 1089 2103 1158 intelligen-

538 1184 629 1238 tia:
662 1182 1011 1237 descendere.
1064 1180 1179 1234 Non
1211 1180 1428 1249 quidem
1479 1179 1659 1233 omnia
1686 1194 1805 1247 quae
1833 1177 1975 1247 apud
2005 1191 2103 1230 nos

538 1290 662 1329 cum
681 1274 1030 1344 generatione
1060 1272 1340 1341 quidpiam
1368 1278 1645 1323 astruente
1667 1269 2098 1339 conspiciuntur,

546 1372 964 1428 commonstrat,
992 1378 1096 1415 non
1123 1363 1322 1426 locum,
1346 1376 1453 1414 non
1479 1369 1711 1430 tempus,
1735 1377 1840 1414 non
1864 1360 2105 1415 materiae

538 1456 1007 1525 praeparationem,
1040 1469 1145 1507 non
1186 1454 1670 1507 instrumentorum
1703 1454 2101 1522 cognationem,

538 1561 647 1600 non
678 1560 901 1615 sc0pum
936 1545 988 1597 in
1036 1560 1200 1613 quem
1238 1560 1358 1612 qua:
1382 1551 1685 1597 nascuntur
1718 1544 1942 1597 tendunt
1971 1562 1983 1597 :
2012 1542 2105 1597 sed

537 1636 653 1692 haec
682 1637 841 1691 nobis
874 1636 1160 1705 cogitanda
1196 1636 1529 1704 relinquens,
1562 1635 1843 1704 magnilice
1868 1645 1919 1688 et
1944 1634 2107 1689 subli-

538 1728 697 1783 miter
717 1743 902 1781 eorum
937 1742 1057 1796 qua:
1098 1735 1225 1781 sunt
1255 1727 1656 1795 generationem
1692 1724 1799 1781 Deo
1830 1726 2102 1791 attribuit,

2202 566 2339 612 νοια,
2374 551 2406 618 ή
2442 547 2793 608 θεόπνευστος
2820 545 3133 598 διδασκαλία
3177 544 3313 615 πρὸς
3355 544 3448 614 τὴν
3480 547 3719 615 παράσταο

2203 656 2285 693 σιν
2326 640 2427 708 τῆς
2470 639 2704 710 ἀρρήτου
2745 637 3023 706 δυνάμεως
3068 634 3492 705 παραλαμϐάνει,
3524 635 3721 707 οὐσυμ-

2202 730 2615 800 παραδεχομένη
2660 728 2758 791 τάς
2798 728 3111 797 σωματικὰς
3154 727 3261 779 τῶν
3297 726 3560 795 ὀνομάτων
3585 727 3723 795 ἐμφά-

2204 838 2333 885 σεις.
2368 823 2532 875 Ὅταν
2581 820 2677 890 μὲν
2708 818 2817 890 γὰρ
2861 819 2988 889 περὶ
3017 818 3115 887 τῆς
3154 815 3633 885 κατασκευαπικῆς
3656 816 3724 868 λέ-

2202 931 2287 983 γει
2319 913 2618 984 δυνάμεως,
2664 913 2912 981 γέννησιν
2960 911 3055 980 μὲν
3099 908 3350 978 ὀνομάζει
3385 909 3479 977 τὴν
3512 908 3725 979 τοιαύτην

2203 1007 2497 1076 ἐνέργειαν,
2520 1004 2608 1058 διά
2632 1004 2694 1057 τὸ
2717 1003 2824 1056 δεῖν
2854 1003 2987 1074 πρὸς
3010 1003 3071 1055 τὸ
3098 1001 3347 1055 ταπεινὸν
3372 1001 3465 1070 τῆς
3493 1000 3727 1071 ἡμετέρας

2202 1098 2480 1167 δυνάμεως
2504 1096 2800 1165 καταϐῆναι
2821 1095 2909 1147 τὸν
2928 1094 3100 1162 λόγον.
3120 1094 3195 1147 Οὑ
3222 1094 3327 1164 μὴν
3344 1093 3727 1145 συνενδεξκνυται

2202 1192 2269 1244 τά
2305 1193 2404 1244 ὅσα
2434 1191 2562 1259 παρ’
2588 1191 2719 1259 ἡμῖν
2753 1190 2818 1258 τῇ
2860 1188 3329 1254 κατασκευαστικῇ
3362 1185 3593 1252 γεννήσει
3630 1198 3730 1235 συν-

2203 1285 2504 1353 θεωρεῖται,
2525 1283 2584 1334 οὑ
2604 1280 2786 1345 τόπον,
2809 1280 2867 1330 οὑ
2894 1277 3100 1347 χρόνον,
3122 1278 3219 1346 οὑχ
3242 1274 3371 1344 ὕλης
3400 1273 3728 1343 παρασκευὴν.

2202 1375 2301 1427 οὑκ
2329 1373 2573 1445 ὀργάνων
2608 1370 2943 1439 συγγένειαν,
2977 1368 3038 1421 οὑ
3083 1368 3175 1420 τὸν
3216 1367 3309 1419 ἐπὶ
3338 1367 3449 1428 τοῖς
3474 1364 3731 1433 γινομένοις

2205 1462 2435 1515 σκοπόν
2470 1460 2605 1515 ἀλλά
2637 1460 2808 1514 ταῦτα
2838 1462 2968 1531 ἡμῖν
3000 1457 3389 1516 καταλιποῦσα.
3426 1454 3732 1525 μεγαλοφυῶς

2204 1567 2262 1604 τε
2290 1551 2381 1604 καὶ
2412 1550 2627 1620 ὑψηλῶς
2652 1549 2730 1619 τῷ
2756 1547 2873 1618 Θεῷ
2902 1547 3312 1619 προσμαρτυρεῖ
3340 1543 3444 1597 τῶν
3482 1543 3633 1596 ὄντων
3656 1543 3734 1613 τήν

2205 1643 2433 1710 γένεσιν,
2468 1643 2523 1693 ὲν
2550 1635 2631 1703 οἷς
2659 1658 2819 1710 φησιν
2846 1640 2927 1691 ὃτι
2956 1637 3145 1701 Αὐτὸς
3180 1634 3312 1691 εἶπε
3353 1635 3450 1689 καὶ
3491 1634 3733 1704 ἐγενήθη-

2206 1750 2348 1799 σαν,
2406 1734 2585 1797 αὐτὸς
2635 1733 2966 1785 ἐνετείλατο
3022 1732 3118 1784 καὶ
3169 1730 3552 1795 ἐκτίσθησαν.
3593 1727 3734 1781 Πάλιν

541 1818 594 1871 in
642 1818 843 1887 quibus
890 1792 1106 1882 asserit,
1160 1792 1280 1885 Ipse
1333 1817 1487 1881 dixit,
1523 1827 1569 1870 et
1612 1818 1754 1883 facta
1795 1827 1938 1878 sunt,
1993 1818 2101 1884 ipse

2217 1792 2459 1895 5τανντὴν
2489 1792 2796 1895 ἀπόρῤητὸν
2835 1840 2893 1876 τε
2924 1823 3015 1876 καὶ
3049 1822 3186 1892 ὑπὲρ
3230 1820 3386 1889 λόγον
3405 1792 3501 1871 Ἵτοῦ
3532 1820 3737 1885 Μονογε-

541 1909 811 1963 mandavit
848 1919 896 1963 et
928 1920 1105 1962 creata
1137 1916 1257 1960 sunt
1286 1908 1348 1959 ἰ.
1392 1905 1602 1961 Rursus
1643 1922 1765 1959 cum
1809 1906 2104 1973 inexplica-

2217 1917 2325 1979 νοῦς
2356 1919 2417 1969 ὲκ
2446 1917 2537 1969 τοῦ
2570 1916 2781 1985 Πατρὸς
2819 1913 3048 1985 ὕπαρξιν
3084 1912 3382 1985 ἑρμηνεύῃ,
3419 1910 3502 1964 διά
3532 1909 3586 1962 τὸ
3614 1906 3736 1976 ἀχώ-

540 1999 701 2055 bilem
742 2012 903 2069 atque
955 2016 1062 2054 non
1118 1998 1476 2053 enarrabilem
1526 1996 1792 2067 Unigeniti
1838 2012 1901 2051 ex
1944 1996 2105 2051 Patre

541 2093 912 2149 exsistentiam
939 2133 953 2156 ,
988 2107 1108 2161 qua;
1150 2106 1365 2145 omnem
1408 2091 1669 2144 rationem
1711 2099 1766 2144 et
1806 2090 2104 2144 orationem

544 2183 836 2237 humanam
867 2190 1177 2252 exsuperat,
1202 2182 1445 2249 exponit,
1476 2183 1601 2247 quia
1633 2181 1867 2234 humana
1902 2180 2109 2235 mendi-

544 2275 682 2329 citas
734 2284 789 2329 et
832 2285 1045 2344 egestas
1091 2273 1539 2328 documentorum
1588 2288 1709 2342 quat
1752 2288 2004 2328 sermone
2057 2282 2111 2327 et

547 2366 900 2437 intelligentia
944 2366 1178 2420 humana
1234 2366 1387 2434 longe
1427 2373 1553 2419 sunt
1598 2365 1910 2420 sublimiora
1942 2371 1996 2419 et
2031 2364 2111 2417 al-

546 2457 709 2519 tiora,
755 2471 925 2527 capax
970 2472 1076 2510 non
1119 2463 1223 2518 est,
1266 2456 1377 2510 illic
1424 2457 1627 2512 nostris
1661 2455 1841 2512 verbis
1872 2470 1969 2510 usa
2005 2464 2108 2519 est,

545 2558 715 2614 seque
744 2556 942 2600 nostra:
972 2545 1257 2614 capacitati
1287 2541 1681 2606 accommodat,
1712 2553 1761 2596 et
1790 2542 1981 2596 Filium
2014 2558 2113 2596 no-

547 2638 741 2704 minat,
791 2637 933 2706 quod
970 2635 1113 2705 apud
1154 2650 1255 2689 nos
1279 2634 1617 2690 consuetudo
1653 2650 1849 2689 nomen
1880 2642 2105 2703 usurpat

546 2732 615 2787 de
650 2746 708 2786 re
736 2745 798 2785 ea
826 2743 946 2798 quae
987 2744 1052 2783 ex
1086 2729 1313 2782 materia
1345 2728 1665 2781 naturaliter
1703 2727 1960 2795 gignitur.
2005 2724 2113 2779 Sed

550 2821 1010 2894 quemadmodum
1030 2820 1433 2890 generationem
1458 2834 1553 2888 per
1567 2818 1896 2872 creationem
1918 2815 2115 2871 factam

546 2932 670 2971 cum
718 2914 855 2967 dixit
886 2926 1063 2966 sermo
1102 2910 1343 2972 divinus.
1388 2911 1535 2975 quod
1586 2926 1649 2964 ex
1683 2908 1913 2978 quadam
1948 2916 2115 2961 mate-

548 3009 628 3063 ria
652 3007 767 3076 ipsa
803 3004 943 3057 facta
968 3010 1071 3061 est,
1110 3018 1218 3055 non
1249 3002 1501 3071 apposuit
1523 3000 1760 3054 materia:
1791 2999 2080 3054 essentiam
2099 3038 2115 3062 .

549 3096 729 3153 locum
793 3102 849 3150 et
889 3104 1102 3163 tempus
1146 3102 1199 3147 et
1230 3101 1422 3147 caetera
1478 3107 1599 3161 qua:
1651 3102 1781 3145 sunt
1828 3090 2115 3160 ejusmodi.

551 3189 856 3245 voluntatis
905 3185 997 3239 Dei
1045 3201 1167 3241 esse
1214 3187 1465 3238 virtutem
1514 3183 1843 3239 declarando
1890 3200 1904 3236 :
1942 3183 2023 3237 sic
2066 3190 2121 3237 et

551 3286 642 3341 hic
690 3284 882 3337 Filium
928 3298 1051 3337 cum
1102 3281 1259 3337 dixit.
1306 3278 1489 3333 omisit
1537 3278 1717 3331 omnia
1756 3276 1860 3327 alia
1895 3290 2013 3342 qua:
2068 3273 2119 3326 iu

556 3376 904 3445 generatione
939 3373 1121 3427 inﬁma
1150 3373 1387 3423 humana
1422 3376 1613 3423 natura
1643 3368 1849 3421 cernit:
1884 3364 2121 3420 aﬁ‘ectio-

558 3485 655 3523 nes
693 3468 816 3521 dico
858 3476 912 3522 et
954 3464 1370 3533 dispositiones,
1403 3470 1562 3531 atque
1592 3477 1658 3514 ex
1704 3470 1947 3528 tempore
1994 3472 2122 3510 con-

551 3566 863 3613 currentem
906 3556 1296 3627 operationem,
1365 3552 1577 3620 locique
1646 3564 1826 3609 usum,
1887 3557 1939 3601 et
1996 3555 2121 3600 ante

553 3651 735 3705 omnia
762 3650 1064 3707 materiam,
1104 3646 1220 3700 sine
1253 3644 1452 3713 quibus
1483 3641 1736 3695 omnibus
1775 3638 1999 3694 inferior
2029 3653 2124 3707 ge-

557 3741 768 3796 neratio
811 3739 1071 3794 naturalis
1118 3736 1339 3790 minime
1381 3735 1728 3789 consisteret.
1770 3730 1928 3786 Omni
1961 3731 2124 3801 igitur

556 3833 827 3887 materiali
880 3839 933 3885 et
988 3828 1149 3882 locali
1181 3824 1420 3881 essentia
1473 3826 1525 3877 in
1558 3821 1683 3877 Filii
1726 3821 2125 3889 significatione

560 3940 669 3980 non
697 3922 1108 3991 comprehensa,
1141 3918 1254 3973 sola
1288 3916 1581 3971 subrelicta
1616 3922 1698 3969 est
1735 3924 1950 3968 natura.
1974 3913 2125 3969 Ideo-

558 4034 666 4087 que
696 4015 815 4069 Filii
859 4029 1020 4075 voce,
1062 4009 1205 4080 quod
1251 4007 1528 4077 proprium
1579 4014 1663 4061 est
1710 4016 1763 4059 et
1807 4020 2121 4075 germanum

557 4105 1009 4163 demonstrationi
1040 4117 1163 4172 qua:
1204 4116 1281 4153 ex
1304 4097 1460 4151 Patre
1490 4105 1572 4151 est
1608 4096 1661 4150 in
1703 4094 2125 4164 Unigenito,ex-

559 4198 827 4270 plicatur;
864 4210 929 4250 ac
947 4196 1202 4263 quoniam
1225 4190 1490 4258 ejusmodi
1515 4187 1883 4257 generationis
1916 4187 2126 4256 species

559 4303 674 4344 non
718 4288 855 4343 satis
888 4287 1045 4355 plene
1074 4291 1287 4353 poterat
1318 4283 1475 4335 nobis
1520 4278 1878 4333 sufﬁcientem
1909 4278 2129 4332 inenar-

562 4377 751 4430 rabilis
765 4373 1377 4443 Unigenitiexsistentia:
1387 4370 1763 4440 cogitationem
1780 4367 2094 4437 ingenerare
2109 4386 2123 4423 :

2210 2024 2371 2078 ρητον
2401 2002 2538 2059 εἶναι
2564 2005 2662 2076 τὴν
2704 2005 3046 2075 ἀνθρωπίνην
3085 2002 3357 2073 πτωχείαν
3393 2000 3497 2053 τῶν
3525 2000 3649 2067 ὑπὲρ
3676 1998 3742 2051 λό-

2205 2116 2299 2167 γον
2328 2115 2387 2151 τε
2410 2097 2501 2151 καὶ
2536 2097 2737 2150 ἔννοιαν
2766 2095 3126 2165 διδαγμάτων,
3155 2096 3317 2148 κάκεῖ
3343 2095 3451 2155 τοῖς
3491 2090 3740 2162 ἡμετέροις

2210 2192 2595 2262 συγκέχρηται,
2643 2191 2736 2244 καὶ
2776 2190 2901 2243 Υίδν
2953 2186 3241 2257 ὀνομάζει,
3283 2187 3417 2256 ὅπερ
3463 2184 3582 2254 παρ’
3634 2184 3742 2252 ἡμῖν

2212 2282 2464 2354 συνήθεια
2498 2286 2605 2345 τοῖς
2640 2281 2748 2334 ἀπὸ
2786 2280 2915 2349 ὕλης
2954 2279 3047 2333 καὶ
3090 2279 3305 2348 φύσεως
3345 2275 3745 2345 ἀποτικτομένοις

2210 2373 2378 2443 ὄνομα
2401 2371 2624 2429 τίθεται.
2665 2369 2801 2422 Ἀλλ’
2830 2370 3015 2437 ὥσπερ
3040 2368 3137 2437 τὴν
3169 2368 3261 2421 διὰ
3286 2367 3382 2437 τῆς
3406 2365 3617 2427 κτίσεως
3644 2362 3746 2430 γέν-

2211 2480 2365 2535 νησιν
2402 2462 2569 2517 εἰπὼν
2616 2464 2644 2516 ὀ
2691 2461 2845 2528 λόγος
2894 2458 2983 2513 ἐπὶ
3022 2458 3177 2524 Θεοῦ,
3225 2458 3305 2529 τῷ
3342 2458 3428 2512 διά
3465 2473 3596 2519 τινος
3637 2454 3746 2524 ὕλης

2212 2552 2459 2623 γενέσθαι
2480 2551 2667 2623 αὑτὴν,
2692 2552 2753 2604 οὑ
2785 2550 3119 2621 προσέθηκεν
3138 2550 3328 2602 οὑσίαν
3353 2548 3479 2617 ὕλης
3503 2546 3589 2600 κα)⁸
3613 2544 3748 2597 τόπον

2214 2646 2308 2699 xal
2338 2644 2544 2716 χρόνον,
2580 2643 2672 2697 καὶ
2702 2643 2876 2696 πάντα
2913 2642 2981 2695 τὰ
3019 2641 3261 2703 τοιαῦτα,
3286 2641 3383 2711 τὴν
3417 2638 3506 2693 τοῦ
3531 2636 3650 2691 Θεοῦ
3680 2636 3749 2688 θε-

2214 2739 2451 2809 λήματος
2497 2733 2635 2791 εἶναι
2683 2737 2911 2807 δύναμιν
2962 2736 3408 2805 ἀποφηνάμενος·
3463 2732 3621 2793 οὕτως
3673 2728 3750 2781 καὶ

2217 2830 2446 2884 ἐνταῦθα
2486 2830 2614 2884 Υἱὸν
2653 2828 2839 2895 εἰπὼν,
2869 2828 3047 2898 ἀφῆκε
3090 2827 3269 2879 πάντα
3310 2826 3378 2880 τά
3416 2842 3472 2879 τε
3512 2824 3637 2878 ἄλλα
3670 2824 3752 2875 ὅσα

2221 2924 2349 2995 περὶ
2391 2924 2488 2993 τὴν
2530 2922 2679 2976 κάτω
2720 2923 2969 2992 γέννησιν
3014 2922 3047 2991 ή
3097 2918 3409 2990 ἀνθρωπίνη
3454 2917 3603 2988 φύσις
3631 2918 3751 2986 δρᾷ,

2224 3013 2370 3084 πάθη
2412 3030 2470 3066 τε
2514 3013 2655 3082 λέγω
2677 3012 2772 3065 καὶ
2805 3011 3089 3073 διαθέσεις,
3127 3010 3221 3063 καὶ
3259 3010 3357 3081 τὴν
3386 3010 3449 3061 ἐκ
3476 3006 3563 3060 τοῦ
3593 3006 3752 3076 χρόνον

2146 3131 2187 3188 c
2225 3106 2560 3177 συνέργειαν,
2588 3104 2682 3157 καὶ
2705 3105 2805 3175 τὴν
2831 3102 2923 3156 τοῦ
2946 3102 3109 3155 τόπου
3138 3101 3348 3172 χρείαν,
3395 3100 3487 3154 καὶ
3527 3099 3621 3169 πρὸ
3646 3096 3755 3149 πάν-

2220 3215 2328 3250 των
2355 3197 2451 3268 τήν
2480 3196 2630 3267 ὕλην,
2659 3190 2733 3250 ὧν
2757 3196 2884 3248 ἀνευ
2919 3193 3133 3247 πάντων
3179 3194 3211 3263 ή
3259 3192 3409 3245 κάτω
3450 3189 3677 3260 γέννησις
3704 3188 3755 3239 ὲκ

2220 3290 2319 3359 τῆς
2344 3288 2557 3359 φύσεως
2602 3288 2663 3340 οὑ
2696 3286 3025 3339 συνίσταται.
3067 3285 3255 3352 Πάσης
3298 3282 3354 3335 δὲ
3397 3283 3493 3353 τῆς
3537 3279 3755 3346 τοιαύτης

2223 3380 2413 3449 ὑλικῆς
2428 3396 2501 3441 ,τε
2538 3379 2631 3431 καὶ
2656 3376 3089 3448 διαστηματικῆς
3113 3376 3186 3446 μὴ
3220 3370 3754 3445 συμπαραλειφθείσης

2224 3473 2281 3524 ὲν
2320 3474 2385 3541 τῇ
2424 3470 2516 3523 τοῦ
2550 3468 2681 3522 Υἱοῦ
2717 3469 2960 3539 σημασξᾳ
3001 3468 3186 3531 οὐσίας
3211 3484 3225 3497 ο
3264 3468 3397 3537 μόνη
3434 3462 3757 3531 ὑπελείφθηὴ

2224 3564 2403 3632 φύσις.
2448 3563 2555 3615 Καὶ
2590 3562 2679 3615 διά
2716 3561 2871 3614 τοῦτο
2916 3564 2980 3632 τῇ
3025 3559 3118 3613 τοῦ
3152 3560 3283 3612 Υἱοῦ
3324 3560 3472 3627 φωνῇ
3510 3556 3565 3609 τὸ
3593 3553 3759 3606 οἰκεῖον

2224 3652 2317 3703 καὶ
2345 3650 2563 3721 γνήσιον
2598 3650 2695 3719 τῆς
2747 3652 2810 3702 ἐκ
2852 3648 2945 3702 τοῦ
2980 3648 3189 3720 Πατρδς
3222 3647 3535 3712 ἀναδείξεως
3564 3646 3644 3697 ἐπὶ
3680 3640 3758 3693 τοῦ

2224 3741 2557 3809 Μονογενοῦς
2594 3740 2972 3812 ἑρμηνεύεται.
3025 3741 3133 3793 Καὶ
3179 3738 3366 3810 ἐπειδὴ
3396 3739 3491 3809 οὑχ
3521 3734 3683 3789 ἱκανὸν
3705 3728 3762 3800 ῆν

2224 3832 2282 3884 τὸ
2312 3831 2549 3884 τοιοῦτον
2586 3830 2685 3899 τῆς
2717 3831 3019 3900 γεννήσεως
3050 3824 3185 3891 εἶδος
3235 3827 3506 3898 ἀρκοῦσαν
3536 3825 3655 3893 ήμίν
3682 3822 3762 3888 ἑμ-

2226 3927 2445 3997 ποιῆσαι
2480 3925 2578 3995 τῆς
2603 3925 2840 3996 ἀρρήτου
2881 3923 2974 3978 τοῦ
3024 3922 3363 3991 Μονογενοῦς
3395 3918 3659 3990 ὑπάρξεως
3679 3913 3761 3983 τὴν

2228 4016 2543 4086 φαντασίαν,
2578 4013 3081 4085 συμπεριλαμϐάνει
3120 4016 3211 4068 καὶ
3253 4014 3315 4066 τὸ
3343 4013 3523 4083 ἓτερον
3552 4008 3642 4077 τῆς
3663 4021 3761 4072 γεν-

2226 4109 2433 4179 νήσεως
2456 4102 2593 4171 εἶδος
2636 4104 2770 4177 πρὸς
2801 4104 3072 4177 σημασίαν
3102 4108 3199 4175 τῆς
3218 4104 3312 4157 τοῦ
3347 4102 3469 4156 Υἱοῦ
3500 4096 3760 4164 θεολογίας,

2226 4197 2287 4249 τὸ
2336 4200 2400 4249 ὲκ
2432 4196 2528 4266 τῆς
2562 4196 2748 4266 ὑλικῆς
2777 4195 3093 4270 ἀπορροίας,
3130 4195 3222 4247 καί
3266 4211 3426 4263 φησιν
3442 4189 3763 4255 Ἀπαὺγασμα

2227 4284 2401 4355 δόξης.
2434 4284 2527 4337 καὶ
2552 4284 2752 4354 Ὀσμὴν
2786 4283 2977 4353 μύρου,
3011 4288 3100 4337 καὶ
3140 4283 3363 4353 Ἀτμίδα
3392 4280 3539 4344 Θεοῦ,
3566 4280 3689 4346 άπερ
3718 4275 3764 4324 ἐν

2229 4377 2295 4444 τῇ
2346 4374 2626 4445 ὲκτεθείσῃ
2670 4376 2800 4445 παρ’
2845 4374 2999 4445 ήμῶν
3054 4374 3369 4446 τεχνολογίᾳ
3414 4376 3445 4444 ἡ
3492 4370 3604 4425 καθ’
3642 4366 3762 4437 ἡμᾶς

562 4466 787 4519 alteram
852 4462 1221 4532 generationis
1269 4462 1505 4529 speciem
1560 4458 1627 4511 ad
1666 4458 1786 4512 Filii
1821 4461 2103 4529 signiﬁcan

2233 4465 2487 4533 συνήθεια
2514 4464 2703 4536 ὑλικὴν
2728 4466 3022 4536 ἀπόρροιαν
3051 4466 3324 4536 ὀνομάζει.

562 4561 692 4610 tiam
742 4556 974 4611 assumit
1015 4554 1306 4621 theologia.
1352 4553 1472 4620 eius
1538 4566 1732 4620 nempe
1790 4568 1911 4622 quae
1996 4572 2063 4609 ex
2146 4558 2801 4637 materiali‘emanatione
2855 4567 3090 4625 constat;
3150 4567 3203 4613 et
3260 4558 3392 4612 dicit
3451 4550 3764 4624 Splendorem

562 4650 781 4718 gloriae,
829 4646 1063 4703 Odorem
1112 4646 1394 4716 unguenti,
1463 4653 1517 4699 et
1560 4644 1825 4727 Vaporem
1878 4646 2006 4715 Dei,
2054 4668 2173 4721 qua:
2245 4652 2462 4722 quidem
2512 4655 2565 4707 in
2628 4654 2875 4723 exposita
2932 4669 2962 4707 a
3012 4655 3171 4709 nobis
3232 4653 3523 4707 artiﬁciosa
3571 4654 3767 4717 genera-

562 4742 729 4797 tionis
766 4740 1120 4795 distinctione
1167 4741 1510 4791 consuetudo
1566 4746 1750 4791 nostra
1790 4741 2123 4795 materialem
2165 4745 2563 4798 emanationem
2618 4743 2883 4797 nominat.

637 4836 741 4890 Sed
770 4833 1225 4905 quemadmodum
1260 4832 1311 4885 in
1342 4832 1629 4900 pradictis,
1665 4849 1837 4902 neque
1866 4844 2135 4890 creaturze

564 4928 864 5000 generatio,
897 4942 1073 4994 neque
1118 4923 1238 4978 Filii
1276 4923 1620 4993 signiﬁcatio,
1653 4926 1734 4978 vel
1760 4934 1994 4995 tempus,
2053 4930 2136 4981 vel

565 5015 870 5078 materiam,
904 5014 982 5067 vel
1009 5014 1206 5073 locum,
1239 5013 1320 5066 vel
1351 5012 1690 5067 affectionem
1720 5024 2134 5081 commonstrat,

568 5108 648 5159 sic
676 5114 729 5157 et
758 5106 846 5157 hic
896 5105 1042 5158 omni
1078 5103 1346 5156 materiali
1374 5103 1592 5157 notione
1631 5105 2019 5171 praetermissa,
2049 5122 2139 5159 so-

570 5196 676 5246 lam
732 5195 1038 5263 splendoris
1096 5204 1149 5249 et
1199 5195 1528 5262 reliquorum
1594 5207 2137 5251 commemoraturum

572 5286 1044 5355 signiﬁcationem,
1066 5285 1207 5355 quod
1234 5284 1341 5339 Deo
1364 5286 1617 5338 decorum
1645 5293 1726 5339 est
1755 5296 1805 5339 et
1839 5288 1930 5339 tali
1962 5289 2143 5357 specie

571 5376 942 5444 generationis
971 5376 1216 5443 dignum,
1258 5390 1428 5429 sacrae
1452 5373 1743 5444 Scriptura'
1780 5393 1960 5431 sermo
1989 5395 2142 5433 assu-

572 5480 726 5518 mens
760 5466 1034 5519 ostendit:
1068 5468 1212 5534 quod
1255 5475 1495 5535 oporteat
1546 5483 1610 5520 ex
1638 5467 1755 5537 ipso
1788 5477 1988 5521 etcum
2023 5470 2141 5539 ipso

572 5555 760 5611 eodem
826 5556 987 5611 modo
1014 5573 1107 5627 per
1141 5558 1278 5610 hanc
1310 5558 1563 5613 dictionis
1594 5558 1757 5627 hujus
1790 5559 2142 5630 signiﬁcatio—

656 5737 694 5767 ³³
747 5734 884 5789 l’sal.
916 5748 1135 5802 cxtvut,
1172 5736 1228 5789 ὃ.

2326 4839 2464 4891 Ἀλλ’
2515 4838 2705 4910 ὥσπερ
2736 4843 2793 4894 ὲν
2830 4843 2945 4903 τοῖς
2986 4841 3436 4911 προειρημένοις,
3473 4834 3586 4888 οὕτε
3619 4834 3647 4902 ἡ
3686 4829 3767 4895 τῆς

2243 4924 2471 4987 κτίσεως
2501 4924 2772 4993 γέννησις,
2808 4926 2931 4979 οὕτε
2962 4929 2993 4995 ή
3027 4926 3118 4979 τοῦ
3149 4927 3279 4979 Υἱοῦ
3316 4926 3572 4996 σημασία,
3603 4922 3632 4990 ἢ
3664 4916 3766 4988 χρό-

2245 5033 2353 5077 νον,
2384 5016 2417 5086 ἢ
2449 5016 2656 5087 ὕλην,ῆ
2689 5018 2869 5079 τόπον,
2900 5017 2932 5088 ῆ
2960 5018 3127 5080 πάθος
3154 5015 3603 5088 συμπαρεδέξατο,
3625 5009 3768 5068 οὕτως

2245 5107 2337 5160 καὶ
2366 5107 2596 5160 ἐνταῦθα
2620 5109 2799 5179 πάσης
2819 5110 2917 5179 τῆς
2942 5110 3127 5180 ὑλικῆς
3157 5111 3363 5173 ἐννοίας
3390 5110 3483 5179 τὴν
3514 5106 3599 5158 τοῦ
3619 5104 3767 5157 ἁπαν·

2246 5198 2551 5268 γάσματος,
2589 5201 2810 5253 καὶτῶν
2842 5202 3044 5255 λοιπῶν
3080 5201 3186 5254 τῶν
3217 5197 3671 5271 μνημονευθέντων
3690 5207 3769 5257 ση-

2250 5290 2449 5359 μασίαν
2489 5292 2677 5361 μόνην,
2706 5293 2765 5345 τὸ
2799 5292 3098 5361 θεοπρεπὲς
3120 5293 3213 5346 τοῦ
3238 5290 3472 5344 τοιούτου
3494 5288 3588 5357 τῆς
3609 5280 3770 5352 γεννήο

2251 5398 2386 5444 σεως
2412 5383 2581 5446 εἴδους
2610 5386 2638 5436 ὀ
2664 5383 2819 5451 λόγος
2844 5384 3177 5454 παραλαϐὼν
3218 5383 3538 5437 ἐνδείκνυται
3559 5397 3569 5407 ·
3605 5377 3656 5429 τὸ
3676 5374 3770 5426 δεῖν

2248 5472 2307 5537 ἐξ
2332 5474 2499 5527 αὑτοῦ
2545 5492 2604 5528 τε
2642 5477 2733 5528 καὶ
2765 5477 2880 5545 μετ’
2924 5477 3085 5530 αὑτοῦ
3128 5476 3267 5529 κατά
3302 5474 3495 5530 ταυτὸν
3526 5466 3765 5524 νοεῖσθαι.

2246 5563 2333 5617 διά
2361 5566 2459 5635 τῆς
2490 5566 2629 5621 κατά
2654 5568 2751 5639 τὴν
2784 5566 2927 5633 λέξιν
2965 5568 3165 5637 ταύτην
3193 5568 3490 5638 ἐμφάσεως.
3524 5560 3648 5616 Οὔτε
3676 5556 3769 5625 γὲρ
