1961 3250
96 188 142 217 εοει

655 189 794 218 CONTRA
814 188 1007 224 EUNOMIUM,
1026 190 1091 218 LIB.
1109 190 1142 218 ll.

1656 193 1707 222 διο

95 248 108 281 ἡ
126 246 206 281 ἀτμὶς
220 245 271 281 τὴν
292 246 332 278 εὶς
346 246 415 282 ἀέρα
431 246 553 282 διάχυσιν
569 247 601 274 ὲκ
623 247 673 283 τῆς
689 249 868 285 ὑποκειμένης

923 257 984 277 nem
999 250 1124 285 intelligi.
1150 249 1243 284 Neque
1273 250 1344 278 enim
1359 259 1440 285 vapor
1467 251 1638 280 dtlTusionem
1659 261 1708 288 per

94 293 151 326 ὕλης
162 291 326 326 παρίστησιν
338 299 344 305 “
357 291 418 318 οὕτε
434 293 451 328 ή
468 292 539 328 ὀσμὴ
553 292 601 328 τὴν
616 294 647 320 ἐκ
661 294 711 329 τῆς
728 295 867 331 ποιότητος

94 339 133 365 τοῦ
147 337 233 374 μύρου
245 338 395 374 γινομένην
406 338 473 374 πρὸς
485 339 530 365 τὺν
541 339 610 376 ἀέρα
624 341 797 375 μετάστασιν·
810 341 871 368 οὔτε

93 386 117 410 τὸ
136 384 308 419 ἀπαύγασμα
326 383 375 419 τὴν
397 384 443 411 τοῦ
468 384 579 419 ἡλιακοῦ
606 385 731 421 σώματος
752 387 795 414 διὰ
818 387 872 415 τῶν

93 431 197 458 ἀκτίνων
212 431 365 466 γενομένην
378 431 538 466 ἀπόρροιαν.
561 432 639 459 Ἀλλά
653 433 732 460 τοῦτο
744 433 822 468 μόνον
840 435 872 461 ὲκ

93 478 189 503 πάντων
214 475 310 508 καθὼς
322 477 429 512 εἴρηται
444 476 488 503 διὰ
503 477 550 503 τοῦ
572 477 693 505 τοιούτου
712 479 763 512 τῆς
778 480 872 516 γεννή-

94 529 151 552 εεως
174 520 281 556 τρόπου
301 520 445 556 δηλοῦται,
463 521 493 547 τὸ
516 521 547 553 ἐξ
566 522 670 549 ἐκείνου
693 532 722 550 τε
741 522 871 551 εἶναικαὶ

92 566 142 601 μετ’
162 566 268 592 ἐκείνου
292 566 411 593 νοεῖσθαι
437 567 551 602 μηδενὸς
568 567 750 603 διαστήματος
769 570 870 604 μεταξὺ

90 612 128 638 τοῦ
145 611 263 647 Πατρὸς,
280 612 328 638 καὶ
342 611 389 638 τοῦ
402 612 431 645 ὲξ
443 612 523 639 αὑτοῦ
541 613 740 648 μεσιτεύοντος,
762 615 870 651 Ἐπειδὴ

89 657 125 682 διὰ
140 656 252 682 πλείονα
279 656 494 693 φιλανθρωπίαν,
512 659 528 693 ἡ
549 658 596 685 τοῦ
621 659 697 694 ἁγίου
715 660 871 696 Πνεύματος

89 703 158 738 γάρις
170 702 342 738 πολλαχόθεν
356 703 423 738 ἡμῖν
435 704 593 738 ἐγγενέσθαι
603 705 651 737 τὰς
665 705 738 737 θείας
750 706 814 741 περὶ
822 706 869 733 τοῦ

90 748 250 782 Ἀιονογενοῦς
266 749 417 784 ὑπολήψεις
431 749 627 785 ᾠκονομήσατο
636 759 644 767 ·
658 751 812 787 προσέθηκε
823 752 870 778 καὶ

88 796 111 821 τι
125 795 290 829 λειπόμενον
305 795 360 821 τῶν
372 796 402 821 ὲν
417 796 450 831 τῇ
473 796 579 830 γενέσει
596 796 788 833 θεωρουμένων
801 796 870 830 εἶδος

88 841 113 867 τι
125 841 154 867 ὲκ
168 840 215 867 τοῦ
229 840 280 867 νοῦ
297 841 344 867 καὶ
356 841 402 868 τοῦ
417 841 496 875 λόγου
509 850 516 857 ·
534 842 591 869 ἀλλ’
605 843 638 869 ὲκ
648 842 750 870 τούτων
767 843 869 871 πλείονι

88 887 176 922 χρῆται
192 889 226 922 τῇ
249 887 410 923 προμηθείᾳ
429 889 443 914 ὸ
458 888 559 923 ὑψηλὸς
582 888 721 924 Ἰωάννης·
742 889 811 917 ὥστε
832 890 869 926 μὴ

89 934 132 960 ὑπὸ
154 933 265 965 ἀτονίας
296 941 326 959 τε
352 934 400 959 καὶ
426 932 606 968 μικροψυχίας
632 936 799 961 καταπεσεῖν
823 935 868 962 τὸν

88 976 209 1003 ἀκούοντα
232 977 307 1012 πρὸς
327 977 376 1013 τὴν
397 977 488 1013 κοινὴν
511 978 617 1004 ἔννοιαν
642 978 690 1005 τοῦ
715 979 792 1013 λόγου
805 1000 813 1013 ,
832 980 870 1012 ὡς

91 1022 198 1056 φθόγγον
212 1021 261 1048 τοῦ
279 1022 386 1057 Πατρδς
399 1022 444 1049 τὸν
462 1023 526 1049 Υίὺν
542 1024 718 1059 νομισθῆναι·
735 1025 780 1052 διὰ
791 1025 870 1052 τοῦτο

88 1070 288 1104 προσμαρτυρεί
298 1069 336 1104 τῷ
351 1069 430 1104 Λόγῳ
449 1069 479 1095 τὸ
488 1070 548 1096 κατ’
560 1070 652 1097 οὐσίαν
674 1068 742 1098 εἶναι
755 1072 785 1099 ὲν
800 1072 868 1108 αὐτῇ

89 1115 115 1148 τῇ
129 1113 221 1149 πρώτῃ
239 1114 292 1140 καὶ
315 1114 438 1150 μακαρίᾳ.
457 1115 547 1148 φύσει.
565 1114 652 1147 οὕτως
674 1116 824 1152 ἀναϐοήσας
839 1117 870 1144 τὺ

90 1163 208 1195 κήρυγμα
218 1169 224 1175 ·
240 1162 286 1188 ὅτι
307 1161 358 1187 Ἐν
373 1160 452 1195 ἀρχῇ
464 1158 503 1196 ἦν
516 1162 532 1188 ό
551 1162 645 1197 Λόγος
665 1162 713 1190 καὶ
727 1163 802 1197 πρὸς
817 1164 870 1191 τὸν

92 1208 221 1233 Θεῶν-’καὶ
230 1207 301 1240 Θεὸς
321 1207 389 1241 φῶς,
404 1208 451 1233 καὶ
466 1208 522 1243 ζωὴ
536 1208 582 1234 καὶ
597 1208 684 1235 πάντα
698 1209 748 1236 ὅσα
763 1210 836 1236 ἐστὶν
852 1211 868 1246 ἡ

90 1253 149 1289 ἀρχῆ
163 1254 209 1280 καί
224 1254 310 1285 αὐτὸς
329 1251 374 1288 ἦν.
389 1253 489 1280 Τυῦτον
499 1254 587 1280 τοίνυν
601 1254 645 1280 τὸν
657 1254 708 1290 τῆς
717 1257 869 1291 γεννήσεως

90 1301 176 1332 τρόπον
193 1300 256 1336 ἡτοι
282 1300 335 1326 τῶν
356 1300 385 1333 ἐξ
402 1301 491 1332 αἰτίας
503 1299 664 1334 ὑφεστώτων
674 1300 702 1327 ἐν
715 1310 744 1327 τε
763 1298 796 1337 τῇ
808 1301 868 1328 καθ’

91 1347 150 1380 ἡμᾶς
172 1346 307 1382 συνηθείᾳ
323 1346 543 1381 γινωσκομένων,
558 1346 759 1381 διαληφθέντων
775 1347 803 1374 δὲ
821 1347 869 1374 καὶ

92 1392 154 1427 παρὰ
165 1393 213 1428 τῆς
227 1393 314 1427 ἁγίας
326 1392 439 1428 Γραφῆς
457 1393 524 1429 πρὸς
534 1392 583 1428 τὴν
597 1393 651 1419 τῶν
663 1393 868 1429 ὑπερκειμένων

90 1439 263 1471 διδασκαλίαν,
280 1439 379 1472 οὕτως,
398 1439 435 1471 ὡς
452 1439 527 1471 εἰκός
542 1440 599 1466 ἐστι
616 1440 683 1474 πρὸς
699 1441 869 1475 παράστασιν

90 1484 134 1511 τῶν
147 1485 224 1512 θείων
239 1485 406 1521 ὑπολήψεων
414 1485 529 1511 ἕκαστον
541 1485 644 1512 τούτων
655 1485 774 1518 εὐσεϐῶς
786 1494 866 1521 μετα-

90 1530 219 1565 ληφθῆναι.

119 1576 212 1612 Καιρός
231 1576 270 1603 ἂν
286 1575 328 1612 εἴη
345 1576 511 1612 κατανοῆσαι
533 1576 580 1603 καὶ
600 1575 648 1603 τοῦ
668 1576 801 1612 Εὐνομίου
822 1577 868 1604 τὸν

91 1622 157 1656 λόγον
171 1624 217 1649 ἐπὶ
231 1623 315 1650 ποίου
334 1623 443 1658 δέχεται
465 1623 666 1658 σημαινομένου
678 1623 727 1659 τὴν
743 1623 791 1658 τῆς
804 1631 867 1657 γεν-

92 1669 181 1703 νήσεως
193 1669 328 1704 ἔμφασιν.
344 1669 422 1701 Υίὸν,
434 1669 517 1704 φησὶν
528 1689 536 1699 .
551 1668 697 1702 ἀληθινὸν
718 1670 773 1695 οὐκ
785 1668 869 1703 ἀγέν-

93 1723 170 1748 νητον
178 1716 225 1742 καὶ
247 1714 368 1748 ἀληθῶς
387 1715 568 1750 γεννηθέντα
594 1714 650 1748 πρὸ
669 1714 793 1741 αἰώνων.
812 1714 867 1750 Τὴν

95 1761 133 1793 μὲν
157 1759 202 1787 οὖν
229 1762 262 1787 ὲν
284 1762 317 1796 τῇ
342 1760 464 1796 διαστολῇ
491 1760 727 1796 κακουργηθεῖσαν
756 1760 869 1787 ἀκολου-

94 1806 141 1833 ἱξιιν
159 1806 195 1838 ὼς
216 1806 305 1833 παντὶ
319 1805 457 1841 γνώριμον
471 1803 554 1832 οὖσαν
567 1805 765 1840 παραδραμεῖν,
780 1802 866 1838 οἶμαι,

94 1851 220 1886 προσήκει.
239 1851 290 1882 Τίς
306 1850 361 1886 γὰρ
376 1850 426 1877 οὐκ
440 1847 510 1876 οἶδεν
524 1849 565 1876 ὃτι
579 1849 618 1885 τῷ
640 1849 689 1884 μὲν
706 1849 762 1885 Υίῷ
773 1869 781 1882 ,
801 1850 869 1886 πρὸς

95 1896 130 1921 τὴν
141 1896 250 1932 Πατέρα
264 1917 271 1928 ,
289 1896 328 1932 τῷ
342 1896 371 1923 δὲ
381 1895 501 1931 γεννητῷ
516 1896 584 1931 πρὸς
602 1895 649 1922 τὸν
663 1896 810 1931 ἀγέννητον
822 1895 868 1922 οὕ-

97 1949 137 1976 ετ,ς
159 1943 205 1978 τῆς
230 1942 454 1978 ἀντιδιαστολῆς,
475 1938 553 1974 οὗτος
577 1941 625 1969 τὸν
643 1941 753 1977 Πατέρα
772 1942 869 1978 παρεὶς

95 1988 293 2015 ἀντιδιαστέλλει
320 1988 359 2024 τῷ
379 1988 437 2023 Υἱῷ
453 1989 499 2015 τὸν
518 1988 675 2023 ἀγέννητον.
693 1988 767 2019 Δέον,
790 1989 868 2025 εἴπερ

95 2033 205 2069 ἀληθείας
219 2036 342 2061 ἐποιεῖτο
355 2035 492 2070 φροντίδα,
510 2034 547 2070 μὴ
559 2034 733 2070 παρατρέψαι
747 2035 796 2069 τῆς
808 2043 869 2070 σχε-

96 2080 158 2115 τικῆς
169 2080 330 2112 ἀκολουθίας
356 2082 401 2107 τὸν
415 2080 494 2114 λόγον
504 2088 511 2095 '
526 2079 584 2106 ἀλλ’
594 2081 682 2106 είπεϊν
693 2080 734 2106 ὄτι
746 2079 791 2107 τὸν
804 2080 868 2107 Υίὺν

95 2125 202 2160 ἀληθινὸν
215 2126 248 2153 οὐ
262 2126 381 2162 Πατέρα.
409 2125 487 2153 Οὕτω
501 2126 528 2152 δὲ
540 2125 572 2152 ἂν
584 2126 748 2161 συνδιεσὼοη
763 2127 794 2162 τῇ
805 2127 869 2153 ἀκο-

96 2171 173 2208 ὶουθίᾳ
194 2172 245 2199 τοῦ
261 2172 341 2207 λόγου
357 2173 404 2199 καὶ
423 2174 440 2208 ἡ
457 2172 592 2205 εὑσέσεια,
615 2174 648 2207 τῇ
663 2172 797 2208 διακρίσει
814 2172 868 2200 τῶν

96 2219 233 2253 προσώπων
256 2219 294 2255 μὴ
308 2218 559 2253 συνδιασχισθείσης
582 2218 633 2253 τῆς
650 2218 767 2252 φύσεως.
787 2217 868 2244 Ἀλλὰ

925 301 1015 321 aerem
1035 302 1070 322 ex
1102 295 1223 329 subjecta
1251 296 1364 322 materia
1388 301 1561 330 reprtesentat
1586 308 1593 325 :
1621 306 1708 333 neque

925 340 994 367 odor
1005 348 1038 368 ex
1053 340 1184 375 qualitate
1198 341 1327 376 unguenti
1348 349 1394 375 per
1407 348 1496 370 aerem
1518 342 1575 370 ﬁeri
1587 344 1707 379 emigra-

924 385 1024 413 tionem
1037 385 1165 417 ostendit,
1182 394 1269 420 neque
1281 386 1407 421 splendor
1421 387 1478 414 sive
1497 387 1650 424 eil'ulgentia
1663 397 1708 417 so-

924 430 989 458 laris
1013 431 1136 465 corporis
1152 438 1198 465 per
1209 431 1300 458 radios
1318 432 1414 458 factam
1439 434 1637 461 emanationem
1662 434 1708 461 de—

923 480 1067 503 monstrat.
1088 475 1140 504 Sed
1152 478 1203 504 hoc
1213 477 1301 504 solum
1317 485 1350 504 ex
1363 478 1501 511 omnibus,
1517 479 1588 506 sicut
1603 479 1706 507 dictum

923 526 976 554 est,
984 530 1032 557 per
1041 522 1122 550 talem
1131 523 1314 557 generationis
1323 522 1433 551 modum
1441 523 1607 556 declaratur,
1615 531 1647 551 ex
1659 524 1707 553 illo

923 572 951 595 et
966 575 1027 595 cum
1044 568 1089 595 illo
1101 568 1214 604 intelligi
1228 569 1301 596 nullo
1316 569 1459 596 intervallo
1473 570 1616 605 interjecto
1632 570 1703 598 inter

922 612 1030 641 Patrem
1046 618 1073 642 et
1084 622 1156 647 eum,
1173 615 1218 650 qui
1231 623 1261 642 ex
1274 615 1334 650 ipso
1346 618 1398 647 est,
1408 615 1622 643 conciliatorem.
1631 616 1707 650 Quo-

924 660 997 687 niam
1007 668 1072 688 vero
1083 665 1192 695 propter
1203 660 1331 695 majorem
1346 660 1373 687 in
1385 661 1507 689 homines
1513 668 1633 689 amorem
1643 670 1706 689 san-

927 705 962 732 cli
975 704 1093 740 Spiritus
1103 706 1187 741 gratia
1200 706 1293 733 multis
1303 713 1335 732 ex
1351 705 1418 732 locis
1427 706 1506 733 nobis
1514 707 1581 734 tales
1589 706 1622 734 de
1635 707 1705 735 Uni-

922 751 1013 786 genito
1027 751 1134 779 divinas
1157 753 1281 779 notiones
1298 751 1441 779 informari
1456 752 1613 787 procuravit
1630 760 1637 779 :
1657 753 1706 780 ad-

920 796 1023 831 jecitet
1034 796 1165 831 reliquam
1181 804 1276 823 eorum
1300 804 1360 831 quae
1379 797 1406 823 in
1424 796 1598 832 generatione
1611 797 1703 825 consi-

922 844 1061 874 derantur,
1091 842 1209 877 speciem
1228 850 1259 869 ex
1276 847 1366 871 mente
1389 846 1416 870 et
1425 842 1525 870 verbo:
1548 842 1595 871 sed
1614 850 1647 870 ex
1662 843 1706 872 bis

922 888 1025 923 majore
1045 888 1216 923 pr0videntia
1233 888 1359 916 sublimis
1389 889 1433 916 ille
1463 888 1582 916 Joannes
1609 889 1703 922 utitur,

884 931 905 959 Β
920 933 956 960 ita
971 938 1000 961 ut
1014 942 1102 968 neque
1117 934 1224 961 auditor
1240 941 1297 968 prie
1323 934 1452 969 languore
1467 938 1494 961 et
1507 934 1597 969 pusilli
1620 935 1703 961 animi

920 978 1106 1006 imbecillitate
1119 979 1146 1005 in
1161 986 1332 1006 communem
1348 979 1481 1007 sermonis
1497 981 1618 1007 notitiam
1631 980 1704 1008 deci-

920 1024 976 1056 dat,
986 1025 1024 1053 sic
1035 1029 1065 1052 ut
1073 1025 1158 1053 Filius
1168 1026 1338 1054 existimetur
1354 1034 1437 1053 sonus
1445 1026 1550 1054 Patris:
1563 1032 1703 1062 propterea

919 1071 1044 1099 attribuit
1061 1071 1159 1104 Verbo,
1178 1076 1207 1099 ut
1227 1080 1275 1107 per
1287 1073 1434 1100 essentiam
1448 1074 1475 1101 in
1495 1073 1553 1108 ipsa
1576 1074 1662 1109 prima
1676 1077 1704 1102 et

919 1117 997 1144 beata
1017 1119 1051 1145 sit
1061 1122 1168 1150 natura,
1187 1119 1227 1145 sic
1237 1118 1400 1153 praeconium
1417 1119 1471 1146 alta
1482 1127 1545 1147 voce
1561 1120 1702 1154 praefatus:

921 1161 954 1188 In
975 1162 1106 1197 principio
1127 1168 1185 1190 erat
1208 1163 1336 1196 Verbum,
1360 1169 1385 1191 et
1408 1164 1519 1192 Verbum
1552 1169 1609 1191 erat
1633 1165 1704 1199 apud

919 1206 1002 1234 Deum
1015 1208 1040 1223 "
1059 1217 1066 1235 :
1081 1212 1108 1235 et
1124 1207 1195 1236 Deus
1220 1213 1247 1235 et
1259 1208 1304 1236 lux
1322 1213 1349 1236 et
1363 1211 1415 1237 vita
1431 1214 1457 1237 et
1473 1217 1640 1246 quaecunque
1662 1215 1704 1239 est

919 1253 1082 1289 principium
1093 1258 1120 1281 et
1134 1255 1220 1289 ipsum
1238 1254 1356 1283 Verbum
1374 1261 1441 1284 erat.
1457 1255 1505 1283 His
1527 1256 1609 1291 igitur
1622 1264 1704 1292 gene-

919 1299 1033 1327 rationis
1050 1304 1076 1326 et
1095 1307 1188 1327 eorum
1204 1308 1264 1335 qua:
1280 1308 1313 1328 ex
1326 1308 1408 1328 causa
1435 1301 1597 1335 subsistunt,
1615 1302 1704 1332 modis

919 1353 951 1373 ex
964 1349 1058 1374 nastro
1072 1354 1145 1374 more
1157 1348 1284 1382 cognitis,
1301 1352 1328 1374 et
1342 1355 1356 1374 a
1375 1355 1450 1375 sacra
1466 1347 1608 1383 Scriptura
1622 1356 1703 1378 usur-

919 1392 989 1427 patis
1003 1396 1029 1419 et
1043 1393 1191 1428 assumptis
1205 1393 1237 1420 ad
1257 1392 1416 1421 tradendam
1442 1401 1533 1421 rerum
1560 1401 1703 1430 supremo-

918 1445 979 1465 rum
990 1438 1154 1472 doctrinam,
1167 1439 1207 1466 sic
1223 1447 1317 1467 eorum
1330 1441 1548 1475 unumquemque
1559 1440 1600 1475 (ut
1614 1440 1703 1477 decet)

919 1483 952 1511 ad
965 1484 1072 1512 divinas
1095 1484 1304 1513 informationes
1332 1485 1359 1512 in
1387 1485 1479 1513 animo
1501 1486 1703 1522 consignandas

919 1538 1027 1558 sumere
1042 1531 1185 1558 debemus.

955 1576 1007 1604 Sed
1019 1576 1075 1611 jam
1090 1581 1198 1613 tempus
1212 1578 1297 1613 exigit
1328 1581 1357 1605 ut
1375 1577 1499 1605 Eunomii
1517 1586 1607 1605 sermo
1623 1578 1701 1606 intel-

919 1623 1020 1658 ligatur
1036 1623 1063 1651 in
1074 1631 1129 1658 quo
1139 1623 1291 1659 signiﬁcatu
1302 1624 1484 1659 generationis
1495 1624 1701 1659 appellationem

919 1669 1042 1703 accipiat.
1073 1668 1188 1700 Filium,
1213 1669 1316 1703 inquit,
1340 1677 1427 1696 verum
1447 1677 1498 1695 non
1516 1669 1655 1704 ingenitum
1677 1674 1702 1696 et

918 1722 975 1741 vere
990 1715 1103 1749 genitum
1119 1720 1178 1741 ante
1192 1714 1301 1740 amula.
1328 1713 1392 1747 Quae
1410 1704 1436 1741 in
1459 1714 1632 1742 distinctione
1644 1722 1702 1741 ma-

917 1760 990 1795 ligne
1013 1760 1084 1787 facta
1113 1764 1164 1790 est.
1188 1760 1421 1791 consecutionem,
1443 1764 1471 1786 ut
1498 1760 1586 1787 cuivis
1609 1764 1700 1787 notam

919 1807 1069 1841 praeterire,
1083 1806 1189 1841 opinor,
1205 1806 1340 1833 convenit.
1358 1806 1425 1838 Quis
1435 1806 1506 1833 enim
1524 1806 1630 1840 ignorat
1639 1813 1701 1832 cum

919 1850 1004 1882 Filius
1019 1850 1103 1882 Patri,
1123 1856 1149 1877 et
1164 1850 1272 1885 genitus
1298 1850 1419 1885 ingenito
1442 1854 1604 1884 opponatur,
1620 1850 1705 1884 hunc,

918 1895 998 1922 Patre
1010 1895 1124 1927 omisso,
1136 1896 1285 1930 ingenitum
1299 1895 1368 1923 Filio
1382 1895 1539 1930 opponere?
1557 1894 1704 1929 Oportebat

919 1945 1008 1968 autem
1024 1941 1048 1969 si
1066 1941 1148 1967 ullam
1165 1941 1289 1968 veritatis
1305 1948 1398 1967 curam
1414 1941 1565 1971 habuisset.
1585 1941 1704 1968 relatira:

919 1986 1122 2020 consequentia:
1136 1986 1269 2013 rationem
1282 1993 1453 2021 nequaquam
1479 1990 1643 2021 pervertere,
1654 1986 1701 2014 sed

919 2032 1010 2059 dicere
1024 2030 1120 2058 Filium
1134 2039 1226 2058 verum
1243 2039 1296 2058 non
1310 2031 1416 2058 Patrem
1434 2040 1442 2059 :
1457 2031 1509 2059 hoc
1522 2032 1603 2059 modo
1614 2032 1702 2066 pietas

919 2086 980 2105 cum
997 2078 1110 2105 rationis
1131 2077 1325 2112 consequentia
1350 2080 1455 2105 servata
1483 2076 1589 2110 luisset,
1599 2081 1626 2105 et
1638 2084 1700 2104 cum

918 2130 1096 2159 personarum
1124 2122 1290 2150 discretione
1316 2122 1427 2150 minime
1460 2122 1576 2150 discissa
1605 2123 1701 2151 fuisset

919 2174 1026 2197 natura.
1037 2169 1088 2197 Sed
1100 2169 1163 2201 iste,
1174 2177 1267 2197 verum
1281 2173 1308 2196 et
1323 2170 1349 2196 in
1359 2168 1506 2204 Scripturis
1520 2170 1608 2197 sacris
1621 2177 1701 2197 usur-

918 2220 1012 2250 patum
1031 2214 1121 2242 Patris
1137 2223 1228 2247 usum,
1244 2219 1270 2242 et
1284 2214 1318 2241 ab
1333 2214 1390 2249 ipso
1406 2213 1496 2241 Verbo
1526 2215 1554 2241 in
1570 2214 1630 2242 ﬁdei
1644 2223 1703 2242 ser-

96 2263 134 2298 τὴν
146 2265 229 2301 ἀληθῆ
252 2273 281 2291 τε
300 2265 346 2291 καὶ
361 2263 498 2299 ἔγγραφον
519 2263 565 2290 τοῦ
586 2263 692 2299 Πατρὸς
706 2264 803 2299 χρῆσιν
817 2264 867 2299 τὴν

920 2269 998 2288 mone
1012 2262 1151 2291 traditum.
1161 2265 1328 2296 permutans.
1342 2261 1401 2287 loco
1414 2259 1503 2288 Patris
1516 2260 1584 2288 dixit
1600 2261 1704 2296 ingeni-

96 2310 148 2343 παρ’
160 2310 242 2336 αὑτοῦ
261 2309 309 2336 τοῦ
325 2310 411 2344 Λόγου
423 2309 619 2344 παραδοθεῖσαν
638 2309 666 2335 ὲν
680 2309 719 2344 τῷ
734 2309 805 2344 λόγῳ
817 2310 866 2345 τῆς

97 2354 196 2388 πίστεως
211 2355 381 2391 ὑπαμείψας,
407 2355 554 2390 ἀγέννητον
567 2355 626 2381 ἀντὶ
640 2354 686 2382 τοῦ
699 2355 804 2391 Πατρος
815 2363 865 2381 κα-

97 2401 236 2436 τωνόμασεν
248 2411 255 2417 ·
281 2402 324 2428 ἵνα
339 2401 460 2437 χωρίσας
475 2401 557 2427 αὐτὸν
573 2401 623 2437 τῆς
637 2401 753 2436 φυσικῆς
767 2401 865 2427 ὲνθεω-

99 2446 216 2482 ρουμένης
236 2446 270 2481 τῇ
289 2444 337 2471 τοῦ
367 2445 473 2480 [ἰατρὸς
485 2445 580 2480 κλήσει
600 2445 649 2480 τῆς
662 2445 730 2481 πρὸς
744 2445 789 2471 τὸν
802 2445 866 2471 Υἱὸν

97 2490 256 2526 οἰκειότητος,
282 2491 457 2527 κοινοποιήσῃ
475 2491 543 2526 πρὸς
557 2491 645 2518 πάντα
663 2491 698 2518 τά
712 2492 740 2518 έν
755 2492 788 2526 τῇ
805 2491 864 2518 κτίη

98 2542 130 2560 σ;ι
142 2538 297 2572 φαινόμενα,
310 2535 350 2568 οἷς
365 2536 436 2563 κατὰ
449 2536 480 2562 τὸ
492 2534 550 2562 ἴσον
561 2538 577 2572 ἡ
593 2536 779 2571 ἀντιδιαστολή
805 2536 864 2562 ἐστι

99 2582 152 2615 πρὸς
171 2584 198 2609 τὸ
224 2583 382 2618 ἀγέννητον.
414 2582 561 2617 Ἀληθῶς,
583 2584 669 2618 φησὶ,
685 2582 866 2618 γεννηθέντα

99 2628 143 2660 πρὸ
155 2629 274 2657 αἰώνων.
288 2629 368 2664 Παρὰ
388 2629 459 2661 τίνος
473 2629 578 2656 εἰπάτω
589 2638 595 2644 ·
610 2630 685 2664 παρά
699 2628 745 2655 τοῦ
760 2628 865 2664 Πατρὸς

100 2673 144 2707 ἰρεί
156 2676 269 2707 πάντως,
291 2676 369 2710 είπερ
388 2676 424 2710 μὴ
442 2674 631 2710 ἀναισχυντοίη
648 2675 715 2710 πρὸς
732 2674 780 2709 τὴν
795 2674 863 2708 ἀλή-

100 2717 168 2747 θειαν,
189 2721 256 2748 Ἀλλ’
272 2721 367 2755 ἐπειδὴ
383 2720 431 2747 τοῦ
445 2721 531 2748 ἀϊδίου
545 2721 651 2755 Πατρὸς
671 2720 720 2746 οὐκ
741 2720 799 2746 ἔστι
816 2721 864 2754 τὴν

100 2763 214 2802 libi/min
245 2767 292 2793 τοῦ
323 2766 389 2793 Υίοῦ
417 2767 581 2802 διαστῆσαι,
609 2765 864 2800 συνενδεικνυμένης

101 2809 189 2843 πάντως
200 2813 247 2838 καὶ
259 2812 306 2839 τὸν
317 2811 383 2838 Υίὸν
397 2811 447 2846 τῆς
463 2811 509 2838 τοῦ
525 2811 631 2847 Πατρός
648 2810 798 2846 σημασίας·
821 2810 866 2836 διὰ

128 2895 145 2913 ⁸¹
163 2897 233 2927 Juan.
252 2907 271 2931 ι,
298 2899 319 2926 l.
374 2906 376 2908 '

921 2311 988 2338 tum,
1001 2311 1029 2333 ut
1042 2307 1086 2334 ubi
1099 2307 1187 2341 ipsum
1204 2314 1218 2333 a
1230 2306 1346 2333 naturali
1361 2314 1421 2341 quae
1433 2314 1494 2333 cum
1505 2305 1594 2334 Patris
1611 2307 1702 2341 appel-

919 2352 1019 2379 latione
1027 2352 1226 2385 consideratur,
1233 2359 1294 2379 cum
1303 2351 1371 2378 Filio
1379 2351 1561 2379 familiaritate
1571 2356 1597 2379 et
1606 2359 1703 2378 conve-

919 2397 1022 2424 nientia
1048 2401 1209 2432 separasset,
1239 2397 1364 2424 eumdem
1390 2405 1452 2424 cum
1478 2398 1605 2425 omnibus
1621 2397 1702 2424 rebus

919 2443 1017 2470 creatis
1033 2450 1203 2471 communem
1227 2442 1328 2470 faceret
1343 2451 1350 2476 ;
1365 2443 1464 2478 quibus
1484 2451 1515 2470 ex
1541 2450 1619 2477 aequo
1635 2450 1701 2470 con-

919 2490 1001 2516 traria
1020 2488 1172 2516 differentia
1192 2496 1252 2516 cum
1267 2489 1386 2524 ingenito
1401 2488 1536 2515 convenit.
1557 2486 1620 2514 Vere
1639 2488 1700 2522 qui-

917 2534 977 2562 dem
997 2533 1095 2561 asserit
1125 2534 1238 2568 genilum
1253 2539 1313 2561 ante
1326 2532 1431 2565 saecula,
1469 2532 1516 2559 sed
1528 2532 1601 2558 dicat
1616 2540 1630 2558 a
1648 2540 1702 2566 quo

917 2580 1058 2616 genitum?
1075 2581 1094 2606 A
1113 2579 1194 2607 Patre
1210 2579 1282 2606 dicet
1295 2586 1423 2613 prorsus,
1446 2577 1581 2613 siquidem
1598 2586 1651 2605 non
1668 2578 1701 2605 ad

917 2626 1058 2653 veritatem
1071 2625 1252 2653 erubesceret.
1268 2624 1320 2651 Sed
1332 2625 1458 2659 quoniam
1468 2625 1503 2651 ab
1512 2629 1613 2650 a-terno
1623 2623 1701 2651 Patre

918 2672 978 2700 Filii
993 2673 1167 2700 aeternitatem
1185 2679 1239 2698 non
1253 2671 1315 2698 licet
1328 2671 1465 2701 divellere,
1478 2670 1540 2704 quia
1557 2669 1646 2697 Patris
1662 2670 1700 2697 si-

918 2717 1075 2753 gniﬁcantia
1097 2716 1193 2744 Filium
1207 2724 1315 2751 quoque
1333 2723 1384 2743 una
1413 2719 1615 2743 commonstrat:
1635 2723 1696 2749 pros

919 2768 1011 2799 pterea
1023 2763 1113 2790 Patris
1126 2762 1305 2798 appellatione
1319 2761 1459 2796 repudiata
1472 2781 1479 2792 ,
1495 2761 1623 2788 transfert
1641 2769 1701 2788 ver-

919 2810 982 2838 bum
999 2809 1032 2836 atl
1048 2809 1209 2844 ingenitum,
1221 2808 1348 2843 quoniam
1366 2806 1448 2842 hujus
1471 2807 1588 2835 nominis
1603 2807 1703 2843 signiii-
1755 2833 1761 2839 κ
