3922 6498
541 365 642 423 ειι

1778 360 1835 418 S.
1865 358 2188 417 GREGORII
2219 361 2512 419 NYSSENI

3680 360 3772 416 519.

539 488 719 536 catum
745 477 948 533 nullam
970 493 1094 533 cum
1121 477 1258 533 Filio
1278 478 1592 534 relationem
1609 487 1660 533 et
1682 480 2093 534 communionen

2216 481 2372 536 τοῦτο
2401 482 2493 535 τοῦ
2522 481 2734 552 Πατρὸς
2754 479 3160 549 ἀποδοκιμάσας
3187 478 3296 550 τὴν
3337 476 3533 548 κλῆσιν
3568 476 3772 547 μετάγει

538 570 756 632 habeat,
788 578 949 638 atque
1001 569 1076 624 ita
1105 568 1447 624 auditoribus
1484 569 1735 624 abductis
1775 584 1804 622 a
1858 571 2109 626 conside-

536 663 710 714 rando
733 659 872 714 Filio
907 661 1067 716 simul
1093 676 1217 716 cum
1251 661 1429 724 Patre,
1467 661 1840 716 immutatione
1871 663 2109 717 nominis

539 752 704 816 facta,
737 753 880 806 viam
921 753 1190 806 maleﬁcio
1219 752 1389 813 dedit,
1418 767 1514 821 per
1559 751 1782 823 ingeniti
1813 753 2108 824 interposi-

535 846 735 897 tionem
798 843 862 897 ad
915 843 1245 912 impietatem
1295 845 1436 896 viam
1478 851 1752 898 sternens.
1799 844 1902 910 Qui
1949 847 2096 900 enim

535 934 842 988 secundum
885 933 1104 988 Domini
1139 943 1474 1004 praeceptum
1519 935 1575 989 in
1609 934 1821 990 Patrem
1857 937 2105 1000 credunt,

533 1027 699 1081 simul
760 1034 923 1095 atque
974 1025 1186 1080 Patrem
1222 1025 1518 1092 audierint,
1576 1037 1757 1083 mente
1793 1030 2109 1098 concipiunt

534 1115 696 1169 etiam
727 1114 918 1168 Filium
952 1115 1101 1168 nullo
1126 1115 1412 1184 interjecto
1443 1117 1753 1182 intervallo,
1782 1117 2109 1187 cogitatione

535 1211 804 1262 statima
864 1206 1004 1260 Filio
1063 1208 1129 1261 ad
1187 1208 1401 1263 Patrem
1452 1217 1790 1263 transeunte.
1842 1210 1944 1275 Qui
1978 1225 2106 1266 vero

533 1299 714 1352 Patris
779 1293 900 1352 loco
971 1298 1038 1352 ad
1098 1299 1324 1368 ingeniti
1375 1300 1791 1370 appellationem
1845 1302 2104 1365 traducti,

530 1401 750 1446 tenuem
791 1392 952 1459 hujus
995 1392 1233 1446 nominis
1289 1394 1532 1446 notitiam
1583 1394 1872 1463 recipiunt,
1926 1395 2103 1447 solum

527 1486 673 1556 quod
706 1487 822 1556 ipse
858 1500 966 1538 non
1033 1486 1106 1540 sit
1128 1483 1345 1555 genitus
1374 1483 1678 1548 discentes,
1722 1498 1827 1538 non
1860 1485 2002 1554 quod
2033 1483 2105 1538 sit

529 1579 714 1632 Pater.
777 1577 852 1630 Ex
910 1578 1012 1631 hoc
1066 1585 1249 1630 autem
1314 1577 1673 1631 nihilominus
1733 1577 2101 1646 intelligenter

530 1669 881 1724 audientibus
923 1667 1210 1722 inconfusa
1235 1667 1370 1722 ﬁdes
1414 1677 1618 1731 manet,
1642 1669 1801 1722 etiam
1830 1683 1926 1738 per
1964 1669 2102 1722 hanc

527 1759 830 1813 notionem.
855 1755 989 1810 Nam
1023 1766 1076 1810 et
1111 1757 1353 1826 genitum
1387 1771 1492 1809 non
1523 1769 1646 1810 esse
1672 1756 1920 1810 similiter
1945 1764 1997 1811 et
2032 1756 2101 1811 de

2207 574 2300 628 τὸν
2343 573 2498 641 λόγον
2540 571 2676 642 πρὸς
2743 572 2801 624 τὸ
2846 572 3159 640 ἀγέννητον
3218 568 3415 638 ἐπειδὴ
3462 567 3650 620 τούτου
3690 570 3771 622 τοῦ

2209 665 2471 733 ὀνόματος
2500 662 2725 732 ἄσχετόν
2759 679 2816 714 τε
2856 663 2955 716 καὶ
2984 660 3362 728 ἀκοινώνητόν
3393 661 3512 712 ἐστι
3542 659 3671 730 πρὸς
3692 660 3771 713 τὸν

2211 751 2342 807 Υἱόν
2374 754 2435 806 τὸ
2476 753 2892 823 σημαινόμενον.
2933 753 3041 805 Καὶ
3074 751 3250 814 οὕτως
3280 749 3627 820 παραγαγὼν
3661 755 3771 814 τοὺς

2208 841 2505 905 ἀκούοντας
2554 843 2690 912 πρὸς
2738 842 2801 894 τὸ
2845 842 2921 912 μὴ
2970 840 3304 910 συνθεωρεῖν
3347 838 3429 908 τῷ
3477 837 3653 909 Πατρὶ
3693 838 3772 891 τὸν

2210 934 2364 988 Υἰόνο
2412 935 2500 987 διὰ
2535 934 2634 1004 τῆς
2678 933 2994 1002 ὑπαλλαγῆς
3035 932 3130 984 τοῦ
3157 931 3437 1000 ὀνόματος
3473 930 3590 982 ὁδὸν
3621 930 3770 983 ἔδωκε

2205 1028 2271 1096 τῇ
2305 1025 2608 1096 κακουργίᾳ
2638 1069 2650 1086 ,
2702 1025 2790 1079 διὰ
2815 1027 2912 1095 τῆς
2939 1024 3033 1078 τοῦ
3076 1025 3388 1092 ἁγεννήτου
3443 1017 3771 1087 παρενθήκης

2206 1118 2462 1171 ὁδοποιῶν
2500 1117 2598 1187 τὴν
2629 1116 2903 1170 ἀσέϐειαν.
2938 1118 3000 1170 Οἱ
3036 1116 3144 1186 γὰρ
3173 1113 3324 1168 κατὰ
3357 1111 3421 1164 τὸ
3464 1109 3766 1179 πρόσταγμα

2203 1208 2296 1261 τοῦ
2347 1210 2616 1260 Δεσπότου
2666 1210 2746 1269 εἰς
2791 1207 2882 1258 τὸν
2914 1206 3134 1276 Πατέρα
3169 1206 3276 1273 τὴν
3319 1201 3508 1253 πίστιν
3541 1198 3767 1267 ἔχοντες,

2202 1301 2339 1371 ὁμοῦ
2365 1301 2438 1370 τῷ
2467 1301 2694 1355 ἀκοῦσαι
2716 1302 2805 1354 τὸν
2823 1301 3041 1369 Πατέρα
3069 1299 3163 1351 καὶ
3193 1297 3293 1350 τὸν
3323 1294 3456 1347 Υἱὺν
3485 1296 3551 1363 τῇ
3579 1290 3766 1360 διανοίᾳ

2205 1394 2711 1464 συμπαρεδέξαντο·
2738 1392 2914 1446 οὐδενὶ
2956 1391 3035 1461 τῷ
3071 1388 3280 1459 μεταξὺ
3316 1385 3650 1453 διαστήματι
3679 1381 3764 1450 τῆς

2201 1485 2436 1548 διανοίας
2457 1485 2674 1540 ἀπὸτοῦ
2705 1484 2834 1538 Υξοῦ
2863 1483 2998 1554 πρὸς
3021 1483 3113 1536 τὸν
3155 1478 3390 1550 Πατέρα
3423 1473 3763 1543 κενεμῆατού-

2203 1595 2320 1648 σης.
2357 1580 2418 1632 Οἱ
2449 1579 2503 1632 δὲ
2530 1579 2650 1632 ἀντὶ
2677 1578 2772 1631 τοῦ
2812 1576 3022 1647 Πατρὸς
3049 1572 3488 1645 παρενεχθέντες
3526 1567 3655 1638 πρὸς
3680 1564 3764 1634 τὴν

2201 1669 2293 1722 τοῦ
2345 1670 2638 1739 ἁγεννήτου
2687 1669 2898 1738 κλῆσιν.
2945 1667 3104 1738 ψιλὴν
3154 1665 3251 1720 τοῦ
3283 1664 3554 1732 ὀνόματος
3593 1657 3759 1711 τούτου

2203 1761 2666 1831 ἀναλαμϐάνουσιν
2691 1760 2896 1814 έννοιαν
2913 1778 2926 1791 ·
2959 1760 3114 1830 μόνον
3141 1760 3203 1811 τὸ
3233 1757 3312 1828 μὴ
3337 1753 3594 1824 γενέσθαι
3620 1749 3762 1803 αὑτὸν

527 1860 722 1904 natura
755 1853 994 1904 increata
1021 1849 1243 1902 dicitur.
1299 1849 1600 1903 lncreatum
1626 1859 1804 1903 autem
1856 1866 1919 1903 ex
1947 1867 2093 1918 aequo

2204 1829 2574 1923 διδασιιόμενοι
2593 1893 2607 1916 ,
2633 1851 2694 1904 οὐ
2726 1851 2832 1922 μὴν
2866 1829 2969 1904 και
2987 1853 3048 1904 τὸ
3073 1850 3298 1920 Πατέρα
3322 1843 3485 1899 εἶναι.
3536 1843 3625 1897 Ἐκ
3649 1839 3758 1894 τού-

526 1941 686 1996 l'ater
721 1951 774 1996 et
800 1939 971 1994 Filius
999 1949 1053 1993 et
1078 1939 1314 2009 Spiritus
1345 1948 1591 1995 sanctus.
1619 1939 1888 2005 Quoniam
1917 1943 2097 1997 omnis

523 2039 774 2086 creatura
803 2039 857 2085 et
895 2029 1174 2084 sensibilis
1219 2036 1272 2082 et
1325 2030 1764 2098 supermuudana
1814 2031 1952 2097 (sive
2003 2046 2101 2084 an-

523 2121 717 2192 gelica)
739 2136 807 2176 ex
838 2119 997 2173 Patre
1024 2127 1077 2173 et
1100 2117 1236 2172 Filio
1259 2125 1312 2172 et
1343 2118 1548 2188 Spiritu
1582 2128 1775 2174 sancto
1797 2120 2098 2175 subsistere

525 2229 592 2268 ex
623 2213 709 2265 his
734 2225 855 2280 quae
875 2212 1075 2266 divinis
1107 2211 1334 2265 vocibus
1361 2219 1732 2266 consentanea
1763 2220 1890 2266 sunt
1928 2213 2102 2266 credi-

528 2313 639 2356 tum
668 2313 773 2358 est.
802 2302 934 2356 Nam
975 2304 1069 2371 qui
1101 2301 1330 2365 audivit,
1365 2299 1544 2356 Verbo
1569 2300 1662 2356 Dei
1703 2303 1876 2356 caelos
1913 2302 2099 2357 ﬁrma-

523 2404 609 2449 tos
630 2410 772 2458 esse,
798 2403 850 2447 et
878 2392 1087 2462 Spiritu
1107 2393 1219 2446 oris
1239 2395 1359 2460 ejus
1383 2407 1592 2447 onmem
1619 2393 1868 2448 virtutem
1887 2409 2095 2457 eorum,

523 2501 632 2538 non
660 2500 756 2555 per
783 2483 1018 2539 Verbum
1038 2483 1333 2538 dictionem
1353 2484 1592 2552 aliquam
1621 2493 1804 2538 mente
1825 2488 2094 2555 concepit,

522 2591 698 2646 neque
725 2590 822 2645 per
859 2572 1145 2644 Spiritum,
1171 2574 1399 2628 halitum
1435 2574 1759 2644 quemdam;
1795 2575 1890 2629 sed
1929 2574 2094 2630 Deum

524 2665 762 2722 Verbum
826 2675 884 2722 et
922 2665 1014 2720 Dei
1061 2665 1353 2736 Spiritum,
1393 2680 1490 2736 per
1523 2681 1586 2720 ea
1631 2681 1753 2736 qua:
1798 2674 1924 2720 sunt
1953 2667 2094 2721 dicta

520 2763 703 2816 animo
749 2759 1045 2829 impressit.
1085 2757 1202 2811 Non
1233 2759 1380 2814 enim
1438 2759 1581 2813 idem
1613 2766 1790 2829 potest
1821 2774 2012 2814 creare
2040 2768 2095 2813 et

519 2854 714 2908 creari.
760 2851 867 2907 Sed
891 2867 1016 2906 cum
1054 2865 1116 2905 ea
1138 2865 1257 2920 qua:
1283 2859 1410 2905 sunt
1441 2851 1692 2921 bipartita
1738 2852 1867 2915 sint,
1902 2865 2096 2920 nempe

2203 1964 2294 1999 του
2327 1947 2382 1998 δὲ
2409 1949 2520 2009 τοῖς
2554 1946 2654 2016 μὲν
2693 1945 2928 2008 συνετῶς
2954 1945 3237 1996 ἐπαΐουσιν
3280 1940 3590 2008 ἁσύγχυτος
3629 1933 3760 2004 μένει

2201 2037 2295 2090 καὶ
2339 2037 2428 2089 διὰ
2453 2037 2656 2106 ταύτης
2690 2037 2787 2106 τῆς
2826 2035 3068 2097 ’διανοίας
3117 2036 3150 2104 ὴ
3199 2033 3414 2092 πίστις.
3453 2028 3526 2080 Τὸ
3565 2027 3667 2097 γὰρ
3693 2024 3756 2094 μὴ

2200 2126 2448 2194 γενέσθαι
2475 2126 2732 2188 ὡσαύτως
2762 2126 2855 2179 ἐπὶ
2885 2126 2984 2194 τῆς
3022 2124 3282 2176 ἀκτίστου
3302 2121 3524 2188 λέγεται
3545 2115 3758 2184 φύσεως.

2204 2220 2490 2271 Ἀκτιστον
2515 2219 2570 2270 δὲ
2605 2217 2743 2271 κατὰ
2768 2217 2830 2269 τὸ
2860 2212 2976 2269 ἴσον
3003 2217 3032 2268 ὀ
3059 2215 3252 2285 Πατήρ
3279 2230 3345 2266 τε
3387 2212 3480 2264 καὶ
3504 2208 3645 2272 Υἱὸς,
3674 2205 3755 2258 καὶ

2197 2309 2267 2362 τὸ·
2288 2308 2509 2380 Πνεῦμα
2529 2310 2589 2363 τὸ
2621 2311 2792 2379 ἆγιον.
2821 2309 2967 2360 Διότι
2999 2309 3146 2360 πᾶσα
3170 2307 3204 2376 ἢ
3237 2306 3422 2366 κτίσις
3452 2300 3673 2370 αἰσθητή
3703 2313 3754 2348 τε

2199 2403 2294 2456 καὶ
2325 2402 2688 2472 ὑπερκόσμιος
2708 2442 2723 2464 ,
2757 2403 2820 2455 ὲκ
2854 2399 3071 2472 Πατρός
3097 2415 3155 2450 τε
3183 2398 3284 2450 xa‘t
3315 2394 3448 2448 Υίοῦ
3489 2391 3581 2446 καὶ
3606 2387 3754 2442 Πνεύα

2202 2510 2368 2563 ματος
2403 2493 2561 2561 ἁγίου
2592 2493 2690 2562 τὴν
2719 2491 3012 2544 ὑπόστασιν
3041 2489 3185 2558 ἔχειν
3219 2486 3376 2556 παρὰ
3416 2484 3523 2537 τῶν
3551 2481 3751 2535 ἀκολου-

2198 2585 2433 2639 θούντων
2481 2587 2598 2647 ταῖς
2637 2583 2807 2647 Θείαις
2852 2585 3056 2651 φωναῖς
3100 2579 3487 2632 πεπίστευται.
3551 2574 3608 2626 Ὀ
3657 2569 3750 2640 γὰρ

2197 2677 2438 2739 ἀκούσας
2469 2677 2550 2730 ὅτι
2581 2675 2660 2745 τῷ
2690 2675 2848 2744 Λόγῳ
2881 2673 3088 2743 Κυρίου
3112 2672 3161 2723 οἱ
3190 2669 3414 2741 οὐρανοὶ
3439 2663 3748 2734 ἐστερεώθη-

2199 2787 2326 2832 σαν,
2358 2770 2450 2822 καὶ
2486 2768 2564 2837 τῷ
2595 2767 2870 2836 Πνεύματι
2903 2764 2998 2818 τοῦ
3038 2763 3314 2833 στόματος
3354 2758 3520 2811 αὐτοῦ
3550 2757 3685 2808 πᾶσα
3717 2753 3744 2811 ἡ

2193 2861 2423 2930 δύναμις
2449 2858 2630 2914 αὐτῶν
2663 2875 2677 2889 ο
2707 2857 2830 2911 οὔτε
2862 2857 3009 2927 ῥῆμα
3053 2854 3142 2907 τὸν
3174 2853 3352 2920 Λόγον
3381 2849 3614 2917 ἐνόησεν,
3639 2842 3745 2896 οὔτε

519 2945 576 3000 in
607 2947 658 2999 id
686 2944 832 3014 quod
870 2943 1002 2997 facit
1027 2950 1082 2996 et
1108 2942 1160 2996 in
1193 2943 1244 2997 id
1270 2943 1415 3012 quod
1449 2942 1524 3008 ﬁt,
1577 2951 1869 3012 utrumque
1901 2951 2093 2996 natura

2196 2947 2377 3022 ἆσθμα
2413 2952 2473 3005 τὸ
2508 2950 2729 3020 Πνεῦμα
2749 2967 2761 2978 ·
2802 2949 2931 3002 ἀλλὰ
2978 2947 3069 3000 τὸν
3110 2944 3246 2998 Θεὸν
3284 2944 3478 3012 Λόγον,
3528 2939 3616 2992 καὶ
3663 2934 3744 2987 τοῦ

517 3034 796 3089 diversum
869 3035 1096 3088 alterum
1159 3033 1227 3086 ab
1265 3033 1458 3096 altero,
1500 3034 1574 3086 ita
1609 3043 1667 3087 ut
1701 3034 1845 3102 quod
1879 3034 1958 3097 ﬁt,
1983 3049 2092 3089 non

2196 3043 2327 3096 Θεοῦ
2375 3043 2434 3095 τὸ
2491 3041 2752 3111 Πνεῦμα,
2813 3040 2897 3093 διὰ
2953 3039 3061 3091 τῶν
3126 3037 3436 3109 εἰρημένων
3491 3029 3742 3086 ἁνετνπώ·

517 3129 594 3183 sit
651 3130 975 3195 increatum,
1009 3144 1186 3200 neque
1209 3136 1455 3182 creatum
1486 3127 1539 3182 id
1567 3128 1715 3196 quod
1760 3143 1951 3183 eorum
1971 3144 2093 3198 quae

2196 3151 2346 3189 σατο.
2383 3135 2460 3188 Οὐ
2512 3134 2733 3186 δύναται
2787 3131 2844 3185 δὲ
2877 3132 2938 3184 τὸ
2969 3131 3102 3184 αὐτὸ
3133 3131 3229 3184 καὶ
3276 3127 3481 3191 κτίζειν
3529 3122 3617 3177 καὶ
3645 3119 3744 3172 κτί-

2204 3225 2209 3226 ,
2514 3225 2551 3226 η
2653 3225 2662 3226 ,
3098 3222 3108 3226 _
3296 3220 3320 3226 _
3402 3219 3424 3226 _
3626 3215 3636 3226 .
3721 3208 3734 3226 ι

521 3222 656 3275 ﬁunt
683 3231 933 3276 naturam
959 3221 1150 3285 eﬁicit;
1183 3221 1234 3274 hi
1266 3235 1397 3291 ergo
1441 3220 1534 3290 qui
1568 3221 1864 3275 secundum
1908 3221 2086 3274 domi-

517 3313 695 3368 nicam
732 3312 851 3367 ﬁdei
882 3313 1278 3367 institutionem
1319 3312 1377 3365 in
1412 3311 1633 3366 nomine
1667 3309 1844 3366 Patris
1874 3321 1926 3366 et
1960 3311 2083 3365 Filii

516 3414 572 3460 et
602 3405 837 3475 Spiritus
867 3405 1040 3459 sancti
1057 3403 1427 3466 crediderunt,
1452 3402 1645 3456 horum
1672 3403 1804 3456 nihil
1845 3404 2088 3472 genitura

518 3512 660 3558 esse,
701 3512 766 3551 ex
803 3513 961 3566 atquo
1009 3495 1265 3560 fatentur,
1300 3495 1622 3564 nullumque
1672 3495 1894 3564 ingeniti
1919 3495 2090 3564 signi-

519 3589 738 3640 ﬁcatum
767 3602 956 3640 sanam
985 3585 1142 3639 ﬁdem
1168 3601 1443 3654 perperam
1476 3585 1637 3640 laedit.
1669 3584 2088 3654 Crassipellihus

518 3688 698 3732 autem
719 3685 776 3732 et
795 3678 1086 3732 hebetibus
1118 3694 1219 3732 nec
1260 3679 1396 3732 bene
1425 3678 1725 3748 compactis
1753 3685 1806 3730 et
1833 3677 1937 3732 sibi
1999 3693 2090 3729 ro-

517 3772 850 3827 haarentibus
872 3773 973 3826 hoc
1005 3788 1200 3826 nomen
1224 3788 1253 3825 a
1283 3787 1418 3827 sano
1446 3787 1696 3826 sermone
1726 3771 2088 3840 pcrversionis

516 3866 578 3920 ﬁt
619 3865 994 3936 primordium.
1032 3863 1150 3920 Non
1204 3865 1347 3920 enim
1405 3879 1592 3920 verum
1649 3865 1810 3932 hujus
1853 3863 2089 3916 nominis

513 3973 738 4014 sensum
768 3957 1154 4027 intelligentes,
1192 3972 1385 4025 nempe
1415 3956 1559 4025 quod
1589 3956 1701 4010 haec
1729 3971 1830 4009 vox
1883 3954 2092 4024 ingeni—

515 4059 630 4103 tum
680 4050 949 4119 signiﬁcat
995 4050 1168 4104 solum
1206 4064 1312 4101 non
1357 4063 1477 4103 esse
1533 4049 1813 4118 genitum,
1844 4057 1899 4102 et
1947 4047 2089 4116 quod

517 4157 625 4195 non
657 4143 896 4210 genitum
926 4158 1051 4197 esse
1123 4155 1412 4196 commune
1463 4149 1548 4194 est
1589 4141 1641 4192 in
1684 4146 1796 4192 tota
1829 4153 2090 4208 superve-

515 4233 700 4286 niente
731 4240 924 4285 natura
945 4273 960 4294 ,
999 4233 1201 4288 omissa
1232 4232 1334 4287 ﬁde
1367 4234 1422 4286 in
1479 4230 1716 4292 Patrem,
1753 4246 1949 4283 nomen
2004 4231 2090 4283 in-

515 4323 756 4393 genitum
785 4340 884 4393 pro
916 4323 1076 4380 Patre
1102 4325 1508 4393 praestituerunt
1532 4342 1546 4378 :
1573 4338 1697 4376 cum
1723 4331 1924 4384 autem,
1949 4323 2092 4376 sicut

517 4415 717 4469 dictum
753 4423 998 4479 est,cum
1024 4417 1124 4471 hoc
1152 4417 1376 4487 ingeniti
1406 4418 1641 4477 nomine,
1667 4413 1939 4484 Unigeniti
1964 4414 2093 4468 sub-

2193 3225 2404 3290 ζεσθαι.
2450 3225 2610 3278 Ἀλλὰ
2645 3225 2768 3294 διχῆ
2802 3222 3222 3292 μεμερισμένων
3252 3220 3361 3272 τῶν
3400 3219 3561 3270 ὄντων
3597 3215 3666 3273 εἰς
3690 3208 3741 3260 τὸ

2190 3317 2376 3371 ποιοῦν
2419 3334 2479 3369 τε
2506 3317 2600 3370 καὶ
2624 3317 2681 3370 τὸ
2723 3317 3004 3386 γινόμενον
3030 3334 3042 3347 ·
3073 3314 3187 3368 ἀλλ’
3237 3315 3322 3366 ὅτι
3355 3306 3606 3378 ἑκάτερόν
3641 3305 3740 3356 ἐστι

2187 3411 2254 3479 τῇ
2280 3410 2436 3478 φύσει
2469 3408 2617 3478 παρὰ
2656 3408 2717 3460 τὸ
2747 3407 2953 3477 ἓτερον,
2981 3406 3054 3468 ὡς
3087 3407 3226 3475 μήτε
3265 3405 3326 3457 τὸ
3359 3402 3630 3471 γινόμενον
3653 3395 3739 3448 ἄκ-

2188 3518 2367 3554 τιστον
2389 3497 2527 3554 εῖναι
2545 3541 2558 3562 ,
2593 3501 2729 3570 μήτε
2757 3499 2991 3561 κτιστὸν,
3019 3499 3048 3550 ὃ
3079 3498 3177 3568 τὴν
3201 3497 3314 3549 τῶν
3350 3492 3632 3562 γινομένων
3655 3503 3738 3538 κα-

2187 3591 2510 3664 τεργάζεται
2535 3589 2694 3660 φύσιν
2720 3608 2733 3620 ο
2767 3593 2875 3653 τοῖς
2906 3590 3003 3659 μὲν
3025 3586 3117 3642 οὖν
3145 3588 3290 3640 κατὰ
3315 3587 3413 3655 τὴν
3445 3577 3734 3644 δεσποτικὴν

2188 3686 2288 3756 τῆς
2333 3685 2566 3747 πίστεως
2616 3683 2830 3737 ἔκθεσιν
2873 3684 2951 3745 εἰς
2995 3682 3053 3734 τὸ
3095 3681 3267 3749 ὄνομα
3306 3679 3397 3731 τοῦ
3428 3673 3623 3743 Πατρὸς
3659 3667 3735 3721 καὶ

2187 3776 2282 3829 τοῦ
2314 3775 2440 3828 Υίοῦ
2465 3777 2556 3827 καὶ
2578 3773 2669 3827 τοῦ
2693 3773 2850 3840 ἁγίου
2876 3772 3191 3840 Πνεῦματος
3215 3765 3555 3825 πιστεύσασι,
3587 3759 3641 3811 τὸ
3669 3756 3732 3824 μὴ

2190 3868 2442 3938 γενέσθαι
2486 3885 2538 3919 τι
2577 3867 2781 3920 τούτων
2820 3864 3013 3933 ἐπίσης
3055 3861 3430 3932 ὁμολογεῖταιο
3472 3855 3562 3908 καὶ
3601 3847 3732 3902 οὐδὲν

2189 3959 2284 4013 τοῦ
2333 3958 2625 4028 ἁγεννήτου
2663 3957 2724 4008 τὸ
2779 3955 3176 4024 σημαινόμενον
3243 3947 3608 4020 παραΰλάπτει
3649 3938 3730 4006 τὴν

2192 4048 2538 4119 ὑγιαίνουσαν
2565 4047 2764 4100 πίστιν.
2810 4042 2932 4107 Τοῖς
2963 4043 3018 4096 δὲ
3046 4041 3416 4113 παχυδέρμοις
3454 4035 3540 4087 καὶ
3568 4031 3728 4097 ἁδιαρ·

2189 4137 2417 4210 Θρώτοις
2446 4138 2590 4209 ἀρχὴ
2629 4139 2728 4206 τῆς
2755 4137 2861 4189 ἀπὸ
2890 4135 2984 4188 τοῦ
3016 4135 3350 4203 ὑγιαίνοντος
3392 4130 3543 4196 λόγου
3572 4137 3726 4191 παρα·

2189 4229 2588 4300 τροπῆς-τοῦτο
2617 4229 2678 4280 τὸ
2721 4228 2890 4298 ὄνομα
2922 4228 3149 4296 γίνεται.
3208 4225 3300 4296 Μὴ
3345 4221 3599 4279 συνιέντες
3634 4213 3724 4282 γὰρ

2191 4321 2288 4392 τὴν
2325 4319 2498 4390 ἀληθῆ
2528 4318 2623 4372 τοῦ
2667 4319 2926 4389 ὀνόματος
2959 4319 3215 4387 ἔμφασιν,
3260 4318 3342 4369 ὅτι
3377 4313 3528 4384 μόνον
3564 4305 3618 4360 τὸ
3660 4302 3722 4373 μὴ

2193 4408 2517 4479 γεγενῆσθαι
2558 4407 2809 4477 σημαίνει
2838 4408 2870 4476 ή
2900 4406 2991 4458 τοῦ
3023 4408 3318 4475 ἁγεννήτου
3345 4401 3518 4471 φωνὴ,
3547 4395 3628 4449 καὶ
3653 4393 3720 4444 ὅτι

517 4506 790 4570 sistentia,
829 4508 944 4562 sive
993 4523 1246 4578 persona,
1281 4524 1387 4562 non
1419 4510 1582 4564 simul
1607 4517 1865 4579 appareat
1900 4517 2090 4562 :certo

2196 4505 2252 4556 τὸ
2295 4503 2368 4574 μὴ
2397 4501 2650 4570 γενέσθαι
2686 4500 2861 4552 κοινόν
2889 4501 3034 4551 ὲστιν
3069 4499 3160 4550 ἐπὶ
3191 4496 3393 4557 παντὸς
3420 4490 3507 4544 τοῦ
3538 4490 3722 4542 ὑποκειο

515 4599 748 4668 quodam
780 4599 1144 4655 determinato
1185 4603 1458 4671 principio
1489 4601 1606 4655 Filii
1660 4611 1906 4655 naturam
1951 4600 2085 4655 deﬁ-

515 4692 697 4751 niunt,
757 4691 1024 4755 dicentes,
1076 4693 1221 4760 quod
1278 4693 1438 4746 modo
1487 4693 1592 4748 iste
1642 4693 1804 4748 dictis
1862 4692 2080 4761 adjecit,

514 4779 716 4834 Filium
776 4783 1100 4835 nominatum
1146 4799 1248 4836 non
1297 4784 1488 4856 absque
1559 4785 1929 4855 generatione,
1971 4800 2086 4853 qua:

511 4890 621 4926 esse
641 4873 919 4929 antecedit.

2195 4597 2356 4667 μένου
2378 4593 2479 4663 τῆς
2502 4593 2731 4655 κτίσεως
2751 4609 2764 4621 ο
2797 4591 3022 4659 ἀφέντες
3059 4591 3157 4659 τὴν
3187 4593 3267 4653 εἰς
3300 4589 3387 4642 τὸν
3417 4584 3616 4652 Πατέρα
3643 4578 3717 4630 πί-

2193 4707 2327 4753 στιν,
2349 4689 2408 4740 τὸ
2466 4686 2757 4756 ἀγέννητον
2803 4685 2971 4754 ὄνομα
3023 4683 3141 4735 ἀντὶ
3183 4683 3276 4736 τοῦ
3342 4679 3538 4749 Πατρὸς
3579 4687 3719 4742 προε-

2195 4782 2493 4850 στήσαντοο
2531 4779 2608 4849 μὴ
2646 4776 3137 4846 συνεκφαινομένης
3164 4775 3254 4839 δὲ,
3298 4770 3471 4834 καθὼς
3501 4766 3715 4836 εἴρηται.

2191 4870 2269 4940 τῷ
2289 4869 2513 4938 ὀνόματι
2543 4867 2716 4936 τούτῳ
2743 4867 2837 4937 τῆς
2879 4865 2969 4918 τοῦ
3005 4863 3340 4932 Μονογενοῦς
3370 4857 3716 4932 ὑποστάσεως,

512 4967 619 5020 ἀπό
674 4985 818 5032 τινος
859 4968 1170 5040 ὡρισμένης
1214 4971 1388 5041 ἀρχῆς
1429 4968 1668 5040 ὁρίζουσι
1711 4968 1803 5022 τοῦ
1853 4968 1980 5021 Υίοῦ
2022 4968 2083 5020 τὸ
2120 4963 2293 5029 εἶναι,
2321 4965 2591 5033 λέγοντες,
2621 4963 2755 5033 ὅπερ
2785 4961 2878 5014 νῦν
2903 4956 3055 5022 οὗτος
3091 4963 3203 5023 τοῖς
3235 4955 3531 5030 εἰρημένοις
3569 4963 3713 5020 προσ-

511 5055 696 5126 έθηκε’
719 5059 799 5121 τὸ,
816 5061 935 5112 Οὐκ
961 5061 1105 5114 ἄνευ
1126 5061 1235 5129 τῆς
1254 5063 1365 5129 πρὸ
1389 5059 1493 5114 τοῦ
1525 5056 1676 5113 εἶναι
1699 5059 2034 5129 γεννήσεως
2075 5056 2514 5128 ὀνομαζόμενον
2552 5057 2708 5108 Υίόν.

582 5150 838 5216 Quamam
900 5153 1011 5207 haec
1046 5170 1236 5208 rursus
1285 5153 1592 5224 prodigiosa
1629 5151 1958 5205 afﬁrmatio?
1997 5151 2078 5205 An

511 5242 688 5293 nescit
710 5256 766 5294 se
792 5240 857 5295 de
878 5241 988 5296 Deo
1007 5244 1170 5298 verba
1196 5243 1412 5298 facere?
1435 5241 1526 5312 qui
1559 5251 1643 5296 est
1661 5244 1712 5294 in
1731 5242 2003 5312 princip-io
2028 5251 2082 5296 et

514 5338 568 5389 in
603 5335 764 5392 Patre
808 5338 932 5393 est?
972 5354 1072 5393 nec
1099 5347 1182 5393 est
1223 5337 1605 5407 omninoquod
1637 5345 1767 5390 tunc
1799 5352 1905 5390 non
1935 5335 2084 5391 erat?

511 5431 890 5499 ignei-utquod
922 5432 1072 5486 dicit.
1109 5431 1254 5484 Nihil
1285 5431 1352 5486 de
1395 5431 1576 5500 aliquo
1611 5429 1952 5493 aﬂirmatur;
1986 5426 2082 5482 sed

512 5530 768 5591 tanquam
789 5523 1064 5577 hominum
1083 5524 1314 5593 alicujus
1335 5521 1704 5594 genealogiam
1727 5520 2082 5582 describeret,

514 5625 636 5679 qua:
696 5613 910 5680 proprie
964 5613 1221 5667 dicuntur
1264 5613 1331 5668 de
1379 5619 1575 5667 natura
1630 5609 1910 5674 inferiore,
1971 5610 2085 5663 hazc

515 5702 695 5755 omnis
717 5711 981 5759 creaturae
1007 5703 1234 5760 Domino
1268 5706 1523 5776 adaptare
1553 5714 1606 5758 et
1636 5703 1890 5773 aﬁingere
1917 5716 2088 5756 cona-

515 5801 622 5850 tur.
660 5792 895 5865 Exempli
927 5798 1118 5866 gratia,
1151 5799 1342 5854 lsmael
1373 5812 1480 5852 non
1511 5803 1627 5852 crat
1678 5804 1802 5869 ante
1851 5809 2081 5871 generat

2259 5149 2356 5211 Τίς
2381 5147 2520 5216 αὕτη
2551 5146 2712 5201 πάλιν
2745 5149 2778 5215 ἡ
2809 5145 2938 5216 κενὴ
2971 5147 3260 5215 τερατεία;
3295 5140 3428 5212 ’Λρα
3459 5133 3709 5189 ἐπίσταται

2187 5245 2269 5296 ὅτι
2296 5243 2424 5313 περὶ
2449 5241 2584 5294 Θεοῦ
2615 5243 2849 5293 ποιεῖται
2875 5239 2964 5292 τὸν
2988 5239 3178 5307 λόγον;
3214 5237 3317 5290 Τοῦ
3351 5237 3405 5287 ὲν
3431 5230 3558 5300 ἀρχῇ
3583 5223 3709 5276 ὄντος

2190 5336 2286 5388 καὶ
2312 5335 2370 5385 ἐν
2391 5333 2468 5403 τῷ
2500 5333 2672 5403 Πατρὶ
2701 5332 2885 5395 ὕντος;
2916 5331 3022 5385 Καὶ
3045 5331 3144 5383 οὐκ
3168 5330 3311 5382 ἔστιν
3338 5328 3419 5379 ὅτε
3440 5321 3529 5373 οὐκ
3548 5315 3676 5368 ὄντος
3690 5320 3703 5364 ὅ

2191 5428 2304 5480 Οὐκ
2342 5421 2482 5478 οἶδεν
2517 5426 2546 5479 ὃ
2573 5425 2742 5494 λέγει,
2778 5425 2943 5478 Οὐδὲν
2985 5424 3110 5496 περί
3147 5440 3288 5486 τινος
3325 5410 3706 5496 διῖσχυρίξετφιν

2191 5517 2305 5570 ἀλλ’
2335 5516 2410 5580 ὦς
2431 5534 2551 5570 τινα
2583 5515 2690 5569 τῶν
2739 5515 3044 5586 ἀνθρώπων
3060 5495 3413 5584 γενεαλογῶν,
3445 5504 3507 5558 τὰ
3533 5495 3706 5566 κυρίως

2193 5612 2285 5664 ἐπὶ
2313 5612 2411 5682 τῆς
2446 5610 2596 5664 κάτω
2629 5609 2898 5680 λεγόμενα
2930 5609 3178 5678 φύσεως,
3219 5606 3382 5661 ταῦτα
3416 5589 3702 5682 ὲφαρμόξελιν

2192 5677 2446 5773 πειρᾶται
2491 5701 2566 5772 τῷ
2611 5677 2854 5773 Δεσπότῃ
2897 5701 3077 5770 πάσης
3125 5701 3224 5769 τῆς
3275 5696 3502 5767 φύσεως·
3542 5687 3568 5736 ὁ
3611 5677 3701 5773 γᾴρ

2200 5765 2443 5866 Ἰσμαὴλ,
2459 5765 2588 5866 φέρε
2611 5797 2803 5860 εἰπεῖν,
2818 5765 2915 5849 οῦκ
2933 5789 2999 5866 ἦν
3021 5765 3126 5864 πρὸ
3141 5765 3235 5863 της
3249 5765 3321 5854 είς
3338 5786 3391 5841 τὸ
3406 5777 3528 5837 εῐναι
3541 5765 3700 5844 γεννίΓ
