3922 6470
180 331 266 388 515
1265 320 1540 377 CONTRA
1595 320 1985 391 EUNOIIIUM,
2026 325 2152 383 LIB.
2196 326 2258 381 ll.

3265 325 3370 379 5H

178 462 313 509 σεως.
354 439 460 496 Ἦν
493 440 555 494 δὲ
589 440 688 512 πρὸ
719 440 819 511 τῆς
860 440 1164 511 γεννήσεως
1192 438 1370 492 αὐτῶν
1398 439 1613 502 πάντως
1651 438 1710 499 τὸ

1814 443 2041 507 tionem,
2075 458 2197 512 quas
2227 451 2287 496 ut
2334 439 2425 497 hic
2452 446 2621 503 esset,
2674 439 2820 495 fecit.
2858 438 2986 494 Erat
3024 445 3203 496 autem
3246 450 3372 495 ante

176 537 393 610 κρονικόν
438 534 582 602 λέγω
629 532 926 602 διάστημα.
995 530 1119 584 Ἐπὶ
1142 528 1198 582 δὲ
1251 529 1344 582 τοῦ
1399 530 1495 600 τῆς
1548 529 1705 599 δόξης

172 628 607 696 ἀωυγάσματος,
653 623 715 675 τὸ
753 622 859 693 πρὸ
896 622 992 675 καὶ
1036 620 1098 673 τὸ
1143 619 1282 690 μετὰ
1316 619 1477 673 τοῦτο
1520 619 1706 691 χώραν

168 722 249 774 οὐκ
275 720 399 787 ἔχει.
426 717 542 787 Πρὸ
568 716 673 785 γὰρ
704 712 801 766 τοῦ
839 712 1270 781 ἀπαυγάσματος
1312 711 1527 774 πάντως
1554 712 1706 765 οὐδὲν

168 814 194 883 ἡ
219 811 327 875 δόξα
354 804 439 878 ἦν.
484 806 650 877 Ὁμοῦ
670 806 780 876 γὰρ
805 804 883 874 τῷ
902 801 1159 874 εἶναιτὴν
1180 803 1358 869 δόξαν,
1393 804 1708 873 συνεκλάμ-

168 922 239 955 πει
264 903 472 964 πάντως
495 898 674 952 καὶτὸ
702 897 1041 965 ἀπαύγασμα
1064 912 1077 925 ⁸
1121 895 1214 949 καὶ
1245 894 1621 965 διαζευχθῆναι
1647 894 1709 947 τὸ

166 996 320 1062 ἕτερον
353 992 444 1044 τοῦ
474 990 664 1061 ἑτέρου
695 988 856 1057 φύσιν
879 989 977 1041 οὐκ
1008 988 1139 1058 ἔχει.
1174 986 1310 1041 Οὔτε
1336 988 1561 1041 δυνατόν
1592 988 1706 1040 ἐστι

165 1084 251 1154 πρὸ
273 1082 359 1135 τοῦ
401 1082 840 1150 ἀπαυγάσματος
880 1079 966 1149 ἐφ’
1004 1079 1200 1148 ἑαυτῆς
1236 1079 1335 1149 τὴν
1361 1078 1514 1142 δόξαν
1559 1078 1703 1134 ἰδεῖν.

172 1171 393 1240 Ἄλαμπῆ
417 1171 531 1240 γὰρ
554 1172 647 1223 καὶ
673 1169 877 1240 τυφλὴν
895 1171 979 1238 ἐφ’
1000 1169 1199 1239 ἑαυτῆς
1218 1164 1355 1222 εἶναι
1378 1170 1710 1225 κατασκευά-

162 1264 228 1327 ζει
262 1263 351 1332 τὴν
382 1260 544 1325 δόξαν
591 1262 620 1313 6
658 1260 815 1313 τοῦτο
858 1260 1032 1327 λέγων
1055 1276 1067 1289 ·
1111 1260 1187 1330 μὴ
1240 1259 1709 1329 συνεκλάμποντος

311 1350 406 1403 τοῦ
449 1349 513 1413 ἐξ
559 1350 731 1419 αὐτῆς
765 1349 1216 1419 ἁπαυγᾶσματος.
1250 1347 1397 1418 Αὕτη
1446 1349 1502 1400 δὲ
1537 1350 1570 1418 ἡ
1608 1348 1709 1419 τῆς

160 1444 393 1514 αἱρέσεως
420 1442 754 1511 κακουργία,
785 1442 873 1495 ἵνα
893 1440 980 1494 διὰ
1013 1440 1122 1493 τῶν
1152 1440 1281 1510 περὶ
1304 1438 1397 1492 τοῦ
1422 1438 1707 1509 ἀνθρώπου

160 1536 432 1604 νοουμένων
470 1550 532 1586 τε
557 1534 657 1585 καὶ
682 1533 989 1602 λεγομένων
1031 1532 1385 1602 ἀποστήσωσι
1417 1531 1507 1583 τὸν
1537 1533 1711 1584 Μονο-

158 1628 265 1695 γενῆ
290 1625 417 1677 Θεὸν
444 1625 548 1693 τῆς
592 1624 731 1695 πρὸς
768 1622 858 1675 τὸν
893 1623 1114 1693 Πατέρα
1146 1622 1415 1691 ένότητος.
1438 1620 1536 1674 Διὰ
1555 1620 1712 1676 τοῦτό

160 1732 315 1783 gnava.
347 1711 455 1782 Πρὸ
476 1714 581 1781 τῆς
608 1715 688 1775 είς
713 1712 772 1765 τὸ
805 1708 944 1764 εἶναι
968 1713 1271 1781 γεννήσεως
1323 1711 1422 1763 ούκ
1459 1706 1525 1781 ἦν
1551 1710 1707 1774 Υίός·

1804 549 1994 591 eorum
2054 533 2461 605 generationem
2492 547 2718 603 prorsus
2771 531 2915 601 quod
2978 532 3238 601 temporis
3289 544 3373 586 est

1806 624 1930 679 dico
1986 625 2351 681 intervallum.
2381 624 2450 676 At
2484 624 2540 676 in
2565 622 2751 693 gloriae
2791 621 3078 691 splendore
3107 624 3370 692 praeposi-

1805 717 1980 771 tiones
2015 717 2115 778 hae.
2149 725 2294 781 ante,
2323 724 2375 770 et
2405 722 2549 785 post,
2583 715 2763 768 locum
2809 730 2916 766 non
2946 712 3165 767 habent.
3198 711 3395 783 Siqui»

1806 807 1929 862 dem
1956 818 2083 887 ante
2106 807 2446 877 splendorem
2474 805 2645 879 gloria
2671 805 2805 861 nihil
2839 813 2955 858 erat
2991 824 3005 859 :
3036 805 3196 860 simul
3225 805 3369 860 enim

1806 905 1968 967 atque
1994 898 2164 969 gloria
2209 898 2440 962 exstitit,
2476 911 2700 966 prorsus
2754 902 2808 950 et
2848 893 3048 950 eﬂ‘ulsit
3095 894 3372 964 splendor,

1807 1004 1908 1044 nec
1939 990 2165 1045 alterum
2193 990 2262 1044 ab
2299 991 2471 1045 altero
2496 996 2693 1043 natura
2720 986 3070 1056 disjungitnr.
3105 984 3214 1039 Nec
3249 994 3374 1039 ante

1808 1080 2146 1150 splendorem
2179 1080 2350 1152 gloria
2384 1081 2439 1135 in
2466 1081 2644 1151 seipsa
2672 1079 2785 1133 ullo
2805 1092 3032 1148 prorsus
3063 1076 3222 1131 modo
3241 1090 3373 1131 con-

1806 1172 1943 1241 spici
2003 1172 2198 1240 potuit.
2259 1168 2556 1225 Obscuram
2583 1168 2727 1223 enim
2774 1178 2828 1222 et
2862 1181 3059 1221 caecam
3084 1167 3136 1220 in
3188 1164 3372 1235 seipsa

1806 1263 2033 1332 gloriam
2059 1278 2179 1318 esse
2211 1270 2417 1317 astruet
2438 1301 2453 1325 ,
2481 1261 2572 1330 qui
2608 1259 2742 1314 dicit
2766 1259 2890 1324 hoc,
2921 1274 3031 1313 non
3053 1258 3217 1312 simul
3248 1270 3371 1310 cum

1808 1354 1927 1424 ipsa
1959 1354 2245 1424 etl‘ulgente
2284 1370 2350 1407 ex
2403 1353 2520 1423 ipsa
2552 1349 2843 1421 splendore
2881 1369 2893 1403 :
2938 1349 3051 1404 haec
3078 1356 3164 1403 est
3206 1347 3375 1403 haere-

1806 1459 1932 1500 seos
1955 1444 2222 1497 calumnia
2257 1450 2312 1497 et
2341 1442 2678 1511 improbitas,
2719 1448 2777 1493 ut
2813 1455 2908 1511 per
2931 1454 2993 1494 ea
3016 1454 3137 1509 qua:
3171 1438 3238 1493 de
3271 1438 3373 1491 ho-

1808 1538 1954 1591 mine
1972 1546 2026 1591 et
2051 1535 2426 1605 intelliguntur
2446 1543 2500 1590 et
2525 1534 2803 1597 dicuntur,
2831 1531 3181 1603 Unigenitum
3204 1530 3371 1585 Deum

1806 1627 1881 1684 ab
1918 1630 2119 1685 unitate
2138 1645 2257 1685 cum
2281 1626 2435 1682 Patre
2457 1627 2790 1682 abstrahant.
2810 1624 3017 1679 Idcirco
3040 1623 3227 1678 dicunt
3250 1630 3375 1678 ante

1809 1718 2207 1789 generationem
2263 1732 2383 1787 qua:
2414 1732 2535 1774 esse
2580 1717 2758 1781 eﬁicit,
2789 1714 2977 1768 Filium
3014 1730 3117 1768 non
3181 1713 3367 1768 fuisse.

160 1809 198 1860 oi
226 1806 275 1858 δὲ
316 1806 423 1859 τῶν
472 1805 651 1875 κριῶν
706 1804 851 1866 υἱοὶ,
884 1797 960 1858 ὧν
996 1807 1023 1857 6
1070 1804 1357 1874 Προφήτης
1405 1802 1707 1873 μέμνηται,

1814 1810 2052 1863 Arietum
2080 1807 2420 1876 ﬁliiquorum
2442 1809 2684 1863 meminit
2707 1806 3053 1878 Propheta”,
3079 1820 3184 1859 non
3212 1817 3261 1859 et
3291 1805 3370 1858 illi

160 1899 257 1966 οὐχὶ
282 1901 524 1950 κάκεῖνοι
549 1894 695 1965 μετὰ
726 1897 787 1949 τὸ
811 1894 1063 1963 γενέσθαι
1086 1893 1377 1948 καλοῦνται
1406 1894 1510 1946 υἱοί
1535 1911 1549 1959 ;
1575 1895 1711 1964 ὅπερ

160 1986 234 2043 οὖν
258 1992 360 2051 τοῖς
397 1989 535 2050 υίοῖς
569 1987 682 2039 τῶν
714 1985 882 2056 κριῶν
913 1987 1074 2057 ἐνορᾷ
1099 1989 1128 2039 6
1161 1986 1315 2053 λόγος
1339 2025 1353 2049 ,
1388 1985 1447 2037 τὸ
1488 1983 1593 2054 πρὸ
1615 1985 1712 2055 τῆς

160 2084 223 2144 είς
240 2077 444 2133 τὸεῖναι
473 2081 789 2149 γεννήσεως
831 2078 905 2148 μὴ
926 2073 1063 2130 εἶναι
1096 2078 1295 2139 αὐτοὺς
1331 2077 1478 2138 υἱοὺς
1499 2075 1672 2146 κριῶν
1697 2092 1711 2107 ο

158 2168 289 2221 τοῦτο
310 2167 400 2219 νῦν
422 2170 451 2220 6
470 2167 675 2236 σεμνὸς
712 2166 957 2234 θεολόγος
983 2165 1265 2235 ἀνατίθησι
1293 2164 1368 2234 τῷ
1392 2167 1582 2234 ποιητῇ
1605 2163 1713 2216 τῶν

160 2259 336 2313 αἰώνων
362 2262 457 2313 καὶ
478 2260 669 2329 πάσης
698 2260 796 2329 τῆς
818 2259 1065 2321 κτίσεως,
1090 2258 1166 2327 τῷ
1187 2258 1276 2309 τὸν
1297 2256 1464 2309 ἀΐδιον
1492 2256 1708 2326 Πατέρα

161 2354 207 2405 ἐν
229 2351 392 2423 ἑαυτῷ
410 2352 621 2421 ἔχοντι,
647 2350 739 2402 καὶ
757 2352 817 2402 ἐν
847 2352 912 2419 τῇ
934 2348 1027 2402 τοῦ
1053 2349 1263 2419 Πατρὸς
1286 2347 1545 2418 ἀῖδιότητι
1576 2347 1708 2401 θεω-

164 2446 399 2516 ρουμένῳ,
423 2442 618 2505 καθὼς
638 2442 796 2501 αὐτός
815 2458 978 2510 φησιν
1002 2480 1016 2503 ,
1056 2441 1135 2493 ὅτι
1173 2438 1319 2508 Ἐγὼ
1338 2440 1407 2492 ἐν
1426 2436 1504 2505 τῷ
1526 2438 1708 2505 Harp!

162 2536 243 2589 καὶ
265 2539 295 2590 d
324 2534 537 2603 Πατὴρ
577 2534 649 2587 ἐν
673 2533 825 2601 ἐμοί.
868 2530 1009 2584 Ἀλλ’
1037 2532 1086 2584 οἱ
1117 2531 1192 2601 μὴ
1221 2531 1504 2601 δυνάμενοι
1529 2530 1624 2601 τὴν
1650 2530 1709 2583 ὲν

164 2632 225 2701 τῷ
242 2631 371 2701 λὰγῳ
398 2629 746 2701 κακουργίαν
770 2627 1065 2696 ὲφορᾶσθαι
1086 2667 1099 2687 ,
1136 2627 1272 2697 μηδέ
1309 2642 1430 2679 τινα
1456 2626 1550 2679 τοῦ
1575 2627 1707 2679 ἀκο-

163 2721 321 2775 λούθου
351 2721 689 2791 κατανόησιν
714 2717 1151 2787 πεπαιδευμένοι,
1188 2719 1298 2780 τοῖς
1320 2716 1709 2785 ἀσυναρτήτοις

163 2815 342 2877 τούτοις
382 2811 810 2875 ἀκολουθοῦσιν,
865 2810 940 2874 ὡς
988 2809 1277 2863 ἀκόλουθον
1325 2808 1603 2879 δεχόμενοι
1646 2808 1708 2861 τὸ

165 2910 339 2969 τούτοις
361 2906 752 2977 προκείμενον.

218 3086 337 3155 Φησὶ
366 3085 497 3155 γὰρ,
532 3083 614 3136 ὅτι
655 3081 776 3151 πρὸ
813 3080 1017 3148 πάσης
1045 3079 1155 3147 τῆς
1189 3079 1442 3144 κτίσεως
1475 3077 1714 3147 γενόμε-

165 3191 284 3229 νον·
330 3176 420 3228 καὶ
469 3174 668 3245 ὥσπερ
709 3171 809 3225 οὐκ
841 3168 1117 3240 ἀρκούσης
1156 3170 1255 3238 τῆς
1307 3166 1487 3237 φωνῆς
1512 3163 1713 3235 ταύτης

170 3269 277 3339 πρὸς
308 3267 539 3333 ἔνδειξιν
581 3266 680 3335 τῆς
733 3262 1016 3325 ἀσεϐείας,
1066 3259 1343 3332 ἐφεδρεύει
1397 3258 1474 3328 τῷ
1518 3257 1713 3328 ἐφεξῆς

168 3361 283 3430 λόγῳ
320 3360 415 3430 τὴν
461 3357 818 3429 βλασφημίαν
868 3354 1073 3419 εἰπὼν,
1123 3354 1203 3406 ὅτι
1266 3354 1375 3406 οὐκ
1408 3350 1711 3404 ἄκτιστον.

170 3453 267 3515 Πῶς
292 3449 378 3505 οὖν
427 3449 692 3521 ὀνομάζει
725 3447 849 3501 Υίὺν
882 3446 1128 3515 ἀληθινὸν
1162 3444 1252 3496 τὸν
1297 3443 1395 3496 οὐκ
1426 3442 1710 3507 ἄκτιστον;

170 3544 329 3616 Είγὰρ
352 3545 437 3599 τὸν
465 3542 692 3596 κτιστὸν
736 3539 846 3592 υἱὸν
897 3537 1144 3608 ἀληθινὸν
1189 3536 1366 3602 λέγειν
1406 3534 1710 3605 προσήκειν

171 3637 382 3705 ἀληθινὸς
422 3638 548 3700 υίὸς
605 3635 699 3688 καὶ
735 3634 764 3687 6
795 3631 1016 3703 οὐρανὸς
1046 3629 1261 3690 πάντως
1294 3626 1407 3679 ὲστί
1432 3642 1445 3656 ο
1490 3625 1714 3696 καὶγὰρ

169 3730 298 3793 αὐτὸς
323 3731 419 3783 οὐκ
447 3726 710 3788 ἄκτιστός
739 3728 905 3778 ἐστιν.
929 3721 1112 3783 Οὕτως
1138 3718 1386 3789 ἀληθινὸς
1424 3717 1538 3778 υίὸς
1568 3718 1661 3770 καὶ
1686 3719 1714 3769 6

170 3824 307 3893 ἣλιος,
336 3825 425 3876 καὶ
448 3823 635 3875 πάντα
662 3822 761 3873 ὅσα
787 3820 821 3887 ἡ
850 3817 1025 3878 κτίσις
1051 3814 1160 3884 ἔχει
1198 3812 1366 3882 μικρά
1393 3827 1451 3862 τε
1482 3810 1573 3862 καὶ
1601 3810 1716 3879 μεί-

171 3910 292 3978 ζονα,
321 3917 413 3984 τῆς
442 3912 546 3966 τοῦ
580 3908 833 3980 ἀληθινοῦ
867 3906 995 3960 Υίοῦ
1033 3902 1399 3976 προσηγορίας
1429 3900 1553 3963 ἄξια
1582 3900 1716 3953 πάν-

172 4024 255 4070 τως
284 4007 440 4061 ἐστίν.
505 4004 629 4067 Πῶς
669 4003 727 4055 δὲ
774 4000 919 4068 λέγει
946 3994 1226 4064 Μονογενῆ
1272 3994 1362 4046 τὸν
1394 3993 1711 4062 γενόμενον;

173 4099 325 4153 Πάντα
348 4100 456 4171 γὰρ
489 4096 561 4149 τὰ
590 4094 856 4165 γενόμενα
885 4089 1088 4159 ἀδελφὰ
1133 4087 1348 4148 πάντως
1376 4085 1520 4138 ἐστὶν
1547 4084 1713 4154 ἀλλή-

172 4191 276 4256 λων,
299 4194 411 4245 κατ’
442 4189 615 4243 αὐτὸν
655 4186 797 4254 λέγω
834 4184 923 4237 τὸν
951 4180 1042 4235 τοῦ
1064 4179 1312 4249 γενέσθαι
1350 4177 1523 4245 λόγον.
1558 4176 1713 4247 Παρὰ

174 4284 287 4347 τίνος
306 4285 357 4337 δὲ
383 4285 483 4336 καὶ
506 4280 822 4351 γενόμενον;
850 4277 1035 4331 Πάντα
1058 4274 1165 4343 γὰρ
1186 4271 1305 4324 εἴτι
1335 4272 1542 4339 γέγονε,
1566 4270 1714 4340 παρὰ

1813 1908 2103 1970 postquam
2163 1900 2328 1970 geniti
2387 1898 2608 1954 fuerunt
2642 1940 2657 1959 .
2711 1907 2977 1953 vocantur
3030 1898 3167 1951 ﬁlii?
3216 1897 3370 1961 Quod

1814 1991 2053 2059 igiturin
2091 1990 2216 2045 ﬁliis
2238 1991 2467 2043 arietum
2516 1990 2728 2060 inSpicit
2760 1990 3088 2055 intellectus,
3115 1999 3240 2043 ante
3290 2002 3378 2059 ge-

1815 2070 2172 2145 nerationem,
2194 2095 2316 2149 qua:
2352 2088 2410 2134 ut
2448 2082 2560 2136 sint
2588 2095 2752 2134 causa
2779 2087 2883 2143 est,
2923 2080 3071 2149 ipsos
3118 2095 3227 2132 non
3256 2094 3377 2134 esse

1817 2174 1955 2228 ﬁlios
1983 2173 2238 2235 arietum,
2307 2173 2409 2226 hoc
2452 2172 2629 2242 ipsum
2671 2170 2775 2226 iste
2798 2186 3021 2226 severus
3092 2171 3377 2239 theologus

1816 2265 2007 2321 factori
2042 2264 2357 2324 saeculorum
2387 2264 2675 2332 omnisque
2722 2271 2987 2319 creaturae
3025 2263 3297 2326 attribuit,
3327 2260 3378 2316 ei

1808 2358 2053 2426 inquam,
2097 2356 2191 2424 qui
2242 2365 2505 2410 aeternum
2563 2353 2779 2408 Patrem
2831 2353 2886 2409 in
2939 2368 2997 2408 se
3051 2354 3170 2424 ipso
3191 2353 3376 2417 habet,

1808 2450 2009 2518 quique
2029 2448 2081 2501 in
2107 2446 2285 2501 Patris
2302 2447 2605 2502 aeternitate
2636 2445 2975 2514 intelligitur.
3021 2443 3382 2511 Quemadmo-

1807 2540 1934 2594 dum
1952 2540 2027 2595 ait
2050 2543 2165 2609 ipse
2189 2538 2255 2603 ³⁸,
2287 2537 2393 2607 Ego
2417 2553 2533 2601 sum
2550 2538 2604 2589 in
2629 2539 2808 2601 Patre,
2835 2545 2883 2590 et
2914 2536 3071 2591 Pater
3092 2537 3146 2590 in
3174 2553 3254 2590 me
3278 2546 3376 2590 est.

1813 2630 1916 2686 Sed
1947 2631 2038 2700 qui
2062 2646 2170 2684 non
2194 2637 2423 2699 possunt
2455 2629 2593 2681 hanc
2612 2628 2937 2681 calumniam
2960 2638 3011 2680 et
3054 2628 3380 2682 malitiosam

1812 2724 2318 2795 interpretationem
2359 2723 2689 2792 perspicere,
2724 2736 2900 2790 neque
2922 2720 3086 2774 ullam
3118 2734 3383 2775 consecu-

1813 2816 1980 2872 tionis
2002 2816 2266 2870 rationem
2294 2814 2621 2878 didicerunt,
2643 2813 2729 2869 his
2754 2822 2862 2867 tam
2899 2814 3038 2868 male
3058 2813 3383 2868 cohaerenti-

1812 2907 1914 2963 bus
1942 2908 2319 2963 assentiuntur
2361 2907 2706 2962 admittentes
2755 2913 3012 2975 tanquam
3040 2919 3382 2974 consequens

1739 3004 1784 3063 α
1814 3000 1958 3071 quod
1988 3000 2073 3055 his
2102 2999 2374 3069 adjicitur.

1888 3091 1978 3145 Ait
2029 3092 2196 3155 enim,
2229 3090 2382 3155 Quod
2413 3100 2531 3144 ante
2579 3105 2782 3144 omnem
2821 3098 3117 3143 creaturam
3145 3088 3380 3158 factum,

1814 3189 1863 3235 et
1886 3180 2040 3250 quasi
2071 3179 2185 3233 haec
2214 3194 2315 3232 vox
2336 3194 2441 3232 non
2472 3177 2739 3233 suﬁiceret
2764 3177 2832 3231 ad
2867 3176 3383 3233 demonstrationem

1815 3274 2129 3344 impietatis,
2158 3273 2450 3327 insidiatur
2493 3280 2753 3341 sequente
2781 3286 3035 3324 sermone
3065 3269 3384 3340 blasphemo

1815 3381 1910 3420 ore
1940 3365 2156 3419 loculus
2193 3363 2330 3436 quod
2354 3380 2455 3416 non
2476 3372 2551 3416 est
2581 3362 2704 3431 quid
2754 3362 3064 3414 increatum.
3100 3359 3385 3426 Quomodo

1816 3455 1998 3525 igitur,
2043 3470 2229 3509 verum
2266 3453 2361 3508 Dei
2393 3452 2589 3508 Filium
2614 3454 2855 3506 nominat
2884 3468 3005 3506 eum
3047 3454 3138 3521 qui
3163 3468 3269 3506 non
3301 3459 3385 3507 est

1817 3548 2124 3603 increatus?
2146 3548 2192 3603 si
2215 3548 2358 3601 enim
2389 3562 2511 3601 eum
2539 3546 2629 3615 qui
2653 3553 2870 3600 creatus
2893 3556 3191 3605 eSt,verurn
3214 3546 3382 3599 ﬁlium

1816 3637 1898 3693 fas
1929 3646 2013 3693 est
2038 3637 2261 3691 dicere:
2306 3637 2504 3691 cmlum
2546 3650 2705 3690 verus
2740 3633 2883 3689 ﬁlius
2913 3634 3133 3698 dicitur,
3168 3634 3295 3703 quia
3330 3644 3384 3688 et

1817 3730 1993 3800 ipsum
2038 3744 2145 3783 non
2178 3734 2261 3782 est
2314 3728 2648 3790 increatum;
2707 3726 2787 3781 sic
2834 3740 2999 3781 verus
3082 3727 3223 3782 ﬁlius
3277 3729 3380 3781 sol.

1814 3822 1991 3887 Atque
2023 3819 2205 3871 omnia
2230 3829 2350 3885 quae
2379 3823 2560 3868 creata
2614 3824 2763 3879 sunt,
2793 3814 2907 3868 sive
2929 3828 3092 3883 parva
3123 3815 3235 3869 sive
3265 3830 3383 3868 ma-

1809 3907 1952 3974 jora,
1998 3904 2110 3960 veri
2143 3904 2236 3958 ﬁlii
2296 3903 2658 3973 appellatione
2711 3901 2873 3970 digna
2926 3904 3150 3955 omnino
3196 3915 3380 3956 erunt.

1815 3998 1949 4052 Cum
1982 4003 2163 4049 autem
2217 3993 2565 4065 Unigenitum
2600 3993 2732 4046 dicit
2760 3992 2959 4047 factum
3007 4008 3147 4055 esse,
3199 3995 3382 4047 omnia

1814 4102 1933 4156 quae
1947 4085 2089 4139 facta
2106 4091 2233 4139 sunt
2246 4083 2516 4139 communi
2534 4082 2674 4137 inter
2692 4097 2751 4136 se
2765 4080 2952 4136 fratris
2967 4082 3188 4135 nomine
3204 4084 3384 4151 appel-

1816 4179 2092 4239 labuntur,
2111 4175 2232 4231 dico
2250 4174 2544 4230 secundum
2562 4175 2733 4243 ipsam
2749 4173 2867 4241 ejus
2884 4171 3027 4240 quod
3044 4172 3242 4225 factum
3260 4188 3384 4228 esse

1815 4266 2323 4333 dicitur,rationem.
2337 4266 2499 4333 Aquo
2511 4272 2689 4317 autem
2709 4261 2908 4315 factum
2925 4276 3047 4316 esse
3061 4259 3381 4314 dii-et?Nam

173 4373 247 4426 τοῦ
280 4373 402 4427 Υίοῦ
432 4349 658 4432 πάντως
707 4368 941 4437 ἐγένετο.
1013 4363 1201 4426 Οὕτως
1244 4361 1351 4433 γὰρ
1388 4362 1415 4413 6
1463 4361 1710 4429 Ἰωάννης

1814 4361 1994 4414 omnia
2029 4372 2149 4427 quae
2176 4357 2315 4411 facta
2357 4362 2501 4418 sunt,
2532 4367 2758 4423 prorsus
2786 4366 2817 4404 a
2844 4349 2984 4406 Filio
3035 4349 3177 4405 facta
3206 4359 3333 4405 sunt
3365 4371 3377 4405 :

178 4464 481 4535 μαρτύρεται
512 4462 688 4529 λέγων
711 4501 724 4522 ,
770 4460 851 4511 ὅτι
886 4456 1087 4509 Πάντα
1126 4453 1198 4506 δι’
1238 4451 1423 4506 αὑτοῦ
1455 4450 1707 4520 ἐγένετο.

176 4555 225 4608 El
244 4559 403 4609 τοίνυν
434 4556 533 4610 καὶ
578 4556 605 4606 6
644 4553 770 4615 Υἱὸς
819 4549 959 4603 κατὰ
1003 4547 1093 4600 τὸν
1137 4544 1230 4598 τοῦ
1262 4544 1526 4615 Εύνομίου
1556 4543 1711 4610 λόγον

176 4648 379 4713 ἐγένετο,
423 4650 645 4708 πάντως
696 4646 752 4696 ὲν
781 4645 846 4713 τῇ
886 4640 1043 4708 φύσει
1075 4637 1180 4689 τῶν
1221 4634 1525 4706 γενομένων
1553 4635 1647 4687 x11
1687 4633 1716 4685 6

176 4731 303 4802 οὗτός
330 4741 495 4792 ἐστιν.
549 4737 612 4788 Εἰ
637 4731 728 4788 οὖν
761 4732 938 4785 πάντα
979 4729 1049 4782 τὰ
1090 4728 1354 4797 γενόμενα
1395 4726 1460 4778 δι’
1504 4725 1713 4777 ἐκείνου

177 4830 390 4895 ἐγένετο·
433 4831 491 4882 ἓν
532 4829 591 4882 δὲ
624 4827 729 4880 τῶν
784 4822 1087 4893 γενομένων
1128 4820 1221 4872 καὶ
1258 4819 1286 4870 6
1312 4818 1484 4886 Λόγος
1528 4816 1673 4869 ἐστίν
1700 4831 1712 4846 ο

176 4921 240 4985 τίς
273 4923 434 4987 οὕτως
469 4922 697 4991 ἀνόητος
730 4920 803 4979 ὡς
838 4918 910 4988 μὴ
943 4914 1167 4968 συνιδεῖν
1198 4913 1285 4967 διὰ
1326 4911 1433 4966 τῶν
1457 4912 1715 4963 τεθέντων

176 5012 224 5065 τὸ
250 5014 455 5077 ἄτοπον,
496 5014 579 5065 ὃτι
627 5009 787 5064 αὐτὸν
827 5008 1019 5062 ἑαυτοῦ
1063 5006 1220 5077 ἔργον
1256 5002 1584 5073 γεγενῆσθαι
1624 5001 1715 5054 τὸν

177 5104 417 5173 Δεσπότην
450 5103 553 5171 τῆς
604 5098 834 5160 κτίσεως
877 5099 905 5151 ὁ
949 5094 1133 5155 καινὸς
1174 5087 1322 5155 οὗτος
1361 5085 1719 5161 δογματιστὴς

176 5195 533 5261 ἀποφαίνεται,
567 5191 644 5262 τῷ
672 5187 967 5261 διαρρήδην
1006 5187 1177 5238 εἰπεῖν
1208 5183 1279 5254 μὴ
1308 5181 1557 5235 ἄκτιστον
1579 5173 1716 5234 εἶναι

174 5286 244 5334 τον
268 5286 455 5355 Κύριον
475 5285 565 5337 τον
586 5278 917 5352 δημιουργὸν
943 5277 1119 5347 πάσης
1147 5275 1244 5345 τῆς
1266 5274 1525 5337 κτίσεως;
1547 5271 1716 5324 Πόθεν

178 5373 266 5439 ἔχει
294 5375 384 5445 τὴν
414 5372 750 5445 παρρησίαν,
783 5368 1011 5422 εἰπάτω.
1053 5367 1146 5419 Ἐκ
1174 5364 1327 5426 ποίας
1360 5360 1711 5414 θεοπνεύστου

178 5465 332 5534 ζωνῆς
353 5484 367 5531 ;
409 5466 504 5530 Τίς
533 5460 972 5532 εύαγγελλιστὴς,
1008 5461 1155 5520 ποῖος
1175 5454 1465 5516 ἀπόστολος
1486 5452 1580 5522 τὴν
1603 5469 1713 5504 τοι-

177 5551 320 5623 αύτην
351 5556 523 5626 ἀφῆκε
563 5555 785 5625 φωνήνς
840 5552 935 5614 Τίς
980 5549 1283 5623 προφήτης,
1328 5543 1705 5615 ἢνομοθέτης.

241 5737 279 5766 ⁸³
313 5735 449 5791 Ral.
488 5752 643 5797 cxx",
701 5736 753 5789 ’5.
830 5733 874 5765 ³⁵
915 5729 1072 5785 Joan.
1104 5743 1213 5792 xrv,
1254 5725 1306 5780 5.

1819 4451 1899 4505 sic
1931 4450 2075 4504 enim
2136 4454 2370 4503 testatur
2417 4445 2656 4501 Joannes
2684 4460 2808 4499 cum
2844 4443 3000 4507 dicit,
3052 4442 3245 4499 Omnia
3292 4459 3383 4512 per

1818 4544 1988 4611 ipsum
2017 4540 2162 4609 facta
2192 4547 2313 4591 sunt
2336 4538 2401 4590 ³⁵.
2438 4535 2493 4592 Si
2526 4552 2655 4607 ergo
2685 4536 2847 4590 etiam
2864 4531 3031 4589 Filius
3061 4534 3239 4590 factus
3274 4544 3379 4600 est,

1818 4632 2117 4688 secundum
2166 4629 2417 4683 Eunomii
2464 4629 2753 4693 rationem,
2802 4641 3028 4697 prorsus
3082 4627 3137 4680 in
3202 4642 3380 4680 rerum

1816 4724 2085 4779 factarum
2122 4729 2314 4777 natura
2353 4722 2496 4776 idem
2525 4722 2641 4791 ipse
2679 4728 2783 4775 est.
2829 4718 2986 4786 Quod
3016 4720 3061 4775 si
3087 4734 3207 4790 qua:
3245 4720 3383 4772 ﬁunt

1816 4818 1998 4873 omnia
2028 4832 2123 4886 per
2181 4815 2331 4870 illum
2392 4813 2530 4868 facta
2586 4820 2750 4880 sunt;
2799 4828 2965 4866 unum
3023 4827 3210 4866 eorum
3262 4825 3384 4881 quae

1818 4910 1963 4965 facta
1984 4916 2113 4965 sunt
2131 4908 2343 4962 dicetur
2370 4915 2422 4959 et
2439 4908 2615 4976 ipsum
2653 4902 2906 4959 Verbum.
2931 4902 3067 4969 Quis
3093 4905 3162 4956 ita
3189 4916 3385 4957 excors

1820 5008 1876 5054 et
1900 4997 2055 5051 avius
2084 5011 2115 5049 a
2151 5010 2275 5051 vera
2301 4996 2536 5056 ratione,
2565 4993 2659 5061 qui
2698 5007 2807 5045 non
2837 5008 2902 5045 ex
2936 4990 3021 5045 bis
3062 5005 3182 5059 quae
3204 4992 3382 5058 posita

1820 5093 1969 5150 sunt,
2025 5084 2170 5156 quod
2224 5084 2518 5139 absurdum
2544 5080 2791 5151 sequitur
2820 5080 3084 5147 intelligat
3130 5096 3143 5132 :
3189 5092 3385 5147 nempe

1820 5179 1999 5250 ipsum
2031 5183 2297 5232 creatura:
2339 5173 2623 5229 Dominum
2658 5172 2742 5226 sui
2787 5171 2958 5240 ipsius
2997 5184 3136 5238 opus
3177 5168 3380 5221 factum

1819 5284 1966 5332 esse,
2006 5268 2075 5322 ab
2130 5267 2234 5321 hoc
2285 5281 2429 5320 novo
2486 5264 2708 5318 doctore
2730 5261 3097 5332 pronuntiari,
3140 5261 3268 5329 quia
3296 5260 3383 5312 di-

1820 5366 1964 5412 serte
1991 5356 2210 5421 dixerit,
2252 5355 2429 5425 ipsum
2451 5353 2756 5417 Dominum,
2792 5350 2884 5421 qui
2907 5355 2990 5404 est
3011 5348 3191 5403 omnis
3224 5362 3379 5401 crea—

1818 5457 1953 5503 tura:
1983 5448 2165 5518 opifex
2197 5454 2250 5503 et
2279 5446 2549 5508 conditor,
2574 5461 2682 5499 non
2712 5458 2832 5500 esse
2866 5441 3206 5496 increatum?
3227 5437 3383 5493 Unde

1817 5542 1957 5594 hanc
1984 5536 2283 5593 alﬁrmandi
2314 5536 2595 5591 audaciam
2622 5533 2805 5589 habet.
2839 5531 3005 5588 dicat.
3054 5528 3125 5583 Ex
3161 5542 3268 5599 qua
3299 5526 3383 5581 di-

1384 5723 1427 5754 ³⁵
1473 5719 1632 5778 Joan.
1681 5735 1720 5784 ι,
1758 5715 1814 5774 '5.
