3922 6476
564 341 670 397 515

1847 328 1907 384 S.
1938 322 2266 383 GREGORII
2300 321 2588 379 NYSSENI

3656 320 3740 376 εει

565 459 767 514 vinitns
799 456 1060 525 inspirata
1096 452 1266 507 voce?
1297 450 1431 517 Quis
1469 448 1769 520 apostolus,
1807 449 1934 519 quis
1957 462 2125 503 evan-

2240 447 2260 517 ἠ
2293 446 2656 518 πατριάρχης,
2687 443 2720 514 ἢ
2753 441 2907 506 ἀλλος
2934 457 3020 504 τις
3046 439 3153 493 τῶν
3179 439 3287 493 ὑπὸ
3316 438 3406 491 τοῦ
3432 438 3575 506 ἁγίου
3600 438 3742 492 [luei-

566 552 756 621 gelista
791 549 950 602 talem
978 546 1162 602 emisit
1204 544 1429 599 vocem?
1457 543 1590 607 Quis
1620 542 1904 611 pr0pbeta,
1936 540 2018 596 vel
2054 540 2131 593 le-V

574 644 825 714 gislator,
859 640 942 693 vel
971 636 1302 709 patriarcha,
1340 636 1422 689 vel
1457 635 1579 703 quis
1601 634 1741 687 alius
1781 632 2073 700 eorumqui
2102 645 2132 684 a

567 732 773 803 Spiritu
806 739 997 785 sancto
1030 727 1189 782 afllati
1233 735 1288 781 et
1321 725 1567 780 instructi
1617 725 1855 787 fuerunt,
1900 737 2131 793 quorum

566 839 729 879 voces
796 821 990 875 litteris
1029 836 1134 873 non
1180 828 1305 874 sunt
1359 816 1677 885 expressae?
1708 816 1832 886 quis
1886 815 2012 869 talis
2046 814 2134 869 di-

565 914 760 969 ctionis
786 919 973 965 auctor
998 910 1240 964 exstitit?
1262 908 1467 962 Patrem
1496 916 1548 962 et
1574 906 1765 960 Filium
1791 913 1843 958 et
1874 902 2133 974 Spiritum

567 1014 816 1062 sanctum
845 1006 897 1057 in
930 1002 1049 1056 fidei
1075 1001 1367 1055 traditione
1398 1014 1427 1053 a
1457 1000 1683 1054 veritate
1710 997 2026 1062 didicimus,
2064 1010 2132 1049 an

567 1099 697 1168 quid
739 1105 984 1153 creatum
1040 1095 1215 1164 ipsum
1266 1108 1389 1147 esse
1450 1107 1551 1146 nos
1584 1090 1809 1146 credere
1855 1087 2136 1159 oportuit?

568 1188 852 1256 Quomodo
892 1185 1095 1240 veritas
1154 1184 1312 1237 nobis
1341 1181 1660 1251 mysterium
1698 1180 1937 1243 tradens,
1974 1180 2132 1233 fidem

570 1281 623 1331 in
644 1275 831 1331 Filium
879 1284 933 1329 et
962 1290 1067 1327 non
1109 1276 1159 1326 in
1203 1280 1509 1326 creaturam
1549 1269 1821 1325 sancivit?
1850 1268 2135 1335 Quomodo

567 1368 724 1423 divus
749 1367 1039 1436 Apostolus
1058 1365 1334 1419 Christum
1359 1365 1617 1420 adorans.
1636 1378 1731 1418 eos
1752 1362 1842 1432 qui
1871 1370 2136 1416 creaturae

568 1461 810 1517 serviunt
840 1466 1031 1529 prazter
1047 1463 1370 1517 creatorem,
1400 1455 1717 1509 idololatras
1738 1469 1862 1508 esse
1878 1469 2136 1523 expresse

567 1553 699 1609 dicit
718 1553 799 1605 "?
827 1552 907 1605 vel
932 1565 1037 1603 non
1075 1549 1356 1603 adorasset
1390 1548 1437 1602 si
1467 1557 1686 1601 creatus
1720 1554 1883 1610 esset,
1920 1547 2004 1599 vel
2036 1562 2134 1601 eos

566 1647 658 1715 qui
696 1652 977 1700 creaturas
1003 1642 1187 1696 colunt
1234 1640 1503 1694 idolorum
1538 1638 1843 1692 cultoribus
1896 1653 2002 1693 non
2036 1653 2135 1692 an-

568 1743 908 1794 numerasset
948 1753 961 1788 ε
994 1750 1062 1788 ne
1097 1734 1288 1803 etipse
1321 1732 1481 1786 idolis
1532 1731 1741 1786 servire
1787 1730 1935 1784 visus
1964 1736 2129 1792 esset,

2235 556 2399 610 ματος
2421 535 2880 606 θεοφορουμένων,
2905 525 2980 585 ὧν
3001 529 3337 603 ἀνάγραπτοι
3360 532 3490 581 εἰσιν
3507 531 3558 581 αἱ
3580 533 3741 597 φωναὶ,

2229 630 2329 700 τῆς
2364 629 2616 698 τοιαύτης
2646 628 2854 698 ρήσεως
2885 623 3259 693 καθηγήσατο;
3308 620 3518 688 Πατέρα
3540 618 3624 671 καὶ
3641 618 3744 672 Υίδν

2232 721 2325 774 καὶ
2357 720 2577 789 Πνεῦμα
2600 718 2749 786 ἆγιον
2774 718 2830 768 ὲν
2852 718 2918 784 τῇ
2947 712 3237 783 παραδόσει
3264 709 3365 779 τῆς
3386 709 3604 773 πίστεως
3623 712 3747 780 παρὰ

2231 812 2331 881 τῆς
2378 811 2632 881 ἀληθείας
2668 807 2961 879 ὲμάθομεν,
3014 802 3289 877 ἦκτιστὸν
3326 800 3482 853 αὐτὸν
3520 796 3643 854 εἶναι
3673 818 3746 852 πιο

2234 900 2442 954 στεύειν
2470 900 2632 970 ἐχρῆν
2656 916 2671 964 ;
2704 896 2827 960 Πῶς
2860 892 3223 966 παραδιδοῦσα
3246 892 3380 960 ἡμῖν
3403 889 3460 941 τὸ
3496 889 3747 960 μυστήριον

2232 988 2537 1061 ὴάλήθεια,
2566 988 2664 1055 τὴν
2708 987 2788 1049 είς
2830 985 2919 1038 τὸν
2965 983 3090 1036 Υἱδν
3123 982 3302 1034 πίστιν
3346 977 3437 1030 καὶ
3476 979 3569 1031 οὐκ
3614 980 3678 1039 είς
3702 979 3750 1031 τδ

2234 1083 2438 1153 κτίσμα
2464 1077 2815 1148 ἐνομοθέτησε
2839 1092 2852 1139 ;
2884 1074 3006 1137 Πῶς
3029 1073 3084 1126 δὲ
3111 1067 3427 1142 προσκυνῶν
3450 1068 3535 1121 τὸν
3555 1068 3750 1138 Χριστὸν

2233 1177 2262 1228 ὁ
2282 1176 2422 1238 θεῖος
2444 1171 2779 1233 Ἀπόστολος,
2801 1171 2926 1232 τοὺς
2950 1171 3017 1239 τῇ
3045 1166 3220 1219 κτίσει
3273 1162 3610 1231 λατρεύοντας
3629 1162 3752 1230 παρά

2232 1268 2323 1319 τὸν
2360 1266 2638 1326 κτίσαντα,
2675 1260 3072 1328 εἰδωλολατρεῖν
3118 1254 3448 1326 διορίζεταις
3501 1252 3651 1323 ἢγὰρ
3673 1253 3752 1303 οὐκ

2235 1360 2301 1413 ἂν
2326 1356 2728 1428 προσεκύνησεν
2761 1355 2808 1406 εί
2842 1350 3057 1413 κτιστὸς
3096 1343 3182 1419 ἦν,
3232 1347 3260 1417 ἢ
3296 1346 3394 1398 οὐκ
3422 1345 3485 1397 ἂν
3511 1347 3612 1407 τοῖς
3630 1344 3753 1397 είδω-

2234 1448 2515 1520 λολάτραις
2542 1444 2795 1511 συνέταξε
2819 1444 2943 1507 τοὺς
2970 1444 3035 1511 τῇ
3063 1438 3235 1492 κτίσει
3258 1434 3604 1506 λατρεύοντας
3641 1452 3653 1466 ·
3687 1438 3753 1488 ἵνα

2237 1540 2313 1612 μὴ
2340 1542 2431 1593 καὶ
2465 1537 2624 1600 αὐτὸς
2652 1536 3051 1604 είδωλολατρεῖν
3075 1530 3223 1600 δόξῃ,
3256 1528 3539 1599 προσάγων
3566 1525 3634 1595 τῷ
3657 1542 3751 1577 κτι-

2234 1629 2344 1701 στῷ
2385 1630 2482 1701 τὴν
2521 1627 2906 1699 προσκύνησιν.
2951 1623 3089 1677 Ἀλλ’
3121 1621 3260 1676 οἶδεν
3308 1623 3387 1676 ὅτι
3419 1622 3446 1674 ὁ
3478 1621 3596 1692 παρ’
3620 1616 3753 1671 αὖτοῦ

2235 1720 2696 1794 προσκυνούμενος
2720 1718 2812 1771 ἐπὶ
2847 1716 3060 1769 πάντων
3086 1715 3202 1767 ἐστὶ
3230 1714 3361 1776 Θεός
3383 1729 3396 1740 ·
3436 1709 3570 1763 οὕτω
3589 1710 3682 1779 γάρ
3710 1711 3754 1760 ὲν

568 1840 752 1882 creato
782 1824 1150 1879 adorationem
1191 1823 1479 1887 exhibens,
1541 1822 1633 1875 sed
1667 1823 1834 1886 novit,
1862 1823 2006 1890 quod
2037 1822 2128 1890 qui

2240 1813 2311 1884 τῷ
2341 1812 2474 1884 πρὸς
2515 1811 2816 1882 Ῥωμαίους
2839 1808 2982 1878 λόγῳ
3011 1808 3100 1860 τὸν
3131 1807 3258 1859 Υἱὸν
3285 1804 3551 1875 ὀνομάζει.
3596 1804 3651 1857 Ol
3678 1802 3755 1869 τῆς

568 1920 716 1973 abeo
744 1914 998 1969 adoratur
1024 1913 1074 1964 in
1095 1911 1347 1964 omnibus
1370 1910 1509 1965 Deus
1525 1918 1638 1964 est:
1670 1912 1903 1965 sicenim
1929 1911 1983 1964 in
2013 1926 2131 1965 ser-

568 2022 728 2062 mone
759 2005 826 2058 ad
878 2001 1155 2056 Romanos
1182 2000 1375 2055 Filium
1424 2000 1687 2055 nominat.
1730 1999 1835 2066 Qui
1898 2001 2065 2071 igitur
2097 2016 2129 2055 a

569 2100 746 2155 Patris
774 2095 1009 2152 essentia
1026 2093 1211 2148 Filium
1233 2090 1483 2155 alienant,
1504 2091 1677 2160 ipsum
1701 2093 1861 2146 etiam
1887 2100 2129 2147 creatum

569 2195 836 2253 dicentes,
868 2204 964 2242 cur
998 2200 1091 2255 per
1134 2182 1429 2237 ludibrium
1454 2190 1508 2236 et
1537 2197 1757 2237 sannam
1775 2183 1877 2253 ipsi
1908 2182 2132 2238 falsino-

570 2286 773 2339 minem
803 2279 1217 2348 appellationem
1247 2274 1640 2345 gratificantur,
1680 2289 1712 2329 a
1754 2289 1878 2328 vera
1931 2274 2131 2329 deitate

571 2375 749 2429 alieno
790 2374 885 2428 Dei
933 2383 1125 2423 nomen
1162 2381 1442 2435 perperam
1475 2367 1842 2437 assignantes,
1877 2374 2129 2436 tanquam

574 2464 687 2525 Bel,
719 2464 803 2518 vel
851 2460 1050 2530 Dagon,
1100 2456 1185 2511 vel
1226 2456 1677 2523 draconiYQuare
1700 2458 1787 2512 vel
1829 2473 1937 2512 non
1965 2456 2130 2514 Deum

570 2554 951 2615 confiteantur,
995 2550 1087 2620 qui
1114 2549 1289 2618 ipsum
1324 2557 1565 2603 creatum
1597 2564 1719 2604 esse
1755 2559 1939 2619 aperte
1975 2556 2133 2602 autu-

574 2654 743 2709 mant,
766 2643 1121 2698 ntJudaizare
1141 2642 1424 2696 videantur
1449 2659 1463 2694 :
1491 2640 1571 2694 vel
1597 2641 1642 2695 si
1658 2654 1780 2694 eum
1803 2640 1893 2709 qui
1915 2648 2133 2695 creatus

574 2741 696 2800 luit,
730 2736 895 2791 Deum
918 2750 1041 2790 esse
1079 2733 1459 2797 confiteantur,
1499 2746 1559 2787 se
1600 2732 1759 2786 idolis
1785 2731 1992 2786 servire
2022 2746 2131 2785 non

575 2828 903 2885 inficientur.
957 2826 1062 2881 Sed
1093 2840 1279 2881 vocem
1314 2823 1703 2895 proverbialem
1736 2823 1893 2892 plane
1944 2821 2130 2892 profe-

2238 1905 2424 1967 οὐσίας
2446 1904 2624 1957 τοίνυν
2651 1902 2749 1955 τοῦ
2778 1902 2983 1972 Πατρὸς
3021 1901 3110 1953 τὸν
3140 1900 3284 1957 Υίὸν,
3336 1900 3429 1950 καὶ
3457 1895 3655 1951 κτιστδν
3676 1895 3754 1947 αὐ-

2238 1997 2325 2050 τὸν
2356 1996 2621 2065 λέγοντες,
2659 1995 2712 2047 τί
2754 1992 3117 2065 χλευαστικῶς
3159 1992 3308 2061 αύτῷ
3331 1992 3429 2061 τὴν
3456 1987 3757 2058 ψευδώνυμον

2239 2089 2426 2159 κλῆσιν
2458 2087 2764 2159 χαρίζονται
2789 2129 2803 2153 ,
2850 2085 2927 2156 τῷ
2956 2084 3217 2155 ἀλλοτρίῳ
3256 2084 3352 2155 τῆς
3382 2082 3625 2152 ἀληθινῆς
3645 2080 3759 2133 θειό·

2236 2195 2397 2247 τητος
2418 2178 2517 2249 τὴν
2544 2177 2687 2243 Θεὸς
2720 2176 2900 2247 φωνὴν
2928 2176 3102 2245 μάτην
3134 2173 3565 2244 ἐπιφημίζοντες,
3603 2171 3760 2239 ὥσπερ

2236 2269 2314 2341 τῷ
2338 2269 2474 2341 Βὴλ,
2527 2270 2559 2342 ἢ
2591 2270 2668 2339 τῷ
2698 2268 2971 2339 Δαγὼν,ῆ
3019 2268 3096 2338 τῷ
3126 2269 3414 2339 δράκοντι;
3457 2267 3608 2319 Ὥστε
3645 2266 3673 2335 ἢ
3699 2265 3759 2334 μὴ

2237 2360 2371 2413 Θεὸν
2400 2360 2827 2430 ὁμολογείτωσαν
2867 2358 3027 2412 αὑτὸν
3070 2360 3119 2413 οἱ
3150 2356 3367 2411 κτιστὸν
3410 2351 3540 2410 εἶναι
3566 2352 3760 2425 amputa.

2242 2470 2411 2523 μενοι,
2439 2453 2524 2506 ἴνα
2549 2452 2785 2521 φανῶσιν
2815 2451 3187 2515 Ἰουδατζοντες
3204 2469 3219 2483 σ
3248 2452 3282 2522 ἢ
3310 2451 3463 2521 εἴπερ
3480 2446 3759 2519 ὁμολογοῦσι

2237 2546 2330 2599 τὸν
2364 2545 2649 2599 κτισθέντα
2695 2540 2833 2597 εἶναι
2869 2544 3021 2608 Θεὸν,
3070 2543 3469 2612 είδωλολατρεῖν
3506 2541 3574 2611 μὴ
3612 2538 3761 2610 ἀρνεί-

2240 2638 2470 2692 σθωσαν.
2515 2637 2673 2692 Ἀλλὰ
2709 2637 2807 2708 τὴν
2841 2636 3183 2708 παροιμιώδη
3219 2636 3402 2706 φωνὴν
3437 2634 3635 2694 πάντως
3655 2646 3760 2699 προ-

2237 2730 2555 2801 φέρουσιν,ἥ
2578 2746 2758 2799 φησιν,
2778 2730 2860 2782 ὅτι
2883 2729 3095 2798 Κύριος
3114 2727 3319 2782 ἐκτισέ
3336 2743 3411 2797 με
3429 2723 3613 2794 ἀρχὴν
3635 2719 3762 2776 όὸὡν

2236 2822 2441 2887 αὐτοῦ,
2477 2824 2563 2887 είς
2590 2821 2732 2890 ἔργα
2756 2819 2961 2875 αὐτοῦ.

576 2936 723 2990 runt,
760 2940 877 2994 quae
921 2922 1073 2985 dicit,
1131 2921 1385 2974 Dominus
1440 2919 1634 2972 creavit
1672 2933 1753 2971 me
1810 2918 2126 2988 principium
2157 2918 2362 2972 viarum
2395 2934 2634 2981 suarum,
2665 2916 2733 2970 ad
2763 2932 2919 2985 opera
2948 2933 3044 2970 sua
3072 2916 3137 2972 ³⁷.

643 3020 720 3088 (a)
740 3017 849 3073 Hoc
869 3015 1109 3089 pluribus
1130 3013 1302 3069 verbis
1324 3013 1591 3084 quomodo
1610 3028 1666 3067 se
1694 3014 1853 3069 habet
1868 3015 2062 3069 clarius
2079 3020 2133 3067 et

2304 3012 2472 3066 Τοῦτο
2530 3012 2588 3066 δὲ
2660 3011 2747 3065 διὰ
2799 3011 3056 3065 πλειόνων
3128 3009 3228 3081 μὲν
3287 3010 3401 3063 ἐστι
3468 3006 3761 3079 παραθέσθαι

575 3107 913 3164 manifestius
960 3105 1338 3175 exponendum
1400 3112 1484 3158 est
1556 3120 1572 3159 :
1624 3112 1996 3159 verumtamen
2031 3105 2134 3160 hoc

575 3201 737 3253 ctiam
780 3199 861 3251 fas
892 3204 1037 3250 esset
1074 3194 1204 3249 viris
1231 3190 1479 3248 candidis
1503 3200 1557 3247 et
1588 3192 1759 3262 aquis
1799 3193 1930 3262 quid
1960 3193 2133 3263 signi-

577 3290 699 3343 ficet
722 3289 910 3357 paucis
939 3286 1153 3339 tradere
1179 3302 1191 3337 :
1219 3283 1435 3352 quidam
1467 3283 1609 3337 enim
1668 3283 1721 3336 in
1756 3281 1957 3337 divinis
1986 3281 2136 3338 Scri-

578 3381 754 3451 ptnris
784 3387 1038 3431 accurate
1091 3386 1143 3429 et
1176 3374 1482 3444 ,diligenter
1530 3374 1765 3428 instituti
1821 3383 1874 3428 et
1933 3374 2134 3429 versati

576 3472 790 3528 dicunt.
833 3466 975 3537 apud
1001 3464 1254 3520 Hebraaos
1287 3480 1395 3518 non
1430 3464 1695 3537 scriptum
1729 3480 1870 3529 esse,
1901 3466 2135 3519 crearit:

579 3577 679 3615 nos
705 3560 867 3614 etiam
893 3558 948 3610 in
978 3555 1368 3611 vetustioribus
1406 3556 1558 3610 libris
1603 3555 1869 3625 scriptum
1910 3556 2136 3626 legimus

578 3652 844 3722 ικτήσατο
873 3652 1111 3720 possedit,
1140 3664 1238 3718 pro
1254 3647 1432 3700 ἕκτισέ
1458 3664 1523 3717 με
1537 3647 1766 3702 condidit
1788 3664 1883 3702 me.
1912 3647 2137 3703 Servum

579 3760 809 3816 prorsus
839 3751 1021 3812 aperte
1054 3740 1257 3794 indicat
1283 3741 1485 3794 creatio
1512 3756 1605 3809 per
1631 3740 1990 3810 proverbialia
2014 3742 2140 3795 mni-

580 3844 783 3907 gmata,
819 3849 941 3889 eum
983 3833 1072 3902 qui
1111 3840 1329 3903 propter
1355 3847 1455 3885 nos
1488 3832 1630 3885 servi
1659 3830 1889 3885 formam
1921 3848 2138 3888 assum-

582 3929 709 3998 psit.
752 3923 904 3991 Quod
938 3924 982 3977 si
1005 3923 1128 3991 quis
1152 3923 1203 3975 in
1230 3922 1480 3979 Ecclesiis
1516 3922 1892 3991 praevalentem
1950 3923 2138 3976 lectio—

582 4032 703 4071 nem
754 4018 806 4069 in
863 4016 962 4068 hac
992 4024 1141 4082 parte.
1165 4012 1407 4081 objiciat,
1450 4028 1624 4082 neque
1650 4027 1750 4068 nos
1780 4012 1883 4067 hoc
1919 4011 2138 4067 verbum

582 4111 781 4170 ἔκτισε,
806 4109 1018 4173 creavit,
1050 4106 1346 4174 rejicimus.
1376 4104 1550 4174 Atque
1594 4106 1695 4159 hoc
1715 4114 1861 4160 certe
1897 4105 1963 4160 ad
1996 4105 2139 4161 servi

581 4202 1031 4272 significationem
1065 4213 1158 4267 per
1198 4196 1425 4267 aenigma
1475 4195 1786 4251 intuendam
1831 4196 2139 4266 :siquidem

584 4292 753 4345 omnis
796 4300 1041 4343 creatura
1086 4288 1260 4353 servit,
1304 4285 1754 4355 quemadmodum
1800 4286 1875 4338 ait
1910 4288 2142 4356 Aposto-

2239 3103 2566 3173 σαφέστερον
2621 3104 2767 3166 ὅπως
2808 3102 2947 3172 ἔχει’
3010 3101 3148 3175 πλὴν
3199 3102 3419 3156 δυνατὸν
3451 3103 3512 3155 ἂν
3565 3099 3641 3170 είη
3688 3100 3762 3151 καὶ

2237 3195 2300 3247 δι’
2346 3195 2541 3262 ὀλίγων
2600 3196 2710 3257 τοῖς
2743 3192 3047 3264 εὐγνώμοσι
3106 3193 3436 3265 παραδοῦναι
3484 3192 3542 3245 τὸ
3587 3191 3758 3263 νόημα·

2237 3284 2449 3351 λέγουσι
2478 3283 2586 3355 γὰρ
2614 3284 2882 3338 καὶτοῦτο
2908 3301 3050 3347 τινες
3077 3284 3180 3337 τῶν
3200 3285 3271 3338 δι’
3290 3284 3561 3357 ἀκριϐείας
3586 3282 3645 3335 τὰ
3668 3281 3762 3334 θεία

2238 3375 2712 3447 πεπαιδευμένων,
2763 3377 2844 3431 ὅτι
2896 3378 2955 3430 ού
3002 3377 3310 3447 γέγραπται
3360 3376 3484 3448 παρ’
3522 3374 3762 3446 Ἐϐραίους

2238 3469 2297 3521 τὸ
2341 3469 2539 3522 ἔκτισε
2572 3485 2584 3498 ’
2628 3470 2721 3522 καὶ
2757 3471 2913 3540 ἡμεῖς
2969 3470 3027 3523 ὲν
3073 3471 3447 3542 ἀρχαιοτέραις
3481 3468 3660 3539 βίϐλοις
3689 3466 3762 3518 ἀνι

2239 3562 2520 3632 ἐγνωμεν,
2597 3561 2957 3629 Ἐκτήσατο,
3027 3565 3446 3635 γεγραμμένον,
3519 3562 3627 3616 ἀντὶ
3685 3559 3761 3613 τοῦ

2239 3653 2438 3709 ἐκτισέ
2478 3670 2575 3721 με.
2677 3654 2957 3723 Ἐμφαίνει
3017 3655 3073 3707 δὲ
3122 3656 3340 3719 πάντως
3398 3656 3484 3709 τὸν
3545 3652 3761 3720 δοῦλονὴ

2240 3746 2413 3808 κτίσις
2464 3745 2553 3797 διὰ
2594 3744 2702 3797 τῶν
2747 3746 3126 3816 παροιμιακῶν
3165 3749 3263 3801 καὶ
3305 3747 3645 3819 αἰνιγμάτων,
3689 3745 3762 3797 τὸν

2239 3837 2304 3890 δι’
2356 3838 2504 3908 ἡμᾶς
2549 3837 2883 3891 ἀναλαϐόντα
2933 3837 3029 3909 τὴν
3072 3837 3162 3892 τοῦ
3188 3839 3397 3893 κδούλου
3445 3840 3655 3910 μορφήν.
3710 3836 3760 3888 Εἰ

2240 3928 2295 3982 δέ
2345 3945 2426 3990 τις
2466 3928 2561 3982 καὶ
2622 3928 2719 4000 τὴν
2763 3929 3156 4000 ἐπικρατοῦσαν
3195 3932 3255 3985 ἐν
3305 3935 3420 3995 ταῖς
3462 3929 3761 3999 Ἐκκλησίαις

2240 4019 2541 4087 ἀνάγνωσιν
2599 4020 2656 4072 ὲν
2702 4019 2781 4089 τῷ
2837 4021 2990 4091 μέρει
3043 4023 3214 4093 τούτῳ
3271 4023 3610 4095 προϐάλοιτο,
3661 4018 3761 4071 οὐδὲ

2240 4111 2357 4181 τὴν,
2391 4113 2691 4177 Ἕκτισεν,
2721 4112 2901 4183 φωνὴν
2941 4113 3337 4185 ἀποϐάλλομεν.
3388 4116 3491 4169 Καὶ
3510 4113 3649 4166 τοῦτο
3673 4109 3759 4179 γὰρ

2244 4204 2379 4275 πρὸς
2404 4206 2502 4275 τὴν
2522 4204 2707 4258 δούλου
2736 4204 3007 4275 σημασίαν
3028 4204 3114 4258 διὰ
3139 4205 3232 4258 τοῦ
3255 4206 3556 4277 αἰνίγματος
3585 4202 3757 4273 βλέπει·

2243 4293 2647 4366 ensisque“
2688 4296 2726 4362 ἡ
2765 4296 2962 4362 κτίσις
3003 4295 3299 4361 δουλεύει,
3355 4295 3526 4359 καθώς
3575 4293 3761 4364 φησινὸ

585 4382 672 4437 lus
706 4380 772 4434 ³⁸.
809 4380 1178 4445 Quamobrem
1211 4379 1313 4432 hoc
1340 4377 1565 4431 verbum
1610 4377 1800 4430 creavit
1840 4376 1925 4446 pie
1965 4355 2140 4446 accipi

2258 4355 2594 4448 Ἀπόστολος.
2640 4355 2739 4440 Διά
2776 4355 2955 4439 τοῦτο⁷
2979 4388 3070 4440 καὶ
3105 4355 3309 4460 ταύτην
3354 4355 3526 4458 φωνην
3560 4355 3759 4442 εύσεϐὦς

587 4489 745 4543 νοεμθ
763 4472 1077 4526 asserimus.
1101 4469 1327 4524 Creatus
1352 4478 1433 4523 est
1457 4469 1598 4523 enim
1648 4483 1773 4522 vere
1820 4470 1873 4521 in
1908 4468 2141 4523 novissi-

585 4562 689 4615 mis
703 4562 896 4614 diebus
911 4559 997 4612 ille
1015 4560 1105 4628 qui
1121 4567 1339 4628 propter
1356 4574 1455 4613 nos
1472 4557 1849 4628 secundum(b)
1863 4574 1962 4613 nos
1980 4567 2140 4613 natus

585 4664 667 4706 est
690 4651 754 4704 ".
785 4650 887 4715 Qui
921 4651 976 4704 in
1016 4651 1282 4720 principio
1308 4649 1543 4703 Verbum
1567 4665 1689 4703 eum
1713 4657 1857 4705 esset
1884 4657 1939 4703 et
1975 4648 2139 4713 Deus,

588 4752 775 4813 postea
811 4758 941 4796 caro
967 4752 1019 4797 et
1066 4742 1225 4795 homo
1256 4740 1431 4796 factus
1454 4750 1557 4796 est.
1578 4739 1771 4795 Carnis
1825 4750 2005 4797 autem
2039 4756 2139 4796 na-

588 4846 710 4889 tura
747 4843 927 4889 creata
956 4840 1040 4889 est
1082 4852 1094 4886 :
1149 4832 1306 4902 cujus
1331 4849 1424 4903 per
1459 4833 1639 4888 omnia
1670 4833 1845 4888 factus
1873 4834 2144 4904 particeps

587 4927 887 4984 secundum
947 4924 1348 4980 similitudinem
1383 4934 1607 4994 excepto
1656 4935 1896 4994 peccato,
1927 4936 2144 4983 creatus

586 5019 805 5091 quidem
837 5017 1128 5073 secundum
1163 5016 1329 5072 Deum
1362 5033 1469 5071 non
1514 5017 1812 5072 secundum
1842 5017 2142 5084 hominem,

588 5111 731 5167 sicut
762 5108 839 5161 ait
887 5104 1196 5176 Apostolus,
1239 5121 1379 5160 novo
1433 5107 1667 5176 quodam
1717 5107 2013 5173 modo,non
2046 5107 2146 5159 hu-

589 5217 750 5255 mano
802 5215 970 5253 more.
1029 5198 1326 5253 Didicimus
1398 5198 1563 5257 enim.
1622 5199 1767 5268 quod
1820 5215 1883 5253 ex
1940 5198 2143 5269 Spiritu

590 5308 686 5345 san
724 5296 779 5344 to
808 5300 862 5345 et
890 5294 1088 5345 virtute
1118 5290 1401 5350 Altissimi,
1435 5298 1804 5344 verumtamen
1842 5290 1929 5345 ltic
1972 5307 2144 5347 novus

589 5382 750 5437 homo
778 5393 991 5437 creatus
1008 5393 1111 5445 est,
1138 5398 1297 5453 quem
1348 5382 1438 5436 ille
1463 5396 1570 5435 non
1622 5382 2006 5445 enarrabilium
2032 5368 2163 5454 nty-A

658 5495 704 5525 “
742 5494 898 5548 Rom.
924 5512 962 5562 ι,
1008 5495 1096 5548 25.

663 5612 737 5685 (a)
768 5609 822 5685 In
852 5611 1040 5668 Gnaeo
1062 5630 1167 5669 non
1192 5613 1244 5685 in
1270 5613 1504 5669 editione
1527 5614 1757 5685 vulgari.
1787 5614 1942 5670 Hunc
1968 5616 2146 5669 locum

607 5682 910 5804 ἰξίῖἷέῗὲἐιηο
938 5694 989 5739 ct
1029 5684 1402 5755 cepiosissime
1431 5682 1709 5741 tractat'D.
1742 5686 1846 5743 Htl.
1890 5703 1931 5753 ι,
1966 5686 2049 5752 12,
2082 5689 2149 5741 de

656 5768 663 5777 ”
824 5768 877 5804 Β.

656 5768 877 5810 ἰωιαιιι.

2246 4475 2387 4546 ἔχειν
2410 4476 2606 4548 φαμέν.
2658 4478 2909 4548 Ἐκτίσθη
2940 4479 3045 4549 γὰρ
3074 4480 3289 4551 ἀληθῶς
3321 4483 3404 4534 ἐπ’
3432 4481 3639 4550 ἐσχάτου
3671 4476 3758 4528 τῶν

2248 4570 2468 4640 ἡμερῶν
2495 4571 2523 4622 ὁ
2550 4569 2615 4622 δι’
2647 4571 2790 4640 ἡμᾶς
2816 4569 2935 4622 καθ’
2963 4572 3107 4641 ἡμᾶς
3134 4574 3448 4642 γενόμενος’
3478 4573 3504 4624 ὀ
3525 4574 3576 4623 ἐν
3599 4568 3683 4637 μὲν
3704 4568 3757 4635 τῇ

2245 4661 2385 4730 ἀρχῇ
2418 4660 2585 4727 Λόγος
2617 4659 2691 4713 ὢν
2727 4662 2819 4713 καὶ
2849 4661 2999 4724 Θεὸς,
3042 4664 3176 4731 μετὰ
3200 4663 3370 4718 ταῦτα
3394 4664 3447 4717 δὲ
3488 4660 3613 4733 σάρξ
3635 4657 3759 4728 γενό-

2253 4766 2408 4819 μενος
2434 4750 2525 4800 καὶ
2549 4749 2851 4820 ἄνθρωπος.
2898 4751 3100 4821 Κτιστὴ
3124 4751 3180 4804 δὲ
3208 4752 3309 4821 τῆς
3340 4753 3526 4823 σαρκὸς
3551 4752 3579 4822 ἡ
3606 4749 3755 4819 φύσις,

2249 4838 2316 4915 ἧς
2376 4841 2656 4912 μετασχὼν
2713 4841 2852 4897 κατά
2908 4845 3083 4896 πάντα
3129 4845 3249 4897 καθ’
3303 4845 3577 4915 ὁμοιότητα
3621 4838 3759 4913 χωρὶς

2250 4930 2538 5002 ἁμαρτίας.
2596 4931 2848 5001 Ἐκτίσθη
2901 4932 2956 4985 δὲ
2988 4933 3126 4986 κατά
3148 4933 3299 4997 Θεὸν,
3340 4934 3398 4986 οὐ
3426 4930 3557 4985 κατά
3581 4927 3755 4997 ἄνθρω-

2256 5042 2374 5088 πον,
2420 5022 2599 5087 καθώς
2628 5040 2789 5094 φησιν
2827 5025 3162 5089 Ἀπόστολος,
3203 5026 3380 5080 καινόν
3423 5042 3535 5079 τινα
3569 5021 3755 5091 τρόπον.

2253 5119 2345 5169 καὶ
2372 5116 2431 5168 οὐ
2461 5116 2599 5169 κατά
2640 5117 2737 5186 τὴν
2765 5117 3108 5188 ἀνθρωπίνην
3147 5117 3446 5187 συνήθειαν.
3494 5112 3756 5184 Ἐμάθομεν

2252 5205 2360 5273 γὰρ
2381 5206 2462 5259 ὅτι
2497 5207 2560 5257 ὲκ
2596 5206 2905 5276 Πνεύματος
2944 5207 3120 5275 ἀγίου,
3153 5209 3242 5262 καὶ
3277 5209 3373 5277 τῆς
3410 5205 3499 5259 τοῦ
3540 5203 3755 5270 Ὑψίστου

2253 5296 2549 5365 δυνάμεως,
2589 5296 2727 5366 πλὴν
2757 5298 2870 5350 ἀλλ’
2902 5299 3122 5369 ἐκτίσθη
3148 5302 3178 5353 ὁ
3212 5301 3390 5363 καινὸς
3418 5294 3560 5358 οὗτος
3579 5293 3756 5363 Mp0-

2254 5406 2374 5453 πος,
2405 5388 2462 5441 ὃν
2487 5389 2692 5441 κελεύει
2718 5389 2746 5440 ὀ
2772 5389 2879 5443 τῶν
2905 5392 3155 5462 ἀρρήτων
3188 5391 3489 5462 μυστηρίων
3513 5384 3756 5457 ύφητητὴς

1174 5497 1216 5526 ³⁷
1252 5495 1409 5551 Prov.
1443 5512 1557 5561 vnt,
1600 5496 1690 5550 29.
1768 5498 1813 5529 ³⁸
1852 5496 2009 5552 Rom.
2042 5514 2163 5565 vm,
2192 5498 2284 5553 20.
2358 5500 2526 5555 "lsn.
2560 5517 2682 5566 xcv,
2706 5500 2760 5555 4.

2328 5616 2401 5684 (θ)
2432 5616 2491 5669 1)·
2518 5616 2703 5680 Βθεὶί..
2741 5618 2835 5676 lib.
2876 5634 2927 5671 IV
2954 5628 3142 5673 contra
3174 5619 3419 5679 Eunom.,
3450 5616 3610 5684 locum
3636 5607 3755 5684 ξηιηο

2256 5677 2413 5809 fruar.
2459 5703 2574 5753 vni,
2603 5677 2828 5753 22,1100
2859 5690 3106 5760 intelligit
3131 5690 3195 5745 dc
3224 5677 3447 5744 humana
3471 5677 3651 5741 Christi
3673 5690 3755 5729 na-

2280 5772 2341 5809 ur
2382 5793 2394 5807 .

2280 5772 2394 5809 Ul'a.
