  <div class='ocr_page' id='page_1' title='image "/cluster/home/n/w/nwhite01/storage/ocr_20150623/45/hvd.32044019826437/266.png"; bbox 0 0 1961 3232; ppageno 0'>
   <div class='ocr_carea' id='block_1_1' title="bbox 92 160 135 189">
    <p class='ocr_par' dir='ltr' id='par_1_1' title="bbox 92 160 135 189">
     <span class='ocr_line' id='line_1_1' title="bbox 92 160 135 189; baseline -0.093 0"><span class='ocrx_word' id='word_1_1' title='bbox 92 160 135 189; x_wconf 78' lang='grc'><strong>517</strong></span> 
     </span>
    </p>
   </div>
   <div class='ocr_carea' id='block_1_2' title="bbox 634 141 1111 192">
    <p class='ocr_par' dir='ltr' id='par_1_2' title="bbox 634 141 1111 192">
     <span class='ocr_line' id='line_1_2' title="bbox 634 141 1111 192; baseline 0 -6"><span class='ocrx_word' id='word_1_2' title='bbox 634 157 772 186; x_wconf 74' lang='lat' dir='ltr'><strong>CONTRA</strong></span> <span class='ocrx_word' id='word_1_3' title='bbox 791 157 988 192; x_wconf 76' lang='lat' dir='ltr'><strong>suuoutuu,</strong></span> <span class='ocrx_word' id='word_1_4' title='bbox 1008 158 1070 186; x_wconf 88' lang='lat' dir='ltr'><strong>LlB.</strong></span> <span class='ocrx_word' id='word_1_5' title='bbox 1089 141 1111 186; x_wconf 80' lang='grc' dir='ltr'><strong>ιι</strong></span> 
     </span>
    </p>
   </div>
   <div class='ocr_carea' id='block_1_3' title="bbox 1637 157 1690 185">
    <p class='ocr_par' dir='ltr' id='par_1_3' title="bbox 1637 157 1690 185">
     <span class='ocr_line' id='line_1_3' title="bbox 1637 157 1690 185; baseline 0 0"><span class='ocrx_word' id='word_1_6' title='bbox 1637 157 1690 185; x_wconf 78' lang='grc'><strong>518</strong></span> 
     </span>
    </p>
   </div>
   <div class='ocr_carea' id='block_1_4' title="bbox 91 212 867 251">
    <p class='ocr_par' dir='ltr' id='par_1_4' title="bbox 91 213 855 251">
     <span class='ocr_line' id='line_1_4' title="bbox 91 213 855 251; baseline 0.003 -11"><span class='ocrx_word' id='word_1_7' title='bbox 91 215 184 245; x_wconf 71' lang='grc' dir='ltr'>Παῦλος</span> <span class='ocrx_word' id='word_1_8' title='bbox 193 214 351 241; x_wconf 71' lang='grc' dir='ltr'><strong>ἐνδύσασθαι</strong></span> <span class='ocrx_word' id='word_1_9' title='bbox 361 214 445 249; x_wconf 71' lang='grc' dir='ltr'>ἡμᾶς,</span> <span class='ocrx_word' id='word_1_10' title='bbox 457 213 538 249; x_wconf 83' lang='grc' dir='ltr'><strong>διχῶς</strong></span> <span class='ocrx_word' id='word_1_11' title='bbox 548 213 688 250; x_wconf 77' lang='grc' dir='ltr'><strong>ὀνομάζων</strong></span> <span class='ocrx_word' id='word_1_12' title='bbox 697 216 727 242; x_wconf 78' lang='grc' dir='ltr'><strong>τὺ</strong></span> <span class='ocrx_word' id='word_1_13' title='bbox 742 215 855 251; x_wconf 76' lang='grc' dir='ltr'>ἐνδυμα’</span> 
     </span>
    </p>
   </div>
   <div class='ocr_carea' id='block_1_5' title="bbox 917 212 1689 251">
    <p class='ocr_par' dir='ltr' id='par_1_5' title="bbox 917 212 1689 251">
     <span class='ocr_line' id='line_1_5' title="bbox 917 212 1689 251; baseline -0.004 -8"><span class='ocrx_word' id='word_1_14' title='bbox 917 217 1051 243; x_wconf 72' lang='grc' dir='ltr'>ιιοιίοτιιιιι</span> <span class='ocrx_word' id='word_1_15' title='bbox 1068 217 1202 251; x_wconf 71' lang='lat' dir='ltr'><strong>interpres</strong></span> <span class='ocrx_word' id='word_1_16' title='bbox 1220 215 1320 242; x_wconf 80' lang='lat' dir='ltr'><strong>Paulus</strong></span> <span class='ocrx_word' id='word_1_17' title='bbox 1339 221 1390 242; x_wconf 89' lang='lat' dir='ltr'><strong>nos</strong></span> <span class='ocrx_word' id='word_1_18' title='bbox 1407 213 1520 242; x_wconf 78' lang='lat' dir='ltr'><strong>Induere</strong></span> <span class='ocrx_word' id='word_1_19' title='bbox 1531 212 1619 249; x_wconf 85' lang='lat' dir='ltr'><strong>jubet,</strong></span> <span class='ocrx_word' id='word_1_20' title='bbox 1637 213 1689 240; x_wconf 86' lang='lat' dir='ltr'><strong>du-</strong></span> 
     </span>
    </p>
   </div>
   <div class='ocr_carea' id='block_1_6' title="bbox 90 259 858 296">
    <p class='ocr_par' dir='ltr' id='par_1_6' title="bbox 90 259 858 296">
     <span class='ocr_line' id='line_1_6' title="bbox 90 259 858 296; baseline 0.003 -9"><span class='ocrx_word' id='word_1_21' title='bbox 90 261 129 288; x_wconf 75' lang='grc' dir='ltr'><strong>νῡν</strong></span> <span class='ocrx_word' id='word_1_22' title='bbox 143 261 189 295; x_wconf 80' lang='grc' dir='ltr'>μὲν</span> <span class='ocrx_word' id='word_1_23' title='bbox 203 260 299 293; x_wconf 77' lang='grc' dir='ltr'>λέγων,</span> <span class='ocrx_word' id='word_1_24' title='bbox 321 259 503 286; x_wconf 78' lang='grc' dir='ltr'><strong>Ἐνδύσασθε</strong></span> <span class='ocrx_word' id='word_1_25' title='bbox 517 260 570 286; x_wconf 80' lang='grc' dir='ltr'>τὸν</span> <span class='ocrx_word' id='word_1_26' title='bbox 582 261 688 288; x_wconf 75' lang='grc' dir='ltr'>καινὸν</span> <span class='ocrx_word' id='word_1_27' title='bbox 703 261 858 296; x_wconf 78' lang='grc' dir='ltr'>ἄνθρωπον</span> 
     </span>
    </p>
   </div>
   <div class='ocr_carea' id='block_1_7' title="bbox 89 304 859 338">
    <p class='ocr_par' dir='ltr' id='par_1_7' title="bbox 89 304 859 338">
     <span class='ocr_line' id='line_1_7' title="bbox 89 304 859 338; baseline 0.004 -7"><span class='ocrx_word' id='word_1_28' title='bbox 89 306 133 332; x_wconf 71' lang='grc' dir='ltr'><strong>τὼ-</strong></span> <span class='ocrx_word' id='word_1_29' title='bbox 144 304 216 331; x_wconf 79' lang='grc' dir='ltr'><strong>κατὰ</strong></span> <span class='ocrx_word' id='word_1_30' title='bbox 227 305 303 332; x_wconf 76' lang='grc' dir='ltr'>Θεὸν</span> <span class='ocrx_word' id='word_1_31' title='bbox 316 305 484 338; x_wconf 76' lang='grc' dir='ltr'><strong>κτισθέντα,</strong></span> <span class='ocrx_word' id='word_1_32' title='bbox 509 307 589 333; x_wconf 86' lang='grc' dir='ltr'>πάλιν</span> <span class='ocrx_word' id='word_1_33' title='bbox 608 306 646 338; x_wconf 83' lang='grc' dir='ltr'><strong>δὲ,</strong></span> <span class='ocrx_word' id='word_1_34' title='bbox 661 307 702 333; x_wconf 84' lang='grc' dir='ltr'>ὅτι</span> <span class='ocrx_word' id='word_1_35' title='bbox 718 307 859 334; x_wconf 82' lang='grc' dir='ltr'>Ἐνδύσα-</span> 
     </span>
    </p>
   </div>
   <div class='ocr_carea' id='block_1_8' title="bbox 88 349 859 387">
    <p class='ocr_par' dir='ltr' id='par_1_8' title="bbox 88 349 859 387">
     <span class='ocr_line' id='line_1_8' title="bbox 88 349 859 387; baseline 0.005 -13"><span class='ocrx_word' id='word_1_36' title='bbox 88 351 133 377; x_wconf 81' lang='grc' dir='ltr'><strong>σθε</strong></span> <span class='ocrx_word' id='word_1_37' title='bbox 147 349 196 375; x_wconf 84' lang='grc' dir='ltr'>τὸν</span> <span class='ocrx_word' id='word_1_38' title='bbox 210 349 321 383; x_wconf 76' lang='grc' dir='ltr'>Κύριον</span> <span class='ocrx_word' id='word_1_39' title='bbox 337 349 452 383; x_wconf 78' lang='grc' dir='ltr'><strong>Ἰησοῦν</strong></span> <span class='ocrx_word' id='word_1_40' title='bbox 463 351 601 384; x_wconf 80' lang='grc' dir='ltr'>Χριστόν.</span> <span class='ocrx_word' id='word_1_41' title='bbox 618 351 709 383; x_wconf 80' lang='grc' dir='ltr'><strong>Οὕτως</strong></span> <span class='ocrx_word' id='word_1_42' title='bbox 726 351 780 386; x_wconf 86' lang='grc' dir='ltr'><strong>γὰρ</strong></span> <span class='ocrx_word' id='word_1_43' title='bbox 795 353 859 387; x_wconf 85' lang='grc' dir='ltr'>ἡμῖν</span> 
     </span>
    </p>
   </div>
   <div class='ocr_carea' id='block_1_9' title="bbox 88 393 860 432">
    <p class='ocr_par' dir='ltr' id='par_1_9' title="bbox 88 393 860 432">
     <span class='ocr_line' id='line_1_9' title="bbox 88 393 860 432; baseline 0.005 -14"><span class='ocrx_word' id='word_1_44' title='bbox 88 395 133 425; x_wconf 76' lang='grc' dir='ltr'>τοῖς</span> <span class='ocrx_word' id='word_1_45' title='bbox 147 393 336 428; x_wconf 78' lang='grc' dir='ltr'><strong>ἐνδυσαμένοις</strong></span> <span class='ocrx_word' id='word_1_46' title='bbox 352 394 432 421; x_wconf 80' lang='grc' dir='ltr'>αὑτὸν</span> <span class='ocrx_word' id='word_1_47' title='bbox 447 394 550 428; x_wconf 84' lang='grc' dir='ltr'>γίνεται</span> <span class='ocrx_word' id='word_1_48' title='bbox 573 396 643 431; x_wconf 82' lang='grc' dir='ltr'><strong>ἁρχὴ</strong></span> <span class='ocrx_word' id='word_1_49' title='bbox 661 396 715 422; x_wconf 86' lang='grc' dir='ltr'>τῶν</span> <span class='ocrx_word' id='word_1_50' title='bbox 730 396 797 423; x_wconf 78' lang='grc' dir='ltr'>ὁδῶν</span> <span class='ocrx_word' id='word_1_51' title='bbox 811 397 860 432; x_wconf 82' lang='grc' dir='ltr'>τῆς</span> 
     </span>
    </p>
   </div>
   <div class='ocr_carea' id='block_1_10' title="bbox 88 439 860 477">
    <p class='ocr_par' dir='ltr' id='par_1_10' title="bbox 88 439 860 477">
     <span class='ocr_line' id='line_1_10' title="bbox 88 439 860 477; baseline 0.004 -12"><span class='ocrx_word' id='word_1_52' title='bbox 88 439 210 474; x_wconf 72' lang='grc' dir='ltr'><strong>σωτηρίας</strong></span> <span class='ocrx_word' id='word_1_53' title='bbox 226 440 241 465; x_wconf 84' lang='grc' dir='ltr'>ὁ</span> <span class='ocrx_word' id='word_1_54' title='bbox 258 439 342 466; x_wconf 70' lang='grc' dir='ltr'>εἰπών</span> <span class='ocrx_word' id='word_1_55' title='bbox 354 449 360 454; x_wconf 93' lang='grc'><strong>·</strong></span> <span class='ocrx_word' id='word_1_56' title='bbox 384 439 454 474; x_wconf 76' lang='grc' dir='ltr'><strong>Ἐγώ</strong></span> <span class='ocrx_word' id='word_1_57' title='bbox 464 441 522 474; x_wconf 82' lang='grc' dir='ltr'>ειμι</span> <span class='ocrx_word' id='word_1_58' title='bbox 541 441 560 474; x_wconf 82' lang='grc' dir='ltr'><em>ὴ</em></span> <span class='ocrx_word' id='word_1_59' title='bbox 575 440 655 473; x_wconf 76' lang='grc' dir='ltr'>ὁδὸς,</span> <span class='ocrx_word' id='word_1_60' title='bbox 673 442 715 467; x_wconf 83' lang='grc' dir='ltr'>ἵνα</span> <span class='ocrx_word' id='word_1_61' title='bbox 728 441 796 477; x_wconf 77' lang='grc' dir='ltr'>ἔργα</span> <span class='ocrx_word' id='word_1_62' title='bbox 807 442 860 468; x_wconf 81' lang='grc' dir='ltr'>τῶν</span> 
     </span>
    </p>
   </div>
   <div class='ocr_carea' id='block_1_11' title="bbox 87 484 862 522">
    <p class='ocr_par' dir='ltr' id='par_1_11' title="bbox 87 484 862 522">
     <span class='ocr_line' id='line_1_11' title="bbox 87 484 862 522; baseline 0.005 -12"><span class='ocrx_word' id='word_1_63' title='bbox 87 484 170 511; x_wconf 64' lang='grc' dir='ltr'>ἑαυτοῦ</span> <span class='ocrx_word' id='word_1_64' title='bbox 184 485 286 519; x_wconf 82' lang='grc' dir='ltr'>χειρῶν</span> <span class='ocrx_word' id='word_1_65' title='bbox 301 486 400 521; x_wconf 81' lang='grc' dir='ltr'><strong>ποιήσῃ</strong></span> <span class='ocrx_word' id='word_1_66' title='bbox 414 487 498 521; x_wconf 79' lang='grc' dir='ltr'>ἡμᾶς,</span> <span class='ocrx_word' id='word_1_67' title='bbox 523 487 576 513; x_wconf 81' lang='grc' dir='ltr'><strong>ἀπὸ</strong></span> <span class='ocrx_word' id='word_1_68' title='bbox 595 486 641 513; x_wconf 78' lang='grc' dir='ltr'>τοῦ</span> <span class='ocrx_word' id='word_1_69' title='bbox 661 487 779 522; x_wconf 78' lang='grc' dir='ltr'>πονηροῦ</span> <span class='ocrx_word' id='word_1_70' title='bbox 795 487 862 514; x_wconf 86' lang='grc' dir='ltr'><strong>πλά-</strong></span> 
     </span>
    </p>
   </div>
   <div class='ocr_carea' id='block_1_12' title="bbox 88 531 861 566">
    <p class='ocr_par' dir='ltr' id='par_1_12' title="bbox 88 531 861 566">
     <span class='ocr_line' id='line_1_12' title="bbox 88 531 861 566; baseline 0.005 -11"><span class='ocrx_word' id='word_1_71' title='bbox 88 538 174 565; x_wconf 73' lang='grc' dir='ltr'>σματος</span> <span class='ocrx_word' id='word_1_72' title='bbox 199 531 250 564; x_wconf 75' lang='grc' dir='ltr'>τῆς</span> <span class='ocrx_word' id='word_1_73' title='bbox 273 531 408 565; x_wconf 79' lang='grc' dir='ltr'>ἁμαρτίας</span> <span class='ocrx_word' id='word_1_74' title='bbox 422 531 489 566; x_wconf 72' lang='grc' dir='ltr'>πρὸς</span> <span class='ocrx_word' id='word_1_75' title='bbox 514 531 563 566; x_wconf 80' lang='grc' dir='ltr'>τὴν</span> <span class='ocrx_word' id='word_1_76' title='bbox 583 531 650 558; x_wconf 83' lang='grc' dir='ltr'>ἰδίαν</span> <span class='ocrx_word' id='word_1_77' title='bbox 669 532 761 559; x_wconf 77' lang='grc' dir='ltr'>εἰκόνα</span> <span class='ocrx_word' id='word_1_78' title='bbox 781 533 861 559; x_wconf 81' lang='grc' dir='ltr'>πάλιν</span> 
     </span>
    </p>
   </div>
   <div class='ocr_carea' id='block_1_13' title="bbox 87 575 862 612">
    <p class='ocr_par' dir='ltr' id='par_1_13' title="bbox 87 575 862 612">
     <span class='ocr_line' id='line_1_13' title="bbox 87 575 862 612; baseline 0.004 -12"><span class='ocrx_word' id='word_1_79' title='bbox 87 575 313 609; x_wconf 79' lang='grc' dir='ltr'>μετεργασάμενος</span> <span class='ocrx_word' id='word_1_80' title='bbox 324 583 331 589; x_wconf 85' lang='grc'><strong>”</strong></span> <span class='ocrx_word' id='word_1_81' title='bbox 353 576 367 601; x_wconf 85' lang='grc' dir='ltr'>ὁ</span> <span class='ocrx_word' id='word_1_82' title='bbox 377 576 405 601; x_wconf 79' lang='grc' dir='ltr'>δὲ</span> <span class='ocrx_word' id='word_1_83' title='bbox 419 576 499 607; x_wconf 71' lang='grc' dir='ltr'>αὐτὸς</span> <span class='ocrx_word' id='word_1_84' title='bbox 516 577 563 602; x_wconf 73' lang='grc' dir='ltr'>καὶ</span> <span class='ocrx_word' id='word_1_85' title='bbox 579 575 701 612; x_wconf 77' lang='grc' dir='ltr'><strong>θεμέλιος</strong></span> <span class='ocrx_word' id='word_1_86' title='bbox 719 578 784 612; x_wconf 80' lang='grc' dir='ltr'>ἡμῖν</span> <span class='ocrx_word' id='word_1_87' title='bbox 795 578 862 612; x_wconf 79' lang='grc' dir='ltr'>γίνε-</span> 
     </span>
    </p>
   </div>
   <div class='ocr_carea' id='block_1_14' title="bbox 86 620 862 657">
    <p class='ocr_par' dir='ltr' id='par_1_14' title="bbox 86 620 862 657">
     <span class='ocr_line' id='line_1_14' title="bbox 86 620 862 657; baseline 0.005 -11"><span class='ocrx_word' id='word_1_88' title='bbox 86 629 122 647; x_wconf 81' lang='grc' dir='ltr'><strong>ται</strong></span> <span class='ocrx_word' id='word_1_89' title='bbox 135 621 184 655; x_wconf 78' lang='grc' dir='ltr'><strong>πρὸ</strong></span> <span class='ocrx_word' id='word_1_90' title='bbox 195 620 244 646; x_wconf 75' lang='grc' dir='ltr'>τοῦ</span> <span class='ocrx_word' id='word_1_91' title='bbox 261 621 407 655; x_wconf 78' lang='grc' dir='ltr'>μέλλοντος</span> <span class='ocrx_word' id='word_1_92' title='bbox 423 621 529 654; x_wconf 73' lang='grc' dir='ltr'>αἰῶνος,</span> <span class='ocrx_word' id='word_1_93' title='bbox 548 622 617 648; x_wconf 74' lang='grc' dir='ltr'>κατὰ</span> <span class='ocrx_word' id='word_1_94' title='bbox 631 623 680 657; x_wconf 77' lang='grc' dir='ltr'>τὴν</span> <span class='ocrx_word' id='word_1_95' title='bbox 698 623 744 649; x_wconf 85' lang='grc' dir='ltr'>τοῦ</span> <span class='ocrx_word' id='word_1_96' title='bbox 757 623 862 650; x_wconf 77' lang='grc' dir='ltr'><strong>Παύλου</strong></span> 
     </span>
    </p>
   </div>
   <div class='ocr_carea' id='block_1_15' title="bbox 86 666 862 701">
    <p class='ocr_par' dir='ltr' id='par_1_15' title="bbox 86 666 862 701">
     <span class='ocr_line' id='line_1_15' title="bbox 86 666 862 701; baseline 0.003 -9"><span class='ocrx_word' id='word_1_97' title='bbox 86 667 174 701; x_wconf 76' lang='grc' dir='ltr'>φωνὴν,</span> <span class='ocrx_word' id='word_1_98' title='bbox 189 667 218 697; x_wconf 78' lang='grc' dir='ltr'>ὃς</span> <span class='ocrx_word' id='word_1_99' title='bbox 234 675 330 701; x_wconf 84' lang='grc' dir='ltr'>φησιν,</span> <span class='ocrx_word' id='word_1_100' title='bbox 343 667 383 692; x_wconf 78' lang='grc' dir='ltr'>ὅτι</span> <span class='ocrx_word' id='word_1_101' title='bbox 395 666 539 701; x_wconf 79' lang='grc' dir='ltr'>Θεμέλιον</span> <span class='ocrx_word' id='word_1_102' title='bbox 554 667 653 700; x_wconf 69' lang='grc' dir='ltr'>οὐδεὶς</span> <span class='ocrx_word' id='word_1_103' title='bbox 670 668 792 695; x_wconf 79' lang='grc' dir='ltr'>δύναται</span> <span class='ocrx_word' id='word_1_104' title='bbox 805 668 862 696; x_wconf 88' lang='grc' dir='ltr'><strong>θεῖ-</strong></span> 
     </span>
    </p>
   </div>
   <div class='ocr_carea' id='block_1_16' title="bbox 86 712 864 747">
    <p class='ocr_par' dir='ltr' id='par_1_16' title="bbox 86 712 864 747">
     <span class='ocr_line' id='line_1_16' title="bbox 86 712 864 747; baseline 0.003 -9"><span class='ocrx_word' id='word_1_105' title='bbox 86 721 125 739; x_wconf 77' lang='lat' dir='ltr'><strong>rat</strong></span> <span class='ocrx_word' id='word_1_106' title='bbox 136 712 213 745; x_wconf 69' lang='grc' dir='ltr'>παρὰ</span> <span class='ocrx_word' id='word_1_107' title='bbox 227 712 283 738; x_wconf 78' lang='grc' dir='ltr'><strong>τὸν</strong></span> <span class='ocrx_word' id='word_1_108' title='bbox 306 713 444 747; x_wconf 74' lang='grc' dir='ltr'>κείμενον</span> <span class='ocrx_word' id='word_1_109' title='bbox 453 720 460 726; x_wconf 80' lang='grc'><strong>’</strong></span> <span class='ocrx_word' id='word_1_110' title='bbox 484 712 533 739; x_wconf 79' lang='grc' dir='ltr'><strong>καὶ</strong></span> <span class='ocrx_word' id='word_1_111' title='bbox 546 712 602 746; x_wconf 74' lang='grc' dir='ltr'><strong>πρὸ</strong></span> <span class='ocrx_word' id='word_1_112' title='bbox 629 713 682 740; x_wconf 79' lang='grc' dir='ltr'>τοῦ</span> <span class='ocrx_word' id='word_1_113' title='bbox 701 714 800 741; x_wconf 78' lang='grc' dir='ltr'><strong>ἐλθεῖν</strong></span> <span class='ocrx_word' id='word_1_114' title='bbox 811 714 864 747; x_wconf 88' lang='grc' dir='ltr'>τὰς</span> 
     </span>
    </p>
   </div>
   <div class='ocr_carea' id='block_1_17' title="bbox 86 757 863 792">
    <p class='ocr_par' dir='ltr' id='par_1_17' title="bbox 86 757 863 792">
     <span class='ocr_line' id='line_1_17' title="bbox 86 757 863 792; baseline 0.003 -9"><span class='ocrx_word' id='word_1_115' title='bbox 86 757 171 791; x_wconf 60' lang='grc' dir='ltr'><strong>πηγὰς</strong></span> <span class='ocrx_word' id='word_1_116' title='bbox 186 757 246 784; x_wconf 79' lang='grc' dir='ltr'>τῶν</span> <span class='ocrx_word' id='word_1_117' title='bbox 262 757 449 789; x_wconf 73' lang='grc' dir='ltr'><strong>ὐδάτων,καὶ</strong></span> <span class='ocrx_word' id='word_1_118' title='bbox 466 758 523 792; x_wconf 82' lang='grc' dir='ltr'><strong>πρὸ</strong></span> <span class='ocrx_word' id='word_1_119' title='bbox 542 758 594 785; x_wconf 89' lang='grc' dir='ltr'>τοῦ</span> <span class='ocrx_word' id='word_1_120' title='bbox 605 758 658 792; x_wconf 77' lang='grc' dir='ltr'><strong>ὄρη</strong></span> <span class='ocrx_word' id='word_1_121' title='bbox 673 758 863 792; x_wconf 80' lang='grc' dir='ltr'><strong>ἑδρασθῆναι,</strong></span> 
     </span>
    </p>
   </div>
   <div class='ocr_carea' id='block_1_18' title="bbox 85 802 865 838">
    <p class='ocr_par' dir='ltr' id='par_1_18' title="bbox 85 802 865 838">
     <span class='ocr_line' id='line_1_18' title="bbox 85 802 865 838; baseline 0 -8"><span class='ocrx_word' id='word_1_122' title='bbox 85 803 124 830; x_wconf 71' lang='grc' dir='ltr'><strong>καὶ</strong></span> <span class='ocrx_word' id='word_1_123' title='bbox 137 802 191 836; x_wconf 79' lang='grc' dir='ltr'><strong>πρὸ</strong></span> <span class='ocrx_word' id='word_1_124' title='bbox 203 802 259 829; x_wconf 79' lang='grc' dir='ltr'>τοῦ</span> <span class='ocrx_word' id='word_1_125' title='bbox 268 803 322 835; x_wconf 78' lang='grc' dir='ltr'>τὰς</span> <span class='ocrx_word' id='word_1_126' title='bbox 336 803 491 835; x_wconf 81' lang='grc' dir='ltr'>ἁσύσσους</span> <span class='ocrx_word' id='word_1_127' title='bbox 504 803 639 837; x_wconf 81' lang='grc' dir='ltr'>ποιῆσαι,</span> <span class='ocrx_word' id='word_1_128' title='bbox 656 804 703 830; x_wconf 83' lang='grc' dir='ltr'><strong>καὶ</strong></span> <span class='ocrx_word' id='word_1_129' title='bbox 721 804 777 838; x_wconf 75' lang='grc' dir='ltr'><strong>πρὸ</strong></span> <span class='ocrx_word' id='word_1_130' title='bbox 791 803 865 830; x_wconf 75' lang='grc' dir='ltr'><strong>πήν-</strong></span> 
     </span>
    </p>
   </div>
   <div class='ocr_carea' id='block_1_19' title="bbox 85 848 867 885">
    <p class='ocr_par' dir='ltr' id='par_1_19' title="bbox 85 848 867 885">
     <span class='ocr_line' id='line_1_19' title="bbox 85 848 867 885; baseline 0.003 -10"><span class='ocrx_word' id='word_1_131' title='bbox 85 857 134 875; x_wconf 80' lang='grc' dir='ltr'><strong>των</strong></span> <span class='ocrx_word' id='word_1_132' title='bbox 144 848 269 880; x_wconf 77' lang='grc' dir='ltr'>βουνῶν</span> <span class='ocrx_word' id='word_1_133' title='bbox 285 849 378 884; x_wconf 77' lang='grc' dir='ltr'>γεννᾷ</span> <span class='ocrx_word' id='word_1_134' title='bbox 392 858 446 884; x_wconf 84' lang='grc' dir='ltr'>με·</span> <span class='ocrx_word' id='word_1_135' title='bbox 470 849 580 876; x_wconf 80' lang='grc' dir='ltr'>δυνατὸν</span> <span class='ocrx_word' id='word_1_136' title='bbox 603 851 656 885; x_wconf 83' lang='grc' dir='ltr'><strong>γὰρ</strong></span> <span class='ocrx_word' id='word_1_137' title='bbox 673 850 784 878; x_wconf 74' lang='grc' dir='ltr'>ἕκαστον</span> <span class='ocrx_word' id='word_1_138' title='bbox 806 850 867 877; x_wconf 80' lang='grc' dir='ltr'>τού-</span> 
     </span>
    </p>
   </div>
   <div class='ocr_carea' id='block_1_20' title="bbox 909 259 1691 296">
    <p class='ocr_par' dir='ltr' id='par_1_20' title="bbox 909 259 1691 296">
     <span class='ocr_line' id='line_1_20' title="bbox 909 259 1691 296; baseline -0.003 -8"><span class='ocrx_word' id='word_1_139' title='bbox 909 261 970 296; x_wconf 90' lang='lat' dir='ltr'><strong>plici</strong></span> <span class='ocrx_word' id='word_1_140' title='bbox 997 262 1106 288; x_wconf 82' lang='lat' dir='ltr'><strong>nomine</strong></span> <span class='ocrx_word' id='word_1_141' title='bbox 1136 261 1276 295; x_wconf 83' lang='lat' dir='ltr'><strong>appellans</strong></span> <span class='ocrx_word' id='word_1_142' title='bbox 1293 260 1359 287; x_wconf 91' lang='lat' dir='ltr'><strong>illud</strong></span> <span class='ocrx_word' id='word_1_143' title='bbox 1377 260 1564 288; x_wconf 76' lang='lat' dir='ltr'><strong>indumentum</strong></span> <span class='ocrx_word' id='word_1_144' title='bbox 1592 259 1691 287; x_wconf 88' lang='lat' dir='ltr'><strong>:modo</strong></span> 
     </span>
    </p>
   </div>
   <div class='ocr_carea' id='block_1_21' title="bbox 908 305 1692 341">
    <p class='ocr_par' dir='ltr' id='par_1_21' title="bbox 908 305 1692 341">
     <span class='ocr_line' id='line_1_21' title="bbox 908 305 1692 341; baseline -0.003 -8"><span class='ocrx_word' id='word_1_145' title='bbox 908 306 1016 341; x_wconf 62' lang='lat' dir='ltr'><strong>quidem</strong></span> <span class='ocrx_word' id='word_1_146' title='bbox 1025 307 1128 337; x_wconf 79' lang='lat' dir='ltr'><strong>dicens,</strong></span> <span class='ocrx_word' id='word_1_147' title='bbox 1138 306 1244 333; x_wconf 78' lang='lat' dir='ltr'><strong>Induite</strong></span> <span class='ocrx_word' id='word_1_148' title='bbox 1255 314 1347 333; x_wconf 78' lang='lat' dir='ltr'><strong>nouum</strong></span> <span class='ocrx_word' id='word_1_149' title='bbox 1357 305 1484 333; x_wconf 76' lang='lat' dir='ltr'><strong>hominem</strong></span> <span class='ocrx_word' id='word_1_150' title='bbox 1494 306 1539 339; x_wconf 80' lang='lat' dir='ltr'><strong>qui</strong></span> <span class='ocrx_word' id='word_1_151' title='bbox 1550 305 1692 332; x_wconf 78' lang='lat' dir='ltr'><strong>secundum</strong></span> 
     </span>
    </p>
   </div>
   <div class='ocr_carea' id='block_1_22' title="bbox 908 350 1692 387">
    <p class='ocr_par' dir='ltr' id='par_1_22' title="bbox 908 350 1692 387">
     <span class='ocr_line' id='line_1_22' title="bbox 908 350 1692 387; baseline -0.004 -8"><span class='ocrx_word' id='word_1_152' title='bbox 908 352 992 379; x_wconf 83' lang='lat' dir='ltr'><strong>Deum</strong></span> <span class='ocrx_word' id='word_1_153' title='bbox 1018 356 1119 379; x_wconf 75' lang='lat' dir='ltr'><strong>creatus</strong></span> <span class='ocrx_word' id='word_1_154' title='bbox 1135 357 1173 379; x_wconf 80' lang='lat' dir='ltr'><strong>est</strong></span> <span class='ocrx_word' id='word_1_155' title='bbox 1186 351 1209 367; x_wconf 72' lang='grc' dir='ltr'><strong>⁸ο</strong></span> <span class='ocrx_word' id='word_1_156' title='bbox 1227 360 1233 377; x_wconf 91' lang='lat'>:</span> <span class='ocrx_word' id='word_1_157' title='bbox 1258 351 1336 378; x_wconf 90' lang='lat' dir='ltr'><strong>modo</strong></span> <span class='ocrx_word' id='word_1_158' title='bbox 1347 358 1422 382; x_wconf 87' lang='lat' dir='ltr'><strong>vero,</strong></span> <span class='ocrx_word' id='word_1_159' title='bbox 1435 350 1539 387; x_wconf 79' lang='lat' dir='ltr'><strong>Induite</strong></span> <span class='ocrx_word' id='word_1_160' title='bbox 1552 350 1692 377; x_wconf 84' lang='lat' dir='ltr'><strong>Dominum</strong></span> 
     </span>
    </p>
   </div>
   <div class='ocr_carea' id='block_1_23' title="bbox 911 396 1692 431">
    <p class='ocr_par' dir='ltr' id='par_1_23' title="bbox 911 396 1692 431">
     <span class='ocr_line' id='line_1_23' title="bbox 911 396 1692 431; baseline -0.004 -6"><span class='ocrx_word' id='word_1_161' title='bbox 911 397 1004 425; x_wconf 78' lang='lat' dir='ltr'><strong>Iesum</strong></span> <span class='ocrx_word' id='word_1_162' title='bbox 1018 396 1152 424; x_wconf 83' lang='lat' dir='ltr'><strong>Christum</strong></span> <span class='ocrx_word' id='word_1_163' title='bbox 1169 398 1201 425; x_wconf 79' lang='lat'><strong>“.</strong></span> <span class='ocrx_word' id='word_1_164' title='bbox 1217 397 1263 424; x_wconf 89' lang='lat' dir='ltr'><strong>Sic</strong></span> <span class='ocrx_word' id='word_1_165' title='bbox 1277 397 1347 424; x_wconf 88' lang='lat' dir='ltr'><strong>enim</strong></span> <span class='ocrx_word' id='word_1_166' title='bbox 1367 396 1446 424; x_wconf 89' lang='lat' dir='ltr'><strong>nobis</strong></span> <span class='ocrx_word' id='word_1_167' title='bbox 1472 397 1560 431; x_wconf 91' lang='lat' dir='ltr'><strong>ipsum</strong></span> <span class='ocrx_word' id='word_1_168' title='bbox 1577 396 1692 423; x_wconf 87' lang='lat' dir='ltr'><strong>induen-</strong></span> 
     </span>
    </p>
   </div>
   <div class='ocr_carea' id='block_1_24' title="bbox 910 440 1692 477">
    <p class='ocr_par' dir='ltr' id='par_1_24' title="bbox 910 440 1692 477">
     <span class='ocr_line' id='line_1_24' title="bbox 910 440 1692 477; baseline 0 -10"><span class='ocrx_word' id='word_1_169' title='bbox 910 442 983 469; x_wconf 88' lang='lat' dir='ltr'><strong>tibus</strong></span> <span class='ocrx_word' id='word_1_170' title='bbox 1001 442 1162 477; x_wconf 87' lang='lat' dir='ltr'><strong>principium</strong></span> <span class='ocrx_word' id='word_1_171' title='bbox 1180 443 1207 468; x_wconf 83' lang='lat' dir='ltr'><strong>lit</strong></span> <span class='ocrx_word' id='word_1_172' title='bbox 1221 441 1325 468; x_wconf 82' lang='lat' dir='ltr'><strong>viarum</strong></span> <span class='ocrx_word' id='word_1_173' title='bbox 1340 442 1437 468; x_wconf 90' lang='lat' dir='ltr'><strong>salutis</strong></span> <span class='ocrx_word' id='word_1_174' title='bbox 1461 442 1507 476; x_wconf 92' lang='lat' dir='ltr'><strong>qui</strong></span> <span class='ocrx_word' id='word_1_175' title='bbox 1531 441 1600 468; x_wconf 85' lang='lat' dir='ltr'><strong>dixit</strong></span> <span class='ocrx_word' id='word_1_176' title='bbox 1614 450 1621 468; x_wconf 92' lang='lat'>:</span> <span class='ocrx_word' id='word_1_177' title='bbox 1637 440 1692 476; x_wconf 62' lang='lat' dir='ltr'><strong>Ego</strong></span> 
     </span>
    </p>
   </div>
   <div class='ocr_carea' id='block_1_25' title="bbox 910 488 1692 523">
    <p class='ocr_par' dir='ltr' id='par_1_25' title="bbox 910 488 1692 523">
     <span class='ocr_line' id='line_1_25' title="bbox 910 488 1692 523; baseline 0 -8"><span class='ocrx_word' id='word_1_178' title='bbox 910 496 967 515; x_wconf 82' lang='lat' dir='ltr'><strong>sum</strong></span> <span class='ocrx_word' id='word_1_179' title='bbox 982 489 1023 515; x_wconf 83' lang='lat' dir='ltr'><strong>via</strong></span> <span class='ocrx_word' id='word_1_180' title='bbox 1041 489 1076 519; x_wconf 69' lang='grc' dir='ltr'><strong>δ’,</strong></span> <span class='ocrx_word' id='word_1_181' title='bbox 1098 493 1126 514; x_wconf 86' lang='grc' dir='ltr'><strong>ιιι</strong></span> <span class='ocrx_word' id='word_1_182' title='bbox 1141 496 1221 523; x_wconf 84' lang='lat' dir='ltr'><strong>opera</strong></span> <span class='ocrx_word' id='word_1_183' title='bbox 1239 496 1366 515; x_wconf 86' lang='lat' dir='ltr'><strong>manuum</strong></span> <span class='ocrx_word' id='word_1_184' title='bbox 1380 496 1489 515; x_wconf 91' lang='lat' dir='ltr'><strong>suarum</strong></span> <span class='ocrx_word' id='word_1_185' title='bbox 1515 495 1566 515; x_wconf 89' lang='lat' dir='ltr'><strong>nos</strong></span> <span class='ocrx_word' id='word_1_186' title='bbox 1584 488 1692 521; x_wconf 78' lang='lat' dir='ltr'><strong>eiliciat,</strong></span> 
     </span>
    </p>
   </div>
   <div class='ocr_carea' id='block_1_26' title="bbox 911 533 1692 569">
    <p class='ocr_par' dir='ltr' id='par_1_26' title="bbox 911 533 1692 569">
     <span class='ocr_line' id='line_1_26' title="bbox 911 533 1692 569; baseline 0.001 -10"><span class='ocrx_word' id='word_1_187' title='bbox 911 540 926 559; x_wconf 91' lang='lat' dir='ltr'><strong>a</strong></span> <span class='ocrx_word' id='word_1_188' title='bbox 943 533 1060 568; x_wconf 81' lang='lat' dir='ltr'><strong>maligno</strong></span> <span class='ocrx_word' id='word_1_189' title='bbox 1075 534 1200 569; x_wconf 80' lang='lat' dir='ltr'><strong>ﬁgmento</strong></span> <span class='ocrx_word' id='word_1_190' title='bbox 1213 534 1314 568; x_wconf 83' lang='lat' dir='ltr'><strong>peccati</strong></span> <span class='ocrx_word' id='word_1_191' title='bbox 1331 534 1363 560; x_wconf 88' lang='lat' dir='ltr'><strong>ad</strong></span> <span class='ocrx_word' id='word_1_192' title='bbox 1380 541 1456 561; x_wconf 88' lang='lat' dir='ltr'><strong>suam</strong></span> <span class='ocrx_word' id='word_1_193' title='bbox 1470 533 1613 568; x_wconf 76' lang='lat' dir='ltr'><strong>imaginem</strong></span> <span class='ocrx_word' id='word_1_194' title='bbox 1628 541 1692 560; x_wconf 88' lang='lat' dir='ltr'><strong>cum</strong></span> 
     </span>
    </p>
   </div>
   <div class='ocr_carea' id='block_1_27' title="bbox 911 578 1694 613">
    <p class='ocr_par' dir='ltr' id='par_1_27' title="bbox 911 578 1694 613">
     <span class='ocr_line' id='line_1_27' title="bbox 911 578 1694 613; baseline 0 -7"><span class='ocrx_word' id='word_1_195' title='bbox 911 586 1006 606; x_wconf 82' lang='lat' dir='ltr'><strong>rursus</strong></span> <span class='ocrx_word' id='word_1_196' title='bbox 1022 579 1159 606; x_wconf 71' lang='lat' dir='ltr'><strong>reﬁnxerit</strong></span> <span class='ocrx_word' id='word_1_197' title='bbox 1174 588 1180 606; x_wconf 90' lang='lat'><strong>:</strong></span> <span class='ocrx_word' id='word_1_198' title='bbox 1194 579 1262 606; x_wconf 89' lang='lat' dir='ltr'><strong>idem</strong></span> <span class='ocrx_word' id='word_1_199' title='bbox 1290 580 1347 613; x_wconf 90' lang='lat' dir='ltr'><strong>ipse</strong></span> <span class='ocrx_word' id='word_1_200' title='bbox 1361 579 1440 606; x_wconf 83' lang='lat' dir='ltr'><strong>nobis</strong></span> <span class='ocrx_word' id='word_1_201' title='bbox 1462 584 1504 606; x_wconf 87' lang='lat' dir='ltr'><strong>est</strong></span> <span class='ocrx_word' id='word_1_202' title='bbox 1530 578 1694 607; x_wconf 81' lang='lat' dir='ltr'><strong>fundamen-</strong></span> 
     </span>
    </p>
   </div>
   <div class='ocr_carea' id='block_1_28' title="bbox 912 624 1695 655">
    <p class='ocr_par' dir='ltr' id='par_1_28' title="bbox 912 624 1695 655">
     <span class='ocr_line' id='line_1_28' title="bbox 912 624 1695 655; baseline -0.001 -3"><span class='ocrx_word' id='word_1_203' title='bbox 912 629 967 652; x_wconf 91' lang='lat' dir='ltr'><strong>tum</strong></span> <span class='ocrx_word' id='word_1_204' title='bbox 982 629 1045 653; x_wconf 90' lang='lat' dir='ltr'><strong>ante</strong></span> <span class='ocrx_word' id='word_1_205' title='bbox 1069 626 1187 653; x_wconf 76' lang='lat' dir='ltr'><strong>futurum</strong></span> <span class='ocrx_word' id='word_1_206' title='bbox 1214 626 1355 655; x_wconf 79' lang='lat' dir='ltr'><strong>saeculum.</strong></span> <span class='ocrx_word' id='word_1_207' title='bbox 1382 626 1532 652; x_wconf 85' lang='lat' dir='ltr'><strong>secundum</strong></span> <span class='ocrx_word' id='word_1_208' title='bbox 1556 624 1632 652; x_wconf 83' lang='lat' dir='ltr'><strong>Pauli</strong></span> <span class='ocrx_word' id='word_1_209' title='bbox 1646 632 1695 652; x_wconf 86' lang='lat' dir='ltr'><strong>vo-</strong></span> 
     </span>
    </p>
   </div>
   <div class='ocr_carea' id='block_1_29' title="bbox 912 670 1694 705">
    <p class='ocr_par' dir='ltr' id='par_1_29' title="bbox 912 670 1694 705">
     <span class='ocr_line' id='line_1_29' title="bbox 912 670 1694 705; baseline -0.003 -7"><span class='ocrx_word' id='word_1_210' title='bbox 912 678 970 698; x_wconf 85' lang='lat' dir='ltr'><strong>cem</strong></span> <span class='ocrx_word' id='word_1_211' title='bbox 985 671 1029 705; x_wconf 94' lang='lat' dir='ltr'><strong>qui</strong></span> <span class='ocrx_word' id='word_1_212' title='bbox 1043 671 1118 702; x_wconf 83' lang='lat' dir='ltr'><strong>dicit,</strong></span> <span class='ocrx_word' id='word_1_213' title='bbox 1138 671 1207 705; x_wconf 77' lang='grc' dir='ltr'>(ιιιοιί</span> <span class='ocrx_word' id='word_1_214' title='bbox 1226 671 1315 697; x_wconf 81' lang='lat' dir='ltr'><strong>nullus</strong></span> <span class='ocrx_word' id='word_1_215' title='bbox 1342 676 1424 705; x_wconf 73' lang='lat' dir='ltr'><strong>potest</strong></span> <span class='ocrx_word' id='word_1_216' title='bbox 1440 671 1514 697; x_wconf 80' lang='lat' dir='ltr'><strong>aliud</strong></span> <span class='ocrx_word' id='word_1_217' title='bbox 1535 670 1694 704; x_wconf 74' lang='lat' dir='ltr'><strong>fundamen-</strong></span> 
     </span>
    </p>
   </div>
   <div class='ocr_carea' id='block_1_30' title="bbox 914 714 1695 750">
    <p class='ocr_par' dir='ltr' id='par_1_30' title="bbox 914 714 1695 750">
     <span class='ocr_line' id='line_1_30' title="bbox 914 714 1695 750; baseline 0 -9"><span class='ocrx_word' id='word_1_218' title='bbox 914 720 969 741; x_wconf 87' lang='lat' dir='ltr'><strong>tum</strong></span> <span class='ocrx_word' id='word_1_219' title='bbox 977 714 1066 750; x_wconf 83' lang='lat' dir='ltr'><strong>jacere</strong></span> <span class='ocrx_word' id='word_1_220' title='bbox 1077 720 1171 749; x_wconf 74' lang='lat' dir='ltr'><strong>prwter</strong></span> <span class='ocrx_word' id='word_1_221' title='bbox 1182 715 1247 741; x_wconf 80' lang='lat' dir='ltr'><strong>illud</strong></span> <span class='ocrx_word' id='word_1_222' title='bbox 1253 715 1320 749; x_wconf 85' lang='lat' dir='ltr'><strong>quod</strong></span> <span class='ocrx_word' id='word_1_223' title='bbox 1327 716 1438 748; x_wconf 77' lang='lat' dir='ltr'><strong>positum</strong></span> <span class='ocrx_word' id='word_1_224' title='bbox 1449 722 1487 741; x_wconf 76' lang='lat' dir='ltr'><strong>est</strong></span> <span class='ocrx_word' id='word_1_225' title='bbox 1496 716 1518 730; x_wconf 79' lang='lat'><strong>&quot;</strong></span> <span class='ocrx_word' id='word_1_226' title='bbox 1529 724 1536 747; x_wconf 88' lang='lat'>;</span> <span class='ocrx_word' id='word_1_227' title='bbox 1549 719 1576 742; x_wconf 89' lang='lat' dir='ltr'><strong>et</strong></span> <span class='ocrx_word' id='word_1_228' title='bbox 1586 725 1591 740; x_wconf 88' lang='lat'>:</span> <span class='ocrx_word' id='word_1_229' title='bbox 1602 714 1695 741; x_wconf 75' lang='lat' dir='ltr'><strong>Prius-</strong></span> 
     </span>
    </p>
   </div>
   <div class='ocr_carea' id='block_1_31' title="bbox 914 761 1697 795">
    <p class='ocr_par' dir='ltr' id='par_1_31' title="bbox 914 761 1697 795">
     <span class='ocr_line' id='line_1_31' title="bbox 914 761 1697 795; baseline 0 -8"><span class='ocrx_word' id='word_1_230' title='bbox 914 769 993 795; x_wconf 84' lang='lat' dir='ltr'><strong>quam</strong></span> <span class='ocrx_word' id='word_1_231' title='bbox 1003 765 1102 787; x_wconf 77' lang='lat' dir='ltr'><strong>montes</strong></span> <span class='ocrx_word' id='word_1_232' title='bbox 1118 762 1322 795; x_wconf 75' lang='lat' dir='ltr'><strong>ﬁririatiessent,</strong></span> <span class='ocrx_word' id='word_1_233' title='bbox 1334 766 1357 787; x_wconf 85' lang='lat' dir='ltr'><strong>et</strong></span> <span class='ocrx_word' id='word_1_234' title='bbox 1372 762 1522 795; x_wconf 75' lang='lat' dir='ltr'><strong>priusquam</strong></span> <span class='ocrx_word' id='word_1_235' title='bbox 1535 761 1643 795; x_wconf 77' lang='lat' dir='ltr'><strong>abyssos</strong></span> <span class='ocrx_word' id='word_1_236' title='bbox 1657 761 1697 795; x_wconf 80' lang='lat' dir='ltr'><strong>fe-</strong></span> 
     </span>
    </p>
   </div>
   <div class='ocr_carea' id='block_1_32' title="bbox 915 807 1696 842">
    <p class='ocr_par' dir='ltr' id='par_1_32' title="bbox 915 807 1696 842">
     <span class='ocr_line' id='line_1_32' title="bbox 915 807 1696 842; baseline 0.001 -10"><span class='ocrx_word' id='word_1_237' title='bbox 915 807 1001 839; x_wconf 78' lang='lat' dir='ltr'><strong>cisset,</strong></span> <span class='ocrx_word' id='word_1_238' title='bbox 1018 811 1042 833; x_wconf 89' lang='lat' dir='ltr'><strong>et</strong></span> <span class='ocrx_word' id='word_1_239' title='bbox 1058 811 1117 833; x_wconf 90' lang='lat' dir='ltr'><strong>ante</strong></span> <span class='ocrx_word' id='word_1_240' title='bbox 1133 807 1223 837; x_wconf 71' lang='lat' dir='ltr'><strong>colles,</strong></span> <span class='ocrx_word' id='word_1_241' title='bbox 1241 812 1364 842; x_wconf 86' lang='lat' dir='ltr'><strong>genuerat</strong></span> <span class='ocrx_word' id='word_1_242' title='bbox 1380 815 1419 833; x_wconf 88' lang='lat' dir='ltr'><strong>me</strong></span> <span class='ocrx_word' id='word_1_243' title='bbox 1433 807 1470 839; x_wconf 74' lang='lat'>“;</span> <span class='ocrx_word' id='word_1_244' title='bbox 1488 807 1544 834; x_wconf 82' lang='lat' dir='ltr'><strong>ﬁeri</strong></span> <span class='ocrx_word' id='word_1_245' title='bbox 1558 807 1629 833; x_wconf 75' lang='lat' dir='ltr'><strong>enim</strong></span> <span class='ocrx_word' id='word_1_246' title='bbox 1652 814 1696 841; x_wconf 88' lang='lat' dir='ltr'><strong>po-</strong></span> 
     </span>
    </p>
   </div>
   <div class='ocr_carea' id='block_1_33' title="bbox 916 852 1696 887">
    <p class='ocr_par' dir='ltr' id='par_1_33' title="bbox 916 852 1696 887">
     <span class='ocr_line' id='line_1_33' title="bbox 916 852 1696 887; baseline -0.001 -8"><span class='ocrx_word' id='word_1_247' title='bbox 916 856 979 883; x_wconf 88' lang='lat' dir='ltr'><strong>test,</strong></span> <span class='ocrx_word' id='word_1_248' title='bbox 997 856 1024 878; x_wconf 90' lang='lat' dir='ltr'><strong>ul</strong></span> <span class='ocrx_word' id='word_1_249' title='bbox 1042 853 1136 878; x_wconf 89' lang='lat' dir='ltr'><strong>horum</strong></span> <span class='ocrx_word' id='word_1_250' title='bbox 1160 860 1244 878; x_wconf 85' lang='lat' dir='ltr'><strong>unum</strong></span> <span class='ocrx_word' id='word_1_251' title='bbox 1265 852 1392 886; x_wconf 80' lang='lat' dir='ltr'><strong>quodque</strong></span> <span class='ocrx_word' id='word_1_252' title='bbox 1404 852 1564 887; x_wconf 85' lang='lat' dir='ltr'><strong>pruverbiali</strong></span> <span class='ocrx_word' id='word_1_253' title='bbox 1579 859 1696 879; x_wconf 73' lang='lat' dir='ltr'><strong>consue-</strong></span> 
     </span>
    </p>
   </div>
   <div class='ocr_carea' id='block_1_34' title="bbox 85 894 867 932">
    <p class='ocr_par' dir='ltr' id='par_1_34' title="bbox 85 894 861 931">
     <span class='ocr_line' id='line_1_34' title="bbox 85 894 861 931; baseline 0.004 -11"><span class='ocrx_word' id='word_1_254' title='bbox 85 902 129 921; x_wconf 66' lang='grc' dir='ltr'><strong>των</strong></span> <span class='ocrx_word' id='word_1_255' title='bbox 150 895 219 921; x_wconf 75' lang='grc' dir='ltr'>κατὰ</span> <span class='ocrx_word' id='word_1_256' title='bbox 242 894 293 929; x_wconf 87' lang='grc' dir='ltr'>τὴν</span> <span class='ocrx_word' id='word_1_257' title='bbox 318 894 487 929; x_wconf 78' lang='grc' dir='ltr'><strong>παροιμιώδη</strong></span> <span class='ocrx_word' id='word_1_258' title='bbox 514 895 656 930; x_wconf 85' lang='grc' dir='ltr'>συνήθειαν</span> <span class='ocrx_word' id='word_1_259' title='bbox 684 896 861 931; x_wconf 79' lang='grc' dir='ltr'>μεταληφθὲν,</span> 
     </span>
    </p>
   </div>
   <div class='ocr_carea' id='block_1_35' title="bbox 917 894 1695 932">
    <p class='ocr_par' dir='ltr' id='par_1_35' title="bbox 917 897 1695 932">
     <span class='ocr_line' id='line_1_35' title="bbox 917 897 1695 932; baseline 0 -8"><span class='ocrx_word' id='word_1_260' title='bbox 917 898 1010 924; x_wconf 82' lang='lat' dir='ltr'><strong>tudine</strong></span> <span class='ocrx_word' id='word_1_261' title='bbox 1022 897 1054 924; x_wconf 88' lang='lat' dir='ltr'><strong>ad</strong></span> <span class='ocrx_word' id='word_1_262' title='bbox 1069 897 1460 932; x_wconf 84' lang='lat' dir='ltr'><strong>tropicamcontemplationem</strong></span> <span class='ocrx_word' id='word_1_263' title='bbox 1470 901 1695 932; x_wconf 85' lang='lat' dir='ltr'><strong>traussumplum.</strong></span> 
     </span>
    </p>
   </div>
   <div class='ocr_carea' id='block_1_36' title="bbox 86 940 863 977">
    <p class='ocr_par' dir='ltr' id='par_1_36' title="bbox 86 940 863 977">
     <span class='ocr_line' id='line_1_36' title="bbox 86 940 863 977; baseline 0.004 -11"><span class='ocrx_word' id='word_1_264' title='bbox 86 942 118 972; x_wconf 74' lang='grc' dir='ltr'><strong>είς</strong></span> <span class='ocrx_word' id='word_1_265' title='bbox 140 940 274 975; x_wconf 87' lang='grc' dir='ltr'>τροπικὴν</span> <span class='ocrx_word' id='word_1_266' title='bbox 303 940 419 976; x_wconf 78' lang='grc' dir='ltr'><strong>θεωρίαν</strong></span> <span class='ocrx_word' id='word_1_267' title='bbox 447 941 650 977; x_wconf 78' lang='grc' dir='ltr'>ὲφαρμοσθῆναι</span> <span class='ocrx_word' id='word_1_268' title='bbox 666 941 705 977; x_wconf 84' lang='grc' dir='ltr'>τῷ</span> <span class='ocrx_word' id='word_1_269' title='bbox 725 941 806 977; x_wconf 78' lang='grc' dir='ltr'>λόγῳ.</span> <span class='ocrx_word' id='word_1_270' title='bbox 831 942 863 970; x_wconf 86' lang='grc' dir='ltr'><strong>Ὀ</strong></span> 
     </span>
    </p>
   </div>
   <div class='ocr_carea' id='block_1_37' title="bbox 86 985 863 1022">
    <p class='ocr_par' dir='ltr' id='par_1_37' title="bbox 86 985 863 1022">
     <span class='ocr_line' id='line_1_37' title="bbox 86 985 863 1022; baseline 0.003 -11"><span class='ocrx_word' id='word_1_271' title='bbox 86 986 130 1021; x_wconf 67' lang='grc' dir='ltr'><strong>γὰρ</strong></span> <span class='ocrx_word' id='word_1_272' title='bbox 151 985 236 1020; x_wconf 78' lang='grc' dir='ltr'>μέγας</span> <span class='ocrx_word' id='word_1_273' title='bbox 250 986 336 1012; x_wconf 75' lang='grc' dir='ltr'><strong>Δαὸὶδ</strong></span> <span class='ocrx_word' id='word_1_274' title='bbox 349 986 520 1021; x_wconf 82' lang='grc' dir='ltr'>δικαιοσύνην</span> <span class='ocrx_word' id='word_1_275' title='bbox 544 987 671 1021; x_wconf 79' lang='grc' dir='ltr'><strong>ὀνομάζει</strong></span> <span class='ocrx_word' id='word_1_276' title='bbox 694 987 728 1013; x_wconf 77' lang='grc' dir='ltr'>τὰ</span> <span class='ocrx_word' id='word_1_277' title='bbox 753 987 802 1022; x_wconf 83' lang='grc' dir='ltr'>δρη</span> <span class='ocrx_word' id='word_1_278' title='bbox 816 986 863 1013; x_wconf 81' lang='grc' dir='ltr'>τοῦ</span> 
     </span>
    </p>
   </div>
   <div class='ocr_carea' id='block_1_38' title="bbox 86 1031 865 1067">
    <p class='ocr_par' dir='ltr' id='par_1_38' title="bbox 86 1031 865 1067">
     <span class='ocr_line' id='line_1_38' title="bbox 86 1031 865 1067; baseline 0.003 -10"><span class='ocrx_word' id='word_1_279' title='bbox 86 1031 152 1061; x_wconf 80' lang='grc' dir='ltr'>Θεοῦ,</span> <span class='ocrx_word' id='word_1_280' title='bbox 166 1031 306 1062; x_wconf 79' lang='grc' dir='ltr'>ἁὸύσσους</span> <span class='ocrx_word' id='word_1_281' title='bbox 324 1032 352 1058; x_wconf 74' lang='grc' dir='ltr'>δὲ</span> <span class='ocrx_word' id='word_1_282' title='bbox 375 1031 408 1057; x_wconf 85' lang='grc' dir='ltr'>τὰ</span> <span class='ocrx_word' id='word_1_283' title='bbox 421 1031 552 1067; x_wconf 83' lang='grc' dir='ltr'>κρίματα,</span> <span class='ocrx_word' id='word_1_284' title='bbox 569 1032 658 1067; x_wconf 79' lang='grc' dir='ltr'>πηγὰς</span> <span class='ocrx_word' id='word_1_285' title='bbox 674 1032 701 1058; x_wconf 82' lang='grc' dir='ltr'>δὲ</span> <span class='ocrx_word' id='word_1_286' title='bbox 718 1034 782 1064; x_wconf 78' lang='grc' dir='ltr'>τοὺς</span> <span class='ocrx_word' id='word_1_287' title='bbox 798 1033 865 1059; x_wconf 79' lang='grc' dir='ltr'>διδα-</span> 
     </span>
    </p>
   </div>
   <div class='ocr_carea' id='block_1_39' title="bbox 88 1077 866 1113">
    <p class='ocr_par' dir='ltr' id='par_1_39' title="bbox 88 1077 866 1113">
     <span class='ocr_line' id='line_1_39' title="bbox 88 1077 866 1113; baseline 0.004 -11"><span class='ocrx_word' id='word_1_288' title='bbox 88 1077 187 1108; x_wconf 71' lang='grc' dir='ltr'>σκάλους</span> <span class='ocrx_word' id='word_1_289' title='bbox 199 1078 228 1102; x_wconf 81' lang='grc' dir='ltr'>ὲν</span> <span class='ocrx_word' id='word_1_290' title='bbox 243 1077 539 1112; x_wconf 81' lang='grc' dir='ltr'>Ἐκκλησίαις,λέγων”</span> <span class='ocrx_word' id='word_1_291' title='bbox 555 1078 712 1113; x_wconf 75' lang='grc' dir='ltr'>Εὑλογεῖτε</span> <span class='ocrx_word' id='word_1_292' title='bbox 725 1079 777 1105; x_wconf 80' lang='grc' dir='ltr'>τὸν</span> <span class='ocrx_word' id='word_1_293' title='bbox 791 1080 866 1106; x_wconf 81' lang='grc' dir='ltr'>Θεὸν</span> 
     </span>
    </p>
   </div>
   <div class='ocr_carea' id='block_1_40' title="bbox 87 1122 863 1158">
    <p class='ocr_par' dir='ltr' id='par_1_40' title="bbox 87 1122 863 1158">
     <span class='ocr_line' id='line_1_40' title="bbox 87 1122 863 1158; baseline 0.001 -9"><span class='ocrx_word' id='word_1_294' title='bbox 87 1124 180 1155; x_wconf 76' lang='grc' dir='ltr'>Κύριον</span> <span class='ocrx_word' id='word_1_295' title='bbox 194 1122 228 1148; x_wconf 73' lang='grc' dir='ltr'><strong>ἐκ</strong></span> <span class='ocrx_word' id='word_1_296' title='bbox 240 1122 350 1156; x_wconf 68' lang='grc' dir='ltr'>πηγῶν</span> <span class='ocrx_word' id='word_1_297' title='bbox 369 1123 505 1157; x_wconf 71' lang='grc' dir='ltr'>Ἰσραήλ·</span> <span class='ocrx_word' id='word_1_298' title='bbox 520 1123 628 1157; x_wconf 73' lang='grc' dir='ltr'>βουνοὺς</span> <span class='ocrx_word' id='word_1_299' title='bbox 645 1123 673 1150; x_wconf 83' lang='grc' dir='ltr'>δὲ</span> <span class='ocrx_word' id='word_1_300' title='bbox 684 1123 733 1158; x_wconf 82' lang='grc' dir='ltr'>τὴν</span> <span class='ocrx_word' id='word_1_301' title='bbox 746 1124 863 1150; x_wconf 76' lang='grc' dir='ltr'>ἀκακίαν</span> 
     </span>
    </p>
   </div>
   <div class='ocr_carea' id='block_1_41' title="bbox 87 1167 863 1204">
    <p class='ocr_par' dir='ltr' id='par_1_41' title="bbox 87 1167 863 1204">
     <span class='ocr_line' id='line_1_41' title="bbox 87 1167 863 1204; baseline 0.004 -12"><span class='ocrx_word' id='word_1_302' title='bbox 87 1167 113 1201; x_wconf 71' lang='grc' dir='ltr'>ἦν</span> <span class='ocrx_word' id='word_1_303' title='bbox 125 1167 164 1192; x_wconf 74' lang='grc' dir='ltr'><strong>διὰ</strong></span> <span class='ocrx_word' id='word_1_304' title='bbox 177 1167 223 1193; x_wconf 73' lang='grc' dir='ltr'>τοῦ</span> <span class='ocrx_word' id='word_1_305' title='bbox 244 1167 433 1202; x_wconf 77' lang='grc' dir='ltr'>σχιρτήματος</span> <span class='ocrx_word' id='word_1_306' title='bbox 447 1168 502 1194; x_wconf 83' lang='grc' dir='ltr'>τῶν</span> <span class='ocrx_word' id='word_1_307' title='bbox 516 1168 616 1203; x_wconf 83' lang='grc' dir='ltr'>ἀρνίων</span> <span class='ocrx_word' id='word_1_308' title='bbox 633 1168 789 1200; x_wconf 77' lang='grc' dir='ltr'>ἐνεδείξατο.</span> <span class='ocrx_word' id='word_1_309' title='bbox 807 1169 863 1204; x_wconf 81' lang='grc' dir='ltr'><strong>Πρὸ</strong></span> 
     </span>
    </p>
   </div>
   <div class='ocr_carea' id='block_1_42' title="bbox 87 1210 864 1249">
    <p class='ocr_par' dir='ltr' id='par_1_42' title="bbox 87 1210 864 1249">
     <span class='ocr_line' id='line_1_42' title="bbox 87 1210 864 1249; baseline 0.003 -11"><span class='ocrx_word' id='word_1_310' title='bbox 87 1211 174 1238; x_wconf 64' lang='grc' dir='ltr'>τούτων</span> <span class='ocrx_word' id='word_1_311' title='bbox 188 1210 234 1238; x_wconf 76' lang='grc' dir='ltr'>οὖν</span> <span class='ocrx_word' id='word_1_312' title='bbox 250 1213 284 1238; x_wconf 82' lang='grc' dir='ltr'>ὲν</span> <span class='ocrx_word' id='word_1_313' title='bbox 302 1213 369 1247; x_wconf 82' lang='grc' dir='ltr'>ἡμῖν</span> <span class='ocrx_word' id='word_1_314' title='bbox 382 1214 507 1246; x_wconf 81' lang='grc' dir='ltr'>γεννᾶται</span> <span class='ocrx_word' id='word_1_315' title='bbox 522 1214 536 1239; x_wconf 77' lang='grc' dir='ltr'>ὁ</span> <span class='ocrx_word' id='word_1_316' title='bbox 548 1214 580 1240; x_wconf 88' lang='grc' dir='ltr'>δι’</span> <span class='ocrx_word' id='word_1_317' title='bbox 596 1214 669 1249; x_wconf 72' lang='grc' dir='ltr'>ἡμᾶς</span> <span class='ocrx_word' id='word_1_318' title='bbox 689 1214 806 1245; x_wconf 78' lang='grc' dir='ltr'>κτισθεὶς</span> <span class='ocrx_word' id='word_1_319' title='bbox 819 1214 864 1240; x_wconf 84' lang='grc' dir='ltr'><strong>ἄν·</strong></span> 
     </span>
    </p>
   </div>
   <div class='ocr_carea' id='block_1_43' title="bbox 88 1257 863 1294">
    <p class='ocr_par' dir='ltr' id='par_1_43' title="bbox 88 1257 863 1294">
     <span class='ocr_line' id='line_1_43' title="bbox 88 1257 863 1294; baseline 0.003 -11"><span class='ocrx_word' id='word_1_320' title='bbox 88 1257 191 1292; x_wconf 76' lang='grc' dir='ltr'>θρωπος,</span> <span class='ocrx_word' id='word_1_321' title='bbox 205 1258 251 1284; x_wconf 77' lang='grc' dir='ltr'>ἵνα</span> <span class='ocrx_word' id='word_1_322' title='bbox 272 1257 319 1284; x_wconf 76' lang='grc' dir='ltr'>καὶ</span> <span class='ocrx_word' id='word_1_323' title='bbox 333 1258 350 1292; x_wconf 87' lang='grc' dir='ltr'>ἡ</span> <span class='ocrx_word' id='word_1_324' title='bbox 365 1257 418 1284; x_wconf 82' lang='grc' dir='ltr'>τῶν</span> <span class='ocrx_word' id='word_1_325' title='bbox 437 1257 565 1284; x_wconf 78' lang='grc' dir='ltr'><strong>τοιούτων</strong></span> <span class='ocrx_word' id='word_1_326' title='bbox 578 1259 675 1290; x_wconf 79' lang='grc' dir='ltr'><strong>κτίσις,</strong></span> <span class='ocrx_word' id='word_1_327' title='bbox 691 1260 719 1285; x_wconf 79' lang='grc' dir='ltr'>ὲν</span> <span class='ocrx_word' id='word_1_328' title='bbox 732 1260 796 1294; x_wconf 81' lang='grc' dir='ltr'>ἡμῖν</span> <span class='ocrx_word' id='word_1_329' title='bbox 809 1258 863 1294; x_wconf 82' lang='grc' dir='ltr'><strong>χώ-</strong></span> 
     </span>
    </p>
   </div>
   <div class='ocr_carea' id='block_1_44' title="bbox 89 1302 865 1340">
    <p class='ocr_par' dir='ltr' id='par_1_44' title="bbox 89 1302 865 1340">
     <span class='ocr_line' id='line_1_44' title="bbox 89 1302 865 1340; baseline 0.003 -11"><span class='ocrx_word' id='word_1_330' title='bbox 89 1312 130 1339; x_wconf 79' lang='grc' dir='ltr'><strong>ραν</strong></span> <span class='ocrx_word' id='word_1_331' title='bbox 141 1303 213 1339; x_wconf 79' lang='grc' dir='ltr'>εὕρῃ.</span> <span class='ocrx_word' id='word_1_332' title='bbox 242 1304 329 1330; x_wconf 79' lang='grc' dir='ltr'>Ἀλλὰ</span> <span class='ocrx_word' id='word_1_333' title='bbox 344 1304 531 1340; x_wconf 79' lang='grc' dir='ltr'>παραδραμεῖν</span> <span class='ocrx_word' id='word_1_334' title='bbox 546 1302 623 1339; x_wconf 79' lang='grc' dir='ltr'>οἶμαι</span> <span class='ocrx_word' id='word_1_335' title='bbox 637 1305 733 1339; x_wconf 82' lang='grc' dir='ltr'>χρῆναι</span> <span class='ocrx_word' id='word_1_336' title='bbox 746 1305 789 1331; x_wconf 78' lang='grc' dir='ltr'><strong>τὸν</strong></span> <span class='ocrx_word' id='word_1_337' title='bbox 802 1306 865 1340; x_wconf 76' lang='grc' dir='ltr'>περὶ</span> 
     </span>
    </p>
   </div>
   <div class='ocr_carea' id='block_1_45' title="bbox 88 1347 864 1385">
    <p class='ocr_par' dir='ltr' id='par_1_45' title="bbox 88 1347 864 1385">
     <span class='ocr_line' id='line_1_45' title="bbox 88 1347 864 1385; baseline 0.003 -12"><span class='ocrx_word' id='word_1_338' title='bbox 88 1348 175 1373; x_wconf 67' lang='grc' dir='ltr'>τούτων</span> <span class='ocrx_word' id='word_1_339' title='bbox 189 1347 284 1382; x_wconf 77' lang='grc' dir='ltr'>λόγον,</span> <span class='ocrx_word' id='word_1_340' title='bbox 302 1349 401 1379; x_wconf 82' lang='grc' dir='ltr'>ίκανῶς</span> <span class='ocrx_word' id='word_1_341' title='bbox 413 1350 468 1380; x_wconf 84' lang='grc' dir='ltr'>τοῖς</span> <span class='ocrx_word' id='word_1_342' title='bbox 485 1348 651 1383; x_wconf 81' lang='grc' dir='ltr'>εὑγνὼμοσιν</span> <span class='ocrx_word' id='word_1_343' title='bbox 662 1349 864 1385; x_wconf 80' lang='grc' dir='ltr'>ὑποδειχθείσης</span> 
     </span>
    </p>
   </div>
   <div class='ocr_carea' id='block_1_46' title="bbox 88 1393 443 1428">
    <p class='ocr_par' dir='ltr' id='par_1_46' title="bbox 88 1393 443 1428">
     <span class='ocr_line' id='line_1_46' title="bbox 88 1393 443 1428; baseline 0.003 -8"><span class='ocrx_word' id='word_1_344' title='bbox 88 1393 115 1420; x_wconf 76' lang='grc' dir='ltr'>δι’</span> <span class='ocrx_word' id='word_1_345' title='bbox 127 1394 219 1427; x_wconf 75' lang='grc' dir='ltr'>ὀλίγων</span> <span class='ocrx_word' id='word_1_346' title='bbox 234 1395 290 1428; x_wconf 77' lang='grc' dir='ltr'><strong>τῆς</strong></span> <span class='ocrx_word' id='word_1_347' title='bbox 306 1394 443 1428; x_wconf 76' lang='grc' dir='ltr'><strong>ἀληθείας.</strong></span> 
     </span>
    </p>
   </div>
   <div class='ocr_carea' id='block_1_47' title="bbox 121 1440 868 1477">
    <p class='ocr_par' dir='ltr' id='par_1_47' title="bbox 121 1440 868 1477">
     <span class='ocr_line' id='line_1_47' title="bbox 121 1440 868 1477; baseline -0.001 -8"><span class='ocrx_word' id='word_1_348' title='bbox 121 1443 176 1469; x_wconf 80' lang='grc' dir='ltr'><strong>Ἐπὶ</strong></span> <span class='ocrx_word' id='word_1_349' title='bbox 189 1443 216 1469; x_wconf 78' lang='grc' dir='ltr'>δὲ</span> <span class='ocrx_word' id='word_1_350' title='bbox 233 1443 275 1469; x_wconf 74' lang='grc' dir='ltr'>τὰ</span> <span class='ocrx_word' id='word_1_351' title='bbox 293 1441 391 1476; x_wconf 72' lang='grc' dir='ltr'>ἑφεξῆς</span> <span class='ocrx_word' id='word_1_352' title='bbox 411 1442 464 1468; x_wconf 80' lang='grc' dir='ltr'>τῶν</span> <span class='ocrx_word' id='word_1_353' title='bbox 481 1440 527 1468; x_wconf 84' lang='grc' dir='ltr'>τοῦ</span> <span class='ocrx_word' id='word_1_354' title='bbox 547 1441 679 1476; x_wconf 82' lang='grc' dir='ltr'>Εὑνομίου</span> <span class='ocrx_word' id='word_1_355' title='bbox 698 1441 784 1475; x_wconf 84' lang='grc' dir='ltr'>λόγων</span> <span class='ocrx_word' id='word_1_356' title='bbox 803 1450 868 1477; x_wconf 87' lang='grc' dir='ltr'>μετ·-</span> 
     </span>
    </p>
   </div>
   <div class='ocr_carea' id='block_1_48' title="bbox 89 1487 867 1523">
    <p class='ocr_par' dir='ltr' id='par_1_48' title="bbox 89 1487 867 1523">
     <span class='ocr_line' id='line_1_48' title="bbox 89 1487 867 1523; baseline -0.001 -9"><span class='ocrx_word' id='word_1_357' title='bbox 89 1487 205 1523; x_wconf 75' lang='grc' dir='ltr'>έλθωμεν.</span> <span class='ocrx_word' id='word_1_358' title='bbox 237 1488 294 1513; x_wconf 69' lang='lat' dir='ltr'><strong>‘Er</strong></span> <span class='ocrx_word' id='word_1_359' title='bbox 310 1487 405 1521; x_wconf 72' lang='grc' dir='ltr'><strong>ἀρχῇ,</strong></span> <span class='ocrx_word' id='word_1_360' title='bbox 422 1487 521 1522; x_wconf 71' lang='grc' dir='ltr'>φησιν,</span> <span class='ocrx_word' id='word_1_361' title='bbox 539 1487 628 1519; x_wconf 79' lang='grc' dir='ltr'>ὄντα,</span> <span class='ocrx_word' id='word_1_362' title='bbox 648 1488 704 1514; x_wconf 78' lang='grc' dir='ltr'><strong>οὐκ</strong></span> <span class='ocrx_word' id='word_1_363' title='bbox 720 1487 867 1521; x_wconf 73' lang='grc' dir='ltr'>ἄναρχονο</span> 
     </span>
    </p>
   </div>
   <div class='ocr_carea' id='block_1_49' title="bbox 89 1531 870 1567">
    <p class='ocr_par' dir='ltr' id='par_1_49' title="bbox 89 1531 870 1567">
     <span class='ocr_line' id='line_1_49' title="bbox 89 1531 870 1567; baseline 0.001 -10"><span class='ocrx_word' id='word_1_364' title='bbox 89 1531 108 1557; x_wconf 80' lang='grc' dir='ltr'>ὦ</span> <span class='ocrx_word' id='word_1_365' title='bbox 121 1533 173 1563; x_wconf 82' lang='grc' dir='ltr'>πῶς</span> <span class='ocrx_word' id='word_1_366' title='bbox 184 1534 240 1559; x_wconf 78' lang='grc' dir='ltr'>νοεῖ</span> <span class='ocrx_word' id='word_1_367' title='bbox 253 1532 308 1563; x_wconf 66' lang='grc' dir='ltr'>’τὰς</span> <span class='ocrx_word' id='word_1_368' title='bbox 327 1531 401 1563; x_wconf 79' lang='grc' dir='ltr'>θείας</span> <span class='ocrx_word' id='word_1_369' title='bbox 412 1532 513 1565; x_wconf 79' lang='grc' dir='ltr'>φωνὰς,</span> <span class='ocrx_word' id='word_1_370' title='bbox 525 1532 539 1558; x_wconf 86' lang='grc' dir='ltr'>ὁ</span> <span class='ocrx_word' id='word_1_371' title='bbox 550 1532 596 1558; x_wconf 75' lang='grc' dir='ltr'><strong>ἐπὶ</strong></span> <span class='ocrx_word' id='word_1_372' title='bbox 608 1532 712 1558; x_wconf 82' lang='grc' dir='ltr'>συνέσει</span> <span class='ocrx_word' id='word_1_373' title='bbox 725 1532 794 1567; x_wconf 81' lang='grc' dir='ltr'>ὑπὲρ</span> <span class='ocrx_word' id='word_1_374' title='bbox 807 1532 870 1564; x_wconf 73' lang='grc' dir='ltr'>τοὺς</span> 
     </span>
    </p>
   </div>
   <div class='ocr_carea' id='block_1_50' title="bbox 90 1575 903 1619">
    <p class='ocr_par' dir='ltr' id='par_1_50' title="bbox 90 1575 903 1619">
     <span class='ocr_line' id='line_1_50' title="bbox 90 1575 903 1619; baseline -0.002 -15"><span class='ocrx_word' id='word_1_375' title='bbox 90 1577 172 1609; x_wconf 75' lang='grc' dir='ltr'>ἄλλους</span> <span class='ocrx_word' id='word_1_376' title='bbox 187 1577 300 1612; x_wconf 82' lang='grc' dir='ltr'>φρονῶν</span> <span class='ocrx_word' id='word_1_377' title='bbox 313 1585 321 1608; x_wconf 86' lang='grc'>;</span> <span class='ocrx_word' id='word_1_378' title='bbox 336 1577 389 1603; x_wconf 74' lang='grc' dir='ltr'>Τὸν</span> <span class='ocrx_word' id='word_1_379' title='bbox 404 1577 432 1602; x_wconf 86' lang='grc' dir='ltr'>ὲν</span> <span class='ocrx_word' id='word_1_380' title='bbox 443 1576 512 1611; x_wconf 77' lang='grc' dir='ltr'><strong>ἀρχῇ</strong></span> <span class='ocrx_word' id='word_1_381' title='bbox 529 1576 603 1607; x_wconf 73' lang='grc' dir='ltr'>ὄντα,</span> <span class='ocrx_word' id='word_1_382' title='bbox 616 1576 701 1611; x_wconf 84' lang='grc' dir='ltr'>ἀρχὴν</span> <span class='ocrx_word' id='word_1_383' title='bbox 717 1575 811 1611; x_wconf 75' lang='grc' dir='ltr'>ἔχοντα</span> <span class='ocrx_word' id='word_1_384' title='bbox 824 1577 868 1612; x_wconf 82' lang='grc' dir='ltr'><strong>ἑρ-</strong></span> <span class='ocrx_word' id='word_1_385' title='bbox 882 1589 903 1619; x_wconf 81' lang='lat' dir='ltr'>c</span> 
     </span>
    </p>
   </div>
   <div class='ocr_carea' id='block_1_51' title="bbox 92 1620 867 1657">
    <p class='ocr_par' dir='ltr' id='par_1_51' title="bbox 92 1620 867 1657">
     <span class='ocr_line' id='line_1_51' title="bbox 92 1620 867 1657; baseline -0.003 -9"><span class='ocrx_word' id='word_1_386' title='bbox 92 1622 204 1657; x_wconf 67' lang='lat' dir='ltr'><strong>pqvciisi-</strong></span> <span class='ocrx_word' id='word_1_387' title='bbox 233 1622 286 1649; x_wconf 76' lang='grc' dir='ltr'>καὶ</span> <span class='ocrx_word' id='word_1_388' title='bbox 303 1622 353 1648; x_wconf 79' lang='grc' dir='ltr'><strong>οὐκ</strong></span> <span class='ocrx_word' id='word_1_389' title='bbox 368 1620 436 1647; x_wconf 72' lang='grc' dir='ltr'>οἶδεν</span> <span class='ocrx_word' id='word_1_390' title='bbox 454 1621 493 1647; x_wconf 83' lang='grc' dir='ltr'>ὅτι</span> <span class='ocrx_word' id='word_1_391' title='bbox 508 1622 531 1647; x_wconf 81' lang='grc' dir='ltr'>ει</span> <span class='ocrx_word' id='word_1_392' title='bbox 547 1621 633 1656; x_wconf 83' lang='grc' dir='ltr'>ἀρχὴν</span> <span class='ocrx_word' id='word_1_393' title='bbox 645 1620 701 1656; x_wconf 82' lang='grc' dir='ltr'>ἔχει</span> <span class='ocrx_word' id='word_1_394' title='bbox 717 1622 731 1647; x_wconf 79' lang='grc' dir='ltr'><strong>ο</strong></span> <span class='ocrx_word' id='word_1_395' title='bbox 755 1621 782 1646; x_wconf 80' lang='grc' dir='ltr'>ὲν</span> <span class='ocrx_word' id='word_1_396' title='bbox 797 1621 867 1657; x_wconf 80' lang='grc' dir='ltr'>ἀρχῇ</span> 
     </span>
    </p>
   </div>
   <div class='ocr_carea' id='block_1_52' title="bbox 90 1666 868 1703">
    <p class='ocr_par' dir='ltr' id='par_1_52' title="bbox 90 1666 868 1703">
     <span class='ocr_line' id='line_1_52' title="bbox 90 1666 868 1703; baseline -0.003 -9"><span class='ocrx_word' id='word_1_397' title='bbox 90 1667 131 1700; x_wconf 78' lang='grc' dir='ltr'><strong>ὢν,</strong></span> <span class='ocrx_word' id='word_1_398' title='bbox 142 1668 187 1694; x_wconf 74' lang='grc' dir='ltr'><strong>καὶ</strong></span> <span class='ocrx_word' id='word_1_399' title='bbox 201 1668 217 1703; x_wconf 87' lang='grc' dir='ltr'>ἡ</span> <span class='ocrx_word' id='word_1_400' title='bbox 234 1667 313 1702; x_wconf 78' lang='grc' dir='ltr'><strong>ἁρχὴ</strong></span> <span class='ocrx_word' id='word_1_401' title='bbox 329 1667 440 1697; x_wconf 82' lang='grc' dir='ltr'>πάντως</span> <span class='ocrx_word' id='word_1_402' title='bbox 454 1666 510 1701; x_wconf 73' lang='grc' dir='ltr'>ἔχει</span> <span class='ocrx_word' id='word_1_403' title='bbox 523 1666 604 1701; x_wconf 77' lang='grc' dir='ltr'>ἄλλην</span> <span class='ocrx_word' id='word_1_404' title='bbox 616 1667 713 1702; x_wconf 82' lang='grc' dir='ltr'><strong>ἀρχήν.</strong></span> <span class='ocrx_word' id='word_1_405' title='bbox 730 1667 762 1693; x_wconf 90' lang='lat'><strong>&#39;0</strong></span> <span class='ocrx_word' id='word_1_406' title='bbox 772 1666 826 1701; x_wconf 82' lang='grc' dir='ltr'><strong>γὰρ</strong></span> <span class='ocrx_word' id='word_1_407' title='bbox 836 1666 868 1693; x_wconf 81' lang='grc' dir='ltr'>ἂν</span> 
     </span>
    </p>
   </div>
   <div class='ocr_carea' id='block_1_53' title="bbox 91 1711 869 1748">
    <p class='ocr_par' dir='ltr' id='par_1_53' title="bbox 91 1711 869 1748">
     <span class='ocr_line' id='line_1_53' title="bbox 91 1711 869 1748; baseline -0.001 -9"><span class='ocrx_word' id='word_1_408' title='bbox 91 1714 129 1739; x_wconf 71' lang='grc' dir='ltr'><strong>ἐπὶ</strong></span> <span class='ocrx_word' id='word_1_409' title='bbox 142 1714 187 1747; x_wconf 72' lang='grc' dir='ltr'>τῆς</span> <span class='ocrx_word' id='word_1_410' title='bbox 201 1712 295 1748; x_wconf 71' lang='grc' dir='ltr'>ἀρχῆς</span> <span class='ocrx_word' id='word_1_411' title='bbox 310 1712 384 1747; x_wconf 70' lang='grc' dir='ltr'><strong>εἴπῃ,</strong></span> <span class='ocrx_word' id='word_1_412' title='bbox 397 1711 473 1738; x_wconf 83' lang='grc' dir='ltr'>τοῦτο</span> <span class='ocrx_word' id='word_1_413' title='bbox 485 1712 543 1738; x_wconf 83' lang='grc' dir='ltr'>κατ’</span> <span class='ocrx_word' id='word_1_414' title='bbox 553 1712 675 1747; x_wconf 81' lang='grc' dir='ltr'>ἀνάγκην</span> <span class='ocrx_word' id='word_1_415' title='bbox 689 1712 735 1738; x_wconf 74' lang='grc' dir='ltr'><strong>καὶ</strong></span> <span class='ocrx_word' id='word_1_416' title='bbox 748 1712 811 1747; x_wconf 80' lang='grc' dir='ltr'>περὶ</span> <span class='ocrx_word' id='word_1_417' title='bbox 822 1711 869 1738; x_wconf 80' lang='grc' dir='ltr'>τοῦ</span> 
     </span>
    </p>
   </div>
   <div class='ocr_carea' id='block_1_54' title="bbox 92 1756 870 1793">
    <p class='ocr_par' dir='ltr' id='par_1_54' title="bbox 92 1756 870 1793">
     <span class='ocr_line' id='line_1_54' title="bbox 92 1756 870 1793; baseline 0.001 -10"><span class='ocrx_word' id='word_1_418' title='bbox 92 1758 114 1783; x_wconf 81' lang='grc' dir='ltr'>ὲν</span> <span class='ocrx_word' id='word_1_419' title='bbox 129 1759 157 1792; x_wconf 76' lang='grc' dir='ltr'><strong>τῇ</strong></span> <span class='ocrx_word' id='word_1_420' title='bbox 175 1759 246 1793; x_wconf 81' lang='grc' dir='ltr'>ἀρχῇ</span> <span class='ocrx_word' id='word_1_421' title='bbox 269 1757 344 1788; x_wconf 70' lang='grc' dir='ltr'>ὄντος</span> <span class='ocrx_word' id='word_1_422' title='bbox 366 1756 525 1791; x_wconf 79' lang='grc' dir='ltr'>ὁμολογήσει</span> <span class='ocrx_word' id='word_1_423' title='bbox 539 1757 656 1788; x_wconf 82' lang='grc' dir='ltr'>πάντως.</span> <span class='ocrx_word' id='word_1_424' title='bbox 682 1756 743 1788; x_wconf 86' lang='grc' dir='ltr'><strong>Πῶς</strong></span> <span class='ocrx_word' id='word_1_425' title='bbox 765 1757 819 1792; x_wconf 82' lang='grc' dir='ltr'><strong>γὰρ</strong></span> <span class='ocrx_word' id='word_1_426' title='bbox 839 1757 870 1784; x_wconf 74' lang='grc' dir='ltr'><strong>τὸ</strong></span> 
     </span>
    </p>
   </div>
   <div class='ocr_carea' id='block_1_55' title="bbox 92 1801 870 1838">
    <p class='ocr_par' dir='ltr' id='par_1_55' title="bbox 92 1801 870 1838">
     <span class='ocr_line' id='line_1_55' title="bbox 92 1801 870 1838; baseline -0.001 -10"><span class='ocrx_word' id='word_1_427' title='bbox 92 1803 115 1828; x_wconf 83' lang='grc' dir='ltr'>ὲν</span> <span class='ocrx_word' id='word_1_428' title='bbox 127 1805 156 1837; x_wconf 77' lang='grc' dir='ltr'><strong>τῇ</strong></span> <span class='ocrx_word' id='word_1_429' title='bbox 171 1804 241 1838; x_wconf 77' lang='grc' dir='ltr'><strong>ἀρχῇ</strong></span> <span class='ocrx_word' id='word_1_430' title='bbox 265 1801 305 1833; x_wconf 79' lang='grc' dir='ltr'><strong>ὃν,</strong></span> <span class='ocrx_word' id='word_1_431' title='bbox 321 1801 370 1836; x_wconf 74' lang='grc' dir='ltr'>τῆς</span> <span class='ocrx_word' id='word_1_432' title='bbox 383 1801 470 1837; x_wconf 74' lang='grc' dir='ltr'>ἀρχῆς</span> <span class='ocrx_word' id='word_1_433' title='bbox 483 1801 696 1837; x_wconf 83' lang='grc' dir='ltr'>χωρισθήσεται;</span> <span class='ocrx_word' id='word_1_434' title='bbox 713 1801 774 1833; x_wconf 85' lang='grc' dir='ltr'><strong>Πῶς</strong></span> <span class='ocrx_word' id='word_1_435' title='bbox 788 1801 814 1827; x_wconf 83' lang='grc' dir='ltr'>δέ</span> <span class='ocrx_word' id='word_1_436' title='bbox 827 1810 870 1833; x_wconf 84' lang='grc' dir='ltr'><strong>τις</strong></span> 
     </span>
    </p>
   </div>
   <div class='ocr_carea' id='block_1_56' title="bbox 91 1844 870 1882">
    <p class='ocr_par' dir='ltr' id='par_1_56' title="bbox 91 1844 870 1882">
     <span class='ocr_line' id='line_1_56' title="bbox 91 1844 870 1882; baseline -0.003 -7"><span class='ocrx_word' id='word_1_437' title='bbox 91 1848 116 1874; x_wconf 77' lang='grc' dir='ltr'>τὸ</span> <span class='ocrx_word' id='word_1_438' title='bbox 129 1850 178 1875; x_wconf 77' lang='grc' dir='ltr'><strong>οὐκ</strong></span> <span class='ocrx_word' id='word_1_439' title='bbox 192 1846 243 1882; x_wconf 79' lang='grc' dir='ltr'><strong>ἦν.</strong></span> <span class='ocrx_word' id='word_1_440' title='bbox 265 1847 456 1882; x_wconf 83' lang='grc' dir='ltr'>προεπινοήσει</span> <span class='ocrx_word' id='word_1_441' title='bbox 471 1846 518 1872; x_wconf 88' lang='grc' dir='ltr'>τοῦ</span> <span class='ocrx_word' id='word_1_442' title='bbox 538 1844 594 1881; x_wconf 76' lang='grc' dir='ltr'><strong>ἦγ;</strong></span> <span class='ocrx_word' id='word_1_443' title='bbox 625 1847 698 1878; x_wconf 78' lang='grc' dir='ltr'>ὅπως</span> <span class='ocrx_word' id='word_1_444' title='bbox 712 1846 766 1882; x_wconf 87' lang='grc' dir='ltr'><strong>γὰρ</strong></span> <span class='ocrx_word' id='word_1_445' title='bbox 782 1847 814 1873; x_wconf 78' lang='grc' dir='ltr'>ἄν</span> <span class='ocrx_word' id='word_1_446' title='bbox 829 1855 870 1878; x_wconf 83' lang='grc' dir='ltr'><strong>τις</strong></span> 
     </span>
    </p>
   </div>
   <div class='ocr_carea' id='block_1_57' title="bbox 93 1891 870 1928">
    <p class='ocr_par' dir='ltr' id='par_1_57' title="bbox 93 1891 870 1928">
     <span class='ocr_line' id='line_1_57' title="bbox 93 1891 870 1928; baseline -0.003 -8"><span class='ocrx_word' id='word_1_447' title='bbox 93 1893 224 1928; x_wconf 81' lang='grc' dir='ltr'>ἀναγαγὼν</span> <span class='ocrx_word' id='word_1_448' title='bbox 242 1891 345 1919; x_wconf 71' lang='grc' dir='ltr'>ἑαυτοῦ</span> <span class='ocrx_word' id='word_1_449' title='bbox 369 1891 416 1927; x_wconf 74' lang='grc' dir='ltr'>τὴν</span> <span class='ocrx_word' id='word_1_450' title='bbox 430 1892 547 1918; x_wconf 80' lang='grc' dir='ltr'>διάνοιαν</span> <span class='ocrx_word' id='word_1_451' title='bbox 561 1892 628 1927; x_wconf 78' lang='grc' dir='ltr'>πρὸς</span> <span class='ocrx_word' id='word_1_452' title='bbox 644 1892 693 1927; x_wconf 87' lang='grc' dir='ltr'>τὴν</span> <span class='ocrx_word' id='word_1_453' title='bbox 709 1892 870 1927; x_wconf 80' lang='grc' dir='ltr'>κατανόησιν</span> 
     </span>
    </p>
   </div>
   <div class='ocr_carea' id='block_1_58' title="bbox 93 1937 871 1975">
    <p class='ocr_par' dir='ltr' id='par_1_58' title="bbox 93 1937 871 1975">
     <span class='ocr_line' id='line_1_58' title="bbox 93 1937 871 1975; baseline -0.004 -9"><span class='ocrx_word' id='word_1_454' title='bbox 93 1940 133 1974; x_wconf 75' lang='grc' dir='ltr'><strong>τῆς</strong></span> <span class='ocrx_word' id='word_1_455' title='bbox 155 1940 238 1975; x_wconf 74' lang='grc' dir='ltr'><strong>ἀρχῆς,</strong></span> <span class='ocrx_word' id='word_1_456' title='bbox 270 1938 425 1973; x_wconf 83' lang='grc' dir='ltr'>ὑπερτείνῃ,</span> <span class='ocrx_word' id='word_1_457' title='bbox 452 1938 628 1971; x_wconf 83' lang='grc' dir='ltr'>συγκατανοεί</span> <span class='ocrx_word' id='word_1_458' title='bbox 649 1938 757 1968; x_wconf 84' lang='grc' dir='ltr'>πάντως</span> <span class='ocrx_word' id='word_1_459' title='bbox 779 1937 824 1963; x_wconf 85' lang='grc' dir='ltr'>τὸν</span> <span class='ocrx_word' id='word_1_460' title='bbox 842 1937 871 1963; x_wconf 83' lang='grc' dir='ltr'>ὲν</span> 
     </span>
    </p>
   </div>
   <div class='ocr_carea' id='block_1_59' title="bbox 94 1981 871 2021">
    <p class='ocr_par' dir='ltr' id='par_1_59' title="bbox 94 1981 871 2021">
     <span class='ocr_line' id='line_1_59' title="bbox 94 1981 871 2021; baseline -0.004 -8"><span class='ocrx_word' id='word_1_461' title='bbox 94 1986 150 2021; x_wconf 64' lang='grc' dir='ltr'>αὐτῇ</span> <span class='ocrx_word' id='word_1_462' title='bbox 164 1986 227 2012; x_wconf 76' lang='grc' dir='ltr'>ὂντα</span> <span class='ocrx_word' id='word_1_463' title='bbox 245 1984 337 2018; x_wconf 81' lang='grc' dir='ltr'>Λόγον</span> <span class='ocrx_word' id='word_1_464' title='bbox 352 1984 518 2018; x_wconf 77' lang='grc' dir='ltr'>χωρισθῆναι</span> <span class='ocrx_word' id='word_1_465' title='bbox 532 1983 581 2018; x_wconf 83' lang='grc' dir='ltr'>τῆς</span> <span class='ocrx_word' id='word_1_466' title='bbox 601 1984 629 2009; x_wconf 77' lang='grc' dir='ltr'>ἐν</span> <span class='ocrx_word' id='word_1_467' title='bbox 690 1984 763 2010; x_wconf 76' lang='grc' dir='ltr'>ἐστιν</span> <span class='ocrx_word' id='word_1_468' title='bbox 783 1983 871 2019; x_wconf 82' lang='grc' dir='ltr'>ἀρχῆς</span> 
     </span>
    </p>
   </div>
   <div class='ocr_carea' id='block_1_60' title="bbox 96 2028 869 2067">
    <p class='ocr_par' dir='ltr' id='par_1_60' title="bbox 96 2028 869 2067">
     <span class='ocr_line' id='line_1_60' title="bbox 96 2028 869 2067; baseline -0.003 -9"><span class='ocrx_word' id='word_1_469' title='bbox 96 2032 126 2067; x_wconf 81' lang='grc' dir='ltr'>μὴ</span> <span class='ocrx_word' id='word_1_470' title='bbox 136 2032 294 2065; x_wconf 71' lang='grc' dir='ltr'>δυνάμενον,</span> <span class='ocrx_word' id='word_1_471' title='bbox 308 2029 435 2056; x_wconf 69' lang='grc' dir='ltr'>οὐδέποτε</span> <span class='ocrx_word' id='word_1_472' title='bbox 448 2029 494 2056; x_wconf 78' lang='grc' dir='ltr'>τοῦ</span> <span class='ocrx_word' id='word_1_473' title='bbox 510 2031 538 2056; x_wconf 74' lang='grc' dir='ltr'>ἐν</span> <span class='ocrx_word' id='word_1_474' title='bbox 549 2030 615 2065; x_wconf 83' lang='grc' dir='ltr'>αὐτῇ</span> <span class='ocrx_word' id='word_1_475' title='bbox 633 2028 700 2056; x_wconf 75' lang='grc' dir='ltr'>εἶναι</span> <span class='ocrx_word' id='word_1_476' title='bbox 715 2029 776 2056; x_wconf 68' lang='grc' dir='ltr'>οὔτε</span> <span class='ocrx_word' id='word_1_477' title='bbox 788 2031 869 2065; x_wconf 83' lang='grc' dir='ltr'>ἀρχό-</span> 
     </span>
    </p>
   </div>
   <div class='ocr_carea' id='block_1_61' title="bbox 97 2075 871 2112">
    <p class='ocr_par' dir='ltr' id='par_1_61' title="bbox 97 2075 871 2112">
     <span class='ocr_line' id='line_1_61' title="bbox 97 2075 871 2112; baseline -0.001 -9"><span class='ocrx_word' id='word_1_478' title='bbox 97 2086 174 2112; x_wconf 83' lang='grc' dir='ltr'>μενον,</span> <span class='ocrx_word' id='word_1_479' title='bbox 185 2077 247 2103; x_wconf 73' lang='grc' dir='ltr'>οὔτε</span> <span class='ocrx_word' id='word_1_480' title='bbox 261 2076 427 2110; x_wconf 78' lang='grc' dir='ltr'>παυόμενον.</span> <span class='ocrx_word' id='word_1_481' title='bbox 444 2076 546 2110; x_wconf 76' lang='grc' dir='ltr'>Μηδεὶς</span> <span class='ocrx_word' id='word_1_482' title='bbox 561 2075 589 2101; x_wconf 82' lang='grc' dir='ltr'>δὲ</span> <span class='ocrx_word' id='word_1_483' title='bbox 604 2076 646 2102; x_wconf 86' lang='grc' dir='ltr'><strong>διὰ</strong></span> <span class='ocrx_word' id='word_1_484' title='bbox 657 2076 758 2102; x_wconf 85' lang='grc' dir='ltr'>τούτων</span> <span class='ocrx_word' id='word_1_485' title='bbox 772 2077 812 2108; x_wconf 81' lang='grc' dir='ltr'><strong>είς</strong></span> <span class='ocrx_word' id='word_1_486' title='bbox 824 2076 871 2103; x_wconf 87' lang='grc' dir='ltr'>δύο</span> 
     </span>
    </p>
   </div>
   <div class='ocr_carea' id='block_1_62' title="bbox 96 2121 872 2158">
    <p class='ocr_par' dir='ltr' id='par_1_62' title="bbox 96 2121 872 2158">
     <span class='ocr_line' id='line_1_62' title="bbox 96 2121 872 2158; baseline 0 -9"><span class='ocrx_word' id='word_1_487' title='bbox 96 2124 169 2158; x_wconf 76' lang='grc' dir='ltr'>ἀρχὰς</span> <span class='ocrx_word' id='word_1_488' title='bbox 182 2122 349 2158; x_wconf 66' lang='grc' dir='ltr'>διασχίζετω</span> <span class='ocrx_word' id='word_1_489' title='bbox 364 2122 394 2148; x_wconf 73' lang='grc' dir='ltr'><strong>τὸ</strong></span> <span class='ocrx_word' id='word_1_490' title='bbox 415 2121 511 2156; x_wconf 84' lang='grc' dir='ltr'>δόγμα.</span> <span class='ocrx_word' id='word_1_491' title='bbox 532 2122 588 2148; x_wconf 88' lang='grc' dir='ltr'><strong>Μία</strong></span> <span class='ocrx_word' id='word_1_492' title='bbox 607 2123 660 2158; x_wconf 74' lang='grc' dir='ltr'>γάρ</span> <span class='ocrx_word' id='word_1_493' title='bbox 675 2123 746 2148; x_wconf 73' lang='grc' dir='ltr'>ἐστιν</span> <span class='ocrx_word' id='word_1_494' title='bbox 757 2122 794 2154; x_wconf 84' lang='grc' dir='ltr'>ὡς</span> <span class='ocrx_word' id='word_1_495' title='bbox 806 2122 872 2158; x_wconf 82' lang='grc' dir='ltr'><strong>ἀλη-</strong></span> 
     </span>
    </p>
   </div>
   <div class='ocr_carea' id='block_1_63' title="bbox 97 2166 872 2205">
    <p class='ocr_par' dir='ltr' id='par_1_63' title="bbox 97 2166 872 2205">
     <span class='ocr_line' id='line_1_63' title="bbox 97 2166 872 2205; baseline -0.001 -9"><span class='ocrx_word' id='word_1_496' title='bbox 97 2169 167 2205; x_wconf 77' lang='grc' dir='ltr'><strong>θῶςή</strong></span> <span class='ocrx_word' id='word_1_497' title='bbox 181 2170 264 2204; x_wconf 80' lang='grc' dir='ltr'>ἀρχὴ,</span> <span class='ocrx_word' id='word_1_498' title='bbox 308 2168 464 2203; x_wconf 77' lang='grc' dir='ltr'>ὰχωρίστως</span> <span class='ocrx_word' id='word_1_499' title='bbox 481 2167 652 2204; x_wconf 63' lang='grc' dir='ltr'>ἐνοεωρείται</span> <span class='ocrx_word' id='word_1_500' title='bbox 665 2168 679 2194; x_wconf 85' lang='grc' dir='ltr'><strong>ό</strong></span> <span class='ocrx_word' id='word_1_501' title='bbox 693 2167 788 2201; x_wconf 76' lang='grc' dir='ltr'>Λόγος,</span> <span class='ocrx_word' id='word_1_502' title='bbox 803 2168 817 2194; x_wconf 77' lang='grc' dir='ltr'><em>ὸ</em></span> <span class='ocrx_word' id='word_1_503' title='bbox 828 2168 872 2195; x_wconf 84' lang='grc' dir='ltr'>διὰ</span> 
     </span>
    </p>
   </div>
   <div class='ocr_carea' id='block_1_64' title="bbox 97 2212 871 2251">
    <p class='ocr_par' dir='ltr' id='par_1_64' title="bbox 97 2212 871 2251">
     <span class='ocr_line' id='line_1_64' title="bbox 97 2212 871 2251; baseline -0.003 -9"><span class='ocrx_word' id='word_1_504' title='bbox 97 2216 194 2242; x_wconf 77' lang='grc' dir='ltr'>πάντων</span> <span class='ocrx_word' id='word_1_505' title='bbox 212 2215 284 2251; x_wconf 78' lang='grc' dir='ltr'>πρὸς</span> <span class='ocrx_word' id='word_1_506' title='bbox 298 2214 343 2240; x_wconf 77' lang='grc' dir='ltr'>τὸν</span> <span class='ocrx_word' id='word_1_507' title='bbox 357 2213 465 2248; x_wconf 80' lang='grc' dir='ltr'>Πατέρα</span> <span class='ocrx_word' id='word_1_508' title='bbox 484 2213 630 2248; x_wconf 81' lang='grc' dir='ltr'>ἡνωμένος.</span> <span class='ocrx_word' id='word_1_509' title='bbox 657 2212 749 2239; x_wconf 82' lang='grc' dir='ltr'>Ταῦτα</span> <span class='ocrx_word' id='word_1_510' title='bbox 766 2213 871 2248; x_wconf 78' lang='grc' dir='ltr'>φρονῶν</span> 
     </span>
    </p>
   </div>
   <div class='ocr_carea' id='block_1_65' title="bbox 914 940 1696 976">
    <p class='ocr_par' dir='ltr' id='par_1_65' title="bbox 914 940 1696 976">
     <span class='ocr_line' id='line_1_65' title="bbox 914 940 1696 976; baseline -0.003 -7"><span class='ocrx_word' id='word_1_511' title='bbox 914 943 996 969; x_wconf 84' lang='lat' dir='ltr'><strong>verbo</strong></span> <span class='ocrx_word' id='word_1_512' title='bbox 1010 944 1045 969; x_wconf 90' lang='lat' dir='ltr'><strong>sit</strong></span> <span class='ocrx_word' id='word_1_513' title='bbox 1074 942 1319 969; x_wconf 86' lang='lat' dir='ltr'><strong>accommodatum.</strong></span> <span class='ocrx_word' id='word_1_514' title='bbox 1335 941 1399 968; x_wconf 78' lang='lat' dir='ltr'><strong>Nam</strong></span> <span class='ocrx_word' id='word_1_515' title='bbox 1425 949 1540 976; x_wconf 84' lang='lat' dir='ltr'><strong>magnus</strong></span> <span class='ocrx_word' id='word_1_516' title='bbox 1556 940 1638 967; x_wconf 84' lang='lat' dir='ltr'><strong>David</strong></span> <span class='ocrx_word' id='word_1_517' title='bbox 1649 941 1696 975; x_wconf 90' lang='lat' dir='ltr'><strong>ju-</strong></span> 
     </span>
    </p>
   </div>
   <div class='ocr_carea' id='block_1_66' title="bbox 915 985 1696 1023">
    <p class='ocr_par' dir='ltr' id='par_1_66' title="bbox 915 985 1696 1023">
     <span class='ocr_line' id='line_1_66' title="bbox 915 985 1696 1023; baseline -0.003 -9"><span class='ocrx_word' id='word_1_518' title='bbox 915 988 1018 1014; x_wconf 85' lang='lat' dir='ltr'><strong>stitiam</strong></span> <span class='ocrx_word' id='word_1_519' title='bbox 1037 988 1083 1014; x_wconf 83' lang='lat' dir='ltr'><strong>Dei</strong></span> <span class='ocrx_word' id='word_1_520' title='bbox 1096 991 1204 1014; x_wconf 79' lang='lat' dir='ltr'><strong>montes</strong></span> <span class='ocrx_word' id='word_1_521' title='bbox 1234 987 1366 1016; x_wconf 75' lang='lat' dir='ltr'><strong>nominat.</strong></span> <span class='ocrx_word' id='word_1_522' title='bbox 1382 987 1494 1023; x_wconf 83' lang='lat' dir='ltr'><strong>abyssos</strong></span> <span class='ocrx_word' id='word_1_523' title='bbox 1506 994 1570 1013; x_wconf 87' lang='lat' dir='ltr'><strong>vero</strong></span> <span class='ocrx_word' id='word_1_524' title='bbox 1581 985 1696 1021; x_wconf 82' lang='lat' dir='ltr'><strong>judicia.</strong></span> 
     </span>
    </p>
   </div>
   <div class='ocr_carea' id='block_1_67' title="bbox 916 1032 1698 1066">
    <p class='ocr_par' dir='ltr' id='par_1_67' title="bbox 916 1032 1698 1066">
     <span class='ocr_line' id='line_1_67' title="bbox 916 1032 1698 1066; baseline -0.004 -6"><span class='ocrx_word' id='word_1_525' title='bbox 916 1033 1004 1061; x_wconf 82' lang='lat' dir='ltr'><strong>fontes</strong></span> <span class='ocrx_word' id='word_1_526' title='bbox 1016 1037 1105 1060; x_wconf 90' lang='lat' dir='ltr'><strong>autem</strong></span> <span class='ocrx_word' id='word_1_527' title='bbox 1121 1033 1246 1061; x_wconf 85' lang='lat' dir='ltr'><strong>doctores</strong></span> <span class='ocrx_word' id='word_1_528' title='bbox 1260 1035 1286 1060; x_wconf 90' lang='lat' dir='ltr'><strong>in</strong></span> <span class='ocrx_word' id='word_1_529' title='bbox 1312 1034 1439 1061; x_wconf 85' lang='lat' dir='ltr'><strong>Ecclesiis</strong></span> <span class='ocrx_word' id='word_1_530' title='bbox 1451 1043 1458 1066; x_wconf 85' lang='lat'><strong>;</strong></span> <span class='ocrx_word' id='word_1_531' title='bbox 1471 1033 1565 1060; x_wconf 78' lang='lat' dir='ltr'><strong>dicens</strong></span> <span class='ocrx_word' id='word_1_532' title='bbox 1582 1042 1588 1060; x_wconf 91' lang='lat'>:</span> <span class='ocrx_word' id='word_1_533' title='bbox 1615 1032 1698 1059; x_wconf 84' lang='lat' dir='ltr'><strong>Bene-</strong></span> 
     </span>
    </p>
   </div>
   <div class='ocr_carea' id='block_1_68' title="bbox 919 1078 1698 1113">
    <p class='ocr_par' dir='ltr' id='par_1_68' title="bbox 919 1078 1698 1113">
     <span class='ocr_line' id='line_1_68' title="bbox 919 1078 1698 1113; baseline -0.001 -9"><span class='ocrx_word' id='word_1_534' title='bbox 919 1079 998 1105; x_wconf 84' lang='lat' dir='ltr'><strong>dicite</strong></span> <span class='ocrx_word' id='word_1_535' title='bbox 1012 1079 1065 1106; x_wconf 87' lang='lat' dir='ltr'><strong>Deo</strong></span> <span class='ocrx_word' id='word_1_536' title='bbox 1081 1079 1194 1105; x_wconf 80' lang='lat' dir='ltr'><strong>Domino</strong></span> <span class='ocrx_word' id='word_1_537' title='bbox 1209 1087 1241 1105; x_wconf 69' lang='lat' dir='ltr'><strong>ex</strong></span> <span class='ocrx_word' id='word_1_538' title='bbox 1254 1079 1370 1113; x_wconf 72' lang='lat' dir='ltr'><strong>[antibus</strong></span> <span class='ocrx_word' id='word_1_539' title='bbox 1382 1078 1468 1105; x_wconf 83' lang='lat' dir='ltr'><strong>Israel</strong></span> <span class='ocrx_word' id='word_1_540' title='bbox 1481 1079 1514 1105; x_wconf 81' lang='lat'><strong>&quot;.</strong></span> <span class='ocrx_word' id='word_1_541' title='bbox 1525 1078 1615 1104; x_wconf 84' lang='lat' dir='ltr'><strong>Colles</strong></span> <span class='ocrx_word' id='word_1_542' title='bbox 1634 1083 1698 1103; x_wconf 88' lang='lat' dir='ltr'><strong>vero</strong></span> 
     </span>
    </p>
   </div>
   <div class='ocr_carea' id='block_1_69' title="bbox 919 1124 1696 1159">
    <p class='ocr_par' dir='ltr' id='par_1_69' title="bbox 919 1124 1696 1159">
     <span class='ocr_line' id='line_1_69' title="bbox 919 1124 1696 1159; baseline -0.001 -8"><span class='ocrx_word' id='word_1_543' title='bbox 919 1125 1118 1156; x_wconf 86' lang='lat' dir='ltr'><strong>innocentiam,</strong></span> <span class='ocrx_word' id='word_1_544' title='bbox 1147 1132 1227 1158; x_wconf 89' lang='lat' dir='ltr'><strong>quam</strong></span> <span class='ocrx_word' id='word_1_545' title='bbox 1250 1132 1297 1158; x_wconf 90' lang='lat' dir='ltr'><strong>per</strong></span> <span class='ocrx_word' id='word_1_546' title='bbox 1322 1132 1452 1159; x_wconf 75' lang='lat' dir='ltr'><strong>agnorum</strong></span> <span class='ocrx_word' id='word_1_547' title='bbox 1484 1124 1696 1150; x_wconf 77' lang='lat' dir='ltr'><strong>exsultationem</strong></span> 
     </span>
    </p>
   </div>
   <div class='ocr_carea' id='block_1_70' title="bbox 915 1169 1699 1203">
    <p class='ocr_par' dir='ltr' id='par_1_70' title="bbox 915 1169 1699 1203">
     <span class='ocr_line' id='line_1_70' title="bbox 915 1169 1699 1203; baseline -0.003 -6"><span class='ocrx_word' id='word_1_548' title='bbox 915 1170 1121 1197; x_wconf 78' lang='lat' dir='ltr'><strong>demonstravit.</strong></span> <span class='ocrx_word' id='word_1_549' title='bbox 1150 1170 1220 1198; x_wconf 78' lang='lat' dir='ltr'><strong>Aule</strong></span> <span class='ocrx_word' id='word_1_550' title='bbox 1235 1170 1291 1197; x_wconf 68' lang='lat' dir='ltr'><strong>haec</strong></span> <span class='ocrx_word' id='word_1_551' title='bbox 1303 1170 1384 1203; x_wconf 77' lang='lat' dir='ltr'><strong>igitur</strong></span> <span class='ocrx_word' id='word_1_552' title='bbox 1407 1169 1434 1196; x_wconf 91' lang='lat' dir='ltr'><strong>in</strong></span> <span class='ocrx_word' id='word_1_553' title='bbox 1450 1170 1530 1196; x_wconf 89' lang='lat' dir='ltr'><strong>nobis</strong></span> <span class='ocrx_word' id='word_1_554' title='bbox 1554 1173 1699 1203; x_wconf 83' lang='lat' dir='ltr'><strong>generatur</strong></span> 
     </span>
    </p>
   </div>
   <div class='ocr_carea' id='block_1_71' title="bbox 915 1213 1698 1249">
    <p class='ocr_par' dir='ltr' id='par_1_71' title="bbox 915 1213 1698 1249">
     <span class='ocr_line' id='line_1_71' title="bbox 915 1213 1698 1249; baseline -0.001 -9"><span class='ocrx_word' id='word_1_555' title='bbox 915 1214 960 1241; x_wconf 90' lang='lat' dir='ltr'><strong>ille</strong></span> <span class='ocrx_word' id='word_1_556' title='bbox 975 1214 1021 1249; x_wconf 88' lang='lat' dir='ltr'><strong>qui</strong></span> <span class='ocrx_word' id='word_1_557' title='bbox 1040 1219 1149 1249; x_wconf 87' lang='lat' dir='ltr'><strong>propter</strong></span> <span class='ocrx_word' id='word_1_558' title='bbox 1161 1222 1210 1240; x_wconf 92' lang='lat' dir='ltr'><strong>nos</strong></span> <span class='ocrx_word' id='word_1_559' title='bbox 1228 1218 1336 1241; x_wconf 87' lang='lat' dir='ltr'><strong>creatus</strong></span> <span class='ocrx_word' id='word_1_560' title='bbox 1353 1217 1395 1240; x_wconf 85' lang='lat' dir='ltr'><strong>est</strong></span> <span class='ocrx_word' id='word_1_561' title='bbox 1409 1214 1499 1244; x_wconf 88' lang='lat' dir='ltr'><strong>homo,</strong></span> <span class='ocrx_word' id='word_1_562' title='bbox 1517 1217 1545 1239; x_wconf 91' lang='lat' dir='ltr'><strong>ut</strong></span> <span class='ocrx_word' id='word_1_563' title='bbox 1559 1217 1586 1239; x_wconf 93' lang='lat' dir='ltr'><strong>et</strong></span> <span class='ocrx_word' id='word_1_564' title='bbox 1603 1213 1698 1239; x_wconf 87' lang='lat' dir='ltr'><strong>talium</strong></span> 
     </span>
    </p>
   </div>
   <div class='ocr_carea' id='block_1_72' title="bbox 914 1257 1699 1286">
    <p class='ocr_par' dir='ltr' id='par_1_72' title="bbox 914 1257 1699 1286">
     <span class='ocr_line' id='line_1_72' title="bbox 914 1257 1699 1286; baseline 0 -1"><span class='ocrx_word' id='word_1_565' title='bbox 914 1262 1039 1286; x_wconf 88' lang='lat' dir='ltr'><strong>creatura</strong></span> <span class='ocrx_word' id='word_1_566' title='bbox 1051 1259 1078 1285; x_wconf 92' lang='lat' dir='ltr'><strong>in</strong></span> <span class='ocrx_word' id='word_1_567' title='bbox 1098 1259 1177 1285; x_wconf 90' lang='lat' dir='ltr'><strong>nobis</strong></span> <span class='ocrx_word' id='word_1_568' title='bbox 1192 1259 1281 1285; x_wconf 90' lang='lat' dir='ltr'><strong>locum</strong></span> <span class='ocrx_word' id='word_1_569' title='bbox 1298 1258 1428 1285; x_wconf 87' lang='lat' dir='ltr'><strong>inveniat.</strong></span> <span class='ocrx_word' id='word_1_570' title='bbox 1452 1257 1505 1285; x_wconf 88' lang='lat' dir='ltr'><strong>Sed</strong></span> <span class='ocrx_word' id='word_1_571' title='bbox 1521 1258 1555 1285; x_wconf 88' lang='lat' dir='ltr'><strong>de</strong></span> <span class='ocrx_word' id='word_1_572' title='bbox 1573 1258 1615 1286; x_wconf 84' lang='lat' dir='ltr'><strong>bis</strong></span> <span class='ocrx_word' id='word_1_573' title='bbox 1641 1259 1699 1285; x_wconf 91' lang='lat' dir='ltr'><strong>dis-</strong></span> 
     </span>
    </p>
   </div>
   <div class='ocr_carea' id='block_1_73' title="bbox 915 1303 1700 1338">
    <p class='ocr_par' dir='ltr' id='par_1_73' title="bbox 915 1303 1700 1338">
     <span class='ocr_line' id='line_1_73' title="bbox 915 1303 1700 1338; baseline 0.001 -8"><span class='ocrx_word' id='word_1_574' title='bbox 915 1303 1083 1338; x_wconf 86' lang='lat' dir='ltr'><strong>putationem</strong></span> <span class='ocrx_word' id='word_1_575' title='bbox 1097 1303 1312 1338; x_wconf 70' lang='lat' dir='ltr'><strong>praetereundam</strong></span> <span class='ocrx_word' id='word_1_576' title='bbox 1328 1311 1389 1331; x_wconf 87' lang='lat' dir='ltr'><strong>esse</strong></span> <span class='ocrx_word' id='word_1_577' title='bbox 1402 1303 1519 1330; x_wconf 89' lang='lat' dir='ltr'><strong>arbitror</strong></span> <span class='ocrx_word' id='word_1_578' title='bbox 1527 1324 1540 1336; x_wconf 94' lang='lat'><strong>,_</strong></span> <span class='ocrx_word' id='word_1_579' title='bbox 1553 1312 1614 1330; x_wconf 85' lang='lat' dir='ltr'><strong>cum</strong></span> <span class='ocrx_word' id='word_1_580' title='bbox 1632 1305 1700 1332; x_wconf 82' lang='lat' dir='ltr'><strong>satis</strong></span> 
     </span>
    </p>
   </div>
   <div class='ocr_carea' id='block_1_74' title="bbox 913 1348 1700 1383">
    <p class='ocr_par' dir='ltr' id='par_1_74' title="bbox 913 1348 1700 1383">
     <span class='ocr_line' id='line_1_74' title="bbox 913 1348 1700 1383; baseline 0.001 -8"><span class='ocrx_word' id='word_1_581' title='bbox 913 1348 1020 1375; x_wconf 79' lang='lat' dir='ltr'><strong>abunde</strong></span> <span class='ocrx_word' id='word_1_582' title='bbox 1041 1349 1191 1383; x_wconf 62' lang='lat' dir='ltr'><strong>praesertim</strong></span> <span class='ocrx_word' id='word_1_583' title='bbox 1217 1349 1302 1383; x_wconf 72' lang='lat' dir='ltr'><strong>aequis</strong></span> <span class='ocrx_word' id='word_1_584' title='bbox 1324 1353 1351 1376; x_wconf 92' lang='lat' dir='ltr'><strong>et</strong></span> <span class='ocrx_word' id='word_1_585' title='bbox 1383 1349 1507 1377; x_wconf 83' lang='lat' dir='ltr'><strong>candidis</strong></span> <span class='ocrx_word' id='word_1_586' title='bbox 1527 1350 1700 1377; x_wconf 78' lang='lat' dir='ltr'><strong>auditoribus</strong></span> 
     </span>
    </p>
   </div>
   <div class='ocr_carea' id='block_1_75' title="bbox 913 1394 1388 1429">
    <p class='ocr_par' dir='ltr' id='par_1_75' title="bbox 913 1394 1388 1429">
     <span class='ocr_line' id='line_1_75' title="bbox 913 1394 1388 1429; baseline 0.002 -8"><span class='ocrx_word' id='word_1_587' title='bbox 913 1394 948 1422; x_wconf 94' lang='lat' dir='ltr'><strong>sit</strong></span> <span class='ocrx_word' id='word_1_588' title='bbox 968 1394 1062 1429; x_wconf 89' lang='lat' dir='ltr'><strong>paucis</strong></span> <span class='ocrx_word' id='word_1_589' title='bbox 1078 1394 1262 1421; x_wconf 78' lang='lat' dir='ltr'><strong>demonstrata</strong></span> <span class='ocrx_word' id='word_1_590' title='bbox 1279 1394 1388 1422; x_wconf 89' lang='lat' dir='ltr'><strong>veritas.</strong></span> 
     </span>
    </p>
   </div>
   <div class='ocr_carea' id='block_1_76' title="bbox 950 1441 1701 1477">
    <p class='ocr_par' dir='ltr' id='par_1_76' title="bbox 950 1441 1701 1477">
     <span class='ocr_line' id='line_1_76' title="bbox 950 1441 1701 1477; baseline 0.003 -10"><span class='ocrx_word' id='word_1_591' title='bbox 950 1441 1040 1474; x_wconf 81' lang='lat' dir='ltr'><strong>Quare</strong></span> <span class='ocrx_word' id='word_1_592' title='bbox 1069 1442 1103 1468; x_wconf 89' lang='lat' dir='ltr'><strong>ad</strong></span> <span class='ocrx_word' id='word_1_593' title='bbox 1134 1441 1261 1468; x_wconf 86' lang='lat' dir='ltr'><strong>Eunomii</strong></span> <span class='ocrx_word' id='word_1_594' title='bbox 1295 1449 1356 1476; x_wconf 67' lang='lat' dir='ltr'><strong>quae</strong></span> <span class='ocrx_word' id='word_1_595' title='bbox 1385 1442 1514 1477; x_wconf 79' lang='lat' dir='ltr'><strong>deinceps</strong></span> <span class='ocrx_word' id='word_1_596' title='bbox 1551 1448 1701 1476; x_wconf 87' lang='lat' dir='ltr'><strong>sequuntur</strong></span> 
     </span>
    </p>
   </div>
   <div class='ocr_carea' id='block_1_77' title="bbox 916 1484 1700 1521">
    <p class='ocr_par' dir='ltr' id='par_1_77' title="bbox 916 1484 1700 1521">
     <span class='ocr_line' id='line_1_77' title="bbox 916 1484 1700 1521; baseline 0 -8"><span class='ocrx_word' id='word_1_597' title='bbox 916 1486 996 1513; x_wconf 89' lang='lat' dir='ltr'><strong>verba</strong></span> <span class='ocrx_word' id='word_1_598' title='bbox 1018 1493 1172 1520; x_wconf 81' lang='lat' dir='ltr'><strong>pergamus.</strong></span> <span class='ocrx_word' id='word_1_599' title='bbox 1219 1484 1251 1511; x_wconf 86' lang='lat' dir='ltr'><strong>In</strong></span> <span class='ocrx_word' id='word_1_600' title='bbox 1273 1486 1411 1520; x_wconf 82' lang='lat' dir='ltr'><strong>principio,</strong></span> <span class='ocrx_word' id='word_1_601' title='bbox 1437 1486 1534 1521; x_wconf 87' lang='lat' dir='ltr'><strong>inquit,</strong></span> <span class='ocrx_word' id='word_1_602' title='bbox 1564 1486 1605 1521; x_wconf 75' lang='lat' dir='ltr'><strong>qui</strong></span> <span class='ocrx_word' id='word_1_603' title='bbox 1632 1491 1700 1519; x_wconf 81' lang='lat' dir='ltr'><strong>erat,</strong></span> 
     </span>
    </p>
   </div>
   <div class='ocr_carea' id='block_1_78' title="bbox 917 1530 1701 1566">
    <p class='ocr_par' dir='ltr' id='par_1_78' title="bbox 917 1530 1701 1566">
     <span class='ocr_line' id='line_1_78' title="bbox 917 1530 1701 1566; baseline 0.001 -8"><span class='ocrx_word' id='word_1_604' title='bbox 917 1535 1068 1558; x_wconf 81' lang='lat' dir='ltr'><strong>nontamen</strong></span> <span class='ocrx_word' id='word_1_605' title='bbox 1082 1531 1211 1566; x_wconf 82' lang='lat' dir='ltr'><strong>principio</strong></span> <span class='ocrx_word' id='word_1_606' title='bbox 1229 1536 1311 1558; x_wconf 85' lang='lat' dir='ltr'><strong>caret.</strong></span> <span class='ocrx_word' id='word_1_607' title='bbox 1339 1530 1482 1564; x_wconf 85' lang='lat' dir='ltr'><strong>Quomodo</strong></span> <span class='ocrx_word' id='word_1_608' title='bbox 1498 1532 1542 1558; x_wconf 86' lang='lat' dir='ltr'><strong>hic</strong></span> <span class='ocrx_word' id='word_1_609' title='bbox 1562 1531 1609 1559; x_wconf 86' lang='lat' dir='ltr'><strong>Dei</strong></span> <span class='ocrx_word' id='word_1_610' title='bbox 1620 1539 1701 1559; x_wconf 82' lang='lat' dir='ltr'><strong>voces</strong></span> 
     </span>
    </p>
   </div>
   <div class='ocr_carea' id='block_1_79' title="bbox 919 1575 1703 1611">
    <p class='ocr_par' dir='ltr' id='par_1_79' title="bbox 919 1575 1703 1611">
     <span class='ocr_line' id='line_1_79' title="bbox 919 1575 1703 1611; baseline 0.003 -9"><span class='ocrx_word' id='word_1_611' title='bbox 919 1575 1059 1611; x_wconf 77' lang='lat' dir='ltr'><strong>intelligit,</strong></span> <span class='ocrx_word' id='word_1_612' title='bbox 1075 1576 1120 1610; x_wconf 89' lang='lat' dir='ltr'><strong>qui</strong></span> <span class='ocrx_word' id='word_1_613' title='bbox 1132 1576 1308 1610; x_wconf 75' lang='lat' dir='ltr'><strong>intelligentia</strong></span> <span class='ocrx_word' id='word_1_614' title='bbox 1320 1576 1389 1603; x_wconf 85' lang='lat' dir='ltr'><strong>alios</strong></span> <span class='ocrx_word' id='word_1_615' title='bbox 1396 1584 1525 1611; x_wconf 89' lang='lat' dir='ltr'><strong>superare</strong></span> <span class='ocrx_word' id='word_1_616' title='bbox 1534 1577 1591 1604; x_wconf 90' lang='lat' dir='ltr'><strong>vult</strong></span> <span class='ocrx_word' id='word_1_617' title='bbox 1600 1577 1703 1604; x_wconf 74' lang='lat' dir='ltr'><strong>videri?</strong></span> 
     </span>
    </p>
   </div>
   <div class='ocr_carea' id='block_1_80' title="bbox 920 1620 1701 1657">
    <p class='ocr_par' dir='ltr' id='par_1_80' title="bbox 920 1620 1701 1657">
     <span class='ocr_line' id='line_1_80' title="bbox 920 1620 1701 1657; baseline 0.003 -9"><span class='ocrx_word' id='word_1_618' title='bbox 920 1620 988 1648; x_wconf 84' lang='lat' dir='ltr'><strong>Eum</strong></span> <span class='ocrx_word' id='word_1_619' title='bbox 1007 1621 1052 1656; x_wconf 87' lang='lat' dir='ltr'><strong>qui</strong></span> <span class='ocrx_word' id='word_1_620' title='bbox 1071 1625 1130 1648; x_wconf 87' lang='lat' dir='ltr'><strong>erat</strong></span> <span class='ocrx_word' id='word_1_621' title='bbox 1150 1620 1176 1647; x_wconf 91' lang='lat' dir='ltr'><strong>in</strong></span> <span class='ocrx_word' id='word_1_622' title='bbox 1196 1621 1340 1656; x_wconf 87' lang='lat' dir='ltr'><strong>principio,</strong></span> <span class='ocrx_word' id='word_1_623' title='bbox 1368 1622 1532 1657; x_wconf 88' lang='lat' dir='ltr'><strong>principium</strong></span> <span class='ocrx_word' id='word_1_624' title='bbox 1557 1622 1701 1650; x_wconf 83' lang='lat' dir='ltr'><strong>habentem</strong></span> 
     </span>
    </p>
   </div>
   <div class='ocr_carea' id='block_1_81' title="bbox 920 1666 1701 1704">
    <p class='ocr_par' dir='ltr' id='par_1_81' title="bbox 920 1666 1701 1704">
     <span class='ocr_line' id='line_1_81' title="bbox 920 1666 1701 1704; baseline 0.004 -11"><span class='ocrx_word' id='word_1_625' title='bbox 920 1668 1128 1702; x_wconf 84' lang='lat' dir='ltr'><strong>interpretatur.</strong></span> <span class='ocrx_word' id='word_1_626' title='bbox 1146 1666 1238 1694; x_wconf 87' lang='lat' dir='ltr'><strong>Nescit</strong></span> <span class='ocrx_word' id='word_1_627' title='bbox 1252 1667 1324 1701; x_wconf 91' lang='lat' dir='ltr'><strong>quod</strong></span> <span class='ocrx_word' id='word_1_628' title='bbox 1339 1667 1362 1694; x_wconf 91' lang='lat' dir='ltr'><strong>si</strong></span> <span class='ocrx_word' id='word_1_629' title='bbox 1375 1667 1420 1702; x_wconf 92' lang='lat' dir='ltr'><strong>qui</strong></span> <span class='ocrx_word' id='word_1_630' title='bbox 1439 1672 1498 1694; x_wconf 91' lang='lat' dir='ltr'><strong>erat</strong></span> <span class='ocrx_word' id='word_1_631' title='bbox 1511 1669 1537 1695; x_wconf 89' lang='lat' dir='ltr'><strong>in</strong></span> <span class='ocrx_word' id='word_1_632' title='bbox 1555 1668 1701 1704; x_wconf 84' lang='lat' dir='ltr'><strong>principio,</strong></span> 
     </span>
    </p>
   </div>
   <div class='ocr_carea' id='block_1_82' title="bbox 919 1713 1701 1749">
    <p class='ocr_par' dir='ltr' id='par_1_82' title="bbox 919 1713 1701 1749">
     <span class='ocr_line' id='line_1_82' title="bbox 919 1713 1701 1749; baseline 0.003 -9"><span class='ocrx_word' id='word_1_633' title='bbox 919 1713 1001 1740; x_wconf 89' lang='lat' dir='ltr'><strong>habet</strong></span> <span class='ocrx_word' id='word_1_634' title='bbox 1029 1713 1206 1748; x_wconf 89' lang='lat' dir='ltr'><strong>principium,</strong></span> <span class='ocrx_word' id='word_1_635' title='bbox 1233 1713 1327 1748; x_wconf 89' lang='lat' dir='ltr'><strong>procul</strong></span> <span class='ocrx_word' id='word_1_636' title='bbox 1345 1713 1427 1740; x_wconf 85' lang='lat' dir='ltr'><strong>dubio</strong></span> <span class='ocrx_word' id='word_1_637' title='bbox 1440 1714 1521 1740; x_wconf 79' lang='lat' dir='ltr'><strong>etiam</strong></span> <span class='ocrx_word' id='word_1_638' title='bbox 1539 1714 1701 1749; x_wconf 89' lang='lat' dir='ltr'><strong>principium</strong></span> 
     </span>
    </p>
   </div>
   <div class='ocr_carea' id='block_1_83' title="bbox 919 1758 1703 1794">
    <p class='ocr_par' dir='ltr' id='par_1_83' title="bbox 919 1758 1703 1794">
     <span class='ocr_line' id='line_1_83' title="bbox 919 1758 1703 1794; baseline 0.001 -9"><span class='ocrx_word' id='word_1_639' title='bbox 919 1758 991 1785; x_wconf 89' lang='lat' dir='ltr'><strong>aliud</strong></span> <span class='ocrx_word' id='word_1_640' title='bbox 1006 1759 1116 1785; x_wconf 85' lang='lat' dir='ltr'><strong>habebit</strong></span> <span class='ocrx_word' id='word_1_641' title='bbox 1134 1758 1309 1793; x_wconf 89' lang='lat' dir='ltr'><strong>principium.</strong></span> <span class='ocrx_word' id='word_1_642' title='bbox 1327 1758 1403 1791; x_wconf 88' lang='lat' dir='ltr'><strong>Quod</strong></span> <span class='ocrx_word' id='word_1_643' title='bbox 1424 1759 1495 1785; x_wconf 87' lang='lat' dir='ltr'><strong>enim</strong></span> <span class='ocrx_word' id='word_1_644' title='bbox 1516 1759 1549 1786; x_wconf 89' lang='lat' dir='ltr'><strong>de</strong></span> <span class='ocrx_word' id='word_1_645' title='bbox 1569 1760 1703 1794; x_wconf 88' lang='lat' dir='ltr'><strong>principio</strong></span> 
     </span>
    </p>
   </div>
   <div class='ocr_carea' id='block_1_84' title="bbox 919 1803 1703 1840">
    <p class='ocr_par' dir='ltr' id='par_1_84' title="bbox 919 1803 1703 1840">
     <span class='ocr_line' id='line_1_84' title="bbox 919 1803 1703 1840; baseline 0 -8"><span class='ocrx_word' id='word_1_646' title='bbox 919 1805 1029 1837; x_wconf 82' lang='lat' dir='ltr'><strong>dixerit,</strong></span> <span class='ocrx_word' id='word_1_647' title='bbox 1042 1805 1093 1832; x_wconf 92' lang='lat' dir='ltr'><strong>hoc</strong></span> <span class='ocrx_word' id='word_1_648' title='bbox 1104 1805 1185 1832; x_wconf 89' lang='lat' dir='ltr'><strong>etiam</strong></span> <span class='ocrx_word' id='word_1_649' title='bbox 1200 1803 1232 1831; x_wconf 89' lang='lat' dir='ltr'><strong>de</strong></span> <span class='ocrx_word' id='word_1_650' title='bbox 1247 1812 1279 1832; x_wconf 92' lang='lat' dir='ltr'><strong>eo</strong></span> <span class='ocrx_word' id='word_1_651' title='bbox 1291 1806 1336 1839; x_wconf 91' lang='lat' dir='ltr'><strong>qui</strong></span> <span class='ocrx_word' id='word_1_652' title='bbox 1350 1808 1408 1832; x_wconf 84' lang='lat' dir='ltr'><strong>erat</strong></span> <span class='ocrx_word' id='word_1_653' title='bbox 1420 1805 1446 1831; x_wconf 93' lang='lat' dir='ltr'><strong>in</strong></span> <span class='ocrx_word' id='word_1_654' title='bbox 1460 1805 1594 1840; x_wconf 87' lang='lat' dir='ltr'><strong>principio</strong></span> <span class='ocrx_word' id='word_1_655' title='bbox 1608 1812 1703 1833; x_wconf 88' lang='lat' dir='ltr'><strong>neces-</strong></span> 
     </span>
    </p>
   </div>
   <div class='ocr_carea' id='block_1_85' title="bbox 920 1849 1703 1885">
    <p class='ocr_par' dir='ltr' id='par_1_85' title="bbox 920 1849 1703 1885">
     <span class='ocr_line' id='line_1_85' title="bbox 920 1849 1703 1885; baseline 0 -8"><span class='ocrx_word' id='word_1_656' title='bbox 920 1851 994 1877; x_wconf 90' lang='lat' dir='ltr'><strong>sario</strong></span> <span class='ocrx_word' id='word_1_657' title='bbox 1007 1858 1120 1885; x_wconf 88' lang='lat' dir='ltr'><strong>prorsus</strong></span> <span class='ocrx_word' id='word_1_658' title='bbox 1133 1851 1309 1878; x_wconf 84' lang='lat' dir='ltr'><strong>concesserit.</strong></span> <span class='ocrx_word' id='word_1_659' title='bbox 1321 1849 1462 1883; x_wconf 86' lang='lat' dir='ltr'><strong>Quomodo</strong></span> <span class='ocrx_word' id='word_1_660' title='bbox 1476 1850 1548 1877; x_wconf 91' lang='lat' dir='ltr'><strong>enim</strong></span> <span class='ocrx_word' id='word_1_661' title='bbox 1566 1851 1612 1885; x_wconf 88' lang='lat' dir='ltr'><strong>qui</strong></span> <span class='ocrx_word' id='word_1_662' title='bbox 1624 1854 1665 1878; x_wconf 88' lang='lat' dir='ltr'><strong>est</strong></span> <span class='ocrx_word' id='word_1_663' title='bbox 1675 1851 1703 1877; x_wconf 91' lang='lat' dir='ltr'><strong>in</strong></span> 
     </span>
    </p>
   </div>
   <div class='ocr_carea' id='block_1_86' title="bbox 920 1895 1704 1931">
    <p class='ocr_par' dir='ltr' id='par_1_86' title="bbox 920 1895 1704 1931">
     <span class='ocr_line' id='line_1_86' title="bbox 920 1895 1704 1931; baseline 0 -8"><span class='ocrx_word' id='word_1_664' title='bbox 920 1897 1068 1931; x_wconf 89' lang='lat' dir='ltr'><strong>principio,</strong></span> <span class='ocrx_word' id='word_1_665' title='bbox 1084 1904 1098 1922; x_wconf 88' lang='lat' dir='ltr'><strong>a</strong></span> <span class='ocrx_word' id='word_1_666' title='bbox 1114 1897 1249 1931; x_wconf 87' lang='lat' dir='ltr'><strong>principio</strong></span> <span class='ocrx_word' id='word_1_667' title='bbox 1262 1895 1454 1931; x_wconf 75' lang='lat' dir='ltr'><strong>srparabitur?</strong></span> <span class='ocrx_word' id='word_1_668' title='bbox 1477 1895 1618 1928; x_wconf 89' lang='lat' dir='ltr'><strong>Quomodo</strong></span> <span class='ocrx_word' id='word_1_669' title='bbox 1641 1897 1704 1930; x_wconf 89' lang='lat' dir='ltr'><strong>quis</strong></span> 
     </span>
    </p>
   </div>
   <div class='ocr_carea' id='block_1_87' title="bbox 920 1941 1704 1976">
    <p class='ocr_par' dir='ltr' id='par_1_87' title="bbox 920 1941 1704 1976">
     <span class='ocr_line' id='line_1_87' title="bbox 920 1941 1704 1976; baseline 0 -8"><span class='ocrx_word' id='word_1_670' title='bbox 920 1942 972 1968; x_wconf 87' lang='lat' dir='ltr'><strong>hoc</strong></span> <span class='ocrx_word' id='word_1_671' title='bbox 1003 1950 1108 1976; x_wconf 88' lang='lat' dir='ltr'><strong>nempe,</strong></span> <span class='ocrx_word' id='word_1_672' title='bbox 1133 1950 1183 1968; x_wconf 86' lang='lat' dir='ltr'><strong>non</strong></span> <span class='ocrx_word' id='word_1_673' title='bbox 1198 1946 1274 1973; x_wconf 82' lang='lat' dir='ltr'><strong>erat,</strong></span> <span class='ocrx_word' id='word_1_674' title='bbox 1297 1942 1372 1976; x_wconf 92' lang='lat' dir='ltr'><strong>prius</strong></span> <span class='ocrx_word' id='word_1_675' title='bbox 1391 1941 1531 1975; x_wconf 77' lang='lat' dir='ltr'><strong>intelliget,</strong></span> <span class='ocrx_word' id='word_1_676' title='bbox 1553 1948 1634 1975; x_wconf 86' lang='lat' dir='ltr'><strong>quam</strong></span> <span class='ocrx_word' id='word_1_677' title='bbox 1652 1941 1704 1968; x_wconf 86' lang='lat' dir='ltr'><strong>hoc</strong></span> 
     </span>
    </p>
   </div>
   <div class='ocr_carea' id='block_1_88' title="bbox 921 1986 1703 2021">
    <p class='ocr_par' dir='ltr' id='par_1_88' title="bbox 921 1986 1703 2021">
     <span class='ocr_line' id='line_1_88' title="bbox 921 1986 1703 2021; baseline -0.003 -7"><span class='ocrx_word' id='word_1_678' title='bbox 921 1987 1035 2018; x_wconf 87' lang='lat' dir='ltr'><strong>scilicet,</strong></span> <span class='ocrx_word' id='word_1_679' title='bbox 1052 1992 1107 2014; x_wconf 80' lang='lat' dir='ltr'><strong>erat</strong></span> <span class='ocrx_word' id='word_1_680' title='bbox 1118 1989 1129 2015; x_wconf 84' lang='lat'><strong><em>?</em></strong></span> <span class='ocrx_word' id='word_1_681' title='bbox 1140 1987 1199 2021; x_wconf 92' lang='lat' dir='ltr'><strong>Quo</strong></span> <span class='ocrx_word' id='word_1_682' title='bbox 1213 1988 1285 2015; x_wconf 88' lang='lat' dir='ltr'><strong>enim</strong></span> <span class='ocrx_word' id='word_1_683' title='bbox 1298 1986 1381 2014; x_wconf 90' lang='lat' dir='ltr'><strong>modo</strong></span> <span class='ocrx_word' id='word_1_684' title='bbox 1392 1988 1454 2021; x_wconf 85' lang='lat' dir='ltr'><strong>quis</strong></span> <span class='ocrx_word' id='word_1_685' title='bbox 1467 1986 1610 2013; x_wconf 85' lang='lat' dir='ltr'><strong>adductam</strong></span> <span class='ocrx_word' id='word_1_686' title='bbox 1626 1994 1703 2013; x_wconf 84' lang='lat' dir='ltr'><strong>suam</strong></span> 
     </span>
    </p>
   </div>
   <div class='ocr_carea' id='block_1_89' title="bbox 921 2033 1703 2069">
    <p class='ocr_par' dir='ltr' id='par_1_89' title="bbox 921 2033 1703 2069">
     <span class='ocr_line' id='line_1_89' title="bbox 921 2033 1703 2069; baseline -0.001 -9"><span class='ocrx_word' id='word_1_687' title='bbox 921 2033 1126 2069; x_wconf 79' lang='lat' dir='ltr'><strong>intelligentiam</strong></span> <span class='ocrx_word' id='word_1_688' title='bbox 1142 2034 1175 2060; x_wconf 88' lang='lat' dir='ltr'><strong>ad</strong></span> <span class='ocrx_word' id='word_1_689' title='bbox 1192 2033 1320 2069; x_wconf 91' lang='lat' dir='ltr'><strong>principii</strong></span> <span class='ocrx_word' id='word_1_690' title='bbox 1331 2033 1514 2068; x_wconf 77' lang='lat' dir='ltr'><strong>cognitionem</strong></span> <span class='ocrx_word' id='word_1_691' title='bbox 1529 2037 1703 2067; x_wconf 68' lang='lat' dir='ltr'><strong>supererten-</strong></span> 
     </span>
    </p>
   </div>
   <div class='ocr_carea' id='block_1_90' title="bbox 921 2077 1701 2114">
    <p class='ocr_par' dir='ltr' id='par_1_90' title="bbox 921 2077 1701 2114">
     <span class='ocr_line' id='line_1_90' title="bbox 921 2077 1701 2114; baseline 0.001 -9"><span class='ocrx_word' id='word_1_692' title='bbox 921 2079 971 2112; x_wconf 81' lang='lat' dir='ltr'><strong>dit,</strong></span> <span class='ocrx_word' id='word_1_693' title='bbox 996 2079 1077 2106; x_wconf 86' lang='lat' dir='ltr'><strong>simul</strong></span> <span class='ocrx_word' id='word_1_694' title='bbox 1095 2087 1208 2114; x_wconf 85' lang='lat' dir='ltr'><strong>prorsus</strong></span> <span class='ocrx_word' id='word_1_695' title='bbox 1231 2083 1321 2106; x_wconf 87' lang='lat' dir='ltr'><strong>mente</strong></span> <span class='ocrx_word' id='word_1_696' title='bbox 1341 2078 1466 2112; x_wconf 86' lang='lat' dir='ltr'><strong>concepit</strong></span> <span class='ocrx_word' id='word_1_697' title='bbox 1486 2077 1603 2105; x_wconf 84' lang='lat' dir='ltr'><strong>Verbum</strong></span> <span class='ocrx_word' id='word_1_698' title='bbox 1630 2079 1701 2113; x_wconf 91' lang='lat' dir='ltr'><strong>quod</strong></span> 
     </span>
    </p>
   </div>
   <div class='ocr_carea' id='block_1_91' title="bbox 921 2124 1702 2159">
    <p class='ocr_par' dir='ltr' id='par_1_91' title="bbox 921 2124 1702 2159">
     <span class='ocr_line' id='line_1_91' title="bbox 921 2124 1702 2159; baseline -0.001 -7"><span class='ocrx_word' id='word_1_699' title='bbox 921 2128 962 2152; x_wconf 83' lang='lat' dir='ltr'><strong>est</strong></span> <span class='ocrx_word' id='word_1_700' title='bbox 972 2125 997 2151; x_wconf 92' lang='lat' dir='ltr'><strong>in</strong></span> <span class='ocrx_word' id='word_1_701' title='bbox 1005 2132 1047 2155; x_wconf 82' lang='lat' dir='ltr'><strong>eo,</strong></span> <span class='ocrx_word' id='word_1_702' title='bbox 1055 2125 1126 2151; x_wconf 92' lang='lat' dir='ltr'><strong>abeo</strong></span> <span class='ocrx_word' id='word_1_703' title='bbox 1136 2124 1269 2159; x_wconf 90' lang='lat' dir='ltr'><strong>principio</strong></span> <span class='ocrx_word' id='word_1_704' title='bbox 1277 2124 1303 2151; x_wconf 91' lang='lat' dir='ltr'><strong>in</strong></span> <span class='ocrx_word' id='word_1_705' title='bbox 1312 2132 1366 2159; x_wconf 90' lang='lat' dir='ltr'><strong>quo</strong></span> <span class='ocrx_word' id='word_1_706' title='bbox 1373 2127 1475 2151; x_wconf 89' lang='lat' dir='ltr'><strong>estnon</strong></span> <span class='ocrx_word' id='word_1_707' title='bbox 1485 2131 1565 2159; x_wconf 87' lang='lat' dir='ltr'><strong>posse</strong></span> <span class='ocrx_word' id='word_1_708' title='bbox 1572 2125 1702 2159; x_wconf 84' lang='lat' dir='ltr'><strong>separari,</strong></span> 
     </span>
    </p>
   </div>
   <div class='ocr_carea' id='block_1_92' title="bbox 922 2169 1701 2205">
    <p class='ocr_par' dir='ltr' id='par_1_92' title="bbox 922 2169 1701 2205">
     <span class='ocr_line' id='line_1_92' title="bbox 922 2169 1701 2205; baseline 0 -8"><span class='ocrx_word' id='word_1_709' title='bbox 922 2178 1009 2205; x_wconf 92' lang='lat' dir='ltr'><strong>neque</strong></span> <span class='ocrx_word' id='word_1_710' title='bbox 1023 2179 1141 2205; x_wconf 86' lang='lat' dir='ltr'><strong>unquam</strong></span> <span class='ocrx_word' id='word_1_711' title='bbox 1160 2171 1187 2197; x_wconf 94' lang='lat' dir='ltr'><strong>in</strong></span> <span class='ocrx_word' id='word_1_712' title='bbox 1202 2170 1262 2205; x_wconf 90' lang='lat' dir='ltr'><strong>ipso</strong></span> <span class='ocrx_word' id='word_1_713' title='bbox 1270 2178 1331 2197; x_wconf 88' lang='lat' dir='ltr'><strong>esse</strong></span> <span class='ocrx_word' id='word_1_714' title='bbox 1343 2170 1465 2205; x_wconf 86' lang='lat' dir='ltr'><strong>incipere</strong></span> <span class='ocrx_word' id='word_1_715' title='bbox 1473 2177 1561 2204; x_wconf 90' lang='lat' dir='ltr'><strong>neque</strong></span> <span class='ocrx_word' id='word_1_716' title='bbox 1570 2169 1701 2198; x_wconf 77' lang='lat' dir='ltr'><strong>desinere.</strong></span> 
     </span>
    </p>
   </div>
   <div class='ocr_carea' id='block_1_93' title="bbox 923 2215 1704 2251">
    <p class='ocr_par' dir='ltr' id='par_1_93' title="bbox 923 2215 1704 2251">
     <span class='ocr_line' id='line_1_93' title="bbox 923 2215 1704 2251; baseline 0.001 -9"><span class='ocrx_word' id='word_1_717' title='bbox 923 2215 1018 2243; x_wconf 87' lang='lat' dir='ltr'><strong>Nullus</strong></span> <span class='ocrx_word' id='word_1_718' title='bbox 1033 2220 1123 2242; x_wconf 84' lang='lat' dir='ltr'><strong>autem</strong></span> <span class='ocrx_word' id='word_1_719' title='bbox 1143 2223 1190 2251; x_wconf 88' lang='lat' dir='ltr'><strong>per</strong></span> <span class='ocrx_word' id='word_1_720' title='bbox 1210 2216 1266 2243; x_wconf 78' lang='lat' dir='ltr'><strong>haec</strong></span> <span class='ocrx_word' id='word_1_721' title='bbox 1281 2215 1307 2242; x_wconf 93' lang='lat' dir='ltr'><strong>in</strong></span> <span class='ocrx_word' id='word_1_722' title='bbox 1322 2215 1376 2243; x_wconf 92' lang='lat' dir='ltr'><strong>duo</strong></span> <span class='ocrx_word' id='word_1_723' title='bbox 1392 2215 1523 2251; x_wconf 88' lang='lat' dir='ltr'><strong>principia</strong></span> <span class='ocrx_word' id='word_1_724' title='bbox 1542 2215 1638 2251; x_wconf 88' lang='lat' dir='ltr'><strong>dogma</strong></span> <span class='ocrx_word' id='word_1_725' title='bbox 1662 2216 1704 2243; x_wconf 91' lang='lat' dir='ltr'><strong>di-</strong></span> 
     </span>
    </p>
   </div>
   <div class='ocr_carea' id='block_1_94' title="bbox 96 2257 867 2296">
    <p class='ocr_par' dir='ltr' id='par_1_94' title="bbox 96 2257 867 2296">
     <span class='ocr_line' id='line_1_94' title="bbox 96 2257 867 2296; baseline -0.004 -9"><span class='ocrx_word' id='word_1_726' title='bbox 96 2261 210 2296; x_wconf 69' lang='grc' dir='ltr'>οὐδεμίαν</span> <span class='ocrx_word' id='word_1_727' title='bbox 224 2260 309 2287; x_wconf 85' lang='grc' dir='ltr'>δώσει</span> <span class='ocrx_word' id='word_1_728' title='bbox 325 2260 358 2294; x_wconf 79' lang='grc' dir='ltr'>τῇ</span> <span class='ocrx_word' id='word_1_729' title='bbox 375 2259 479 2294; x_wconf 76' lang='grc' dir='ltr'>αἱρέσει</span> <span class='ocrx_word' id='word_1_730' title='bbox 493 2258 618 2294; x_wconf 81' lang='grc' dir='ltr'>πάροδον,</span> <span class='ocrx_word' id='word_1_731' title='bbox 630 2258 672 2284; x_wconf 77' lang='grc' dir='ltr'><strong>διὰ</strong></span> <span class='ocrx_word' id='word_1_732' title='bbox 687 2257 735 2293; x_wconf 85' lang='grc' dir='ltr'>τῆς</span> <span class='ocrx_word' id='word_1_733' title='bbox 750 2266 867 2284; x_wconf 68' lang='grc' dir='ltr'>καινοτο-</span> 
     </span>
    </p>
   </div>
   <div class='ocr_carea' id='block_1_95' title="bbox 917 2257 1704 2296">
    <p class='ocr_par' dir='ltr' id='par_1_95' title="bbox 922 2260 1704 2296">
     <span class='ocr_line' id='line_1_95' title="bbox 922 2260 1704 2296; baseline 0.003 -9"><span class='ocrx_word' id='word_1_734' title='bbox 922 2260 1029 2288; x_wconf 87' lang='lat' dir='ltr'><strong>scindat</strong></span> <span class='ocrx_word' id='word_1_735' title='bbox 1042 2270 1048 2287; x_wconf 86' lang='lat'>:</span> <span class='ocrx_word' id='word_1_736' title='bbox 1064 2269 1146 2288; x_wconf 90' lang='lat' dir='ltr'><strong>unum</strong></span> <span class='ocrx_word' id='word_1_737' title='bbox 1158 2261 1229 2288; x_wconf 88' lang='lat' dir='ltr'><strong>enim</strong></span> <span class='ocrx_word' id='word_1_738' title='bbox 1239 2265 1280 2288; x_wconf 86' lang='lat' dir='ltr'><strong>est</strong></span> <span class='ocrx_word' id='word_1_739' title='bbox 1292 2269 1354 2288; x_wconf 85' lang='lat' dir='ltr'><strong>vere</strong></span> <span class='ocrx_word' id='word_1_740' title='bbox 1362 2261 1559 2296; x_wconf 89' lang='lat' dir='ltr'><strong>principiumin</strong></span> <span class='ocrx_word' id='word_1_741' title='bbox 1568 2269 1622 2296; x_wconf 91' lang='lat' dir='ltr'><strong>quo</strong></span> <span class='ocrx_word' id='word_1_742' title='bbox 1633 2262 1704 2290; x_wconf 87' lang='lat' dir='ltr'><strong>inse-</strong></span> 
     </span>
    </p>
   </div>
   <div class='ocr_carea' id='block_1_96' title="bbox 98 2303 871 2340">
    <p class='ocr_par' dir='ltr' id='par_1_96' title="bbox 98 2303 871 2340">
     <span class='ocr_line' id='line_1_96' title="bbox 98 2303 871 2340; baseline -0.004 -8"><span class='ocrx_word' id='word_1_743' title='bbox 98 2307 152 2340; x_wconf 80' lang='grc' dir='ltr'>μίας</span> <span class='ocrx_word' id='word_1_744' title='bbox 167 2306 212 2332; x_wconf 78' lang='grc' dir='ltr'>τοῦ</span> <span class='ocrx_word' id='word_1_745' title='bbox 234 2306 385 2339; x_wconf 82' lang='grc' dir='ltr'>ἀγεννήτου</span> <span class='ocrx_word' id='word_1_746' title='bbox 403 2305 532 2339; x_wconf 74' lang='grc' dir='ltr'>ὀνόματος</span> <span class='ocrx_word' id='word_1_747' title='bbox 550 2305 583 2339; x_wconf 81' lang='grc' dir='ltr'><strong>τῇ</strong></span> <span class='ocrx_word' id='word_1_748' title='bbox 603 2303 728 2339; x_wconf 74' lang='grc' dir='ltr'>εὐσεϐείᾳ</span> <span class='ocrx_word' id='word_1_749' title='bbox 742 2304 871 2339; x_wconf 83' lang='grc' dir='ltr'>λυμαίνε-</span> 
     </span>
    </p>
   </div>
   <div class='ocr_carea' id='block_1_97' title="bbox 97 2348 872 2384">
    <p class='ocr_par' dir='ltr' id='par_1_97' title="bbox 97 2348 872 2384">
     <span class='ocr_line' id='line_1_97' title="bbox 97 2348 872 2384; baseline -0.003 -8"><span class='ocrx_word' id='word_1_750' title='bbox 97 2350 158 2377; x_wconf 79' lang='grc' dir='ltr'>σθαι.</span> <span class='ocrx_word' id='word_1_751' title='bbox 187 2352 232 2377; x_wconf 87' lang='grc' dir='ltr'>Ἐν</span> <span class='ocrx_word' id='word_1_752' title='bbox 246 2351 276 2377; x_wconf 78' lang='grc' dir='ltr'>δὲ</span> <span class='ocrx_word' id='word_1_753' title='bbox 299 2351 355 2381; x_wconf 75' lang='grc' dir='ltr'>τοῖς</span> <span class='ocrx_word' id='word_1_754' title='bbox 374 2349 472 2384; x_wconf 77' lang='grc' dir='ltr'>ἑφεξῆς</span> <span class='ocrx_word' id='word_1_755' title='bbox 493 2348 640 2375; x_wconf 76' lang='grc' dir='ltr'>ἐκτεθεῖσιν</span> <span class='ocrx_word' id='word_1_756' title='bbox 661 2348 737 2383; x_wconf 76' lang='grc' dir='ltr'>ἄρτῳ</span> <span class='ocrx_word' id='word_1_757' title='bbox 753 2348 839 2375; x_wconf 77' lang='grc' dir='ltr'>ἔοικεν</span> <span class='ocrx_word' id='word_1_758' title='bbox 858 2350 872 2375; x_wconf 86' lang='grc' dir='ltr'><strong><em>ὁ</em></strong></span> 
     </span>
    </p>
   </div>
   <div class='ocr_carea' id='block_1_98' title="bbox 96 2393 869 2430">
    <p class='ocr_par' dir='ltr' id='par_1_98' title="bbox 96 2393 869 2430">
     <span class='ocr_line' id='line_1_98' title="bbox 96 2393 869 2430; baseline 0.001 -9"><span class='ocrx_word' id='word_1_759' title='bbox 96 2395 163 2429; x_wconf 74' lang='grc' dir='ltr'>λόγος</span> <span class='ocrx_word' id='word_1_760' title='bbox 175 2396 258 2423; x_wconf 73' lang='grc' dir='ltr'>αὑτοῦ</span> <span class='ocrx_word' id='word_1_761' title='bbox 276 2395 377 2430; x_wconf 81' lang='grc' dir='ltr'>πολλὴν</span> <span class='ocrx_word' id='word_1_762' title='bbox 391 2395 477 2430; x_wconf 78' lang='grc' dir='ltr'>ἔχοντι</span> <span class='ocrx_word' id='word_1_763' title='bbox 488 2394 536 2430; x_wconf 82' lang='grc' dir='ltr'>τὴν</span> <span class='ocrx_word' id='word_1_764' title='bbox 552 2393 690 2429; x_wconf 71' lang='grc' dir='ltr'>ἐπιμιξίαν</span> <span class='ocrx_word' id='word_1_765' title='bbox 703 2395 752 2430; x_wconf 83' lang='grc' dir='ltr'>τῆς</span> <span class='ocrx_word' id='word_1_766' title='bbox 766 2395 869 2429; x_wconf 79' lang='grc' dir='ltr'>ἄμμου.</span> 
     </span>
    </p>
   </div>
   <div class='ocr_carea' id='block_1_99' title="bbox 97 2439 871 2476">
    <p class='ocr_par' dir='ltr' id='par_1_99' title="bbox 97 2439 871 2476">
     <span class='ocr_line' id='line_1_99' title="bbox 97 2439 871 2476; baseline -0.001 -9"><span class='ocrx_word' id='word_1_767' title='bbox 97 2439 150 2472; x_wconf 78' lang='grc' dir='ltr'>Τοῖς</span> <span class='ocrx_word' id='word_1_768' title='bbox 169 2441 222 2476; x_wconf 84' lang='grc' dir='ltr'><strong>γὰρ</strong></span> <span class='ocrx_word' id='word_1_769' title='bbox 247 2442 332 2475; x_wconf 83' lang='grc' dir='ltr'>ὑγιῶς</span> <span class='ocrx_word' id='word_1_770' title='bbox 356 2440 510 2475; x_wconf 76' lang='grc' dir='ltr'>λεγομένοις</span> <span class='ocrx_word' id='word_1_771' title='bbox 532 2439 565 2466; x_wconf 75' lang='grc' dir='ltr'><strong>τὰ</strong></span> <span class='ocrx_word' id='word_1_772' title='bbox 581 2439 704 2475; x_wconf 75' lang='grc' dir='ltr'>αἰρετικὰ</span> <span class='ocrx_word' id='word_1_773' title='bbox 735 2440 871 2475; x_wconf 76' lang='grc' dir='ltr'>συμμίξας</span> 
     </span>
    </p>
   </div>
   <div class='ocr_carea' id='block_1_100' title="bbox 97 2485 873 2522">
    <p class='ocr_par' dir='ltr' id='par_1_100' title="bbox 97 2485 873 2522">
     <span class='ocr_line' id='line_1_100' title="bbox 97 2485 873 2522; baseline -0.004 -8"><span class='ocrx_word' id='word_1_774' title='bbox 97 2487 217 2521; x_wconf 85' lang='grc' dir='ltr'>νοήματα,</span> <span class='ocrx_word' id='word_1_775' title='bbox 227 2488 350 2522; x_wconf 78' lang='grc' dir='ltr'>ἆῦρωτον</span> <span class='ocrx_word' id='word_1_776' title='bbox 362 2486 405 2513; x_wconf 86' lang='grc' dir='ltr'><strong>διὰ</strong></span> <span class='ocrx_word' id='word_1_777' title='bbox 417 2486 463 2512; x_wconf 82' lang='grc' dir='ltr'>τοῦ</span> <span class='ocrx_word' id='word_1_778' title='bbox 477 2485 699 2521; x_wconf 77' lang='grc' dir='ltr'>συμμεμιγμένον</span> <span class='ocrx_word' id='word_1_779' title='bbox 714 2485 787 2511; x_wconf 83' lang='grc' dir='ltr'>λίθου</span> <span class='ocrx_word' id='word_1_780' title='bbox 802 2487 873 2512; x_wconf 76' lang='grc' dir='ltr'>ποιεῖ</span> 
     </span>
    </p>
   </div>
   <div class='ocr_carea' id='block_1_101' title="bbox 98 2530 873 2568">
    <p class='ocr_par' dir='ltr' id='par_1_101' title="bbox 98 2530 873 2568">
     <span class='ocr_line' id='line_1_101' title="bbox 98 2530 873 2568; baseline 0.003 -11"><span class='ocrx_word' id='word_1_781' title='bbox 98 2532 138 2558; x_wconf 78' lang='grc' dir='ltr'><strong>καὶ</strong></span> <span class='ocrx_word' id='word_1_782' title='bbox 155 2533 182 2559; x_wconf 77' lang='grc' dir='ltr'>τὸ</span> <span class='ocrx_word' id='word_1_783' title='bbox 208 2533 351 2568; x_wconf 69' lang='grc' dir='ltr'>τρόφιμον.</span> <span class='ocrx_word' id='word_1_784' title='bbox 384 2532 464 2566; x_wconf 83' lang='grc' dir='ltr'>Λέγει</span> <span class='ocrx_word' id='word_1_785' title='bbox 480 2532 534 2566; x_wconf 74' lang='grc' dir='ltr'><strong>γὰρ</strong></span> <span class='ocrx_word' id='word_1_786' title='bbox 579 2530 689 2565; x_wconf 63' lang='grc' dir='ltr'>σοφίαν</span> <span class='ocrx_word' id='word_1_787' title='bbox 704 2530 802 2561; x_wconf 82' lang='grc' dir='ltr'>ζῶσαν</span> <span class='ocrx_word' id='word_1_788' title='bbox 819 2532 873 2559; x_wconf 80' lang='grc' dir='ltr'>τὸν</span> 
     </span>
    </p>
   </div>
   <div class='ocr_carea' id='block_1_102' title="bbox 98 2577 872 2612">
    <p class='ocr_par' dir='ltr' id='par_1_102' title="bbox 98 2577 872 2612">
     <span class='ocr_line' id='line_1_102' title="bbox 98 2577 872 2612; baseline 0 -8"><span class='ocrx_word' id='word_1_789' title='bbox 98 2578 205 2610; x_wconf 74' lang='grc' dir='ltr'>Κύριον.</span> <span class='ocrx_word' id='word_1_790' title='bbox 230 2579 280 2605; x_wconf 79' lang='grc' dir='ltr'><strong>καὶ</strong></span> <span class='ocrx_word' id='word_1_791' title='bbox 297 2578 442 2612; x_wconf 73' lang='grc' dir='ltr'>ἀλήθειαν</span> <span class='ocrx_word' id='word_1_792' title='bbox 460 2577 653 2612; x_wconf 76' lang='grc' dir='ltr'>ἐνεργοῦσαν.</span> <span class='ocrx_word' id='word_1_793' title='bbox 674 2577 722 2604; x_wconf 78' lang='grc' dir='ltr'><strong>καὶ</strong></span> <span class='ocrx_word' id='word_1_794' title='bbox 744 2577 872 2612; x_wconf 82' lang='grc' dir='ltr'>δύναμιν</span> 
     </span>
    </p>
   </div>
   <div class='ocr_carea' id='block_1_103' title="bbox 99 2622 870 2658">
    <p class='ocr_par' dir='ltr' id='par_1_103' title="bbox 99 2622 870 2658">
     <span class='ocr_line' id='line_1_103' title="bbox 99 2622 870 2658; baseline 0.004 -12"><span class='ocrx_word' id='word_1_795' title='bbox 99 2623 280 2656; x_wconf 62' lang='grc' dir='ltr'>ἐφεστῶσαν,</span> <span class='ocrx_word' id='word_1_796' title='bbox 306 2624 355 2650; x_wconf 78' lang='grc' dir='ltr'><strong>καὶ</strong></span> <span class='ocrx_word' id='word_1_797' title='bbox 374 2622 458 2657; x_wconf 80' lang='grc' dir='ltr'>ζωήν.</span> <span class='ocrx_word' id='word_1_798' title='bbox 485 2623 557 2654; x_wconf 84' lang='grc' dir='ltr'>Ἕως</span> <span class='ocrx_word' id='word_1_799' title='bbox 574 2622 667 2648; x_wconf 82' lang='grc' dir='ltr'>τούτου</span> <span class='ocrx_word' id='word_1_800' title='bbox 685 2623 715 2648; x_wconf 82' lang='grc' dir='ltr'><strong>τὸ</strong></span> <span class='ocrx_word' id='word_1_801' title='bbox 728 2622 870 2658; x_wconf 82' lang='grc' dir='ltr'>τρόφιμον,</span> 
     </span>
    </p>
   </div>
   <div class='ocr_carea' id='block_1_104' title="bbox 98 2667 869 2704">
    <p class='ocr_par' dir='ltr' id='par_1_104' title="bbox 98 2667 869 2704">
     <span class='ocr_line' id='line_1_104' title="bbox 98 2667 869 2704; baseline 0.003 -11"><span class='ocrx_word' id='word_1_802' title='bbox 98 2667 205 2704; x_wconf 64' lang='grc' dir='ltr'>ἐντίθησι</span> <span class='ocrx_word' id='word_1_803' title='bbox 226 2669 254 2696; x_wconf 77' lang='grc' dir='ltr'>δὲ</span> <span class='ocrx_word' id='word_1_804' title='bbox 277 2670 334 2700; x_wconf 74' lang='grc' dir='ltr'>τοῖς</span> <span class='ocrx_word' id='word_1_805' title='bbox 355 2669 508 2704; x_wconf 74' lang='grc' dir='ltr'>εἰρημένοις</span> <span class='ocrx_word' id='word_1_806' title='bbox 531 2668 576 2694; x_wconf 82' lang='grc' dir='ltr'>τὸν</span> <span class='ocrx_word' id='word_1_807' title='bbox 599 2668 636 2694; x_wconf 74' lang='grc' dir='ltr'><strong>ἰὸν</strong></span> <span class='ocrx_word' id='word_1_808' title='bbox 661 2669 710 2702; x_wconf 84' lang='grc' dir='ltr'>τῆς</span> <span class='ocrx_word' id='word_1_809' title='bbox 730 2668 869 2703; x_wconf 79' lang='grc' dir='ltr'>αἱρέσεως.</span> 
     </span>
    </p>
   </div>
   <div class='ocr_carea' id='block_1_105' title="bbox 98 2711 871 2749">
    <p class='ocr_par' dir='ltr' id='par_1_105' title="bbox 98 2711 871 2749">
     <span class='ocr_line' id='line_1_105' title="bbox 98 2711 871 2749; baseline 0 -10"><span class='ocrx_word' id='word_1_810' title='bbox 98 2711 115 2737; x_wconf 88' lang='grc' dir='ltr'><strong><em>Γ</em></strong></span> <span class='ocrx_word' id='word_1_811' title='bbox 116 2714 222 2748; x_wconf 85' lang='grc' dir='ltr'>εννητὴν</span> <span class='ocrx_word' id='word_1_812' title='bbox 243 2714 297 2749; x_wconf 79' lang='grc' dir='ltr'><strong>γὰρ</strong></span> <span class='ocrx_word' id='word_1_813' title='bbox 311 2715 360 2749; x_wconf 85' lang='grc' dir='ltr'>τὴν</span> <span class='ocrx_word' id='word_1_814' title='bbox 382 2714 453 2749; x_wconf 82' lang='grc' dir='ltr'>ζωὴν</span> <span class='ocrx_word' id='word_1_815' title='bbox 465 2714 610 2748; x_wconf 78' lang='grc' dir='ltr'>ὀνομάσας,</span> <span class='ocrx_word' id='word_1_816' title='bbox 628 2714 692 2740; x_wconf 82' lang='grc' dir='ltr'>ἄλλο</span> <span class='ocrx_word' id='word_1_817' title='bbox 713 2722 739 2740; x_wconf 87' lang='grc' dir='ltr'><strong>τι</strong></span> <span class='ocrx_word' id='word_1_818' title='bbox 757 2715 788 2749; x_wconf 77' lang='grc' dir='ltr'><strong>τῇ</strong></span> <span class='ocrx_word' id='word_1_819' title='bbox 803 2714 871 2748; x_wconf 82' lang='grc' dir='ltr'>πρὸς</span> 
     </span>
    </p>
   </div>
   <div class='ocr_carea' id='block_1_106' title="bbox 98 2757 870 2794">
    <p class='ocr_par' dir='ltr' id='par_1_106' title="bbox 98 2757 870 2794">
     <span class='ocr_line' id='line_1_106' title="bbox 98 2757 870 2794; baseline 0.004 -12"><span class='ocrx_word' id='word_1_820' title='bbox 98 2757 140 2791; x_wconf 80' lang='grc' dir='ltr'>τὴν</span> <span class='ocrx_word' id='word_1_821' title='bbox 154 2760 295 2794; x_wconf 76' lang='grc' dir='ltr'>ἀγέννητον</span> <span class='ocrx_word' id='word_1_822' title='bbox 315 2759 385 2794; x_wconf 76' lang='grc' dir='ltr'>ζωὴν</span> <span class='ocrx_word' id='word_1_823' title='bbox 404 2759 590 2793; x_wconf 81' lang='grc' dir='ltr'>ἁντιδιαστολῇ</span> <span class='ocrx_word' id='word_1_824' title='bbox 606 2760 669 2791; x_wconf 80' lang='grc' dir='ltr'>νοεῖ,</span> <span class='ocrx_word' id='word_1_825' title='bbox 689 2759 736 2785; x_wconf 81' lang='grc' dir='ltr'>καὶ</span> <span class='ocrx_word' id='word_1_826' title='bbox 749 2758 809 2793; x_wconf 85' lang='grc' dir='ltr'><strong>οὺχὶ</strong></span> <span class='ocrx_word' id='word_1_827' title='bbox 823 2759 870 2793; x_wconf 82' lang='grc' dir='ltr'>τὴν</span> 
     </span>
    </p>
   </div>
   <div class='ocr_carea' id='block_1_107' title="bbox 922 2305 1703 2342">
    <p class='ocr_par' dir='ltr' id='par_1_107' title="bbox 922 2305 1703 2342">
     <span class='ocr_line' id='line_1_107' title="bbox 922 2305 1703 2342; baseline 0.003 -11"><span class='ocrx_word' id='word_1_828' title='bbox 922 2306 1081 2340; x_wconf 88' lang='lat' dir='ltr'><strong>parabiliter</strong></span> <span class='ocrx_word' id='word_1_829' title='bbox 1098 2305 1217 2332; x_wconf 69' lang='lat' dir='ltr'><strong>Verbum</strong></span> <span class='ocrx_word' id='word_1_830' title='bbox 1238 2314 1298 2333; x_wconf 81' lang='lat' dir='ltr'><strong>esse</strong></span> <span class='ocrx_word' id='word_1_831' title='bbox 1312 2306 1485 2341; x_wconf 85' lang='lat' dir='ltr'><strong>intelligitur,</strong></span> <span class='ocrx_word' id='word_1_832' title='bbox 1500 2307 1571 2341; x_wconf 90' lang='lat' dir='ltr'><strong>quod</strong></span> <span class='ocrx_word' id='word_1_833' title='bbox 1586 2315 1634 2342; x_wconf 91' lang='lat' dir='ltr'><strong>per</strong></span> <span class='ocrx_word' id='word_1_834' title='bbox 1645 2314 1703 2333; x_wconf 86' lang='lat' dir='ltr'><strong>om-</strong></span> 
     </span>
    </p>
   </div>
   <div class='ocr_carea' id='block_1_108' title="bbox 923 2350 1704 2384">
    <p class='ocr_par' dir='ltr' id='par_1_108' title="bbox 923 2350 1704 2384">
     <span class='ocr_line' id='line_1_108' title="bbox 923 2350 1704 2384; baseline 0.003 -7"><span class='ocrx_word' id='word_1_835' title='bbox 923 2351 968 2378; x_wconf 91' lang='lat' dir='ltr'><strong>nia</strong></span> <span class='ocrx_word' id='word_1_836' title='bbox 996 2351 1022 2377; x_wconf 91' lang='lat' dir='ltr'><strong>in</strong></span> <span class='ocrx_word' id='word_1_837' title='bbox 1044 2350 1124 2377; x_wconf 76' lang='lat' dir='ltr'><strong>Patre</strong></span> <span class='ocrx_word' id='word_1_838' title='bbox 1142 2351 1247 2377; x_wconf 91' lang='lat' dir='ltr'><strong>unitum</strong></span> <span class='ocrx_word' id='word_1_839' title='bbox 1268 2356 1318 2379; x_wconf 82' lang='lat' dir='ltr'><strong>est.</strong></span> <span class='ocrx_word' id='word_1_840' title='bbox 1336 2351 1387 2384; x_wconf 91' lang='lat' dir='ltr'><strong>Qui</strong></span> <span class='ocrx_word' id='word_1_841' title='bbox 1411 2351 1469 2379; x_wconf 67' lang='lat' dir='ltr'><strong>haec</strong></span> <span class='ocrx_word' id='word_1_842' title='bbox 1494 2353 1577 2379; x_wconf 87' lang='lat' dir='ltr'><strong>sentit</strong></span> <span class='ocrx_word' id='word_1_843' title='bbox 1600 2353 1704 2380; x_wconf 90' lang='lat' dir='ltr'><strong>nullum</strong></span> 
     </span>
    </p>
   </div>
   <div class='ocr_carea' id='block_1_109' title="bbox 922 2395 1704 2432">
    <p class='ocr_par' dir='ltr' id='par_1_109' title="bbox 922 2395 1704 2432">
     <span class='ocr_line' id='line_1_109' title="bbox 922 2395 1704 2432; baseline 0.005 -11"><span class='ocrx_word' id='word_1_844' title='bbox 922 2395 1052 2431; x_wconf 74' lang='lat' dir='ltr'><strong>praebebit</strong></span> <span class='ocrx_word' id='word_1_845' title='bbox 1069 2396 1163 2424; x_wconf 56' lang='lat' dir='ltr'><strong>haeresi</strong></span> <span class='ocrx_word' id='word_1_846' title='bbox 1176 2396 1291 2429; x_wconf 86' lang='lat' dir='ltr'><strong>aditum,</strong></span> <span class='ocrx_word' id='word_1_847' title='bbox 1310 2402 1339 2423; x_wconf 90' lang='lat' dir='ltr'><strong>ut</strong></span> <span class='ocrx_word' id='word_1_848' title='bbox 1356 2397 1477 2424; x_wconf 87' lang='lat' dir='ltr'><strong>novitate</strong></span> <span class='ocrx_word' id='word_1_849' title='bbox 1493 2398 1612 2425; x_wconf 87' lang='lat' dir='ltr'><strong>nominis</strong></span> <span class='ocrx_word' id='word_1_850' title='bbox 1627 2398 1704 2432; x_wconf 80' lang='lat' dir='ltr'><strong>inge-</strong></span> 
     </span>
    </p>
   </div>
   <div class='ocr_carea' id='block_1_110' title="bbox 925 2440 1741 2477">
    <p class='ocr_par' dir='ltr' id='par_1_110' title="bbox 925 2440 1741 2477">
     <span class='ocr_line' id='line_1_110' title="bbox 925 2440 1741 2477; baseline 0.004 -11"><span class='ocrx_word' id='word_1_851' title='bbox 925 2440 974 2466; x_wconf 85' lang='lat' dir='ltr'><strong>niti</strong></span> <span class='ocrx_word' id='word_1_852' title='bbox 997 2440 1122 2474; x_wconf 86' lang='lat' dir='ltr'><strong>pietatem</strong></span> <span class='ocrx_word' id='word_1_853' title='bbox 1152 2442 1327 2468; x_wconf 81' lang='lat' dir='ltr'><strong>contaminet.</strong></span> <span class='ocrx_word' id='word_1_854' title='bbox 1359 2441 1390 2468; x_wconf 87' lang='lat' dir='ltr'><strong>in</strong></span> <span class='ocrx_word' id='word_1_855' title='bbox 1415 2442 1592 2477; x_wconf 78' lang='lat' dir='ltr'><strong>sequentibus</strong></span> <span class='ocrx_word' id='word_1_856' title='bbox 1613 2448 1703 2469; x_wconf 84' lang='lat' dir='ltr'><strong>autem</strong></span> <span class='ocrx_word' id='word_1_857' title='bbox 1738 2446 1741 2449; x_wconf 85' lang='grc'><em>’</em></span> 
     </span>
    </p>
   </div>
   <div class='ocr_carea' id='block_1_111' title="bbox 922 2484 1703 2520">
    <p class='ocr_par' dir='ltr' id='par_1_111' title="bbox 922 2484 1703 2520">
     <span class='ocr_line' id='line_1_111' title="bbox 922 2484 1703 2520; baseline 0.004 -10"><span class='ocrx_word' id='word_1_858' title='bbox 922 2484 1013 2512; x_wconf 85' lang='lat' dir='ltr'><strong>verbis</strong></span> <span class='ocrx_word' id='word_1_859' title='bbox 1029 2485 1120 2517; x_wconf 86' lang='lat' dir='ltr'><strong>editis,</strong></span> <span class='ocrx_word' id='word_1_860' title='bbox 1136 2486 1199 2520; x_wconf 86' lang='lat' dir='ltr'><strong>pani</strong></span> <span class='ocrx_word' id='word_1_861' title='bbox 1219 2486 1330 2512; x_wconf 87' lang='lat' dir='ltr'><strong>multam</strong></span> <span class='ocrx_word' id='word_1_862' title='bbox 1344 2494 1432 2513; x_wconf 64' lang='lat' dir='ltr'><strong>arenae</strong></span> <span class='ocrx_word' id='word_1_863' title='bbox 1449 2486 1637 2513; x_wconf 86' lang='lat' dir='ltr'><strong>admistiouem</strong></span> <span class='ocrx_word' id='word_1_864' title='bbox 1655 2488 1703 2514; x_wconf 81' lang='lat' dir='ltr'><strong>lia-</strong></span> 
     </span>
    </p>
   </div>
   <div class='ocr_carea' id='block_1_112' title="bbox 920 2530 1705 2565">
    <p class='ocr_par' dir='ltr' id='par_1_112' title="bbox 920 2530 1705 2565">
     <span class='ocr_line' id='line_1_112' title="bbox 920 2530 1705 2565; baseline 0.003 -8"><span class='ocrx_word' id='word_1_865' title='bbox 920 2530 994 2558; x_wconf 87' lang='lat' dir='ltr'><strong>benti</strong></span> <span class='ocrx_word' id='word_1_866' title='bbox 1013 2530 1180 2565; x_wconf 85' lang='lat' dir='ltr'><strong>ejussimilis</strong></span> <span class='ocrx_word' id='word_1_867' title='bbox 1204 2531 1311 2559; x_wconf 67' lang='lat' dir='ltr'><strong>videtur</strong></span> <span class='ocrx_word' id='word_1_868' title='bbox 1336 2532 1433 2559; x_wconf 85' lang='lat' dir='ltr'><strong>oratio.</strong></span> <span class='ocrx_word' id='word_1_869' title='bbox 1453 2531 1520 2558; x_wconf 84' lang='lat' dir='ltr'><strong>Cum</strong></span> <span class='ocrx_word' id='word_1_870' title='bbox 1548 2532 1619 2558; x_wconf 88' lang='lat' dir='ltr'><strong>enim</strong></span> <span class='ocrx_word' id='word_1_871' title='bbox 1639 2539 1705 2559; x_wconf 84' lang='lat' dir='ltr'><strong>sane</strong></span> 
     </span>
    </p>
   </div>
   <div class='ocr_carea' id='block_1_113' title="bbox 921 2576 1704 2612">
    <p class='ocr_par' dir='ltr' id='par_1_113' title="bbox 921 2576 1704 2612">
     <span class='ocr_line' id='line_1_113' title="bbox 921 2576 1704 2612; baseline 0.004 -10"><span class='ocrx_word' id='word_1_872' title='bbox 921 2576 1003 2604; x_wconf 85' lang='lat' dir='ltr'><strong>dictis</strong></span> <span class='ocrx_word' id='word_1_873' title='bbox 1033 2576 1175 2604; x_wconf 65' lang='lat' dir='ltr'><strong>hiereticas</strong></span> <span class='ocrx_word' id='word_1_874' title='bbox 1202 2578 1375 2604; x_wconf 87' lang='lat' dir='ltr'><strong>couuniscuit</strong></span> <span class='ocrx_word' id='word_1_875' title='bbox 1405 2577 1541 2609; x_wconf 88' lang='lat' dir='ltr'><strong>notiones,</strong></span> <span class='ocrx_word' id='word_1_876' title='bbox 1568 2577 1704 2612; x_wconf 88' lang='lat' dir='ltr'><strong>lapidibus</strong></span> 
     </span>
    </p>
   </div>
   <div class='ocr_carea' id='block_1_114' title="bbox 922 2622 1704 2656">
    <p class='ocr_par' dir='ltr' id='par_1_114' title="bbox 922 2622 1704 2656">
     <span class='ocr_line' id='line_1_114' title="bbox 922 2622 1704 2656; baseline 0.001 -8"><span class='ocrx_word' id='word_1_877' title='bbox 922 2622 1075 2649; x_wconf 88' lang='lat' dir='ltr'><strong>commistis</strong></span> <span class='ocrx_word' id='word_1_878' title='bbox 1109 2622 1199 2648; x_wconf 89' lang='lat' dir='ltr'><strong>cibum</strong></span> <span class='ocrx_word' id='word_1_879' title='bbox 1226 2622 1313 2650; x_wconf 86' lang='lat' dir='ltr'><strong>reddit</strong></span> <span class='ocrx_word' id='word_1_880' title='bbox 1345 2630 1399 2649; x_wconf 87' lang='lat' dir='ltr'><strong>non</strong></span> <span class='ocrx_word' id='word_1_881' title='bbox 1426 2622 1484 2649; x_wconf 90' lang='lat' dir='ltr'><strong>esui</strong></span> <span class='ocrx_word' id='word_1_882' title='bbox 1512 2625 1615 2656; x_wconf 86' lang='lat' dir='ltr'><strong>aptum.</strong></span> <span class='ocrx_word' id='word_1_883' title='bbox 1634 2622 1704 2649; x_wconf 84' lang='lat' dir='ltr'><strong>Dicit</strong></span> 
     </span>
    </p>
   </div>
   <div class='ocr_carea' id='block_1_115' title="bbox 922 2667 1704 2702">
    <p class='ocr_par' dir='ltr' id='par_1_115' title="bbox 922 2667 1704 2702">
     <span class='ocr_line' id='line_1_115' title="bbox 922 2667 1704 2702; baseline 0.001 -9"><span class='ocrx_word' id='word_1_884' title='bbox 922 2667 994 2694; x_wconf 87' lang='lat' dir='ltr'><strong>enim</strong></span> <span class='ocrx_word' id='word_1_885' title='bbox 1020 2668 1178 2702; x_wconf 81' lang='lat' dir='ltr'><strong>sapientiam</strong></span> <span class='ocrx_word' id='word_1_886' title='bbox 1202 2668 1327 2695; x_wconf 79' lang='lat' dir='ltr'><strong>viventem</strong></span> <span class='ocrx_word' id='word_1_887' title='bbox 1352 2667 1491 2694; x_wconf 82' lang='lat' dir='ltr'><strong>Dominum</strong></span> <span class='ocrx_word' id='word_1_888' title='bbox 1518 2672 1542 2694; x_wconf 87' lang='lat' dir='ltr'><strong>et</strong></span> <span class='ocrx_word' id='word_1_889' title='bbox 1571 2668 1704 2694; x_wconf 73' lang='lat' dir='ltr'><strong>veritatem</strong></span> 
     </span>
    </p>
   </div>
   <div class='ocr_carea' id='block_1_116' title="bbox 924 2713 1705 2749">
    <p class='ocr_par' dir='ltr' id='par_1_116' title="bbox 924 2713 1705 2749">
     <span class='ocr_line' id='line_1_116' title="bbox 924 2713 1705 2749; baseline 0.001 -10"><span class='ocrx_word' id='word_1_890' title='bbox 924 2718 1084 2747; x_wconf 81' lang='lat' dir='ltr'><strong>operantem.</strong></span> <span class='ocrx_word' id='word_1_891' title='bbox 1107 2719 1130 2741; x_wconf 84' lang='lat' dir='ltr'><strong>et</strong></span> <span class='ocrx_word' id='word_1_892' title='bbox 1141 2715 1284 2749; x_wconf 82' lang='lat' dir='ltr'><strong>potentiam</strong></span> <span class='ocrx_word' id='word_1_893' title='bbox 1294 2713 1488 2745; x_wconf 74' lang='lat' dir='ltr'><strong>subsistentem,</strong></span> <span class='ocrx_word' id='word_1_894' title='bbox 1504 2717 1528 2739; x_wconf 86' lang='lat' dir='ltr'><strong>et</strong></span> <span class='ocrx_word' id='word_1_895' title='bbox 1546 2714 1636 2741; x_wconf 80' lang='lat' dir='ltr'><strong>vitam.</strong></span> <span class='ocrx_word' id='word_1_896' title='bbox 1650 2713 1705 2740; x_wconf 90' lang='lat' dir='ltr'><strong>Huc</strong></span> 
     </span>
    </p>
   </div>
   <div class='ocr_carea' id='block_1_117' title="bbox 924 2758 1707 2794">
    <p class='ocr_par' dir='ltr' id='par_1_117' title="bbox 924 2758 1707 2794">
     <span class='ocr_line' id='line_1_117' title="bbox 924 2758 1707 2794; baseline 0.001 -9"><span class='ocrx_word' id='word_1_897' title='bbox 924 2766 1012 2794; x_wconf 88' lang='lat' dir='ltr'><strong>usque</strong></span> <span class='ocrx_word' id='word_1_898' title='bbox 1028 2759 1100 2794; x_wconf 85' lang='lat' dir='ltr'><strong>quod</strong></span> <span class='ocrx_word' id='word_1_899' title='bbox 1112 2762 1201 2793; x_wconf 85' lang='lat' dir='ltr'><strong>potest</strong></span> <span class='ocrx_word' id='word_1_900' title='bbox 1214 2759 1303 2791; x_wconf 84' lang='lat' dir='ltr'><strong>alere;</strong></span> <span class='ocrx_word' id='word_1_901' title='bbox 1320 2759 1368 2786; x_wconf 88' lang='lat' dir='ltr'><strong>sed</strong></span> <span class='ocrx_word' id='word_1_902' title='bbox 1388 2758 1470 2786; x_wconf 87' lang='lat' dir='ltr'><strong>dictis</strong></span> <span class='ocrx_word' id='word_1_903' title='bbox 1486 2767 1618 2786; x_wconf 86' lang='lat' dir='ltr'><strong>venenum</strong></span> <span class='ocrx_word' id='word_1_904' title='bbox 1634 2761 1707 2786; x_wconf 77' lang='lat' dir='ltr'><strong>insc-</strong></span> 
     </span>
    </p>
   </div>
   <div class='ocr_carea' id='block_1_118' title="bbox 133 2856 1706 2895">
    <p class='ocr_par' dir='ltr' id='par_1_118' title="bbox 133 2856 1706 2895">
     <span class='ocr_line' id='line_1_118' title="bbox 133 2856 1706 2895; baseline -0.001 -9"><span class='ocrx_word' id='word_1_905' title='bbox 133 2859 153 2895; x_wconf 64' lang='lat' dir='ltr'><strong>‘f</strong></span> <span class='ocrx_word' id='word_1_906' title='bbox 170 2859 266 2895; x_wconf 75' lang='lat' dir='ltr'><strong>Ephes.</strong></span> <span class='ocrx_word' id='word_1_907' title='bbox 288 2868 324 2891; x_wconf 78' lang='lat' dir='ltr'><strong>iv.</strong></span> <span class='ocrx_word' id='word_1_908' title='bbox 339 2859 385 2887; x_wconf 72' lang='grc'><strong>24.</strong></span> <span class='ocrx_word' id='word_1_909' title='bbox 424 2860 443 2875; x_wconf 64' lang='grc' dir='ltr'>δ’</span> <span class='ocrx_word' id='word_1_910' title='bbox 459 2859 537 2886; x_wconf 85' lang='lat' dir='ltr'><strong>llom.</strong></span> <span class='ocrx_word' id='word_1_911' title='bbox 555 2865 613 2890; x_wconf 85' lang='lat' dir='ltr'><strong>xm,</strong></span> <span class='ocrx_word' id='word_1_912' title='bbox 632 2857 674 2884; x_wconf 82' lang='lat' dir='ltr'><strong>l-l.</strong></span> <span class='ocrx_word' id='word_1_913' title='bbox 713 2857 735 2872; x_wconf 76' lang='lat'>&quot;</span> <span class='ocrx_word' id='word_1_914' title='bbox 755 2857 833 2885; x_wconf 83' lang='lat' dir='ltr'><strong>Joan.</strong></span> <span class='ocrx_word' id='word_1_915' title='bbox 858 2865 914 2892; x_wconf 80' lang='lat' dir='ltr'><strong>xw,</strong></span> <span class='ocrx_word' id='word_1_916' title='bbox 937 2858 964 2886; x_wconf 83' lang='lat'><strong>6.</strong></span> <span class='ocrx_word' id='word_1_917' title='bbox 984 2857 1029 2885; x_wconf 69' lang='lat'><strong>25.</strong></span> <span class='ocrx_word' id='word_1_918' title='bbox 1058 2856 1105 2884; x_wconf 81' lang='grc'><strong>⁸³1</strong></span> <span class='ocrx_word' id='word_1_919' title='bbox 1127 2857 1190 2886; x_wconf 87' lang='lat' dir='ltr'><strong>Cor.</strong></span> <span class='ocrx_word' id='word_1_920' title='bbox 1216 2865 1258 2891; x_wconf 90' lang='grc' dir='ltr'>ιιι,</span> <span class='ocrx_word' id='word_1_921' title='bbox 1282 2857 1325 2886; x_wconf 83' lang='grc' dir='ltr'><strong>Η.</strong></span> <span class='ocrx_word' id='word_1_922' title='bbox 1352 2859 1376 2875; x_wconf 69' lang='grc' dir='ltr'>δι</span> <span class='ocrx_word' id='word_1_923' title='bbox 1390 2857 1469 2887; x_wconf 88' lang='lat' dir='ltr'><strong>Prov.</strong></span> <span class='ocrx_word' id='word_1_924' title='bbox 1493 2866 1551 2891; x_wconf 84' lang='lat' dir='ltr'><strong>vni,</strong></span> <span class='ocrx_word' id='word_1_925' title='bbox 1571 2856 1606 2885; x_wconf 68' lang='grc' dir='ltr'><strong>ει</strong></span> <span class='ocrx_word' id='word_1_926' title='bbox 1628 2865 1706 2893; x_wconf 83' lang='lat' dir='ltr'><strong>seqq.</strong></span> 
     </span>
    </p>
   </div>
   <div class='ocr_carea' id='block_1_119' title="bbox 103 2893 373 2929">
    <p class='ocr_par' dir='ltr' id='par_1_119' title="bbox 103 2893 373 2929">
     <span class='ocr_line' id='line_1_119' title="bbox 103 2893 373 2929; baseline 0.011 -9"><span class='ocrx_word' id='word_1_927' title='bbox 103 2893 123 2908; x_wconf 82' lang='lat'><strong>&quot;</strong></span> <span class='ocrx_word' id='word_1_928' title='bbox 141 2893 209 2923; x_wconf 80' lang='lat' dir='ltr'><strong>Psal.</strong></span> <span class='ocrx_word' id='word_1_929' title='bbox 232 2902 314 2929; x_wconf 83' lang='lat' dir='ltr'><strong>uvu,</strong></span> <span class='ocrx_word' id='word_1_930' title='bbox 329 2895 373 2923; x_wconf 74' lang='grc'><strong>27.</strong></span> 
     </span>
    </p>
   </div>
  </div>
