  <div class='ocr_page' id='page_1' title='image "/cluster/home/n/w/nwhite01/storage/ocr_20150623/45/hvd.32044019826437/267.png"; bbox 0 0 3922 6460; ppageno 0'>
   <div class='ocr_carea' id='block_1_1' title="bbox 546 322 647 376">
    <p class='ocr_par' dir='ltr' id='par_1_1' title="bbox 546 322 647 376">
     <span class='ocr_line' id='line_1_1' title="bbox 546 322 647 376; baseline 0 0"><span class='ocrx_word' id='word_1_1' title='bbox 546 322 647 376; x_wconf 63' lang='grc'><strong>54,</strong></span> 
     </span>
    </p>
   </div>
   <div class='ocr_carea' id='block_1_2' title="bbox 1724 272 2519 368">
    <p class='ocr_par' dir='ltr' id='par_1_2' title="bbox 1724 272 2519 368">
     <span class='ocr_line' id='line_1_2' title="bbox 1724 272 2519 368; baseline -0.005 -1"><span class='ocrx_word' id='word_1_2' title='bbox 1724 272 1730 278; x_wconf 65' lang='grc'><em>’</em></span> <span class='ocrx_word' id='word_1_3' title='bbox 1776 312 1832 367; x_wconf 90' lang='lat' dir='ltr'><strong>s.</strong></span> <span class='ocrx_word' id='word_1_4' title='bbox 1862 310 2189 368; x_wconf 75' lang='lat' dir='ltr'><strong>ouucoun</strong></span> <span class='ocrx_word' id='word_1_5' title='bbox 2230 308 2519 365; x_wconf 64' lang='lat' dir='ltr'><strong>nussum</strong></span> 
     </span>
    </p>
   </div>
   <div class='ocr_carea' id='block_1_3' title="bbox 3652 312 3738 375">
    <p class='ocr_par' dir='ltr' id='par_1_3' title="bbox 3652 312 3738 375">
     <span class='ocr_line' id='line_1_3' title="bbox 3652 312 3738 375; baseline 0.023 -2"><span class='ocrx_word' id='word_1_6' title='bbox 3652 312 3738 375; x_wconf 64' lang='grc' dir='ltr'><strong>τεο</strong></span> 
     </span>
    </p>
   </div>
   <div class='ocr_carea' id='block_1_4' title="bbox 544 423 2107 505">
    <p class='ocr_par' dir='ltr' id='par_1_4' title="bbox 544 432 2105 505">
     <span class='ocr_line' id='line_1_4' title="bbox 544 432 2105 505; baseline -0.004 -14"><span class='ocrx_word' id='word_1_7' title='bbox 544 438 617 491; x_wconf 88' lang='lat' dir='ltr'><strong>rit</strong></span> <span class='ocrx_word' id='word_1_8' title='bbox 650 437 937 490; x_wconf 71' lang='lat' dir='ltr'><strong>haereseos.</strong></span> <span class='ocrx_word' id='word_1_9' title='bbox 968 433 1102 488; x_wconf 85' lang='lat' dir='ltr'><strong>Dum</strong></span> <span class='ocrx_word' id='word_1_10' title='bbox 1142 434 1285 488; x_wconf 88' lang='lat' dir='ltr'><strong>enim</strong></span> <span class='ocrx_word' id='word_1_11' title='bbox 1320 433 1487 487; x_wconf 84' lang='lat' dir='ltr'><strong>vitam</strong></span> <span class='ocrx_word' id='word_1_12' title='bbox 1517 433 1882 505; x_wconf 75' lang='lat' dir='ltr'><strong>generahilem</strong></span> <span class='ocrx_word' id='word_1_13' title='bbox 1928 432 2105 485; x_wconf 83' lang='lat' dir='ltr'><strong>uomi-</strong></span> 
     </span>
    </p>
   </div>
   <div class='ocr_carea' id='block_1_5' title="bbox 2213 423 3737 505">
    <p class='ocr_par' dir='ltr' id='par_1_5' title="bbox 2213 423 3737 501">
     <span class='ocr_line' id='line_1_5' title="bbox 2213 423 3737 501; baseline 0.004 -20"><span class='ocrx_word' id='word_1_14' title='bbox 2213 430 2376 492; x_wconf 73' lang='grc' dir='ltr'>δντως</span> <span class='ocrx_word' id='word_1_15' title='bbox 2407 428 2569 499; x_wconf 76' lang='grc' dir='ltr'>ζωὴν,</span> <span class='ocrx_word' id='word_1_16' title='bbox 2609 429 2701 482; x_wconf 83' lang='grc' dir='ltr'>τὸν</span> <span class='ocrx_word' id='word_1_17' title='bbox 2734 430 2863 481; x_wconf 84' lang='grc' dir='ltr'>Υίδν</span> <span class='ocrx_word' id='word_1_18' title='bbox 2894 428 3219 483; x_wconf 84' lang='grc' dir='ltr'>ὑποτίθεται.</span> <span class='ocrx_word' id='word_1_19' title='bbox 3266 423 3396 481; x_wconf 79' lang='grc' dir='ltr'>Εἶτα</span> <span class='ocrx_word' id='word_1_20' title='bbox 3434 432 3611 500; x_wconf 79' lang='grc' dir='ltr'>φησίν’</span> <span class='ocrx_word' id='word_1_21' title='bbox 3660 435 3737 501; x_wconf 83' lang='grc' dir='ltr'>Ὠς</span> 
     </span>
    </p>
   </div>
   <div class='ocr_carea' id='block_1_6' title="bbox 543 523 2107 596">
    <p class='ocr_par' dir='ltr' id='par_1_6' title="bbox 543 523 2107 596">
     <span class='ocr_line' id='line_1_6' title="bbox 543 523 2107 596; baseline -0.004 -16"><span class='ocrx_word' id='word_1_22' title='bbox 543 535 659 591; x_wconf 87' lang='lat' dir='ltr'><strong>nat,</strong></span> <span class='ocrx_word' id='word_1_23' title='bbox 692 526 840 580; x_wconf 83' lang='lat' dir='ltr'><strong>aliud</strong></span> <span class='ocrx_word' id='word_1_24' title='bbox 881 524 1139 596; x_wconf 84' lang='lat' dir='ltr'><strong>quiddam</strong></span> <span class='ocrx_word' id='word_1_25' title='bbox 1170 524 1316 595; x_wconf 87' lang='lat' dir='ltr'><strong>quod</strong></span> <span class='ocrx_word' id='word_1_26' title='bbox 1355 524 1704 594; x_wconf 74' lang='lat' dir='ltr'><strong>ingeneraluli</strong></span> <span class='ocrx_word' id='word_1_27' title='bbox 1741 526 1863 577; x_wconf 72' lang='lat' dir='ltr'><strong>vita:</strong></span> <span class='ocrx_word' id='word_1_28' title='bbox 1906 523 1978 577; x_wconf 88' lang='lat' dir='ltr'><strong>sit</strong></span> <span class='ocrx_word' id='word_1_29' title='bbox 2011 537 2107 590; x_wconf 89' lang='lat' dir='ltr'><strong>op-</strong></span> 
     </span>
    </p>
   </div>
   <div class='ocr_carea' id='block_1_7' title="bbox 545 616 2107 688">
    <p class='ocr_par' dir='ltr' id='par_1_7' title="bbox 545 616 2107 688">
     <span class='ocr_line' id='line_1_7' title="bbox 545 616 2107 688; baseline -0.001 -16"><span class='ocrx_word' id='word_1_30' title='bbox 545 619 780 688; x_wconf 87' lang='lat' dir='ltr'><strong>positum</strong></span> <span class='ocrx_word' id='word_1_31' title='bbox 832 618 1101 687; x_wconf 73' lang='lat' dir='ltr'><strong>intelligit,</strong></span> <span class='ocrx_word' id='word_1_32' title='bbox 1142 632 1318 687; x_wconf 83' lang='lat' dir='ltr'><strong>neque</strong></span> <span class='ocrx_word' id='word_1_33' title='bbox 1367 616 1563 670; x_wconf 88' lang='lat' dir='ltr'><strong>Filium</strong></span> <span class='ocrx_word' id='word_1_34' title='bbox 1595 632 1719 670; x_wconf 84' lang='lat' dir='ltr'><strong>vere</strong></span> <span class='ocrx_word' id='word_1_35' title='bbox 1778 616 1940 669; x_wconf 80' lang='lat' dir='ltr'><strong>vitam</strong></span> <span class='ocrx_word' id='word_1_36' title='bbox 1984 630 2107 670; x_wconf 86' lang='lat' dir='ltr'><strong>esse</strong></span> 
     </span>
    </p>
   </div>
   <div class='ocr_carea' id='block_1_8' title="bbox 542 706 2104 781">
    <p class='ocr_par' dir='ltr' id='par_1_8' title="bbox 542 706 2104 781">
     <span class='ocr_line' id='line_1_8' title="bbox 542 706 2104 781; baseline -0.005 -16"><span class='ocrx_word' id='word_1_37' title='bbox 542 710 823 781; x_wconf 79' lang='lat' dir='ltr'><strong>supponit.</strong></span> <span class='ocrx_word' id='word_1_38' title='bbox 861 708 1065 764; x_wconf 82' lang='lat' dir='ltr'><strong>Deinde</strong></span> <span class='ocrx_word' id='word_1_39' title='bbox 1095 708 1247 774; x_wconf 90' lang='lat' dir='ltr'><strong>dicit,</strong></span> <span class='ocrx_word' id='word_1_40' title='bbox 1292 707 1358 761; x_wconf 89' lang='lat' dir='ltr'><strong>Ut</strong></span> <span class='ocrx_word' id='word_1_41' title='bbox 1381 706 1582 760; x_wconf 87' lang='lat' dir='ltr'><strong>Filium</strong></span> <span class='ocrx_word' id='word_1_42' title='bbox 1620 706 1714 759; x_wconf 88' lang='lat' dir='ltr'><strong>Dei</strong></span> <span class='ocrx_word' id='word_1_43' title='bbox 1756 706 2104 773; x_wconf 81' lang='lat' dir='ltr'><strong>vivificantem</strong></span> 
     </span>
    </p>
   </div>
   <div class='ocr_carea' id='block_1_9' title="bbox 542 796 2106 864">
    <p class='ocr_par' dir='ltr' id='par_1_9' title="bbox 542 796 2106 864">
     <span class='ocr_line' id='line_1_9' title="bbox 542 796 2106 864; baseline -0.004 -13"><span class='ocrx_word' id='word_1_44' title='bbox 542 809 797 858; x_wconf 76' lang='lat' dir='ltr'><strong>mortuos.</strong></span> <span class='ocrx_word' id='word_1_45' title='bbox 846 798 1011 851; x_wconf 83' lang='lat' dir='ltr'><strong>lucem</strong></span> <span class='ocrx_word' id='word_1_46' title='bbox 1042 814 1234 860; x_wconf 78' lang='lat' dir='ltr'><strong>rerum,</strong></span> <span class='ocrx_word' id='word_1_47' title='bbox 1304 796 1472 849; x_wconf 87' lang='lat' dir='ltr'><strong>lucem</strong></span> <span class='ocrx_word' id='word_1_48' title='bbox 1538 812 1653 864; x_wconf 76' lang='lat' dir='ltr'><strong>qua:</strong></span> <span class='ocrx_word' id='word_1_49' title='bbox 1678 796 1942 848; x_wconf 85' lang='lat' dir='ltr'><strong>illuminat</strong></span> <span class='ocrx_word' id='word_1_50' title='bbox 1993 811 2106 848; x_wconf 82' lang='lat' dir='ltr'><strong>om-</strong></span> 
     </span>
    </p>
   </div>
   <div class='ocr_carea' id='block_1_10' title="bbox 543 884 2100 952">
    <p class='ocr_par' dir='ltr' id='par_1_10' title="bbox 543 884 2100 952">
     <span class='ocr_line' id='line_1_10' title="bbox 543 884 2100 952; baseline -0.004 -7"><span class='ocrx_word' id='word_1_51' title='bbox 543 884 660 945; x_wconf 87' lang='lat' dir='ltr'><strong>nem</strong></span> <span class='ocrx_word' id='word_1_52' title='bbox 724 891 982 943; x_wconf 77' lang='lat' dir='ltr'><strong>hominem</strong></span> <span class='ocrx_word' id='word_1_53' title='bbox 1074 890 1354 942; x_wconf 82' lang='lat' dir='ltr'><strong>renientem</strong></span> <span class='ocrx_word' id='word_1_54' title='bbox 1421 889 1474 941; x_wconf 89' lang='lat' dir='ltr'><strong>in</strong></span> <span class='ocrx_word' id='word_1_55' title='bbox 1529 888 1664 940; x_wconf 84' lang='lat' dir='ltr'><strong>hunc</strong></span> <span class='ocrx_word' id='word_1_56' title='bbox 1733 887 1982 940; x_wconf 81' lang='lat' dir='ltr'><strong>mundum</strong></span> <span class='ocrx_word' id='word_1_57' title='bbox 2027 886 2100 952; x_wconf 80' lang='lat'><strong>“,</strong></span> 
     </span>
    </p>
   </div>
   <div class='ocr_carea' id='block_1_11' title="bbox 542 974 2105 1044">
    <p class='ocr_par' dir='ltr' id='par_1_11' title="bbox 542 974 2105 1044">
     <span class='ocr_line' id='line_1_11' title="bbox 542 974 2105 1044; baseline -0.003 -12"><span class='ocrx_word' id='word_1_58' title='bbox 542 978 732 1032; x_wconf 77' lang='lat' dir='ltr'><strong>bonum</strong></span> <span class='ocrx_word' id='word_1_59' title='bbox 760 988 808 1029; x_wconf 88' lang='lat' dir='ltr'><strong>et</strong></span> <span class='ocrx_word' id='word_1_60' title='bbox 850 976 1287 1044; x_wconf 78' lang='lat' dir='ltr'><strong>suppedilalorem</strong></span> <span class='ocrx_word' id='word_1_61' title='bbox 1332 976 1583 1029; x_wconf 87' lang='lat' dir='ltr'><strong>bonorum</strong></span> <span class='ocrx_word' id='word_1_62' title='bbox 1612 990 1630 1027; x_wconf 90' lang='lat'><strong>:</strong></span> <span class='ocrx_word' id='word_1_63' title='bbox 1657 975 1767 1027; x_wconf 67' lang='lat' dir='ltr'><strong>haec</strong></span> <span class='ocrx_word' id='word_1_64' title='bbox 1799 974 1978 1026; x_wconf 83' lang='lat' dir='ltr'><strong>omnia</strong></span> <span class='ocrx_word' id='word_1_65' title='bbox 2007 989 2105 1043; x_wconf 91' lang='lat' dir='ltr'><strong>pro</strong></span> 
     </span>
    </p>
   </div>
   <div class='ocr_carea' id='block_1_12' title="bbox 540 1062 2102 1135">
    <p class='ocr_par' dir='ltr' id='par_1_12' title="bbox 540 1062 2102 1135">
     <span class='ocr_line' id='line_1_12' title="bbox 540 1062 2102 1135; baseline -0.003 -15"><span class='ocrx_word' id='word_1_66' title='bbox 540 1067 775 1135; x_wconf 86' lang='lat' dir='ltr'><strong>quodam</strong></span> <span class='ocrx_word' id='word_1_67' title='bbox 816 1067 977 1118; x_wconf 84' lang='lat' dir='ltr'><strong>melle</strong></span> <span class='ocrx_word' id='word_1_68' title='bbox 1031 1064 1453 1133; x_wconf 87' lang='lat' dir='ltr'><strong>simplicioribus</strong></span> <span class='ocrx_word' id='word_1_69' title='bbox 1498 1064 1847 1133; x_wconf 85' lang='lat' dir='ltr'><strong>protendens,</strong></span> <span class='ocrx_word' id='word_1_70' title='bbox 1904 1062 2102 1116; x_wconf 88' lang='lat' dir='ltr'><strong>horum</strong></span> 
     </span>
    </p>
   </div>
   <div class='ocr_carea' id='block_1_13' title="bbox 539 1154 2106 1210">
    <p class='ocr_par' dir='ltr' id='par_1_13' title="bbox 539 1154 2106 1210">
     <span class='ocr_line' id='line_1_13' title="bbox 539 1154 2106 1210; baseline -0.002 -1"><span class='ocrx_word' id='word_1_71' title='bbox 539 1156 829 1210; x_wconf 73' lang='lat' dir='ltr'><strong>verborum</strong></span> <span class='ocrx_word' id='word_1_72' title='bbox 860 1154 1150 1208; x_wconf 83' lang='lat' dir='ltr'><strong>dulcedine</strong></span> <span class='ocrx_word' id='word_1_73' title='bbox 1213 1154 1374 1208; x_wconf 84' lang='lat' dir='ltr'><strong>letale</strong></span> <span class='ocrx_word' id='word_1_74' title='bbox 1424 1154 1581 1207; x_wconf 92' lang='lat' dir='ltr'><strong>virus</strong></span> <span class='ocrx_word' id='word_1_75' title='bbox 1618 1154 1893 1207; x_wconf 83' lang='lat' dir='ltr'><strong>occultat.:</strong></span> <span class='ocrx_word' id='word_1_76' title='bbox 1928 1155 2106 1208; x_wconf 62' lang='lat' dir='ltr'><strong>conti-</strong></span> 
     </span>
    </p>
   </div>
   <div class='ocr_carea' id='block_1_14' title="bbox 539 1246 2101 1314">
    <p class='ocr_par' dir='ltr' id='par_1_14' title="bbox 539 1246 2101 1314">
     <span class='ocr_line' id='line_1_14' title="bbox 539 1246 2101 1314; baseline -0.001 -13"><span class='ocrx_word' id='word_1_77' title='bbox 539 1263 650 1301; x_wconf 89' lang='lat' dir='ltr'><strong>uno</strong></span> <span class='ocrx_word' id='word_1_78' title='bbox 680 1247 823 1301; x_wconf 92' lang='lat' dir='ltr'><strong>enim</strong></span> <span class='ocrx_word' id='word_1_79' title='bbox 854 1246 1017 1301; x_wconf 91' lang='lat' dir='ltr'><strong>dictis</strong></span> <span class='ocrx_word' id='word_1_80' title='bbox 1049 1246 1283 1300; x_wconf 87' lang='lat' dir='ltr'><strong>subinde</strong></span> <span class='ocrx_word' id='word_1_81' title='bbox 1309 1261 1469 1301; x_wconf 81' lang='lat' dir='ltr'><strong>suum</strong></span> <span class='ocrx_word' id='word_1_82' title='bbox 1504 1246 1875 1314; x_wconf 89' lang='lat' dir='ltr'><strong>perniciosum</strong></span> <span class='ocrx_word' id='word_1_83' title='bbox 1925 1254 1981 1300; x_wconf 91' lang='lat' dir='ltr'><strong>et</strong></span> <span class='ocrx_word' id='word_1_84' title='bbox 2017 1246 2101 1299; x_wconf 81' lang='lat' dir='ltr'><strong>vi-</strong></span> 
     </span>
    </p>
   </div>
   <div class='ocr_carea' id='block_1_15' title="bbox 538 1322 2102 1407">
    <p class='ocr_par' dir='ltr' id='par_1_15' title="bbox 538 1322 2102 1407">
     <span class='ocr_line' id='line_1_15' title="bbox 538 1322 2102 1407; baseline -0.002 -13"><span class='ocrx_word' id='word_1_85' title='bbox 538 1339 813 1394; x_wconf 86' lang='lat' dir='ltr'><strong>rulentum</strong></span> <span class='ocrx_word' id='word_1_86' title='bbox 851 1336 1018 1391; x_wconf 86' lang='lat' dir='ltr'><strong>animi</strong></span> <span class='ocrx_word' id='word_1_87' title='bbox 1067 1352 1290 1392; x_wconf 87' lang='lat' dir='ltr'><strong>sensum</strong></span> <span class='ocrx_word' id='word_1_88' title='bbox 1343 1337 1546 1407; x_wconf 88' lang='lat' dir='ltr'><strong>prodit,</strong></span> <span class='ocrx_word' id='word_1_89' title='bbox 1581 1337 1708 1392; x_wconf 91' lang='lat' dir='ltr'><strong>dum</strong></span> <span class='ocrx_word' id='word_1_90' title='bbox 1744 1322 1924 1391; x_wconf 86' lang='lat' dir='ltr'><strong>dicit:</strong></span> <span class='ocrx_word' id='word_1_91' title='bbox 1978 1336 2102 1391; x_wconf 81' lang='lat' dir='ltr'><strong>Non</strong></span> 
     </span>
    </p>
   </div>
   <div class='ocr_carea' id='block_1_16' title="bbox 535 1427 2101 1498">
    <p class='ocr_par' dir='ltr' id='par_1_16' title="bbox 535 1427 2101 1498">
     <span class='ocr_line' id='line_1_16' title="bbox 535 1427 2101 1498; baseline -0.001 -15"><span class='ocrx_word' id='word_1_92' title='bbox 535 1446 654 1483; x_wconf 87' lang='lat' dir='ltr'><strong>cum</strong></span> <span class='ocrx_word' id='word_1_93' title='bbox 690 1445 750 1482; x_wconf 88' lang='lat' dir='ltr'><strong>eo</strong></span> <span class='ocrx_word' id='word_1_94' title='bbox 775 1430 865 1497; x_wconf 86' lang='lat' dir='ltr'><strong>qui</strong></span> <span class='ocrx_word' id='word_1_95' title='bbox 888 1428 1065 1497; x_wconf 81' lang='lat' dir='ltr'><strong>genuit</strong></span> <span class='ocrx_word' id='word_1_96' title='bbox 1096 1428 1258 1481; x_wconf 69' lang='lat' dir='ltr'><strong>simul</strong></span> <span class='ocrx_word' id='word_1_97' title='bbox 1286 1427 1562 1498; x_wconf 73' lang='lat' dir='ltr'><strong>dignitatis</strong></span> <span class='ocrx_word' id='word_1_98' title='bbox 1576 1438 1778 1496; x_wconf 80' lang='lat' dir='ltr'><strong>partem</strong></span> <span class='ocrx_word' id='word_1_99' title='bbox 1805 1430 2064 1496; x_wconf 79' lang='lat' dir='ltr'><strong>accepisse</strong></span> <span class='ocrx_word' id='word_1_100' title='bbox 2082 1445 2101 1482; x_wconf 90' lang='lat'><strong>:</strong></span> 
     </span>
    </p>
   </div>
   <div class='ocr_carea' id='block_1_17' title="bbox 536 1517 2101 1587">
    <p class='ocr_par' dir='ltr' id='par_1_17' title="bbox 536 1517 2101 1587">
     <span class='ocr_line' id='line_1_17' title="bbox 536 1517 2101 1587; baseline -0.001 -13"><span class='ocrx_word' id='word_1_101' title='bbox 536 1535 639 1574; x_wconf 80' lang='lat' dir='ltr'><strong>non</strong></span> <span class='ocrx_word' id='word_1_102' title='bbox 662 1517 757 1571; x_wconf 91' lang='lat' dir='ltr'><strong>alii</strong></span> <span class='ocrx_word' id='word_1_103' title='bbox 788 1518 1031 1583; x_wconf 87' lang='lat' dir='ltr'><strong>cuiquam</strong></span> <span class='ocrx_word' id='word_1_104' title='bbox 1060 1521 1291 1587; x_wconf 87' lang='lat' dir='ltr'><strong>patriam</strong></span> <span class='ocrx_word' id='word_1_105' title='bbox 1337 1519 1624 1571; x_wconf 72' lang='lat' dir='ltr'><strong>essentiam</strong></span> <span class='ocrx_word' id='word_1_106' title='bbox 1653 1534 1771 1572; x_wconf 68' lang='lat' dir='ltr'><strong>esse</strong></span> <span class='ocrx_word' id='word_1_107' title='bbox 1813 1519 2101 1573; x_wconf 75' lang='lat' dir='ltr'><strong>tributam:</strong></span> 
     </span>
    </p>
   </div>
   <div class='ocr_carea' id='block_1_18' title="bbox 535 1609 2103 1681">
    <p class='ocr_par' dir='ltr' id='par_1_18' title="bbox 535 1609 2103 1681">
     <span class='ocr_line' id='line_1_18' title="bbox 535 1609 2103 1681; baseline -0.001 -16"><span class='ocrx_word' id='word_1_108' title='bbox 535 1609 626 1665; x_wconf 77' lang='lat' dir='ltr'><strong>sed</strong></span> <span class='ocrx_word' id='word_1_109' title='bbox 659 1619 831 1661; x_wconf 79' lang='lat' dir='ltr'><strong>ortum</strong></span> <span class='ocrx_word' id='word_1_110' title='bbox 864 1624 976 1662; x_wconf 68' lang='lat' dir='ltr'><strong>esse</strong></span> <span class='ocrx_word' id='word_1_111' title='bbox 1029 1625 1089 1661; x_wconf 74' lang='lat' dir='ltr'><strong>ex</strong></span> <span class='ocrx_word' id='word_1_112' title='bbox 1119 1609 1318 1662; x_wconf 69' lang='lat' dir='ltr'><strong>illustri</strong></span> <span class='ocrx_word' id='word_1_113' title='bbox 1347 1610 1676 1678; x_wconf 82' lang='lat' dir='ltr'><strong>generatione</strong></span> <span class='ocrx_word' id='word_1_114' title='bbox 1722 1610 1881 1664; x_wconf 87' lang='lat' dir='ltr'><strong>etiam</strong></span> <span class='ocrx_word' id='word_1_115' title='bbox 1916 1610 2103 1681; x_wconf 67' lang='lat' dir='ltr'><strong>gloria</strong></span> 
     </span>
    </p>
   </div>
   <div class='ocr_carea' id='block_1_19' title="bbox 532 1698 2100 1770">
    <p class='ocr_par' dir='ltr' id='par_1_19' title="bbox 532 1698 2100 1770">
     <span class='ocr_line' id='line_1_19' title="bbox 532 1698 2100 1770; baseline -0.001 -14"><span class='ocrx_word' id='word_1_116' title='bbox 532 1702 825 1756; x_wconf 87' lang='lat' dir='ltr'><strong>Dominum.</strong></span> <span class='ocrx_word' id='word_1_117' title='bbox 865 1709 915 1754; x_wconf 85' lang='lat' dir='ltr'><strong>et</strong></span> <span class='ocrx_word' id='word_1_118' title='bbox 944 1716 975 1753; x_wconf 89' lang='lat' dir='ltr'><strong>a</strong></span> <span class='ocrx_word' id='word_1_119' title='bbox 1017 1698 1182 1753; x_wconf 85' lang='lat' dir='ltr'><strong>Patre</strong></span> <span class='ocrx_word' id='word_1_120' title='bbox 1223 1701 1447 1770; x_wconf 85' lang='lat' dir='ltr'><strong>gloriam</strong></span> <span class='ocrx_word' id='word_1_121' title='bbox 1490 1704 1769 1769; x_wconf 74' lang='lat' dir='ltr'><strong>accepisse,</strong></span> <span class='ocrx_word' id='word_1_122' title='bbox 1817 1718 1915 1753; x_wconf 90' lang='lat' dir='ltr'><strong>non</strong></span> <span class='ocrx_word' id='word_1_123' title='bbox 1956 1702 2100 1755; x_wconf 81' lang='lat' dir='ltr'><strong>illius</strong></span> 
     </span>
    </p>
   </div>
   <div class='ocr_carea' id='block_1_20' title="bbox 2222 519 3738 592">
    <p class='ocr_par' dir='ltr' id='par_1_20' title="bbox 2222 519 3738 592">
     <span class='ocr_line' id='line_1_20' title="bbox 2222 519 3738 592; baseline 0.003 -20"><span class='ocrx_word' id='word_1_124' title='bbox 2222 520 2359 573; x_wconf 79' lang='grc' dir='ltr'>Υίὸν</span> <span class='ocrx_word' id='word_1_125' title='bbox 2389 520 2535 574; x_wconf 84' lang='grc' dir='ltr'><strong>Θεοῦ</strong></span> <span class='ocrx_word' id='word_1_126' title='bbox 2578 519 2969 580; x_wconf 75' lang='grc' dir='ltr'><strong>ζωοποιοῦντα</strong></span> <span class='ocrx_word' id='word_1_127' title='bbox 3004 521 3144 585; x_wconf 86' lang='grc' dir='ltr'>τοὺς</span> <span class='ocrx_word' id='word_1_128' title='bbox 3172 521 3443 588; x_wconf 77' lang='grc' dir='ltr'>νεκροὺς,</span> <span class='ocrx_word' id='word_1_129' title='bbox 3473 522 3587 589; x_wconf 65' lang='grc' dir='ltr'>φῶς</span> <span class='ocrx_word' id='word_1_130' title='bbox 3618 526 3738 592; x_wconf 60' lang='lat' dir='ltr'><strong>(Liq-</strong></span> 
     </span>
    </p>
   </div>
   <div class='ocr_carea' id='block_1_21' title="bbox 2211 609 3740 679">
    <p class='ocr_par' dir='ltr' id='par_1_21' title="bbox 2211 609 3740 679">
     <span class='ocr_line' id='line_1_21' title="bbox 2211 609 3740 679; baseline 0.002 -15"><span class='ocrx_word' id='word_1_131' title='bbox 2211 610 2399 674; x_wconf 76' lang='grc' dir='ltr'>θινὸν,</span> <span class='ocrx_word' id='word_1_132' title='bbox 2433 610 2557 678; x_wconf 71' lang='grc' dir='ltr'>φῶς</span> <span class='ocrx_word' id='word_1_133' title='bbox 2595 610 2843 679; x_wconf 69' lang='grc' dir='ltr'>φωτίζον</span> <span class='ocrx_word' id='word_1_134' title='bbox 2890 609 3085 663; x_wconf 79' lang='grc' dir='ltr'>πάντα</span> <span class='ocrx_word' id='word_1_135' title='bbox 3116 610 3430 678; x_wconf 77' lang='grc' dir='ltr'>ἄνθρωπον</span> <span class='ocrx_word' id='word_1_136' title='bbox 3454 612 3740 679; x_wconf 78' lang='grc' dir='ltr'><strong>ἐρχόμενον</strong></span> 
     </span>
    </p>
   </div>
   <div class='ocr_carea' id='block_1_22' title="bbox 2209 701 3737 772">
    <p class='ocr_par' dir='ltr' id='par_1_22' title="bbox 2209 701 3737 772">
     <span class='ocr_line' id='line_1_22' title="bbox 2209 701 3737 772; baseline 0.003 -19"><span class='ocrx_word' id='word_1_137' title='bbox 2209 702 2297 766; x_wconf 76' lang='grc' dir='ltr'>εἰς</span> <span class='ocrx_word' id='word_1_138' title='bbox 2338 701 2447 754; x_wconf 82' lang='grc' dir='ltr'><strong>τὸν</strong></span> <span class='ocrx_word' id='word_1_139' title='bbox 2481 703 2743 770; x_wconf 71' lang='grc' dir='ltr'>κόσμον,</span> <span class='ocrx_word' id='word_1_140' title='bbox 2805 701 3029 771; x_wconf 79' lang='grc' dir='ltr'>ἀγαθὸν</span> <span class='ocrx_word' id='word_1_141' title='bbox 3081 701 3178 753; x_wconf 79' lang='grc' dir='ltr'><strong>καὶ</strong></span> <span class='ocrx_word' id='word_1_142' title='bbox 3222 704 3478 771; x_wconf 72' lang='grc' dir='ltr'>χορηγύν</span> <span class='ocrx_word' id='word_1_143' title='bbox 3517 704 3737 772; x_wconf 74' lang='grc' dir='ltr'>ἀγαθῶν.</span> 
     </span>
    </p>
   </div>
   <div class='ocr_carea' id='block_1_23' title="bbox 2211 791 3740 863">
    <p class='ocr_par' dir='ltr' id='par_1_23' title="bbox 2211 791 3740 863">
     <span class='ocr_line' id='line_1_23' title="bbox 2211 791 3740 863; baseline 0.002 -19"><span class='ocrx_word' id='word_1_144' title='bbox 2211 791 2395 845; x_wconf 80' lang='grc' dir='ltr'>Ταῦτα</span> <span class='ocrx_word' id='word_1_145' title='bbox 2422 793 2597 845; x_wconf 86' lang='grc' dir='ltr'>πάντα</span> <span class='ocrx_word' id='word_1_146' title='bbox 2636 794 2757 846; x_wconf 71' lang='grc' dir='ltr'>ἀντὶ</span> <span class='ocrx_word' id='word_1_147' title='bbox 2794 793 3007 863; x_wconf 80' lang='grc' dir='ltr'>μέλιτός</span> <span class='ocrx_word' id='word_1_148' title='bbox 3050 810 3193 857; x_wconf 86' lang='grc' dir='ltr'>τινος</span> <span class='ocrx_word' id='word_1_149' title='bbox 3222 796 3335 856; x_wconf 84' lang='grc' dir='ltr'>τοῖς</span> <span class='ocrx_word' id='word_1_150' title='bbox 3371 794 3740 863; x_wconf 79' lang='grc' dir='ltr'>ἀκεραιοτέροις</span> 
     </span>
    </p>
   </div>
   <div class='ocr_carea' id='block_1_24' title="bbox 2211 882 3740 953">
    <p class='ocr_par' dir='ltr' id='par_1_24' title="bbox 2211 882 3740 953">
     <span class='ocr_line' id='line_1_24' title="bbox 2211 882 3740 953; baseline 0.002 -20"><span class='ocrx_word' id='word_1_151' title='bbox 2211 883 2526 952; x_wconf 79' lang='grc' dir='ltr'><strong>προτείνων,</strong></span> <span class='ocrx_word' id='word_1_152' title='bbox 2576 882 2913 953; x_wconf 79' lang='grc' dir='ltr'>ὑποκρύπτει</span> <span class='ocrx_word' id='word_1_153' title='bbox 2943 886 3009 953; x_wconf 77' lang='grc' dir='ltr'>τῇ</span> <span class='ocrx_word' id='word_1_154' title='bbox 3051 883 3345 952; x_wconf 79' lang='grc' dir='ltr'><strong>γλυκύτητι</strong></span> <span class='ocrx_word' id='word_1_155' title='bbox 3379 882 3484 935; x_wconf 82' lang='grc' dir='ltr'><strong>τῶν</strong></span> <span class='ocrx_word' id='word_1_156' title='bbox 3516 885 3740 953; x_wconf 78' lang='grc' dir='ltr'><strong>ῥημάτων</strong></span> 
     </span>
    </p>
   </div>
   <div class='ocr_carea' id='block_1_25' title="bbox 2208 971 3741 1044">
    <p class='ocr_par' dir='ltr' id='par_1_25' title="bbox 2208 971 3741 1044">
     <span class='ocr_line' id='line_1_25' title="bbox 2208 971 3741 1044; baseline 0.002 -22"><span class='ocrx_word' id='word_1_157' title='bbox 2208 971 2410 1025; x_wconf 84' lang='grc' dir='ltr'>τούτων</span> <span class='ocrx_word' id='word_1_158' title='bbox 2441 973 2501 1025; x_wconf 85' lang='grc' dir='ltr'><strong>τὸ</strong></span> <span class='ocrx_word' id='word_1_159' title='bbox 2529 974 2869 1043; x_wconf 80' lang='grc' dir='ltr'><strong>δηλητήριον.</strong></span> <span class='ocrx_word' id='word_1_160' title='bbox 2927 972 3101 1035; x_wconf 82' lang='grc' dir='ltr'><strong>Εὐθὺς</strong></span> <span class='ocrx_word' id='word_1_161' title='bbox 3138 974 3244 1044; x_wconf 89' lang='grc' dir='ltr'><strong>γάρ</strong></span> <span class='ocrx_word' id='word_1_162' title='bbox 3270 973 3465 1039; x_wconf 82' lang='grc' dir='ltr'><strong>ἐπάγει</strong></span> <span class='ocrx_word' id='word_1_163' title='bbox 3493 976 3597 1034; x_wconf 87' lang='grc' dir='ltr'>τοῖς</span> <span class='ocrx_word' id='word_1_164' title='bbox 3615 976 3741 1044; x_wconf 70' lang='grc' dir='ltr'>εἰρη-</span> 
     </span>
    </p>
   </div>
   <div class='ocr_carea' id='block_1_26' title="bbox 2213 1063 3742 1134">
    <p class='ocr_par' dir='ltr' id='par_1_26' title="bbox 2213 1063 3742 1134">
     <span class='ocr_line' id='line_1_26' title="bbox 2213 1063 3742 1134; baseline 0.001 -19"><span class='ocrx_word' id='word_1_165' title='bbox 2213 1063 2393 1133; x_wconf 77' lang='grc' dir='ltr'><strong>μένοις</strong></span> <span class='ocrx_word' id='word_1_166' title='bbox 2413 1064 2473 1116; x_wconf 86' lang='grc' dir='ltr'><strong>τὸ</strong></span> <span class='ocrx_word' id='word_1_167' title='bbox 2502 1064 2821 1134; x_wconf 81' lang='grc' dir='ltr'>φθοροποιὸν</span> <span class='ocrx_word' id='word_1_168' title='bbox 2846 1063 3007 1117; x_wconf 82' lang='grc' dir='ltr'>αὐτοῦ</span> <span class='ocrx_word' id='word_1_169' title='bbox 3032 1065 3225 1134; x_wconf 87' lang='grc' dir='ltr'>νόημα,</span> <span class='ocrx_word' id='word_1_170' title='bbox 3256 1064 3429 1132; x_wconf 82' lang='grc' dir='ltr'>λέγων</span> <span class='ocrx_word' id='word_1_171' title='bbox 3447 1080 3462 1095; x_wconf 74' lang='grc' dir='ltr'><strong>ο</strong></span> <span class='ocrx_word' id='word_1_172' title='bbox 3508 1066 3639 1132; x_wconf 81' lang='grc' dir='ltr'><strong>Οὐχί</strong></span> <span class='ocrx_word' id='word_1_173' title='bbox 3679 1066 3742 1129; x_wconf 74' lang='grc' dir='ltr'>τῷ</span> 
     </span>
    </p>
   </div>
   <div class='ocr_carea' id='block_1_27' title="bbox 2210 1154 3743 1224">
    <p class='ocr_par' dir='ltr' id='par_1_27' title="bbox 2210 1154 3743 1224">
     <span class='ocr_line' id='line_1_27' title="bbox 2210 1154 3743 1224; baseline 0.001 -17"><span class='ocrx_word' id='word_1_174' title='bbox 2210 1154 2572 1223; x_wconf 75' lang='grc' dir='ltr'><strong>γεννήσαντι</strong></span> <span class='ocrx_word' id='word_1_175' title='bbox 2602 1155 3125 1224; x_wconf 77' lang='grc' dir='ltr'>σινμμερισάμενον</span> <span class='ocrx_word' id='word_1_176' title='bbox 3155 1154 3271 1222; x_wconf 78' lang='grc' dir='ltr'>τὴν</span> <span class='ocrx_word' id='word_1_177' title='bbox 3292 1155 3470 1216; x_wconf 76' lang='grc' dir='ltr'>ἀξίαν</span> <span class='ocrx_word' id='word_1_178' title='bbox 3491 1172 3503 1184; x_wconf 76' lang='grc' dir='ltr'><strong><em>ο</em></strong></span> <span class='ocrx_word' id='word_1_179' title='bbox 3537 1157 3637 1208; x_wconf 82' lang='grc' dir='ltr'><strong>οὐκ</strong></span> <span class='ocrx_word' id='word_1_180' title='bbox 3662 1156 3743 1208; x_wconf 73' lang='grc' dir='ltr'><strong>ἁλ-</strong></span> 
     </span>
    </p>
   </div>
   <div class='ocr_carea' id='block_1_28' title="bbox 2207 1248 3742 1316">
    <p class='ocr_par' dir='ltr' id='par_1_28' title="bbox 2207 1248 3742 1316">
     <span class='ocr_line' id='line_1_28' title="bbox 2207 1248 3742 1316; baseline 0.001 -16"><span class='ocrx_word' id='word_1_181' title='bbox 2207 1251 2295 1311; x_wconf 63' lang='lat' dir='ltr'><strong>lo)</strong></span> <span class='ocrx_word' id='word_1_182' title='bbox 2325 1248 2442 1300; x_wconf 80' lang='grc' dir='ltr'>τινὶ</span> <span class='ocrx_word' id='word_1_183' title='bbox 2472 1249 2585 1316; x_wconf 77' lang='grc' dir='ltr'><strong>τὴν</strong></span> <span class='ocrx_word' id='word_1_184' title='bbox 2623 1248 2920 1316; x_wconf 78' lang='grc' dir='ltr'>πατρικὴν</span> <span class='ocrx_word' id='word_1_185' title='bbox 2952 1250 3171 1302; x_wconf 79' lang='grc' dir='ltr'>οὐσίαν</span> <span class='ocrx_word' id='word_1_186' title='bbox 3195 1266 3209 1279; x_wconf 76' lang='grc' dir='ltr'><strong><em>ο</em></strong></span> <span class='ocrx_word' id='word_1_187' title='bbox 3252 1249 3412 1301; x_wconf 71' lang='grc' dir='ltr'>ἀλλὰ</span> <span class='ocrx_word' id='word_1_188' title='bbox 3455 1250 3742 1316; x_wconf 74' lang='grc' dir='ltr'>γενόμενον</span> 
     </span>
    </p>
   </div>
   <div class='ocr_carea' id='block_1_29' title="bbox 2207 1339 3737 1409">
    <p class='ocr_par' dir='ltr' id='par_1_29' title="bbox 2207 1339 3737 1409">
     <span class='ocr_line' id='line_1_29' title="bbox 2207 1339 3737 1409; baseline 0.001 -18"><span class='ocrx_word' id='word_1_189' title='bbox 2207 1339 2276 1392; x_wconf 77' lang='grc' dir='ltr'>ἐκ</span> <span class='ocrx_word' id='word_1_190' title='bbox 2326 1340 2661 1409; x_wconf 74' lang='grc' dir='ltr'><strong>γεννήσεως</strong></span> <span class='ocrx_word' id='word_1_191' title='bbox 2702 1341 2986 1406; x_wconf 78' lang='grc' dir='ltr'><strong>ἔνδοξον,</strong></span> <span class='ocrx_word' id='word_1_192' title='bbox 3031 1341 3125 1395; x_wconf 78' lang='grc' dir='ltr'>καί</span> <span class='ocrx_word' id='word_1_193' title='bbox 3172 1340 3285 1407; x_wconf 79' lang='grc' dir='ltr'>τῆς</span> <span class='ocrx_word' id='word_1_194' title='bbox 3313 1340 3497 1406; x_wconf 78' lang='grc' dir='ltr'>δόξης</span> <span class='ocrx_word' id='word_1_195' title='bbox 3535 1342 3737 1409; x_wconf 76' lang='grc' dir='ltr'>Κύριον,</span> 
     </span>
    </p>
   </div>
   <div class='ocr_carea' id='block_1_30' title="bbox 2208 1430 3740 1501">
    <p class='ocr_par' dir='ltr' id='par_1_30' title="bbox 2208 1430 3740 1501">
     <span class='ocr_line' id='line_1_30' title="bbox 2208 1430 3740 1501; baseline 0.001 -17"><span class='ocrx_word' id='word_1_196' title='bbox 2208 1430 2306 1484; x_wconf 75' lang='grc' dir='ltr'><strong>καὶ</strong></span> <span class='ocrx_word' id='word_1_197' title='bbox 2344 1434 2603 1485; x_wconf 71' lang='grc' dir='ltr'>λαϐόντα</span> <span class='ocrx_word' id='word_1_198' title='bbox 2655 1432 2812 1501; x_wconf 83' lang='grc' dir='ltr'>παρὰ</span> <span class='ocrx_word' id='word_1_199' title='bbox 2858 1432 2964 1485; x_wconf 87' lang='grc' dir='ltr'><strong>τοῦ</strong></span> <span class='ocrx_word' id='word_1_200' title='bbox 2995 1432 3222 1500; x_wconf 76' lang='grc' dir='ltr'>Πατρός</span> <span class='ocrx_word' id='word_1_201' title='bbox 3273 1432 3492 1495; x_wconf 82' lang='grc' dir='ltr'><strong>δόξαν·</strong></span> <span class='ocrx_word' id='word_1_202' title='bbox 3542 1434 3607 1487; x_wconf 85' lang='grc' dir='ltr'><strong>οὐ</strong></span> <span class='ocrx_word' id='word_1_203' title='bbox 3652 1432 3740 1499; x_wconf 85' lang='grc' dir='ltr'>τῆς</span> 
     </span>
    </p>
   </div>
   <div class='ocr_carea' id='block_1_31' title="bbox 2205 1522 3739 1592">
    <p class='ocr_par' dir='ltr' id='par_1_31' title="bbox 2205 1522 3739 1592">
     <span class='ocr_line' id='line_1_31' title="bbox 2205 1522 3739 1592; baseline -0.001 -16"><span class='ocrx_word' id='word_1_204' title='bbox 2205 1523 2439 1577; x_wconf 79' lang='grc' dir='ltr'>ἐκείνου</span> <span class='ocrx_word' id='word_1_205' title='bbox 2475 1524 2886 1592; x_wconf 72' lang='grc' dir='ltr'>μεταλαϐόντα</span> <span class='ocrx_word' id='word_1_206' title='bbox 2927 1524 3138 1589; x_wconf 79' lang='grc' dir='ltr'>δόξης,</span> <span class='ocrx_word' id='word_1_207' title='bbox 3178 1522 3538 1592; x_wconf 79' lang='grc' dir='ltr'>ἀμετὰδοτος</span> <span class='ocrx_word' id='word_1_208' title='bbox 3576 1522 3671 1591; x_wconf 77' lang='grc' dir='ltr'>γὰρ</span> <span class='ocrx_word' id='word_1_209' title='bbox 3710 1527 3739 1591; x_wconf 72' lang='grc' dir='ltr'><strong><em>ἡ</em></strong></span> 
     </span>
    </p>
   </div>
   <div class='ocr_carea' id='block_1_32' title="bbox 2206 1609 3743 1682">
    <p class='ocr_par' dir='ltr' id='par_1_32' title="bbox 2206 1609 3743 1682">
     <span class='ocr_line' id='line_1_32' title="bbox 2206 1609 3743 1682; baseline -0.003 -15"><span class='ocrx_word' id='word_1_210' title='bbox 2206 1614 2354 1678; x_wconf 78' lang='grc' dir='ltr'>δόξα</span> <span class='ocrx_word' id='word_1_211' title='bbox 2371 1614 2477 1668; x_wconf 83' lang='grc' dir='ltr'>τοῦ</span> <span class='ocrx_word' id='word_1_212' title='bbox 2494 1614 2996 1682; x_wconf 81' lang='grc' dir='ltr'>Παντοκράτορος,</span> <span class='ocrx_word' id='word_1_213' title='bbox 3024 1614 3214 1679; x_wconf 80' lang='grc' dir='ltr'>καθὼς</span> <span class='ocrx_word' id='word_1_214' title='bbox 3231 1609 3364 1666; x_wconf 75' lang='grc' dir='ltr'>εἷπε</span> <span class='ocrx_word' id='word_1_215' title='bbox 3380 1629 3394 1644; x_wconf 74' lang='grc' dir='ltr'><strong>ο</strong></span> <span class='ocrx_word' id='word_1_216' title='bbox 3426 1631 3442 1662; x_wconf 84' lang='grc' dir='ltr'><strong>ι</strong></span> <span class='ocrx_word' id='word_1_217' title='bbox 3460 1611 3571 1679; x_wconf 67' lang='grc' dir='ltr'><strong>Τὴν</strong></span> <span class='ocrx_word' id='word_1_218' title='bbox 3584 1612 3743 1676; x_wconf 76' lang='grc' dir='ltr'>δόξαν</span> 
     </span>
    </p>
   </div>
   <div class='ocr_carea' id='block_1_33' title="bbox 2202 1704 3741 1774">
    <p class='ocr_par' dir='ltr' id='par_1_33' title="bbox 2202 1704 3741 1774">
     <span class='ocr_line' id='line_1_33' title="bbox 2202 1704 3741 1774; baseline -0.001 -16"><span class='ocrx_word' id='word_1_219' title='bbox 2202 1722 2323 1774; x_wconf 83' lang='grc' dir='ltr'><strong>μου</strong></span> <span class='ocrx_word' id='word_1_220' title='bbox 2348 1705 2525 1773; x_wconf 79' lang='grc' dir='ltr'>ἑτέρῳ</span> <span class='ocrx_word' id='word_1_221' title='bbox 2551 1708 2622 1758; x_wconf 86' lang='grc' dir='ltr'><strong>οὺ</strong></span> <span class='ocrx_word' id='word_1_222' title='bbox 2660 1704 2887 1758; x_wconf 75' lang='grc' dir='ltr'>δώσω.»</span> <span class='ocrx_word' id='word_1_223' title='bbox 2929 1705 3114 1758; x_wconf 80' lang='grc' dir='ltr'>Ταῦτά</span> <span class='ocrx_word' id='word_1_224' title='bbox 3141 1708 3288 1759; x_wconf 85' lang='grc' dir='ltr'>ἐστιν</span> <span class='ocrx_word' id='word_1_225' title='bbox 3329 1704 3399 1756; x_wconf 79' lang='grc' dir='ltr'>τὰ</span> <span class='ocrx_word' id='word_1_226' title='bbox 3429 1704 3517 1757; x_wconf 73' lang='grc' dir='ltr'><strong>ἐπὶ</strong></span> <span class='ocrx_word' id='word_1_227' title='bbox 3543 1704 3741 1757; x_wconf 80' lang='grc' dir='ltr'><strong>Θανάτου</strong></span> 
     </span>
    </p>
   </div>
   <div class='ocr_carea' id='block_1_34' title="bbox 532 1791 2107 1867">
    <p class='ocr_par' dir='ltr' id='par_1_34' title="bbox 532 1791 2106 1863">
     <span class='ocr_line' id='line_1_34' title="bbox 532 1791 2106 1863; baseline 0.001 -18"><span class='ocrx_word' id='word_1_228' title='bbox 532 1793 714 1862; x_wconf 70' lang='lat' dir='ltr'><strong>gloria:</strong></span> <span class='ocrx_word' id='word_1_229' title='bbox 747 1791 1053 1860; x_wconf 85' lang='lat' dir='ltr'><strong>participem</strong></span> <span class='ocrx_word' id='word_1_230' title='bbox 1099 1807 1246 1845; x_wconf 77' lang='lat' dir='ltr'><strong>esse:</strong></span> <span class='ocrx_word' id='word_1_231' title='bbox 1280 1810 1379 1845; x_wconf 85' lang='lat' dir='ltr'><strong>non</strong></span> <span class='ocrx_word' id='word_1_232' title='bbox 1424 1794 1559 1846; x_wconf 86' lang='lat' dir='ltr'><strong>enim</strong></span> <span class='ocrx_word' id='word_1_233' title='bbox 1584 1792 1962 1859; x_wconf 83' lang='lat' dir='ltr'><strong>Omnipotentis</strong></span> <span class='ocrx_word' id='word_1_234' title='bbox 2000 1794 2106 1863; x_wconf 87' lang='lat' dir='ltr'><strong>glo-</strong></span> 
     </span>
    </p>
   </div>
   <div class='ocr_carea' id='block_1_35' title="bbox 2213 1791 3743 1867">
    <p class='ocr_par' dir='ltr' id='par_1_35' title="bbox 2213 1796 3743 1867">
     <span class='ocr_line' id='line_1_35' title="bbox 2213 1796 3743 1867; baseline -0.003 -16"><span class='ocrx_word' id='word_1_235' title='bbox 2213 1799 2495 1867; x_wconf 81' lang='grc' dir='ltr'>φάρμακα,</span> <span class='ocrx_word' id='word_1_236' title='bbox 2530 1796 2566 1850; x_wconf 79' lang='grc' dir='ltr'><strong>ἀ</strong></span> <span class='ocrx_word' id='word_1_237' title='bbox 2597 1796 2746 1867; x_wconf 80' lang='grc' dir='ltr'>μόνοι</span> <span class='ocrx_word' id='word_1_238' title='bbox 2775 1797 3220 1864; x_wconf 76' lang='grc' dir='ltr'><strong>διαγινώσκουσιν</strong></span> <span class='ocrx_word' id='word_1_239' title='bbox 3259 1798 3307 1849; x_wconf 83' lang='lat' dir='ltr'><strong>oi</strong></span> <span class='ocrx_word' id='word_1_240' title='bbox 3343 1797 3743 1865; x_wconf 75' lang='grc' dir='ltr'><strong>γεγυμνασμένοι</strong></span> 
     </span>
    </p>
   </div>
   <div class='ocr_carea' id='block_1_36' title="bbox 533 1882 2102 1949">
    <p class='ocr_par' dir='ltr' id='par_1_36' title="bbox 533 1882 2102 1949">
     <span class='ocr_line' id='line_1_36' title="bbox 533 1882 2102 1949; baseline 0.001 -13"><span class='ocrx_word' id='word_1_241' title='bbox 533 1885 617 1936; x_wconf 89' lang='lat' dir='ltr'><strong>ria</strong></span> <span class='ocrx_word' id='word_1_242' title='bbox 649 1883 804 1937; x_wconf 83' lang='lat' dir='ltr'><strong>alteri</strong></span> <span class='ocrx_word' id='word_1_243' title='bbox 833 1883 997 1935; x_wconf 85' lang='lat' dir='ltr'><strong>tribui</strong></span> <span class='ocrx_word' id='word_1_244' title='bbox 1026 1892 1213 1949; x_wconf 75' lang='lat' dir='ltr'><strong>potest,</strong></span> <span class='ocrx_word' id='word_1_245' title='bbox 1242 1884 1377 1937; x_wconf 76' lang='lat' dir='ltr'><strong>sicut</strong></span> <span class='ocrx_word' id='word_1_246' title='bbox 1430 1884 1588 1943; x_wconf 74' lang='lat' dir='ltr'><strong>dixit,</strong></span> <span class='ocrx_word' id='word_1_247' title='bbox 1615 1902 1633 1934; x_wconf 78' lang='grc' dir='ltr'><strong>ι</strong></span> <span class='ocrx_word' id='word_1_248' title='bbox 1664 1882 1901 1936; x_wconf 82' lang='lat' dir='ltr'><strong>Gloriam</strong></span> <span class='ocrx_word' id='word_1_249' title='bbox 1934 1900 2102 1938; x_wconf 86' lang='lat' dir='ltr'><strong>meam</strong></span> 
     </span>
    </p>
   </div>
   <div class='ocr_carea' id='block_1_37' title="bbox 2210 1875 2983 1959">
    <p class='ocr_par' dir='ltr' id='par_1_37' title="bbox 2210 1875 2983 1959">
     <span class='ocr_line' id='line_1_37' title="bbox 2210 1875 2983 1959; baseline 0 -18"><span class='ocrx_word' id='word_1_250' title='bbox 2210 1889 2277 1941; x_wconf 86' lang='grc' dir='ltr'><strong>τά</strong></span> <span class='ocrx_word' id='word_1_251' title='bbox 2311 1875 2407 1958; x_wconf 74' lang='grc' dir='ltr'><strong>τῆς</strong></span> <span class='ocrx_word' id='word_1_252' title='bbox 2433 1888 2612 1959; x_wconf 76' lang='grc' dir='ltr'>ψυχῆς</span> <span class='ocrx_word' id='word_1_253' title='bbox 2638 1888 2865 1958; x_wconf 85' lang='grc' dir='ltr'>αἰσθητή</span> <span class='ocrx_word' id='word_1_254' title='bbox 2879 1906 2983 1958; x_wconf 89' lang='grc' dir='ltr'>ρια.</span> 
     </span>
    </p>
   </div>
   <div class='ocr_carea' id='block_1_38' title="bbox 533 1970 3745 2052">
    <p class='ocr_par' dir='ltr' id='par_1_38' title="bbox 533 1970 3745 2052">
     <span class='ocr_line' id='line_1_38' title="bbox 533 1970 3745 2052; baseline -0 -23"><span class='ocrx_word' id='word_1_255' title='bbox 533 1976 689 2029; x_wconf 80' lang='lat' dir='ltr'><strong>alteri</strong></span> <span class='ocrx_word' id='word_1_256' title='bbox 719 1970 1046 2041; x_wconf 71' lang='lat' dir='ltr'><strong>nondabo”,</strong></span> <span class='ocrx_word' id='word_1_257' title='bbox 1092 1976 1247 2029; x_wconf 66' lang='lat' dir='ltr'><strong>)hmc</strong></span> <span class='ocrx_word' id='word_1_258' title='bbox 1278 1987 1400 2030; x_wconf 90' lang='lat' dir='ltr'><strong>sunt</strong></span> <span class='ocrx_word' id='word_1_259' title='bbox 1436 1978 1714 2030; x_wconf 87' lang='lat' dir='ltr'><strong>tuortilera</strong></span> <span class='ocrx_word' id='word_1_260' title='bbox 1732 1994 1961 2041; x_wconf 85' lang='lat' dir='ltr'><strong>venena,</strong></span> <span class='ocrx_word' id='word_1_261' title='bbox 1986 1995 2107 2049; x_wconf 69' lang='lat' dir='ltr'><strong>quae</strong></span> <span class='ocrx_word' id='word_1_262' title='bbox 2145 1982 2249 2035; x_wconf 88' lang='lat' dir='ltr'><strong>soli</strong></span> <span class='ocrx_word' id='word_1_263' title='bbox 2287 1982 2614 2052; x_wconf 82' lang='lat' dir='ltr'><strong>dignoscunt</strong></span> <span class='ocrx_word' id='word_1_264' title='bbox 2641 1983 2734 2052; x_wconf 88' lang='lat' dir='ltr'><strong>qui</strong></span> <span class='ocrx_word' id='word_1_265' title='bbox 2797 1983 2962 2035; x_wconf 88' lang='lat' dir='ltr'><strong>animi</strong></span> <span class='ocrx_word' id='word_1_266' title='bbox 3028 1979 3379 2049; x_wconf 76' lang='lat' dir='ltr'><strong>intelligentis</strong></span> <span class='ocrx_word' id='word_1_267' title='bbox 3421 1980 3745 2031; x_wconf 85' lang='lat' dir='ltr'><strong>instrumenta</strong></span> 
     </span>
    </p>
   </div>
   <div class='ocr_carea' id='block_1_39' title="bbox 534 2068 1071 2125">
    <p class='ocr_par' dir='ltr' id='par_1_39' title="bbox 534 2068 1071 2125">
     <span class='ocr_line' id='line_1_39' title="bbox 534 2068 1071 2125; baseline -0.007 0"><span class='ocrx_word' id='word_1_268' title='bbox 534 2069 735 2125; x_wconf 80' lang='lat' dir='ltr'><strong>habent</strong></span> <span class='ocrx_word' id='word_1_269' title='bbox 758 2068 1071 2122; x_wconf 85' lang='lat' dir='ltr'><strong>exercitata.</strong></span> 
     </span>
    </p>
   </div>
   <div class='ocr_carea' id='block_1_40' title="bbox 608 2160 2106 2220">
    <p class='ocr_par' dir='ltr' id='par_1_40' title="bbox 608 2160 2106 2220">
     <span class='ocr_line' id='line_1_40' title="bbox 608 2160 2106 2220; baseline 0.003 -5"><span class='ocrx_word' id='word_1_270' title='bbox 608 2162 810 2216; x_wconf 83' lang='lat' dir='ltr'><strong>llorum</strong></span> <span class='ocrx_word' id='word_1_271' title='bbox 839 2169 1019 2215; x_wconf 88' lang='lat' dir='ltr'><strong>autem</strong></span> <span class='ocrx_word' id='word_1_272' title='bbox 1056 2160 1398 2214; x_wconf 88' lang='lat' dir='ltr'><strong>mortiferum</strong></span> <span class='ocrx_word' id='word_1_273' title='bbox 1447 2160 1635 2213; x_wconf 79' lang='lat' dir='ltr'><strong>vitium</strong></span> <span class='ocrx_word' id='word_1_274' title='bbox 1678 2162 2022 2220; x_wconf 76' lang='lat' dir='ltr'><strong>manifestius</strong></span> <span class='ocrx_word' id='word_1_275' title='bbox 2052 2165 2106 2219; x_wconf 91' lang='lat' dir='ltr'><strong>in</strong></span> 
     </span>
    </p>
   </div>
   <div class='ocr_carea' id='block_1_41' title="bbox 533 2249 2110 2324">
    <p class='ocr_par' dir='ltr' id='par_1_41' title="bbox 533 2249 2110 2324">
     <span class='ocr_line' id='line_1_41' title="bbox 533 2249 2110 2324; baseline -0.001 -17"><span class='ocrx_word' id='word_1_276' title='bbox 533 2252 827 2322; x_wconf 84' lang='lat' dir='ltr'><strong>postremis</strong></span> <span class='ocrx_word' id='word_1_277' title='bbox 860 2251 1023 2304; x_wconf 89' lang='lat' dir='ltr'><strong>dictis</strong></span> <span class='ocrx_word' id='word_1_278' title='bbox 1063 2252 1373 2304; x_wconf 85' lang='lat' dir='ltr'><strong>revelatur.</strong></span> <span class='ocrx_word' id='word_1_279' title='bbox 1430 2251 1471 2301; x_wconf 87' lang='lat' dir='ltr'><strong><em>A</em></strong></span> <span class='ocrx_word' id='word_1_280' title='bbox 1512 2249 1691 2313; x_wconf 81' lang='lat' dir='ltr'><strong>Patre,</strong></span> <span class='ocrx_word' id='word_1_281' title='bbox 1721 2252 1915 2321; x_wconf 86' lang='lat' dir='ltr'><strong>inquit,</strong></span> <span class='ocrx_word' id='word_1_282' title='bbox 1952 2254 2110 2324; x_wconf 82' lang='lat' dir='ltr'><strong>adep-</strong></span> 
     </span>
    </p>
   </div>
   <div class='ocr_carea' id='block_1_42' title="bbox 538 2336 2107 2406">
    <p class='ocr_par' dir='ltr' id='par_1_42' title="bbox 538 2336 2107 2406">
     <span class='ocr_line' id='line_1_42' title="bbox 538 2336 2107 2406; baseline 0.004 -17"><span class='ocrx_word' id='word_1_283' title='bbox 538 2346 648 2389; x_wconf 87' lang='lat' dir='ltr'><strong>tum</strong></span> <span class='ocrx_word' id='word_1_284' title='bbox 682 2337 935 2405; x_wconf 85' lang='lat' dir='ltr'><strong>gloriam,</strong></span> <span class='ocrx_word' id='word_1_285' title='bbox 962 2353 1062 2390; x_wconf 88' lang='lat' dir='ltr'><strong>non</strong></span> <span class='ocrx_word' id='word_1_286' title='bbox 1097 2336 1241 2388; x_wconf 75' lang='lat' dir='ltr'><strong>illius</strong></span> <span class='ocrx_word' id='word_1_287' title='bbox 1262 2336 1446 2406; x_wconf 76' lang='lat' dir='ltr'><strong>gloria:</strong></span> <span class='ocrx_word' id='word_1_288' title='bbox 1471 2340 1817 2406; x_wconf 80' lang='lat' dir='ltr'><strong>participem:</strong></span> <span class='ocrx_word' id='word_1_289' title='bbox 1846 2359 1948 2396; x_wconf 88' lang='lat' dir='ltr'><strong>non</strong></span> <span class='ocrx_word' id='word_1_290' title='bbox 1968 2345 2107 2396; x_wconf 89' lang='lat' dir='ltr'><strong>enim</strong></span> 
     </span>
    </p>
   </div>
   <div class='ocr_carea' id='block_1_43' title="bbox 533 2428 2107 2502">
    <p class='ocr_par' dir='ltr' id='par_1_43' title="bbox 533 2428 2107 2502">
     <span class='ocr_line' id='line_1_43' title="bbox 533 2428 2107 2502; baseline 0.004 -21"><span class='ocrx_word' id='word_1_291' title='bbox 533 2428 986 2481; x_wconf 83' lang='lat' dir='ltr'><strong>communicabilis</strong></span> <span class='ocrx_word' id='word_1_292' title='bbox 1045 2438 1122 2483; x_wconf 74' lang='lat' dir='ltr'><strong>est</strong></span> <span class='ocrx_word' id='word_1_293' title='bbox 1162 2428 1550 2497; x_wconf 76' lang='lat' dir='ltr'><strong>Omnipotentis</strong></span> <span class='ocrx_word' id='word_1_294' title='bbox 1596 2431 1788 2499; x_wconf 88' lang='lat' dir='ltr'><strong>gloria,</strong></span> <span class='ocrx_word' id='word_1_295' title='bbox 1812 2435 1951 2486; x_wconf 73' lang='lat' dir='ltr'><strong>sicut</strong></span> <span class='ocrx_word' id='word_1_296' title='bbox 1998 2435 2107 2502; x_wconf 72' lang='lat' dir='ltr'><strong>ipse</strong></span> 
     </span>
    </p>
   </div>
   <div class='ocr_carea' id='block_1_44' title="bbox 533 2519 2107 2589">
    <p class='ocr_par' dir='ltr' id='par_1_44' title="bbox 533 2519 2107 2589">
     <span class='ocr_line' id='line_1_44' title="bbox 533 2519 2107 2589; baseline 0.004 -15"><span class='ocrx_word' id='word_1_297' title='bbox 533 2520 712 2574; x_wconf 76' lang='lat' dir='ltr'><strong>dixit:</strong></span> <span class='ocrx_word' id='word_1_298' title='bbox 751 2540 767 2571; x_wconf 80' lang='grc' dir='ltr'><strong>ι</strong></span> <span class='ocrx_word' id='word_1_299' title='bbox 800 2519 1035 2573; x_wconf 85' lang='lat' dir='ltr'><strong>Gloriam</strong></span> <span class='ocrx_word' id='word_1_300' title='bbox 1067 2537 1236 2574; x_wconf 86' lang='lat' dir='ltr'><strong>meam</strong></span> <span class='ocrx_word' id='word_1_301' title='bbox 1280 2521 1438 2574; x_wconf 75' lang='lat' dir='ltr'><strong>alteri</strong></span> <span class='ocrx_word' id='word_1_302' title='bbox 1475 2538 1575 2574; x_wconf 89' lang='lat' dir='ltr'><strong>non</strong></span> <span class='ocrx_word' id='word_1_303' title='bbox 1609 2521 1768 2577; x_wconf 85' lang='lat' dir='ltr'><strong>dabo.</strong></span> <span class='ocrx_word' id='word_1_304' title='bbox 1803 2540 1821 2574; x_wconf 77' lang='grc' dir='ltr'><strong>ι</strong></span> <span class='ocrx_word' id='word_1_305' title='bbox 1860 2521 1992 2589; x_wconf 84' lang='lat' dir='ltr'><strong>Quis</strong></span> <span class='ocrx_word' id='word_1_306' title='bbox 2023 2532 2107 2580; x_wconf 84' lang='lat' dir='ltr'><strong>est</strong></span> 
     </span>
    </p>
   </div>
   <div class='ocr_carea' id='block_1_45' title="bbox 534 2611 2104 2683">
    <p class='ocr_par' dir='ltr' id='par_1_45' title="bbox 534 2611 2104 2683">
     <span class='ocr_line' id='line_1_45' title="bbox 534 2611 2104 2683; baseline 0.003 -18"><span class='ocrx_word' id='word_1_307' title='bbox 534 2613 623 2666; x_wconf 91' lang='lat' dir='ltr'><strong>ille</strong></span> <span class='ocrx_word' id='word_1_308' title='bbox 654 2613 791 2664; x_wconf 79' lang='lat' dir='ltr'><strong>alter</strong></span> <span class='ocrx_word' id='word_1_309' title='bbox 839 2612 927 2664; x_wconf 89' lang='lat' dir='ltr'><strong>cui</strong></span> <span class='ocrx_word' id='word_1_310' title='bbox 954 2611 1091 2664; x_wconf 89' lang='lat' dir='ltr'><strong>dixit</strong></span> <span class='ocrx_word' id='word_1_311' title='bbox 1126 2612 1267 2667; x_wconf 82' lang='lat' dir='ltr'><strong>Deus</strong></span> <span class='ocrx_word' id='word_1_312' title='bbox 1314 2628 1374 2667; x_wconf 89' lang='lat' dir='ltr'><strong>se</strong></span> <span class='ocrx_word' id='word_1_313' title='bbox 1422 2614 1762 2683; x_wconf 82' lang='lat' dir='ltr'><strong>majestatem</strong></span> <span class='ocrx_word' id='word_1_314' title='bbox 1813 2629 1965 2667; x_wconf 90' lang='lat' dir='ltr'><strong>suam</strong></span> <span class='ocrx_word' id='word_1_315' title='bbox 1999 2630 2104 2671; x_wconf 89' lang='lat' dir='ltr'><strong>non</strong></span> 
     </span>
    </p>
   </div>
   <div class='ocr_carea' id='block_1_46' title="bbox 532 2702 2107 2778">
    <p class='ocr_par' dir='ltr' id='par_1_46' title="bbox 532 2702 2107 2778">
     <span class='ocr_line' id='line_1_46' title="bbox 532 2702 2107 2778; baseline 0.003 -21"><span class='ocrx_word' id='word_1_316' title='bbox 532 2703 784 2757; x_wconf 81' lang='lat' dir='ltr'><strong>daturum</strong></span> <span class='ocrx_word' id='word_1_317' title='bbox 814 2702 982 2758; x_wconf 81' lang='lat' dir='ltr'><strong>esse?</strong></span> <span class='ocrx_word' id='word_1_318' title='bbox 1012 2702 1141 2756; x_wconf 82' lang='lat' dir='ltr'><strong>Nam</strong></span> <span class='ocrx_word' id='word_1_319' title='bbox 1175 2704 1439 2773; x_wconf 86' lang='lat' dir='ltr'><strong>propheta</strong></span> <span class='ocrx_word' id='word_1_320' title='bbox 1465 2704 1533 2758; x_wconf 88' lang='lat' dir='ltr'><strong>de</strong></span> <span class='ocrx_word' id='word_1_321' title='bbox 1571 2705 1884 2759; x_wconf 82' lang='lat' dir='ltr'><strong>adversario</strong></span> <span class='ocrx_word' id='word_1_322' title='bbox 1932 2708 2107 2778; x_wconf 90' lang='lat' dir='ltr'><strong>loqui-</strong></span> 
     </span>
    </p>
   </div>
   <div class='ocr_carea' id='block_1_47' title="bbox 535 2793 2105 2867">
    <p class='ocr_par' dir='ltr' id='par_1_47' title="bbox 535 2793 2105 2867">
     <span class='ocr_line' id='line_1_47' title="bbox 535 2793 2105 2867; baseline 0.004 -20"><span class='ocrx_word' id='word_1_323' title='bbox 535 2804 657 2849; x_wconf 86' lang='lat' dir='ltr'><strong>tur:</strong></span> <span class='ocrx_word' id='word_1_324' title='bbox 707 2804 761 2849; x_wconf 89' lang='lat' dir='ltr'><strong>at</strong></span> <span class='ocrx_word' id='word_1_325' title='bbox 802 2810 929 2849; x_wconf 78' lang='lat' dir='ltr'><strong>vero</strong></span> <span class='ocrx_word' id='word_1_326' title='bbox 958 2793 1258 2850; x_wconf 86' lang='lat' dir='ltr'><strong>Eunomius</strong></span> <span class='ocrx_word' id='word_1_327' title='bbox 1292 2796 1346 2849; x_wconf 90' lang='lat' dir='ltr'><strong>in</strong></span> <span class='ocrx_word' id='word_1_328' title='bbox 1378 2797 1726 2867; x_wconf 81' lang='lat' dir='ltr'><strong>Uuigcuitum</strong></span> <span class='ocrx_word' id='word_1_329' title='bbox 1765 2798 1931 2853; x_wconf 89' lang='lat' dir='ltr'><strong>Deum</strong></span> <span class='ocrx_word' id='word_1_330' title='bbox 1970 2800 2105 2853; x_wconf 73' lang='lat' dir='ltr'><strong>vati-</strong></span> 
     </span>
    </p>
   </div>
   <div class='ocr_carea' id='block_1_48' title="bbox 532 2884 2102 2958">
    <p class='ocr_par' dir='ltr' id='par_1_48' title="bbox 532 2884 2102 2958">
     <span class='ocr_line' id='line_1_48' title="bbox 532 2884 2102 2958; baseline 0.003 -18"><span class='ocrx_word' id='word_1_331' title='bbox 532 2886 739 2941; x_wconf 88' lang='lat' dir='ltr'><strong>ciuium</strong></span> <span class='ocrx_word' id='word_1_332' title='bbox 776 2884 964 2940; x_wconf 81' lang='lat' dir='ltr'><strong>refert.</strong></span> <span class='ocrx_word' id='word_1_333' title='bbox 997 2886 1132 2940; x_wconf 84' lang='lat' dir='ltr'><strong>Cum</strong></span> <span class='ocrx_word' id='word_1_334' title='bbox 1160 2888 1303 2941; x_wconf 89' lang='lat' dir='ltr'><strong>enim</strong></span> <span class='ocrx_word' id='word_1_335' title='bbox 1345 2904 1411 2942; x_wconf 81' lang='lat' dir='ltr'><strong>ex</strong></span> <span class='ocrx_word' id='word_1_336' title='bbox 1448 2887 1543 2943; x_wconf 91' lang='lat' dir='ltr'><strong>Dei</strong></span> <span class='ocrx_word' id='word_1_337' title='bbox 1587 2905 1823 2958; x_wconf 91' lang='lat' dir='ltr'><strong>persona</strong></span> <span class='ocrx_word' id='word_1_338' title='bbox 1874 2891 2102 2947; x_wconf 79' lang='lat' dir='ltr'><strong>dixisset</strong></span> 
     </span>
    </p>
   </div>
   <div class='ocr_carea' id='block_1_49' title="bbox 534 2975 2101 3050">
    <p class='ocr_par' dir='ltr' id='par_1_49' title="bbox 534 2975 2101 3050">
     <span class='ocr_line' id='line_1_49' title="bbox 534 2975 2101 3050; baseline 0.006 -23"><span class='ocrx_word' id='word_1_339' title='bbox 534 2976 815 3046; x_wconf 82' lang='lat' dir='ltr'><strong>propheta,</strong></span> <span class='ocrx_word' id='word_1_340' title='bbox 852 2975 1091 3031; x_wconf 80' lang='lat' dir='ltr'><strong>Gloriam</strong></span> <span class='ocrx_word' id='word_1_341' title='bbox 1122 2993 1291 3030; x_wconf 86' lang='lat' dir='ltr'><strong>meam</strong></span> <span class='ocrx_word' id='word_1_342' title='bbox 1317 2980 1471 3033; x_wconf 86' lang='lat' dir='ltr'><strong>alteri</strong></span> <span class='ocrx_word' id='word_1_343' title='bbox 1522 2996 1624 3034; x_wconf 90' lang='lat' dir='ltr'><strong>non</strong></span> <span class='ocrx_word' id='word_1_344' title='bbox 1673 2980 1845 3035; x_wconf 87' lang='lat' dir='ltr'><strong>dabo:</strong></span> <span class='ocrx_word' id='word_1_345' title='bbox 1875 2983 2101 3050; x_wconf 84' lang='lat' dir='ltr'><strong>addidit,</strong></span> 
     </span>
    </p>
   </div>
   <div class='ocr_carea' id='block_1_50' title="bbox 539 3068 2106 3141">
    <p class='ocr_par' dir='ltr' id='par_1_50' title="bbox 539 3068 2106 3141">
     <span class='ocr_line' id='line_1_50' title="bbox 539 3068 2106 3141; baseline 0.003 -19"><span class='ocrx_word' id='word_1_346' title='bbox 539 3077 589 3122; x_wconf 85' lang='lat' dir='ltr'><strong>et</strong></span> <span class='ocrx_word' id='word_1_347' title='bbox 639 3068 857 3122; x_wconf 80' lang='lat' dir='ltr'><strong>virtutes</strong></span> <span class='ocrx_word' id='word_1_348' title='bbox 894 3085 1036 3122; x_wconf 83' lang='lat' dir='ltr'><strong>meas</strong></span> <span class='ocrx_word' id='word_1_349' title='bbox 1085 3068 1439 3137; x_wconf 74' lang='lat' dir='ltr'><strong>sculptilibus.</strong></span> <span class='ocrx_word' id='word_1_350' title='bbox 1480 3069 1759 3141; x_wconf 88' lang='lat' dir='ltr'><strong>Siquidem</strong></span> <span class='ocrx_word' id='word_1_351' title='bbox 1810 3072 1919 3127; x_wconf 89' lang='lat' dir='ltr'><strong>Deo</strong></span> <span class='ocrx_word' id='word_1_352' title='bbox 1957 3075 2106 3129; x_wconf 87' lang='lat' dir='ltr'><strong>dehi-</strong></span> 
     </span>
    </p>
   </div>
   <div class='ocr_carea' id='block_1_51' title="bbox 533 3160 2105 3222">
    <p class='ocr_par' dir='ltr' id='par_1_51' title="bbox 533 3160 2105 3222">
     <span class='ocr_line' id='line_1_51' title="bbox 533 3160 2105 3222; baseline 0.006 -11"><span class='ocrx_word' id='word_1_353' title='bbox 533 3164 651 3211; x_wconf 81' lang='lat' dir='ltr'><strong>tmn</strong></span> <span class='ocrx_word' id='word_1_354' title='bbox 707 3160 911 3212; x_wconf 89' lang='lat' dir='ltr'><strong>cultum</strong></span> <span class='ocrx_word' id='word_1_355' title='bbox 968 3167 1021 3214; x_wconf 89' lang='lat' dir='ltr'><strong>et</strong></span> <span class='ocrx_word' id='word_1_356' title='bbox 1068 3161 1445 3216; x_wconf 89' lang='lat' dir='ltr'><strong>adorationem</strong></span> <span class='ocrx_word' id='word_1_357' title='bbox 1498 3163 1813 3217; x_wconf 88' lang='lat' dir='ltr'><strong>adversario</strong></span> <span class='ocrx_word' id='word_1_358' title='bbox 1860 3165 2105 3222; x_wconf 84' lang='lat' dir='ltr'><strong>homines</strong></span> 
     </span>
    </p>
   </div>
   <div class='ocr_carea' id='block_1_52' title="bbox 536 3249 2103 3323">
    <p class='ocr_par' dir='ltr' id='par_1_52' title="bbox 536 3249 2103 3323">
     <span class='ocr_line' id='line_1_52' title="bbox 536 3249 2103 3323; baseline 0.006 -20"><span class='ocrx_word' id='word_1_359' title='bbox 536 3249 726 3304; x_wconf 79' lang='lat' dir='ltr'><strong>fratnle</strong></span> <span class='ocrx_word' id='word_1_360' title='bbox 773 3251 932 3303; x_wconf 78' lang='lat' dir='ltr'><strong>illecti</strong></span> <span class='ocrx_word' id='word_1_361' title='bbox 962 3250 1349 3315; x_wconf 88' lang='lat' dir='ltr'><strong>attribuerunt,</strong></span> <span class='ocrx_word' id='word_1_362' title='bbox 1386 3254 1735 3323; x_wconf 91' lang='lat' dir='ltr'><strong>sculptilibus</strong></span> <span class='ocrx_word' id='word_1_363' title='bbox 1787 3256 2103 3314; x_wconf 80' lang='lat' dir='ltr'><strong>simulacris</strong></span> 
     </span>
    </p>
   </div>
   <div class='ocr_carea' id='block_1_53' title="bbox 536 3343 2102 3408">
    <p class='ocr_par' dir='ltr' id='par_1_53' title="bbox 536 3343 2102 3408">
     <span class='ocr_line' id='line_1_53' title="bbox 536 3343 2102 3408; baseline 0.005 -11"><span class='ocrx_word' id='word_1_364' title='bbox 536 3343 802 3397; x_wconf 86' lang='lat' dir='ltr'><strong>dedicatis</strong></span> <span class='ocrx_word' id='word_1_365' title='bbox 830 3344 1110 3397; x_wconf 90' lang='lat' dir='ltr'><strong>inimicum</strong></span> <span class='ocrx_word' id='word_1_366' title='bbox 1145 3343 1239 3399; x_wconf 92' lang='lat' dir='ltr'><strong>Dei</strong></span> <span class='ocrx_word' id='word_1_367' title='bbox 1290 3346 1552 3408; x_wconf 87' lang='lat' dir='ltr'><strong>colentes,</strong></span> <span class='ocrx_word' id='word_1_368' title='bbox 1591 3347 1998 3404; x_wconf 70' lang='lat' dir='ltr'><strong>multiformiter</strong></span> <span class='ocrx_word' id='word_1_369' title='bbox 2050 3352 2102 3405; x_wconf 90' lang='lat' dir='ltr'><strong>in</strong></span> 
     </span>
    </p>
   </div>
   <div class='ocr_carea' id='block_1_54' title="bbox 2280 2158 3748 2232">
    <p class='ocr_par' dir='ltr' id='par_1_54' title="bbox 2280 2158 3748 2232">
     <span class='ocr_line' id='line_1_54' title="bbox 2280 2158 3748 2232; baseline -0.005 -16"><span class='ocrx_word' id='word_1_370' title='bbox 2280 2162 2496 2216; x_wconf 83' lang='grc' dir='ltr'><strong>Τούτων</strong></span> <span class='ocrx_word' id='word_1_371' title='bbox 2528 2162 2583 2215; x_wconf 81' lang='grc' dir='ltr'>δὲ</span> <span class='ocrx_word' id='word_1_372' title='bbox 2614 2164 2646 2232; x_wconf 88' lang='grc' dir='ltr'><strong>ή</strong></span> <span class='ocrx_word' id='word_1_373' title='bbox 2681 2161 3053 2231; x_wconf 84' lang='grc' dir='ltr'>θανατηφόρος</span> <span class='ocrx_word' id='word_1_374' title='bbox 3089 2159 3257 2213; x_wconf 80' lang='grc' dir='ltr'>κακία</span> <span class='ocrx_word' id='word_1_375' title='bbox 3324 2158 3677 2229; x_wconf 80' lang='grc' dir='ltr'>φανερώτερον</span> <span class='ocrx_word' id='word_1_376' title='bbox 3702 2160 3748 2209; x_wconf 81' lang='grc' dir='ltr'>ὲν</span> 
     </span>
    </p>
   </div>
   <div class='ocr_carea' id='block_1_55' title="bbox 2206 2249 3736 2322">
    <p class='ocr_par' dir='ltr' id='par_1_55' title="bbox 2206 2249 3736 2322">
     <span class='ocr_line' id='line_1_55' title="bbox 2206 2249 3736 2322; baseline -0.005 -13"><span class='ocrx_word' id='word_1_377' title='bbox 2206 2258 2317 2318; x_wconf 84' lang='grc' dir='ltr'>τοῖς</span> <span class='ocrx_word' id='word_1_378' title='bbox 2372 2254 2699 2315; x_wconf 75' lang='grc' dir='ltr'><strong>τελευταίοις</strong></span> <span class='ocrx_word' id='word_1_379' title='bbox 2755 2252 2863 2304; x_wconf 81' lang='grc' dir='ltr'><strong>τῶν</strong></span> <span class='ocrx_word' id='word_1_380' title='bbox 2932 2251 3236 2322; x_wconf 78' lang='grc' dir='ltr'><strong>εἰρημένων</strong></span> <span class='ocrx_word' id='word_1_381' title='bbox 3296 2249 3736 2304; x_wconf 66' lang='grc' dir='ltr'>ἀνακαλύπτεταιο</span> 
     </span>
    </p>
   </div>
   <div class='ocr_carea' id='block_1_56' title="bbox 2208 2338 3746 2414">
    <p class='ocr_par' dir='ltr' id='par_1_56' title="bbox 2208 2338 3746 2414">
     <span class='ocr_line' id='line_1_56' title="bbox 2208 2338 3746 2414; baseline -0.006 -13"><span class='ocrx_word' id='word_1_382' title='bbox 2208 2348 2504 2409; x_wconf 76' lang='grc' dir='ltr'><strong>Λαϐόντα,</strong></span> <span class='ocrx_word' id='word_1_383' title='bbox 2534 2346 2687 2414; x_wconf 68' lang='grc' dir='ltr'>φησι,</span> <span class='ocrx_word' id='word_1_384' title='bbox 2719 2345 2878 2412; x_wconf 81' lang='grc' dir='ltr'>παρὰ</span> <span class='ocrx_word' id='word_1_385' title='bbox 2908 2344 3014 2397; x_wconf 84' lang='grc' dir='ltr'><strong>τοῦ</strong></span> <span class='ocrx_word' id='word_1_386' title='bbox 3052 2342 3281 2410; x_wconf 77' lang='grc' dir='ltr'>Πατρός</span> <span class='ocrx_word' id='word_1_387' title='bbox 3314 2342 3519 2406; x_wconf 76' lang='grc' dir='ltr'>δόξαν,</span> <span class='ocrx_word' id='word_1_388' title='bbox 3558 2342 3624 2394; x_wconf 87' lang='grc' dir='ltr'><strong>οὑ</strong></span> <span class='ocrx_word' id='word_1_389' title='bbox 3655 2338 3746 2404; x_wconf 76' lang='grc' dir='ltr'><strong>τῆς</strong></span> 
     </span>
    </p>
   </div>
   <div class='ocr_carea' id='block_1_57' title="bbox 2206 2430 3745 2503">
    <p class='ocr_par' dir='ltr' id='par_1_57' title="bbox 2206 2430 3745 2503">
     <span class='ocr_line' id='line_1_57' title="bbox 2206 2430 3745 2503; baseline -0.005 -14"><span class='ocrx_word' id='word_1_390' title='bbox 2206 2437 2439 2489; x_wconf 79' lang='grc' dir='ltr'>ἐκείνου</span> <span class='ocrx_word' id='word_1_391' title='bbox 2478 2436 2892 2503; x_wconf 74' lang='grc' dir='ltr'>μεταλαϐόντα</span> <span class='ocrx_word' id='word_1_392' title='bbox 2929 2432 3145 2498; x_wconf 76' lang='grc' dir='ltr'>δόξης’</span> <span class='ocrx_word' id='word_1_393' title='bbox 3201 2430 3557 2501; x_wconf 76' lang='grc' dir='ltr'>ἀμετάδοτος</span> <span class='ocrx_word' id='word_1_394' title='bbox 3594 2430 3689 2499; x_wconf 79' lang='grc' dir='ltr'>γὰρ</span> <span class='ocrx_word' id='word_1_395' title='bbox 3719 2430 3745 2493; x_wconf 69' lang='grc' dir='ltr'><strong><em>ἠ</em></strong></span> 
     </span>
    </p>
   </div>
   <div class='ocr_carea' id='block_1_58' title="bbox 2206 2519 3747 2592">
    <p class='ocr_par' dir='ltr' id='par_1_58' title="bbox 2206 2519 3747 2592">
     <span class='ocr_line' id='line_1_58' title="bbox 2206 2519 3747 2592; baseline -0.008 -12"><span class='ocrx_word' id='word_1_396' title='bbox 2206 2526 2355 2590; x_wconf 78' lang='grc' dir='ltr'>δόξα</span> <span class='ocrx_word' id='word_1_397' title='bbox 2369 2524 2473 2579; x_wconf 84' lang='grc' dir='ltr'><strong>τοῦ</strong></span> <span class='ocrx_word' id='word_1_398' title='bbox 2485 2525 2985 2592; x_wconf 72' lang='grc' dir='ltr'>Παγτοκρὰτορος,</span> <span class='ocrx_word' id='word_1_399' title='bbox 3011 2523 3202 2588; x_wconf 76' lang='grc' dir='ltr'>καθὼς</span> <span class='ocrx_word' id='word_1_400' title='bbox 3227 2519 3359 2575; x_wconf 74' lang='grc' dir='ltr'>εἷπε</span> <span class='ocrx_word' id='word_1_401' title='bbox 3374 2539 3387 2552; x_wconf 79' lang='grc'><em>’</em></span> <span class='ocrx_word' id='word_1_402' title='bbox 3418 2542 3435 2572; x_wconf 79' lang='grc' dir='ltr'><strong>ι</strong></span> <span class='ocrx_word' id='word_1_403' title='bbox 3452 2522 3565 2587; x_wconf 80' lang='grc' dir='ltr'><strong>Τὴν</strong></span> <span class='ocrx_word' id='word_1_404' title='bbox 3581 2521 3747 2582; x_wconf 80' lang='grc' dir='ltr'>δόξαν</span> 
     </span>
    </p>
   </div>
   <div class='ocr_carea' id='block_1_59' title="bbox 2200 2602 3746 2688">
    <p class='ocr_par' dir='ltr' id='par_1_59' title="bbox 2200 2602 3746 2688">
     <span class='ocr_line' id='line_1_59' title="bbox 2200 2602 3746 2688; baseline -0.007 -16"><span class='ocrx_word' id='word_1_405' title='bbox 2200 2635 2321 2688; x_wconf 83' lang='grc' dir='ltr'><strong>μου</strong></span> <span class='ocrx_word' id='word_1_406' title='bbox 2343 2618 2522 2683; x_wconf 73' lang='grc' dir='ltr'>ἑτέρῳ</span> <span class='ocrx_word' id='word_1_407' title='bbox 2548 2619 2620 2671; x_wconf 86' lang='grc' dir='ltr'><strong>οὐ</strong></span> <span class='ocrx_word' id='word_1_408' title='bbox 2645 2616 2832 2669; x_wconf 84' lang='grc' dir='ltr'><strong>δώσω.</strong></span> <span class='ocrx_word' id='word_1_409' title='bbox 2852 2636 2869 2665; x_wconf 74' lang='grc' dir='ltr'><strong>ι</strong></span> <span class='ocrx_word' id='word_1_410' title='bbox 2914 2615 3008 2678; x_wconf 87' lang='grc' dir='ltr'>Τίς</span> <span class='ocrx_word' id='word_1_411' title='bbox 3040 2618 3185 2667; x_wconf 84' lang='grc' dir='ltr'>ἐστιν</span> <span class='ocrx_word' id='word_1_412' title='bbox 3223 2616 3253 2666; x_wconf 99' lang='lat'><strong>6</strong></span> <span class='ocrx_word' id='word_1_413' title='bbox 3288 2614 3471 2684; x_wconf 71' lang='grc' dir='ltr'>ἔτερος</span> <span class='ocrx_word' id='word_1_414' title='bbox 3495 2613 3681 2672; x_wconf 77' lang='grc' dir='ltr'>ἐκεῖνος</span> 
     </span>
    </p>
   </div>
   <div class='ocr_carea' id='block_1_60' title="bbox 2206 2706 3746 2776">
    <p class='ocr_par' dir='ltr' id='par_1_60' title="bbox 2206 2706 3746 2776">
     <span class='ocr_line' id='line_1_60' title="bbox 2206 2706 3746 2776; baseline -0.006 -14"><span class='ocrx_word' id='word_1_415' title='bbox 2206 2706 2356 2763; x_wconf 75' lang='grc' dir='ltr'>εἶπεν</span> <span class='ocrx_word' id='word_1_416' title='bbox 2377 2710 2404 2761; x_wconf 89' lang='lat'><strong>6</strong></span> <span class='ocrx_word' id='word_1_417' title='bbox 2432 2708 2584 2771; x_wconf 81' lang='grc' dir='ltr'>Θεὸς,</span> <span class='ocrx_word' id='word_1_418' title='bbox 2600 2708 2717 2774; x_wconf 83' lang='grc' dir='ltr'><strong>Τὴν</strong></span> <span class='ocrx_word' id='word_1_419' title='bbox 2735 2707 2920 2771; x_wconf 79' lang='grc' dir='ltr'>δόξαν</span> <span class='ocrx_word' id='word_1_420' title='bbox 2936 2725 3053 2776; x_wconf 81' lang='grc' dir='ltr'><strong>μου</strong></span> <span class='ocrx_word' id='word_1_421' title='bbox 3077 2706 3162 2774; x_wconf 80' lang='grc' dir='ltr'>μὴ</span> <span class='ocrx_word' id='word_1_422' title='bbox 3185 2706 3391 2769; x_wconf 82' lang='grc' dir='ltr'>δώσω;</span> <span class='ocrx_word' id='word_1_423' title='bbox 3428 2707 3482 2758; x_wconf 89' lang='lat'><strong>&#39;0</strong></span> <span class='ocrx_word' id='word_1_424' title='bbox 3512 2706 3602 2775; x_wconf 86' lang='grc' dir='ltr'>μὲν</span> <span class='ocrx_word' id='word_1_425' title='bbox 3635 2718 3746 2774; x_wconf 82' lang='grc' dir='ltr'>προ-</span> 
     </span>
    </p>
   </div>
   <div class='ocr_carea' id='block_1_61' title="bbox 2209 2795 3746 2869">
    <p class='ocr_par' dir='ltr' id='par_1_61' title="bbox 2209 2795 3746 2869">
     <span class='ocr_line' id='line_1_61' title="bbox 2209 2795 3746 2869; baseline -0.014 -4"><span class='ocrx_word' id='word_1_426' title='bbox 2209 2802 2383 2869; x_wconf 74' lang='grc' dir='ltr'>φὴτης</span> <span class='ocrx_word' id='word_1_427' title='bbox 2416 2799 2542 2869; x_wconf 78' lang='grc' dir='ltr'>περὶ</span> <span class='ocrx_word' id='word_1_428' title='bbox 2580 2796 2675 2851; x_wconf 81' lang='grc' dir='ltr'>τοῦ</span> <span class='ocrx_word' id='word_1_429' title='bbox 2713 2798 3085 2867; x_wconf 79' lang='grc' dir='ltr'><strong>ἀντικειμένου</strong></span> <span class='ocrx_word' id='word_1_430' title='bbox 3118 2796 3267 2865; x_wconf 81' lang='grc' dir='ltr'>λέγει</span> <span class='ocrx_word' id='word_1_431' title='bbox 3295 2812 3310 2826; x_wconf 72' lang='grc' dir='ltr'><strong>ο</strong></span> <span class='ocrx_word' id='word_1_432' title='bbox 3360 2799 3387 2849; x_wconf 91' lang='lat'><strong>6</strong></span> <span class='ocrx_word' id='word_1_433' title='bbox 3430 2797 3483 2849; x_wconf 83' lang='grc' dir='ltr'>δὲ</span> <span class='ocrx_word' id='word_1_434' title='bbox 3517 2795 3746 2857; x_wconf 52' lang='lat' dir='ltr'><strong>Eius/61419;</strong></span> 
     </span>
    </p>
   </div>
   <div class='ocr_carea' id='block_1_62' title="bbox 2208 2887 3746 2959">
    <p class='ocr_par' dir='ltr' id='par_1_62' title="bbox 2208 2887 3746 2959">
     <span class='ocr_line' id='line_1_62' title="bbox 2208 2887 3746 2959; baseline -0.003 -16"><span class='ocrx_word' id='word_1_435' title='bbox 2208 2892 2288 2951; x_wconf 86' lang='grc' dir='ltr'><strong>είς</strong></span> <span class='ocrx_word' id='word_1_436' title='bbox 2329 2890 2491 2944; x_wconf 80' lang='grc' dir='ltr'>αὐτὸν</span> <span class='ocrx_word' id='word_1_437' title='bbox 2536 2889 2629 2942; x_wconf 83' lang='grc' dir='ltr'><strong>τὸν</strong></span> <span class='ocrx_word' id='word_1_438' title='bbox 2668 2889 2945 2959; x_wconf 83' lang='grc' dir='ltr'>Μονογενῆ</span> <span class='ocrx_word' id='word_1_439' title='bbox 2973 2888 3103 2941; x_wconf 88' lang='grc' dir='ltr'>Θεὸν</span> <span class='ocrx_word' id='word_1_440' title='bbox 3136 2888 3397 2959; x_wconf 79' lang='grc' dir='ltr'>ἀναφέρει</span> <span class='ocrx_word' id='word_1_441' title='bbox 3441 2887 3534 2959; x_wconf 83' lang='grc' dir='ltr'>τὴν</span> <span class='ocrx_word' id='word_1_442' title='bbox 3564 2904 3746 2957; x_wconf 81' lang='grc' dir='ltr'>προφη-</span> 
     </span>
    </p>
   </div>
   <div class='ocr_carea' id='block_1_63' title="bbox 2207 2979 3743 3051">
    <p class='ocr_par' dir='ltr' id='par_1_63' title="bbox 2207 2979 3743 3051">
     <span class='ocr_line' id='line_1_63' title="bbox 2207 2979 3743 3051; baseline -0.003 -17"><span class='ocrx_word' id='word_1_443' title='bbox 2207 2982 2375 3035; x_wconf 87' lang='grc' dir='ltr'>τείαν.</span> <span class='ocrx_word' id='word_1_444' title='bbox 2409 2980 2591 3034; x_wconf 82' lang='grc' dir='ltr'>Εἰπὼν</span> <span class='ocrx_word' id='word_1_445' title='bbox 2618 2980 2728 3051; x_wconf 86' lang='grc' dir='ltr'><strong>γάρ</strong></span> <span class='ocrx_word' id='word_1_446' title='bbox 2745 2983 2807 3034; x_wconf 81' lang='grc' dir='ltr'>ἐκ</span> <span class='ocrx_word' id='word_1_447' title='bbox 2830 2979 3119 3051; x_wconf 82' lang='grc' dir='ltr'>προσώπου</span> <span class='ocrx_word' id='word_1_448' title='bbox 3142 2979 3236 3033; x_wconf 76' lang='grc' dir='ltr'>τοῦ</span> <span class='ocrx_word' id='word_1_449' title='bbox 3260 2980 3395 3033; x_wconf 87' lang='grc' dir='ltr'>Θεοῦ</span> <span class='ocrx_word' id='word_1_450' title='bbox 3419 2982 3446 3031; x_wconf 91' lang='lat'><strong>6</strong></span> <span class='ocrx_word' id='word_1_451' title='bbox 3476 2979 3743 3049; x_wconf 73' lang='grc' dir='ltr'>προφήτης,</span> 
     </span>
    </p>
   </div>
   <div class='ocr_carea' id='block_1_64' title="bbox 2206 3070 3745 3142">
    <p class='ocr_par' dir='ltr' id='par_1_64' title="bbox 2206 3070 3745 3142">
     <span class='ocr_line' id='line_1_64' title="bbox 2206 3070 3745 3142; baseline -0.004 -18"><span class='ocrx_word' id='word_1_452' title='bbox 2206 3072 2287 3124; x_wconf 82' lang='grc' dir='ltr'>ὅτι</span> <span class='ocrx_word' id='word_1_453' title='bbox 2316 3072 2432 3139; x_wconf 84' lang='grc' dir='ltr'><strong>Τὴν</strong></span> <span class='ocrx_word' id='word_1_454' title='bbox 2455 3071 2644 3135; x_wconf 75' lang='grc' dir='ltr'>δόξαν</span> <span class='ocrx_word' id='word_1_455' title='bbox 2658 3089 2778 3140; x_wconf 83' lang='grc' dir='ltr'><strong>μου</strong></span> <span class='ocrx_word' id='word_1_456' title='bbox 2798 3072 2977 3139; x_wconf 78' lang='grc' dir='ltr'>ἑτέρῳ</span> <span class='ocrx_word' id='word_1_457' title='bbox 3009 3072 3080 3125; x_wconf 85' lang='grc' dir='ltr'><strong>οὐ</strong></span> <span class='ocrx_word' id='word_1_458' title='bbox 3103 3070 3277 3124; x_wconf 85' lang='grc' dir='ltr'><em>δώσω</em></span> <span class='ocrx_word' id='word_1_459' title='bbox 3295 3089 3308 3101; x_wconf 90' lang='grc'><strong>·</strong></span> <span class='ocrx_word' id='word_1_460' title='bbox 3342 3070 3661 3142; x_wconf 79' lang='grc' dir='ltr'>προσέθηκεν</span> <span class='ocrx_word' id='word_1_461' title='bbox 3676 3070 3745 3121; x_wconf 79' lang='grc' dir='ltr'>ὅτι</span> 
     </span>
    </p>
   </div>
   <div class='ocr_carea' id='block_1_65' title="bbox 2205 3160 3746 3232">
    <p class='ocr_par' dir='ltr' id='par_1_65' title="bbox 2205 3160 3746 3232">
     <span class='ocr_line' id='line_1_65' title="bbox 2205 3160 3746 3232; baseline -0.002 -17"><span class='ocrx_word' id='word_1_462' title='bbox 2205 3162 2302 3215; x_wconf 74' lang='grc' dir='ltr'><strong>καὶ</strong></span> <span class='ocrx_word' id='word_1_463' title='bbox 2348 3162 2454 3227; x_wconf 83' lang='grc' dir='ltr'>τὰς</span> <span class='ocrx_word' id='word_1_464' title='bbox 2491 3162 2703 3231; x_wconf 83' lang='grc' dir='ltr'>ἀρετάς</span> <span class='ocrx_word' id='word_1_465' title='bbox 2727 3180 2845 3232; x_wconf 84' lang='grc' dir='ltr'><strong>μου</strong></span> <span class='ocrx_word' id='word_1_466' title='bbox 2880 3163 3002 3227; x_wconf 82' lang='grc' dir='ltr'>τοῖς</span> <span class='ocrx_word' id='word_1_467' title='bbox 3030 3162 3341 3231; x_wconf 67' lang='grc' dir='ltr'>γλυπτοῖς.</span> <span class='ocrx_word' id='word_1_468' title='bbox 3381 3162 3528 3214; x_wconf 80' lang='grc' dir='ltr'>Ἐπεὶ</span> <span class='ocrx_word' id='word_1_469' title='bbox 3551 3160 3646 3232; x_wconf 78' lang='grc' dir='ltr'><strong>γὰρ</strong></span> <span class='ocrx_word' id='word_1_470' title='bbox 3664 3160 3746 3227; x_wconf 75' lang='grc' dir='ltr'>τὴν</span> 
     </span>
    </p>
   </div>
   <div class='ocr_carea' id='block_1_66' title="bbox 2206 3250 3746 3327">
    <p class='ocr_par' dir='ltr' id='par_1_66' title="bbox 2206 3250 3746 3327">
     <span class='ocr_line' id='line_1_66' title="bbox 2206 3250 3746 3327; baseline -0.007 -17"><span class='ocrx_word' id='word_1_471' title='bbox 2206 3257 2325 3327; x_wconf 85' lang='grc' dir='ltr'><strong>Θεῷ</strong></span> <span class='ocrx_word' id='word_1_472' title='bbox 2371 3255 2821 3327; x_wconf 83' lang='grc' dir='ltr'>χρεωστουμένην</span> <span class='ocrx_word' id='word_1_473' title='bbox 2864 3253 3119 3324; x_wconf 82' lang='grc' dir='ltr'>λατρείαν</span> <span class='ocrx_word' id='word_1_474' title='bbox 3164 3255 3261 3306; x_wconf 77' lang='grc' dir='ltr'><strong>καὶ</strong></span> <span class='ocrx_word' id='word_1_475' title='bbox 3294 3252 3644 3323; x_wconf 79' lang='grc' dir='ltr'>προσκύνησιν</span> <span class='ocrx_word' id='word_1_476' title='bbox 3682 3250 3746 3317; x_wconf 81' lang='grc' dir='ltr'>τῷ</span> 
     </span>
    </p>
   </div>
   <div class='ocr_carea' id='block_1_67' title="bbox 2219 3342 3745 3416">
    <p class='ocr_par' dir='ltr' id='par_1_67' title="bbox 2219 3342 3745 3416">
     <span class='ocr_line' id='line_1_67' title="bbox 2219 3342 3745 3416; baseline -0.007 -15"><span class='ocrx_word' id='word_1_477' title='bbox 2219 3347 2579 3415; x_wconf 78' lang='grc' dir='ltr'>ἀντικειμένῳ</span> <span class='ocrx_word' id='word_1_478' title='bbox 2628 3345 2903 3416; x_wconf 79' lang='grc' dir='ltr'>προσῆγον</span> <span class='ocrx_word' id='word_1_479' title='bbox 2933 3346 2997 3397; x_wconf 75' lang='grc' dir='ltr'>δι’</span> <span class='ocrx_word' id='word_1_480' title='bbox 3029 3346 3244 3414; x_wconf 79' lang='grc' dir='ltr'><strong>ἀπάτης</strong></span> <span class='ocrx_word' id='word_1_481' title='bbox 3273 3347 3321 3397; x_wconf 83' lang='grc' dir='ltr'><strong>οἱ</strong></span> <span class='ocrx_word' id='word_1_482' title='bbox 3352 3344 3627 3414; x_wconf 81' lang='grc' dir='ltr'>ἄνθρωποι,</span> <span class='ocrx_word' id='word_1_483' title='bbox 3656 3342 3745 3401; x_wconf 80' lang='grc' dir='ltr'>τοῖς</span> 
     </span>
    </p>
   </div>
   <div class='ocr_carea' id='block_1_68' title="bbox 542 3430 2107 3516">
    <p class='ocr_par' dir='ltr' id='par_1_68' title="bbox 542 3434 2101 3503">
     <span class='ocr_line' id='line_1_68' title="bbox 542 3434 2101 3503; baseline 0.005 -16"><span class='ocrx_word' id='word_1_484' title='bbox 542 3434 855 3488; x_wconf 88' lang='lat' dir='ltr'><strong>hominibus</strong></span> <span class='ocrx_word' id='word_1_485' title='bbox 895 3450 989 3503; x_wconf 88' lang='lat' dir='ltr'><strong>per</strong></span> <span class='ocrx_word' id='word_1_486' title='bbox 1022 3435 1315 3490; x_wconf 84' lang='lat' dir='ltr'><strong>simulacra</strong></span> <span class='ocrx_word' id='word_1_487' title='bbox 1355 3436 1667 3493; x_wconf 87' lang='lat' dir='ltr'><strong>formatum.</strong></span> <span class='ocrx_word' id='word_1_488' title='bbox 1707 3438 1939 3494; x_wconf 85' lang='lat' dir='ltr'><strong>Humani</strong></span> <span class='ocrx_word' id='word_1_489' title='bbox 1966 3442 2101 3495; x_wconf 88' lang='lat' dir='ltr'><strong>inte-</strong></span> 
     </span>
    </p>
   </div>
   <div class='ocr_carea' id='block_1_69' title="bbox 2213 3430 3745 3516">
    <p class='ocr_par' dir='ltr' id='par_1_69' title="bbox 2213 3430 3745 3507">
     <span class='ocr_line' id='line_1_69' title="bbox 2213 3430 3745 3507; baseline -0.006 -15"><span class='ocrx_word' id='word_1_490' title='bbox 2213 3440 2314 3492; x_wconf 83' lang='grc' dir='ltr'>τῶν</span> <span class='ocrx_word' id='word_1_491' title='bbox 2343 3437 2593 3507; x_wconf 84' lang='grc' dir='ltr'>γλυπτῶν</span> <span class='ocrx_word' id='word_1_492' title='bbox 2620 3436 2950 3507; x_wconf 73' lang='grc' dir='ltr'>ἀφιδρύμασι</span> <span class='ocrx_word' id='word_1_493' title='bbox 2986 3436 3076 3488; x_wconf 87' lang='grc' dir='ltr'><strong>τὸν</strong></span> <span class='ocrx_word' id='word_1_494' title='bbox 3112 3436 3302 3506; x_wconf 83' lang='grc' dir='ltr'>ἐχθρὸν</span> <span class='ocrx_word' id='word_1_495' title='bbox 3336 3436 3425 3489; x_wconf 76' lang='grc' dir='ltr'><strong>τού</strong></span> <span class='ocrx_word' id='word_1_496' title='bbox 3449 3433 3576 3487; x_wconf 88' lang='grc' dir='ltr'><strong>Θεοῦ</strong></span> <span class='ocrx_word' id='word_1_497' title='bbox 3610 3430 3745 3485; x_wconf 69' lang='grc' dir='ltr'>σεϐα-</span> 
     </span>
    </p>
   </div>
   <div class='ocr_carea' id='block_1_70' title="bbox 536 3528 2108 3601">
    <p class='ocr_par' dir='ltr' id='par_1_70' title="bbox 536 3528 2108 3601">
     <span class='ocr_line' id='line_1_70' title="bbox 536 3528 2108 3601; baseline 0.004 -20"><span class='ocrx_word' id='word_1_498' title='bbox 536 3528 679 3581; x_wconf 85' lang='lat' dir='ltr'><strong>ritus</strong></span> <span class='ocrx_word' id='word_1_499' title='bbox 708 3528 963 3581; x_wconf 82' lang='lat' dir='ltr'><strong>misertus</strong></span> <span class='ocrx_word' id='word_1_500' title='bbox 989 3528 1075 3581; x_wconf 89' lang='lat' dir='ltr'><strong>ille</strong></span> <span class='ocrx_word' id='word_1_501' title='bbox 1100 3529 1191 3597; x_wconf 91' lang='lat' dir='ltr'><strong>qui</strong></span> <span class='ocrx_word' id='word_1_502' title='bbox 1231 3529 1371 3581; x_wconf 84' lang='lat' dir='ltr'><strong>male</strong></span> <span class='ocrx_word' id='word_1_503' title='bbox 1400 3528 1661 3583; x_wconf 84' lang='lat' dir='ltr'><strong>habentes</strong></span> <span class='ocrx_word' id='word_1_504' title='bbox 1697 3532 1947 3599; x_wconf 84' lang='lat' dir='ltr'><strong>sospitat,</strong></span> <span class='ocrx_word' id='word_1_505' title='bbox 1990 3548 2108 3601; x_wconf 87' lang='lat' dir='ltr'><strong>pos-</strong></span> 
     </span>
    </p>
   </div>
   <div class='ocr_carea' id='block_1_71' title="bbox 538 3620 2109 3693">
    <p class='ocr_par' dir='ltr' id='par_1_71' title="bbox 538 3620 2109 3693">
     <span class='ocr_line' id='line_1_71' title="bbox 538 3620 2109 3693; baseline 0.004 -21"><span class='ocrx_word' id='word_1_506' title='bbox 538 3620 728 3673; x_wconf 83' lang='lat' dir='ltr'><strong>tremis</strong></span> <span class='ocrx_word' id='word_1_507' title='bbox 759 3622 1094 3685; x_wconf 85' lang='lat' dir='ltr'><strong>temporibus</strong></span> <span class='ocrx_word' id='word_1_508' title='bbox 1122 3637 1188 3674; x_wconf 88' lang='lat' dir='ltr'><strong>ex</strong></span> <span class='ocrx_word' id='word_1_509' title='bbox 1212 3621 1325 3688; x_wconf 90' lang='lat' dir='ltr'><strong>ipso</strong></span> <span class='ocrx_word' id='word_1_510' title='bbox 1351 3623 1614 3675; x_wconf 79' lang='lat' dir='ltr'><strong>oriturum</strong></span> <span class='ocrx_word' id='word_1_511' title='bbox 1645 3624 1697 3675; x_wconf 89' lang='lat' dir='ltr'><strong>in</strong></span> <span class='ocrx_word' id='word_1_512' title='bbox 1723 3640 1893 3693; x_wconf 69' lang='lat' dir='ltr'><strong>genus</strong></span> <span class='ocrx_word' id='word_1_513' title='bbox 1926 3625 2109 3678; x_wconf 83' lang='lat' dir='ltr'><strong>Imma-</strong></span> 
     </span>
    </p>
   </div>
   <div class='ocr_carea' id='block_1_72' title="bbox 540 3712 2109 3785">
    <p class='ocr_par' dir='ltr' id='par_1_72' title="bbox 540 3712 2109 3785">
     <span class='ocr_line' id='line_1_72' title="bbox 540 3712 2109 3785; baseline 0.002 -21"><span class='ocrx_word' id='word_1_514' title='bbox 540 3726 669 3764; x_wconf 90' lang='lat' dir='ltr'><strong>num</strong></span> <span class='ocrx_word' id='word_1_515' title='bbox 693 3712 1141 3773; x_wconf 83' lang='lat' dir='ltr'><strong>benevolentiam,</strong></span> <span class='ocrx_word' id='word_1_516' title='bbox 1169 3712 1221 3764; x_wconf 93' lang='lat' dir='ltr'><strong>in</strong></span> <span class='ocrx_word' id='word_1_517' title='bbox 1249 3713 1544 3767; x_wconf 92' lang='lat' dir='ltr'><strong>abolitione</strong></span> <span class='ocrx_word' id='word_1_518' title='bbox 1568 3714 1987 3768; x_wconf 88' lang='lat' dir='ltr'><strong>simulacrorum</strong></span> <span class='ocrx_word' id='word_1_519' title='bbox 2015 3732 2109 3785; x_wconf 84' lang='lat' dir='ltr'><strong>per</strong></span> 
     </span>
    </p>
   </div>
   <div class='ocr_carea' id='block_1_73' title="bbox 541 3799 2107 3871">
    <p class='ocr_par' dir='ltr' id='par_1_73' title="bbox 541 3799 2107 3871">
     <span class='ocr_line' id='line_1_73' title="bbox 541 3799 2107 3871; baseline 0.004 -16"><span class='ocrx_word' id='word_1_520' title='bbox 541 3799 859 3871; x_wconf 86' lang='lat' dir='ltr'><strong>prophetam</strong></span> <span class='ocrx_word' id='word_1_521' title='bbox 896 3803 1225 3858; x_wconf 80' lang='lat' dir='ltr'><strong>vaticinatus</strong></span> <span class='ocrx_word' id='word_1_522' title='bbox 1250 3812 1352 3869; x_wconf 90' lang='lat' dir='ltr'><strong>est,</strong></span> <span class='ocrx_word' id='word_1_523' title='bbox 1383 3804 1605 3859; x_wconf 81' lang='lat' dir='ltr'><strong>dicens:</strong></span> <span class='ocrx_word' id='word_1_524' title='bbox 1636 3804 1982 3861; x_wconf 80' lang='lat' dir='ltr'><strong>Mauifestata</strong></span> <span class='ocrx_word' id='word_1_525' title='bbox 2017 3822 2107 3861; x_wconf 83' lang='lat' dir='ltr'><strong>ve-</strong></span> 
     </span>
    </p>
   </div>
   <div class='ocr_carea' id='block_1_74' title="bbox 541 3894 2110 3968">
    <p class='ocr_par' dir='ltr' id='par_1_74' title="bbox 541 3894 2110 3968">
     <span class='ocr_line' id='line_1_74' title="bbox 541 3894 2110 3968; baseline 0.004 -21"><span class='ocrx_word' id='word_1_526' title='bbox 541 3894 703 3947; x_wconf 83' lang='lat' dir='ltr'><strong>ritate</strong></span> <span class='ocrx_word' id='word_1_527' title='bbox 732 3909 841 3947; x_wconf 90' lang='lat' dir='ltr'><strong>non</strong></span> <span class='ocrx_word' id='word_1_528' title='bbox 877 3895 1111 3964; x_wconf 90' lang='lat' dir='ltr'><strong>amplius</strong></span> <span class='ocrx_word' id='word_1_529' title='bbox 1156 3910 1274 3949; x_wconf 91' lang='lat' dir='ltr'><strong>mea</strong></span> <span class='ocrx_word' id='word_1_530' title='bbox 1310 3896 1481 3965; x_wconf 80' lang='lat' dir='ltr'><strong>gloria</strong></span> <span class='ocrx_word' id='word_1_531' title='bbox 1517 3897 1609 3949; x_wconf 90' lang='lat' dir='ltr'><strong>alii</strong></span> <span class='ocrx_word' id='word_1_532' title='bbox 1644 3897 1884 3963; x_wconf 91' lang='lat' dir='ltr'><strong>dabitur,</strong></span> <span class='ocrx_word' id='word_1_533' title='bbox 1933 3913 2110 3968; x_wconf 88' lang='lat' dir='ltr'><strong>neque</strong></span> 
     </span>
    </p>
   </div>
   <div class='ocr_carea' id='block_1_75' title="bbox 541 3986 2109 4056">
    <p class='ocr_par' dir='ltr' id='par_1_75' title="bbox 541 3986 2109 4056">
     <span class='ocr_line' id='line_1_75' title="bbox 541 3986 2109 4056; baseline 0.004 -17"><span class='ocrx_word' id='word_1_534' title='bbox 541 4000 675 4039; x_wconf 68' lang='lat' dir='ltr'><strong>mea:</strong></span> <span class='ocrx_word' id='word_1_535' title='bbox 700 3986 927 4039; x_wconf 85' lang='lat' dir='ltr'><strong>virtutes</strong></span> <span class='ocrx_word' id='word_1_536' title='bbox 967 3987 1311 4056; x_wconf 88' lang='lat' dir='ltr'><strong>sculptilibus</strong></span> <span class='ocrx_word' id='word_1_537' title='bbox 1349 3988 1766 4042; x_wconf 81' lang='lat' dir='ltr'><strong>dedicabuntnr.</strong></span> <span class='ocrx_word' id='word_1_538' title='bbox 1805 3988 1923 4044; x_wconf 74' lang='lat' dir='ltr'><strong>Non</strong></span> <span class='ocrx_word' id='word_1_539' title='bbox 1964 3995 2109 4045; x_wconf 91' lang='lat' dir='ltr'><strong>enim</strong></span> 
     </span>
    </p>
   </div>
   <div class='ocr_carea' id='block_1_76' title="bbox 545 4078 2110 4152">
    <p class='ocr_par' dir='ltr' id='par_1_76' title="bbox 545 4078 2110 4152">
     <span class='ocr_line' id='line_1_76' title="bbox 545 4078 2110 4152; baseline 0.003 -21"><span class='ocrx_word' id='word_1_540' title='bbox 545 4078 816 4141; x_wconf 82' lang='lat' dir='ltr'><strong>homines,</strong></span> <span class='ocrx_word' id='word_1_541' title='bbox 838 4079 928 4148; x_wconf 90' lang='lat' dir='ltr'><strong>qui</strong></span> <span class='ocrx_word' id='word_1_542' title='bbox 948 4094 1122 4133; x_wconf 88' lang='lat' dir='ltr'><strong>meam</strong></span> <span class='ocrx_word' id='word_1_543' title='bbox 1142 4080 1373 4150; x_wconf 84' lang='lat' dir='ltr'><strong>gloriam</strong></span> <span class='ocrx_word' id='word_1_544' title='bbox 1402 4083 1674 4140; x_wconf 86' lang='lat' dir='ltr'><strong>noverint.</strong></span> <span class='ocrx_word' id='word_1_545' title='bbox 1696 4081 1783 4137; x_wconf 90' lang='lat' dir='ltr'><strong>his</strong></span> <span class='ocrx_word' id='word_1_546' title='bbox 1804 4084 1895 4152; x_wconf 88' lang='lat' dir='ltr'><strong>qui</strong></span> <span class='ocrx_word' id='word_1_547' title='bbox 1916 4092 2110 4137; x_wconf 85' lang='lat' dir='ltr'><strong>natura</strong></span> 
     </span>
    </p>
   </div>
   <div class='ocr_carea' id='block_1_77' title="bbox 542 4170 2110 4243">
    <p class='ocr_par' dir='ltr' id='par_1_77' title="bbox 542 4170 2110 4243">
     <span class='ocr_line' id='line_1_77' title="bbox 542 4170 2110 4243; baseline 0.001 -18"><span class='ocrx_word' id='word_1_548' title='bbox 542 4170 616 4225; x_wconf 91' lang='lat' dir='ltr'><strong>dii</strong></span> <span class='ocrx_word' id='word_1_549' title='bbox 644 4186 751 4225; x_wconf 92' lang='lat' dir='ltr'><strong>non</strong></span> <span class='ocrx_word' id='word_1_550' title='bbox 787 4178 913 4225; x_wconf 92' lang='lat' dir='ltr'><strong>sunt</strong></span> <span class='ocrx_word' id='word_1_551' title='bbox 942 4172 1194 4225; x_wconf 88' lang='lat' dir='ltr'><strong>servient.</strong></span> <span class='ocrx_word' id='word_1_552' title='bbox 1226 4170 1573 4241; x_wconf 66' lang='lat' dir='ltr'><strong>Quaecunque</strong></span> <span class='ocrx_word' id='word_1_553' title='bbox 1604 4173 1768 4243; x_wconf 81' lang='lat' dir='ltr'><strong>igitur</strong></span> <span class='ocrx_word' id='word_1_554' title='bbox 1803 4174 1869 4229; x_wconf 90' lang='lat' dir='ltr'><strong>de</strong></span> <span class='ocrx_word' id='word_1_555' title='bbox 1889 4185 2110 4229; x_wconf 87' lang='lat' dir='ltr'><strong>contra-</strong></span> 
     </span>
    </p>
   </div>
   <div class='ocr_carea' id='block_1_78' title="bbox 544 4263 2109 4335">
    <p class='ocr_par' dir='ltr' id='par_1_78' title="bbox 544 4263 2109 4335">
     <span class='ocr_line' id='line_1_78' title="bbox 544 4263 2109 4335; baseline 0.002 -18"><span class='ocrx_word' id='word_1_556' title='bbox 544 4264 625 4318; x_wconf 87' lang='lat' dir='ltr'><strong>ria</strong></span> <span class='ocrx_word' id='word_1_557' title='bbox 665 4264 983 4331; x_wconf 87' lang='lat' dir='ltr'><strong>operatione</strong></span> <span class='ocrx_word' id='word_1_558' title='bbox 1012 4278 1078 4318; x_wconf 87' lang='lat' dir='ltr'><strong>ex</strong></span> <span class='ocrx_word' id='word_1_559' title='bbox 1128 4279 1361 4333; x_wconf 87' lang='lat' dir='ltr'><strong>persona</strong></span> <span class='ocrx_word' id='word_1_560' title='bbox 1398 4263 1614 4318; x_wconf 90' lang='lat' dir='ltr'><strong>Domini</strong></span> <span class='ocrx_word' id='word_1_561' title='bbox 1659 4269 1921 4335; x_wconf 85' lang='lat' dir='ltr'><strong>propheta</strong></span> <span class='ocrx_word' id='word_1_562' title='bbox 1956 4268 2109 4332; x_wconf 88' lang='lat' dir='ltr'><strong>dicit,</strong></span> 
     </span>
    </p>
   </div>
   <div class='ocr_carea' id='block_1_79' title="bbox 545 4354 2113 4425">
    <p class='ocr_par' dir='ltr' id='par_1_79' title="bbox 545 4354 2113 4425">
     <span class='ocr_line' id='line_1_79' title="bbox 545 4354 2113 4425; baseline 0.003 -17"><span class='ocrx_word' id='word_1_563' title='bbox 545 4355 661 4409; x_wconf 68' lang='lat' dir='ltr'><strong>haec</strong></span> <span class='ocrx_word' id='word_1_564' title='bbox 683 4354 793 4409; x_wconf 89' lang='lat' dir='ltr'><strong>Deo</strong></span> <span class='ocrx_word' id='word_1_565' title='bbox 836 4355 1053 4409; x_wconf 89' lang='lat' dir='ltr'><strong>rebellis</strong></span> <span class='ocrx_word' id='word_1_566' title='bbox 1082 4364 1136 4410; x_wconf 89' lang='lat' dir='ltr'><strong>et</strong></span> <span class='ocrx_word' id='word_1_567' title='bbox 1174 4371 1387 4425; x_wconf 77' lang='lat' dir='ltr'><strong>pugnax</strong></span> <span class='ocrx_word' id='word_1_568' title='bbox 1412 4357 1464 4410; x_wconf 90' lang='lat' dir='ltr'><strong>in</strong></span> <span class='ocrx_word' id='word_1_569' title='bbox 1504 4357 1680 4425; x_wconf 86' lang='lat' dir='ltr'><strong>ipsum</strong></span> <span class='ocrx_word' id='word_1_570' title='bbox 1725 4358 1890 4411; x_wconf 81' lang='lat' dir='ltr'><strong>refert</strong></span> <span class='ocrx_word' id='word_1_571' title='bbox 1932 4358 2113 4414; x_wconf 84' lang='lat' dir='ltr'><strong>Domi-</strong></span> 
     </span>
    </p>
   </div>
   <div class='ocr_carea' id='block_1_80' title="bbox 546 4444 2111 4514">
    <p class='ocr_par' dir='ltr' id='par_1_80' title="bbox 546 4444 2111 4514">
     <span class='ocr_line' id='line_1_80' title="bbox 546 4444 2111 4514; baseline 0.002 -16"><span class='ocrx_word' id='word_1_572' title='bbox 546 4460 707 4507; x_wconf 82' lang='lat' dir='ltr'><strong>num,</strong></span> <span class='ocrx_word' id='word_1_573' title='bbox 727 4444 818 4513; x_wconf 87' lang='lat' dir='ltr'><strong>qui</strong></span> <span class='ocrx_word' id='word_1_574' title='bbox 852 4444 967 4496; x_wconf 58' lang='lat' dir='ltr'><strong>haec</strong></span> <span class='ocrx_word' id='word_1_575' title='bbox 1012 4459 1107 4512; x_wconf 90' lang='lat' dir='ltr'><strong>per</strong></span> <span class='ocrx_word' id='word_1_576' title='bbox 1145 4445 1464 4513; x_wconf 89' lang='lat' dir='ltr'><strong>prophetam</strong></span> <span class='ocrx_word' id='word_1_577' title='bbox 1504 4446 1750 4514; x_wconf 90' lang='lat' dir='ltr'><strong>protulit.</strong></span> <span class='ocrx_word' id='word_1_578' title='bbox 1800 4446 1935 4510; x_wconf 83' lang='lat' dir='ltr'><strong>Quis</strong></span> <span class='ocrx_word' id='word_1_579' title='bbox 1989 4447 2111 4501; x_wconf 84' lang='lat' dir='ltr'><strong>talis</strong></span> 
     </span>
    </p>
   </div>
   <div class='ocr_carea' id='block_1_81' title="bbox 546 4535 2112 4606">
    <p class='ocr_par' dir='ltr' id='par_1_81' title="bbox 546 4535 2112 4606">
     <span class='ocr_line' id='line_1_81' title="bbox 546 4535 2112 4606; baseline -0.001 -16"><span class='ocrx_word' id='word_1_580' title='bbox 546 4537 688 4590; x_wconf 88' lang='lat' dir='ltr'><strong>inter</strong></span> <span class='ocrx_word' id='word_1_581' title='bbox 712 4543 973 4605; x_wconf 79' lang='lat' dir='ltr'><strong>tyrannos</strong></span> <span class='ocrx_word' id='word_1_582' title='bbox 1001 4535 1283 4590; x_wconf 77' lang='lat' dir='ltr'><strong>exstitisse</strong></span> <span class='ocrx_word' id='word_1_583' title='bbox 1324 4535 1445 4590; x_wconf 82' lang='lat' dir='ltr'><strong>ﬁdei</strong></span> <span class='ocrx_word' id='word_1_584' title='bbox 1483 4547 1799 4606; x_wconf 90' lang='lat' dir='ltr'><strong>persecutor</strong></span> <span class='ocrx_word' id='word_1_585' title='bbox 1842 4552 2112 4592; x_wconf 88' lang='lat' dir='ltr'><strong>memora-</strong></span> 
     </span>
    </p>
   </div>
   <div class='ocr_carea' id='block_1_82' title="bbox 547 4626 2111 4699">
    <p class='ocr_par' dir='ltr' id='par_1_82' title="bbox 547 4626 2111 4699">
     <span class='ocr_line' id='line_1_82' title="bbox 547 4626 2111 4699; baseline 0.003 -20"><span class='ocrx_word' id='word_1_586' title='bbox 547 4630 681 4679; x_wconf 89' lang='lat' dir='ltr'><strong>tur?</strong></span> <span class='ocrx_word' id='word_1_587' title='bbox 710 4626 844 4692; x_wconf 88' lang='lat' dir='ltr'><strong>Quis</strong></span> <span class='ocrx_word' id='word_1_588' title='bbox 874 4626 977 4681; x_wconf 90' lang='lat' dir='ltr'><strong>hoc</strong></span> <span class='ocrx_word' id='word_1_589' title='bbox 1007 4642 1245 4697; x_wconf 88' lang='lat' dir='ltr'><strong>unquam</strong></span> <span class='ocrx_word' id='word_1_590' title='bbox 1282 4628 1505 4680; x_wconf 85' lang='lat' dir='ltr'><strong>molitus</strong></span> <span class='ocrx_word' id='word_1_591' title='bbox 1542 4630 1660 4683; x_wconf 77' lang='lat' dir='ltr'><strong>est?</strong></span> <span class='ocrx_word' id='word_1_592' title='bbox 1700 4628 1854 4693; x_wconf 86' lang='lat' dir='ltr'><strong>Quod</strong></span> <span class='ocrx_word' id='word_1_593' title='bbox 1891 4630 1981 4683; x_wconf 89' lang='lat' dir='ltr'><strong>ille</strong></span> <span class='ocrx_word' id='word_1_594' title='bbox 2020 4631 2111 4699; x_wconf 91' lang='lat' dir='ltr'><strong>qui</strong></span> 
     </span>
    </p>
   </div>
   <div class='ocr_carea' id='block_1_83' title="bbox 547 4718 2110 4790">
    <p class='ocr_par' dir='ltr' id='par_1_83' title="bbox 547 4718 2110 4790">
     <span class='ocr_line' id='line_1_83' title="bbox 547 4718 2110 4790; baseline 0.001 -19"><span class='ocrx_word' id='word_1_595' title='bbox 547 4726 769 4789; x_wconf 90' lang='lat' dir='ltr'><strong>propter</strong></span> <span class='ocrx_word' id='word_1_596' title='bbox 798 4718 1102 4772; x_wconf 89' lang='lat' dir='ltr'><strong>animarqu</strong></span> <span class='ocrx_word' id='word_1_597' title='bbox 1137 4727 1446 4772; x_wconf 88' lang='lat' dir='ltr'><strong>nostrarum</strong></span> <span class='ocrx_word' id='word_1_598' title='bbox 1489 4721 1716 4773; x_wconf 87' lang='lat' dir='ltr'><strong>salutem</strong></span> <span class='ocrx_word' id='word_1_599' title='bbox 1760 4736 1855 4790; x_wconf 80' lang='lat' dir='ltr'><strong>per</strong></span> <span class='ocrx_word' id='word_1_600' title='bbox 1894 4737 2110 4775; x_wconf 88' lang='lat' dir='ltr'><strong>carnem</strong></span> 
     </span>
    </p>
   </div>
   <div class='ocr_carea' id='block_1_84' title="bbox 2215 3522 3744 3601">
    <p class='ocr_par' dir='ltr' id='par_1_84' title="bbox 2215 3522 3744 3601">
     <span class='ocr_line' id='line_1_84' title="bbox 2215 3522 3744 3601; baseline -0.007 -18"><span class='ocrx_word' id='word_1_601' title='bbox 2215 3532 2448 3601; x_wconf 75' lang='grc' dir='ltr'>ζόμενοι,</span> <span class='ocrx_word' id='word_1_602' title='bbox 2480 3531 2569 3581; x_wconf 88' lang='grc' dir='ltr'><strong>τὸν</strong></span> <span class='ocrx_word' id='word_1_603' title='bbox 2591 3528 2880 3589; x_wconf 79' lang='grc' dir='ltr'>πολυειδῶς</span> <span class='ocrx_word' id='word_1_604' title='bbox 2909 3530 2966 3579; x_wconf 84' lang='grc' dir='ltr'><strong>ἐν</strong></span> <span class='ocrx_word' id='word_1_605' title='bbox 2995 3531 3105 3590; x_wconf 88' lang='grc' dir='ltr'>τοῖς</span> <span class='ocrx_word' id='word_1_606' title='bbox 3128 3527 3431 3598; x_wconf 87' lang='grc' dir='ltr'>ἀνθρώποις</span> <span class='ocrx_word' id='word_1_607' title='bbox 3460 3526 3540 3578; x_wconf 77' lang='grc' dir='ltr'><strong>διὰ</strong></span> <span class='ocrx_word' id='word_1_608' title='bbox 3568 3523 3660 3576; x_wconf 82' lang='grc' dir='ltr'>τῶν</span> <span class='ocrx_word' id='word_1_609' title='bbox 3681 3522 3744 3573; x_wconf 81' lang='grc' dir='ltr'><strong>εξ-</strong></span> 
     </span>
    </p>
   </div>
   <div class='ocr_carea' id='block_1_85' title="bbox 2213 3614 3853 3693">
    <p class='ocr_par' dir='ltr' id='par_1_85' title="bbox 2213 3614 3853 3693">
     <span class='ocr_line' id='line_1_85' title="bbox 2213 3614 3853 3693; baseline -0.007 -18"><span class='ocrx_word' id='word_1_610' title='bbox 2213 3624 2391 3675; x_wconf 85' lang='grc' dir='ltr'>δώλων</span> <span class='ocrx_word' id='word_1_611' title='bbox 2430 3622 2821 3693; x_wconf 86' lang='grc' dir='ltr'>μορφούμενον.</span> <span class='ocrx_word' id='word_1_612' title='bbox 2878 3616 3072 3673; x_wconf 82' lang='grc' dir='ltr'>Οἷκτον</span> <span class='ocrx_word' id='word_1_613' title='bbox 3096 3619 3277 3673; x_wconf 77' lang='grc' dir='ltr'>λαϐὼν</span> <span class='ocrx_word' id='word_1_614' title='bbox 3310 3622 3403 3688; x_wconf 82' lang='grc' dir='ltr'>τῆς</span> <span class='ocrx_word' id='word_1_615' title='bbox 3440 3614 3746 3688; x_wconf 68' lang='grc' dir='ltr'><strong>ἀνθρωπίνης</strong></span> <span class='ocrx_word' id='word_1_616' title='bbox 3844 3640 3853 3654; x_wconf 89' lang='lat'><strong>-</strong></span> 
     </span>
    </p>
   </div>
   <div class='ocr_carea' id='block_1_86' title="bbox 2214 3704 3748 3782">
    <p class='ocr_par' dir='ltr' id='par_1_86' title="bbox 2214 3704 3748 3782">
     <span class='ocr_line' id='line_1_86' title="bbox 2214 3704 3748 3782; baseline -0.01 -11"><span class='ocrx_word' id='word_1_617' title='bbox 2214 3716 2486 3779; x_wconf 78' lang='grc' dir='ltr'><strong>ἀπωλείας</strong></span> <span class='ocrx_word' id='word_1_618' title='bbox 2514 3718 2541 3768; x_wconf 87' lang='lat'><strong>6</strong></span> <span class='ocrx_word' id='word_1_619' title='bbox 2565 3715 2688 3777; x_wconf 76' lang='grc' dir='ltr'>τοὺς</span> <span class='ocrx_word' id='word_1_620' title='bbox 2725 3712 2910 3775; x_wconf 80' lang='grc' dir='ltr'>κακῶς</span> <span class='ocrx_word' id='word_1_621' title='bbox 2952 3713 3172 3782; x_wconf 72' lang='grc' dir='ltr'>ἔχοντας</span> <span class='ocrx_word' id='word_1_622' title='bbox 3219 3711 3498 3781; x_wconf 73' lang='grc' dir='ltr'>ἰατρεύων,</span> <span class='ocrx_word' id='word_1_623' title='bbox 3527 3708 3614 3776; x_wconf 82' lang='grc' dir='ltr'><strong>τήν</strong></span> <span class='ocrx_word' id='word_1_624' title='bbox 3642 3704 3748 3773; x_wconf 81' lang='grc' dir='ltr'>χρό-</span> 
     </span>
    </p>
   </div>
   <div class='ocr_carea' id='block_1_87' title="bbox 2214 3796 3744 3878">
    <p class='ocr_par' dir='ltr' id='par_1_87' title="bbox 2214 3796 3744 3878">
     <span class='ocr_line' id='line_1_87' title="bbox 2214 3796 3744 3878; baseline -0.008 -17"><span class='ocrx_word' id='word_1_625' title='bbox 2214 3826 2323 3871; x_wconf 85' lang='grc' dir='ltr'>νοις</span> <span class='ocrx_word' id='word_1_626' title='bbox 2357 3807 2578 3878; x_wconf 81' lang='grc' dir='ltr'>ὖστερον</span> <span class='ocrx_word' id='word_1_627' title='bbox 2605 3804 2973 3874; x_wconf 80' lang='grc' dir='ltr'>γενησομένην</span> <span class='ocrx_word' id='word_1_628' title='bbox 3004 3820 3075 3854; x_wconf 79' lang='grc' dir='ltr'><strong>πσ</strong></span> <span class='ocrx_word' id='word_1_629' title='bbox 3086 3804 3131 3872; x_wconf 83' lang='grc' dir='ltr'>ρ’</span> <span class='ocrx_word' id='word_1_630' title='bbox 3160 3801 3324 3854; x_wconf 75' lang='grc' dir='ltr'>αὑτοῦ</span> <span class='ocrx_word' id='word_1_631' title='bbox 3355 3796 3744 3871; x_wconf 75' lang='grc' dir='ltr'>φιλανθρωπίαν.</span> 
     </span>
    </p>
   </div>
   <div class='ocr_carea' id='block_1_88' title="bbox 2218 3893 3742 3969">
    <p class='ocr_par' dir='ltr' id='par_1_88' title="bbox 2218 3893 3742 3969">
     <span class='ocr_line' id='line_1_88' title="bbox 2218 3893 3742 3969; baseline -0.01 -17"><span class='ocrx_word' id='word_1_632' title='bbox 2218 3902 2273 3952; x_wconf 84' lang='grc' dir='ltr'><strong>ἑν</strong></span> <span class='ocrx_word' id='word_1_633' title='bbox 2289 3900 2365 3969; x_wconf 81' lang='grc' dir='ltr'>τῷ</span> <span class='ocrx_word' id='word_1_634' title='bbox 2392 3896 2684 3967; x_wconf 74' lang='grc' dir='ltr'>ἀφανισμῷ</span> <span class='ocrx_word' id='word_1_635' title='bbox 2703 3896 2811 3949; x_wconf 85' lang='grc' dir='ltr'>τῶν</span> <span class='ocrx_word' id='word_1_636' title='bbox 2828 3895 3080 3953; x_wconf 82' lang='grc' dir='ltr'>εἰδώλων,</span> <span class='ocrx_word' id='word_1_637' title='bbox 3109 3894 3197 3946; x_wconf 72' lang='grc' dir='ltr'><strong>διὰ</strong></span> <span class='ocrx_word' id='word_1_638' title='bbox 3229 3894 3325 3946; x_wconf 81' lang='grc' dir='ltr'><strong>τοῦ</strong></span> <span class='ocrx_word' id='word_1_639' title='bbox 3350 3893 3609 3963; x_wconf 73' lang='grc' dir='ltr'>προφήτου</span> <span class='ocrx_word' id='word_1_640' title='bbox 3636 3902 3742 3956; x_wconf 81' lang='grc' dir='ltr'>προ-</span> 
     </span>
    </p>
   </div>
   <div class='ocr_carea' id='block_1_89' title="bbox 2215 3977 3744 4062">
    <p class='ocr_par' dir='ltr' id='par_1_89' title="bbox 2215 3977 3744 4062">
     <span class='ocr_line' id='line_1_89' title="bbox 2215 3977 3744 4062; baseline -0.01 -18"><span class='ocrx_word' id='word_1_641' title='bbox 2215 3992 2510 4062; x_wconf 78' lang='grc' dir='ltr'>ηγόρευσε,</span> <span class='ocrx_word' id='word_1_642' title='bbox 2550 3990 2719 4057; x_wconf 84' lang='grc' dir='ltr'>λέγων</span> <span class='ocrx_word' id='word_1_643' title='bbox 2743 4006 2757 4018; x_wconf 71' lang='grc' dir='ltr'><strong>ο</strong></span> <span class='ocrx_word' id='word_1_644' title='bbox 2801 3989 2882 4040; x_wconf 84' lang='grc' dir='ltr'>ὅτι</span> <span class='ocrx_word' id='word_1_645' title='bbox 2925 3984 3334 4055; x_wconf 81' lang='grc' dir='ltr'>Φανερωθείσης</span> <span class='ocrx_word' id='word_1_646' title='bbox 3378 3986 3472 4053; x_wconf 80' lang='grc' dir='ltr'>τῆς</span> <span class='ocrx_word' id='word_1_647' title='bbox 3506 3977 3744 4048; x_wconf 77' lang='grc' dir='ltr'>ἀληθείας,</span> 
     </span>
    </p>
   </div>
   <div class='ocr_carea' id='block_1_90' title="bbox 2215 4066 3747 4151">
    <p class='ocr_par' dir='ltr' id='par_1_90' title="bbox 2215 4066 3747 4151">
     <span class='ocr_line' id='line_1_90' title="bbox 2215 4066 3747 4151; baseline -0.012 -18"><span class='ocrx_word' id='word_1_648' title='bbox 2215 4081 2396 4133; x_wconf 73' lang='grc' dir='ltr'>οὐκέτι</span> <span class='ocrx_word' id='word_1_649' title='bbox 2429 4082 2462 4151; x_wconf 87' lang='grc' dir='ltr'><strong>ή</strong></span> <span class='ocrx_word' id='word_1_650' title='bbox 2489 4080 2595 4149; x_wconf 82' lang='grc' dir='ltr'>ἐμὴ</span> <span class='ocrx_word' id='word_1_651' title='bbox 2619 4078 2746 4144; x_wconf 77' lang='grc' dir='ltr'>δόξα</span> <span class='ocrx_word' id='word_1_652' title='bbox 2761 4077 2903 4146; x_wconf 82' lang='grc' dir='ltr'>ἄλλῳ</span> <span class='ocrx_word' id='word_1_653' title='bbox 2924 4076 3231 4145; x_wconf 74' lang='grc' dir='ltr'>δοθήσεται,</span> <span class='ocrx_word' id='word_1_654' title='bbox 3276 4071 3394 4126; x_wconf 73' lang='grc' dir='ltr'>οὔτε</span> <span class='ocrx_word' id='word_1_655' title='bbox 3424 4073 3475 4123; x_wconf 79' lang='grc' dir='ltr'>αἱ</span> <span class='ocrx_word' id='word_1_656' title='bbox 3503 4068 3618 4138; x_wconf 75' lang='grc' dir='ltr'>ἐμαὶ</span> <span class='ocrx_word' id='word_1_657' title='bbox 3643 4066 3747 4131; x_wconf 66' lang='grc' dir='ltr'>ἀρε-</span> 
     </span>
    </p>
   </div>
   <div class='ocr_carea' id='block_1_91' title="bbox 2216 4158 3746 4238">
    <p class='ocr_par' dir='ltr' id='par_1_91' title="bbox 2216 4158 3746 4238">
     <span class='ocr_line' id='line_1_91' title="bbox 2216 4158 3746 4238; baseline -0.014 -13"><span class='ocrx_word' id='word_1_658' title='bbox 2216 4172 2305 4226; x_wconf 72' lang='grc' dir='ltr'>ταὶ</span> <span class='ocrx_word' id='word_1_659' title='bbox 2333 4174 2443 4234; x_wconf 81' lang='grc' dir='ltr'>τοῖς</span> <span class='ocrx_word' id='word_1_660' title='bbox 2472 4170 2725 4238; x_wconf 88' lang='grc' dir='ltr'>γλυπτοῖς</span> <span class='ocrx_word' id='word_1_661' title='bbox 2748 4166 3185 4237; x_wconf 83' lang='grc' dir='ltr'>ἀνατεθήσονται.</span> <span class='ocrx_word' id='word_1_662' title='bbox 3216 4166 3291 4217; x_wconf 80' lang='grc' dir='ltr'>υύ</span> <span class='ocrx_word' id='word_1_663' title='bbox 3322 4168 3428 4233; x_wconf 72' lang='grc' dir='ltr'>γὰρ</span> <span class='ocrx_word' id='word_1_664' title='bbox 3445 4158 3746 4214; x_wconf 78' lang='grc' dir='ltr'>δουλεύσουσι</span> 
     </span>
    </p>
   </div>
   <div class='ocr_carea' id='block_1_92' title="bbox 2216 4248 3747 4332">
    <p class='ocr_par' dir='ltr' id='par_1_92' title="bbox 2216 4248 3747 4332">
     <span class='ocr_line' id='line_1_92' title="bbox 2216 4248 3747 4332; baseline -0.014 -15"><span class='ocrx_word' id='word_1_665' title='bbox 2216 4267 2327 4327; x_wconf 86' lang='grc' dir='ltr'>τοῖς</span> <span class='ocrx_word' id='word_1_666' title='bbox 2366 4262 2523 4331; x_wconf 87' lang='grc' dir='ltr'>φύσει</span> <span class='ocrx_word' id='word_1_667' title='bbox 2560 4261 2633 4332; x_wconf 80' lang='grc' dir='ltr'>μὴ</span> <span class='ocrx_word' id='word_1_668' title='bbox 2666 4257 2784 4312; x_wconf 78' lang='grc' dir='ltr'>οὖσι</span> <span class='ocrx_word' id='word_1_669' title='bbox 2816 4258 2975 4320; x_wconf 84' lang='grc' dir='ltr'>θεοῖς,</span> <span class='ocrx_word' id='word_1_670' title='bbox 3016 4256 3112 4327; x_wconf 85' lang='grc' dir='ltr'>τὴν</span> <span class='ocrx_word' id='word_1_671' title='bbox 3138 4256 3277 4326; x_wconf 80' lang='grc' dir='ltr'>ἐμὴν</span> <span class='ocrx_word' id='word_1_672' title='bbox 3302 4256 3455 4320; x_wconf 77' lang='grc' dir='ltr'>δόξαν</span> <span class='ocrx_word' id='word_1_673' title='bbox 3478 4248 3747 4316; x_wconf 78' lang='grc' dir='ltr'>ἐπιγνόντες</span> 
     </span>
    </p>
   </div>
   <div class='ocr_carea' id='block_1_93' title="bbox 2217 4336 3745 4422">
    <p class='ocr_par' dir='ltr' id='par_1_93' title="bbox 2217 4336 3745 4422">
     <span class='ocr_line' id='line_1_93' title="bbox 2217 4336 3745 4422; baseline -0.014 -17"><span class='ocrx_word' id='word_1_674' title='bbox 2217 4354 2265 4405; x_wconf 86' lang='grc' dir='ltr'><strong>οἱ</strong></span> <span class='ocrx_word' id='word_1_675' title='bbox 2291 4351 2584 4422; x_wconf 82' lang='grc' dir='ltr'>ἄνθρωποι.</span> <span class='ocrx_word' id='word_1_676' title='bbox 2627 4348 2765 4400; x_wconf 86' lang='grc' dir='ltr'><strong>Ὅσα</strong></span> <span class='ocrx_word' id='word_1_677' title='bbox 2791 4345 2965 4398; x_wconf 87' lang='grc' dir='ltr'>τοίνυν</span> <span class='ocrx_word' id='word_1_678' title='bbox 3010 4345 3132 4414; x_wconf 78' lang='grc' dir='ltr'>περὶ</span> <span class='ocrx_word' id='word_1_679' title='bbox 3164 4344 3264 4413; x_wconf 80' lang='grc' dir='ltr'>τῆς</span> <span class='ocrx_word' id='word_1_680' title='bbox 3297 4338 3651 4409; x_wconf 76' lang='grc' dir='ltr'>ἀντικειμένης</span> <span class='ocrx_word' id='word_1_681' title='bbox 3677 4336 3745 4385; x_wconf 81' lang='grc' dir='ltr'>ἐν·</span> 
     </span>
    </p>
   </div>
   <div class='ocr_carea' id='block_1_94' title="bbox 2218 4425 3743 4513">
    <p class='ocr_par' dir='ltr' id='par_1_94' title="bbox 2218 4425 3743 4513">
     <span class='ocr_line' id='line_1_94' title="bbox 2218 4425 3743 4513; baseline -0.01 -18"><span class='ocrx_word' id='word_1_682' title='bbox 2218 4443 2433 4513; x_wconf 84' lang='grc' dir='ltr'>εργείας</span> <span class='ocrx_word' id='word_1_683' title='bbox 2464 4443 2525 4493; x_wconf 89' lang='grc' dir='ltr'><strong>ἐκ</strong></span> <span class='ocrx_word' id='word_1_684' title='bbox 2566 4438 2856 4509; x_wconf 84' lang='grc' dir='ltr'>προσώπου</span> <span class='ocrx_word' id='word_1_685' title='bbox 2887 4435 2978 4489; x_wconf 83' lang='grc' dir='ltr'>τοῦ</span> <span class='ocrx_word' id='word_1_686' title='bbox 3012 4434 3215 4503; x_wconf 74' lang='grc' dir='ltr'>Κυρίου</span> <span class='ocrx_word' id='word_1_687' title='bbox 3252 4437 3281 4487; x_wconf 89' lang='lat'><strong>6</strong></span> <span class='ocrx_word' id='word_1_688' title='bbox 3325 4433 3589 4506; x_wconf 78' lang='grc' dir='ltr'>προφήτης</span> <span class='ocrx_word' id='word_1_689' title='bbox 3618 4425 3743 4495; x_wconf 58' lang='grc' dir='ltr'>φησὶ.</span> 
     </span>
    </p>
   </div>
   <div class='ocr_carea' id='block_1_95' title="bbox 2218 4516 3746 4601">
    <p class='ocr_par' dir='ltr' id='par_1_95' title="bbox 2218 4516 3746 4601">
     <span class='ocr_line' id='line_1_95' title="bbox 2218 4516 3746 4601; baseline -0.014 -15"><span class='ocrx_word' id='word_1_690' title='bbox 2218 4533 2389 4586; x_wconf 77' lang='grc' dir='ltr'>ταῦτα</span> <span class='ocrx_word' id='word_1_691' title='bbox 2418 4535 2445 4585; x_wconf 81' lang='grc' dir='ltr'>ὁ</span> <span class='ocrx_word' id='word_1_692' title='bbox 2480 4531 2744 4601; x_wconf 82' lang='grc' dir='ltr'>θεομάχος</span> <span class='ocrx_word' id='word_1_693' title='bbox 2769 4530 2846 4591; x_wconf 87' lang='grc' dir='ltr'><strong>εἰς</strong></span> <span class='ocrx_word' id='word_1_694' title='bbox 2872 4528 3031 4580; x_wconf 80' lang='grc' dir='ltr'>αὑτὸν</span> <span class='ocrx_word' id='word_1_695' title='bbox 3056 4525 3314 4597; x_wconf 73' lang='grc' dir='ltr'>ἀναφέρει</span> <span class='ocrx_word' id='word_1_696' title='bbox 3338 4526 3428 4578; x_wconf 87' lang='grc' dir='ltr'><strong>τὸν</strong></span> <span class='ocrx_word' id='word_1_697' title='bbox 3454 4522 3652 4591; x_wconf 77' lang='grc' dir='ltr'>Κύριον,</span> <span class='ocrx_word' id='word_1_698' title='bbox 3674 4516 3746 4567; x_wconf 80' lang='grc' dir='ltr'><strong>τὸν</strong></span> 
     </span>
    </p>
   </div>
   <div class='ocr_carea' id='block_1_96' title="bbox 2217 4609 3745 4691">
    <p class='ocr_par' dir='ltr' id='par_1_96' title="bbox 2217 4609 3745 4691">
     <span class='ocr_line' id='line_1_96' title="bbox 2217 4609 3745 4691; baseline -0.011 -16"><span class='ocrx_word' id='word_1_699' title='bbox 2217 4623 2388 4675; x_wconf 82' lang='grc' dir='ltr'>ταῦτα</span> <span class='ocrx_word' id='word_1_700' title='bbox 2438 4622 2527 4675; x_wconf 85' lang='grc' dir='ltr'><strong>διὰ</strong></span> <span class='ocrx_word' id='word_1_701' title='bbox 2559 4621 2650 4674; x_wconf 82' lang='grc' dir='ltr'>τοῦ</span> <span class='ocrx_word' id='word_1_702' title='bbox 2690 4620 2966 4691; x_wconf 80' lang='grc' dir='ltr'>προφήτου</span> <span class='ocrx_word' id='word_1_703' title='bbox 2993 4616 3379 4686; x_wconf 75' lang='grc' dir='ltr'>φθεγξάμενον.</span> <span class='ocrx_word' id='word_1_704' title='bbox 3428 4616 3517 4675; x_wconf 83' lang='grc' dir='ltr'>Τίς</span> <span class='ocrx_word' id='word_1_705' title='bbox 3545 4609 3745 4666; x_wconf 78' lang='grc' dir='ltr'>τοιοῦτος</span> 
     </span>
    </p>
   </div>
   <div class='ocr_carea' id='block_1_97' title="bbox 2220 4702 3745 4786">
    <p class='ocr_par' dir='ltr' id='par_1_97' title="bbox 2220 4702 3745 4786">
     <span class='ocr_line' id='line_1_97' title="bbox 2220 4702 3745 4786; baseline -0.011 -19"><span class='ocrx_word' id='word_1_706' title='bbox 2220 4718 2276 4767; x_wconf 87' lang='grc' dir='ltr'><strong>ἐν</strong></span> <span class='ocrx_word' id='word_1_707' title='bbox 2304 4718 2413 4779; x_wconf 80' lang='grc' dir='ltr'>τοῖς</span> <span class='ocrx_word' id='word_1_708' title='bbox 2450 4716 2731 4786; x_wconf 85' lang='grc' dir='ltr'>τυράννοις</span> <span class='ocrx_word' id='word_1_709' title='bbox 2774 4711 3166 4783; x_wconf 83' lang='grc' dir='ltr'>μνημονεύεται</span> <span class='ocrx_word' id='word_1_710' title='bbox 3210 4707 3524 4778; x_wconf 80' lang='grc' dir='ltr'>γεγενῆσθαι</span> <span class='ocrx_word' id='word_1_711' title='bbox 3547 4702 3745 4767; x_wconf 84' lang='grc' dir='ltr'>διώκτης</span> 
     </span>
    </p>
   </div>
   <div class='ocr_carea' id='block_1_98' title="bbox 546 4790 2107 4880">
    <p class='ocr_par' dir='ltr' id='par_1_98' title="bbox 546 4810 2107 4880">
     <span class='ocr_line' id='line_1_98' title="bbox 546 4810 2107 4880; baseline 0.002 -16"><span class='ocrx_word' id='word_1_712' title='bbox 546 4811 816 4880; x_wconf 85' lang='lat' dir='ltr'><strong>apparuit,</strong></span> <span class='ocrx_word' id='word_1_713' title='bbox 849 4811 991 4864; x_wconf 92' lang='lat' dir='ltr'><strong>sicut</strong></span> <span class='ocrx_word' id='word_1_714' title='bbox 1015 4810 1370 4875; x_wconf 89' lang='lat' dir='ltr'><strong>credidimus,</strong></span> <span class='ocrx_word' id='word_1_715' title='bbox 1402 4828 1510 4864; x_wconf 85' lang='lat' dir='ltr'><strong>non</strong></span> <span class='ocrx_word' id='word_1_716' title='bbox 1546 4828 1709 4865; x_wconf 88' lang='lat' dir='ltr'><strong>verus</strong></span> <span class='ocrx_word' id='word_1_717' title='bbox 1736 4821 1819 4865; x_wconf 88' lang='lat' dir='ltr'><strong>est</strong></span> <span class='ocrx_word' id='word_1_718' title='bbox 1844 4812 2005 4873; x_wconf 82' lang='lat' dir='ltr'><strong>Deus,</strong></span> <span class='ocrx_word' id='word_1_719' title='bbox 2031 4829 2107 4867; x_wconf 74' lang='lat' dir='ltr'><strong>set</strong></span> 
     </span>
    </p>
   </div>
   <div class='ocr_carea' id='block_1_99' title="bbox 2213 4790 3743 4880">
    <p class='ocr_par' dir='ltr' id='par_1_99' title="bbox 2226 4790 3743 4880">
     <span class='ocr_line' id='line_1_99' title="bbox 2226 4790 3743 4880; baseline -0.011 -21"><span class='ocrx_word' id='word_1_720' title='bbox 2226 4807 2323 4877; x_wconf 82' lang='grc' dir='ltr'>τῆς</span> <span class='ocrx_word' id='word_1_721' title='bbox 2357 4806 2620 4868; x_wconf 80' lang='grc' dir='ltr'>πίστεως;</span> <span class='ocrx_word' id='word_1_722' title='bbox 2652 4803 2749 4865; x_wconf 83' lang='grc' dir='ltr'>Τίς</span> <span class='ocrx_word' id='word_1_723' title='bbox 2778 4800 2934 4853; x_wconf 81' lang='grc' dir='ltr'>τοῦτο</span> <span class='ocrx_word' id='word_1_724' title='bbox 2958 4798 3384 4861; x_wconf 86' lang='grc' dir='ltr'>κατεσκεύασεν;</span> <span class='ocrx_word' id='word_1_725' title='bbox 3413 4795 3528 4857; x_wconf 86' lang='grc' dir='ltr'><strong>ὼςὸ</strong></span> <span class='ocrx_word' id='word_1_726' title='bbox 3556 4790 3636 4843; x_wconf 75' lang='grc' dir='ltr'>ἐπὶ</span> 
     </span>
    </p>
   </div>
   <div class='ocr_carea' id='block_1_100' title="bbox 546 4900 2114 4970">
    <p class='ocr_par' dir='ltr' id='par_1_100' title="bbox 546 4900 2114 4970">
     <span class='ocr_line' id='line_1_100' title="bbox 546 4900 2114 4970; baseline 0.002 -15"><span class='ocrx_word' id='word_1_727' title='bbox 546 4902 637 4956; x_wconf 90' lang='lat' dir='ltr'><strong>ille</strong></span> <span class='ocrx_word' id='word_1_728' title='bbox 672 4900 778 4955; x_wconf 89' lang='lat' dir='ltr'><strong>Deo</strong></span> <span class='ocrx_word' id='word_1_729' title='bbox 833 4900 1166 4964; x_wconf 87' lang='lat' dir='ltr'><strong>contrarius,</strong></span> <span class='ocrx_word' id='word_1_730' title='bbox 1221 4900 1311 4969; x_wconf 90' lang='lat' dir='ltr'><strong>qui</strong></span> <span class='ocrx_word' id='word_1_731' title='bbox 1373 4900 1425 4953; x_wconf 92' lang='lat' dir='ltr'><strong>iu</strong></span> <span class='ocrx_word' id='word_1_732' title='bbox 1452 4900 1798 4970; x_wconf 84' lang='lat' dir='ltr'><strong>sculptilibus</strong></span> <span class='ocrx_word' id='word_1_733' title='bbox 1849 4910 1902 4956; x_wconf 90' lang='lat' dir='ltr'><strong>et</strong></span> <span class='ocrx_word' id='word_1_734' title='bbox 1956 4903 2114 4958; x_wconf 89' lang='lat' dir='ltr'><strong>idolis</strong></span> 
     </span>
    </p>
   </div>
   <div class='ocr_carea' id='block_1_101' title="bbox 544 4982 2116 5062">
    <p class='ocr_par' dir='ltr' id='par_1_101' title="bbox 544 4982 2116 5062">
     <span class='ocr_line' id='line_1_101' title="bbox 544 4982 2116 5062; baseline 0 -17"><span class='ocrx_word' id='word_1_735' title='bbox 544 4991 878 5061; x_wconf 86' lang='lat' dir='ltr'><strong>operabatur</strong></span> <span class='ocrx_word' id='word_1_736' title='bbox 914 4982 1178 5045; x_wconf 82' lang='lat' dir='ltr'><strong>adversus</strong></span> <span class='ocrx_word' id='word_1_737' title='bbox 1202 4990 1454 5043; x_wconf 87' lang='lat' dir='ltr'><strong>homines</strong></span> <span class='ocrx_word' id='word_1_738' title='bbox 1484 5005 1726 5045; x_wconf 89' lang='lat' dir='ltr'><strong>errorem</strong></span> <span class='ocrx_word' id='word_1_739' title='bbox 1767 5000 1820 5045; x_wconf 90' lang='lat' dir='ltr'><strong>et</strong></span> <span class='ocrx_word' id='word_1_740' title='bbox 1852 4992 2116 5062; x_wconf 77' lang='lat' dir='ltr'><strong>deceptio-</strong></span> 
     </span>
    </p>
   </div>
   <div class='ocr_carea' id='block_1_102' title="bbox 546 5081 2113 5151">
    <p class='ocr_par' dir='ltr' id='par_1_102' title="bbox 546 5081 2113 5151">
     <span class='ocr_line' id='line_1_102' title="bbox 546 5081 2113 5151; baseline 0.001 -15"><span class='ocrx_word' id='word_1_741' title='bbox 546 5099 707 5136; x_wconf 78' lang='lat' dir='ltr'><strong>nem:</strong></span> <span class='ocrx_word' id='word_1_742' title='bbox 746 5098 868 5151; x_wconf 73' lang='lat' dir='ltr'><strong>qua:</strong></span> <span class='ocrx_word' id='word_1_743' title='bbox 893 5084 1035 5136; x_wconf 90' lang='lat' dir='ltr'><strong>enim</strong></span> <span class='ocrx_word' id='word_1_744' title='bbox 1066 5082 1134 5136; x_wconf 90' lang='lat' dir='ltr'><strong>de</strong></span> <span class='ocrx_word' id='word_1_745' title='bbox 1169 5082 1263 5135; x_wconf 90' lang='lat' dir='ltr'><strong>illo</strong></span> <span class='ocrx_word' id='word_1_746' title='bbox 1289 5095 1387 5150; x_wconf 91' lang='lat' dir='ltr'><strong>per</strong></span> <span class='ocrx_word' id='word_1_747' title='bbox 1428 5082 1746 5150; x_wconf 82' lang='lat' dir='ltr'><strong>praphetnni</strong></span> <span class='ocrx_word' id='word_1_748' title='bbox 1783 5081 1927 5135; x_wconf 90' lang='lat' dir='ltr'><strong>dicta</strong></span> <span class='ocrx_word' id='word_1_749' title='bbox 1968 5094 2113 5149; x_wconf 89' lang='lat' dir='ltr'><strong>sunt,</strong></span> 
     </span>
    </p>
   </div>
   <div class='ocr_carea' id='block_1_103' title="bbox 546 5169 2112 5240">
    <p class='ocr_par' dir='ltr' id='par_1_103' title="bbox 546 5169 2112 5240">
     <span class='ocr_line' id='line_1_103' title="bbox 546 5169 2112 5240; baseline 0.001 -15"><span class='ocrx_word' id='word_1_750' title='bbox 546 5173 662 5226; x_wconf 78' lang='lat' dir='ltr'><strong>hzec</strong></span> <span class='ocrx_word' id='word_1_751' title='bbox 719 5171 1022 5226; x_wconf 86' lang='lat' dir='ltr'><strong>Eunomius</strong></span> <span class='ocrx_word' id='word_1_752' title='bbox 1073 5172 1127 5225; x_wconf 94' lang='lat' dir='ltr'><strong>in</strong></span> <span class='ocrx_word' id='word_1_753' title='bbox 1183 5170 1351 5224; x_wconf 88' lang='lat' dir='ltr'><strong>Deum</strong></span> <span class='ocrx_word' id='word_1_754' title='bbox 1400 5169 1744 5239; x_wconf 80' lang='lat' dir='ltr'><strong>unigenitum</strong></span> <span class='ocrx_word' id='word_1_755' title='bbox 1804 5171 2112 5240; x_wconf 84' lang='lat' dir='ltr'><strong>detorquet.</strong></span> 
     </span>
    </p>
   </div>
   <div class='ocr_carea' id='block_1_104' title="bbox 548 5260 2119 5335">
    <p class='ocr_par' dir='ltr' id='par_1_104' title="bbox 548 5260 2119 5335">
     <span class='ocr_line' id='line_1_104' title="bbox 548 5260 2119 5335; baseline 0.001 -17"><span class='ocrx_word' id='word_1_756' title='bbox 548 5264 731 5333; x_wconf 84' lang='lat' dir='ltr'><strong>Neque</strong></span> <span class='ocrx_word' id='word_1_757' title='bbox 759 5265 863 5318; x_wconf 90' lang='lat' dir='ltr'><strong>hoc</strong></span> <span class='ocrx_word' id='word_1_758' title='bbox 896 5265 1077 5335; x_wconf 81' lang='lat' dir='ltr'><strong>ipsum</strong></span> <span class='ocrx_word' id='word_1_759' title='bbox 1129 5262 1418 5321; x_wconf 78' lang='lat' dir='ltr'><strong>intellexit,</strong></span> <span class='ocrx_word' id='word_1_760' title='bbox 1469 5263 1612 5330; x_wconf 89' lang='lat' dir='ltr'><strong>quod</strong></span> <span class='ocrx_word' id='word_1_761' title='bbox 1643 5264 1757 5331; x_wconf 86' lang='lat' dir='ltr'><strong>ipse</strong></span> <span class='ocrx_word' id='word_1_762' title='bbox 1799 5260 2119 5329; x_wconf 70' lang='lat' dir='ltr'><strong>Unigenitus</strong></span> 
     </span>
    </p>
   </div>
   <div class='ocr_carea' id='block_1_105' title="bbox 544 5353 2121 5427">
    <p class='ocr_par' dir='ltr' id='par_1_105' title="bbox 544 5353 2121 5427">
     <span class='ocr_line' id='line_1_105' title="bbox 544 5353 2121 5427; baseline -0.001 -16"><span class='ocrx_word' id='word_1_763' title='bbox 544 5364 650 5419; x_wconf 88' lang='lat' dir='ltr'><strong>est,</strong></span> <span class='ocrx_word' id='word_1_764' title='bbox 684 5358 773 5427; x_wconf 90' lang='lat' dir='ltr'><strong>qui</strong></span> <span class='ocrx_word' id='word_1_765' title='bbox 808 5357 920 5410; x_wconf 75' lang='lat' dir='ltr'><strong>hzec</strong></span> <span class='ocrx_word' id='word_1_766' title='bbox 957 5355 1009 5409; x_wconf 90' lang='lat' dir='ltr'><strong>in</strong></span> <span class='ocrx_word' id='word_1_767' title='bbox 1046 5355 1310 5423; x_wconf 76' lang='lat' dir='ltr'><strong>prapheta</strong></span> <span class='ocrx_word' id='word_1_768' title='bbox 1354 5353 1599 5423; x_wconf 82' lang='lat' dir='ltr'><strong>profatus</strong></span> <span class='ocrx_word' id='word_1_769' title='bbox 1635 5361 1736 5415; x_wconf 90' lang='lat' dir='ltr'><strong>est,</strong></span> <span class='ocrx_word' id='word_1_770' title='bbox 1779 5355 2121 5423; x_wconf 79' lang='lat' dir='ltr'><strong>quemadmo-</strong></span> 
     </span>
    </p>
   </div>
   <div class='ocr_carea' id='block_1_106' title="bbox 544 5443 2118 5517">
    <p class='ocr_par' dir='ltr' id='par_1_106' title="bbox 544 5443 2118 5517">
     <span class='ocr_line' id='line_1_106' title="bbox 544 5443 2118 5517; baseline 0 -18"><span class='ocrx_word' id='word_1_771' title='bbox 544 5448 673 5500; x_wconf 85' lang='lat' dir='ltr'><strong>dum</strong></span> <span class='ocrx_word' id='word_1_772' title='bbox 712 5447 827 5517; x_wconf 78' lang='lat' dir='ltr'><strong>ipse</strong></span> <span class='ocrx_word' id='word_1_773' title='bbox 860 5447 912 5499; x_wconf 93' lang='lat' dir='ltr'><strong>in</strong></span> <span class='ocrx_word' id='word_1_774' title='bbox 945 5445 1300 5513; x_wconf 89' lang='lat' dir='ltr'><strong>sequentibus</strong></span> <span class='ocrx_word' id='word_1_775' title='bbox 1341 5445 1556 5507; x_wconf 87' lang='lat' dir='ltr'><strong>asserit,</strong></span> <span class='ocrx_word' id='word_1_776' title='bbox 1587 5443 1731 5513; x_wconf 86' lang='lat' dir='ltr'><strong>quod</strong></span> <span class='ocrx_word' id='word_1_777' title='bbox 1776 5445 1890 5513; x_wconf 90' lang='lat' dir='ltr'><strong>ipse</strong></span> <span class='ocrx_word' id='word_1_778' title='bbox 1920 5446 2118 5515; x_wconf 89' lang='lat' dir='ltr'><strong>estqui</strong></span> 
     </span>
    </p>
   </div>
   <div class='ocr_carea' id='block_1_107' title="bbox 550 5535 1307 5606">
    <p class='ocr_par' dir='ltr' id='par_1_107' title="bbox 550 5535 1307 5606">
     <span class='ocr_line' id='line_1_107' title="bbox 550 5535 1307 5606; baseline -0.004 -15"><span class='ocrx_word' id='word_1_779' title='bbox 550 5539 609 5591; x_wconf 89' lang='lat' dir='ltr'><strong>in</strong></span> <span class='ocrx_word' id='word_1_780' title='bbox 646 5536 923 5606; x_wconf 89' lang='lat' dir='ltr'><strong>prophetis</strong></span> <span class='ocrx_word' id='word_1_781' title='bbox 958 5535 1173 5589; x_wconf 90' lang='lat' dir='ltr'><strong>locutus</strong></span> <span class='ocrx_word' id='word_1_782' title='bbox 1204 5544 1307 5591; x_wconf 90' lang='lat' dir='ltr'><strong>est.</strong></span> 
     </span>
    </p>
   </div>
   <div class='ocr_carea' id='block_1_108' title="bbox 2222 4870 3745 4968">
    <p class='ocr_par' dir='ltr' id='par_1_108' title="bbox 2222 4870 3745 4968">
     <span class='ocr_line' id='line_1_108' title="bbox 2222 4870 3745 4968; baseline -0.014 -17"><span class='ocrx_word' id='word_1_783' title='bbox 2222 4870 2385 4968; x_wconf 69' lang='grc' dir='ltr'>τηρίᾳ</span> <span class='ocrx_word' id='word_1_784' title='bbox 2414 4896 2520 4949; x_wconf 82' lang='grc' dir='ltr'><strong>τῶν</strong></span> <span class='ocrx_word' id='word_1_785' title='bbox 2548 4894 2727 4965; x_wconf 66' lang='grc' dir='ltr'>ψυχῶν</span> <span class='ocrx_word' id='word_1_786' title='bbox 2756 4890 2910 4963; x_wconf 83' lang='grc' dir='ltr'><strong>ἡμῶν</strong></span> <span class='ocrx_word' id='word_1_787' title='bbox 2931 4890 3017 4944; x_wconf 79' lang='grc' dir='ltr'>διὰ</span> <span class='ocrx_word' id='word_1_788' title='bbox 3059 4888 3255 4962; x_wconf 80' lang='grc' dir='ltr'>σαρκὸς</span> <span class='ocrx_word' id='word_1_789' title='bbox 3277 4882 3562 4954; x_wconf 76' lang='grc' dir='ltr'>ἐπιφανεὶς,</span> <span class='ocrx_word' id='word_1_790' title='bbox 3594 4870 3745 4968; x_wconf 58' lang='grc' dir='ltr'>καθὼξ</span> 
     </span>
    </p>
   </div>
   <div class='ocr_carea' id='block_1_109' title="bbox 2224 4966 3746 5057">
    <p class='ocr_par' dir='ltr' id='par_1_109' title="bbox 2224 4966 3746 5057">
     <span class='ocr_line' id='line_1_109' title="bbox 2224 4966 3746 5057; baseline -0.015 -17"><span class='ocrx_word' id='word_1_791' title='bbox 2224 4966 2641 5057; x_wconf 76' lang='grc' dir='ltr'>ἐπιστεύσαμεν,</span> <span class='ocrx_word' id='word_1_792' title='bbox 2686 4984 2785 5036; x_wconf 82' lang='grc' dir='ltr'><strong>οὐκ</strong></span> <span class='ocrx_word' id='word_1_793' title='bbox 2824 4980 3070 5051; x_wconf 87' lang='grc' dir='ltr'>ἀληθινός</span> <span class='ocrx_word' id='word_1_794' title='bbox 3121 4981 3236 5030; x_wconf 82' lang='grc' dir='ltr'>ἐστι</span> <span class='ocrx_word' id='word_1_795' title='bbox 3269 4976 3425 5039; x_wconf 83' lang='grc' dir='ltr'>Θεὸς·</span> <span class='ocrx_word' id='word_1_796' title='bbox 3470 4966 3644 5025; x_wconf 78' lang='grc' dir='ltr'>ἀλλὰὸ</span> 
     </span>
    </p>
   </div>
   <div class='ocr_carea' id='block_1_110' title="bbox 2224 5052 3747 5147">
    <p class='ocr_par' dir='ltr' id='par_1_110' title="bbox 2224 5052 3747 5147">
     <span class='ocr_line' id='line_1_110' title="bbox 2224 5052 3747 5147; baseline -0.01 -17"><span class='ocrx_word' id='word_1_797' title='bbox 2224 5076 2342 5147; x_wconf 81' lang='grc' dir='ltr'>Θεῷ</span> <span class='ocrx_word' id='word_1_798' title='bbox 2370 5075 2760 5145; x_wconf 82' lang='grc' dir='ltr'>ἀντικείμενος,</span> <span class='ocrx_word' id='word_1_799' title='bbox 2786 5075 2814 5125; x_wconf 91' lang='lat'><strong>6</strong></span> <span class='ocrx_word' id='word_1_800' title='bbox 2840 5074 2896 5124; x_wconf 87' lang='grc' dir='ltr'>ἐν</span> <span class='ocrx_word' id='word_1_801' title='bbox 2927 5074 3038 5134; x_wconf 87' lang='grc' dir='ltr'>τοῖς</span> <span class='ocrx_word' id='word_1_802' title='bbox 3066 5070 3319 5137; x_wconf 81' lang='grc' dir='ltr'>γλυπτοῖς</span> <span class='ocrx_word' id='word_1_803' title='bbox 3354 5082 3411 5117; x_wconf 85' lang='grc' dir='ltr'><strong>τε</strong></span> <span class='ocrx_word' id='word_1_804' title='bbox 3445 5060 3531 5115; x_wconf 75' lang='grc' dir='ltr'><strong>καὶ</strong></span> <span class='ocrx_word' id='word_1_805' title='bbox 3556 5058 3653 5116; x_wconf 80' lang='grc' dir='ltr'>τοῖς</span> <span class='ocrx_word' id='word_1_806' title='bbox 3684 5052 3747 5102; x_wconf 71' lang='grc' dir='ltr'>εί-</span> 
     </span>
    </p>
   </div>
   <div class='ocr_carea' id='block_1_111' title="bbox 2222 5146 3744 5242">
    <p class='ocr_par' dir='ltr' id='par_1_111' title="bbox 2222 5146 3744 5242">
     <span class='ocr_line' id='line_1_111' title="bbox 2222 5146 3744 5242; baseline -0.016 -20"><span class='ocrx_word' id='word_1_807' title='bbox 2222 5146 2410 5231; x_wconf 85' lang='grc' dir='ltr'>δώλοις</span> <span class='ocrx_word' id='word_1_808' title='bbox 2444 5165 2677 5237; x_wconf 85' lang='grc' dir='ltr'>ἐνεργῶν</span> <span class='ocrx_word' id='word_1_809' title='bbox 2729 5166 2826 5233; x_wconf 83' lang='grc' dir='ltr'>τὴν</span> <span class='ocrx_word' id='word_1_810' title='bbox 2878 5162 3016 5216; x_wconf 84' lang='grc' dir='ltr'>κατὰ</span> <span class='ocrx_word' id='word_1_811' title='bbox 3059 5161 3167 5212; x_wconf 81' lang='grc' dir='ltr'>τῶν</span> <span class='ocrx_word' id='word_1_812' title='bbox 3211 5156 3500 5230; x_wconf 83' lang='grc' dir='ltr'>ἀνθρώπων</span> <span class='ocrx_word' id='word_1_813' title='bbox 3528 5146 3744 5242; x_wconf 55' lang='grc' dir='ltr'>ἀπάτην</span> 
     </span>
    </p>
   </div>
   <div class='ocr_carea' id='block_1_112' title="bbox 2223 5246 3745 5337">
    <p class='ocr_par' dir='ltr' id='par_1_112' title="bbox 2223 5246 3745 5337">
     <span class='ocr_line' id='line_1_112' title="bbox 2223 5246 3745 5337; baseline -0.03 -6"><span class='ocrx_word' id='word_1_814' title='bbox 2223 5259 2260 5313; x_wconf 66' lang='grc' dir='ltr'>ἃ</span> <span class='ocrx_word' id='word_1_815' title='bbox 2298 5259 2403 5329; x_wconf 75' lang='grc' dir='ltr'><strong>γὰρ</strong></span> <span class='ocrx_word' id='word_1_816' title='bbox 2439 5258 2564 5327; x_wconf 77' lang='grc' dir='ltr'>περὶ</span> <span class='ocrx_word' id='word_1_817' title='bbox 2600 5255 2807 5308; x_wconf 81' lang='grc' dir='ltr'>ἐκείνου</span> <span class='ocrx_word' id='word_1_818' title='bbox 2835 5254 3048 5325; x_wconf 77' lang='grc' dir='ltr'>εἴρηται</span> <span class='ocrx_word' id='word_1_819' title='bbox 3077 5252 3162 5305; x_wconf 76' lang='grc' dir='ltr'><strong>διὰ</strong></span> <span class='ocrx_word' id='word_1_820' title='bbox 3185 5250 3276 5303; x_wconf 84' lang='grc' dir='ltr'><strong>τού</strong></span> <span class='ocrx_word' id='word_1_821' title='bbox 3316 5246 3745 5337; x_wconf 42' lang='lat' dir='ltr'><strong>upupa-comeso?</strong></span> 
     </span>
    </p>
   </div>
   <div class='ocr_carea' id='block_1_113' title="bbox 2226 5319 3744 5421">
    <p class='ocr_par' dir='ltr' id='par_1_113' title="bbox 2226 5319 3744 5421">
     <span class='ocr_line' id='line_1_113' title="bbox 2226 5319 3744 5421; baseline -0.018 -16"><span class='ocrx_word' id='word_1_822' title='bbox 2226 5354 2253 5405; x_wconf 92' lang='lat'><strong>6</strong></span> <span class='ocrx_word' id='word_1_823' title='bbox 2279 5319 2534 5421; x_wconf 62' lang='grc' dir='ltr'>Ιέύνόμιος</span> <span class='ocrx_word' id='word_1_824' title='bbox 2561 5349 2638 5412; x_wconf 82' lang='grc' dir='ltr'><strong>εἰς</strong></span> <span class='ocrx_word' id='word_1_825' title='bbox 2668 5348 2757 5401; x_wconf 86' lang='grc' dir='ltr'><strong>τὸν</strong></span> <span class='ocrx_word' id='word_1_826' title='bbox 2784 5319 3059 5414; x_wconf 22' lang='grc' dir='ltr'>Μοννογενῆ</span> <span class='ocrx_word' id='word_1_827' title='bbox 3088 5341 3218 5395; x_wconf 82' lang='grc' dir='ltr'>Θεὸν</span> <span class='ocrx_word' id='word_1_828' title='bbox 3257 5319 3601 5410; x_wconf 83' lang='grc' dir='ltr'>μετατίθησιν.</span> <span class='ocrx_word' id='word_1_829' title='bbox 3634 5319 3744 5421; x_wconf 57' lang='grc' dir='ltr'><strong>Οὑδξ</strong></span> 
     </span>
    </p>
   </div>
   <div class='ocr_carea' id='block_1_114' title="bbox 2227 5410 3745 5524">
    <p class='ocr_par' dir='ltr' id='par_1_114' title="bbox 2227 5410 3745 5524">
     <span class='ocr_line' id='line_1_114' title="bbox 2227 5410 3745 5524; baseline -0.018 -27"><span class='ocrx_word' id='word_1_830' title='bbox 2227 5444 2357 5497; x_wconf 85' lang='grc' dir='ltr'>αὐτὸ</span> <span class='ocrx_word' id='word_1_831' title='bbox 2399 5410 2556 5496; x_wconf 75' lang='grc' dir='ltr'>τοῦτο</span> <span class='ocrx_word' id='word_1_832' title='bbox 2592 5410 2811 5512; x_wconf 84' lang='grc' dir='ltr'>νοήσας,</span> <span class='ocrx_word' id='word_1_833' title='bbox 2848 5410 3131 5498; x_wconf 36' lang='grc' dir='ltr'>ὃτι-αὑτὸς</span> <span class='ocrx_word' id='word_1_834' title='bbox 3176 5438 3205 5489; x_wconf 87' lang='lat'><strong>6</strong></span> <span class='ocrx_word' id='word_1_835' title='bbox 3231 5428 3532 5524; x_wconf 58' lang='lat' dir='ltr'><strong>Movoyqu;</strong></span> <span class='ocrx_word' id='word_1_836' title='bbox 3564 5410 3745 5524; x_wconf 56' lang='lat' dir='ltr'><strong>id”:in</strong></span> 
     </span>
    </p>
   </div>
   <div class='ocr_carea' id='block_1_115' title="bbox 2226 5513 3745 5605">
    <p class='ocr_par' dir='ltr' id='par_1_115' title="bbox 2226 5513 3745 5605">
     <span class='ocr_line' id='line_1_115' title="bbox 2226 5513 3745 5605; baseline -0.019 -18"><span class='ocrx_word' id='word_1_837' title='bbox 2226 5534 2400 5589; x_wconf 78' lang='grc' dir='ltr'>ταῦτα</span> <span class='ocrx_word' id='word_1_838' title='bbox 2435 5535 2492 5587; x_wconf 87' lang='grc' dir='ltr'><strong>ἐν</strong></span> <span class='ocrx_word' id='word_1_839' title='bbox 2542 5533 2620 5603; x_wconf 83' lang='grc' dir='ltr'>τῷ</span> <span class='ocrx_word' id='word_1_840' title='bbox 2665 5532 2914 5605; x_wconf 82' lang='grc' dir='ltr'>προφήτῃ</span> <span class='ocrx_word' id='word_1_841' title='bbox 2960 5524 3361 5599; x_wconf 77' lang='grc' dir='ltr'>φθεγξάμενος,</span> <span class='ocrx_word' id='word_1_842' title='bbox 3409 5513 3576 5573; x_wconf 80' lang='grc' dir='ltr'>καθὼς</span> <span class='ocrx_word' id='word_1_843' title='bbox 3618 5513 3671 5560; x_wconf 69' lang='grc' dir='ltr'><strong>οὐ</strong></span> <span class='ocrx_word' id='word_1_844' title='bbox 3703 5514 3745 5559; x_wconf 64' lang='grc' dir='ltr'><strong>ὶς</strong></span> 
     </span>
    </p>
   </div>
   <div class='ocr_carea' id='block_1_116' title="bbox 546 5623 2732 5703">
    <p class='ocr_par' dir='ltr' id='par_1_116' title="bbox 546 5623 2732 5703">
     <span class='ocr_line' id='line_1_116' title="bbox 546 5623 2732 5703; baseline -0.002 -19"><span class='ocrx_word' id='word_1_845' title='bbox 546 5632 706 5696; x_wconf 77' lang='grc' dir='ltr'>αὐτὸς</span> <span class='ocrx_word' id='word_1_846' title='bbox 735 5634 790 5684; x_wconf 86' lang='grc' dir='ltr'><strong>ἐν</strong></span> <span class='ocrx_word' id='word_1_847' title='bbox 824 5632 933 5693; x_wconf 88' lang='grc' dir='ltr'>τοῖς</span> <span class='ocrx_word' id='word_1_848' title='bbox 968 5629 1162 5700; x_wconf 82' lang='grc' dir='ltr'>ἐφεξῆς</span> <span class='ocrx_word' id='word_1_849' title='bbox 1197 5630 1362 5698; x_wconf 81' lang='grc' dir='ltr'>λέγει,</span> <span class='ocrx_word' id='word_1_850' title='bbox 1398 5630 1477 5683; x_wconf 81' lang='grc' dir='ltr'>ὅτι</span> <span class='ocrx_word' id='word_1_851' title='bbox 1504 5623 1653 5693; x_wconf 70' lang='grc' dir='ltr'>οὗτος</span> <span class='ocrx_word' id='word_1_852' title='bbox 1683 5630 1828 5683; x_wconf 81' lang='grc' dir='ltr'>ἐστιν</span> <span class='ocrx_word' id='word_1_853' title='bbox 1868 5631 1897 5683; x_wconf 89' lang='lat'><strong>6</strong></span> <span class='ocrx_word' id='word_1_854' title='bbox 1921 5632 1979 5684; x_wconf 82' lang='grc' dir='ltr'>ὲν</span> <span class='ocrx_word' id='word_1_855' title='bbox 2005 5633 2115 5695; x_wconf 83' lang='grc' dir='ltr'>τοῖς</span> <span class='ocrx_word' id='word_1_856' title='bbox 2151 5631 2451 5703; x_wconf 86' lang='grc' dir='ltr'>προφήταις</span> <span class='ocrx_word' id='word_1_857' title='bbox 2479 5628 2732 5701; x_wconf 88' lang='grc' dir='ltr'>λαλήσας.</span> 
     </span>
    </p>
   </div>
   <div class='ocr_carea' id='block_1_117' title="bbox 621 5745 1610 5813">
    <p class='ocr_par' dir='ltr' id='par_1_117' title="bbox 621 5745 1610 5813">
     <span class='ocr_line' id='line_1_117' title="bbox 621 5745 1610 5813; baseline -0.003 -11"><span class='ocrx_word' id='word_1_858' title='bbox 621 5748 666 5780; x_wconf 72' lang='grc'>⁸⁵</span> <span class='ocrx_word' id='word_1_859' title='bbox 714 5748 865 5804; x_wconf 75' lang='lat' dir='ltr'><strong>Joan.</strong></span> <span class='ocrx_word' id='word_1_860' title='bbox 924 5765 961 5813; x_wconf 90' lang='lat' dir='ltr'><strong>t,</strong></span> <span class='ocrx_word' id='word_1_861' title='bbox 1012 5750 1065 5803; x_wconf 83' lang='lat'><strong>9.</strong></span> <span class='ocrx_word' id='word_1_862' title='bbox 1146 5749 1188 5779; x_wconf 74' lang='lat'><strong>&quot;</strong></span> <span class='ocrx_word' id='word_1_863' title='bbox 1241 5745 1345 5801; x_wconf 79' lang='lat' dir='ltr'><strong>lsa.</strong></span> <span class='ocrx_word' id='word_1_864' title='bbox 1388 5760 1502 5810; x_wconf 86' lang='lat' dir='ltr'><strong>ll.tl,</strong></span> <span class='ocrx_word' id='word_1_865' title='bbox 1556 5745 1610 5799; x_wconf 89' lang='lat'><strong>8.</strong></span> 
     </span>
    </p>
   </div>
  </div>
