3922 6472
139 342 218 397 ελξι
1235 330 1512 387 coxrna
1553 331 1692 390 EUN

1803 331 1950 395 IUM,
1993 333 2121 388 LIB.
2168 333 2228 388 Ιῐ.

3267 333 3372 389 532

195 453 257 508 Τί
289 467 356 523 με
388 447 497 521 χρὴ
533 445 662 518 περὶ
691 445 897 501 τούτων
925 444 1092 500 πλείω
1123 445 1376 511 διεξιέναι
1401 465 1416 515 ;
1449 448 1562 518 Τῆς
1586 448 1683 501 αύ-

1857 448 2066 519 Ecquid
2088 458 2173 506 est
2194 463 2420 506 necesse
2445 464 2529 504 me
2558 448 2624 505 de
2652 449 2736 504 his
2761 450 3016 521 pluribus
3036 451 3221 508 verbis
3250 454 3374 508 dis~

139 547 225 616 τῆς
250 543 354 612 γὰρ
382 541 565 610 ἔχεται
597 538 945 611 βλασφημίας
965 577 980 602 ,
1018 538 1114 592 καὶ
1151 538 1218 592 τὰ
1246 539 1352 611 πρὸ
1379 538 1583 594 τούτων
1614 541 1693 592 εί-

140 635 345 709 ρημένα·
371 635 667 696 Λαϐόντα,
697 633 881 701 φησὶν,
911 630 1071 700 παρὰ
1093 630 1197 684 τοῦ
1226 632 1457 701 Πατρός
1480 631 1689 697 δόξαν,

140 731 199 781 οὐ
228 725 331 793 τῆς
368 725 608 778 ἐκείνου
646 723 1060 793 μεταλαϐόντα
1085 722 1300 790 δόξης·
1334 722 1695 794 ἀμετάδοτος

137 819 229 888 τὰρ
261 821 295 885 ἡ
322 817 472 880 δόξα
509 816 613 870 τοῦ
657 815 1136 886 παντοκράτορος
1186 816 1353 870 Θεοῦ.
1407 814 1548 884 Ἐγὼ
1585 816 1694 888 γὰρ

140 913 179 963 εἰ
216 911 300 964 καὶ
337 910 468 979 περὶ
518 908 795 972 Μωῡσέως
842 910 870 961 6
916 908 1070 977 λόγος
1108 903 1177 980 ἦν
1218 907 1312 961 τοῦ
1347 907 1695 973 δοξασθέντος

134 1005 187 1055 ἐν
209 1004 264 1072 τῇ
292 1001 539 1072 διακονία
570 1001 663 1054 τοῦ
696 1000 891 1071 νόμου,
924 1000 1033 1053 οὐδ’
1059 998 1233 1063 οὕτως
1261 1000 1468 1070 ἤνεγκα
1503 998 1569 1052 ἂν
1603 999 1696 1052 τὸν

138 1096 344 1148 τοιοῦτον
371 1093 554 1162 λόγον.
594 1095 686 1156 Ὃς
713 1095 760 1146 εί
789 1093 893 1146 καὶ·
913 1093 994 1145 ὄτι
1024 1091 1290 1162 μηδεμίαν
1316 1091 1455 1161 ἔχων
1484 1089 1694 1144 οἴκοθεν

137 1186 267 1250 ιῖδξαν
305 1185 537 1248 ἐκεῖνος,
583 1183 674 1238 διὰ
710 1183 810 1255 τῆς
839 1182 1138 1254 γενομένης
1185 1181 1334 1253 αὐτῷ
1375 1181 1558 1234 θεόθεν
1589 1181 1694 1234 δω-

141 1278 271 1346 ρεᾶς,
297 1274 510 1339 ἔνδοξος
540 1275 751 1348 ἀθρόως
777 1278 890 1338 τοῖς
929 1273 1289 1347 Ἰσραηλίταις
1319 1273 1514 1344 ἐφάνη.
1545 1270 1694 1340 Αὐτὴ

137 1369 278 1437 γὰρὴ
317 1366 596 1438 γενομένη
635 1366 714 1438 τῷ
748 1367 1012 1440 νομοθέτῃ
1050 1366 1176 1430 δόξα
1217 1367 1319 1420 οὐκ
1361 1364 1520 1418 ἄλλου
1551 1362 1696 1426 τινὸς

137 1458 204 1531 ἦν,
229 1461 354 1514 ἀλλὰ
381 1460 558 1513 αὐτοῦ
603 1461 696 1514 τοῦ
729 1459 888 1524 Θεοῦ,
931 1459 999 1532 ἢν
1025 1461 1232 1522 πάντας
1269 1458 1481 1512 κελεύει
1513 1456 1696 1526 ζητεῖν

207 1551 276 1621 τῷ
300 1550 624 1621 Εύαγγελίῳ
653 1553 682 1603 6
722 1550 925 1622 Κύριος
947 1589 962 1611 ,
991 1549 1056 1602 δι’
1087 1543 1162 1603 ὧν
1184 1548 1421 1601 αἰτιᾶται
1445 1546 1569 1607 τοὺς
1607 1543 1696 1612 τὴν

138 1643 453 1714 ἀνθρωπίνην
492 1643 656 1709 δόξαν
695 1643 825 1714 περὶ
865 1641 1062 1696 πολλοῦ
1108 1639 1482 1709 ποιουμένους,
1511 1635 1610 1707 τὴν
1637 1633 1696 1688 δὲ

137 1736 258 1806 παρὰ
299 1735 464 1806 μόνου
511 1734 610 1789 τοῦ
657 1733 792 1789 Θεοῦ
839 1731 995 1799 δόξαν
1035 1731 1111 1805 μὴ
1149 1730 1461 1802 ζητοῦντας.
1498 1729 1574 1780 Δι’
1621 1720 1697 1780 ὧν

135 1829 220 1898 γὰρ
253 1827 431 1898 ζητεῖν
464 1825 860 1880 ἐνεκελεύσατο
895 1825 992 1896 τὴν
1029 1823 1178 1895 παρὰ
1215 1822 1310 1876 τοῦ
1343 1821 1505 1892 μόνου
1556 1818 1690 1872 Θεοῦ

134 1920 280 1983 δόξαν,
319 1919 378 1971 τὸ
407 1919 649 1972 δυνατὸν
679 1913 819 1971 εἶναι
859 1918 1042 1987 τυχεῖν
1072 1914 1166 1969 τοῦ
1200 1913 1531 1988 ζητουμένου
1564 1930 1693 1966 κατ-

134 2011 486 2083 επηγγείλατο.
517 2011 646 2076 Πῶς
669 2006 764 2064 οὖν
792 2009 1122 2082 ἁμτὰδοτος
1151 2009 1185 2078 ἡ
1217 2006 1342 2074 δόξα
1369 2005 1462 2059 τοῦ
1481 2004 1690 2061 Παντο-

133 2103 386 2173 κράτορος,
428 2102 485 2154 εῖ
535 2117 602 2170 γε
640 2101 740 2160 ,καὶ
770 2101 874 2172 χρὴ
913 2099 1010 2170 τὴν
1041 2098 1192 2169 παρά
1227 2096 1320 2153 τοῦ
1357 2096 1517 2168 μόνου
1554 2095 1690 2151 Θεοῦ

132 2196 260 2260 δείξαν
280 2197 472 2257 αἰτεῖν,
505 2193 607 2248 καὶ
638 2193 744 2255 πᾶς
768 2194 795 2244 6
822 2189 988 2244 αἰτῶν
1011 2188 1275 2259 λαμϐάνει
1304 2187 1445 2241 κατὰ
1473 2186 1570 2258 τὴν
1597 2185 1691 2238 τοῦ

135 2288 306 2357 κυρίου
343 2285 576 2356 (ρων-ἕλη
631 2284 690 2338 '0
736 2283 792 2336 δὲ
834 2284 963 2352 περὶ
999 2279 1092 2334 τοῦ
1128 2280 1560 2349 ἀπαυγὰσματος
1590 2278 1694 2348 τῆς

133 2379 259 2447 ὀὸᾓς
292 2378 488 2446 λέγων,
526 2379 612 2430 ὅτι
640 2374 818 2430 λαϐὼν
851 2373 964 2445 ἔχει
991 2373 1090 2443 τὴν
1119 2372 1299 2438 δόξαν,
1329 2371 1480 2424 οὐδὲν
1506 2370 1692 2441 ἕτερον

137 2473 272 2538 λέγει,
302 2471 334 2540 η
373 2471 458 2523 ὅτι
496 2468 690 2535 ἄδοξον
737 2466 856 2521 καθ’
894 2464 1055 2519 ἑαυτὸ
1081 2465 1142 2518 τὸ
1175 2464 1275 2534 τῆς
1315 2462 1474 2534 δόξης
1512 2460 1692 2515 ἀπαύ-

136 2579 291 2632 γασμα
310 2581 321 2593 ·
345 2560 554 2633 χρῄζει
575 2561 633 2614 δὲ
659 2559 844 2612 λαϐεῖν
871 2558 999 2629 παρ’
1023 2556 1212 2628 ἐτέρου
1239 2555 1416 2622 δόξαν,
1437 2555 1524 2608 ἵνα
1550 2553 1692 2606 οὕτω

137 2655 238 2706 ποτὲ
258 2652 350 2712 καὶ
370 2652 547 2714 αὐτὸς
576 2650 800 2720 γένηται
831 2647 1032 2721 Κύριός
1056 2665 1201 2710 τινος
1223 2646 1382 2717 δόξης
1401 2663 1416 2676 ·
1451 2644 1552 2698 ποῦ
1579 2645 1692 2698 τοί·

135 2763 207 2796 νυν
231 2744 459 2813 θήσομεν
487 2746 597 2805 τὰς
624 2741 724 2812 τῆς
747 2738 1002 2810 ἀληθείας
1034 2737 1238 2805 φωνὰς,
1271 2738 1371 2807 τήν
1413 2753 1471 2790 τε
1499 2735 1691 2805 λέγου-

137 2837 619 2905 σαν,ό;θήσεσοαι
646 2832 915 2886 autores"
942 2829 1016 2898 τῇ
1027 2829 1176 2898 δόξῃ
1194 2828 1299 2886 τοῦ
1323 2829 1570 2896 Πατρός·
1595 2826 1692 2882 καὶ

135 2927 294 2991 πάλιν,
318 2928 400 2980 ὃτι
442 2924 658 2980 Πάντα
687 2921 724 2976 ἃ
749 2921 875 2990 ἔχει
905 2924 938 2974 ό
969 2919 1171 2988 Πατὴρ
1204 2918 1318 2989 ἐμά
1346 2919 1518 2973 ἐστιν
1545 2934 1564 2983 ;
1587 2920 1691 2973 τίνι

138 3019 216 3090 χρὴ
238 3018 531 3092 προσέχειν
566 3015 660 3069 τὸν
694 3012 1000 3078 ἀκούοντα;
1032 3011 1112 3083 τῷ
1142 3011 1350 3080 λέγοντι
1375 3012 1457 3065 ὅτι
1489 3010 1692 3082 ἀμέτο-

137 3112 211 3180 1'5;
235 3113 344 3164 ἔστι
371 3112 474 3181 τῆς
515 3107 612 3162 τοῦ
630 3106 845 3178 Πατρδς
873 3104 1031 3177 δόξης
1056 3106 1092 3159 ό
1113 3104 1357 3159 πάντων
1379 3104 1582 3158 τῶνὲν
1609 3101 1690 3168 τῷ

140 3203 288 3273 Harp!
319 3203 728 3272 κληρονόμος,
746 3197 926 3262 καθώς
945 3214 1106 3268 φησιν
1129 3198 1159 3250 6
1195 3196 1516 3258 Ἀπόστολος
1529 3212 1543 3226 ·
1562 3195 1597 3266 ἢ
1614 3193 1691 3265 τῷ

138 3293 447 3364 ὁμολογοῦντι
476 3295 568 3347 ὅτι
602 3290 806 3345 Πάντα
831 3288 948 3344 ὅσα
967 3286 1092 3359 ἔχει
1120 3291 1153 3344 ό
1182 3288 1384 3357 Πατὴρ
1410 3287 1506 3342 καὶ
1536 3286 1696 3350 αὐτὸς

141 3389 254 3458 Elei;
288 3388 376 3442 Ἑν
404 3387 464 3440 δὲ
491 3386 611 3448 τοῖς
635 3385 769 3438 πᾶσι
797 3383 891 3436 καὶ
911 3383 944 3453 ή
966 3381 1092 3446 δόξα
1115 3380 1330 3446 πάντως
1348 3379 1517 3435 ἐστίν.
1553 3379 1692 3433 Ἀλλ’

142 3478 430 3548 ἀμεταδοτον
462 3472 613 3530 εἷναί
645 3491 778 3546 φησι
803 3472 898 3544 τὴν
927 3473 1085 3539 δόξαν
1111 3471 1204 3526 τοῦ
1224 3471 1687 3543 Παντοκράτορος·

142 3567 267 3621 τοῦτο
288 3567 408 3621 οὗτε
431 3569 461 3619 6
511 3564 666 3636 Ἶωὴλ
697 3563 820 3619 οὔτε
847 3565 878 3616 6
911 3562 1082 3634 μέγας
1108 3562 1312 3633 Πέτρος
1337 3560 1693 3636 μαρτύρεται,

143 3661 165 3710 ὁ
196 3661 273 3713 τὸν
301 3657 648 3732 προφητικὸν
692 3657 847 3726 λόγον
880 3659 937 3710 ὲν
982 3658 1049 3728 τῇ
1087 3655 1398 3727 δημηγορίᾳ
1438 3658 1506 3728 τῇ
1560 3655 1696 3725 πρὸς

145 3750 243 3814 τοὺς
280 3751 574 3814 Ἰουδαίους
610 3745 1049 3818 οίκειωσάμενος.
1097 3745 1236 3816 Φησὶ
1277 3745 1383 3819 γὰρ
1424 3747 1485 3799 ἐκ
1529 3762 1698 3816 προσ-

284 3841 373 3895 τοῦ
403 3841 572 3903 Θεοῦ,
595 3841 623 3894 ὃ
647 3856 706 3893 τε
748 3838 1050 3910 προφήτης,
1075 3837 1168 3892 καὶ
1187 3840 1216 3891 6
1259 3837 1551 3903 ἀπόστολος
1572 3876 1586 3900 ,
1615 3837 1696 3890 ὅτι

167 3934 344 4003 Extat?)
393 3933 525 3991 ἀπὸ
586 3931 695 3987 τοῦ
766 3931 1108 4001 πνεύματός
1159 3947 1280 4000 μου
1340 3927 1439 3982 ἐπὶ
1491 3927 1698 3982 πᾶσαν

149 4015 354 4096 arripui
371 4027 427 4087 Ὁ
455 4026 645 4081 τοίνυν
671 4023 765 4078 τοῦ
797 4022 926 4078 ἰδίου
957 4021 1264 4093 πνεύματος
1290 4020 1391 4090 τῆς
1418 4017 1698 4082 κοινωνίας

152 4119 270 4191 tam
296 4120 458 4191 σαρκὶ
484 4118 562 4191 μὴ
589 4116 880 4187 φθονήσας·
915 4115 1033 4179 πῶς
1063 4113 1141 4185 τῷ
1169 4113 1461 4181 Μονογενεῖ
1482 4109 1597 4180 Υἱῷ
1619 4109 1698 4180 τῷ

152 4211 239 4265 6m
267 4217 318 4267 ἐν
358 4217 474 4278 τοῖς
517 4212 736 4276 κόλποις
764 4210 858 4264 τοῦ
910 4207 1141 4279 Πατρὸς,
1177 4205 1256 4278 τῷ
1301 4204 1478 4260 πάντα
1522 4202 1699 4273 ἔχοντι

152 4304 230 4358 ὅτε
256 4308 282 4358 6
305 4307 502 4376 Πατὴρ
547 4304 682 4374 ἔχει,
727 4302 827 4374 τῆς
870 4301 1074 4364 οἰκείας
1106 4298 1263 4369 δόξης
1294 4296 1354 4351 ού
1407 4295 1700 4367 μεταδίδωο

154 4412 250 4458 σινς
292 4398 357 4450 Ἦ
393 4397 544 4466 τάχα
581 4395 724 4448 εἴποι
763 4410 845 4456 τις
877 4393 945 4446 ἂν
989 4390 1272 4462 ἀληθεύειν
1302 4389 1393 4442 τὸν
1436 4386 1700 4458 Εὐνόμιον

1793 542 2013 598 serere?
2054 541 2309 598 Eamdem
2355 543 2500 598 enim
2554 541 2758 598 habent
2804 543 3201 614 blasphemiam
3251 560 3376 614 qua

1793 633 2103 702 pracedunt
2129 632 2588 703 dictazadeptum.
2611 633 2810 702 inquit,
2846 652 2878 688 a
2907 635 3067 690 Patre
3116 637 3371 708 gloriam,

1793 741 1897 778 non
1915 723 2062 779 illius
2084 733 2379 779 consortem
2400 725 2504 780 sive
2523 726 2839 796 participem
2865 727 3087 797 gloria:
3107 744 3210 782 non
3236 731 3373 784 enim

1792 825 1869 869 est
1887 815 2339 870 communicabilis
2361 814 2456 870 Dei
2474 818 2850 887 omnipotentis
2871 819 3067 888 gloria.
3092 819 3206 890 Ego
3225 821 3374 875 enim

1796 909 2011 964 tametsi
2042 909 2111 964 de
2145 909 2264 966 solo
2292 908 2441 965 Mose
2470 926 2652 964 sermo
2685 910 2878 966 fuisset
2916 912 2970 964 in
3025 911 3164 983 legis
3207 913 3376 966 mini-

1795 1000 1963 1054 sterio
1993 999 2313 1070 gloriﬁcato,
2339 1017 2621 1072 nunquam
2643 1010 2826 1058 tamen
2869 1004 3032 1059 talem
3061 1005 3374 1062 orationem

1794 1091 2175 1164 protulissem:
2215 1097 2312 1164 qui
2336 1095 2466 1152 licet
2490 1097 2639 1151 nulla
2661 1113 2727 1151 ex
2757 1098 3131 1170 seipsogloria
3157 1099 3372 1164 clarus.

1795 1189 1978 1238 tamen
2011 1199 2109 1254 per
2139 1185 2198 1240 id
2227 1185 2433 1242 donum
2464 1188 2612 1258 quod
2648 1189 2697 1242 ei
2733 1190 3000 1252 divinitus
3031 1191 3260 1255 accidit,
3305 1193 3375 1246 il-

1795 1275 1989 1332 lustris
2027 1284 2083 1333 et
2117 1278 2399 1349 gloriosus
2431 1279 2700 1336 lsraelitis
2731 1292 2879 1337 totus
2931 1292 3155 1354 repente
3203 1268 3374 1354 appaé

1795 1370 1909 1424 ruit
1951 1369 2018 1423 ⁸⁸.
2068 1371 2195 1441 Ipsa
2241 1372 2387 1427 enim
2424 1389 2546 1443 qua
2588 1375 2644 1428 iu
2693 1388 2758 1430 eo
2802 1375 3119 1441 legislature
3165 1374 3377 1430 cil‘ulsit

1796 1461 2043 1524 claritas,
2093 1477 2201 1516 non
2249 1463 2393 1519 alius
2439 1465 2768 1534 cujusquam
2802 1472 2942 1530 erat,
2989 1482 3153 1536 quam
3199 1467 3376 1535 ipsius

1797 1552 1916 1618 Dei,
1951 1569 2113 1623 quam
2141 1569 2336 1609 omnes
2371 1570 2621 1624 quarere
2654 1555 2814 1624 jubet
2847 1556 2903 1609 in
2935 1554 3236 1624 Evangelio
3265 1555 3378 1608 Do-

1797 1645 1985 1700 minus
2007 1646 2089 1708 ",
2124 1662 2221 1715 per
2261 1662 2324 1702 ea
2368 1647 2534 1702 verba
2593 1647 2796 1716 quibus
2853 1661 2950 1704 eos
3001 1656 3229 1703 accusat
3276 1637 3373 1716 qui

1800 1737 2093 1791 humanam
2133 1737 2362 1808 gloriam
2396 1738 2873 1808 magnifacientes,
2901 1753 3024 1809 qua
3056 1753 3085 1791 a
3128 1739 3246 1792 solo
3289 1747 3374 1793 est

1723 1799 1766 1855 Β
1796 1824 1907 1880 Deo
1927 1827 2157 1896 gloriam
2174 1841 2285 1882 non
2307 1833 2586 1898 quarunt.
2614 1826 2715 1882 Per
2737 1843 2859 1897 quae
2882 1799 3030 1882 enim
3057 1843 3179 1897 qua
3196 1842 3225 1880 a
3249 1827 3372 1883 solo

1794 1917 1906 1974 Deo
1941 1927 2029 1974 est
2055 1918 2286 1990 gloriam
2317 1934 2564 1989 quarere
2602 1919 2805 1988 jussit;
2836 1918 2890 1973 id
2929 1920 3076 1989 quod
3108 1919 3374 1988 quaeritur

1794 2010 1982 2065 haberi
2028 2024 2190 2079 posse
2227 2017 2378 2065 certe
2426 2010 2700 2081 promisit.
2745 2010 3033 2076 Quomodo
3073 2011 3240 2082 igitur
3277 2009 3371 2066 Dei

1793 2103 2187 2172 omnipotentis
2237 2103 2410 2172 gloria
2446 2102 2857 2156 communicari
2900 2117 3010 2156 non
3071 2108 3272 2171 potest,
3325 2098 3370 2154 si

1793 2203 2011 2266 oportet
2039 2211 2160 2250 eam
2193 2209 2316 2270 qua
2342 2209 2370 2248 a
2405 2195 2525 2250 solo
2565 2192 2674 2250 Deo
2704 2201 2790 2250 est
2814 2194 3042 2266 gloriam
3070 2194 3370 2262 postulare,

1793 2295 1847 2342 et
1889 2289 2068 2342 omnis
2112 2289 2206 2357 qui
2237 2288 2375 2358 petit
2407 2289 2628 2358 accipit,
2669 2288 2970 2344 secundum
3017 2285 3234 2340 Domini
3279 2300 3376 2339 vo-

1793 2393 1910 2434 cem
1943 2379 2025 2432 "?
2054 2379 2157 2445 Qui
2189 2389 2371 2435 autem
2402 2380 2470 2436 de
2493 2380 2790 2450 splendore
2811 2381 3002 2452 gloria
3033 2380 3193 2439 dicit.
3225 2379 3372 2448 quod

1793 2485 1913 2526 eam
1950 2471 2115 2526 habet
2149 2470 2381 2540 gloriam
2411 2487 2578 2542 quam
2609 2473 2842 2542 accepit,
2875 2472 3014 2526 nihil
3041 2470 3190 2526 aliud
3218 2470 3373 2529 dicit.

1793 2576 1954 2630 quam
1994 2560 2181 2631 gloria
2209 2561 2558 2630 splendorem
2580 2578 2678 2633 per
2702 2563 2942 2632 scipsum
2967 2561 3157 2632 gloria
3183 2548 3244 2615 ex
3256 2575 3377 2629 per-

1794 2661 1901 2706 lem
1933 2667 2088 2717 esse;
2127 2652 2196 2706 ab
2215 2652 2387 2707 altero
2411 2653 2557 2709 enim
2583 2651 2817 2723 gloriam
2852 2652 3064 2723 indiget
3096 2651 3373 2719 accipere.

1791 2750 1852 2797 ut
1886 2743 1967 2798 sic
2005 2743 2302 2814 aliquando
2350 2744 2444 2797 tiat
2496 2744 2761 2798 Dominus
2801 2743 3023 2814 gloria:
3059 2741 3154 2796 ubi
3201 2741 3369 2812 igitur

1791 2834 2036 2890 veritatis
2066 2849 2230 2893 voces
2261 2850 2548 2906 ponemus,
2583 2845 2638 2890 et
2668 2851 2787 2891 eam
2820 2849 2943 2905 qua
2981 2832 3152 2897 dicit,
3192 2832 3368 2901 ipsum

1795 2928 2078 2981 videndum
2105 2944 2216 2984 esse
2258 2930 2313 2982 in
2358 2928 2532 2998 gloria
2563 2927 2659 2982 Dei
2691 2927 2870 2982 Patris
2899 2927 2946 2959 “
2979 2945 2991 2980 :
3045 2933 3101 2980 et
3151 2926 3376 2986 iterum,

1795 3019 1988 3075 Omnia
2019 3036 2138 3090 quae
2163 3019 2315 3074 habet
2367 3019 2530 3080 Pater
2555 3059 2569 3083 ,
2613 3036 2731 3074 mea
2783 3028 2909 3078 sunt
2945 3019 3042 3075 -"?
3084 3017 3172 3072 cui
3217 3015 3376 3071 fidem

1715 3131 1764 3194 ρ
1795 3111 2054 3168 adhibere
2102 3120 2319 3182 oportet
2357 3111 2705 3167 auditorem?
2754 3125 2823 3164 an
2876 3111 2926 3166 ei
2985 3109 3080 3180 qui
3128 3113 3379 3162 autumat

1796 3202 1947 3256 illum
1969 3217 2078 3258 non
2100 3219 2226 3260 esse
2248 3202 2430 3258 Patris
2451 3203 2640 3274 gloria
2659 3201 3004 3272 participem,
3026 3200 3116 3268 qui
3141 3200 3377 3254 omnium

1795 3301 1870 3346 est
1903 3293 1956 3345 in
1991 3291 2153 3347 Patre
2203 3292 2405 3354 limes,
2449 3293 2594 3347 sicut
2617 3291 2697 3347 ait
2730 3290 3030 3361 Apostolus
3070 3289 3117 3320 ⁸³
3162 3306 3176 3343 :
3215 3302 3286 3344 an
3315 3287 3364 3341 ei

1795 3384 1890 3454 qui
1921 3384 2216 3440 conﬁtetur
2244 3399 2304 3440 se
2349 3384 2554 3440 habere
2590 3382 2773 3438 omnia
2808 3397 2927 3451 qua
2976 3377 3144 3434 Pater
3179 3376 3380 3433 habet?

1795 3489 1920 3528 nam
1967 3475 2022 3529 in
2071 3476 2328 3532 omnibus
2385 3475 2504 3545 ipsa
2552 3473 2727 3546 gloria
2775 3473 2997 3543 penitus
3038 3469 3376 3530 continetur.

1796 3567 1899 3623 Hic
1950 3574 2135 3623 autem
2177 3567 2458 3622 inliciatur
2489 3563 2904 3637 Omnipotentis
2943 3563 3174 3634 gloriam
3217 3572 3380 3631 posse

1796 3660 2189 3718 communicari
2217 3677 2231 3714 :
2273 3659 2369 3714 sed
2405 3659 2512 3714 hoc
2538 3671 2717 3727 neque
2743 3654 2882 3720 Joel,
2936 3669 3114 3724 neque
3146 3666 3381 3722 magnus

1798 3751 1992 3807 Petrus
2025 3757 2260 3805 testatur
2281 3788 2295 3810 ,
2357 3749 2453 3817 qui
2510 3746 2889 3817 prOpheticum
2925 3759 3234 3801 sermonem
3262 3743 3382 3796 “in

1797 3844 2064 3900 concione
2097 3841 2166 3896 ad
2210 3840 2436 3900 Judaos
2469 3839 2576 3894 sibi
2615 3837 2900 3908 proprium
2935 3834 3085 3890 fecit.
3129 3832 3266 3888 Nam
3310 3849 3379 3888 ex

1799 3948 2033 4005 persona
2073 3932 2250 4001 ipsius
2283 3931 2376 3985 Dei
2426 3930 2606 4000 inquit
2641 3928 2932 4000 propheta,
2969 3932 3023 3982 et
3071 3925 3377 3995 apostolus,

1801 4026 2090 4096 Effundam
2113 4025 2175 4078 de
2205 4023 2399 4094 spiritu
2431 4038 2542 4076 meo
2584 4022 2638 4075 in
2681 4034 2885 4074 omnem
2922 4032 3133 4072 carnem
3178 4016 3246 4068 ⁸⁵.
3276 4013 3383 4079 Qui

1798 4120 1966 4190 igitur
2023 4117 2108 4172 sui
2157 4115 2388 4186 spiritus
2429 4111 2988 4169 communicationem
3039 4107 3189 4162 omni
3228 4106 3384 4160 carni

1800 4227 1908 4267 non
1964 4211 2186 4274 invidit,
2230 4206 2510 4279 quomodo
2535 4203 2828 4275 Unigenito
2875 4199 3014 4254 Filio
3048 4199 3143 4269 qui
3186 4206 3272 4254 est
3327 4197 3384 4252 in

1799 4303 2013 4361 sinibus
2043 4302 2302 4365 Patris",
2337 4300 2428 4372 qui
2456 4298 2619 4352 habet
2640 4310 2987 4365 quacunque
3005 4292 3169 4346 Pater
3193 4290 3385 4355 habet,

1800 4411 1955 4453 suam
1985 4395 2218 4467 gloriam
2251 4409 2362 4448 non
2394 4389 2682 4462 impertit?
2720 4391 2803 4440 An
2835 4402 2946 4441 non
2989 4384 3228 4440 fortasse
3260 4383 3387 4454 quis

155 4487 374 4557 ἐντούτῳ
405 4489 507 4541 καὶ
541 4486 617 4557 μὴ
651 4484 1009 4556 βουλόμενον;
1058 4482 1180 4536 Ἐπὶ
1215 4481 1314 4552 μὲν
1348 4480 1456 4552 γὰρ
1495 4477 1589 4532 τοῦ
1626 4477 1695 4550 μὴ

1806 4490 2006 4547 dixerit
2058 4488 2116 4543 in
2154 4502 2220 4543 eo
2267 4500 2457 4542 verum
2501 4482 2686 4537 dicere
2735 4478 3086 4541 Eunomium,
3116 4475 3282 4531 etiam
3336 4475 3387 4529 si

154 4576 331 4644 ἔχοντος
356 4579 574 4632 οἴκοθεν
603 4578 700 4648 τὴν
731 4578 909 4644 δόξαν,
941 4575 1144 4642 κυρίως
1169 4576 1202 4645 ἠ
1241 4573 1526 4645 μετάδοσις
1557 4571 1704 4640 λέγε-

155 4685 241 4734 ται,
275 4661 318 4737 ᾧ
346 4671 408 4726 τὸ
425 4671 575 4742 ἔχειν
604 4668 867 4740 ἑτέρωθεν
888 4667 1239 4739 προσγίνεται
1259 4666 1358 4719 ούκ
1379 4668 1442 4718 ὲκ
1463 4662 1700 4732 φύσεως·

157 4760 262 4814 ὅπου
293 4764 346 4817 δὲ
385 4764 491 4832 μία
518 4762 612 4815 καὶ
660 4763 694 4830 ἡ
732 4759 870 4831 αὐτὴ
899 4757 1376 4828 καταλαμϐάνεται
1419 4755 1598 4825 φύσις,
1637 4755 1698 4808 ού

158 4855 313 4925 χρῄζει
338 4856 429 4909 τοῦ
459 4854 585 4910 καθ’
619 4854 847 4906 ’ἑκαστον
883 4851 1248 4921 μεταδιδόντος
1286 4851 1314 4904 6
1356 4851 1530 4904 έκεῖνο
1562 4847 1699 4902 κατὰ

158 4945 233 5014 τὴν
258 4947 407 5015 φύσιν
433 4948 530 5012 ὢν,
553 4947 691 5014 ὅπερ
716 4946 744 4996 6
775 4944 958 5014 Πατὴρ
993 4937 1133 4996 εἶναι
1160 4941 1533 4995 πεπίστευται·
1565 4939 1702 5010 μᾶλ-

161 5034 229 5087 λον
252 5039 302 5090 δὲ
329 5037 671 5109 τρανώτερόν
716 5053 775 5090 τε
815 5035 903 5089 καὶ
935 5034 1314 5108 φανερώτερον
1330 5037 1526 5097 εἰπεῖν,
1543 5034 1700 5100 Ἔχει

163 5127 328 5192 καλῶς.
355 5131 421 5182 Τί
456 5129 648 5201 χρῄζει
677 5128 776 5198 τῆς
803 5126 895 5180 τοῦ
933 5125 1145 5195 Πατρός
1175 5122 1330 5195 δόξης
1358 5124 1385 5174 6
1415 5121 1533 5174 ὅλον
1564 5121 1702 5191 ἔχων

162 5217 206 5267 ὲν
227 5219 385 5291 ἑαυτῷ
418 5221 510 5274 τὸν
557 5219 818 5290 Πατέρα,
875 5217 1090 5279 οὐδενος
1138 5214 1247 5268 τῶν
1294 5215 1352 5266 ἐν
1405 5212 1483 5283 τῷ
1529 5213 1702 5282 Πατρ“ι

161 5307 510 5382 θεωρουμένων
542 5311 932 5385 ὑφῃρημένου;
967 5309 1053 5372 τίς
1090 5306 1148 5361 δὲ
1181 5306 1274 5361 καὶ
1306 5309 1338 5378 ἡ
1373 5304 1466 5358 τοῦ
1497 5306 1699 5358 Παντο-

162 5403 391 5474 κρὰτορος
432 5405 577 5470 ἀξία,
634 5400 700 5477 ἧς
749 5403 1012 5474 ἀμέτοχον
1062 5402 1091 5453 6
1137 5398 1398 5469 Εύνόμιος
1448 5399 1535 5450 τὸν
1561 5397 1701 5450 -Υἱὸν

160 5490 516 5564 impoti-urat;
558 5497 866 5566 λεγέτωσαν
902 5495 999 5565 μὲν
1025 5488 1115 5547 οὖν
1145 5493 1194 5545 οἱ
1226 5491 1376 5558 σοφοὶ
1421 5492 1544 5561 παρ’
1575 5491 1701 5544 ἐαυ-

221 5705 259 5735 “
295 5707 457 5764 Exod.
532 5727 715 5769 xxxrv,
789 5711 877 5764 '55.
973 5709 1018 5741 δ’
1064 5709 1220 5762 .luan.
1305 5705 1485 5764 v.1”.

168 5773 204 5804 ³³
239 5777 384 5833 Ilcbr.
433 5798 470 5842 1,
507 5781 596 5835 9.5.
675 5785 722 5813 ”
758 5783 878 5835 Act.
930 5796 989 5838 Il.
1034 5781 1120 5832 Π-

466 5872 731 5932 ΡΑτιιοι.
768 5871 886 5931 Gn.
925 5871 1112 5931 XLV.

1583 5707 1630 5737 ³⁵
1669 5704 1856 5759 Matth.
1897 5721 1991 5768 vn,
2049 5704 2102 5757 8.

1199 5780 1243 5810 ”
1282 5777 1416 5832 Juul.
1464 5792 1522 5837 ll,
1566 5777 1658 5831 28.
1737 5777 1785 5808 ⁸⁸
1817 5775 1976 5832 Joan.
2015 5791 2056 5841 l,
2093 5771 2178 5827 18.

1807 4581 1990 4637 nolit?
2038 4579 2173 4633 Nam
2207 4576 2430 4648 proprie
2467 4569 2891 4629 communicatio
2929 4570 3047 4624 sive
3085 4567 3387 4638 impertitio

1805 4671 2009 4728 dicitur
2035 4670 2104 4726 de
2149 4682 2215 4725 eo
2244 4667 2335 4737 qui
2363 4683 2394 4721 e
2439 4665 2603 4720 domo
2632 4661 2862 4734 gloriam
2904 4675 3013 4714 non
3053 4659 3248 4712 habet:
3296 4656 3387 4711 cui

1805 4763 2023 4821 aliunde
2059 4761 2260 4817 habere
2307 4773 2412 4813 non
2451 4772 2516 4812 ex
2553 4763 2745 4810 natura
2775 4752 3116 4807 aduaseitur.
3149 4748 3255 4804 Sed
3293 4745 3386 4800 ubi

1805 4869 1914 4909 una
1936 4852 2236 4921 eademque
2260 4860 2452 4904 natura
2481 4844 2986 4916 comprehenditur,
3013 4856 3121 4895 non
3158 4837 3379 4907 indiget,

1802 4953 1863 5002 ut
1895 4945 2001 5001 sibi
2039 4943 2318 5014 sigillatim
2361 4937 2749 5002 communicet,
2781 4934 2872 5004 qui
2907 4932 3040 4987 illud
3067 4940 3151 4986 est
3185 4943 3385 4983 secun-

1802 5037 1931 5092 dum
1978 5042 2252 5096 naturam,
2298 5030 2444 5101 quod
2493 5028 2712 5100 quidem
2765 5025 2925 5080 Pater
2960 5039 3083 5078 esse
3117 5020 3379 5076 creditur.

1803 5129 1914 5180 lino
1963 5139 2092 5178 vero
2139 5124 2346 5178 certius
2391 5131 2446 5176 et
2493 5117 2840 5174 manifestius
2883 5110 3383 5171 dicerezPraelare

1802 5220 1983 5273 habet.
2013 5216 2153 5283 Quid
2187 5215 2362 5270 Patris
2398 5213 2570 5285 gloria
2609 5209 2835 5280 indiget,
2872 5207 2964 5278 qui
3005 5206 3059 5259 in
3087 5205 3268 5272 scipso
3296 5208 3381 5252 Io-

1806 5321 1918 5365 tum
1968 5308 2181 5364 Patrem
2229 5307 2428 5360 habet:
2480 5309 2602 5360 eum
2637 5318 2666 5357 a
2715 5300 2889 5365 nihilo
2936 5311 3124 5353 eorum
3168 5309 3288 5363 qua
3327 5293 3382 5344 in

1807 5399 1968 5455 Patre
1997 5398 2373 5467 intelliguntur
2401 5395 2472 5451 sit
2516 5393 2737 5449 avulsus
2786 5398 2840 5446 et
2865 5386 3187 5458 separatus?
3225 5384 3383 5452 Qua:-

1807 5507 1930 5545 nam
1965 5489 2372 5560 Omnipotentis
2415 5486 2668 5557 dignitas,
2717 5482 2878 5551 cujus
2929 5487 3202 5534 exsortem
3260 5491 3384 5530 esse

2199 5703 2243 5733 δι
2296 5696 2508 5767 Philipp
2534 5711 2591 5762 ιι,
2631 5695 2710 5748 ll.
2813 5695 2858 5725 ³¹
2896 5690 3054 5745 Joan.
3100 5703 3231 5753 xv",
3291 5685 3378 5739 l0.

2972 5854 3039 5911 l'i
