3922 6478
528 353 633 410 5'25
1781 362 1838 417 S.
1871 356 2196 416 GREGORII
2229 358 2527 419 NYSSENI
3650 363 3740 419 εει

526 463 725 519 Filium
759 464 1059 525 Eunomius
1089 470 1358 531 aﬂirmat?
1386 475 1489 543 Qui
1521 478 1686 550 igitur
1704 483 1849 551 apud
1874 482 2075 551 seipsos

2189 485 2333 547 τοῖς,
2383 483 2478 536 καὶ
2530 481 2758 536 ἐνώπιον
2811 483 2986 539 αὑτῶν
3039 483 3430 553 ἐπιστήμονες,
3486 479 3552 533 τὰ
3599 483 3738 551 γήϊνα

530 563 659 612 sunt
696 560 993 629 sapientes,
1025 572 1079 618 et
1107 580 1288 621 coram
1330 572 1525 640 seipsis
1550 573 1806 640 scientes,
1838 575 2079 629 terrestit

2196 574 2469 645 δόγματαο
2511 576 2582 641 οἱ,
2618 574 2799 640 καθώς
2834 594 2997 647 φησιν
3026 577 3054 629 6
3086 576 3399 647 Προφήτης,
3433 575 3495 626 ἐκ
3518 572 3613 643 γῆς
3647 590 3740 640 eto—

533 649 812 718 proferant
862 652 1154 725 dogmata:
1210 661 1323 730 qui,
1372 664 1515 718 sicut
1563 664 1640 718 ait
1691 667 1979 736 propheta,
2028 684 2082 722 ex

2198 667 2433 729 νοῦντες.
2474 667 2627 731 Ὅσοι
2668 666 2725 721 δὲ
2758 667 3167 737 προσκυνοῦμεν
3198 666 3285 718 τὸν
3306 660 3503 731 Λόγον,
3540 663 3627 715 καὶ
3659 662 3743 733 τῆς

533 749 677 794 terra
721 756 909 799 vocem
940 748 1128 803 edunt.
1177 750 1286 806 Nos
1331 769 1457 808 vero
1497 759 1591 826 qui
1618 752 1853 812 Verbum
1902 760 2082 813 adora-

2200 757 2453 828 ἀληθείας
2495 758 2659 830 ἐσμὲν
2689 759 2958 830 μαθηταὶ,
2997 758 3193 829 μᾶλλον
3225 757 3277 809 δὲ
3312 750 3452 807 εἶναι
3481 754 3742 825 εὐχόμεθα.

534 846 679 894 mus,
715 842 769 889 et
802 838 1048 895 veritatis
1091 857 1281 898 sumus
1319 844 1595 914 discipuli,
1654 847 1763 902 imo
1814 864 1940 902 vero
1973 864 2083 904 esse

2205 850 2339 921 μηδὲ
2379 848 2582 921 ταύτην
2616 851 3063 922 παραδράμωμεν
3095 848 3192 919 τὴν
3225 847 3408 918 φωνὴν
3443 845 3743 916 ἀθεώρητον·

536 923 869 993 gloriamur;
912 946 1085 999 neque
1135 932 1274 987 hanc
1332 949 1516 989 vocem
1550 951 1658 991 non
1698 935 1989 1006 perfectam
2047 948 2085 991 et

2202 938 2421 1009 οἴδαμεν
2440 939 2548 1010 γὰρ
2571 940 2652 992 ὄτι
2669 939 2883 992 πάντων
2904 938 3010 991 τῶν
3036 938 3333 1007 ὀνομάτων,
3357 935 3425 989 δι’
3447 928 3521 988 ὧν
3542 934 3598 987 τὸ
3617 935 3749 987 Θεῖον

537 1015 927 1086 inexploratam
981 1031 1363 1093 praetereamus
1414 1047 1428 1078 :
1485 1027 1689 1083 scimus
1749 1029 1890 1082 enim
1955 1029 2086 1097 quod

2203 1030 2615 1100 διασημαίνεται
2635 1072 2649 1095 ,
2683 1031 2802 1083 τινὰ
2839 1030 2937 1099 μὲν
2967 1027 3264 1083 ἐνδεικτικά
3290 1027 3394 1096 τῆς
3421 1026 3569 1087 θείας
3602 1042 3747 1094 μεγα-

538 1107 780 1162 omnium
839 1111 1119 1168 nominum
1187 1117 1386 1186 quibus
1441 1117 1647 1173 Numen
1719 1118 2087 1188 signiﬁcatur,

2205 1118 2450 1190 λωσύνης
2496 1121 2662 1183 ἐστὶν,
2701 1119 2837 1173 αὑτὰ
2878 1121 2963 1188 ἐφ’
2996 1117 3203 1170 ἑαυτῶν
3252 1116 3522 1186 λεγόμενά
3576 1132 3630 1168 τε
3673 1116 3751 1168 καὶ

538 1198 785 1265 quaedam
854 1209 1000 1257 certe
1067 1212 1195 1258 sunt
1269 1205 1464 1261 divina:
1513 1207 1815 1275 majestatis
1880 1206 2087 1260 demunt

2206 1209 2495 1280 νοούμενα·
2531 1210 2650 1263 τινὰ
2681 1211 2730 1263 δὲ
2758 1213 2873 1273 ταῖς
2904 1210 3043 1280 ὑπὲρ
3076 1211 3220 1280 ἡμᾶς
3253 1225 3311 1260 τε
3347 1207 3441 1260 καὶ
3475 1207 3645 1259 πᾶσαν
3670 1205 3753 1273 τὴν

540 1291 806 1355 strativa,
865 1308 985 1364 quae
1046 1296 1161 1365 ipsa
1236 1296 1289 1350 in
1363 1298 1669 1368 semetipsis
1738 1298 1995 1352 dicuntur
2053 1310 2089 1351 et

2209 1301 2384 1353 κτίσιν
2422 1301 2721 1371 ἐνεργείαις
2759 1300 3169 1370 ἐπονομάζεται.
3214 1299 3386 1351 Ὅταν
3429 1295 3527 1366 μὲν
3556 1294 3655 1364 γὰρ
3680 1294 3752 1347 λέ-

539 1377 955 1449 intelliguntur:
1009 1386 1254 1454 quaedam
1308 1402 1438 1441 vero
1473 1403 1535 1442 ex
1568 1388 1652 1442 his
1699 1387 2088 1457 operationibus

2208 1409 2294 1462 γει
2344 1394 2373 1444 ὁ
2420 1391 2559 1456 θεῖος
2600 1392 2951 1455 Ἀπόστολος,
3002 1391 3297 1461 ἀφθάρτῳ,
3344 1386 3581 1456 ἀοράτῳ,
3632 1385 3754 1455 μόνῳ

542 1485 664 1538 quae
696 1480 915 1541 propter
956 1490 1055 1531 nos
1083 1484 1138 1531 et
1166 1492 1377 1532 omnem
1405 1488 1707 1533 creaturam
1744 1479 1900 1543 ﬁunt,
1940 1479 2091 1531 denot

2212 1481 2359 1552 σοφῷ
2404 1480 2541 1551 Θεῷ,
2593 1482 2685 1533 καὶ
2728 1481 2796 1534 τά
2841 1478 3084 1543 τοιαῦτα,
3137 1479 3203 1532 τὰ
3249 1474 3624 1547 παραστατικό.
3669 1474 3752 1542 τῆς

540 1563 838 1619 minantur.
864 1564 999 1620 Cum
1027 1568 1175 1622 enim
1209 1568 1341 1624 dicit
1394 1569 1615 1625 divinus
1671 1570 1987 1639 Apostolus,
2025 1570 2089 1623 int

2212 1572 2607 1643 ὑπερκειμένης
2644 1573 2923 1644 δυνάμεως
2953 1572 3195 1641 νοήματα
3229 1569 3317 1621 διὰ
3360 1568 3469 1620 τῶν
3506 1566 3755 1636 ὀνομάτων

541 1654 905 1723 corruptibili,
938 1657 1223 1725 invisibili,
1254 1661 1354 1715 soli
1396 1660 1627 1731 sapienti
1660 1659 1769 1714 Deo
1797 1660 1863 1723 ⁸⁷,
1899 1667 1951 1715 et
1990 1675 2090 1729 qua

2212 1666 2412 1719 τούτων
2472 1665 2821 1718 ἐνδείκνυται.
2873 1665 3039 1717 Ὅταν
3109 1663 3162 1715 δὲ
3213 1661 3431 1729 λέγεται
3482 1658 3622 1727 παρά
3664 1657 3754 1709 τῶν

542 1744 807 1811 ejusmodi
836 1768 847 1801 :
910 1763 1006 1817 per
1032 1748 1145 1804 haec
1181 1750 1402 1804 nomina
1459 1752 1710 1806 notiones
1746 1766 1869 1821 quae
1930 1765 2090 1819 super

2213 1756 2464 1827 Γραφῶν,
2500 1754 2797 1826 οἰκτίρμων
2855 1753 2948 1805 καί
2989 1752 3255 1823 ἐλεήμων,
3295 1750 3610 1811 πολυέλεος,
3642 1746 3753 1814 άλη-

544 1834 869 1890 eminentem
904 1839 1202 1907 potentiam
1256 1848 1673 1910 repraesentant,
1727 1840 2089 1897 ostenduntur

2215 1814 2379 1909 θίνδς,
2408 1814 2659 1916 Χριστὸς,
2682 1814 2913 1913 ¹Κύριος,
2954 1814 3155 1914 ιατρὸέ,
3181 1841 3406 1911 ποιμὴν,
3441 1838 3575 1900 ὁδὸς,
3599 1836 3754 1906 ἄρτος,

544 1926 677 1979 Cum
736 1936 917 1983 autem
981 1930 1037 1985 in
1089 1930 1389 2002 Scripturis
1430 1933 1761 1998 misericors,
1805 1935 2090 1987 miserator

2214 1939 2386 2009 πηγὴ,
2414 1936 2682 2007 βασιλεὺς,
2709 1935 2951 2005 κτίστης,
2983 1932 3331 2006 δημιουργὸς,
3358 1926 3756 2000 ὑπερασπιστὴς,

546 2020 776 2075 multum
805 2022 1145 2089 misericors,
1176 2039 1358 2089 verax,
1392 2024 1667 2091 Christus,
1701 2024 1982 2089 Dominus,
2010 2040 2094 2079 me

2213 2034 2242 2084 6
2268 2031 2359 2084 ἐπὶ
2390 2030 2604 2084 πάντων
2633 2028 2728 2081 καλ⁹
2764 2025 2852 2080 διὰ
2882 2027 3118 2091 πάντων,
3152 2026 3179 2078 ὁ
3217 2026 3275 2078 ἐν
3302 2024 3435 2077 πᾶσι
3468 2021 3534 2075 τά
3573 2018 3754 2071 πάντα·

544 2108 721 2172 dicus,
749 2119 960 2181 pastor,
992 2112 1100 2173 via,
1130 2114 1308 2182 panis,
1355 2112 1499 2177 fons,
1558 2130 1675 2179 rex,
1716 2123 1952 2179 creator,
1984 2130 2093 2170 cont

2214 2123 2385 2177 ταῦτα
2423 2124 2517 2176 καὶ
2553 2122 2620 2176 τά
2662 2118 2883 2175 τοιαῦτα
2927 2116 3034 2171 τῶν
3075 2118 3132 2170 ἐν
3178 2118 3244 2187 τῇ
3285 2113 3461 2168 κτίσει
3504 2109 3644 2181 παρά
3676 2107 3758 2175 τῆς

545 2201 710 2266 ditor,
739 2210 1040 2274 protector,
1076 2215 1471 2277 propugnator,
1503 2207 1595 2276 qui
1627 2215 1710 2262 est
1756 2207 1808 2260 in
1837 2206 2091 2261 omnibus

2216 2214 2362 2279 θείας
2396 2213 2803 2285 φιλανθρωπίας
2844 2208 3248 2281 ἐνεργουμένων
3283 2205 3524 2277 περιέχει
3551 2204 3642 2272 τὴν
3677 2200 3759 2270 ἐμ-

546 2303 599 2345 et
650 2308 748 2362 per
778 2295 983 2357 omnia,
1018 2296 1112 2366 qui
1140 2296 1194 2350 in
1227 2298 1480 2353 omnibus
1510 2297 1713 2364 omnia,
1755 2298 1868 2353 haec
1893 2306 1947 2354 et
1973 2299 2095 2368 ejus

2217 2324 2400 2377 φασιν.
2419 2307 2492 2360 Τὸ
2519 2306 2696 2360 τοίνυν
2726 2303 2818 2357 τοῦ
2845 2300 3276 2371 παντοκράτορος
3302 2299 3472 2369 ὄνομα
3492 2296 3597 2357 τοῖς
3621 2295 3759 2362 ἀκρι-

547 2384 693 2439 modi
721 2400 910 2440 eorum
945 2402 1065 2456 quae
1090 2388 1144 2442 in
1171 2397 1420 2443 creatura
1449 2404 1477 2442 a
1509 2388 1693 2444 divina
1725 2390 1780 2444 in
1814 2406 1987 2462 genus
2014 2391 2087 2446 hu

2218 2401 2327 2465 6ὦς
2354 2400 2693 2465 ἐξετάζουσιν
2720 2398 3048 2471 εὑρίσκεται,
3086 2399 3159 2470 μὴ
3193 2395 3321 2450 ἄλλο
3346 2412 3397 2447 τι
3422 2392 3663 2463 σημαῖνον
3686 2384 3760 2437 ἐπὶ

548 2491 772 2530 manum
799 2477 1177 2534 benevolentia
1215 2479 1552 2545 efﬁciuntur,
1609 2482 1878 2536 illustrem
1938 2484 2097 2538 conti-

2216 2495 2315 2565 τῆς
2333 2493 2480 2557 θείας
2496 2492 2795 2563 δυνάμεως,
2814 2490 2921 2562 ἣτὸ
2944 2491 3079 2563 πρός
3100 2490 3151 2543 τί
3175 2506 3291 2552 πως
3310 2486 3451 2557 ἔχειν
3469 2485 3563 2554 τὴν
3579 2494 3758 2553 κρατη-

548 2580 681 2621 nent
732 2566 1204 2639 signiﬁcationem.
1256 2568 1436 2635 Quare
1489 2572 1874 2626 omnitenentis
1921 2587 2097 2626 nomet

2217 2584 2377 2653 τικὴν
2402 2582 2508 2635 τῶν
2541 2583 2597 2634 ἐν
2621 2583 2685 2652 τῇ
2718 2580 2891 2634 κτίσει
2914 2579 3303 2651 θεωρουμένων
3324 2575 3614 2646 ἐνέργειαν,
3636 2566 3760 2640 ήτοῦ

550 2659 768 2726 penitus
805 2668 860 2715 et
890 2669 1082 2716 exacte
1106 2662 1520 2731 quuirentibus
1551 2677 1657 2719 non
1691 2662 1837 2718 aliud
1879 2664 2011 2734 quid
2065 2665 2099 2717 it

2220 2672 2655 2743 παντοκράτορος
2708 2669 2947 2741 ἔμφασις
3001 2667 3375 2722 ὑποδείκνυσιν
3400 2680 3413 2693 ο
3454 2662 3630 2733 ὥσπερ
3669 2658 3758 2726 γὰρ

548 2749 731 2804 divina
780 2752 1021 2821 potentia
1067 2752 1379 2822 signiﬁcare
1422 2754 1731 2821 invenitur,
1781 2770 1943 2825 quam
1977 2771 2097 2825 quo:

2220 2766 2319 2820 οὑκ
2350 2765 2415 2819 ἂν
2444 2763 2625 2835 ἰατρὸς
2653 2756 2721 2833 ἦν
2759 2762 2808 2815 εί
2857 2761 2931 2833 μὴ
2979 2759 3088 2813 τῶν
3123 2757 3421 2813 νοσούντων
3464 2755 3642 2825 χάριν,
3671 2748 3761 2801 οὐδ’

550 2841 641 2894 illa
675 2842 755 2896 vis
779 2850 833 2897 et
861 2844 1126 2912 operatio,
1150 2859 1270 2913 qua:
1300 2845 1555 2900 universa
1591 2861 1713 2916 quae
1743 2846 1799 2901 in
1848 2848 2099 2902 creatiotn

2223 2860 2288 2913 ἂν
2314 2858 2559 2929 ἐλεήμων
2578 2872 2635 2908 τε
2662 2854 2755 2907 καὶ
2774 2853 3071 2924 οἰκτίρμων
3099 2850 3192 2904 καὶ
3212 2848 3283 2902 τὰ
3303 2844 3523 2902 τοιαῦτα
3550 2856 3758 2896 κατωνο-

549 2931 969 2987 considerantur
1016 2934 1292 3000 continet,
1357 2935 1757 3003 quodammodo
1811 2937 1877 2991 ad
1918 2938 2098 3007 aliquit

2228 2951 2427 3022 μάζετο
2447 2963 2460 2976 '
2491 2950 2538 3001 εἰ
2571 2948 2645 3019 μὴ
2678 2945 2764 3001 διά
2787 2945 2877 2998 τὸν
2910 2941 3193 3014 οἰκτιρμοῦ
3223 2958 3283 2995 τε
3316 2940 3412 2994 καὶ
3443 2937 3583 2991 ἐλέου
3608 2933 3764 3002 δεόμε-

549 3021 802 3078 rel'ertur.
844 3022 957 3079 Hoc
983 3025 1371 3081 omnitenentis
1404 3027 1646 3082 ostendit
1674 3028 1906 3085 illustris
1940 3031 2093 3101 appel

2224 3021 2313 3095 νον
2332 3059 2344 3072 ο
2376 3040 2546 3102 οὑτως
2571 3039 2689 3091 οὑδὲ
2730 3036 3121 3108 παντοκράτωρ
3141 3074 3155 3098 ,
3188 3035 3236 3086 εί
3270 3033 3347 3105 μὴ
3380 3030 3581 3099 πᾶσαή
3615 3025 3761 3085 κτίσις

550 3115 682 3170 latio
709 3132 722 3179 ;
750 3116 1207 3186 quemadmodum
1238 3117 1382 3173 enim
1412 3118 1658 3173 medicus
1692 3134 1803 3175 non
1834 3131 1981 3177 esset
2012 3123 2098 3178 nis

2223 3130 2317 3185 τοῦ
2351 3130 2806 3202 περικρατοῦντος
2838 3128 3004 3198 αὑτὴν
3026 3168 3040 3192 ,
3071 3127 3164 3181 καὶ
3209 3128 3266 3179 ἐν
3309 3124 3389 3196 τῷ
3426 3118 3559 3177 εἶναι
3597 3133 3762 3184 συντη-

550 3207 931 3277 azgrotantium
964 3221 1129 3262 causa
1156 3226 1170 3275 ;
1205 3224 1380 3279 neque
1411 3209 1720 3275 miserator,
1760 3226 1939 3282 neque
1967 3214 2099 3268 misc

2234 3223 2451 3295 ροῦντος
2486 3222 2682 3277 ἐδέετο.
2740 3220 2948 3274 Οὐκοῦν
2996 3219 3182 3291 ὥσπερ
3230 3217 3414 3290 ἰατρὸς
3454 3208 3760 3307 τῷ-δεομὲνιξ)

553 3298 729 3351 ricors
757 3306 812 3352 et
833 3312 953 3367 qua:
982 3307 1113 3353 sunt
1136 3298 1431 3369 ejusmodi,
1468 3303 1973 3371 cognominaretur,
2026 3308 2102 3361 nis

2229 3316 2328 3384 τῆς
2365 3312 2657 3382 θεραπείας
2699 3312 2927 3380 γίνεται,
2969 3309 3111 3364 οὑτω
3145 3310 3237 3363 καὶ
3287 3303 3662 3375 παντοκράτωρ
3698 3298 3762 3365 τῷ

554 3398 774 3459 praptcr
806 3404 931 3445 eum
959 3390 1052 3461 qui
1082 3390 1434 3446 miseratione
1482 3400 1535 3447 et
1569 3394 1945 3451 misericordia
1983 3400 2103 3454 indi

2231 3406 2481 3478 χρῄζοντι
2505 3404 2597 3457 τοῦ
2620 3402 2970 3475 κρατεῖσθαι·
3007 3403 3102 3455 καὶ
3134 3400 3324 3471 ὥσπερ
3353 3400 3411 3453 οὐ
3440 3395 3614 3468 χρείαν
3635 3391 3760 3490 εχαέ.

555 3489 685 3550 get:
731 3480 811 3535 sic
838 3496 1018 3550 neque
1056 3482 1399 3553 omnipotens
1424 3483 1540 3539 sive
1572 3488 1977 3553 cunctitenens,
2026 3491 2104 3545 nis

2233 3514 2315 3550 σιν
2353 3497 2401 3548 οἱ
2444 3494 2715 3565 ἰσχύοντες
2750 3490 2954 3564 ίατροῦ,
2985 3490 3097 3544 ἀλλ’
3133 3491 3181 3543 οἱ
3214 3488 3401 3550 κακῶς
3435 3486 3663 3572 ἔχοντεςο
3687 3480 3761 3572 οῦς

555 3578 809 3625 creatura
860 3571 1041 3627 omnis
1092 3571 1358 3643 indigeret
1406 3589 1471 3629 eo
1507 3575 1601 3645 qui
1652 3576 1824 3646 ipsam
1885 3588 2102 3649 potente

2229 3605 2336 3651 τως
2363 3590 2426 3641 ἐκ
2453 3585 2547 3639 τοῦ
2577 3583 2866 3638 ἀκολούθου
2894 3581 3070 3644 καλῶς
3091 3576 3236 3632 ἐστιν
3261 3578 3452 3637 εἰπεῖν,
3483 3570 3661 3644 μηκέτι
3683 3570 3758 3619 τοῦ

555 3661 949 3729 complectatur
980 3670 1033 3717 et
1062 3664 1115 3717 in
1147 3673 1340 3719 natura
1388 3682 1486 3722 sua
1512 3680 1827 3731 .conservet.
1860 3671 2104 3737 Quemad

2231 3677 2552 3751 κρατοῦντος
2581 3672 2800 3747 χρῄζειν
2828 3673 3063 3738 ἐκεῖνον,
3096 3672 3152 3723 ἐν
3178 3663 3221 3737 ᾧ
3248 3668 3312 3721 τὸ
3344 3664 3567 3727 ἀπλανὲς
3598 3676 3651 3713 τε
3684 3655 3758 3709 καὶ

560 3753 781 3806 modum
809 3753 975 3823 igitur
1008 3754 1253 3812 medicus
1294 3758 1355 3811 fit
1378 3759 1431 3814 ei
1461 3762 1553 3830 qui
1594 3762 1876 3819 curatione
1906 3765 2107 3835 indiget

2231 3768 2621 3840 ἀμετάπτωτον
2650 3767 2683 3835 ἡ
2722 3763 2880 3833 φύσις
2910 3762 3041 3832 ἔχει.
3073 3758 3279 3815 Οὑκοῦν
3307 3760 3433 3813 ὅταν
3458 3756 3550 3824 τῆς
3581 3762 3760 3840 παντο-

557 3848 637 3899 sic
670 3847 1016 3917 omnipotens
1050 3848 1165 3903 sive
1211 3851 1596 3910 cunctitenens
1628 3855 1677 3909 ei
1707 3856 1801 3925 qui
1858 3859 2106 3913 continer

2231 3839 2460 3929 κράτωρ
2494 3856 2675 3927 φωνῆς
2701 3854 3039 3925 ἀκούσωμεν,
3074 3851 3231 3905 τοῦτο
3260 3850 3502 3919 νοοῦμεν,
3530 3842 3584 3895 τέ
3611 3839 3756 3929 πάντα

558 3945 721 4007 eget;
763 3944 817 3992 et
843 3939 1300 4008 quemadmodum
1340 3944 1432 4013 qui
1490 3944 1627 4000 bene
1690 3947 1873 4003 valent
1918 3949 2107 4003 medim

2229 3928 2319 4003 τὸν
2342 3949 2473 4003 Θεὸν
2505 3948 2562 4000 ἐν
2593 3946 2670 4017 τῷ
2708 3940 2845 3997 εἷναι
2876 3942 3138 4012 συνέχειν,
3165 3942 3263 3993 ὅσα
3289 3956 3351 3992 τε
3378 3933 3554 4006 νοητὰ,
3579 3929 3661 3983 καὶ
3678 3928 3757 4017 ὅσα

556 4045 668 4085 non
698 4045 835 4102 opus
883 4032 1106 4098 habent,
1140 4035 1236 4090 sed
1295 4036 1387 4105 qui
1424 4038 1566 4093 male
1615 4038 1817 4093 habent
1844 4041 1911 4093 '5:
1952 4042 2032 4096 sic
2062 4057 2105 4095 e:

2230 4045 2328 4114 τῆς
2362 4042 2551 4111 ὑλικῆς
2585 4041 2699 4092 ἐστι
2738 4036 2970 4107 φύσεως.
3011 4033 3108 4086 Διὰ
3136 4030 3292 4085 τοῦτο
3331 4030 3437 4123 γὰρ
3468 4022 3662 4123 κατέχει
3684 4016 3757 4123 τὸν

556 4124 915 4193 consequenti
948 4124 1209 4195 praeclare
1239 4126 1366 4179 licet
1408 4125 1612 4182 inferre
1657 4143 1762 4183 non
1796 4131 2030 4200 amplius
2065 4131 2099 4184 il

2231 4105 2394 4205 γύρον
2433 4105 2530 4202 τῆς
2554 4131 2674 4201 γῆς,
2703 4105 2788 4182 διά
2816 4127 2972 4181 τοῦτο
2995 4126 3105 4195 ἔχει
3133 4126 3188 4177 ἐν
3212 4125 3278 4193 τῇ
3306 4121 3448 4193 χειρὶ
3472 4118 3564 4187 τῆς
3592 4112 3681 4181 γῆς
3702 4105 3756 4159 τά

561 4214 671 4269 lum
700 4216 1015 4271 continente
1044 4217 1159 4272 sive
1206 4228 1569 4274 conservante
1619 4220 1861 4290 indigere
1925 4222 1980 4275 in
2023 4238 2110 4292 qut

2233 4225 2464 4296 πέρατα,
2494 4223 2581 4276 διά
2609 4222 2765 4275 τοῦτο
2799 4217 3192 4292 περιλαμϐάνει
3223 4216 3313 4268 τὸν
3343 4210 3557 4285 οὐρανὸν
3578 4206 3634 4274 τῇ

560 4313 755 4361 natura
782 4313 867 4361 est
903 4309 1126 4363 omnino
1168 4311 1374 4365 erroris
1416 4312 1606 4366 nescia
1637 4320 1690 4367 et
1737 4327 1897 4369 casus
1930 4316 2109 4371 omnis

2233 4286 2402 4387 θαμῇ,
2439 4286 2526 4370 διὰ
2561 4312 2719 4368 τοῦτο
2748 4286 3069 4382 περιμετρεῖ
3106 4310 3173 4378 τῇ
3218 4308 3362 4378 χειρὶ
3403 4304 3461 4356 τὸ
3501 4286 3758 4387 ὕδωρηδά

560 4413 666 4467 que
710 4399 1026 4454 mutationis
1060 4416 1277 4469 expers.
1342 4400 1479 4457 Cum
1531 4404 1696 4475 igitur
1747 4405 2109 4463 cunctitenen:

2233 4383 2391 4462 τοῦτο
2431 4406 2528 4477 τὴν
2564 4405 2757 4475 νοητὴν
2795 4406 2973 4454 πᾶσαν
3015 4401 3189 4453 κτίσιν
3219 4401 3277 4451 ἐν
3322 4392 3492 4464 ἑαυτῷ
3531 4383 3755 4488 περιέυχειν

562 4488 956 4557 παντοκράτωρ
989 4505 1185 4546 nomen
1240 4492 1513 4558 audimus,
1553 4494 1657 4549 hoc
1709 4505 1893 4553 mente
1940 4501 2111 4555 conci

2239 4502 2325 4555 ἵνα
2364 4499 2542 4553 πάντα
2569 4499 2625 4551 ἐν
2661 4496 2740 4566 τῷ
2774 4492 2912 4548 εἶναι
2953 4493 3090 4564 μένῃ
3127 4494 3194 4562 τῇ
3229 4486 3534 4561 περιεκτικῇ
3572 4480 3758 4543 δυνάμει

562 4578 798 4647 piamtrs,
830 4595 1024 4648 nempe
1055 4581 1223 4637 Deum
1275 4586 1456 4639 omnia
1488 4586 1541 4640 in
1587 4601 1688 4641 suo
1744 4603 1865 4644 esse
1902 4590 2016 4646 sive
2075 4592 2111 4647 it

2082 4592 2132 4647 in
2241 4589 2730 4664 περικρατούμενα.
3557 4667 3566 4672 _
3604 4661 3631 4672 η

563 4683 663 4721 sua
690 4679 882 4724 natura
906 4679 960 4725 et
996 4674 1231 4727 essentia
1257 4676 1562 4742 continere,
1593 4687 1646 4733 et
1674 4695 1794 4749 qua:
1821 4681 2179 4754 intelligentia
2239 4662 2466 4755 solaque
2490 4690 2673 4737 mente
2702 4686 3025 4746 cernuntur,
3094 4685 3149 4734 et
3208 4691 3331 4747 qua:
3392 4662 3651 4755 materia|i_
3681 4668 3757 4710 ηδ’

563 4770 685 4815 tura
718 4772 991 4818 constant.
1021 4764 1251 4835 Ideoque
1302 4777 1460 4823 terra:
1512 4786 1700 4840 gyrum
1768 4773 1882 4829 sive
1937 4751 2123 4832 orbem
2158 4751 2423 4841 continet,
2457 4786 2680 4846 propter
2718 4773 2917 4829 hocin
2984 4787 3152 4825 tnauu
3202 4769 3365 4824 habet
3428 4773 3573 4818 terrae
3625 4751 3753 4804 ﬁnes:

562 4866 783 4928 propter
813 4859 1054 4914 eamdem
1085 4875 1307 4916 causam
1353 4864 1550 4921 malum
1592 4867 1771 4937 palmo
1810 4871 2191 4940 complectitur
2216 4876 2287 4937 “,
2316 4882 2537 4944 propter
2575 4875 2677 4925 hoc
2711 4870 2893 4939 ipsum
2962 4883 3162 4938 aquam
3232 4880 3396 4920 manu
3455 4856 3752 4913 commensu-

565 4956 906 5020 rat,proptcr
944 4950 1178 5021 idipsum
1229 4970 1445 5011 omnem
1500 4959 1880 5031 incorpoream
1920 4972 1974 5019 et
2020 4966 2122 5021 sub
2161 4968 2579 5039 intelligentiam
2611 4963 2893 5021 cadentem
2931 4970 3241 5017 creaturam
3304 4960 3357 5013 in
3429 4954 3595 5039 Scip?
3638 4950 3755 5039 ε⁰ξ¹¹⁸

563 5039 869 5107 prehendit,
904 5047 962 5093 ut
983 5041 1166 5094 omnia
1193 5042 1246 5097 in
1282 5059 1381 5100 suo
1408 5062 1528 5102 esse
1560 5049 1673 5104 sive
1704 5066 1753 5104 In
1787 5067 1885 5106 sua
1924 5061 2119 5109 natura
2159 5035 2416 5111 maneant
2459 5055 2699 5126 potentia
2772 5051 3251 5122 comprehensiva,
3317 5048 3426 5103 sive
3465 5035 3753 5095 continente.

564 5129 961 5196 comprehensa
993 5138 1046 5186 et
1083 5144 1359 5189 contenta.

635 5218 769 5284 Quis
794 5221 957 5291 igitur
983 5223 1028 5278 is
1053 5225 1124 5280 sit
1146 5228 1239 5296 qui
1263 5231 1446 5284 omnia
1483 5232 1536 5286 in
1568 5235 1826 5291 omnibus
1851 5246 2131 5306 operatur,

2314 5239 2407 5300 Τίς
2449 5233 2540 5290 οῦν
2580 5240 2608 5290 ὁ
2641 5238 2814 5290 πάντα
2848 5237 2905 5288 ἐν
2946 5236 3111 5288 πᾶσιν
3152 5230 3405 5301 ἐνεργῶν,
3444 5216 3751 5311 ἐξετάσωμεῖθι

562 5309 927 5380 inquiratuus.
980 5315 1114 5382 Quis
1162 5328 1245 5375 cSt
1290 5322 1382 5392 qui
1440 5326 1621 5380 omnia
1661 5328 1809 5394 fecit,
1866 5304 1983 5381 sine
2029 5346 2111 5398 qm

2246 5331 2341 5392 Ti;
2386 5330 2413 5381 6
2443 5329 2620 5381 πάντα
2652 5330 2901 5397 ποιήσας,
2931 5322 2991 5380 οὑ
3029 5324 3197 5395 χωρὶς
3224 5322 3331 5376 τῶν
3362 5304 3755 5405 ὅντωνλέστὶτοῗῖ

564 5405 701 5459 nihil
755 5422 944 5462 eorum
994 5427 1114 5480 quae
1173 5388 1588 5471 sunt'constat?
1645 5416 1781 5484 Quis
1815 5428 1900 5474 est
1943 5422 1997 5473 in
2031 5388 2113 5490 qut

2245 5388 2336 5473 δέν
2359 5438 2374 5486 ;
2410 5420 2504 5482 Τίς
2532 5424 2675 5472 ἐστιν
2713 5388 2775 5472 ἐν.
2803 5388 2943 5486 ᾧ-τά
2978 5388 3153 5470 πάντα
3189 5411 3425 5478 ἐκτίσθη,
3466 5400 3547 5458 καὶ
3574 5399 3625 5447 ἐν
3645 5388 3681 5455 ᾧ
3702 5388 3753 5490 ξά

567 5505 695 5550 sunt
728 5500 910 5553 omnia
940 5502 1180 5567 condita,
1204 5512 1258 5558 et
1287 5506 1340 5558 in
1366 5522 1474 5575 quo
1504 5524 1622 5578 qum
1648 5518 1775 5563 sunt
1808 5524 2105 5578 permanen

2246 5514 2373 5566 ὅντα
2400 5514 2496 5584 τὴν
2533 5512 2787 5583 διαμονὴν
2817 5510 2957 5581 ἔχεις
3013 5510 3100 5564 Ἑν
3141 5506 3246 5560 τίνι
3287 5505 3455 5573 ζῶμεν
3488 5492 3570 5548 καὶ
3610 5496 3753 5588 ξωῗῖ

568 5587 701 5642 tiam
734 5588 983 5645 habent?
1024 5591 1080 5646 In
1116 5609 1224 5663 quo
1282 5597 1533 5665 vivimus,
1586 5615 1886 5666 movemur,
1944 5609 1998 5654 et
2055 5618 2117 5657 su

2285 5604 2393 5658 ,εθα
2428 5582 2522 5660 καὶ
2552 5604 2716 5676 ἐσμέν
2731 5582 2753 5671 ;ί
2769 5604 2863 5667 Τίς
2901 5606 2929 5656 ὁ
2952 5601 3020 5657 τὰ
3054 5600 3229 5655 πάντα
3259 5599 3391 5671 ἔχων
3414 5595 3466 5647 ἐν
3487 5582 3655 5648 ἐαυτῷ,
3675 5582 3754 5623 osa
3828 5618 3834 5627 ,

640 5765 686 5800 ⁸⁷
724 5766 747 5821 i
785 5768 1000 5826 Timotlt
1062 5788 1099 5841 ι,
1138 5774 1223 5829 Π.
1298 5776 1358 5849 ⁸⁸,
1382 5775 1571 5831 Matth.
1609 5792 1686 5846 ιι,
1726 5777 1809 5832 ιε.
1887 5780 1932 5813 ³⁹
1970 5782 2072 5837 lsa.
2110 5781 2289 5847 “,1?”
