3922 6472
145 390 240 445 τις

1243 382 1522 439 CONTRA
1556 378 1961 447 .EUNOMIUM,
2000 382 2127 435 LIB.
2168 382 2232 436 ll.

3263 378 3369 433 526

146 511 171 561 6
197 508 364 575 Πατὴρ
385 502 501 571 ἔχει
524 520 538 567 ;
569 497 673 571 ἆρα
695 498 997 569 ἀγνοοῦμεν
1028 501 1105 556 ἔτι
1135 502 1221 556 διὰ
1246 503 1353 556 τῶν
1378 502 1697 575 εἰρημένων,

1807 514 1924 555 mus
1948 499 2018 553 °°?
2045 499 2179 564 Quis
2202 510 2286 555 est
2313 497 2402 553 ille
2429 497 2519 567 qui
2554 498 2608 552 in
2637 499 2816 569 seipso
2847 498 3009 553 habet
3038 498 3221 552 omnia
3249 513 3371 568 quae

146 603 221 653 τὸν
246 599 328 651 ἐπὶ
360 599 577 650 πάντων
598 597 729 649 Θεὸν
760 597 846 651 τὸν
875 597 981 651 ὐπὸ
1016 597 1108 651 τοῦ
1138 599 1349 653 Παύλου
1383 599 1553 660 οὕτως
1582 600 1698 650 ὀνο-

148 689 449 760 μαζόμενον,
479 687 569 740 τὸν
602 687 804 758 Κύριον
839 688 993 758 ἡμῶν
1047 689 1254 758 Ἰησοῦν
1293 689 1383 742 τὸν
1422 688 1694 759 Χριστόν;

149 783 227 839 ⁸ος
260 779 430 830 πάντα
462 780 524 830 ἐν
564 780 628 847 τῇ
662 778 809 848 χειρὶ
847 778 913 830 τὰ
952 778 1045 830 τοῦ
1080 778 1294 849 Πατρὺς
1325 778 1481 849 ἔχων,
1517 776 1698 841 καθὼς

147 870 280 933 αὐτός
314 885 477 938 φησι,
514 869 927 939 περιδέδρακται
964 871 1174 932 πάντως
1208 868 1297 922 διὰ
1325 870 1423 940 τῆς
1455 868 1701 939 πολυχώ-

145 980 223 1031 pou
270 960 429 1012 αὐτοῦ
474 960 731 1029 παλάμης
784 959 892 1013 τῶν
931 961 1181 1023 πάντων,
1222 960 1315 1013 καὶ
1352 962 1547 1031 κρατεί
1594 958 1697 1012 τῶν

147 1051 661 1121 περιδεδραγμένων,
713 1050 805 1103 καὶ
853 1050 1026 1113 οὐδεὶς
1073 1049 1217 1121 αίρει
1266 1051 1331 1103 ἐκ
1377 1052 1475 1120 τῆς
1517 1049 1697 1120 χειρὸς

145 1143 281 1195 αὐτοῦ
317 1142 412 1195 τοῦ
462 1143 793 1213 κρατοῦντος
844 1146 909 1212 τῇ
978 1143 1121 1211 χειρὶ
1172 1142 1282 1195 τῶν
1341 1141 1589 1205 πάντων;
1635 1140 1698 1193 Ei

143 1230 218 1286 οὖν
261 1236 429 1287 πάντα
464 1233 602 1304 ἔχει,
656 1235 750 1287 ml.
800 1236 996 1303 κρατεῖ
1040 1227 1115 1287 ὧν
1158 1232 1291 1303 ἔχει,
1326 1232 1379 1284 τί
1427 1232 1555 1287 ἀλλο
1605 1231 1698 1284 καὶ

143 1325 242 1392 οὐχὶ
292 1323 721 1393 παντοκράτωρ
775 1325 994 1387 πάντως
1050 1326 1215 1387 ἐστὶν,
1260 1324 1289 1375 6
1328 1322 1545 1393 κρατῶν
1589 1324 1698 1375 τῶν

143 1414 357 1477 stivam;
411 1413 476 1465 Εί
524 1412 582 1465 δὲ
631 1414 778 1481 λέγοι
819 1414 851 1484 ὴ
896 1413 1104 1483 αἵρεσις
1153 1414 1237 1465 ὅτι
1278 1411 1373 1464 καὶ
1430 1410 1526 1464 τοῦ
1568 1410 1697 1463 Υῐού

143 1506 217 1557 καὶ
251 1503 339 1556 τοῦ
370 1503 696 1574 Πνεύματος
727 1506 921 1574 κρατεῖ
959 1507 988 1558 6
1042 1504 1264 1573 Πατὴρ,
1306 1500 1521 1573 πρῶτον
1560 1503 1696 1555 ἀποο

140 1596 439 1659 δειξάτωσαν
479 1597 566 1649 ὅτι
606 1596 847 1666 τρεπτῆς
881 1598 995 1648 ἐστι
1033 1595 1244 1664 φύσεως
1274 1596 1302 1647 6
1336 1594 1464 1657 Υίὸς
1513 1594 1605 1647 καὶ
1638 1594 1699 1645 τὸ

144 1688 337 1757 Πνεῦμα
380 1687 443 1740 τὸ
481 1688 661 1755 ἅγιον,
709 1689 802 1740 καὶ
849 1687 969 1740 τότε
1007 1686 1102 1739 τὸν
1136 1685 1440 1756 κρατοῦντα
1471 1684 1547 1755 τῷ
1574 1702 1699 1754 τρε-

144 1778 335 1848 πομένῳ
368 1778 859 1849 ἐπιστησάτωσαν·
907 1776 996 1830 ἵνα
1023 1777 1090 1845 τῇ
1134 1774 1337 1829 ἀνωθεν
1372 1774 1699 1847 ἐγγινομένη

144 1868 353 1940 βοηθείᾳ,
388 1869 536 1941 μένῃ
557 1868 619 1920 τὸ
651 1867 1039 1939 κρατούμενον,
1063 1866 1199 1937 πρὸς
1230 1866 1288 1919 τὸ
1309 1866 1476 1920 κακὸν
1495 1866 1699 1937 ἀμετά-

144 1976 343 2012 πτωτον.
393 1959 458 2011 Et
520 1960 577 2012 δὲ
632 1958 981 2020 ἀνεπίδεκτος
1025 1958 1222 2020 κακίας
1262 1960 1296 2027 ἡ
1348 1958 1464 2010 θεία
1502 1957 1698 2027 φύσις,

142 2051 380 2121 άτρεπτός
419 2068 483 2105 τε
515 2052 610 2103 καὶ
637 2050 1010 2116 ἀναλλοίωτος,
1044 2052 1137 2103 καὶ
1156 2051 1243 2103 ἀεὶ
1270 2050 1527 2113 ὡσαύτως
1549 2050 1661 2120 ἔχει
1684 2065 1698 2079 °

139 2146 205 2203 εἰς
231 2144 277 2197 τί
295 2142 387 2195 τοῦ
413 2142 753 2215 κρατοῦντος
775 2142 1116 2214 ἐπιδεήσεται
1138 2161 1152 2209 ;
1187 2143 1253 2195 'H
1287 2142 1351 2194 δι’
1378 2143 1574 2211 ἑαυτῆς
1598 2143 1703 2195 πᾶ-

145 2251 222 2286 σαν
246 2233 618 2306 ἐπικρατοῦσα
644 2234 740 2304 τὴν
772 2234 967 2298 κτίσιν,
996 2233 1131 2303 αὐτὴ
1161 2233 1219 2285 δὲ
1246 2232 1339 2286 τοῦ
1380 2232 1703 2303 κρατοῦντος

146 2326 205 2397 μὴ
224 2326 439 2397 δεομένη
463 2324 561 2378 διὰ
585 2324 646 2377 τὸ
668 2324 951 2394 ἄτρεπτον.
980 2323 1077 2376 Διά
1104 2323 1257 2376 τοῦτο
1285 2325 1343 2376 ἐν
1378 2322 1455 2393 τῷ
1478 2324 1703 2394 ὀνόματι

143 2417 219 2470 τοῦ
265 2416 502 2488 Χριστοῦ
548 2417 655 2469 πᾶν
714 2416 843 2483 γόνυ
900 2415 1173 2485 κάμπτει,
1228 2416 1565 2485 ἐπουρανίων
1612 2418 1705 2469 καὶ

145 2508 369 2575 ἐπιγείων
402 2506 506 2559 καί
552 2502 945 2573 καταχθονίων.
989 2504 1064 2556 Οὐ
1105 2504 1211 2575 γὰρ
1244 2504 1309 2557 ἀν
1354 2504 1619 2575 ἔκαμψεν,
1656 2506 1704 2557 εί

148 2597 207 2669 μὴ
231 2599 313 2650 τὸν
340 2598 432 2651 ἐπὶ
456 2595 713 2667 σωτηρία
739 2594 1040 2665 κρατοῦντα
1068 2595 1284 2657 πάντως
1313 2595 1601 2663 ἐγίνωσκε.
1632 2598 1705 2649 T6

143 2689 189 2741 δέ
219 2688 381 2756 λέγειν
419 2690 492 2758 τῇ
528 2685 826 2755 ἀγαθότητι
863 2683 954 2736 τοῦ
999 2684 1212 2753 Πατρὸς
1252 2684 1342 2737 τὸν
1386 2685 1708 2754 Υίὸνγεγεν-

147 2786 344 2845 irim.
374 2782 541 2836 οὐδὲν
584 2777 712 2831 ἀλλο
760 2776 909 2830 ἐστὶν
950 2776 983 2847 ἦ
1025 2777 1104 2839 είς
1141 2777 1201 2829 τὸ
1248 2776 1507 2846 ὁμότιμον
1545 2774 1705 2827 αὐτὸν

147 2867 451 2936 καταστῆσαι
482 2869 602 2931 τοῖς
646 2868 893 2937 ἐσχάτοις
921 2867 1021 2938 τῆς
1059 2868 1307 2929 κτίσεως.
1340 2866 1405 2919 Τί
1448 2865 1553 2936 γάρ
1588 2865 1707 2936 οὐχὶ

144 2957 498 3028 τῇάγαθότητι
525 2958 619 3012 τοῦ
648 2958 1004 3029 πεποιηκότος
1030 2954 1192 3029 ἦλθεν
1223 2959 1301 3021 είς
1322 2956 1565 3025 γένεσιν;
1590 2956 1707 3009 Τίνι

145 3046 387 3119 λογίζεται
416 3052 449 3121 ἡ
483 3050 588 3121 τῆς
617 3050 963 3121 ἀνθρωπίνης
1001 3049 1215 3119 φύσεως
1244 3049 1578 3121 κατασκευὴ,
1616 3067 1709 3103 πο-

147 3142 302 3215 νηρίᾳ,
342 3142 376 3211 ἢ
409 3141 713 3211 ἀγαθότητι
753 3140 846 3194 τοῦ
890 3142 1249 3213 ποιήσαντοςς
1293 3140 1410 3196 Τίνι
1447 3142 1502 3195 δὲ
1530 3144 1564 3213 ἠ
1599 3141 1705 3194 τῶν

149 3231 279 3295 ζώων
320 3234 576 3304 γένεσις,
611 3232 778 3303 ἡτῶν
834 3233 1016 3301 φυτῶν
1063 3251 1121 3287 τε
1167 3235 1260 3287 καὶ
1310 3234 1707 3305 βλαστημάτων

151 3324 314 3396 φύσιςς
338 3328 498 3381 οὐδέν
530 3328 677 3380 ἐστιν
702 3327 731 3380 ὂ
766 3327 840 3398 μὴ
869 3330 934 3397 τῇ
966 3326 1259 3395 ἀγαθότητι
1296 3327 1390 3381 τοῦ
1422 3328 1711 3399 πεποιηκό-

150 3434 221 3479 τος
241 3418 355 3489 ἐσχε
389 3419 497 3491 τὴν
528 3418 759 3487 γένεσιν.
796 3420 972 3490 Ὅπερ
1003 3413 1096 3471 οὖν
1129 3418 1221 3471 ἐπὶ¹
1250 3420 1467 3473 πάντων
1493 3422 1521 3473 6
1552 3419 1709 3487 λόγος

150 3509 248 3578 ὁρᾷ,
283 3508 433 3562 τοῦτο
478 3511 512 3562 6
560 3508 819 3579 Εὐνόμιος
864 3507 942 3579 τῷ
993 3507 1107 3578 Υίῷ
1150 3508 1258 3561 ἀπὸ
1305 3508 1709 3579 φιλανθρωπίας

153 3595 398 3666 χαρίζεται
426 3615 440 3629 ο
488 3597 553 3650 τὸ
582 3598 637 3651 δὲ
680 3598 754 3667 μὴ
802 3596 1131 3668 μερίσασθαι
1175 3595 1313 3666 πρὸς
1352 3596 1444 3649 τὸν
1490 3597 1708 3669 Πατέρα

153 3689 231 3754 τὴν
254 3690 429 3741 οὐσίαν
462 3689 501 3759 ἦ
530 3688 627 3758 τὴν
670 3688 824 3752 ἀξίαν
846 3730 859 3750 ,
890 3688 922 3758 ἢ
958 3689 1055 3741 ὅσα
1082 3687 1304 3741 τοιαῦτα
1336 3688 1593 3758 φλυαρῶν
1631 3690 1710 3742 δι-

155 3776 417 3849 εξέρχεται,
449 3780 556 3851 ἤδη
599 3782 655 3832 ἐν
684 3780 795 3842 τοῖς
821 3780 947 3851 περὶ
976 3779 1066 3832 τοῦ
1104 3779 1313 3851 Πατρὸς
1354 3780 1532 3847 λόγοις
1574 3798 1708 3852 προ-

157 3866 472 3938 εξεληλεκται
497 3886 512 3899 ·
559 3868 634 3932 ὡς
682 3869 859 3938 μάτην
900 3868 1066 3922 αὐτοῦ
1109 3868 1282 3923 ταῦτα
1322 3870 1416 3923 καλ⁸
1446 3870 1566 3940 δίχα
1603 3871 1712 3924 δια-

157 3956 277 4021 νοίας
318 3959 746 4031 προσρίψαντος.
790 3960 923 4013 Οὐδὲ
970 3962 1078 4031 γὰρ
1117 3962 1249 4031 ἡμῖν
1292 3963 1406 4021 τοῖς
1438 3961 1496 4027 ἐξ
1548 3961 1709 4033 ἀλλή-

157 4044 242 4100 λων
268 4051 625 4123 τικτομένοις,
659 4051 846 4114 οὐσίας
880 4051 1141 4123 διαίρεσις
1180 4051 1421 4119 γίνεται·
1452 4051 1573 4115 ὅλος
1601 4054 1708 4125 γὰρ

158 4138 204 4190 ἐν
228 4141 427 4215 ἑκάστῳ
469 4143 624 4214 μένει
652 4146 750 4214 τῆς
778 4143 963 4206 οὐσίας
998 4144 1027 4196 6
1056 4143 1231 4212 λόγος,
1260 4143 1318 4195 ἐν
1341 4142 1421 4215 τῷ
1452 4160 1711 4217 γεγεννη-

161 4230 281 4303 μένῳ
302 4235 391 4289 καὶ
420 4234 507 4305 τῷ
530 4235 875 4305 γεννήσαντι,
909 4232 1033 4287 οὐτε
1069 4235 1126 4289 ἐν
1151 4233 1228 4305 τῷ
1262 4235 1520 4304 γεννῶντι
1548 4235 1711 4308 μείω-

158 4338 243 4387 σιν,
273 4324 389 4379 οὗτε
413 4328 478 4380 ὲν
508 4325 589 4396 τῷ
630 4326 1007 4395 γεγεννημένῳ
1036 4324 1261 4396 αὖξησιν
1292 4325 1387 4379 τοῦ
1426 4326 1585 4395 λόγου
1614 4327 1709 4398 τῆς

159 4418 315 4483 οὐσίας
336 4420 731 4491 λαμϐάνοντος.
766 4420 823 4473 '0
846 4420 902 4472 δὲ
934 4418 1033 4488 τῆς
1062 4418 1217 4483 ἀξίας
1240 4419 1272 4490 ἢ
1300 4419 1401 4489 τῆς
1432 4419 1708 4489 βασιλείας

1798 588 1957 645 Pater
1983 590 2184 646 habet?
2206 591 2288 643 An
2313 591 2645 661 ignoramus,
2678 606 2741 644 ex
2777 590 2864 646 his
2891 606 3011 659 qua:
3042 588 3188 644 dicta
3218 596 3370 652 sunt,

1797 698 1919 737 eum
1951 698 2073 738 esse
2106 682 2198 753 qui
2248 698 2414 752 super
2467 683 2646 736 omnia
2681 681 2821 736 Deus
2874 690 2958 736 est
3016 696 3045 734 a
3085 680 3254 734 Paulo
3290 680 3373 733 sic

1797 771 2132 837 nominatus,
2160 770 2425 826 Dominus
2464 779 2650 827 noster
2679 771 2839 825 Jesus
2896 770 3150 829 Christus
3168 771 3239 834 ⁶¹,
3276 770 3372 839 qui

1799 868 1980 920 omnia
2017 869 2068 920 in
2112 883 2275 921 manu
2306 884 2425 937 qua:
2459 877 2587 922 sunt
2616 867 2794 922 Patris
2823 867 3005 927 habet,
3062 866 3205 920 sicut
3259 867 3377 933 ipse

1799 956 1971 1010 dicit:
2014 956 2198 1011 omnia
2229 956 2446 1026 quidem
2477 956 2814 1026 amplissima
2862 970 2960 1010 sua
2994 954 3175 1024 palma
3226 968 3378 1007 com-

1800 1044 1991 1113 plexus
2017 1052 2121 1109 est,
2157 1053 2210 1099 et
2238 1047 2632 1117 comprehensa
2663 1047 2905 1101 continet
2966 1046 3260 1113 imperans,
3324 1053 3379 1095 et

1800 1135 1979 1189 nullus
2013 1134 2079 1189 de
2110 1151 2270 1189 manu
2303 1136 2486 1190 omnia
2513 1136 2846 1191 continentis
2896 1130 3068 1191 tollit?
3093 1136 3149 1189 Si
3202 1137 3371 1206 igitur

1798 1226 1984 1279 omnia
2040 1227 2221 1291 habet,
2261 1227 2307 1281 si
2336 1228 2578 1283 continet
2611 1236 2663 1283 et
2715 1228 2981 1298 gubernat
3015 1244 3135 1297 quae
3190 1228 3372 1295 habet,

1799 1316 1928 1387 quid
1962 1316 2109 1371 aliud
2133 1333 2361 1387 prorsus
2388 1318 2504 1388 ipse
2526 1327 2607 1373 est
2627 1333 2791 1388 quam
2814 1322 3204 1393 παντοκράτωρ
3238 1335 3375 1375 cun-

1799 1410 2069 1463 ctitenens
2106 1410 2353 1463 omnium
2386 1408 2680 1475 Dominus,
2722 1412 2813 1481 qui
2856 1421 3000 1467 tenet
3039 1415 3221 1468 omnia
3275 1429 3374 1483 po-

1800 1507 1975 1553 tenter
2014 1506 2069 1554 et
2120 1500 2205 1555 his
2265 1501 2623 1556 dominatur?
2679 1499 2831 1566 Quod
2873 1504 2915 1556 si
2958 1503 3177 1559 haeresis
3229 1503 3377 1557 dicat

1798 1591 1943 1661 quod
1976 1590 2138 1645 Pater
2172 1590 2370 1646 Filium
2413 1601 2467 1648 et
2506 1592 2769 1663 Spiritum
2817 1596 3079 1660 continet,
3137 1595 3371 1665 primum

1799 1683 2176 1738 demonstrent
2208 1680 2405 1737 Filium
2436 1692 2489 1739 et
2521 1685 2782 1755 Spiritum
2813 1693 3060 1741 sanctum
3106 1702 3226 1742 esse
3252 1704 3373 1740 mu-

1799 1773 1984 1827 tabilis
2014 1778 2244 1838 naturaa,
2277 1788 2341 1828 ac
2371 1783 2500 1829 tunc
2531 1775 2580 1830 ei
2610 1777 2701 1846 qui
2757 1778 2988 1831 vertitur
3020 1793 3084 1832 ac
3133 1786 3375 1831 mutatur

1803 1868 1953 1922 illum
1984 1866 2075 1936 qui
2113 1868 2393 1922 contineat
2445 1869 2764 1938 praeﬁciam,
2823 1878 2879 1923 ut
2944 1886 3179 1940 superne
3217 1870 3376 1925 inna-

1802 1965 1988 2010 scente
2018 1956 2222 2010 auxilio
2250 1966 2468 2011 maneat
2503 1958 2556 2011 id
2598 1960 2741 2028 quod
2800 1960 3113 2013 enutiuetur
3165 1960 3230 2013 ad
3262 1977 3375 2014 ma-

1803 2047 1913 2101 lum
1944 2048 2407 2104 incommutabile.
2434 2050 2591 2116 Quod
2616 2053 2660 2107 si
2691 2053 2806 2106 vitii
2832 2060 2912 2106 est
2937 2053 3161 2122 incapax
3190 2054 3375 2107 divina

1802 2147 2019 2202 natura,
2053 2138 2396 2205 invertibilis,
2446 2141 2823 2203 immutabilis,
2861 2158 2958 2197 nec
3013 2142 3270 2197 deﬁciens
3321 2142 3375 2193 in

1802 2230 2294 2285 consummationis
2322 2232 2492 2295 exitu,
2540 2248 2862 2303 semperque
2886 2233 3075 2288 eodem
3126 2233 3287 2287 modo
3316 2249 3376 2287 se

1803 2322 1988 2386 habet,
2018 2320 2085 2375 ad
2119 2321 2251 2392 quid
2277 2337 2343 2378 eo
2368 2323 2459 2393 qui
2487 2325 2761 2379 contineat
2786 2326 3091 2396 indigebit?
3119 2325 3248 2393 Quae
3282 2340 3380 2394 per

1803 2413 2035 2481 seipsam
2063 2426 2277 2467 omnem
2306 2415 2547 2470 continet
2570 2424 2899 2480 creaturam,
2928 2418 3241 2472 continente
3272 2417 3380 2471 alio

1804 2519 1911 2558 non
1948 2504 2175 2574 indiget,
2212 2506 2341 2575 quia
2371 2506 2442 2561 sit
2478 2506 2795 2561 mutationis
2828 2518 2882 2561 et
2907 2507 3235 2563 inversionis
3284 2524 3379 2561 ex-

1805 2612 1951 2666 pers.
1994 2596 2291 2666 Propterea
2326 2598 2380 2651 in
2416 2599 2635 2652 nomine
2661 2596 2788 2653 Jesu
2818 2613 2978 2654 omne
3022 2615 3161 2670 genu
3192 2614 3249 2653 se
3280 2598 3377 2653 ilc-

1804 2689 1902 2741 ctit
1940 2688 2445 2758 supercmlestium,
2479 2690 2822 2745 terrestrium
2873 2698 2927 2744 et
2994 2690 3381 2746 subterraneo-

1804 2796 1926 2835 rum
1947 2781 2017 2834 θ’.
2059 2777 2177 2833 Non
2206 2786 2386 2836 autem
2423 2796 2482 2836 se
2512 2779 2773 2845 ﬂecteret,
2822 2782 2925 2837 nisi
2979 2781 3381 2852 praedominan-

1807 2876 1914 2922 tem
1939 2875 1992 2924 et
2021 2870 2392 2926 continentem
2426 2886 2523 2942 pro
2546 2887 2733 2927 eorum
2756 2874 2937 2928 salute
2967 2874 3184 2943 penitus
3210 2890 3380 2946 agno-

1806 2966 2003 3014 sceret.
2035 2962 2106 3014 At
2136 2976 2265 3016 vero
2296 2961 2477 3017 dicere
2506 2960 2683 3017 Patris
2714 2963 2955 3017 bonitate
2984 2962 3180 3019 Filium
3217 2981 3381 3037 gene-

1806 3060 1985 3107 ratum
2008 3068 2152 3115 esse,
2176 3054 2314 3109 nihil
2345 3054 2491 3108 aliud
2515 3063 2620 3117 est,
2652 3070 2811 3123 quam
2840 3055 3017 3128 ipsum
3049 3058 3382 3114 constituere

1807 3153 1861 3200 et
1899 3145 2144 3214 redigere
2187 3146 2253 3200 ad
2285 3148 2625 3202 consimilem
2683 3148 2943 3205 honorem
3000 3165 3121 3204 cum
3176 3149 3381 3206 inﬁmis

1808 3237 2098 3292 creaturis.
2126 3237 2267 3304 Quid
2300 3238 2445 3293 enim
2478 3255 2590 3294 non
2613 3241 2734 3309 ejus
2756 3241 2847 3312 qui
2882 3240 3007 3297 fecit
3040 3242 3281 3297 bonitate
3312 3243 3380 3296 ad

1807 3329 2214 3399 generationem
2276 3331 2567 3400 pervenit?
2619 3333 2709 3387 cui
2775 3334 3074 3404 imputatur
3131 3334 3383 3390 humanae

1808 3428 2019 3474 naturae
2066 3421 2433 3485 constructio,
2491 3422 2823 3492 improbitati
2865 3439 2933 3478 an
2976 3424 3205 3479 bonitati
3263 3426 3383 3496 ejus

1809 3511 1903 3581 qui
1933 3510 2103 3568 fecit?
2131 3513 2220 3568 cui
2257 3514 2571 3568 animalium
2602 3516 2926 3585 generatio?
2983 3518 3291 3586 plantarum
3329 3528 3385 3572 et

1809 3602 2115 3672 germinum
2179 3604 2421 3657 natura?
2475 3600 2621 3657 Nihil
2670 3610 2754 3657 est
2813 3602 2957 3673 quod
3019 3618 3130 3657 non
3186 3603 3384 3659 habeat

1810 3709 1970 3749 suum
2000 3702 2179 3747 ortum
2205 3709 2271 3747 ex
2308 3693 2548 3748 bonitate
2577 3693 2696 3762 ejus
2718 3694 2809 3763 qui
2847 3692 2995 3749 fecit.
3036 3695 3189 3761 Quod
3220 3696 3386 3766 igitur

1809 3780 1864 3835 in
1892 3780 2146 3835 omnibus
2177 3782 2318 3836 ratio
2344 3781 2630 3851 perspicit,
2668 3781 2720 3835 id
2752 3781 3049 3839 Eunomius
3100 3799 3164 3837 ex
3222 3784 3383 3839 bene-

1808 3871 2043 3926 volentia
2079 3868 2219 3925 Filio
2256 3870 2623 3941 gratiﬁcatur.
2654 3870 2811 3935 Quod
2842 3879 3022 3926 autem
3062 3870 3233 3925 Filius
3268 3864 3375 3925 non

1809 3976 1933 4016 cum
1966 3960 2125 4016 Patre
2147 3962 2443 4017 essentiam
2470 3962 2555 4018 vel
2596 3962 2933 4031 majestatem
2967 3964 3273 4033 participet,
3329 3970 3385 4017 et

1810 4069 2152 4124 quzecunque
2182 4054 2313 4107 talia
2353 4054 2609 4123 nugando
2643 4061 2696 4109 et
2731 4054 3049 4109 blaterando
3106 4056 3386 4125 persequi-

1810 4153 1900 4198 tur
1927 4144 2253 4206 Eunomius,
2279 4144 2393 4213 jam
2424 4144 2480 4198 in
2518 4143 2866 4200 sermonibus
2892 4145 2958 4199 de
3010 4142 3169 4197 Patre
3197 4158 3383 4212 repre-

1810 4237 1980 4292 hensa
2018 4244 2147 4291 sunt
2176 4244 2229 4292 et
2255 4236 2507 4300 refutata,
2542 4244 2601 4289 ut
2635 4236 2725 4307 qui
2767 4236 2881 4291 haec
2913 4235 3113 4290 frustra
3160 4246 3214 4291 et
3258 4236 3385 4291 abs-

1810 4344 1913 4397 que
1944 4329 2057 4383 ulla
2089 4328 2445 4398 intelligentia
2481 4328 2789 4397 proiecerit.
2823 4326 3008 4398 Neque
3037 4328 3181 4383 enim
3227 4327 3384 4383 nobis

1809 4420 1936 4476 licet
1966 4436 2034 4475 ex
2062 4428 2254 4475 mutuo
2289 4429 2413 4487 satu
2445 4419 2800 4475 nascentibus
2838 4420 3089 4475 essentiae
3140 4420 3195 4474 iit
3248 4421 3387 4474 divi-

165 4513 396 4583 μερισμδς
427 4516 525 4569 ἐπὶ
560 4513 655 4567 τοῦ
697 4514 874 4568 πάντα
902 4514 1115 4585 ἔχοντος
1140 4514 1209 4568 τά
1229 4514 1322 4568 τοῦ
1356 4516 1587 4586 Πατρὸς,
1619 4516 1704 4569 οὐ·

1812 4513 1894 4567 sio
1917 4555 1931 4575 ,
1965 4519 2077 4567 tota
2102 4512 2247 4566 enim
2281 4512 2336 4565 in
2366 4525 2697 4581 unoquoque
2729 4512 2981 4565 essentia:
3009 4522 3191 4565 manet
3224 4513 3384 4577 ratio,

162 4599 344 4669 δεμίαν⁶
362 4605 628 4671 διάνοιαν,
648 4602 785 4675 πλὴν
804 4600 897 4656 τοῦ
915 4602 1134 4673 ἔλεγχον
1156 4598 1293 4656 εἶναι
1312 4603 1411 4673 τῆς
1433 4604 1703 4667 ἀσεϐείας.

163 4691 337 4745 οὐκοῦν
374 4693 631 4765 περιττὸν
667 4692 734 4747 ἂν
766 4692 850 4763 εἴη
887 4695 1001 4757 τοῖς
1035 4694 1295 4757 τοιούτοις
1330 4696 1707 4767 συμπλεκόμεο

166 4799 234 4836 νον
256 4787 325 4849 είς
349 4786 621 4858 ἀμετρίαν
646 4785 948 4839 ἀποτείνειν
970 4785 1060 4839 τὸν
1084 4786 1260 4854 λόγον.

1812 4610 1866 4657 et
1898 4603 1953 4656 in
1987 4604 2171 4673 genito
2198 4609 2252 4658 et
2280 4603 2555 4673 gignente,
2584 4618 2761 4672 neque
2801 4603 2853 4656 in
2882 4610 3177 4673 generante
3209 4603 3388 4656 immi—

1812 4694 2120 4757 nutionem,
2169 4708 2347 4763 neque
2377 4693 2429 4746 in
2465 4695 2649 4763 genito
2683 4696 3079 4748 incrementum
3136 4691 3388 4747 essentia:

1815 4784 1957 4839 ratio
2008 4782 2222 4853 recipit.
2261 4783 2556 4853 Dignitatis
2598 4791 2777 4839 autem
2813 4786 2900 4839 vel
2951 4783 3105 4853 regni
3165 4782 3387 4852 partitio

167 4876 287 4934 ineo
311 4884 397 4950 qui
427 4881 618 4935 omnia
655 4895 776 4951 qua
800 4890 928 4935 sunt
957 4879 1139 4935 Patris
1171 4882 1331 4935 habet
1374 4882 1579 4934 nullam
1613 4879 2035 4950 intelligentiam
2108 4878 2291 4940 habet,
2362 4878 2456 4933 sed
2528 4878 2822 4949 impietatis
2864 4888 3047 4933 notam
3113 4886 3166 4932 et
3226 4891 3387 4945 argu-

168 4978 394 5025 mentum.
428 4971 777 5040 Superlluum
808 4970 974 5041 igitur
1012 4971 1177 5026 fuerit
1201 4972 1403 5027 talibus
1459 4972 1845 5041 complicatum
1881 4972 1936 5023 in
1978 4970 2304 5024 immensum
2339 4970 2659 5039 protrahere
2698 4984 3029 5023 sermonem.

224 5060 349 5130 Πρὸς
379 5063 437 5116 δὲ
479 5062 548 5115 τά
586 5062 783 5133 ἐφεξῆς
817 5062 1027 5126 τούτοις
1063 5062 1428 5133 μετέλθωμεν.
1460 5062 1700 5127 Δεδοξα-

169 5149 361 5215 ιιιμέινον⁸
384 5191 399 5214 ,
442 5153 579 5221 φησὶ
605 5194 619 5216 ,
662 5152 821 5221 παρὰ
869 5151 976 5206 τοῦ
1012 5155 1240 5221 Πατρός
1287 5154 1402 5221 πρὸ
1457 5155 1702 5209 αἰώνων.

178 5239 545 5297 ’Δποδέδεικται
584 5244 683 5313 τῆς
724 5243 984 5314 ἀληθείας
1020 5246 1049 5297 6
1085 5245 1275 5313 λόγος,
1325 5248 1388 5316 τῇ
1434 5246 1708 5317 μαρτυρίᾳ

173 5327 256 5379 τῶν
280 5332 480 5403 ἐχθρῶν
508 5334 927 5403 κρατυνάμενος.
959 5335 1127 5387 Τοῦτο
1162 5335 1269 5407 γὰρ
1308 5337 1409 5406 τῆς
1437 5335 1709 5407 ἡμετέρας

173 5421 374 5486 πίστεώς
397 5426 511 5477 ἐστι
543 5424 605 5477 τὸ
634 5425 946 5492 κεφάλαιον,
977 5426 1059 5479 ὅτι
1094 5426 1240 5497 παρά
1265 5426 1357 5479 τοῦ
1388 5427 1603 5497 Πατρὸς
1652 5426 1711 5490 ἐξ

174 5509 315 5566 ἀϊδίου
336 5514 614 5581 δοξάζεται
645 5518 674 5570 6
706 5517 853 5581 Υἱός.
882 5517 956 5570 T6
976 5517 1082 5590 γὰρ
1114 5517 1218 5589 πρὸ
1246 5517 1337 5570 τοῦ
1363 5518 1554 5581 αἰῶνος
1582 5518 1711 5570 ταύ-

174 5601 223 5652 τό
263 5605 367 5658 ἐστι
396 5607 470 5678 τῷ
511 5608 669 5681 ἀϊδίῳ
696 5609 839 5664 κατά
871 5610 971 5681 τὴν
996 5609 1198 5664 ἔννοιαν
1222 5651 1235 5675 ,
1274 5609 1415 5663 οὕτω
1442 5611 1542 5682 τῆς
1576 5628 1711 5682 προ-

239 5779 278 5811 ⁶⁸
310 5779 423 5837 Act.
464 5800 599 5847 xm.
639 5784 730 5841 28.

806 5787 850 5819 “
884 5784 1117 5856 Philipp.
1148 5800 1206 5849 ιι,
1248 5786 1332 5842 Η.
1409 5786 1455 5820 ⁸³
1484 5785 1615 5840 ibid.
1666 5783 1742 5840 l0.

1882 5062 1967 5116 Ad
2013 5076 2076 5116 ea
2128 5077 2249 5131 quae
2294 5072 2599 5128 sequuntur
2632 5076 2944 5131 pergamus.
2983 5057 3385 5128 Cleri/iculum.

1813 5152 2035 5222 inquit,
2074 5170 2106 5205 a
2154 5151 2316 5205 Patre
2351 5166 2471 5205 ante
2523 5153 2738 5207 saecula.
2777 5150 3037 5207 Veritatis
3078 5166 3385 5206 sermonem

1811 5245 2164 5299 inimicorum
2219 5244 2531 5298 testimonio
2586 5242 2901 5297 conﬁrmari
2955 5242 3386 5296 demonstratum

1814 5347 1917 5393 est.
1950 5336 2071 5391 Hoc
2105 5337 2249 5392 enim
2288 5336 2410 5391 ﬁdei
2446 5344 2645 5391 nostra:
2674 5344 2963 5405 caputest,
2996 5334 3140 5403 quod
3167 5347 3196 5385 a
3234 5333 3391 5386 Patre

1814 5445 1881 5485 cx
1910 5430 2063 5484 omni
2085 5429 2385 5483 aeternitate
2410 5426 2578 5483 Filius
2606 5426 2960 5496 glorificatur.
2993 5424 3125 5479 Nam
3145 5431 3268 5479 ante
3290 5440 3390 5479 saa-

1818 5522 2029 5586 culum,
2064 5521 2207 5576 idem
2239 5527 2325 5576 est
2356 5519 2499 5589 quod
2533 5519 2603 5573 ab
2641 5526 2845 5574 azteruo
2888 5518 3188 5573 secundum
3244 5515 3390 5571 noti-

1822 5614 1987 5679 tiam,
2015 5613 2096 5671 sic
2134 5611 2419 5685 prophetia
2466 5609 2625 5666 nobis
2659 5610 3052 5680 interpretante
3097 5612 3242 5680 quod
3297 5606 3392 5662 Dei
