3922 6464
521 408 623 465 5ὶ7

1743 407 1799 462 S.
1834 401 2160 462 GREGOR"
2183 400 2479 458 NYSSENI
3641 385 3732 442 5‘2?

522 539 785 585 aeternum
820 539 925 591 051,
957 529 1008 581 in
1051 527 1248 596 quibus
1281 528 1353 582 ait
1385 543 1396 578 :
1429 529 1531 593 Qui
1575 537 1647 581 cst
1700 537 1819 580 ante
1869 525 2087 580 sazcula.

2213 521 2420 592 ρητείας
2448 516 2852 590 ἐρμηνέυούσης
2896 515 3029 586 ἡμῖν
3058 509 3150 565 τοῦ
3197 506 3330 562 Θεοῦ
3361 507 3423 561 τὸ
3466 504 3650 596 ἀΐδιον,
3684 507 3734 558 ὲν

526 621 693 691 lgitur
725 620 770 675 si
807 632 929 676 esse
960 626 1085 673 ante
1117 620 1317 674 saecula
1357 626 1508 672 extra
1550 632 1711 672 omne
1766 616 2093 686 principium

525 721 653 770 est:
709 711 801 767 ille
837 712 931 782 qui
981 718 1106 766 ante
1162 711 1360 766 saecula
1410 709 1548 765 F-ilio
1592 708 1781 763 tribuit
1831 704 2092 778 gloriam,

529 805 700 860 multo
721 803 873 874 prius
904 803 1004 872 ipsi
1033 803 1419 872 sempiternam
1445 817 1544 858 suo
1571 800 1880 856 testimonio
1901 799 2097 854 asserit

529 898 946 962 exsistenliam;
998 911 1104 950 non
1130 895 1272 949 enim
1308 894 1362 948 id
1400 894 1545 964 quod
1591 908 1696 946 non
1743 899 1826 948 est
1849 931 1863 954 ,
1913 891 2008 946 sed
2043 889 2097 944 id

533 993 679 1062 quod
715 999 798 1047 est
837 1005 1065 1061 prorsus
1112 988 1470 1058 gloriﬁcatur.
1521 985 1719 1041 Postea
1764 1000 1894 1040 vero
1947 985 2099 1040 blas-

533 1085 761 1154 phemiae
793 1089 983 1138 contra
1017 1081 1282 1151 Spiritum
1314 1086 1564 1143 sanctum
1597 1077 1699 1132 sibi
1747 1075 1848 1146 ipsi
1891 1074 2098 1131 semina

535 1175 776 1245 spargit;
810 1188 921 1227 non
951 1181 1011 1227 ut
1050 1170 1246 1224 Filium
1279 1168 1579 1240 gloriﬁcet,
1617 1166 1712 1222 sed
1750 1177 1808 1221 ut
1840 1166 1893 1220 in
1927 1163 2105 1244 Spiri-Z

536 1277 650 1322 tum
685 1274 935 1321 sanctum
983 1264 1313 1320 temulentus
1359 1259 1746 1326 debacchetur.
1794 1256 1928 1311 Nam
1971 1257 2100 1311 dum

536 1359 650 1411 vult
682 1356 946 1426 Spiritum
988 1362 1236 1411 sanctum
1265 1360 1471 1422 partem
1501 1364 1624 1407 esse
1654 1347 1910 1419 angelica:
1952 1356 2102 1416 pote-

543 1451 722 1512 statis,
759 1449 862 1502 hoc
900 1446 1142 1517 profudit
1177 1463 1188 1499 :
1220 1460 1345 1499 cum
1383 1443 1540 1507 dixit,
1569 1440 1914 1508 Glori/icatur
1943 1455 1973 1490 a
1997 1437 2104 1506 spi-

537 1546 643 1597 ritu
670 1558 760 1612 per
785 1541 1038 1596 sarculum
1082 1547 1131 1592 et
1160 1537 1224 1590 ab
1262 1536 1405 1591 omni
1443 1532 1696 1586 rationali
1731 1541 1780 1584 et
1817 1529 2104 1600 generabili

535 1634 781 1688 essentia.
815 1631 893 1684 Ac
927 1629 973 1684 si
1018 1629 1167 1682 nulla
1202 1625 1423 1681 omnino
1460 1631 1603 1677 esset
1653 1621 1795 1675 inter
1838 1619 2100 1687 Spiritum

538 1733 808 1789 sanctum,
840 1729 894 1776 et
916 1719 1178 1790 quidquid
1204 1717 1442 1789 gignitur
1473 1712 1801 1775 differentia,
1833 1709 2099 1779 siquidem

537 1815 619 1868 sic
660 1813 948 1867 Dominum
985 1809 1223 1880 Spiritus
1267 1815 1492 1861 sanctus
1527 1803 1816 1874 gloriﬁcat.
1852 1801 2005 1855 Sicut
2050 1808 2102 1854 et

539 1906 646 1958 alia
683 1904 865 1958 omnia
901 1902 968 1957 de
999 1902 1200 1972 quibus
1225 1899 1494 1968 Propheta
1525 1903 1782 1955 enarrat,
1826 1893 2003 1963 angeli
2049 1899 2103 1946 et

539 2002 860 2064 potestates,
893 2002 947 2048 et
970 1991 1230 2047 caelorum
1260 1988 1381 2043 ρωιί
1413 1995 1468 2041 et
1497 2002 1616 2057 qua:
1646 2001 1808 2054 supra
1841 1982 2102 2037 mundum

539 2094 623 2140 est
660 2100 820 2156 aqua.
863 2082 929 2136 Et
969 2098 1090 2154 quae
1127 2089 1254 2136 sunt
1289 2095 1354 2134 ex
1380 2087 1526 2134 terra
1554 2077 1734 2132 omnia
1758 2116 1772 2140 ,
1804 2075 2102 2140 dracones,

541 2177 758 2248 abyssi,
806 2175 946 2247 ignis
967 2213 982 2238 ,
1028 2172 1237 2244 grando
1260 2214 1272 2237 ,
1302 2171 1396 2225 nix
1418 2211 1430 2234 ,
1465 2169 1688 2242 glacies,
1720 2168 1947 2238 spiritus
1976 2181 2104 2237 pro-

542 2266 714 2330 cellae,
751 2271 966 2318 montes
993 2270 1046 2316 et
1083 2275 1271 2316 omnes
1301 2260 1504 2320 colles,
1541 2258 1684 2328 ligna
1727 2255 2007 2310 fructifera
2053 2262 2107 2308 et

543 2371 734 2411 omnes
764 2353 933 2421 cedri,
963 2353 1172 2414 bestiae.
1205 2351 1481 2421 iumenta,
1511 2349 1720 2419 reptilia
1769 2357 1823 2403 et
1867 2346 2106 2401 volucria

546 2455 777 2517 pennata
805 2446 871 2499 ⁸³.
905 2443 960 2499 Si
987 2445 1151 2515 igitur
1177 2458 1300 2496 cum
1347 2442 1433 2497 his
1463 2441 1597 2496 dicit
1634 2440 1796 2495 etiam
1842 2436 2105 2506 Spiritum

545 2545 795 2592 sanctum
817 2535 1115 2606 gloriﬁcare
1137 2531 1357 2596 Filium,
1383 2546 1551 2584 unum
1585 2529 1778 2583 horum
1806 2542 1928 2582 esse
1950 2541 2108 2595 pror-

547 2644 644 2684 sus
672 2638 727 2682 et
767 2628 909 2683 idem
943 2626 1109 2697 impia
1143 2624 1251 2678 Deo
1290 2623 1507 2678 rebellis
1539 2622 1722 2692 lingua
1767 2619 2106 2691 pronuntiat.

618 2891 750 2958 Quae
804 2899 1106 2962 sequuntur
1165 2890 1424 2958 deinceps
1476 2891 1619 2944 male
1671 2887 1998 2943 cohaerentia
2057 2897 2112 2944 et

549 2991 804 3036 contexta
833 2982 957 3036 dico
984 2981 1243 3050 praeclare
1277 2995 1335 3035 se
1360 2979 1564 3034 habere
1600 2979 1646 3034 si
1694 2981 2113 3048 praetermittan-

551 3084 659 3127 tur.
694 3069 811 3126 Non
842 3071 985 3140 quod
1017 3071 1127 3126 sint
1173 3069 1374 3126 invicta
1426 3078 1588 3138 atque
1636 3069 2072 3141 inexpugnabilia
2095 3112 2110 3138 ,

2195 591 2276 675 οἷς
2305 628 2465 682 φησιν
2483 652 2497 677 ,
2550 609 2612 661 '0
2631 606 2918 675 ὑπάρχων
2941 603 3052 671 πρὸ
3075 601 3190 655 τῶν
3210 598 3455 653 αἰώνων.
3486 597 3546 648 Εἰ
3577 591 3660 648 οὖν
3676 596 3728 647 τὸ

2196 700 2462 772 ὑπάρχειν
2495 697 2601 769 πρὸ
2634 695 2742 750 τῶν
2772 694 3002 758 αἰώνων,
3036 691 3214 759 πάσης
3243 687 3417 760 ἀρχῆς
3459 688 3598 738 ἐστιν
3624 685 3738 772 ἐξώέ

2195 808 2384 863 τερον·
2428 793 2456 843 ὁ
2501 789 2597 860 τὴν
2632 785 2953 859 πρδαιώνιον
2985 781 3062 851 τῷ
3114 779 3228 850 Υίῷ
3275 776 3544 838 ἀνατιθεὶς
3583 765 3738 838 δόξαν,

2198 881 2331 934 πολὺ
2367 881 2627 952 πρότερον
2665 874 2814 946 αὑτῷ
2834 874 2934 942 τὴν
2962 871 3018 935 ἐξ
3045 870 3212 924 ἀϊδίου
3245 864 3739 938 προσεμαρτύρησεν

2201 972 2453 1044 ὓπαρξιν.
2490 972 2562 1024 Ού
2593 970 2702 1041 γὰρ
2733 968 2794 1020 τὸ
2825 965 2900 1037 μὴ
2929 963 2988 1017 ὃν
3005 1005 3021 1030 ,
3045 961 3180 1015 ἀλλὰ
3201 961 3262 1012 τὸ
3289 959 3349 1012 ὃν
3375 959 3586 1019 πάντως
3604 956 3740 1021 δόξα·

2200 1064 2370 1130 ζεται.
2398 1063 2552 1117 Μετὰ
2582 1059 2756 1115 ταῦτα
2782 1057 2872 1121 δὲ,
2904 1056 3004 1126 τῆς
3043 1052 3185 1107 κατὰ
3215 1050 3303 1105 τοῦ
3336 1050 3489 1118 ἁγίου
3518 1047 3742 1118 Πνεύμα-

2198 1173 2290 1219 τος
2345 1152 2689 1224 βλασφημίας
2733 1149 2908 1220 ἑαυτῷ
2956 1147 3026 1200 τά
3068 1146 3358 1217 σπέρματα
3409 1140 3739 1194 καταϐάλλειο

2199 1247 2298 1316 οὑχ
2329 1247 2416 1299 ἵνα
2447 1243 2536 1298 τὸν
2567 1243 2692 1296 Υἱὸν
2723 1241 2921 1312 δοξάσῃ
2945 1279 2960 1303 ,
3013 1237 3128 1291 ἀλλ’
3157 1235 3246 1289 ἵνα
3277 1233 3356 1304 τῷ
3385 1231 3648 1301 Πνεύματι
3675 1230 3744 1302 τῷ

2203 1341 2343 1410 ἁγίῳ
2371 1336 2768 1409 ὲμπαροινήσῃ.
2803 1332 3133 1403 Βουλόμενος
3161 1326 3270 1399 γὰρ
3325 1326 3490 1396 μέρος
3520 1323 3614 1394 τῆς
3655 1325 3742 1391 ἀγ-

2201 1429 2423 1500 γελικῆς
2477 1428 2758 1496 δυνάμεως
2809 1421 3088 1487 ἀποδεῖξαι
3120 1421 3180 1473 τὸ
3213 1417 3437 1489 Πνεῦμα
3484 1417 3542 1468 τὸ
3590 1416 3741 1483 ἅγιον,

2202 1521 2360 1575 τοῦτο
2387 1518 2752 1592 προσέρριψεν
2778 1557 2792 1581 ,
2826 1514 2996 1569 εἰπὼν
3016 1555 3030 1576 ,
3071 1515 3152 1567 ὅτι
3202 1510 3598 1578 Δοξαζόμενον
3643 1508 3742 1563 ὑπὸ

2202 1613 2308 1667 τοῦ
2349 1610 2688 1679 πνεύματος
2729 1607 2803 1661 δι’
2839 1606 3054 1672 αἰῶνος
3077 1644 3093 1670 ,
3127 1608 3224 1658 καὶ
3283 1600 3487 1665 πάσης
3521 1597 3746 1666 λογικῆς

2205 1702 2301 1757 καὶ
2334 1697 2628 1771 γεννητῆς
2665 1697 2911 1760 οὐσίας’
2958 1694 3035 1758 ὼς
3073 1693 3345 1763 μηδεμίαν
3404 1684 3538 1741 εἶναι
3578 1688 3743 1757 διαφο-

2208 1793 2306 1865 ρὰν
2333 1791 2411 1862 τῷ
2436 1789 2711 1860 Πνεύματι
2738 1785 2816 1858 τῷ
2846 1785 2985 1855 ἁγίῳ
3029 1784 3158 1855 πρὸς
3208 1785 3315 1836 πᾶν
3364 1781 3424 1833 τὸ
3471 1780 3744 1848 γινόμενον,

2134 1858 2175 1912 Β
2205 1885 2361 1956 εἴπερ
2393 1882 2532 1935 οὕτω
2555 1879 2764 1946 δοξάζει
2794 1878 2884 1931 τδν
2913 1878 3118 1949 Κύριον
3147 1875 3205 1928 τὸ
3238 1871 3463 1942 Πνεῦμα
3497 1872 3555 1923 τὸ
3593 1871 3743 1937 άγιον.

2215 1978 2302 2039 Ὡς
2331 1973 2510 2028 καὶτὰ
2539 1972 2674 2028 άλλα
2700 1970 2876 2023 πάντα
2897 1969 3024 2039 περὶ
3049 1960 3123 2020 ὧν
3149 1964 3483 2035 ὀΙΙροφήτης
3505 1960 3745 2023 διέξεισιν,

2205 2071 2254 2122 οἱ
2283 2067 2499 2136 ἄγγελοι
2530 2067 2621 2118 καὶ
2651 2065 2704 2116 αἱ
2725 2063 3000 2133 δυνάμεις,
3028 2061 3120 2114 καὶ
3142 2058 3250 2111 τῶν
3275 2054 3518 2127 οὐρανῶν
3542 2055 3586 2105 οἱ
3606 2051 3747 2120 ούρα-

2205 2162 2307 2227 νοὶ,
2338 2161 2427 2213 καὶ
2455 2159 2514 2211 τὸ
2542 2156 2907 2227 ὑπερκόσμιον
2933 2153 3095 2224 ὕδωρ.
3126 2151 3236 2205 Καὶ
3260 2148 3330 2201 τὰ
3358 2151 3420 2200 ὲκ
3445 2145 3545 2214 γῆς
3573 2145 3746 2198 πάντα.

2205 2253 2514 2324 δράκοντες,
2550 2248 2796 2311 ἄϐυσσοι,
2833 2245 2966 2317 πῦρ,
3001 2234 3405 2313 χάλαζα,χιὼν,
3427 2233 3746 2307 κρύσταλλος,

2209 2323 2425 2414 πνεῦμα
2476 2339 2818 2406 καταιγίδος,
2851 2336 2919 2389 τὰ
2970 2335 3068 2404 ὅρη
3128 2333 3220 2385 καὶ
3259 2330 3459 2394 πάντες
3489 2329 3536 2380 οἱ
3573 2323 3746 2414 βουνοί,

2211 2413 2696 2505 ξύλαίκαρποιρόρα
2759 2431 2854 2482 καὶ
2883 2428 3054 2480 πᾶσαι
3086 2423 3266 2494 κέδροι
3295 2464 3309 2484 ,
3354 2420 3423 2473 τὰ
3451 2417 3606 2489 θηρία
3669 2413 3749 2468 καὶ

2210 2528 2388 2580 πάντα
2419 2525 2488 2578 τὰ
2529 2527 2698 2596 κτήνη
2723 2563 2737 2585 ,
2773 2521 2976 2593 ἑρπετὰ
3006 2519 3102 2572 καὶ
3153 2515 3377 2570 πετεινὰ
3415 2509 3670 2582 πτερωτά.
3696 2507 3749 2560 Et

2210 2613 2302 2671 οῦν
2335 2616 2469 2688 μετὰ
2499 2615 2700 2668 τούτων
2745 2613 2890 2680 λέγει
2923 2609 3165 2676 δοξάζειν
3219 2607 3312 2658 τὸν
3364 2602 3560 2674 Κύριον
3587 2599 3671 2652 καὶ
3699 2595 3750 2650 τὸ

2211 2707 2434 2778 Πνεῦμα
2458 2705 2518 2760 τὸ
2545 2706 2697 2774 άγιον
2720 2743 2735 2768 ,
2765 2704 2822 2756 ἓν
2864 2702 3066 2768 τούτων
3093 2695 3230 2752 εἶναι
3262 2697 3477 2758 πάντως
3507 2693 3592 2748 καὶ
3617 2689 3747 2752 αὐτὸ,

2212 2802 2244 2870 ἡ
2278 2798 2539 2868 Θεομάχος
2572 2795 2926 2865 ἀποφαίνεται
2957 2791 3199 2862 γλῶσσα.

2284 2890 2363 2944 Τά
2411 2889 2466 2942 δὲ
2521 2887 2714 2958 ἐφεξῆς
2744 2884 2952 2949 τούτοις
2996 2881 3383 2954 άσυναρτὴτως
3415 2874 3753 2950 προσκείμενα

2212 2977 2513 3051 ὑπερϐῆναί
2546 2993 2687 3047 φημι
2709 2976 2818 3029 δεῖν
2851 2972 3030 3036 καλῶς
3071 2971 3247 3042 ἔχειν,
3290 2969 3390 3040 οὑχ
3413 2969 3486 3030 ὡς
3525 2964 3751 3034 ἀλήπτους

2213 3072 2420 3142 ἔχοντα,
2452 3067 2567 3122 ἀλλ’
2587 3066 2662 3130 ὡς
2684 3065 2955 3136 δυνάμενα
2986 3061 3080 3117 καὶ
3110 3060 3261 3132 παρὰ
3287 3059 3397 3112 τῶν
3421 3052 3752 3142 εύσεὸούντιον

551 3162 644 3218 sed
672 3161 816 3232 quod
843 3177 871 3214 a
910 3161 993 3230 pie
1024 3161 1387 3224 sentientibus
1415 3160 1523 3214 dici
1559 3159 1772 3229 possint
1793 3198 1808 3221 ,
1843 3160 2110 3229 siquidem

2213 3159 2497 3230 λέγεσθαι,
2527 3159 2680 3229 εἴπερ
2704 3153 3046 3225 διαζευχθείη
3083 3153 3181 3222 τῆς
3220 3149 3561 3221 κακοτρόπου
3597 3141 3750 3243 ἐμφά-

551 3259 736 3311 essent
778 3266 809 3304 a
857 3252 1090 3322 maligna
1134 3251 1506 3307 enuntiatione
1554 3251 1844 3320 disiuncta.
1897 3250 2029 3305 Nam
2067 3253 2114 3307 si

552 3341 681 3413 quid
714 3341 785 3396 ab
835 3343 954 3412 ipso
1004 3355 1194 3398 eorum
1244 3357 1364 3412 qua
1417 3342 1484 3396 ad
1538 3342 1791 3412 pietatem
1847 3343 2116 3411 pertinent

553 3433 894 3503 proponitur,
929 3433 982 3486 id
1013 3433 1120 3488 tale
1158 3446 1258 3502 pro
1290 3447 1415 3487 esca
1450 3442 1503 3486 et
1535 3433 1786 3487 illecebra
1819 3434 2115 3502 simplicio-

554 3524 709 3578 ribus
731 3525 1045 3594 porrigitur,
1066 3532 1124 3578 ut
1151 3524 1313 3579 simul
1343 3539 1464 3578 cum
1493 3523 1578 3578 bis
1608 3524 1900 3593 impietatis
1924 3525 2116 3580 hamus

554 3613 932 3670 absorbeatur.
982 3614 1118 3670 Cum
1181 3614 1325 3668 enim
1387 3613 1615 3670 dixisset
1670 3614 1956 3684 quaedam,
1997 3630 2118 3686 quae

555 3705 719 3760 etiam
763 3705 968 3760 diceret
1015 3705 1459 3770 ecclesiasticus,
1495 3705 1710 3774 adjicit,
1754 3705 1996 3760 obediens
2049 3706 2118 3760 ad

556 3812 733 3851 eorum
764 3811 878 3866 qua:
906 3806 1027 3850 sunt
1057 3797 1322 3865 opiﬁcium
1354 3807 1402 3851 et
1433 3799 1847 3866 generationem,
1876 3798 2116 3852 obediens

558 3888 627 3941 ad
673 3904 875 3942 omnem
918 3886 1391 3956 dispensationem,
1444 3906 1544 3942 non
1582 3905 1647 3943 ea:
1689 3889 1980 3944 obedientia
2025 3891 2120 3946 hoc

558 3980 778 4048 adeptus
807 3989 864 4032 ut
904 3990 1038 4033 esset
1073 3979 1209 4033 Deus
1239 3979 1413 4034 Filius
1440 4022 1454 4045 ,
1483 3981 1573 4035 sed
1603 3983 1728 4050 quia
1754 3983 1822 4036 sit
1851 3980 2025 4036 Filius
2071 3994 2118 4036 et

559 4073 761 4140 genitus
808 4069 1117 4140 Unigenitus
1144 4068 1308 4131 Deus,
1337 4072 1511 4138 factus
1553 4071 1794 4126 obediens
1829 4073 1885 4125 in
1929 4073 2117 4137 verbis,

559 4161 798 4215 obediens
830 4163 883 4214 in
915 4164 1173 4230 operibus.
1209 4162 1371 4232 Atqui
1411 4165 1534 4234 quis
1564 4179 1750 4219 eorum
1795 4165 1885 4233 qui
1935 4165 1988 4217 in
2041 4165 2122 4217 di-

559 4249 702 4301 vinis
733 4248 958 4304 vocibus
1004 4251 1205 4304 versati
1262 4261 1314 4304 ct
1357 4252 1639 4306 exercitati
1690 4263 1818 4308 sunt
1869 4254 2118 4316 nesciat,

475 4345 478 4348 '
561 4339 779 4408 quando
823 4353 852 4392 a
900 4353 1095 4410 magno
1137 4340 1305 4395 Paulo
1337 4341 1541 4395 dictum
1570 4353 1685 4406 est,
1719 4351 1771 4397 et
1809 4344 1910 4397 hoc
1959 4343 2124 4399 semel

563 4440 772 4486 tantum
817 4431 884 4487 de
935 4432 1086 4501 ipso,
1120 4434 1262 4502 quod
1293 4433 1552 4488 obcdiens
1587 4433 1760 4489 factus
1792 4434 1969 4487 est“?
1998 4448 2121 4488 cum

561 4522 728 4584 enim,
763 4528 824 4574 ut
862 4535 958 4590 per
979 4536 1196 4575 crucem
1232 4523 1550 4594 adimpleret
1582 4524 1920 4594 mysterium,
1953 4524 2098 4578 venit

562 4900 691 4941 num
740 4893 974 4948 natura,
1029 4892 1162 4939 tunc
1218 4885 1475 4940 obediens
1517 4886 1746 4941 efﬁcitur
1782 4886 1874 4957 qui
1911 4896 2128 4944 nostras

562 4977 863 5046 assumpsit
897 4975 1240 5032 inﬁrmitates
1275 4985 1328 5032 et
1377 4977 1597 5033 morbos
1632 4979 1900 5048 gestavit,
1939 4978 2127 5034 inobe-

561 5067 841 5132 dientiam,
870 5069 984 5123 sive
1011 5071 1408 5124 contumaciam
1442 5069 1717 5124 hominum
1750 5086 1847 5125 sua
1874 5071 2130 5127 obedien-

563 5160 638 5214 tia
671 5159 908 5229 perfecte
941 5175 1166 5226 sanans,
1202 5171 1261 5216 ut
1287 5163 1406 5233 ejus
1441 5163 1640 5225 vibice,
1684 5163 1797 5218 sive
1825 5165 1995 5219 livore
2033 5182 2130 5220 no-

563 5259 738 5306 strum
769 5258 1056 5308 sanaretur
1081 5254 1301 5315 vulnus.
1334 5263 1386 5306 et
1418 5254 1634 5324 propria
1664 5265 1857 5319 morte,
1886 5271 2124 5311 commu-

561 5357 686 5398 nem
715 5344 995 5397 hominum
1039 5353 1266 5399 mortem
1304 5345 1543 5399 aboleret
1565 5385 1580 5409 ,
1615 5355 1743 5400 tunc
1771 5356 1991 5418 propter
2029 5363 2130 5402 nos

565 5432 741 5488 factus
766 5441 850 5488 est
876 5433 1166 5496 obediens,
1214 5432 1356 5488 sicut
1389 5445 1443 5487 et
1482 5445 1762 5503 peccatum
1811 5443 1863 5491 et
1907 5437 2131 5492 maledi-

563 5522 708 5586 Ctio,
755 5523 872 5577 sive
925 5523 1230 5578 exsecratio
1266 5531 1491 5593 propter
1530 5522 1996 5593 dispensationem
2033 5541 2130 5594 pro

566 5610 728 5670 nobis
764 5622 1072 5684 susceptam
1115 5614 1290 5670 factus
1335 5625 1439 5679 est,
1479 5630 1603 5670 cum
1646 5622 1837 5670 natura
1872 5615 1977 5671 hoc
2022 5631 2132 5671 non

640 5795 684 5826 “
719 5793 862 5849 Psal.
913 5809 1131 5856 csum,
1163 5793 1194 5847 8
1228 5808 1379 5864 seqq.
1459 5794 1503 5824 ⁶⁵
1548 5791 1781 5861 Philipp.
1813 5809 1870 5857 ll,
1917 5793 1972 5846 8.

2109 4563 2124 4590 9

566 4568 728 4584 """"
770 4568 822 4574 "'
863 4568 945 4590 l'"
983 4568 1028 4575 ν’
1049 4568 1196 4575 "“""'
1233 4568 1550 4594 ““""|‘""""
1585 4568 1920 4594 "'J""‘"“'""
1964 4568 2124 4590 “’"",

561 4626 686 4665 cum
713 4611 1330 4680 seipsumexinanivitin
1353 4613 1523 4668 forma
1544 4617 1709 4678 servi,
1732 4630 1854 4669 cum
1888 4615 2128 4685 seipsum
2160 4568 2202 4622 υ

563 4701 823 4757 humilem
854 4709 907 4757 et
946 4703 1216 4772 ahjectum
1252 4705 1481 4773 praebuit
1555 4706 1609 4758 in
1654 4705 1889 4761 hominis
1935 4706 2129 4762 simili-

560 4791 751 4847 tudine
774 4801 829 4847 et
858 4790 1052 4864 ﬁgura,
1086 4793 1340 4847 inventus
1372 4804 1429 4847 ut
1455 4795 1617 4849 homo
1647 4794 1699 4850 in
1731 4796 1922 4850 humili
1955 4796 2130 4850 bomi-

2217 3267 2373 3314 σεως.
2410 3250 2472 3302 Εἰ
2506 3247 2613 3318 γάρ
2641 3263 2694 3299 τι
2721 3246 2814 3300 καὶ
2853 3244 3172 3313 πρόσκειται
3210 3240 3344 3310 παρ’
3373 3235 3530 3291 αὑτοῦ
3561 3235 3657 3288 τῶν
3686 3231 3750 3290 είς

2216 3340 2492 3395 εύσέὗειαν
2523 3337 2900 3391 συντεινόντων
2921 3375 2936 3398 ,
2977 3333 3099 3387 ἀντὶ
3130 3331 3492 3400 δελεάσματος
3523 3326 3581 3378 τὸ
3605 3319 3752 3376 τοιοῦο

2213 3448 2304 3484 τον
2327 3433 2442 3493 τοῖς
2469 3428 2869 3500 ἀκεραιοτέροις
2897 3421 3257 3494 προτείνεται,
3281 3421 3369 3474 ἵνα
3402 3409 3749 3486 συγκαταποθῇ

2216 3521 2423 3584 τούτοις
2459 3519 2551 3572 καὶ
2591 3518 2651 3571 τὸ
2681 3517 2780 3587 τῆς
2810 3514 3061 3578 ἀσεϐείας
3090 3513 3410 3581 ἄγκιστρον.
3450 3506 3621 3560 Εἰπὼν
3661 3501 3752 3570 γάρ

2215 3628 2338 3663 τινα
2367 3609 2509 3680 άπερ
2547 3607 2612 3662 ἂν
2642 3607 2735 3661 καὶ
2767 3608 2795 3659 ὁ
2857 3601 3312 3674 ὲκκλησιαστικὸς
3349 3598 3519 3660 εἴποι,
3557 3590 3751 3665 προστί-

2218 3699 2395 3769 θησιν,
2430 3697 2714 3762 Ὑπήκοος
2738 3693 2888 3763 πρὸς
2912 3691 3027 3759 τὴν
3048 3690 3165 3744 τῶν
3192 3690 3384 3744 ὄντων
3407 3681 3753 3755 διυιιοινργιάν

2217 3792 2316 3844 καὶ
2336 3789 2595 3859 γένεσιν,
2625 3787 2892 3852 ὑπήκοος
2920 3785 3069 3852 πρὸς
3099 3783 3306 3838 πᾶσαν
3335 3780 3635 3843 διοίκησιν,
3660 3773 3751 3824 οὐκ

2215 3878 2286 3934 ἐκ
2313 3877 2423 3945 τῆς
2449 3875 2722 3944 ὑπακοῆς
2768 3872 3126 3944 προσλαϐὼν
3155 3872 3219 3926 τὸ
3252 3867 3407 3925 εἶναι
3453 3867 3576 3930 Υἱός
3610 3861 3748 3924 Θεὸς,

2219 3970 2357 4042 ἀλλ’
2387 3969 2454 4022 ἐκ
2474 3968 2580 4022 τοῦ
2615 3966 2747 4032 Υἱὸς
2768 3961 2917 4021 εἶναι
2943 3965 3039 4019 καὶ
3065 3960 3421 4035 γεννηθῆναι
3444 3950 3746 4022 Marci-erm

2223 4059 2404 4125 Θεὸς,
2432 4059 2752 4130 γενόμενος
2804 4057 3071 4123 ὑπήκοος
3115 4056 3186 4109 ἐν
3229 4054 3465 4123 λόγοις,
3519 4045 3751 4111 ὑπήκοος

2220 4154 2288 4207 ἐν
2308 4153 2518 4221 ἔργοις.
2550 4151 2740 4204 Καίτοι
2773 4150 2856 4212 τίς
2883 4151 2983 4202 οὐκ
3013 4145 3119 4201 οἵδε
3158 4146 3266 4199 τῶν
3303 4146 3422 4207 ταῖς
3452 4140 3613 4201 Θείαις
3637 4132 3752 4188 καθ·

2221 4245 2572 4316 ωμιληκότων
2615 4245 2818 4312 φωναῖς
2841 4282 2856 4306 ,
2913 4240 3039 4294 πότε
3069 4239 3279 4312 εἴρηται
3313 4234 3458 4308 παρὰ
3492 4231 3574 4286 τοῦ
3610 4225 3752 4299 μεγά-

2222 4339 2312 4391 λου
2345 4337 2555 4390 Παύλου
2656 4338 2750 4389 καὶ
2779 4334 2936 4389 τοῦτο
2988 4337 3069 4404 ἐφ’
3101 4333 3246 4396 ἅπαξ
3295 4331 3421 4401 περὶ
3465 4323 3648 4386 αὑτοῦ,
3683 4321 3749 4372 ὅτι

2225 4431 2460 4499 ὑπήκοος
2494 4429 2746 4496 ἐγένετος
2788 4429 2916 4481 Ὅτε
2941 4426 3046 4498 γὰρ
3073 4427 3164 4478 ἐπὶ
3195 4424 3272 4494 τῷ
3307 4420 3580 4493 πληρῶσαι
3603 4414 3653 4466 τὸ
3679 4409 3750 4462 διὰ

2229 4520 2321 4576 τοῦ
2359 4521 2587 4591 σταυροῦ
2619 4521 2911 4590 μυστήριον
2937 4513 3117 4589 ἦλθεν,
3146 4518 3174 4569 ὁ
3212 4515 3448 4575 κενώσας
3508 4506 3678 4566 ἑαυτὸν
3704 4501 3752 4551 ἐν

2231 4615 2295 4682 τῇ
2333 4610 2424 4665 τοῦ
2475 4611 2660 4664 δούλου
2714 4613 2928 4681 μορφῇ,
2964 4609 3055 4662 καὶ
3104 4605 3442 4665 ταπεινώσας
3479 4596 3650 4652 ἑαυτὸν
3688 4587 3750 4656 τίῖ)

2230 4705 2322 4758 τοῦ
2358 4704 2642 4776 ἀνθρώπου
2672 4703 2972 4775 ὁμοιώματί
3013 4719 3070 4754 τε
3103 4701 3197 4752 καὶ
3237 4699 3505 4769 σχήματι,
3543 4683 3751 4776 εὑρεθεὶς

2231 4795 2304 4859 ὡς
2331 4795 2612 4866 ἄνθρωπος
2663 4796 2719 4846 ἐν
2761 4795 2828 4863 τῇ
2872 4793 3100 4860 ταπεινῇ
3131 4790 3238 4842 τῶν
3276 4784 3563 4858 ἀνθρώπων
3597 4775 3748 4844 φύσει,

2229 4887 2349 4940 τότε
2388 4888 2624 4957 ὑπήκοος
2661 4884 2888 4954 γίνεται,
2917 4886 2944 4936 ὁ
2973 4883 3068 4944 τὰς
3094 4878 3372 4940 ἀσθενείας
3401 4871 3546 4945 ἡμῶν
3581 4863 3751 4957 ἀναλξ·

2231 4977 2369 5043 ϐὼν,
2408 4978 2626 5040 καὶτὰς
2673 4977 2858 5039 νόσους
2893 4974 3190 5044 βαστάσας,
3218 4971 3314 5040 τὴν
3365 4958 3626 5035 παρακοήν
3659 4948 3749 5047 τῶν

2232 5067 2529 5141 ἀνθρώπων
2556 5067 2642 5122 διὰ
2679 5069 2775 5138 τῆς
2820 5067 2952 5128 ἰδίας
2978 5065 3219 5133 ὑπακοῆς
3247 5058 3556 5128 ἐξιώμενος,
3587 5047 3660 5096 ἵνα

2235 5159 2456 5230 μώλωπι
2487 5158 2646 5213 αὑτοῦ
2678 5159 2736 5212 τὸ
2775 5159 3038 5228 ἡμέτερον
3075 5156 3285 5224 ἰάσηται
3314 5147 3541 5222 τραῦμα,
3568 5136 3650 5230 mli
3678 5128 3751 5181 διὰ

2230 5252 2322 5305 τοῦ
2355 5252 2481 5306 ίδίου
2511 5251 2740 5304 Θανάτου
2766 5250 2856 5302 τὸν
2887 5247 3060 5302 κοινὸν
3102 5245 3329 5298 Θάνατον
3358 5237 3460 5292 τῶν
3487 5223 3749 5296 ἀνθρώπων

2231 5343 2526 5414 ἐξαφανίσῃ
2553 5385 2567 5407 ,
2597 5342 2717 5395 τότε
2778 5341 2844 5394 δι’
2873 5341 3018 5412 ἡμᾶς
3057 5338 3293 5408 ὑπήκοος
3319 5331 3514 5400 γίνεται
3538 5362 3550 5382 ,
3583 5317 3648 5376 ὡς

2232 5398 2470 5505 ἀξιαΙρτια
2498 5398 2590 5485 Ξὲοέι
2617 5432 2827 5502 κατάρα
2988 5398 3085 5499 τὴν
3123 5398 3261 5495 ὑπὲρ
3300 5398 3448 5493 ἡμῶν
3486 5398 3750 5505 οἰκονομίαν

2231 5489 2463 5593 ἐγένετο,
2489 5525 2547 5578 οὑ
2586 5524 2744 5592 φύσει
2760 5489 2929 5575 ιτοῦτο
2952 5489 3205 5585 amem
3393 5489 3749 5593 φιλανθριυπίαν

2231 5617 2537 5687 γενόμενος.
2580 5617 2683 5671 Τὸν
2743 5615 2799 5668 δὲ
2851 5612 3120 5668 τοσούτων
3174 5603 3421 5664 ὑπακοὼν
3475 5589 3748 5650 κατάλογον,
