3922 6478
230 304 323 360 529
1340 299 1621 355 CONTRA
1659 298 2053 364 EUNOMIUM,
2095 299 2220 353 LIB.
2267 299 2327 352 ll.

3348 304 3464 360 ’550

229 415 363 482 παρὰ
415 413 573 475 ποίας
607 412 849 481 ἐδιδάχθη
875 412 911 463 Γ
916 413 1129 483 ραφῆς;
1162 413 1233 465 Tb
1262 414 1497 466 ἐναντίον
1539 412 1637 483 μὲν
1688 409 1781 466 οὖν

1894 414 1977 477 sit,
2014 414 2106 469 sed
2134 422 2356 481 propter
2388 428 2628 465 amorem
2660 423 2711 466 et
2738 412 3172 468 benevolentiam
3208 414 3263 469 in
3295 416 3464 473 homi-

228 508 362 559 πᾶσα
387 505 740 567 θεόπνευστος
772 504 961 576 Γραφὴ
1021 504 1119 574 τὴν
1152 505 1472 575 αὑθεντικὴν
1515 504 1664 575 αὑτῷ
1690 505 1783 559 καὶ

224 595 677 664 αὐτοκρατορικὴν
725 592 1137 665 προσμαρτυρεῖ
1189 596 1475 662 ἐξουσίαν,
1532 597 1777 663 λέγουσα,

224 687 399 752 Αὐτὸς
426 687 585 752 εἷπε,
633 686 730 741 καὶ
761 685 1137 756 ἐγενήθησαν
1162 728 1175 751 ,
1210 688 1391 751 αὐτὸς
1423 688 1780 752 ἐνετείλατο,

222 776 306 829 καὶ
330 776 726 843 ἐκτίσθησαν.
758 776 926 845 Δῆλον
952 776 1059 846 γὰρ
1084 777 1163 827 δτι
1195 775 1365 828 ταῦτά
1397 795 1558 846 φησιν
1586 777 1611 827 ὁ
1638 779 1782 848 Προ-

222 868 385 937 φήτης
458 868 593 938 περὶ
628 865 719 919 τοῦ
758 865 826 917 τὰ
860 866 1147 936 σύμπαντα
1186 868 1436 936 φέροντος
1475 867 1551 937 τῷ
1583 869 1783 938 ῥήματι

220 959 305 1026 τῆς
323 956 613 1027 δυνάμεως
647 956 832 1021 αὑτοῦ,
860 949 920 1009 οὗ
950 958 982 1027 ή
1013 956 1248 1025 ἐξουσία,
1284 960 1462 1011 πᾶσαν
1482 960 1667 1011 οὑσίαν
1691 960 1785 1011 καὶ

221 1046 366 1117 φύσιν
389 1086 405 1110 ,
440 1047 541 1100 καὶ
592 1046 771 1101 πάντα
797 1046 865 1099 τὰ
897 1047 953 1099 ὲν
996 1050 1061 1117 τῇ
1094 1047 1267 1100 κτίσει
1310 1048 1571 1119 νοούμενα
1603 1066 1659 1100 τε
1692 1050 1785 1102 καὶ

218 1137 479 1208 ὁρώμενα,
506 1138 569 1189 ὲν
602 1138 739 1208 μόνῃ
782 1140 849 1207 τῇ
888 1135 982 1189 τοῦ
1009 1136 1308 1208 θελήματος
1346 1140 1486 1208 ὁρμῇ
1506 1120 1786 1210 ’συνεστή-

221 1244 355 1281 σατο.
390 1226 571 1281 Πόθεν
590 1228 771 1280 τοίνυν
797 1226 1111 1298 κινούμενος
1142 1229 1171 1281 ὁ
1194 1227 1475 1298 Εὑνόμιος,
1508 1230 1785 1299 μυριοτρό-

218 1335 323 1381 πως
357 1316 691 1388 ὲπιφημίξει
722 1316 802 1387 τῷ
827 1315 1037 1386 βασιλεῖ
1055 1316 1156 1386 τῆς
1184 1316 1411 1382 κτίσεως
1436 1318 1494 1370 τὸ
1524 1319 1781 1389 ὑπήκοον,

222 1406 506 1479 Ύπήκοος,
522 1409 722 1478 λέγων,
740 1409 875 1480 πρὸς
892 1408 1070 1461 πᾶσαν
1091 1408 1446 1480 δημιουργίαν
1466 1449 1480 1473 ,
1529 1410 1622 1464 καὶ
1650 1410 1785 1479 πρὸς

215 1502 379 1553 πᾶσαν
406 1500 683 1570 διοίκησιν
719 1500 956 1569 ὑπήκοος
981 1539 996 1564 ,
1021 1501 1259 1570 ὑπήκοος
1290 1502 1347 1553 ὲν
1370 1501 1549 1569 λόγοις
1574 1502 1670 1554 καὶ
1693 1501 1784 1569 ἐρ-

214 1609 337 1662 γοις.
365 1591 566 1645 Καίτοι
593 1594 759 1648 παντὶ
790 1593 945 1662 δῆλον
977 1593 1037 1645 τὸ
1063 1592 1302 1647 τοιοῦτόν
1360 1596 1526 1659 ἐστιν,
1563 1594 1643 1647 ὅτι
1689 1594 1783 1664 μό-

214 1704 292 1750 νος
315 1689 370 1737 ὲν
403 1685 591 1754 λόγοις
625 1702 685 1738 τε
720 1686 814 1738 καὶ
854 1684 1033 1755 ἔργοις
1062 1686 1236 1756 ἑτέρῳ
1263 1704 1345 1749 τις
1378 1687 1613 1756 ὑπήκοος
1641 1687 1786 1753 γίνε-

1888 519 2015 558 num
2044 519 2215 574 genus
2246 506 2422 559 factus
2453 513 2551 556 est.
2586 501 2786 556 llarum
2832 519 2960 558 vero
3009 515 3282 561 tantarum
3329 509 3462 564 obe-

1887 597 2213 652 dientiarum
2236 598 2564 667 catalogum,
2588 610 2652 649 ex
2675 609 2909 663 quanam
2935 593 3215 665 Scriptura
3236 600 3463 656 edoctus

1887 688 2002 744 est?
2037 686 2244 741 Contra
2270 685 2487 757 quidem
2517 686 2696 740 omnis
2731 684 2995 741 divinitus
3023 688 3287 757 inspirata
3313 689 3461 745 Scri-

1888 786 2048 848 ptura
2100 779 2150 833 ei
2184 793 2452 833 summam
2482 777 2822 845 majestatem
2857 787 2910 832 et
2938 778 3256 847 primariam
3309 794 3460 851 pote-

1888 877 2083 923 statem
2107 884 2169 923 ae
2196 883 2407 922 merum
2446 868 2731 936 imperium
2773 866 3033 936 assignat,
3074 884 3197 923 cum
3228 871 3462 940 aithse

1886 960 2047 1025 dixit,
2079 967 2127 1013 et
2158 958 2303 1026 facta
2323 967 2476 1020 sunt,
2510 959 2621 1025 ipse
2651 956 2943 1023 mandavit,
2969 968 3016 1011 et
3042 970 3221 1013 creata
3246 972 3366 1014 sunt
3393 962 3457 1015 ".

1886 1050 2238 1120 Perspicuum
2280 1058 2363 1105 est
2393 1050 2536 1104 enim
2566 1049 2708 1119 quod
2734 1050 2847 1104 lucc
2876 1051 2950 1104 ait
2984 1050 3257 1121 Propheta
3295 1053 3361 1108 de
3395 1070 3459 1107 eo

1886 1143 1978 1214 qui
2017 1158 2129 1198 sum
2162 1141 2416 1211 potentia:
2445 1142 2611 1195 verbo
2641 1140 2743 1196 fe'rt
2772 1143 3025 1197 universa
3056 1144 3099 1174 ⁸³
3129 1163 3141 1197 :
3177 1146 3337 1215 cujus
3368 1162 3462 1215 po-

1887 1243 2054 1290 testas
2076 1249 2290 1289 onmem
2321 1233 2611 1288 essentiam
2638 1241 2692 1288 et
2718 1242 2991 1299 naturam,
3028 1244 3081 1291 et
3122 1238 3303 1290 omnia
3338 1254 3460 1307 quae

1888 1328 1941 1380 in
1966 1332 2216 1380 creatura
2245 1324 2625 1395 intelliguntur
2666 1332 2721 1380 et
2755 1336 3081 1390 cernuntur,
3119 1330 3236 1383 solo
3268 1330 3460 1383 volun-

1888 1418 2017 1471 tatis
2056 1416 2262 1485 impetu
2302 1423 2355 1469 et
2399 1423 2533 1469 nutu
2572 1414 2837 1469 condidit.
2878 1415 3030 1471 Unde
3072 1417 3235 1488 igitur
3280 1418 3463 1472 Euno-

1886 1509 2032 1563 mins
2075 1514 2418 1569 commotus,
2466 1505 2642 1561 modis
2682 1506 2910 1563 inﬁnitis
2948 1508 3002 1561 in
3041 1522 3166 1577 rege
3195 1516 3459 1564 creaturae

1888 1598 2257 1653 obedientiam
2291 1596 2572 1653 celebrat?
2600 1614 2724 1651 eum
2762 1597 2859 1660 ait,
2882 1597 3154 1653 ()bediens
3199 1600 3263 1653 ad
3298 1616 3457 1654 omne

1888 1689 2161 1758 Opiﬁcium
2184 1696 2238 1744 et
2267 1686 2553 1753 fabricam,
2587 1688 2655 1743 ad
2684 1703 2900 1743 omnem
2930 1689 3456 1745 administrationem

212 1794 308 1841 ται,
336 1777 364 1829 ὁ
394 1778 569 1847 μήπω
593 1777 695 1846 τὴν
717 1776 957 1842 ἐξουσίαν
980 1777 1073 1831 τοῦ
1096 1780 1265 1830 ποιεῖν
1291 1776 1532 1848 ἀκριϐῶς
1551 1776 1585 1847 ἢ
1606 1777 1785 1845 λέγειν

1894 1780 2188 1843 obediens,
2242 1779 2503 1834 obediens
2552 1780 2606 1833 in
2664 1779 3015 1835 sermonibus
3071 1790 3124 1834 et
3180 1781 3457 1850 operibus.

213 1869 456 1939 ἁλήπτως
502 1869 564 1921 ἐν
613 1866 795 1938 ἑαυτῷ
826 1865 1211 1939 κατορθώσας·
1248 1867 1382 1920 ἀλλά
1417 1868 1552 1938 πρὸς
1583 1868 1673 1920 τὸν
1708 1867 1785 1919 δι-

212 1959 465 2012 δάσκαλον
497 1958 700 2013 ἑαυτοῦ
734 1957 828 2010 καὶ
855 1957 1204 2029 καθηγεμόνα
1236 1957 1484 2028 βλέπων,
1513 1960 1633 2021 ταῖς
1656 1958 1785 2010 ὑτιο⁹

215 2053 396 2123 θήκαις
423 2050 647 2104 ἐκείνου
671 2050 729 2104 τὸ
753 2051 809 2105 ὲν
838 2052 947 2111 τοῖς
974 2049 1153 2117 λόγοις
1179 2066 1236 2101 τε
1267 2050 1358 2107 καὶ
1392 2051 1448 2102 ἐν
1472 2050 1582 2111 τοῖς
1606 2048 1785 2120 ἔργοις

212 2144 425 2214 ἀκριϐὲς
463 2143 874 2197 ὲκπαιδεύεται.
911 2142 984 2195 Τὸ
1025 2140 1081 2194 δὲ
1134 2142 1232 2211 τὴν
1262 2140 1463 2210 Σοφίαν
1496 2140 1784 2195 ἐπιστάτου

212 2233 421 2304 χρῄζειν
455 2234 674 2286 οἴεσθαι
714 2234 811 2287 καὶ
839 2231 1159 2297 διδασκάλου
1184 2272 1198 2297 ,
1226 2231 1319 2284 τοῦ
1350 2231 1447 2301 τὴν
1469 2230 1786 2285 ἀκολουθίαν

214 2328 242 2395 ή
272 2325 363 2395 τὴν
393 2324 755 2395 δικαιοσύνην
779 2324 915 2394 πρὸς
951 2323 1012 2377 τὸ
1034 2322 1151 2376 δέον
1183 2323 1318 2392 αὑτῇ
1345 2321 1785 2388 κατευθύνοντος,

216 2416 371 2487 μόνης
392 2416 497 2486 τῆς
536 2414 809 2485 Εὑνομίου
840 2414 1138 2484 φαντασίας
1172 2412 1340 2466 ἐστίν.
1372 2412 1480 2464 Καὶ
1522 2412 1651 2481 περὶ
1692 2409 1784 2463 τοῦ

213 2507 410 2579 Πατρός
445 2524 646 2578 φησιν,
671 2507 752 2560 ὅτι
784 2507 981 2569 Πιστὸς
1016 2506 1074 2558 ὲν
1110 2506 1289 2573 λόγοις
1316 2544 1330 2566 ,
1361 2505 1455 2557 καὶ
1502 2504 1689 2565 πιστὸς
1730 2503 1787 2554 ὲν

211 2597 405 2669 ἔργοις·
438 2597 529 2668 τῷ
557 2598 615 2650 δὲ
642 2597 756 2669 Υίῷ
783 2598 843 2651 τὸ
888 2598 1077 2652 πιστὸν
1126 2598 1184 2650 ὲν
1235 2598 1347 2659 τοῖς
1374 2595 1685 2665 γενομένοις
1728 2609 1788 2645 τε

210 2692 293 2745 καὶ
318 2691 643 2759 λεγομένοις
662 2691 762 2744 οὑκ
793 2689 1193 2761 ἐμαρτύρησεν,
1215 2687 1331 2742 ἀλλ’
1359 2687 1595 2757 ὑπήκοον
1629 2684 1789 2739 αὑτὸν

209 2786 262 2840 ιν
300 2783 479 2854 λόγοις
537 2780 715 2847 εἶναι,
740 2783 925 2837 καϊοὺ
967 2782 1156 2835 πιστὸν
1199 2784 1533 2851 ἀπεφήνατο.
1574 2777 1661 2839 Ὠς
1705 2776 1791 2828 διὰ

212 2876 417 2929 πάντων
443 2869 533 2927 ὧν
554 2873 703 2943 λέγει
737 2874 835 2944 τὴν
867 2871 986 2926 κατ’
1014 2871 1177 2925 αὑτοῦ
1216 2870 1559 2942 βλασφημίαν
1588 2868 1649 2920 τὸ
1675 2864 1791 2920 ἴσον

212 2965 342 3037 ἔχειν
368 2982 381 2993 ·
416 2966 481 3018 τὸ
535 2964 594 3018 δὲ
650 2965 832 3036 μωρόν
884 2980 943 3017 τε
988 2964 1081 3016 καὶ
1114 2962 1425 3033 ἀδιανόητον
1462 2961 1557 3030 τῆς
1590 2958 1791 3030 μεταξὺ

212 3058 403 3111 τούτων
435 3054 875 3125 παρεντεθείσης
909 3055 1118 3126 ρήσεως
1141 3093 1155 3116 ,
1204 3054 1400 3125 πρέπει
1431 3054 1568 3123 τάχα
1614 3053 1789 3121 σιωπῇ

214 3149 494 3219 παρελθεῖν
528 3188 543 3213 ,
577 3149 651 3218 μή
680 3163 764 3209 τις
790 3146 897 3198 τῶν
944 3145 1362 3215 ἀπερισκέπτων
1404 3144 1703 3213 ὲπιγελάσῃ
1726 3146 1791 3213 τῇ

217 3244 540 3314 ματαιότητι
569 3282 583 3304 ,
611 3238 867 3309 δακρύειν
892 3238 1010 3291 δέον
1039 3238 1132 3290 ἐπὶ
1157 3239 1223 3307 τῇ
1257 3235 1365 3289 τῶν
1394 3235 1578 3306 ψυχῶν
1616 3234 1794 3289 αὑτῶν

214 3335 448 3404 ἀπωλείᾳ
475 3375 491 3398 ,
549 3333 583 3402 ἦ
616 3332 779 3400 γελᾷν
818 3330 910 3382 ἐπὶ
940 3331 1004 3399 τῇ
1054 3328 1234 3399 μωρίᾳ
1281 3326 1386 3380 τῶν
1430 3327 1622 3395 λόγων.
1660 3327 1794 3396 Φησὶ

215 3429 312 3498 γὰρ
331 3430 360 3481 ὁ
392 3425 565 3495 σοφὸς
596 3420 753 3487 οὗτος
784 3422 877 3475 καὶ
917 3420 1377 3491 περιεσκεμμένος
1407 3419 1791 3489 δογματιστὴς,

215 3519 305 3571 οὑκ
332 3520 397 3570 ὲκ
421 3518 530 3588 τῆς
553 3516 799 3584 ὑπακοῆς
846 3513 1004 3565 αὑτὸν
1032 3511 1357 3583 προσλαϐεῖν
1388 3512 1449 3564 τὸ
1480 3506 1619 3563 εἶναι
1644 3510 1786 3562 Υίόν.

220 3610 279 3661 Ὢ
297 3609 390 3679 τῆς
421 3606 711 3677 ἀγχινοίας
735 3620 748 3633 ο
787 3604 862 3666 ὡς
890 3601 1203 3667 ἀναγκαίως
1250 3602 1377 3671 περὶ
1427 3598 1630 3652 τούτων
1663 3600 1794 3668 ἡμῖν

218 3699 512 3772 διορίζεται
546 3700 557 3752 !
585 3700 706 3751 Ὀτι
736 3698 799 3749 οὑ
832 3696 1096 3768 πρότερον
1142 3694 1380 3763 ὑπήκοος
1412 3692 1628 3760 ἐγένετο
1650 3732 1665 3758 ,
1704 3692 1796 3745 καὶ

218 3794 327 3845 τότε
350 3791 488 3855 Tib;
514 3831 530 3857 ,
559 3789 680 3841 οὑδὲ
702 3786 1080 3860 πρεσϐυτέραν
1114 3784 1220 3856 χρὴ
1252 3785 1393 3836 νοεῖν
1419 3782 1517 3853 τὴν
1550 3782 1795 3852 ὑπακοὴν

220 3883 371 3937 ιιπῦ
394 3884 505 3953 τῆς
527 3881 851 3952 γεννήσεως.
875 3880 937 3932 Εἰ
967 3878 1023 3931 δὲ
1053 3876 1127 3947 μὴ
1150 3875 1581 3946 προσδιωρίσατο
1603 3872 1793 3937 ταῦτα,

219 3974 294 4038 τίς
318 3973 463 4027 οὕτω
500 3972 683 4044 μωρὸς
708 3973 803 4024 καὶ¹
832 3968 1035 4039 ἠλίθιος
1078 3962 1145 4036 ἦν
1164 4008 1179 4031 ,
1224 3965 1300 4028 ὡς
1334 3963 1521 4034 μισθὸν
1552 3963 1797 4032 ὑπακοῆς

220 4066 463 4137 οίηθῆναι
494 4063 645 4134 παρὰ
674 4060 767 4115 τοῦ
792 4059 1003 4130 Πατρὸς
1042 4057 1188 4127 αὑτῷ
1210 4056 1449 4109 δεδόσθαι
1474 4055 1572 4124 τὴν
1604 4056 1795 4125 γέννη-

224 4174 320 4226 σιν,
351 4158 430 4228 τῷ
462 4155 577 4228 πρὸ
604 4155 701 4224 τῆς
723 4153 1030 4223 γεννήσεως
1049 4147 1441 4219 ὲπιδειξαμένῳ
1468 4147 1529 4200 τὸ
1548 4146 1797 4209 εὐπειθὲς

225 4251 309 4304 καὶ
344 4250 631 4319 ὑπήκοονς
674 4244 811 4298 Ἀλλ’
846 4244 933 4297 ἵνα
985 4243 1059 4313 μὴ
1110 4240 1412 4311 προχείρως
1456 4256 1540 4302 τις
1590 4240 1655 4290 ὲκ
1696 4236 1798 4307 τῆς

224 4342 399 4406 ἀνοίας
446 4340 565 4394 τῶν
612 4337 919 4409 λεγομένων
957 4336 1240 4404 κατασυρῇ
1270 4333 1405 4404 πρὸς
1444 4332 1534 4385 τὸν
1566 4330 1794 4400 γέλωτα,

1887 1871 2197 1938 Quinetiam
2238 1871 2341 1925 hoc
2368 1870 2597 1925 cuilibet
2629 1878 2712 1925 est
2744 1872 3092 1941 perspicuum
3131 1881 3183 1927 et
3229 1873 3458 1936 clarum,

1886 1965 2028 2035 quod
2068 1964 2219 2019 solus
2261 1964 2318 2018 in
2348 1964 2694 2019 sermonibus
2733 1973 2786 2018 et
2819 1965 3076 2033 operibus
3109 1966 3263 2020 alteri
3306 1965 3461 2035 quis-

1887 2056 2030 2125 piam
2078 2054 2136 2108 ﬁt
2169 2054 2453 2119 obediens,
2478 2054 2574 2125 qui
2608 2055 2851 2110 nondum
2879 2066 3071 2112 exacte
3106 2056 3337 2113 faciendi
3367 2058 3461 2110 ha—

1887 2148 2059 2202 bitum
2094 2147 2182 2202 vel
2212 2146 2433 2201 dicendi
2467 2145 2676 2215 absque
2709 2161 2899 2201 errore
2938 2158 2992 2202 et
3041 2146 3465 2216 reprehensione

1888 2238 1943 2293 in
1978 2238 2157 2308 seipso
2186 2236 2435 2308 perfecit,
2464 2239 2561 2293 sed
2594 2239 2650 2293 in
2679 2254 2840 2294 suum
2881 2239 3201 2309 magistrum
3240 2247 3294 2294 et
3327 2254 3464 2309 prae-

1887 2338 2164 2401 ceptorem
2213 2330 2435 2385 intuens
2482 2332 2769 2401 praeceptis
2814 2330 2963 2387 illius
2992 2330 3139 2403 quod
3169 2330 3222 2385 in
3259 2345 3466 2386 sermo-

1889 2424 2053 2479 nibus
2086 2436 2139 2479 et
2166 2422 2422 2493 Operibus
2463 2433 2780 2478 accuratum
2832 2430 2918 2479 est
2968 2434 3023 2479 et
3077 2424 3325 2479 limatum
3382 2424 3455 2477 in-

1890 2514 2120 2569 struitur
2145 2520 2199 2568 et
2224 2512 2490 2568 eruditur.
2521 2511 2722 2567 Putare
2758 2520 2941 2567 autem
2980 2513 3318 2582 Sapientiam
3350 2528 3466 2567 ma-

1891 2603 2064 2674 gistro
2086 2609 2141 2657 et
2173 2602 2397 2657 doctore
2417 2600 2659 2670 indigere
2679 2616 2744 2656 eo
2765 2601 2858 2671 qui
2878 2602 2960 2656 vel
2986 2602 3463 2665 consecutionem,

1890 2692 1975 2745 vel
2000 2690 2271 2762 justitiam
2305 2689 2373 2744 ad
2414 2690 2468 2745 id
2498 2690 2643 2760 quod
2676 2691 2726 2745 ei
2752 2706 2891 2760 opus
2918 2698 3002 2746 est
3034 2690 3258 2761 dirigat,
3293 2691 3464 2746 solius

1893 2780 2145 2835 Eunomii
2201 2780 2431 2835 visionis
2478 2787 2582 2835 est.
2633 2779 2712 2834 Ae
2749 2779 2815 2833 de
2853 2778 3013 2834 Patre
3060 2779 3273 2848 inquit,
3318 2779 3465 2849 quod

1894 2872 2068 2926 ﬁdelis
2104 2871 2161 2926 in
2201 2870 2551 2926 sermonibus
2602 2880 2656 2926 et
2705 2870 2879 2925 ﬁdeiis
2938 2871 2991 2923 in
3051 2871 3268 2937 verbis;
3327 2870 3467 2926 Filio

1895 2970 2072 3017 autem
2106 2961 2246 3032 quod
2284 2960 2439 3016 ﬁdele
2467 2969 2551 3016 est
2586 2960 2640 3014 in
2665 2960 2826 3015 dictis
2868 2967 2923 3015 et
2953 2961 3113 3016 factis
3158 2975 3267 3014 non
3305 2961 3465 3014 attri-

1895 3055 2031 3117 buit,
2072 3054 2165 3109 sed
2199 3054 2376 3123 ipsum
2412 3054 2779 3117 obedientem,
2821 3067 2929 3106 non
2964 3052 3197 3119 ﬁdelem,
3239 3054 3293 3107 in
3324 3068 3465 3107 ser-

1896 3144 2147 3199 monibus
2177 3152 2231 3198 et
2260 3144 2519 3213 operibus
2550 3143 2944 3213 pronuntiavit.
2965 3141 3041 3196 Ita
3074 3152 3132 3197 ut
3164 3157 3257 3213 per
3286 3142 3469 3196 omnia

1893 3252 2013 3307 qua:
2050 3236 2165 3305 ipse
2202 3236 2439 3301 asserit,
2479 3235 2733 3306 impietas
2792 3245 2845 3290 et
2896 3233 3240 3305 blasphemia
3275 3245 3470 3294 contra

1893 3330 2073 3397 ipsum
2107 3326 2336 3398 perinde
2378 3335 2433 3382 et
2465 3327 2749 3395 aaqualiter
2796 3342 2855 3381 se
2904 3327 3134 3397 habent;
3185 3334 3470 3387 stultitiam

1894 3428 2072 3472 autem
2091 3426 2144 3471 et
2166 3418 2459 3472 amentiam
2480 3418 2768 3471 verborum
2798 3418 3210 3490 interjectorum
3244 3434 3469 3493 praestat

1894 3508 2130 3564 fortasse
2164 3509 2384 3564 silentio
2415 3509 2716 3564 involutam
2749 3513 3049 3582 praeterire,
3096 3529 3165 3568 ne
3213 3514 3338 3585 quis
3386 3516 3471 3570 in-

1893 3601 2272 3656 eonsultorum
2322 3612 2379 3657 et
2426 3603 2895 3673 improvidorum,
2938 3605 3133 3663 horum
3178 3608 3472 3663 vanitatem

1894 3689 2161 3757 derideat,
2196 3707 2323 3746 cum
2347 3692 2534 3762 potius
2563 3692 2802 3748 ﬂendum
2827 3702 2973 3749 esset
3000 3704 3224 3765 propter
3261 3698 3474 3751 animaa

1894 3798 2015 3835 rum
2052 3783 2299 3852 ipsorum
2339 3784 2656 3851 interitum,
2708 3800 2873 3855 quam
2920 3784 3209 3841 ridendum
3252 3798 3475 3858 prepter

1895 3888 2214 3929 sermonum
2246 3875 2536 3930 stultitiam
2574 3883 2630 3931 et
2676 3875 3009 3935 fatuitatem.
3057 3877 3149 3932 Ait
3189 3879 3334 3933 enim
3374 3881 3476 3935 iste

1896 3964 2115 4032 sapiens
2167 3970 2223 4018 et
2271 3964 2656 4021 consideratus
2699 3965 3061 4035 dogmatista,
3106 3980 3214 4019 non
3242 3982 3309 4020 ex
3344 3966 3476 4021 ohe-

1898 4056 2102 4111 dientia
2128 4057 2303 4125 ipsum
2330 4057 2635 4126 accepisse,
2666 4064 2727 4110 ut
2755 4058 2826 4111 sit
2854 4055 3044 4111 Filius.
3075 4058 3116 4109 0
3150 4058 3427 4112 solertiam
3458 4060 3470 4111 ἰ

1898 4161 2060 4215 quam
2113 4146 2427 4201 necessario
2462 4146 2529 4201 de
2564 4146 2649 4201 his
2702 4146 2861 4201 nobis
2895 4147 3145 4202 disserit!
3180 4146 3335 4213 Quod
3366 4162 3474 4203 non

1896 4240 2049 4305 prius
2082 4237 2342 4293 ohediens
2377 4236 2556 4293 factus
2606 4246 2729 4303 est,
2765 4246 2818 4292 et
2861 4247 2989 4291 tunc
3039 4236 3212 4293 Filius
3236 4276 3251 4300 ,
3299 4253 3476 4307 neque

1899 4338 2113 4401 oportet
2167 4331 2474 4400 intelligere
2523 4330 2889 4386 obedientiam
2943 4330 3064 4399 ejus
3126 4332 3478 4401 generatione

224 4435 468 4505 νοησάτω
502 4434 587 4487 ὅτι
616 4432 728 4502 ἔχει
778 4446 832 4484 τι
882 4428 977 4483 καὶ
1022 4428 1057 4498 ὴ
1106 4425 1285 4497 μωρία
1332 4424 1439 4477 τῶν
1489 4422 1789 4494 λεγομένων

1899 4422 2287 4490 antiquiorem.
2316 4420 2472 4488 Quod
2500 4422 2544 4477 si
2571 4422 2687 4477 haec
2716 4422 2940 4477 minime
2968 4421 3328 4489 distinxisset,
3352 4421 3479 4492 quis

224 4525 469 4596 δακρύων
509 4521 681 4588 ἀξιον.
716 4522 781 4574 '0
827 4518 936 4590 γὰρ
986 4517 1233 4588 βούλεται
1268 4516 1674 4569 κατασκευάσαι
1709 4513 1796 4566 διὰ

226 4617 445 4683 τούτων,
480 4613 723 4669 τοιοῦτόν
750 4613 919 4676 ἐστιν,
950 4611 1035 4664 ὅτι
1070 4608 1230 4679 φύσις
1274 4608 1423 4679 αὑτῷ
1448 4610 1594 4661 ἐστιν
1618 4608 1652 4677 ἡ
1695 4606 1795 4658 ὑπο

227 4708 382 4778 ακοή.
433 4706 527 4770 Ὠς
571 4704 703 4775 μηδὲ
732 4701 1075 4774 βουλουμένῳ
1099 4698 1321 4753 δυνατὸν
1356 4698 1605 4767 γενέσθαι
1634 4698 1693 4749 τὸ
1720 4697 1794 4766 μὴ

228 4798 461 4871 ὑπήκοον
488 4791 654 4851 εἶναι.

1903 4514 1975 4567 ita
2006 4511 2187 4568 fatuus
2220 4520 2275 4567 et
2314 4512 2570 4578 stolidus,
2601 4521 2659 4567 ut
2693 4512 2999 4567 mercedem
3027 4513 3352 4568 obedientiaa
3376 4528 3478 4583 pu-

1908 4612 1981 4659 tet
2005 4618 2034 4659 a
2072 4602 2239 4660 Patre
2272 4604 2375 4674 ipsi
2407 4604 2591 4658 datam
2624 4620 2745 4659 esse
2783 4604 3223 4673 generationem,
3258 4605 3348 4675 qui
3383 4618 3481 4657 an-

1901 4708 2123 4768 tequam
2153 4706 2310 4753 ortus
2341 4704 2487 4753 esset
2511 4711 2666 4751 suam
2696 4696 2751 4750 in
2789 4697 3029 4766 parendo
3062 4697 3378 4751 facilitatem
3427 4703 3481 4749 et

1903 4790 1959 4844 in
1986 4789 2288 4845 obediendo
2310 4790 2648 4843 alacritatem
2680 4789 3052 4845 ostendisset?
3080 4788 3173 4843 sed
3199 4803 3264 4841 ue
3281 4788 3401 4856 quis
3423 4786 3479 4839 in

229 4900 475 4962 promptu
502 4905 576 4947 ex
598 4887 872 4942 dictorum
902 4882 1136 4939 amentia
1165 4890 1219 4936 et
1249 4879 1502 4936 vecordia
1536 4878 1648 4933 risu
1700 4878 1995 4948 quatiatur,
2047 4878 2312 4950 intelligat
2365 4877 2512 4948 quod
2544 4877 2660 4933 haec
2692 4875 2915 4931 fatuitas
2967 4884 3022 4929 et
3044 4874 3478 4941 stultiloquentia

231 4985 430 5055 aliquid
467 4980 731 5052 laerymis
792 4977 1017 5047 dignum
1067 4972 1281 5029 haheat.
1357 4971 1511 5037 Quod
1557 4972 1701 5026 enim
1746 4971 1862 5024 vult
1902 4985 1997 5039 per
2020 4969 2135 5025 hare
2162 4969 2451 5034 conﬁcere,
2482 4970 2589 5023 tale
2618 4976 2720 5034 est,
2758 4968 2903 5038 quod
2933 4974 3125 5021 natura
3159 4965 3205 5020 ei
3238 4972 3321 5021 est
3352 4966 3481 5021 obe-

231 5076 449 5131 dientia.
498 5076 581 5129 Ita
619 5080 682 5128 ut
728 5070 893 5127 etiam
962 5067 1007 5124 si
1060 5066 1191 5121 velit
1240 5063 1357 5120 ﬁeri
1431 5079 1540 5119 non
1606 5064 1812 5133 possit,
1860 5070 1919 5117 ut
1958 5063 2223 5118 obediens
2255 5079 2362 5117 non
2392 5062 2479 5117 sit.

295 5165 550 5219 Τοιοῦτον
605 5162 717 5235 γὰρ
783 5160 943 5215 αὑτὸν
1001 5156 1437 5213 κατεσκευάσθαι
1474 5156 1662 5228 λέγει,
1724 5165 1803 5221 ὼς

233 5262 374 5331 πρὸς
424 5258 707 5326 ὑπακοὴν
748 5258 947 5327 μόνην
977 5252 1092 5321 τὴν
1148 5254 1339 5322 φύσιν
1374 5252 1560 5307 αὐτοῦ
1597 5252 1797 5317 ἐπιτη-

234 5353 397 5419 δείως
431 5352 617 5421 ἔχειν.
646 5347 911 5417 Καθάπερ
957 5345 1067 5400 τῶν
1111 5344 1357 5414 ὀργάνων
1390 5344 1450 5397 τὸ
1491 5343 1625 5415 πρός
1678 5358 1800 5395 τινα

236 5442 399 5495 τύπον
423 5438 924 5511 ἐσχηματισμένον,
957 5437 1131 5490 ἐκεῖνο
1172 5435 1232 5487 τὸ
1265 5429 1401 5497 εἶδος
1435 5436 1653 5490 ἐντυποῖ
1680 5434 1797 5486 κατ’

238 5534 477 5605 ἀνάγκην
507 5534 587 5605 τῷ
621 5533 969 5601 ὑποκειμένῳ
994 5572 1008 5596 ,
1054 5530 1188 5598 ὅπερ
1226 5530 1253 5580 δ
1285 5525 1563 5596 χαλκεύων
1595 5529 1658 5596 τῇ
1705 5524 1798 5579 τοῦ

310 5714 356 5744 ⁸⁵
399 5714 538 5770 Psal.
580 5725 805 5780 CXLVIII,
838 5712 891 5767 5.
969 5712 1012 5744 ⁸⁸
1054 5707 1215 5765 llebr.
1262 5723 1300 5775 ι,
1334 5708 1384 5762 5.

1978 5245 2110 5301 Tale
2163 5244 2420 5315 quiddam
2474 5242 2713 5313 seipsum
2779 5239 3159 5296 construxisse
3219 5238 3481 5303 afﬁrmat,

1905 5339 2044 5409 quod
2072 5338 2139 5392 ad
2168 5337 2517 5392 obedientiam
2547 5334 2717 5389 solam
2748 5343 2944 5387 natura
2974 5331 3088 5401 ejus
3122 5332 3485 5386 convenienter

1907 5448 1961 5486 se
1989 5430 2200 5495 habeat,
2226 5426 2682 5500 quemadmodum
2712 5425 3139 5480 instrumentum
3173 5422 3307 5477 illud
3339 5420 3482 5491 quod

1908 5523 1974 5580 ad
2015 5525 2250 5597 aliquem
2286 5530 2471 5594 typum
2503 5520 2617 5576 sive
2655 5518 2885 5573 formam
2922 5515 3324 5574 conformatum
3368 5523 3480 5577 est,
