3922 6474
522 295 617 354 531

1719 314 1777 368 S.
1810 310 2141 373 GREGORII‘
2176 312 2462 378 NYSSENI

3644 335 3738 396 532

521 417 835 471 necessario
854 431 969 471 eam
994 420 1225 489 speciem
1250 422 1506 493 imprimit
1540 431 1779 484 materiae
1811 433 2083 502 subjectae,

2191 436 2419 510 ὀργάνου
2449 442 2759 515 κατασκευῇ
2793 445 3081 501 ἐναπέθετο
3105 491 3119 514 ,
3217 446 3315 503 οὑκ
3358 449 3471 504 ἐστι
3506 446 3732 523 δύναμις
3776 448 3783 488 ἵ

523 519 685 574 quam
704 507 921 576 quidem
951 509 1297 568 instrumenti
1329 514 1672 574 fabricationi
1699 520 1894 577 indidit
1920 524 2086 579 fabri-

521 604 720 661 cator,
771 600 859 654 cui
913 601 1275 659 instrumento
1326 622 1431 661 non
1471 617 1557 664 est
1612 610 1847 670 facultas
1884 624 2088 670 rectam

521 686 722 740 lineam
760 687 992 745 faciendi
1050 693 1101 745 in
1150 693 1394 763 subjecto
1450 699 1591 766 quod
1640 701 1760 770 ejus
1802 704 2087 773 vestigium

522 774 756 843 excepit,
791 776 837 830 si
866 779 1117 833 machina
1151 781 1311 837 fuerit
1339 785 1660 852 rircularis,
1695 791 1779 845 vel
1824 793 2087 846 circulum

523 866 843 923 ostendendi
878 884 972 939 per
999 880 1205 943 typum,
1246 876 1290 929 si
1324 877 1387 929 ad
1422 889 1623 933 rectam
1662 882 1857 937 lineam
1890 884 2089 954 [igura-

522 963 639 1010 tum
682 958 753 1014 sit
778 959 1223 1018 instrumentum.
1268 967 1483 1033 Quanta
1516 971 1586 1025 sit
1619 981 1803 1027 autem
1841 976 1967 1029 talis
1995 989 2092 1028 co-

524 1049 802 1114 gitationis
834 1063 887 1107 et
930 1055 1298 1125 intelligentia:
1333 1062 1665 1132 blasphemia
1698 1071 1752 1118 et
1782 1067 2091 1121 exsecrabi-

526 1139 595 1195 lis
659 1140 945 1212 impietas,
1000 1150 1130 1217 quid
1187 1164 1409 1209 necesse
1473 1164 1557 1211 est
1610 1164 1795 1211 nostra
1848 1161 2093 1213 oratione

524 1233 787 1299 revelare,
821 1252 944 1291 cum
973 1254 1069 1294 vox
1112 1244 1227 1310 ipsa
1265 1244 1517 1301 haeretica
1550 1246 1942 1304 absurditatem
1982 1251 2093 1303 cla-

523 1322 720 1378 mitet?
750 1326 804 1379 Si
846 1330 987 1383 enim
1024 1338 1248 1402 propter
1289 1334 1392 1390 hoc
1436 1338 1695 1393 obediens
1724 1379 1739 1403 ,
1790 1341 1916 1409 quia
1966 1340 2092 1395 talis

523 1422 690 1470 natus
738 1425 864 1484 est,
918 1436 1100 1492 neque
1150 1441 1275 1480 eum
1337 1428 1577 1483 humana
1625 1438 1819 1485 natura
1869 1445 2093 1502 prorsus

525 1507 739 1576 aequale
774 1508 959 1565 habet.
984 1511 1266 1584 Siquidem
1296 1519 1454 1574 nobis
1482 1522 1664 1575 anima
1686 1529 1771 1577 est
1796 1522 1983 1587 libera,
2008 1526 2092 1579 sui

520 1598 666 1667 juris
704 1616 928 1673 compos
950 1644 964 1667 ,
1001 1607 1211 1663 nullius
1242 1608 1486 1665 dominio
1519 1612 1857 1682 mancipata,
1905 1624 2095 1683 sponte

526 1706 626 1746 sua
659 1694 995 1766 arbitrioque
1021 1714 1123 1753 suo
1160 1701 1304 1770 quod
1345 1701 1448 1756 sibi
1480 1703 1660 1771 placet
1686 1712 1738 1759 et
1767 1713 1980 1775 gratum
2011 1714 2093 1761 est

2189 528 2221 598 ἢ
2254 529 2380 583 εὑθὺ
2414 525 2631 601 ποιῆσαι
2660 534 2736 604 τῷ
2782 536 3159 609 ὑποδεχομένῳ
3196 542 3253 593 τὸ
3291 540 3436 611 ἴχνος
3458 581 3473 605 ,
3516 543 3561 594 εἰ
3593 559 3732 613 περι-

2190 620 2361 690 φερὴς
2384 620 2465 693 εἴη
2496 625 2533 693 ἡ
2564 625 2811 696 ἐργασία,
2836 625 2868 697 ἢ
2896 628 3092 683 κύκλον
3121 630 3289 695 δεῖξαι
3322 631 3409 685 διὰ
3434 631 3524 685 τοῦ
3556 631 3731 697 τύπου,

2190 712 2238 762 εί
2287 714 2403 765 κατ’
2436 715 2648 769 εύθεῑαν
2704 718 3168 791 ἐσχηματισμένον
3200 720 3353 792 τύχοι
3398 722 3459 775 τὸ
3505 722 3730 793 ὅργανον.

2191 801 2354 856 Ὅσον
2393 804 2449 857 δὲ
2482 807 2579 876 τῆς
2621 808 2871 879 τοιαύτης
2904 811 3139 875 διανοίας
3178 810 3386 865 ἐστϊτὸ
3418 812 3730 883 βλάσφημον,

2189 891 2241 944 τί
2294 894 2396 965 χρὴ
2455 895 2540 949 διὰ
2594 899 2700 951 τῶν
2760 900 3043 972 ἡμετέρων
3094 902 3526 956 ἐκκαλύπτεσθαι
3557 904 3730 973 λόγων,

2191 984 2358 1055 αὑτῆς
2380 988 2476 1057 τῆς
2501 991 2777 1060 αίρετικῆς
2811 992 2995 1061 φωνῆς
3033 991 3129 1064 τὴν
3155 993 3382 1057 ἀτοπίαν
3420 994 3652 1064 βοώσης;
3679 995 3732 1047 Εί

2190 1075 2297 1146 γὰρ
2322 1074 2406 1129 διὰ
2436 1077 2593 1131 τοῦτο
2620 1080 2855 1151 ὑπήκοος
2876 1122 2891 1146 ,
2920 1083 3053 1136 διότι
3098 1082 3339 1147 τοιοῦτος
3372 1082 3597 1152 ἐγένετο,
3629 1084 3734 1138 οὑδὲ

2191 1168 2327 1237 πρὸς
2354 1168 2698 1243 ἀνθρωπίνην
2727 1173 2886 1242 φύσιν
2916 1176 3130 1238 πάντως
3157 1176 3219 1227 τὸ
3263 1170 3383 1228 ἴσον
3425 1175 3553 1245 ἔχει.
3582 1176 3735 1247 Εἴπερ

2191 1258 2321 1326 ἡμῖν
2365 1260 2463 1330 μὲν
2496 1261 2839 1329 αὑτεξούσιός
2868 1265 3015 1317 ἐστιν
3058 1267 3091 1335 ἡ
3134 1264 3281 1335 ψυχὴ
3314 1265 3408 1320 καὶ
3443 1264 3732 1329 ἀδέσποτος,

2191 1351 2662 1421 αὐτοκρατορικῶς
2691 1355 2984 1425 αἱρουμένη
3017 1356 3135 1409 κατ’
3169 1355 3418 1419 ἐξουσίαν
3442 1352 3734 1408 τδκαταθύὲ

2196 1456 2314 1509 μιον
2334 1458 2348 1471 ⁸
2384 1442 2417 1494 ό
2445 1442 2501 1494 δὲ
2556 1442 2762 1516 ἀνάγκη
2793 1442 3006 1515 φύσεως
3052 1446 3457 1516 ὑπεζευγμένος
3477 1485 3491 1508 ,
3550 1447 3737 1516 ἐνεργεῖ

2192 1529 2279 1582 διὰ
2330 1532 2528 1596 παντὸς
2551 1574 2565 1596 ,
2602 1536 2798 1604 μᾶλλον
2838 1535 2896 1588 δὲ
2944 1537 3139 1607 πάσχει
3186 1536 3283 1607 τὴν
3321 1534 3595 1608 ὑπακοήν·
3631 1536 3734 1588 οὐδὲ

2193 1622 2241 1672 εί
2277 1621 2351 1692 μὴ
2402 1622 2640 1691 βούλοιτο
2689 1625 2845 1678 τοῦτο
2892 1626 3062 1679 ποιεῖν
3102 1627 3491 1699 συγχωρούσης
3526 1628 3618 1698 τῆς
3646 1627 3734 1696 φύ-

2197 1729 2350 1776 σεως.
2392 1714 2483 1767 Ἐκ
2524 1716 2631 1786 γάρ
2657 1716 2750 1769 τοῦ
2783 1717 2907 1780 Υίὸς
2935 1713 3187 1772 εἶναικαὶ
3213 1716 3538 1789 γεγενῆσθαι
3565 1719 3735 1782 οὕτως,

523 1783 752 1854 eligens.
784 1784 885 1851 Qui
927 1796 1107 1845 autem
1159 1801 1373 1846 natura;
1420 1795 1730 1849 necessitati
1774 1772 2083 1867 subjugatut

2196 1772 2431 1873 ὑπήκοος
2470 1772 2688 1872 γέγονεν
2717 1808 2773 1858 ἐν
2804 1772 2999 1874 λόγοις,
3041 1806 3135 1859 καὶ
3451 1808 3507 1859 ἐν
3551 1807 3729 1876 ἔργοις

523 1880 629 1940 est,
657 1886 915 1945 operatur
937 1893 1172 1949 semper,
1197 1878 1308 1936 imo
1339 1899 1469 1937 vero
1493 1888 1795 1956 perpetitur
1837 1890 2095 1947 obedien-

522 1961 656 2014 tiam
692 1978 705 2014 :
739 1972 902 2034 atque
933 1968 1103 2021 etiam
1138 1969 1185 2023 si
1227 1970 1382 2035 nolit,
1417 1972 1520 2026 hoc
1553 1972 1736 2031 facere
1754 1974 1875 2046 ejus
1899 1988 2093 2035 natura

525 2066 633 2105 non
668 2052 966 2123 indulgeat.
1002 2055 1077 2109 Ex
1117 2072 1183 2111 eo
1217 2059 1361 2113 enim
1409 2062 1554 2130 quod
1608 2064 1679 2117 sit
1732 2066 1876 2123 ﬁlius
1916 2077 1970 2124 et
2012 2072 2093 2125 sic

522 2151 687 2196 natus
710 2183 726 2207 ,
773 2145 1031 2201 obediens
1074 2146 1252 2203 factus
1286 2158 1371 2204 est
1411 2152 1464 2205 in
1501 2153 1666 2208 dictis
1690 2195 1705 2218 ,
1743 2165 1798 2211 et
1834 2159 2091 2216 obediens

522 2230 579 2280 in
621 2230 802 2289 factis.
836 2233 881 2288 Ο
909 2245 1186 2306 stuporem
1213 2246 1267 2293 et
1291 2242 1600 2296 vecordiam
1635 2244 1905 2315 dogmatis
1932 2242 1946 2295 ί
1971 2264 2091 2304 ver-

521 2319 607 2374 bis
633 2323 893 2379 obediens
923 2324 1163 2381 Verbum
1210 2329 1367 2395 facis,
1396 2339 1452 2385 et
1483 2341 1663 2389 mente
1704 2337 1953 2407 concipis
1982 2339 2088 2393 alia

524 2408 843 2465 \‘erhaante
863 2412 1096 2471 Verbum
1145 2420 1288 2489 quod
1320 2432 1403 2478 est
1432 2438 1527 2492 per
1555 2427 1848 2481 essentiam
1876 2445 1886 2477 :
1918 2439 1972 2483 et
2005 2431 2087 2483 iu-

521 2506 607 2550 ter
642 2498 881 2554 Verbum
924 2505 1067 2573 quod
1102 2516 1220 2560 erat
1270 2509 1323 2562 in
1377 2512 1669 2582 principio,
1715 2516 1923 2570 scilicet
1968 2533 2085 2572 me-

519 2591 667 2645 dium
700 2600 782 2646 est
804 2602 857 2648 et
886 2595 1229 2664 interjectum
1268 2600 1412 2654 aliud
1449 2600 1705 2667 Verbum,
1736 2606 1985 2677 principii
2018 2609 2083 2661 ad

517 2682 696 2750 ipsum
725 2687 1103 2742 transmittens
1138 2690 1492 2747 voluntatem.
1528 2694 1640 2751 Nec
1660 2697 1789 2751 illud
1819 2713 1985 2752 unum
2003 2708 2086 2754 est

522 2769 757 2827 Verbum
788 2814 804 2838 ,
838 2775 932 2830 sed
973 2778 1127 2846 plura
1174 2790 1303 2834 sunt
1340 2783 1586 2852 quaedam
1611 2779 1805 2852 Verba,
1832 2802 1954 2857 qua:
1993 2804 2086 2857 per

520 2864 759 2918 medium
793 2866 1043 2937 principii
1111 2878 1165 2924 et
1200 2870 1359 2925 Verbi
1401 2874 1468 2927 ab
1497 2873 1759 2931 Eunomio
1795 2880 2087 2933 transtibu-

515 2956 717 3021 lantur,
754 2965 806 3011 et
838 2974 957 3028 quae
987 2968 1047 3014 ut
1080 2963 1213 3031 ipsis
1240 2963 1386 3017 lubet
1420 2965 1584 3035 hujus
1616 2968 1925 3023 ohedientia
1956 2973 2085 3026 abu-

2198 1895 2261 1947 ’Ὡ
2302 1896 2398 1966 τῆς
2439 1896 2792 1967 ἀναισθησίας
2822 1898 2914 1952 τοῦ
2960 1900 3474 1970 δόγματοςῐΛόγοις
3520 1901 3733 1970 ὑπήκοον

2191 1984 2281 2037 τὸν
2326 1985 2497 2052 Λόγον
2519 1988 2688 2049 ποιεῖς
2712 2024 2727 2050 ,
2773 1987 2865 2040 καὶ
2901 1990 3237 2057 προεπινοεῖς
3264 1986 3359 2041 τοῦ
3408 1986 3555 2049 όντος
3580 1986 3735 2052 Λόγου

2186 2069 2391 2139 Λόγους
2416 2070 2654 2144 ἐτέρους
2690 2078 2781 2129 καὶ
2808 2077 3077 2147 μεσιτεύει
3118 2077 3211 2131 τοῦ
3242 2079 3302 2130 ἐν
3334 2080 3399 2149 τῇ
3441 2079 3576 2148 ἀρχῇ
3601 2077 3735 2137 δντος

2188 2164 2361 2233 Λόγου
2417 2164 2602 2236 ἔτερος
2646 2166 2817 2234 Λόγος
2859 2167 2958 2238 τῆς
3012 2168 3187 2239 ἀρχῆς
3237 2168 3377 2238 πρὸς
3430 2167 3585 2219 αὑτὸν
3629 2166 3731 2217 διει⁵

2189 2255 2512 2327 πορθμεύων
2543 2257 2603 2310 τὸ
2656 2257 2932 2328 βούλημα.
2990 2260 3099 2314 Καὶ
3127 2259 3225 2331 οὑχ
3271 2255 3353 2323 εἷς
3397 2252 3574 2322 οὗτος,
3612 2254 3745 2309 ἀλλὰ

2188 2346 2283 2399 καὶ
2329 2345 2573 2410 πλείονές
2619 2346 2724 2399 είσί
2778 2364 2921 2411 τινες
2960 2347 3162 2417 Λόγοι,
3215 2350 3265 2402 οί
3317 2348 3406 2401 διὰ
3456 2348 3613 2417 μέσου
3646 2345 3731 2412 τῆς

2187 2436 2360 2506 ἀρχῆς
2427 2436 2521 2488 καὶ
2549 2434 2643 2489 τοῦ
2667 2436 2842 2505 Λόγου
2897 2437 3046 2508 παρὰ
3072 2436 3165 2491 τοῦ
3201 2439 3468 2509 Εὑνομίου
3498 2450 3727 2505 παρενει-

2190 2526 2441 2597 ρόμενοι,
2482 2526 2575 2579 καὶ
2628 2527 2760 2597 πρὸς
2812 2528 2873 2580 τὸ
2926 2528 3115 2582 δοκοῦν
3167 2530 3354 2592 αὑτοῖς
3413 2533 3475 2599 τῇ
3537 2527 3726 2598 ὑπακοῇ

2186 2610 2351 2669 αὑτοῦ
2379 2615 2811 2688 καταχρώμενοι.
2856 2619 3015 2672 Ἀλλὰ
3061 2619 3117 2673 τί
3166 2620 3269 2691 χρὴ
3324 2624 3390 2692 τῇ
3437 2620 3727 2690 ματαιότητι

2184 2708 2290 2761 τῶν
2318 2708 2623 2778 λεγομένων
2649 2710 3037 2781 ἐνδιατρίϐειν;
3070 2712 3238 2765 Παντὶ
3269 2713 3379 2783 γὰρ
3406 2711 3555 2779 δῆλόν
3577 2713 3725 2773 ἐστιν,

2185 2799 2261 2851 ὅτι
2299 2800 2390 2852 καὶ
2438 2799 2525 2854 ὅτε
2565 2802 2594 2853 ὁ
2640 2801 2847 2865 Παῦλος
2884 2799 3037 2855 εἶπεν
3085 2802 3242 2856 αὐτόν
3276 2803 3593 2873 γεγενῆσθαι
3645 2803 3728 2855 ὑπ-

2185 2891 2367 2958 ήκοον,
2396 2886 2515 2943 εἷπε
2549 2892 2604 2944 δέ
2652 2888 2823 2955 οὑτως
2860 2894 3021 2946 αὑτὸν
3049 2894 3375 2963 γεγενῆσθαι
3401 2936 3415 2957 ,
3452 2895 3618 2964 σάρκα
3645 2893 3724 2944 καὶ

2184 2978 2386 3043 δοῦλον,
2421 2981 2515 3033 καὶ
2541 2981 2784 3052 κατάραν
2818 2982 2911 3034 καὶ
2944 2984 3216 3054 ἁμαρτίαν
3244 2984 3311 3036 δι’
3352 2985 3494 3055 ἡμᾶς
3521 2982 3724 3052 γενόμει

515 3054 725 3103 tuntur.
759 3048 861 3103 Sed
890 3051 1018 3120 quid
1039 3053 1090 3105 in
1112 3053 1303 3107 horum
1331 3055 1602 3110 dictorum
1625 3060 1857 3115 vanitate
1877 3063 2083 3118 diutius

2185 3088 2303 3136 νον,
2344 3072 2463 3123 οὑδὲ
2494 3072 2612 3124 τότε
2664 3048 2697 3126 όἶ
2728 3072 2927 3145 Κύριος
2958 3048 3272 3145 τῆς-δόξης,
3310 3078 3338 3129 ό
3367 3048 3464 3144 τῆς
3491 3048 3724 3143 αίσχύνης

514 3141 792 3195 immorari
840 3158 1061 3200 necesse
1113 3145 1235 3200 est?
1272 3146 1455 3202 Cuivis
1508 3153 1650 3205 enim
1704 3157 2082 3223 perspicuum,

515 3232 657 3298 quod
690 3232 906 3300 quando
931 3233 1131 3290 Paulus
1158 3237 1298 3291 dixit‘
1327 3241 1500 3307 ipsum
1538 3241 1738 3298 factum
1770 3247 1937 3303 fuisse
1958 3250 2085 3305 obe-

514 3323 787 3387 dientem,
840 3324 919 3378 sic
953 3324 1088 3380 dixit
1138 3329 1598 3398 quemadmodum
1639 3335 1772 3390 dicit
1821 3347 1875 3392 et
1906 3340 2082 3408 ipsum

514 3413 717 3467 factum
745 3414 910 3469 fuisse
933 3430 1150 3471 carnem
1176 3426 1230 3472 et
1257 3432 1555 3486 servum,et
1577 3429 2007 3484 exsecrationem
2032 3440 2085 3486 et

516 3514 794 3574 peceatum
827 3516 1046 3576 propter
1072 3525 1193 3573 nos,
1220 3526 1395 3581 neque
1424 3520 1554 3568 tunc
1587 3514 1849 3573 Dominus
1873 3521 2080 3589 gloria},

515 3594 751 3650 dedecus
794 3605 1137 3664 aspernatus,
1165 3608 1217 3653 et
1247 3600 1301 3655 in
1332 3615 1498 3659 carne
1542 3606 1850 3676 passionem
1907 3611 2085 3665 susci-

514 3687 688 3751 piens,
717 3695 985 3756 potestate
1014 3704 1224 3744 summa
1254 3700 1307 3746 et
1337 3690 1509 3749 libera
1554 3698 1794 3767 seipsum
1829 3700 2079 3769 privavit,

513 3778 700 3832 dicens
726 3778 790 3839 ‘7,
830 3776 1024 3833 Solvite
1083 3783 1329 3850 templum
1364 3784 1482 3848 hoc,
1524 3794 1574 3840 et
1610 3787 1666 3842 in
1703 3788 1868 3844 tribas
1898 3790 2079 3845 diebus

512 3873 681 3937 ipsum
740 3871 998 3926 excitabo.
1054 3871 1118 3927 Et
1160 3874 1379 3938 iterum,
1414 3874 1613 3932 Nullus
1665 3880 1804 3933 tollit
1839 3882 2073 3937 animam

512 3978 679 4015 meam
717 3980 749 4015 a
792 3978 905 4025 me;
959 3970 1266 4032 potestatem
1311 3966 1475 4021 habeo
1529 3971 1768 4037 ponendi
1796 3974 1988 4041 ipsam,
2031 3984 2082 4028 et

508 4064 812 4122 potestatem
843 4054 1005 4111 habeo
1035 4058 1333 4112 resumendi
1364 4060 1553 4127 ipsam.
1600 4063 1666 4116 Et
1712 4079 1835 4117 cum
1883 4065 1950 4119 ad
1997 4066 2081 4137 ip-

512 4161 631 4198 sum
683 4146 904 4216 propius
951 4158 1304 4203 accesserunt
1342 4165 1403 4205 ea
1434 4160 1607 4206 nocte
1635 4169 1755 4223 quae
1799 4156 1918 4225 ejus
1951 4172 2079 4226 pas-

512 4237 718 4291 sionem
742 4238 1044 4306 praecessit,
1076 4238 1167 4308 qui
1219 4239 1366 4295 ferro
1397 4251 1449 4296 et
1472 4242 1633 4312 lignis
1674 4247 1866 4300 armati
1898 4258 2077 4314 erant,

509 4343 701 4383 omnes
730 4336 1029 4383 retrorsum
1058 4331 1275 4393 evertit,
1316 4346 1437 4387 cum
1473 4335 1574 4389 hoc
1607 4336 1763 4404 dixit,
1797 4337 1908 4408 Ego
1939 4357 2074 4394 sum.

2187 3162 2630 3231 καταφρονήσας,
2665 3163 2758 3215 καὶ⁸
2802 3166 2866 3234 τῇ
2904 3167 3066 3235 σαρκί⁹
3113 3166 3171 3218 τὸ
3220 3166 3393 3229 πάθος
3426 3164 3727 3233 ἀναδεξάμε-

2186 3266 2302 3314 νος,
2336 3249 2432 3321 τῆς
2488 3250 2807 3321 αὑθεντικῆς
2859 3252 3106 3319 ἐξουσίας
3161 3255 3353 3309 ἑαυτὸν
3404 3253 3721 3324 ἠλλοτρίωσε,

2183 3340 2355 3407 λέγων
2378 3382 2391 3405 ,
2425 3342 2661 3394 Λύσατε
2692 3342 2798 3395 τὸν
2834 3342 2987 3396 ναὸν
3023 3343 3271 3411 τοῦτον,
3316 3345 3411 3398 καὶ
3458 3345 3523 3397 ἐν
3548 3341 3723 3409 τρισὶν

2184 3432 2427 3500 ἡμέραις
2458 3430 2636 3501 ἐγερῶ
2659 3434 2860 3486 αὐτόν.
2888 3433 2998 3486 Καὶ
3028 3434 3209 3501 πάλιν,
3233 3435 3442 3499 Οὐδεὶς
3461 3434 3599 3501 αἴρει
3622 3430 3721 3495 τὴν

2182 3522 2393 3592 ’ψυχήν
2408 3539 2525 3591 μου
2552 3524 2652 3576 ἀπ’
2673 3523 2845 3591 ἐμοῦο
2866 3523 3154 3587 ἐξουσίαν
3177 3527 3296 3594 ἔχω
3325 3525 3503 3580 θεῖναι
3526 3520 3717 3585 αὐτὴν,

2183 3615 2280 3667 καὶ
2316 3613 2607 3677 ἐξουσίαν
2632 3613 2749 3680 ἔχω
2791 3613 2976 3667 πάλιν
3005 3615 3212 3669 λαϐεῖν
3250 3616 3463 3681 αὑτήν.
3509 3612 3608 3665 Καὶ
3642 3612 3717 3661 ὅτε

2182 3704 2553 3774 προσήγγισαν
2592 3701 2738 3773 αὑτῷ
2766 3704 2906 3756 κατὰ
2934 3704 3032 3775 τὴν
3070 3706 3176 3776 πρὸ
3197 3706 3292 3759 τοῦ
3322 3707 3519 3767 πάθους
3545 3702 3714 3761 νύκτα,

2181 3796 2230 3848 οἱ
2258 3794 2332 3865 τῷ
2361 3794 2558 3867 σ.δήρῳ
2583 3794 2674 3847 καὶ
2706 3796 2815 3854 τοῖς
2844 3794 3019 3860 ξύλοις
3052 3796 3504 3866 καθωπλισμένοι,
3536 3794 3715 3851 πάντας

2181 3887 2375 3950 αὑτοὺς
2403 3888 2481 3949 είς
2508 3886 2569 3938 τὸ
2600 3885 2831 3939 κατόπιν
2873 3886 3132 3957 ἀνέτρεψε
3174 3888 3259 3940 διὰ
3294 3888 3388 3941 τοῦ
3425 3887 3614 3947 εἰπεῖν,
3645 3883 3715 3935 ὃτι

2181 3978 2328 4046 Ἐγώ
2364 3979 2478 4045 ειμι
2506 3976 2640 4028 ’καὶ
2672 3976 2828 4029 πάλιν
2882 3976 2975 4028 τοῦ
3023 3976 3218 4049 λῃστοῦ
3270 3979 3627 4038 ἱκετεύσαντος
3664 3975 3714 4025 ἐν

2184 4072 2367 4141 μνήμῃ
2402 4069 2531 4137 παρ’
2562 4065 2724 4123 αὑτοῦ
2751 4068 2999 4136 γενέσθαι
3025 4106 3040 4131 ,
3073 4068 3237 4134 ἔδειξε
3270 4071 3368 4142 τὴν
3404 4070 3490 4123 ἐπὶ
3522 4069 3713 4122 πάντων

2181 4160 2425 4226 ἐξουσίαν
2448 4197 2461 4218 ,
2492 4158 2549 4209 ὲν
2589 4150 2669 4220 οἷς
2712 4174 2865 4227 φησι,
2894 4157 3161 4227 Σήμερον
3191 4163 3320 4228 μετ’
3346 4159 3485 4230 ἐμοῦ
3520 4159 3625 4252 ἔσῃ
3653 4155 3713 4252 ἐς

2179 4250 2258 4315 τῷ
2311 4247 2668 4316 παραδείσῳ.
2701 4247 2764 4299 El
2809 4247 2987 4300 τοίνυν
3027 4248 3143 4302 οὑδέ
3203 4253 3259 4303 ἐν
3309 4250 3385 4321 τῷ
3430 4245 3593 4317 καιρῷ
3630 4245 3709 4296 τοῦ

2182 4343 2382 4404 πάθους
2412 4341 2510 4411 τῆς
2546 4338 2791 4405 ἐξουσίας
2838 4339 3165 4408 χωρίζεται,
3208 4340 3315 4394 ποῦ
3341 4355 3463 4393 ποτε
3489 4332 3708 4406 βλέπειή

509 4419 575 4471 Ει
610 4434 801 4473 rursus
831 4420 1040 4475 latrone
1089 4423 1433 4491 supplicante
1460 4436 1519 4479 ut
1550 4428 1633 4482 sui
1674 4443 1880 4484 memor
1910 4444 2072 4499 esset,

2184 4437 2387 4506 αἵρεσις
2426 4431 2519 4485 τοῖ’)
2554 4431 2813 4502 βασιλέως
2841 4429 2939 4501 τῆς
2976 4432 3131 4503 δόξης
3161 4432 3222 4486 τὸ
3257 4431 3590 4498 ὑπεξούσιον;
3628 4424 3709 4485 Τίς

508 4526 663 4565 suam
705 4511 757 4563 in
803 4511 1058 4565 omnibus
1086 4521 1409 4582 potestatem
1454 4520 1716 4582 ostendit,
1755 4537 1878 4576 cum
1914 4523 2074 4591 dixit,

495 4602 672 4658 Hodie
702 4620 905 4659 mecum
965 4604 1068 4657 eris
1128 4605 1182 4658 in
1241 4608 1512 4676 paradiso.
1568 4611 1625 4665 Si
1671 4613 1839 4683 igitur
1896 4633 2076 4689 neque

506 4700 755 4760 tempore
797 4692 1075 4762 passionis
1105 4709 1134 4747 a
1176 4704 1447 4765 potestate
1494 4713 1816 4772 separatur:
1854 4708 2072 4763 ubinam

505 4779 723 4835 tandem
756 4783 979 4837 haeresis
1029 4784 1424 4853 subjectionem
1456 4789 1618 4861 Regis
1649 4795 1834 4863 gloria:
1864 4799 2075 4868 conspi-

504 4870 626 4924 cit?
686 4871 945 4937 Qumnam
1006 4874 1119 4929 haec
1179 4878 1344 4931 etiam
1412 4882 1729 4937 multimoda
1796 4888 2074 4943 meditatio

503 4977 667 5031 quam
695 4963 747 5016 in
775 4962 884 5017 Deo
906 4963 1095 5033 jactat,
1121 4965 1313 5023 dicens
1344 4970 1696 5029 mediatorem
1733 4978 1784 5030 in
1814 4979 2071 5047 decretis,

2058 5075 2071 5127 i
2175 5076 2234 5129 τὸ
2270 5074 2417 5145 ῥῆμα
2440 5110 2455 5135 ,
2484 5071 2564 5124 δτι
2598 5062 2692 5130 Εἷς
2716 5066 2877 5132 Θεὸς,
2929 5069 3025 5121 καὶ
3071 5065 3151 5134 εἷς
3206 5073 3426 5143 μεσίτης
3458 5063 3581 5120 Θεοῦ
3620 5056 3700 5112 καὶ

501 5251 774 5293 evacuans
804 5238 921 5295 suis
956 5239 1324 5312 documentis,
1363 5247 1451 5303 hic
1482 5256 1565 5305 est
1608 5252 1873 5307 mediator
1899 5254 1989 5309 Dei
2015 5264 2070 5311 et

499 5328 806 5395 hominum,
869 5346 997 5386 cum
1042 5334 1179 5390 dixit
1236 5336 1339 5392 hoc
1391 5340 1567 5408 ipsum
1621 5346 1870 5411 verbum,
1925 5350 2068 5419 quod

495 5417 653 5473 Unus
675 5414 821 5472 Deus
871 5429 977 5488 est,
1023 5440 1165 5481 unus
1212 5430 1481 5487 mediator
1527 5433 1622 5489 Dei
1667 5444 1721 5491 et
1757 5414 2065 5503 homin—um,

506 5505 675 5560 homo
709 5511 963 5571 Christus
1006 5513 1184 5574 Iesus.
1228 5520 1424 5578 Totum
1477 5526 1636 5583 nobis
1683 5529 1771 5585 hic
1822 5531 2063 5603 mysterii

576 5686 620 5716 ⁸⁷
668 5686 823 5742 Joan.
867 5706 929 5757 η,
981 5693 1073 5747 19.

2176 4529 2231 4583 δὲ
2258 4527 2350 4579 καὶ
2392 4526 2424 4595 ἡ
2461 4522 2795 4593 πολύτροπος
2822 4521 2961 4590 αῦτη
2995 4524 3237 4593 μεσιτεία
3259 4564 3273 4590 ,
3326 4529 3391 4597 ἢν
3432 4514 3710 4591 ἐπιθρυλλεῖ

2177 4618 2251 4689 τῷ
2278 4615 2396 4684 Θεῷ
2419 4656 2432 4679 ,
2465 4612 2687 4684 μεσίτην
2719 4610 2889 4679 λέγων
2919 4613 2981 4664 ἐν
3006 4612 3272 4684 δόγμασι,
3311 4614 3533 4688 μεσίτην
3551 4613 3603 4662 ἐν
3630 4604 3704 4658 νό-

2180 4724 2295 4780 μως
2344 4706 2418 4759 Ub
2474 4701 2655 4755 ταῦτα
2701 4700 2851 4771 παρὰ
2888 4701 2989 4771 τῆς
3028 4702 3237 4775 ὑψηλῆς
3280 4705 3375 4759 τοῦ
3417 4695 3704 4802 Ἀποστόλρυ

2177 4801 2357 4870 φωνῆς
2402 4796 2801 4868 ἐπαιδεύθημεν
2821 4812 2833 4825 ·
2869 4798 2927 4861 ὅς
2961 4815 3124 4869 φησιν
3150 4839 3164 4864 ,
3201 4801 3282 4854 ὃτι
3310 4802 3399 4855 τὸν
3440 4796 3588 4866 νόμον
3611 4796 3704 4842 τῶν

2177 4890 2403 4948 ἐντολῶν
2442 4890 2795 4959 καταργήσας
2842 4890 2954 4952 τοῖς
2986 4890 3178 4944 ἑαυτοῦ
3234 4892 3522 4978 δόγμασιν,
3571 4876 3704 4978 οὗτός

2178 4981 2374 5036 ἐστινὸ
2407 4979 2628 5049 μεσίτης
2655 4974 2789 5028 Θεοῦ
2833 4976 2926 5029 καὶ
2981 4976 3300 5049 ἀνθρώπων,
3347 4975 3520 5033 Εἰπὼν
3567 4974 3701 5024 τοῦτο

2176 5159 2474 5233 ἀνθρώπων
2495 5195 2511 5221 ,
2556 5153 2836 5225 ἄνθρωπος
2882 5156 3119 5227 Χριστὸς.
3158 5160 3360 5231 Ἰησοῦς
3383 5177 3397 5192 ·
3443 5148 3698 5253 ὅλονυήμίν

2176 5250 2406 5306 ἐνταῦθα
2427 5248 2519 5301 τὸν
2564 5244 2764 5298 σκοπὸν
2789 5244 2881 5299 τοῦ
2920 5249 3218 5320 μυστηρίου
3261 5251 3347 5305 διὰ
3383 5248 3476 5317 τῆς
3500 5244 3585 5297 τοῦ
3616 5251 3697 5306 με-

2176 5344 2320 5398 σίτου
2372 5340 2568 5404 λέξεως
2605 5334 2873 5389 διαλαϐὼν
2897 5377 2911 5402 ,
2951 5338 3297 5410 ἀπεκάλυψεν
3319 5359 3332 5374 ο
3378 5343 3405 5393 ὁ
3444 5336 3495 5389 δὲ
3522 5325 3695 5385 σκοπὸς

2174 5428 2325 5497 οῦτός
2357 5433 2503 5484 ἐστιν
2524 5446 2535 5459 ’
2567 5425 2783 5497 ἀπέστη
2820 5425 2907 5480 διὰ
2949 5428 3048 5499 τῆς
3074 5430 3166 5483 τοῦ
3229 5425 3583 5497 ἀντικειμένου
3609 5430 3693 5469 και

2174 5528 2298 5591 κίας
2329 5520 2459 5579 ποτὲ
2494 5519 2556 5574 τὸ
2587 5515 2944 5589 ἀνθρώπινον,
2976 5520 3071 5576 καὶ
3092 5524 3158 5593 τῇ
3187 5521 3419 5597 ἁμαρτίᾳ
3440 5506 3700 5571 δουλωθὶνγ
