3922 6466
1243 315 1520 377 CONTRA
1553 306 1949 370 EUNOMIUM,
1985 303 2117 358 LIB.
2151 298 2215 353 ll.
3268 276 3371 332 εδδ

1799 435 2025 490 scopqu
2083 408 2401 469 mediatoris
2441 404 2661 461 nomine
2711 397 3029 467 complexus
3064 389 3367 447 revelavit:

1796 516 1887 570 hic
1916 520 2097 566 autem
2133 518 2336 573 scopus
2373 504 2494 553 est:
2526 490 2823 549 adversarii
2850 485 3055 541 malitia
3096 478 3371 552 quondam

1799 608 2095 662 humanum
2129 609 2298 668 genus
2335 606 2365 645 a
2392 589 2501 643 Deo
2549 583 2844 643 defecerat,
2874 585 2928 633 et
2970 580 3200 647 peccato
3255 584 3373 625 ser-

1798 701 1995 762 vierat,
2040 702 2095 750 et
2150 705 2181 744 a
2228 699 2358 743 vera
2414 681 2525 736 vita
2580 678 2875 731 alienatum
2936 674 3075 724 erat.
3133 663 3379 719 Revocat

1803 799 1989 863 postea
2023 799 2181 843 suum
2210 781 2551 852 ﬁgmentum,
2580 771 2673 841 qui
2708 761 2947 836 ﬁgmenti
2973 756 3239 812 Dominus
3268 761 3372 814 est,

1801 845 1855 939 ct
1900 882 1958 935 ﬁt
1999 879 2164 932 homo
2213 845 2335 927 etim
2380 883 2443 922 eo
2490 861 2582 934 qui
2625 864 2710 915 est
2745 855 2909 915 Deus,
2942 857 2995 905 et
3023 845 3157 901 illud
3200 852 3376 899 totum

1804 989 1929 1031 cum
1955 976 2122 1031 esset,
2150 963 2336 1020 ethoc
2368 968 2539 1013 totum
2583 950 2803 1022 iactus:
2848 951 2902 998 et
2952 940 3033 994 sic
3083 934 3230 1007 quod
3278 934 3381 988 hu-

1805 1079 2024 1123 manum
2047 1067 2151 1121 est,
2181 1070 2305 1110 cum
2350 1051 2460 1104 Deo
2500 1046 2859 1113 temperatum
2901 1039 3006 1095 est,
3042 1028 3260 1085 homine
3288 1025 3379 1096 qui

1806 1154 2107 1214 secundum
2153 1146 2432 1202 Christum
2482 1144 2590 1197 est,
2648 1128 3035 1187 mediationem
3100 1127 3380 1190 operante.

1807 1252 1907 1307 Cui
1953 1262 2051 1318 per
2092 1248 2404 1307 assumptas
2432 1249 2461 1286 a
2496 1229 2656 1286 nobis
2707 1222 2978 1296 primitias
3025 1222 3139 1271 tota
3181 1211 3386 1266 virtute

161 453 347 525 καὶτῆς
386 452 555 512 δντως
581 444 910 517 ὴλλοτριὼθη
943 443 1107 512 ζωῆς.
1156 438 1528 493 ’Ᾱνακαλεῖται
1558 428 1694 501 μετὰ
1722 426 1766 484 Α

164 551 306 605 ταῦτα
340 545 398 597 τὺ
431 538 622 595 ἑαυτοῦ
670 538 892 606 πλάσμα
921 538 950 588 ό
979 534 1071 588 τοῦ
1115 532 1428 602 πλάσματος
1471 525 1693 597 Κύριος,

164 641 241 697 καὶ
274 637 470 706 γίνεται
514 630 795 701 ἄνθρωπος
830 626 966 698 μετὰ
988 625 1081 679 τοῦ
1117 620 1253 678 εἶναι
1284 621 1412 684 Θεός
1435 638 1447 649 ·
1478 618 1699 672 κάκεῖνο

162 733 260 784 ὂλον
280 727 366 790 ὢν,
406 724 502 777 καὶ
529 721 684 774 τοῦτο
706 718 827 772 ὅλον
856 716 1147 785 γενόμενος
1168 730 1182 744 ·
1229 712 1325 765 και
1357 709 1527 769 οὕτως
1576 720 1698 757 συν-

163 813 403 885 ανεκράθη
430 808 553 880 Θεῷ
574 808 634 861 τὸ
655 804 1009 877 ἀνθρώπινον,
1038 801 1131 855 τοῦ
1157 799 1299 854 κατὰ
1326 795 1557 868 Χριστὸν
1602 795 1697 846 ἁν-

163 882 349 979 ορώτξου
399 902 501 971 τὴν
564 897 840 970 μεσιτείαν
888 891 1282 967 ἐργασαμένου.
1339 882 1410 958 Ὦ
1461 885 1550 938 διὰ
1603 885 1702 954 τῆς

164 992 533 1062 ἀναληφθείσης
572 991 704 1060 ἡμῖν
739 988 947 1057 ἀρχῆς,
986 984 1105 1037 ὅλον
1158 984 1224 1053 τῇ
1258 978 1480 1049 δυνάμει
1509 992 1703 1029 συναν-

164 1083 339 1155 εκράθη
381 1082 444 1133 τὸ
489 1078 738 1149 φύραμα.
782 1075 933 1127 Ἐπεὶ
982 1068 1071 1125 οῦν
1121 1072 1147 1124 ό
1194 1069 1416 1140 μεσίτης
1449 1069 1565 1130 ἐνὸς
1604 1067 1705 1120 οὐκ

164 1177 301 1237 ἔστιν,
326 1175 353 1225 ό
383 1172 440 1224 δέ
468 1170 605 1232 Θεὸς
638 1162 716 1231 εἷς
747 1168 911 1230 ἐστιν,
940 1163 1093 1217 οὐδὲν
1121 1164 1232 1225 τοῖς
1263 1158 1570 1231 προσώποις
1595 1160 1707 1220 τοῖς

165 1272 209 1321 ἐν
254 1269 312 1336 τῇ
362 1264 545 1315 πίστει
578 1256 1034 1329 παραδεδομένοις
1084 1251 1509 1323 ἐμμεριζόμενος
1538 1290 1553 1313 ο
1610 1248 1707 1317 μία

165 1359 251 1427 γὰρ
279 1359 310 1426 ἡ
345 1353 541 1422 θεότης
566 1353 626 1404 ἐν
658 1348 829 1418 Πατρί
862 1363 921 1399 τε
967 1346 1061 1399 καὶ
1090 1342 1204 1412 Υἱῷ
1230 1385 1244 1405 ,
1294 1342 1386 1395 καὶ
1430 1339 1708 1410 Πνεύματι

166 1450 280 1518 ἁγίῳ
307 1462 322 1478 ·
373 1443 460 1497 διὰ
512 1440 671 1495 τοῦτο
703 1440 907 1504 γίνεται
956 1436 1180 1507 μεσίτης
1233 1432 1379 1496 ἅπαξ
1411 1434 1438 1484 ὁ
1472 1430 1705 1501 Κύριος,

164 1539 275 1593 Θεοῦ
312 1538 400 1591 καὶ
449 1533 758 1602 ἀνθρώπων
784 1571 798 1592 ,
841 1529 1124 1582 συνάπτων
1172 1524 1263 1577 τὸν
1308 1521 1590 1591 ἄνθρωπον
1645 1518 1709 1569 δι’

166 1624 331 1681 ἐαυτοῦ
368 1626 433 1693 τῇ
475 1623 717 1690 θεότητι.
760 1618 918 1670 Ἀλλὰ
952 1616 1043 1669 καὶ
1077 1614 1166 1666 διὰ
1195 1612 1288 1665 τοῦ
1324 1610 1464 1664 κατὰ
1503 1609 1594 1660 τὸν
1626 1624 1714 1677 με·

169 1719 295 1788 σίτην
323 1717 595 1785 νοήματος
617 1712 676 1765 τὸ
701 1709 916 1772 εύσεὸἐς
945 1708 1043 1776 τῆς
1074 1704 1306 1766 πίστεως
1340 1699 1709 1770 ἐδιδάχθημεν*

167 1808 310 1880 ὁγὰρ
360 1806 591 1876 μεσίτης
637 1801 770 1855 Θεοῦ
817 1800 912 1854 καὶ
949 1795 1250 1867 ἀνθρώπων
1280 1794 1467 1862 ὥσπερ
1495 1791 1592 1861 τῆς
1625 1791 1715 1842 ἀν-

168 1900 416 1969 θρωπίνης
446 1896 669 1966 φύσεως
706 1892 803 1963 τὴν
849 1888 1129 1944 κοινωνίαν
1184 1883 1431 1949 ἐδέξατο,
1466 1881 1527 1935 ού
1568 1896 1717 1950 νομι-

170 1992 292 2054 σθεὶς
317 1990 409 2043 ἄνθ
420 2004 607 2060 ρωπος
628 2027 643 2051 ,
663 1983 801 2039 ἀλλὰ
829 1978 1063 2051 γεγονὼς
1104 1976 1243 2031 κατὰ
1273 1975 1549 2044 ἀλήθειαν,
1577 1972 1718 2025 οὕτω

170 2084 245 2138 καὶ
275 2080 519 2152 ἀληθινὸς
553 2078 689 2139 Θεὸς
713 2074 789 2129 ὢν
810 2116 824 2140 ,
874 2073 975 2127 οὐκ
1028 2067 1316 2140 ἐπωνυμίᾳ
1359 2065 1717 2138 τετιμημένος

171 2174 293 2226 ἐστὶν
337 2171 498 2241 ψιλῆς
521 2170 625 2240 τῆς
659 2166 941 2237 θεότητος,
972 2162 1046 2226 ὡς
1075 2162 1102 2214 ό
1123 2158 1385 2230 Εὐνόμιος
1413 2158 1679 2229 βούλεται.

1809 1341 2215 1407 contemperata
2243 1336 2326 1385 est
2358 1338 2560 1380 massa.
2593 1316 2861 1385 Quoniam
2910 1310 3078 1381 igitur
3114 1302 3384 1359 mediator

1809 1434 1974 1489 unius
2002 1444 2107 1483 non
2143 1430 2247 1484 est,
2282 1420 2423 1473 Deus
2461 1421 2640 1468 autem
2678 1422 2819 1462 unus
2842 1414 2944 1465 est,
2976 1413 3155 1468 neque
3181 1395 3236 1448 in
3266 1404 3392 1462 per-

1812 1524 1965 1580 sonis
1992 1521 2048 1574 in
2090 1514 2193 1570 ﬁde
2231 1508 2449 1565 traditis
2496 1505 2552 1558 in
2605 1509 2786 1570 partes
2831 1490 3162 1547 distributus
3211 1498 3224 1533 :
3278 1494 3386 1534 una

1812 1617 1957 1674 enim
2022 1607 2194 1665 deitas
2246 1603 2300 1657 in
2357 1599 2536 1663 Patre,
2584 1592 2742 1655 Filio,
2795 1596 2849 1643 et
2902 1581 3110 1653 Spiritu
3160 1579 3390 1631 sancto:

1816 1712 2101 1780 propterea
2132 1697 2189 1752 ﬁt
2230 1690 2498 1748 mediator
2541 1682 2710 1740 semel
2745 1676 3029 1734 Dominus,
3062 1666 3156 1722 Dei
3201 1672 3257 1719 ct
3290 1662 3390 1714 ho-

2503 1778 2510 1780 μ
2947 1763 2981 1780 η,
3031 1774 3143 1780 MM
3186 1751 3368 1780 Mm:

1819 1751 2046 1858 ininrum,
2071 1786 2333 1859 c0pulans
2368 1778 2643 1835 hominem
2672 1787 2765 1843 per
2794 1763 3146 1833 semetipsum
3183 1751 3393 1810 deitati.

1819 1889 1961 1957 Quin
1991 1884 2154 1941 etiam
2187 1875 2408 1932 notione
2443 1883 2539 1939 per
2570 1842 2927 1919 mediatorem
2960 1854 3225 1919 concepta
3274 1842 3396 1898 ﬁdei

1819 1981 2075 2053 pietatem
2092 1966 2385 2024 didicimus
2405 1980 2417 2015 :
2449 1957 2716 2013 mediator
2734 1952 2876 2007 enim
2896 1948 2990 2002 Dei
3014 1952 3066 2001 et
3088 1939 3397 1997 hominum,

1821 2030 2276 2143 quemadmodum
2349 2054 2605 2107 humanze
2677 2052 2888 2100 natura:
2962 2030 3402 2092 communionem

2519 2139 2531 2143 ‘
2837 2130 2851 2143 ‘
2965 2134 2977 2143 -
3034 2141 3049 2143 ι
3106 2116 3402 2143 Δ..η-,ιῑηιιι

1827 2116 2052 2227 accepit,
2100 2164 2212 2205 non
2254 2149 2479 2216 putatus
2519 2139 2711 2198 homo,
2761 2130 2855 2188 sed
2892 2134 3055 2184 natus
3103 2116 3406 2178 secundum

173 2209 292 2226 W'"
338 2209 496 2241 γ-ἰιιν
532 2209 623 2240 ἐι-
661 2209 941 2237 ν--σ-ιι-ννι
976 2209 1044 2226 -ν
1080 2209 1099 2214 ν
1124 2209 1382 2230 --ηςηη
1413 2209 1497 2229 ,μί
1827 2209 1976 2227 "hi
2042 2209 2051 2216 _
2257 2209 2273 2216 _

173 2265 450 2327 veritatem.
476 2262 562 2317 sic
589 2260 754 2314 etiam
781 2270 944 2311 verus
972 2253 1114 2309 Deus
1142 2261 1226 2307 est
1254 2265 1362 2305 non
1394 2259 1756 2322 cognomento
1794 2260 2004 2307 tantum
2057 2243 2360 2297 honoratus
2412 2231 2572 2287 nudae
2622 2224 2865 2289 deitatis,
2920 2226 2981 2275 ut
3040 2214 3158 2272 vult
3213 2209 3401 2263 Euno—

230 2457 357 2506 ὐσα
393 2452 452 2504 δέ
502 2451 624 2513 τοῖς
675 2446 979 2520 εἰρημένοις
1022 2442 1379 2514 προστίθησι,
1416 2441 1516 2511 τῆς
1560 2441 1726 2509 αὐτῆς

176 2549 332 2611 ἀνοίας
356 2547 564 2616 ἔχεται,
604 2541 801 2614 μᾶλλον
832 2539 887 2592 δὲ
917 2534 1231 2598 κακονοίας·
1271 2533 1399 2586 Υίδν
1429 2534 1535 2604 γὰρ
1567 2532 1727 2586 αὑτὸν

178 2641 339 2705 εἰπὼν,
368 2637 427 2689 ὃν
456 2640 516 2690 ἐν
549 2636 666 2697 τοῖς
699 2631 878 2703 μικρῷ
900 2627 1130 2700 πρόσθεν
1158 2624 1486 2695 εἰρημένοις,
1516 2621 1728 2676 κτιστὸν

177 2728 292 2784 εἶναι
319 2729 505 2799 σαφῶς
536 2722 947 2797 διωρίσατο,κα“ι
972 2718 1256 2787 Μονογενῆ
1273 2716 1404 2769 Θεὸν
1436 2715 1726 2784 ὀνομάσας,

178 2822 225 2873 ὃν
252 2818 377 2888 μετὰ
404 2817 524 2871 τῶν
552 2814 754 2869 λοιπῶν
788 2812 892 2866 τῶν
917 2810 1004 2864 διὰ
1036 2809 1133 2879 τῆς
1172 2807 1399 2870 κτίσεως
1432 2804 1730 2874 γεγονότων

180 2911 457 2980 ἠρίθμησεν
509 2948 527 2971 ,
579 2905 792 2975 ὅμοιον
840 2899 964 2954 εἶπε
1022 2898 1101 2963 τῷ
1151 2894 1547 2968 γεννήσαντι,
1604 2892 1729 2946 κατ’

180 2999 461 3066 ἐξαίρετον
491 2994 818 3065 ὁμοιότητα
835 2990 1050 3060 μόνον,
1082 2986 1230 3041 κατὰ
1253 2984 1367 3053 τὴν
1394 2982 1732 3042 ἰδιάζουσαν

182 3089 416 3142 ἔννοιαν.
451 3088 499 3139 Χ
515 3086 583 3157 ρὴ
612 3083 787 3137 τοίνυν
814 3078 1162 3148 διασταλῆναι
1186 3075 1397 3147 πρῶτον
1430 3073 1521 3126 τοῦ
1549 3072 1733 3142 ὁμοίου

184 3181 233 3233 τὸ
273 3179 669 3251 σημαινόμενον
693 3215 707 3239 ,
760 3171 1007 3243 ποσαχῶς
1057 3170 1115 3222 ἐν
1156 3171 1221 3239 τῇ
1278 3167 1609 3236 καταχρήσει
1640 3163 1738 3233 τῆς

1898 2430 2030 2496 Quae
2078 2428 2259 2477 autem
2304 2414 2391 2469 his
2440 2409 2601 2465 dictis
2632 2403 2821 2474 adjicit
2858 2399 3106 2457 eamdem
3136 2392 3413 2464 rcsipiunt

1829 2516 2145 2578 amentiam,
2170 2508 2255 2565 vel
2285 2505 2467 2578 potius
2505 2494 2944 2554 malevolentiam
2972 2504 2986 2544 :
3016 2488 3215 2543 Filium
3252 2484 3401 2541 enim

1831 2613 2008 2682 ipsum
2042 2617 2166 2660 cum
2208 2576 2463 2657 disisset,
2495 2603 2655 2660 quem
2702 2586 2756 2640 in
2793 2583 2880 2637 his
2923 2594 3043 2650 quae
3083 2576 3247 2647 paulo
3289 2582 3415 2628 ante

1832 2665 1977 2756 dicta
2017 2695 2255 2756 fuerunt,
2300 2685 2431 2757 quid
2464 2687 2709 2736 creatum
2742 2688 2865 2731 esse
2910 2678 3097 2741 aperte
3130 2679 3182 2723 et
3207 2665 3416 2721 diserte

1835 2781 2219 2847 determinavit
2258 2794 2272 2830 :
2320 2756 2376 2832 et
2417 2769 2771 2842 Unigenitum
2828 2762 3001 2818 Deum
3055 2756 3416 2815 nominasset,

1835 2896 1997 2954 quem
2038 2890 2162 2931 cum
2206 2866 2435 2938 reliquis
2464 2859 2731 2919 creaturis
2778 2847 3231 2911 connumeravit.
3270 2845 3421 2900 simi-

1839 2936 1938 3026 [em
1965 2966 2102 3024 dixit
2130 2936 2354 3034 genitori
2389 2961 2593 3009 tantum
2631 2943 2952 3017 prmellenti
2981 2948 3030 2995 et
3057 2936 3249 2993 eximia
3290 2950 3421 3004 qua-

1840 3062 1963 3114 dam
1988 3052 2364 3113 similitudine,
2414 3042 2697 3100 secundum
2735 3035 3005 3108 propriam
3033 3042 3083 3087 et
3105 3028 3423 3101 peculiarem

1844 3151 2105 3207 notitiam.
2141 3144 2382 3199 Primum
2424 3137 2588 3208 igitur
2627 3130 2823 3187 similis
2858 3120 3187 3198 signiﬁcatio
3223 3118 3424 3175 distin-

188 3208 233 3233 w
273 3208 707 3251 υημυιινυμςνυν,
766 3208 1005 3243 ιιυυυιλυιι,
1057 3208 1112 3222 ..γ
1168 3208 1221 3239 νυ
1279 3208 1609 3236 mnu-“-1---
1651 3208 1736 3233 nl,

188 3269 449 3340 συνηθείας
478 3267 724 3335 λέγεται.
750 3259 864 3317 Εἶθ’
904 3261 1075 3323 οὕτως
1115 3258 1207 3312 ἐπὶ
1230 3256 1326 3328 τὴν
1364 3256 1606 3322 ἐξέτασιν
1634 3253 1739 3306 τῶν

1846 3244 2057 3319 gucnda
2089 3248 2193 3305 est,
2234 3243 2368 3307 quot
2394 3230 2572 3286 modis
2606 3228 2662 3281 in
2692 3224 2870 3279 abusu
2898 3211 3312 3275 consuetudinis
3342 3208 3424 3263 di-

1880 3338 1888 3340 »
2043 3332 2133 3340 κ·
2198 3329 2211 3340 -
2325 3325 2366 3340 -γ
2433 3320 2493 3340 -›
2550 3314 2953 3340 ---..,...ι.,........
3005 3303 3424 3340 "mmmam".

190 3359 550 3431 προκειμένων
589 3356 781 3408 ἐλθεῖν.
813 3352 1033 3424 Πρῶτον
1067 3350 1164 3421 μὲν
1196 3347 1304 3418 γὰρ
1335 3347 1435 3400 ὅσα
1466 3342 1744 3413 παραψεύ-

189 3453 315 3505 eam
350 3452 447 3514 τὰς
490 3447 776 3517 αἰσθήσεις
806 3443 983 3515 ἡμῶν,
1010 3443 1069 3495 οὐ
1108 3440 1174 3493 τὰ
1199 3438 1337 3493 αὐτὰ
1373 3438 1469 3508 μὲν
1499 3435 1743 3505 ἀλλήλοις

190 3542 319 3604 ὅντα,
352 3540 505 3594 κατὰ
528 3539 628 3607 τὴν
658 3535 837 3605 φύσιν,
870 3530 1019 3604 παρὰ
1067 3530 1124 3582 δέ
1169 3544 1310 3590 τινος
1358 3526 1463 3578 τῶν
1508 3540 1748 3594 παρεπο-

195 3634 348 3705 μένων
388 3633 511 3694 τοῖς
550 3625 927 3696 ὑποκειμένοις
947 3662 961 3687 ,
1003 3622 1274 3693 σχήματος
1306 3617 1445 3684 λέγω
1479 3617 1570 3669 καὶ
1603 3612 1746 3685 χρώ-

197 3742 341 3794 ματος
384 3725 482 3778 καὶ
537 3723 669 3792 ἤχου
694 3760 709 3784 ,
758 3719 853 3773 καὶ
882 3716 993 3770 τῶν
1022 3716 1121 3768 ὅσα
1150 3710 1238 3763 διὰ
1270 3707 1507 3777 γεύσεώς
1546 3723 1605 3758 τε
1658 3704 1751 3757 καὶ

196 3819 501 3889 ὀσφρήσεως
558 3813 653 3867 καὶ
711 3811 853 3881 ἁφῆς
906 3808 998 3862 τὸν
1053 3801 1457 3877 παραλογισμὸν
1518 3797 1749 3867 ἐμποιεῖ.

202 3911 350 3963 ’Δλλα
389 3910 495 3979 μὲν
516 3907 615 3977 τὴν
636 3903 817 3973 φύσιν,
851 3901 1011 3971 ἕτερα
1040 3900 1095 3952 δέ
1128 3897 1253 3967 παρ’
1286 3896 1321 3949 ὃ.
1344 3893 1584 3961 πέφυκεν
1619 3886 1754 3943 εἶναι

200 4000 609 4073 ὑποκρινόμενα,
632 3994 803 4050 ταῦτα
831 3993 1026 4063 ὁμοίως
1051 3990 1191 4059 ἔχειν
1221 3990 1253 4058 ἡ
1294 3983 1545 4055 συνήθεια
1572 3982 1716 4048 λέγει
1739 3996 1752 4011 ·

199 4089 295 4145 οἷον
342 4093 468 4144 ὅταν
534 4090 570 4158 ἠ
607 4086 809 4156 ἄψυχος
852 4083 949 4154 ῦλη
1004 4082 1263 4152 μορφωθῇ
1301 4077 1386 4129 διὰ
1430 4077 1529 4145 τῆς
1564 4074 1758 4142 τέχνης

206 4185 323 4254 πρός
345 4201 464 4237 τινα
506 4179 645 4246 ζώου
684 4176 948 4248 μίμησιν,
977 4173 1062 4225 διὰ
1099 4170 1304 4239 γλυφῆς
1346 4168 1378 4239 ἢ
1424 4162 1757 4236 ζωγραφίας,

206 4250 608 4347 ἢ-πλάσματος,
644 4270 826 4339 ὅμοιον
866 4264 1083 4332 λέγεται
1129 4261 1207 4329 τῷ
1242 4255 1533 4330 ἀρχετύπῳ
1560 4253 1620 4307 τὸ
1672 4250 1762 4321 μί-

211 4342 367 4439 μημα.
402 4342 677 4419 Ἕνταῦθα
724 4359 831 4430 γὰρ
857 4356 987 4426 ἄλλη
1024 4355 1121 4424 μέν
1167 4350 1260 4404 τοῦ
1312 4348 1448 4413 ξώου
1499 4347 1531 4416 ἡ
1569 4342 1761 4413 φύσις,

211 4435 353 4529 ἐτέρα
375 4458 431 4510 δέ
458 4454 566 4525 τῆς
592 4446 1076 4520 παραψευδομένης
1096 4442 1194 4513 τὴν
1221 4441 1341 4510 ὄψιν
1370 4437 1457 4492 διὰ
1480 4435 1764 4506 χρώματος

217 4523 357 4617 μόνον
383 4546 484 4600 καὶ
518 4523 813 4613 σχήματος.
848 4535 954 4589 Τοῦ
992 4534 1049 4587 δέ
1088 4529 1253 4586 αὐτοῦ
1294 4529 1465 4590 εἴδους
1505 4525 1620 4579 ἐστὶ
1667 4523 1767 4591 τῆς

214 4611 510 4708 δμοιότητος
528 4611 560 4699 ,⁷
582 4611 677 4685 καὶ
707 4632 741 4699 ἡ
780 4630 838 4680 ἐν
869 4623 1158 4694 κατόπτρῳ
1186 4618 1346 4673 εἰκὼν
1370 4660 1384 4683 ,
1417 4619 1513 4687 τῆς
1537 4611 1766 4687 ἀρχετύ-

220 4702 306 4781 που
337 4702 551 4799 μορφῆς
575 4721 820 4790 ἐναργεῖς
844 4716 1083 4787 φέρουσα
1110 4713 1207 4775 τὰς
1231 4708 1493 4780 ἐμφάσεις
1518 4745 1532 4770 ,
1576 4706 1635 4758 οὐ
1668 4702 1772 4773 μὴν

222 4796 377 4871 ἐκεῖνο
408 4796 555 4871 κατὰ
582 4814 679 4884 τὴν
712 4809 873 4880 φύσιν
893 4803 1045 4870 οὖσα,
1067 4805 1204 4873 ὅπερ
1229 4800 1345 4853 ἐστὶ
1365 4799 1424 4853 τὸ
1449 4796 1771 4869 ἀρχέτυπον.

233 4908 485 4970 Ὡσαύτως
517 4904 613 4959 καὶ
645 4900 743 4972 τὴν
787 4899 954 4971 ἀκοὴν
995 4895 1107 4948 ἐστι
1136 4892 1197 4946 τὸ
1236 4889 1353 4944 ἶσον
1394 4888 1583 4942 παθεῖν
1605 4927 1620 4952 ,
1648 4886 1775 4938 ὅταν

222 5018 293 5063 τις
320 5001 413 5072 τὴν
442 4996 626 5067 φωνὴν
652 4994 751 5063 τῆς
777 4990 997 5062 ἀηδόνος
1026 4986 1103 5057 τῷ
1127 4984 1311 5053 οίκείῳ
1338 4982 1555 5051 φθόγγῳ
1583 4974 1778 5049 μιμού-

228 5069 403 5162 μενος,
456 5087 649 5161 ὀρνέου
679 5085 854 5139 δοκεῖν
905 5077 1277 5151 ἐπακροᾶσθαι
1312 5073 1410 5145 τὴν
1457 5071 1624 5142 ἀκοὴν
1651 5069 1779 5123 ἁνα-

228 5158 393 5255 πείσῃ.
433 5158 640 5249 Πόισχει
687 5177 741 5230 δέ
786 5175 878 5228 τὸν
935 5170 1172 5225 τοιοῦτον
1228 5162 1632 5238 παραλογισμδν
1686 5158 1780 5212 καὶ

229 5274 259 5344 ἡ
287 5251 496 5342 γεῦσις,
527 5272 656 5323 ὃταν
684 5268 713 5320 ό
740 5266 835 5319 τοῦ
872 5261 1083 5335 καρποῦ
1109 5260 1217 5313 τῶν
1250 5258 1425 5312 σύκων
1447 5254 1617 5325 χυμὸς
1640 5291 1654 5317 ,
1684 5251 1782 5320 τὴν

230 5342 311 5419 τοῦ
351 5366 561 5435 μέλιτος
592 5360 784 5433 ἡδονὴν
813 5355 1169 5427 ὑποκρίνηται
1192 5367 1207 5383 ·
1248 5352 1360 5420 ἔχει
1391 5348 1499 5419 γάρ
1528 5364 1577 5399 τι
1610 5342 1783 5405 ἐοικὸς

231 5432 363 5525 προς
377 5455 477 5525 τὴν
523 5432 836 5522 γλυκύτητα
869 5446 961 5501 τοῦ
1011 5445 1223 5516 μέλιτος
1248 5444 1277 5495 ό
1302 5441 1469 5511 χυμὸς
1512 5437 1612 5506 τῆς
1640 5432 1785 5488 ὀπώο

237 5561 321 5613 ρας
346 5564 359 5576 ·
386 5546 524 5599 οὕτω
550 5545 617 5597 δι’
646 5542 956 5613 ὁμοιότητος
992 5536 1103 5590 ἐστι
1142 5528 1605 5605 παραλογισθῆναί
1653 5541 1784 5578 ποτε

236 5638 319 5690 καὶ
359 5637 452 5708 τὴν
496 5637 793 5706 ὄσφρησιν,
850 5632 975 5685 ὅταν
1007 5630 1036 5681 ὁ
1082 5624 1251 5697 ἀτμὸς
1301 5623 1398 5692 τῆς
1436 5616 1781 5692 χαμαιμήλου

237 5726 451 5801 βοτάνης
473 5770 487 5798 ,
519 5726 651 5781 αὐτὸ
674 5723 732 5779 τὸ
759 5721 957 5786 εὑῶδες
983 5718 1147 5793 μῆλον
1170 5718 1235 5787 τῇ
1262 5711 1485 5784 εύπνοίᾳ
1514 5707 1781 5781 μιμούμε-

1844 3303 2006 3393 citur.
2043 3303 2267 3387 Deinde
2294 3325 2375 3379 sic
2429 3320 2497 3375 ad
2550 3314 2954 3389 propositorum
3005 3303 3425 3377 exquisitionem

1844 3426 2193 3487 veniendum.
2242 3418 2484 3473 Primum
2535 3410 2754 3482 quidem
2808 3412 3153 3476 quaecunque
3209 3402 3430 3451 nostros

1848 3536 2045 3581 sensus
2076 3517 2291 3578 fallunt,
2325 3523 2453 3565 cum
2478 3514 2674 3561 natura
2697 3515 2808 3556 non
2831 3496 2945 3552 sint
2969 3495 3113 3549 inter
3137 3504 3196 3545 se
3217 3486 3430 3548 eadem,

1850 3616 1944 3672 sed
1975 3612 2043 3667 ab
2073 3609 2256 3677 aliquo
2283 3614 2472 3660 eorum
2503 3610 2625 3667 qua:
2647 3590 2891 3661 subjecta
2911 3586 3321 3653 consequuntur
3345 3590 3436 3629 ac-

1850 3705 2083 3766 cidente,
2118 3698 2294 3769 ﬁgura
2334 3692 2459 3748 dico
2504 3695 2560 3745 et
2589 3685 2794 3747 colore,
2822 3689 2875 3736 et
2905 3691 3063 3739 sono,
3102 3680 3157 3729 et
3192 3684 3314 3742 qua:
3342 3683 3435 3737 per

1853 3809 2071 3873 gustum
2107 3801 2163 3849 et
2206 3789 2494 3846 odoratum
2526 3791 2579 3838 et
2617 3785 2821 3835 tactum
2852 3784 3113 3831 sensuum
3161 3764 3435 3833 deceptio-

1856 3854 1909 3873 U,

1856 3907 1976 3947 nem
2008 3886 2368 3957 ingenerant:
2422 3890 2546 3932 cum
2592 3871 2696 3925 alia
2741 3864 2958 3939 quidem
2986 3863 3095 3918 sint
3132 3854 3434 3913 secundum

1859 3979 2133 4054 propriam
2197 3980 2484 4028 naturam,
2544 3963 2649 4017 alia
2694 3973 2825 4015 vero
2875 3967 3039 4025 quam
3089 3964 3208 4020 qua:
3249 3957 3438 4000 revera

1860 4078 1986 4128 sunt
2016 4082 2138 4125 esse
2168 4062 2496 4120 simulentur
2517 4054 2660 4109 :hzec
2691 4047 2945 4107 similiter
2973 4059 3034 4100 se
3073 4041 3276 4096 haltere
3309 4050 3440 4090 con-

1862 4159 2096 4221 suetudo
2124 4155 2258 4211 dicit
2298 4171 2311 4206 :
2352 4148 2500 4205 velut
2534 4158 2658 4199 cum
2694 4138 2935 4195 inanima
2974 4129 3203 4188 materia
3246 4127 3310 4182 ad
3348 4124 3444 4178 ali-

1862 4255 2023 4325 cujus
2056 4246 2309 4305 animalis
2352 4239 2645 4311 imaginem
2689 4239 2807 4286 arte
2845 4227 3027 4297 aliqua
3054 4221 3327 4295 eﬁingitur
3358 4216 3442 4270 vel

1865 4311 2171 4414 sculptura,
2204 4338 2289 4392 vel
2339 4334 2573 4406 pictura,
2608 4326 2693 4383 vel
2739 4320 2989 4385 ﬁctrice;
3021 4314 3168 4388 quod
3201 4311 3442 4367 efﬁctum

1865 4445 1950 4495 est
1986 4401 2042 4491 et
2076 4401 2369 4491 imitatum,
2418 4423 2734 4492 archetypo,
2788 4413 2842 4469 id
2883 4421 2967 4467 est
3003 4404 3298 4477 exemplari
3332 4401 3446 4472 pri-

1869 4526 2127 4598 migenio,
2155 4520 2332 4578 simile
2360 4515 2577 4571 dicitur.
2614 4509 2715 4565 Hic
2750 4506 2895 4564 enim
2928 4502 3035 4557 alia
3068 4498 3286 4571 quidem
3322 4495 3442 4548 anl-

1798 4593 1841 4648 D
1872 4619 2030 4675 malis
2062 4622 2279 4677 natura,
2313 4609 2417 4663 alia
2442 4620 2572 4661 vero
2598 4600 2839 4658 materiae
2880 4596 3059 4653 visum
3097 4586 3447 4649 ementientis

1869 4718 1922 4766 et
1952 4706 2193 4763 fallentis
2238 4702 2358 4758 solo
2402 4700 2588 4755 colore
2634 4704 2684 4751 et
2741 4692 2932 4763 ﬁgura.
2971 4684 3224 4757 Ejusdem
3267 4686 3446 4734 autem

1872 4797 2071 4872 speciei
2105 4790 2485 4851 similitudinis
2531 4794 2636 4855 est,
2686 4797 2807 4853 quae
2854 4776 3187 4847 inspecqu
3229 4774 3451 4840 apparet

1870 4893 2073 4959 imago,
2103 4882 2435 4954 exemplaris
2471 4878 2661 4934 forma:
2690 4872 2967 4929 evidentes
3004 4865 3251 4921 referens
3285 4871 3453 4928 appa-

1874 4982 2123 5041 ritiones,
2153 4981 2488 5031 cumtamen
2521 4982 2630 5024 non
2663 4964 2735 5021 sit
2772 4960 2905 5017 illud
2947 4954 3251 5013 secundum
3292 4957 3454 5003 natu-

1875 5087 2016 5134 ram,
2073 5038 2221 5139 quod
2281 5063 2502 5136 quidem
2563 5064 2648 5114 est
2712 5048 3095 5125 primigenium
3155 5038 3453 5110 exemplar.

1878 5127 2106 5216 Eodem.
2137 5127 2315 5213 modo.
2357 5153 2522 5210 etiam
2582 5144 2808 5203 auditus
2838 5137 3101 5200 afﬁcitur,
3150 5139 3205 5187 et
3249 5127 3459 5200 mquale

1880 5252 2138 5324 quiddam
2165 5245 2491 5319 perpetitur,
2518 5253 2643 5295 cum
2680 5234 2804 5306 quis
2829 5228 3052 5303 proprio
3085 5236 3225 5280 sono
3264 5233 3458 5275 vocem

1880 5342 2131 5399 luscinia:
2176 5339 2404 5393 imitans
2455 5345 2611 5388 avem
2669 5324 2861 5380 audire
2900 5320 3003 5376 sibi
3049 5313 3221 5372 videri
3270 5310 3462 5366 auditu

1889 5428 2244 5505 persuaserit.
2302 5424 2435 5480 Tale
2488 5418 2745 5492 quiddam
2800 5412 2964 5467 fallax
3031 5413 3086 5463 et
3151 5400 3459 5473 captiosum

1891 5488 2083 5595 gustus
2127 5516 2374 5589 percipit,
2432 5488 2557 5568 cum
2599 5508 2813 5563 fructus
2854 5501 3055 5557 ﬁcuum
3085 5507 3248 5566 sapor
3285 5488 3463 5545 mellis

1890 5579 2219 5683 voluptatem
2243 5579 2502 5662 simulat:
2534 5613 2699 5671 sapor
2722 5594 2871 5651 enim
2903 5589 3056 5647 illius
3082 5587 3301 5644 fructus
3331 5579 3465 5651 quid

1889 5675 2066 5761 simile
2092 5700 2253 5757 habet
2279 5710 2405 5754 cum
2444 5690 2619 5749 mellis
2647 5682 2932 5745 dulcedine
2968 5699 2983 5739 :
3024 5679 3107 5737 sic
3132 5675 3297 5734 etiam
3331 5684 3462 5743 qua.
