3922 6454
1817 321 1874 376 S.
1907 323 2233 382 GREGORII
2273 327 2575 386 NYSSENI

3721 347 3804 404 556

567 416 692 470 dam
763 417 1123 481 similitudine
1185 427 1450 489 odoratus
1509 435 1808 507 aliquando
1865 443 2122 516 decipitur

567 523 692 539 “nun
730 523 900 539 ειη-τη..
949 515 1200 539 ΑΙ.----....-
1246 522 1280 539 ιο
1328 523 1341 539 I
1429 526 1441 539 ι
1569 529 1581 539 .
1895 536 1904 539 _

2228 456 2400 515 ivog,
2433 454 2689 526 ἀπατήσῃ
2734 454 2831 526 τὴν
2869 455 3140 526 αἴσθησιν.
3184 457 3286 511 Τὸν
3331 459 3493 515 αὐτὸν
3539 461 3591 516 δὲ
3637 466 3803 539 τρόπον

566 523 692 560 una
730 523 900 582 vapor
945 515 1282 577 chamzemeli
1326 523 1509 582 hcrlnc
1566 529 1748 600 ipsum
1799 536 2004 590 malum
2039 539 2154 595 sive

565 615 787 667 pomum
833 608 1080 664 suaviter
1128 613 1283 670 olens
1342 616 1489 674 dulei
1537 624 1871 692 aspiratione
1926 629 2152 687 imitans

565 701 790 744 sensum
839 693 1133 766 deceperit.
1182 702 1327 760 idem
1375 710 1542 764 tactui
1581 715 1798 779 accidit,
1849 717 2152 774 similitudo

563 778 709 832 enim
739 783 892 844 vario
916 787 1078 864 modo
1102 793 1392 851 veritatem
1426 802 1710 859 mentitur.
1745 802 2026 876 Siquidem
2066 824 2154 863 ar-

563 879 797 936 genteus
850 893 1108 936 nummus
1158 885 1241 939 vel
1290 903 1487 956 aereus,
1528 896 1756 963 aequalis
1813 913 1936 952 cum
1985 915 2153 956 aureo

2258 544 2351 596 καὶ
2385 547 2442 597 ὲν
2474 547 2538 617 τῇ
2567 546 2677 616 ἀφῇ
2721 547 2978 611 ποικίλως
3021 551 3052 620 ἡ
3085 551 3343 621 ὁμοιότης
3366 551 3688 623 διαψεύδεται
3722 561 3801 627 τὴν

2257 633 2533 704 ἀλήθειαν.
2574 632 2794 709 Ἐπειδὴ
2841 638 3114 709 ἀργυροῦν
3143 639 3176 710 ἧ
3210 641 3439 711 χάλκεον
3466 643 3690 714 νόμισμα
3720 648 3800 699 ico-

2259 725 2487 794 μέγεθες
2525 725 2603 798 τῷ
2630 728 2818 800 χρυσῷ
2840 770 2855 790 ,
2898 730 2992 784 καὶ
3034 732 3175 785 κατά
3205 732 3295 785 τὸν
3331 732 3566 804 σταθμὸν
3590 775 3603 798 ,
3634 737 3800 804 ὁμοίως

2256 814 2396 886 ἔχων
2442 819 2562 873 ἀντὶ
2600 821 2694 873 τοῦ
2749 821 2952 892 χρυσοῦ
3009 823 3281 896 νομισθῇ,
3329 825 3405 897 μὴ
3454 827 3798 900 ὲπικρινούσης

2256 910 2351 980 τῆς
2385 910 2562 981 ὅᾷεως
2592 913 2692 984 τὴν
2723 914 3003 986 ἀλήθειαν.

562 964 960 1031 magnitudinis
992 977 1046 1024 et
1075 974 1324 1041 ejusdem
1358 979 1638 1048 ponderis,
1672 984 1850 1041 simile
1881 989 2141 1057 quiddam
2182 1009 2307 1053 cum
2361 1015 2529 1058 aureo
2565 1005 2769 1062 habere
2800 1007 3230 1077 existimabitur,
3270 1010 3388 1066 visu
3456 1028 3560 1067 non
3622 1013 3797 1073 discer-

561 1064 727 1107 nente
762 1058 1072 1116 veritatem.

633 1144 759 1202 llaec
813 1155 1004 1222 paucis
1042 1161 1370 1228 generaliter
1414 1164 1560 1220 dicta
1607 1175 1738 1224 sunt
1796 1172 1864 1228 de
1912 1173 1980 1230 iis
2022 1192 2144 1244 quae

561 1252 786 1310 propter
813 1244 1228 1307 similitudinem
1281 1257 1578 1325 quamdam
1624 1275 1887 1318 sensuum
1934 1266 2144 1322 instru-

558 1344 742 1389 menta
778 1333 1048 1397 fallaciter
1102 1343 1408 1416 decipiunt,
1464 1351 1594 1407 dum
1645 1355 1793 1411 aliud
1837 1358 1971 1428 quid
2019 1375 2142 1416 esse

556 1440 722 1493 quam
762 1437 892 1484 sunt
951 1441 1237 1504 putantur.
1301 1439 1517 1498 Liceret
1572 1445 1752 1501 adhuc
1795 1451 2143 1508 accuratiore

557 1515 943 1588 disquisitione
989 1541 1300 1586 sermonem
1335 1533 1569 1591 dilatare
1620 1553 1717 1606 per
1761 1554 1823 1595 ea
1863 1558 1984 1607 quae
2013 1559 2138 1599 cum

556 1610 666 1666 sint
699 1611 898 1671 diversi
922 1621 1140 1690 generis
1168 1623 1313 1678 inter
1343 1642 1422 1694 se,
1473 1643 1540 1682 ex
1585 1631 1771 1702 aliquo
1807 1641 1992 1690 tamen
2043 1651 2140 1691 eo-

553 1715 676 1756 rum
713 1707 1084 1766 accidentium
1119 1731 1240 1782 qua:
1282 1732 1396 1771 rem
1438 1729 1875 1792 consequuntur,
1906 1727 2138 1782 alterum

2321 1178 2505 1233 Ταῦτα
2523 1182 2756 1250 γενικῶς
2780 1184 2990 1255 εἴρηται
3021 1185 3088 1238 δι’
3119 1185 3338 1254 ὀλίγων,
3367 1189 3466 1241 ὅσα
3493 1188 3558 1243 δι’
3586 1191 3799 1267 ὁμοιότη-

2246 1271 2337 1335 τός
2374 1288 2519 1335 τινος
2562 1272 2654 1326 τὸν
2702 1275 3113 1346 παραλογισμὺν
3151 1278 3375 1347 ἐμποιεῖ
3411 1282 3523 1344 τοῖς
3574 1284 3796 1358 αἰσθητη-

2251 1363 2404 1434 ρίοις,
2438 1364 2565 1417 ἄλλο
2597 1381 2650 1417 τι
2679 1367 2809 1436 παρ’
2838 1367 2866 1420 ὅ
2903 1367 3019 1420 ἐστι
3048 1369 3401 1440 νομιζόμενα.
3434 1371 3639 1438 Ἔξεστι
3663 1375 3711 1426 δὲ
3727 1377 3796 1431 διὰ

2247 1455 2685 1529 φιλοπονωτέρας
2737 1458 2840 1528 τῆς
2887 1458 3208 1524 ἐξετάσεως,
3266 1460 3536 1517 πλατῦναι
3586 1464 3664 1517 διὰ
3707 1467 3794 1519 τῶν

2248 1549 2586 1618 πραγμάτων
2642 1551 2736 1602 τὸν
2796 1550 2974 1620 λόγον,
3035 1553 3133 1606 ὅσα
3193 1554 3524 1625 ὲτερογενῶς
3574 1557 3662 1626 μὲν
3705 1558 3794 1627 ἔχει

2247 1639 2597 1712 προσάλληλα
2620 1658 2634 1672 °
2670 1641 2759 1696 διὰ
2791 1641 2848 1696 δέ
2876 1660 3021 1708 τινος
3044 1644 3151 1698 τῶν
3177 1647 3572 1716 παρεπομένων
3613 1650 3793 1718 ὁμοιοῦν

2248 1733 2374 1788 σθαι
2394 1733 2454 1786 τὸ
2479 1732 2666 1806 ἕτερον
2683 1733 2759 1805 τῷ
2780 1734 2950 1805 ἑτέρῳ
2962 1735 3239 1805 νομίζεται
3257 1752 3270 1764 ⁸
3304 1733 3413 1807 ἆρα
3430 1739 3502 1808 μή
3525 1757 3575 1792 τι
3590 1741 3792 1794 τοιοῦτον

553 1795 712 1850 alteri
743 1797 926 1855 simile
957 1817 1083 1860 esse
1111 1806 1484 1866 existimatur.
1532 1811 1790 1885 Nunquid
1838 1815 2122 1875 Eunomiu:

2241 1822 2555 1892 ὁμοιότητος
2574 1794 2742 1889 ἐἶδος
2779 1794 3115 1897 ἐπιθρυλλεῖ-
3140 1826 3218 1900 τῷ
3257 1794 3591 1900 1⁶ίῷ;.ἰίλλ“
3622 1831 3710 1884 οὐκ
3742 1833 3794 1885 ἂν

550 1886 716 1941 talem
747 1892 1053 1959 quamdam
1096 1897 1478 1959 similitudinis
1526 1906 1766 1974 speciem
1818 1909 2041 1978 jactitat
2083 1911 2137 1965 in

547 1969 734 2030 Filio?
767 1977 876 2036 Sed
911 1997 1020 2038 non
1059 1999 1124 2040 eo
1146 1991 1401 2046 amentiae
1437 2003 1491 2048 et
1524 1995 1754 2052 insaniae
1787 2001 2022 2065 venerit,
2062 2011 2120 2056 ut

549 2065 803 2125 fallacem
831 2079 884 2127 et
916 2072 1318 2135 fraudulentam
1341 2083 1782 2145 'similitudinem
1823 2092 1876 2146 in
1906 2095 2137 2151 veritate

549 2162 978 2232 contempletur.
1029 2166 1246 2228 Rursus
1295 2175 1456 2230 aliam
1493 2179 1906 2240 similitudinem
1955 2187 2011 2241 in
2051 2187 2136 2242 di-

545 2251 754 2307 vinitus
784 2255 1053 2326 inspirata
1085 2262 1376 2335 Scriptura
1412 2269 1706 2327 didicimus
1735 2275 1802 2328 ah
1837 2292 1901 2331 eo
1923 2278 2016 2348 qui
2047 2279 2136 2335 di-

545 2341 626 2394 xit
660 2361 674 2396 :
707 2341 998 2403 Faciamus
1025 2351 1286 2409 hominem
1311 2357 1381 2409 ad
1407 2360 1689 2430 imaginem
1714 2377 1954 2421 nostram
1984 2379 2032 2423 et
2059 2373 2133 2425 si-

545 2436 898 2494 militudinem
921 2443 986 2497 ⁸⁸.
1023 2443 1129 2501 Sed
1160 2464 1270 2503 non
1309 2452 1508 2522 opinor
1539 2455 1873 2516 Eunomium
1906 2464 1960 2518 in
1991 2463 2132 2523 Filio

542 2536 600 2580 et
628 2527 788 2586 Patre
822 2533 964 2590 hanc
1006 2537 1390 2604 similitudinis
1443 2550 1684 2616 speciem
1747 2555 2127 2624 considerare,

544 2623 877 2678 uteumdem
936 2642 1060 2682 cum
1096 2629 1318 2689 homine
1372 2636 1729 2708 Unigcnitum
1779 2645 1946 2701 Deum
2001 2664 2128 2706 esse

540 2713 884 2776 pronuntiet.
915 2715 1135 2774 Scimus
1172 2722 1339 2778 etiam
1387 2726 1548 2782 aliam
1582 2729 1963 2794 similitudinis
2005 2753 2129 2809 spe-

544 2801 709 2864 ciem,
763 2822 929 2875 quam
987 2809 1042 2864 in
1100 2813 1290 2868 mundi
1337 2819 1618 2876 creatione
1673 2823 1742 2879 de
1780 2826 1909 2882 Seth
1946 2845 2127 2887 sermo

536 2892 770 2949 allirmat
799 2917 812 2953 :
849 2897 1040 2955 Genui!
1071 2905 1246 2960 Adam
1289 2908 1411 2962 Scth
1442 2914 1510 2966 ad
1539 2915 1820 2987 imaginem
1849 2931 1898 2975 et
1937 2924 2128 2978 simili-

536 2985 772 3040 tudinem
806 3007 960 3046 suam
989 2995 1057 3059 θ’,
1089 3014 1253 3067 quam
1285 3002 1503 3070 quidem
1534 3007 1579 3061 si
1634 3011 1768 3065 dicit
1799 3011 2120 3084 Eunomius,

535 3092 648 3132 non
693 3081 816 3150 ejus
848 3087 1156 3143 orationem
1206 3093 1603 3162 repudiandum
1634 3116 1758 3157 esse
1804 3120 2118 3164 censemus.

540 3167 642 3225 llic
666 3173 811 3226 enim
847 3192 1028 3248 neque
1070 3193 1265 3238 natura
1300 3201 1490 3242 eorum
1535 3208 1656 3260 qua:
1694 3195 1837 3250 inter
1863 3214 1923 3254 se
1951 3201 2110 3255 simi-

535 3260 767 3320 litudine
790 3270 1130 3324 conveniunt
1158 3273 1362 3340 dilI‘ert,
1404 3286 1459 3333 et
1489 3281 1784 3339 character
1808 3296 1864 3341 et
1904 3291 2119 3358 species

533 3358 974 3414 cotmnunionem
1005 3361 1228 3419 habent.
1285 3366 1411 3425 Haec
1440 3381 1496 3427 et
1530 3375 1659 3429 talia
1691 3389 1843 3444 sunt,
1875 3398 2000 3451 quae
2049 3384 2117 3440 de

534 3445 795 3500 similium
827 3450 1136 3508 dill'erentia
1161 3466 1216 3511 et
1243 3459 1566 3520 discrimine
1589 3483 1688 3522 nos
1707 3469 2113 3543 intelleximus;

532 3531 817 3590 videamus
866 3539 1044 3609 igitur.
1109 3545 1176 3598 ad
1243 3551 1372 3618 quid
1439 3557 1740 3626 respiciens
1791 3531 2115 3634 Eunomius,

531 3623 786 3678 eximiam
819 3627 964 3683 illam
1006 3633 1422 3696 similitudinem
1465 3659 1590 3700 cum
1653 3648 1813 3709 Patre
1867 3659 2117 3716 attribuit

533 3710 693 3778 Filio,
744 3715 933 3777 dicens
974 3763 987 3786 ,
1023 3723 1250 3784 similem
1305 3750 1417 3789 esse
1459 3738 1508 3791 ei
1545 3742 1636 3803 qui
1687 3749 1865 3813 genuit
1916 3753 2118 3808 eximia

529 3806 762 3872 quadam
793 3810 1138 3872 similitudine
1161 3831 1209 3874 et
1243 3828 1464 3894 propria
1498 3833 1730 3899 notione,
1776 3854 1878 3892 non
1907 3851 1962 3894 ut
2004 3842 2116 3898 Pa-

531 3899 603 3951 tri
633 3898 876 3970 Patrem,
913 3925 1015 3964 non
1067 3915 1203 3968 enim
1245 3929 1367 3972 sunt
1409 3920 1514 3974 duo
1555 3923 1765 3983 Patres.
1823 3929 1972 3987 lianc
2019 3949 2115 4004 per

527 3993 905 4051 excellentiam
938 4000 1353 4062 similitudinem
1401 4009 1520 4066 Filii
1554 4029 1679 4071 cum
1725 4019 1887 4076 Patre
1919 4033 2110 4079 osten-

526 4084 656 4140 dere
682 4089 982 4158 pollicitus,
1014 4101 1290 4165 quomodo
1323 4119 1430 4158 non
1474 4111 1735 4166 convenit
1790 4112 2101 4186 intelligere

525 4175 708 4245 ipsum
741 4181 996 4252 similem,
1029 4204 1283 4246 sermone
1305 4197 1548 4266 astruit;
1608 4217 1732 4256 cum
1787 4207 1931 4260 enim
1967 4209 2109 4264 dixit

529 4270 677 4337 quod
708 4288 816 4328 non
853 4285 912 4330 ut
935 4277 1096 4336 Pater
1118 4281 1266 4340 Patri
1296 4289 1493 4346 similis
1527 4301 1631 4359 est,
1661 4300 1898 4353 astruxit
1918 4303 2106 4368 verbo,

529 4362 674 4430 quod
711 4379 820 4419 non
845 4368 918 4422 sit
951 4371 1172 4429 similis.
1213 4378 1278 4432 Et
1314 4395 1511 4439 rursus
1554 4399 1679 4439 cum
1715 4389 1921 4458 adjecit
1963 4396 2110 4464 quod

2240 1915 2322 1977 εἰς
2354 1913 2513 1968 τοῦτο
2561 1916 2950 1989 παραπληξίας
3005 1919 3166 1980 ἔλθοι,
3224 1921 3367 1974 ὥστε
3415 1922 3510 1994 τὴν
3542 1924 3791 1994 ἀπατηλὴν

2237 2007 2530 2078 ὁμοιότητα
2585 2008 2678 2061 ἐπὶ
2740 2008 2842 2079 τῆς
2885 2009 3144 2081 ἀληθείας
3182 2011 3424 2082 βλέπειν.
3468 2015 3628 2069 Πάλιν
3654 2016 3792 2086 ἄλλην

2235 2099 2527 2168 ὁμοιότητα
2557 2099 2613 2154 ὲν
2634 2103 2701 2172 τῇ
2723 2101 3062 2174 Θεοπνειύστῳ
3088 2103 3126 2154 Γ
3133 2108 3276 2175 ραςρῇ
3297 2105 3640 2176 ἐδιδάχθημεν
3670 2111 3794 2178 παρὰ

2235 2189 2331 2243 τοῦ
2366 2190 2632 2256 εἰπόντος,
2658 2191 2740 2244 ὁτι
2763 2192 3113 2262 Ποιήσωμεν
3139 2195 3458 2264 ἄνθρωπον
3473 2199 3594 2250 κατ’
3619 2200 3794 2253 εἰκόνα

2235 2279 2530 2349 ἡμετέραν
2549 2281 2644 2335 καί
2669 2281 2798 2337 καθ’
2827 2283 3129 2353 ὁμοίωσιν.
3176 2286 3316 2338 Ἀλλ’
3341 2286 3440 2340 οὐκ
3469 2289 3532 2340 ἂν
3561 2285 3790 2358 οἶμαιτὺν

2234 2373 2496 2445 Εὐνόμιον
2525 2375 2618 2428 ἐπὶ
2647 2374 2741 2428 τοῦ
2777 2375 2908 2429 Υίοῦ
2937 2377 3030 2430 καὶ
3059 2377 3154 2430 τοῦ
3187 2379 3402 2451 Πατρδς
3425 2380 3580 2432 τοῦτο
3602 2380 3793 2449 βλέπειν

2231 2466 2294 2520 τὸ
2330 2461 2467 2530 εἶδος
2500 2467 2597 2537 τῆς
2621 2467 2959 2539 ὁμοιότητος,
2995 2469 3070 2532 ὡς
3099 2471 3298 2524 ταύτὸν
3327 2470 3405 2541 τῷ
3438 2471 3694 2542 ἀνθρώπῳ
3714 2472 3791 2524 τὸν

2247 2560 2530 2630 Μονογενῆ
2565 2559 2697 2614 Θεὸν
2726 2561 3127 2632 ἀποφήνασθαι.
3189 2563 3427 2633 Οἴδαμεν
3489 2566 3578 2618 καὶ
3632 2565 3790 2636 ἕτερον

2229 2650 2547 2720 ὁμοιότητος
2580 2647 2739 2715 εἶδος,
2768 2653 2905 2723 ὅπερ
2949 2653 3007 2706 ὲν
3051 2656 3116 2724 τῇ
3147 2655 3506 2728 κοσμογενείᾳ
3543 2656 3666 2728 φησὶ
3682 2657 3788 2727 περὶ

2227 2743 2322 2795 τοῦ
2356 2741 2461 2813 Σὴθ
2511 2743 2540 2794 6
2590 2740 2744 2812 λόγος
2768 2761 2782 2775 ·
2815 2744 2896 2798 ὅτι
2937 2743 3259 2815 Ἐγέ-ννησε
3292 2746 3400 2800 τὸν
3433 2747 3554 2815 Σὴθ
3592 2753 3621 2802 o’
3645 2748 3789 2815 Ἀδὰμ

2228 2832 2380 2886 κατὰ
2404 2833 2470 2886 τὸ
2495 2829 2654 2899 εἶδος
2676 2835 2862 2889 αὐτοῦ
2883 2835 3151 2891 καὶκατὰ
3180 2835 3296 2905 τὴν
3325 2841 3651 2908 ὁμοιότητα,
3671 2842 3786 2908 ὅπερ

2227 2925 2274 2975 εί
2313 2922 2459 2991 λέγοι
2483 2926 2510 2977 6
2545 2924 2828 2994 Εὑνὸμιος,
2849 2925 2947 2979 οὐκ
2979 2926 3286 2998 ἀπόϐλητον
3324 2929 3417 2983 τὸν
3454 2930 3606 2998 λόγον
3632 2931 3786 2984 ποιού-

2229 3014 2387 3085 μεθα.
2453 3015 2720 3069 Ἐνταῦθα
2769 3016 2900 3088 γὰρ,
2960 3017 3083 3079 οὔτε
3197 3020 3362 3090 φύσις
3403 3022 3511 3075 τῶν
3568 3023 3785 3094 ἀλλήλοις

2223 3107 2592 3179 ὁμοιουμένων
2625 3109 2900 3182 διάφορος,
2949 3111 3043 3166 καὶ
3080 3112 3108 3164 6
3137 3115 3428 3188 χαρακτὴρ
3458 3115 3553 3170 καὶ
3588 3116 3646 3168 τὸ
3665 3112 3783 3178 εἶδος

2179 3199 2190 3268 ξ
2221 3199 2319 3270 τὴν
2345 3201 2629 3255 κοινωνίαν
2662 3203 2775 3274 ἔχει
2801 3221 2816 3236 ο
2845 3202 3016 3258 ταῦτα
3043 3207 3135 3260 καὶ
3165 3208 3235 3261 τὰ
3260 3207 3486 3264 τοιαῦτα
3509 3211 3667 3272 ἐστιν,
3696 3209 3780 3261 ὅσα

2225 3292 2351 3361 περὶ
2380 3293 2477 3363 τῆς
2507 3292 2602 3346 τοῦ
2635 3293 2822 3364 ὁμοίου
2854 3295 3114 3368 διαφορᾶς
3144 3299 3306 3368 ἡμεῖς
3337 3298 3783 3371 ὲνοήσαμεν.Ἰδωο

2224 3399 2323 3452 μεν
2352 3382 2530 3437 τοίνυν
2569 3385 2705 3457 πρὸς
2729 3386 2782 3439 τί
2817 3385 3029 3456 βλέπων
3049 3390 3076 3441 6
3099 3389 3385 3459 Εὑνόμιος,
3410 3391 3507 3462 τὴν
3535 3389 3782 3462 ἐξαίρετον

2218 3473 2435 3546 ἐκείνην
2463 3476 2755 3546 ὁμοιότητα
2775 3478 2912 3548 πρὸς
2939 3479 3030 3533 τὸν
3056 3481 3274 3552 Πατέρα
3293 3483 3563 3554 μαρτυρεῖ
3585 3481 3655 3553 τῷ
3684 3479 3782 3550 Υίῷ

2218 3563 2411 3634 λέγων,
2429 3566 2634 3636 ὅμοιον
2653 3562 2905 3635 εἶναιτῷ
2932 3570 3287 3640 γεννήσαντι
3305 3574 3497 3642 μόνον
3513 3573 3633 3626 κατ’
3649 3571 3782 3636 ἐξαί-

2211 3673 2392 3726 ρετον
2407 3659 2724 3727 ὁμοιότητα
2747 3660 2897 3716 κατὰ
2912 3659 3029 3729 τὴν
3049 3659 3394 3722 ἰδιάζουσαν
3416 3664 3662 3728 ἔννοιαν,
3679 3664 3774 3728 οὐχ

2217 3748 2296 3814 ὠς
2326 3749 2504 3817 Πατρὶ
2527 3748 2776 3818 Πατέρα.
2787 3755 2868 3807 Οὐ
2885 3751 2995 3822 γάρ
3009 3756 3129 3807 εισι
3143 3750 3252 3807 δύο
3266 3751 3542 3820 Πατέρες.
3553 3751 3654 3822 Τὴν
3671 3766 3780 3804 χατ-

2216 3839 2492 3909 εξαίρετον
2515 3841 2807 3912 ὁμοιότητα
2817 3841 2908 3894 τοῦ
2925 3841 3052 3895 Υἱοῦ
3068 3842 3303 3913 προςτὸν
3314 3842 3532 3914 Πατέρα
3545 3839 3777 3894 δεικνύειν

2215 3933 2705 4003 ἐπαγγειλάμενος,
2721 3933 2868 3996 ὅπως
2891 3931 2965 4004 μὴ
3001 3936 3266 4004 προσήκει
3295 3936 3437 3987 νοεῖν
3458 3931 3776 4001 αὐτὸνόμοιον

2215 4025 2616 4089 κατασκευάζει
2645 4024 2722 4096 τῷ
2743 4024 2905 4096 λόγῳ.
2941 4024 3124 4079 Εἰπὼν
3157 4023 3265 4095 γὰρ
3291 4025 3375 4079 ὅτι
3403 4027 3499 4096 οὐχ
3522 4024 3592 4088 ὡς
3622 4019 3776 4090 Πατρὶ

2215 4117 2405 4189 Πατὴρ
2435 4117 2629 4184 ἔοικεν,
2663 4117 3033 4172 κατεσκεύασε
3069 4117 3147 4188 τῷ
3187 4117 3362 4190 λόγῳ,
3398 4119 3476 4171 ὅτι
3507 4118 3599 4170 οὐκ
3629 4116 3770 4167 ἔοικε.

2214 4210 2325 4262 Καὶ
2350 4209 2511 4263 πάλιν
2536 4210 2812 4282 προσθεὶς,
2835 4211 2916 4264 ὅτι
2937 4209 3062 4264 οὔτε
3082 4209 3157 4274 ὼς
3174 4211 3457 4282 ἀγεννήτῳ
3479 4209 3764 4277 ἀγέννητος,

2213 4302 2307 4354 καὶ
2359 4301 2447 4355 διὰ
2498 4301 2655 4356 τοῦτο
2710 4304 2910 4356 ἀπεῖπε
2934 4305 3073 4356 νοεῖν
3108 4303 3201 4355 ἐπὶ
3231 4301 3328 4356 τοῦ
3374 4301 3505 4355 Υίοῦ
3537 4294 3770 4396 πρὸς

2214 4393 2434 4467 Πατέρα
2465 4394 2563 4466 τὴν
2603 4393 2925 4464 ὁμοιότητα·
2964 4390 3083 4447 εἶτα
3111 4392 3554 4464 ὲπαγαγὼν,οὕτε
3576 4391 3645 4454 ὡς
3673 4388 3771 4454 Υἱῷ

525 4468 706 4522 neque
739 4457 884 4514 sicut
923 4462 1168 4533 ingenito
1216 4469 1516 4542 ingenitus,
1564 4491 1854 4548 propterea
1890 4489 2111 4555 negavit

2228 4457 2377 4553 Υἱὸςξ
2391 4457 2572 4558 τρίτον
2599 4487 2846 4556 ἐπήγαγε
2869 4485 3068 4556 νόημα,
3099 4483 3163 4538 δι’
3186 4480 3246 4539 οὗ
3270 4485 3577 4540 παντάπασι
3598 4479 3769 4534 τὺντου

523 4543 580 4600 in
611 4544 750 4603 Filio
781 4566 904 4607 cum
941 4552 1105 4612 Patre
1146 4543 1603 4635 similitudinem;
1641 4543 1844 4632 deinde
1874 4543 2108 4649 sun-iun-

521 4652 660 4707 gens
694 4643 837 4711 quod
871 4660 1050 4716 neque
1087 4657 1145 4703 ut
1188 4650 1330 4708 Filio
1360 4655 1556 4724 Filius,
1609 4665 1832 4722 tertium
1885 4643 2099 4729 induxit

522 4731 891 4807 intellectum,
937 4756 1049 4812 quo
1077 4759 1306 4813 prorsus
1337 4751 1606 4809 rationem
1638 4756 1838 4816 similis
1885 4778 2109 4832 perver-

521 4825 609 4880 tit.
655 4825 756 4883 Hic
790 4829 957 4902 igitur
991 4839 1245 4906 praprias
1276 4842 1518 4900 rationes
1555 4849 1827 4918 sequitur,
1873 4853 2106 4911 demon-

521 4917 846 4974 strationem
901 4921 1098 4980 similis
1139 4941 1238 4995 per
1284 4917 1758 4991 constructionem
1802 4939 2096 4999 dissimilis

521 5007 892 5082 faciens.Ejus
923 5025 1104 5071 autem
1137 5020 1354 5088 sapiens
1385 5031 1438 5078 et
1470 5025 1701 5096 simplex
1729 5029 1936 5087 dictum
1969 5049 2104 5090 exa-

519 5101 815 5168 minemus,
895 5107 1044 5177 quod
1122 5109 1679 5175 determinationibus
1745 5121 2105 5182 demonstrat.

518 5189 713 5246 Filium
749 5195 897 5250 enim
930 5195 1080 5252 Patri
1129 5199 1368 5257 similem
1406 5219 1531 5260 esse
1566 5223 1690 5262 cum
1724 5209 1883 5277 divit,
1923 5223 2104 5269 tutum

516 5281 696 5337 reddit
728 5285 998 5355 auditum,
1061 5307 1172 5346 non
1204 5307 1460 5364 oportere
1510 5299 1656 5354 sicut
1694 5301 1911 5360 Patrem
1957 5307 2106 5364 Patri

517 5372 716 5431 Filium
745 5377 984 5436 similem
1017 5396 1140 5438 esse
1173 5385 1499 5459 intelligere.
1520 5387 1654 5457 Quis
1682 5407 1865 5450 autem
1908 5399 1986 5454 sic
2014 5401 2098 5453 in-

516 5473 598 5519 ter
623 5466 875 5527 homines
895 5474 1151 5543 stupidus
1167 5485 1222 5532 et
1254 5478 1632 5552 intelligentia;
1670 5501 1887 5556 expers,
1916 5497 1975 5544 ut
2009 5489 2093 5545 Fi-

515 5555 646 5612 lium
675 5557 826 5616 Patri
860 5565 1099 5622 similem
1140 5584 1265 5626 esse
1294 5586 1419 5626 cum
1463 5572 1745 5644 'didicerit,
1807 5580 1871 5634 ad
1923 5580 2100 5639 Patris

587 5733 633 5764 “
686 5735 822 5792 Gen.
883 5757 939 5805 ll,
997 5741 1084 5796 ‘26.
1164 5747 1205 5777 ⁶⁹
1242 5746 1374 5801 Gen.
1413 5766 1463 5816 v,

2219 4577 2406 4650 ὁμοίου
2434 4576 2811 4648 παραφέρεται
2843 4576 3019 4644 λόγον.
3055 4567 3223 4639 Οὗτος
3249 4576 3350 4646 μὲν
3386 4571 3478 4629 οὖν
3509 4574 3614 4636 τοῖς
3642 4570 3768 4630 ἰδίοις

2218 4667 2409 4719 ἕπεται
2438 4665 2748 4736 λόγοις,τὴν
2777 4665 2869 4718 τοῦ
2893 4665 3077 4735 ὁμοίου
3104 4664 3376 4730 ἀπόδειξιν
3407 4663 3495 4718 διὰ
3514 4664 3604 4733 τῆς
3624 4675 3768 4714 κατα·

2220 4756 2418 4826 σκευῆς
2451 4755 2544 4809 τοῦ
2569 4756 2822 4826 ἀνομοίου
2869 4755 3209 4827 ποιούμενος.
3253 4756 3616 4825 Ἐξετάσωμεν
3647 4751 3697 4804 δὲ
3718 4748 3767 4802 τὸ

2219 4847 2379 4916 σοφὸν
2409 4847 2574 4901 αὐτοῦ
2609 4849 2704 4902 καὶ
2737 4847 2959 4911 ἁπλοῦν,
2989 4847 3016 4900 ὃ
3037 4851 3146 4911 τοῖς
3177 4849 3474 4920 διορισμοῖς
3505 4844 3768 4948 ἐπιδείκνυ-

2214 4956 2324 4993 ται.
2361 4939 2490 4992 Υἱὸν
2515 4939 2622 5010 γὰρ
2651 4939 2821 5008 Harp).
2845 4941 3027 5008 ὅμοιον
3061 4933 3198 4992 εἶναι
3227 4937 3415 5001 εἰπὼν,
3444 4933 3764 5038 ἀσξαιλίζεται

2214 5034 2314 5103 τὴν
2343 5033 2532 5104 ἀκοὴν,
2561 5033 2648 5110 μὴ
2681 5032 2788 5086 δεῖν
2818 5033 2892 5095 ὡς
2941 5033 3157 5104 Πατέρα
3195 5032 3370 5102 Ilath
3531 5028 3762 5132 Υίὸννέοιῗ

2215 5127 2368 5180 κέναι
2400 5107 2564 5182 νοεῖνς
2586 5127 2679 5190 Τίς
2708 5126 2763 5178 δὲ
2789 5124 2960 5188 οὕτως
2981 5127 3037 5178 ἐν
3058 5123 3362 5195 ἀνθρώποις
3389 5121 3621 5191 ἀνόητος.
3639 5116 3758 5168 ὥστε

2216 5217 2343 5272 Υἱὸν
2375 5198 2560 5288 ὅμοιον
2587 5216 2666 5288 τῷ
2707 5217 2879 5286 Πατρὶ
2931 5213 3119 5286 μαθὼν
3157 5209 3316 5279 εἶναι,
3355 5213 3433 5310 εἰς
3455 5210 3549 5310 τὴν
3577 5203 3760 5310 Πατρδς
3828 5255 3832 5265 .

2214 5312 2351 5382 πρὸς
2384 5311 2478 5365 τὸν
2502 5310 2720 5382 Πατέρα
2737 5309 3028 5381 ὁμοιότητα
3051 5312 3162 5399 τοῖς
3186 5307 3461 5399 λογισμοῖς
3477 5301 3757 5399 εναχθῆνῗις

2205 5401 2342 5455 Οὐδὲ
2363 5401 2439 5464 ὡς
2473 5399 2605 5470 Υίῷ,
2637 5402 2790 5470 φησι,
2824 5399 2950 5452 Υίόν
2975 5416 2989 5429 ο
3029 5397 3191 5452 πάλιν
3235 5396 3292 5450 τὸ
3325 5389 3441 5448 ἴσον
3487 5393 3542 5445 ὲν
3576 5387 3646 5458 τῷ
3693 5384 3758 5436 δι-

2202 5491 2414 5564 ορισμῷ
2447 5494 2478 5563 ἡ
2514 5492 2780 5564 δριμύτης
2810 5490 3134 5562 ἔχειᾹΙατρὶ⁵
3164 5489 3291 5543 Υἱὺν
3335 5487 3514 5556 ὅμοιον
3543 5477 3667 5535 εἷναι
3694 5475 3757 5527 εί-

2210 5585 2348 5650 πὼν,
2386 5586 2447 5640 τὸ
2487 5585 2562 5658 μὴ
2590 5585 2699 5640 δεῖν
2747 5586 2824 5651 ὡς
2852 5585 2989 5658 πρὸς
3043 5584 3172 5639 Υίὸν
3221 5581 3377 5641 ἄλλον
3409 5578 3601 5652 ὁμοίως
3629 5571 3755 5643 ἔχειν
