3922 6500
255 344 356 399 537

1394 337 1671 394 comm
1705 335 2096 405 summum,
2137 337 2268 399 LIB.
2310 317 2414 395 u.‘
3403 350 3488 407 δερ

253 454 712 532 προσδιορίζεται.
758 455 944 510 Ταῦτα
997 453 1108 509 τῶν
1171 453 1385 525 σεμνῶν
1429 454 1522 507 τοῦ
1572 455 1819 524 Εύνομίοι

1940 469 2065 508 cum
2097 453 2262 511 Patre
2295 454 2712 514 similitudinem
2739 459 3094 517 adducatur?
3137 461 3328 536 Neque
3365 467 3511 524 sicut

245 551 526 619 δογμάτων
563 550 681 602 ἐστὶ
734 547 804 601 τά
854 551 1149 619 μυστήρια,
1190 548 1256 600 δι’
1285 541 1360 600 ὧν
1407 546 1701 618 σοφώτεροι
1727 547 1835 600 τῶν

250 643 411 696 ἄλλων
442 645 493 694 οἱ
530 643 773 712 μαθηταὶ
810 641 974 694 αὐτοῦ
1004 642 1264 710 γίνονται.
1308 640 1582 702 Μαθύντες
1610 640 1691 692 ὃτι
1723 640 1838 691 Πα-

247 738 326 803 cpi.
365 733 493 794 Υἱὸς
526 732 747 794 ἐοικὼς,
773 735 870 802 οὐχ
902 734 1016 803 Υἱῷ
1052 734 1247 788 ἔοικεν.
1286 733 1362 788 Ού
1403 735 1510 805 γάρ
1558 735 1673 786 ἐστι
1712 731 1836 795 Υἱὸς

246 824 426 896 Πατήρ
445 841 460 854 ο
495 825 623 878 οὐδὲ
674 825 749 887 ὡς
777 826 1055 895 ἀγεννήτῳ
1089 825 1402 894 ἀγέννητος.
1432 823 1510 880 Ού
1536 825 1642 892 γὰρ
1677 824 1837 891 ἀγέν-

245 919 392 987 νητός
426 919 582 970 ἐστιν
617 919 645 971 6
671 919 817 982 Υἱός.
852 917 925 970 Τὸ
956 917 1009 970 δὲ
1037 917 1157 970 καθ’
1181 919 1326 988 ἡμᾶς
1365 919 1675 987 μυστήριον,
1703 916 1829 968 ὅταν

245 1011 454 1079 Πατέρα
479 1011 642 1082 εῐπῃ,
673 1009 805 1062 Υίοῦ
830 1010 1048 1080 Πατέρα
1081 1008 1301 1072 πάντως
1325 1007 1717 1065 διακελεύεται.
1735 1005 1830 1059 καὶ

240 1102 360 1154 ὅταν
390 1101 522 1154 Υίδν
549 1101 824 1174 ὀνομάσῃ,
868 1101 1078 1172 Πατρός
1107 1101 1233 1153 Υἱὸν
1267 1099 1505 1152 διδάσκει
1539 1101 1696 1151 νοεῖν.
1720 1098 1829 1150 Καὶ

238 1193 380 1245 οὐδὲν
428 1193 533 1263 τῆς
593 1196 858 1262 περιττῆς
911 1191 1116 1263 ταύτης
1174 1191 1366 1261 σοφίας
1415 1190 1577 1260 μέχρι
1610 1188 1703 1240 καὶ
1733 1189 1828 1243 νῦν

239 1284 558 1354 ἐδεήθημεν.
601 1284 767 1337 Ὥστε
795 1283 881 1336 διά
929 1283 1144 1353 Πατρδς
1170 1283 1263 1335 καὶ
1305 1280 1430 1334 Υἱοῦ
1464 1280 1557 1332 δύο
1579 1276 1828 1347 Πατέρας

234 1376 264 1442 ἦ
291 1374 381 1427 δύο
405 1375 575 1440 Υίοὺς
600 1375 972 1442 ὑποτίθεσθαι,
1007 1375 1082 1439 ὡς
1113 1375 1419 1442 ἀγεννήτων
1444 1369 1631 1424 δυάδα.

1944 544 2084 622 Filio
2116 544 2340 612 Filium,
2370 549 2570 618 inquit.
2596 549 2810 606 Rursus
2837 557 3080 610 eamdem
3106 557 3215 610 vim
3255 559 3417 614 habet
3454 563 3507 616 in

1937 640 2042 691 hoc
2072 640 2307 694 termino
2332 641 2453 710 ejus
2493 643 2788 699 subtilitas.
2846 645 2992 700 Patri
3029 646 3221 704 Filium
3271 653 3506 706 similem

1939 743 2061 783 esse
2088 743 2212 782 cum
2245 731 2405 798 dixit,
2445 749 2551 787 non
2580 744 2833 804 oportere
2868 741 3011 792 sicut
3056 759 3178 793 cuiu
3211 740 3357 795 Filio
3399 745 3508 796 alio

1935 820 2194 874 similiter
2221 838 2281 877 se
2307 823 2511 880 habere
2549 827 2896 882 determinat.
2933 831 3053 884 llaec
3093 843 3218 888 sunt
3257 837 3503 904 gravium

1937 905 2189 964 Eunomii
2233 911 2579 968 decretorum
2623 921 2904 987 mysteria,
2959 921 3160 989 quibus
3199 923 3320 992 ejus
3369 926 3510 980 fiunt

1935 1000 2194 1072 discipuli
2231 1006 2354 1060 aliis
2402 1008 2784 1077 sapientiores.
2826 1010 2960 1064 Cum
2995 1012 3309 1069 didicerunt
3356 1017 3505 1086 quod

1935 1092 2082 1147 Patri
2116 1094 2288 1151 Filius
2321 1099 2538 1168 similis,
2572 1100 2712 1155 Filio
2739 1104 2937 1159 similis
2979 1120 3088 1159 non
3127 1117 3232 1161 est.
3266 1106 3385 1162 Non
3420 1120 3507 1164 est

1936 1186 2080 1239 enim
2114 1187 2283 1245 Filius
2316 1189 2516 1258 Pater;
2544 1208 2720 1264 neque
2754 1196 2894 1250 sicut
2932 1197 3174 1266 ingenito
3205 1198 3503 1269 ingenitus,

1935 1291 2044 1330 non
2079 1279 2222 1333 enim
2277 1290 2362 1336 est
2394 1281 2564 1340 Filius
2604 1286 2902 1354 ingenitus.
2963 1287 3278 1359 Mysterium
3321 1299 3510 1346 autem

1936 1369 2082 1436 quod
2107 1381 2191 1425 est
2213 1373 2517 1430 secundum
2553 1391 2677 1440 nos,
2724 1394 2849 1434 cum
2883 1379 3098 1435 Patrem
3133 1383 3350 1448 dixerit,
3381 1383 3509 1438 Filii

235 1469 442 1524 Patrem
483 1471 723 1525 omnino
751 1469 906 1540 jubet
947 1467 1276 1538 intelligere.
1309 1465 1496 1536 Neque
1520 1461 1818 1518 adhucliac
1852 1474 2261 1530 supervacanea
2295 1471 2562 1538 sapientia
2590 1473 2946 1544 indiguimus.
2999 1474 3078 1531 lta
3105 1484 3166 1532 ut
3237 1494 3335 1549 per
3396 1478 3498 1532 Pa-

235 1574 362 1617 trem
396 1572 453 1618 et
487 1561 722 1628 Filium,
768 1564 906 1619 duos
930 1562 1118 1619 Patres
1154 1571 1206 1619 et
1231 1563 1370 1618 duos
1417 1559 1585 1615 Filios
1616 1563 1910 1627 supponat,
1936 1566 2192 1628 tanquam
2220 1563 2592 1634 ingenitorum
2623 1569 2966 1626 dualitatcm.

298 1654 363 1708 Τί
405 1654 464 1708 δὲ
503 1653 763 1724 βούλεται
811 1657 845 1725 ἡ
895 1654 1062 1725 πολλὴ
1104 1657 1232 1726 περὶ
1285 1654 1346 1706 τὸ
1395 1653 1685 1722 ἀγέννητον
1724 1647 1815 1702 τοῦ

1993 1647 2135 1714 Quid
2175 1657 2521 1712 autem'velit
2559 1657 2708 1713 circa
2732 1660 3030 1730 ingenitum
3067 1671 3277 1718 tantum
3309 1661 3491 1718 Euno-

234 1746 494 1815 Εὐνομίου
536 1746 770 1817 σπουδὴ,
813 1745 1070 1808 πολλάκις
1104 1747 1199 1816 μὲν
1232 1745 1332 1816 ἤδη
1369 1744 1659 1816 δεδήλωται
1683 1760 1696 1773 ⁸
1726 1743 1822 1794 καὶ

233 1840 318 1892 νῦν
345 1839 402 1892 δὲ
440 1839 617 1894 πάλιν
646 1840 712 1893 δι’
733 1838 928 1908 ὀλίγων
957 1841 1257 1910 εἰρήσεται.
1301 1838 1415 1908 Τῆς
1443 1836 1552 1908 γάρ
1584 1835 1678 1889 τοῦ
1711 1836 1822 1888 Πα-

231 1932 347 2002 apo;
373 1933 665 2002 σημασίας
707 1931 974 2002 μηδεμίαν
995 1931 1130 2002 πρὸς
1146 1930 1236 1983 τὸν
1254 1929 1380 1981 Υἱδν
1402 1927 1665 1998 διαφορὰν
1683 1926 1824 1979 κατά

231 2023 324 2094 τὴν
349 2022 514 2092 φύσιν
551 2022 992 2092 ἐνδεικνυμένης,
1037 2022 1086 2074 εἰ
1120 2021 1277 2091 μέχρι
1309 2018 1512 2072 τούτων
1551 2017 1642 2070 τὸν
1667 2017 1823 2086 λόγον

233 2117 472 2186 ἔστησεν,
503 2107 613 2169 οῦκ
644 2117 709 2170 ἂν
740 2115 897 2186 ἔσχεν
923 2115 1076 2184 ἰσχὺν
1105 2114 1138 2185 ἡ
1173 2112 1416 2176 ἀσέὸεια,
1443 2110 1544 2181 τῆς
1588 2110 1824 2180 φυσικῆς

231 2208 332 2262 τῶν
357 2208 654 2277 ὀνομάτων
685 2208 892 2271 ἐννοίας
921 2209 981 2261 οὐ
1026 2205 1472 2278 παραδεχομένης
1497 2203 1557 2260 τὸ
1583 2205 1700 2259 κατ’
1736 2205 1826 2257 ού-

235 2299 344 2352 σίαν
359 2300 675 2369 ἀλλότριον.
693 2299 808 2354 Νῦν
826 2299 884 2352 δὲ
910 2298 1206 2369 ἀγέννητον
1237 2299 1331 2351 καὶ
1346 2297 1603 2369 γεννητὸν
1626 2295 1820 2364 λέγων,

234 2389 408 2461 ἐπειδὴ
444 2390 662 2461 ἄμεσός
691 2393 805 2444 ἐστι
845 2388 981 2461 πρὸς
1014 2389 1216 2461 ἄλληλα
1255 2389 1366 2442 τῶν
1399 2388 1680 2458 ὀνομάτων
1701 2388 1825 2440 τού-

233 2497 330 2531 των
359 2482 392 2550 ή
426 2481 775 2545 ἐναντίωσις,
824 2480 901 2544 ὡς
932 2479 1126 2551 θνητοῦ
1160 2480 1254 2533 καὶ
1298 2479 1592 2544 ἀθανάτου,
1618 2479 1712 2531 καὶ
1735 2477 1824 2531 λο-

233 2570 414 2638 γικῶν,
465 2571 567 2624 καὶ
625 2571 856 2640 ἀλόγων,
917 2571 1012 2624 καὶ
1055 2569 1272 2623 πάντων
1312 2569 1422 2622 τῶν
1455 2568 1825 2640 ὁμοιοτρόπως

236 2663 664 2733 ὲκφωνουμένων
708 2702 723 2725 ,
772 2661 871 2716 ὅσα
913 2661 1002 2715 διὰ
1029 2662 1138 2715 τῶν
1186 2661 1330 2716 κατά
1369 2661 1428 2715 τὸ
1458 2661 1700 2716 ἐναντίον
1729 2679 1826 2732 ση-

239 2756 575 2824 μαινομένων
593 2754 842 2824 ἀλλήλοις
873 2753 1359 2824 ἀντικαθέστηκεν,
1385 2753 1585 2807 ἔδωκεν
1613 2753 1728 2806 ὁδὸν
1757 2755 1823 2823 τῇ

237 2844 548 2915 βλασφημίᾳ
573 2846 663 2897 διὰ
687 2845 796 2896 τῶν
844 2843 1124 2914 ὀνομάτων
1153 2844 1361 2898 τούτων
1388 2859 1401 2873 ⁶
1437 2842 1576 2896 ὥστε
1602 2842 1700 2914 τὴν
1731 2842 1823 2895 τοῦ

235 2937 416 3006 θνητοῦ
471 2937 622 3008 πρὸς
666 2936 726 2990 τὸ
769 2936 1037 2990 ἀθάνατον
1078 2937 1342 3005 διαφορὰν
1375 2936 1432 2990 ὲν
1463 2935 1541 3007 τῷ
1580 2934 1825 3006 γεννητῷ

1923 1740 2016 1794 mii
2043 1743 2308 1810 studium,
2347 1762 2489 1816 saepe
2519 1749 2739 1818 quidem
2760 1751 2872 1820 jam
2911 1752 3247 1807 declaratum
3296 1762 3413 1822 est;
3448 1762 3514 1810 et

1924 1847 2070 1888 nunc
2093 1835 2294 1889 iterum
2332 1840 2524 1906 paucis
2557 1839 2792 1897 dicetur.
2840 1841 2977 1898 Cum
3026 1846 3170 1898 enim
3211 1844 3390 1901 Patris
3428 1847 3506 1902 si-

1923 1928 2204 1999 gnificatio
2236 1931 2441 1986 nullam
2475 1947 2599 1987 cum
2633 1931 2773 1989 Filio
2811 1934 3170 1991 diﬂ‘ercntiaui
3201 1939 3507 1992 secundum

1925 2031 2179 2077 naturam
2218 2023 2579 2093 demonstret,
2637 2027 2681 2082 si
2723 2027 2788 2082 ad
2821 2028 2936 2084 haec
2967 2045 3142 2100 usque
3189 2045 3504 2085 sermonem

1926 2114 2284 2182 inhibuisset,
2329 2119 2534 2174 nullam
2567 2119 2676 2174 vim
2718 2121 2998 2176 habuisset
3048 2123 3329 2192 impietas;
3376 2122 3507 2193 quia

1926 2209 2198 2264 naturalis
2252 2209 2448 2264 horum
2504 2211 2788 2267 nominum
2844 2214 3042 2267 notitia
3095 2228 3206 2268 non
3263 2213 3506 2268 admittit

1928 2299 2072 2369 quod
2102 2307 2186 2356 est
2200 2301 2502 2356 secundum
2527 2307 2819 2359 essentiam
2859 2305 3118 2359 alienum.
3140 2304 3296 2360 Nunc
3319 2313 3502 2360 autem

1932 2392 2236 2462 ingenitum
2265 2401 2318 2448 et
2359 2396 2601 2465 genitura
2626 2395 2834 2462 dicens,
2863 2397 3134 2468 siquidem
3171 2398 3362 2452 horum
3405 2411 3506 2452 no-

1908 2486 2148 2540 -minum
2196 2487 2340 2542 inter
2371 2502 2432 2543 se
2471 2488 2785 2555 immediata
2818 2497 2902 2544 cst
2945 2492 3328 2556 contrarietas,
3360 2491 3509 2546 sicut

1927 2579 2177 2634 mortalis
2205 2587 2259 2634 et
2305 2579 2656 2645 immortalis,
2706 2589 2759 2636 et
2799 2582 3148 2636 rationalium
3185 2591 3239 2637 et
3283 2582 3507 2639 irratio—

1928 2669 2158 2734 nalium,
2199 2677 2254 2726 et
2279 2672 2524 2726 omnium
2560 2687 2683 2743 qua:
2713 2673 2879 2728 simili
2925 2675 3085 2728 modo
3122 2673 3500 2738 enuntientur,

1927 2775 2271 2830 quaecunque
2305 2776 2402 2832 per
2433 2761 2739 2832 signiﬁcata
2769 2764 3047 2818 contraria
3085 2764 3226 2818 inter
3243 2754 3302 2818 se
3333 2778 3506 2834 oppo-

1929 2849 2240 2918 suerimus;
2295 2865 2392 2920 per
2425 2849 2543 2906 haec
2599 2852 2824 2906 nomina
2861 2852 3004 2906 viam
3053 2851 3410 2922 blasphemiae
3451 2860 3506 2908 ct

1930 2938 2111 3008 impiae
2134 2939 2334 3009 linguae
2367 2938 2664 3009 patefecit;
2715 2938 2790 2994 ita
2819 2947 2879 2993 ut
2907 2954 3029 2995 eam
3056 2955 3177 3010 quae
3198 2947 3283 2996 est
3306 2947 3506 2995 morta-

236 2988 360 3100 πρός
396 2988 458 3081 τὸ
493 2988 794 3098 ὰςγέῖινητον
815 2988 1194 3099 ιῐῑνθεωρῆσαι.⁵
1212 2988 1330 3081 Rulli
1347 2988 1536 3100 ὥσπερ
1565 2988 1697 3099 έλλη
1726 2988 1819 3082 τοῦ

2134 2988 2333 3009 --νοῇ
2367 2988 2625 3009 ,_--__.-_-
2649 2988 2664 3005 ,
2715 2988 2790 2994 η-
2823 2988 2877 2993 __
2913 2988 3029 2995 η---
3060 2988 3176 3010 1-..
3202 2988 3282 2996 -_-
3306 2988 3482 2995 -_---_-

1930 3030 1996 3086 lis
2031 3029 2097 3084 ad
2129 3029 2439 3086 immortale
2478 3030 2847 3088 ditferentiam
2881 3033 2936 3086 in
2965 3033 3152 3103 genito
3191 3033 3256 3087 ad
3288 3033 3502 3104 ingeni-

236 3123 416 3196 θνητοῦ
447 3125 546 3178 καὶ
578 3124 712 3196 ἄλλη
742 3125 835 3178 τοῦ
857 3125 1124 3181 ἀθανάτου
1149 3128 1180 3196 ὴ
1217 3124 1400 3195 φύσις,
1429 3126 1524 3179 καὶ
1564 3125 1657 3180 τοῦ
1684 3126 1822 3196 λογιο

236 3216 322 3270 κοῦ
351 3219 444 3272 καὶ
474 3218 576 3271 τοῦ
613 3218 810 3286 ἀλόγου
844 3217 1137 3288 ἀσύμϐατα
1171 3219 1310 3272 κατά
1355 3219 1456 3292 τὴν
1484 3221 1671 3273 οὐσίαν
1703 3220 1820 3273 ἐστὶ

235 3308 296 3362 τά
322 3308 614 3380 ἰδιώματα,
647 3311 790 3364 οῦτω
819 3309 1064 3380 βούλεται
1083 3309 1250 3381 ἄλλην
1276 3310 1374 3382 μὲν
1403 3311 1494 3364 τοῦ
1525 3313 1818 3383 ἀγεννήτου

237 3404 641 3457 κατασκευάσαι
673 3403 771 3473 τὴν
804 3403 985 3472 φύσιν,
1013 3403 1179 3475 ἄλλην
1213 3404 1267 3456 δὲ
1299 3405 1396 3475 τὴν
1416 3402 1511 3458 τοῦ
1531 3404 1816 3475 γεννητοῦ.

237 3494 344 3548 Ἰνα
401 3495 604 3565 ὥσπερ
669 3495 983 3567 ὑποχείριος
1025 3494 1102 3567 τῷ
1135 3495 1398 3567 λογικῷἡ
1432 3497 1624 3564 ἄλογος
1659 3496 1820 3566 φύσις

237 3583 726 3658 δεδημιούργηται,
787 3584 961 3649 οὕτως
1013 3585 1100 3639 διὰ
1143 3587 1380 3657 φυσικῆς
1423 3587 1670 3656 ἀνάγκης
1718 3587 1820 3639 ὑπ-

238 3678 556 3750 εζευγμένον
605 3681 682 3752 τῷ
727 3679 1006 3751 ἀγεννήτῳ
1047 3680 1108 3732 τὸ
1136 3681 1391 3751 γεννητὸν
1423 3679 1683 3753 ἐπιδείξῃ.
1728 3679 1818 3732 Διὸ

239 3771 485 3826 συνάπτει
512 3771 598 3842 τῷ
627 3772 907 3842 ἀγεννήτῳ
934 3771 996 3824 τὸ
1019 3769 1112 3824 τοῦ
1144 3769 1592 3842 Παντοκράτορος
1623 3769 1814 3840 ὄνομα,

237 3862 264 3914 δ
289 3864 382 3917 ούκ
409 3867 490 3929 είς
528 3862 896 3936 προνοητικὴν
925 3862 1222 3934 ἐνέργειαν,
1254 3863 1329 3926 ὡς
1363 3860 1652 3933 προλαϐὼν
1677 3863 1706 3915 6
1731 3862 1818 3915 λό-

239 3972 322 4023 γος
347 3956 653 4021 ὑπέδειξεν,
677 3953 790 4010 ἀλλ’
813 3956 891 4020 είς
918 3954 1245 4026 τυραννικὴν
1265 3953 1512 4019 ἐξουσίαν
1537 3954 1815 4025 μεταλαμ-

241 4047 373 4103 ϐάνει
400 4051 499 4122 τὴν
544 4049 845 4121 ἑρμηνείαν
883 4048 978 4103 τοῦ
1019 4047 1485 4119 Παντοκράτορος.
1526 4047 1615 4111 Ὠς
1651 4047 1815 4120 μέρος

240 4139 324 4211 τῆς
342 4142 655 4214 ἀρχομένης
673 4158 735 4194 τε
766 4142 860 4195 καὶ
889 4141 1202 4213 ὑποχειρίου
1221 4141 1435 4210 φύσεως
1462 4139 1662 4193 καὶτὸν
1686 4140 1814 4194 Υἱὺν

244 4236 466 4304 ποιῆσαι,
501 4234 644 4306 μετὰ
677 4235 893 4288 πάντων
925 4232 1244 4287 δουλεύοντα
1272 4231 1348 4302 τῷ
1367 4232 1454 4285 διά
1479 4231 1580 4302 τῆς
1615 4248 1816 4303 τυραν-

243 4326 379 4396 νικῆς
407 4327 660 4394 ἐξουσίας
700 4324 989 4397 κρατοῦντι
1027 4324 1168 4378 κατὰ
1191 4324 1250 4377 τὸ
1273 4317 1390 4377 ἴσον
1419 4323 1526 4377 τῶν
1551 4323 1769 4377 πάντων
1796 4339 1809 4353 '
1849 4344 1892 4400 υ

244 4419 324 4471 καὶ
351 4421 426 4472 ὅτι
464 4420 606 4490 πρὸς
628 4418 786 4472 τοῦτο
809 4417 1020 4488 βλέπων
1045 4419 1166 4481 ταῖς
1196 4415 1474 4481 τοιαύταις
1497 4418 1692 4488 χρῆται
1719 4416 1813 4470 τοῦ

242 4506 382 4576 λόγου
415 4508 746 4572 διαστολαῖς,
781 4510 845 4560 ἐκ
871 4507 980 4561 τῶν
1010 4507 1384 4578 ὑποκειμένων
1417 4504 1817 4576 σαφηνισθὴσε-

244 4615 338 4653 ται.
363 4601 547 4656 Εἰπὼν
567 4601 677 4671 γὰρ
700 4603 883 4653 ἐκεῖνα
897 4599 966 4653 τὰ
985 4600 1125 4669 σοφά
1143 4617 1202 4653 τε
1223 4600 1316 4653 καὶ
1341 4617 1407 4652 πε
1419 4599 1810 4670 ριεσκεμμένα,

244 4691 311 4743 ὅτι
341 4692 461 4746 οῦτε
495 4694 573 4757 ὡς
616 4693 794 4762 Πατρὶ
836 4691 979 4745 ἔοικε
1021 4690 1232 4762 Πατὴρ,
1263 4691 1381 4744 οὐδὲ
1407 4690 1482 4754 ὡς
1507 4691 1621 4762 Υίῷ
1647 4691 1776 4753 Υἱός
1795 4707 1809 4721 ο

247 4783 404 4838 καίτοι
457 4803 524 4854 γε
558 4784 784 4854 οὐδεμία
845 4785 992 4838 ἐστὶν
1040 4784 1254 4855 ἀνάγκη
1306 4784 1543 4838 ἐοικέναι
1591 4785 1812 4846 πάντως

250 4869 404 4942 "arpi.
453 4873 698 4944 Πατέρα,
728 4874 820 4928 καὶ
858 4873 969 4943 Υἱῷ
999 4873 1126 4926 Υίόν
1145 4892 1159 4905 ·
1216 4874 1396 4946 πατὴρ
1429 4875 1536 4946 γάρ
1561 4875 1644 4939 τίς
1663 4878 1810 4929 ἐστιν

251 4960 299 5012 ὲν
323 4962 554 5035 Αἰθίοψι,
588 4963 770 5036 πατὴρ
800 4965 895 5019 καὶ
918 4965 977 5017 ὲν
1006 4963 1264 5028 Σκύθαις,
1288 4966 1383 5018 καὶ
1408 4966 1520 5028 υίὸς
1546 4967 1809 5036 ἑκατέρου

247 5052 449 5120 τούτων,
487 5055 658 5125 μέλας
686 5056 784 5125 μὲν
808 5057 836 5109 ὁ
866 5054 960 5107 τοῦ
981 5053 1255 5116 Αἰθίοπος,
1281 5054 1605 5127 λευκόχρους
1635 5058 1691 5110 δὲ
1715 5059 1810 5112 καὶ

250 5142 607 5216 ὑποχρυσίζων
645 5145 786 5198 κατά
843 5145 942 5216 τὴν
983 5145 1158 5216 κόμην
1193 5147 1221 5198 6
1253 5147 1482 5219 Σκύθης.
1518 5151 1627 5203 Καὶ
1653 5151 1807 5204 οὐδὲν

253 5233 430 5299 μᾶλλον
450 5238 542 5291 διὰ
571 5237 636 5291 τὸ
666 5236 878 5308 πατέρα
897 5231 1037 5288 εἶναι
1060 5236 1218 5290 ὲκάτε
1227 5255 1338 5308 ρον,
1363 5239 1485 5293 οὔτε
1505 5241 1593 5294 διὰ
1607 5243 1698 5296 τὸν
1713 5246 1807 5296 Λί-

252 5322 390 5380 θίοπα
413 5331 440 5382 ὁ
470 5328 684 5398 Σκύθης
709 5328 1042 5398 μελαίνεται,
1071 5327 1192 5381 οὔτε
1221 5329 1308 5383 διά
1339 5330 1430 5384 τὸν
1463 5333 1676 5406 Σκύθην
1719 5336 1808 5389 ἁλ-

252 5412 460 5474 λοιοῦται
490 5421 553 5474 τὸ
600 5421 760 5492 σῶμα
795 5421 931 5492 πρὸς
956 5421 1016 5474 τὸ
1041 5421 1230 5476 λευκὸν
1268 5421 1362 5476 τοῦ
1399 5425 1672 5489 Αἰθίοπος.

1929 3130 2044 3176 ιυιη
2069 3122 2522 3193 contemplemur.
2552 3121 2618 3176 Ει
2633 3122 3092 3194 quemadmodum
3119 3123 3224 3177 alia
3251 3131 3334 3178 est
3355 3138 3505 3178 mor-

1928 3215 2074 3281 talis,
2125 3214 2233 3269 alia
2292 3215 2622 3284 immortalis
2669 3225 2896 3284 natura,
2923 3225 2978 3272 et
3011 3214 3294 3271 rationalis
3338 3222 3505 3285 atque

1928 3307 2266 3363 irrationalis
2295 3308 2656 3378 proprietates
2687 3307 2990 3365 secundum
3038 3308 3334 3364 essentiam
3365 3321 3505 3361 cou-

1925 3412 2124 3470 gruere
2159 3400 2307 3454 nullo
2344 3399 2507 3455 modo
2527 3407 2776 3470 possunt,
2805 3399 2898 3455 sed
2927 3399 3162 3454 maxime
3196 3399 3498 3455 dissident:

1926 3493 2008 3550 sic
2039 3494 2155 3548 vult
2193 3492 2500 3549 Eunomius
2535 3493 2697 3548 aliam
2747 3492 2965 3565 quidem
3013 3490 3243 3564 ingeniti
3291 3493 3505 3548 conatis

1925 3593 2080 3640 tuere
2108 3592 2387 3652 naturam,
2438 3585 2602 3638 aliam
2636 3598 2768 3639 vero
2798 3582 2988 3654 geniti.
3025 3581 3098 3637 Ut
3133 3583 3508 3652 quemadmow

1925 3674 2054 3730 dum
2109 3675 2364 3730 rationali
2410 3675 2630 3732 subdita
2687 3674 3108 3746 mancipataque
3161 3675 3514 3733 irrationalis.

1924 3775 2123 3823 natura
2156 3776 2342 3824 creata
2371 3775 2489 3824 est:
2525 3767 2610 3824 sic
2634 3769 2870 3823 naturali
2894 3768 3225 3825 necessitate
3249 3768 3511 3839 ingenito-

1924 3862 2166 3932 genitum
2198 3860 2552 3931 subjugatum
2585 3870 2639 3915 et
2671 3859 2947 3915 addictum
2961 3861 3317 3916 demonstret.
3340 3859 3492 3926 Quo-

1923 3952 2068 4006 circa
2098 3951 2341 4022 ingenito
2390 3965 2587 4007 nomen
2617 3949 3018 4021 Omnipotentis
3069 3950 3308 4020 copulat,
3348 3951 3513 4021 quod.

1922 4060 2033 4099 non
2080 4045 2148 4099 ad
2207 4042 2526 4115 providendi
2586 4043 2980 4114 operationum,
3035 4041 3180 4096 sicut
3229 4052 3517 4114 praecepta.

1923 4135 2215 4191 occasione
2251 4134 2430 4190 oratio
2477 4133 2906 4202 deu'ionstravit;
2956 4134 3051 4188 sed
3089 4132 3518 4205 Omnipotentis..

1922 4229 2428 4300 interpretationem
2466 4227 2524 4282 in
2572 4227 2912 4298 tyrannicam
2950 4232 3272 4296 potestatem
3314 4233 3517 4282 trans--

1923 4319 2046 4372 fert.
2089 4318 2166 4372 Ita
2204 4325 2264 4371 ut
2294 4325 2504 4389 partem
2522 4329 2746 4370 naturae
2779 4314 3041 4385 subjectae
3069 4323 3124 4370 et
3171 4317 3514 4386 mancipatus:

1918 4411 2084 4465 etiam
2112 4403 2318 4464 Filium'
2345 4408 2511 4462 faciat
2535 4423 2659 4462 cum
2676 4407 2931 4463 omnibus
2954 4407 3222 4463 creaturis
3249 4407 3496 4472 servien-

1919 4511 2026 4558 tem
2067 4503 2117 4558 ei
2147 4502 2241 4572 qui
2276 4501 2564 4573 tyrannica
2596 4506 2865 4571 potestate
2902 4501 3190 4571 aequaliter
3233 4501 3496 4557 omnibus

1919 4591 2168 4660 imperat.
2197 4589 2351 4656 Quod
2383 4598 2564 4644 autem
2597 4589 2662 4645 ad
2697 4590 2799 4644 hoc
2825 4590 3128 4662 respiciens
3150 4591 3355 4647 talibus
3388 4593 3498 4647 uti-

1918 4689 2007 4736 tur
2037 4682 2327 4738 verborum
2361 4682 2833 4747 distinctionibus,
2889 4700 2954 4740 ex
3001 4685 3266 4755 subjectis
3306 4693 3499 4756 postea

1920 4774 2382 4831 manifestabitur.
2415 4777 2552 4831 Cum
2579 4777 2724 4830 enim
2762 4777 2851 4830 illa
2883 4775 3044 4832 docta
3063 4787 3116 4832 et
3147 4778 3494 4832 considerata

1920 4868 2169 4937 protulit,
2227 4869 2374 4939 quod
2410 4883 2588 4939 neque
2647 4869 2793 4923 sicut
2841 4867 2990 4922 Patri
3042 4869 3236 4924 similis
3282 4867 3500 4922 videtur

1918 4960 2116 5028 Pater;
2155 4977 2332 5034 neque
2368 4963 2513 5019 sicut
2551 4960 2695 5018 Filio
2740 4960 2910 5017 Filius
2944 4963 3284 5032 (quanquam
3343 4962 3498 5015 nulla

1917 5054 2216 5110 necessitas
2248 5054 2397 5124 cogit
2431 5052 2614 5109 dicere
2638 5067 2869 5122 prorsus
2896 5050 3042 5105 Patri
3083 5034 3302 5104 Patrem
3342 5049 3500 5104 simi-

1918 5148 2022 5202 lem
2051 5146 2248 5214 videri,
2278 5157 2331 5203 et
2357 5145 2498 5201 Filio
2527 5144 2748 5201 Filium.
2767 5131 2773 5140 ’
2793 5144 2956 5200 Pater
2981 5147 3126 5201 enim
3171 5145 3370 5216 aliquis
3407 5155 3498 5202 est

1911 5241 2056 5294 inter
2096 5238 2387 5310 [Ethiopes
2411 5258 2426 5308 ;
2439 5248 2594 5310 pater
2618 5239 2780 5294 etiam
2810 5239 2952 5292 inter
2996 5236 3261 5308 Scythas;
3296 5243 3493 5292 horum

1911 5334 2200 5404 utriusque
2225 5333 2390 5396 filius,
2415 5332 2568 5402 niger
2593 5330 2810 5401 quidem
2840 5330 2984 5384 [ilius
3014 5328 3312 5400 EthiOpis,
3353 5328 3496 5382 albi-

1917 5429 2068 5482 color
2101 5441 2232 5479 vero
2269 5431 2322 5478 ct
2369 5437 2581 5477 comam
2633 5421 2960 5477 subauream
3004 5420 3214 5474 habens
3263 5416 3493 5490 Scytha.

257 5505 311 5562 Et
333 5514 493 5570 nihilo
545 5518 720 5586 magis
773 5518 904 5587 quia
965 5525 1116 5587 pater
1157 5517 1230 5573 sit
1290 5525 1543 5588 uterque,
1609 5538 1788 5595 neque
1827 5535 2054 5600 propter
2115 5523 2466 5593 Ethiopem,
2507 5518 2713 5592 Scytha
2753 5519 3041 5588 nigrescit,
3109 5533 3288 5586 neque
3359 5530 3493 5588 pro-

257 5610 357 5666 Pter
382 5605 636 5678 Scytham
669 5623 868 5679 corpus
902 5607 1182 5680 [Ethiopis
1226 5610 1502 5691 albescit),

327 5696 452 5751 Ἀλλ’
483 5702 633 5772 ὅμως
661 5700 831 5756 εἰπὼν
865 5702 1039 5756 ταῦτα
1085 5701 1226 5756 κατὰ
1261 5703 1321 5756 τὸ
1345 5703 1578 5774 ἀρέσκον
1599 5708 1749 5780 αὐτῷ
1775 5711 1805 5763 6

260 5782 514 5860 Εὑνόμιος,
544 5793 846 5866 ἐπήγαγεν,
879 5793 960 5848 ὅτι
1000 5793 1234 5863 Ὅμοιός
1256 5795 1424 5850 ἐστιν
1451 5797 1532 5863 ὼς
1572 5799 1704 5867 Υἱός
1729 5800 1806 5866 τῷ

1983 5708 2370 5763 Verumtamen
2403 5721 2527 5760 cum
2557 5704 2673 5758 haec
2707 5702 2941 5758 dixisset
2980 5699 3304 5763 Eunomius.
3342 5701 3489 5758 sicut

1913 5803 1960 5858 ei
1999 5801 2224 5871 placuit,
2257 5797 2564 5870 subjunxit,
2593 5795 2740 5868 quod
2775 5793 2974 5852 similis
3001 5804 3086 5852 cst
3128 5796 3270 5856 sicut
3312 5789 3487 5857 ﬁlius
