3922 6498
475 335 581 391 5719

1724 328 1783 383 S.
1821 326 2146 385 GREGOBII
2181 330 2471 387 NYSSENI

3630 333 3721 390 5ιο

480 450 645 504 Patri.
683 446 787 501 Sed
818 462 940 501 cum
978 444 1252 517 ejusmodi
1283 443 1423 499 ratio
1448 444 1853 511 similitudinis,
1906 444 2053 515 quod

2169 450 2358 516 Πατρί.
2380 447 2485 501 Τοῦ
2518 448 2575 501 δέ
2612 446 2851 501 τοιούτου
2893 445 3053 515 λόγου
3080 448 3142 500 τὸ
3176 446 3317 500 κατά
3359 449 3454 518 τὴν
3484 445 3638 515 φύσιν
3656 451 3725 502 oi-

476 541 777 598 secundum
807 549 1056 594 naturam
1085 547 1169 594 cst
1200 538 1481 608 proprium
1504 538 1870 604 demonstret,
1911 536 2058 591 sicut

478 633 530 687 in
564 632 693 686 Seth
715 640 769 686 et
797 632 851 685 in
872 631 1082 685 Adamo
1114 630 1374 684 divinitus
1397 629 1664 698 inspirata
1700 636 1936 683 testatur
1960 628 2060 682 do-

477 723 683 788 (trina;
719 722 869 792 parvi
897 721 1107 775 faciens
1137 730 1191 775 et
1222 736 1320 789 pro
1359 721 1532 775 nihilo
1579 721 1787 775 habens
1838 718 2060 790 dogma-

480 816 606 867 tista
638 813 999 881 intelligentes
1038 811 1342 875 auditores,
1374 812 1592 864 inanem
1635 809 1929 878 subjunin
1964 824 2060 878 ap-

482 905 796 973 pellationis
830 901 952 956 Filii
985 902 1516 971 interpretationem,
1558 900 1734 969 ipsum
1762 901 2057 969 imaginem

482 1005 537 1049 et
581 995 820 1063 sigillum
893 991 1295 1061 Omnipotentis
1346 992 1682 1061 operationis
1722 990 2055 1045 definiendo.

486 1084 661 1138 Filius
692 1086 828 1138 enim
863 1092 960 1145 est,
987 1083 1182 1151 inquit,
1203 1083 1375 1150 imago
1403 1091 1451 1134 et
1477 1080 1713 1150 sigillum
1735 1080 2057 1148 operationis

485 1178 593 1230 sive
638 1178 880 1247 efﬁcacia!
913 1174 1316 1242 Omnipotentis.
1352 1171 1462 1225 lloc
1496 1172 1672 1240 ipsum
1715 1171 1948 1239 primum
1965 1169 2058 1239 qui

485 1284 647 1322 aures
700 1268 983 1321 audientes
1029 1265 1192 1318 habet
1243 1262 1579 1317 consideret.
1634 1261 1921 1326 Quodnam
1969 1268 2057 1315 est

484 1359 619 1413 illud
676 1358 1015 1428 Operatiouis
1055 1356 1336 1426 sigillum?
1381 1352 1574 1409 Omnis
1615 1354 1761 1408 enim
1809 1354 2059 1423 operatio

487 1452 540 1504 in
573 1467 637 1505 eo
688 1452 779 1519 qui
835 1451 1100 1512 elaborat,
1147 1449 1199 1502 id
1244 1447 1388 1517 quod
1435 1447 1771 1511 elaboratur,
1822 1454 2057 1517 spectat.

484 1540 619 1593 Cum
660 1547 839 1594 autem
876 1540 1018 1609 quod
1068 1541 1369 1609 peragitur,
1406 1535 1704 1606 perfectum
1742 1545 1834 1589 aut
1868 1544 2058 1592 trans-

487 1640 667 1683 actum
713 1629 898 1695 fuerit,
937 1645 1032 1700 per
1066 1645 1125 1685 se
1175 1644 1280 1683 non
1322 1627 1542 1682 substat
1591 1628 1821 1696 ipsamet
1863 1642 2061 1697 opera-

484 1723 558 1772 tio
596 1738 608 1773 :
647 1721 795 1774 velut
849 1735 1049 1775 cursus
1108 1719 1357 1790 Operatio
1398 1733 1519 1787 quae
1572 1716 1631 1771 fit
1676 1717 1929 1787 pedibus,
1974 1729 2060 1774 est

487 1815 691 1867 motio:
734 1820 989 1866 cessante
1034 1812 1275 1865 motione
1326 1825 1436 1863 non
1490 1810 1728 1879 amplius
1772 1810 1829 1864 in
1879 1810 2059 1881 seipsa

487 1902 741 1955 subsistit
767 1902 1035 1971 operatio.
1072 1902 1215 1956 Idem
1242 1902 1350 1956 dici
1376 1908 1556 1971 potest
1589 1902 1645 1955 in
1685 1902 1832 1955 omni
1866 1918 1924 1957 re
1939 1917 2061 1972 qua:

488 1994 791 2063 suscipitur
813 1994 1045 2065 agenda,
1079 1995 1165 2048 vel
1216 1992 1524 2057 tractanda,
1584 1994 1840 2049 videlicet
1882 1996 2058 2049 actio-

487 2103 611 2141 nem
647 2089 819 2157 ipsam
847 2101 1067 2142 cessare
1101 2087 1261 2141 simul
1295 2101 1419 2139 cum
1440 2100 1607 2156 opera
1640 2095 1695 2140 et
1725 2087 1908 2142 studio
1940 2088 2061 2158 ejus

488 2181 583 2249 qui
642 2179 788 2233 circa
831 2194 953 2234 eam
1003 2179 1242 2247 laborat;
1288 2180 1561 2234 actionem
1613 2193 1741 2233 vero
1780 2180 1955 2249 ipsam
2004 2180 2061 2233 in

490 2274 671 2341 seipsa
703 2286 811 2326 non
845 2271 1167 2335 subsistere,
1214 2271 1259 2327 si
1296 2286 1474 2342 neque
1511 2271 1582 2327 sit
1623 2272 1768 2325 ullus
1799 2270 1891 2341 qui
1934 2285 2065 2341 ope-

490 2371 640 2414 retur
670 2360 727 2414 in
785 2360 1071 2430 proposito
1115 2360 1220 2415 sibi
1264 2375 1429 2430 opere
1460 2368 1516 2415 et
1548 2359 1755 2421 studio,
1795 2360 1879 2414 vel
1915 2360 1963 2415 si
2014 2360 2062 2415 is

490 2454 584 2521 qui
611 2451 854 2506 elaborat
892 2451 960 2505 ab
992 2465 1157 2521 opere
1198 2451 1519 2506 cessaverit.
1560 2449 1703 2516 Quid
1734 2449 1902 2520 igitur
1931 2450 2064 2505 dicit

490 2559 615 2599 esse
644 2559 739 2612 per
771 2543 1007 2613 seipsam
1041 2542 1443 2613 operationem,
1487 2555 1610 2611 quae
1641 2556 1817 2611 neque
1861 2550 1947 2597 est
1972 2557 2063 2597 es-

491 2635 694 2700 sentia,
717 2649 896 2706 neque
929 2633 1218 2688 character
1236 2633 1352 2687 sive
1381 2631 1573 2702 figura,
1603 2646 1779 2701 neque
1811 2632 2065 2686 substan-

492 2727 601 2780 tia?
631 2725 797 2797 Igitur
824 2724 945 2793 ejus
974 2725 1119 2793 quod
1165 2738 1276 2777 non
1310 2724 1565 2779 subsistit
1608 2724 1791 2791 ipsum
1823 2722 1899 2774 ait
1941 2737 2065 2776 esse

494 2817 881 2882 simulacrum;
917 2816 1019 2869 hoc
1049 2823 1231 2869 autem
1265 2815 1409 2881 quod
1436 2830 1546 2869 non
1568 2814 1857 2868 exsiStenti
1886 2813 2065 2867 simile

493 2919 598 2973 est,
626 2923 802 2977 neque
860 2907 1038 2976 ipsum
1093 2905 1316 2960 omnino
1368 2913 1454 2961 est
1485 2922 1498 2957 :
1534 2905 1649 2959 haec
1696 2904 1945 2959 inanium
1983 2913 2067 2959 est

494 3002 839 3057 decretorum
871 3008 1190 3068 portentosa
1224 2997 1461 3062 vanitas,
1494 2996 1722 3050 credere
1751 2996 1804 3049 in
1835 2994 1887 3049 id
1922 2994 2065 3064 quod

2157 541 2304 591 κεῖον
2333 538 2679 608 δεικνυμένου
2699 553 2712 566 ⁸
2743 537 2818 600 ὡς
2850 537 2942 591 ἐπὶ
2974 537 3065 591 τοῦ
3112 536 3216 608 Σὴθ
3244 538 3347 591 καὶ
3374 537 3471 591 τοῦ
3512 539 3725 611 ’Δδάμη

2158 626 2512 689 θεόπνευστος
2547 628 2812 697 μαρτυρεῖ
2858 626 3171 680 διδασκαλία
3193 645 3206 657 ·
3242 628 3421 698 μικρά
3454 628 3728 698 φροντίσας

2156 721 2183 771 6
2215 718 2578 787 δογματιστὴς
2612 716 2717 770 τῶν
2759 716 2998 779 συνετῶς
3033 714 3425 787 ἀκροωμένων,
3456 717 3554 788 τὴν
3579 716 3726 786 κενὴν

2157 809 2436 878 ἐπήγαγεν
2484 807 2778 878 ἑρμηνείαν
2810 808 2909 877 τῆς
2950 806 3043 859 τοῦ
3078 807 3207 859 Υίοῦ
3240 806 3634 878 προσηγορίας,
3660 809 3727 857 εί-

2158 900 2287 951 κόνα
2310 899 2400 951 καὶ
2429 899 2699 969 σφραγῖδα
2724 900 2822 968 τῆς
2853 898 2947 950 τοῦ
2981 898 3431 967 Παντοκράτορος
3465 898 3725 967 ἐνεργείας

2156 988 2317 1040 αὑτὸν
2356 990 2698 1058 ὁρισάμενος.
2719 988 2848 1053 Υἱὸς
2892 986 3002 1055 γάρ
3029 989 3179 1051 ἐστι,
3204 986 3392 1057 φησιν,
3443 986 3616 1040 εἰκὼν
3640 986 3726 1040 καί

2156 1081 2414 1148 σφραγὶς
2436 1079 2546 1147 τῆς
2572 1079 2677 1133 τοῦ
2715 1079 3196 1147 Παντοκράτορος
3231 1080 3553 1148 ἐνεργείας.
3600 1081 3727 1133 Αύτό

2161 1189 2249 1241 μοι
2275 1171 2431 1224 τοῦτο
2462 1172 2676 1239 πρῶτον
2699 1175 2726 1224 6
2757 1171 2894 1241 ἔχων
2935 1164 3048 1223 ὦτα
3076 1172 3295 1224 ἀκούειν
3330 1169 3726 1238 ἐπισκεψάσθω.

2158 1266 2253 1326 Τίς
2281 1266 2425 1317 ἐστιν
2450 1267 2481 1334 ἡ
2512 1264 2612 1331 τῆς
2642 1263 2918 1333 ἐνεργείας
2957 1263 3221 1333 σφραγίς;
3252 1263 3413 1315 Πᾶσα
3442 1264 3549 1332 γὰρ
3589 1264 3727 1334 ἐνέρ-

2158 1372 2299 1424 γεια,
2328 1356 2385 1406 ἐν
2418 1353 2515 1424 μὲν
2544 1353 2621 1423 τῷ
2652 1352 2967 1407 ἐκπονοῦντι
3017 1354 3075 1406 τὸ
3118 1354 3557 1424 σπουδαζόμενον
3606 1354 3727 1409 θεω-

2161 1450 2353 1517 ρεῖται.
2417 1444 2819 1515 Περαιωθέντος
2863 1445 2919 1497 δέ
2975 1442 3067 1497 τοῦ
3116 1445 3587 1515 σπουδαζομένου,
3618 1446 3725 1499 καθ’

2159 1540 2355 1609 ἑαυτὴν
2384 1540 2480 1608 οὑχ
2514 1539 2816 1607 ὑφέστηκεν
2850 1552 2865 1568 ⁸
2900 1532 3009 1590 οἷον
3036 1536 3283 1607 ἐνέργεια
3329 1536 3427 1589 τοῦ
3457 1537 3669 1607 δρόμου,
3695 1541 3725 1609 ἡ

2158 1633 2248 1687 διὰ
2277 1632 2384 1685 τῶν
2428 1632 2604 1684 ποδῶν
2633 1634 2747 1684 ἐστι
2781 1632 2992 1702 κίνησις
3018 1649 3031 1662 ο
3065 1631 3422 1701 παυσαμένης
3454 1629 3510 1683 δὲ
3534 1629 3628 1699 τῆς
3653 1648 3725 1683 κι-

2159 1722 2386 1794 νήσεως,
2436 1722 2619 1774 οὐκέτι
2668 1722 2815 1775 ἐστὶν
2837 1722 2921 1790 ἐφ’
2957 1720 3155 1790 ἐαυτῆς
3183 1722 3216 1790 ἡ
3241 1719 3517 1788 ἐνέργεια.
3554 1720 3722 1783 Οὕτως

2160 1815 2255 1867 καὶ
2298 1814 2385 1865 ἐπὶ
2418 1812 2615 1875 παντὸς
2660 1812 2806 1864 ἐστιν
2847 1810 3277 1880 ἐπιτηδεύματος
3316 1812 3379 1863 τὸ
3410 1805 3527 1862 ἴσον
3547 1811 3721 1871 εἰπεῖν,

2160 1906 2227 1975 τῇ
2259 1902 2458 1973 σπουδῇ
2484 1901 2577 1955 τοῦ
2614 1901 2741 1971 περί
2791 1919 2843 1954 τι
2877 1901 3165 1963 πονοῦντος
3212 1901 3609 1971 συναπολήγειν
3640 1902 3723 1953 καὶ

2160 1995 2257 2066 τὴν
2286 1995 2564 2064 ἐνέργειαν
2590 2008 2602 2021 ·
2655 1992 2738 2060 ἐφ’
2784 1994 2982 2062 ἑαυτῆς
3011 1992 3066 2044 δὲ
3112 1992 3211 2045 οὑκ
3235 1990 3404 2046 οὖσαν
3429 1990 3554 2044 οὒτε
3586 1992 3723 2062 ἐνερο

2162 2083 2384 2152 γοῦντός
2414 2099 2555 2146 τινος
2585 2083 2683 2153 τὴν
2716 2081 3084 2153 προκειμένην
3108 2082 3283 2152 ἐαυτῷ
3323 2083 3578 2152 σπουδὴν,
3611 2080 3723 2133 οὔτε

2162 2179 2211 2229 εἰ
2238 2176 2332 2245 τῆς
2358 2174 2588 2245 σπουδῆς
2609 2173 2917 2242 ἀπολήξειε.
2944 2174 3007 2225 Τί
3030 2169 3121 2225 οὖν
3146 2174 3293 2241 λέγει
3312 2169 3452 2227 εἶναι
3474 2172 3590 2226 καθ’
3612 2175 3725 2225 ἐαυ-

2162 2269 2258 2337 τὴν
2290 2267 2387 2337 τὴν
2419 2266 2718 2338 ἐνέργειαν,
2745 2265 2841 2336 τὴν
2875 2264 2997 2319 οὑτε
3037 2266 3223 2319 οὐσίαν
3260 2263 3450 2332 οὖσαν,
3481 2264 3601 2318 οὔτε
3631 2283 3721 2335 χα-

2168 2358 2433 2430 ρακτῆρα,
2467 2354 2591 2409 οὔτε
2641 2355 2967 2421 ὑπόστασιν;
2995 2354 3202 2409 Οὑκοῦν
3247 2355 3344 2409 τοῦ
3369 2354 3721 2409 ἀνυποστάτου

2163 2449 2324 2503 αὑτὸν
2356 2445 2507 2501 εἶπεν
2553 2448 2804 2519 ὁμοίωμα
2826 2464 2841 2479 ο
2888 2448 2949 2500 τὸ
2976 2447 3030 2500 δέ
3066 2446 3145 2518 τῷ
3176 2448 3510 2520 ἀνυπάρκτῳ
3533 2447 3719 2518 ὅμοιον,

2165 2543 2282 2597 οὑδέ
2303 2542 2433 2593 αὑτὸ
2465 2540 2681 2603 πάντως
2712 2540 2858 2593 ἐστίν
2882 2556 2894 2569 ·
2931 2538 3068 2609 αὕτη
3117 2540 3223 2593 τῶν
3251 2540 3425 2593 κενῶν
3456 2538 3721 2608 δογμάτων

2164 2637 2197 2703 ἠ
2228 2631 2509 2703 τερατεία,
2552 2631 2614 2683 τὸ
2647 2629 2922 2682 πιστεύειν
2971 2632 3049 2693 είς
3099 2631 3160 2683 τὸ
3192 2632 3266 2701 μὴ
3288 2631 3368 2684 όν.
3408 2629 3480 2683 Τὸ
3523 2629 3622 2701 γὰρ
3653 2626 3719 2698 μὴ

2163 2724 2241 2794 τῷ
2290 2723 2401 2776 ὄντι
2447 2724 2652 2791 ὅμοιον,
2711 2723 2810 2773 οὑκ
2864 2720 2979 2775 ἔστι
3028 2724 3263 2786 πάντως.
3300 2718 3370 2774 Ὦ
3410 2720 3606 2777 Παῦλε.
3640 2719 3721 2770 καὶ

2178 2814 2418 2883 Ἰωάννη,
2446 2814 2541 2866 καὶ
2576 2814 2603 2865 6
2630 2812 2811 2874 λοιπὸς
2846 2811 2951 2864 τῶν
2985 2811 3390 2880 εὑαγγελιστῶν
3416 2829 3472 2864 τε
3503 2810 3588 2863 καὶ
3624 2807 3720 2859 τῶν

2167 2907 2478 2959 ἀποστόλων
2518 2905 2675 2976 χορός
2697 2920 2711 2934 ο
2747 2904 2889 2966 τίνες
2919 2905 2985 2973 τῇ
3020 2902 3260 2975 ὑμετέρᾳ
3302 2904 3453 2972 φωνῇ
3484 2901 3575 2962 τὰς
3598 2898 3721 2951 ίοόό-

2168 2998 2291 3060 λους
2310 2996 2557 3066 γλώσσας
2590 2994 2794 3048 ἐαυτῶν
2821 2993 3234 3058 ἀνθοπλίζουσι;
3259 2995 3416 3056 Τίνες
3443 2994 3556 3055 ταῖς
3584 2990 3721 3058 obpa-

495 3108 605 3148 non
637 3100 744 3148 est.
778 3090 935 3157 Quod
971 3090 1115 3145 enim
1144 3104 1255 3144 non
1299 3090 1412 3143 enti
1462 3089 1642 3143 simile
1676 3096 1781 3150 est,
1832 3102 1940 3141 non
1984 3095 2067 3141 est

2169 3090 2309 3152 νίαις
2343 3087 2494 3159 ὑμῶν
2528 3087 2774 3157 βρονταῖς
2802 3086 2900 3149 τὰς
2933 3084 3295 3157 βατραχὼδεις
3325 3084 3529 3137 ἑαυτῶν
3558 3080 3719 3151 φωνὰς

498 3184 607 3238 ullo
637 3197 862 3252 prorsus
893 3181 1074 3236 modo.
1130 3180 1175 3235 0
1216 3179 1404 3247 Paule,
1460 3195 1494 3233 ο
1534 3179 1797 3244 Joannes,
1831 3194 1864 3233 ο
1902 3194 2067 3232 evan-

2171 3150 2577 3248 ἀντεήγείρουσίξ
2609 3171 2783 3230 Τίοῦν
2815 3150 2962 3243 λέγει
2997 3150 3162 3238 ὁύίδς
3200 3176 3299 3246 τῆς
3343 3150 3593 3245 βροντῆς;
3639 3172 3723 3223 Ἐν

497 3278 813 3348 gelistarum
835 3286 888 3330 et
920 3273 1292 3345 apostolorum
1329 3273 1528 3342 reliqui
1569 3282 1747 3326 coetus
1776 3275 1789 3325 ι
1830 3270 2067 3337 Quinam

498 3366 798 3422 virulentas
829 3379 957 3419 suas
986 3365 1201 3432 linguas
1233 3371 1423 3417 contra
1445 3371 1680 3417 vestram
1704 3377 1894 3417 vocem
1940 3377 2072 3417 exa-

499 3454 704 3509 cuunt?
761 3453 992 3520 Quinam
1025 3453 1345 3509 cmlestibus
1384 3453 1582 3507 vestris
1629 3452 1925 3507 tonitribus
1978 3467 2070 3505 ra-

500 3559 662 3598 nosas
692 3556 821 3599 suas
837 3541 1241 3612 voceseStygia
1278 3542 1694 3613 paludeexcitas
1724 3543 2073 3597 obtrudunt?

500 3630 641 3697 Quid
668 3630 835 3701 igitur
863 3631 996 3684 dicit
1035 3631 1260 3685 tonitrui
1302 3632 1484 3686 filius?
1555 3633 1621 3684 lu
1651 3634 1917 3702 principio
1950 3644 2069 3688 erat

512 3722 755 3789 Verbum,
783 3732 830 3776 et
865 3720 1087 3777 Verbum
1119 3732 1231 3776 erat
1284 3726 1424 3791 apud
1460 3723 1618 3776 Deum
1640 3763 1655 3787 ,
1706 3732 1754 3776 et
1786 3722 1922 3778 Deus
1960 3736 2074 3778 erat

516 3813 736 3868 Verbum
762 3815 830 3868 το.
861 3813 1002 3880 Quid
1034 3815 1121 3868 ille
1139 3817 1231 3884 qui
1254 3823 1377 3884 post
1404 3815 1576 3879 illum,
1602 3815 1680 3868 vel
1712 3815 1959 3871 aliusille
1981 3817 2075 3886 qui

502 3904 648 3959 intra
682 3905 923 3959 cmlestia
952 3905 1112 3973 adyta
1137 3912 1191 3959 et
1219 3904 1464 3960 sacraria
1506 3912 1699 3971 raptus
1726 3902 1852 3967 fuit,
1897 3906 1991 3974 qui
2018 3905 2072 3958 in

504 3992 1092 4064 paradisoinitiatus“,
1113 4006 1220 4046 non
1252 3992 1308 4046 in
1337 3992 1535 4063 vulgus
1563 3990 1831 4047 efferenda
1860 3991 2083 4049 didicit?

506 4083 599 4138 Sic
670 4082 870 4150 inquit,
906 4080 1155 4147 Quicum
1196 4081 1264 4134 sit
1296 4080 1542 4148 splendor
1589 4080 1775 4150 gloria:
1801 4089 1851 4133 et
1902 4081 2075 4149 figura

503 4175 612 4227 sive
664 4188 910 4241 expressa
960 4174 1134 4243 imago
1172 4173 1286 4242 ejus
1338 4171 1651 4226 substantia:
1668 4171 1737 4223 ".
1773 4171 1915 4235 Quid
1950 4180 2075 4241 post

508 4266 607 4317 hos
635 4263 770 4317 dicit
792 4262 1172 4332 ventriloquus
1203 4262 1349 4319 iste?
1384 4262 1658 4333 Sigillum,
1704 4262 1905 4331 inquit,
1941 4277 2075 4332 ope-

507 4352 739 4407 rationis
773 4351 1203 4421 Omnipotentis:
1225 4352 1447 4407 tertium
1480 4353 1660 4421 ipsum
1704 4358 1829 4421 post
1860 4350 2073 4405 Patrem

510 4442 661 4507 facit,
704 4457 733 4495 a
761 4457 866 4494 non
898 4441 1204 4496 exsistcnte
1257 4441 1348 4494 illa
1380 4440 1703 4513 cperatlone
1752 4440 2071 4506 mediatum,

510 4534 621 4588 imo
656 4548 788 4587 vero
852 4547 882 4584 a
931 4546 1041 4586 non
1087 4532 1416 4586 exsistentia
1474 4542 1533 4585 ut
1582 4532 1717 4586 libet
1756 4532 2072 4585 formatum.
2108 4513 2151 4567 D

508 4624 854 4695 Operationis
899 4632 985 4678 est
1017 4623 1253 4692 sigillum
1308 4624 1399 4678 illc
1435 4624 1528 4693 qui
1564 4632 1649 4677 est
1690 4623 1745 4677 in
1781 4622 2074 4693 principio,

509 4714 746 4770 Verbum
777 4712 939 4777 Deus,
975 4722 1029 4768 et
1054 4714 1146 4784 qui
1175 4714 1230 4766 in
1259 4714 1565 4768 :eternitate
1598 4714 1852 4783 principii
1883 4728 2077 4768 eorum

509 4819 631 4876 quae
664 4811 791 4857 sunt
836 4802 1142 4871 inspicitur,
1180 4801 1512 4870 Unigenitus
1554 4802 1719 4866 Deus,
1773 4804 1863 4867 qui
1905 4812 1981 4856 est
2024 4803 2077 4855 in

508 4896 710 4951 sinibus
749 4893 952 4957 Patris,
983 4894 1075 4963 qui
1124 4891 1228 4947 fert
1257 4891 1511 4947 universa
1558 4895 1724 4948 verbo
1757 4910 1869 4950 sua:
1899 4897 2077 4949 virtu-

509 4988 602 5049 tis,
640 4986 730 5056 qui
756 4984 931 5039 factor
958 4992 1041 5038 est
1068 4984 1416 5048 saeculorum,
1442 5000 1510 5038 ex
1541 5000 1649 5053 quo
1672 4986 1876 5053 omnia,
1905 4995 1958 5040 et
1978 5001 2075 5056 per

508 5092 672 5147 quem
703 5072 912 5138 omnia,
943 5074 1036 5143 qui
1059 5082 1220 5129 terra:
1250 5075 1495 5131 continet
1524 5075 1811 5143 ambitum,
1845 5077 1936 5146 qui
1960 5092 2080 5131 cm-

508 5170 619 5224 lmn
647 5169 828 5238 palmo
852 5167 1288 5236 comprehendit,
1309 5169 1400 5237 qui
1422 5184 1585 5222 manu
1612 5168 1835 5223 metitur
1854 5184 2073 5238 aquam,

506 5259 604 5327 qui
634 5258 813 5311 omnia
845 5272 967 5328 quae
994 5267 1121 5312 sunt
1149 5260 1468 5327 complexus
1491 5258 1653 5323 est",
1671 5260 1760 5329 qui
1785 5259 1837 5311 in
1858 5260 2079 5313 excelsis

515 5347 763 5402 habitans
798 5348 1023 5403 humilia
1050 5349 1260 5417 respicit
1284 5349 1352 5413 ⁷⁸,
1390 5350 1500 5405 imo
1529 5366 1660 5407 vero
1708 5352 1942 5407 intuitus
1972 5363 2076 5417 est,

510 5447 572 5493 ut
600 5454 817 5497 omnem
849 5447 1007 5495 terra:
1038 5440 1226 5497 orbem
1258 5440 1472 5511 sibiipsi
1510 5443 1807 5499 scabellum
1841 5443 2077 5510 faciat",

580 5631 629 5663 ’θ
656 5630 813 5687 Joan.
890 5650 922 5696 I,
987 5635 1035 5689 1.

509 5634 629 5716 "vo
656 5634 813 5687 ιυηη,
890 5635 1035 5716 ,ηπ
1143 5636 1186 5668 τ’
1231 5634 1272 5689 ll
1355 5636 1481 5692 Cor.
1546 5652 1627 5704 ιι.
1681 5636 1717 5692 2
1764 5653 1918 5708 seq‘l-

535 5701 559 5731 ⁸
609 5702 714 5757 lsa.
744 5717 886 5769 uva,
937 5704 980 5758 l.

2024 5640 2070 5671 ⁷²
2096 5637 2263 5696 llebr.
2333 5656 2367 5708 ι,
2436 5642 2489 5696 2.

2170 3270 2326 3337 ἀρχῇ
2356 3264 2476 3338 ἦνό
2499 3269 2709 3337 Λόγος,
2755 3268 2849 3321 καὶ
2874 3271 2906 3321 ό
2937 3269 3127 3337 Λόγος
3150 3264 3228 3338 ἦν
3274 3269 3423 3336 πρὸς
3445 3268 3547 3320 τὸν
3569 3264 3719 3326 Θεὸν,

2172 3359 2267 3412 καὶ
2294 3357 2437 3422 Θεὸς
2464 3354 2543 3428 ἦν
2593 3361 2625 3411 ό
2666 3359 2875 3427 Λόγος.
2908 3358 2972 3409 Τί
3006 3357 3061 3410 δέ
3103 3359 3131 3410 6
3179 3361 3298 3429 μετ’
3333 3361 3556 3421 ἐκεῖνον,
3584 3355 3721 3417 ἄλλος

2173 3452 2398 3512 ἐκεῖνος,
2424 3449 2452 3501 6
2485 3450 2634 3513 ἐντὸς
2667 3449 2773 3503 τῶν
2819 3450 3083 3521 οὐρανίων
3122 3450 3331 3505 ἀδύτων
3378 3449 3668 3520 γενόμενος,
3696 3448 3721 3498 6

2172 3542 2229 3593 ὲν
2262 3540 2337 3610 τῷ
2366 3540 2674 3611 παραδείσῳ
2713 3539 2936 3610 μυηθεὶς
2964 3541 3031 3593 τὰ
3058 3541 3523 3613 ἀπόρρητα;Ὢν,
3556 3538 3718 3606 φησὶν,

2176 3634 2542 3703 ἀπαύγασμα
2568 3631 2678 3700 τῆς
2709 3631 2911 3700 δόξης,
2930 3634 3025 3686 καὶ
3044 3632 3345 3702 χαρακτὴρ
3358 3631 3467 3700 τῆς
3482 3627 3720 3685 ὑποστά-

2173 3738 2326 3790 σεως
2347 3721 2553 3777 αὐτοῦ.
2572 3722 2636 3775 Τί
2661 3721 2798 3791 μετὰ
2827 3722 3047 3784 τούτους
3070 3722 3214 3790 λέγει
3238 3721 3268 3773 6
3288 3718 3718 3791 ἐγγαστρίμυθοςς

2179 3820 2441 3891 Σφραγὶς,
2472 3815 2626 3889 φησὶ,
2668 3815 2767 3883 τῆς
2824 3814 3102 3884 ἐνεργείας
3152 3812 3244 3867 τοῦ
3279 3810 3713 3881 Παντοκράτοροςο

2179 3905 2354 3975 τρίτον
2380 3904 2541 3959 αὑτὸν
2575 3904 2713 3974 μετὰ
2750 3905 2841 3957 τὸν
2880 3906 3099 3977 Πατέρα
3127 3908 3288 3971 ποιεῖ,
3320 3909 3386 3977 τῇ
3413 3899 3716 3968 ἀνυπάρκτῳ

2174 3996 2358 4067 ἐκείνῃ
2416 3997 2666 4069 ἐνεργείᾳ
2721 4000 3164 4069 μεσιτευόμενον’
3198 3999 3396 4069 μᾶλλον
3422 3996 3474 4050 δὲ
3508 3993 3631 4065 πρὸς
3664 3988 3715 4040 τὸ

2174 4084 2359 4137 δοκοῦν
2398 4088 2463 4156 τῇ
2520 4085 2825 4157 ἀνυπαρξίᾳ
2876 4086 3233 4158 τυπούμενον.
3280 4085 3578 4158 Ἐνεργείας
3614 4078 3713 4132 ἐστὶ

2177 4178 2409 4247 σφραγὶς
2446 4180 2473 4229 6
2493 4179 2549 4230 ἐν
2579 4179 2718 4249 ἀρχῇ
2748 4177 2842 4243 ῶν,
2877 4180 3047 4247 Λόγος
3094 4179 3244 4243 Θεὸς,
3274 4180 3365 4232 καὶ
3397 4181 3456 4247 τῇ
3481 4173 3713 4238 ἀῖδιότητι

2174 4270 2274 4339 τῆς
2327 4268 2503 4340 ἀρχῆς
2548 4268 2657 4322 τῶν
2704 4270 2871 4324 ὄντων
2898 4270 3351 4341 ἐνθεωρούμενος,
3389 4263 3713 4332 ὀΜονογενὴς

2175 4358 2325 4424 Θεὸς,
2372 4363 2405 4414 ό
2445 4358 2531 4414 ὢν
2556 4360 2626 4414 ἐν
2645 4360 2768 4426 τοῖς
2793 4362 3042 4427 κόλποις
3062 4362 3166 4415 τοῦ
3196 4362 3442 4430 Πατρός,
3463 4364 3489 4412 6
3506 4357 3569 4409 τὰ
3598 4355 3714 4421 σύμ-

2177 4466 2353 4504 παντα
2416 4450 2595 4522 φέρων
2643 4451 2720 4522 τῷ
2772 4453 2974 4526 ῥήματι
3027 4454 3125 4523 τῆς
3164 4452 3443 4523 δυνάμεως
3487 4444 3651 4505 αὑτοῦ,
3689 4442 3713 4526 6

2180 4538 2410 4610 ποιητὴς
2468 4539 2576 4592 τῶν
2607 4539 2840 4604 αἰώνων,
2902 4540 2961 4606 ἐξ
3017 4534 3078 4593 οὑ
3109 4540 3178 4594 τὰ
3225 4542 3423 4603 πάντα,
3468 4536 3553 4590 καὶ
3583 4521 3712 4585 διόῗδ

2180 4631 2248 4683 τὰ
2296 4632 2470 4683 πάντα
2490 4675 2504 4697 ,
2554 4634 2582 4686 6
2617 4631 2861 4701 κατέχων
2897 4632 2987 4685 τὸν
3016 4630 3180 4703 γύρον
3211 4634 3311 4703 τῆς
3340 4632 3458 4702 γῆς,
3490 4628 3516 4680 ὁ
3539 4622 3711 4690 διειλτΓ

2184 4720 2298 4791 φὼς
2323 4721 2414 4774 τὸν
2441 4721 2666 4792 οὐρανὸν
2695 4724 2963 4795 σπιθαμῇ,
2994 4725 3021 4777 ὁ
3047 4722 3391 4794 περιμετρῶν
3417 4721 3478 4790 τῇ
3512 4713 3638 4787 χειρὶ
3664 4707 3715 4761 τὸ

2184 4811 2350 4885 ὕδωρ,
2382 4814 2410 4866 6
2433 4813 2925 4884 περιδεδραγμένος
2968 4814 3183 4868 πάντων
3214 4812 3322 4866 τῶν
3355 4813 3534 4869 ὄντων,
3582 4806 3611 4857 ό
3655 4798 3712 4851 ἐν

2181 4903 2443 4971 ὑψηλοῖς
2471 4903 2760 4957 κατοικῶν
2789 4903 2971 4958 καὶτὰ
3007 4903 3255 4959 ταπεινὰ
3276 4900 3518 4974 ἐφορῶν,
3543 4890 3711 4966 μᾶλλον

2183 4993 2240 5045 δὲ
2276 4993 2494 5061 ἐπιδὼν,
2518 4994 2604 5047 ἵνα
2624 4997 2820 5065 ποιήσῃ
2856 4997 3035 5048 πᾶσαν
3080 4996 3180 5067 τὴν
3212 4994 3523 5067 οἰκουμένην
3561 4976 3710 5047 ἑαυτῷ

2186 5084 2497 5148 ὑποπόδιον,
2536 5083 2612 5155 τῷ
2646 5084 2777 5156 ῐχνει
2806 5085 2899 5138 τοῦ
2938 5086 3109 5154 Λόγου
3140 5085 3527 5141 ἐντυπωθεῐσαν
3546 5095 3558 5107 '
3585 5076 3713 5141 ἔνερ·

2184 5174 2337 5244 γειας
2374 5175 2486 5229 ἐστὶ
2515 5177 2769 5247 σφραγὶς,
2798 5180 2831 5248 ἡ
2859 5179 3040 5249 μορφὴ
3059 5178 3151 5231 τοῦ
3180 5178 3334 5232 Θεοῦ.
3360 5170 3555 5232 Οὐκοῦν
3584 5161 3711 5231 ἐνέρ·

2185 5267 2309 5334 γειά
2330 5269 2476 5321 ἐστιν
2493 5270 2521 5321 6
2543 5268 2693 5335 Θεὸς,
2722 5270 2820 5340 οὑχ
2850 5269 3164 5335 ὑπόστασις.
3187 5271 3297 5324 Καὶ
3317 5270 3416 5341 μὴν
3438 5260 3558 5319 αὖτδ
3578 5252 3714 5341 “at?

2184 5356 2552 5429 διερμηνεύων
2584 5359 2744 5429 φησὶν
2763 5336 3052 5426 όῄῐῐαῦλος,
3076 5360 3158 5413 ὅτι
3198 5336 3474 5430 χαρᾷκλτήρ
3503 5352 3633 5403 ἐστιν
3659 5336 3707 5391 οὐ

2185 5450 2283 5521 τῆς
2304 5447 2601 5519 ἐνεργείας,
2635 5448 2770 5503 ἀλλά
2787 5449 2886 5521 τῆς
2907 5449 3257 5513 ὑποστάσεως
3274 5466 3288 5480 ·
3322 5449 3355 5520 ἢ
3380 5446 3437 5501 τὸ
3465 5441 3554 5510 τῆς
3579 5430 3710 5497 δόξης

2597 5642 2641 5674 ⁷³
2705 5643 2807 5699 lsa.
2870 5660 2980 5711 χι..
3039 5645 3126 5701 12.
3202 5644 3248 5677 ⁷⁸
3307 5641 3445 5700 Psal.
3499 5643 3619 5691 cx":
3660 5618 3704 5675 ⁵·
