3922 6464
228 307 316 369 581

1343 306 1620 364 CONTRA
1650 304 2016 365 EUNOMIUM
2039 342 2056 373 ,
2094 306 2221 362 LIB.
2260 310 2327 362 ιι.

3364 308 3467 365 582

224 425 549 497 άταύγασμα
598 423 831 494 σφραγίς
872 424 1018 476 ἐστιν
1080 423 1361 495 ἐνεργείας
1402 425 1560 479 Θεοῦ.
1594 427 1659 479 Ὢ
1694 427 1759 496 τῆ

1895 423 2057 481 Verbi
2104 424 2349 495 vestigiis
2402 422 2750 492 impressum.
2804 421 3151 495 Operationis
3185 431 3273 481 est
3315 428 3467 498 sigii-

220 516 430 580 ἀσεϐοῦς
494 516 737 586 ἀμαθίας
760 532 773 545 ·
828 515 882 568 τί
909 515 1071 586 μέσον
1115 516 1230 567 ἐστὶ
1272 516 1365 569 τοῦ
1402 517 1535 571 Θεοῦ
1568 519 1661 571 καὶ
1692 520 1759 586 τῆ

1899 519 2031 583 lum,
2056 518 2148 572 Dei
2190 516 2384 570 forma.
2412 513 2582 586 Igitur
2620 515 2763 573 Deus
2789 526 2873 573 est
2902 519 3168 589 operatio,
3196 535 3306 574 non
3330 521 3464 573 sub-

219 610 371 661 ἀϊδίου
392 607 607 677 μορφῆς
629 624 642 671 ;
666 607 769 659 τίνι
786 606 840 659 δὲ
857 606 1350 677 μεσιτεύεταιιπρὺς
1370 608 1460 660 τὸν
1476 610 1763 678 χαρακτῆρε

1896 612 2117 664 stantia.
2151 609 2315 679 Atqui
2358 607 2419 661 D.
2452 608 2655 664 Paulus
2694 608 2801 664 hoc
2845 610 3025 679 ipsum
3067 610 3460 681 interpretans,

217 701 398 769 ἑαυτῆς
425 701 456 769 ἡ
491 701 790 762 ὑπόστασις
816 715 830 764 ;
866 699 918 751 τί
948 699 1004 752 δὲ
1049 698 1251 768 μεταξὺ
1275 703 1475 752 νοεῖται
1508 701 1606 770 τῆς
1634 700 1757 771 δόξη

1892 702 2039 767 ait",
2059 694 2356 755 Character
2370 708 2475 765 est,
2503 701 2556 755 id
2575 709 2659 756 est
2681 717 2940 771 expressa
2982 702 3179 773 imago,
3200 720 3308 758 non
3332 720 3462 772 ope-

216 794 298 846 καὶ
336 791 426 845 τοῦ
489 793 956 862 άπαυγάσματος;
1004 791 1165 845 Ἀλλὰ
1206 792 1461 845 τοιούτων
1490 792 1657 845 ὅντων
1688 794 1785 845 καὶ

215 882 482 944 τοσούτων,
521 881 589 934 δι’
626 875 703 935 ὧν
746 880 808 934 τδ
865 881 1150 950 μεγαλεῖον
1196 883 1633 953 ἀνακηρύσσεται
1688 882 1783 935 τοῦ

217 974 469 1027 Δεσπότου
500 974 601 1040 τῆς
644 973 895 1038 κτίσεως,
933 973 1083 1045 παρὰ
1118 972 1227 1025 τῶν
1258 973 1701 1043 πεπιστευμένων
1724 976 1784 1025 τὸ

214 1070 454 1137 κήρυγμα
476 1104 491 1126 ,
524 1059 614 1117 οἷα
647 1065 775 1135 περὶ
795 1064 959 1119 αὐτοῦ
993 1065 1323 1135 διεξέρχεται
1361 1065 1389 1115 ὁ
1411 1064 1507 1134 τῆς
1539 1058 1782 1117 άποστα-

212 1158 317 1220 σίας
366 1156 703 1226 πρόδρομος,
753 1157 806 1210 τί
856 1157 1038 1225 λέγεις
1083 1156 1174 1221 Ὠς
1225 1156 1448 1221 εἰκόνα,
1499 1156 1654 1227 φησὶ,
1684 1155 1783 1208 καί

210 1247 492 1315 σφραγῖδα
544 1246 749 1314 πάσης
790 1247 902 1315 τῆς
929 1246 1038 1301 τοῦ
1101 1245 1585 1314 Παντοκράτορος
1624 1246 1787 1313 ἐνερ-

209 1340 353 1407 γείας
374 1339 471 1390 καὶ
501 1337 833 1408 δυνάμεως.
861 1338 985 1402 Πῶς
1006 1338 1427 1410 παραγράφεται
1452 1336 1549 1400 τὰς
1570 1337 1663 1389 τοῦ
1687 1354 1783 1407 με·

208 1430 353 1497 γάλου
378 1427 593 1481 Παύλου
622 1430 836 1497 φωνάς;
867 1429 1074 1494 ἐκεῖνός
1090 1446 1275 1500 φησιν,
1306 1430 1386 1482 ὅτι
1403 1427 1536 1481 Θεοῦ
1553 1427 1780 1497 δύναμίς

208 1522 339 1571 ἔστιν
379 1520 407 1571 ό
450 1518 607 1584 Υἱὸς,
664 1514 817 1582 οὗτος
844 1519 899 1571 δὲ
948 1520 1112 1576 αὐτὸν
1151 1519 1417 1590 σφραγῖδα
1442 1519 1588 1586 λέγει
1617 1516 1777 1570 δυνά-

210 1625 354 1678 pem,
387 1608 511 1679 οὐχὶ
540 1608 793 1679 δύναμιν.

1888 790 2127 843 rationis
2160 788 2255 843 sed
2286 789 2644 853 substantiae;
2677 790 2761 844 vel
2793 790 2983 859 gloria:
3008 791 3266 861 splendor
3304 793 3459 863 sigil-

1888 880 1999 933 lum
2054 887 2138 934 est
2198 880 2534 948 operationis
2591 878 2707 935 Dei.
2761 877 2806 934 Ο
2863 880 3085 949 impiam
3140 883 3454 938 inscitiam!

1884 970 2155 1036 Quidnam
2188 978 2271 1023 est
2303 970 2543 1023 medium
2574 969 2716 1024 inter
2750 970 2918 1025 Deum
2956 978 3010 1025 et
3050 980 3306 1026 aeternam
3346 974 3459 1026 for-

1886 1060 2068 1113 mam?
2100 1059 2139 1111 A
2172 1075 2285 1129 quo
2310 1068 2490 1113 autem
2531 1060 2802 1113 mediatur
2829 1060 2896 1114 ad
2943 1060 3314 1115 characterem
3371 1061 3457 1117 sui

1885 1152 2059 1220 ipsius
2089 1151 2449 1205 substantia?
2474 1151 2746 1215 Quidnam
2768 1152 3457 1222 intelligiturinterjectum

1884 1244 2027 1296 inter
2054 1243 2281 1313 gloriam
2313 1249 2366 1295 et
2399 1241 2794 1311 splendorem?
2824 1241 2928 1297 Sed
2970 1260 3093 1297 cum
3128 1252 3205 1297 tot
3242 1257 3296 1297 et
3328 1244 3458 1297 talia

1885 1333 2015 1395 sint,
2052 1347 2149 1402 per
2179 1346 2299 1400 quae
2349 1329 2693 1400 magnificum
2725 1329 2939 1384 Domini
2980 1341 3248 1386 creaturae
3278 1332 3457 1387 abhis

1884 1422 1977 1491 qui
2040 1419 2399 1474 crediderunt
2453 1418 2782 1487 praedicatur
2838 1420 3166 1486 praeconium
3200 1454 3213 1475 .
3267 1422 3456 1490 qualia

1884 1511 2157 1581 percurrit
2189 1510 2256 1563 de
2291 1524 2356 1563 eo
2382 1507 2710 1562 defectionis
2748 1522 3077 1577 praecursor,
3112 1510 3242 1578 quid
3272 1510 3449 1564 dicit?

1886 1594 2475 1666 Tanquamimaginem,
2504 1598 2704 1669 inquit,
2739 1608 2789 1651 et
2843 1599 3075 1669 sigillum
3112 1602 3283 1655 omnis
3332 1618 3455 1671 ope-

206 1698 409 1752 rationis
442 1708 495 1751 et
536 1700 752 1752 virtutis
786 1696 1191 1765 Omnipotentis.
1239 1697 1524 1763 Quomodo
1578 1694 1757 1765 magni
1797 1690 1948 1743 Pauli
1986 1703 2149 1742 voces
2202 1702 2487 1757 perperam
2562 1691 2913 1743 transcribit?
2970 1690 3062 1745 Ille
3134 1692 3233 1757 ait,
3302 1695 3451 1763 quod

206 1791 282 1846 Dei
308 1792 485 1846 virtus
516 1792 639 1846 site
670 1790 909 1860 potentia
940 1798 1024 1845 est
1072 1788 1261 1855 Filius,
1320 1789 1412 1845 hic
1460 1789 1636 1856 ipsum
1678 1784 1914 1856 sigillqu
1940 1780 2159 1834 virtutis
2184 1789 2454 1845 autumat,
2490 1796 2599 1833 non
2632 1780 2915 1834 virtutem.

262 1880 365 1933 Καὶ
397 1880 565 1933 πάλιν
605 1877 965 1932 ὲπαναλαδὼν
1000 1878 1090 1931 τὸν
1127 1878 1305 1947 λόγον,
1336 1872 1423 1930 οἷα
1459 1878 1571 1941 τοῖς
1602 1878 1755 1948 εἰρη-

1932 1870 2011 1924 Ac
2042 1885 2234 1924 rursus
2262 1870 2491 1939 repetito
2518 1885 2791 1938 sermone,
2830 1872 3009 1939 qualia
3044 1871 3127 1926 bis
3153 1887 3273 1942 quae
3304 1876 3451 1932 dicta

204 1968 369 2039 μένοις
392 1970 793 2039 προστίθησιν;
828 1968 1130 2037 Σφραγῐδα
1159 1968 1307 2037 λέγει
1342 1966 1465 2021 τῶν
1501 1967 1607 2022 τοῦ
1640 1971 1763 2021 Πα-

1867 1960 1978 2030 jam
2012 1960 2233 2015 fuerunt
2266 1959 2455 2014 addit?
2508 1958 2755 2031 Sigillum
2792 1961 2973 2016 Patris
3002 1980 3214 2031 operum
3255 1977 3302 2020 et
3338 1986 3451 2023 ver-

204 2060 324 2127 πρὸς
358 2060 553 2128 ἔργων
584 2060 685 2113 καὶ
725 2058 1181 2128 βουλευμάτων.
1229 2059 1410 2122 Ποίοις
1449 2057 1630 2129 ἔργοις
1673 2057 1764 2111 τοῦ

204 2152 395 2223 Πατρός
430 2154 585 2206 ἐστιν
624 2154 846 2222 ὄμοιος;
891 2152 983 2205 τὸν
1026 2152 1229 2222 κόσμον
1268 2152 1483 2215 πάντως
1511 2153 1645 2222 ἐρεῖ,
1676 2150 1768 2203 καὶ

203 2243 261 2295 τὰ
284 2244 337 2296 ἐν
361 2244 515 2313 αύτῷ
549 2244 733 2297 πάντα
756 2261 769 2273 ·
806 2242 940 2296 ἀλλὰ
973 2243 1077 2313 μὴν
1108 2243 1287 2296 πάντα
1316 2241 1508 2306 ταῦτα,
1532 2240 1622 2294 τοῦ
1658 2242 1769 2295 Mo-

201 2332 429 2399 νογενοῦς
481 2334 629 2405 ἔργα
680 2329 817 2388 εἶναι
882 2333 943 2387 τὸ
1000 2333 1333 2401 Εὐαγγέλιον
1391 2332 1767 2403 ἐμαρτύρησε.

203 2420 359 2484 Ποίοις
401 2422 597 2475 τοίνυν
638 2422 819 2492 ἔργοις
864 2422 958 2476 τοῦ
1012 2421 1224 2493 Πατρὸς
1264 2422 1553 2492 ὡμοιώθης
1593 2423 1765 2476 Τίνων

200 2510 392 2576 ἐγένετο
430 2511 621 2582 ἔργων
659 2510 927 2581 σφραγίς;
976 2512 1110 2564 Ποία
1148 2511 1204 2563 δὲ
1246 2510 1439 2582 Γραφὴ
1494 2509 1766 2579 σφραγῖδα

200 2600 290 2652 τῶν
329 2601 627 2671 πατρικῶν
670 2600 845 2671 ἔργων
896 2600 1058 2654 αὑτὸν
1094 2602 1572 2672 προσηγόρευσεν;
1618 2601 1679 2652 Εἰ
1708 2598 1766 2651 δέ

198 2706 268 2754 τις
305 2690 449 2761 αύτῷ
516 2693 609 2744 καὶ
642 2691 799 2745 τοῦτο
841 2692 957 2761 δοίη
986 2731 1000 2757 ,
1027 2692 1088 2745 τὸ
1125 2693 1389 2747 πλάσσειν
1426 2693 1614 2759 λόγους
1645 2691 1765 2744 κατ’

204 2782 431 2848 ἐξουσίαν
459 2782 549 2844 ὡς
577 2782 823 2852 βούλεται
848 2800 861 2814 ο
900 2782 1004 2835 κᾶν
1044 2783 1077 2853 ἠ
1115 2781 1305 2853 Γραφὴ
1330 2781 1401 2852 μὴ
1428 2781 1762 2844 συντίθεται,

199 2874 384 2926 ιίπάτω
414 2876 553 2925 ποῖα
604 2872 696 2926 τοῦ
746 2872 957 2943 Πατρός
992 2874 1138 2926 ἐστιν
1177 2872 1312 2944 ἔργα
1341 2873 1448 2925 τῶν
1483 2872 1634 2944 παρὰ
1668 2870 1762 2924 τοῦ

202 2964 313 3017 Υίοῦ
361 2966 673 3033 γεγονότων
725 2965 1122 3035 κεχωρισμένα,
1173 2961 1249 3018 ὦν
1317 2966 1583 3035 σφραγῖδα
1618 2965 1762 3031 λέγει

197 3053 276 3107 τὸν
328 3056 451 3108 Υίὸν
500 3054 859 3125 γεγενῆσθαις
902 3057 1077 3126 Ἔργα
1126 3056 1218 3108 τοῦ
1252 3056 1426 3125 Λόγου
1470 3055 1541 3108 τὰ
1582 3055 1753 3125 ὁρατὰ

200 3143 355 3198 πάντα
379 3145 475 3197 καὶ⁸
505 3144 573 3196 τὰ
598 3144 827 3214 ἀόραταο
855 3145 911 3197 ἐν
936 3147 1047 3207 τοῖς
1067 3144 1360 3217 ὁρωμένοις
1376 3148 1403 3198 ό
1426 3145 1626 3214 κόσμος
1642 3146 1764 3208 ὅλος

200 3234 357 3287 καὶτὰ.
370 3236 427 3287 ὲν
451 3234 612 3303 αύτῷ
637 3234 833 3297 πάντα,
859 3235 916 3287 ὲν
937 3236 1047 3297 τοῖς
1068 3214 1318 3304 ἀοράτοις
1342 3237 1373 3303 ἡ
1399 3234 1764 3305 ύπερκόσμιος
1789 3214 1836 3274 c

199 3325 369 3388 κτίσις.
406 3327 553 3378 Ποῖα
594 3325 771 3378 τοίνυν
803 3324 1153 3379 ὑπολείπεται
1186 3324 1291 3389 ἔξω
1322 3324 1427 3377 τῶν
1459 3326 1753 3397 ὁρωμένων

198 3432 245 3467 τε
272 3413 1111 3489 καὶάοράτωνὲργατοῦΠατρὸς
1144 3416 1228 3483 ἐφ’
1273 3415 1479 3469 ἑαυτῶν
1530 3416 1765 3487 θεωρού-

201 3521 340 3573 μινα,
372 3498 447 3559 ὧν
533 3505 808 3576 σφραγῖδα
839 3504 984 3574 λέγει
1015 3505 1106 3558 τὸν
1138 3506 1262 3559 Υίὸν
1294 3506 1650 3576 γεγενῆσθαι;
1694 3508 1764 3560 Ἦ

199 3597 318 3666 τάχα
370 3597 542 3651 πάλιν
585 3597 677 3650 ἐπὶ
720 3597 813 3649 τὸν
854 3596 1061 3669 δυσώδη
1109 3600 1209 3668 τῆς
1259 3599 1520 3669 αἱρέσεως
1574 3598 1763 3668 ἔμετον

198 3688 441 3759 ἐπανήξει
464 3688 995 3761 στενοχωρούμενος,
1024 3690 1119 3742 καὶ
1152 3689 1294 3755 λέξει
1318 3690 1475 3759 ἔργον
1500 3686 1643 3743 εἶναι
1663 3688 1757 3743 τοῦ

200 3780 387 3851 Πατρός
405 3781 502 3834 τὸν
524 3780 681 3845 Υιόν;
700 3780 831 3847 ,Πῶς
854 3776 947 3833 οὖν
972 3781 1206 3851 σφραγὶς
1227 3782 1440 3849 γίνεται
1462 3782 1568 3834 τῶν
1588 3781 1762 3852 ἔργων

198 3870 379 3923 τούτων
405 3872 436 3924 ὁ
476 3871 621 3935 Υἱός
656 3871 826 3934 Αὐτὸς
856 3871 954 3935 ὣν,
985 3871 1060 3935 ὥς
1086 3889 1249 3944 φησιν
1278 3871 1459 3935 αὐτὸς,
1488 3872 1548 3924 τὸ
1570 3872 1751 3943 ἔργον,

200 3958 227 4027 ἢ
258 3960 341 4013 τὸν
373 3960 545 4014 αὑτὸν
575 3960 722 4029 λέγει
776 3961 868 4014 καὶ
906 3961 1086 4032 ἔργον,
1122 3964 1215 4015 καὶ
1261 3962 1422 4033 ἔργου
1475 3962 1756 4032 ὁμοίωμα;

200 4049 421 4105 Δεδόσθω
473 4050 649 4106 ταῦτα
669 4069 683 4082 ο
716 4053 925 4106 εἰπάτω
972 4054 1040 4107 τὰ
1072 4055 1234 4107 λοιπά
1267 4054 1402 4124 ἔργα
1425 4094 1439 4119 ,
1490 4048 1563 4108 ὧν
1613 4054 1760 4123 λέγει

198 4138 512 4214 δημιουργὸν
539 4142 631 4196 τὸν
672 4144 915 4216 Πατέρα,
947 4140 1027 4208 οἷς
1055 4147 1083 4199 ό
1116 4144 1242 4207 Υἱὸς
1275 4145 1566 4217 ὡμοιώθη·
1602 4146 1759 4217 είπερ

198 4231 273 4286 διὰ
302 4235 395 4306 τῆς
429 4235 731 4306 σφραγῖδος
756 4240 866 4289 νοεῖ
888 4236 946 4289 τὸ
971 4237 1239 4307 ὁμοίωμα.
1272 4238 1463 4302 Ποίους
1488 4238 1545 4291 δὲ
1570 4237 1760 4306 λόγους

201 4324 372 4390 ἅλλους
400 4326 497 4380 τοῦ
522 4327 738 4397 Πατρὸς
759 4323 901 4381 οἶδεν
928 4330 956 4381 ὁ
977 4328 1259 4398 Εὐνόμιος,
1289 4329 1440 4400 παρὰ
1465 4328 1558 4384 τὸν
1589 4330 1674 4382 ἀεὶ
1699 4330 1757 4383 ὲν

200 4415 263 4485 τῷ
305 4420 481 4492 Πατρὶ
528 4420 657 4473 ὄντα
696 4420 888 4489 Λόγον,
936 4419 995 4473 δν
1036 4421 1301 4493 σφραγῖδα
1362 4420 1637 4492 ὀνομάζει,
1664 4421 1757 4474 τὸν

200 4510 386 4600 κυρίως
414 4511 513 4565 καὶ
540 4510 757 4581 άληθῶς
788 4510 885 4565 καὶ
914 4510 1145 4584 πρώτως
1176 4512 1305 4567 ὄντα
1334 4530 1393 4566 τε
1436 4515 1530 4566 καὶ
1558 4514 1755 4582 όνομα-
1786 4546 1831 4600 D

198 4594 403 4667 ζόμενον
438 4601 801 4673 Λόγον;Πρὸς
830 4604 957 4656 ποῖα
991 4602 1046 4656 δὲ
1076 4602 1415 4673 βουλεύματα
1448 4602 1632 4675 βλέπει
1656 4604 1756 4675 τῆς

198 4690 278 4743 τοῦ
307 4692 442 4747 Θεοῦ
477 4694 669 4763 σοφίας
716 4696 1129 4766 κεχωρισμένα,
1160 4694 1240 4759 οἷς
1268 4696 1547 4767 ὁμοιοῦται
1582 4698 1615 4768 ὴ
1658 4698 1752 4752 τοῦ

202 4778 323 4834 Θεοῦ
366 4784 553 4853 σοφία,
604 4786 838 4857 σφραγὶς
880 4786 1135 4857 γινομένη
1193 4786 1301 4840 τῶν
1351 4787 1751 4858 βουλευμάτων;

208 4872 381 4943 Ὁρᾶτε
404 4876 466 4928 τὸ
491 4876 805 4947 ἀδιάκριτον
827 4879 921 4931 καὶ
948 4878 1349 4950 ἀπερίσκεπτον
1372 4880 1465 4932 καὶ
1488 4880 1755 4951 συρφετὸν

197 4963 276 5015 τοῦ
302 4965 483 5035 λόγου,
508 4962 598 5020 οἷα
623 4967 717 5021 τοῦ
744 4970 1042 5040 μυστηρίου
1070 4971 1468 5034 κατασκευάζει
1493 4988 1514 5035 ',
1535 4972 1687 5041 Μήτε
1715 4971 1755 5026 ἃ

198 5054 324 5122 λέγει
362 5059 746 5128 ἐπιστάμενος,
779 5061 917 5130 μήτε
953 5060 1081 5131 περὶ
1113 5062 1258 5124 τίνος
1286 5063 1428 5113 ποιεῖ
1450 5061 1541 5115 τὸν
1571 5062 1748 5130 λόγον.

208 5144 256 5195 'U
290 5146 393 5217 γὰρ
420 5148 540 5200 ὅλον
569 5147 708 5217 ἔχων
741 5151 799 5201 ὲν
830 5150 1007 5221 ἑαυτῷ
1042 5150 1135 5204 τὸν
1168 5152 1385 5223 Πατέρα
1409 5191 1427 5218 ,
1472 5154 1563 5206 κα)⁵
1589 5154 1647 5207 ἐν
1674 5154 1751 5225 τῷ

199 5236 353 5307 Πιτρὶ
384 5240 503 5299 ὅλος
546 5238 645 5303 ὣν,
694 5240 769 5302 ὡς
802 5243 971 5309 Λόγος
1010 5246 1104 5297 καὶ
1139 5244 1307 5313 Σοφία
1348 5246 1444 5297 καὶ
1481 5245 1709 5315 δύναμις
1732 5286 1748 5310 ,

198 5325 278 5376 καὶ
308 5328 534 5399 ἀλήθεια
580 5329 676 5382 καὶ
711 5332 997 5403 χαρακτὴρ
1040 5335 1133 5386 καὶ
1176 5335 1551 5405 ἀπαύγασμα,
1594 5335 1755 5398 αὐτός

199 5416 327 5469 ἐστιν
372 5420 428 5470 ὲν
466 5419 543 5489 τῷ
590 5419 764 5491 Πατρὶ
802 5421 871 5474 τὰ
910 5423 1114 5476 πάντα’
1159 5423 1259 5477 οὐκ
1287 5424 1461 5478 ἄλλων
1504 5424 1663 5477 τινῶν
1698 5426 1754 5477 ὲν

199 5505 267 5574 τῷ
295 5508 461 5580 Πατρὶ
493 5510 601 5582 πρὸ
626 5510 792 5565 αὐτοῦ
827 5512 1247 5585 θεωρουμένων·
1281 5517 1444 5569 εἰκὼν
1470 5516 1754 5585 γινόμενος

201 5598 284 5650 καὶ
310 5602 540 5671 σφραγὶς
567 5602 663 5656 καὶ
706 5605 978 5677 όμοίωμα.
1012 5602 1141 5660 Εἶτα
1172 5606 1456 5680 χαρίζεται
1483 5607 1631 5680 αύτῷ
1662 5606 1752 5661 τὸν

277 5764 319 5800 ⁷⁸
346 5773 505 5835 Hebr.
557 5795 605 5851 ι,
633 5780 670 5837 ‘5

1866 2051 2050 2104 borum
2094 2060 2143 2104 et
2187 2052 2553 2106 consiliorum.
2604 2050 2814 2117 Quibus
2848 2056 3107 2122 operibus
3142 2057 3319 2114 Patris
3365 2071 3451 2115 est

1868 2141 2103 2195 similis?
2131 2141 2391 2195 mundum
2423 2141 2611 2211 procul
2644 2142 2811 2196 dubio
2836 2142 2998 2207 dicet,
3023 2154 3075 2198 et
3104 2144 3224 2216 qua:
3250 2149 3304 2203 in
3329 2150 3453 2218 ipso

1868 2236 1996 2282 sunt
2022 2230 2226 2283 omnia.
2255 2226 2648 2282 Verumtamen
2675 2229 2787 2282 haec
2811 2232 2995 2284 omnia
3028 2231 3303 2304 Unlgeniti
3326 2252 3450 2291 esse

1867 2334 2034 2389 opera
2086 2319 2441 2389 Evangelium
2493 2326 2750 2374 testatur.
2809 2321 3019 2386 Quibus
3061 2325 3225 2394 igitur
3271 2326 3450 2384 Patris

1868 2412 2126 2480 operibus
2161 2410 2355 2464 similis
2384 2410 2559 2464 factus
2587 2420 2670 2466 est
2692 2412 2715 2465 ?
2737 2427 2969 2482 quorum
2996 2429 3222 2485 operum
3257 2417 3438 2475 factus

1866 2509 1952 2555 est
1997 2501 2234 2571 sigillum
2260 2499 2434 2565 ?Quaa
2484 2510 2665 2557 autem
2704 2500 2988 2573 Scriptura
3031 2507 3209 2576 ipsum
3256 2519 3442 2580 pater-

1869 2606 2066 2644 norum
2109 2606 2333 2660 operum
2376 2591 2623 2659 sigillum
2671 2596 3013 2650 nominavit?
3040 2598 3194 2663 Quod
3230 2601 3275 2656 si
3321 2603 3453 2673 quis

1869 2682 1973 2737 hoc
2009 2683 2173 2737 etiam
2219 2683 2488 2737 Eunomio
2518 2683 2752 2751 dederit,
2801 2688 3004 2757 ﬁngere
3049 2704 3329 2748 sermones
3377 2695 3445 2747 ad

1867 2773 2077 2826 libitum
2102 2780 2264 2843 prout
2304 2774 2418 2843 ipse
2446 2775 2718 2831 voluerit.
2746 2779 2960 2834 etiamsi
3006 2780 3289 2850 Scriptura
3335 2800 3448 2840 non

1866 2862 2133 2917 concedat
2161 2863 2339 2916 :dicat
2385 2880 2573 2933 quaso
2609 2881 2855 2936 quaenam
2885 2869 3062 2924 Patris
3109 2883 3236 2927 sunt
3279 2889 3448 2945 opera

1868 2956 1935 3008 ab
1968 2954 2052 3009 his
2081 2969 2202 3025 qua:
2231 2962 2359 3009 sunt
2398 2970 2425 3008 a
2455 2954 2591 3011 Filio
2624 2957 2764 3013 facta
2798 2969 3066 3029 separata,
3100 2977 3329 3031 quorum
3370 2967 3448 3021 si-

1867 3046 2054 3116 gillum
2089 3046 2222 3101 dicit
2257 3044 2453 3102 Filium
2484 3048 2695 3104 fuisse?
2724 3048 2900 3120 Opera
2933 3048 3097 3107 Verbi
3137 3056 3317 3109 omnia
3354 3071 3445 3111 as-

1868 3139 2158 3207 pectabilia
2176 3145 2229 3193 et
2251 3140 2662 3209 inaspectabilia
2685 3160 2696 3194 :
2722 3142 2773 3195 in
2794 3142 2881 3198 his
2900 3159 3020 3213 qute
3039 3144 3143 3200 sub
3162 3156 3448 3217 aspectum

1869 3229 2091 3294 eadunt,
2122 3238 2273 3284 totus
2306 3230 2543 3286 mundus
2575 3240 2629 3286 et
2660 3249 2781 3302 quae
2821 3235 2876 3289 in
2926 3234 3042 3305 ipso
3083 3237 3449 3293 continentur

1869 3320 2087 3375 omnia:
2148 3321 2202 3375 in
2254 3321 2340 3375 his
2376 3337 2500 3391 qua:
2555 3338 2775 3378 sensum
2824 3326 3105 3378 oculorum
3153 3328 3443 3398 eﬂugiunt,

1867 3414 2045 3467 omnis
2106 3413 2569 3481 supermundialis
2626 3424 2898 3469 creatura.
2959 3414 3219 3482 Quaenam
3278 3420 3444 3489 igitur

1866 3513 2082 3559 restant
2114 3513 2267 3560 extra
2308 3520 2370 3560 ea
2420 3522 2540 3576 quae
2595 3507 3033 3578 conspiciuntur,
3074 3515 3128 3563 et
3168 3526 3289 3579 quae
3334 3526 3442 3565 non

1864 3597 2041 3652 oculis
2067 3605 2371 3651 cernuntur
2419 3598 2595 3654 Patris
2625 3614 2789 3668 Opera
2839 3600 2891 3653 in
2924 3601 3122 3670 seipsis
3171 3611 3439 3671 spectata,

1863 3703 2093 3758 quorum
2144 3687 2234 3742 Dei
2286 3685 2483 3743 Filium
2515 3697 2764 3744 autumat
2816 3690 2986 3745 fuisse
3032 3692 3433 3761 sigillum?An

1861 3779 2095 3834 fortasse
2122 3780 2315 3833 iterum
2342 3780 2409 3834 ad
2433 3782 2835 3850 graveolentem
2866 3781 3138 3837 haereseos
3160 3784 3427 3837 vomitum

1861 3870 2059 3923 redibit
2091 3870 2145 3923 in
2176 3879 2388 3925 arctum
2434 3878 2765 3935 coarctatus,
2808 3880 2863 3927 et
2898 3872 3043 3927 dicet
3081 3870 3278 3926 Filium
3314 3889 3447 3930 csse-

1861 3976 1999 4029 opus
2020 3960 2244 4016 Patris?
2270 3961 2545 4030 quomodo
2574 3964 2737 4033 igitur
2778 3963 3015 4033 sigillum
3064 3963 3260 4017 horum
3297 3979 3440 4033 ope-

1860 4067 1980 4106 rum
2023 4050 2259 4104 eﬂicitur
2286 4051 2496 4108 Filius?
2526 4054 2644 4123 lpse
2678 4069 2801 4107 cum
2826 4054 2917 4118 sit,
2947 4054 3245 4118 utasserit,
3273 4070 3444 4125 opus,

1860 4159 1928 4198 an
1962 4144 2210 4199 etundem
2243 4142 2374 4199 dicit
2403 4145 2566 4199 etiam
2599 4159 2741 4214 opus
2764 4153 2816 4200 et
2838 4146 3017 4215 operis
3038 4145 3394 4201 simulacrum
3413 4149 3447 4201 ?"

1860 4235 1975 4290 brec
2005 4236 2204 4289 dentur
2244 4253 2256 4287 :
2297 4234 2444 4289 dicat
2496 4235 2704 4306 reliqua
2752 4251 2916 4305 opera
2977 4252 3209 4307 quorum
3262 4236 3433 4291 fabri-

1859 4333 2099 4379 catorem
2134 4331 2188 4378 et
2241 4325 2489 4393 Opificem
2532 4318 2744 4377 Patrem
2778 4323 3027 4387 alIirmat,
3081 4325 3282 4391 quibus
3332 4324 3439 4380 fuit

1859 4415 2031 4472 Filius
2061 4416 2429 4471 assimilatus:
2458 4415 2724 4485 siquidem
2766 4432 2861 4486 per
2887 4418 3125 4486 sigillum
3182 4418 3438 4490 intelligit

1860 4508 2237 4565 simulacrum.
2267 4506 2523 4572 Quaenam
2571 4506 2678 4561 alia
2727 4508 2893 4561 verba
2927 4506 3104 4562 Patris
3136 4509 3291 4563 novit
3316 4508 3427 4565 Eu-

1862 4596 2081 4652 nomius
2115 4604 2311 4666 praeter
2346 4596 2477 4649 illud
2505 4595 2648 4665 quod
2686 4596 2739 4649 in
2764 4594 2924 4652 Patre
2946 4613 3161 4667 semper
3187 4607 3272 4653 est
3307 4597 3439 4656 Ver-

1859 4690 2012 4751 bum,
2054 4688 2196 4757 quod
2228 4687 2463 4757 sigillum
2501 4686 2995 4756 nominat,proprie
3024 4694 3079 4741 et
3099 4702 3227 4741 vere
3243 4687 3437 4757 primi.

1858 4788 1946 4835 tus
1974 4778 2118 4850 quod
2154 4787 2236 4834 est
2263 4787 2317 4833 et
2347 4777 2665 4832 nominatur
2699 4775 2930 4833 Verbum
2953 4776 3069 4832 ?Ad
3098 4794 3218 4849 qua:
3247 4786 3438 4833 autem

1858 4872 2089 4927 consilia
2115 4870 2338 4937 respicit
2364 4884 2393 4921 a
2429 4867 2520 4923 Dei
2542 4868 2808 4938 sapientia
2829 4874 3080 4937 separata
3108 4883 3171 4922 ac
3192 4868 3437 4933 divulsa,

1856 4963 2054 5035 quibus
2073 4963 2130 5017 iit
2147 4960 2345 5017 similis
2364 4959 2455 5014 Dei
2486 4959 2776 5029 sapientia,
2795 4958 2932 5013 facta
2956 4957 3043 5013 Dei
3062 4959 3431 5013 consiliorum

1857 5048 2125 5123 sigillum?
2150 5045 2342 5103 Videte
2378 5046 2703 5117 indigestam
2745 5053 2910 5115 atque
2952 5046 3436 5103 inconsideratam

1854 5142 2040 5197 faecem
2073 5150 2125 5195 et
2165 5139 2455 5195 colluviem
2484 5138 2773 5192 orationis.
2805 5137 2978 5203 Quale
3019 5139 3291 5194 construit
3321 5156 3435 5212 my-

1855 5230 2118 5287 sterium?
2141 5243 2315 5299 neque
2342 5243 2461 5297 qua:
2478 5227 2607 5279 dicit
2632 5227 2834 5293 sciens,
2856 5242 3030 5297 neque
3046 5227 3114 5282 de
3136 5243 3246 5297 quo
3267 5230 3429 5283 verba

1860 5323 2013 5377 facit.
2045 5320 2149 5386 Qui
2182 5321 2326 5376 enim
2359 5328 2534 5371 totum
2588 5317 2753 5371 habet
2795 5318 2850 5371 in
2889 5320 3075 5387 seipso
3108 5316 3344 5381 Patrem,
3377 5329 3433 5374 et

1861 5415 1955 5484 qui
1993 5421 2143 5468 totus
2185 5418 2271 5467 est
2302 5413 2355 5463 in
2387 5408 2568 5472 Patre,
2603 5416 2661 5462 ut
2700 5407 2934 5462 Verbum
2965 5416 3018 5463 et
3052 5407 3331 5478 Sapientia
3376 5417 3431 5464 et

1859 5506 2059 5571 virtus,
2106 5510 2162 5559 et
2210 5503 2413 5558 veritas
2457 5509 2511 5556 et
2560 5500 2846 5555 character
2879 5507 2934 5555 et
2977 5499 3274 5571 splendor;
3318 5499 3439 5568 ipse

1857 5600 2027 5658 estin
2075 5594 2238 5653 Patre
2266 5594 2485 5651 omnia:
2536 5608 2661 5648 cum
2708 5606 2819 5648 non
2856 5592 2962 5649 alia
3006 5593 3060 5650 in
3095 5589 3257 5647 Patre
3303 5597 3441 5647 ante
