3922 6464
552 322 661 379 διε
1771 308 1830 363 s.
1868 307 2199 364 cnsconn
2238 306 2531 362 nvsssm
3682 316 3768 372 5,,

544 440 722 506 ipsum
756 445 920 503 opera
967 429 1402 499 conspiciantur,
1456 425 1545 480 hic
1596 425 1777 493 imago
1812 434 1895 477 est
1950 425 2129 477 factus

2244 424 2324 474 ἰπὶ
2355 424 2475 475 Νῶε
2504 422 2570 474 δι’
2613 420 2804 484 ὓδατος
2839 421 2945 474 τῶν
2994 421 3295 490 ἀνθρώπων
3333 424 3652 494 ἀφανισμὸν,
3692 434 3773 485 καὶ.

544 542 598 586 et
634 528 873 598 sigillum
906 532 958 577 et
1015 522 1396 577 simulacrum.
1451 517 1656 572 Deinde
1703 517 1750 569 ei
1792 516 2129 584 gratificatur

2244 514 2334 584 τὴν
2370 517 2427 567 ὲν
2460 514 2714 583 Σοδόμοις
2739 513 2832 565 τοῦ
2862 512 3033 583 πυρὸς
3076 513 3381 583 ἐπομϐρίαν
3402 553 3416 577 ,
3450 514 3542 567 καὶ
3563 516 3661 569 τῶν
3694 520 3773 571 Δί-

549 622 831 673 borninutn
891 617 1242 669 abolitionem
1275 627 1371 681 per
1400 625 1594 679 aquam
1630 624 1750 678 quae
1780 606 1890 661 Noe
1924 616 2130 674 tenipo-

548 713 702 764 ribus
767 709 1010 764 accidit;
1048 711 1102 758 et
1169 721 1293 758 cum
1346 704 1439 772 qui
1491 702 1543 753 in
1597 700 1867 753 Sodomos
1928 697 2131 765 ingruit

2244 701 2676 771 προσμαρτυρῶν
2709 698 2786 769 τῷ
2816 702 2874 752 ὲν
2902 703 2968 771 τῇ
3000 702 3144 771 χειρὶ
3168 700 3341 769 ἔχοντι
3370 699 3441 753 τὰ
3472 700 3668 770 πέρατα
3692 704 3773 772 τῆς

551 806 767 872 igneum
793 801 1044 860 imbrem,
1067 804 1234 867 atque
1264 794 1649 865 IEgyptiorum
1675 790 1878 861 justqu
1909 803 2125 857 pmnam

2244 790 2562 860 οἰκουμένης
2582 832 2595 855 ,
2626 793 2683 843 ὲν
2707 784 2750 857 ᾧ
2783 791 2850 843 τά
2884 791 3061 844 πάντα
3096 791 3411 862 συνέστηκε,
3438 790 3615 852 καθώς
3635 808 3773 861 φησιν

549 903 602 944 ct
647 891 1001 960 supplicium,
1042 894 1103 941 ut
1142 901 1339 955 magna
1370 883 1617 954 qttzcdam
1665 880 1919 933 attribuit
1954 878 2001 931 ei
2037 877 2127 946 qui

2244 884 2259 935 5
2304 881 2651 944 Ἀπόστολο;’
2709 881 2899 951 ὥσπερ
2938 882 3037 934 οὐκ
3070 881 3223 945 εἰδὼς
3257 882 3339 936 ὅτι
3385 882 3465 952 τῷ
3498 882 3773 951 περιέχοντι

552 1000 716 1035 nianu
750 991 910 1034 terra:
940 977 1075 1032 lines
1107 976 1379 1037 continet,
1416 975 1469 1027 in
1496 989 1605 1042 quo
1628 972 1814 1025 omnia
1844 977 2126 1031 constant,

2244 972 2298 1026 τὰ
2332 974 2527 1039 πάντα,
2554 974 2649 1026 καὶ
2681 972 2816 1043 πρὸς
2836 974 2896 1025 τὸ
2923 972 3113 1026 δοκοῦν
3137 974 3318 1042 ἀγοντί
3346 990 3407 1025 τε
3436 975 3529 1026 καὶ
3558 975 3771 1043 φέροντι,

550 1070 1012 1140 quemadmodum
1065 1065 1296 1120 affirmat
1334 1063 1655 1133 Apostolus,
1688 1062 1836 1115 velut
1867 1061 2125 1115 nesciens

2244 1066 2299 1118 ιά
2325 1082 2383 1118 τε
2415 1066 2517 1135 ἤδη
2547 1066 2886 1136 γεγενημένα
2913 1104 2929 1129 ,
2951 1068 3045 1118 καὶ
3073 1066 3142 1120 τά
3174 1067 3429 1136 ἐσόμενα,
3469 1066 3527 1118 ού
3552 1064 3774 1119 τοσοῦτον

550 1164 695 1233 quod
745 1163 793 1216 ei
831 1161 924 1231 qui
960 1158 1140 1214 omnia
1180 1157 1580 1226 complectitur,
1633 1161 1687 1207 et
1740 1153 1791 1205 id
1828 1150 1971 1222 quod
2025 1150 2128 1205 sibi

2244 1156 2554 1228 προσθήκην
2601 1160 2746 1209 ποιεῖ
2778 1157 2877 1226 τῆς
2905 1156 3091 1227 δόξης,
3124 1157 3236 1221 δύο,
3268 1157 3301 1227 ἢ
3342 1157 3471 1227 τρία
3501 1174 3773 1228 μνημονευ-

548 1259 727 1325 plaeet
758 1255 887 1322 agit,
917 1261 970 1304 et
1004 1251 1132 1312 fert,
1174 1256 1228 1303 et
1269 1262 1388 1315 quae
1412 1246 1524 1316 jam
1562 1244 1724 1307 facta,
1761 1251 1814 1297 et
1842 1257 1963 1312 qua:
2002 1248 2133 1296 sunt

2244 1248 2390 1301 )éwa
2437 1247 2723 1319 θαύματα,
2773 1249 2895 1301 ὅσον
2939 1249 3227 1318 ἀφαίρεσιν
3256 1250 3351 1301 καὶ
3380 1249 3581 1319 ζημίαν
3612 1250 3641 1318 ἡ
3681 1248 3774 1300 τῶν

548 1348 760 1407 futura,
800 1346 909 1395 neu
946 1348 1156 1393 tantum
1193 1338 1401 1391 faciunt
1430 1335 1867 1388 additamentum
1917 1332 2125 1402 gloriae,

2244 1339 2432 1393 tomth
2468 1340 2668 1410 σιωπή.
2714 1339 2876 1392 Ἀλλά
2913 1340 3012 1393 καὶ
3042 1340 3246 1393 τούτων
3279 1341 3665 1410 σιωπωμένων,
3694 1343 3775 1410 ἁρ-

545 1436 657 1489 duo
684 1435 766 1489 vel
797 1434 905 1486 tria
934 1438 1370 1486 commemorata
1408 1428 1697 1489 miracula,
1727 1436 1996 1495 quantum
2034 1424 2131 1477 de-

545 1531 867 1583 trimentum
904 1533 958 1579 ct
1009 1525 1266 1578 damnum
1303 1522 1641 1589 reliquorum
1676 1519 1983 1575 silentium.
2022 1517 2129 1572 Sed

2244 1520 2298 1572 St’
2331 1521 2530 1591 ἑαυτῆς
2556 1520 2910 1586 ἐνδείξασθαι,
2939 1524 2971 1589 ὴ
3001 1522 3093 1574 ἐπὶ
3117 1525 3332 1576 πάντων
3366 1523 3527 1576 αὐτὸν
3550 1522 3773 1589 λέγουσι,

548 1631 609 1674 ut
664 1621 777 1674 haec
828 1617 1049 1673 silentio
1103 1620 1523 1685 praetereantur,
1562 1628 1662 1666 vox
1699 1626 1806 1664 una
1857 1610 1918 1662 D.
1967 1608 2121 1662 Pauli

2244 1610 2325 1663 ιαὶ
2350 1610 2438 1664 διὰ
2469 1612 2684 1666 πάντων
2715 1614 2809 1666 καὶ
2832 1616 2888 1665 ὲν
2918 1616 3101 1668 πᾶσιν.

545 1713 993 1785 comprehensive
1024 1726 1119 1780 per
1153 1724 1212 1764 se
1256 1708 1390 1763 satis
1423 1707 1625 1776 poterit
1669 1706 1855 1760 omnia
1911 1704 2297 1760 demonstrare
2336 1721 2457 1775 qua:
2490 1707 2667 1776 ipsum
2697 1709 2918 1773 asserit,
2968 1719 3023 1763 et
3067 1724 3162 1779 ρει·
3223 1710 3410 1765 omnia
3480 1721 3532 1765 et
3574 1710 3625 1764 in
3669 1725 3770 1762 om-

546 1807 732 1862 nibus.

623 1898 826 1953 Deinde
890 1895 1086 1964 inquit,
1129 1893 1309 1963 Legem
1344 1893 1445 1961 fert
1485 1893 1767 1946 secundum
1817 1890 1909 1944 Dei
1947 1891 2129 1944 u'terut’

2302 1889 2453 1956 Εἶτα,
2482 1891 3003 1966 Νομοθετεῖ,φησί,
3039 1897 3164 1949 κατ’
3200 1895 3495 1966 ἐπιταγὴν
3531 1897 3633 1950 τοῦ
3661 1899 3771 1950 diu.

550 1989 882 2044 mandatum.
916 1986 1180 2052 Quisnam
1219 1994 1458 2038 aeternus
1505 1994 1587 2037 est
1620 1982 1805 2036 Deus?
1842 1988 1894 2035 et
1924 1981 2048 2048 quis
2080 1980 2129 2032 ei

2244 1984 2365 2037 νέου
2390 1985 2554 2038 Θεοῦ.
2581 1986 2675 2048 Τίς
2697 1990 2723 2039 6
2743 1986 2957 2049 αἰώνιός
2985 1989 3100 2039 ἐστι
3124 1988 3281 2052 Θεός;
3312 1990 3424 2041 Καὶ
3449 1988 3530 2051 τίς
3552 1989 3579 2039 6
3600 1989 3775 2059 ὑπουρ-

552 2083 936 2139 subministrat
968 2082 1021 2133 in
1078 2077 1473 2148 legislatione?
1532 2075 1638 2131 Sed
1677 2075 1852 2129 cuivis
1887 2082 1971 2130 est
2015 2088 2133 2142 per-

2244 2072 2345 2140 γῶν
2385 2073 2533 2143 αὐτῷ
2572 2075 2698 2145 περὶ
2728 2074 2825 2145 τὴν
2867 2075 2960 2128 τοῦ
2989 2077 3152 2146 νόμου
3209 2076 3394 2143 θέσιν;
3455 2077 3608 2130 Ἀλλά
3638 2078 3776 2130 παντὶ

553 2176 827 2245 spicuum,
855 2170 1001 2241 quod
1036 2186 1133 2240 per
1166 2166 1367 2223 Mosem
1405 2167 1577 2237 legem
1610 2166 1712 2221 fert
1748 2165 1892 2221 Deus
1929 2167 1997 2220 iis
2038 2165 2131 2234 qui

2244 2163 2389 2232 δῆλον
2418 2164 2572 2217 τοῦτό
2603 2167 2747 2218 ἐστιν
2772 2208 2785 2232 ,
2816 2167 2896 2219 ὅτι
2923 2166 3012 2219 διὰ
3038 2169 3277 2231 Μωσέως
3303 2168 3585 2238 νομοθετεῖ
3605 2172 3630 2222 6
3664 2168 3776 2230 Θεὸς

2232 2258 2345 2316 τοῖς
2391 2255 2698 2341 δεχομένοις
2740 2257 2831 2309 τὸν
2868 2258 3050 2328 νόμον.
3082 2259 3257 2312 Αὐτοῦ
3297 2260 3358 2312 δὲ
3397 2259 3490 2314 τοῦ
3540 2261 3773 2329 Εύνομίου

2236 2346 2327 2399 τὸν
2357 2346 2636 2418 Μονογενῆ
2677 2348 2808 2402 Θεὸν
2858 2345 2997 2403 εἶναι
3040 2351 3451 2421 ὁμολογοῦντος,
3496 2353 3584 2405 τὸν
3628 2353 3773 2419 Μωσῇ

2235 2436 2640 2507 χρηματίζοντα
2665 2453 2679 2468 ·
2708 2438 2825 2502 πῶς
2848 2442 2875 2492 6
2900 2440 3089 2511 παρὼν
3122 2441 3286 2495 αὐτοῦ
3309 2442 3465 2510 λόγος
3489 2444 3562 2505 εἰς
3589 2444 3679 2513 τὴν
3698 2442 3774 2495 τοῦ

2237 2529 2479 2591 Μωσέως
2502 2525 2656 2592 τάξιν
2672 2529 2764 2582 τὸν
2783 2529 2877 2582 τοῦ
2906 2532 3103 2596 παντὸς
3126 2533 3406 2602 Δεσπότην
3427 2534 3519 2586 ἀντ
3529 2532 3777 2599 ικαθίστηο

2239 2638 2322 2672 σιν
2348 2636 2361 2684 ;
2389 2619 2462 2671 Τὸ
2489 2620 2545 2673 δὲ
2565 2620 2659 2674 τοῦ
2684 2622 2900 2675 αἰωνίου
2927 2622 3061 2675 Θεοῦ
3086 2623 3503 2693 σημαινόμενον,
3532 2624 3605 2694 τῷ
3628 2623 3776 2691 Πατρὶ

2239 2708 2528 2779 ἀνατίθησι
2556 2710 2722 2781 μόνῳ.
2771 2711 2857 2774 Ὠς
2894 2714 2961 2783 τῇ
3003 2712 3137 2782 πρὸς
3166 2712 3256 2765 τὸν
3294 2713 3510 2767 αἰώνιον
3533 2713 3774 2782 διαστολῇ.

2243 2800 2316 2870 μὴ
2348 2800 2731 2864 αἰώνιον,ἀλλά
2764 2803 3077 2871 πρόσφατον
3118 2803 3397 2876 Μονογενῆ
3431 2806 3560 2859 Θεὸν
3590 2804 3777 2860 ἀποδεί-

2240 2892 2485 2957 κνυσθαι,
2512 2892 2604 2945 τὸν
2627 2894 2855 2964 ποιητὴν
2879 2894 2986 2947 τῶν
3002 2895 3231 2951 αἰώνων.
3260 2898 3423 2953 Ἀλλά
3447 2900 3535 2953 καὶ
3558 2897 3777 2967 ἐπιλελῆ-

2241 2979 2365 3035 σθαί
2397 2999 2489 3051 μοι
2514 2981 2705 3036 δοκεῖό
2727 2981 3029 3052 φιλομαθής
3054 3001 3112 3037 τε
3137 2985 3227 3037 καὶ
3253 2988 3502 3055 μνήμων,
3526 2986 3603 3039 ὅτι
3628 2984 3776 3040 πάντα

2237 610 2481 677 γυπτίων
2536 608 2634 679 τὴν
2686 608 2895 661 ἔνδικον
2951 608 3219 679 τιμωρίαν
3243 648 3259 672 ,
3304 608 3380 672 ὥς
3429 626 3551 662 τινα
3590 612 3773 679 μεγάλα⁸

2232 1434 2319 1485 κεί
2346 1433 2378 1501 ὴ
2410 1430 2507 1501 μία
2528 1430 2622 1483 τοῦ
2652 1430 2865 1483 Παύλου
2896 1430 3046 1501 φωνὴ
3092 1431 3502 1504 περιληπτικῶς
3534 1432 3599 1485 τὰ
3626 1431 3775 1483 πάντα

554 2272 727 2339 legem
759 2265 1059 2335 accipiunt.
1095 2262 1233 2316 Cum
1260 2271 1443 2314 autem
1478 2268 1637 2314 antea
1698 2258 2001 2312 Eunomius
2053 2255 2134 2309 fa-

553 2367 737 2415 teatur
761 2372 883 2413 esse
920 2354 1278 2423 Unigenitum
1314 2352 1482 2407 Deum
1512 2352 1605 2421 qui
1637 2351 1691 2404 in
1730 2348 1914 2420 Moyse
1937 2361 2135 2417 opera-

555 2452 715 2505 batur
746 2448 1053 2503 miracula:
1092 2444 1369 2514 quomodo
1400 2443 1522 2512 ejus
1553 2456 1798 2513 praesens
1838 2454 2023 2495 sermo
2080 2438 2134 2491 in

555 2542 723 2597 Mosis
756 2540 1006 2596 ordinem
1040 2535 1284 2591 universi
1317 2533 1607 2589 Dominum
1636 2532 1837 2586 obnixe
1895 2529 2137 2598 redigit?

555 2633 746 2687 αξιοι-ιιὶ
780 2645 907 2686 vero
946 2626 1040 2683 Dei
1076 2624 1441 2696 signiﬁcatum
1504 2624 1607 2679 soli
1662 2622 1808 2677 Patri
1868 2621 2132 2690 assignat.

554 2727 634 2782 lta
660 2734 719 2779 ut
753 2738 815 2779 ea
846 2738 967 2792 quae
998 2721 1172 2777 estad
1210 2728 1477 2773 aeternum
1511 2714 1841 2781 dill'erentia,
1900 2728 2011 2767 non
2065 2726 2138 2765 a3-

555 2831 795 2880 ternum,
830 2814 923 2869 sed
958 2822 1231 2869 recentem
1290 2810 1645 2880 Unigenitum
1705 2806 1873 2861 Deum
1909 2804 2139 2858 demon-

554 2918 727 2972 stret,
759 2907 1080 2963 seculorum
1123 2905 1406 2958 factorem.
1448 2899 1650 2955 Verum
1689 2898 1970 2952 enimvero
2002 2893 2137 2948 mihi

556 3000 774 3053 videtur
801 2996 1005 3050 oblitus
1035 3009 1158 3049 esse
1185 2992 1276 3046 illc
1302 2989 1549 3044 discendi
1572 2987 1807 3057 cupidus
1830 2992 1883 3039 et
1907 2999 2136 3050 memor,

556 3087 707 3158 quod
738 3087 851 3141 haec
886 3084 1070 3138 omnia
1105 3082 1171 3137 de
1202 3082 1385 3151 seipso
1417 3078 1621 3134 Paulus
1646 3077 1743 3141 ait,
1802 3074 2137 3129 annuntians

2244 3072 2409 3125 ταῦτα
2431 3071 2560 3143 ’περὶ⁵
2586 3072 2777 3126 ἑαυτοῦ
2796 3074 2823 3126 6
2848 3073 3059 3137 Παῦλός
3082 3090 3234 3145 φησι,
3263 3074 3589 3143 διαγγέλλων
3616 3076 3669 3128 ὲν
3684 3079 3777 3138 τοῖς

559 3173 876 3229 hominibus
934 3170 1210 3241 Evangelii
1270 3170 1604 3240 praeconium
1674 3164 1979 3221 secundum
2043 3162 2137 3218 Dei

2244 3163 2546 3235 ἀνθρώποις
2570 3163 2665 3217 τοῦ
2694 3162 3028 3232 Εὐαγγελίου
3059 3164 3119 3217 τὸ
3152 3167 3415 3237 κήρυγμα
3433 3206 3448 3230 ,
3475 3168 3589 3219 κατ’
3620 3169 3778 3219 ἐπιτα-

559 3266 875 3337 imperium.
915 3263 1046 3329 Quae
1076 3239 1209 3332 ergo
1262 3239 1329 3315 de
1357 3260 1541 3329 seipso
1572 3264 1763 3311 narrat
1815 3255 2135 3326 Apostolus,

2244 3254 2343 3325 γὴν
2386 3253 2481 3307 τοῦ
2518 3254 2675 3307 Θεοῦ.
2714 3256 2781 3307 Ἀ
2811 3254 2991 3309 τοίνυν
3020 3256 3147 3326 περὶ
3181 3256 3377 3309 ἑαυτοῦ
3417 3257 3722 3327 διεξέρχεται
3755 3259 3777 3308 6

558 3359 675 3411 haec
716 3353 1019 3408 Eunomius
1059 3351 1452 3421 prophetarum
1494 3354 1549 3402 et
1604 3345 1980 3416 apostolorum
2030 3342 2141 3398 Do-

2256 3347 2591 3411 Ἀπόστολος,
2622 3346 2793 3401 ταῦτα
2820 3348 2847 3399 6
2875 3348 3134 3418 Εὑνόμιος
3156 3347 3233 3418 τῷ
3260 3349 3504 3420 Δεσπότῃ
3532 3349 3633 3403 τῶν
3665 3364 3777 3420 up!»

562 3447 715 3502 mino
738 3444 1041 3498 attribuere
1070 3458 1178 3497 non
1224 3450 1461 3505 veretur,
1518 3448 1576 3493 ut
1624 3437 1914 3493 Dominum
1968 3437 2141 3490 Paulo

2245 3442 2432 3511 φητῶν
2464 3458 2523 3495 τε
2553 3442 2644 3494 καὶ
2682 3439 2995 3493 ἀποστόλων
3034 3439 3305 3503 ἀνατιθεὶς
3335 3439 3437 3492 οὐκ
3468 3438 3771 3508 αἰσχύνεται,

560 3551 668 3593 suo
725 3550 885 3591 servo
920 3536 1126 3589 honore
1165 3548 1349 3604 parem
1408 3532 1726 3586 constituat.
1784 3518 1991 3600 Ecquid
2047 3543 2141 3583 ne-

2249 3535 2335 3588 ἴνα
2365 3535 2627 3606 ὁμότιμον
2656 3533 2975 3603 καταστήσῃ
3006 3530 3084 3602 τῷ
3112 3532 3309 3601 Παύλῳ
3349 3532 3427 3603 τῷ
3462 3532 3570 3601 ἰδίῳ
3596 3530 3742 3597 δούλῳ
3761 3570 3773 3592 ,

562 3644 721 3684 cosse
748 3634 832 3682 est
861 3641 947 3681 me
978 3626 1195 3695 singula
1240 3624 1727 3694 reprehendentem
1764 3622 1981 3676 turbam
2016 3636 2141 3675 ora-

2244 3628 2335 3679 τὺν
2372 3626 2594 3698 Κύριον.
2632 3624 2743 3678 Καὶ
2766 3622 2818 3676 τί
2857 3640 2922 3694 με
2962 3623 3159 3695 χρὴτά
3193 3623 3313 3676 καθ’
3350 3624 3574 3677 ἕκαστον
3597 3622 3775 3689 διελέγ-

564 3722 716 3775 tione
752 3714 1052 3774 inducere?
1082 3719 1138 3772 ln
1169 3718 1372 3788 quibus
1426 3716 1519 3786 qui
1553 3714 1857 3785 simplicius
1890 3720 1945 3769 et
1995 3711 2141 3768 osci-

2246 3734 2405 3787 χοντα
2424 3756 2441 3781 ,
2472 3714 2674 3786 πλῆθος
2702 3714 3011 3782 ἐπεισάγειν
3056 3713 3133 3785 τῷ
3180 3713 3357 3784 λόΥῳξ
3405 3715 3491 3768 Ἐν
3535 3707 3612 3776 οἷς
3638 3714 3664 3764 6
3694 3713 3774 3782 μὲν

566 3811 775 3867 tantius
834 3810 891 3865 in
946 3810 1067 3879 ejus
1108 3808 1309 3877 scripta
1361 3805 1585 3869 incidet,
1643 3804 1820 3875 ipsum
1874 3803 1932 3858 in
1986 3818 2141 3859 sacra

2250 3808 2612 3879 ἁπλούστερον
2640 3805 2981 3876 ἐντυγχάνων
3014 3808 3123 3868 τοῖς
3148 3806 3277 3875 παρ’
3308 3804 3473 3857 αὐτοῦ
3494 3802 3775 3874 γεγραμμὲ-

569 3903 858 3972 Scriptura
893 3901 1077 3957 dicere
1110 3914 1377 3955 concessa
1408 3897 1788 3961 existimabit;
1841 3905 1896 3950 at
1923 3896 2018 3967 qui
2058 3895 2143 3951 di-

569 3994 757 4065 ligenti
786 3993 1036 4048 examine
1066 3990 1213 4044 facto
1269 3988 1483 4059 singula
1542 3995 1722 4057 potest
1784 3986 2141 4056 perpendere,

569 4086 719 4139 nulla
748 4086 802 4139 in
831 4100 887 4138 re
926 4083 995 4136 ab
1029 4082 1280 4135 haeretica
1323 4080 1527 4132 malitia
1565 4087 1618 4132 et
1665 4078 2025 4147 perversitate
2063 4094 2147 4132 sc-

572 4183 759 4245 parata
796 4190 918 4228 esse
953 4182 1009 4226 et
1051 4172 1273 4226 differre
1313 4170 1631 4238 compcriet.
1667 4168 1809 4221 Dicit
1838 4168 1982 4221 enim
2058 4180 2149 4219 ec-

571 4264 919 4319 clesiasticus
960 4275 1015 4317 et
1056 4263 1369 4319 haereticus,
1404 4260 1552 4330 quod
1583 4260 1747 4313 Pater
1780 4260 2033 4312 neminem
2055 4258 2147 4327 ju-

572 4354 739 4417 dicat,
772 4352 860 4406 sed
896 4368 1043 4405 autne
1065 4351 1330 4420 judicium
1356 4350 1498 4401 dedit
1528 4346 1671 4402 Filio
1695 4349 1832 4402 ποτε.
1857 4349 1923 4401 At
1943 4348 2146 4401 dictum

578 4448 680 4499 hoc
711 4452 946 4511 uterque
1011 4456 1118 4496 non
1160 4442 1413 4497 similiter
1480 4439 1755 4507 intelligit.
1798 4436 1902 4492 Per
1961 4439 2145 4493 eadem

2247 3917 2382 3961 νοις,
2419 3900 2657 3968 οἰήσεται
2695 3894 2763 3948 τὰ
2793 3894 3256 3965 συγκεχωρημένα
3294 3894 3445 3965 παρά
3468 3896 3562 3965 τῆς
3586 3892 3775 3963 Γραφῆς

2249 3992 2409 4044 αὑτὸν
2438 3991 2615 4057 λέγειν
2640 4007 2652 4018 ·
2677 3990 2705 4041 6
2730 3989 2785 4042 δὲ
2809 3986 3164 4053 ἐξεταστικῶς
3189 3987 3420 4041 ἕκαστον
3450 3985 3774 4041 ἀναπτύσσειν

2247 4082 2560 4149 δυνάμενος,
2586 4080 2855 4145 ἀποδείξει
2880 4080 3042 4150 μηδὲν
3063 4080 3161 4148 τῆς
3182 4079 3464 4149 αἰρετικῆς
3481 4074 3775 4144 κακουργίας

2250 4171 2645 4241 κεχωρισμένα.
2676 4172 2836 4238 Λέγει
2870 4170 2977 4240 γὰρ
3005 4169 3099 4222 καὶ
3154 4171 3180 4221 6
3230 4166 3662 4239 ἐκκλησιαστικὸς
3698 4162 3774 4215 καὶ

2248 4264 2275 4315 ὁ
2321 4263 2696 4331 utpar-beﬂ
2727 4265 2779 4321 '0
2797 4261 2995 4330 Πατὴρ
3020 4263 3204 4330 κρίνει
3241 4259 3480 4323 οὐδένα,
3509 4256 3655 4313 ἀλλὰ
3680 4253 3775 4319 τὴν

2251 4356 2452 4421 κρίσιν
2480 4352 2685 4407 πᾶσαν
2700 4352 2916 4405 δέδωκε
2934 4351 3014 4417 τῷ
3041 4349 3169 4416 Υίῷ.
3188 4351 3317 4403 Νοεῖ
3340 4351 3397 4403 δὲ
3423 4351 3515 4419 οὐχ
3535 4346 3711 4418 ὁμοίως
3726 4342 3774 4394 τὸ

2251 4448 2536 4516 εἰρημένον
2582 4443 2858 4513 ἑκάτερος.
2894 4442 2989 4494 Διά
3024 4442 3130 4511 γάρ
3161 4441 3271 4495 τῶν
3313 4440 3491 4495 αὐτῶν
3528 4438 3771 4510 ῥημάτων,

576 4535 743 4589 verba
788 4533 1200 4588 ecclesiasticus
1234 4534 1285 4585 in
1320 4532 1577 4586 omnibus
1599 4538 1918 4600 potestatem
1948 4531 2141 4585 intelli«

2250 4538 2280 4589 6
2300 4535 2398 4605 μὲν
2455 4532 2903 4604 ἐκκλησιαστικὸς
2930 4532 3029 4603 τὴν
3048 4533 3139 4585 ἐπὶ
3154 4533 3372 4586 πάντων
3397 4530 3629 4596 ἐξουσίαν
3654 4527 3770 4579 νοεῖ’

575 4624 689 4695 git:
725 4622 1013 4675 hwrcticus
1049 4636 1179 4675 vero
1213 4620 1421 4690 aliquid
1482 4620 1744 4674 deficiens
1781 4628 1836 4673 et
1874 4620 2148 4689 mancipa-

578 4726 691 4770 tum
725 4715 839 4767 sive
872 4711 1151 4766 subditum
1184 4710 1477 4765 construit.

651 4798 757 4859 Sed
796 4804 926 4858 illud
958 4804 1120 4857 dictis
1150 4803 1515 4871 adjiciendum
1542 4812 1647 4865 est,
1673 4801 1818 4872 quod
1849 4800 1996 4856 velut
2023 4799 2148 4854 fun-

2256 4619 2408 4686 οὗτος
2435 4622 2491 4675 δὲ
2512 4621 2913 4686 κατασκευάζει
2944 4621 3005 4673 τὸ
3030 4622 3248 4685 ύποδεές
3274 4639 3335 4674 τε
3368 4622 3455 4675 καὶ
3484 4618 3769 4688 ὑποχείριον.

2335 4801 2471 4853 Ἀλλ’
2509 4800 2684 4853 ἐκεῖνο
2712 4798 2818 4869 χρὴ
2848 4796 3159 4868 προσθεῖναι
3188 4800 3298 4860 τοῖς
3325 4798 3635 4869 εἰρημένοις,
3660 4794 3772 4860 ὅπερ

2256 4893 2493 4964 κρηπίδα
2523 4891 2647 4944 τινά
2686 4888 2960 4942 ποιοῦνται
3000 4889 3098 4959 τῆς
3133 4889 3387 4952 ἀσεϐείας
3413 4929 3427 4951 ,
3472 4891 3527 4940 ἐν
3555 4885 3627 4955 τῷ
3665 4880 3771 4950 περὶ

2256 4986 2354 5056 τῆς
2382 4985 2687 5054 οἰκονομίας
2717 4984 2858 5052 λόγῳ
2878 4998 2891 5013 ο
2924 4982 3020 5053 οὐχ
3044 4982 3161 5035 ὅλον
3189 4982 3469 5053 ἄνθρωπον
3494 4981 3609 5049 παρ’
3635 4972 3771 5029 αύτοῦ

2256 5076 2526 5130 σεσῶσθαι
2557 5076 2929 5147 διοριζόμενοι,
2958 5074 3095 5128 ἀλλά
3116 5074 3175 5127 τὸ
3196 5073 3291 5126 τοῦ
3316 5071 3589 5142 ἀνθρώπου
3615 5066 3771 5137 ἡμίτο-

576 4900 893 4953 damentum
927 4892 1144 4963 aliquod
1186 4892 1482 4961 impietatis
1542 4895 1596 4946 in
1634 4907 1886 4948 sermone
1919 4892 1985 4947 de
2040 4892 2153 4947 dis-

579 4991 899 5059 pensatione
932 4996 1164 5056 ponunt,
1211 4999 1321 5038 non
1380 4992 1553 5039 totum
1597 4986 1871 5039 hominem
1929 4984 2000 5040 ab
2035 4985 2152 5055 ipso

578 5093 856 5138 servatutn
886 5097 1010 5136 esse
1044 5080 1500 5143 determinantes,
1560 5080 1657 5135 sed
1719 5080 1961 5135 hominis
1992 5080 2153 5135 dimi-

577 5176 751 5233 dium,
785 5188 988 5241 corpus
1023 5171 1289 5240 intelligo.
1326 5169 1425 5224 llic
1454 5172 1597 5225 enim
1631 5170 1855 5224 malitia:
1884 5171 2007 5225 talis
2033 5186 2141 5225 sco-

2260 5186 2390 5240 μον,
2420 5168 2481 5221 τὸ
2520 5166 2677 5237 σῶμα
2704 5166 2863 5234 λέγω.
2918 5168 2976 5218 Ὀ
3005 5166 3060 5218 δὲ
3094 5166 3293 5228 σκοπός
3330 5166 3470 5216 ἐστιν
3494 5159 3659 5219 αὐτοῖς
3691 5152 3772 5218 τῆς

580 5278 680 5332 pus
715 5264 769 5315 in
803 5263 905 5315 hoc
936 5260 1266 5315 documento
1302 5258 1441 5329 ipsis
1473 5266 1561 5313 est
1593 5259 1930 5328 propositus,
1966 5266 2024 5312 ut
2059 5276 2141 5312 vo-

2254 5258 2506 5327 τοιαύτης
2555 5256 2681 5327 περί
2719 5256 2779 5307 τὸ
2805 5254 2979 5325 δόγμα
3025 5253 3389 5325 κακουργίας,
3423 5251 3482 5303 τὸ
3510 5247 3662 5312 δεῖξαι
3693 5241 3772 5299 τὰς

580 5371 673 5409 res
707 5354 1029 5408 humiliores
1068 5351 1383 5413 ostendant,
1421 5366 1559 5420 quas
1591 5365 1653 5403 ex
1691 5351 1929 5403 humana
1958 5358 2141 5404 natura

2255 5348 2642 5418 ταπεινοτέρας
2671 5346 2873 5414 φωνὰς,
2896 5345 2963 5408 ἃς
3000 5348 3064 5399 ἐκ
3090 5345 3186 5398 τοῦ
3214 5343 3544 5415 ἀνθρωπίνου
3578 5334 3772 5389 ποιεῖται

582 5447 791 5514 profert
819 5444 1104 5504 Dominus.
1144 5454 1202 5497 ut
1257 5442 1325 5495 ab
1357 5442 1475 5511 ipsa
1520 5441 1807 5497 divinitate
1865 5441 2141 5497 videantur

2259 5444 2287 5494 6
2326 5439 2547 5510 Κύριος,
2580 5439 2708 5509 παρ’
2744 5437 2910 5507 αὐτῆς
2949 5437 3050 5505 τῆς
3094 5436 3344 5506 θεότητος
3372 5426 3672 5502 γεγενῆσθαι
3701 5421 3771 5514 ὃς)-

580 5508 702 5593 csse
734 5536 913 5599 factae,
950 5542 1007 5589 ut
1040 5550 1136 5605 per
1173 5534 1273 5589 has
1315 5508 1636 5589 validiorem
1663 5532 1956 5590 ostendant
2012 5533 2141 5589 blas-

2263 5522 2536 5598 κεῖν,’ῐνα
2586 5529 2671 5581 διὰ
2707 5526 2909 5581 τούτων
2966 5526 3317 5597 ἰσχυροτέραν
3361 5518 3657 5581 ἀποδείξωσι
3692 5508 3771 5576 τὴν

650 5710 771 5743 ’⁷³⁸
792 5708 949 5764 Joan.
985 5726 1031 5775 ν,
1071 5708 1159 5763 22.
