3922 6464
157 367 248 424 535

1283 345 1560 405 CONTRA
1597 339 1982 407 EUNOMIUM,
2014 338 2141 395 LIB.
2183 338 2246 394 ll.

3276 336 3382 391 546

158 472 518 552 βλασφημίαν,
555 470 619 526 δι’
661 467 830 539 αὐτῆς
878 466 976 537 τῆς
1018 463 1111 519 τοῦ
1165 463 1370 535 Κυρίου
1419 457 1708 532 ὁμολογίας

1840 455 2104 517 ιιιειιιίαιιι,
2155 466 2253 522 per
2300 449 2439 504 hanc
2498 448 2670 518 ipsam
2702 446 2917 502 Domini
2978 445 3378 503 confessionem

158 549 778 640 upawvopéqu'métou
807 559 966 629 χάριν
987 557 1140 627 φησὶ,
1170 554 1282 610 Τὸν
1311 553 1404 606 ἐπ’
1435 549 1710 619 ἐσχάτων

160 659 260 713 τῶν
305 653 548 725 ἡμερῶν
585 651 912 720 γενόμενον
943 647 1279 714 ἄνθρωπον.
1326 645 1436 697 οὐκ
1486 641 1712 695 ἀναλα-

160 751 317 803 ϐόντα
367 748 477 800 τὸν
530 744 598 798 ἐκ
652 739 864 811 ψυχῆς
900 739 995 793 καὶ
1045 737 1314 806 σώματος
1374 733 1708 801 ἄνθρωπον.

170 841 291 910 Ἐγὼ
314 839 371 892 δὲ
395 839 583 890 πᾶσαν
621 833 1113 905 διερευνησάμενος
1145 828 1244 897 τὴν
1273 826 1626 879 θεόπνευστόν
1653 839 1712 874 τε

161 935 238 988 καὶ
271 932 427 1000 ἁγίαν
472 927 719 998 Γραφὴν,
759 925 856 993 οὐχ
883 926 998 991 ὁρῶ
1038 919 1240 990 ταύτην
1269 917 1368 987 τὴν
1407 914 1588 986 φωνὴν
1619 916 1714 982 εγ-

163 1020 558 1094 γεγραμμένην,
606 1019 689 1070 ὅτι
727 1015 894 1086 μόνην
922 1013 1022 1082 τὴν
1061 1013 1238 1082 σάρκα
1266 1009 1388 1080 δίχα
1415 1008 1590 1078 ψυχῆς
1610 1045 1624 1067 ,
1657 1005 1716 1057 ὲν

159 1112 226 1182 τῷ
250 1107 416 1179 καιρῷ
445 1107 550 1176 τῆς
570 1103 712 1159 κατά
739 1103 1024 1173 ἄνθρωπον
1039 1098 1370 1169 οἰκονομίας,
1392 1099 1419 1150 6
1444 1096 1511 1150 τὰ
1539 1096 1718 1150 πάντα

160 1204 367 1272 ποιήσας
399 1200 482 1261 εἰς
517 1195 711 1250 ἑαυτὸν
739 1193 1044 1258 ἀνεδέξατο.
1085 1189 1426 1259 Ἀναγκαίως
1451 1184 1542 1242 οὖν
1581 1187 1718 1258 πρός

161 1310 207 1345 τε
231 1292 312 1344 τὸν
343 1287 549 1341 σκοπὸν
571 1285 672 1355 τῆς
705 1283 977 1355 σωτηρίας
999 1281 1158 1353 ήμῶν
1184 1280 1423 1352 βλέπων,
1455 1279 1550 1332 καὶ
1584 1277 1717 1346 πρὸς

159 1387 214 1437 τὰ
237 1383 479 1451 δόγματα
510 1380 618 1432 τῶν
640 1379 921 1447 Πατέρων,
939 1377 1034 1429 καὶ
1057 1374 1191 1445 πρὸς
1216 1372 1315 1434 τὰς
1335 1370 1719 1430 θεοπνεύστους

161 1475 351 1542 φωνὰς,
387 1472 489 1540 τὴν
526 1473 586 1522 ἐν
635 1469 712 1540 τῷ
761 1469 914 1538 μέρει
960 1465 1131 1534 τούτῳ
1176 1458 1720 1528 κατασκευαζομένην

159 1563 390 1616 ἀσέϐειαν
444 1559 725 1627 διελέγξαι
792 1556 1141 1626 πειράσομαι.
1187 1547 1388 1603 *Ηλθεν
1439 1551 1466 1600 6
1521 1547 1722 1616 Κύριος

160 1654 372 1724 ζητῆσαι
422 1651 525 1704 καὶ
575 1651 748 1702 σῶσαι
797 1647 857 1699 τὸ
907 1643 1221 1704 ἀπολωλός·
1273 1637 1520 1694 ἀπώλετο
1559 1638 1615 1690 δὲ
1661 1637 1721 1689 ού

161 1747 333 1814 σῶμα,
367 1742 487 1796 ἀλλ’
523 1740 647 1802 ὅλος
681 1739 710 1790 6
742 1737 1028 1808 ἄνθρωπος
1071 1735 1178 1786 άπὸ
1207 1732 1383 1802 ψυχῆς
1416 1744 1724 1797 συγκεκρα-

1810 544 2190 600 conﬁrmatam
2221 560 2233 596 :
2263 539 2425 607 hujus
2454 539 2532 593 rei
2588 538 2760 606 gratia
2794 537 2948 599 dicit,
3016 552 3131 590 eum
3183 539 3274 608 qui
3322 538 3379 590 in

1811 633 2107 691 novissimis
2137 631 2316 684 diebus
2351 629 2522 698 [actus
2551 639 2628 681 est
2662 629 2845 692 homo,
2885 645 2985 680 non
3033 628 3380 696 assumpsisse

1813 727 2070 782 hominem
2104 725 2283 776 anima
2327 730 2375 775 et
2423 736 2635 788 corpore
2689 727 3035 772 constantem.
3079 717 3189 788 Ego
3254 733 3380 772 vero

1815 833 2034 873 omnem
2069 813 2335 869 divinitus
2365 811 2684 880 inspiratam
2715 818 2769 864 et
2798 823 3009 863 sacram
3043 808 3380 878 Seripturam

1814 915 2214 979 perscrutatus,
2253 906 2393 958 hanc
2448 916 2636 956 vocem
2697 900 2958 970 scriptam
3030 914 3135 954 non
3190 900 3379 964 video,

1815 1001 1959 1071 quod
2007 999 2179 1054 solam
2230 1009 2452 1051 carnem
2507 993 2712 1062 absque
2767 991 2971 1053 anima,
3029 991 3083 1043 in
3141 999 3385 1060 tempore

1819 1087 2116 1144 secundum
2153 1086 2424 1139 hominem
2461 1080 2887 1152 dispensationis
2916 1081 3006 1149 qui
3038 1081 3218 1133 omnia
3258 1079 3385 1134 fecit

1820 1179 1874 1232 in
1912 1178 2151 1246 seipsum
2180 1174 2519 1242 assumpsit;
2570 1172 2885 1226 necessario
2935 1171 3102 1241 igitur
3145 1172 3211 1225 ad
3268 1185 3390 1226 sco-

1818 1285 1945 1340 pum
1995 1269 2187 1323 salutis
2227 1277 2426 1321 nostra:
2473 1264 2793 1335 respiciens,
2823 1271 2878 1318 et
2907 1265 2971 1317 ad
3005 1263 3226 1316 Patrum
3290 1263 3388 1318 de-

1820 1369 1988 1421 creta,
2027 1367 2081 1414 et
2135 1359 2200 1411 ad
2236 1358 2497 1412 divinitus
2557 1355 2768 1409 amatas
2805 1369 2967 1408 voces
3016 1364 3386 1410 constructam

1823 1451 1875 1504 in
1916 1453 2014 1502 hac
2052 1457 2203 1519 parte
2244 1448 2573 1516 impietatem
2619 1447 2946 1514 redarguere
2991 1447 3252 1500 conabor.
3285 1445 3391 1501 Ve-

1828 1544 1907 1595 nit
1948 1541 2207 1594 Dominus
2259 1549 2316 1593 ut
2348 1546 2614 1609 quaereret
2643 1546 2697 1593 et
2746 1539 2954 1593 salvum
3008 1536 3212 1592 faceret
3245 1538 3389 1607 quod

1826 1631 2079 1700 perierat.
2135 1629 2374 1684 Perierat
2416 1637 2595 1682 autem
2643 1643 2750 1682 non
2802 1642 3035 1696 corpus,
3088 1625 3184 1682 sed
3243 1635 3392 1682 totus

1825 1726 1988 1778 homo
2017 1741 2081 1779 ex
2116 1728 2296 1780 anima
2326 1730 2794 1793 contemperatus.
2855 1722 2921 1776 Et
2980 1724 3026 1777 si
3098 1722 3277 1778 verius
3307 1722 3392 1778 lo-

357 1835 472 1888 Καὶ
501 1836 552 1886 εἰ
576 1832 686 1904 χρὴ
727 1832 814 1884 τὸν
849 1827 1208 1899 ἀληθέστερον
1229 1825 1400 1878 εἰπεῖν
1433 1821 1607 1888 λόγον,
1631 1817 1725 1871 τοῦ

1840 1817 2103 1887 luendum
2135 1824 2238 1882 est,
2273 1826 2398 1870 ante
2453 1831 2657 1885 corpus
2714 1816 2894 1868 anima
2937 1816 3194 1881 perierat.
3256 1813 3393 1868 Nam

163 1929 389 1998 σώματος
413 1928 447 1997 ἡ
475 1925 629 1995 ψυχὴ
659 1921 1032 1993 προαπώλετο.
1077 1918 1140 1970 Ἡ
1165 1915 1270 1986 γὰρ
1302 1911 1574 1984 παρακοὴ,
1596 1926 1722 1980 προ-

163 2022 423 2092 αιρέσεως,
451 2019 514 2070 ού
546 2017 822 2086 σώματος,
851 2011 1092 2083 ἁμαρτία
1113 2009 1261 2062 ἐστίν
1285 2025 1297 2037 ο
1326 2006 1452 2059 ἴδιον
1474 2004 1528 2056 δὲ
1551 2003 1728 2074 ψυχῆς

163 2116 190 2182 ἡ
219 2113 531 2181 προαίρεσις
555 2150 572 2174 ,
605 2109 701 2176 ἀφ’
742 2105 808 2178 ἦς
843 2106 993 2157 πᾶσα
1022 2105 1054 2173 ἡ
1095 2102 1192 2172 τῆς
1228 2099 1442 2169 φύσεως
1473 2095 1728 2168 συμφορὰ

161 2204 246 2274 τὴν
279 2202 452 2272 ἀρχὴν
487 2201 684 2269 ἔσχεν·
746 2198 820 2260 ὡς
856 2197 1124 2267 μαρτυρεί
1159 2195 1272 2256 τοῖς
1296 2192 1474 2261 λόγοις
1502 2192 1535 2262 ή
1561 2189 1731 2261 ἀψευ-

163 2295 244 2366 δὴς
269 2295 356 2346 τοῦ
401 2290 546 2344 Θεοῦ
582 2289 816 2360 άπειλή’⁶
852 2285 934 2339 ὅτι
987 2288 1045 2340 ὲν
1146 2284 1212 2338 ἂν
1243 2283 1431 2354 ἡμέρᾳ
1482 2280 1590 2336 τῶν
1621 2283 1731 2333 ἁπ-

167 2383 538 2458 ηγορευμὲνων
563 2381 831 2451 ἅψωνται,
856 2376 1231 2448 ἀνυπερθέτως
1245 2373 1643 2446 συναφθήσεται
1664 2371 1732 2442 τῇ

168 2476 345 2548 βρώσει
367 2478 397 2528 6
429 2475 693 2536 θάνατος.
743 2467 940 2523 Διπλοῦ
961 2470 1019 2524 δὲ
1045 2468 1196 2531 ὄντος
1229 2465 1322 2521 τοῦ
1348 2462 1734 2537 άνθρωπ[ίν]ου

167 2568 574 2637 συγκράματος,
605 2560 952 2632 καταλλήλως
989 2557 1108 2614 καθ’
1141 2557 1398 2628 ἑκάτερον
1431 2555 1737 2624 ἐνεργεῖται

166 2662 191 2713 6
213 2661 454 2722 θάνατος,
513 2657 615 2726 τῆς
641 2652 836 2723 διπλῆς
866 2651 1011 2721 ζωῆς
1041 2647 1366 2718 ἐνεργούσης
1407 2644 1488 2716 τῷ
1520 2661 1740 2716 νεκρου-

171 2749 296 2819 μένῳ
319 2747 420 2818 τὴν
462 2745 749 2816 στέρησιν.
778 2739 1039 2811 Σὼματος
1077 2737 1175 2807 μὲν
1203 2739 1311 2808 γάρ
1338 2736 1454 2788 ἐστι
1491 2733 1736 2794 θάνατος,

167 2841 322 2910 ἡτῶν
353 2835 740 2907 αἰσθητηρίων
776 2831 961 2894 σϐέσις
984 2870 999 2894 ,
1031 2829 1128 2883 καὶ
1160 2830 1195 2900 ἠ
1229 2827 1367 2898 πρὸς
1392 2825 1459 2880 τὰ
1497 2824 1734 2894 συγγενῆ

175 2933 260 2986 τῶν
298 2930 593 3001 στοιχείων
623 2926 884 2986 διάλυσις.
937 2919 1111 2990 Ψυχὴ
1143 2919 1219 2984 δὲ,
1263 2918 1447 2988 φησὶν,
1477 2918 1514 2984 ἠ
1557 2917 1741 3001 ἀμαρέ

169 3000 443 3088 πίνουσα,
483 3017 648 3087 αὑτὴ
682 3012 1086 3072 ἀποθανεῖται.
1134 3009 1402 3081 Ἀμαρτία
1429 3008 1488 3062 δέ
1527 3010 1676 3061 ἐστιν

170 3115 251 3168 τοῦ
287 3113 420 3168 Θεοῦ
455 3111 856 3181 ἁλλοτρίωσις,
899 3106 958 3168 ὃς
998 3107 1146 3157 ἐστιν
1193 3103 1228 3173 ἡ
1271 3100 1496 3170 ἀληθινή
1539 3116 1600 3151 τε
1650 3098 1744 3150 καὶ

1827 1908 2217 1969 inobedientia,
2259 1907 2544 1963 electionis
2583 1907 2697 1962 sive
2736 1907 3055 1969 voluntatis,
3109 1921 3219 1960 non
3279 1920 3393 1960 cor-

1825 2001 1975 2070 poris
2011 2008 2294 2070 peecatum
2326 2008 2431 2054 est.
2459 1998 2684 2068 Propria
2729 2009 2813 2053 est
2849 2007 3029 2052 autem
3062 1997 3257 2051 animae
3286 1997 3398 2052 ele-

1828 2092 1958 2154 ctio,
2000 2106 2030 2144 a
2069 2105 2172 2160 qua
2223 2092 2402 2146 omnis
2459 2098 2669 2144 natura:
2715 2091 3000 2145 calamitas
3061 2090 3389 2159 principium

1830 2182 2041 2246 habuit,
2092 2190 2151 2236 ut
2205 2181 2390 2237 verbis
2423 2189 2654 2237 testatur
2691 2181 3113 2250 haudquaquam
3166 2179 3399 2234 mendax

1831 2271 1925 2327 Dei
1965 2272 2266 2337 minitatio,
2308 2271 2454 2342 quod
2501 2273 2556 2326 in
2591 2287 2699 2343 quo
2723 2271 2810 2326 die
2850 2271 3151 2341 prohibitos
3192 2271 3401 2325 fructus

1834 2365 2127 2436 tetigerint,
2164 2367 2284 2420 sine
2313 2365 2664 2420 cunctatione
2704 2364 2822 2419 esui
2875 2379 3026 2418 mors
3078 2363 3400 2418 cohaerebit.

1833 2455 1968 2512 Cum
1997 2467 2178 2513 autem
2208 2461 2281 2513 sit
2327 2456 2528 2527 duplex
2577 2455 2814 2510 hominis
2852 2454 3238 2526 compositum,
3271 2468 3404 2508 eon-

1835 2555 2091 2620 gruenter
2122 2549 2176 2602 in
2205 2556 2499 2618 utrumque
2539 2563 2688 2602 mors
2719 2547 2954 2617 duplicis
3019 2547 3141 2601 vita:
3176 2561 3404 2602 munere

1838 2641 2118 2709 iungentis
2147 2655 2251 2695 suo
2281 2639 2332 2696 ei
2362 2640 2457 2710 qui
2482 2639 2716 2693 moritur
2739 2639 3099 2709 privationem
3123 2646 3411 2706 aperatur:

1839 2731 2089 2800 corporis
2121 2730 2340 2800 quidem
2393 2745 2544 2786 mors
2596 2737 2703 2794 est,
2761 2744 3025 2785 sensuum
3076 2730 3409 2784 instrumen-

1841 2830 2018 2876 torum
2051 2823 2368 2885 exstinctio,
2397 2829 2450 2876 et
2486 2823 2540 2876 in
2576 2830 2802 2892 cognata
2849 2823 3117 2876 elementa
3170 2821 3407 2874 dissolu-

1842 2916 1938 2968 tio.
1969 2915 2162 2966 Am’ma
2194 2922 2402 2977 autem,
2437 2914 2630 2983 inquit,
2672 2930 2788 2984 qua:
2806 2915 3123 2982 peccaverit,
3153 2914 3267 2981 ipsa
3298 2929 3410 2966 mo-

1844 3008 2008 3060 rietur
2041 3007 2110 3058 '9.
2138 3005 2426 3061 Peccatum
2463 3013 2642 3060 autem
2676 3017 2761 3060 est
2808 3021 2836 3058 a
2870 3005 2980 3060 Deo
3008 3006 3282 3069 alienatio,
3314 3005 3408 3073 qui

1844 3107 1928 3152 est
1962 3112 2086 3150 vera
2117 3097 2344 3166 solaque
2374 3097 2504 3150 vita.
2533 3095 2729 3151 Multas
2764 3095 2930 3166 igitur
2959 3109 3226 3149 annorum
3282 3109 3411 3149 cen-

177 3209 296 3280 μόνη
323 3205 458 3276 ζωή.
506 3201 718 3257 Οὐκοῦν
749 3198 951 3261 πολλὰς
981 3195 1118 3249 ἐτῶν
1153 3192 1517 3254 ἑκατοντάδας
1538 3189 1738 3243 ἐπεϐίω

1844 3190 2019 3243 turias
2051 3195 2174 3258 post
2206 3187 2715 3257 praevaricationem
2760 3185 2987 3255 insuper
3038 3185 3173 3239 vixit
3229 3195 3413 3254 proto-

178 3300 296 3368 μετὰ
319 3297 418 3369 τὴν
459 3293 757 3365 παρακοὴν
786 3292 815 3343 ὁ
849 3287 1290 3360 πρωιτόπλαστος,
1309 3285 1421 3337 ἀλλ’
1442 3286 1470 3337 6
1490 3281 1621 3344 Θεὸς
1644 3281 1744 3333 οὐκ

176 3391 419 3460 ἐψεύσατο
463 3385 644 3440 εἰπών
668 3403 682 3416 ·
719 3385 816 3436 Ἐν
841 3377 882 3453 ᾖ
916 3380 991 3435 ἂν
1022 3378 1211 3448 ἡμέρᾳ
1236 3377 1480 3447 φάγητε,
1514 3374 1744 3436 θανάτῳ

177 3481 592 3536 ἀποθανεῖσθε.
628 3475 726 3529 Διὰ
753 3474 862 3542 γὰρ
891 3471 984 3524 τοῦ
1020 3468 1441 3540 ἀλλοτριωθῆναι
1466 3466 1625 3520 αὑτὸν
1649 3465 1747 3535 τῆς

177 3574 327 3636 (me;
355 3571 515 3641 ζωῆς
537 3608 554 3632 ,
599 3564 908 3636 αὐθημερὸν
952 3559 1203 3632 ἐκυρώθη
1233 3559 1352 3612 κατ’
1398 3557 1618 3626 αὐτοῦὴ
1653 3555 1744 3608 τοῦ

180 3667 386 3720 θανάτου
419 3662 728 3729 ἀπόφασις.
771 3656 923 3711 Μετὰ
967 3653 1140 3708 ταῦτα
1185 3653 1242 3705 δὲ
1276 3650 1487 3724 χρόνοις
1521 3647 1745 3718 ὕστερον

180 3755 261 3809 καὶ
280 3758 308 3809 6
333 3749 656 3826 σωματικδς
675 3730 753 3818 τῷ
787 3745 958 3825 Ἀδὰμ
982 3741 1383 3812 ἐπηκολούθησε
1408 3739 1651 3801 θάνατος.
1688 3739 1746 3790 Ὀ

180 3846 338 3900 τοίνυν
386 3845 486 3898 διὰ
531 3842 690 3895 τοῦτο
736 3838 927 3902 ἐλθὼν,
963 3839 1050 3890 ἵνα
1087 3834 1299 3907 ζητήσῃ
1352 3834 1446 3886 καὶ
1495 3831 1641 3900 σώσῃ
1689 3830 1748 3882 16

183 3935 463 3999 ἀπολωλὸς,
502 3933 640 4001 ὅπερ
673 3931 730 3982 ὲν
766 3931 831 4000 τῇ
863 3927 1149 3999 παραϐολῇ
1181 3927 1210 3978 6
1241 3923 1441 3993 ποιμὴν
1480 3920 1748 3991 πρόϐατον

183 4026 461 4096 ὀνομάζει·
504 4022 600 4076 καὶ
636 4020 880 4090 εὑρίσκει
913 4018 974 4071 τὸ
1022 4015 1300 4078 ἀπολωλὸς
1329 4055 1343 4080 ,
1379 4015 1472 4066 καὶ
1507 4011 1751 4080 ἀναλαμο

185 4116 320 4170 ϐάνει
350 4117 445 4169 ἐπὶ
487 4113 597 4166 τῶν
631 4112 774 4166 ἰδίων
801 4109 967 4180 ὤμων
996 4109 1114 4162 ὅλον
1144 4108 1205 4160 τὸ
1232 4105 1520 4176 πρόϐατον,
1556 4105 1614 4157 οὐ
1653 4103 1748 4174 μό-

184 4226 270 4278 νην
293 4208 389 4281 τὴν
420 4206 523 4260 τοῦ
561 4204 835 4276 προϐάτου
867 4202 1059 4272 δοράν·
1103 4203 1188 4254 ἵνα
1218 4201 1402 4270 ἄρτιον
1429 4199 1632 4270 ποιήσῃ
1659 4196 1750 4249 τὸν

185 4298 266 4352 τοῦ
294 4297 426 4352 Θεοῦ
454 4297 774 4367 ἄνθρωπον,
808 4293 894 4346 διὰ
923 4293 1100 4363 ψυχῆς
1123 4308 1182 4344 τε
1212 4292 1305 4343 καὶ
1342 4289 1591 4360 σώματος
1620 4289 1752 4340 ἁνα-

189 4391 442 4460 κραθέντα
480 4388 617 4460 πρὸς
647 4387 745 4459 τὴν
769 4385 1019 4453 θεότητα.
1054 4384 1162 4436 Καὶ
1190 4381 1361 4444 οὕτως
1389 4380 1538 4432 οὐδὲν
1569 4379 1751 4448 ἀφῆκε

190 4482 278 4550 τῆς
298 4482 518 4552 φύσεως
552 4477 708 4549 ἡμῶν
736 4476 764 4529 ὃ
793 4477 892 4530 ούκ
922 4474 1181 4528 ἀνέλαϐεν
1218 4475 1246 4526 6
1281 4472 1419 4526 κατὰ
1449 4471 1626 4524 πάντα
1656 4487 1753 4522 πε-

193 4572 508 4642 πειραμένος
543 4568 662 4621 καθ’
697 4566 988 4636 ὁμοιότητα
1013 4606 1024 4622 ,
1060 4564 1228 4634 χωρὶς
1262 4563 1554 4633 ἁμαρτίας.
1603 4561 1666 4613 Ἦ
1694 4560 1751 4614 δὲ

191 4664 319 4732 ψυχὴ
350 4660 604 4734 ἁμαρτία
636 4659 736 4712 οὐκ
775 4658 942 4721 ἐστιν,
968 4655 1104 4709 ἀλλὰ
1141 4654 1360 4724 δεκτικὴ
1386 4653 1658 4725 ἁμαρτίας
1695 4651 1755 4715 ἐξ

194 4755 436 4819 ἀϐουλίας
457 4753 681 4823 ἐγένετο
698 4791 712 4814 ,
740 4751 806 4821 ἣν
831 4749 919 4802 διὰ
945 4746 1104 4800 τοῦτο
1137 4746 1355 4814 ἁγιάζει
1393 4745 1482 4797 διὰ
1503 4744 1600 4814 τῆς
1623 4741 1758 4814 πρὸς

198 4848 368 4898 ἑαυτὸν
414 4845 779 4914 ἀνακράσεως
797 4859 811 4873 ο
841 4840 928 4892 ἴνα
953 4841 1020 4910 τῇ
1049 4839 1270 4909 ἀπαρχῇ
1308 4835 1427 4888 ὅλον
1452 4833 1757 4906 συναγιάσῃ

196 4939 249 4992 τὸ
268 4939 512 5009 φύραμα.
552 4931 628 4989 UB
659 4933 818 5005 χάριν
853 4932 946 4985 καὶ
970 4933 998 4984 6
1029 4929 1258 4998 ἄγγελος
1287 4927 1504 4998 μηνύων
1525 4924 1604 4996 τῷ
1643 4925 1758 4978 Ἰω-

201 5030 295 5100 σὴφ
315 5033 412 5100 τὴν
450 5030 560 5083 τῶν
591 5025 803 5097 ἐχθρῶν
845 5023 940 5076 τοῦ
984 5022 1189 5093 Κυρίου
1228 5019 1537 5084 ἀπώλειαν,
1565 5017 1754 5087 φησιν,

200 5121 270 5173 in
296 5119 670 5185 Τεθνήκασιν
691 5119 744 5170 οἱ
769 5114 1080 5182 ζητοῦντες
1109 5111 1224 5178 τὴν
1250 5108 1464 5179 ψυχὴν
1491 5107 1597 5162 τοῦ
1623 5121 1757 5159 παι-

201 5209 338 5264 δίου.
363 5210 476 5263 Καὶ
514 5211 543 5260 6
577 5205 782 5277 Κύριος
816 5203 952 5274 πρὸς
984 5202 1110 5264 τοὺς
1145 5200 1428 5262 Ἰουδαίους
1470 5197 1638 5266 λέγει,
1675 5196 1756 5248 ὅτι

201 5303 421 5370 Ζητεῖτέ
441 5318 511 5371 με
533 5297 901 5357 ἀποκτεῖναι,
927 5294 1242 5361 ἄνθρωπον
1261 5291 1328 5356 ὃς
1349 5289 1460 5357 τὴν
1472 5287 1760 5353 ἀλήθειαν

201 5393 330 5460 ὑμῖν
368 5391 712 5459 damnata;
765 5387 1083 5456 Ἀνθρωπος
1123 5383 1179 5436 δὲ
1227 5383 1287 5436 τὸ
1331 5381 1423 5434 τοῦ
1469 5378 1752 5450 ἀνθρώπου

206 5481 352 5549 σῶμα
369 5481 431 5532 ού
452 5480 689 5548 λέγεται,
715 5476 928 5530 ἀλλάτὸ
947 5474 1005 5541 ἐξ
1028 5471 1350 5546 ἀμφοτέρων
1381 5470 1757 5552 συγκείμενον.

206 5574 304 5625 Καὶ
333 5574 488 5626 πάλιν
524 5571 658 5643 φησι
685 5571 820 5642 πρὸς
853 5569 1072 5630 αὐτοὺς,
1102 5567 1183 5618 ὅτι
1221 5562 1374 5633 Ἐμοὶ
1395 5559 1634 5628 χολᾶτε,
1672 5559 1763 5614 ὅτι

272 5754 313 5785 ’³
354 5754 542 5809 Ezech.
574 5751 843 5816 “411,20.
920 5752 966 5784 ⁸ο
1008 5747 1171 5804 Hebr.
1213 5764 1284 5810 tv,
1331 5746 1419 5800 lii.

1846 3280 2053 3351 plastus
2083 3281 2266 3341 homo,
2310 3277 2405 3333 sed
2434 3277 2578 3332 Deus
2603 3292 2711 3332 non
2749 3286 2834 3333 est
2867 3277 3127 3332 mentitus
3159 3293 3282 3331 cum
3329 3277 3412 3331 di-

1847 3371 1927 3422 xit
1962 3385 1975 3421 :
2010 3368 2076 3422 In
2106 3386 2209 3438 qua
2236 3369 2318 3422 die
2346 3368 2698 3432 comederitis,
2735 3377 2899 3423 morte
2925 3370 3236 3422 moriemini.
3276 3368 3413 3422 Pro-

1847 3474 2028 3533 pterea
2055 3463 2205 3517 enim
2243 3463 2388 3532 quod
2422 3462 2692 3517 alienatus
2720 3461 2822 3515 fuit
2872 3469 2926 3515 et
2959 3475 3183 3515 aversus
3221 3463 3335 3529 ipse
3382 3476 3414 3514 a

1846 3570 1975 3609 vera
2008 3555 2118 3608 vita
2145 3595 2159 3618 ,
2191 3554 2309 3623 ipso
2352 3554 2440 3634 die
2486 3554 2697 3606 lirmata
2751 3561 2805 3607 et
2851 3561 2962 3606 rata
3026 3552 3124 3606 fuit
3155 3554 3413 3606 adversus

1847 3662 1970 3702 eum
2000 3646 2195 3701 mortis
2217 3646 2513 3701 sententia.
2536 3643 2734 3699 Postea
2769 3658 2900 3698 vero
2924 3644 3230 3698 labentibus
3258 3645 3417 3698 annis

1849 3752 1996 3791 mors
2017 3736 2319 3806 corporalis
2352 3735 2620 3788 Adamum
2647 3745 2942 3788 consecuta
2973 3741 3077 3788 est.
3110 3733 3212 3798 Qui
3252 3734 3418 3801 igitur

1848 3837 2074 3898 propter
2115 3829 2220 3881 hoc
2253 3827 2422 3889 venit,
2457 3833 2515 3878 ut
2545 3835 2816 3895 quaereret
2871 3835 2927 3879 et
2976 3833 3218 3878 servaret
3272 3823 3419 3894 quod

1851 3920 2110 3990 perierat,
2158 3918 2209 3972 id
2244 3920 2391 3988 quod
2427 3918 2482 3970 in
2516 3916 2776 3985 parabola
2826 3923 3014 3985 pastor
3045 3928 3198 3967 ovem
3239 3915 3417 3967 nomi-

1854 4020 1949 4064 nat
2001 4029 2014 4065 :
2047 4019 2101 4065 et
2136 4010 2342 4064 invenit
2373 4007 2514 4078 quod
2564 4007 2835 4076 perierat,
2880 4014 2934 4060 et
2983 4019 3148 4074 super
3180 4004 3421 4059 humeris

1851 4101 1965 4155 suis
1996 4107 2160 4153 totam
2191 4098 2425 4154 assumit
2457 4112 2636 4162 orent,
2668 4112 2779 4150 non
2811 4096 2984 4150 solam
3031 4095 3148 4149 ovis
3187 4095 3379 4164 pellem
3403 4134 3417 4148 .

1852 4201 1911 4245 ut
1938 4191 2206 4260 integrum
2246 4188 2337 4242 Dei
2375 4188 2652 4242 hominem
2688 4185 2938 4240 redderet
2971 4185 3154 4238 animo
3197 4192 3252 4237 et
3297 4199 3416 4238 eor-

1852 4295 1983 4351 pore
2014 4280 2080 4333 ad
2107 4279 2443 4334 divinitatem
2481 4283 2922 4346 retemperatum,
2953 4285 3006 4328 et.
3038 4276 3110 4327 ita
3159 4275 3291 4328 nihil
3326 4290 3424 4328 na-

1853 4381 1987 4426 tura:
2035 4377 2238 4424 nostra:
2268 4369 2496 4430 diutisit,
2535 4367 2680 4437 quod
2721 4381 2826 4419 non
2887 4364 2977 4418 ille
3037 4366 3422 4433 assumpserit,

1854 4460 1946 4531 qui
1979 4476 2074 4530 per
2097 4460 2279 4513 omnia
2319 4465 2560 4513 tentatus
2598 4464 2682 4512 est
2714 4471 2808 4526 per
2846 4454 3253 4510 similitudinem
3301 4457 3418 4511 abs-

1856 4568 1962 4622 que
1987 4561 2210 4623 peccato
2231 4552 2299 4604 ⁸ο.
2341 4551 2534 4604 Anima
2595 4558 2772 4604 autem
2835 4562 2947 4602 non
3001 4555 3081 4602 est
3119 4556 3425 4617 peccatum,

1857 4643 1951 4698 sed
1986 4644 2192 4712 peccati
2239 4657 2334 4712 per
2366 4640 2787 4711 imprudentiam
2848 4647 2901 4694 et
2934 4638 3148 4702 consilii
3191 4640 3425 4708 inopiam

1858 4748 2028 4804 capax
2074 4732 2215 4786 facta
2243 4739 2346 4796 est,
2393 4745 2556 4799 quam
2593 4737 2879 4798 propterea
2925 4741 3023 4796 per
3079 4726 3426 4797 temperatio-

1860 4841 1983 4878 nem
2017 4825 2132 4879 sive
2165 4823 2231 4877 ad
2269 4824 2511 4892 seipsum
2544 4820 2977 4890 assumptionetn
3013 4819 3338 4875 sanctiﬁcat,
3369 4823 3428 4868 ιιι

1861 4932 1958 4987 per
1983 4916 2253 4986 primitias
2284 4925 2450 4968 totam
2485 4913 2788 4969 sant-tilieet
2826 4926 3080 4965 massam.
3107 4908 3276 4977 Cujus
3304 4922 3428 4977 gra-

1859 5011 1931 5062 tia
1993 5008 2154 5062 etiam
2216 5008 2440 5076 angelus
2496 5005 2736 5075 Josepho
2799 5005 3145 5055 inimicorum
3217 5000 3428 5054 Domini

1857 5099 2124 5154 nuntians
2156 5099 2455 5160 interitum,
2490 5099 2586 5159 ait,
2618 5099 2761 5165 quod
2796 5094 2996 5148 Mortui
3020 5103 3139 5147 sunt
3173 5094 3262 5163 qui
3285 5107 3428 5161 qua:-

1861 5191 2044 5245 rebnnt
2082 5191 2315 5243 animum
2342 5190 2488 5256 pueri
2510 5189 2575 5243 ⁵η.
2616 5187 2678 5240 Et
2709 5188 2968 5239 Dominus
2999 5185 3062 5238 ad
3093 5184 3310 5238 ,Ιιιιιιεοε
3344 5183 3428 5236 di—

1864 5285 1976 5338 cit:
2011 5284 2259 5350 Quarritis
2297 5299 2374 5334 me
2411 5282 2718 5350 inter/icere,
2745 5281 3002 5332 hominem
3039 5279 3127 5347 qui
3160 5281 3430 5330 ueritatem

1860 5379 2063 5432 locutus
2095 5393 2208 5430 sum
2241 5375 2382 5428 vobis
2403 5375 2484 5426 "2’
2515 5375 2676 5427 homo
2712 5382 2890 5425 autem
2944 5369 3180 5423 hominis
3231 5382 3433 5436 corpus

1867 5486 1972 5524 non
2011 5470 2230 5533 dicitur,
2258 5467 2348 5520 sed
2382 5466 2525 5536 quod
2553 5481 2614 5520 ex
2647 5463 2913 5518 ambobus
2947 5469 3182 5516 constat.
3217 5459 3282 5512 Et
3335 5460 3435 5513 ite.

1867 5575 1988 5614 rum
2031 5559 2097 5612 ad
2129 5573 2224 5613 eos
2257 5557 2422 5612 dicit:
2445 5554 2600 5609 Mihi
2629 5555 2941 5609 succensetis
2981 5553 3104 5621 quia
3148 5560 3312 5605 totum
3340 5550 3435 5604 ho-

1495 5744 1534 5776 δ’
1582 5732 1767 5796 Matth.
1795 5757 1857 5799 tt.
1896 5741 1986 5794 ‘20.
2063 5740 2106 5772 ⁸³
2139 5737 2296 5794 Joan.
2319 5753 2434 5798 vut,
2459 5737 2551 5796 40.
