3922 6506
495 376 598 433 ιιι-ι

1766 367 1823 424 S.
1866 367 2191 425 GREGORII
2228 366 2518 426 NYSSENl

3648 371 3747 425 588

495 488 690 541 minem
738 501 927 540 sanum
959 485 1108 555 effeci
1139 484 1193 540 in
1216 484 1441 541 sabbato
1465 485 1534 541 ⁸³.
1573 486 1942 541 Manifestavit
1973 503 2067 541 au-

2174 488 2323 541 6.Ior
2348 487 2661 555 ἄνθρωπον
2690 486 2828 556 ὑγιῆ
2852 486 3113 555 ἐποίησα
3135 485 3206 541 ἐν
3227 483 3510 549 σαϐϐάτῳ
3533 526 3547 539 .
3594 487 3748 556 Ἐφαα

496 585 606 630 tem
665 576 836 631 totius
900 576 1136 632 hominis
1200 578 1505 643 notionem,
1572 580 1627 632 in
1666 578 1788 634 aliis
1850 577 2067 648 quidem

496 665 807 736 Evangeliis
863 667 930 722 ad
988 684 1114 723 eum
1166 670 1259 738 qui
1299 684 1397 739 per
1434 669 1690 724 lectulum
1727 671 1782 724 in
1829 670 2067 725 medium

496 758 711 813 laxatus
740 766 827 813 est
854 758 970 814 sive
1008 760 1305 824 demissus,
1339 776 1463 815 cum
1508 761 1681 815 dixit:
1716 761 2070 813 Dimittuntur

430 874 435 877 -
497 848 594 902 tibi
629 849 929 914 peccata“,
969 866 1091 919 quae
1150 851 1342 904 animae
1374 863 1458 906 est
1516 852 1747 905 sanatio.
1803 850 1868 903 Et
1916 850 2067 913 illud,

498 939 667 1010 Surge
716 949 767 993 et
814 941 1027 994 ambula
1065 942 1131 1007 ",
1189 944 1333 1012 quod
1368 942 1435 995 ad
1470 958 1690 996 carnem
1728 943 1970 1013 respicit.
2007 941 2071 995 Et

496 1032 551 1084 in
593 1030 890 1103 Evangelio
922 1034 1221 1087 secundum
1248 1032 1538 1099 Joannem,
1566 1042 1921 1105 posteaquam
1950 1050 2071 1089 cor-

496 1124 616 1194 pori
661 1124 950 1179 sanitatem
1013 1124 1183 1189 dedit,
1237 1126 1476 1179 animam
1539 1125 1703 1180 etiam
1760 1141 1793 1180 a
1850 1128 2071 1197 pr0prio

499 1214 688 1269 morbo
711 1215 977 1277 liberavit,
1011 1215 1067 1268 in
1112 1215 1313 1285 quibus
1347 1215 1479 1269 dicit
1511 1235 1524 1270 :
1576 1216 1754 1271 Sanus
1778 1217 1951 1286 factus
1993 1235 2068 1285 es,

499 1308 610 1361 noli
636 1307 859 1374 amplius
890 1323 1125 1375 peccare,
1155 1324 1219 1361 ne
1244 1309 1370 1378 quid
1402 1310 1495 1361 tibi
1518 1308 1747 1363 deterius
1771 1312 2067 1364 accidat“:

499 1401 625 1455 inde
660 1401 747 1454 ille
774 1407 1005 1469 utraque
1032 1408 1185 1469 parte
1218 1408 1444 1457 curatus
1473 1401 1601 1465 fuit,
1648 1402 1829 1455 animo
1866 1411 1919 1456 et
1946 1417 2070 1455 cor-

500 1507 648 1561 pore.
682 1488 772 1544 Sic
800 1490 963 1544 etiam
1004 1490 1066 1546 D.
1102 1489 1304 1545 Paulus
1335 1492 1430 1557 ait,
1474 1500 1538 1545 ut
1584 1491 1722 1545 duos
1761 1501 1971 1545 crearet
2016 1493 2069 1546 in

498 1582 681 1652 seipso
711 1582 765 1635 in
794 1597 995 1635 novum
1029 1582 1326 1637 hominem.
1365 1580 1431 1634 Et
1467 1581 1547 1635 sic
1590 1581 1642 1634 in
1676 1589 1921 1651 tempore
1947 1597 2073 1652 pas-

499 1672 672 1727 sionis
711 1672 978 1742 praedicit,
1014 1687 1169 1726 suam
1219 1673 1455 1725 animam
1512 1672 1818 1727 voluntarie
1869 1688 1897 1726 a
1952 1688 2074 1727 cor-

2171 578 2373 649 νέρωσε
2403 578 2459 630 δὲ
2492 578 2554 630 τὸ
2598 576 2693 630 τοῦ
2739 577 2861 630 ὅλου
2896 577 3115 648 νόημα,
3167 579 3223 629 ὲν
3273 576 3377 646 μὲν
3412 578 3530 638 τοῖς
3579 575 3749 637 ἄλλοις

2171 668 2560 737 Εὑαγγελίοις,
2598 669 2733 739 πρὸς
2764 669 2853 722 τὸν
2881 668 2970 723 διὰ
3019 670 3121 739 τῆς
3160 668 3349 739 κλίνης
3392 667 3455 720 ἐν
3487 666 3568 737 τῷ
3611 666 3750 737 μέσῳ

2171 760 2576 831 κεχαλασμένον
2604 759 2794 824 εἰπὼν,
2827 759 3149 829 Ἀφέωνταί
3189 773 3302 813 σου
3336 761 3403 813 αὶ
3433 759 3709 828 ἁμαρτίαι
3732 775 3745 787 ·

2172 855 2307 925 ὅπερ
2341 852 2524 923 ψυχῆς
2549 854 2695 905 ἐστιν
2722 853 2864 914 ἴασις
2883 869 2896 882 ·
2931 850 3025 904 καὶ
3049 852 3130 903 ὅτι
3165 852 3433 918 Ἔτειραι
3472 848 3575 900 καὶ
3600 863 3751 914 περι-

2172 943 2370 996 πάτειο
2426 944 2563 1013 ὅπερ
2584 944 2661 1005 είς
2694 942 2792 1012 τὴν
2828 941 3004 1009 σάρκα.
3049 939 3253 1009 βλέπει.
3307 940 3402 990 Ἐν
3430 938 3487 990 δὲ
3518 937 3596 1006 τῷ
3618 936 3749 990 κατὰ

2184 1035 2472 1104 Ἰωάννην,
2505 1034 2644 1105 μετὰ
2686 1034 2748 1086 τὸ
2793 1034 2974 1087 δουναι
3021 1031 3120 1102 τὴν
3163 1031 3379 1098 ὑγίειαν
3422 1029 3503 1101 τῷ
3546 1028 3749 1100 σώματι

2173 1128 2267 1178 καὶ
2298 1126 2393 1195 τὴν
2425 1125 2601 1196 ψυχὴν
2634 1124 3002 1195 ἐλευθερώσας
3035 1124 3132 1194 τῆς
3178 1122 3313 1185 ἰδίας
3353 1122 3543 1185 νόσου,
3578 1123 3637 1173 ὲν
3673 1119 3747 1184 οἷς

2174 1233 2359 1284 φησιν,
2387 1216 2468 1268 ὅτι
2502 1214 2701 1283 ’Υγιὴς
2734 1213 3004 1283 γέγονας,
3025 1210 3237 1281 μηκέτι
3266 1209 3581 1278 ἁμάρτανε
3604 1224 3619 1238 ⁸
3672 1210 3751 1259 ὲν·

2177 1306 2364 1359 τεῡθεν
2389 1308 2416 1358 ὁ
2441 1307 2507 1360 δι’
2542 1306 2865 1377 ἀμφοτέρων
2894 1301 3385 1374 τεθεραπευμένος.
3416 1300 3476 1353 ἐν
3510 1299 3655 1369 ψυχῇ
3692 1317 3746 1350 τε

2173 1398 2314 1466 λέγω
2349 1400 2441 1451 καὶ
2473 1397 2707 1467 σώματι.
2749 1396 2905 1450 Οὕτω
2934 1396 3041 1466 γάρ
3072 1411 3204 1464 φησι
3252 1393 3346 1445 καὶ
3384 1391 3635 1455 Παῦλος,
3668 1392 3747 1442 ἵνα

2173 1493 2299 1554 τοὺς
2334 1490 2425 1544 δύο
2470 1491 2629 1565 κτίσῃ
2668 1491 2726 1543 ὲν
2765 1489 2943 1560 ἑαυτῷ
2976 1491 3055 1551 είς
3094 1488 3190 1540 ἕνα
3221 1485 3412 1538 καινὸν
3444 1482 3742 1552 ἄνθρωπον.

2176 1583 2283 1635 Καὶ
2323 1581 2493 1646 οὕτως
2521 1584 2580 1637 ὲν
2623 1583 2701 1651 τῷ
2750 1581 2927 1651 καιρῷ
2965 1579 3057 1634 τοῦ
3108 1579 3314 1641 πάθους
3356 1576 3653 1647 προλέγει,
3693 1576 3747 1627 τδ

2175 1674 2433 1737 ἑκουσίως
2464 1675 2763 1744 ἀποστῆναι
2795 1674 2891 1743 τὴν
2920 1670 3114 1726 ἑαυτοῦ
3143 1670 3322 1741 ψυχὴν
3354 1668 3468 1721 ἀπὸ
3490 1667 3585 1721 τοῦ
3621 1666 3742 1720 ἰδίου

498 1776 629 1833 pore
658 1764 878 1832 proprio
904 1761 1206 1824 discedere,
1225 1762 1411 1816 dicens
1435 1759 1660 1815 :Nultus
1685 1763 1820 1816 tollit
1840 1765 2067 1816 animam

2177 1763 2444 1834 σώματος,
2477 1764 2651 1833 λέγων
2672 1779 2684 1792 ·
2712 1763 2921 1827 Οὐδεὶς
2940 1763 3090 1829 αἴρει
3117 1760 3232 1828 τὴν
3254 1758 3479 1827 ψυχήν
3500 1775 3621 1826 μου
3650 1757 3743 1811 ἀπ’

499 1870 671 1907 meam
710 1870 744 1907 a
765 1870 844 1907 me
869 1867 888 1905 :
911 1853 1000 1908 sed
1024 1870 1113 1923 ego
1142 1870 1277 1923 pono
1309 1854 1477 1922 ipsam
1505 1871 1535 1907 a
1566 1856 1757 1922 meipso
1783 1871 1801 1908 :
1836 1866 2067 1923 potesta-

2173 1831 2339 1924 έμὸῡο
2366 1857 2502 1910 ἀλλ’
2524 1831 2637 1925 ἐγὼ
2661 1857 2852 1924 τίθημι
2874 1854 3069 1921 αὐτὴν
3092 1853 3192 1907 ἀπ’
3226 1848 3519 1921 ἐμαυτοῦ.
3561 1848 3743 1913 Ὲξου-

499 1956 601 2000 tem
622 1945 784 1999 habeo
805 1946 1029 2014 ponendi
1046 1946 1280 1999 animam
1313 1961 1482 1999 meam
1511 1956 1557 1999 et
1580 1956 1888 2014 potestatem
1908 1950 2070 2001 habeo

500 2042 687 2091 iterum
720 2055 835 2092 eam
867 2037 1106 2092 sumendi
1128 2038 1194 2091 ⁸⁷.
1220 2039 1395 2108 Atque
1421 2040 1584 2093 etiam
1615 2038 1876 2108 propheta
1905 2037 2070 2094 David

495 2129 799 2185 secundum
840 2131 1021 2200 magni
1057 2129 1201 2184 Petri
1246 2131 1746 2201 interpretationem
1792 2131 1846 2184 in
1892 2131 2069 2201 ipsum

501 2222 841 2290 prospiciens
876 2222 1052 2275 dixit:
1098 2220 1220 2274 Non
1254 2220 1577 2289 derelinques
1626 2222 1861 2275 animam
1903 2239 2071 2276 meam

496 2310 552 2361 in
588 2308 828 2376 inferno,
882 2324 1041 2376 neque
1079 2306 1230 2362 dabis
1271 2317 1511 2362 sanctum
1543 2316 1693 2362 tuum
1746 2307 1919 2362 videre
1962 2326 2074 2363 cor-

497 2401 790 2469 ruptionem
813 2400 880 2453 3“.
939 2398 1030 2454 Sic
1065 2400 1312 2469 apostolo
1349 2398 1507 2455 Petro
1546 2399 1765 2455 eﬂ'atum
1808 2400 2073 2470 interpre-

497 2500 703 2545 tantem
726 2491 796 2553 ⁸⁸,
849 2491 996 2561 quod
1032 2506 1209 2561 neque
1241 2490 1424 2544 anima
1477 2491 1597 2561 ejus
1641 2492 1835 2546 relicta
1884 2499 1967 2547 est
2017 2491 2068 2546 in

496 2581 750 2637 inferno:
806 2597 982 2650 neque
1036 2596 1164 2634 caro
1219 2580 1392 2650 ipsius
1450 2580 1583 2634 vidit
1641 2582 2067 2651 corruptionem.

496 2672 629 2726 Nam
668 2672 926 2725 divinitas
961 2678 1016 2724 et
1073 2680 1198 2725 ante
1254 2685 1499 2737 carnem,
1541 2678 1595 2725 et
1653 2672 1706 2725 in
1768 2688 1952 2737 carne,
2014 2679 2067 2726 et

496 2773 619 2837 post
661 2764 971 2836 passionem
1022 2761 1211 2818 eodem
1269 2768 1430 2817 modo
1484 2778 1542 2818 se
1578 2762 1759 2826 habet,
1818 2772 1872 2819 et
1925 2764 2069 2834 quod

492 2864 612 2914 erat
643 2866 838 2912 natura
873 2871 1087 2924 semper
1112 2863 1217 2919 est,
1266 2862 1320 2908 et
1355 2855 1407 2907 in
1462 2862 1726 2909 teternum
1769 2862 2065 2924 permanet.

494 2948 555 3004 ln
612 2951 867 3020 passione
925 2957 1104 3001 autem
1149 2948 1402 3001 humana:
1442 2955 1688 3011 naturae,
1753 2962 1851 3017 pro
1910 2949 2069 3001 nobis

493 3041 957 3111 dispensationem
1018 3039 1274 3108 explevit,
1340 3038 1577 3091 animam
1631 3037 1698 3091 ad
1760 3047 1975 3109 tempus
2039 3054 2067 3091 a

2170 1949 2317 2002 σίαν
2352 1947 2473 2018 ἔχω
2514 1949 2700 2002 θεῖναι
2733 1947 2848 2015 τὴν
2893 1945 3106 2016 ψυχήν
3132 1962 3281 2014 μου,
3317 1942 3421 1996 καὶ
3464 1941 3743 2005 ἐξουσίαι·

2170 2040 2287 2109 ἕχω
2324 2039 2512 2093 πάλιν
2549 2038 2757 2093 λαϐεῖν
2793 2038 3011 2105 αὑτήν.
3062 2037 3221 2090 Ἀλλὰ
3263 2037 3361 2090 καὶ
3406 2037 3435 2088 ό
3468 2033 3741 2103 προφήτης

2171 2129 2333 2184 Δαϐὶδ
2357 2129 2499 2184 κατά
2525 2130 2623 2201 τὴν
2665 2129 2959 2201 ἑρμηνείαν
2994 2128 3087 2181 τοῦ
3124 2128 3364 2199 μεγάλου
3410 2126 3641 2196 Πέτρου,
3668 2124 3739 2185 εἰς

2171 2221 2334 2274 αὑτὸν
2375 2220 2758 2294 προορώμενος
2790 2216 2960 2283 εἶπεν,
3004 2221 3083 2272 ὅτι
3131 2221 3249 2272 Οὐκ
3288 2216 3741 2287 ἐγκαταλείψεις

2170 2312 2286 2379 τὴν
2312 2312 2523 2381 ψυχήν
2560 2329 2672 2376 μου
2697 2314 2783 2376 είς
2816 2309 2999 2377 ᾅδην,
3027 2308 3168 2363 οὐδὲ
3197 2308 3419 2373 δώσεις
3444 2307 3553 2361 τόν
3579 2306 3741 2359 ὅσιόν

2170 2419 2286 2458 σου
2323 2404 2469 2458 ιδεῖν
2501 2402 2827 2473 διαφθοράν
2850 2419 2863 2432 ·
2907 2401 3048 2455 οὕτω
3074 2399 3167 2454 τοῦ
3198 2399 3503 2453 ἀποστόλου
3537 2397 3736 2466 Πέτρου

2169 2497 2230 2549 τὸ
2257 2495 2419 2567 ῥητὸν
2452 2494 2916 2566 ὲρμηνεύσαντος,
2950 2493 3030 2546 ὅτι
3063 2490 3185 2544 οὔτε
3220 2493 3253 2561 ἡ
3280 2490 3433 2561 ψυχὴ
3469 2489 3631 2542 αὐτοῦ
3662 2490 3736 2555 ἑγο

2171 2587 2496 2657 κατελείφθη
2534 2589 2612 2647 εἰς
2653 2583 2744 2636 τὸν
2779 2584 2933 2654 ᾅδην,
2992 2581 3114 2635 οὔτε
3157 2583 3190 2651 ἡ
3226 2580 3366 2652 σὰρξ
3419 2578 3586 2633 αὑτοῦ
3640 2573 3734 2630 εἶδε

2173 2678 2568 2749 διαφθοράν.Ἥ
2599 2677 2706 2747 γὰρ
2733 2676 2919 2745 θεότης
2968 2677 3054 2731 καὶ
3092 2675 3197 2746 πρὸ
3225 2673 3326 2743 τῆς
3364 2672 3569 2743 σαρκὸς
3593 2710 3608 2734 ,
3650 2671 3735 2722 καὶ

2170 2773 2227 2823 ἐν
2263 2773 2328 2839 τῇ
2366 2769 2529 2839 σαρκὶ
2555 2809 2569 2831 ,
2603 2769 2694 2821 καὶ⁹
2728 2768 2865 2838 μετά
2893 2770 2954 2821 τὸ
2986 2766 3157 2831 πάθος
3195 2768 3280 2820 ἀεὶ
3322 2765 3588 2827 ὡσαύτως
3613 2762 3731 2832 ἔχει,

2169 2863 2196 2914 ὃ
2220 2858 2286 2933 ἦν
2308 2864 2373 2932 τῇ
2400 2861 2559 2930 φύσει
2590 2860 2818 2914 πάντοτε
2847 2856 2980 2912 οὖσα
3032 2859 3125 2913 καὶ
3160 2861 3235 2924 εἰς
3273 2860 3361 2912 ἀεὶ
3395 2858 3729 2927 διαμένουσα.

2183 2954 2269 3005 Ἐν
2300 2952 2355 3005 δὲ
2380 2951 2457 3021 τῷ
2495 2952 2651 3005 πάθει
2688 2950 2789 3019 τῆς
2821 2948 3168 3021 ἀνθρωπίνης
3196 2950 3439 3017 φύσεως,
3476 2946 3574 3017 τὴν
3606 2943 3733 3013 ὑπὲρ

2168 3046 2326 3117 ἡμῶν
2364 3044 2674 3115 οἰκονομίαν
2716 3042 3002 3112 ἐπλήρωσε
3027 3080 3042 3105 ,
3079 3039 3408 3106 διαζεύξασα
3436 3036 3535 3109 τὴν
3570 3033 3733 3104 ψυχὴν

494 3148 725 3205 corpore
767 3133 1089 3203 disjungens
1130 3150 1142 3185 :
1181 3131 1274 3187 sed
1316 3147 1346 3185 a
1384 3139 1582 3186 neutro
1641 3140 1893 3201 separata
1952 3138 2063 3195 est,

2172 3138 2305 3209 πρὸς
2329 3136 2518 3206 καιρὸν
2551 3137 2613 3188 ὲκ
2639 3134 2732 3187 τοῦ
2766 3133 3015 3204 σώματος
3038 3171 3052 3196 ,
3080 3129 3418 3201 χωρισθεῖσα
3452 3128 3509 3180 δὲ
3531 3124 3729 3221 οὐδετέ-

493 3226 585 3281 cui
616 3225 782 3282 semel
821 3230 1231 3293 contemperata
1261 3231 1367 3277 est.
1411 3221 1473 3274 Et
1502 3222 1697 3276 iterum
1748 3222 1939 3276 dissita
1975 3236 2068 3274 co-

494 3319 723 3390 pulavit.
757 3316 834 3370 lta
872 3325 931 3369 ut
962 3315 1411 3383 consequentiam
1446 3323 1498 3367 et
1532 3313 1857 3382 principium
1907 3313 2068 3367 dede-

496 3410 572 3462 rit
601 3406 751 3462 omni
790 3407 1041 3459 humana:
1065 3412 1276 3457 natura:
1303 3404 1726 3457 resurrectionis
1757 3420 1784 3456 a
1818 3404 2065 3469 moztuis,

497 3510 557 3554 ut
591 3506 766 3553 totum
799 3497 942 3567 quod
981 3504 1065 3550 cst
1102 3495 1461 3562 corruptibile
1486 3494 1674 3547 induat
1705 3496 2070 3564 incorruptioo

498 3607 643 3655 nem,
671 3598 725 3644 et
778 3588 923 3658 quod
967 3588 1196 3641 mortale
1255 3595 1340 3641 est
1382 3587 1844 3640 immortalitatem
1866 3588 1933 3641 ³⁸.
1962 3586 2068 3640 Pri-

498 3683 666 3737 mitiis
702 3680 910 3735 nostris
946 3695 1040 3749 per
1076 3678 1524 3749 temperationem
1561 3694 1683 3733 cum
1710 3678 1817 3732 Deo
1849 3679 1902 3732 in
1932 3678 2069 3732 divi-

497 3789 623 3830 nam
685 3783 932 3827 naturam
990 3770 1436 3825 translermatis:
1479 3769 1622 3824 sicut
1679 3769 1815 3823 dixit
1873 3767 2067 3823 Petrus

383 3883 387 3885 ‘
484 3870 630 3940 quod
662 3862 939 3916 Dominum
977 3862 1147 3926 ipsum
1172 3868 1219 3912 et
1249 3858 1519 3912 Christum
1570 3858 1692 3928 fecit
1754 3858 1892 3913 Deus
1932 3859 2069 3912 hunc

495 3961 664 4027 ipsum
684 3955 887 4017 Iesum,
916 3971 1066 4024 quem
1101 3971 1187 4007 vos
1221 3952 1363 4005 cruci
1394 3952 1664 4022 suﬁixistis
1683 3954 1751 4018 ⁹¹;
1793 3953 2068 4022 multaque

492 4066 561 4106 ex
590 4048 900 4118 Evangeliis
946 4047 1009 4099 ad
1043 4045 1411 4100 defensionem
1470 4044 1633 4113 hujus
1676 4044 1951 4115 opinionis
2015 4053 2069 4097 ct

495 4141 780 4197 sententiae
828 4153 1041 4193 sumere
1100 4152 1413 4207 possumus.
1472 4137 1756 4202 Quomodo
1806 4135 2068 4191 Dominus

492 4249 592 4305 per
623 4230 827 4285 Christi
859 4229 1249 4284 humanitatem
1284 4227 1545 4282 mundum
1588 4227 1689 4280 sibi
1729 4226 1832 4295 ipsi
1871 4240 2067 4280 recon-

493 4326 709 4387 cilians,
745 4325 936 4376 animm
969 4331 1022 4376 et
1059 4322 1276 4391 corpori
1313 4319 1633 4374 beneﬁcium
1675 4334 1737 4372 ex
1774 4333 1832 4373 se
1888 4317 2068 4389 profc-

494 4426 641 4468 ctum
683 4413 993 4467 hominibus
1032 4411 1404 4481 dispertiendo
1437 4411 1647 4475 tribuit,
1716 4409 1905 4464 volens
1940 4410 2065 4479 qui-

493 4505 615 4559 dem
647 4518 741 4573 per
770 4503 1029 4565 animam,
1066 4503 1342 4571 attingens
1364 4514 1493 4555 vero
1525 4515 1619 4569 per
1670 4514 1865 4569 corpus
1900 4518 1913 4554 :

492 4603 639 4651 esset
669 4607 1133 4662 supervacaneum
1174 4590 1354 4645 omnia
1392 4600 1809 4661 persequentem
1846 4591 2063 4645 confer-

495 4694 606 4739 tam
642 4683 1131 4736 turbam.oratione
1161 4697 1477 4751 congerere.

565 4774 700 4829 Illud
740 4786 918 4828 autem
962 4787 1085 4826 cum
1146 4773 1308 4827 dictis
1366 4773 1638 4841 adjecero,
1711 4773 1775 4827 ad
1840 4789 1902 4828 ea
1942 4789 2064 4843 qua:

491 4866 748 4935 deinceps
804 4872 1106 4933 sequuntur
1156 4879 1412 4933 pergam:
1465 4862 1746 4917 Dissolvite
1807 4865 2058 4933 templum

489 4953 585 5006 hoc
608 4960 656 5005 et
694 4952 835 5003 intra
867 4963 968 5005 tres
994 4951 1104 5005 dies
1128 4950 1367 5005 excitabo
1402 4952 1653 5019 ipsum".
1692 4952 2060 5019 Quemadmo-

490 5044 620 5097 dum
660 5058 757 5098 nos
784 5059 880 5112 per
914 5044 1152 5096 animam
1183 5050 1236 5099 et
1268 5059 1486 5112 corpus,
1513 5048 1771 5115 templum
1798 5046 2062 5101 eﬂicimur

490 5135 584 5189 Dei
628 5134 680 5188 in
710 5135 867 5189 nobis
896 5135 1192 5190 habitantis
1224 5147 1276 5191 et
1306 5138 1736 5193 inambulantis:
1774 5140 1853 5194 sic
1896 5140 2057 5194 etiam

491 5223 752 5278 Dominus
778 5224 1038 5293 templum
1073 5225 1337 5289 nominat,
1393 5229 1534 5297 quod
1563 5244 1625 5283 ex
1661 5236 1891 5298 utroque
1922 5243 2059 5283 con-

489 5316 675 5369 tlatum
706 5326 810 5381 est,
844 5317 1001 5386 cujus
1028 5319 1225 5374 solutio
1258 5321 1452 5374 animm
1479 5337 1507 5373 a
1555 5336 1787 5390 corpore
1816 5322 2058 5376 dissolu—

492 5409 693 5462 tionem
719 5407 1011 5475 signiﬁcat.
1046 5410 1200 5476 Quod
1229 5413 1273 5466 si
1306 5411 1583 5482 Evangelii
1634 5428 1820 5467 vocem
1882 5412 2061 5483 profe-

490 5508 633 5566 rant,
678 5500 743 5555 Et
789 5502 1007 5556 Verbum
1064 5518 1188 5555 caro
1243 5505 1441 5573 factum
1481 5504 1652 5575 est”,
1695 5504 1850 5578 quasi
1912 5505 2059 5559 nulla

2173 3246 2264 3300 ρου
2302 3222 2346 3296 ᾧ
2384 3226 2534 3291 ἅπαξ
2571 3224 2979 3297 συνανεκράθη,
3030 3223 3125 3275 καὶ
3160 3221 3321 3275 πάλιν
3370 3220 3440 3272 τὰ
3484 3215 3728 3271 διεστῶτα

2172 3319 2458 3389 συνάψασα
2477 3359 2491 3382 ,
2532 3318 2674 3371 ὥστε
2703 3317 3023 3372 ἀκολουθίαν
3054 3315 3146 3368 καὶ
3179 3313 3354 3386 ἀρχὴν
3383 3312 3565 3366 δοῦναι
3593 3308 3727 3376 πάσῃ

2170 3415 2237 3482 τῇ
2263 3411 2580 3482 ἀνθρωπίνῃ
2616 3410 2773 3479 φύσει
2800 3411 2895 3480 τῆς
2920 3411 2982 3461 ἐκ
3006 3406 3213 3479 νεκρῶν
3245 3405 3625 3464 ἀναστάσεως·
3652 3400 3726 3452 ἵνα

2167 3504 2229 3557 τὸ
2256 3503 2491 3574 φθαρτὸν
2516 3502 2661 3556 ἆπαν
2689 3502 2971 3572 ἐνδύσηται
3000 3498 3324 3569 ἀφθαρσίαν,
3356 3498 3449 3551 καὶ
3476 3495 3534 3549 τὸ
3553 3490 3727 3562 θνητὸν

2169 3595 2267 3664 τὴν
2297 3594 2596 3648 ἀθανασίαν
2619 3609 2635 3624 ⁴
2661 3596 2759 3663 τῆς
2791 3592 3047 3663 ἀπαρχῆς
3071 3590 3225 3660 ἡμῶν
3251 3589 3338 3642 διὰ
3371 3589 3471 3658 τῆς
3498 3584 3625 3656 πρὸς
3645 3582 3725 3633 τὸν

2169 3689 2301 3742 Θεὸν
2340 3687 2696 3759 ἀνακράσεως
2764 3687 2844 3750 είς
2880 3685 3028 3738 θείαν
3059 3684 3219 3752 φύσιν
3252 3678 3720 3752 μεταποιηθείσης⁶

2170 3778 2351 3843 καθὼς
2378 3775 2529 3832 εἶπεν
2562 3781 2589 3832 ὁ
2624 3778 2830 3851 Πέτρος
2849 3818 2864 3842 ,
2897 3778 2979 3829 ὅτι
3010 3777 3225 3845 Κύριον
3255 3773 3441 3827 αὑτὸν
3472 3769 3568 3824 καὶ
3597 3768 3721 3836 Χρι⁸

2168 3872 2320 3926 στὸν
2367 3871 2658 3939 ἐποίησεν
2688 3872 2720 3923 ό
2778 3869 2954 3935 Θεὸς,
2993 3868 3211 3921 τοῦτον
3238 3866 3345 3920 τὸν
3409 3860 3633 3930 Ἰησοῦν
3654 3857 3719 3910 ὃν

2168 3963 2335 4032 ὑμεῖς
2357 3962 2778 4030 ἐσταυρώσατε
2798 3976 2813 3992 ⁸
2841 3960 2936 4014 καὶ
2960 3958 3129 4013 πολλὰ
3160 3957 3254 4010 τοῦ
3276 3955 3517 4010 τοιούτου
3536 3952 3721 4019 δόγμα-

2166 4072 2258 4118 τος
2318 4056 2382 4107 ἐκ
2406 4054 2515 4108 τῶν
2550 4054 2720 4122 ἁγίων
2755 4051 3106 4122 Εὑαγγελίων
3142 4051 3285 4103 ἔστιν
3312 4050 3394 4113 εἰς
3428 4041 3716 4116 συμμαχίαν

2166 4144 2373 4198 λαϐεῖν·
2407 4145 2523 4209 πῶς
2548 4147 2576 4198 ὁ
2607 4144 2811 4216 Κύριος
2838 4144 2914 4215 τῷ
2948 4143 3090 4198 κατά
3117 4143 3350 4215 Χριστὸν
3384 4135 3710 4209 ἀνθρωπίνῳ.

2166 4234 2254 4287 τὸν
2283 4235 2484 4304 κόσμον
2522 4232 2693 4303 ἐαυτῷ
2726 4233 3115 4286 καταλλάσσων
3135 4273 3149 4297 ,
3178 4230 3471 4302 ὲπεμέρισε
3500 4230 3563 4297 τῇ
3585 4223 3712 4293 ψυχῇ

2165 4342 2223 4376 τε
2255 4324 2346 4376 καὶ
2378 4323 2455 4394 τῷ
2474 4323 2681 4394 σώματι
2714 4323 2809 4394 τὴν
2850 4325 2979 4393 παρ’
2998 4322 3161 4376 αὐτοῦ
3183 4322 3473 4393 γινομένην
3512 4318 3617 4378 τοῖς
3633 4314 3714 4366 ἀν’

2168 4411 2408 4483 θρώποις
2437 4412 2784 4484 εὐεργεσίανο
2822 4412 2992 4465 θέλων
3028 4411 3128 4481 μὲν
3156 4410 3245 4463 διὰ
3269 4410 3371 4479 τῆς
3411 4406 3599 4479 ψυχῆς,
3636 4402 3711 4466 ἐφ’

1969 4500 2060 4554 sed
2097 4504 2139 4557 D
2169 4505 2469 4575 απτόμενος
2500 4505 2556 4558 δὲ
2578 4504 2665 4558 διὰ
2688 4504 2781 4557 τοῦ
2810 4504 3086 4574 σώματος·
3118 4502 3250 4557 ἀλλὰ
3276 4499 3522 4573 περιττὸν
3550 4495 3610 4549 ἂν
3636 4489 3708 4557 εἴη

2172 4597 2348 4651 πάντα
2375 4596 2636 4661 διεξιόντα
2661 4636 2677 4661 ,
2712 4597 2866 4668 ὄχλον
2890 4597 3203 4665 ἐπεισάγειν
3225 4594 3303 4664 τῷ
3327 4594 3487 4663 λόγῳ.

2250 4772 2454 4825 Ἐκεῖνο
2485 4772 2541 4826 δὲ
2580 4774 2691 4836 τοῖς
2720 4772 3030 4844 εἰρημένοις
3059 4770 3138 4825 ἔτι
3173 4768 3434 4842 προσθεὶς
3454 4806 3468 4831 ,
3499 4762 3622 4833 πρὸς
3650 4754 3706 4808 τὰ

2166 4865 2362 4936 ἐφεξῆς
2394 4864 2791 4935 μεταόήσομαι’
2818 4865 3053 4917 Λύσατε
3071 4862 3177 4915 τὸν
3201 4861 3351 4916 ναὸν
3369 4858 3590 4914 τοῦτον,
3623 4845 3704 4901 καὶ

2166 4958 2235 5009 ἐυν
2262 4957 2460 5024 τρισὶν
2496 4957 2740 5026 ἡμέραις
2771 4957 2951 5027 ἐγερῶ
2979 4956 3180 5009 αὐτόν.
3227 4956 3434 5023 Ὥσπερ
3460 4947 3604 5019 ἡμεῖς
3631 4936 3704 4992 διὰ

2165 5048 2340 5118 ψυχῆς
2382 5049 2475 5101 καὶ
2524 5047 2771 5118 σώματος
2828 5049 2953 5111 ναὸς
2987 5045 3249 5117 γινόμεθα
3278 5045 3369 5098 τοῦ
3404 5035 3703 5096 ἐνοικοῦντος

2169 5141 2225 5191 ὲν
2264 5141 2396 5210 ἡμῖν
2426 5139 2519 5191 καὶ¹
2563 5138 3063 5211 ὲμπεριπατοῦντος
3091 5176 3104 5200 ,
3137 5135 3308 5198 οὕτως
3345 5134 3437 5187 καὶ
3470 5133 3496 5182 ὁ
3526 5123 3702 5193 Κύριος

2166 5230 2289 5283 ναὸν
2321 5230 2575 5301 ὀνομάζει
2604 5230 2664 5282 τὸ
2697 5228 3123 5300 συναμφότερον,
3156 5220 3217 5280 οὗ
3257 5230 3289 5296 ὴ
3327 5226 3474 5286 λύσις
3504 5220 3592 5288 τὴν
3616 5211 3700 5279 τῆς

2165 5322 2343 5393 ψυχῆς
2368 5325 2434 5375 ἐκ
2459 5323 2551 5376 τοῦ
2582 5321 2831 5392 σώματος
2864 5320 3117 5391 σημαίνει
3142 5318 3399 5373 διάλυσιν.
3428 5316 3488 5368 Εἰ
3512 5312 3561 5364 δὲ
3584 5320 3697 5375 προσ

2163 5412 2383 5482 φέρουσι
2417 5413 2514 5482 τὴν
2558 5412 2650 5464 τοῦ
2691 5409 3025 5478 Εὑαγγελίου
3076 5409 3278 5480 φωνὴν,
3324 5409 3406 5462 ὅτι
3442 5406 3502 5457 '0
3530 5398 3696 5463 Λόγος

2162 5503 2317 5572 σὰρξ
2360 5504 2630 5574 ἐγένετο,
2670 5503 2746 5568 ὡς
2793 5503 2881 5557 διὰ
2920 5502 3012 5557 τοῦ
3058 5503 3133 5575 μὴ
3186 5489 3693 5573 συμμνημονευθῆναι

560 5700 606 5731 ’³
634 5697 793 5771 Joan.
827 5715 920 5763 vn,
948 5699 1018 5771 20
1049 5715 1171 5771 sqq.
1245 5700 1289 5733 “
1317 5701 1505 5755 Matth.
1535 5718 1611 5760 Ix,
1635 5701 1690 5756 2.
1767 5701 1812 5731 ⁸⁸
1847 5698 1977 5754 Luc.
2004 5714 2055 5761 ν,

2180 5714 2313 5771 ειιίιο,
2379 5696 2828 5771 “Joan.v,14.i
2874 5701 2918 5732 ⁸⁷
2957 5697 3305 5771 Joan._x,18.
3381 5696 3423 5729 ⁸⁸
3456 5685 3586 5746 Psal.
3612 5690 3686 5738 xv,

490 5768 579 5825 10.
654 5770 699 5802 ⁸⁸
730 5771 851 5823 Act.
890 5784 948 5835 Il,
986 5770 1074 5824 i7.
1100 5768 1108 5771 ’
1135 5768 1198 5803 ’³⁸
1242 5773 1257 5827 l
1288 5774 1413 5827 Cor.
1444 5789 1528 5835 xv,
1569 5772 1655 5825 55.
1733 5772 1774 5803 ⁸³
1807 5771 1927 5825 Act.
1961 5770 2067 5835 ",2

2213 5772 2256 5801 θ’
2289 5768 2443 5822 Joan.
2474 5784 2535 5833 ll,
2569 5771 2652 5825 19.
2728 5773 2773 5803 ⁹²
2807 5770 2964 5825 Joan.
3003 5786 3040 5835 I,
3084 5768 3167 5824 Η.
