  <div class='ocr_page' id='page_1' title='image "/cluster/home/n/w/nwhite01/storage/ocr_20150623/45/hvd.32044019826437/282.png"; bbox 0 0 3922 6464; ppageno 0'>
   <div class='ocr_carea' id='block_1_1' title="bbox 233 329 325 384">
    <p class='ocr_par' dir='ltr' id='par_1_1' title="bbox 233 329 325 384">
     <span class='ocr_line' id='line_1_1' title="bbox 233 329 325 384; baseline -0.022 0"><span class='ocrx_word' id='word_1_1' title='bbox 233 329 325 384; x_wconf 69' lang='lat'><strong>519</strong></span> 
     </span>
    </p>
   </div>
   <div class='ocr_carea' id='block_1_2' title="bbox 1353 328 2314 402">
    <p class='ocr_par' dir='ltr' id='par_1_2' title="bbox 1353 328 2314 402">
     <span class='ocr_line' id='line_1_2' title="bbox 1353 328 2314 402; baseline 0.004 -15"><span class='ocrx_word' id='word_1_2' title='bbox 1353 328 1628 387; x_wconf 72' lang='lat' dir='ltr'><strong>CONTRA</strong></span> <span class='ocrx_word' id='word_1_3' title='bbox 1658 331 2044 402; x_wconf 81' lang='lat' dir='ltr'><strong>EUNOMIUM,</strong></span> <span class='ocrx_word' id='word_1_4' title='bbox 2083 335 2208 392; x_wconf 87' lang='lat' dir='ltr'><strong>LIB.</strong></span> <span class='ocrx_word' id='word_1_5' title='bbox 2251 336 2314 394; x_wconf 86' lang='lat' dir='ltr'><strong>ll.</strong></span> 
     </span>
    </p>
   </div>
   <div class='ocr_carea' id='block_1_3' title="bbox 3363 341 3467 398">
    <p class='ocr_par' dir='ltr' id='par_1_3' title="bbox 3363 341 3467 398">
     <span class='ocr_line' id='line_1_3' title="bbox 3363 341 3467 398; baseline 0.029 -3"><span class='ocrx_word' id='word_1_6' title='bbox 3363 341 3467 398; x_wconf 78' lang='lat'><strong>550</strong></span> 
     </span>
    </p>
   </div>
   <div class='ocr_carea' id='block_1_4' title="bbox 230 437 1768 527">
    <p class='ocr_par' dir='ltr' id='par_1_4' title="bbox 230 437 1766 519">
     <span class='ocr_line' id='line_1_4' title="bbox 230 437 1766 519; baseline 0.005 -25"><span class='ocrx_word' id='word_1_7' title='bbox 230 441 311 494; x_wconf 81' lang='grc' dir='ltr'><strong>καί</strong></span> <span class='ocrx_word' id='word_1_8' title='bbox 330 437 422 510; x_wconf 76' lang='grc' dir='ltr'><strong>τήν</strong></span> <span class='ocrx_word' id='word_1_9' title='bbox 440 439 639 510; x_wconf 66' lang='grc' dir='ltr'>ψυχὴν,</span> <span class='ocrx_word' id='word_1_10' title='bbox 658 441 1158 507; x_wconf 71' lang='grc' dir='ltr'><strong>κατασκευάζεσθαι</strong></span> <span class='ocrx_word' id='word_1_11' title='bbox 1174 442 1234 496; x_wconf 73' lang='grc' dir='ltr'><strong>τὸ</strong></span> <span class='ocrx_word' id='word_1_12' title='bbox 1252 445 1454 516; x_wconf 66' lang='grc' dir='ltr'>ἄψυχον</span> <span class='ocrx_word' id='word_1_13' title='bbox 1472 448 1766 519; x_wconf 72' lang='grc' dir='ltr'><strong>ἀνειλῆφθαι</strong></span> 
     </span>
    </p>
   </div>
   <div class='ocr_carea' id='block_1_5' title="bbox 1872 437 3462 527">
    <p class='ocr_par' dir='ltr' id='par_1_5' title="bbox 1894 453 3462 527">
     <span class='ocr_line' id='line_1_5' title="bbox 1894 453 3462 527; baseline 0.006 -22"><span class='ocrx_word' id='word_1_14' title='bbox 1894 453 2089 508; x_wconf 70' lang='lat' dir='ltr'><strong>anima:</strong></span> <span class='ocrx_word' id='word_1_15' title='bbox 2120 453 2259 507; x_wconf 87' lang='lat' dir='ltr'><strong>facta</strong></span> <span class='ocrx_word' id='word_1_16' title='bbox 2298 456 2834 521; x_wconf 74' lang='lat' dir='ltr'><strong>commemoratione,</strong></span> <span class='ocrx_word' id='word_1_17' title='bbox 2859 470 2990 512; x_wconf 90' lang='lat' dir='ltr'><strong>caro</strong></span> <span class='ocrx_word' id='word_1_18' title='bbox 3018 457 3213 513; x_wconf 74' lang='lat' dir='ltr'><strong>anima:</strong></span> <span class='ocrx_word' id='word_1_19' title='bbox 3265 472 3462 527; x_wconf 72' lang='lat' dir='ltr'><strong>eXpers</strong></span> 
     </span>
    </p>
   </div>
   <div class='ocr_carea' id='block_1_6' title="bbox 226 530 1789 612">
    <p class='ocr_par' dir='ltr' id='par_1_6' title="bbox 226 530 1789 612">
     <span class='ocr_line' id='line_1_6' title="bbox 226 530 1789 612; baseline 0.008 -31"><span class='ocrx_word' id='word_1_20' title='bbox 226 530 311 600; x_wconf 74' lang='grc' dir='ltr'>τὴν</span> <span class='ocrx_word' id='word_1_21' title='bbox 351 531 571 601; x_wconf 86' lang='grc' dir='ltr'>σάρκα·</span> <span class='ocrx_word' id='word_1_22' title='bbox 620 533 940 603; x_wconf 77' lang='grc' dir='ltr'><strong>μαθέτωσαν</strong></span> <span class='ocrx_word' id='word_1_23' title='bbox 977 536 1057 588; x_wconf 86' lang='grc' dir='ltr'>ὃτι</span> <span class='ocrx_word' id='word_1_24' title='bbox 1109 535 1336 606; x_wconf 81' lang='grc' dir='ltr'>σύνηθές</span> <span class='ocrx_word' id='word_1_25' title='bbox 1383 541 1499 592; x_wconf 81' lang='grc' dir='ltr'>ἐστι</span> <span class='ocrx_word' id='word_1_26' title='bbox 1548 542 1613 611; x_wconf 82' lang='grc' dir='ltr'>τῇ</span> <span class='ocrx_word' id='word_1_27' title='bbox 1660 543 1789 612; x_wconf 70' lang='grc' dir='ltr'>ἁγίᾳ</span> 
     </span>
    </p>
   </div>
   <div class='ocr_carea' id='block_1_7' title="bbox 224 623 1789 706">
    <p class='ocr_par' dir='ltr' id='par_1_7' title="bbox 224 623 1789 706">
     <span class='ocr_line' id='line_1_7' title="bbox 224 623 1789 706; baseline 0.008 -31"><span class='ocrx_word' id='word_1_28' title='bbox 224 624 397 695; x_wconf 72' lang='grc' dir='ltr'>Γραφῇ</span> <span class='ocrx_word' id='word_1_29' title='bbox 476 623 557 695; x_wconf 83' lang='grc' dir='ltr'>τῷ</span> <span class='ocrx_word' id='word_1_30' title='bbox 585 626 739 694; x_wconf 79' lang='grc' dir='ltr'>μέρει</span> <span class='ocrx_word' id='word_1_31' title='bbox 766 627 1304 699; x_wconf 79' lang='grc' dir='ltr'>συμπεριλαμϐάνειν</span> <span class='ocrx_word' id='word_1_32' title='bbox 1331 631 1390 683; x_wconf 87' lang='grc' dir='ltr'><strong>τὸ</strong></span> <span class='ocrx_word' id='word_1_33' title='bbox 1415 630 1552 685; x_wconf 87' lang='grc' dir='ltr'>ὅλον.</span> <span class='ocrx_word' id='word_1_34' title='bbox 1595 634 1653 686; x_wconf 88' lang='lat'><strong>&#39;0</strong></span> <span class='ocrx_word' id='word_1_35' title='bbox 1680 635 1789 706; x_wconf 81' lang='grc' dir='ltr'>γὰρ</span> 
     </span>
    </p>
   </div>
   <div class='ocr_carea' id='block_1_8' title="bbox 220 718 1788 795">
    <p class='ocr_par' dir='ltr' id='par_1_8' title="bbox 220 718 1788 795">
     <span class='ocr_line' id='line_1_8' title="bbox 220 718 1788 795; baseline 0.006 -27"><span class='ocrx_word' id='word_1_36' title='bbox 220 719 393 779; x_wconf 80' lang='grc' dir='ltr'>είπὼν,</span> <span class='ocrx_word' id='word_1_37' title='bbox 433 718 517 770; x_wconf 85' lang='grc' dir='ltr'><strong>ὄτι</strong></span> <span class='ocrx_word' id='word_1_38' title='bbox 548 718 704 785; x_wconf 81' lang='grc' dir='ltr'>Πρὸς</span> <span class='ocrx_word' id='word_1_39' title='bbox 740 720 816 771; x_wconf 85' lang='grc' dir='ltr'>σὲ</span> <span class='ocrx_word' id='word_1_40' title='bbox 847 718 1014 773; x_wconf 77' lang='grc' dir='ltr'>πᾶσα</span> <span class='ocrx_word' id='word_1_41' title='bbox 1060 722 1217 788; x_wconf 76' lang='grc' dir='ltr'>σὰρξ</span> <span class='ocrx_word' id='word_1_42' title='bbox 1251 722 1381 789; x_wconf 79' lang='grc' dir='ltr'>ἥξει</span> <span class='ocrx_word' id='word_1_43' title='bbox 1408 765 1423 787; x_wconf 91' lang='grc'><strong>,</strong></span> <span class='ocrx_word' id='word_1_44' title='bbox 1464 726 1522 776; x_wconf 77' lang='grc' dir='ltr'>οὺ</span> <span class='ocrx_word' id='word_1_45' title='bbox 1562 742 1788 795; x_wconf 83' lang='grc' dir='ltr'>κεχωρι-</span> 
     </span>
    </p>
   </div>
   <div class='ocr_carea' id='block_1_9' title="bbox 220 808 1786 886">
    <p class='ocr_par' dir='ltr' id='par_1_9' title="bbox 220 808 1786 886">
     <span class='ocr_line' id='line_1_9' title="bbox 220 808 1786 886; baseline 0.006 -27"><span class='ocrx_word' id='word_1_46' title='bbox 220 808 411 878; x_wconf 83' lang='grc' dir='ltr'>σμένην</span> <span class='ocrx_word' id='word_1_47' title='bbox 438 809 551 861; x_wconf 81' lang='grc' dir='ltr'><strong>τῶν</strong></span> <span class='ocrx_word' id='word_1_48' title='bbox 584 809 773 879; x_wconf 69' lang='grc' dir='ltr'>ψυχῶν</span> <span class='ocrx_word' id='word_1_49' title='bbox 812 811 911 881; x_wconf 82' lang='grc' dir='ltr'><strong>τὴν</strong></span> <span class='ocrx_word' id='word_1_50' title='bbox 962 812 1142 881; x_wconf 85' lang='grc' dir='ltr'>σάρκα</span> <span class='ocrx_word' id='word_1_51' title='bbox 1192 813 1340 881; x_wconf 81' lang='grc' dir='ltr'>λέγει</span> <span class='ocrx_word' id='word_1_52' title='bbox 1372 814 1450 884; x_wconf 84' lang='grc' dir='ltr'>τῷ</span> <span class='ocrx_word' id='word_1_53' title='bbox 1479 814 1644 886; x_wconf 79' lang='grc' dir='ltr'>Κριτῇ</span> <span class='ocrx_word' id='word_1_54' title='bbox 1680 834 1786 869; x_wconf 87' lang='grc' dir='ltr'>πα·-</span> 
     </span>
    </p>
   </div>
   <div class='ocr_carea' id='block_1_10' title="bbox 217 899 1782 975">
    <p class='ocr_par' dir='ltr' id='par_1_10' title="bbox 217 899 1782 975">
     <span class='ocr_line' id='line_1_10' title="bbox 217 899 1782 975; baseline 0.006 -25"><span class='ocrx_word' id='word_1_55' title='bbox 217 899 589 967; x_wconf 78' lang='grc' dir='ltr'>ραστήσεσθαι.</span> <span class='ocrx_word' id='word_1_56' title='bbox 632 901 743 953; x_wconf 74' lang='grc' dir='ltr'><strong>Καὶ</strong></span> <span class='ocrx_word' id='word_1_57' title='bbox 778 900 871 953; x_wconf 92' lang='grc' dir='ltr'><strong>τὸν</strong></span> <span class='ocrx_word' id='word_1_58' title='bbox 911 901 1102 953; x_wconf 82' lang='grc' dir='ltr'>Ἰακὼϐ</span> <span class='ocrx_word' id='word_1_59' title='bbox 1136 905 1191 954; x_wconf 81' lang='grc' dir='ltr'>ἐν</span> <span class='ocrx_word' id='word_1_60' title='bbox 1219 904 1588 975; x_wconf 81' lang='grc' dir='ltr'>ἑϐδομήκοντα</span> <span class='ocrx_word' id='word_1_61' title='bbox 1623 907 1782 959; x_wconf 82' lang='grc' dir='ltr'>πέντε</span> 
     </span>
    </p>
   </div>
   <div class='ocr_carea' id='block_1_11' title="bbox 212 988 1784 1068">
    <p class='ocr_par' dir='ltr' id='par_1_11' title="bbox 212 988 1784 1068">
     <span class='ocr_line' id='line_1_11' title="bbox 212 988 1784 1068; baseline 0.007 -28"><span class='ocrx_word' id='word_1_62' title='bbox 212 988 394 1058; x_wconf 71' lang='grc' dir='ltr'>ψυχαῖς</span> <span class='ocrx_word' id='word_1_63' title='bbox 421 991 521 1043; x_wconf 77' lang='grc' dir='ltr'><strong>ἐπὶ</strong></span> <span class='ocrx_word' id='word_1_64' title='bbox 560 991 660 1060; x_wconf 75' lang='grc' dir='ltr'><strong>τὴν</strong></span> <span class='ocrx_word' id='word_1_65' title='bbox 683 993 955 1060; x_wconf 80' lang='grc' dir='ltr'>Αἴγυπτον</span> <span class='ocrx_word' id='word_1_66' title='bbox 990 996 1302 1048; x_wconf 77' lang='grc' dir='ltr'>καταϐάντα</span> <span class='ocrx_word' id='word_1_67' title='bbox 1336 997 1487 1068; x_wconf 78' lang='grc' dir='ltr'>παρὰ</span> <span class='ocrx_word' id='word_1_68' title='bbox 1508 997 1605 1067; x_wconf 80' lang='grc' dir='ltr'><strong>τῆς</strong></span> <span class='ocrx_word' id='word_1_69' title='bbox 1642 1000 1784 1051; x_wconf 86' lang='grc' dir='ltr'>ίστο-</span> 
     </span>
    </p>
   </div>
   <div class='ocr_carea' id='block_1_12' title="bbox 212 1080 1782 1159">
    <p class='ocr_par' dir='ltr' id='par_1_12' title="bbox 212 1080 1782 1159">
     <span class='ocr_line' id='line_1_12' title="bbox 212 1080 1782 1159; baseline 0.005 -26"><span class='ocrx_word' id='word_1_70' title='bbox 212 1083 321 1151; x_wconf 86' lang='grc' dir='ltr'>ρίας</span> <span class='ocrx_word' id='word_1_71' title='bbox 353 1080 714 1146; x_wconf 79' lang='grc' dir='ltr'>ἀκούσαντες,</span> <span class='ocrx_word' id='word_1_72' title='bbox 760 1083 854 1135; x_wconf 81' lang='grc' dir='ltr'>καὶ</span> <span class='ocrx_word' id='word_1_73' title='bbox 902 1085 1001 1153; x_wconf 84' lang='grc' dir='ltr'><strong>τὴν</strong></span> <span class='ocrx_word' id='word_1_74' title='bbox 1042 1086 1220 1156; x_wconf 83' lang='grc' dir='ltr'>σάρκα</span> <span class='ocrx_word' id='word_1_75' title='bbox 1272 1089 1409 1156; x_wconf 87' lang='grc' dir='ltr'><strong>μετά</strong></span> <span class='ocrx_word' id='word_1_76' title='bbox 1438 1088 1546 1141; x_wconf 83' lang='grc' dir='ltr'>τῶν</span> <span class='ocrx_word' id='word_1_77' title='bbox 1594 1089 1782 1159; x_wconf 82' lang='grc' dir='ltr'>ψυχῶν</span> 
     </span>
    </p>
   </div>
   <div class='ocr_carea' id='block_1_13' title="bbox 209 1170 1775 1249">
    <p class='ocr_par' dir='ltr' id='par_1_13' title="bbox 209 1170 1775 1249">
     <span class='ocr_line' id='line_1_13' title="bbox 209 1170 1775 1249; baseline 0.005 -25"><span class='ocrx_word' id='word_1_78' title='bbox 209 1173 533 1241; x_wconf 60' lang='grc' dir='ltr'>ὲνοήσαμενυ</span> <span class='ocrx_word' id='word_1_79' title='bbox 557 1171 745 1236; x_wconf 70' lang='grc' dir='ltr'>Οὕτως</span> <span class='ocrx_word' id='word_1_80' title='bbox 776 1170 869 1227; x_wconf 81' lang='grc' dir='ltr'><strong>οὖν</strong></span> <span class='ocrx_word' id='word_1_81' title='bbox 904 1176 996 1227; x_wconf 77' lang='grc' dir='ltr'><strong>καὶ</strong></span> <span class='ocrx_word' id='word_1_82' title='bbox 1018 1177 1045 1227; x_wconf 93' lang='lat'><strong>6</strong></span> <span class='ocrx_word' id='word_1_83' title='bbox 1074 1176 1245 1243; x_wconf 80' lang='grc' dir='ltr'>Λόγος</span> <span class='ocrx_word' id='word_1_84' title='bbox 1275 1177 1411 1249; x_wconf 81' lang='grc' dir='ltr'>σὰρξ</span> <span class='ocrx_word' id='word_1_85' title='bbox 1451 1179 1739 1248; x_wconf 86' lang='grc' dir='ltr'>γενόμενος</span> <span class='ocrx_word' id='word_1_86' title='bbox 1761 1219 1775 1243; x_wconf 94' lang='grc'><strong>,</strong></span> 
     </span>
    </p>
   </div>
   <div class='ocr_carea' id='block_1_14' title="bbox 205 1263 1779 1339">
    <p class='ocr_par' dir='ltr' id='par_1_14' title="bbox 205 1263 1779 1339">
     <span class='ocr_line' id='line_1_14' title="bbox 205 1263 1779 1339; baseline 0.006 -24"><span class='ocrx_word' id='word_1_87' title='bbox 205 1266 318 1332; x_wconf 77' lang='grc' dir='ltr'>ὃλην</span> <span class='ocrx_word' id='word_1_88' title='bbox 348 1263 491 1331; x_wconf 85' lang='grc' dir='ltr'><strong>μετά</strong></span> <span class='ocrx_word' id='word_1_89' title='bbox 522 1264 621 1333; x_wconf 84' lang='grc' dir='ltr'>τῆς</span> <span class='ocrx_word' id='word_1_90' title='bbox 659 1266 861 1334; x_wconf 82' lang='grc' dir='ltr'>σαρκὸς</span> <span class='ocrx_word' id='word_1_91' title='bbox 896 1265 993 1335; x_wconf 78' lang='grc' dir='ltr'><strong>τὴν</strong></span> <span class='ocrx_word' id='word_1_92' title='bbox 1024 1267 1374 1339; x_wconf 77' lang='grc' dir='ltr'>ἀνθρωπίνην</span> <span class='ocrx_word' id='word_1_93' title='bbox 1414 1270 1642 1323; x_wconf 86' lang='grc' dir='ltr'>ἀνέλαϐε</span> <span class='ocrx_word' id='word_1_94' title='bbox 1679 1271 1779 1339; x_wconf 78' lang='grc' dir='ltr'><strong>φύ-</strong></span> 
     </span>
    </p>
   </div>
   <div class='ocr_carea' id='block_1_15' title="bbox 206 1352 1776 1431">
    <p class='ocr_par' dir='ltr' id='par_1_15' title="bbox 206 1352 1776 1431">
     <span class='ocr_line' id='line_1_15' title="bbox 206 1352 1776 1431; baseline 0.008 -29"><span class='ocrx_word' id='word_1_95' title='bbox 206 1369 294 1403; x_wconf 86' lang='grc' dir='ltr'>σιν.</span> <span class='ocrx_word' id='word_1_96' title='bbox 328 1352 494 1403; x_wconf 79' lang='grc' dir='ltr'>ὐθεν</span> <span class='ocrx_word' id='word_1_97' title='bbox 523 1354 618 1405; x_wconf 76' lang='grc' dir='ltr'>καὶ</span> <span class='ocrx_word' id='word_1_98' title='bbox 646 1354 703 1406; x_wconf 85' lang='grc' dir='ltr'><strong>τὸ</strong></span> <span class='ocrx_word' id='word_1_99' title='bbox 734 1358 922 1425; x_wconf 76' lang='grc' dir='ltr'>πεινῆν</span> <span class='ocrx_word' id='word_1_100' title='bbox 949 1356 1043 1408; x_wconf 69' lang='grc' dir='ltr'><strong>καὶ</strong></span> <span class='ocrx_word' id='word_1_101' title='bbox 1062 1357 1122 1409; x_wconf 91' lang='grc' dir='ltr'><strong>τὸ</strong></span> <span class='ocrx_word' id='word_1_102' title='bbox 1145 1357 1323 1428; x_wconf 64' lang='grc' dir='ltr'>διψῇν,</span> <span class='ocrx_word' id='word_1_103' title='bbox 1352 1359 1449 1411; x_wconf 78' lang='grc' dir='ltr'>καὶ</span> <span class='ocrx_word' id='word_1_104' title='bbox 1498 1361 1557 1412; x_wconf 90' lang='grc' dir='ltr'><strong>τὸ</strong></span> <span class='ocrx_word' id='word_1_105' title='bbox 1578 1361 1776 1431; x_wconf 79' lang='grc' dir='ltr'>δειλιᾷν</span> 
     </span>
    </p>
   </div>
   <div class='ocr_carea' id='block_1_16' title="bbox 202 1440 1772 1514">
    <p class='ocr_par' dir='ltr' id='par_1_16' title="bbox 202 1440 1772 1514">
     <span class='ocr_line' id='line_1_16' title="bbox 202 1440 1772 1514; baseline 0.004 -21"><span class='ocrx_word' id='word_1_106' title='bbox 202 1441 285 1493; x_wconf 69' lang='grc' dir='ltr'><strong>καὶ</strong></span> <span class='ocrx_word' id='word_1_107' title='bbox 313 1440 373 1493; x_wconf 87' lang='grc' dir='ltr'><strong>τὸ</strong></span> <span class='ocrx_word' id='word_1_108' title='bbox 395 1442 711 1509; x_wconf 74' lang='grc' dir='ltr'>φοϐεῖσθαι,</span> <span class='ocrx_word' id='word_1_109' title='bbox 742 1445 836 1495; x_wconf 72' lang='grc' dir='ltr'><strong>καὶ</strong></span> <span class='ocrx_word' id='word_1_110' title='bbox 864 1444 923 1496; x_wconf 86' lang='grc' dir='ltr'><strong>τὸ</strong></span> <span class='ocrx_word' id='word_1_111' title='bbox 946 1445 1254 1514; x_wconf 79' lang='grc' dir='ltr'>ἐπιθυμεῖν,</span> <span class='ocrx_word' id='word_1_112' title='bbox 1278 1448 1369 1499; x_wconf 79' lang='grc' dir='ltr'><strong>καὶ</strong></span> <span class='ocrx_word' id='word_1_113' title='bbox 1390 1447 1450 1499; x_wconf 86' lang='grc' dir='ltr'><strong>τὸ</strong></span> <span class='ocrx_word' id='word_1_114' title='bbox 1474 1448 1772 1511; x_wconf 76' lang='grc' dir='ltr'>καθεύδειν,</span> 
     </span>
    </p>
   </div>
   <div class='ocr_carea' id='block_1_17' title="bbox 201 1532 1774 1608">
    <p class='ocr_par' dir='ltr' id='par_1_17' title="bbox 201 1532 1774 1608">
     <span class='ocr_line' id='line_1_17' title="bbox 201 1532 1774 1608; baseline 0.006 -23"><span class='ocrx_word' id='word_1_115' title='bbox 201 1536 282 1586; x_wconf 74' lang='grc' dir='ltr'>καὶ</span> <span class='ocrx_word' id='word_1_116' title='bbox 311 1532 372 1586; x_wconf 81' lang='grc' dir='ltr'><strong>τὸ</strong></span> <span class='ocrx_word' id='word_1_117' title='bbox 415 1534 807 1605; x_wconf 81' lang='grc' dir='ltr'>ταράττεσθαι,</span> <span class='ocrx_word' id='word_1_118' title='bbox 840 1535 933 1587; x_wconf 70' lang='grc' dir='ltr'><strong>καὶ</strong></span> <span class='ocrx_word' id='word_1_119' title='bbox 973 1536 1031 1588; x_wconf 92' lang='grc' dir='ltr'><strong>τὸ</strong></span> <span class='ocrx_word' id='word_1_120' title='bbox 1059 1536 1335 1608; x_wconf 77' lang='grc' dir='ltr'>δακρύειν,</span> <span class='ocrx_word' id='word_1_121' title='bbox 1374 1539 1463 1590; x_wconf 80' lang='grc' dir='ltr'><strong>καὶ</strong></span> <span class='ocrx_word' id='word_1_122' title='bbox 1496 1539 1671 1594; x_wconf 84' lang='grc' dir='ltr'>πάντα</span> <span class='ocrx_word' id='word_1_123' title='bbox 1708 1542 1774 1593; x_wconf 84' lang='grc' dir='ltr'><strong>τὰ</strong></span> 
     </span>
    </p>
   </div>
   <div class='ocr_carea' id='block_1_18' title="bbox 199 1625 1770 1704">
    <p class='ocr_par' dir='ltr' id='par_1_18' title="bbox 199 1625 1770 1704">
     <span class='ocr_line' id='line_1_18' title="bbox 199 1625 1770 1704; baseline 0.001 -23"><span class='ocrx_word' id='word_1_124' title='bbox 199 1625 411 1681; x_wconf 84' lang='grc' dir='ltr'>τοιαῦτα</span> <span class='ocrx_word' id='word_1_125' title='bbox 437 1625 710 1692; x_wconf 79' lang='grc' dir='ltr'>γίνεσθαι,</span> <span class='ocrx_word' id='word_1_126' title='bbox 744 1628 802 1677; x_wconf 80' lang='grc' dir='ltr'>ὲν</span> <span class='ocrx_word' id='word_1_127' title='bbox 838 1626 986 1696; x_wconf 81' lang='grc' dir='ltr'><strong>αὑτῷ</strong></span> <span class='ocrx_word' id='word_1_128' title='bbox 1012 1626 1194 1697; x_wconf 88' lang='grc' dir='ltr'>χώραν</span> <span class='ocrx_word' id='word_1_129' title='bbox 1226 1628 1404 1698; x_wconf 78' lang='grc' dir='ltr'>ἔσχεν,</span> <span class='ocrx_word' id='word_1_130' title='bbox 1453 1628 1575 1682; x_wconf 75' lang='grc' dir='ltr'>οὔτε</span> <span class='ocrx_word' id='word_1_131' title='bbox 1605 1630 1713 1702; x_wconf 83' lang='grc' dir='ltr'>γὰρ</span> <span class='ocrx_word' id='word_1_132' title='bbox 1738 1635 1770 1704; x_wconf 82' lang='grc' dir='ltr'>ή</span> 
     </span>
    </p>
   </div>
   <div class='ocr_carea' id='block_1_19' title="bbox 1892 543 3464 618">
    <p class='ocr_par' dir='ltr' id='par_1_19' title="bbox 1892 543 3464 618">
     <span class='ocr_line' id='line_1_19' title="bbox 1892 543 3464 618; baseline 0.006 -22"><span class='ocrx_word' id='word_1_133' title='bbox 1892 550 2170 612; x_wconf 90' lang='lat' dir='ltr'><strong>assumpta</strong></span> <span class='ocrx_word' id='word_1_134' title='bbox 2198 543 2384 611; x_wconf 90' lang='lat' dir='ltr'><strong>fuerit,</strong></span> <span class='ocrx_word' id='word_1_135' title='bbox 2418 544 2635 599; x_wconf 90' lang='lat' dir='ltr'><strong>discant</strong></span> <span class='ocrx_word' id='word_1_136' title='bbox 2667 546 2718 599; x_wconf 88' lang='lat' dir='ltr'><strong>id</strong></span> <span class='ocrx_word' id='word_1_137' title='bbox 2767 561 2938 602; x_wconf 75' lang='lat' dir='ltr'><strong>sacra:</strong></span> <span class='ocrx_word' id='word_1_138' title='bbox 2973 546 3270 618; x_wconf 59' lang='lat' dir='ltr'><strong>Scriptura:</strong></span> <span class='ocrx_word' id='word_1_139' title='bbox 3301 551 3464 606; x_wconf 88' lang='lat' dir='ltr'><strong>fami-</strong></span> 
     </span>
    </p>
   </div>
   <div class='ocr_carea' id='block_1_20' title="bbox 1890 633 3459 709">
    <p class='ocr_par' dir='ltr' id='par_1_20' title="bbox 1890 633 3459 709">
     <span class='ocr_line' id='line_1_20' title="bbox 1890 633 3459 709; baseline 0.006 -23"><span class='ocrx_word' id='word_1_140' title='bbox 1890 633 2024 689; x_wconf 91' lang='lat' dir='ltr'><strong>liare</strong></span> <span class='ocrx_word' id='word_1_141' title='bbox 2043 650 2187 699; x_wconf 81' lang='lat' dir='ltr'><strong>esse,</strong></span> <span class='ocrx_word' id='word_1_142' title='bbox 2223 644 2377 705; x_wconf 89' lang='lat' dir='ltr'><strong>parte</strong></span> <span class='ocrx_word' id='word_1_143' title='bbox 2416 636 2597 706; x_wconf 87' lang='lat' dir='ltr'><strong>aliqua</strong></span> <span class='ocrx_word' id='word_1_144' title='bbox 2634 645 2808 691; x_wconf 90' lang='lat' dir='ltr'><strong>totum</strong></span> <span class='ocrx_word' id='word_1_145' title='bbox 2842 640 3148 709; x_wconf 76' lang='lat' dir='ltr'><strong>complecti.</strong></span> <span class='ocrx_word' id='word_1_146' title='bbox 3181 640 3286 707; x_wconf 87' lang='lat' dir='ltr'><strong>Qui</strong></span> <span class='ocrx_word' id='word_1_147' title='bbox 3313 643 3459 696; x_wconf 92' lang='lat' dir='ltr'><strong>enim</strong></span> 
     </span>
    </p>
   </div>
   <div class='ocr_carea' id='block_1_21' title="bbox 1888 725 3461 802">
    <p class='ocr_par' dir='ltr' id='par_1_21' title="bbox 1888 725 3461 802">
     <span class='ocr_line' id='line_1_21' title="bbox 1888 725 3461 802; baseline 0.004 -23"><span class='ocrx_word' id='word_1_148' title='bbox 1888 725 2043 788; x_wconf 82' lang='lat' dir='ltr'><strong>dixit,</strong></span> <span class='ocrx_word' id='word_1_149' title='bbox 2075 726 2156 780; x_wconf 83' lang='lat' dir='ltr'><strong>Ad</strong></span> <span class='ocrx_word' id='word_1_150' title='bbox 2192 736 2239 781; x_wconf 80' lang='lat' dir='ltr'><strong>te</strong></span> <span class='ocrx_word' id='word_1_151' title='bbox 2264 729 2431 782; x_wconf 80' lang='lat' dir='ltr'><strong>omnis</strong></span> <span class='ocrx_word' id='word_1_152' title='bbox 2466 745 2589 781; x_wconf 87' lang='lat' dir='ltr'><strong>caro</strong></span> <span class='ocrx_word' id='word_1_153' title='bbox 2617 730 2860 794; x_wconf 69' lang='lat' dir='ltr'><strong>veniet”,</strong></span> <span class='ocrx_word' id='word_1_154' title='bbox 2894 745 3002 784; x_wconf 90' lang='lat' dir='ltr'><strong>non</strong></span> <span class='ocrx_word' id='word_1_155' title='bbox 3050 740 3355 802; x_wconf 78' lang='lat' dir='ltr'><strong>separatam</strong></span> <span class='ocrx_word' id='word_1_156' title='bbox 3392 734 3461 786; x_wconf 87' lang='lat' dir='ltr'><strong>ah</strong></span> 
     </span>
    </p>
   </div>
   <div class='ocr_carea' id='block_1_22' title="bbox 1887 818 3455 891">
    <p class='ocr_par' dir='ltr' id='par_1_22' title="bbox 1887 818 3455 891">
     <span class='ocr_line' id='line_1_22' title="bbox 1887 818 3455 891; baseline 0.006 -22"><span class='ocrx_word' id='word_1_157' title='bbox 1887 818 2085 873; x_wconf 90' lang='lat' dir='ltr'><strong>animis</strong></span> <span class='ocrx_word' id='word_1_158' title='bbox 2118 833 2360 886; x_wconf 87' lang='lat' dir='ltr'><strong>carnem,</strong></span> <span class='ocrx_word' id='word_1_159' title='bbox 2394 820 2459 874; x_wconf 90' lang='lat' dir='ltr'><strong>ad</strong></span> <span class='ocrx_word' id='word_1_160' title='bbox 2490 820 2730 891; x_wconf 91' lang='lat' dir='ltr'><strong>judicem</strong></span> <span class='ocrx_word' id='word_1_161' title='bbox 2780 831 3069 878; x_wconf 79' lang='lat' dir='ltr'><strong>venturam</strong></span> <span class='ocrx_word' id='word_1_162' title='bbox 3123 842 3246 880; x_wconf 88' lang='lat' dir='ltr'><strong>esse</strong></span> <span class='ocrx_word' id='word_1_163' title='bbox 3303 826 3455 880; x_wconf 89' lang='lat' dir='ltr'><strong>dicit.</strong></span> 
     </span>
    </p>
   </div>
   <div class='ocr_carea' id='block_1_23' title="bbox 1886 903 3458 983">
    <p class='ocr_par' dir='ltr' id='par_1_23' title="bbox 1886 903 3458 983">
     <span class='ocr_line' id='line_1_23' title="bbox 1886 903 3458 983; baseline 0.007 -26"><span class='ocrx_word' id='word_1_164' title='bbox 1886 903 1950 959; x_wconf 86' lang='lat' dir='ltr'><strong>Et</strong></span> <span class='ocrx_word' id='word_1_165' title='bbox 1979 905 2148 961; x_wconf 87' lang='lat' dir='ltr'><strong>Jacob</strong></span> <span class='ocrx_word' id='word_1_166' title='bbox 2176 922 2300 961; x_wconf 90' lang='lat' dir='ltr'><strong>cum</strong></span> <span class='ocrx_word' id='word_1_167' title='bbox 2342 911 2687 980; x_wconf 79' lang='lat' dir='ltr'><strong>septuaginta</strong></span> <span class='ocrx_word' id='word_1_168' title='bbox 2718 912 2919 966; x_wconf 89' lang='lat' dir='ltr'><strong>animis</strong></span> <span class='ocrx_word' id='word_1_169' title='bbox 2951 912 3004 966; x_wconf 91' lang='lat' dir='ltr'><strong>in</strong></span> <span class='ocrx_word' id='word_1_170' title='bbox 3037 911 3330 983; x_wconf 63' lang='lat' dir='ltr'><strong>Egyptum</strong></span> <span class='ocrx_word' id='word_1_171' title='bbox 3362 914 3458 968; x_wconf 77' lang='lat' dir='ltr'><strong>de-</strong></span> 
     </span>
    </p>
   </div>
   <div class='ocr_carea' id='block_1_24' title="bbox 1886 992 3455 1070">
    <p class='ocr_par' dir='ltr' id='par_1_24' title="bbox 1886 992 3455 1070">
     <span class='ocr_line' id='line_1_24' title="bbox 1886 992 3455 1070; baseline 0.008 -25"><span class='ocrx_word' id='word_1_172' title='bbox 1886 992 2169 1048; x_wconf 82' lang='lat' dir='ltr'><strong>scendisse</strong></span> <span class='ocrx_word' id='word_1_173' title='bbox 2194 1034 2208 1057; x_wconf 95' lang='lat'><strong>,</strong></span> <span class='ocrx_word' id='word_1_174' title='bbox 2248 1010 2313 1049; x_wconf 83' lang='lat' dir='ltr'><strong>ex</strong></span> <span class='ocrx_word' id='word_1_175' title='bbox 2356 995 2600 1053; x_wconf 85' lang='lat' dir='ltr'><strong>historiis</strong></span> <span class='ocrx_word' id='word_1_176' title='bbox 2647 1014 2748 1053; x_wconf 88' lang='lat' dir='ltr'><strong>nos</strong></span> <span class='ocrx_word' id='word_1_177' title='bbox 2780 999 2871 1070; x_wconf 90' lang='lat' dir='ltr'><strong>qui</strong></span> <span class='ocrx_word' id='word_1_178' title='bbox 2914 1002 3254 1061; x_wconf 75' lang='lat' dir='ltr'><strong>audimus&quot;.</strong></span> <span class='ocrx_word' id='word_1_179' title='bbox 3291 1005 3455 1059; x_wconf 91' lang='lat' dir='ltr'><strong>etiam</strong></span> 
     </span>
    </p>
   </div>
   <div class='ocr_carea' id='block_1_25' title="bbox 1883 1084 3456 1157">
    <p class='ocr_par' dir='ltr' id='par_1_25' title="bbox 1883 1084 3456 1157">
     <span class='ocr_line' id='line_1_25' title="bbox 1883 1084 3456 1157; baseline 0.008 -23"><span class='ocrx_word' id='word_1_180' title='bbox 1883 1096 2101 1136; x_wconf 89' lang='lat' dir='ltr'><strong>carnem</strong></span> <span class='ocrx_word' id='word_1_181' title='bbox 2134 1098 2254 1137; x_wconf 90' lang='lat' dir='ltr'><strong>cum</strong></span> <span class='ocrx_word' id='word_1_182' title='bbox 2285 1084 2481 1140; x_wconf 83' lang='lat' dir='ltr'><strong>animis</strong></span> <span class='ocrx_word' id='word_1_183' title='bbox 2512 1087 2883 1157; x_wconf 80' lang='lat' dir='ltr'><strong>intelligimus.</strong></span> <span class='ocrx_word' id='word_1_184' title='bbox 2913 1087 3003 1144; x_wconf 85' lang='lat' dir='ltr'><strong>Sic</strong></span> <span class='ocrx_word' id='word_1_185' title='bbox 3034 1093 3195 1145; x_wconf 87' lang='lat' dir='ltr'><strong>etiam</strong></span> <span class='ocrx_word' id='word_1_186' title='bbox 3220 1090 3456 1147; x_wconf 80' lang='lat' dir='ltr'><strong>Verbum</strong></span> 
     </span>
    </p>
   </div>
   <div class='ocr_carea' id='block_1_26' title="bbox 1881 1174 3456 1239">
    <p class='ocr_par' dir='ltr' id='par_1_26' title="bbox 1881 1174 3456 1239">
     <span class='ocr_line' id='line_1_26' title="bbox 1881 1174 3456 1239; baseline 0.008 -14"><span class='ocrx_word' id='word_1_187' title='bbox 1881 1188 2011 1227; x_wconf 85' lang='lat' dir='ltr'><strong>caro</strong></span> <span class='ocrx_word' id='word_1_188' title='bbox 2050 1174 2253 1228; x_wconf 86' lang='lat' dir='ltr'><strong>factum</strong></span> <span class='ocrx_word' id='word_1_189' title='bbox 2297 1182 2466 1230; x_wconf 89' lang='lat' dir='ltr'><strong>totam</strong></span> <span class='ocrx_word' id='word_1_190' title='bbox 2499 1192 2622 1232; x_wconf 91' lang='lat' dir='ltr'><strong>cum</strong></span> <span class='ocrx_word' id='word_1_191' title='bbox 2659 1194 2824 1233; x_wconf 88' lang='lat' dir='ltr'><strong>carne</strong></span> <span class='ocrx_word' id='word_1_192' title='bbox 2875 1181 3167 1236; x_wconf 84' lang='lat' dir='ltr'><strong>humanam</strong></span> <span class='ocrx_word' id='word_1_193' title='bbox 3205 1192 3456 1239; x_wconf 88' lang='lat' dir='ltr'><strong>naturam</strong></span> 
     </span>
    </p>
   </div>
   <div class='ocr_carea' id='block_1_27' title="bbox 1880 1264 3454 1336">
    <p class='ocr_par' dir='ltr' id='par_1_27' title="bbox 1880 1264 3454 1336">
     <span class='ocr_line' id='line_1_27' title="bbox 1880 1264 3454 1336; baseline 0.008 -21"><span class='ocrx_word' id='word_1_194' title='bbox 1880 1264 2198 1333; x_wconf 85' lang='lat' dir='ltr'><strong>assumpsit.</strong></span> <span class='ocrx_word' id='word_1_195' title='bbox 2237 1264 2391 1320; x_wconf 75' lang='lat' dir='ltr'><strong>[nde</strong></span> <span class='ocrx_word' id='word_1_196' title='bbox 2456 1274 2511 1319; x_wconf 83' lang='lat' dir='ltr'><strong>et</strong></span> <span class='ocrx_word' id='word_1_197' title='bbox 2555 1270 2769 1322; x_wconf 88' lang='lat' dir='ltr'><strong>esurire</strong></span> <span class='ocrx_word' id='word_1_198' title='bbox 2822 1280 2875 1323; x_wconf 88' lang='lat' dir='ltr'><strong>et</strong></span> <span class='ocrx_word' id='word_1_199' title='bbox 2929 1272 3101 1336; x_wconf 87' lang='lat' dir='ltr'><strong>sitire,</strong></span> <span class='ocrx_word' id='word_1_200' title='bbox 3140 1272 3454 1334; x_wconf 84' lang='lat' dir='ltr'><strong>formidare.</strong></span> 
     </span>
    </p>
   </div>
   <div class='ocr_carea' id='block_1_28' title="bbox 1878 1356 3457 1431">
    <p class='ocr_par' dir='ltr' id='par_1_28' title="bbox 1878 1356 3457 1431">
     <span class='ocr_line' id='line_1_28' title="bbox 1878 1356 3457 1431; baseline 0.008 -22"><span class='ocrx_word' id='word_1_201' title='bbox 1878 1356 2251 1421; x_wconf 80' lang='lat' dir='ltr'><strong>extimescere,</strong></span> <span class='ocrx_word' id='word_1_202' title='bbox 2276 1360 2683 1429; x_wconf 86' lang='lat' dir='ltr'><strong>concupiscere,</strong></span> <span class='ocrx_word' id='word_1_203' title='bbox 2707 1362 3134 1431; x_wconf 84' lang='lat' dir='ltr'><strong>obdormiscere,</strong></span> <span class='ocrx_word' id='word_1_204' title='bbox 3163 1366 3371 1421; x_wconf 85' lang='lat' dir='ltr'><strong>turbari</strong></span> <span class='ocrx_word' id='word_1_205' title='bbox 3401 1376 3457 1422; x_wconf 90' lang='lat' dir='ltr'><strong>et</strong></span> 
     </span>
    </p>
   </div>
   <div class='ocr_carea' id='block_1_29' title="bbox 1877 1448 3450 1522">
    <p class='ocr_par' dir='ltr' id='par_1_29' title="bbox 1877 1448 3450 1522">
     <span class='ocr_line' id='line_1_29' title="bbox 1877 1448 3450 1522; baseline 0.007 -21"><span class='ocrx_word' id='word_1_206' title='bbox 1877 1448 2227 1519; x_wconf 83' lang='lat' dir='ltr'><strong>illacrymari,</strong></span> <span class='ocrx_word' id='word_1_207' title='bbox 2272 1460 2323 1505; x_wconf 91' lang='lat' dir='ltr'><strong>et</strong></span> <span class='ocrx_word' id='word_1_208' title='bbox 2360 1468 2479 1522; x_wconf 75' lang='lat' dir='ltr'><strong>qua:</strong></span> <span class='ocrx_word' id='word_1_209' title='bbox 2541 1461 2670 1507; x_wconf 92' lang='lat' dir='ltr'><strong>sunt</strong></span> <span class='ocrx_word' id='word_1_210' title='bbox 2720 1456 2988 1521; x_wconf 84' lang='lat' dir='ltr'><strong>ejusmodi</strong></span> <span class='ocrx_word' id='word_1_211' title='bbox 3047 1458 3101 1511; x_wconf 91' lang='lat' dir='ltr'><strong>in</strong></span> <span class='ocrx_word' id='word_1_212' title='bbox 3157 1473 3223 1511; x_wconf 91' lang='lat' dir='ltr'><strong>eo</strong></span> <span class='ocrx_word' id='word_1_213' title='bbox 3272 1458 3450 1513; x_wconf 85' lang='lat' dir='ltr'><strong>locum</strong></span> 
     </span>
    </p>
   </div>
   <div class='ocr_carea' id='block_1_30' title="bbox 1876 1539 3452 1617">
    <p class='ocr_par' dir='ltr' id='par_1_30' title="bbox 1876 1539 3452 1617">
     <span class='ocr_line' id='line_1_30' title="bbox 1876 1539 3452 1617; baseline 0.009 -26"><span class='ocrx_word' id='word_1_214' title='bbox 1876 1539 2181 1593; x_wconf 88' lang='lat' dir='ltr'><strong>habuerunt</strong></span> <span class='ocrx_word' id='word_1_215' title='bbox 2238 1559 2251 1595; x_wconf 90' lang='lat'><strong>:</strong></span> <span class='ocrx_word' id='word_1_216' title='bbox 2312 1557 2488 1612; x_wconf 89' lang='lat' dir='ltr'><strong>neque</strong></span> <span class='ocrx_word' id='word_1_217' title='bbox 2516 1544 2659 1597; x_wconf 88' lang='lat' dir='ltr'><strong>enim</strong></span> <span class='ocrx_word' id='word_1_218' title='bbox 2695 1543 2954 1600; x_wconf 84' lang='lat' dir='ltr'><strong>divinitas</strong></span> <span class='ocrx_word' id='word_1_219' title='bbox 2998 1548 3217 1617; x_wconf 86' lang='lat' dir='ltr'><strong>propria</strong></span> <span class='ocrx_word' id='word_1_220' title='bbox 3257 1560 3452 1605; x_wconf 82' lang='lat' dir='ltr'><strong>natura</strong></span> 
     </span>
    </p>
   </div>
   <div class='ocr_carea' id='block_1_31' title="bbox 1875 1630 3451 1708">
    <p class='ocr_par' dir='ltr' id='par_1_31' title="bbox 1875 1630 3451 1708">
     <span class='ocr_line' id='line_1_31' title="bbox 1875 1630 3451 1708; baseline 0.009 -26"><span class='ocrx_word' id='word_1_221' title='bbox 1875 1630 2009 1685; x_wconf 88' lang='lat' dir='ltr'><strong>tales</strong></span> <span class='ocrx_word' id='word_1_222' title='bbox 2057 1630 2284 1685; x_wconf 71' lang='lat' dir='ltr'><strong>affectus</strong></span> <span class='ocrx_word' id='word_1_223' title='bbox 2335 1635 2594 1703; x_wconf 87' lang='lat' dir='ltr'><strong>suscipit;</strong></span> <span class='ocrx_word' id='word_1_224' title='bbox 2644 1651 2819 1706; x_wconf 89' lang='lat' dir='ltr'><strong>neque</strong></span> <span class='ocrx_word' id='word_1_225' title='bbox 2873 1652 3003 1691; x_wconf 90' lang='lat' dir='ltr'><strong>caro</strong></span> <span class='ocrx_word' id='word_1_226' title='bbox 3032 1654 3129 1708; x_wconf 89' lang='lat' dir='ltr'><strong>per</strong></span> <span class='ocrx_word' id='word_1_227' title='bbox 3162 1655 3222 1695; x_wconf 89' lang='lat' dir='ltr'><strong>se</strong></span> <span class='ocrx_word' id='word_1_228' title='bbox 3251 1640 3306 1695; x_wconf 90' lang='lat' dir='ltr'><strong>in</strong></span> <span class='ocrx_word' id='word_1_229' title='bbox 3342 1641 3451 1696; x_wconf 85' lang='lat' dir='ltr'><strong>illis</strong></span> 
     </span>
    </p>
   </div>
   <div class='ocr_carea' id='block_1_32' title="bbox 198 1715 1768 1800">
    <p class='ocr_par' dir='ltr' id='par_1_32' title="bbox 198 1715 1768 1788">
     <span class='ocr_line' id='line_1_32' title="bbox 198 1715 1768 1788; baseline 0.003 -21"><span class='ocrx_word' id='word_1_230' title='bbox 198 1715 374 1784; x_wconf 78' lang='grc' dir='ltr'>θεότης</span> <span class='ocrx_word' id='word_1_231' title='bbox 407 1720 558 1767; x_wconf 75' lang='grc' dir='ltr'>κατά</span> <span class='ocrx_word' id='word_1_232' title='bbox 594 1715 695 1784; x_wconf 80' lang='grc' dir='ltr'><strong>τὴν</strong></span> <span class='ocrx_word' id='word_1_233' title='bbox 730 1716 865 1768; x_wconf 81' lang='grc' dir='ltr'>ίδίαν</span> <span class='ocrx_word' id='word_1_234' title='bbox 900 1715 1059 1783; x_wconf 77' lang='grc' dir='ltr'>φύσιν</span> <span class='ocrx_word' id='word_1_235' title='bbox 1108 1734 1158 1769; x_wconf 87' lang='grc' dir='ltr'><strong>τι</strong></span> <span class='ocrx_word' id='word_1_236' title='bbox 1190 1717 1427 1771; x_wconf 84' lang='grc' dir='ltr'>τοιοῦτον</span> <span class='ocrx_word' id='word_1_237' title='bbox 1455 1719 1768 1788; x_wconf 71' lang='grc' dir='ltr'>ἀναδέχεται.</span> 
     </span>
    </p>
   </div>
   <div class='ocr_carea' id='block_1_33' title="bbox 1872 1715 3271 1800">
    <p class='ocr_par' dir='ltr' id='par_1_33' title="bbox 1872 1721 3271 1800">
     <span class='ocr_line' id='line_1_33' title="bbox 1872 1721 3271 1800; baseline 0.01 -29"><span class='ocrx_word' id='word_1_238' title='bbox 1872 1727 1973 1782; x_wconf 87' lang='lat' dir='ltr'><strong>est,</strong></span> <span class='ocrx_word' id='word_1_239' title='bbox 2002 1721 2047 1773; x_wconf 90' lang='lat' dir='ltr'><strong>si</strong></span> <span class='ocrx_word' id='word_1_240' title='bbox 2080 1722 2257 1775; x_wconf 89' lang='lat' dir='ltr'><strong>anima</strong></span> <span class='ocrx_word' id='word_1_241' title='bbox 2290 1738 2412 1778; x_wconf 92' lang='lat' dir='ltr'><strong>cum</strong></span> <span class='ocrx_word' id='word_1_242' title='bbox 2452 1739 2679 1795; x_wconf 90' lang='lat' dir='ltr'><strong>corpore</strong></span> <span class='ocrx_word' id='word_1_243' title='bbox 2712 1742 2821 1780; x_wconf 89' lang='lat' dir='ltr'><strong>non</strong></span> <span class='ocrx_word' id='word_1_244' title='bbox 2850 1737 2935 1781; x_wconf 90' lang='lat' dir='ltr'><strong>est</strong></span> <span class='ocrx_word' id='word_1_245' title='bbox 2960 1729 3271 1800; x_wconf 85' lang='lat' dir='ltr'><strong>conjuncta.</strong></span> 
     </span>
    </p>
   </div>
   <div class='ocr_carea' id='block_1_34' title="bbox 199 1795 1844 1877">
    <p class='ocr_par' dir='ltr' id='par_1_34' title="bbox 199 1795 1844 1877">
     <span class='ocr_line' id='line_1_34' title="bbox 199 1795 1844 1877; baseline 0.002 -21"><span class='ocrx_word' id='word_1_246' title='bbox 199 1804 375 1866; x_wconf 75' lang='grc' dir='ltr'>πάθος,</span> <span class='ocrx_word' id='word_1_247' title='bbox 414 1804 544 1856; x_wconf 71' lang='grc' dir='ltr'>οὔτε</span> <span class='ocrx_word' id='word_1_248' title='bbox 588 1804 711 1857; x_wconf 77' lang='grc' dir='ltr'>καθ’</span> <span class='ocrx_word' id='word_1_249' title='bbox 744 1805 944 1875; x_wconf 77' lang='grc' dir='ltr'>ἑαυτὴν</span> <span class='ocrx_word' id='word_1_250' title='bbox 967 1806 999 1877; x_wconf 82' lang='grc' dir='ltr'>ἡ</span> <span class='ocrx_word' id='word_1_251' title='bbox 1026 1804 1163 1875; x_wconf 85' lang='grc' dir='ltr'><strong>σάρξ</strong></span> <span class='ocrx_word' id='word_1_252' title='bbox 1195 1808 1253 1858; x_wconf 83' lang='grc' dir='ltr'>ὲν</span> <span class='ocrx_word' id='word_1_253' title='bbox 1284 1808 1512 1871; x_wconf 75' lang='grc' dir='ltr'>ἐκείνοις</span> <span class='ocrx_word' id='word_1_254' title='bbox 1537 1810 1767 1877; x_wconf 77' lang='grc' dir='ltr'>γίνεται,</span> <span class='ocrx_word' id='word_1_255' title='bbox 1804 1795 1844 1848; x_wconf 81' lang='grc' dir='ltr'><strong>Β</strong></span> 
     </span>
    </p>
   </div>
   <div class='ocr_carea' id='block_1_35' title="bbox 198 1892 1342 1965">
    <p class='ocr_par' dir='ltr' id='par_1_35' title="bbox 198 1892 1342 1965">
     <span class='ocr_line' id='line_1_35' title="bbox 198 1892 1342 1965; baseline 0.003 -20"><span class='ocrx_word' id='word_1_256' title='bbox 198 1897 264 1964; x_wconf 74' lang='grc' dir='ltr'>μὴ</span> <span class='ocrx_word' id='word_1_257' title='bbox 289 1894 469 1963; x_wconf 64' lang='grc' dir='ltr'>ψυχῆς</span> <span class='ocrx_word' id='word_1_258' title='bbox 506 1892 989 1963; x_wconf 79' lang='grc' dir='ltr'>συνδιατιθεμένης</span> <span class='ocrx_word' id='word_1_259' title='bbox 1012 1893 1088 1965; x_wconf 82' lang='grc' dir='ltr'>τῷ</span> <span class='ocrx_word' id='word_1_260' title='bbox 1112 1894 1342 1965; x_wconf 81' lang='grc' dir='ltr'>σώματι.</span> 
     </span>
    </p>
   </div>
   <div class='ocr_carea' id='block_1_36' title="bbox 257 1986 1771 2059">
    <p class='ocr_par' dir='ltr' id='par_1_36' title="bbox 257 1986 1771 2059">
     <span class='ocr_line' id='line_1_36' title="bbox 257 1986 1771 2059; baseline 0.003 -22"><span class='ocrx_word' id='word_1_261' title='bbox 257 1987 359 2038; x_wconf 75' lang='grc' dir='ltr'><strong>Καὶ</strong></span> <span class='ocrx_word' id='word_1_262' title='bbox 394 1987 532 2056; x_wconf 55' lang='grc' dir='ltr'><strong>περί⁵</strong></span> <span class='ocrx_word' id='word_1_263' title='bbox 564 1987 663 2055; x_wconf 80' lang='grc' dir='ltr'>μὲν</span> <span class='ocrx_word' id='word_1_264' title='bbox 707 1986 803 2055; x_wconf 78' lang='grc' dir='ltr'>τῆς</span> <span class='ocrx_word' id='word_1_265' title='bbox 835 1987 913 2048; x_wconf 85' lang='grc' dir='ltr'><strong>είς</strong></span> <span class='ocrx_word' id='word_1_266' title='bbox 960 1986 1052 2038; x_wconf 84' lang='grc' dir='ltr'><strong>τὸν</strong></span> <span class='ocrx_word' id='word_1_267' title='bbox 1100 1987 1225 2039; x_wconf 87' lang='grc' dir='ltr'>Υίὸν</span> <span class='ocrx_word' id='word_1_268' title='bbox 1273 1987 1618 2059; x_wconf 84' lang='grc' dir='ltr'>βλασφημίας</span> <span class='ocrx_word' id='word_1_269' title='bbox 1647 2005 1771 2041; x_wconf 85' lang='grc' dir='ltr'>τοσ-</span> 
     </span>
    </p>
   </div>
   <div class='ocr_carea' id='block_1_37' title="bbox 195 2076 1772 2153">
    <p class='ocr_par' dir='ltr' id='par_1_37' title="bbox 195 2076 1772 2153">
     <span class='ocr_line' id='line_1_37' title="bbox 195 2076 1772 2153; baseline 0.001 -24"><span class='ocrx_word' id='word_1_270' title='bbox 195 2078 350 2130; x_wconf 84' lang='grc' dir='ltr'>αῦτα·</span> <span class='ocrx_word' id='word_1_271' title='bbox 388 2078 599 2146; x_wconf 73' lang='grc' dir='ltr'>ἴδωμεν</span> <span class='ocrx_word' id='word_1_272' title='bbox 633 2076 689 2129; x_wconf 83' lang='grc' dir='ltr'>δὲ</span> <span class='ocrx_word' id='word_1_273' title='bbox 718 2078 811 2129; x_wconf 75' lang='grc' dir='ltr'><strong>καὶ</strong></span> <span class='ocrx_word' id='word_1_274' title='bbox 840 2077 941 2130; x_wconf 84' lang='grc' dir='ltr'>ὅσα</span> <span class='ocrx_word' id='word_1_275' title='bbox 968 2078 1097 2149; x_wconf 77' lang='grc' dir='ltr'>περὶ</span> <span class='ocrx_word' id='word_1_276' title='bbox 1134 2077 1227 2131; x_wconf 89' lang='grc' dir='ltr'><strong>τοῦ</strong></span> <span class='ocrx_word' id='word_1_277' title='bbox 1270 2078 1425 2146; x_wconf 81' lang='grc' dir='ltr'>ἁγίου</span> <span class='ocrx_word' id='word_1_278' title='bbox 1459 2078 1772 2153; x_wconf 76' lang='grc' dir='ltr'>Πνεῦματος</span> 
     </span>
    </p>
   </div>
   <div class='ocr_carea' id='block_1_38' title="bbox 193 2169 1773 2241">
    <p class='ocr_par' dir='ltr' id='par_1_38' title="bbox 193 2169 1773 2241">
     <span class='ocr_line' id='line_1_38' title="bbox 193 2169 1773 2241; baseline 0.001 -19"><span class='ocrx_word' id='word_1_279' title='bbox 193 2170 545 2239; x_wconf 64' lang='grc' dir='ltr'>διεξέρχεται.</span> <span class='ocrx_word' id='word_1_280' title='bbox 602 2169 758 2222; x_wconf 82' lang='grc' dir='ltr'>Μετὰ</span> <span class='ocrx_word' id='word_1_281' title='bbox 808 2169 984 2232; x_wconf 91' lang='grc' dir='ltr'>τοῦτο,</span> <span class='ocrx_word' id='word_1_282' title='bbox 1024 2171 1415 2239; x_wconf 82' lang='grc' dir='ltr'>Πιστεύομεν,</span> <span class='ocrx_word' id='word_1_283' title='bbox 1464 2172 1644 2241; x_wconf 75' lang='grc' dir='ltr'>φησὶν,</span> <span class='ocrx_word' id='word_1_284' title='bbox 1686 2174 1773 2237; x_wconf 77' lang='grc' dir='ltr'>εἰς</span> 
     </span>
    </p>
   </div>
   <div class='ocr_carea' id='block_1_39' title="bbox 194 2260 1772 2331">
    <p class='ocr_par' dir='ltr' id='par_1_39' title="bbox 194 2260 1772 2331">
     <span class='ocr_line' id='line_1_39' title="bbox 194 2260 1772 2331; baseline 0.001 -17"><span class='ocrx_word' id='word_1_285' title='bbox 194 2263 288 2314; x_wconf 73' lang='grc' dir='ltr'>τὸν</span> <span class='ocrx_word' id='word_1_286' title='bbox 321 2260 733 2329; x_wconf 66' lang='grc' dir='ltr'>Παράκλητογ</span> <span class='ocrx_word' id='word_1_287' title='bbox 774 2260 839 2314; x_wconf 84' lang='grc' dir='ltr'>τὸ</span> <span class='ocrx_word' id='word_1_288' title='bbox 884 2261 1128 2331; x_wconf 83' lang='grc' dir='ltr'>Πνεῦμα</span> <span class='ocrx_word' id='word_1_289' title='bbox 1162 2261 1271 2329; x_wconf 84' lang='grc' dir='ltr'>τῆς</span> <span class='ocrx_word' id='word_1_290' title='bbox 1308 2264 1613 2331; x_wconf 79' lang='grc' dir='ltr'>ἀληθείας.</span> <span class='ocrx_word' id='word_1_291' title='bbox 1633 2262 1772 2331; x_wconf 87' lang='grc' dir='ltr'>Ἐγὼ</span> 
     </span>
    </p>
   </div>
   <div class='ocr_carea' id='block_1_40' title="bbox 192 2346 1771 2424">
    <p class='ocr_par' dir='ltr' id='par_1_40' title="bbox 192 2346 1771 2424">
     <span class='ocr_line' id='line_1_40' title="bbox 192 2346 1771 2424; baseline 0 -19"><span class='ocrx_word' id='word_1_292' title='bbox 192 2352 240 2405; x_wconf 71' lang='grc' dir='ltr'>δὲ</span> <span class='ocrx_word' id='word_1_293' title='bbox 265 2352 416 2421; x_wconf 79' lang='grc' dir='ltr'>δῆλον</span> <span class='ocrx_word' id='word_1_294' title='bbox 447 2347 617 2422; x_wconf 76' lang='grc' dir='ltr'>οἶμαι</span> <span class='ocrx_word' id='word_1_295' title='bbox 653 2352 817 2405; x_wconf 84' lang='grc' dir='ltr'>πᾶσιν</span> <span class='ocrx_word' id='word_1_296' title='bbox 844 2346 986 2405; x_wconf 78' lang='grc' dir='ltr'>εἶναι</span> <span class='ocrx_word' id='word_1_297' title='bbox 1024 2355 1136 2415; x_wconf 82' lang='grc' dir='ltr'>τοῖς</span> <span class='ocrx_word' id='word_1_298' title='bbox 1168 2353 1605 2422; x_wconf 74' lang='grc' dir='ltr'>ἐντυγχάνουσιν,</span> <span class='ocrx_word' id='word_1_299' title='bbox 1638 2354 1771 2424; x_wconf 80' lang='grc' dir='ltr'>πρὸς</span> 
     </span>
    </p>
   </div>
   <div class='ocr_carea' id='block_1_41' title="bbox 197 2443 1772 2516">
    <p class='ocr_par' dir='ltr' id='par_1_41' title="bbox 197 2443 1772 2516">
     <span class='ocr_line' id='line_1_41' title="bbox 197 2443 1772 2516; baseline 0.001 -19"><span class='ocrx_word' id='word_1_300' title='bbox 197 2446 221 2497; x_wconf 81' lang='lat'><strong>6</strong></span> <span class='ocrx_word' id='word_1_301' title='bbox 261 2461 310 2496; x_wconf 89' lang='grc' dir='ltr'><strong>τι</strong></span> <span class='ocrx_word' id='word_1_302' title='bbox 343 2443 573 2513; x_wconf 74' lang='grc' dir='ltr'>βλέπων</span> <span class='ocrx_word' id='word_1_303' title='bbox 610 2444 951 2514; x_wconf 84' lang='grc' dir='ltr'>παρατρέπει</span> <span class='ocrx_word' id='word_1_304' title='bbox 975 2443 1073 2515; x_wconf 79' lang='grc' dir='ltr'>τὴν</span> <span class='ocrx_word' id='word_1_305' title='bbox 1103 2443 1207 2496; x_wconf 84' lang='grc' dir='ltr'><strong>ὑπὸ</strong></span> <span class='ocrx_word' id='word_1_306' title='bbox 1236 2444 1329 2497; x_wconf 86' lang='grc' dir='ltr'><strong>τοῦ</strong></span> <span class='ocrx_word' id='word_1_307' title='bbox 1360 2446 1563 2516; x_wconf 85' lang='grc' dir='ltr'>Κυρίου</span> <span class='ocrx_word' id='word_1_308' title='bbox 1596 2462 1772 2516; x_wconf 82' lang='grc' dir='ltr'>παρα-</span> 
     </span>
    </p>
   </div>
   <div class='ocr_carea' id='block_1_42' title="bbox 193 2535 1769 2607">
    <p class='ocr_par' dir='ltr' id='par_1_42' title="bbox 193 2535 1769 2607">
     <span class='ocr_line' id='line_1_42' title="bbox 193 2535 1769 2607; baseline 0 -17"><span class='ocrx_word' id='word_1_309' title='bbox 193 2536 419 2590; x_wconf 78' lang='grc' dir='ltr'>δοθεῖσαν</span> <span class='ocrx_word' id='word_1_310' title='bbox 448 2537 557 2607; x_wconf 82' lang='grc' dir='ltr'>τῆς</span> <span class='ocrx_word' id='word_1_311' title='bbox 586 2537 823 2600; x_wconf 86' lang='grc' dir='ltr'>πίστεως</span> <span class='ocrx_word' id='word_1_312' title='bbox 859 2535 1073 2589; x_wconf 77' lang='grc' dir='ltr'>ἔκθεσιν</span> <span class='ocrx_word' id='word_1_313' title='bbox 1106 2537 1163 2588; x_wconf 78' lang='grc' dir='ltr'>ὲν</span> <span class='ocrx_word' id='word_1_314' title='bbox 1193 2538 1303 2599; x_wconf 83' lang='grc' dir='ltr'>τοῖς</span> <span class='ocrx_word' id='word_1_315' title='bbox 1337 2536 1465 2607; x_wconf 83' lang='grc' dir='ltr'>περὶ</span> <span class='ocrx_word' id='word_1_316' title='bbox 1522 2537 1610 2590; x_wconf 84' lang='grc' dir='ltr'><strong>τοῦ</strong></span> <span class='ocrx_word' id='word_1_317' title='bbox 1640 2537 1769 2590; x_wconf 87' lang='grc' dir='ltr'>Υἰοῦ</span> 
     </span>
    </p>
   </div>
   <div class='ocr_carea' id='block_1_43' title="bbox 196 2625 1768 2698">
    <p class='ocr_par' dir='ltr' id='par_1_43' title="bbox 196 2625 1768 2698">
     <span class='ocr_line' id='line_1_43' title="bbox 196 2625 1768 2698; baseline 0.001 -18"><span class='ocrx_word' id='word_1_318' title='bbox 196 2629 277 2681; x_wconf 83' lang='grc' dir='ltr'>καὶ</span> <span class='ocrx_word' id='word_1_319' title='bbox 318 2628 547 2698; x_wconf 80' lang='grc' dir='ltr'>Πατρδς</span> <span class='ocrx_word' id='word_1_320' title='bbox 595 2627 793 2695; x_wconf 85' lang='grc' dir='ltr'>λόγοις.</span> <span class='ocrx_word' id='word_1_321' title='bbox 851 2625 961 2697; x_wconf 82' lang='grc' dir='ltr'><strong>Τῆς</strong></span> <span class='ocrx_word' id='word_1_322' title='bbox 1014 2627 1241 2691; x_wconf 85' lang='grc' dir='ltr'>ἀτοπίας</span> <span class='ocrx_word' id='word_1_323' title='bbox 1289 2627 1491 2698; x_wconf 82' lang='grc' dir='ltr'>ταύτης</span> <span class='ocrx_word' id='word_1_324' title='bbox 1536 2628 1768 2697; x_wconf 86' lang='grc' dir='ltr'>ἀπελεγ-</span> 
     </span>
    </p>
   </div>
   <div class='ocr_carea' id='block_1_44' title="bbox 192 2717 1768 2790">
    <p class='ocr_par' dir='ltr' id='par_1_44' title="bbox 192 2717 1768 2790">
     <span class='ocr_line' id='line_1_44' title="bbox 192 2717 1768 2790; baseline 0.002 -20"><span class='ocrx_word' id='word_1_325' title='bbox 192 2718 418 2790; x_wconf 85' lang='grc' dir='ltr'>χθείσης,</span> <span class='ocrx_word' id='word_1_326' title='bbox 445 2720 610 2790; x_wconf 73' lang='grc' dir='ltr'>ὅμως</span> <span class='ocrx_word' id='word_1_327' title='bbox 632 2718 687 2771; x_wconf 83' lang='grc' dir='ltr'>δὲ</span> <span class='ocrx_word' id='word_1_328' title='bbox 717 2718 809 2771; x_wconf 76' lang='grc' dir='ltr'>καὶ</span> <span class='ocrx_word' id='word_1_329' title='bbox 837 2718 932 2771; x_wconf 88' lang='grc' dir='ltr'><strong>νῦν</strong></span> <span class='ocrx_word' id='word_1_330' title='bbox 959 2717 1025 2771; x_wconf 82' lang='grc' dir='ltr'>δι’</span> <span class='ocrx_word' id='word_1_331' title='bbox 1046 2717 1240 2787; x_wconf 82' lang='grc' dir='ltr'>ὀλίγων</span> <span class='ocrx_word' id='word_1_332' title='bbox 1259 2720 1348 2772; x_wconf 88' lang='grc' dir='ltr'><strong>τὸν</strong></span> <span class='ocrx_word' id='word_1_333' title='bbox 1378 2720 1575 2773; x_wconf 90' lang='grc' dir='ltr'>σκοπὸν</span> <span class='ocrx_word' id='word_1_334' title='bbox 1603 2720 1768 2773; x_wconf 71' lang='grc' dir='ltr'>αὑτοῦ</span> 
     </span>
    </p>
   </div>
   <div class='ocr_carea' id='block_1_45' title="bbox 191 2808 1767 2881">
    <p class='ocr_par' dir='ltr' id='par_1_45' title="bbox 191 2808 1767 2881">
     <span class='ocr_line' id='line_1_45' title="bbox 191 2808 1767 2881; baseline 0.001 -17"><span class='ocrx_word' id='word_1_335' title='bbox 191 2808 279 2881; x_wconf 80' lang='grc' dir='ltr'>τῆς</span> <span class='ocrx_word' id='word_1_336' title='bbox 326 2810 679 2880; x_wconf 73' lang='grc' dir='ltr'>κακουργίας</span> <span class='ocrx_word' id='word_1_337' title='bbox 737 2808 967 2880; x_wconf 83' lang='grc' dir='ltr'>φανερὸν</span> <span class='ocrx_word' id='word_1_338' title='bbox 1021 2809 1356 2879; x_wconf 85' lang='grc' dir='ltr'>καταστῆσαι</span> <span class='ocrx_word' id='word_1_339' title='bbox 1418 2810 1767 2880; x_wconf 86' lang='grc' dir='ltr'>πειράσομαι.</span> 
     </span>
    </p>
   </div>
   <div class='ocr_carea' id='block_1_46' title="bbox 199 2896 1767 2972">
    <p class='ocr_par' dir='ltr' id='par_1_46' title="bbox 199 2896 1767 2972">
     <span class='ocr_line' id='line_1_46' title="bbox 199 2896 1767 2972; baseline -0.001 -18"><span class='ocrx_word' id='word_1_340' title='bbox 199 2898 277 2963; x_wconf 83' lang='grc' dir='ltr'>Ὠς</span> <span class='ocrx_word' id='word_1_341' title='bbox 303 2902 410 2972; x_wconf 87' lang='grc' dir='ltr'><strong>γάρ</strong></span> <span class='ocrx_word' id='word_1_342' title='bbox 445 2903 578 2954; x_wconf 76' lang='grc' dir='ltr'>ἐκεῖ</span> <span class='ocrx_word' id='word_1_343' title='bbox 609 2901 829 2971; x_wconf 86' lang='grc' dir='ltr'>Πατέρα</span> <span class='ocrx_word' id='word_1_344' title='bbox 859 2901 959 2953; x_wconf 81' lang='grc' dir='ltr'><strong>οὐκ</strong></span> <span class='ocrx_word' id='word_1_345' title='bbox 992 2896 1164 2965; x_wconf 79' lang='grc' dir='ltr'>εἶπεν,</span> <span class='ocrx_word' id='word_1_346' title='bbox 1196 2901 1281 2953; x_wconf 81' lang='grc' dir='ltr'>ἵνα</span> <span class='ocrx_word' id='word_1_347' title='bbox 1313 2899 1387 2970; x_wconf 80' lang='grc' dir='ltr'>μὴ</span> <span class='ocrx_word' id='word_1_348' title='bbox 1419 2904 1484 2971; x_wconf 78' lang='grc' dir='ltr'>τῇ</span> <span class='ocrx_word' id='word_1_349' title='bbox 1512 2901 1767 2971; x_wconf 67' lang='grc' dir='ltr'>ἀῐδιόττ,τι</span> 
     </span>
    </p>
   </div>
   <div class='ocr_carea' id='block_1_47' title="bbox 188 2990 1769 3064">
    <p class='ocr_par' dir='ltr' id='par_1_47' title="bbox 188 2990 1769 3064">
     <span class='ocr_line' id='line_1_47' title="bbox 188 2990 1769 3064; baseline 0.003 -21"><span class='ocrx_word' id='word_1_350' title='bbox 188 2990 272 3045; x_wconf 80' lang='grc' dir='ltr'><strong>τοῦ</strong></span> <span class='ocrx_word' id='word_1_351' title='bbox 317 2992 547 3064; x_wconf 77' lang='grc' dir='ltr'>Πατρὸς</span> <span class='ocrx_word' id='word_1_352' title='bbox 588 2992 679 3045; x_wconf 91' lang='grc' dir='ltr'><strong>τὸν</strong></span> <span class='ocrx_word' id='word_1_353' title='bbox 717 2992 845 3044; x_wconf 88' lang='grc' dir='ltr'>Υίὸν</span> <span class='ocrx_word' id='word_1_354' title='bbox 886 2991 1306 3063; x_wconf 83' lang='grc' dir='ltr'>συνενδείξηται,</span> <span class='ocrx_word' id='word_1_355' title='bbox 1341 2992 1463 3045; x_wconf 82' lang='grc' dir='ltr'>οὐδὲ</span> <span class='ocrx_word' id='word_1_356' title='bbox 1506 2993 1595 3046; x_wconf 89' lang='grc' dir='ltr'><strong>τὸν</strong></span> <span class='ocrx_word' id='word_1_357' title='bbox 1642 2994 1769 3047; x_wconf 86' lang='grc' dir='ltr'>Υίὸν</span> 
     </span>
    </p>
   </div>
   <div class='ocr_carea' id='block_1_48' title="bbox 189 3082 1767 3155">
    <p class='ocr_par' dir='ltr' id='par_1_48' title="bbox 189 3082 1767 3155">
     <span class='ocr_line' id='line_1_48' title="bbox 189 3082 1767 3155; baseline 0.001 -21"><span class='ocrx_word' id='word_1_358' title='bbox 189 3082 488 3153; x_wconf 78' lang='grc' dir='ltr'>ὠνόμασεν,</span> <span class='ocrx_word' id='word_1_359' title='bbox 545 3083 634 3137; x_wconf 77' lang='grc' dir='ltr'><strong>ἵνα</strong></span> <span class='ocrx_word' id='word_1_360' title='bbox 680 3083 756 3152; x_wconf 82' lang='grc' dir='ltr'>μὴ</span> <span class='ocrx_word' id='word_1_361' title='bbox 797 3083 895 3155; x_wconf 79' lang='grc' dir='ltr'>τὴν</span> <span class='ocrx_word' id='word_1_362' title='bbox 935 3084 1076 3137; x_wconf 81' lang='grc' dir='ltr'><strong>κατά</strong></span> <span class='ocrx_word' id='word_1_363' title='bbox 1119 3084 1217 3154; x_wconf 88' lang='grc' dir='ltr'><strong>τὴν</strong></span> <span class='ocrx_word' id='word_1_364' title='bbox 1256 3082 1414 3152; x_wconf 80' lang='grc' dir='ltr'>φύσιν</span> <span class='ocrx_word' id='word_1_365' title='bbox 1464 3084 1767 3152; x_wconf 89' lang='grc' dir='ltr'>οἰκειότητα</span> 
     </span>
    </p>
   </div>
   <div class='ocr_carea' id='block_1_49' title="bbox 188 3174 1765 3248">
    <p class='ocr_par' dir='ltr' id='par_1_49' title="bbox 188 3174 1765 3248">
     <span class='ocr_line' id='line_1_49' title="bbox 188 3174 1765 3248; baseline 0 -21"><span class='ocrx_word' id='word_1_366' title='bbox 188 3177 264 3247; x_wconf 73' lang='grc' dir='ltr'><strong>τῇξ</strong></span> <span class='ocrx_word' id='word_1_367' title='bbox 278 3178 425 3247; x_wconf 82' lang='grc' dir='ltr'>φωνῇ</span> <span class='ocrx_word' id='word_1_368' title='bbox 456 3174 642 3246; x_wconf 79' lang='grc' dir='ltr'>ταύτῃ</span> <span class='ocrx_word' id='word_1_369' title='bbox 672 3176 1106 3248; x_wconf 81' lang='grc' dir='ltr'>συμπαραστήσῃ</span> <span class='ocrx_word' id='word_1_370' title='bbox 1129 3191 1142 3206; x_wconf 75' lang='grc' dir='ltr'><strong><em>ο</em></strong></span> <span class='ocrx_word' id='word_1_371' title='bbox 1168 3175 1310 3228; x_wconf 77' lang='grc' dir='ltr'>οὕτω</span> <span class='ocrx_word' id='word_1_372' title='bbox 1342 3176 1433 3228; x_wconf 78' lang='grc' dir='ltr'><strong>καὶ</strong></span> <span class='ocrx_word' id='word_1_373' title='bbox 1461 3174 1552 3228; x_wconf 88' lang='grc' dir='ltr'><strong>νῦν</strong></span> <span class='ocrx_word' id='word_1_374' title='bbox 1579 3176 1639 3228; x_wconf 84' lang='grc' dir='ltr'>οὐ</span> <span class='ocrx_word' id='word_1_375' title='bbox 1678 3174 1765 3227; x_wconf 85' lang='grc' dir='ltr'>λέ-</span> 
     </span>
    </p>
   </div>
   <div class='ocr_carea' id='block_1_50' title="bbox 189 3264 1767 3338">
    <p class='ocr_par' dir='ltr' id='par_1_50' title="bbox 189 3264 1767 3338">
     <span class='ocr_line' id='line_1_50' title="bbox 189 3264 1767 3338; baseline -0.001 -18"><span class='ocrx_word' id='word_1_376' title='bbox 189 3284 264 3334; x_wconf 79' lang='grc' dir='ltr'><strong>γει</strong></span> <span class='ocrx_word' id='word_1_377' title='bbox 291 3268 531 3337; x_wconf 77' lang='grc' dir='ltr'>Πνεῦμα</span> <span class='ocrx_word' id='word_1_378' title='bbox 577 3267 750 3334; x_wconf 81' lang='grc' dir='ltr'>ᾶγιον,</span> <span class='ocrx_word' id='word_1_379' title='bbox 802 3267 889 3320; x_wconf 85' lang='grc' dir='ltr'><strong>ἴνα</strong></span> <span class='ocrx_word' id='word_1_380' title='bbox 936 3266 1011 3338; x_wconf 83' lang='grc' dir='ltr'>μὴ</span> <span class='ocrx_word' id='word_1_381' title='bbox 1039 3266 1100 3319; x_wconf 87' lang='grc' dir='ltr'><strong>τὸ</strong></span> <span class='ocrx_word' id='word_1_382' title='bbox 1145 3266 1427 3337; x_wconf 81' lang='grc' dir='ltr'>μεγαλεῖον</span> <span class='ocrx_word' id='word_1_383' title='bbox 1470 3266 1567 3336; x_wconf 82' lang='grc' dir='ltr'>τῆς</span> <span class='ocrx_word' id='word_1_384' title='bbox 1611 3264 1767 3336; x_wconf 85' lang='grc' dir='ltr'>δόξης</span> 
     </span>
    </p>
   </div>
   <div class='ocr_carea' id='block_1_51' title="bbox 188 3357 1768 3430">
    <p class='ocr_par' dir='ltr' id='par_1_51' title="bbox 188 3357 1768 3430">
     <span class='ocr_line' id='line_1_51' title="bbox 188 3357 1768 3430; baseline -0.001 -19"><span class='ocrx_word' id='word_1_385' title='bbox 188 3359 334 3413; x_wconf 75' lang='grc' dir='ltr'>αὑτοῦ</span> <span class='ocrx_word' id='word_1_386' title='bbox 381 3361 490 3412; x_wconf 78' lang='grc' dir='ltr'><strong>καὶ</strong></span> <span class='ocrx_word' id='word_1_387' title='bbox 518 3359 581 3411; x_wconf 89' lang='grc' dir='ltr'><strong>τὸ</strong></span> <span class='ocrx_word' id='word_1_388' title='bbox 630 3357 773 3412; x_wconf 81' lang='grc' dir='ltr'>κατὰ</span> <span class='ocrx_word' id='word_1_389' title='bbox 822 3359 999 3413; x_wconf 83' lang='grc' dir='ltr'>πάντα</span> <span class='ocrx_word' id='word_1_390' title='bbox 1049 3359 1326 3430; x_wconf 80' lang='grc' dir='ltr'>ἡνωμένον</span> <span class='ocrx_word' id='word_1_391' title='bbox 1372 3358 1543 3429; x_wconf 88' lang='grc' dir='ltr'>Πατρί</span> <span class='ocrx_word' id='word_1_392' title='bbox 1578 3374 1635 3410; x_wconf 90' lang='grc' dir='ltr'><strong>τε</strong></span> <span class='ocrx_word' id='word_1_393' title='bbox 1674 3358 1768 3410; x_wconf 79' lang='grc' dir='ltr'>καὶ</span> 
     </span>
    </p>
   </div>
   <div class='ocr_carea' id='block_1_52' title="bbox 189 3448 1766 3522">
    <p class='ocr_par' dir='ltr' id='par_1_52' title="bbox 189 3448 1766 3522">
     <span class='ocr_line' id='line_1_52' title="bbox 189 3448 1766 3522; baseline 0.001 -20"><span class='ocrx_word' id='word_1_394' title='bbox 189 3449 290 3520; x_wconf 80' lang='grc' dir='ltr'>Υίῷ</span> <span class='ocrx_word' id='word_1_395' title='bbox 314 3450 401 3504; x_wconf 74' lang='grc' dir='ltr'>διὰ</span> <span class='ocrx_word' id='word_1_396' title='bbox 425 3449 533 3503; x_wconf 86' lang='grc' dir='ltr'><strong>τοῦ</strong></span> <span class='ocrx_word' id='word_1_397' title='bbox 564 3449 825 3519; x_wconf 82' lang='grc' dir='ltr'>ὀνόματος</span> <span class='ocrx_word' id='word_1_398' title='bbox 856 3449 1044 3504; x_wconf 77' lang='grc' dir='ltr'>τούτου</span> <span class='ocrx_word' id='word_1_399' title='bbox 1076 3448 1502 3521; x_wconf 83' lang='grc' dir='ltr'>συνομολογήσῃ.</span> <span class='ocrx_word' id='word_1_400' title='bbox 1550 3451 1766 3522; x_wconf 78' lang='grc' dir='ltr'>Ἐπειδὴ</span> 
     </span>
    </p>
   </div>
   <div class='ocr_carea' id='block_1_53' title="bbox 187 3539 1768 3615">
    <p class='ocr_par' dir='ltr' id='par_1_53' title="bbox 187 3539 1768 3615">
     <span class='ocr_line' id='line_1_53' title="bbox 187 3539 1768 3615; baseline 0.002 -19"><span class='ocrx_word' id='word_1_401' title='bbox 187 3543 283 3615; x_wconf 82' lang='grc' dir='ltr'>γὰρ</span> <span class='ocrx_word' id='word_1_402' title='bbox 304 3542 381 3614; x_wconf 81' lang='grc' dir='ltr'>τῷ</span> <span class='ocrx_word' id='word_1_403' title='bbox 397 3544 588 3614; x_wconf 78' lang='grc' dir='ltr'>Πατρὶ</span> <span class='ocrx_word' id='word_1_404' title='bbox 605 3544 699 3597; x_wconf 58' lang='grc' dir='ltr'><strong>καὶ⁵</strong></span> <span class='ocrx_word' id='word_1_405' title='bbox 718 3542 793 3613; x_wconf 82' lang='grc' dir='ltr'><strong>τῷ</strong></span> <span class='ocrx_word' id='word_1_406' title='bbox 814 3543 944 3614; x_wconf 86' lang='grc' dir='ltr'><strong>Υίῷ,</strong></span> <span class='ocrx_word' id='word_1_407' title='bbox 963 3542 1105 3598; x_wconf 86' lang='grc' dir='ltr'>κατὰ</span> <span class='ocrx_word' id='word_1_408' title='bbox 1128 3543 1187 3597; x_wconf 91' lang='grc' dir='ltr'><strong>τὸ</strong></span> <span class='ocrx_word' id='word_1_409' title='bbox 1204 3539 1318 3596; x_wconf 78' lang='grc' dir='ltr'>ἴσον</span> <span class='ocrx_word' id='word_1_410' title='bbox 1338 3545 1373 3615; x_wconf 86' lang='grc' dir='ltr'>ἦ</span> <span class='ocrx_word' id='word_1_411' title='bbox 1398 3561 1456 3597; x_wconf 90' lang='grc' dir='ltr'><strong>τε</strong></span> <span class='ocrx_word' id='word_1_412' title='bbox 1484 3543 1577 3597; x_wconf 84' lang='grc' dir='ltr'><strong>τοῦ</strong></span> <span class='ocrx_word' id='word_1_413' title='bbox 1590 3546 1768 3599; x_wconf 64' lang='lat' dir='ltr'><strong>{Iret}—</strong></span> 
     </span>
    </p>
   </div>
   <div class='ocr_carea' id='block_1_54' title="bbox 184 3634 1766 3708">
    <p class='ocr_par' dir='ltr' id='par_1_54' title="bbox 184 3634 1766 3708">
     <span class='ocr_line' id='line_1_54' title="bbox 184 3634 1766 3708; baseline 0.003 -22"><span class='ocrx_word' id='word_1_414' title='bbox 184 3650 356 3701; x_wconf 76' lang='grc' dir='ltr'>ματος</span> <span class='ocrx_word' id='word_1_415' title='bbox 396 3636 502 3688; x_wconf 69' lang='grc' dir='ltr'><strong>καὶ</strong></span> <span class='ocrx_word' id='word_1_416' title='bbox 553 3636 586 3705; x_wconf 82' lang='grc' dir='ltr'>ἡ</span> <span class='ocrx_word' id='word_1_417' title='bbox 635 3634 728 3687; x_wconf 86' lang='grc' dir='ltr'><strong>τοῦ</strong></span> <span class='ocrx_word' id='word_1_418' title='bbox 774 3634 947 3704; x_wconf 79' lang='grc' dir='ltr'>ἁγίου</span> <span class='ocrx_word' id='word_1_419' title='bbox 986 3634 1177 3706; x_wconf 86' lang='grc' dir='ltr'>κλῆσις</span> <span class='ocrx_word' id='word_1_420' title='bbox 1211 3634 1362 3707; x_wconf 83' lang='grc' dir='ltr'>παρὰ</span> <span class='ocrx_word' id='word_1_421' title='bbox 1405 3637 1505 3706; x_wconf 84' lang='grc' dir='ltr'>τῆς</span> <span class='ocrx_word' id='word_1_422' title='bbox 1547 3638 1766 3708; x_wconf 80' lang='grc' dir='ltr'>Γραφῆς</span> 
     </span>
    </p>
   </div>
   <div class='ocr_carea' id='block_1_55' title="bbox 188 3726 1767 3801">
    <p class='ocr_par' dir='ltr' id='par_1_55' title="bbox 188 3726 1767 3801">
     <span class='ocr_line' id='line_1_55' title="bbox 188 3726 1767 3801; baseline 0.003 -24"><span class='ocrx_word' id='word_1_423' title='bbox 188 3727 561 3797; x_wconf 74' lang='grc' dir='ltr'>ἑφαρμόζεται</span> <span class='ocrx_word' id='word_1_424' title='bbox 603 3726 857 3797; x_wconf 88' lang='grc' dir='ltr'>(πνεῦμα</span> <span class='ocrx_word' id='word_1_425' title='bbox 897 3727 1007 3799; x_wconf 88' lang='grc' dir='ltr'>γὰρ</span> <span class='ocrx_word' id='word_1_426' title='bbox 1033 3730 1061 3780; x_wconf 98' lang='lat'><strong>6</strong></span> <span class='ocrx_word' id='word_1_427' title='bbox 1099 3727 1250 3790; x_wconf 84' lang='grc' dir='ltr'>Θεὸς,</span> <span class='ocrx_word' id='word_1_428' title='bbox 1282 3728 1375 3780; x_wconf 75' lang='grc' dir='ltr'><strong>καὶ</strong></span> <span class='ocrx_word' id='word_1_429' title='bbox 1416 3729 1631 3798; x_wconf 88' lang='grc' dir='ltr'>πνεῦμα</span> <span class='ocrx_word' id='word_1_430' title='bbox 1662 3730 1767 3801; x_wconf 86' lang='grc' dir='ltr'><strong>πρὸ</strong></span> 
     </span>
    </p>
   </div>
   <div class='ocr_carea' id='block_1_56' title="bbox 188 3817 1766 3891">
    <p class='ocr_par' dir='ltr' id='par_1_56' title="bbox 188 3817 1766 3891">
     <span class='ocr_line' id='line_1_56' title="bbox 188 3817 1766 3891; baseline 0.001 -21"><span class='ocrx_word' id='word_1_431' title='bbox 188 3817 480 3888; x_wconf 78' lang='grc' dir='ltr'>προσώπου</span> <span class='ocrx_word' id='word_1_432' title='bbox 531 3817 687 3888; x_wconf 77' lang='grc' dir='ltr'>ἡμῶν</span> <span class='ocrx_word' id='word_1_433' title='bbox 726 3817 958 3889; x_wconf 89' lang='grc' dir='ltr'>Χριστὸς</span> <span class='ocrx_word' id='word_1_434' title='bbox 999 3818 1222 3891; x_wconf 84' lang='grc' dir='ltr'>Κύριος,</span> <span class='ocrx_word' id='word_1_435' title='bbox 1259 3820 1349 3872; x_wconf 78' lang='grc' dir='ltr'><strong>καὶ</strong></span> <span class='ocrx_word' id='word_1_436' title='bbox 1380 3818 1533 3887; x_wconf 73' lang='grc' dir='ltr'>ἅγιος</span> <span class='ocrx_word' id='word_1_437' title='bbox 1566 3820 1766 3891; x_wconf 86' lang='grc' dir='ltr'>Κύριος</span> 
     </span>
    </p>
   </div>
   <div class='ocr_carea' id='block_1_57' title="bbox 187 3904 1764 3982">
    <p class='ocr_par' dir='ltr' id='par_1_57' title="bbox 187 3904 1764 3982">
     <span class='ocr_line' id='line_1_57' title="bbox 187 3904 1764 3982; baseline 0.002 -22"><span class='ocrx_word' id='word_1_438' title='bbox 187 3910 212 3960; x_wconf 89' lang='lat'><strong>6</strong></span> <span class='ocrx_word' id='word_1_439' title='bbox 239 3909 384 3975; x_wconf 87' lang='grc' dir='ltr'>Θεὸς,</span> <span class='ocrx_word' id='word_1_440' title='bbox 434 3910 540 3963; x_wconf 80' lang='grc' dir='ltr'><strong>καὶ</strong></span> <span class='ocrx_word' id='word_1_441' title='bbox 569 3904 649 3972; x_wconf 77' lang='grc' dir='ltr'>εἷς</span> <span class='ocrx_word' id='word_1_442' title='bbox 683 3909 857 3978; x_wconf 70' lang='grc' dir='ltr'>ἅγιος,</span> <span class='ocrx_word' id='word_1_443' title='bbox 890 3905 970 3973; x_wconf 76' lang='grc' dir='ltr'>εἷς</span> <span class='ocrx_word' id='word_1_444' title='bbox 999 3909 1200 3982; x_wconf 83' lang='grc' dir='ltr'>Κύριος</span> <span class='ocrx_word' id='word_1_445' title='bbox 1239 3909 1445 3980; x_wconf 85' lang='grc' dir='ltr'>Ἰησοῦς</span> <span class='ocrx_word' id='word_1_446' title='bbox 1476 3909 1764 3981; x_wconf 81' lang='grc' dir='ltr'>Χριστὸς),</span> 
     </span>
    </p>
   </div>
   <div class='ocr_carea' id='block_1_58' title="bbox 188 4001 1765 4073">
    <p class='ocr_par' dir='ltr' id='par_1_58' title="bbox 188 4001 1765 4073">
     <span class='ocr_line' id='line_1_58' title="bbox 188 4001 1765 4073; baseline -0.001 -20"><span class='ocrx_word' id='word_1_447' title='bbox 188 4002 265 4054; x_wconf 76' lang='grc' dir='ltr'>ἵνα</span> <span class='ocrx_word' id='word_1_448' title='bbox 296 4004 369 4073; x_wconf 87' lang='grc' dir='ltr'>μή</span> <span class='ocrx_word' id='word_1_449' title='bbox 400 4020 496 4066; x_wconf 84' lang='grc' dir='ltr'><strong>τις</strong></span> <span class='ocrx_word' id='word_1_450' title='bbox 524 4002 753 4071; x_wconf 83' lang='grc' dir='ltr'>γένηται</span> <span class='ocrx_word' id='word_1_451' title='bbox 796 4004 907 4065; x_wconf 83' lang='grc' dir='ltr'>τοῖς</span> <span class='ocrx_word' id='word_1_452' title='bbox 948 4002 1235 4056; x_wconf 85' lang='grc' dir='ltr'>ἀκούουσιν</span> <span class='ocrx_word' id='word_1_453' title='bbox 1258 4002 1414 4070; x_wconf 84' lang='grc' dir='ltr'>ἁγίου</span> <span class='ocrx_word' id='word_1_454' title='bbox 1449 4001 1765 4071; x_wconf 86' lang='grc' dir='ltr'>Πνεύματος</span> 
     </span>
    </p>
   </div>
   <div class='ocr_carea' id='block_1_59' title="bbox 189 4092 1762 4165">
    <p class='ocr_par' dir='ltr' id='par_1_59' title="bbox 189 4092 1762 4165">
     <span class='ocr_line' id='line_1_59' title="bbox 189 4092 1762 4165; baseline 0.001 -20"><span class='ocrx_word' id='word_1_455' title='bbox 189 4094 404 4165; x_wconf 75' lang='grc' dir='ltr'>εὗσεϐὴς</span> <span class='ocrx_word' id='word_1_456' title='bbox 429 4094 524 4147; x_wconf 78' lang='grc' dir='ltr'><strong>διὰ</strong></span> <span class='ocrx_word' id='word_1_457' title='bbox 556 4093 760 4147; x_wconf 84' lang='grc' dir='ltr'>τούτων</span> <span class='ocrx_word' id='word_1_458' title='bbox 794 4092 1080 4164; x_wconf 76' lang='grc' dir='ltr'>ὑπόληψις,</span> <span class='ocrx_word' id='word_1_459' title='bbox 1115 4096 1148 4163; x_wconf 85' lang='grc' dir='ltr'>ή</span> <span class='ocrx_word' id='word_1_460' title='bbox 1180 4093 1269 4147; x_wconf 85' lang='grc' dir='ltr'>διὰ</span> <span class='ocrx_word' id='word_1_461' title='bbox 1309 4093 1368 4146; x_wconf 86' lang='grc' dir='ltr'><strong>τὸ</strong></span> <span class='ocrx_word' id='word_1_462' title='bbox 1410 4096 1682 4147; x_wconf 88' lang='grc' dir='ltr'>κοινωνεῖν</span> <span class='ocrx_word' id='word_1_463' title='bbox 1704 4111 1762 4146; x_wconf 90' lang='grc' dir='ltr'><strong>τε</strong></span> 
     </span>
    </p>
   </div>
   <div class='ocr_carea' id='block_1_60' title="bbox 188 4184 1765 4258">
    <p class='ocr_par' dir='ltr' id='par_1_60' title="bbox 188 4184 1765 4258">
     <span class='ocr_line' id='line_1_60' title="bbox 188 4184 1765 4258; baseline 0 -21"><span class='ocrx_word' id='word_1_464' title='bbox 188 4186 257 4255; x_wconf 80' lang='grc' dir='ltr'>τῷ</span> <span class='ocrx_word' id='word_1_465' title='bbox 284 4187 461 4258; x_wconf 74' lang='grc' dir='ltr'>Πατρὶ</span> <span class='ocrx_word' id='word_1_466' title='bbox 488 4185 585 4239; x_wconf 76' lang='grc' dir='ltr'><strong>καὶ</strong></span> <span class='ocrx_word' id='word_1_467' title='bbox 623 4185 703 4255; x_wconf 83' lang='grc' dir='ltr'>τῷ</span> <span class='ocrx_word' id='word_1_468' title='bbox 744 4184 857 4256; x_wconf 86' lang='grc' dir='ltr'><strong>Υίῷ</strong></span> <span class='ocrx_word' id='word_1_469' title='bbox 902 4184 1004 4255; x_wconf 83' lang='grc' dir='ltr'>τῆς</span> <span class='ocrx_word' id='word_1_470' title='bbox 1035 4184 1247 4252; x_wconf 78' lang='grc' dir='ltr'>ἐνδόξου</span> <span class='ocrx_word' id='word_1_471' title='bbox 1282 4184 1526 4257; x_wconf 87' lang='grc' dir='ltr'>κλήσεως</span> <span class='ocrx_word' id='word_1_472' title='bbox 1558 4186 1765 4254; x_wconf 78' lang='grc' dir='ltr'>ἐγγινο-</span> 
     </span>
    </p>
   </div>
   <div class='ocr_carea' id='block_1_61' title="bbox 191 4275 1764 4349">
    <p class='ocr_par' dir='ltr' id='par_1_61' title="bbox 191 4275 1764 4349">
     <span class='ocr_line' id='line_1_61' title="bbox 191 4275 1764 4349; baseline -0.001 -19"><span class='ocrx_word' id='word_1_473' title='bbox 191 4276 314 4347; x_wconf 84' lang='grc' dir='ltr'>μένη</span> <span class='ocrx_word' id='word_1_474' title='bbox 333 4293 346 4305; x_wconf 77' lang='grc'><em>’</em></span> <span class='ocrx_word' id='word_1_475' title='bbox 376 4278 579 4331; x_wconf 79' lang='grc' dir='ltr'>τούτου</span> <span class='ocrx_word' id='word_1_476' title='bbox 608 4278 767 4348; x_wconf 80' lang='grc' dir='ltr'>χάριν</span> <span class='ocrx_word' id='word_1_477' title='bbox 792 4276 1315 4349; x_wconf 84' lang='grc' dir='ltr'>παρακρουσάμενος</span> <span class='ocrx_word' id='word_1_478' title='bbox 1342 4276 1439 4348; x_wconf 79' lang='grc' dir='ltr'><strong>τὴν</strong></span> <span class='ocrx_word' id='word_1_479' title='bbox 1469 4276 1637 4347; x_wconf 82' lang='grc' dir='ltr'>ἀκοὴν</span> <span class='ocrx_word' id='word_1_480' title='bbox 1658 4275 1764 4328; x_wconf 83' lang='grc' dir='ltr'>τῶν</span> 
     </span>
    </p>
   </div>
   <div class='ocr_carea' id='block_1_62' title="bbox 188 4366 1764 4440">
    <p class='ocr_par' dir='ltr' id='par_1_62' title="bbox 188 4366 1764 4440">
     <span class='ocr_line' id='line_1_62' title="bbox 188 4366 1764 4440; baseline 0.003 -21"><span class='ocrx_word' id='word_1_481' title='bbox 188 4367 439 4439; x_wconf 76' lang='grc' dir='ltr'>ἀνοήτων,</span> <span class='ocrx_word' id='word_1_482' title='bbox 479 4369 581 4438; x_wconf 81' lang='grc' dir='ltr'>τῆς</span> <span class='ocrx_word' id='word_1_483' title='bbox 617 4368 766 4439; x_wconf 84' lang='grc' dir='ltr'>παρὰ</span> <span class='ocrx_word' id='word_1_484' title='bbox 814 4366 948 4421; x_wconf 83' lang='grc' dir='ltr'>Θεοῦ</span> <span class='ocrx_word' id='word_1_485' title='bbox 992 4368 1412 4440; x_wconf 84' lang='grc' dir='ltr'>προεκτεθείσης</span> <span class='ocrx_word' id='word_1_486' title='bbox 1445 4369 1677 4431; x_wconf 89' lang='grc' dir='ltr'>πίστεως</span> <span class='ocrx_word' id='word_1_487' title='bbox 1706 4368 1764 4423; x_wconf 82' lang='grc' dir='ltr'>ὲν</span> 
     </span>
    </p>
   </div>
   <div class='ocr_carea' id='block_1_63' title="bbox 1943 1985 3449 2060">
    <p class='ocr_par' dir='ltr' id='par_1_63' title="bbox 1943 1985 3449 2060">
     <span class='ocr_line' id='line_1_63' title="bbox 1943 1985 3449 2060; baseline 0.007 -23"><span class='ocrx_word' id='word_1_488' title='bbox 1943 1985 2021 2038; x_wconf 83' lang='lat' dir='ltr'><strong>Ac</strong></span> <span class='ocrx_word' id='word_1_489' title='bbox 2050 1985 2264 2053; x_wconf 85' lang='lat' dir='ltr'><strong>quidem</strong></span> <span class='ocrx_word' id='word_1_490' title='bbox 2292 1985 2359 2039; x_wconf 86' lang='lat' dir='ltr'><strong>de</strong></span> <span class='ocrx_word' id='word_1_491' title='bbox 2392 1986 2749 2055; x_wconf 84' lang='lat' dir='ltr'><strong>blasphemia,</strong></span> <span class='ocrx_word' id='word_1_492' title='bbox 2781 1987 2832 2042; x_wconf 87' lang='lat' dir='ltr'><strong>id</strong></span> <span class='ocrx_word' id='word_1_493' title='bbox 2874 1996 2979 2053; x_wconf 87' lang='lat' dir='ltr'><strong>est,</strong></span> <span class='ocrx_word' id='word_1_494' title='bbox 3008 1989 3173 2060; x_wconf 93' lang='lat' dir='ltr'><strong>impio</strong></span> <span class='ocrx_word' id='word_1_495' title='bbox 3197 1989 3449 2047; x_wconf 91' lang='lat' dir='ltr'><strong>convicio</strong></span> 
     </span>
    </p>
   </div>
   <div class='ocr_carea' id='block_1_64' title="bbox 1872 2074 3451 2137">
    <p class='ocr_par' dir='ltr' id='par_1_64' title="bbox 1872 2074 3451 2137">
     <span class='ocr_line' id='line_1_64' title="bbox 1872 2074 3451 2137; baseline 0.006 -10"><span class='ocrx_word' id='word_1_496' title='bbox 1872 2075 1926 2128; x_wconf 90' lang='lat' dir='ltr'><strong>in</strong></span> <span class='ocrx_word' id='word_1_497' title='bbox 1962 2074 2154 2129; x_wconf 87' lang='lat' dir='ltr'><strong>Filium</strong></span> <span class='ocrx_word' id='word_1_498' title='bbox 2202 2078 2292 2131; x_wconf 88' lang='lat' dir='ltr'><strong>Dei</strong></span> <span class='ocrx_word' id='word_1_499' title='bbox 2335 2078 2447 2134; x_wconf 70' lang='lat' dir='ltr'><strong>haec</strong></span> <span class='ocrx_word' id='word_1_500' title='bbox 2483 2080 2593 2133; x_wconf 91' lang='lat' dir='ltr'><strong>sint</strong></span> <span class='ocrx_word' id='word_1_501' title='bbox 2627 2080 2892 2136; x_wconf 87' lang='lat' dir='ltr'><strong>hactenus</strong></span> <span class='ocrx_word' id='word_1_502' title='bbox 2925 2082 3091 2136; x_wconf 89' lang='lat' dir='ltr'><strong>dicta.</strong></span> <span class='ocrx_word' id='word_1_503' title='bbox 3115 2081 3234 2136; x_wconf 82' lang='lat' dir='ltr'><strong>Jam</strong></span> <span class='ocrx_word' id='word_1_504' title='bbox 3268 2082 3451 2137; x_wconf 81' lang='lat' dir='ltr'><strong>videa-</strong></span> 
     </span>
    </p>
   </div>
   <div class='ocr_carea' id='block_1_65' title="bbox 1873 2168 3446 2242">
    <p class='ocr_par' dir='ltr' id='par_1_65' title="bbox 1873 2168 3446 2242">
     <span class='ocr_line' id='line_1_65' title="bbox 1873 2168 3446 2242; baseline 0.006 -22"><span class='ocrx_word' id='word_1_505' title='bbox 1873 2183 1994 2223; x_wconf 88' lang='lat' dir='ltr'><strong>mus</strong></span> <span class='ocrx_word' id='word_1_506' title='bbox 2024 2184 2143 2237; x_wconf 75' lang='lat' dir='ltr'><strong>qua:</strong></span> <span class='ocrx_word' id='word_1_507' title='bbox 2176 2168 2244 2223; x_wconf 94' lang='lat' dir='ltr'><strong>dc</strong></span> <span class='ocrx_word' id='word_1_508' title='bbox 2295 2179 2487 2226; x_wconf 88' lang='lat' dir='ltr'><strong>sancto</strong></span> <span class='ocrx_word' id='word_1_509' title='bbox 2533 2170 2737 2241; x_wconf 90' lang='lat' dir='ltr'><strong>Spiritu</strong></span> <span class='ocrx_word' id='word_1_510' title='bbox 2786 2180 3086 2242; x_wconf 89' lang='lat' dir='ltr'><strong>percenset.</strong></span> <span class='ocrx_word' id='word_1_511' title='bbox 3142 2172 3275 2229; x_wconf 90' lang='lat' dir='ltr'><strong>Post</strong></span> <span class='ocrx_word' id='word_1_512' title='bbox 3320 2174 3446 2239; x_wconf 90' lang='lat' dir='ltr'><strong>hoc,</strong></span> 
     </span>
    </p>
   </div>
   <div class='ocr_carea' id='block_1_66' title="bbox 1873 2256 3444 2332">
    <p class='ocr_par' dir='ltr' id='par_1_66' title="bbox 1873 2256 3444 2332">
     <span class='ocr_line' id='line_1_66' title="bbox 1873 2256 3444 2332; baseline 0.007 -22"><span class='ocrx_word' id='word_1_513' title='bbox 1873 2256 2166 2324; x_wconf 76' lang='lat' dir='ltr'><strong>Credimus,</strong></span> <span class='ocrx_word' id='word_1_514' title='bbox 2204 2262 2398 2331; x_wconf 88' lang='lat' dir='ltr'><strong>inquit,</strong></span> <span class='ocrx_word' id='word_1_515' title='bbox 2427 2263 2479 2316; x_wconf 86' lang='lat' dir='ltr'><strong>in</strong></span> <span class='ocrx_word' id='word_1_516' title='bbox 2514 2261 2851 2317; x_wconf 79' lang='lat' dir='ltr'><strong>Paraclelum</strong></span> <span class='ocrx_word' id='word_1_517' title='bbox 2899 2263 3152 2332; x_wconf 78' lang='lat' dir='ltr'><strong>Spiritum</strong></span> <span class='ocrx_word' id='word_1_518' title='bbox 3187 2265 3444 2321; x_wconf 66' lang='lat' dir='ltr'><strong>veritatis.</strong></span> 
     </span>
    </p>
   </div>
   <div class='ocr_carea' id='block_1_67' title="bbox 1872 2351 3447 2428">
    <p class='ocr_par' dir='ltr' id='par_1_67' title="bbox 1872 2351 3447 2428">
     <span class='ocr_line' id='line_1_67' title="bbox 1872 2351 3447 2428; baseline 0.006 -24"><span class='ocrx_word' id='word_1_519' title='bbox 1872 2351 1983 2422; x_wconf 87' lang='lat' dir='ltr'><strong>Ego</strong></span> <span class='ocrx_word' id='word_1_520' title='bbox 2009 2362 2188 2406; x_wconf 87' lang='lat' dir='ltr'><strong>autem</strong></span> <span class='ocrx_word' id='word_1_521' title='bbox 2229 2355 2439 2408; x_wconf 84' lang='lat' dir='ltr'><strong>clarum</strong></span> <span class='ocrx_word' id='word_1_522' title='bbox 2479 2370 2601 2409; x_wconf 89' lang='lat' dir='ltr'><strong>esse</strong></span> <span class='ocrx_word' id='word_1_523' title='bbox 2624 2356 2879 2410; x_wconf 88' lang='lat' dir='ltr'><strong>omnibus</strong></span> <span class='ocrx_word' id='word_1_524' title='bbox 2909 2357 3145 2411; x_wconf 83' lang='lat' dir='ltr'><strong>arbitror</strong></span> <span class='ocrx_word' id='word_1_525' title='bbox 3182 2357 3277 2428; x_wconf 91' lang='lat' dir='ltr'><strong>qui</strong></span> <span class='ocrx_word' id='word_1_526' title='bbox 3330 2358 3447 2413; x_wconf 67' lang='lat' dir='ltr'><strong>haec</strong></span> 
     </span>
    </p>
   </div>
   <div class='ocr_carea' id='block_1_68' title="bbox 1872 2444 3444 2517">
    <p class='ocr_par' dir='ltr' id='par_1_68' title="bbox 1872 2444 3444 2517">
     <span class='ocr_line' id='line_1_68' title="bbox 1872 2444 3444 2517; baseline 0.004 -19"><span class='ocrx_word' id='word_1_527' title='bbox 1872 2444 2078 2515; x_wconf 89' lang='lat' dir='ltr'><strong>legunt,</strong></span> <span class='ocrx_word' id='word_1_528' title='bbox 2110 2446 2178 2500; x_wconf 87' lang='lat' dir='ltr'><strong>ad</strong></span> <span class='ocrx_word' id='word_1_529' title='bbox 2210 2446 2341 2515; x_wconf 94' lang='lat' dir='ltr'><strong>quid</strong></span> <span class='ocrx_word' id='word_1_530' title='bbox 2374 2447 2676 2517; x_wconf 88' lang='lat' dir='ltr'><strong>respiciens</strong></span> <span class='ocrx_word' id='word_1_531' title='bbox 2706 2463 2737 2502; x_wconf 88' lang='lat' dir='ltr'><strong>a</strong></span> <span class='ocrx_word' id='word_1_532' title='bbox 2766 2446 2994 2503; x_wconf 90' lang='lat' dir='ltr'><strong>Domino</strong></span> <span class='ocrx_word' id='word_1_533' title='bbox 3030 2447 3151 2505; x_wconf 85' lang='lat' dir='ltr'><strong>fidei</strong></span> <span class='ocrx_word' id='word_1_534' title='bbox 3188 2450 3444 2505; x_wconf 87' lang='lat' dir='ltr'><strong>traditam</strong></span> 
     </span>
    </p>
   </div>
   <div class='ocr_carea' id='block_1_69' title="bbox 1870 2538 3447 2607">
    <p class='ocr_par' dir='ltr' id='par_1_69' title="bbox 1870 2538 3447 2607">
     <span class='ocr_line' id='line_1_69' title="bbox 1870 2538 3447 2607; baseline 0.004 -15"><span class='ocrx_word' id='word_1_535' title='bbox 1870 2538 2283 2607; x_wconf 81' lang='lat' dir='ltr'><strong>expositionem,</strong></span> <span class='ocrx_word' id='word_1_536' title='bbox 2337 2539 2392 2593; x_wconf 91' lang='lat' dir='ltr'><strong>in</strong></span> <span class='ocrx_word' id='word_1_537' title='bbox 2453 2540 2797 2594; x_wconf 86' lang='lat' dir='ltr'><strong>sermonibus</strong></span> <span class='ocrx_word' id='word_1_538' title='bbox 2846 2539 2914 2593; x_wconf 91' lang='lat' dir='ltr'><strong>de</strong></span> <span class='ocrx_word' id='word_1_539' title='bbox 2967 2538 3105 2595; x_wconf 87' lang='lat' dir='ltr'><strong>Filio</strong></span> <span class='ocrx_word' id='word_1_540' title='bbox 3162 2548 3217 2597; x_wconf 90' lang='lat' dir='ltr'><strong>et</strong></span> <span class='ocrx_word' id='word_1_541' title='bbox 3286 2540 3447 2598; x_wconf 74' lang='lat' dir='ltr'><strong>Patre</strong></span> 
     </span>
    </p>
   </div>
   <div class='ocr_carea' id='block_1_70' title="bbox 1871 2631 3441 2705">
    <p class='ocr_par' dir='ltr' id='par_1_70' title="bbox 1871 2631 3441 2705">
     <span class='ocr_line' id='line_1_70' title="bbox 1871 2631 3441 2705; baseline 0.003 -20"><span class='ocrx_word' id='word_1_542' title='bbox 1871 2631 2150 2701; x_wconf 78' lang='lat' dir='ltr'><strong>pervertit.</strong></span> <span class='ocrx_word' id='word_1_543' title='bbox 2208 2631 2468 2697; x_wconf 83' lang='lat' dir='ltr'><strong>Quamvis</strong></span> <span class='ocrx_word' id='word_1_544' title='bbox 2526 2632 2691 2701; x_wconf 85' lang='lat' dir='ltr'><strong>hujus</strong></span> <span class='ocrx_word' id='word_1_545' title='bbox 2756 2632 3070 2687; x_wconf 89' lang='lat' dir='ltr'><strong>ahsurditas</strong></span> <span class='ocrx_word' id='word_1_546' title='bbox 3143 2634 3278 2691; x_wconf 87' lang='lat' dir='ltr'><strong>satis</strong></span> <span class='ocrx_word' id='word_1_547' title='bbox 3328 2635 3441 2705; x_wconf 86' lang='lat' dir='ltr'><strong>jam</strong></span> 
     </span>
    </p>
   </div>
   <div class='ocr_carea' id='block_1_71' title="bbox 1872 2718 3446 2793">
    <p class='ocr_par' dir='ltr' id='par_1_71' title="bbox 1872 2718 3446 2793">
     <span class='ocr_line' id='line_1_71' title="bbox 1872 2718 3446 2793; baseline 0.005 -21"><span class='ocrx_word' id='word_1_548' title='bbox 1872 2720 2035 2774; x_wconf 90' lang='lat' dir='ltr'><strong>fuerit</strong></span> <span class='ocrx_word' id='word_1_549' title='bbox 2084 2718 2337 2786; x_wconf 88' lang='lat' dir='ltr'><strong>refutata,</strong></span> <span class='ocrx_word' id='word_1_550' title='bbox 2374 2736 2522 2775; x_wconf 92' lang='lat' dir='ltr'><strong>nunc</strong></span> <span class='ocrx_word' id='word_1_551' title='bbox 2555 2730 2736 2775; x_wconf 90' lang='lat' dir='ltr'><strong>tamen</strong></span> <span class='ocrx_word' id='word_1_552' title='bbox 2792 2722 2983 2790; x_wconf 84' lang='lat' dir='ltr'><strong>paucis</strong></span> <span class='ocrx_word' id='word_1_553' title='bbox 3042 2722 3224 2779; x_wconf 84' lang='lat' dir='ltr'><strong>verbis</strong></span> <span class='ocrx_word' id='word_1_554' title='bbox 3279 2723 3446 2793; x_wconf 85' lang='lat' dir='ltr'><strong>hujus</strong></span> 
     </span>
    </p>
   </div>
   <div class='ocr_carea' id='block_1_72' title="bbox 1870 2809 3438 2885">
    <p class='ocr_par' dir='ltr' id='par_1_72' title="bbox 1870 2809 3438 2885">
     <span class='ocr_line' id='line_1_72' title="bbox 1870 2809 3438 2885; baseline 0.005 -20"><span class='ocrx_word' id='word_1_555' title='bbox 1870 2809 2083 2865; x_wconf 81' lang='lat' dir='ltr'><strong>fallacis</strong></span> <span class='ocrx_word' id='word_1_556' title='bbox 2114 2812 2329 2865; x_wconf 73' lang='lat' dir='ltr'><strong>astutia:</strong></span> <span class='ocrx_word' id='word_1_557' title='bbox 2385 2826 2609 2880; x_wconf 89' lang='lat' dir='ltr'><strong>scopum</strong></span> <span class='ocrx_word' id='word_1_558' title='bbox 2646 2811 2950 2881; x_wconf 80' lang='lat' dir='ltr'><strong>patefacere</strong></span> <span class='ocrx_word' id='word_1_559' title='bbox 2996 2829 3220 2885; x_wconf 89' lang='lat' dir='ltr'><strong>operam</strong></span> <span class='ocrx_word' id='word_1_560' title='bbox 3273 2819 3438 2874; x_wconf 89' lang='lat' dir='ltr'><strong>dabo.</strong></span> 
     </span>
    </p>
   </div>
   <div class='ocr_carea' id='block_1_73' title="bbox 1873 2901 3445 2967">
    <p class='ocr_par' dir='ltr' id='par_1_73' title="bbox 1873 2901 3445 2967">
     <span class='ocr_line' id='line_1_73' title="bbox 1873 2901 3445 2967; baseline 0.005 -10"><span class='ocrx_word' id='word_1_561' title='bbox 1873 2901 1942 2958; x_wconf 87' lang='lat' dir='ltr'><strong>Ut</strong></span> <span class='ocrx_word' id='word_1_562' title='bbox 1987 2902 2132 2955; x_wconf 90' lang='lat' dir='ltr'><strong>enim</strong></span> <span class='ocrx_word' id='word_1_563' title='bbox 2169 2902 2281 2957; x_wconf 90' lang='lat' dir='ltr'><strong>illic</strong></span> <span class='ocrx_word' id='word_1_564' title='bbox 2318 2901 2534 2956; x_wconf 86' lang='lat' dir='ltr'><strong>Patrem</strong></span> <span class='ocrx_word' id='word_1_565' title='bbox 2576 2917 2685 2956; x_wconf 91' lang='lat' dir='ltr'><strong>non</strong></span> <span class='ocrx_word' id='word_1_566' title='bbox 2750 2902 2909 2967; x_wconf 76' lang='lat' dir='ltr'><strong>dixit,</strong></span> <span class='ocrx_word' id='word_1_567' title='bbox 2964 2921 3032 2959; x_wconf 93' lang='lat' dir='ltr'><strong>ne</strong></span> <span class='ocrx_word' id='word_1_568' title='bbox 3090 2922 3213 2962; x_wconf 89' lang='lat' dir='ltr'><strong>cum</strong></span> <span class='ocrx_word' id='word_1_569' title='bbox 3266 2907 3445 2967; x_wconf 89' lang='lat' dir='ltr'><strong>Patris</strong></span> 
     </span>
    </p>
   </div>
   <div class='ocr_carea' id='block_1_74' title="bbox 1869 2990 3441 3067">
    <p class='ocr_par' dir='ltr' id='par_1_74' title="bbox 1869 2990 3441 3067">
     <span class='ocr_line' id='line_1_74' title="bbox 1869 2990 3441 3067; baseline 0.005 -21"><span class='ocrx_word' id='word_1_570' title='bbox 1869 2991 2169 3047; x_wconf 69' lang='lat' dir='ltr'><strong>aeternitate</strong></span> <span class='ocrx_word' id='word_1_571' title='bbox 2196 2990 2391 3047; x_wconf 92' lang='lat' dir='ltr'><strong>Filium</strong></span> <span class='ocrx_word' id='word_1_572' title='bbox 2429 2992 2636 3061; x_wconf 88' lang='lat' dir='ltr'><strong>pariter</strong></span> <span class='ocrx_word' id='word_1_573' title='bbox 2669 2992 3002 3060; x_wconf 87' lang='lat' dir='ltr'><strong>ostenderet,</strong></span> <span class='ocrx_word' id='word_1_574' title='bbox 3036 3012 3211 3067; x_wconf 83' lang='lat' dir='ltr'><strong>neque</strong></span> <span class='ocrx_word' id='word_1_575' title='bbox 3246 2999 3441 3056; x_wconf 85' lang='lat' dir='ltr'><strong>Filium</strong></span> 
     </span>
    </p>
   </div>
   <div class='ocr_carea' id='block_1_75' title="bbox 1871 3083 3443 3158">
    <p class='ocr_par' dir='ltr' id='par_1_75' title="bbox 1871 3083 3443 3158">
     <span class='ocr_line' id='line_1_75' title="bbox 1871 3083 3443 3158; baseline 0.004 -21"><span class='ocrx_word' id='word_1_576' title='bbox 1871 3084 2193 3146; x_wconf 90' lang='lat' dir='ltr'><strong>nominavit,</strong></span> <span class='ocrx_word' id='word_1_577' title='bbox 2251 3098 2319 3137; x_wconf 90' lang='lat' dir='ltr'><strong>ne</strong></span> <span class='ocrx_word' id='word_1_578' title='bbox 2354 3098 2471 3137; x_wconf 90' lang='lat' dir='ltr'><strong>eam</strong></span> <span class='ocrx_word' id='word_1_579' title='bbox 2523 3097 2643 3152; x_wconf 66' lang='lat' dir='ltr'><strong>qua:</strong></span> <span class='ocrx_word' id='word_1_580' title='bbox 2699 3083 2998 3138; x_wconf 89' lang='lat' dir='ltr'><strong>secundum</strong></span> <span class='ocrx_word' id='word_1_581' title='bbox 3060 3098 3309 3144; x_wconf 90' lang='lat' dir='ltr'><strong>naturam</strong></span> <span class='ocrx_word' id='word_1_582' title='bbox 3337 3102 3443 3158; x_wconf 81' lang='lat' dir='ltr'><strong>est,</strong></span> 
     </span>
    </p>
   </div>
   <div class='ocr_carea' id='block_1_76' title="bbox 1872 3175 3444 3237">
    <p class='ocr_par' dir='ltr' id='par_1_76' title="bbox 1872 3175 3444 3237">
     <span class='ocr_line' id='line_1_76' title="bbox 1872 3175 3444 3237; baseline 0.005 -8"><span class='ocrx_word' id='word_1_583' title='bbox 1872 3176 2292 3230; x_wconf 83' lang='lat' dir='ltr'><strong>familiaritatem</strong></span> <span class='ocrx_word' id='word_1_584' title='bbox 2343 3184 2397 3229; x_wconf 94' lang='lat' dir='ltr'><strong>et</strong></span> <span class='ocrx_word' id='word_1_585' title='bbox 2462 3175 2928 3230; x_wconf 89' lang='lat' dir='ltr'><strong>necessitudinem</strong></span> <span class='ocrx_word' id='word_1_586' title='bbox 2980 3176 3082 3232; x_wconf 86' lang='lat' dir='ltr'><strong>hac</strong></span> <span class='ocrx_word' id='word_1_587' title='bbox 3119 3195 3252 3236; x_wconf 89' lang='lat' dir='ltr'><strong>voce</strong></span> <span class='ocrx_word' id='word_1_588' title='bbox 3281 3182 3444 3237; x_wconf 89' lang='lat' dir='ltr'><strong>simul</strong></span> 
     </span>
    </p>
   </div>
   <div class='ocr_carea' id='block_1_77' title="bbox 1869 3268 3441 3343">
    <p class='ocr_par' dir='ltr' id='par_1_77' title="bbox 1869 3268 3441 3343">
     <span class='ocr_line' id='line_1_77' title="bbox 1869 3268 3441 3343; baseline 0.004 -20"><span class='ocrx_word' id='word_1_589' title='bbox 1869 3274 2308 3339; x_wconf 67' lang='lat' dir='ltr'><strong>repraesentaret,</strong></span> <span class='ocrx_word' id='word_1_590' title='bbox 2365 3268 2446 3323; x_wconf 92' lang='lat' dir='ltr'><strong>sic</strong></span> <span class='ocrx_word' id='word_1_591' title='bbox 2506 3274 2561 3322; x_wconf 91' lang='lat' dir='ltr'><strong>et</strong></span> <span class='ocrx_word' id='word_1_592' title='bbox 2624 3283 2773 3322; x_wconf 89' lang='lat' dir='ltr'><strong>nunc</strong></span> <span class='ocrx_word' id='word_1_593' title='bbox 2827 3284 2934 3323; x_wconf 93' lang='lat' dir='ltr'><strong>non</strong></span> <span class='ocrx_word' id='word_1_594' title='bbox 2993 3269 3125 3325; x_wconf 87' lang='lat' dir='ltr'><strong>dicit</strong></span> <span class='ocrx_word' id='word_1_595' title='bbox 3180 3272 3441 3343; x_wconf 88' lang='lat' dir='ltr'><strong>Spiritum</strong></span> 
     </span>
    </p>
   </div>
   <div class='ocr_carea' id='block_1_78' title="bbox 1869 3359 3445 3435">
    <p class='ocr_par' dir='ltr' id='par_1_78' title="bbox 1869 3359 3445 3435">
     <span class='ocr_line' id='line_1_78' title="bbox 1869 3359 3445 3435; baseline 0.003 -19"><span class='ocrx_word' id='word_1_596' title='bbox 1869 3370 2142 3425; x_wconf 89' lang='lat' dir='ltr'><strong>sanctum,</strong></span> <span class='ocrx_word' id='word_1_597' title='bbox 2176 3376 2244 3415; x_wconf 91' lang='lat' dir='ltr'><strong>ne</strong></span> <span class='ocrx_word' id='word_1_598' title='bbox 2267 3359 2610 3429; x_wconf 88' lang='lat' dir='ltr'><strong>majestatem</strong></span> <span class='ocrx_word' id='word_1_599' title='bbox 2642 3361 2827 3430; x_wconf 75' lang='lat' dir='ltr'><strong>gloria:</strong></span> <span class='ocrx_word' id='word_1_600' title='bbox 2871 3361 3047 3431; x_wconf 91' lang='lat' dir='ltr'><strong>ipsius</strong></span> <span class='ocrx_word' id='word_1_601' title='bbox 3076 3370 3130 3418; x_wconf 92' lang='lat' dir='ltr'><strong>et</strong></span> <span class='ocrx_word' id='word_1_602' title='bbox 3169 3364 3312 3433; x_wconf 84' lang='lat' dir='ltr'><strong>quod</strong></span> <span class='ocrx_word' id='word_1_603' title='bbox 3347 3381 3445 3435; x_wconf 86' lang='lat' dir='ltr'><strong>per</strong></span> 
     </span>
    </p>
   </div>
   <div class='ocr_carea' id='block_1_79' title="bbox 1867 3438 3445 3523">
    <p class='ocr_par' dir='ltr' id='par_1_79' title="bbox 1867 3438 3445 3523">
     <span class='ocr_line' id='line_1_79' title="bbox 1867 3438 3445 3523; baseline 0.003 -17"><span class='ocrx_word' id='word_1_604' title='bbox 1867 3453 2047 3507; x_wconf 84' lang='lat' dir='ltr'><strong>tnnnia</strong></span> <span class='ocrx_word' id='word_1_605' title='bbox 2078 3450 2225 3506; x_wconf 89' lang='lat' dir='ltr'><strong>Patri</strong></span> <span class='ocrx_word' id='word_1_606' title='bbox 2255 3458 2312 3505; x_wconf 90' lang='lat' dir='ltr'><strong>et</strong></span> <span class='ocrx_word' id='word_1_607' title='bbox 2344 3449 2482 3505; x_wconf 85' lang='lat' dir='ltr'><strong>Filio</strong></span> <span class='ocrx_word' id='word_1_608' title='bbox 2531 3438 2741 3505; x_wconf 81' lang='lat' dir='ltr'><strong>unitum</strong></span> <span class='ocrx_word' id='word_1_609' title='bbox 2787 3459 2890 3513; x_wconf 88' lang='lat' dir='ltr'><strong>est,</strong></span> <span class='ocrx_word' id='word_1_610' title='bbox 2929 3451 3033 3508; x_wconf 92' lang='lat' dir='ltr'><strong>hoc</strong></span> <span class='ocrx_word' id='word_1_611' title='bbox 3078 3453 3199 3523; x_wconf 89' lang='lat' dir='ltr'><strong>ipso</strong></span> <span class='ocrx_word' id='word_1_612' title='bbox 3224 3456 3445 3512; x_wconf 85' lang='lat' dir='ltr'><strong>nomine</strong></span> 
     </span>
    </p>
   </div>
   <div class='ocr_carea' id='block_1_80' title="bbox 1867 3542 3445 3614">
    <p class='ocr_par' dir='ltr' id='par_1_80' title="bbox 1867 3542 3445 3614">
     <span class='ocr_line' id='line_1_80' title="bbox 1867 3542 3445 3614; baseline 0.002 -15"><span class='ocrx_word' id='word_1_613' title='bbox 1867 3545 2120 3599; x_wconf 85' lang='lat' dir='ltr'><strong>confiteri</strong></span> <span class='ocrx_word' id='word_1_614' title='bbox 2171 3550 2477 3614; x_wconf 77' lang='lat' dir='ltr'><strong>cogeretur.</strong></span> <span class='ocrx_word' id='word_1_615' title='bbox 2509 3542 2957 3613; x_wconf 86' lang='lat' dir='ltr'><strong>Quandoquidem</strong></span> <span class='ocrx_word' id='word_1_616' title='bbox 3011 3547 3155 3600; x_wconf 92' lang='lat' dir='ltr'><strong>enim</strong></span> <span class='ocrx_word' id='word_1_617' title='bbox 3211 3546 3357 3602; x_wconf 89' lang='lat' dir='ltr'><strong>Patri</strong></span> <span class='ocrx_word' id='word_1_618' title='bbox 3389 3555 3445 3603; x_wconf 66' lang='lat' dir='ltr'><strong>ef.</strong></span> 
     </span>
    </p>
   </div>
   <div class='ocr_carea' id='block_1_81' title="bbox 1868 3629 3444 3703">
    <p class='ocr_par' dir='ltr' id='par_1_81' title="bbox 1868 3629 3444 3703">
     <span class='ocr_line' id='line_1_81' title="bbox 1868 3629 3444 3703; baseline 0.002 -15"><span class='ocrx_word' id='word_1_619' title='bbox 1868 3635 2005 3689; x_wconf 89' lang='lat' dir='ltr'><strong>Filio</strong></span> <span class='ocrx_word' id='word_1_620' title='bbox 2037 3650 2103 3689; x_wconf 81' lang='lat' dir='ltr'><strong>ex</strong></span> <span class='ocrx_word' id='word_1_621' title='bbox 2133 3648 2290 3703; x_wconf 68' lang='lat' dir='ltr'><strong>aequo</strong></span> <span class='ocrx_word' id='word_1_622' title='bbox 2313 3648 2437 3687; x_wconf 90' lang='lat' dir='ltr'><strong>cum</strong></span> <span class='ocrx_word' id='word_1_623' title='bbox 2475 3629 2707 3701; x_wconf 74' lang='lat' dir='ltr'><strong>Spiritus</strong></span> <span class='ocrx_word' id='word_1_624' title='bbox 2742 3642 2854 3686; x_wconf 91' lang='lat' dir='ltr'><strong>tum</strong></span> <span class='ocrx_word' id='word_1_625' title='bbox 2882 3634 3043 3688; x_wconf 89' lang='lat' dir='ltr'><strong>etiam</strong></span> <span class='ocrx_word' id='word_1_626' title='bbox 3075 3646 3444 3701; x_wconf 78' lang='lat' dir='ltr'><strong>sanctinun-</strong></span> 
     </span>
    </p>
   </div>
   <div class='ocr_carea' id='block_1_82' title="bbox 1866 3721 3442 3797">
    <p class='ocr_par' dir='ltr' id='par_1_82' title="bbox 1866 3721 3442 3797">
     <span class='ocr_line' id='line_1_82' title="bbox 1866 3721 3442 3797; baseline 0.001 -17"><span class='ocrx_word' id='word_1_627' title='bbox 1866 3726 2085 3796; x_wconf 90' lang='lat' dir='ltr'><strong>cupatio</strong></span> <span class='ocrx_word' id='word_1_628' title='bbox 2148 3725 2203 3777; x_wconf 93' lang='lat' dir='ltr'><strong>in</strong></span> <span class='ocrx_word' id='word_1_629' title='bbox 2256 3739 2412 3777; x_wconf 89' lang='lat' dir='ltr'><strong>sacra</strong></span> <span class='ocrx_word' id='word_1_630' title='bbox 2453 3721 2735 3793; x_wconf 88' lang='lat' dir='ltr'><strong>Scriptura</strong></span> <span class='ocrx_word' id='word_1_631' title='bbox 2790 3726 3235 3780; x_wconf 88' lang='lat' dir='ltr'><strong>accommodatur</strong></span> <span class='ocrx_word' id='word_1_632' title='bbox 3276 3727 3442 3797; x_wconf 85' lang='lat' dir='ltr'><strong>(Deus</strong></span> 
     </span>
    </p>
   </div>
   <div class='ocr_carea' id='block_1_83' title="bbox 1865 3815 3441 3884">
    <p class='ocr_par' dir='ltr' id='par_1_83' title="bbox 1865 3815 3441 3884">
     <span class='ocr_line' id='line_1_83' title="bbox 1865 3815 3441 3884; baseline 0.002 -13"><span class='ocrx_word' id='word_1_633' title='bbox 1865 3816 2010 3873; x_wconf 90' lang='lat' dir='ltr'><strong>enim</strong></span> <span class='ocrx_word' id='word_1_634' title='bbox 2043 3822 2128 3870; x_wconf 91' lang='lat' dir='ltr'><strong>est</strong></span> <span class='ocrx_word' id='word_1_635' title='bbox 2176 3815 2425 3883; x_wconf 84' lang='lat' dir='ltr'><strong>spiritus,</strong></span> <span class='ocrx_word' id='word_1_636' title='bbox 2464 3823 2519 3868; x_wconf 91' lang='lat' dir='ltr'><strong>et</strong></span> <span class='ocrx_word' id='word_1_637' title='bbox 2567 3815 2792 3883; x_wconf 91' lang='lat' dir='ltr'><strong>spiritus</strong></span> <span class='ocrx_word' id='word_1_638' title='bbox 2837 3822 2961 3869; x_wconf 87' lang='lat' dir='ltr'><strong>ante</strong></span> <span class='ocrx_word' id='word_1_639' title='bbox 3007 3831 3297 3884; x_wconf 88' lang='lat' dir='ltr'><strong>personam</strong></span> <span class='ocrx_word' id='word_1_640' title='bbox 3337 3836 3441 3875; x_wconf 92' lang='lat' dir='ltr'><strong>no-</strong></span> 
     </span>
    </p>
   </div>
   <div class='ocr_carea' id='block_1_84' title="bbox 1865 3904 3440 3967">
    <p class='ocr_par' dir='ltr' id='par_1_84' title="bbox 1865 3904 3440 3967">
     <span class='ocr_line' id='line_1_84' title="bbox 1865 3904 3440 3967; baseline 0.003 -5"><span class='ocrx_word' id='word_1_641' title='bbox 1865 3915 2034 3963; x_wconf 89' lang='lat' dir='ltr'><strong>stram</strong></span> <span class='ocrx_word' id='word_1_642' title='bbox 2086 3905 2342 3960; x_wconf 87' lang='lat' dir='ltr'><strong>Christus</strong></span> <span class='ocrx_word' id='word_1_643' title='bbox 2392 3904 2654 3959; x_wconf 87' lang='lat' dir='ltr'><strong>Dominus</strong></span> <span class='ocrx_word' id='word_1_644' title='bbox 2708 3923 2721 3958; x_wconf 90' lang='lat'><strong>:</strong></span> <span class='ocrx_word' id='word_1_645' title='bbox 2793 3913 2846 3959; x_wconf 87' lang='lat' dir='ltr'><strong>et</strong></span> <span class='ocrx_word' id='word_1_646' title='bbox 2904 3914 3128 3961; x_wconf 87' lang='lat' dir='ltr'><strong>sanctus</strong></span> <span class='ocrx_word' id='word_1_647' title='bbox 3180 3907 3440 3967; x_wconf 81' lang='lat' dir='ltr'><strong>Dominus</strong></span> 
     </span>
    </p>
   </div>
   <div class='ocr_carea' id='block_1_85' title="bbox 1867 3997 3438 4064">
    <p class='ocr_par' dir='ltr' id='par_1_85' title="bbox 1867 3997 3438 4064">
     <span class='ocr_line' id='line_1_85' title="bbox 1867 3997 3438 4064; baseline 0.003 -10"><span class='ocrx_word' id='word_1_648' title='bbox 1867 4000 2033 4064; x_wconf 92' lang='lat' dir='ltr'><strong>Deus,</strong></span> <span class='ocrx_word' id='word_1_649' title='bbox 2102 4005 2157 4053; x_wconf 93' lang='lat' dir='ltr'><strong>et</strong></span> <span class='ocrx_word' id='word_1_650' title='bbox 2212 4013 2357 4053; x_wconf 88' lang='lat' dir='ltr'><strong>unus</strong></span> <span class='ocrx_word' id='word_1_651' title='bbox 2424 4004 2686 4059; x_wconf 89' lang='lat' dir='ltr'><strong>sanctus,</strong></span> <span class='ocrx_word' id='word_1_652' title='bbox 2750 4013 2894 4052; x_wconf 92' lang='lat' dir='ltr'><strong>unus</strong></span> <span class='ocrx_word' id='word_1_653' title='bbox 2948 3997 3215 4055; x_wconf 91' lang='lat' dir='ltr'><strong>Dominus</strong></span> <span class='ocrx_word' id='word_1_654' title='bbox 3271 4000 3438 4058; x_wconf 82' lang='lat' dir='ltr'><strong>Jesus</strong></span> 
     </span>
    </p>
   </div>
   <div class='ocr_carea' id='block_1_86' title="bbox 1865 4090 3439 4163">
    <p class='ocr_par' dir='ltr' id='par_1_86' title="bbox 1865 4090 3439 4163">
     <span class='ocr_line' id='line_1_86' title="bbox 1865 4090 3439 4163; baseline -0.002 -13"><span class='ocrx_word' id='word_1_655' title='bbox 1865 4092 2163 4161; x_wconf 81' lang='lat' dir='ltr'><strong>Christus),</strong></span> <span class='ocrx_word' id='word_1_656' title='bbox 2184 4108 2253 4147; x_wconf 90' lang='lat' dir='ltr'><strong>ne</strong></span> <span class='ocrx_word' id='word_1_657' title='bbox 2280 4106 2387 4163; x_wconf 89' lang='lat' dir='ltr'><strong>qua</strong></span> <span class='ocrx_word' id='word_1_658' title='bbox 2419 4090 2765 4146; x_wconf 87' lang='lat' dir='ltr'><strong>audientibus</strong></span> <span class='ocrx_word' id='word_1_659' title='bbox 2799 4106 2895 4161; x_wconf 90' lang='lat' dir='ltr'><strong>per</strong></span> <span class='ocrx_word' id='word_1_660' title='bbox 2924 4091 3038 4145; x_wconf 56' lang='lat' dir='ltr'><strong>haec</strong></span> <span class='ocrx_word' id='word_1_661' title='bbox 3058 4094 3243 4158; x_wconf 90' lang='lat' dir='ltr'><strong>verba,</strong></span> <span class='ocrx_word' id='word_1_662' title='bbox 3264 4092 3439 4162; x_wconf 91' lang='lat' dir='ltr'><strong>Spiri-</strong></span> 
     </span>
    </p>
   </div>
   <div class='ocr_carea' id='block_1_87' title="bbox 1865 4180 3437 4252">
    <p class='ocr_par' dir='ltr' id='par_1_87' title="bbox 1865 4180 3437 4252">
     <span class='ocr_line' id='line_1_87' title="bbox 1865 4180 3437 4252; baseline -0.001 -12"><span class='ocrx_word' id='word_1_663' title='bbox 1865 4194 1954 4241; x_wconf 90' lang='lat' dir='ltr'><strong>tus</strong></span> <span class='ocrx_word' id='word_1_664' title='bbox 1987 4183 2164 4239; x_wconf 89' lang='lat' dir='ltr'><strong>sancti</strong></span> <span class='ocrx_word' id='word_1_665' title='bbox 2193 4182 2281 4252; x_wconf 89' lang='lat' dir='ltr'><strong>pia</strong></span> <span class='ocrx_word' id='word_1_666' title='bbox 2308 4190 2362 4238; x_wconf 87' lang='lat' dir='ltr'><strong>et</strong></span> <span class='ocrx_word' id='word_1_667' title='bbox 2388 4181 2642 4251; x_wconf 89' lang='lat' dir='ltr'><strong>religiosa</strong></span> <span class='ocrx_word' id='word_1_668' title='bbox 2695 4180 3108 4252; x_wconf 76' lang='lat' dir='ltr'><strong>ingeneraretur</strong></span> <span class='ocrx_word' id='word_1_669' title='bbox 3133 4184 3337 4252; x_wconf 90' lang='lat' dir='ltr'><strong>opinio,</strong></span> <span class='ocrx_word' id='word_1_670' title='bbox 3373 4201 3437 4239; x_wconf 77' lang='lat' dir='ltr'><strong>ex</strong></span> 
     </span>
    </p>
   </div>
   <div class='ocr_carea' id='block_1_88' title="bbox 1864 4272 3440 4343">
    <p class='ocr_par' dir='ltr' id='par_1_88' title="bbox 1864 4272 3440 4343">
     <span class='ocr_line' id='line_1_88' title="bbox 1864 4272 3440 4343; baseline -0.001 -11"><span class='ocrx_word' id='word_1_671' title='bbox 1864 4291 1931 4332; x_wconf 92' lang='lat' dir='ltr'><strong>eo</strong></span> <span class='ocrx_word' id='word_1_672' title='bbox 1974 4275 2138 4330; x_wconf 90' lang='lat' dir='ltr'><strong>insita</strong></span> <span class='ocrx_word' id='word_1_673' title='bbox 2162 4273 2306 4343; x_wconf 86' lang='lat' dir='ltr'><strong>quod</strong></span> <span class='ocrx_word' id='word_1_674' title='bbox 2333 4272 2567 4342; x_wconf 88' lang='lat' dir='ltr'><strong>Spiritus</strong></span> <span class='ocrx_word' id='word_1_675' title='bbox 2595 4278 2818 4327; x_wconf 88' lang='lat' dir='ltr'><strong>sanctus</strong></span> <span class='ocrx_word' id='word_1_676' title='bbox 2863 4288 3210 4328; x_wconf 89' lang='lat' dir='ltr'><strong>communem</strong></span> <span class='ocrx_word' id='word_1_677' title='bbox 3244 4275 3440 4331; x_wconf 88' lang='lat' dir='ltr'><strong>habeat</strong></span> 
     </span>
    </p>
   </div>
   <div class='ocr_carea' id='block_1_89' title="bbox 1865 4362 3440 4431">
    <p class='ocr_par' dir='ltr' id='par_1_89' title="bbox 1865 4362 3440 4431">
     <span class='ocr_line' id='line_1_89' title="bbox 1865 4362 3440 4431; baseline 0.001 -11"><span class='ocrx_word' id='word_1_678' title='bbox 1865 4382 1991 4420; x_wconf 91' lang='lat' dir='ltr'><strong>cum</strong></span> <span class='ocrx_word' id='word_1_679' title='bbox 2021 4364 2181 4419; x_wconf 89' lang='lat' dir='ltr'><strong>Patre</strong></span> <span class='ocrx_word' id='word_1_680' title='bbox 2214 4372 2269 4418; x_wconf 94' lang='lat' dir='ltr'><strong>et</strong></span> <span class='ocrx_word' id='word_1_681' title='bbox 2292 4362 2428 4417; x_wconf 88' lang='lat' dir='ltr'><strong>Filio</strong></span> <span class='ocrx_word' id='word_1_682' title='bbox 2451 4363 2715 4417; x_wconf 91' lang='lat' dir='ltr'><strong>illustrem</strong></span> <span class='ocrx_word' id='word_1_683' title='bbox 2748 4364 3190 4431; x_wconf 88' lang='lat' dir='ltr'><strong>appellationem,</strong></span> <span class='ocrx_word' id='word_1_684' title='bbox 3235 4366 3440 4421; x_wconf 88' lang='lat' dir='ltr'><strong>idcirco</strong></span> 
     </span>
    </p>
   </div>
   <div class='ocr_carea' id='block_1_90' title="bbox 187 4455 1768 4529">
    <p class='ocr_par' dir='ltr' id='par_1_90' title="bbox 187 4458 1755 4529">
     <span class='ocr_line' id='line_1_90' title="bbox 187 4458 1755 4529; baseline 0.002 -20"><span class='ocrx_word' id='word_1_685' title='bbox 187 4460 246 4528; x_wconf 74' lang='grc' dir='ltr'>τῇ</span> <span class='ocrx_word' id='word_1_686' title='bbox 269 4460 573 4529; x_wconf 83' lang='grc' dir='ltr'>παραδόσει</span> <span class='ocrx_word' id='word_1_687' title='bbox 606 4458 698 4511; x_wconf 89' lang='grc' dir='ltr'><strong>τοῦ</strong></span> <span class='ocrx_word' id='word_1_688' title='bbox 732 4458 1030 4529; x_wconf 81' lang='grc' dir='ltr'>μυστηρίου</span> <span class='ocrx_word' id='word_1_689' title='bbox 1063 4459 1394 4513; x_wconf 83' lang='grc' dir='ltr'>ὑπαλλάσσει</span> <span class='ocrx_word' id='word_1_690' title='bbox 1423 4458 1487 4512; x_wconf 78' lang='grc' dir='ltr'>τὰ</span> <span class='ocrx_word' id='word_1_691' title='bbox 1517 4460 1755 4529; x_wconf 79' lang='grc' dir='ltr'>ῥήματα·</span> 
     </span>
    </p>
   </div>
   <div class='ocr_carea' id='block_1_91' title="bbox 1872 4455 3436 4529">
    <p class='ocr_par' dir='ltr' id='par_1_91' title="bbox 1872 4455 3436 4523">
     <span class='ocr_line' id='line_1_91' title="bbox 1872 4455 3436 4523; baseline -0.001 -9"><span class='ocrx_word' id='word_1_692' title='bbox 1872 4460 2203 4513; x_wconf 88' lang='lat' dir='ltr'><strong>indoctorum</strong></span> <span class='ocrx_word' id='word_1_693' title='bbox 2227 4465 2280 4510; x_wconf 91' lang='lat' dir='ltr'><strong>et</strong></span> <span class='ocrx_word' id='word_1_694' title='bbox 2310 4455 2603 4508; x_wconf 90' lang='lat' dir='ltr'><strong>amentium</strong></span> <span class='ocrx_word' id='word_1_695' title='bbox 2624 4455 2865 4508; x_wconf 88' lang='lat' dir='ltr'><strong>auditum</strong></span> <span class='ocrx_word' id='word_1_696' title='bbox 2886 4456 3076 4510; x_wconf 75' lang='lat' dir='ltr'><strong>fallens</strong></span> <span class='ocrx_word' id='word_1_697' title='bbox 3104 4468 3157 4511; x_wconf 86' lang='lat' dir='ltr'><strong>et</strong></span> <span class='ocrx_word' id='word_1_698' title='bbox 3189 4458 3436 4523; x_wconf 85' lang='lat' dir='ltr'><strong>eludens,</strong></span> 
     </span>
    </p>
   </div>
   <div class='ocr_carea' id='block_1_92' title="bbox 186 4544 1759 4621">
    <p class='ocr_par' dir='ltr' id='par_1_92' title="bbox 186 4544 1759 4621">
     <span class='ocr_line' id='line_1_92' title="bbox 186 4544 1759 4621; baseline 0.004 -24"><span class='ocrx_word' id='word_1_699' title='bbox 186 4544 364 4618; x_wconf 83' lang='grc' dir='ltr'>ὥσπερ</span> <span class='ocrx_word' id='word_1_700' title='bbox 416 4548 747 4618; x_wconf 80' lang='grc' dir='ltr'>ὁδοποιήσας</span> <span class='ocrx_word' id='word_1_701' title='bbox 796 4548 885 4601; x_wconf 82' lang='grc' dir='ltr'><strong>διὰ</strong></span> <span class='ocrx_word' id='word_1_702' title='bbox 931 4548 1033 4619; x_wconf 81' lang='grc' dir='ltr'><strong>τῆς</strong></span> <span class='ocrx_word' id='word_1_703' title='bbox 1064 4548 1381 4612; x_wconf 85' lang='grc' dir='ltr'>ἀκολουθίας</span> <span class='ocrx_word' id='word_1_704' title='bbox 1418 4549 1621 4619; x_wconf 82' lang='grc' dir='ltr'>ταύτης</span> <span class='ocrx_word' id='word_1_705' title='bbox 1663 4549 1759 4621; x_wconf 78' lang='grc' dir='ltr'>τὴν</span> 
     </span>
    </p>
   </div>
   <div class='ocr_carea' id='block_1_93' title="bbox 187 4637 1760 4712">
    <p class='ocr_par' dir='ltr' id='par_1_93' title="bbox 187 4637 1760 4712">
     <span class='ocr_line' id='line_1_93' title="bbox 187 4637 1760 4712; baseline 0.002 -22"><span class='ocrx_word' id='word_1_706' title='bbox 187 4638 315 4691; x_wconf 79' lang='grc' dir='ltr'><strong>κατά</strong></span> <span class='ocrx_word' id='word_1_707' title='bbox 355 4638 456 4691; x_wconf 90' lang='grc' dir='ltr'><strong>τοῦ</strong></span> <span class='ocrx_word' id='word_1_708' title='bbox 505 4637 823 4710; x_wconf 79' lang='grc' dir='ltr'>Πνεῦματος</span> <span class='ocrx_word' id='word_1_709' title='bbox 869 4637 964 4693; x_wconf 90' lang='grc' dir='ltr'><strong>τοῦ</strong></span> <span class='ocrx_word' id='word_1_710' title='bbox 1014 4639 1169 4708; x_wconf 89' lang='grc' dir='ltr'>ἀγίου</span> <span class='ocrx_word' id='word_1_711' title='bbox 1221 4640 1492 4695; x_wconf 79' lang='grc' dir='ltr'>ἀσέϐειαν.</span> <span class='ocrx_word' id='word_1_712' title='bbox 1540 4642 1601 4693; x_wconf 87' lang='grc' dir='ltr'>Εί</span> <span class='ocrx_word' id='word_1_713' title='bbox 1652 4641 1760 4712; x_wconf 81' lang='grc' dir='ltr'>γὰρ</span> 
     </span>
    </p>
   </div>
   <div class='ocr_carea' id='block_1_94' title="bbox 187 4727 1760 4804">
    <p class='ocr_par' dir='ltr' id='par_1_94' title="bbox 187 4727 1760 4804">
     <span class='ocr_line' id='line_1_94' title="bbox 187 4727 1760 4804; baseline 0.003 -21"><span class='ocrx_word' id='word_1_714' title='bbox 187 4727 326 4786; x_wconf 76' lang='grc' dir='ltr'>εἶπεν</span> <span class='ocrx_word' id='word_1_715' title='bbox 349 4742 435 4794; x_wconf 82' lang='grc' dir='ltr'><strong>δτι</strong></span> <span class='ocrx_word' id='word_1_716' title='bbox 456 4730 797 4802; x_wconf 86' lang='grc' dir='ltr'>Πιστεύομεν</span> <span class='ocrx_word' id='word_1_717' title='bbox 824 4734 901 4795; x_wconf 87' lang='grc' dir='ltr'><strong>είς</strong></span> <span class='ocrx_word' id='word_1_718' title='bbox 922 4731 983 4786; x_wconf 90' lang='grc' dir='ltr'><strong>τὸ</strong></span> <span class='ocrx_word' id='word_1_719' title='bbox 1010 4732 1231 4802; x_wconf 80' lang='grc' dir='ltr'>Πνεῦμα</span> <span class='ocrx_word' id='word_1_720' title='bbox 1257 4733 1317 4785; x_wconf 93' lang='grc' dir='ltr'><strong>τὸ</strong></span> <span class='ocrx_word' id='word_1_721' title='bbox 1338 4734 1511 4801; x_wconf 83' lang='grc' dir='ltr'>ἆγιον,</span> <span class='ocrx_word' id='word_1_722' title='bbox 1536 4734 1760 4804; x_wconf 84' lang='grc' dir='ltr'>Πνεῦμα</span> 
     </span>
    </p>
   </div>
   <div class='ocr_carea' id='block_1_95' title="bbox 187 4822 1756 4895">
    <p class='ocr_par' dir='ltr' id='par_1_95' title="bbox 187 4822 1756 4895">
     <span class='ocr_line' id='line_1_95' title="bbox 187 4822 1756 4895; baseline 0 -19"><span class='ocrx_word' id='word_1_723' title='bbox 187 4822 238 4876; x_wconf 75' lang='grc' dir='ltr'>δὲ</span> <span class='ocrx_word' id='word_1_724' title='bbox 268 4826 297 4876; x_wconf 92' lang='lat'><strong>6</strong></span> <span class='ocrx_word' id='word_1_725' title='bbox 325 4826 485 4888; x_wconf 84' lang='grc' dir='ltr'>Θεὸς,</span> <span class='ocrx_word' id='word_1_726' title='bbox 524 4824 862 4893; x_wconf 83' lang='grc' dir='ltr'>ὑπέκρουσεν</span> <span class='ocrx_word' id='word_1_727' title='bbox 901 4823 966 4877; x_wconf 85' lang='grc' dir='ltr'>ἂν</span> <span class='ocrx_word' id='word_1_728' title='bbox 999 4826 1027 4878; x_wconf 90' lang='lat'><strong>6</strong></span> <span class='ocrx_word' id='word_1_729' title='bbox 1059 4824 1127 4877; x_wconf 82' lang='grc' dir='ltr'>τὰ</span> <span class='ocrx_word' id='word_1_730' title='bbox 1156 4824 1273 4877; x_wconf 86' lang='grc' dir='ltr'>θεῖα</span> <span class='ocrx_word' id='word_1_731' title='bbox 1307 4825 1756 4895; x_wconf 86' lang='grc' dir='ltr'>πεπαιδευμένος,</span> 
     </span>
    </p>
   </div>
   <div class='ocr_carea' id='block_1_96' title="bbox 188 4914 1755 4988">
    <p class='ocr_par' dir='ltr' id='par_1_96' title="bbox 188 4914 1755 4988">
     <span class='ocr_line' id='line_1_96' title="bbox 188 4914 1755 4988; baseline 0 -19"><span class='ocrx_word' id='word_1_732' title='bbox 188 4914 259 4969; x_wconf 76' lang='grc' dir='ltr'>ὅτι</span> <span class='ocrx_word' id='word_1_733' title='bbox 298 4916 366 4971; x_wconf 80' lang='lat' dir='ltr'><strong>El.</strong></span> <span class='ocrx_word' id='word_1_734' title='bbox 406 4918 517 4988; x_wconf 82' lang='grc' dir='ltr'><strong>χρὴ</strong></span> <span class='ocrx_word' id='word_1_735' title='bbox 568 4914 845 4969; x_wconf 82' lang='grc' dir='ltr'>πιστεύειν</span> <span class='ocrx_word' id='word_1_736' title='bbox 902 4916 981 4978; x_wconf 88' lang='grc' dir='ltr'><strong>είς</strong></span> <span class='ocrx_word' id='word_1_737' title='bbox 1044 4916 1105 4968; x_wconf 79' lang='grc' dir='ltr'><strong>τὸ</strong></span> <span class='ocrx_word' id='word_1_738' title='bbox 1160 4914 1384 4985; x_wconf 88' lang='grc' dir='ltr'>Πνεῦμα</span> <span class='ocrx_word' id='word_1_739' title='bbox 1438 4916 1499 4968; x_wconf 92' lang='grc' dir='ltr'><strong>τὸ</strong></span> <span class='ocrx_word' id='word_1_740' title='bbox 1566 4915 1755 4983; x_wconf 78' lang='grc' dir='ltr'>ἀγιονο</span> 
     </span>
    </p>
   </div>
   <div class='ocr_carea' id='block_1_97' title="bbox 190 5004 1759 5080">
    <p class='ocr_par' dir='ltr' id='par_1_97' title="bbox 190 5004 1759 5080">
     <span class='ocr_line' id='line_1_97' title="bbox 190 5004 1759 5080; baseline -0.002 -19"><span class='ocrx_word' id='word_1_741' title='bbox 190 5009 395 5080; x_wconf 85' lang='grc' dir='ltr'>πνεῦμα</span> <span class='ocrx_word' id='word_1_742' title='bbox 434 5010 492 5063; x_wconf 85' lang='grc' dir='ltr'>δὲ</span> <span class='ocrx_word' id='word_1_743' title='bbox 527 5010 555 5061; x_wconf 91' lang='lat'><strong>6</strong></span> <span class='ocrx_word' id='word_1_744' title='bbox 584 5008 717 5071; x_wconf 83' lang='grc' dir='ltr'>Θεὸς</span> <span class='ocrx_word' id='word_1_745' title='bbox 750 5004 1105 5077; x_wconf 79' lang='grc' dir='ltr'>ὀνομάζεται·</span> <span class='ocrx_word' id='word_1_746' title='bbox 1139 5006 1239 5059; x_wconf 83' lang='grc' dir='ltr'><strong>οὐκ</strong></span> <span class='ocrx_word' id='word_1_747' title='bbox 1272 5006 1400 5061; x_wconf 84' lang='grc' dir='ltr'>ἄλλο</span> <span class='ocrx_word' id='word_1_748' title='bbox 1418 5023 1469 5059; x_wconf 92' lang='grc' dir='ltr'><strong>τι</strong></span> <span class='ocrx_word' id='word_1_749' title='bbox 1506 5007 1647 5059; x_wconf 86' lang='grc' dir='ltr'>κατὰ</span> <span class='ocrx_word' id='word_1_750' title='bbox 1662 5006 1759 5078; x_wconf 79' lang='grc' dir='ltr'><strong>τὴν</strong></span> 
     </span>
    </p>
   </div>
   <div class='ocr_carea' id='block_1_98' title="bbox 190 5097 1762 5169">
    <p class='ocr_par' dir='ltr' id='par_1_98' title="bbox 190 5097 1762 5169">
     <span class='ocr_line' id='line_1_98' title="bbox 190 5097 1762 5169; baseline -0.002 -16"><span class='ocrx_word' id='word_1_751' title='bbox 190 5100 337 5167; x_wconf 72' lang='grc' dir='ltr'>φύσιν</span> <span class='ocrx_word' id='word_1_752' title='bbox 383 5102 555 5163; x_wconf 70' lang='grc' dir='ltr'>ἐστὶν,</span> <span class='ocrx_word' id='word_1_753' title='bbox 587 5099 621 5169; x_wconf 83' lang='grc' dir='ltr'>ἢ</span> <span class='ocrx_word' id='word_1_754' title='bbox 663 5100 837 5151; x_wconf 75' lang='grc' dir='ltr'>έκεῖνο</span> <span class='ocrx_word' id='word_1_755' title='bbox 870 5098 1086 5160; x_wconf 86' lang='grc' dir='ltr'>πάντως</span> <span class='ocrx_word' id='word_1_756' title='bbox 1114 5097 1142 5150; x_wconf 88' lang='lat'><strong>6</strong></span> <span class='ocrx_word' id='word_1_757' title='bbox 1173 5097 1261 5150; x_wconf 82' lang='grc' dir='ltr'>διὰ</span> <span class='ocrx_word' id='word_1_758' title='bbox 1291 5098 1399 5150; x_wconf 83' lang='grc' dir='ltr'><strong>τῶν</strong></span> <span class='ocrx_word' id='word_1_759' title='bbox 1433 5098 1612 5150; x_wconf 80' lang='grc' dir='ltr'>αὐτῶν</span> <span class='ocrx_word' id='word_1_760' title='bbox 1645 5098 1762 5150; x_wconf 82' lang='grc' dir='ltr'><strong>ὀνο-</strong></span> 
     </span>
    </p>
   </div>
   <div class='ocr_carea' id='block_1_99' title="bbox 194 5186 1760 5262">
    <p class='ocr_par' dir='ltr' id='par_1_99' title="bbox 194 5186 1760 5262">
     <span class='ocr_line' id='line_1_99' title="bbox 194 5186 1760 5262; baseline -0.002 -19"><span class='ocrx_word' id='word_1_761' title='bbox 194 5191 367 5257; x_wconf 78' lang='grc' dir='ltr'>μάτων</span> <span class='ocrx_word' id='word_1_762' title='bbox 398 5190 605 5262; x_wconf 86' lang='grc' dir='ltr'>κυρίως</span> <span class='ocrx_word' id='word_1_763' title='bbox 651 5186 1100 5259; x_wconf 81' lang='grc' dir='ltr'>κατονομάζεται.</span> <span class='ocrx_word' id='word_1_764' title='bbox 1137 5189 1275 5241; x_wconf 88' lang='grc' dir='ltr'>Ὅσα</span> <span class='ocrx_word' id='word_1_765' title='bbox 1300 5188 1407 5260; x_wconf 86' lang='grc' dir='ltr'>γὰρ</span> <span class='ocrx_word' id='word_1_766' title='bbox 1442 5189 1500 5240; x_wconf 78' lang='grc' dir='ltr'><strong>οῦ</strong></span> <span class='ocrx_word' id='word_1_767' title='bbox 1529 5188 1760 5258; x_wconf 71' lang='grc' dir='ltr'>ψευδῶς,</span> 
     </span>
    </p>
   </div>
   <div class='ocr_carea' id='block_1_100' title="bbox 189 5278 1758 5351">
    <p class='ocr_par' dir='ltr' id='par_1_100' title="bbox 189 5278 1758 5351">
     <span class='ocr_line' id='line_1_100' title="bbox 189 5278 1758 5351; baseline 0 -20"><span class='ocrx_word' id='word_1_768' title='bbox 189 5281 299 5333; x_wconf 75' lang='grc' dir='ltr'>οὐδὲ</span> <span class='ocrx_word' id='word_1_769' title='bbox 349 5283 414 5335; x_wconf 80' lang='grc' dir='ltr'>ὲκ</span> <span class='ocrx_word' id='word_1_770' title='bbox 450 5280 866 5351; x_wconf 82' lang='grc' dir='ltr'>καταχρήσεως,</span> <span class='ocrx_word' id='word_1_771' title='bbox 894 5279 1029 5332; x_wconf 87' lang='grc' dir='ltr'><strong>ἀλλά</strong></span> <span class='ocrx_word' id='word_1_772' title='bbox 1059 5278 1261 5351; x_wconf 86' lang='grc' dir='ltr'>κυρίως</span> <span class='ocrx_word' id='word_1_773' title='bbox 1306 5279 1409 5332; x_wconf 86' lang='grc' dir='ltr'><strong>ὑπὸ</strong></span> <span class='ocrx_word' id='word_1_774' title='bbox 1444 5279 1552 5331; x_wconf 83' lang='grc' dir='ltr'><strong>τῶν</strong></span> <span class='ocrx_word' id='word_1_775' title='bbox 1579 5279 1758 5332; x_wconf 80' lang='grc' dir='ltr'>αὐτῶν</span> 
     </span>
    </p>
   </div>
   <div class='ocr_carea' id='block_1_101' title="bbox 190 5369 1759 5444">
    <p class='ocr_par' dir='ltr' id='par_1_101' title="bbox 190 5369 1759 5444">
     <span class='ocr_line' id='line_1_101' title="bbox 190 5369 1759 5444; baseline -0.001 -21"><span class='ocrx_word' id='word_1_776' title='bbox 190 5372 457 5442; x_wconf 77' lang='grc' dir='ltr'>ὀνομάτων</span> <span class='ocrx_word' id='word_1_777' title='bbox 491 5371 766 5444; x_wconf 77' lang='grc' dir='ltr'>δηλοῦται,</span> <span class='ocrx_word' id='word_1_778' title='bbox 816 5371 1020 5424; x_wconf 83' lang='grc' dir='ltr'>τούτων</span> <span class='ocrx_word' id='word_1_779' title='bbox 1060 5370 1273 5440; x_wconf 82' lang='grc' dir='ltr'>ἀνάγκη</span> <span class='ocrx_word' id='word_1_780' title='bbox 1305 5371 1451 5423; x_wconf 84' lang='grc' dir='ltr'>πᾶσα</span> <span class='ocrx_word' id='word_1_781' title='bbox 1499 5369 1626 5440; x_wconf 90' lang='grc' dir='ltr'>μίαν</span> <span class='ocrx_word' id='word_1_782' title='bbox 1665 5369 1759 5423; x_wconf 77' lang='grc' dir='ltr'>καὶ</span> 
     </span>
    </p>
   </div>
   <div class='ocr_carea' id='block_1_102' title="bbox 192 5457 1760 5531">
    <p class='ocr_par' dir='ltr' id='par_1_102' title="bbox 192 5457 1760 5531">
     <span class='ocr_line' id='line_1_102' title="bbox 192 5457 1760 5531; baseline 0.002 -22"><span class='ocrx_word' id='word_1_783' title='bbox 192 5457 281 5527; x_wconf 73' lang='grc' dir='ltr'>τὴν</span> <span class='ocrx_word' id='word_1_784' title='bbox 308 5460 478 5531; x_wconf 79' lang='grc' dir='ltr'>αὐτὴν</span> <span class='ocrx_word' id='word_1_785' title='bbox 506 5458 884 5531; x_wconf 81' lang='grc' dir='ltr'>ὁμολογεῖσθαι</span> <span class='ocrx_word' id='word_1_786' title='bbox 910 5458 1094 5528; x_wconf 80' lang='grc' dir='ltr'>φύσιν,</span> <span class='ocrx_word' id='word_1_787' title='bbox 1140 5460 1239 5529; x_wconf 84' lang='grc' dir='ltr'><strong>τὴν</strong></span> <span class='ocrx_word' id='word_1_788' title='bbox 1284 5462 1396 5523; x_wconf 84' lang='grc' dir='ltr'>τοῖς</span> <span class='ocrx_word' id='word_1_789' title='bbox 1446 5459 1628 5522; x_wconf 80' lang='grc' dir='ltr'>αὐτοῖς</span> <span class='ocrx_word' id='word_1_790' title='bbox 1664 5476 1760 5530; x_wconf 84' lang='grc' dir='ltr'>ση-</span> 
     </span>
    </p>
   </div>
   <div class='ocr_carea' id='block_1_103' title="bbox 198 5548 1758 5623">
    <p class='ocr_par' dir='ltr' id='par_1_103' title="bbox 198 5548 1758 5623">
     <span class='ocr_line' id='line_1_103' title="bbox 198 5548 1758 5623; baseline 0.002 -21"><span class='ocrx_word' id='word_1_791' title='bbox 198 5551 516 5623; x_wconf 81' lang='grc' dir='ltr'>μαινομένην</span> <span class='ocrx_word' id='word_1_792' title='bbox 545 5551 791 5623; x_wconf 84' lang='grc' dir='ltr'>ὀνόμασι.</span> <span class='ocrx_word' id='word_1_793' title='bbox 823 5550 921 5605; x_wconf 90' lang='grc' dir='ltr'>Διά</span> <span class='ocrx_word' id='word_1_794' title='bbox 950 5551 1121 5606; x_wconf 89' lang='grc' dir='ltr'>ταῦτα</span> <span class='ocrx_word' id='word_1_795' title='bbox 1156 5550 1436 5621; x_wconf 79' lang='grc' dir='ltr'>σιωπήσας</span> <span class='ocrx_word' id='word_1_796' title='bbox 1470 5548 1566 5621; x_wconf 81' lang='grc' dir='ltr'><strong>τὴν</strong></span> <span class='ocrx_word' id='word_1_797' title='bbox 1607 5550 1758 5623; x_wconf 78' lang='grc' dir='ltr'>παρὰ</span> 
     </span>
    </p>
   </div>
   <div class='ocr_carea' id='block_1_104' title="bbox 256 5727 1736 5798">
    <p class='ocr_par' dir='ltr' id='par_1_104' title="bbox 256 5727 1736 5798">
     <span class='ocr_line' id='line_1_104' title="bbox 256 5727 1736 5798; baseline 0.002 -15"><span class='ocrx_word' id='word_1_798' title='bbox 256 5727 304 5761; x_wconf 72' lang='grc'><strong>’⁸</strong></span> <span class='ocrx_word' id='word_1_799' title='bbox 330 5728 474 5787; x_wconf 86' lang='lat' dir='ltr'><strong>Psal.</strong></span> <span class='ocrx_word' id='word_1_800' title='bbox 503 5747 651 5798; x_wconf 75' lang='lat' dir='ltr'><strong>utv,</strong></span> <span class='ocrx_word' id='word_1_801' title='bbox 682 5733 734 5788; x_wconf 76' lang='lat'><strong>5.</strong></span> <span class='ocrx_word' id='word_1_802' title='bbox 810 5734 854 5765; x_wconf 82' lang='lat'>&quot;</span> <span class='ocrx_word' id='word_1_803' title='bbox 889 5730 1024 5787; x_wconf 89' lang='lat' dir='ltr'><strong>Gen.</strong></span> <span class='ocrx_word' id='word_1_804' title='bbox 1070 5746 1214 5797; x_wconf 76' lang='lat' dir='ltr'><strong>XLVI,</strong></span> <span class='ocrx_word' id='word_1_805' title='bbox 1236 5731 1341 5798; x_wconf 67' lang='lat'><strong>27;</strong></span> <span class='ocrx_word' id='word_1_806' title='bbox 1367 5731 1486 5785; x_wconf 84' lang='lat' dir='ltr'><strong>Act.</strong></span> <span class='ocrx_word' id='word_1_807' title='bbox 1517 5744 1614 5797; x_wconf 91' lang='lat' dir='ltr'><strong>vn,</strong></span> <span class='ocrx_word' id='word_1_808' title='bbox 1650 5730 1736 5786; x_wconf 72' lang='lat' dir='ltr'><strong>l4.</strong></span> 
     </span>
    </p>
   </div>
   <div class='ocr_carea' id='block_1_105' title="bbox 1867 4546 3439 4619">
    <p class='ocr_par' dir='ltr' id='par_1_105' title="bbox 1867 4546 3439 4619">
     <span class='ocr_line' id='line_1_105' title="bbox 1867 4546 3439 4619; baseline 0.001 -14"><span class='ocrx_word' id='word_1_809' title='bbox 1867 4565 1897 4605; x_wconf 91' lang='lat' dir='ltr'><strong>a</strong></span> <span class='ocrx_word' id='word_1_810' title='bbox 1928 4550 2036 4606; x_wconf 85' lang='lat' dir='ltr'><strong>Deo</strong></span> <span class='ocrx_word' id='word_1_811' title='bbox 2056 4548 2319 4619; x_wconf 75' lang='lat' dir='ltr'><strong>exposita:</strong></span> <span class='ocrx_word' id='word_1_812' title='bbox 2368 4546 2490 4601; x_wconf 82' lang='lat' dir='ltr'><strong>fidei</strong></span> <span class='ocrx_word' id='word_1_813' title='bbox 2528 4548 2583 4600; x_wconf 90' lang='lat' dir='ltr'><strong>in</strong></span> <span class='ocrx_word' id='word_1_814' title='bbox 2644 4547 2941 4601; x_wconf 81' lang='lat' dir='ltr'><strong>traditione.</strong></span> <span class='ocrx_word' id='word_1_815' title='bbox 2975 4550 3220 4619; x_wconf 84' lang='lat' dir='ltr'><strong>mysterii</strong></span> <span class='ocrx_word' id='word_1_816' title='bbox 3272 4552 3439 4606; x_wconf 84' lang='lat' dir='ltr'><strong>verba</strong></span> 
     </span>
    </p>
   </div>
   <div class='ocr_carea' id='block_1_106' title="bbox 1865 4637 3439 4707">
    <p class='ocr_par' dir='ltr' id='par_1_106' title="bbox 1865 4637 3439 4707">
     <span class='ocr_line' id='line_1_106' title="bbox 1865 4637 3439 4707; baseline 0.001 -12"><span class='ocrx_word' id='word_1_817' title='bbox 1865 4641 2117 4695; x_wconf 87' lang='lat' dir='ltr'><strong>immutat</strong></span> <span class='ocrx_word' id='word_1_818' title='bbox 2166 4646 2221 4694; x_wconf 91' lang='lat' dir='ltr'><strong>et</strong></span> <span class='ocrx_word' id='word_1_819' title='bbox 2263 4638 2504 4701; x_wconf 89' lang='lat' dir='ltr'><strong>invertit,</strong></span> <span class='ocrx_word' id='word_1_820' title='bbox 2562 4649 2818 4707; x_wconf 87' lang='lat' dir='ltr'><strong>tanquam</strong></span> <span class='ocrx_word' id='word_1_821' title='bbox 2860 4637 2950 4692; x_wconf 91' lang='lat' dir='ltr'><strong>hic</strong></span> <span class='ocrx_word' id='word_1_822' title='bbox 2983 4639 3125 4693; x_wconf 85' lang='lat' dir='ltr'><strong>viam</strong></span> <span class='ocrx_word' id='word_1_823' title='bbox 3185 4648 3439 4696; x_wconf 91' lang='lat' dir='ltr'><strong>sternens</strong></span> 
     </span>
    </p>
   </div>
   <div class='ocr_carea' id='block_1_107' title="bbox 1865 4729 3438 4805">
    <p class='ocr_par' dir='ltr' id='par_1_107' title="bbox 1865 4729 3438 4805">
     <span class='ocr_line' id='line_1_107' title="bbox 1865 4729 3438 4805; baseline -0.001 -16"><span class='ocrx_word' id='word_1_824' title='bbox 1865 4748 1963 4804; x_wconf 88' lang='lat' dir='ltr'><strong>per</strong></span> <span class='ocrx_word' id='word_1_825' title='bbox 1994 4732 2134 4786; x_wconf 89' lang='lat' dir='ltr'><strong>hanc</strong></span> <span class='ocrx_word' id='word_1_826' title='bbox 2155 4730 2603 4800; x_wconf 88' lang='lat' dir='ltr'><strong>consequentiam</strong></span> <span class='ocrx_word' id='word_1_827' title='bbox 2630 4729 2698 4784; x_wconf 88' lang='lat' dir='ltr'><strong>ad</strong></span> <span class='ocrx_word' id='word_1_828' title='bbox 2731 4730 3061 4800; x_wconf 89' lang='lat' dir='ltr'><strong>impietatem</strong></span> <span class='ocrx_word' id='word_1_829' title='bbox 3087 4742 3277 4787; x_wconf 90' lang='lat' dir='ltr'><strong>contra</strong></span> <span class='ocrx_word' id='word_1_830' title='bbox 3312 4734 3438 4805; x_wconf 84' lang='lat' dir='ltr'><strong>Spi-</strong></span> 
     </span>
    </p>
   </div>
   <div class='ocr_carea' id='block_1_108' title="bbox 1865 4822 3439 4894">
    <p class='ocr_par' dir='ltr' id='par_1_108' title="bbox 1865 4822 3439 4894">
     <span class='ocr_line' id='line_1_108' title="bbox 1865 4822 3439 4894; baseline 0 -14"><span class='ocrx_word' id='word_1_831' title='bbox 1865 4827 2030 4880; x_wconf 92' lang='lat' dir='ltr'><strong>ritum</strong></span> <span class='ocrx_word' id='word_1_832' title='bbox 2062 4833 2333 4879; x_wconf 89' lang='lat' dir='ltr'><strong>sanctnm.</strong></span> <span class='ocrx_word' id='word_1_833' title='bbox 2362 4822 2420 4875; x_wconf 93' lang='lat' dir='ltr'><strong>Si</strong></span> <span class='ocrx_word' id='word_1_834' title='bbox 2452 4822 2597 4877; x_wconf 92' lang='lat' dir='ltr'><strong>enim</strong></span> <span class='ocrx_word' id='word_1_835' title='bbox 2641 4822 2877 4877; x_wconf 78' lang='lat' dir='ltr'><strong>dixisset</strong></span> <span class='ocrx_word' id='word_1_836' title='bbox 2904 4823 3191 4880; x_wconf 88' lang='lat' dir='ltr'><strong>Credimus</strong></span> <span class='ocrx_word' id='word_1_837' title='bbox 3217 4825 3271 4878; x_wconf 89' lang='lat' dir='ltr'><strong>in</strong></span> <span class='ocrx_word' id='word_1_838' title='bbox 3314 4824 3439 4894; x_wconf 89' lang='lat' dir='ltr'><strong>Spi-</strong></span> 
     </span>
    </p>
   </div>
   <div class='ocr_carea' id='block_1_109' title="bbox 1865 4911 3433 4983">
    <p class='ocr_par' dir='ltr' id='par_1_109' title="bbox 1865 4911 3433 4983">
     <span class='ocr_line' id='line_1_109' title="bbox 1865 4911 3433 4983; baseline -0.001 -12"><span class='ocrx_word' id='word_1_839' title='bbox 1865 4917 2033 4971; x_wconf 88' lang='lat' dir='ltr'><strong>ritum</strong></span> <span class='ocrx_word' id='word_1_840' title='bbox 2070 4922 2343 4977; x_wconf 85' lang='lat' dir='ltr'><strong>sanctum,</strong></span> <span class='ocrx_word' id='word_1_841' title='bbox 2387 4911 2627 4982; x_wconf 90' lang='lat' dir='ltr'><strong>Spiritus</strong></span> <span class='ocrx_word' id='word_1_842' title='bbox 2675 4922 2853 4968; x_wconf 88' lang='lat' dir='ltr'><strong>autem</strong></span> <span class='ocrx_word' id='word_1_843' title='bbox 2901 4915 3039 4969; x_wconf 86' lang='lat' dir='ltr'><strong>Deus</strong></span> <span class='ocrx_word' id='word_1_844' title='bbox 3076 4922 3188 4979; x_wconf 91' lang='lat' dir='ltr'><strong>est;</strong></span> <span class='ocrx_word' id='word_1_845' title='bbox 3240 4915 3330 4983; x_wconf 92' lang='lat' dir='ltr'><strong>qui</strong></span> <span class='ocrx_word' id='word_1_846' title='bbox 3381 4916 3433 4969; x_wconf 92' lang='lat' dir='ltr'><strong>in</strong></span> 
     </span>
    </p>
   </div>
   <div class='ocr_carea' id='block_1_110' title="bbox 1863 5005 3432 5074">
    <p class='ocr_par' dir='ltr' id='par_1_110' title="bbox 1863 5005 3432 5074">
     <span class='ocr_line' id='line_1_110' title="bbox 1863 5005 3432 5074; baseline -0.001 -11"><span class='ocrx_word' id='word_1_847' title='bbox 1863 5009 2064 5064; x_wconf 87' lang='lat' dir='ltr'><strong>divinis</strong></span> <span class='ocrx_word' id='word_1_848' title='bbox 2090 5005 2341 5062; x_wconf 89' lang='lat' dir='ltr'><strong>eruditus</strong></span> <span class='ocrx_word' id='word_1_849' title='bbox 2380 5012 2494 5070; x_wconf 88' lang='lat' dir='ltr'><strong>est,</strong></span> <span class='ocrx_word' id='word_1_850' title='bbox 2528 5006 2957 5074; x_wconf 82' lang='lat' dir='ltr'><strong>subcrepuisset,</strong></span> <span class='ocrx_word' id='word_1_851' title='bbox 2990 5005 3050 5057; x_wconf 85' lang='lat' dir='ltr'><strong>Si</strong></span> <span class='ocrx_word' id='word_1_852' title='bbox 3085 5006 3137 5059; x_wconf 92' lang='lat' dir='ltr'><strong>in</strong></span> <span class='ocrx_word' id='word_1_853' title='bbox 3171 5006 3432 5074; x_wconf 87' lang='lat' dir='ltr'><strong>Spiritum</strong></span> 
     </span>
    </p>
   </div>
   <div class='ocr_carea' id='block_1_111' title="bbox 1864 5095 3435 5165">
    <p class='ocr_par' dir='ltr' id='par_1_111' title="bbox 1864 5095 3435 5165">
     <span class='ocr_line' id='line_1_111' title="bbox 1864 5095 3435 5165; baseline -0.004 -8"><span class='ocrx_word' id='word_1_854' title='bbox 1864 5108 2111 5157; x_wconf 84' lang='lat' dir='ltr'><strong>sanctum</strong></span> <span class='ocrx_word' id='word_1_855' title='bbox 2154 5097 2482 5153; x_wconf 87' lang='lat' dir='ltr'><strong>credendum</strong></span> <span class='ocrx_word' id='word_1_856' title='bbox 2527 5104 2609 5151; x_wconf 90' lang='lat' dir='ltr'><strong>est</strong></span> <span class='ocrx_word' id='word_1_857' title='bbox 2633 5139 2648 5162; x_wconf 93' lang='lat'><strong>,</strong></span> <span class='ocrx_word' id='word_1_858' title='bbox 2680 5097 2902 5165; x_wconf 90' lang='lat' dir='ltr'><strong>spiritus</strong></span> <span class='ocrx_word' id='word_1_859' title='bbox 2941 5103 3120 5149; x_wconf 89' lang='lat' dir='ltr'><strong>autem</strong></span> <span class='ocrx_word' id='word_1_860' title='bbox 3161 5095 3301 5151; x_wconf 86' lang='lat' dir='ltr'><strong>Dens</strong></span> <span class='ocrx_word' id='word_1_861' title='bbox 3334 5112 3435 5151; x_wconf 89' lang='lat' dir='ltr'><strong>no-</strong></span> 
     </span>
    </p>
   </div>
   <div class='ocr_carea' id='block_1_112' title="bbox 1864 5183 3434 5255">
    <p class='ocr_par' dir='ltr' id='par_1_112' title="bbox 1864 5183 3434 5255">
     <span class='ocr_line' id='line_1_112' title="bbox 1864 5183 3434 5255; baseline -0.003 -13"><span class='ocrx_word' id='word_1_862' title='bbox 1864 5188 2125 5250; x_wconf 90' lang='lat' dir='ltr'><strong>minatur,</strong></span> <span class='ocrx_word' id='word_1_863' title='bbox 2185 5201 2296 5241; x_wconf 92' lang='lat' dir='ltr'><strong>non</strong></span> <span class='ocrx_word' id='word_1_864' title='bbox 2327 5185 2475 5239; x_wconf 90' lang='lat' dir='ltr'><strong>aliud</strong></span> <span class='ocrx_word' id='word_1_865' title='bbox 2530 5184 2657 5255; x_wconf 89' lang='lat' dir='ltr'><strong>quid</strong></span> <span class='ocrx_word' id='word_1_866' title='bbox 2697 5183 2994 5239; x_wconf 88' lang='lat' dir='ltr'><strong>secundmn</strong></span> <span class='ocrx_word' id='word_1_867' title='bbox 3032 5193 3282 5238; x_wconf 88' lang='lat' dir='ltr'><strong>naturam</strong></span> <span class='ocrx_word' id='word_1_868' title='bbox 3352 5194 3434 5240; x_wconf 86' lang='lat' dir='ltr'><strong>est</strong></span> 
     </span>
    </p>
   </div>
   <div class='ocr_carea' id='block_1_113' title="bbox 1864 5274 3433 5346">
    <p class='ocr_par' dir='ltr' id='par_1_113' title="bbox 1864 5274 3433 5346">
     <span class='ocr_line' id='line_1_113' title="bbox 1864 5274 3433 5346; baseline -0.003 -15"><span class='ocrx_word' id='word_1_869' title='bbox 1864 5278 1955 5332; x_wconf 92' lang='lat' dir='ltr'><strong>ille</strong></span> <span class='ocrx_word' id='word_1_870' title='bbox 1993 5276 2219 5331; x_wconf 89' lang='lat' dir='ltr'><strong>omnino</strong></span> <span class='ocrx_word' id='word_1_871' title='bbox 2248 5277 2343 5346; x_wconf 88' lang='lat' dir='ltr'><strong>qui</strong></span> <span class='ocrx_word' id='word_1_872' title='bbox 2380 5291 2475 5345; x_wconf 86' lang='lat' dir='ltr'><strong>per</strong></span> <span class='ocrx_word' id='word_1_873' title='bbox 2506 5274 2694 5329; x_wconf 87' lang='lat' dir='ltr'><strong>eadem</strong></span> <span class='ocrx_word' id='word_1_874' title='bbox 2732 5274 2950 5329; x_wconf 90' lang='lat' dir='ltr'><strong>nomina</strong></span> <span class='ocrx_word' id='word_1_875' title='bbox 2995 5275 3433 5345; x_wconf 81' lang='lat' dir='ltr'><strong>cognominatur.</strong></span> 
     </span>
    </p>
   </div>
   <div class='ocr_carea' id='block_1_114' title="bbox 1864 5366 3435 5439">
    <p class='ocr_par' dir='ltr' id='par_1_114' title="bbox 1864 5366 3435 5439">
     <span class='ocr_line' id='line_1_114' title="bbox 1864 5366 3435 5439; baseline -0.002 -17"><span class='ocrx_word' id='word_1_876' title='bbox 1864 5368 1997 5422; x_wconf 86' lang='lat' dir='ltr'><strong>Nam</strong></span> <span class='ocrx_word' id='word_1_877' title='bbox 2052 5384 2397 5439; x_wconf 63' lang='lat' dir='ltr'><strong>quaecunque</strong></span> <span class='ocrx_word' id='word_1_878' title='bbox 2441 5382 2551 5421; x_wconf 91' lang='lat' dir='ltr'><strong>non</strong></span> <span class='ocrx_word' id='word_1_879' title='bbox 2604 5366 2761 5430; x_wconf 86' lang='lat' dir='ltr'><strong>falso,</strong></span> <span class='ocrx_word' id='word_1_880' title='bbox 2816 5380 2916 5419; x_wconf 92' lang='lat' dir='ltr'><strong>nec</strong></span> <span class='ocrx_word' id='word_1_881' title='bbox 2962 5381 3026 5420; x_wconf 83' lang='lat' dir='ltr'><strong>ex</strong></span> <span class='ocrx_word' id='word_1_882' title='bbox 3083 5367 3280 5430; x_wconf 90' lang='lat' dir='ltr'><strong>abusu,</strong></span> <span class='ocrx_word' id='word_1_883' title='bbox 3343 5369 3435 5421; x_wconf 78' lang='lat' dir='ltr'><strong>sed</strong></span> 
     </span>
    </p>
   </div>
   <div class='ocr_carea' id='block_1_115' title="bbox 1865 5456 3434 5531">
    <p class='ocr_par' dir='ltr' id='par_1_115' title="bbox 1865 5456 3434 5531">
     <span class='ocr_line' id='line_1_115' title="bbox 1865 5456 3434 5531; baseline -0.003 -18"><span class='ocrx_word' id='word_1_884' title='bbox 1865 5460 2085 5531; x_wconf 84' lang='lat' dir='ltr'><strong>proprie</strong></span> <span class='ocrx_word' id='word_1_885' title='bbox 2134 5474 2231 5530; x_wconf 88' lang='lat' dir='ltr'><strong>per</strong></span> <span class='ocrx_word' id='word_1_886' title='bbox 2295 5458 2481 5513; x_wconf 89' lang='lat' dir='ltr'><strong>eadem</strong></span> <span class='ocrx_word' id='word_1_887' title='bbox 2527 5458 2746 5511; x_wconf 87' lang='lat' dir='ltr'><strong>nomina</strong></span> <span class='ocrx_word' id='word_1_888' title='bbox 2796 5456 3184 5521; x_wconf 84' lang='lat' dir='ltr'><strong>declarantur,</strong></span> <span class='ocrx_word' id='word_1_889' title='bbox 3239 5457 3434 5510; x_wconf 86' lang='lat' dir='ltr'><strong>horum</strong></span> 
     </span>
    </p>
   </div>
   <div class='ocr_carea' id='block_1_116' title="bbox 1866 5547 3441 5621">
    <p class='ocr_par' dir='ltr' id='par_1_116' title="bbox 1866 5547 3441 5621">
     <span class='ocr_line' id='line_1_116' title="bbox 1866 5547 3441 5621; baseline -0.004 -13"><span class='ocrx_word' id='word_1_890' title='bbox 1866 5567 2029 5608; x_wconf 86' lang='lat' dir='ltr'><strong>unam</strong></span> <span class='ocrx_word' id='word_1_891' title='bbox 2056 5550 2413 5621; x_wconf 81' lang='lat' dir='ltr'><strong>eamdemque</strong></span> <span class='ocrx_word' id='word_1_892' title='bbox 2432 5558 2681 5606; x_wconf 87' lang='lat' dir='ltr'><strong>naturam</strong></span> <span class='ocrx_word' id='word_1_893' title='bbox 2713 5564 2939 5604; x_wconf 89' lang='lat' dir='ltr'><strong>necesse</strong></span> <span class='ocrx_word' id='word_1_894' title='bbox 2978 5556 3061 5604; x_wconf 91' lang='lat' dir='ltr'><strong>est</strong></span> <span class='ocrx_word' id='word_1_895' title='bbox 3104 5548 3328 5604; x_wconf 91' lang='lat' dir='ltr'><strong>omnino</strong></span> <span class='ocrx_word' id='word_1_896' title='bbox 3360 5547 3441 5602; x_wconf 76' lang='lat' dir='ltr'><strong>fa-</strong></span> 
     </span>
    </p>
   </div>
  </div>
