3922 6472
473 339 570 398 551

1686 332 1744 390 S.
1783 331 2110 391 CREGORII
2167 331 2458 388 NYSSENI

3620 331 3709 387 552

478 462 603 522 teri,
629 474 750 530 quae
771 457 961 514 iisdem
981 457 1297 514 nominibus
1325 456 1688 528 signiﬁcatur.
1715 454 2060 525 Quapropter

2167 454 2252 506 τοῦ
2292 452 2494 523 Κυρίου
2549 449 2999 522 νομοθετηθεῖσαν
3067 450 3126 506 ἐν
3165 453 3231 524 τῇ
3288 451 3468 506 πίστει
3525 456 3706 524 φωνὴν,

480 551 700 624 silentio
722 549 920 614 tacitus
947 547 1230 604 involvens
1257 563 1286 602 a
1317 547 1545 601 Domino
1575 547 1628 600 in
1659 544 1761 599 lide
1793 546 2056 619 prolatam

479 650 534 699 et
557 642 912 696 constitutam
939 655 1150 702 vocem,
1174 638 1470 704 Credimus,
1502 639 1700 708 inquit.
1727 639 1780 692 in
1808 636 2052 690 Pararle-

478 745 608 798 tum,
644 732 698 786 id
727 739 830 796 est,
885 733 1287 786 consolatorem
1342 738 1396 785 et
1430 731 1894 783 contirmatorem.
1949 725 2060 797 Ego

478 833 660 880 autem
697 824 752 877 in
776 821 1044 877 divinitus
1064 821 1330 892 inspirata
1361 821 1668 890 Scriptura,
1705 818 1808 872 hoc
1861 832 2059 874 nomen

476 931 602 971 esse
631 929 922 969 commune
953 911 1132 968 Patris
1162 919 1216 967 et
1248 912 1369 966 Filii
1397 911 1588 966 didici.
1623 909 1794 965 Filius
1819 910 1962 964 enim
1992 924 2060 964 ex

477 1021 636 1077 πηυο
664 1017 718 1060 ct
738 1006 977 1074 seipsum
1013 1012 1178 1072 atque
1207 1003 1371 1057 etiam
1406 1003 1669 1071 Spiritum
1693 1010 1942 1056 sanctum
1969 1016 2062 1055 no-

481 1098 655 1150 minat
684 1098 1047 1158 Paraclctum,
1073 1098 1127 1151 id
1169 1105 1276 1162 est,
1321 1096 1745 1152 consolatorem.
1788 1094 1946 1149 Pater
1970 1111 2062 1149 ve-

485 1206 547 1242 ro
570 1205 665 1260 per
699 1205 820 1259 quae
840 1197 1098 1258 operatur
1132 1189 1476 1259 paraclesim,
1509 1187 1563 1241 id
1606 1197 1690 1242 est
1736 1187 2059 1241 consolatio-

483 1299 620 1345 nem,
680 1298 874 1337 nomen
937 1285 1220 1353 paracleti,
1272 1283 1322 1337 id
1394 1293 1476 1340 est
1519 1283 1894 1343 consolatoris,
1957 1282 2060 1337 sibi

482 1387 711 1443 prorsus
749 1373 1006 1428 vindicat.
1050 1373 1169 1428 Non
1221 1376 1364 1429 enim
1425 1375 1519 1444 qui
1564 1390 1702 1444 opus
1731 1375 2060 1442 paraclctiet

483 1463 847 1518 consolatoris
881 1462 1008 1516 facit
1043 1501 1058 1521 ,
1100 1475 1296 1518 nomen
1353 1465 1538 1533 operis
1594 1463 1936 1536 indignatur.
1998 1464 2061 1518 Et

485 1552 632 1606 enim
660 1550 826 1605 David
857 1553 922 1605 ad
956 1551 1166 1605 Patrem
1185 1551 1315 1605 dicit
1343 1569 1356 1605 :
1389 1551 1489 1616 Tu,
1513 1567 1543 1604 0
1571 1551 1807 1616 Domine,
1839 1551 2065 1604 auxilia-

485 1651 568 1696 tus
617 1659 671 1696 es
712 1642 842 1696 mihi
889 1651 937 1696 et
985 1642 1291 1696 consolatus
1342 1659 1396 1696 es
1457 1659 1536 1695 me
1559 1644 1698 1706 "-97,
1731 1652 1785 1696 ct
1834 1658 2062 1713 magnus

481 1734 778 1802 Apostolus
811 1733 997 1787 eadem
1026 1732 1093 1788 de
1123 1731 1283 1788 Patre
1321 1740 1590 1798 recenset,
1613 1731 1738 1786 dum
1766 1733 1920 1798 dicit,
1962 1732 2062 1786 Be-

2159 545 2547 612 Πιστεύομεν,
2581 544 2765 612 φησιν,
2801 545 2888 608 εἰς
2917 546 3021 596 τὸν
3049 543 3455 612 παράκλητον.
3502 545 3634 614 Ἐγω
3662 549 3711 599 δὲ

2160 637 2254 689 καλ⁸
2281 636 2413 690 αὐτὸ
2439 635 2596 689 τοῦτο
2620 635 2680 688 τὸ
2692 635 2863 702 ὄνομα
2886 637 3064 689 κοινὸν
3093 637 3291 706 ἔμαθον
3319 633 3458 690 εἶναι
3477 639 3614 708 παρὰ
3627 641 3713 708 τῆς

2161 725 2515 780 θεοπνεύστου
2547 726 2789 797 Γραφῆς,
2821 726 3030 797 Πατρός
3058 744 3116 779 τε
3147 727 3241 780 καὶ
3276 727 3408 780 Υίοῦ
3442 729 3534 782 καὶ
3565 729 3712 782 Πνεύ-

2167 833 2334 886 ματος
2376 815 2553 884 ἁγίου.
2599 815 2656 868 '0
2697 815 2805 885 γὰρ
2851 815 2978 878 Υἱὸς
3006 816 3201 886 ἐπίσης
3239 818 3431 872 ἑαυτόν
3462 835 3520 870 τε
3549 820 3716 873 καὶτὸ

2162 907 2387 977 Πνεῦμα
2423 907 2484 960 τὸ
2517 895 2671 976 ἅγιον
2713 905 2965 976 ὀνομάζει
3006 907 3373 980 Παράκλητον.
3414 910 3473 963 '0
3514 911 3569 964 δὲ
3613 912 3715 965 Πα-

2161 1003 2266 1074 τὴρ
2295 1001 2362 1055 δι’
2392 993 2468 1054 ὧν
2505 1000 2717 1070 ἐνεργεῖ
2737 999 2835 1069 τὴν
2873 997 3235 1072 παράκλησιν,
3281 1001 3570 1056 οἰκειοῦται
3597 1005 3716 1058 πάνυ

2161 1111 2268 1157 τως
2300 1091 2394 1146 τοῦ
2424 1091 2772 1162 παρακλήτου
2812 1090 2874 1144 τὸ
2901 1091 3088 1162 ὄνομα.
3137 1091 3210 1146 Οὐ
3239 1092 3346 1164 γὰρ
3377 1094 3444 1165 δὴ
3471 1095 3531 1147 τὸ
3575 1096 3718 1165 ἔργον

2163 1185 2329 1238 ποιῶν
2359 1184 2452 1236 τοῦ
2487 1183 2858 1254 παρακλήτου,
2876 1183 3094 1248 ἀπαξιοῖ
3129 1183 3223 1237 τοῦ
3255 1185 3418 1255 ἔργου
3453 1187 3513 1240 τὸ
3543 1189 3712 1258 ὄνομα.

2165 1279 2232 1329 "0
2273 1294 2333 1329 τε
2367 1275 2476 1346 γὰρ
2519 1275 2683 1328 Δαϐὶδ
2733 1275 2869 1344 πρὸς
2925 1275 3015 1328 τὸν
3047 1277 3264 1347 Πατέρα
3313 1279 3496 1348 φησὶν,
3545 1281 3620 1333 ὅτι
3644 1283 3717 1336 Σὺ

2161 1370 2334 1434 Κύριε
2363 1365 2700 1435 ἐϐοήθησὰς
2735 1385 2836 1436 μοι
2869 1368 2961 1420 καὶ
2989 1367 3406 1436 παρεκάλεσάς
3436 1389 3512 1439 με
3531 1388 3542 1401 ·
3573 1375 3656 1427 καὶ
3694 1377 3718 1427 6

2165 1459 2337 1530 μέγας
2379 1458 2699 1521 Ἀπόστολος
2726 1457 2795 1510 τὰ
2847 1458 2985 1511 αύτέι
3013 1461 3137 1530 περὶ
3163 1462 3255 1514 τοῦ
3293 1461 3506 1532 [ἰατρὸς
3536 1463 3721 1536 διεξέρ-

2162 1569 2334 1622 χεται,
2363 1551 2556 1620 λέγων,
2607 1551 2950 1620 Εὐλογητὸς
2991 1555 3024 1606 ὀ
3058 1554 3200 1620 Θεὸς
3243 1554 3338 1608 καί
3390 1557 3588 1622 Πατὴρ
3628 1559 3720 1611 τοῦ

2162 1644 2382 1711 Κυρίου
2401 1641 2569 1712 ἡμῶν
2600 1643 2802 1705 Ἰησοῦ
2833 1644 3109 1712 Χριστοῦ,
3142 1648 3175 1699 ὀ
3203 1648 3719 1716 παρακα,.ίιῖη·ήμ(ῗς

2163 1735 2260 1789 ἐπὶ
2298 1734 2466 1804 πάσῃ
2498 1733 2574 1803 τῇ
2602 1735 2802 1803 θλίψει
2833 1735 3018 1804 ἡμῶν.
3056 1735 3159 1790 Τὸν
3191 1737 3247 1790 δὲ
3275 1738 3404 1790 Υἱὸν
3430 1740 3458 1792 ὁ
3490 1740 3721 1810 Ἰωάννης

482 1823 721 1878 nedictus
757 1823 895 1878 Deus
939 1833 987 1878 et
1038 1823 1200 1878 Pater
1229 1824 1443 1879 Domini
1488 1826 1656 1880 nostri
1685 1825 1812 1880 Jesu
1841 1824 2059 1890 Christi,

2167 1829 2220 1880 ὲν
2253 1827 2351 1899 μιᾷ
2375 1826 2481 1879 τῶν
2505 1825 2824 1880 Καθολικῶν
2860 1828 3184 1881 Ἐπιστολῶν
3215 1828 3508 1902 διαρρήδην
3545 1831 3722 1903 ὀνομά-

481 1915 572 1984 qui
616 1915 922 1970 consolatur
970 1932 1063 1969 nos
1117 1917 1173 1969 in
1226 1918 1366 1969 antni
1397 1917 1733 1971 tribulatione
1764 1931 1944 1972 nostra
1966 1918 2012 1950 ”
2045 1937 2058 1973 :

485 2004 685 2059 Filium
724 2015 904 2060 autem
934 2005 1174 2061 Joannes
1206 2007 1259 2060 in
1291 2023 1397 2060 una
1417 2007 1820 2061 Catholicarum
1851 2005 2064 2076 Episto-

485 2100 660 2151 larum
691 2106 878 2169 apcrte
911 2101 1150 2153 nominat
1176 2100 1508 2169 parat-letum
1536 2100 1605 2165 ",
1643 2097 1694 2152 id
1741 2108 1826 2154 est
1873 2115 2062 2153 conso-

486 2190 726 2243 latorem.
756 2191 931 2260 Atque
973 2190 1092 2259 ipse
1137 2188 1395 2245 Dominus
1428 2206 1520 2260 per
1556 2205 1619 2245 ea
1666 2192 1826 2246 verba
1866 2191 2064 2264 quibus

484 2281 643 2348 dixit,
676 2298 735 2336 se
761 2281 927 2335 alium
967 2281 1125 2337 nobis
1155 2280 1449 2336 missurmn
1492 2297 1619 2336 esse
1660 2283 1992 2352 paracletum
2022 2284 2062 2347 ¹,

436 2441 441 2447 _
485 2375 666 2440 idest,
698 2373 1107 2437 consolatorem,
1141 2374 1207 2430 de
1266 2373 1471 2445 Spiritu
1513 2376 1762 2446 loquens,
1796 2376 1850 2430 in
1885 2377 2065 2446 scipso

489 2469 718 2534 prmsus
740 2463 845 2519 hoc
871 2479 1071 2520 nomen
1112 2477 1236 2521 ante
1273 2464 1562 2521 confessus
1592 2473 1694 2522 est.
1723 2466 1858 2522 Cum
1887 2475 2064 2522 autem

491 2555 654 2624 huius
673 2554 821 2610 verbi
849 2556 1186 2626 παρακαλεῖν
1211 2558 1521 2628 (consolari)
1552 2557 1623 2613 sit
1645 2558 1840 2628 duplex
1869 2557 2066 2629 signiﬁ-

487 2649 651 2712 catio,
671 2663 778 2701 una
797 2648 1015 2717 quidem
1043 2664 1137 2718 per
1153 2648 1451 2703 houorilica
1478 2649 1640 2703 verba
1660 2657 1712 2704 et
1735 2650 1933 2720 tiguras
1953 2649 2068 2719 qui-

488 2739 589 2794 bus
609 2755 732 2794 eum
749 2755 857 2810 quo
881 2739 1184 2809 indigemus
1214 2741 1278 2793 ad
1298 2741 1828 2795 commiseratimtem
1853 2740 2070 2794 adduci-

488 2848 610 2887 mus
634 2841 687 2888 et
719 2832 988 2887 ﬂectimus
1013 2850 1028 2888 :
1057 2833 1225 2887 altera
1252 2848 1380 2885 vero
1408 2833 1600 2887 notitia
1635 2833 1876 2888 curalrix
1902 2841 1984 2888 est
2017 2841 2070 2886 et

487 2925 728 2978 sanatrix
765 2924 1120 2978 alllictionum
1166 2925 1332 2978 animi
1362 2933 1416 2978 et
1444 2925 1729 2993 corporis;
1785 2925 2069 2994 utriusque

487 3017 776 3086 signiﬁcati
805 3033 869 3071 ex
896 3032 1054 3087 tequo
1090 3025 1280 3070 sancta
1317 3017 1599 3085 Scriptura
1635 3026 1839 3070 natura:
1874 3017 2071 3073 divina:

2164 1919 2246 1983 ζει
2276 1919 2640 1990 παράκλητον.
2679 1919 2788 1972 Καὶ
2820 1919 2980 1983 αὐτὸς
3023 1920 3080 1973 δὲ
3115 1923 3144 1973 6
3169 1921 3391 1993 Κύριος,
3427 1923 3495 1977 δι’
3519 1918 3590 1978 ὧν
3614 1923 3722 1980 εἷπε

2164 2011 2261 2064 καὶ
2304 2011 2462 2065 ἄλλον
2511 2010 2860 2083 παράκλητον
2899 2012 3031 2081 ἡμῖν
3074 2012 3560 2083 ἀποσταλήσεσθαι,
3609 2017 3723 2089 περὶ

2162 2101 2255 2156 τοῦ
2290 2101 2606 2172 Πνεῦματος
2636 2101 2829 2171 λέγων,
2861 2102 2945 2169 ἐφ’
2988 2103 3178 2155 ἑαυτοῦ
3224 2105 3442 2168 πάντως
3478 2106 3536 2159 τὸ
3570 2108 3725 2178 ὄνομα

2162 2191 2320 2246 τοῦτο
2345 2191 2782 2263 προωμολόγησε.
2813 2192 3014 2262 Διπλῆς
3036 2191 3092 2245 δὲ
3119 2191 3280 2264 οῦσης
3301 2195 3402 2264 τῆς
3431 2195 3524 2248 τοῦ
3551 2210 3723 2265 παρα-

2165 2283 2376 2338 καλεῖν
2406 2283 2700 2355 σημασίας,
2736 2285 2864 2354 μιᾶς
2911 2284 3028 2356 μὲν,
3053 2283 3140 2336 διὰ
3171 2285 3277 2339 τῶν
3309 2287 3611 2356 τιμητικῶν
3639 2289 3724 2357 ρη-

2169 2376 2355 2446 μάτων
2383 2371 2564 2431 τεκαὶ
2595 2377 2912 2448 σχημάτων,
2955 2375 3093 2446 ὑπὲρ
3122 2369 3197 2430 ὧν
3223 2377 3287 2430 ἄν
3319 2394 3466 2442 τινος
3501 2378 3724 2448 δεόμενοι

2166 2472 2454 2540 τύχωμεν,
2497 2469 2578 2531 είς
2629 2466 2971 2538 συμπάθειαν
3007 2467 3168 2521 αὐτὸν
3213 2469 3576 2538 ἐπαγόμενοι·
3621 2471 3726 2524 ἑτέ-

2169 2578 2268 2632 ρας
2293 2559 2349 2612 δὲ
2375 2562 2474 2630 τῆς
2501 2560 2898 2631 θεραπευτικῆς
2924 2558 3032 2612 τῶν
3059 2558 3303 2628 ψυχικῶν
3339 2577 3402 2613 τε
3435 2563 3530 2614 καὶ
3560 2577 3724 2630 σωμα-

2167 2652 2334 2705 τικῶν
2377 2650 2716 2721 παθημάτων
2754 2651 3014 2714 ἐπινοίας,
3050 2650 3159 2704 τῶν
3199 2653 3318 2704 καθ’
3353 2653 3608 2724 ἑκάτερον
3642 2670 3726 2721 οη-

2172 2745 2510 2814 μαινομένων
2541 2741 2734 2812 ἐπίσης
2761 2743 2796 2812 ἡ
2831 2742 2958 2809 ἁγία
2989 2742 3178 2815 Γραφὴ
3221 2748 3630 2817 προσμαρτυρεῖ
3666 2747 3725 2815 τῇ

2169 2837 2290 2909 θείᾳ
2323 2838 2481 2908 φύσει
2529 2835 2623 2890 τοῦ
2671 2838 3021 2908 παρακλήτου
3063 2837 3162 2910 τὴν
3217 2839 3444 2895 ἔννοιαν.
3490 2840 3602 2893 Νῦν
3641 2840 3726 2911 μὲν

2169 2929 2274 3002 γὰρ
2302 2930 2330 2982 6
2361 2927 2571 2992 Παῦλος
2605 2928 2706 2996 τὴν
2749 2930 2996 2999 ἰατρικὴν
3035 2929 3193 3000 ἡμῶν
3225 2930 3315 2983 τοῦ
3345 2930 3484 2985 Θεοῦ
3517 2931 3726 3002 δύναμιν

2169 3020 2256 3074 διὰ
2288 3019 2388 3090 τῆς
2436 3018 2833 3090 παρακλήσεως
2877 3020 3009 3090 ἡμῖν
3054 3022 3371 3094 παρίστησι,
3425 3023 3624 3092 λέγων·
3671 3025 3726 3075 '0

489 3109 761 3163 notionem
783 3109 1039 3178 paracleti
1062 3109 1318 3178 assignat.
1342 3105 1499 3160 Modo
1521 3108 1736 3176 quidem
1757 3106 1956 3162 Paulus
1976 3108 2063 3163 Dei

2171 3103 2536 3175 παρακαλῶν
2582 3107 2720 3173 τοὺς
2741 3107 3076 3173 ταπεινοὺς,
3131 3112 3546 3176 παρεκάλεσεν
3585 3111 3727 3180 ἡμᾶς

489 3202 812 3256 sanatricem
835 3201 1007 3255 nostri
1027 3202 1280 3254 virtutem
1307 3215 1401 3269 per
1425 3201 1744 3269 paraelcsim
1772 3204 2071 3270 repralscn-

489 3301 586 3352 tat,
605 3292 811 3353 dicens,
846 3289 1524 3356 Quiconsolaturhumiles,
1553 3291 1853 3346 consolatus
1874 3305 1948 3347 est
1978 3311 2070 3350 nos

494 3385 630 3437 Deus
660 3385 713 3436 in
741 3383 964 3436 adventu
996 3380 1160 3435 Titi”.
1195 3379 1407 3436 Rursus
1435 3383 1488 3435 in
1520 3383 1688 3438 altera
1721 3385 2069 3456 intelligentia

491 3477 604 3529 sive
630 3474 1025 3544 signiﬁcatione
1043 3474 1109 3526 ad
1123 3473 1438 3527 Corinthios
1457 3473 1706 3529 scribens
1733 3474 1843 3529 hmo
1861 3488 2069 3544 narrat,

494 3567 600 3620 Pro
613 3565 823 3621 Christo
841 3565 1093 3634 legatione
1108 3564 1374 3635 fungimur
1387 3575 1634 3635 tanquam
1649 3565 1753 3620 Deo
1765 3569 2071 3624 exhortante

491 3676 581 3727 per
603 3657 1070 3713 nos.0ltsecramus
1097 3675 1192 3728 pro
1213 3657 1444 3722 Christo,
1463 3661 1878 3715 reconciliamini
1903 3661 2008 3717 Deo
2025 3664 2068 3718 ³.

562 3755 692 3817 Quae
724 3766 846 3803 cum
881 3753 951 3803 ita
984 3751 1115 3813 sint,
1160 3753 1721 3826 quomodocunquein
1743 3753 1950 3823 Spiritu
1978 3772 2070 3811 no-

491 3858 613 3897 men
651 3842 915 3897 Paracleti
957 3842 1314 3907 intellexeris,
1369 3857 1476 3898 non
1531 3857 1558 3897 a
1595 3841 1776 3899 Patris
1837 3844 2070 3916 Filiiqnc

491 3937 875 3992 communione
925 3935 1226 3990 secundum
1283 3943 1577 4006 utrumque
1637 3938 2066 4008 significatorum

488 4028 755 4083 discedes.
787 4027 902 4080 Non
929 4028 1098 4098 igitur
1120 4027 1173 4079 in
1202 4027 1300 4080 hac
1346 4037 1500 4098 parte
1526 4044 1701 4098 neque
1732 4031 1920 4085 volens
1955 4030 2070 4100 Spi-

490 4119 628 4173 ritus
653 4117 824 4172 saucti
853 4117 1080 4185 gloriam
1103 4114 1410 4184 deprimere
1445 4117 1644 4185 potuit,
1673 4117 1801 4171 illud
1836 4118 1883 4171 ei
1911 4119 2069 4171 attri-

492 4209 662 4262 bucns
679 4207 820 4275 quod
841 4207 1057 4274 quidem
1086 4203 1231 4258 Patri
1263 4212 1315 4258 ct
1342 4203 1480 4259 Filio
1505 4221 1533 4257 a
1564 4214 1751 4259 sancta
1785 4204 2066 4275 Scriptura

493 4298 806 4353 ascribitur.
840 4295 1102 4366 Spiritum
1136 4304 1316 4350 autem
1348 4295 1592 4348 veritatis
1616 4311 1740 4348 cum
1793 4295 1926 4348 dixit
1958 4296 2065 4348 Eu-

492 4389 728 4451 nomius,
765 4387 880 4456 ipse
905 4386 1147 4457 quidem.
1179 4388 1321 4441 sicut
1355 4386 1569 4455 opinor,
1608 4386 1708 4439 hac
1738 4403 1868 4441 vocc
1895 4389 2066 4441 voluit

2170 3195 2240 3249 ἐν
2270 3193 2344 3264 τῇ
2375 3195 2677 3263 παρουσίᾳ
2715 3196 2904 3252 Τίτου.
2954 3198 3121 3252 Πάλιν
3157 3201 3211 3252 δὲ
3245 3202 3384 3255 κατὰ
3416 3203 3514 3275 τὴν
3553 3203 3726 3274 ἑτέραν

2170 3285 2407 3340 διάνοιαν
2431 3286 2566 3357 πρὸς
2592 3287 2716 3350 τοὺς
2741 3287 3057 3357 Κορινθίους
3084 3291 3328 3360 γράφων,
3357 3293 3531 3346 ταῦτα
3562 3293 3728 3358 διέξει-

2171 3391 2276 3434 σιν.
2315 3376 2395 3429 ὃτι
2437 3375 2604 3444 Ὑπὲρ
2634 3376 2888 3444 Χριστοῦ
2912 3379 3315 3445 πρεσϐεύομεν
3337 3379 3420 3445 ὡς
3445 3380 3550 3433 τοῦ
3591 3379 3726 3433 Θεοῦ

2169 3467 2666 3535 παρακαλοῦντος
2691 3467 2765 3521 δι’
2790 3466 2975 3537 ἡμῶν.
3002 3469 3254 3537 Δεόμεθα
3283 3469 3437 3538 ὑπὲρ
3465 3471 3723 3540 λῃστοῦ,

2170 3559 2587 3630 καταλλάγητε
2614 3559 2691 3626 τῷ
2722 3557 2861 3624 Θεῷ.

2239 3741 2458 3796 Τούτων
2516 3737 2609 3794 οῦν
2655 3739 2826 3802 οὕτως
2871 3737 3134 3808 ἐχόντων,
3189 3739 3335 3802 ὅπως
3386 3740 3456 3792 ἂν
3505 3740 3592 3794 ἐπὶ
3641 3737 3725 3792 τοῦ

2169 3834 2483 3904 Πνεύματος
2529 3833 2727 3904 νοήσῃς
2756 3831 2850 3885 τοῦ
2905 3833 3255 3902 παρακλήτου
3299 3832 3362 3885 τὸ
3409 3833 3594 3904 ὄνομα,
3635 3834 3724 3901 τῆς

2167 3927 2262 3982 τοῦ
2292 3927 2502 3996 Πατρός
2531 3942 2591 3977 τε
2622 3925 2717 3978 καὶ
2743 3922 2838 3976 τοῦ
2880 3922 3010 3975 Υἰοῦ
3056 3923 3354 3987 κοινωνίας,
3385 3924 3508 3978 καθ’
3554 3925 3725 3977 ἑκάτε-

2174 4038 2264 4092 ρον
2291 4019 2398 4073 τῶν
2431 4016 2870 4090 σημαινομένων,
2899 4016 2999 4069 οὐκ
3049 4017 3395 4088 ἀποστήσεις.
3447 4017 3645 4070 Οὐκοῦν
3673 4019 3724 4067 ἐν

2166 4109 2243 4180 τῷ
2275 4109 2430 4180 μέρει
2455 4108 2625 4178 τούτῳ
2655 4107 2776 4161 οὐδὲ
2801 4105 3119 4178 βουλόμενος
3153 4108 3606 4178 κατασμικρύνειν
3637 4107 3722 4174 τὴν

2166 4201 2258 4254 τοῦ
2297 4201 2452 4270 ἁγίου
2487 4198 2984 4269 Πνεύματοςιδόξαν
3007 4197 3314 4269 δεδύνηται,
3362 4201 3535 4252 ἐκεῖνο
3565 4215 3721 4268 προσ-

2169 4293 2459 4366 μαρτυρῶν
2511 4291 2676 4362 αῦτῷ,
2709 4293 2846 4361 ὅπερ
2889 4290 2984 4345 καὶ
3029 4290 3108 4361 τῷ
3156 4289 3327 4360 Πατρὶ
3367 4292 3462 4345 καὶ
3508 4290 3582 4361 τῷ
3623 4288 3720 4359 Υἱῷ

2165 4386 2317 4457 παρὰ
2349 4387 2449 4454 τῆς
2475 4385 2634 4453 ἁγίας
2665 4385 2886 4454 Γραφῆς
2911 4381 3238 4435 ἀνατίθεται.
3277 4381 3502 4453 Πνεῦμα
3526 4382 3580 4435 δὲ
3603 4381 3720 4449 άλη-

491 4479 620 4549 quid
649 4479 925 4532 subditum
962 4486 1228 4533 astruere.
1259 4477 1540 4547 Siquidem
1578 4479 1779 4532 veritas
1811 4479 2063 4533 Christus

2167 4476 2316 4539 θείας
2345 4474 2511 4530 εἰπὼν
2555 4473 2835 4541 Εὐνόμιος,
2869 4471 3031 4534 αὐτὸς
3063 4471 3179 4541 μὲν,
3220 4471 3294 4531 ὡς
3319 4465 3491 4538 οἶμαι,
3517 4469 3576 4522 τὺ
3603 4469 3720 4520 ὑπο-

493 4580 602 4626 est.
632 4567 784 4622 illum
834 4576 1011 4622 autem
1046 4568 1312 4638 Spiritum
1341 4570 1586 4623 veritatis
1621 4571 1940 4625 nominavit.
1987 4572 2064 4625 Ac

493 4663 537 4714 si
573 4662 695 4729 quis
722 4659 866 4712 dicat
896 4669 1202 4712 creaturam
1241 4661 1490 4715 veritatis
1524 4676 1646 4716 esse
1675 4669 1727 4714 rt
1761 4663 2060 4725 subditum,

491 4751 743 4806 nesciens
791 4749 935 4819 quod
991 4746 1131 4802 Deus
1166 4749 1377 4818 justitia
1434 4750 1663 4814 dicitur;
1722 4767 1898 4821 neque
1934 4769 2064 4808 sane

490 4851 792 4895 rn-atm-am
823 4842 1050 4910 justitize
1096 4840 1261 4895 Deum
1303 4842 1677 4911 intelligimus.
1728 4846 1908 4909 Quare
1937 4860 2060 4898 cum

483 4938 753 5008 Spiritum
775 4935 1018 4988 veritatis
1040 4933 1352 4995 didit-imus,
1387 4933 1488 4986 hac
1511 4949 1640 4989 voce
1678 4935 1785 4990 Deo
1810 4936 2060 4990 det-oram

493 5026 901 5093 t¢.lt.‘illgi'ltll:ttlt
961 5025 1291 5094 accepimus,
1333 5023 1482 5076 illato
1527 5039 1779 5077 sermone
1807 5025 1872 5076 ad
1913 5039 2061 5093 prae-

489 5120 726 5170 stantius
783 5126 828 5167 ut
895 5119 1086 5170 melius
1117 5116 1271 5185 quasi
1322 5129 1485 5169 manu
1540 5116 1710 5170 ducti.
1743 5116 1875 5169 Cum
1916 5116 2062 5167 enim

491 5210 620 5257 dixit
658 5206 1219 5276 D0tninus.$piritum
1243 5206 1498 5266 veritatis,
1540 5209 1722 5261 statim
1756 5206 2062 5274 subjunxit,

626 5318 655 5350 α
716 5299 872 5352 Ι⁵ιιινιι
913 5299 1210 5366 procedit‘.
1243 5300 1395 5364 Quod
1427 5299 1645 5367 quidem
1697 5297 1829 5351 nulli
1868 5313 2056 5350 eorum

493 5406 609 5455 tunc
639 5392 689 5443 in
727 5393 999 5444 creatione
1029 5390 1518 5459 intelligunturvox
1543 5388 1754 5442 Domini
1786 5388 2057 5448 attribuit,

490 5497 596 5534 non
630 5483 697 5537 iis
725 5498 843 5552 qua:
875 5481 1144 5546 videntur,
1178 5497 1284 5535 non
1322 5481 1428 5535 illis
1456 5497 1574 5551 qum
1600 5483 1844 5535 obtutum
1871 5481 2059 5533 oculo-

557 5637 675 5668 ⁹⁶’⁹“’
707 5641 847 5692 n’sal.
871 5652 1108 5700 Lxxxvu,
1130 5639 1211 5692 17.
1291 5638 1337 5670 ³³
1368 5636 1409 5690 ll
1443 5637 1565 5692 Cor.
1586 5654 1623 5702 ι,
1645 5637 1708 5702 5,
1729 5638 1772 5691 ι.

487 5721 542 5773 ν,
580 5705 668 5761 ΞΟ.
744 5707 765 5737 ⁸
815 5704 973 5761 Jo..n.
1001 5724 1088 5772 xv,
1121 5708 1210 5761 245.
1747 5727 1760 5744 ν

1869 5638 1913 5668 ’⁸³
1939 5637 1951 5688 l
1978 5637 2131 5690 Juan.
2152 5653 2210 5700 It,
2243 5636 2288 5688 Ι.

2164 4569 2367 4639 χείριον
2397 4564 2668 4636 ἠϐουλήθη
2709 4563 2798 4616 διὰ
2827 4564 2927 4631 τῆς
2959 4562 3214 4630 τοιαύτης
3252 4563 3591 4632 παραστῆσαι
3619 4576 3718 4627 φω-

2165 4661 2280 4729 νῆς.
2327 4656 2545 4720 Ἐπειδὴ
2586 4653 2810 4725 ἀλήθεια
2851 4655 2948 4724 μὲν
2997 4652 3026 4702 6
3068 4653 3298 4722 Χριστός
3333 4652 3509 4703 ἐστιν·
3561 4650 3717 4701 ἐκεῖνο

2163 4749 2220 4801 δὲ.
2271 4745 2496 4816 Πνεῦμα
2544 4744 2800 4815 ἀληθείας
2855 4743 3154 4812 ὠνόμασεν.
3212 4743 3297 4804 Ὠς
3353 4743 3404 4794 εί
3453 4759 3535 4805 τις
3585 4739 3716 4805 λέγοι

2164 4841 2348 4909 κτῆμα
2387 4839 2485 4908 τῆς
2510 4836 2765 4904 ἀληθείας
2797 4831 2936 4887 εἶναι
2965 4836 3058 4888 καὶ
3085 4833 3411 4903 ὑποχείριον,
3442 4833 3540 4886 οῦκ
3578 4827 3716 4889 εἰδὼς

2165 4931 2246 4982 ὅτι
2291 4927 2599 4995 δικαιοσύνη
2630 4927 2659 4978 6
2687 4925 2818 4988 Θεὸς
2850 4926 3064 4992 λέγεται
3085 4939 3099 4952 ·
3134 4925 3227 4976 καὶ
3258 4924 3315 4975 ού
3345 4924 3514 4993 δήπου
3551 4921 3714 4988 κτῆμα

2165 5021 2264 5088 τῆς
2292 5020 2634 5087 δικαιοσύνης
2671 5016 2763 5070 τὸν
2810 5016 2942 5068 Θεὸν
2984 5015 3304 5086 ὲνοήσαμεν.
3346 5014 3504 5066 Ὥστε
3539 5011 3625 5064 καὶ
3661 5008 3715 5059 s6

2165 5110 2388 5180 Πνεῦμα
2417 5110 2516 5179 τῆς
2562 5107 2820 5178 ἀληθείας
2867 5105 3146 5177 μαθόντες,
3177 5105 3276 5174 τὴν
3304 5102 3572 5173 θεοπρεπῆ
3613 5097 3693 5152 διὰ

2163 5221 2310 5258 νοιαν
2333 5201 2481 5270 παρὰ
2507 5202 2604 5268 τῆς
2628 5201 2808 5268 φωνῆς
2837 5195 3157 5266 ἐδεξάμεθα,
3183 5195 3261 5264 τῷ
3281 5195 3560 5263 ἐπαχθέντι
3587 5191 3713 5256 λόγῳ

2167 5297 2302 5365 προς
2325 5294 2385 5346 τὸ
2411 5293 2655 5362 κρεῖττον
2680 5287 3198 5360 χειραγωγούμενοι.
3234 5283 3414 5338 Εἰπὼν
3440 5283 3544 5354 γὰρ
3565 5284 3590 5333 6
3615 5278 3713 5332 Κύ-

2169 5404 2300 5458 ριος,
2337 5383 2409 5439 Τὸ
2440 5381 2682 5450 Πνεῦμα
2715 5380 2824 5448 τῆς
2849 5379 3156 5445 ἀληθείας,
3185 5377 3460 5446 ἐπήγαγεν
3489 5373 3656 5435 εὐθὺς,
3683 5366 3711 5420 ὃ

2166 5476 2322 5545 παρὰ
2347 5474 2454 5528 τοῦ
2483 5471 2711 5539 Πατρός
2739 5469 3320 5538 ἐκπορεύεται.”υπερ
3340 5465 3508 5519 οὐδενὶ
3534 5462 3634 5517 τῶν
3664 5459 3713 5510 ἐν

2381 5635 2397 5666 ⁸
2433 5633 2719 5697 Joan.xvn,
2745 5630 2909 5695 7,1’5.
2983 5630 3003 5658 '
3034 5626 3075 5681 ll
3103 5627 3228 5682 Cor.
3252 5641 3349 5692 vn,
3371 5625 3424 5678 6.
3501 5621 3520 5652 ³
3541 5617 3711 5674 lltlur.
