3922 6456
195 263 288 318 553

1286 271 1564 329 CONTRA
1602 275 1994 342 EUNOMIUM,
2028 277 2154 332 LIB.
2197 280 2258 333 ll.

3315 288 3420 343 534

195 389 250 455 τῇ
280 383 436 436 κτίσει
464 385 763 454 νοουμένων
793 387 825 457 ἡ
872 385 1021 458 φωνὴ
1053 388 1147 441 τοῦ
1179 391 1384 462 Κυρίου
1421 410 1738 464 προσεμαρ-

1847 410 1963 446 runt
1989 395 2275 466 effugiunt,
2315 413 2420 450 non
2448 397 2685 460 thronis,
2726 416 2833 456 non
2860 403 3277 472 principatibus,
3309 421 3416 458 non

195 481 420 551 τύρησεν,
449 480 508 531 ού
539 481 643 542 τοῖς
668 480 984 550 ὁρωμένοις,
1020 483 1080 535 οὐ
1119 486 1229 548 τοῖς
1252 485 1523 555 ἀοράτοις,
1547 487 1606 538 ού
1631 487 1747 558 θρό-

195 590 304 634 νοις,
316 572 408 624 οὐκ
422 572 631 642 ἀρχαῖς,
647 575 746 625 ούκ
764 573 1053 638 ἐξουσίαις,
1067 576 1126 628 ού
1143 577 1475 649 κυριότησιν,
1489 579 1590 632 οὐκ
1603 579 1745 649 ἄλλῳ

195 666 280 717 τινὶ
317 663 692 735 ὀνομαζομένῳ
721 666 945 735 ὀνόματι
967 681 981 697 ο
1025 665 1146 720 οὔτε
1184 669 1240 722 ὲν
1263 669 1342 738 τῷ
1371 671 1526 724 αἰῶνι
1547 671 1743 742 τούτῳ,

193 757 294 808 οὔτε
309 758 360 808 ἐν
377 755 453 825 τῷ
472 752 830 823 μέλλοντι.·οὗ
846 758 1023 811 τοίνυν
1046 760 1193 812 πᾶσα
1216 761 1249 830 ή
1268 761 1443 824 κτίσις
1459 764 1742 833 ἀμέτοχος,

191 849 326 921 δῆλον
350 849 413 901 ἂν
440 849 524 919 εἴη
559 851 772 914 πάντως
792 851 873 904 ὅτι
912 851 1069 906 τοῦτο
1107 853 1208 923 τῆς
1243 854 1498 908 ἀκτίστου
1534 857 1746 925 φύσεως

194 944 299 996 ἴδιόν
313 945 420 994 ἐστι
443 944 538 996 καὶ
558 943 855 1015 ἐξαίρετον.
876 937 1042 1008 Οὗτος
1063 945 1119 999 δὲ
1145 947 1418 1000 πιστεύειν
1435 949 1644 1003 κελεύει
1669 953 1756 1022 εἰς,

188 1040 262 1090 τὸν
290 1037 606 1109 καθηγητὴν
628 1039 725 1108 τῆς
752 1039 1049 1102 εὐσεϐείας.
1084 1041 1292 1094 Οὐκοῦν
1327 1044 1630 1096 πιστευέτω
1666 1047 1746 1108 εἰς

189 1135 261 1187 τὸν
287 1132 491 1186 Παῦλόν
521 1151 583 1185 τε
614 1135 707 1186 καὶ
739 1133 1048 1202 Βαρνάϐαν,
1082 1135 1175 1188 καὶ
1204 1135 1378 1200 Τίτον,
1406 1137 1499 1189 καὶ
1524 1138 1747 1191 Σιλουα-

188 1228 278 1284 vim.
298 1227 381 1280 καὶ
397 1226 683 1295 Τιμόθεον,
705 1228 800 1280 καὶ
819 1228 1026 1290 πάντας
1052 1227 1292 1293 ἐκείνους
1309 1227 1375 1280 δι’
1393 1224 1467 1284 ὧν
1492 1231 1626 1300 πρὸς
1647 1232 1746 1302 τὴν

189 1316 346 1366 πίστιν
381 1315 871 1387 καθωδηγήθημεν.
903 1317 1050 1390 -Εί[ς]
1092 1322 1200 1389 γάρ
1241 1318 1300 1371 τὸ
1340 1320 1745 1391 καθηγούμενον

185 1410 252 1471 εἰς
279 1408 557 1461 εὐσέϐειαν
597 1410 732 1479 μετά
761 1411 854 1463 τοῦ
880 1411 1093 1482 Πατρὸς
1125 1411 1220 1466 καὶ
1241 1411 1370 1464 Υἱοῦ
1398 1413 1743 1468 πιστεύεσθαι

184 1503 293 1570 χρὴ,
339 1501 539 1563 πάντες
591 1503 639 1553 οἱ
693 1503 968 1574 προφῆται
1018 1503 1111 1554 καὶ
1159 1501 1467 1573 νομοθέται,
1504 1505 1599 1558 καὶ
1639 1522 1742 1560 πα-

184 1592 433 1660 τριάρχαι,
448 1590 696 1661 κήρυκές
717 1609 774 1644 τε
797 1593 889 1645 καὶ
904 1593 1306 1661 εύαγγελισταὶ,
1324 1593 1418 1648 καὶ
1436 1595 1739 1658 ἀπόστολοι,

187 1685 415 1754 ποιμένες
459 1701 522 1736 τε
567 1685 666 1738 καὶ
711 1687 1016 1740 διδάσκαλοι
1053 1689 1330 1759 ὁμοτίμως
1381 1689 1564 1760 έχουσι
1607 1693 1742 1762 πρὸς

1849 491 2228 556 potestatibus,
2257 506 2363 543 non
2398 491 2885 557 dominationibus,
2918 511 3025 550 non
3057 497 3147 550 alii
3203 499 3293 565 qui
3327 518 3421 554 no-

1851 582 1994 633 mine
2025 582 2206 650 aliquo
2261 583 2614 648 nominatur;
2650 602 2825 654 neque
2876 591 3036 644 etiam
3073 590 3126 643 in
3169 591 3271 644 hoc
3317 609 3421 646 sa:-

1846 671 1970 724 culo
2002 688 2177 742 neque
2211 675 2263 726 in
2295 674 2496 730 futuro.
2543 677 2714 745 Cujus
2753 679 2916 748 igitur
2961 683 3139 736 omnis
3170 693 3419 738 Ct'eatttra

1845 778 2042 831 expers
2067 774 2169 830 est,
2206 768 2554 836 perspicnum
2587 767 2753 823 fuerit
2779 773 3002 825 omnino
3037 774 3138 828 hoc
3166 776 3422 831 increattc

1850 867 2059 911 naturae
2090 861 2365 928 proprium
2424 877 2550 938 eSse
2584 870 2638 915 et
2687 865 3019 932 prmcipuum
3077 867 3205 920 :hic
3238 879 3418 922 autem

1844 947 1999 1016 jubet
2029 950 2253 1005 credere
2288 954 2368 1020 (in
2396 953 2716 1021 magistrum
2772 955 3037 1027 pietatis.)
3064 957 3202 1028 Ergo
3236 963 3422 1014 credat

1848 1040 1900 1092 in
1945 1039 2190 1104 Paulum,
2233 1053 2287 1097 et
2325 1043 2648 1110 Barnabam,
2687 1055 2740 1099 et
2770 1046 2978 1113 Titum,
3016 1057 3070 1103 et
3099 1050 3419 1120 Sylvanum,

1845 1139 1899 1186 et
1927 1132 2294 1198 Timotheum,
2327 1151 2626 1206 omnesque
2673 1140 2795 1192 illos
2817 1155 2911 1207 per
2939 1156 3078 1209 quos
3143 1148 3211 1195 ad
3267 1146 3421 1198 [Hem

1844 1226 2062 1279 deducti
2097 1226 2320 1282 fuimus.
2352 1226 2486 1282 Nam
2517 1229 2563 1284 si
2588 1229 2640 1283 in
2677 1230 2730 1284 id
2757 1232 2904 1300 quod
2940 1232 3006 1286 ad
3032 1235 3286 1302 pietatem
3325 1239 3425 1290 du-

1846 1318 1920 1370 cit
1951 1332 2077 1370 cum
2105 1317 2262 1373 Patre
2291 1328 2345 1373 et
2378 1316 2516 1373 Filio
2544 1323 2768 1377 credere
2791 1333 3026 1392 oportet,
3052 1342 3242 1382 onmes
3299 1348 3426 1400 pro-

1847 1410 2020 1478 phetaa
2058 1420 2109 1463 et
2158 1410 2516 1480 legislatores.
2567 1416 2910 1483 patriarchae,
2959 1434 3348 1490 praeconesque
3372 1436 3426 1478 et

1845 1499 2193 1568 evangelista:
2246 1509 2302 1554 et
2357 1503 2588 1571 apostoli
2647 1515 3010 1576 pastoresque
3067 1519 3122 1564 et
3169 1511 3424 1569 doctores

1847 1593 1964 1659 pari
2026 1592 2231 1646 honore
2289 1608 2413 1646 cum
2457 1595 2661 1665 Spiritu
2708 1608 2899 1652 sancto
2949 1600 3242 1657 decorandi
3274 1616 3424 1670 sunt,

1847 1685 1974 1753 quia
2017 1684 2235 1739 fuerunt
2286 1687 2352 1740 iis
2396 1689 2489 1755 qui
2538 1698 2663 1756 post
2703 1691 2827 1744 illos
2874 1693 2986 1745 nati
3029 1703 3157 1747 sunt
3209 1697 3426 1764 pietatis

183 1777 454 1847 τοΠνεῦμα
487 1777 550 1830 τὸ
580 1776 1067 1849 ἆγιον,καθηγηταὶ
1089 1783 1200 1843 τοῖς
1224 1783 1340 1851 μετ’
1370 1783 1612 1847 ἐκείνους
1641 1785 1744 1853 τῆς

1847 1779 2115 1844 ρτωειίιεε
2143 1789 2200 1832 et
2233 1780 2498 1848 magistri.
2539 1779 2761 1844 Factus,
2825 1783 3024 1854 inquit,
3063 1805 3094 1840 α
3147 1789 3263 1843 solo
3318 1789 3426 1844 Deo

187 1869 435 1932 εὐσεὸείας
486 1871 792 1939 γενόμενοι,
835 1873 1195 1940 Γενόμενος,
1233 1875 1415 1944 φησὶν,
1459 1877 1575 1928 ὑπὸ
1638 1877 1744 1930 τοῦ

183 1965 350 2033 μόνου
390 1965 541 2018 Θεοῦ
571 1964 671 2018 διὰ
701 1966 804 2019 τοῦ
835 1967 1231 2035 Μονογενοῦς,
1289 1969 1744 2037 Ἀνακεφαλαιοῦ-

187 2073 259 2108 ται
304 2056 476 2108 πᾶσαν
509 2055 683 2108 αὑτοῦ
730 2055 828 2126 τὴν
871 2057 1123 2110 ἀσέϐειαν
1157 2058 1243 2110 διὰ
1273 2059 1381 2111 τῶν
1417 2061 1739 2130 εἰρημένων,

189 2145 330 2197 Πάλιν
364 2144 525 2215 μόνον
571 2145 705 2198 θεὸν
747 2145 838 2198 τὸν
875 2146 1096 2220 Πατέρα
1127 2147 1484 2217 κατοδομάςει
1531 2150 1745 2220 ὀργάνῳ

188 2237 494 2307 κεχρημένον
523 2238 608 2306 τῷ
641 2216 936 2305 Μονογενὲἶ
957 2239 1094 2309 πρὸς
1125 2240 1224 2310 τὴν
1265 2241 1607 2312 κατασκευὴν
1647 2241 1742 2294 τοῦ

187 2330 490 2398 Πνεύματος.
540 2331 712 2384 Ποίαν
741 2330 916 2401 εὑρὼν
958 2333 1022 2383 ἐκ
1065 2331 1167 2401 τῆς
1202 2332 1418 2403 Γραφῆς
1449 2333 1606 2386 σκιὰν
1651 2333 1744 2386 τοῦ

187 2420 398 2474 τοιούτου
432 2423 731 2492 νοήματος,
767 2420 938 2474 ταῦτα
985 2422 1193 2494 τολμᾴ;
1241 2424 1335 2476 Ἐκ
1371 2425 1529 2485 ποίοις
1567 2425 1745 2495 ἀρχῆς

185 2515 238 2566 δι’
267 2513 555 2567 ἀκολούθου
600 2515 738 2584 πρὸς
765 2514 826 2566 τὸ
874 2513 1083 2568 τοιοῦτο
1115 2513 1288 2585 πέρας
1319 2515 1600 2584 προήγαγε
1645 2516 1744 2583 τὴν

187 2606 442 2671 deﬁt-trav;
499 2607 604 2669 Τίς
638 2606 745 2658 τῶν
771 2606 1174 2675 εύαγγελιστῶν
1201 2623 1368 2676 φησι;
1401 2607 1483 2669 τίς
1517 2606 1747 2660 ἀπόστο-

187 2699 292 2765 λοςς
345 2702 426 2765 τίς
509 2703 829 2771 προφήτηςς
891 2701 1005 2754 Πᾶν
1065 2700 1164 2771 μὲν
1215 2696 1313 2754 οὖν
1384 2700 1444 2753 τὸ
1507 2701 1747 2753 ἐναντίον

189 2793 310 2845 πᾶσα
335 2793 525 2863 Γραςρὴ
570 2791 943 2857 θεόπνευστος,
978 2795 1012 2862 ἡ
1045 2791 1132 2847 διὰ
1193 2792 1291 2861 τῆς
1341 2794 1621 2855 ἐπιπνοίας
1653 2793 1744 2845 τοῦ

188 2885 471 2954 Πνεύματος
542 2888 956 2955 ἀναγραφείσα,
1020 2889 1288 2957 μαρτυρεί
1342 2887 1420 2956 τῷ
1475 2887 1747 2956 Πνεύματι

187 2979 265 3048 τὴν
317 2978 568 3049 θεότητα.
638 2973 763 3030 Οἷον
817 2980 1093 3048 (κρεῖττον
1147 2978 1254 3047 γὰρ
1307 2979 1374 3031 δι’
1412 2979 1588 3031 αὐτῶν
1639 2977 1748 3029 τῶν

189 3072 470 3143 μαρτυριῶν
514 3071 800 3136 ἀποδεῖξαι
831 3073 921 3124 τὸν
953 3072 1139 3140 λόγον)
1210 3072 1260 3124 oi
1305 3071 1558 3134 λαϐόντες
1591 3070 1745 3138 ἐξου-

189 3163 286 3215 σίαν
318 3164 408 3216 τοῦ
440 3164 615 3218 τέκνα
643 3163 777 3216 Θεοῦ
807 3164 1080 3232 γενέσθαι,
1113 3164 1445 3235 μαρτυροῦσι
1471 3163 1548 3234 τῷ
1573 3162 1742 3216 Πνεύ-

192 3254 413 3324 pati-tiri
461 3254 718 3322 θεότητα.
752 3254 848 3318 Τίς
877 3254 986 3326 γάρ
1031 3255 1213 3324 ἀγνοεῖ
1259 3253 1354 3323 τὴν
1403 3254 1494 3306 τοῦ
1538 3253 1743 3323 Κυρίου

189 3344 372 3415 φωνὴν,
424 3346 509 3398 ὅτι
552 3347 616 3397 υἱ
638 3346 704 3396 ἐκ
732 3344 824 3397 τοῦ
863 3343 1177 3414 Πνεύματος
1211 3343 1578 3414 γεννηθέντες,
1609 3341 1744 3396 Θεοῦ

188 3437 325 3490 τέκνα
355 3438 488 3491 εἰσίν
511 3455 526 3498 ;
570 3435 726 3489 Οὕτω
753 3437 860 3507 γὰρ
883 3435 1178 3506 διαρρήδην
1209 3439 1476 3506 μαρτυρεί
1503 3435 1580 3506 τῷ
1606 3435 1745 3506 ἁγίῳ

190 3527 433 3598 Πνεύματι
483 3528 602 3581 τῶν
647 3527 742 3580 τοῦ
787 3527 923 3580 Θεοῦ
964 3529 1167 3582 τέκνων
1204 3527 1300 3598 τὴν
1348 3528 1618 3596 γέννησιν,
1669 3528 1746 3580 εἰ-

190 3615 302 3679 πὼν,
347 3619 425 3670 ὅτι
467 3618 706 3684 Ὥσπερ
745 3617 806 3670 τὸ
853 3615 1292 3686 γεγεννημένον
1333 3618 1403 3669 ἐκ
1450 3617 1559 3685 τῆς
1597 3634 1745 3683 σορ-

190 3709 294 3773 κός,
321 3708 472 3778 σάρξ
500 3710 678 3763 ἐστιν
697 3724 712 3738 ⁸
751 3709 938 3773 οὕτως
971 3709 1070 3761 καὶ
1111 3710 1176 3761 τὸ
1216 3710 1652 3778 γεγεννημένον
1677 3710 1745 3763 ὲκ

191 3801 278 3853 τοῦ
321 3803 682 3870 πνεύματος,
720 3798 963 3868 πνεῦμὰ
1002 3801 1191 3854 ἐστιν.
1236 3801 1390 3854 Ὅσοι
1417 3802 1474 3853 δὲ
1508 3802 1610 3854 ὑπὸ
1649 3801 1744 3853 τοῦ

192 3891 476 3964 Πνεύματος
527 3893 918 3965 ἐγεννήθησαν,
969 3893 1106 3948 Θεοῦ
1161 3895 1325 3950 τέκνα
1375 3895 1749 3966 προσηγορεύ-

194 3987 354 4056 θησαν,
391 3989 586 4050 Οῦτως
615 3989 708 4041 καὶ
738 3987 833 4040 τοῦ
865 3987 1071 4059 Κυρίου
1097 3988 1192 4042 διὰ
1221 3986 1315 4040 τοῦ
1351 3988 1743 4058 προσφυσὴμαυ

192 4095 264 4140 to;
288 4080 579 4142 δεδωκότος
609 4083 723 4144 τοῖς
777 4081 1045 4141 μαθηταῖς
1089 4078 1148 4131 τὸ
1191 4078 1416 4148 Πνεῦμα
1463 4079 1522 4131 τὸ
1570 4079 1744 4146 ἅγιον,

197 4175 330 4238 φησιν
370 4177 397 4228 ό
446 4173 723 4243 Ἰωάννης,
757 4171 970 4227 Ἐκτοῦ
993 4169 1358 4243 πληρώματος
1389 4170 1554 4225 αὑτοῦ
1587 4173 1746 4242 ἡμεῖς

195 4263 363 4324 πάντες
388 4263 680 4333 ὲλάΰομεν.
716 4263 808 4315 Ἑν
825 4259 979 4332 αύτῷ
1006 4261 1063 4314 δὲ
1088 4265 1357 4316 κατοικεῖν
1384 4263 1443 4316 τὸ
1477 4262 1746 4332 πλήρωμα

192 4353 271 4421 τῆς
304 4357 568 4426 θεότητος,
599 4359 626 4409 ὁ
666 4354 836 4425 μέγας
864 4354 1074 4417 Παῦλος
1100 4354 1548 4424 διαμαρτύρεται.
1592 4353 1749 4407 Ἀλλά

1845 1885 1940 1934 per
1977 1866 2346 1938 Unigenitum;
2382 1871 2434 1923 in
2472 1865 2738 1926 summam
2778 1885 2833 1928 et
2866 1885 3029 1944 caput
3083 1878 3279 1948 redigit
3305 1896 3426 1934 om-

1849 1977 1968 2014 nem
2001 1977 2154 2016 suam
2185 1962 2534 2030 impietatem,
2557 1980 2650 2032 per
2675 1964 2788 2018 haec
2809 1965 2973 2020 dicta.
3007 1967 3219 2028 Rursus
3245 1973 3422 2027 solum

1851 2048 2015 2104 Denan
2049 2049 2260 2104 Patrem
2292 2053 2536 2106 nominat
2560 2054 2919 2110 instrumento
2949 2073 3106 2112 usum
3137 2058 3426 2128 Unigenito

1846 2141 1912 2194 ad
1934 2144 2402 2199 constructionem
2433 2145 2692 2214 Spiritus.
2715 2146 3020 2212 Quamnam
3041 2166 3107 2205 ex
3143 2151 3424 2222 Scriptura

1848 2237 2097 2292 umbram
2128 2236 2444 2306 bujusmodi
2477 2240 2717 2294 notionis
2741 2249 2936 2297 nactus
2967 2242 3082 2298 haec
3107 2247 3314 2301 audet?
3344 2248 3423 2301 Ex

1846 2343 1956 2397 quo
1985 2328 2254 2397 principio
2307 2345 2402 2397 per
2428 2332 2872 2388 consecutionem
2906 2335 2971 2387 ad
3003 2337 3167 2390 talem
3203 2339 3426 2392 conclu-

1847 2421 2058 2474 sionem
2097 2423 2352 2491 produxit
2409 2425 2780 2493 impietatem?
2830 2429 3094 2496 Quisnam
3150 2438 3426 2505 evangeli-

1848 2523 2059 2568 starum
2097 2517 2197 2568 hoc
2233 2517 2407 2571 dicit?
2436 2520 2561 2587 quis
2592 2523 2918 2590 apostolus?
2949 2526 3072 2593 quis
3122 2528 3427 2595 propheta'

1848 2605 2072 2659 omnino
2105 2608 2324 2677 quidem
2360 2611 2700 2663 contrarium
2732 2615 2912 2668 omnis
2945 2629 2973 2666 a
3019 2613 3128 2669 Deo
3160 2616 3424 2684 inspirata

1851 2694 2137 2766 Scriptura
2185 2699 2366 2752 aﬂlatu
2402 2699 2645 2770 Spiritus
2677 2702 2976 2772 descripta,
3013 2705 3268 2760 deitatem
3302 2706 3425 2776 Spi-

1851 2790 1978 2843 ritui
2015 2806 2116 2844 suo
2142 2793 2458 2846 testimonio
2473 2796 2692 2858 asserit,
2726 2796 2958 2864 exempli
2985 2799 3182 2866 gratia,
3202 2809 3424 2868 praestat

1849 2888 1991 2936 enim
2023 2884 2357 2941 testimoniis
2383 2887 2686 2941 orationem
2706 2889 3116 2952 demonstrare,
3143 2893 3232 2958 qui
3267 2907 3424 2946 acce-

1850 2987 2048 3045 perunt
2077 2985 2402 3046 potestatem
2441 2990 2498 3032 ut
2539 2979 2631 3034 Dei
2663 2981 2756 3035 filii
2799 2983 3012 3042 ﬁerent.
3043 3000 3146 3038 suo
3175 2986 3425 3040 testimo-

1851 3071 1944 3122 nio
1971 3069 2201 3138 Spiritui
2249 3071 2532 3125 vindicant
2565 3071 2927 3130 divinitatem.
2979 3074 3113 3140 Quis
3147 3077 3288 3132 enim
3318 3075 3424 3131 Do-

1849 3157 1981 3210 mini
2025 3173 2228 3224 vocem
2247 3160 2498 3228 ignorat?
2527 3159 2631 3225 Qui
2662 3177 2729 3215 ex
2766 3162 2971 3232 Spiritu
3001 3166 3115 3219 nati
3164 3176 3292 3221 sunt
3326 3166 3422 3220 ﬁlii

1849 3248 1941 3302 Dei
1971 3251 2161 3303 sunt“.
2192 3248 2284 3304 Sic
2319 3251 2464 3305 enim
2489 3260 2678 3320 aperte
2709 3251 2936 3322 Spiritui
2961 3265 3153 3310 sancto
3187 3258 3421 3311 tiliorun

1845 3340 1941 3393 Dei
1969 3343 2375 3410 generationem
2429 3346 2688 3409 ascribit,
2742 3361 2869 3401 cum
2921 3346 3058 3402 dixit
3103 3348 3420 3414 :Qucmad-

1847 3435 2059 3485 modum
2106 3433 2244 3503 quod
2297 3450 2362 3488 ea:
2412 3453 2569 3490 carne
2613 3438 2845 3508 genitum
2897 3449 2995 3502 est,
3023 3456 3147 3494 caro
3191 3449 3269 3494 est
3298 3457 3315 3494 :
3345 3442 3423 3494 ita

1845 3525 2010 3578 etiam
2055 3529 2193 3594 quod
2221 3541 2288 3579 ea:
2313 3528 2502 3594 spiritu
2533 3531 2770 3598 genitum
2811 3539 2887 3584 est
2915 3532 3131 3600 spiritus
3165 3541 3265 3597 est,
3293 3534 3422 3601 qui-

1848 3632 2064 3686 cunque
2113 3633 2144 3670 a
2199 3618 2405 3688 Spiritu
2464 3623 2634 3691 geniti
2692 3632 2822 3678 sunt
2872 3623 2966 3677 ﬁlii
3023 3622 3114 3678 Dei
3171 3624 3424 3694 appellati

1851 3711 2038 3764 sunt“.
2077 3710 2168 3764 Sic
2202 3712 2366 3766 etiam
2394 3727 2517 3768 cum
2557 3711 2822 3769 Dominus
2863 3730 2960 3785 per
2998 3729 3158 3769 suum
3185 3715 3424 3769 amatum

1849 3802 2138 3873 discipulis
2159 3804 2399 3861 dedisset
2419 3803 2681 3874 Spiritum
2701 3815 2980 3870 sanctum,
3013 3807 3091 3860 ait
3119 3806 3358 3862 Joannes
3378 3809 3422 3868 ⁷.

1855 3897 1929 3955 Ex
1963 3897 2295 3968 plenitudine
2327 3897 2448 3966 ejus
2479 3912 2672 3952 omnes
2731 3898 3064 3967 accepimus.
3109 3897 3167 3951 ιη
3221 3913 3286 3952 eo
3317 3913 3420 3952 au—

1848 3996 1955 4044 tem
1986 3987 2296 4043 inhabitare
2327 3989 2726 4058 plenitudinem
2765 3989 2986 4044 deitatis
3025 4003 3253 4057 magnus
3280 3988 3421 4042 Pau-

1847 4080 1934 4135 lus
1985 4081 2330 4135 testillcatur.
2363 4081 2507 4147 Quin
2551 4082 2719 4137 etiam
2752 4097 2846 4151 per
2874 4081 3194 4150 prophetam
3230 4081 3422 4136 Isaiam

1849 4171 1915 4227 de
1953 4189 2016 4227 ea
2063 4189 2186 4243 quae
2215 4173 2320 4229 sibi
2355 4173 2498 4231 facta
2526 4183 2609 4229 est
2634 4172 2729 4228 Dei
2765 4175 3130 4244 apparitione,
3161 4190 3286 4228 cum
3337 4175 3423 4227 vi-

1848 4264 1929 4318 dit
1970 4263 2248 4320 sedentem
2289 4267 2342 4319 in
2388 4265 2590 4320 throno
2621 4265 2844 4322 excelso
2877 4276 2932 4321 et
2969 4267 3184 4322 elevato
3210 4309 3224 4331 ,
3279 4268 3423 4320 anti-

1850 4357 2010 4423 quior
2041 4357 2262 4412 traditio
2291 4355 2506 4411 Patrem
2535 4371 2659 4411 esse
2688 4356 2821 4412 dicit
2845 4372 2970 4412 eum
3003 4359 3096 4428 qui
3139 4360 3290 4414 visus
3316 4368 3420 4412 est.

197 4451 270 4498 καὶ
303 4449 374 4501 ἑτι
412 4450 502 4503 διὰ
523 4447 619 4502 τοῦ
652 4450 932 4519 προφήτου
977 4447 1195 4500 Ἡσαΐου
1230 4449 1357 4519 περὶ
1385 4448 1484 4517 τῆς
1516 4447 1744 4518 γενομέ-

1853 4447 1958 4503 Sed
1981 4445 2222 4503 Joannes
2245 4448 2575 4517 evangelista
2605 4449 2672 4502 ad
2694 4448 2978 4504 Dominum
3003 4448 3169 4502 refert
3187 4449 3421 4518 prophe-

197 4557 273 4609 νης
305 4543 445 4612 αύτῷ
492 4540 848 4609 θεοφανείας,
898 4541 987 4593 ὅτε
1037 4536 1144 4593 εἶδε
1189 4539 1281 4593 τὸν
1320 4540 1624 4611 καθήμενον
1657 4541 1749 4595 ἐπὶ

198 4631 357 4703 θρόνου
405 4635 613 4706 ὑψηλοῦ
659 4635 753 4687 καὶ
807 4633 1152 4704 ἐπηρμένου,
1199 4637 1233 4702 ή
1288 4634 1384 4703 μὲν
1422 4635 1746 4703 ἀρχαιοτέρα

198 4727 461 4795 παράδοσις
505 4727 599 4780 τὸν
649 4727 868 4798 Πατέρα
907 4722 1046 4780 εἷναι
1091 4726 1238 4796 λέγει
1283 4725 1373 4779 τὸν
1414 4726 1672 4795 ὀφθέντα·
1719 4727 1747 4777 ὁ

197 4812 242 4866 δὲ
273 4817 652 4888 εύαγγελιστὴς
702 4818 971 4886 Ἰωάννης,
1009 4818 1090 4880 εἰς
1120 4817 1211 4870 τὸν
1251 4817 1454 4888 Κύριον
1487 4817 1746 4888 ἀναφέρει

202 4907 278 4976 τὴν
307 4909 658 4980 προφητείαν,
687 4909 859 4976 λέγων
880 4910 1016 4980 περὶ
1051 4909 1161 4962 τῶν
1195 4909 1268 4980 μὴ
1313 4911 1747 4963 πεπιστευκότων

212 4997 450 5053 Ἰουδαίων
481 4999 582 5063 τάς
613 4999 692 5069 τῷ
740 5000 993 5074 προφήτῃ
1027 4999 1285 5068 ῥηθείσας
1341 5001 1467 5070 περὶ
1501 5000 1594 5054 τοῦ
1639 5002 1750 5060 Κυ-

205 5089 298 5155 ρίου
341 5092 550 5159 φωνὰς,
598 5093 682 5145 ὅτι
735 5091 924 5146 Ταῦτα
964 5089 1134 5146 εἷπεν
1185 5095 1453 5162 Ἡσαΐας,
1491 5096 1590 5149 ὅτε
1628 5091 1749 5148 εἶδε

207 5180 298 5244 τὴν
318 5181 498 5245 δόξαν
524 5183 734 5246 αὐτοῦ,
764 5185 862 5237 καὶ
891 5184 1160 5255 ἐλάλῃσε
1191 5187 1320 5256 περὶ
1357 5187 1563 5242 αὑτοῦ.
1607 5189 1666 5241 '0
1687 5190 1747 5242 δὲ

209 5269 354 5335 μέγας
382 5274 586 5337 Παῦλος
627 5272 710 5344 τῷ
743 5275 882 5344 ἁγίῳ
915 5275 1191 5345 Ηνεύματι
1222 5278 1313 5330 τὸν
1355 5279 1515 5331 αύτδν
1558 5279 1746 5332 τοῦτον

207 5355 334 5426 λ’ἱγον
363 5367 902 5440 προσεμαρτύρησεν,
937 5370 997 5421 ὲν
1036 5373 1100 5440 τῇ
1139 5369 1407 5443 γενομένῃ
1435 5371 1581 5442 αὐτῷ
1615 5371 1749 5442 πρὸς

207 5452 310 5514 τοὺς
354 5456 630 5520 Ἰουδαίους
667 5458 812 5513 κατά
859 5460 955 5531 τὴν
990 5460 1206 5532 Ῥώμην
1249 5461 1575 5535 δημηγορίᾳ.
1624 5465 1749 5518 Ὅτε

211 5548 367 5616 caestv,
394 5539 584 5614 Καλῶς
629 5547 748 5605 εἷπε
793 5554 923 5623 περὶ
956 5554 1110 5624 ὑμῶν
1143 5555 1204 5608 τὸ
1234 5555 1456 5626 Πνεῦμα
1482 5556 1545 5611 τὸ
1571 5557 1746 5627 ἅγιον,

267 5703 285 5734 ⁸
314 5703 460 5763 Joan.
493 5727 568 5774 ιιι,
601 5713 651 5768 6.
730 5712 751 5742 ⁸
777 5710 930 5766 Joan.
960 5729 997 5774 ι,
1031 5713 1116 5768 15.

501 5808 772 5869 Ρετιιοι.
819 5804 934 5869 Gn.
988 5808 1040 5866 Χ
1053 5807 1174 5868 LV.

1194 5717 1213 5748 ⁷
1246 5713 1404 5772 Joan.
1445 5736 1534 5786 xx,
1565 5720 1653 5775 2‘2.
1733 5724 1752 5756 ⁸
1787 5721 1891 5778 lsa.
1931 5736 2001 5786 Vl,
2040 5719 2091 5772 Ι.

1811 4564 1827 4582 κ
1851 4541 2004 4602 tiam,
2043 4541 2233 4594 dicens
2287 4539 2354 4594 de
2389 4538 2594 4595 ludatis
2627 4541 2718 4611 qui
2754 4556 2862 4594 non
2917 4541 3287 4606 crediderunt,
3329 4556 3424 4596 eas

1849 4647 2012 4686 voces
2045 4647 2165 4700 qua!
2199 4647 2226 4684 a
2262 4630 2494 4686 Domino
2516 4634 2789 4703 propheta:
2818 4633 2977 4686 dictae
3007 4631 3246 4688 fuerunt.
3275 4633 3421 4695 Haec,

1849 4725 2090 4794 inquit",
2115 4723 2254 4778 dixit
2295 4723 2503 4788 Isaias,
2534 4725 2747 4794 quando
2791 4726 2919 4778 vidit
2951 4726 3179 4794 gloriam
3223 4724 3335 4792 ejus
3373 4734 3423 4777 ει

1850 4818 2053 4872 locutus
2091 4828 2169 4872 εει
2215 4817 2278 4871 de
2314 4833 2372 4871 eo
2405 4821 2447 4870 '.
2495 4817 2723 4889 Magnus
2763 4835 2894 4873 vero
2937 4818 3142 4872 Paulus
3173 4817 3420 4872 eumdem

1852 4926 2159 4967 sermonem
2191 4911 2423 4980 Spiritui
2447 4918 2640 4966 sancto
2675 4911 2945 4974 attribuit,
2985 4910 3036 4963 in
3070 4924 3134 4963 ea
3160 4907 3424 4962 concione

1851 5015 2017 5073 quam
2045 5002 2161 5072 ipse
2187 5000 2374 5057 Roma:
2405 5003 2593 5058 habuit
2620 5001 2686 5054 ad
2717 5000 2957 5064 Iudaeos,
2991 5014 3117 5054 cum
3149 4999 3245 5059 ait.
3281 4997 3425 5050 Bene

1852 5096 1985 5150 dixit
2013 5095 2080 5150 de
2115 5095 2268 5150 vobis
2317 5093 2560 5164 Spiritus
2589 5103 2838 5155 sanctus.
2877 5094 3023 5162 quod
3075 5091 3268 5144 auditu
3322 5103 3422 5141 an-

1851 5187 2014 5243 dietis
2041 5195 2099 5241 et
2122 5203 2230 5242 non
2265 5186 2582 5255 intelligetis
2619 5203 2632 5240 :
2665 5185 2990 5245 ostendens,
3029 5183 3173 5236 sicut
3205 5182 3421 5249 opinor,

1834 5274 1947 5350 "per
1973 5281 2120 5332 hanc
2161 5286 2408 5334 sanctam
2441 5276 2868 5346 Scripturam“,
2897 5275 3037 5346 quod
3071 5274 3252 5328 omnis
3287 5273 3426 5328 visio

1853 5369 2090 5430 divinior
2153 5370 2463 5439 omnisque,
2531 5369 2624 5424 Dei
2691 5369 2998 5440 apparitio,
3065 5377 3231 5435 atque
3306 5380 3423 5418 om-

1852 5464 1939 5520 nis
1969 5457 2149 5518 εει-ιιιο
2199 5465 2292 5532 qui
2343 5478 2410 5517 ex
2471 5477 2704 5532 persona
2760 5459 2854 5515 Dei
2913 5459 3147 5519 dicitur,
3179 5454 3245 5511 de
3269 5453 3426 5509 Patre

1851 5567 1905 5616 et
1961 5559 2026 5615 de
2076 5556 2216 5613 Filio
2266 5565 2320 5611 et
2398 5555 2467 5610 de
2537 5554 2742 5626 Spiritu
2815 5560 3006 5608 saluto
3084 5547 3425 5617 intelligitur.

2687 5715 2730 5753 ιο
2756 5715 2878 5769 Act.
2913 5728 3108 5774 xxvm,
3139 5709 3231 5776 25,
3264 5706 3358 5763 26.

3032 5804 3105 5865 18

2167 5717 2188 5748 ⁹
2213 5713 2371 5770 Joan.
2396 5730 2494 5782 xu,
2520 5714 2608 5770 41.
