3922 6458
558 308 663 366 555
1737 297 1794 352 S.
1840 293 2164 351 GREGORII
2205 290 2492 345 NYSSENI
3666 284 3754 337 τί.εᾶ

558 426 781 493 Propter
836 420 937 474 hoc
970 418 1166 472 Davidc
1194 416 1410 471 dicente
1457 413 1599 485 quod
1655 416 1719 467 ad
1780 416 1913 469 iram
1944 413 2107 467 Deum

2215 412 2295 463 ὅτι
2324 411 2459 478 ἀκοῇ
2488 404 2768 467 ἀκούσετε,
2813 403 2902 454 καὶ
2942 400 2999 452 οὺ
3055 398 3127 468 μὴ
3172 398 3392 465 συνῆτε
3436 395 3653 457 δεικνὺς,
3692 399 3756 459 ὠς

555 517 985 584 provocaverunt
1034 510 1087 562 in
1137 509 1376 568 deserto,
1436 515 1490 560 et
1556 505 2022 559 exacerbavcrunt
2060 502 2104 555 in

2223 498 2395 573 οἶμαι.
2420 500 2485 552 δι’
2516 498 2683 566 αὐτῆς
2726 496 2825 564 τῆς
2856 493 3015 561 ἁγίας
3043 489 3282 560 Γραφῆς,
3313 488 3396 539 ὅτι
3432 488 3573 539 πᾶσα
3611 487 3755 539 ὀπτα-

554 603 751 657 terra“
802 602 1103 670 inaquosa:
1144 599 1439 667 Apostolus
1469 597 1536 650 ad
1569 596 1829 666 Spiritum
1872 605 2103 650 sanctun

2226 595 2312 646 σία
2343 590 2606 661 θειοτέρα,
2640 588 2733 640 καὶ
2764 588 2903 638 πᾶσα
2928 581 3232 649 θεοιράνεια,
3261 579 3355 632 καὶ
3401 577 3506 638 πᾶς
3539 577 3679 643 λόγος
3706 580 3757 630 ὲκ

553 692 720 747 refert
751 708 815 747 ea
846 669 967 761 qua:
1001 692 1068 744 ab
1094 689 1356 743 lsraelitis
1379 696 1573 742 contra
1608 686 1772 740 Deum
1801 686 1940 739 facta
1974 692 2098 739 sunt

2224 683 2512 752 προσώπου
2543 680 2676 731 Θεοῦ
2721 677 3030 745 λεγόμενος,
3066 674 3159 724 ἐπὶ
3195 672 3286 724 τοῦ
3331 669 3540 740 Πατρδς
3566 670 3755 731 νοεῖται,

554 784 634 836 sic
663 782 729 836 ad
747 759 971 837 verbum
1000 781 1267 841 scribens,
1311 778 1578 844 Quocirca
1611 778 1754 831 sicut
1786 777 1917 830 dicit
1952 774 2103 843 Spiri

2225 779 2319 831 καὶ
2350 776 2440 829 ἐπὶ
2468 772 2562 826 τοῦ
2588 770 2739 829 Υἱοῦ.
2768 769 2860 822 καὶ
2892 767 2983 819 ἐπὶ
3016 764 3110 818 τοῦ
3150 763 3461 832 Πνεύματος
3492 759 3581 811 τοῦ
3608 760 3756 826 ἁγίου.

555 886 645 929 tus
688 884 913 929 sanctus
942 892 954 926 :
999 871 1178 927 Nolite
1209 872 1467 926 obdurare
1502 870 1664 923 corda
1702 879 1865 923 vestra
1906 869 2036 921 sicut
2070 870 2104 919 ἰν

2226 871 2323 924 Διὰ
2364 868 2519 921 τοῦτο
2546 865 2638 918 τοῦ
2687 862 2848 917 Δαὸὶδ
2894 860 3157 921 εἰπόντος,
3193 856 3272 907 ὅτι
3313 852 3659 924 παρώργισαν
3686 850 3760 902 τὸν

554 964 951 1019 exacerbatione
1014 965 1068 1015 in
1140 963 1223 1016 die
1290 961 1591 1014 temtationis
1645 960 1695 1011 in
1742 958 1983 1019 deserto,
2035 956 2101 1008 ub

2224 960 2355 1012 Θεὸν
2385 962 2442 1011 ὲν
2469 959 2535 1026 τῇ
2565 958 2773 1027 ἐρήμῳ,
2807 952 2900 1004 καὶ
2933 947 3251 1018 παρώξυναν
3286 944 3449 998 αὐτὸν
3485 943 3540 993 ἐν
3591 943 3653 1009 τῇ
3684 941 3762 991 ἀν-

557 1067 883 1111 mttaverunt
935 1072 1015 1109 me
1058 1065 1232 1124 patres
1282 1052 1582 1107 vestri"'”
1625 1071 1637 1106 :
1685 1059 1739 1105 et
1784 1050 1888 1103 alia
1942 1049 2106 1103 omni:

2229 1052 2391 1121 ύδρῳ,
2417 1052 2445 1102 ὁ
2485 1047 2728 1101 ’Λπόστοὶ
2742 1062 2796 1107 ος
2833 1044 2910 1105 εἰς
2933 1040 2993 1093 τὸ
3022 1037 3242 1107 Πνεῦμα
3272 1034 3333 1086 τὸ
3358 1034 3508 1099 ἆγιον
3539 1028 3764 1099 ἀναφέρει

557 1163 801 1217 personae
841 1122 1077 1218 Spiritus
1123 1146 1299 1201 sancti
1333 1144 1581 1207 ascribit,
1622 1157 1957 1212 quaecunque
2003 1155 2106 1210 pro

2226 1142 2294 1193 τὰ
2340 1140 2489 1210 παρὰ
2534 1139 2639 1191 τῶν
2680 1132 3022 1205 Ἰσραηλιτῶν
3080 1128 3220 1182 κατά
3270 1125 3363 1179 τοῦ
3405 1122 3537 1176 Θεοῦ
3570 1138 3764 1189 γεγενη-

558 1212 738 1310 phetia
778 1212 1118 1295 Deo-tribuit.
1167 1237 1271 1303 Qui
1328 1245 1511 1291 autem
1561 1251 1662 1290 nos
1719 1250 1813 1304 per
1871 1234 1984 1287 haec
2024 1234 2107 1286 do-

2232 1232 2387 1302 μένα,
2422 1229 2591 1291 οὕτως
2637 1225 2849 1295 γράψας
2881 1222 2955 1291 τῷ
3001 1222 3203 1291 ῥήματι
3271 1216 3383 1278 Διὸ,
3442 1212 3614 1275 καθὼς
3642 1212 3763 1278 λέγει

559 1305 736 1400 ginata
765 1342 873 1386 tres
903 1330 1035 1386 deos
1061 1329 1265 1400 ﬁngere
1297 1326 1569 1396 iactitant,
1618 1325 1858 1379 nondum
1893 1323 2108 1377 fortuss¢

2229 1325 2289 1378 τὸ
2320 1323 2539 1392 Πνεῦμα
2566 1321 2627 1372 τὸ
2661 1320 2829 1385 ἆγιον,
2856 1314 2951 1381 Μὴ
2996 1311 3375 1379 σκληρύνητε
3418 1308 3522 1370 τὰς
3551 1305 3765 1371 καρδίας

556 1439 660 1479 nec
689 1438 978 1478 numerare
999 1421 1325 1477 didicerunt.
1371 1417 1429 1474 Si
1456 1420 1602 1474 enim
1632 1418 1803 1472 Filius
1831 1427 1883 1471 et
1907 1414 2071 1469 Pater
2100 1433 2105 1466 :

2230 1412 2397 1486 ὑμῶν
2426 1416 2505 1479 ὡς
2536 1414 2604 1466 ἐν
2640 1410 2719 1476 τῷ
2750 1400 3221 1477 παραπικρασμῷ
3252 1398 3404 1453 κατὰ
3434 1398 3544 1464 τὴν
3572 1396 3766 1465 ἡμέραν

559 1532 620 1573 se
642 1515 875 1571 invicem
906 1515 960 1569 in
1000 1514 1214 1569 dualem
1265 1511 1718 1583 signiﬁcationem
1761 1524 1867 1562 non
1918 1507 2108 1576 disper-

2230 1506 2338 1561 τοῦ
2367 1504 2694 1575 πειρασμοῦ
2720 1502 2789 1555 ἐν
2815 1498 2890 1567 τῇ
2917 1495 3133 1566 ἐρήμῳ,
3167 1489 3237 1548 οὗ
3268 1489 3596 1559 ἐπείρασαν
3634 1505 3700 1557 με
3722 1491 3763 1540 ol

556 1608 770 1663 tiuntur
806 1610 995 1678 (unum
1025 1607 1167 1659 enim
1186 1614 1333 1665 sunt,
1368 1619 1475 1657 non
1489 1603 1596 1656 duo
1618 1600 1913 1656 secundum
1944 1613 2105 1651 vocen

2234 1595 2480 1665 πατέρες
2502 1592 2793 1663 optimum).
2821 1590 2889 1643 τὰ
2926 1588 3060 1642 ἄλλα
3086 1587 3255 1639 πάντα
3291 1583 3368 1653 τῷ
3404 1579 3664 1652 προσώπῳ
3688 1577 3765 1628 τοῦ

560 1694 799 1757 Domini,
833 1710 997 1749 unum
1050 1694 1214 1748 etiam
1262 1691 1500 1761 Spiritus
1567 1685 2109 1767 sanctus),quomodi

2233 1691 2387 1759 ἁγίου
2419 1689 2729 1757 Πνεύματος
2764 1681 3101 1750 ἀνατίθησιν.
3145 1679 3245 1731 ὅσα
3267 1678 3301 1745 ἡ
3334 1671 3628 1744 προφητεία
3654 1669 3765 1739 πρὸς

559 1802 727 1842 unum
777 1802 898 1841 cum
966 1801 1076 1839 uno
1130 1785 1481 1852 conjunctum
1543 1783 1597 1835 in
1674 1782 1835 1833 trium
1908 1778 2108 1832 deorun

2236 1755 2368 1831 Θεὸν
2402 1755 2679 1845 ἀναφέρει.
2715 1773 2777 1823 Οἱ
2804 1772 2861 1824 δὲ
2886 1772 3031 1839 τρεῖς
3062 1769 3189 1837 ἡμῖν
3212 1764 3368 1827 θεοὺς
3393 1762 3480 1815 διὰ
3501 1760 3602 1814 τῶν
3625 1758 3768 1810 τοιού-

560 1892 850 1935 numerum
907 1849 1281 1933 discinditur?
1318 1876 1400 1928 vel
1458 1874 1617 1944 plane
1647 1872 1993 1941 perspicuum
2051 1883 2109 1923 es

2239 1889 2343 1923 των
2401 1863 2845 1937 ὲπιθρυλλοῦντες
2903 1861 3217 1930 δογμάτων,
3266 1855 3421 1908 οὖπω
3479 1853 3611 1921 τάχα
3668 1849 3765 1902 οὺδέ

556 1970 705 2044 quod
740 1970 926 2026 nullus
971 1969 1128 2024 nobis
1157 1969 1318 2021 trium
1351 1966 1576 2020 deorum
1618 1976 1903 2016 numerum
1940 1960 1991 2012 in
2022 1959 2100 2012 cri

2237 1961 2485 2031 ἀριθμεῖν
2525 1955 2894 2026 ἐδιδάχθησαν.
2924 1953 2987 2004 Ei
3034 1950 3140 2021 γὰρ
3189 1951 3219 2002 ὁ
3263 1947 3393 2009 Υἱὸς
3428 1947 3517 1998 καὶ
3545 1948 3571 1997 ό
3610 1942 3768 2012 Πατὴο

561 2079 687 2119 men
722 2062 965 2125 verterit,
1015 2061 1107 2131 qui
1136 2074 1245 2113 non
1301 2058 1455 2127 prius
1490 2057 1606 2125 ipse
1650 2055 1873 2107 deorum
1904 2050 2107 2131 dualita

2238 2053 2297 2105 ού
2337 2051 2642 2121 μερίζονται
2673 2047 2765 2100 ἀπ’
2794 2043 3035 2113 ἀλλήλων
3063 2043 3142 2104 εἰς
3185 2039 3376 2110 δυῖκὴν
3412 2036 3668 2107 σημασίαν
3694 2034 3768 2105 (ἓν

558 2162 671 2209 tem
729 2153 954 2226 proprio
1006 2152 1261 2222 dogmate
1317 2147 1632 2204 astruxerit.
1694 2143 1913 2198 Duobus
1987 2120 2107 2197 eiiin

2238 2120 2347 2215 γάρ
2370 2120 2494 2205 εἶσι,
2530 2141 2623 2193 καὶ
2644 2139 2763 2209 ούχὶ
2785 2138 2895 2199 δύο,
2921 2135 3061 2190 κατὰ
3091 2134 3187 2199 τὴν
3231 2131 3327 2185 τοῦ
3360 2129 3560 2200 Κυρίου
3594 2126 3766 2196 φωνὴν·

562 2262 731 2301 unum
762 2245 855 2316 qui
888 2242 1058 2306 addit,
1093 2242 1394 2297 ternarium
1430 2239 1656 2294 deorum
1698 2249 1985 2290 numerum
2019 2247 2111 2301 per

2234 2236 2291 2289 ἓν
2323 2236 2379 2288 δὲ
2416 2234 2509 2287 καὶ
2542 2230 2602 2284 τὸ
2627 2230 2850 2299 Πνεῦμα
2886 2227 2946 2279 τὸ
2971 2227 3123 2294 ἅγιον
3144 2226 3182 2290 ).
3216 2222 3335 2285 πῶς
3361 2222 3422 2274 τὸ
3451 2222 3529 2273 ὲνὶ
3560 2218 3768 2271 συντιθέ-

560 2334 715 2401 ﬁcit;
746 2350 778 2389 a
814 2335 1015 2406 quibus
1061 2341 1241 2387 autem
1270 2347 1413 2386 unus
1444 2330 1587 2384 Deus
1626 2326 1903 2388 adoratur,
1933 2326 1985 2377 in
2035 2338 2109 2376 no

2242 2345 2397 2399 μενον
2441 2327 2520 2387 εἰς
2567 2321 2732 2394 τριῶν
2782 2319 2918 2372 θεῶν
2941 2315 3168 2388 ἀριθμὸν
3200 2312 3559 2382 διασχίζει-ταις
3586 2309 3617 2376 ἦ
3641 2308 3770 2377 δῆλον

565 2428 715 2485 mine
745 2398 924 2482 Pairis
951 2437 1004 2482 et
1031 2425 1152 2480 Filii
1177 2433 1231 2479 et
1260 2424 1497 2494 Spiritus
1527 2423 1725 2485 sancti,
1759 2434 1917 2491 quem
1955 2419 2114 2470 locun

2241 2421 2454 2481 πάντως
2475 2417 2641 2479 ἐστὶν,
2669 2415 2750 2467 ὅτι
2776 2414 2876 2464 οὐκ
2899 2410 2965 2464 ἄν
2991 2426 3073 2471 τις
3095 2406 3466 2459 ὲπικαλέσειεν
3488 2404 3611 2481 ημῖν
3633 2398 3770 2469 τριῶν

566 2519 730 2575 habet
758 2519 923 2573 trium
953 2517 1176 2573 deorum
1202 2490 1554 2569 criminatio?
1781 2490 1791 2491 ί

2240 2511 2376 2564 θεῶν
2410 2509 2658 2581 ἀριθμὸν,
2694 2506 2767 2577 μὴ
2813 2504 3071 2575 πρότερον
3096 2499 3256 2559 αὐτὸς
3288 2496 3427 2549 θεῶν
3463 2490 3616 2548 δυάδα
3638 2495 3689 2544 ιν
3706 2490 3770 2558 τῷ

563 2611 679 2682 ἰδίῳ
704 2610 936 2680 δόγματι
963 2609 1401 2673 κατασκευάζων.
1438 2610 1561 2673 Τοῖς
1588 2609 1695 2683 γάρ
1721 2609 1815 2664 δύο
1840 2611 1899 2662 τὸ
1938 2610 1995 2662 ἒν
2024 2608 2418 2678 συντιθέμενον,
2453 2606 2551 2676 τὴν
2578 2602 2783 2675 Τριάδα
2809 2601 2914 2654 τῶν
2954 2599 3088 2652 θεῶν
3131 2598 3532 2668 ἀπεργάζεται·
3571 2591 3686 2663 παρ’
3708 2582 3770 2643 ὢν

559 2705 615 2761 δὲ
645 2681 725 2770 εἷς
758 2707 1140 2778 προσκυνεῖται
1166 2703 1317 2769 Θεὸς,
1361 2706 1447 2759 ἐπ’
1481 2681 1700 2776 ὀνόματι
1728 2706 1937 2777 Πατρδς
1969 2707 2058 2758 καὶ
2089 2702 2216 2757 Υἱοῦ
2243 2703 2334 2755 καὶ
2362 2699 2674 2770 Πνεύματος
2711 2697 2887 2765 ἁγίου.
2919 2695 3073 2749 ποίαν
3105 2690 3215 2761 ἔχει
3243 2689 3429 2762 χώραν
3453 2689 3486 2757 ἡ
3510 2684 3609 2737 τῶν
3633 2681 3769 2752 τριῶν

559 2797 698 2854 θεῶν
734 2797 1032 2869 κατηγορία
1052 2816 1066 2863 ;

632 2892 739 2947 Sed
810 2907 1024 2945 omnem
1097 2890 1346 2946 Eunomii
1395 2906 1699 2946 sermonem
1759 2904 2122 2945 resumamus.

2313 2887 2450 2938 Ἀλλ’
2478 2881 2900 2951 ὲπαναλάϐωμεν
2931 2880 3106 2932 πάντα
3146 2876 3239 2929 τοῦ
3288 2873 3548 2943 Εὑνομίου
3584 2869 3664 2920 τὸν
3702 2865 3767 2917 λόε

561 2983 784 3048 Factus,
826 2985 1021 3053 inquit,
1062 3000 1094 3035 a
1124 2983 1235 3036 solo
1285 2982 1390 3037 Deo
1434 2997 1526 3051 per
1563 2980 1897 3051 Unigenitum
1939 2989 1987 3033 et
2022 2979 2104 3031 hic

2234 2995 2348 3045 γον.
2374 2977 2724 3043 Γενόμενος,
2762 2974 2944 3044 φησὶν,
2980 2972 3135 3039 παρὰ
3173 2967 3279 3022 τοῦ
3309 2969 3496 3037 μόνοι·
3532 2958 3662 3014 Θεοῦ
3692 2955 3768 3008 διὰ

562 3076 821 3143 Quanam
864 3076 1029 3146 igitur
1063 3076 1177 3129 haec
1209 3085 1294 3129 est
1336 3047 1758 3135 demonstratio,
1796 3081 1845 3125 et
1885 3072 1966 3124 hic
2000 3087 2017 3123 :
2072 3086 2111 3123 al

2242 3067 2347 3121 τοῦ
2394 3066 2769 3133 Μονογενοῦς
2797 3065 2891 3117 καὶ
2912 3064 3108 3116 τοῦτο.
3142 3061 3236 3123 Τίς
3267 3056 3361 3111 οὖν
3404 3054 3657 3117 ἀπόδειξις
3691 3047 3763 3100 τοῦ

567 3171 710 3223 hunc
741 3184 908 3221 unum
959 3183 1083 3222 esse
1131 3181 1320 3219 eorum
1370 3180 1491 3233 qua:
1546 3164 1614 3216 ab
1650 3162 1939 3233 Unigenito
1999 3162 2116 3216 fact:

2243 3161 2339 3215 καὶ
2364 3161 2536 3214 τοῦτο
2557 3161 2617 3212 ἓν
2637 3160 2744 3212 τῶν
2772 3158 2920 3230 παρὰ
2949 3156 3042 3208 τοῦ
3063 3151 3398 3221 Μονογενοῦς
3431 3144 3592 3209 εἷναις
3618 3144 3767 3197 Πάντα

566 3261 738 3315 sunt?
776 3260 955 3313 omnia
986 3274 1084 3329 per
1138 3258 1314 3327 ipsum
1345 3272 1466 3310 esse
1497 3258 1635 3309 lacta
1683 3257 1908 3308 omnino
1936 3254 2115 3308 dicent

2241 3258 2306 3310 δι’
2356 3254 2519 3309 αὑτοῦ
2560 3251 2884 3323 γεγενῆσθαι
2927 3250 3141 3310 πάντως
3188 3244 3445 3316 ἐροῦσιν,
3491 3242 3544 3292 ὲν
3576 3237 3627 3289 δὲ
3678 3234 3766 3291 τοῖς

564 3362 619 3405 et
673 3351 727 3404 in
774 3351 1029 3404 omnibus
1070 3348 1529 3418 comprehensum
1579 3362 1701 3402 csse
1747 3356 1800 3401 et
1847 3347 2010 3401 hunc.
2058 3346 2113 3398 Α‹

2245 3351 2376 3403 πᾶσι
2412 3343 2897 3417 συμπεριειλῆφθαι
2941 3342 3035 3393 καὶ
3070 3339 3224 3392 τοῦτο
3279 3336 3415 3407 πρὸς
3452 3331 3540 3393 οὓς
3572 3324 3767 3398 ἐροῦμεν

564 3456 704 3512 quos
735 3440 1225 3504 dicemus,0mm'a
1267 3456 1357 3508 per
1401 3441 1566 3506 ipsum
1618 3438 1759 3506 facta
1800 3449 1941 3491 sunt.
1988 3438 2113 3492 Sicu

2242 3441 2321 3493 ὅτι
2347 3438 2543 3492 Πάντα
2569 3436 2642 3490 δι’
2669 3433 2853 3489 αὐτοῦ
2888 3432 3141 3501 ἐγένετο·
3185 3428 3401 3497 ἐγένετο
3445 3424 3517 3484 δὲ,
3554 3415 3712 3476 καθὼς
3744 3413 3766 3462 6

567 3544 746 3588 autem
775 3534 848 3587 ait
873 3532 1073 3587 Paulus
1099 3534 1161 3595 υ,
1201 3506 1341 3585 facta
1382 3539 1510 3587 sunt
1580 3530 1926 3601 aspectabilia
1960 3539 2013 3585 et
2054 3532 2116 3586 in

2242 3529 2451 3591 Παῡλός
2492 3543 2675 3598 φησιν,
2707 3523 2876 3594 ὁρατά
2931 3525 3024 3576 καὶ
3057 3521 3282 3592 ἀόρατα,
3321 3516 3521 3587 θρόνοι,
3544 3506 3765 3601 ἐξουσίαι,

569 3625 943 3695 aspectabilia,
976 3624 1181 3685 throni,
1213 3633 1529 3693 potestates,
1562 3599 1927 3695 principatus,
1962 3622 2118 3677 domi

2241 3624 2425 3691 ἀρχαὶ,
2472 3620 2805 3691 κυριότητες,
2841 3617 3116 3685 δυνάμεις
3141 3615 3197 3664 ὲν
3232 3611 3289 3664 δὲ
3342 3612 3449 3672 τοῖς
3490 3599 3765 3695 ἀπηριθξίη·

572 3718 840 3779 nationes,
874 3718 1132 3782 virtutes;
1169 3716 1222 3770 in
1248 3716 1622 3770 annumeratis
1653 3728 1833 3771 autem
1873 3731 1969 3787 per
1988 3716 2113 3769 thro

2244 3716 2423 3786 μένοις
2447 3712 2534 3766 διά
2561 3712 2668 3766 τῶν
2702 3711 2903 3782 θρόνων
2932 3725 2991 3760 τε
3020 3706 3113 3759 καὶ
3136 3704 3242 3756 τῶν
3270 3702 3567 3770 δυνάμεων,
3591 3694 3651 3745 τὰ
3684 3691 3767 3742 Χε-

574 3825 674 3865 nos
720 3817 775 3863 et
822 3816 1117 3879 potestates
1147 3807 1438 3862 Cherubim
1477 3816 1531 3862 et
1566 3806 1847 3877 Seraphim
1941 3807 2123 3861 Paulus

2242 3807 2439 3879 ρουὸὶμ
2470 3806 2563 3858 καὶ
2585 3803 2654 3856 τὰ
2685 3801 2927 3872 Σεραφὶμ
2952 3799 3057 3852 ὑπὸ
3079 3796 3171 3850 τοῦ
3203 3794 3416 3849 Παύλου
3438 3787 3761 3843 κατείλεκται’

571 3903 891 3969 complexus
921 3910 1007 3955 est
1040 3919 1055 3955 :
1088 3900 1196 3955 huc
1235 3916 1411 3970 usque
1444 3901 1644 3955 omnia.
1676 3898 1936 3971 Spiritum
1962 3909 2120 3954 auten

2243 3899 2347 3961 ἕως
2376 3896 2563 3950 τούτου
2618 3894 2684 3947 τὰ
2739 3893 2935 3946 πάντα.
2970 3890 3043 3942 Τὸ
3081 3888 3135 3941 δὲ
3176 3885 3401 3954 Πνεῦμα
3432 3882 3488 3933 τὸ
3526 3880 3677 3945 ἅγιον,
3706 3871 3764 3930 ὡς

569 4003 843 4057 sanctum,
867 4000 1053 4063 utpote
1084 3993 1176 4063 qui
1204 4002 1289 4048 est
1313 4008 1475 4063 super
1505 4000 1755 4048 naturam
1787 4008 1975 4047 eorum
2020 4007 2118 4061 qua

2246 3988 2387 4059 ὑπὲρ
2411 3987 2508 4057 τὴν
2544 3985 2706 4055 φύσιν
2752 3985 2857 4037 τῶν
2898 3982 3193 4052 γεγονότων
3226 3980 3281 4031 ὲν
3326 3980 3391 4047 τῇ
3437 3968 3763 4063 ἀπαριθμησει

567 4095 752 4141 creata
784 4094 932 4151 sunt,
980 4086 1035 4140 in
1082 4086 1494 4140 enumeratione
1537 4099 1726 4140 eorum
1763 4099 1883 4154 qum
1907 4090 2034 4137 sunt
2052 4089 2116 4134 ta‘

2239 4079 2345 4131 τῶν
2378 4078 2546 4130 όντων
2573 4079 2601 4130 ό
2638 4074 2846 4133 Παῦλος
2874 4071 3275 4140 ἀπεσιώπησεν,
3294 4067 3418 4120 οὔτε
3444 4063 3499 4116 τὸ
3528 4055 3762 4129 γενέσθαι,

569 4179 710 4233 citus
737 4178 1035 4247 praeteriit;
1062 4192 1239 4247 neque
1257 4176 1614 4239 factumesse,
1637 4192 1812 4245 neque
1835 4174 2118 4243 subjectun

2246 4167 2369 4221 οὕτε
2404 4168 2464 4220 τὸ
2491 4165 2848 4234 ὑποτετάχθαι
2878 4163 2966 4217 διὰ
2993 4164 3100 4215 τῶν
3127 4157 3321 4215 ἑαυτοῦ
3354 4158 3515 4224 λόγων
3543 4152 3657 4221 ἡμῖν
3696 4146 3764 4247 iv:

570 4286 668 4339 per
694 4285 825 4325 suos
868 4284 1149 4324 sermones
1208 4269 1367 4323 nobis
1415 4267 1817 4332 demonstrans,
1872 4266 1966 4321 sed
1998 4265 2119 4321 sicu‘

2241 4262 2548 4332 δειξάμενος
2577 4276 2590 4289 ·
2649 4258 2762 4312 ἀλλ’
2806 4256 2991 4327 ὥσπερ
3038 4257 3067 4309 ό
3096 4253 3381 4323 Προφήτης
3423 4246 3645 4315 ἀγαθὸν,
3687 4236 3764 4290 καὶ

571 4360 841 4430 Propheta
869 4360 936 4423 ",
964 4360 1164 4413 bonum
1192 4367 1245 4413 et
1269 4366 1476 4413 rectum
1504 4368 1558 4413 et
1584 4357 1774 4412 ducem
1802 4372 1861 4413 se
1890 4357 2120 4427 praebent

2208 4409 2211 4425 ,
2248 4354 2421 4417 εύθὲς,
2450 4353 2543 4407 καὶ
2564 4350 2883 4422 ἡγεμονικὸν
2908 4344 3160 4417 ὀνομάζει
3189 4345 3246 4397 τὸ
3284 4343 3501 4411 Πνεῦμα
3530 4338 3585 4391 τὸ
3615 4334 3757 4438 ἅγιον.

568 4461 676 4506 tem
709 4450 971 4520 Spiritum
1004 4458 1253 4504 sanctum
1273 4450 1539 4513 nominat,
1566 4463 1663 4517 per
1692 4447 1886 4501 ducem
1914 4462 1972 4501 se
2001 4460 2117 4515 prae

2241 4447 2327 4499 διὰ
2364 4446 2455 4498 τοῦ
2480 4440 2803 4515 ἡγεμονικοῦ
2844 4440 2903 4493 τὸ
2938 4439 3160 4511 ἀρχικὸν
3196 4435 3584 4503 ἐνδεικνύμενος
3605 4446 3617 4458 ’
3645 4423 3762 4520 citro)

568 4543 808 4606 bentem,
842 4542 1191 4612 principalem
1229 4514 1684 4610 signiﬁcans—Sic
1716 4541 1876 4593 etiam
1907 4514 2117 4606 Aposto

2243 4540 2337 4593 καὶ¹
2359 4540 2386 4590 ὁ
2413 4535 2727 4599 ’Λπόστολος
2746 4532 2920 4586 πάντα
2939 4534 2994 4584 ὲν
3013 4532 3173 4583 πᾶσιν
3197 4531 3451 4600 ἐνεργεῖν.
3479 4520 3640 4581 καθὼς
3659 4514 3759 4585 βοιδ·

570 4634 658 4688 ius
686 4632 936 4687 omniain
958 4632 1211 4686 omnibus
1223 4632 1437 4702 Operari
1460 4638 1617 4701 prout
1638 4630 1774 4693 vult,
1798 4644 2049 4684 asserens
2070 4629 2114 4659 ¹⁶

2241 4630 2410 4693 λεται,
2442 4626 2822 4697 διοριζόμενος,
2853 4624 2950 4692 τὴν
2997 4621 3311 4689 αὑθεντικὴν
3351 4615 3580 4682 ἐξουσίαν
3622 4620 3760 4677 προσ-

571 4727 899 4781 auctoritate
948 4726 1161 4795 plenam
1218 4694 1542 4796 potestatem
1594 4724 1839 4794 Spiritus
1885 4722 2117 4790 dignitat

2246 4694 2534 4793 μαρτυρεῖ
2555 4722 2620 4790 τῇ
2648 4694 2789 4788 ἀξίᾳ
2820 4713 2915 4770 τοῦ
2964 4715 3302 4785 Πνεύματος⁸
3336 4714 3364 4764 ό
3390 4711 3443 4763 δὲ
3474 4707 3653 4796 Κύριος

569 4819 841 4873 attribuit.
875 4817 1138 4872 Dominus
1166 4785 1581 4872 autetnliberam
1615 4785 1734 4883 ejus
1764 4785 2061 4883 potentiam
2087 4828 2116 4867 e

2244 4813 2585 4880 αὐτεξούσιον
2630 4808 2793 4863 αὐτοῦ
2827 4808 3052 4877 δύναμίν
3085 4824 3141 4859 τε
3188 4806 3281 4858 καὶ
3323 4803 3583 4871 ἐνέργειαν
3620 4795 3667 4844 ὲν
3693 4785 3754 4854 τῷ

567 4910 937 4979 operationem
987 4910 1044 4963 in
1094 4924 1346 4964 sermone
1379 4923 1501 4962 cum
1549 4907 1844 4962 Nicodemo
1869 4906 2111 4961 declarat

2240 4875 2720 4976 ﬂwchtxéﬁqttov
2762 4900 2904 4970 λόγῳ
2933 4875 3169 4968 ιρανεράν
3196 4898 3357 4956 ποιεῖ,
3392 4884 3668 4979 λέγων-ὃτι
3698 4875 3753 4932 Τὸ

570 4972 779 5063 dicens,
810 4996 1044 5067 Spiritus
1065 5000 1155 5053 ubi
1188 5001 1299 5053 vult
1332 5000 1499 5069 spirat
1522 5000 1584 5053 ".
1639 4998 1925 5066 Quomodo
1970 4999 2119 5068 igitui

2243 4972 2487 5061 Πνεῦμα
2524 4992 2676 5045 ὅπου
2702 4990 2861 5044 θέλει
2898 4988 3052 5041 πνεῖ.
3081 4986 3202 5048 Πῶς
3244 4981 3334 5038 οὖν
3360 4982 3449 5037 καὶ
3469 4983 3494 5033 ὁ
3533 4972 3752 5069 Εὐνόμξος

560 5089 867 5145 Ευηοηιὶιιε
928 5089 1070 5145 hunc
1101 5090 1301 5145 asserit
1344 5106 1508 5144 unum
1559 5107 1684 5147 esse
1733 5106 1919 5145 eorum
1951 5106 2071 5161 qua:
2106 5109 2109 5140 :

2241 5088 2299 5139 ἓν
2331 5084 2598 5140 καὶτοῦτο
2618 5084 2724 5137 τῶν
2753 5083 3051 5151 γεγονότων
3075 5076 3212 5133 εἶναι
3242 5077 3387 5148 παρά
3426 5073 3513 5127 τοῦ
3539 5065 3653 5122 Υἱοῦ
3688 5062 3750 5112 δι·

570 5180 707 5235 Filio
724 5180 944 5235 condita
968 5189 1118 5243 sunt,
1130 5183 1673 5254 mternaesubjectioni
1688 5154 2103 5241 condemnatum

2240 5178 2509 5249 ορίζεται,
2536 5181 2598 5248 τῇ
2636 5176 2791 5247 ἀϊδίῳ
2824 5177 3067 5244 ὑποταγῇ
3099 5164 3612 5254 καταδεδικασμένονῖ
3635 5154 3752 5253 Καί)-

569 5274 803 5335 omnino,
835 5272 1032 5342 inquit,
1057 5272 1369 5340 subjectum.
1407 5242 1522 5324 Non
1553 5271 1794 5340 intelligo
1821 5285 1925 5339 qua
1950 5271 2118 5338 subje.

2240 5242 2400 5332 ἅπαξ
2420 5274 2551 5347 γὰρ,
2569 5242 2751 5340 ιρησὶν,
2764 5242 3242 5335 ύποτεταγμένον
3259 5281 3272 5294 ο
3292 5263 3387 5315 οὐκ
3405 5256 3513 5310 οἶδα
3534 5250 3661 5347 ποίῳ,
3674 5242 3751 5307 τῆς

562 5365 767 5419 ctionis
802 5366 982 5434 specie
1010 5380 1134 5420 eum
1165 5364 1349 5419 subdit
1406 5365 1496 5432 qui
1530 5337 1816 5433 imperium
1843 5337 1902 5415 et
1932 5337 2111 5432 princi

2242 5337 2514 5427 ὑποταγῆς
2550 5337 2679 5411 εἴδει
2735 5359 2796 5410 τὸ
2827 5355 3148 5427 ἡγεμονικόν
3185 5371 3242 5406 τε
3276 5352 3363 5405 καὶ
3399 5343 3603 5418 ἀρχικὸν

570 5464 754 5525 patum
807 5458 967 5513 habet
997 5475 1011 5511 :
1058 5473 1158 5511 vox
1216 5456 1362 5513 enim
1395 5456 1506 5510 haec
1537 5456 1589 5509 in
1622 5465 1810 5511 sancta
1851 5422 2119 5524 Scriptura

2241 5422 2452 5515 ζεύξαξο
2474 5422 2482 5427 ⁷
2507 5449 2822 5520 Πολύσημος
2849 5422 2975 5519 -γὰὴρ
3020 5450 3053 5518 ἡ
3088 5445 3305 5514 τοιαύτη
3350 5439 3491 5511 φωνὴ
3542 5428 3673 5525 παρέξ
3698 5422 3748 5488 τῇ

561 5548 851 5615 multiplex
900 5556 1005 5614 est,
1036 5549 1331 5619 multisque
1365 5548 1539 5602 modis
1561 5546 1881 5617 intelligitur
1909 5518 2110 5601 et-dicii

2241 5543 2370 5613 ἁγία
2398 5542 2610 5613 Γραφῇ,
2632 5518 2733 5595 καῖ
2750 5518 3102 5611 πολυτρόπως
3122 5536 3379 5606 νοουμένη
3400 5532 3486 5586 καὶ
3501 5518 3747 5592 λεγομένη·

644 5664 681 5693 ¹¹
716 5663 859 5720 Psal.
900 5680 1040 5729 χειν,
1076 5666 1129 5724 9.
1243 5668 1355 5697 ¹¹·¹³
1399 5663 1559 5718 Hebr.
1607 5680 1693 5731 nt,
1727 5664 1793 5729 8;
1822 5663 1964 5719 Psal.
2004 5676 2114 5718 τοις

565 5729 662 5761 υΊ
688 5731 795 5761 ΡΑ..
843 5751 911 5761 ....
978 5736 1032 5761 ιι
1141 5738 1181 5761 n
1218 5735 1342 5761 1,.--
1399 5750 1455 5761 ..ι
1508 5737 1538 5761 υ

2192 5663 2227 5718 8
2274 5676 2394 5747 sqq.
2506 5661 2549 5692 ιι
2598 5659 2811 5715 Coloss.
2858 5658 3013 5724 Ι,16.
3126 5657 3167 5688 η
3210 5654 3349 5709 Psnl.
3382 5645 3537 5711 1.,12,
3566 5640 3640 5701 is.
3676 5630 3737 5685 lt.

633 5729 813 5789 lﬁor.
842 5751 937 5802 xu,
977 5736 1059 5788 il.
1141 5738 1181 5769 ¹⁷
1210 5735 1364 5791 Joan.
1399 5750 1481 5800 lli,
1508 5737 1558 5789 8.
1681 5729 1688 5731 ”
2137 5729 2140 5730 ⁷
