3922 6464
570 361 675 419 5359

1802 362 1858 417 S.
1902 362 2226 419 CBEGORII
2266 362 2555 420 NYSSEN!
3682 377 3764 431 560

572 486 745 529 strare
770 482 965 542 putans
989 486 1111 528 esse
1136 473 1444 543 subjectum
1468 483 1521 529 et
1548 476 1942 546 mancipatum,
1972 478 2136 546 hujus

2258 482 2479 551 δίόμενος
2509 482 2567 535 τὸ
2589 477 2727 535 εἶναι
2757 483 3191 554 ὑποτεταγμένον
3218 485 3308 537 καὶ
3336 484 3645 559 ὑποχείριον,
3664 491 3765 542 τού-

572 567 747 635 gratia
792 565 857 618 ad
908 566 1071 635 hujus
1122 569 1374 623 amentia:
1421 570 1900 639 reprehensionem
1946 571 2141 625 horum

574 659 865 711 verborum
898 660 1231 714 mentionem
1276 661 1402 715 feci.
1435 661 1537 726 Qui
1584 661 1852 731 Spiritum
1891 672 2142 717 sanetum

575 748 721 803 Patri
771 751 1081 819 subjectum
1123 766 1183 806 se
1232 752 1614 806 demonstrare
1665 753 1955 821 opinatur,
2016 770 2146 823 pro-

576 848 756 909 pterea
796 838 943 908 quod
973 838 1214 908 Spiritus
1241 855 1347 894 non
1397 848 1481 895 est
1510 840 1782 910 Unigeniti
1822 851 1999 911 pater,
2033 858 2139 911 qua

574 931 907 984 necessitate
937 932 1046 984 tale
1071 930 1203 999 quid
1247 931 1502 984 conficit?
1540 930 1678 996 Quia
1715 940 1867 1001 pater
1908 948 2016 986 non
2048 935 2140 999 sit,

576 1019 787 1073 idcirco
833 1034 1061 1089 prorsus
1114 1022 1187 1075 sit
1241 1020 1545 1089 subjectus.
1600 1021 1658 1075 Si
1709 1022 2144 1077 demonstratum

574 1120 721 1165 esset
759 1111 900 1166 idem
945 1112 1277 1181 signiﬁcatu,
1315 1124 1522 1182 patrem
1574 1130 1696 1170 esse
1740 1123 1796 1170 et
1830 1126 2143 1188 tyrannum,

577 1218 920 1271 consequens
959 1212 1107 1258 esset
1141 1204 1412 1257 intellecta
1447 1206 1736 1274 tyrannide
1781 1207 1834 1260 in
1869 1218 2020 1276 patre
2058 1225 2147 1262 as-

576 1311 758 1349 serere
792 1295 1057 1364 Spiritum
1100 1296 1413 1363 subjectum
1467 1305 1520 1349 et
1556 1298 1893 1352 submissum
1929 1316 2052 1354 esse
2098 1302 2147 1353 ei

576 1388 671 1455 qui
716 1397 985 1456 potestate
1035 1390 1438 1455 przeemineret.
1489 1390 1644 1453 Quod
1696 1391 1743 1442 si
1802 1406 1897 1459 per
1938 1400 2144 1461 patrem

578 1480 769 1534 relatio
810 1482 876 1533 ad
914 1480 1082 1534 ﬁlium
1112 1482 1227 1536 sola
1259 1481 1583 1551 intelligitur
1613 1500 1625 1535 :
1662 1484 1809 1537 nulla
1854 1493 2033 1538 autem
2069 1494 2148 1554 ty-

576 1573 801 1626 rannica
841 1580 895 1626 et
942 1574 1235 1641 imperiosa
1288 1574 1391 1626 hac
1435 1590 1568 1628 voce
1625 1575 1907 1629 inducitur
1962 1579 2143 1631 notio:

572 1667 854 1735 quomodo
881 1682 1224 1736 consequens
1252 1676 1336 1721 est
1374 1668 1642 1736 Spiritum
1675 1684 1798 1723 esse
1843 1671 2145 1733 subditum,

576 1773 643 1813 ex
674 1773 739 1810 eo
770 1758 912 1827 quod
946 1774 1052 1812 non
1084 1760 1155 1814 sit
1188 1758 1309 1813 Filii
1344 1757 1743 1829 pater?Neque
1764 1758 1925 1821 Filio,
1951 1762 2147 1830 inquit,

2245 589 2338 624 του
2370 574 2526 644 χάριν
2546 575 2625 637 είς
2648 573 2865 643 ἔλεγχον
2897 574 2996 644 τῆς
3023 576 3205 637 ἀνοίας
3224 576 3387 628 αὑτοῦ
3415 576 3519 629 τῶν
3549 580 3767 648 ῥημάτων

2246 662 2450 715 τούτων
2483 664 2578 733 τὴν
2630 666 2851 735 μνήμην
2880 665 3243 736 ἐποιησάμην.
3280 667 3377 728 Ὃς
3396 667 3557 718 οἴεται
3586 669 3765 720 ἀποδει-

2247 754 2428 808 κνύειν
2475 756 2909 824 ὑποτεταγμένον
2956 756 3032 826 τῷ
3066 757 3240 827 ΙΙατρὶ
3285 757 3345 809 τὸ
3374 758 3616 825 Πνεῦμα,
3659 758 3768 829 διότι

2246 844 2347 896 οὐκ
2379 844 2492 897 ἐστι
2518 846 2698 915 πατὴρ
2720 845 2814 897 τοῦ
2837 846 3172 915 Μονογενοῦς
3193 847 3251 899 τὸ
3281 846 3498 915 Πνεῦμα
3514 864 3526 876 ·
3550 851 3607 901 ὲκ
3641 850 3770 910 ποίας

2248 936 2355 1006 γὰρ
2379 938 2621 1005 ἀνάγκης
2660 938 2719 989 τὸ
2759 938 2995 990 τοιοῦτον
3037 940 3529 1004 κατασκευάζεται,
3558 942 3626 1000 ὡς
3649 943 3690 992 εί
3713 943 3771 1013 μὴ

2247 1028 2429 1098 πατὴρ
2472 1029 2550 1097 εἴη
2580 1028 2672 1080 καὶ
2697 1029 3053 1099 ὑποτετάχθαι
3080 1031 3326 1093 πάντως;
3360 1031 3423 1084 Εἰ
3454 1031 3545 1099 μὲν
3568 1028 3649 1085 οὑν
3671 1034 3773 1085 ἀπο-

2245 1117 2483 1170 δέδεικτο
2532 1121 2723 1173 ταυτὸν
2761 1117 2898 1174 εἶναι
2942 1122 3020 1191 τῷ
3064 1123 3441 1192 σημαινομένῳ
3481 1125 3670 1193 πατέρα
3697 1127 3771 1177 καὶ

2248 1206 2528 1277 τύραννον,
2561 1211 2847 1265 ἀκόλουθον
2880 1208 2969 1283 ἦν,
3008 1214 3135 1282 περὶ
3178 1213 3266 1265 τὸν
3297 1214 3509 1282 πατέρα
3530 1215 3772 1285 νοηθείσης

2247 1299 2347 1365 τῆς
2391 1301 2721 1370 τυραννίδος,
2765 1303 3126 1371 ὑποτετάχθαι
3160 1303 3336 1370 λέγειν
3372 1304 3431 1355 τὸ
3473 1304 3673 1372 Πνεῦμα
3713 1304 3774 1373 τῷ

2249 1392 2388 1444 κατὰ
2420 1391 2516 1461 τὴν
2550 1392 2797 1456 ἐξουσίαν
2829 1396 3132 1465 προέχοντι.
3174 1397 3234 1447 Εί
3264 1395 3322 1447 δὲ
3362 1395 3453 1448 διὰ
3481 1395 3570 1447 τοῦ
3608 1396 3774 1466 πατρὸς

2247 1486 2279 1553 ή
2326 1483 2459 1552 πρὸς
2492 1482 2580 1535 τὸν
2628 1485 2739 1537 υἱὸν
2782 1488 2964 1554 σχέσις
3000 1489 3199 1539 νοεῖται
3247 1488 3405 1557 μόνη,
3446 1488 3589 1541 οὐδὲν
3625 1490 3673 1542 δὲ
3700 1507 3773 1541 τν-

2253 1574 2497 1643 ραννικδν
2544 1575 2638 1626 καὶ
2690 1575 3088 1639 ὲξουσιαστικὸν
3133 1577 3309 1645 νόημα
3342 1576 3429 1628 διὰ
3475 1576 3659 1646 ταύτης
3697 1577 3775 1643 τῆς

2251 1666 2430 1733 φωνῆς
2458 1665 2847 1733 παρεισάγεται
2865 1681 2876 1693 ο
2912 1666 3028 1728 πῶς
3049 1665 3328 1718 ἀκολουθεῖ
3351 1666 3429 1735 τῷ
3460 1666 3529 1737 μὴ
3554 1662 3676 1718 εἶναι
3696 1684 3777 1719 πα-

2251 1755 2381 1824 τέρα
2410 1755 2501 1806 τοῦ
2530 1756 2655 1807 Υίοῦ
2679 1756 2739 1808 τὸ
2773 1756 3129 1825 ὑποτετάχθαι
3167 1758 3228 1809 τὸ
3264 1756 3517 1828 Πνεῦμα;
3551 1760 3681 1811 Οὔτε
3716 1758 3777 1821 τῷ

578 1852 739 1903 simul
769 1859 1099 1920 exa'quatur,
1132 1850 1406 1921 quomodo
1438 1851 1557 1905 haec
1593 1851 1766 1905 dicit?
1813 1851 1968 1917 Quod
2004 1856 2148 1905 enim

2258 1845 2378 1910 Υίῷ,
2430 1847 2580 1915 φησὶ,
2622 1848 3153 1915 σωεξισούμενον.
3184 1848 3309 1911 Πῶς
3342 1848 3510 1901 ταῦτά
3554 1849 3777 1918 φησι;Τὸ

580 1939 920 1994 immutabile
948 1949 1051 2002 est,
1088 1957 1265 2009 neque
1290 1942 1457 1994 ullius
1492 1943 1624 1994 mali
1662 1957 1863 2012 capax,
1898 1944 2151 2012 quodque

582 2046 797 2099 semper
827 2031 1128 2100 eodemque
1161 2032 1323 2085 modo
1352 2034 1405 2085 in
1441 2034 1585 2087 bono
1612 2043 1912 2103 permanet,
1942 2037 2144 2088 nullam

582 2121 743 2172 hahet
773 2121 1124 2175 dill'erentiam
1157 2124 1209 2176 in
1228 2120 1365 2179 Filio
1390 2132 1444 2178 et
1465 2124 1691 2194 Spiritu.
1721 2126 1796 2179 Ex
1825 2142 1980 2195 aequo
2004 2129 2147 2179 enim

580 2212 725 2279 quod
772 2211 1184 2280 ineorruptibile
1209 2221 1294 2268 est
1338 2215 1390 2267 in
1419 2213 1624 2285 Spiritu
1665 2228 1694 2268 a
1745 2218 1988 2285 pernicie
2025 2219 2141 2270 sive

581 2305 931 2373 corruptione
973 2305 1212 2358 alienum
1268 2314 1373 2371 est,
1428 2314 1483 2359 et
1513 2305 1658 2375 quod
1702 2315 1897 2361 natura
1952 2308 2149 2361 bonum

580 2405 683 2461 est,
714 2397 901 2451 eodem
936 2398 1094 2466 plane
1135 2397 1298 2452 modo
1347 2413 1376 2451 a
1411 2400 1691 2453 contrario
1735 2410 2005 2455 secretum
2046 2410 2147 2455 est.

579 2487 647 2542 Et
699 2489 844 2559 quod
896 2489 949 2542 in
1002 2490 1153 2542 omni
1206 2491 1350 2543 bono
1402 2491 1699 2559 perfectum
1741 2503 1847 2556 est,
1900 2492 2152 2546 similiter

578 2583 698 2636 sine
730 2580 943 2636 defectu
982 2580 1144 2634 habet
1190 2581 1333 2650 quod
1366 2582 1490 2650 plus
1520 2590 1624 2636 εει.

651 2670 777 2726 Haec
805 2684 983 2726 autem
1017 2673 1203 2725 omnia
1248 2673 1314 2725 de
1352 2674 1561 2742 Spiritu
1592 2680 1787 2728 sancto
1834 2673 2064 2728 afﬁrmat
2098 2684 2153 2730 et

578 2766 737 2820 docet
774 2780 803 2817 a
845 2764 954 2818 Deo
994 2764 1255 2833 inspirata
1308 2764 1613 2833 Scriptura,
1671 2766 1895 2829 bonum,
1940 2767 2155 2835 sapien-

582 2872 710 2924 tem.
744 2873 796 2916 et
822 2862 1317 2931 incorruptibilem,
1341 2872 1394 2916 et
1423 2864 1809 2927 immortalem,
1843 2871 2003 2931 atque
2037 2879 2149 2916 om-

581 2955 671 3007 nia
697 2955 911 3009 exeelsa
948 2963 1002 3008 et
1036 2954 1149 3008 Deo
1190 2956 1386 3008 decora
1434 2970 1594 3009 sensa
1631 2956 1797 3007 animi
1834 2963 1889 3007 et
1931 2955 2152 3007 nomina

581 3045 809 3116 Spiritui
836 3054 1030 3102 sancto
1065 3047 1376 3115 assignans.
1401 3045 1457 3098 Si
1494 3045 1659 3115 igitur
1690 3046 1743 3098 in
1778 3046 1927 3098 nullo
1958 3046 2150 3098 horum

582 3139 902 3195 imminutus
932 3146 1031 3205 est,
1066 3138 1119 3191 in
1151 3152 1259 3206 quo
1294 3138 1719 3208 inaequalitatem
1752 3134 1870 3189 Filii
1898 3146 1951 3189 et
1977 3137 2152 3205 Spiri-
2179 3175 2222 3232 C

583 3239 672 3283 tus
704 3228 1006 3285 Eunumius
1042 3230 1367 3283 dimetitur?
1401 3227 1710 3298 Unigem'tus
1745 3229 1879 3281 enim
1924 3238 2021 3291 est,
2071 3229 2154 3281 in—

581 3322 720 3391 quit,
744 3318 938 3383 Filius,
964 3320 1168 3372 nullum
1186 3319 1406 3387 fratrem
1433 3318 1626 3370 habens
1645 3318 2017 3387 similigenam.
2047 3316 2152 3371 Sed

583 3412 651 3466 ale
681 3427 746 3464 eo
782 3410 928 3479 quod
965 3426 1070 3464 non
1099 3418 1349 3480 oporteat
1395 3425 1519 3463 eum
1556 3408 1819 3464 fratribus
1854 3410 2156 3477 intelligere

583 3500 970 3569 Unigenitum,
1024 3502 1077 3555 in
1133 3517 1383 3555 sermone
1438 3500 1504 3554 de
1557 3500 1925 3571 primogenito
1978 3502 2155 3554 omnis

583 3600 849 3647 creatura:
900 3593 1289 3648 disseruimus.
1347 3592 1504 3659 Quod
1554 3602 1732 3645 autem
1784 3594 1850 3645 ab
1905 3593 2008 3645 hoc
2062 3608 2158 3662 per

586 3687 847 3738 malitiam
878 3693 932 3739 et
964 3686 1367 3755 improbitatem
1397 3684 1705 3754 projectum
1730 3692 1835 3747 est,
1866 3685 2020 3738 decet
2050 3700 2155 3737 non

588 3776 963 3833 indiseussum
990 3791 1156 3847 atque
1188 3794 1296 3832 non
1319 3779 1689 3831 examinatum
1712 3787 2154 3847 praetercnrrere.

585 3867 719 3921 Nam
750 3884 874 3922 cum
908 3869 1342 3923 ecclesiasticum
1374 3869 1568 3936 dogma
1621 3882 1784 3921 unam
1829 3866 1882 3920 in
1920 3867 2078 3920 Patre
2105 3875 2159 3920 et

586 3955 747 4017 Filio.
795 3967 848 4012 et
891 3956 1098 4027 Spiritu
1147 3969 1341 4013 sancto
1368 3958 1623 4011 virtutem
1655 3968 1709 4011 et
1740 3957 2062 4021 bonitatem,
2104 3966 2158 4011 et

586 4048 907 4110 essentiam,
954 4056 1010 4102 et
1056 4047 1283 4117 gloriam
1325 4049 1441 4102 sive
1484 4048 1849 4116 majestatem,
1895 4057 1947 4101 et
1978 4049 2158 4101 omnia

588 4155 711 4209 qua:
760 4148 889 4194 sunt
927 4139 1201 4207 ejusmodi
1264 4139 1547 4208 praedicet,
1596 4150 1819 4210 excepta
1857 4139 2160 4194 differentia

588 4248 709 4302 quae
738 4240 822 4287 est
851 4232 1147 4286 secundum
1178 4246 1478 4301 personas;
1504 4231 1591 4284 hic
1619 4246 1741 4285 cum
1771 4232 1885 4284 vult
1915 4247 2161 4285 commu—

592 4340 714 4378 nem
747 4323 930 4379 facere
963 4339 1085 4378 cum
1118 4333 1369 4377 creatura
1406 4321 1682 4391 Unigeniti
1711 4323 2025 4387 essentiam,
2049 4324 2162 4393 pri-

593 4415 926 4487 mogenitum
972 4415 1148 4483 ipsum
1183 4414 1315 4470 dicit
1362 4415 1542 4469 omnis
1571 4426 1835 4469 creatura:
1866 4416 2160 4469 secundum

2252 1938 2356 2008 γὰρ
2375 1936 2496 1990 οὔτε
2518 1940 2608 1991 καὶ
2634 1940 2898 2009 ἄτρεπτον
2921 1941 3012 1991 καὶ
3033 1939 3202 1993 κακοῦ
3220 1940 3436 2003 πάντως
3457 1940 3776 2003 ἀνεπίδεκτον,

2254 2032 2346 2084 καὶ
2398 2032 2487 2084 ἀεὶ
2533 2032 2789 2094 ὡσαύτως
2821 2033 2878 2083 ὲν
2910 2033 2986 2103 τῷ
3027 2033 3213 2103 ἀγαθῷ
3253 2034 3534 2103 διαμένον,
3565 2032 3780 2101 οὐδεμίαν

2253 2123 2361 2193 ἔχει
2408 2122 2762 2193 παραλλαγὴν
2796 2123 2887 2175 ἐπὶ
2938 2124 3032 2175 τοῦ
3065 2125 3193 2178 Υίοῦ
3243 2126 3337 2178 καὶ
3364 2124 3457 2178 τοῦ
3487 2123 3776 2188 Πνεύματος.

2266 2215 2488 2284 Ἑπίσης
2503 2214 2609 2285 γὰρ
2631 2215 2693 2267 τὺ
2731 2214 2823 2267 τοῦ
2858 2216 3171 2286 Πνεύματος
3204 2217 3478 2286 ἄφθαρτον
3502 2219 3589 2286 τῆς
3609 2214 3779 2283 φθορίς

2252 2307 2623 2376 ἠλλοτρίωται,
2655 2308 2748 2361 καὶ
2779 2308 2840 2360 τὸ
2885 2312 2948 2379 τῇ
3001 2308 3158 2377 φύσει
3191 2309 3398 2377 ἀγαθὸν
3436 2308 3676 2368 ὡσαύτως
3705 2304 3779 2356 τοῦ

2254 2402 2489 2454 ἐναντίου
2517 2399 2865 2470 κεχώρισται.
2884 2401 2991 2453 Καὶ⁸
3025 2401 3083 2453 τὸ
3110 2403 3164 2453 ἐν
3197 2401 3360 2454 παντὶ
3392 2398 3573 2469 ἀγαθῶ
3593 2398 3777 2455 τέλειον,

2252 2491 2451 2561 ὁμοίως
2475 2490 2735 2554 ἀνενδεῶς
2760 2491 2871 2560 ἔχει
2896 2490 2987 2542 τοῦ
3016 2490 3273 2553 πλείονος.

2323 2672 2505 2724 Ταῦτα
2532 2672 2583 2723 δὲ
2612 2672 2787 2739 λέγειν
2819 2690 2882 2723 πε
2895 2673 2942 2741 ρὶ
2973 2672 3065 2724 τοῦ
3094 2672 3410 2742 Πνεύματος
3432 2673 3598 2723 πάντα
3640 2670 3670 2739 ἡ
3696 2668 3781 2720 θεό-

2255 2781 2517 2826 πνευστος
2565 2763 2805 2815 διδάσκει
2838 2764 2876 2813 Γ
2881 2764 3026 2833 ραφὴ
3047 2804 3059 2823 ,
3091 2763 3292 2830 ἀγαθὸν
3315 2804 3329 2827 ,
3360 2765 3455 2815 καὶ
3503 2762 3668 2827 σοφὸν,
3704 2760 3781 2811 ναὶ

2254 2855 2525 2926 ἄφθαρτον
2555 2896 2568 2917 ,
2602 2856 2693 2906 καὶ
2727 2855 3019 2917 ἀθάνατον,
3054 2856 3147 2908 καὶ
3192 2856 3461 2908 πάντατὰ
3504 2854 3667 2925 ὑψηλὰ
3708 2852 3780 2904 καὶ

2254 2947 2321 2999 τὰ
2374 2946 2647 3015 θεοπρεπῆ
2687 2947 2930 3015 νοήματά
2959 2963 3017 2998 τε
3057 2948 3148 2999 καὶ
3192 2947 3435 3018 ὀνόματα
3480 2960 3784 3016 προσμαρτυ-

2257 3040 2424 3111 ροῦσα
2454 3040 2529 3110 τῷ
2574 3040 2866 3110 Πνεύματι.
2922 3040 2984 3091 El
3013 3036 3105 3092 οὖν
3146 3041 3202 3092 ἐν
3233 3042 3411 3094 οὐδενὶ
3437 3040 3629 3093 τούτων
3659 3038 3785 3107 ἠλᾶτο

2256 3150 2444 3198 τωται,
2480 3135 2537 3185 ἐν
2562 3132 2666 3185 τίνι
2690 3133 2749 3184 τὸ
2776 3134 2954 3185 ἄνισον
2984 3131 3074 3184 τοῦ
3106 3132 3236 3184 Υίοῦ
3266 3134 3363 3185 καὶ
3391 3131 3482 3184 τοῦ
3513 3130 3783 3199 Πνεύματος

2255 3225 2530 3295 διαμετρεῖ
2563 3227 2591 3276 ὁ
2624 3224 2914 3294 Εὑνόμιος;
2953 3223 3298 3293 Μονογενὴς
3328 3223 3439 3293 γάρ
3460 3224 3603 3285 ἐστι,
3634 3222 3784 3291 φησὶν.

2257 3322 2289 3371 ὁ
2313 3317 2460 3384 Υἱὸς,
2484 3317 2698 3370 οὐδένα
2722 3317 2878 3386 ἔχων
2900 3316 3165 3385 ἀδελφὸν
3204 3316 3487 3386 ὁμογενῆ.
3518 3315 3665 3367 Ἀλλὰ
3684 3311 3786 3380 περὶ

2256 3407 2347 3461 τοῦ
2479 3407 2588 3459 δεῖν
2621 3406 2756 3476 μετά
2783 3406 3022 3474 ἀδελφῶν
3049 3409 3186 3459 νοεῖν
3217 3408 3311 3459 τὸν
3343 3405 3629 3475 Μονογενῆ,
3655 3406 3704 3455 ἐν
3725 3398 3787 3468 τῷ

2257 3501 2398 3569 λόγῳ
2434 3499 2511 3569 τῷ
2550 3498 2801 3567 περὶτοῦ
2832 3498 3174 3566 πρωτοτόκου
3226 3499 3409 3569 πάσης
3456 3498 3551 3568 τῆς
3595 3496 3787 3553 κτίσεως

2256 3591 2624 3661 διειλήφαμεν.
2668 3590 2738 3641 Τὸ
2767 3589 2822 3640 δὲ
2868 3588 3015 3659 παρὰ
3042 3589 3228 3641 τούτου
3258 3590 3357 3643 νῦν
3388 3590 3474 3643 διὰ
3498 3586 3789 3657 κακουργίας

2260 3683 2557 3755 προσριφὲν
2580 3681 2659 3752 τῷ
2680 3682 2839 3750 λόγῳ,
2863 3682 3125 3752 προσήκει
3154 3682 3226 3752 μὴ
3249 3684 3622 3754 παραδραμεῖν
3641 3679 3790 3741 ἀνεξέ-

2260 3790 2474 3828 ταστον.
2506 3774 2611 3826 Τοῦ
2638 3774 2746 3843 γὰρ
2791 3773 3239 3843 ἐκκλησιαστικοῦ
3281 3775 3547 3844 δόγματος
3582 3773 3711 3843 μίαν,
3744 3772 3790 3821 ἐν

2262 3866 2430 3937 Πατρί
2448 3885 2506 3919 τε
2532 3867 2624 3919 καὶ
2652 3866 2762 3936 Υίῷ
2790 3868 2883 3919 καὶ
2912 3866 3185 3936 Πνεύματι
3207 3867 3371 3937 ἁγίῳ,
3394 3868 3610 3936 δύναμίν
3640 3884 3690 3917 τε
3719 3864 3790 3915 καὶ

2262 3957 2568 4026 ἀγαθότητα
2599 3958 2689 4009 καὶ
2716 3957 2904 4011 οὐσίαν
2944 3959 3033 4010 καὶ
3070 3958 3246 4023 δόξαν,
3280 3960 3378 4012 καὶ
3423 3960 3590 4012 πάντα
3618 3957 3676 4008 τὰ
3705 3970 3790 4006 τοι·

2262 4052 2398 4104 αῦτα
2448 4049 2831 4121 κηρύσσοντος,
2862 4050 3000 4121 πλὴν
3032 4054 3131 4120 τῆς
3173 4051 3319 4104 κατὰ
3359 4052 3457 4116 τὰς
3510 4050 3792 4106 ὑποστάσεις

2262 4141 2542 4210 διαφορᾶς,
2567 4133 2718 4203 οὗτος
2742 4141 2870 4193 ὅταν
2893 4140 2989 4211 μὲν
3018 4140 3270 4210 βούληται
3310 4141 3660 4209 κοινοποιῆσαι
3682 4136 3791 4205 πρὸς

2262 4236 2360 4302 τὴν
2391 4234 2568 4287 κτίσιν
2605 4233 2697 4285 τοῦ
2732 4234 3073 4303 Μονογενοῦς
3101 4235 3199 4304 τὴν
3244 4236 3451 4299 οὐσίαν,
3494 4233 3793 4305 πρωτότοκον

2265 4327 2423 4380 αὑτὸν
2438 4325 2587 4394 λέγει
2622 4326 2799 4396 πάσης
2829 4327 2927 4396 τῆς
2956 4326 3204 4389 κτίσεως,
3229 4327 3372 4380 κατά
3393 4327 3489 4398 τὴν
3513 4322 3793 4395 προαιώνιον

2267 4416 2498 4487 ὓπαρξιν
2518 4458 2532 4480 ,
2569 4415 2772 4483 ἀδελφὰ
2812 4416 2904 4467 τοῦ
2942 4417 3145 4486 Κυρίου
3179 4414 3356 4469 πάντα
3386 4416 3453 4469 τὰ
3482 4420 3538 4469 ὲν
3563 4418 3621 4485 τῇ
3652 4412 3794 4466 κτίσει

593 4515 719 4561 ante
744 4514 1003 4562 :eternum
1035 4506 1432 4567 exsistenliam,
1464 4506 1647 4559 omnia
1671 4520 1791 4574 qum
1828 4507 1883 4559 in
1915 4514 2154 4560 creatura

2266 4509 2529 4579 νοούμενα
2548 4506 2635 4559 διὰ
2664 4507 2762 4576 τῆς
2791 4506 2971 4575 φωνῆς
2991 4506 3191 4576 ταύτης
3220 4501 3361 4559 εἶναι
3386 4504 3791 4574 ἀποφαινόμενος.

594 4597 974 4669 inteliiguntur
997 4599 1097 4653 hac
1117 4613 1248 4653 voce
1265 4613 1388 4654 esse
1412 4599 1607 4653 fratres
1632 4598 1839 4652 Domini
1866 4598 2159 4653 aliirmans.

593 4690 996 4762 Primogenitus
1049 4691 1192 4746 enim
1240 4706 1349 4745 non
1404 4706 1591 4746 eorum
1646 4692 1739 4760 qui
1785 4702 1913 4745 sunt
1962 4672 2163 4747 diversi

593 4784 831 4854 generis.
864 4782 957 4837 sed
994 4797 1184 4837 eorum
1218 4782 1312 4851 qui
1337 4782 1581 4851 ejusdem
1621 4792 1748 4836 sunt
1771 4782 2005 4852 generis,
2042 4797 2163 4835 om-

595 4876 726 4929 nino
766 4872 1159 4944 primogenilus
1192 4886 1293 4928 est.
1329 4874 1466 4927 Cum
1516 4881 1696 4927 autem
1752 4888 1781 4926 a
1830 4874 2166 4928 eonnexione

594 4966 711 5022 sive
739 4967 1048 5021 cohazsione
1069 4981 1190 5036 quae
1224 4973 1307 5019 est
1338 4980 1458 5020 eum
1485 4964 1622 5019 Filio
1640 4964 1903 5034 Spiritum
1930 4965 2165 5029 divellit,

600 5056 947 5129 Unigenilum
995 5058 1172 5125 ipsum
1218 5056 1371 5120 dicit,
1424 5071 1539 5110 non
1602 5056 1885 5110 habentem
1948 5056 2167 5110 fratrem

597 5164 979 5220 eongenerem,
1022 5150 1137 5203 sive
1170 5147 1414 5217 ejusdem
1456 5150 1694 5218 generis,
1720 5164 1828 5203 non
1879 5157 1938 5203 ut
1967 5150 2170 5219 absque

600 5240 862 5295 fratribus
891 5239 1069 5308 ipsum
1112 5237 1395 5307 intelligat,
1434 5238 1530 5292 sed
1577 5249 1635 5293 ut
1675 5253 1771 5308 per
1807 5240 1909 5294 hoc
1954 5240 2022 5294 de
2042 5241 2169 5308 Spi-

599 5334 707 5386 ritu
742 5331 885 5401 quod
934 5330 1232 5385 secundum
1280 5330 1578 5383 essentiam
1630 5330 1867 5383 alienum
1915 5339 2000 5385 est
2033 5346 2170 5384 con-

600 5431 799 5478 struat.
832 5420 966 5474 Nam
1002 5421 1265 5491 Spiritum
1297 5428 1549 5474 sanetum
1583 5423 1802 5475 fratrem
1830 5420 2038 5476 Domini
2064 5439 2171 5476 non

602 5514 871 5583 appellare
900 5528 965 5567 ex
997 5512 1278 5581 Scriptura
1313 5510 1622 5566 didicimus.
1655 5512 1760 5566 Sed
1791 5528 1895 5565 non
1924 5520 2173 5581 eportere

601 5603 865 5673 Spiritum
898 5603 1140 5671 ejusdem
1172 5604 1411 5674 generis,
1455 5603 1508 5655 id
1547 5611 1649 5667 est,
1685 5604 2006 5658 substantia:
2048 5619 2171 5656 cum

602 5691 741 5747 Filio
776 5692 988 5758 dicere,
1019 5710 1085 5749 ex
1132 5695 1283 5748 nullo
1330 5694 1637 5748 divinorum
1688 5694 2015 5764 scriptorum
2056 5696 2174 5748 loco

604 5785 1032 5841 demonstratur.
1077 5786 1134 5839 Si
1182 5786 1330 5840 enim
1359 5786 1538 5840 virtus
1560 5786 1778 5841 vivifica
1820 5786 1879 5841 in
1911 5785 2073 5842 Patre
2118 5794 2172 5842 et

2277 4601 2336 4653 '0
2373 4599 2482 4669 γὰρ
2523 4597 2884 4668 πρωτότοκος,
2923 4597 2982 4648 οὑ
3026 4596 3133 4649 τῶν
3162 4597 3517 4666 ἑτερογενῶν,
3545 4594 3670 4649 ἀλλὰ
3708 4588 3795 4642 τῶν

2264 4688 2540 4760 ὁμογενῶν
2594 4688 2810 4751 πάντως
2859 4688 2974 4739 ἐστὶ
3019 4688 3382 4757 πρωτότοκος.
3428 4689 3589 4740 Ὅταν
3630 4684 3680 4737 δὲ
3717 4680 3793 4749 τῆς

2268 4784 2404 4851 πρὸς
2434 4779 2525 4832 τὸν
2555 4777 2678 4832 Υίὸν
2720 4777 3012 4847 συναφείας
3048 4778 3333 4848 ἀποσχίζει
3360 4777 3421 4831 τὸ
3454 4777 3679 4845 Πνεῦμα,
3702 4772 3793 4824 Μο-

2267 4870 2458 4940 νογενῆ
2499 4868 2660 4921 αὑτὸν
2693 4867 2859 4931 λέγει,
2890 4868 2962 4937 μὴ
2995 4867 3185 4937 ἔχοντα
3208 4869 3437 4936 ἀδελφὸν
3469 4864 3703 4938 ὁμογενῆ,
3718 4862 3794 4927 οὐχ

2270 4964 2357 5016 ἵνα
2403 4962 2531 5015 ἄνευ
2578 4958 2819 5027 ἀδελφῶν
2849 4959 3009 5012 αὑτὸν
3033 4960 3220 5029 νοήσῃ,
3255 4959 3369 5012 ἀλλ’
3406 4960 3491 5013 ἵνα
3534 4957 3615 5011 διὰ
3639 4951 3794 5006 τούτου

2271 5052 2656 5123 κατασκευάσῃ
2688 5052 2815 5123 περὶ
2836 5048 2930 5102 τοῦ
2952 5049 3267 5119 Πνεύματος
3291 5051 3353 5103 τὸ
3378 5050 3515 5103 κατὰ
3540 5050 3629 5117 τὴν
3644 5043 3794 5097 οὐσίαν

2268 5143 2567 5213 ἀλλότριον.
2600 5143 2673 5193 Τὸ
2704 5150 2799 5211 μεν
2822 5142 2929 5211 γὰρ
2962 5141 3036 5210 μὴ
3068 5140 3246 5208 λέγειν
3276 5140 3503 5209 ἀδελφὸν
3534 5138 3589 5192 τὺ
3608 5133 3794 5201 Πνεῦμα

2271 5236 2331 5289 τὸ
2366 5235 2537 5302 ᾶμγιον,
2575 5233 2723 5303 παρὰ
2750 5234 2848 5302 τῆς
2878 5233 3099 5302 Γραφῆς
3131 5232 3555 5303 μεμαθήκαμεν·
3583 5230 3637 5281 τὸ
3666 5227 3712 5279 δὲ
3737 5225 3794 5293 μὴ

2272 5329 2378 5382 δεῖν
2421 5327 2676 5397 ὁμογενὲς
2714 5325 2791 5395 τῷ
2824 5325 2937 5395 Υίῷ
2962 5324 3139 5393 λέγειν
3174 5324 3234 5376 τὸ
3274 5325 3515 5395 Πνεῦμα,
3547 5316 3797 5389 οὐδαμόθεν

2273 5423 2335 5473 ὲκ
2361 5420 2465 5473 τῶν
2520 5419 2679 5471 θείων
2733 5418 3111 5471 ἀποδείκνυται
3156 5418 3347 5486 λόγων.
3385 5418 3445 5469 Εί
3472 5417 3575 5485 γὰρ
3604 5414 3659 5481 δὴ
3686 5409 3797 5472 ξωο⁴

2274 5512 2424 5573 ποιὸς
2467 5510 2692 5579 δύναμις
2722 5511 2780 5560 ἐν
2831 5510 3007 5581 Πατρὶ
3038 5512 3130 5562 καὶ
3162 5509 3292 5579 Υίῷ,
3341 5508 3701 5561 ἀποδείκνυται
3723 5496 3797 5550 καὶ

2273 5605 2330 5655 ὲν
2362 5601 2635 5671 Πνεὺματι
2661 5601 2818 5670 ἁγίῳ,
2855 5600 2997 5653 κατά
3024 5602 3122 5671 τὴν
3152 5602 3243 5653 τοῦ
3280 5597 3602 5666 Εὐαγγελίου
3622 5591 3794 5659 φωνήν·

2274 5694 2336 5745 Εί
2363 5692 2423 5743 τὸ
2459 5691 2734 5761 ἄφθαρτόν
2762 5707 2819 5743 τε
2858 5692 2951 5743 καὶ
2982 5692 3241 5760 ἄτρεπτον
3282 5690 3375 5741 καὶ
3418 5687 3479 5738 τὺ
3514 5680 3672 5737 κακοῦ
3698 5690 3796 5728 πανη

2272 5783 2365 5845 τὸς
2411 5783 2773 5850 ἀνεπίδεκτον,
2806 5784 2855 5835 εί
2896 5781 2957 5836 τὸ
2989 5780 3189 5850 ἀγαθόν
3220 5797 3275 5833 τε
3325 5780 3419 5833 καὶ
3464 5776 3609 5838 εὑθὲς
3649 5764 3799 5825 καὶτὸ
