3922 6470
186 348 268 405 561
1260 345 1536 403 CONTRA
1578 346 1965 414 EUNOMIUM,
2008 347 2134 402 LIB.
2179 346 2239 402 ll.

3294 342 3399 399 569.

184 460 493 533 ἡγεμονικὸν,
527 460 615 511 καὶ
642 459 701 511 τὸ
751 461 927 513 πάντα
955 462 1013 513 ὲν
1034 463 1197 515 πᾶσιν
1239 462 1499 535 ἐνεργοῦν
1537 462 1708 525 καθὼς

1819 464 1977 527 Filio,
2025 465 2434 519 demonstratur
2478 464 2640 513 etiam
2690 460 2741 513 in
2785 460 2991 530 Spiritu
3037 466 3250 522 sancto,
3304 474 3393 514 se-

184 552 429 622 βιύλεται,
464 550 514 602 εἰ
548 555 721 604 πάντα
751 550 820 604 τά
861 551 1082 605 τοιαῦτα
1115 552 1373 616 ὡσαύτως
1405 552 1550 605 ἔστιν
1593 553 1719 604 ἰδεῖν

182 644 256 693 ἐπὶ
279 640 475 710 Πατρός
513 657 570 692 τε
606 641 697 693 καὶ
718 641 845 693 Υίοῦ
891 643 983 694 καὶ
1022 642 1335 712 Πνεύματος
1372 644 1527 711 ἁγίου
1553 659 1565 671 ⁸
1598 645 1713 705 πῶς

182 734 276 786 Im
300 731 381 784 διὰ
405 732 501 800 τῆς
532 734 587 783 ἐν
614 731 820 795 τούτοις
846 734 1169 804 ταυτότητος
1196 734 1256 786 τὸ
1292 734 1598 804 ὲτερογενὲς
1631 737 1719 787 ἐν-

180 823 335 891 νοῆσαι
357 837 371 884 ;
399 822 607 874 Οὐκοῦν
633 822 693 874 τὸ
715 823 791 893 μὴ
819 822 926 875 δεῖν
952 823 1286 895 ἀδελφότητά
1310 842 1429 876 τινα
1469 827 1593 896 περὶ
1626 827 1716 880 τὸν

180 921 417 989 Μονογενῆ
439 919 681 991 θεωρεῖν,
716 922 745 973 ό
773 922 871 990 τῆς
897 922 1177 986 εὐσεϐείας
1198 923 1500 977 συντίθεται
1526 924 1711 993 λόγος’

179 1010 224 1063 τὸ
247 1011 294 1062 δὲ
319 1010 389 1079 μὴ
417 1007 555 1063 εἶναι
579 1010 655 1081 τῷ
679 1012 793 1083 Υίῷ
819 1013 1074 1081 ὁμογενὲς
1101 1013 1161 1065 τὸ
1194 1012 1439 1084 Πνεῦμα.
1471 1014 1547 1083 τῷ
1571 1014 1717 1067 εὐθεῖ

176 1103 223 1155 τὸ
246 1102 411 1167 εύθὲς,
436 1102 513 1172 τῷ
536 1102 721 1173 ἀγαθῷ
755 1104 815 1157 τὸ
846 1105 1066 1173 ἀγαθὸν,
1097 1105 1174 1176 τῷ
1210 1105 1460 1176 ζωοποιῷ
1493 1107 1552 1159 τὸ
1580 1107 1712 1171 ζωο-

176 1192 322 1256 mror,
354 1193 509 1247 τοῦτο
547 1196 646 1264 τῆς
678 1194 958 1264 αἱρετικῆς
1005 1196 1338 1264 κακουργίας
1388 1196 1452 1247 ἐκ
1493 1196 1591 1264 τῆς
1619 1195 1711 1247 τοῦ

173 1281 302 1346 λόγου
327 1282 642 1345 ἀκολουθίας
682 1282 869 1350 σαφῶς
900 1284 1293 1336 ἀποδέδεικται.

1826 554 2065 609 cundum
2096 553 2370 622 Evangelii
2407 550 2765 606 edictionem:
2802 554 2844 605 si
2877 551 3021 620 quod
3065 550 3395 619 incorrupti-

1824 647 1934 701 bile
1987 654 2041 700 et
2080 642 2831 711 inconimutabile,quodque
2884 640 3090 694 nullius
3137 640 3266 693 mali
3310 647 3394 695 est

1824 753 2018 807 capax,
2054 738 2097 792 si
2127 736 2270 806 quod
2306 737 2505 790 bonum
2530 743 2581 788 et
2612 742 2841 796 rectum,
2864 740 2919 785 et
2944 733 3089 802 quod
3122 732 3393 801 principa-

1826 841 1938 885 tum
1972 831 2153 893 habet,
2195 839 2247 883 et
2277 828 2421 898 quod
2459 827 2639 882 omnia
2674 827 2727 880 in
2757 825 3009 879 omnibus
3039 822 3203 878 eﬂicit
3230 828 3390 893 prout

1826 920 1938 973 vult
1976 938 1988 973 :
2026 920 2070 972 si
2111 919 2295 972 omnia
2320 932 2440 987 quae
2468 924 2598 971 sunt
2625 916 2753 967 talia
2788 916 2981 969 eodem
3011 913 3171 968 modo
3205 912 3390 967 videre

1822 1014 1947 1067 licet
1973 1012 2026 1065 in
2063 1009 2241 1073 Patre,
2286 1018 2341 1065 et
2366 1008 2509 1064 Filio
2537 1017 2591 1062 et
2620 1009 2822 1076 Spiritu
2871 1016 3083 1069 sancto,
3116 1004 3387 1075 quomodo

1822 1105 1950 1157 licet
1982 1104 2082 1156 hac
2121 1101 2405 1156 identitate
2442 1101 2590 1171 quod
2623 1100 2822 1154 diversi
2861 1097 3074 1168 generis
3108 1104 3191 1150 est
3223 1094 3388 1149 intel-

1822 1193 2021 1262 ligere?
2063 1190 2179 1246 Non
2213 1192 2377 1261 igitur
2424 1198 2676 1261 oportere
2724 1189 2961 1257 aliquam
2995 1183 3387 1238 fraternitatem

1824 1284 1877 1338 in
1910 1284 2199 1355 Unigenito
2232 1298 2457 1337 cernere
2493 1281 2710 1351 pietatis
2736 1280 3006 1334 consentit
3040 1291 3241 1333 sermo.
3281 1274 3388 1329 Sed

174 1372 402 1440 Spiritum
451 1388 562 1425 non
602 1388 725 1428 esse
772 1388 896 1427 cum
936 1371 1075 1426 Filio
1117 1373 1363 1443 ejusdem
1410 1374 1646 1444 generis,
1695 1373 1747 1427 id
1784 1384 1904 1439 est,
1962 1374 2303 1437 substantiae,
2346 1381 2551 1428 rectum
2624 1387 2749 1425 cum
2800 1379 2969 1434 recto,
3011 1370 3213 1423 bonum
3262 1382 3385 1422 cum

172 1466 307 1519 bono.
359 1463 636 1517 viviﬁcum
693 1479 815 1518 cum
855 1465 1093 1529 viviﬁco,
1136 1465 1239 1519 hoc
1285 1464 1552 1520 haeretica:
1594 1480 1715 1519 esse
1751 1469 2057 1535 pravitatis,
2085 1486 2151 1523 ex
2184 1468 2413 1522 rationis
2446 1463 2837 1520 consecutione
2908 1471 3092 1531 aperte
3156 1461 3383 1515 demon-

172 1569 364 1612 stratum
391 1566 496 1611 εει.

225 1653 279 1705 Τί
303 1648 388 1705 οὖν
420 1652 507 1705 διὰ
536 1652 751 1727 ⁸τούτων
793 1653 1108 1707 κολοϐοῦται
1151 1655 1185 1725 ἡ
1224 1653 1575 1725 μεγαλειότης
1617 1653 1710 1706 τοῦ

172 1741 479 1810 Πνεῦματοςς
512 1741 679 1795 Οὐδὲν
707 1742 814 1812 γάρ
844 1744 958 1795 ἐστι
982 1742 1042 1795 τὸ
1086 1744 1421 1812 πλεονασμὸν
1452 1743 1485 1814 ἢ
1525 1742 1711 1810 ὕφεσιν

174 1832 429 1901 ἐμποιῆσαι
464 1830 764 1901 δυνάμενον
788 1834 853 1885 ὲκ
897 1831 1003 1886 τῶν
1036 1833 1350 1905 θεοπρεπῶν
1397 1834 1708 1904 νοημάτων·

171 1913 230 1973 ὢν
259 1921 462 1974 πάντων
504 1920 648 1974 κατά
683 1920 742 1973 τὸ
777 1915 894 1974 ἴσον
945 1921 1343 1992 ἐπιλεγομένων
1384 1923 1461 1992 τῷ
1507 1939 1566 1975 τε
1606 1921 1715 1991 Υίῷ

175 2011 248 2062 καὶ
278 2010 347 2080 τῷ
391 2011 677 2081 Πνεύματι
711 2012 861 2082 παρά
907 2015 1005 2084 τῆς
1036 2014 1197 2081 ἁγίας
1236 2013 1477 2085 Γραφῆς,
1508 2014 1564 2066 ὲν
1611 2013 1714 2065 τίνι

175 2100 326 2169 βλέπει
350 2102 407 2153 τὸ
431 2101 650 2167 avio-0v;
682 2105 794 2157 Οὐκ
833 2103 900 2158 ἂν
946 2106 1118 2157 εἰπεῖν
1146 2104 1277 2175 ἔχοι.
1316 2104 1473 2157 Ἀλλά
1504 2104 1715 2175 γυμνὴν

173 2195 246 2245 καὶ
280 2195 672 2261 ἀκατάσκευον,
713 2198 802 2249 καὶ
852 2197 1118 2268 μηδεμιᾶς
1155 2197 1467 2268 ἠρτημένην
1496 2196 1714 2249 ἀκολου-

174 2281 268 2344 θίας
292 2284 383 2352 τὴν
426 2284 575 2337 κατά
610 2284 702 2337 τοῦ
751 2286 901 2354 ἁγίου
938 2285 1251 2355 Πνεύματος
1288 2285 1546 2357 προφέρει
1590 2284 1716 2339 ἀσέ-

173 2373 310 2428 σειαν.
329 2376 474 2428 Οὔτε
493 2376 630 2443 μὴν
661 2377 845 2444 dﬂigi,
873 2379 1025 2449 (mat,
1050 2377 1163 2430 τινὶ
1190 2377 1709 2446 συντασσόμενον.

179 2463 450 2518 Ἀπάντων
466 2468 586 2535 γὰρ
598 2468 924 2534 ἀναϐέϐηκε
942 2468 1060 2523 τῶν
1073 2468 1170 2524 διὰ
1186 2468 1290 2523 τοῦ
1309 2469 1445 2524 Υἱοῦ
1468 2468 1709 2539 γενομέ-

171 2573 267 2607 rw
284 2560 645 2626 ποιημάτων,
668 2562 918 2629 γενέσει,
943 2560 1041 2614 καὶ
1067 2561 1269 2628 φύσει,
1290 2560 1389 2614 καί
1419 2560 1587 2629 δόξῃ,
1612 2562 1709 2616 καὶ

171 2646 367 2711 γνώσει,
384 2649 463 2714 ὡς
479 2648 723 2717 πρῶτον
736 2653 911 2718 ἔργον
931 2650 1026 2703 καί
1044 2650 1366 2719 κράτιστον
1379 2652 1484 2705 τοῦ
1507 2656 1707 2707 Μονο-

172 2738 363 2803 τενοῦς,
376 2739 676 2808 μέγιστόν
700 2759 760 2795 τε
784 2741 879 2793 καὶ
905 2740 1256 2796 κάλλιστον.
1289 2742 1429 2811 Ἐγὼ
1456 2744 1591 2797 δὲτὸ
1613 2744 1713 2815 μὲν

172 2825 449 2881 ἀπαίδευτον
474 2831 577 2882 καὶ
602 2832 940 2901 συρφετῶδες
976 2833 1073 2903 τῆς
1097 2833 1311 2899 λέξεως,
1350 2834 1527 2899 ἄλλοις
1565 2853 1711 2906 κωμ-

170 2915 294 2983 ῳδεῖν
319 2918 631 2987 καταλείψω
664 2933 677 2950 ⁸
709 2922 953 2991 ἀπρεπὲς
981 2920 1119 2976 εἶναι
1148 2926 1347 2996 κρίνων
1376 2928 1708 3000 πρεσϐυτικῇ

172 3007 298 3078 πολιᾷ
326 3010 419 3079 τὴν
451 3015 509 3065 ἐν
538 3015 654 3074 τοῖς
677 3015 914 3083 ῥήμασιν
935 3015 1288 3070 ἀπαιδευσίαν
1313 3020 1608 3091 προφέρειν
1635 3020 1711 3090 τῷ

170 3096 410 3153 ἀσεϐοῦντι
449 3103 531 3165 είς
571 3102 661 3154 τὸν
710 3103 1175 3174 προσκυνούμενον
1213 3107 1382 3175 Λόγον
1404 3125 1417 3138 ο
1441 3111 1615 3162 ἐκεῖνο
1656 3110 1711 3162 δὲ

1887 1650 2027 1717 Quid
2060 1650 2226 1719 igitur
2251 1664 2346 1719 per
2374 1650 2488 1702 haec
2516 1647 2753 1717 Spiritus
2782 1646 3043 1715 majestas
3079 1647 3261 1701 minus
3290 1648 3380 1701 ha-

1818 1743 1948 1798 bet?
1973 1741 2131 1795 Nulla
2163 1748 2247 1796 est
2282 1741 2425 1795 enim
2470 1755 2537 1794 ex
2589 1739 2673 1793 his
2724 1738 2833 1792 Deo
2862 1738 3077 1793 decoris
3103 1747 3157 1792 et
3188 1754 3385 1794 conve-

1821 1835 2097 1889 nientibus
2127 1832 2444 1887 notionibus
2474 1846 2592 1901 qua!
2624 1831 2709 1884 vel
2738 1829 3159 1883 redundantiam
3191 1830 3249 1883 in
3276 1846 3385 1884 uno

1818 1925 1898 1979 vel
1932 1924 2363 1977 imminutionem
2408 1922 2462 1975 in
2508 1922 2678 1974 altero
2725 1920 2896 1989 possit
2936 1920 3209 1983 inserere;
3262 1938 3384 1990 qu:c

1816 2017 1997 2070 omnia
2030 2031 2157 2069 cum
2188 2031 2253 2069 ex
2282 2028 2437 2083 aequo
2469 2013 2727 2068 dicantur
2758 2026 2786 2064 a
2819 2026 2974 2065 sacra
3006 2009 3287 2080 Scriptura
3316 2013 3382 2068 de

1816 2106 1954 2162 Filio
1983 2116 2038 2162 et
2066 2108 2132 2162 ite
2161 2105 2388 2176 Spiritu,
2412 2106 2467 2159 in
2502 2120 2612 2174 quo
2638 2104 3017 2158 animadvertit
3046 2105 3383 2174 inaequalitao

1814 2200 1960 2253 tem?
1990 2208 2138 2253 certe
2187 2214 2296 2252 non
2330 2204 2515 2268 posset
2562 2196 2766 2251 dicere.
2819 2196 2925 2251 Sed
2971 2197 3169 2251 nudam
3210 2208 3262 2251 et
3301 2199 3383 2252 in-

1813 2293 2174 2361 compositam
2214 2300 2269 2345 et
2316 2306 2380 2345 ex
2426 2290 2574 2343 nulla
2626 2290 3012 2344 consecutione
3061 2291 3380 2358 pendentem

1814 2380 2077 2435 adversus
2137 2378 2401 2449 Spiritum
2461 2386 2711 2433 sanctum
2762 2377 2971 2447 profert
3026 2378 3379 2448 impietatem.

1822 2466 2001 2538 Neque
2041 2484 2160 2521 cum
2185 2468 2297 2521 alio
2321 2466 2570 2535 quodam,
2603 2467 2810 2536 inquit,
2854 2467 3153 2522 ordinatur.
3189 2468 3383 2523 Omnia

1812 2563 1948 2614 enim
1978 2577 2134 2629 opera
2160 2576 2276 2629 quo:
2304 2574 2394 2627 per
2424 2557 2625 2611 Filium
2661 2567 2784 2610 sunt
2838 2558 2981 2625 facta
3042 2574 3382 2627 superuacan—

1816 2654 1919 2717 dit,
1979 2661 2117 2717 ortu,
2154 2661 2364 2713 natura,
2406 2649 2601 2718 gloria,
2663 2650 2978 2716 cognitione,
3038 2658 3093 2702 ut
3151 2650 3380 2717 primum

1812 2761 1938 2813 opus
1968 2754 2018 2798 et
2076 2744 2325 2811 optimum
2385 2738 2670 2809 Unigeniti,
2728 2741 3115 2809 maximumque
3160 2749 3209 2793 et
3261 2742 3379 2810 ριιίι

1812 2836 2144 2889 cherrimum.
2197 2831 2308 2900 Ego
2349 2837 2526 2883 autem
2589 2827 2861 2882 inscitiam
2910 2836 2963 2879 et
3015 2826 3378 2879 colluvionem

1812 2925 2067 2980 dictionis
2101 2923 2222 2975 aliis
2245 2921 2452 2974 comice
2484 2917 2836 2973 deridendam
2866 2917 3199 2983 relinquam:
3229 2918 3382 2972 inde-

1812 3033 1999 3071 corum
2032 3014 2428 3084 essejudicans
2467 3010 2625 3066 senili
2657 3009 2903 3071 canitiei,
2942 3008 3231 3063 verborum
3264 3011 3381 3067 ine-

1813 3111 1953 3180 ptias
1986 3108 2223 3177 objicere
2248 3106 2297 3160 ei
2324 3104 2415 3175 qui
2440 3104 2601 3173 impie
2628 3103 2739 3173 agit
2770 3104 2822 3156 in
2850 3100 3084 3156 Verbum
3118 3100 3209 3156 Dei
3234 3104 3378 3171 quod

170 3189 422 3261 προσθήσω
468 3196 539 3262 τῇ
594 3194 835 3259 ἐξετάσει
863 3196 962 3248 Ἐἰ
991 3196 1207 3251 πάντων
1250 3198 1553 3269 ἀναϐέϐηκε
1604 3202 1708 3253 τῶν

1815 3217 1842 3253 a
1868 3200 2023 3254 nobis
2056 3198 2333 3251 adoratur.
2367 3195 2503 3249 Illud
2531 3205 2709 3247 autem
2739 3194 3125 3248 examinatiorﬂ
3162 3193 3381 3249 addam:

170 3280 237 3331 τοῦ
264 3282 378 3335 Υίοῦ
402 3286 751 3352 ποιημάτων
780 3285 842 3338 τὸ
871 3285 1097 3356 Πνεῦμα
1115 3305 1128 3316 ·
1169 3292 1438 3360 χρήσομαι
1468 3292 1578 3361 γὰρ
1611 3293 1704 3345 αύ-

169 3372 239 3424 τοῦ
262 3376 319 3444 τῇ
347 3376 791 3449 σεσολοικισμένῃ
819 3377 987 3450 ταύτῃ
1010 3378 1103 3432 καὶ
1127 3381 1336 3451 ἀνοήτῳ
1368 3386 1538 3454 φωνῇ,
1576 3385 1707 3449 μᾶλ-

170 3464 307 3518 me
341 3468 474 3537 πρὸς
514 3468 582 3519 τὸ
628 3470 957 3540 σαφέστερον
993 3470 1081 3525 διὰ
1118 3471 1217 3540 τῆς
1245 3472 1483 3542 ἐμαυτοῦ
1508 3474 1703 3538 λέξεως

171 3558 462 3626 παραστήσω
479 3558 550 3610 τὸ
579 3557 754 3627 νόημα
784 3575 798 3588 ·
826 3562 874 3612 εἰ
907 3561 1124 3614 πάντων
1166 3563 1383 3633 προέχει
1414 3563 1520 3617 τῶν
1560 3565 1708 3634 παρά

171 3645 240 3696 τοῦ
268 3646 385 3699 Υίοῦ
407 3648 1080 3717 γεγονότων,ἀσύντακτόν
1112 3654 1225 3704 ἐστι
1247 3656 1311 3723 τῇ
1344 3654 1500 3727 λοιπῇ
1536 3657 1707 3708 κτίσει

169 3736 214 3786 τὸ
240 3738 441 3809 Πνεῦμα
486 3741 557 3792 τὸ
605 3740 777 3807 ᾶγιον.
809 3741 919 3795 Καὶ
950 3745 997 3795 εί
1034 3743 1359 3810 πλεονεκτεῖ,
1398 3746 1576 3810 καθώς
1609 3765 1707 3817 φη-

173 3844 235 3879 σιν
260 3832 283 3883 ὁ
310 3832 590 3901 Εὐνόμιος,
623 3832 701 3902 τῷ
729 3834 832 3904 πρὸ
857 3834 964 3887 τῶν
991 3834 1161 3891 ἄλλων
1190 3837 1440 3904 γενέσθαι
1459 3856 1472 3868 ο
1496 3838 1707 3909 ἀνάγκη

173 3920 288 3971 πᾶσα
310 3922 398 3973 καὶ
424 3926 517 3976 ἐπὶ
547 3924 647 3993 τῆς
680 3924 843 3995 ἄλλης
870 3926 1099 3989 κτίσεως
1128 3926 1196 3981 τά
1226 3931 1291 3998 τῇ
1331 3930 1539 3995 γενέσει
1571 3931 1707 3982 κατὰ

172 4007 244 4075 τὴν
286 4012 425 4076 τάξιν
474 4015 791 4084 προήκοντα
813 4056 827 4078 ,
859 4015 967 4069 τῶν
1001 4017 1197 4089 ἐφεξῆς
1238 4020 1398 4073 αὑτὸν
1432 4020 1707 4090 ὁμολογεῖν

174 4106 517 4177 προτιμότερα.
572 4106 732 4159 Ἀλλά
781 4109 889 4178 μὴν
934 4111 1033 4175 τῆς
1061 4110 1151 4163 τοῦ
1208 4111 1493 4182 ἀνθρώπου
1546 4132 1709 4167 κατα-

176 4195 335 4263 σκευῆς
372 4201 532 4269 ἡτῶν
556 4200 761 4268 ἀλόγων
784 4203 1095 4274 προῦπέστη
1116 4204 1294 4271 φύσις.
1317 4205 1520 4259 Οὐκοῦν
1545 4225 1709 4261 κατα-

176 4288 389 4340 σκευάσει
423 4292 643 4354 πάντως
682 4292 770 4344 διὰ
794 4293 996 4346 τούτων
1020 4297 1413 4368 προτιμοτέραν
1443 4294 1578 4351 εἶναι
1614 4301 1709 4369 τῆς

174 4372 355 4446 λογικῆς
398 4380 587 4442 οὐσίας
632 4381 726 4451 τὴν
772 4383 984 4450 ἄλογον.
1045 4384 1201 4437 Οῦτω
1256 4387 1347 4438 καὶ
1376 4387 1403 4437 ὀ
1438 4387 1576 4439 Κάῖν
1614 4386 1706 4437 τοῦ

178 4465 310 4518 Ἅϐελ
358 4473 622 4541 κρείττων
660 4473 799 4526 κατά
842 4475 934 4526 τὸν
983 4475 1074 4527 τοῦ
1111 4478 1373 4547 Εὐνομίου
1405 4477 1561 4546 λόγον
1598 4480 1705 4531 δει-

1810 3293 1865 3347 Si
1901 3294 2080 3347 omnia
2110 3290 2230 3344 Filii
2263 3289 2477 3359 opiﬁcia
2513 3288 2652 3359 (qua:
2678 3287 2957 3355 ποιήματα
2990 3284 3171 3353 vocat)
3204 3286 3381 3354 Spiri~

1808 3396 1897 3441 tus
1923 3381 2355 3455 superascendit,
2390 3387 2511 3433 utar
2540 3378 2684 3433 enim
2725 3376 2845 3445 ejus
2882 3376 2983 3430 hac
3035 3374 3290 3429 insolenti
3325 3385 3380 3431 et

1809 3482 1997 3536 insana
2043 3492 2208 3543 voce;
2263 3475 2372 3529 imo
2405 3487 2536 3527 vero
2582 3482 2645 3525 ut
2697 3470 2901 3524 clarius
2956 3484 3042 3524 res
3082 3470 3377 3527 elucescat.

1808 3587 1925 3628 mea
1953 3570 2189 3625 dictione
2219 3566 2542 3621 sententiam
2584 3563 2882 3633 exprimam
2912 3577 2923 3611 :
2958 3561 3001 3614 si
3032 3576 3099 3615 ex
3138 3576 3203 3616 eo
3233 3562 3377 3630 quod

1806 3663 1987 3718 omnia
2014 3676 2132 3731 quae
2161 3675 2189 3712 a
2214 3657 2348 3712 Filio
2371 3664 2500 3712 sunt
2529 3653 2665 3709 facta
2690 3652 2957 3707 antecedit
2980 3650 3237 3720 Spiritus,
3256 3667 3378 3706 cum

1811 3760 1954 3812 nulla
1984 3754 2088 3808 alia
2119 3759 2370 3807 creatura
2398 3748 2652 3817 componi
2686 3754 2862 3815 potest
2891 3759 3068 3814 neque
3092 3744 3336 3799 ordinari
3362 3764 3375 3799 :

1806 3854 1860 3898 et
1898 3847 1965 3909 si,
1995 3836 2449 3912 quemadmodum
2479 3836 2555 3889 ait
2593 3835 2916 3900 Eunomius,
2964 3835 3017 3886 in
3051 3848 3117 3888 eo
3146 3849 3379 3903 exsupe-

1809 3944 1889 3988 rat
1938 3942 1993 3986 et
2038 3934 2158 4001 plus
2205 3930 2366 3985 habet
2395 3926 2539 3997 quod
2582 3926 2759 3980 laetus
2806 3927 2877 3978 sit
2925 3935 3051 3979 ante
3093 3926 3198 3978 alia
3235 3944 3248 3980 :
3284 3941 3378 3979 ne—

1808 4040 1958 4079 cesse
2005 4031 2091 4077 est
2132 4022 2295 4075 etiam
2342 4019 2519 4087 ipsum
2566 4016 2745 4075 fateri.
2796 4014 2940 4083 quod
2991 4014 3228 4067 inomni
3273 4014 3377 4069 alia

1809 4124 2055 4171 creatura
2084 4156 2097 4177 ,
2154 4126 2274 4179 qua:
2322 4118 2442 4163 ortu
2495 4109 2794 4162 secundum
2837 4105 3082 4158 ordinem
3134 4112 3375 4172 prmeunt

1808 4208 2160 4277 sequentibus
2194 4211 2320 4258 sunt
2352 4199 2766 4271 praestabiliora.
2797 4196 2960 4265 Atqui
2987 4197 3222 4250 hominis
3266 4196 3375 4249 for.

1809 4299 2044 4353 litatione
2074 4296 2376 4351 belluarum
2401 4302 2589 4345 natura
2620 4288 2768 4357 prior
2790 4288 3018 4342 exstitit.
3054 4285 3128 4339 Et
3158 4286 3244 4339 his
3277 4286 3377 4356 igi-

1811 4401 1894 4442 tur
1920 4387 2207 4442 concludet
2251 4392 2501 4437 naturam
2552 4379 2783 4434 rationis
2807 4387 3109 4446 expertem,
3153 4378 3376 4431 rationis

1812 4481 2073 4553 participe
2099 4477 2321 4532 omnino
2363 4471 2795 4545 praestantiorem
2827 4484 2970 4525 esse.
3013 4467 3103 4523 Sic
3135 4470 3235 4521 hac
3266 4468 3375 4521 Eu-

177 4557 411 4629 χθὴσεται,
455 4568 803 4635 προτερεύων
845 4566 922 4637 τῷ
954 4570 1128 4638 χρόνῳ
1175 4570 1313 4622 κατὰ
1340 4572 1436 4641 τὴν
1472 4572 1700 4638 γένεσιν.

1815 4572 1977 4627 nomii
2019 4570 2228 4624 ratione
2255 4566 2389 4621 Cain
2431 4564 2600 4618 Abele
2645 4563 2838 4617 melior
2867 4561 3371 4617 demonstrabitur;

176 4650 299 4703 θῦτω
322 4657 409 4707 καὶ
434 4657 544 4709 τῶν
582 4659 645 4709 ἑκ
671 4660 768 4727 τῆς
789 4659 892 4729 γῆς
917 4660 1197 4729 φυομένων
1238 4662 1511 4725 ἁπάντων,
1547 4662 1673 4714 ἐλάτ
1690 4693 1704 4702 -

176 4755 257 4791 των
287 4745 371 4796 καὶ
404 4747 804 4818 καταδεεστέρα
844 4749 878 4819 ή
913 4750 1021 4802 τῶν
1064 4751 1275 4823 ἄστρων
1310 4752 1469 4820 φύσις
1502 4753 1707 4805 ἀναδει-

177 4830 408 4901 χθήσεται.
446 4839 530 4891 Τὰ
557 4840 653 4909 μὲν
681 4842 788 4911 γὰρ
821 4845 884 4912 τῇ
913 4844 1069 4914 τρίτῃ
1108 4842 1215 4895 τῶν
1264 4843 1484 4913 ἡμερῶν
1512 4846 1575 4898 ὲκ
1607 4844 1703 4913 τῆς

176 4920 253 4987 γῆς
290 4925 625 4991 ἐξανέτειλεν,
672 4932 721 4983 oi
769 4932 826 4984 δὲ
878 4933 1099 5002 μεγάλοι
1161 4935 1440 5005 φωστῆρες
1493 4936 1584 4987 καὶ
1636 4936 1702 4987 τὰ

176 5008 314 5082 ἀστρα
342 5018 534 5083 πάντα,
584 5021 726 5074 κατά
762 5022 859 5092 τὴν
887 5024 1151 5094 τετάρτην
1199 5025 1523 5095 γεγενῆσθαι
1557 5027 1705 5096 παρὰ

176 5103 246 5155 τοῦ
289 5109 519 5174 Μωσέως
566 5114 895 5185 ἱστόρηνται.
951 5116 1108 5169 Ἀλλά
1154 5118 1261 5186 μὴν
1313 5117 1485 5179 οὐδεὶς
1534 5116 1705 5180 οὕτως

177 5190 381 5263 ἀνόητος.
398 5201 471 5264 ὡς
486 5202 592 5254 τῶν
616 5205 878 5274 οὐρανίων
900 5207 1189 5277 θαυμάτων
1211 5208 1308 5278 τὴν
1323 5209 1515 5277 γηῖνην
1546 5210 1705 5261 ποίαν

178 5290 532 5358 προτιμοτέραν
550 5292 636 5345 διὰ
659 5294 728 5346 τά
748 5296 838 5348 τοῦ
866 5298 1053 5367 χρόνον
1087 5299 1348 5367 πρεσϐεῖα
1363 5299 1697 5365 λογίσασθαι·

313 5378 439 5433 Κὰῖν
470 5381 649 5437 δοῦναι
701 5386 841 5441 κατὰ
879 5390 971 5441 τοῦ
1007 5389 1172 5443 Ἀϐελ
1212 5390 1281 5441 τά
1319 5391 1638 5461 νικητήρια,
1668 5392 1701 5462 ἧ

177 5456 425 5530 ὗποξεῧξειι
448 5475 559 5535 τοῖς
588 5474 801 5544 ἀλόγοις
827 5478 916 5531 τὸν
944 5479 1225 5551 ἄνθρωπον
1254 5480 1345 5532 τὸν
1377 5456 1702 5549 μετ’-εκεῖνά

178 5553 442 5621 τενόμενον.
479 5564 590 5617 Οὐκ
644 5566 751 5637 ἄρα
794 5568 918 5623 νοῦν
946 5569 1056 5639 ἔχει
1083 5573 1202 5625 τινά
1239 5572 1298 5625 τὸ
1334 5572 1481 5643 παρά
1510 5573 1700 5627 τούτου

237 5732 276 5763 υ
306 5732 430 5791 Cen.
462 5753 502 5807 ι,
526 5739 578 5798 6.

1814 4664 1958 4733 prior
1984 4662 2128 4715 enim
2159 4666 2242 4713 est
2283 4666 2536 4726 tempore
2577 4653 2877 4709 secundum
2907 4660 3106 4705 ortum.
3143 4650 3232 4703 Sic
3262 4666 3376 4704 om-

1813 4756 1970 4808 nibus
2002 4767 2123 4819 qua:
2152 4765 2219 4804 ex
2252 4756 2397 4801 terra
2430 4745 2753 4806 funduntur,
2781 4741 3021 4796 siderum
3050 4749 3244 4794 natura
3273 4741 3375 4792 mi-

1809 4860 1909 4899 nor
1941 4853 1994 4897 et
2026 4840 2248 4895 inferior
2275 4836 2613 4892 ostendetur.
2650 4833 2741 4886 llla
2790 4831 3058 4901 siquidem
3090 4832 3252 4883 tertio
3289 4828 3375 4883 die

1806 4954 1869 4992 ex
1913 4944 2058 4989 terra
2087 4939 2276 4986 exorta
2309 4937 2457 4985 sunt.
2487 4928 2557 4980 At
2593 4940 2787 4993 magna
2824 4924 2940 4978 haec
2982 4921 3185 4974 lumina
3223 4929 3275 4974 et
3303 4920 3376 4974 si—

1810 5029 1937 5082 dera
1966 5023 2149 5079 omnia
2192 5029 2385 5091 quarto
2423 5018 2512 5072 die
2547 5025 2727 5070 creata
2760 5029 2883 5069 esse
2930 5027 2960 5066 a
3012 5009 3159 5065 Mose
3187 5009 3375 5078 prodi-

1810 5125 1924 5169 tum
1954 5121 2038 5168 est
2069 5113 2135 5165 ".
2168 5109 2555 5165 Verumtamen
2612 5104 2793 5156 nullus
2834 5108 2919 5155 est
2966 5107 3076 5152 tam
3108 5112 3135 5148 a
3167 5095 3377 5151 ratione

1809 5208 1999 5263 devius
2030 5211 2081 5258 et
2112 5217 2322 5263 amens,
2348 5206 2408 5252 ut
2448 5195 2766 5250 coelestibus
2803 5191 2911 5244 illis
2946 5186 3229 5241 miraculis
3261 5193 3376 5239 ter-

1808 5307 2035 5351 rcstrcm
2078 5291 2320 5353 herbam,
2354 5286 2623 5355 praecipuo
2655 5280 2917 5351 temporis
2942 5276 3067 5346 jure
3107 5283 3376 5347 prazstan-

1810 5390 1999 5441 tiorem
2026 5399 2147 5439 esse
2184 5381 2499 5436 existimet:
2534 5386 2628 5429 aut
2663 5373 2755 5443 qui
2803 5371 2975 5425 Caino
3004 5376 3196 5439 contra
3232 5366 3350 5419 Abo

1807 5480 1909 5534 lem
1945 5478 2034 5531 det
2058 5473 2298 5529 victoria:
2326 5467 2569 5541 prmmia,
2603 5474 2697 5521 aut
2724 5463 2817 5535 qui
2861 5459 3041 5543 brutis
3076 5456 3373 5510 animanti-

1808 5572 1909 5628 bus
1943 5568 2215 5624 hominem
2251 5564 2529 5635 subjuget,
2577 5558 2835 5631 quoniam
2869 5553 2939 5609 sit
2979 5558 3100 5622 post
3155 5548 3248 5603 illa
3295 5547 3376 5603 fa-
