3922 6502
531 348 639 406 563

1802 340 1857 395 S.
1892 337 2221 395 GBEGORII
2247 337 2537 394 NYSSENI

3675 328 3769 385 564

532 466 933 525 ctum-Nullam
978 466 1145 537 igitur
1200 466 1362 523 habet
1405 464 1695 528 rationem,
1750 460 1893 531 quod
1936 460 2005 512 ab
2038 473 2101 515 eo

2210 456 2525 527 λεγόμενον,
2556 456 2636 508 ὅτι
2690 455 2777 508 διὰ
2829 454 2891 507 τὸ
2934 453 3041 525 πρὸ
3090 451 3197 506 τῶν
3242 451 3431 507 ﬁlum
3456 449 3701 519 γενέσθαι
3723 450 3776 506 τὸ

533 562 819 623 asseritur,
855 560 983 631 quia
1037 568 1165 615 ante
1203 559 1309 614 alia
1342 557 1580 629 Spiritus
1615 557 1687 612 sit
1718 563 1895 617 ortus,
1930 556 2104 609 hono-

533 652 845 706 rabiliorem
879 661 1133 705 naturam
1174 649 1336 705 habet
1370 649 1440 704 iis
1466 663 1585 718 quae
1614 646 1871 717 deinceps
1899 645 2100 716 produ-

529 750 620 795 cta
653 741 675 794 i
676 748 896 796 uerunt.

602 832 899 888 Videamus
943 842 1125 888 autem
1171 832 1351 903 qualia
1399 831 1585 901 gloria:
1617 828 1855 899 Spiritus
1908 826 2107 898 gratiﬁ-

533 933 708 991 catur,
739 926 831 995 qui
869 925 1017 979 hunc
1053 939 1083 978 a
1112 922 1234 977 Filii
1279 922 1664 976 communione
1708 921 1912 974 divisit.
1959 919 2105 974 Unus

531 1018 693 1081 enim,
728 1016 924 1085 inquit.
950 1024 999 1070 et
1025 1016 1109 1069 hic
1149 1030 1263 1067 cum
1296 1014 1384 1077 sit,
1415 1022 1463 1066 et
1489 1014 1689 1080 primus
1717 1022 1767 1065 et
1794 1012 1959 1078 solus,
1990 1027 2102 1065 om-

535 1108 688 1162 nibus
725 1107 855 1162 Filii
898 1106 1139 1176 operibus
1181 1104 1482 1174 pra'eellens
1512 1104 1797 1158 secundum
1823 1105 2101 1158 essentiam

535 1211 582 1252 et
617 1199 916 1253 naturalem
945 1198 1276 1269 dignitatem,
1316 1213 1519 1250 omnem
1553 1196 1906 1261 operationem
1929 1206 1979 1251 et
2005 1198 2103 1251 do-

536 1294 759 1346 ctrinam
788 1292 1081 1360 per/Sciens,
1107 1290 1243 1344 sicut
1275 1288 1420 1343 Filio
1445 1290 1746 1360 plaeet,fqui
1776 1290 2004 1342 mittitur
2040 1290 2104 1342 ab

536 1384 649 1450 ipso
678 1392 727 1436 et
752 1383 815 1434 ab
845 1383 957 1448 ipso
986 1381 1198 1448 accipit,
1227 1390 1276 1434 et
1302 1380 1585 1433 annuntiat
1613 1380 1676 1432 iis
1705 1380 1795 1448 qui
1818 1380 2109 1432 instituun-

482 1545 486 1550 .
536 1485 643 1537 tur,
671 1483 720 1528 et
759 1474 997 1525 veritatis
1043 1472 1152 1524 dua:
1182 1480 1279 1525 est.
1315 1469 1569 1534 Omnem,
1614 1470 1811 1542 inquit,
1862 1471 2106 1525 muneris

534 1564 872 1619 iunctionem
897 1564 1013 1619 sive
1041 1564 1412 1634 operationem
1441 1570 1496 1618 et
1526 1564 1829 1617 doctrinam
1864 1559 2103 1631 Spiritus

535 1663 759 1711 sanctus
802 1654 1127 1725 perﬁciens:
1165 1670 1327 1726 quam
1379 1654 1790 1725 operationem?
1834 1664 2015 1709 utrum
2046 1655 2110 1708 il-

535 1744 640 1800 lam
671 1761 836 1816 quam
863 1747 1027 1801 etiam
1057 1746 1218 1800 Pater
1261 1755 1315 1801 et
1344 1743 1515 1800 Filius
1553 1743 1854 1800 secundum
1890 1744 2103 1798 Domini

533 1838 784 1901 verbum,
811 1845 1093 1906 Operatur,
1139 1837 1231 1906 qui
1265 1852 1438 1907 usque
1472 1836 1634 1890 modo
1662 1836 1891 1890 salutem
1915 1835 2107 1888 huma-

534 1945 660 1984 nam
693 1936 972 1999 operatur,
1012 1928 1096 1982 vel
1140 1929 1300 1982 aliam
1340 1928 1577 1998 aliquam
1617 1935 1814 1998 praeter
1851 1926 2028 1981 hanc?
2061 1924 2107 1981 si

534 2022 757 2091 quidem
800 2020 890 2074 illa
938 2030 1215 2090 operatur,
1259 2019 1506 2074 eamdem
1556 2034 1682 2073 cum
1732 2019 1823 2073 illo
1880 2033 2108 2087 prorsus

534 2114 793 2168 virtutem
837 2122 891 2167 et
931 2121 1183 2167 naturam
1212 2113 1394 2177 habet,
1447 2121 1501 2167 et
1542 2112 1741 2167 diversi
1769 2112 1984 2182 generis
2016 2109 2108 2165 Dei

537 2215 733 2261 natura
764 2207 819 2260 in
843 2222 910 2261 eo
944 2207 1124 2260 locum
1157 2222 1264 2260 non
1310 2205 1490 2260 habet.
1525 2204 1592 2259 Ut
1628 2205 1774 2260 enim
1805 2207 1850 2260 si
1881 2204 2011 2275 quid
2045 2218 2109 2258 ea

536 2314 659 2371 qua:
704 2300 847 2371 ignis
887 2299 1070 2362 edicit,
1118 2298 1353 2355 elﬁceret
1409 2298 1769 2353 illuminando
1816 2304 1870 2352 et
1918 2295 2111 2350 calefa-

537 2392 730 2449 ciendo
757 2393 946 2448 eodem
972 2392 1152 2456 modo,
1184 2393 1325 2461 ignis
1356 2403 1439 2447 est
1467 2392 1687 2446 omnino
1714 2412 1725 2446 :
1752 2392 1834 2447 sic
1865 2391 1913 2445 si
1943 2390 2109 2459 Spiri-

537 2497 627 2543 tus
657 2488 835 2544 Patris
877 2502 1040 2557 opera
1089 2487 1237 2550 facit,
1281 2486 1522 2555 ejusdem
1567 2503 1689 2542 cum
1727 2487 1847 2557 ipso
1893 2485 2107 2553 penitus

536 2593 747 2636 natura;
781 2596 904 2636 esse
951 2580 1195 2635 conﬁteri
1255 2594 1479 2633 necesse
1516 2588 1617 2633 est.
1664 2578 1820 2644 Quod
1879 2578 1925 2633 si
1979 2576 2109 2647 quid

536 2672 685 2726 aliud
734 2682 928 2741 praeter
974 2673 1205 2726 salutem
1262 2680 1504 2725 nostram
1551 2678 1826 2738 operatur,
1876 2677 1931 2724 et
1971 2669 2016 2722 si
2055 2668 2108 2722 in

536 2766 722 2834 aliquo
751 2779 938 2818 eorum
969 2780 1088 2832 quae
1126 2772 1254 2819 sunt
1299 2762 1573 2815 contraria
1609 2760 1947 2815 demonstrat
1991 2759 2110 2829 ejus

537 2856 935 2927 operationem,
976 2856 1118 2910 alius
1150 2864 1359 2908 naturw
1386 2861 1440 2907 et
1469 2852 1722 2907 essentiae
1753 2868 1847 2922 per
1872 2852 1984 2906 haec
2016 2852 2110 2907 de-

535 2951 955 3006 monstrabitur.
988 2946 1372 3003 Verumtamen
1407 2947 1671 3016 Spiritum
1716 2948 1991 3001 viviﬁcare
2029 2947 2100 2998 si-

536 3042 740 3095 militer
766 3056 890 3094 cum
915 3038 1076 3093 Patre
1113 3046 1168 3094 et
1202 3036 1340 3091 Filio
1370 3036 1608 3091 Verbum
1644 3038 1819 3105 ipsum
1844 3036 2104 3090 testiﬁca-

536 3140 645 3187 tur.
680 3130 1044 3196 Quamobrem
1080 3127 1342 3198 Spiritum
1376 3143 1406 3179 a
1435 3126 1616 3181 Patris
1651 3124 1881 3195 Filiique
1911 3132 2105 3179 natura
2135 3140 2175 3197 ε

532 3238 646 3276 non
692 3218 927 3275 alie'nnm
965 3235 1058 3291 per
1092 3220 1278 3274 eadem
1321 3234 1485 3289 Opera
1519 3226 1573 3272 et
1617 3217 1807 3273 eﬂ‘ecta
1857 3232 2108 3287 compro-

534 3314 648 3368 bat.
683 3312 749 3365 Et
780 3311 960 3365 Patris
1004 3310 1377 3379 operationem
1410 3317 1463 3364 et
1492 3308 1798 3363 doctrinam
1844 3307 2105 3378 Spiritum

534 3407 747 3463 eﬂicere
795 3405 938 3459 sicut
981 3404 1197 3457 videtur
1224 3401 1380 3465 Filio,
1417 3418 1525 3456 non
1568 3402 1895 3457 iuiiciamur.
1934 3401 2108 3455 Unam

535 3501 682 3552 enim
713 3498 1044 3551 voluntatem
1086 3493 1267 3549 Patris
1303 3503 1359 3549 et
1397 3493 1517 3548 Filii
1561 3503 1615 3549 et
1663 3495 1901 3564 Spiritus
1930 3495 2108 3549 sancti

536 3599 748 3643 natura:
781 3586 1094 3640 communio
1113 3594 1361 3639 testatur.
1388 3586 1567 3651 Quare
1599 3587 1642 3638 si
1678 3586 1808 3641 illud
1834 3587 1948 3639 vult
1984 3585 2108 3655 Spi-

534 3684 677 3736 ritus
706 3690 950 3745 sanctus,
982 3680 1125 3749 quod
1154 3678 1289 3732 Filio
1312 3681 1543 3742 videtur,
1577 3682 1888 3733 communio
1919 3680 2113 3733 volun-

536 3774 668 3829 tatis
723 3771 1016 3827 manifesto
1067 3771 1322 3825 essuntite
1376 3771 1639 3824 unitatem
1696 3768 2115 3836 ostenditzsed,

539 3868 645 3935 Qui
681 3867 928 3928 mittitur,
961 3866 1055 3925 ait,
1086 3865 1150 3917 ab
1191 3866 1323 3933 ipso,
1353 3876 1401 3917 et
1434 3866 1497 3917 ab
1542 3866 1654 3932 ipso
1684 3865 1894 3930 accipit,
1936 3873 1985 3918 et
2014 3880 2109 3917 an-

538 3960 749 4014 nuntiat
777 3958 999 4012 eruditis
1031 3969 1079 4011 et
1127 3958 1365 4011 veritatis
1403 3957 1513 4009 dum
1551 3965 1648 4011 est.
1682 3954 1797 4011 Nisi
1825 3956 1940 4010 haec
1971 3971 2107 4025 prae.

536 4054 768 4109 dixisset
798 4051 866 4106 de
900 4050 1129 4119 Spiritu,
1159 4051 1318 4119 plane
1359 4050 1427 4103 de
1472 4049 1654 4119 aliquo
1685 4048 1827 4103 inter
1861 4049 2110 4105 homines

537 4149 762 4202 doctore
793 4145 908 4198 haec
944 4143 1052 4197 dici
1099 4142 1329 4196 audiens
1372 4141 1730 4196 existimaret.
1768 4140 1915 4195 Idem
1965 4141 2109 4196 enim

536 4248 622 4296 est
654 4239 797 4293 mitti
828 4244 882 4291 ct
908 4235 1170 4306 delegari,
1201 4243 1255 4289 et
1288 4234 1421 4287 nihil
1449 4250 1479 4287 e
1508 4232 1671 4288 domo
1703 4235 1788 4287 vel
1819 4249 1883 4287 ex
1919 4248 1978 4288 se
2014 4234 2111 4286 ha-

536 4334 687 4396 bere,
718 4330 812 4385 sed
854 4344 1071 4383 sumere
1099 4343 1164 4382 ex
1196 4326 1464 4381 mittentis
1509 4326 1624 4381 sive
1664 4325 1963 4394 delegantis
1992 4341 2114 4396 gra-

537 4427 634 4489 tia,
669 4434 724 4478 et
765 4423 853 4477 his
900 4422 993 4491 qui
1029 4422 1298 4475 docentur
1343 4420 1507 4474 verba
1557 4418 1892 4482 ministrare,
1946 4428 2109 4489 atque

536 4513 857 4569 errantibus
888 4511 1134 4567 veritatis
1178 4528 1237 4566 se
1271 4510 1463 4564 ducem
1517 4510 1775 4580 praebere.
1811 4507 1934 4563 Haec
1961 4498 2104 4564 enim

536 4603 720 4656 omnia
752 4602 913 4656 etiam
945 4617 1089 4656 nunc
1120 4612 1398 4671 pastorum
1429 4609 1591 4669 atque
1623 4602 1907 4656 doctorum
1957 4613 2106 4665 sunt,

536 4696 701 4762 mitti,
736 4695 1009 4764 accipere,
1045 4694 1393 4754 annuntiare,
1445 4694 1665 4756 docere,
1698 4695 1981 4749 veritatem
2015 4712 2108 4765 po—

537 4803 667 4843 nere
697 4795 749 4841 et
782 4786 1038 4841 fundare:
1082 4800 1200 4855 qua:
1244 4783 1477 4856 Spiritui
1509 4795 1699 4841 sancto
1744 4787 1971 4858 largitor
2003 4786 2112 4843 Eu-

537 4881 776 4935 nomius.
820 4879 954 4933 Cum
1007 4889 1187 4933 autem
1240 4886 1367 4934 ante
1426 4880 1540 4935 haec
1597 4880 1824 4936 dixisset
1871 4924 1887 4950 ,
1963 4881 2109 4954 quod

534 4976 696 5028 etiam
738 4989 871 5027 unus
902 4979 980 5026 est
1018 4972 1217 5038 primus
1246 4980 1296 5025 et
1334 4971 1478 5027 solus
1526 4982 1575 5026 et
1621 4972 1861 5027 omnibus
1902 4972 2111 5040 praeel-

536 5065 645 5119 lens
677 5080 697 5119 :
730 5064 773 5120 si
814 5063 1080 5117 hactenus
1120 5078 1428 5119 sermonem
1463 5064 1834 5127 terminasset,
1862 5066 2112 5120 decreto-

535 5173 657 5211 rum
716 5156 966 5211 veritatis
1020 5165 1286 5225 patronus
1336 5155 1487 5211 visus
1536 5166 1698 5212 esset.
1764 5156 1916 5211 Unus
1964 5158 2109 5211 enim

535 5266 663 5306 vere
702 5250 795 5322 qui
849 5249 1289 5319 inseparabiliter
1346 5250 1405 5303 in
1444 5265 1556 5304 uno
1611 5250 2010 5312 consideratur,
2058 5259 2112 5305 et

535 5344 745 5413 primus
776 5342 830 5396 in
861 5342 1037 5412 primo
1059 5351 1114 5396 et
1143 5343 1297 5398 solus
1327 5340 1383 5396 in
1435 5342 1576 5395 solo.
1608 5340 1682 5397 Ut
1706 5342 1850 5397 enim
1885 5342 2111 5412 spiritus

538 5438 778 5493 hominis
826 5438 917 5505 qui
955 5445 1041 5490 est
1080 5436 1135 5488 in
1178 5436 1319 5506 ipso,
1369 5446 1423 5489 et
1464 5434 1580 5503 ipse
1627 5434 1813 5496 homo,
1841 5451 1984 5489 unus
2026 5441 2111 5489 est

542 5530 722 5594 homo,
757 5528 838 5584 sic
866 5539 919 5583 et
949 5527 1187 5599 Spiritus
1223 5526 1315 5581 Dei
1350 5527 1443 5597 qui
1487 5528 1541 5581 in
1570 5527 1773 5598 ipso,et
1805 5526 1922 5597 ipse
1948 5525 2110 5589 Deus,

540 5637 684 5674 unus
727 5636 854 5676 vere
898 5631 951 5675 et
994 5623 1212 5690 preprie
1257 5622 1570 5675 nominatus
1614 5619 1781 5675 fuerit
1836 5619 2021 5676 Deus:
2054 5626 2107 5671 et

542 5715 753 5783 primus
787 5721 840 5769 et
883 5713 1056 5778 solus,
1107 5713 1200 5783 qui
1236 5730 1344 5769 non
1376 5721 1563 5785 posset
1606 5713 1675 5767 ab
1704 5728 1770 5768 eo
1801 5714 1855 5769 in
1893 5729 2002 5784 quo
2029 5723 2112 5769 est

541 5805 812 5877 separari.
840 5802 1000 5861 Nunc
1028 5813 1206 5861 autem
1232 5820 1356 5862 cum
1390 5805 1611 5876 adjecit,
1658 5804 1959 5873 pracellens
1982 5821 2112 5877 om-

2140 4481 2187 4538 ί)

2206 547 2427 617 Πνεῦμα
2450 593 2463 612 ,
2507 544 2904 619 προτιμοτέραν
2939 546 3049 615 ἔχει
3098 544 3206 597 τῶν
3246 542 3457 611 ἑφεξῆς
3496 544 3771 610 γεγονότων

2204 656 2302 708 τήν
2335 656 2514 708 φυσιν.

2281 794 2504 865 ’ἴδωμεν
2537 794 2593 847 δὲ
2617 794 2711 847 καὶ
2739 788 2827 847 οἷα
2854 791 3129 863 χαρίζεται
3154 793 3219 862 τῇ
3248 787 3390 862 δόξῃ
3419 788 3516 843 τοῦ
3540 788 3773 858 Πνεῦμα-

2204 903 2293 949 τος
2370 887 2398 938 6
2439 886 2538 956 τῆς
2592 884 2727 956 πρὸς
2771 885 2863 938 τὸν
2906 884 3035 936 Υῐδν
3086 882 3378 945 κοινωνίας
3430 881 3771 951 ἀπομερίσας.

2206 972 2311 1042 Εἷς
2335 975 2465 1048 γὰρ,
2496 976 2679 1047 φησὶν,
2701 975 2799 1029 καὶ
2830 970 3008 1040 οὗτος
3039 973 3145 1037 ὢν,
3178 973 3276 1027 καὶ
3301 971 3547 1041 πρῶτος
3570 972 3661 1023 καὶ
3687 973 3776 1039 μό.

2204 1084 2327 1132 νος,
2356 1066 2455 1121 καὶ
2490 1066 2735 1121 πάντων
2758 1066 3039 1134 προῦχων
3070 1063 3188 1118 τῶν
3214 1064 3326 1118 τοῦ
3367 1062 3513 1117 Υἱοῦ
3550 1063 3777 1130 ποιημά-

2207 1175 2325 1210 των
2356 1158 2505 1212 κατὰ
2552 1156 2668 1225 τὴν
2705 1156 2924 1210 οὐσίαν
2971 1155 3071 1208 καί
3118 1153 3235 1223 τὴν
3265 1152 3555 1223 φυσικὴν
3592 1152 3774 1216 ἀξίαν,

2207 1247 2410 1302 πᾶσαν
2425 1247 2725 1317 ἐνέργειαν
2757 1247 2855 1300 καὶ
2879 1246 3281 1301 διδασκαλίαν
3318 1244 3619 1309 ἐξανύων,
3646 1246 3776 1297 κατὰ

2205 1340 2271 1392 τὸ
2323 1338 2543 1393 δοκοῦν
2578 1337 2659 1403 τῷ
2711 1336 2841 1403 Υίῷ,
2884 1336 3259 1405 πεμπόμενος
3292 1336 3401 1388 ὑπ’
3451 1334 3659 1394 αὑτοῦ,
3690 1334 3773 1385 καί

2206 1430 2339 1500 παρ’
2367 1428 2551 1483 αὐτοῦ
2576 1426 2915 1498 λαμϐάνων,
2944 1427 3339 1497 ἀναγγέλλων
3363 1424 3493 1491 τοῖς
3528 1423 3775 1477 παιδευο-

2202 1525 2426 1595 μένοις,
2458 1521 2554 1575 καί
2585 1519 2693 1589 τῆς
2737 1521 3023 1588 ἀληθείας
3053 1519 3422 1587 ἡγούμενος.
3472 1516 3656 1569 nam
3684 1533 3774 1585 φη-

2208 1632 2292 1668 σιν
2324 1614 2600 1685 ἐνέργειαν
2650 1611 2745 1665 καὶ
2787 1609 3131 1663 διδασκαλίαν
3182 1607 3440 1671 ὲξανύειν
3480 1606 3543 1659 τὸ
3575 1605 3773 1675 Πνεῦμα

2206 1702 2265 1755 τὺ
2290 1701 2463 1769 ἅγιον.
2492 1700 2657 1753 Ποίαν
2699 1699 3005 1770 ὲνέργειανς
3043 1696 3281 1767 Πότερον
3333 1696 3558 1765 ἐκείνην
3587 1696 3653 1765 ἣν
3693 1697 3773 1748 καὶ

2138 1804 2179 1862 Β
2206 1796 2234 1849 6
2270 1794 2458 1862 Πατὴρ
2486 1793 2579 1846 καὶ
2602 1792 2630 1844 6
2670 1790 2799 1853 Υἱὸς
2842 1789 2984 1843 κατὰ
3018 1789 3110 1843 τὸν
3147 1792 3239 1842 τοῦ
3277 1788 3495 1860 Κυρίου
3520 1788 3670 1856 λόγον
3703 1789 3774 1839 “sv-

2209 1887 2378 1956 εργεῖ,
2397 1886 2425 1936 6
2450 1884 2553 1946 ἕως
2580 1883 2704 1951 ἄρτι
2726 1882 3084 1953 ἐργαζόμενος
3110 1880 3208 1951 τὴν
3238 1878 3594 1953 ἀνθρωπίνην
3617 1896 3771 1948 σωτη-

2212 1975 2406 2046 ρίαν,ἢ
2438 1973 2603 2043 ἄλλην
2633 1972 2756 2026 τινὰ
2785 1971 2935 2043 παρὰ
2957 1970 3194 2042 ταύτην;
3230 1971 3296 2024 Εἰ
3343 1971 3444 2041 μὲν
3476 1970 3586 2041 γὰρ
3612 1972 3773 2022 ἐκεῖνα

2208 2060 2519 2130 ἐργάζεται,
2549 2061 2648 2133 τὴν
2681 2060 2851 2131 αὐτὴν
2887 2059 3079 2129 ἐκείνῳ
3105 2059 3329 2122 πάντως
3355 2058 3586 2128 δύναμίν
3616 2075 3671 2110 τε
3692 2060 3770 2110 καὶ

2210 2156 2370 2224 φύσιν
2398 2154 2509 2225 ἔχει
2530 2169 2545 2185 ο
2578 2154 2672 2207 καὶ
2700 2152 2760 2206 τὸ
2785 2150 2879 2205 τοῦ
2920 2151 3056 2205 Θεοῦ
3088 2152 3407 2223 ἐτερογενὲς
3447 2151 3541 2203 ἐπὶ
3570 2149 3659 2203 τοῦ
3682 2168 3773 2203 τοι·

2209 2246 2364 2300 ούτου
2394 2245 2576 2318 χώραν
2617 2246 2718 2299 οὐκ
2756 2245 2888 2314 ἔχει.
2936 2246 3024 2309 Ὧς
3056 2243 3165 2315 γὰρ
3190 2244 3243 2296 εί
3283 2261 3339 2297 τι
3384 2243 3455 2297 τὰ
3493 2242 3586 2297 τοῦ
3622 2244 3771 2313 πυρὸς

2210 2337 2481 2408 ὲνεργοίη,
2510 2336 2723 2407 λάμπον
2770 2352 2830 2389 τε
2883 2336 2977 2389 καὶ
3016 2334 3310 2406 θερμαῖνον
3356 2334 3648 2397 ὡσαύτως,
3677 2333 3771 2402 πῦρ

2210 2427 2325 2479 ἐστι
2359 2427 2601 2488 πάντως·
2632 2424 2804 2488 οὕτως
2825 2426 2873 2477 εί
2910 2425 2976 2477 τὰ
3000 2424 3090 2477 τοῦ
3123 2425 3343 2494 Πατρδς
3370 2424 3509 2494 ἔργα
3536 2424 3594 2476 τὸ
3618 2422 3769 2476 Πνεῦ-

2216 2537 2289 2589 μα
2322 2517 2594 2586 ποιεῖ,τῆς
2625 2518 2792 2586 αὐτῆς
2822 2515 2967 2586 αὐτῷ
3001 2517 3217 2579 πάντως
3242 2516 3464 2585 φύσεως
3499 2511 3631 2568 εἶναι
3657 2515 3767 2583 ὁμοη

2210 2608 2465 2677 λογεῖται.
2502 2607 2566 2660 Ei
2598 2607 2656 2660 δὲ
2697 2606 2824 2661 ἄλλο
2864 2623 2916 2658 τι
2968 2606 3115 2676 παρά
3167 2606 3267 2673 τὴν
3316 2603 3593 2674 σωτηρίαν
3632 2600 3767 2672 ήμῶν

2210 2701 2457 2770 ἐνεργεῖ,
2492 2698 2584 2750 καὶ
2615 2696 2694 2761 εἷς
2742 2715 2791 2749 τι
2838 2696 2945 2749 τῶν
2981 2697 3234 2748 ἐναντίων
3276 2694 3644 2747 ἐπιδείκνυται
3684 2690 3765 2760 τὴν

2210 2788 2509 2856 ἐνέργειαν,
2544 2784 2712 2855 ἄλλης
2740 2784 2949 2852 φύσεώς
2978 2801 3035 2836 τε
3080 2786 3171 2838 καὶ
3222 2783 3418 2847 οὐσίας
3447 2781 3535 2835 διὰ
3588 2780 3766 2833 τούτων

2211 2877 2664 2949 ἐπιδειχθήσεται.
2717 2876 2875 2929 ’Δλλὰ
2919 2875 3021 2946 μὴν
3062 2874 3350 2939 ζωοποιεῖν
3376 2873 3577 2945 ὁμοίως
3611 2870 3765 2940 Πατρὶ

2210 2970 2304 3023 καὶ
2333 2968 2446 3038 Υἱῷ
2488 2968 2548 3022 τὸ
2592 2967 2815 3036 Πνεῦμα
2863 2967 3023 3029 αὐτὸς
3065 2968 3092 3018 6
3118 2965 3295 3034 Λόγος
3344 2963 3763 3035 διαμαρτύρεται.

2212 3063 2419 3117 Οὐκοῦν
2452 3061 2513 3115 τὸ
2553 3062 2627 3133 μὴ
2677 3061 3043 3126 ἀπεξενῶσθαι
3076 3061 3294 3124 πάντως
3332 3061 3433 3131 τῆς
3463 3076 3522 3112 τε
3553 3056 3641 3111 τοῦ
3669 3059 3764 3111 Πα-

2208 3154 2334 3223 τρδς
2357 3154 2575 3222 καὶτῆς
2612 3154 2706 3205 τοῦ
2752 3152 2882 3204 Υἰοῦ
2943 3151 3157 3221 φύσεως
3192 3151 3253 3204 τὸ
3291 3148 3548 3221 Πνεῦμα,
3572 3148 3652 3201 διὰ
3681 3147 3764 3215 τῆς

2208 3242 2530 3311 ταυτότητος
2561 3240 2669 3293 τῶν
2712 3241 3094 3310 ἐνεργημάτων
3126 3240 3461 3310 παρίσταται
3497 3254 3511 3269 ο
3540 3237 3628 3290 καὶ
3662 3236 3759 3287 Πα-

2208 3334 2332 3404 τρὸς
2360 3333 2640 3405 ἐνέργειαν
2668 3333 2761 3385 καὶ
2792 3331 3135 3386 διδασκαλίαν
3171 3331 3421 3396 ἐξανύειν
3453 3330 3512 3383 τὸ
3540 3326 3755 3396 Πνεῦμα.

2209 3423 2348 3474 κατὰ
2374 3422 2436 3475 τὸ
2464 3420 2654 3475 δοκοῦν
2691 3420 2766 3491 τῷ
2799 3420 2932 3491 Υἱῷ,
2963 3422 3022 3473 οὺ
3061 3420 3368 3491 μαχόμεθα.
3404 3421 3497 3473 Ἓν
3525 3418 3624 3489 γὰρ
3657 3414 3757 3485 βού-

2208 3515 2355 3584 λημα
2380 3509 2517 3567 εἶναι
2541 3512 2752 3584 Πατρός
2775 3531 2831 3565 τε
2855 3514 2948 3565 καὶ
2980 3512 3107 3565 Υίοῦ
3138 3514 3231 3565 καὶ
3264 3511 3581 3582 Πνεῦματος
3602 3508 3754 3575 ἁγίου.

2209 3609 2238 3675 ἡ
2262 3608 2359 3676 τῆς
2375 3607 2589 3676 φύσεως
2607 3607 2863 3661 κοινωνία
2878 3606 3327 3678 διαμαρτύρεται.
3353 3608 3512 3660 Ὥστε
3542 3606 3587 3657 εί
3607 3603 3757 3657 έκεῖνο

2212 3698 2455 3768 βούλεται
2480 3698 2539 3752 τὸ
2576 3698 2802 3769 Πνεῦμα
2829 3698 2888 3752 τὸ
2928 3698 3079 3765 ἅγιον
3111 3698 3139 3751 ὅ
3158 3699 3311 3751 δοκεῖ
3344 3696 3423 3768 τῷ
3449 3695 3574 3767 Υίῷ,
3604 3696 3633 3764 ή
3662 3710 3756 3745 κοι-

2210 3792 2374 3845 νωνία
2405 3791 2497 3845 τοῦ
2536 3791 2836 3862 θελήματος
2869 3789 3054 3859 σαφῶς
3102 3791 3403 3860 παρίστησι
3447 3788 3542 3858 τὴν
3566 3785 3656 3855 τῆς
3676 3784 3753 3836 οὐ·

2211 3883 2330 3946 σίας
2364 3882 2589 3952 ἑνότητα
2608 3897 2622 3912 °
2663 3881 2820 3944 ἀλλὰ,
2861 3882 3264 3950 Πεμπόμενος,
3297 3880 3480 3951 φησὶν,
3512 3877 3639 3941 παρ’
3665 3874 3753 3925 ai)-

2210 3976 2335 4037 τοῦ,
2372 3975 2472 4029 καί
2513 3974 2647 4043 παρ’
2672 3974 2858 4028 αὐτοῦ
2878 3975 3217 4042 λαμϐάνων,
3252 3974 3351 4026 καὶ
3393 3966 3750 4039 ἀναγγέλλων

2209 4068 2331 4133 τοῖς
2354 4067 2827 4137 παιδευομένοις,
2854 4067 2952 4119 καὶ
2981 4065 3091 4133 τῆς
3121 4066 3409 4132 ἀληθείας
3433 4062 3747 4132 ἡγούμενος·

2211 4162 2273 4215 Εἰ
2310 4161 2383 4231 μὴ
2413 4161 2731 4232 προειρήκει
2762 4159 2934 4212 ταῦτα
2976 4160 3103 4229 περὶ
3144 4158 3236 4211 τοῦ
3276 4157 3604 4226 Πνεῦματος,
3633 4150 3748 4203 πάν-

2209 4271 2316 4316 τως
2361 4253 2427 4307 ἂν
2485 4253 2613 4324 περί
2658 4269 2803 4317 τινος
2850 4251 2959 4304 τῶν
2994 4253 3051 4305 ὲν
3101 4250 3407 4321 ἀνθρώποις
3452 4242 3748 4301 διδασκάλων

2210 4346 2383 4402 ταῦτα
2400 4346 2652 4415 λέγεσθαι
2683 4348 2711 4399 6
2735 4344 2959 4399 ἁκούων
2994 4344 3257 4413 ἐνόμισεν.
3291 4342 3497 4397 Ταυτὸν
3531 4339 3629 4407 γάρ
3652 4335 3746 4385 ἐστι

2211 4441 2290 4512 τῷ
2315 4439 2625 4512 πέμπεσθαι
2652 4439 2713 4493 τὸ
2746 4438 3187 4500 ἀποστέλλεσθαι,
3220 4438 3313 4490 καὶ
3352 4436 3412 4489 τὸ
3440 4432 3593 4504 μηδὲν
3622 4427 3745 4480 oliuo-

2214 4535 2304 4587 θεν
2341 4532 2506 4603 ἔχειν,
2537 4531 2651 4584 ἀλλ’
2691 4532 2756 4583 ὲκ
2796 4533 2895 4601 τῆς
2927 4530 3145 4600 χάριτος
3178 4530 3472 4600 λαμϐάνειν
3505 4521 3590 4576 τοῦ
3629 4521 3743 4571 ἀπο·

2211 4624 2535 4687 στέλλοντος,
2569 4622 2661 4675 καὶ
2700 4621 2965 4674 διακονεῖν
2997 4623 3110 4682 τοῖς
3140 4617 3541 4689 διδασκομένοις
3575 4612 3634 4661 τὰ
3661 4606 3742 4677 Μ’

2213 4732 2356 4785 ματα
2380 4752 2394 4774 ,
2423 4714 2514 4766 καὶ
2557 4711 2912 4783 καθηγεῖσθαι
2948 4710 3047 4780 τῆς
3085 4711 3341 4780 ἀληθείας
3368 4711 3477 4771 τοῖς
3502 4694 3743 4766 πλανωμέ·

2210 4818 2337 4870 νοις.
2362 4805 2544 4858 Ταῦτα
2597 4805 2705 4877 γὰρ
2748 4805 2924 4857 πάντα
2962 4803 3053 4857 καὶ
3102 4803 3209 4855 τῶν
3262 4803 3355 4856 νῦν
3401 4796 3647 4868 ποιμένων
3690 4802 3740 4838 τε

2211 4898 2305 4952 καὶ
2343 4898 2673 4950 διδασκάλων
2724 4896 2871 4957 ἐστὶ,
2892 4895 3240 4966 πέμπεσθαι,
3269 4893 3577 4965 λαμϐάνειν.
3602 4886 3741 4947 ἀνᾶγ’

2211 4989 2438 5059 γέλλειν,
2469 4989 2759 5051 διδάσκειν,
2802 4986 3147 5040 ὑποτίθεσθαι
3186 4985 3284 5057 τήν
3314 4983 3554 5055 ἀλήθειαν
3581 4993 3593 5006 ⁸
3619 4974 3738 5038 ἅπερ

2212 5078 2490 5151 Χαρίζεται
2538 5076 2617 5148 τῷ
2650 5076 2924 5147 Πνεύματι
2974 5075 3051 5147 τῷ
3091 5075 3228 5147 ἁγίῳ
3281 5074 3547 5141 Εὑνόμιος.
3584 5060 3736 5118 Εἰπὼν

2209 5169 2266 5221 δὲ
2320 5170 2423 5240 πρὸ
2468 5168 2705 5229 τούτων,
2767 5170 2851 5221 ὅτι
2908 5169 3020 5223 Καὶ
3076 5164 3165 5235 εἷς
3210 5168 3340 5223 ἐστι
3398 5163 3489 5217 καὶ
3539 5154 3733 5225 πρῶτος

2212 5260 2305 5313 καὶ
2323 5262 2529 5329 μόνος,
2570 5260 2667 5313 καὶ
2719 5258 2962 5313 πάντων
3004 5260 3318 5328 προῦχωνο
3370 5259 3416 5309 εἰ
3449 5254 3544 5314 ἕως
3574 5245 3733 5299 τούτου

2210 5353 2300 5406 τὸν
2326 5352 2477 5419 λόγον
2508 5352 2756 5422 ἔστησεν,
2793 5353 3091 5423 συνήγορος
3140 5352 3207 5406 ἂν
3234 5351 3339 5405 τῶν
3376 5350 3469 5418 τῆς
3516 5334 3732 5423 ἀληθείας

2211 5444 2381 5513 ἐφάνη
2410 5421 2711 5513 δογμάτὼν.
2752 5438 2846 5506 Εἷς
2874 5421 3088 5515 γᾶρὴὼς
3115 5443 3329 5514 ἀληθῶς
3368 5442 3505 5492 ἐστιν
3524 5435 3549 5485 6
3571 5421 3733 5520 ἀχωρί-

2212 5552 2350 5599 στως
2399 5536 2456 5586 ἑν
2503 5534 2581 5605 τῷ
2622 5534 2703 5586 ἐν).
2732 5532 3101 5604 θεωρούμενος
3124 5574 3139 5599 ,
3180 5534 3273 5588 καὶ
3299 5530 3499 5603 πρῶτος
3537 5525 3563 5574 ὁ
3593 5523 3642 5571 ἐν
3668 5526 3730 5577 τῳ

2211 5626 2430 5698 πρώτῳ,
2460 5628 2553 5679 καὶ
2587 5626 2746 5697 μόνος
2775 5628 2804 5680 6
2832 5628 2889 5678 ὲν
2914 5625 2992 5696 τῷ
3026 5627 3189 5699 μόνῳ.
3209 5627 3295 5689 Ὠς
3323 5623 3426 5693 γὰρ
3468 5617 3521 5670 τὸ
3548 5605 3725 5699 πνεῦμα

2210 5717 2301 5773 τοῦ
2329 5716 2615 5788 ἀνθρώπου
2637 5718 2697 5771 τὸ
2754 5719 2812 5770 ἐν
2840 5716 3113 5788 obequitat
3151 5719 3309 5781 αὐτὸς
3336 5717 3363 5768 ὀ
3387 5688 3723 5788 ἄνυρωπος-,εξ

2210 5812 2358 5867 ἔστιν
2395 5778 2710 5883 ἄνθρωπος,
2738 5810 2909 5875 οὕτως
2937 5778 3030 5865 καὶ
3061 5810 3121 5863 τὸ
3165 5778 3383 5880 Πνεῦμα
3421 5798 3504 5856 τοῦ
3536 5786 3650 5848 Θεοῦ
3675 5778 3724 5835 νδ
