3922 6454
160 375 246 431 555
1239 383 1513 440 comm
1557 386 1940 454 EUNOMIUM,
1987 391 2111 446 LIB.
2158 393 2219 446 ιι.
3149 471 3170 484 τ
3265 408 3368 465 566

160 498 206 549 tv
229 493 375 565 αύτῷ,
390 494 481 550 καὶ
509 496 664 559 abrb;
701 497 731 550 ὀ
756 493 1000 567 Θεὸς,εἷς
1042 501 1107 554 ἂν
1133 504 1334 573 κυρίως
1361 506 1684 578 ὀνομασθείη

1817 505 1957 564 ribus
1994 505 2128 562 Filii
2155 513 2426 578 operibus,
2490 514 2766 570 turbidam
2821 516 3185 575 inversionem
3240 538 3366 580 esse

158 585 297 673 Θεὸς,
329 586 418 639 καὶ
450 587 659 656 πρῶτος
694 588 786 641 καὶ
835 589 1014 657 μόνος,
1061 595 1390 667 χωρισθῆναι
1437 598 1545 651 ἀπὸ
1597 597 1692 651 τοῦ

1819 601 2022 670 mpium
2062 610 2118 658 et
2172 602 2556 673 blasphemum
2605 622 2765 661 suum
2799 623 3109 666 sermonem
3145 613 3366 670 demon-

154 682 201 730 ἐν
226 669 264 745 ᾧ
288 680 426 730 ἐστιν
455 679 516 730 ού
548 679 858 750 δυνάμενος.
909 683 1021 736 Νῦν
1040 685 1095 738 δὲ
1123 687 1381 758 προσθεὶς
1413 689 1494 752 τὺ,
1527 690 1688 744 Πάν-

1825 669 2010 757 travit,
2045 703 2234 747 contra
2285 669 2409 750 eum
2453 697 2546 766 qui
2593 696 2684 750 ubi
2710 699 2816 752 vult
2853 702 3020 767 spirat
3053 701 3121 767 “,
3170 713 3223 758 et
3270 707 3367 777 qui

142 786 247 826 ,των
258 768 528 837 προῦχων
548 770 664 824 τῶν
694 771 798 826 τοῦ
821 773 958 828 Υὶοῦ
980 778 1322 846 ποιημάτων
1341 794 1354 809 ’
1377 781 1690 854 ἀνατροπὴν

1810 783 1967 834 nnnia
1997 784 2050 837 in
2086 784 2325 839 omnibus
2355 797 2602 856 aperatur
2632 789 2700 853 ⁸⁸,
2732 805 2854 843 cum
2887 791 2934 844 ei
2961 807 3054 860 per
3084 808 3359 866 compara-

154 858 341 929 θολερὼ
369 859 459 912 τὸν
513 859 828 931 βλάσφημον
877 864 1072 918 ἑαυτοῦ
1103 866 1256 934 λόγον
1299 868 1572 937 ἀπέδειξε,
1607 872 1686 944 τῷ

1802 873 1994 926 Lionem
2030 889 2156 927 cum
2183 877 2410 946 reliquis
2437 879 2709 933 creaturis
2739 879 3200 940 honorabiliorem
3241 901 3351 957 gra-

152 945 278 996 ὅπου
291 944 443 1000 θέλει
464 946 707 1004 πνέοντι
721 952 816 1004 καὶ
831 951 1026 1006 πάντα
1038 954 1110 1008 ἐν
1121 957 1312 1012 πᾶσιν
1327 960 1690 1032 ἐνερτοῦντι,

972 954 1312 1012 ταένπᾶσιν
1327 960 1690 1032 ἐνερτοῦντι,
1789 963 1918 1018 dum
1948 964 2063 1020 sive
2095 965 2273 1021 locum
2301 944 2521 1023 tribuit.

151 1040 200 1106 τῇ
232 1037 353 1110 πρὸς
386 1039 455 1092 τὰ
509 1041 668 1096 λοιπά
701 1045 810 1098 τῶν
841 1048 1162 1118 ποιημάτων
1213 1055 1496 1124 συγκρίσει
1545 1074 1687 1128 παρ-

151 1129 310 1198 έχοντα
330 1132 742 1203 προτιμότερον.

204 1224 406 1295 ’ίδωμεν
431 1225 488 1276 δὲ
522 1226 615 1280 καὶ
643 1227 744 1281 ὅσα
769 1228 974 1295 τούτοις
997 1233 1332 1304 προσέθηκεν
1353 1253 1365 1266 ·
1392 1236 1686 1306 Ἀτιάζων,

1863 1221 2154 1278 Videamus
2199 1233 2379 1280 autem
2420 1242 2544 1296 quae
2569 1229 2732 1282 etiam
2764 1229 2850 1283 his
2886 1229 3119 1299 adjecit:
3147 1231 3353 1288 Sancti-

146 1318 298 1384 φησιν,
328 1317 469 1382 τοὺς
496 1317 724 1386 ἁγίους.
758 1320 925 1375 Τοῦτο
971 1324 1063 1376 ἐπὶ
1103 1323 1196 1376 τοῦ
1244 1327 1456 1397 Πατρός
1487 1344 1547 1380 τε
1593 1328 1688 1382 καὶ

1806 1313 1975 1378 icans,
2009 1314 2207 1385 inquit,
2231 1326 2442 1372 sanctos
2464 1359 2483 1385 ,
2525 1319 2627 1372 hoc
2664 1320 2731 1376 de
2761 1319 2920 1376 Patre
2947 1333 3001 1377 et
3026 1321 3166 1379 Filio
3194 1327 3355 1382 simul

142 1409 214 1462 τοῦ
240 1409 358 1462 Υίοῦ
400 1427 484 1473 τις
531 1409 724 1479 λέγων,
769 1413 983 1484 ἀληθῶς
1037 1417 1168 1486 ἐρεῖ.
1208 1418 1292 1471 Ἐν
1342 1414 1423 1484 οἷς
1469 1420 1577 1491 γὰρ
1619 1421 1686 1475 ἂν

1804 1406 1911 1476 luis
1941 1405 2132 1463 dicens
2165 1423 2289 1464 vere
2321 1410 2650 1466 enuntiabit.
2691 1415 2750 1468 In
2781 1415 2982 1484 quibus
3010 1418 3156 1472 enim
3194 1419 3353 1476 fuerit

141 1506 377 1573 γένηταιό
410 1506 586 1572 ἅγιος,
615 1508 804 1575 ἁγίους
829 1513 989 1576 ποιεῖ,
1025 1511 1102 1575 ὡς
1128 1515 1219 1567 καὶ⁴
1253 1515 1281 1566 ὁ
1307 1516 1510 1584 ἀγαθὸς
1550 1519 1686 1587 ἀγα-

1804 1505 2035 1563 tanctus,
2086 1511 2310 1555 sanctos
2354 1501 2506 1566 facit,
2541 1504 2686 1558 sicut
2715 1506 2878 1560 etiam
2909 1508 3088 1564 bonus
3131 1524 3257 1564 cum
3284 1513 3353 1567 sit

141 1595 239 1658 θὼς
269 1596 860 1667 ἁπεργάζεται.⁶”Αγιος
903 1601 960 1653 δὲ
1011 1603 1101 1654 καὶ
1151 1603 1353 1672 ἀγαθὸς
1400 1608 1428 1659 ὁ
1491 1604 1682 1677 Πατὴρ

1803 1605 1961 1644 tonos
1991 1590 2173 1645 ellicit.
2213 1589 2474 1660 Sanctus,
2521 1597 2718 1664 bonus,
2753 1598 2933 1665 Pater,
2974 1610 3029 1658 et
3053 1602 3248 1670 Filius,
3303 1616 3352 1660 et

141 1684 212 1734 καί
234 1686 259 1734 ὁ
293 1683 411 1746 Tib;
439 1685 534 1737 καὶ
560 1685 622 1737 τὸ
651 1687 872 1757 Πνεῦμα
894 1688 956 1740 τὸ
983 1688 1156 1757 ἅγιον,
1193 1691 1374 1756 καθὼς
1409 1695 1683 1748 ἀποδέδει-

1802 1681 2022 1750 Spiritus
2047 1691 2293 1750 sanctus,
2327 1685 2469 1740 sicut
2492 1687 2925 1747 demonstratum
2974 1702 3077 1753 est.
3104 1694 3351 1759 lnitians,

141 1789 252 1825 κται.
280 1775 699 1845 diurna-7107151-
718 1815 734 1836 ,
785 1779 951 1849 φησὶ,
991 1781 1134 1847 τοὺς
1188 1786 1550 1852 προσιόντας
1602 1788 1681 1854 τῷ

1806 1773 1980 1842 nquit,
2008 1790 2097 1828 eos
2113 1777 2205 1844 qui
2224 1777 2478 1831 accedunt
2498 1781 2566 1832 ad
2592 1784 2928 1850 mysterium;
2975 1787 3076 1840 hoc
3098 1787 3354 1855 praeclare

139 1864 418 1932 μυστηρίῳ.
455 1866 631 1920 Τοῦτο
674 1844 855 1933 καλῶς
893 1870 1005 1940 ἔχει
1046 1844 1243 1940 λέγειν⁷
1269 1876 1396 1946 περὶ
1440 1844 1680 1930 Ἀπολλιί)

1803 1871 1959 1918 totest
1994 1866 2182 1922 dicere
2223 1867 2291 1922 de
2331 1870 2526 1938 Apollo
2579 1844 2972 1943 plantationem
3022 1844 3172 1930 Pauli
3227 1877 3352 1931 irri-

137 1955 207 2007 τοῦ
251 1956 343 2026 τὴν
387 1959 620 2027 φυτείαν
664 1960 875 2014 Παύλου
921 1962 1249 2028 ποτίζοντος.
1303 1968 1524 2021 Φυτεύει
1585 1970 1682 2038 μὲν

1800 1963 1942 2023 gaute
1965 1957 2032 2010 ⁸⁸.
2073 1956 2286 2013 Planlat
2323 1961 2468 2016 enim
2501 1965 2799 2033 Apostolus
2842 1983 2938 2037 per
2979 1968 3349 2038 magisterium

138 2047 218 2118 γὰρ
253 2047 332 2100 διά
378 2047 476 2118 τῆς
514 2049 875 2122 καθηγήσεως
920 2054 950 2106 ὁ
1002 2053 1338 2120 Ἀπόστολος,
1381 2057 1587 2121 ποτίζει
1623 2059 1680 2112 δὲ

1796 2047 1896 2101 sive
1928 2048 2368 2118 institutionem;
2402 2053 2546 2124 rigat
2572 2064 2752 2112 autem
2778 2057 2972 2128 Apollo
3002 2059 3345 2130 baptizando,

139 2140 370 2206 βαπτίζων
395 2142 424 2194 ὁ
461 2143 759 2207 Ἀπολλὼς,
804 2145 892 2198 διὰ
935 2148 1034 2218 τῆς
1086 2150 1353 2221 μυστικῆς
1391 2152 1683 2223 ἀναγεννή-

1800 2153 1878 2192 ter
1921 2142 2210 2211 mysticam
2251 2144 2366 2199 sive
2409 2145 2670 2202 initialem
2713 2152 3202 2220 regenerationem,
3255 2168 3349 2208 eos

139 2246 244 2295 σεως
280 2233 570 2303 προσάγων
613 2236 736 2298 τοὺς
789 2236 938 2308 παρά
987 2239 1196 2294 Παύλου
1247 2243 1681 2314 κατηχουμένους

1795 2231 1872 2301 lui
1897 2247 1926 2285 a
1950 2231 2121 2288 Paulo
2151 2235 2580 2293 instituebantur
2604 2240 2884 2298 adducens
2906 2243 2971 2298 ad
3004 2246 3344 2315 mysterium.

135 2322 194 2390 τῷ
241 2326 533 2395 μυστηρίῳ.
588 2327 800 2381 Οὐκοῦν
856 2332 937 2393 είς
997 2331 1060 2383 τὸ
1116 2334 1374 2403 ὁμότιμον
1434 2333 1555 2400 ἄγει
1602 2334 1681 2404 τῷ

1800 2321 1937 2376 tunc
1991 2324 2158 2390 igitur
2198 2325 2404 2380 honore
2442 2342 2624 2397 parem
2679 2327 2810 2384 facit
2857 2348 2979 2386 cum
3014 2333 3227 2403 Apollo,
3263 2344 3349 2388 ut-

147 2416 340 2470 Ἀπολλὼ
370 2419 430 2471 τὸ
470 2419 567 2472 διὰ
602 2420 693 2473 τοῦ
723 2422 1098 2493 βαπτίσματος
1141 2426 1379 2478 τελειοῦν
1425 2428 1549 2489 τοὺς
1584 2428 1678 2479 ἀν-

1800 2421 1904 2468 mte
1922 2414 2012 2482 qui
2035 2430 2132 2484 per
2152 2415 2483 2488 baptismum
2502 2420 2751 2477 homines
2773 2423 2968 2476 initiet.
2995 2423 3349 2489 Distribuens,

139 2507 361 2577 θρὼπους.
390 2511 719 2580 Διανέμων,
744 2515 930 2585 φησιν,
969 2516 1176 2571 πᾶσαν
1204 2517 1448 2587 δωρεάν.
1493 2518 1678 2590 Τούτῳ

1801 2505 1971 2575 nquit,
2002 2509 2146 2560 omni
2176 2526 2326 2562 omne
2353 2511 2571 2565 donum.
2605 2511 2743 2568 Huic
2767 2516 2928 2570 etiam
2952 2531 3054 2570 nos
3085 2517 3350 2587 astipula-

137 2601 207 2652 καὶ
229 2603 372 2672 ἡμεῖς
396 2603 779 2675 συντιθέμεθα.
807 2608 920 2660 Πᾶν
947 2607 1076 2680 γὰρ,
1103 2610 1132 2662 ὅ
1154 2609 1205 2662 τί
1233 2609 1338 2681 περ
1359 2613 1503 2664 ἐστιν
1535 2613 1674 2678 ἀγα-

1798 2611 1898 2649 nur
1938 2613 1950 2646 :
1991 2597 2358 2666 quodcunque
2378 2601 2523 2654 enim
2551 2602 2753 2657 bonum
2779 2613 2884 2669 est,
2910 2606 3151 2675 Spiritus
3173 2609 3347 2663 sancti

138 2691 220 2754 θῆν,
243 2693 337 2747 τῶν
376 2694 469 2748 τοῦ
523 2697 683 2765 ἁγίου
729 2697 1044 2769 Πνεύματος
1085 2700 1300 2772 δωρεῶν
1345 2702 1498 2772 μερίς
1535 2704 1669 2757 ἐστι.

1800 2687 2043 2742 lonorum
2079 2705 2208 2758 pars
2240 2699 2344 2746 est.
2378 2690 2702 2762 Cooperans,
2758 2695 2958 2766 inquit,
3001 2697 3244 2766 ﬁdelibus
3279 2699 3349 2752 ad

139 2787 417 2855 Συνερτιῖιν,
449 2792 613 2860 φησι,
649 2789 771 2856 τοῖς
794 2793 1029 2859 πιστοῖς
1065 2796 1151 2860 εἰς
1181 2795 1546 2860 κατανόησιν
1574 2797 1673 2850 καὶ

1796 2781 2120 2850 rogn-itionem
2148 2792 2198 2836 et
2219 2784 2628 2852 speculationem
2645 2785 2940 2853 jussorum.
2975 2791 3016 2841 Λ
3034 2804 3142 2858 quo
3166 2799 3345 2846 autem

137 2880 336 2945 θεωρίαν
359 2879 480 2934 τῶν
505 2881 997 2953 διατεταγμένων.
1020 2885 1140 2938 Τῶν
1157 2886 1212 2939 δὲ
1229 2886 1377 2956 παρά
1403 2887 1545 2950 τίνος
1563 2887 1675 2942 δια-

1797 2885 2074 2937 ussorum,
2123 2873 2253 2940 quia
2289 2887 2397 2926 non
2425 2873 2643 2941 adjecit,
2689 2875 3006 2945 ambiguum
3039 2891 3346 2932 sermonem

136 2971 432 3041 τεταγμένων
457 2973 540 3045 μὴ
572 2973 846 3044 προσθεὶς,
877 2976 1174 3046 ἀμφίϐολον
1201 2975 1292 3030 τὸν
1314 2977 1470 3046 λόγον
1488 2981 1673 3052 ὲποίη·

1795 2960 2014 3030 'eliquit,
2063 2963 2176 3018 sive
2210 2971 2357 3018 recte
2391 2965 2508 3019 sive
2546 2966 2712 3020 etiam
2747 2966 2906 3020 aliter
2937 2981 3023 3022 res
3075 2982 3134 3022 se
3163 2967 3344 3024 habet.

138 3077 222 3124 σεν.
247 3066 343 3118 είτε
364 3065 566 3138 ὀρθῶς,
596 3067 704 3121 εἴτε
730 3068 822 3125 καὶ
852 3069 929 3132 ὡς
957 3070 1158 3140 ἑτέρως
1185 3069 1317 3140 ἔχει.
1357 3071 1495 3125 Ἀλλ’
1516 3051 1675 3143 ἡμεῖς

1872 3052 1877 3105 l
1909 3058 2020 3108 nos'
2037 3053 2226 3123 pietati
2258 3053 2407 3124 quod
2437 3054 2645 3109 dictum
2674 3063 2759 3110 est
2784 3057 3166 3112 adhibebimus
3191 3058 3343 3114 brevi
3417 3101 3421 3108 .

136 3155 183 3224 τῇ
203 3156 423 3229 εῠσεῦείᾳ
447 3157 512 3211 τὸ
538 3159 662 3229 είρη
672 3159 829 3229 μένον
853 3160 1188 3232 προσέξομεν
1212 3162 1279 3215 δι’
1305 3161 1490 3233 ὀλίγης
1516 3181 1674 3234 προσ-

1800 3143 2100 3212 uljectione.
2156 3146 2438 3216 Siquidem
2487 3146 2601 3202 sive
2657 3163 2837 3202 sermo
2877 3149 3178 3218 sapientiae,
3232 3151 3349 3205 sive

139 3243 285 3314 θήκης.
327 3249 544 3319 Ἐπειδὴ
588 3249 697 3320 γὰρ
749 3250 858 3303 εῐτε
902 3251 1056 3318 λόγος
1105 3253 1312 3321 σοφίας,
1362 3254 1470 3306 είτε
1519 3254 1674 3323 λόγος

1912 3251 1959 3289 l0
1979 3237 2337 3307 cognitionis,
2371 3239 2486 3294 sive
2518 3239 2673 3302 ﬁdes,
2703 3239 2816 3296 sive
2849 3241 3210 3311 recuperatio,
3235 3244 3351 3300 sive
3459 3321 3461 3326 ι

137 3335 358 3404 γνώσεως,
386 3339 498 3392 είτε
563 3340 766 3404 πίστις,
817 3343 927 3394 είτε
979 3343 1280 3412 ἀντίληψις,
1323 3345 1432 3398 είτε
1478 3345 1675 3417 κυϐέρ-

1799 3330 2118 3395 gubernatio.
2167 3329 2287 3386 sive
2317 3330 2448 3401 quid
2480 3331 2629 3387 aliud
2674 3333 2817 3387 inter
2844 3347 2906 3387 ea
2937 3348 3058 3404 qua:
3105 3349 3205 3391 nos
3233 3349 3348 3390 ser-

137 3443 269 3494 νησις,
305 3430 408 3484 είτε
458 3449 516 3485 τι
568 3431 753 3501 ἕτερον
799 3433 856 3483 ὲν
903 3435 1015 3496 τοῖς
1057 3432 1320 3496 σώζουσιν
1357 3437 1505 3506 ἡμᾶς
1540 3437 1667 3489 ἀνα-

1798 3431 1905 3476 νεηῑ
1958 3421 2222 3492 scriptum
2275 3430 2391 3488 est,
2431 3422 2542 3477 lucc
2595 3423 2774 3477 omnia
2817 3434 3065 3492 operatur
3105 3441 3240 3480 unus
3297 3437 3347 3481 et

137 3515 411 3588 γέγραπται,
452 3521 646 3576 ταῦτα
673 3520 867 3575 πάντα
885 3523 1116 3592 ἐνεργεῖ
1130 3523 1195 3576 τὸ
1227 3523 1296 3577 ἓν
1315 3525 1413 3581 καὶ
1441 3526 1508 3579 τὸ
1527 3527 1672 3580 αὐτὸ

1798 3513 1916 3567 dem
1950 3511 2205 3582 Spiritus,
2234 3512 2472 3568 dividens
2491 3514 2710 3583 propria
2743 3515 2929 3584 cuique
2947 3526 3104 3584 prout
3127 3517 3237 3571 vult
3260 3519 3302 3550 "
3327 3531 3345 3570 :

137 3609 348 3679 Πνεῦμα,
390 3612 668 3682 διαιροῦν
713 3613 834 3681 ιδίᾳ
868 3613 1102 3682 ἑκάστῳ
1135 3617 1328 3682 καθὼς
1361 3618 1669 3682 βούλεται·

1795 3604 1932 3674 Iujus
1963 3618 2128 3658 causa
2159 3619 2268 3658 non
2318 3603 2675 3674 repudiamus
2706 3603 2960 3658 Eunomii
3010 3621 3344 3673 sermonem,

135 3704 282 3758 τούτου
317 3705 498 3759 ἕνεκεν
536 3705 638 3759 οὐκ
661 3705 1035 3776 ἀποδάλλομεν
1059 3707 1152 3760 τοῦ
1181 3708 1442 3779 Εὐνομίου
1469 3709 1559 3763 τὸν
1587 3714 1672 3764 λό-

1797 3709 1896 3748 :um
1927 3693 2066 3750 dixit
2093 3693 2353 3762 Spiritum
2383 3698 2664 3766 cooperari
2702 3697 2953 3754 ﬁdelibus
2985 3699 3053 3754 ad
3082 3700 3346 3770 cognitio-

138 3807 223 3856 γον,
253 3797 478 3860 εἰπόντος
506 3800 792 3867 συνεργεῖν
817 3798 878 3850 τὸ
909 3797 1129 3868 Πνεῦμα
1166 3803 1278 3862 τοῖς
1307 3803 1515 3864 πιστοῖς
1539 3801 1674 3873 πρὸς

1796 3803 1897 3840 tem
1933 3794 1990 3841 et
2031 3787 2543 3856 contemplationem
2578 3804 2768 3842 eorum
2803 3805 2924 3859 quae
2960 3791 3028 3845 ab
3076 3791 3194 3860 ipso
3220 3790 3345 3862 Spi-

140 3888 408 3956 κατανόησιν
438 3891 540 3942 καὶ
575 3889 806 3961 θεωρίαν
837 3891 946 3942 τῶν
980 3894 1108 3962 παρ’
1128 3891 1292 3944 αὐτοῦ
1325 3893 1672 3964 διατεταγμέο

1796 3880 1881 3933 ’ἰιυ
1928 3879 2083 3947 iussa
2115 3887 2243 3933 sunt
2274 3886 2328 3932 et
2358 3879 2642 3942 ordinata;
2697 3881 2826 3950 quia
2854 3883 3034 3935 omnia
3079 3883 3219 3937 bona
3249 3881 3345 3936 de-

139 3990 215 4026 νων
242 3977 321 4030 τοῦ
369 3980 706 4050 Πνεύματος,
752 3979 838 4034 διὰ
874 3979 936 4034 τὸ
982 3982 1156 4035 πάντα
1201 3984 1332 4052 ἡμῖν
1377 3983 1443 4037 τὰ
1491 3985 1668 4052 ἀγαθά

1793 3979 1920 4026 :reta
1951 3970 2109 4024 nobis
2155 3969 2224 4024 ab
2277 3971 2396 4039 ipso
2425 3969 2682 4024 mandata
2725 3979 2853 4025 sunt
2881 3981 2935 4025 et
2975 3971 3170 4027 edicta.
3207 3970 3342 4026 Suc-

140 4065 386 4137 διόἆγματα
407 4071 545 4143 παρ’
576 4071 739 4124 αὐτοῦ
761 4071 1126 4141 διατετάχθαι.
1159 4073 1222 4126 ’Υ
1220 4072 1450 4141 πηχῶν,
1487 4076 1668 4145 φησιν,

1794 4063 1972 4123 :inens,
2010 4062 2204 4130 inquit,
2260 4061 2715 4129 supplicantibus:
2749 4063 2914 4134 hujus
2947 4063 3076 4118 dicti
3110 4075 3343 4119 mentem

139 4158 447 4229 εὐχομένοις.
497 4163 704 4215 Τούτου
746 4162 837 4216 τοῦ
870 4164 1032 4234 ῥητοῦ
1065 4164 1162 4235 τὴν
1191 4165 1448 4225 διάνοιαν.
1487 4167 1669 4236 μωρὸν

1797 4154 2002 4209 ,tultum
2039 4154 2206 4210 fuerit
2229 4155 2395 4216 ,serio
2432 4157 2780 4225 redarguere,
2831 4172 2954 4210 cum
2984 4173 3050 4211 ex
3081 4157 3200 4226 ipso
3228 4171 3346 4210 om-

139 4245 186 4298 ἄν
223 4250 292 4321 εἴη
344 4252 481 4306 κατά
545 4253 780 4324 σπουδὴν
832 4254 1173 4325 ἀπελέγχειν,
1230 4255 1456 4309 αὐτόθεν
1508 4257 1672 4310 πᾶσιν

1796 4249 1935 4303 tihus
1953 4247 2242 4302 ridiculum
2268 4249 2472 4318 pariter
2494 4256 2549 4300 et
2573 4248 2824 4302 insanum
2847 4248 2948 4301 hac
2967 4248 3082 4318 ipsa
3107 4247 3345 4304 dictione

140 4337 291 4411 ἐπίσης
312 4343 400 4397 τοῦ
436 4344 652 4413 γελοίου
684 4363 742 4397 τε
771 4346 865 4399 καὶ
906 4347 1132 4417 ἀνοήτου
1174 4345 1274 4416 τῆς
1320 4345 1516 4411 λέξεως
1545 4347 1673 4400 ταύ-

1798 4338 1909 4393 .atis
1957 4347 2229 4409 appareat.
2263 4337 2399 4404 Quis
2451 4339 2596 4393 enim
2637 4339 2712 4392 ita
2763 4339 2965 4394 mentis
3012 4354 3254 4410 prteceps
3294 4348 3347 4394 et

140 4443 211 4496 της
236 4436 671 4508 προφαινομένου.
698 4437 794 4502 Τίς
819 4437 926 4509 γάρ
949 4437 1090 4492 οὓτω
1112 4439 1425 4511 παράφορος
1456 4440 1549 4492 καὶ
1575 4440 1672 4512 τῆς

1794 4439 1987 4490 recors,
2035 4445 2085 4493 et
2125 4433 2194 4490 ab
2229 4429 2578 4506 intelligentia
2605 4429 2870 4502 dimotus,
2902 4445 2962 4491 ut
2988 4445 3264 4506 exspectet
3314 4441 3343 4482 ³

139 4517 323 4588 διανοίας
348 4526 676 4599 ἐξεστηκὼς,
704 4529 777 4593 ὡς
811 4531 1094 4600 ἀναμεῖναι
1123 4530 1423 4601 παρ’ὴμῶν
1453 4531 1666 4601 μαθεῖν,

1798 4516 1934 4572 nobis
1963 4517 2170 4580 doceri,
2208 4516 2354 4586 quod
2387 4517 2623 4588 Spiritus
2653 4527 2879 4576 sanctus
2903 4533 3011 4573 non
3041 4529 3124 4574 est
3159 4518 3347 4574 tintin-

140 4611 198 4662 ὅτι
225 4616 308 4668 οὐκ
342 4617 450 4672 ἐστι
481 4618 670 4672 κώδων
697 4619 730 4690 ἢ
761 4619 914 4684 πίθος
944 4621 1187 4683 διάκενος
1230 4619 1291 4673 τὸ
1336 4619 1560 4691 Πνεῦμα
1605 4621 1667 4675 τὸ

1796 4609 2035 4664 tabulum
2083 4617 2178 4663 aut
2218 4609 2422 4664 dolium
2461 4611 2644 4676 inane,
2677 4611 2771 4681 qui
2811 4611 2963 4666 velut
3004 4611 3136 4665 ictui
3184 4612 3345 4666 alicui

142 4701 286 4774 ἅγιον,
315 4705 421 4765 οἷόν
445 4729 557 4766 τινι
594 4712 772 4784 πληγῇ
823 4715 888 4785 τῇ
923 4716 1071 4784 φωνῇ
1112 4712 1205 4768 τοῦ
1243 4712 1532 4783 εὐχομένου
1566 4713 1668 4765 ὑπ-

1796 4701 2132 4770 .upplicantis
2190 4700 2305 4755 voci
2371 4702 2636 4756 subsonet
2687 4710 2741 4758 et
2789 4703 3038 4758 succiuat
3086 4703 3345 4772 agitatus?

143 4797 250 4862 ηχὼν
274 4802 355 4852 καὶ
375 4801 527 4856 δονού
536 4820 693 4874 μενος
715 4821 728 4867 ;
765 4802 1038 4874 Ὀδηγῶν,
1063 4803 1214 4872 φησὶ,
1247 4804 1396 4872 πρὸς
1421 4803 1486 4857 τὸ
1512 4818 1665 4872 συμ-

1796 4793 2046 4847 ’)educens
2085 4793 2140 4846 in
2168 4794 2327 4859 viam,
2364 4793 2561 4862 inquit,
2604 4796 2698 4850 sed
2733 4794 2802 4847 ad
2830 4794 2886 4847 id
2913 4791 3051 4864 quod
3077 4794 3345 4848 conducit:

143 4888 297 4955 φέρον.
326 4895 490 4949 Τοῦτο
531 4897 624 4949 καὶ
655 4897 684 4948 ὁ
709 4895 898 4968 Πατὴρ
929 4898 1022 4950 καὶ
1063 4898 1091 4950 ὀ
1115 4895 1240 4962 Υίδς
1275 4895 1476 4967 ὁμοίως
1503 4897 1664 4949 ποιεῖ.

1796 4899 1878 4937 ιοιι
1907 4884 2071 4938 etiam
2116 4881 2276 4938 Pater
2315 4893 2369 4938 et
2404 4883 2577 4940 Filius
2610 4886 2866 4939 similiter
2916 4885 3074 4951 facit;
3125 4883 3345 4940 deducit

151 4975 322 5050 ὐδηγεῖ
355 4985 458 5055 γὰρ
485 4985 619 5038 ὡσεὶ
647 4985 916 5056 πρόϐατον
947 4985 1038 5039 τὸν
1079 4985 1296 5056 Ἰωσὴφ,
1333 4986 1427 5038 καὶ
1455 4984 1668 5056 ὡδήγη-

1795 4977 1919 5032 enim
1952 4977 2096 5031 velut
2125 4991 2279 5031 ovem
2309 4977 2532 5046 Joseph,
2558 4989 2610 5032 et
2638 4977 2864 5033 deduxit
2896 4977 3044 5032 velut
3063 4992 3214 5031 ovem
3243 4990 3344 5046 po-

145 5084 211 5120 σεν
229 5073 292 5137 ὼς
324 5078 562 5146 πρόϐατα
607 5078 695 5131 τὸν
735 5077 859 5131 λαὸν
888 5077 1074 5132 αὑτοῦ.
1121 5079 1231 5132 Καὶ
1259 5078 1318 5130 τὸ
1351 5077 1573 5148 Πνεῦμα
1609 5077 1669 5130 τὸ

1793 5071 1960 5125 mlum
2009 5085 2170 5123 suum
2192 5070 2260 5132 ⁸⁸,
2317 5080 2371 5124 et
2410 5069 2654 5140 Spiritus
2700 5077 2927 5125 sanctus
2962 5085 3063 5124 nos
3108 5069 3162 5123 in
3197 5069 3342 5122 viam

145 5159 300 5228 ἀγαθὸν
326 5169 506 5239 ὁδηγεῖ
525 5171 672 5242 ἡμᾶς
717 5172 775 5222 ὲν
797 5173 866 5240 γῇ
897 5170 1100 5242 εὐθείᾳ.
1142 5170 1481 5239 Κρατύνων,
1512 5171 1665 5240 φησι,

1794 5169 1976 5214 'ectam
2017 5161 2257 5216 deducit.
2303 5160 2666 5230 Conﬁrmans,
2715 5161 2910 5229 inquit,
2966 5161 3034 5214 ad
3066 5161 3343 5244 pietatem:

145 5253 257 5319 πρὸς
281 5259 600 5314 εὐσέϐειαν.
636 5260 770 5314 Θεοῦ
801 5262 958 5332 ἔργον
989 5263 1018 5316 b
1056 5261 1219 5316 Δαὸὶδ
1246 5262 1393 5330 λέγει
1422 5260 1558 5314 εἶναι
1609 5260 1669 5314 τὸ

1798 5254 1866 5308 ὶεί
1900 5268 2038 5321 opus
2065 5251 2229 5306 Datid
2263 5266 2387 5307 esse
2409 5252 2560 5316 dicit,
2602 5253 2875 5306 hominem
2909 5253 2962 5306 in
2999 5252 3197 5322 pietate
3217 5267 3347 5303 con-

114 5343 188 5426 ἰἂν
213 5347 432 5425 εὐσεϐείᾳ
473 5354 761 5425 κρατύνειν
805 5355 896 5408 τὸν
946 5353 1251 5426 ἄνθρωπον.
1301 5355 1663 5424 Κραταιωσις

1798 5346 2010 5398 irmare.
2041 5345 2319 5412 Quoniam
2353 5345 2739 5414 ﬁrmamentum
2784 5360 2953 5397 nteant
2996 5353 3046 5397 et
3086 5343 3347 5412 refugium

114 5409 226 5518 ἶγάρ
246 5459 352 5509 μου
375 5409 470 5499 καὶ
495 5409 807 5514 λαταφυτὴ
843 5463 963 5514 μου
989 5409 1172 5508 εἷισὺ,
1203 5409 1366 5516 φησιν
1389 5447 1417 5498 ὁ
1449 5409 1663 5518 Προφή.

1827 5455 1939 5493 eum
1971 5454 2024 5491 es
2058 5409 2145 5503 iu,
2177 5409 2363 5506 inquit
2393 5436 2661 5506 Propheta
2697 5440 2762 5502 ”,
2795 5448 2842 5491 et
2873 5409 3348 5504 Dominus—ﬁrma—

115 5525 248 5625 )tnc'
273 5535 357 5585 καὶ
385 5535 596 5603 Κύριος
628 5536 965 5604 separa/antu
997 5536 1103 5591 τοῦ
1131 5535 1285 5590 λαοῦ
1326 5536 1543 5590 αὐτοῦ’
1572 5537 1664 5590 καί

1800 5540 2002 5584 uentum
2042 5529 2220 5596 populi
2275 5529 2390 5592 sui,
2431 5538 2481 5581 et
2524 5528 2632 5597 ipse
2671 5528 2820 5582 dabit
2862 5530 3107 5583 uirtutem
3146 5536 3193 5580 et
3249 5528 3349 5595 ﬁr-

140 5611 1665 5696 uetdcaégawwqurxa)mamma-na~n§,1aq,aiumﬁ.
1773 5622 2056 5683 mulionem
2105 5617 2297 5687 populo
2340 5636 2439 5674 suo
2479 5618 2544 5671 '°.
2589 5617 2713 5674 llaec
2755 5620 2938 5690 igitur.
2969 5618 3012 5673 si
3042 5617 3184 5672 dicta
3221 5623 3349 5671 sunt

149 5796 173 5812 _
200 5731 398 5812 “Joan.
429 5755 507 5798 In.
541 5741 591 5812 8.
669 5742 716 5773 "
753 5739 770 5794 Ι
805 5742 923 5797 Cor.
954 5758 1050 5805 xu,
1087 5741 1136 5796 6.
1214 5742 1256 5773 "
1292 5742 1310 5796 Ι
1347 5741 1470 5798 For.
1499 5757 1579 5807 ιιι,
1610 5743 1662 5797 6.

1795 5740 1800 5754 '
1835 5736 2004 5793 lCor.
2045 5751 2143 5801 xu,
2177 5735 2259 5788 ll.
2337 5735 2381 5766 "
2415 5733 2556 5790 Psal.
2592 5751 2774 5798 anx,
2814 5735 2868 5788 ‘2.
2963 5737 3005 5768 "
3036 5733 3179 5790 l’sal.
3218 5748 3344 5796 ιη.

150 5809 329 5866 mm.
363 5809 405 5860 ί.
490 5812 528 5842 ³ο
565 5811 703 5868 Psal.
752 5828 940 5878 xxvi-II,
983 5813 1061 5866 ll.
