3922 6508
219 382 314 441 569

1330 364 1611 425 CON'FRA
1652 360 2052 435 EUNOMWM,
2083 369 2213 426 LIB.
2254 373 2320 427 ll.

3350 369 3456 426 5.70

279 503 446 571 Μέχρι
479 497 584 568 μὲν
616 488 709 548 οῦν
737 492 950 556 τούτου,
977 490 1064 544 διὰ
1093 489 1194 559 τῆς
1219 487 1325 542 τῶν
1347 487 1558 558 ἐχθρῶν
1587 501 1783 557 μαρτυ-

1967 488 2254 545 Hactenus
2274 493 2494 560 quidem
2529 487 2872 544 inimicorum
2904 490 3236 554 testimonio,
3277 490 3454 560 Spiri-

219 599 323 664 952;
353 587 729 643 ἀποδείκνυται
774 583 836 636 τὸ
888 581 1170 654 μεγαλεῖον
1201 577 1295 631 τοῦ
1336 577 1682 647 Πνεύματοςο
1727 577 1787 628 ἐν

290 686 390 744 τοῖς
417 678 618 747 ἑφεξῆς
647 676 809 728 πάλιν
849 673 926 742 τῷ
969 669 1226 743 αἱρετικῷ
1257 669 1501 740 βορϐόρῳ
1529 668 1590 720 τὸ
1619 665 1789 719 καθα-

219 779 295 844 ρὸν
315 774 408 841 τῆς
440 770 724 830 εὐσεϐείας
751 764 1202 835 καταμολύνεται.
1223 763 1360 832 Φησὶ
1390 760 1499 829 γάρ
1534 760 1662 830 περὶ
1689 755 1788 809 τοῦ

218 864 521 933 Πνεύματος
549 901 564 924 ,
634 861 714 913 ὅτι
777 857 902 922 Τοῖς
961 853 1406 924 ἀγωνιζομένοις
1459 847 1780 918 ὑποφωνεῐ.

215 961 366 1014 Τοῦτο
394 959 451 1010 δὲ
488 957 594 1026 τῆς
634 954 867 1024 ἐσχάτης
916 950 1100 1012 ἀνοίας
1147 965 1208 1000 τε
1257 947 1349 999 καὶ
1391 945 1645 1005 ἀσεϐείας
1687 941 1786 1011 τὴν

213 1049 533 1122 κατηγορίαν
570 1048 704 1116 ἔχει.
745 1044 832 1097 Ἐν
861 1043 968 1114 γὰρ
993 1044 1104 1104 τοῖς
1137 1039 1390 1104 σταδίοις,
1421 1038 1470 1089 οἱ
1508 1036 1604 1106 μὲν
1635 1036 1786 1103 ἀγω-

211 1142 467 1196 νοθετοῦσι
532 1142 646 1200 τοῖς
691 1136 942 1207 μέλλουσι
986 1134 1082 1204 τὴν
1119 1130 1411 1202 ἀθλητικὴν
1458 1131 1608 1200 ἰσχὺν
1663 1132 1783 1182 ἐπι-

209 1231 503 1288 δείκνυσθαι
528 1247 543 1259 ’
577 1233 626 1283 οἱ
657 1230 711 1281 δὲ
736 1233 803 1298 τῇ
824 1227 1046 1296 δυνάμει
1077 1226 1168 1278 καὶ
1195 1227 1261 1295 τῇ
1285 1224 1446 1294 τέχνῃ
1477 1222 1584 1275 τῶν
1611 1221 1786 1276 ἄλλων

209 1327 541 1396 προέχοντες,
573 1323 712 1392 ὑπὲρ
738 1321 838 1390 τῆς
873 1322 1027 1388 νίκης
1056 1316 1296 1381 άθλοῦσι,
1332 1317 1466 1387 πρὸς
1503 1315 1628 1378 τοὺς
1665 1315 1784 1366 κατ’

209 1419 434 1489 ἀλλήλων
459 1415 686 1483 ἀγῶνας
716 1412 1089 1482 ἀποδυόμενοι·
1137 1410 1185 1462 οἱ
1227 1409 1283 1462 δὲ
1329 1407 1503 1460 λοιποὶ
1544 1408 1664 1468 ταῖς
1698 1406 1785 1457 εὐ-

209 1516 362 1572 νοίαις
406 1510 548 1580 πρὸς
597 1507 723 1569 τοὺς
771 1503 1077 1573 ἀγωνιστὰς
1132 1501 1494 1572 μεριζόμενοι,
1528 1501 1674 1562 ὅπως
1716 1499 1784 1555 ἂν

209 1604 388 1675 σχῶσιν
422 1603 660 1663 ἕκαστος
703 1597 830 1667 περί
862 1613 981 1649 τινα
1025 1594 1132 1647 τῶν
1170 1591 1416 1664 ἀθλητῶν
1448 1591 1682 1662 σπουδῆς
1723 1608 1783 1644 τε

209 1699 288 1749 καὶ
324 1692 645 1754 διαθέσεως,
689 1691 746 1742 ὲν
789 1687 865 1758 τῷ
904 1684 1081 1755 καιρῷ
1133 1683 1232 1753 τῆς
1286 1681 1601 1751 συμπλοκῆς
1648 1682 1782 1734 ὑπο-

207 1784 456 1852 φωνοῦσιν
481 1799 495 1811 ·
525 1782 561 1852 ἦ
603 1781 699 1833 καὶ
746 1779 807 1832 τό
850 1777 1083 1848 προϊδεῖν
1107 1773 1204 1846 τὴν
1240 1772 1461 1843 βλάϐην,
1494 1772 1528 1844 ἢ
1558 1772 1617 1824 τὸ
1651 1788 1784 1842 μνη-

211 1878 382 1945 σθῆναι
428 1872 837 1942 παλαίσματος,
871 1869 903 1938 ἢ
953 1868 1014 1920 τὸ
1052 1864 1280 1936 φυλάξαι
1323 1865 1411 1918 διὰ
1451 1863 1546 1934 τῆς
1588 1863 1783 1933 τέχνης

209 1965 382 2018 ἑαυτὸν
419 1961 836 2016 άκατάπτωτον.
870 1958 963 2020 Εἰς
990 1955 1106 2008 τίνα
1137 1954 1312 2006 τοίνυν
1349 1953 1500 2019 τάξιν
1523 1953 1583 2006 τὸ
1617 1952 1783 2007 Πνεῦ-

212 2077 276 2127 μα
302 2056 360 2108 τὸ
393 2055 555 2122 ἆγιον
602 2051 920 2119 καθίστησιν
966 2050 994 2100 ό
1024 2047 1325 2117 Εὐνόμιος,
1377 2046 1442 2098 ὲκ
1490 2045 1596 2097 τῶν
1640 2045 1784 2116 είρη-

213 2149 366 2216 μένων
405 2144 806 2213 κατανοήσατε·
851 2143 906 2194 ὲν
946 2139 1054 2208 γὰρ
1091 2141 1200 2201 τοῖς
1245 2136 1478 2200 σταδίοις
1503 2178 1517 2202 ,
1549 2136 1654 2190 τῶν
1686 2138 1783 2207 μὲν

211 2234 701 2305 ἁγωνοθετούντων,
723 2232 830 2284 τῶν
852 2231 907 2283 δὲ
933 2229 1228 2299 κρινόντων
1247 2229 1344 2299 τὴν
1367 2228 1592 2299 νόμιμον
1621 2228 1784 2298 ἄθλη-

212 2347 300 2391 σιν,
325 2328 429 2380 τῶν
467 2327 527 2378 δὲ
558 2321 996 2394 ἀγωνιζομένων,
1019 2320 1125 2375 τῶν
1154 2320 1209 2372 δὲ
1229 2323 1343 2382 τοῖς
1366 2318 1783 2388 ἀγωνιζομένοις

214 2416 654 2486 ὑποφωνούντων,
671 2415 863 2476 οἵτινες
888 2410 1268 2481 ὁμολογοῦνται
1289 2411 1421 2464 πολὺ
1444 2410 1549 2462 τῶν
1566 2410 1786 2463 ἀθλούν-

212 2527 303 2562 των
329 2505 470 2562 εἶναι
497 2505 949 2575 καταδεέστερον
995 2503 1070 2566 ὡς
1113 2503 1207 2554 ἕνα
1238 2501 1346 2554 τῶν
1385 2503 1448 2554 ἐκ
1484 2501 1577 2554 τοῦ
1613 2503 1782 2573 δήμου

213 2599 501 2669 θεωμένων,
531 2598 572 2668 ἦ
605 2613 723 2648 τινα
754 2593 859 2648 τῶν
885 2595 993 2654 τοῖς
1023 2591 1278 2662 ἀθληταῖς
1307 2591 1781 2662 ὑπηρετουμένων,

214 2695 263 2747 τὺ
287 2691 504 2761 Πνεῦμα
539 2688 608 2740 τὸ
641 2687 792 2755 ἅγιον
835 2686 938 2756 ὁρᾷ
980 2687 1008 2736 ό
1037 2683 1295 2752 Εὑνόμιος
1316 2698 1328 2710 ’
1359 2681 1386 2735 δ
1413 2685 1549 2752 μήτε
1583 2683 1786 2749 ἀγωνο-

214 2785 356 2848 θετεῖ,
389 2784 532 2854 μήτε·
575 2779 752 2850 κρίνει
791 2776 887 2847 τὴν
921 2776 1096 2844 νίκην,
1141 2777 1276 2846 μήτε
1324 2773 1459 2843 πρὸς
1509 2773 1599 2825 τὸν
1643 2773 1784 2826 ἀντί-

216 2878 362 2930 παλον
408 2873 769 2943 ἀγωνίζεται,
817 2869 951 2922 ἀλλὰ
999 2867 1064 2920 δι’
1114 2866 1510 2935 ὑποφωνήσεως
1538 2867 1788 2934 συνεργεῖ

219 2969 300 3037 μὲν
327 2967 458 3036 πρὸς
496 2965 606 3034 τὴν
636 2962 793 3032 νίκην
832 2960 1002 3013 οὐδέν.
1033 2958 1168 3011 Οὔτε
1206 2959 1314 3030 γὰρ
1345 2962 1780 3030 συναγωνίζεται,

217 3056 322 3110 sine
350 3057 446 3125 τὴν
481 3053 628 3126 πρὸς
659 3052 792 3105 αὐτὸ
821 3050 976 3104 τοῦτο
1007 3049 1232 3118 δύναμιν
1264 3050 1509 3120 ἐμποιεῖ·
1544 3052 1784 3122 βούλεται

215 3148 264 3202 δὲ
293 3148 463 3218 μόνον,
501 3145 594 3217 μὴ,
633 3143 879 3213 δεύτερον
908 3139 1182 3210 δειχθῆναι
1219 3140 1326 3192 τῶν
1365 3139 1666 3195 ἀντιπάλων
1697 3145 1786 3197 τὸν

220 3237 332 3308 παρ’
358 3237 524 3291 αὑτοῦ
565 3233 1016 3303 σπουδαζόμενον.
1065 3232 1173 3284 Καὶ
1214 3233 1424 3297 Παῦλος
1456 3235 1553 3305 μὲν
1586 3237 1785 3304 ἀγωνί-

221 3330 351 3394 (erat
390 3330 530 3400 πρὸς
561 3328 665 3390 τὰς
699 3325 890 3397 ἀρχάς,
917 3325 1052 3395 πρὸς
1079 3324 1178 3387 τὰς
1228 3325 1492 3389 ἐξουσίας,
1519 3329 1611 3381 καὶ
1652 3330 1786 3400 πρὸς

220 3426 327 3486 τοὺς
354 3420 807 3492 κοσμοκράτορας
847 3416 940 3469 τοῦ
978 3416 1219 3479 σκότους,
1248 3418 1339 3470 καὶ
1366 3417 1502 3486 πρὸς
1530 3419 1596 3471 τά
1623 3436 1782 3472 πνευο

223 3515 409 3583 μαντικὰ
447 3515 556 3583 τῆς
606 3507 868 3580 πονηρίας
916 3509 972 3560 ἐν
1022 3510 1133 3571 τοῖς
1187 3510 1546 3579 ἐπουρανίοις.
1605 3511 1677 3563 Τὸ
1728 3512 1785 3564 δὲ

228 3604 430 3676 Πνεῦμα
456 3604 566 3674 τῆς
610 3601 887 3670 δυνάμεως
931 3600 1053 3668 οὐχὶ
1083 3598 1315 3669 ἐνισχύει
1365 3603 1489 3666 τοὺς
1530 3602 1783 3673 ἀθλητὰς,

223 3693 324 3744 οὐδὲ
346 3693 589 3762 διανέμει
619 3693 730 3752 τοῖς
762 3689 1017 3758 ἀθληταῖς
1057 3689 1124 3741 τὰ
1152 3689 1479 3759 χαρίσματα,
1522 3689 1786 3759 διαιροῦν

226 3785 326 3853 ἰδίᾳ
340 3785 582 3847 ἑκάστῳ
606 3781 798 3845 καθὼς
828 3782 1136 3846 βούλεται,
1174 3781 1308 3834 ἀλλὰ
1339 3783 1495 3853 μέχρι
1541 3785 1633 3837 τοῦ
1663 3786 1785 3839 57:0-

226 3882 402 3944 ςωνεῖν
426 3877 543 3939 τοῖς
572 3873 1032 3945 συμπλεκομένοις
1054 3872 1148 3942 τὴν
1171 3871 1393 3943 δύναμιν
1421 3875 1550 3944 ἕχει.

283 3968 492 4032 Πάλιν,
550 3967 684 4037 φησὶ
703 4005 718 4030 ,
764 3964 1259 4032 δειλανδροῦντας
1296 3969 1626 4032 θρασύνων.
1647 3969 1782 4021 Ἀλλ’

226 4056 359 4123 οὗτος
382 4063 478 4132 μὲν
505 4058 794 4112 ἀκολουθεῖ
815 4059 957 4112 κατὰ
990 4059 1080 4112 τὸν
1102 4057 1292 4110 ἑαυτοῦ
1319 4058 1473 4126 λόγον
1496 4062 1559 4130 τῇ
1588 4061 1785 4130 προλα-

226 4153 376 4228 6ούσῃ
403 4154 549 4207 κατὰ
570 4153 661 4205 τοῦ
679 4151 992 4222 Πνεῦματος
1024 4151 1360 4222 βλασφημίᾳ,
1379 4170 1509 4220 φανε
1519 4156 1599 4224 ροῖ
1616 4153 1670 4205 δὲ
1693 4155 1784 4206 καὶ

226 4246 300 4298 διὰ
337 4247 427 4300 τοῦ
455 4245 655 4318 ἐχθροῦ
685 4245 950 4314 στόματος
986 4244 1180 4315 ἑαυτὴν
1218 4247 1250 4314 ή
1293 4245 1534 4315 ἀλήθεια.
1562 4247 1784 4309 Οὐδενὸς

229 4339 321 4404 γὰρ
341 4340 486 4391 ἐστιν
513 4339 702 4408 ὲτέρου
748 4335 946 4408 θάρσος
975 4337 1220 4406 ἐμποιεῖν
1243 4339 1351 4400 τοῖς
1373 4337 1784 4408 δειλαινομένοις

229 4429 256 4499 ἦ
273 4430 391 4482 θεοῦ
415 4431 602 4500 μόνου,
618 4429 864 4496 λέγοντος
889 4425 966 4494 τῷ
985 4426 1245 4478 δειλιῶντι
1270 4443 1283 4457 ⁸
1301 4427 1395 4495 Μὴ
1421 4429 1626 4497 φοϐοῦ,
1636 4430 1784 4498 μετὰ

1891 584 1980 630 tus
2015 579 2276 647 maiestas
2321 587 2374 634 et
2405 579 2805 650 magnificentia
2837 582 3204 637 demonstrata
3255 592 3359 638 est.
3396 582 3452 638 In

1890 672 2248 740 sequentibus
2291 682 2473 727 autem
2523 673 2780 743 heretico
2832 673 2944 727 luto
2990 675 3210 743 pietatis
3246 677 3455 744 pur-itas

1887 767 2311 818 contaminatur.
2352 765 2614 818 Autumat
2637 764 2790 820 enim
2811 765 2878 819 de
2913 765 3142 835 Spiritu,
3169 770 3316 836 quod
3341 785 3457 820 cer-

1891 855 2123 909 tantibus
2176 855 2490 910 subclamat.
2530 855 2642 910 Hoc
2680 868 2859 911 autem
2905 865 3162 912 extrema:
3206 861 3456 915 amentia:

1888 953 1942 998 et
1974 945 2267 1014 impietatis
2313 948 2519 1000 crimen
2566 946 2748 1000 habet.
2803 945 2944 999 Nam
2980 948 3036 1001 in
3088 947 3303 1015 stadiis,
3359 950 3454 1003 alii

1887 1034 2107 1103 quidem
2153 1036 2448 1090 certamina
2481 1036 2776 1090 instituunt
2806 1044 2861 1091 et
2899 1037 3212 1108 designant,
3240 1041 3455 1094 athleti-

1887 1141 2011 1180 cum
2071 1128 2238 1181 robur
2273 1136 2548 1184 ostentare
2584 1131 2968 1200 cupientibus;
3014 1133 3110 1186 alii
3142 1149 3270 1186 vero
3303 1135 3352 1186 vi
3400 1143 3456 1186 et

1887 1228 2004 1274 arte
2031 1221 2152 1276 aliis
2182 1224 2607 1290 pratstantiorcs,
2629 1223 2696 1278 de
2724 1225 2950 1279 victoria
2980 1226 3200 1280 fortiter
3219 1234 3452 1291 certant,

1887 1311 1954 1365 ad
2008 1314 2307 1367 certamina
2347 1321 2533 1368 mutua
2592 1330 2713 1371 sese
2756 1326 3046 1383 exuentes;
3103 1320 3295 1387 reliqui
3326 1333 3456 1372 vero

1886 1399 2260 1455 benevolentia
2288 1418 2412 1472 erga
2443 1412 2742 1459 certatores
2775 1405 2961 1472 divisi,
2993 1417 3155 1476 prout
3188 1407 3369 1462 studio
3400 1416 3455 1462 et

1886 1491 2163 1547 voluntate
2217 1493 2272 1547 in
2324 1494 2561 1564 aliquem
2621 1497 2944 1551 athletarum
2995 1499 3229 1569 quisque
3287 1500 3454 1554 fuerit

1886 1581 2134 1647 affectus,
2196 1583 2250 1637 in
2304 1587 2618 1654 complexus
2669 1587 2787 1642 sive
2829 1602 3160 1659 congressus
3213 1601 3454 1659 tempore

1887 1674 2212 1736 subclamat,
2245 1690 2342 1729 seu
2385 1677 2510 1746 quia
2541 1677 2799 1732 damnum
2837 1677 3164 1747 praaviderit,
3201 1694 3295 1733 seu
3325 1679 3453 1749 quia

1887 1765 2200 1822 luctaminis
2255 1770 2582 1833 meminerit,
2634 1771 2718 1824 vel
2765 1771 2890 1840 quia
2945 1781 3060 1826 arte
3107 1787 3204 1827 sua
3248 1775 3455 1827 caverit

1814 1838 1860 1894 Β
1886 1872 1954 1910 ne
1983 1869 2286 1914 corrueret.
2339 1857 2396 1914 In
2429 1876 2537 1930 quo
2572 1861 2740 1932 igitur
2769 1862 2959 1918 ordine
3002 1863 3302 1920 Eunomius
3331 1865 3456 1936 Spi—

1885 1949 2046 2002 ritum
2089 1958 2336 2003 sanctum
2375 1953 2705 2006 constituit?
2751 1969 2816 2008 ex
2852 1954 2936 2008 his
2976 1970 3095 2024 quae
3128 1955 3274 2010 dicta
3323 1965 3452 2010 sunt

1884 2039 2183 2109 intelligite.
2238 2039 2296 2094 in
2330 2041 2522 2097 stadiis
2573 2043 2716 2097 enim
2768 2057 2890 2096 cum
2936 2044 3105 2113 aliqui
3151 2047 3452 2100 certamina

1897 2142 2126 2201 ponant,
2178 2133 2268 2186 alii
2314 2149 2446 2187 vero
2472 2133 2721 2202 judicent
2761 2135 2828 2189 de
2869 2135 3106 2205 legitima
3135 2139 3453 2204 certatione,

1885 2224 1974 2277 alii
2005 2233 2186 2278 autem
2211 2233 2444 2286 certent.
2480 2226 2571 2280 alii
2589 2241 2717 2282 vero
2734 2228 3072 2283 certantibus
3093 2228 3452 2293 subclament,

1883 2316 1976 2383 qui
2010 2314 2227 2384 quidem
2270 2317 2609 2372 certantibus
2639 2319 2812 2372 multo
2853 2319 3140 2374 inferiores
3184 2335 3281 2387 pro
3324 2331 3458 2375 con-

1888 2405 2035 2460 fesso
2086 2407 2374 2462 habentur.
2413 2407 2482 2462 Ut
2533 2425 2701 2462 unum
2754 2425 2784 2464 e
2826 2413 3025 2480 populo
3069 2413 3450 2480 spectantium,

1889 2499 1968 2551 vel
1999 2498 2240 2568 aliquem
2276 2514 2476 2553 eorum.
2509 2501 2602 2570 qui
2641 2501 2858 2555 athletis
2904 2504 3238 2565 ministrant,
3273 2503 3456 2558 Euno-

1887 2591 2028 2643 mius
2060 2591 2325 2660 Spiritum
2365 2601 2612 2646 sanctum
2652 2593 2813 2655 videt,
2851 2597 2943 2662 qui
2976 2610 3151 2663 neque
3176 2605 3454 2653 certamen

1886 2678 2147 2744 instituit,
2189 2695 2366 2749 neque
2401 2681 2468 2736 de
2503 2683 2736 2736 victoria
2777 2683 3008 2752 judicat,
3043 2701 3217 2755 neque
3261 2696 3454 2741 contra

1887 2772 2259 2832 adversarium
2287 2780 2479 2835 certat,
2510 2772 2603 2827 sed
2629 2790 2724 2828 sua
2749 2775 3178 2831 subclamatione
3195 2777 3262 2830 ad
3285 2779 3458 2832 victo-

1887 2866 2022 2918 riam
2052 2865 2188 2919 nihil
2215 2871 2559 2934 cooperator.
2596 2863 2713 2918 Non
2762 2866 2904 2919 enim
2937 2870 3242 2930 concertat,
3280 2883 3456 2937 neque

1888 2958 1953 3012 ad
1998 2959 2099 3012 hoc
2139 2957 2314 3027 ipsum
2350 2968 2621 3011 certamen
2664 2958 2770 3009 vim
2820 2957 3040 3024 inserit;
3080 2961 3456 3014 tantummodo

1886 3050 2001 3102 vult
2031 3059 2087 3103 ut
2115 3051 2203 3104 ille
2237 3050 2322 3102 cui
2359 3049 2518 3113 favct,
2557 3065 2623 3102 ex
2656 3049 2876 3103 athletis
2909 3065 3015 3103 non
3051 3053 3324 3105 secundus
3369 3055 3456 3107 vcl

1811 3169 1855 3229 α
1894 3142 2124 3195 inferior
2158 3141 2482 3196 declaretur.
2525 3140 2688 3210 Atqui
2733 3138 2936 3194 Paul-us
2975 3150 3146 3196 certat
3191 3143 3455 3198 adversus

1891 3234 2248 3304 principatus,
2284 3232 2546 3286 adversus
2591 3239 2911 3301 potestates,
2955 3234 3220 3288 adversus
3267 3237 3456 3293 mundi

1893 3333 2141 3392 potentes
2169 3322 2512 3376 tenebrarum
2543 3322 2705 3391 hujus
2736 3324 2943 3383 saeculi,
2973 3331 3026 3378 et
3055 3324 3316 3381 adversus
3345 3328 3457 3397 spio

1890 3414 2106 3466 ritualia
2140 3413 2389 3482 nequitiae
2415 3413 2469 3466 in
2497 3413 2837 3468 caelestibus.
2873 3413 3114 3484 Spiritus
3145 3424 3324 3470 autem
3351 3419 3458 3473 vir-

1889 3511 2019 3560 tutis
2077 3522 2184 3560 non
2238 3505 2347 3559 vim
2396 3513 2449 3561 et
2495 3507 2664 3560 robur
2714 3507 2934 3562 athletis
2985 3509 3216 3574 confert,
3281 3526 3458 3582 neque

1891 3596 2248 3651 luctatoribus
2295 3595 2436 3649 dona
2495 3612 2595 3650 sua
2655 3597 2904 3668 largitur,
2973 3597 3215 3656 dividens
3268 3601 3460 3670 cuique

1885 3695 2041 3752 prout
2071 3687 2204 3753 uult,
2268 3687 2362 3741 sed
2392 3687 2678 3758 hucusque
2709 3697 2918 3744 tantum
2953 3700 3013 3745 ut
3040 3691 3453 3748 conferentibus

1887 3775 2207 3840 anJcIamct,
2234 3777 2342 3829 vim
2385 3776 2562 3831 habet.
3385 3801 3388 3804 '

1955 3955 2178 4024 Rursus,
2221 3959 2418 4028 inquit,
2463 3961 2796 4016 meticulosos
2841 3973 2890 4016 et
2937 3965 3154 4031 pavidos
3200 3968 3459 4025 audentes-

1885 4049 2071 4102 midit.
2109 4048 2206 4102 Hic
2235 4049 2451 4118 quidem
2485 4066 2590 4104 suo
2619 4067 2870 4107 sermone
2901 4054 3290 4123 blasphemiam
3322 4075 3453 4128 pra:-

1883 4141 2162 4196 cedentem
2189 4141 2456 4206 sequitur,
2503 4143 2605 4195 sed
2630 4143 2832 4197 veritas
2866 4145 3099 4213 seipsam
3133 4163 3227 4216 per
3254 4165 3317 4204 os
3354 4151 3453 4206 ini.

1884 4233 2008 4286 mici
2053 4230 2381 4286 manifestat.
2412 4231 2631 4288 Nullius
2669 4230 2836 4288 enim'
2862 4237 3084 4292 alterius
3112 4247 3196 4294 est
3223 4256 3454 4310 expave-

1884 4323 2163 4378 scentibus
2195 4322 2446 4376 fiduciam
2469 4332 2521 4378 et
2548 4324 2712 4377 animi
2747 4330 3086 4393 praesentiam
3111 4329 3450 4400 ingenerare,

1885 4431 2045 4485 quam
2083 4415 2254 4469 solius
2294 4413 2411 4476 Dei,
2449 4415 2540 4484 qui
2578 4415 2711 4468 dicit
2744 4417 3005 4469 metuenti
3037 4437 3049 4470 :
3080 4417 3208 4473 Noli
3251 4424 3453 4490 timere,

227 4516 328 4572 σοῦ
347 4521 452 4590 γάρ
475 4521 616 4588 ειμι,
633 4516 822 4587 μηδὲν
839 4515 1095 4571 εὐλαϐοῦ
1111 4533 1123 4545 ο
1150 4515 1224 4579 ὥς
1247 4534 1408 4587 φησιν
1422 4521 1452 4571 ό
1480 4516 1777 4590 Προφήτης

1892 4517 2056 4562 tecum
2076 4507 2208 4559 enim
2228 4521 2344 4558 sum
2358 4504 2424 4572 “,
2442 4505 2574 4558 nihil
2596 4506 2898 4574 reformida,
2921 4509 3062 4561 sicut
3078 4509 3453 4583 dicitProphe-

239 4609 364 4662 Ἐὰν
393 4611 504 4681 γὰρ
551 4606 818 4676 πορευθῶ
865 4608 935 4661 ἐν·
970 4605 1140 4676 μέσῳ
1187 4607 1364 4672 σκιᾶς
1403 4607 1679 4673 θανάτου,
1709 4611 1780 4664 οὐ

230 4698 625 4766 φοϐηθήσομαι
659 4695 832 4760 κακὰ,
858 4696 945 4748 ὅτι
974 4695 1056 4749 σὺ
1075 4696 1201 4764 μετ’
1221 4696 1365 4765 ἐμοῦ
1389 4693 1460 4750 εἷ.
1507 4697 1664 4751 Ἀλλὰ
1688 4701 1782 4752 καὶ

232 4788 372 4854 αὐτὸς
415 4790 442 4840 ὁ
492 4787 769 4856 Δεσπότης
802 4786 936 4856 πρὸς
977 4786 1103 4847 τοὺς
1150 4784 1459 4848 δειλιῶντάς
1501 4805 1650 4857 φησι,
1683 4789 1778 4856 Μὴ

233 4882 604 4948 ταρασσέσθω
659 4881 698 4948 ἡ
753 4877 962 4946 καρδία
1020 4874 1213 4944 ὑμῶν,
1273 4875 1428 4945 μηδὲ
1475 4878 1744 4933 δειλιάτω
1763 4896 1780 4910 ⁸

234 4973 331 5036 καὶ,
359 4973 418 5026 Τί
462 4970 649 5025 δειλοί
671 4969 833 5034 ἐστε,
869 4969 1271 5036 ὀλιγόπιστου
1319 4966 1432 5030 καὶ,
1479 4969 1776 5037 Θαρσεῖτε,

231 5063 328 5131 ἐγὼ
351 5067 463 5133 εἶμι
482 5081 497 5094 ο
518 5063 605 5134 μὴ
633 5063 940 5132 φοϐεῖσθεο
971 5061 1065 5113 καὶ
1108 5059 1288 5125 πάλιν,
1336 5061 1631 5130 Θαρσεῖτε,
1667 5062 1781 5132 ἐγὼ

234 5157 496 5223 νενίκηκα
545 5154 653 5207 τὸν
700 5154 949 5222 κόσμον.
1003 5151 1210 5205 Οὐκοῦν
1269 5153 1360 5204 καὶ
1416 5152 1634 5217 ἄκοντος
1687 5154 1778 5207 τοῦ

234 5241 495 5315 Εὐνομίου,
532 5245 598 5297 δι’
641 5243 810 5312 αὐτῆς
837 5241 936 5311 τῆς
984 5240 1242 5311 πολεμίας
1288 5241 1470 5311 φωνῆς
1515 5242 1780 5296 δείκνυσιν

236 5333 469 5406 ὲαυτὴνή
515 5334 784 5388 εὐσέϐεια.
837 5333 1124 5402 Συμφωνεῖ
1172 5330 1228 5383 δὲ
1273 5332 1364 5384 καὶ
1401 5333 1428 5384 ό
1471 5331 1667 5402 ἐφεξῆς
1703 5334 1780 5403 τῷ

236 5427 500 5494 πφάγοντι
531 5426 685 5496 λόγος
705 5440 722 5454 ⁸
763 5423 1076 5488 Ἁπάντων,
1113 5423 1263 5493 φησὶ,
1297 5422 1642 5490 κηδόμενος,
1678 5427 1774 5478 καὶ

237 5513 416 5568 πᾶσαν
447 5516 728 5586 φροντίδα
761 5515 858 5568 καὶ
885 5513 1172 5583 πρόνοιαν·
1197 5514 1632 5584 εἰσφερόμενος,
1668 5515 1779 5569 Μά.

237 5619 315 5656 νου
344 5608 443 5678 γάρ
475 5610 617 5663 ἐστιν
641 5609 714 5673 ὡς
753 5605 966 5678 ἀληθῶς
1005 5604 1097 5659 τοῦ
1132 5601 1264 5659 Θεοῦ
1297 5605 1357 5660 τὸ
1384 5606 1640 5677 κήδεσθαι
1684 5609 1776 5661 καὶ

299 5715 338 5746 ⁸⁸
371 5716 520 5776 ioan.
555 5738 628 5788 vt,
660 5719 751 5776 20.

243 5798 340 5847 ιγι,
367 5789 449 5843 55.

859 5720 902 5751 ⁸⁵
931 5719 1075 5776 Psal.
1104 5735 1239 5784 xm,
1271 5717 1323 5774 4.

1423 5719 1468 5750 ⁸⁸
1509 5716 1662 5776 Joan.
1690 5738 1797 5794 xw,
1821 5722 1912 5782 ‘27.
1988 5722 2031 5754 ⁸⁷
2075 5719 2262 5777 Matth.
2288 5738 2403 5787 vui,
2425 5722 2513 5776 ‘28.

1883 4607 1937 4654 ta
1971 4619 1982 4652 :
2011 4597 2068 4652 Si
2095 4599 2232 4652 enim
2257 4597 2592 4650 ambulavero
2619 4599 2672 4651 in
2699 4598 2870 4652 medio
2894 4599 3094 4654 umbra:
3117 4606 3322 4669 mortis,
3347 4623 3453 4662 non

1883 4691 2070 4745 timebo
2089 4690 2256 4754 maia,
2281 4691 2532 4760 quoniam
2551 4701 2606 4744 tu
2625 4707 2823 4745 mecum
2839 4708 2894 4746 es
2912 4694 2978 4746 ⁵⁵.
2998 4693 3138 4759 Quin
3157 4698 3316 4750 etiam
3333 4701 3450 4768 ipse

1881 4783 2143 4837 Dominus
2164 4782 2230 4835 ad
2249 4791 2549 4837 metuentes
2571 4783 2700 4838 dicit
2719 4783 2824 4839 :Ne
2840 4786 3078 4840 turbetur
3097 4805 3184 4841 cor
3199 4800 3447 4855 vestrum,

1881 4892 2038 4945 neque
2061 4875 2303 4941 formidet
2316 4874 2382 4928 “.
2403 4875 2486 4939 Et,
2512 4875 2651 4940 Quid
2669 4877 2839 4929 timidi
2853 4878 3225 4939 estis,modicae
3246 4881 3452 4948 fidei"?

1881 4965 1966 5031 Et,
1991 4965 2270 5035 Conﬁdite,
2289 4963 2402 5036 Ego
2421 4982 2567 5021 sunt:
2585 4967 2748 5020 nolite
2770 4969 2950 5023 timere
2961 4970 3196 5040 ",atque
3220 4971 3447 5028 iterum:

1882 5057 2160 5126 Con/idite,
2175 5074 2265 5128 ego
2278 5058 2374 5111 vici
2389 5057 2713 5111 mundum".
2729 5057 3090 5126 Quamobrem
3105 5063 3273 5115 invito
3285 5065 3450 5118 etiam

1884 5148 2180 5213 Eunomia,
2219 5164 2314 5218 per
2348 5147 2598 5204 hostilem
2634 5165 2823 5204 vocem
2847 5150 3079 5219 seipsam
3115 5153 3454 5209 demonstrat

1881 5241 2072 5311 pietas.
2098 5238 2291 5295 Sermo
2302 5242 2464 5295 etiam
2477 5242 2568 5311 qui
2591 5241 2846 5311 deinceps
2868 5244 3117 5312 sequitur
3128 5247 3449 5313 praecedenti

1881 5341 2164 5388 consonat.
2201 5333 2467 5397 Omnium,
2496 5334 2691 5403 inquit,
2712 5350 2894 5388 curam
2921 5335 3135 5399 habent,
3171 5345 3220 5391 et
3247 5355 3451 5392 omnem

1881 5445 2062 5483 curam
2082 5437 2129 5483 et
2149 5428 2530 5496 providentiam
2558 5426 2809 5496 inferens.
2860 5425 3046 5483 Solius
3069 5429 3217 5484 enim
3245 5437 3326 5484 est
3358 5429 3450 5484 Dei

1881 5537 2007 5578 vere
2018 5521 2258 5576 omnium
2273 5519 2658 5589 cogitationem
2669 5527 2922 5572 etcuram
2947 5519 3165 5576 habere.
3189 5521 3278 5575 Sic
3297 5520 3453 5575 Davi-

1881 5613 1948 5669 de
1965 5625 2162 5683 magno
2187 5611 2435 5666 dicente:
2476 5608 2594 5680 Ego
2629 5610 2896 5664 inauditus
2928 5627 3045 5664 sum
3078 5621 3127 5666 et
3151 5627 3367 5683 pauper,
3402 5621 3456 5667 et

2619 5719 2664 5751 "‘
2705 5718 2868 5777 Marc.
2903 5736 2981 5791 vt,
3017 5721 3106 5778 50.
3211 5722 3264 5756 δ’·
3291 5721 3448 5782 Joan.
