3922 6470
496 320 596 378 5⁸11

1728 326 1786 380 s.
1831 308 2159 384 caecum}
2191 329 2488 390 stssm

3642 338 3735 392 572

494 437 755 493 Dominus
786 438 1048 493 sollicitus
1074 441 1177 494 erit
1208 442 1307 494 mei
1327 442 1395 498 ⁵ο.
1426 438 1581 507 Quod
1635 443 1679 497 si
1720 444 1931 514 reliqua
1969 446 2050 500 sin

2195 447 2495 518 φροντίζειν
2541 448 2815 512 ἁπάντων,
2867 448 3039 513 οὕτως
3088 448 3331 513 εἰπόντος
3377 449 3470 502 τοῦ
3528 451 3732 520 μεγάὶου

492 530 763 585 sententia
815 531 869 583 in
921 533 1158 601 strepitu
1217 532 1463 586 inanium
1506 532 1799 587 verborum
1850 536 2076 604 explosa

491 628 642 685 sunt,
684 622 869 675 nullus
901 630 1122 677 accuset
1156 624 1359 692 ipsum,
1387 622 1517 677 dum
1554 622 1702 678 videt
1732 625 1786 677 in
1824 625 2077 693 pluribus

491 716 671 768 oumis
706 714 993 784 prudentis
1036 723 1090 770 et
1142 731 1291 771 sana:
1346 717 1719 786 intelligentiae
1777 724 2075 786 expertem,

491 806 712 860 inanem
747 815 802 862 et
834 807 1136 861 indoctum.
1169 808 1311 874 Quid
1341 810 1484 863 enim
1518 809 1847 878 intelligens,
1876 809 2075 877 inquit,

489 900 557 953 ad
596 901 1097 955 benevolentiorum
1139 901 1382 956 favorem
1422 913 1474 956 et
1506 902 1817 956 custodiam
1864 901 2077 955 lidelio—

488 1008 633 1055 rum,
666 1008 773 1046 non
807 994 922 1062 ipse
956 994 1185 1057 diceret,
1221 1010 1398 1063 neque
1430 994 1508 1047 illi
1541 994 1634 1064 qui
1672 993 1864 1047 insane
1901 999 1956 1047 et
1989 993 2072 1045 in-

490 1084 756 1152 sipienter
798 1084 945 1139 illius
994 1086 1215 1139 decreta
1244 1095 1299 1140 ct
1345 1088 1549 1155 scripta
1583 1085 1945 1140 admirantur.
2011 1087 2070 1139 In

486 1175 707 1229 Christo
754 1172 908 1238 Jesu,
967 1176 1057 1227 cui
1106 1177 1279 1245 gloria
1314 1184 1368 1231 et
1408 1176 1720 1246 imperium,
1778 1176 1829 1229 in
1871 1176 2071 1230 saecula

487 1269 838 1321 saeculorum.
868 1267 1064 1322 Amen.

558 1442 604 1473 '°
640 1441 786 1497 Psal.
831 1459 1020 1507 χχχιχ,
1054 1444 1141 1498 18.

2181 540 2343 592 Δαϐίδ
2362 557 2376 571 ·
2412 539 2560 609 Ἐγὼ
2587 542 2821 608 πτωχός
2846 544 2958 610 εἰμι
2990 542 3085 594 καὶ
3113 541 3300 609 πένης
3319 556 3337 575 ο
3356 544 3562 609 Κύριος
3581 562 3735 611 φρον-

2179 632 2293 683 τιεῖ
2311 650 2447 701 μου.
2479 634 2540 685 Ei
2574 632 2629 685 δὲ
2656 632 2715 684 τὸ
2743 632 3063 703 λειπόμενον
3095 632 3223 686 ἄνευ
3246 632 3479 696 διανοίας
3506 635 3560 685 ὲν
3580 634 3735 705 ψόφῳ,

2179 722 2266 775 διὰ
2303 723 2475 775 κενῶν
2512 724 2770 793 ῥημάτων
2804 724 3239 794 διακεκρότηται,
3284 725 3469 795 μηδεὶς
3504 727 3736 780 αἰτιάσθω

2178 812 2321 883 ὁρῶν
2350 812 2510 865 αὐτὸν
2539 815 2595 865 ὲν
2626 816 2737 877 τοῖς
2772 813 2979 867 πλείοσι
3018 815 3197 885 πάσης
3230 814 3497 884 ἔμφρονος
3526 816 3735 881 διανοίας

2180 897 2364 951 ἄτονόν
2402 916 2461 951 τε
2506 900 2597 952 καὶ
2634 900 2976 955 ἀπαίδευτον.
3014 902 3078 955 Τί
3111 903 3220 972 γὰρ
3253 903 3410 965 νοῶν,
3458 906 3631 973 φησὶν,
3668 910 3734 971 εἰς

2178 990 2541 1061 προσαγωγὴν
2590 992 2701 1044 τῶν
2749 994 3145 1065 εὑνουστέρων,
3201 996 3292 1047 καὶ
3354 995 3595 1066 φυλακὴν
3644 999 3734 1050 τῶν

2178 1083 2532 1155 πιστοτέρων,
2573 1084 2682 1137 οὔτ’
2718 1085 2783 1141 ἂν
2814 1088 2973 1151 αὐτὸς
3018 1087 3180 1150 εἴποι,
3213 1087 3336 1140 οὕτε
3370 1090 3419 1140 οἱ
3450 1088 3516 1141 τὰ
3551 1091 3733 1143 ἐκείνου

2178 1174 2418 1242 ἀνοήτως
2448 1174 2836 1244 Θαυμάζοντες.
2884 1178 2969 1229 Ἐν
3004 1176 3223 1248 Χριστῷ
3262 1178 3459 1246 Ἰησοῦ,
3483 1173 3526 1245 ᾧ
3561 1182 3593 1249 ἡ
3626 1181 3734 1246 δόξα

2178 1264 2352 1316 καὶτὸ
2381 1267 2579 1335 κράτος
2613 1269 2689 1330 εἰς
2714 1268 2837 1330 τοὺς
2860 1268 3060 1332 αἰῶνας
3092 1269 3197 1321 τῶν
3222 1268 3452 1322 αἰώνων.
3495 1271 3671 1342 Ἀμήν.

1324 1799 1622 1883 ΚΑΤΑ
1690 1796 2281 1883 EYNOMIOY
2331 1796 2697 1882 ΛΟΓΟΣ
2777 1798 2900 1884 Γν.
2964 1766 2971 1771 ’

2062 2005 2133 2021 ’Ἦ

966 2155 1439 2247 CONTRA
1508 2155 2175 2247 EUNOMIUM
2248 2158 2613 2245 LIBER
2696 2158 3252 2248 TERTIUS.

546 2499 816 2558 CAPITA
853 2500 991 2555 SEU
1022 2499 1417 2555 SUMMARIA
1459 2499 1667 2555 LIBRI
1695 2500 1980 2557 TERTII.

476 2617 528 2671 ἱ.
556 2614 763 2668 Tertius
788 2614 884 2666 iste
914 2612 1042 2665 liber
1070 2613 1281 2665 tertiam
1304 2609 1553 2665 Eunomii
1575 2611 2048 2665 hallucinationem

544 2685 791 2744 ostendit.
828 2685 960 2736 velut
993 2681 1127 2751 ejus,
1158 2684 1245 2751 qui
1276 2683 1505 2750 seipsum
1531 2683 1816 2751 redarguo!
1846 2726 1858 2745 ,
1896 2692 1942 2736 et
1975 2684 2061 2734 in-

547 2756 749 2809 terdum
806 2754 1012 2823 quidem
1072 2754 1238 2823 dicat,
1300 2751 1504 2805 Filium
1560 2751 1913 2823 Unigenitunt_
1946 2768 2058 2804 esse

546 2821 944 2885 nominandum,
976 2840 1032 2877 eo
1052 2822 1190 2893 quod
1213 2823 1500 2876 secundum
1530 2821 1779 2875 naturam
1803 2839 1868 2876 ea:
1891 2821 2056 2875 Patre

542 2908 699 2949 natus
746 2897 835 2957 sit,
873 2895 1041 2947 sacris
1066 2892 1312 2955 Litteris,
1367 2904 1424 2946 ut
1453 2893 1552 2955 ait,
1605 2908 1825 2961 superne
1856 2893 1951 2946 hoc
1980 2901 2057 2945 te-

542 2966 837 3027 stantibus;
874 2964 1137 3018 interdum
1188 2981 1304 3017 vero
1347 2973 1557 3033 propter
1596 2966 1913 3017 Creationem
1948 2979 2053 3016 non

544 3035 766 3100 Filium,
804 3036 893 3089 sed
918 3046 1219 3089 creaturam
1247 3035 1496 3088 nominet.

468 3107 525 3162 2.
553 3106 753 3161 Iterum
788 3108 986 3160 dictum
1026 3105 1160 3158 illud
1203 3121 1220 3158 :
1262 3105 1527 3158 Dominus
1568 3104 1769 3157 creavit
1815 3117 1922 3166 me,
1952 3100 2051 3155 ad-

542 3178 755 3231 modum
778 3179 924 3231 scite.
964 3177 1198 3245 apposite
1227 3184 1275 3230 et
1300 3184 1548 3227 accurate
1577 3174 1812 3243 exponit.

469 3247 523 3304 3.
554 3248 751 3300 Deinde
785 3248 942 3317 geniti
972 3256 1020 3298 et
1047 3248 1263 3314 ingeniti
1297 3245 1740 3317 signiﬁcationem
1776 3260 1879 3317 non
1904 3258 2051 3317 pere-

541 3319 750 3387 grinam
787 3313 1043 3369 naturam
1090 3313 1359 3387 i’ngerere.’
1390 3330 1453 3367 ex
1487 3313 1702 3378 Adami,
1758 3324 1807 3369 et
1846 3314 2048 3379 Abelis,

542 3385 870 3455 aliorumque
896 3386 1144 3454 exemplis
1170 3385 1518 3438 demonstrat.

467 3525 525 3583 ι.
546 3526 743 3581 Postea
777 3526 961 3579 a’terni
1009 3524 1077 3577 ad
1115 3524 1329 3578 Patrem
1359 3526 1653 3586 veritatem,
1699 3533 1747 3576 et
1793 3523 2049 3576 identita-

544 3606 646 3651 tem
698 3597 961 3657 assentire,
1000 3606 1048 3649 et
1098 3596 1517 3648 communionem
1574 3604 1780 3649 natura:
1828 3594 2047 3646 demon-

542 3677 682 3722 strat
717 3682 735 3720 :
772 3666 859 3719 ubi
906 3668 1067 3720 etiam
1095 3666 1503 3734 dissertatioide
1545 3666 1875 3734 generatione
1917 3664 2043 3726 vini,

540 3736 778 3807 quodque
801 3735 972 3790 Filius
993 3747 1040 3790 et
1066 3737 1299 3806 genimen
1313 3733 1657 3804 deUnigenito
1675 3736 2043 3803 pronuntiata,

541 3811 678 3862 inter
705 3824 759 3861 se
785 3818 1009 3877 cognata
1038 3808 1160 3860 sint.

469 3948 524 4004 5.
556 3946 636 4003 Ad
664 3949 795 4008 hwc,
845 3948 1039 4001 diuina:
1081 3947 1320 4001 essentia:
1370 3942 2045 4013 incomprehensibilitatem

538 4019 859 4088 exsequitur,
893 4018 1124 4086 illudque
1154 4016 1222 4069 ad
1248 4016 1684 4069 Samaritanam:
1711 4013 1819 4067 Vos
1850 4015 2044 4067 adora-

543 4092 634 4150 tis,
664 4089 808 4159 quod
840 4089 1085 4148 nescitis,
1120 4088 1518 4209 interpretatur.

562 4159 752 4209 Postea
801 4157 1201 4209 appellationem
1276 4156 1375 4209 ‘ilii
1418 4167 1466 4209 et
1506 4175 1518 4209 ι

470 4159 525 4214 6.
562 4155 752 4213 Postea
801 4157 1201 4228 appellationem
1244 4155 1375 4228 Filii
1418 4167 1471 4228 et
1505 4156 1806 4226 geniminis,
1838 4155 2043 4228 plures-

540 4247 636 4299 que
666 4226 989 4297 diﬂerentias
1034 4229 1269 4297 ﬁliorum
1302 4227 1416 4291 Dei,
1440 4226 1740 4299 hominum,
1792 4226 2039 4285 arietum,
2072 4250 2073 4255 η

541 4298 870 4368 perditionis,
897 4300 1028 4351 lucis
1050 4308 1098 4352 et
1128 4299 1231 4352 diei
1259 4298 1491 4367 exponit.

470 4439 521 4497 7.
548 4439 781 4493 Tandem
812 4438 1073 4507 Unigeniti
1103 4437 1544 4506 appellationibus
1570 4436 1760 4489 diuinis
1785 4444 1838 4507 et
1857 4435 2042 4486 Imma-

540 4512 620 4562 nis
647 4505 932 4571 enodatisf
974 4518 1020 4561 et
1063 4505 1257 4578 genito,
1295 4519 1449 4578 atque
1488 4507 1719 4578 ingenito
1759 4505 2039 4575 diligenter

535 4595 777 4642 excusso,
810 4578 999 4632 librum
1030 4579 1299 4632 terminat.

2390 2500 2754 2553 ΚΕΦΑΛΛῙΑ
2802 2502 2926 2552 ΤΟΥ
2968 2503 3222 2555 ΤΡΙΤΟΥ
3246 2506 3518 2557 ΛΟΓΟΥ.

2164 2623 2230 2669 α’.
2280 2616 2335 2667 '0
2367 2616 2559 2683 τρίτος
2591 2608 2765 2680 οὗτος
2792 2615 2973 2682 λόγος
3008 2617 3216 2683 τρίτην
3240 2616 3475 2669 πτῶσιν
3499 2616 3598 2669 τοῦ
3622 2617 3723 2670 Eir-

2232 2688 2441 2754 νομίου
2486 2683 2765 2742 δεικνύει.
2806 2684 2886 2749 ὠς
2937 2685 3156 2755 ἑαυτὸν
3200 2687 3603 2755 διελέγχοντα,
3635 2686 3721 2739 καί

2234 2755 2377 2808 ποτὲ
2398 2756 2514 2824 μὲν
2532 2756 2817 2825 λέγοντα,
2849 2754 2938 2806 ὅτι
2970 2754 3067 2807 διὰ
3104 2755 3169 2825 τὸ
3199 2754 3561 2825 γεννηθῆναι
3590 2759 3721 2809 κατὰ

2233 2827 2420 2897 suum?
2458 2824 2552 2877 δεῖ
2580 2825 2717 2877 nor
2747 2826 2851 2897 τρν
2874 2824 3618 2897 Μονογενῆςόνομὰζεσθαι,
3639 2828 3719 2897 κὼς

2232 2892 2340 2961 τῆς
2374 2896 2546 2965 ἁγίας
2590 2892 2856 2965 Γραςεῆς,
2904 2892 3116 2964 φησὶν,
3163 2892 3396 2951 ἀνωθεν
3426 2896 3592 2950 τοῦτο
3626 2896 3716 2962 δη·

2231 2964 2466 3031 λούσης
2484 2982 2497 2996 ο
2537 2964 2682 3036 ποτὲ
2714 2965 2801 3025 δὲ,
2836 2966 2933 3036 ὅτι
2954 2965 3054 3019 διὰ
3078 2965 3143 3018 τὸ
3166 2967 3506 3035 κτισθῆναι,
3529 2966 3718 3036 μηκέτι

2240 3036 2395 3105 flor.
2427 3034 2586 3090 ἀλλὰ
2613 3036 2835 3105 ποίημα
2865 3035 3166 3105 λέγεσθαι.

2162 3105 2227 3177 β’.
2258 3102 2427 3178 Εἶτα-
2448 3105 2634 3158 πάλιν
2668 3102 2781 3178 τὴν
2810 3102 2956 3178 τοῦ,
2978 3105 3181 3178 Κύριος
3211 3106 3408 3178 ἔκτισὲ-
3432 3123 3517 3178 με,
3547 3104 3717 3178 ῥῆσιν

2231 3174 2552 3246 παγκάλως
2590 3176 2685 3228 καὶ
2720 3175 3012 3244 ἁρμοδίως
3051 3174 3150 3231 ita)
3196 3174 3451 3245 ἀκριϐῶς
3482 3176 3715 3240 διεξετὰ-

2227 3262 2343 3311 σας
2367 3246 2674 3299 ἐκτίθεται.
3335 3249 3351 3261 ‘

2157 3323 2223 3386 γ’.
2270 3319 2515 3369 Ἔπειτα
2540 3316 2655 3382 τὴν
2686 3317 2791 3371 τοῦ
2814 3316 3108 3385 γεννητοῦ
3132 3320 3230 3371 καὶ
3260 3317 3589 3386 ἀγεννῄτου
3614 3318 3710 3369 οὐκ

2296 3338 2515 3369 ιιπειτα
2540 3338 2655 3382 την
2686 3338 2791 3371 τοι)
2814 3338 3108 3385 γεννητου
3132 3338 3230 3371 και
3260 3338 3300 3372 α
3341 3338 3589 3386 εννητου
3614 3338 3710 3369 ουκ

2226 3387 2626 3459 ἀλλοτρίωσιν
2660 3388 2874 3459 οὐσίας
2897 3387 2965 3459 ἐκ
3001 3389 3193 3459 τετοῦ
3231 3338 3417 3459 Ἀδὰμ
3442 3388 3537 3441 καί
3563 3388 3711 3440 Ἅϐελ

2224 3456 2319 3526 καί
2350 3456 2566 3523 ἐτέρων
2593 3456 3040 3526 ὑποδειγμάτων
3058 3456 3393 3512 δείκνυσιν.

2155 3527 2216 3580 δ’.
2251 3524 2370 3580 Εἶθ’
2400 3527 2585 3592 οὕτως
2618 3527 2733 3591 τὴν
2778 3524 2882 3581 τοῦ
2913 3526 3108 3581 ἀϊδίου
3149 3529 3301 3595 πρὸς
3352 3527 3456 3581 τόν
3506 3526 3708 3592 Πατέρα

2223 3598 2494 3662 ἑνότητα,
2526 3597 2623 3651 καί
2662 3597 2726 3650 τὸ
2759 3596 2941 3664 ταὺτὸ
2975 3596 3083 3663 τῆς
3118 3599 3357 3664 οὐσίας,
3392 3597 3487 3651 καὶ
3526 3595 3709 3650 κοινὸν

2223 3664 2331 3734 τῆς
2358 3660 2616 3735 φύσεως,
2642 3668 2712 3719 ἐν
2746 3660 2794 3732 ᾧ
2826 3667 2923 3720 καὶ
2952 3660 3324 3737 φυσιολογία
3344 3660 3485 3736 ’περὶ
3516 3664 3706 3737 revni-

2222 3753 2375 3802 σεως
2407 3738 2598 3798 οἴνου,
2634 3738 2731 3791 καὶ
2769 3737 2857 3791 ὅτι
2892 3737 2925 3791 ὅ
2954 3755 3015 3791 τε
3068 3737 3198 3800 Υἱὸς
3227 3739 3328 3791 καὶ
3372 3740 3435 3791 τὸ
3469 3737 3706 3804 γέννημα

2225 3807 2321 3879 ἐπὶ
2351 3805 2461 3873 τῆς
2486 3808 2589 3879 τοῦ
2626 3807 3004 3879 Μονογενοῦς
3036 3808 3442 3879 προσηγορίας
3472 3802 3704 3877 ὄμοῖΐνῆ

2226 3877 2339 3943 τὴν
2368 3878 2695 3943 οἰκειότητα
2722 3877 2993 3945 ἔχουσιν.

2149 3954 2209 4000 ε’.
2235 3947 2386 4013 Πρὸς
2408 3949 2638 4012 τούτοις
2654 3947 2720 4000 τὸ
2736 3946 3162 4012 ἀκατάληπτον
3182 3948 3291 4016 τῆς
3316 3950 3475 4013 θείας
3491 3946 3701 4009 οὐσίας,

2218 4017 2485 4079 διέξεισι,
2532 4018 2627 4070 καὶ
2687 4017 2752 4070 τὸ
2783 4018 2933 4085 πρὸς
2964 4018 3079 4084 τὴν
3128 4020 3479 4087 Σαμαρεῖτιν
3515 4016 3697 4083 ῥηθὲν,

2230 4088 2416 4161 Ὑμεῖς
2453 4091 2831 4161 προσκτίνεῖτε,
2865 4087 2893 4140 ὃ
2929 4089 3028 4161 οὐξι
3057 4088 3251 4161 οἴδατε,
3283 4090 3606 4161 ἐρμηνεύει.
3676 4151 3697 4161 _

2149 4164 2223 4222 ς’.
2252 4156 2357 4211 Καὶ
2394 4160 2544 4225 μετὰ
2568 4158 2752 4211 ταῦτα
2776 4158 2891 4225 τὴν
2914 4158 3019 4211 τοῦ
3062 4159 3197 4211 Υίοῦ
3228 4156 3455 4227 κλῆσιν
3490 4156 3581 4210 καὶ
3608 4156 3700 4207 τοῦ

2215 4228 2605 4296 γεννήματος,
2649 4227 2934 4297 διαφοράς
2963 4245 3026 4297 τε
3062 4227 3207 4281 υἱῶν
3237 4230 3385 4283 Θεοῦ
3412 4230 3695 4287 πλείστας,

2218 4298 2312 4350 καὶ
2353 4298 2694 4365 ἀνθρώπων,
2738 4296 2834 4351 καὶ
2866 4296 3067 4364 κριῶν,
3104 4299 3202 4351 καὶ
3250 4300 3563 4361 ἀπωλείας.
3592 4312 3694 4363 φωρ

2218 4369 2319 4431 τός
2353 4386 2414 4421 τε
2452 4368 2548 4436 καὶ
2572 4369 2796 4436 ἡμέρας
2822 4369 3129 4421 ἐκτίθεται.

2145 4436 2210 4500 ξ’.
2256 4440 2409 4504 Πρὸς
2461 4434 2549 4503 οἷς
2592 4434 2698 4502 τὰς
2747 4439 2850 4491 τοῦ
2897 4438 3276 4506 Μονογενοῦς
3321 4434 3695 4506 προσηγορίας

2216 4502 2420 4573 θεΐιιάς
2460 4502 2535 4561 τε
2580 4508 2677 4561 καὶ
2722 4502 3099 4576 ἀνθρωπίνας
3150 4502 3601 4577 διερμηνεύσας,
3637 4502 3692 4554 τι)

2212 4578 2506 4647 γεννητὸν
2529 4579 2624 4632 καὶ
2655 4574 2986 4647 ἀγέννητον
3011 4574 3382 4645 διεξετάσας,
3406 4577 3507 4631 τὸν
3528 4574 3693 4641 λόγον

2213 4648 2453 4716 πληροῖ.

536 4907 797 4979 Legitime
837 4907 1172 4970 decertanti,
1238 4907 1484 4962 laborum
1539 4908 1595 4962 in
1640 4911 2034 4968 certaminibus

2210 4917 2300 4988 Τῷ
2328 4917 2571 4988 νομίμως
2613 4914 2893 4973 ἀθλοῦντι.
2935 4915 3042 4968 τῶν
3086 4916 3143 4968 ἐν
3188 4919 3298 4979 τοῖς
3328 4916 3496 4984 ἀγῶσι
3534 4912 3686 4965 πόνων

462 5002 863 5057 exautlatorum
925 5000 1013 5052 hic
1054 4997 1319 5054 terminus
1360 5008 1491 5054 est:
1537 5007 1596 5053 ut
1652 5000 1738 5056 vel
1779 5002 2034 5058 adversa-

460 5095 578 5150 rius
632 5093 911 5147 laboribus
956 5093 1206 5148 defessus
1257 5092 1573 5163 fractusque
1628 5101 1684 5147 et
1742 5093 2034 5165 languidus

461 5194 656 5256 sponte
687 5186 734 5240 ei
782 5186 873 5255 qui
916 5188 1188 5255 superarit
1222 5186 1442 5240 herbam
1487 5188 1727 5258 porrigat
1776 5196 1830 5242 et
1878 5188 2035 5243 cedat

460 5277 722 5331 victoria:
745 5278 827 5331 vel
855 5288 911 5331 ut
946 5276 1245 5333 secundum
1276 5277 1585 5332 athleticam
1611 5279 1778 5349 legem
1803 5287 1887 5333 ter
1906 5294 2033 5350 pro—

461 5375 666 5422 stratus
698 5369 752 5421 in
781 5376 980 5422 terram
1019 5377 1142 5423 ruat
1169 5386 1183 5422 :
1220 5383 1316 5438 per
1345 5384 1465 5438 qua:
1494 5371 1708 5431 victori,
1737 5371 2029 5441 praesidum

458 5458 663 5527 judicio
682 5497 697 5523 ,
735 5460 881 5513 clara
908 5460 1173 5529 praaconis
1200 5459 1613 5515 denuntiatione
1634 5501 1648 5525 ,
1686 5461 1754 5515 ob
1784 5463 2031 5531 adeptam

458 5566 719 5606 coronam
773 5552 1002 5608 illustris
1055 5554 1263 5609 accedit
1312 5554 1502 5624 gloria.
1552 5553 1817 5619 Quoniam
1871 5553 2036 5624 igitur

460 5640 545 5696 bis
576 5644 949 5712 superioribus
980 5645 1317 5700 orationibus
1352 5652 1661 5716 prostratus
1697 5644 1994 5699 Eunomius
2015 5684 2030 5709 ,

463 5733 705 5787 nondum
738 5735 949 5789 veritati
978 5735 1137 5795 cedit.
1157 5752 1255 5791 nec
1285 5739 1454 5806 ipsam
1492 5736 1621 5791 sinit
1653 5745 1843 5790 contra
1878 5750 2033 5789 meu-

466 5822 683 5878 dacium
710 5863 725 5885 ,
760 5826 1000 5882 victoriae
1048 5827 1266 5896 praemia
1321 5835 1642 5897 reportare:
1688 5826 1781 5883 sed
1840 5840 2031 5883 rursus

2140 5009 2260 5078 ὅρος
2291 5009 2456 5070 ἐστὶν,
2483 5008 2515 5076 ἢ
2547 5008 2606 5060 τὸ
2634 5007 2911 5069 παντελῶς
2943 5006 3244 5060 ἁπειπόντα
3275 5006 3406 5077 πρὸς
3437 5006 3553 5067 τοὺς
3597 5000 3682 5053 πό-

2139 5119 2261 5163 νους
2286 5100 2376 5153 τὸν
2407 5100 2807 5170 ἀνταγωνιστὴν
2838 5099 3095 5163 ἑκουσίως
3121 5099 3380 5169 ἐκστῆναι
3409 5097 3483 5168 τῷ
3508 5111 3684 5163 κεκρα-

2138 5194 2324 5261 τηκότι
2356 5192 2455 5263 τῆς
2486 5192 2641 5260 νίκης
2663 5209 2677 5222 ο
2704 5192 2736 5262 ἢ
2763 5191 2909 5263 τρισὶ
2938 5191 3190 5261 πτώμασι
3218 5191 3356 5243 κατὰ
3379 5191 3467 5243 τὸν
3489 5188 3683 5256 ἀθλητι-

2139 5280 2232 5332 κὸν
2274 5278 2679 5350 καταϐληθῆναι
2720 5280 2880 5349 νόμον
2901 5294 2916 5309 ’
2945 5278 3011 5332 δι’
3045 5274 3118 5333 ὧν
3150 5280 3360 5349 γίνεται
3386 5280 3460 5348 τῷ
3486 5293 3680 5343 νενικη-

2138 5370 2273 5433 κότι,
2299 5372 2363 5440 τῇ
2392 5368 2569 5440 κρίσει
2605 5370 2714 5423 τῶν
2743 5368 3133 5440 βραϐευόντων,
3167 5364 3201 5440 ἡ
3234 5370 3325 5422 ἐπὶ
3352 5368 3427 5439 τῷ
3457 5366 3678 5433 στεφάνῳ

2136 5460 2259 5525 δόξα
2285 5459 2372 5514 διὰ
2396 5460 2646 5533 λαμπροῦ
2678 5460 2772 5513 τοῦ
2799 5460 3169 5531 κηρύγματος.
3213 5461 3361 5514 Ἐπεὶ
3386 5456 3476 5513 οὖν
3497 5459 3569 5520 δὶς
3588 5455 3673 5526 ἤδη

2135 5550 2489 5622 καταϐληθεὶς
2542 5550 2600 5602 ἐν
2651 5552 2762 5613 τοῖς
2818 5550 3146 5620 προλαϐοῦσι
3190 5551 3365 5619 λόγοις
3403 5548 3669 5616 Εὐνόμιοςν

2134 5640 2284 5693 οῠπω
2321 5643 2592 5719 συγχωρεῖ
2723 5639 2950 5712 ἀληθείᾳ
2994 5642 3134 5695 κατά
3172 5641 3263 5695 τοῦ
3295 5640 3510 5710 ψεύδους
3546 5636 3672 5704 ἔχειν

2132 5733 2198 5785 τὰ
2230 5735 2515 5805 νικητήρια
2537 5750 2550 5765 ·
2581 5734 2693 5787 ἀλλ’
2730 5733 2795 5785 ἐκ
2833 5734 3015 5803 τρίτου
3058 5736 3217 5789 πάλιν
3247 5733 3381 5788 κατὰ
3416 5731 3509 5801 τῆς
3536 5727 3669 5779 εὐσε-

2134 5824 2283 5890 ϐείας
2327 5826 2412 5879 διὰ
2445 5827 2540 5898 τῆς
2581 5827 2945 5899 λογογραφίας
2984 5828 3247 5893 κονίζεται
3294 5829 3350 5881 ὲν
3374 5827 3436 5895 τῇ
3475 5812 3667 5881 συνήθει
