3922 6464
232 344 329 405 573

1342 332 1621 389 CONTRA
1662 328 2047 400 EUNOMIUM,
2087 331 2214 388 ΜΒ.
2254 333 2337 387 ΙΙΙ.

3334 337 3445 400 374

228 457 519 526 παλαίστρᾳ
554 453 644 507 τοῦ
686 451 943 522 ψεύδους,
978 452 1057 516 είς
1092 452 1215 516 τοὺς
1260 452 1396 522 ὑπὲρ
1427 452 1524 523 τῆς
1568 452 1779 521 ἀπάτης

1885 451 2047 505 tertio
2096 460 2285 504 contra
2328 452 2579 520 pietatem
2634 468 2729 522 per
2776 454 3120 524 scriptionem
3167 457 3439 524 pulverem

226 554 427 618 ἀγῶνας
468 546 650 599 ἑαυτὸν
698 544 1045 617 ἐπιρρώσαςο
1088 545 1400 612 ἀναγκαίως
1441 545 1534 596 καί⁵
1577 542 1671 597 νῦν
1713 542 1778 596 δι’

227 642 366 713 ήμῶν
408 642 435 691 ὁ
474 638 572 707 τῆς
616 635 872 704 ἀληθείας
904 635 1079 702 λόγος,
1116 634 1253 705 πρὸς
1288 634 1385 704 τὴν
1425 633 1518 685 τοῦ
1555 631 1781 700 ψεύδους

224 730 518 801 ἀνατροπὴν
556 727 946 797 άντεγείρεται,
978 726 1054 796 τῷ
1084 725 1339 795 νικοποιῷ
1366 742 1425 777 τε
1454 725 1547 777 καὶ
1576 725 1782 791 ἀγωνο-

223 824 336 893 θέτῃ
387 823 487 892 τῆς
512 822 668 891 νίκης
694 820 909 881 ἀναθεὶς
932 817 1029 881 τάς
1051 817 1290 881 ἐλπίδας,
1322 819 1417 870 καὶ
1444 817 1557 887 ἅμα
1586 819 1650 887 τῇ
1681 833 1783 869 κα-

223 914 457 983 κοτεχνίᾳ
488 913 596 966 τῶν
631 912 725 965 τοῦ
759 911 1002 965 ἐναντίου
1037 910 1433 979 παλαισμάτων
1463 906 1785 978 ἐνδυναμού-

224 1024 385 1077 μενος.
418 1005 713 1075 Ὁμολογοῦ
723 1021 821 1075 μεν
845 1003 953 1073 γάρ
974 1003 1416 1070 άνεπαισχύντως
1437 1001 1616 1070 ἡμεῖς,
1642 1000 1781 1069 μήτε

219 1098 331 1149 τινὰ
352 1096 507 1163 λόγον
528 1096 614 1148 διά
642 1095 935 1166 ῥητορικῆς
964 1092 1296 1161 τεθηγμένον
1317 1091 1407 1143 ἐπὶ
1432 1092 1555 1154 τοὺς
1571 1089 1783 1157 ἀγῶνας

220 1188 683 1257 παρεσκευάσθαι,
738 1187 872 1255 μήτε
913 1184 1193 1252 δεινότητα
1239 1180 1580 1250 διαλεκτικῆς
1629 1180 1784 1247 ἀγχι-

218 1280 350 1340 νοίας
370 1280 449 1339 εἰς
484 1276 802 1346 συμμαχίαν
841 1274 981 1327 κατά
1015 1272 1123 1325 τῶν
1160 1271 1623 1340 ἀντιτεταγμένων
1654 1286 1782 1338 προ-

217 1369 508 1428 ϐάλλεσθαι,
536 1368 571 1437 ἢ
604 1368 698 1419 καὶ
724 1367 823 1435 τὴν
849 1366 1106 1435 ἀλήθειαν
1135 1363 1392 1426 πολλάκις
1425 1364 1504 1425 εἰς
1529 1362 1781 1414 ὑπόνοιαν

215 1459 426 1529 ψεύδους
456 1460 551 1510 ἐπὶ
584 1457 693 1510 τῶν
721 1456 961 1527 ἀπείρων
999 1454 1459 1526 ἀντιμεθίστησιν.
1498 1453 1656 1506 ’Λλλά
1685 1455 1782 1523 μία

213 1551 425 1619 δύναμις
453 1548 550 1602 τοῦ
590 1551 646 1601 ὲν
688 1551 820 1618 ἡμῖν
862 1547 1020 1614 λόγου
1068 1546 1208 1600 κατὰ
1244 1544 1337 1598 τοῦ
1376 1543 1602 1614 ψεύδους
1643 1544 1777 1597 ἐστί.

214 1642 416 1712 Πρῶτον
450 1641 552 1711 μὲν
583 1639 744 1701 αὐτὸς
768 1640 796 1691 ὁ
818 1637 1067 1708 ἀληθινὸς
1083 1633 1278 1702 Λόγος,
1294 1637 1444 1704 ἰσχὺς
1468 1634 1561 1686 τοῦ
1586 1634 1783 1703 ἡμετέ-

220 1749 322 1803 ρου,
354 1731 450 1801 τὴν
489 1731 796 1793 παίδευσιν,
828 1728 964 1782 ἀλλά
1005 1727 1196 1795 σοφὸν,
1235 1727 1297 1777 ὲκ
1344 1725 1779 1796 προπαιδεύσεως

1880 542 2080 596 excitat
2111 543 2164 595 in
2196 551 2413 597 assueta
2460 545 2561 598 sibi
2592 545 2840 613 palastra
2894 547 3196 612 mendacii,
3246 551 3309 602 ad
3343 552 3443 605 ite-

1882 633 2049 687 randa
2084 651 2180 703 pro
2220 651 2405 691 errore
2439 638 2739 690 certamina
2780 638 3016 707 seipsum
3056 640 3440 699 corroborans:

1881 717 2195 775 necessario
2227 730 2389 781 etiam
2426 744 2571 783 nunc
2612 744 2707 799 per
2737 745 2838 785 nos
2883 732 3127 787 veritatis
3161 749 3341 789 sermo
3374 737 3441 790 ad

1883 817 2151 871 mendacii
2203 821 2541 874 eversionem
2599 831 2789 875 contra
2842 823 3086 892 exsurgit
3139 825 3191 876 in
3249 833 3441 879 aucto-

1881 925 1994 962 rem
2025 911 2267 965 victorizn
2297 921 2350 966 et
2386 913 2765 981 agonothetam
2800 913 2889 983 (id
2927 922 3044 978 est,
3085 916 3442 970 certaminum

1882 1004 2340 1070 constitutorem),
2389 1013 2552 1059 totam
2594 1006 2833 1059 victoriae
2873 1022 3021 1076 spem
3047 1022 3333 1075 reponens,
3364 1011 3441 1062 si-

1882 1093 1995 1146 mul
2046 1096 2207 1147 etiam
2262 1110 2324 1148 ex
2378 1094 2674 1148 adversarii
2735 1111 2898 1165 prava
2955 1095 3247 1151 luctatione
3298 1098 3441 1152 vires

1882 1183 2195 1253 concipiens
2239 1192 2291 1237 et
2334 1185 2613 1254 colligens.
2649 1184 2760 1238 Nos
2809 1186 2951 1240 enim
2994 1186 3196 1256 absque
3234 1187 3442 1255 pudore

1882 1273 2239 1333 conﬁtemur,
2306 1288 2483 1342 neque
2534 1274 2768 1343 aliquam
2819 1274 3117 1328 orationem
3170 1275 3441 1329 rhetorico

1883 1364 2110 1417 artiﬁcio
2140 1364 2468 1419 elaboratam
2496 1371 2551 1418 et
2583 1364 2944 1417 acuminatam
2998 1365 3064 1416 ad
3119 1366 3440 1419 certandum

1882 1473 2215 1527 praeparasse
2253 1475 2265 1509 :
2295 1471 2468 1526 neque
2497 1456 2794 1510 dialectica:
2825 1457 3140 1511 subtilitatis
3168 1459 3442 1511 solertiam

1881 1558 1932 1602 et
1966 1547 2316 1600 acrimoniam
2351 1545 2415 1598 ad
2449 1546 2709 1599 auxilium
2740 1555 2794 1601 et
2828 1546 3196 1602 defensionem
3249 1556 3441 1603 contra

1881 1654 1943 1692 ea
1970 1654 2087 1705 quae
2116 1637 2183 1690 ab
2209 1637 2541 1691 adversariis
2572 1647 2697 1691 sunt
2720 1638 2928 1706 objecta
2954 1640 3294 1707 protendere,
3319 1656 3442 1709 quae

1882 1732 2042 1781 etiam
2076 1729 2352 1783 veritatem
2382 1729 2434 1781 in
2463 1729 2825 1798 suspicionem
2864 1730 3125 1783 mendacii
3161 1732 3301 1800 apud
3339 1731 3441 1785 im-

212 1823 444 1892 τενέσθαι
467 1822 687 1893 πρῶτον
714 1819 1101 1882 διακελεύεται,
1132 1813 1229 1869 εἶθ’
1270 1816 1440 1880 οὕτως
1462 1817 1559 1885 τὴν
1588 1818 1651 1868 ἐκ
1683 1816 1779 1885 τῆς

1884 1819 2085 1886 peritos
2114 1820 2368 1873 traducit.
2403 1820 2509 1875 Sed
2540 1821 2712 1875 nostri
2748 1821 3016 1876 sermonis
3064 1823 3221 1875 unica
3268 1824 3440 1877 virtus

216 1912 509 1982 Παροιμίας
542 1914 792 1966 παιδείαν
814 1914 1031 1982 χωρεῖν.
1058 1910 1372 1980 Φρονήσεως
1400 1908 1508 1978 γὰρ
1531 1903 1668 1960 εἶναι
1694 1907 1780 1959 λό-

212 2022 326 2074 γους
363 2004 515 2073 φησι,
561 2002 650 2054 διὰ
680 2002 917 2073 στροφῆς
946 2000 1037 2054 τὸν
1080 1999 1278 2052 σκοπὸν
1319 1995 1775 2061 ὲκκαλύπτοντας.

213 2097 275 2149 Τὸ
298 2097 399 2164 γάρ
433 2094 509 2163 μὴ
538 2093 628 2146 ἐπ’
654 2093 865 2154 εὐθείας
892 2090 1196 2159 νοούμενον,
1230 2087 1468 2159 στροφῆς
1486 2104 1628 2150 τινος
1648 2088 1780 2158 χρῄ-

210 2186 281 2251 ζει
306 2186 437 2255 πρὸς
460 2185 567 2240 τὴν
594 2182 687 2235 τοῦ
710 2182 1089 2252 κεκρυμμένου
1111 2178 1432 2247 κατάληψιν.
1462 2178 1569 2231 Καὶ
1594 2178 1781 2250 ὥσπερ

210 2280 234 2329 ὀ
260 2276 458 2339 Παῦλος
478 2315 494 2339 ,
533 2272 789 2338 ἀλλάξειν
822 2271 1014 2325 ἑαυτοῦ
1049 2272 1146 2341 τὴν
1186 2270 1369 2340 φωνὴν
1398 2269 1778 2340 ἐπηγγείλατο,

214 2368 399 2438 μέλλων
438 2364 796 2436 μετατιθέναι
824 2365 922 2432 τὴν
957 2361 1195 2435 ἱστορίαν
1228 2363 1306 2425 είς
1334 2359 1599 2433 τροπικὴν
1643 2360 1780 2411 θεω-

213 2462 318 2529 ρίαν
336 2476 348 2488 ·
370 2458 550 2521 οὕτως
579 2454 812 2509 ἐνταῦθα
838 2457 872 2525 ἡ
900 2453 1006 2507 τῶν
1033 2453 1428 2523 κεκρυμμένων
1454 2451 1779 2521 φανέρωσις,

212 2552 399 2621 στροφὴ
422 2550 520 2601 τοῦ
558 2548 719 2615 λόγου
750 2546 898 2618 παρὰ
924 2545 1016 2598 τοῦ
1053 2544 1394 2614 Σολομῶντος
1422 2540 1782 2611 κατονομάζε-

211 2661 286 2696 ut
306 2660 317 2671 ·
362 2642 435 2704 ὡς
461 2640 528 2693 οὐ
560 2638 858 2709 δυναμένου
882 2635 1278 2705 κατανοηθῆναι
1304 2634 1394 2687 τοῦ
1421 2633 1647 2695 κάλλους
1675 2631 1783 2685 τῶν

212 2734 503 2804 νοημάτων,
540 2733 591 2783 εἰ
621 2731 693 2800 μή
725 2745 809 2791 τις
836 2727 929 2781 τοῦ
958 2727 1114 2795 λόγου
1142 2727 1203 2778 τὸ
1242 2725 1670 2794 προφαινόμενον
1704 2724 1783 2785 είς

212 2825 263 2875 τὸ
311 2822 552 2891 ἔμπαλιν
593 2818 935 2888 ἀναστρέψας
962 2857 976 2877 ,
1015 2816 1111 2868 ἴδοι
1153 2814 1248 2885 τὴν
1291 2810 1782 2884 ἀποκεκρυμμένην

210 2914 361 2985 αὐγὴν
391 2914 487 2966 τοῦ
520 2913 815 2981 νοήματος.
850 2906 975 2962 Οἷον
1005 2908 1098 2960 ἐπὶ
1128 2908 1220 2959 τοῦ
1250 2906 1450 2977 πτεροῦ
1476 2908 1779 2976 συμϐαίνει,

211 2999 247 3072 ᾧ
266 3007 391 3059 κατά
422 3006 484 3058 τὸ
514 3005 737 3073 οὐραῖον
763 3004 789 3055 ὁ
814 2999 959 3062 ταὼς
987 2998 1406 3061 καλλωπίζεται.
1447 2998 1568 3051 Ἐπὶ⁵
1592 2998 1782 3052 τούτου

212 3100 304 3167 γὰρ
328 3100 355 3151 ὁ
386 3098 483 3166 μὲν
517 3095 593 3148 τά
626 3093 775 3147 νῶτα
802 3092 895 3145 τοῦ
926 3091 1126 3164 πτεροῦ
1164 3090 1518 3161 θεασάμενος,
1550 3092 1691 3146 κατά
1716 3093 1779 3147 τὸ

212 3190 424 3252 ἀκαλλὲς
451 3206 518 3241 τε
554 3187 648 3239 καὶ
674 3188 941 3257 ἄμορφον,
973 3186 1299 3254 καταφρονεῖ
1338 3184 1554 3247 πάντως
1581 3185 1656 3246 ὡς
1691 3185 1781 3237 εὐ-

211 3283 375 3345 τελοῦς
399 3282 496 3335 τοῦ
532 3280 829 3348 θεάματος.
856 3279 917 3330 EE
943 3277 1000 3329 δέ
1022 3294 1105 3339 τις
1134 3275 1474 3345 ἀναστρέψας
1500 3276 1661 3329 αὑτοῦ
1684 3276 1782 3347 τὴν

213 3375 382 3443 ἑτέραν
400 3374 528 3440 ὄψιν
557 3369 885 3440 προδείξειεν
907 3409 920 3431 ,
951 3369 1054 3438 ὁρᾷ
1077 3368 1171 3437 τὴν
1199 3366 1444 3436 ποικίλην
1468 3366 1781 3438 ζωγραφίαν

212 3465 296 3526 τῆς
326 3463 571 3531 φύσεως.
614 3462 707 3512 καὶ
734 3460 822 3511 τὸν
847 3459 1074 3529 ἡμιτελῆ
1109 3457 1303 3512 κύκλον
1337 3459 1393 3508 ἐν
1433 3460 1684 3529 πορφυρᾷ
1714 3461 1780 3529 τῇ

216 3556 339 3625 βαφῇ
370 3555 517 3607 κατὰ
548 3554 611 3604 τὸ
644 3552 805 3622 μέσον
847 3550 1214 3621 ὲκλάμποντα,
1247 3549 1340 3601 καὶ
1372 3549 1463 3601 τὸν
1495 3549 1780 3619 χρυσοειδῆ

216 3647 325 3707 περὶ
352 3646 439 3698 τὸν
473 3643 681 3697 κύκλον
708 3643 865 3712 ἀέρα,
892 3645 1003 3704 τοῖς
1029 3641 1344 3713 πολυχρόοις
1378 3641 1510 3712 ἴρισι
1551 3642 1689 3695 κατά
1721 3641 1780 3694 τὸ

214 3737 361 3805 ἄκρον
386 3736 757 3806 διεζωσμένον
782 3750 843 3787 τε
872 3735 967 3787 καὶ
989 3734 1354 3805 λαμπόμενον.
1400 3734 1549 3785 Ἐπεὶ
1572 3729 1664 3786 οὖν
1693 3733 1781 3785 οὐ·

214 3829 288 3882 εἶεν
319 3830 391 3899 τῷ
423 3828 709 3900 προχείρῳ
745 3828 845 3897 τῆς
882 3827 1080 3892 λέξεως
1122 3827 1308 3878 ἔπεστι
1346 3824 1570 3888 κάλλος·
1607 3825 1780 3879 Πᾶσα

216 3922 324 3990 γὰρ,
362 3923 555 3993 φησὶν,
602 3920 640 3986 ἡ
684 3919 833 3983 δόξα
865 3916 973 3985 τῆς
1002 3918 1292 3987 θυγατρὸς
1330 3916 1436 3970 τοῦ
1474 3916 1778 3981 ,βασιλέως

215 4015 440 4077 ἔσωθεν,
471 4014 551 4067 ἐν
575 4013 701 4078 τοῖς
722 4011 973 4081 χρυσοῖς
1002 4009 1260 4079 νοήμασι
1283 4008 1362 4074 τῷ
1391 4006 1630 4075 κρυπτῷ
1655 4008 1778 4061 δια-

216 4106 526 4171 λάμπουσα
562 4104 801 4169 κόσμῳο
846 4102 1158 4168 ἀναγκαίως
1200 4103 1229 4154 ὁ
1257 4098 1503 4169 Σολομὼν
1539 4102 1648 4161 τοῖς
1687 4102 1775 4153 ἐν·

218 4198 523 4265 τυγχάνουσι
555 4194 634 4263 τῷ
665 4192 851 4263 βιϐλίῳ
881 4192 1051 4262 τούτῳ
1089 4190 1184 4262 τὴν
1212 4191 1306 4244 τοῦ
1348 4191 1502 4259 λόγου
1541 4190 1775 4262 στροφὴν

196 4288 513 4365 ὶύποτίθεται
538 4326 551 4345 ,
595 4285 681 4338 ἵνα
710 4284 797 4336 διά
827 4284 1014 4336 τούτου
1058 4285 1291 4353 νοήσωσι
1333 4282 1645 4354 παραϐολὴν
1682 4284 1776 4337 καὶ

221 4380 468 4432 σκοτεινὸν
500 4379 680 4445 λόγον,
716 4378 900 4447 ῥήσεις
927 4393 982 4427 τε
1022 4376 1199 4444 σοφῶν
1225 4376 1316 4429 καὶ
1340 4375 1653 4446 αἰνίγματα.

1879 1911 2141 1965 adversus
2173 1913 2513 1967 mendacium
2549 1919 2652 1967 est.
2684 1912 2761 1964 Ac
2791 1913 3021 1980 primum
3065 1914 3280 1982 quidem
3326 1914 3442 1983 ipse

1877 2017 2038 2055 verus
2072 2017 2250 2057 sermo
2270 2040 2285 2061 .
2311 1998 2424 2056 sive
2446 2000 2678 2058 Verbum
2700 2045 2713 2064 ,
2748 2004 2914 2058 robur
2944 2006 3208 2059 sermonis
3232 2008 3439 2073 nostri,

1878 2093 2235 2147 eruditionem
2269 2095 2548 2161 suscipere
2580 2096 2857 2164 praecipit,
2904 2096 2997 2149 sed
3039 2097 3335 2166 sapientem
3373 2114 3441 2153 ex

1878 2184 2231 2238 antecedente
2262 2183 2577 2252 disciplina:
2613 2185 2806 2240 deinde
2835 2186 2914 2240 sic
2942 2200 3005 2240 ex
3036 2188 3328 2241 Proverbio
3358 2187 3443 2241 di-

1878 2276 2162 2345 sciplinam
2217 2292 2431 2345 capere.
2481 2276 2788 2330 Prudentiae
2832 2279 2975 2330 enim
3019 2294 3176 2343 esse,
3226 2279 3440 2348 inquit,

1878 2382 2158 2422 sermones
2188 2368 2278 2437 qui
2330 2383 2424 2435 per
2465 2367 2826 2422 inversionem
2872 2385 3097 2439 scopum
3144 2373 3442 2429 occultant.

1879 2456 2029 2521 Quod
2060 2457 2204 2510 enim
2242 2465 2389 2511 recto
2431 2473 2592 2511 sensu
2643 2474 2750 2511 non
2798 2468 2973 2526 potest
3024 2461 3282 2533 intelligi,
3318 2481 3442 2519 ver-

1879 2546 2029 2599 sione
2054 2546 2231 2614 aliqua
2257 2545 2495 2614 indiget,
2526 2556 2585 2600 ut
2612 2548 2663 2601 id
2693 2549 2832 2616 quod
2884 2549 2935 2603 in
2964 2551 3231 2619 ejusmodi
3264 2555 3442 2610 verbis

1878 2638 2148 2689 occultum
2173 2637 2302 2690 latet
2322 2676 2337 2699 ,
2362 2638 2882 2706 comprehendatur:
2910 2652 2962 2695 et
2984 2644 3441 2711 quemadmodum

1879 2725 2079 2780 Paulus
2111 2727 2164 2779 in
2200 2727 2459 2795 tropicam
2492 2727 2605 2783 sive
2638 2730 2980 2800 allegoricam
3017 2737 3441 2801 speculationem

1880 2816 2158 2869 historiam
2183 2817 2548 2873 translaturus
2569 2858 2582 2881 ,
2606 2834 2665 2873 se
2695 2836 2846 2872 suam
2872 2838 3087 2892 quoque
3112 2841 3295 2880 vocem
3324 2844 3445 2882 mu-

1880 2915 2116 2959 taturum
2160 2923 2281 2963 esse
2324 2910 2647 2978 promisit':
2698 2912 2778 2966 sic
2816 2914 2919 2966 hoc
2965 2915 3018 2969 in
3066 2917 3183 2971 loco
3228 2920 3441 2973 abdito-

1883 3014 1999 3051 rum
2035 2999 2366 3064 declaratio,
2408 3001 2677 3056 sermonis
2717 3003 2982 3068 inversio,
3016 3009 3097 3061 vel
3132 3024 3443 3067 sermonum

1882 3091 2135 3144 versutia:
2162 3106 2192 3143 a
2223 3089 2514 3146 Solomone
2549 3096 2899 3149 nominantur
2927 3099 3024 3169 (α).
3063 3100 3229 3166 Quasi
3266 3107 3448 3159 notio-

1883 3198 2010 3235 num
2044 3177 2393 3252 pulchritudo
2425 3193 2606 3240 mente
2649 3188 3033 3257 comprehendi
3079 3204 3186 3248 non
3234 3199 3443 3266 possit,

1884 3276 1985 3331 nisi
2020 3277 2143 3347 quis
2176 3278 2445 3333 sermonis
2488 3280 2663 3349 prima
2704 3283 2886 3351 specie
2932 3292 3077 3340 retro
3123 3304 3309 3351 versa.
3343 3308 3443 3345 no-

1883 3370 2048 3423 tionis
2079 3371 2348 3423 occultum
2378 3370 2669 3441 splendore
2710 3376 3027 3443 inspexerit.
3077 3379 3443 3445 Quemadmo-

1882 3462 2007 3515 dum
2054 3462 2106 3515 in
2160 3478 2222 3516 ea
2272 3479 2443 3532 penna
2494 3465 2794 3535 contingit,
2838 3479 2943 3535 qua
2988 3470 3041 3523 in
3091 3473 3259 3527 cauda
3308 3492 3448 3545 pavo

1882 3554 2198 3605 adornatur.
2230 3550 2285 3606 Si
2318 3555 2440 3623 quis
2472 3556 2615 3609 enim
2660 3572 2890 3625 pennam
2935 3574 2962 3611 a
3004 3568 3156 3631 tergo
3199 3576 3444 3623 contem-

1884 3644 2061 3711 platus
2098 3643 2290 3708 fuerit,
2337 3654 2559 3715 prapter
2597 3649 2780 3703 nescio
2821 3650 2948 3720 quid
2992 3652 3335 3711 invenustum
3379 3674 3444 3716 ac

1881 3733 2158 3801 deforme,
2193 3736 2334 3817 quod
2369 3737 2423 3789 in
2459 3752 2522 3791 ea
2552 3749 2815 3808 apparet,
2853 3744 3074 3797 omnino
3103 3748 3439 3817 despexerit,

1880 3833 2135 3895 tanquam
2164 3826 2267 3881 vile
2302 3827 2519 3897 aliquod
2548 3838 2601 3884 et
2634 3831 2784 3884 nihili
2820 3832 3123 3889 faciendum
3162 3851 3444 3908 spectacu-

1882 3917 2012 3969 lum.
2042 3915 2196 3982 Quod
2231 3916 2275 3970 si
2308 3918 2430 3987 quis
2467 3918 2680 3973 inversa
2711 3937 2883 3989 penna
2912 3922 3031 3991 ejus
3060 3927 3287 3982 alterum
3319 3947 3443 3999 pro-

1883 4014 2128 4075 spectum
2151 4007 2485 4072 ostenderit,
2516 4011 2718 4063 variam
2743 4020 2951 4067 natura:
2968 4015 3231 4083 picturam
3261 4022 3439 4077 intue-

1881 4098 2045 4159 bitur,
2074 4106 2127 4152 et
2156 4098 2559 4153 semicirculum
2588 4117 2859 4170 purpurea
2888 4105 3123 4160 tinctura
3169 4110 3221 4162 in
3265 4111 3441 4166 medio

1880 4190 2198 4245 emicantem
2216 4232 2231 4256 ,
2257 4201 2309 4245 et
2338 4192 2723 4247 circumfusum
2749 4210 2872 4248 aera
2899 4199 3103 4253 circulo
3130 4217 3289 4257 aurea
3317 4220 3440 4274 spe-

1879 4282 1962 4337 cie
1990 4283 2281 4345 nitentem,
2321 4284 2547 4353 ejusque
2599 4288 2962 4343 summitatem
3007 4293 3439 4353 multicoloribus

1879 4372 2109 4429 iridibus
2139 4376 2372 4429 cinctam
2415 4385 2466 4430 et
2515 4387 2746 4432 venusto
2796 4381 3085 4450 splendore
3120 4384 3435 4456 fulgentem.

220 4471 377 4536 Quare
403 4489 533 4526 cum
567 4473 619 4524 in
648 4471 912 4524 orationis
939 4470 1112 4539 primo
1135 4478 1419 4539 prospectu
1445 4471 1591 4523 nulla
1622 4470 1762 4525 inest
1798 4469 2146 4540 pulchritudo
2181 4489 2192 4522 :
2227 4469 2409 4525 Omnis
2432 4471 2595 4535 enim,
2624 4474 2817 4543 inquit,
2844 4477 3016 4546 gloria
3050 4481 3178 4549 ﬁlia:
3212 4488 3344 4554 regis
3373 4489 3438 4541 ab

222 4569 363 4633 intus,
402 4569 456 4621 in
510 4566 688 4618 aureis
719 4562 1157 4618 intellectionibus
1189 4563 1391 4617 occulto
1422 4564 1681 4633 refulgens
1722 4563 1983 4616 ornatu’:
2022 4562 2331 4616 necessario
2366 4561 2621 4618 Solomon
2648 4606 2661 4628 ,
2700 4566 2841 4622 hunc
2882 4570 3075 4624 librum
3117 4575 3437 4647 legentibus.

222 4676 510 4715 sermonem
540 4662 805 4715 invertere.
843 4656 1118 4728 praecepit,
1162 4664 1219 4710 ut
1253 4656 1353 4709 hoc
1393 4658 1552 4710 modo
1584 4656 1885 4726 intelligant
1919 4656 2230 4724 parabolam
2256 4662 2311 4708 et
2340 4655 2633 4711 obscurum
2662 4675 2966 4715 sermonem
2988 4703 3002 4727 ,
3035 4669 3197 4721 verba
3227 4674 3440 4742 sapien-

223 4766 319 4807 tum
347 4765 395 4809 et
430 4755 720 4823 aenigmata
748 4768 936 4807 eorum
955 4752 996 4805 ³.

283 4853 456 4903 Ταῦτα
483 4851 661 4901 τοίνυν
685 4846 1039 4918 περιεχούσης
1054 4846 1150 4915 τῆς
1173 4846 1551 4916 Παροιμιακῆς
1573 4846 1772 4915 ταύτης

1944 4845 2076 4898 Cum
2113 4846 2273 4916 igitur
2310 4848 2420 4902 hzec
2448 4847 2809 4908 Proverbialis
2847 4856 3092 4914 doctrina
3127 4862 3225 4916 ista
3264 4868 3438 4920 conti.

223 4940 579 5001 διδασκαλίας,
616 4938 767 4990 οὐδὲν
812 4938 877 4991 ἄν
919 4954 1001 5000 τις
1050 4936 1156 4988 τῶν
1188 4936 1585 5007 εὐφρονούντων
1626 4936 1779 5001 ἀνεξ-

227 5032 443 5092 ετάστως
474 5047 535 5081 τε
582 5029 676 5080 καὶ
702 5027 1026 5096 ἁθεωρήτως
1061 5025 1169 5077 τῶν
1198 5028 1263 5079 ὲκ
1300 5026 1400 5092 τῆς
1441 5026 1620 5094 βίϐλου
1649 5027 1778 5079 ταύ-

226 5134 310 5185 της
352 5118 772 5190 προφερομένων
805 5115 1014 5180 δέξεται
1037 5156 1051 5177 ,
1092 5114 1198 5168 κᾶν
1228 5115 1309 5168 ὅτι
1347 5114 1576 5185 μάλιστα
1608 5118 1776 5184 σαφὲς

229 5210 281 5259 ὲκ
307 5211 390 5263 τοῦ
432 5211 723 5281 προχείρου
774 5207 867 5259 καὶ
898 5205 1170 5275 γνώριμον
1236 5206 1511 5275 τυγχάνει.
1556 5208 1777 5271 Πάντως

231 5300 325 5369 γὰρ
352 5300 543 5354 ὕπεστί
570 5317 651 5361 τις
680 5298 774 5349 καὶ
802 5300 909 5360 τοίς
937 5297 1222 5367 προδήλοις
1246 5293 1383 5350 εἶναι
1403 5298 1614 5351 δοκοῦσι
1638 5301 1777 5353 κατά

232 5391 498 5461 ἀναγωγὴν
537 5390 757 5459 θεωρία.
793 5389 854 5440 Εἰ
900 5388 955 5440 δὲ
997 5387 1066 5440 τὰ
1113 5387 1376 5457 πρόχειρα
1415 5389 1515 5458 τῆς
1556 5390 1595 5441 Γ
1602 5394 1778 5461 ραφῆς

297 5524 311 5554 ¹
346 5524 512 5578 Galat.
545 5542 617 5587 Iv,
654 5526 743 5579 9.0.
822 5527 842 5556 '
872 5524 1015 5580 Psal.
1047 5541 1193 5586 XLIV,
1222 5525 1304 5578 H.
1382 5525 1402 5556 ³
1432 5524 1587 5579 Prov.
1617 5543 1652 5590 I,
1680 5527 1732 5582 6.

1879 4946 2042 4992 neat:
2074 4939 2165 5009 qui
2198 4948 2343 4995 recte
2374 4952 2515 5011 sapit
2536 4984 2550 5006 ,
2584 4945 2716 4996 nihil
2738 4961 2925 5001 eorum
2952 4967 3071 5017 qum
3098 4968 3161 5006 ex
3192 4955 3330 5010 libro
3359 4960 3438 5012 ci-

1880 5038 2083 5092 tantur,
2118 5032 2517 5089 inconsiderate
2546 5042 2599 5089 et
2634 5045 2835 5093 temere
2872 5042 3139 5110 accipiet;
3191 5051 3439 5114 quamvis

1878 5123 2009 5176 illud
2040 5124 2209 5192 prima
2240 5124 2414 5179 fronte
2443 5127 2672 5181 maxime
2699 5140 2941 5198 apertum
2973 5140 3025 5185 et
3055 5136 3326 5203 cognitum
3355 5142 3439 5194 vi-

1878 5214 2089 5269 deatur.
2112 5214 2345 5270 Omnino
2375 5218 2516 5271 enim
2544 5219 2706 5271 etiam
2733 5220 2785 5273 in
2812 5221 2896 5273 his
2918 5239 3037 5291 qua:
3060 5226 3209 5280 valde
3232 5232 3442 5301 perspi-

1882 5320 1982 5359 cua
2011 5313 2292 5375 putantur,
2319 5308 2504 5362 subest
2530 5324 2626 5378 per
2655 5324 2933 5381 anagogen
2956 5352 2971 5375 ,
2998 5314 3049 5369 id
3076 5328 3159 5371 est
3193 5318 3436 5390 figurant,

1883 5412 1987 5468 qua
2019 5399 2325 5455 intellectus
2348 5399 2414 5454 ad
2440 5401 2633 5455 altiora
2662 5403 3001 5472 subvehitur,
3033 5413 3437 5482 contemplatio.

296 5664 1167 5759 Evtujﬁ,"sic-habetur:
1186 5668 1647 5759 Si'riinltititdinem
1684 5672 1917 5759 scientiw
1945 5677 2208 5734 desiderat
2230 5684 2343 5753 quis
2369 5700 2387 5737 :
2414 5684 2510 5739 scit
2530 5687 2797 5753 pra’terita
2817 5694 2866 5742 et
2887 5687 2949 5743 de
2977 5688 3173 5759 futuris
3196 5691 3424 5748 (tum:

239 5734 323 5784 ιοίι
358 5739 605 5790 ιιιγδιιιὶαε
639 5753 969 5804 sermonum,
1005 5748 1053 5791 et
1089 5739 1457 5795 dissolutiones
1495 5754 1943 5814 argumentorum,
2020 5733 2024 5734 ί
2101 5733 2106 5734 ί
2242 5733 2341 5753 ’Ἣ
2370 5733 2381 5737 ⁷
2530 5733 2796 5753 "mm"
2817 5733 2862 5742 ”
2888 5733 2946 5743 ”’
2977 5733 3172 5759 "mm"
3196 5733 3444 5760 “””””””
