3922 6472
467 346 469 348 ·
501 317 609 373 575
1766 320 1828 378 S.
1865 317 2195 377 GREGORII
2215 316 2510 376 N’YSSENI
3614 323 3705 379 ετδ

495 433 651 501 Quod
687 434 730 488 si
766 446 886 502 qua:
921 430 1103 486 facilia
1139 439 1276 486 sunt
1316 439 1372 487 ct
1419 431 1474 486 in
1522 439 1777 503 promptu
1844 435 1899 490 in
1967 434 2044 487 ha:

2171 434 2374 505 ταύτης
2430 415 2741 501 ἀναγκαίως
2791 431 3040 504 ἐπιζητεῖ
3093 431 3194 504 τὴν
3241 432 3706 508 λεπτομερεστέραν

496 529 778 599 Scriptura
822 526 1143 580 necessario
1182 517 1528 581 subtiliorem
1570 527 1975 596 inquisitionem
2015 542 2045 579 e

2169 525 2436 590 ἐξέτασιν,
2464 525 2612 594 πόσῳ
2645 523 2842 594 μᾶλλον
2865 525 3048 578 ἐκεῖνα
3075 521 3157 588 οἷς
3187 524 3324 578 πολὺ
3346 526 3410 578 τὸ
3442 527 3634 598 ἀσαφές
3659 551 3707 587 τε

492 618 957 675 exanimationem
978 617 1289 687 postulant,
1315 625 1520 687 quanto
1553 619 1720 687 magis
1752 618 1840 670 illa
1871 618 2041 686 quibu

2171 618 2263 670 καὶ
2293 615 2662 686 δυσθεώρητον
2689 617 2753 668 ὲκ
2784 615 2884 684 τῆς
2918 613 3146 668 αὐτόθεν
3180 615 3295 668 ἐστὶ
3327 619 3708 688 κατανοήσεοῃ

494 711 786 781 plurimum
838 709 982 765 inest
1017 710 1370 764 obscuritatis
1401 722 1454 764 et
1485 709 1853 772 dilIicultatis,
1901 726 1964 764 ex
2005 726 2043 765 ei

2183 708 2551 778 Ἐξετάσωμεν
2582 707 2759 760 τοίνυν
2806 708 2868 759 ἐκ
2909 707 3008 777 τῆς
3058 707 3185 777 περὶ
3225 706 3311 760 τὸν
3343 709 3504 762 τύπον
3530 711 3710 764 ἐκεῖνον

492 820 612 874 quas
634 803 760 857 inde
780 804 1040 865 sumitur,
1061 802 1372 870 cognitione
1393 813 1442 856 et
1465 802 1849 871 intelligentia?
1869 800 2041 866 Quam

2171 799 2535 870 συμφράσεως
2556 799 2662 852 τῶν
2693 797 2970 869 ῥημάτων,
3003 798 3056 850 εἷ
3081 816 3133 851 τι
3157 798 3325 868 σαφὲς
3357 801 3390 869 ἡ
3423 800 3530 852 τῶν
3553 819 3712 873 παρα-

490 897 680 954 obrem
739 897 1090 964 exquiramus
1135 909 1198 948 ex
1248 896 1540 950 verborum
1607 902 1868 948 contextu
1924 894 2039 946 illiu

2169 891 2436 961 κειμένων
2462 891 2760 958 ἀνάγνωσις
2780 890 2892 958 ἔχει
2909 927 2921 942 .
2949 889 3348 960 Προδιαγράφει
3368 891 3467 961 τὴν
3487 893 3667 960 Σοφίαν
3690 897 3713 948 6

494 989 634 1050 loci,
667 988 713 1042 si
744 1001 904 1055 quem
939 984 1288 1041 maniiestnm
1319 1002 1538 1040 sensum
1569 985 1731 1040 habet
1760 987 2040 1054 proposito

2168 983 2343 1052 λόγος,
2377 985 2561 1054 ῥήσεις
2588 983 2739 1046 τινὰς
2775 982 2835 1047 ἐξ
2861 982 3061 1047 οἰκείου
3093 983 3391 1047 διεξιοῦσαν
3424 985 3711 1055 προσώπου·

494 1096 624 1133 τιηιιι
648 1079 834 1134 lectio.
874 1077 1149 1132 Describit
1178 1093 1358 1132 sermo
1382 1075 1746 1143 Sapientiam,
1787 1091 2043 1131 sermone

2169 1076 2453 1128 ἐπίσταται
2479 1075 2535 1128 δὲ
2561 1075 2775 1138 πάντως
2802 1075 2831 1126 6
2853 1074 3154 1144 φιλομαθὴς
3197 1074 3268 1127 τὰ
3290 1076 3348 1128 ὲν
3374 1075 3451 1146 τῷ
3475 1077 3616 1148 τόπῳ
3639 1079 3713 1132 λε-

492 1172 758 1241 qttosdam
787 1187 850 1223 ex
889 1170 1109 1239 propria
1145 1185 1375 1238 persona
1406 1178 1774 1223 enarrantem.
1816 1168 1932 1222 Scit
1966 1183 2041 1220 au-

2168 1169 2372 1239 γόμενα
2391 1185 2404 1200 ·
2439 1170 2570 1221 ὅπου
2605 1171 2936 1239 κατασκηνοί
2965 1168 3072 1237 μὲν·
3095 1167 3283 1238 βουλὴν
3310 1170 3346 1237 ἡ
3403 1169 3584 1236 Σοφία,
3611 1172 3714 1222 ἐπι-

493 1274 600 1319 tem
633 1265 912 1320 studiosus
944 1264 1104 1332 plane
1124 1304 1138 1326 ,
1173 1277 1292 1331 qua
1319 1262 1376 1314 in
1405 1276 1471 1315 co
1504 1261 1624 1314 loco
1652 1259 1943 1324 dicuntur;
1973 1260 2042 1313 uh

2169 1261 2410 1312 καλεῖται
2434 1259 2489 1311 δὲ
2517 1257 2716 1326 γνῶσιν
2738 1258 2830 1311 καὶ
2855 1257 3082 1321 ἔννοιαν,
3105 1258 3288 1328 κτῆμα
3308 1258 3366 1311 δὲ
3388 1257 3529 1327 ἔχειν
3551 1261 3712 1330 φησὶν,

495 1353 803 1425 Sapientia,
836 1355 890 1407 in
929 1353 1161 1408 consilio
1212 1353 1456 1407 habitare
1501 1368 1561 1408 se
1617 1352 1939 1422 praidicat‘,
1972 1352 2044 1406 ad

2173 1352 2323 1422 ἰσχύν
2350 1368 2406 1404 τε
2442 1351 2537 1404 καὶ
2569 1351 2834 1422 φρόνησιν
2853 1368 2866 1381 ·
2899 1349 3038 1421 αὑτὴ
3062 1350 3118 1403 δὲ
3149 1349 3471 1420 ὀνομάζεται
3509 1352 3712 1417 σύνεσις·

490 1460 650 1506 vocat
673 1458 854 1503 autem
883 1447 1250 1517 cognitionem
1275 1453 1330 1499 et
1355 1446 1602 1499 noti-tiam
1622 1485 1636 1509 ,
1664 1443 2039 1514 possessionen

2169 1449 2226 1500 ἐν
2277 1446 2417 1507 ὁδοῖς
2460 1445 2517 1497 δὲ
2570 1445 2890 1514 περιπατεῖν
2925 1443 3302 1512 δικαιοσύνης,
3339 1444 3434 1497 καὶ
3471 1445 3715 1513 ἁναμέσον

491 1556 623 1594 vero
651 1539 783 1592 dicit
817 1553 877 1594 se
911 1538 1114 1591 habere
1164 1536 1536 1590 fortitudinem
1587 1542 1640 1589 et
1685 1534 2027 1603 prudentiam

2166 1537 2300 1591 ὁδῶν
2331 1535 2696 1605 δικαιώματος
2724 1533 3178 1607 ἀναστρέφεσθαι.
3209 1534 3347 1603 Φησὶ
3371 1534 3427 1588 δὲ
3462 1534 3526 1587 δι’
3545 1536 3715 1605 ἑαυτῆς

491 1631 606 1700 ipsa
641 1638 817 1682 autem
848 1628 1163 1682 nominatur
1196 1624 1587 1694 intelligentia,
1622 1624 1675 1677 in
1711 1625 1814 1678 viis
1843 1623 2040 1692 j-ustitia

2169 1628 2472 1698 βασιλεύειν
2503 1628 2628 1690 τοὺς
2665 1625 3046 1696 βασιλεύοντας
3073 1668 3089 1692 ,
3121 1626 3469 1697 δικαιοσύνην
3511 1629 3718 1699 γράφειν

489 1737 548 1776 se
572 1721 852 1774 ambulare
873 1759 888 1782 ,
915 1729 969 1773 et
999 1719 1059 1771 in.
1081 1717 1258 1771 taedio
1283 1717 1602 1770 semitarum
1626 1714 1818 1784 judicii
1845 1728 2038 1767 conver

2168 1721 2291 1783 τοὺς
2336 1717 2789 1780 δυναστεύοντας,
2836 1717 2930 1770 καὶ
2974 1717 3072 1788 τῆς
3128 1716 3337 1771 ἑαυτῶν
3382 1722 3717 1789 κατακρατεῖν

489 1814 640 1868 sari:
673 1811 807 1866 dicit
839 1811 1004 1864 etiam
1048 1824 1144 1878 per
1195 1823 1255 1862 se
1303 1823 1456 1871 reges
1505 1821 1766 1877 regnare,
1815 1813 2038 1875 potente:

2170 1779 2420 1880 ﬁgvtob;
2447 1809 2760 1878 τυράννους.
2777 1779 2909 1862 ν”Οτι
2935 1779 3218 1877 γὰρούδὲν
3249 1808 3354 1861 τῶν
3389 1779 3719 1879 εἰρημένωνὸ

482 1905 757 1974 justitiam
790 1902 1083 1958 decernere
1105 1941 1118 1964 ,
1157 1907 1211 1953 et
1245 1906 1404 1952 terra:
1438 1911 1550 1950 suae
1592 1907 1855 1966 tyrannos
1888 1894 2031 1948 domi

2172 1900 2544 1970 λελογισμένος
2583 1897 2949 1964 ἀνεξετάστως
2990 1900 3056 1950 ὲκ
3099 1899 3196 1968 τῆς
3243 1898 3462 1969 ἑτοίμου
3508 1899 3721 1965 διανοίας

487 1995 628 2052 nari.
674 1993 830 2060 Quod
870 1994 1023 2048 enim
1061 2007 1128 2047 ex
1173 1991 1261 2045 his
1293 2004 1413 2058 quae
1444 1988 1589 2042 dicta
1620 1995 1748 2041 sunt
1777 1987 1869 2056 qui
1903 1993 2036 2040 recta

2170 1989 2545 2064 προσδέχεται,
2567 1991 2730 2044 παντὶ
2749 1989 2906 2059 δῆλόν
2927 1991 3094 2042 ἐστιν.
3114 1990 3178 2042 Εἰ
3205 1990 3314 2061 γὰρ
3339 1992 3389 2043 οἱ
3418 1989 3642 2060 βασιλεῖς
3662 1991 3719 2044 δι’

488 2085 717 2141 rationis
741 2084 951 2154 judicio
980 2098 1114 2136 usus
1147 2081 1310 2136 fuerit
1341 2080 1476 2133 nihil
1513 2089 1715 2133 temere
1742 2087 1796 2133 et
1823 2078 2034 2132 inconsi

2174 2085 2385 2154 ἐκείνης
2415 2085 2507 2138 ἐπὶ
2533 2083 2629 2155 τὴν
2657 2083 2972 2137 δυναστείαν
2995 2086 3347 2155 προάγονται,
3372 2085 3468 2137 καὶ
3490 2085 3611 2155 παρ’
3637 2085 3723 2136 αύ-

486 2179 674 2234 derate
706 2193 774 2236 ex.
805 2191 870 2230 eo
904 2190 1067 2230 sensu
1107 2173 1200 2244 qui
1248 2172 1302 2226 in
1334 2179 1589 2242 promptu
1631 2180 1713 2224 est
1778 2178 1834 2224 et
1890 2169 2035 2238 prim:

2174 2181 2266 2246 τῆς
2295 2179 2328 2248 ἡ
2359 2175 2611 2247 τυραννὶς
2639 2176 2738 2246 τὴν
2777 2176 2928 2247 ἰσχὺν
2957 2175 3070 2246 ἔχει
3090 2191 3106 2207 ⁸
3135 2177 3348 2247 ἀνάγκη
3379 2180 3525 2231 πᾶσα
3548 2195 3723 2246 τυραν-

493 2269 674 2324 l'ronte
716 2275 980 2336 apparet,
1019 2265 1304 2325 admittet,
1349 2263 1525 2317 cuivis
1566 2271 1649 2316 est
1693 2262 2038 2331 perspicuum

2171 2270 2379 2320 νοποιὸν
2410 2268 2538 2337 ἡμῖν
2570 2265 2668 2336 τὴν
2709 2266 2896 2336 σοφίαν
2924 2267 3284 2336 ἀναφανῆναι,
3321 2269 3417 2321 καὶ
3444 2269 3546 2321 τῶν
3575 2285 3720 2336 πονη-

491 2359 627 2412 Nam
660 2359 704 2412 si
742 2373 836 2425 per
868 2358 1011 2409 illam
1049 2357 1114 2409 ad
1149 2354 1443 2425 potentiam
1481 2369 1632 2424 reges
1665 2357 2040 2422 provehantur

2171 2357 2282 2428 ρῶς
2302 2360 2358 2410 ὲν
2395 2357 2637 2427 βασιλείᾳ
2658 2356 3150 2420 ὼναστευσάντων,
3183 2359 3263 2421 είς
3294 2359 3490 2429 ἑαυτὴν
3521 2375 3719 2429 μετατι-

496 2457 550 2502 et
581 2451 645 2499 ab
679 2448 794 2515 ipsa
828 2447 995 2499 robur
1024 2445 1184 2499 habet
1230 2445 1478 2512 tyrannis
1506 2462 1519 2497 ε
1567 2444 1792 2498 omnino
1834 2451 1920 2498 est
1970 2458 2045 2496 ne

2173 2448 2317 2501 θέναι
2347 2449 2446 2511 τὰς
2481 2448 2734 2519 μέμψεις.
2780 2447 2918 2501 Ἀλλ’
2951 2447 3173 2516 οἴδαμεν
3205 2446 3464 2515 βασιλέας
3486 2450 3602 2512 τοὺς
3631 2449 3722 2502 ὑπὸ

488 2540 823 2600 cessarium,
883 2537 1204 2606 sapientiam
1257 2535 1633 2606 tyranniiicam
1683 2537 1846 2590 nobis
1895 2552 2037 2606 appa-

2174 2542 2263 2612 τῆς
2290 2539 2479 2608 σοφίας
2511 2540 2676 2603 ὅντως
2709 2543 2789 2603 είς
2813 2540 2909 2611 τὴν
2940 2540 3294 2610 ἀτελεύτητον
3341 2543 3620 2610 προῖόντας
3643 2544 3723 2613 ἁρ-

486 2644 609 2684 r-ere
629 2668 646 2691 ,
675 2638 840 2698 atque
871 2642 1058 2682 eorum
1092 2627 1184 2696 qui
1217 2626 1464 2694 iprobe
1496 2626 1550 2679 in
1585 2642 1750 2696 regno
1776 2627 2030 2680 doni-inani

2172 2633 2290 2703 χὴν,
2315 2631 2441 2693 τοὺς
2480 2632 2729 2700 πτωχοὺς
2767 2631 2843 2702 τῷ
2886 2630 3156 2701 πνεύματι
3186 2648 3200 2660 ο
3228 2625 3305 2684 ὧν
3335 2634 3518 2702 κτῆμα
3558 2635 3587 2703 ή
3630 2633 3721 2686 τῶν

487 2733 597 2783 tur,
631 2722 861 2775 crimina
909 2720 963 2772 in
1008 2718 1243 2788 seipsam
1284 2718 1608 2772 transferre.
1662 2717 1774 2771 Sed:
1811 2718 2030 2772 novimu

2172 2721 2412 2791 οὐρανῶν
2445 2721 2561 2771 ἐστι
2598 2719 2872 2788 βασιλεία”
2904 2718 3086 2782 καθὼς
3109 2721 3138 2772 6
3180 2719 3406 2790 Κύριος,
3441 2721 3496 2782 ὃς
3535 2721 3721 2789 ἐστινὴ

487 2814 626 2867 alios
663 2828 838 2881 reges,
878 2810 972 2880 qui
1017 2825 1048 2863 a
1089 2809 1359 2878 sapientia
1386 2824 1512 2863 vere
1545 2807 1612 2860 ad
1645 2817 1904 2862 aeternum
1937 2809 2036 2863 line

2173 2813 2333 2881 σοφία
2361 2811 2454 2864 τοῦ
2498 2810 2852 2880 Εὑαγγελίου,
2897 2810 3416 2878 κατεπαγγέλλεται.
3467 2810 3721 2873 Τοιούτους

493 2922 600 2974 quc
631 2919 822 2957 carens
853 2903 1131 2955 ducuntur
1159 2899 1445 2967 imperium
1470 2937 1486 2962 ,
1517 2899 1768 2951 videlicet
1801 2915 2042 2968 paupere:

2173 2906 2265 2958 καὶ
2304 2905 2431 2968 τοὺς
2471 2905 2738 2967 δυνάστας
2779 2902 3248 2972 ὲπιγινὼσκομεν,
3290 2905 3416 2967 τοὺς
3452 2902 3587 2956 κατὰ
3629 2902 3722 2956 τῶν

487 2997 702 3065 spiritu,
722 3008 952 3064 quorum
981 2991 1256 3062 possessio
1274 3005 1502 3060 regnum
1521 2999 1607 3044 est
1624 2991 1893 3043 culorum
1915 3009 1926 3044 :
1957 2991 2036 3044 sic

2174 2994 2358 3047 παθῶν
2387 2994 2806 3058 δυναστεύοντας
2825 3033 2841 3058 ,
2873 2995 2997 3057 τοὺς
3035 2993 3107 3063 μὴ
3150 2992 3534 3062 δουλουμένους
3561 2995 3620 3062 τῇ
3646 2991 3723 3044 δυ-

487 3097 546 3140 υι
597 3085 892 3149 Dominus,
946 3083 1036 3151 qui
1071 3090 1155 3136 est
1196 3081 1464 3149 sapientia
1512 3078 1807 3149 Evangelii,
1843 3084 2036 3148 promit

2172 3087 2393 3158 ναστείᾳ
2428 3088 2525 3156 τῆς
2571 3085 2877 3156 ἁμαρτίας·
2922 3086 2974 3138 οἳ
3027 3084 3275 3152 καθάπερ
3317 3085 3485 3154 δέλτῳ
3525 3084 3624 3137 τινὶ
3655 3081 3721 3152 τῷ

487 3176 598 3230 tit'
635 3195 648 3228 :
683 3175 816 3227 tales
875 3175 1038 3228 etiam
1090 3180 1340 3241 potentes
1382 3138 1768 3240 intelligimus,
1825 3173 1916 3240 qui
1970 3172 2036 3224 ad

2173 3138 2284 3245 ίδίῳ
2315 3138 2413 3245 ptip
2567 3138 2914 3245 διέιαίοσύνην
2941 3138 3332 3244 ἐγγράφουσιν.
3369 3138 3551 3236 Οὕτως
3581 3173 3664 3226 καὶ

487 3282 681 3322 versus
717 3264 992 3334 appetitus
1021 3273 1074 3318 et
1109 3264 1396 3332 passiones
1429 3262 1727 3332 potentiam
1769 3270 2027 3316 exercent

2172 3267 2426 3338 ἐπαινετὴ
2451 3267 2722 3336 τυραννὶς,
2753 3269 2817 3338 τῇ
2849 3266 3135 3337 συμμαχίᾳ
3166 3266 3266 3335 τῆς
3303 3267 3493 3334 σοφίας
3515 3265 3604 3336 τὴν
3629 3264 3721 3317 τῶν

487 3360 581 3429 qui
619 3375 724 3410 non
760 3358 1004 3411 serviunt
1040 3355 1295 3423 potestati
1347 3354 1576 3422 peccati,
1609 3353 1700 3422 qui
1738 3354 1791 3407 in
1824 3357 1931 3407 vita
1968 3370 2029 3406 su

2173 3357 2356 3410 παθῶν
2387 3356 2756 3427 δημοκρατίαν
2787 3357 2866 3419 είς
2891 3357 2988 3426 τὴν
3015 3354 3105 3408 τοῦ
3136 3355 3226 3407 νοῦ
3257 3356 3549 3425 μοναρχίαν
3580 3367 3722 3422 μετα-

488 3462 750 3520 tanqnam
797 3450 981 3502 tabula
1023 3447 1259 3516 quadam
1309 3447 1574 3517 justitiam
1608 3447 1938 3501 inscribunt.
1977 3446 2031 3500 Si

2172 3451 2512 3513 σκευάσασα,
2565 3449 2896 3518 δουλαγωγεί
2953 3448 3022 3502 τὰ
3075 3448 3258 3510 κακῶς
3311 3450 3392 3511 είς
3436 3447 3721 3517 ἐλευθερίαν

486 3544 650 3599 etiam
699 3541 990 3594 laudabilis
1018 3539 1303 3609 tyrannis,
1358 3553 1479 3607 qua:
1529 3539 1733 3592 auxilio
1785 3540 2035 3609 sapienti:

2173 3544 2565 3614 ἀφηνιάζοντα·
2599 3543 2777 3596 πάντα
2802 3543 2872 3595 τὰ
2906 3543 3187 3611 σωματικά
3213 3558 3272 3594 τε
3299 3543 3396 3595 καὶ
3424 3543 3576 3611 γήϊνα
3599 3539 3722 3607 λέγω

488 3635 807 3707 passionum
839 3633 952 3688 sive
983 3631 1276 3685 aﬂectuum
1305 3630 1717 3696 democratiam,
1764 3632 1825 3683 in.
1865 3633 2030 3685 menti

2172 3637 2513 3705 φρονήματα.
2558 3634 2624 3686 Ἣ
2666 3635 2774 3704 γὰρ
2805 3633 2940 3703 σὰρξ
2977 3633 3232 3702 ἐπιθυμεῖ
3281 3632 3427 3686 κατὰ
3461 3631 3550 3686 τοῦ
3579 3628 3721 3684 πνεύ-

491 3726 866 3784 monarchiam
896 3733 1180 3795 postquam
1213 3723 1575 3786 converterit,
1605 3738 1668 3778 ea
1695 3741 1814 3794 qua:
1845 3726 1984 3779 male
2010 3727 2040 3780 ἱι

2174 3709 2358 3797 ματοςξ
2392 3727 2488 3780 καὶ
2515 3730 2580 3798 τῇ
2616 3727 2757 3798 ἀρχῇ
2785 3727 2884 3797 τῆς
2911 3725 3092 3795 ψυχῆς
3115 3725 3492 3779 ἐπανίσταται.
3529 3722 3720 3790 Ταύτης

491 3821 795 3874 libertatem
828 3817 1036 3871 frenum
1063 3815 1312 3869 mordent
1334 3822 1386 3868 et
1412 3815 1648 3868 ferocius
1670 3817 1979 3879 exsultant,
2010 3818 2040 3869 in

2172 3816 2264 3871 οὖν
2304 3821 2496 3889 κρατεῖ
2527 3819 2624 3888 τῆς
2656 3819 2758 3888 γῆς
2794 3819 2823 3870 6
2859 3817 3096 3880 τοιοῦτος
3147 3816 3428 3886 τύραννος,
3457 3814 3521 3887 ἧς
3561 3818 3721 3884 ἄρχων

489 3914 806 3967 servitutem
841 3908 1058 3978 redigit.
1102 3905 1303 3961 Omnia
1344 3897 1648 3974 corporalia
1690 3914 1746 3961 et
1784 3909 2038 3962 terrestri:

2018 3909 2063 3960 ia
2173 3909 2374 3978 ἐτάχθη
2403 3909 2542 3962 κατὰ
2567 3908 2666 3980 τὴν
2694 3909 2917 3981 πρώτην
2941 3909 3113 3961 κτίσιν
3140 3909 3243 3961 ὑπὸ
3267 3909 3361 3962 τοῦ
3387 3909 3567 3976 Λόγου.

491 4006 726 4073 cogitata
757 4015 810 4056 et
840 4002 1021 4056 studia
1056 3999 1320 4069 intelligo.
1354 3997 1500 4052 Caro
1541 4000 1686 4054 enim
1718 4002 2061 4070 concupiscit
2093 4002 2357 4057 adversus
2387 4004 2641 4072 spiritum
2679 4004 2705 4035 ⁸·
2734 4011 2789 4058 et
2815 4013 3007 4058 contra
3041 4002 3207 4056 animi
3239 4002 3523 4071 imperium
3551 4013 3720 4053 exsur-

490 4097 568 4168 git
593 4115 607 4149 :
645 4095 772 4147 huic
803 4095 967 4164 igitur
1001 4101 1160 4146 terra:
1187 4089 1504 4144 dominatur
1532 4089 1637 4144 iste
1662 4099 1950 4161 tyrannus,
1983 4091 2142 4160 cujus
2167 4093 2422 4162 princeps
2447 4094 2745 4148 secundum
2773 4095 2999 4164 primam
3029 4095 3364 4152 creationem
3397 4110 3427 4148 ο
3459 4092 3624 4147 Verbo
3648 4096 3721 4144 est

494 4191 807 4246 ordinatus.

566 4284 719 4338 Sicut
770 4283 931 4350 igitur
967 4282 1082 4336 haec
1134 4283 1204 4337 ab
1258 4283 1516 4337 omnibus
1579 4291 1725 4336 recte
1782 4283 2068 4336 sentienti-

2260 4285 2346 4339 Ὠς
2384 4286 2566 4340 τοίνυν
2606 4287 2774 4340 ταῦτα
2827 4289 2978 4359 παρὰ
3017 4288 3230 4340 πάντων
3270 4289 3599 4357 ὁμολογεῖται
3625 4281 3718 4333 τῶν

496 4377 599 4430 bus
650 4375 1041 4438 conceduntur,
1107 4389 1230 4427 cum
1289 4374 1384 4426 tali
1441 4373 1792 4441 intelligentia
1843 4373 2045 4442 legend:

2174 4377 2608 4447 εὐφρονούντων,
2647 4378 2783 4449 μετὰ
2813 4379 3066 4448 τοιαύτης
3107 4378 3345 4442 διανοίας
3375 4376 3716 4444 ἀναγινώσκε-

495 4483 618 4522 esse
673 4465 853 4535 potius
915 4479 1080 4532 quam
1134 4478 1259 4517 cum
1305 4478 1369 4518 ea
1419 4479 1541 4534 qua
1595 4465 1961 4518 corticetenus
2013 4465 2044 4518 il

2175 4470 2299 4523 σθαι
2334 4471 2596 4541 μᾶλλονῆ
2639 4471 2775 4540 μετὰ
2805 4470 2906 4540 τῆς
2947 4473 3060 4532 τοῖς
3102 4471 3283 4539 ῥητοῖς
3324 4465 3715 4537 ὲπιφαινομένης

498 4559 679 4613 verbis
758 4569 983 4626 apparet
1052 4556 1220 4623 prima
1289 4555 1468 4610 fronte
1540 4557 1742 4609 oblata.
1829 4553 1918 4608 Sic
2000 4571 2047 4610 e1

2169 4561 2308 4614 κατὰ
2335 4561 2392 4612 τὸ
2421 4561 2706 4630 πρόχειρον
2725 4575 2740 4591 ⁸
2769 4560 2942 4623 οὕτως
2969 4559 3110 4621 εἰκός
3133 4561 3279 4610 ἐστιν
3312 4560 3378 4610 ὲκ
3405 4556 3494 4610 τοῦ
3519 4553 3715 4608 ἀκολού-

498 4651 891 4719 consequentia
929 4656 1356 4701 consentaneum
1407 4655 1529 4710 est,
1581 4651 1942 4702 cohaerentem
1983 4649 2047 4702 his

2170 4634 2263 4706 θὸυ
2286 4652 2566 4724 προσεχῶς
2591 4652 2796 4715 τούτοις
2821 4651 2920 4719 τὴν
2946 4649 3128 4719 φωνὴν
3153 4649 3368 4719 ἐκείνην
3398 4659 3717 4714 συγγεγραμ·

497 4757 688 4796 vocem
759 4741 903 4793 illam
969 4739 1362 4809 conscriptam,
1432 4755 1543 4792 non
1617 4740 1940 4809 simpliciter
2013 4758 2042 4794 e

2174 4744 2360 4815 μένην,
2399 4743 2472 4815 μὴ
2503 4743 2686 4806 ἁπλῶς
2719 4760 2777 4795 τε
2809 4743 2901 4796 καὶ
2932 4743 3300 4806 ἀνεξετάστως
3333 4742 3483 4812 παρὰ
3515 4739 3614 4791 τῶν
3642 4735 3715 4787 εὑ-

499 4835 836 4902 inexplorato
903 4831 972 4884 ab
1041 4830 1126 4883 his
1186 4830 1279 4898 qui
1323 4838 1500 4885 recte
1563 4831 1780 4899 sapiunt
1829 4830 2039 4884 admitti

2171 4835 2507 4906 φρονούντων
2529 4834 2951 4904 Μραδεχθῆναυ
2981 4829 3102 4884 Ἐὰν
3113 4829 3416 4900 ἀναγγείλω
3431 4831 3458 4882 ύ
3468 4833 3570 4900 μῖν,
3581 4843 3644 4895 φη
3652 4825 3712 4886 σἰν

504 4925 560 4980 Si
595 4923 990 4976 annuntiavero
1049 4922 1223 4984 vobis,
1283 4921 1482 4990 inquit,
1531 4937 1593 4976 ea
1650 4938 1773 4991 quae
1825 4921 2053 4991 quolidit

2173 4927 2242 4979 τὰ
2268 4925 2388 4980 καθ’
2419 4927 2630 4996 ἡμέραν
2659 4926 2941 4994 γινόμενα,
2975 4921 3328 4994 μνημονεύσω
3360 4921 3426 4974 τὰ
3451 4918 3508 4984 ἐξ
3545 4917 3715 4974 αἰῶνος

503 5020 658 5081 iiunt,
695 5025 749 5070 et
793 5015 839 5070 si
870 5015 922 5068 in
956 5014 1277 5068 memoriam
1323 5028 1654 5067 revocavero
1683 5028 1972 5067 numerare
2004 5026 2052 5066 et

2176 5014 2679 5086 ἁπαριθμήσασθαι,
2730 5015 2946 5081 Κύριος
3000 5011 3203 5064 ἐκτισέ
3228 5027 3325 5080 με.
3371 5011 3433 5063 Τί
3483 5025 3567 5078 μοι
3598 5001 3713 5074 πρὸς

501 5128 621 5180 qua:
665 5126 694 5161 a
731 5108 934 5162 saeculo
988 5107 1131 5160 facta
1183 5113 1343 5168 sunt,
1395 5105 1649 5160 Dominus
1703 5105 1895 5158 creavit
1926 5105 2043 5157 me"

2175 5105 2637 5177 ταύτην,ὲρεῖ,τὴν
2660 5105 2891 5175 φωνὴν,ὁ
2915 5103 3015 5172 τῆς
3035 5103 3229 5168 λέξεως
3247 5101 3450 5165 δοῦλος,
3469 5101 3496 5152 ὁ
3521 5097 3591 5166 τῷ
3615 5097 3713 5165 ἤχῳ

502 5201 644 5269 Quid
679 5200 809 5251 mihi
854 5197 920 5250 ad
955 5197 1095 5250 hanc
1137 5196 1519 5252 vocem?dicet
1557 5211 1751 5250 servus
1792 5195 2046 5250 dictionis

2177 5199 2286 5252 τῶν
2328 5196 2602 5251 συλλαϐῶν
2657 5194 2958 5258 Ἰουδαϊκῶς
2992 5193 3468 5265 προσκαθήμενος;
3509 5186 3622 5257 Ἆρ’
3660 5184 3710 5235 οὗ

501 5293 596 5363 qui
645 5289 976 5360 syllabarum
1018 5303 1154 5342 sono
1199 5287 1438 5341 adhaeret
1479 5285 1711 5340 Iudaico
1760 5301 1932 5340 more.
1986 5287 2048 5338 At

2175 5291 2322 5344 δοκεί
2357 5289 2603 5358 ξενισμὸν
2653 5291 2899 5359 ἐμποιεῖν
2946 5289 3011 5357 τῇ
3060 5287 3195 5356 ἀκοῇ
3234 5285 3337 5338 τῶν
3384 5285 3713 5336 ἐπιστατικω·

501 5401 611 5439 non
652 5383 767 5436 haec
804 5382 1097 5436 verborum
1137 5379 1477 5434 constructio
1503 5378 1720 5433 videtur
1744 5392 1933 5431 eorum
1975 5392 2050 5430 au

2176 5380 2348 5448 τέρων
2401 5379 2435 5448 ἡ
2487 5377 2772 5443 σύνταξις;
2821 5376 2945 5429 Ἐὰν
2991 5375 3292 5438 ἁναγγεὶλω
3332 5375 3454 5442 ὑμῖν
3500 5368 3564 5421 τὰ
3608 5361 3709 5418 καθ’

502 5478 640 5530 dilui
665 5516 679 5538 ,
710 5475 803 5547 qui
843 5475 1164 5528 attentiores
1199 5482 1350 5536 sunt,
1403 5471 1590 5526 nescio
1630 5471 1762 5540 quid
1802 5471 2049 5541 peregrin

2174 5467 2386 5538 ἡμέραν
2415 5467 2694 5535 γινόμενα.
2721 5467 2931 5536 Κύριος
2961 5465 3161 5520 ἔκτισέ
3189 5481 3283 5534 με.
3301 5465 3384 5526 Ὠς
3412 5461 3501 5514 ἐὰν
3535 5458 3600 5528 μὴ
3634 5457 3712 5547 αν⁶

501 5579 554 5624 et
600 5569 723 5622 novi
782 5567 1143 5637 ingenerare?
1195 5567 1253 5620 Si
1307 5564 1703 5620 annuntiavero
1754 5563 1910 5617 vobis
1949 5577 2050 5631 qua

2178 5559 2405 5629 αγγείλῃ
2428 5558 2499 5611 τὰ
2521 5559 2642 5612 καθ’
2663 5559 2873 5631 ἡμέραν
2899 5557 3174 5626 γινόμενα,
3209 5555 3346 5610 κατὰ
3369 5554 3426 5607 τὸ
3453 5544 3709 5606 ἀκόλουθον

578 5763 919 5839 ⁸Ρτον.νιιι,
946 5768 1035 5826 19..
1110 5769 1131 5801 ⁸
1174 5766 1360 5823 Matth.
1387 5782 1434 5834 ν,
1474 5765 1528 5820 5.
1607 5766 1628 5797 ⁸
1657 5764 1831 5818 Galat.
1863 5782 1913 5829 ν,
1951 5763 2031 5817 17.
2113 5764 2127 5794 ⁷

1110 5769 1131 5801 ⁸
1174 5766 1360 5823 Matth.
1387 5782 1434 5834 ν,
1474 5765 1528 5820 5.
1607 5766 1628 5797 ⁸
1657 5764 1831 5818 Galat.
1863 5782 1913 5829 ν,
1951 5763 2031 5817 17.
2113 5764 2132 5794 ⁷
2155 5761 2312 5816 Prov.
2348 5775 2465 5826 vui,
2499 5760 2589 5813 ‘22.
