3922 6462
264 339 355 396 577

1325 329 1601 386 CONTRA
1636 328 2026 400 EUNOMIUM,
2058 331 2187 387 LIB.
2222 331 2307 387 ιιι.

3352 333 3465 389 578

258 454 340 509 καὶ
364 452 422 506 τὸ
445 449 685 505 ἐκτίσθαι
704 449 920 512 πάντως
940 448 1251 518 ἀρνήσεται.
1285 447 1344 501 Ὀ
1370 447 1480 519 γὰρ
1505 446 1691 513 εἰπὼν,
1723 449 1803 502 ὅτι

1907 446 2155 517 quotidie
2186 446 2343 508 ﬁunt,
2387 443 2645 497 Dominus
2688 444 2883 497 creavit
2918 460 3018 499 me.
3054 442 3221 509 Quasi
3264 444 3369 499 nisi
3411 461 3474 499 ea

258 543 371 597 Ἐἀν
385 544 586 609 ἀναγγε
596 540 686 593 ίλω
698 541 972 611 ὲκτίσθην,
984 538 1180 590 δέδωκε
1199 540 1337 591 νοεῖν
1359 540 1496 591 κατά
1510 538 1571 592 τὸ
1590 540 1806 591 σιωπώ-

260 652 435 705 μενον,
464 633 547 684 ὃτι
566 631 685 687 υύοι
719 630 972 701 ὲκτίσθην
1001 628 1094 681 ἐὰν
1128 630 1206 699 ,μὴ
1236 629 1558 697 ἀναγγείλω.
1592 631 1811 698 Κύριος

253 722 439 778 ἐκτιοιέ
464 740 562 791 με,
601 723 783 791 φησὶν,
804 720 1001 789 ἀρχὴν
1025 720 1180 774 ὁδῶν
1203 722 1408 785 αὑτοῦ,
1428 724 1515 786 εις
1536 720 1678 789 ἔργα
1702 724 1810 774 αὐ-

254 815 368 877 τοῦ,
396 816 501 883 πρὸ
526 815 624 867 τοῦ
650 815 843 877 αίῶνος
866 814 1194 884 ἐθεμελίωσέ
1224 831 1288 884 με
1315 816 1374 865 ὲν
1398 816 1563 884 ἀρχῇ,
1594 813 1698 884 πρὸ
1717 814 1809 867 τοῦ

248 908 333 977 τὴν
353 908 454 975 γῆν
482 908 724 975 ποιῆσαι,
755 906 861 977 πρὸ
890 905 981 958 τοῦ
1009 907 1105 969 τὰς
1131 906 1400 967 ἀϐύσσους
1430 907 1675 976 ποιῆσαι,
1704 905 1809 977 πρὸ

247 1000 329 1051 τοῦ
371 998 653 1068 προελθεῖν
684 997 781 1059 τὰς
817 997 998 1067 πηγὰς
1028 999 1136 1050 τῶν
1171 998 1408 1060 ὑδάτων,
1448 997 1551 1067 πρὸ
1578 998 1674 1050 τοῦ
1708 998 1807 1068 ὅρη

249 1091 593 1162 ἑδρασθῆιαν
628 1090 733 1160 πρὸ
766 1091 822 1143 δὲ
851 1090 1067 1142 πάντων
1099 1088 1300 1159 βουνῶν
1326 1091 1489 1159 γεννᾷ
1526 1107 1613 1160 με.
1646 1090 1742 1152 Τίς
1768 1092 1806 1159 ἡ

249 1183 394 1251 καινὴ
428 1182 534 1251 τῆς
574 1182 915 1249 κατασκευῆς
958 1182 1051 1233 τοῦ
1086 1180 1379 1250 κτίσματος
1410 1180 1597 1232 τούτου
1630 1181 1807 1245 τάξις;

252 1275 457 1345 Πρῶτον
497 1274 777 1337 κτίζεται,
819 1274 910 1325 καὶ
956 1272 1095 1341 μετὰ
1133 1271 1290 1324 τοῦτο
1316 1271 1687 1341 θεμελιοῖκται,
1718 1273 1810 1324 καὶ

244 1368 349 1418 τότε
376 1366 654 1433 γεννᾶται.
689 1363 883 1434 Κύριος
925 1364 1167 1434 εποίησε,
1198 1364 1331 1433 φησὶ
1351 1404 1364 1425 ,
1395 1363 1573 1435 χώρας
1624 1365 1809 1433 ἀοικήο

244 1474 372 1517 τους,
423 1456 515 1507 καὶ
559 1455 704 1525 ἄκρα
737 1454 1032 1525 οἰκούμενα
1066 1455 1163 1523 τῆς
1203 1454 1292 1506 ὑπ’
1345 1454 1589 1522 οὐρανόν.
1653 1457 1808 1507 Ποῖον

242 1548 431 1616 Κύριον
460 1546 615 1614 λέγει
644 1545 827 1616 χώρας
869 1547 1124 1616 ἀοικήτου
1168 1546 1396 1615 ποιητὴν
1437 1546 1531 1597 καὶ
1558 1545 1809 1613 οίκουμέ-

243 1657 357 1709 νης;
393 1640 621 1702 Πάντως
646 1640 735 1691 τὸν
768 1639 861 1691 κα)⁸
890 1638 984 1709 τὴν
1012 1638 1198 1706 σοφίαν
1222 1640 1541 1709 ποιήσαντα.
1582 1639 1676 1691 Ἐκ
1700 1638 1807 1705 γὰρ

240 1728 323 1780 τοῦ
346 1727 511 1780 αὑτοῦ
540 1727 831 1797 προσώπου
865 1730 955 1780 καὶ
981 1720 1133 1791 οὗτος
1172 1730 1420 1790 κάκεῖνος
1441 1730 1469 1779 6
1497 1728 1671 1795 λόγος,
1697 1728 1724 1779 ὃ
1746 1744 1805 1779 τε

1910 552 2031 606 qua:
2060 535 2198 589 ﬁunt
2232 534 2663 597 annumiaverit,
2698 534 2752 587 vi
2791 535 3201 590 consecutionis
3227 550 3287 589 se
3322 550 3476 589 crea-

1908 637 2022 680 tum
2055 643 2283 697 prorsus
2310 627 2556 696 negabit.
2582 625 2694 691 Qui
2722 627 2872 681 enim
2906 626 3064 688 dixit,
3087 628 3142 685 Si
3182 629 3478 680 annuntia-

1910 734 2039 773 vero
2078 728 2295 773 creatus
2336 734 2483 780 sum,
2519 719 2705 773 animo
2740 718 3151 788 intelligendum
3176 719 3340 771 tacite
3380 719 3477 772 de-

1909 810 2008 874 dit,
2041 810 2183 879 quod
2210 812 2327 866 Non
2349 818 2571 864 creatus
2605 825 2749 873 sum,
2781 810 2888 864 nisi
2916 811 3337 864 annuntiavero.
3375 809 3479 863 Do-

1911 901 2083 953 minus
2107 912 2299 954 creavit
2332 917 2429 965 me,
2458 902 2656 970 inquit.
2687 902 3002 970 principium
3028 902 3231 954 ciarum
3259 919 3475 955 suarum

1906 993 1978 1046 ad
2030 1011 2186 1062 opera
2257 996 2409 1061 ejus;
2467 1004 2592 1046 ante
2654 997 2916 1048 saeculum
2972 993 3219 1045 {inundavit
3278 1010 3363 1047 me
3422 994 3475 1046 in

1910 1087 2203 1155 principio,
2241 1095 2529 1154 antequam
2555 1093 2782 1149 terram,
2811 1093 3101 1153 antequam
3135 1086 3366 1156 abyssos
3401 1088 3477 1140 fe-

1906 1179 2111 1239 cisset,
2169 1179 2489 1246 priusquam
2559 1176 2737 1231 {mutes
2796 1192 3061 1245 aquarum
3128 1179 3473 1247 erupissent,

1906 1271 2232 1338 priusquam
2274 1277 2487 1322 montes
2520 1277 2705 1323 essent
2734 1269 2954 1333 ﬁrmati,
2992 1278 3118 1323 ante
3147 1285 3340 1325 omnes
3363 1272 3478 1323 eol-

1908 1360 1987 1413 les
2034 1360 2222 1429 genuit
2278 1375 2381 1414 me.
2424 1360 2557 1425 Quis
2616 1375 2790 1414 novus
2828 1362 3258 1415 construetionis
3314 1362 3477 1430 hujus

1907 1461 2171 1508 creaturre
2191 1453 2361 1506 ordo?
2388 1454 2619 1521 primum
2647 1462 2865 1506 creatur
2892 1461 2946 1505 et
2973 1462 3156 1521 postea
3192 1454 3470 1516 fundatur,

1910 1553 2023 1595 tum
2056 1558 2190 1597 vero
2230 1544 2397 1597 etiam
2435 1554 2739 1612 generatur.
2772 1542 3059 1604 Dominus,
3110 1545 3309 1612 inquit,
3347 1545 3476 1598 fecit

1907 1636 2160 1705 regiones
2191 1652 2299 1690 non
2339 1637 2628 1697 habitatas,
2660 1644 2714 1689 et
2756 1636 3134 1690 extremitates
3170 1645 3327 1691 terra:
3352 1652 3477 1706 qua:

1908 1730 2226 1783 incoluntur
2274 1730 2375 1783 sub
2415 1730 2577 1782 caelo.
2615 1727 2840 1794 Qualem
2875 1727 3163 1781 Dominum
3218 1730 3350 1783 dicit
3389 1746 3476 1783 re-

242 1820 311 1881 τὺ,
348 1820 593 1872 ἐκτισέ
619 1836 697 1887 με
720 1820 947 1887 Κύριος,
965 1819 1136 1888 λέγων
1156 1859 1171 1882 ,
1204 1820 1299 1873 καὶ
1323 1822 1351 1871 6
1381 1822 1688 1890 προστιθεὶς
1722 1822 1803 1883 τὸ,

1912 1824 2090 1893 gionis
2122 1824 2346 1876 inculta:
2377 1831 2429 1875 et
2470 1822 2727 1874 habitata:
2758 1820 3017 1873 factorem
3038 1820 3059 1872 ?
3084 1820 3322 1873 Omnino
3351 1835 3475 1875 eum

252 1913 525 1977 Ἐποίησε
546 1913 767 1978 Κύριος
786 1912 975 1978 χώρας
995 1912 1091 1963 καὶ
1110 1912 1444 1978 ἀοικήτους.
1464 1912 1672 1965 Οὐκοῦν
1690 1914 1808 1966 ἐπί-

244 2020 329 2072 σης
348 2002 453 2054 τῶν
477 2002 580 2055 δύο
603 2002 930 2073 δημιουργὸς
954 2003 1104 2055 ἔσται
1129 2006 1156 2056 6
1186 2004 1407 2075 Κύριος,
1428 2006 1600 2075 αὐτῆς
1622 2022 1680 2057 τε
1710 2008 1808 2075 τῆς

242 2094 440 2162 σοφίας,
456 2096 554 2146 καὶ
572 2096 670 2164 τῆς
692 2094 1013 2164 οίκουμένης
1028 2113 1085 2146 τε
1099 2096 1190 2147 καί
1202 2096 1456 2166 ἀοικήτου
1473 2097 1674 2168 χώρας.
1694 2099 1805 2150 Ποῦ

240 2184 403 2236 τοίνυν
450 2185 524 2237 τὰ
550 2186 751 2238 πάντα
776 2186 871 2239 διὰ
900 2185 1005 2239 τοῦ
1044 2188 1178 2239 Υίοῦ
1202 2188 1458 2255 ἐγένετο,
1496 2191 1591 2243 καὶ
1629 2192 1807 2258 χωρίς

241 2278 411 2331 αὑτοῦ
450 2276 602 2331 οὐδὲ
621 2277 721 2340 ér;
744 2277 807 2329 Εί
839 2277 950 2347 γὰρ
983 2279 1011 2330 6
1039 2278 1199 2341 αὐτὸς
1228 2279 1427 2349 Κύριος
1469 2281 1560 2333 καὶ
1590 2281 1688 2351 τὴν
1715 2298 1807 2334 σο-

240 2372 354 2437 φίαν
387 2370 592 2433 κτίζει,
631 2370 697 2439 ἦν
734 2369 854 2421 ἀντὶ
889 2368 981 2421 τοῦ
1026 2369 1152 2421 Υίοῦ
1188 2373 1324 2423 νοεῖν
1358 2370 1802 2441 συμΰουλεύουσι,

242 2458 323 2507 καὶ
353 2457 417 2506 τὰ
444 2457 575 2509 καθ’
602 2457 829 2508 ἕκαστον
854 2456 952 2508 ὅσα
978 2457 1010 2526 ὴ
1043 2458 1218 2521 κτίσις
1247 2458 1379 2527 ἔχει,
1409 2461 1523 2523 πῶς
1557 2462 1805 2531 ἀληθεύει

240 2550 265 2599 ὁ
303 2548 499 2617 ὑψηλὸς
570 2548 838 2615 Ἰωάννης.
895 2550 1069 2601 πάντα
1122 2549 1292 2616 λέγων
1328 2552 1399 2604 δι’
1443 2553 1605 2605 αὐτοῦ
1653 2571 1807 2622 γεγε-

240 2641 450 2710 νῆσθαι;
496 2640 945 2708 ’Δντιφθέγγεται
970 2640 1076 2711 γὰρ
1106 2643 1138 2711 ἡ
1170 2642 1357 2713 Γραφὴ
1383 2644 1517 2716 αὕτη
1548 2647 1680 2716 πρὸς
1706 2648 1805 2718 τὴν

240 2733 319 2784 τοῦ
362 2731 700 2799 Εὑαγγελίου
730 2733 930 2803 φωνὴν.
959 2733 1034 2802 τῷ
1067 2733 1163 2805 τὴν
1199 2736 1386 2803 σοφίαν
1416 2738 1678 2799 κτίσαντι,
1708 2743 1806 2810 τῆς

239 2826 477 2895 ἀοικήτου
524 2841 589 2876 τε
623 2825 717 2876 καὶ
762 2825 1081 2895 οἰκουμένης
1128 2826 1308 2897 χώρας
1352 2830 1663 2884 ἀνατιθεῖσα
1708 2834 1805 2903 τὴν

240 2916 440 2982 ποίησιν
460 2931 474 2943 ο
521 2912 669 2965 οὕτω
700 2913 756 2965 δὲ
788 2914 878 2965 καὶ
915 2912 987 2965 τά
1014 2914 1216 2983 ἑφεξῆς
1252 2914 1427 2969 πάντα
1460 2918 1642 2986 θρόνον
1668 2919 1803 2971 Θεοῦ

239 3021 342 3057 τινα
379 3004 743 3074 διεξέρχεται,
778 3006 862 3055 ἐπ’
901 3005 1115 3075 ἀνέμων
1156 3006 1579 3078 ἀφοριζόμενον,
1613 3011 1806 3081 ισχυρὰ

238 3095 465 3163 γίνεσθαι
493 3096 573 3146 τὰ
602 3096 712 3148 ἄνω
736 3094 869 3165 νέφη
900 3096 1066 3164 λέγει,
1094 3096 1187 3149 καὶ
1213 3098 1469 3166 ἀσφαλεῖς
1500 3100 1597 3163 τὰς
1637 3102 1803 3154 ὑπου-

241 3188 439 3257 ρανίους
490 3187 703 3256 πηγὰς,
738 3188 830 3239 καὶ
866 3187 1033 3240 πολλά
1062 3189 1280 3241 τοιαῦτα
1318 3192 1556 3261 περιέχει
1591 3194 1623 3264 ἡ
1666 3194 1803 3262 σύμ-

239 3296 448 3347 ςμσις,
508 3278 711 3349 πολλὴν
750 3278 1107 3349 ἐπιζητοῦντα
1145 3282 1242 3350 τὴν
1286 3282 1373 3334 διὰ
1409 3282 1607 3353 λεπτῆς
1664 3302 1804 3348 τινος

238 3374 319 3424 καὶ
335 3372 659 3442 διορατικῆς
690 3372 883 3440 φρενὸς
904 3373 1298 3443 εὑρισκομένην
1327 3378 1384 3427 ὲν
1410 3378 1521 3439 τοῖς
1550 3394 1803 3449 προειρη-

241 3464 406 3531 μένοις
429 3464 696 3517 διάνοιαν.
732 3464 826 3527 Τίς
850 3465 879 3516 6
909 3466 994 3517 ἐπ’
1022 3466 1236 3535 ἀνέμων
1266 3468 1654 3537 ἀφοριζόμενος
1677 3468 1798 3541 θρό-

238 3570 345 3617 νος;
392 3555 492 3617 Τίς
538 3556 572 3623 ἡ
608 3554 875 3622 ἀσφάλεια
907 3555 1014 3608 τῶν
1051 3555 1155 3609 ὑπὸ
1184 3556 1273 3608 τὸν
1305 3558 1528 3628 οὐρανὸν
1571 3559 1799 3629 πηγῶν;

239 3643 349 3706 Πῶς
385 3646 590 3715 ἰσχυρὰ
617 3643 823 3712 γίνεται
853 3644 923 3696 τὰ
957 3644 1067 3698 ἀνω
1098 3644 1267 3715 νέφης
1310 3647 1371 3698 El
1410 3647 1519 3719 γάρ
1551 3666 1633 3710 τις
1668 3649 1803 3718 πρὸς

237 3735 296 3787 τὰ
318 3737 624 3805 φαινόμενα
654 3735 823 3805 κρίνοι
850 3735 939 3787 τὸν
962 3736 1135 3804 λόγον,
1168 3736 1366 3807 πολλὴν
1385 3740 1602 3809 εὑρήσει
1626 3740 1802 3809 μάχην

238 3828 333 3880 τῶν
358 3827 708 3898 πραγμάτων
744 3827 878 3897 πρὸς
897 3828 966 3880 τὰ
989 3828 1271 3897 λεγόμενα.
1295 3830 1390 3892 Τίς
1414 3832 1518 3901 γὰρ
1538 3833 1637 3885 οὐκ
1664 3828 1802 3885 οἶδεν

237 3921 309 3972 ὅτι
339 3921 403 3973 τά
438 3921 591 3990 ἄκρα
623 3920 720 3989 τῆς
749 3920 840 3971 ὑπ’
877 3920 1121 3990 οὐρανὸν,
1158 3920 1189 3989 ἢ
1235 3918 1311 3989 τῷ
1334 3919 1453 3972 λίαν
1491 3921 1802 3991 καθομιλεῖν

238 4012 397 4081 τῇτοῦ
416 4011 580 4081 ἡλίου
606 4009 919 4081 θερμότητι,
938 4011 974 4080 ἢ
998 4010 1077 4081 τῷ
1100 4012 1219 4064 καθ’
1245 4012 1547 4084 ὑπερϐολὴν
1574 4015 1803 4082 ἀφεστά-

237 4120 334 4162 ναι,
363 4103 449 4154 διὰ
484 4101 588 4172 τὴν
619 4101 740 4153 καθ’
771 4102 1025 4173 ἑκάτερον
1060 4104 1325 4174 ἀμετρίαν
1348 4106 1499 4158 ἐστὶν
1533 4107 1760 4178 ἀοίκητα
1786 4124 1800 4172 ;

236 4194 294 4245 τὰ
330 4193 423 4263 μὲν
458 4192 609 4261 ξηρά
647 4209 707 4243 τε
743 4194 836 4244 καὶ
867 4192 1059 4263 διακαῆ
1090 4194 1236 4265 πέρα
1265 4194 1357 4247 τοῦ
1403 4198 1620 4268 μετρίου
1662 4199 1803 4265 γινό-

242 4299 363 4351 μενα
382 4300 396 4313 ·
417 4285 490 4336 τὰ
523 4282 578 4334 δὲ
611 4281 688 4351 τῷ
713 4281 862 4351 ὑγρῷ
897 4282 1273 4350 πλεονάζοντα,
1300 4286 1395 4338 καὶ
1422 4288 1803 4359 κατεψυγμένα

238 4372 316 4428 διὰ
341 4376 439 4444 τῆς
471 4373 712 4442 πήξεως⁸
746 4376 971 4428 οἰκεῖται
998 4375 1053 4428 δὲ
1086 4378 1219 4446 μόνα
1246 4379 1347 4432 ὅσα
1388 4384 1486 4449 τῆς
1512 4381 1631 4434 καθ’
1671 4383 1800 4435 ὲκά-

1911 1914 2002 1982 qui
2042 1911 2362 1980 sapientiam
2406 1910 2529 1962 fecit
2564 1924 2670 1961 τοι
2722 1907 2909 1961 eadem
2950 1910 3096 1962 enim
3148 1920 3380 1974 persona
3423 1912 3477 1959 et

1914 2004 2000 2057 hic
2033 2011 2087 2055 et
2116 2002 2205 2055 ille
2244 2014 2445 2062 sermo,
2478 2008 2533 2053 et
2563 1999 2652 2067 qui
2687 1996 2844 2056 dicit,
2869 1991 3075 2046 Creavit
3102 2009 3180 2046 me
3196 1994 3474 2060 Dominus,

1909 2102 1962 2145 et
1987 2092 2080 2160 qui
2116 2091 2324 2157 adjicit,
2349 2089 2494 2144 Fecit
2540 2088 2797 2141 Dominus
2844 2087 3079 2156 regiones
3129 2087 3288 2139 etiam
3319 2087 3474 2139 inha-

1911 2181 2127 2233 bitalas.
2160 2179 2329 2248 Igitur
2357 2178 2638 2247 aequaliter
2683 2178 2916 2230 duorum
2944 2176 3193 2229 conditor
3224 2178 3329 2229 erit
3369 2175 3478 2229 Do-

1910 2274 2115 2335 minus,
2152 2269 2769 2339 ipsiusque-sapieatim,
2808 2278 2868 2322 et
2904 2277 3063 2322 terrae
3092 2283 3214 2337 qua;
3260 2269 3478 2320 habita-

1910 2374 2000 2417 tur
2029 2375 2081 2417 et
2116 2379 2236 2430 qua!
2277 2379 2386 2416 non
2416 2362 2725 2415 habitatur.
2758 2361 3041 2427 Quomodo
3090 2362 3257 2431 igitur
3298 2360 3475 2413 omnia

1905 2470 1997 2523 per
2050 2453 2251 2507 Filium
2309 2454 2453 2522 facta
2511 2464 2665 2515 sunt,
2715 2462 2763 2505 et
2822 2454 2935 2505 sine
3003 2454 3117 2521 ipso
3166 2454 3381 2506 nihil'?
3415 2451 3475 2506 Si

1907 2548 2050 2600 enim
2081 2546 2220 2600 idem
2253 2544 2516 2599 Dominus
2549 2552 2603 2597 et
2642 2545 2964 2615 sapientiam
2995 2554 3143 2599 creat
3172 2551 3353 2615 (quam
3377 2559 3477 2614 pro

1905 2638 2045 2691 Filio
2086 2640 2388 2707 intelligere
2416 2638 2759 2704 consulunt),
2791 2645 2845 2691 et
2886 2638 3096 2706 singula
3130 2653 3251 2707 qua:
3292 2646 3473 2692 creata

1908 2742 2067 2785 sunt:
2099 2729 2375 2798 quomodo
2405 2728 2655 2783 sublimis
2690 2726 2927 2782 Joannes
2956 2744 3141 2782 verum
3175 2730 3327 2790 dicit,
3355 2744 3474 2782 om-

1909 2824 1997 2875 nia
2037 2838 2131 2891 per
2181 2824 2357 2891 ipsum
2412 2820 2553 2874 facta
2595 2821 2751 2875 esse?
2792 2822 3124 2875 contradicit
3167 2822 3311 2876 enim
3361 2823 3475 2876 haec

1898 2915 2187 2984 Scriptura
2220 2917 2339 2967 voci
2374 2913 2669 2982 Evangelii,
2703 2913 2752 2966 ei
2785 2913 2875 2981 qui
2914 2915 3237 2981 sapientiam
3262 2914 3474 2967 curavit

1906 3007 2280 3061 inhabitabilis
2315 3017 2367 3060 et
2403 3006 2717 3060 habitabilis
2747 3006 2985 3075 regionis
3016 3006 3348 3061 creationem
3382 3022 3473 3061 as-

1906 3106 2151 3170 signans.
2190 3102 2279 3153 Sic
2310 3098 2473 3153 etiam
2524 3098 2709 3152 omnia
2755 3112 2875 3166 qua:
2907 3097 3164 3167 deinceps
3210 3109 3469 3151 enarrat:

1907 3194 2162 3246 thronum
2201 3190 2490 3260 quemdam
2548 3188 2637 3243 Dei
2678 3205 2820 3255 esse,
2873 3204 3037 3259 super
3074 3191 3252 3245 ventis
3294 3191 3471 3245 deter-

1904 3288 2189 3345 minatum,
2239 3298 2358 3349 quae
2408 3296 2573 3351 supra
2620 3290 2748 3336 sunt
2801 3281 2969 3335 nubes
3012 3282 3213 3335 ﬁrmari
3270 3283 3365 3345 ait,
3416 3292 3471 3336 et

1900 3383 2051 3428 tutos
2122 3373 2476 3428 subccelestes
2525 3371 2723 3434 fontes,
2758 3380 2811 3425 et
2854 3371 3021 3422 multa
3058 3371 3185 3423 talia
3230 3373 3473 3440 comple-

1903 3470 2071 3522 ctitur
2106 3467 2377 3521 orationis
2420 3472 2731 3524 contextus,
2762 3480 2881 3531 qua:
2927 3465 3117 3518 subtili
3153 3465 3384 3533 quadam
3417 3476 3471 3520 et

1904 3561 2205 3631 perspicaci
2246 3565 2428 3612 mente
2469 3558 2522 3610 in
2556 3556 2832 3627 praedictis
2871 3556 3230 3626 excogitatam
3275 3558 3474 3626 requi-

1904 3662 2031 3707 runt
2076 3651 2510 3720 intelligentiam.
2560 3650 2699 3714 Quis
2741 3663 2907 3718 super
2959 3649 3138 3702 ventis
3178 3648 3472 3704 distinctus

1901 3744 2172 3797 thronus?
2220 3740 2349 3806 Quae
2395 3742 2666 3795 securitas
2719 3741 2834 3794 sive
2881 3745 2998 3791 tuta
3037 3740 3195 3794 sedes
3242 3740 3468 3793 fontium

1902 3834 1993 3904 qui
2044 3834 2145 3887 sub
2183 3832 2324 3885 etelo
2378 3830 2545 3883 sunt?
2588 3829 2861 3898 quomodo
2903 3830 3070 3883 nmiae
3117 3830 3250 3881 liunt
3298 3833 3471 3887 nubes

1901 3941 2022 3995 quae
2056 3939 2275 3977 sursum
2310 3922 2478 3976 sunt?
2507 3921 2552 3975 si
2586 3923 2707 3990 quis
2738 3937 2802 3973 ex
2839 3935 2901 3974 ea
2940 3936 3063 3989 quae
3090 3932 3313 3991 apparet
3344 3940 3467 3993 spe-

1902 4018 1984 4071 cie
2015 4030 2320 4071 sermoaem
2348 4014 2576 4083 judicet,
2620 4028 2873 4082 magnam
2927 4028 3109 4067 rerum
3162 4030 3469 4084 repugnan-

1900 4108 2033 4161 tiam
2085 4121 2208 4159 cum
2258 4106 2325 4158 iis
2358 4119 2479 4170 qua:
2528 4104 2788 4156 dicuntur
2840 4102 3098 4157 inveniet.
3135 4103 3267 4169 Quis
3322 4107 3465 4158 enim

1903 4200 2117 4269 ignorat
2167 4204 2409 4249 extrema
2448 4203 2605 4247 terrae
2657 4196 2760 4247 sub
2800 4194 2960 4255 caalo,
3004 4195 3087 4249 vel
3134 4197 3259 4262 quia
3305 4197 3472 4252 nimis

1903 4290 2034 4344 solis
2073 4286 2239 4342 calori
2276 4287 2385 4341 sint
2430 4284 2607 4339 aﬂiuia
2643 4293 2698 4339 et
2728 4286 3059 4355 prapinqua,
3092 4288 3172 4341 vel
3208 4289 3334 4356 quia
3382 4306 3470 4341 su-

1904 4396 1999 4450 pra
2046 4379 2263 4433 modum
2314 4378 2515 4432 distent
2561 4377 2857 4445 disiuncta,
2906 4387 3135 4447 propter
3182 4380 3473 4451 utriusque

238 4483 381 4536 τερον
408 4467 523 4517 τῶν
546 4465 801 4518 ἐναντίων
827 4467 1123 4538 ἀκρότητος
1145 4471 1341 4539 ἐπίσης
1370 4472 1693 4542 ἀπῴκισται.
1739 4475 1800 4528 El

1906 4471 2408 4525 immoderationem
2434 4485 2539 4523 non
2571 4470 2801 4522 habitari
2830 4471 3024 4538 posse?
3054 4472 3222 4525 altera
3246 4473 3466 4542 quidem

239 4559 287 4611 δὲ
310 4560 372 4612 τὺ
410 4560 582 4628 μέσον
616 4561 712 4628 τῆς
739 4560 841 4629 γῆς
868 4559 973 4612 ὑπὸ
1002 4560 1111 4614 τῶν
1144 4562 1449 4634 ἀνθρώπων
1474 4564 1797 4635 διείληπται,

239 4651 343 4714 πῶς
370 4652 441 4704 τά
476 4649 623 4723 ἄκρα
660 4650 806 4718 λέγει
837 4652 935 4721 τῆς
964 4652 1054 4704 ὑπ’
1084 4653 1312 4725 οὐρανὸν
1344 4656 1606 4709 οἰκεῖσθαι
1630 4659 1665 4727 ή
1698 4676 1801 4710 πα-

242 4744 443 4813 ροιμίας
472 4744 574 4807 Τίς
600 4743 708 4814 γὰρ
736 4744 888 4812 ίσχὺς
924 4743 1283 4816 ὲνθεωρηθείη
1318 4749 1429 4809 τοῖς
1462 4748 1696 4817 νέφεσιν,
1726 4751 1801 4814 ὡς

240 4835 517 4903 ἀληθεύειν
543 4836 634 4887 τὸν
668 4835 823 4902 λόγον
858 4836 1002 4889 κατὰ
1034 4837 1131 4907 τὴν
1170 4838 1453 4909 πρόχειρον
1482 4841 1708 4901 ἔννοιαν,
1745 4843 1802 4905 ὃς

240 4943 392 4995 φησιν
436 4928 639 4997 ισχυρά
672 4927 999 4998 γεγενῆσθαι
1043 4929 1113 4982 τὰ
1152 4930 1262 4984 ἀνω
1288 4933 1442 5001 νέφη.
1476 4932 1799 5003 Μανὼτερος

240 5017 338 5085 γὰρ
362 5018 449 5080 τίς
480 5018 629 5069 ἐστιν
654 5018 851 5087 ἀτμὸς,
884 5020 921 5089 ή
961 5018 1055 5070 τοῦ
1100 5020 1292 5089 νέφους
1337 5022 1496 5090 φύσις
1528 5023 1667 5076 κατά
1709 5025 1799 5076 τὸν

241 5109 365 5180 ἀέρα
395 5112 760 5181 διαχεόμενος·
789 5112 845 5173 ὃς
868 5114 1139 5183 ἐποχεῖται
1172 5114 1269 5184 μὲν
1292 5114 1372 5185 τῷ
1393 5118 1620 5188 ὲναερίῳ
1642 5117 1800 5169 πνεύ-

246 5214 365 5265 ματι
390 5201 479 5253 διὰ
508 5201 708 5270 πολλὴν
747 5201 1046 5272 λεπτότητα
1087 5202 1287 5271 κοῦφος
1316 5205 1619 5275 γενόμενος.
1662 5208 1799 5276 Συρ-

247 5291 381 5357 ρυεὶς
401 5291 456 5345 δὲ
472 5292 616 5363 πρὸς
640 5292 826 5345 ἑαυτὸν
848 5294 913 5345 ὲκ
938 5295 1035 5364 τῆς
1063 5294 1466 5365 συμπιλήσεως,
1490 5297 1795 5350 διεκπίπτει

244 5381 327 5434 τοῦ
356 5383 638 5454 ἀνέχοντος
669 5385 995 5456 πνεύματος,
1028 5387 1240 5455 σταγὼν
1279 5387 1468 5459 βαρεῖα
1497 5390 1795 5459 γινόμενος.

246 5471 331 5536 Τίς
359 5472 448 5528 οὖν
482 5479 629 5529 ἐστιν
659 5478 715 5530 ὲν
738 5477 947 5542 τούτοις
973 5481 1005 5549 ἡ
1045 5481 1197 5549 ίσχὺς
1231 5482 1287 5531 ὲν
1314 5476 1395 5543 οὒς
1429 5482 1652 5551 οὐδεμία
1690 5486 1801 5545 τοῖς

248 5561 557 5633 ἁπτομένοις
576 5566 864 5638 ’ἀντίληψις
889 5568 1127 5637 γίνεται;
1162 5570 1235 5623 Τὸ
1262 5570 1368 5641 γὰρ
1402 5570 1568 5641 μανὸν
1591 5571 1681 5624 τοῦ
1709 5572 1799 5624 ἀέ-

314 5742 334 5773 ⁹
362 5740 512 5800 Joan.
542 5762 580 5814 ι,
612 5746 665 5801 3.

1907 4564 2052 4617 sicca
2099 4572 2151 4617 et
2199 4570 2334 4616 aestu
2388 4561 2649 4616 ferventia
2686 4563 2829 4615 ultra
2884 4563 3220 4616 moderatam
3269 4576 3474 4634 tempe-

1908 4656 2041 4708 riem
2072 4670 2229 4717 esse;
2273 4654 2445 4707 altera
2486 4668 2613 4707 vero
2655 4652 2879 4706 humido
2912 4653 3276 4708 redundantia
3306 4656 3474 4723 frigo-

1908 4746 2061 4799 ribus
2095 4750 2153 4798 et
2181 4743 2395 4813 pruinis
2428 4743 2741 4814 obriguisse
2772 4762 2785 4797 :
2814 4743 3135 4799 habitantur
3179 4755 3358 4799 autem
3408 4761 3469 4799 ea

1908 4838 2022 4893 sola
2053 4852 2173 4907 quae
2210 4837 2277 4892 ab
2318 4845 2547 4906 utraque
2584 4839 2931 4893 extremitate
2963 4838 3243 4908 aequaliter
3276 4838 3467 4893 dissita

1906 4938 2034 4984 sunt
2062 4937 2114 4984 et
2152 4944 2399 4985 seorsum
2437 4930 2725 4983 collocata.
2760 4929 2918 4995 Quod
2957 4931 3001 4985 si
3036 4941 3193 4984 terra:
3229 4930 3465 4983 medium

1906 5022 1974 5076 ab
2031 5022 2344 5077 hominibus
2397 5032 2699 5094 occupatur
2751 5032 2805 5079 et
2864 5025 3140 5089 incolitur,
3195 5028 3471 5095 quomodo

1906 5122 2151 5169 extrema
2200 5115 2351 5169 orbis
2399 5116 2502 5169 sub
2549 5117 2688 5169 caelo
2717 5116 2948 5169 habitari
2993 5115 3124 5171 dicit
3168 5120 3473 5187 parcentia?

1907 5207 2037 5273 Qua:
2069 5223 2232 5277 porro
2262 5205 2496 5261 formido
2530 5208 2583 5260 in
2630 5208 2870 5261 nubibus
2910 5210 3141 5277 spectari
3181 5217 3379 5278 potest,
3412 5221 3471 5263 ut

1904 5312 2071 5352 verus
2116 5312 2299 5351 sermo
2340 5311 2463 5351 esse
2518 5297 2689 5365 possit
2721 5312 2784 5351 ex
2822 5312 2884 5350 ea
2917 5313 3037 5367 quae
3084 5299 3257 5366 prima
3289 5298 3470 5353 fronte

1904 5390 2149 5443 occurrit
2174 5389 2553 5458 intelligentia,
2590 5388 2681 5456 qui
2710 5388 2906 5443 asserit
2937 5388 3120 5445 ﬁrmas
3154 5389 3325 5445 factas
3349 5407 3469 5445 esse

1907 5488 1958 5534 et
1995 5480 2200 5535 validas
2234 5482 2407 5533 nubes
2440 5494 2680 5533 sursum.
2716 5480 2913 5533 liarior
2946 5489 3030 5534 est
3077 5483 3221 5536 enim
3252 5486 3466 5552 quidam

1906 5588 2073 5642 vapor
2104 5573 2268 5628 nubis
2300 5580 2520 5639 natura,
2557 5587 2655 5641 per
2698 5585 2875 5627 aerem
2910 5572 3140 5629 diffusus
3173 5591 3187 5629 :
3215 5575 3306 5645 qui
3342 5589 3468 5645 pro-
