3922 6510
460 369 565 425 579

1709 352 1768 407 s.
1807 332 2130 407 cnsconn
2166 349 2460 405 mssmu

3608 344 3712 399 580

461 490 577 550 pter
602 476 825 531 multam
857 469 1179 525 tenuitatem
1206 465 1355 521 aerio
1386 463 1581 533 spiritu
1609 463 2015 531 supervehitur,

2146 477 2214 523 δος
2240 461 2335 513 καὶ
2375 458 2716 529 εὐδιάχυτον,
2754 457 2848 510 καὶ
2879 458 2971 510 ἐπὶ
2998 458 3092 511 τοῦ
3125 460 3325 528 νέφους
3382 456 3535 508 ἔστιν
3580 454 3719 508 ίδεῖνυ

459 572 595 627 levis
629 582 752 621 cum
781 564 875 623 sit,
913 560 1194 615 continens
1219 566 1401 611 autem
1439 557 1493 608 in
1525 554 1767 622 seipsum
1799 568 1864 606 ex
1889 567 2023 605 con-

457 660 721 718 cretione,
771 653 996 715 decidit,
1019 665 1142 703 cum
1170 649 1282 717 jam
1315 646 1496 699 aerius
1524 644 1614 698 ille
1647 643 1873 711 spiritus
1903 655 2026 696 sus-

462 754 637 804 tinere
710 761 818 799 non
872 744 1067 813 possit,
1117 740 1245 794 dum
1299 746 1450 808 gutta
1500 736 1614 790 sive
1664 735 1808 788 stilla
1846 732 2026 802 gravis

455 842 707 896 eﬂiritur.
757 837 1041 903 Quodnam
1093 833 1258 903 igitur
1298 830 1465 883 robur
1506 828 1558 881 in
1590 827 1677 881 bis
1722 840 1843 893 quae
1879 831 2026 877 tactu

461 927 685 980 minime
720 935 948 994 possunt
983 918 1357 991 apprehendi?
1390 915 1521 969 Nam
1562 916 1613 968 in
1648 916 1789 968 nube
1840 929 2022 967 aerem

460 1033 644 1071 rarum
687 1024 740 1069 et
796 1014 993 1067 dili‘usu
1046 1010 1261 1065 facilem
1310 1007 1497 1061 videre
1545 1005 1690 1057 licet.
1739 1000 2025 1067 Quomodo

459 1122 653 1163 rursus
687 1107 742 1159 in
777 1115 1062 1160 ventorum
1113 1099 1355 1155 instabili
1401 1109 1593 1150 natura
1642 1095 1863 1147 divinus
1896 1092 2027 1146 deli-

461 1203 611 1255 nitur
659 1198 926 1253 thronus?
961 1195 1076 1248 lloc
1119 1200 1299 1245 autem
1348 1187 1492 1259 quod
1541 1188 1742 1241 dicitur
1794 1186 2025 1255 primum

463 1288 662 1350 creari,
690 1300 806 1339 tum
840 1285 1055 1337 demum
1106 1279 1377 1349 generari,
1423 1283 1476 1331 et
1526 1277 1667 1329 inter
1696 1276 2026 1327 creationem

2123 547 2248 609 Πῶς
2287 548 2343 600 δέ
2378 548 2536 601 πάλιν
2565 548 2658 599 ἐπὶ
2695 548 2761 617 τῇ
2809 547 3025 618 ἀστάτῳ
3070 548 3178 600 τῶν
3210 547 3451 617 ἀνέμων
3497 544 3654 613 φύσει
3696 549 3721 595 ὁ

2126 638 2265 701 θεῖος
2292 639 2608 709 ἀφορίζεται
2632 638 2816 709 θρόνος
2835 656 2849 702 ;
2871 638 2945 691 Τὸ
2965 639 3021 693 δὲ
3045 640 3262 709 πρῶτον
3292 636 3608 702 κτίζεσθαι,
3634 637 3718 688 κα)

2127 732 2220 783 ἐπὶ
2250 730 2392 783 τέλει
2420 730 2598 799 λέγειν
2625 729 2936 799 γεννᾶσθαι,
2958 731 3051 783 καὶ
3079 731 3166 783 διὰ
3193 732 3373 800 μέσου
3400 729 3613 781 τούτων
3643 728 3721 779 θε-

2133 821 2462 892 μελιοῦσθαι,
2493 821 2613 875 τίνα
2640 820 2793 888 λόγον
2824 820 2967 874 εἴποι
2994 839 3079 885 τις
3105 823 3169 875 ἂν
3196 823 3349 893 ἔχειν
3371 823 3501 884 ταῖς
3528 823 3723 882 κοιναῖς

2129 931 2189 967 τε
2220 915 2313 967 καὶ⁸
2346 914 2655 984 προχείροις
2692 915 2919 978 ἐννοίαις
2967 913 3378 983 συμϐαίνοντας
3412 914 3489 966 Τό
3523 930 3583 965 τε
3626 913 3723 980 πρὸ

2130 1004 2332 1058 τούτων
2381 1006 2727 1077 ἐπαπορηθὲν
2766 1008 2824 1059 ἐν
2867 1006 2945 1077 τῷ
2986 1007 3147 1077 λόγῳ,
3186 1007 3311 1068 πῶς
3359 1008 3395 1075 ἠ
3430 1005 3725 1073 ἀναγγελία

2131 1096 2241 1148 τῶν
2273 1096 2393 1149 καθ’
2427 1099 2638 1168 ἡμέραν
2679 1098 2993 1167 γινομένων,
3045 1100 3138 1151 καὶ
3177 1100 3208 1166 ἡ
3248 1098 3452 1167 μνήμη
3493 1098 3595 1165 τῆς
3638 1097 3721 1160 ἐξ-

2134 1187 2515 1259 αριθμημένης
2544 1189 2651 1241 τῶν
2677 1189 2737 1252 ἐξ
2771 1190 2984 1255 αἰῶνος,
3014 1191 3201 1261 ὥσπερ
3226 1190 3387 1243 αἰτία
3412 1206 3499 1251 τις
3526 1189 3724 1255 γίνεται

2132 1279 2226 1330 τοῦ
2256 1279 2500 1332 ἐκτίσθαι
2529 1281 2678 1351 παρά
2707 1280 2800 1333 τοῦ
2830 1281 2964 1334 Θεοῦ
2986 1283 3084 1351 τὴν
3113 1283 3306 1351 σοφίαν
3334 1282 3559 1349 λέγειν;

462 1389 517 1433 et
544 1378 945 1449 generationem
977 1370 1215 1431 fundari,
1242 1384 1405 1437 quam
1431 1367 1697 1419 rationem
1723 1379 1847 1418 cum
1916 1368 2298 1422 communibus
2362 1379 2417 1423 et
2482 1370 2535 1422 in
2578 1381 2831 1440 promptu
2863 1373 3055 1440 positis
3130 1381 3539 1442 congruentem
3585 1370 3721 1421 noti-

464 1470 555 1524 tiis
588 1471 787 1522 habere
833 1466 957 1535 quis
991 1461 1231 1516 dixerit?
1271 1460 1580 1525 Quinetiam
1614 1455 1744 1509 illud
1799 1455 1867 1509 de
1910 1471 2019 1523 quo
2051 1457 2161 1526 jam
2191 1469 2317 1514 ante
2353 1460 2656 1515 dubitatum
2690 1472 2775 1518 est
2835 1465 2888 1517 in
2921 1480 3195 1524 sermone.
3265 1463 3561 1533 quomodo
3632 1478 3722 1514 an-

466 1561 735 1615 nuntiatio
775 1572 962 1611 eorum
994 1568 1115 1623 qua:
1154 1552 1289 1605 ﬁunt
1326 1548 1589 1619 quotidie.
1638 1555 1692 1602 et.
1756 1548 2063 1601 recordatio
2135 1553 2533 1607 numerationis
2590 1570 2777 1608 eormn
2838 1570 2958 1624 qua:
3017 1570 3046 1608 a
3107 1556 3317 1611 saeculo
3373 1562 3530 1615 sunt,
3583 1554 3721 1605 velut

464 1666 633 1706 causa
668 1647 913 1719 quaedam
944 1657 1027 1699 est
1066 1641 1284 1696 dicendi
1326 1640 1648 1710 sapientiam
1680 1654 1712 1691 a
1742 1639 1851 1694 Deo
1880 1648 2123 1694 creatam
2154 1644 2319 1697 esse?

542 1741 811 1809 Quoniam
844 1740 1009 1808 igitur
1045 1753 1111 1791 ex
1155 1736 1241 1789 his
1266 1748 1386 1804 quae
1423 1733 1568 1785 dicta
1593 1739 1721 1785 sunt
1754 1732 1899 1785 clare
1934 1731 2030 1784 de.-

2202 1736 2408 1789 Ούκοῦν
2440 1738 2623 1808 ἐπειδὴ
2654 1738 2921 1791 δέδεικται
2952 1736 3199 1809 φανερῶς
3231 1736 3325 1789 διὰ
3358 1737 3472 1789 τῶν
3500 1738 3719 1806 είρημέ-

469 1841 834 1891 monstratum
863 1840 950 1885 est
980 1830 1035 1882 in
1069 1828 1156 1883 his
1184 1826 1321 1880 nihil
1347 1825 1454 1879 tale
1481 1839 1623 1887 esse,
1661 1838 1761 1877 cur
1787 1823 2036 1891 inexplo-

469 1936 591 1987 rato
630 1934 685 1982 et
718 1921 1125 1977 inconsiderate
1167 1918 1276 1972 hic-
1304 1932 1484 1971 sermo
1533 1914 1871 1981 admittatur,
1907 1929 2038 1983 ope-

468 2029 545 2069 rae
572 2011 807 2083 pretium
835 2010 940 2064 erit
971 2008 1145 2061 instar
1182 2006 1539 2075 reliquorum,
1566 2014 1620 2057 et
1657 2003 1758 2057 hoc
1783 2004 1925 2073 quod
1951 2004 2038 2057 di-

469 2104 633 2168 citur,
671 2100 926 2154 Dominus
954 2099 1151 2153 creavit
1192 2113 1292 2157 me,
1323 2111 1431 2149 non
1462 2110 1525 2149 ex
1556 2109 1622 2148 ea
1651 2110 1772 2163 quae
1800 2095 1851 2147 vi
1890 2094 2037 2148 verbi

471 2194 822 2262 ingeneratur
876 2190 1034 2243 nobis
1081 2186 1457 2257 intelligentia,
1506 2185 1877 2251 interpretari,
1932 2184 2028 2240 sed

470 2285 619 2339 omni
661 2281 965 2336 attentione
1016 2287 1070 2334 et
1104 2279 1389 2350 diligentia
1430 2277 1730 2347 inquirere,
1771 2276 1923 2347 quod
1954 2278 2039 2346 pie

472 2390 571 2447 per
611 2376 725 2429 haec
774 2374 940 2429 verba
984 2372 1330 2443 intelligitur.
1364 2368 1569 2425 Verum
1622 2370 1909 2424 enimvero
1957 2384 2041 2423 ac-

472 2475 665 2525 curate
712 2475 766 2520 et
816 2464 884 2519 ad
945 2463 1207 2518 amussim
1254 2462 1659 2531 prepositorum
1712 2461 2038 2515 sententiam

477 2558 771 2627 concipere
800 2571 988 2610 eorum
1019 2557 1259 2610 solorum
1287 2553 1470 2617 fuerit,
1499 2555 1592 2621 qui
1620 2554 1823 2623 Spiritu
1852 2560 2043 2607 sancto

477 2652 627 2705 ducti
679 2647 1080 2718 profunditates
1117 2654 1455 2704 scrutantur.
1503 2645 1795 2713 sciuntque
1832 2644 1931 2696 fari
1988 2644 2042 2696 in

475 2739 679 2809 spiritu
716 2739 899 2792 divina
934 2737 1218 2808 mysteria.
1249 2734 1353 2789 Sed
1400 2736 1452 2788 in
1490 2736 1576 2788 his
1610 2736 1884 2789 verbisde
1920 2735 2044 2804 qui-

476 2832 580 2885 bus
627 2832 828 2900 agitur,
892 2840 1099 2883 tantum
1150 2828 1329 2881 oratio
1377 2838 1569 2881 nostra
1630 2827 2038 2889 immorabitur,

476 2932 741 2993 quantum
776 2922 971 2977 suﬂicit
996 2929 1054 2974 ut
1088 2936 1277 2973 eorum
1312 2934 1512 2987 scopus
1558 2935 1664 2971 non
1703 2919 2045 2973 indiscussns

475 3024 534 3072 et
577 3016 953 3085 incxploratus
982 3013 1442 3081 praetermittatur.
1474 3010 1610 3075 Quis
1651 3012 1816 3080 igitur
1860 3020 2047 3065 noster

2138 1844 2263 1891 νων,
2293 1829 2456 1897 μηδὲν
2478 1830 2534 1883 ὲν
2558 1829 2764 1893 τούτοις
2796 1830 3032 1883 τοιοῦτον
3053 1827 3209 1893 εἶναι,
3233 1830 3313 1892 ὡς
3351 1829 3720 1895 ἀνεξετάστως

2134 1936 2194 1972 τε
2238 1921 2332 1973 καὶ
2372 1920 2696 1991 ἀθεωρήτως
2742 1922 3140 1993 παραδεχθῆναι
3181 1921 3273 1974 τὸν
3324 1921 3509 1987 λόγον,
3548 1919 3718 1982 καλῶς

2138 2008 2203 2062 ἂν
2242 2008 2353 2080 ἔχοι
2389 2010 2510 2063 καθ’
2538 2012 2827 2082 ὁμοιότητα
2856 2013 2962 2065 τῶν
2998 2011 3217 2075 λοιπῶν,
3254 2012 3353 2063 καὶ
3383 2011 3464 2074 τὸ,
3508 2013 3716 2077 Κύριος

2136 2098 2337 2153 ἐκτισέ
2363 2117 2457 2167 με,
2490 2100 2564 2171 μὴ
2597 2101 2737 2155 κατά
2762 2101 2857 2171 τὴν
2892 2101 3115 2155 αὐτόθεν
3153 2104 3286 2171 ἡμῖν
3325 2104 3394 2153 ἐκ
3426 2102 3523 2153 τοῦ
3552 2103 3718 2171 ῥήμα-

2137 2206 2228 2253 τος
2291 2191 2640 2262 ἐγγινομένην
2690 2191 2926 2246 διάνοιαν
2966 2192 3312 2263 ἑρμηνεύειν,
3367 2191 3507 2245 ἀλλὰ
3545 2190 3716 2260 ζητεῖν

2139 2280 2279 2333 κατά
2310 2285 2488 2335 πᾶσαν
2522 2284 2792 2354 προσοχὴν
2812 2300 2871 2336 τε
2902 2282 2996 2337 καὶ
3020 2283 3359 2353 ἐπιμέλειαν,
3388 2282 3453 2334 τὸ
3483 2281 3717 2342 εὐσεὸὦς

2138 2371 2224 2426 διὰ
2253 2372 2346 2425 τοῦ
2377 2373 2666 2442 λεγομένου
2701 2374 3005 2443 νοούμενον.
3050 2374 3208 2426 Ἀλλά
3238 2373 3302 2425 τὸ
3338 2372 3440 2443 μὲν
3482 2370 3717 2441 ἀκριϐῶς

2140 2464 2518 2535 κατειληφέναι
2546 2466 2643 2536 τὴν
2688 2465 2795 2519 τῶν
2839 2465 3210 2535 προκειμένων
3242 2464 3515 2526 διάνοιαν,
3552 2464 3716 2533 μόνων

2139 2550 2206 2605 ἂν
2228 2554 2314 2623 εἴη
2336 2554 2442 2607 τῶν
2466 2554 2544 2624 τῷ
2569 2555 2709 2625 ἁγίῳ
2732 2553 3007 2623 Πνεύματι
3038 2553 3105 2606 τά
3128 2551 3264 2623 βάθη
3294 2551 3710 2623 διερευνώντων.

2143 2645 2233 2697 καὶ
2264 2644 2441 2698 λαλεῖν
2474 2645 2846 2715 ἐπισταμένων
2878 2647 2933 2696 ἐν
2958 2644 3224 2714 πνεύματι
3258 2646 3329 2697 τα
3368 2644 3489 2696 θεῖα
3520 2644 3708 2713 μυστή-

2144 2754 2255 2809 ρια.
2289 2738 2423 2807 Παρ’
2470 2737 2624 2808 ἡμῶν
2664 2738 2719 2790 δὲ
2750 2737 2999 2790 τοσοῦτον
3048 2739 3105 2788 ὲν
3132 2739 3243 2798 τοῖς
3287 2737 3669 2807 προκειμένοις
3691 2736 3717 2785 ό

2143 2830 2295 2896 λόγος
2327 2829 2773 2899 ἀσχοληθήσεται,
2798 2829 2919 2881 ὅσον
2947 2829 3017 2898 μὴ
3044 2829 3216 2898 πάντη
3251 2827 3521 2898 περιιδεῖν
3550 2826 3635 2877 τὸν
3661 2826 3713 2875 ἐν

2142 2922 2349 2984 τούτοις
2370 2920 2569 2973 σκοπὸν
2593 2920 2919 2991 ἀθεώρητον.
2954 2919 3048 2982 Τίς
3077 2916 3167 2972 οὖν
3198 2922 3225 2971 ό
3248 2920 3520 2989 ἡμέτερος
3539 2917 3713 2983 λόγος;

2149 3016 2261 3067 Οὐκ
2290 3013 2455 3075 ἔστιν,
2504 3007 2676 3081 οἶμαι,
2706 3011 2927 3063 δυνατὸν
2961 3010 3055 3081 τὴν
3096 3012 3159 3063 ἐκ
3210 3010 3361 3073 Θείας
3411 3007 3714 3077 ἐλλάμψεως

480 3106 699 3161 sermo?
750 3104 888 3169 ﬁeri,
940 3105 1156 3172 opinor,
1210 3103 1433 3154 minime
1476 3110 1672 3169 potest,
1719 3102 2042 3169 sapientiam

2150 3106 2437 3174 γινομένην
2460 3103 2515 3155 ἔν
2544 3120 2647 3155 τινι
2680 3101 2888 3170 σοφίαν,
2921 3102 3086 3171 μόνην
3104 3101 3307 3170 ταύτην
3334 3100 3456 3169 δίχα
3486 3101 3590 3152 τῶν
3622 3098 3715 3149 λοιο

478 3213 601 3268 quae
627 3213 690 3251 ex
715 3196 897 3250 divina
930 3194 1336 3247 illuminatione
1366 3192 1443 3251 lit.
1478 3194 1616 3246 hanc
1639 3196 1807 3245 solam
1842 3193 2046 3261 absque

482 3290 705 3359 reliquis
738 3290 911 3344 sancti
948 3287 1187 3356 Spiritus
1216 3286 1379 3341 donis
1419 3286 1673 3354 cuiquam
1708 3284 1922 3346 adesse,
1952 3284 2046 3338 sed

483 3382 706 3435 omnino
753 3389 983 3448 oportet,
1038 3379 1202 3432 simul
1258 3393 1382 3430 cum
1435 3378 1536 3429 hac
1585 3376 1882 3444 proplietim
1926 3392 2049 3443 gra-

484 3473 613 3525 tiam
663 3470 778 3524 sive
808 3469 1009 3522 donum
1058 3483 1408 3522 concurrere.
1462 3465 1519 3521 Si
1577 3468 1720 3521 euim
1766 3468 2049 3536 sapientiae

486 3563 766 3632 preprium
812 3569 915 3625 est,
960 3561 1244 3614 veritatem
1299 3575 1487 3614 eorum
1528 3574 1648 3628 qua:
1693 3568 1822 3614 sunt
1870 3561 2050 3613 animo

486 3653 984 3724 comprehendere;
1034 3650 1317 3719 prephetia
1355 3666 1483 3703 vero
1516 3636 1822 3703 futurorum
1874 3650 2051 3703 conti—

488 3754 579 3797 net
637 3741 1082 3798 declarationem,
1157 3738 1343 3792 nullus
1402 3737 1702 3806 perfectum
1770 3739 2051 3807 sapientia:

488 3834 692 3888 donum
722 3830 884 3884 fuerit
924 3838 1279 3891 consecutus,
1316 3829 1411 3898 qui
1455 3844 1564 3881 non
1599 3828 1915 3897 prophetica
1960 3843 2050 3881 co-

488 3923 805 3995 operatione
855 3919 1020 3975 futuri
1070 3919 1438 3990 cognitionem
1496 3920 1814 3988 complexus
1862 3918 2047 3973 fuerit.

488 4016 761 4082 Quoniam
799 4013 961 4080 igitur
1000 4026 1109 4065 non
1133 4011 1425 4064 humanam
1458 4010 1695 4078 aliquam
1732 4011 2050 4079 sapientiam

490 4108 703 4175 sibiipsi
733 4104 973 4158 vindicat
1008 4102 1291 4165 Solomon,
1336 4116 1461 4155 cum
1492 4102 1653 4163 dixit,
1689 4100 1827 4154 Deus
1875 4099 2053 4153 docuit

493 4212 573 4249 me
602 4195 914 4263 sapientiam
951 4194 994 4257 ³,
1032 4199 1086 4245 et
1133 4206 1321 4245 omnes
1351 4204 1631 4244 sermones
1668 4205 1796 4243 suos
1824 4189 1931 4243 Deo
1974 4200 2053 4240 at-

492 4290 705 4353 tribuit,
743 4304 866 4342 cum
907 4287 1000 4347 ait,
1033 4284 1141 4338 Mei
1172 4299 1432 4338 sermones
1466 4283 1596 4335 dicti
1631 4293 1749 4335 sunt
1789 4298 1821 4334 a
1852 4281 1960 4335 Deo
1986 4283 2051 4344 ³ο,

2145 3195 2261 3248 πῶν
2291 3194 2638 3265 χαρισμάτων
2667 3193 2758 3245 τοῦ
2790 3192 3102 3260 Πνεῦματος
3127 3191 3546 3263 παραγίνεσθαι,
3577 3187 3700 3242 ἀλλά

2146 3284 2250 3356 χρὴ
2282 3284 2498 3346 πάντως
2535 3281 2894 3335 συνεισελθεῖν
2918 3282 3089 3352 ταύτῃ
3134 3284 3226 3336 καὶ
3261 3283 3362 3353 τῆς
3394 3279 3712 3352 προφητείας

2146 3376 2242 3447 τὴν
2276 3376 2454 3445 χάριν.
2487 3375 2548 3426 Εἰ
2579 3375 2687 3444 γὰρ
2719 3374 2848 3427 ἴδιον
2880 3376 3070 3444 σοφίας
3096 3374 3261 3435 ἐστὶν,
3299 3376 3333 3444 ἡ
3364 3375 3462 3443 τῆς
3489 3372 3591 3423 τῶν
3614 3369 3705 3421 ὅν·-

2147 3486 2254 3521 των
2279 3467 2529 3538 ἀληθείας
2555 3466 2873 3536 κατάληψις,
2905 3466 3204 3536 προφητεία
3230 3465 3285 3517 δὲ
3316 3466 3418 3535 τὴν
3446 3463 3550 3516 τῶν
3586 3459 3703 3531 μελ-

2148 3560 2342 3612 λόντων
2374 3560 2615 3628 περιέχει
2649 3558 2964 3628 σαφήνειαν,
2998 3557 3094 3609 οὐκ
3124 3556 3188 3609 ἂν
3230 3556 3286 3608 ἑν
3312 3555 3394 3625 τῷ
3432 3554 3613 3621 τελείῳ
3635 3565 3709 3610 τις

2149 3652 2247 3720 τῆς
2290 3649 2483 3719 σοφίας
2528 3650 2609 3718 εἴη
2643 3649 2959 3718 χαρίσματι,
2995 3649 3066 3718 μὴ
3111 3646 3199 3699 διά
3237 3650 3337 3717 τῆς
3384 3641 3708 3717 προφητικῆς

2152 3744 2484 3814 συνεργείας,
2518 3740 2937 3812 συμπεριλαὸὼν
2971 3744 3034 3812 τῇ
3084 3739 3279 3807 γνώσει
3314 3739 3408 3792 καὶ
3432 3737 3491 3788 τὸ
3531 3734 3704 3802 ἐσόμεο

2151 3853 2258 3888 νον.
2310 3835 2460 3886 Ἐπεὶ
2504 3830 2595 3887 οῦν
2628 3834 2728 3885 οὐκ
2761 3832 3107 3902 ἀνθρωπίνην
3148 3830 3267 3883 τινὰ
3311 3829 3500 3898 σοφίαν
3544 3819 3705 3890 ἐαυτῷ

2153 3927 2561 3997 προσμαρτυρεῖ
2592 3923 2858 3995 Σολομὼν,
2891 3925 2919 3977 ὁ
2953 3922 3142 3984 εἰπὼν,
3174 3923 3252 3975 ὅτι
3290 3922 3357 3975 '0
3398 3918 3539 3984 Θεὸς
3564 3913 3706 3968 δεδί-

2151 4017 2297 4086 δαχέ
2334 4034 2409 4084 με
2433 4018 2673 4085 σοφίαν,
2709 4016 2802 4067 καὶ
2842 4016 3021 4068 πάντα
3057 4014 3148 4066 τὸν
3189 4015 3319 4083 παρ’
3345 4008 3533 4065 ἐαυτοῦ
3563 4005 3702 4071 λόγον

2157 4108 2428 4171 ἀνατιθεὶς
2479 4107 2554 4177 τῷ
2579 4107 2716 4175 Θεῷ,
2746 4107 2803 4157 ἐν
2850 4100 2930 4168 οἷς
2958 4122 3141 4175 φησιν,
3189 4105 3270 4157 ὅτι
3300 4107 3366 4157 Οἱ
3398 4102 3519 4172 ἐμοὶ
3553 4097 3703 4163 λόγοι

2154 4202 2415 4269 εἴρηνται
2427 4199 2544 4252 ἀπὸ
2564 4197 2731 4261 Θεοῦ,
2747 4197 2922 4259 καλῶς
2937 4196 3000 4249 ἂν
3027 4197 3136 4266 ἔχοι
3158 4197 3254 4266 τὴν
3277 4189 3699 4265 ἀναμεμιγμένην

2155 4297 2219 4364 τῇ
2254 4293 2412 4363 σοφίᾳ
2438 4290 2771 4361 προφητείαν
2811 4291 2867 4341 ἐν
2897 4289 2973 4358 τῷ
3005 4290 3158 4360 μέρει
3196 4288 3373 4357 τούτῳ
3402 4286 3496 4354 τῆς
3529 4294 3699 4349 παροι-

499 4382 758 4452 praeclare
794 4394 1037 4449 agemus,
1085 4377 1132 4432 si
1177 4376 1467 4430 admistam
1511 4373 1791 4443 sapientia:
1820 4374 2043 4443 prophe-

2160 4385 2287 4454 μίας
2320 4383 2785 4453 διερευνήσασθαι.
2820 4384 3001 4455 Φαμὲν
3043 4382 3221 4435 τοίνυν
3254 4382 3334 4434 ὅτι
3384 4385 3439 4433 ἐν
3485 4376 3575 4446 μὲν
3603 4372 3697 4431 τοῖς

494 4473 625 4526 tiam
660 4472 711 4523 in
746 4470 847 4522 hac
890 4476 1043 4537 parte
1077 4466 1349 4537 proverbii
1405 4465 1571 4534 hujus
1617 4476 2050 4535 perscrutemur.

495 4562 637 4632 Ergo
680 4560 914 4614 dicimus
949 4558 1094 4628 quod
1140 4558 1195 4611 in
1229 4557 1313 4612 his
1349 4572 1469 4627 quae
1516 4557 1660 4610 hunc
1705 4556 1883 4611 locum
1917 4572 2056 4626 prae-

491 4654 698 4708 cedunt
735 4650 917 4704 verbis
965 4664 1086 4703 cum
1142 4649 1371 4702 dixisset
1400 4652 1747 4718 ,sapieutiam
1800 4655 1899 4709 sibi
1955 4651 2057 4702 d0-

496 4767 643 4807 mum
681 4746 973 4817 wdifiaasse
1014 4742 1077 4801 ι’.
1115 4740 1301 4793 carnis
1344 4738 1556 4792 Domini
1589 4740 2054 4794 constructionem

494 4853 591 4906 per
626 4837 769 4889 hunc
792 4847 1097 4888 sermonem
1138 4831 1367 4885 obscure
1408 4831 1650 4896 indicat;
1684 4846 1791 4884 non
1816 4832 1960 4885 enim
1997 4831 2051 4884 in

494 4929 677 4982 alieno
721 4924 1000 4979 domicilio
1026 4938 1151 4977 vera
1189 4922 1454 4991 sapientia
1490 4922 1770 4987 habitavit,
1805 4923 1898 4976 sed
1947 4921 2053 4976 sibi

494 5018 833 5073 domicilium
888 5031 953 5070 ex
1002 5014 1252 5082 virginali
1300 5028 1531 5083 corpore
1590 5014 1902 5068 aediﬁcavit.
1958 5012 2057 5067 Hic

495 5120 679 5166 autem
709 5110 852 5180 quod
883 5124 949 5163 ex
990 5107 1257 5162 ambobus
1306 5108 1516 5161 unitum
1552 5115 1655 5169 est,
1684 5103 1861 5161 Verbo
1898 5106 2056 5160 attri-

499 5206 637 5269 buit,
672 5220 738 5258 ex
761 5204 922 5257 domo
949 5202 1070 5257 dico
1096 5209 1149 5257 et
1193 5200 1457 5269 sapientia
1487 5214 1607 5268 qua:
1636 5198 1857 5253 domum
1892 5198 2060 5252 aedili-

496 5297 663 5360 cavit,
695 5294 748 5349 id
793 5302 898 5361 est,
944 5310 1008 5348 ex
1038 5292 1374 5347 humanitate
1407 5299 1459 5345 et
1487 5305 1610 5344 cum
1655 5289 1875 5344 homine
1919 5298 2057 5345 tem-

500 5393 687 5453 perata
717 5384 831 5439 sive
865 5383 1153 5451 conjuncta
1192 5380 1412 5442 deitate,
1446 5379 1639 5433 horum
1681 5380 1897 5449 utrique
1928 5396 2058 5435 con-

496 5490 664 5545 gruas
708 5485 761 5529 et
810 5475 1199 5529 convenientes
1237 5488 1402 5526 voces
1458 5473 1858 5536 accommodat,
1901 5483 1958 5527 ut
2002 5475 2057 5527 in

498 5564 806 5637 Evangeliis
849 5566 962 5620 ﬁeri
995 5566 1179 5621 videre
1208 5566 1358 5630 licet,
1394 5565 1449 5619 in
1485 5564 1687 5634 quibus
1728 5580 1930 5631 sermo,
1965 5567 2056 5635 qui

563 5754 746 5830 'Sap.
775 5755 981 5826 “1,21.
1059 5757 1104 5790 “
1140 5754 1278 5812 ibid.
1355 5756 1399 5789 ιι
1423 5752 1584 5811 Prov.
1618 5772 1691 5822 ix,
1728 5756 1782 5813 Ι.

2162 4472 2266 4540 πρὸ
2298 4471 2483 4524 τούτου
2507 4472 2682 4538 λόγοις
2708 4472 2893 4538 εἰπὼν,
2916 4472 3025 4540 τὴν
3048 4472 3271 4540 σοφίαν
3304 4468 3485 4536 ἑαυτῇ
3509 4463 3699 4531 ᾠκοδο⁸

2155 4560 2408 4629 μηκέναι
2428 4559 2533 4613 τόν
2547 4556 2729 4624 εἶκον,
2753 4560 2849 4631 τὴν
2868 4562 2963 4631 τῆς
2984 4562 3181 4631 σαρκὸς
3208 4561 3299 4613 τοῦ
3325 4559 3523 4631 Κυρίου
3552 4567 3696 4607 xam-

2163 4652 2361 4723 σκευὴν
2396 4651 2483 4705 διὰ
2521 4651 2613 4704 τοῦ
2636 4650 2792 4717 λόγου
2831 4653 3147 4707 αἰνίσσεται*
3163 4654 3222 4705 οὐ
3258 4653 3366 4722 γὰρ
3386 4656 3442 4705 ὲν
3463 4642 3696 4713 ἀλλοτρίῳ

2162 4743 2546 4814 οἰκοδομήματι
2569 4745 2601 4811 ἡ
2632 4742 2855 4814 ἀληθινὴ
2881 4744 3039 4811 σοφία
3062 4744 3394 4814 κατῴκησεν,
3419 4739 3526 4795 ἀλλ’
3546 4733 3688 4800 ἑαυτῇ

2162 4836 2222 4888 τὸ
2245 4836 2551 4905 οἰκητήριον
2579 4836 2641 4887 ἐκ
2676 4834 2769 4886 τοῦ
2797 4834 3121 4905 παρθενικοῦ
3167 4833 3413 4903 σώματος
3447 4819 3693 4901 ᾠκοδομή-

2162 4944 2308 4981 σατο.
2353 4926 2612 4979 Ἐνταῦθα
2644 4926 2699 4979 δὲ
2730 4926 2790 4978 τὸ
2833 4926 3027 4979 ἐνωθὲν
3058 4928 3114 4992 ἐξ
3140 4925 3458 4996 ἀμφοτέρων
3473 4915 3692 4987 τῷΛόΥφ

2161 5018 2502 5090 προστίθησι,
2550 5019 2643 5072 τοῦ
2681 5036 2741 5071 τε
2772 5020 2918 5071 οἴκου
2952 5019 3092 5088 λέγω
3136 5020 3229 5071 καὶ
3269 5019 3365 5087 τῆς
3404 5013 3577 5081 σοφίας
3606 5004 3689 5071 τῆς

2159 5112 2590 5184 οίκοδομησάσης
2630 5112 2719 5165 τὸν
2751 5106 2917 5175 οἷκον,
2951 5111 3095 5164 τοῦτ’
3130 5110 3293 5171 ἐστιν,
3330 5110 3391 5162 ἐκ
3421 5124 3475 5161 τε
3503 5100 3585 5155 τοῦ
3613 5098 3691 5149 ἀν-

2161 5203 2430 5275 θρωπίνου
2455 5204 2548 5258 καὶ
2571 5206 2635 5257 ὲκ
2657 5204 2753 5274 τῆς
2782 5202 3175 5274 ἀνακραθείσης
3196 5201 3274 5272 τῷ
3310 5196 3564 5271 ἀνθρώπῳ
3587 5185 3689 5241 θεό-

2160 5313 2339 5367 τητος,
2387 5295 2629 5366 ἑκατέρῳ
2666 5294 2722 5347 δὲ
2756 5293 2960 5347 τούτων
2991 5294 3289 5364 ἐφαρμόζει
3321 5292 3416 5355 τὰς
3454 5278 3691 5345 καταλλή’

2162 5388 2285 5450 λους
2314 5405 2373 5441 τε
2396 5389 2490 5441 καὶ
2518 5385 2832 5457 πρεπούσας
2852 5386 3052 5454 φωνὰς,
3085 5385 3265 5450 καθὼς
3302 5386 3442 5437 ἐστιν
3472 5378 3583 5433 ἰδεῖν
3608 5367 3686 5457 καί

2164 5482 2221 5532 ἐν
2258 5481 2368 5542 τοῖς
2416 5454 2763 5547 Εὐαγγελίοις
2796 5477 3095 5547 γινόμενον,
3126 5478 3181 5528 ἐν
3210 5471 3290 5538 οἷς
3318 5477 3345 5528 ὁ
3385 5474 3528 5539 λόγος
3570 5454 3688 5547 κατὰ

2164 5568 2224 5623 τὸ
2249 5546 2552 5640 πρόσφορον
2586 5568 2664 5639 τῷ
2706 5568 3046 5639 ὑποκειμένῳ
3074 5566 3459 5637 διεξαγόμενος,
3496 5554 3575 5611 διὰ
3602 5546 3684 5618 μὲν
