3922 6472
230 314 316 371 581

1313 309 1587 365 CONTRA
1626 309 2003 371 EUNOMlL’M,
2058 310 2167 364 LIB
2219 311 2304 367 Ill.

3333 318 3434 375 58‘!

229 426 315 493 τῆς
340 419 665 491 ὑψηλοτέρας
685 437 743 473 τε
765 421 857 473 καὶ⁸
883 419 1218 491 θεοπρεποῦς
1246 422 1518 492 σημασίας
1546 422 1606 476 τὸ
1632 423 1755 477 θεῖοη

1880 438 1979 492 pro
2014 425 2093 478 rei
2142 424 2401 493 subjecta‘
2452 425 2741 480 commodo
2772 426 3082 496 deducitur,
3127 446 3222 500 per
3260 434 3427 487 εχεειο

227 517 537 569 ἐνδείκνυται
561 530 574 543 '
600 512 687 565 διὰ
710 512 765 565 δὲ
786 513 885 583 τῆς
912 512 1247 584 χαμαιζήλου
1286 530 1344 566 τε
1376 513 1466 566 καὶ
1490 515 1767 585 ταπεινῆς,

223 609 276 659 τὸ
319 604 665 676 ἀνθρώπινον.
695 605 879 668 Οὕτως
929 605 1076 657 ἔστιν
1127 605 1251 657 ἰδεῖν
1297 608 1390 659 καὶ
1422 609 1480 659 ὲν
1509 606 1586 677 τῷ
1614 608 1771 677 μέρει

222 699 377 767 τούτῳ
418 696 766 766 προφητικῶς
809 696 900 747 τὸν
934 695 1253 765 Σολομῶντα
1299 695 1629 766 κινούμενον,
1678 697 1771 750 καὶ

222 790 325 842 ὅλον
378 786 793 859 παραδεδωκότα
844 786 902 838 τὸ
947 787 1044 856 τῆς
1094 787 1401 855 οἰκονομίας
1452 790 1765 859 μυστήριον.

220 882 360 947 Λέγει
388 880 495 948 γὰρ
543 880 806 948 πρότερον
839 878 934 947 μὲν
966 876 1063 947 τὴν
1092 877 1412 947 προαιώνιον
1442 880 1539 950 τῆς
1582 881 1769 948 σοφίας

216 973 422 1041 δύναμιν
445 973 536 1023 καὶ
570 971 868 1038 ἐνέργειαν,
894 972 949 1021 ὲν
972 964 1051 1032 οἷς
1076 970 1152 1040 τῷ
1179 970 1546 1041 Εὐαγγελιστῇ
1569 974 1769 1044 τρόπον

214 1066 322 1117 τινὰ
337 1068 425 1116 καὶ
451 1062 539 1114 ἐπ’
560 1061 739 1113 αὐτῶν
757 1059 864 1112 τῶν
889 1060 1147 1130 ῥημάτων
1170 1061 1520 1131 συμφέρεται.
1554 1063 1637 1125 Ὠς
1660 1062 1767 1134 γὰρ

211 1156 398 1213 ἐκεῖνος
428 1154 495 1220 τῇ
549 1149 912 1219 περιληπτικῇ
949 1151 1097 1218 φωνῇ
1143 1149 1356 1201 πάντων
1393 1149 1552 1202 αὑτὸν
1597 1152 1766 1203 αἴτιον

212 1244 291 1296 καὶ
320 1238 650 1311 δημιουργὸν
692 1236 1043 1309 ἀνεκήρυξεν,
1086 1238 1256 1302 οὕτως
1283 1240 1311 1290 ό
1354 1238 1603 1309 Σολομὼν
1637 1242 1764 1310 παρ’

210 1332 353 1387 αὑτοῦ
376 1330 707 1399 γεγενῆσθαι
737 1330 803 1383 τά
831 1329 1140 1382 καθέκαστα
1168 1331 1312 1397 λέγει
1336 1330 1405 1382 τὰ
1430 1332 1485 1382 ἐν
1508 1330 1584 1400 τῷ
1606 1332 1765 1383 παντὶ

207 1423 587 1495 ἀριθμούμενα.
616 1422 753 1490 Φησὶ
773 1420 897 1489 γάρ,
916 1423 998 1473 ὅτι
1028 1425 1061 1474 ό
1084 1421 1309 1487 Θεὸς-ἐν
1335 1421 1409 1487 τῇ
1440 1424 1623 1490 σοφίᾳ
1637 1424 1764 1477 ἐθε-

201 1519 442 1588 patle
464 1515 585 1583 τὴν
607 1514 742 1585 γῆν,
766 1516 1053 1583 ἡτοίμασε
1074 1515 1141 1568 δὲ
1161 1517 1763 1586 οὐρανοὺςὲνςερονή-

203 1626 305 1671 σει,
327 1608 418 1660 καὶ
442 1609 545 1659 ὅσα
580 1607 788 1669 τούτοις
813 1606 951 1659 κατά
967 1607 1026 1658 τὸ
1049 1607 1335 1660 ἀκῶουθον
1355 1610 1541 1662 ἕπεται
1560 1611 1655 1680 τῆς
1676 1613 1762 1664 αὐ·

202 1700 287 1767 τῆς
307 1699 542 1767 ἐχόμενα
571 1696 825 1759 διανοίας.
846 1698 951 1749 Καὶ
967 1697 1041 1761 ὠς
1060 1698 1125 1751 ἂν
1144 1698 1217 1769 μὴ
1241 1700 1420 1771 δοκοίη
1442 1700 1537 1771 τὴν
1558 1702 1761 1773 δωρεὰν

1874 516 2071 570 siorem
2110 515 2328 587 Deoque
2379 518 2635 572 decoram
2691 520 3111 590 snguiticantiam
3153 524 3295 593 quod
3349 524 3431 578 dio

1872 606 2058 659 vinum
2105 614 2190 660 est
2238 609 2500 675 ostendit,
2535 624 2632 678 per
2680 608 2933 664 humilem
2978 627 3107 666 vero
3156 626 3210 667 et
3239 613 3438 669 demis-

1872 713 2011 761 sam,
2048 698 2192 766 quod
2226 708 2310 752 est
2359 699 2700 754 humanum:
2735 702 2815 756 sic
2854 703 3017 755 etiam
3061 704 3115 758 in
3153 706 3253 759 hac
3282 715 3438 775 paite

1871 789 1995 844 lit-et
2034 791 2345 859 perspicere
2374 790 2721 847 Solomonem
2756 796 3075 864 proplietice
3101 809 3432 851 commotum

1873 889 2044 934 totum
2076 882 2365 937 tradidisse
2394 885 2714 940 oeconomiae
2744 888 2858 940 sive
2891 887 3288 944 incarnationis
3320 908 3437 961 my-

1868 974 2118 1028 sterium.
2152 974 2292 1028 Dicit
2334 976 2478 1029 enim
2530 978 2810 1048 sapientia:
2845 979 3097 1033 virtutem
3145 989 3197 1034 et
3242 997 3435 1050 opera-

1867 1064 2069 1118 tionem
2099 1064 2265 1119 iuisse
2298 1076 2423 1120 ante
2455 1067 2675 1129 saacula,
2710 1067 2766 1121 in
2793 1069 2990 1137 quibus
3012 1070 3246 1137 quodam
3273 1071 3433 1125 modo

1871 1153 2227 1226 Evangelistaz
2249 1156 2303 1210 in
2352 1157 2487 1227 ipsis
2522 1158 2703 1213 verbis
2739 1161 3034 1215 consentit.
3071 1160 3143 1214 Ut
3173 1165 3317 1220 enim
3343 1164 3434 1219 ille

1866 1247 2162 1302 universali
2205 1249 2320 1303 sive
2362 1251 2817 1320 compreliensiva
2853 1254 3089 1321 quadam
3121 1271 3273 1317 voce,
3315 1274 3433 1311 om-

1864 1339 2013 1391 niimi
2050 1340 2225 1408 ipsum
2278 1350 2560 1395 auctorem
2591 1350 2644 1395 et
2685 1344 3024 1399 conditorem
3066 1348 3379 1414 prtedicavit
3413 1369 3427 1405 :

1865 1429 1945 1482 sic
1979 1430 2236 1484 Solomon
2276 1430 2347 1485 ab
2391 1432 2512 1501 ipso
2550 1444 2832 1501 procreata
2881 1451 3003 1490 esse
3038 1437 3171 1492 dicit
3216 1442 3429 1510 singula

1862 1535 1981 1587 qua:
2014 1520 2083 1573 in'
2123 1526 2379 1576 universo
2414 1534 2823 1578 enumerantur.
2860 1526 3039 1596 Inquit
3083 1531 3250 1591 enim,
3274 1531 3421 1596 quod

1864 1609 2007 1665 Deus
2047 1614 2307 1679 sapientia
2353 1622 2547 1667 terram
2579 1616 2857 1684 fundavit;
2902 1621 3219 1687 praeparavit
3252 1629 3426 1674 autem

1861 1703 2019 1757 caelos
2061 1706 2113 1757 in
2148 1706 2451 1773 prudentia,
2481 1715 2534 1761 et
2563 1724 2900 1779 quaecunque
2943 1720 3247 1781 sequuntur
3285 1728 3428 1767 eam-

198 1792 285 1860 τῆς
314 1793 370 1842 ὲν
416 1790 733 1863 ἀνθρώποις
774 1790 973 1860 ἀρετῆς
1000 1792 1261 1861 περιορᾷν
1309 1792 1716 1862 ἀμνημόνευτον
1740 1812 1752 1824 ·

1860 1793 1981 1848 dem
2035 1794 2287 1850 habentia
2339 1800 2662 1852 sententiam
2689 1800 2777 1853 ¹²’.
2799 1801 2974 1871 Atque
3025 1818 3095 1855 ne
3145 1803 3427 1857 videretur

200 1882 343 1934 πάλιν
370 1884 432 1935 ἐκ
467 1882 767 1953 προσώπου
804 1882 905 1951 τῆς
941 1882 1137 1952 Σοφίας
1173 1883 1409 1951 διέξεισι,
1454 1885 1645 1955 λέγων,
1680 1884 1754 1942 ὧν

201 1973 361 2043 μικρῷ
389 1973 631 2045 πρόσθεν
676 1973 1178 2046 ἐμνημονεύσαμεν,
1206 1973 1288 2041 τὸ,
1308 1979 1753 2045 Κατεσκήνωσα

192 2064 415 2131 ,βουλὴν
437 2065 790 2135 καὶ-γνῶσιν
810 2066 908 2120 καὶ
932 2067 1175 2120 ἔννοιαν
1192 2085 1205 2098 ο
1226 2070 1324 2123 καὶ
1350 2070 1465 2124 ὅσα
1496 2072 1604 2140 τῆς
1626 2090 1754 2125 νοε-

193 2156 289 2223 ρᾶς
321 2172 383 2208 τε
413 2157 513 2210 καὶ
539 2156 1009 2226 ἐπιστῳονικῆς
1032 2158 1426 2226 διδασκαλίας
1456 2163 1607 2217 ἐστί.

178 2420 187 2427 ’
254 2415 427 2469 Ταῦτα
462 2417 566 2469 καὶ
594 2416 661 2469 τὰ
689 2415 908 2471 τοιαῦτα
934 2417 1235 2483 διεξελθὼν,
1263 2421 1456 2491 ἐπάγει
1488 2425 1582 2477 καὶ
1630 2428 1752 2496 περὶ

194 2506 276 2573 τῆς
300 2506 432 2558 κατὰ
459 2505 557 2557 τὸν
598 2504 880 2576 ἄνθρωπον
916 2507 1223 2576 οἰκονομίας
1268 2508 1635 2573 διδασκαλίαν,
1665 2512 1752 2564 διὰ

194 2597 237 2650 τί
271 2598 416 2666 σὰρξ
442 2601 475 2651 ό
510 2598 709 2666 Λόγος
737 2596 992 2665 ἐγένετο.
1025 2600 1262 2668 Φανεροῦ
1300 2601 1407 2669 γὰρ
1433 2603 1631 2655 ἆπασιν
1660 2604 1751 2657 ὅν-

195 2705 288 2750 τος,
312 2690 389 2741 ὅτι
418 2688 581 2742 οὐδὲν
630 2691 688 2740 ἐν
722 2689 896 2759 ἑαυτῷ
930 2691 1140 2743 κτιστὸν
1174 2691 1203 2762 ἢ
1249 2693 1565 2745 ἐπείσακτον
1601 2696 1628 2746 ὁ
1660 2695 1750 2746 ἐπὶ

193 2777 383 2830 πάντων
410 2778 528 2848 ἔχει
561 2777 713 2840 θεὸς,
737 2778 797 2830 οὐ
822 2778 1066 2848 δύναμιν,
1094 2780 1152 2830 οὐ
1191 2779 1401 2845 σοφίαν,
1432 2781 1490 2831 οὐ
1526 2780 1659 2848 φῶς,
1687 2783 1746 2833 οὐ

194 2871 346 2936 λόγον,
375 2871 434 2922 οὐ
470 2869 647 2940 ζωὴν,
682 2870 781 2921 οὐκ
819 2869 1094 2939 ἀλήθειαν,
1143 2871 1263 2923 οὐδὲ
1294 2872 1428 2933 ὅλως
1456 2891 1506 2924 τι
1547 2873 1653 2925 τῶν
1691 2876 1748 2926 ὲν

193 2960 256 3028 τῷ
277 2958 604 3029 πληρώματι
627 2958 722 3011 τοῦ
749 2958 889 3011 θείου
918 2960 1112 3013 κόλπου
1145 2960 1556 3030 θεωρουμένων,
1608 2963 1749 3035 ἆπερ

193 3052 343 3104 πάντα
377 3053 555 3109 ἐστὶν,
595 3053 622 3103 ὁ
656 3052 946 3121 μονογενὴς
982 3051 1131 3116 Θεὸς,
1167 3053 1226 3104 '0
1251 3049 1334 3105 ὢν
1358 3054 1427 3105 ἐν
1455 3054 1577 3121 τοῖς
1601 3056 1747 3109 κόλ-

193 3158 308 3207 ποις
329 3142 430 3196 τοῦ
472 3143 735 3208 Πατρός,
773 3143 872 3195 οὐκ
900 3144 962 3197 ἄν
997 3160 1101 3196 τινι
1133 3143 1240 3197 τῶν
1272 3147 1328 3197 ὲν
1362 3148 1438 3214 τῷ
1469 3146 1587 3216 Θεῷ
1624 3148 1749 3201 θεω-
1775 3131 1817 3188 (ἶ

196 3233 467 3303 ρουμένων,
534 3233 773 3301 εὐλόγως
830 3234 1203 3305 ἐφαρμοσθείη
1256 3236 1317 3288 τὸ
1370 3237 1467 3306 τῆς
1518 3238 1747 3300 κτίσεως

191 3327 354 3393 ὄνομα.
387 3325 560 3377 Ὥστε
602 3327 772 3376 εἰπεῖν
801 3324 892 3376 τὸν
918 3326 973 3377 ὲν
1008 3326 1083 3395 τῷ
1112 3326 1286 3396 Πατρὶ
1328 3328 1474 3390 Υίὸν,
1505 3329 1537 3399 ἢ
1570 3331 1660 3382 τὸν
1689 3333 1744 3383 ὲν

192 3416 245 3484 τῇ
269 3417 395 3486 ἀρχῇ
430 3417 633 3483 Λόγον,
668 3416 699 3486 ἢ
732 3415 791 3468 τὸ
818 3416 875 3468 ὲν
903 3416 981 3487 τῷ
1015 3418 1152 3486 φωτὶ
1199 3418 1333 3486 φῶς,
1377 3420 1409 3491 ἢ
1445 3421 1543 3485 τὴν
1581 3424 1637 3475 ὲν
1676 3426 1742 3494 τῇ

194 3506 285 3578 ζωῇ
310 3508 468 3580 ζωὴν,
498 3510 539 3579 ἢ
571 3507 668 3579 τὴν
699 3511 755 3562 ἐν
777 3512 843 3579 τῇ
877 3510 1037 3580 σοφίᾳ
1065 3511 1274 3579 σοφίαν,
1304 3513 1387 3567 ὅτι
1415 3516 1629 3582 Κύριος
1651 3516 1747 3569 ἕκ-

193 3601 303 3652 τισέ
328 3618 418 3668 με.
453 3603 521 3654 Εἰ
565 3601 673 3671 γὰρ
710 3600 900 3672 κτιστὴ
934 3601 1027 3654 τοῦ
1062 3602 1195 3655 Θεοῦ
1231 3607 1264 3675 ἡ
1301 3606 1479 3675 σοφία,
1514 3608 1747 3679 Χριστὸς

191 3690 238 3742 ἃ
260 3692 383 3744 Θεοῦ
405 3693 643 3762 δύναμις
672 3694 767 3746 καὶ
791 3692 926 3747 Θεοῦ
959 3694 1137 3763 σοφία,
1180 3697 1498 3752 ἐπείσακτον
1534 3702 1747 3765 πάντως

190 3781 323 3851 ἐσχεν
338 3785 364 3836 ὁ
383 3784 519 3846 Θεὸς
546 3785 641 3855 τὴν
660 3785 870 3855 σοφίαν,
900 3784 1024 3839 ὕστε
1034 3805 1123 3857 ρον
1140 3790 1202 3841 ὲκ
1224 3794 1563 3862 κατασκευῆς
1582 3810 1746 3862 προσ-

193 3872 365 3936 λαϐὼν,
392 3874 419 3926 ὃ
452 3875 536 3945 μὴ
562 3876 712 3946 παρὰ
739 3877 838 3946 τὴν
859 3877 1080 3949 πρώτην
1108 3876 1271 3950 εἶχεν.
1313 3882 1471 3935 Ἀλλά
1502 3884 1606 3955 μὴν
1628 3886 1655 3937 ὁ
1686 3889 1743 3938 έν

191 3964 284 4024 τοῖς
316 3964 541 4027 κόλποις
573 3964 649 4017 ὢν
690 3966 782 4018 τοῦ
812 3967 1044 4036 Πατρὸς,
1073 3969 1323 4023 οὐδέποτε
1363 3972 1513 4024 κενὸν
1549 3973 1741 4027 ἑαυτοῦ

192 4052 352 4107 δίδωσι
374 4060 519 4109 νοεῖν
550 4056 640 4109 τὸν
667 4059 917 4130 πατρῷον
947 4061 1161 4123 κόλπον,
1196 4063 1301 4133 ἄρα
1322 4064 1383 4116 οὐ
1414 4063 1520 4117 τῶν
1546 4065 1741 4132 ἔξωθεν

193 4145 625 4217 ἐγγεγενημένων
677 4148 794 4201 ἐστὶ
846 4150 1049 4220 κόλπῳ.
1101 4151 1258 4205 Ἀλλά
1306 4153 1507 4218 παντὸς
1539 4156 1743 4224 ἀγαθοῦ

194 4236 440 4307 πλήρωμα
463 4238 567 4301 ὢν,
599 4240 815 4303 πάντως
844 4243 901 4294 ὲν
926 4242 1002 4312 τῷ
1029 4243 1203 4316 Πατρὶ
1234 4248 1432 4298 νοεῖται
1466 4249 1493 4299 ὁ
1524 4247 1581 4300 ἐν
1603 4248 1742 4319 ἀρχῇ

194 4324 274 4389 ὢν,
301 4330 395 4381 οὐκ
414 4330 708 4399 ἀναμένων
746 4332 806 4383 τὸ
834 4333 922 4385 διὰ
951 4335 1178 4398 κτίσεως
1210 4337 1266 4389 ὲν
1300 4338 1446 4407 αὑτῷ
1472 4340 1742 4407 γενέσθαι,

193 4417 255 4480 ὡς
277 4418 337 4473 ἂν
371 4423 587 4492 μήποτε
621 4422 774 4485 κενὸς
812 4424 1030 4491 ἀγαθῶν
1054 4429 1081 4479 ὁ
1111 4426 1298 4498 Πατὴρ
1322 4430 1559 4501 νοηθείη.
1606 4431 1742 4484 Ἀλλ’

193 4506 217 4555 ὁ
239 4509 288 4560 ὲν
315 4513 378 4580 τῇ
406 4512 674 4581 ὰῖδιότητι
704 4513 803 4581 τῆς
859 4516 1126 4585 πατρικῆς
1154 4516 1403 4589 θεότητος
1436 4516 1572 4574 εἶναι
1595 4521 1745 4573 νοού-

197 4620 351 4671 μενος,
395 4609 485 4661 ἀεὶ
528 4610 586 4660 ὲν
616 4609 764 4679 αὐτῷ
809 4609 958 4662 ἐστι’
1002 4609 1227 4682 δύναμις
1253 4612 1326 4665 ὢν
1361 4616 1455 4667 καὶ
1488 4615 1619 4686 ζωὴ,
1651 4617 1743 4668 καὶ

194 4695 414 4765 ἀλήθεια,
443 4700 541 4753 καὶ
573 4700 689 4769 φῶς
717 4702 811 4753 καὶ
842 4702 1020 4770 σοφία,
1053 4704 1147 4757 καὶ
1171 4706 1239 4758 τὰ
1270 4708 1507 4761 τοιαῦτα.
1537 4709 1742 4764 Οὐκοῦν

194 4785 275 4837 οὐκ
304 4791 363 4841 ὲκ
388 4790 483 4843 τοῦ
518 4789 660 4843 θείου
707 4809 765 4843 τε
796 4792 889 4845 καὶ
936 4794 1211 4864 ἀκηράτου
1260 4797 1462 4868 ἐστὶνή
1502 4800 1742 4854 Ἔκτισέ

191 4893 253 4942 με
284 4882 445 4952 φωνὴ,
487 4882 624 4935 ἀλλὰ
651 4881 829 4946 καθὼς
867 4883 1101 4956 εἴρηται,
1132 4887 1195 4941 ὲκ
1217 4888 1309 4941 τοῦ
1343 4890 1741 4960 ἀνακραθέντος

196 4971 297 5020 κατ’
331 4974 641 5043 οἰκονομίαν
672 4974 777 5026 ἀπὸ
807 4974 906 5043 τῆς
935 4977 1157 5046 κτιστῆς
1181 4979 1334 5048 ἡμῶν
1362 4982 1594 5049 φύσεως.

1861 1887 2063 1941 donum
2095 1890 2314 1945 virtutis
2346 1906 2466 1961 qua:
2493 1900 2573 1945 est
2607 1892 2659 1944 in
2698 1892 3012 1949 hominibus
3041 1895 3259 1949 silentio
3287 1911 3427 1965 prae-

1862 1981 2078 2032 teritum
2133 1980 2460 2049 despicere:
2496 1997 2691 2037 rursus
2736 1999 2802 2038 ex
2845 1999 3077 2053 persona
3122 1986 3423 2056 Sapientiae

1861 2070 2053 2139 pergit,
2102 2070 2290 2127 dicens
2355 2087 2418 2128 ea
2453 2088 2574 2143 qua:
2605 2075 2768 2144 paulo
2802 2083 2928 2131 ante
2972 2078 3425 2132 commemoravi-

1858 2176 1980 2216 mus
2020 2180 2032 2213 :
2098 2161 2482 2220 Contubernale
2530 2167 2691 2220 habui
2756 2170 3030 2222 consilium
3078 2180 3126 2223 et
3168 2172 3424 2241 cognitio-

1858 2268 1970 2305 nem
1999 2262 2049 2305 et
2088 2254 2532 2325 intelligentiam;
2576 2268 2625 2311 et
2667 2275 2985 2329 qurrcunque
3015 2263 3349 2333 intelligentia
3373 2274 3424 2318 et

1856 2344 2127 2397 scientiam
2157 2345 2412 2414 gignentia
2439 2358 2560 2402 sunt
2586 2348 2861 2405 doctrinm.

1929 2433 2053 2488 llaec
2090 2446 2143 2489 et
2195 2454 2315 2505 qua:
2359 2450 2487 2491 sunt
2538 2442 2850 2508 hujusmodi
2896 2454 3247 2512 perseeutus,
3290 2449 3424 2503 sub-

1854 2526 2034 2596 juugit
2063 2526 2367 2582 doctrinam
2395 2547 2517 2599 qua:
2545 2540 2627 2586 est
2659 2536 2725 2587 de
2767 2536 3181 2603 dispensatione
3223 2555 3422 2595 secun-

1855 2616 1985 2670 dum
2017 2621 2308 2681 hominem.
2341 2622 2392 2675 id
2422 2632 2526 2687 est,
2552 2625 2619 2679 de
2644 2623 2807 2680 Verbi
2838 2628 3231 2697 incarnatione,
3258 2648 3422 2702 quam

1856 2711 1926 2764 ob
1956 2727 2177 2766 causam
2238 2712 2458 2767 Verbum
2513 2734 2634 2770 caro
2664 2719 2864 2787 factum
2905 2731 2981 2774 est
3022 2722 3084 2778 ⁸³.
3131 2722 3264 2777 Nam
3300 2742 3421 2779 cutn

1854 2804 1927 2857 sit
1958 2806 2301 2873 perspicuum
2332 2809 2588 2864 omnibus
2614 2811 2757 2879 quod
2789 2814 2924 2866 nihil
2961 2814 3014 2867 in
3047 2817 3229 2886 St‘ipSO
3264 2833 3423 2872 crea-

1856 2902 1969 2948 tum
2008 2897 2090 2949 vel
2131 2897 2490 2952 advenlitium
2526 2902 2685 2955 habet
2721 2904 2811 2958 ille
2842 2908 2934 2974 qui
2963 2916 3047 2959 est
3080 2908 3131 2961 in
3164 2910 3421 2965 onmibus

1854 2985 2019 3051 Deus,
2067 3006 2174 3042 non
2210 2992 2484 3058 virtutem,
2520 3010 2625 3049 non
2685 2999 3030 3067 sapientiam,
3085 3017 3191 3055 non
3224 3003 3419 3066 lucem,

1856 3092 1962 3130 non
2010 3080 2300 3145 rationem,
2338 3098 2446 3137 non
2499 3086 2686 3149 vitam,
2732 3104 2838 3141 non
2885 3092 3191 3156 veritatem,
3243 3110 3421 3163 neque

1856 3169 2079 3224 omnino
2109 3173 2404 3242 quidquam
2438 3191 2623 3230 eorum
2654 3194 2773 3247 quae
2803 3183 2853 3233 in
2887 3183 3222 3250 plenitudine
3248 3188 3417 3243 divini

1857 3262 2013 3317 sinus
2048 3266 2494 3333 consmciuntur,
2545 3284 2665 3337 qua:
2704 3272 2921 3339 quidem
2970 3277 3149 3329 omnia
3179 3287 3262 3332 est
3297 3281 3420 3333 uni-

1857 3356 2071 3424 genitus
2107 3356 2271 3420 Deus,
2303 3363 2392 3430 qui
2425 3371 2503 3415 est
2548 3365 2600 3415 in
2655 3366 2858 3420 sinibus
2909 3368 3109 3432 Patris,
3147 3373 3276 3426 nulli
3322 3391 3416 3430 eo-

1857 3462 1975 3499 rum
2008 3466 2127 3517 qute
2166 3452 2219 3504 in
2245 3450 2353 3507 Deo
2383 3464 2683 3510 cernuntur
2719 3462 3013 3515 creationis
3042 3479 3236 3518 nomen
3271 3476 3418 3521 recte

1853 3543 1907 3590 et
1951 3540 2341 3595 convenienter
2369 3545 2568 3611 poterit
2604 3548 2863 3615 applicari
2895 3550 2961 3602 “.
3002 3550 3075 3604 Ita
3124 3562 3182 3606 ut
3220 3571 3417 3608 conve-

1852 3627 1967 3680 niat
2014 3627 2210 3683 Filium
2261 3634 2353 3701 qni
2405 3644 2490 3689 est
2541 3637 2597 3690 in
2647 3638 2826 3701 Patre,
2885 3644 2967 3696 vel
3002 3642 3235 3698 Verbum
3270 3649 3414 3716 quod

1849 3725 1966 3770 erat
2007 3717 2061 3770 in
2107 3720 2396 3789 principio,
2428 3725 2510 3777 vel
2561 3726 2616 3779 in
2667 3728 2786 3782 luce
2832 3729 3035 3795 lucem,
3072 3736 3154 3787 vel
3205 3736 3258 3788 in
3302 3739 3412 3791 vita

1849 3808 2035 3870 vitam,
2070 3810 2153 3865 vel
2196 3810 2248 3862 in
2294 3815 2559 3882 sapientia
2606 3820 2927 3886 sapientiam
2974 3822 3182 3888 dicere,
3230 3826 3407 3881 Domi-

1851 3913 1947 3949 nus
1975 3901 2165 3951 creavit
2198 3917 2276 3954 me
2299 3902 2363 3955 ”.
2406 3902 2461 3957 Si
2496 3906 2638 3959 enim
2675 3918 2855 3963 creata
2884 3919 2967 3964 est
3004 3912 3094 3968 Dei
3126 3917 3413 3985 sapientia,

1848 3986 2102 4043 Christus
2136 4000 2314 4045 autem
2364 3992 2459 4048 Dei
2504 3997 2677 4053 virtus
2726 4007 2779 4054 et
2828 4004 3120 4071 sapientia,
3165 4008 3413 4063 adventi-

1848 4080 1979 4133 tiam
2027 4082 2272 4150 profecto
2325 4084 2466 4142 Deus
2517 4090 2705 4145 habuit
2744 4094 3089 4162 sapientiam,
3140 4103 3411 4167 posterius

1846 4172 1977 4241 quid
2013 4190 2074 4227 ex
2125 4176 2405 4232 creatione
2447 4181 2698 4251 adeptus,
2731 4186 2873 4254 quod
2919 4203 3024 4240 non
3058 4192 3210 4257 prius
3247 4193 3411 4250 habe-

1847 4263 1959 4319 bat.
1999 4263 2378 4323 Verumtamen
2423 4272 2515 4340 qui
2558 4282 2641 4326 est
2688 4275 2739 4327 in
2784 4276 2993 4332 sinibus
3032 4278 3231 4345 Patris,
3268 4301 3411 4339 nun-

1845 4371 2008 4425 quam
2043 4358 2224 4425 seipse
2255 4375 2483 4414 vacuum
2521 4365 2651 4417 sinit
2687 4367 2986 4436 intelligere
3024 4373 3201 4426 sinum
3235 4384 3413 4443 pater-

1773 4470 1821 4525 ο
1848 4461 1999 4507 num,
2042 4450 2176 4502 nihil
2218 4452 2361 4503 enim
2414 4468 2601 4507 eorum
2646 4473 2766 4524 quae
2798 4461 3142 4519 extrinsecus
3192 4466 3412 4537 ingenc-

1850 4548 2063 4603 rantur,
2099 4549 2181 4594 est
2208 4543 2261 4595 in
2303 4546 2449 4597 sinu.
2484 4545 2587 4600 Sed
2614 4547 2794 4604 omnis
2813 4551 2937 4605 boni
2970 4569 3092 4608 cum
3125 4559 3197 4612 sit
3232 4563 3414 4629 pleni-

1850 4628 2011 4689 tudo,
2075 4632 2300 4685 omnino
2356 4637 2408 4688 in
2468 4633 2627 4691 Patre
2675 4638 2997 4709 intelligitur
3035 4646 3125 4714 qui
3176 4628 3292 4703 erat
3352 4655 3409 4707 in

1850 4720 2141 4791 principio,
2194 4739 2301 4778 non
2333 4737 2658 4797 exspectans
2699 4732 2752 4785 in
2788 4732 2906 4801 ipso
2938 4752 3033 4804 per
3080 4744 3410 4800 creationem

1847 4826 1989 4874 esse,
2036 4830 2103 4869 ne
2152 4816 2448 4885 aliquando
2478 4819 2659 4886 Pater,
2704 4823 2862 4881 bonis
2897 4844 3102 4886 vacuus
3130 4843 3182 4887 et
3231 4836 3411 4892 inanis

1846 4914 2025 4960 mente
2082 4910 2291 4979 concipi
2340 4916 2529 4981 possit.
2574 4914 2676 4970 Sed
2728 4920 2821 4987 qui
2874 4921 2925 4975 in
2972 4928 3269 4982 aeternitate
3317 4946 3411 4998 pa-

1845 5003 2013 5051 terna:
2063 4998 2282 5056 deitatis
2327 5018 2449 5057 esse
2484 5005 2826 5075 intelligitur,
2881 5011 2935 5064 in
2986 5014 3103 5082 ipso
3152 5026 3235 5071 est
3269 5034 3412 5072 sem-

199 5073 315 5121 per:
346 5067 525 5120 virtus
559 5082 683 5119 cum
735 5068 807 5121 sit
839 5077 892 5121 et
922 5070 1029 5121 vita
1080 5079 1132 5123 et
1171 5075 1393 5137 veritas,
1452 5078 1539 5132 lux
1614 5089 1668 5136 et
1711 5086 1978 5154 sapientia
2030 5099 2083 5144 et
2130 5109 2251 5161 quze
2298 5106 2425 5149 sunt
2476 5099 2626 5160 talia,
2683 5102 2824 5156 haud
2900 5067 3066 5174 igitur
3114 5108 3227 5163 haec
3283 5128 3406 5175 vox,

199 5150 301 5175 ΙἾμμ
348 5160 379 5175 ο-
542 5162 553 5175 ι
848 5163 861 5175 ι
927 5164 959 5175 ..
1005 5164 1016 5173 .
1405 5172 1413 5175 .

1777 5150 1787 5154 _
2149 5150 2159 5161 ,
2484 5150 2487 5151 ν
2683 5150 2824 5156 _,___
2900 5150 2913 5156 -
3114 5150 3227 5163 ..νυν

198 5150 379 5211 Creavit
416 5162 590 5221 me.de
620 5177 685 5215 eo
720 5163 862 5231 quod
910 5164 1154 5220 divinum
1191 5179 1275 5223 est
1305 5180 1359 5225 et
1403 5172 1822 5246 incorruptibile
1874 5185 2189 5254 accipienda
2237 5198 2342 5254 est,
2398 5192 2492 5246 sed
2574 5197 2714 5248 sicut
2759 5150 2962 5253 dictum
3030 5215 3131 5266 est,
3203 5206 3270 5259 de
3344 5228 3409 5266 eo

199 5250 321 5315 quod
371 5266 466 5320 per
522 5252 952 5309 incarnationem
1012 5268 1476 5328 contemperatum
1541 5276 1626 5319 est
1675 5283 1739 5323 ex
1779 5282 1962 5326 creata
1995 5250 2193 5331 natura
2230 5291 2433 5335 nostra.

258 5339 371 5401 Πῶς
397 5336 488 5394 οὖν
520 5344 552 5412 ἡ
604 5344 741 5415 αὑτὴ
774 5348 885 5402 καὶ,
908 5347 1005 5417 τὴν
1056 5350 1159 5420 γῆν
1190 5350 1446 5421 θεμελιοί,
1482 5358 1573 5409 καὶ
1620 5361 1746 5421 τοὺς

200 5427 433 5498 οὐρανοὺς
468 5434 765 5504 ὲτοιμάζει,
801 5440 893 5491 καὶ
921 5440 1016 5503 τὰς
1045 5441 1313 5505 ἀϐύσσους
1351 5445 1740 5519 ἀναῤῥήγνυσι,

200 5521 340 5588 σοφία
367 5526 457 5576 καὶ
503 5528 760 5599 φρόνησις
794 5530 1120 5605 καλουμένη,
1152 5536 1243 5588 καὶ
1293 5537 1525 5592 ἐνταῦθα
1570 5541 1746 5607 κτίζε-

1923 5364 2206 5430 Quomodo
2260 5371 2423 5440 igitur
2451 5374 2637 5429 eadem
2681 5385 2877 5431 terram
2909 5381 3069 5435 etiam
3116 5384 3308 5441 fundat
3357 5404 3410 5443 ει

1851 5459 2021 5512 caelos
2069 5474 2355 5529 praeparat,
2410 5475 2464 5519 et
2501 5467 2728 5538 abyssos
2777 5476 3096 5542 perrumpit,
3142 5482 3408 5547 sapientia

1852 5558 1906 5601 et
1939 5553 2249 5621 prudentia,
2281 5564 2333 5612 et
2364 5558 2582 5615 divinus
2609 5576 2806 5618 sensus
2838 5565 2928 5634 qui
2970 5577 3219 5636 vocatur,
3240 5572 3407 5627 etiam

267 5705 327 5737 "'
354 5707 509 5768 Prov.
536 5732 650 5784 vni,
681 5717 751 5771 ει
787 5734 907 5790 sqq.
987 5723 1031 5754 ”
1062 5722 1217 5779 Joan.
1265 5742 1302 5791 ι,
1340 5727 1426 5782 14.
1507 5729 1702 5787 “ibid.
1768 5733 1849 5789 18.
