3922 6472
555 331 658 388 εδδ
1815 315 1874 370 s.
1916 311 2244 370 GREGOR-ll
2282 312 2573 368 NYSSENI
3655 335 3736 384 sit

556 446 660 500 hoc
702 443 756 496 in
788 439 911 494 loco
936 445 1162 492 creatur
1186 433 1255 488 ad
1301 448 1530 504 operum
1564 431 1940 512 principium?
1991 429 2105 485 Non

2190 436 2212 489 ι
2237 449 2324 482 ται
2348 431 2428 493 είς
2461 430 2636 501 ἑργων
2658 432 2835 503 ἀρχήν
2859 432 3006 497 mox
3029 434 3181 497 ἄνευ,
3215 437 3394 507 φησὶν,
3421 439 3583 502 αἰτίας
3605 445 3739 510 μετὰ.

560 536 758 606 znquit,
809 534 1015 601 absque
1039 545 1235 599 magna
1262 542 1426 581 causa
1455 526 1583 580 talis
1640 526 1910 608 particeps
1944 523 2109 594 operit

2229 521 2327 591 λης
2368 523 2401 592 ἡ
2435 523 2656 592 τοιαύτη
2707 528 3048 594 συνεργεῖται
3089 528 3382 597 οἰκονομία.
3423 529 3548 583 Ἀλλ’
3591 535 3741 604 ἐπειδὴ

557 627 849 680 adhibetur
889 623 1247 693 dispensatio,
1299 620 1352 673 id
1379 627 1484 682 est,
1525 619 1761 672 humana
1790 617 1996 670 Christi
2029 630 2106 668 na'

2227 613 2337 665 τῶν
2369 613 2845 684 παραφυλακτέων
2896 618 3024 687 ἡμῖν
3065 618 3163 688 τὴν
3197 621 3411 692 ἐντολὴν
3449 623 3671 688 λαϐόντες
3704 631 3742 679 οἱ

556 729 700 772 tura.
751 716 954 771 Verum
1002 711 1443 782 quandoquidem
1493 711 1742 764 homines
1774 724 1963 763 eorum
2007 724 2105 777 qua

2231 706 2508 776 ἄνθρωποι
2524 706 2773 771 ἐξὲὁαλον
2791 711 2891 778 τῆς
2919 711 3137 780 μνήμης
3156 713 3252 783 τὴν
3279 715 3433 786 χάριν
3454 716 3534 769 διὰ
3557 718 3644 787 τῆς
3664 736 3745 772 πα.

555 818 780 879 accepto
811 807 1065 862 mandato
1095 807 1390 860 observare
1425 815 1479 858 et
1515 802 1796 856 custodire
1826 801 2101 855 debueran

2233 799 2433 868 ρακοῆς
2465 800 2522 852 ὲν
2549 803 2613 869 τῇ
2647 799 2755 852 τῶν
2787 802 3006 868 ἀγαθῶν
3038 801 3175 873 λήθῃ
3207 806 3496 876 γενόμενοι,
3520 807 3599 860 διὰ
3617 809 3744 862 τοῦτο

553 915 619 953 ex
647 914 745 952 sua
777 897 1038 949 memoria
1065 911 1160 964 per
1191 894 1588 948 contumaciam
1615 899 1670 944 et
1702 890 2102 944 inobedientian

2229 890 2315 942 ῖνα
2347 891 2654 959 ἁναγγείλω
2680 892 2841 945 πάλιν
2872 894 3000 964 ὑμῖν
3025 895 3093 947 τά
3114 895 3235 949 καθ’
3265 898 3466 971 ἡμέραν
3497 901 3580 952 ἐπὶ
3605 919 3745 972 σωτη-

553 989 881 1058 expulerunt
913 987 1166 1055 gratiam,
1203 986 1475 1039 bonorum
1520 984 1693 1046 obliti,
1748 990 2033 1051 propterea
2069 997 2102 1033 ιι

2233 983 2324 1053 ρίᾳ
2349 984 2628 1053 γινόμενα,
2653 985 2746 1037 καὶ
2775 985 3072 1058 ἀναμνήσω
3099 987 3167 1041 τὰ
3188 986 3248 1053 ἐξ
3278 991 3747 1066 αἰῶνος,ἁπαριθμη-

553 1083 710 1136 vobis
737 1080 1116 1134 annuntiarem
1149 1093 1269 1146 qua:
1305 1076 1552 1146 quotidie
1580 1075 1651 1128 ob
1678 1083 1918 1128 vestram
1972 1074 2102 1127 salui

2231 1076 2462 1146 σάμενος
2503 1071 2576 1129 ὧν
2607 1079 2956 1132 ἐπελάθεσθε·
2989 1083 3072 1134 Οὺ
3110 1085 3221 1150 γὰρ
3253 1087 3460 1138 καινόν
3494 1105 3542 1140 τι
3573 1107 3749 1158 καταγσ

554 1184 661 1228 tem
717 1174 872 1234 liunt,
941 1182 994 1225 et
1047 1172 1099 1225 in
1158 1170 1475 1224 memoriam
1521 1167 1840 1221 reducerem
1891 1181 1954 1219 ea
2009 1181 2103 1232 qua

2229 1167 2422 1236 τέλλω
2444 1167 2561 1220 νῦν
2591 1170 2974 1239 Εὐαγγέλιον,
3007 1172 3166 1226 ἀλλὰ
3203 1175 3316 1240 τὴν
3338 1178 3422 1241 εις
3456 1180 3518 1229 τὸ
3543 1181 3749 1247 ἀρχαῖον

555 1271 684 1317 sunt
745 1281 771 1316 a
823 1263 1043 1325 szei‘ulo,
1113 1258 1483 1315 enumerando
1547 1257 1702 1312 vobis
1769 1274 1831 1310 ea
1895 1271 2104 1324 quorun

2233 1261 2730 1315 ἀποκατάστασιν
2749 1262 2916 1330 ὑμῶν
2940 1267 3451 1334 πραγματεύομαι·
3485 1268 3653 1323 τούτου
3674 1274 3747 1341 χά-

558 1355 880 1409 memoriam
937 1354 1237 1409 amisistis:
1281 1351 1402 1405 Non
1453 1353 1588 1404 enim
1630 1367 1816 1404 novum
1865 1349 2107 1419 quoddan

2234 1369 2314 1422 ριν
2340 1352 2594 1424 ἐκτίσθην
2618 1355 2645 1406 6
2669 1353 2754 1406 ἀεὶ
2782 1353 2877 1415 ὢν,
2909 1355 3002 1406 καὶ
3037 1355 3200 1424 μηδὲν
3234 1356 3328 1409 τοῦ
3355 1359 3618 1430 κτισθῆναι
3642 1362 3747 1431 πρὸς

559 1444 905 1513 Evangelium
954 1461 1092 1497 nunc
1153 1443 1432 1505 annuntio,
1496 1440 1584 1494 sed
1641 1453 1866 1494 vestram
1911 1443 1963 1493 in
2017 1443 2098 1508 pri

2229 1441 2287 1494 τὺ
2321 1437 2457 1494 εἶναι
2481 1443 2750 1510 δεόμενος.
2789 1442 2950 1494 Ὥστε
2988 1460 3053 1512 με
3076 1444 3325 1508 γενέσθαι
3359 1447 3526 1518 ἀρχὴν
3553 1448 3749 1512 όδῶνείς

554 1537 752 1587 slinum
810 1544 1007 1587 statum
1060 1534 1445 1588 restitutionem
1500 1532 1728 1594 molior;
1763 1532 1925 1598 hujus
1957 1535 2103 1601 grati:

2227 1535 2295 1588 τὰ
2323 1534 2460 1605 ἔργα
2503 1534 2594 1587 τοῦ
2626 1535 2780 1597 Θεοῦ,
2820 1538 2945 1600 τοὺς
2985 1537 3303 1606 ἀνθρώπους
3346 1538 3624 1609 λέγωτῆς
3662 1544 3749 1612 γὰρ

551 1642 653 1696 ego
719 1628 812 1696 qui
876 1641 1092 1694 semper
1147 1641 1293 1686 sum,
1353 1631 1576 1677 creatus
1637 1623 1735 1684 fni,
1799 1624 1889 1692 qui
1957 1625 2100 1677 nulla

2229 1625 2346 1677 ὁδοῦ
2378 1626 2473 1694 τῆς
2513 1623 2734 1695 πρώτης
2777 1627 3236 1697 καταφθαρείσης,
3275 1627 3381 1680 ἔδει
3430 1629 3578 1683 πάλιν
3608 1634 3752 1698 ἐγκαι-

552 1725 611 1773 ut
678 1732 877 1781 essem,
955 1715 1262 1785 inligeham
1344 1716 1643 1768 creatione.
1728 1714 1804 1766 ita
1888 1721 1947 1766 ut
2023 1716 2101 1767 sin

2229 1715 2473 1786 νισθῆναι
2524 1719 2634 1780 τοῖς
2692 1716 3061 1787 πλανωμένοις
3089 1719 3209 1771 ὁδὸν
3250 1719 3551 1790 πρόσφατόν
3589 1739 3643 1775 τε
3677 1727 3750 1775 καὶ

553 1809 877 1879 principium
929 1808 1141 1860 viarum
1184 1805 1249 1859 ad
1292 1820 1456 1874 opera
1506 1805 1620 1866 hei,
1671 1805 1921 1859 homines
1975 1805 2099 1858 dico

2232 1806 2430 1869 ζῶσαν,
2455 1806 2618 1858 αὐτὸν
2655 1806 2777 1876 ἐμὲ,
2809 1808 2868 1870 ὃς
2903 1809 3016 1878 εἰμι
3049 1808 3184 1871 ὁδός.
3219 1787 3328 1861 καὶ
3350 1787 3430 1862 ὅτι
3455 1811 3581 1880 πρὸς
3611 1812 3662 1864 τὸ
3685 1816 3753 1867 ἀνι

554 1900 686 1954 Nam
719 1905 976 1966 corrupta
1011 1896 1097 1948 via
1132 1897 1328 1964 prima,
1365 1897 1504 1947 viam
1553 1904 1827 1949 recentem
1864 1905 1917 1950 et
1946 1896 2103 1949 vivan

2231 1896 2541 1969 θρώπινονή
2557 1897 2673 1959 τοῦ,
2691 1894 2878 1951 ’Έκισέ
2894 1913 2980 1968 με,
3007 1897 3210 1951 διάνοια
3236 1899 3436 1969 βλέπει,
3467 1902 3751 1972 σαφέστερον

553 1991 868 2046 errantibus
899 1988 1147 2040 innovari
1175 2002 1365 2042 rursus
1395 1987 1701 2054 operiebat,
1733 2002 1927 2056 nem-pc
1955 1989 2102 2056 meip

2230 1990 2358 2058 ἡμῖν
2408 1987 2564 2040 τοῦτο
2601 1987 2893 2058 παρίστησι
2925 1989 3013 2042 διὰ
3056 1990 3165 2042 τῶν
3197 1991 3341 2044 ίδίων
3387 1993 3550 2059 λόγων
3593 1997 3617 2046 6
3642 1995 3752 2058 θεῖος

553 2098 673 2137 sum
739 2083 831 2149 qui
866 2096 986 2133 sum
1018 2079 1123 2131 via.
1158 2077 1312 2142 Quod
1353 2078 1420 2131 ad
1453 2079 1849 2131 humanitatem
1902 2080 2098 2148 reSpici

2249 2079 2588 2141 Ἀπόστολος,
2625 2080 2682 2131 ὲν
2716 2072 2796 2141 οἷς
2843 2079 3229 2143 διακελεύεται,
3253 2081 3339 2134 ὅτι
3361 2083 3655 2136 Ἐνδύσασθε
3682 2085 3753 2137 τὸν

559 2174 828 2229 sententia
862 2171 1040 2232 verbi,
1061 2169 1398 2236 Creavit'me,
1421 2168 1577 2222 nobis
1622 2168 1968 2224 manifestius
1996 2169 2108 2221 red-

2229 2170 2432 2238 Κύριον
2478 2170 2682 2240 Ἰησοῦν
2719 2170 2974 2239 Χριστὸν,
3008 2173 3100 2222 καὶ
3131 2172 3266 2242 πρὸς
3305 2171 3509 2236 τούτοις
3535 2175 3650 2227 ὅπου
3683 2175 3753 2228 τὸν

557 2267 639 2320 dit
683 2265 799 2320 suis
828 2263 1008 2317 verbis
1043 2261 1263 2315 divinus
1327 2259 1654 2328 Apostolus.
1713 2261 1914 2332 quibus
1967 2261 2106 2330 jubet

2228 2259 2388 2312 αὐτὸν
2409 2259 2765 2314 ἐπαναλαδὼν
2781 2261 2937 2330 λόγον
2955 2265 3137 2334 φησὶν,
3165 2265 3531 2320 Ἐνδύσασθε
3553 2267 3646 2318 τὸν
3656 2281 3753 2316 και-

549 2357 776 2412 induere
837 2355 1124 2408 hominum
1174 2350 1359 2407 Jesum
1393 2352 1670 2406 Christum
1709 2353 1754 2384 ¹⁵
1789 2369 1804 2417 ;
1863 2363 2098 2421 praetere:

2226 2350 2336 2402 νόν
2358 2351 2670 2419 ἀνθρώπων
2698 2352 2804 2405 τὸν
2829 2355 2977 2407 κατὰ
2999 2357 3146 2408 Θεὸν
3170 2358 3575 2411 κτισθένηιΈί
3602 2357 3692 2425 γὰρ
3709 2357 3753 2406 ἒν

551 2450 643 2503 ubi
702 2447 892 2502 eodem
932 2445 1161 2514 repetito
1192 2457 1446 2497 sermone
1480 2442 1634 2504 dicit,
1671 2443 1887 2497 Induite
1931 2459 2100 2496 norim

2233 2440 2329 2512 μέν
2361 2443 2476 2494 ἐστι
2511 2442 2570 2494 τὸ
2607 2443 2873 2514 σωτήριον
2909 2443 3134 2513 ἔνδυμα,
3165 2445 3326 2498 τοῦτο
3350 2445 3405 2498 δέ
3438 2447 3574 2499 ἐστιν
3603 2449 3628 2499 ὁ
3651 2447 3757 2516 Χρι-

547 2541 808 2595 hominem
831 2539 918 2607 qui
948 2536 1230 2590 secundum
1265 2536 1426 2588 Deum
1456 2545 1663 2586 creatus
1685 2544 1760 2586 est
1787 2535 1831 2566 “
1851 2575 1864 2588 .
1897 2534 1954 2588 Si
1977 2535 2096 2588 enin

2232 2534 2373 2595 στὺς,
2414 2535 2514 2586 οὐκ
2546 2533 2610 2586 ἂν
2640 2535 2796 2588 ἄλλον
2825 2554 2909 2598 τις
2937 2535 3077 2589 εἴποι
3112 2537 3263 2607 παρὰ
3287 2539 3377 2590 τὸν
3405 2539 3621 2610 Χριστὸν
3646 2535 3756 2591 εἶναι

548 2633 770 2684 unicum
808 2636 892 2683 est
949 2629 1189 2684 salutare
1240 2625 1638 2686 indumentum,
1679 2627 1780 2678 hoc
1805 2635 1984 2679 autem
2039 2642 2097 2679 es

2229 2625 2321 2676 τὸν
2357 2625 2538 2677 καινὸν
2561 2625 2841 2696 ἄνθρωπον
2869 2627 2958 2678 τὸν
2981 2628 3120 2680 κατὰ
3143 2627 3277 2680 Θεὸν
3303 2630 3597 2682 κτισθέντα.
3629 2628 3757 2681 Ἀλλὰ

542 2723 823 2785 Christus,
854 2735 964 2774 non
998 2719 1162 2772 alium
1188 2719 1314 2788 quis
1338 2716 1540 2770 dixerit
1583 2726 1782 2785 praeter
1837 2716 2091 2770 Chrislun

2227 2715 2404 2782 δῆλον,
2434 2716 2516 2767 ὅτι
2549 2718 2576 2768 6
2600 2715 2687 2767 τὸν
2716 2717 2945 2787 Χριστὸν
2983 2717 3361 2786 ἐνδυσάμενος,
3390 2719 3477 2771 τὸν
3499 2720 3664 2772 καινὸν
3688 2722 3754 2770 ὲν-

543 2829 670 2869 esse
703 2827 903 2866 novum
938 2811 1236 2871 hominem,
1268 2825 1394 2864 eum
1443 2810 1536 2878 qui
1589 2809 1890 2864 secundum
1951 2807 2092 2862 Deun

2229 2802 2438 2856 δέδοται
2484 2802 2786 2874 ἄνθρωπον,
2829 2805 2919 2856 τὸν
2953 2805 3094 2858 κατὰ
3131 2805 3260 2857 Θεὸν
3290 2805 3590 2859 κτισθέντα.
3615 2805 3757 2866 Μόνος

547 2914 767 2960 creatus
805 2917 907 2960 est.
950 2902 1058 2959 Sed
1099 2904 1309 2958 clarum
1361 2912 1469 2970 est,
1505 2903 1652 2973 quod
1698 2902 1790 2972 qui
1837 2901 2096 2956 Christun

2228 2893 2336 2964 γάρ
2361 2889 2511 2956 οὗτος
2553 2895 2628 2956 ώς
2661 2894 2872 2964 ἀληθῶς
2897 2895 3080 2957 καινὸς
3119 2895 3323 2966 κυρίως
3356 2895 3655 2966 ὀνομάζεται
3679 2897 3749 2948 ἄν·

545 2999 745 3062 induit,
783 3002 980 3052 novum
1013 2997 1189 3051 induit
1216 2995 1514 3055 hominem,
1547 3011 1669 3050 eum
1695 2995 1790 3065 qui
1816 2995 2094 3050 secundum

2229 2987 2257 3040 0
2265 3004 2463 3059 ρωπος,
2485 2986 2543 3048 ὃς
2559 2986 2680 3056 οὐχὶ
2697 2985 2783 3038 διὰ
2798 2985 2902 3038 τῶν
2922 2986 3212 3057 γνωρίμων
3227 3003 3288 3039 τε
3318 2987 3411 3039 καὶ
3431 2987 3654 3057 συνήθων
3676 2987 3755 3054 τῆς

548 3091 717 3147 Deum
753 3099 967 3146 creatus
1000 3099 1104 3144 est.
1145 3089 1306 3143 Solus
1335 3090 1480 3143 enim
1512 3088 1601 3142 hic
1641 3103 1768 3143 vere
1819 3096 1872 3142 et
1903 3089 2097 3158 proprii

2231 3079 2443 3146 φύσεως
2481 3077 2614 3130 ὀδών
2645 3079 2700 3128 ἐν
2728 3075 2805 3146 τῷ
2839 3076 2945 3128 τῶν
2981 3075 3284 3146 ἀνθρώπων
3327 3077 3494 3148 ἐφάνη
3525 3077 3636 3147 βίῳ,
3666 3076 3754 3129 ἀλλ’

547 3201 724 3240 novus
752 3185 1071 3239 nominatur
1101 3182 1287 3245 homo,
1323 3182 1415 3250 qui
1441 3197 1549 3235 non
1574 3196 1670 3250 per
1692 3191 1854 3235 notas
1887 3191 1940 3235 et
1988 3195 2091 3233 con

2229 3169 2600 3239 ἐξηλλαγμένη
2628 3185 2711 3231 τις
2736 3168 2828 3220 καὶ
2853 3166 3126 3230 ἰδιάζουσα
3150 3168 3240 3218 ἐπὶ
3267 3168 3430 3238 μόνου
3449 3167 3622 3221 τούτου
3638 3169 3757 3219 ἐκαι-

546 3285 736 3332 suetas
771 3284 982 3330 natura!
1013 3276 1132 3328 vias
1167 3275 1221 3328 in
1260 3273 1542 3326 hominum
1567 3273 1675 3326 vita
1694 3273 1982 3342 apparuit:
2027 3289 2095 3326 se:

2225 3259 2493 3328 νοτομήθη
2527 3263 2558 3328 ἡ
2591 3257 2785 3319 κτίσις.
2830 3257 2928 3309 Διὰ
2955 3256 3112 3309 τοῦτο
3153 3256 3244 3309 τὸν
3279 3257 3440 3309 αὑτὸν
3466 3259 3594 3328 πρὸς
3628 3274 3679 3309 τε
3714 3255 3759 3307 τὸ

544 3369 805 3424 inusitata
832 3367 1078 3435 quaedam
1103 3373 1157 3420 et
1177 3363 1474 3436 peculiaris
1503 3363 1558 3418 in
1585 3363 1690 3417 hoc
1721 3363 1839 3416 solo
1862 3364 2087 3417 innovat

2226 3350 2524 3420 παράδοξον
2559 3350 2658 3420 τῆς
2688 3351 2993 3417 γεννήσεως
3023 3348 3256 3418 βλέπων,
3304 3350 3484 3404 καινὸν
3520 3350 3758 3421 ἄνθρωπον

545 3465 633 3513 est
662 3457 890 3512 crcatio.
921 3455 1134 3510 Idcirco
1178 3455 1244 3509 ad
1275 3456 1418 3509 hunc
1461 3454 1840 3509 admirabilem
1869 3465 1921 3509 et
1970 3457 2094 3508 inau

2225 3443 2367 3494 κατὰ
2422 3442 2552 3495 Θεὸν
2595 3439 2883 3494 κτισθέντα
2930 3441 3322 3511 κατονομάζει,
3379 3443 3470 3495 καὶ
3518 3442 3642 3513 πρὸς
3682 3440 3759 3509 τὴν

543 3548 720 3600 ditum
763 3545 1135 3615 generationis
1175 3543 1397 3599 modum
1447 3545 1753 3613 respiciens
1806 3545 2092 3613 Apostolus

2225 3531 2373 3586 θείαν
2425 3533 2586 3602 φύσιν
2635 3533 2776 3603 ὁρῶν
2829 3532 2928 3602 τὴν
2970 3533 3338 3604 ὲγκραθεῖσαν
3381 3538 3446 3606 τῇ
3493 3533 3648 3587 κτίσει
3684 3530 3758 3582 τοῦ

542 3633 801 3688 eumdem
841 3649 1042 3688 novum
1091 3635 1370 3689 hominem
1426 3633 1730 3690 secundum
1767 3633 1935 3688 Deum
1967 3650 2091 3690 crea

2225 3623 2414 3677 καινοῦ
2446 3623 2637 3676 τούτου
2667 3622 2976 3694 ἀνθρώπου,
3005 3626 3240 3696 Χριστὸν
3264 3625 3663 3698 προσαγορεύει.
3689 3624 3759 3685 Ὧς

541 3736 665 3781 tum
697 3727 964 3789 nominat,
999 3734 1052 3780 et
1082 3725 1148 3780 ad
1178 3727 1418 3782 divinam
1451 3727 1673 3782 intuens
1702 3737 1954 3782 naturam
1978 3743 2090 3783 ere:

2224 3717 2452 3779 καθενὸς
2487 3717 2580 3769 καὶ
2613 3717 2704 3769 τοῦ
2743 3717 2909 3770 αὑτοῦ
2944 3717 3043 3781 τὰς
3074 3718 3166 3771 δύο
3216 3720 3431 3772 κεῖσθαι
3465 3718 3651 3788 φωνὰς,
3676 3717 3759 3784 τήν

546 3818 677 3870 tioni
707 3817 869 3886 bnjus
901 3815 1030 3869 novi
1081 3815 1318 3871 hominis
1364 3824 1806 3888 attemperatam,
1839 3818 2095 3873 Christuu

2221 3828 2281 3862 τε
2311 3809 2405 3862 τοῦ
2431 3809 2667 3880 Χριστοῦ
2702 3809 2864 3878 λέγω,
2899 3811 2994 3864 καὶ
3036 3811 3136 3882 τὴν
3162 3811 3254 3864 τοῦ
3295 3811 3480 3866 καινοῦ
3510 3808 3757 3881 ἀνθρώπου

539 3909 798 3979 appellat.
819 3909 999 3974 Quare
1027 3923 1124 3977 pro
1158 3923 1268 3962 uno
1292 3915 1346 3962 et
1397 3908 1587 3963 eodem
1618 3909 1757 3965 duas
1798 3913 1924 3981 poni
1959 3927 2088 3964 voce

1475 3908 1587 3963 dem
1618 3909 1757 3965 duas
1798 3913 1924 3981 poni
1959 3927 2121 3966 voces
2221 3905 2312 3958 τοῦ
2352 3903 2491 3958 κατὰ
2523 3905 2654 3956 θεὸν
2693 3903 3024 3968 κτισθέντος.

545 4007 754 4054 certum
781 4007 884 4063 est,
908 4008 961 4053 et
989 3998 1132 4052 hanc
1162 4013 1376 4062 vocem,
1423 3998 1628 4055 Christi
1659 4000 1808 4066 dico,
1868 4011 1918 4056 et
1968 4004 2116 4056 illam

541 4091 671 4144 novi
699 4089 936 4143 hominis
963 4089 1262 4144 secundum
1285 4088 1450 4143 Deum
1482 4092 1673 4145 creati.

614 4179 883 4246 Quoniam
931 4181 1099 4250 igitur
1155 4181 1410 4235 Christus
1448 4183 1717 4251 sapientia
1748 4195 1852 4247 est,
1915 4185 2122 4239 intelli-

2305 4186 2455 4240 ‘Errsl.
2484 4181 2575 4238 οὖν
2603 4185 2835 4255 Χριστὸς
2859 4187 2891 4255 ἡ
2927 4184 3086 4254 σοφία
3110 4187 3275 4249 ἐστὶν,
3308 4187 3337 4240 6
3364 4186 3574 4250 συνετὸς
3591 4186 3759 4254 ἀκροα-

538 4285 680 4341 .gens
711 4271 930 4322 auditor
965 4285 1272 4324 sermonem
1315 4269 1645 4333 consideret,
1683 4282 1736 4326 et
1782 4289 1971 4327 eorum
2025 4291 2087 4344 qu

2219 4283 2318 4354 τὴς
2360 4281 2745 4352 ἐπισκεψάσθω
2783 4282 2871 4335 τὸν
2909 4282 3064 4351 λόγον
3132 4283 3238 4335 τῶν
3270 4300 3332 4336 τε
3370 4280 3756 4354 προμαχομένων

544 4362 707 4417 nobis
739 4361 1121 4425 adversantur,
1143 4369 1198 4415 et
1227 4368 1497 4423 nostrum,
1532 4371 1588 4416 et
1619 4363 1828 4430 judicet
1861 4374 1982 4420 uter
2008 4368 2090 4434 pie

2221 4378 2372 4446 ἡμῖν,
2405 4376 2499 4429 καὶ
2528 4375 2617 4428 τὸν
2649 4375 2936 4446 ἡμέτερον,
2967 4375 3062 4428 καὶ
3097 4373 3337 4446 κρινάτω
3367 4375 3456 4428 τὸν
3483 4373 3757 4427 εὐσεϐέστε-

538 4454 645 4508 tati
679 4452 852 4521 magis
877 4459 1142 4521 congruat
1171 4459 1224 4505 et
1250 4463 1654 4508 consentaneus
1679 4455 1772 4509 sit.
1813 4454 1948 4511 Uter
1991 4473 2087 4510 ma

2226 4480 2336 4533 ρον.
2372 4463 2467 4526 Τίς
2513 4461 2711 4533 μᾶλλον
2756 4463 2851 4526 τὰς
2882 4462 3202 4535 θεοπρεπεῖς
3229 4465 3435 4528 ἑννοίας
3452 4466 3510 4517 ὲν
3541 4462 3611 4532 τῷ
3635 4457 3755 4532 ῥητῷ

543 4546 631 4616 gis
659 4543 768 4598 Deo
807 4543 1036 4598 decoras
1089 4544 1481 4614 intelligentias
1516 4545 1567 4598 in
1601 4543 1748 4600 dicto
1799 4557 2089 4602 conservet

2225 4554 2499 4618 διασώζει,
2528 4557 2556 4607 ὁ
2584 4555 2673 4607 τὸν
2711 4553 2804 4606 τοῦ
2835 4555 3032 4617 παντὸς
3060 4555 3300 4626 Κτίστην
3329 4558 3420 4609 καὶ
3459 4555 3646 4627 Κύριον
3675 4567 3753 4603 πε-

541 4653 616 4692 an
639 4637 734 4706 qui
764 4637 1002 4691 universi
1023 4637 1338 4691 Creatorem
1356 4645 1410 4689 et
1441 4635 1731 4692 Dominum
1765 4640 1966 4694 factum
1994 4656 2090 4696 esst

2226 4647 2479 4716 ποιῆσθαι
2509 4647 2892 4716 διοριζόμενος,
2921 4648 3014 4700 καὶ
3049 4651 3114 4719 τῇ
3149 4647 3469 4719 δουλευούσῃ
3501 4648 3654 4702 κτίσει
3675 4661 3754 4696 κα-

540 4728 757 4795 deﬁnit,
779 4739 834 4783 et
858 4727 1119 4783 servienti
1169 4735 1441 4782 creatura:
1499 4729 1707 4785 honore
1743 4746 1931 4801 parem
1980 4747 2083 4787 con

2222 4740 2576 4802 τασκευάζων
2613 4739 2904 4808 ὁμότιμονο
2940 4739 2972 4808 ἢ
3023 4738 3223 4809 μᾶλλον
3261 4742 3289 4792 6
3322 4741 3456 4811 πρὸς
3502 4740 3594 4810 τὴν
3637 4737 3754 4790 οίκο·

544 4820 746 4886 struit;
790 4832 858 4871 an
902 4817 1083 4888 potius
1111 4816 1204 4886 qui
1235 4816 1302 4871 ad
1357 4817 1819 4887 dispensationem
1860 4821 2085 4876 incarna

2223 4831 2414 4901 νομίαν
2439 4831 2603 4902 ὁρῶν,
2637 4832 2730 4884 καὶ
2757 4831 3043 4901 φυλάσσων
3081 4835 3146 4903 τῇ
3173 4849 3232 4885 τε
3268 4834 3394 4904 περὶ
3421 4832 3480 4885 τὸ
3507 4833 3652 4889 θεῖον,
3679 4828 3753 4880 καὶ

542 4911 713 4965 tionis
740 4909 1060 4978 respiciens,
1084 4916 1274 4964 servat
1297 4909 1446 4980 quod
1467 4911 1713 4980 opinioni
1732 4911 1799 4968 de
1821 4912 2091 4969 divinitati

2220 4925 2286 4993 τῇ
2321 4922 2450 4994 περὶ
2475 4921 2535 4974 τὸ
2560 4919 2894 4992 ἀνθρώπινον
2921 4922 3183 4992 ὑπολήψει
3211 4923 3271 4976 τὸ
3303 4927 3614 4996 πρόσφορον.
3634 4921 3753 4988 Συμ-

542 5012 598 5057 et
621 5001 690 5056 de
719 5001 1059 5056 humanitate
1085 5005 1366 5066 convenit,
1402 5013 1456 5057 ct
1481 5010 1605 5071 apte
1635 5006 1891 5074 congruit
1915 5025 1926 5059 :
1965 5022 2086 5076 mag

2217 5012 2623 5086 μαρτυροῦντος
2642 5013 2735 5067 τοῦ
2763 5014 2997 5084 μεγάλου
3035 5014 3244 5067 Παύλου
3273 5015 3348 5085 τῷ
3373 5014 3607 5083 δόγματι,
3639 5010 3688 5073 ὃς
3706 5012 3751 5059 ἐν

543 5108 615 5148 no
649 5091 819 5146 Paulo
857 5093 962 5148 hoc
1006 5094 1312 5163 praesertim
1344 5096 1542 5164 dogma
1571 5097 1984 5164 comprobante,
2019 5115 2088 5167 qu

2217 5107 2316 5176 μὲν
2338 5104 2415 5175 τῷ
2459 5103 2627 5175 καινῷ
2657 5105 2925 5177 ἀνθρώπῳ
2966 5105 3064 5177 τὴν
3097 5107 3272 5159 κτίσιν
3312 5105 3514 5176 βλέπει,
3543 5108 3595 5157 ὲν
3620 5103 3668 5155 δὲ
3695 5104 3733 5168 τῇ

543 5185 598 5238 in
633 5201 774 5239 novo
802 5187 1027 5240 homine
1055 5187 1386 5242 creationem
1417 5187 1661 5255 respicit,
1696 5199 1748 5242 et
1773 5191 1827 5243 in
1871 5207 1995 5245 vera
2027 5210 2092 5247 sa

2211 5193 2435 5264 ἀληθινῇ
2463 5194 2623 5265 σοφίᾳ
2650 5196 2747 5265 τὴν
2768 5195 3011 5258 ἐξουσίαν
3030 5195 3128 5265 τῆς
3150 5193 3683 5266 κτίσεως.’Συμ6αίνει
3703 5191 3747 5242 δὲ

545 5275 751 5344 pientia
782 5282 1105 5344 potestatem
1144 5277 1466 5331 creationis.
1502 5275 1815 5342 Quinetiam
1845 5282 2094 5337 orationi:

2210 5288 2304 5338 καὶ
2338 5287 2371 5355 ἡ
2393 5283 2544 5349 τάξις
2580 5285 2672 5338 τοῦ
2715 5286 2871 5354 λόγου
2930 5291 2993 5357 τῇ
3023 5287 3225 5359 θεωρίᾳ
3269 5289 3363 5341 τοῦ
3401 5289 3665 5357 δόγματος.
3699 5282 3747 5332 Εἰ

542 5361 680 5414 ordo
708 5361 873 5429 hujus
936 5377 1135 5417 sensus
1171 5365 1619 5432 contemplationi
1657 5369 1951 5422 consentit.
1995 5369 2091 5425 Nis

2220 5374 2330 5444 γὰρ
2357 5374 2430 5444 μὴ
2461 5374 2679 5446 ἐκτίσθη
2733 5379 2791 5428 ὲν
2829 5379 2958 5447 ἡμῖν
2991 5380 3023 5449 ἡ
3055 5377 3160 5431 τῶν
3184 5378 3316 5432 όδῶν
3350 5379 3508 5450 ἁρχὴ,
3545 5379 3633 5431 οὐκ
3656 5374 3749 5427 avo

541 5455 686 5506 enim
726 5454 780 5506 in
816 5454 976 5509 nobis
1004 5455 1214 5508 viarum
1262 5456 1591 5526 principium
1641 5466 1886 5513 creatum
1938 5472 2085 5518 esset

2220 5465 2325 5519 τῶν
2383 5466 2848 5538 προσδοκωμένων
2899 5471 3108 5524 αἰώνων
3163 5471 3406 5542 θεμέλιος
3455 5466 3745 5537 κατεϐλήθη.

543 5558 650 5596 ιιοιι
683 5559 896 5609 eorum,
925 5560 1046 5612 quae
1083 5556 1392 5613 sperantur,
1419 5546 1745 5600 saeculorum
1789 5548 2092 5606 fundamen

2215 5557 2326 5610 οὐδ’
2347 5556 2412 5610 ἂν
2431 5557 2645 5627 ἐγένετο
2667 5562 2795 5630 ἡμῖν
2823 5563 2850 5614 6
2876 5561 3077 5632 Κύριος
3097 5563 3297 5631 Πατὴρ
3331 5561 3434 5616 τοῦ
3449 5561 3746 5631 μέλλοντος

545 5641 659 5686 tum
685 5633 892 5702 jactum
920 5634 1149 5701 fuisset;
1188 5651 1294 5690 non
1339 5633 1516 5690 factus
1549 5637 1709 5692 nobis
1748 5650 1893 5697 esset
1922 5639 2094 5698 Domi-

2213 5647 2450 5715 αίῶνος,
2486 5653 2535 5703 εί
2582 5652 2656 5724 μὴ
2702 5653 2842 5708 κατὰ
2872 5654 2960 5710 τὸν
3003 5656 3228 5709 Ἡσαΐαν
3283 5654 3485 5708 παιδίον
3517 5647 3743 5721 ἐγεννήθη

618 5725 662 5758 ⁸⁸
707 5724 866 5783 Rom.
918 5743 1039 5798 xui,
1095 5729 1181 5784 ﬂ.
1259 5728 1300 5760 “
1332 5725 1534 5798 Ephes.
1570 5745 1643 5802 tv,
1681 5731 1763 5789 2L
