3922 6472
149 391 234 447 585

1223 395 1492 451 CONTRA
1538 397 1924 467 EUNOMlUM,
1964 401 2094 459 LIB.
2135 404 2225 458 Ill.

3249 410 3352 468 586

77 545 84 558 .
143 510 264 578 ἡμῖν.
292 507 377 560 καὶ
409 506 608 576 ἐκλήθη
631 505 693 559 τὸ
721 506 890 578 ὄνομα
923 508 1087 563 αὑτοῦ
1112 525 1128 540 ’
1159 513 1226 566 τά
1255 532 1313 567 τε
1332 515 1464 570 ἄλλα
1496 518 1654 570 πάντα

1776 535 1900 581 nus,
1961 522 2123 575 Pater
2145 519 2314 588 futuri
2333 519 2534 580 statuti,
2571 524 2678 579 nisi
2719 526 3018 582 secundum
3090 525 3278 584 lsaiam
3306 531 3348 561 "

141 603 221 651 ὅσα
241 602 267 652 ὁ
289 599 565 668 προφήτης
604 598 855 668 ὠνόμασε
879 616 895 631 ·
923 602 1016 654 καὶ
1051 605 1188 672 μετὰ
1210 606 1447 672 πάντων,
1473 612 1674 678 Πατὴρ

139 690 223 743 τοῦ
241 689 556 755 μέλλοντος
578 687 814 755 αἰῶνος.
834 691 1103 764 Πρότερον
1125 691 1218 750 οὖν
1250 699 1438 767 γέγονε
1461 702 1518 753 τὸ
1535 704 1672 757 κατά

137 779 214 848 τὴν
232 775 508 849 παρθενίαν
541 781 861 850 μυστήριον,
891 782 985 835 καὶ
1019 785 1050 855 ή
1090 788 1218 858 περὶ
1247 788 1307 841 τὸ
1329 791 1500 854 πάθος
1530 796 1674 846 οἱκο-

136 872 281 942 νομία.
310 868 413 920 Καὶ
447 869 572 922 τότε
603 872 654 923 οἱ
700 873 854 940 σοφοὶ
890 875 990 946 τῆς
1019 877 1257 943 πίστεως
1297 883 1672 952 ἀρχιτέκτονες

134 966 203 1015 τὸν
223 959 451 1029 θεμέλιον
470 961 574 1030 τῆς
594 962 830 1029 πίστεως
852 967 1230 1024 κατεϐάλοντο.
1257 969 1424 1036 Οὗτος
1442 974 1500 1028 δέ
1525 976 1670 1029 ἐστιν

132 1055 154 1102 ό
176 1050 396 1120 Χριστὸς,
410 1056 445 1106 ὁ
455 1055 660 1124 Πατὴρ
676 1058 780 1112 τοῦ
793 1059 1122 1128 μέλλοντος
1133 1058 1365 1130 αἰῶνος,
1381 1059 1425 1134 ᾧ
1453 1069 1670 1120 ἐποικοο

127 1145 328 1211 δομείται
373 1145 405 1212 ἡ
453 1143 566 1196 τῶν
603 1147 974 1219 ἀτελευτήτων
1028 1153 1237 1209 αξώνων
1292 1157 1426 1228 ζωή.
1466 1159 1667 1212 Τούτου

194 1231 483 1301 γενομένου,
522 1233 610 1287 ἴνα
643 1237 701 1288 ἐν
739 1237 955 1308 ἑκάστῳ
987 1231 1095 1294 τῶν
1135 1246 1572 1300 πεπιστευκότων
1601 1246 1667 1299 τὰ

127 1325 218 1374 θεῖα
253 1322 530 1392 θελήματα
563 1325 658 1379 τοῦ
707 1330 1064 1400 εὐαγγελικοῦ
1098 1336 1282 1406 νόμου,
1323 1339 1417 1392 καὶ
1453 1338 1522 1391 τὰ
1550 1337 1696 1393 ποι--⁸

125 1415 221 1467 πίλα
247 1415 334 1468 τοῦ
359 1417 516 1484 ἁγίου
554 1421 872 1490 Πνεῦματος
899 1426 1212 1498 χαρίσματα
1251 1430 1494 1501 γένηται,
1523 1433 1667 1503 ἆπερ

125 1508 264 1560 πάντα
305 1510 586 1577 τροπικῶς
621 1514 764 1567 κατά
796 1533 918 1570 τινα
964 1521 1217 1592 προσφυῆ
1262 1524 1536 1593 σημασίαν
1564 1525 1664 1597 ὄρη

123 1599 195 1652 καὶ
218 1599 428 1672 βουνοὺς
440 1602 704 1672 ὀνομάζει
728 1607 761 1676 ἡ
794 1607 912 1660 θεία
938 1610 1127 1682 Γραφή
1144 1628 1158 1640 ·
1193 1613 1291 1680 τὴν
1318 1615 1664 1688 δικαιοσύνην

125 1692 198 1757 μὲν
225 1692 313 1760 ὅρη
339 1691 478 1744 Θεοῦ
518 1693 884 1764 ὀνομάζουσα,
915 1699 984 1752 τὰ
1019 1701 1077 1754 δὲ
1101 1703 1362 1773 κρίματα.
1395 1706 1665 1771 ἀϐύσσους

121 1781 582 1850 προσαγορεύουσα,
597 1785 701 1855 γῆν
711 1787 767 1840 δὲ
778 1789 875 1859 τὴν
894 1790 1000 1844 ὑπὸ
1011 1792 1102 1846 τοῦ
1115 1795 1287 1864 Λόγου
1302 1801 1662 1871 σπειρομένην

1776 612 2037 680 parvulus
2068 628 2207 683 puer
2235 613 2397 668 nobis
2432 622 2596 670 natus
2622 626 2793 682 esset,
2823 619 3012 687 etejus
3041 635 3239 677 nomen
3265 636 3357 677 vo-

1774 711 1958 757 catum
1995 711 2166 769 esset,
2199 713 2254 760 et
2285 714 2478 760 caetera
2514 723 2635 777 qua:
2662 710 2928 778 prOpheta
2965 713 3247 774 nominat,
3295 720 3354 764 et

1773 811 1896 848 eum
1947 797 2226 863 omnibus,
2271 796 2434 852 Pater
2480 800 2648 868 futuri
2694 802 2895 854 saeculi.
2961 803 3122 858 Prius
3184 804 3352 874 igitur

1775 888 1882 942 fuit
1905 891 2228 960 mysterium
2275 892 2420 961 quod
2457 893 2512 946 in
2545 893 2757 964 virgine
2792 895 2998 949 factum
3030 905 3134 960 est,
3188 904 3351 966 atque

1773 980 1863 1034 illa
1896 982 1950 1035 in
1983 983 2239 1052 passione
2269 983 2629 1054 dispensatio.
2683 987 2863 1056 Atque
2891 994 3022 1041 tunc
3072 987 3349 1057 sapientes

1771 1071 1900 1126 ﬁdei
1933 1073 2218 1128 architecti
2270 1074 2385 1128 sive
2437 1077 2713 1146 principes
2775 1078 2912 1132 fabri
2963 1080 3087 1134 ﬁdei
3146 1081 3347 1136 funda-

1769 1171 2010 1218 mentum
2058 1176 2376 1234 posuerunt.
2419 1165 2518 1222 Hie
2543 1177 2726 1224 autem
2777 1176 2864 1228 est
2889 1169 3160 1236 Christus,
3187 1169 3348 1228 Pater

1769 1254 1940 1323 futuri
1967 1259 2170 1321 seculi,
2203 1274 2368 1328 super
2393 1276 2502 1329 quo
2521 1261 3162 1319 mdilicatursaaculorum
3183 1266 3344 1320 ﬁnem

1767 1363 2042 1417 nunquam
2068 1348 2449 1404 babiturorum
2485 1355 2613 1407 vita.
2671 1352 2826 1418 Quod
2873 1353 3072 1408 factum
3102 1355 3220 1420 fuit,
3287 1363 3346 1410 ut

1767 1439 1822 1492 in
1858 1455 2191 1508 unoquoque
2220 1443 2562 1498 credentium
2596 1445 2798 1500 divina:
2843 1425 3156 1504 voluntates
3209 1450 3344 1519 legis

1766 1529 2128 1602 Evangelirae,
2197 1542 2250 1588 et
2283 1535 2434 1588 varia
2488 1537 2663 1590 sancti
2715 1537 2958 1606 Spiritus
2993 1539 3135 1593 dona
3185 1541 3341 1604 ﬁant,

1765 1639 1888 1692 quae
1920 1626 2105 1679 omnia
2161 1625 2374 1696 tropice
2415 1629 2716 1682 secundum
2749 1629 3040 1699 quamdam
3093 1642 3342 1702 agnatam

1765 1715 1882 1769 sive
1909 1715 2274 1771 adhaerentem
2329 1718 2753 1787 signiﬁcantiam
2811 1731 3026 1776 montes
3059 1729 3115 1776 et
3167 1722 3340 1779 colles

1765 1805 2013 1859 nominat
2043 1805 2327 1876 Scriptura
2355 1807 2562 1863 divina.
2591 1808 2869 1864 Justitiam
2901 1810 3121 1880 quidem
3172 1825 3333 1865 mon-

123 1873 190 1924 καὶ
211 1874 661 1944 καρποφοροῦσαν
687 1877 776 1930 τὸν
797 1880 1061 1951 πολύχουν
1083 1887 1313 1957 καρπόν.
1348 1890 1418 1942 Ἦ
1433 1866 1522 1955 -ὠς
1548 1866 1654 1944 ιτὲ.

1764 1904 1846 1952 tes
1875 1895 1968 1952 Dei
2001 1866 2313 1960 nominans,
2357 1900 2566 1969 judicia
2597 1917 2725 1956 vero
2755 1866 2984 1972 abyssos
3017 1903 3325 1972 appellans.

123 1963 256 2029 ρωθεν
286 1967 433 2037 παρὰ
481 1967 567 2037 τῷ
602 1969 767 2024 Δαόὶδ
803 1972 903 2041 μὲν
946 1977 1167 2047 εἰρήνην
1231 1979 1319 2034 διὰ
1357 1982 1466 2036 τῶν
1493 1985 1656 2056 ὀρῶν,

119 2056 416 2127 δικαιοσύνην
456 2059 517 2111 δὲ
552 2059 642 2112 διὰ
678 2061 788 2114 τῶν
829 2062 1033 2132 βουνῶν
1064 2066 1451 2141 διδασκόμεθα·
1488 2075 1657 2144 ἀναγ-

119 2147 252 2209 καίως
276 2148 330 2199 ὲν
356 2151 472 2213 τοῖς
507 2154 726 2215 πιστοῖς
760 2155 792 2223 ἠ
832 2156 991 2222 σοφία
1020 2161 1294 2224 γεννᾶται,
1335 2162 1427 2215 καὶ
1454 2163 1658 2236 ἀληθὴς

119 2237 317 2304 ὸΔόγος.
356 2239 417 2291 Ὀ
442 2240 559 2310 γὰρ
595 2241 654 2292 ἐν
675 2245 787 2302 τοῖς
813 2243 1126 2315 δεξαμένοις
1148 2248 1310 2303 αὐτὸν
1341 2250 1436 2314 ὢν.
1461 2257 1518 2308 ὲν
1545 2260 1658 2320 τοῖς

120 2327 322 2391 ἀπίστοις
372 2329 532 2382 οὖπω
566 2332 852 2405 ἐγεννήθη.
891 2336 1011 2391 Ἵνα
1063 2335 1158 2392 οὖν
1204 2341 1374 2396 ταῦτα
1401 2345 1494 2398 καὶ
1526 2349 1656 2418 παρ’

120 2420 218 2488 ἡμῖν
242 2421 478 2491 γένηται.
532 2424 645 2495 χρὴ
689 2425 781 2478 τὸν
820 2427 1022 2482 τούτων
1066 2429 1394 2505 δημιουργὸν
1437 2437 1497 2489 ὲν
1527 2440 1656 2509 ἡμῖν

119 2511 414 2580 γεννηθῆναι.
447 2514 612 2568 Οὕτω
640 2515 697 2569 δὲ
721 2519 813 2570 καὶ
837 2520 906 2574 τά
937 2519 1134 2592 ἐφεξῆς
1157 2524 1368 2590 τούτοις
1402 2529 1543 2582 κατὰ
1565 2532 1656 2584 τὸν

119 2601 266 2669 εἱρμὸν
296 2601 480 2655 τοῦτον
542 2608 970 2679 κατανοήσομεν.
1018 2613 1142 2667 Ἐὰν
1187 2614 1296 2686 γὰρ
1334 2618 1565 2690 γεννηθῇ
1598 2623 1656 2674 ἐν

119 2692 217 2760 ἡμῖν
251 2695 280 2762 ἠ
309 2696 484 2764 σοφία,
545 2697 670 2750 τότε
705 2701 856 2770 παρὰ
889 2701 982 2755 τοῦ
1009 2703 1143 2758 Θεοῦ
1191 2712 1655 2776 κατασκευάζεται

119 2784 160 2876 iv
188 2785 396 2857 ἑκάστῳ,
434 2789 470 2858 ἦ
500 2805 570 2840 τε
603 2788 756 2860 χώρα
801 2793 893 2845 καὶ
920 2793 954 2864 ἡ
991 2794 1264 2866 ἀοίκητος.
1295 2799 1463 2872 Χὼρα
1491 2803 1588 2873 μὲν
1617 2807 1650 2876 ἠ

116 2873 330 2949 δεχομένη
360 2879 455 2933 τοῦ
502 2881 687 2950 Λόγου
729 2882 828 2954 τὴν
882 2888 1108 2957 σπορὰν,
1142 2889 1234 2942 καλ⁸
1280 2890 1377 2962 τὴν
1426 2873 1649 2966 ἄροσινλ

118 2969 324 3041 ἀοίκητος
359 2971 416 3025 δὲ
460 2975 495 3043 ἡ
545 2973 658 3025 τῶν
686 2977 936 3047 πονηρῶν
977 2980 1278 3053 οἰκητόρων
1313 2986 1652 3058 χωριζομένη

119 3060 303 3130 καρδίαο
346 3064 442 3116 καὶ
486 3063 671 3129 οὕτως
709 3066 860 3121 ἔσται
905 3069 1060 3140 ἡμῶν
1109 3073 1384 3145 ήοίκησις
1424 3079 1654 3134 ἐπὶτῶν

1761 1997 1960 2044 terram
1977 1999 2157 2044 autem
2179 2005 2212 2044 a
2230 1989 2407 2046 Verbo
2437 2000 2609 2046 satam
2626 2003 2680 2049 et
2698 1992 2959 2048 ferentem
2981 1995 3339 2058 multiplicem

1758 2089 1812 2136 et
1828 2082 2112 2152 copiosum
2134 2081 2395 2138 fructum.
2419 2083 2517 2140 Vel
2545 2086 2691 2141 sicut
2723 2086 2898 2141 alibia
2928 2085 3133 2141 Davide
3176 2087 3343 2141 doce-

1758 2185 1900 2235 mur,
1920 2186 2017 2240 per
2033 2179 2245 2227 montes
2260 2173 2482 2244 quidem
2505 2191 2713 2244 pacem,
2734 2191 2830 2246 per
2850 2177 3018 2232 colles
3036 2191 3166 2231 vero
3175 2176 3342 2246 justi-

1757 2263 1923 2328 tiam;
1971 2266 2288 2320 necessario
2330 2267 2386 2321 in
2419 2266 2670 2325 fidelibus
2709 2269 2982 2340 sapientia
3018 2277 3336 2340 generatur.

1756 2361 1812 2408 et
1853 2370 2038 2409 verum
2065 2355 2339 2423 Verbum;
2388 2357 2479 2427 qui
2510 2357 2655 2413 enim
2692 2367 2776 2414 est
2825 2359 2880 2413 in
2926 2359 3014 2415 his
3042 2359 3134 2429 qui
3171 2375 3331 2413 acce-

1759 2454 1957 2514 perunt
1998 2447 2214 2515 tipsum,
2270 2448 2322 2502 in
2375 2464 2486 2504 non
2529 2449 2883 2505 credentibus
2929 2450 3174 2505 nondum
3225 2459 3332 2506 est.

1759 2535 1831 2590 Ut
1879 2535 2044 2605 igitur
2093 2537 2210 2592 haec
2254 2538 2414 2594 nobis
2459 2539 2848 2604 innasrantur,
2906 2548 3125 2610 oportet
3146 2555 3334 2594 eorum

1754 2627 2064 2684 eﬁ‘ectorem
2116 2631 2168 2684 in
2206 2631 2366 2687 nobis
2397 2632 2570 2688 nasci.
2603 2633 2696 2687 Sic
2723 2642 2903 2688 autem
2933 2640 2990 2690 et
3016 2651 3137 2704 quae
3164 2635 3320 2688 dein-

1755 2733 1884 2787 ceps
1933 2728 2238 2788 sequuntur
2290 2722 2392 2775 hoc
2445 2722 2565 2792 ipso
2616 2739 2760 2778 nexu
2821 2724 3208 2794 intelligemus.
3268 2723 3329 2779 Si

1754 2810 1898 2862 enim
1943 2810 1996 2863 in
2038 2811 2197 2866 nobis
2226 2813 2409 2881 genita
2447 2813 2612 2868 fuerit
2649 2814 2939 2884 sapientia.
2970 2822 3102 2870 tunc
3134 2831 3163 2868 a
3225 2814 3336 2870 Deo

1754 2901 2094 2955 construitur
2135 2901 2190 2956 in
2224 2917 2556 2974 unoquoque
2593 2909 2650 2956 et
2693 2905 2847 2973 regio
2883 2919 3006 2974 quae
3034 2903 3332 2967 habitatur,

1753 2999 1808 3045 et
1844 3007 1966 3061 quae
2001 3009 2110 3047 non
2163 2993 2473 3048 habitatur:
2523 2995 2677 3065 regio
2722 2995 2944 3062 quidem
2994 2995 3330 3054 habitabilis.

1753 3097 1874 3151 qua:
1902 3083 2074 3137 divini
2109 3082 2270 3138 Verbi
2319 3085 2587 3139 sationem
2639 3086 2835 3155 recipit
2881 3095 2936 3141 et
2990 3087 3329 3156 arationem;

574 3157 791 3254 dimidii
818 3160 926 3254 γὰρ
954 3161 1053 3232 τῆς
1073 3164 1176 3234 γῆς
1201 3165 1262 3219 τὸ
1292 3168 1390 3239 μέν
1417 3187 1472 3223 τι
1491 3171 1654 3241 βάθος

1757 3173 1966 3227 inculta
1999 3181 2182 3227 autem
2224 3173 2342 3228 sive
2391 3152 2790 3240 inhabitabilis,
2827 3191 2924 3231 cor
2953 3177 3097 3246 quod
3135 3193 3162 3229 a
3199 3152 3328 3247 per;

119 3243 247 3306 ἐςτὶν,
269 3245 325 3298 τὸ
350 3247 407 3299 δὲ
449 3247 797 3312 ἐπιπόλαιον,
831 3252 959 3305 ὃταν
988 3271 1072 3317 τις
1107 3256 1183 3328 μὴ
1211 3258 1463 3330 ὑπόγειος
1495 3265 1654 3336 γένη-

118 3351 183 3388 ται
207 3339 323 3410 μηδὲ
369 3341 750 3413 σπηλαιὼδης,
785 3346 843 3398 ἐν
869 3346 948 3417 τῷ
988 3347 1057 3402 τὰ
1087 3349 1237 3406 κάτω
1277 3357 1521 3426 φρονεῖν’
1544 3352 1655 3421 οἷός

120 3431 203 3481 ἐστι
223 3433 320 3486 τῶν
356 3436 412 3487 ἐν
452 3436 708 3508 ἁμαρτίᾳ
735 3436 954 3502 ζώντων
986 3441 1014 3492 ὁ
1041 3441 1173 3508 βίος,
1199 3443 1306 3498 τῶν
1339 3450 1655 3521 ἐμπεπηγό-

119 3537 197 3616 των
222 3528 278 3596 τῇ
305 3526 667 3598 άνυποστάτῳ
688 3528 780 3582 τοῦ
795 3526 958 3599 βυθοῦ
977 3532 1101 3602 ίλύῖ,
1129 3532 1211 3599 οἷς
1233 3538 1447 3609 ἀληθῶς
1477 3544 1653 3616 φρέαρ

119 3613 233 3667 ἐστὶν
269 3620 298 3688 ἡ
344 3619 481 3691 ζωὴ,
542 3619 685 3674 κατὰ
723 3617 823 3692 τὴν
871 3621 1191 3695 ψαλμῳδεαν
1221 3629 1320 3702 τὴν
1358 3613 1647 3702 λέγουσαν--

120 3705 244 3771 Μηδέ
279 3712 568 3780 συσχέτω
593 3711 686 3765 ἐπ’
714 3712 820 3782 ἐμὲ
865 3715 1052 3785 φρέαρ
1099 3717 1166 3770 τὸ
1207 3721 1400 3788 στόμα
1443 3726 1648 3782 αὐτοῦ.

127 3795 223 3851 Ἐὰν
245 3795 330 3853 οὖν
355 3818 439 3864 τις
462 3803 892 3875 ὲγγεννηθείσης
920 3807 1068 3878 αὐτῷ
1093 3809 1191 3880 τῆς
1225 3812 1417 3880 σοφίας⁹
1447 3814 1515 3869 τά
1541 3818 1652 3871 ἄνω

121 3893 269 3958 φρονῇ.
294 3892 555 3946 τοσοῦτον
585 3893 686 3964 τῆς
709 3896 811 3966 γῆς
841 3897 1235 3970 ἐφαπτόμενος,
1265 3904 1386 3958 ὅσον
1414 3908 1653 3978 ἐπάναγ-

119 3995 202 4045 κες,
229 3978 370 4048 οὗτος
392 3987 463 4040 τὰ
492 3987 642 4057 ἄκρα
668 3988 767 4059 τῆς
793 3989 886 4042 ὑπ’
917 3991 1144 4063 οὐρανὸν
1172 3999 1328 4061 οἰκεῖ,
1360 3999 1459 4052 οὐκ
1481 4003 1652 4072 ἐμϐα-

119 4071 253 4128 θύνων
295 4076 369 4148 τῷ
399 4079 583 4148 γηΐνῳ
631 4081 972 4151 φρονήματι·
1006 4085 1177 4156 τούτῳ
1205 4087 1296 4141 τὸν
1333 4071 1558 4163 οὐρανόν
1592 4097 1650 4150 ἐν
1686 4145 1690 4150 .

281 4169 397 4222 ἀντὶ
448 4172 559 4241 τῆς
593 4173 696 4243 γῆς
743 4174 1081 4244 ὲτοιμάζοντι
1125 4179 1158 4249 ἡ
1193 4181 1352 4250 σοφία
1395 4186 1646 4258 πάρεστι.

120 4253 200 4350 καὶ
224 4258 338 4311 ὅταν
362 4260 459 4332 τὴν
491 4260 604 4313 τῶν
633 4263 840 4316 ἄνωθεν
879 4267 1054 4334 νεφῶν
1096 4267 1461 4340 διδασκαλίαν,
1479 4253 1651 4350 ὐίσχυ·

121 4343 193 4439 pio:
214 4349 376 4421 ἐαυτῷ
414 4355 585 4415 ποιεῖ,
611 4355 688 4414 εἰς
715 4353 876 4425 ἔργον
910 4359 1058 4426 ἄγων
1087 4362 1156 4415 τά
1193 4343 1647 4439 παραγγέλματα.

118 4437 191 4503 τήν
214 4455 264 4490 τε
289 4441 536 4513 μεγάλην
571 4444 666 4496 καὶ
698 4445 1006 4518 εὐρύχωρον
1023 4449 1124 4520 τῆς
1148 4453 1344 4519 κακίας
1374 4437 1650 4515 θάλασσαν

1755 3267 1930 3320 versis
1959 3273 2014 3321 et
2033 3257 2216 3336 pravis
2233 3266 2630 3322 habitatoribus
2656 3275 2710 3322 et
2733 3269 2927 3324 incolis
2945 3269 3240 3331 deseritur,
3275 3278 3332 3324 et

1756 3357 1835 3412 sic
1867 3357 1972 3411 erit
2011 3358 2171 3411 nobis
2201 3357 2462 3412 habitatio
2511 3357 2564 3412 in
2590 3359 2820 3414 summis
2854 3369 3015 3416 terra:
3053 3361 3325 3431 partibus.

1758 3449 2040 3520 Siquidem
2073 3459 2231 3504 terrae
2281 3465 2410 3521 pars
2458 3452 2706 3521 quaedam
2737 3460 2820 3508 est
2849 3452 3140 3522 profunda,
3180 3469 3328 3526 qua:-

1753 3541 1877 3596 dam
1924 3557 2044 3612 qua:
2082 3544 2135 3597 in
2196 3543 2540 3596 extremitate
2587 3543 2812 3608 eminet,
2850 3560 2974 3599 cum
3031 3545 3155 3614 quis
3216 3560 3327 3598 non

1755 3636 2146 3690 subterraneus
2197 3650 2373 3703 neque
2421 3650 2760 3692 cavernosus
2818 3636 3000 3701 fuerit,
3032 3638 3160 3692 dum
3207 3653 3329 3705 qua~

1754 3734 1885 3780 sunt
1909 3726 2164 3782 deorsum
2203 3728 2382 3796 sapit;
2426 3727 2607 3797 qualis
2641 3734 2727 3783 est
2757 3728 2868 3782 vita
2914 3745 3106 3784 eorum
3141 3732 3232 3800 qui
3271 3731 3328 3785 in

1753 3825 1980 3887 peccato
2027 3819 2233 3877 vivunt.
2286 3818 2380 3889 qui
2424 3818 2475 3872 in
2522 3819 2652 3872 limo
2699 3817 2954 3889 profundi
2995 3835 3102 3874 non
3143 3821 3326 3876 subsi-

1753 3916 1930 3966 stente
1979 3917 2107 3964 sunt
2147 3908 2338 3962 inﬁxi:
2398 3909 2600 3979 quibus
2648 3921 2846 3978 puteus
2894 3925 3021 3965 vere
3070 3911 3179 3964 vita
3217 3922 3323 3970 est,

1751 3999 2052 4054 secundum
2082 3997 2282 4054 Psalmi
2317 4007 2577 4054 cantum:
2612 3998 2793 4070 Neque
2824 4010 3009 4072 urgeat
3047 4016 3204 4070 super
3240 4018 3321 4056 me

1751 4098 1938 4159 puteus
1973 4104 2031 4144 os
2084 4105 2240 4143 suum
2271 4089 2336 4144 ι’.
2376 4087 2436 4144 Si
2488 4090 2614 4161 quis
2668 4091 2854 4161 igitur,
2915 4100 3203 4162 postquam
3261 4094 3318 4146 in

1751 4183 1872 4252 ipso
1899 4181 2078 4235 divina
2110 4181 2270 4236 fuerit
2301 4183 2483 4253 genita
2509 4184 2798 4254 sapientia,
2839 4201 2960 4254 qua:
2987 4200 3150 4256 supra
3196 4196 3324 4241 sunt

1752 4274 1970 4344 sapiat:
2014 4273 2353 4329 tantumdem
2388 4283 2546 4330 terra:
2593 4278 2867 4346 attingens
2915 4286 3178 4346 quantum
3227 4295 3322 4333 no-

1751 4380 1905 4421 resse
1952 4375 2054 4430 est,
2114 4367 2201 4422 hic
2247 4375 2487 4422 extrema
2524 4377 2684 4422 terrae
2724 4369 2825 4423 sub
2868 4371 3009 4424 coelo
3063 4371 3317 4427 habitat:

1753 4473 1860 4512 non
1885 4459 1937 4513 in
1971 4466 2220 4514 terrenas
2235 4459 2598 4530 cogitationes
2624 4461 2939 4515 demersus:
2970 4461 3099 4516 huic
3119 4463 3320 4517 ccelum

118 4527 388 4621 τῇλᾲκριϐεἰ
433 4532 684 4606 πολιτείᾳ
737 4537 987 4609 καθάπερ
1028 4543 1168 4610 ἠϊόνι
1223 4547 1326 4600 τινὶ
1359 4547 1646 4619 διαλαϐὼν,

1756 4549 1858 4603 sibi
1887 4550 2010 4605 loco
2039 4557 2198 4604 terra:
2231 4551 2557 4620 prmparanti
2587 4552 2858 4621 sapientia
2887 4553 3118 4608 assistit.
3156 4555 3320 4609 Cum—

117 4617 272 4674 ιυωλὺει
312 4625 370 4677 τὸ
414 4626 698 4696 ἒμπαστον
745 4627 888 4700 ὕδωρ
933 4633 1178 4703 προϊέναι
1226 4637 1320 4690 τοῦ
1361 4642 1644 4714 στόματος.

119 4706 207 4761 Κᾶν
237 4714 288 4765 ὲν
331 4720 540 4785 πηγαῖς
567 4719 809 4790 καταχθῇ
858 4719 936 4790 τῷ
962 4723 1061 4792 τῆς
1106 4706 1468 4793 διδασκαλίας
1492 4706 1646 4805 χαρί-

119 4809 263 4894 fit-att,
294 4807 407 4872 μετ’
438 4807 744 4874 ἀσφαλείας
775 4810 1018 4880 προχέων
1050 4813 1142 4867 τοῦ
1178 4815 1335 4884 λόγου
1365 4820 1426 4873 τὸ
1463 4824 1607 4894 νάμα
1628 4843 1642 4855 ·

116 4893 171 4980 tu;
190 4893 250 4961 μή
271 4909 369 4946 τινι
406 4900 711 4967 παρασχεῖν
737 4900 798 4952 τὸ
819 4902 1001 4966 ποτὸν,
1032 4904 1150 4957 ἀντὶ
1176 4907 1418 4980 καθαροῦ
1455 4893 1642 4980 ὕδατος

118 4978 379 5079 ῗῖατροπὴν
420 4987 670 5057 θολερὰν,
718 4990 820 5043 κᾶν
855 4993 1178 5067 ὑπεραρθεὶς
1225 4978 1405 5073 πάσης
1447 4978 1642 5079 γηῖνης

118 5065 303 5171 βάσεως,
332 5078 568 5150 διαέριος
617 5079 695 5150 τῷ
729 5081 826 5153 βίῳ
871 5065 1116 5156 γένηται,
1151 5092 1242 5145 ἐπὶ
1270 5065 1642 5171 τῆςπνευμά;

114 5163 506 5263 τικῆς-βεϐηκὼς
537 5173 826 5240 πολιτείας,
845 5177 910 5248 ἢν
936 5180 1170 5252 ἀνέμους
1192 5188 1219 5238 ὁ
1253 5163 1410 5256 λόγος
1431 5163 1642 5263 ὠνόμα-

117 5258 361 5353 εἶεν-ὥστε
406 5266 481 5327 εἰς
555 5264 742 5336 θρόνον
786 5268 880 5321 τοῦ
934 5272 992 5322 ὲν
1049 5273 1196 5345 αὐτῷ
1246 5279 1637 5353 καθιδρυμένου

114 5342 446 5442 imusque
491 5351 617 5418 υἷος
665 5353 734 5428 ἦν
781 5359 810 5411 ὁ
868 5361 1077 5425 Παῦλος
1129 5342 1506 5440 ἀφωρισμένοξ
1557 5381 1637 5442 εἰς

116 5429 418 5502 Εὑαγγέλιον,
441 5442 518 5501 εἰς
547 5444 608 5497 τὸ
631 5445 880 5513 γενέσθαι
921 5449 1110 5514 σκεῦος
1142 5429 1390 5522 ἐκλογῆς.
1418 5429 1512 5512 τοῦ
1544 5429 1638 5531 βάῖ

116 5528 271 5623 ῗτέισαι
312 5533 370 5584 τὸ
395 5535 564 5604 ὄνομα
600 5536 694 5590 τοῦ
739 5539 895 5605 Θεοῦ,
926 5542 1000 5604 ὡς
1047 5543 1203 5609 ἄλλος
1253 5548 1410 5620 Λόγῳ
1450 5528 1636 5623 θρόνος

113 5612 311 5705 ἐγένετο,
333 5625 361 5675 ό
387 5625 475 5678 τὸν
500 5628 691 5681 ἑαυτοῦ
716 5630 1107 5702 καθιδρυμένον
1138 5612 1440 5705 βαστάζων.
1469 5612 1635 5702 δοταᾷ

113 5704 251 5806 ταῦτα
275 5713 364 5766 καὶ
383 5718 449 5770 τὰ
470 5719 690 5772 τοιαῦτα
719 5724 1056 5796 κατορθωθῇ,
1084 5726 1222 5782 ὥστε
1252 5733 1632 5806 εὐφραίνεσθαι

170 5796 206 5829 ⁸⁷
231 5801 344 5858 isai.
371 5822 444 5870 rx,
474 5810 528 5862 6.
605 5812 646 5842 ¹⁸
684 5810 829 5867 Psal.
868 5830 1062 5883 vanr,
1091 5818 1176 5872 i6.

357 5898 624 5964 ΡΑτιιοι.
671 5904 790 5968 Gn.
839 5907 1030 5972 XLV.

1751 4658 1858 4713 que
1889 4643 2194 4697 doctrinam
2239 4643 2547 4697 ccelestium
2585 4644 2811 4698 nubium
2850 4643 3084 4698 validam
3127 4653 3180 4699 et
3230 4645 3312 4699 ﬁr-

1751 4749 1893 4788 mam
1927 4735 2030 4790 sibi
2069 4733 2220 4796 l‘acit,
2247 4734 2313 4788 ad
2346 4750 2484 4805 opus
2533 4747 2798 4791 revocans
2829 4744 3128 4807 praecepta;
3172 4751 3319 4806 mag-

1748 4841 1987 4895 numque
2015 4832 2068 4881 et
2091 4827 2393 4896 spatiosum
2423 4826 2678 4880 vitiorum
2709 4843 2859 4883 mare
2893 4835 3151 4882 accurata
3173 4827 3314 4882 bene

1744 4919 1958 4975 vivendi
1991 4921 2200 4975 ratione
2227 4928 2484 4989 tanquam
2506 4921 2690 4975 littore
2710 4920 2946 4989 quodam
2968 4919 3311 4990 dispescens,

1748 5011 2116 5065 turbulentam
2161 5025 2356 5081 aquam
2411 5026 2476 5065 ex
2535 5025 2634 5064 ore
2682 5025 2785 5064 suo
2844 5007 3115 5078 proﬂuere
3180 5023 3311 5078 pro.

1749 5103 1919 5159 hibet.
1945 5103 2099 5170 Quod
2141 5104 2186 5158 si
2228 5104 2294 5157 ad
2330 5103 2505 5158 fontes
2541 5102 2704 5156 fuerit
2743 5101 3018 5157 adductus
3043 5100 3314 5156 doctrinae

1745 5197 1889 5253 dono
1917 5196 2063 5267 quod
2100 5195 2241 5251 Deus
2275 5195 2638 5266 gratiﬁeatur,
2687 5203 2817 5250 tunc
2849 5209 2974 5248 cum
3018 5194 3314 5248 securitate

1743 5290 1894 5345 verbi
1939 5287 2220 5359 profundit
2273 5289 2518 5353 laticem,
2546 5289 2624 5342 ita
2669 5296 2730 5343 ut
2768 5303 2874 5341 non
2920 5285 3082 5342 alicui
3116 5293 3309 5355 potum

1742 5396 1840 5450 pro
1867 5396 2006 5450 aqua
2025 5396 2158 5450 pura
2187 5380 2460 5434 turbidam
2481 5380 2822 5435 eversionem
2855 5377 3113 5446 praebeat.
3151 5377 3214 5428 Et
3258 5376 3306 5430 si

1743 5486 1909 5542 supra
1940 5486 2155 5526 omnem
2189 5481 2462 5526 terrenum
2484 5486 2732 5542 gressum
2755 5469 3098 5530 sublimatus,
3127 5467 3309 5522 aerius

1743 5565 1856 5616 sive
1886 5563 2190 5634 spiritualis
2223 5564 2439 5618 vivendi
2479 5564 2690 5617 ratione
2720 5561 2895 5616 factus
2924 5562 3112 5620 fuerit,
3144 5557 3321 5629 spiri-'

1743 5653 1906 5707 talem
1977 5654 2223 5724 politiam
2283 5654 2397 5709 sive
2453 5652 2926 5708 conversationem
2986 5650 3304 5722 ingressus,

1741 5759 1904 5814 quam
1946 5753 2137 5800 ventos
2185 5745 2485 5799 nominavit
2524 5743 2747 5799 divinus
2791 5757 2994 5799 sermo:
3043 5743 3118 5795 ita
3159 5749 3216 5796 ut
3251 5747 3303 5796 in

2973 5923 3048 5986 19
