3922 6472
167 404 243 462 589

1194 390 1469 446 CONTRA
1510 390 1904 455 EUNOMIUIJ,
1939 389 2067 447 LIB.
2103 389 2194 446 ΙΙΙ.

3233 389 3340 444 390

166 519 242 570 νῶν
264 508 562 580 Εὖαγγέλιον,
587 507 717 560 Υἱὸν
743 505 1072 579 οἱγαπηζὸν,
1095 507 1157 558 οὐ
1187 508 1357 573 νόθον,
1382 510 1498 562 οὐδὲ
1522 511 1651 563 6:6-

1770 509 2109 578 Evangelium
2156 524 2186 562 e
2225 506 2384 562 cmlis
2421 503 2668 558 auditum
2696 542 2712 565 ,
2747 502 2947 557 Filium
2979 503 3229 559 dilectum
3256 502 3328 560 ".

165 607 328 678 ϐλητὺν,
367 605 424 672 τῇ
463 600 516 652 δὲ
541 597 630 650 τοῦ
671 598 800 650 Υἱοῦ
851 601 1000 669 φωνῇ
1052 601 1234 651 πᾶσαν
1276 601 1372 671 τὴν
1415 604 1648 673 φυσικὴν

163 697 401 765 οἰκειότητα
425 689 1019 760 συμπαραδεξαμένους,
1053 691 1200 743 Θεὸν
1223 693 1514 760 ἀληθινὸν
1549 693 1652 746 τὸν

163 793 212 844 ὲκ
232 788 314 842 τοῦ
341 781 606 849 ἀληθινοῦ
637 781 783 834 Θεοῦ
812 781 988 848 λέγειν
1013 798 1027 813 ο
1059 783 1152 834 καὶ
1185 782 1252 835 τὰ
1273 783 1448 836 πάντα
1477 784 1653 837 ὡσαύ·

164 899 242 944 τως
265 878 334 932 ἐπ’
356 873 503 928 αὐτοῦ
528 873 820 937 πιστεύειν,
853 871 950 926 ὅσα
966 873 1021 925 ὲν
1036 872 1111 944 τῷ
1134 875 1308 946 ῐΙατρὶ
1333 876 1648 947 καθορᾶταιο

162 976 257 1027 διότι
281 969 330 1021 ἒν
356 967 470 1031 είσι,
513 966 602 1018 καὶ
629 968 686 1016 ὲν
711 964 788 1034 τῷ
811 965 983 1036 ἑτέρῳ
1011 969 1210 1020 νοεῖται
1232 967 1292 1020 τὸ
1322 969 1525 1040 ἕτερον,
1555 971 1654 1039 οὐχ

162 1056 448 1130 ὑπερπίπτον,
489 1054 585 1106 οὐκ
638 1052 1045 1124 ἐλαττούμενον,
1090 1055 1151 1108 ού
1189 1057 1332 1109 κατὰ
1372 1075 1495 1111 τινα
1533 1057 1652 1112 θεο-

161 1150 294 1222 πρεττῆ
318 1162 368 1199 τε
395 1145 482 1198 καὶ
518 1144 719 1213 ἀγαθὸν
757 1147 1081 1218 χαρακτῆρα
1130 1147 1650 1222 παρηλλαγμένον,ἢ

160 1236 485 1304 ἀλλοιούμενον.

202 1327 396 1387 timenti;
428 1322 600 1376 τοίνυν
629 1322 732 1392 τῆς
760 1322 896 1394 πρὸς
928 1323 1117 1376 ἑαυτὸν
1158 1323 1336 1393 μάχης
1367 1325 1460 1378 τοῦ
1493 1326 1656 1378 Εὐνο.

159 1419 245 1484 uim
268 1415 605 1487 γεγενημένης
624 1454 640 1475 ,
693 1417 750 1466 ἐν
798 1410 880 1476 οἷς
911 1415 1127 1467 ἐναντία
1153 1415 1324 1483 λέγων
1349 1416 1524 1487 ἑαυτῷ
1551 1419 1656 1471 ἁττ-

156 1507 424 1574 ελέλεγκται,
477 1505 574 1557 νῦν
604 1506 702 1574 μὲν
731 1505 818 1559 διὰ
850 1507 910 1558 rb
943 1507 1264 1578 γεννηθῆναι
1297 1509 1437 1561 κατά
1471 1509 1654 1578 φύσιν,

156 1598 254 1664 λέγω
284 1595 378 1648 δεῖν
404 1596 554 1648 αὑτὸν
589 1595 718 1649 Υίὸν
747 1597 1108 1668 ὀνομάζεσθαι
1131 1615 1145 1631 ⁸
1197 1600 1356 1653 πάλιν
1393 1601 1449 1654 δὲ
1482 1601 1567 1655 διὰ
1596 1601 1656 1654 τὸ

157 1689 404 1760 κτισθῆναι,
451 1689 646 1759 μηκέτι
695 1689 852 1753 Υἱὺν,
916 1690 1053 1744 ἀλλὰ
1111 1691 1320 1762 ποίημα
1377 1692 1651 1761 λέγεσθαι.

157 1783 393 1852 Προτήκειν
415 1777 560 1851 οἶμαι
589 1781 684 1835 τὸν
703 1783 973 1852 νουνεχῶς
992 1783 1084 1837 καὶ
1111 1785 1473 1848 ὲπιστατικῶς
1501 1787 1657 1840 ἐπαΐ-

154 1890 260 1936 οντα,
299 1872 465 1942 ἐπειδὴ
492 1873 588 1924 οὐκ
625 1871 895 1941 ἐνδέχεται
938 1872 1032 1924 δύο
1063 1873 1380 1944 μαχομένων
1407 1875 1656 1946 ἀλλήλοις

1756 615 1865 652 non
1899 599 2126 652 nothum
2173 597 2288 652 sive
2318 595 2705 656 adulterinum,
2756 611 2863 649 non
2901 595 3338 665 supposititittm,

1753 699 1808 743 et
1860 690 2021 743 simul
2057 689 2180 742 Filii
2218 703 2351 742 voce
2389 703 2605 741 omnem
2632 686 2938 739 naturalem
2961 687 3338 755 cognationem

1753 781 2104 850 accipientes,
2150 780 2313 832 Deum
2348 796 2525 832 verum
2554 778 2618 831 de
2653 777 2763 832 Deo
2801 794 2915 831 vero
2955 778 3159 839 dicere,
3187 778 3340 832 simio

1751 871 1989 941 literque
2021 872 2204 926 omnia
2237 871 2292 924 in
2336 871 2454 939 ipso
2479 869 2736 932 credere,
2767 884 2887 938 qua:
2921 869 2974 921 in
3009 867 3169 922 Patre
3202 885 3339 922 con-

1755 962 2095 1031 spiciuntur:
2135 964 2262 1033 quia
2308 977 2473 1015 unum
2528 968 2676 1021 sunt,
2716 969 2770 1015 et
2817 960 2870 1013 in
2904 961 3070 1013 altero
3107 960 3338 1012 alterum

1753 1055 2116 1126 intelligitur:
2167 1069 2276 1108 non
2320 1053 2772 1123 super-incidens,
2804 1068 2912 1106 non
2965 1053 3340 1112 imminutum.

1754 1163 1863 1202 non
1919 1147 2218 1216 secundqu
2273 1145 2511 1215 aliquem
2565 1143 2676 1197 Deo
2731 1143 2989 1197 decorum
3037 1151 3093 1196 et
3136 1143 3338 1196 bonum

1750 1239 2120 1293 characterem
2155 1238 2521 1293 immutatum.
2557 1237 2640 1290 vel
2678 1236 2826 1288 aliud
2860 1235 3088 1288 factum.

1826 1330 1903 1401 (α)
1933 1330 2070 1384 Cum
2098 1344 2226 1398 ergo
2248 1329 2318 1383 sit
2347 1327 2634 1382 manifesta
2668 1327 2918 1380 Ennomii
2956 1341 3145 1381 secum
3176 1342 3340 1395 repu-

1750 1422 1996 1492 gnantia,
2033 1421 2086 1474 in
2117 1420 2320 1490 quibus
2351 1419 2563 1488 sibiipsi
2596 1418 2979 1472 contradicere
3011 1420 3339 1487 redargutus

1755 1521 1858 1575 est,
1896 1527 2037 1566 nunc
2075 1511 2294 1580 quidem
2344 1511 2471 1579 quia
2519 1511 2591 1565 sit
2631 1510 2850 1578 genitus
2895 1508 3195 1564 secundum
3240 1525 3340 1563 na-

1756 1603 2082 1666 turam,dico
2105 1602 2280 1672 ipsum
2306 1609 2556 1670 Oportere
2577 1599 2772 1654 Filium
2794 1601 3062 1654 nominari
3086 1620 3098 1654 :
3125 1615 3336 1662 rursus.

1755 1695 1881 1765 quia
1912 1695 1982 1749 sit
2009 1704 2248 1754 creatus.
2276 1710 2383 1747 non
2412 1693 2644 1762 amplius
2685 1691 2901 1749 Filium.
2934 1691 3030 1745 sed
3069 1691 3335 1745 facturam

1755 1786 1884 1841 dici.
1912 1785 2220 1840 Convenire
2254 1794 2386 1854 puto
2432 1799 2554 1840 eum
2611 1785 2707 1854 qui
2758 1794 2964 1839 attente
2996 1793 3050 1839 et
3105 1784 3342 1838 scienter

1757 1877 1930 1942 audit,
1976 1879 2234 1946 quoniam
2284 1876 2519 1930 duorum
2565 1876 2706 1930 inter
2757 1892 2816 1930 se
2863 1877 3218 1946 pugnantium
3269 1891 3342 1930 ex

155 1963 295 2029 λόγων,
318 1965 444 2016 κατά
469 1963 527 2016 rb
555 1963 671 2017 ἴσον
700 1964 757 2015 ἐν
776 1964 1019 2036 ἐκατέρῳ
1044 1964 1104 2017 rb
1130 1965 1324 2036 ἀληθὲς
1348 1967 1651 2038 εὑρεθῆναι,

1770 1985 1912 2040 equo
1957 1983 2272 2024 sermonum
2303 1969 2360 2022 in
2403 1977 2633 2033 utroque
2647 1979 2833 2020 verum
2851 1978 2958 2018 non
2974 1963 3235 2040 contingit
3255 1964 3342 2017 in-

154 2053 407 2109 t‘méinew
441 2055 498 2119 ἐξ
525 2055 852 2127 ἀμφοτέρων
883 2056 943 2110 τὸ
982 2056 1175 2121 ἀσεϐές
1204 2075 1262 2111 τε
1294 2059 1386 2112 καὶ
1414 2059 1655 2132 βλάσφη-

157 2164 240 2214 μον,
273 2147 324 2200 τὸ
357 2149 480 2201 κατὰ
511 2147 570 2201 rb
617 2147 823 2218 κτίσμα
863 2148 1006 2217 λέγω
1050 2149 1144 2202 καὶ
1175 2149 1384 2221 ποίημα
1409 2167 1422 2181 ·
1469 2151 1655 2206 θέσθαι

211 2239 326 2310 μόνῳ
357 2238 428 2310 τῷ
459 2241 596 2311 πρὸς
632 2241 914 2295 εὐσέϐειαν
941 2241 1284 2314 βλέποντιτῷ
1319 2244 1459 2298 κατὰ
1498 2245 1656 2314 φύσιν

154 2331 426 2399 ὁμολογοῦντι
446 2335 727 2404 προσεῖναι
747 2334 835 2404 τῷ·
853 2337 1130 2404 μονογενεῖ
1148 2336 1266 2408 Θεῷ
1291 2337 1389 2408 τὴν
1417 2337 1508 2391 τοῦ
1539 2337 1655 2391 υίοῦ

158 2422 452 2492 προσηγορίαν
473 2439 485 2450 ·
530 2422 609 2486 ὡς
644 2423 709 2476 ἂν
739 2425 829 2476 καὶ
856 2423 945 2477 διὰ
973 2425 1072 2495 τῆς
1097 2425 1205 2478 τῶν
1235 2426 1441 2499 ἐχθρῶν
1474 2429 1656 2498 φωνῆς

155 2511 263 2579 ὁτῆς
288 2511 545 2576 εὐσεϐείας
569 2512 730 2580 λόγος
751 2512 870 2584 ἔχοι
891 2514 990 2584 τὴν
1015 2514 1292 2573 σύστασιν.

203 2603 350 2668 Λέγων
377 2604 427 2655 δὲ
452 2605 638 2665 πάλιν,
661 2605 944 2658 ἀναλαϐὼν
968 2605 1026 2660 ὃν
1047 2605 1107 2673 ἐξ
1129 2609 1302 2680 ἀρχῆς
1328 2610 1492 2665 αὑτοῦ
1516 2629 1659 2684 παρ-

157 2691 305 2762 εθέμην
330 2693 492 2761 λόγον’
545 2694 860 2762 Γεννητὸν
893 2696 1056 2760 ὄντα,
1081 2698 1235 2768 φησι,
1267 2696 1375 2750 τὸν
1393 2696 1527 2754 Υίὸν
1560 2702 1659 2756 καὶ

157 2779 358 2850 τέιττυια
380 2781 575 2852 λέγειν
618 2786 690 2838 οὐ
728 2788 1184 2856 παραιτούμεθα,
1212 2786 1320 2855 τῆς
1357 2792 1658 2859 γεννηθεί-

156 2887 240 2937 σης
253 2873 412 2941 αὐτῆς
431 2877 669 2942 οὐσίας,
694 2877 793 2930 καὶ
817 2875 928 2946 τῆς
945 2879 1053 2933 τοῦ
1079 2879 1212 2934 υἱοῦ
1233 2883 1657 2953 προσηγορίας.

156 2963 237 3030 τὴν
250 2970 496 3036 τοιαύτην
513 2969 638 3023 τῶν
663 2970 970 3038 ὀνομάτων
994 2972 1400 3042 οἰκειουμένης
1419 2976 1658 3045 σχέσιν.

159 3052 265 3117 Τέως
287 3055 469 3124 μὲνοῦν
492 3062 519 3112 6
535 3059 798 3131 κριτικῶς
820 3059 928 3113 τῶν
956 3060 1262 3132 λεγομένων
1281 3063 1512 3130 ἀκούων,
1535 3066 1658 3118 τού-

157 3155 223 3192 του
242 3147 523 3213 μεμνήσθω,
549 3149 634 3200 ὅτι
667 3147 762 3218 τὴν
792 3149 1141 3219 γεννηθεῖσαν
1165 3151 1332 3220 λέγει,
1363 3153 1439 3217 ὡς
1467 3155 1662 3226 μηκέτι

160 3235 258 3301 μήτε
284 3236 366 3307 τήν
390 3239 716 3311 ἀγεννησίαν
751 3242 886 3312 μήτε
919 3243 1018 3313 τὴν
1048 3243 1316 3315 γέννησιν,
1340 3248 1454 3300 ἀντ’
1476 3247 1664 3312 οὐσίας

160 3324 638 3395 παραλαμϐάνεσθαι·
698 3329 813 3383 ἀλλ’
876 3331 982 3403 ἰδία
1012 3332 1108 3402 μὲν
1143 3333 1240 3404 τὴν
1273 3335 1460 3390 οὐσίαν
1486 3355 1665 3409 παρα-
1691 3316 1734 3374 C

160 3409 476 3483 iapéa'vssilat.
532 3421 644 3492 ἰδίᾳ
683 3421 740 3474 δὲ
786 3421 844 3474 rb
889 3424 1211 3495 γεννηθῆναι
1246 3427 1460 3500 Δαὐτὴν,
1511 3427 1544 3499 ἦ
1591 3427 1668 3500 μὴ

160 3509 449 3579 γεννηθῆναι,
506 3513 599 3568 διὰ
633 3514 739 3566 τῶν
754 3495 1261 3586 ὲπιθεωρουμένωί
1282 3495 1417 3590 αὐτῇ
1449 3495 1668 3591 mulsia;

160 3614 236 3651 των
256 3604 630 3660 κατανοεῖσθαι.
661 3605 1092 3680 Φιλοπονώτερον
1118 3609 1176 3662 δὲ
1203 3609 1294 3662 τὸν
1319 3610 1447 3682 περὶ
1477 3613 1666 3665 τούτου

160 3687 273 3755 λόγον
299 3695 731 3765 κατανοήσωμεν.
771 3697 999 3750 Οὐσίαν
1047 3699 1441 3768 γεγεννῆσθαι
1499 3702 1667 3771 λέγει,

169 3781 268 3832 Πὸν
288 3782 345 3836 δὲ
376 3781 523 3838 εἶναι
557 3783 671 3852 τῆς
697 3789 1092 3856 γεννηθείσης
1120 3791 1333 3856 οὐσίας
1362 3792 1427 3846 τὸ
1463 3793 1668 3863 ὄνομα.

170 3869 272 3924 Ἀλλ’
310 3875 360 3926 ἐν
402 3874 612 3937 τούτοις
654 3876 682 3928 6
731 3877 860 3946 παρ’
901 3876 1062 3947 ήμῶν
1103 3878 1258 3948 λόγος
1297 3871 1518 3935 διαδύο
1562 3883 1672 3936 τῶν

162 3961 359 4017 ἐναντίων
410 3966 616 4036 ἐλέγξει
667 3966 854 4035 λόγον·
897 3969 1016 4034 ἐνὸς
1061 3972 1158 4041 μὲν
1199 3971 1297 4042 τῆς
1340 3975 1673 4047 κακουργίας

161 4049 228 4120 τὴν
260 4055 571 4129 ἐπιχείρησιν
594 4074 609 4087 ·
665 4057 849 4129 ἑτέρου
881 4059 937 4112 δὲ
978 4063 1075 4132 τῆς
1117 4061 1238 4115 καθ’
1283 4063 1440 4134 ἡμῶν
1465 4067 1674 4137 ἐπιχει-

163 4142 321 4210 ρήσεως
355 4148 448 4218 τήν
492 4147 735 4202 ἀτονίαν.
787 4151 1097 4224 Κακουργεῖ
1136 4155 1234 4225 μὲν
1264 4157 1390 4227 γὰρ,
1425 4157 1674 4228 γέννησιν

161 4231 298 4333 αἰτίας
341 4238 523 4308 λέγων,
573 4242 663 4295 ἵνα
699 4245 1082 4317 κατασκευάσῃ
1127 4246 1224 4316 τὴν
1270 4248 1406 4319 πρὸς
1439 4249 1676 4319 ἀλλήλας

163 4328 239 4376 τῶν
257 4328 428 4383 οὖσιῶν
462 4335 803 4400 ἐναντίωσιν,
835 4337 912 4406 τῷ
932 4339 1170 4410 γεννητῷ
1197 4357 1257 4393 τε
1283 4343 1377 4394 καὶ
1401 4344 1677 4415 ἀγεννήτῳ

163 4419 259 4486 πρὸς
276 4424 547 4498 ἑτερότητα
584 4427 798 4497 φύσεως
824 4429 1222 4501 διεσχισμένας.
1287 4433 1596 4505 Ἐλέγχεται
1620 4436 1677 4489 δὲ

161 4509 204 4559 τὺ
223 4512 299 4582 τῆς
317 4517 702 4592 ἐπιχειρήσεως
735 4522 942 4586 ἄτονον,
973 4522 1039 4574 δι’
1074 4522 1251 4576 αὐτῶν
1277 4517 1352 4578 ὧν
1379 4527 1412 4596 ἡ
1439 4544 1678 4600 κακουρ-

164 4601 232 4666 γία
258 4613 726 4677 κατασκευάζεται.
766 4613 825 4667 ’0
852 4613 960 4684 γὰρ
986 4615 1336 4686 γεγεννῆσθαι
1363 4616 1460 4690 τὴν
1492 4620 1678 4673 οὐσίαν

164 4692 304 4759 εἰπὼν,
326 4699 501 4772 ἕτερόν
523 4721 576 4756 τι
599 4704 700 4775 τὴν
734 4704 984 4774 γέννησιν
1014 4701 1152 4759 εἶναι
1186 4707 1336 4778 παρὰ
1364 4710 1462 4779 τὴν
1492 4711 1681 4764 οὐσίαν

165 4788 301 4854 τιςὼς
331 4792 640 4865 διορίζεται.
701 4796 787 4859 Ὠς
822 4797 898 4868 μὴ
940 4797 1006 4851 ἂν
1051 4799 1110 4852 rb
1148 4802 1541 4871 σημαινόμενον
1584 4805 1683 4874 τῆς

163 4882 408 4948 τεννήσεως
436 4887 514 4956 τῷ
561 4887 661 4956 τῆς
704 4887 893 4950 οὐσίας
939 4889 1349 4962 ἐφαρμοσθῆναι
1391 4891 1553 4962 λόγῳ·
1605 4895 1680 4947 οὐ

165 4969 242 5034 γᾶρ
263 4973 380 5045 ὅπερ
407 4979 463 5028 ὲν
510 4977 724 5042 πολλοῖς
757 4981 1146 5047 κατεσκεύασε,
1187 4982 1344 5036 τοῦτο
1386 4985 1478 5037 καὶ
1516 4987 1572 5036 ὲν
1606 4985 1683 5056 τῷ

165 5060 284 5130 μέρει
308 5067 472 5139 τούτῳ
506 5071 826 5142 πεποίηκεν.
885 5073 1048 5126 Ὥστε
1083 5075 1251 5145 αὐτὴν
1282 5077 1456 5128 εἰπεῖν
1497 5076 1682 5132 οὐσίαν

163 5147 265 5256 εἷναι
301 5158 388 5228 τὴν
429 5162 709 5232 γέννησιν,
763 5164 897 5218 ἀλλὰ
930 5165 1253 5236 γεννηθῆναι
1297 5167 1548 5238 ὁμολογεί
1585 5170 1682 5240 τὴν

163 5247 323 5343 οὐσίαν,
356 5252 425 5316 ὡς
461 5254 882 5326 διακεκριμένην
923 5258 1009 5326 ἐφ’
1045 5258 1312 5330 ἑκατέρας
1357 5260 1539 5329 φωνῆς
1569 5265 1682 5325 τοῖς

161 5337 396 5394 ἁκούουσιν
423 5345 739 5412 ἐγγενέσθαι
776 5348 874 5418 τὴν
898 5347 1126 5404 ἔννοιαν.
1150 5349 1311 5403 Ἀλλο
1343 5351 1450 5422 γάρ
1475 5369 1527 5404 τι
1555 5356 1670 5423 νόη-

164 5440 220 5489 μα
243 5429 423 5492 γίνεται
451 5435 526 5504 τῷ
557 5435 637 5488 ὅτι
674 5437 938 5510 ἐγεννήθη
973 5431 1284 5502 ἀκούσαντι,
1321 5443 1412 5495 καὶ
1441 5443 1568 5497 ἄλλο
1593 5444 1681 5499 διὰ

162 5518 231 5574 τώ
267 5528 349 5597 τῆς
371 5532 545 5596 οὐσίας
572 5533 856 5604 ὀνόματος.
918 5533 1256 5604 Σαφέστερος
1289 5533 1346 5586 δὲ
1383 5534 1582 5601 γένοιτ’
1614 5535 1680 5589 ἂν

162 5611 265 5678 ἡμῖν
300 5618 394 5671 ὑπὸ
427 5621 532 5674 τῶν
568 5622 982 5693 ὑποδειγμάτων
1019 5625 1047 5676 ὁ
1085 5623 1256 5692 λόγος.
1307 5621 1472 5678 Εἶπεν
1517 5628 1575 5680 ὲν
1603 5627 1679 5698 τῷ

216 5723 254 5755 ’³
284 5726 456 5787 Matth.
485 5749 565 5798 ιιι,
601 5735 689 5800 1“ί;
726 5751 862 5797 xvu,
886 5735 941 5789 5.

219 5819 287 5889 (α)
306 5820 392 5879 llic
416 5837 544 5896 puto
575 5829 743 5883 multa
771 5828 981 5883 deesse.

1710 4668 1754 4723 D

1758 2039 1961 2126 veniri,
1999 2075 2065 2115 ex
2081 2059 2346 2114 ambobus
2368 2059 2513 2128 quod
2531 2066 2614 2114 est
2631 2057 2858 2126 impium
2881 2065 2933 2111 et
2959 2039 3335 2124 blaSpltemuttt
3394 2105 3400 2112 ,

1757 2151 2068 2222 repudiare,
2102 2150 2248 2218 quod
2296 2148 2602 2205 secundum
2633 2155 2940 2202 creaturam
2974 2153 3029 2200 et
3074 2143 3336 2199 facturam

1757 2241 1978 2297 estdico
1997 2260 2012 2308 ;
2031 2241 2284 2296 assentiri
2310 2248 2491 2295 autem
2509 2239 2608 2294 soli
2639 2237 2703 2292 ad
2724 2236 2977 2307 pietatem
3000 2233 3266 2306 spectanti
3288 2240 3342 2285 et

1758 2334 2055 2396 conﬁtenti,
2103 2332 2251 2403 quod
2304 2331 2607 2388 secundum
2629 2337 2881 2384 naturam
2922 2326 3025 2398 ipsi
3060 2325 3340 2396 unigeni»

1759 2423 1869 2480 Deo
1928 2425 2025 2479 ﬁlii
2057 2424 2347 2494 appellatio
2385 2421 2666 2492 competit,
2698 2427 2758 2474 ut
2791 2419 2957 2474 etiam
2989 2416 3339 2472 inimicorum

1756 2531 1892 2570 voce
1931 2515 2152 2585 pietatis
2187 2529 2369 2568 sermo
2406 2511 2764 2567 conﬁrmetur
2801 2519 2856 2565 et
2883 2519 3182 2565 asseratur.

1829 2605 2078 2676 Repetite
2133 2615 2313 2660 autem
2374 2603 2547 2673 ipsius
2608 2618 2771 2672 quem
2821 2601 2890 2656 ab
2949 2599 3106 2654 initio
3167 2611 3340 2668 appo-

1761 2697 1846 2752 sui
1905 2711 2187 2752 sermone:
2277 2693 2542 2760 Genitum,
2607 2694 2803 2764 inquit,
2866 2689 3063 2746 Filium
3098 2705 3232 2749 esse,
3291 2696 3342 2740 et

1760 2802 2008 2857 gennema
2038 2786 2144 2840 sive
2166 2786 2460 2856 progeniem
2487 2784 2661 2838 dicere
2685 2783 2811 2836 non"
2832 2797 3132 2836 recusamus
3163 2796 3182 2834 :
3223 2795 3343 2832 cum

1761 2880 1878 2945 ipsa
1925 2878 2102 2948 genita
2137 2877 2367 2932 essentia
2396 2917 2411 2939 ,
2473 2883 2523 2929 et
2566 2873 2673 2944 ﬁlii
2719 2872 3006 2942 appellatio
3053 2871 3212 2924 talem
3250 2887 3345 2923 no-

1761 2971 1961 3023 minum
1988 2969 2296 3024 relationem
2326 2967 2428 3022 sibi
2467 2966 2732 3021 uindicare
2783 2963 2970 3034 possit.
3029 2961 3114 3017 Eo
3161 2978 3337 3032 usque.

1763 3061 2006 3131 quidem,
2045 3061 2138 3131 qui
2187 3075 2312 3114 cum
2348 3058 2559 3128 judicio
2605 3072 2667 3110 ea
2701 3071 2822 3125 quae
2864 3054 3124 3125 dicuntur
3171 3054 3344 3114 audit.

1763 3153 1928 3222 hujus
1954 3152 2284 3215 meminerit,
2321 3151 2486 3221 quod,
2518 3149 2754 3220 genitam
2780 3145 3088 3238 essentiam.
3104 3143 3257 3208 dicit,
3287 3155 3348 3198 nt

1764 3260 1875 3300 non
1905 3244 2412 3315 ampliusnaturam
2440 3240 2811 3313 generationis
2857 3244 3133 3307 expertem
3171 3252 3348 3307 neque

1767 3336 2175 3410 generationem
2224 3349 2322 3404 pro
2350 3333 2467 3404 ipsa
2494 3333 2735 3389 essentia
2781 3345 3100 3396 sumamus;
3134 3329 3229 3386 sed
3256 3345 3347 3384 se-

1766 3428 1998 3499 paratim
2045 3427 2264 3498 quidem
2310 3426 2628 3492 essentiam,
2673 3424 2966 3496 separatim
3000 3438 3132 3479 vero
3177 3422 3346 3493 ipsam

1768 3521 2004 3591 genitam
2059 3535 2204 3582 esse,
2255 3520 2338 3576 vel
2383 3535 2490 3574 non
2543 3519 2804 3590 genitam,
2853 3533 2952 3588 per
2989 3516 3351 3587 proprietates

1768 3628 1891 3683 qua:
1913 3613 1967 3666 in
1999 3611 2119 3682 ipsa
2145 3611 2583 3682 conspiciuntur,
2624 3610 3013 3680 intelligamus.
3053 3607 3159 3664 Sed
3189 3623 3352 3662 accu-

1768 3705 1944 3758 ratius
1987 3703 2054 3758 de
2095 3703 2198 3758 hoc
2247 3717 2556 3758 sermonem
2593 3701 3023 3756 consideremus.
3053 3698 3353 3754 Essentiam

1769 3796 1998 3864 genitam
2016 3811 2131 3848 esse
2162 3794 2318 3858 dicit,
2356 3792 2560 3848 Filium
2598 3810 2714 3848 vero
2751 3793 2990 3846 essentia:
3028 3792 3216 3862 genita:
3241 3806 3352 3844 esse

1772 3905 1980 3942 nomen.
2029 3886 2135 3942 Sed
2182 3887 2235 3940 in
2272 3886 2360 3940 his
2392 3886 2486 3957 qui
2536 3891 2726 3940 noster
2767 3892 2854 3939 est
2900 3897 3100 3949 sermo,
3137 3881 3352 3936 duobus

1772 3980 2067 4036 contrariis
2096 3987 2287 4050 arguet
2319 3993 2630 4034 sermonem
2667 3995 2680 4030 :
2723 3992 2832 4032 uno
2879 3974 3097 4045 quidem
3144 3973 3350 4042 impro-

1775 4073 1962 4128 bitatis
2007 4073 2124 4127 sive
2168 4071 2388 4126 malitia:
2417 4078 2714 4126 conatum:
2772 4068 2944 4121 altero
2985 4079 3114 4119 vero
3159 4071 3351 4118 contra

1775 4181 1877 4222 nos
1916 4164 2245 4220 incursionis
2280 4164 2726 4218 imbecillitatem.
2775 4159 3006 4229 Maligne
3037 4157 3180 4212 enim
3217 4157 3349 4226 agit,

1777 4258 1906 4313 dum
1945 4256 2079 4311 dicit
2119 4255 2527 4328 generationem
2566 4253 2838 4313 essentiae,
2882 4260 2942 4305 ut
2988 4249 3348 4306 essentiarum

1776 4349 1918 4404 inter
1941 4363 1999 4404 se
2017 4348 2453 4402 contrarietatem
2484 4353 2715 4410 astruat,
2747 4344 2875 4398 dum
2910 4358 3003 4398 eas
3028 4343 3081 4396 in
3113 4341 3164 4395 id
3204 4339 3348 4410 quod

1777 4440 2017 4512 genitum
2049 4447 2135 4495 est
2170 4447 2226 4491 et
2271 4454 2380 4492 non
2427 4437 2695 4506 genitum,
2735 4435 2802 4490 ad
2849 4433 3211 4490 diﬂ'erentiam
3255 4447 3354 4486 na-

1780 4538 1938 4595 tum,
1967 4528 2182 4584 dividit.
2214 4527 2476 4597 Arguitur
2513 4525 2678 4580 etiam
2725 4523 3098 4595 aggressionis
3140 4537 3252 4577 sua:
3295 4520 3351 4574 in

1781 4633 1882 4673 nos
1910 4617 2277 4678 imbecillitas.
2303 4629 2399 4686 per
2429 4615 2660 4684 ipsamet
2693 4629 2814 4683 qua:
2843 4613 2964 4681 ejus
2994 4611 3198 4666 malitia
3237 4625 3355 4663 mo-

1783 4712 1934 4766 litur.
1968 4708 2071 4776 Qui
2093 4709 2237 4768 enim
2265 4707 2560 4764 essentiam
2597 4705 2834 4776 genitam
2864 4719 2986 4761 esse
3013 4703 3172 4766 dixit,
3205 4700 3349 4756 aliud

1783 4801 2042 4872 quiddam
2111 4813 2234 4854 esse
2315 4796 2720 4870 generationem
2789 4803 2985 4866 praeter
3056 4792 3352 4848 essentiam

1785 4902 1972 4965 aperte
1998 4892 2212 4956 deﬁnit;
2248 4891 2324 4946 ita
2347 4899 2406 4945 ut
2446 4891 2590 4960 quod
2632 4887 3001 4961 generationis
3029 4884 3249 4938 nomine
3280 4884 3356 4938 si-

1785 4987 2093 5058 gniﬁcatur,
2155 5001 2265 5041 non
2315 4983 2569 5040 essentia:
2619 4981 2819 5036 rationi
2876 4977 3182 5033 conveniat.
3232 4972 3354 5028 Non

1783 5079 1930 5134 enim
1974 5077 2118 5147 quod
2155 5077 2211 5131 in
2257 5075 2443 5129 multis
2483 5071 2740 5135 astruxit,
2789 5069 2893 5124 hoc
2941 5065 3105 5122 etiam
3147 5065 3202 5118 in
3249 5062 3355 5117 hac

1788 5178 1944 5240 parte
1977 5169 2134 5224 fecit:
2170 5171 2244 5222 ita
2267 5175 2328 5220 ut
2354 5164 2503 5218 dicat
2524 5163 2699 5232 ipsam
2723 5157 3017 5216 essentiam
3041 5169 3162 5210 esse
3191 5169 3357 5224 gene-

1788 5264 2079 5322 rationem,
2112 5257 2207 5314 sed
2253 5257 2490 5327 genitam
2532 5266 2656 5308 esse
2688 5248 2980 5304 conﬁtetur
3023 5243 3351 5300 essentiam:

1787 5354 1860 5406 ita
1891 5361 1948 5406 ut
1977 5368 2073 5422 per
2114 5361 2401 5418 utramque
2448 5357 2636 5399 vocem
2677 5340 2930 5396 distincta
2962 5336 3110 5390 notio
3156 5331 3357 5387 animis

1787 5444 2122 5499 audientium
2157 5441 2526 5512 ingenerctur.
2558 5434 2678 5488 Alia
2695 5432 2841 5487 enim
2873 5429 3024 5484 notio
3051 5425 3359 5496 concipitur

1789 5535 1842 5589 in
1879 5537 2061 5588 animo
2103 5534 2222 5602 ejus
2268 5531 2359 5600 qui
2415 5527 2585 5588 audit,
2633 5522 2779 5591 quod
2831 5521 3046 5591 genitus
3096 5524 3216 5572 est:
3252 5512 3358 5568 alia

1786 5643 1916 5684 vero
1957 5642 2051 5698 per
2087 5623 2337 5682 essentia!
2370 5633 2588 5676 nomen.
2631 5615 2737 5671 Sed
2783 5612 3151 5683 exemplorum
3201 5621 3358 5678 appo-
