3922 6454
653 386 757 441 σοι

1892 387 1949 439 S.
2025 383 2352 440 GREGORII
2390 384 2687 453 NYSSENI
3751 392 3832 450 ειθῖ

659 505 855 556 sttioue
883 498 1171 557 dilucitlier
1204 498 1359 553 nobis
1405 497 1495 556 fiet
1526 512 1735 555 sermo.
1782 498 1925 554 Dicit
1966 503 2020 554 in
2056 501 2217 555 Eva“.

2334 500 2645 567 Εὐαγγελίῳ
2670 501 2698 552 ὀ
2725 498 2947 570 Κύριος,
2972 499 3053 551 ὅτι
3081 496 3536 569 προσεγγιζούσης
3552 501 3640 571 τῆς
3665 500 3829 571 ὠδῖνος,

657 596 799 663 gelio
850 582 1110 645 Dominus
1147 593 1211 653 ",
1246 591 1388 660 quod
1438 592 1837 661 propinquante
1876 602 2064 661 partus
2102 608 2227 647 cru-

658 685 1052 747 t-iatu,‘mulier
1098 691 1184 738 est
1227 684 1281 737 in
1320 684 1531 747 dolore,
1582 684 1695 739 sive
1730 682 2006 740 tristitiam
2029 685 2219 741 habet:
2272 744 2275 745 ν

646 786 847 845 postea
873 790 999 831 vero
1027 777 1283 846 gaudium
1321 775 1537 845 gaudet,
1579 778 1705 845 quia
1736 784 1896 829 natus
1939 785 2024 831 est
2068 776 2228 831 homo

660 866 967 921 inmundo.
1004 865 1071 919 Ut
1114 866 1277 935 igitur
1318 865 1373 917 in
1425 865 1526 917 hac
1578 873 1731 932 parte
1782 863 1889 915 duo
1947 877 2105 917 sensa
2161 862 2229 915 ab

492 940 500 954 ’
574 946 577 949 ’
644 954 951 1027 Ἐνεηεθῖίο
974 958 1209 1011 disrreta
1236 957 1533 1018 discimus,
1562 972 1727 1010 unum
1751 955 1988 1025 quidem.
2016 963 2227 1024 partum

657 1065 817 1119 quem
847 1064 941 1118 per
968 1050 1371 1118 generationem
1407 1048 1804 1113 intelleximus;
1842 1048 2070 1101 alterum
2098 1061 2228 1100 vero

659 1141 890 1209 idipsum
942 1140 1084 1208 quod
1118 1141 1174 1192 fit
1208 1155 1273 1192 ex
1314 1146 1469 1207 partu
1508 1156 1521 1191 :
1573 1153 1680 1191 non
1723 1138 1868 1193 enim
1918 1144 2104 1205 partus
2144 1143 2229 1190 est

659 1233 839 1291 homo,
882 1232 974 1285 sed
1026 1246 1121 1299 per
1146 1239 1359 1300 partum
1394 1230 1583 1283 homo:
1614 1229 1695 1284 sic
1737 1240 1790 1282 et
1833 1228 1885 1281 in
1932 1228 2035 1282 hoc
2081 1227 2226 1291 loco,

641 1339 793 1391 cum
813 1322 1111 1377 Eunomius
1136 1322 1472 1377 concesserit
1501 1321 1740 1391 genitam
1768 1334 1890 1374 esse
1910 1319 2225 1381 essentiam,

660 1415 824 1483 priori
859 1415 1075 1482 quidem
1110 1414 1276 1468 verbo
1309 1411 1453 1482 quod
1492 1427 1556 1467 ex
1588 1412 1770 1481 alique
1802 1417 1885 1465 est
1907 1409 2085 1464 edocti
2131 1426 2229 1465 su-

659 1522 779 1560 mus
805 1524 818 1559 :
852 1513 1111 1573 sequente
1142 1520 1270 1557 vero
1296 1505 1470 1573 ipsum
1497 1502 1800 1569 subjectum
1832 1498 2224 1562 intelleximus,

644 1596 743 1647 rei
774 1590 851 1665 eit~
882 1595 1065 1662 alique
1099 1602 1183 1647 est
1220 1593 1595 1646 subsistentia.
1645 1589 1701 1643 Si
1742 1591 1907 1660 igitur
1955 1589 2101 1643 aliud
2142 1598 2226 1644 est

642 1685 908 1752 essentia
947 1684 1331 1753 signiﬁcatum,
1369 1682 1513 1735 aliud
1544 1697 1671 1736 vero
1713 1697 1818 1735 vox
1859 1680 2226 1751 generationis

644 1770 957 1844 intelligere
987 1775 1262 1842 supponit,
1295 1772 1455 1826 docta
1494 1778 1802 1825 commenta
1836 1771 1969 1839 ipsis
2004 1777 2226 1838 repente

640 1872 1000 1924 corruerunt,
1035 1866 1178 1917 velut
1223 1862 1417 1917 frivola
1444 1877 1572 1915 vasa
1598 1860 1791 1915 ﬁctilia
1820 1860 2030 1924 collisa,
2062 1868 2224 1928 atque

655 1958 799 2011 inter
832 1972 899 2011 se
918 1956 1225 2011 confracta.
1279 1953 1395 2007 Non
1446 1954 1589 2006 enim
1636 1952 1868 2021 amplius
1915 1950 1996 2005 eis
2042 1950 2225 2003 licebit

638 2050 817 2119 :geniti
851 2061 974 2101 eum
1019 2047 1262 2115 ingenito
1291 2044 1648 2099 ditl‘erentiam
1696 2043 1751 2096 in
1790 2041 1913 2095 Filii
1961 2049 2013 2096 et
2046 2039 2223 2095 Patris

640 2143 924 2193 lessentias
968 2136 1450 2197 transferentibus,
1504 2134 1667 2190 simul
1713 2134 1780 2188 ad
1816 2149 1904 2187 res
1941 2134 2220 2187 nominum

657 2233 800 2284 inter
846 2246 905 2285 se
960 2230 1379 2299 repugnantiam
1414 2228 1747 2283 transferre.
1792 2226 1928 2280 Cum
1968 2225 2113 2281 enim
2154 2226 2224 2278 ab

634 2324 921 2377 Eunomio
950 2324 1021 2378 sit
1058 2337 1380 2375 concessum
1427 2321 1667 2390 genitam
1714 2334 1836 2373 esse
1883 2317 2179 2375 essentiam
2205 2354 2219 2379 ,

652 2402 1108 2487 qttentadmodum
1138 2413 1444 2482 exemplum
1480 2411 1864 2480 Evangelicum
1903 2410 2048 2464 hunc
2094 2424 2223 2464 sen-
2274 2466 2277 2469 ,

652 2524 775 2563 sum
808 2508 1075 2578 explicat,
1108 2506 1164 2560 in
1206 2520 1315 2574 quo
1364 2504 1641 2557 Immineat
1686 2513 1873 2556 natum
1926 2516 2049 2556 esse
2096 2515 2220 2555 cum

648 2582 986 2662 didicimus,
1011 2614 1120 2652 non
1167 2598 1447 2651 hominem
1493 2596 1638 2650 idem
1697 2610 1819 2650 esse
1881 2610 2006 2648 cum
2055 2608 2221 2664 gene-

652 2676 865 2749 ratione
917 2690 1322 2753 intelleximus,
1377 2687 1471 2744 sed
1530 2687 1810 2757 propriam
1872 2688 1927 2740 in
1989 2694 2221 2755 utroque

650 2786 872 2841 nomine
908 2784 1186 2839 notionem
1236 2779 1781 2851 comprehendimus,
1826 2794 1937 2833 neu
1982 2780 2218 2848 amplius

616 2880 829 2949 locum
877 2876 1098 2931 habebit
1155 2874 1379 2928 haeresis
1428 2887 1550 2941 qua
1596 2887 1691 2942 per
1737 2870 2007 2939 ejusmodi
2055 2885 2218 2924 voces

647 2972 1015 3029 essentiarum
1046 2969 1419 3025 diversitatem
1447 2980 1548 3019 suo
1581 2964 1832 3034 dogmate
1861 2963 2124 3018 decernit.

622 3096 627 3101 ~
692 3058 791 3118 'Ut
817 3075 997 3127 autem
1027 3058 1371 3114 manifestius
1416 3056 1574 3110 nobis
1623 3056 1690 3110 de
1734 3055 1822 3111 his
1850 3056 2031 3110 sermo
2062 3070 2216 3109 reve-

2330 593 2386 643 ὲν
2410 590 2551 660 λύπῃ
2582 590 2787 657 γίνεται
2821 592 2853 659 ἡ
2890 590 3021 659 γυνή
3048 604 3061 618 ·
3129 588 3265 658 μετά
3299 587 3465 642 ταῦτα
3490 590 3544 643 δὲ
3568 594 3719 661 χαρὰν
3743 601 3831 664 χαξ.

2334 700 2434 753 ρει,
2460 684 2538 735 δτι
2563 680 2823 751 ἐγεννήθη
2846 681 2940 735 ἀνθ
2950 697 3128 749 ρωπος
3149 681 3227 742 είς
3249 679 3336 733 τὸν
3356 680 3570 750 κόσμον.
3604 683 3679 746 Ὠς
3694 690 3832 740 τοίνυν

2329 776 2387 826 ἐν
2418 775 2495 844 τῷ
2531 774 2683 845 μέρει
2711 772 2883 843 τούτῳ
2911 773 3003 825 δύο
3045 773 3291 841 νοήματα
3332 772 3696 843 διακεκριμένα
3719 782 3833 849 παρὰ

2328 866 2425 919 τοῦ
2454 866 2784 933 Εὐαγγελίου
2813 864 3178 934 μανθάνομεν,
3204 862 3261 917 ἓν
3292 865 3408 931 μὲν,
3440 864 3525 916 τὸν
3548 866 3687 919 τόκον
3708 870 3753 922 ὃν
3770 873 3833 927 διὰ

2328 960 2426 1028 τῆς
2448 960 2751 1027 γεννήσεως
2780 958 3106 1027 ὲνοήσαμεν·
3149 955 3334 1025 ἕτερον
3363 955 3418 1008 δὲ
3451 956 3579 1008 αὐτὸ
3610 958 3664 1009 τὸ
3692 963 3743 1011 ἐκ
3764 965 3833 1016 τοῦ

2327 1050 2488 1102 τόκου
2516 1048 2794 1117 γινόμενον
2823 1062 2839 1078 ·
2883 1046 2942 1100 οὐ
2969 1046 3077 1115 γὰρ
3108 1048 3137 1099 6
3163 1046 3315 1108 τόκος
3353 1046 3500 1099 ἐστὶν
3529 1048 3556 1099 6
3586 1048 3834 1120 ἄνθρωπος,

2329 1139 2462 1191 ἀλλά
2491 1139 2578 1191 διὰ
2615 1137 2708 1190 τοῦ
2735 1138 2891 1191 τόκου
2924 1139 2952 1190 6
2973 1136 3277 1207 ἄνθρωπος’
3338 1136 3479 1189 οὕτω
3515 1139 3603 1191 καὶ
3634 1142 3835 1205 ἐνταῦθα,

2327 1232 2420 1284 τοῦ
2462 1231 2720 1300 Εὐνομίου
2744 1230 3066 1301 γεννηθῆναι
3093 1231 3190 1299 τὴν
3217 1230 3404 1282 οὐσίαν
3436 1230 3834 1301 ὁμολογήσαντος

2327 1324 2404 1394 τῷ
2440 1323 2536 1392 μὲν
2576 1323 2869 1393 προάγοντι
2913 1323 3115 1391 ῥήματι
3144 1322 3203 1373 τὸ
3246 1321 3310 1375 ἐκ
3352 1339 3496 1385 τινος
3522 1323 3833 1394 ἐδιδάχθημεν,

2298 1422 2301 1423 ⁷
2327 1416 2405 1487 τῷ
2435 1417 2490 1469 δὲ
2518 1416 2734 1484 ἐφεξῆς,
2765 1414 2894 1467 αὐτὸ
2919 1414 2978 1467 τὸ
3008 1414 3363 1483 ὑποκείμενον
3393 1415 3699 1485 ὲνοήσαμεν,
3726 1411 3761 1484 ᾧ
3792 1419 3837 1470 ἐκ

2328 1509 2419 1561 τοῦ
2448 1508 2591 1570 τινός
2636 1510 2779 1561 ἐστιν
2804 1510 2836 1576 ἡ
2890 1508 3199 1569 ὑπόστασις.
3250 1507 3312 1558 Εἰ
3359 1502 3450 1559 οὖν
3489 1507 3608 1560 ἄλλο
3647 1508 3730 1577 μέν
3752 1511 3836 1559 ἐστι

2326 1604 2425 1671 τῆς
2448 1602 2633 1663 οὐσίας
2666 1600 2723 1653 τὸ
2759 1600 3177 1670 σημαινόμενονδ
3243 1598 3429 1670 ἕτερον
3479 1600 3534 1651 δὲ
3571 1601 3601 1670 ή
3639 1601 3723 1669 τῆς
3744 1618 3836 1665 γεν‹

2327 1695 2532 1762 νήσεως
2565 1692 2714 1762 φωνὴ
2745 1694 2887 1744 νοεῖν
2919 1690 3246 1752 ὑποτίθεται,
3278 1690 3646 1743 διαπέπτωκεν
3673 1691 3837 1757 ἀθρόως

2328 1782 2511 1844 αὐτοῖς
2536 1781 2605 1833 τά
2634 1780 2769 1848 σοφὰ
2790 1780 3004 1850 μηχανή
3014 1797 3178 1850 ματα,
3197 1778 3385 1849 ὥσπερ
3406 1778 3685 1849 ὀστράκινα
3710 1779 3836 1849 σκεύη

2325 1874 2571 1945 ἀλλήλοις
2597 1872 2986 1943 προσαχθέντα,
3013 1872 3104 1924 καὶ
3125 1872 3191 1924 δι’
3213 1872 3456 1942 ἀλλήλων
3480 1872 3831 1940 διατρυφθέντα.

2324 1966 2518 2019 Οὐκέτι
2549 1964 2657 2035 γὰρ
2689 1965 2869 2027 αὐτοῖς
2895 1962 3104 2030 ἐξέσται
3129 1965 3226 2034 τὴν
3254 1962 3346 2017 τοῦ
3372 1963 3621 2033 γεννητοῦ
3657 1963 3767 2033 πρὸς
3794 1965 3839 2015 τὺ

2324 2054 2612 2125 ἀγέννητον
2636 2054 2913 2123 διαστολὴν
2932 2055 3024 2105 ἐπὶ
3045 2054 3142 2123 τῆς
3164 2053 3256 2106 τοῦ
3282 2052 3412 2105 Υἱοῦ
3443 2053 3534 2106 καὶ
3560 2052 3645 2105 τού
3674 2054 3837 2123 Πατρὶς

2323 2144 2508 2206 οὐσίας
2528 2144 2941 2214 μεταφέρουσιν,
2957 2159 3063 2213 συμ
3074 2143 3399 2214 μεταφέρειν
3415 2144 3504 2196 ἐπὶ
3518 2142 3583 2195 τὰ
3596 2126 3836 2213 πράγματα

2322 2231 2419 2302 τὴν
2449 2232 2798 2303 προσάλληλα
2830 2231 2939 2284 τῶν
2971 2232 3246 2301 ὀνομάτων
3270 2232 3470 2302 μάχην.
3513 2231 3837 2302 Ὀμολογηθὲθ-

2314 2340 2411 2385 ¹τος
2437 2323 2543 2393 γὰρ
2578 2323 2726 2393 παρὰ
2766 2322 2859 2375 τοῦ
2890 2316 3149 2393 Εὐνομίὸυ
3196 2324 3277 2375 ὅτι
3332 2322 3593 2393 ἐγεννήθη
3628 2324 3657 2393 ή
3700 2322 3835 2384 οὐσία,

2323 2414 2504 2477 καθὼς
2551 2416 2645 2467 καὶ
2688 2413 2748 2467 τὸ
2794 2413 3143 2482 εὐαγγελικὸν
3174 2414 3478 2484 ὑπόδειγμα
3508 2415 3601 2485 τὴν
3635 2413 3836 2482 τοιαύτην

2323 2504 2609 2577 ἐρμηνεύει
2631 2504 2887 2565 διάνοιαν,
2907 2506 2962 2555 ὲν
3044 2503 3131 2557 τὸν
3148 2503 3433 2573 ἄνθρωπον
3450 2502 3745 2572 γεννηθῆναι
3762 2520 3836 2570 μα-

2318 2597 2522 2659 θόντες,
2550 2595 2610 2648 οὐ
2641 2595 2832 2648 ταύτὸν
2866 2595 3161 2664 ὲνοήσαμεν
3187 2597 3251 2663 τῇ
3285 2596 3535 2665 γεννήσει
3562 2594 3644 2647 τὸν
3672 2593 3834 2663 ἀνθρω-

2322 2702 2442 2749 πον,
2474 2684 2587 2738 ἀλλ¹
2612 2684 2739 2737 ἴδιον
2766 2683 2848 2750 ἐφ’
2878 2680 3135 2751 ἐκατέρου
3155 2681 3261 2733 τῶν
3288 2679 3566 2750 ὀνομάτων
3594 2678 3833 2747 ἐδεξάμεθα

2320 2780 2517 2850 νόημα,
2545 2778 2725 2831 οὐκέτι
2752 2775 2931 2847 χώραν
2960 2775 3068 2839 ἕξει
3101 2774 3316 2837 πάντως
3350 2775 3384 2843 ἡ
3418 2775 3619 2844 αἵρεσις
3646 2772 3728 2844 τὴν
3756 2773 3834 2824 ἑτε-

2320 2871 2519 2941 ρότητα
2548 2868 2652 2921 τῶν
2680 2867 2873 2921 οὐσιῶν
2904 2865 2993 2920 διὰ
3016 2865 3126 2919 τῶν
3163 2864 3423 2918 τοιούτων
3473 2864 3651 2933 φωνῶν
3674 2864 3831 2933 δογμασ

2317 2962 2559 3025 τίζουσα.

2399 3052 2485 3114 Ὠς
2515 3051 2558 3105 δ’
2587 3051 2652 3104 ἂν
2683 3050 2913 3120 μάλιστα
2945 3048 3271 3117 σαφέστερον
3301 3048 3434 3117 ἡμῖν
3461 3049 3489 3100 6
3527 3046 3643 3116 περὶ
3673 3045 3832 3098 τούτων

650 3158 811 3221 letur,
840 3157 920 3212 sic
952 3166 1145 3207 rursus
1191 3150 1333 3220 quod
1370 3148 1689 3219 proponitur
1718 3146 2038 3201 diducamus
2066 3161 2082 3200 :
2112 3145 2216 3199 Na-

2317 3144 2471 3213 λόγος
2511 3142 2911 3211 ὲκκαλυφθείη,
2969 3141 3167 3194 οὑτωσὶ
3215 3139 3275 3192 τὸ
3329 3140 3673 3210 προκείμενον
3711 3140 3831 3191 πάλιν

644 3261 827 3306 turam
855 3248 1145 3301 humanam
1175 3257 1205 3295 a
1239 3240 1506 3311 principio
1527 3254 1649 3293 cum
1681 3239 1934 3294 omnibus
1970 3236 2091 3291 fecit
2122 3238 2210 3290 ille

646 3342 742 3412 qui
776 3340 1091 3394 universum
1142 3331 1418 3395 condidit,
1472 3346 1537 3384 ac
1575 3340 1859 3400 postquam
1906 3328 2083 3383 factus
2131 3336 2215 3383 est

646 3432 856 3495 Adam,
886 3436 1019 3483 tunc
1053 3425 1453 3496 generationem
1487 3438 1609 3493 qua
1652 3421 1707 3475 fit
1744 3438 1810 3477 ex
1854 3429 2042 3475 mutuo
2066 3435 2218 3475 cem-

650 3526 811 3594 plexu
856 3518 1165 3579 hominibus
1210 3515 1480 3577 instituit,
1524 3530 1648 3589 cum
1680 3514 1857 3579 dixit,
1898 3512 2132 3569 Crescite
2161 3524 2210 3569 et

649 3608 1077 3681 multiplicamini
1110 3608 1177 3659 ".
1213 3604 1348 3660 Cum
1374 3606 1547 3675 igitur
1589 3607 1723 3662 Abel
1767 3622 1863 3677 per
1907 3608 2213 3678 generatio-

640 3722 772 3762 nem
803 3704 1045 3761 substitit
1066 3740 1080 3763 ,
1111 3699 1235 3769 quis
1261 3713 1409 3753 sana
1437 3700 1637 3753 mentis
1667 3714 1891 3769 compos
1922 3715 2031 3754 non
2058 3699 2213 3755 dixe-

642 3801 752 3860 rit,
782 3796 1081 3853 secundum
1120 3797 1259 3852 idem
1300 3796 1549 3850 humana
1593 3792 1962 3862 generationis
2004 3791 2211 3861 signiti-

648 3900 865 3952 catum,
894 3890 1112 3958 absque
1152 3886 1501 3958 generatione
1548 3886 1812 3938 Adamqu
1857 3884 2212 3939 substitisse?

647 3984 899 4038 Attamen
941 3982 1150 4052 primus
1200 3980 1362 4034 homo
1409 3987 1580 4031 totum
1632 3977 1686 4030 in
1732 3976 1912 4044 seipse
1963 3975 2213 4030 humana

646 4074 897 4130 essentia
922 4073 1212 4147 terminum
1244 4071 1431 4125 habuit
1460 4090 1471 4123 :
1500 4076 1553 4123 et
1586 4068 1676 4138 qui
1708 4082 1772 4121 ex
1804 4067 1896 4121 illo
1924 4076 2211 4138 generatus

649 4176 769 4230 est,
800 4165 1050 4221 similiter
1082 4165 1135 4219 in
1179 4164 1371 4219 eadem
1415 4162 1667 4217 essentia
1712 4162 1921 4216 ratione
1970 4161 2212 4216 subseri-

640 4256 815 4310 ‘bitur.
861 4254 1015 4321 Quod
1056 4255 1101 4310 si
1142 4257 1319 4325 genita
1353 4252 1593 4307 essentia
1620 4251 1864 4314 diversa,
1898 4251 1967 4305 ab
1995 4266 2058 4306 ea
2091 4268 2211 4321 qua

645 4346 824 4415 genita
871 4360 980 4399 non
1010 4352 1095 4399 est
1122 4349 1555 4404 construeretur,
1586 4356 1693 4395 non
1726 4340 1973 4410 utrisque
2021 4341 2208 4394 eadem

635 4436 897 4491 essentia
929 4437 1070 4490 ratio
1098 4441 1449 4504 competeret.
1497 4432 1738 4497 Quorum
1781 4432 1925 4487 enim
1969 4432 2208 4486 essentia

2318 3236 2734 3308 διαληῲὼμεθα*
2765 3234 3012 3302 Ἐποίησε
3057 3231 3154 3302 τὴν
3182 3231 3527 3303 ἀνθρωπίνην
3573 3230 3713 3298 φύσιν
3740 3230 3829 3282 κατ’

2316 3328 2485 3399 ἀρχάς
2506 3327 2640 3397 μετά
2672 3327 2887 3380 πάντων
2914 3326 2939 3376 6
2966 3323 3026 3375 τὸ
3045 3326 3151 3375 πᾶν
3180 3323 3601 3393 συστησάμενος,
3626 3323 3706 3374 καὶ
3729 3322 3831 3390 μετά

2316 3419 2374 3471 τὸ
2411 3417 2661 3488 γενέσθαι
2687 3416 2775 3469 τὸν
2808 3415 2994 3484 Ἀδὰμ,
3025 3414 3143 3465 τότε
3176 3412 3271 3482 τὴν
3292 3412 3351 3477 ἐξ
3380 3412 3614 3484 ἀλλήλων
3633 3412 3830 3481 γέννησιν

2314 3513 2426 3573 τοῖς
2476 3508 2780 3579 ἀνθρώποις
2821 3505 3243 3576 ἐνομοθέτησεν,
3298 3503 3500 3567 εἰπὼν,
3544 3503 3831 3566 Αὺεὰνεσθε

2314 3602 2415 3656 καὶ
2448 3600 2849 3667 πληθύνεσθε.
2906 3595 3012 3649 Τοῦ
3042 3596 3218 3649 τοίνυν
3260 3595 3419 3648 Ἀὄὲλ
3451 3595 3701 3665 γεννητῶς
3727 3594 3831 3646 ὑπο·

2317 3694 2557 3755 στάντος,
2584 3689 2665 3753 τίς
2712 3690 2810 3743 οὐκ
2839 3688 2904 3741 ἂν
2943 3688 3085 3741 εἴποι
3116 3688 3223 3739 τῶν
3246 3682 3305 3739 εὖ
3356 3687 3695 3757 φρονούντων,
3739 3685 3830 3735 κατ’

2314 3784 2445 3838 αὐτὸ
2489 3784 2548 3837 τὸ
2599 3783 2696 3852 τῆς
2735 3781 3079 3850 ἀνθρωπίνης
3124 3780 3431 3848 γεννήσεως
3473 3778 3828 3849 σημαινόμενον,

2313 3878 2620 3946 ἀγεννήτως
2650 3876 2739 3928 τὸν
2779 3875 2948 3945 Ἀδὰμ
2994 3875 3309 3944 ὑποστῆναι.
3370 3873 3529 3926 Ἀλλά
3552 3872 3691 3944 μήνό
3715 3866 3829 3937 πρῶ·

2313 3987 2402 4032 τος
2436 3966 2741 4039 ἄνθ’ρωιτος,
2776 3968 2895 4020 ὅλον
2928 3966 3084 4037 ἔσχεν
3113 3967 3170 4019 ἐν
3204 3966 3383 4037 ἑαυτῷ
3417 3966 3515 4035 τῆς
3542 3960 3829 4033 ἀνθρωπίνης

2311 4062 2496 4124 οὐσίας
2516 4061 2605 4113 τὸν
2628 4060 2771 4131 ὅρον,
2794 4060 2887 4112 καὶ
2918 4059 2946 4111 6
2976 4058 3034 4123 ἐξ
3062 4058 3268 4111 ἐκείνου
3297 4058 3588 4128 γεννηθεὶς,
3616 4050 3828 4108 ὡσαύτως

2312 4155 2370 4206 ὲν
2412 4152 2487 4223 τῷ
2512 4152 2659 4222 αὐτῷ
2699 4153 2797 4222 τῆς
2841 4151 3028 4214 οὐσίας
3070 4150 3447 4221 ὑπογράφεται
3497 4148 3647 4216 λόγῳ.
3696 4143 3747 4196 Εἰ
3784 4138 3827 4190 δὲ

2246 4247 2248 4251 ’
2311 4246 2442 4315 άλλη
2474 4262 2557 4307 τις
2590 4246 2621 4314 ή
2662 4243 2978 4313 γεννηθείσα
3017 4242 3174 4296 οὐσία
3208 4243 3359 4312 παρά
3389 4242 3484 4311 τὴν
3510 4239 3576 4309 μὴ
3599 4232 3826 4304 γεννηθείο

2313 4355 2409 4389 σαν
2428 4336 2876 4401 κατεσκευάζετο,
2901 4336 3000 4390 οὐκ
3021 4334 3085 4388 ἂν
3108 4334 3192 4387 ἐπ’
3214 4334 3531 4405 ἀμφοτέρων
3554 4332 3579 4383 6
3600 4327 3737 4388 αὐτὸς
3753 4322 3823 4388 τῆς

2310 4430 2495 4491 οὐσίας
2528 4429 2736 4499 ἥρμοσε
2789 4428 2963 4496 λόγος.
3029 4421 3126 4479 Ὧν
3168 4426 3275 4497 γάρ
3328 4428 3363 4497 ἡ
3413 4425 3560 4477 οὐσία
3600 4420 3822 4487 διάφοφς.

636 4526 857 4579 diversa
877 4566 893 4591 ,
940 4526 1136 4577 borum
1170 4539 1278 4576 non
1311 4529 1393 4575 est
1420 4520 1605 4575 eadem
1640 4522 1893 4576 essentia
1925 4523 2062 4574 ratio
2092 4522 2206 4577 sive

2317 4520 2515 4601 τούτων
2548 4520 2666 4573 οὐδὲ
2704 4522 2732 4573 6
2758 4520 2912 4589 λόγος
2941 4520 3085 4572 ἐστὶν
3112 4521 3139 4572 6
3169 4518 3329 4581 αὐτὸς
3353 4518 3451 4587 τῆς
3482 4514 3666 4574 οὐσίας.
3706 4507 3825 4561 Ἐπεὶ

638 4612 907 4667 definitio.
958 4612 1225 4678 Quoniam
1276 4612 1439 4681 igitur
1484 4610 1673 4665 iisdem
1720 4610 2035 4680 designatus
2082 4627 2208 4681 pro-

560 4728 563 4731 -
632 4703 967 4773 ~prietatihus
995 4710 1048 4756 et
1071 4717 1133 4754 ea
1163 4718 1282 4771 qua
1306 4711 1389 4756 est
1416 4702 1573 4763 Ada,
1603 4711 1655 4756 et
1682 4718 1743 4756 ea
1772 4719 1891 4771 qua
1916 4712 1999 4758 est
2027 4704 2208 4760 Abelis

636 4795 876 4848 essentia
904 4836 918 4857 ,
972 4808 1196 4847 necesse
1249 4799 1332 4846 est
1375 4794 1599 4845 omnino
1638 4797 1690 4845 ln
1736 4793 2001 4847 ambobus
2044 4809 2205 4847 unam

566 4926 567 4929 η
640 4886 935 4941 essentiam
966 4900 1087 4939 esse
1118 4884 1361 4941 conﬁteri
1394 4901 1417 4953 ι
1437 4884 1601 4937 alium
1634 4893 1812 4939 autem
1844 4893 2008 4954 atque
2040 4887 2205 4940 alium

642 4980 696 5031 in
732 4979 924 5034 eadem
959 4986 1151 5031 natura
1182 4976 1563 5031 demonstrari.
1595 4974 1727 5029 Nam
1775 4978 1946 5033 Adam
1991 4986 2047 5033 et
2073 4979 2205 5033 Abel

640 5072 696 5124 in
731 5078 937 5125 natura
970 5071 1179 5125 ratione
1215 5085 1356 5123 unus
1385 5068 1494 5123 duo
1518 5076 1679 5123 sunt:
1710 5069 1802 5125 sed
1828 5070 1880 5123 in
1907 5073 2209 5141 proprieta-

638 5165 787 5221 tibus
816 5179 936 5232 qua
966 5163 1020 5216 in
1052 5162 1295 5229 ipsorum
1327 5168 1558 5229 utroque
1592 5169 1910 5224 cernuntur,
1948 5161 2206 5216 inconfu-

637 5271 762 5310 sum
798 5254 938 5309 inter
969 5269 1029 5309 se
1059 5254 1260 5308 habent
1291 5252 1602 5308 discrimen.
1647 5252 1763 5306 Non
1797 5254 1961 5325 igitur
1989 5256 2207 5324 proprie

638 5345 746 5399 dici
777 5352 983 5413 potest.
1017 5342 1161 5414 quod
1192 5344 1363 5397 Adam
1407 5344 1699 5399 essentiam
1751 5360 1779 5397 a
1829 5346 2011 5414 seipse
2043 5346 2202 5400 aliam

638 5438 755 5490 sive
782 5434 1052 5490 diversam
1084 5435 1302 5504 genuit,
1340 5434 1432 5489 sed
1469 5435 1695 5495 melius,
1727 5435 1872 5502 quod
1915 5451 1979 5491 ex
2023 5438 2203 5507 seipse

639 5524 824 5593 genuit
854 5524 1018 5577 alium
1048 5525 1288 5593 scipsum
1316 5541 1329 5575 :
1362 5537 1484 5576 cum
1517 5538 1623 5589 quo
1648 5526 1826 5576 omnis
1852 5524 1970 5592 ejus
1999 5528 2091 5595 qui
2119 5543 2206 5595 ge-

639 5626 757 5670 nuit
788 5618 1040 5671 essentia
1076 5616 1213 5668 ratio
1241 5615 1401 5668 simul
1432 5613 1575 5669 edita
1610 5623 1711 5669 est.
1750 5615 1905 5681 Quod
1942 5618 2105 5687 igitur
2136 5620 2203 5675 de

710 5796 757 5826 ⁸³
782 5794 940 5850 Juztn.
1000 5810 1109 5859 ut,
1142 5795 1231 5849 2|.
1310 5795 1353 5825 "
1393 5794 1590 5849 Cenes.
1626 5807 1661 5859 ι,
1700 5792 1791 5847 98.

2312 4610 2403 4665 οὖν
2447 4615 2558 4675 τοῖς
2611 4612 2791 4675 αὐτοῖς
2840 4608 3296 4681 χαρακτηρίζεται
3332 4608 3601 4679 ίδιώμασιν
3637 4604 3735 4671 ἤτε
3754 4614 3822 4648 του

2325 4707 2492 4775 Ἀδάμ
2521 4706 2613 4758 καὶ
2636 4706 2667 4774 ἡ
2693 4704 2784 4757 τοῦ
2819 4703 2969 4756 Ἀϐὲλ
2994 4703 3150 4756 οὐσία
3176 4720 3188 4732 ·
3218 4704 3365 4755 πᾶσα
3392 4703 3589 4769 ἀνάγκη
3621 4696 3727 4766 μίαν
3748 4689 3822 4759 μὲν

2312 4798 2496 4852 οὐσίαν
2535 4800 2619 4850 ἐπ’
2653 4798 2976 4867 ἀμφοτέροις
3018 4792 3155 4848 εἶναι
3197 4794 3569 4848 συντίθεσθαι·
3618 4788 3749 4842 ἄλλον
3778 4784 3819 4834 δὲ

2312 4894 2406 4945 καὶ
2434 4892 2588 4944 ἄλλον
2618 4891 2707 4943 τὸν
2736 4890 2793 4941 ἐν
2821 4892 2887 4959 τῇ
2916 4891 3048 4959 αὐτῇ
3082 4888 3238 4955 φύσει
3260 4886 3615 4955 δεικνύμενον.
3667 4879 3717 4930 Ὀ
3738 4875 3819 4942 γὰρ

2327 4985 2496 5053 Ἀδὰμ
2525 4984 2618 5035 καὶ
2645 4984 2672 5035 6
2712 4982 2867 5035 Ἀδὲλ
2897 4983 2953 5032 ὲν
2994 4981 3071 5051 τῷ
3101 4981 3242 5049 λόγῳ
3290 4980 3389 5048 τῆς
3433 4978 3647 5047 φύσεως,
3678 4965 3742 5030 εἷς
3781 4964 3817 5015 οί

2308 5075 2403 5128 δύο
2428 5073 2559 5126 εἰσίν
2578 5089 2594 5105 ’
2620 5074 2676 5126 ἐν
2705 5073 2760 5126 δὲ
2782 5075 2892 5135 τοῖς
2924 5070 3402 5141 ἐπιθεωρουμένοις
3434 5066 3657 5133 ἑκατέρῳ
3680 5054 3817 5110 αὐτῶν

2315 5165 2615 5235 ίδιώμασιν,
2662 5164 2962 5233 ἀσύγχυτον
3009 5161 3187 5231 ἔχουσι
3235 5160 3332 5228 τὴν
3370 5159 3459 5211 ἀπ’
3488 5154 3705 5223 ἀλλήλων
3732 5144 3819 5197 διάο

2311 5275 2512 5328 κρισιν.
2561 5254 2766 5308 Οὐκοῦν
2795 5256 2893 5307 οὐκ
2920 5254 3033 5305 ἔστι
3058 5252 3257 5325 κυρίως
3295 5253 3482 5311 εἰπεῖν,
3510 5250 3584 5301 ὅτι
3622 5245 3647 5295 6
3686 5238 3817 5302 Ἀδὰμ

2310 5352 2497 5403 οὐσίαν
2527 5350 2653 5417 παρ’
2685 5348 2846 5400 αὐτὸν
2876 5347 3040 5415 ἄλλην
3062 5345 3363 5414 ἐγέννησεν,
3394 5340 3521 5395 ἀλλά
3560 5334 3731 5407 μᾶλλον
3756 5330 3816 5417 δτι

2311 5440 2368 5505 ἐξ
2405 5416 2912 5506 ἑαυτοῡίὲγέννησεν
2936 5436 3091 5491 ἄλλον
3123 5436 3310 5489 ἑαυτόν
3339 5451 3351 5464 ·
3384 5427 3426 5500 ᾧ
3452 5432 3551 5492 πᾶς
3572 5428 3597 5480 6
3632 5426 3714 5492 τῆς
3744 5416 3815 5506 τῗῦ

2308 5533 2664 5601 γεννήσαντος
2713 5529 2897 5591 οὐσίας
2937 5526 3304 5597 συναπετέχθη
3339 5524 3507 5591 λόγοςο
3558 5520 3709 5583 Ὅπερ
3746 5503 3815 5601 οξν

2308 5598 2399 5673 ἐπὶ
2425 5598 2525 5691 της
2576 5620 2919 5691 ἀνθρωπίνης
2959 5619 3345 5691 μεμαθήκαμεν
3388 5614 3608 5685 φύσεως,
3634 5604 3706 5659 διὰ
3742 5598 3815 5666 τῆς
