3922 6480
122 327 206 384 ΞΒ

1178 331 1461 388 CONTRA
1501 327 1892 398 EUMONIUM,
1934 331 2064 387 LIB.
2129 331 2219 388 lli.

3223 329 3329 386 594

120 447 232 507 ιατά
256 446 309 499 τὸ
335 446 620 503 ἀκόλουθον
651 449 758 503 ὑπο
785 449 880 504 τοῦ
900 451 1057 518 λόγου
1081 454 1490 526 προδειχθείσης
1511 455 1640 524 ἡμῖν

1749 461 1940 508 natura
1973 455 2211 509 humana
2231 438 2560 518 didicimus,
2603 468 2667 508 ea
2707 449 3118 522 consequentia
3153 449 3330 507 dedi:-

116 539 316 609 ὁόηγίας,
364 539 522 593 τοῦτο
553 538 700 610 οἶμαι
725 543 834 595 δεῖν
861 543 953 597 καὶ
983 545 1076 598 ἐπὶ
1108 545 1204 616 τὴν
1235 547 1510 618 ἀκήρατον
1539 548 1648 600 τῶν

119 635 244 684 eum
269 631 548 699 δογμάτων
573 635 896 706 κατανόησιν
922 639 1001 700 είς
1030 637 1252 708 ὁδηγίαν
1280 639 1483 692 λαϐεῖν.
1538 620 1650 692 Ili-

120 743 197 776 σαν
218 724 311 792 γάρ
334 725 582 796 σαρκώδη
612 726 704 779 καὶ
728 727 916 798 ὑλικὴν
945 729 1150 784 ἔννοιαν
1170 732 1275 784 τῶν
1296 732 1453 785 θείων
1478 749 1536 784 τε
1556 733 1650 786 καὶ

117 814 297 883 ὐᾲηὶών
326 816 610 884 δογμάτων
633 819 1073 891 ἀποσεισάμενοι,
1104 823 1517 892 ἀσφαλεστάτην
1537 823 1652 890 ἕξοι-

119 927 196 976 μεν
235 906 314 960 διὰ
363 906 458 959 τοῦ
511 909 978 981 καταλειπομένου
1026 914 1316 982 νοήματος,
1379 915 1506 968 ὅταν
1561 915 1651 966 ἐκ·

116 994 318 1062 καθαρθῇ
359 995 470 1045 τῶν
514 997 801 1063 τοιούτων,
857 1000 952 1069 τὴν
998 1001 1090 1054 ἐπὶ
1129 1003 1200 1055 τά
1239 1004 1415 1074 ὑψηλά
1461 1021 1520 1057 τε
1559 1006 1652 1057 καὶ

115 1087 340 1156 ἀπρόσιτα
367 1089 764 1157 χειραγωγίαν.
827 1091 1193 1162 Ὁμολογεῖται
1231 1096 1339 1167 γὰρ
1372 1097 1465 1150 καὶ
1502 1097 1651 1168 παρὰ

112 1175 193 1228 τῶν
221 1177 468 1229 ἐναντίων
493 1178 588 1230 τὸν
617 1181 711 1232 ἐπὶ
736 1182 950 1236 πάντων
981 1185 1107 1237 ὄντα
1131 1185 1281 1250 Θεὸν,
1316 1188 1533 1259 Πατέρα
1557 1189 1649 1242 τοῦ

117 1261 410 1330 Μοωγενοῦς
453 1260 562 1315 καὶ
605 1266 746 1324 εἶναι
791 1274 884 1326 καὶ
925 1273 1206 1342 λέγεσθαι,
1255 1278 1389 1332 ἀλλὰ
1433 1282 1527 1332 καὶ
1559 1279 1650 1332 τὸν

112 1358 344 1426 Μονογενῆ
367 1359 503 1412 Θεὸν
535 1361 628 1414 τὸν
663 1364 726 1416 ἐκ
754 1363 846 1416 τοῦ
878 1367 1087 1430 Πατρὸς
1112 1368 1259 1431 ὄντα,
1285 1373 1538 1440 γεννητὸν
1564 1373 1651 1426 διὰ

111 1447 155 1497 τὸ
175 1447 478 1516 γεννηθῆναι
503 1450 983 1520 κατονομαζουσιν.
1048 1456 1199 1509 Ἐπεὶ
1228 1455 1321 1511 οὖν
1359 1462 1415 1511 ἐν
1445 1461 1652 1531 ἀνθρώ-

114 1555 202 1599 ποις
225 1539 279 1590 τὸ
312 1540 404 1590 τοῦ
445 1543 664 1611 πατρὸς
689 1544 857 1614 ὄνομα
886 1546 1316 1619 συνεζευγμένας
1349 1551 1459 1622 ἔχει
1497 1554 1650 1616 τινὰς

113 1629 348 1697 ἐμφάσεις,
377 1624 453 1683 ὧν
486 1632 520 1700 ἡ
553 1625 832 1704 ἀκηρατὸς
859 1637 1209 1709 ἠλλοτρίωται
1241 1642 1400 1707 φύσις
1423 1661 1438 1674 ο
1459 1645 1649 1698 -πάντα

113 1722 325 1788 πφσήκει
353 1725 454 1774 ὅσα
487 1726 624 1795 περὶ
671 1727 768 1797 τὴν
811 1729 1061 1802 σαρκώδη
1093 1733 1186 1785 τοῦ
1229 1735 1436 1806 πατρὸς
1469 1755 1532 1807 ση
1545 1755 1640 1806 μαο

1750 546 1933 600 ctione
1971 563 2092 614 quae
2123 553 2250 601 ante
2291 561 2320 599 a
2360 547 2518 602 nobis
2546 546 2761 601 ratione
2794 545 3174 604 demonstrata
3203 549 3324 606 est,

1751 638 1855 692 hoc
1879 638 2040 690 etiam
2059 679 2073 702 ,
2104 648 2160 691 ut
2183 637 2396 693 facilius
2422 638 2490 693 ad
2514 637 2986 707 iucorruptibilem
3012 636 3324 690 divinorum

1751 729 2094 783 decretorum
2125 729 2488 801 cognitionem
2524 724 2810 792 ducamur,
2848 727 3178 782 sumendum
3204 742 3340 782 esse

1752 819 2006 872 arbitror.
2031 817 2164 871 Nam
2192 834 2315 872 cum
2344 833 2558 872 onmem
2590 818 2873 872 carnalem
2902 824 2956 872 et
2989 817 3329 871 materialem

1752 924 1782 962 a
1810 908 2011 962 divi-nis
2043 916 2097 962 et
2128 907 2364 962 excelsis
2413 907 2651 966 decretis
2701 905 3102 962 removerimus
3150 906 3329 960 notio-

1753 1015 1913 1063 nem,
1949 1015 2015 1053 cx
2048 1000 2258 1070 reliquo
2299 999 2498 1053 mentis
2551 1007 2810 1069 perceptu
2855 990 3058 1052 talibus
3103 1012 3331 1068 perpur-

1751 1099 1896 1160 gato,
1928 1090 2001 1144 ad
2027 1092 2279 1144 sublimia
2305 1100 2358 1145 et
2389 1083 2681 1146 inaccessa
2703 1100 2909 1146 certam
2940 1097 2995 1145 et
3022 1089 3342 1160 expeditam.

1752 1183 1897 1235 viam
1933 1181 2277 1237 habebimus.
2311 1183 2627 1237 Adversarii
2671 1183 2816 1238 enim
2845 1182 3180 1236 conﬁtentur
3205 1195 3330 1236 eum

1752 1275 1844 1344 qui
1881 1274 1935 1328 in
1969 1275 2222 1328 omnibus
2251 1283 2336 1328 est
2367 1273 2508 1329 Deus
2530 1316 2542 1336 ,
2571 1274 2784 1330 Patrem
2811 1274 3092 1344 Unigeniti
3128 1282 3182 1328 et
3209 1287 3334 1328 esse

1752 1375 1806 1419 ct
1850 1365 1993 1428 dici,
2027 1367 2326 1434 quinetiam
2359 1366 2704 1435 unigenitum
2750 1365 2919 1420 Deum
2955 1365 3048 1436 qui
3075 1380 3140 1420 ex
3175 1363 3349 1418 Patro

1750 1467 1865 1525 est,
1896 1467 2182 1528 propterea
2213 1458 2355 1527 quod
2395 1470 2474 1513 εει
2507 1459 2748 1526 genitus,
2785 1473 2912 1512 eum
2953 1457 3204 1527 genitum
3234 1471 3339 1509 no-

1751 1551 1979 1606 minant.
2011 1550 2279 1616 Quoniam
2313 1565 2444 1605 vero
2475 1552 2644 1627 patris
2671 1558 2867 1624 nomen
2905 1550 3050 1603 inter
3083 1549 3348 1604 homines

1749 1643 2072 1710 conjunctas
2097 1659 2280 1699 secum
2315 1643 2478 1698 habet
2503 1642 2769 1713 quasdam
2797 1642 3107 1712 emphases,
3132 1641 3186 1694 id
3210 1649 3295 1695 est
3315 1679 3330 1703 ,

1751 1733 2200 1805 significationes.
2233 1751 2262 1788 a
2293 1735 2496 1805 quibus
2527 1735 2855 1789 immortalis
2881 1743 3073 1789 natura
3105 1718 3344 1804 prorsus

114 1808 200 1859 τίαν
225 1809 369 1862 ὑλικά
397 1814 658 1882 νοήματα
680 1819 1101 1888 συνεισέρχεται,
1124 1824 1508 1888 καταλίποντα,
1534 1825 1640 1879 θεο·

1752 1833 1837 1880 est
1870 1825 2070 1880 aliena:
2109 1841 2296 1880 omnes
2325 1841 2445 1895 quae
2474 1828 2619 1881 circa
2647 1827 2922 1882 carnalem
2959 1827 3136 1893 patris
3164 1826 3344 1895 signi--

115 1901 254 1968 πρεπῆ
281 1919 395 1955 τινα
433 1903 684 1959 διάνοιαν
722 1911 1058 1984 ὲμφαντικὴν
1095 1914 1262 1984 μόνης
1294 1916 1391 1986 τῆς
1432 1919 1649 1989 γνησιό-

111 2006 233 2058 τητος
257 1993 343 2044 ἐπὶ
375 1994 469 2046 τού
493 1996 639 2050 Θεοῦ
666 2001 758 2052 καὶ
783 2002 994 2073 Πατρὸς
1022 2005 1450 2063 ὲντυπὼσασοαι.
1501 2012 1649 2065 Ἐπεὶ

112 2082 247 2132 νῦνού
278 2083 432 2152 μόνον
462 2087 574 2139 ὅσα
609 2089 641 2158 ἡ
677 2090 813 2160 σὰρξ
843 2096 982 2146 νοεῖν
1007 2095 1315 2150 ὑποτίθεται
1345 2103 1409 2171 τῇ
1439 2101 1530 2154 τοῦ
1559 2105 1650 2155 ἀνι
1687 2097 1689 2099 ’

111 2169 333 2236 θρωπίνου
368 2179 584 2246 πατρὸς
626 2182 804 2253 ἐννοίᾳ.
845 2187 1456 2258 συγκαταλαμϐάνεται,
1514 2194 1648 2249 ἀλλά

112 2262 179 2313 καὶ
197 2264 589 2339 διαστηματική
624 2290 706 2328 τις
731 2274 905 2327 ἔννοια
929 2283 1316 2335 συνεπινοεῖται
1346 2284 1560 2349 πάντως
1581 2290 1644 2358 τῇ

111 2355 369 2430 ἀιθρωπίνη
403 2362 737 2433 πατρὸτητι,
783 2366 959 2431 καλῶς
1001 2369 1066 2422 ἂν
1093 2370 1205 2440 ἔχοι
1235 2371 1312 2442 τῷ
1353 2377 1648 2446 σωματικῷ

113 2448 229 2515 ῥύπῳ
269 2451 357 2502 καὶ
397 2451 500 2522 τὴν
530 2455 972 2529 διαστηματικὴν
1004 2460 1210 2514 ἔννοιαν
1247 2465 1468 2538 ὲπὶ·τῆς
1497 2467 1646 2532 θείας

112 2541 480 2595 τιναποὸἀλλειν
535 2549 867 2616 γεννήσεως,
923 2550 1000 2614 ὡς
1051 2551 1119 2604 ἂν
1169 2557 1499 2626 πανταχόθεν
1549 2562 1644 2612 ὲκ·

112 2628 380 2701 =1qu:qu
409 2633 511 2702 τῆς
541 2636 738 2704 ὑλικῆς
763 2638 1039 2704 ἰδιότητος,
1057 2643 1348 2714 καθαρεύει
1371 2649 1566 2713 παντὸς
1583 2651 1640 2704 ού

111 2721 230 2786 μόνον
254 2723 560 2792 ἐμπαθοῦς,
599 2727 736 2779 ἀλλά
764 2731 853 2781 καὶ
895 2730 1318 2803 διαστηματικοῦ
1353 2740 1642 2808 νοήματος,

109 2812 450 2885 ήύπερέχουσα
488 2819 770 2891 γέννησις.
833 2821 1043 2876 Ούκοῦν
1075 2828 1102 2879 ὁ
1139 2829 1358 2900 Πατέρα
1397 2814 1487 2884 τὸν
1514 2833 1645 2887 Θεὸν

108 2902 254 2971 λέγων,
279 2911 339 2978 τῇ
374 2909 468 2962 τοῦ
507 2905 655 2964 εἶναι
690 2913 780 2965 τὸν
804 2912 935 2966 Θεὸν
968 2917 1164 2988 ἐννοίᾳ,
1202 2921 1295 2973 καὶ
1331 2924 1396 2978 τό
1423 2940 1473 2976 τι
1505 2920 1643 2979 εἶναι

112 2999 554 3070 σιμπεριλήψεται.
583 2996 653 3072 ᾮ
687 3004 795 3074 γὰρ
819 3005 927 3058 ἀπό
961 3025 1102 3072 τινος
1135 3011 1308 3081 ἀρχῆς
1343 3013 1459 3065 ἐστι
1486 3015 1551 3067 τὸ·
1571 3013 1644 3068 εἷ-

109 3104 186 3147 ναι,
206 3090 356 3161 τούτῳ
383 3093 478 3146 καὶ
513 3095 586 3147 τό
615 3112 666 3147 τι
687 3093 824 3149 εἶναι
858 3099 1072 3163 πάντως
1092 3104 1199 3157 ἀπό
1220 3121 1360 3168 τινος
1391 3107 1637 3178 ἄρχεται·

112 3179 172 3246 ἐφ’
192 3176 241 3234 οὗ
273 3181 322 3234 δὲ
348 3183 407 3235 τὸ
439 3179 592 3236 εἶναι
630 3188 729 3240 οὐκ
762 3189 982 3259 ἤρξατο,
1019 3193 1137 3246 οὐδὲ
1178 3196 1234 3248 εί
1262 3215 1314 3251 τι
1353 3176 1638 3273 ἄλλοπερὶ

111 3271 228 3365 Eheu
244 3273 546 3365 θεωρεῖται,
563 3277 670 3330 ἀπό
690 3296 831 3344 τινος
849 3283 948 3352 τὴν
969 3284 1141 3357 ἀρχὴν
1168 3287 1300 3358 ἔχει.
1344 3291 1503 3344 Ἀλλὰ
1535 3271 1638 3365 μην

111 3359 253 3431 Πατὴρ
281 3364 474 3426 όΘεὸς,
506 3366 712 3419 οὐκοῦν
741 3368 800 3432 ἐξ
832 3371 1001 3424 ἀϊδίου
1037 3375 1183 3427 ἐστὶν
1206 3378 1343 3448 ὅπερ
1364 3359 1637 3436 ἔστιν.⁷
1671 3376 1674 3379 ’

112 3453 186 3544 γὰρ
203 3456 410 3521 ἐγένετο,
430 3458 558 3510 ἀλλ’
581 3458 933 3532 ἓστιῐῐατήρ·
966 3466 1056 3518 ἐπὶ
1076 3467 1210 3520 Θεοῦ
1244 3469 1396 3542 γάρό
1426 3468 1513 3544 ἦν,
1545 3477 1639 3527 καὶ

112 3540 191 3593 ἔστι
214 3547 465 3601 καὶ-ἕσται
488 3566 500 3576 ·
553 3551 601 3602 εί
623 3550 677 3602 δέ
710 3553 762 3604 τί
786 3569 913 3606 ποτε
944 3557 1016 3627 μὴ
1056 3553 1143 3629 ἦν,
1197 3540 1489 3616 οὔτε-ἐστιν
1515 3565 1638 3620 οὗτε

112 3634 250 3728 Ισται·
277 3641 331 3692 ού
354 3643 461 3713 γὰρ
473 3644 724 3698 τοιούτου
747 3647 886 3709 τινὸς
909 3650 1258 3706 πεπίστευται
1276 3651 1410 3708 εἶναι
1428 3657 1635 3728 Πατὴρ,

112 3718 154 3775 ὦ
176 3731 314 3799 χωρὶς
340 3733 573 3798 εὐσεϐές
614 3737 761 3788 ἐστιν
787 3741 871 3806 ἐφ’
901 3739 1090 3793 ἑαυτοῦ
1123 3760 1249 3796 ποτε
1287 3745 1379 3798 τὸν
1411 3746 1542 3800 Θεὸν
1563 3743 1639 3800 εἴ·

113 3834 172 3870 ναι
192 3821 362 3889 λέγειν.
409 3826 578 3896 Ζωῆς
599 3827 708 3898 γάρ
733 3830 846 3882 ἐστι
874 3834 1054 3904 πατὴρ
1076 3836 1102 3886 ό
1135 3837 1343 3906 Πατὴρ,
1385 3839 1637 3910 ἀληθείας

111 3921 152 3958 τε
169 3911 240 3961 καὶ
264 3914 462 3981 σοφίας,
493 3916 597 3968 καὶ
619 3917 796 3984 φωτὸς
816 3919 905 3971 καὶ
927 3921 1197 3991 ἀγιασμοῦ
1225 3915 1634 3995 καὶδυνάμεως,

113 4000 177 4049 ul.
194 4003 383 4058 πάντων
408 4007 528 4060 τῶν
555 4007 829 4074 τοιούτων,
869 4012 969 4064 ὅσα
1002 4014 1031 4064 ὁ
1071 4015 1378 4086 Μονογενής
1405 4019 1518 4070 ἐστι
1545 4021 1636 4072 καὶ

113 4091 578 4160 ἀομάζεται.”οταν
597 4100 774 4153 τοίνυν
794 4104 940 4174 παρὰ
952 4104 1058 4158 τῶν
1075 4107 1280 4178 ἐχθρῶν
1294 4112 1636 4164 κατασκευά-

114 4179 226 4249 ξτζτσι
261 4187 314 4238 τὸ
343 4190 414 4259 μὴ
460 4185 610 4242 εἷναί
643 4207 771 4244 ποτε
805 4193 938 4261 φῶς,
973 4195 1071 4248 ούκ
1103 4193 1238 4260 οἴδα,
1269 4199 1413 4262 τίνος
1437 4200 1635 4254 πλείων

113 4268 222 4362 ἐστὶν
239 4278 267 4344 ὴ
295 4277 481 4348 ζημία,
527 4279 756 4350 πότερον
776 4283 941 4335 αὐτοῦ
973 4286 1067 4338 τοῦ
1093 4288 1287 4354 φωτὸς,
1317 4289 1444 4342 ὅταν
1475 4291 1548 4362 μὴ
1576 4292 1635 4344 τὸ

264 4367 293 4438 ἢ
312 4369 402 4420 τοῦ
417 4369 664 4440 ἔχοντος,
679 4369 808 4424 ὅταν
822 4365 998 4442 μὴέχη
1012 4370 1068 4424 τὸ
1080 4373 1194 4439 φῶς
1203 4409 1218 4424 .
1229 4377 1383 4432 Οὕτω
1397 4359 1492 4433 καί
1507 4359 1572 4434 πε
1581 4382 1632 4454 ρὶ

1752 1917 2024 1972 ﬁcantiam
2079 1927 2418 1973 concurrunt
2463 1919 2785 1974 materiales
2813 1930 3115 1990 conceptus
3158 1919 3350 1973 relin-~

1751 2018 2038 2080 quentem,
2071 2000 2232 2065 decet
2256 1997 2553 2080 quamdam
2593 2011 2700 2065 Deo
2730 2012 2981 2066 decoram
3021 2012 3331 2079 intelligi-n-

1751 2103 1876 2155 tiam
1909 2097 2080 2157 solius
2107 2102 2492 2170 germanitatis
2525 2101 2759 2166 indicem
2783 2144 2795 2161 .
2829 2104 2881 2155 in
2927 2102 3034 2154 Duo
3082 2111 3144 2155 ct!
3172 2101 3350 2156 Patre-

1751 2193 2066 2248 iul’ormare.
2099 2193 2552 2262 Quandoquidem
2599 2195 2764 2263 igitur
2805 2210 2910 2247 non
2956 2193 3136 2247 solum
3181 2207 3333 2260 qua:-

1748 2298 1981 2353 cumque
2029 2297 2159 2337 caro
2209 2284 2516 2353 intelligere
2571 2285 2843 2353 suggerit,
2899 2285 3092 2338 notitia
3152 2285 3328 2352 patris

1747 2375 1970 2428 hmnani
2005 2374 2562 2443 comprehenduntur,
2597 2375 2690 2440 sed
2723 2377 2887 2430 etiam
2923 2373 3211 2431 intervallo
3239 2375 3326 2427 di-

1746 2465 1946 2519 stincta
1980 2465 2224 2536 qua'dam
2253 2465 2405 2519 notio
2433 2481 2558 2518 cum
2589 2461 2920 2535 paternitate
2951 2465 3188 2518 humana
3213 2462 3334 2517 om-

1745 2559 1876 2612 nino
1907 2565 2089 2611 mente
2117 2557 2452 2625 concipitur,
2484 2557 2744 2626 praeclare
2773 2557 2969 2610 habeat
2994 2597 3009 2620 ,
3049 2555 3102 2608 in
3133 2556 3333 2613 divinae

1743 2647 2111 2718 generationis
2137 2645 2596 2714 contemplatione
2623 2661 2730 2698 una
2757 2660 2881 2699 cum
2907 2644 3186 2712 corporeis
3206 2658 3330 2698 sor-

1743 2741 1906 2794 dibus
1949 2740 2098 2793 illam
2129 2739 2292 2793 etiam
2336 2737 2740 2791 intervallarem
2784 2737 3062 2790 notionem
3109 2737 3332 2805 penitus

1744 2831 2010 2899 abjicere,
2045 2839 2102 2883 ut
2129 2833 2280 2883 omni
2312 2845 2376 2883 ex
2415 2838 2569 2898 parte
2597 2829 2743 2882 eluta
2780 2827 3044 2881 materiali
3081 2827 3346 2897 proprie--

1743 2929 1882 2985 tate,
1922 2922 2014 2976 illa
2047 2923 2468 2991 supereminens
2497 2922 2779 2991 generatio
2815 2935 2922 2974 non
2961 2921 3138 2974 solum
3171 2921 3323 2973 omni

1741 3013 1996 3077 turbido,
2048 3011 2144 3067 sed
2192 3015 2355 3066 etiam
2404 3013 2690 3066 intervallo
2734 3009 2996 3064 distincto
3049 3009 3342 3062 intellectiv

1747 3110 1879 3175 pura
1903 3106 1995 3159 sit.
2023 3103 2163 3173 Ergo
2189 3105 2280 3173 qui
2307 3102 2523 3157 Patrem
2555 3102 2723 3157 Deum
2755 3101 2924 3163 dicit,
2954 3101 3150 3154 notitia
3179 3101 3338 3169 quod

1746 3196 1888 3252 Dens
1911 3197 2014 3262 sit,
2033 3203 2086 3251 et
2107 3195 2257 3266 quod
2276 3195 2348 3249 sit
2374 3193 2578 3264 aliquid
2605 3194 3020 3264 complectetur.
3054 3192 3153 3248 Cui
3177 3193 3321 3247 enim

1742 3289 1812 3344 ab
1838 3289 2023 3358 aliquo
2052 3287 2321 3357 principio
2349 3295 2464 3350 est,
2500 3293 2560 3340 ut
2589 3285 2700 3348 sit,
2730 3285 2856 3339 huic
2882 3283 3172 3353 et'aliqiiid
3202 3298 3328 3338 esse

1740 3379 1962 3432 omnino
1996 3377 2064 3431 ab
2097 3377 2278 3446 aliquo
2313 3375 2547 3446 incipit:
2583 3377 2638 3430 in
2673 3391 2781 3444 quo
2831 3385 3010 3430 autem
3052 3390 3172 3429 esse
3217 3389 3326 3428 non

1740 3470 1939 3539 coepit,
1969 3484 2148 3538 neque
2174 3469 2219 3522 si
2244 3467 2374 3536 quid
2407 3466 2556 3522 aliud
2586 3467 2639 3520 in
2674 3468 2792 3537 ipso
2825 3465 3226 3532 consideretur,
3255 3465 3327 3520 ab

1741 3563 1924 3631 aliquo
1964 3559 2292 3629 principium
2325 3558 2504 3612 habet.
2537 3557 2606 3611 At
2637 3556 2795 3611 Pater
2823 3567 2906 3612 est
2938 3557 3116 3624 Deus,
3152 3558 3320 3628 igitur

1741 3649 1810 3700 ab
1837 3655 2042 3700 aeterno
2075 3654 2159 3700 est
2185 3645 2329 3714 quod
2358 3653 2472 3706 est,
2502 3661 2611 3699 non
2641 3647 2799 3699 enim-
2820 3654 2904 3702 est
2935 3647 3182 3717 genitus,
3224 3646 3318 3701 sed

1741 3737 1901 3791 Pater
1927 3744 2032 3791 est.
2064 3737 2121 3788 ln
2157 3734 2264 3788 Deo
2297 3734 2442 3788 enim
2476 3735 2619 3804 quod
2659 3735 2794 3798 fuit,
2843 3744 2930 3790 cst
2976 3745 3032 3790 et
3081 3739 3206 3804 erit.
3259 3736 3318 3790 Si

1741 3837 1922 3884 autem
1957 3827 2085 3896 quid
2114 3825 2406 3894 aliquando
2433 3840 2540 3903 non
2585 3825 2717 3887 fuit,
2769 3841 2945 3896 neque
2978 3823 3096 3898 est,
3142 3841 3319 3895 neque

1737 3924 1880 3978 erit:
1923 3936 2033 3975 non
2077 3923 2223 3975 enim
2255 3921 2380 3974 talis
2427 3920 2662 3986 alicujus
2697 3919 2858 3974 Pater
2909 3934 3032 3986 esse
3077 3919 3322 3974 creditus

1738 4023 1854 4078 est,
1889 4027 1999 4081 quo
2033 4012 2151 4065 sine
2187 4010 2332 4078 pium
2365 4009 2458 4063 est
2484 4010 2536 4062 in
2590 4009 2770 4076 seipso
2822 4009 3118 4080 aliquando
3151 4009 3318 4064 Deum

1737 4119 1860 4160 esse
1888 4104 2090 4158 dicere.
2147 4102 2282 4155 Vita:
2321 4100 2465 4154 enim
2511 4109 2594 4161 cst
2647 4109 2816 4166 pater,
2854 4099 2946 4170 qui
2995 4107 3079 4152 est
3134 4098 3317 4161 Pater,

1736 4195 2094 4262 veritatisque
2121 4201 2174 4247 et
2207 4191 2518 4261 sapientiae,
2553 4200 2607 4245 et
2637 4192 2774 4245 lucis
2824 4201 2880 4244 et
2925 4190 3315 4246 sanctiﬁcatio-
3353 4226 3358 4232 -

1735 4287 1822 4340 nis
1865 4297 1921 4340 et
1964 4284 2220 4347 virtutis,
2264 4282 2622 4351 omniumque
2664 4281 2935 4349 ejusmodi
2962 4298 3083 4351 quas
3119 4280 3318 4352 Unige-

1736 4379 1884 4435 nitus
1914 4384 2000 4433 est
2029 4384 2083 4432 et
2114 4362 2448 4430 nominatur.
2484 4374 2617 4428 Cum
2654 4374 2820 4442 igitur
2860 4375 2928 4428 ab
2974 4374 3312 4430 adversariis

110 4452 179 4519 τῆς
193 4455 312 4527 ζωῆς
333 4462 421 4513 καὶ
449 4461 559 4530 τῆς
575 4460 832 4529 ἀληθείας
855 4464 947 4514 καὶ
970 4467 1070 4534 τῆς
1089 4463 1386 4537 δυνάμεως,
1411 4452 1629 4541 καὶτῶν

1742 4471 2008 4528 astruitur
2035 4470 2210 4523 lucem
2245 4482 2356 4522 non
2390 4467 2685 4538 aliquando
2708 4465 2877 4522 fuisse
2905 4465 2924 4521 ε’
2948 4468 3130 4524 nescio
3156 4467 3317 4535 cujus

112 4541 241 4599 ἀλλων
269 4551 472 4604 πάντων
497 4552 605 4604 ὅσα
627 4551 718 4604 τὸν
750 4553 1010 4624 πατρικὸν
1031 4553 1230 4626 πληροῖ
1258 4559 1454 4614 κόλπον
1474 4563 1502 4614 ὸ
1525 4564 1630 4616 Μο-

111 4634 298 4705 νητενὴς,
330 4641 385 4691 ὲν
416 4639 498 4710 τῷ
533 4640 650 4710 ἰδίῳ
700 4640 1026 4712 πληρώματι
1054 4643 1120 4697 τὰ
1156 4647 1331 4700 πάντα
1357 4648 1452 4702 ὧν.
1507 4652 1625 4724 Ἵση

112 4724 188 4795 γὰρ
207 4730 307 4782 καθ’
334 4733 597 4804 έκάτερόν
625 4735 769 4787 ἐστιν
794 4737 827 4806 ἡ
858 4736 1074 4798 ἀτοπία,
1115 4740 1208 4791 καὶ
1234 4741 1332 4809 τῆς
1366 4743 1504 4796 κατά
1531 4745 1626 4798 τοῦ

114 4813 206 4905 Υἱοῦ
246 4819 588 4894 βλασφημίας
635 4825 958 4896 ἀντίρροπος
1010 4831 1042 4898 ἡ
1088 4829 1230 4882 κατὰ
1273 4833 1367 4885 τοῦ
1418 4835 1630 4905 Πατρός

112 4904 220 4959 ἐπιν
257 4913 490 4968 ἀσέϐεια,
572 4915 664 4968 Ἐν
705 4916 812 4986 γὰρ
849 4916 925 4986 τῷ
972 4920 1144 4972 είπείν
1181 4939 1311 4974 ποτε
1367 4923 1443 4994 μὴ
1491 4904 1628 4981 εἶναί

112 4997 175 5048 τὸν
204 5003 405 5073 Κύριον,
436 5007 538 5076 οὐχ
571 5007 755 5070 ἁπλῶς
782 5008 973 5072 δώσεις
1001 5010 1091 5063 τού
1132 5012 1204 5081 μὴ
1240 5011 1376 5066 εἶναι
1404 5016 1505 5086 τὴν
1542 5018 1631 5071 δύ-

111 5104 249 5159 ναμιν,
288 5098 420 5151 ἀλλά
453 5099 549 5152 τοῦ
576 5100 712 5153 Θεοῦ
759 5100 832 5172 μὴ
877 5097 1014 5156 εἶναι
1040 5103 1212 5170 λέξεις
1237 5105 1336 5177 τὴν
1379 5107 1626 5180 δύναμιν,

111 5180 178 5231 τοῦ
200 5184 388 5257 Πατρός
421 5191 524 5259 τῆς
555 5190 857 5259 δυνάμεως.
915 5192 1120 5245 Οὐκοῦν
1149 5195 1182 5264 ἡ
1233 5195 1328 5248 τοῦ
1379 5198 1452 5267 μὴ
1489 5194 1628 5253 εἶναί

112 5288 207 5325 ποτε
233 5278 314 5329 τὸν
346 5280 476 5334 Υἰὸν
515 5281 602 5334 διὰ
651 5281 744 5334 τοῦ
777 5281 870 5335 σοῦ
899 5281 1056 5351 λόγου
1088 5289 1426 5358 κατασκευὴ,
1475 5290 1626 5343 οὐδὲν

111 5362 204 5416 ἄλλο
226 5367 254 5436 ἦ
281 5372 476 5434 παντὸς
509 5371 716 5440 ἀγαθοῦ
743 5373 975 5444 ἐρημίαν
1013 5375 1141 5446 περὶ
1168 5375 1258 5431 τὸν
1289 5379 1505 5450 Πατέρα
1528 5399 1628 5436 καο

109 5460 402 5524 τασκιυάζει.
435 5463 578 5533 Ὅρα
606 5463 692 5526 τίς
721 5465 857 5534 πρὸς
887 5466 916 5518 ὂ
935 5483 986 5518 τι
1017 5469 1378 5539 καταστρέφει
1397 5473 1504 5524 τῶν
1535 5491 1625 5527 σο-

111 5543 196 5636 ξῶν
219 5551 524 5624 ὴάγχίνοια.
557 5555 681 5619 Πῶς
711 5557 962 5630 ἀληθεύει
997 5561 1088 5613 καὶ
1111 5560 1198 5614 διὰ
1236 5561 1436 5619 τούτων
1464 5567 1498 5636 ’ή
1531 5567 1628 5629 τοῦ,

111 5633 275 5706 Κυρίου
304 5645 471 5715 φωνὴ,
505 5647 538 5717 ἦ
573 5664 755 5718 φησιν,
795 5649 876 5702 ὅτι
930 5649 983 5702 '0
1016 5650 1241 5706 ἀθετῶν
1279 5654 1402 5723 ἐμὲ,
1433 5633 1632 5712 ἀθετεῖ

112 5727 193 5779 τὸν
213 5731 632 5792 ἀποστείλαντά
656 5757 752 5808 με’
783 5740 848 5793 δι’
879 5735 952 5796 ὧν
986 5743 1092 5814 γὰρ
1120 5744 1177 5796 τὸ
1203 5745 1338 5798 εἷναί
1370 5764 1496 5801 ποτε
1529 5749 1620 5804 τοῦ

1733 4561 1907 4630 major
1935 4568 2020 4615 est
2042 4560 2284 4624 mulcta,
2321 4567 2502 4612 utrum
2555 4559 2726 4629 ipsius
2773 4559 2910 4613 lucis
2967 4560 3186 4629 quando
3225 4561 3316 4614 lux
3381 4598 3383 4600 -

1733 4668 1842 4708 non
1874 4659 2024 4715 erat,
2061 4665 2130 4704 an
2156 4649 2426 4714 habentis,
2449 4665 2573 4704 cum
2622 4649 2804 4704 lucem.
2843 4665 2951 4704 non
2997 4651 3176 4704 habet.
3225 4651 3316 4705 Sic

1731 4750 1788 4799 et
1819 4742 1887 4797 de
1921 4743 2034 4796 vita
2065 4748 2118 4795 et
2148 4740 2216 4794 de
2263 4741 2466 4796 virtute
2487 4781 2501 4804 ,
2553 4741 2784 4812 aliisque
2825 4743 3081 4797 omnibus
3113 4744 3314 4813 quibus

1733 4845 2016 4906 paternum
2065 4832 2245 4887 sinum
2288 4826 2613 4903 Unigen‘itus
2653 4833 2870 4904 implet,
2928 4835 3022 4904 qui
3076 4835 3129 4888 in
3186 4849 3314 4900 pro-

1734 4927 1852 4999 pria
1887 4925 2224 4997 plenitudine
2255 4934 2340 4980 est
2366 4927 2550 4979 omnia
2582 4944 2596 4992 ;
2631 4927 2860 4996 :equalis
2886 4927 3032 4982 enim
3068 4927 3123 4980 iu
3157 4935 3312 4980 utro—

1728 5035 1840 5090 que
1868 5027 1952 5074 est
1998 5018 2344 5078 absurditas,
2395 5026 2560 5088 atque
2616 5021 2668 5074 in
2712 5019 2909 5073 Filium
2960 5019 3316 5090 blasphemiae

1731 5110 2036 5182 aaquilihris
2066 5117 2151 5165 est
2192 5111 2456 5165 adversus
2497 5109 2715 5164 Patrem
2762 5111 3035 5181 impietas.
3068 5109 3312 5165 Dicendo

1730 5203 1876 5258 enim
1901 5201 2195 5271 aliquando
2217 5217 2326 5255 non
2355 5217 2476 5256 esse
2500 5201 2822 5267 Dominum,
2849 5219 2958 5257 non
2990 5203 3314 5273 simpliciter

1731 5295 1887 5350 dabis
1917 5309 2026 5349 non
2053 5309 2176 5348 esse
2200 5293 2496 5362 potentiam
2519 5333 2535 5356 ,
2573 5293 2668 5348 sed
2702 5292 2794 5348 Dei
2829 5310 2936 5348 non
2967 5309 3092 5349 esse
3119 5304 3312 5363 poten-

1734 5387 1864 5441 tiam
1895 5387 2080 5450 dices,
2129 5384 2314 5440 Patris
2342 5386 2618 5455 poteutite.
2655 5385 2828 5455 Igitur
2855 5402 2952 5456 per
2989 5397 3138 5456 tuam
3174 5401 3311 5446 rora-

1731 5479 1937 5533 tionem
1967 5477 2235 5544 assertio,
2268 5476 2412 5546 quod
2442 5477 2739 5546 aliquando
2773 5491 2881 5530 non
2918 5478 3081 5532 fuerit
3110 5476 3252 5531 Filiu
3289 5519 3306 5543 ,

1730 5571 1866 5625 nihil
1896 5570 2043 5624 aliud
2077 5585 2239 5640 quam
2267 5569 2445 5623 omnis
2471 5568 2598 5622 boni
2631 5569 2980 5628 solitudinem
3003 5609 3020 5633 ,
3056 5568 3173 5624 sive
3204 5569 3305 5625 de-

1733 5663 2024 5718 sertionem
2079 5661 2132 5715 in
2181 5659 2341 5714 Patre
2388 5659 2675 5715 construit.
2715 5658 2846 5724 Vide
2881 5676 3040 5731 quem
3094 5663 3300 5717 exitum

1731 5754 1892 5810 habet
1921 5754 2254 5826 sapientium.
2277 5752 2525 5820 solertia,
2555 5754 2828 5823 quomodo
2853 5770 3044 5810 verum
3074 5744 3306 5812 dicitde
