  <div class='ocr_page' id='page_1' title='image "/cluster/home/n/w/nwhite01/storage/ocr_20150623/45/hvd.32044019826437/305.png"; bbox 0 0 3922 6460; ppageno 0'>
   <div class='ocr_carea' id='block_1_1' title="bbox 588 316 696 375">
    <p class='ocr_par' dir='ltr' id='par_1_1' title="bbox 588 316 696 375">
     <span class='ocr_line' id='line_1_1' title="bbox 588 316 696 375; baseline 0.009 -2"><span class='ocrx_word' id='word_1_1' title='bbox 588 316 696 375; x_wconf 69' lang='lat'><strong>595</strong></span> 
     </span>
    </p>
   </div>
   <div class='ocr_carea' id='block_1_2' title="bbox 1808 291 3785 391">
    <p class='ocr_par' dir='ltr' id='par_1_2' title="bbox 1808 291 3785 391">
     <span class='ocr_line' id='line_1_2' title="bbox 1808 291 3785 391; baseline 0 -16"><span class='ocrx_word' id='word_1_2' title='bbox 1808 318 1868 375; x_wconf 90' lang='lat' dir='ltr'><strong>s.</strong></span> <span class='ocrx_word' id='word_1_3' title='bbox 1921 291 2250 379; x_wconf 74' lang='lat' dir='ltr'><strong>cnsconn</strong></span> <span class='ocrx_word' id='word_1_4' title='bbox 2283 321 2578 377; x_wconf 76' lang='lat' dir='ltr'><strong>NYSSENI</strong></span> <span class='ocrx_word' id='word_1_5' title='bbox 3702 333 3785 391; x_wconf 68' lang='grc' dir='ltr'><strong>ωε</strong></span> 
     </span>
    </p>
   </div>
   <div class='ocr_carea' id='block_1_3' title="bbox 589 433 2162 517">
    <p class='ocr_par' dir='ltr' id='par_1_3' title="bbox 589 433 2162 506">
     <span class='ocr_line' id='line_1_3' title="bbox 589 433 2162 506; baseline 0.001 -15"><span class='ocrx_word' id='word_1_6' title='bbox 589 435 678 491; x_wconf 85' lang='lat' dir='ltr'><strong>his</strong></span> <span class='ocrx_word' id='word_1_7' title='bbox 710 450 813 490; x_wconf 78' lang='lat' dir='ltr'><strong>vox</strong></span> <span class='ocrx_word' id='word_1_8' title='bbox 844 433 1060 490; x_wconf 84' lang='lat' dir='ltr'><strong>Domini</strong></span> <span class='ocrx_word' id='word_1_9' title='bbox 1094 451 1215 506; x_wconf 67' lang='lat' dir='ltr'><strong>qum</strong></span> <span class='ocrx_word' id='word_1_10' title='bbox 1247 436 1358 504; x_wconf 92' lang='lat' dir='ltr'><strong>ait,</strong></span> <span class='ocrx_word' id='word_1_11' title='bbox 1391 437 1498 503; x_wconf 82' lang='lat' dir='ltr'><strong>Qui</strong></span> <span class='ocrx_word' id='word_1_12' title='bbox 1533 455 1612 491; x_wconf 87' lang='lat' dir='ltr'><strong>me</strong></span> <span class='ocrx_word' id='word_1_13' title='bbox 1646 439 1878 506; x_wconf 77' lang='lat' dir='ltr'><strong>spernit,</strong></span> <span class='ocrx_word' id='word_1_14' title='bbox 1917 455 2035 492; x_wconf 84' lang='lat' dir='ltr'><strong>eum</strong></span> <span class='ocrx_word' id='word_1_15' title='bbox 2075 446 2162 506; x_wconf 82' lang='lat' dir='ltr'><strong>qui</strong></span> 
     </span>
    </p>
   </div>
   <div class='ocr_carea' id='block_1_4' title="bbox 2265 433 3786 517">
    <p class='ocr_par' dir='ltr' id='par_1_4' title="bbox 2266 433 3786 517">
     <span class='ocr_line' id='line_1_4' title="bbox 2266 433 3786 517; baseline 0.007 -27"><span class='ocrx_word' id='word_1_16' title='bbox 2266 440 2600 506; x_wconf 78' lang='grc' dir='ltr'>Μονογενοῦς</span> <span class='ocrx_word' id='word_1_17' title='bbox 2654 439 2934 503; x_wconf 73' lang='grc' dir='ltr'>ἀθετοῦσι,</span> <span class='ocrx_word' id='word_1_18' title='bbox 2986 433 3322 498; x_wconf 70' lang='grc' dir='ltr'>διὰτοῦτων</span> <span class='ocrx_word' id='word_1_19' title='bbox 3382 444 3681 517; x_wconf 74' lang='grc' dir='ltr'><strong>ἀτιμάζουσι</strong></span> <span class='ocrx_word' id='word_1_20' title='bbox 3713 451 3786 507; x_wconf 78' lang='grc' dir='ltr'>τὸν</span> 
     </span>
    </p>
   </div>
   <div class='ocr_carea' id='block_1_5' title="bbox 591 527 2170 599">
    <p class='ocr_par' dir='ltr' id='par_1_5' title="bbox 591 527 2170 599">
     <span class='ocr_line' id='line_1_5' title="bbox 591 527 2170 599; baseline 0 -18"><span class='ocrx_word' id='word_1_21' title='bbox 591 544 674 581; x_wconf 86' lang='lat' dir='ltr'><strong>me</strong></span> <span class='ocrx_word' id='word_1_22' title='bbox 719 527 865 581; x_wconf 73' lang='lat' dir='ltr'><strong>misit</strong></span> <span class='ocrx_word' id='word_1_23' title='bbox 914 529 1114 596; x_wconf 79' lang='lat' dir='ltr'><strong>spernit</strong></span> <span class='ocrx_word' id='word_1_24' title='bbox 1145 529 1367 598; x_wconf 76' lang='lat' dir='ltr'><strong>&quot;&#39;zper</strong></span> <span class='ocrx_word' id='word_1_25' title='bbox 1390 544 1511 598; x_wconf 75' lang='lat' dir='ltr'><strong>qua:</strong></span> <span class='ocrx_word' id='word_1_26' title='bbox 1547 530 1693 583; x_wconf 86' lang='lat' dir='ltr'><strong>enim</strong></span> <span class='ocrx_word' id='word_1_27' title='bbox 1747 529 2018 599; x_wconf 74' lang='lat' dir='ltr'><strong>Unigrniti</strong></span> <span class='ocrx_word' id='word_1_28' title='bbox 2048 548 2170 585; x_wconf 78' lang='lat' dir='ltr'><strong>esse</strong></span> 
     </span>
    </p>
   </div>
   <div class='ocr_carea' id='block_1_6' title="bbox 591 617 2164 689">
    <p class='ocr_par' dir='ltr' id='par_1_6' title="bbox 591 617 2164 689">
     <span class='ocr_line' id='line_1_6' title="bbox 591 617 2164 689; baseline 0.003 -19"><span class='ocrx_word' id='word_1_29' title='bbox 591 617 889 686; x_wconf 83' lang='lat' dir='ltr'><strong>aliquando</strong></span> <span class='ocrx_word' id='word_1_30' title='bbox 918 628 1308 687; x_wconf 77' lang='lat' dir='ltr'><strong>aspernantur,</strong></span> <span class='ocrx_word' id='word_1_31' title='bbox 1337 619 1551 674; x_wconf 89' lang='lat' dir='ltr'><strong>Patrem</strong></span> <span class='ocrx_word' id='word_1_32' title='bbox 1585 622 1762 689; x_wconf 90' lang='lat' dir='ltr'><strong>ipsum</strong></span> <span class='ocrx_word' id='word_1_33' title='bbox 1791 620 2123 675; x_wconf 81' lang='lat' dir='ltr'><strong>dedecorant</strong></span> <span class='ocrx_word' id='word_1_34' title='bbox 2152 643 2164 676; x_wconf 90' lang='lat'><strong>:</strong></span> 
     </span>
    </p>
   </div>
   <div class='ocr_carea' id='block_1_7' title="bbox 588 706 2167 780">
    <p class='ocr_par' dir='ltr' id='par_1_7' title="bbox 588 706 2167 780">
     <span class='ocr_line' id='line_1_7' title="bbox 588 706 2167 780; baseline 0.004 -23"><span class='ocrx_word' id='word_1_35' title='bbox 588 721 752 760; x_wconf 89' lang='lat' dir='ltr'><strong>omne</strong></span> <span class='ocrx_word' id='word_1_36' title='bbox 773 706 979 760; x_wconf 84' lang='lat' dir='ltr'><strong>bonum</strong></span> <span class='ocrx_word' id='word_1_37' title='bbox 998 721 1194 761; x_wconf 88' lang='lat' dir='ltr'><strong>nomen</strong></span> <span class='ocrx_word' id='word_1_38' title='bbox 1215 716 1269 761; x_wconf 89' lang='lat' dir='ltr'><strong>et</strong></span> <span class='ocrx_word' id='word_1_39' title='bbox 1294 708 1570 762; x_wconf 88' lang='lat' dir='ltr'><strong>notionem</strong></span> <span class='ocrx_word' id='word_1_40' title='bbox 1595 719 1836 778; x_wconf 69' lang='lat' dir='ltr'><strong>paterna:</strong></span> <span class='ocrx_word' id='word_1_41' title='bbox 1853 711 2036 780; x_wconf 65' lang='lat' dir='ltr'><strong>gloriae</strong></span> <span class='ocrx_word' id='word_1_42' title='bbox 2065 712 2167 765; x_wconf 82' lang='lat' dir='ltr'><strong>hoc</strong></span> 
     </span>
    </p>
   </div>
   <div class='ocr_carea' id='block_1_8' title="bbox 590 797 1280 867">
    <p class='ocr_par' dir='ltr' id='par_1_8' title="bbox 590 797 1280 867">
     <span class='ocr_line' id='line_1_8' title="bbox 590 797 1280 867; baseline 0.001 -17"><span class='ocrx_word' id='word_1_43' title='bbox 590 810 848 852; x_wconf 76' lang='lat' dir='ltr'><strong>sermone</strong></span> <span class='ocrx_word' id='word_1_44' title='bbox 879 797 1280 867; x_wconf 71' lang='lat' dir='ltr'><strong>dcprtcdantes.</strong></span> 
     </span>
    </p>
   </div>
   <div class='ocr_carea' id='block_1_9' title="bbox 662 886 2170 964">
    <p class='ocr_par' dir='ltr' id='par_1_9' title="bbox 662 886 2170 964">
     <span class='ocr_line' id='line_1_9' title="bbox 662 886 2170 964; baseline 0.005 -23"><span class='ocrx_word' id='word_1_45' title='bbox 662 886 740 942; x_wconf 81' lang='lat' dir='ltr'><strong>Ex</strong></span> <span class='ocrx_word' id='word_1_46' title='bbox 774 889 861 942; x_wconf 86' lang='lat' dir='ltr'><strong>his</strong></span> <span class='ocrx_word' id='word_1_47' title='bbox 891 889 1057 960; x_wconf 81' lang='lat' dir='ltr'><strong>igitur</strong></span> <span class='ocrx_word' id='word_1_48' title='bbox 1089 907 1212 960; x_wconf 73' lang='lat' dir='ltr'><strong>qua:</strong></span> <span class='ocrx_word' id='word_1_49' title='bbox 1239 891 1383 946; x_wconf 88' lang='lat' dir='ltr'><strong>dicta</strong></span> <span class='ocrx_word' id='word_1_50' title='bbox 1419 902 1582 956; x_wconf 89' lang='lat' dir='ltr'><strong>sunt,</strong></span> <span class='ocrx_word' id='word_1_51' title='bbox 1615 891 1900 946; x_wconf 84' lang='lat' dir='ltr'><strong>evidenter</strong></span> <span class='ocrx_word' id='word_1_52' title='bbox 1934 894 2170 964; x_wconf 87' lang='lat' dir='ltr'><strong>scripto-</strong></span> 
     </span>
    </p>
   </div>
   <div class='ocr_carea' id='block_1_10' title="bbox 591 979 2168 1053">
    <p class='ocr_par' dir='ltr' id='par_1_10' title="bbox 591 979 2168 1053">
     <span class='ocr_line' id='line_1_10' title="bbox 591 979 2168 1053; baseline 0.006 -23"><span class='ocrx_word' id='word_1_53' title='bbox 591 981 668 1033; x_wconf 88' lang='lat' dir='ltr'><strong>ris</strong></span> <span class='ocrx_word' id='word_1_54' title='bbox 731 979 1003 1034; x_wconf 73' lang='lat' dir='ltr'><strong>imbecilla</strong></span> <span class='ocrx_word' id='word_1_55' title='bbox 1054 991 1108 1036; x_wconf 90' lang='lat' dir='ltr'><strong>et</strong></span> <span class='ocrx_word' id='word_1_56' title='bbox 1158 982 1409 1051; x_wconf 86' lang='lat' dir='ltr'><strong>languida</strong></span> <span class='ocrx_word' id='word_1_57' title='bbox 1467 983 1782 1052; x_wconf 76' lang='lat' dir='ltr'><strong>malignitas</strong></span> <span class='ocrx_word' id='word_1_58' title='bbox 1831 982 2168 1053; x_wconf 85' lang='lat' dir='ltr'><strong>deprehensa</strong></span> 
     </span>
    </p>
   </div>
   <div class='ocr_carea' id='block_1_11' title="bbox 591 1075 2158 1149">
    <p class='ocr_par' dir='ltr' id='par_1_11' title="bbox 591 1075 2158 1149">
     <span class='ocr_line' id='line_1_11' title="bbox 591 1075 2158 1149; baseline 0.003 -22"><span class='ocrx_word' id='word_1_59' title='bbox 591 1081 714 1128; x_wconf 89' lang='lat' dir='ltr'><strong>est:</strong></span> <span class='ocrx_word' id='word_1_60' title='bbox 747 1075 840 1143; x_wconf 90' lang='lat' dir='ltr'><strong>qui</strong></span> <span class='ocrx_word' id='word_1_61' title='bbox 877 1075 1005 1128; x_wconf 93' lang='lat' dir='ltr'><strong>dum</strong></span> <span class='ocrx_word' id='word_1_62' title='bbox 1041 1084 1288 1131; x_wconf 84' lang='lat' dir='ltr'><strong>astruere</strong></span> <span class='ocrx_word' id='word_1_63' title='bbox 1319 1088 1553 1130; x_wconf 84' lang='lat' dir='ltr'><strong>conatur</strong></span> <span class='ocrx_word' id='word_1_64' title='bbox 1583 1079 1840 1133; x_wconf 75' lang='lat' dir='ltr'><strong>essentia:</strong></span> <span class='ocrx_word' id='word_1_65' title='bbox 1879 1078 2158 1149; x_wconf 84' lang='lat' dir='ltr'><strong>Unigeniti</strong></span> 
     </span>
    </p>
   </div>
   <div class='ocr_carea' id='block_1_12' title="bbox 592 1165 2166 1238">
    <p class='ocr_par' dir='ltr' id='par_1_12' title="bbox 592 1165 2166 1238">
     <span class='ocr_line' id='line_1_12' title="bbox 592 1165 2166 1238; baseline 0.004 -20"><span class='ocrx_word' id='word_1_66' title='bbox 592 1165 964 1221; x_wconf 78' lang='lat' dir='ltr'><strong>diversitatem</strong></span> <span class='ocrx_word' id='word_1_67' title='bbox 1001 1182 1028 1219; x_wconf 88' lang='lat' dir='ltr'><strong>a</strong></span> <span class='ocrx_word' id='word_1_68' title='bbox 1065 1178 1286 1236; x_wconf 86' lang='lat' dir='ltr'><strong>paterna</strong></span> <span class='ocrx_word' id='word_1_69' title='bbox 1314 1169 1590 1231; x_wconf 87' lang='lat' dir='ltr'><strong>essentia,</strong></span> <span class='ocrx_word' id='word_1_70' title='bbox 1621 1186 1688 1223; x_wconf 77' lang='lat' dir='ltr'><strong>ex</strong></span> <span class='ocrx_word' id='word_1_71' title='bbox 1733 1185 1800 1224; x_wconf 92' lang='lat' dir='ltr'><strong>eo</strong></span> <span class='ocrx_word' id='word_1_72' title='bbox 1843 1173 1989 1238; x_wconf 89' lang='lat' dir='ltr'><strong>quod</strong></span> <span class='ocrx_word' id='word_1_73' title='bbox 2025 1173 2166 1224; x_wconf 90' lang='lat' dir='ltr'><strong>hanc</strong></span> 
     </span>
    </p>
   </div>
   <div class='ocr_carea' id='block_1_13' title="bbox 591 1257 2166 1331">
    <p class='ocr_par' dir='ltr' id='par_1_13' title="bbox 591 1257 2166 1331">
     <span class='ocr_line' id='line_1_13' title="bbox 591 1257 2166 1331; baseline 0.004 -22"><span class='ocrx_word' id='word_1_74' title='bbox 591 1257 811 1325; x_wconf 85' lang='lat' dir='ltr'><strong>quidem</strong></span> <span class='ocrx_word' id='word_1_75' title='bbox 860 1259 1190 1327; x_wconf 80' lang='lat' dir='ltr'><strong>ingenitam,</strong></span> <span class='ocrx_word' id='word_1_76' title='bbox 1242 1260 1389 1312; x_wconf 85' lang='lat' dir='ltr'><strong>illam</strong></span> <span class='ocrx_word' id='word_1_77' title='bbox 1433 1276 1564 1313; x_wconf 88' lang='lat' dir='ltr'><strong>vero</strong></span> <span class='ocrx_word' id='word_1_78' title='bbox 1607 1262 1846 1330; x_wconf 82' lang='lat' dir='ltr'><strong>genitam</strong></span> <span class='ocrx_word' id='word_1_79' title='bbox 1890 1263 2166 1331; x_wconf 76' lang='lat' dir='ltr'><strong>nominet,</strong></span> 
     </span>
    </p>
   </div>
   <div class='ocr_carea' id='block_1_14' title="bbox 592 1343 2166 1419">
    <p class='ocr_par' dir='ltr' id='par_1_14' title="bbox 592 1343 2166 1419">
     <span class='ocr_line' id='line_1_14' title="bbox 592 1343 2166 1419; baseline 0.004 -19"><span class='ocrx_word' id='word_1_80' title='bbox 592 1348 695 1400; x_wconf 85' lang='lat' dir='ltr'><strong>sibi</strong></span> <span class='ocrx_word' id='word_1_81' title='bbox 728 1351 1106 1404; x_wconf 85' lang='lat' dir='ltr'><strong>contradicere</strong></span> <span class='ocrx_word' id='word_1_82' title='bbox 1134 1343 1503 1419; x_wconf 85' lang='lat' dir='ltr'><strong>redarguitur,</strong></span> <span class='ocrx_word' id='word_1_83' title='bbox 1551 1352 1724 1407; x_wconf 77' lang='lat' dir='ltr'><strong>futilis</strong></span> <span class='ocrx_word' id='word_1_84' title='bbox 1753 1364 1806 1407; x_wconf 88' lang='lat' dir='ltr'><strong>et</strong></span> <span class='ocrx_word' id='word_1_85' title='bbox 1841 1369 2020 1408; x_wconf 85' lang='lat' dir='ltr'><strong>vanus</strong></span> <span class='ocrx_word' id='word_1_86' title='bbox 2049 1354 2166 1408; x_wconf 85' lang='lat' dir='ltr'><strong>bla-</strong></span> 
     </span>
    </p>
   </div>
   <div class='ocr_carea' id='block_1_15' title="bbox 592 1441 2159 1514">
    <p class='ocr_par' dir='ltr' id='par_1_15' title="bbox 592 1441 2159 1514">
     <span class='ocr_line' id='line_1_15' title="bbox 592 1441 2159 1514; baseline 0.006 -25"><span class='ocrx_word' id='word_1_87' title='bbox 592 1447 743 1504; x_wconf 90' lang='lat' dir='ltr'><strong>tero,</strong></span> <span class='ocrx_word' id='word_1_88' title='bbox 779 1441 869 1508; x_wconf 91' lang='lat' dir='ltr'><strong>qui</strong></span> <span class='ocrx_word' id='word_1_89' title='bbox 903 1441 1069 1511; x_wconf 92' lang='lat' dir='ltr'><strong>ﬁngat</strong></span> <span class='ocrx_word' id='word_1_90' title='bbox 1098 1443 1245 1511; x_wconf 87' lang='lat' dir='ltr'><strong>quod</strong></span> <span class='ocrx_word' id='word_1_91' title='bbox 1275 1457 1397 1497; x_wconf 88' lang='lat' dir='ltr'><strong>esse</strong></span> <span class='ocrx_word' id='word_1_92' title='bbox 1426 1444 1577 1498; x_wconf 90' lang='lat' dir='ltr'><strong>nullo</strong></span> <span class='ocrx_word' id='word_1_93' title='bbox 1610 1446 1772 1498; x_wconf 81' lang='lat' dir='ltr'><strong>modo</strong></span> <span class='ocrx_word' id='word_1_94' title='bbox 1803 1446 1998 1514; x_wconf 84' lang='lat' dir='ltr'><strong>possit.</strong></span> <span class='ocrx_word' id='word_1_95' title='bbox 2025 1444 2159 1498; x_wconf 86' lang='lat' dir='ltr'><strong>Nam</strong></span> 
     </span>
    </p>
   </div>
   <div class='ocr_carea' id='block_1_16' title="bbox 589 1531 2160 1609">
    <p class='ocr_par' dir='ltr' id='par_1_16' title="bbox 589 1531 2160 1609">
     <span class='ocr_line' id='line_1_16' title="bbox 589 1531 2160 1609; baseline 0.006 -27"><span class='ocrx_word' id='word_1_96' title='bbox 589 1544 654 1582; x_wconf 78' lang='lat' dir='ltr'><strong>ex</strong></span> <span class='ocrx_word' id='word_1_97' title='bbox 683 1531 802 1600; x_wconf 88' lang='lat' dir='ltr'><strong>ejus</strong></span> <span class='ocrx_word' id='word_1_98' title='bbox 832 1534 1012 1588; x_wconf 81' lang='lat' dir='ltr'><strong>verbis</strong></span> <span class='ocrx_word' id='word_1_99' title='bbox 1038 1535 1470 1589; x_wconf 86' lang='lat' dir='ltr'><strong>demonstratum</strong></span> <span class='ocrx_word' id='word_1_100' title='bbox 1511 1545 1622 1601; x_wconf 92' lang='lat' dir='ltr'><strong>est,</strong></span> <span class='ocrx_word' id='word_1_101' title='bbox 1671 1538 1905 1607; x_wconf 88' lang='lat' dir='ltr'><strong>primum</strong></span> <span class='ocrx_word' id='word_1_102' title='bbox 1941 1539 2160 1609; x_wconf 82' lang='lat' dir='ltr'><strong>quidem</strong></span> 
     </span>
    </p>
   </div>
   <div class='ocr_carea' id='block_1_17' title="bbox 588 1622 2162 1698">
    <p class='ocr_par' dir='ltr' id='par_1_17' title="bbox 588 1622 2162 1698">
     <span class='ocr_line' id='line_1_17' title="bbox 588 1622 2162 1698; baseline 0.007 -24"><span class='ocrx_word' id='word_1_103' title='bbox 588 1622 735 1676; x_wconf 88' lang='lat' dir='ltr'><strong>aliud</strong></span> <span class='ocrx_word' id='word_1_104' title='bbox 767 1639 892 1678; x_wconf 89' lang='lat' dir='ltr'><strong>esse</strong></span> <span class='ocrx_word' id='word_1_105' title='bbox 936 1626 1227 1687; x_wconf 71' lang='lat' dir='ltr'><strong>essentiai,</strong></span> <span class='ocrx_word' id='word_1_106' title='bbox 1271 1627 1419 1680; x_wconf 86' lang='lat' dir='ltr'><strong>aliud</strong></span> <span class='ocrx_word' id='word_1_107' title='bbox 1465 1643 1596 1681; x_wconf 91' lang='lat' dir='ltr'><strong>vero</strong></span> <span class='ocrx_word' id='word_1_108' title='bbox 1643 1631 2014 1698; x_wconf 82' lang='lat' dir='ltr'><strong>generationis</strong></span> <span class='ocrx_word' id='word_1_109' title='bbox 2060 1645 2162 1684; x_wconf 90' lang='lat' dir='ltr'><strong>no-</strong></span> 
     </span>
    </p>
   </div>
   <div class='ocr_carea' id='block_1_18' title="bbox 589 1715 2159 1787">
    <p class='ocr_par' dir='ltr' id='par_1_18' title="bbox 589 1715 2159 1787">
     <span class='ocr_line' id='line_1_18' title="bbox 589 1715 2159 1787; baseline 0.006 -21"><span class='ocrx_word' id='word_1_110' title='bbox 589 1727 733 1768; x_wconf 90' lang='lat' dir='ltr'><strong>men.</strong></span> <span class='ocrx_word' id='word_1_111' title='bbox 767 1715 969 1770; x_wconf 85' lang='lat' dir='ltr'><strong>Deinde</strong></span> <span class='ocrx_word' id='word_1_112' title='bbox 996 1718 1137 1786; x_wconf 89' lang='lat' dir='ltr'><strong>quod</strong></span> <span class='ocrx_word' id='word_1_113' title='bbox 1183 1731 1290 1771; x_wconf 92' lang='lat' dir='ltr'><strong>non</strong></span> <span class='ocrx_word' id='word_1_114' title='bbox 1323 1719 1502 1787; x_wconf 88' lang='lat' dir='ltr'><strong>aliqua</strong></span> <span class='ocrx_word' id='word_1_115' title='bbox 1537 1735 1674 1772; x_wconf 82' lang='lat' dir='ltr'><strong>nova</strong></span> <span class='ocrx_word' id='word_1_116' title='bbox 1707 1722 1944 1775; x_wconf 87' lang='lat' dir='ltr'><strong>essentia</strong></span> <span class='ocrx_word' id='word_1_117' title='bbox 1973 1728 2028 1775; x_wconf 92' lang='lat' dir='ltr'><strong>et</strong></span> <span class='ocrx_word' id='word_1_118' title='bbox 2067 1738 2159 1776; x_wconf 85' lang='lat' dir='ltr'><strong>se-</strong></span> 
     </span>
    </p>
   </div>
   <div class='ocr_carea' id='block_1_19' title="bbox 2274 531 3761 616">
    <p class='ocr_par' dir='ltr' id='par_1_19' title="bbox 2274 531 3761 616">
     <span class='ocr_line' id='line_1_19' title="bbox 2274 531 3761 616; baseline 0.009 -35"><span class='ocrx_word' id='word_1_119' title='bbox 2274 531 2487 601; x_wconf 79' lang='grc' dir='ltr'>Πατέρα</span> <span class='ocrx_word' id='word_1_120' title='bbox 2517 549 2527 561; x_wconf 87' lang='grc'><strong>·</strong></span> <span class='ocrx_word' id='word_1_121' title='bbox 2557 533 2664 584; x_wconf 75' lang='grc' dir='ltr'>πᾶν</span> <span class='ocrx_word' id='word_1_122' title='bbox 2688 533 2888 600; x_wconf 84' lang='grc' dir='ltr'>ἀγαθὸν</span> <span class='ocrx_word' id='word_1_123' title='bbox 2917 533 3084 603; x_wconf 77' lang='grc' dir='ltr'>ὄνομά</span> <span class='ocrx_word' id='word_1_124' title='bbox 3105 553 3163 588; x_wconf 89' lang='grc' dir='ltr'><strong>τε</strong></span> <span class='ocrx_word' id='word_1_125' title='bbox 3184 539 3276 590; x_wconf 68' lang='grc' dir='ltr'>καὶ</span> <span class='ocrx_word' id='word_1_126' title='bbox 3298 538 3487 612; x_wconf 55' lang='grc' dir='ltr'>νόημα,</span> <span class='ocrx_word' id='word_1_127' title='bbox 3509 538 3601 610; x_wconf 73' lang='grc' dir='ltr'>τῆς</span> <span class='ocrx_word' id='word_1_128' title='bbox 3624 557 3761 616; x_wconf 80' lang='grc' dir='ltr'>πατρι</span> 
     </span>
    </p>
   </div>
   <div class='ocr_carea' id='block_1_20' title="bbox 2272 623 3324 698">
    <p class='ocr_par' dir='ltr' id='par_1_20' title="bbox 2272 623 3324 698">
     <span class='ocr_line' id='line_1_20' title="bbox 2272 623 3324 698; baseline 0.009 -25"><span class='ocrx_word' id='word_1_129' title='bbox 2272 625 2373 692; x_wconf 81' lang='grc' dir='ltr'>κῆς</span> <span class='ocrx_word' id='word_1_130' title='bbox 2403 623 2559 694; x_wconf 80' lang='grc' dir='ltr'><strong>δόξης</strong></span> <span class='ocrx_word' id='word_1_131' title='bbox 2581 623 2657 694; x_wconf 80' lang='grc' dir='ltr'><strong>τῷ</strong></span> <span class='ocrx_word' id='word_1_132' title='bbox 2678 623 2821 696; x_wconf 80' lang='grc' dir='ltr'>λόγῳ</span> <span class='ocrx_word' id='word_1_133' title='bbox 2847 642 2912 677; x_wconf 87' lang='grc' dir='ltr'><strong>πε</strong></span> <span class='ocrx_word' id='word_1_134' title='bbox 2922 626 3324 698; x_wconf 86' lang='grc' dir='ltr'>ρισυλήσαντες.</span> 
     </span>
    </p>
   </div>
   <div class='ocr_carea' id='block_1_21' title="bbox 2340 883 3786 963">
    <p class='ocr_par' dir='ltr' id='par_1_21' title="bbox 2340 883 3786 963">
     <span class='ocr_line' id='line_1_21' title="bbox 2340 883 3786 963; baseline 0.01 -29"><span class='ocrx_word' id='word_1_135' title='bbox 2340 883 2548 936; x_wconf 78' lang='grc' dir='ltr'>Οὐκοῦν</span> <span class='ocrx_word' id='word_1_136' title='bbox 2568 885 2813 954; x_wconf 78' lang='grc' dir='ltr'><strong>ἐναργῶς</strong></span> <span class='ocrx_word' id='word_1_137' title='bbox 2839 888 3155 960; x_wconf 80' lang='grc' dir='ltr'>πεφώραται</span> <span class='ocrx_word' id='word_1_138' title='bbox 3178 889 3265 942; x_wconf 68' lang='grc' dir='ltr'>διὰ</span> <span class='ocrx_word' id='word_1_139' title='bbox 3292 890 3398 944; x_wconf 90' lang='grc' dir='ltr'><strong>τῶν</strong></span> <span class='ocrx_word' id='word_1_140' title='bbox 3418 893 3696 963; x_wconf 78' lang='grc' dir='ltr'><strong>εἰρημένων</strong></span> <span class='ocrx_word' id='word_1_141' title='bbox 3713 899 3786 951; x_wconf 78' lang='grc' dir='ltr'><strong>τοῦ</strong></span> 
     </span>
    </p>
   </div>
   <div class='ocr_carea' id='block_1_22' title="bbox 2269 971 3788 1053">
    <p class='ocr_par' dir='ltr' id='par_1_22' title="bbox 2269 971 3788 1053">
     <span class='ocr_line' id='line_1_22' title="bbox 2269 971 3788 1053; baseline 0.011 -29"><span class='ocrx_word' id='word_1_142' title='bbox 2269 971 2604 1043; x_wconf 76' lang='grc' dir='ltr'><strong>λογογράφου</strong></span> <span class='ocrx_word' id='word_1_143' title='bbox 2631 978 2663 1046; x_wconf 80' lang='grc' dir='ltr'>ὴ</span> <span class='ocrx_word' id='word_1_144' title='bbox 2691 977 2874 1031; x_wconf 79' lang='grc' dir='ltr'><strong>ἀτονία</strong></span> <span class='ocrx_word' id='word_1_145' title='bbox 2897 980 2996 1048; x_wconf 85' lang='grc' dir='ltr'>τῆς</span> <span class='ocrx_word' id='word_1_146' title='bbox 3021 983 3370 1053; x_wconf 85' lang='grc' dir='ltr'>κακουργίας,</span> <span class='ocrx_word' id='word_1_147' title='bbox 3407 983 3465 1048; x_wconf 84' lang='grc' dir='ltr'>ὃς</span> <span class='ocrx_word' id='word_1_148' title='bbox 3500 992 3788 1042; x_wconf 75' lang='grc' dir='ltr'>κατασκευά-</span> 
     </span>
    </p>
   </div>
   <div class='ocr_carea' id='block_1_23' title="bbox 2270 1061 3788 1150">
    <p class='ocr_par' dir='ltr' id='par_1_23' title="bbox 2270 1061 3788 1150">
     <span class='ocr_line' id='line_1_23' title="bbox 2270 1061 3788 1150; baseline 0.011 -37"><span class='ocrx_word' id='word_1_149' title='bbox 2270 1061 2383 1125; x_wconf 79' lang='grc' dir='ltr'>ζειν</span> <span class='ocrx_word' id='word_1_150' title='bbox 2415 1066 2705 1139; x_wconf 72' lang='grc' dir='ltr'>ἐπιχειρῶν</span> <span class='ocrx_word' id='word_1_151' title='bbox 2733 1068 2830 1139; x_wconf 83' lang='grc' dir='ltr'>τὴν</span> <span class='ocrx_word' id='word_1_152' title='bbox 2866 1070 2963 1140; x_wconf 81' lang='grc' dir='ltr'>τῆς</span> <span class='ocrx_word' id='word_1_153' title='bbox 2991 1071 3175 1134; x_wconf 80' lang='grc' dir='ltr'>οὐσίας</span> <span class='ocrx_word' id='word_1_154' title='bbox 3201 1073 3296 1125; x_wconf 79' lang='grc' dir='ltr'><strong>τοῦ</strong></span> <span class='ocrx_word' id='word_1_155' title='bbox 3335 1076 3654 1142; x_wconf 77' lang='grc' dir='ltr'>Μονογενοῦς</span> <span class='ocrx_word' id='word_1_156' title='bbox 3680 1081 3788 1150; x_wconf 76' lang='grc' dir='ltr'>πρὸς</span> 
     </span>
    </p>
   </div>
   <div class='ocr_carea' id='block_1_24' title="bbox 2267 1151 3788 1238">
    <p class='ocr_par' dir='ltr' id='par_1_24' title="bbox 2267 1151 3788 1238">
     <span class='ocr_line' id='line_1_24' title="bbox 2267 1151 3788 1238; baseline 0.012 -35"><span class='ocrx_word' id='word_1_157' title='bbox 2267 1151 2364 1222; x_wconf 73' lang='grc' dir='ltr'>τὴν</span> <span class='ocrx_word' id='word_1_158' title='bbox 2388 1154 2481 1207; x_wconf 84' lang='grc' dir='ltr'>τοῦ</span> <span class='ocrx_word' id='word_1_159' title='bbox 2499 1157 2708 1227; x_wconf 82' lang='grc' dir='ltr'>Πατρδς</span> <span class='ocrx_word' id='word_1_160' title='bbox 2729 1160 3061 1214; x_wconf 74' lang='grc' dir='ltr'>ἐναντίωσινο</span> <span class='ocrx_word' id='word_1_161' title='bbox 3091 1164 3176 1218; x_wconf 75' lang='grc' dir='ltr'><strong>δά</strong></span> <span class='ocrx_word' id='word_1_162' title='bbox 3195 1165 3288 1217; x_wconf 77' lang='grc' dir='ltr'>τοῦ</span> <span class='ocrx_word' id='word_1_163' title='bbox 3309 1165 3405 1236; x_wconf 85' lang='grc' dir='ltr'>τὴν</span> <span class='ocrx_word' id='word_1_164' title='bbox 3428 1167 3521 1236; x_wconf 74' lang='grc' dir='ltr'><strong>μὲν</strong></span> <span class='ocrx_word' id='word_1_165' title='bbox 3540 1169 3788 1238; x_wconf 71' lang='grc' dir='ltr'>ἀγέννητον</span> 
     </span>
    </p>
   </div>
   <div class='ocr_carea' id='block_1_25' title="bbox 2265 1243 3788 1326">
    <p class='ocr_par' dir='ltr' id='par_1_25' title="bbox 2265 1243 3788 1326">
     <span class='ocr_line' id='line_1_25' title="bbox 2265 1243 3788 1326; baseline 0.013 -32"><span class='ocrx_word' id='word_1_166' title='bbox 2265 1243 2364 1312; x_wconf 78' lang='grc' dir='ltr'>τὴν</span> <span class='ocrx_word' id='word_1_167' title='bbox 2391 1244 2446 1296; x_wconf 82' lang='grc' dir='ltr'><strong>δὲ</strong></span> <span class='ocrx_word' id='word_1_168' title='bbox 2474 1249 2733 1318; x_wconf 70' lang='grc' dir='ltr'>γεννητὴν</span> <span class='ocrx_word' id='word_1_169' title='bbox 2759 1252 3060 1320; x_wconf 79' lang='grc' dir='ltr'>ὀνομάζειν,</span> <span class='ocrx_word' id='word_1_170' title='bbox 3110 1253 3425 1326; x_wconf 80' lang='grc' dir='ltr'><strong>ἀπηλέγχθη</strong></span> <span class='ocrx_word' id='word_1_171' title='bbox 3458 1260 3565 1320; x_wconf 89' lang='grc' dir='ltr'>τοῖς</span> <span class='ocrx_word' id='word_1_172' title='bbox 3592 1261 3788 1313; x_wconf 85' lang='grc' dir='ltr'>ἀσυστά-</span> 
     </span>
    </p>
   </div>
   <div class='ocr_carea' id='block_1_26' title="bbox 2265 1338 3785 1419">
    <p class='ocr_par' dir='ltr' id='par_1_26' title="bbox 2265 1338 3785 1419">
     <span class='ocr_line' id='line_1_26' title="bbox 2265 1338 3785 1419; baseline 0.013 -34"><span class='ocrx_word' id='word_1_173' title='bbox 2265 1352 2376 1398; x_wconf 84' lang='grc' dir='ltr'>τοις</span> <span class='ocrx_word' id='word_1_174' title='bbox 2408 1338 2816 1408; x_wconf 81' lang='grc' dir='ltr'>ὲμματαιὰζων.</span> <span class='ocrx_word' id='word_1_175' title='bbox 2864 1345 3100 1415; x_wconf 84' lang='grc' dir='ltr'>Ἐδείχθη</span> <span class='ocrx_word' id='word_1_176' title='bbox 3135 1347 3243 1418; x_wconf 77' lang='grc' dir='ltr'><strong>γὰρ</strong></span> <span class='ocrx_word' id='word_1_177' title='bbox 3263 1347 3349 1401; x_wconf 83' lang='grc' dir='ltr'>διὰ</span> <span class='ocrx_word' id='word_1_178' title='bbox 3385 1349 3490 1402; x_wconf 90' lang='grc' dir='ltr'><strong>τῶν</strong></span> <span class='ocrx_word' id='word_1_179' title='bbox 3515 1352 3785 1419; x_wconf 73' lang='grc' dir='ltr'>παράὖτοῦ</span> 
     </span>
    </p>
   </div>
   <div class='ocr_carea' id='block_1_27' title="bbox 2267 1423 3787 1509">
    <p class='ocr_par' dir='ltr' id='par_1_27' title="bbox 2267 1423 3787 1509">
     <span class='ocr_line' id='line_1_27' title="bbox 2267 1423 3787 1509; baseline 0.014 -35"><span class='ocrx_word' id='word_1_180' title='bbox 2267 1423 2470 1491; x_wconf 85' lang='grc' dir='ltr'>λόγων,</span> <span class='ocrx_word' id='word_1_181' title='bbox 2515 1429 2728 1499; x_wconf 82' lang='grc' dir='ltr'>πρῶτον</span> <span class='ocrx_word' id='word_1_182' title='bbox 2758 1433 2855 1502; x_wconf 87' lang='grc' dir='ltr'><strong>μὲν</strong></span> <span class='ocrx_word' id='word_1_183' title='bbox 2896 1435 3076 1506; x_wconf 75' lang='grc' dir='ltr'>ἕτερον</span> <span class='ocrx_word' id='word_1_184' title='bbox 3097 1431 3233 1491; x_wconf 79' lang='grc' dir='ltr'>εἶναι</span> <span class='ocrx_word' id='word_1_185' title='bbox 3276 1439 3335 1491; x_wconf 71' lang='grc' dir='ltr'>τὸ</span> <span class='ocrx_word' id='word_1_186' title='bbox 3373 1440 3471 1509; x_wconf 81' lang='grc' dir='ltr'>τῆς</span> <span class='ocrx_word' id='word_1_187' title='bbox 3497 1437 3684 1505; x_wconf 80' lang='grc' dir='ltr'>οὐσίας,</span> <span class='ocrx_word' id='word_1_188' title='bbox 3713 1443 3787 1497; x_wconf 72' lang='grc' dir='ltr'>καὶ</span> 
     </span>
    </p>
   </div>
   <div class='ocr_carea' id='block_1_28' title="bbox 2263 1515 3786 1596">
    <p class='ocr_par' dir='ltr' id='par_1_28' title="bbox 2263 1515 3786 1596">
     <span class='ocr_line' id='line_1_28' title="bbox 2263 1515 3786 1596; baseline 0.012 -28"><span class='ocrx_word' id='word_1_189' title='bbox 2263 1515 2388 1568; x_wconf 79' lang='grc' dir='ltr'>ἄλλο</span> <span class='ocrx_word' id='word_1_190' title='bbox 2413 1518 2513 1587; x_wconf 74' lang='grc' dir='ltr'>τῆς</span> <span class='ocrx_word' id='word_1_191' title='bbox 2539 1523 2841 1596; x_wconf 78' lang='grc' dir='ltr'>γεννήσεως</span> <span class='ocrx_word' id='word_1_192' title='bbox 2878 1525 3048 1596; x_wconf 75' lang='grc' dir='ltr'>ὄνομα</span> <span class='ocrx_word' id='word_1_193' title='bbox 3071 1543 3084 1556; x_wconf 88' lang='grc'><strong>·</strong></span> <span class='ocrx_word' id='word_1_194' title='bbox 3131 1527 3321 1582; x_wconf 80' lang='grc' dir='ltr'>ἔπειτα</span> <span class='ocrx_word' id='word_1_195' title='bbox 3352 1530 3408 1583; x_wconf 80' lang='grc' dir='ltr'>δὲ</span> <span class='ocrx_word' id='word_1_196' title='bbox 3441 1532 3518 1583; x_wconf 82' lang='grc' dir='ltr'>ὅτι</span> <span class='ocrx_word' id='word_1_197' title='bbox 3549 1533 3641 1585; x_wconf 74' lang='grc' dir='ltr'><strong>οὐκ</strong></span> <span class='ocrx_word' id='word_1_198' title='bbox 3662 1533 3786 1586; x_wconf 77' lang='grc' dir='ltr'>οὐσία</span> 
     </span>
    </p>
   </div>
   <div class='ocr_carea' id='block_1_29' title="bbox 2261 1610 3788 1695">
    <p class='ocr_par' dir='ltr' id='par_1_29' title="bbox 2261 1610 3788 1695">
     <span class='ocr_line' id='line_1_29' title="bbox 2261 1610 3788 1695; baseline 0.012 -36"><span class='ocrx_word' id='word_1_199' title='bbox 2261 1623 2346 1670; x_wconf 87' lang='grc' dir='ltr'><strong>τις</strong></span> <span class='ocrx_word' id='word_1_200' title='bbox 2374 1610 2532 1680; x_wconf 82' lang='grc' dir='ltr'>καινὴ</span> <span class='ocrx_word' id='word_1_201' title='bbox 2574 1613 2668 1665; x_wconf 75' lang='grc' dir='ltr'>καὶ</span> <span class='ocrx_word' id='word_1_202' title='bbox 2715 1614 3139 1688; x_wconf 84' lang='grc' dir='ltr'>παρηλλαγμένη</span> <span class='ocrx_word' id='word_1_203' title='bbox 3186 1621 3337 1690; x_wconf 74' lang='grc' dir='ltr'>παρὰ</span> <span class='ocrx_word' id='word_1_204' title='bbox 3377 1621 3474 1691; x_wconf 74' lang='grc' dir='ltr'>τὴν</span> <span class='ocrx_word' id='word_1_205' title='bbox 3501 1623 3590 1676; x_wconf 80' lang='grc' dir='ltr'>τοῦ</span> <span class='ocrx_word' id='word_1_206' title='bbox 3615 1625 3788 1695; x_wconf 73' lang='grc' dir='ltr'>Πατρὸς</span> 
     </span>
    </p>
   </div>
   <div class='ocr_carea' id='block_1_30' title="bbox 2263 1699 3790 1786">
    <p class='ocr_par' dir='ltr' id='par_1_30' title="bbox 2263 1699 3790 1786">
     <span class='ocr_line' id='line_1_30' title="bbox 2263 1699 3790 1786; baseline 0.012 -37"><span class='ocrx_word' id='word_1_207' title='bbox 2263 1699 2450 1752; x_wconf 76' lang='grc' dir='ltr'>οὐσίαν</span> <span class='ocrx_word' id='word_1_208' title='bbox 2481 1701 2559 1771; x_wconf 81' lang='grc' dir='ltr'>τῷ</span> <span class='ocrx_word' id='word_1_209' title='bbox 2582 1703 2694 1774; x_wconf 83' lang='grc' dir='ltr'><strong>Υίῷ</strong></span> <span class='ocrx_word' id='word_1_210' title='bbox 2715 1707 2942 1778; x_wconf 81' lang='grc' dir='ltr'><strong>ὑπέστη.</strong></span> <span class='ocrx_word' id='word_1_211' title='bbox 3002 1709 3141 1762; x_wconf 81' lang='grc' dir='ltr'>Ἀλλ’</span> <span class='ocrx_word' id='word_1_212' title='bbox 3163 1711 3299 1780; x_wconf 83' lang='grc' dir='ltr'>ὅπερ</span> <span class='ocrx_word' id='word_1_213' title='bbox 3334 1714 3481 1766; x_wconf 76' lang='grc' dir='ltr'>ἐστὶν</span> <span class='ocrx_word' id='word_1_214' title='bbox 3513 1717 3540 1768; x_wconf 86' lang='grc' dir='ltr'>ὁ</span> <span class='ocrx_word' id='word_1_215' title='bbox 3564 1715 3726 1786; x_wconf 72' lang='grc' dir='ltr'>Πατὴρ</span> <span class='ocrx_word' id='word_1_216' title='bbox 3744 1718 3790 1767; x_wconf 77' lang='grc' dir='ltr'>ὲν</span> 
     </span>
    </p>
   </div>
   <div class='ocr_carea' id='block_1_31' title="bbox 587 1789 2162 1885">
    <p class='ocr_par' dir='ltr' id='par_1_31' title="bbox 587 1809 2159 1885">
     <span class='ocr_line' id='line_1_31' title="bbox 587 1809 2159 1885; baseline 0.006 -26"><span class='ocrx_word' id='word_1_217' title='bbox 587 1815 777 1875; x_wconf 88' lang='lat' dir='ltr'><strong>parata</strong></span> <span class='ocrx_word' id='word_1_218' title='bbox 807 1809 876 1862; x_wconf 87' lang='lat' dir='ltr'><strong>ab</strong></span> <span class='ocrx_word' id='word_1_219' title='bbox 905 1826 967 1864; x_wconf 90' lang='lat' dir='ltr'><strong>ea</strong></span> <span class='ocrx_word' id='word_1_220' title='bbox 995 1827 1114 1880; x_wconf 73' lang='lat' dir='ltr'><strong>qua:</strong></span> <span class='ocrx_word' id='word_1_221' title='bbox 1155 1811 1332 1865; x_wconf 83' lang='lat' dir='ltr'><strong>Patris</strong></span> <span class='ocrx_word' id='word_1_222' title='bbox 1357 1819 1474 1877; x_wconf 89' lang='lat' dir='ltr'><strong>est,</strong></span> <span class='ocrx_word' id='word_1_223' title='bbox 1503 1811 1643 1866; x_wconf 90' lang='lat' dir='ltr'><strong>Filio</strong></span> <span class='ocrx_word' id='word_1_224' title='bbox 1684 1813 1844 1868; x_wconf 89' lang='lat' dir='ltr'><strong>inest.</strong></span> <span class='ocrx_word' id='word_1_225' title='bbox 1876 1814 1981 1868; x_wconf 90' lang='lat' dir='ltr'><strong>Sed</strong></span> <span class='ocrx_word' id='word_1_226' title='bbox 2015 1816 2159 1885; x_wconf 90' lang='lat' dir='ltr'><strong>quod</strong></span> 
     </span>
    </p>
   </div>
   <div class='ocr_carea' id='block_1_32' title="bbox 2265 1789 3784 1885">
    <p class='ocr_par' dir='ltr' id='par_1_32' title="bbox 2265 1789 3784 1866">
     <span class='ocr_line' id='line_1_32' title="bbox 2265 1789 3784 1866; baseline 0.005 -18"><span class='ocrx_word' id='word_1_227' title='bbox 2265 1789 2343 1858; x_wconf 73' lang='grc' dir='ltr'><strong>τῷ</strong></span> <span class='ocrx_word' id='word_1_228' title='bbox 2373 1789 2514 1861; x_wconf 79' lang='grc' dir='ltr'>λόγῳ</span> <span class='ocrx_word' id='word_1_229' title='bbox 2553 1793 2654 1862; x_wconf 80' lang='grc' dir='ltr'>τῆς</span> <span class='ocrx_word' id='word_1_230' title='bbox 2689 1797 2918 1862; x_wconf 79' lang='grc' dir='ltr'>φύσεως,</span> <span class='ocrx_word' id='word_1_231' title='bbox 2963 1798 3121 1854; x_wconf 83' lang='grc' dir='ltr'>τοῦτο</span> <span class='ocrx_word' id='word_1_232' title='bbox 3152 1803 3244 1855; x_wconf 81' lang='grc' dir='ltr'><strong>καὶ</strong></span> <span class='ocrx_word' id='word_1_233' title='bbox 3272 1803 3301 1854; x_wconf 89' lang='grc' dir='ltr'><strong>ὁ</strong></span> <span class='ocrx_word' id='word_1_234' title='bbox 3344 1802 3403 1866; x_wconf 79' lang='grc' dir='ltr'><strong>ἐξ</strong></span> <span class='ocrx_word' id='word_1_235' title='bbox 3433 1804 3626 1857; x_wconf 82' lang='grc' dir='ltr'>ἐκείνου</span> <span class='ocrx_word' id='word_1_236' title='bbox 3649 1806 3784 1866; x_wconf 69' lang='grc' dir='ltr'>ἐστὶν,</span> 
     </span>
    </p>
   </div>
   <div class='ocr_carea' id='block_1_33' title="bbox 587 1895 2161 1978">
    <p class='ocr_par' dir='ltr' id='par_1_33' title="bbox 587 1895 2161 1978">
     <span class='ocr_line' id='line_1_33' title="bbox 587 1895 2161 1978; baseline 0.008 -29"><span class='ocrx_word' id='word_1_237' title='bbox 587 1895 749 1953; x_wconf 85' lang='lat' dir='ltr'><strong>Pater</strong></span> <span class='ocrx_word' id='word_1_238' title='bbox 780 1909 864 1955; x_wconf 90' lang='lat' dir='ltr'><strong>est</strong></span> <span class='ocrx_word' id='word_1_239' title='bbox 895 1901 949 1954; x_wconf 90' lang='lat' dir='ltr'><strong>in</strong></span> <span class='ocrx_word' id='word_1_240' title='bbox 981 1903 1191 1956; x_wconf 89' lang='lat' dir='ltr'><strong>ratione</strong></span> <span class='ocrx_word' id='word_1_241' title='bbox 1223 1912 1459 1970; x_wconf 63' lang='lat' dir='ltr'><strong>naturai,</strong></span> <span class='ocrx_word' id='word_1_242' title='bbox 1495 1904 1599 1958; x_wconf 91' lang='lat' dir='ltr'><strong>hoc</strong></span> <span class='ocrx_word' id='word_1_243' title='bbox 1633 1907 1795 1959; x_wconf 88' lang='lat' dir='ltr'><strong>etiam</strong></span> <span class='ocrx_word' id='word_1_244' title='bbox 1831 1917 1915 1960; x_wconf 87' lang='lat' dir='ltr'><strong>est</strong></span> <span class='ocrx_word' id='word_1_245' title='bbox 1943 1908 2033 1961; x_wconf 90' lang='lat' dir='ltr'><strong>ille</strong></span> <span class='ocrx_word' id='word_1_246' title='bbox 2065 1908 2161 1978; x_wconf 92' lang='lat' dir='ltr'><strong>qui</strong></span> 
     </span>
    </p>
   </div>
   <div class='ocr_carea' id='block_1_34' title="bbox 588 1990 2166 2056">
    <p class='ocr_par' dir='ltr' id='par_1_34' title="bbox 588 1990 2166 2056">
     <span class='ocr_line' id='line_1_34' title="bbox 588 1990 2166 2056; baseline 0.007 -15"><span class='ocrx_word' id='word_1_247' title='bbox 588 2005 654 2042; x_wconf 83' lang='lat' dir='ltr'><strong>ex</strong></span> <span class='ocrx_word' id='word_1_248' title='bbox 681 1990 772 2044; x_wconf 92' lang='lat' dir='ltr'><strong>illo</strong></span> <span class='ocrx_word' id='word_1_249' title='bbox 805 1993 1053 2056; x_wconf 82' lang='lat' dir='ltr'><strong>exsistit,</strong></span> <span class='ocrx_word' id='word_1_250' title='bbox 1079 2008 1203 2046; x_wconf 90' lang='lat' dir='ltr'><strong>cum</strong></span> <span class='ocrx_word' id='word_1_251' title='bbox 1229 2003 1420 2047; x_wconf 90' lang='lat' dir='ltr'><strong>natura</strong></span> <span class='ocrx_word' id='word_1_252' title='bbox 1447 1993 1502 2048; x_wconf 91' lang='lat' dir='ltr'><strong>in</strong></span> <span class='ocrx_word' id='word_1_253' title='bbox 1527 1995 1892 2050; x_wconf 86' lang='lat' dir='ltr'><strong>diversitatem</strong></span> <span class='ocrx_word' id='word_1_254' title='bbox 1916 2012 2025 2051; x_wconf 88' lang='lat' dir='ltr'><strong>non</strong></span> <span class='ocrx_word' id='word_1_255' title='bbox 2048 2013 2166 2052; x_wconf 87' lang='lat' dir='ltr'><strong>mu-</strong></span> 
     </span>
    </p>
   </div>
   <div class='ocr_carea' id='block_1_35' title="bbox 587 2081 2159 2152">
    <p class='ocr_par' dir='ltr' id='par_1_35' title="bbox 587 2081 2159 2152">
     <span class='ocr_line' id='line_1_35' title="bbox 587 2081 2159 2152; baseline 0.004 -18"><span class='ocrx_word' id='word_1_256' title='bbox 587 2089 733 2136; x_wconf 90' lang='lat' dir='ltr'><strong>tetur</strong></span> <span class='ocrx_word' id='word_1_257' title='bbox 756 2081 809 2134; x_wconf 88' lang='lat' dir='ltr'><strong>in</strong></span> <span class='ocrx_word' id='word_1_258' title='bbox 837 2081 958 2135; x_wconf 87' lang='lat' dir='ltr'><strong>Filii</strong></span> <span class='ocrx_word' id='word_1_259' title='bbox 983 2099 1238 2152; x_wconf 86' lang='lat' dir='ltr'><strong>persona,</strong></span> <span class='ocrx_word' id='word_1_260' title='bbox 1263 2085 1564 2139; x_wconf 89' lang='lat' dir='ltr'><strong>secundum</strong></span> <span class='ocrx_word' id='word_1_261' title='bbox 1591 2095 1716 2142; x_wconf 90' lang='lat' dir='ltr'><strong>ante</strong></span> <span class='ocrx_word' id='word_1_262' title='bbox 1735 2087 2159 2140; x_wconf 84' lang='lat' dir='ltr'><strong>demonstratam</strong></span> 
     </span>
    </p>
   </div>
   <div class='ocr_carea' id='block_1_36' title="bbox 589 2171 2160 2232">
    <p class='ocr_par' dir='ltr' id='par_1_36' title="bbox 589 2171 2160 2232">
     <span class='ocr_line' id='line_1_36' title="bbox 589 2171 2160 2232; baseline 0.005 -8"><span class='ocrx_word' id='word_1_263' title='bbox 589 2171 751 2225; x_wconf 89' lang='lat' dir='ltr'><strong>nobis</strong></span> <span class='ocrx_word' id='word_1_264' title='bbox 801 2174 1067 2226; x_wconf 89' lang='lat' dir='ltr'><strong>sermonis</strong></span> <span class='ocrx_word' id='word_1_265' title='bbox 1113 2174 1419 2227; x_wconf 81' lang='lat' dir='ltr'><strong>veritatem.</strong></span> <span class='ocrx_word' id='word_1_266' title='bbox 1471 2175 1527 2228; x_wconf 90' lang='lat' dir='ltr'><strong>In</strong></span> <span class='ocrx_word' id='word_1_267' title='bbox 1573 2176 1758 2230; x_wconf 80' lang='lat' dir='ltr'><strong>Abelis</strong></span> <span class='ocrx_word' id='word_1_268' title='bbox 1803 2177 2160 2232; x_wconf 86' lang='lat' dir='ltr'><strong>subsistentia</strong></span> 
     </span>
    </p>
   </div>
   <div class='ocr_carea' id='block_1_37' title="bbox 591 2261 2164 2320">
    <p class='ocr_par' dir='ltr' id='par_1_37' title="bbox 591 2261 2164 2320">
     <span class='ocr_line' id='line_1_37' title="bbox 591 2261 2164 2320; baseline 0.004 -8"><span class='ocrx_word' id='word_1_269' title='bbox 591 2267 802 2314; x_wconf 67' lang='lat' dir='ltr'><strong>natura:</strong></span> <span class='ocrx_word' id='word_1_270' title='bbox 828 2261 1186 2316; x_wconf 74' lang='lat' dir='ltr'><strong>diﬁerentiam</strong></span> <span class='ocrx_word' id='word_1_271' title='bbox 1223 2277 1332 2315; x_wconf 85' lang='lat' dir='ltr'><strong>non</strong></span> <span class='ocrx_word' id='word_1_272' title='bbox 1369 2262 1495 2316; x_wconf 79' lang='lat' dir='ltr'><strong>fecit</strong></span> <span class='ocrx_word' id='word_1_273' title='bbox 1531 2283 1544 2317; x_wconf 91' lang='lat'><strong>:</strong></span> <span class='ocrx_word' id='word_1_274' title='bbox 1580 2265 1660 2318; x_wconf 92' lang='lat' dir='ltr'><strong>sic</strong></span> <span class='ocrx_word' id='word_1_275' title='bbox 1700 2265 1861 2319; x_wconf 82' lang='lat' dir='ltr'><strong>etiam</strong></span> <span class='ocrx_word' id='word_1_276' title='bbox 1895 2265 1948 2319; x_wconf 90' lang='lat' dir='ltr'><strong>in</strong></span> <span class='ocrx_word' id='word_1_277' title='bbox 1983 2268 2164 2320; x_wconf 85' lang='lat' dir='ltr'><strong>incor-</strong></span> 
     </span>
    </p>
   </div>
   <div class='ocr_carea' id='block_1_38' title="bbox 591 2350 2161 2425">
    <p class='ocr_par' dir='ltr' id='par_1_38' title="bbox 591 2350 2161 2425">
     <span class='ocr_line' id='line_1_38' title="bbox 591 2350 2161 2425; baseline 0.004 -21"><span class='ocrx_word' id='word_1_278' title='bbox 591 2350 945 2421; x_wconf 89' lang='lat' dir='ltr'><strong>ruptibilibus</strong></span> <span class='ocrx_word' id='word_1_279' title='bbox 994 2351 1231 2407; x_wconf 86' lang='lat' dir='ltr'><strong>decretis</strong></span> <span class='ocrx_word' id='word_1_280' title='bbox 1277 2352 1411 2406; x_wconf 89' lang='lat' dir='ltr'><strong>nihil</strong></span> <span class='ocrx_word' id='word_1_281' title='bbox 1450 2353 1504 2406; x_wconf 93' lang='lat' dir='ltr'><strong>in</strong></span> <span class='ocrx_word' id='word_1_282' title='bbox 1549 2355 1731 2425; x_wconf 90' lang='lat' dir='ltr'><strong>scipso</strong></span> <span class='ocrx_word' id='word_1_283' title='bbox 1763 2370 1860 2424; x_wconf 86' lang='lat' dir='ltr'><strong>per</strong></span> <span class='ocrx_word' id='word_1_284' title='bbox 1889 2357 2161 2425; x_wconf 86' lang='lat' dir='ltr'><strong>propriam</strong></span> 
     </span>
    </p>
   </div>
   <div class='ocr_carea' id='block_1_39' title="bbox 586 2438 2161 2514">
    <p class='ocr_par' dir='ltr' id='par_1_39' title="bbox 586 2438 2161 2514">
     <span class='ocr_line' id='line_1_39' title="bbox 586 2438 2161 2514; baseline 0.004 -20"><span class='ocrx_word' id='word_1_285' title='bbox 586 2439 992 2509; x_wconf 78' lang='lat' dir='ltr'><strong>generationem</strong></span> <span class='ocrx_word' id='word_1_286' title='bbox 1023 2438 1348 2510; x_wconf 88' lang='lat' dir='ltr'><strong>Unigenitus</strong></span> <span class='ocrx_word' id='word_1_287' title='bbox 1370 2441 1514 2497; x_wconf 88' lang='lat' dir='ltr'><strong>Deus</strong></span> <span class='ocrx_word' id='word_1_288' title='bbox 1541 2445 1834 2498; x_wconf 86' lang='lat' dir='ltr'><strong>essentiam</strong></span> <span class='ocrx_word' id='word_1_289' title='bbox 1859 2461 1966 2498; x_wconf 89' lang='lat' dir='ltr'><strong>non</strong></span> <span class='ocrx_word' id='word_1_290' title='bbox 1997 2448 2161 2514; x_wconf 78' lang='lat' dir='ltr'><strong>geniti</strong></span> 
     </span>
    </p>
   </div>
   <div class='ocr_carea' id='block_1_40' title="bbox 588 2528 2160 2603">
    <p class='ocr_par' dir='ltr' id='par_1_40' title="bbox 588 2528 2160 2603">
     <span class='ocr_line' id='line_1_40' title="bbox 588 2528 2160 2603; baseline 0.006 -23"><span class='ocrx_word' id='word_1_291' title='bbox 588 2528 931 2594; x_wconf 88' lang='lat' dir='ltr'><strong>immutavit,</strong></span> <span class='ocrx_word' id='word_1_292' title='bbox 956 2544 1020 2583; x_wconf 80' lang='lat' dir='ltr'><strong>ex</strong></span> <span class='ocrx_word' id='word_1_293' title='bbox 1049 2528 1211 2584; x_wconf 88' lang='lat' dir='ltr'><strong>Patre</strong></span> <span class='ocrx_word' id='word_1_294' title='bbox 1233 2533 1326 2600; x_wconf 90' lang='lat' dir='ltr'><strong>qui</strong></span> <span class='ocrx_word' id='word_1_295' title='bbox 1355 2533 1553 2593; x_wconf 77' lang='lat' dir='ltr'><strong>exivit.</strong></span> <span class='ocrx_word' id='word_1_296' title='bbox 1579 2541 1633 2587; x_wconf 93' lang='lat' dir='ltr'><strong>et</strong></span> <span class='ocrx_word' id='word_1_297' title='bbox 1662 2533 1754 2603; x_wconf 91' lang='lat' dir='ltr'><strong>qui</strong></span> <span class='ocrx_word' id='word_1_298' title='bbox 1780 2542 1866 2587; x_wconf 85' lang='lat' dir='ltr'><strong>est</strong></span> <span class='ocrx_word' id='word_1_299' title='bbox 1895 2536 1947 2589; x_wconf 92' lang='lat' dir='ltr'><strong>in</strong></span> <span class='ocrx_word' id='word_1_300' title='bbox 1981 2534 2160 2600; x_wconf 86' lang='lat' dir='ltr'><strong>Patre,</strong></span> 
     </span>
    </p>
   </div>
   <div class='ocr_carea' id='block_1_41' title="bbox 589 2620 2164 2699">
    <p class='ocr_par' dir='ltr' id='par_1_41' title="bbox 589 2620 2164 2699">
     <span class='ocr_line' id='line_1_41' title="bbox 589 2620 2164 2699; baseline 0.004 -26"><span class='ocrx_word' id='word_1_301' title='bbox 589 2621 732 2674; x_wconf 88' lang='lat' dir='ltr'><strong>sicut</strong></span> <span class='ocrx_word' id='word_1_302' title='bbox 766 2620 1119 2692; x_wconf 85' lang='lat' dir='ltr'><strong>Evangelium</strong></span> <span class='ocrx_word' id='word_1_303' title='bbox 1158 2624 1314 2679; x_wconf 90' lang='lat' dir='ltr'><strong>dicit.</strong></span> <span class='ocrx_word' id='word_1_304' title='bbox 1353 2623 1460 2679; x_wconf 89' lang='lat' dir='ltr'><strong>Sed</strong></span> <span class='ocrx_word' id='word_1_305' title='bbox 1490 2635 1575 2699; x_wconf 81' lang='lat' dir='ltr'><strong>est</strong></span> <span class='ocrx_word' id='word_1_306' title='bbox 1617 2628 1916 2681; x_wconf 89' lang='lat' dir='ltr'><strong>secundum</strong></span> <span class='ocrx_word' id='word_1_307' title='bbox 1953 2628 2164 2697; x_wconf 86' lang='lat' dir='ltr'><strong>simpli-</strong></span> 
     </span>
    </p>
   </div>
   <div class='ocr_carea' id='block_1_42' title="bbox 587 2711 2164 2783">
    <p class='ocr_par' dir='ltr' id='par_1_42' title="bbox 587 2711 2164 2783">
     <span class='ocr_line' id='line_1_42' title="bbox 587 2711 2164 2783; baseline 0.003 -17"><span class='ocrx_word' id='word_1_308' title='bbox 587 2726 705 2766; x_wconf 89' lang='lat' dir='ltr'><strong>cem</strong></span> <span class='ocrx_word' id='word_1_309' title='bbox 734 2720 788 2766; x_wconf 90' lang='lat' dir='ltr'><strong>et</strong></span> <span class='ocrx_word' id='word_1_310' title='bbox 820 2713 1099 2783; x_wconf 86' lang='lat' dir='ltr'><strong>proprium</strong></span> <span class='ocrx_word' id='word_1_311' title='bbox 1129 2711 1252 2768; x_wconf 91' lang='lat' dir='ltr'><strong>ﬁdei</strong></span> <span class='ocrx_word' id='word_1_312' title='bbox 1282 2724 1482 2769; x_wconf 71' lang='lat' dir='ltr'><strong>nostra:</strong></span> <span class='ocrx_word' id='word_1_313' title='bbox 1507 2731 1848 2777; x_wconf 86' lang='lat' dir='ltr'><strong>sermonem.</strong></span> <span class='ocrx_word' id='word_1_314' title='bbox 1883 2717 2062 2770; x_wconf 90' lang='lat' dir='ltr'><strong>lumen</strong></span> <span class='ocrx_word' id='word_1_315' title='bbox 2097 2719 2164 2772; x_wconf 90' lang='lat' dir='ltr'><strong>de</strong></span> 
     </span>
    </p>
   </div>
   <div class='ocr_carea' id='block_1_43' title="bbox 587 2803 2164 2872">
    <p class='ocr_par' dir='ltr' id='par_1_43' title="bbox 587 2803 2164 2872">
     <span class='ocr_line' id='line_1_43' title="bbox 587 2803 2164 2872; baseline 0.002 -15"><span class='ocrx_word' id='word_1_316' title='bbox 587 2803 828 2868; x_wconf 83' lang='lat' dir='ltr'><strong>lumine,</strong></span> <span class='ocrx_word' id='word_1_317' title='bbox 873 2803 1018 2860; x_wconf 90' lang='lat' dir='ltr'><strong>Deus</strong></span> <span class='ocrx_word' id='word_1_318' title='bbox 1046 2820 1208 2860; x_wconf 86' lang='lat' dir='ltr'><strong>verus</strong></span> <span class='ocrx_word' id='word_1_319' title='bbox 1239 2806 1308 2861; x_wconf 90' lang='lat' dir='ltr'><strong>de</strong></span> <span class='ocrx_word' id='word_1_320' title='bbox 1352 2805 1464 2861; x_wconf 92' lang='lat' dir='ltr'><strong>Deo</strong></span> <span class='ocrx_word' id='word_1_321' title='bbox 1506 2823 1668 2872; x_wconf 91' lang='lat' dir='ltr'><strong>vero,</strong></span> <span class='ocrx_word' id='word_1_322' title='bbox 1711 2809 1900 2862; x_wconf 81' lang='lat' dir='ltr'><strong>omnia</strong></span> <span class='ocrx_word' id='word_1_323' title='bbox 1950 2808 2038 2861; x_wconf 92' lang='lat' dir='ltr'><strong>hic</strong></span> <span class='ocrx_word' id='word_1_324' title='bbox 2078 2815 2164 2862; x_wconf 86' lang='lat' dir='ltr'><strong>est</strong></span> 
     </span>
    </p>
   </div>
   <div class='ocr_carea' id='block_1_44' title="bbox 589 2897 2162 2970">
    <p class='ocr_par' dir='ltr' id='par_1_44' title="bbox 589 2897 2162 2970">
     <span class='ocr_line' id='line_1_44' title="bbox 589 2897 2162 2970; baseline 0.003 -21"><span class='ocrx_word' id='word_1_325' title='bbox 589 2911 933 2966; x_wconf 68' lang='lat' dir='ltr'><strong>quaecunque</strong></span> <span class='ocrx_word' id='word_1_326' title='bbox 962 2905 1046 2951; x_wconf 92' lang='lat' dir='ltr'><strong>est</strong></span> <span class='ocrx_word' id='word_1_327' title='bbox 1073 2897 1165 2952; x_wconf 91' lang='lat' dir='ltr'><strong>ille</strong></span> <span class='ocrx_word' id='word_1_328' title='bbox 1185 2938 1199 2962; x_wconf 94' lang='lat'><strong>,</strong></span> <span class='ocrx_word' id='word_1_329' title='bbox 1227 2913 1294 2953; x_wconf 91' lang='lat' dir='ltr'><strong>eo</strong></span> <span class='ocrx_word' id='word_1_330' title='bbox 1321 2909 1548 2968; x_wconf 81' lang='lat' dir='ltr'><strong>excepto</strong></span> <span class='ocrx_word' id='word_1_331' title='bbox 1574 2900 1719 2970; x_wconf 90' lang='lat' dir='ltr'><strong>quod</strong></span> <span class='ocrx_word' id='word_1_332' title='bbox 1751 2901 1840 2956; x_wconf 88' lang='lat' dir='ltr'><strong>ille</strong></span> <span class='ocrx_word' id='word_1_333' title='bbox 1866 2909 1950 2954; x_wconf 82' lang='lat' dir='ltr'><strong>est</strong></span> <span class='ocrx_word' id='word_1_334' title='bbox 1977 2899 2162 2955; x_wconf 87' lang='lat' dir='ltr'><strong>Pater.</strong></span> 
     </span>
    </p>
   </div>
   <div class='ocr_carea' id='block_1_45' title="bbox 590 2989 2162 3061">
    <p class='ocr_par' dir='ltr' id='par_1_45' title="bbox 590 2989 2162 3061">
     <span class='ocr_line' id='line_1_45' title="bbox 590 2989 2162 3061; baseline 0.003 -19"><span class='ocrx_word' id='word_1_335' title='bbox 590 2990 829 3060; x_wconf 84' lang='lat' dir='ltr'><strong>Scopum</strong></span> <span class='ocrx_word' id='word_1_336' title='bbox 858 2998 1039 3045; x_wconf 90' lang='lat' dir='ltr'><strong>autem</strong></span> <span class='ocrx_word' id='word_1_337' title='bbox 1073 2991 1234 3061; x_wconf 89' lang='lat' dir='ltr'><strong>cujus</strong></span> <span class='ocrx_word' id='word_1_338' title='bbox 1260 3006 1428 3046; x_wconf 87' lang='lat' dir='ltr'><strong>causa</strong></span> <span class='ocrx_word' id='word_1_339' title='bbox 1460 2991 1574 3045; x_wconf 76' lang='lat' dir='ltr'><strong>haec</strong></span> <span class='ocrx_word' id='word_1_340' title='bbox 1599 2989 1896 3046; x_wconf 86' lang='lat' dir='ltr'><strong>artiﬁciose</strong></span> <span class='ocrx_word' id='word_1_341' title='bbox 1919 2999 2162 3046; x_wconf 88' lang='lat' dir='ltr'><strong>tractans</strong></span> 
     </span>
    </p>
   </div>
   <div class='ocr_carea' id='block_1_46' title="bbox 589 3081 2158 3152">
    <p class='ocr_par' dir='ltr' id='par_1_46' title="bbox 589 3081 2158 3152">
     <span class='ocr_line' id='line_1_46' title="bbox 589 3081 2158 3152; baseline 0.001 -18"><span class='ocrx_word' id='word_1_342' title='bbox 589 3081 954 3152; x_wconf 87' lang='lat' dir='ltr'><strong>persequitur,</strong></span> <span class='ocrx_word' id='word_1_343' title='bbox 977 3097 1087 3136; x_wconf 91' lang='lat' dir='ltr'><strong>non</strong></span> <span class='ocrx_word' id='word_1_344' title='bbox 1118 3082 1354 3137; x_wconf 86' lang='lat' dir='ltr'><strong>arbitror</strong></span> <span class='ocrx_word' id='word_1_345' title='bbox 1384 3090 1638 3152; x_wconf 84' lang='lat' dir='ltr'><strong>oportere</strong></span> <span class='ocrx_word' id='word_1_346' title='bbox 1667 3082 2158 3152; x_wconf 58' lang='lat' dir='ltr'><strong>impraesentiarum</strong></span> 
     </span>
    </p>
   </div>
   <div class='ocr_carea' id='block_1_47' title="bbox 587 3170 2159 3244">
    <p class='ocr_par' dir='ltr' id='par_1_47' title="bbox 587 3170 2159 3244">
     <span class='ocr_line' id='line_1_47' title="bbox 587 3170 2159 3244; baseline 0.001 -18"><span class='ocrx_word' id='word_1_347' title='bbox 587 3173 791 3228; x_wconf 88' lang='lat' dir='ltr'><strong>dicere.</strong></span> <span class='ocrx_word' id='word_1_348' title='bbox 820 3170 947 3228; x_wconf 88' lang='lat' dir='ltr'><strong>Sive</strong></span> <span class='ocrx_word' id='word_1_349' title='bbox 975 3173 1153 3228; x_wconf 82' lang='lat' dir='ltr'><strong>audax</strong></span> <span class='ocrx_word' id='word_1_350' title='bbox 1174 3183 1230 3229; x_wconf 91' lang='lat' dir='ltr'><strong>et</strong></span> <span class='ocrx_word' id='word_1_351' title='bbox 1252 3175 1618 3244; x_wconf 90' lang='lat' dir='ltr'><strong>periculosum</strong></span> <span class='ocrx_word' id='word_1_352' title='bbox 1640 3214 1654 3238; x_wconf 91' lang='lat'><strong>,</strong></span> <span class='ocrx_word' id='word_1_353' title='bbox 1685 3174 1802 3228; x_wconf 84' lang='lat' dir='ltr'><strong>sive</strong></span> <span class='ocrx_word' id='word_1_354' title='bbox 1832 3189 2159 3229; x_wconf 83' lang='lat' dir='ltr'><strong>concessum</strong></span> 
     </span>
    </p>
   </div>
   <div class='ocr_carea' id='block_1_48' title="bbox 587 3265 2162 3337">
    <p class='ocr_par' dir='ltr' id='par_1_48' title="bbox 587 3265 2162 3337">
     <span class='ocr_line' id='line_1_48' title="bbox 587 3265 2162 3337; baseline 0 -17"><span class='ocrx_word' id='word_1_355' title='bbox 587 3274 674 3320; x_wconf 88' lang='lat' dir='ltr'><strong>est</strong></span> <span class='ocrx_word' id='word_1_356' title='bbox 700 3273 754 3319; x_wconf 89' lang='lat' dir='ltr'><strong>et</strong></span> <span class='ocrx_word' id='word_1_357' title='bbox 784 3265 1028 3335; x_wconf 87' lang='lat' dir='ltr'><strong>periculo</strong></span> <span class='ocrx_word' id='word_1_358' title='bbox 1057 3277 1245 3331; x_wconf 85' lang='lat' dir='ltr'><strong>vacat,</strong></span> <span class='ocrx_word' id='word_1_359' title='bbox 1281 3267 1516 3337; x_wconf 89' lang='lat' dir='ltr'><strong>ﬁgurare</strong></span> <span class='ocrx_word' id='word_1_360' title='bbox 1547 3282 1615 3321; x_wconf 76' lang='lat' dir='ltr'><strong>ex</strong></span> <span class='ocrx_word' id='word_1_361' title='bbox 1643 3267 1826 3336; x_wconf 90' lang='lat' dir='ltr'><strong>aliquo</strong></span> <span class='ocrx_word' id='word_1_362' title='bbox 1855 3267 1921 3320; x_wconf 88' lang='lat' dir='ltr'><strong>ad</strong></span> <span class='ocrx_word' id='word_1_363' title='bbox 1954 3266 2162 3337; x_wconf 79' lang='lat' dir='ltr'><strong>aliquid</strong></span> 
     </span>
    </p>
   </div>
   <div class='ocr_carea' id='block_1_49' title="bbox 591 3355 2164 3430">
    <p class='ocr_par' dir='ltr' id='par_1_49' title="bbox 591 3355 2164 3430">
     <span class='ocr_line' id='line_1_49' title="bbox 591 3355 2164 3430; baseline 0.001 -22"><span class='ocrx_word' id='word_1_364' title='bbox 591 3356 646 3408; x_wconf 90' lang='lat' dir='ltr'><strong>in</strong></span> <span class='ocrx_word' id='word_1_365' title='bbox 674 3355 857 3409; x_wconf 90' lang='lat' dir='ltr'><strong>divina</strong></span> <span class='ocrx_word' id='word_1_366' title='bbox 880 3367 1073 3410; x_wconf 88' lang='lat' dir='ltr'><strong>natura</strong></span> <span class='ocrx_word' id='word_1_367' title='bbox 1099 3357 1486 3428; x_wconf 83' lang='lat' dir='ltr'><strong>signiﬁcativas</strong></span> <span class='ocrx_word' id='word_1_368' title='bbox 1508 3357 1775 3414; x_wconf 86' lang='lat' dir='ltr'><strong>dictiones</strong></span> <span class='ocrx_word' id='word_1_369' title='bbox 1796 3397 1812 3421; x_wconf 86' lang='lat'><strong>,</strong></span> <span class='ocrx_word' id='word_1_370' title='bbox 1834 3367 1890 3414; x_wconf 88' lang='lat' dir='ltr'><strong>et</strong></span> <span class='ocrx_word' id='word_1_371' title='bbox 1919 3358 2164 3430; x_wconf 82' lang='grc' dir='ltr'>γέννημα</span> 
     </span>
    </p>
   </div>
   <div class='ocr_carea' id='block_1_50' title="bbox 591 3447 1841 3520">
    <p class='ocr_par' dir='ltr' id='par_1_50' title="bbox 591 3447 1841 3520">
     <span class='ocr_line' id='line_1_50' title="bbox 591 3447 1841 3520; baseline 0.006 -24"><span class='ocrx_word' id='word_1_372' title='bbox 591 3447 972 3517; x_wconf 84' lang='lat' dir='ltr'><strong>(progeniem)</strong></span> <span class='ocrx_word' id='word_1_373' title='bbox 1001 3448 1186 3503; x_wconf 86' lang='lat' dir='ltr'><strong>dicere</strong></span> <span class='ocrx_word' id='word_1_374' title='bbox 1210 3464 1336 3503; x_wconf 90' lang='lat' dir='ltr'><strong>eum</strong></span> <span class='ocrx_word' id='word_1_375' title='bbox 1368 3449 1464 3518; x_wconf 88' lang='lat' dir='ltr'><strong>qui</strong></span> <span class='ocrx_word' id='word_1_376' title='bbox 1491 3449 1706 3520; x_wconf 84' lang='lat' dir='ltr'><strong>genitus</strong></span> <span class='ocrx_word' id='word_1_377' title='bbox 1735 3458 1841 3505; x_wconf 90' lang='lat' dir='ltr'><strong>est.</strong></span> 
     </span>
    </p>
   </div>
   <div class='ocr_carea' id='block_1_51' title="bbox 663 3535 2164 3610">
    <p class='ocr_par' dir='ltr' id='par_1_51' title="bbox 663 3535 2164 3610">
     <span class='ocr_line' id='line_1_51' title="bbox 663 3535 2164 3610; baseline 0.007 -22"><span class='ocrx_word' id='word_1_378' title='bbox 663 3535 789 3591; x_wconf 66' lang='lat' dir='ltr'><strong>ﬂxec</strong></span> <span class='ocrx_word' id='word_1_379' title='bbox 831 3547 1132 3607; x_wconf 70' lang='lat' dir='ltr'><strong>praetereo,</strong></span> <span class='ocrx_word' id='word_1_380' title='bbox 1181 3555 1250 3594; x_wconf 91' lang='lat' dir='ltr'><strong>ne</strong></span> <span class='ocrx_word' id='word_1_381' title='bbox 1293 3541 1421 3594; x_wconf 92' lang='lat' dir='ltr'><strong>dum</strong></span> <span class='ocrx_word' id='word_1_382' title='bbox 1472 3556 1637 3610; x_wconf 89' lang='lat' dir='ltr'><strong>super</strong></span> <span class='ocrx_word' id='word_1_383' title='bbox 1689 3541 1896 3595; x_wconf 89' lang='lat' dir='ltr'><strong>minora</strong></span> <span class='ocrx_word' id='word_1_384' title='bbox 1946 3551 2164 3598; x_wconf 88' lang='lat' dir='ltr'><strong>certans</strong></span> 
     </span>
    </p>
   </div>
   <div class='ocr_carea' id='block_1_52' title="bbox 591 3628 2164 3702">
    <p class='ocr_par' dir='ltr' id='par_1_52' title="bbox 591 3628 2164 3702">
     <span class='ocr_line' id='line_1_52' title="bbox 591 3628 2164 3702; baseline 0.006 -22"><span class='ocrx_word' id='word_1_385' title='bbox 591 3634 792 3697; x_wconf 60' lang='lat' dir='ltr'><strong>prater</strong></span> <span class='ocrx_word' id='word_1_386' title='bbox 827 3628 1082 3682; x_wconf 89' lang='lat' dir='ltr'><strong>decorum</strong></span> <span class='ocrx_word' id='word_1_387' title='bbox 1117 3645 1298 3684; x_wconf 88' lang='lat' dir='ltr'><strong>sermo</strong></span> <span class='ocrx_word' id='word_1_388' title='bbox 1332 3638 1519 3686; x_wconf 89' lang='lat' dir='ltr'><strong>noster</strong></span> <span class='ocrx_word' id='word_1_389' title='bbox 1547 3640 1868 3701; x_wconf 89' lang='lat' dir='ltr'><strong>occupatur,</strong></span> <span class='ocrx_word' id='word_1_390' title='bbox 1899 3633 2047 3702; x_wconf 90' lang='lat' dir='ltr'><strong>quod</strong></span> <span class='ocrx_word' id='word_1_391' title='bbox 2079 3643 2164 3689; x_wconf 89' lang='lat' dir='ltr'><strong>est</strong></span> 
     </span>
    </p>
   </div>
   <div class='ocr_carea' id='block_1_53' title="bbox 592 3719 2165 3794">
    <p class='ocr_par' dir='ltr' id='par_1_53' title="bbox 592 3719 2165 3794">
     <span class='ocr_line' id='line_1_53' title="bbox 592 3719 2165 3794; baseline 0.005 -23"><span class='ocrx_word' id='word_1_392' title='bbox 592 3719 771 3788; x_wconf 86' lang='lat' dir='ltr'><strong>majus</strong></span> <span class='ocrx_word' id='word_1_393' title='bbox 795 3721 1050 3791; x_wconf 81' lang='lat' dir='ltr'><strong>negligat.</strong></span> <span class='ocrx_word' id='word_1_394' title='bbox 1076 3721 1182 3776; x_wconf 89' lang='lat' dir='ltr'><strong>Sed</strong></span> <span class='ocrx_word' id='word_1_395' title='bbox 1212 3721 1346 3776; x_wconf 91' lang='lat' dir='ltr'><strong>illud</strong></span> <span class='ocrx_word' id='word_1_396' title='bbox 1372 3722 1496 3777; x_wconf 90' lang='lat' dir='ltr'><strong>dico</strong></span> <span class='ocrx_word' id='word_1_397' title='bbox 1519 3732 1772 3777; x_wconf 91' lang='lat' dir='ltr'><strong>accurate</strong></span> <span class='ocrx_word' id='word_1_398' title='bbox 1798 3733 1850 3785; x_wconf 85' lang='lat' dir='ltr'><strong>et</strong></span> <span class='ocrx_word' id='word_1_399' title='bbox 1874 3723 2165 3794; x_wconf 85' lang='lat' dir='ltr'><strong>diligenter</strong></span> 
     </span>
    </p>
   </div>
   <div class='ocr_carea' id='block_1_54' title="bbox 591 3813 2166 3881">
    <p class='ocr_par' dir='ltr' id='par_1_54' title="bbox 591 3813 2166 3881">
     <span class='ocr_line' id='line_1_54' title="bbox 591 3813 2166 3881; baseline 0.004 -17"><span class='ocrx_word' id='word_1_400' title='bbox 591 3813 1030 3881; x_wconf 91' lang='lat' dir='ltr'><strong>cognoscendum</strong></span> <span class='ocrx_word' id='word_1_401' title='bbox 1061 3828 1184 3869; x_wconf 89' lang='lat' dir='ltr'><strong>esse</strong></span> <span class='ocrx_word' id='word_1_402' title='bbox 1210 3822 1264 3868; x_wconf 83' lang='lat' dir='ltr'><strong>et</strong></span> <span class='ocrx_word' id='word_1_403' title='bbox 1290 3813 1691 3870; x_wconf 88' lang='lat' dir='ltr'><strong>discutiendum</strong></span> <span class='ocrx_word' id='word_1_404' title='bbox 1714 3855 1729 3879; x_wconf 93' lang='lat'><strong>,</strong></span> <span class='ocrx_word' id='word_1_405' title='bbox 1758 3827 1940 3870; x_wconf 91' lang='lat' dir='ltr'><strong>utrum</strong></span> <span class='ocrx_word' id='word_1_406' title='bbox 1967 3832 2166 3872; x_wconf 85' lang='lat' dir='ltr'><strong>secun-</strong></span> 
     </span>
    </p>
   </div>
   <div class='ocr_carea' id='block_1_55' title="bbox 591 3902 2158 3961">
    <p class='ocr_par' dir='ltr' id='par_1_55' title="bbox 591 3902 2158 3961">
     <span class='ocr_line' id='line_1_55' title="bbox 591 3902 2158 3961; baseline 0.001 -3"><span class='ocrx_word' id='word_1_407' title='bbox 591 3902 721 3958; x_wconf 91' lang='lat' dir='ltr'><strong>dum</strong></span> <span class='ocrx_word' id='word_1_408' title='bbox 747 3912 997 3957; x_wconf 91' lang='lat' dir='ltr'><strong>naturam</strong></span> <span class='ocrx_word' id='word_1_409' title='bbox 1025 3904 1216 3959; x_wconf 90' lang='lat' dir='ltr'><strong>relatio</strong></span> <span class='ocrx_word' id='word_1_410' title='bbox 1238 3904 1432 3960; x_wconf 89' lang='lat' dir='ltr'><strong>borum</strong></span> <span class='ocrx_word' id='word_1_411' title='bbox 1461 3906 1636 3960; x_wconf 90' lang='lat' dir='ltr'><strong>induit</strong></span> <span class='ocrx_word' id='word_1_412' title='bbox 1661 3907 1942 3961; x_wconf 88' lang='lat' dir='ltr'><strong>nominum</strong></span> <span class='ocrx_word' id='word_1_413' title='bbox 1966 3922 2158 3961; x_wconf 84' lang='lat' dir='ltr'><strong>usum:</strong></span> 
     </span>
    </p>
   </div>
   <div class='ocr_carea' id='block_1_56' title="bbox 583 3995 2163 4071">
    <p class='ocr_par' dir='ltr' id='par_1_56' title="bbox 583 3995 2163 4071">
     <span class='ocr_line' id='line_1_56' title="bbox 583 3995 2163 4071; baseline 0.001 -19"><span class='ocrx_word' id='word_1_414' title='bbox 583 3997 690 4052; x_wconf 83' lang='lat' dir='ltr'><strong>hoc</strong></span> <span class='ocrx_word' id='word_1_415' title='bbox 723 3995 870 4050; x_wconf 89' lang='lat' dir='ltr'><strong>enim</strong></span> <span class='ocrx_word' id='word_1_416' title='bbox 899 3995 988 4050; x_wconf 90' lang='lat' dir='ltr'><strong>ille</strong></span> <span class='ocrx_word' id='word_1_417' title='bbox 1022 4012 1252 4066; x_wconf 90' lang='lat' dir='ltr'><strong>prorsus</strong></span> <span class='ocrx_word' id='word_1_418' title='bbox 1277 3998 1352 4051; x_wconf 91' lang='lat' dir='ltr'><strong>ait</strong></span> <span class='ocrx_word' id='word_1_419' title='bbox 1372 4041 1387 4060; x_wconf 87' lang='lat'><strong>.</strong></span> <span class='ocrx_word' id='word_1_420' title='bbox 1420 3999 1562 4068; x_wconf 91' lang='lat' dir='ltr'><strong>quod</strong></span> <span class='ocrx_word' id='word_1_421' title='bbox 1587 4014 1710 4053; x_wconf 92' lang='lat' dir='ltr'><strong>cum</strong></span> <span class='ocrx_word' id='word_1_422' title='bbox 1740 4000 2163 4071; x_wconf 89' lang='lat' dir='ltr'><strong>appellationum</strong></span> 
     </span>
    </p>
   </div>
   <div class='ocr_carea' id='block_1_57' title="bbox 590 4089 2160 4159">
    <p class='ocr_par' dir='ltr' id='par_1_57' title="bbox 590 4089 2160 4159">
     <span class='ocr_line' id='line_1_57' title="bbox 590 4089 2160 4159; baseline 0.002 -18"><span class='ocrx_word' id='word_1_423' title='bbox 590 4089 922 4158; x_wconf 86' lang='lat' dir='ltr'><strong>proprietate</strong></span> <span class='ocrx_word' id='word_1_424' title='bbox 941 4090 1146 4158; x_wconf 87' lang='lat' dir='ltr'><strong>pariter</strong></span> <span class='ocrx_word' id='word_1_425' title='bbox 1167 4089 1220 4144; x_wconf 91' lang='lat' dir='ltr'><strong>id</strong></span> <span class='ocrx_word' id='word_1_426' title='bbox 1252 4091 1398 4159; x_wconf 88' lang='lat' dir='ltr'><strong>quod</strong></span> <span class='ocrx_word' id='word_1_427' title='bbox 1425 4099 1509 4145; x_wconf 90' lang='lat' dir='ltr'><strong>est</strong></span> <span class='ocrx_word' id='word_1_428' title='bbox 1539 4092 1840 4146; x_wconf 89' lang='lat' dir='ltr'><strong>secundum</strong></span> <span class='ocrx_word' id='word_1_429' title='bbox 1865 4092 2160 4146; x_wconf 83' lang='lat' dir='ltr'><strong>essentiam</strong></span> 
     </span>
    </p>
   </div>
   <div class='ocr_carea' id='block_1_58' title="bbox 591 4170 2165 4249">
    <p class='ocr_par' dir='ltr' id='par_1_58' title="bbox 591 4170 2165 4249">
     <span class='ocr_line' id='line_1_58' title="bbox 591 4170 2165 4249; baseline 0 -17"><span class='ocrx_word' id='word_1_430' title='bbox 591 4178 889 4233; x_wconf 80' lang='lat' dir='ltr'><strong>inducitur.</strong></span> <span class='ocrx_word' id='word_1_431' title='bbox 914 4177 1034 4232; x_wconf 86' lang='lat' dir='ltr'><strong>Non</strong></span> <span class='ocrx_word' id='word_1_432' title='bbox 1063 4180 1209 4233; x_wconf 91' lang='lat' dir='ltr'><strong>enim</strong></span> <span class='ocrx_word' id='word_1_433' title='bbox 1241 4179 1295 4233; x_wconf 91' lang='lat' dir='ltr'><strong>in</strong></span> <span class='ocrx_word' id='word_1_434' title='bbox 1322 4180 1518 4249; x_wconf 91' lang='lat' dir='ltr'><strong>seipsis</strong></span> <span class='ocrx_word' id='word_1_435' title='bbox 1551 4170 1944 4235; x_wconf 24' lang='lat' dir='ltr'><strong>nuda‘nomina</strong></span> <span class='ocrx_word' id='word_1_436' title='bbox 1965 4181 2032 4233; x_wconf 89' lang='lat' dir='ltr'><strong>ab</strong></span> <span class='ocrx_word' id='word_1_437' title='bbox 2058 4195 2165 4234; x_wconf 92' lang='lat' dir='ltr'><strong>em-</strong></span> 
     </span>
    </p>
   </div>
   <div class='ocr_carea' id='block_1_59' title="bbox 591 4270 2163 4342">
    <p class='ocr_par' dir='ltr' id='par_1_59' title="bbox 591 4270 2163 4342">
     <span class='ocr_line' id='line_1_59' title="bbox 591 4270 2163 4342; baseline 0.002 -18"><span class='ocrx_word' id='word_1_438' title='bbox 591 4270 749 4341; x_wconf 88' lang='lat' dir='ltr'><strong>phasi</strong></span> <span class='ocrx_word' id='word_1_439' title='bbox 777 4271 1208 4342; x_wconf 89' lang='lat' dir='ltr'><strong>signiﬁcatorum</strong></span> <span class='ocrx_word' id='word_1_440' title='bbox 1239 4272 1547 4342; x_wconf 75' lang='lat' dir='ltr'><strong>disjuncta&#39;,</strong></span> <span class='ocrx_word' id='word_1_441' title='bbox 1579 4273 1898 4326; x_wconf 87' lang='lat' dir='ltr'><strong>relationem</strong></span> <span class='ocrx_word' id='word_1_442' title='bbox 1931 4273 2072 4326; x_wconf 90' lang='lat' dir='ltr'><strong>inter</strong></span> <span class='ocrx_word' id='word_1_443' title='bbox 2103 4286 2163 4327; x_wconf 86' lang='lat' dir='ltr'><strong>se</strong></span> 
     </span>
    </p>
   </div>
   <div class='ocr_carea' id='block_1_60' title="bbox 594 4361 2161 4432">
    <p class='ocr_par' dir='ltr' id='par_1_60' title="bbox 594 4361 2161 4432">
     <span class='ocr_line' id='line_1_60' title="bbox 594 4361 2161 4432; baseline 0.001 -18"><span class='ocrx_word' id='word_1_444' title='bbox 594 4361 793 4417; x_wconf 86' lang='lat' dir='ltr'><strong>habere</strong></span> <span class='ocrx_word' id='word_1_445' title='bbox 821 4361 1058 4430; x_wconf 89' lang='lat' dir='ltr'><strong>aliquam</strong></span> <span class='ocrx_word' id='word_1_446' title='bbox 1088 4369 1144 4415; x_wconf 90' lang='lat' dir='ltr'><strong>et</strong></span> <span class='ocrx_word' id='word_1_447' title='bbox 1172 4361 1600 4416; x_wconf 82' lang='lat' dir='ltr'><strong>familiaritatem</strong></span> <span class='ocrx_word' id='word_1_448' title='bbox 1631 4363 1754 4432; x_wconf 91' lang='lat' dir='ltr'><strong>quis</strong></span> <span class='ocrx_word' id='word_1_449' title='bbox 1786 4363 1987 4417; x_wconf 75' lang='lat' dir='ltr'><strong>dixerit</strong></span> <span class='ocrx_word' id='word_1_450' title='bbox 2018 4381 2032 4416; x_wconf 90' lang='lat'>:</span> <span class='ocrx_word' id='word_1_451' title='bbox 2066 4363 2161 4418; x_wconf 87' lang='lat' dir='ltr'><strong>sed</strong></span> 
     </span>
    </p>
   </div>
   <div class='ocr_carea' id='block_1_61' title="bbox 2261 1883 3788 1966">
    <p class='ocr_par' dir='ltr' id='par_1_61' title="bbox 2261 1883 3788 1966">
     <span class='ocr_line' id='line_1_61' title="bbox 2261 1883 3788 1966; baseline 0.011 -32"><span class='ocrx_word' id='word_1_452' title='bbox 2261 1883 2322 1935; x_wconf 79' lang='grc' dir='ltr'><strong>οὐ</strong></span> <span class='ocrx_word' id='word_1_453' title='bbox 2352 1885 2780 1959; x_wconf 79' lang='grc' dir='ltr'>μεταϐληθείσης</span> <span class='ocrx_word' id='word_1_454' title='bbox 2808 1893 2886 1954; x_wconf 85' lang='grc' dir='ltr'><strong>είς</strong></span> <span class='ocrx_word' id='word_1_455' title='bbox 2915 1893 3203 1964; x_wconf 80' lang='grc' dir='ltr'><strong>ἑτερότητα</strong></span> <span class='ocrx_word' id='word_1_456' title='bbox 3233 1898 3291 1948; x_wconf 78' lang='grc' dir='ltr'><strong>ὲν</strong></span> <span class='ocrx_word' id='word_1_457' title='bbox 3315 1899 3379 1966; x_wconf 81' lang='grc' dir='ltr'><strong>τῇ</strong></span> <span class='ocrx_word' id='word_1_458' title='bbox 3404 1897 3497 1949; x_wconf 78' lang='grc' dir='ltr'>τοῦ</span> <span class='ocrx_word' id='word_1_459' title='bbox 3533 1897 3650 1950; x_wconf 83' lang='grc' dir='ltr'><strong>Υίοῦ</strong></span> <span class='ocrx_word' id='word_1_460' title='bbox 3682 1900 3788 1950; x_wconf 80' lang='grc' dir='ltr'>ὑπο-</span> 
     </span>
    </p>
   </div>
   <div class='ocr_carea' id='block_1_62' title="bbox 2264 1979 3790 2061">
    <p class='ocr_par' dir='ltr' id='par_1_62' title="bbox 2264 1979 3790 2061">
     <span class='ocr_line' id='line_1_62' title="bbox 2264 1979 3790 2061; baseline 0.009 -31"><span class='ocrx_word' id='word_1_461' title='bbox 2264 1979 2448 2032; x_wconf 77' lang='grc' dir='ltr'><strong>στάσει</strong></span> <span class='ocrx_word' id='word_1_462' title='bbox 2479 1981 2577 2051; x_wconf 84' lang='grc' dir='ltr'><strong>τῆς</strong></span> <span class='ocrx_word' id='word_1_463' title='bbox 2602 1982 2831 2050; x_wconf 80' lang='grc' dir='ltr'>φύσεως,</span> <span class='ocrx_word' id='word_1_464' title='bbox 2859 1985 3000 2040; x_wconf 77' lang='grc' dir='ltr'>κατὰ</span> <span class='ocrx_word' id='word_1_465' title='bbox 3020 1989 3118 2058; x_wconf 81' lang='grc' dir='ltr'>τὴν</span> <span class='ocrx_word' id='word_1_466' title='bbox 3146 1989 3550 2060; x_wconf 83' lang='grc' dir='ltr'>προδειχθεῖσαν</span> <span class='ocrx_word' id='word_1_467' title='bbox 3575 1994 3692 2061; x_wconf 80' lang='grc' dir='ltr'>ἡμῖν</span> <span class='ocrx_word' id='word_1_468' title='bbox 3716 1992 3790 2044; x_wconf 72' lang='grc' dir='ltr'>τοῦ</span> 
     </span>
    </p>
   </div>
   <div class='ocr_carea' id='block_1_63' title="bbox 2261 2069 3788 2152">
    <p class='ocr_par' dir='ltr' id='par_1_63' title="bbox 2261 2069 3788 2152">
     <span class='ocr_line' id='line_1_63' title="bbox 2261 2069 3788 2152; baseline 0.008 -30"><span class='ocrx_word' id='word_1_469' title='bbox 2261 2069 2418 2139; x_wconf 81' lang='grc' dir='ltr'>λόγου</span> <span class='ocrx_word' id='word_1_470' title='bbox 2447 2073 2722 2144; x_wconf 84' lang='grc' dir='ltr'>ἀλήθειαν.</span> <span class='ocrx_word' id='word_1_471' title='bbox 2778 2078 2898 2129; x_wconf 70' lang='grc' dir='ltr'>Ἐπὶ</span> <span class='ocrx_word' id='word_1_472' title='bbox 2929 2079 3027 2150; x_wconf 79' lang='grc' dir='ltr'><strong>τῆς</strong></span> <span class='ocrx_word' id='word_1_473' title='bbox 3057 2080 3152 2133; x_wconf 79' lang='grc' dir='ltr'>τοῦ</span> <span class='ocrx_word' id='word_1_474' title='bbox 3199 2080 3353 2134; x_wconf 76' lang='grc' dir='ltr'><strong>Ἀὁέλ</strong></span> <span class='ocrx_word' id='word_1_475' title='bbox 3391 2083 3572 2145; x_wconf 75' lang='grc' dir='ltr'>οὐσίας</span> <span class='ocrx_word' id='word_1_476' title='bbox 3603 2083 3689 2152; x_wconf 68' lang='grc' dir='ltr'>τὴν</span> <span class='ocrx_word' id='word_1_477' title='bbox 3713 2083 3788 2150; x_wconf 77' lang='grc' dir='ltr'>τῆς</span> 
     </span>
    </p>
   </div>
   <div class='ocr_carea' id='block_1_64' title="bbox 2264 2164 3790 2243">
    <p class='ocr_par' dir='ltr' id='par_1_64' title="bbox 2264 2164 3790 2243">
     <span class='ocr_line' id='line_1_64' title="bbox 2264 2164 3790 2243; baseline 0.005 -27"><span class='ocrx_word' id='word_1_478' title='bbox 2264 2164 2477 2232; x_wconf 74' lang='grc' dir='ltr'>φύσεως</span> <span class='ocrx_word' id='word_1_479' title='bbox 2497 2168 2845 2240; x_wconf 79' lang='grc' dir='ltr'>παραλλαγὴν</span> <span class='ocrx_word' id='word_1_480' title='bbox 2869 2171 2968 2224; x_wconf 78' lang='grc' dir='ltr'>οὐκ</span> <span class='ocrx_word' id='word_1_481' title='bbox 2991 2174 3244 2243; x_wconf 76' lang='grc' dir='ltr'>ἐποίησεν</span> <span class='ocrx_word' id='word_1_482' title='bbox 3268 2190 3280 2202; x_wconf 77' lang='grc' dir='ltr'><strong>ο</strong></span> <span class='ocrx_word' id='word_1_483' title='bbox 3309 2174 3481 2237; x_wconf 74' lang='grc' dir='ltr'>οὕτως</span> <span class='ocrx_word' id='word_1_484' title='bbox 3502 2177 3590 2228; x_wconf 79' lang='grc' dir='ltr'><strong>καὶ</strong></span> <span class='ocrx_word' id='word_1_485' title='bbox 3612 2173 3790 2226; x_wconf 75' lang='grc' dir='ltr'>ἐπὶτῶν</span> 
     </span>
    </p>
   </div>
   <div class='ocr_carea' id='block_1_65' title="bbox 2262 2256 3790 2337">
    <p class='ocr_par' dir='ltr' id='par_1_65' title="bbox 2262 2256 3790 2337">
     <span class='ocr_line' id='line_1_65' title="bbox 2262 2256 3790 2337; baseline 0.007 -29"><span class='ocrx_word' id='word_1_486' title='bbox 2262 2256 2553 2327; x_wconf 83' lang='grc' dir='ltr'><strong>ἀκηράτων</strong></span> <span class='ocrx_word' id='word_1_487' title='bbox 2576 2259 2880 2329; x_wconf 85' lang='grc' dir='ltr'><strong>δογμάτων,</strong></span> <span class='ocrx_word' id='word_1_488' title='bbox 2910 2265 3058 2318; x_wconf 76' lang='grc' dir='ltr'>οὐδὲν</span> <span class='ocrx_word' id='word_1_489' title='bbox 3103 2267 3160 2318; x_wconf 82' lang='grc' dir='ltr'>ὲν</span> <span class='ocrx_word' id='word_1_490' title='bbox 3204 2266 3380 2337; x_wconf 79' lang='grc' dir='ltr'>ἑαυτῷ</span> <span class='ocrx_word' id='word_1_491' title='bbox 3420 2267 3504 2320; x_wconf 77' lang='grc' dir='ltr'><strong>διὰ</strong></span> <span class='ocrx_word' id='word_1_492' title='bbox 3551 2268 3640 2336; x_wconf 82' lang='grc' dir='ltr'>τῆς</span> <span class='ocrx_word' id='word_1_493' title='bbox 3682 2267 3790 2328; x_wconf 78' lang='grc' dir='ltr'>ἰδίας</span> 
     </span>
    </p>
   </div>
   <div class='ocr_carea' id='block_1_66' title="bbox 2262 2348 3790 2426">
    <p class='ocr_par' dir='ltr' id='par_1_66' title="bbox 2262 2348 3790 2426">
     <span class='ocr_line' id='line_1_66' title="bbox 2262 2348 3790 2426; baseline 0.006 -29"><span class='ocrx_word' id='word_1_494' title='bbox 2262 2348 2586 2418; x_wconf 80' lang='grc' dir='ltr'>γεννήσεως,</span> <span class='ocrx_word' id='word_1_495' title='bbox 2615 2351 2712 2420; x_wconf 79' lang='grc' dir='ltr'>τὴν</span> <span class='ocrx_word' id='word_1_496' title='bbox 2730 2351 2822 2404; x_wconf 82' lang='grc' dir='ltr'>τοῦ</span> <span class='ocrx_word' id='word_1_497' title='bbox 2853 2353 2926 2423; x_wconf 81' lang='grc' dir='ltr'>μὴ</span> <span class='ocrx_word' id='word_1_498' title='bbox 2954 2357 3302 2425; x_wconf 78' lang='grc' dir='ltr'>γεννηθέντος</span> <span class='ocrx_word' id='word_1_499' title='bbox 3332 2357 3516 2409; x_wconf 78' lang='grc' dir='ltr'>οὐσίαν</span> <span class='ocrx_word' id='word_1_500' title='bbox 3541 2357 3790 2426; x_wconf 76' lang='grc' dir='ltr'>ὴλλοίωσεν</span> 
     </span>
    </p>
   </div>
   <div class='ocr_carea' id='block_1_67' title="bbox 2262 2438 3794 2517">
    <p class='ocr_par' dir='ltr' id='par_1_67' title="bbox 2262 2438 3794 2517">
     <span class='ocr_line' id='line_1_67' title="bbox 2262 2438 3794 2517; baseline 0.007 -29"><span class='ocrx_word' id='word_1_501' title='bbox 2262 2438 2291 2488; x_wconf 88' lang='grc' dir='ltr'>ὁ</span> <span class='ocrx_word' id='word_1_502' title='bbox 2328 2439 2638 2511; x_wconf 74' lang='grc' dir='ltr'>Μονογενὴς</span> <span class='ocrx_word' id='word_1_503' title='bbox 2668 2441 2818 2505; x_wconf 85' lang='grc' dir='ltr'>Θεὸς,</span> <span class='ocrx_word' id='word_1_504' title='bbox 2861 2445 2923 2496; x_wconf 83' lang='grc' dir='ltr'>ὲκ</span> <span class='ocrx_word' id='word_1_505' title='bbox 2947 2444 3038 2497; x_wconf 80' lang='grc' dir='ltr'>τοῦ</span> <span class='ocrx_word' id='word_1_506' title='bbox 3067 2447 3278 2517; x_wconf 77' lang='grc' dir='ltr'>Πατρὸς</span> <span class='ocrx_word' id='word_1_507' title='bbox 3304 2447 3533 2513; x_wconf 80' lang='grc' dir='ltr'>ἐξελθὼν</span> <span class='ocrx_word' id='word_1_508' title='bbox 3553 2447 3637 2500; x_wconf 73' lang='grc' dir='ltr'><strong>καὶ</strong></span> <span class='ocrx_word' id='word_1_509' title='bbox 3658 2449 3704 2499; x_wconf 80' lang='grc' dir='ltr'>ἐν</span> <span class='ocrx_word' id='word_1_510' title='bbox 3728 2446 3794 2515; x_wconf 78' lang='grc' dir='ltr'>τῷ</span> 
     </span>
    </p>
   </div>
   <div class='ocr_carea' id='block_1_68' title="bbox 2264 2529 3790 2605">
    <p class='ocr_par' dir='ltr' id='par_1_68' title="bbox 2264 2529 3790 2605">
     <span class='ocr_line' id='line_1_68' title="bbox 2264 2529 3790 2605; baseline 0.007 -25"><span class='ocrx_word' id='word_1_511' title='bbox 2264 2529 2436 2600; x_wconf 72' lang='grc' dir='ltr'>Πατρὶ</span> <span class='ocrx_word' id='word_1_512' title='bbox 2459 2529 2555 2590; x_wconf 84' lang='grc' dir='ltr'><strong>ὢν,</strong></span> <span class='ocrx_word' id='word_1_513' title='bbox 2580 2531 2762 2595; x_wconf 84' lang='grc' dir='ltr'>καθὼς</span> <span class='ocrx_word' id='word_1_514' title='bbox 2779 2534 2840 2587; x_wconf 77' lang='grc' dir='ltr'><strong>τὸ</strong></span> <span class='ocrx_word' id='word_1_515' title='bbox 2859 2535 3182 2604; x_wconf 83' lang='grc' dir='ltr'>Εὑαγγέλιον</span> <span class='ocrx_word' id='word_1_516' title='bbox 3205 2537 3374 2605; x_wconf 86' lang='grc' dir='ltr'>λέγει.</span> <span class='ocrx_word' id='word_1_517' title='bbox 3406 2538 3538 2590; x_wconf 78' lang='grc' dir='ltr'>Ἀλλ’</span> <span class='ocrx_word' id='word_1_518' title='bbox 3558 2539 3659 2591; x_wconf 85' lang='grc' dir='ltr'>ἔστι</span> <span class='ocrx_word' id='word_1_519' title='bbox 3676 2538 3790 2590; x_wconf 80' lang='grc' dir='ltr'><strong>κατᾶ</strong></span> 
     </span>
    </p>
   </div>
   <div class='ocr_carea' id='block_1_69' title="bbox 2262 2621 3794 2700">
    <p class='ocr_par' dir='ltr' id='par_1_69' title="bbox 2262 2621 3794 2700">
     <span class='ocr_line' id='line_1_69' title="bbox 2262 2621 3794 2700; baseline 0.005 -28"><span class='ocrx_word' id='word_1_520' title='bbox 2262 2621 2353 2673; x_wconf 71' lang='grc' dir='ltr'>τὸν</span> <span class='ocrx_word' id='word_1_521' title='bbox 2382 2622 2585 2675; x_wconf 80' lang='grc' dir='ltr'>ἁπλοῦν</span> <span class='ocrx_word' id='word_1_522' title='bbox 2608 2641 2666 2676; x_wconf 86' lang='grc' dir='ltr'><strong>τε</strong></span> <span class='ocrx_word' id='word_1_523' title='bbox 2711 2626 2807 2679; x_wconf 73' lang='grc' dir='ltr'><strong>καὶ</strong></span> <span class='ocrx_word' id='word_1_524' title='bbox 2842 2626 3104 2680; x_wconf 79' lang='grc' dir='ltr'>ἰδιωτικὸν</span> <span class='ocrx_word' id='word_1_525' title='bbox 3127 2629 3225 2696; x_wconf 78' lang='grc' dir='ltr'>τῆς</span> <span class='ocrx_word' id='word_1_526' title='bbox 3255 2629 3380 2682; x_wconf 87' lang='grc' dir='ltr'>καθ’</span> <span class='ocrx_word' id='word_1_527' title='bbox 3426 2631 3566 2700; x_wconf 78' lang='grc' dir='ltr'>ἡμᾶς</span> <span class='ocrx_word' id='word_1_528' title='bbox 3595 2629 3794 2689; x_wconf 83' lang='grc' dir='ltr'>πίστεως</span> 
     </span>
    </p>
   </div>
   <div class='ocr_carea' id='block_1_70' title="bbox 2263 2711 3788 2786">
    <p class='ocr_par' dir='ltr' id='par_1_70' title="bbox 2263 2711 3788 2786">
     <span class='ocr_line' id='line_1_70' title="bbox 2263 2711 3788 2786; baseline 0.002 -22"><span class='ocrx_word' id='word_1_529' title='bbox 2263 2711 2440 2778; x_wconf 82' lang='grc' dir='ltr'>λόγον.</span> <span class='ocrx_word' id='word_1_530' title='bbox 2463 2713 2577 2783; x_wconf 79' lang='grc' dir='ltr'>φῶς</span> <span class='ocrx_word' id='word_1_531' title='bbox 2607 2715 2672 2768; x_wconf 85' lang='grc' dir='ltr'>ὲκ</span> <span class='ocrx_word' id='word_1_532' title='bbox 2707 2716 2902 2782; x_wconf 79' lang='grc' dir='ltr'>φωτὸς,</span> <span class='ocrx_word' id='word_1_533' title='bbox 2933 2716 3064 2780; x_wconf 79' lang='grc' dir='ltr'>Θεὸς</span> <span class='ocrx_word' id='word_1_534' title='bbox 3088 2717 3340 2786; x_wconf 85' lang='grc' dir='ltr'>ἀληθινὸς</span> <span class='ocrx_word' id='word_1_535' title='bbox 3385 2721 3449 2772; x_wconf 84' lang='grc' dir='ltr'>ἐκ</span> <span class='ocrx_word' id='word_1_536' title='bbox 3477 2717 3602 2771; x_wconf 83' lang='grc' dir='ltr'>Θεοῦ</span> <span class='ocrx_word' id='word_1_537' title='bbox 3633 2716 3788 2786; x_wconf 82' lang='grc' dir='ltr'>ἀληθι-</span> 
     </span>
    </p>
   </div>
   <div class='ocr_carea' id='block_1_71' title="bbox 2263 2798 3789 2880">
    <p class='ocr_par' dir='ltr' id='par_1_71' title="bbox 2263 2798 3789 2880">
     <span class='ocr_line' id='line_1_71' title="bbox 2263 2798 3789 2880; baseline 0.004 -26"><span class='ocrx_word' id='word_1_538' title='bbox 2263 2801 2379 2864; x_wconf 79' lang='grc' dir='ltr'>νοῦ,</span> <span class='ocrx_word' id='word_1_539' title='bbox 2398 2802 2576 2856; x_wconf 76' lang='grc' dir='ltr'>πάντα</span> <span class='ocrx_word' id='word_1_540' title='bbox 2601 2804 2678 2856; x_wconf 85' lang='grc' dir='ltr'>ὣν</span> <span class='ocrx_word' id='word_1_541' title='bbox 2704 2798 2860 2869; x_wconf 76' lang='grc' dir='ltr'>οὗτος</span> <span class='ocrx_word' id='word_1_542' title='bbox 2885 2807 2984 2859; x_wconf 81' lang='grc' dir='ltr'><strong>ὅσα</strong></span> <span class='ocrx_word' id='word_1_543' title='bbox 3005 2807 3150 2860; x_wconf 78' lang='grc' dir='ltr'>ἐστὶν</span> <span class='ocrx_word' id='word_1_544' title='bbox 3165 2809 3390 2873; x_wconf 80' lang='grc' dir='ltr'>ἐκεῖνος,</span> <span class='ocrx_word' id='word_1_545' title='bbox 3423 2808 3554 2880; x_wconf 78' lang='grc' dir='ltr'>πλὴν</span> <span class='ocrx_word' id='word_1_546' title='bbox 3577 2806 3661 2861; x_wconf 79' lang='grc' dir='ltr'><strong>τοῦ</strong></span> <span class='ocrx_word' id='word_1_547' title='bbox 3678 2806 3789 2860; x_wconf 74' lang='grc' dir='ltr'>ἐκεῖ·</span> 
     </span>
    </p>
   </div>
   <div class='ocr_carea' id='block_1_72' title="bbox 2262 2888 3792 2971">
    <p class='ocr_par' dir='ltr' id='par_1_72' title="bbox 2262 2888 3792 2971">
     <span class='ocr_line' id='line_1_72' title="bbox 2262 2888 3792 2971; baseline 0.004 -27"><span class='ocrx_word' id='word_1_548' title='bbox 2262 2909 2351 2956; x_wconf 89' lang='grc' dir='ltr'><strong>νος</strong></span> <span class='ocrx_word' id='word_1_549' title='bbox 2379 2888 2518 2946; x_wconf 82' lang='grc' dir='ltr'>εἶναι</span> <span class='ocrx_word' id='word_1_550' title='bbox 2545 2889 2750 2963; x_wconf 84' lang='grc' dir='ltr'>Πατήρ.</span> <span class='ocrx_word' id='word_1_551' title='bbox 2772 2892 2874 2947; x_wconf 84' lang='grc' dir='ltr'>Τὸν</span> <span class='ocrx_word' id='word_1_552' title='bbox 2889 2893 2946 2948; x_wconf 79' lang='grc' dir='ltr'>δὲ</span> <span class='ocrx_word' id='word_1_553' title='bbox 2965 2898 3165 2951; x_wconf 76' lang='grc' dir='ltr'>σκοπὸν</span> <span class='ocrx_word' id='word_1_554' title='bbox 3195 2893 3255 2952; x_wconf 74' lang='grc' dir='ltr'>οὗ</span> <span class='ocrx_word' id='word_1_555' title='bbox 3280 2901 3440 2971; x_wconf 78' lang='grc' dir='ltr'>χάριν</span> <span class='ocrx_word' id='word_1_556' title='bbox 3458 2899 3617 2953; x_wconf 76' lang='grc' dir='ltr'>ταῦτα</span> <span class='ocrx_word' id='word_1_557' title='bbox 3641 2914 3792 2968; x_wconf 86' lang='grc' dir='ltr'>τεχνο-</span> 
     </span>
    </p>
   </div>
   <div class='ocr_carea' id='block_1_73' title="bbox 2262 2983 3788 3060">
    <p class='ocr_par' dir='ltr' id='par_1_73' title="bbox 2262 2983 3788 3060">
     <span class='ocr_line' id='line_1_73' title="bbox 2262 2983 3788 3060; baseline 0.003 -24"><span class='ocrx_word' id='word_1_558' title='bbox 2262 2983 2438 3053; x_wconf 90' lang='grc' dir='ltr'>λογῶν</span> <span class='ocrx_word' id='word_1_559' title='bbox 2470 2984 2824 3056; x_wconf 81' lang='grc' dir='ltr'>διεξέρχεται,</span> <span class='ocrx_word' id='word_1_560' title='bbox 2871 2987 3021 3040; x_wconf 78' lang='grc' dir='ltr'>οὐδὲν</span> <span class='ocrx_word' id='word_1_561' title='bbox 3051 2985 3203 3059; x_wconf 80' lang='grc' dir='ltr'>οἶμαι</span> <span class='ocrx_word' id='word_1_562' title='bbox 3245 2991 3356 3044; x_wconf 86' lang='grc' dir='ltr'>δεῖν</span> <span class='ocrx_word' id='word_1_563' title='bbox 3400 2993 3457 3044; x_wconf 84' lang='grc' dir='ltr'>ὲν</span> <span class='ocrx_word' id='word_1_564' title='bbox 3502 2990 3574 3060; x_wconf 81' lang='grc' dir='ltr'>τῷ</span> <span class='ocrx_word' id='word_1_565' title='bbox 3600 2989 3788 3060; x_wconf 86' lang='grc' dir='ltr'>παρόντι</span> 
     </span>
    </p>
   </div>
   <div class='ocr_carea' id='block_1_74' title="bbox 2263 3074 3787 3146">
    <p class='ocr_par' dir='ltr' id='par_1_74' title="bbox 2263 3074 3787 3146">
     <span class='ocr_line' id='line_1_74' title="bbox 2263 3074 3787 3146; baseline 0.003 -20"><span class='ocrx_word' id='word_1_566' title='bbox 2263 3074 2460 3142; x_wconf 87' lang='grc' dir='ltr'>λέγειν.</span> <span class='ocrx_word' id='word_1_567' title='bbox 2512 3074 2637 3126; x_wconf 78' lang='grc' dir='ltr'>Εἴτε</span> <span class='ocrx_word' id='word_1_568' title='bbox 2664 3075 2933 3146; x_wconf 85' lang='grc' dir='ltr'>τολμηρόν</span> <span class='ocrx_word' id='word_1_569' title='bbox 2960 3095 3019 3130; x_wconf 88' lang='grc' dir='ltr'><strong>τε</strong></span> <span class='ocrx_word' id='word_1_570' title='bbox 3051 3079 3143 3130; x_wconf 77' lang='grc' dir='ltr'><strong>καὶ</strong></span> <span class='ocrx_word' id='word_1_571' title='bbox 3176 3080 3510 3144; x_wconf 81' lang='grc' dir='ltr'>κινδυνῶδες,</span> <span class='ocrx_word' id='word_1_572' title='bbox 3546 3081 3644 3132; x_wconf 87' lang='grc' dir='ltr'>είτε</span> <span class='ocrx_word' id='word_1_573' title='bbox 3684 3096 3787 3146; x_wconf 87' lang='grc' dir='ltr'>συγ·</span> 
     </span>
    </p>
   </div>
   <div class='ocr_carea' id='block_1_75' title="bbox 2265 3164 3790 3242">
    <p class='ocr_par' dir='ltr' id='par_1_75' title="bbox 2265 3164 3790 3242">
     <span class='ocr_line' id='line_1_75' title="bbox 2265 3164 3790 3242; baseline 0.003 -26"><span class='ocrx_word' id='word_1_574' title='bbox 2265 3164 2644 3235; x_wconf 90' lang='grc' dir='ltr'>κεχωρημένον</span> <span class='ocrx_word' id='word_1_575' title='bbox 2683 3165 2798 3217; x_wconf 78' lang='grc' dir='ltr'><strong>ἐστὶ</strong></span> <span class='ocrx_word' id='word_1_576' title='bbox 2852 3166 2946 3220; x_wconf 75' lang='grc' dir='ltr'>καὶ</span> <span class='ocrx_word' id='word_1_577' title='bbox 2990 3167 3266 3222; x_wconf 81' lang='grc' dir='ltr'>ἀκίνδυνον</span> <span class='ocrx_word' id='word_1_578' title='bbox 3307 3170 3369 3222; x_wconf 83' lang='grc' dir='ltr'>τὸ</span> <span class='ocrx_word' id='word_1_579' title='bbox 3416 3167 3790 3242; x_wconf 68' lang='grc' dir='ltr'>παρασχηματί-</span> 
     </span>
    </p>
   </div>
   <div class='ocr_carea' id='block_1_76' title="bbox 2264 3254 3788 3331">
    <p class='ocr_par' dir='ltr' id='par_1_76' title="bbox 2264 3254 3788 3331">
     <span class='ocr_line' id='line_1_76' title="bbox 2264 3254 3788 3331; baseline 0.002 -24"><span class='ocrx_word' id='word_1_580' title='bbox 2264 3254 2376 3319; x_wconf 83' lang='grc' dir='ltr'>ζειν</span> <span class='ocrx_word' id='word_1_581' title='bbox 2421 3255 2483 3307; x_wconf 78' lang='grc' dir='ltr'>ἐκ</span> <span class='ocrx_word' id='word_1_582' title='bbox 2514 3273 2656 3318; x_wconf 88' lang='grc' dir='ltr'>τινος</span> <span class='ocrx_word' id='word_1_583' title='bbox 2690 3257 2768 3320; x_wconf 76' lang='grc' dir='ltr'><strong>εἴς</strong></span> <span class='ocrx_word' id='word_1_584' title='bbox 2814 3275 2866 3310; x_wconf 89' lang='grc' dir='ltr'><strong>τι</strong></span> <span class='ocrx_word' id='word_1_585' title='bbox 2901 3258 2997 3321; x_wconf 78' lang='grc' dir='ltr'>τὰς</span> <span class='ocrx_word' id='word_1_586' title='bbox 3043 3261 3382 3328; x_wconf 68' lang='grc' dir='ltr'>σημαντικὰς</span> <span class='ocrx_word' id='word_1_587' title='bbox 3422 3263 3512 3314; x_wconf 74' lang='grc' dir='ltr'><strong>ἐπὶ</strong></span> <span class='ocrx_word' id='word_1_588' title='bbox 3547 3263 3636 3331; x_wconf 82' lang='grc' dir='ltr'>τῆς</span> <span class='ocrx_word' id='word_1_589' title='bbox 3666 3257 3788 3321; x_wconf 81' lang='grc' dir='ltr'>θείας</span> 
     </span>
    </p>
   </div>
   <div class='ocr_carea' id='block_1_77' title="bbox 2263 3343 3743 3420">
    <p class='ocr_par' dir='ltr' id='par_1_77' title="bbox 2263 3343 3743 3420">
     <span class='ocr_line' id='line_1_77' title="bbox 2263 3343 3743 3420; baseline 0.003 -23"><span class='ocrx_word' id='word_1_590' title='bbox 2263 3345 2477 3414; x_wconf 80' lang='grc' dir='ltr'>φύσεως</span> <span class='ocrx_word' id='word_1_591' title='bbox 2500 3343 2692 3411; x_wconf 83' lang='grc' dir='ltr'>λέξεις,</span> <span class='ocrx_word' id='word_1_592' title='bbox 2721 3346 2813 3398; x_wconf 78' lang='grc' dir='ltr'>καὶ</span> <span class='ocrx_word' id='word_1_593' title='bbox 2843 3346 3089 3418; x_wconf 85' lang='grc' dir='ltr'>γέννημα</span> <span class='ocrx_word' id='word_1_594' title='bbox 3112 3347 3288 3417; x_wconf 87' lang='grc' dir='ltr'>λέγειν</span> <span class='ocrx_word' id='word_1_595' title='bbox 3311 3350 3404 3404; x_wconf 80' lang='grc' dir='ltr'>τὸν</span> <span class='ocrx_word' id='word_1_596' title='bbox 3432 3349 3743 3420; x_wconf 80' lang='grc' dir='ltr'>γεννηθέντα.</span> 
     </span>
    </p>
   </div>
   <div class='ocr_carea' id='block_1_78' title="bbox 2347 3524 3792 3598">
    <p class='ocr_par' dir='ltr' id='par_1_78' title="bbox 2347 3524 3792 3598">
     <span class='ocr_line' id='line_1_78' title="bbox 2347 3524 3792 3598; baseline -0.004 -17"><span class='ocrx_word' id='word_1_597' title='bbox 2347 3525 2595 3598; x_wconf 80' lang='grc' dir='ltr'>Παρίημι</span> <span class='ocrx_word' id='word_1_598' title='bbox 2633 3524 2825 3591; x_wconf 79' lang='grc' dir='ltr'>ταῦτα,</span> <span class='ocrx_word' id='word_1_599' title='bbox 2867 3525 2946 3590; x_wconf 85' lang='grc' dir='ltr'><strong>ὡς</strong></span> <span class='ocrx_word' id='word_1_600' title='bbox 3014 3525 3080 3578; x_wconf 82' lang='grc' dir='ltr'>ἂν</span> <span class='ocrx_word' id='word_1_601' title='bbox 3095 3524 3168 3596; x_wconf 84' lang='grc' dir='ltr'>μὴ</span> <span class='ocrx_word' id='word_1_602' title='bbox 3195 3529 3260 3597; x_wconf 79' lang='grc' dir='ltr'><strong>τῇ</strong></span> <span class='ocrx_word' id='word_1_603' title='bbox 3289 3527 3426 3595; x_wconf 83' lang='grc' dir='ltr'>πρὸς</span> <span class='ocrx_word' id='word_1_604' title='bbox 3444 3526 3510 3579; x_wconf 78' lang='grc' dir='ltr'>τὰ</span> <span class='ocrx_word' id='word_1_605' title='bbox 3528 3525 3792 3596; x_wconf 76' lang='grc' dir='ltr'>μικρότερα</span> 
     </span>
    </p>
   </div>
   <div class='ocr_carea' id='block_1_79' title="bbox 2268 3616 3791 3689">
    <p class='ocr_par' dir='ltr' id='par_1_79' title="bbox 2268 3616 3791 3689">
     <span class='ocr_line' id='line_1_79' title="bbox 2268 3616 3791 3689; baseline -0.002 -19"><span class='ocrx_word' id='word_1_606' title='bbox 2268 3617 2438 3689; x_wconf 78' lang='grc' dir='ltr'>μάχῃ,</span> <span class='ocrx_word' id='word_1_607' title='bbox 2460 3617 2600 3688; x_wconf 84' lang='grc' dir='ltr'>πέρα</span> <span class='ocrx_word' id='word_1_608' title='bbox 2620 3616 2713 3670; x_wconf 84' lang='grc' dir='ltr'>τοῦ</span> <span class='ocrx_word' id='word_1_609' title='bbox 2743 3617 2950 3681; x_wconf 84' lang='grc' dir='ltr'>δέοντος</span> <span class='ocrx_word' id='word_1_610' title='bbox 2975 3619 3004 3672; x_wconf 85' lang='grc' dir='ltr'><strong>ὁ</strong></span> <span class='ocrx_word' id='word_1_611' title='bbox 3030 3617 3184 3687; x_wconf 83' lang='grc' dir='ltr'>λόγος</span> <span class='ocrx_word' id='word_1_612' title='bbox 3203 3619 3333 3688; x_wconf 79' lang='grc' dir='ltr'>ἡμῖν</span> <span class='ocrx_word' id='word_1_613' title='bbox 3357 3616 3791 3688; x_wconf 77' lang='grc' dir='ltr'>ἐνασχολοὺμενος,</span> 
     </span>
    </p>
   </div>
   <div class='ocr_carea' id='block_1_80' title="bbox 2265 3708 3784 3780">
    <p class='ocr_par' dir='ltr' id='par_1_80' title="bbox 2265 3708 3784 3780">
     <span class='ocr_line' id='line_1_80' title="bbox 2265 3708 3784 3780; baseline -0.003 -19"><span class='ocrx_word' id='word_1_614' title='bbox 2265 3709 2488 3779; x_wconf 86' lang='grc' dir='ltr'>ἀμελοίη</span> <span class='ocrx_word' id='word_1_615' title='bbox 2534 3708 2628 3762; x_wconf 79' lang='grc' dir='ltr'>τοῦ</span> <span class='ocrx_word' id='word_1_616' title='bbox 2661 3709 2920 3778; x_wconf 77' lang='grc' dir='ltr'>μείζονος.</span> <span class='ocrx_word' id='word_1_617' title='bbox 2990 3708 3127 3762; x_wconf 84' lang='grc' dir='ltr'>Ἀλλ’</span> <span class='ocrx_word' id='word_1_618' title='bbox 3158 3709 3332 3762; x_wconf 80' lang='grc' dir='ltr'>ἐκεῖνό</span> <span class='ocrx_word' id='word_1_619' title='bbox 3368 3726 3507 3780; x_wconf 80' lang='grc' dir='ltr'>φημι</span> <span class='ocrx_word' id='word_1_620' title='bbox 3529 3708 3629 3760; x_wconf 86' lang='grc' dir='ltr'>δεῖν</span> <span class='ocrx_word' id='word_1_621' title='bbox 3654 3708 3784 3775; x_wconf 61' lang='grc' dir='ltr'>ἀκρι-</span> 
     </span>
    </p>
   </div>
   <div class='ocr_carea' id='block_1_81' title="bbox 2265 3798 3792 3870">
    <p class='ocr_par' dir='ltr' id='par_1_81' title="bbox 2265 3798 3792 3870">
     <span class='ocr_line' id='line_1_81' title="bbox 2265 3798 3792 3870; baseline -0.003 -19"><span class='ocrx_word' id='word_1_622' title='bbox 2265 3799 2374 3863; x_wconf 85' lang='grc' dir='ltr'>6ῶς</span> <span class='ocrx_word' id='word_1_623' title='bbox 2402 3800 2762 3869; x_wconf 82' lang='grc' dir='ltr'>κατανοῆσαι,</span> <span class='ocrx_word' id='word_1_624' title='bbox 2798 3801 2845 3852; x_wconf 90' lang='grc' dir='ltr'><strong>εί</strong></span> <span class='ocrx_word' id='word_1_625' title='bbox 2872 3801 2904 3870; x_wconf 86' lang='grc' dir='ltr'><strong>ή</strong></span> <span class='ocrx_word' id='word_1_626' title='bbox 2935 3798 3076 3852; x_wconf 81' lang='grc' dir='ltr'>κατὰ</span> <span class='ocrx_word' id='word_1_627' title='bbox 3106 3799 3265 3868; x_wconf 82' lang='grc' dir='ltr'>φύσιν</span> <span class='ocrx_word' id='word_1_628' title='bbox 3299 3800 3481 3870; x_wconf 83' lang='grc' dir='ltr'>σχέσις</span> <span class='ocrx_word' id='word_1_629' title='bbox 3511 3798 3792 3869; x_wconf 71' lang='grc' dir='ltr'>παρεισάγει</span> 
     </span>
    </p>
   </div>
   <div class='ocr_carea' id='block_1_82' title="bbox 2263 3889 3786 3962">
    <p class='ocr_par' dir='ltr' id='par_1_82' title="bbox 2263 3889 3786 3962">
     <span class='ocr_line' id='line_1_82' title="bbox 2263 3889 3786 3962; baseline -0.004 -18"><span class='ocrx_word' id='word_1_630' title='bbox 2263 3893 2368 3946; x_wconf 83' lang='grc' dir='ltr'><strong>τῶν</strong></span> <span class='ocrx_word' id='word_1_631' title='bbox 2406 3892 2680 3962; x_wconf 82' lang='grc' dir='ltr'>ὀνομάτων</span> <span class='ocrx_word' id='word_1_632' title='bbox 2723 3891 2925 3945; x_wconf 78' lang='grc' dir='ltr'>τούτων</span> <span class='ocrx_word' id='word_1_633' title='bbox 2963 3891 3061 3962; x_wconf 82' lang='grc' dir='ltr'>τὴν</span> <span class='ocrx_word' id='word_1_634' title='bbox 3087 3892 3314 3962; x_wconf 74' lang='grc' dir='ltr'>χρῆσινο</span> <span class='ocrx_word' id='word_1_635' title='bbox 3366 3891 3521 3944; x_wconf 77' lang='grc' dir='ltr'>τοῦτο</span> <span class='ocrx_word' id='word_1_636' title='bbox 3550 3891 3646 3954; x_wconf 77' lang='grc' dir='ltr'><strong>γὰρ</strong></span> <span class='ocrx_word' id='word_1_637' title='bbox 3670 3889 3786 3940; x_wconf 80' lang='grc' dir='ltr'>ἐκεῖ·</span> 
     </span>
    </p>
   </div>
   <div class='ocr_carea' id='block_1_83' title="bbox 2263 3979 3789 4053">
    <p class='ocr_par' dir='ltr' id='par_1_83' title="bbox 2263 3979 3789 4053">
     <span class='ocr_line' id='line_1_83' title="bbox 2263 3979 3789 4053; baseline -0.004 -18"><span class='ocrx_word' id='word_1_638' title='bbox 2263 3984 2350 4046; x_wconf 81' lang='grc' dir='ltr'>νὸς</span> <span class='ocrx_word' id='word_1_639' title='bbox 2373 3999 2505 4052; x_wconf 82' lang='grc' dir='ltr'>φησι</span> <span class='ocrx_word' id='word_1_640' title='bbox 2528 3983 2762 4044; x_wconf 81' lang='grc' dir='ltr'>πάντως,</span> <span class='ocrx_word' id='word_1_641' title='bbox 2787 3983 2869 4034; x_wconf 79' lang='grc' dir='ltr'><strong>ὅτι</strong></span> <span class='ocrx_word' id='word_1_642' title='bbox 2898 3983 2962 4052; x_wconf 80' lang='grc' dir='ltr'>τῇ</span> <span class='ocrx_word' id='word_1_643' title='bbox 2985 3981 3091 4034; x_wconf 89' lang='grc' dir='ltr'><strong>τῶν</strong></span> <span class='ocrx_word' id='word_1_644' title='bbox 3116 3981 3494 4053; x_wconf 81' lang='grc' dir='ltr'>προσηγοριῶν</span> <span class='ocrx_word' id='word_1_645' title='bbox 3539 3979 3789 4048; x_wconf 72' lang='grc' dir='ltr'>οἰκειότητι</span> 
     </span>
    </p>
   </div>
   <div class='ocr_carea' id='block_1_84' title="bbox 2263 4068 3788 4145">
    <p class='ocr_par' dir='ltr' id='par_1_84' title="bbox 2263 4068 3788 4145">
     <span class='ocr_line' id='line_1_84' title="bbox 2263 4068 3788 4145; baseline -0.007 -17"><span class='ocrx_word' id='word_1_646' title='bbox 2263 4077 2358 4129; x_wconf 51' lang='grc' dir='ltr'><strong>καὶ⁹</strong></span> <span class='ocrx_word' id='word_1_647' title='bbox 2389 4075 2451 4128; x_wconf 85' lang='grc' dir='ltr'>τὸ</span> <span class='ocrx_word' id='word_1_648' title='bbox 2483 4077 2600 4128; x_wconf 85' lang='grc' dir='ltr'>κατ’</span> <span class='ocrx_word' id='word_1_649' title='bbox 2629 4074 2817 4128; x_wconf 84' lang='grc' dir='ltr'>οὐσίαν</span> <span class='ocrx_word' id='word_1_650' title='bbox 2840 4076 3037 4128; x_wconf 77' lang='grc' dir='ltr'>οἰκεῖον</span> <span class='ocrx_word' id='word_1_651' title='bbox 3067 4075 3587 4145; x_wconf 83' lang='grc' dir='ltr'>συμπαρεισάγεται.</span> <span class='ocrx_word' id='word_1_652' title='bbox 3614 4071 3678 4123; x_wconf 79' lang='grc' dir='ltr'><strong>Οὐ</strong></span> <span class='ocrx_word' id='word_1_653' title='bbox 3701 4068 3788 4136; x_wconf 73' lang='grc' dir='ltr'>γὰρ</span> 
     </span>
    </p>
   </div>
   <div class='ocr_carea' id='block_1_85' title="bbox 2264 4158 3788 4235">
    <p class='ocr_par' dir='ltr' id='par_1_85' title="bbox 2264 4158 3788 4235">
     <span class='ocr_line' id='line_1_85' title="bbox 2264 4158 3788 4235; baseline -0.005 -15"><span class='ocrx_word' id='word_1_654' title='bbox 2264 4169 2330 4222; x_wconf 85' lang='grc' dir='ltr'>ἂν</span> <span class='ocrx_word' id='word_1_655' title='bbox 2359 4167 2442 4235; x_wconf 76' lang='grc' dir='ltr'><strong>ἐφ’</strong></span> <span class='ocrx_word' id='word_1_656' title='bbox 2478 4166 2685 4219; x_wconf 82' lang='grc' dir='ltr'>ἑαυτῶν</span> <span class='ocrx_word' id='word_1_657' title='bbox 2723 4165 2853 4234; x_wconf 70' lang='grc' dir='ltr'><strong>ψιλά</strong></span> <span class='ocrx_word' id='word_1_658' title='bbox 2883 4165 2952 4218; x_wconf 79' lang='grc' dir='ltr'><strong>τὰ</strong></span> <span class='ocrx_word' id='word_1_659' title='bbox 2986 4165 3220 4235; x_wconf 82' lang='grc' dir='ltr'>ὀνόματα</span> <span class='ocrx_word' id='word_1_660' title='bbox 3249 4166 3348 4234; x_wconf 80' lang='grc' dir='ltr'><strong>τῆς</strong></span> <span class='ocrx_word' id='word_1_661' title='bbox 3373 4165 3476 4217; x_wconf 84' lang='grc' dir='ltr'><strong>τῶν</strong></span> <span class='ocrx_word' id='word_1_662' title='bbox 3502 4158 3788 4234; x_wconf 79' lang='grc' dir='ltr'>σημαινομέ-</span> 
     </span>
    </p>
   </div>
   <div class='ocr_carea' id='block_1_86' title="bbox 2263 4248 3790 4328">
    <p class='ocr_par' dir='ltr' id='par_1_86' title="bbox 2263 4248 3790 4328">
     <span class='ocr_line' id='line_1_86' title="bbox 2263 4248 3790 4328; baseline -0.007 -17"><span class='ocrx_word' id='word_1_663' title='bbox 2263 4276 2369 4311; x_wconf 93' lang='grc' dir='ltr'><strong>νων</strong></span> <span class='ocrx_word' id='word_1_664' title='bbox 2399 4258 2687 4328; x_wconf 80' lang='grc' dir='ltr'>ὲμφάσεως</span> <span class='ocrx_word' id='word_1_665' title='bbox 2723 4255 3104 4325; x_wconf 78' lang='grc' dir='ltr'>διεζευγμένα,</span> <span class='ocrx_word' id='word_1_666' title='bbox 3149 4255 3329 4325; x_wconf 84' lang='grc' dir='ltr'>σχέσιν</span> <span class='ocrx_word' id='word_1_667' title='bbox 3377 4255 3515 4326; x_wconf 75' lang='grc' dir='ltr'>ἔχειν</span> <span class='ocrx_word' id='word_1_668' title='bbox 3542 4251 3650 4306; x_wconf 74' lang='grc' dir='ltr'>τινὰ</span> <span class='ocrx_word' id='word_1_669' title='bbox 3678 4248 3790 4319; x_wconf 82' lang='grc' dir='ltr'>πρὸς</span> 
     </span>
    </p>
   </div>
   <div class='ocr_carea' id='block_1_87' title="bbox 2263 4345 3792 4419">
    <p class='ocr_par' dir='ltr' id='par_1_87' title="bbox 2263 4345 3792 4419">
     <span class='ocr_line' id='line_1_87' title="bbox 2263 4345 3792 4419; baseline -0.007 -15"><span class='ocrx_word' id='word_1_670' title='bbox 2263 4349 2464 4419; x_wconf 86' lang='grc' dir='ltr'>ἄλληλα</span> <span class='ocrx_word' id='word_1_671' title='bbox 2495 4350 2589 4402; x_wconf 75' lang='grc' dir='ltr'><strong>καὶ</strong></span> <span class='ocrx_word' id='word_1_672' title='bbox 2619 4347 2925 4417; x_wconf 84' lang='grc' dir='ltr'>οἰκειότητα</span> <span class='ocrx_word' id='word_1_673' title='bbox 2961 4347 3181 4416; x_wconf 81' lang='grc' dir='ltr'>φήσειεν</span> <span class='ocrx_word' id='word_1_674' title='bbox 3204 4361 3218 4375; x_wconf 88' lang='grc'><strong>·</strong></span> <span class='ocrx_word' id='word_1_675' title='bbox 3261 4345 3375 4398; x_wconf 80' lang='grc' dir='ltr'>ἀλλ’</span> <span class='ocrx_word' id='word_1_676' title='bbox 3421 4349 3477 4400; x_wconf 81' lang='grc' dir='ltr'><strong>ἐν</strong></span> <span class='ocrx_word' id='word_1_677' title='bbox 3502 4347 3610 4407; x_wconf 83' lang='grc' dir='ltr'>ταῖς</span> <span class='ocrx_word' id='word_1_678' title='bbox 3641 4357 3792 4411; x_wconf 75' lang='grc' dir='ltr'>σημα-</span> 
     </span>
    </p>
   </div>
   <div class='ocr_carea' id='block_1_88' title="bbox 592 4435 2162 4526">
    <p class='ocr_par' dir='ltr' id='par_1_88' title="bbox 592 4449 2159 4525">
     <span class='ocr_line' id='line_1_88' title="bbox 592 4449 2159 4525; baseline 0.003 -23"><span class='ocrx_word' id='word_1_679' title='bbox 592 4450 648 4503; x_wconf 91' lang='lat' dir='ltr'><strong>in</strong></span> <span class='ocrx_word' id='word_1_680' title='bbox 687 4449 755 4504; x_wconf 92' lang='lat' dir='ltr'><strong>iis</strong></span> <span class='ocrx_word' id='word_1_681' title='bbox 787 4451 951 4525; x_wconf 76' lang='lat' dir='ltr'><strong>rebus</strong></span> <span class='ocrx_word' id='word_1_682' title='bbox 984 4467 1106 4522; x_wconf 65' lang='lat' dir='ltr'><strong>quae</strong></span> <span class='ocrx_word' id='word_1_683' title='bbox 1132 4468 1226 4519; x_wconf 88' lang='lat' dir='ltr'><strong>per</strong></span> <span class='ocrx_word' id='word_1_684' title='bbox 1257 4452 1529 4508; x_wconf 86' lang='lat' dir='ltr'><strong>dictiones</strong></span> <span class='ocrx_word' id='word_1_685' title='bbox 1573 4453 1972 4524; x_wconf 85' lang='lat' dir='ltr'><strong>signiﬁcantur,</strong></span> <span class='ocrx_word' id='word_1_686' title='bbox 2016 4456 2159 4524; x_wconf 88' lang='lat' dir='ltr'><strong>quod</strong></span> 
     </span>
    </p>
   </div>
   <div class='ocr_carea' id='block_1_89' title="bbox 2265 4435 3788 4526">
    <p class='ocr_par' dir='ltr' id='par_1_89' title="bbox 2272 4435 3788 4508">
     <span class='ocr_line' id='line_1_89' title="bbox 2272 4435 3788 4508; baseline -0.009 -14"><span class='ocrx_word' id='word_1_687' title='bbox 2272 4443 2414 4506; x_wconf 85' lang='grc' dir='ltr'>σίαις</span> <span class='ocrx_word' id='word_1_688' title='bbox 2436 4444 2556 4502; x_wconf 86' lang='grc' dir='ltr'>ταῖς</span> <span class='ocrx_word' id='word_1_689' title='bbox 2581 4440 2686 4494; x_wconf 76' lang='grc' dir='ltr'><strong>ὑπὸ</strong></span> <span class='ocrx_word' id='word_1_690' title='bbox 2712 4439 2820 4493; x_wconf 89' lang='grc' dir='ltr'><strong>τῶν</strong></span> <span class='ocrx_word' id='word_1_691' title='bbox 2849 4439 3043 4505; x_wconf 78' lang='grc' dir='ltr'>λέξεων</span> <span class='ocrx_word' id='word_1_692' title='bbox 3070 4437 3443 4508; x_wconf 82' lang='grc' dir='ltr'>δηλουμέναις,</span> <span class='ocrx_word' id='word_1_693' title='bbox 3475 4438 3531 4490; x_wconf 88' lang='grc' dir='ltr'><strong>τὸ</strong></span> <span class='ocrx_word' id='word_1_694' title='bbox 3544 4435 3715 4488; x_wconf 76' lang='grc' dir='ltr'>οἰκεῖόν</span> <span class='ocrx_word' id='word_1_695' title='bbox 3741 4447 3788 4497; x_wconf 60' lang='grc' dir='ltr'><strong>τε</strong></span> 
     </span>
    </p>
   </div>
   <div class='ocr_carea' id='block_1_90' title="bbox 591 4541 2165 4616">
    <p class='ocr_par' dir='ltr' id='par_1_90' title="bbox 591 4541 2165 4616">
     <span class='ocr_line' id='line_1_90' title="bbox 591 4541 2165 4616; baseline 0.004 -21"><span class='ocrx_word' id='word_1_696' title='bbox 591 4551 675 4596; x_wconf 91' lang='lat' dir='ltr'><strong>est</strong></span> <span class='ocrx_word' id='word_1_697' title='bbox 700 4541 968 4598; x_wconf 79' lang='lat' dir='ltr'><strong>familiare</strong></span> <span class='ocrx_word' id='word_1_698' title='bbox 993 4556 1045 4598; x_wconf 89' lang='lat' dir='ltr'><strong>et</strong></span> <span class='ocrx_word' id='word_1_699' title='bbox 1072 4546 1308 4599; x_wconf 90' lang='lat' dir='ltr'><strong>alienum</strong></span> <span class='ocrx_word' id='word_1_700' title='bbox 1333 4547 1387 4600; x_wconf 93' lang='lat' dir='ltr'><strong>in</strong></span> <span class='ocrx_word' id='word_1_701' title='bbox 1414 4547 1867 4616; x_wconf 87' lang='lat' dir='ltr'><strong>appellationibus</strong></span> <span class='ocrx_word' id='word_1_702' title='bbox 1891 4547 2165 4603; x_wconf 85' lang='lat' dir='ltr'><strong>discerni-</strong></span> 
     </span>
    </p>
   </div>
   <div class='ocr_carea' id='block_1_91' title="bbox 593 4635 2158 4704">
    <p class='ocr_par' dir='ltr' id='par_1_91' title="bbox 593 4635 2158 4704">
     <span class='ocr_line' id='line_1_91' title="bbox 593 4635 2158 4704; baseline 0.004 -14"><span class='ocrx_word' id='word_1_703' title='bbox 593 4652 736 4691; x_wconf 89' lang='lat' dir='ltr'><strong>mus.</strong></span> <span class='ocrx_word' id='word_1_704' title='bbox 776 4635 918 4704; x_wconf 82' lang='lat' dir='ltr'><strong>Ergo</strong></span> <span class='ocrx_word' id='word_1_705' title='bbox 953 4637 1000 4690; x_wconf 90' lang='lat' dir='ltr'><strong>si</strong></span> <span class='ocrx_word' id='word_1_706' title='bbox 1035 4637 1231 4692; x_wconf 88' lang='lat' dir='ltr'><strong>Filium</strong></span> <span class='ocrx_word' id='word_1_707' title='bbox 1271 4639 1471 4694; x_wconf 88' lang='lat' dir='ltr'><strong>habere</strong></span> <span class='ocrx_word' id='word_1_708' title='bbox 1505 4642 1806 4694; x_wconf 88' lang='lat' dir='ltr'><strong>naturalem</strong></span> <span class='ocrx_word' id='word_1_709' title='bbox 1843 4641 2158 4696; x_wconf 87' lang='lat' dir='ltr'><strong>relationem</strong></span> 
     </span>
    </p>
   </div>
   <div class='ocr_carea' id='block_1_92' title="bbox 592 4725 2157 4800">
    <p class='ocr_par' dir='ltr' id='par_1_92' title="bbox 592 4725 2157 4800">
     <span class='ocr_line' id='line_1_92' title="bbox 592 4725 2157 4800; baseline 0.003 -19"><span class='ocrx_word' id='word_1_710' title='bbox 592 4743 715 4781; x_wconf 88' lang='lat' dir='ltr'><strong>cum</strong></span> <span class='ocrx_word' id='word_1_711' title='bbox 746 4725 907 4779; x_wconf 90' lang='lat' dir='ltr'><strong>Patre</strong></span> <span class='ocrx_word' id='word_1_712' title='bbox 939 4729 1249 4792; x_wconf 84' lang='lat' dir='ltr'><strong>conﬁtetur,</strong></span> <span class='ocrx_word' id='word_1_713' title='bbox 1285 4730 1492 4784; x_wconf 88' lang='lat' dir='ltr'><strong>relictis</strong></span> <span class='ocrx_word' id='word_1_714' title='bbox 1527 4731 2016 4800; x_wconf 85' lang='lat' dir='ltr'><strong>appellationibus,</strong></span> <span class='ocrx_word' id='word_1_715' title='bbox 2047 4732 2157 4785; x_wconf 87' lang='lat' dir='ltr'><strong>vim</strong></span> 
     </span>
    </p>
   </div>
   <div class='ocr_carea' id='block_1_93' title="bbox 591 4819 2157 4894">
    <p class='ocr_par' dir='ltr' id='par_1_93' title="bbox 591 4819 2157 4894">
     <span class='ocr_line' id='line_1_93' title="bbox 591 4819 2157 4894; baseline 0.004 -23"><span class='ocrx_word' id='word_1_716' title='bbox 591 4834 714 4888; x_wconf 67' lang='lat' dir='ltr'><strong>quae</strong></span> <span class='ocrx_word' id='word_1_717' title='bbox 748 4827 833 4873; x_wconf 86' lang='lat' dir='ltr'><strong>est</strong></span> <span class='ocrx_word' id='word_1_718' title='bbox 870 4819 923 4872; x_wconf 90' lang='lat' dir='ltr'><strong>in</strong></span> <span class='ocrx_word' id='word_1_719' title='bbox 971 4820 1294 4888; x_wconf 75' lang='lat' dir='ltr'><strong>signiﬁcatis</strong></span> <span class='ocrx_word' id='word_1_720' title='bbox 1324 4822 1734 4888; x_wconf 82' lang='lat' dir='ltr'><strong>dignoscamus.</strong></span> <span class='ocrx_word' id='word_1_721' title='bbox 1772 4823 1962 4878; x_wconf 89' lang='lat' dir='ltr'><strong>Utrum</strong></span> <span class='ocrx_word' id='word_1_722' title='bbox 2011 4825 2157 4894; x_wconf 89' lang='lat' dir='ltr'><strong>quod</strong></span> 
     </span>
    </p>
   </div>
   <div class='ocr_carea' id='block_1_94' title="bbox 591 4911 2163 4986">
    <p class='ocr_par' dir='ltr' id='par_1_94' title="bbox 591 4911 2163 4986">
     <span class='ocr_line' id='line_1_94' title="bbox 591 4911 2163 4986; baseline 0.005 -24"><span class='ocrx_word' id='word_1_723' title='bbox 591 4911 826 4964; x_wconf 87' lang='lat' dir='ltr'><strong>alienqu</strong></span> <span class='ocrx_word' id='word_1_724' title='bbox 863 4919 946 4964; x_wconf 82' lang='lat' dir='ltr'><strong>est</strong></span> <span class='ocrx_word' id='word_1_725' title='bbox 989 4912 1059 4965; x_wconf 91' lang='lat' dir='ltr'><strong>ab</strong></span> <span class='ocrx_word' id='word_1_726' title='bbox 1101 4914 1336 4968; x_wconf 87' lang='lat' dir='ltr'><strong>essentia</strong></span> <span class='ocrx_word' id='word_1_727' title='bbox 1379 4915 1431 4968; x_wconf 88' lang='lat' dir='ltr'><strong>in</strong></span> <span class='ocrx_word' id='word_1_728' title='bbox 1483 4916 1890 4986; x_wconf 89' lang='lat' dir='ltr'><strong>propinquitate</strong></span> <span class='ocrx_word' id='word_1_729' title='bbox 1932 4925 1986 4970; x_wconf 91' lang='lat' dir='ltr'><strong>et</strong></span> <span class='ocrx_word' id='word_1_730' title='bbox 2036 4931 2163 4985; x_wconf 86' lang='lat' dir='ltr'><strong>pro-</strong></span> 
     </span>
    </p>
   </div>
   <div class='ocr_carea' id='block_1_95' title="bbox 591 4999 2162 5077">
    <p class='ocr_par' dir='ltr' id='par_1_95' title="bbox 591 4999 2162 5077">
     <span class='ocr_line' id='line_1_95' title="bbox 591 4999 2162 5077; baseline 0.006 -25"><span class='ocrx_word' id='word_1_731' title='bbox 591 4999 821 5070; x_wconf 85' lang='lat' dir='ltr'><strong>prietate</strong></span> <span class='ocrx_word' id='word_1_732' title='bbox 864 5002 1147 5055; x_wconf 90' lang='lat' dir='ltr'><strong>nominum</strong></span> <span class='ocrx_word' id='word_1_733' title='bbox 1189 5007 1559 5074; x_wconf 86' lang='lat' dir='ltr'><strong>cognoscitur,</strong></span> <span class='ocrx_word' id='word_1_734' title='bbox 1591 5023 1661 5060; x_wconf 89' lang='lat' dir='ltr'><strong>an</strong></span> <span class='ocrx_word' id='word_1_735' title='bbox 1694 5008 1838 5076; x_wconf 88' lang='lat' dir='ltr'><strong>quod</strong></span> <span class='ocrx_word' id='word_1_736' title='bbox 1871 5017 2162 5077; x_wconf 87' lang='lat' dir='ltr'><strong>cognatum</strong></span> 
     </span>
    </p>
   </div>
   <div class='ocr_carea' id='block_1_96' title="bbox 591 5092 2171 5160">
    <p class='ocr_par' dir='ltr' id='par_1_96' title="bbox 591 5092 2171 5160">
     <span class='ocr_line' id='line_1_96' title="bbox 591 5092 2171 5160; baseline 0.004 -15"><span class='ocrx_word' id='word_1_737' title='bbox 591 5099 678 5146; x_wconf 88' lang='lat' dir='ltr'><strong>est</strong></span> <span class='ocrx_word' id='word_1_738' title='bbox 707 5100 761 5144; x_wconf 91' lang='lat' dir='ltr'><strong>et</strong></span> <span class='ocrx_word' id='word_1_739' title='bbox 795 5094 1095 5160; x_wconf 88' lang='lat' dir='ltr'><strong>proprium.</strong></span> <span class='ocrx_word' id='word_1_740' title='bbox 1131 5092 1238 5149; x_wconf 89' lang='lat' dir='ltr'><strong>Sed</strong></span> <span class='ocrx_word' id='word_1_741' title='bbox 1267 5096 1504 5149; x_wconf 86' lang='lat' dir='ltr'><strong>alienum</strong></span> <span class='ocrx_word' id='word_1_742' title='bbox 1538 5096 1721 5152; x_wconf 91' lang='lat' dir='ltr'><strong>dicere</strong></span> <span class='ocrx_word' id='word_1_743' title='bbox 1756 5097 2057 5152; x_wconf 61' lang='lat' dir='ltr'><strong>manifesta!</strong></span> <span class='ocrx_word' id='word_1_744' title='bbox 2085 5101 2171 5152; x_wconf 89' lang='lat' dir='ltr'><strong>est</strong></span> 
     </span>
    </p>
   </div>
   <div class='ocr_carea' id='block_1_97' title="bbox 595 5181 2172 5255">
    <p class='ocr_par' dir='ltr' id='par_1_97' title="bbox 595 5181 2172 5255">
     <span class='ocr_line' id='line_1_97' title="bbox 595 5181 2172 5255; baseline 0.005 -20"><span class='ocrx_word' id='word_1_745' title='bbox 595 5181 843 5236; x_wconf 55' lang='lat' dir='ltr'><strong>insaniae.</strong></span> <span class='ocrx_word' id='word_1_746' title='bbox 886 5183 1171 5247; x_wconf 89' lang='lat' dir='ltr'><strong>Quomodo</strong></span> <span class='ocrx_word' id='word_1_747' title='bbox 1211 5187 1355 5239; x_wconf 90' lang='lat' dir='ltr'><strong>enim</strong></span> <span class='ocrx_word' id='word_1_748' title='bbox 1388 5187 1513 5255; x_wconf 88' lang='lat' dir='ltr'><strong>quis</strong></span> <span class='ocrx_word' id='word_1_749' title='bbox 1557 5196 1907 5242; x_wconf 75' lang='lat' dir='ltr'><strong>externorum</strong></span> <span class='ocrx_word' id='word_1_750' title='bbox 1951 5199 2004 5243; x_wconf 87' lang='lat' dir='ltr'><strong>et</strong></span> <span class='ocrx_word' id='word_1_751' title='bbox 2046 5204 2172 5243; x_wconf 90' lang='lat' dir='ltr'><strong>cum</strong></span> 
     </span>
    </p>
   </div>
   <div class='ocr_carea' id='block_1_98' title="bbox 593 5273 2162 5350">
    <p class='ocr_par' dir='ltr' id='par_1_98' title="bbox 593 5273 2162 5350">
     <span class='ocr_line' id='line_1_98' title="bbox 593 5273 2162 5350; baseline 0.005 -24"><span class='ocrx_word' id='word_1_752' title='bbox 593 5273 796 5342; x_wconf 86' lang='lat' dir='ltr'><strong>quibus</strong></span> <span class='ocrx_word' id='word_1_753' title='bbox 829 5274 976 5326; x_wconf 91' lang='lat' dir='ltr'><strong>nulla</strong></span> <span class='ocrx_word' id='word_1_754' title='bbox 1008 5283 1093 5329; x_wconf 88' lang='lat' dir='ltr'><strong>est</strong></span> <span class='ocrx_word' id='word_1_755' title='bbox 1124 5277 1470 5341; x_wconf 90' lang='lat' dir='ltr'><strong>communio,</strong></span> <span class='ocrx_word' id='word_1_756' title='bbox 1503 5280 1816 5348; x_wconf 88' lang='lat' dir='ltr'><strong>contiguam</strong></span> <span class='ocrx_word' id='word_1_757' title='bbox 1851 5289 1904 5334; x_wconf 88' lang='lat' dir='ltr'><strong>et</strong></span> <span class='ocrx_word' id='word_1_758' title='bbox 1937 5281 2162 5350; x_wconf 89' lang='lat' dir='ltr'><strong>propin-</strong></span> 
     </span>
    </p>
   </div>
   <div class='ocr_carea' id='block_1_99' title="bbox 596 5365 2161 5440">
    <p class='ocr_par' dir='ltr' id='par_1_99' title="bbox 596 5365 2161 5440">
     <span class='ocr_line' id='line_1_99' title="bbox 596 5365 2161 5440; baseline 0.005 -24"><span class='ocrx_word' id='word_1_759' title='bbox 596 5377 756 5434; x_wconf 83' lang='lat' dir='ltr'><strong>quam</strong></span> <span class='ocrx_word' id='word_1_760' title='bbox 788 5365 841 5417; x_wconf 88' lang='lat' dir='ltr'><strong>iu</strong></span> <span class='ocrx_word' id='word_1_761' title='bbox 875 5366 1188 5421; x_wconf 84' lang='lat' dir='ltr'><strong>nominibus</strong></span> <span class='ocrx_word' id='word_1_762' title='bbox 1221 5377 1506 5423; x_wconf 84' lang='lat' dir='ltr'><strong>conservet</strong></span> <span class='ocrx_word' id='word_1_763' title='bbox 1543 5369 1964 5440; x_wconf 88' lang='lat' dir='ltr'><strong>ordinationem,</strong></span> <span class='ocrx_word' id='word_1_764' title='bbox 2041 5387 2161 5424; x_wconf 87' lang='lat' dir='ltr'><strong>cum</strong></span> 
     </span>
    </p>
   </div>
   <div class='ocr_carea' id='block_1_100' title="bbox 593 5455 2158 5531">
    <p class='ocr_par' dir='ltr' id='par_1_100' title="bbox 593 5455 2158 5531">
     <span class='ocr_line' id='line_1_100' title="bbox 593 5455 2158 5531; baseline 0.006 -24"><span class='ocrx_word' id='word_1_765' title='bbox 593 5455 710 5522; x_wconf 74' lang='lat' dir='ltr'><strong>ipsa</strong></span> <span class='ocrx_word' id='word_1_766' title='bbox 740 5456 915 5524; x_wconf 85' lang='lat' dir='ltr'><strong>genita</strong></span> <span class='ocrx_word' id='word_1_767' title='bbox 947 5459 1178 5511; x_wconf 72' lang='lat' dir='ltr'><strong>essentia</strong></span> <span class='ocrx_word' id='word_1_768' title='bbox 1216 5458 1402 5529; x_wconf 89' lang='lat' dir='ltr'><strong>(sicut</strong></span> <span class='ocrx_word' id='word_1_769' title='bbox 1433 5459 1548 5529; x_wconf 92' lang='lat' dir='ltr'><strong>ait)</strong></span> <span class='ocrx_word' id='word_1_770' title='bbox 1584 5471 1636 5512; x_wconf 88' lang='lat' dir='ltr'><strong>et</strong></span> <span class='ocrx_word' id='word_1_771' title='bbox 1675 5459 1803 5515; x_wconf 81' lang='lat' dir='ltr'><strong>Filii</strong></span> <span class='ocrx_word' id='word_1_772' title='bbox 1835 5462 2120 5531; x_wconf 82' lang='lat' dir='ltr'><strong>appellatio</strong></span> <span class='ocrx_word' id='word_1_773' title='bbox 2145 5507 2158 5526; x_wconf 94' lang='lat'><strong>,</strong></span> 
     </span>
    </p>
   </div>
   <div class='ocr_carea' id='block_1_101' title="bbox 597 5548 2146 5619">
    <p class='ocr_par' dir='ltr' id='par_1_101' title="bbox 597 5548 2146 5619">
     <span class='ocr_line' id='line_1_101' title="bbox 597 5548 2146 5619; baseline 0.006 -22"><span class='ocrx_word' id='word_1_774' title='bbox 597 5555 771 5600; x_wconf 78' lang='lat' dir='ltr'><strong>tamen</strong></span> <span class='ocrx_word' id='word_1_775' title='bbox 793 5548 1061 5601; x_wconf 85' lang='lat' dir='ltr'><strong>nominum</strong></span> <span class='ocrx_word' id='word_1_776' title='bbox 1081 5559 1137 5602; x_wconf 84' lang='grc' dir='ltr'><strong>ιιι</strong></span> <span class='ocrx_word' id='word_1_777' title='bbox 1148 5551 1413 5619; x_wconf 80' lang='lat' dir='ltr'><strong>propriam</strong></span> <span class='ocrx_word' id='word_1_778' title='bbox 1437 5551 1537 5606; x_wconf 78' lang='lat' dir='ltr'><strong>sibi</strong></span> <span class='ocrx_word' id='word_1_779' title='bbox 1563 5553 1781 5608; x_wconf 81' lang='lat' dir='ltr'><strong>vindicet</strong></span> <span class='ocrx_word' id='word_1_780' title='bbox 1799 5551 2146 5609; x_wconf 84' lang='lat' dir='ltr'><strong>relationem?</strong></span> 
     </span>
    </p>
   </div>
   <div class='ocr_carea' id='block_1_102' title="bbox 672 5721 1126 5790">
    <p class='ocr_par' dir='ltr' id='par_1_102' title="bbox 672 5721 1126 5790">
     <span class='ocr_line' id='line_1_102' title="bbox 672 5721 1126 5790; baseline -0.004 -13"><span class='ocrx_word' id='word_1_781' title='bbox 672 5722 738 5754; x_wconf 82' lang='grc'><strong>²⁸⁶</strong></span> <span class='ocrx_word' id='word_1_782' title='bbox 771 5721 902 5780; x_wconf 87' lang='lat' dir='ltr'><strong>Luc.</strong></span> <span class='ocrx_word' id='word_1_783' title='bbox 956 5739 1011 5790; x_wconf 76' lang='grc' dir='ltr'>ι,</span> <span class='ocrx_word' id='word_1_784' title='bbox 1041 5721 1126 5778; x_wconf 74' lang='lat' dir='ltr'><strong>ili.</strong></span> 
     </span>
    </p>
   </div>
   <div class='ocr_carea' id='block_1_103' title="bbox 2271 4521 3786 4603">
    <p class='ocr_par' dir='ltr' id='par_1_103' title="bbox 2271 4521 3786 4603">
     <span class='ocr_line' id='line_1_103' title="bbox 2271 4521 3786 4603; baseline -0.01 -15"><span class='ocrx_word' id='word_1_785' title='bbox 2271 4536 2364 4588; x_wconf 78' lang='grc' dir='ltr'><strong>καὶ</strong></span> <span class='ocrx_word' id='word_1_786' title='bbox 2389 4533 2664 4603; x_wconf 75' lang='grc' dir='ltr'>ἀλλότριον</span> <span class='ocrx_word' id='word_1_787' title='bbox 2682 4530 2789 4585; x_wconf 90' lang='grc' dir='ltr'><strong>τῶν</strong></span> <span class='ocrx_word' id='word_1_788' title='bbox 2814 4529 3189 4600; x_wconf 82' lang='grc' dir='ltr'>προσηγοριῶν</span> <span class='ocrx_word' id='word_1_789' title='bbox 3210 4529 3560 4599; x_wconf 82' lang='grc' dir='ltr'>διακρίνομεν.</span> <span class='ocrx_word' id='word_1_790' title='bbox 3594 4521 3786 4582; x_wconf 76' lang='grc' dir='ltr'>Οὐκοῦν,</span> 
     </span>
    </p>
   </div>
   <div class='ocr_carea' id='block_1_104' title="bbox 2269 4616 3790 4695">
    <p class='ocr_par' dir='ltr' id='par_1_104' title="bbox 2269 4616 3790 4695">
     <span class='ocr_line' id='line_1_104' title="bbox 2269 4616 3790 4695; baseline -0.011 -15"><span class='ocrx_word' id='word_1_791' title='bbox 2269 4629 2318 4680; x_wconf 88' lang='grc' dir='ltr'>εἰ</span> <span class='ocrx_word' id='word_1_792' title='bbox 2364 4626 2597 4695; x_wconf 76' lang='grc' dir='ltr'>φυσικὴν</span> <span class='ocrx_word' id='word_1_793' title='bbox 2627 4624 2769 4694; x_wconf 80' lang='grc' dir='ltr'>ἔχειν</span> <span class='ocrx_word' id='word_1_794' title='bbox 2804 4623 3053 4693; x_wconf 84' lang='grc' dir='ltr'>ὁμολογεῖ</span> <span class='ocrx_word' id='word_1_795' title='bbox 3085 4622 3264 4692; x_wconf 82' lang='grc' dir='ltr'>σχέσιν</span> <span class='ocrx_word' id='word_1_796' title='bbox 3296 4623 3388 4675; x_wconf 78' lang='grc' dir='ltr'><strong>τὸν</strong></span> <span class='ocrx_word' id='word_1_797' title='bbox 3417 4623 3535 4675; x_wconf 78' lang='grc' dir='ltr'>Υἱδν</span> <span class='ocrx_word' id='word_1_798' title='bbox 3572 4620 3686 4690; x_wconf 75' lang='grc' dir='ltr'>πρὸς</span> <span class='ocrx_word' id='word_1_799' title='bbox 3714 4616 3790 4667; x_wconf 75' lang='grc' dir='ltr'><strong>τὸν</strong></span> 
     </span>
    </p>
   </div>
   <div class='ocr_carea' id='block_1_105' title="bbox 2268 4708 3786 4789">
    <p class='ocr_par' dir='ltr' id='par_1_105' title="bbox 2268 4708 3786 4789">
     <span class='ocr_line' id='line_1_105' title="bbox 2268 4708 3786 4789; baseline -0.01 -16"><span class='ocrx_word' id='word_1_800' title='bbox 2268 4719 2506 4789; x_wconf 84' lang='grc' dir='ltr'>Πατέρα,</span> <span class='ocrx_word' id='word_1_801' title='bbox 2533 4716 2917 4777; x_wconf 82' lang='grc' dir='ltr'>καταλιπόντες</span> <span class='ocrx_word' id='word_1_802' title='bbox 2950 4714 3050 4778; x_wconf 79' lang='grc' dir='ltr'>τὰς</span> <span class='ocrx_word' id='word_1_803' title='bbox 3081 4716 3470 4787; x_wconf 80' lang='grc' dir='ltr'>προσηγορίας,</span> <span class='ocrx_word' id='word_1_804' title='bbox 3498 4711 3588 4782; x_wconf 78' lang='grc' dir='ltr'><strong>τὴν</strong></span> <span class='ocrx_word' id='word_1_805' title='bbox 3617 4711 3666 4762; x_wconf 85' lang='grc' dir='ltr'>ἐν</span> <span class='ocrx_word' id='word_1_806' title='bbox 3697 4708 3786 4767; x_wconf 80' lang='grc' dir='ltr'>τοῖς</span> 
     </span>
    </p>
   </div>
   <div class='ocr_carea' id='block_1_106' title="bbox 2270 4798 3786 4883">
    <p class='ocr_par' dir='ltr' id='par_1_106' title="bbox 2270 4798 3786 4883">
     <span class='ocr_line' id='line_1_106' title="bbox 2270 4798 3786 4883; baseline -0.012 -16"><span class='ocrx_word' id='word_1_807' title='bbox 2270 4812 2684 4883; x_wconf 80' lang='grc' dir='ltr'>σημαινομένοις</span> <span class='ocrx_word' id='word_1_808' title='bbox 2712 4812 3148 4879; x_wconf 55' lang='grc' dir='ltr'>κατανοήσωμεν</span> <span class='ocrx_word' id='word_1_809' title='bbox 3185 4807 3431 4876; x_wconf 75' lang='grc' dir='ltr'>δύναμιν.</span> <span class='ocrx_word' id='word_1_810' title='bbox 3499 4807 3704 4874; x_wconf 82' lang='grc' dir='ltr'>Πότερον</span> <span class='ocrx_word' id='word_1_811' title='bbox 3739 4798 3786 4850; x_wconf 69' lang='grc' dir='ltr'>τὸ</span> 
     </span>
    </p>
   </div>
   <div class='ocr_carea' id='block_1_107' title="bbox 2267 4887 3786 4974">
    <p class='ocr_par' dir='ltr' id='par_1_107' title="bbox 2267 4887 3786 4974">
     <span class='ocr_line' id='line_1_107' title="bbox 2267 4887 3786 4974; baseline -0.011 -17"><span class='ocrx_word' id='word_1_812' title='bbox 2267 4904 2544 4974; x_wconf 74' lang='grc' dir='ltr'>ἀλλότριον</span> <span class='ocrx_word' id='word_1_813' title='bbox 2579 4901 2680 4971; x_wconf 80' lang='grc' dir='ltr'>τῆς</span> <span class='ocrx_word' id='word_1_814' title='bbox 2703 4901 2889 4963; x_wconf 78' lang='grc' dir='ltr'>οὐσίας</span> <span class='ocrx_word' id='word_1_815' title='bbox 2928 4902 2991 4952; x_wconf 79' lang='grc' dir='ltr'>ὲν</span> <span class='ocrx_word' id='word_1_816' title='bbox 3007 4899 3292 4968; x_wconf 83' lang='grc' dir='ltr'>οἰκειότητι</span> <span class='ocrx_word' id='word_1_817' title='bbox 3322 4891 3709 4961; x_wconf 82' lang='grc' dir='ltr'>κατανοεῖται,ῆ</span> <span class='ocrx_word' id='word_1_818' title='bbox 3737 4887 3786 4941; x_wconf 80' lang='grc' dir='ltr'>τὸ</span> 
     </span>
    </p>
   </div>
   <div class='ocr_carea' id='block_1_108' title="bbox 2274 4982 3782 5065">
    <p class='ocr_par' dir='ltr' id='par_1_108' title="bbox 2274 4982 3782 5065">
     <span class='ocr_line' id='line_1_108' title="bbox 2274 4982 3782 5065; baseline -0.004 -18"><span class='ocrx_word' id='word_1_819' title='bbox 2274 4982 2533 5065; x_wconf 72' lang='grc' dir='ltr'>συγγενές</span> <span class='ocrx_word' id='word_1_820' title='bbox 2563 5011 2623 5045; x_wconf 90' lang='grc' dir='ltr'><strong>τε</strong></span> <span class='ocrx_word' id='word_1_821' title='bbox 2649 4993 2742 5046; x_wconf 72' lang='grc' dir='ltr'>καὶ</span> <span class='ocrx_word' id='word_1_822' title='bbox 2767 4992 2912 5046; x_wconf 80' lang='grc' dir='ltr'>ἴδιον.</span> <span class='ocrx_word' id='word_1_823' title='bbox 2951 4991 3109 5042; x_wconf 77' lang='grc' dir='ltr'>Ἀλλὰ</span> <span class='ocrx_word' id='word_1_824' title='bbox 3133 4991 3194 5042; x_wconf 87' lang='grc' dir='ltr'>τὸ</span> <span class='ocrx_word' id='word_1_825' title='bbox 3218 4992 3312 5060; x_wconf 84' lang='grc' dir='ltr'><strong>μὲν</strong></span> <span class='ocrx_word' id='word_1_826' title='bbox 3335 4989 3597 5058; x_wconf 82' lang='grc' dir='ltr'>ἀλλότριον</span> <span class='ocrx_word' id='word_1_827' title='bbox 3623 4984 3782 5040; x_wconf 71' lang='grc' dir='ltr'>εἰπεῖν.</span> 
     </span>
    </p>
   </div>
   <div class='ocr_carea' id='block_1_109' title="bbox 2275 5071 3784 5160">
    <p class='ocr_par' dir='ltr' id='par_1_109' title="bbox 2275 5071 3784 5160">
     <span class='ocr_line' id='line_1_109' title="bbox 2275 5071 3784 5160; baseline -0.015 -16"><span class='ocrx_word' id='word_1_828' title='bbox 2275 5089 2511 5160; x_wconf 82' lang='grc' dir='ltr'>φανερᾶς</span> <span class='ocrx_word' id='word_1_829' title='bbox 2548 5086 2741 5156; x_wconf 88' lang='grc' dir='ltr'>μανίας</span> <span class='ocrx_word' id='word_1_830' title='bbox 2767 5083 2932 5136; x_wconf 76' lang='grc' dir='ltr'>ἐστίν.</span> <span class='ocrx_word' id='word_1_831' title='bbox 2971 5082 3094 5145; x_wconf 89' lang='grc' dir='ltr'>Πῶς</span> <span class='ocrx_word' id='word_1_832' title='bbox 3123 5083 3230 5151; x_wconf 76' lang='grc' dir='ltr'>γάρ</span> <span class='ocrx_word' id='word_1_833' title='bbox 3250 5099 3330 5143; x_wconf 90' lang='grc' dir='ltr'><strong>τις</strong></span> <span class='ocrx_word' id='word_1_834' title='bbox 3348 5081 3453 5133; x_wconf 84' lang='grc' dir='ltr'><strong>τῶν</strong></span> <span class='ocrx_word' id='word_1_835' title='bbox 3474 5080 3624 5146; x_wconf 82' lang='grc' dir='ltr'>ξένων</span> <span class='ocrx_word' id='word_1_836' title='bbox 3641 5091 3692 5126; x_wconf 87' lang='grc' dir='ltr'><strong>τε</strong></span> <span class='ocrx_word' id='word_1_837' title='bbox 3709 5071 3784 5124; x_wconf 78' lang='grc' dir='ltr'><strong>καὶ</strong></span> 
     </span>
    </p>
   </div>
   <div class='ocr_carea' id='block_1_110' title="bbox 2278 5167 3783 5251">
    <p class='ocr_par' dir='ltr' id='par_1_110' title="bbox 2278 5167 3783 5251">
     <span class='ocr_line' id='line_1_110' title="bbox 2278 5167 3783 5251; baseline -0.015 -15"><span class='ocrx_word' id='word_1_838' title='bbox 2278 5180 2651 5251; x_wconf 85' lang='grc' dir='ltr'>ἁκοινωνήτων</span> <span class='ocrx_word' id='word_1_839' title='bbox 2682 5177 2890 5244; x_wconf 69' lang='grc' dir='ltr'>συναφῆ</span> <span class='ocrx_word' id='word_1_840' title='bbox 2919 5192 2978 5227; x_wconf 86' lang='grc' dir='ltr'><strong>τε</strong></span> <span class='ocrx_word' id='word_1_841' title='bbox 3025 5176 3118 5227; x_wconf 73' lang='grc' dir='ltr'><strong>καὶ</strong></span> <span class='ocrx_word' id='word_1_842' title='bbox 3159 5174 3359 5227; x_wconf 82' lang='grc' dir='ltr'>οἰκείαν</span> <span class='ocrx_word' id='word_1_843' title='bbox 3388 5175 3444 5224; x_wconf 84' lang='grc' dir='ltr'>ἐν</span> <span class='ocrx_word' id='word_1_844' title='bbox 3469 5175 3572 5233; x_wconf 85' lang='grc' dir='ltr'>τοῖς</span> <span class='ocrx_word' id='word_1_845' title='bbox 3596 5167 3783 5233; x_wconf 79' lang='grc' dir='ltr'>ὀνόμασι</span> 
     </span>
    </p>
   </div>
   <div class='ocr_carea' id='block_1_111' title="bbox 2267 5255 3780 5340">
    <p class='ocr_par' dir='ltr' id='par_1_111' title="bbox 2267 5255 3780 5340">
     <span class='ocr_line' id='line_1_111' title="bbox 2267 5255 3780 5340; baseline -0.018 -7"><span class='ocrx_word' id='word_1_846' title='bbox 2267 5277 2518 5340; x_wconf 76' lang='grc' dir='ltr'>διασώζει</span> <span class='ocrx_word' id='word_1_847' title='bbox 2557 5274 2726 5339; x_wconf 79' lang='grc' dir='ltr'>τάξιν,</span> <span class='ocrx_word' id='word_1_848' title='bbox 2782 5269 2890 5337; x_wconf 76' lang='grc' dir='ltr'><strong>τῆς</strong></span> <span class='ocrx_word' id='word_1_849' title='bbox 2931 5268 3321 5338; x_wconf 70' lang='grc' dir='ltr'>γεννηθείσης</span> <span class='ocrx_word' id='word_1_850' title='bbox 3365 5263 3547 5330; x_wconf 80' lang='grc' dir='ltr'>αὐτῆς</span> <span class='ocrx_word' id='word_1_851' title='bbox 3587 5255 3780 5317; x_wconf 78' lang='grc' dir='ltr'>οὐσίας.</span> 
     </span>
    </p>
   </div>
   <div class='ocr_carea' id='block_1_112' title="bbox 2269 5346 3783 5448">
    <p class='ocr_par' dir='ltr' id='par_1_112' title="bbox 2269 5346 3783 5448">
     <span class='ocr_line' id='line_1_112' title="bbox 2269 5346 3783 5448; baseline -0.016 -24"><span class='ocrx_word' id='word_1_852' title='bbox 2269 5369 2448 5432; x_wconf 87' lang='grc' dir='ltr'>καθώς</span> <span class='ocrx_word' id='word_1_853' title='bbox 2475 5383 2637 5436; x_wconf 81' lang='grc' dir='ltr'>φησι,</span> <span class='ocrx_word' id='word_1_854' title='bbox 2699 5362 2925 5427; x_wconf 76' lang='grc' dir='ltr'>καὶτῆς</span> <span class='ocrx_word' id='word_1_855' title='bbox 2968 5360 3074 5413; x_wconf 79' lang='grc' dir='ltr'>τοῦ</span> <span class='ocrx_word' id='word_1_856' title='bbox 3125 5358 3258 5412; x_wconf 79' lang='grc' dir='ltr'><strong>Υἱοῦ</strong></span> <span class='ocrx_word' id='word_1_857' title='bbox 3295 5353 3668 5426; x_wconf 63' lang='grc' dir='ltr'>προσηγορίας</span> 
     </span>
    </p>
   </div>
   <div class='ocr_carea' id='block_1_113' title="bbox 2269 5436 3781 5526">
    <p class='ocr_par' dir='ltr' id='par_1_113' title="bbox 2269 5436 3781 5526">
     <span class='ocr_line' id='line_1_113' title="bbox 2269 5436 3781 5526; baseline -0.012 -11"><span class='ocrx_word' id='word_1_858' title='bbox 2269 5462 2550 5526; x_wconf 82' lang='grc' dir='ltr'>τοιαύτην</span> <span class='ocrx_word' id='word_1_859' title='bbox 2582 5456 2699 5510; x_wconf 76' lang='grc' dir='ltr'>τῶν</span> <span class='ocrx_word' id='word_1_860' title='bbox 2725 5453 3029 5523; x_wconf 77' lang='grc' dir='ltr'><strong>ὀνομάτων</strong></span> <span class='ocrx_word' id='word_1_861' title='bbox 3058 5451 3458 5519; x_wconf 69' lang='grc' dir='ltr'>οἰκειουμένης</span> <span class='ocrx_word' id='word_1_862' title='bbox 3480 5445 3703 5514; x_wconf 59' lang='grc' dir='ltr'>σχέο-τῆ</span> <span class='ocrx_word' id='word_1_863' title='bbox 3735 5436 3781 5486; x_wconf 68' lang='grc' dir='ltr'>Μ</span> 
     </span>
    </p>
   </div>
   <div class='ocr_carea' id='block_1_114' title="bbox 2269 5535 3778 5616">
    <p class='ocr_par' dir='ltr' id='par_1_114' title="bbox 2269 5535 3778 5616">
     <span class='ocr_line' id='line_1_114' title="bbox 2269 5535 3778 5616; baseline -0.009 -9"><span class='ocrx_word' id='word_1_864' title='bbox 2269 5552 2412 5607; x_wconf 78' lang='grc' dir='ltr'>δὲτὸ</span> <span class='ocrx_word' id='word_1_865' title='bbox 2462 5551 2656 5604; x_wconf 80' lang='grc' dir='ltr'>οἰκεῖον</span> <span class='ocrx_word' id='word_1_866' title='bbox 2699 5547 2786 5601; x_wconf 73' lang='grc' dir='ltr'>διὰ</span> <span class='ocrx_word' id='word_1_867' title='bbox 2816 5545 2923 5599; x_wconf 87' lang='grc' dir='ltr'><strong>τῶν</strong></span> <span class='ocrx_word' id='word_1_868' title='bbox 2965 5542 3340 5616; x_wconf 84' lang='grc' dir='ltr'>προσηγοριῶν</span> <span class='ocrx_word' id='word_1_869' title='bbox 3387 5538 3575 5594; x_wconf 77' lang='grc' dir='ltr'>τούτων</span> <span class='ocrx_word' id='word_1_870' title='bbox 3610 5535 3778 5594; x_wconf 72' lang='grc' dir='ltr'><strong>ἀποση⁶</strong></span> 
     </span>
    </p>
   </div>
  </div>
