3922 6474
125 301 208 359 591
1193 291 1478 346 CONTRA
1511 288 1900 360 EUNOMIUM,
1937 289 2070 347 LIB.
2101 292 2190 348 111.
3223 295 3332 352 επ

125 409 367 487 μαίνεσθαι
383 408 547 478 λέγοι,
563 407 860 478 συνήγορος
889 407 946 472 ἐξ
967 405 1210 475 ἀνάγκης
1232 407 1325 459 τοῦ
1351 407 1528 459 κοινοῦ
1555 407 1651 476 τῆς
1681 454 1684 461 ι

1786 406 1907 472 Quod
1939 409 1983 461 si
2017 406 2406 476 proprietatem
2441 405 2554 460 sive
2585 404 3048 476 propinquitatem
3096 421 3191 477 per
3233 407 3332 462 bes

122 505 273 566 σι’δσίας
298 502 688 570 ἀναφανήσεται
717 498 802 551 διὰ
827 500 925 568 τῆς
951 498 1060 551 τῶν
1090 499 1366 568 ὀνομάτων
1383 498 1652 568 οἰκειότη-

1793 501 2148 570 ppellationes
2181 499 2476 570 significari
2511 498 2685 561 dicat,
2725 501 3038 555 necessario
3072 508 3333 569 patronus

123 613 208 656 τος.
240 594 335 646 Καὶ
360 592 418 644 τὸ
449 591 555 643 τῶν
584 590 959 658 ὑποκειμένων
981 589 1210 656 συναφὲς
1235 589 1656 652 κατασκευάζων

1789 593 2066 645 ommunis
2095 592 2347 645 essentia:
2373 590 2696 644 ostendetur
2723 607 2818 660 per
2847 591 3128 644 nomimtm
3161 592 3335 644 usita-

1757 697 1864 738 tam
1897 685 2376 738 consuetudinem.
2417 683 2480 735 Et
2513 695 2771 736 astruens
2802 683 3172 750 subiectorum
3212 698 3336 751 pro-

1761 776 2122 844 pinquitatem
2183 777 2296 832 sive
2347 776 2712 829 cohaesiouem
2772 775 3116 844 signiﬁcare,
3172 775 3336 842 idque

1761 867 1950 919 nmltis
1987 866 2038 919 in
2075 867 2212 921 locis
2255 866 2377 920 libri
2412 867 2482 920 ab
2509 881 2576 919 eo
2609 865 2797 935 scripti
2833 865 3009 921 nescit
3043 880 3102 919 se
3135 863 3334 918 facere.

1761 959 1864 1013 Per
1891 975 2012 1028 qua:
2044 960 2188 1012 eui-zu
2224 960 2507 1013 veritatem
2545 958 2763 1012 abolere
2792 965 3042 1021 conatur,
3083 973 3224 1025 saepe
3271 957 3338 1009 ad

1763 1051 2125 1121 patrociniqu
2179 1051 2518 1104 decretorum
2564 1065 2684 1118 qua:
2727 1056 3003 1118 oppugnat
3033 1049 3201 1102 invite
3253 1063 3343 1101 ac-

1764 1143 1931 1197 cedit.
1970 1142 2142 1208 Quale
2176 1142 2436 1210 quiddam
2473 1141 2540 1196 de
2573 1141 2735 1194 Saule
2765 1157 2828 1195 ex
2870 1141 3096 1194 historia
3127 1138 3340 1194 audivi-

1767 1246 1888 1284 mus
1908 1272 1922 1293 ,
1950 1236 2096 1300 quod
2129 1231 2208 1284 ira
2233 1229 2530 1299 aliquando
2557 1239 2748 1283 contra
2779 1230 3076 1300 pr0pbetas
3105 1244 3335 1282 commov

1767 1329 1856 1372 tus
1887 1337 1914 1373 a
1945 1321 2118 1390 gratia
2148 1331 2438 1389 superatus
2481 1331 2593 1382 est,
2625 1331 2678 1374 et
2708 1337 2848 1376 unus
2881 1330 3005 1375 erat
3027 1337 3216 1376 eorum
3250 1323 3342 1391 qui

1768 1411 1992 1465 numine
2023 1411 2371 1475 alllabantur,
2407 1412 2726 1481 prOpbctico
2756 1413 2949 1481 spiritu
2976 1452 2989 1475 ,
3023 1414 3168 1468 sicut
3196 1415 3345 1468 arbi-

1770 1508 1904 1562 tror,
1938 1517 2032 1570 per
2064 1502 2306 1570 seipsum
2334 1502 2551 1556 erudire
2582 1512 2884 1570 apostatam
2915 1506 3146 1558 volente.
3185 1504 3343 1560 Unde

1771 1591 2120 1659 proverbium
2157 1591 2209 1644 in
2244 1591 2351 1646 vita
2384 1603 2730 1662 posterorum
2779 1594 2981 1647 factum
3022 1605 3100 1649 est
3127 1637 3140 1655 .
3177 1596 3243 1649 de
3280 1611 3348 1650 eo

1772 1683 1917 1752 quod
1945 1691 2092 1737 esset
2123 1684 2456 1753 itmpinabile
2484 1695 2537 1738 et
2569 1697 2762 1755 praeter
2791 1701 2940 1755 Spem
2964 1727 2976 1740 .
3010 1685 3338 1741 mirabiliter

1705 1751 1747 1806 Β
1775 1751 1998 1828 historia
2031 1775 2132 1829 hoc
2164 1751 2466 1832 recitante:
2503 1751 2758 1847 Nunquid
2788 1751 2837 1831 et
2871 1776 3005 1832 Saul
3053 1780 3190 1832 inter
3220 1796 3347 1849 pro-

1769 1867 1949 1935 phetas
1983 1867 2067 1919 "1’

1843 1955 1899 2010 In
1933 1957 2140 2026 quibus
2162 1956 2324 2027 igitur
2351 1955 2652 2011 Eunomius
2677 1959 2886 2012 veritati
2920 1961 3260 2015 assentitur?
3289 1963 3346 2018 lu

1771 2047 1971 2117 quibus
2026 2047 2176 2114 dicit,
2225 2047 2368 2118 quod
2399 2048 2503 2114 ipse
2521 2043 2798 2116 Dominus,
2815 2047 2861 2102 F
2865 2049 3120 2104 ilius-cum
3150 2054 3219 2106 sit
3252 2051 3349 2108 Dei

1773 2138 2105 2210 viventishex
2132 2141 2345 2212 Virgine
2377 2140 2764 2208 generationem
2794 2157 2895 2193 non
2923 2143 3260 2208 erubescens,
3295 2145 3347 2198 in

1773 2231 1883 2283 suis
1911 2230 2237 2284 sermonibus
2271 2229 2715 2286 Filium/taminis
2752 2248 2894 2300 sa'pe
2916 2235 3141 2302 seipsum
3179 2240 3350 2291 nemi-

1774 2321 1936 2373 navit.
2007 2319 2114 2376 Nos
2143 2321 2288 2376 enim
2313 2323 2476 2375 etiam
2510 2323 2654 2377 hunc
2681 2340 2989 2380 sermonem
3022 2326 3088 2380 ad
3121 2328 3351 2381 demou-

1777 2413 2095 2468 strationem
2115 2416 2421 2469 communis
2447 2415 2698 2470 essentia:
2724 2417 3071 2487 proferimus.
3099 2417 3225 2470 Nam
3256 2417 3350 2472 Fi-

1778 2504 1831 2557 lii
1861 2519 2056 2559 nomen
2093 2505 2358 2574 zequalem
2394 2505 2462 2559 ad
2495 2515 2729 2576 utraque
2761 2517 2973 2562 natura:
3007 2511 3352 2563 conununio-

1781 2611 1902 2650 nem
1933 2596 2227 2666 designat.
2292 2599 2384 2654 Sic
2434 2599 2595 2653 etiam
2650 2597 2819 2654 Filius
2909 2601 3149 2655 hominis
3185 2601 3350 2656 intel-

1781 2688 1965 2757 ligitur
1995 2695 2219 2757 propter
2250 2702 2366 2742 eam
2399 2704 2566 2758 quam
2603 2691 2907 2760 assumpsit
2944 2708 3071 2745 cum
3112 2693 3350 2746 humana

1780 2780 2022 2834 essentia
2061 2781 2525 2847 coniunctionem,
2560 2792 2611 2837 et
2641 2783 2936 2837 maximum
2984 2785 3231 2839 veritatis
3272 2793 3355 2841 te-

1782 2873 1890 2925 lum
1918 2873 2021 2927 hoc
2053 2873 2284 2928 Verbum
2318 2881 2422 2929 est.
2460 2874 2591 2928 Nam
2633 2874 2981 2929 mediatorem
3011 2876 3100 2930 Dei
3145 2888 3197 2930 et
3241 2877 3343 2930 ba—

1783 2964 2010 3027 minum,
2041 2963 2492 3033 quemadmodum
2519 2979 2747 3035 magnus
2784 2963 2986 3019 Paulus
3031 2967 3350 3030 nominavit,

1790 3053 1920 3105 nihil
1945 3069 2098 3122 aque
2121 3069 2181 3106 ac
2200 3052 2320 3107 Filii
2346 3070 2543 3107 nomen
2575 3056 2935 3116 demonstrat,
2959 3057 3099 3124 quod
3137 3056 3355 3127 utrique

125 686 461 758 σημαίνεσθαι,
503 685 596 736 καὶ
649 683 805 736 τοῦτο
865 682 1128 752 πολλαχοῦ
1171 685 1267 753 τῆς
1297 683 1657 754 λογογραφίας

125 779 258 832 mni»:
285 778 377 829 οὐκ
406 776 711 828 ἐπίσταται.
743 776 819 826 Δι’
846 770 920 827 ὧν
948 776 1055 845 γὰρ
1086 777 1352 846 ἐπιχειρεῖ
1382 776 1659 847 καθαιρεῖν

122 874 198 939 τὴν
223 869 487 938 ἀλήθειαν,
537 866 804 930 ἀκουσίως
846 867 1106 930 πολλάκις
1155 868 1480 921 καθέλκεται
1524 868 1662 940 πρὸς

124 961 405 1032 σδνηγορξαν
434 959 546 1011 τῶν
571 959 989 1028 πολεμουμένων
1009 959 1313 1029 δογμάτων.
1346 954 1468 1013 Οίόν
1498 977 1548 1012 τι
1569 961 1663 1012 καὶ

124 1055 221 1125 περὶ
243 1053 325 1105 τοῦ
352 1051 530 1104 Σαοὺλ
547 1053 610 1103 ἐκ
634 1051 734 1120 τῆς
771 1052 1011 1121 ἱστορίας
1037 1052 1370 1122 ἠκούσαμεν,
1404 1055 1484 1106 ὅτι
1507 1051 1663 1122 Θυμῷ

123 1162 222 1198 ποτε
252 1144 382 1196 κατὰ
430 1143 542 1195 τῶν
592 1144 1040 1212 προφητευόντων
1081 1144 1415 1214 κινούμενος,
1456 1143 1664 1214 ἡττήθη

121 1239 196 1305 τῆς
217 1237 441 1305 χάριτος,
473 1235 567 1287 καὶ
592 1235 698 1286 τῶν
727 1235 1167 1305 θεοφορουμένων
1191 1230 1268 1298 εἷς
1293 1231 1359 1304 ἦν
1383 1255 1395 1265 ·
1423 1236 1518 1288 τοῦ
1543 1253 1666 1307 προ-

123 1327 311 1398 φητικοῦ
336 1326 669 1396 πνεύματος,
698 1327 772 1390 ὡς
798 1321 969 1397 οἶμαι,
997 1328 1064 1380 δι’
1086 1325 1278 1378 ἑαυτοῦ
1308 1327 1398 1379 τὸν
1425 1328 1663 1380 ἀποστά-

122 1439 198 1490 την
223 1419 502 1472 παιδεῦσαι
545 1419 890 1488 θελήσαντος.
944 1417 1104 1470 Ὅθεν
1135 1419 1197 1470 τὸ
1231 1418 1538 1489 παράλογον
1574 1419 1670 1488 τῆς

124 1512 370 1581 σδιηυχίας
399 1511 675 1580 παροιμία
701 1510 777 1580 τῷ
806 1510 942 1580 μετὰ
981 1510 1154 1564 ταῦτα
1171 1511 1358 1578 γέγονε
1393 1510 1514 1581 βίῳ,
1541 1511 1672 1564 03w-

119 1604 366 1675 εμσστικῶς
394 1605 498 1673 τῆς
540 1605 781 1674 ἱστορίας
814 1603 872 1656 τὸ
894 1603 1101 1657 τοιοῦτο
1131 1603 1446 1674 διεξιούσης,
1474 1606 1539 1658 Εἰ
1573 1604 1671 1658 καὶ

133 1701 295 1753 Σαοὺλ
317 1699 386 1751 ἐν
412 1696 752 1766 προφήταις
773 1714 801 1760 ;

189 1961 264 2013 Ἐν
288 1959 422 2010 τίσιν
451 1953 556 2010 οὖν
598 1958 627 2009 ὸ
659 1955 920 2026 Εὐνόμιος
957 1957 1021 2025 τῇ
1065 1954 1292 2025 ἀληθείᾳ
1319 1953 1668 2014 συνίσταται;

237 2047 310 2114 οἷς
347 2067 514 2119 φησιν
543 2067 559 2083 ·
605 2049 686 2101 ὅτι
719 2048 904 2113 Αὐτὸς
952 2050 984 2101 ὁ
1015 2049 1247 2113 Κύριος,
1288 2045 1419 2110 Υἱός
1443 2041 1529 2098 ὢν
1557 2043 1664 2098 τοῦ

133 2145 248 2198 Θεοῦ
273 2143 368 2197 τοῦ
399 2137 631 2206 ζῶντος
658 2139 775 2208 τὴν
812 2139 878 2192 ἐκ
904 2137 1017 2205 τῆς
1035 2141 1341 2211 Παρθενου
1385 2135 1674 2206 γέννησιν

134 2237 218 2287 οὐκ
243 2233 777 2301 ἑπαισχυνόμενος,
815 2230 886 2284 ἐν
910 2229 1034 2295 τοῖς
1054 2229 1273 2283 ἑαυτοῦ
1296 2230 1499 2296 λόγοις
1536 2228 1674 2282 Υἱόν

133 2325 402 2394 ἀνθρώ-του
421 2323 734 2389 πολλάκις
751 2323 1064 2392 ὠνόμασεν
1087 2322 1321 2376 ἑαυτόν.
1347 2321 1546 2375 Τοῦτον
1567 2321 1676 2392 γὰρ

135 2419 206 2470 tui
236 2420 380 2488 ἡμεῖς
417 2417 511 2469 τὸν
547 2417 706 2484 λόγον
733 2417 812 2479 είς
847 2414 1122 2479 ἀπόδειξιν
1147 2415 1240 2467 τοῦ
1268 2414 1446 2468 κοινοῦ
1470 2415 1566 2485 τῆς
1591 2415 1679 2466 οὐ-

139 2509 230 2571 σίας
254 2508 639 2580 προσφέρομεν
661 2522 674 2535 ⁸
725 2509 804 2560 ὅτι
831 2507 925 2560 τιὸ
955 2506 1087 2560 Υίοῦ
1114 2507 1175 2559 τὸ
1218 2506 1386 2570 όνομα
1415 2508 1536 2577 ῐσην
1558 2506 1678 2563 κατ’

138 2601 374 2670 ἀμφότερα
391 2601 491 2672 τὴτ
508 2600 617 2670 τῆς
637 2612 854 2669 φυσεως
868 2598 1145 2653 κοινωνίαν
1162 2590 1452 2669 (α).υύτως
1465 2594 1560 2646 καὶ
1584 2596 1678 2650 τοῦ
1733 2601 1735 2603 ’

140 2692 244 2744 Θεοῦ
275 2692 391 2754 Υἱὸς
420 2691 650 2752 παντως
687 2693 887 2743 νοεῖται
920 2690 1007 2743 διὰ
1048 2691 1146 2761 τὴν
1185 2691 1284 2761 τῆς
1314 2689 1499 2751 οὐσίας
1517 2688 1680 2742 αὐτοῦ

142 2783 247 2852 ego;
267 2785 357 2853 τὴν
385 2785 440 2848 ἐξ
468 2776 548 2853 ἦς
592 2781 799 2851 ὑπέστη
843 2792 1134 2852 συναφειαν
1152 2799 1166 2811 ο
1224 2783 1316 2834 καὶ
1347 2781 1406 2832 τὸ
1432 2781 1682 2848 μέγιστον

142 2877 218 2944 τῆς
245 2873 486 2943 ἀληθείας
548 2871 710 2924 ὅπλον
761 2865 916 2933 οὗτος
943 2873 971 2924 ὁ
1015 2872 1170 2939 λόγος
1207 2871 1373 2923 ἐστίν.
1426 2871 1528 2922 Τὸν
1577 2871 1684 2939 γὰρ

147 2966 331 3035 μεσίτην
355 2965 489 3018 Θεοῦ
528 2964 624 3017 καὶ
662 2960 984 3033 ἀνθρώπων,
1018 2962 1197 3026 καθὼς
1226 2963 1504 3032 ὠνόμασεν
1533 2962 1559 3012 ὁ
1592 2962 1686 3031 μέ-

145 3075 223 3125 γας
251 3058 586 3119 Ἀπόστολος,
617 3059 768 3113 οὐδὲν
799 3057 968 3120 οὕτως
1003 3057 1080 3118 ὡς
1106 3055 1168 3108 τὸ
1195 3055 1288 3108 τοῦ
1322 3054 1449 3106 Υἱοῦ
1477 3054 1685 3107 δείκνυ-

1713 3103 1756 3162 C

147 3163 210 3199 σιν
226 3147 396 3217 ὄνομα,
443 3147 694 3220 ἑκατέρᾳ
723 3149 881 3218 φύσει
908 3151 972 3217 τῇ
1010 3144 1128 3216 θείᾳ
1161 3162 1217 3196 τε
1247 3145 1340 3197 καὶ
1377 3143 1689 3215 ἀνθρωπίνῃ

149 3236 261 3289 κατὰ
287 3238 341 3290 τὸ
365 3234 482 3291 ἶσον
524 3239 988 3309 ὲφαρμοζόμενον.
1024 3237 1083 3289 Ὀ
1117 3235 1222 3307 γὰρ
1255 3235 1414 3298 αὐτὸς
1440 3236 1532 3288 καὶ
1553 3234 1692 3289 Θεοῦ

149 3323 245 3388 Υἱὸς
265 3326 390 3387 ἐστι,
431 3332 539 3383 καὶ
577 3331 707 3394 Υἱὸς
746 3327 1032 3401 ἀνθρώπου
1067 3329 1189 3380 κατ’
1229 3327 1540 3397 οἰκονομίαν
1572 3327 1690 3396 έγέ-

151 3434 271 3468 νετο·
321 3421 404 3472 ἴνα
451 3425 530 3492 τῇ
566 3422 702 3491 πρὸς
747 3422 1000 3491 ἑκάτερον
1051 3419 1330 3489 κοινωνίᾳ,
1397 3418 1464 3470 δι’
1498 3417 1688 3470 ἑαυτοῦ

152 3505 320 3578 mat-41,;
340 3510 405 3560 τὰ
433 3510 709 3563 διεστῶτα
732 3512 798 3580 τῇ
825 3509 1004 3577 φύσει.
1061 3508 1126 3559 El.
1153 3507 1252 3576 μὲν
1283 3503 1374 3560 οὖν
1404 3507 1692 3576 γενόμενος

151 3592 250 3657 Tit;
269 3596 557 3667 ἀνθρώπου
590 3598 851 3668 ἀμέτοχος
877 3594 944 3668 ἧν
972 3597 1070 3667 τῆς
1094 3596 1438 3668 ἀνθρωπίνης
1455 3598 1688 3666 φύσεως,

152 3688 395 3742 ἀκόλουθον
423 3692 488 3744 ἂν
537 3686 604 3760 ἦν
627 3690 762 3743 Θεοῦ
795 3691 920 3743 Υἰὺν
952 3691 1079 3743 ὄντα
1113 3690 1295 3751 αὐτὸν,
1343 3689 1475 3759 μηδὲ
1500 3706 1692 3742 κοινω-

152 3782 236 3832 νεῖν
255 3782 343 3850 si};
364 3783 520 3848 θείας
546 3783 732 3845 οὐσίας
759 3783 954 3852 λέγειν.
981 3784 1044 3836 Ei
1065 3783 1121 3836 δὲ
1152 3781 1336 3835 «am
1363 3781 1693 3852 ἀνθρώπινον

154 3871 402 3944 σύγκραμα
424 3877 483 3927 ὲν
538 3874 687 3945 αὐτῷ
730 3871 820 3947 ἦν·
849 3867 1169 3949 (ὲπειράσθη
1199 3875 1303 3944 γὰρ
1345 3874 1487 3928 κατὰ
1517 3874 1695 3930 πάντα

153 3963 246 4015 καθ’
273 3966 567 4036 (iuratori-pta
607 3966 774 4037 χωρὶς
811 3965 1081 4036 ἁμαρτίας
1175 3963 1388 4035 ἀνάγκη
1415 3965 1563 4018 πᾶσα
1601 3967 1694 4018 καὶ

155 4057 238 4107 πᾶν
275 4060 364 4126 τῆς
415 4057 795 4128 ὑπερεχούσης
841 4057 1024 4119 οὐσίας
1048 4059 1265 4130 ἰδίωμα,
1297 4058 1354 4110 ὲν
1402 4057 1549 4128 αὐτῷ
1597 4074 1688 4111 πι-

157 4151 325 4201 misr;
352 4147 489 4205 εἶναι
529 4151 629 4219 τῆς
655 4149 750 4202 τοῦ
780 4149 908 4202 Υίοῦ
939 4149 1123 4217 φωνῆς
1152 4149 1350 4218 ὁμοίως
1373 4149 1521 4222 αὐτῷ
1555 4168 1694 4221 μαρο

155 4241 379 4310 τυρούσης
409 4236 678 4310 ἑκάτερον
699 4258 711 4270 ο
759 4242 816 4294 ἐν
845 4241 924 4310 τῷ
950 4237 1367 4311 ἀνθρώπῳμὲν,
1399 4241 1459 4294 τὸ
1485 4241 1695 4312 ἀνθρώ-

155 4344 295 4394 πινον,
326 4335 380 4384 ἐν
408 4335 463 4386 δὲ
499 4332 583 4402 τῷ
615 4331 754 4401 Θεῷ,
785 4332 845 4384 τὸ
874 4333 1029 4386 θεῖον.

1791 3153 1999 3197 naturae
2041 3143 2236 3198 divina:
2292 3152 2345 3198 et
2409 3145 2660 3198 humana:
2715 3146 2997 3215 aequaliter
3047 3161 3354 3200 accommo-

1790 3235 1949 3288 datur
1979 3236 2043 3288 ".
2107 3234 2251 3290 Idem
2304 3236 2450 3290 enim
2488 3245 2543 3290 et
2593 3235 2685 3291 Dei
2721 3236 2894 3291 Filius
2946 3244 3050 3300 est,
3086 3251 3140 3292 et
3178 3237 3350 3292 Filius

1791 3328 2027 3382 hominis
2055 3345 2149 3398 per
2184 3328 2616 3383 incarnationem
2648 3328 2824 3384 factus
2867 3338 2979 3395 est;
3019 3339 3077 3382 ut
3111 3344 3206 3398 per
3235 3344 3354 3383 eam

1790 3435 1953 3489 quam
1989 3435 2111 3473 cum
2142 3429 2371 3490 utroque
2420 3421 2581 3474 habet
2614 3421 3074 3485 comnmniouem,
3106 3435 3226 3490 quae
3259 3436 3357 3472 na-

1791 3525 1916 3567 tura.
1940 3511 2144 3568 distant
2186 3527 2280 3582 per
2322 3511 2564 3582 scipsum
2607 3513 2844 3582 cupulet.
2891 3511 2948 3566 Si
2978 3511 3142 3582 igitur
3177 3509 3350 3566 Filius

1793 3598 2028 3660 hominis
2062 3605 2238 3660 factus
2261 3605 2511 3659 humana:
2540 3614 2750 3659 naturae
2776 3614 2922 3659 esset
2955 3620 3151 3674 expers
3178 3647 3190 3670 ,
3216 3620 3354 3658 cono

1793 3712 2032 3767 sequens
2052 3705 2198 3753 esset
2225 3697 2512 3760 alﬁrmare,
2539 3699 2755 3752 etiamsi
2788 3696 2881 3752 Dei
2923 3695 3094 3752 Filius
3119 3698 3232 3766 ipse
3262 3697 3355 3762 sit,

1794 3804 1903 3844 non
1966 3797 2147 3843 tamen
2205 3804 2328 3844 cum
2391 3790 2574 3859 divina
2633 3790 2866 3844 essentia
2923 3789 3353 3844 communicare.

1794 3879 1947 3946 Quod
1991 3880 2036 3935 si
2063 3894 2221 3934 oume
2263 3879 2559 3934 humanum
2598 3889 2910 3935 concretum
2962 3880 3017 3934 in
3069 3881 3187 3949 ipso
3227 3885 3349 3932 erat

1796 3973 2058 4042 (tentatus
2083 3979 2167 4026 est
2196 3971 2340 4026 enim
2371 3987 2466 4041 per
2497 3973 2677 4026 omnia
2710 3975 3008 4028 secundum
3038 3973 3353 4026 similitudi-

1795 4077 1917 4116 nem
1948 4063 2154 4130 absque
2189 4071 2412 4132 peccato
2440 4063 2528 4128 ξπ),
2551 4072 2770 4116 necesse
2784 4068 2868 4115 est
2887 4059 3112 4114 omnino
3133 4079 3352 4115 onmem

1797 4154 2254 4224 supereminentis
2291 4153 2541 4208 essentia:
2573 4155 2955 4224 proprietatem
2993 4157 3048 4208 in
3087 4155 3205 4224 ipso
3237 4169 3360 4208 esse

1796 4247 2051 4302 credere:
2095 4262 2216 4300 cum
2244 4243 2363 4300 Filii
2398 4261 2497 4299 vox
2529 4247 2634 4301 sibi
2675 4255 2966 4316 utrumque
3017 4246 3242 4307 tribuat,
3287 4246 3342 4300 in

1797 4339 2016 4394 homine
2048 4337 2266 4407 quidem
2298 4337 2619 4400 humanum,
2652 4339 2704 4391 itt
2737 4337 2844 4392 Deo
2872 4337 3153 4392 divinum.

209 4421 260 4474 Ei
285 4420 368 4477 οὐν
401 4427 454 4476 ai
486 4424 910 4492 προσηγορίαι,
954 4421 1134 4486 καθώς
1165 4441 1326 4492 φησιν
1357 4427 1384 4477 ὁ
1411 4426 1684 4495 Εὐνόμιος,

1867 4429 1922 4482 Si
1959 4428 2123 4498 igitur
2160 4426 2558 4496 appellationes,
2601 4428 3055 4497 quemadmodum
3091 4427 3222 4481 dicit
3262 4425 3368 4478 liu-

157 4513 202 4563 τὸ
225 4518 401 4569 οἰκεῖον
435 4516 805 4570 ἐνδείκνυνται
837 4533 856 4546 ι
881 4518 914 4585 ἡ
937 4515 990 4568 δὲ
1013 4515 1276 4586 οἰκειότης
1304 4518 1361 4569 ὲν
1401 4521 1513 4580 τοῖς
1552 4517 1694 4588 πρά·-

159 4621 342 4674 γμασιν,
373 4610 470 4660 οὐκ
506 4610 562 4660 ἐν
606 4607 786 4676 ψιλαῖς
819 4607 1100 4677 θεωρεῖται
1136 4609 1254 4670 ταῖς
1286 4607 1394 4660 τῶν
1415 4609 1697 4679 ὀνομάτων

162 4702 346 4762 φωναῖς,
368 4702 676 4771 πράγματα
714 4700 771 4754 δέ
798 4716 938 4770 φημι
985 4700 1104 4754 καθ’
1128 4701 1296 4754 ἑαυτὰ
1338 4703 1620 4774 νοούμενα,
1648 4705 1698 4756 εί

166 4789 222 4859 μὴ
240 4792 491 4863 τολμηρὸν
519 4791 696 4854 οὕτως
736 4793 908 4844 εἰπεῖν
939 4791 1029 4844 τὸν
1072 4793 1199 4845 Υίὸν
1236 4811 1294 4846 τε
1327 4795 1419 4846 καὶ
1464 4795 1553 4847 τὸν
1591 4797 1700 4850 [Ια-

162 4880 293 4948 τέρα,
314 4885 394 4947 τίς
425 4884 702 4946 ἀντείποι,
735 4883 808 4954 μὴ
833 4883 954 4953 οὐχὶ
993 4884 1087 4938 καὶ
1121 4885 1280 4938 αὐτὸν
1309 4885 1398 4937 τὸν
1423 4887 1521 4956 τῆς
1542 4885 1702 4956 βλασ-

166 4976 336 5044 φημίας
363 4976 674 5047 προστάτην
717 4976 1038 5046 αὐτομάτως
1082 4978 1217 5048 πρὸς
1248 4976 1345 5048 τὴν
1378 4980 1700 5050 συνηγορίαν

164 5065 240 5131 τῆς
274 5067 542 5130 εὐσεϐείας
581 5065 1041 5135 καθελκυσθῆναι,
1087 5066 1153 5119 δι’
1203 5067 1394 5120 ἑαυτοῦ
1445 5069 1569 5132 τούς
1621 5073 1700 5123 οξ-

166 5156 312 5218 zelon;
342 5158 712 5228 ἀνατρέποντα
754 5156 942 5224 λόγους
961 5173 976 5187 ο
1028 5156 1121 5209 καὶ
1149 5157 1210 5208 τὸ
1249 5159 1346 5227 τῆς
1374 5159 1558 5221 οὐσίας
1591 5177 1703 5213 κοι-

166 5242 235 5294 νὸν
259 5247 340 5297 ἐπὶ
366 5246 472 5300 τῶν
495 5246 654 5299 θείων
679 5246 958 5316 δογμάτων
983 5245 1425 5317 ἀνακηρύσσοντα
1448 5266 1462 5313 ;
1498 5251 1570 5301 Οὐ
1595 5252 1702 5320 γὰρ

166 5331 378 5399 ψεύδεται
416 5337 770 5408 περὶτούτων
811 5336 1079 5400 ἀκουσίως
1124 5337 1250 5407 παρ’
1281 5339 1443 5390 αὐτοῦ
1480 5358 1704 5412 προσρι-

169 5424 267 5492 est;
294 5428 425 5499 ὑπὲρ
449 5432 548 5501 τῆς
575 5428 833 5500 ἀληθείας
857 5429 886 5481 ὁ
916 5428 1100 5497 λόγος,
1130 5429 1211 5482 ὃτι
1238 5430 1336 5482 οὐκ
1363 5429 1426 5482 ἂν
1491 5432 1699 5504 ἐκλήθη

225 5579 266 5611 ¹⁶
299 5582 320 5636 ι
348 5582 474 5655 Reg.
519 5600 574 5650 ι,
624 5584 712 5638 Η.
787 5583 831 5614 ²¹¹
865 5581 1053 5637 l'l‘im.
1090 5598 1154 5641 ιι.
1187 5583 1240 5637 5.

1803 4521 2040 4582 nomius,
2084 4519 2227 4587 quod
2283 4518 2563 4587 proprium
2600 4527 2684 4573 est
2727 4527 2782 4573 et
2836 4518 3106 4573 l'altiiliare
3140 4519 3368 4572 demon-

1805 4621 2012 4668 strant:
2080 4608 2386 4680 proprietas
2441 4618 2623 4665 autem
2679 4612 2731 4666 in
2792 4611 2977 4673 rebus,
3045 4625 3152 4664 non
3207 4612 3369 4664 nudis

1804 4704 2082 4758 nominum
2108 4704 2332 4760 vocibus
2359 4714 2660 4775 spectatur,
2698 4719 2788 4758 res
2813 4712 2989 4756 autem
3020 4701 3144 4755 dico
3188 4718 3284 4771 per
3312 4717 3384 4756 se

1805 4803 2082 4865 spectatas
2137 4803 2190 4848 et
2244 4795 2550 4851 intellectas
2604 4795 2731 4863 (nisi
2783 4794 2922 4848 forte
2975 4792 3048 4847 sit
3093 4793 3266 4844 audax
3316 4801 3378 4842 et

1802 4889 2147 4944 temerarium
2179 4890 2259 4943 sic
2309 4889 2581 4959 appellare
2621 4885 2816 4942 Filium
2847 4895 2901 4940 et
2947 4883 3210 4946 Patrernz)
3249 4884 3377 4954 quis

1802 4982 2083 5052 negaverit
2114 4982 2291 5052 ipsum
2323 4981 2673 5050 blasphemiae
2701 4986 2976 5032 auctorem
3008 4985 3062 5028 et
3087 4973 3379 5044 prtesidem

1805 5075 1871 5128 ad
1901 5073 2148 5128 veritatis
2194 5071 2556 5142 patrocinium
2608 5078 2800 5138 sponte
2825 5066 2989 5124 trahi,
3025 5080 3119 5132 per
3155 5079 3213 5117 se
3245 5062 3376 5132 pr'o-

1806 5167 1954 5236 prios
2005 5179 2285 5219 sermones
2317 5170 2675 5224 evertentem,
2713 5169 2766 5213 et
2797 5159 3238 5212 connuunitmcm
3277 5173 3362 5207 es-

1809 5255 1998 5310 sentia:
2051 5255 2104 5307 in
2153 5254 2354 5308 divinis
2398 5252 2633 5306 decretis
2689 5257 3020 5304 assercutem
3076 5259 3129 5301 et
3182 5248 3352 5316 praedi-

1808 5347 2058 5401 cantem?
2117 5346 2235 5400 Non
2268 5349 2410 5400 enim
2446 5346 2703 5399 mentitur
2736 5343 2803 5397 de
2836 5341 2920 5394 his
2967 5340 3133 5394 invite
3163 5340 3230 5394 ab
3257 5340 3380 5410 ipso

1810 5437 2087 5507 projectus
2139 5453 2236 5509 pro
2283 5439 2509 5491 veritate
2558 5451 2759 5499 sermo,
2795 5432 2941 5506 quod
2993 5449 3100 5487 non
3136 5440 3366 5486 vocatu:

1319 5584 1366 5616 ’⁸
1406 5584 1572 5641 Hebr.
1609 5603 1684 5651 tv.
1715 5591 1802 5646 15.

164 5667 284 5750 ._
297 5670 946 5750 Supple_ex‘_c9d.‘Bavarico
976 5678 1104 5750 apud
1129 5677 1419 5750 Gretserum
1443 5675 1684 5750 :l‘ttOtvwvgt

1786 5675 2058 5724 νεείκνυται.
2081 5673 2163 5731 Ὡς
2181 5673 2269 5738 γὰρ
2290 5675 2391 5731 υἱὸς
2415 5674 2662 5740 ἀνθρώπου
2695 5675 2880 5736 ὶὲγεται
2905 5672 2982 5724 διὰ
3002 5672 3188 5730 τὴν-τῆς
3209 5669 3388 5736 σαθκὸς

167 5730 290 5780 dmi:
312 5730 419 5798 πρὸς
437 5738 520 5797 τὴν
541 5737 588 5795 ἐξ
608 5737 666 5797 ἧς
688 5738 905 5800 ἐγεννήθτι
931 5730 1222 5803 συγγένειαν,
1250 5741 1376 5791 οὕτω
1400 5739 1480 5788 καί
1514 5755 1561 5788 κ.
1585 5754 1627 5786 τ.
1657 5738 1700 5787 λ.
