3922 6500
545 284 647 343 599

1779 280 1838 336 S.
1863 280 2190 338 GREGORII
2226 280 2518 337 NYSSENI

3677 292 3770 349 σου

545 413 689 464 esset
717 404 911 473 Filius,
943 405 1047 461 nisi
1078 406 1348 461 naturalis
1386 407 1669 461 nominum
1699 405 1897 458 notitia
1927 419 2110 458 veram

2220 403 2361 467 Υἱὸς,
2385 403 2456 475 μὴ
2481 405 2578 473 τῆς
2600 405 2830 475 φυσικῆς
2847 403 2954 458 τῶν
2973 404 3250 475 ὀνομάτων
3266 405 3477 470 ἐννοίας
3497 404 3772 478 ὲπαληθευ-

547 495 963 565 appellationem
1007 496 1356 561 ostenderet;
1413 497 1557 552 sicut
1616 499 1763 551 enim
1816 495 2114 552 scabellum

552 601 665 637 sive
697 595 980 636 scamnum
1017 595 1124 634 non
1156 579 1362 634 dicitur
1386 577 1533 635 illius
1562 578 1726 644 fabri,
1763 595 1940 649 neque
1962 581 2115 649 quis-

547 688 710 744 quam
765 671 1095 743 prudentum
1160 671 1399 737 diceret,
1451 671 1835 726 aedilicatorem
1892 670 2113 724 domum

551 769 849 839 peperisse,
902 782 1079 836 neque.
1126 764 1319 820 vitium
1368 763 1718 834 propaginem
1744 806 1757 828 ,
1786 763 1958 817 vinea:
1999 762 2118 817 cul-

549 858 691 913 toris
747 857 1064 929 progeniem
1114 856 1508 910 nominamus:
1549 853 1645 908 sed
1691 869 1830 922 opus
1879 853 2118 906 hominis

549 951 696 1022 quod
728 950 798 1004 ah
849 965 913 1004 eo
949 948 1271 1003 fabricatum
1310 957 1394 1002 est
1427 965 1441 1002 :
1484 947 1653 1000 tilium
1699 960 1827 1000 vero
1879 945 2121 998 hominis

549 1059 672 1096 eum
701 1042 790 1112 qui
816 1057 882 1096 ex
915 1040 1034 1111 ipso
1061 1041 1276 1109 genitus
1308 1048 1431 1092 est:
1473 1038 1574 1105 sic,
1617 1037 1834 1109 Opinor,
1871 1049 1934 1091 ut
1973 1037 2119 1107 quod

551 1133 898 1187 commodum
952 1141 1036 1186 est
1070 1142 1122 1185 et
1156 1146 1459 1201 congruum
1502 1146 1600 1200 per
1632 1130 1854 1184 nomina
1892 1129 1946 1183 in
1992 1131 2123 1183 sul)-

547 1223 710 1292 jectis
744 1223 1182 1292 signiﬁcaretur:
1215 1223 1288 1275 ita
1332 1229 1386 1275 et
1423 1220 1513 1274 Dei
1548 1220 1744 1274 Filium
1781 1220 2121 1291 unigenitum

553 1313 755 1377 edocti,
794 1327 900 1366 non
941 1311 1032 1365 Dei
1064 1318 1372 1364 creaturam
1411 1311 1511 1364 hac
1561 1311 1928 1380 appellatione
1961 1311 2109 1364 intel-

552 1405 820 1468 leximus,
873 1404 969 1457 sed
1021 1404 1166 1471 quod
1203 1419 1331 1458 vere
1381 1418 1484 1457 vox
1538 1402 1632 1458 ﬁlii
1685 1404 1996 1474 significato
2041 1403 2127 1456 de.-

552 1503 854 1550 monstrat.
889 1494 1048 1560 Quod
1111 1494 1156 1548 si
1205 1495 1335 1549 vitis
1387 1486 1676 1564 genimen,
1741 1495 1953 1549 fructus
2012 1495 2127 1549 sive

553 1601 800 1657 germen,
836 1587 1024 1640 vinum
1061 1587 1377 1641 nominatur
1409 1600 1440 1639 a
1483 1585 1765 1657 Scriptura
1798 1606 1812 1642 :
1851 1602 2025 1657 neque
2048 1587 2128 1641 sic

552 1695 619 1734 ex
666 1679 772 1734 hac
807 1680 1044 1734 nominis
1096 1679 1487 1734 communione
1543 1680 1659 1735 sive
1699 1681 2126 1751 aequivocatione

554 1772 610 1825 in
651 1771 886 1827 decretis
911 1772 1130 1842 pictatis
1158 1765 1344 1828 sermo
1367 1772 1613 1827 laedetur.
1637 1771 1756 1828 Non
1791 1773 1938 1827 enim
1963 1787 2128 1842 quer-
2155 1754 2192 1806 Β

479 1916 482 1919 .
553 1880 653 1919 eus
695 1880 915 1935 germen
964 1866 1083 1921 sive
1125 1865 1363 1921 fructum
1409 1867 1598 1920 vinum
1647 1866 1901 1928 dicimus,
1945 1882 2124 1935 neque

555 1957 681 2012 vitis
729 1957 1018 2027 glandem;
1067 1957 1162 2014 sed
1215 1957 1396 2028 aliqua
1434 1967 1520 2014 est
1559 1959 1871 2013 communio
1925 1967 2157 2013 secun-'

556 2047 688 2102 dum
724 2057 977 2102 naturam
1014 2050 1357 2124 genueraatis
1389 2051 1506 2104 sive
1542 2048 1754 2105 {ructus
1780 2049 1846 2103 ad
1893 2049 1946 2104 id
1983 2050 2130 2104 unde

555 2148 640 2194 est
676 2158 688 2192 :
735 2139 934 2194 humor
965 2143 1110 2196 enim
1139 2141 1233 2210 qui
1260 2151 1343 2196 est
1378 2141 1432 2195 in
1467 2141 1596 2205 vite,
1645 2156 1742 2211 per
1781 2139 2008 2195 fundum
2041 2155 2130 2194 ra-

556 2233 749 2288 dicisa
789 2235 1024 2288 medulla
1059 2242 1362 2298 extractus,
1403 2241 1677 2304 potestate
1720 2233 1938 2304 quidem
1986 2249 2126 2304 aqua

557 2335 662 2389 est,
722 2327 1110 2382 consecutione
1151 2343 1280 2382 vero
1333 2327 1568 2395 quadam
1611 2342 1710 2397 per
1757 2334 1968 2381 natura:
2011 2326 2130 2380 vias

559 2428 872 2484 permeans,
922 2421 976 2468 et
1020 2429 1086 2468 ex
1139 2415 1496 2470 inferioribus
1541 2414 1609 2470 ad
1640 2415 1694 2469 id
1747 2414 1893 2486 quod
1939 2428 2131 2483 snper-

558 2505 765 2560 emiaet
788 2506 1092 2570 conﬂuens,
1129 2506 1186 2560 in
1212 2509 1324 2562 vini
1356 2507 1677 2577 qualitatem
1701 2515 1965 2573 mutatur,
1995 2507 2130 2562 solis

557 2597 712 2652 radio
743 2608 1096 2668 cooperante,
1129 2600 1219 2670 qui
1253 2600 1437 2654 calore
1464 2599 1749 2654 humidum
1783 2615 1814 2655 e
1857 2598 2129 2671 profundo

560 2688 628 2743 ad
661 2676 902 2760 germen
961 2691 1209 2756 eiiciens,
1246 2693 1467 2763 propria
1515 2702 1570 2748 et
1601 2693 1950 2749 convenienti
2003 2707 2129 2748 coc-

570 2782 716 2836 tione
750 2791 804 2835 et
831 2784 1146 2840 maturitate
1187 2786 1469 2840 humorem
1506 2784 1670 2840 eﬂicit
1701 2787 1888 2839 vinum
1922 2804 1936 2840 :
1966 2785 2041 2840 ita
2072 2794 2132 2839 ut

559 2871 859 2926 secundum
897 2883 1145 2928 naturam
1175 2873 1372 2929 humor
1401 2875 1492 2930 ille
1510 2876 1602 2945 qui
1623 2885 1708 2930 est
1726 2875 1779 2929 in
1800 2876 1908 2930 vite
1929 2875 2128 2930 nullam

558 2975 684 3016 cum
720 2963 851 3017 vino
881 2980 948 3018 ex
995 2980 1058 3020 ea
1092 2965 1361 3036 producte
1394 2967 1776 3022 alienationem
1807 2969 1921 3024 sive
1949 2967 2129 3021 diver-

559 3055 780 3108 sitatem
834 3055 1030 3111 haheat
1071 3078 1085 3112 :
1131 3073 1200 3112 ex
1238 3059 1331 3113 illo
1363 3059 1508 3112 enim
1540 3059 1787 3125 humido,
1817 3060 1919 3114 hoc
1949 3058 2131 3113 humi-

557 3147 722 3211 dum,
786 3163 963 3210 neque
1016 3151 1306 3220 quisquam
1368 3151 1530 3205 aliam
1595 3150 1710 3206 vini
1789 3150 2132 3207 humiditatis

559 3250 781 3290 causam
837 3238 1071 3307 dixerit,
1111 3241 1218 3296 nisi
1271 3242 1596 3308 humorem,
1655 3243 1749 3314 qui
1803 3243 2131 3298 naturaliter

558 3329 878 3397 palmitibus
924 3331 1086 3387 inest.
1148 3331 1486 3398 Qualitatum
1554 3345 1736 3390 autem
1785 3334 2128 3402 differentiae,

560 3435 668 3474 non
702 3423 1003 3477 secundum
1054 3423 1106 3477 id
1143 3425 1288 3494 quod
1338 3425 1620 3480 humidum
1675 3435 1781 3492 est,
1833 3426 2131 3483 discrimen

564 3510 943 3575 inferunt,sed
977 3517 1284 3584 proprietas
1299 3527 1384 3572 est
1401 3519 1674 3588 quaedam,
1705 3533 1824 3589 qua:
1849 3519 2128 3574 humidum

560 3601 706 3671 quod
735 3611 820 3657 est
848 3605 903 3658 in
934 3606 1062 3661 vino
1117 3607 1186 3661 ab
1218 3624 1280 3663 ea
1321 3625 1443 3679 quae
1471 3620 1555 3665 est
1583 3611 1639 3666 in
1679 3612 1900 3682 palmite
1929 3614 2129 3669 astric-

559 3693 708 3751 tione
727 3694 1016 3765 discernit,
1047 3699 1133 3754 vel
1160 3699 1232 3754 oh
1257 3700 1623 3768 dulcedinem,
1649 3704 1730 3758 vel
1755 3702 2128 3760 humiditatem

558 3799 680 3870 quite
714 3786 911 3870 horum
947 3774 1278 3847 alterutrum
1324 3794 1620 3848 comitatur
1658 3795 1734 3850 ita
1766 3805 1828 3853 ut
1858 3797 2127 3870 subjecto,

554 3864 696 3921 idem
719 3868 846 3930 sint,
861 3871 1182 3938 qualitatum
1199 3887 1328 3926 vero
1342 3872 1664 3930 diﬂ'erentiis
1683 3864 2118 3946 distinguantur.

552 3951 725 4024 igitur
752 3961 1210 4027 quemadmodum
1247 3979 1373 4018 cum
1401 3981 1465 4020 ex
1497 3966 1779 4036 Scriptura
1806 3968 2120 4026 audivimus

551 4047 896 4117 unigenitum
951 4051 1123 4107 Deum
1197 4049 1398 4109 Filium
1433 4071 1556 4114 esse
1600 4057 1878 4127 hominis;
1911 4077 1978 4116 ex
2017 4062 2122 4117 hac

552 4141 794 4195 nominis
817 4143 1078 4199 relatione
1099 4160 1222 4200 cum
1246 4163 1377 4202 vero
1394 4147 1617 4204 homine
1652 4151 2118 4208 necessitudinem

558 4241 615 4284 et
644 4234 1023 4301 cognationem
1056 4237 1386 4295 didicimus:
1419 4242 1502 4296 sic
1536 4241 1788 4310 quamvis
1815 4244 2117 4305 secundum

553 4339 858 4381 sermonem
911 4331 1350 4388 adversariorum
1399 4350 1665 4405 gennema
1725 4336 1840 4391 sive
1897 4354 2121 4408 germen

2217 495 2275 548 ού
2285 513 2382 566 σης
2400 499 2500 566 τὴν
2520 495 2729 563 κλῆσιν.
2761 496 2850 559 Ὠς
2873 494 2980 567 γὰρ
3001 496 3061 549 οὐ
3091 495 3305 562 λέγεται
3326 495 3530 568 βάθρον
3560 496 3666 562 υἱὸς
3687 500 3767 554 τοῦ

2216 588 2488 657 τεχνίτου.
2537 588 2644 641 οὐδ’
2680 588 2745 642 ἀν
2772 605 2855 651 τις
2887 588 3028 641 εἴποι
3072 587 3182 642 τῶν
3227 588 3662 661 σωφρονούντων,
3699 593 3771 647 ὅτι

2215 679 2244 730 6
2282 678 2560 751 οἰκοδόμος
2614 679 2714 750 τὴν
2755 680 2929 733 οἰκίαν
2980 679 3345 733 ὲτεκνὼσατοι
3406 682 3525 734 οὑδὲ
3553 683 3770 756 γέννημα

2216 771 2310 826 τοῦ
2376 771 2760 844 ἀμπελουργοῦ
2819 771 2911 825 τὸν
2965 771 3261 843 ἀμπελῶνα
3326 775 3753 846 κατονομάζομεν

2213 873 2328 927 ἀλλ’
2406 867 2565 939 ἔργον
2600 867 2696 938 μὲν
2725 865 3010 937 ἀνθρώπου
3058 865 3120 918 τδ
3159 865 3622 934 κατασκεύασμαο
3673 867 3770 923 υἱὸν

2215 957 2270 1008 δε
2297 957 2583 1028 ἀνθρώπου
2609 957 2701 1010 τὸν
2729 957 2786 1022 ἐξ
2816 955 2979 1010 αὑτοῦ
3013 952 3385 1024 γεννώμενον·
3413 955 3493 1018 ὡς
3518 951 3768 1026 ἀν,οἴμαι,

2216 1049 2276 1102 τὸ
2311 1051 2615 1120 πρόσφορον
2639 1048 2729 1102 διὰ
2754 1039 2861 1100 τῶν
2883 1045 3162 1115 ὀνομάτων
3192 1047 3248 1097 ἐν
3272 1047 3386 1109 τοῖς
3420 1046 3772 1117 ὑποκειμένοις

2226 1143 2556 1210 τημαενοιτο’
2620 1139 2795 1202 οὑτως
2833 1139 2927 1192 καὶ
2959 1138 3088 1190 Υίὺν
3119 1135 3255 1188 Θεοῦ
3290 1136 3385 1190 τὸν
3418 1136 3681 1208 Μονογενῆ
3707 1139 3774 1191 δι-

2216 1227 2533 1297 δαχθέντες,
2601 1228 2663 1280 οὑ
2713 1226 2920 1297 κτίσμα
2955 1225 3090 1278 Θεοῦ
3138 1225 3225 1277 διὰ
3271 1225 3375 1294 τῆς
3428 1229 3773 1298 προσηγορίας

2217 1321 2517 1391 ὲνοήσαμεν
2538 1320 2759 1391 ταύτης,
2775 1319 2894 1374 ἀλλ’
2915 1321 3050 1388 ὅπερ
3071 1317 3290 1388 ἀληθῶς
3311 1321 3346 1389 ἡ
3375 1317 3472 1371 τοῦ
3499 1319 3626 1372 Υἱοῦ
3643 1323 3770 1392 φωνὴ

2218 1410 2296 1481 τῷ
2351 1411 2731 1481 σημαινομένιρ
2787 1409 3138 1463 ἐνδείκνυται.
3197 1408 3260 1461 Εἰ
3304 1407 3364 1462 δὲ
3418 1410 3514 1461 καὶ
3555 1409 3770 1480 ἀμπέλου

2218 1504 2459 1574 γέννημα
2483 1504 2511 1556 ὁ
2553 1498 2694 1565 οἶνος
2725 1502 2828 1555 ὑπὸ
2872 1502 2971 1571 τῆς
3013 1501 3235 1572 Γραφῆς
3263 1499 3594 1570 ὀνομάζεται
3617 1519 3630 1533 ο
3667 1503 3768 1556 οὐδὲ

2219 1591 2387 1655 οὕτως
2413 1593 2476 1645 ἐκ
2503 1592 2603 1661 τῆς
2643 1589 2964 1660 ὁμωνυμίας
3006 1588 3208 1660 ταύτης
3240 1589 3334 1642 ἐπὶ
3370 1590 3481 1642 τῶν
3508 1593 3604 1660 τῆς
3635 1591 3770 1642 εὐσε-

2221 1684 2370 1746 ϐείας
2387 1684 2667 1753 δογμάτων
2691 1685 2718 1736 ὁ
2738 1682 2892 1751 λόγος
2905 1681 3378 1753 παραλαὸήσεται.
3423 1681 3502 1735 Οὑ
3519 1681 3623 1752 γὰρ
3635 1682 3771 1754 δρυὸς

2221 1775 2462 1844 γέννημα
2487 1774 2576 1827 τὸν
2604 1771 2743 1828 οἶνόν
2769 1792 2964 1845 φαμεν,
2991 1775 3108 1827 οὐδὲ
3138 1775 3387 1846 ἀμπέλου
3417 1773 3518 1843 τήν
3547 1772 3768 1843 βάλανον.

2235 1866 2370 1919 Ἀλλ’
2401 1865 2454 1918 εἴ
2495 1865 2578 1928 τίς
2627 1866 2739 1917 ἐστι
2770 1865 3022 1917 κοινωνία
3047 1866 3189 1917 κατὰ
3221 1864 3321 1934 τὴν
3363 1862 3526 1932 φύσιν
3552 1860 3637 1915 τοῦ
3664 1879 3767 1930 γεν-

2221 1960 2459 2030 νήματος
2490 1957 2622 2028 πρὸς
2649 1957 2711 2009 τὸ
2735 1956 2855 2009 ὅθεν
2885 1957 3028 2010 ἐστίν
3047 1973 3061 1986 ο
3087 1959 3120 2028 ή
3153 1957 3259 2028 γάρ
3283 1955 3341 2010 ὲν
3365 1957 3431 2026 τῇ
3463 1953 3680 2024 ἀμπέλῳ
3694 1970 3768 2005 νο-

2220 2051 2324 2117 τὶς,
2355 2050 2441 2104 διὰ
2467 2050 2562 2102 τοῦ
2591 2047 2859 2118 πυθμένος
2882 2049 2980 2119 τῆς
3014 2048 3191 2119 ῥίζης,
3225 2047 3331 2101 ὑπὸ
3355 2047 3457 2118 τῆς
3476 2045 3767 2116 ὲντεριὼνης

2221 2143 2566 2213 ὲξελκομένη,
2597 2145 2660 2214 τῇ
2689 2142 2913 2210 δυνάμει
2945 2141 3043 2212 μὲν
3065 2140 3208 2211 ὑδωρ
3236 2140 3410 2205 ἐστὶν,
3439 2136 3706 2208 ἀκολουθίᾳ
3721 2137 3769 2189 δέ

2221 2253 2327 2289 τινι
2354 2235 2442 2288 διά
2481 2234 2588 2288 τῶν
2628 2233 2760 2287 ὁδῶν
2797 2233 2900 2303 τῆς
2936 2231 3148 2301 φύσεως
3180 2231 3544 2303 πορευομένη,
3599 2228 3683 2281 καὶ
3716 2230 3768 2280 ἐκ

2221 2327 2332 2381 τῶν
2360 2325 2680 2396 κατωτέρων
2711 2323 2848 2393 πρὸς
2871 2323 2932 2376 τὸ
2961 2323 3356 2394 ὑπερκείμενον
3401 2321 3765 2394 μεταρῤέουσα,

2224 2418 2360 2489 πρὸς
2388 2418 2528 2470 οἴνου
2569 2414 2890 2486 μεταϐάλλει
2915 2416 3194 2484 ποιότητα,
3231 2414 3598 2486 συνεργούσης
3622 2430 3669 2466 τι
3692 2413 3768 2465 καὶ

2223 2509 2323 2578 τῆς
2356 2507 2582 2578 ἡλιακῆς
2602 2506 2837 2570 ἀκτῖνος,
2873 2505 2907 2576 ἥ
2939 2503 3028 2557 διὰ
3057 2506 3155 2575 τῆς
3185 2504 3521 2574 θερμότητος
3545 2503 3604 2556 τὸ
3626 2501 3770 2570 ὑγρὸν

2225 2601 2290 2654 ἐκ
2315 2599 2408 2652 τοῦ
2446 2597 2638 2669 βάὓους
2683 2596 2776 2650 ἐπὶ
2807 2596 2906 2666 τὴν
2959 2595 3195 2666 βλάστην
3228 2595 3553 2659 ἐξέλκουσα,
3586 2593 3664 2646 διὰ
3689 2592 3770 2661 τῆς

2225 2691 2428 2755 οἰκείας
2452 2690 2544 2743 καὶ
2585 2686 2918 2759 καταλλήλου
2965 2686 3178 2755 πέψεως
3197 2728 3212 2752 ,
3263 2681 3408 2740 οἶνον
3447 2687 3546 2756 τὴν
3597 2683 3767 2753 ἰκμάδα

2227 2783 2389 2836 ποιεῖ’
2435 2778 2575 2832 ὥστε
2604 2778 2744 2832 κατά
2769 2779 2956 2846 φύσιν,
2987 2777 3256 2848 μηδεμίαν
3286 2776 3666 2848 ἀλλοτριότητα
3685 2774 3767 2842 τὴν

2225 2871 2547 2942 ὲγκειμένχν
2590 2872 2655 2940 τῇ
2689 2868 2916 2939 ἀμπέλῳ
2955 2869 3134 2922 νοτίδα
3175 2870 3312 2939 πρὸς
3341 2869 3432 2921 τὸν
3459 2863 3594 2920 οἶνον
3611 2865 3692 2919 τὸν
3714 2865 3761 2930 ἐξ

2225 2964 2395 3034 αὐτῆς
2425 2959 2872 3032 ἀπογεννώμενον
2898 2960 3063 3030 ἔχειν·
3078 2959 3138 3026 ἐξ
3159 2958 3373 3012 ἐκείνου
3388 2958 3496 3030 γὰρ
3513 2957 3601 3011 τοῦ
3620 2955 3762 3028 ὑγροῦ

2227 3055 2288 3109 τὸ
2308 3054 2468 3126 ὑγρὸν
2499 3051 2681 3117 τοῦτο,
2708 3053 2802 3105 καὶ
2826 3053 2926 3106 οὑκ
2966 3052 3031 3106 ἄν
3062 3071 3146 3116 τις
3175 3053 3372 3122 ὲτέραν
3400 3053 3500 3122 τῆς
3523 3049 3610 3103 τοῦ
3639 3049 3758 3102 οἴνου

2225 3146 2515 3218 ὑγρότητος
2538 3146 2716 3199 αἰτίαν
2743 3145 2904 3208 εἴποι,
2942 3147 2989 3197 εί
3029 3145 3102 3214 μὴ
3151 3145 3256 3216 τὴν.
3270 3143 3514 3213 φυσικῶς
3543 3140 3761 3210 ἐγκειμέμ

2221 3256 2318 3309 νην
2349 3241 2460 3303 τοῖς
2482 3237 2722 3308 κλήμασι
2754 3237 2934 3290 νοτίδα
2959 3253 2973 3266 ·
3021 3236 3079 3288 αἱ
3106 3235 3164 3288 δὲ
3191 3235 3297 3288 τῶν
3341 3235 3630 3305 ποιοτήτων
3664 3231 3759 3284 διαα

2221 3329 2402 3400 φοραὶ,
2429 3329 2490 3381 οὑ
2505 3327 2613 3405 μὴν
2638 3327 2779 3381 κατά
2804 3326 2864 3379 τὸ
2889 3326 3052 3398 ὑγρὸν
3076 3325 3437 3396 παραλλαγὴν
3458 3321 3756 3394 ἐμποιοῦσιν·

2220 3421 2357 3476 ἀλλά
2380 3439 2520 3482 τινος
2556 3421 2814 3490 ἰδιότητος
2841 3419 2902 3471 τὸ
2928 3420 2986 3471 ὲν
3013 3418 3092 3489 τῷ
3117 3417 3244 3488 οἴνῳ
3267 3418 3435 3488 ὑγρὸν
3464 3415 3567 3470 ἀπὸ
3591 3416 3676 3486 τῆς
3710 3415 3761 3465 ἐν

2219 3513 2298 3584 τῷ
2334 3513 2569 3583 κλήματι
2619 3509 3000 3581 διακρινούσης
3034 3509 3297 3578 στύψεως,
3335 3508 3370 3580 ἢ
3415 3503 3760 3577 γλυκύτητι,ή

2221 3605 2495 3675 ὑγρότητι,
2527 3602 2740 3673 θατέρῳ
2775 3600 2978 3653 τούτων
3011 3601 3492 3672 παρομαρτούσης’
3547 3597 3669 3652 ὥστε
3693 3594 3755 3664 τῷ

2223 3698 2322 3768 μὲν
2358 3695 2698 3765 ὑποκείμενῳ
2723 3693 2917 3747 ταύτὸν
2943 3689 3101 3757 εἶναι,
3145 3696 3263 3756 ταῖς
3285 3693 3345 3747 δὲ
3367 3693 3476 3746 τῶν
3499 3692 3758 3761 ποιοτήτων

2219 3791 2498 3858 διαφοραῖς
2519 3787 2882 3851 ἐξαλλάσσειν.
2898 3784 3106 3839 Οὐκοῦν
3129 3785 3318 3856 ὥσπερ
3353 3786 3479 3838 Υίὸν
3502 3783 3753 3853 ἀνθρώπιον

2219 3880 2316 3935 τὸν
2341 3879 2600 3952 μονογενῆ
2633 3878 2766 3932 Θεὸν
2793 3877 2944 3950 παρά
2972 3877 3072 3947 τῆς
3100 3877 3323 3947 Γραφῆς
3362 3875 3657 3946 ἀκηκοότες.
3684 3869 3756 3922 διὰ

2219 3973 2319 4042 τῆς
2362 3970 2455 4025 τοῦ
2506 3971 2769 4041 ὀνόματος
2811 3969 3047 4040 σχέσεως
3091 3968 3190 4040 τὴν
3227 3969 3368 4040 πρὸς
3416 3968 3504 4021 τὸν
3538 3960 3757 4034 ἀληθινὸν

2221 4065 2508 4135 ἄνθρωπον
2527 4063 2832 4132 οἰκειότητα
2873 4059 3268 4132 μεμαθήκαμεν
3289 4075 3306 4091 ⁸
3371 4061 3511 4113 οὕτω
3536 4057 3627 4111 κάν
3659 4053 3752 4122 γέν·

2220 4173 2368 4226 νημα
2390 4155 2529 4207 κατά
2558 4154 2646 4207 τὸν
2674 4153 2831 4220 λόγον
2857 4152 2947 4205 τοῦ
2980 4152 3300 4204 ὑπεναντίου
3344 4153 3372 4204 6
3400 4151 3519 4212 Υἱὸς
3539 4148 3749 4216 λέγηται.

2219 4247 2370 4301 οὐδὲν
2391 4241 2550 4316 ἧττον
2580 4244 2673 4298 καὶ
2691 4245 2779 4296 διὰ
2805 4242 2994 4297 τούτου
3026 4242 3088 4294 τὸ
3119 4244 3239 4295 κατ’
3267 4243 3453 4296 οὐσίαν
3476 4242 3651 4293 οἰκεῖον
3671 4236 3750 4288 αὑ·

2220 4338 2312 4392 τοῦ
2341 4337 2476 4409 πρὸς
2507 4337 2598 4390 τὸν
2627 4335 2989 4406 γεγεννηκότα
3027 4334 3372 4404 μανθάνομεν
3392 4369 3408 4396 ,
3460 4329 3540 4384 διὰ
3564 4328 3644 4383 τοῦ
3673 4324 3750 4378 καὶ

553 4413 726 4472 Filius
753 4419 988 4486 dicatur,
1044 4424 1404 4481 nihilominus
1435 4427 1598 4481 etiam
1655 4443 1752 4497 per
1799 4428 1923 4491 hoc,
1978 4429 2120 4499 quod

2223 4432 2315 4484 τὸν
2343 4427 2484 4484 οἶνον
2506 4430 2750 4500 γέννημα
2773 4429 2871 4498 τῆς
2911 4427 3153 4497 ἀμπέλου
3191 4427 3498 4498 λεγόμενον,
3531 4422 3598 4492 μή
3622 4416 3749 4473 ἀλλὸ-

554 4509 858 4563 secundum
906 4514 1199 4568 essentiam
1233 4517 1514 4585 proprium
1547 4524 1634 4572 est
1669 4525 1724 4572 et
1763 4518 2120 4586 conjunctum

553 4614 678 4654 cum
713 4618 780 4658 eo
825 4604 916 4674 qui
955 4608 1142 4676 genuit
1178 4608 1553 4678 intelligimus.
1589 4609 1729 4676 Quia
1759 4626 1883 4666 cum
1931 4611 2122 4666 vinum

551 4691 765 4747 dicatur
820 4711 1107 4764 gennema,
1163 4693 1280 4753 sive
1351 4698 1564 4756 fructus
1596 4702 1746 4764 vitis,
1775 4717 1885 4756 non
1938 4710 2121 4756 tamen

551 4785 785 4840 alienum
831 4789 946 4842 sive
985 4789 1258 4846 diversum
1292 4791 1565 4848 invenitur
1605 4795 1906 4850 secundum
1940 4795 2121 4849 humi-

550 4876 740 4932 ditatis
774 4879 1064 4942 rationem,
1104 4881 1172 4935 ab
1205 4897 1268 4936 ea
1306 4883 1540 4936 naturali
1571 4899 1692 4952 qua:
1725 4883 1779 4937 in
1830 4884 1939 4938 vite
1979 4883 2122 4936 inest

551 4978 840 5038 potestate.
873 4971 980 5027 Sed
1017 4989 1138 5042 qua:
1165 4974 1424 5028 dicuntur
1452 4975 1520 5030 ab
1543 4975 1878 5030 adversariis
1914 4975 1961 5030 si
1996 4974 2121 5045 quis

550 5073 684 5114 sane
708 5064 1005 5128 examinet,
1046 5063 1112 5118 ad
1166 5073 1418 5119 nostrum
1451 5065 1648 5135 dogma
1675 5074 1928 5135 spectant
1953 5081 1968 5130 ;
1989 5081 2092 5120 sen

551 5149 719 5204 tentia
772 5167 899 5208 vero
949 5155 1183 5224 propriis
1249 5157 1492 5226 ipsorum
1544 5156 1976 5214 astructionibus
2037 5173 2096 5212 re

551 5252 778 5311 pugnat,
811 5245 1011 5314 ubique
1047 5249 1192 5315 quod
1221 5249 1520 5303 secundum
1551 5251 1850 5305 essentiam
1879 5250 2118 5304 alienum

547 5343 634 5388 est
663 5350 911 5392 asserere
959 5339 1154 5408 cupide
1207 5342 1558 5396 certantium.
1615 5341 1780 5412 Atqui
1846 5341 2122 5409 conjicere

550 5440 890 5497 nequaquam
915 5428 1071 5486 facile
1101 5440 1185 5486 est
1205 5473 1217 5495 ,
1269 5433 1412 5487 unde
1437 5433 1502 5488 ad
1533 5434 1802 5500 ejusmodi
1832 5435 2119 5505 opiniones

550 5513 771 5570 adducti
840 5518 1078 5577 fuerunt.
1154 5523 1208 5576 Si
1274 5524 1419 5578 enim
1486 5524 1580 5579 lilii
1650 5526 1938 5595 appellatio
2011 5541 2118 5578 non

551 5605 870 5676 simpliciter
913 5627 979 5668 ex
1034 5614 1217 5684 aliquo
1244 5631 1366 5671 esse
1409 5616 1704 5688 signiﬁcat,
1759 5617 1854 5673 sed
1900 5619 2120 5688 proprie

550 5700 852 5758 naturalem
889 5705 1349 5774 pmpinquitatcm
1390 5725 1485 5777 per
1515 5709 1570 5765 id
1603 5710 1965 5780 signiﬁcatum
1997 5726 2120 5782 pcr-

2222 4538 2368 4592 τριον
2401 4519 2688 4591 εὑρεθῆναι
2729 4518 2870 4572 κατά
2908 4518 2997 4570 τὸν
3023 4517 3122 4587 τῆς
3161 4518 3456 4588 ὑγρότητος
3493 4514 3635 4579 λόγον
3667 4507 3748 4574 τῆς

2223 4611 2456 4681 φυσικῆς
2479 4610 2802 4681 ἐγκειμένης
2835 4612 2898 4680 τῇ
2931 4607 3160 4680 ἀμπέλῳ
3180 4608 3476 4678 δυνάμεως.
3535 4599 3671 4656 Ἀλλὰ
3690 4595 3744 4648 τὰ

2225 4703 2323 4774 μὲν
2349 4702 2614 4772 λεγόμενα
2659 4701 2808 4773 παρά
2837 4703 2943 4754 τῶν
2991 4699 3323 4753 ὑπεναντίων
3344 4739 3358 4762 ,
3413 4698 3467 4750 εἴ
3499 4711 3580 4756 τις
3604 4687 3742 4756 ὑγιῶς

2222 4793 2482 4861 ἐξετάζοι,
2518 4794 2655 4865 πρὸς
2679 4793 2740 4846 τὸ
2772 4793 3038 4864 ἡμέτερον
3075 4791 3250 4862 δόγμα
3273 4791 3483 4861 βλέπει·
3519 4789 3550 4854 ή
3573 4784 3621 4836 δὲ
3645 4777 3741 4832 διὰ-

2220 4905 2340 4942 νοια
2379 4889 2499 4950 ταῖς
2543 4886 2698 4950 ἰδίαις
2733 4885 2912 4939 αὐτῶν
2947 4887 3314 4947 κατασκευαῖς
3352 4879 3737 4949 ἀντιφθέγγεται,

2221 4977 2494 5048 πανταχοῦ
2524 4978 2583 5031 τὸ
2609 4977 2750 5032 κατά
2780 4978 2878 5048 τὴν
2915 4977 3101 5030 οὐσίαν
3134 4976 3411 5046 ἀλλότριον
3443 4961 3737 5025 κατασκευάν

2222 5072 2334 5136 ζειν
2379 5069 2840 5143 φιλονεικούντων.
2885 5068 3075 5122 Καίτοι
3117 5085 3180 5137 γε
3216 5067 3546 5122 παντάπασιν
3567 5052 3736 5125 ἄπορόν

2221 5167 2333 5218 ἐστι
2365 5161 2899 5234 καταστοχάσασθαι,
2944 5160 3063 5214 ὅθεν
3089 5161 3225 5231 πρὸς
3249 5159 3349 5222 τὰς
3379 5154 3603 5212 τοιαύτας
3625 5149 3731 5200 ὑπο·

2220 5259 2407 5328 λήψεις
2445 5256 2783 5327 ὑπήχθησαν.
2838 5255 2899 5306 Et
2935 5253 3042 5324 γάρ
3085 5255 3118 5324 ή
3161 5251 3253 5305 τοῦ
3289 5250 3404 5305 υἱοῦ
3440 5235 3730 5328 προσηγορία

2220 5326 2317 5420 οὐχ
2341 5348 2525 5412 ἁπλῶς
2545 5326 2613 5399 τὸ
2634 5346 2696 5399 ἐκ
2725 5363 2867 5408 τινος
2898 5341 3036 5397 εἶναι
3063 5344 3332 5414 σημαίνει,
3355 5338 3481 5395 ἀλλά
3509 5333 3634 5392 ἰδίως
3649 5326 3728 5394 τὴν

2221 5443 2360 5495 κατὰ
2385 5440 2541 5510 φύσιν
2571 5438 2842 5491 οἰκείωσιν
2869 5436 2955 5489 διά
2981 5435 3072 5488 τοῦ
3095 5434 3484 5508 σημαινομένου
3509 5423 3727 5510 nuptm-

2223 5550 2324 5596 σιν,
2354 5503 2428 5595 ὡς
2458 5532 2616 5594 αὑτός
2645 5546 2806 5599 φησιν
2831 5530 2858 5581 6
2889 5503 3177 5596 Et’ivéptoc:
3234 5503 3573 5590 καὶ-γέννημα

2219 5617 2359 5682 οἶνος
2386 5621 2451 5673 οὑ
2465 5619 2696 5687 λέγεται,
2731 5617 2824 5668 καὶ
2851 5617 3163 5685 γεννήματα
3192 5613 3298 5666 τῶν
3325 5609 3546 5683 ἐχιδνῶν,
3576 5597 3723 5656 καθὼς

2222 5729 2350 5782 φησι
2404 5710 2460 5764 τὸ
2509 5709 2865 5778 Εὐαγγέλιον,
2917 5707 3069 5778 δςρεις
3121 5705 3225 5758 εἰσὶ
3272 5704 3360 5757 καὶ
3405 5700 3461 5755 οὑ
3499 5689 3722 5766 πρόσιτε·
