3922 6490
215 328 307 384 σοι

1334 334 1613 391 CONTRA.
1648 334 2035 407 EUNOMIUM,
2070 340 2201 396 LIB.
2238 342 2332 398 III.

3328 348 3431 409 ϐω

214 438 359 506 δῆλον
388 438 471 491 ὅτι
506 441 597 494 καὶ
626 441 719 496 ἐπὶ
750 442 842 497 τοῦ
866 445 1203 515 Μονογενοῦς
1241 448 1275 519 ἦ
1306 458 1365 502 τι
1395 448 1489 502 τοῦ
1516 450 1643 503 Υἱοῦ
1671 451 1757 505 καὶ

1870 452 2036 515 lii-bet,
2066 463 2124 509 ut
2153 456 2265 526 ipse
2309 464 2556 510 autumat
2592 456 2924 527 Eunomius;
2950 466 3004 516 et
3036 475 3297 532 geunema
3324 466 3441 522 sive

213 529 295 582 τοῦ
338 532 675 601 γεννήματος
713 537 1049 608 προσηγορία
1133 540 1233 593 οὑκ
1271 541 1335 593 ἂν
1366 542 1501 611 πρὸς
1545 543 1604 595 τὸ
1652 544 1770 595 ἐτε-

216 620 419 688 ρογενὲς
477 624 590 693 ἔχει
631 624 729 695 τὴν
761 628 1098 699 οἰκειότητα⁹
1158 630 1270 683 ἀλλ’
1310 634 1464 702 εἴπερ
1500 633 1639 687 κατά
1678 634 1770 687 τὸν

212 713 353 779 λόγον
394 715 507 768 τῶν
576 717 907 774 ὑπεναντίων
949 723 1043 776 καὶ
1090 722 1332 793 γέννημα
1374 724 1621 791 λέγεται,
1676 726 1770 779 καὶ

211 804 338 858 κατά
360 806 461 876 τὴν
495 808 687 876 φύσιν,
740 811 816 874 ὡς
849 814 1217 883 ὁμολογοῦσιν,
1265 817 1410 868 ἐστὶν
1441 819 1474 886 ὴ
1511 816 1602 869 τοῦ
1636 818 1768 871 Υίοῦ

210 898 406 967 κλῆσις,
441 901 547 970 τῆς
577 903 763 965 οὑσίας
794 906 907 958 ἐστὶ
936 906 1152 970 πάντως
1194 907 1286 959 τοῦ
1329 909 1711 977 γεγεννηκότος
1740 911 1770 963 ὁ

207 988 343 1053 Υἱὸς,
370 991 476 1043 οὑκ
509 992 671 1045 ἄλλου
694 995 836 1057 τινὸς
863 996 969 1049 τῶν
1003 997 1106 1061 ἐξω
1131 997 1513 1069 θεωρουμένων
1541 998 1639 1068 τῆς
1672 999 1770 1067 φύ-

205 1098 346 1145 σεως.
402 1082 552 1135 Είδὲ
596 1084 804 1139 ἐκεῖθεν
852 1087 1066 1157 ἀληθῶς
1100 1090 1267 1151 ἐστιν,
1313 1091 1411 1143 οὑκ
1440 1090 1771 1155 ἀπεξένωται

202 1173 406 1235 πάντως
440 1173 542 1226 τοῦ
570 1175 691 1229 ὅθεν
712 1178 879 1244 ἐστὶν,
898 1176 971 1242 ὡς
993 1179 1084 1232 καὶ
1114 1180 1170 1233 ὲν
1196 1183 1303 1244 τοῖς
1330 1180 1508 1246 ἀλλοις
1529 1181 1736 1254 ἐδείχθη
1756 1199 1770 1213 ⁸

198 1266 271 1317 ὅτι
305 1267 411 1318 πᾶν
436 1268 503 1319 τὸ
536 1270 794 1337 γεννητὸν
822 1270 884 1323 ἐκ
915 1287 1057 1335 τινος
1088 1272 1345 1339 ὑποστὰν,
1378 1275 1636 1345 ὁμογενὲς
1658 1278 1771 1329 ἐστι

198 1355 404 1419 πάντως
433 1357 516 1427 τῷ
558 1358 619 1422 ἐξ
644 1355 707 1413 οὗ
738 1361 979 1428 γέγονεν.

1879 546 2089 601 Ιίυειῑιε
2122 563 2359 617 quercus
2407 550 2590 603 vinum
2639 567 2748 605 non
2790 553 3013 619 dicitur,
3064 566 3119 609 et
3163 557 3438 619 geniniina

1876 637 1991 691 sive
2043 640 2331 710 progenies
2369 641 2713 709 viperarum,
2756 645 2899 697 sicut
2950 646 3193 715 loquitur
3237 648 3437 703 alicubi

1878 728 2227 800 Evangelium
2276 734 2344 795 ".
2388 744 2667 803 serpentes
2698 746 2825 790 sunt
2868 746 2922 790 et
2972 752 3077 791 non
3122 754 3271 802 oves,
3316 753 3438 808 per-

1876 822 2124 891 spicuum
2146 834 2228 877 est
2252 824 2397 894 quod
2413 837 2465 880 et
2489 828 2541 880 in
2568 827 2857 897 Uuigenito
2889 830 3002 884 sive
3035 831 3127 883 lilii
3168 833 3278 885 sive
3306 847 3439 901 gen-

1874 914 2108 966 uematis
2128 915 2419 983 appellatio
2448 929 2728 987 nunquam
2786 920 2851 973 ad
2884 921 2932 973 id
2964 922 3103 984 quod
3130 932 3205 975 est
3240 921 3438 975 diversi

1872 1003 2087 1071 generis
2130 1007 2592 1062 necessitudinem
2654 999 2999 1067 habeatused
3022 1002 3303 1075 siquidem
3351 1028 3435 1064 δε-

1874 1096 2113 1147 eundum
2167 1098 2602 1153 adversariorum
2648 1100 2912 1155 rationem
2965 1102 3127 1155 etiam
3174 1117 3437 1170 gennema

1876 1185 2096 1250 dieitur,
2162 1198 2326 1259 atque
2388 1192 2550 1247 etiam
2608 1192 2904 1249 secundum
2968 1202 3237 1259 naturam,
3295 1194 3437 1248 sicut

1874 1278 2221 1342 conﬁtentur,
2243 1291 2327 1337 est
2358 1281 2476 1337 Filii
2523 1285 2849 1350 nominatio,
2883 1287 3131 1341 essentne
3169 1296 3251 1340 est
3281 1302 3438 1355 pror-

1876 1382 1972 1424 sus
1998 1369 2118 1437 ejus
2149 1362 2652 1438 qhigenuitFilius,
2692 1391 2804 1429 non
2833 1387 3041 1431 natura:
3074 1379 3214 1433 alius
3248 1379 3438 1448 cujus-

196 1463 345 1517 quam
380 1464 583 1504 eorum
612 1468 734 1522 qua:
782 1461 936 1508 extra
990 1456 1436 1515 considerantur.
1493 1458 1649 1526 Quod
1712 1458 1756 1514 si
1798 1459 1950 1514 illinc
1978 1478 2107 1517 vere
2134 1472 2239 1527 est,
2275 1480 2384 1517 non
2414 1474 2497 1519 est
2530 1480 2759 1534 prorsus
2784 1468 2994 1524 alienus
3033 1472 3102 1524 ab
3161 1486 3226 1525 eo
3292 1475 3437 1526 unde

193 1551 285 1603 est.
330 1544 477 1598 sicut
523 1544 585 1600 in
628 1547 749 1603 aliis
788 1550 1225 1605 demonstratum
1293 1560 1410 1617 est;
1464 1556 1589 1622 quia
1634 1567 1794 1608 omne
1842 1554 2083 1623 genitum
2134 1571 2197 1610 ex
2248 1557 2432 1627 aliquo
2486 1558 2796 1615 subsistens
2835 1561 3079 1630 ejusdem
3116 1564 3276 1634 plane
3351 1572 3436 1620 cst

196 1638 396 1706 generis
428 1646 485 1691 et
511 1647 728 1694 naturae
757 1657 880 1697 cum
908 1658 973 1697 eo
1002 1659 1065 1698 ex
1094 1659 1203 1713 quo
1225 1648 1467 1715 genitum
1502 1652 1609 1699 est.

252 1730 311 1781 Σί
341 1730 399 1783 δέ
420 1747 511 1793 τις
532 1733 795 1805 ἀπαιτοίη
817 1734 916 1805 τῆς
933 1734 1081 1799 θείας
1102 1736 1287 1799 οὐσίας
1325 1734 1621 1809 ἑρμηνείαν
1641 1739 1757 1793 τινὰ

1935 1734 2089 1801 Quod
2140 1734 2185 1789 si
2235 1735 2359 1804 quis
2395 1735 2593 1791 divina:
2623 1738 2875 1792 essentia:
2921 1739 3429 1809 interpretationem

192 1822 271 1873 καὶ
293 1821 633 1891 ὑπογραφὴν
664 1827 758 1878 καὶ
789 1826 1072 1897 ἐξήγησιν,
1114 1827 1345 1897 ἀμαθεῖς
1368 1824 1511 1881 εἶναι
1536 1828 1632 1897 τῆς
1658 1844 1767 1879 τοι·

191 1913 343 1979 αὑτης
362 1914 571 1980 σοφίας
598 1916 697 1967 οὑκ
719 1916 1065 1987 ἀρνησόμεθα
1080 1934 1095 1948 ⁸
1112 1917 1364 1971 τοσοῦτον
1384 1917 1766 1988 ὁμολογοῦντες

193 2010 352 2077 μόνον,
380 2010 465 2063 δτι
497 2012 606 2064 οὐκ
633 2011 752 2065 ἔστι
777 2012 841 2065 τὸ
881 2014 1132 2083 ἀόριστον
1164 2016 1305 2068 κατά
1334 2014 1431 2085 τὴν
1465 2015 1625 2085 φύσιν
1649 2016 1765 2068 ἐπι·

190 2103 297 2173 νοίᾳ
340 2104 448 2156 τινὶ
493 2105 765 2174 ῥημάτων
806 2104 1185 2177 δωληφθῆναι.
1241 2108 1312 2161 Τὸ
1359 2108 1467 2179 γὰρ
1514 2107 1586 2178 μὴ
1624 2107 1766 2177 ἔχειν

188 2198 297 2265 ὅρον
321 2197 420 2267 τὴν
450 2197 616 2251 θείαν
654 2198 1063 2268 μεγαλωσύνην,
1094 2201 1128 2271 ἡ
1156 2200 1458 2271 προφητεία
1482 2199 1580 2270 βοᾷ
1611 2199 1764 2270 διαρυ

191 2288 340 2359 psam
370 2288 737 2359 κηρύσσουσα
757 2307 771 2321 ·
803 2291 884 2344 ὅτι
918 2292 1016 2361 τῆς
1048 2291 1538 2362 μεγαλοπρεπείας,
1561 2292 1659 2359 τῆς
1683 2290 1765 2342 δό-

189 2376 289 2445 ξης,
318 2378 418 2447 τῆς
468 2379 790 2449 ἁγιωσύνης
831 2379 997 2433 αὑτοῦ
1027 2381 1128 2432 οὑκ
1166 2380 1280 2432 ἔστι
1308 2380 1502 2449 πέρας.
1532 2380 1593 2432 Εἰ
1618 2379 1673 2432 δὲ
1697 2377 1765 2431 τά

191 2471 300 2539 περὶ
346 2470 513 2523 αὑτὸν
571 2470 918 2541 ἀπεράτωτα,
951 2470 1085 2524 πολὺ
1137 2470 1334 2539 μᾶλλον
1372 2470 1535 2532 αὐτὸς
1563 2471 1764 2533 ἐκεῖνος

188 2562 294 2612 κατ’
324 2559 516 2613 οὐσίαν
575 2560 604 2613 ὅ
654 2560 708 2613 τί
758 2561 887 2614 ποτέ
920 2562 1087 2625 ἐστιν,
1123 2562 1295 2614 οὐδενὶ
1321 2562 1431 2631 ὅρῳ
1464 2562 1584 2613 κατ’
1616 2561 1763 2613 οὑδὲν

192 2654 337 2723 μέρος
365 2651 827 2721 διαλαμϐάνεται.
864 2654 925 2705 Εἰ
950 2648 1042 2705 οὖν
1076 2654 1109 2723 ἡ
1144 2653 1231 2705 διά
1269 2652 1377 2705 τῶν
1411 2653 1685 2722 ὀνομάτων
1704 2670 1761 2705 τε

190 2744 269 2794 καὶ
295 2743 568 2813 ῥημάτων
594 2742 858 2813 ἑρμηνεία
885 2742 1240 2811 διαλαμϐάνει
1266 2759 1381 2805 πως
1418 2744 1483 2812 τῇ
1520 2743 1763 2812 σημασίᾳ

188 2836 239 2886 τὸ
265 2836 633 2906 ὑποκείμενον
661 2852 675 2867 ⁸
706 2836 766 2887 τὸ
791 2834 847 2887 δὲ
873 2835 1124 2906 ἀόριστον
1148 2835 1547 2906 περιληφθῆναι
1576 2836 1636 2887 οὐ
1674 2834 1765 2887 δύ·-

188 2943 324 2979 ναται
346 2944 359 2956 ·
390 2927 495 2980 οὑκ
522 2926 599 2979 ἄν
623 2942 708 2989 τις
747 2926 971 2989 εἰκότως
1017 2924 1116 2996 τὴν
1150 2925 1388 2996 ἀμαθίαν
1408 2925 1561 2996 ἡμῶν
1590 2925 1763 2977 αίτιά-

190 3032 344 3078 σαιτο,
401 3016 477 3087 μὴ
528 3016 951 3087 θρασυνομένων
972 3016 1111 3069 κατὰ
1148 3016 1254 3069 τῶν
1277 3016 1615 3086 ἀτολμήτων.
1643 3016 1761 3067 Τίνι

188 3107 279 3177 γὰρ
313 3107 551 3178 ὀνόματι
591 3106 827 3160 διαλάδω
876 3105 938 3161 τὸ
986 3107 1389 3179 ἀπερίληπτονς
1452 3108 1548 3160 Διὰ
1600 3107 1758 3171 ποίας

189 3202 349 3270 φωνῆς
376 3199 694 3269 ἐξαγγείλω
717 3200 778 3252 τὸ
803 3198 1216 3271 ἀνεκφώνητονς
1265 3200 1416 3253 Ἐπεὶ
1456 3196 1547 3254 οὖν
1580 3203 1759 3272 κρεϊτ‹

188 3292 262 3343 τόν
298 3294 409 3345 ἐστι
466 3293 576 3346 καὶ
607 3291 936 3363 ὑψηλότερον
973 3291 1073 3362 τῆς
1101 3292 1463 3362 όνομαστικῆς
1486 3292 1757 3362 σημασίας

188 3382 237 3434 τὸ
260 3377 426 3447 Θείον,
446 3384 643 3453 σιωπῆ
672 3384 834 3453 τιμᾷν
868 3383 938 3436 τὰ
961 3383 1099 3454 ὑπὲρ
1128 3383 1284 3452 λόγον
1312 3401 1369 3436 τε
1401 3385 1494 3437 καὶ⁵
1519 3385 1754 3438 διάνοιαν

192 3472 602 3544 μεμαθήκαμεν.
642 3473 760 3527 Κᾶν
781 3473 1083 3546 ὲπεμὸαίνῃ
1106 3479 1171 3546 τῇ
1203 3477 1455 3547 εὐλαϐείᾳ
1470 3476 1637 3547 ταύτῃ
1661 3475 1753 3529 τοῦ

188 3563 321 3632 λόγου
348 3564 373 3615 ὁ
399 3563 771 3634 ὑπερφρονῶν
799 3566 928 3635 παρ’
949 3564 977 3617 ὃ
1000 3565 1077 3617 δεῖ
1095 3568 1329 3635 φρονεῖν,
1356 3568 1411 3619 ὲν
1437 3565 1629 3633 γέλωτι
1656 3565 1753 3637 τὴν

188 3658 404 3725 ἀμαθίαν
429 3656 605 3728 ἡμῶν
633 3656 729 3726 τὴν
760 3657 888 3726 περ)⁸
930 3657 1038 3709 τῶν
1068 3658 1466 3727 ἀκαταλήπτων
1493 3656 1752 3728 ποιούμε-

186 3759 278 3805 νος,
315 3745 404 3796 καὶ
436 3743 548 3797 τοῦ
577 3743 983 3813 ἀσχηματίστου
1018 3746 1109 3797 καὶ
1139 3746 1387 3817 ἀορίστου
1426 3747 1517 3800 καὶ
1546 3746 1752 3815 ἀμεγέ-

187 3830 292 3894 (lae;
322 3833 415 3885 xu‘.
437 3833 675 3894 ἀπόσου,
695 3834 903 3905 Πατρός
929 3852 987 3887 τε
1011 3835 1152 3903 λέγω
1180 3836 1273 3889 καὶ
1303 3836 1430 3889 Υίοῦ
1468 3840 1559 3889 καὶ
1583 3838 1750 3890 Πνεύ-

189 3940 337 3991 ματος
380 3925 576 3990 ἁγίου,
628 3925 725 3994 τὴν
777 3924 920 3978 κα.τά
985 3926 1045 3979 τὸ
1095 3926 1343 3997 ἀνόμοιον
1404 3928 1750 3995 ἐπιγινώσκει

188 4015 555 4085 παραλλαγὴν,
603 4017 696 4067 καὶ
741 4016 1003 4086 προφέρει
1048 4017 1206 4070 τοῦτο
1237 4017 1371 4087 πρὸς
1410 4018 1626 4087 ἔλεγχον
1651 4020 1750 4088 τῆς

187 4106 402 4174 ἀμαθίας
441 4106 632 4177 ἡμῶν,
689 4105 717 4158 ὃ
764 4106 1000 4176 συνεχῶς
1034 4107 1178 4178 παρὰ
1214 4108 1322 4160 τῶν
1354 4108 1609 4178 μαθητῶν
1650 4109 1749 4177 τῆς

188 4200 378 4268 ἀπάτης
404 4200 787 4269 προτείνεται·
816 4199 897 4262 τὸ,
952 4198 1144 4267 Ὑμεῖς
1164 4200 1552 4269 προσκυνεῖτε
1590 4200 1621 4253 ὂ
1638 4203 1748 4253 οὐκ

188 4294 384 4357 οἴδατε,
402 4298 451 4348 εί
476 4295 585 4365 τὴν
607 4295 793 4346 οὑσίαν
809 4294 900 4347 τοῦ
932 4312 1231 4366 προσκυνου
1241 4297 1398 4366 μένου
1421 4298 1520 4349 οὑκ
1547 4298 1741 4350 οἴδατε·

186 4385 235 4436 οὑ
268 4387 693 4458 φοϐηθησόμεθα
722 4388 858 4439 κατά
884 4387 980 4458 τὴν
1016 4388 1319 4457 συμϐουλὴν
1344 4389 1437 4442 τοῦ
1468 4392 1742 4460 προτήτω
1778 4411 1820 4465 D

186 4475 261 4526 τὸν
284 4477 589 4547 ὀνειδισμὸν
613 4477 720 4530 τῶν
753 4479 1002 4548 ἀφρόνων
1025 4495 1037 4507 ·
1068 4479 1186 4531 οὑδὲ
1214 4480 1301 4532 διὰ
1329 4480 1418 4531 τὸν
1446 4480 1745 4549 φαυλισμὸν

188 4567 344 4619 αὑτῶν
393 4568 547 4621 κατὰ
585 4568 692 4620 τῶν
739 4570 1133 4639 ἀνεκερωνήτων
1186 4569 1745 4642 θρασυστομὴσομεν·

186 4656 263 4707 τὸν
293 4658 510 4727 ἰδιώτην
563 4657 643 4727 τῷ
700 4658 842 4728 λόγῳ
881 4657 1087 4711 Παῦλον
1125 4657 1441 4712 διδάσκαλον
1478 4659 1583 4712 τῶν
1611 4660 1748 4731 ὑπὲρ

190 4747 369 4813 γνῶσιν
412 4748 735 4819 μυστηρίων
777 4747 1117 4819 ποιούμενοι·
1162 4748 1219 4811 ὃς
1264 4748 1513 4803 τοσοῦτον
1560 4751 1749 4821 ἀπέχει

190 4834 269 4889 τοῦ
288 4842 382 4910 τὴν
408 4840 565 4893 θείαν
595 4838 755 4907 φύσιν
779 4840 929 4901 ἐντὸς
970 4839 1067 4907 τῆς
1097 4839 1443 4909 ἀνθρωπίνης
1476 4842 1753 4911 περινοίας

191 4930 396 4994 οἴεσθαι,
432 4930 510 4994 ὡς
545 4930 638 4984 καὶ
660 4931 729 4985 τὰ
769 4931 1009 5002 κρίματα
1047 4931 1142 4983 τοῦ
1186 4931 1319 4985 Θεοῦ
1357 4933 1752 5005 ἀνεξερεύνητα

192 5018 369 5086 λέγειν,
403 5023 502 5074 καὶ
534 5022 633 5085 τὰς
651 5021 797 5084 ὀδοὺς
821 5021 1271 5092 ἀνεξιχνιάστους,
1286 5023 1465 5076 καὶτὰ
1483 5027 1593 5087 τοῖς
1617 5026 1752 5093 ἀγα-

193 5108 348 5161 πῶσιν
378 5111 543 5163 αὑτὸν
574 5111 712 5181 ὑπὲρ
738 5109 846 5162 τῶν
877 5112 933 5161 ὲν
970 5109 1048 5179 τῷ
1084 5109 1182 5181 βίῳ
1214 5106 1349 5175 τῷδε
1383 5112 1751 5182 κατορθωθένο

192 5215 284 5251 των
311 5202 717 5272 ἐπηγγελμένα,
750 5204 887 5274 ὑπὲρ
918 5202 1217 5273 κατάληψιν
1261 5198 1397 5256 εἶναι
1428 5204 1751 5276 διισχυρίζε-

196 5290 302 5343 σθαι
322 5309 336 5322 ⁸
368 5294 444 5355 ὡς
482 5296 620 5363 μήτε
647 5293 907 5364 ὀφθαλμῷ
938 5294 1141 5354 λαϐεῖν,
1179 5296 1313 5365 μήτε
1342 5297 1476 5365 ἀκοῇ
1507 5296 1746 5366 παραδέ-

197 5380 390 5444 ξασθαι,
418 5384 555 5452 μήτε
592 5383 816 5455 καρδίαν
856 5384 1102 5455 χωρῆσαι
1129 5384 1348 5439 δυνατὸν
1380 5381 1537 5439 εἶναι.
1568 5388 1750 5441 Ταῦτα

194 5472 355 5522 τοίνυν
399 5472 659 5541 μαθόντες
709 5473 816 5525 ἀπὸ
852 5472 946 5525 τοῦ
993 5473 1224 5535 Παύλου,
1270 5472 1590 5543 θαρροῦντες
1616 5476 1751 5527 ἁπο-

197 5564 506 5633 ιεαινόμεθα,
560 5566 641 5617 ὅτι
696 5565 755 5616 οὑ
795 5564 952 5635 μόνον
983 5565 1050 5617 τὰ
1095 5566 1334 5637 κρίματα
1357 5566 1447 5618 τοῦ
1482 5566 1615 5617 Θεοῦ
1653 5566 1750 5636 τῆς

259 5744 301 5780 ⁸³
334 5744 520 5801 Πειιιι.
564 5762 646 5811 ιιι,
680 5746 733 5801 7.
810 5745 1278 5815 "Psal.ct.x|v,‘5.

1396 5747 1435 5779 "
1460 5745 1613 5803 Joan.
1645 5763 1717 5817 tv,
1747 5746 1836 5802 22.

1871 1829 2133 1898 postulet,
2170 1835 2223 1879 et
2261 1826 2679 1896 descriptionem
2712 1840 2875 1898 atque
2898 1833 3318 1895 enarrationem,
3351 1834 3441 1885 in-

1875 1917 2066 1972 doctos
2115 1932 2237 1971 esse
2284 1932 2384 1971 nos
2429 1927 2484 1971 et
2537 1918 2757 1986 ignaros
2813 1920 2936 1975 talis
2994 1922 3276 1990 sapientize
3323 1938 3434 1976 non

1865 2006 2269 2061 inliciabimur:
2303 2007 2478 2061 solum
2511 2008 2614 2061 hoc
2644 2016 2855 2061 tantum
2901 2010 3243 2075 conﬁtentes,
3285 2012 3432 2081 quod

1867 2099 2134 2153 inﬁnitum
2165 2105 2248 2152 est
2293 2098 2593 2153 secundum
2650 2107 2899 2155 naturam
2950 2103 3097 2157 nullo
3142 2102 3434 2158 verborum

1864 2201 2134 2262 conceptu
2184 2192 2571 2261 comprehendi
2625 2209 2811 2261 posse.
2849 2192 2987 2248 Nam
3045 2196 3282 2249 divinam
3316 2213 3434 2251 ma-

1860 2283 2112 2353 jestatem
2163 2297 2271 2335 non
2310 2281 2512 2336 habere
2546 2284 2835 2336 terminum
2871 2300 2974 2339 nec
3010 2300 3172 2354 posse
3196 2285 3435 2341 circum-

1865 2375 2054 2437 scribi,
2094 2374 2381 2443 prophetia
2419 2374 2565 2429 clare
2595 2375 2839 2429 clamitat
2868 2385 2923 2430 et
2954 2378 3212 2446 praedicat
3245 2394 3258 2429 :
3289 2380 3433 2449 quod

1864 2464 2305 2533 magniﬁcentia,
2366 2465 2570 2534 gloriae,
2624 2466 3079 2523 sanctiﬁcationis
3131 2469 3253 2537 ejus
3323 2486 3433 2525 non

1862 2565 1946 2612 est
1988 2556 2114 2611 ﬁnis
2170 2557 2238 2609 ³ο.
2293 2556 2447 2623 Quod
2487 2558 2531 2612 si
2562 2574 2683 2627 qua:
2726 2568 2853 2613 sunt
2898 2560 3045 2613 circa
3087 2561 3265 2630 ipsum
3313 2563 3436 2616 iuli-

1863 2635 2162 2709 nita'sunt,
2201 2650 2371 2701 multo
2416 2650 2589 2718 magis
2629 2650 2719 2704 ille
2756 2652 2871 2720 ipse
2913 2653 3211 2705 secundum
3248 2669 3437 2707 essen.

1863 2740 1991 2793 tiam
2023 2739 2287 2809 quidquid
2324 2750 2504 2794 tamen
2550 2750 2635 2796 est
2661 2742 2811 2795 nullo
2840 2742 3075 2795 termino
3102 2744 3251 2796 nulla
3282 2754 3435 2813 parte

1864 2832 2371 2900 comprehenditur.
2415 2832 2469 2885 Si
2504 2832 2671 2902 igitur
2698 2834 3078 2903 interpretatio
3105 2851 3226 2903 qua:
3250 2839 3308 2888 lit
3338 2852 3436 2905 per

1863 2921 2082 2975 nomina
2116 2932 2170 2977 et
2206 2924 2367 2977 verba
2414 2925 2800 2993 complectitur
2831 2926 3231 2995 quddammodo
3263 2929 3435 2996 signi-

1865 3010 2116 3067 ﬁcatione
2164 3014 2307 3083 q-uod
2359 3016 2684 3083 subjicitur;
2732 3018 2876 3085 quod
2924 3025 3104 3071 autem
3160 3018 3431 3073 inﬁnitum

1862 3112 1945 3157 est
1978 3118 2084 3157 non
2121 3114 2298 3174 potest
2344 3106 2772 3174 comprehendi;
2808 3107 2993 3161 nullus
3026 3108 3223 3161 merito
3266 3107 3435 3161 insci-

1860 3196 1989 3248 tiam
2025 3207 2268 3250 nosuam
2291 3198 2613 3267 culpaverit,
2649 3198 2795 3267 quod
2820 3198 2886 3253 de
2911 3214 3017 3252 non
3036 3200 3302 3254 audendis
3323 3215 3431 3253 non

1857 3286 2118 3341 audacter
2172 3289 2484 3358 loquamur.
2527 3288 2775 3354 Quonam
2827 3281 2981 3344 enim'
3028 3291 3250 3345 nomine
3283 3290 3434 3361 quod

1859 3378 2412 3449 incomprehensibile
2431 3390 2516 3436 est
2547 3380 2921 3450 complectar?
2951 3380 3070 3447 Qua
3093 3396 3227 3437 voce
3255 3398 3434 3437 enun-

1857 3473 2004 3527 tiabo
2048 3473 2194 3542 quod
2225 3474 2375 3527 nulla
2407 3488 2541 3527 voce
2569 3473 2804 3543 exprimi
2828 3483 2881 3529 et
2906 3474 3183 3529 enuntiari
3210 3475 3434 3545 potest?

1856 3565 2123 3631 Quoniam
2148 3564 2313 3637 igitur
2329 3564 2558 3620 Numem
2579 3563 2774 3618 melius
2787 3571 2871 3618 est
2891 3569 3149 3636 omnique
3169 3569 3431 3624 nominati

1854 3654 2214 3725 signiﬁcantia
2235 3656 2526 3716 excelsius,
2553 3670 2673 3723 quze
2693 3655 2999 3710 orationem
3018 3672 3233 3711 omnem
3253 3666 3307 3712 et
3336 3672 3434 3711 co-

1854 3746 2167 3814 gitationein
2186 3755 2444 3814 superant
2481 3746 2698 3800 silentio
2714 3748 2894 3802 colere
2911 3756 2964 3803 et
2984 3749 3215 3803 adorare
3236 3749 3431 3805 didici-

1854 3853 1994 3891 mus.
2015 3835 2080 3889 Et
2100 3838 2144 3891 si
2175 3838 2229 3889 in
2252 3838 2391 3890 hanc
2424 3837 2567 3905 piam
2594 3839 2903 3893 cautionem
2929 3840 3046 3893 sive
3068 3842 3431 3894 reverentiam

1853 3929 2122 3981 sermonis
2148 3928 2389 3991 insultet,
2409 3929 2498 3982 ille
2519 3929 2610 3997 qui
2641 3931 2781 3996 sapit
2798 3930 2995 3985 eximie
3012 3947 3178 4000 supra
3206 3932 3257 3986 id
3280 3933 3429 4001 quod

1850 4032 2040 4085 sapere
2056 4027 2286 4086 Oportet,
2312 4028 2558 4073 nostram
2577 4019 2644 4074 de
2676 4020 3323 4089 incomprehensibilibus
3345 4024 3432 4077 in-

1850 4110 2059 4163 scitiam
2080 4108 2330 4174 irridens,
2366 4118 2529 4179 atque
2552 4110 2671 4178 ejus
2703 4111 2848 4180 quod
2883 4113 3065 4181 ﬁgurae
3096 4128 3291 4181 expers
3319 4124 3428 4181 est,

1850 4200 1992 4269 quod
2042 4201 2308 4254 inﬁnitum
2353 4210 2457 4264 est,
2496 4202 2638 4270 quod
2671 4203 3048 4271 magnitudine
3076 4214 3248 4267 caret,
3281 4206 3431 4276 quod

1848 4299 2109 4361 quantum
2158 4301 2398 4356 nonest,
2444 4292 2622 4346 Patris
2654 4292 2777 4346 dico
2820 4304 2871 4367 et
2916 4293 3037 4348 Filii
3096 4304 3151 4350 et
3186 4298 3430 4367 Spiritus

1848 4382 2041 4447 sancti,
2077 4383 2376 4438 secundum
2409 4382 2677 4438 dissimile
2713 4362 2997 4451 cognoscit
3034 4385 3425 4455 diﬁ‘erentiam,

1848 4480 1902 4525 et
1928 4471 2031 4526 hoc
2057 4470 2264 4541 profert
2296 4472 2360 4525 ad
2397 4482 2600 4527 nostra:
2643 4473 2879 4527 inscitia:
2911 4476 3423 4544 reprehensionem,

1848 4563 1991 4631 quod
2028 4563 2291 4617 continuo
2344 4564 2412 4619 ab
2467 4565 2675 4619 erroris
2728 4566 3018 4634 discipulis
3048 4571 3428 4638 protenditur,

1852 4655 1955 4708 hoc
1990 4670 2205 4723 nempe,
2266 4653 2366 4708 Vos
2401 4656 2639 4710 adoratis
2689 4657 2827 4725 quod
2868 4658 3078 4712 nescitis
3130 4661 3209 4725 ³¹,
3260 4663 3307 4716 si
3338 4678 3431 4717 es-

1852 4746 2083 4801 sentiam
2125 4746 2246 4814 ejus
2294 4747 2388 4817 qui
2420 4747 2686 4802 adoratur
2727 4748 2993 4819 ignoratis
3027 4769 3040 4805 :
3082 4767 3192 4805 non
3227 4768 3427 4807 secun-

1851 4840 1979 4893 dum
2028 4840 2303 4908 prOphetae
2349 4842 2641 4895 consilium
2680 4844 3034 4912 opprobrium
3069 4845 3424 4912 insipientum

1854 4940 2179 4995 metuemus,
2242 4946 2418 5001 neque
2477 4940 2696 5005 prepter
2749 4943 3125 5004 contemptum
3178 4938 3426 5005 ipsorum

1851 5030 2041 5073 contra
2093 5035 2156 5075 ea
2206 5038 2326 5090 quae
2378 5022 2528 5075 nulla
2581 5037 2715 5078 voce
2765 5031 2993 5093 possunt
3037 5024 3271 5093 exprimi
3336 5039 3427 5078 au-

1851 5109 2039 5165 dacter
2086 5111 2414 5181 loquemur:
2444 5112 2674 5167 Paulum
2702 5130 2955 5170 sermone
2993 5114 3305 5185 imperitum
3338 5115 3425 5169 la-

1855 5204 2088 5267 cientes,
2141 5206 2236 5275 qui
2267 5205 2530 5276 magister
2571 5206 2672 5261 fuit
2723 5210 3106 5278 mysteriorum
3138 5223 3260 5277 qua:
3294 5216 3426 5263 sunt

1853 5310 2016 5363 supra
2067 5297 2463 5365 cognitionem;
2501 5298 2592 5368 qui
2630 5306 2841 5353 tantum
2898 5298 3053 5353 abest
3086 5306 3143 5351 ut
3182 5296 3425 5352 divinam

1855 5394 2106 5439 naturam
2153 5388 2389 5441 humana
2435 5388 2790 5459 intelligentia
2829 5396 2884 5443 et
2942 5397 3123 5443 mente
3172 5403 3427 5458 compre-

1857 5478 2020 5533 hendi
2075 5496 2235 5549 posse
2281 5480 2579 5546 existimet,
2618 5490 2677 5535 ut
2726 5481 2887 5536 etiam
2944 5478 3035 5535 Dei
3078 5480 3287 5550 judicia
3318 5481 3425 5534 im-

1857 5572 2277 5640 perscrutabiiia
2324 5589 2445 5629 esse
2493 5574 2665 5641 dicat,
2712 5572 2939 5644 viasque
2981 5588 3093 5629 non
3153 5572 3424 5645 pervesti-
