3922 6462
514 305 623 362 603

1741 309 1799 365 s.
1839 311 2165 368 cnnconu
2202 297 2497 369 NY‘SSENI

3639 319 3730 378 σοι

515 425 728 496 gabiles
752 424 822 489 ",
855 433 912 481 et
942 441 1065 496 qua:
1109 426 1460 499 diligentibus
1491 428 1666 498 ipsum
1709 444 1806 499 pro
1834 428 2085 499 perfectis

2189 431 2297 486 τῶν
2331 432 2556 502 ὲρευνᾷν
2599 425 3018 501 ὲπιχειροῦντων
3062 426 3338 503 δυνάμεώς
3381 433 3527 488 ἔστιν
3553 435 3733 508 ὑψηλό-

515 519 570 574 in
621 515 721 574 hac
778 517 890 571 vita
937 518 1134 574 oﬁiciis
1165 519 1440 588 promissa
1491 532 1639 587 sunt,
1673 537 1836 590 supra
1865 537 2084 576 onmem

519 609 719 663 mentis
764 619 979 678 captum
1013 627 1136 665 esse
1165 610 1474 670 conﬁrmet.
1523 621 1581 665 ut
1616 628 1792 682 neque
1821 629 1884 666 ea
1912 612 2088 666 oculis

515 698 720 764 videre,
761 715 939 769 neque
988 702 1174 755 auditu
1227 704 1530 772 percipere,
1575 719 1748 772 neque
1797 703 1962 759 corde
1991 719 2088 758 co-

513 793 688 860 gitare
753 794 1044 862 quisquam
1090 795 1262 863 possit
1316 795 1382 847 ³³.
1428 795 1553 847 llaec
1609 795 1775 863 igitur
1829 811 1859 847 a
1917 793 2088 847 Paulo

445 941 449 946 ,
512 883 694 936 edocti
735 885 1074 938 conﬁdentes
1130 900 1533 946 asseveramns,
1573 885 1718 954 quod
1761 901 1868 939 non
1911 885 2087 940 solum

513 975 715 1044 judicia
765 977 857 1032 Dei
890 980 1082 1030 altiora
1128 987 1257 1032 sunt
1294 979 1495 1030 virtute
1525 993 1714 1031 eorum
1749 980 1841 1047 qui
1877 993 1937 1032 ea
1967 993 2085 1048 per-

514 1069 746 1123 scrutari
788 1077 1017 1129 tentant,
1081 1068 1173 1121 sed
1225 1068 1388 1119 etiam
1434 1068 1529 1121 viae
1580 1068 1911 1138 cognitionis
1962 1067 2082 1134 ejus

513 1159 694 1213 adhuc
744 1161 902 1214 invia:
947 1166 1188 1220 manent,
1243 1158 1519 1228 nullisque
1569 1159 1810 1228 vestigiis
1838 1159 2080 1211 calcatae.

512 1250 628 1306 Hoc
670 1255 813 1307 enim
842 1253 1158 1322 Apostolum
1196 1253 1333 1306 velle
1367 1251 1679 1321 signiﬁcare
1729 1252 2080 1312 arbitramur,

2186 538 2350 592 τεραε
2411 521 2546 574 ἀλλὰ
2585 520 2677 573 καὶ
2720 521 2819 590 τῆς
2867 519 3118 588 γνώσεως
3159 521 3288 586 ὁδοὶ,
3339 522 3501 593 μέχρι
3531 525 3619 577 τοῦ
3650 527 3735 580 νῦν

2188 612 2427 684 ἀτριϐεῖς
2456 629 2515 665 τε
2553 614 2646 668 καὶ
2667 611 2979 666 ἀνεπίϐατοι
3015 612 3255 682 μένουσι.
3277 614 3446 667 Τοῦτο
3473 617 3576 687 γὰρ
3595 618 3737 686 ἡγού-

2191 703 2329 774 μεθα
2354 705 2445 757 τὸν
2481 704 2795 758 Ἀπόστολον
2821 706 3060 775 σημᾶναι
3092 704 3434 776 βουλόμενον,
3464 708 3739 779 ἁνεξιχνιά-

2190 813 2344 859 στους
2371 798 2542 850 είπεῖν
2568 797 2665 860 τὰς
2695 795 2868 860 ὁδοὺς,
2893 798 2947 849 αἳ
2970 797 3104 868 πρὸς
3131 798 3191 850 τὸ
3215 799 3594 870 ἀκατάληπτον
3618 819 3737 872 προσ

2188 887 2433 959 φέρουσι,
2481 888 2758 942 δεικνύντα
2805 888 2892 942 διὰ
2918 888 3017 957 τῆς
3059 888 3277 952 λέξεως,
3322 891 3405 942 ὅτι
3443 892 3738 956 ἀνεπίϐατός

2191 981 2304 1032 ὲστι
2340 979 2618 1049 λογισμοῖς
2665 978 3024 1048 ἀνθρωπίνοις
3081 981 3113 1050 ἡ
3179 980 3379 1048 γνῶσις
3429 982 3626 1052 ἐκείνη,
3658 984 3739 1035 καὶ

2189 1069 2340 1122 οὔπω
2365 1089 2443 1133 τις
2476 1070 2773 1142 ἐπέστησεν
2802 1071 2963 1124 αὑτοῦ
3011 1071 3107 1138 τὴν
3137 1073 3376 1126 διάνοιαν
3425 1077 3492 1145 τῇ
3538 1076 3740 1147 τοιαύτῃ

2187 1161 2280 1214 τοῦ
2309 1162 2465 1230 λόγου
2496 1165 2710 1234 πορείᾳ,
2731 1162 2852 1216 οὔτε
2873 1182 2920 1216 τι
2943 1164 3101 1233 ἴχνος,
3125 1164 3247 1217 οὔτε
3284 1168 3506 1236 σημεῖον
3529 1169 3739 1239 καταλη-

2189 1253 2387 1322 πτικῆς
2415 1253 2604 1322 ἐφόδου
2636 1257 2746 1317 τοῖς
2774 1253 3030 1325 ἀλήπτοις
3059 1257 3444 1326 ὲνεσημάνατο.

511 1357 636 1398 cum
684 1343 823 1397 dixit
857 1345 971 1396 vias
1013 1343 1558 1412 itupervcstigabiles,
1590 1360 1711 1413 qum
1759 1344 1826 1396 ad
1868 1343 2421 1413 incomprehensibile
2450 1346 2788 1415 provehunt;
2849 1346 3144 1400 ostendens
3208 1363 3304 1416 per
3367 1347 3509 1402 hanc
3563 1348 3738 1402 dictio—

511 1448 659 1494 nem,
697 1433 840 1501 quod
917 1435 1202 1487 inaccessa
1261 1445 1311 1486 et
1343 1434 1606 1502 impervia
1673 1435 1928 1488 humanis
1996 1433 2300 1490 rationibus
2365 1444 2450 1490 est
2511 1437 2601 1490 illa
2655 1437 2916 1507 cognitio.
2967 1436 3195 1490 necdum
3256 1439 3547 1509 quisquam
3603 1456 3739 1495 suam

510 1525 892 1596 cogitationi-tu
919 1525 1155 1578 ﬁrmavit
1182 1526 1272 1578 tali
1305 1527 1536 1580 rationis
1557 1542 1869 1597 progressu,
1894 1541 2068 1596 neque
2107 1528 2279 1582 ullum
2316 1528 2603 1599 vestigium
2634 1545 2810 1600 neque
2867 1530 3082 1600 signum
3145 1532 3576 1600 comprehensivi
3640 1533 3742 1587 adi-

509 1630 598 1676 tus
645 1619 710 1671 ad
749 1619 1321 1687 incomprehensibilia
1375 1619 1654 1674 indicavit.

581 1709 709 1764 Haec
752 1710 936 1779 itaque
983 1726 1108 1763 cum
1149 1726 1214 1764 ex
1253 1725 1450 1780 magno
1496 1709 1647 1764 Pauli
1695 1713 1914 1782 ingenio
1943 1711 2085 1765 didi-

2261 1708 2445 1763 Ταῦτα
2475 1710 2649 1764 τοίνυν
2683 1712 2746 1764 ὲκ
2765 1711 2862 1782 τῆς
2882 1711 3242 1781 ἀποστολτκῆς
3273 1714 3636 1783 μεγαλοφυτας
3654 1736 3743 1788 μα-

512 1802 778 1860 cerimus.
832 1817 898 1855 ex
948 1802 1034 1856 his
1066 1817 1187 1870 qua:
1221 1801 1364 1855 dicta
1405 1813 1534 1856 sunt
1568 1803 1898 1872 colligimus,
1947 1803 2091 1872 quod

512 1891 562 1947 si
609 1888 706 1943 Dei
748 1888 956 1957 judicia
1006 1890 1152 1942 nulla
1203 1891 1644 1958 perscrutatione
1677 1899 1910 1959 possunt
1943 1891 2092 1945 inve-

510 1978 640 2038 niri,
681 1990 856 2047 neque
879 1978 976 2034 via:
995 1978 1375 2046 pervestigari.
1415 1987 1471 2032 et
1501 1978 1766 2032 bonorum
1800 1981 2091 2049 promissio

509 2085 728 2124 omnem
771 2069 1109 2138 opinabilem
1162 2069 1536 2138 conjecturam
1578 2078 1631 2123 et
1661 2071 2093 2126 verisimilitudi-

507 2175 634 2212 nem
692 2166 938 2228 superat,
993 2168 1202 2228 quanto
1253 2163 1425 2230 magis
1466 2161 1767 2215 secundum
1821 2161 2092 2219 incﬂabile

508 2261 673 2319 atque
726 2250 1110 2304 inaccessibile
1139 2250 1396 2319 superius
1419 2257 1502 2304 est
1524 2262 1577 2305 et
1606 2253 1877 2307 excelsius
1912 2253 2088 2323 ipsum

506 2339 720 2393 Numen
757 2337 1010 2392 omnibus
1070 2341 1156 2396 his
1205 2356 1327 2410 quae
1377 2342 1443 2395 de
1475 2341 1594 2409 ipso
1633 2354 1813 2398 mente
1842 2353 1896 2398 ct
1927 2345 2088 2398 intel-

507 2431 651 2485 lectu
687 2431 1095 2500 concipiuntur,
1132 2449 1366 2502 quorum
1400 2443 1580 2489 tamen
1607 2435 1812 2488 nullam
1843 2451 1964 2488 esse
1997 2451 2085 2489 co-

507 2524 803 2592 gnitionem
848 2535 879 2576 α
911 2522 1023 2577 Deo
1071 2525 1300 2581 cdouus
1338 2525 1542 2580 Paulus
1588 2525 1934 2596 pronuntiat?
1965 2541 2090 2596 pro-

507 2624 692 2683 pterea
747 2619 800 2668 in
850 2616 1012 2670 nobis
1064 2618 1197 2684 ipsis
1250 2617 1643 2673 conﬁrmamus
1687 2619 1885 2688 dogma
1942 2616 2088 2688 quod

506 2709 711 2768 subsau
741 2729 766 2758 ι.
793 2717 908 2773 tur,
943 2723 1044 2762 nos
1077 2710 1365 2764 inferiores
1397 2726 1521 2764 esse
1555 2711 1858 2767 secundum
1894 2712 2087 2781 cogni-

508 2800 710 2853 tionem
749 2801 832 2854 his
851 2817 972 2870 qua:
993 2804 1173 2856 Ozun;s
1197 2803 1529 2872 cognitionis
1553 2802 1771 2856 modum
1795 2803 2083 2868 excedunt,

505 2892 852 2957 conﬁtentes,
911 2901 966 2948 et
1025 2909 1153 2948 vere
1210 2910 1311 2947 nos
1361 2893 1595 2948 adorare
1648 2895 1887 2948 dicimus
1941 2894 2088 2964 quod

506 2987 736 3040 scimus.
786 2986 1004 3041 Scimus
1062 2998 1243 3040 autem
1291 2987 1481 3057 glorize
1535 2987 1912 3041 celsitudinem
1966 2987 2086 3055 ejus

507 3080 603 3146 qui
643 3080 927 3143 aduratur,
963 3094 1031 3133 eo
1065 3081 1207 3148 ipso,
1255 3079 1401 3148 quod
1457 3093 1565 3132 non
1615 3079 1891 3147 possimus
1925 3080 2086 3132 ratio-

505 3173 669 3227 nibus
716 3170 1201 3239 comprehendere,
1254 3173 1594 3226 aestimantes
1648 3170 2083 3239 magnitudinem

505 3263 1000 3331 iuexrogitabilem,
1057 3271 1110 3315 et
1156 3263 1300 3332 quod
1356 3279 1385 3315 a
1437 3262 1668 3316 Domino
1728 3263 2088 3316 Samaritana!

502 3353 711 3406 dictum
748 3361 853 3414 est,
886 3362 938 3404 et
968 3361 1154 3404 contra
1188 3367 1288 3405 nos
1323 3352 1391 3405 ab
1424 3352 1758 3405 adversariis
1790 3354 2084 3420 prolatum,

503 3445 680 3512 magis
723 3446 940 3511 proprie
969 3443 1232 3497 adversus
1273 3444 1396 3497 illos
1430 3443 1665 3497 dicatur.
1709 3443 1810 3497 νος
1846 3443 2088 3498 adoratis

505 3536 647 3606 quod
689 3536 925 3598 nescitis,
981 3535 1158 3603 inquit
1193 3535 1459 3590 Dominus
1490 3535 1557 3588 ad
1591 3534 1986 3590 Samaritana")
2016 3536 2084 3600 ³⁸,

506 3627 893 3697 corporalibus
925 3627 1137 3681 notitiis
1166 3627 1219 3679 in
1260 3627 1710 3720 Opinionibusie
1751 3626 1860 3681 Deo
1886 3643 2087 3697 praeoc-

509 3729 791 3790 tupatam,
849 3718 1012 3787 cujus
1081 3733 1263 3773 sermo
1325 3719 1586 3788 prmelare
1649 3718 2081 3789 perstringitur:

509 3817 658 3881 quad
677 3811 1008 3865 Samaritani
1046 3811 1210 3866 Deum
1242 3827 1301 3866 se
1334 3811 1568 3865 adorare
1587 3818 1862 3880 putantes,
1891 3810 2086 3867 deinde

509 3903 680 3960 Deum
720 3903 1082 3973 corporaliter
1118 3904 1241 3956 loco
1275 3903 1514 3958 insidere
1559 3903 1912 3966 arbitrantes,
1951 3919 2084 3960 voce

508 4007 669 4052 tenus
715 3996 923 4058 colunt,
979 3994 1125 4048 aliud
1167 3994 1425 4065 quiddam
1482 3999 1662 4064 potius
1717 4011 1879 4063 quam
1916 3994 2082 4049 Deum

509 4091 823 4144 adorantes.
875 4086 1020 4141 Nihil
1048 4088 1203 4142 'enim
1247 4087 1393 4157 quod
1442 4088 1562 4140 loco
1609 4086 2083 4154 circumscriptum

506 4181 850 4249 intelligitur,
889 4178 1100 4233 Numen
1123 4187 1229 4232 est.
1281 4177 1386 4232 Sed
1432 4175 1707 4246 proprium
1729 4175 2082 4238 estDeitatis,

510 4272 714 4340 ubique
759 4285 882 4323 esse
937 4279 989 4322 et
1021 4285 1114 4338 per
1149 4269 1330 4321 omnia
1364 4283 1564 4330 meare,
1606 4267 1866 4335 nulloque
1910 4267 2084 4336 spatio

507 4359 906 4416 circumscribi.
929 4359 1110 4425 Quare
1132 4374 1313 4413 sermo
1338 4358 1428 4428 qui
1465 4366 1658 4412 contra
1681 4372 1780 4411 nos
1808 4358 2084 4426 profertur

510 4455 564 4508 in
591 4453 1019 4515 accusationem,
1044 4451 1099 4503 in
1124 4452 1272 4520 ipsos
1294 4450 1497 4505 Christi
1526 4458 1927 4521 Oppugnatores
1952 4464 2085 4504 con-

510 4547 760 4599 vertitur.
789 4542 860 4597 Ut
881 4543 1024 4597 enim
1071 4543 1231 4596 locali
1256 4543 1490 4611 quadam
1523 4541 1892 4612 descriptione
1913 4539 2082 4595 Deum

500 4635 780 4692 "contineri
821 4634 1154 4688 Samaritani
1189 4643 1466 4704 putantes,
1513 4634 1834 4702 reprehensi
1863 4633 2086 4688 fuerunt

510 4745 607 4799 per
636 4744 698 4783 ea
735 4743 856 4797 qua:
889 4725 1203 4787 audierunt,
1231 4727 1357 4796 quia
1379 4725 1634 4781 Adoratis
1661 4723 1806 4793 quod
1839 4727 2080 4788 nescitis,

508 4828 563 4874 et
592 4819 746 4872 vobis
778 4818 960 4871 cultus
995 4814 1060 4868 ad
1104 4813 1273 4869 Deum
1305 4821 1562 4883 spectans
1594 4814 1652 4866 ﬁt
1682 4813 1918 4866 inutilis:
1955 4827 1989 4865 ιι
2010 4827 2080 4864 tm

508 4913 601 4982 qui
637 4919 859 4981 putatur
899 4911 1020 4963 loco
1047 4907 1308 4973 insidere,
1341 4921 1450 4960 non
1479 4912 1563 4960 est
1595 4907 1735 4959 Deus
1774 4925 1789 4959 :
1845 4905 1923 4959 sic
1953 4918 2082 4973 pro-

507 5007 626 5076 prie
673 5007 840 5059 etiam
896 5003 962 5056 ad
1011 5005 1111 5057 hos
1163 5015 1338 5056 novos
1387 4997 1765 5053 Samaritanos
1802 4997 1964 5052 liceat
1999 4995 2085 5049 di-

509 5112 655 5158 cere,
692 5098 834 5165 quod
859 5095 1076 5149 nomine
1108 5091 1436 5163 ἀγεννησίας
1467 5090 1895 5160 ingenerationis,
1934 5089 2084 5142 velut

511 5190 632 5240 loco
683 5187 917 5255 quodam
960 5184 1434 5253 circumscriptam
1470 5198 1593 5237 esse
1637 5182 1876 5234 divinam
1903 5194 2088 5234 essen-

511 5279 642 5332 tiam
678 5278 1046 5347 suspicantes,
1082 5276 1319 5329 adoratis
1359 5274 1495 5343 quod
1529 5273 1764 5334 nescitis,
1802 5273 1946 5325 sicut
1980 5269 2089 5325 Deo

511 5369 730 5440 quidem
771 5371 1098 5434 servientes,
1140 5366 1236 5422 sed
1289 5367 1602 5436 ignorantes
1634 5362 1726 5416 Dei
1762 5362 2086 5416 inﬁnitatem

512 5458 777 5513 excedere
832 5473 1050 5512 onmem
1085 5456 1510 5528 signiﬁcautiam
1541 5453 1826 5507 nominum
1856 5460 1910 5506 et
1937 5466 2090 5505 com-

513 5548 935 5618 prehensionem
947 5586 963 5602 .

586 5723 634 5755 “
671 5723 827 5780 Rom.
897 5741 972 5793 at,
1020 5724 1105 5780 55.
1180 5721 1278 5796 ,³³1
1309 5722 1516 5788 Cor.tt,
1547 5721 1599 5776 9.

1655 5805 1702 5816 ...ν-

1727 5919 1764 5960 ὁ

1707 5717 1752 5753 ³⁸
1772 5717 1927 5774 Joan.
1962 5732 2035 5784 tv,
2059 5714 2150 5771 29..

2201 1802 2402 1865 θόντες,
2431 1804 2855 1875 ἀναλογιζόμεθα
2886 1805 2972 1858 διὰ
3015 1805 3122 1858 τῶν
3149 1808 3474 1878 εἰρημένων,
3503 1811 3581 1864 ὅτι
3609 1815 3652 1865 εἰ
3683 1816 3741 1869 τά

2192 1893 2434 1964 κρίματα
2489 1895 2902 1968 ὲξερευνηθῆναι
2955 1899 3014 1950 οὺ
3045 1896 3283 1963 δύναται,
3316 1901 3409 1953 καὶ
3448 1905 3502 1956 αἱ
3525 1904 3629 1958 ὁδοὶ
3656 1907 3741 1960 οὐκ

2191 1986 2600 2056 ἐξιχνιάζονται,
2636 1989 2731 2042 καὶ
2763 1992 2796 2060 ἡ
2826 1989 2934 2042 τῶν
2981 1991 3199 2058 ἀγαθῶν
3239 1994 3542 2063 ἐπαγγελία
3583 1999 3743 2068 πάσης

2192 2079 2514 2149 ὑπέρκειται
2547 2081 2651 2151 τῆς
2679 2082 3108 2154 ἀποστοχασμῶν
3137 2087 3409 2152 εἰκασίας,
3442 2089 3588 2160 πόσῳ
3619 2093 3741 2160 μᾶλ-

2190 2171 2280 2224 λον
2311 2172 2388 2240 τῷ
2416 2173 2597 2244 μέτρῳ
2628 2174 2771 2227 κατὰ
2805 2174 2864 2227 τὸ
2897 2175 3170 2244 ἄφραστόν
3197 2195 3257 2230 τε
3290 2180 3388 2232 καὶ
3417 2181 3743 2251 ἀπροσπέλα-

2193 2281 2335 2328 στον,
2387 2265 2655 2337 ἀνώτερον
2699 2269 2814 2320 ἐστι
2854 2268 2949 2321 καὶ
2987 2267 3473 2341 ὑψηλότερον-αὐτὸ
3510 2273 3569 2327 τὸ
3600 2269 3735 2323 Θείον

2189 2355 2295 2407 τῶν
2329 2358 2455 2426 περὶ
2488 2357 2618 2410 αὐτὸ
2647 2359 2974 2428 νοουμένων,
3025 2355 3097 2416 ὧν
3116 2359 3532 2432 οὐδεμίανεῐναι
3559 2365 3744 2432 γνῶσιν

2189 2448 2217 2500 ὁ
2247 2446 2581 2512 θεοδίδακτος
2610 2449 2967 2519 ἀποφαίνεται
2985 2450 3345 2520 ﬂuvitantem.
3369 2454 3457 2508 διὰ
3486 2457 3636 2509 τοῦτο
3665 2456 3740 2526 βε-

2189 2537 2447 2608 ϐαιοῦμεν
2475 2541 2532 2592 ὲν
2552 2541 2682 2610 ἡμῖν
2710 2541 2962 2604 αὐτοῖςτὸ
2993 2543 3527 2615 καταχλευαζόμενον
3549 2547 3738 2617 δόγμα·

2187 2627 2569 2698 ὁμολογοῦντες
2613 2629 2868 2696 ἐλάττους
2925 2626 3073 2684 εἶναι
3128 2633 3267 2686 κατὰ
3307 2634 3407 2706 τὴν
3435 2636 3624 2705 γνῶσιν
3649 2638 3741 2691 τῶν

2189 2721 2618 2790 ὑπερόαινόντων
2670 2722 2766 2793 τὴν
2812 2724 3031 2791 γνῶσιν,
3084 2727 3178 2778 καὶ
3220 2731 3543 2798 προσκυνεῖν
3585 2745 3740 2800 φαμεν

2187 2811 2400 2883 ἀληθῶς
2433 2812 2568 2884 ὅπερ
2591 2812 2842 2882 οἴδαμενο
2861 2815 3093 2886 Οἴδαμεν
3120 2817 3176 2869 δὲ
3217 2817 3280 2870 τὸ
3320 2817 3456 2888 ὕψος
3474 2821 3571 2891 τῆς
3601 2821 3741 2890 δόξης

2186 2901 2278 2954 τοῦ
2307 2917 2608 2972 προσκυνου
2617 2901 2798 2972 μένου,
2825 2903 2972 2974 αὑτῷ
3000 2903 3078 2974 τῷ
3098 2905 3171 2976 μὴ
3201 2905 3464 2962 δύνασθαι
3485 2913 3590 2970 τοῖς
3615 2910 3741 2977 λογι-

2189 2995 2344 3062 σμοῖς
2392 2993 2735 3055 καταλαϐεῖν,
2797 2995 3238 3067 ἀναλογιζόμενοι
3268 2999 3330 3052 τὸ
3373 3000 3468 3054 τοῦ
3505 3001 3740 3071 μεγέθους

2186 3082 2523 3143 ἀνείκαστον,
2566 3083 2660 3136 καὶ
2705 3083 2766 3136 τὸ
2793 3085 2930 3154 πρὸς
2974 3085 3073 3156 τὴν
3107 3088 3440 3160 Σαμαρεῖτιν
3479 3092 3620 3162 παρά
3659 3093 3739 3146 τοῦ

2185 3176 2390 3248 Κυρίου
2425 3174 2605 3245 ῥηθὲν,
2639 3174 2759 3229 καθ’
2785 3176 2943 3247 ἡμῶν
2971 3177 3028 3230 δὲ
3056 3179 3207 3250 παρὰ
3249 3181 3361 3234 τῶν
3393 3183 3596 3255 ἐχθρῶν
3627 3201 3745 3256 προ-

2187 3269 2506 3340 φερόμενον,
2538 3267 2674 3338 πρὸς
2700 3269 2940 3333 ἐκείνους
2972 3269 3038 3323 ἂν
3062 3271 3259 3341 μᾶλλον
3295 3276 3501 3346 κυρίως
3534 3277 3737 3346 λέγοιτο,

2185 3363 2258 3416 Τὸ
2285 3361 2414 3432 γὰρ,
2467 3360 2665 3430 Ὑμεῖς
2715 3362 3110 3430 προσκυνεῖτε
3158 3363 3191 3418 ὃ
3243 3367 3357 3420 οὐκ
3384 3367 3597 3434 οἴδατε,
3625 3369 3740 3440 φησὶ

2185 3451 2319 3522 πρὸς
2348 3451 2446 3522 τὴν
2475 3451 2804 3520 Σαμαρεῖτιν
2839 3452 2868 3503 ὁ
2907 3452 3130 3522 Κύριος,
3161 3461 3505 3524 σωματικαῖς
3533 3459 3740 3520 ἐννοίαις

2185 3545 2244 3596 ὲν
2265 3547 2383 3606 ταῖς
2415 3543 2542 3615 περὶ
2565 3541 2698 3596 Θεοῦ
2725 3541 2904 3609 δόξαις
2935 3544 3398 3624 προειλημμένην,
3429 3545 3497 3620 ἦς
3530 3549 3690 3612 καλῶς
3715 3549 3740 3601 ό

2183 3634 2342 3703 λόγος
2373 3632 2711 3686 καθάπτεται
2728 3649 2743 3663 ο
2766 3632 2848 3684 ὅτι
2877 3631 3009 3687 Θεὸν
3027 3639 3350 3704 προσκυνεῖν
3366 3640 3414 3690 οἱ
3432 3639 3738 3709 Σαμαρεῖται

2185 3724 2517 3794 νομίζοντες,
2550 3718 2672 3777 εἶτα
2705 3724 3032 3794 σωματικῶς
3070 3725 3491 3796 ἐγκαθιδρύσθαι
3516 3730 3653 3799 τόπῳ
3684 3727 3738 3779 τὸ

2179 3818 2328 3868 Θείον
2351 3816 2612 3886 οἰόμενοι,
2657 3815 2817 3885 μέχρι
2855 3814 2954 3884 τῆς
2980 3815 3160 3886 φωνῆς
3191 3818 3523 3882 εὐσεὸοῦσιν,
3555 3820 3667 3874 ἄλλο
3690 3835 3738 3870 τι

2187 3923 2262 3978 πρ
2275 3905 2617 3967 ωκυνοῦντες
2641 3905 2736 3956 καί
2763 3903 2824 3955 οὗ
2853 3902 3005 3957 Θεόν.
3032 3904 3195 3958 οὐδὲν
3221 3906 3330 3977 γὰρ
3364 3909 3420 3961 ὲν
3451 3907 3733 3976 περιγραφῇ

2186 3997 2492 4066 νοούμενον,
2539 3995 2689 4049 Θεῖόν
2735 3998 2914 4051 ἐστιν’
2951 3996 3063 4050 ἀλλ’
3109 3996 3238 4049 ἴδιον
3271 3997 3377 4066 τῆς
3402 3995 3666 4063 Θεὸτητος,
3685 3995 3734 4046 τὸ

2187 4088 2458 4159 πανταχοῦ
2504 4086 2662 4151 εἶναι,
2707 4088 2797 4140 καὶ
2844 4087 2932 4140 διὰ
2963 4087 3178 4140 πάντων
3207 4087 3386 4157 ἥκειν,
3436 4087 3527 4140 καὶ
3570 4084 3732 4155 μηδενὶ

2187 4178 2611 4250 περιείργεσθαι.
2649 4177 2808 4230 Ὥστε
2852 4178 3272 4248 περιστρέφεται
3317 4181 3431 4242 τοῖς
3464 4175 3735 4247 χριστομάο

2186 4287 2300 4339 χοις
2333 4273 2410 4333 είς
2458 4270 2791 4340 κατηγορίαν
2853 4271 3030 4324 αὐτῶν
3067 4272 3095 4324 ὁ
3128 4270 3250 4324 καθ’
3288 4271 3447 4341 ἡμῶν
3493 4267 3733 4341 προφερό-

2117 4400 2164 4456 D
2191 4380 2349 4431 μενος
2380 4361 2554 4430 λόγος.
2595 4363 2683 4426 Ὠς
2707 4362 2814 4434 γὰρ
2835 4365 3027 4434 τοπικῇ
3057 4379 3163 4416 τινι
3193 4367 3503 4435 περιγραφῇ
3528 4361 3730 4456 τὸΔΘεῖον

2193 4451 2542 4523 περιέχεσθαι
2592 4453 2924 4522 Σαμαρεῖται
2981 4451 3309 4520 νομίζοντες,
3354 4448 3730 4519 ἑπετιμὴθησαν

2189 4544 2255 4597 δι’
2279 4537 2352 4597 ὧν
2383 4544 2620 4614 ἤκουσαν
2647 4559 2662 4575 ο
2703 4538 2782 4593 ὅτι
2811 4539 3170 4610 Προσκυνεῖτε
3223 4542 3252 4594 ὃ
3297 4543 3398 4596 οὐκ
3430 4541 3618 4602 οἴδατε,
3649 4537 3734 4591 καὶ

2189 4635 2445 4702 ἀνόνητος
2481 4633 2691 4702 γίνεται
2724 4632 2850 4701 ὑμῖν
2894 4633 2927 4701 ἡ
2974 4631 3199 4702 λατρεία
3247 4635 3278 4703 ή
3309 4633 3445 4705 πρὸς
3473 4632 3597 4685 Θεὸν
3623 4629 3728 4701 βλέ-

2190 4739 2390 4778 πουσα’
2409 4724 2537 4787 Θεὸς
2560 4738 2668 4795 γαρ
2691 4723 2841 4793 τόπῳ
2866 4723 2972 4776 τινὶ
2999 4723 3353 4795 καθιδρύσθαι
3385 4722 3724 4794 νομιζόμενος.

2190 4817 2320 4880 Θεὸς
2348 4817 2444 4869 οὐκ
2470 4815 2614 4869 ἔστιν
2637 4832 2651 4845 ·
2683 4817 2852 4878 οὕτως
2880 4815 2944 4869 ἂν
2977 4817 3061 4887 εἴη
3109 4816 3312 4887 κυρίως
3339 4818 3433 4870 καὶ
3464 4815 3593 4887 πρὸς
3620 4812 3729 4872 τοὺς

2191 4908 2346 4970 νέους
2367 4908 2708 4979 Σαμαρείτας
2729 4909 2920 4973 εἰπεῖν,
2947 4909 3029 4961 ὅτι
3056 4907 3134 4977 τῷ
3171 4908 3393 4977 ὀνόματι
3414 4908 3508 4977 τῆς
3574 4904 3728 4972 ἀγεν-

2189 5000 2428 5067 νησίας,
2462 4993 2571 5053 οἷόν
2602 5017 2706 5054 τινι
2745 5000 2896 5070 τόπῳ
2936 4999 3313 5070 περιειλῆφθαι
3352 5000 3451 5068 τὴν
3493 4997 3631 5049 θείαν
3651 4993 3726 5046 οὗ-

2191 5092 2311 5145 σίαν
2340 5086 2709 5156 ὑπονοοῦντες,
2731 5091 3120 5162 προσκυνεῖτε
3143 5091 3173 5143 ὃ
3191 5092 3300 5143 οὐκ
3316 5089 3526 5150 οἴδατε,
3543 5087 3609 5147 ὼς
3623 5081 3724 5150 Θεῷ

2192 5185 2291 5255 μὲν
2329 5183 2700 5254 λατρεύοντες,
2763 5182 3080 5251 ἀγνοοῦντες
3130 5181 3185 5233 δὲ
3241 5182 3321 5234 ὅτι
3356 5180 3532 5250 πάσης
3556 5177 3644 5246 τῆς
3671 5172 3721 5236 ἐξ

2186 5275 2460 5344 ὀνομάτων
2491 5273 2765 5344 σημασίας
2797 5274 2890 5328 καὶ
2932 5271 3269 5344 περιλήψεως
3299 5270 3612 5344 ὑπερπίπτιι
3642 5260 3720 5315 τοῦ

2187 5365 2322 5419 Θεοῦ
2340 5365 2400 5419 τὸ
2415 5365 2683 5437 ἀόριστον.
3728 5418 3737 5453 ζ
