3922 6484
203 366 300 424 605

1301 356 1578 415 CONTRA
1611 353 1998 420 EUNOMIUM,
2035 353 2163 410 LIB.
2201 354 2289 410 111.

3340 357 3444 414 608

280 474 437 530 Ἀλλὰ
503 473 605 527 ἐπὶ
659 471 814 526 πλέον
900 473 1212 545 παρηνέχθη
1242 473 1352 527 τῶν
1395 473 1767 546 προκειμένων

1947 468 2054 523 Sed
2091 469 2305 538 longius
2339 469 2407 524 de
2431 469 2593 526 rebus
2633 469 2934 540 propositis
2973 470 3154 524 oratio
3176 469 3438 534 excurrit,

199 571 224 622 6
247 571 414 636 λόγος,
438 569 557 630 τοίς
580 567 664 620 ἀεὶ
699 565 838 620 κατά
861 566 940 619 ’τὸ
981 565 1271 619 ἀκόλουθον
1293 567 1769 639 έφευρισκομένοις

198 663 449 730 ἑπόμενος
473 674 488 688 ⁸
540 656 736 710 ούκοῦν
780 657 939 711 πάλιν
979 656 1078 727 τὴν
1130 656 1448 710 ἀκολουθίαν
1499 656 1768 710 ἐπαναλά-

198 750 384 820 6ωμεν.
423 748 659 819 Ἐπειδὴ
701 747 799 818 τὴν
852 748 1209 819 προτεθεῖσαν
1256 749 1405 820 αὑτῷ
1432 748 1590 820 ῥῆσιν
1631 751 1768 803 ἀπο-

197 839 436 911 χρώντως
465 833 626 908 οἶμαι
656 837 744 890 διὰ
772 837 878 890 τῶν
909 837 1210 908 εἰρημένων
1236 837 1669 907 πεφανερῶσθαι,
1707 837 1766 890 οὐ

196 932 318 1002 πρὸς
376 943 480 1002 την
543 929 803 999 ἀλήθειαν
863 930 1042 1000 μόνον,
1105 928 1240 982 ἀλλά
1285 929 1540 1001 καὶπρὸς
1570 929 1768 1000 ἑαυτὴν

194 1025 407 1094 ἔχουσαν
429 1022 714 1084 ἐναντίως.
743 1023 805 1074 Εἰ
838 1022 948 1091 γάρ
973 1021 1092 1074 κατ’
1123 1021 1321 1084 αὐτοὺς
1352 1023 1384 1092 ἡ
1418 1020 1618 1092 φυσικὴ
1647 1020 1768 1090 σχέ-

195 1131 268 1176 σις
297 1117 360 1183 τῇ
416 1113 515 1165 τοῦ
565 1112 696 1165 Υίοῦ
723 1113 1060 1182 προσηγορίᾳ
1087 1110 1222 1182 πρὸς
1268 1112 1358 1164 τὸν
1394 1112 1611 1182 Πατέρα
1645 1129 1768 1164 συν-

197 1201 414 1264 ίσταται,
447 1203 550 1254 καὶ
570 1202 706 1272 πρὸς
724 1203 812 1254 τὸν
830 1202 1215 1270 γεγεννηκότα,
1237 1203 1269 1273 ἡ
1294 1201 1386 1255 τοῦ
1407 1204 1764 1274 γεννήματος,

194 1294 320 1345 κατά
347 1311 474 1344 τινα
533 1293 932 1363 γραμματικὴν
964 1291 1254 1363 φλυαρίαν,
1291 1292 1390 1356 τὰς
1429 1295 1767 1364 σημαντικὰς

191 1384 280 1453 τῆς
304 1384 456 1446 θείας
489 1383 712 1451 φύσεως
756 1383 926 1449 λέξεις
954 1384 1052 1452 τῆς
1083 1384 1273 1450 σοφίας
1295 1384 1498 1438 τούτων
1530 1387 1607 1448 εἰς
1648 1385 1766 1438 ὀνο-

195 1478 363 1545 μάτων
404 1476 600 1545 σχῆμα
630 1475 1076 1546 παρατυπούσης,
1095 1475 1271 1528 οὐκέτ’
1296 1477 1361 1531 ἄν
1383 1493 1466 1540 τις
1483 1476 1770 1548 ,ἀμφιϐάλ-

192 1568 261 1620 λοι
284 1566 379 1635 τὴν
409 1569 478 1619 ἐκ
507 1566 729 1635 φύσεως
752 1571 1152 1640 συνισταμένην
1183 1569 1291 1623 τῶν
1316 1569 1594 1638 ὀνομάτων
1632 1570 1768 1640 πρὸς

192 1658 380 1728 ἄλληλα
413 1661 628 1728 σχέσιν,
665 1659 938 1723 ἀπόδειξιν
975 1660 1074 1730 τῆς
1122 1660 1239 1713 κατ’
1269 1659 1455 1714 οὐσίαν
1484 1660 1660 1713 αὐτῶν
1687 1663 1767 1712 οἰ-

193 1753 480 1819 κειότητος,
512 1749 718 1820 μᾶλλον
744 1749 800 1802 δὲ
831 1751 1157 1819 ταυτότητος
1194 1751 1457 1821 γίνεσθαι.
1505 1751 1663 1804 ’Λλλά
1693 1751 1766 1822 μὴ

197 1842 544 1914 μεταϐαλέτω
590 1843 694 1916 τὴν
747 1842 994 1896 ἐναντίαν
1034 1844 1217 1915 φωνὴν
1241 1845 1270 1896 6
1291 1844 1557 1915 ἡμέτερος
1589 1843 1764 1912 λόγος.
1801 1829 1843 1883 Β

200 1936 279 1997 Ὠς
301 1935 365 1988 ἂν
390 1937 468 2005 μὴ
501 1935 693 2006 δοκοίη
727 1939 794 2007 τῇ
820 1935 1075 2006 ἀσθενείᾳ
1105 1937 1244 2008 μόνῃ
1273 1935 1381 1988 τῶν
1405 1935 1770 2007 ἀντιμαχομέ-

191 2044 285 2079 νων
329 2025 391 2079 τὺ
443 2026 638 2097 δόγμα
688 2029 787 2096 τῆς
836 2027 1114 2090 εὐσεϐείας
1150 2026 1531 2097 κρατύνεσθαι,
1571 2026 1684 2081 ἀλλ’
1710 2028 1768 2078 ὲν

192 2118 352 2188 ἐαυτῷ
382 2118 634 2187 μάλιστα
659 2117 758 2189 τὴν
800 2118 955 2189 ἰσχὺν
987 2118 1152 2189 ἔχειν.
1198 2118 1288 2180 Ὠς
1330 2113 1421 2170 οὖν
1462 2119 1577 2170 ἐστι
1611 2117 1770 2170 δυνα-

191 2211 289 2271 τὸν,
336 2211 404 2263 δι’
465 2209 849 2280 εὐτονωτέρας
899 2211 1000 2280 τῆς
1062 2203 1388 2281 συνηγορίας
1421 2209 1768 2281 βεϐαιωθήτω

193 2300 306 2370 παρ’
369 2300 534 2370 ἡμῶν
593 2298 771 2352 αὐτῶν
817 2301 846 2352 6
895 2300 1263 2370 ἀντικείμενος
1289 2299 1465 2369 λόγος,
1518 2300 1592 2364 ὡς
1619 2300 1684 2352 ἂν
1707 2301 1768 2352 τὸ

193 2392 519 2464 ὑπερϐάλλον
561 2393 658 2463 τῆς
709 2391 990 2462 δυνάμεως
1021 2392 1378 2462 διαγνωσθείη
1413 2393 1552 2447 κατά
1570 2392 1768 2463 πολλὴν

195 2481 527 2553 πεποίθησιν,
564 2483 658 2534 καὶ
689 2481 758 2534 τά
787 2481 1267 2553 παραλελειμμένα
1294 2481 1445 2552 παρὰ
1473 2481 1580 2535 τῶν
1610 2485 1765 2535 ἐναν-

192 2576 304 2628 τίων
326 2577 404 2637 εξς
433 2573 652 2644 ἀκριεῆ
703 2573 936 2644 βάσανον
973 2573 1070 2642 τῆς
1094 2571 1346 2641 ἀληθείας
1378 2573 1534 2644 ἡμῶν
1570 2590 1769 2644 προφε-

196 2667 401 2737 ρόντων.
446 2667 610 2736 Ἐρεῖ
639 2663 746 2735 γὰρ
784 2665 914 2726 ἴσως
949 2665 976 2715 6
997 2666 1109 2725 τοῖς
1136 2663 1394 2726 ἐναντίοις
1427 2665 1766 2734 ίσχυριζόμε-

193 2775 286 2817 νος,
315 2759 395 2810 ὅτι
424 2758 486 2810 ού
535 2757 759 2818 πάντως
799 2756 833 2826 ή
883 2753 976 2807 τοῦ
1036 2753 1152 2807 υἱοῦ
1190 2754 1284 2807 καὶ
1312 2755 1404 2806 τοῦ
1433 2756 1768 2825 γεννήματος

196 2849 364 2918 κλῆσις
409 2849 472 2902 τὺ
525 2848 677 2903 κατά
702 2847 800 2918 τὴν
829 2846 990 2915 φύσιν
1035 2849 1232 2899 οἰκεῖον
1275 2847 1621 2917 παρίστησιν.
1656 2848 1767 2902 Καὶ

193 2940 288 3008 γὰρ
312 2941 403 2994 καὶ
454 2941 660 2993 τέκνον
688 2956 770 3002 τις
805 2938 975 3010 ὀργῆς
1009 2940 1066 2990 ὲν
1093 2940 1160 3008 τῇ
1191 2938 1380 3008 Γραφῇ
1405 2937 1641 3005 λέγεται,
1673 2938 1768 2991 κα)⁸

195 3031 454 3094 ἀπωλείας
503 3031 659 3095 υίὸς,
713 3028 806 3082 καὶ
832 3030 1078 3099 γέννημα
1113 3027 1344 3098 ἐχίδνης,
1384 3028 1478 3080 καὶ⁵
1509 3029 1569 3082 ού
1593 3026 1765 3099 δήπου

195 3124 421 3192 κοινότης
466 3138 566 3184 τις
625 3119 840 3190 φύσεως
889 3121 1000 3180 τοῖς
1055 3117 1319 3182 τοιούτοις
1369 3118 1596 3188 ὀνόμασι
1640 3135 1766 3170 συν-

196 3213 437 3282 απφάνη.
473 3213 560 3264 υύ
589 3213 698 3281 γάρ
716 3209 911 3262 ταύτόν
943 3210 1057 3260 ἐστι
1087 3208 1166 3279 τῷ
1199 3208 1536 3279 ὑποκειμένῳ
1568 3208 1767 3272 Ἰούδας
1793 3192 1837 3248 (ἶ

195 3307 220 3356 6
243 3307 331 3375 τῆς
357 3303 643 3365 ἀπωλείας
667 3301 780 3364 υἱὸς
819 3301 1220 3372 ὠνομασμένος,
1251 3301 1345 3356 καὶ
1368 3302 1504 3373 αὑτὴ
1531 3301 1670 3355 κατά
1708 3301 1770 3354 τὸ

197 3396 462 3466 νοούμενον
492 3398 541 3465 ἡ
565 3393 828 3450 ἀπώλεια.
867 3393 1029 3446 Ἀλλο
1071 3393 1181 3465 γάρ
1204 3393 1299 3446 τοῦ
1333 3394 1474 3448 κατά
1513 3395 1603 3447 τὸν
1637 3395 1770 3447 Ἰού-

195 3491 295 3554 ιαν,
345 3493 440 3545 καὶ
496 3492 694 3560 ἕτερον
753 3489 852 3560 τῆς
907 3487 1180 3551 ἀπωλείας
1223 3489 1285 3542 τὸ
1350 3489 1764 3560 σημαινόμενον.

207 3583 415 3651 Ὁμοίως
443 3583 502 3636 δὲ
537 3581 632 3633 καὶ
662 3582 726 3634 ὲκ
747 3580 840 3633 τοῦ
876 3579 1117 3634 ἐναντίου
1138 3580 1238 3650 τὴν
1268 3579 1388 3650 ἴσην
1425 3581 1768 3652 κατασκευὴν

197 3673 383 3741 ιλόγος
417 3675 564 3743 ἔχοι.
595 3673 716 3724 Υἱοὶ
740 3671 850 3742 γὰρ
891 3670 1065 3740 φωτός
1105 3689 1248 3735 τινος
1282 3673 1374 3725 καὶ
1411 3674 1518 3725 υίοὶ
1558 3675 1769 3744 ἡμέρας

197 3763 483 3835 λεγόμενοι,
542 3765 602 3817 ού
639 3763 834 3816 ταύτόν
885 3765 989 3816 εἰσι
1029 3762 1106 3834 τῷ
1155 3765 1292 3832 φωτὶ
1341 3766 1433 3817 καὶ
1473 3767 1540 3835 τῇ
1589 3767 1769 3837 ἡμέρα

198 3859 320 3910 κατά
343 3859 433 3910 τὸν
463 3856 632 3923 λόγον
659 3857 756 3926 τῆς
799 3856 1032 3925 φύσεως,
1061 3856 1155 3909 καὶ
1194 3856 1362 3909 τέκνα
1386 3856 1478 3908 τοῦ
1519 3857 1769 3928 Ἀϐραὰμ

196 3945 238 3993 c‘.
262 3942 679 4010 λίθοιγίνονται,
707 3943 834 3996 ὃταν
854 3943 940 3997 διὰ
968 3946 1066 4014 τῆς
1094 3943 1325 4006 πίστεως
1353 3947 1446 3998 καὶ
1472 3945 1577 3997 τῶν
1593 3946 1768 4016 ἔργων

200 4036 505 4102 συγγένειαν
564 4034 662 4105 τὴν
714 4035 849 4106 πρὸς
888 4035 1050 4088 αὐτὸν
1099 4034 1438 4099 οἰκειώσωσι,
1475 4038 1566 4088 καὶ
1607 4042 1659 4088 οἱ
1690 4037 1769 4102 τῷ

198 4125 476 4194 Ηνεύματι
506 4125 616 4178 τοῦ
647 4125 794 4179 Θεοῦ
827 4127 1123 4195 ἀγόμενοι,
1149 4124 1330 4188 καθώς
1353 4143 1515 4194 φησιν
1548 4128 1575 4178 6
1613 4127 1772 4178 Ἀπόο

200 4218 387 4277 στολος.
447 4216 566 4270 υἱοὶ
584 4213 716 4268 Θεοῦ
735 4212 1004 4282 λέγονται,
1064 4219 1123 4270 ού
1142 4218 1337 4270 ταύτὸν
1365 4220 1514 4282 ὅντες
1542 4218 1620 4290 τῷ
1653 4219 1770 4289 Θεῷ

200 4313 321 4366 κατά
339 4313 434 4383 τὴν
456 4311 627 4380 φύσιν
647 4326 660 4341 ο
687 4310 780 4362 καὶ
802 4309 970 4362 πολλά
991 4311 1212 4364 τοιαῦτα
1235 4312 1382 4384 παρά
1401 4314 1500 4384 τῆς
1524 4312 1771 4366 θεοπνεύ-

203 4419 311 4456 στου
337 4403 571 4475 Γραφῆς
592 4401 738 4454 ἔστιν
763 4399 1142 4466 ἀναλέξασθαι,
1167 4397 1562 4476 δι’ὦνήἀπάτη
1601 4405 1770 4459 καθά-

1868 561 2029 630 quasi
2087 569 2347 631 perpetua
2394 565 2540 617 serie
2585 577 2650 618 ea
2696 577 2819 631 quae
2860 578 2958 632 per
3015 564 3442 634 consequentiae

1867 653 2226 707 inveniuntur
2259 669 2496 724 sequens
2529 673 2541 707 :
2577 655 2755 721 Quare
2777 655 3223 714 consecutionem
3249 671 3444 712 rursus

1865 751 2201 812 repetamus.
2235 744 2686 814 Quandoquidem
2718 746 3053 816 propositam
3087 747 3154 800 ab
3181 748 3298 816 ipso
3325 747 3442 802 dic-

1867 835 2067 889 tionem
2114 837 2333 891 abunde
2369 839 2504 892 satis
2543 853 2666 892 reor
2717 853 2814 907 per
2864 854 2927 893 ea
2968 854 3089 908 quae
3127 840 3271 894 dicta
3312 851 3444 896 sunt

1866 926 2202 980 declaratam
2250 943 2394 991 esse,
2455 944 2564 982 non
2627 929 2806 982 solum
2861 929 3099 994 veritati,
3131 930 3227 984 sed
3275 932 3438 985 etiam

1866 1019 2087 1088 sibiipsi
2121 1035 2244 1074 esse
2275 1021 2626 1074 contrariam.
2665 1019 2720 1074 Si
2752 1021 2918 1085 enim,
2965 1030 3026 1074 ut
3067 1020 3170 1090 ipsi
3227 1022 3440 1086 volunt,

1866 1111 2138 1166 naturalis
2173 1113 2369 1166 relatio
2409 1111 2532 1166 Filii
2564 1113 2928 1182 appellatione
2963 1115 3028 1167 ad
3057 1113 3272 1168 Patrem
3307 1130 3442 1168 con-

1868 1204 2137 1264 stituitur,
2168 1213 2223 1257 et
2251 1207 2317 1258 ad
2363 1220 2486 1259 eum
2515 1207 2606 1272 qui
2639 1206 2829 1275 genuit
2855 1205 3216 1274 genuematis,
3248 1206 3298 1258 id
3355 1218 3440 1262 est

1865 1293 2158 1364 progeniei,
2179 1292 2386 1355 relatio,
2402 1292 3004 1362 sccundumquamdarn
3030 1296 3440 1366 grammaticam

1867 1386 2238 1455 nugationetn,
2266 1385 2653 1454 signiﬁcativas
2690 1385 2886 1439 divinae
2924 1397 3134 1440 natura:
3175 1387 3448 1440 dictiones

1869 1476 2065 1529 horum
2107 1477 2376 1546 sapientia
2428 1476 2493 1529 ad
2545 1476 2771 1545 ﬁguram
2806 1477 3087 1530 nominum
3127 1477 3440 1546 efﬁngente,

1870 1583 1976 1622 non
2019 1568 2255 1638 amplius
2286 1569 2410 1636 quis
2441 1568 2701 1636 ambigat,
2739 1583 2802 1621 ex
2845 1577 3038 1622 natura
3083 1569 3440 1623 constitutam

1868 1660 2152 1713 nominum
2203 1659 2346 1713 inter
2378 1676 2437 1714 se
2478 1661 2819 1724 relationem,
2867 1661 3440 1716 necessitudinemch

1868 1753 2050 1819 potius
2102 1750 2405 1805 identitatis
2454 1753 2975 1806 demonstrationem
3013 1753 3149 1806 ﬁeri.
3203 1753 3305 1808 Sed
3341 1754 3440 1808 ad-

1869 1847 2235 1900 versariorum
2285 1860 2471 1898 VOCCIII
2507 1852 2694 1899 nostra
2727 1859 2834 1897 11011
2866 1853 3035 1897 mutet
3066 1860 3242 1912 neque
3271 1860 3442 1914 repu-

1871 1937 1984 1991 diet
2013 1936 2208 1989 oratio.
2250 1933 2318 1988 Ut
2347 1950 2454 1987 non
2487 1935 2602 1988 sola
2634 1934 3001 1986 imbecillitate
3031 1931 3439 1988 adversantium

1867 2030 2088 2100 pietatis
2129 2030 2324 2098 dOgma
2367 2028 2680 2081 conﬁrmari
2713 2026 2980 2087 videatur,
3021 2027 3116 2080 sed
3164 2026 3218 2079 in
3259 2025 3444 2094 seipso

1869 2120 2109 2174 maxime
2140 2118 2307 2172 robur
2332 2117 2554 2171 habere.
2580 2115 2856 2181 Quantum
2900 2115 3064 2184 igitur
3094 2116 3206 2170 ﬁeri
3241 2125 3441 2185 potest,

1869 2210 2178 2264 robustiore
2223 2208 2526 2277 patrocinio
2553 2222 2582 2258 a
2630 2205 2789 2260 nobis
2823 2206 2958 2275 ipsis
3006 2206 3441 2261 adversariorum

1868 2316 2050 2355 sermo
2109 2302 2485 2366 conlirmetur,
2548 2307 2607 2352 ut
2663 2314 2728 2354 ex
2779 2299 2946 2352 multa
3005 2307 3191 2352 nostra
3247 2297 3442 2352 ﬁducia

1867 2403 2132 2464 quantum
2171 2394 2385 2446 viribus
2416 2407 2738 2461 superemus
2769 2390 3145 2461 dignoscatur,
3177 2404 3239 2444 ea
3277 2391 3441 2444 etiam

1867 2499 1989 2552 qua?
2055 2484 2123 2536 ab
2179 2482 2514 2536 adversariis
2559 2489 2685 2535 sunt
2748 2479 3024 2548 praeterita
3074 2480 3142 2535 ad
3196 2481 3444 2536 veritatis

1866 2582 2113 2630 exactam
2164 2561 2544 2644 probationem
2590 2570 2948 2641 proferentcs.
3005 2570 3154 2625 Dicet
3212 2571 3446 2626 fortasse

1865 2671 1960 2739 qui
2008 2668 2303 2723 contrariis
2351 2668 2548 2720 nititur
2585 2673 2640 2718 et
2690 2664 2974 2718 contendit
3021 2662 3256 2725 fortiter,
3294 2664 3443 2733 quod

1866 2777 1974 2815 non
2025 2761 2247 2812 omnino
2294 2759 2388 2812 ﬁlii
2437 2765 2491 2810 et
2547 2757 2910 2824 gennematis,
2977 2755 3093 2808 sive
3156 2755 3436 2824 progeniei

1867 2850 2179 2922 appellatio,
2224 2850 2369 2918 quod
2407 2847 2708 2903 secundum
2751 2856 3000 2900 naturam
3049 2855 3134 2900 est
3161 2847 3442 2916 propriutn

1865 2951 2260 3012 repraesentat;
2308 2955 2433 2994 nam
2487 2948 2539 2994 et
2587 2939 2640 2992 in
2680 2937 2961 3008 Scriptura
2997 2939 3140 2993 ﬁlius
3191 2937 3287 2992 ira:
3315 2939 3446 3009 quis

1867 3033 2095 3098 dicitur,
2139 3042 2195 3087 et
2227 3032 2552 3103 perditionis
2582 3031 2748 3095 ﬁlius,
2785 3040 2839 3085 et
2878 3045 3142 3099 gennema
3173 3029 3287 3085 sive
3313 3046 3442 3100 pro-

1868 3127 2051 3198 genies
2103 3126 2436 3195 viperarum,
2469 3137 2644 3192 neque
2677 3122 2786 3175 ulla
2817 3129 3028 3175 natura:
3077 3121 3446 3178 communitas

1870 3226 1956 3280 his
1984 3222 2300 3278 nominibus
2331 3220 2492 3274 simul
2515 3219 2795 3274 declarata
2824 3224 2947 3280 est;
2985 3232 3093 3270 non
3129 3215 3274 3270 enim
3301 3216 3441 3272 idem

1869 3327 1954 3372 est
1995 3332 2119 3369 cum
2166 3313 2417 3382 subjecto
2461 3309 2600 3365 Juda
2637 3308 2964 3380 perditionis
3016 3307 3160 3364 ﬁlius
3190 3308 3442 3362 nomina-

1871 3417 1979 3469 tus,
2005 3415 2057 3461 et
2093 3407 2211 3477 ipsa
2241 3403 2546 3461 secundum
2577 3403 2630 3456 id
2667 3401 2810 3472 quod
2837 3400 3160 3469 intelligitur
3187 3399 3439 3468 perditio.

1868 3499 2028 3553 Aliud
2075 3501 2221 3553 enim
2255 3495 2618 3566 signiﬁcatum
2650 3493 2887 3548 hominis
2926 3491 3095 3552 Judag,
3133 3491 3278 3545 aliud
3322 3507 3444 3560 per-

1870 3589 2118 3647 ditionis.
2149 3589 2413 3642 Similiter
2435 3587 2597 3640 etiam
2627 3600 2658 3639 e
2683 3585 2962 3639 contrario
3004 3583 3268 3652 aequalem
3303 3598 3440 3636 con-

1870 3682 2226 3738 structionem
2281 3694 2460 3734 sermo
2509 3678 2707 3732 habere
2748 3675 2941 3745 possit.
2985 3675 3118 3727 Nam
3155 3675 3248 3728 lilii
3305 3675 3445 3730 lucis

1870 3775 2108 3844 alicujus
2159 3782 2212 3827 et
2257 3771 2351 3825 ﬁlii
2408 3770 2514 3824 diei
2557 3769 2648 3837 qui
2697 3768 2976 3826 dicuntur.
3007 3783 3114 3821 non
3146 3767 3285 3820 idem
3317 3778 3448 3822 sunt

1871 3881 1998 3920 cum
2037 3865 2158 3918 luce
2207 3871 2260 3916 et
2299 3862 2406 3922 die,
2450 3859 2748 3914 secundum
2800 3866 3014 3910 natura:
3061 3856 3350 3916 rationem,
3392 3864 3447 3909 et

1874 3959 1970 4013 ﬁlii
2007 3957 2284 4011 Abraham
2321 3953 2527 4023 lapides
2559 3951 2694 4005 ﬁttnt
2727 3965 2851 4004 cum
2879 3965 2976 4018 per
3007 3947 3164 4002 ﬁtletn
3200 3958 3253 4001 et
3278 3963 3443 4015 opera

1871 4049 2257 4117 cognationem
2293 4060 2417 4099 cum
2453 4044 2574 4113 ipso
2607 4042 2711 4095 sibi
2761 4039 3073 4098 asciverint.
3117 4047 3170 4092 et
3203 4055 3294 4107 qut
3319 4038 3444 4108 Spi-

1877 4140 1984 4190 ritu
2018 4138 2119 4193 Dei
2145 4147 2394 4212 aguntur,
2451 4135 2594 4188 sicut
2642 4133 2882 4201 loquitur
2914 4131 3216 4199 Apostoius
3249 4131 3316 4191 ³⁵,
3348 4129 3442 4182 lilii

1872 4231 1968 4286 Dei
2025 4231 2303 4291 dicuntur,
2349 4243 2476 4282 cum
2523 4241 2629 4280 non
2683 4226 2791 4279 sint
2831 4225 2971 4278 idem
3023 4239 3149 4278 cum
3200 4221 3308 4277 Deo
3349 4237 3446 4292 per

1873 4333 2128 4377 naturam
2162 4339 2176 4375 :
2213 4329 2268 4376 et
2297 4320 2464 4374 multa
2493 4316 2835 4385 ejusmodiex
2869 4315 3151 4386 Scriptura
3184 4316 3446 4372 divinitus

1874 4414 2140 4484 inspirata
2201 4413 2328 4465 licet
2383 4411 2658 4480 colligere,
2723 4409 2926 4478 quibus
2983 4408 3132 4462 fraus
3185 4418 3443 4476 tanquam

200 4510 292 4564 περ
353 4495 525 4548 εἰκών
576 4509 660 4556 τις
717 4491 1088 4563 ἐπηνθισμένη
1135 4495 1252 4556 ταῖς
1287 4498 1579 4562 γραφικαῖς
1623 4514 1764 4568 μαρ·

1873 4507 2050 4574 imago
2077 4504 2423 4558 cmoresceus
2444 4517 2507 4556 ex
2539 4499 2822 4572 Scriptura
2857 4499 3181 4555 testimoniis
3202 4500 3446 4554 veritatis

200 4588 395 4655 τυρίαις
418 4587 486 4638 τὸ
516 4584 615 4654 τῆς
647 4583 899 4654 ἀληθείας
927 4582 1142 4635 εἴδωλον
1162 4583 1529 4654 ὑποκρίνεται.

259 4677 320 4729 Τί
365 4674 459 4731 οὖν
511 4677 672 4746 ἡμεῖς
722 4675 858 4744 πρὸς
908 4674 1064 4726 τοῦτό
1114 4691 1326 4743 inausa;
1385 4670 1535 4728 Οἶδεν
1580 4676 1765 4748 ἡθεία

201 4766 373 4840 Γραφὴ
423 4771 549 4823 κατ’
604 4767 926 4838 ἀμφοτέρων
951 4766 1056 4818 τῶν
1096 4767 1312 4818 ἐννοιῶν
1342 4768 1638 4838 κεχρῆσθαι
1669 4770 1763 4823 τοῦ

201 4859 304 4912 υἱοῦ
362 4864 426 4930 τῇ
490 4863 664 4930 φωνῇ.
697 4860 857 4912 Ὥστε
905 4860 1013 4911 τισὶ
1071 4859 1168 4923 μὲν
1202 4861 1264 4911 ἐκ
1295 4859 1526 4927 φύσεως,
1559 4862 1664 4914 τισὶ
1707 4862 1765 4915 δὲ

205 4953 592 5019 επισκευαστὴν
619 4951 710 5003 καὶ
754 4949 1042 5020 ἐπίκτητον
1076 4945 1329 5018 εἶναιτὴν
1355 4953 1556 5020 ταύτην
1599 4971 1766 5024 προσ-

204 5045 435 5112 ηγορίαν.
469 5044 641 5095 Ὅταν
695 5042 793 5112 μὲν
826 5043 933 5112 γὰρ
963 5044 1112 5105 υίοὺς
1160 5043 1460 5112 ἀνθρώπων
1497 5045 1588 5096 καὶ
1617 5046 1765 5108 υἱοὺς

204 5131 322 5204 λέγῃ
366 5134 559 5205 κριῶν,
589 5134 688 5204 τὴν
745 5136 868 5186 κατ’
904 5133 1092 5184 ούσίαν
1116 5133 1210 5185 τοῦ
1241 5134 1592 5203 γεννηθέντος
1630 5137 1766 5207 πρὸς

205 5224 284 5277 τὸν
310 5225 366 5290 ἐξ
384 5221 444 5280 οὗ
464 5226 654 5294 γέγονε
705 5224 886 5293 σχέσιν
917 5225 1300 5294 ἀποσημαίνει.
1332 5226 1500 5278 Ὅταν
1532 5227 1587 5280 δὲ
1618 5230 1766 5291 υἱοὺς

207 5314 534 5387 δυνάμεωςῆ
573 5317 737 5369 τέκνα
795 5315 928 5387 λέγῃ
976 5315 1131 5378 θεοῦ,
1158 5316 1257 5385 τὴν
1290 5319 1351 5368 ὲκ
1397 5319 1765 5388 προαιρέσεως

208 5410 477 5478 γινομένην
536 5407 854 5478 ἀγχιστείαν
915 5408 1232 5481 παρίστησι.
1282 5409 1389 5460 Καὶ
1423 5410 1520 5478 μέν
1557 5427 1637 5464 τοι
1667 5414 1782 5482 καὶ,

210 5501 336 5553 κατά
362 5502 456 5572 τὴν
481 5501 732 5554 ἐναντίαν
765 5501 1023 5566 διάνοιαν,
1057 5501 1108 5552 οἱ
1136 5500 1288 5553 αὐτοὶ
1330 5501 1422 5553 καὶ
1455 5503 1558 5556 υἱοὶ
1617 5504 1763 5558 Ἠλεὶ

213 5590 295 5643 καὶ
323 5592 425 5644 υἱοὶ
447 5591 623 5656 λοιμοὶ
662 5591 1078 5668 ὠνομάσθησαν,
1119 5593 1254 5666 πρὸς
1297 5593 1555 5666 ἑκάτερον
1588 5597 1766 5668 νόημα

281 5769 497 5828 "Rex.
533 5788 652 5841 vut,
689 5772 776 5830 lli.

1870 4595 2221 4650 simulacrum
2269 4593 2548 4646 tuentitur.

1940 4685 2079 4750 Quid
2127 4684 2292 4752 igitur
2339 4697 2440 4736 nos
2500 4681 2566 4734 ad
2615 4679 2718 4733 hoc
2768 4677 3043 4734 dicimus?
3099 4676 3154 4732 In
3213 4686 3446 4746 utroque

1871 4792 2040 4833 sensu
2108 4775 2204 4828 ﬁlii
2262 4790 2394 4828 voce
2444 4773 2519 4826 uti
2573 4771 2723 4826 novit
2761 4771 2941 4824 divina
3001 4771 3316 4838 Scriptura,
3373 4771 3445 4822 ita

1871 4881 1929 4924 ut
1965 4867 2290 4938 quibusdam
2321 4881 2350 4919 a
2391 4873 2605 4926 natura,
2639 4861 2964 4932 quibusdam
2996 4876 3127 4916 vero
3162 4861 3441 4928 adjectitia

1869 4969 1924 5014 et
1975 4959 2271 5013 adventitia
2325 4957 2397 5012 sit
2424 4957 2550 5010 talis
2584 4954 2894 5024 appellatio.
2937 4953 3071 5006 Cum
3119 4953 3264 5004 cnim
3302 4952 3444 5004 ﬁlios

1869 5052 2153 5105 hominum
2193 5049 2326 5102 dicit
2371 5057 2427 5102 et
2477 5047 2615 5102 ﬁlios
2660 5045 2909 5107 arietum,
2968 5044 3280 5096 relationem
3323 5058 3445 5110 qua:

1867 5149 1950 5197 est
1985 5140 2283 5195 secundum
2317 5139 2610 5193 essentiam
2643 5139 2806 5205 geniti
2849 5151 2971 5188 cum
3007 5151 3070 5188 eo
3115 5139 3204 5203 qui
3249 5138 3439 5202 genuit

1867 5234 2161 5303 signiﬁcat.
2220 5232 2356 5284 Cum
2392 5245 2521 5284 vero
2566 5230 2706 5282 ﬁlios
2761 5228 3016 5298 potentiae
3053 5227 3132 5279 vel
3164 5226 3256 5279 Dei
3303 5227 3444 5278 ﬁli-as

1867 5325 2019 5388 dicit,
2051 5323 2508 5393 propinquitatem
2545 5337 2664 5389 qua!
2695 5321 2902 5374 arbitrii
2945 5321 3119 5372 libera
3159 5319 3438 5370 voluntate

1868 5430 1921 5471 et
1943 5417 2207 5471 electione
2231 5414 2307 5478 ﬁt,
2341 5413 2598 5467 ostendit.
2623 5413 2930 5477 Quinetiam
2964 5411 3244 5465 cuntrario
3276 5424 3440 5462 sensu

1873 5509 2034 5562 iidem
2081 5517 2136 5561 et
2195 5507 2286 5559 ﬁlii
2339 5503 2454 5559 lleli
2501 5515 2556 5559 et
2611 5504 2701 5557 ﬁlii
2759 5503 2922 5555 Belial
2967 5501 3235 5556 nominati
3287 5509 3438 5564 sunt,

1873 5600 1942 5654 ad
1986 5607 2274 5669 utramque
2321 5598 2598 5652 notionem
2652 5594 2884 5650 ﬁliorum
2917 5593 3280 5665 appellutionc
3308 5607 3443 5652 con.-
