3922 6488
482 348 584 407 6οἹ

1754 348 1814 404 8.
1837 349 2168 407 GREGORII
2207 353 2498 409 NYSSENI

3605 354 3698 411 608

481 473 744 538 gruenter
787 469 1167 519 conveniente.
1203 460 1359 526 Quod
1390 462 1534 517 enim
1579 462 1673 516 ﬁlii
1722 462 1839 519 Heli
1877 466 2049 519 vocati

2154 469 2251 541 τῆς
2270 468 2377 522 τῶν
2416 468 2549 523 υίῶν
2576 469 2941 540 προσηγορίας
2974 468 3320 541 εύαρμὸστως
3343 468 3583 540 ἐχούσης.
3620 471 3703 544 τῳ

475 564 606 615 sunt
647 556 713 619 ³⁸,
764 554 909 625 quod
964 554 1268 610 secundum
1313 563 1565 608 naturam
1618 566 1905 625 cognatum
1941 568 2047 620 est,

478 663 603 704 cum
646 648 739 701 illo
784 647 987 701 habere
1040 646 1303 709 perhibiti
1357 653 1506 700 sunt.
1563 644 1731 700 Belial
1781 661 1910 701 vero
1956 648 2049 701 ﬁlii

472 739 738 795 nominati
768 739 812 769 ³⁷
839 777 855 803 ,
903 737 971 791 ob
1000 737 1287 791 electionis
1314 736 1427 791 sive
1464 736 1697 790 instituti
1733 738 2049 805 pravitatem

478 832 727 885 accusati
782 836 934 891 sunt,
973 838 1031 882 ut
1062 836 1188 897 pote
1218 836 1427 898 patrem
1459 828 1513 880 in
1547 829 1670 881 vita:
1696 828 1907 881 ratione
1941 844 2047 880 non

478 924 821 984 aemulante-5,
868 921 960 974 sed
1013 928 1239 989 peccato
1282 934 1442 973 suum
1494 918 1784 972 consilium
1830 928 1881 972 et
1930 919 2054 972 vitae

472 1015 785 1069 institutum
826 1013 1186 1081 applicantes.
1251 1010 1308 1063 ln
1368 1020 1561 1063 natura
1616 1010 1785 1080 igitur
1844 1009 2052 1073 inﬁma,

474 1116 639 1175 atque
676 1105 730 1157 in
772 1104 858 1158 his
900 1103 1063 1157 rebus
1098 1102 1326 1163 nostris,
1378 1104 1504 1170 quia
1561 1101 1706 1171 quod
1756 1104 2053 1155 humanum

474 1204 557 1251 est
602 1196 763 1250 habet
801 1194 867 1248 ad
918 1204 1231 1262 utrumque,
1280 1191 1348 1245 ad
1391 1193 1585 1246 vitium
1637 1193 1762 1247 dico
1797 1204 1851 1248 et
1881 1197 2055 1246 virtu-

476 1299 608 1353 tem,
662 1288 923 1356 :rqualem
990 1286 1432 1355 propensionem,
1486 1286 1545 1339 in
1597 1286 1757 1340 nobis
1813 1294 1919 1347 est,
1970 1284 2055 1338 vel

474 1380 657 1434 noctis
705 1379 789 1432 vel
840 1378 946 1431 diei
996 1378 1141 1432 ﬁlios
1199 1378 1338 1441 ﬁeri,
1397 1387 1651 1432 manente
1697 1379 2054 1433 nihilominus

475 1473 771 1529 secundum
805 1471 857 1525 id
886 1472 1029 1540 quod
1067 1472 1401 1540 praecipuum
1452 1481 1536 1527 est
1578 1472 1631 1525 in
1679 1473 1912 1541 prepriis
1946 1483 2055 1527 ter-

478 1566 644 1618 minis
679 1575 891 1617 natura.
930 1562 1117 1633 Neque
1159 1563 1303 1617 enim
1336 1563 1427 1618 ille
1470 1562 1564 1633 qui
1607 1574 1829 1633 propter
1859 1565 2053 1617 vitium

478 1655 575 1709 ira:
627 1654 773 1709 ﬁlius
822 1655 1001 1709 factus
1029 1664 1134 1719 est,
1168 1654 1235 1708 ab
1269 1654 1506 1708 humana
1535 1655 1889 1724 generatione
1921 1656 2054 1709 alie-

474 1753 639 1799 natus
690 1753 795 1809 est,
847 1760 1024 1815 neque
1068 1745 1114 1798 is
1165 1744 1257 1813 qui
1299 1758 1397 1812 per
1447 1745 1768 1798 electionem
1811 1745 2047 1813 seipsum

476 1839 622 1893 bono
650 1837 973 1891 familiarem
1026 1836 1298 1905 adjunxit,
1342 1851 1439 1904 per
1468 1836 1832 1890 urbanitatem
1862 1844 1916 1890 et
1943 1837 2045 1891 bo-

474 1935 685 1981 nestam
731 1941 944 1978 morum
969 1924 1461 1978 conformationem
1492 1939 1558 1977 ex
1594 1923 1911 1977 hominibus
1941 1938 2046 1978 na-

472 2028 564 2073 tus
596 2034 719 2072 esse
742 2018 851 2071 diei
883 2017 1082 2082 desiit;
1114 2016 1210 2071 sed
1237 2025 1432 2070 natura
1466 2016 1522 2069 in
1550 2019 1802 2085 utrisque
1834 2024 2037 2082 stante,

475 2106 776 2161 secundum
826 2100 1123 2158 electiones
1165 2112 1219 2158 et
1271 2106 1396 2157 vitze
1455 2103 1710 2157 instituta
1741 2102 2048 2156 diﬁ'erentia

476 2198 697 2250 nomina
728 2195 1155 2265 propinquitatis
1187 2195 1302 2249 sive
1328 2194 1751 2249 necessitudinis
1782 2193 2049 2259 induunt;

473 2285 560 2339 vel
610 2295 669 2337 ut
728 2285 822 2338 Dei
871 2285 963 2336 lilii
1028 2299 1123 2352 per
1173 2283 1451 2347 virtutem,
1503 2283 1586 2337 vel
1633 2282 1893 2337 contrarii
1954 2296 2049 2351 per

474 2378 666 2431 vitium
718 2377 873 2433 ﬁant.

546 2469 603 2522 In
632 2468 835 2524 divinis
866 2476 1047 2523 autem
1081 2466 1425 2520 documentis
1458 2463 1554 2532 qui
1590 2461 1895 2515 naturalem
1928 2476 2048 2515 ser-

475 2570 567 2617 vat
604 2561 851 2615 ordinem
891 2558 1194 2613 Eunomius
1230 2556 1447 2629 (ipsius
1489 2554 1633 2609 enim
1675 2553 1856 2608 verbis
1909 2553 2050 2607 scri-

474 2655 648 2724 ptoris
667 2650 831 2718 utar),
855 2661 907 2705 et
936 2650 1191 2720 superius
1223 2649 1375 2702 lectis
1408 2648 1693 2709 insistens,
1725 2654 1779 2699 et
1801 2660 1924 2700 eum
1956 2645 2050 2715 qui

475 2743 694 2813 genitus
738 2750 823 2795 est
859 2755 1126 2811 gennema
1176 2739 1291 2792 sive
1340 2736 1657 2808 progeniem
1707 2736 1892 2790 dicere
1941 2750 2051 2789 non

475 2848 767 2889 recusans:
794 2851 933 2897 cum,
959 2833 1159 2902 inquit,
1197 2832 1315 2901 ipsa
1351 2831 1538 2899 genitae
1567 2830 1834 2892 essentiw,
1871 2838 1920 2881 et
1948 2827 2050 2896 ﬁlii

474 2926 764 2995 appeit'atio
799 2926 956 2979 talem
987 2924 1261 2978 nominum
1301 2923 1611 2975 relationem
1639 2921 1741 2974 sibi
1773 2921 2001 2973 asciscat
2031 2935 2049 2973 :

477 3035 595 3089 quo
619 3016 782 3072 modo
809 3016 952 3087 quod
978 3015 1220 3087 genitum
1261 3025 1346 3069 est
1384 3028 1413 3067 a
1443 3021 1735 3084 generante
1764 3012 1965 3067 alienat
1997 3018 2055 3065 et

2154 566 2249 635 μὲν
2282 565 2391 635 γὰρ
2420 565 2525 616 uio‘t
2549 563 2639 616 τοῦ
2668 562 2816 615 Ἠλεὶ
2843 562 3125 631 κληθῆναι,
3152 561 3211 614 τὸ
3239 560 3377 614 κατὰ
3406 561 3561 630 φύσιν
3587 580 3703 632 συγ-

2151 656 2304 726 γενὲς
2340 655 2475 725 πρὸς
2502 657 2708 708 ἐκεῖνον
2746 653 2889 724 ἔχειν
2936 652 3413 725 ἐμαρτυρήθησαν.
3446 653 3629 723 Λοιμοὶ
3653 655 3704 709 δὲ

2153 748 2259 800 υἱοὶ
2299 746 2811 817 κατονομασθέντες,
2852 746 2944 798 ἐπὶ
2983 749 3049 816 τῇ
3086 746 3183 815 τῆς
3218 744 3587 815 προαιρέσεως
3620 762 3704 815 μο-

2152 838 2349 910 χθηρία
2371 840 2841 909 κατηγορήθησαν,
2862 839 2935 900 ὡς
2954 838 3071 907 οὐχὶ
3089 837 3175 889 τὸν
3198 836 3407 906 πατέρα
3437 836 3705 906 ζηλοῦντες

2151 932 2229 1003 τῷ
2265 933 2381 1001 βίῳ,
2412 931 2544 983 ἀλλά
2586 934 2651 1000 τῇ
2699 930 2865 1001 κακίᾳ
2893 929 2988 1000 τὴν
3050 928 3359 999 προαίρεσιν
3410 928 3611 980 ἑαυτῶν
3639 931 3706 981 ol-

2154 1022 2493 1085 κειώσαντες.
2544 1021 2665 1075 Ἐπὶ
2704 1021 2800 1089 μὲν
2823 1016 2913 1072 οὖν
2941 1020 3037 1088 τῆς
3062 1020 3210 1071 κάτω
3232 1018 3465 1086 φύσεως,
3499 1020 3586 1070 καὶ
3611 1019 3709 1071 τῶν

2154 1110 2276 1162 καθ’
2301 1113 2447 1180 ἡμᾶς
2476 1110 2833 1180 πραγμάτων,
2862 1110 2947 1163 διὰ
2970 1109 3029 1162 τὸ
3058 1109 3191 1179 πρὸς
3214 1110 3473 1178 ἑκάτερον
3500 1111 3680 1178 ὲπιρῤο
3702 1146 3705 1149 ›

2156 1201 2271 1264 πῶς
2306 1202 2367 1254 τὸ
2390 1202 2724 1272 ἀνθρώπινον
2745 1201 2906 1271 ἔχειν,
2938 1200 3073 1270 πρὸς
3098 1200 3293 1253 κακίαν
3310 1200 3459 1267 λέγω
3483 1202 3575 1252 καὶ
3594 1201 3711 1269 ἀρε-

2154 1295 2268 1366 τὴν,
2305 1294 2390 1364 ἐφ’
2419 1298 2550 1364 ἡμῖν
2578 1296 2744 1359 ἐστιν,
2792 1295 2824 1365 ἢ
2852 1295 3043 1356 νυκτὸς
3073 1294 3105 1363 ἦ
3140 1292 3350 1362 ἡμέρας
3388 1292 3536 1353 υἱοὺς
3570 1290 3707 1358 γενέ-

2156 1388 2298 1449 σθαι,
2339 1387 2602 1459 μενούσης
2638 1388 2777 1440 κατὰ
2805 1387 2865 1439 τὸ
2902 1385 3307 1457 προηγούμενον
3344 1386 3401 1436 ὲν
3438 1385 3549 1444 τοῖς
3574 1383 3709 1445 ίδίοις

2154 1479 2300 1548 ὅροις
2330 1478 2427 1547 τῆς
2449 1477 2680 1546 φύσεως.
2710 1474 2844 1531 Οὔτε
2892 1477 3001 1547 γὰρ
3036 1478 3064 1528 6
3099 1476 3185 1529 διὰ
3207 1477 3407 1528 κακίαν
3442 1473 3608 1543 ὀργῆς
3632 1474 3709 1525 τέ-

2155 1586 2278 1622 κνον
2305 1569 2593 1639 γενόμενος
2642 1569 2740 1639 τῆς
2782 1566 3124 1637 ἀνθρωπίνης
3168 1564 3503 1637 ἡλλοτριώθη
3533 1566 3710 1635 γεννή·

2157 1678 2313 1723 σεως,
2345 1660 2467 1714 οὗτε
2516 1663 2545 1713 ὁ
2578 1659 2655 1729 τῷ
2683 1658 2869 1729 ἁγαθῷ
2908 1659 2997 1711 διὰ
3032 1658 3403 1729 προαιρέσεως
3431 1656 3614 1710 ἑαυτὸν
3640 1658 3708 1708 ol-

2155 1752 2409 1815 κειώσας,
2435 1752 2497 1805 τὸ
2525 1753 2582 1818 ἐξ
2610 1752 2908 1823 ἀνθρώπων
2933 1751 3095 1821 φῦναι
3133 1751 3222 1805 διὰ
3246 1751 3349 1820 τῆς
3382 1750 3709 1819 ἁστειότητος

2152 1846 2259 1898 τῶν
2285 1846 2731 1917 ἐπιτηδευμάτων
2768 1845 3024 1898 ἀπώσατο
3048 1862 3063 1877 ’
3104 1843 3238 1897 ἀλλὰ
3266 1845 3368 1914 τῆς
3400 1842 3606 1912 φύσεως
3630 1840 3711 1910 ἐφ’

2149 1937 2426 2008 ἑκατέρων
2463 1936 2726 2006 ἑστώσης,
2757 1938 2813 1991 αἱ
2861 1937 3001 1991 κατὰ
3032 1936 3130 2000 τὰς
3162 1936 3510 2007 προαιρέσεις
3535 1934 3704 2002 διαφο-

2152 2031 2242 2101 ραὶ
2264 2030 2333 2082 τά
2362 2030 2601 2099 ὀνόματα
2631 2030 2729 2099 τῆς
2758 2030 3086 2097 οἰκειότητος
3131 2027 3453 2080 ὑποδύονται
3472 2043 3485 2055 ο
3514 2026 3545 2096 ἦ
3583 2023 3705 2077 Θεοῦ

2148 2123 2313 2175 τέκνα
2337 2122 2402 2179 δι’
2424 2121 2643 2192 ἀρετῆς,
2671 2122 2709 2190 ἦ
2730 2120 2822 2174 τοῦ
2848 2120 3226 2191 ἀντικειμένου.
3242 2119 3333 2172 διά
3364 2118 3556 2181 κακίας
3577 2117 3705 2186 γινόι-

2153 2231 2323 2267 μενοι.

2233 2484 2356 2536 Ἐπὶ
2397 2482 2453 2535 δέ
2500 2499 2562 2549 γε
2608 2481 2713 2533 τῶν
2760 2480 2917 2533 θείων
2958 2480 3239 2548 δογμάτων
3284 2482 3313 2532 6
3359 2479 3455 2550 τὴν
3489 2479 3714 2547 φυσικὴνι

2149 2574 2428 2639 διασώςων
2464 2573 2616 2639 τάξιν
2650 2573 2908 2641 Εύνόμιος
2928 2588 2940 2602 ·
2983 2573 3163 2632 αὐτοῖς
3192 2572 3301 2639 γὰρ
3331 2575 3597 2641 χρήσομαι
3618 2567 3705 2622 τοῦ

2150 2667 2488 2737 λογογράφου
2517 2668 2629 2729 τοῖς
2661 2666 2864 2734 ῥήμασι
2888 2681 2901 2693 ⁸
2946 2664 3038 2716 καὶ
3076 2666 3187 2726 τοῖς
3212 2663 3417 2715 ἄνωθεν
3445 2661 3701 2731 ἐγνωσμέ-

2150 2775 2259 2821 νοις
2313 2757 2597 2827 ὲμμένων,
2648 2757 2742 2809 καὶ
2790 2755 3043 2825 γεννητὸν
3088 2755 3213 2807 ὄντα
3254 2755 3501 2824 γέννημα
3541 2752 3705 2821 λέγειν

2150 2850 2210 2904 ού
2249 2849 2675 2921 παραιτούμενος
2706 2865 2720 2880 ο
2792 2851 2903 2919 τῆς
2943 2848 3337 2916 τεννηθείσης
3376 2844 3581 2913 αὐτῆς,
3634 2842 3705 2907 ὥς

2151 2961 2334 3013 φησιν,
2358 2944 2609 3007 οὐσίας,
2665 2941 2761 2994 καὶ
2823 2939 2934 3006 τῆς
2974 2937 3081 2993 τοῦ
3145 2937 3275 2992 υἱοῦ
3320 2938 3703 3007 προσηγορίας

2151 3033 2267 3102 τὴν
2300 3033 2579 3099 τοιαύτην
2615 3033 2735 3084 τῶν
2778 3028 3083 3098 ὀνομάτων
3133 3027 3536 3097 οἰκειουμένης
3576 3025 3701 3094 σχέ-

473 3109 742 3180 disjungit
777 3109 846 3165 ab
880 3125 945 3163 ea
980 3124 1100 3179 quae
1133 3106 1439 3163 secundum
1489 3105 1789 3162 essentiam
1831 3113 1916 3161 est
1956 3120 2049 3159 ne-

2153 3140 2286 3178 σιν’
2326 3123 2442 3186 πῶς
2474 3123 2739 3192 ἁλλοτριοῖ
2760 3121 2858 3190 τῆς
2895 3120 3015 3173 κατ’
3062 3120 3248 3172 ούσίαν
3291 3119 3613 3188 οἰκειότητος
3648 3116 3703 3169 τὸ

474 3201 845 3257 cessitudine?
888 3200 1023 3254 Nam
1074 3199 1142 3254 de
1193 3200 1280 3255 his
1331 3200 1425 3268 qui
1460 3206 1682 3270 propter
1707 3198 1936 3253 crimina
1967 3196 2051 3250 di-

474 3302 675 3347 cuntur
705 3293 801 3345 lilii
832 3292 912 3346 vel
947 3301 1270 3361 gennemata
1306 3291 1419 3346 sive
1446 3292 1713 3361 germina,
1744 3290 1825 3345 vel
1859 3304 2052 3344 rursus

474 3385 543 3438 de
574 3399 641 3439 eo
679 3398 839 3452 quem
900 3383 1020 3435 laus
1074 3383 1145 3435 oh
1181 3381 1313 3434 talia
1353 3382 1585 3435 nomina.
1625 3381 2048 3444 concomitatur,

476 3489 586 3527 nou
623 3473 749 3526 licet
774 3470 979 3534 dicere,
1007 3474 1149 3540 quod
1179 3470 1306 3539 quis
1333 3485 1460 3524 vere
1493 3471 1562 3523 ab
1593 3470 1673 3522 ira
1708 3470 1923 3540 genitus
1959 3470 2052 3524 ira:

476 3566 623 3620 ﬁlius
672 3563 996 3632 appelletur.
1041 3560 1229 3631 Neque
1282 3577 1475 3617 rursus
1500 3561 1643 3617 diem
1690 3562 1813 3632 quis
1864 3562 2051 3616 habuit

475 3655 839 3724 corporaliter
874 3668 1030 3707 suam
1064 3661 1317 3716 matrem,
1358 3653 1432 3705 ita
1473 3661 1530 3704 ut
1556 3652 1674 3721 ejus
1715 3651 1858 3705 ﬁlius
1889 3651 2051 3705 fuerit

480 3746 837 3810 nominatus,
889 3744 985 3797 sed
1043 3742 1352 3796 delectuum
1421 3741 1725 3797 differentia
1780 3743 2051 3812 ejusmodi

479 3841 622 3910 parit
652 3838 984 3907 cognitionis
1018 3837 1260 3890 nomina.
1294 3836 1396 3889 Hic
1441 3835 1573 3889 dicit
1607 3834 1906 3890 Eunomius
1932 3843 2059 3898 ,ιε’ξ-

477 3933 602 3984 lium
648 3948 765 3984 cum
800 3932 870 3983 sit
920 3931 1122 3999 genitus
1147 3968 1160 3992 ,
1207 3944 1458 3998 gennema
1482 3966 1496 3990 ,
1521 3926 1571 3981 id
1592 3935 1693 3989 est,
1720 3925 2050 3995 progeniem,

476 4023 647 4076 dicere
678 4038 780 4075 non
814 4037 1138 4083 recusamus,
1161 4022 1430 4089 quoniam,
1458 4020 1650 4087 inquit,
1677 4021 1849 4088 genita
1871 4035 2048 4071 essen-

479 4116 553 4168 tia
594 4124 644 4168 et
690 4114 791 4182 ﬁlii
834 4112 1119 4182 appellatio
1174 4111 1335 4165 talem
1389 4112 1663 4163 nominum
1720 4109 2049 4178 affectionem

476 4207 584 4260 sive
616 4205 924 4258 relationem
954 4206 1053 4257 sibi
1080 4204 1342 4257 conciliet.
1397 4201 1452 4256 Si
1494 4202 1679 4271 igitur,
1713 4202 1837 4270 quia
1902 4198 2043 4254 ﬁlius

479 4298 551 4354 sit
586 4313 711 4352 vere
753 4296 1363 4369 genncma(progenies)
1422 4294 1714 4349 conﬁtetur
1742 4295 1903 4350 talem
1945 4309 2049 4348 no-

478 4389 687 4441 minum
731 4387 834 4440 sibi
868 4386 1141 4440 asciscere
1176 4386 1539 4452 relationem;
1573 4397 1850 4456 quomodo
1886 4386 2050 4441 habet

2151 3214 2405 3286 γεννηθὲν
2431 3214 2523 3268 τοῦ
2549 3213 2934 3283 γεννήσαντος;
2983 3211 3072 3263 ἐπὶ
3105 3210 3201 3279 μὲν
3229 3209 3340 3281 γὰρ
3363 3210 3469 3263 τῶν
3494 3211 3581 3265 ἐπὶ
3603 3209 3700 3261 δια-

2152 3307 2277 3377 ϐολῇ
2312 3305 2615 3375 λεγομένων
2663 3302 2794 3355 υἱῶν
2830 3301 2863 3371 ἢ
2892 3302 3266 3371 γεννημάτων,
3300 3301 3336 3372 ἤ
3374 3301 3531 3355 πάλιν
3558 3299 3635 3367 ἐφ’
3660 3292 3700 3365 ᾧ

2152 3392 2365 3456 ἔπαινός
2395 3410 2477 3456 τις
2507 3393 2849 3462 παρομαρτεῖ
2873 3393 2987 3452 τοῖς
3012 3389 3270 3450 τοιούτοις
3313 3390 3583 3460 ὀνόμασιν,
3613 3388 3697 3439 οὐκ

2150 3487 2294 3538 ἔστιν
2325 3485 2496 3537 εἰπεῖν
2527 3484 2607 3535 ὅτι
2636 3481 2851 3551 άληθῶς
2892 3498 2980 3544 τις
3019 3480 3170 3551 παρὰ
3206 3480 3306 3550 τῆς
3337 3481 3501 3551 ὀργῆς
3528 3495 3697 3547 γεννη-

2152 3577 2282 3638 θεὶς,
2331 3577 2517 3628 τέκνον
2558 3572 2728 3643 ὀργῆς
2774 3572 3237 3644 προσηγόρευται·
3297 3573 3406 3625 οὐδ’
3450 3567 3514 3624 αὖ
3557 3569 3696 3623 πάλιν

2150 3667 2362 3738 ἡμέραν
2406 3684 2489 3729 τις
2535 3664 2857 3735 σωματικῶς
2898 3663 3054 3733 ἔσχεν
3082 3662 3274 3717 ἑαυτοῦ
3322 3664 3544 3734 μητέρα,
3573 3660 3697 3713 ὥστε

2151 3759 2263 3821 υἱὸς
2288 3758 2486 3829 ταύτης
2517 3755 2881 3827 ὀνομασθῆναι
2916 3772 2929 3785 '
2981 3754 3094 3807 ἀλλ’
3137 3754 3171 3824 ἡ
3208 3755 3317 3807 τῶν
3353 3753 3697 3825 προαιρέσεων

2149 3850 2379 3920 διαφορὰ
2405 3852 2635 3904 ποιεῖται
2673 3848 2743 3901 τὰ
2766 3847 2865 3915 τῆς
2888 3846 3141 3917 τοιαύτης
3175 3847 3491 3914 συγγενείας
3522 3844 3699 3912 ὀνόμα-

2148 3958 2236 3993 τα.
2282 3938 2546 3993 Ἐνταῦθα
2591 3939 2647 3991 δέ
2690 3955 2851 4007 φησιν
2880 3938 2908 3989 ὁ
2949 3937 3207 4008 Εύνόμιος
3234 3952 3249 3965 ο
3288 3938 3372 3990 ὃτι
3416 3932 3699 3999 Γεννητὸν

2151 4033 2294 4083 ὄντα
2330 4030 2437 4084 τὸν
2456 4031 2590 4083 υἱὸν
2613 4029 2873 4099 γέννημα
2909 4028 3110 4097 λέγειν
3137 4028 3209 4080 οὐ
3242 4026 3659 4096 παραιτούμεθα
3677 4035 3691 4050 ⁸

2148 4121 2259 4190 τῆς
2306 4123 2730 4192 γεννηθείσης,
2797 4119 2998 4190 φησιν,
3047 4120 3260 4184 οὐσίας
3311 4119 3411 4172 καὶ
3461 4114 3560 4182 τῆς
3604 4111 3701 4166 τοῦ

2150 4216 2285 4270 υἱοῦ
2322 4215 2727 4284 προσηγορίας
2776 4214 2889 4281 τὴν
2926 4214 3207 4276 τοιαύτην
3250 4210 3372 4278 Τῶν
3418 4207 3692 4278 ὀνομάτων

2150 4308 2374 4376 σχέσιν
2418 4307 2847 4375 οἰκειουμένης.
2899 4307 2959 4358 Εἰ
3005 4302 3097 4359 οὖν
3130 4305 3217 4357 διὰ
3249 4305 3310 4356 τὸ
3348 4302 3551 4373 άληθῶς
3586 4297 3692 4366 γέν-

2151 4418 2299 4470 νημα
2332 4396 2469 4453 εἶναι
2500 4400 2590 4451 τὸν
2624 4398 2737 4451 υἱὸν
2780 4396 3028 4467 ὁμολογεί
3064 4396 3162 4465 τὴν
3190 4395 3443 4463 τοιαύτην
3471 4392 3571 4445 τῶν
3594 4392 3691 4442 ὀνο.

478 4479 825 4532 occasionem
846 4479 1011 4532 talem
1034 4478 1316 4531 numinum
1335 4492 1556 4531 causam
1577 4479 2045 4545 accommodandi,

2156 4492 2339 4561 μάτων
2364 4486 2691 4543 οἰκειοῦσθαι
2719 4485 2922 4555 σχέσιν,
2958 4485 3072 4547 πῶς
3102 4484 3211 4555 ἔχει
3256 4483 3449 4554 καιρὸν
3473 4476 3689 4549 ἐφαρμό-

476 4578 530 4622 ιι
556 4568 639 4622 bis
671 4583 791 4633 qua:
815 4583 909 4637 per
941 4568 1349 4622 translationem
1380 4576 1435 4622 et
1483 4568 1712 4622 abusum
1761 4570 2043 4633 dicuntur,

476 4667 531 4714 et
565 4659 649 4714 his
682 4660 880 4729 quibus
908 4660 1171 4713 naturalis
1202 4658 1439 4723 aﬁ‘ectio,
1482 4659 1596 4714 sive
1626 4661 1852 4727 relatio,
1905 4662 2048 4716 sicut

478 4752 555 4804 ait
586 4751 908 4813 Eunomins,
934 4752 1100 4805 talem
1133 4751 1387 4805 conciliat
1417 4754 1911 4821 nuncupationem?
1933 4753 2046 4809 Hoc

479 4844 644 4913 igitur
672 4857 861 4898 verum
889 4850 975 4896 est
1010 4842 1063 4895 in
1105 4843 1173 4896 iis
1197 4843 1335 4897 solis
1361 4844 1563 4912 quibus
1592 4854 1676 4899 est
1710 4846 1935 4902 conﬁnis
1979 4847 2048 4901 ad

477 4936 728 4989 virtutem
774 4946 829 4988 et
883 4934 1075 4987 vitium
1128 4942 1323 4987 natura
1355 4975 1370 4998 ,
1419 4934 1472 4989 in
1522 4936 1720 5005 quibus
1752 4952 1893 5007 stepe
1922 4939 2045 5008 quis

478 5027 754 5081 contraria
791 5025 1026 5082 assumit
1062 5025 1307 5087 nomina,
1332 5028 1674 5097 modolucis,
1710 5030 1872 5084 modo
1915 5046 2044 5086 vero

481 5119 851 5179 tenebrarum,
896 5117 1071 5171 factus
1112 5117 1275 5181 ﬁlius,
1302 5125 1524 5186 propter
1554 5134 1672 5172 eam
1695 5135 1857 5189 quam
1883 5120 2047 5175 habet

477 5224 603 5261 cum
645 5208 874 5263 honesto
900 5210 986 5263 vel
1018 5210 1299 5264 contrario
1328 5208 1639 5264 aﬂinitatem
1672 5218 1725 5266 et
1761 5214 2045 5283 cognatio-

476 5316 625 5354 nem.
663 5300 766 5355 Uhi
790 5316 919 5354 vero
953 5303 1315 5356 contrarietas
1350 5302 1527 5355 locum
1568 5318 1678 5357 non
1709 5304 1890 5368 habet,
1924 5307 2047 5359 nul-

478 5392 563 5447 lus
616 5392 848 5461 amplius
900 5392 993 5446 ﬁlii
1044 5408 1232 5447 vocem
1286 5408 1350 5448 ex
1384 5395 1743 5452 translatione
1781 5398 2047 5452 celebrari

478 5486 645 5545 dicat,
669 5483 1046 5544 instareorum
1072 5489 1167 5558 qui
1196 5504 1265 5543 ex
1298 5488 1553 5545 instituto
1585 5499 1639 5547 et
1662 5494 1875 5550 delectu
1906 5495 2046 5550 hanc

475 5576 581 5632 sibi
613 5578 1027 5647 appellationem
1061 5580 1377 5635 conciliant.
1416 5582 1536 5638 Non
1569 5585 1716 5640 enim
1742 5587 1931 5645 eadem
1958 5596 2044 5646 est

553 5748 601 5784 ⁸⁸
638 5751 654 5805 Ι
689 5750 822 5824 Reg.
860 5769 918 5819 tt,
950 5754 1037 5811 ‘22.
1120 5757 1158 5790 "
1192 5757 1212 5811 l
1240 5756 1365 5829 Reg.
1393 5776 1430 5826 ι,
1463 5759 1547 5813 l6.

2154 4582 2265 4646 ζειν
2291 4582 2389 4649 τὴν
2412 4579 2665 4648 τοιαύτην
2697 4578 2804 4630 τῶν
2831 4578 3113 4646 ὀνομάτων
3144 4575 3321 4629 αἰτίαν
3350 4576 3457 4637 τοῖς
3485 4588 3540 4625 τε
3566 4565 3688 4620 κατὰ

2157 4672 2488 4744 μεταφορὰν,
2528 4673 2591 4723 ὲκ
2636 4670 3025 4740 καταχρήσεως
3070 4668 3399 4737 λεγομένοις,
3430 4664 3518 4718 καὶ
3559 4655 3683 4725 οῗςὴ

2154 4764 2354 4834 φυσικὴ
2399 4762 2599 4833 σχέσις,
2635 4760 2814 4824 καθώς
2843 4778 3005 4829 φησιν
3029 4762 3058 4812 6
3094 4760 3372 4829 Εύνόμιος,
3408 4756 3500 4826 τὴν
3524 4748 3686 4805 τοιαύ-

2152 4874 2250 4926 την
2281 4853 2573 4908 οἰκειοῦται
2604 4853 2820 4924 κλῆσιν;
2867 4852 3075 4906 Οὐκοῦν
3102 4853 3193 4905 ἐπὶ
3225 4852 3399 4921 μόνων
3430 4844 3609 4916 ἀληθὲς
3635 4839 3687 4892 τδ

2146 4946 2383 5000 τοιοῦτόν
2418 4947 2583 5011 ἐστιν,
2614 4940 2695 5007 οἷς
2726 4945 3146 5015 μεθόριοςπρδς
3180 4944 3379 5014 ἀρετήν
3402 4958 3459 4993 τε
3490 4938 3573 4992 καὶ
3599 4950 3683 4987 κα-

2148 5039 2270 5091 κίαν
2304 5040 2336 5108 ἡ
2363 5038 2523 5105 φύσις
2545 5055 2561 5070 ο
2609 5038 2692 5105 ἐφ’
2721 5030 2795 5089 ὧν
2820 5036 3075 5098 πολλάκις
3099 5034 3167 5088 τὰ
3193 5034 3407 5087 ἐναντία
3432 5048 3511 5092 τις
3542 5042 3683 5097 μετα-

2148 5126 2411 5197 λαμϐάνει
2455 5126 2565 5180 τῶν
2606 5126 2904 5197 ὀνομάτων,
2946 5124 3040 5179 νῦν
3088 5124 3187 5196 μὲν
3231 5126 3422 5193 φωτὸς,
3461 5120 3607 5174 πάλιν
3634 5113 3687 5165 δὲ

2152 5220 2392 5286 σκότους,
2438 5218 2526 5273 διὰ
2566 5220 2663 5288 τῆς
2695 5219 2830 5289 πρὸς
2858 5219 2918 5271 τὸ
2959 5218 3119 5271 καλὸν
3161 5218 3194 5288 ἢ
3228 5218 3362 5290 πρὸς
3388 5215 3445 5268 τὸ
3473 5206 3681 5264 ἐναντίον

2149 5310 2492 5373 οἱκειώσεως,
2520 5311 3033 5379 τέκνονιγινόμενος.
3079 5310 3252 5364 Ὅπου
3290 5309 3345 5361 δὲ
3374 5308 3429 5360 τὸ
3473 5297 3679 5357 ἐναντίον

2150 5402 2331 5477 χώραν
2356 5402 2455 5454 οὐκ
2482 5401 2613 5471 ἔχει,
2641 5402 2815 5455 οὐκέτ’
2848 5402 2912 5455 ἄν
2941 5419 3023 5464 τις
3051 5401 3144 5454 τοῦ
3178 5400 3291 5453 υἱοῦ
3318 5399 3410 5469 τὴν
3439 5390 3600 5463 φωνὴν
3624 5389 3677 5438 ἐκ

2156 5496 2465 5566 μεταφορᾶς
2497 5493 2921 5564 ἐπιφημίζεσθαι
2952 5493 3120 5562 λέγοι,
3149 5493 3269 5546 καθ’
3294 5489 3564 5561 ὁμοιότητα
3585 5476 3678 5532 τῶν

2150 5587 2237 5642 διά
2263 5587 2630 5659 προαιρέσεως
2655 5586 3035 5657 οξκειουμένων
3056 5585 3151 5656 τὴν
3182 5584 3388 5654 κλῆσιν.
3413 5577 3481 5633 Οὐ
3505 5573 3600 5644 γὰρ
3621 5566 3675 5621 ἂν
