3922 6486
278 389 383 449 θθθ

1404 394 1682 451 CONTRA
1713 394 2102 461 EUNOMIUM,
2141 397 2269 455 LIB.
2306 398 2391 454 lll.

3408 404 3510 463 6l0

279 508 358 568 είς
388 503 580 558 τοῦτον
605 505 749 559 ἔλθοι
782 508 870 559 τὸν
900 508 1075 575 λόγον,
1102 507 1182 561 ὅτι
1205 509 1392 581 ὥσπερ
1423 510 1705 582 ἄνθρωπος
1725 513 1838 567 ἀπο

1956 515 2115 576 ratio,
2155 516 2299 584 quod
2343 514 2798 585 quemadmodum
2851 517 3008 571 homo
3039 518 3130 587 qui
3166 518 3507 575 tenebrarum

275 596 498 665 θέμενος
544 596 614 649 τά
663 596 799 669 ἔργα
839 598 933 651 τοῦ
981 598 1225 663 σκότους,
1271 600 1358 653 διά
1388 601 1486 671 τῆς
1520 603 1849 673 εὐσχήμονος

274 685 421 755 ζωῆς
468 689 651 757 φωτὸς
681 689 888 757 γίνεται
920 691 1108 744 τέκνον
1133 708 1148 723 ’
1195 691 1336 745 οὕτω
1368 694 1459 746 καὶ
1496 696 1523 747 ὁ
1559 695 1849 764 μονογενὴς

270 777 425 840 Θεὸς,
456 780 523 831 ἐκ
555 780 857 851 μεταϐολῆς
883 781 949 834 ὲκ
982 782 1075 835 τοῦ
1109 784 1345 854 χείρονος
1384 786 1764 855 ἀντιλαμϐάνει
1789 785 1849 838 τὸ

271 872 690 942 προτιμότερον.
739 873 1055 944 Ἀνθρωπος
1100 877 1207 948 γάρ
1253 894 1336 940 τις
1385 877 1498 941 ὦν,
1547 879 1657 942 υίὸς
1712 878 1845 930 Θεοῦ

269 962 518 1027 γίνεται,
570 964 660 1017 διὰ
710 966 812 1036 τῆς
854 970 1223 1038 πνευματικῆς
1268 970 1570 1040 γεννήσεως
1630 969 1847 1041 Χριστῷ

268 1054 680 1123 συναπτόμενος
711 1072 724 1085 ·
772 1057 801 1108 ὁ
842 1056 901 1110 δὲ
947 1058 1037 1111 τὸν
1082 1058 1362 1129 ἄνθρωπον
1403 1060 1469 1112 δι’
1503 1060 1667 1117 αὑτοῦ
1712 1060 1845 1114 Θεοῦ

266 1143 383 1195 υἱὸν
416 1144 605 1208 ποιῶν,
642 1146 803 1210 αὐτὸς
830 1147 991 1200 ἄλλου
1035 1148 1149 1201 υἱοῦ
1189 1148 1283 1202 τοῦ
1317 1151 1671 1221 χαριζομένου
1698 1151 1846 1221 αὐτῷ

264 1231 365 1303 τὴν
418 1235 691 1288 υἱοθεσίαν
742 1238 836 1290 οὐκ
886 1238 1173 1301 ἐπιδέεται,
1218 1240 1330 1293 ἀλλ’
1365 1243 1501 1311 ὅπερ
1547 1244 1663 1296 ἐστί
1707 1244 1845 1297 κατά

266 1326 430 1391 φύσιν
464 1326 555 1378 καὶ
583 1327 925 1395 ὀνομάζεται.
981 1330 1297 1399 Ἀνθρωπος
1329 1333 1425 1401 μὲν
1454 1334 1615 1396 αὐτὸς
1654 1336 1845 1389 ἑαυτὸν

264 1416 507 1484 ἀμείϐει,
537 1418 630 1471 τοῦ
661 1419 887 1472 παλαιοῦ
915 1420 1005 1473 τὸν
1034 1420 1151 1473 νέον
1176 1423 1685 1494 ἀνταλλασσόμενος.
1714 1426 1845 1489 Θεὸς

262 1505 340 1564 δὲ,
377 1508 459 1568 είς
488 1506 543 1558 τί
575 1508 962 1579 ἀλλαγήσεται,
1002 1508 1141 1563 ὥστε
1183 1512 1211 1563 ὃ
1247 1513 1319 1583 μὴ
1358 1513 1470 1583 ἔχει
1499 1518 1844 1586 προσκτήσα-

267 1595 431 1658 σθαις
482 1596 801 1667 ’Ἄνθρωπος
846 1599 945 1669 μὲν
978 1601 1165 1654 ἑαυτὸν
1216 1603 1655 1673 ἀπεκδυσάμενος
1679 1644 1694 1667 ,
1746 1604 1843 1675 τὴν

263 1692 416 1746 θείαν
453 1694 767 1750 ὲπενδύεται
796 1696 973 1766 φύσιν.
1017 1696 1075 1749 '0
1102 1697 1158 1750 δὲ
1192 1698 1279 1750 ἀεὶ
1304 1696 1562 1759 ὡσαύτως
1602 1697 1761 1767 ἔχων,
1791 1698 1843 1751 τί

262 1786 605 1848 ἀποτίθεται,
635 1788 668 1858 ἦ
708 1789 758 1841 τί
791 1788 1204 1859 περιϐάλλεταις
1238 1788 1556 1859 Ἀνθρωπος
1599 1790 1697 1858 μὲν
1727 1789 1842 1853 υίὸς

1950 619 2114 673 opera
2177 606 2572 676 deposuh,per
2616 607 2896 661 honestam
2952 609 3115 661 vitam
3174 609 3311 664 lucis
3366 609 3519 666 ﬁlius

1948 696 2218 766 gignitur,
2261 696 2341 751 sic
2375 699 2536 751 etiam
2571 698 2885 768 unigenitus
2922 698 3083 760 Deus,
3117 716 3181 755 ex
3208 702 3512 756 mutatione

1949 784 2259 839 adeteriori
2289 785 2434 854 quod
2482 784 2856 841 honorabilius
2901 797 2984 839 est
3028 788 3247 856 accipit.
3295 787 3507 843 Etenim

1948 874 2145 941 aliquis
2175 891 2298 929 cum
2329 876 2397 931 sit
2429 876 2611 938 homo,
2650 877 2792 930 ﬁlius
2830 876 2921 930 Dei
2957 875 3230 942 efﬁcitur,
3258 893 3381 932 cum
3414 893 3508 947 per

1947 965 2246 1034 spiritalem
2280 968 2684 1036 generationem
2731 967 2945 1022 Christo
2984 969 3353 1039 conjungitnr.
3406 970 3510 1035 Qui

1946 1062 2128 1112 autem
2164 1040 2440 1111 hominem
2477 1073 2573 1127 per
2599 1059 2838 1127 seipsum
2859 1057 2950 1112 Dei
2984 1058 3151 1113 ﬁlium
3187 1058 3372 1118 efﬁcit,
3397 1061 3513 1129 ipse

1947 1145 2055 1198 alio
2082 1145 2192 1199 ﬁlio
2214 1148 2305 1215 qui
2337 1147 2385 1201 ei
2407 1149 2749 1216 ad0ptionem
2782 1149 3117 1217 gratiﬁcetur
3146 1164 3252 1202 non
3286 1150 3509 1219 indiget.

1945 1238 2045 1292 sed
2076 1238 2223 1307 quod
2258 1248 2342 1294 cst
2374 1240 2672 1294 secundum
2706 1249 2981 1300 naturam,
3021 1240 3122 1293 hoc
3153 1241 3313 1295 etiam
3340 1240 3512 1294 nomi—

1944 1339 2130 1383 natur.
2169 1330 2287 1400 Ipse
2329 1331 2549 1400 quidem
2599 1332 2764 1384 homo
2807 1332 3047 1400 seipsum
3094 1333 3379 1393 immutat,
3413 1346 3511 1400 pro

1944 1430 2125 1477 vetere
2152 1437 2349 1477 novum
2383 1423 2685 1478 vindicans.
2730 1421 2874 1477 Deus
2913 1434 3091 1477 amem
3127 1422 3190 1475 ad
3227 1422 3354 1491 quid
3388 1438 3509 1475 mu-

1944 1513 2188 1577 tabitur,
2228 1514 2300 1567 ita
2354 1525 2412 1569 ut
2456 1515 2599 1584 quod
2648 1530 2756 1568 non
2803 1514 2965 1568 habet
3019 1514 3303 1583 acquirat?
3338 1513 3510 1568 llomo

1943 1604 2162 1672 quidem
2204 1606 2443 1674 seipsum
2485 1621 2692 1660 exuens
2723 1606 2962 1659 divinam
3002 1606 3177 1659 induit
3208 1614 3459 1661 naturam
3492 1624 3506 1659 :

1942 1695 2037 1763 qui
2071 1711 2201 1749 vero
2230 1712 2444 1766 semper
2490 1697 2679 1751 eodem
2713 1695 2875 1749 modo
2908 1711 2967 1750 se
2998 1697 3157 1750 habet
3181 1696 3307 1765 quid
3345 1695 3511 1765 depo-

1942 1788 2044 1849 nit,
2080 1788 2164 1842 vel
2190 1788 2600 1844 circumvestit?
2634 1786 2807 1841 llomo
2836 1786 3053 1855 quidem
3089 1786 3180 1841 Dei
3220 1788 3363 1841 ﬁlius
3392 1788 3511 1842 efﬁ-

264 1877 399 1929 Θεοῦ
430 1878 638 1946 γίνεται
675 1880 991 1950 προσλαϐὼν
1021 1881 1056 1935 ἃ
1083 1882 1179 1933 οὐκ
1210 1880 1341 1950 ἔχει,
1371 1881 1464 1933 καὶ
1490 1880 1778 1933 ἀποϐαλὼν
1806 1880 1838 1934 ἃ

1943 1878 2106 1943 citur,
2143 1893 2430 1932 assumens
2465 1894 2587 1947 quae
2625 1893 2736 1932 non
2775 1878 2958 1939 habet,
2991 1884 3045 1931 et
3073 1892 3192 1945 qua:
3220 1877 3383 1930 habet
3414 1877 3511 1931 ab-

264 1966 396 2035 εχει.
438 1966 500 2019 ὐ
526 1968 584 2021 δὲ
612 1968 879 2038 μηδέποτε
908 1967 1146 2038 γεγονὼς
1176 1970 1232 2021 ἐν
1259 1970 1441 2039 κακίᾳ,
1474 1969 1597 2022 οῦτε
1625 1970 1653 2023 ὃ
1676 1970 1837 2042 λάϐῃ,

266 2060 386 2113 οὕτε
434 2060 463 2114 ὂ
509 2062 785 2135 καταλίπῃ
841 2062 972 2133 ἔχει.
1028 2063 1196 2117 Πάλιν
1227 2066 1255 2116 ὁ
1296 2062 1578 2133 ἄνθρωπος
1622 2063 1840 2117 δύναται

269 2152 341 2220 πῆ
391 2153 489 2220 μὲν
529 2152 743 2223 ἀληθῶς
780 2170 925 2216 τινος
957 2154 1068 2217 υἱὸς
1106 2154 1375 2223 λέγεσθαι,
1406 2155 1534 2207 ὅταν
1576 2154 1712 2225 πρὸς
1744 2155 1841 2225 τὴν

270 2243 424 2309 φύσιν
469 2242 685 2312 βλέπων
728 2263 809 2308 τις
858 2246 1043 2313 λέγει,
1098 2246 1172 2316 πῆ
1220 2246 1276 2299 δὲ
1322 2248 1384 2298 ὲκ
1431 2249 1837 2317 καταχρήσεως,

272 2337 391 2388 ὅταν
421 2339 455 2406 ή
484 2338 578 2390 τοῦ
610 2336 723 2407 βίου
755 2338 1070 2408 προαίρεσις
1098 2337 1327 2408 ἐπιϐάλῃ
1370 2338 1431 2390 τὸ
1457 2338 1648 2407 ὄνομα.
1698 2339 1755 2390 ’0
1782 2338 1839 2390 δὲ

273 2426 415 2490 Θεὸς,
452 2428 512 2480 ἒν
544 2428 621 2481 ὢν
666 2429 887 2497 ἀγαθὸν,
940 2432 997 2481 ἐν
1046 2429 1186 2501 ἁπλῇ
1236 2446 1292 2481 τε
1324 2431 1417 2482 καὶ⁵
1466 2430 1741 2501 ἀσυνθέτῳ
1774 2432 1838 2501 τῇ

271 2518 439 2587 φύσει,
486 2520 718 2573 πάντοτε
765 2521 902 2591 πρὸς
948 2521 1007 2573 τὸ
1055 2521 1186 2573 αὐτὸ
1231 2519 1436 2589 βλέπει,
1468 2520 1561 2574 καὶ
1586 2520 1839 2573 οὐδέποτε

269 2612 376 2669 ταῖς
406 2609 509 2679 τῆς
539 2610 911 2682 προαιρέσεως
939 2613 1137 2681 ὁρμαῖς
1174 2611 1585 2681 μεταϐάλλεται,
1615 2612 1729 2665 ἀλλ’
1755 2612 1840 2664 ἀεὶ

269 2704 354 2755 καὶ
381 2703 632 2772 βούλεται
661 2706 797 2775 ὅπερ
834 2705 999 2768 ἐστὶν,
1034 2706 1126 2757 καὶ
1151 2707 1179 2758 ὃ
1204 2706 1317 2758 ἐστι
1344 2705 1560 2768 πάντως
1591 2706 1685 2759 καὶ
1716 2704 1839 2775 βού-

267 2793 427 2850 λεται.
481 2796 648 2848 ’Ὥστε
690 2796 758 2849 δι’
792 2797 1111 2867 ἀμφοτέρων
1144 2792 1270 2859 Υίδς
1315 2796 1450 2850 Θεοῦ
1501 2798 1702 2862 κυρίως
1748 2798 1840 2850 καὶ

268 2884 478 2953 ἀληθῶς
508 2884 901 2955 ὀνομάζεσθαι·
953 2886 1051 2955 τῆς
1084 2903 1141 2938 τε
1203 2886 1414 2955 φύσεως
1459 2888 1515 2938 ὲν
1566 2888 1731 2956 ἑαυτῇ
1779 2886 1839 2939 τὸ

264 2976 460 3043 ἀγαθον
492 2976 745 3047 ἐχούσης,
796 2977 893 3047 τῆς
937 2996 995 3029 τε
1045 2979 1412 3049 προαιρέσεως
1459 2978 1557 3031 οὐκ
1590 2979 1840 3047 ἀπερρω-

263 3069 417 3135 γυίας
457 3068 556 3121 τοῦ
608 3070 931 3139 κρείττονος.
990 3070 1077 3133 Ὠς
1115 3070 1189 3140 μὴ
1236 3070 1301 3122 ἂν
1342 3070 1406 3122 ὲκ
1448 3070 1839 3138 καταχρήσεως

264 3160 408 3231 αὐτῷ
457 3162 560 3232 τὴν
595 3161 779 3231 φωνὴν
831 3162 1033 3232 ταύτην
1078 3161 1452 3233 ἐπικληθῆναι.
1502 3162 1708 3215 Οὐκοῦν
1750 3162 1838 3213 οὑ-

260 3252 449 3322 δεμίαν
486 3252 600 3322 ἔχει
630 3252 835 3323 χώραν,
868 3255 1009 3324 ἅπερ
1038 3255 1101 3306 ὲκ
1128 3253 1416 3325 προσώπου
1447 3253 1553 3307 τῶν
1584 3252 1838 3306 ἐναντίων

259 3346 473 3407 ἑαυτοῖς
516 3344 897 3415 ἀντεθήκαμεν
918 3384 933 3405 ,
983 3345 1155 3399 ταῦτα
1170 3343 1262 3397 ἐπὶ
1280 3343 1464 3415 γραφῇ
1482 3344 1557 3416 (a)
1570 3347 1668 3414 τῇς
1698 3347 1840 3398 κατά

258 3434 418 3505 φύσιν
442 3435 775 3505 οἰκειότητος
813 3435 964 3506 παρὰ
994 3434 1103 3488 τῶν
1148 3435 1403 3487 ἐναντίων
1450 3435 1835 3507 προφέρεσθαι.

332 3527 479 3586 Ἀλλ’
537 3526 637 3579 οὐκ
691 3520 787 3579 οἷδ’
845 3526 992 3589 ὅπως
1048 3526 1081 3599 ἢ
1143 3526 1275 3579 διότι
1318 3526 1599 3595 μισοῦντές
1637 3544 1697 3580 τε
1748 3529 1838 3580 καὶ

253 3618 728 3689 ἀποστρεφόμενοι
755 3616 851 3689 τὴν
882 3618 1156 3689 ἀλήθειαν,
1191 3619 1305 3672 υἱὸν
1335 3620 1431 3687 μὲν
1461 3618 1620 3673 αὑτὸν
1642 3618 1838 3690 ὀνομά-

250 3712 461 3775 ζουσιν,
503 3710 582 3773 ὡς
630 3706 674 3762 δ’
722 3708 786 3763 ἂν
834 3711 907 3781 μὴ
932 3710 993 3763 τὸ
1036 3712 1152 3764 κατ’
1198 3711 1385 3764 οὐσίαν
1414 3711 1590 3764 κοινὸν
1621 3712 1709 3765 διὰ
1740 3711 1837 3781 τῆς

250 3806 442 3873 ςωνῆς
480 3800 687 3871 ταύτης
721 3802 1113 3873 μαρτυρηθείη,
1151 3802 1250 3871 τῆς
1275 3802 1598 3872 ἐγκειμένης
1620 3802 1697 3873 τῷ
1719 3802 1837 3855 ὀνό-

252 3912 384 3965 ματι
414 3895 697 3964 σημασίας
724 3893 821 3963 τὴν
852 3894 1031 3963 φωνὴν
1064 3894 1417 3964 χωρίσαντες,
1448 3893 1601 3946 κενὸν
1632 3894 1692 3945 τὸ
1717 3894 1835 3945 ὅνο-

252 4007 329 4060 μα
361 3989 458 4041 τοῦ
494 3987 612 4041 υἱοῦ
658 3989 753 4041 καὶ
800 3989 1111 4059 ἀσήμαντον
1142 3987 1218 4059 τῷ
1258 3989 1550 4056 Μονογενεί
1584 3989 1835 4043 καταλεί-

249 4098 441 4144 πουσι,
476 4080 639 4150 μόνον
667 4079 811 4149 αὐτῷ
831 4079 921 4132 τὸν
949 4078 1117 4149 ψόφον
1141 4081 1237 4151 τῆς
1264 4080 1445 4150 φωνῆς
1468 4079 1831 4149 χαριζόμενοι.

248 4174 361 4225 Καὶ
403 4174 489 4225 ὅτι
522 4170 696 4224 ταῦτα
726 4171 898 4241 ἀληθῆ
927 4171 1093 4239 λέγω,
1143 4171 1236 4223 καὶ
1264 4171 1323 4222 οὐ
1356 4171 1834 4240 παραστοχάζομαι

247 4263 345 4317 τοῦ
376 4262 587 4316 σκοποῦ
609 4262 716 4314 τῶν
744 4261 1097 4323 ὑπεναντίων,
1122 4260 1368 4331 φανερῶς
1400 4260 1543 4313 ἐστιν
1571 4259 1628 4324 ἐξ
1659 4260 1835 4314 αὐτῶν

246 4350 324 4410 ὧν
346 4354 798 4425 κατεπιχειροῦσι
817 4354 917 4423 τῆς
950 4352 1203 4423 ἀληθείας
1233 4351 1440 4421 μαθεῖν.
1476 4352 1709 4406 Τοιαῦτα
1728 4353 1834 4424 γάρ

249 4449 400 4501 ἔστιν
436 4446 471 4499 ἂ
505 4445 633 4515 παρ’
667 4444 845 4497 αὐτῶν
891 4444 983 4496 ἐπὶ
1013 4444 1322 4513 κατασκευῇ
1362 4443 1458 4512 τῆς
1492 4442 1834 4513 βλασφημίας

1938 1970 2175 2040 jiciens:
2202 1971 2293 2040 qui
2318 1980 2498 2026 autem
2519 1971 2667 2025 omni
2701 1985 2913 2040 semper
2943 1968 3120 2023 caruit
3150 1969 3305 2031 vitio,
3332 1984 3509 2037 neque

1941 2062 2088 2133 quod
2127 2065 2308 2132 capiat
2341 2063 2524 2125 habet,
2558 2078 2733 2133 neque
2763 2062 2907 2131 quod
2947 2063 3240 2130 relinquat.
3296 2060 3509 2116 Rursus

1943 2153 2107 2207 homo
2138 2163 2319 2224 potest
2355 2155 2557 2224 partim
2593 2168 2719 2208 vere
2752 2153 2857 2207 dici
2897 2152 3040 2206 ﬁlius
3077 2151 3344 2220 alicujus,
3380 2167 3506 2205 eum

1943 2245 2009 2298 ad
2035 2254 2290 2300 naturam
2323 2247 2623 2316 respiciens
2654 2246 2778 2316 quis
2808 2245 2961 2308 dicit,
2991 2246 3185 2314 partim
3212 2262 3277 2299 ex
3308 2247 3507 2309 abusn,

1941 2352 2062 2390 cum
2093 2338 2215 2390 vita:
2245 2339 2550 2391 institutum
2582 2338 2629 2392 ei
2668 2351 2865 2391 nomen
2900 2337 3182 2407 imposuit.
3224 2335 3367 2391 Deus
3412 2352 3512 2390 au-

1943 2436 2049 2483 tem
2078 2431 2169 2499 qui
2192 2440 2275 2484 est
2294 2447 2458 2484 unum
2484 2430 2689 2483 bonum
2723 2431 2776 2483 in
2806 2429 3040 2499 simplici
3066 2438 3119 2483 et
3149 2430 3509 2499 incomposita

1941 2524 2157 2584 natura,
2189 2532 2403 2587 semper
2425 2517 2490 2571 ad
2521 2519 2662 2573 idem
2710 2520 2988 2583 intuetur,
3037 2535 3216 2589 neque
3266 2535 3507 2588 unquam

1939 2610 2206 2680 propositi
2247 2610 2666 2679 impulsionibns
2696 2618 3099 2675 commutatur,
3165 2612 3257 2666 sed
3296 2626 3511 2681 semper

1939 2704 2058 2757 vult
2091 2703 2142 2756 id
2175 2703 2320 2773 quod
2358 2710 2463 2763 est,
2496 2711 2551 2756 et
2588 2703 2734 2772 quod
2763 2711 2847 2756 est
2878 2705 3106 2757 omnino
3146 2705 3311 2757 etiam
3343 2705 3456 2757 vult
3490 2722 3505 2759 :

1941 2796 2017 2850 ita
2058 2804 2116 2849 ut
2158 2812 2254 2865 per
2287 2806 2519 2865 utraque
2565 2796 2785 2866 proprie
2831 2804 2885 2850 et
2922 2811 3049 2849 vere
3090 2796 3179 2851 Dei
3211 2794 3381 2849 Filius
3425 2798 3507 2850 sic

1938 2889 2275 2951 nominetur,
2325 2901 2449 2940 cum
2495 2895 2549 2941 et
2596 2888 2716 2955 ejus
2762 2898 2954 2940 natura
2991 2886 3043 2939 in
3078 2888 3253 2955 seipsa
3307 2890 3507 2941 bonum

1940 2978 2159 3041 habeat,
2196 2988 2308 3031 tum
2342 2978 2487 3048 quod
2524 2978 2644 3045 ejus
2671 2978 2923 3033 voluntas
2945 2978 3014 3031 ab
3044 2993 3107 3031 eo
3138 2978 3280 3047 quod
3312 2978 3508 3033 melius

1938 3075 2042 3129 est,
2077 3083 2355 3138 nunquam
2390 3068 2564 3138 possit
2610 3068 2881 3137 abrumpi.
2928 3068 3112 3137 Itaque
3147 3084 3249 3121 vox
3294 3068 3409 3123 haec
3441 3070 3510 3122 de

1940 3160 2060 3229 ipso
2106 3176 2214 3215 non
2265 3176 2330 3215 ex
2376 3160 2550 3214 abusn
2608 3161 3015 3229 pronuntietur.
3070 3159 3291 3213 Nullum
3342 3160 3510 3227 igitur

1942 3251 2142 3304 habent
2170 3252 2348 3305 locum
2376 3268 2497 3322 quae
2519 3269 2583 3305 ex
2614 3260 2850 3321 persnna
2878 3252 3315 3306 adversariorum
3349 3251 3509 3307 nobis

1939 3343 2076 3412 ipsis
2123 3344 2505 3414 opposuimus,
2542 3354 2601 3397 ut
2652 3346 2765 3398 hac
2816 3344 2885 3398 ab
2917 3344 3244 3399 adversariis
3294 3359 3323 3398 e
3371 3345 3508 3398 scri-

1938 3446 2095 3508 ptura
2124 3439 2471 3508 cognationis
2502 3437 2804 3493 secundum
2855 3448 3105 3491 naturam
3135 3437 3506 3507 proferantur.

2010 3528 2114 3584 Sed
2160 3530 2344 3584 nescio
2380 3530 2651 3600 quomodo
2704 3529 2785 3584 vel
2838 3529 3191 3599 quamobrem
3241 3528 3367 3583 odio
3404 3529 3506 3582 ha-

1936 3623 2151 3685 bentes,
2202 3622 2286 3677 vel
2339 3632 2653 3695 aversantes
2708 3621 3014 3684 veritatem,
3075 3620 3243 3673 ﬁlium
3288 3621 3506 3688 quidem

1938 3715 2116 3785 ipsum
2156 3714 2465 3775 nominant,
2513 3730 2579 3768 ne
2611 3728 2741 3767 vero
2776 3712 2919 3782 quod
2978 3721 3031 3766 et
3081 3711 3382 3765 secundum
3418 3727 3507 3766 es-

1938 3806 2168 3861 sentiam
2206 3820 2494 3860 commune
2547 3813 2631 3860 est
2685 3820 2781 3874 per
2820 3803 2962 3856 hanc
3010 3816 3197 3882 vocem
3244 3810 3505 3856 testatum

1936 3905 2102 3963 esset,
2137 3899 2205 3953 ab
2242 3897 2496 3967 imposita
2542 3897 2744 3951 nomini
2794 3895 3158 3965 significantia
3192 3908 3379 3947 vocem
3420 3908 3507 3946 se-

1935 3996 2214 4057 parantes,
2278 3989 2439 4041 inane
2506 3985 2597 4039 ﬁlii
2644 4000 2841 4039 nomen
2890 3992 2943 4039 et
2991 3983 3125 4036 nihil
3186 3983 3505 4052 signiﬁcans

1936 4080 2230 4150 Unigenito
2266 4080 2601 4148 relinquunt,
2634 4078 2809 4132 solum
2837 4076 2988 4131 vocis
3018 4087 3213 4128 sonum
3259 4074 3306 4126 ei
3340 4075 3506 4143 grati-

1936 4177 2183 4230 ﬁcantes.
2220 4173 2374 4239 Quod
2410 4173 2525 4227 hmo
2568 4187 2695 4225 vera
2730 4171 2873 4233 dico,
2920 4184 3096 4238 neque
3146 4183 3174 4220 a
3212 4182 3375 4237 scapo
3412 4166 3507 4220 ad-

1935 4268 2304 4323 versariorum
2338 4265 2554 4325 aberro,
2583 4264 2709 4317 licet
2738 4279 2803 4317 ex
2833 4262 2918 4317 his
2950 4274 3071 4331 quae
3105 4259 3206 4328 ipsi
3241 4260 3506 4314 adversus

1934 4358 2220 4413 veritatem
2284 4355 2628 4415 moliuntur,
2679 4351 2888 4421 liquido
2950 4350 3283 4417 perdiscere.
3352 4348 3506 4404 Talia

1935 4448 2081 4503 enim
2127 4453 2255 4501 sunt
2287 4460 2408 4513 quae
2458 4444 2525 4497 ab
2566 4443 2700 4512 ipsis
2739 4442 2804 4495 ad
2857 4440 3208 4495 astruendam
3252 4440 3506 4509 blasphe-

250 4540 616 4611 προφέρεται,
646 4539 725 4590 ὅτι
757 4537 923 4590 πολλά
952 4536 1043 4589 τοῦ
1074 4535 1409 4605 Μονογενοῦς
1430 4534 1664 4606 ὀνόματα
1687 4536 1833 4607 παρὰ

1941 4539 2101 4592 miam
2150 4536 2525 4607 proferuntur,
2562 4533 2707 4603 quod
2757 4532 2927 4586 multa
2974 4528 3246 4601 Unigeniti
3285 4532 3504 4586 nomina

249 4636 348 4703 τῆς
382 4633 537 4695 θείας
587 4630 807 4702 Γραφῆς
839 4629 1214 4699 ἐδιδάχθημεν,
1264 4629 1429 4691 λίθον,
1477 4628 1683 4699 ἀξίνην,
1729 4630 1830 4682 πέ-

249 4742 407 4796 τραν,
445 4722 718 4792 θεμέλιον,
765 4720 947 4792 ἄρτον,
998 4718 1258 4789 ἄμπελον,
1307 4717 1495 4789 θύραν,
1532 4718 1667 4782 ὁδὸν,
1710 4735 1830 4771 ποι-

256 4819 415 4887 μένα,
466 4815 672 4885 πηγὴν,
721 4812 895 4880 ξύλον,
956 4812 1266 4876 ἀνάστασιν,
1317 4809 1649 4874 διδάσκαλον,
1694 4810 1830 4877 φῶς,

254 4912 346 4962 καὶ
370 4909 510 4964 ἄλλα
540 4907 763 4959 τοιαῦτα
790 4904 958 4957 πολλά
981 4922 995 4935 ο
1026 4904 1139 4955 ἀλλ’
1168 4903 1317 4956 οὐδὲν
1342 4902 1545 4955 τούτων
1573 4901 1712 4955 κατὰ
1734 4901 1832 4971 τὴν

255 5004 548 5074 πρόχειρον
595 4997 867 5069 σημασίαν
912 4995 1129 5059 εὐσεϐές
1178 4997 1321 5048 ἐστιν
1367 4994 1457 5048 ἐπὶ
1505 4992 1597 5046 τοῦ
1632 4994 1832 5067 Κυρίου

254 5096 509 5157 νοοῦντας
538 5092 737 5160 λέγειν.
771 5086 848 5142 Ἦ
883 5089 991 5158 γάρ
1016 5088 1082 5141 ἂν
1117 5089 1201 5158 εἴη
1230 5088 1335 5140 τῶν
1364 5087 1742 5151 ἀτοπωτάτων,
1774 5087 1834 5140 τὸ

254 5186 549 5258 ἀσώματόν
568 5201 628 5236 τε
655 5182 750 5235 καὶ
778 5181 960 5245 ἇῦλον,
989 5178 1191 5234 ἁπλοῦν
1206 5197 1262 5231 τε
1286 5178 1379 5233 καὶ
1408 5179 1831 5249 ἀσχημάτιστον,

253 5283 368 5343 ταῖς
421 5274 851 5348 ἐμφαινομέναις
895 5273 1006 5326 τισὶ
1066 5271 1173 5324 τῶν
1217 5271 1494 5340 ὀνομάτων
1540 5271 1835 5341 σημασίαις

253 5367 686 5442 διαμορφοῦσοαι
732 5366 988 5436 νομίζειν.
1040 5364 1200 5416 ’Ὥστε
1248 5362 1431 5433 ἀξίνην
1477 5361 1829 5427 ἀκούσαντας,

254 5462 311 5514 τὸ
360 5460 570 5514 τοιόνδε
618 5459 803 5528 σχῆμα
846 5456 940 5509 τοῦ
989 5456 1206 5525 σιδήρου
1236 5455 1395 5516 νοεῖν,
1444 5453 1475 5523 ἦ
1513 5452 1626 5521 φῶς
1654 5452 1713 5505 τὸ
1746 5454 1831 5505 ἐν.

257 5552 458 5623 ἀέριον,
495 5551 528 5622 ἦ
577 5549 824 5620 ἄμπελον
866 5547 964 5617 τὴν
1008 5548 1073 5599 ὲκ
1104 5544 1325 5614 φυτείας
1355 5543 1667 5614 κλημάτων,
1704 5544 1737 5614 ἦ
1780 5562 1834 5597 τι

255 5644 359 5694 τῶν
392 5643 572 5696 ἄλλων
600 5640 855 5699 ἕκαστον,
901 5635 1083 5699 καθὼς
1115 5636 1148 5705 ή
1179 5633 1432 5705 συνήθεια
1461 5636 1599 5687 νοεῖν
1644 5636 1833 5687 ὑποτί-

258 5735 427 5796 θεται,
456 5732 571 5786 ἀλλ’
606 5731 701 5784 ἐπὶ
726 5730 787 5783 τὸ
810 5729 1273 5800 θεοπρεπέστερον
1300 5726 1398 5789 τὰς
1426 5727 1532 5778 τῶν
1557 5726 1833 5796 ὀνομάτων

257 5824 458 5879 τούτων
486 5821 907 5894 μετενεγκόντες
928 5819 1211 5890 ἐμφάσεις,
1234 5815 1361 5870 ἄλλο
1386 5832 1437 5868 τι
1463 5813 1709 5885 νοοῦμεν,
1733 5814 1833 5870 κᾶν

1936 4646 2003 4685 ex
2034 4629 2218 4683 divina
2257 4626 2541 4696 Scriptura
2580 4625 2897 4687 didicimus,
2946 4622 3203 4692 lapidem,
3238 4624 3500 4685 securim,

1936 4730 2174 4792 petram,
2226 4718 2677 4778 fundamentum,
2725 4732 2959 4785 panem,
3011 4716 3212 4775 vitem,
3266 4714 3500 4777 ostium,

1937 4822 2236 4883 pastorem,
2292 4809 2518 4869 fontem,
2569 4810 2797 4878 lignum,
2853 4809 3154 4866 doctorem,
3197 4807 3396 4865 lucem,
3448 4812 3504 4858 et

1936 4903 2041 4957 alia
2083 4901 2355 4971 ejusmodi
2391 4900 2596 4964 multa;
2643 4898 2735 4953 sed
2772 4899 2965 4952 horum
3014 4896 3219 4955 nullum
3251 4906 3504 4963 prompta

1935 5002 1989 5047 et
2024 4996 2223 5050 usitata
2256 4991 2652 5062 signiﬁcatione
2684 4991 2829 5057 pium
2874 4997 2957 5043 est
2984 4988 3051 5042 de
3082 4987 3307 5039 Domino
3342 4987 3503 5038 intel-
3602 5006 3603 5011 η

1935 5084 2190 5155 ligentem
2237 5081 2578 5136 dicere:vel
2626 5080 2771 5133 enim
2834 5076 3290 5131 absurdissimum
3338 5073 3504 5128 fuerit

1934 5156 2517 5245 quod‘incorporeum
2568 5178 2673 5233 est,
2722 5178 2777 5224 et
2821 5166 3062 5223 materiae
3113 5181 3330 5233 expers,
3379 5164 3505 5218 sim-

1935 5268 2169 5338 plexque
2198 5273 2254 5318 et
2289 5264 2475 5335 ﬁguras
2500 5278 2715 5324 exsors,
2757 5258 3145 5330 apparentibus
3174 5256 3503 5325 quibusdam

1935 5360 2215 5412 nominum
2249 5355 2741 5427 signiﬁcationibus
2790 5362 2980 5420 putare
3008 5364 3167 5419 posse
3203 5346 3499 5400 eﬁ'oi‘mari.

1935 5449 2011 5503 lla
2051 5457 2109 5503 ut
2140 5448 2376 5503 securim
2427 5462 2548 5500 cum
2601 5443 2958 5501 audierimus,
3008 5441 3170 5494 talem
3205 5439 3335 5493 ferri
3369 5437 3505 5505 ﬁgu-

1935 5558 2054 5597 ram
2104 5550 2283 5594 mente
2329 5537 2738 5606 concipiamus,
2791 5533 2875 5587 vel
2922 5533 3096 5586 lucem
3149 5546 3269 5600 qua:
3313 5536 3397 5583 est
3443 5527 3501 5578 in

1936 5650 2081 5697 aere,
2124 5634 2209 5688 vel
2241 5632 2405 5686 vitem
2445 5645 2509 5684 ex
2552 5625 2889 5697 plantatione
2919 5625 3228 5696 palmitum,
3256 5621 3339 5675 vel
3375 5618 3502 5688 quid

1938 5722 2171 5793 aliorum
2220 5716 2686 5786 unumquodque,
2745 5714 2886 5769 sicut
2941 5712 3284 5768 consuetudo
3335 5706 3502 5762 neuti

1936 5812 2159 5883 sulijicit
2188 5828 2201 5865 :
2234 5811 2325 5867 sed
2359 5809 2424 5864 ad
2474 5807 2526 5862 id
2556 5806 2703 5878 quod
2749 5809 2923 5879 magis
2967 5805 3079 5863 Deo
3120 5800 3408 5860 conveniat
3446 5801 3506 5853 ει
