3922 6472
1727 363 1784 418 S.
1841 362 2166 420 GREGORII
2215 361 2498 419 NYSSENI

495 483 755 536 decorum
789 477 1085 533 sit'horum
1109 477 1400 537 nominum
1432 477 1822 534 transferentes
1856 479 2060 549 signiﬁ-

2163 479 2303 532 οὕτω
2336 480 2809 550 κατονομάζωμεν,
2861 483 2958 553 οὐχ
3003 483 3078 547 ὼς
3121 483 3248 538 ὄντα
3274 503 3324 539 τι
3353 485 3550 541 τούτων
3576 495 3699 546 κατὰ

497 574 726 636 cantias,
761 571 911 625 aliud
951 568 1207 640 quiddam
1249 571 1621 642 intelligimus,
1661 578 1716 625 et
1755 572 1836 625 sie.
1880 571 2060 624 norni-

499 681 715 730 namus,
747 679 856 717 non
897 663 1044 733 quod
1089 663 1162 718 sit
1205 661 1398 716 horum
1449 664 1556 718 tale
1586 663 1714 732 quid
1759 663 2059 716 secundum

498 767 714 814 natura
740 759 1030 820 rationem,
1076 756 1170 811 sed
1217 757 1296 810 sic
1333 756 1449 810 haec
1489 772 1612 811 cum
1652 755 1872 817 dicitur,
1911 752 2059 806 aliud

498 849 752 920 quiddam
806 859 1002 918 praeter
1053 862 1117 900 ea
1166 861 1262 916 per
1319 846 1434 900 haec
1489 855 1670 901 meme
1716 845 2057 914 intelligitur.

497 941 654 1008 Quod
681 942 729 996 si
757 940 888 995 talia
916 938 1137 993 nomina
1175 941 1339 992 etiam
1375 953 1500 992 vere
1533 937 1600 992 de
1631 936 1913 1006 unigenito
1951 935 2060 990 Deo

497 1034 782 1094 dicuntur,
816 1039 872 1084 et
908 1039 1116 1084 natura;
1163 1016 1686 1083 demonstrationem
1719 1043 1828 1082 non
1878 1028 2058 1082 conti-

498 1131 660 1190 nent;
713 1135 1057 1190 consequens
1099 1133 1222 1172 esse
1254 1118 1466 1182 dicunt,
1506 1133 1684 1187 neque
1714 1117 1807 1172 lilii
1854 1116 2062 1187 signifi-

498 1223 677 1270 catum
719 1213 1018 1268 secundum
1062 1209 1439 1279 praevalentem
1492 1210 1942 1264 consuetudinem
1991 1207 2056 1262 ad

498 1316 708 1360 naturae
759 1303 1260 1372 interpretationem
1307 1315 1625 1366 assumere,
1678 1299 1772 1354 sed
1818 1297 2062 1352 invenire

498 1397 664 1466 hujus
694 1395 845 1450 vocis
881 1395 1118 1464 aliquam
1165 1393 1586 1463 significantiam
1625 1391 1848 1444 alteram
1888 1388 1955 1442 ab
1995 1402 2060 1444 ea

496 1502 618 1557 quae
647 1485 957 1541 communis
990 1494 1073 1540 cst
1101 1491 1153 1539 et
1183 1485 1234 1538 in
1268 1493 1542 1554 promptu.
1573 1481 1698 1536 Haec
1729 1490 1782 1536 et
1811 1479 2058 1549 ejusdem

496 1579 642 1634 modi
670 1577 1145 1648 philosOphantur,
1178 1583 1238 1630 ut
1273 1582 1525 1630 astruant
1555 1589 1662 1628 non
1692 1589 1814 1629 esse
1839 1572 2056 1635 Filium,

493 1669 639 1740 quod
688 1668 905 1738 quidem
951 1677 1035 1722 est
1082 1674 1136 1721 et
1179 1666 1399 1719 dicitur.
1443 1663 1611 1720 Nobis
1642 1678 1773 1718 vero
1801 1661 1869 1716 ad
1911 1661 2058 1715 aliud

495 1761 788 1818 festinabat
815 1773 1013 1823 sermo,
1042 1771 1234 1827 nempe
1272 1757 1336 1812 ad
1361 1753 1838 1810 demonstrandum
1867 1767 2058 1809 recen-

496 1864 605 1909 tem
658 1852 910 1908 Eunomii
964 1850 1318 1920 scriptionem
1376 1847 1571 1902 falsam
1625 1861 1748 1901 esse
1797 1859 1900 1901 nec
1953 1843 2057 1900 sibi

495 1954 837 2002 constantem
871 1952 926 1997 et
969 1941 1354 2000 cohaerentem.
1400 1951 1577 2006 neque
1616 1935 1834 1992 veritati
1881 1951 2058 2006 neque

500 2039 605 2094 sibi
661 2037 762 2106 ipsi
809 2042 1252 2089 consentaneam.
1304 2028 1572 2096 Quoniam
1624 2042 1749 2081 vero
1805 2042 1899 2096 per
1937 2042 2058 2097 quae

499 2133 742 2202 ipsorum
806 2127 1004 2197 dogma
1066 2136 1430 2183 accusamus,
1481 2119 1647 2173 veluti
1707 2117 2059 2188 blasphemiae

493 2220 763 2290 quoddam
795 2214 1156 2287 patrocinium
1183 2211 1432 2267 oratione
1467 2207 1747 2264 inductum
1789 2216 1893 2270 est,
1921 2224 2057 2279 pra:-

2157 571 2251 624 τὸν
2280 571 2432 639 λόγον
2458 573 2554 643 τῆς
2582 573 2816 640 φύσεως,
2844 574 2958 627 ἀλλ’
2981 575 3056 638 ὡς
3084 576 3254 628 ταῦτα
3279 576 3382 648 μὲν
3414 579 3697 651 λεγόμενον,

2159 663 2284 717 ἄλλο
2309 663 2366 716 δέ
2397 681 2448 716 τι
2473 664 2623 734 παρὰ
2641 665 2814 719 ταῦτα
2838 665 2926 719 διὰ
2953 667 3060 721 τῶν
3088 668 3390 738 λεγομένων
3417 671 3698 743 νοούμενον.

2158 757 2221 808 Εἰ
2251 756 2306 808 δὲ
2337 755 2404 808 τὰ
2435 757 2658 810 τοιαῦτα
2691 757 2798 810 τῶν
2844 759 3120 829 ὀνομάτων
3152 761 3243 813 καὶ
3287 761 3498 832 ἀληθῶς
3537 765 3696 818 ἐπιλε-

2159 865 2314 916 γεται
2347 848 2422 920 τῷ
2457 853 2731 919 μονογενεί
2752 850 2890 919 Θεῷ,
2919 853 3011 904 καὶ
3035 853 3132 923 τῆς
3157 852 3368 922 φύσεως
3392 855 3453 908 ού
3479 857 3701 927 περιέχει

2159 938 2256 1009 τὴν
2297 939 2535 1003 ἔνδειξιν,
2565 940 2852 993 ἀκόλουθον
2882 935 3020 994 εἶναι
3060 941 3294 1012 λέγουσι,
3326 945 3460 1014 μηδὲ
3483 947 3571 999 τοῦ
3599 947 3700 1000 υἰοῦ

2158 1031 2218 1083 τὸ
2253 1031 2669 1101 σημαινόμενον,
2709 1032 2848 1086 κατὰ
2875 1032 2972 1104 τὴν
3002 1035 3397 1105 ἐπικρατοῦσαν
3439 1036 3702 1104 συνήθειαν

2159 1125 2240 1185 εἰς
2264 1121 2363 1193 τὴν
2388 1121 2487 1189 τῆς
2517 1121 2729 1190 φύσεως
2771 1125 3065 1194 ἑρμηνείαν
3108 1126 3568 1197 παραλαμϐάνειν,
3599 1127 3700 1179 ἀλλ’

2159 1211 2490 1279 ἐξευρίσκειν
2515 1210 2635 1263 τινὰ
2660 1212 2932 1282 σημασίαν
2959 1211 3161 1282 ταύτης
3185 1213 3282 1282 τῆς
3303 1215 3504 1280 φωνῆς,
3527 1214 3702 1285 ἑτέραν

2158 1301 2312 1368 παρὰ
2336 1301 2434 1372 τὴν
2467 1302 2652 1372 κοινήν
2693 1319 2753 1355 τε
2807 1303 2898 1356 καὶ
2935 1302 3240 1372 πρόχειρον.
3292 1301 3478 1356 Ταῦτα
3518 1304 3605 1356 καὶ
3645 1306 3704 1358 τὰ

2157 1391 2382 1445 τοιαῦτα
2413 1390 2777 1461 φιλοσοφοῦσι,
2815 1392 2949 1464 πρὸς
2986 1393 3322 1463 κατασκευὴν
3352 1391 3446 1446 τοῦ
3480 1394 3549 1466 μὴ
3581 1390 3701 1447 εἶναι

2159 1482 2250 1535 τὸν
2283 1482 2431 1543 Υίὸν,
2477 1483 2614 1554 ὅπερ
2645 1484 2758 1536 ἐστί
2802 1501 2860 1536 τε
2903 1485 2996 1539 καὶ⁹
3023 1485 3256 1552 λέγεται.
3314 1483 3477 1554 Ἡμῖν
3507 1485 3559 1537 δὲ
3586 1485 3700 1554 7:95;

2158 1574 2340 1644 ἓτερον
2371 1574 2469 1644 μὲν
2513 1570 2580 1644 ἦν
2608 1575 2848 1627 σπεύδων
2873 1577 2900 1627 ό
2927 1575 3102 1642 λόγος,
3150 1575 3247 1646 τὴν
3294 1576 3594 1646 πρόσφατον
3621 1573 3701 1626 τοῦ

2160 1664 2421 1735 Εύνομίου
2450 1665 2810 1737 λογογραφίαν
2850 1665 3017 1730 δεῖξαι
3056 1665 3226 1735 ψευδῆ
3273 1666 3370 1719 καὶ
3405 1664 3700 1728 ἀσύστατον,

2159 1756 2251 1808 καὶ
2279 1753 2402 1808 οὔτε
2435 1754 2569 1827 πρὸς
2593 1754 2691 1825 τὴν
2716 1755 2992 1826 ἀλήθειαν,
3030 1754 3152 1808 οὗτε
3181 1755 3316 1825 πρὸς
3347 1755 3546 1824 ἑαυτὴν
3585 1771 3705 1823 συμ-

2092 1829 2134 1884 B
2163 1847 2464 1915 φωνοῦσαν.
2509 1847 2658 1900 Ἐπεὶ
2684 1847 2740 1900 δὲ
2767 1847 2832 1900 δι’
2869 1841 2943 1901 ὧν
2970 1847 3378 1918 κατηγοροῦμεν
3409 1845 3499 1899 τοῦ
3525 1846 3702 1916 δόγμα-

2162 1956 2252 2002 τος
2281 1938 2479 2003 αὐτῶν,
2502 1933 2610 1993 οἷόν
2629 1956 2712 2003 τις
2738 1939 3029 2010 συνηγορία
3055 1939 3154 2008 τῆς
3176 1936 3517 2008 βλασφημίας
3544 1939 3706 1990 ἐπεισ-

2162 2027 2300 2099 ήχθη
2322 2027 2398 2098 τῷ
2418 2028 2559 2099 λόγῳ
2577 2045 2592 2060 ο
2629 2028 2809 2092 καλῶς
2841 2029 2906 2081 ἂν
2936 2029 3048 2099 ἔχοι
3077 2029 3204 2098 περὶ
3239 2027 3428 2082 τούτου
3465 2027 3704 2098 πρότερον

2161 2119 2219 2171 ἐν
2247 2118 2410 2190 ὀλίγῳ
2451 2118 2720 2173 διαλαϐεῖν
2743 2161 2759 2185 ,
2808 2115 2907 2172 εἶθ’
2943 2118 3113 2182 οὕτως
3159 2119 3252 2172 ἐπὶ
3279 2118 3378 2190 τὴν
3414 2117 3703 2172 ἀκολουθίαν

2161 2210 2271 2263 τῶν
2300 2211 2698 2281 γεγραμμένων
2732 2209 3062 2264 ἐπανελθεῖν.

496 2313 644 2366 clare
666 2325 728 2365 se
758 2307 954 2362 habeat
991 2303 1058 2359 de
1081 2319 1148 2359 eo
1182 2317 1355 2373 pauca
1396 2300 1690 2365 disserere,
1723 2299 1918 2354 deinde
1951 2300 2031 2354 sic
2065 2301 2132 2356 ad
2166 2301 2497 2372 scriptorum
2524 2309 2948 2372 consequentem
2982 2302 3176 2358 seriem
3202 2301 3404 2358 redire.

565 2397 669 2452 Fas
691 2397 852 2467 igitur
874 2403 958 2450 est
977 2394 1044 2449 de
1069 2392 1152 2448 his
1169 2389 1371 2461 aliquid
1391 2391 1592 2453 dicere,
1617 2399 1671 2446 et
1687 2405 1715 2442 a
1734 2399 2065 2460 congruente

492 2489 770 2560 proposito
785 2502 893 2541 non
911 2485 1182 2539 aberrare.
1198 2481 1350 2548 Quod
1373 2497 1495 2534 eum
1513 2482 1621 2536 sint
1637 2482 1802 2536 multa
1821 2481 2064 2543 nomina,

493 2583 634 2638 sicut
654 2580 729 2635 illi
755 2581 1058 2647 aiunt,quaa
1077 2574 1368 2646 Unigenito
1384 2589 1415 2629 a
1434 2572 1712 2643 Scriptura
1731 2575 2062 2639 tribuuntur,

493 2675 701 2729 nullum
731 2671 958 2726 aliorum
986 2683 1080 2738 per
1102 2667 1413 2722 relationem
1432 2678 1554 2718 cum
1577 2678 1642 2718 eo
1662 2664 1752 2734 qui
1773 2663 1956 2733 genuit
1973 2678 2065 2717 co-

494 2765 798 2837 gnationem
849 2769 903 2816 et
947 2759 1315 2814 adluesionem
1372 2755 1573 2811 habere
1625 2755 1880 2809 dicimus.
1942 2752 2060 2807 Non

492 2859 636 2914 enim
677 2855 818 2912 sicut
848 2852 1028 2908 Patris
1058 2850 1280 2911 Filium,
1327 2849 1407 2904 sic
1439 2848 1523 2902 vel
1556 2847 1808 2918 lapidem,
1840 2846 1922 2901 vel
1971 2862 2061 2901 re-

493 2949 915 3007 surrectionem,
963 2945 1045 2999 vel
1098 2952 1390 3012 pastorem.
1432 2939 1516 2994 vel
1571 2940 1763 3001 lucem,
1807 2938 1890 2991 vel
1930 2937 2059 3006 quid

495 3045 722 3097 aliorum
754 3039 821 3093 ad
859 3036 1028 3092 Deum
1060 3035 1436 3089 universorum
1481 3029 1776 3085 referentes
1803 3030 2056 3084 dicimus.

496 3132 603 3187 Sed
629 3132 755 3185 licet
793 3137 1049 3197 tauquam
1093 3132 1209 3178 arte
1235 3122 1467 3192 quadam
1515 3127 1568 3176 et
1601 3120 1783 3190 regula
1812 3119 2056 3174 bifariam

494 3224 806 3279 divinorum
876 3216 1160 3272 nominum
1221 3211 1640 3282 signiticantiam
1702 3211 2055 3280 distinguere.

494 3313 751 3382 Quaedam
792 3310 935 3363 enim
985 3305 1214 3360 excelsae
1266 3311 1322 3358 et
1373 3301 1662 3356 ineliabilis
1712 3303 1897 3371 gloria:
1946 3301 2060 3353 sive

498 3400 804 3472 niajestatis
869 3396 1255 3451 iudicationem
1309 3393 1510 3446 habent
1562 3391 1856 3461 :quaedam
1930 3406 2060 3444 vero

497 3492 743 3567 provida'.
809 3485 1235 3557 dispensationis
1288 3484 1606 3537 varietatem
1657 3481 2056 3536 demonstrant.

499 3587 573 3638 Ita
612 3592 671 3636 ut
713 3579 1015 3638 secundum
1073 3576 1394 3648 liypothcsiu
1447 3573 1558 3628 nisi
1615 3583 1764 3629 esset
1814 3573 1868 3626 id
1916 3574 2058 3642 quod

499 3675 762 3731 beneficio
796 3672 1048 3735 afﬁcitur,
1082 3685 1259 3738 neque
1293 3668 1372 3722 Ιιιε
1404 3682 1566 3721 voces
1596 3681 1715 3736 qua:
1737 3665 2058 3720 benelicium

499 3768 764 3826 iudicant.
801 3764 886 3818 his
921 3771 1107 3817 essent
1143 3761 1379 3814 tribuite.
1411 3759 1542 3824 Qua:
1566 3766 1744 3812 autem
1776 3757 1919 3827 quod
1954 3757 2059 3808 Deo

497 3861 751 3914 convenit
782 3865 836 3910 et
862 3854 1118 3909 decorum
1149 3859 1232 3906 est
1263 3851 1561 3914 declarant,
1611 3850 1772 3904 etiam
1815 3849 1934 3903 sine
1975 3848 2059 3900 liis

497 3965 727 4020 quorum
779 3950 952 4017 gratia
1010 3948 1068 3998 lit
1113 3942 1485 4011 dispensatio,
1537 3949 1768 4010 cognate
1833 3946 1888 3993 et
1933 3955 2060 4008 pro-

499 4042 616 4112 prie
668 4039 946 4110 unigenito
991 4036 1101 4091 Deo
1160 4034 1552 4088 attribuuntur.
1598 4031 1669 4085 Ut
1725 4038 1906 4085 autem
1948 4031 2061 4082 evi-

497 4134 714 4187 dentius
764 4135 877 4186 hanc
921 4128 1190 4186 sententia
1227 4125 1385 4179 nobis
1423 4125 1639 4178 evoluta
1688 4130 1893 4193 pateat,
1942 4122 2058 4191 ipsa

499 4225 718 4280 nomina
765 4222 1234 4291 contemplemur.
1285 4216 1572 4286 Nunquam
1614 4214 1742 4268 vitis
1811 4211 2061 4266 nomina-

500 4328 590 4370 tus
636 4324 781 4370 esset
832 4313 1124 4376 Dominus,
1183 4310 1289 4366 nisi
1340 4307 1697 4379 plantationis
1754 4318 1921 4359 causa
1967 4319 2060 4357 eo-

500 4424 620 4462 rum
664 4408 757 4477 qui
799 4407 851 4459 in
907 4405 1026 4474 ipso
1083 4403 1442 4456 radicantur:
1476 4414 1651 4468 neque
1696 4408 1900 4466 pastor,
1949 4394 2058 4450 nisi

2237 2392 2301 2445 Τί
2329 2393 2504 2446 τοίνυν
2532 2384 2679 2450 ἔστὶν
2701 2394 2950 2457 εἰπόντας
2981 2393 3115 2465 πρὸς
3154 2393 3223 2447 τὰ
3259 2392 3484 2447 τοιαῦτα
3517 2392 3584 2463 μὴ
3609 2391 3707 2443 δια-

2167 2486 2390 2554 μαρτεῖν
2417 2484 2507 2536 τοῦ
2535 2485 2898 2556 προσήκοντος
2920 2503 2935 2547 ;
2965 2486 3083 2538 Ὅτι
3108 2484 3315 2538 πολλῶν
3337 2485 3521 2546 ὄντων,
3547 2482 3706 2546 καθὼς

2166 2576 2401 2630 κάκεῖνοί
2436 2594 2589 2644 φασι,
2621 2577 2729 2629 τῶν
2758 2576 3050 2647 ὀνομάτων,
3086 2575 3122 2630 ἃ
3147 2576 3222 2647 τῷ
3258 2578 3549 2644 Μονογενεῖ
3577 2577 3707 2647 παρὰ

2163 2669 2264 2739 τῆς
2295 2670 2510 2740 Γραφῆς
2540 2671 2870 2739 ὲπιλέγεται,
2891 2671 3042 2724 οὐδὲν
3067 2670 3172 2724 τῶν
3200 2670 3374 2724 ἄλλων
3402 2673 3465 2742 τῇ
3486 2670 3610 2741 πρὸς
3627 2671 3705 2721 τὸν

2166 2761 2526 2831 γεγεννηκότα
2562 2761 2739 2832 φαμὲν
2771 2763 3018 2833 ἀναφορᾷ
3045 2761 3107 2815 τὸ
3139 2762 3413 2833 προσφυὲς
3447 2761 3600 2833 ἔχειν.
3640 2762 3703 2812 Οὐ

2164 2852 2273 2922 γὰρ
2319 2851 2506 2922 ὥσπερ
2535 2852 2661 2905 Υἱὸν
2688 2851 2781 2904 τοῦ
2809 2853 3038 2923 Πατρδς,
3083 2853 3252 2916 οὕτως
3277 2854 3312 2922 ἢ
3344 2853 3508 2916 λίθον,
3537 2853 3568 2924 ἢ
3592 2853 3704 2905 ἀνά-

2167 2959 2371 3005 στασιν,
2411 2942 2446 3011 ἢ
2490 2942 2739 3012 ποιμένα,
2783 2942 2816 3013 ἢ
2847 2942 2981 3011 φῶς,
3012 2943 3045 3013 ἦ
3079 2961 3130 2995 τι
3168 2943 3275 2996 τῶν
3308 2943 3481 2998 ἄλλων
3514 2943 3599 2994 ἐπὶ
3625 2941 3705 2993 τὸν

2165 3033 2296 3086 Θεὸν
2337 3034 2471 3087 ὅλων
2499 3033 2930 3104 ὲπαναφέροντες
2970 3033 3219 3104 λέγομεν.
3277 3035 3418 3087 Ἀλλ’
3443 3034 3582 3087 ἔστιν
3606 3027 3703 3086 οἷον

2163 3126 2324 3197 τέχνῃ
2367 3125 2473 3178 ’τινὶ¹
2509 3125 2602 3178 καὶ
2642 3125 2822 3178 κανόνι
2849 3125 2968 3196 διχῆ
2997 3124 3262 3179 διελέσθαι
3288 3126 3400 3178 τῶν
3425 3125 3576 3179 θείων
3601 3125 3702 3176 ὀνοο

2162 3219 2343 3288 μάτων
2391 3216 2489 3288 τὴν
2535 3218 2827 3288 σημασίαν.
2883 3218 2964 3271 Τὰ
3010 3219 3109 3289 μὲν
3145 3218 3254 3289 γὰρ
3281 3219 3380 3288 τῆς
3427 3217 3625 3288 ὑψηλῆς
3652 3231 3701 3268 τε

2159 3310 2253 3363 καὶ
2278 3310 2551 3379 άφράστου
2575 3308 2731 3379 δόξης
2757 3310 2854 3381 τὴν
2879 3309 3096 3374 ἔνδειξιν
3123 3311 3254 3381 ἔχει,
3277 3310 3349 3364 τὰ
3373 3311 3428 3364 δὲ
3455 3311 3513 3362 τὸ
3543 3307 3702 3362 ποικί-

2159 3401 2249 3454 λον
2276 3403 2373 3470 τῆς
2415 3400 2776 3470 προνοητικῆς
2819 3403 3128 3472 οἰκονομίας
3171 3402 3504 3455 ἐνδείκνυται
3529 3417 3544 3432 ’
3578 3400 3699 3453 ὥστε

2159 3492 2277 3544 καθ’
2321 3489 2592 3552 ὑπόθεσιν,
2645 3493 2692 3543 εἰ
2738 3492 2812 3562 μὴ
2860 3492 2918 3545 τὸ
2966 3493 3418 3564 εὐεργετούμενον
3449 3494 3548 3563 εἰη,
3584 3489 3700 3562 μηδὲ

2157 3582 2255 3643 τὰς
2292 3580 2474 3648 φωνάς
2511 3578 2716 3643 ταύτας
2764 3582 2852 3633 ἐπ’
2881 3581 3058 3634 αὐτῶν
3086 3583 3363 3652 τετάχθαι,
3408 3583 3464 3636 αἳ
3504 3581 3594 3652 τὴν
3619 3579 3698 3632 εὐ-

2159 3672 2411 3742 εργεσίαν
2458 3671 2836 3726 ἐνδείκνυνται.
2885 3673 3042 3726 Ὅσαι
3091 3673 3149 3726 δὲ
3198 3675 3256 3727 τὸ
3297 3673 3592 3746 θεοπρεπὲς
3620 3673 3698 3741 ἑρ-

2163 3761 2484 3832 μηνεύουσι,
2532 3761 2623 3815 καὶ
2655 3761 2778 3832 δίχα
2811 3763 2918 3816 τῶν
2945 3765 3410 3836 οἰκονομουμένων
3435 3761 3700 3836 προσφυῶς

2161 3854 2252 3904 καὶ
2285 3851 2486 3922 κυρίως
2524 3855 2916 3926 ἐφαρμόζονται
2957 3855 3034 3927 τῷ
3069 3860 3348 3926 μονογενεῖ
3374 3855 3508 3926 Θεῷ.
3554 3856 3633 3918 Ὠς
3659 3853 3698 3904 δ’

2158 3943 2224 3996 ἂν
2255 3944 2642 4015 ἐναργέστερον
2665 3949 2794 4016 ἡμῖν
2819 3947 3179 4017 ὲκκαλυφθείη
3203 3947 3262 4000 τὸ
3285 3947 3494 4000 τοιοῦτο
3521 3946 3695 4015 δόγμα.

2161 4035 2246 4088 ἐπ’
2295 4037 2472 4090 αὐτῶν
2521 4037 2672 4092 ἔσται
2714 4039 2821 4091 τῶν
2855 4041 3129 4111 ὀνομάτων
3166 4043 3198 4111 ή
3235 4040 3455 4111 θεωρία.
3504 4041 3606 4093 Οὐκ
3640 4037 3696 4089 ἂν

2158 4127 2398 4197 ἄμπελος
2423 4129 2710 4201 ὠνομάσθη
2745 4134 2773 4184 ὀ
2803 4132 3023 4200 Κύριος,
3059 4133 3108 4184 εἰ
3141 4132 3214 4202 μὴ
3244 4133 3348 4202 τῆς
3375 4132 3586 4203 φυτείας
3609 4129 3696 4200 χά-

2161 4236 2246 4290 ριν
2274 4219 2380 4272 τῶν
2411 4222 2468 4272 ὲν
2499 4220 2647 4291 αὐτῷ
2676 4221 3007 4293 ῥιζουμένων
3035 4241 3048 4254 ·
3089 4223 3196 4276 οὐδ’
3229 4223 3292 4276 ἂν
3322 4223 3538 4294 ποιμὴν,
3559 4223 3603 4275 εἰ
3631 4219 3695 4289 μὴ

2159 4308 2228 4360 τὰ
2257 4308 2500 4379 πρόϐατα
2525 4309 2617 4362 τοῦ
2639 4311 2786 4364 οἴκου
2823 4311 3034 4382 Ἰσραὴλ
3062 4311 3325 4364 ἀπολώλει
3345 4329 3359 4344 ·
3389 4311 3492 4364 οὐδ’
3517 4309 3692 4380 ἰατρὸς,

2160 4403 2208 4452 εἰ
2244 4400 2318 4471 μὴ
2350 4400 2455 4454 τῶν
2484 4401 2779 4456 νοσούντων
2811 4403 2990 4473 χάριν,
3023 4403 3141 4456 οὐδὲ
3187 4405 3254 4455 τὰ
3281 4403 3442 4457 λοιπὰ
3466 4402 3565 4455 τῶν
3595 4399 3695 4450 ὀνο-

499 4516 630 4554 oves
695 4498 890 4550 domus
961 4495 1124 4548 Israel
1179 4492 1524 4561 periissent:
1576 4504 1752 4558 neque
1816 4486 2060 4542 medicus

2168 4491 2352 4561 μάτων
2379 4493 2463 4560 ἐφ’
2491 4493 2683 4546 ἑαυτοῦ
2717 4495 3051 4564 κατεδέχετο,
3100 4494 3173 4564 μὴ
3199 4495 3286 4548 διά
3327 4511 3464 4556 τινος
3491 4505 3696 4560 προνοη-

502 4591 606 4645 nisi
657 4586 1036 4657 'egrotantium
1080 4599 1265 4647 causa,
1297 4599 1471 4653 neque
1515 4583 1717 4650 reliqua
1755 4581 1974 4636 nomina
2008 4581 2063 4634 in

501 4681 736 4748 seipsum
804 4676 1108 4742 reciperet,
1168 4673 1273 4726 nisi
1344 4687 1438 4742 per
1492 4672 1725 4740 aliquam
1783 4671 2060 4741 providam

499 4773 607 4825 vim
635 4768 950 4824 efﬁcientem
992 4764 1277 4819 commode
1309 4779 1496 4818 eorum
1549 4764 1723 4834 gratia
1767 4763 1858 4832 qui
1903 4762 2066 4816 bene-

501 4861 622 4916 ﬁcio
661 4859 985 4917 alliciuntur,
1037 4855 1135 4910 has
1179 4869 1340 4909 voces
1394 4863 1645 4924 tanquam
1680 4853 1780 4907 sibi
1816 4852 2064 4921 proprias

498 4950 811 5004 ascisceret.
849 4945 985 5012 Quid
1035 4946 1178 4999 enim
1221 4961 1358 5014 opus
1383 4953 1467 4999 est
1498 4945 1707 5014 singula
1743 4961 2066 5014 percurren-

499 5054 603 5098 tem
631 5044 683 5096 in
714 5042 800 5095 liis
821 5054 939 5110 qua:
959 5045 1105 5093 certa
1136 5046 1262 5092 sunt
1287 5044 1340 5091 et
1361 5035 1733 5090 conceduntur
1760 5051 2062 5091 sermonem

499 5132 834 5205 producere?
871 5129 1039 5184 Filius
1068 5138 1247 5182 autem
1279 5136 1333 5183 et
1373 5127 1612 5186 dextera.
1637 5137 1690 5180 et
1721 5125 2060 5196 Uuigenitus.

495 5239 550 5283 et
579 5225 834 5286 Verbum.
862 5236 915 5280 et
938 5225 1238 5294 Sapientia,
1268 5230 1321 5276 et
1349 5220 1554 5285 Virtus,
1590 5231 1644 5275 et
1669 5221 1852 5275 omnia
1877 5221 2066 5288 hujus-

497 5318 642 5372 inodi
683 5333 802 5388 qua:
831 5318 895 5370 ad
938 5317 1142 5386 aliquid
1183 5315 1460 5377 dicuntur,
1501 5321 1759 5383 tanquam
1809 5313 2065 5383 conjuga-

500 5411 644 5464 tione
701 5407 932 5478 quadam
992 5407 1216 5461 relativa
1264 5421 1388 5459 cum
1432 5403 1590 5458 Patre
1637 5405 1898 5469 omnium,
1935 5406 2063 5459 dum

501 5499 660 5552 simul
703 5498 1036 5556 nominatur,
1067 5495 1285 5549 dicitur.
1326 5494 1417 5548 Dei
1439 5495 1582 5548 enim
1617 5497 1791 5550 virtus
1820 5498 2066 5551 nomina-

497 5597 607 5650 tur,
637 5595 690 5640 et
718 5590 936 5642 dextera
980 5595 1034 5640 ct
1064 5586 1152 5641 Dei
1185 5586 1448 5654 sapientia
1487 5594 1539 5640 et
1584 5585 1759 5641 Patris
1811 5586 1978 5641 Filius
2011 5599 2065 5642 et

501 5678 844 5746 Unigenitus,
879 5689 930 5731 et
961 5675 1194 5730 Verbum
1241 5677 1380 5746 apud
1406 5675 1597 5740 Deum,
1630 5686 1684 5729 et
1731 5693 2066 5746 quacunque

495 5768 935 5837 Inntejusmodi.
973 5768 1325 5838 Consequens
1357 5770 1516 5840 igitur
1545 5786 1608 5824 ex
1646 5771 1729 5826 his
1753 5770 1932 5836 dictis,
1969 5787 2063 5824 cu-

2163 4581 2320 4652 τικῆς
2349 4583 2625 4652 ἐνεργείας
2652 4585 2971 4655 προσφόροις
3004 4585 3097 4636 ἐπὶ
3123 4586 3229 4637 τῶν
3258 4581 3694 4655 εὐεργετουμένων

2163 4673 2260 4738 τὰς
2285 4675 2466 4742 φωνὰς
2492 4675 2876 4744 οἰκειούμενος.
2909 4676 2973 4728 Τί
3005 4677 3114 4746 γὰρ
3142 4677 3223 4730 δεῖ
3250 4678 3315 4730 τὰ
3347 4676 3462 4728 καθ’
3493 4675 3693 4725 ἕκαστον

2163 4767 2388 4837 λέγοντα
2421 4768 2678 4840 μηκύνειν
2705 4769 2762 4820 ἐν
2788 4771 2899 4831 τοῖς
2924 4767 3371 4838 ὁμολογουμένοις
3411 4767 3497 4818 τὸν
3525 4764 3690 4831 λόγους

2166 4863 2293 4925 Υἱὸς
2323 4862 2379 4915 δὲ
2413 4861 2505 4914 καὶ
2533 4859 2712 4926 Δεξιὰ,
2761 4861 2853 4913 καὶ
2888 4862 3217 4929 Μονογενὴς,
3266 4862 3358 4913 καὶ
3399 4859 3577 4925 Λόγος,
3613 4853 3694 4907 καὶ

2165 4953 2353 5022 Σοφία,
2387 4953 2478 5006 καὶ
2503 4952 2757 5022 Δύναμις,
2790 4952 2883 5005 καὶ
2909 4953 2978 5004 τά
3001 4952 3223 5005 τοιαῦτα
3257 4955 3429 5005 πάντα
3457 4951 3547 5002 ὅσα
3575 4945 3693 5015 πρός

2162 5061 2217 5095 τι
2243 5043 2479 5110 λέγεται,
2507 5041 2754 5114 καθάπερ
2785 5046 2843 5096 ὲν
2878 5042 3105 5113 συζυγίᾳ
3135 5045 3241 5095 τινὶ
3266 5043 3479 5112 σχετικῇ
3507 5038 3576 5109 τῷ
3599 5037 3690 5088 Πα-

2164 5137 2252 5204 τρὶ
2306 5135 2522 5187 πάντων
2577 5134 3070 5205 συνονομαζόμενος
3127 5133 3360 5201 λέγεται,
3425 5130 3548 5185 Θεοῦ
3597 5128 3690 5197 γὰρ

2165 5227 2388 5296 δύναμις
2412 5226 2750 5295 ὀνομάζεται,
2775 5227 2868 5278 καὶ
2895 5224 3028 5277 Θεοῦ
3054 5224 3222 5290 δεξιὰ,
3256 5227 3349 5278 καὶ
3378 5221 3502 5276 Θεοῦ
3533 5217 3689 5285 σοφία.

2167 5318 2259 5370 καὶ
2290 5316 2498 5388 Πατρός
2527 5318 2671 5379 Υἱὸς,
2705 5318 2797 5370 καὶ
2826 5317 3152 5387 Μονογεκὴς,
3172 5319 3264 5369 καί
3290 5318 3452 5383 Λόγος
3477 5313 3596 5382 πρὸς
3617 5308 3692 5360 τὸν

2167 5414 2317 5474 Θεὸν,
2351 5413 2444 5466 καὶ
2465 5414 2562 5464 ὅσα
2589 5412 2832 5465 τοιαῦτα.
2869 5412 3076 5464 Οὐκοῦν
3108 5411 3388 5466 ἀκόλουθον
3417 5411 3477 5460 ἐκ
3507 5405 3600 5457 τῶν
3629 5401 3693 5454 εί-

2171 5503 2419 5573 ρημένων
2451 5503 2680 5556 ἑκάστου
2711 5503 2816 5554 τῶν
2845 5503 3121 5572 ὀνομάτων
3149 5501 3470 5571 κατάλληλόν
3490 5512 3597 5550 τινα
3626 5488 3692 5559 τῷ

2167 5593 2526 5661 ὑποκειμένῳ,
2585 5592 2677 5645 καὶ
2723 5593 3037 5663 πρέπουσαν
3089 5593 3367 5663 ὲνθεωρείν
3413 5584 3686 5658 σημασίαν·

2834 5687 2853 5698 υ
2943 5687 2967 5700 ιθ
3043 5684 3054 5696 ο
3101 5684 3126 5700 Ι¹ι
3135 5685 3156 5696 α
3233 5684 3252 5698 κ

2166 5773 2261 5842 τῆς
2292 5771 2568 5836 εύσε6;ίας
2597 5774 3083 5845 πλημμελήσαιμεν
3104 5774 3276 5841 λόγον.
3311 5773 3506 5840 Ὥσπερ
3534 5763 3686 5819 τοίνυν
