3922 6486
219 387 337 442 ,εις

1282 385 1558 442 CONTRA
1584 381 1973 450 EUNOMIUM,
2014 383 2143 438 LIB.
2187 383 2266 441 Ill.

3349 389 3468 449 ’8ίᾶ

235 505 336 557 τῶν
364 503 543 559 ἄλλων
565 506 788 559 ἕκαστον
813 505 946 575 πρὸς
971 506 1032 558 τὸ
1056 505 1353 576 θεοπρεπὲς
1382 505 1792 578 μεταλαϐόντες,

1910 503 2091 573 iusque
2139 505 2332 558 horum
2371 504 2650 558 nominum
2687 505 3130 575 signiﬁcationem
3174 509 3468 579 quamdam

233 596 532 667 ἀθετοῦμεν
563 598 655 668 τὴν
683 593 970 668 πρόχειρον
994 599 1080 650 ἐπ’
1101 598 1278 651 αὑτῶν
1310 599 1533 662 ἔννοιαν,
1555 597 1629 660 ὼς
1661 599 1797 668 μήτε

233 688 342 756 φῶς
385 689 597 748 ὑλικὸν.
645 691 779 759 μήτε
831 689 1174 760 πατουμένην
1226 689 1361 749 ὁδὸν,
1414 690 1549 759 μήτε
1594 688 1685 741 τὸν
1736 692 1798 741 ἐκ

242 781 499 850 γεωργίας
531 782 715 852 ἄρτον,
754 781 891 851 μήτε
919 780 1008 834 τὸν
1033 780 1121 836 διὰ
1167 780 1428 852 ῥημάτων
1453 780 1608 848 λόγον
1633 820 1648 844 ,
1684 779 1798 832 ἀλλ’

229 871 344 924 ἀντὶ
389 870 604 923 τούτων
650 873 832 924 ἐκεῖνα
882 871 1120 941 νομίζειν
1161 873 1260 924 ὅσα
1303 871 1364 923 τὸ
1397 871 1679 941 μεγαλεῖον
1701 872 1800 940 τῆς

229 962 509 1030 δυνάμεως
546 961 637 1015 τοῦ
666 963 800 1016 Θεοῦ
827 963 999 1032 Λόγου
1033 964 1360 1036 παρίστησιν
1384 984 1399 998 ο
1445 965 1615 1028 οὕτως
1640 963 1801 1025 εἴτις

229 1053 439 1123 ἁθετοίη
473 1053 574 1106 τοῦ
619 1054 735 1107 υίοῦ
767 1055 866 1124 τὴν
899 1055 1102 1126 συνήθη
1135 1058 1228 1110 καὶ
1257 1057 1396 1110 κατὰ
1429 1056 1589 1126 φύσιν
1620 1072 1798 1126 σημα-

231 1144 365 1205 σίαν,
397 1143 466 1196 δι’
497 1139 569 1216 ἧς
596 1145 656 1196 τὸ
683 1148 746 1198 ὲκ
771 1146 870 1215 τῆς
912 1147 1098 1210 οὑσίας
1128 1143 1265 1200 εἶναι
1291 1147 1383 1200 τοῦ
1416 1149 1801 1218 γεγεννηκότος

232 1236 598 1307 μανθάνομεν,
643 1239 780 1308 πρός
825 1257 947 1294 τινα
995 1241 1463 1312 θεοπρεπεστέραν
1508 1241 1800 1313 ἑρμηνείαν

231 1324 604 1395 μεταλήψεται
652 1327 866 1391 πάντως
913 1328 974 1382 τὸ
1016 1329 1204 1399 ὄνομα.
1269 1330 1482 1400 Ἐπειδὴ
1528 1331 1637 1401 γὰρ
1693 1331 1801 1384 τῶν

225 1417 394 1469 ἄλλων
418 1418 658 1470 ἑκάστου
681 1419 816 1490 πρὸς
837 1420 897 1471 τὸ
922 1419 1252 1492 ἐνδοξότερον
1279 1425 1310 1491 ή
1344 1421 1640 1493 μετάληψις
1665 1439 1802 1492 γινο-

230 1509 356 1577 μένη
387 1509 531 1579 πρὸς
560 1508 658 1579 τὴν
689 1509 791 1579 τῆς
817 1511 964 1574 θείας
983 1512 1263 1583 δυνάμεως
1295 1513 1513 1579 ἔνδειξιν
1538 1515 1796 1585 ἥρμοσεν,

221 1597 517 1650 ἀκόλουθον
547 1599 766 1662 πάντως
797 1600 914 1652 ἐστὶ
947 1601 1039 1653 καὶ
1065 1601 1252 1655 τούτου
1288 1601 1382 1656 τοῦ
1417 1603 1678 1674 ὀνόματος
1709 1605 1801 1656 ἐπὶ

229 1689 282 1740 τὸ
319 1688 661 1759 ὑψηλότερον
706 1691 1089 1762 μετενεχθῆναι
1133 1692 1194 1746 τὸ
1246 1693 1656 1763 σημαινόμενον.
1705 1693 1800 1757 Τίς

220 1780 287 1833 ἂν
331 1775 426 1834 οὖν
477 1781 696 1848 γένοιτο
740 1781 1174 1854 θεοπρεπεστέρα
1202 1785 1406 1839 διάνοια
1443 1788 1533 1839 ἐπὶ
1577 1787 1678 1857 τῆς
1702 1786 1798 1839 τοῦ

229 1871 350 1925 Υίοῦ
397 1874 800 1945 προσηγορίας,
845 1876 894 1928 εί
937 1876 1179 1930 ἁθετοῖτο
1211 1877 1351 1931 κατὰ
1379 1878 1468 1930 τὸν
1504 1879 1659 1947 λόγον
1688 1879 1796 1932 τῶν

227 1965 566 2018 ὑπεναντίων
596 1968 628 2036 ή
655 1966 858 2038 φυσικὴ
892 1969 1027 2040 πρὸς
1067 1969 1160 2022 τὸν
1207 1972 1539 2042 γεννήσαντα
1571 1972 1752 2042 σχέσις
1779 1989 1794 2037 ;

228 2055 374 2126 Τάχα
402 2057 516 2128 γὰρ
549 2057 722 2120 οὕτως
750 2059 924 2122 οὐδεὶς
963 2059 1098 2128 πρὸς
1127 2061 1376 2115 ἀσέϐειαν
1403 2063 1691 2133 τολμηρὸς,
1723 2063 1798 2126 ὡς

226 2151 278 2201 ὲν
300 2152 408 2212 τοῖς
436 2150 579 2221 περὶ
609 2151 705 2218 τῆς
733 2150 882 2214 Θείας
909 2151 1120 2220 φύσεως
1149 2152 1326 2220 λόγοις
1350 2153 1414 2206 τὸ
1433 2153 1684 2208 ταπεινὸν
1706 2153 1800 2206 καὶ

228 2240 568 2310 χαμαίζηλον
599 2240 708 2294 τῶν
745 2239 962 2312 ὑψηλῶν
987 2259 1046 2295 τε
1076 2243 1168 2296 καὶ
1193 2243 1439 2313 μεγάλων
1471 2245 1800 2316 ἁρμοδιώτε-

225 2349 312 2401 ρον
336 2332 576 2384 οἴεσθαι.
625 2331 832 2386 Οὐκοῦν
875 2335 924 2386 εί
957 2331 1054 2402 μέν
1086 2350 1206 2386 τινα
1235 2333 1435 2403 ταύτης
1466 2335 1802 2405 μεγαλοφυε·

229 2423 413 2494 στέραν
439 2422 695 2476 διάνοιαν
729 2423 1150 2494 ἐξευρίσκουσιν,
1193 2424 1267 2486 ὡς
1292 2425 1506 2490 ἀνάξιον
1534 2421 1673 2479 εἶναι
1715 2427 1798 2479 δο-

229 2517 334 2567 κεῖν
366 2515 498 2584 περὶ
521 2500 624 2567 τού
651 2515 985 2584 Μονογενοῠς
1007 2519 1165 2579 νοεῖν,
1184 2516 1243 2568 τὸ
1267 2517 1331 2570 ὲκ
1347 2518 1446 2587 τῆς
1468 2518 1682 2586 φύσεως
1703 2517 1798 2571 τοῦ

231 2607 429 2678 Harpe;
461 2603 638 2668 εἶναι,
664 2608 972 2662 εἰπάτωσαν
1005 2608 1057 2661 εἴ
1082 2627 1133 2662 τι.
1163 2607 1510 2676 γινώσκουσι,
1538 2610 1679 2662 κατὰ
1700 2611 1800 2680 τὴν

223 2696 542 2768 ἀπόρρητον
567 2695 745 2749 αὑτῶν
777 2697 964 2766 σοφίαν
996 2698 1093 2768 τῆς
1120 2699 1404 2770 πατρικῆς.
1422 2697 1633 2767 φύσεως
1661 2698 1802 2768 Mn;-

232 2788 437 2858 λότερον
459 2805 475 2819 ·
510 2785 664 2840 ὥστε
703 2787 837 2858 πρὸς
871 2789 1045 2842 ἐκεῖνο
1074 2788 1165 2841 τὸν
1216 2790 1473 2859 μονογενῆ
1522 2789 1652 2842 Θεὸν
1704 2793 1801 2843 ἐπ-

230 2879 482 2949 άραντας.
526 2878 630 2946 τῆς
657 2879 791 2949 πρὸς
814 2879 904 2931 τὸν
939 2879 1156 2950 Πατέρα
1187 2880 1420 2948 σχέσεως
1449 2880 1607 2933 αὑτὸν
1636 2882 1802 2952 ὑπερ-

237 2972 371 3040 ἆραι.
424 2971 491 3023 El
549 2969 603 3024 δὲ
647 2970 848 3034 παντὸς
886 2970 1051 3039 ὕψους
1096 2971 1434 3042 ὑπέρκειται,
1485 2973 1576 3026 καὶ
1623 2975 1802 3026 πᾶσαν

235 3061 448 3132 δύναμιν
492 3061 878 3132 Θαυμαστικὴν
920 3061 1233 3132 ὑπερϐαίνει
1264 3063 1359 3132 τῆς
1382 3062 1526 3126 Θείας
1591 3064 1802 3132 φύσεως

233 3152 290 3203 τὸ
320 3153 637 3222 μεγαλεῖον,
691 3153 774 3214 τίς
802 3153 1148 3207 ὑπολείπται
1186 3153 1357 3222 λόγος,
1395 3153 1486 3206 ἐπὶ
1529 3154 1588 3206 τὸ
1622 3154 1802 3222 μεῖζον

238 3242 403 3312 φέρων
423 3243 539 3312 τῆς
566 3241 659 3295 τοῦ
681 3241 810 3294 Υίοῦ
839 3243 1077 3312 κλήσεως
1101 3242 1198 3312 τὴν
1228 3242 1551 3312 ὲρμηνείαν;
1591 3241 1807 3312 Ἐπειδὴ

235 3336 402 3386 τοίνυν
433 3334 702 3403 ὁμολογεῖ
734 3335 910 3386 πᾶσαν
941 3333 1067 3402 περὶ
1100 3333 1194 3386 τοῦ
1231 3333 1563 3402 Μονογενοῦς
1599 3349 1808 3402 σημαν-

237 3425 381 3495 τικὴν
408 3425 590 3489 λέξιν,
620 3424 723 3477 κᾶν
748 3425 813 3476 ὲκ
844 3424 941 3494 τῆς
968 3423 1119 3477 κάτω
1153 3424 1436 3496 συνηθείας
1467 3425 1806 3495 ὀνομάζεται,

238 3515 363 3584 πρὸς
411 3516 475 3568 τὸ
533 3513 944 3584 μεγαλειότερον
986 3516 1105 3578 ταῖς
1145 3514 1373 3576 ἐννοίαις
1428 3515 1809 3584 μετατεθείσαν

242 3604 431 3676 κυρίως
457 3605 725 3671 λέγεσθαι
745 3623 758 3636 ο
797 3603 1064 3658 δείκνυται
1092 3605 1147 3658 δὲ
1177 3606 1250 3676 μὴ
1282 3604 1535 3659 δύνασθαί
1566 3621 1685 3658 τινα
1719 3621 1814 3674 με·

240 3697 681 3767 γαλοφυεστέραν
729 3695 935 3750 ἔννοιαν
990 3697 1087 3766 τῆς
1128 3695 1222 3748 τοῦ
1264 3695 1391 3749 Υίοῦ
1445 3695 1811 3767 προσηγορίας

241 3789 408 3859 εὑρεῖν
435 3787 675 3857 ταύτης,
709 3787 743 3856 ἢ
788 3788 850 3840 τὸ
893 3789 1112 3859 γνήσιον
1145 3787 1280 3859 πρὸς
1322 3788 1410 3840 τὸν
1450 3787 1812 3857 γεγεννηκότα

243 3883 575 3952 παρίστησιν
595 3895 608 3910 ·
647 3871 797 3930 οὐδὲν
824 3873 974 3948 οἶμαι
1003 3879 1199 3949 χρῆναι
1234 3877 1391 3930 πλέον
1424 3878 1811 3947 ὲπιδιατρίδειν

243 3971 313 4042 τῷ
340 3975 522 4042 τόπῳ,
559 3969 756 4033 ἱκανῶς
780 3969 865 4022 διὰ
889 3969 994 4024 τῶν
1026 3969 1325 4041 εἰρημένων
1362 3969 1767 4039 ἀποδειχθέντος
1791 3986 1805 3998 ·

246 4064 318 4115 ἔτι
359 4063 418 4114 οὑ
469 4063 748 4131 προσήκει
803 4061 922 4114 καθ’
971 4061 1260 4132 ὁμοιότητα
1303 4060 1410 4114 τῶν
1447 4060 1648 4113 λοιπῶν
1695 4063 1811 4113 ὀνο-

251 4157 423 4224 μάτων
461 4154 566 4206 καὶ
602 4154 698 4224 τὴν
730 4152 822 4206 τοῦ
861 4153 989 4207 Υίοῦ
1036 4152 1400 4225 προσηγορίαν
1446 4153 1812 4224 μεθερμηνεύο

247 4246 409 4303 εσθαι.

1899 598 2146 664 subjecto
2192 606 2380 650 lltttlllO
2429 598 2844 666 respondentem
2889 609 2941 653 et
2974 609 3360 671 congruentem
3390 603 3472 656 in-

1899 692 2127 757 spicere,
2152 705 2219 742 ne
2248 705 2276 740 a
2327 697 2473 742 recta
2513 689 2864 756 intelligentia
2906 691 3220 747 aberrantes
3255 695 3308 746 in
3351 709 3470 748 ser-

1899 793 2112 832 monem
2158 778 2370 848 pietatis
2421 793 2725 847 peccemus.
2780 780 3244 844 Quemadmodum
3303 784 3469 853 igitur

1899 869 2126 922 aliorum
2167 871 2446 924 nominum
2481 870 2902 939 unumquodque
2935 873 2998 925 ad
3041 872 3091 924 id
3123 874 3266 935 quod
3297 874 3465 928 Deum

1900 961 2054 1016 decet
2105 978 2228 1016 cum
2282 961 2740 1022 transtulerimus,
2777 963 2949 1031 prima
2990 965 3171 1033 specie
3223 967 3275 1018 in
3335 966 3469 1036 ipsis

1900 1061 2245 1123 apparentem
2277 1053 2552 1107 notionem
2584 1055 2918 1122 spernimus,
2957 1055 3031 1108 ita
3075 1064 3130 1108 ut
3181 1072 3356 1124 neque
3393 1058 3471 1109 lu-

1901 1162 2016 1201 cem
2047 1147 2402 1208 materialem,
2437 1161 2608 1216 neque
2634 1148 2775 1200 viam
2808 1163 2928 1216 qua
2953 1148 3178 1214 pedibus
3205 1149 3467 1209 calcatur,

1899 1254 2075 1308 neque
2109 1253 2301 1308 panem
2329 1238 2419 1307 qui
2454 1255 2516 1291 ex
2567 1238 2898 1308 agricultura
2942 1239 3250 1301 conﬁtitur,
3295 1257 3471 1310 neque

1900 1331 2124 1384 verbum
2175 1330 2317 1398 quod
2355 1329 2409 1382 ﬁt
2447 1346 2510 1383 ex
2537 1331 2851 1393 vocabulis.
2885 1331 2975 1384 sed
3010 1347 3108 1398 pro
3143 1332 3225 1386 his
3267 1332 3353 1384 illa
3387 1334 3471 1386 in-

1901 1422 2204 1490 telligamus
2238 1434 2571 1488 quaecunque
2613 1417 2953 1485 majestatem
3007 1421 3256 1486 potentia:
3307 1419 3468 1474 Verbi

1901 1510 1994 1564 Dei
2037 1519 2425 1579 repraesentant
2465 1529 2476 1564 ι
2530 1512 2603 1564 ita
2655 1511 2699 1563 si
2729 1511 2851 1578 quis
2893 1509 3154 1578 despiciat
3197 1523 3468 1565 assuetam

1902 1601 1995 1656 lilii
2030 1610 2082 1654 et
2115 1603 2415 1655 naturalem
2447 1599 2883 1670 signiﬁcandam,
2921 1615 3016 1670 per
3037 1615 3198 1668 quam
3225 1601 3468 1670 ejusdem

1899 1695 2149 1749 essentne
2198 1709 2319 1745 cum
2364 1693 2606 1762 genitore
2665 1707 2787 1747 esse
2827 1691 3151 1755 didicimus,
3200 1693 3355 1760 plane
3401 1693 3468 1746 ad

1901 1785 2137 1854 aliquam
2201 1782 2310 1837 Deo
2364 1782 2536 1851 magis
2589 1781 2841 1835 decoram
2891 1793 2945 1835 et
2991 1782 3468 1852 congruentiorem

1904 1875 2406 1944 interpretationem
2454 1889 2652 1926 nomen
2706 1873 2806 1926 hoc
2840 1881 3212 1928 transsumere
3246 1887 3470 1928 necesse

1903 1966 2084 2022 fuerit.
2148 1965 2426 2035 Siquidem
2491 1966 2634 2018 enim
2692 1966 2920 2018 aliorum
2974 1965 3237 2033 cujusque
3295 1965 3360 2018 ad
3415 1964 3470 2018 id

1901 2058 2046 2128 quod
2083 2058 2348 2112 illustrius
2378 2066 2430 2112 et
2475 2057 2757 2110 decentius
2801 2056 3194 2126 transsumptio
3228 2055 3368 2110 laeta
3401 2057 3470 2112 ad

1899 2150 2097 2206 divinae
2145 2149 2401 2218 potentiae
2442 2147 2959 2203 demonstrationem
3018 2149 3470 2214 accommodavit,

1900 2257 2242 2310 consequens
2271 2242 2496 2295 omnino
2518 2251 2601 2294 est
2649 2239 2811 2308 hujus
2837 2239 2998 2293 etiam
3033 2240 3270 2293 nominis
3299 2240 3472 2309 signi-

1901 2334 2116 2388 ﬁcatum
2148 2333 2211 2386 ad
2232 2332 2282 2385 id
2309 2333 2451 2402 quod
2484 2340 2567 2386 est
2597 2331 2867 2386 excelsius
2893 2341 2946 2385 et
2969 2332 3255 2387 sublimius
3289 2340 3472 2387 trans.

1903 2422 2051 2478 ferri.
2076 2422 2333 2488 Quaenam
2367 2424 2530 2492 igitur
2559 2437 2681 2475 esse
2706 2423 2910 2490 poterit
2930 2421 3037 2477 Deo
3061 2423 3473 2478 convenientior

1904 2517 2183 2586 magisque
2211 2515 2404 2569 decora
2439 2513 2791 2582 intelligentia
2823 2515 2876 2568 in
2927 2514 3048 2569 Filii
3091 2516 3471 2586 appellatione,

1903 2607 1948 2660 si
2000 2607 2298 2662 secundum
2350 2605 2782 2659 adversariorum
2839 2621 3144 2660 sermonem
3207 2609 3475 2663 naturalis

1903 2713 2024 2750 cum
2055 2697 2298 2768 genitore
2343 2696 2553 2750 adet-tio
2595 2698 2707 2751 sive
2740 2697 2933 2750 relatio
2965 2697 3319 2765 repudietur?
3365 2697 3476 2752 for-

1903 2794 2048 2842 tasse
2090 2787 2232 2840 enim
2284 2787 2465 2840 nullus
2509 2795 2616 2840 tam
2669 2788 2842 2840 audax
2882 2795 2936 2842 et
2968 2803 3208 2857 praeceps
3253 2788 3319 2842 ad
3373 2791 3476 2846 im-

1904 2880 2155 2949 pietatem
2189 2877 2364 2940 luerit,
2404 2879 2537 2932 utin
2568 2879 2914 2934 sermonibus
2941 2879 3006 2933 de
3040 2889 3230 2933 natura
3269 2879 3476 2944 divina,

1903 2970 2046 3040 quod
2095 2970 2198 3024 vile
2243 2979 2296 3024 et
2336 2970 2604 3038 abjectum
2649 2980 2752 3033 est,
2804 2971 3014 3040 magnis
3053 2980 3106 3024 et
3155 2971 3476 3026 sublimibus

1904 3060 2314 3115 convenientius
2365 3069 2418 3114 et
2470 3061 2651 3128 aptius
2698 3062 2967 3130 opinetur.
3021 3059 3382 3125 Quamobrem
3427 3079 3455 3116 ε

1910 3153 2143 3222 aliquam
2188 3151 2710 3222 magniﬁcentiorem
2760 3153 3169 3220 intelligentiam
3223 3153 3322 3206 hac
3360 3154 3478 3222 ipsa

1909 3243 2236 3319 excogitant,
2264 3243 2334 3295 ita
2363 3251 2421 3294 ut
2440 3243 2658 3315 indigna
2681 3243 2929 3297 videatur
2955 3258 3074 3297 esse
3095 3243 3160 3297 de
3188 3241 3481 3315 Unigenito

1910 3334 2081 3393 notio,
2117 3348 2308 3403 nempe
2333 3348 2452 3388 esse
2493 3348 2558 3386 ex
2597 3332 2770 3387 Patris
2807 3343 2998 3386 natura
3031 3333 3233 3392 dicant.
3270 3335 3316 3390 si
3347 3335 3478 3406 quid

1911 3433 2251 3494 cognoscunt
2273 3422 2576 3478 secundum
2609 3435 2762 3477 suam
2797 3438 3051 3476 arcanam
3113 3432 3168 3478 et
3219 3424 3477 3478 recondi-

1911 3522 2205 3584 laniatque
2265 3514 2848 3569 incommemorabilem
2899 3515 3220 3584 sapientiam
3255 3524 3478 3585 paterna

1916 3617 2114 3661 natura
2145 3605 2348 3676 aliquid
2387 3606 2657 3660 excelsius
2685 3616 2737 3660 et
2773 3607 3094 3661 sublimius:
3140 3615 3197 3659 ut
3230 3607 3296 3660 ad
3347 3608 3480 3662 illud

1919 3699 2255 3768 unigenitum
2299 3695 2464 3750 Deum
2515 3698 2843 3759 attollentes,
2889 3713 3012 3750 eum
3057 3713 3218 3766 super
3261 3699 3482 3752 relatio-

1914 3806 2038 3844 nem
2063 3805 2223 3858 quam
2271 3788 2336 3841 ad
2373 3787 2588 3843 Patrem
2637 3788 2796 3842 habet
2845 3788 3188 3842 extollamus.
3234 3788 3385 3853 Quod
3431 3790 3480 3844 si

1917 3891 2123 3936 naturae
2148 3880 2342 3933 divinae
2365 3879 2622 3948 majestas
2652 3888 2706 3933 et
2747 3878 3044 3945 amplitudo
3100 3893 3312 3930 onmem
3355 3880 3483 3933 alli-

1915 3974 2154 4028 tudinem
2189 3971 2574 4040 supereminet,
2599 3985 2922 4038 omnemque
2967 3969 3340 4023 admirabilem
3374 3973 3482 4024 vir-

1918 4072 2085 4117 tutem
2113 4069 2368 4132 superat:
2406 4060 2528 4129 quis
2559 4061 2879 4127 relinquitur
2919 4074 3097 4112 sermo
3137 4057 3254 4110 Filii
3297 4061 3483 4128 appel-

1919 4156 2140 4209 lationis
2184 4154 2684 4222 interpretationem
2731 4151 2797 4204 ad
2851 4150 3049 4219 aliquid
3117 4151 3292 4220 majus
3316 4153 3482 4206 extol-

1919 4242 2074 4298 lens?
2106 4243 2372 4308 Quoniam
2396 4242 2557 4311 igitur
2575 4241 2772 4294 fatetur
2795 4256 3007 4294 omncm
3027 4241 3343 4303 dictionem.
3373 4259 3480 4313 qua

251 4341 575 4415 Unigcuitus
634 4341 990 4414 signiﬁcatur,
1029 4341 1242 4395 tametsi
1285 4357 1350 4396 ex
1400 4341 1606 4412 vulgari
1656 4339 2049 4394 consuetudine
2095 4338 2428 4399 nominatur,
2480 4337 2544 4389 ad
2600 4335 3114 4404 magniﬁcentiorem
3169 4349 3392 4390 sensum
3429 4343 3485 4390 et

252 4443 526 4495 notionem
598 4438 916 4492 translatam
971 4437 1187 4506 proprie
1230 4437 1336 4490 diei
1378 4454 1391 4489 :

1453 4438 1790 4490 demonstrat
1842 4443 2022 4489 autem
2099 4449 2157 4486 se
2226 4445 2514 4499 nonposse
2579 4429 2946 4483 sublimiorem
3011 4437 3065 4482 et
3133 4427 3484 4498 magniﬁcen-

251 4535 434 4590 tiorem
498 4534 744 4589 notitiam
792 4532 955 4600 hujus
1003 4530 1121 4585 Filii
1181 4531 1558 4601 appellationis
1619 4531 1883 4596 invenire,
1924 4543 2086 4597 quam
2115 4541 2233 4581 eam
2265 4541 2383 4594 quae
2414 4523 2557 4593 quod
2583 4531 2666 4577 est
2703 4538 3018 4592 germanum
3043 4531 3096 4577 et
3122 4525 3484 4594 propinquum

253 4641 367 4683 cum
431 4644 506 4685 eo
580 4627 672 4697 qui
725 4626 914 4696 genuit
951 4623 1246 4678 exhibeat:
1291 4623 1422 4677 nihil
1467 4633 1598 4692 puto
1641 4631 1890 4693 oportere
1923 4622 2131 4675 diutius
2167 4619 2220 4672 in
2249 4617 2352 4671 hoc
2386 4617 2506 4670 loco
2565 4616 2865 4676 immorari,
2905 4631 3026 4667 cum
3069 4631 3132 4668 ex
3195 4617 3353 4669 dictis
3385 4615 3486 4667 ab-

255 4727 390 4781 unde
436 4725 578 4781 satis
613 4722 1038 4778 demonstratum
1081 4721 1150 4772 sit
1199 4719 1340 4788 quod
1373 4735 1479 4773 nou
1526 4720 1776 4774 convenit
1817 4719 1988 4772 instar
2024 4715 2351 4784 reliquorum
2383 4711 2661 4767 nominum
2710 4711 2869 4765 etiam
2912 4709 3031 4764 Filii
3072 4712 3483 4781 appellationem

259 4814 624 4886 interpretari.

333 4909 469 4961 Ἀλλ’
494 4908 588 4959 ἐπὶ
612 4905 672 4959 τὸ
694 4905 895 4976 βιϐλίον
921 4905 1079 4959 πάλιν
1106 4903 1434 4957 ὲπανακτέον
1454 4903 1550 4974 τὴν
1570 4903 1798 4973 θεωρίαν

1998 4894 2101 4952 seu
2134 4900 2196 4950 ad
2245 4897 2366 4964 ejus
2410 4895 2644 4948 libellum
2691 4893 3200 4962 contemplationem
3254 4893 3488 4947 transfe-

261 4998 366 5050 Οὑκ
412 4999 530 5050 ἔστι
570 4996 679 5048 τῶν
724 4995 924 5057 αὑτῶν,
957 4995 1046 5047 τὸν
1087 4994 1340 5064 γεννητὸν
1370 4993 1613 5063 γέννημα
1644 4994 1821 5060 λέγειν

265 5090 335 5162 μή
369 5088 788 5162 παραιτεῖσθαι·
834 5091 943 5151 τοῖς
989 5087 1096 5158 γὰρ
1148 5088 1368 5140 ἐκείνων
1416 5087 1689 5156 χρήσομαι
1729 5086 1825 5156 ῥή-

269 5200 424 5252 μασιν
447 5199 463 5213 ο
531 5181 641 5248 τῆς
675 5181 1068 5249 τεννηθείσης
1100 5177 1286 5244 αὐτῆς
1325 5179 1538 5241 οὐσίας
1581 5178 1676 5229 καὶ
1717 5175 1824 5242 τῆς

269 5273 368 5326 τοῦ
404 5273 540 5326 Υίοῦ
570 5269 972 5338 προσηγορίας
1007 5267 1120 5334 τὴν
1158 5267 1438 5332 τοιαύτην
1467 5264 1584 5317 τῶν
1611 5265 1825 5332 ὀνομά-

272 5383 380 5418 των
411 5363 817 5431 οἰκειουμένης
857 5360 1092 5429 σχέσιν
1155 5359 1242 5413 καὶ
1281 5357 1440 5409 πάλιν
1472 5356 1827 5426 μετατεθῆναι

271 5455 360 5508 1a.-
392 5455 686 5525 προσφυεῖς
717 5451 1008 5520 ὀνομασίας
1045 5451 1124 5512 εἰς
1164 5448 1428 5518 τροπικὰς
1478 5447 1825 5516 μεταλήψεις,

276 5544 404 5597 ὥστε
433 5547 573 5597 δυοῖν
608 5545 852 5613 θάτερον,
885 5543 917 5613 ἢ
954 5542 1013 5593 τὸ
1039 5541 1300 5612 πρότεφν
1325 5539 1429 5591 τῶν
1468 5541 1828 5608 ἐπιχειρημά-

277 5651 377 5686 των
424 5639 604 5700 αὐτοῖς
637 5635 977 5687 διαπέπτωκε
1003 5672 1018 5695 ,
1067 5636 1161 5684 καὶ
1211 5629 1384 5700 μάτην
1429 5630 1830 5698 καταφεύγουσι

281 5729 406 5788 me:
435 5731 529 5798 τὴν
573 5732 634 5781 ὲκ
661 5728 872 5796 φύσεως
899 5725 1072 5790 τάξιν,
1105 5727 1182 5786 εἰς
1226 5721 1567 5792 κατασκευὴν
1599 5721 1691 5774 τοῦ
1721 5721 1831 5774 δεῖν

281 5825 508 5892 γέννημα
547 5822 638 5876 τὸν
667 5821 985 5891 γεννηθέντα
1023 5815 1480 5890 προσαγορεέεινη
1531 5816 1640 5886 ἣεί
1677 5813 1834 5868 τοῦτο

1929 5006 2136 5043 ramus.
2168 4989 2281 5042 Non
2325 4996 2408 5042 cst
2445 4984 2793 5046 eorumdem,
2830 4985 3066 5051 genitum
3123 4993 3175 5035 ct
3223 4999 3488 5052 gennema

1931 5079 2306 5149 (progeniem)
2357 5077 2539 5131 dicere
2587 5091 2695 5127 non
2748 5088 3001 5126 recusare
3051 5074 3289 5140 (illorqu
3343 5076 3488 5130 enim

1931 5172 2111 5226 verbis
2135 5157 2317 5236 lutar),
2354 5185 2469 5222 cum
2504 5169 2675 5238 genita
2715 5168 2828 5234 ipsa
2869 5167 3093 5220 essentia
3134 5177 3181 5219 et
3229 5165 3358 5218 Filii
3394 5184 3491 5236 np-

1928 5264 2144 5331 pellatio
2177 5264 2333 5316 talem
2383 5263 2652 5315 nominum
2691 5259 2791 5311 sibi
2830 5259 3095 5326 propriam
3144 5258 3364 5311 rindicet
3409 5277 3492 5312 re-

1935 5358 2183 5410 lationem
2208 5373 2220 5408 :
2262 5360 2317 5408 et
2341 5369 2529 5408 rursus
2558 5352 2855 5405 transferre
2888 5352 3149 5420 genuinas
3174 5361 3226 5404 et
3272 5361 3486 5404 natura-

1932 5450 2009 5502 les
2047 5449 2445 5502 nominationes
2493 5446 2558 5498 ad
2592 5445 2828 5513 tropicas
2860 5445 3373 5512 transsumptiones,
3422 5444 3494 5496 ita

1935 5550 1991 5594 ut
2024 5540 2253 5593 duorum
2299 5540 2550 5598 alterum.
2592 5538 2674 5591 vel
2716 5538 2867 5605 prius
2907 5537 3148 5606 ipsorum
3203 5552 3495 5604 argumen-

1933 5637 2046 5682 tum
2072 5630 2291 5690 excidit,
2319 5628 2629 5696 frustraque
2660 5627 2726 5680 ad
2751 5636 2962 5680 natura:
3005 5627 3250 5682 ordinem
3303 5628 3499 5682 confu-

1935 5723 2089 5791 giunt
2122 5722 2187 5774 ad
2232 5719 2584 5775 astruendum
2635 5728 2888 5788 oportere
2932 5720 3172 5788 genitum
3226 5721 3500 5788 appellare

1941 5829 2200 5884 genncma
2234 5812 2620 5883 (progeniem):
2672 5811 2809 5882 quod
2858 5813 2901 5867 si
2936 5812 3066 5866 illud
3109 5818 3497 5867 convenienter
