3922 6460
641 385 748 439 019

642 502 822 570 nymia
865 498 979 552 sive
1016 500 1252 553 nominis
1277 499 1604 569 ambiguitas
1638 502 1923 555 veritatem
1950 501 2222 558 fallaciter

642 598 931 655 pervertat.
963 591 1231 656 Quoniam
1266 590 1430 661 igitur
1460 592 1546 644 via
1576 607 1698 660 quae
1732 607 1827 660 per
1858 608 2081 648 carnem
2117 595 2219 649 ali-

639 682 772 750 quid
797 699 919 737 esse
962 683 1110 743 facit,
1150 683 1444 736 materialis
1473 684 1718 752 quaedam
1749 692 1829 738 est
1858 693 1911 739 et
1945 702 2042 755 per
2089 686 2219 741 allie-

642 780 790 824 ctum
843 772 1185 839 provehitur.
1239 770 1383 840 quod
1433 781 1615 826 autem
1670 774 2056 844 incorporeum
2115 792 2218 831 nec

642 862 789 930 tangi
822 870 999 931 potest
1035 872 1088 915 et
1133 862 1365 917 informe
1393 872 1445 916 et
1487 863 1557 917 ab
1602 866 1748 917 omni
1787 867 2051 919 materiali
2086 883 2218 923 eon-

641 954 883 1007 crctione
919 954 1150 1009 liberum
1194 955 1382 1024 procul
1418 956 1486 1008 ab
1517 957 1663 1009 omni
1688 955 1977 1012 allectione
2014 969 2066 1013 et
2096 975 2219 1028 per-

641 1047 951 1100 turbatione
983 1055 1252 1101 remotum
1272 1036 1356 1101 est
1385 1054 1438 1100 et
1464 1047 1699 1101 alienum
1723 1066 1736 1100 :
1763 1048 1830 1101 de
1855 1063 1961 1117 qua
1993 1065 2219 1119 genera-

639 1136 788 1191 tione
833 1138 1095 1206 quaaritur
1123 1138 1227 1191 hoc
1260 1138 1402 1201 loco,
1446 1145 1696 1207 spectare
1725 1141 1997 1203 convenit,
2048 1156 2116 1194 an
2151 1143 2218 1197 de

641 1227 1042 1296 incorruptibili
1083 1233 1138 1281 et
1184 1227 1391 1289 divina,
1444 1242 1516 1281 an
1548 1228 1615 1282 de
1645 1227 1883 1283 obnoxia
1931 1228 2218 1286 aﬂ'ectibus

640 1328 693 1372 et
722 1318 962 1373 sordida.
993 1317 1097 1373 Sed
1116 1318 1300 1373 nullus
1322 1319 1517 1374 dixerit
1539 1318 1606 1374 de
1628 1320 1905 1390 unigenito
1927 1320 2039 1377 Deo
2063 1332 2219 1377 teter-

641 1424 764 1461 nam
793 1409 1167 1464 exsistentiam
1184 1426 1295 1463 non
1319 1411 1549 1481 proponi
1581 1412 2029 1483 contemplationi
2052 1414 2217 1485 hujus

640 1501 929 1555 sermonis.
974 1500 1114 1568 Quid
1164 1500 1328 1571 igitur
1368 1502 1692 1558 immoratur
1721 1504 1774 1558 in
1813 1504 1914 1559 hac
1945 1506 2217 1575 corporali

641 1600 849 1644 natura:
886 1592 1119 1653 ratione,
1175 1593 1230 1645 in
1265 1593 1631 1649 abominando
1669 1601 1723 1649 et
1772 1594 1919 1650 Γαιᾱο
1950 1598 2219 1653 sermonis

640 1691 929 1752 apparatu,
975 1691 1226 1737 naturam
1277 1683 1533 1739 sordibus
1574 1686 1890 1755 inquinans,
1930 1687 2211 1743 libidines-

639 1790 745 1843 que
787 1774 1036 1828 humanae
1076 1775 1445 1845 generationis
1488 1777 1779 1846 publicans
1812 1782 2095 1849 praposito
2127 1797 2217 1836 are

639 1874 897 1933 gumento
928 1866 1159 1920 relicto?
1187 1865 1307 1920 Non
1338 1868 1482 1922 enim
1506 1868 1798 1924 animalem
1830 1870 1969 1926 hanc
1998 1886 2216 1942 genera-

640 1956 838 2009 tionem
863 1972 984 2027 quae
1004 1973 1100 2026 per
1120 1973 1336 2012 carnem
1368 1960 1645 2029 perﬁcitur
1661 1960 1874 2017 discere
1891 1962 2209 2033 egebamus.

639 2043 773 2109 Quis
796 2047 940 2102 enim
972 2048 1048 2101 ita
1085 2048 1316 2104 stolidus
1352 2058 1411 2103 ut
1438 2050 1679 2120 seipsum
1727 2051 1947 2109 intuens
1980 2063 2033 2109 et
2066 2056 2213 2125 quod

639 2136 938 2191 humanum
978 2146 1063 2194 est
1092 2139 1147 2193 in
1175 2140 1355 2209 seipso
1385 2141 1694 2211 intelligens
1722 2143 1888 2198 alium
1918 2146 2004 2200 sui
2040 2146 2213 2217 ipsius

638 2237 847 2284 natura:
873 2239 1081 2299 quaerat
1108 2232 1484 2302 interpretem,
1520 2241 1574 2288 et
1599 2234 1740 2289 scire
1764 2235 2002 2306 indigeat
2029 2251 2215 2291 neces-

639 2324 817 2376 sarios
855 2322 1081 2379 allectus
1112 2326 1203 2395 qui
1258 2326 1313 2379 in
1361 2326 1609 2395 corporis
1654 2329 2003 2397 generatione
2036 2330 2219 2384 consi-

637 2414 934 2469 derantur?
966 2415 1121 2481 Quod
1145 2417 1300 2471 aliter
1326 2416 1543 2486 quidem
1571 2418 1662 2487 qui
1689 2419 1880 2489 gignit,
1905 2421 2063 2475 aliter
2089 2436 2217 2476 vero

637 2507 729 2574 qui
772 2508 1011 2576 gignitur
1062 2507 1312 2571 allicitur,
1366 2517 1423 2563 ut
1473 2525 1541 2565 ex
1594 2511 1694 2565 hac
1746 2511 1999 2566 doctrina
2052 2513 2217 2569 homo

636 2599 833 2661 discat,
884 2599 1031 2668 quod
1090 2600 1207 2670 ipse
1253 2616 1347 2671 per
1401 2600 1656 2656 allectum
1706 2612 1950 2674 generat,
1980 2613 2034 2659 et
2067 2606 2215 2675 quod

636 2689 862 2745 allectus
883 2691 932 2745 ei
970 2689 1131 2745 fuerit
1152 2692 1521 2762 generationis
1544 2693 1895 2763 principium.
1920 2696 2047 2749 Haac
2066 2697 2212 2751 enim

637 2780 752 2835 sive
784 2790 1070 2837 taceantur
1095 2783 1210 2838 sive
1229 2782 1481 2837 dicantur
1514 2784 1650 2838 nihil
1682 2785 1927 2850 interest,
1960 2787 2075 2842 sive
2090 2787 2213 2857 quis

635 2870 967 2943 divulgando
1021 2884 1231 2928 natura:
1278 2878 1496 2929 occulta
1546 2887 1781 2943 enarret,
1834 2878 1952 2932 sive
1998 2879 2215 2933 silentio

636 2961 879 3017 involvat
898 2979 1022 3033 quae
1049 2978 1159 3017 non
1191 2974 1319 3018 sunt
1344 2963 1615 3018 ell'erenda
1640 2964 1695 3017 in
1713 2964 1928 3034 vulgus,
1960 2973 2214 3019 naturam

635 3062 880 3109 nostram
918 3054 1109 3110 allectu
1137 3055 1252 3110 sive
1284 3055 1525 3123 appetitu
1557 3052 1686 3108 ferri
1726 3070 1837 3108 non
1871 3054 2209 3127 ignoramus.

633 3149 850 3202 excelsa
883 3156 937 3202 et
970 3163 1081 3201 non
1117 3146 1408 3201 enarrabili
1446 3147 1706 3217 unigeniti
1738 3146 1828 3201 Dei
1860 3148 2199 3212 exsistentia,

1884 384 1942 442 S.
1970 385 2299 444 GREGORII
2337 383 2629 444 NYSSENI

3757 393 3841 448 620

2249 509 2297 566 Α
2326 504 2527 574 σαρκὸς
2559 503 2639 567 εἰς
2685 502 2746 555 τὸ
2775 496 2917 556 εἶναι
2944 502 3176 573 πάροδος
3223 503 3379 574 ὑλική
3426 501 3508 567 τίς
3542 500 3647 559 ἑστι
3672 507 3753 561 καὶ
3774 511 3842 565 διὰ

2321 595 2526 658 πάθους
2554 593 2874 664 προάγεται,
2904 594 2965 646 τὸ
2994 593 3050 646 δὲ
3071 593 3383 665 ἀσώματον,
3416 597 3508 648 καὶ
3542 598 3745 666 ἀναφὲς,
3770 604 3842 652 καὶ

2321 685 2575 749 ἀνείδεον,
2601 686 2695 739 καὶ
2716 686 2815 755 τῆς
2837 684 3068 747 ὑλώδους
3094 685 3370 755 ἐπιμιξίας
3390 686 3673 758 ἐλεύθερον,
3697 690 3842 760 πάσης

2319 776 2609 841 διαθέσεως
2629 776 2908 847 ὲμπαθοῦς
2929 775 3302 847 ἠλλοτρίωται·
3331 777 3596 850 θεωρῆσαι
3616 783 3839 851 προσήκει

2322 870 2449 939 περὶ
2477 869 2637 932 ποίας
2681 871 2984 938 γεννήσεως
3033 870 3066 938 ή
3105 868 3328 940 ζήτησις
3371 865 3459 939 ἦν,
3490 870 3582 939 τῆς
3608 872 3841 943 ἀκηράτου

2321 962 2414 1015 καὶ
2441 960 2588 1024 θείας
2609 1001 2623 1023 ,
2651 961 2685 1030 ἢ
2715 962 2814 1030 τῆς
2863 958 3140 1029 ὲμπαθοῦς
3174 960 3267 1013 καὶ
3301 960 3575 1031 ρυπὼσης.
3620 964 3741 1016 Ἀλλ’
3764 967 3841 1018 οὑκ

2320 1055 2384 1106 ἄν
2413 1069 2495 1115 τις
2529 1052 2672 1105 εἴποι
2694 1092 2709 1115 ,
2750 1051 2810 1104 τὸ
2860 1051 2934 1123 μή
2976 1052 3102 1121 περὶ
3128 1051 3222 1103 τοῦ
3273 1052 3587 1121 μονογενοῦς
3620 1052 3739 1107 Θεοῦ
3764 1057 3841 1128 τήν

2322 1141 2645 1212 προαιώνιον
2669 1140 2901 1212 ὓπαρξιν
2928 1140 3248 1212 προκεῖσθαι
3268 1144 3332 1212 τῇ
3358 1141 3555 1213 θεωρίᾳ
3580 1144 3666 1196 τοῦ
3692 1144 3837 1212 λόγου.

2320 1231 2385 1283 Τί
2419 1226 2512 1285 οῦν
2553 1231 2919 1303 ὲμφιλοχωρεῖ
2945 1235 3010 1301 τῇ
3046 1236 3332 1303 σωματικῇ
3374 1233 3541 1303 ταύτῃ
3573 1234 3841 1307 φυσιολογίᾳ⁸

2322 1324 2379 1375 ὲν
2405 1325 2469 1393 τῇ
2508 1321 2736 1392 βδελυρᾷ
2784 1320 2877 1375 τοῦ
2918 1322 3078 1391 λόγου
3116 1322 3408 1393 διασκευῇ,
3441 1324 3839 1394 καταρρυπαίνων

2318 1412 2418 1484 τὴν
2450 1413 2645 1482 φύσιν,
2676 1413 2770 1466 καὶ
2814 1413 2882 1466 τὰ
2926 1412 3053 1482 περὶ
3105 1411 3201 1481 τὴν
3249 1410 3591 1481 ἀνθρωπίνην
3633 1411 3839 1481 γέννησιν

2322 1505 2469 1577 πάθη
2493 1503 2851 1576 δημοσιεύων,
2884 1502 3197 1558 καταλιπὼν
3235 1503 3334 1574 τὴν
3362 1501 3706 1573 προκειμένην
3734 1502 3838 1554 ὑπό.

2321 1596 2498 1661 θεσιν;
2530 1595 2604 1649 Οὑ
2646 1594 2756 1666 γὰρ
2789 1578 2885 1665 τὴν
2925 1592 3111 1664 ζωώδη
3158 1591 3360 1662 ταύτην
3397 1592 3638 1661 γέννησιν
3664 1591 3747 1661 τήν
3770 1591 3837 1643 διὰ

2323 1688 2523 1761 σαρκὸς
2543 1687 2935 1759 συνισταμένην
2962 1686 3152 1757 μαθεῖν
3176 1685 3456 1756 ἐδεόμεθα.
3476 1684 3568 1747 Τίς
3588 1683 3684 1752 γὰρ
3702 1682 3837 1745 οὕτως

2320 1779 2545 1849 ἠλίθιος,
2598 1779 2673 1843 ὡς
2710 1778 2900 1833 ἑαυτὸν
2938 1776 3146 1847 βλέπων
3181 1777 3276 1829 καὶ
3314 1776 3450 1829 νοῶν
3493 1776 3548 1828 ὲν
3604 1774 3756 1843 ἑαυτῷ
3792 1775 3837 1825 τὸ

2244 1856 2291 1915 Β
2321 1870 2680 1942 ἀνθρώπινον,
2720 1868 2885 1940 ἄλλην
2912 1868 3206 1940 ἑρμηνείαν
3233 1869 3332 1938 τῆς
3358 1864 3547 1920 ἑαυτοῦ
3574 1865 3733 1937 ζητεῖν
3757 1865 3834 1933 φύ-

2323 1980 2477 2026 σεως,
2512 1962 2607 2015 καὶ
2633 1962 2838 2014 δεῖσθαι
2876 1959 3064 2031 μαθεῖν
3106 1959 3175 2013 τὰ
3205 1959 3479 2026 ἀναγκαῖα
3508 1956 3645 2026 πάθη
3677 1957 3759 2009 ὅσα
3783 1957 3832 2022 τῇ

2319 2056 2569 2125 γεννήσει
2598 2053 2977 2123 συνθεωρεῖται
3007 2051 3101 2105 τοῦ
3137 2051 3410 2122 σώματος;
3443 2049 3558 2102 Ὅτι
3584 2047 3734 2109 ἄλλως
3762 2046 3833 2115 μὲν

2319 2147 2348 2198 6
2376 2146 2597 2209 τίκτων,
2634 2144 2833 2215 ἑτέρως
2860 2144 2918 2197 δὲ
2941 2143 3004 2196 τὸ
3037 2143 3353 2212 τικτόμενον
3395 2142 3452 2193 ὲν
3478 2139 3629 2193 πάθει
3650 2137 3831 2207 γίνεται,

2320 2237 2395 2299 ὡς
2412 2235 2477 2289 ἂν
2518 2235 2677 2305 μάθοι
2705 2238 2768 2289 ὲκ
2798 2234 2897 2303 τῆς
2924 2232 3272 2295 διδασκαλίας
3303 2230 3504 2301 ταύτης
3531 2232 3557 2283 6
3582 2230 3829 2300 ἅνθρωπος.

2315 2329 2398 2381 ὅτι
2421 2328 2581 2390 αὑτός
2607 2344 2665 2379 τε
2698 2326 2785 2380 διὰ
2814 2325 3019 2388 πάθους
3066 2327 3263 2395 γεννᾷ,
3295 2324 3388 2378 καὶ
3417 2322 3579 2386 πάθος
3614 2320 3738 2390 αὐτῷ
3758 2320 3831 2386 τῆς

2317 2420 2620 2490 γεννήσεως
2651 2416 2871 2488 ἤρξατο.
2919 2414 3104 2469 Ταῦτα
3141 2415 3251 2486 γὰρ
3294 2416 3389 2469 καὶ
3428 2411 3727 2483 σιωπώμενα
3761 2410 3829 2460 καὶ

2316 2510 2601 2581 λεγόμενα,
2629 2509 2690 2562 τὸ
2714 2505 2830 2561 ἴσον
2851 2508 2984 2578 ἔχει,
3010 2508 3109 2561 κάν
3138 2523 3221 2570 τις
3247 2505 3445 2575 διεξείη
3465 2499 3761 2573 δημοσιεύων
3777 2497 3827 2549 τὰ

2317 2600 2544 2669 κρύφια,
2580 2598 2684 2652 κᾶν
2724 2597 3090 2667 συγκαλύπτει
3132 2598 3199 2668 τῇ
3246 2598 3425 2665 σιωπῇ
3468 2593 3533 2646 τὰ
3566 2591 3826 2659 ἀπόρρητα,

2316 2692 2377 2744 τὸ
2402 2691 2490 2744 διὰ
2530 2691 2733 2753 πάθους
2766 2688 3014 2759 προϊέναι
3042 2688 3137 2760 τὴν
3169 2688 3332 2757 φύσιν
3361 2685 3513 2757 ἡμῶν
3550 2683 3640 2736 οὑκ
3672 2679 3824 2750 ἠγνοή·

2320 2800 2491 2852 σαμεν
2510 2799 2523 2811 ο
2556 2781 2823 2852 ζητοῦμεν
2859 2781 2916 2834 δὲ
2948 2781 3077 2855 περὶ
3105 2779 3202 2849 τῆς
3244 2777 3455 2848 ὑψηλῆς
3486 2775 3574 2828 καὶ
3601 2772 3823 2843 ἀφράστου

2318 2873 2446 2944 περὶ
2492 2872 2585 2925 τοῦ
2630 2870 2963 2939 Μονογενοῦς
3017 2870 3339 2941 ὑπάρξεως,
3394 2867 3509 2923 καθ’
3553 2867 3614 2937 ἣν
3662 2866 3715 2917 ἐκ
3753 2857 3821 2912 τοῦ

2320 2961 2530 3033 Πατρδς
2552 2957 2689 3016 εἶναι
2714 2962 3089 3023 πεπίστευται,
3114 2960 3506 3032 σαφηνισθῆναι
3524 2959 3607 3011 τὸν
3626 2956 3767 3022 λόγον.

2250 3052 2559 3119 Quaerimus
2605 3060 2787 3106 autem
2860 3058 2919 3103 ut
2972 3052 3145 3104 oratio
3222 3058 3410 3120 aperte
3451 3055 3631 3102 tractet
3671 3044 3726 3099 de
3757 3043 3819 3096 illa

2242 3144 2545 3211 secundum
2578 3158 2740 3215 quam
2769 3160 2835 3199 ex
2871 3143 2979 3224 lleo
3016 3142 3174 3197 Patre
3206 3157 3333 3198 esse
3366 3142 3594 3196 creditus
3614 3149 3702 3195 est.

705 3239 890 3310 Itaque
936 3252 1062 3292 cum
1112 3237 1226 3292 haec
1256 3239 1327 3292 sit
1365 3238 1643 3308 proposita
1677 3238 1983 3308 inquisitio,
2034 3255 2206 3296 novus

2377 3237 2593 3308 Ταύτης
2619 3235 2797 3289 τοίνυν
2823 3236 3189 3307 προκειμένης
3225 3236 3325 3306 τῆς
3354 3234 3653 3300 ἐξετάσεως,
3686 3233 3819 3284 6x1:-

560 3358 569 3363 -
634 3335 739 3388 iste
785 3331 1069 3400 theologus
1106 3328 1315 3384 ﬂuxum
1369 3338 1423 3384 et
1478 3329 1730 3385 affectum
1786 3338 1839 3385 et
1878 3333 2211 3389 materialem

633 3438 856 3478 causam
872 3429 924 3476 et
951 3421 1280 3477 [unctionem
1298 3422 1587 3491 quamdam
1613 3421 1869 3478 sordibus
1888 3438 1997 3477 non
2024 3439 2215 3480 caren-

634 3525 765 3578 tem,
795 3522 848 3568 et
872 3512 1219 3568 extrinsecus
1260 3511 1569 3566 amueutem
1614 3512 1839 3567 seminis
1870 3513 2211 3583 largitionem

635 3605 929 3673 omniaque
978 3602 1291 3672 hujusmodi
1351 3601 1477 3655 huic
1531 3602 1769 3657 sermoni
1813 3600 2022 3671 adjicit.
2058 3600 2211 3654 Haud

637 3697 752 3751 scio
800 3695 932 3765 quid
981 3694 1029 3750 ei
1082 3692 1364 3759 acciderit,
1407 3692 1502 3763 qui
1558 3694 1629 3747 oh
1659 3693 1881 3747 nimiam
1923 3692 2209 3748 scientiam

637 3786 771 3841 nihil
795 3800 983 3841 eorum
1013 3799 1136 3853 quae
1165 3784 1549 3849 comprehendi
1578 3790 1856 3854 nequeunt
1878 3792 2030 3838 extra
2053 3798 2208 3838 suam

638 3877 1004 3946 cognitionem
1042 3874 1290 3929 relictum
1320 3890 1441 3930 esse
1474 3874 1760 3945 gloriatur,
1794 3885 1849 3929 et
1881 3874 2207 3929 inell‘abilem

635 3967 755 4023 Filii
785 3968 1191 4039 generationem
1228 3982 1286 4021 se
1312 3966 1659 4036 interpretari
1690 3966 1992 4037 profitetur,
2032 3984 2060 4019 a
2083 3981 2209 4036 pro-

635 4062 828 4130 positis
867 4062 1030 4115 rcbus
1062 4060 1373 4123 discedens,
1428 4060 1680 4130 anguilla:
1732 4061 1905 4115 instar
1963 4059 2208 4115 feculen-

633 4162 745 4207 tum
783 4154 952 4206 lutum
984 4161 1039 4207 et
1073 4168 1291 4207 caenum
1336 4153 1659 4207 vilissimum
1704 4152 2093 4223 cogitationum
2126 4153 2209 4205 lu-

637 4246 821 4298 hricus
859 4245 1027 4307 subit,
1062 4260 1171 4299 non
1202 4259 1363 4299 secus
1391 4258 1551 4313 quam
1583 4244 1672 4298 ille
1701 4253 2005 4299 nocturnus
2040 4242 2206 4298 Nico-

635 4336 826 4388 demus
873 4333 967 4402 qui
999 4348 1122 4387 cum
1153 4348 1184 4387 a
1213 4332 1443 4387 Domino
1478 4347 1767 4401 supernam
1802 4332 2205 4402 generationem

633 4427 943 4489 doceretur,
978 4425 1044 4479 ad
1078 4440 1195 4478 eam
1226 4441 1345 4495 quae
1377 4425 1436 4479 ﬁt
1476 4426 1533 4479 in
1565 4427 1700 4479 uteri
1731 4426 1965 4485 sinibus.
1998 4428 2205 4489 cogita-

633 4515 874 4570 tionibus
903 4514 1241 4577 trahebatur,
1274 4522 1329 4569 et
1358 4514 1632 4583 quomodo
1665 4515 1857 4569 iterum
1886 4514 1938 4568 in
1962 4524 2202 4569 ventrem

636 4610 826 4662 matris
861 4607 1259 4678 ingrederetur,
1279 4605 1583 4668 dubitabat,
1609 4607 1797 4661 dicens
1822 4608 1837 4638 ¹
1867 4625 1880 4661 :
1913 4608 2029 4674 Quo
2053 4618 2205 4676 pacto

633 4702 728 4752 hoc
755 4707 923 4764 potest
951 4698 1068 4766 ﬁeri
1110 4698 1134 4750 ?
1180 4697 1500 4753 existimans
1547 4697 1674 4767 quia
1719 4713 1882 4752 senex
1927 4698 2107 4753 denuo
2148 4700 2204 4754 in

632 4793 825 4847 matris
874 4791 1087 4845 viscera
1138 4789 1371 4861 ingredi,
1426 4797 1480 4843 et
1545 4788 1601 4843 in
1651 4796 1807 4843 utero
1852 4791 2054 4861 gestari
2096 4805 2206 4845 non

632 4895 837 4956 posset,
872 4882 1209 4953 spiritualem
1261 4880 1667 4951 generationem
1723 4896 1831 4935 non
1882 4896 2042 4950 posse
2091 4882 2206 4937 lieri

629 4993 805 5047 neque
830 4977 1153 5039 consistere,
1192 4990 1249 5028 se
1286 4972 1709 5044 redarguturum
1735 4988 1875 5029 esse.
1921 4973 2026 5030 Sed
2057 4975 2203 5030 illius

629 5080 903 5127 errantem
936 5067 1245 5137 opinionem
1296 5065 1558 5121 Dominus
1593 5066 1845 5136 corrigit,
1886 5066 2097 5129 dicens,
2138 5082 2201 5122 ea

628 5178 751 5233 qua:
787 5168 913 5215 sunt
948 5159 1129 5213 carnis
1156 5167 1209 5211 et
1242 5158 1467 5226 spiritus
1502 5157 1719 5226 propria
1764 5157 1968 5211 nullam
2002 5158 2201 5213 habere

630 5252 971 5313 societatem,
1019 5263 1119 5303 nec
1150 5263 1311 5317 posse
1340 5247 1706 5302 commisceri.
1750 5246 1816 5300 Et
1841 5248 1927 5302 hic
1961 5250 2200 5317 seipsum

628 5347 684 5398 in
712 5343 983 5399 similibus
1007 5342 1052 5397 si
1084 5342 1211 5396 velit
1238 5340 1523 5395 emendet:
1557 5348 1772 5409 oportet
1795 5340 1963 5402 enim,
1995 5349 2051 5393 ut
2084 5340 2204 5409 opi-

630 5452 753 5500 nor,
780 5436 1021 5492 veritatis
1053 5442 1361 5489 curatorem
1398 5433 1756 5502 contemplari
1791 5432 2096 5501 subjectum
2136 5449 2201 5487 ex

632 5529 701 5586 iis
729 5544 850 5598 quae
885 5528 989 5596 ipsi
1041 5527 1261 5597 propria
1293 5532 1441 5590 sunt,
1470 5540 1581 5579 non
1615 5541 1683 5580 ex
1714 5524 2077 5579 materialium
2113 5540 2205 5579 ac-

633 5620 917 5674 cusatione
947 5617 1273 5673 calumniari
1305 5632 1431 5673 eum
1461 5618 1554 5687 qui
1586 5616 1827 5671 materia:
1864 5626 1949 5672 est
1986 5631 2199 5687 expers.

637 5711 693 5765 Si
716 5710 860 5765 enim
892 5710 1073 5773 homo,
1106 5710 1188 5766 vel
1233 5712 1352 5778 bos,
1383 5709 1467 5767 vel
1499 5709 1645 5765 aliud
1688 5708 1821 5780 quid
1859 5724 2046 5765 eorum
2084 5725 2203 5780 qua:

708 5826 723 5855 ¹
753 5822 908 5877 Joan.
951 5839 1033 5891 Ill,
1076 5824 1157 5878 l0.

2316 3328 2405 3392 νὸς
2450 3326 2696 3396 θεολόγος
2736 3325 2921 3396 ῥεῦσιν
2974 3326 3070 3379 καὶ
3117 3324 3288 3390 πάθος
3328 3327 3420 3379 καὶ
3465 3325 3638 3394 ὑλικὴν
3665 3323 3815 3381 αἰτίαν,

2316 3419 2410 3472 καὶ
2466 3417 2744 3489 ἐνέργειάν
2793 3434 2912 3470 τινα
2955 3416 3127 3487 ῥύπου
3181 3416 3257 3486 μὴ
3307 3414 3713 3485 καθαρεύουσαν,
3753 3412 3817 3463 καὶ

2314 3509 2508 3575 ἔξωθεν
2534 3508 2891 3581 ὲπιρῤέουσαν
2925 3507 3208 3579 χορηγίαν,
3241 3508 3337 3561 καὶ
3366 3508 3535 3561 πάντα
3557 3505 3620 3559 τὰ
3642 3502 3816 3558 τοιαῦτα

2313 3602 2389 3673 τῷ
2410 3602 2551 3672 λόγῳ
2579 3600 2950 3672 προστίθησιν.
2983 3600 3095 3653 Οὑκ
3126 3594 3239 3652 οῖδα
3273 3600 3327 3653 τί
3358 3598 3536 3653 παθὼν
3556 3596 3663 3668 ότῷ
3689 3596 3816 3662 ὑπερο

2312 3693 2558 3747 ϐάλλοντι
2600 3693 2699 3763 τῆς
2743 3692 2934 3760 σοφίας
2978 3691 3143 3763 μηδὲν
3198 3691 3307 3745 τῶν
3353 3692 3596 3763 ἀλήπτων
3634 3689 3720 3755 ἔξω
3743 3687 3814 3751 τῆς

2310 3783 2502 3838 ἑαυτοῦ
2534 3782 2787 3852 γνώσεως
2821 3783 3211 3837 καταλιπέσθαι
3245 3785 3439 3854 λέγων,
3489 3784 3578 3837 καὶ⁹
3617 3780 3700 3852 τὴν
3737 3777 3812 3846 ἆῤ·

2311 3880 2471 3948 ρητον
2502 3876 2595 3929 τοῦ
2639 3874 2769 3928 Υίοῦ
2817 3876 3072 3945 γέννησιν
3113 3876 3585 3946 ἐπαγγελλόμενος.
3624 3869 3812 3927 ἀποστὰς

2308 3968 2415 4021 τῶν
2466 3966 2857 4041 προκειμένων,
2917 3965 3169 4036 ἐγχέλυος
3218 3967 3373 4038 δίκην
3429 3968 3505 4030 είς
3536 3966 3617 4018 τὸν
3662 3960 3808 4027 ἰλυώδη

2312 4059 2568 4131 βόρόορον
2611 4058 2718 4111 τῶν
2761 4058 3034 4129 λογισμῶν
3064 4059 3386 4114 καταδύεται
3410 4077 3422 4089 ·
3474 4057 3601 4112 κατὰ
3632 4055 3707 4108 τὸν
3740 4070 3807 4103 w-

2311 4153 2553 4222 κτερινὸν
2586 4155 2786 4205 ἐκεῖνον
2824 4151 3153 4222 Νικόδημον,
3188 4152 3245 4215 ὃς
3270 4154 3369 4222 τὴν
3394 4150 3583 4206 ἄνωθεν
3610 4148 3807 4215 γέννησιν

2308 4244 2399 4297 τοῦ
2444 4245 2648 4315 Κυρίου
2689 4244 3028 4307 διδάσκοντος
3061 4244 3197 4314 πρὸς
3244 4244 3335 4297 τὸν
3374 4246 3429 4296 ὲν
3468 4244 3628 4313 μήτρᾳ
3655 4235 3806 4291 κόλπον

2308 4338 2417 4399 τοῖς
2445 4336 2721 4405 λογισμοῖς
2751 4336 3079 4407 κατεσύρετο
3102 4352 3115 4365 ·
3160 4337 3256 4390 καλ⁸
3285 4335 3398 4398 πῶς
3427 4335 3489 4389 ἂν
3525 4336 3581 4385 ὲκ
3609 4327 3804 4396 δευτέρου

2309 4428 2469 4481 πάλιν
2509 4428 2655 4491 ἐντὸς
2704 4428 2801 4497 τῆς
2846 4428 3035 4497 νηδύος
3074 4427 3320 4496 γένοιτο,
3368 4426 3621 4497 διηπόρει,
3655 4419 3801 4484 λέγων·

2308 4519 2437 4584 Πῶς
2458 4519 2704 4573 δύναται
2740 4520 2912 4573 τοῦτο
2934 4520 3210 4588 γενέσθαι
3230 4536 3249 4583 ;
3276 4519 3503 4589 νομίζων
3523 4516 3578 4568 τὸ
3605 4514 3667 4584 μὴ
3687 4508 3804 4561 δύνα-

2237 4586 2281 4640 D
2311 4611 2433 4664 σθαι
2472 4611 2563 4664 τὸν
2608 4612 2915 4683 πρεσϐύτην
2942 4586 3052 4666 διὰ
3086 4586 3369 4683 σπλάγχνα
3410 4610 3558 4664 πάλιν
3594 4616 3802 4671 κυοφορη⁶

2313 4702 2469 4773 θῆναι
2499 4704 2746 4775 μητρῷα,
2787 4705 2884 4777 τὴν
2922 4708 3292 4777 πνευματικὴν
3315 4707 3550 4775 γέννησιν
3574 4693 3800 4761 διελέγξειν

2312 4794 2632 4849 ἀσύστατον.
2672 4796 2833 4851 Ἀλλὰ
2874 4797 3125 4850 κάκείνου
3155 4798 3250 4867 τὴν
3295 4792 3677 4867 πεπλανημένην
3701 4783 3798 4837 ὑπό·

2314 4885 2474 4956 ληψιν
2515 4885 2818 4956 διορθοῦται
2865 4887 2893 4939 6
2932 4887 3164 4958 Κύριος,
3194 4888 3397 4959 ἄμικτα
3425 4887 3582 4950 λέγων
3611 4875 3724 4959 εῖναέ
3749 4870 3797 4923 τὰ

2308 4979 2406 5048 τῆς
2442 4977 2639 5049 σαρκὸς
2662 4978 2753 5031 καὶ
2785 4978 2879 5031 τοῦ
2910 4957 3213 5049 πνεύματος
3237 4957 3528 5048 mmmam.
3565 4970 3658 5024 Καὶ
3679 4957 3794 5020 οὗτος

2308 5069 2497 5121 ἑαυτὸν
2526 5070 2583 5121 ἐν
2620 5072 2730 5132 τοῖς
2755 5069 2989 5139 ὁμοίοις,
3022 5072 3069 5121 εί
3104 5068 3375 5138 βούλεται,
3402 5058 3705 5138 διορθούσθω.
3729 5050 3794 5102 Δεῖ

2310 5162 2452 5231 γὰρ,
2493 5155 2678 5230 οἶμαι,
2732 5160 2824 5213 τὸν
2867 5161 3187 5231 φροντιστὴν
3240 5161 3337 5231 τῆς
3364 5154 3596 5228 ἀληθείις
3627 5151 3679 5201 ἐκ
3714 5141 3792 5231 τῷν

2312 5252 2456 5306 ἰδίων
2481 5251 2704 5321 θεωρεῖν
2728 5250 2790 5304 τὸ
2818 5250 3191 5321 προκείμενον,
3218 5251 3291 5321 μὴ
3309 5249 3393 5302 διὰ
3419 5248 3508 5317 τῆς
3527 5242 3619 5296 τῶν
3643 5230 3793 5289 ὑλικών

2308 5344 2641 5414 κατηγορίας
2673 5342 2975 5396 διαὸάλλειν
3000 5343 3089 5396 τὸν
3121 5342 3300 5396 άῦλον.
3336 5343 3395 5394 Εἰ
3420 5354 3518 5407 γαρ
3545 5331 3789 5398 ἄνθρωπος’

2312 5437 2343 5507 ἦ
2387 5436 2532 5505 βοῦς,
2566 5435 2598 5506 ἢ
2629 5434 2755 5489 ἄλλο
2774 5453 2825 5487 τι
2860 5434 2967 5488 τῶν
2992 5434 3076 5487 διὰ
3103 5435 3300 5504 σαρκὸς
3327 5428 3625 5499 τικτομένων
3647 5418 3696 5471 οὑ
3719 5429 3791 5507 κα·

2311 5527 2526 5600 θαρεύει
2557 5528 2761 5590 πάθους
2792 5528 2996 5595 γεννῶν
3024 5528 3057 5596 ἢ
3087 5528 3436 5597 γεννώμενος·
3460 5521 3506 5572 τί
3537 5512 3667 5568 τοῦτο
3692 5501 3791 5602 πρξις

2310 5622 2408 5691 τὴν
2433 5621 2620 5691 ἀπαθῆ
2642 5622 2731 5675 καὶ
2756 5621 3030 5691 ἀκήρατον
3061 5620 3247 5689 φύσινς
3268 5618 3394 5672 Οὐδὲ
3421 5614 3519 5683 γὰρ
3542 5607 3593 5661 τδ
3618 5602 3788 5693 om?"

2312 5713 2455 5783 ἡμᾶς
2485 5708 2642 5777 εἶναι,
2678 5710 2773 5784 τὴν
2798 5710 3091 5765 ἀθανασίαν
3116 5709 3208 5764 τοῦ
3234 5699 3544 5774 Μονογενοῦς
3567 5695 3786 5761 mpii?“
