3922 6468
239 341 336 395 αι

1345 347 1622 404 CONTRA
1660 345 2046 411 EUNOMIUM,
2091 347 2218 406 LIB.
2259 347 2345 403 ιν.

3379 359 3486 415 62?.

238 476 423 527 φεται·
473 462 599 514 οὐδὲ
642 463 674 532 ἠ
708 462 842 534 πρὸς
884 465 1080 519 κακίαν
1126 468 1301 539 τροπὴ
1327 469 1435 523 τῶν
1472 469 1803 541 ἀνθρώπων,

1915 484 2006 539 per
2056 484 2273 523 carnem
2304 471 2619 540 gignuntur,
2670 487 2776 527 non
2814 488 3008 545 purum
3054 483 3137 532 est
3182 476 3250 530 ab
3286 475 3483 534 amictu

236 550 536 620 ἀμφίόολον
566 554 659 606 ἐπὶ
679 555 779 623 τῆς
810 555 960 619 Θείας
998 558 1209 624 φύσεως
1240 555 1378 613 εἶναι
1409 562 1811 632 παρασκευάζει

236 641 293 693 τὸ
318 642 621 712 {sepsit-tow
651 645 770 696 ούδὲ
797 644 922 698 ἄλλο
951 663 1002 698 τι
1030 646 1139 699 τῶν
1170 648 1449 719 ἡμετέρων
1475 651 1567 703 καὶ
1595 651 1687 704 ἐπὶ
1717 652 1811 705 τὸν

235 725 365 779 Θεὸν
401 729 774 799 μεταφέρεται
798 771 812 791 ,
860 730 994 785 ἀλλά
1024 751 1107 796 τις
1144 734 1370 804 ἄμικτός
1394 738 1508 791 ἐστι
1536 740 1629 791 καὶ
1658 741 1805 792 ἀκοι-

236 813 473 883 νώνητος
506 818 541 882 ἡ
575 818 773 888 ἰδιότης
804 820 903 889 τῆς
934 821 1280 897 ἀνθρωπίνης
1310 842 1369 878 τε
1398 828 1491 881 καὶ
1517 828 1617 899 τῆς
1661 827 1810 893 θείας

235 904 410 974 ζωῆς·
464 909 559 960 καὶ
604 909 980 979 παρήλλακται
1020 915 1331 969 παντάπασι
1363 916 1432 969 τὰ
1472 922 1805 990 γνωριστικά

238 993 523 1063 ἰδιώματα,
558 998 635 1061 ὡς
652 1001 795 1069 μήτε
822 1000 993 1055 ταῦτα
1014 1004 1100 1056 ἐπ’
1123 1006 1355 1077 ἐκείνης,
1391 1009 1527 1078 μήτε
1552 1010 1611 1063 τὸ
1630 1010 1805 1082 ἔμπα-

233 1082 315 1133 λιν
347 1084 444 1137 ἐπὶ
472 1086 677 1158 ταύτης
712 1092 893 1143 ἐκεῖνα
922 1091 1449 1163 καταλαμϐάνεσθαι.

1914 564 2041 617 dum
2076 562 2245 631 gignit
2274 564 2353 617 vel
2387 564 2646 633 gignitur,
2688 567 2816 635 quid
2847 567 2947 620 hoc
2988 567 3052 622 ad
3099 576 3351 623 naturam
3383 571 3485 623 im-

1915 653 2189 724 patibilem
2225 661 2277 707 et
2310 654 2820 723 incorruptibilem?
2854 653 2969 710 Non
3008 659 3153 711 enim
3201 659 3346 729 quod
3386 675 3486 716 nos

1914 744 2171 799 mortales
2196 759 2406 807 sumus,
2432 744 2691 814 Unigenze
2724 747 3198 803 tiuunortalitatem
3236 751 3489 818 prmscri-

1912 835 2027 900 bit;
2065 851 2243 903 neque
2288 835 2565 889 hominum
2599 837 2663 889 ad
2697 838 2883 890 vitium
2927 840 3240 906 propensio,
3287 840 3487 892 divinre

1912 934 2122 980 natura:
2150 926 2642 980 immutabilitatem
2670 927 2890 980 dubiam
2923 927 3138 981 reddit:
3174 942 3350 995 neque
3380 941 3484 980 no-
3551 972 3553 975 .

1913 1022 2149 1069 strorum
2192 1014 2485 1085 quidquam
2527 1015 2594 1068 ad
2626 1014 2791 1069 Deum
2834 1015 3190 1071 transfertur.
3230 1014 3333 1069 Sed
3383 1014 3489 1068 hu-

1913 1120 2086 1160 mana:
2112 1113 2166 1161 et
2188 1105 2387 1160 divinae
2419 1112 2626 1159 natura:
2658 1114 2807 1158 certa
2836 1106 3082 1173 quadam
3115 1112 3199 1160 est
3222 1104 3482 1167 immista,

234 1179 575 1238 insociabilis
614 1191 669 1238 et.
707 1186 1168 1244 incommutabilis
1211 1193 1513 1262 proprietas
1546 1214 1560 1249 :
1591 1196 1688 1251 sed
1726 1199 1903 1255 modis
1942 1202 2199 1257 omnibus
2233 1201 2500 1271 ejusmodi
2560 1200 2937 1271 preprietates,
2994 1200 3192 1270 quibus
3256 1208 3485 1267 utraque

236 1286 430 1329 natura
491 1279 849 1351 distinguitur
895 1294 949 1341 et
999 1301 1030 1339 a
1071 1303 1131 1342 se
1178 1288 1411 1345 invicem
1486 1292 1843 1361 discernitur,
1913 1297 2074 1367 longo
2131 1297 2417 1352 intervallo
2481 1294 2705 1358 distant,
2750 1305 2807 1349 ut
2858 1310 3037 1365 neque
3092 1296 3208 1349 hzec
3259 1294 3313 1349 in
3370 1294 3485 1351 illa.

237 1384 409 1435 neque
462 1386 654 1427 rursus
697 1375 814 1428 vice
850 1392 1008 1431 versa
1052 1380 1112 1432 in
1151 1382 1252 1434 hac
1299 1382 1402 1436 illa:
1450 1386 1999 1454 comprehendantur.

303 1462 428 1524 Πῶς
462 1459 556 1516 οὗν
597 1466 628 1517 ὁ
664 1466 957 1539 Εύνὸμιος,
1006 1471 1102 1539 τῆς
1135 1471 1283 1535 θείας
1316 1477 1682 1549 προκειμένης
1725 1478 1803 1549 τῷ

236 1550 375 1621 λόγῳ
400 1557 740 1623 γεννήσεως,
784 1558 942 1625 ἀφεὶς
992 1560 1058 1613 ’τὸ
1101 1563 1476 1632 προκείμενον,
1527 1568 1594 1620 τά
1635 1569 1695 1621 ὲν
1735 1572 1800 1641 τῇ

236 1644 302 1710 γῇ
342 1641 706 1712 διεξέρχεται,
756 1648 1010 1719 οὐδεμιᾶς
1073 1652 1202 1722 ἡμῖν
1243 1656 1368 1724 περὶ
1418 1656 1621 1708 τούτων
1671 1658 1806 1729 πρὸς

237 1730 396 1785 αὐτὸν
425 1733 593 1803 οὔσης
625 1738 1117 1811 ἀμφισϐητήσεως;
1150 1742 1307 1796 Ἀλλά
1336 1746 1597 1816 πρόδηλος
1628 1748 1656 1800 ὁ
1679 1763 1805 1801 σκο-

239 1819 335 1884 πὸς
378 1823 476 1875 τοῦ
512 1826 788 1895 τεχνίτου,
834 1829 919 1884 ἴνα
962 1835 1028 1901 τῇ
1089 1833 1225 1903 πρὸς
1272 1835 1332 1887 τὸ
1371 1837 1541 1899 πάθος
1583 1838 1800 1911 διαδολῇ

1979 1478 2259 1544 Quomodo
2286 1477 2449 1548 igitur
2482 1476 2778 1535 Eunomius
2817 1495 2935 1533 cum
2966 1478 3203 1531 divinam
3244 1489 3480 1545 genera-

1909 1570 2113 1624 tionem
2131 1582 2389 1624 enarrare
2416 1571 2780 1638 proposuerit,
2808 1571 3009 1621 omisso
3031 1567 3333 1637 proposito,
3359 1579 3483 1634 qua:

1912 1661 1965 1715 in
1990 1672 2136 1717 terra
2180 1660 2316 1713 fiunt
2347 1660 2593 1714 oratione
2623 1661 2991 1730 persequitur,
3039 1674 3161 1711 eum
3204 1658 3343 1711 inter
3377 1670 3479 1709 nos

1913 1754 1982 1810 de
2012 1753 2098 1809 his
2129 1753 2276 1806 nulla
2305 1753 2375 1807 sit
2403 1752 2809 1807 controversia?
2839 1750 2943 1805 Sed
2968 1750 3190 1804 evidens
3222 1756 3304 1803 est
3338 1747 3477 1799 vafri

1914 1852 1969 1900 et
2008 1843 2191 1899 callidi
2222 1845 2449 1898 artiﬁcis
2471 1858 2689 1911 scopns,
2721 1851 2782 1898 ut
2809 1841 3083 1897 calumnia
3114 1841 3232 1910 ejus
3256 1854 3481 1909 genera-

240 1914 580 2006 παραγράψῃ
610 1916 704 1969 τοῦ
735 1920 937 1991 Κυρίου
961 1924 1061 1992 τὴν
1092 1925 1362 1994 γέννησιν.
1399 1928 1512 1997 Ἐφ’
1534 1924 1613 1993 οἷς
1639 1929 1811 1999 ἔγωγε

1915 1936 2080 1991 tionis
2112 1951 2235 2006 quae
2270 1936 2328 1989 Iit
2360 1952 2426 1991 ex
2474 1935 2672 1990 affectu
2722 1935 2837 1990 sive
2895 1934 3156 2004 appetitu,
3208 1938 3483 2001 pervertat

239 2003 298 2054 τὸ
322 2004 466 2057 κατὰ
485 2005 584 2076 τὴν
613 2007 957 2080 βλασφημίαν
990 2016 1208 2085 παρεὶς,
1240 2017 1501 2088 θαυμάζω
1523 2021 1620 2091 τῆς
1652 2023 1809 2093 ἀγχι-

240 2096 381 2155 νοίας
432 2096 527 2147 τὸν
585 2096 896 2167 ἄνθρωπον,
954 2100 1069 2165 ταῦς
1132 2104 1402 2177 μέμνηται
1453 2108 1554 2178 τῆς
1605 2111 1811 2175 οἰκείας

241 2185 496 2255 σπουδῆς,
520 2186 579 2249 ὃς
603 2188 662 2240 τὸ
683 2188 792 2242 δεῖν
822 2193 1065 2263 γέννημα
1091 2194 1182 2248 τὸν
1220 2196 1348 2252 Υίὸν
1374 2193 1512 2254 εἶναι
1540 2202 1632 2254 καὶ
1656 2200 1811 2269 λέγε-

241 2277 399 2340 σθαι,
454 2279 548 2332 διὰ
598 2281 705 2334 τῶν
754 2284 1166 2355 προειρημένων
1218 2292 1660 2359 κατασκευάσας,
1714 2294 1812 2348 νῦν

238 2369 366 2438 περὶ
423 2369 521 2421 τοῦ
572 2371 647 2442 μὴ
704 2374 899 2442 χρῆναι
936 2376 1187 2447 γέννησιν
1236 2381 1364 2450 περὶ
1408 2381 1568 2435 αὑτὸν
1611 2384 1810 2437 ἐννοεῖν

235 2460 585 2526 ἀγωνίζεται.
633 2462 695 2515 Et
738 2463 847 2534 γὰρ
892 2467 1042 2520 πᾶσα
1084 2467 1367 2539 γέννησις,
1425 2473 1603 2536 καθὼς
1657 2465 1811 2538 οὗτος

236 2550 426 2613 οἴεται,
460 2552 895 2625 συνεζευγμένην
922 2556 1031 2627 ἔχει
1060 2558 1158 2629 τὴν
1186 2563 1325 2615 κατά
1354 2564 1414 2615 τὸ
1440 2564 1610 2628 πάθος
1635 2566 1811 2620 διάθε-

240 2660 349 2695 σιν·
380 2645 601 2716 ἀνάγκη
637 2648 785 2699 πᾶσα
829 2647 916 2702 διὰ
951 2649 1155 2703 τούτων
1191 2654 1596 2724 ὁμολογεῖσθαι,
1632 2659 1713 2712 ὅτι
1751 2660 1811 2712 τὸ

236 2735 327 2788 τοῦ
377 2736 589 2799 πάθους
635 2737 916 2810 ἀλλότριον
957 2744 1425 2817 συναλλοτριοῦται
1456 2748 1672 2814 πάντως
1716 2753 1810 2804 καὶ¹

237 2827 335 2895 τῆς
360 2829 690 2899 γεννήσεως.
722 2830 785 2882 Ei
811 2830 919 2902 γὰρ
954 2833 1128 2887 ταῦτα
1175 2838 1527 2907 συνηγμένως
1568 2841 1684 2909 μετ’
1717 2842 1811 2895 ἀλ-

238 2918 415 2988 λήλων
447 2919 731 2984 νοεῖται,τὸ
752 2921 920 2986 πάθος
948 2941 1006 2976 τε
1033 2926 1127 2978 καὶ
1156 2928 1188 2997 ἡ
1214 2927 1494 2997 γέννησις,
1522 2932 1549 2983 ὀ
1577 2930 1669 2984 τοῦ
1694 2930 1811 2995 ὲνδς

235 3011 443 3066 τούτων
481 3014 748 3085 ἀμέτοχος
794 3015 901 3069 οὐδ’
941 3016 1006 3069 ἂν
1053 3017 1190 3087 πρὸς
1219 3018 1280 3071 τὸ
1322 3020 1505 3092 ἕτερον
1564 3023 1663 3094 τὴν
1694 3041 1809 3077 κοι-

236 3102 433 3155 νωνίαν
464 3102 597 3172 ἔχοι.
627 3104 752 3168 Πῶς
782 3101 875 3159 οὖν
912 3106 1154 3179 γέννημα
1195 3108 1284 3162 διὰ
1308 3110 1405 3181 τὴν
1440 3111 1691 3182 γέννησιν
1724 3113 1811 3167 λέ-

235 3210 341 3260 γει,
375 3194 471 3247 τὸν
503 3196 587 3247 ὃτι
625 3196 725 3248 ούκ
774 3197 1037 3269 ἐγεννήθη
1087 3199 1178 3253 διὰ
1206 3200 1314 3254 τῶν
1345 3201 1610 3274 νῦν“παρ’
1645 3205 1807 3259 αὐτοῦ

235 3287 548 3359 λεγομένων
592 3288 1076 3361 ἀποδεικνύμενονς
1123 3292 1216 3346 καὶ
1246 3294 1384 3365 ὑπὲρ
1407 3295 1549 3358 τίνος
1580 3298 1808 3368 μάχεται
1834 3286 1876 3341 C

234 3379 372 3449 πρὸς
413 3378 510 3431 τὸν
549 3379 866 3435 διδάσκαλον
906 3383 1063 3453 ήμῶν
1103 3383 1194 3438 τὸν
1248 3385 1679 3452 συμϐουλεύοντα
1736 3389 1810 3460 μὴ

236 3470 586 3543 κατατολμᾷν
642 3472 735 3525 ἐπὶ
772 3473 880 3527 τῶν
904 3473 1063 3527 θείων
1106 3475 1389 3546 δογμάτων
1416 3478 1515 3550 τῆς
1557 3481 1814 3549 ὀνοματου-

236 3566 451 3630 ποιϊας,
482 3566 621 3619 ἀλλὰ
659 3567 1018 3637 γεγεννῆσθαι
1057 3569 1153 3639 μὲν
1180 3569 1484 3639 ὁμολογεῖν,
1517 3572 1591 3643 μὴ
1631 3590 1812 3644 παρα-

237 3659 599 3730 σχηματίζειν
632 3660 689 3713 δὲ
720 3660 817 3731 τὴν
843 3661 1045 3714 ἔννοιαν
1074 3662 1276 3732 ταύτην
1304 3664 1382 3725 είς
1419 3662 1680 3733 ὀνόματος
1722 3665 1813 3719 τύ-

237 3769 372 3806 πονο
402 3752 549 3805 ὥστε
584 3752 827 3824 γέννημα
864 3754 954 3807 τὸν
996 3754 1323 3825 γεννηθέντα
1355 3756 1810 3828 προσαγορεύειν,

236 3846 386 3909 ἰδίως
414 3846 515 3915 τῆς
550 3849 732 3917 φωνῆς
752 3846 953 3915 ταύτης
976 3848 1066 3900 ἐπὶ
1098 3848 1206 3900 τῶν
1236 3847 1478 3917 ἀψύχων,
1511 3848 1544 3917 ἢ
1588 3850 1678 3902 ἐπὶ
1704 3849 1813 3903 τῶν

237 3939 317 3999 είς
348 3937 539 3989 εἰκόνα
559 3937 822 4007 πονηρίας
842 3937 1317 4008 παρειλημμένων,
1342 3936 1449 3989 ὑπὸ
1468 3938 1567 4007 τῆς
1592 3939 1815 4009 Γραφῆς

236 4030 583 4097 τεταγμένης
611 4046 626 4093 ;
671 4028 810 4081 Ἀλλ’
844 4029 970 4081 ὅταν
1007 4029 1105 4099 μὲν
1150 4028 1276 4100 παρ’
1306 4027 1462 4098 ἡμῶν
1492 4028 1714 4099 λέγηται
1755 4030 1816 4083 τὸ

238 4119 348 4173 δεῖν
387 4119 694 4174 σιωπᾶσθαι
722 4119 819 4190 τὴν
849 4121 1029 4190 φωνὴν
1050 4119 1141 4183 τοῦ
1169 4121 1523 4191 γεννήματος,
1547 4121 1647 4192 τὴν
1676 4122 1817 4193 ἀμα-

240 4229 334 4281 χον
372 4212 595 4283 ἐκείνην
630 4213 921 4284 ῥητορικὴν
950 4212 1376 4283 προχειρίζεται,
1413 4213 1815 4284 συμπαραλαμ-

238 4306 423 4359 ϐἁνων
462 4306 543 4367 εἰς
588 4304 903 4374 συμμαχίαν
931 4304 1022 4357 καὶ
1053 4304 1149 4372 τὴν
1179 4304 1568 4377 γραμματικὴν
1617 4304 1817 4376 ψυχρο-

241 4400 432 4468 λογίαν
449 4414 462 4428 ο
498 4397 592 4449 καὶ
625 4396 712 4450 διὰ
741 4396 839 4466 τῆς
862 4397 1112 4467 τεχνικῆς
1132 4396 1241 4449 τῶν
1268 4396 1543 4467 ὀνομάτων
1580 4396 1688 4449 εἴτε
1714 4413 1817 4449 πα-

243 4490 536 4562 ραγωγῆς,
565 4489 673 4542 εἴτε
700 4487 1083 4559 παρωνυμίας,
1134 4488 1242 4540 εἴτε
1280 4488 1380 4540 οὐκ
1419 4484 1513 4540 οἷδ’
1540 4487 1686 4549 ὅπως
1709 4487 1817 4540 δεῖν

1914 2025 2125 2081 Domini
2158 2025 2584 2096 generationem.
2626 2022 2686 2078 In
2735 2024 2935 2094 quibus
2958 2039 3077 2093 ego,
3114 2021 3482 2091 praetermissa

1911 2119 2274 2189 hlaSphemia,
2333 2118 2573 2173 hominis
2636 2117 2913 2187 ingenium
2961 2126 3016 2171 et
3065 2116 3342 2171 solertiam
3383 2113 3482 2167 ad-

1910 2211 2113 2274 miror,
2182 2209 2459 2279 quomodo
2506 2210 2589 2264 sui
2629 2209 2794 2264 studii
2837 2208 3101 2271 meminit,
3155 2208 3245 2277 qui
3282 2205 3481 2261 Filium

1911 2310 2164 2370 oportere
2193 2316 2315 2354 esse
2339 2299 2561 2370 dicique
2598 2314 2863 2371 genncma
2898 2298 3163 2369 (germen)
3206 2298 3320 2353 sive
3356 2313 3484 2367 pro-

1909 2388 2119 2458 geniem
2169 2404 2234 2444 ex
2270 2388 2550 2457 praedictis
2604 2388 2823 2451 astruit,
2875 2402 3022 2441 nunc
3078 2403 3185 2440 non
3234 2395 3485 2455 oportere

1911 2481 2319 2551 generationem
2353 2482 2409 2535 in
2447 2480 2567 2549 ipso
2597 2480 2900 2549 intelligere
2919 2480 3217 2533 contendit.
3255 2476 3315 2530 Si
3339 2477 3482 2530 enim

1911 2571 2090 2626 omnis
2106 2572 2386 2642 generatio
2406 2610 2421 2637 ,
2452 2580 2511 2625 ut
2527 2572 2642 2640 ipse
2663 2578 2934 2634 autumat,
2954 2570 3300 2637 conjunctam
3322 2568 3487 2620 habet

1910 2677 1978 2716 ex
2011 2662 2207 2717 ali‘ectu
2245 2664 2359 2719 sive
2392 2671 2543 2716 motu
2589 2660 3035 2731 dispositionem;
3086 2674 3182 2729 per
3221 2659 3333 2711 haec
3365 2672 3486 2709 om.-

1911 2754 2042 2807 nino
2070 2769 2296 2810 necesse
2328 2752 2600 2819 conﬁteri,
2626 2752 2775 2823 quod
2805 2752 2873 2804 ab
2895 2751 3089 2807 affectu
3122 2752 3355 2804 alienum
3378 2756 3482 2813 est,

1911 2846 2072 2902 simul
2109 2845 2272 2900 etiam
2316 2859 2346 2898 a
2393 2845 2745 2914 generatione
2785 2843 3034 2898 alienari.
3087 2840 3144 2896 Si
3186 2841 3330 2896 enim
3374 2839 3487 2894 haec

1910 2940 2158 3007 c0pulate
2192 2939 2335 2993 inter
2369 2953 2429 2992 se
2457 2936 2844 3005 intelliguntur
2877 2945 2934 2990 et
2978 2934 3206 2989 allectus
3243 2941 3297 2987 et
3323 2947 3485 3003 gene-

1910 3030 2070 3092 ratio,
2126 3030 2220 3099 qui
2271 3029 2469 3083 horum
2521 3028 2685 3082 unius
2728 3039 2811 3081 est
2857 3040 3071 3095 expers,
3130 3040 3307 3095 neque
3356 3039 3481 3078 cum

1911 3122 2079 3175 altero
2121 3122 2283 3175 habet
2315 3120 2779 3174 communionem.
2810 3117 3098 3183 Quomodo
3132 3117 3299 3186 igitur
3349 3132 3485 3185 gen-

1910 3228 2069 3265 ncma
2102 3211 2383 3281 (germen)
2421 3227 2515 3281 per
2545 3210 2948 3279 generationem
2990 3208 3121 3263 dicit
3155 3224 3278 3261 eum
3324 3222 3487 3277 quem

1912 3320 2018 3356 non
2072 3303 2310 3373 genitum
2361 3317 2484 3357 esse
2520 3318 2586 3356 ex
2637 3301 2708 3355 iis
2756 3316 2877 3370 quae
2906 3302 3069 3354 modo
3096 3300 3163 3353 ab
3204 3301 3325 3369 ipso
3358 3309 3488 3353 sunt

1910 3396 2050 3450 dicta
2093 3394 2469 3449 demonstrat?
2507 3393 2676 3463 Cujus
2724 3406 2891 3447 causa
2920 3402 3111 3446 contra
3161 3392 3484 3460 magistrum

1912 3494 2160 3539 nostrum
2206 3494 2430 3555 pugnat,
2486 3486 2863 3541 consulentem
2916 3485 2971 3538 in
3003 3484 3202 3538 divinis
3249 3482 3487 3536 decretis

1911 3592 2019 3631 non
2046 3576 2353 3631 audendum
2384 3591 2506 3631 esse
2549 3577 2769 3631 nomina
2810 3575 3045 3646 tingere,
3103 3574 3195 3628 sed
3246 3573 3484 3642 genitum

1911 3666 2127 3738 quidem
2161 3682 2282 3723 esse
2314 3667 2708 3731 conﬁtendum,
2761 3667 2989 3720 minime
3022 3680 3150 3719 vero
3182 3663 3485 3733 [iungendam

1912 3775 2033 3814 esse
2077 3759 2355 3813 notionem
2406 3760 2545 3813 hanc
2589 3757 2657 3811 ad
2702 3757 2940 3812 nominis
2982 3755 3248 3808 formam:
3306 3755 3379 3807 ita
3427 3763 3487 3806 ut

1915 3851 2151 3921 genitum
2179 3864 2441 3921 gennema
2472 3850 2587 3904 sive
2626 3850 2937 3919 progeniem
2967 3848 3326 3917 appellemus,
3354 3861 3479 3898 cum

1917 3940 2030 3995 luec
2056 3956 2161 3995 vox
2191 3941 2409 4010 proprie
2439 3941 2506 3996 de
2556 3941 2833 4006 inanimis,
2870 3941 2953 3994 vel
2986 3955 3082 4009 per
3113 3938 3484 4006 metaphoram

1915 4034 1981 4086 de
2006 4031 2091 4087 his
2120 4032 2211 4100 qui
2243 4030 2307 4084 ad
2338 4031 2627 4101 imaginem
2657 4030 3024 4099 improbitatis
3048 4043 3224 4084 mores
3257 4027 3482 4095 lingunt,

1916 4140 1945 4177 a
1973 4137 2128 4178 sacra
2153 4122 2435 4192 Scriptura
2459 4121 2731 4192 ponatur?
2761 4120 2864 4175 Sed
2883 4135 3006 4175 cum
3030 4134 3059 4172 a
3085 4119 3242 4172 nobis
3263 4117 3486 4184 dicitur,

1918 4218 2058 4272 hanc
2100 4232 2287 4272 vocem
2346 4228 2613 4286 gennema
2662 4210 2947 4283 (germen)
2998 4209 3214 4265 silentio
3268 4217 3491 4279 praeter-

1917 4311 2148 4365 enndam
2216 4322 2360 4371 esse,
2431 4307 2574 4361 hanc
2628 4302 3102 4374 inexpugnabilem
3160 4300 3488 4356 rhetoricam

1917 4400 2144 4471 profert,
2195 4408 2249 4455 et
2283 4398 2352 4453 ad
2389 4397 2654 4451 auxilium
2695 4397 2858 4451 etiam
2899 4394 3133 4450 assumit
3171 4392 3492 4463 grammati-

1918 4509 2041 4548 cum
2082 4506 2389 4549 sermonem
2418 4488 2678 4559 frigidum
2713 4494 2768 4543 et
2797 4488 3014 4541 inanem
3040 4502 3053 4535 :
3091 4495 3252 4555 atque
3278 4500 3375 4554 per
3404 4498 3494 4537 ar-

238 4584 423 4654 λέγειν
471 4581 644 4636 ταῦτα
692 4582 986 4652 προσήκει,
1031 4579 1117 4633 διά
1156 4579 1361 4633 τούτων
1396 4581 1521 4645 τοὺς
1570 4578 1811 4648 συλλογι-

1920 4586 2208 4641 tiﬁciosam
2240 4583 2522 4639 nominum
2564 4581 2680 4636 sive
2716 4578 3130 4641 derivationem,
3179 4579 3292 4632 sive
3324 4577 3493 4631 deno-

242 4678 414 4748 σμοὺς
445 4691 623 4744 συμπε
634 4674 820 4745 ραίνει,
839 4673 1082 4742 γέννημα
1098 4670 1186 4725 τὸν
1211 4671 1538 4742 γεννηθέντα
1551 4671 1728 4740 λέγειν
1750 4672 1812 4725 ού

241 4769 698 4843 παραιτούμενος.
737 4767 983 4821 Ἐπειδὰν
1012 4768 1069 4820 δὲ
1098 4765 1252 4819 τοῦτο
1282 4766 1563 4836 δεξάμενοι
1590 4766 1688 4837 τὴν
1718 4764 1812 4818 τοῦ

238 4862 507 4931 ὀνόματος
549 4859 755 4913 ἔννοιαν
792 4859 1191 4930 θεωρήσωμεν,
1241 4858 1317 4921 ὡς
1359 4856 1453 4910 τοῦ
1491 4856 1671 4911 κοινοῦ
1712 4856 1813 4926 τῆς

239 4957 429 5018 οὐσίας
476 4952 725 5006 ἐντεῦθεν
777 4952 1253 5023 συνδεικνυμένουο
1302 4951 1462 5005 πάλιν
1504 4952 1814 5005 ἀνατίθεται

239 5047 335 5110 τὰς
366 5046 505 5108 ἰδίας
532 5042 735 5113 φωνὰς,
759 5042 853 5095 καὶ
882 5043 1009 5113 περὶ
1038 5041 1129 5095 τοῦ
1165 5042 1238 5113 μὴ
1259 5040 1581 5111 γεννηθῆναι
1608 5040 1666 5093 τὸ
1687 5040 1815 5109 γέν·-

241 5156 386 5208 νημα
409 5134 765 5198 διατείνεται,
798 5137 864 5203 τῇ
902 5132 1124 5204 ῥυπώσῃ
1159 5132 1470 5203 φυσιολογίᾳ
1492 5130 1585 5185 τοῦ
1634 5148 1818 5201 σωμα-

241 5230 394 5284 τικοῦ
429 5230 592 5281 τόκου
628 5226 726 5298 τὴν
767 5225 1014 5297 καθαράν
1047 5242 1107 5278 τε
1160 5225 1255 5278 καὶ
1303 5224 1449 5279 θείαν
1496 5223 1590 5278 καὶ
1630 5223 1817 5294 ἅπαθῆ

244 5320 333 5373 τοῦ
361 5319 575 5389 Κυρίου
620 5315 1111 5388 παραγραφομενος
1136 5314 1415 5385 γέννησιν·
1445 5314 1520 5377 ὡς
1550 5315 1648 5367 οὐκ
1674 5314 1817 5367 ἐνδε-

245 5412 466 5481 ςίὸμενον
493 5408 565 5460 τά
588 5406 682 5459 δύο
711 5408 829 5459 κατ’
858 5405 1019 5459 αὑτὸν
1052 5406 1143 5457 ἐπὶ
1179 5404 1273 5457 τοῦ
1305 5403 1438 5458 Θεοῦ
1474 5404 1814 5476 συνδραμεῖν,

248 5502 303 5556 τό
343 5518 405 5553 τε
455 5498 593 5570 πρὸς
622 5498 714 5551 τὸν
756 5498 973 5568 Πατέρα
1000 5498 1240 5567 γνήσιον,
1289 5497 1503 5564 καὶτὴν
1533 5496 1822 5551 ἀπάθειαν

247 5593 343 5663 τῆς
374 5593 626 5663 φύσεως⁹
664 5591 777 5646 ἀλλ’
820 5593 871 5644 εἰ
914 5591 1013 5662 μὲν
1045 5589 1103 5644 τὸ
1132 5589 1339 5653 ἀπαθὲς
1384 5592 1499 5661 εἴη,
1547 5591 1645 5643 οὐκ
1682 5588 1822 5645 εἶναι

251 5689 341 5758 τὴν
372 5688 651 5759 γέννησιν,
693 5688 742 5739 εί
790 5686 849 5740 δὲ
875 5686 937 5739 τὸ
973 5684 1193 5756 γνήσιόν
1238 5702 1321 5749 τις
1368 5685 1677 5759 ὁμολογοίη,
1731 5688 1823 5740 καὶ

254 5780 420 5844 πάθος
447 5782 517 5851 τῇ
544 5778 796 5849 γεννήσει
818 5776 1035 5841 πάντως
1067 5775 1597 5847 συμπαραδέχεσθαι.

1919 4678 2297 4742 minationem,
2346 4677 2462 4731 sive
2497 4672 2687 4729 nescio
2715 4671 2991 4742 quomodo
3019 4671 3135 4724 haec
3176 4670 3285 4723 sint
3322 4685 3494 4724 enun-

1919 4771 2105 4825 tianda
2129 4813 2143 4836 ,
2178 4784 2273 4840 per
2316 4768 2433 4823 haec
2464 4766 2811 4839 syllogismos
2849 4764 3148 4827 concludit,
3188 4778 3293 4815 non
3336 4778 3494 4815 recu-

1919 4879 2047 4918 sans
2074 4878 2197 4916 eum
2231 4860 2323 4930 qui
2354 4860 2572 4930 genitus
2597 4866 2681 4913 est
2714 4857 2896 4911 dicere
2927 4870 3190 4926 genncma
3234 4870 3328 4907 seu
3367 4868 3493 4922 ger-

1919 4968 2064 5009 men.
2092 4950 2232 5006 Tum
2268 4966 2399 5006 vero
2432 4951 2480 5005 si
2531 4951 2635 5003 hoc
2687 4964 2884 5002 nomen
2917 4946 3270 5014 accipientes,
3328 4943 3493 5011 hujus
3543 4998 3550 5011 ,

1920 5046 2194 5099 notionem
2232 5043 2651 5113 perspiciamus,
2704 5047 2765 5095 ut
2817 5040 2981 5095 etiam
3024 5038 3149 5091 inde
3180 5035 3495 5089 communio

1919 5136 2171 5192 essentia;
2216 5135 2646 5201 demonstretur,
2692 5149 2885 5189 rursus
2922 5131 3171 5202 proprias
3204 5143 3366 5183 voces
3396 5145 3494 5182 ex-

1920 5228 2095 5298 ponit,
2130 5236 2185 5282 et
2216 5243 2481 5298 genncma
2525 5227 2589 5279 ad
2621 5224 2750 5279 illud
2785 5239 3002 5295 quoque
3027 5221 3170 5291 quod
3200 5236 3305 5273 non
3342 5221 3486 5290 geni-

1921 5329 2036 5372 tum
2092 5327 2176 5375 est
2219 5317 2482 5384 extendit,
2538 5318 2757 5373 sordida
2807 5314 3145 5385 physiologia
3189 5312 3493 5381 corporalis

1921 5417 2111 5479 partus
2138 5423 2328 5477 puram
2351 5416 2406 5463 et
2426 5408 2664 5462 divinam
2685 5415 2740 5462 et
2760 5405 3044 5460 aﬂ‘ectibus
3067 5418 3174 5457 non
3196 5401 3489 5457 obnoxiam

1921 5499 2135 5553 Domini
2178 5499 2581 5569 generationem
2629 5497 2949 5552 describens
2989 5512 3001 5546 :
3041 5509 3104 5549 ac
3147 5492 3193 5548 si
3235 5493 3348 5547 lucc
3383 5491 3494 5544 duo

1915 5593 2069 5663 juxta
2094 5592 2213 5662 ejus
2232 5591 2545 5660 Opinionem
2562 5605 2671 5643 non
2695 5587 2909 5660 possint
2936 5588 2989 5641 in
3010 5587 3118 5643 Deo
3136 5599 3490 5647 concurrere,

1920 5695 1973 5740 et
1998 5684 2146 5755 quod
2176 5699 2299 5737 cum
2334 5682 2494 5736 Patre
2525 5694 2843 5751 germanum
2874 5687 2980 5745 est,
3020 5687 3072 5734 et
3108 5685 3317 5732 natura)
3345 5674 3493 5731 ἀπάο

1922 5776 2092 5843 οειαν,
2143 5773 2431 5830 aﬂ'ectuum
2467 5771 2828 5830 vacuitatem:
2868 5770 2961 5827 sed
3010 5770 3052 5825 si
3101 5770 3244 5841 quod
3299 5768 3491 5822 nam"
