3922 6460
459 317 562 372 0'23

1684 315 1740 369 S.
1775 311 2038 369 GREGOF

2142 313 2187 366 Ν
2196 312 2234 366 Y
2243 313 2434 369 SSENI
3158 351 3172 362 ν
3589 315 3676 370 εει

460 444 610 490 caret
656 436 836 501 fuerit,
865 451 973 491 non
1005 451 1126 490 esse
1156 436 1592 506 generationem:
1637 435 1785 506 quod
1815 436 1860 489 si
1905 432 2027 502 quis
2061 433 2384 488 conﬁteatur
2405 435 2550 504 quod
2574 449 2888 505 germanum
2915 444 3018 500 est,
3044 435 3297 490 allectum
3353 436 3511 490 etiam
3568 451 3676 490 cum

460 531 813 601 generatione
842 530 1128 584 admittere

532 623 647 677 Non
674 623 754 678 sic
783 623 1034 680 sublimis
1054 622 1314 690 Joannes,
1349 642 1455 680 non
1481 628 1562 681 sic
1583 643 1686 681 vox
1712 626 1803 680 illa
1832 634 2032 679 tonans

2140 679 2144 686 _
2205 618 2316 688 Οὐχ
2353 619 2523 683 οὕτως
2565 622 2593 673 6
2635 619 2835 690 ὑψηλὸς
2887 619 3154 688 Ἰωάννης,
3188 621 3285 690 οὑχ
3316 620 3485 683 οὕτως
3517 624 3679 695 ἐκείνη

463 715 750 784 theologia:
797 715 1058 784 praedicat
1094 719 1434 786 mysterium,
1495 720 1588 787 qui
1618 720 1780 772 etiam
1826 716 2030 770 Filium

463 807 557 861 Dei
589 808 857 873 nominat,
904 810 1161 878 omnique
1198 811 1454 878 opinione
1485 811 1766 865 affectibus
1801 809 2034 862 limrente

463 907 728 969 expurgat
763 900 1116 970 praeconium.
1150 900 1291 956 Ecce
1315 901 1460 955 enim
1487 901 1758 967 quomodo
1789 901 2034 953 auditum

463 996 730 1058 praeparat
787 996 841 1044 et
892 997 1019 1043 ante
1073 997 1232 1044 sanat
1282 990 1335 1040 in
1393 990 1673 1057 procemiis
1733 987 2032 1057 Evangelii.

464 1080 679 1144 Quanta
698 1095 862 1150 porro
892 1080 944 1133 in
964 1080 1188 1134 doctore
1215 1081 1578 1150 providentia,
1607 1096 1676 1134 ne
1697 1080 2032 1134 audientium

465 1171 665 1241 aliquis
715 1173 768 1224 in
815 1171 1046 1227 humiles
1094 1179 1146 1225 et
1196 1172 1437 1240 abjectas
1467 1171 1754 1241 opiniones
1788 1177 2031 1232 corruat,

465 1264 532 1317 ad
563 1263 831 1332 absurdas
865 1263 1127 1332 quasdam
1181 1263 1524 1332 suspiciones
1564 1277 1630 1315 ex
1682 1260 1899 1316 inscitia
1949 1260 2035 1313 lu-

464 1353 617 1406 brico
646 1355 796 1422 lapsu
827 1352 1113 1407 incitatus!
1147 1351 1218 1406 Ut
1246 1354 1392 1407 enim
1424 1368 1588 1422 quam
1615 1352 1934 1422 longissime
1967 1351 2035 1404 ab

465 1443 661 1498 aﬁ‘ectu
715 1459 821 1496 non
873 1444 1230 1498 exercitatum
1280 1444 1531 1497 auditum
1567 1444 1881 1504 abduceret,
1922 1458 2034 1496 non

464 1532 660 1586 Filium
688 1533 825 1588 dixit
853 1533 907 1586 in
936 1534 1222 1602 prooemio,
1257 1549 1363 1586 non
1399 1532 1633 1596 Patrem,
1668 1547 1777 1586 non
1808 1548 2036 1602 genera-

464 1624 706 1688 tionem;
747 1639 816 1678 ne
844 1624 968 1692 quis
998 1623 1050 1676 in
1088 1625 1277 1693 primis
1318 1625 1399 1678 vel
1428 1623 1644 1678 Patrem
1681 1623 1927 1685 audiens,
1968 1623 2035 1677 ad

463 1723 768 1782 promptam
800 1723 853 1769 et
884 1722 1067 1768 notam
1109 1714 1272 1784 hujus
1304 1714 1542 1769 nominis
1579 1714 2034 1784 signiﬁcationem

464 1804 794 1870 traheretur,
850 1804 934 1858 vel
972 1802 1168 1858 Filium
1221 1804 1506 1873 praedicari
1556 1818 1677 1856 cum
1727 1802 2033 1863 didicisset,

463 1904 728 1950 consueto
787 1910 938 1950 more
984 1905 1038 1949 et
1084 1896 1286 1950 usitato
1325 1893 1631 1966 signiﬁcatu
1677 1894 1782 1948 hoc
1834 1909 2032 1948 nomen

2133 713 2165 779 ἡ
2203 711 2425 780 βροντέα
2458 711 2608 780 φωνὴ
2649 711 2709 762 τὸ
2737 710 2834 779 τῆς
2878 709 3152 778 θεολογίας
3188 710 3452 780 κηρύσσει
3493 717 3681 785 μυστή-

2135 818 2251 871 ριον
2272 818 2285 831 ·
2319 802 2376 866 ὃς
2421 803 2514 856 καὶ
2553 802 2681 855 Υἱὺν
2705 802 2956 871 ὀνομάζει
2985 800 3119 853 Θεοῦ
3139 843 3153 862 ,
3183 803 3274 854 καὶ
3306 801 3484 870 πάσης
3525 806 3684 874 ἐμπαο

2135 892 2259 956 θοῦς
2298 894 2614 964 ὑπολήψεως
2647 894 2960 965 ἐκκαθαίρει
2994 894 3053 946 τὸ
3099 895 3381 964 κήρυγμα.
3435 895 3556 948 Ἰδοὺ
3588 897 3684 967 γάρ

2135 983 2250 1044 πῶς
2291 984 2690 1057 προθεραπεύει
2723 984 2822 1053 τὴν
2850 983 3016 1054 ἀκοὴν
3044 985 3100 1036 ἐν
3129 986 3239 1046 τοῖς
3276 985 3575 1053 προοιμίοις
3600 988 3682 1039 τοῦ

2135 1075 2485 1143 Εὑαγγελίου.
2531 1077 2668 1144 Ὅση
2713 1075 2820 1145 γὰρ
2863 1077 2920 1127 ἐν
2950 1075 3027 1142 τῷ
3055 1075 3359 1145 διδασκάλῳ
3402 1078 3685 1147 προμήθεια

2134 1167 2228 1220 τοῦ
2262 1170 2334 1237 μή
2371 1184 2492 1219 τινα
2530 1167 2636 1219 τῶν
2661 1167 2963 1220 ἀκουόντων
3009 1168 3089 1229 εἰς
3120 1166 3384 1229 ταπεινὰς
3413 1167 3685 1236 ὑπολήψεις

2137 1258 2479 1320 καταπεσεῖν,
2501 1257 2634 1327 πρὸς
2653 1257 2883 1318 ἀτόπους
2905 1257 3056 1320 τινὰς
3085 1257 3338 1320 ὑπονοίας
3358 1259 3415 1322 ἐξ
3440 1259 3684 1328 ἁμαθείας

2137 1347 2599 1418 ὑπολισθήσανταὲ
2633 1349 2718 1410 Ὠς
2760 1348 2865 1420 γὰρ
2900 1348 2965 1400 ἂν
3011 1348 3244 1417 μάλιστα
3284 1349 3471 1419 πόρρω
3501 1348 3684 1411 πάθους

2136 1441 2406 1508 ἀπαγάγοι
2437 1440 2536 1510 τὴν
2578 1439 2920 1510 ἀγύμναστον
2952 1439 3142 1510 ἀκοὴν,
3174 1441 3272 1509 οὑχ
3311 1441 3437 1492 Υἱὸν
3467 1437 3607 1494 εἶπεν
3635 1444 3685 1494 ἐν

2137 1533 2427 1602 προοιμίῳ,
2476 1531 2534 1582 οὐ
2583 1531 2830 1600 Πατέρα,
2861 1531 2919 1582 οὑ
2964 1531 3252 1602 γέννησιν,
3290 1531 3378 1585 ἴνα
3417 1534 3489 1602 μή
3521 1550 3598 1596 τις
3635 1536 3685 1586 ἐν

2138 1621 2371 1693 πρώτοις
2400 1622 2431 1692 ἦ
2460 1621 2670 1692 Πατρὸς
2695 1621 2952 1684 ἀκούσας,
2981 1625 3261 1693 κατασυρῇ
3293 1622 3429 1692 πρὸς
3453 1623 3546 1694 τὴν
3569 1625 3686 1694 πρό-

2135 1731 2312 1785 χειρον
2345 1712 2578 1783 ἔμφασιν
2608 1711 2705 1765 τοῦ
2733 1711 2991 1781 ὀνόματος
3011 1751 3024 1774 ,
3059 1711 3092 1781 ἦ
3127 1712 3255 1764 Υίδν
3290 1711 3474 1782 μαθὼν
3502 1729 3686 1782 κηρυσ-

2138 1805 2392 1875 σόμενον,
2433 1803 2572 1858 κατά
2614 1802 2711 1874 τὴν
2738 1795 2839 1856 ὧδε
2876 1802 3156 1873 συνήθειαν
3205 1803 3375 1876 νοήσῃ
3412 1802 3472 1855 τὸ
3498 1803 3682 1873 ὄνομα,

2135 1897 2169 1968 ἢ
2219 1895 2526 1966 προπταίσῃ
2560 1893 2638 1963 τῷ
2671 1894 2874 1963 ῥήματι
2917 1892 3017 1961 τῆς
3062 1893 3400 1962 γεννήσεως,
3455 1893 3528 1956 ὡς
3572 1892 3686 1961 λίθῳ

464 1988 646 2041 animo
675 1987 1182 2056 comprehenderet,
1217 1994 1272 2040 et
1309 1986 1366 2040 in
1398 1986 1765 2056 generationis
1792 1986 2032 2040 vocabu-

2140 1987 2589 2059 προσκόμματος’
2622 1984 2734 2038 ἀλλ’
2762 1984 2882 2037 ἀντὶ
2913 1983 3011 2054 μὲν
3043 1983 3280 2053 Πατρὸς,
3317 1983 3486 2052 ἀρχὴν
3514 1983 3689 2053 ὀνομά-

465 2080 576 2133 lum
623 2079 949 2148 procideret,
1002 2086 1258 2148 tanquam
1298 2078 1352 2131 in
1395 2078 1629 2147 lapidem
1681 2077 2034 2133 oﬁ'ensionis:

466 2171 560 2226 sed
597 2171 774 2226 Patris
809 2171 929 2225 loco
961 2170 1292 2240 principium
1326 2171 1592 2233 nominat,
1627 2179 1679 2224 et
1715 2160 1815 2240 pro
1847 2171 2036 2236 verbo,

464 2264 679 2332 genitus
707 2272 812 2324 est,
840 2263 1020 2332 posuit
1051 2263 1274 2316 verbum
1294 2303 1308 2325 ,
1349 2272 1496 2326 erat,
1523 2272 1575 2317 et
1607 2263 1728 2316 loco
1760 2261 1880 2316 Filii
1906 2303 1920 2326 ,
1951 2264 2038 2316 τὸν

465 2355 658 2422 Λόγον,
694 2353 956 2418 Verbum,
987 2361 1040 2408 et
1066 2353 1140 2407 ait
1171 2372 1183 2406 :
1218 2352 1282 2406 In
1313 2354 1567 2422 principio
1602 2363 1716 2407 erat
1751 2353 1972 2407 Verbum
1993 2355 2036 2409 '.

465 2449 600 2512 Quis
627 2447 681 2500 in
715 2446 802 2500 his
823 2445 1086 2501 aﬁ‘ectus?
1119 2445 1208 2500 dic
1233 2446 1395 2499 mihi:
1431 2454 1484 2500 et
1516 2454 1657 2510 erat,
1691 2455 1744 2501 et
1767 2445 2036 2501 Verbum:

464 2557 592 2594 num
649 2540 874 2596 aﬁ‘ectus
923 2538 1025 2594 fuit
1083 2540 1454 2610 principium?
1537 2556 1666 2594 num
1728 2542 1782 2595 in
1843 2541 2038 2596 aﬁ‘ectu

463 2632 614 2686 erat?
634 2645 764 2685 num
795 2647 888 2700 per
917 2630 1194 2698 aﬁectum,
1216 2633 1244 2685 6
1269 2633 1460 2700 Λόγος,
1478 2631 1756 2687 Verbum?
1786 2634 1880 2688 Vel
1905 2650 2040 2703 quo-

465 2723 606 2777 niam
639 2724 692 2777 in
729 2723 892 2778 dictis
931 2739 1039 2778 non
1076 2733 1162 2778 est
1199 2723 1446 2788 allectus,
1488 2741 1663 2794 neque
1711 2725 1856 2794 quod
1917 2741 2039 2794 pro—

464 2816 641 2886 prium
677 2822 732 2870 et
774 2830 1091 2884 germanum
1122 2824 1205 2869 est
1239 2816 1342 2870 hoc
1386 2817 1660 2885 praeconio
1703 2817 2036 2871 enuntiatur.

463 2905 624 2976 Atqui
659 2905 934 2975 quomodo
969 2905 1127 2959 aliter
1155 2907 1327 2975 magis
1359 2913 1411 2959 et
1443 2906 1649 2960 clarius
1681 2906 1734 2960 id
1769 2904 1912 2974 quod
1953 2920 2036 2959 se-

465 2997 702 3052 cundum
760 2996 1056 3052 essentiam
1115 2985 1405 3052 commune
1459 3007 1542 3051 est
1597 3004 1650 3051 et
1697 3012 2036 3066 germanum,

467 3085 728 3155 quodque
750 3095 1081 3140 coaeternnm
1105 3083 1271 3140 Verbi
1301 3100 1424 3138 cum
1454 3086 1746 3155 principio,
1765 3102 1925 3156 quam
1945 3102 2040 3156 per

463 3178 579 3233 haec
609 3179 779 3233 verba
825 3192 1146 3247 expressum
1182 3175 1511 3232 esset?Non
1561 3179 1706 3232 enim
1759 3178 1914 3241 dixit,
1956 3177 2034 3231 Ex

465 3272 732 3341 principio
766 3270 1006 3340 genitum
1043 3278 1126 3324 est
1157 3269 1416 3332 Verbum,
1451 3285 1519 3324 ne
1569 3269 1802 3340 quadam
1845 3279 2036 3324 exten-

467 3363 582 3416 siva
616 3360 840 3416 notione
887 3377 915 3413 a
947 3360 1220 3429 principio
1253 3359 1488 3414 Verbum
1521 3359 1890 3430 disjungeret;
1943 3360 2036 3414 sed

465 3455 629 3508 simul
681 3467 806 3506 cum
850 3451 1123 3522 principio
1171 3453 1485 3522 pratdicavit
1537 3467 1845 3516 commune,
1913 3468 2038 3507 cum

467 3542 608 3596 dixit
637 3549 690 3596 et
723 3541 789 3596 de
826 3540 1096 3611 principio
1137 3551 1191 3596 et
1217 3541 1284 3596 de
1321 3540 1520 3604 Verbo,
1551 3558 1745 3611 nempe
1774 3551 1930 3609 erat;
1968 3559 2036 3598 ne

469 3631 739 3702 principio
793 3631 1068 3701 posterius
1112 3641 1257 3686 esset
1310 3631 1569 3696 Verbum,
1624 3633 1714 3686 sed
1766 3633 2038 3701 prazconio

468 3724 711 3778 auditum
740 3729 1123 3787 anteverteret,
1155 3723 1468 3790 priusquam
1503 3723 1679 3776 solum
1713 3723 2037 3793 principium

470 3814 523 3866 in
553 3813 733 3881 seipso
764 3810 1101 3872 admitteret,
1125 3825 1250 3863 cum
1274 3809 1524 3878 principii
1559 3809 1658 3863 ﬁde
1689 3825 2036 3878 congressus.

467 3904 673 3959 Deinde
717 3903 814 3966 ait,
849 3901 918 3955 Et
974 3900 1197 3956 Verbum
1240 3910 1356 3954 erat
1401 3900 1538 3966 apud
1581 3899 1745 3953 Deum
1773 3900 1812 3953 ³.
1848 3901 2039 3953 Adhuc

456 3995 782 4067 evangelista
863 4001 1111 4047 nostrum
1156 3992 1305 4046 timet
1351 3990 1485 4044 rude
1520 3998 1574 4044 et
1626 3991 2039 4045 inexercitatum

468 4085 768 4154 ingenium,
802 4083 982 4137 adhuc
1012 4082 1205 4138 metuit
1243 4091 1484 4137 nostram
1528 4079 1810 4134 infantiam
1853 4089 1907 4135 et
1943 4080 2042 4132 im-

467 4178 759 4246 peritiam,
820 4176 1062 4230 nondurn
1125 4173 1541 4229 ﬁdeicommittit
1605 4171 1814 4225 auditui
1865 4170 2040 4224 Patris

470 4270 907 4338 appellationem,
942 4283 1009 4322 ne
1035 4267 1159 4337 quis
1180 4281 1367 4321 eorum
1397 4265 1488 4334 qui
1520 4263 1690 4333 magis
1717 4277 1935 4316 carnem
1957 4275 2043 4315 sa-

471 4359 650 4426 piunt,
678 4372 802 4409 cum
842 4355 1057 4410 Patrem
1091 4354 1345 4418 audierit,
1394 4371 1519 4408 mox
1558 4363 1784 4407 matrem
1814 4366 1878 4404 ex
1915 4365 2043 4404 con-

472 4456 735 4517 sequente
769 4447 954 4500 animo
983 4462 1083 4501 suo
1117 4446 1282 4515 ﬁngat
1312 4455 1363 4502 et
1399 4447 1693 4516 imprimat.
1734 4443 1837 4498 Sed
1869 4457 2045 4512 neque

471 4543 648 4596 adhuc
681 4539 876 4593 Filium
898 4540 1139 4594 nominat
1171 4541 1226 4593 in
1260 4540 1359 4593 hoc
1382 4538 1655 4608 praeconio
1683 4555 1695 4591 :
1734 4536 2045 4606 suspicatur

2139 2078 2241 2143 ζει,
2267 2080 2387 2131 ἀντὶ
2426 2078 2484 2130 δὲ
2522 2077 2616 2129 τοῦ
2651 2074 2931 2146 ἐγεννήθη,
2959 2075 3019 2127 τὸ
3050 2070 3139 2144 ἦν,
3181 2074 3305 2126 ἀντὶ
3343 2073 3399 2126 δὲ
3427 2073 3520 2126 τοῦ
3548 2073 3686 2134 Υἱοῦ,

2137 2173 2227 2226 τὸν
2253 2172 2444 2240 Λόγον,
2477 2170 2567 2222 καὶ
2596 2167 2756 2238 φησίν
2777 2185 2790 2200 ·
2837 2168 2938 2221 Ἑν
2972 2165 3128 2236 ἀρχῇ
3156 2161 3236 2235 ἦν
3264 2170 3297 2220 ὀ
3319 2167 3522 2235 Λόγος.
3549 2167 3690 2218 Ποῖον

2139 2266 2196 2317 ἐν
2231 2264 2437 2326 τούτοις
2477 2261 2673 2324 πάθος;
2704 2260 2822 2312 είπὲ
2854 2275 2972 2328 μοι·
3011 2260 3102 2312 καὶ
3137 2255 3227 2329 ἦν,
3260 2258 3353 2312 καὶ
3387 2258 3550 2326 Λόγος
3571 2273 3583 2287 ο
3624 2256 3689 2326 μὴ

2142 2355 2308 2418 πάθος
2335 2355 2366 2425 ή
2396 2353 2558 2424 ἀρχὴ,
2596 2353 2669 2422 μὴ
2716 2354 2772 2404 ὲν
2799 2351 2959 2404 πάθει
2987 2351 3046 2403 τὸ
3077 2347 3144 2421 ἦν
3169 2390 3185 2417 ,
3226 2351 3302 2421 μὴ
3331 2348 3417 2402 διὰ
3457 2347 3644 2409 πάθους
3664 2347 3690 2397 ὁ

2139 2447 2307 2512 Λόγος
2331 2463 2344 2510 ;
2376 2445 2445 2496 Ἢ
2471 2442 2654 2512 ἐπειδὴ
2684 2441 2852 2505 πάθος
2873 2443 2931 2494 ἐν
2957 2443 3068 2504 τοῖς
3091 2440 3401 2512 εἰρημένοις
3417 2439 3513 2491 οὑκ
3538 2438 3686 2499 ἔστιν,

2138 2535 2257 2588 οὑδὲ
2295 2534 2354 2586 τὸ
2392 2535 2589 2585 οἰκεῖον
2633 2530 3044 2598 συνεπιφαίνεται
3081 2529 3158 2599 τῷ
3203 2528 3535 2600 κηρύγματι.
3577 2526 3692 2580 Καί-

2139 2642 2284 2692 τοιγε
2331 2622 2446 2686 πῶς
2480 2623 2546 2676 ἂν
2577 2623 2776 2692 ἑτέρως
2812 2619 3008 2690 μᾶλλον
3052 2618 3333 2688 διαφανείη
3377 2617 3436 2671 τὸ
3471 2617 3583 2670 κατ’
3608 2616 3689 2669 οὑ-

2141 2719 2260 2769 σίαν
2299 2715 2474 2768 κοινόν
2514 2731 2574 2767 τε
2609 2714 2702 2765 καὶ
2733 2713 2983 2781 γνήσιον,
3017 2710 3110 2764 καὶ
3153 2709 3218 2762 τὸ
3251 2707 3578 2772 ωναῖδιάζον
3607 2705 3688 2759 τοῦ

2138 2808 2310 2876 Λόγου
2334 2806 2470 2878 πρὸς
2499 2807 2594 2876 τὴν
2629 2803 2822 2874 ἀρχὴν,
2855 2803 2888 2873 ἢ
2918 2801 3006 2857 διὰ
3036 2801 3243 2854 τούτων
3269 2801 3376 2854 τῶν
3404 2800 3600 2869 λόγων;
3623 2797 3690 2851 Ού

2139 2900 2246 2969 γὰρ
2277 2894 2449 2963 εἶπεν,
2487 2898 2580 2950 Ἐκ
2616 2897 2715 2967 τῆς
2741 2895 2912 2966 ἀρχῆς
2945 2892 3205 2964 ἐγεννήθη
3233 2894 3263 2945 6
3287 2891 3490 2960 Λόγος,
3515 2891 3594 2943 ἵνα
3625 2889 3689 2959 μή

2139 3012 2244 3047 τινι
2270 2989 2622 3064 παρατατικῷ
2649 2991 2874 3060 νοήματι
2897 2989 2995 3057 τῆς
3023 2986 3197 3057 ἀρχῆς
3218 2984 3469 3055 διαζεύξῃ
3497 2983 3582 3036 τὸν
3603 2982 3692 3034 Λό-

2140 3104 2270 3154 γον,
2330 3083 2443 3138 ἀλλ’
2477 3083 2611 3153 ὁμοῦ
2645 3085 2710 3152 τῇ
2742 3083 2881 3151 ἀρχῇ
2925 3077 3288 3147 συνεκήρυξε,
3332 3076 3503 3130 κοινὸν
3543 3070 3690 3128 εἰπὼν

2141 3180 2234 3248 τῆς
2267 3177 2440 3247 ἀρχῆς
2480 3192 2539 3227 τε
2573 3175 2664 3226 καὶ
2691 3171 2783 3225 τοῦ
2815 3171 2986 3237 Λόγου
3019 3171 3078 3223 τὸ
3105 3165 3204 3239 ἦν’
3251 3171 3338 3222 ἵνα
3378 3167 3450 3239 μὴ
3491 3167 3691 3234 ἐφυστε-

2145 3271 2284 3340 ρήσῃ
2309 3265 2445 3337 μετά
2471 3265 2569 3330 τὴν
2597 3262 2769 3333 ἀρχὴν
2795 3263 2823 3314 6
2843 3261 3032 3328 Λόγος,
3056 3259 3190 3313 ἀλλὰ
3221 3258 3401 3328 φθάσῃ
3426 3256 3517 3326 τὴν
3541 3251 3689 3340 ἀκοήν

2140 3359 2217 3428 τῷ
2257 3339 2604 3428 κηρύγματι,
2656 3355 2782 3424 πρὶν
2829 3352 2992 3421 μόνην
3038 3349 3138 3419 τὴν
3181 3347 3357 3419 ἀρχὴν
3400 3344 3482 3413 ἐφ’
3512 3339 3691 3407 ἑαυτῆς

2141 3445 2566 3518 παραδέξασθαι,
2599 3447 2665 3514 τῇ
2704 3443 2830 3512 περὶ
2873 3441 2971 3510 τῆς
3003 3437 3175 3509 ἀρχῆς
3213 3437 3391 3489 πίστει
3427 3429 3685 3486 συνελθὼν.

2139 3538 2272 3596 Εἶτά
2297 3557 2450 3610 φησι,
2480 3537 2590 3592 Καὶ
2616 3542 2647 3591 ὁ
2676 3536 2864 3603 Λόγος
2889 3528 2967 3603 ἦν
2991 3529 3139 3599 πρὸς
3162 3527 3274 3582 τὸν
3291 3528 3456 3581 Θεόν.
3490 3524 3601 3576 Ἔτι
3625 3518 3692 3571 δέ·

2138 3633 2314 3686 δοικεν
2365 3629 2519 3700 ήμῶν
2567 3629 2596 3679 6
2653 3622 3041 3692 εὑαγγελιστὴς
3087 3620 3149 3673 τὸ
3199 3617 3570 3687 ἀγύμναστον·
3619 3610 3690 3663 ἐτι

2141 3699 2396 3792 φοϐεῖται
2414 3718 2569 3789 ἡμῶν
2591 3717 2650 3768 τὸ
2675 3713 2938 3785 νηπιῶδὲς
2963 3729 3024 3764 τε
3054 3711 3148 3764 καὶ
3171 3708 3510 3762 ἀπαίδευτον.
3544 3699 3692 3756 Οὔπω

2141 3809 2523 3869 καταπιστεύει
2552 3811 2616 3879 τῇ
2649 3809 2784 3877 ἀκοῇ
2821 3806 2920 3875 τὴν
2950 3803 3040 3856 τοῦ
3077 3799 3291 3870 Πατρὸς
3325 3793 3686 3870 προσηγορίαν.

2140 3907 2227 3957 ἵνα
2276 3905 2348 3974 μή
2380 3919 2460 3964 τις
2489 3899 2593 3952 τῶν
2623 3893 3078 3968 σαρκωδεστὲρων
3111 3891 3334 3961 Πατέρα
3373 3887 3549 3981 μαθὼν
3568 3923 3581 3946 ,
3611 3881 3690 3981 καὶ

2145 3994 2356 4066 μητέρα
2378 3989 2518 4043 κατά
2550 3988 2610 4040 τὸ
2639 3984 2922 4040 ἀκόλουθον
2943 3981 3030 4035 διά
3050 3980 3148 4049 τῆς
3170 3977 3405 4038 διανοίας
3434 3975 3688 4066 ἀνατυπω·

2144 4060 2322 4157 σηται.
2367 4083 2501 4136 Ἀλλ’
2528 4077 2871 4135 οὑδέπωοὺτε
2896 4075 3019 4128 Υἱὸν
3044 4069 3300 4141 ὀνομάζει
3329 4073 3384 4122 ἐν
3409 4067 3481 4136 τῷ
3508 4060 3690 4157 κηρύγ-

2145 4152 2293 4252 ματι·
2335 4173 2626 4230 ὑποπτεύει
2669 4171 2777 4241 γὰρ
2818 4169 2897 4221 ἔτι
2929 4167 3084 4238 ἡμῶν
3131 4162 3228 4233 τὴν
3266 4161 3400 4252 πρὸς
3434 4157 3526 4252 τήν
3559 4152 3688 4252 κάτω

2145 4242 2302 4343 φύσιν
2344 4267 2648 4338 συνήθειαν,
2681 4265 2754 4333 μή
2784 4278 2864 4324 τις
2891 4259 3016 4311 Υἱὸν
3045 4256 3306 4318 ἀκούσας⁹
3339 4242 3688 4343 ἐξανθρωπίνῃ

2143 4338 2203 4416 τὸ
2223 4364 2379 4419 Θεῖον
2404 4359 2469 4411 δι’
2497 4353 2776 4427 ὲμπαθοῦς
2821 4347 3160 4418 ὑπολήψεως.
3190 4344 3289 4396 Διά
3330 4340 3470 4394 τοῦτ’
3511 4338 3688 4427 saeva:

2144 4452 2433 4522 λαμϐάνων
2473 4419 2544 4499 τὸ.
2576 4447 2856 4514 κήρυγμα,
2898 4438 3068 4505 Λόγον
3100 4435 3260 4488 πάλιν
3290 4431 3562 4522 ὠνόμασεν
3573 4464 3602 4522 ,⁸
3617 4419 3687 4472 σοὶ

2145 4513 2316 4600 ταὺτα
2344 4535 2674 4611 φυσιολογῶν
2715 4531 2792 4602 τῷ
2832 4529 3063 4598 ἀπίστῳ.
3107 4526 3193 4587 Ὠς
3227 4523 3336 4593 γὰρ
3368 4523 3394 4573 6
3423 4519 3508 4580 σὸς
3548 4513 3686 4611 λόγος

469 4636 610 4691 enim
647 4643 890 4686 nostram
939 4631 1005 4683 ad
1057 4642 1303 4684 naturam
1360 4631 1520 4683 imam
1571 4627 2038 4690 consuetudinem,

2149 4641 2241 4692 καὶ
2269 4641 2333 4690 ἐκ
2353 4633 2445 4687 τοῦ
2472 4631 2560 4685 νοῦ
2584 4625 2932 4696 ἀναφαίνεται
2957 4622 3050 4675 καὶ
3078 4620 3135 4671 οὑ
3169 4613 3497 4688 μεσιτεύεται
3523 4604 3680 4715 πάθει·
3769 4671 3774 4676 η

469 4743 536 4781 ne
574 4726 698 4794 quis
744 4723 932 4777 audito
970 4721 1092 4775 Filii
1150 4721 1370 4775 nomine
1403 4720 1468 4773 ad
1519 4720 1756 4774 hominis
1812 4717 2040 4771 formam

469 4818 807 4872 divinitatem
845 4814 1062 4869 turbida
1113 4813 1348 4883 quadam
1401 4820 1455 4866 et
1496 4813 1687 4864 affectu
1728 4813 1884 4881 plena
1927 4809 2043 4878 opi-

468 4909 632 4961 nione
673 4905 982 4960 reduceret.
1029 4902 1375 4972 Quapropter
1412 4903 1746 4972 prmconium
1793 4910 2043 4970 repetens

468 5014 660 5054 rursus
696 4997 933 5052 Verbum
969 4995 1291 5066 nominavit,
1325 4995 1437 5047 haec
1471 4992 1565 5047 tibi
1597 4992 1835 5046 naturali
1882 4991 2044 5046 modo

467 5093 753 5147 declarans
808 5088 1034 5144 inﬁdeli.
1078 5070 1146 5142 Ut
1174 5087 1318 5142 enim
1373 5095 1499 5140 tuus
1529 5101 1710 5138 sermo
1757 5102 1820 5139 ex
1868 5094 2045 5140 mente

474 5185 673 5253 prodit,
717 5198 894 5251 neque
955 5180 1172 5236 aﬁectui
1225 5179 1435 5234 medius
1487 5177 1888 5232 intermiscetur
1921 5195 1935 5231 :
1968 5179 2046 5233 sic

470 5279 633 5330 etiam
668 5277 779 5328 illic.
811 5273 1047 5327 Verbum
1095 5287 1218 5325 cum
1258 5270 1481 5335 audisti,
1510 5277 1562 5324 et
1591 5285 1658 5323 ne
1699 5269 1953 5324 aﬁ‘ectum
1979 5285 2046 5323 ex

470 5370 652 5436 aliquo
693 5366 997 5435 intelligas,
1053 5361 1174 5417 ideo
1208 5363 1436 5428 repetito
1499 5362 1769 5432 praeconio
1823 5361 1918 5427 ait,
1978 5360 2046 5413 Et

481 5458 704 5512 Verbum
731 5467 846 5511 erat
880 5455 1019 5525 apud
1054 5454 1241 5509 Deum.
1267 5454 1313 5508 Ο
1344 5455 1614 5524 quomodo
1661 5454 1769 5508 Deo
1809 5454 2045 5508 adnectit

471 5543 706 5602 Verbum
729 5551 740 5602 !
765 5550 874 5602 imo
905 5561 1052 5609 vero,
1076 5547 1348 5615 quomodo
1379 5548 1646 5602 inlinilum
1680 5562 1803 5602 cum
1833 5547 2044 5603 inﬁnito

546 5731 566 5758 ³
603 5728 758 5785 Joan.
796 5745 830 5796 ι,
863 5729 912 5782 -l.
991 5728 1012 5758 ³
1071 5725 1203 5781 ibid.

2144 4732 2314 4792 οὑτως
2342 4727 2499 4780 κάκεῖ
2526 4720 2694 4789 Λόγον
2722 4715 2980 4777 ἀκούσας,
3017 4711 3110 4764 καὶ
3136 4710 3237 4760 οὑκ
3262 4706 3322 4758 ἐκ
3342 4717 3478 4763 τινος
3498 4696 3683 4792 νοήσεις

2142 4824 2202 4877 τὸ
2241 4785 2432 4881 πάθος.
2483 4811 2582 4866 Διά
2608 4785 2763 4864 τοῦτό
2799 4822 2959 4875 φησιν
2989 4799 3270 4856 ἀναλαϐὼν
3319 4795 3472 4848 πάλιν
3510 4789 3564 4841 τὸ
3599 4785 3683 4853 κή-

2144 4931 2348 4988 ρυγμα,
2373 4907 2478 4964 Καὶ
2504 4909 2536 4960 ό
2556 4907 2742 4973 Λόγος
2767 4897 2846 4970 ἦν
2873 4899 3020 4967 πρὸς
3050 4894 3154 4988 τόν·
3181 4892 3346 4988 Θεέν.
3379 4888 3441 4987 “t3
3468 4881 3685 4988 πῶς

2146 4981 2402 5078 ραμετρεῖ
2420 4997 2497 5069 τῷ
2529 4993 2647 5064 Θεῷ
2672 4994 2760 5045 τὸν
2779 4991 2953 5084 Λόγον
2978 5003 2991 5017 ο
3023 4984 3216 5084 “ait?
3247 4981 3321 5084 ἰδὲῖ
3357 4981 3681 5084 mhi

2149 5071 2378 5168 ρατείνει
2401 5089 2476 5158 τῷ
2509 5087 2720 5157 ἀπείρῳ
2744 5083 2803 5134 τὸ
2832 5080 3090 5148 ἀπειρονί
3137 5076 3199 5125 '0
3230 5071 3414 5168 Λόγος
3445 5071 3534 5168 ην.

2145 5152 2250 5239 τὸν·
2280 5152 2460 5237 Hadr"
2485 5180 2618 5249 πρὸς
2643 5152 2760 5230 δλον
2788 5174 2878 5226 τὸν
2900 5171 3029 5223 Θεὸν
3062 5169 3273 5224 πάντως
3312 5161 3426 5220 ὅλος
3459 5159 3490 5249 6A
3511 5152 3677 5249 Λόγοῆ

2149 5235 2371 5330 ὸὺκοὺν
2388 5275 2510 5334 ὅσος
2531 5235 2566 5322 ,ὁ
2597 5235 2747 5329 θεὸς,
2776 5262 3025 5322 τοσοῦτος
3060 5255 3260 5327 δηλαδὴ
3295 5253 3386 5305 κα)⁸
3414 5249 3441 5300 6
3469 5243 3623 5334 Λόγος

2149 5370 2284 5441 πρὸς
2316 5365 2475 5419 αὑτὸν
2512 5361 2619 5414 ὤν’
2653 5358 2790 5410 ὥστε
2818 5356 2863 5406 εί
2908 5356 2936 5405 ὁ
2976 5351 3104 5412 Θεὸς
3139 5344 3515 5436 περιώρισται,
3547 5325 3682 5441 καὶιὸ

2151 5413 2580 5521 navalium;
2617 5447 2673 5499 ἐν
2715 5445 2842 5513 ὅρῳ.
2899 5442 2957 5492 Εἰ
2990 5439 3046 5491 δέ
3095 5436 3184 5489 τοῦ
3214 5413 3362 5486 *Θεοῦ
3485 5413 3680 5521 dirupta

2150 5546 2414 5601 διαϐαίνει
2452 5541 2542 5597 τὸν
2569 5541 2691 5612 ὅρον
2711 5575 2726 5604 ,
2764 5533 2882 5588 οὑδὲ
2915 5530 3088 5602 τούτῳ
3128 5519 3574 5594 συνθεωρούμενος
3595 5503 3679 5562 Λό-
