3922 6448
459 396 560 453 627

1692 402 1749 458 S.
1791 402 2119 461 GBEGORII
2150 406 2443 464 NYSSENI'

3586 424 3681 482 διε

462 515 655 570 all'ectu
687 513 915 570 liberam
947 521 1001 569 et
1030 528 1245 584 puram.
1276 512 1457 581 Quare
1482 514 1537 569 in
1555 514 1659 569 hoc
1684 514 1818 571 falsa
1848 517 2024 572 Euno-

2135 520 2530 593 άπελεγχθῆναι
2556 537 2569 551 ·
2605 525 2763 596 εἰπερ
2790 524 3035 597 εὑρεθείη
3068 526 3317 599 σώματος
3355 531 3504 595 τόκος
3531 535 3682 599 πάθος

461 604 552 656 ιιιῐί
610 603 912 672 corporalis
950 603 1305 674 physiologia,
1362 604 1416 657 id
1464 612 1571 669 est,
1611 606 1880 662 naturalis
1911 606 2027 661 dis-

459 694 669 763 putatio
702 734 717 759 ,
773 694 1151 763 redarguitur,
1200 697 1469 767 siquidem
1530 697 1730 767 aliquis
1776 700 2027 767 corporis

456 794 649 853 partus
685 786 939 843 allectum
976 804 1083 843 non
1110 790 1317 845 habens
1358 790 1689 844 inveniatur.
1727 789 1825 845 Dic
1854 792 2022 857 enim,

454 872 773 931 Verbumne
804 875 1005 931 factum
1035 886 1117 932 est
1143 893 1293 942 caro,
1324 892 1506 931 annon
1540 878 1562 930 ?
1590 876 1707 931 Non
1738 878 1889 933 dices
1917 894 2023 933 non

455 982 581 1020 esse
634 966 858 1022 factum.
912 967 1134 1022 Factum
1166 977 1250 1024 est
1295 969 1483 1039 igitur,
1533 984 1634 1023 nec
1667 978 1750 1023 est
1779 971 1873 1040 qui
1907 972 2026 1025 inli-

456 1060 657 1114 cietur.
698 1060 983 1126 Quomodo
1020 1061 1185 1131 igitur
1219 1061 1273 1114 in
1306 1076 1471 1115 carne
1527 1062 1912 1117 manifestatus
1941 1072 2026 1117 est

456 1150 603 1206 Deus
636 1153 697 1205 ‘?
728 1152 827 1206 Per
868 1160 1103 1220 partum,
1149 1151 1392 1220 profecto
1429 1151 1599 1205 dices.
1632 1151 1804 1219 Cujus
1840 1153 2023 1223 igitur,

460 1261 528 1300 an
559 1245 895 1299 meministi?
928 1246 1277 1313 perspicuum
1312 1243 1456 1313 quod
1505 1244 1763 1313 Virginis,
1794 1254 1847 1299 et
1880 1246 2024 1314 quod

458 1336 515 1390 iu
540 1352 602 1392 ea
631 1337 892 1406 genitum,
931 1351 997 1389 ex
1030 1334 1233 1405 Spiritu
1265 1345 1459 1390 sancto
1491 1344 1629 1400 erat,
1665 1346 1719 1388 et
1750 1337 1893 1405 quod
1924 1338 2025 1389 im-

457 1427 591 1496 pleti
618 1435 745 1480 sunt
767 1426 883 1479 dies
917 1435 975 1479 ut
1003 1426 1118 1495 ipsa
1142 1434 1381 1496 pareret,
1400 1435 1451 1481 et
1482 1427 1736 1495 peperit“,
1759 1436 1811 1481 et
1831 1426 2028 1479 nihilo-

457 1518 643 1573 minus
674 1519 1160 1589 incorruptibilitas
1215 1519 1331 1573 sive
1363 1518 1645 1587 integritas
1698 1534 1821 1572 cum
1871 1528 2025 1589 partu

457 1618 778 1664 conservata
812 1617 915 1665 est.
954 1609 1156 1665 Deinde
1194 1609 1598 1680 generationem
1624 1626 1689 1662 ex
1713 1619 1885 1664 matre
1916 1627 2029 1664 mu-

456 1700 589 1757 liere
606 1700 801 1757 affectu
831 1717 1019 1771 puram
1049 1702 1226 1756 credis
1250 1716 1375 1755 esse
1396 1700 1464 1769 (si
1493 1701 1703 1767 credis)
1736 1716 1751 1752 :
1785 1702 2024 1755 divinam

454 1807 589 1849 vero
621 1802 675 1849 et
725 1794 1098 1863 incorruptam
1134 1809 1197 1848 ex
1235 1793 1393 1846 Patre
1427 1808 1533 1845 non
1570 1792 1833 1856 admittis,
1872 1810 1939 1847 ne
1968 1794 2022 1846 in

2131 612 2191 665 οὐ
2219 614 2668 684 προσδεξάμενος,
2706 614 2839 668 Εἰπὲ
2869 617 2976 688 γὰρ
2999 658 3014 680 ,
3052 618 3268 685 ἐγένετο
3307 618 3441 689 σὰρξ
3465 624 3491 673 6
3526 622 3676 689 Λόγος

2129 700 2163 768 ἢ
2188 700 2305 771 οὐχί
2322 719 2336 765 ;
2362 703 2474 754 Οὐκ
2498 702 2564 755 ἂν
2592 704 2765 767 εῐποις
2794 704 2869 775 μὴ
2898 706 3243 776 γεγενῆσθαι.
3274 709 3463 777 Γέγονε
3496 710 3675 775 τοίνυν,

2128 791 2223 842 καὶ
2250 792 2353 843 οὐκ
2390 791 2533 845 ἔστιν
2562 796 2590 847 6
2618 793 2965 865 ἀρνούμενος.
3007 796 3131 859 Πῶς
3158 792 3250 849 οὖν
3289 797 3597 867 ἐφανερώθη
3630 802 3687 851 ἐν

2131 882 2294 952 σαρκὶ
2336 885 2364 936 ὁ
2398 884 2561 949 Θεός;
2604 885 2699 937 Διά
2730 885 2912 951 τόκου,
2944 886 3159 949 πάντως
3196 888 3360 957 ἐρεῖς.
3402 888 3555 940 Ποίου
3597 887 3687 942 οὖν

2127 972 2318 1025 τούτου
2360 973 2650 1043 μνησθεί,;
2675 976 2707 1047 ἢ
2732 976 2889 1045 δῆλον
2920 978 3000 1030 ὅτι
3029 978 3128 1047 τῆς
3156 979 3470 1049 παρθενίας,
3502 984 3589 1032 καὶ
3608 983 3680 1034 ὅτι

2128 1065 2189 1117 τὸ
2218 1067 2274 1117 ἐν
2308 1065 2445 1136 αὐτῇ
2476 1066 2730 1136 γεννηθὲν
2755 1069 2819 1119 ὲκ
2848 1067 2986 1120 Πνεύ
2995 1086 3162 1137 ματος
3196 1070 3353 1136 ἁγίου
3378 1065 3463 1139 ἦν,
3496 1071 3582 1121 καὶ
3607 1072 3685 1123 ὅτι

2128 1156 2475 1226 ἐπλήσθησαν
2518 1158 2574 1209 al
2608 1158 2813 1229 ἡμέραι
2836 1158 2930 1211 τοῦ
2955 1162 3130 1210 τεκεῖν
3155 1159 3343 1227 αὐτὴν,
3390 1161 3481 1211 καὶ
3522 1159 3678 1223 ἔτεκε,

2129 1245 2222 1296 καὶ
2250 1245 2398 1297 οὐδὲν
2428 1239 2588 1315 ἦττον
2615 1247 2653 1315 ἡ
2687 1245 2963 1319 ἀφθαρσία
2986 1247 3408 1318 συνδιεφυλάχθη
3435 1246 3509 1316 τῷ
3531 1248 3676 1318 τόκῳ.

2128 1330 2261 1387 Εἶτα
2294 1335 2390 1405 τὴν
2416 1338 2477 1388 ὲκ
2512 1336 2711 1408 μέρους
2741 1341 2995 1405 γυναικὸς
3020 1338 3267 1408 γέννησιν
3311 1338 3551 1408 καθαρὰν
3581 1341 3674 1391 πά-

2128 1426 2251 1488 θους
2276 1422 2413 1478 εἶναι
2450 1428 2722 1491 πιστεύεις
2746 1428 2886 1499 (εἴτε
2903 1430 3219 1498 πιστεύεις),
3251 1428 3347 1499 τὴν
3378 1429 3433 1481 δὲ
3460 1428 3599 1482 θείαν
3626 1447 3681 1481 τε

2128 1518 2222 1570 καὶ
2262 1519 2536 1588 ἀκήρατον
2571 1521 2634 1571 ὲκ
2664 1519 2757 1571 τοῦ
2786 1518 2996 1586 Πατρδς
3020 1520 3079 1571 οὐ
3113 1520 3264 1591 δέχῃ,
3296 1521 3382 1571 ἵνα
3428 1520 3498 1589 μὴ
3527 1521 3678 1583 πάθος

2129 1612 2325 1681 νοήσῃς
2351 1612 2477 1681 περὶ
2503 1610 2601 1680 τὴν
2624 1614 2896 1681 γέννησιν.
2933 1612 3068 1663 Ἀλλ’
3094 1607 3209 1664 οἶδα
3240 1611 3446 1679 σαφῶς,
3470 1613 3547 1664 ὅτι
3573 1613 3680 1680 οὐχὶ
3757 1608 3765 1617 “

2126 1700 2187 1749 τὸ
2216 1700 2385 1760 πάθος
2426 1700 2574 1770 αὐτῴ
2601 1700 2830 1769 φευκτόν
2860 1702 3005 1753 ἐστιν
3035 1703 3093 1753 ὲν
3112 1701 3191 1770 τῷ
3218 1702 3465 1771 δόγματι,
3495 1702 3522 1753 6
3556 1703 3685 1771 μήτε

2128 1790 2225 1860 τὴν
2250 1792 2422 1863 ἀρχὴν
2450 1794 2607 1863 ἐνορᾷ
2635 1795 2699 1861 τῇ
2721 1791 2840 1863 θείᾳ
2861 1810 2917 1845 τε
2946 1794 3038 1846 καὶ
3061 1794 3322 1864 ἀκηράτῳ
3361 1795 3515 1861 φύσει
3539 1810 3549 1823 ·
3576 1795 3679 1847 ἀλλ’

456 1887 805 1955 generatione
857 1885 1106 1939 allectum
1149 1886 1333 1937 animo
1366 1884 1683 1952 concipias?
1717 1882 1821 1937 Sed
1853 1885 2024 1938 mani-

2129 1881 2275 1941 ὅπως
2306 1881 2371 1932 ἂν
2392 1883 2420 1933 6
2448 1881 2673 1952 ποιητὴς
2701 1881 2879 1952 πάσης
2898 1883 2993 1952 τῆς
3020 1883 3245 1947 κτίσεως
3277 1886 3437 1955 μέρος
3466 1884 3682 1954 νομισθῇ

453 1980 596 2034 festc
625 1978 764 2041 scio,
793 1978 939 2047 quod
968 1978 1071 2032 iste
1105 1978 1357 2031 allectum
1389 1992 1496 2030 non
1534 1976 1766 2046 refugiat
1808 1976 1862 2030 in
1893 1977 2025 2047 dog-

452 2081 623 2137 mate,
660 2072 752 2141 qui
792 2086 892 2125 nec
920 2069 1249 2138 principium
1300 2068 1354 2121 in
1384 2067 1563 2123 divina
1594 2069 2020 2137 incorruptibili-

454 2179 564 2232 que
646 2171 840 2216 natura
911 2160 1155 2231 inspicit,
1216 2159 1307 2214 sed
1366 2166 1433 2212 ,ιιι
1512 2159 1690 2214 omnis
1746 2171 2012 2215 creaturae

2128 1975 2226 2044 τῆς
2259 1974 2519 2040 κτίσεως,
2554 1974 2725 2028 ταῦτα
2755 1975 3150 2039 κατασκευάζει
3177 1977 3314 2045 πρὸς
3352 1976 3446 2045 τὴν
3475 1978 3686 2045 ἄρνησιν

2128 2069 2223 2122 τοῦ
2267 2069 2599 2137 Μονογενοῦς
2651 2069 2825 2133 Θεοῦ,
2875 2072 2941 2140 τῇ
2990 2069 3434 2141 ἐσχηματισμένῃ
3471 2071 3592 2140 περὶ
3628 2069 3689 2120 τὰ

2121 2162 2289 2224 πάθος
2320 2160 2571 2232 εὐλαϐείᾳ
2594 2163 2837 2234 συνεργῷ
2866 2162 3162 2235 χρώμενος.

454 2256 704 2311 conditor
753 2271 879 2325 pars
927 2270 1049 2310 esse
1110 2264 1374 2309 creaturae
1428 2261 1681 2323 putetur,
1742 2255 1856 2309 haec
1916 2256 2149 2311 adstruit
2182 2257 2249 2310 ad
2279 2256 2689 2328 abnegationem
2762 2259 3021 2327 unigeniti
3076 2259 3202 2325 Dei,
3269 2259 3494 2331 ﬁgurata
3551 2258 3687 2312 circa

452 2347 701 2404 allectum
734 2348 987 2403 cautione
1012 2345 1275 2416 adjutrice
1301 2356 1474 2403 utens.

526 2445 702 2512 Atque
746 2442 851 2495 hoc
896 2440 1233 2496 demonstrat
1279 2439 1485 2509 liquido
1532 2455 1628 2509 per
1665 2454 1786 2509 quin
1832 2447 2021 2494 contra

452 2550 517 2589 ea
568 2549 689 2604 qua:
725 2542 853 2589 sunt
899 2533 1043 2587 dicta
1093 2539 1286 2591 certat,
1336 2531 1553 2596 dicens,
1582 2533 1809 2602 genitam
1849 2548 1960 2585 esse
1990 2549 2023 2584 a

455 2627 619 2682 Patre
645 2624 779 2679 Filii
800 2626 1101 2687 essentiam,
1133 2640 1236 2677 non
1261 2638 1353 2691 per
1381 2622 1679 2677 abscessum
1713 2622 2023 2690 projectum,

452 2737 557 2774 non
590 2736 682 2788 per
716 2718 986 2787 deﬂuxum
1024 2718 1103 2772 vel
1135 2717 1440 2771 divisionem
1487 2715 1550 2767 ab
1583 2714 1697 2783 ejus
1736 2717 1823 2783 qui
1848 2714 2023 2783 genuit

453 2811 819 2879 conjunctione
857 2810 1119 2873 avulsam,
1167 2824 1271 2862 non
1313 2823 1403 2876 per
1436 2807 1815 2860 incrementum
1852 2806 2024 2874 perfe-

452 2918 616 2966 ctam,
649 2919 752 2956 non
778 2918 869 2971 per
895 2901 1261 2955 alterationem
1296 2898 1753 2968 transformatam,
1785 2896 1874 2951 sed
1907 2897 2021 2950 sola

2225 2437 2334 2491 Καὶ
2378 2430 2533 2485 τοῦτο
2612 2434 2847 2487 δείκνυσι
2873 2438 3185 2505 περιφανῶς
3216 2438 3284 2491 δι’
3308 2431 3383 2491 ὧν
3413 2443 3523 2504 τοῖς
3548 2443 3683 2513 clpe}.

2126 2525 2307 2596 μένοις
2330 2525 2721 2593 ἐπαγωνίζεται
2751 2526 2923 2594 λέγων
2943 2567 2958 2589 ,
2996 2528 3388 2597 γεγεννῆσθαι
3412 2533 3564 2599 παρὰ
3584 2533 3685 2585 τοῦ

2122 2617 2352 2684 Πατρός
2393 2617 2499 2670 τοῦ
2549 2617 2686 2671 Υίοῦ
2726 2616 2840 2685 τὴν
2864 2620 3115 2681 οὐσίαν,
3159 2622 3233 2674 οὺ
3263 2622 3413 2676 κατὰ
3457 2626 3687 2677 ἔκτασιν⁹

2122 2706 2595 2773 προϐληθεῒσαν,
2628 2709 2700 2761 οὐ
2735 2707 2885 2760 κατὰ
2920 2710 3137 2776 ρεῦσιν
3181 2712 3221 2780 ἢ
3262 2712 3551 2780 διαφεσιν
3586 2713 3687 2779 τῆς

2124 2797 2229 2851 τοῦ
2262 2798 2672 2868 γεννήσαντος
2704 2803 3013 2869 συμφυΐας
3055 2803 3572 2872 ἀποσπασθεῖσαν,
3618 2812 3681 2859 οὺ

2126 2892 2275 2942 κατὰ
2304 2889 2567 2957 αὔξησιν
2595 2892 3030 2958 τελεωθεῖσαν,
3070 2896 3143 2949 οὐ
3186 2898 3341 2951 κατὰ
3376 2900 3687 2955 ἀλλοίωσιν

450 2996 565 3062 ejus
600 2995 689 3063 qui
740 2994 916 3064 genuit
960 2994 1227 3047 voluntate
1272 2991 1538 3051 sortitam,
1578 3000 1635 3042 ut
1682 2998 1836 3043 esset.
1885 2987 2021 3053 Quis

2127 2981 2569 3050 ιιορφωθεῖσαν,
2601 2984 2757 3053 μόνῃ
2799 2983 2868 3037 δὲ
2896 2984 2970 3055 τῇ
3004 2988 3309 3055 βουλήσει
3349 2992 3453 3047 τοῦ
3490 2996 3677 3063 γεννή-

452 3089 603 3141 enim
633 3088 865 3156 ignorat,
898 3086 1003 3140 nisi
1039 3084 1132 3154 qui
1156 3070 1354 3138 mentis
1393 3082 1586 3136 oculos
1620 3082 1836 3151 penitus
1860 3081 2015 3134 clau—

452 3195 542 3233 sos
585 3179 801 3240 habeat,
856 3176 1002 3245 quod
1031 3174 1201 3230 Filius
1236 3190 1331 3245 per
1374 3188 1439 3229 ea
1496 3188 1617 3244 qua:
1655 3173 1723 3227 ab
1750 3172 2020 3227 Eunomia

2124 3089 2347 3136 σαντος
2374 3074 2439 3126 τὸ
2464 3070 2616 3128 εἶναι
2644 3077 2981 3145 λαχοῦσαν.
3012 3080 3107 3143 Τίς
3124 3080 3237 3152 γὰρ
3266 3084 3448 3151 ἀγνοεῖ
3471 3086 3552 3140 διὰ
3576 3087 3679 3140 τού-

2122 3181 2230 3217 των
2277 3165 2384 3219 τῶν
2433 3165 2505 3236 μὴ
2545 3169 2823 3231 παντελῶς
2880 3172 3200 3239 μεμυκότων
3252 3174 3323 3227 τὰ
3373 3178 3470 3247 τῆς
3519 3176 3687 3247 ψυχῆς

454 3276 583 3321 sunt
619 3267 785 3328 dicta,
838 3281 964 3336 pars
1009 3273 1276 3320 creatura:
1330 3279 1453 3319 esse
1517 3262 1822 3318 astruitur?
1880 3261 2020 3328 Quid

2127 3256 2469 3329 αἰσθητήρια,
2502 3259 2582 3311 ὅτι
2619 3260 2785 3330 μέρος
2813 3265 2913 3332 τῆς
2938 3263 3165 3327 κτίσεως
3201 3266 3231 3318 6
3265 3266 3391 3330 Υίὸς
3434 3264 3561 3321 εἶναι
3600 3269 3678 3321 διὰ

452 3359 597 3412 enim
646 3365 791 3412 vetat
833 3358 949 3411 lucc
996 3357 1181 3411 omnia
1222 3358 1365 3413 sicut
1415 3365 1546 3411 sunt
1576 3357 1629 3409 in
1674 3354 1933 3419 dictione,
1968 3364 2024 3409 et

451 3450 520 3503 de
567 3450 795 3503 aliorum
844 3464 1174 3518 unoquoque
1224 3463 1347 3517 quae
1392 3448 1446 3501 in
1505 3454 1762 3502 creatura
1813 3447 2019 3501 intelli-

450 3550 679 3613 guntur,
732 3540 954 3596 dicere?
995 3541 1061 3595 Et
1102 3541 1149 3595 si
1193 3540 1431 3603 videtur,
1476 3540 1640 3593 alicui
1685 3554 1872 3593 eorum
1903 3554 2023 3609 quae

451 3637 638 3683 creata
655 3636 973 3693 cernuntur,
998 3642 1305 3684 sermonem
1335 3628 1811 3684 accommodemus
1832 3647 1854 3695 ',
1877 3628 2021 3698 quod

452 3722 497 3775 si
538 3736 645 3774 non
683 3720 926 3774 eamdem
964 3720 1125 3775 habet
1158 3722 1628 3783 consecutionem,
1676 3732 1865 3775 contra
1920 3736 2019 3775 nos

454 3813 604 3884 ipsos
633 3814 956 3869 sententiam
986 3812 1251 3879 dicemus,
1285 3821 1469 3883 utpote
1499 3815 1592 3883 qui
1631 3814 2020 3867 ludilicantinm

452 3921 637 3969 more,
692 3913 747 3961 et
792 3920 901 3959 non
956 3914 1148 3961 exacta
1188 3915 1242 3959 et
1297 3906 1579 3959 veritatem
1624 3906 1847 3959 decente
1890 3920 2020 3959 cura

452 4014 641 4053 eorum
690 4012 998 4052 sermonem
1034 3996 1432 4052 cxaminemus.
1480 3994 1805 4051 Submutato
1841 3997 2021 4065 itaque

453 4088 574 4143 Filii
616 4091 836 4144 nomine
883 4097 1057 4143 totum
1105 4088 1177 4142 ad
1230 4088 1456 4143 verbum
1514 4089 1758 4158 legamus
1815 4102 2023 4142 sermo-

452 4196 599 4234 nem.
638 4180 883 4236 Dicimus
929 4180 1075 4235 enim
1132 4196 1162 4233 a
1204 4180 1364 4236 Patre
1416 4181 1651 4252 genitam
1701 4196 1822 4235 esse
1866 4190 2025 4236 terra:

452 4273 774 4338 essentiam,
811 4289 925 4327 non
963 4288 1060 4343 per
1098 4272 1417 4328 abscessum
1457 4273 1541 4327 vel
1580 4272 1908 4327 divisionem
1956 4273 2025 4327 ab

452 4363 576 4428 ejus
619 4361 711 4434 qui
740 4362 928 4431 genuit
957 4360 1348 4430 conjunctione
1392 4361 1684 4422 divulsam,
1722 4377 1896 4431 neque
1929 4376 2025 4430 per

454 4452 821 4507 accrctionem
855 4450 1181 4520 perfectam,
1204 4466 1315 4505 non
1360 4466 1455 4521 per
1488 4451 1867 4506 alterationem
1900 4466 2025 4521 pro-

393 4539 399 4545 ’
446 4543 675 4609 jectam,
702 4542 798 4597 sed
826 4542 942 4595 sola
973 4542 1253 4597 voluntate
1274 4542 1395 4612 ejus
1420 4543 1509 4612 qui
1535 4543 1743 4613 genuit,
1777 4550 1835 4595 ut
1857 4550 2030 4607 esset,

456 4635 726 4691 sortitam.
782 4632 950 4690 Estne
1013 4635 1217 4705 aliquid
1257 4652 1323 4691 ex
1373 4636 1439 4690 iis
1496 4652 1618 4706 qua:
1674 4636 1819 4690 dicta
1870 4644 2026 4699 sunt,

454 4725 602 4795 quod
635 4740 757 4781 cum
807 4733 965 4781 terra:
1005 4714 1362 4783 subsistentia
1403 4742 1515 4782 non
1564 4729 1891 4797 conveniat?
1918 4727 2023 4783 Ne-

454 4818 660 4874 minem
700 4818 938 4873 arbitror
966 4818 1018 4874 id
1045 4834 1169 4874 esse
1206 4819 1517 4886 dicturum;
1553 4835 1663 4874 non
1702 4822 1845 4875 enim
1883 4820 2028 4876 Deus

452 4917 706 4966 extentus
738 4918 940 4966 terram
982 4912 1321 4981 propagavit,
1360 4928 1538 4983 neque
1580 4912 1754 4969 lluens
1806 4915 1886 4968 vel
1938 4929 2027 4968 se-

453 5003 632 5069 ipsum
664 5002 915 5059 dividens
947 5004 1016 5058 ab
1040 5018 1104 5058 ea
1148 5019 1269 5073 qua:
1296 5020 1480 5058 secum
1505 5014 1588 5060 est
1617 5006 2027 5075 conjunctione,

450 5092 618 5160 hujus
660 5094 956 5149 essentiam
1004 5095 1270 5151 exsistere
1324 5095 1491 5161 fecit;
1550 5112 1727 5166 neque
1764 5114 1829 5151 ex
1862 5113 2029 5166 parvo

452 5184 519 5238 ad
553 5185 1001 5255 magnitudinem,
1037 5204 1132 5257 per
1163 5203 1282 5242 eam
1322 5204 1443 5258 quae
1487 5190 1691 5245 sensim
1735 5189 1791 5242 lit
1840 5204 2028 5243 accre-

453 5282 682 5343 tionem,
716 5279 986 5349 perfecit;
1020 5297 1195 5350 neque
1228 5281 1392 5335 ullam
1424 5282 1735 5335 versionem
1768 5280 1852 5335 vel
1889 5281 2033 5335 alte-

453 5372 718 5426 rationem
762 5372 985 5427 subiens
1017 5374 1072 5427 in
1116 5382 1276 5428 terra:
1320 5374 1557 5442 speciem
1598 5372 2027 5427 translormatus

452 5475 573 5529 est;
628 5465 722 5521 sed
761 5466 809 5521 ei
857 5468 992 5522 satis
1023 5466 1146 5532 fuit,
1193 5468 1260 5521 ad
1303 5484 1491 5521 eorum
1532 5482 1655 5536 quae
1686 5467 1865 5536 genita
1902 5476 2033 5521 sunt

453 5556 712 5611 essentia:
747 5558 1183 5622 subsistentiam,
1226 5560 1499 5613 voluntas.
1548 5560 1663 5628 Ipse
1688 5559 1832 5613 enim
1869 5556 2041 5622 dixit,

454 5656 509 5701 et
538 5646 681 5702 facta
718 5656 876 5714 sunt,
912 5650 987 5703 ita
1021 5660 1078 5704 ut
1117 5651 1483 5720 generationis
1512 5666 1732 5713 nomen,
1772 5666 1878 5704 non
1921 5649 2035 5704 dis.-

532 5828 555 5859 ⁸
596 5826 638 5881 ιι
667 5826 909 5883 ΤίιιιοιΙιι
946 5844 1022 5894 ut,
1060 5829 1141 5883 lli.
1220 5832 1239 5859 ⁸
1275 5830 1465 5883 .llattlt.
1496 5846 1535 5894 I,
1570 5830 1650 5885 l&

2120 3348 2228 3402 τῶν
2262 3351 2566 3421 εἰρημένων
2601 3352 2749 3422 παρὰ
2786 3352 2880 3405 τοῦ
2906 3356 3170 3426 Εὐνομίου
3195 3360 3683 3425 κατασκευάζεταις

2121 3438 2186 3490 Τί
2212 3439 2319 3509 γάρ
2340 3440 2537 3493 κωλύει
2562 3440 2734 3495 ταῦτα
2762 3444 2958 3504 πάντα,
2980 3444 3160 3508 καθὼς
3185 3448 3335 3501 ἐστιν
3366 3450 3455 3501 ἐπὶ
3477 3449 3672 3514 λέξεως.

2121 3528 2215 3580 καὶ
2244 3528 2370 3599 περὶ
2403 3529 2511 3583 τῶν
2551 3530 2723 3584 ἄλλων
2755 3533 2983 3585 ἑκάστου
3010 3534 3120 3587 τῶν
3164 3536 3222 3587 ἐν
3252 3540 3318 3607 τῇ
3350 3538 3517 3591 κτίσει
3555 3538 3672 3591 θεω-

2125 3618 2397 3689 ρουμένων
2426 3622 2639 3685 εἰπεῖν;
2673 3623 2782 3675 Καὶ
2823 3624 2872 3676 εἰ
2907 3624 3090 3689 δοκεῖ,
3127 3628 3548 3699 ωναρμόσωμὲν
3579 3646 3676 3682 τινι

2120 3710 2229 3763 τῶν
2263 3710 2406 3763 κατά
2441 3713 2537 3782 τὴν
2563 3712 2739 3765 κτίσιν
2768 3715 3106 3785 φαινομένων
3148 3717 3241 3770 τὸν
3273 3717 3427 3787 λόγον
3446 3736 3459 3751 °
3488 3719 3583 3773 κᾶν
3608 3718 3679 3789 μὴ

2121 3801 2220 3871 τὴν
2253 3802 2423 3872 αὐτὴν
2449 3803 2765 3857 ἀκολουθίαν
2785 3805 2919 3875 ἔχει,
2950 3806 3066 3859 καθ’
3092 3809 3248 3878 ἡμῶν
3280 3811 3455 3863 αὐτῶν
3486 3812 3572 3864 καὶ
3588 3811 3673 3881 τὴν

2120 3891 2298 3961 ψῆφον
2316 3895 2332 3910 '
2356 3893 2447 3945 τὸν
2463 3893 2616 3962 λόγον
2646 3894 2943 3966 ἐξοίσομεν,
2960 3898 3035 3961 ὼς
3065 3900 3492 3970 ὲπηρεαστικῶς,
3510 3903 3592 3955 καὶ
3613 3901 3667 3952 οὐ

2127 3985 2263 4054 μετὰ
2312 3985 2409 4055 τῆς
2460 3986 2775 4058 πρεπούσης
2815 3991 2878 4059 τῇ
2922 3988 3149 4062 ἀλήθεια
3195 3994 3470 4063 φροντίδος
3508 3994 3675 4057 ἐξετα-

2123 4075 2323 4140 ζόντων
2361 4078 2453 4130 τὸν
2494 4078 2670 4147 λόγον.
2733 4080 3166 4149 ’Υπαλλάξαντες
3209 4085 3387 4139 τοίνυν
3426 4090 3484 4138 τὸ
3526 4086 3676 4153 ὄνομα

2121 4168 2214 4220 τοῦ
2240 4169 2387 4232 Υἱοῦ,
2416 4171 2506 4222 τὸν
2533 4173 2622 4223 ἐπὶ
2647 4172 2841 4238 λέξεως
2868 4176 3292 4246 ἁναγνωσόμεθα
3316 4178 3484 4247 λόγον·
3516 4176 3677 4247 φαμὲν

2124 4259 2232 4328 γὰρ
2263 4261 2622 4330 γεγεννῆσθαι
2654 4263 2803 4330 παρὰ
2834 4264 2926 4316 τοῦ
2968 4267 3179 4337 Πατρὸς
3206 4270 3309 4339 τῆς
3340 4271 3439 4339 γῆς
3477 4267 3566 4337 τὴν
3593 4267 3673 4318 06-

2126 4351 2266 4415 σίαν,
2306 4353 2366 4404 οὐ
2395 4356 2514 4405 κατ’
2553 4354 2774 4409 ἔκτασιν
2809 4357 2839 4427 ἦ
2868 4357 3127 4429 διαίρεσιν
3151 4360 3249 4430 τῆς
3282 4360 3374 4413 τοῦ
3400 4360 3671 4429 γεννήσανο

2122 4461 2219 4507 τος
2268 4447 2545 4515 συμφυΐας
2587 4448 3064 4515 ἀποσπασθεῖσαν,
3113 4451 3236 4504 οὐδὲ
3281 4452 3420 4505 κατὰ
3474 4450 3675 4521 αὔξησιν

2125 4536 2522 4603 τελειωθείσαν,
2568 4540 2629 4592 οὐ
2666 4542 2785 4592 κατ’
2811 4541 3094 4595 ἀλλοίωσιν
3120 4544 3526 4615 προϐληθεῖσαν.
3558 4542 3674 4614 μόνῃ

2128 4629 2184 4682 δὲ
2213 4631 2277 4699 τῇ
2324 4628 2571 4700 βουλήσει
2601 4631 2695 4684 τοῦ
2728 4636 3086 4704 γεννήσαντος
3125 4636 3185 4689 τὸ
3221 4632 3359 4691 εἶναι
3406 4636 3671 4706 λαχοῦσαν.

2129 4721 2220 4790 Μή
2254 4720 2336 4783 τίς
2365 4721 2479 4773 ἐστι
2511 4721 2619 4775 τῶν
2659 4724 2962 4794 εἰρημένων
3003 4727 3136 4798 πρὸς
3162 4729 3263 4800 τὴν
3294 4732 3390 4800 τῆς
3423 4731 3519 4799 γῆς
3562 4726 3675 4780 ὑπό·

2134 4826 2320 4864 στασιν
2358 4812 2728 4883 ἀναρμοστία;
2770 4816 2971 4869 Οὐδένα
3003 4818 3070 4871 ἂν
3099 4813 3253 4889 οἶμαι
3288 4819 3441 4872 τοῦτο
3488 4819 3670 4872 εἰπεῖν*

2132 4902 2253 4956 οὐτε
2278 4904 2385 4975 γὰρ
2418 4905 2666 4968 ἐκταθεὶς
2695 4908 2723 4958 6
2754 4907 2885 4971 Θεὸς
2919 4908 3017 4979 τὴν
3052 4910 3155 4981 γῆν
3192 4912 3531 4983 προεϐάλετο,
3567 4908 3677 4962 οὔτε

2134 4998 2283 5067 ῥυεὶς
2327 4996 2360 5067 ἦ
2410 4998 2589 5068 τεμὼν
2640 5000 2831 5052 ἑαυτὸν
2870 5002 2966 5071 τῆς
3006 5004 3138 5076 πρὸς
3188 5005 3375 5057 ἑαυτὸν
3426 5001 3675 5072 συμφυΐας

2130 5089 2229 5160 τὴν
2264 5090 2449 5142 οὐσίαν
2487 5091 2686 5161 ταύτης
2713 5092 3017 5165 ὐπέστησεν
3043 5112 3055 5124 ·
3090 5096 3211 5149 οὐτε
3238 5098 3301 5148 ἐκ
3336 5095 3522 5167 μικροῦ
3558 5093 3674 5164 πρὸς

2135 5181 2365 5250 μέγεθος
2400 5181 2487 5234 διὰ
2528 5184 2626 5251 τῆς
2671 5187 2789 5237 κατ’
2817 5185 2997 5253 ὀλίγον
3042 5187 3324 5258 αὐξήσεως
3368 5186 3669 5238 ἐτελείωσεν

2129 5272 2253 5326 οὐτε
2291 5274 2411 5326 τινὰ
2454 5275 2661 5344 τροπὴν
2705 5276 2738 5345 ἢ
2777 5277 3059 5330 ἀλλοίωσιν
3110 5278 3347 5341 ὑποστὰς
3391 5280 3467 5339 εἰς
3500 5274 3555 5327 τὸ
3587 5272 3673 5339 τῆς

2136 5368 2236 5435 γῆς
2274 5364 2407 5429 εἶδος
2428 5368 2773 5439 διεμορφώθη
2792 5386 2804 5398 °
2836 5370 2949 5422 ἀλλ’
2978 5372 3209 5441 ἧρκεσεν
3235 5370 3378 5440 αὐτῷ
3408 5370 3532 5441 πρὸς
3556 5365 3670 5418 ὐπο-

2140 5475 2327 5511 στασιν
2364 5458 2461 5527 τῆς
2501 5459 2607 5513 τῶν
2644 5462 2941 5528 γεγονότοιν
2978 5463 3165 5527 οὐσίας
3208 5466 3238 5533 ὴ
3284 5462 3537 5531 βούλησις.
3577 5455 3669 5507 Αὖ-

2138 5554 2228 5614 τὸς
2252 5551 2357 5622 γὰρ
2378 5548 2518 5613 εἷπε,
2547 5552 2640 5605 καὶ
2662 5553 3029 5625 ἐγεννήθησαν
3047 5573 3060 5586 ·
3095 5555 3233 5609 ὥστε
3257 5555 3348 5607 καὶ
3374 5554 3432 5606 τὸ
3446 5554 3535 5620 τῆς
3561 5562 3665 5615 γεν-

2141 5648 2345 5713 νήσεως
2376 5644 2545 5714 ὖνομα
2574 5643 2648 5715 μὴ
2679 5644 2903 5715 ἀπᾴδειν
2934 5647 3034 5718 τῆς
3063 5646 3201 5701 κατά
3225 5644 3320 5715 τὴν
3345 5642 3443 5713 γῆν
3471 5632 3669 5694 ὓποπά
