3922 6478
188 352 298 412 629

1368 348 1646 407 CONTRA
1678 346 2073 415 EUNOMIUM,
2110 348 2237 404 LIB.
2277 349 2366 405 Ν.

3364 343 3470 405 650

196 486 353 532 σεως.
400 469 463 522 El
490 463 584 522 οὗν
610 468 705 522 ἐπὶ
744 466 854 521 τῶν
888 466 1101 538 μυρίων
1133 464 1227 519 τοῦ
1261 464 1467 537 κόσμου
1500 464 1673 521 ταῦτα
1698 464 1789 517 λέ-

1899 471 2078 535 crepet
2132 480 2163 519 a
2230 472 2391 520 terras
2443 462 2825 519 subsistentia.
2861 461 2918 517 Si
2957 460 3123 532 igitur
3169 459 3222 514 in
3279 455 3470 515 mundi

194 577 312 629 γειν
345 560 549 631 άληθές
583 563 721 622 ἐστι,
748 560 831 624 τίς
865 560 944 613 ἔτι
982 562 1228 614 λείπεται
1251 562 1381 632 περὶ
1405 560 1500 614 106
1521 560 1789 629 δόγματος

192 652 303 704 τῶν
338 652 601 704 ἐναντίων
631 652 966 723 ἀμφιϐολίας
1012 652 1135 708 Ὀτι
1181 652 1343 725 μέχρι
1375 652 1635 725 ῥημάτων
1661 649 1790 702 Υἰὸν

193 743 587 811 ὀνομάζοντες,
642 743 701 796 ἑν
738 742 848 797 τῶν
886 743 973 797 διά
1021 744 1252 808 κτίσεως
1307 743 1609 813 γεγονότων
1651 736 1788 794 εἶναι

198 834 703 899 κατασκευάζουσι,
742 834 928 904 μόνοις
968 838 1081 898 τοῖς
1116 835 1258 889 κατά
1299 835 1397 905 τὴν
1428 834 1582 899 τάξιν
1623 848 1791 903 πρεσ-

196 926 364 987 ϐείαις
394 927 838 997 προτεταγμένον
870 925 979 980 τῶν
1017 926 1212 981 ἀλλων.
1258 927 1525 997 Καθάπερ
1563 926 1655 978 ἐπὶ
1689 928 1789 996 τῆς

198 1016 561 1086 χαλκευτικῆς
590 1018 737 1071 ἔστιν
766 1020 961 1082 εἰπεῖν,
996 1019 1173 1073 πάντα
1206 1020 1304 1089 μὲν
1335 1021 1399 1072 ὲκ
1424 1017 1629 1088 ταύτης
1652 1014 1789 1071 εἶναι

198 1110 264 1160 τά
302 1111 367 1160 ἐκ
412 1110 637 1178 σιδήρου
669 1111 1194 1181 κατασκευάσματα,
1253 1108 1695 1181 προγεγενῆσθαι
1731 1108 1789 1161 δὲ

196 1201 297 1267 τῆς
330 1200 443 1252 τῶν
472 1200 677 1254 λοιπῶν
698 1202 1064 1273 ἀπεργασίας,
1093 1202 1153 1255 τό
1178 1219 1238 1255 τε
1260 1203 1359 1271 τῆς
1385 1200 1671 1271 πυράγρας
1694 1198 1791 1252 καὶ

196 1292 257 1343 τὸ
296 1293 395 1361 τῆς
428 1292 643 1363 σφύρας
683 1293 937 1364 ὄργανον,
979 1293 1048 1347 δι’
1096 1286 1171 1347 ὧν
1222 1292 1486 1345 τυποῦται
1525 1291 1659 1362 πρὸς
1690 1288 1790 1360 τὴν

197 1382 389 1451 χρείαν
412 1384 441 1435 ὁ
470 1383 687 1453 σίδηρος
708 1400 722 1413 ο
754 1383 814 1435 οὐ
841 1382 949 1453 μὴν
986 1383 1174 1455 ἐπειδὴ
1202 1382 1469 1453 πρωτεύει
1500 1380 1654 1434 τοῦτο
1680 1378 1789 1431 τῶν

199 1474 408 1537 ἀλλων,
456 1475 561 1545 ἢδη
610 1492 695 1538 τις
739 1477 834 1529 καὶ
880 1476 1112 1547 διαφορά
1164 1474 1305 1528 κατὰ
1338 1474 1436 1545 τὴν
1484 1472 1615 1544 ὕλην
1650 1472 1789 1536 ἐστὶ,

202 1565 297 1617 τοῦ
319 1583 381 1618 τε
408 1566 776 1629 ἐκτυποῦντος
797 1566 1051 1639 ὀργάνου,
1080 1567 1172 1621 καὶ
1200 1566 1292 1620 τοῦ
1319 1563 1788 1636 σχηματιζομένω

208 1658 427 1727 σιδήρου
456 1660 600 1713 κατά
624 1660 685 1712 τὸ
716 1660 967 1730 ὄργανον.
996 1661 1220 1733 Σίδηρος
1248 1660 1341 1713 καὶ
1366 1658 1522 1712 τοῦτο
1549 1658 1788 1720 κάκεῖνο,

205 1750 269 1803 τὸ
296 1751 351 1803 δὲ
380 1751 574 1821 σχῆμα
598 1752 1020 1825 προγενέστερον
1047 1752 1141 1806 τοῦ
1170 1752 1356 1826 ἑτέρου
1390 1751 1450 1804 τὸ
1475 1751 1680 1821 ἕτερον.

281 1931 516 2002 Τοιαύτη
563 1932 663 2002 τῆς
695 1931 960 2003 αἱρέσεως
994 1934 1027 2002 ή
1065 1931 1193 2003 περὶ
1229 1930 1323 1984 τοῦ
1357 1916 1788 1997 Υίοῦθεολογία·

210 2022 272 2074 τε»
302 2022 464 2093 μηδὲν
489 2021 699 2077 οἴεσθαι
734 2023 1011 2093 διαφέρειν
1043 2025 1162 2076 κατ’
1189 2021 1378 2076 οὐσίαν
1411 2022 1573 2075 αὐτόν
1602 2038 1659 2075 τε
1702 2021 1794 2074 τὸν

210 2114 411 2184 Κύριον
446 2117 545 2169 xui.
580 2115 651 2168 τά
681 2117 811 2187 παρ’
846 2115 1010 2169 αὐτοῦ
1043 2115 1324 2185 γεγονότα,
1358 2116 1497 2186 πλὴν
1526 2116 1626 2186 τῆς
1652 2113 1793 2169 κατὰ

207 2206 304 2275 τὴν
333 2206 489 2272 τάξιν
521 2206 804 2277 διαφοράς.
839 2207 936 2269 Τίς
965 2206 1143 2259 τοίνυν
1168 2206 1274 2259 τῶν
1307 2206 1401 2260 καὶ
1432 2204 1681 2258 ὁπωσοῦν
1713 2206 1793 2267 είς

205 2296 569 2368 Χριστιανοὺς
633 2298 1063 2363 συντελούντων,
1129 2298 1237 2352 τῶν
1313 2315 1373 2351 τε
1440 2298 1644 2369 μορίων
1697 2295 1792 2348 τοῦ

205 2389 413 2457 κόσμου
430 2427 446 2452 ,
470 2388 567 2443 καὶ⁸
584 2388 678 2442 τοῦ
701 2389 1064 2460 πεποιηκότος
1082 2389 1173 2443 τὸν
1193 2390 1395 2459 κόσμον
1418 2388 1510 2441 τὸν
1531 2388 1694 2443 αὐτὸν
1719 2382 1796 2439 εἷ-

201 2500 294 2535 ναι
314 2481 417 2551 τῆς
430 2481 622 2545 οὐσίας
636 2482 795 2551 λόγον
822 2482 1148 2548 συντίθεται;
1184 2481 1324 2552 Ἐγὼ
1342 2482 1440 2553 μὲν
1459 2482 1567 2553 γὰρ
1589 2480 1795 2552 φρίττω

200 2574 300 2643 τὴν
332 2574 690 2644 βλασφημίαν
708 2614 723 2639 ,
748 2573 903 2636 είδὼς
932 2574 1014 2627 ὅτι
1036 2566 1112 2629 ὧν
1140 2577 1168 2628 ό
1189 2575 1345 2643 λόγος
1369 2574 1532 2636 αὐτὸς
1552 2615 1567 2639 ,
1590 2572 1795 2626 τούτων

204 2666 430 2730 πάντως
459 2666 585 2719 οὐδὲ
614 2667 648 2737 ἡ
698 2665 859 2735 φύσις
886 2665 1159 2737 διάφορος.
1210 2666 1296 2730 Ὧς
1325 2666 1431 2738 γὰρ
1465 2665 1671 2736 Πέτρου
1702 2664 1797 2717 καὶ

219 2756 473 2811 Ἰωάννου
501 2757 731 2811 καὶτῶν
768 2756 969 2810 λοιπῶν
998 2758 1299 2829 ἀνθρώπων
1338 2760 1365 2811 ὃ
1397 2775 1457 2811 τε
1506 2757 1661 2825 λόγος
1697 2756 1796 2826 τῆς

204 2848 401 2915 οὐσίας
442 2851 645 2913 κοινὸς,
692 2851 786 2904 καὶ
828 2851 861 2921 η
897 2849 1055 2919 φύσις
1098 2850 1232 2920 μία·
1279 2850 1370 2903 τὸν
1406 2850 1569 2903 αὐτὸν
1596 2849 1796 2919 τρόπον

196 2942 252 2991 εἰ
284 2941 557 3004 ὡσαύτως
597 2941 710 3012 ἔχοι
752 2941 892 2994 κατά
924 2940 1022 3011 τὴν
1055 2941 1216 3010 φύσιν
1241 2942 1269 2993 ό
1310 2940 1506 3011 Κύριος
1546 2941 1658 3002 τοῖς
1700 2938 1795 2992 τοῦ

199 3033 418 3103 κόσμου
452 3033 677 3105 μέρεσιν
704 3051 717 3063 ο
752 3034 895 3106 άπερ
930 3034 997 3088 ἂν
1024 3036 1081 3088 ἐν
1113 3034 1340 3097 ἐκείνοις
1368 3034 1794 3103 κατανοήσωσιν,

198 3125 417 3187 τούτοις
457 3124 780 3178 ὑποκεῖσθαι
814 3126 908 3178 καὶ
942 3125 1129 3179 τοῦτον
1170 3126 1289 3178 κατ’
1332 3124 1576 3194 ἀνάγκην
1608 3121 1797 3193 ὁμολο-

200 3216 473 3283 γήσωσιν.
522 3214 684 3266 Ἀλλά
730 3216 836 3286 μὴν
868 3216 896 3268 ό
929 3215 1131 3286 κόσμος
1168 3216 1269 3269 οὐκ
1310 3215 1483 3268 εἰσαεὶ
1512 3214 1753 3282 διαμένει
1776 3232 1790 3245 ·

200 3306 315 3376 ἀρα
346 3309 468 3361 κατ’
508 3308 707 3369 αὐτοὺς
740 3308 836 3360 κα)⁵
868 3308 897 3361 ὁ
928 3307 1129 3379 Κύριος
1159 3306 1298 3379 μετά
1324 3305 1420 3360 τοῦ
1448 3304 1678 3378 ούρανοῦ
1704 3305 1799 3358 καὶ⁹

202 3398 306 3467 τῆς
351 3399 459 3469 γῆς
511 3398 932 3469 παρελεύσεταιο
988 3400 1144 3470 εἴπερ
1196 3398 1523 3469 όμοιογενῶς
1564 3397 1678 3468 ἔχοι
1720 3397 1798 3467 τῷ

204 3490 422 3561 κόσμῳ.
453 3492 515 3544 Εἰ
548 3491 606 3544 δὲ
635 3491 796 3555 αὐτὸς
818 3491 986 3555 ἀΐδιος
1013 3490 1373 3563 ὁμολογεῖται,
1406 3490 1619 3561 ἀνάγκη
1647 3491 1799 3543 πᾶσα

208 3586 350 3655 μηδὲ
379 3586 473 3639 τὸν
512 3585 716 3655 κόσμον
749 3588 847 3655 τῆς
879 3584 1028 3648 θείας
1060 3586 1271 3655 φύσεως
1300 3585 1525 3656 ἄμοιρον
1558 3583 1793 3637 οἴεσθαιο

204 3677 372 3749 εἴπερ
425 3676 506 3749 τῷ
566 3679 864 3746 Μονογενεῖ
920 3676 1061 3731 κατὰ
1108 3678 1206 3748 τὴν
1258 3676 1433 3730 κτίσιν
1489 3675 1794 3747 συμϐαίνοι.

217 3771 388 3841 ὀρᾷς
407 3770 546 3841 πρὸς
569 3771 597 3823 ὃ
621 3788 673 3823 τι
691 3771 914 3841 φέρεται
932 3770 1023 3823 διὰ
1044 3769 1142 3839 τῆς
1162 3769 1334 3839 καλῆς
1355 3768 1557 3839 ταύτης
1576 3767 1800 3820 ἀκολου-

207 3860 335 3925 θίας
378 3864 407 3914 ό
436 3862 614 3929 λόγος,
643 3856 762 3914 οἷόν
797 3878 881 3925 τις
917 3860 1063 3923 λίθος
1091 3861 1427 3931 ἀπορῤαγεὶς
1465 3860 1794 3931 ἀκρωρείας,

207 3954 304 4002 καὶ
347 3950 441 4005 ἐπὶ
479 3951 542 4004 τὸ
573 3951 777 4021 πρανὲς
822 3950 926 4004 ὑπὸ
958 3948 1051 4004 106
1090 3950 1219 4004 ἰδίου
1254 3950 1450 4022 βάρους
1482 3949 1799 4003 συνελαυνό-

209 4061 394 4113 μενος.
444 4044 687 4113 ’Λνάγκη
739 4042 910 4113 γὰρῆ
945 4042 1136 4095 καὶτὰ
1178 4040 1272 4095 τοῦ
1314 4042 1520 4111 κόσμου
1566 4043 1801 4110 στοιχεῖα

206 4135 355 4188 κατὰ
373 4135 471 4205 τὴν
502 4133 821 4203 Ἑλληνικὴν
843 4132 1179 4203 ματαιότητα
1200 4131 1467 4203 σεϐάσμια
1494 4132 1799 4203 φαίνεσθαι,

205 4222 241 4291 ἢ
292 4223 430 4294 μηδὲ
472 4222 565 4276 τὸν
599 4222 728 4275 Υἱὸν
769 4222 1227 4291 προσκυνεῖσθαι·
1263 4221 1462 4275 οὑτωσὶ
1495 4220 1552 4274 δὲ
1597 4223 1803 4293 σκοπή-

208 4332 429 4385 σωμεν·
460 4314 522 4379 ἐξ
554 4315 655 4367 οὐκ
680 4314 853 4367 ὄντων
887 4314 1216 4383 γεγενῆσθαι
1256 4313 1353 4385 τὴν
1396 4313 1572 4367 κτίσιν
1598 4313 1799 4385 φαμὲν,

207 4408 311 4474 τήν
350 4424 409 4459 τε
443 4406 643 4478 νοητὴν
674 4406 769 4458 καὶ
808 4406 909 4477 ὅση
948 4407 1047 4476 τῆς
1085 4406 1350 4477 αἰσθητῆς
1394 4407 1511 4459 ἐστι
1554 4406 1799 4476 φύσεωςο

1890 555 2177 625 particulis
2228 540 2343 610 hare
2395 555 2578 610 dicere
2606 570 2795 609 verum
2844 561 2949 617 est,
2996 566 3247 623 quaenam
3290 550 3471 604 adhuc

1891 650 2062 697 restat
2103 642 2170 697 de
2210 641 2463 712 dogmate
2509 642 2949 697 adversariorum
2991 640 3305 696 dubitatio?
3341 638 3471 709 quia

1890 735 2057 788 verbo
2096 742 2259 789 tenus
2288 733 2486 790 Filium
2517 736 2885 796 nominantes,
2918 748 3088 787 unum
3119 746 3312 787 eorum
3346 744 3468 799 qua:

1891 842 1988 897 per
2029 828 2359 883 creationem
2391 828 2572 898 genita
2613 836 2741 882 sunt
2770 834 3047 891 astrunnt,
3082 825 3217 880 solis
3255 822 3470 879 ordinis

1892 922 2191 993 privilegiis
2225 931 2279 977 et
2328 922 2667 993 primigeniis
2725 921 2888 990 primi
2953 927 3006 973 et
3066 916 3289 973 maximi
3338 922 3470 969 natu

1892 1014 1986 1066 lilii
2027 1014 2150 1069 aliis
2193 1015 2545 1085 praapositum
2586 1032 2599 1067 :
2642 1010 3101 1083 quemadmodum
3157 1008 3212 1062 in
3262 1006 3469 1061 fabrica

1891 1105 2118 1159 ferraria
2150 1106 2277 1161 licet
2299 1106 2502 1171 dicere,
2529 1105 2711 1160 omnia
2737 1104 2957 1173 quidem
2987 1118 3051 1157 ex
3079 1101 3183 1155 hac
3202 1114 3325 1154 esse
3351 1112 3473 1168 (μιαί

1891 1214 1953 1253 ex
1975 1199 2117 1255 ferro
2137 1197 2398 1253 fabricata
2422 1206 2571 1262 sunt,
2595 1198 2747 1268 prius
2786 1206 2965 1250 autem
2998 1192 3229 1249 conﬂata
3251 1203 3376 1262 quae
3405 1188 3471 1241 ad

1893 1289 2232 1359 reliquorum
2260 1304 2458 1359 operas
2477 1289 2856 1359 requiruntur,
2894 1295 2947 1341 et
2977 1284 3199 1355 forcipis
3215 1292 3269 1337 et
3290 1282 3473 1336 mallei

1892 1382 2280 1448 instrumenta,
2330 1381 2532 1452 quibus
2583 1381 2651 1435 ad
2692 1395 2852 1436 usum
2908 1377 3112 1433 ferrum
3163 1374 3471 1438 formatur;

1892 1490 2002 1529 non
2051 1485 2232 1531 tamen
2277 1475 2538 1545 quoniam
2578 1474 2682 1527 hoc
2729 1472 2851 1527 aliis
2887 1470 3077 1530 anteit,
3125 1467 3237 1537 jam
3291 1467 3473 1535 aliqua

1893 1568 2195 1623 secundum
2236 1568 2522 1623 materiam
2564 1564 2872 1620 diﬂ‘erentia
2927 1558 3225 1633 quaerenda
3273 1568 3378 1621 est,
3420 1564 3475 1610 et

1892 1658 2245 1713 instrumenti
2294 1658 2660 1727 imprimentis
2693 1664 2747 1711 et
2779 1654 2909 1709 ferri
2944 1654 3088 1725 quod
3125 1668 3222 1723 per
3262 1652 3475 1705 instru-

1893 1759 2136 1806 mentum
2178 1748 2486 1821 ﬁguratur:
2526 1750 2732 1805 ferrum
2762 1749 2909 1805 enim
2959 1758 3011 1802 et
3059 1747 3164 1800 hoc
3215 1755 3269 1799 et
3316 1742 3472 1807 illud,

1818 1828 1866 1887 Β
1896 1842 2066 1913 ﬁgura
2115 1844 2346 1899 alterum
2397 1844 2569 1899 altero
2621 1843 2774 1913 prius
2837 1840 3082 1912 genitum
3118 1844 3222 1893 est.

1965 1935 2116 1991 Talis
2151 1937 2220 1992 de
2258 1936 2399 1991 Filio
2424 1938 2696 1991 liazreseos
2716 1942 2801 1990 est
2827 1931 3105 2001 theologia
3135 1948 3148 1984 :
3185 1929 3311 1999 quia
3342 1928 3475 1981 nihil

1894 2029 2194 2085 secundum
2246 2029 2544 2085 essentiam
2596 2026 2821 2083 differre
2856 2033 3009 2095 putet
3051 2031 3105 2079 et
3144 2022 3323 2092 ipsum
3369 2018 3477 2072 Du-

1892 2118 2103 2172 minum
2153 2128 2206 2173 et
2254 2134 2376 2189 qua:
2443 2118 2512 2172 ab
2567 2118 2687 2187 ipso
2734 2115 2999 2186 producta
3050 2120 3198 2177 sunt,
3249 2118 3473 2180 excepta

1894 2210 2106 2265 ordinis
2134 2209 2466 2265 differentia.
2500 2209 2635 2275 Quis
2671 2208 2833 2279 igitur
2867 2212 2951 2261 est
2979 2220 3169 2260 eorum
3208 2203 3301 2273 qui
3334 2218 3475 2272 quo-

1895 2315 2113 2370 cunque
2170 2299 2333 2355 modo
2397 2300 2542 2354 inter
2587 2298 2934 2354 Christianos
2992 2304 3309 2357 censentur,
3380 2292 3473 2361 qui

1896 2392 2083 2446 mundi
2113 2393 2347 2461 partium
2372 2399 2426 2445 et
2457 2390 2576 2460 ejus
2596 2390 2689 2461 qui
2719 2389 2982 2444 mundum
3018 2387 3295 2453 condidit,
3326 2403 3475 2442 eam-

1896 2484 2019 2539 dem
2052 2500 2174 2539 esse
2213 2484 2477 2537 rationem
2509 2484 2764 2538 essentia:
2805 2481 3181 2537 assentiatur?
3216 2480 3326 2550 Ego
3350 2479 3474 2549 qui-

1895 2578 2017 2630 dem
2074 2575 2465 2644 blasphemiam
2530 2572 2774 2630 relerens
2832 2574 3222 2644 perhorresco,
3295 2571 3477 2625 sciens

1897 2683 2128 2738 quorum
2164 2676 2247 2722 est
2274 2666 2461 2721 eadem
2512 2666 2674 2729 ratio,
2711 2667 2906 2720 horum
2949 2666 3174 2721 omnino
3221 2672 3474 2717 naturam

1898 2776 2007 2813 non
2050 2758 2286 2814 differre.
2348 2757 2418 2812 Ut
2478 2758 2623 2813 enim
2680 2758 2825 2813 Petri
2870 2765 2923 2812 et
2970 2755 3198 2812 Joannis
3245 2766 3300 2810 et
3353 2757 3478 2811 reli—

1897 2866 2133 2921 quorum
2172 2850 2454 2905 hominum
2487 2850 2626 2904 ratio
2658 2850 2914 2905 essentia:
2945 2849 3276 2912 communis,
3313 2850 3393 2903 sic
3424 2858 3478 2907 et

1897 2952 2094 2998 natura
2146 2958 2290 2998 una:
2340 2943 2596 2998 similiter
2643 2942 2690 2997 si
2725 2941 2917 2998 eodem
2966 2942 3128 2998 modo
3159 2959 3216 2997 se
3256 2943 3479 2999 haberet

1899 3036 2200 3091 secundum
2242 3044 2494 3089 naturam
2530 3035 2794 3092 Dominus
2832 3051 2956 3091 cum
2986 3036 3176 3091 mundi
3205 3036 3474 3106 partibus,

1899 3143 2022 3198 quae
2063 3127 2283 3197 quidem
2338 3128 2395 3181 in
2436 3126 2545 3182 illis
2580 3128 2970 3193 intellexerint,
3025 3127 3113 3183 his
3166 3129 3363 3197 subjici
3424 3137 3480 3185 et

1900 3218 2045 3273 hunc
2082 3218 2397 3274 necessario
2441 3218 2830 3274 conﬁteantur.
2875 3218 3043 3290 Atqui
3089 3219 3327 3275 mundus
3366 3236 3479 3275 non

1900 3325 2115 3380 semper
2156 3309 2299 3364 idem
2349 3321 2683 3380 permanet:
2730 3325 2863 3382 ergo
2918 3310 3078 3381 juxta
3130 3327 3322 3367 eorum
3361 3312 3482 3382 opi-

1900 3404 2139 3469 nionem,
2173 3403 2438 3459 Dominus
2481 3404 2645 3460 etiam
2679 3419 2803 3459 cum
2839 3405 2981 3459 cmlo
3003 3412 3057 3460 et
3089 3414 3235 3461 terra
3259 3416 3481 3476 practer-

1900 3496 1999 3552 ibit
2041 3515 2054 3551 :
2095 3496 2362 3565 siquidem
2395 3495 2641 3565 ejusdem
2677 3496 2893 3567 generis
2930 3504 3076 3553 esset
3104 3513 3227 3552 cum
3251 3498 3476 3554 mundo.

1900 3588 2054 3656 Quod
2089 3589 2134 3643 si
2190 3589 2307 3658 ipse
2355 3599 2597 3644 aeternus
2651 3596 2929 3654 censetur,
2982 3604 3207 3645 necesse
3254 3602 3337 3645 est
3363 3606 3481 3645 om-

1900 3681 2032 3734 nino
2057 3693 2235 3749 neque
2255 3679 2401 3733 hunc
2431 3679 2693 3733 mundum
2726 3679 2923 3734 divinae
2958 3688 3169 3734 naturae
3200 3691 3481 3751 expertem

1901 3782 2093 3843 putare
2131 3793 2142 3826 :
2190 3770 2461 3841 siquidem
2508 3772 2610 3827 hoc
2656 3769 2952 3842 Unigenito
2998 3789 3094 3843 per
3142 3775 3480 3831 creationem

1901 3865 2262 3933 contingeret.
2315 3862 2479 3919 Vides
2528 3880 2636 3935 quo
2681 3880 2744 3919 ex
2801 3867 2904 3920 hac
2956 3866 3218 3936 prazclara
3287 3882 3482 3923 conse-

1901 3956 2124 4026 quentia
2142 3956 2312 4011 l‘ertur
2340 3971 2543 4021 sermo,
2584 3960 2726 4011 sicut
2751 3958 2971 4028 quidam
2996 3958 3132 4028 lapis
3166 3974 3196 4013 e
3222 3974 3483 4029 promon-

1901 4049 2044 4102 torio
2069 4049 2359 4118 abruptus,
2395 4064 2498 4104 suo
2528 4050 2583 4103 in
2608 4064 2850 4120 praeceps
2873 4050 3117 4120 pondere
3147 4050 3477 4107 devolvitur.

1902 4141 2136 4197 Necesse
2195 4143 2341 4197 enim
2405 4142 2569 4197 etiam
2625 4141 2815 4197 mundi
2865 4144 3132 4198 elementa
3178 4142 3480 4198 secundum

1903 4232 2148 4290 Graecam
2191 4233 2489 4288 vanitatem
2535 4233 2845 4289 veneranda
2894 4241 2948 4288 et
3000 4232 3230 4289 colenda
3285 4232 3479 4297 videri,

1903 4327 1988 4382 vel
2038 4342 2215 4398 neque
2266 4325 2465 4381 Filium
2510 4326 2730 4381 adorari
2766 4345 2779 4382 :
2817 4326 2900 4383 sic
2946 4338 3123 4381 autem
3164 4326 3483 4383 considere—

1906 4436 2029 4475 mus
2061 4434 2163 4475 :ex
2200 4420 2372 4475 nihilo
2420 4427 2729 4474 creaturam
2766 4417 2965 4473 factam
2995 4435 3116 4474 esse
3158 4421 3481 4484 asserimus,

209 4495 386 4551 ταῦτα
417 4495 515 4549 καὶ
560 4496 691 4567 περὶ
723 4494 817 4549 τοῦ
866 4495 1071 4567 Κυρίου
1116 4494 1470 4567 κηρύσσουσι.
1521 4497 1794 4567 Θελήματι

1907 4519 1963 4566 et
2006 4526 2125 4580 quae
2158 4521 2336 4566 mente
2362 4519 2417 4566 et
2442 4525 2565 4579 quae
2594 4525 2759 4565 sensu
2804 4510 3140 4581 percipitur;
3172 4498 3287 4565 haec
3316 4511 3483 4566 etiam

211 4586 350 4640 θεοῦ
384 4586 566 4641 πάντα
613 4586 875 4657 συστῆναι
920 4587 989 4640 τὰ
1031 4587 1291 4655 γεγονότα
1336 4587 1597 4659 λέγομεν·
1630 4589 1802 4644 ταῦτα

210 4680 307 4731 καὶ
339 4678 471 4751 περὶ
510 4677 607 4731 τοῦ
650 4678 989 4747 Μονογενοῦς
1029 4678 1410 4750 διεξέρχονται.
1440 4682 1553 4734 Οὐκ
1598 4683 1663 4735 ὲκ
1704 4681 1805 4752 τῆς

210 4770 403 4834 οὐσίας
454 4766 597 4823 εἶναι
644 4770 740 4823 τοῦ
780 4771 1160 4841 πεποιηκότος,
1196 4770 1318 4824 οὕτε
1361 4772 1461 4843 τὴν
1506 4774 1804 4846 ἀγγελικὴν

214 4863 413 4925 κτίσιν,
446 4861 573 4915 οὐτε
596 4861 694 4933 τὴν
722 4862 1012 4933 ὲγκόσμιον
1043 4863 1487 4934 πεπιστεύκαμεν
1507 4881 1521 4894 ·
1555 4865 1805 4919 κάκεῖνον

213 4955 415 5024 ὁμοίως
444 4956 545 5025 τῆς
570 4954 664 5007 τοῦ
691 4955 904 5025 Ila-:90;
931 4955 1116 5020 οὐσίας
1139 4956 1495 5028 άλλοτριοῦσι.
1522 4957 1805 5013 Δουλεύειν

215 5049 281 5100 τὰ
325 5048 621 5118 σύμπαντα
652 5046 731 5117 τῷ
778 5047 1042 5119 θελήματι
1074 5050 1167 5102 τοῦ
1214 5049 1572 5120 πεποιηκότος
1608 5051 1803 5121 ὁμολο-

219 5140 422 5211 γοῦμεν
440 5157 455 5172 ο
489 5139 697 5210 ταύτην
724 5139 905 5211 ἔχουσι
938 5142 1033 5194 καὶ¹
1061 5142 1189 5211 περὶ
1219 5141 1313 5194 τοῦ
1341 5142 1677 5211 Μονογενοῦς
1703 5144 1803 5215 τὴν

223 5233 473 5285 διάνοιαν.
508 5230 718 5285 Οὐκοῦν
739 5233 796 5299 ἐξ
822 5233 1067 5303 ἀνάγκης
1090 5232 1181 5285 καὶ
1206 5234 1274 5287 τὰ
1302 5232 1437 5287 ἄλλα
1466 5232 1644 5287 πάντα
1672 5236 1804 5289 ὃσα-

227 5341 324 5394 περ
349 5323 417 5377 ἂν
441 5324 538 5376 ἐπὶ
571 5322 774 5394 ταύτης
804 5326 1057 5393 νοήσωσι,
1092 5324 1262 5377 ταῦτα
1288 5325 1382 5379 καὶ
1412 5324 1490 5396 τῷ
1509 5327 1804 5396 Μονογενεῖ

230 5416 613 5487 ἐφαρμόσουσι,
656 5417 751 5469 καὶ
778 5418 913 5487 ὅπερ
937 5416 1001 5469 ἂν
1026 5417 1219 5488 ἐκείνῳ
1251 5417 1611 5486 πιστεύσωσι,
1646 5420 1804 5473 τοῦτο

234 5508 312 5558 καὶ
336 5507 431 5558 ἐπὶ
453 5506 555 5575 τῆς
578 5506 807 5570 κτίσεως
836 5507 1200 5576 ὑπολήψονται
1218 5548 1233 5573 ,
1264 5509 1404 5562 ὥστε
1433 5512 1481 5563 εί
1516 5510 1648 5564 Θεὸν
1673 5511 1805 5581 ὁμο-

232 5595 433 5665 λογοῦσι
450 5596 545 5650 τὸν
571 5591 791 5663 Κύριον,
817 5598 910 5651 ναὶ
932 5598 1031 5670 τὴν
1056 5599 1248 5672 λοιπὴν
1274 5602 1449 5655 κτίσιν
1473 5603 1805 5673 θεοποιήσω-

234 5708 323 5744 σιν.
368 5690 433 5742 Εἰ
477 5690 535 5742 δὲ
564 5690 739 5743 ταῦτα
784 5691 883 5762 τῆς
916 5692 1067 5757 θείας
1108 5694 1321 5763 φύσεως
1354 5697 1600 5768 ἀμοιρεῖν
1637 5697 1805 5769 διορί-

235 5782 419 5849 ζονται,
444 5782 545 5853 τὴν
574 5782 741 5853 αὐτὴν
768 5784 1036 5857 ὑπόληψιν
1066 5788 1158 5841 καὶ
1186 5788 1313 5861 περὶ
1345 5789 1437 5844 τοῦ
1466 5792 1803 5862 Μονογενοῦς

1905 4604 1973 4659 de
2019 4602 2248 4657 Domino
2293 4602 2613 4671 praedicant.
2665 4601 2757 4658 Dei
2813 4603 3095 4658 voluntate
3146 4605 3330 4659 omnia
3362 4618 3484 4673 quae

1906 4705 2035 4753 sunt
2066 4696 2227 4761 facta,
2260 4697 2577 4752 constitisse
2603 4697 2840 4753 dicimus
2873 4716 2885 4752 :
2911 4698 3026 4753 haec
3056 4698 3224 4753 etiam
3253 4697 3321 4753 de
3351 4695 3484 4751 Uni-

1905 4789 2090 4859 genito
2143 4796 2423 4843 enarrant.
2478 4787 2598 4843 Non
2638 4806 2702 4844 ex
2743 4791 2985 4845 essentia
3040 4792 3160 4861 ejus
3206 4791 3298 4861 qui
3338 4792 3486 4853 fecit,

1905 4886 2180 4941 constare,
2216 4895 2394 4949 neque
2428 4887 2737 4937 creaturam
2776 4881 3097 4951 angelicam,
3142 4895 3317 4951 neque
3361 4896 3481 4951 qua:

1907 4972 1960 5026 in
2018 4971 2221 5025 mundo
2268 4980 2352 5026 est
2407 4981 2658 5027 naturam
2706 4973 3019 5041 credimus;
3062 4974 3214 5026 illum
3262 4987 3481 5042 quoque

1906 5078 1937 5117 a
1985 5063 2166 5119 Patris
2211 5064 2453 5119 essentia
2486 5065 2722 5119 alienum
2753 5080 2876 5120 esse
2919 5073 2973 5119 et
3003 5064 3343 5132 disjunctum
3385 5079 3485 5118 vo-

1906 5153 2045 5209 lunt.
2092 5154 2301 5210 Cuncta
2366 5172 2487 5225 qua:
2534 5164 2662 5212 sunt
2721 5157 2842 5226 ejus
2885 5158 2977 5227 qui
3031 5156 3159 5211 fecit
3213 5157 3483 5211 voluntati

1906 5248 2113 5303 servire
2144 5248 2505 5317 conﬁtemur;
2559 5250 2701 5304 idem
2756 5252 3001 5306 sentiunt
3041 5254 3109 5305 de
3166 5248 3481 5321 Unigenito.

1904 5341 2077 5412 Igitur
2122 5343 2438 5398 necessario
2487 5358 2827 5413 quaecunque
2887 5343 2992 5395 alia
3048 5342 3115 5396 de
3172 5342 3274 5396 hac
3323 5343 3485 5397 intel-

1905 5432 2161 5497 lexerint,
2198 5433 2390 5488 eadem
2440 5435 2620 5488 omnia
2676 5434 2972 5504 Unigenito
3010 5436 3427 5490 accommodant
3466 5456 3479 5489 :

1904 5529 1958 5576 et
1994 5522 2138 5592 quod
2180 5526 2246 5578 de
2284 5524 2378 5577 illo
2401 5524 2758 5588 crediderint,
2812 5524 2915 5578 hoc
2944 5526 3106 5579 etiam
3144 5525 3196 5579 in
3231 5534 3482 5579 creatura

1904 5613 2297 5683 opinabuntur.
2352 5613 2533 5682 Quare
2586 5617 2629 5670 si
2666 5616 2957 5671 Dominum
3011 5618 3175 5672 Deum
3212 5620 3485 5674 conliten~

1904 5712 2016 5769 tur,
2062 5705 2330 5775 reliquam
2362 5705 2524 5759 etiam
2554 5717 2858 5762 creaturam
2895 5707 3291 5765 deiﬁcavcrint.
3325 5710 3482 5776 Quod

1905 5796 1951 5851 si
1998 5797 2113 5852 hzec
2144 5797 2342 5852 divinae
2390 5806 2599 5853 natura:
2629 5800 2873 5870 expertia
2905 5801 3193 5867 deﬁniunt,
3239 5802 3484 5858 eamdem
