3922 6464
194 368 291 424 E33

1298 360 1576 415 CONTRA
1615 359 2008 426 EUNOMIUM,
2052 359 2178 412 LIB.
2224 359 2307 413 IV.

3323 362 3426 416 635

190 481 363 543 κς.θὼς
399 479 496 549 ήδη
542 479 635 530 τὸν
691 477 1019 531 ἀποδοθέντα
1063 477 1191 546 inept
1234 475 1327 528 τοῦ
1359 476 1565 547 Κυρίου
1594 475 1751 544 λόγον

1859 474 1909 525 ni
1939 473 2154 543 proprie
2190 480 2243 525 et
2273 472 2455 526 native
2472 471 3426 542 accommodariposseostcndimns.

189 576 287 627 an
315 572 412 640 τῆς
438 571 708 640 αἱρέσεως
733 572 797 639 τῇ
835 570 1150 637 κατασκευῇ
1188 566 1289 636 τῆς
1331 568 1431 636 γῆς
1464 567 1755 636 προσφυῶς

187 669 366 735 ἔχοντα
394 664 486 715 καὶ
513 663 731 723 οἰκείως
756 659 1055 729 ἐδείξαμεν.
1095 660 1231 711 Ἀλλ’
1261 660 1337 722 ώς
1356 661 1421 711 ἂν
1452 662 1523 730 μή
1560 677 1611 712 τι
1644 663 1753 723 τοῖς

185 758 563 827 ἐντυγχάνουσι
589 759 701 816 τοῖς
723 754 903 815 πόνοις
926 753 1081 822 ἡμῶν
1104 753 1400 823 ἀμφίϐολον
1420 753 1753 817 ὑπολίποιτο,

184 847 280 900 τῶν
318 864 438 899 τινα
473 845 799 916 συνηγορίαν
838 846 948 905 τοῖς
995 844 1291 912 αἱρετικοῖς
1320 844 1555 912 δόγμασι
1609 859 1754 912 παρ-

182 941 448 1009 εχομένων
474 980 489 1003 ,
521 939 586 989 ὲκ
626 937 727 1003 τῆς
756 934 1112 986 θεοπνεύστου
1146 934 1370 1005 Γραφῆς
1404 934 1551 997 ἄξιον
1577 935 1642 987 ἂν
1668 936 1754 1003 εἴη

184 1030 452 1083 καὶτοῦτο
488 1033 602 1092 τοῖς
635 1027 1027 1097 ἐξητασμένοις
1060 1026 1187 1095 παρ’
1214 1026 1372 1095 ἡμῶν
1403 1025 1750 1095 προτεθῆναι.

255 1119 474 1189 Ἐροῦσι
506 1120 616 1188 γὰρ
652 1120 780 1179 ἴσως
822 1116 880 1179 ἐξ
912 1116 1090 1169 αὐτῶν
1131 1116 1239 1168 τῶν
1281 1115 1651 1169 ἀπστολικῶν
1680 1110 1755 1167 ὧν
1823 1106 1833 1115 ’

180 1211 331 1280 ἡμεῖς
358 1210 794 1279 ἐπεμνήσθημεν
818 1246 831 1269 ,
864 1208 943 1259 ὅτι
976 1206 1100 1268 Πῶς
1153 1198 1233 1258 ἂν
1262 1206 1601 1275 πρωτότοκος
1636 1207 1754 1257 κτί-

181 1318 306 1363 σεως
338 1299 662 1369 ὠνομάσθη,
694 1302 742 1351 εἰ
784 1300 859 1369 μὴ
880 1298 1038 1351 τοῦτο
1066 1293 1155 1367 ἧν,
1186 1299 1323 1368 ὅπερ
1351 1301 1382 1367 ὴ
1416 1299 1592 1361 κτίσις
1616 1299 1752 1364 tori;

181 1394 284 1457 lii;
313 1392 431 1459 γὰρ
465 1392 807 1461 πρωτότοκος
845 1392 907 1443 οὐ
940 1389 1048 1443 τῶν
1094 1390 1401 1462 έτεροφυῶν
1421 1430 1435 1452 ,
1478 1390 1614 1443 ἀλλὰ
1647 1390 1755 1443 τῶν

177 1484 451 1552 ὁμογενῶν
478 1484 595 1534 ἐστι
622 1482 967 1552 πρωτότοκος
995 1522 1009 1546 ,
1042 1483 1116 1545 ὡς
1153 1483 1181 1533 ὁ
1214 1481 1440 1550 Ῥουὸὶμ
1480 1481 1591 1533 τῶν
1639 1482 1754 1551 μετ’

176 1578 376 1627 ἐκεῖνον
407 1573 829 1644 ἀριθμουμένων
877 1572 1223 1643 προτερεύων
1271 1572 1410 1625 κατὰ
1444 1571 1536 1623 τὸν
1572 1572 1751 1631 τόκον,

176 1661 521 1732 πρωτότοκος
572 1656 640 1732 ἦν
691 1659 993 1730 ἀνθρώπων
1045 1660 1348 1732 ἄνθρωπος.
1422 1660 1532 1713 Καὶ
1606 1660 1754 1714 ἄλλοι

176 1752 357 1806 πολλοὶ
406 1753 518 1804 τῶν
577 1751 1095 1822 συναριθμουμένων
1124 1753 1370 1821 ἀδελφῶν
1419 1753 1755 1824 πρωτότοκοι

174 1850 444 1916 λέγονται.
486 1847 716 1915 Λέγουσι
769 1846 983 1904 τοίνυν,
1032 1845 1114 1898 ὃτι
1146 1846 1366 1912 ’Ἡνπερ
1421 1846 1499 1899 ἂν
1550 1845 1755 1913 πάσης

175 1941 274 2007 τῆς
306 1940 566 2004 κτίσεως
608 1939 829 1992 οὐσίαν
860 1938 1207 2005 νοήσωμεν,
1255 1938 1351 1991 καὶ
1384 1938 1493 1991 τὸν
1532 1939 1755 2003 ταύτης

173 2030 552 2094 πρωτότοκον
583 2025 694 2093 τῆς
746 2024 934 2092 αὐτῆς
986 2023 1136 2080 εἶναι
1195 2028 1470 2096 λέγομεν.
1520 2030 1593 2081 El
1638 2029 1755 2096 μὲν

174 2115 279 2173 οὖν
322 2119 653 2187 όμοούσιός
688 2116 820 2169 ἐστι
847 2117 926 2181 τῷ
956 2116 1138 2181 Πατρὶ
1179 2117 1297 2169 τῶν
1327 2117 1487 2170 ὅλων
1511 2117 1551 2184 ἠ
1586 2115 1755 2171 πᾶσα

175 2212 372 2277 κτίσις
398 2251 415 2276 ,
442 2210 623 2263 τοῦτο
656 2210 753 2262 καὶ
805 2209 911 2261 τὸν
959 2208 1338 2276 πρωτότοκον
1382 2209 1573 2277 αὐτῆς
1600 2206 1753 2263 εἶναι

174 2308 274 2359 οὐκ
302 2304 711 2372 ἀρνησόμεθα.
734 2304 805 2355 El
833 2300 902 2353 δὲ
924 2301 1188 2370 διαφέρει
1217 2302 1367 2354 κατὰ
1396 2302 1510 2368 τὴν
1534 2303 1757 2356 οὐσίαν

173 2394 276 2460 τῆς
332 2394 591 2457 κτίσεως
638 2395 672 2445 ό
708 2389 827 2443 τῶν
874 2390 1033 2443 ὅλων
1081 2390 1257 2457 Θεὸς,
1307 2390 1539 2459 ἀνάγκη
1586 2391 1755 2445 πᾶσα

170 2484 319 2553 μηδὲ
350 2484 459 2537 τὸν
491 2484 873 2552 πρωτότοκον
913 2484 1135 2549 ταύτης
1177 2483 1487 2536 κοινωνεῖν
1519 2483 1597 2547 τῷ
1633 2483 1755 2547 Θεῷ

174 2576 276 2643 τῆς
326 2577 553 2642 οὐσίας
606 2575 829 2645 λέγειν.
887 2575 949 2627 Ἥ
1006 2575 1104 2645 μὲν
1148 2571 1240 2628 οὖν
1283 2575 1383 2645 τῆς
1430 2576 1754 2638 ἀντιθέσεως

174 2665 487 2736 κατασκευὴ
510 2665 737 2733 τοιαύτη
760 2704 775 2728 ,
800 2664 954 2716 οὐδὲν
982 2665 1390 2736 ἀγεννέστερον,
1414 2661 1589 2735 οἶμαι,
1622 2682 1695 2719 πα
1706 2669 1752 2736 ρ’

174 2759 324 2827 ἡμῶν
351 2757 697 2811 ἁντιτεθεῖσα
726 2756 804 2826 τῷ
831 2756 974 2826 λόγῳ
996 2797 1011 2819 ,
1047 2757 1113 2826 ῆν
1152 2755 1229 2819 ὠς
1267 2757 1412 2819 εἰκὸς
1456 2753 1525 2827 ἦν
1556 2759 1754 2810 ἀντεπ-

173 2849 459 2919 ενεχθῆναι
496 2848 648 2918 παρὰ
698 2848 806 2901 τῶν
858 2848 1180 2918 μαχομένων
1227 2850 1377 2918 ⁴ἡμῖν.
1422 2850 1487 2900 Ἃ
1511 2850 1569 2902 δὲ
1619 2852 1754 2920 πρὸς

172 2939 342 2992 τιῦτα
368 2937 662 3005 γινώσκειν
714 2938 818 3007 χρὴ
850 2978 864 3002 ,
899 2938 993 2989 νῦν
1034 2938 1110 3002 ὼς
1161 2938 1227 2992 ἂν
1258 2934 1359 2991 οἷοί
1392 2956 1449 2992 τε
1494 2934 1643 3011 ὦμεν
1675 2942 1753 3011 τῷ

173 3029 311 3100 λόγῳ
359 3028 848 3099 σαφηνισθήσεται.
881 3030 1147 3099 Τετράκις
1202 3032 1417 3100 εἴρηται
1461 3031 1613 3101 παρὰ
1662 3032 1752 3084 τοῦ

185 3122 504 3176 ’Λποστόλου
535 3124 593 3175 ὲν
631 3123 767 3175 πᾶσι
800 3126 910 3184 τοῖς
940 3124 1119 3192 λόγοις
1156 3122 1322 3176 αὐτοῦ
1343 3164 1357 3188 ,
1402 3124 1495 3177 τοῦ
1542 3143 1753 3197 πρωτο-

174 3216 325 3268 τόκου
348 3215 413 3267 τὸ
435 3214 610 3284 ὄνομα
635 3230 649 3244 ⁸
683 3213 954 3285 διαφόρως
979 3215 1057 3277 δὲ,
1086 3216 1181 3269 καὶ
1212 3218 1271 3268 οὐ
1300 3218 1441 3270 κατὰ
1469 3218 1557 3270 τὸν
1587 3218 1752 3271 αὑτὸν

174 3309 365 3374 τρόπον
388 3306 488 3359 τοῦ
529 3306 791 3376 ὀνόματος
820 3306 1010 3359 τούτου
1039 3308 1137 3377 τὴν
1183 3310 1405 3378 μνήμην
1436 3310 1749 3380 πεποίηται.

177 3399 282 3449 Νῦν
338 3398 442 3468 μὲν
470 3396 581 3466 γάρ
624 3414 755 3466 φησι
798 3398 1179 3464 Πρωτότοκον
1222 3399 1417 3465 πάσης
1470 3399 1581 3469 τῆς
1630 3401 1753 3453 κτί-

178 3507 321 3555 σεως
343 3508 358 3521 ·
386 3490 554 3543 πάλιν
580 3489 636 3541 δὲ
670 3490 1052 3557 Πρωτότοκον
1072 3489 1143 3542 ἐν
1166 3491 1420 3557 πολλοῖς
1446 3492 1749 3560 ἀδελφοῖς,

177 3577 306 3642 εἶτα,
338 3582 729 3648 Πρωτότοκον
758 3580 826 3633 ἐκ
866 3579 986 3632 τῶν
1021 3581 1270 3648 νεκρῶν.
1306 3583 1392 3635 Ἐν
1429 3582 1484 3635 δὲ
1519 3587 1584 3654 τῇ
1620 3586 1754 3655 πρὸς

187 3674 468 3743 Ἐϐραίους
493 3715 509 3736 ,
544 3674 812 3726 ἁπόλυτόν
834 3675 982 3726 ἐστιν
1024 3677 1108 3744 ἐφ’
1140 3677 1333 3729 ἑαυτοῦ
1384 3680 1755 3748 μνημονευθὲν

180 3767 260 3818 τοῦ
280 3767 639 3837 πρωτοτόκου
667 3766 730 3817 τὸ
754 3767 941 3837 ὄνομα.
977 3768 1141 3835 Λέγει
1184 3768 1292 3837 γὰρ
1323 3769 1493 3832 οὕτως
1515 3809 1529 3831 ,
1569 3772 1756 3823 ’Ὅταν

178 3861 237 3911 δε
262 3860 453 3914 πάλιν
503 3857 794 3928 εἰσαγάγῃ
838 3860 945 3912 τὸν
983 3861 1358 3929 πρωτότοκον
1395 3864 1481 3927 εὶς
1520 3861 1633 3929 τὴν
1673 3866 1755 3915 ol-

180 3952 476 4019 κουμένην
500 3991 515 4013 ,
561 3950 724 4020 λέγει
748 3968 763 3983 ·
798 3952 907 4004 Καὶ
943 3952 1550 4019 προσκυνησάτωσαν
1594 3955 1754 4019 αὐτῷ

181 4041 391 4107 πάντες
423 4042 671 4111 ἄγγελοι
702 4039 907 4095 αὐτοῦ.
946 4041 1101 4095 Οὕτω
1144 4042 1200 4094 δὲ
1253 4044 1454 4095 τούτων
1493 4045 1755 4114 διῃρημέ-

180 4153 294 4197 νων,
323 4137 510 4198 καλῶς
538 4135 605 4188 ἂν
630 4135 743 4204 ἔχει
768 4136 1227 4188 ’ἑκαστον’τούτων
1258 4136 1342 4204 ἐφ’
1368 4137 1561 4189 ἑαυτοῦ
1587 4138 1754 4189 διελέ-

184 4229 295 4280 σθαι
323 4228 521 4299 χωρίς·
567 4228 687 4290 πῶς
722 4229 819 4297 τῆς
849 4228 1077 4290 κτίσεως
1109 4229 1222 4279 ἐστι
1255 4229 1597 4299 πρωτότοκος
1616 4271 1631 4294 ,
1661 4232 1755 4282 καὶ

180 4319 285 4380 πῶς
309 4320 370 4370 ἐν
405 4316 625 4379 πολλοῖς
658 4317 902 4385 ἀδελφοῖς
928 4358 941 4381 ,
975 4318 1068 4369 καὶ
1104 4318 1219 4381 πῶς
1250 4320 1335 4387 ἐφ’
1367 4319 1560 4371 ἑαυτοῦ
1590 4323 1755 4390 χωρὶς

180 4410 401 4462 ἑκάστου
434 4409 647 4461 τούτων
676 4408 1067 4478 μνημονευθεὶς
1087 4451 1101 4471 ,
1126 4411 1255 4462 ὅταν
1280 4411 1440 4463 πάλιν
1466 4412 1754 4481 εἰσάγηται

1862 565 1965 618 Sed
2000 580 2068 619 ne
2098 562 2228 633 quid
2265 578 2455 617 eorum
2503 578 2623 631 qua:
2657 563 2926 617 haereticis
2961 565 3197 618 decretis
3249 579 3431 633 patro-

1859 657 2070 709 cinium
2130 653 2350 723 aliquod
2388 654 2689 723 prmbeaut,
2740 655 2965 707 dubium
3002 664 3056 708 et
3087 656 3427 725 ambiguum,

1860 750 1947 803 his
1973 748 2065 818 qui
2103 748 2157 801 in
2202 749 2303 801 hos
2355 756 2577 799 nostros
2609 747 2827 799 labores
2864 747 3127 809 inrident,
3179 749 3428 801 relictum

1860 841 1955 903 sit,
1986 855 2053 893 ex
2087 839 2359 893 divinitus
2392 837 2655 906 inspirata
2687 836 2971 904 Scriptura
3018 836 3121 890 hoc
3161 838 3325 891 etiam
3355 839 3432 891 di-

1857 947 2023 1001 gnum
2050 930 2213 985 fuerit
2233 930 2378 1000 quod
2410 929 2497 984 his
2523 944 2645 998 qua:
2669 944 2697 980 a
2730 928 2890 982 nobis
2912 930 3163 997 exposita
3188 928 3429 994 fuerunt,

1858 1021 2166 1088 adjiciatur.

1928 1111 2063 1165 Nam
2093 1111 2329 1165 fortasse
2359 1125 2425 1163 ex
2450 1109 2585 1177 ipsis
2611 1110 2930 1178 apostolicis
2961 1110 3167 1172 verbis,
3198 1126 3435 1180 quorum.

1859 1220 1960 1259 nos
2010 1204 2383 1263 meminimus,
2436 1201 2624 1253 dicent
2674 1201 3097 1270 interrogantes,
3145 1202 3433 1267 Quomodo

1859 1296 2262 1367 priuiogcnitus
2310 1304 2575 1347 creatura:
2604 1295 2921 1348 nominatus
2949 1302 3054 1354 est.
3108 1297 3152 1349 si
3186 1312 3293 1350 non
3328 1297 3433 1351 hoc

1858 1398 1994 1455 erat,
2024 1390 2170 1459 quod
2202 1396 2455 1443 creatura
2486 1395 2570 1441 est
2604 1388 2625 1440 ?
2657 1388 2848 1441 Omnis
2868 1389 3014 1442 enim
3041 1390 3435 1458 primogenitus

1857 1498 1964 1535 non
1983 1498 2308 1551 eorumquae
2325 1489 2455 1535 sunt
2484 1480 2713 1534 diversa:
2747 1489 2977 1543 naturae,
3010 1482 3103 1536 sed
3143 1498 3263 1549 quae
3304 1490 3427 1536 sunt

1855 1571 2100 1642 ejusdem
2120 1571 2340 1640 generis
2362 1580 2443 1625 est
2458 1570 2857 1640 primogenitus
2880 1589 2893 1625 :
2943 1572 3087 1625 sicut
3104 1572 3295 1625 Ruben
3316 1574 3433 1641 pri-

1858 1662 2165 1730 mogenitus
2180 1668 2297 1714 erat
2315 1674 2504 1713 eorum
2521 1659 2610 1728 qui
2630 1668 2751 1728 post
2772 1660 2921 1713 illum
2944 1670 3323 1723 recensentur,
3353 1669 3433 1714 ut-

1854 1746 2078 1816 potequi
2090 1745 2625 1816 primus,secundum
2642 1751 3164 1818 partum,hominum
3180 1753 3363 1806 homo:
3379 1761 3434 1806 ct

1788 1818 1829 1871 Β
1859 1838 1948 1891 alii
1968 1837 2121 1889 multi
2142 1835 2369 1889 fratrum
2389 1837 2622 1905 quicum
2641 1839 2722 1894 eis
2753 1849 3132 1901 numerantur,
3160 1840 3433 1909 primoge-

1856 1929 1955 1983 niti
1978 1929 2261 1983 dicuntur.
2292 1928 2490 1983 Dicunt
2508 1930 2708 2000 itaque,
2726 1930 3100 2001 Quamcunque
3112 1932 3280 1985 omnis
3294 1949 3434 1985 crea-

1858 2031 1990 2075 tura:
2002 2023 2280 2075 essentiam
2301 2033 2469 2075 mente
2481 2024 3053 2092 conceperimus,hujus
3070 2026 3230 2077 etiam
3243 2025 3433 2092 primo-

1854 2114 2082 2179 genitum
2113 2131 2224 2167 esse
2257 2114 2492 2183 ejusdem
2521 2115 2761 2168 essentiw
2788 2131 2993 2170 necesse
3030 2126 3127 2169 est.
3160 2115 3219 2169 Si
3268 2117 3440 2185 igitur

1854 2205 2139 2275 ὁμοούσιος
2183 2206 2367 2259 (simul
2401 2206 2725 2271 essentiatis)
2767 2216 2845 2259 est
2883 2205 3032 2258 Patri
3071 2207 3429 2260 universorum

1856 2300 2027 2351 omnis
2054 2310 2323 2359 creatura,
2356 2298 2452 2350 hoc
2498 2300 2659 2350 etiam
2687 2297 3094 2364 primogenitum
3134 2299 3296 2365 ipsius
3320 2315 3434 2352 esse

1856 2408 1957 2443 non
1986 2389 2313 2458 negabimus.
2342 2388 2495 2454 Quod
2521 2389 2572 2441 si
2613 2388 2794 2456 differt
2826 2390 3113 2442 secundum
3150 2391 3431 2444 essentiam

1856 2501 1888 2535 α
1917 2493 2161 2535 creatura
2210 2482 2576 2535 universorum
2609 2480 2772 2541 Deus.
2819 2482 3180 2534 necessarium
3213 2493 3291 2535 est
3320 2499 3433 2535 om-

1855 2576 1978 2628 nino
2000 2591 2158 2643 neque
2181 2575 2589 2643 primogenitum
2617 2573 2731 2641 ejus
2763 2574 3073 2641 participem
3112 2576 3284 2628 dicere
3315 2592 3432 2628 cum

1855 2666 1965 2720 Deo
1995 2668 2258 2719 essentia.
2302 2668 2375 2734 (ιι)
2396 2664 2698 2718 Contraria:
2722 2665 3223 2733 igiturobjectionis
3253 2674 3436 2719 astru-

1854 2760 1965 2812 ctio
2001 2758 2124 2811 talis
2158 2767 2263 2822 est,
2294 2767 2486 2811 nostro
2518 2758 2760 2811 sermoni
2798 2758 3047 2827 opposita
3072 2762 3203 2828 (qua
3242 2754 3315 2812 nil
3354 2760 3436 2813 vi-

1854 2850 1963 2904 lius
2001 2858 2054 2903 et
2091 2849 2385 2920 ignobilius
2403 2848 2579 2917 puto),
2609 2848 2770 2917 digna
2793 2849 2979 2902 hercle
3000 2865 3123 2918 quae
3144 2849 3213 2902 ab
3241 2849 3439 2912 advel?-

1856 2943 2019 2998 sariis
2064 2943 2273 2997 nostris
2304 2952 2676 3010 opponeretur
2727 2942 2910 2995 nobis.
2965 2942 3097 3007 Quae
3130 2953 3312 2996 autem
3364 2941 3435 2997 ad

1856 3034 1970 3087 haec
2018 3047 2181 3087 nosse
2207 3041 2443 3101 oportet,
2492 3047 2641 3086 nunc
2678 3049 2776 3103 pro
2805 3033 3015 3087 viribus
3054 3034 3261 3089 nostris
3310 3049 3434 3087 ora-

1779 3156 1824 3214 C
1857 3126 2006 3180 tione
2044 3125 2437 3179 declarabitur.
2471 3124 2676 3190 Quater
2701 3126 2771 3179 ab
2801 3126 3059 3193 Apostolo
3091 3126 3146 3179 in
3177 3128 3441 3183 omnibus

1854 3218 1975 3287 ejus
2012 3218 2363 3272 sermonibus
2413 3218 2764 3287 primogeniti
2814 3232 3014 3272 nomen
3057 3218 3261 3272 dictum
3312 3230 3431 3281 est,

1854 3310 1946 3362 sed
1980 3304 2315 3372 diil‘erenter,
2348 3323 2527 3376 neque
2566 3308 2758 3363 eodem
2790 3307 2952 3362 modo
2983 3310 3222 3363 nominis
3266 3310 3439 3377 hujus.

1854 3401 2060 3454 mentio
2102 3401 2242 3453 facta
2271 3408 2375 3454 est.
2408 3398 2567 3453 Modo
2595 3402 2740 3455 enim
2776 3400 2909 3453 dicit
2956 3402 3273 3469 Apostolus.
3316 3402 3434 3454 Pri-

1854 3493 2167 3561 mogenitum
2192 3493 2359 3545 omnis
2391 3501 2647 3545 creatura
2672 3492 2712 3523 “
2741 3511 2754 3546 :
2780 3510 2996 3554 rursus,
3018 3495 3435 3563 Primoqenitum

1854 3585 1908 3636 in
1939 3584 2117 3635 multis
2135 3584 2390 3651 fratribus
2414 3585 2455 3614 "
2481 3601 2493 3635 :
2520 3584 2735 3647 deinde,
2768 3585 3177 3655 l’rimogcnitum
3202 3602 3267 3638 e1:
3295 3604 3447 3640 mor-.

1856 3676 1959 3726 tuis
1986 3675 2047 3724 η.
2082 3674 2136 3726 In
2170 3674 2411 3742 Epistola
2460 3692 2592 3728 vero
2620 3677 2684 3729 ad
2729 3678 2981 3732 Hebraeos
3016 3680 3324 3733 absolutum
3350 3690 3435 3733 est

1856 3767 1908 3818 in
1940 3767 2122 3833 seipsn
2152 3774 2639 3819 commemoratum
2685 3770 3033 3838 primogeniti
3063 3785 3283 3824 nomen.
3339 3770 3433 3826 Sic

1854 3858 1997 3911 enim
2032 3857 2163 3909 dicit
2204 3875 2215 3909 :
2248 3856 2379 3909 Cum
2411 3874 2528 3911 vero
2558 3875 2743 3911 rursus
2778 3861 2981 3913 inducit
3022 3862 3428 3931 primogenitum

1856 3951 1907 4002 in
1948 3949 2124 4002 orbem
2156 3962 2436 4014 terrarum,
2460 3952 2584 4002 dicit
2609 3967 2626 4003 :
2660 3950 2726 4002 Et
2754 3952 2971 4004 adorent
2998 3969 3113 4004 eum
3137 3970 3313 4007 omnes
3338 3973 3449 4011 αυτ.

1855 4041 1956 4111 geli
1988 4040 2100 4109 ejus
2138 4044 2211 4094 ⁸⁵.
2261 4041 2354 4095 llis
2391 4044 2469 4096 sic
2514 4045 2813 4105 distinctis,
2838 4062 3017 4113 operae
3045 4048 3279 4115 pretium
3328 4060 3435 4101 crit

1858 4134 2049 4185 horum
2113 4136 2544 4203 unumquodque
2593 4137 2644 4187 in
2696 4138 2879 4205 seipso
2940 4140 3171 4191 seorsim
3233 4139 3433 4193 distin-

1856 4242 2052 4295 guere,
2081 4228 2354 4296 quomodo
2384 4230 2561 4282 omnis
2592 4240 2864 4285 creatura:
2894 4239 2977 4284 est
3010 4232 3429 4302 primogenitus,

1856 4327 1909 4372 et
1947 4320 2221 4389 quomodo
2254 4322 2307 4374 in
2350 4322 2537 4374 multis
2599 4322 2882 4387 fratribus,
2936 4332 2989 4379 et
3018 4327 3292 4394 quomodo
3321 4328 3417 4397 pri-

1859 4415 2243 4481 mogenitusex
2278 4414 2530 4474 mortuis,
2572 4425 2623 4466 et
2653 4416 2929 4482 quomodo
2969 4417 3023 4469 in
3076 4419 3257 4487 scipso
3312 4421 3434 4477 sine

181 4503 251 4564 εἰς
278 4503 376 4572 τὴν
415 4501 744 4570 οἰκουμένην
768 4539 781 4561 ,
820 4504 1201 4570 προσκυνεῖται
1249 4502 1352 4553 ὑπὸ
1397 4504 1614 4555 πάντων
1648 4504 1755 4555 τῶν

1863 4504 2054 4554 1101⁸11111
2089 4519 2420 4571 ιιιιοψιοίιηθ
2444 4517 2927 4573 (ἙΟΙΙὶΙΙΙΟῐΙΙΟΙἬιυε,
2965 4525 3089 4563 011111
3128 4529 3320 4568 l'lll‘SUS
3350 4516 3431 4568 in-

184 4594 418 4661 ἀγγέλων
442 4593 632 4645 αὑτοῦ.
653 4593 858 4645 Οὐκοῦν
885 4593 991 4644 ἀπὸ
1025 4594 1131 4645 τῶν
1158 4593 1479 4646 τελευταίων
1514 4596 1561 4646 εἰ
1586 4596 1750 4658 δοκεῖ,

182 4686 269 4755 τῆς
314 4686 425 4739 τῶν
478 4684 858 4755 προκειμένων
902 4684 1133 4755 θεωρίας
1197 4685 1509 4755 ἀρξώμεθα.

232 4856 407 4910 Ὅταν
427 4857 621 4911 πάλιν
639 4858 951 4925 εἱσαγάγῃ,
974 4861 1127 4928 φησὶ,
1157 4859 1261 4912 τὸν
1278 4864 1653 4928 πρωτότοκον
1676 4867 1762 4930 εἰς

186 4949 290 5013 τήν
318 4950 706 5017 οἰκουμένην·
741 4952 773 5018 ή
795 4950 889 5002 τοῦ
906 4950 1092 5003 πάλιν
1118 4952 1422 5025 προσθήκη,
1440 4956 1500 5007 τὸ
1522 4956 1597 5026 μὴ
1618 4957 1761 5027 πρώ-

188 5058 282 5103 τως
308 5042 560 5109 γίνεσθαι
607 5041 766 5093 τοῦτο
793 5043 881 5095 διὰ
911 5044 1010 5112 τῆς
1054 5046 1192 5097 κατὰ
1238 5046 1339 5116 τὴν
1383 5047 1525 5112 λέξιν
1552 5050 1756 5119 ταύτην

192 5136 452 5203 σημασίας
500 5135 854 5187 ἐνδείκνυται.
899 5135 1020 5187 Ἐπὶ
1076 5137 1184 5207 γὰρ
1232 5137 1333 5205 τῆς
1368 5140 1757 5209 ἐπαναλήψεως

188 5226 283 5275 τῶν
338 5227 490 5293 ἅπαξ
542 5226 846 5293 γεγονότων
894 5230 959 5297 τῇ
1010 5226 1153 5293 λέξει
1203 5229 1371 5299 ταύτῃ
1416 5232 1752 5301 κεχρήμεθα.

188 5318 380 5371 Οὐκοῦν
405 5322 505 5390 τὴν
538 5324 629 5372 ἐπὶ
668 5320 744 5389 τῷ
776 5320 918 5372 τέλει
944 5321 1051 5372 τῶν
1083 5320 1291 5374 αἰώνων
1328 5324 1565 5394 φοϐερὰν
1592 5325 1755 5376 αὑτοῦ

188 5408 496 5477 ἐπιφάνειαν
528 5411 784 5478 σημαίνει
812 5410 891 5477 τῷ
921 5413 1064 5482 λόγῳ
1090 5431 1103 5443 ’
1136 5415 1222 5466 ὅτε
1264 5414 1445 5467 οὐκέτι
1484 5417 1540 5467 ἐν
1563 5419 1627 5485 τῇ
1660 5416 1754 5468 τοῦ

185 5496 360 5551 {maloa
412 5502 715 5569 καθορᾶται
758 5506 974 5572 μορφῇ,
1010 5501 1126 5555 ἀλλ’
1154 5504 1248 5555 ἐπὶ
1297 5504 1390 5556 τοῦ
1430 5504 1621 5576 θρόνου
1659 5507 1757 5575 τῆς

253 5659 287 5689 ¹¹
320 5658 532 5713 Coloss.
575 5675 613 5719 I,
650 5658 737 5711 12}.
818 5658 858 5689 “
891 5658 1046 5713 Hom.
1093 5676 1209 5727 ml,
1245 5662 1333 5716 29.

1416 5660 1459 5692 ”
1486 5661 1604 5715 Col.
1641 5678 1679 5726 t,
1716 5661 1811 5729 i8;
1847 5664 1864 5717 l
1896 5662 2023 5718 Cor.
2056 5667 2138 5728 15,
2176 5669 2258 5722 10.

1862 4593 2064 4648 ductus
2094 4594 2254 4647 fuerit
2292 4596 2343 4647 in
2373 4598 2581 4660 urbem,
2626 4600 2888 4653 aduratur
2916 4602 2984 4655 ab
3033 4604 3289 4659 omnibus
3330 4622 3432 4659 an-.

1859 4686 1993 4755 gelis
2032 4687 2170 4754 ejus.
2204 4689 2243 4739 A
2276 4692 2568 4758 postremis
2616 4692 2804 4763 igitur,
2847 4695 2891 4747 si
2943 4696 3178 4761 videtur,
3235 4714 3439 4769 propo-.

1859 4779 2088 4832 sitorum
2133 4782 2567 4848 speculationem
2596 4786 2971 4841 exordiantur.

1930 4868 2062 4923 Cum
2105 4872 2317 4933 iterum,
2358 4874 2556 4942 inquit.
2594 4877 2793 4929 inducit
2829 4880 3236 4949 primogenitum
3262 4883 3316 4935 in
3347 4900 3434 4934 or-

1861 4962 2279 5031 bem:adjcctio
2315 4967 2594 5033 particula}
2651 4970 2862 5033 iterum,
2920 4972 3024 5024 hoc
3084 4988 3190 5025 non
3256 4975 3439 5042 primo,

1866 5054 1977 5106 fieri
2022 5070 2118 5122 per
2185 5056 2324 5110 hanc
2382 5058 2643 5113 dictionis
2698 5062 3114 5130 significantiam
3172 5066 3437 5129 ostendit.

1853 5144 1990 5199 Nam
2023 5148 2076 5199 in
2129 5150 2452 5215 repetitione
2480 5166 2667 5204 eorum
2705 5169 2824 5220 qua:
2874 5155 3043 5208 semel
3094 5154 3236 5207 facta
3282 5168 3441 5219 sunt,

1856 5238 1959 5291 hac
1994 5239 2238 5295 dictione
2274 5242 2497 5296 utimur.
2534 5243 2702 5313 Igitur
2736 5245 2785 5296 in
2826 5246 2929 5298 fine
2961 5246 3284 5299 szeculorum
3327 5256 3431 5301 ter-

1854 5329 2067 5385 ribilem
2100 5333 2220 5400 ejus
2254 5336 2650 5402 apparitionem
2684 5337 2785 5389 hoc
2822 5353 3077 5392 sermone
3121 5338 3431 5409 significat:

1851 5423 2074 5491 quando
2106 5440 2213 5476 non
2246 5426 2482 5493 amplius
2518 5426 2571 5478 in
2634 5428 2776 5480 servi
2836 5427 3010 5481 forma
3064 5431 3430 5500 conspicitur.

1868 5510 1962 5564 sed
1988 5511 2046 5563 in
2081 5513 2220 5566 solio
2246 5514 2395 5583 regni
2430 5516 2719 5584 magnifice
2749 5516 2967 5583 sedens,
3020 5526 3074 5573 et
3105 5519 3174 5573 ab
3223 5520 3430 5592 angelis

2342 5669 2383 5702 “
2412 5668 2579 5725 Ilehr.
2612 5689 2648 5735 ι,
2681 5671 2741 5739 6;
2776 5672 2920 5728 I’sal.
2954 5690 3064 5743 ειν,
3107 5672 3159 5733 7.

232 5768 299 5829 (η)
347 5764 680 5849 Cori-optum
708 5769 1000 5849 exemplar
1041 5772 1288 5828 Graecum
1336 5776 1586 5844 suspicor
1616 5775 1717 5829 hoc
1747 5776 1976 5843 inloco.
2008 5774 2372 5830 Consentium
2401 5784 2580 5831 tamen
2623 5779 2793 5834 (Iodd.
2842 5782 3144 5843 Bavaricus
3198 5798 3253 5845 et
3309 5790 3407 5849 Li",

169 5848 443 5895 minantis
474 5852 562 5907 ap.
593 5835 930 5892 Gt‘ctscrum.
