3922 6460
512 355 617 412 ϐἶΰ
1748 346 1805 402 S.
1836 345 2061 403 GREGO

2188 344 2482 400 NYSSENI
3629 352 3716 407 6'56

512 468 771 523 omnibus
824 467 1035 523 circum
1086 465 1265 537 ipsum
1312 470 1595 519 adoratus.
1647 460 1936 531 Propterea
1992 476 2061 530 qn

2190 460 2468 529 βασιλείας
2504 457 2933 531 μεγαλοπρεπῶς
2987 460 3441 533 προκαθήμενος,
3498 466 3587 519 καὶ
3630 469 3718 523 ὑπὸ

513 561 683 616 semel
716 561 771 613 in
806 560 994 614 orbem
1023 560 1325 629 ingressus,
1354 556 1746 626 primogenitus
1794 554 1969 608 factus
2018 571 2062 608 e1

2185 550 2295 603 τῶν
2321 550 2566 618 ἀγγέλων
2613 550 2830 603 πάντων
2864 552 2992 622 περὶ
3042 551 3205 605 αὑτὸν
3258 557 3716 626 προσκυνούμενος.

513 654 769 716 mortuis,
800 663 855 709 et
888 652 1117 707 fratrum
1150 660 1204 707 et
1233 652 1413 705 omnis
1442 656 1705 703 creatura:
1755 647 2062 716 primogcni

2186 639 2285 691 Διά
2316 638 2473 691 τοῦτο
2503 638 2532 690 6
2560 638 2705 702 ἅπαξ
2728 638 2983 691 εἰσελθὼν
3012 640 3090 702 είς
3112 640 3209 709 τὴν
3233 640 3567 711 οἰκουμένην,
3590 659 3720 713 πρω-

513 754 625 809 tus,
680 759 806 797 cum
854 745 1047 798 iterum
1095 744 1432 812 ingredietur
1476 743 1529 796 in
1568 751 1834 796 terrarum
1872 742 2057 795 orbem

2185 729 2403 793 τότοκος
2441 730 2727 799 γενόμενος
2761 729 2825 781 ὲκ
2850 728 2959 781 τῶν
2994 729 3306 800 νεκρῶν’τε
3345 732 3438 783 καὶ
3484 731 3720 801 ἀδελφῶν,

514 834 793 902 judicans,
837 836 1016 905 ipsum
1067 836 1253 889 orbem
1305 835 1359 888 in
1397 834 1632 903 justitia,
1668 834 1809 887 sicut
1856 841 2063 886 testattu

2185 818 2280 870 καὶ
2312 817 2494 888 πάσης
2538 818 2639 887 τῆς
2676 816 2940 879 κτίσεως,
2967 818 3094 870 ὅταν
3127 818 3286 870 πάλιν
3328 819 3627 890 εἰσέρχηται
3656 823 3721 885 εἰς

516 926 861 989 vaticinium,
898 942 1005 981 non
1041 927 1289 993 repudiat
1317 926 1661 996 primogeniti
1690 940 1906 989 nomen,
1938 940 2065 992 qum

2184 906 2282 977 τὴν
2312 906 2634 977 οἰκουμένην
2661 908 2689 959 ό
2719 906 2919 975 κρίνων
2966 906 3064 975 τὴν
3093 907 3416 978 οἰκουμένην
3466 911 3519 961 ὲν
3548 910 3724 963 δικαιο-

520 1018 686 1071 semel
721 1033 819 1087 pro
842 1018 1002 1072 nobis
1025 1019 1235 1087 accepit
1262 1037 1274 1071 :
1305 1017 1397 1071 sed
1429 1017 1572 1071 sicut
1604 1017 1655 1069 in
1686 1014 2069 1070 nomincJESl

2188 999 2323 1072 σύνῃ
2347 1043 2361 1065 ,
2394 998 2578 1061 καθὼς
2598 1000 2631 1068 ή
2668 998 2973 1069 προφητεία
2999 997 3178 1065 λέγει,
3213 999 3313 1050 οὐκ
3343 998 3622 1052 ἀποϐάλλει
3644 1000 3722 1053 τοῦ

518 1124 681 1163 omne
708 1125 847 1181 genu
902 1125 961 1165 se
1013 1118 1205 1164 curvat
1238 1110 1288 1165 ei
1347 1109 1440 1179 qui
1496 1124 1659 1178 supra
1692 1124 1852 1161 omne
1889 1124 2067 1163 nomen

2186 1091 2530 1159 πρωτοτόκου
2566 1091 2628 1143 τὸ
2659 1089 2829 1159 ὄνομα
2851 1131 2866 1153 ,
2896 1090 2923 1142 ὃ
2958 1088 3106 1153 ἅπαξ
3150 1089 3291 1159 ὑπὲρ
3343 1090 3494 1159 ἡμῶν
3533 1092 3723 1145 κατεδέ-

518 1208 604 1253 est
640 1199 756 1232 ⁸⁸·¹⁶
778 1238 794 1264 ,
825 1199 907 1255 sic
941 1201 1102 1255 etiam
1132 1217 1253 1254 eum
1290 1200 1380 1269 qui
1411 1200 1465 1253 in
1498 1200 1715 1253 nomine
1742 1199 2066 1268 primogenit

2188 1184 2314 1248 ξατο
2338 1199 2350 1211 ·
2381 1181 2496 1235 ἀλλ’
2524 1181 2600 1244 ὡς
2631 1184 2688 1234 tv
2726 1182 2946 1250 ὀνόματι
2989 1180 3162 1250 Ἰησοῦ
3192 1182 3299 1233 πᾶν
3329 1180 3456 1248 γόνυ
3490 1181 3723 1251 κάμπτει,

520 1288 689 1352 venit,
734 1290 914 1345 omnis
965 1291 1282 1361 angelorum
1333 1288 1616 1359 plenitudo
1667 1288 1883 1342 obviam
1940 1287 2069 1342 fact:

2186 1276 2263 1346 τῷ
2298 1276 2437 1346 ὑπὲρ
2485 1277 2594 1328 πᾶν
2622 1274 2733 1327 ὅντι
2773 1275 2942 1343 ὄνομα
2965 1315 2979 1338 ,
3016 1273 3190 1335 οὕτως
3221 1272 3433 1327 καὶτὸν
3458 1276 3513 1325 tv
3544 1273 3614 1342 τῷ
3636 1275 3724 1327 ὀνό-

520 1382 734 1449 adorat,
763 1382 833 1435 ob
874 1382 1155 1435 hominum
1191 1381 1591 1436 revocationem
1625 1380 1823 1434 affecta
1864 1380 2063 1451 gaudio

2191 1384 2318 1437 ματι
2342 1368 2433 1421 τοῦ
2467 1366 2813 1437 πρωτοτόκου
2841 1365 3128 1434 γενόμενον
3175 1366 3471 1434 προσκυνεῖ
3500 1364 3724 1417 ἁπάντων

522 1488 710 1539 quam,
737 1474 866 1543 quia
898 1474 969 1527 sit
996 1481 1184 1527 noster
1218 1472 1395 1526 factus
1431 1471 1847 1541 primogenitus,
1894 1487 2071 1526 rursus

2188 1459 2433 1528 ἀγγέλων
2473 1457 2536 1510 τὸ
2563 1458 2857 1528 πλήρωμα,
2888 1458 2954 1526 τῇ
2984 1455 3280 1525 ἀνακλήσει
3320 1455 3427 1509 τῶν
3453 1455 3723 1525 ἀνθρώπων

522 1563 589 1617 ad
617 1564 847 1634 gratiam
888 1580 1009 1634 qua:
1040 1580 1067 1616 a
1102 1563 1375 1633 principio
1405 1561 1507 1614 fuit
1552 1561 1865 1623 revocavit,
1911 1562 2071 1631 siqui-

2190 1549 2707 1621 ἐπευφραινόμενον,
2745 1548 2812 1617 ἦν
2834 1547 2923 1600 διὰ
2949 1546 3041 1600 τοῦ
3068 1546 3320 1614 γενέσθαι
3351 1546 3507 1617 ὴμῶν
3543 1549 3724 1618 πρωτό-

522 1656 644 1711 dem
674 1658 932 1727 gaudium
976 1657 1033 1709 fit
1073 1655 1281 1725 angelis
1311 1670 1475 1723 super
1513 1653 1599 1707 his
1639 1655 1730 1721 qui
1760 1670 1822 1707 ex
1865 1662 2071 1722 peccatt

2187 1658 2345 1703 τοκος
2365 1681 2379 1703 ,
2411 1640 2573 1692 πάλιν
2602 1640 2682 1701 εἰς
2717 1639 2816 1709 τὴν
2869 1638 2929 1702 ἐξ
2955 1639 3130 1708 ἀρχῆς
3164 1640 3323 1709 χάριν
3368 1639 3720 1692 ἀνεκαλέσατο.

522 1749 914 1817 rcsipiscentes
950 1749 1083 1802 salvi
1118 1746 1254 1801 fiunt
1291 1747 1332 1777 ”
1356 1786 1371 1801 .
1401 1747 1673 1812 Quocirca
1716 1761 1889 1814 usque
1942 1762 2071 1799 num

2202 1731 2417 1801 Ἐπειδὴ
2465 1731 2573 1800 γὰρ
2611 1730 2754 1800 χαρά
2803 1731 3009 1797 γίνεται
3058 1731 3170 1791 τοῖς
3210 1729 3463 1797 ἀγγέλοις
3501 1728 3588 1781 ἐπὶ
3630 1732 3723 1790 10E;

527 1840 885 1909 congemiscit
938 1847 1192 1893 creatura
1245 1839 1357 1901 illa,
1399 1846 1453 1892 et
1507 1838 1849 1892 condolescit
1887 1845 2076 1891 nostra

2188 1822 2621 1891 ἀνασωζομένοις
2673 1822 2732 1885 ἐξ
2766 1821 3065 1891 ἁμαρτίαςο
3114 1821 3245 1872 διότι
3304 1821 3463 1890 μέχρι
3508 1818 3597 1872 τοῦ
3644 1819 3722 1871 νῦν

522 1930 751 1984 vanitati
792 1931 833 1961 “
859 1969 874 1993 ,
929 1932 1158 1983 multam
1212 1945 1366 1985 suam
1399 1937 1452 1983 et
1493 1929 1878 1983 detrimentum
1943 1927 2071 1997 judi'

2188 1918 2500 1981 συστενάζει
2548 1920 2580 1987 ἡ
2618 1918 2793 1981 κτίσις
2824 1918 3004 1987 ἐκείνη
3056 1917 3151 1969 καὶ
3183 1915 3461 1968 συνωδίνει
3506 1917 3569 1985 τῇ
3620 1914 3722 1967 καθ’

522 2038 657 2076 cans
681 2029 922 2075 nostram
951 2021 1330 2090 perditionem,
1363 2036 1487 2073 cum
1524 2020 1782 2073 revelatio
1798 2018 1937 2072 facta
1968 2018 2071 2073 fue-

2184 2012 2332 2081 ήμᾶς
2382 2010 2744 2080 ματαιότητι,
2817 2010 3022 2080 ζημίαν
3078 2010 3284 2063 οίκείαν
3353 2008 3602 2080 κρίνουσα
3641 2007 3722 2078 τήν

519 2113 593 2164 rit
620 2111 853 2164 filiorum
884 2109 999 2174 Dei,
1030 2125 1193 2179 quam
1223 2124 1321 2179 pro
1348 2110 1506 2163 nobis
1531 2122 1747 2177 semper
1770 2115 2062 2176 exspectari

2184 2100 2458 2172 ἡμετέραν
2486 2099 2779 2164 ἀπώλειαν,
2810 2102 2936 2154 ὅταν
2964 2103 2997 2172 ή
3029 2101 3369 2170 ἀποκάλυψις
3393 2100 3605 2169 γένηται
3632 2100 3724 2151 τῶν

519 2209 574 2253 et
606 2200 1010 2269 praestolamur,
1045 2208 1098 2252 et
1129 2214 1254 2253 cum
1284 2198 1433 2253 salva
1466 2198 1628 2252 fuerit
1654 2198 1773 2251 ovis
1824 2212 1949 2251 cum
2002 2212 2066 2251 su

2186 2192 2315 2245 υἱῶν
2347 2191 2442 2245 τοῦ
2471 2192 2607 2245 Θεοῦ
2635 2231 2651 2256 ,
2684 2193 2750 2263 ἢν
2776 2194 2914 2263 ὑπὲρ
2956 2193 3116 2263 ήμῶν
3150 2193 3237 2245 ἀεὶ
3280 2190 3725 2261 καραδοκοῦσικαὶ

520 2306 688 2359 perna
718 2290 809 2343 illa
834 2289 1113 2343 centuria:
1144 2289 1267 2358 (nos
1295 2298 1475 2342 autem
1505 2302 1696 2342 omnes
1732 2302 1945 2349 sumus,
1983 2286 2069 2340 hu-

2186 2284 2595 2353 ἀπεκδέχονται,
2631 2286 2726 2337 καὶ
2756 2285 2885 2336 ὅταν
2916 2284 3172 2355 ἀποσωθῇ
3205 2286 3273 2354 τῇ
3306 2284 3417 2337 ἀνω
3440 2282 3724 2336 ὲκατοντάδι

518 2396 681 2436 mana
713 2388 929 2445 natura,
962 2380 1077 2435 haec
1109 2381 1247 2443 ovis,
1279 2394 1465 2449 Quam,
1494 2378 1625 2449 quia
1648 2378 1826 2435 factus
1876 2379 2067 2449 primo-

2187 2376 2248 2429 τὸ
2295 2376 2597 2448 πρόϐατον⁹
2639 2378 2803 2447 ἡμεῖς
2840 2376 2896 2429 δὲ
2927 2376 3127 2439 πάντες
3159 2378 3329 2445 ἐσμὲν
3366 2377 3400 2445 ἡ
3442 2374 3723 2446 ἀνθρωπίνη

526 2471 771 2540 genitus,
807 2470 986 2525 bonus
1017 2478 1203 2538 pastor
1259 2469 1498 2525 servavit
1524 2466 1770 2533 ":)tunc
1816 2469 2075 2538 praecipue

2189 2467 2348 2537 φύσις
2385 2466 2543 2521 τοῦτο
2586 2467 2648 2520 τὸ
2687 2467 2955 2538 πρόϐατον
2987 2467 3015 2519 ὂ
3065 2467 3152 2520 διά
3184 2467 3281 2520 τοῦ
3322 2466 3564 2535 γενέσθαι
3599 2483 3724 2536 πρω-

520 2561 576 2614 in
603 2561 909 2616 vehementi
932 2576 1032 2631 pro
1064 2560 1223 2615 nobis
1254 2560 1553 2630 gratiarum
1584 2560 1800 2614 actione
1828 2559 1937 2614 Deo
1958 2558 2069 2615 ado

2186 2560 2434 2622 τότοκος,
2481 2560 2510 2611 6
2553 2558 2756 2627 ἀγαθὸς
2798 2559 3001 2629 ποιμὴν
3044 2558 3359 2613 ἀνεσώσατο
3381 2574 3393 2587 ⁸
3424 2559 3542 2611 τότε
3570 2558 3725 2625 διαφε-

518 2652 787 2707 rationem
815 2651 1089 2707 adducent
1117 2650 1204 2718 ei,
1233 2651 1327 2721 qui
1361 2660 1582 2721 propter
1602 2651 2067 2722 primogenituran'

2193 2649 2393 2723 ρόντως
2427 2651 2483 2702 tv
2536 2650 2898 2721 ὲπιτεταμένῃ
2931 2652 2996 2721 τῇ
3032 2650 3171 2721 ὑπὲρ
3221 2650 3383 2721 ἡμῶν
3418 2649 3723 2720 εὐχαριστίᾳ,

518 2744 795 2800 revocavit
822 2760 945 2800 eum
976 2744 1069 2814 qui
1095 2757 1126 2797 a
1154 2743 1330 2813 patrio
1354 2743 1466 2798 lare
1491 2744 1648 2813 longe
1674 2743 2039 2798 abscesserat.

2193 2742 2521 2813 προσάξουσι
2572 2743 2651 2812 τῷ
2698 2742 2816 2813 Θεῷ
2852 2743 2951 2808 τὴν
2984 2742 3356 2815 προσκύνησιν
3402 2742 3481 2812 τῷ
3523 2740 3603 2795 διά
3642 2740 3723 2809 τῆς

518 2835 891 2908 πρωτοτοκίας
913 2832 1373 2903 ἀνακαλεσαμένῳ
1394 2833 1485 2885 τὸν
1514 2833 1609 2903 τῆς
1636 2832 1894 2902 πατρῴας
1925 2831 2107 2894 ἑστίας
2134 2832 2591 2900 ἀποφοιτήσαντα.

591 2926 689 2982 llis
714 2942 744 2980 a
777 2926 937 2981 nobis
985 2926 1067 2979 sic
1105 2924 1423 2987 intellectis,
1468 2924 1654 2977 nullus
1690 2924 1925 2992 amplius
1987 2922 2087 2976 du-

2264 2921 2477 2974 Τούτων
2508 2921 2565 2975 δὲ
2616 2921 2787 2985 οὕτως
2834 2924 2969 2992 ἡμῖν
3000 2922 3301 2994 νοηθέντων
3326 2964 3343 2988 ,
3371 2923 3550 2977 οὐκέτ’
3575 2924 3635 2979 ἀν
3658 2940 3726 2985 τις

520 3020 679 3085 bitet,
703 3018 862 3087 cujus
898 3018 1069 3087 gratia
1087 3032 1154 3071 ex
1186 3016 1421 3070 mortuis
1457 3014 1513 3067 [it
1552 3014 1966 3083 primogenitus,
2002 3028 2067 3067 ve

2195 3015 2325 3085 περὶ
2356 3012 2465 3066 τῶν
2508 3012 2708 3067 λοιπῶν
2741 3015 3098 3084 ἀμφιδάλλοι,
3146 3018 3268 3069 ὅτου
3302 3016 3459 3087 χάριν
3487 3016 3520 3085 ἢ
3548 3014 3726 3085 νεκρῶν

521 3118 786 3165 creatura:
806 3108 887 3163 vel
906 3109 958 3162 in
978 3107 1164 3162 multis
1183 3105 1462 3160 fratribus.
1497 3102 1621 3158 Haec
1640 3105 1784 3159 enim
1813 3105 1994 3159 omnia
2023 3118 2070 3157 at

2194 3103 2399 3171 γίνεται
2433 3103 2865 3178 πρωτότοκοςκῆ
2914 3106 3142 3169 κτίσεως
3160 3144 3175 3168 ,
3204 3106 3236 3176 ἢ
3288 3108 3346 3159 tv
3374 3106 3577 3168 πολλοῖς
3601 3104 3728 3158 6651-

520 3201 772 3255 eumdem
793 3213 1018 3268 scopum
1041 3204 1310 3266 spectant,
1342 3195 1444 3250 etsi
1466 3196 1520 3248 in
1553 3209 1879 3264 unoquoque
1898 3207 2067 3249 secun

2193 3195 2331 3264 φοῖς.
2363 3194 2545 3247 Πάντα
2573 3194 2681 3265 γάρ
2724 3195 2895 3249 ταῦτα
2930 3197 3067 3267 πρὸς
3097 3199 3186 3249 τὸν
3215 3196 3382 3250 αὑτὸν
3410 3195 3599 3250 σκοπὸν
3628 3194 3726 3265 βλέ-

520 3294 651 3346 dum
673 3291 1061 3361 preprielatem
1100 3288 1329 3359 insignis
1373 3286 1618 3358 quaedam
1664 3287 1814 3340 notio
1852 3292 2069 3355 apparet

2192 3302 2306 3351 πει,
2344 3286 2447 3339 κᾶν
2474 3287 2686 3356 ἑκάστῳ
2712 3305 2765 3340 τι
2786 3287 2925 3341 κατὰ
2952 3288 3014 3340 τὸ
3050 3286 3245 3351 ἰδιάζον
3277 3288 3597 3359 ἐμφαίνηται
3622 3287 3726 3357 νόη-

522 3383 929 3452 Primogenitus
946 3396 1012 3435 ex
1034 3379 1267 3433 mortuis
1297 3378 1373 3442 fit,
1405 3378 1499 3448 qui
1530 3378 1736 3447 primus
1756 3392 1849 3447 per
1871 3392 1929 3431 se
1942 3390 2071 3431 acre:

2196 3394 2291 3447 μα.
2323 3378 2672 3448 Πρωτότοκος
2700 3378 2805 3451 γὰρ
2834 3379 2897 3431 ὲκ
2928 3379 3036 3433 τῶν
3073 3379 3289 3450 νεκρῶν
3320 3380 3523 3449 γίνεται
3544 3381 3571 3433 ό
3599 3379 3726 3451 πρῶ·

525 3475 718 3527 mortis
740 3472 957 3526 dolores
976 3470 1155 3531 solvit,
1172 3478 1230 3523 ut
1243 3470 1388 3521 omni
1400 3470 1499 3523 bus
1513 3469 1676 3523 etiam
1690 3468 1830 3521 viam
1854 3467 2015 3521 faciat
2029 3480 2074 3520 at

2191 3483 2282 3530 τος
2312 3468 2379 3521 δι’
2425 3468 2616 3521 ἑαυτοῦ
2646 3469 2743 3533 τὰς
2797 3470 2989 3533 ὠδῖνας
3026 3470 3120 3523 τοῦ
3161 3470 3393 3525 Θανάτου
3428 3472 3620 3535 λύσας,
3656 3472 3728 3523 ἵνα

527 3569 742 3631 partum
773 3561 864 3627 qui
894 3560 953 3612 Iit
972 3574 1040 3612 ex
1067 3559 1490 3613 resurrectione.
1525 3558 1581 3611 In
1608 3556 1867 3611 fratribus
1902 3573 2076 3614 rursu:

2193 3560 2289 3613 καὶ
2313 3562 2476 3613 πᾶσιν
2504 3561 2790 3632 όδοποιήσῃ
2824 3562 2914 3615 τὸν
2959 3563 3018 3627 ὲξ
3072 3564 3421 3628 ἀναστάσεως
3456 3564 3618 3618 τόκον.
3655 3564 3726 3615 Ἑν

529 3650 927 3722 primogenitus
957 3650 1157 3712 factus,
1181 3648 1277 3719 qui
1309 3665 1450 3703 novo
1482 3649 1914 3719 regenerationis
1936 3660 2078 3719 parti

2193 3652 2441 3721 ἀδελφοῖς
2461 3653 2517 3705 δὲ
2543 3652 2703 3706 πάλιν
2741 3654 3079 3725 πρωτότοκος
3111 3658 3397 3726 γινόμενος
3422 3698 3435 3720 ,
3462 3658 3490 3710 6
3514 3656 3599 3711 τοῦ
3626 3673 3726 3709 και-

532 3746 688 3813 prior
708 3742 926 3813 genitus
964 3750 1049 3796 est
1095 3742 1148 3795 in
1185 3756 1349 3810 aqua,
1380 3741 1541 3816 cujus
1572 3750 1787 3812 partum
1833 3742 2081 3796 columba

2194 3741 2286 3795 νοῦ
2344 3746 2443 3814 τῆς
2490 3744 2905 3811 παλιγγενεσίας
2952 3746 3110 3798 τόκου
3160 3747 3543 3819 προγεννηθεὶς
3576 3748 3628 3800 tv
3662 3744 3728 3815 τῷ

522 3837 741 3892 volatus
780 3834 1169 3890 obstetricatus
1199 3841 1302 3889 est.
1346 3832 1450 3889 Per
1495 3850 1655 3904 quem
1690 3850 1785 3889 eos
1842 3836 1933 3905 qui
1970 3849 2071 3890 cun

2196 3832 2347 3887 ὕδατι
2373 3874 2388 3896 ,
2440 3829 2501 3889 οὗ
2553 3835 2653 3898 τὰς
2702 3835 2895 3898 ὠδῖνας
2944 3838 2979 3907 ή
3032 3839 3228 3905 πτῆσις
3280 3840 3380 3910 τῆς
3437 3839 3725 3910 περιστερᾶς

524 3928 645 3993 ipso
677 3925 877 3981 similis
904 3926 1276 3996 generationis
1310 3926 1609 3996 participes
1639 3933 1790 3989 sunt,
1836 3926 1938 3981 sibi
1978 3925 2073 3981 fra-

2195 3923 2539 3995 ἐμαιεύσατο.
2586 3927 2661 3978 Δι’
2691 3920 2752 3979 οὗ
2796 3927 2921 3990 τοὺς
2966 3930 3446 4000 συμμετασχόντας
3473 3929 3611 4000 αύτῷ
3644 3928 3724 3997 τῆς

524 4028 637 4074 tres
672 4018 913 4083 asciscit,
950 4024 1010 4071 et
1044 4018 1439 4088 primogenitus
1485 4017 1718 4072 ellicitur
1761 4033 1948 4073 eorum
1999 4033 2071 4087 qu

2193 4015 2383 4085 ὁμοίας
2417 4017 2718 4087 γεννήσεως
2743 4016 3001 4087 ἀδελφοὺς
3028 4018 3223 4073 ἑαυτοῦ
3254 4022 3438 4085 ποιεῖ,
3469 4020 3558 4076 καί.
3599 4037 3724 4089 πρω-

523 4110 836 4181 pustipsum
854 4124 919 4163 ex
935 4123 1074 4179 aqua
1090 4121 1141 4162 et
1156 4108 1348 4178 spiritu
1366 4118 1779 4178 regenerantur.
1801 4106 1865 4160 Et
1881 4114 1939 4160 ut
1952 4122 2072 4162 sum

2192 4106 2409 4169 τότοκος
2450 4107 2655 4175 γίνεται
2679 4106 2788 4158 τῶν
2824 4109 2941 4171 μετ’
2973 4108 3133 4162 αὑτὸν
3183 4112 3530 4183 γεννωμένων
3565 4112 3623 4163 ἐκ
3644 4105 3722 4161 τοῦ

524 4201 714 4253 matim
732 4199 929 4259 dicam.
967 4213 1091 4252 cum
1124 4199 1234 4252 sint
1268 4204 1379 4252 tres
1421 4196 1475 4250 in
1509 4197 1667 4251 nobis
1694 4195 2070 4267 generationes

2196 4196 2386 4260 ὕδατός
2414 4214 2474 4249 τε
2508 4198 2602 4251 καὶ
2639 4197 2733 4250 τοῦ
2763 4198 3089 4269 πνεύματος.
3122 4202 3231 4255 Καὶ
3268 4202 3533 4256 συνελόντι
3563 4200 3720 4269 φάναι,

523 4291 722 4360 quibus
738 4290 1046 4344 vivificatur
1066 4289 1303 4343 humana
1321 4295 1538 4352 natura,
1575 4302 1680 4342 una
1700 4304 1730 4342 e
1746 4301 1997 4357 corpore,
2022 4288 2071 4341 al

2193 4288 2359 4359 τριῶν
2392 4289 2565 4342 οὐσῶν
2613 4290 2670 4341 tv
2703 4291 2833 4360 ⁴ἡμῖν
2886 4290 2992 4343 τῶν
3038 4293 3342 4361 γεννήσεων
3365 4334 3381 4357 ,
3414 4294 3479 4346 δι’
3518 4285 3587 4344 ὧν
3612 4288 3724 4353 Cmo-

524 4394 636 4437 tera
651 4380 953 4436 secundum
984 4380 1417 4450 regenerationis
1448 4379 1788 4450 mysterium,
1814 4378 1976 4433 tertia
2001 4393 2073 4448 pel

2196 4386 2427 4438 ποιεῖται
2460 4387 2493 4456 ὴ
2524 4385 2833 4456 ἀνθρωπίνη
2865 4385 3023 4454 φύσις
3051 4402 3065 4417 ⁸
3093 4388 3191 4456 τῆς
3222 4387 3323 4457 μὲν
3351 4386 3457 4439 ἀπὸ
3484 4386 3722 4456 σώματος,

524 4480 795 4541 speratam
825 4487 892 4527 ex
929 4473 1161 4527 mortuis
1197 4472 1377 4527 denuo
1409 4472 1891 4533 resurrectionem,
1924 4471 1978 4525 in
2010 4471 2073 4524 hi:

2197 4475 2299 4545 τῆς
2331 4476 2386 4529 δὲ
2419 4446 2560 4528 κατὰ
2604 4446 2666 4527 τὸ
2703 4477 2798 4546 τῆς
2822 4446 3245 4545 ’παλιγγενεάίας
3285 4446 3604 4548 μυστήριον·
3641 4446 3723 4541 τῆξ

523 4564 704 4617 tribus
750 4564 1148 4631 primogenitus
1165 4563 1386 4617 dicitur.
1421 4562 1626 4631 Duplex
1641 4563 2000 4631 quitlemcum
2023 4561 2070 4615 si

2198 4565 2253 4617 δὲ
2279 4605 2294 4629 ,
2330 4565 2420 4619 διά
2453 4568 2553 4636 τῆς
2582 4565 2942 4637 ἐλπιζομένης
2972 4568 3037 4620 ὲκ
3069 4566 3177 4621 τῶν
3203 4568 3411 4637 νεκρῶν
3440 4567 3589 4620 πάλιν
3616 4565 3724 4617 ἀνα-

527 4655 885 4725 rcgeneratio,
944 4670 1065 4723 quae
1116 4670 1211 4723 per
1257 4663 1549 4723 utrumque
1603 4654 1855 4717 efﬁcitur,
1906 4660 1961 4707 et
2002 4668 2076 4722 pe]

2200 4655 2437 4718 στάσεως
2454 4695 2469 4718 ,
2494 4657 2551 4708 tv
2579 4658 2697 4719 ταῖς
2722 4656 2866 4727 τρισὶ
2900 4657 3240 4728 πρωτότοκος
3274 4658 3496 4726 γίνεται.
3519 4657 3621 4726 Τῆς
3643 4653 3724 4724 μὲν

526 4745 817 4815 baptisma,
847 4752 900 4799 et
927 4760 1021 4815 per
1049 4745 1530 4813 resurrectionem,
1558 4746 1674 4817 ipse
1709 4746 1888 4801 factus
1908 4746 2015 4800 (qu
2042 4760 2071 4801 e

2197 4746 2397 4818 διπλῆς,
2424 4747 2838 4816 παλιγγενεσίας
2862 4748 2962 4818 τῆς
2993 4748 3059 4802 δι’
3091 4749 3410 4819 ἀμφοτέρων
3434 4744 3723 4818 ἐνεργουμέ-

524 4839 779 4909 princeps
845 4838 1144 4893 secundum
1220 4848 1527 4910 utramque,
1583 4840 1639 4894 in
1705 4855 1872 4896 carne
1914 4850 2073 4896 auten

2197 4857 2294 4910 νης
2318 4881 2333 4905 ,
2364 4840 2452 4894 διά
2501 4857 2559 4893 τε
2592 4839 2685 4893 τοῦ
2718 4839 3091 4911 βαπτίσματος
3120 4842 3212 4894 καὶ
3262 4840 3351 4895 διά
3397 4840 3495 4909 τῆς
3524 4833 3724 4893 ἀναστά-

524 4929 925 5001 primogenitus
955 4930 1033 4995 fit,
1072 4931 1284 5000 primus
1326 4939 1381 4985 et
1412 4932 1559 4987 solus
1603 4931 1846 5003 ignotum
1886 4940 2073 4986 natura

2200 4948 2335 4993 σεως
2357 4972 2371 4997 ,
2396 4931 2559 4994 αὐτὸς
2593 4931 2883 5000 γενόμενος
2928 4931 3166 5001 ἀρχηγὸς
3214 4932 3336 4986 καθ’
3378 4932 3618 5000 ἑκάτερον
3638 4968 3650 4990 ,
3676 4928 3724 4979 tv

522 5030 738 5089 partum
774 5020 829 5074 in
854 5021 1035 5091 seipso
1077 5036 1172 5091 per
1196 5020 1469 5093 Virginem
1492 5038 1692 5076 novum
1724 5023 1966 5086 molitus,
1997 5037 2071 5077 cui

2196 5020 2253 5073 δὲ
2284 5022 2349 5090 τῇ
2392 5022 2552 5089 σαρκὶ
2609 5022 2948 5091 πρωτότοκος
2978 5022 3225 5090 γίνεται·
3259 5022 3472 5094 πρῶτος
3513 5020 3599 5073 καὶ
3645 5016 3711 5086 μό

517 5112 610 5178 jus
636 5110 822 5167 nullus
849 5112 904 5165 in
958 5120 1037 5167 tot
1094 5112 1373 5167 hominum
1419 5114 1862 5184 generationibus
1906 5126 2062 5168 aucto

2196 5129 2285 5174 νος
2313 5112 2405 5164 τὸν
2435 5112 2709 5180 ἄγνωστον
2737 5118 2804 5184 τῇ
2838 5112 2995 5181 φύσει
3026 5114 3183 5167 τόκον
3214 5114 3297 5183 ἐφ’
3326 5112 3513 5166 ἑαυτοῦ
3539 5109 3618 5163 διά
3642 5108 3722 5175 τῆς

521 5205 751 5260 exstitit.
797 5202 855 5259 Si
890 5204 1005 5259 haec
1035 5206 1332 5261 secundum
1358 5208 1629 5262 rationem
1673 5206 1951 5262 intellecta
1976 5207 2070 5263 fuel

2197 5203 2492 5274 παρθενίας
2520 5205 2920 5275 καινοτομήσας
2938 5243 2952 5268 ,
2986 5199 3047 5259 οὗ
3097 5204 3285 5274 μηδεὶς
3331 5206 3389 5257 tv
3418 5205 3533 5264 ταῖς
3560 5196 3714 5252 τοσαύσ

525 5299 669 5365 rint;
705 5313 881 5367 neque
909 5306 1173 5353 creatura:
1203 5298 1593 5370 significatum,
1632 5298 1791 5368 cujus
1821 5298 2074 5369 primoge-

2196 5312 2317 5356 ταις
2350 5296 2456 5347 τῶν
2484 5294 2784 5366 ἀνθρώπων
2829 5300 3042 5364 γενεαῖς
3096 5296 3457 5366 καθηγήσατο.
3484 5294 3541 5345 Ei
3580 5288 3720 5343 ταῦτα

524 5390 674 5445 nitus
702 5398 786 5445 est
807 5390 1163 5461 ignorabitur.
1189 5390 1467 5460 Duplicem
1497 5392 1641 5445 enim
1660 5400 1869 5444 natura:
1891 5399 2073 5445 nostra

2198 5388 2375 5441 τοίνυν
2423 5389 2562 5441 κατά
2614 5388 2770 5455 λόγον
2799 5388 3087 5459 νενόηται,
3126 5388 3246 5441 οὐδὲ
3280 5388 3341 5440 τὸ
3385 5389 3479 5455 τῆς
3527 5382 3721 5439 κτίσεως

524 5480 857 5536 creationem
886 5482 1275 5551 cOgnovimus:
1314 5482 1562 5551 primam,
1595 5479 1894 5535 secundum
1929 5494 2073 5549 quan

2202 5479 2596 5549 σημαινόμενον
2620 5521 2634 5544 ,
2666 5476 2734 5551 ἦς
2765 5480 3103 5551 πρωτότοκός
3132 5483 3277 5535 ἐστιν
3297 5520 3313 5545 ,
3343 5477 3718 5547 ἀγνοηθήσεταιι

527 5569 745 5627 formati
774 5586 967 5628 sumus
1029 5580 1086 5628 et
1112 5572 1433 5637 secundam,
1487 5588 1583 5643 per
1610 5586 1773 5641 quam
1812 5570 2073 5627 reformat

2200 5573 2404 5643 Διπλῆν
2447 5572 2552 5644 γάρ
2587 5573 2684 5642 τῆς
2724 5573 2937 5641 φύσεως
2967 5573 3122 5645 ήμῶν
3166 5573 3263 5645 τὴν
3293 5572 3465 5625 κτίσιν
3512 5565 3714 5635 ἐγνώκα-

600 5756 714 5789 ¹⁸’¹⁶
743 5756 974 5829 Philipp.
1008 5773 1067 5823 ιι,
1109 5758 1193 5812 10.
1272 5757 1309 5789 ¹τ
1354 5756 1545 5813 Matth.
1578 5772 1734 5824 xvm,
1756 5756 1843 5824 15,
1872 5756 1961 5825 υς
1992 5755 2125 5813 Luc.

2004 5755 2125 5813 Luc.
2160 5770 2250 5822 xv,
2288 5756 2338 5812 7.
2418 5758 2460 5790 ⁸⁸
2488 5755 2648 5814 Rom.
2681 5773 2796 5827 vni,
2829 5758 2915 5815 l9.
2994 5761 3038 5791 "
3076 5760 3260 5814 Matth.
3294 5773 3438 5823 xviu,
3480 5756 3553 5809 l2.
