3922 6468
119 422 197 481 (37
1159 401 1436 458 CONTRA
1482 397 1866 464 EUNOMIUM,
1902 398 2030 455 LIB.
2066 397 2155 454 IV.

3191 395 3294 454 638

120 553 225 608 μεν,
262 530 344 600 τήν
372 544 427 579 τε
470 522 687 593 πρώτην
724 519 845 573 καθ’
870 520 935 589 ἦν
965 515 1314 587 ὲπλάσθημεν
1336 554 1352 577 ,
1401 513 1493 608 καὶ
1524 514 1622 608 την

1744 508 1970 575 'uimus;
2019 508 2117 565 sed
2164 523 2273 562 non
2319 522 2458 578 opus
2502 516 2651 563 esset
2711 507 2949 562 secunda
2992 508 3293 574 creatione,

118 600 319 693 ίδυτέραν
360 618 476 671 καθ’
520 617 583 686 ἦν
629 610 1067 681 ἀνεπλὰσθημεν.
1113 607 1250 661 Ἀλλ’
1283 607 1382 659 οὐκ
1434 605 1502 659 ἂν
1553 600 1620 675 ἦν

120 722 190 786 τῆς
210 710 431 779 δευτέρας
459 706 611 776 ἡμῶν
634 704 861 765 κτίσεως
884 700 1064 772 χρεία,
1094 700 1140 752 εί
1177 697 1251 770 μὴ
1277 696 1372 768 τὴν
1402 693 1623 767 πρώτην

82 840 83 843 η
120 807 285 873 tua;
308 801 582 873 παρακοῆς
608 796 1007 870 ἡχρειώσαμεν.
1042 795 1283 864 Ἐκείνης
1315 793 1493 846 τοίνυν
1518 809 1625 846 πα-

119 900 379 967 uanam;
431 912 490 947 τε
549 893 640 947 καὶ
696 888 1122 960 ἀφανισθείσης,
1177 887 1281 941 ἔδει
1328 885 1519 956 καινὴν
1566 886 1623 937 ὲν

120 988 289 1060 Χριστῴ
309 984 553 1054 γενέσθαι
590 980 787 1044 κτίσιν,
815 977 995 1041 καθώς
1024 994 1188 1048 φησιν
1214 977 1242 1029 ὁ
1284 974 1622 1036 ’Δπόστολος.

120 1083 243 1135 Οὐδὲν
267 1081 337 1131 ἔτι
364 1076 470 1128 τῶν
495 1072 960 1141 πεπαλαιωμένων
982 1071 1074 1122 ἐπὶ
1104 1070 1200 1139 τῆς
1225 1068 1483 1138 δευτέρας
1511 1084 1574 1118 κτ
1584 1066 1627 1117 ί-

121 1188 219 1232 σεως
234 1168 356 1231 ἀξιοῖ
383 1165 618 1235 βλέπειν,
637 1159 1153 1229 Ἀπεκδυσὰμενοι,
1176 1158 1369 1227 λέγων,
1386 1157 1494 1211 τὸν
1514 1172 1620 1210 πα-

119 1262 249 1318 ,ιαιὸν
266 1260 586 1327 ἄνθρωπον,
605 1254 725 1308 σὺν
740 1253 869 1318 ταῖς
884 1250 1137 1319 πράξεσι
1159 1251 1251 1304 καί
1276 1249 1402 1315 ταῖς
1423 1249 1627 1303 ἐπιθυ-

118 1358 237 1423 μίαις
258 1350 451 1410 αὑτοῦ,
478 1346 819 1400 ἐνδύσασθε
840 1345 945 1398 τὸν
965 1344 1174 1398 καινὸν
1197 1343 1504 1409 ἄνθρωπον
1524 1339 1630 1393 τὸν

124 1445 229 1499 κατὰ
252 1441 384 1498 Θεὸν
402 1439 740 1493 κτισθέντα·
766 1436 963 1495 κα“ι,Εῐ
988 1455 1075 1501 τις
1106 1436 1175 1488 ἐν
1195 1433 1441 1503 Χριστῷ,
1473 1434 1628 1502 φησὶ,

122 1535 252 1601 miri;
285 1532 471 1594 κτίσις
490 1547 504 1561 ’
536 1529 609 1581 τὰ
653 1526 871 1597 ἀρχαῖα
913 1523 1237 1594 παρῆλθεν,
1272 1523 1399 1577 ἰδοὺ
1424 1522 1629 1593 γέγονε

123 1624 280 1679 καινά·
307 1621 379 1685 εἷς
409 1623 518 1692 γὰρ
545 1622 641 1674 καὶ
672 1623 700 1673 ὀ
727 1620 886 1682 αὐτὸς
916 1619 1016 1688 τῆς
1044 1617 1388 1687 ἀνθρωπίνης
1420 1615 1631 1684 φύσεως

124 1716 333 1785 ποιητὴς,
363 1713 453 1765 καὶ
495 1710 557 1762 τὸ
591 1710 711 1762 κατ’
765 1710 935 1779 ἀρχὰς
973 1708 1067 1761 καὶ
1116 1706 1177 1759 τὸ
1233 1706 1370 1776 μετὰ
1416 1704 1587 1757 ταῦτα
1616 1720 1628 1733 '

122 1810 205 1862 τότε
223 1804 379 1859 λαϐὼν
406 1802 535 1873 χοῦν
570 1802 681 1855 ἀπὸ
703 1801 803 1870 τῆς
825 1801 926 1871 γῆς
944 1841 958 1863 ,
985 1798 1074 1852 τὸν
1099 1798 1379 1870 ἄνθρωπον
1406 1797 1629 1849 ἔπλασεν

1720 601 1828 655 nisi
1860 601 2089 670 primam
2125 616 2221 670 per
2259 600 2760 669 praevaricationem
2820 601 3065 654 inutilem
3113 600 3297 654 reddi-

1721 690 2015 747 dissemus.
2073 691 2169 744 llla
2211 692 2374 761 igitur
2413 691 2735 754 inveterata,
2782 692 3025 745 obsoleta
3073 699 3128 746 et
3168 706 3296 746 eva-

1721 782 1873 846 nida,
1916 798 2111 837 novam
2157 784 2210 836 in
2252 783 2469 837 Christo
2526 782 2642 837 ﬁeri
2692 790 2998 837 creaturam
3044 792 3161 837 erat
3198 798 3295 836 ne-

1722 894 1904 941 cesse.
1938 877 2079 930 sicut
2115 875 2191 929 ait
2216 876 2509 945 Apostolus
2548 894 2560 929 :
2604 876 2739 929 nihil
2775 875 3011 944 amplius
3047 882 3293 928 vetusto-

1722 984 1843 1024 rum
1872 969 1924 1022 in
1950 967 2188 1022 secunda
2218 978 2470 1021 creatura
2507 975 2696 1021 censet
2726 967 2926 1021 intueri
2965 985 2978 1021 :
3006 964 3292 1028 Exuentes,

1725 1061 2012 1131 inquiens;
2055 1068 2270 1113 veterem
2332 1059 2590 1112 hominem
2620 1075 2737 1112 cum
2766 1058 2968 1111 actibus
3005 1065 3055 1111 et
3093 1057 3298 1125 cupidi-

1727 1148 1923 1204 tatibus
1954 1166 2099 1218 ejus,
2155 1147 2357 1201 induite
2388 1165 2573 1201 novum
2603 1148 2863 1202 hominem
2889 1148 2978 1217 qui
3014 1146 3297 1201 secundum

1726 1241 1894 1295 Deum
1914 1253 2119 1294 creatus
2142 1251 2218 1292 est
2237 1241 2300 1292 ’⁸.
2323 1240 2406 1305 Et,
2427 1241 2486 1295 Si
2502 1258 2603 1310 qua
2628 1242 2682 1296 in
2698 1240 2931 1303 Christo,
2952 1241 3149 1310 inquit,
3167 1257 3302 1293 noua

1728 1342 2007 1387 creatura:
2038 1342 2210 1386 vetera
2230 1334 2612 1401 prater-ierunt,
2636 1350 2750 1388 ecce
2767 1351 2898 1387 nova
2924 1334 3069 1402 facta
3091 1342 3211 1386 sunt
3227 1334 3298 1398 ²¹;

1728 1440 1871 1480 unus
1905 1425 2049 1479 enim
2077 1432 2132 1478 et
2164 1424 2303 1478 idem
2333 1425 2585 1480 humanae
2614 1435 2822 1479 natura:
2865 1425 3062 1489 factor,
3092 1426 3186 1495 qui
3223 1424 3301 1478 fe-

1728 1516 1882 1571 citet
1924 1517 2067 1587 quod
2104 1518 2171 1571 ab
2206 1518 2385 1579 initio,
2414 1527 2467 1572 et
2514 1518 2661 1588 quod
2700 1527 2892 1587 postea
2928 1517 3127 1570 factum
3176 1526 3259 1570 est
3283 1559 3306 1582 ,

1730 1615 1859 1660 tunc
1881 1624 1945 1662 ex
1976 1609 2199 1677 pulvere
2243 1620 2467 1679 accepto
2512 1610 2793 1663 hominem
2848 1609 3053 1675 fluxit;
3104 1624 3304 1663 rursus

1732 1697 1953 1766 pulvere
1991 1714 2055 1753 ex
2084 1696 2303 1770 Virgine
2343 1710 2579 1768 sumpto,
2618 1714 2725 1752 non
2756 1698 3080 1768 simpliciter
3122 1698 3302 1752 homi-

1734 1805 1855 1843 nem
1878 1790 2153 1857 formavit,
2173 1791 2265 1845 sed
2289 1792 2391 1845 sibi
2446 1791 2546 1859 ipsi
2598 1789 2821 1843 affinxit.
2871 1789 3025 1843 Tunc
3076 1791 3309 1851 creavit,

125 1905 242 1957 πάλιν
268 1859 439 1954 λαϐὼν
469 1897 562 1950 τὸν
588 1897 652 1948 ὲκ
812 1859 1100 1963 παρθενίας
1128 1859 1255 1961 χοῦν
1281 1930 1295 1955 ,
1320 1890 1417 1960 οὐχ
1447 1887 1631 1951 ἁπλῶς

1744 1890 1923 1950 postea
1940 1890 2155 1937 creatus
2171 1889 2255 1937 est
2275 1899 2288 1948 ;
2312 1891 2441 1936 tunc
2458 1880 2689 1935 Verbum
2712 1896 2931 1936 carnem
2948 1880 3095 1946 fecit,
3113 1889 3310 1951 postea

123 1999 186 2049 τὸν
222 1994 485 2063 ἄνθρωπον
548 1988 821 2049 ἔπλασεν,
879 1984 994 2038 ἀλλ’
1047 1981 1223 2052 ἐαυτῷ
1279 1980 1630 2053 περιέπλασε.

125 2088 220 2140 Τότε
258 2085 452 2138 ἔκτισεν
479 2122 495 2147 ,
559 2079 701 2151 μετὰ
751 2076 922 2130 ταῦτα
955 2075 1177 2146 ἐκτίσθη
1202 2091 1216 2105 ·
1247 2073 1367 2125 τότε
1397 2073 1425 2124 ὁ
1462 2070 1633 2140 Λόγος

125 2181 256 2249 σάρκα
284 2175 527 2244 ἐποίησεν
552 2213 568 2237 ,
606 2170 741 2242 μετὰ
773 2169 943 2223 ταῦτα
967 2169 995 2222 ὁ
1027 2167 1198 2234 Λόγος
1232 2164 1369 2236 σὰρξ
1396 2164 1633 2232 ἐγένετο,

126 2270 187 2321 ἵν]
216 2265 575 2338 μετασκευάσῃ
609 2261 744 2332 πρὸς
776 2257 991 2329 πνεῦμα
1033 2255 1130 2327 τὴν
1159 2254 1428 2325 ἡμετέραν
1459 2253 1637 2324 σάρκα

124 2357 186 2408 διὰ
212 2354 287 2408 τοῦ
308 2352 712 2424 συμμετασχεῖν
732 2350 864 2419 ἡμῖν
899 2345 1228 2416 σαρκότητος
1268 2343 1363 2396 καὶ
1385 2343 1633 2410 αἵματος.

128 2449 292 2517 Ταύτης
318 2448 489 2499 τοίνυν
528 2443 633 2510 τῆς
658 2442 848 2510 καινῆς
897 2440 954 2490 ὲν
986 2434 1205 2508 Χριστῷ
1230 2435 1485 2496 κτίσεως,
1518 2428 1582 2505 ἦς
1610 2434 1638 2484 ὁ

125 2541 245 2603 αὐτὸς
261 2539 603 2609 καθηγήσατο
627 2574 642 2598 ,
672 2532 1013 2605 πρωτότοκος
1044 2527 1337 2599 ὠνομάσθη
1360 2569 1376 2593 ,
1421 2527 1639 2579 πάντων

127 2631 298 2703 ἀπαρχὴ
328 2630 621 2699 γενόμενος
642 2667 657 2689 ,
687 2625 780 2679 καὶ
825 2622 934 2676 τῶν
970 2623 1049 2685 είς
1082 2619 1224 2691 ζωὴν
1263 2616 1637 2689 γεννωμένων,

1730 1987 1861 2027 vero
1888 1971 2122 2028 Verbum
2158 1987 2287 2027 caro
2316 1974 2518 2028 factum
2548 1980 2664 2036 est,
2722 1981 2782 2026 ut
2811 1988 3031 2027 carnem
3058 1983 3307 2027 nostram

1735 2064 1801 2117 ad
1828 2063 2077 2132 spiritum
2114 2071 2492 2130 converteret;
2533 2063 2663 2133 quia
2704 2064 2777 2118 sit
2808 2062 3098 2117 nobiscum
3130 2062 3309 2131 parti-

1733 2167 1863 2222 ceps
1893 2152 2071 2206 factus
2099 2152 2282 2207 carnis
2305 2160 2358 2205 et
2399 2151 2705 2222 sanguinis.
2750 2150 2926 2219 Hujus
2958 2151 3122 2222 igitur
3153 2166 3306 2205 novae

1734 2246 1788 2299 in
1826 2244 2043 2299 Christo
2061 2252 2346 2307 creaturae,
2370 2243 2530 2313 cujus
2566 2242 2683 2312 ipse
2710 2242 2822 2296 dux
2851 2241 2976 2305 fuit,
3027 2244 3305 2312 primoge-

1737 2335 1884 2388 nitus
1906 2343 1990 2390 est
2024 2342 2271 2398 vocatus,
2308 2334 2554 2388 omnium
2584 2333 2761 2389 factus
2810 2333 3088 2404 primitiae,
3129 2341 3183 2387 et
3213 2347 3309 2386 eo-

1739 2444 1858 2481 rum
1900 2428 1992 2497 qui
2028 2427 2095 2481 ad
2132 2428 2300 2480 vitam
2338 2435 2694 2496 generantur,
2740 2434 2794 2480 et
2827 2441 3018 2481 eorum
3066 2427 3159 2495 qui
3211 2441 3308 2495 per

1737 2520 2192 2575 resurrectionem
2256 2533 2323 2573 ex
2358 2518 2588 2573 mortuis
2643 2517 3012 2579 viviﬁcautur,
3070 2530 3130 2571 ut
3164 2532 3309 2570 mor-

1741 2612 1853 2666 tuis
1904 2620 1958 2665 et
1991 2613 2131 2666 vivis
2173 2610 2505 2675 dominetur,
2550 2619 2713 2681 atque
2750 2617 2808 2664 ut
2852 2616 3021 2664 totam
3073 2624 3171 2679 per
3202 2610 3312 2679 pri-

129 2724 195 2777 n‘.
219 2724 309 2776 τῶν
338 2722 404 2776 δι’
433 2718 788 2779 ἀναστάσεως
818 2712 1029 2785 νεκρῶν
1061 2710 1531 2781 ζωοποιουμένων,
1555 2710 1642 2763 ἵνα

1744 2702 1923 2757 mitias
1963 2702 2021 2756 in
2083 2702 2263 2773 seipso
2311 2702 2617 2758 sanctiﬂcet
2666 2700 3313 2770 conspersionem.Quod

128 2818 194 2868 ui
218 2813 400 2886 νεκρῶν
431 2812 528 2866 καὶ
572 2809 790 2874 ζώντων
820 2804 1085 2877 κυριεύσῃ
1105 2845 1120 2867 ,
1162 2804 1256 2857 καὶ
1283 2802 1401 2855 ὂλον
1431 2800 1517 2853 διὰ
1544 2801 1642 2871 τῆς

1744 2797 1889 2850 enim
1934 2811 2045 2850 non
2105 2795 2408 2851 secundum
2456 2801 2875 2849 ante-aeternam
2925 2794 3307 2849 exsistentiam

129 2910 169 2957 ἐν
189 2905 335 2976 ἑαυτῷ
369 2902 629 2973 ἅπαρχῆς
665 2898 965 2970 συναγιάσῃ
1007 2896 1068 2949 τὸ
1097 2894 1346 2966 φύραμα.
1385 2892 1509 2945 Ὀτι
1535 2891 1642 2960 γὰρ

1744 2887 1883 2943 Filio
1909 2888 2262 2958 primogeniti
2290 2903 2489 2943 nomen
2536 2888 2860 2958 applicatur,
2904 2887 3178 2959 Unigeniti
3223 2905 3317 2959 ap-

128 3000 169 3050 0-3
206 2997 324 3050 κατά
360 2998 457 3068 τὴν
512 2991 843 3065 προαιώνιον
896 2988 1128 3061 ὓπαρξιν
1160 2982 1529 3057 ὲφαρμόζεται
1568 2982 1642 3053 τῷ

1744 2978 1969 3048 pellatio
2019 2985 2274 3034 testatur.
2335 2977 2471 3032 Nam
2524 2978 2618 3049 qui
2660 2994 2785 3033 vere
2837 2976 3159 3050 Unigenitus
3206 2988 3316 3040 est,

130 3091 211 3160 Υἱῷ
233 3092 283 3144 τὸ
323 3066 666 3162 πρωτότοκον
689 3128 703 3153 ,
741 3086 776 3156 ἡ
820 3083 914 3138 τοῦ
943 3080 1278 3151 Μονογενοῦς
1309 3077 1642 3148 προσηγορία

1746 3066 1950 3123 fratres
1984 3083 2096 3123 non
2124 3068 2310 3124 habet.
2346 3067 2632 3134 Quomodo
2669 3069 2815 3123 enim
2854 3069 2980 3139 quis
3009 3079 3152 3124 esset
3183 3069 3310 3123 uni-

128 3160 513 3253 διαμαρτύρεται.
551 3178 616 3231 '0
644 3176 753 3248 γὰρ
780 3174 994 3245 ἀληθῶς
1042 3170 1349 3241 Μονογενὴς
1390 3168 1642 3237 ἀδελφοὺς

1750 3163 1967 3232 genitus
1998 3162 2092 3232 qui
2140 3176 2267 3216 cum
2316 3160 2580 3217 fratribus
2639 3163 3074 3217 annumeratur?
3130 3162 3226 3218 sed
3252 3169 3321 3217 ut

130 3276 201 3326 οὐκ
224 3275 334 3343 ἔχει.
361 3272 481 3335 Πῶς
513 3266 614 3324 οῦν
642 3268 707 3322 ἄν
745 3285 829 3331 τις
864 3264 950 3335 εἴη
994 3261 1284 3335 μονογενὴς
1318 3264 1376 3315 ὲν
1405 3259 1648 3327 ἀδελφοῖς

132 3364 508 3436 ἀριθμούμενος
543 3360 662 3415 ἀλλ’
685 3358 761 3421 ὡς
790 3357 1006 3425 λέγεται
1047 3354 1178 3418 Θεὸς
1218 3353 1315 3407 καὶ
1343 3351 1646 3423 ἄνθρωπος,

134 3460 225 3521 Υἱὸς
246 3458 364 3511 Θεοῦ
394 3458 489 3511 καὶ
514 3454 646 3517 Υἱὸς
677 3450 963 3522 ἀνθρώπου
981 3467 993 3480 ·
1041 3446 1223 3519 μορφὴ
1251 3446 1362 3517 γὰρ
1390 3443 1524 3499 Θεοῦ
1554 3444 1651 3497 καὶ

136 3551 271 3621 μορφὴ
297 3550 473 3603 δούλου
499 3589 516 3614 ,
560 3545 632 3599 τὰ
663 3546 760 3616 μὲν
794 3541 935 3596 κατὰ
972 3539 1069 3611 τὴν
1102 3540 1451 3611 ὑπάρχουσαν
1489 3535 1649 3605 φύσιν

129 3644 201 3703 ὡν,
228 3642 284 3693 τὰ
302 3642 354 3694 δὲ
390 3638 535 3694 κατὰ
565 3637 663 3707 τὴν
696 3634 1072 3705 φιλάνθρωπον
1101 3628 1412 3699 οἰκονομίαν
1433 3626 1650 3696 γενόμε-

132 3750 219 3796 νος·
246 3733 372 3786 οὕτω
417 3732 514 3785 καὶ
546 3727 839 3800 μονογενὴς
865 3724 995 3787 Θεὸς
1032 3721 1128 3788 ὢν,
1168 3718 1511 3791 πρωτότοκος
1544 3717 1651 3770 πάν

134 3841 205 3892 ρης
227 3824 432 3886 κτίσεως
474 3821 687 3890 γίνεται
711 3858 727 3881 ,
758 3812 1067 3884 Μονογενὴς
1102 3811 1201 3881 μὲν
1230 3807 1304 3861 ὢν
1336 3810 1393 3861 ὲν
1436 3806 1514 3877 τῷ
1546 3824 1651 3859 πα-

134 3919 250 3987 ψρῳ
272 3915 484 3984 κόλπῳ,
549 3912 608 3963 ἐν
638 3908 697 3963 δὲ
737 3909 847 3970 τοῖς
892 3904 982 3958 διὰ
1034 3902 1134 3973 τῆς
1182 3900 1373 3970 καινῆς
1426 3898 1652 3961 κτίσεως

137 4007 402 4075 αυζομένοις
451 4001 799 4075 πρωτότοκος
855 3997 952 4067 τῆς
983 3994 1209 4056 κτίσεως
1241 3991 1335 4046 καὶ
1363 3988 1651 4058 γενόμενος

136 4094 201 4145 καὶ
225 4094 514 4165 λεγόμενος.
550 4090 613 4143 Εἰ
641 4089 718 4155 δὲ,
749 4085 927 4150 καθὼς
958 4086 992 4155 ὴ
1022 4084 1229 4155 αἵρεσις
1255 4079 1539 4152 βούλεται,
1567 4076 1653 4129 διὰ

134 4185 178 4237 τὸ
200 4180 718 4253 προκατεσκευασθαι
767 4180 868 4247 τῆς
903 4176 1094 4245 λοιπῆς
1124 4174 1353 4236 κτίσεως
1382 4169 1651 4240 πρωτότο-

136 4295 201 4339 κος
223 4279 416 4346 λέγεται
440 4317 455 4342 ,
489 4275 555 4329 οὐ
584 4272 863 4343 συμφωνεί
889 4271 999 4331 τοῖς
1030 4268 1160 4337 παρ’
1192 4263 1368 4319 αὐτῶν
1401 4262 1527 4333 περὶ
1557 4258 1651 4313 τοῦ

137 4371 402 4438 μονογενοῦς
443 4365 585 4422 Θεοῦ
641 4359 1201 4429 κατασκευαζομένοις
1244 4356 1307 4409 τὸ
1354 4356 1543 4425 ὄνομα.
1578 4352 1650 4404 Οὐ

134 4459 215 4529 γὰρ
240 4460 379 4515 τοῦτό
420 4476 610 4529 φησιν.
645 4456 725 4509 ὅτι
760 4452 918 4525 Παρὰ
945 4450 1036 4503 τοῦ
1074 4448 1282 4520 Πατρὸς
1317 4446 1515 4517 ὁμοίως
1546 4444 1653 4497 ὅτε

1751 3253 1950 3308 dicitur
1982 3252 2126 3310 Deus
2152 3262 2208 3309 et
2241 3253 2430 3317 homo,
2471 3250 2645 3308 Filius
2690 3251 2786 3308 Dei
2824 3263 2877 3309 et
2928 3252 3099 3308 Filius
3138 3254 3311 3308 homi-

1749 3344 1871 3413 nis;
1909 3345 2085 3400 forma
2119 3346 2263 3400 enim
2302 3344 2395 3400 Dei
2430 3353 2484 3401 et
2535 3345 2711 3399 forma
2747 3346 2912 3409 servi,
2961 3347 3157 3416 partim
3190 3347 3315 3415 qui-

1750 3435 1871 3490 dem
1910 3434 2211 3491 secundum
2250 3441 2501 3489 naturam
2531 3436 2884 3492 exsistentem
2911 3451 3035 3490 cum
3074 3438 3165 3501 sit,
3189 3454 3317 3508 par-

1749 3524 1847 3579 tim
1875 3540 2005 3579 vero
2030 3540 2157 3579 cum
2190 3524 2264 3579 sit
2292 3524 2469 3580 factus
2502 3525 2804 3580 secundum
2838 3525 3196 3585 humanitatis
3213 3528 3317 3585 dis-

1750 3616 2127 3687 pensationem
2160 3634 2174 3670 :
2214 3616 2296 3671 sic
2336 3616 2499 3670 etiam
2548 3616 2859 3686 unigenitus
2895 3616 3038 3672 Deus
3067 3633 3193 3672 cum
3222 3621 3312 3684 sit,

1750 3706 2147 3776 primogenitus
2176 3706 2359 3760 omnis
2386 3714 2653 3761 creatura:
2700 3707 2949 3763 ellicitur.
2992 3708 3316 3781 Unigenitus

1751 3798 1966 3868 quidem
1999 3797 2053 3849 in
2084 3804 2311 3867 paterno
2336 3797 2481 3865 sinu,
2515 3798 2569 3851 in
2612 3799 2695 3853 his
2724 3808 2859 3854 vero‘
2880 3801 2969 3869 qui
3001 3816 3099 3870 per
3119 3818 3314 3857 novam

1752 3900 2056 3947 creaturam
2123 3899 2430 3952 servantur,
2490 3891 2885 3959 primogenitus
2947 3901 3220 3948 creaturae
3262 3902 3317 3949 et

1754 3984 1930 4039 factus
1958 3989 2013 4037 et
2047 3980 2247 4035 dictus.
2278 3981 2433 4045 Quod
2466 3982 2532 4046 si,
2564 3988 2623 4034 ut
2652 3982 2767 4033 vult
2807 3982 3051 4045 haeresis,
3084 3984 3213 4052 quia
3244 3986 3317 4039 sit

1754 4085 1877 4130 ante
1900 4088 2115 4129 omnem
2158 4083 2462 4126 creaturam
2495 4071 2771 4134 conditus,
2807 4074 3203 4143 primogenitus
3234 4077 3317 4130 di-

1754 4168 1918 4229 citur,
1942 4164 2027 4219 his
2063 4178 2183 4235 quae
2211 4163 2279 4217 ab
2325 4163 2461 4232 ipsis
2495 4163 2563 4217 de
2592 4163 2873 4230 unigenito
2910 4164 3021 4219 Deo
3053 4175 3319 4220 astruun-

1756 4266 1843 4310 tur
1881 4254 2233 4326 primogeniti
2265 4269 2462 4308 nomen
2514 4270 2621 4307 non
2672 4265 2961 4309 consonat.
3003 4255 3118 4310 Non
3171 4258 3320 4312 enim

1755 4350 1856 4402 hoc
1886 4348 2078 4403 aiunt:
2105 4345 2242 4412 Quia
2278 4360 2306 4398 a
2348 4343 2507 4399 Patre
2536 4344 2789 4399 similiter
2822 4353 2876 4399 et
2923 4345 3093 4402 Filius
3138 4356 3193 4402 et
3234 4366 3323 4404 rc-

1759 4441 1901 4510 liqua
1936 4440 2119 4493 omnia
2154 4440 2292 4492 facta
2324 4444 2488 4502 sunt;
2541 4435 2634 4490 sed
2659 4436 2926 4490 facturam
2980 4436 3158 4493 Patris
3198 4442 3320 4494 uni-

134 4525 231 4615 l‘ii);
258 4553 342 4606 καὶ
374 4525 443 4605 τά
473 4525 656 4604 πάντα
702 4547 949 4615 ὲγένετο’
976 4541 1112 4597 ἀλλὰ
1169 4540 1378 4609 ποίημα
1427 4538 1525 4609 μὲν
1558 4533 1642 4587 τοῐ

1758 4531 1997 4601 genitum
2028 4528 2197 4583 Deum
2236 4528 2458 4594 dicunt;
2518 4525 2683 4592 hujus
2719 4534 2921 4588 autem,
2960 4544 3159 4598 nempe
3185 4528 3326 4584 Uni-

135 4643 302 4714 Πιτρὸς
314 4645 400 4697 τὸν
422 4640 686 4714 μονογενῆ
703 4638 833 4691 Θεὸν
849 4636 1119 4704 λέγουσιν,
1136 4632 1323 4686 τούτου
1348 4629 1405 4683 δὲ
1425 4630 1494 4683 τὰ
1520 4626 1655 4681 ἄλλα

137 4736 274 4788 πάντα
296 4754 311 4769 ·
341 4729 383 4803 ᾧ
418 4735 603 4788 τοίνυν
624 4732 766 4801 λόγῳ
794 4727 1078 4797 κτισθῆναι
1106 4725 1197 4779 τὸν
1226 4722 1354 4776 Υίόν
1397 4718 1654 4789 δογματί-

137 4824 297 4889 ξθντες,
326 4828 547 4897 Πατέρα
576 4824 669 4877 τοῦ
696 4824 991 4893 κτίσματος
1019 4818 1109 4872 τὸν
1151 4815 1280 4870 Θεὸν
1310 4812 1651 4883 ὀνομάζουσι,

136 4913 191 4982 τῷ
216 4916 343 4987 αὑτῷ
361 4917 506 4987 λόγῳ
529 4915 745 4975 πάντως
775 4911 925 4983 παρὰ
951 4907 1043 4962 τοῦ
1082 4903 1399 4978 μονογενοῦς
1430 4901 1562 4955 Θεοῦ
1588 4899 1655 4953 τὰ

137 5008 275 5059 πάντα
303 5004 729 5061 κατεσκευάσθαι
754 5002 1032 5069 λέγοντες,
1064 4998 1124 5049 οὐ
1173 4994 1514 5067 πρωτότοκον
1546 4990 1656 5044 τῶν

137 5092 185 5143 δι’
201 5097 341 5149 αὑτοῦ
366 5093 768 5166 γεγενημένων,
795 5090 929 5144 ἀλλὰ
961 5086 1179 5158 Πατέρα
1207 5083 1537 5154 κυριώτερον
1562 5081 1658 5134 αὑ-

137 5186 206 5235 τὸν
225 5188 560 5257 ὀνομάζουσι,
607 5185 706 5255 τῆς
755 5183 923 5252 αὐτῆς
954 5182 1037 5233 ἐπ’
1066 5177 1388 5251 ἀμφοτέρων
1430 5174 1561 5245 πρὸς
1591 5172 1658 5226 τὰ

139 5275 366 5347 κτίσματα
392 5280 663 5350 σχέσεως,
700 5276 799 5346 τὴν
855 5272 1020 5343 αὐτὴν
1074 5271 1215 5324 κατὰ
1260 5269 1321 5321 τὸ
1369 5265 1658 5320 ἀκόλουθον

138 5372 463 5441 προσηγορίαν
524 5368 802 5437 ποιούσης.
856 5368 919 5419 El
957 5364 1067 5435 γὰρ
1122 5362 1323 5432 κυρίως
1374 5358 1468 5412 τοῦ
1527 5356 1656 5411 ἰδίου

138 5459 388 5529 κτίσματος
415 5465 443 5516 ὁ
470 5464 560 5514 ἐπὶ
588 5461 803 5513 πάντων
832 5457 962 5520 Θεὸς
1007 5456 1067 5508 οὑ
1114 5452 1452 5524 πρωτότοκος
1477 5490 1491 5511 ,
1526 5447 1661 5502 ἀλλὰ

140 5549 292 5619 Πατὴρ
319 5552 666 5622 ὀνομάζεται,
691 5548 770 5618 τῷ
798 5546 944 5616 αὑτῷ
982 5543 1126 5614 λόγῳ
1154 5542 1369 5604 πάντως
1417 5539 1511 5592 xa‘t
1553 5536 1660 5590 τῶν

140 5638 255 5692 ἰδίων
277 5644 574 5713 κτισμάτων
614 5640 803 5714 Πατὴρ
840 5640 868 5691 ὁ
900 5630 1194 5708 μονογενὴς
1222 5632 1357 5693 Θεὸς
1421 5631 1481 5684 οὐ
1515 5646 1660 5706 πρω-

194 5815 235 5845 ⁸⁹
252 5816 451 5873 (luloss.
476 5835 555 5883 ιιι,
590 5818 650 5880 9,
685 5817 767 5869 10.
844 5815 887 5847 ’ί
926 5811 987 5866 ll.
1019 5821 1149 5868 Lor.
1186 5827 1238 5876 ν,
1276 5808 1366 5865 Π.

1759 4621 1952 4692 geniti,
2003 4620 2106 4673 alia
2160 4620 2365 4673 omnia.
2415 4616 2534 4683 Quo
2580 4616 2747 4686 igitur
2785 4631 3036 4672 sermone
3076 4631 3326 4675 creatum

1759 4723 1881 4762 esse
1907 4706 1999 4761 Dei
2031 4705 2227 4760 Filium
2259 4706 2536 4768 docentes,
2590 4705 2805 4759 Patrem
2845 4713 3114 4761 creaturae
3150 4707 3327 4764 Deum

1759 4799 2064 4857 nominaut,
2104 4794 2296 4848 eodem
2328 4796 2486 4863 plane
2529 4808 2783 4848 sermone
2806 4794 2874 4848 ab
2902 4794 3186 4864 unigenito
3215 4796 3330 4850 Deo

1762 4888 2196 4947 onmia_condita
2244 4903 2366 4942 esse
2416 4886 2682 4948 dicentes,
2734 4902 2845 4940 non
2901 4887 3323 4956 primogenitum

1761 4996 1948 5038 eorum
1982 4996 2102 5051 qua:
2133 4994 2229 5049 per
2262 4980 2442 5048 ipsum
2479 4986 2607 5033 sunt
2642 4979 2927 5045 producta,
2976 4979 3069 5032 sed
3110 4975 3326 5032 Patrem

1760 5073 1935 5145 magis
1973 5073 2190 5142 proprie
2242 5070 2564 5135 nominant;
2618 5083 2740 5123 cum
2770 5069 2956 5123 eadem
2985 5085 3106 5136 qua:
3143 5078 3227 5123 est
3268 5069 3329 5122 in

1762 5165 2010 5234 utrisque
2037 5178 2160 5217 cum
2203 5161 2475 5216 creaturis
2510 5160 2722 5224 relatio,
2760 5161 3008 5213 eamdem
3034 5174 3100 5213 ex
3129 5174 3328 5214 conse-

1760 5256 1980 5309 cutione
2008 5253 2426 5323 appellationem
2468 5250 2655 5305 faciat.
2686 5248 2745 5303 Si
2791 5250 2937 5304 enim
2970 5250 3188 5319 proprie
3234 5250 3333 5305 ille

1762 5349 1856 5419 qui
1901 5354 1986 5402 est
2019 5347 2073 5400 in
2104 5345 2364 5400 omnibus
2401 5342 2568 5410 Deus,
2632 5342 2868 5413 propria:
2900 5349 3166 5395 creaturae
3217 5361 3328 5395 non

1764 5439 2184 5511 primogenitus,
2217 5434 2312 5492 sed
2334 5435 2493 5489 Pater
2519 5433 2857 5497 nominatur,
2903 5433 3091 5487 eadem
3118 5436 3331 5489 ratione

1765 5532 1991 5586 omnino
2020 5538 2073 5586 et
2096 5529 2441 5601 propriarum
2473 5536 2848 5581 creaturarum
2891 5524 3053 5579 Pater
3074 5525 3331 5593 unigeni-

1767 5632 1859 5681 tus
1886 5622 2030 5680 Deus
2073 5637 2180 5677 non
2209 5619 2428 5691 proprie
2472 5617 2871 5689 primogenitus
2905 5617 3282 5673 nominabitur
3312 5636 3338 5673 ε
