3922 6472
124 352 209 406 ειι
1228 339 1504 398 CONTRA
1545 337 1932 400 EUNOMIUM,
1976 336 2103 391 LIB.
2142 339 2227 393 tv.

3251 336 3354 390 652

127 465 390 536 χείτωσαν.
439 462 503 515 Εἰ
534 461 641 530 γὰρ
679 459 854 522 κτίζει
888 457 1010 527 δίχα
1043 457 1207 509 πόνου
1238 457 1333 508 καὶ
1367 453 1500 524 ὐλης
1529 493 1544 516 ,
1575 452 1671 506 καὶ

1791 451 2039 507 ›ἱιὶιιιιεω
2069 453 2185 507 sive
2233 450 2522 508 affectuum
2555 453 2883 506 vacuitatem
2918 450 3266 517 custodiant;
3299 460 3354 503 et

126 552 272 620 γέννᾷ
299 549 520 612 πάντως
547 549 670 617 δίχα
702 548 864 600 πόνου
891 548 984 599 καὶ
1015 541 1274 610 ῥεύσεως.

1777 543 2025 600 funditus
2071 546 2379 600 universam
2421 546 2476 600 in
2507 543 2857 616 Unigenitmn
2892 544 3046 598 fidem
3082 559 3182 598 suo
3219 543 3351 611 dog-

125 652 250 695 mate
269 640 562 707 expellant,
600 646 658 690 ut
685 635 848 690 Pater
875 642 1030 690 extra
1067 633 1319 688 atfectum
1359 629 1740 695 custodiatur,
1781 647 1958 702 neque
1999 633 2055 688 in
2119 637 2430 705 generando
2505 637 2948 703 contaminetur;
2997 638 3078 690 vel
3131 637 3196 689 ad
3274 639 3354 688 3|-

121 749 279 791 terum
298 747 495 802 nempe
525 730 936 801 impassibiliter
961 730 1074 783 sive
1099 729 1308 795 absque
1333 727 1444 779 ullo
1465 722 1666 776 affectu
1707 725 1922 792 operari
1976 725 2212 780 divinam
2250 728 2510 782 virtutem
2537 729 2865 790 concedant,
2901 745 3077 795 neque
3147 729 3214 783 de
3278 725 3355 779 al-

121 839 225 881 tero
263 826 623 880 altercentur.
669 820 727 876 Si
758 822 904 876 enim
953 831 1107 875 creat
1143 819 1351 888 absque
1388 816 1578 870 labore
1621 821 1676 866 et
1715 817 1957 869 materia.
2008 819 2172 872 etiam
2241 828 2466 891 generat
2531 836 2760 890 νισι-ξοδ
2808 821 3016 891 absque
3061 821 3250 875 labore
3299 829 3352 873 et

177 1013 325 1081 Ἐχω
363 1011 422 1064 δὲ
447 1011 611 1064 πάλιν
640 1009 732 1062 καὶ
763 1008 898 1079 πρὸς
932 1006 1120 1060 τοῦτον
1148 1006 1240 1060 τὸν
1269 1005 1428 1072 λόγον
1454 1015 1684 1071 συνηγο-

111 1105 297 1178 ροῦντά
333 1121 429 1174 μοι
455 1105 550 1155 τὸν
577 1102 856 1172 Εὐνόμιον.
881 1100 1032 1166 Λέξω
1051 1100 1107 1152 δὲ
1131 1096 1408 1168 συντεμὼν
1437 1097 1494 1148 ὲν
1520 1095 1683 1162 ὀλίγῳ

105 1202 194 1269 τὴν
224 1197 506 1268 φλυαρίαν
536 1193 702 1249 αὐτοῦ
721 1236 734 1256 ,
757 1195 938 1247 πᾶσαν
959 1191 1048 1245 διὰ
1083 1190 1327 1263 βραχέων
1362 1183 1680 1258 ἐπιδραμὼν

105 1293 194 1362 τὴν
227 1290 504 1342 διάνοιανο
536 1289 621 1340 ὅτι
668 1289 730 1338 Oi
764 1285 1061 1352 ἅνθρωποι
1101 1285 1172 1336 οὺ
1210 1283 1315 1345 τὰς
1347 1281 1500 1345 ὕλας
1535 1278 1683 1346 ἡμῖν

102 1378 681 1442 κατασκευάζουσιν,
719 1375 880 1432 ἀλλὰ
909 1377 973 1428 τὸ
1014 1371 1174 1438 εἷδος
1208 1374 1404 1442 μόνον
1445 1371 1680 1438 ἐπιτεχ-

103 1475 310 1528 νῶνται
344 1471 426 1540 τῇ
448 1471 568 1538 ὕλῃ
588 1487 603 1502 ·
628 1467 766 1539 αὕτη
783 1467 892 1520 τῶν
918 1467 1052 1536 παρ’
1085 1464 1264 1518 αὐτῶν
1297 1461 1566 1535 ῥηθέντων
1591 1459 1680 1514 διὰ

101 1565 296 1636 πολλῆς
331 1561 607 1632 φλυαρίας
629 1562 777 1613 ἐστὶν
803 1561 836 1627 ἠ
872 1558 1100 1611 διάνοια.
1135 1557 1197 1609 Ei
1227 1551 1320 1608 οὖν
1349 1557 1406 1607 ὲν
1433 1555 1498 1623 τῇ
1527 1552 1678 1606 κάτω

99 1659 350 1728 γεννήσει
381 1654 649 1726 σύλληψιν
680 1654 771 1706 καὶ
797 1651 1086 1705 διάπλασιν
1120 1646 1316 1702 ὲννοῶν
1345 1643 1677 1716 ἀπαγορεύει

99 1752 178 1802 ad
197 1749 365 1802 τοῦτο
391 1747 495 1816 τὴν
523 1744 770 1815 καθαρὰν
802 1743 902 1812 τῆς
934 1741 1244 1811 γεννήσεως
1285 1739 1513 1801 ἔννοιαν,
1546 1739 1677 1790 ἀκο-

1860 993 2040 1051 Habeo
2059 1005 2239 1052 autem
2269 1016 2461 1055 rursus
2484 1000 2550 1056 ad
2575 1000 2714 1054 hanc
2734 1003 2996 1056 rationem
3020 1003 3149 1057 mihi
3167 1014 3353 1074 patro-

1783 1087 2054 1143 cinantem
2128 1093 2472 1146 Eunomium.
2553 1092 2784 1147 Concisa
2861 1103 3040 1148 autem
3115 1098 3354 1152 breviter

1783 1177 1904 1246 ejus
1939 1178 2247 1248 importuna
2278 1183 2621 1252 garrulitate,
2644 1199 2857 1239 omnem
2895 1189 3087 1254 paucis
3113 1193 3354 1260 comple-

1783 1277 1903 1322 ctar
1936 1272 2260 1324 sententiam
2295 1293 2307 1327 :
2338 1276 2480 1343 quod
2508 1274 2742 1328 homines
2787 1291 2888 1328 non
2919 1281 3170 1332 materias
3196 1281 3345 1334 nobis

1795 1369 2125 1425 construunt,
2163 1361 2251 1414 sed
2285 1364 2502 1430 speciem
2546 1365 2714 1417 solam
2744 1367 2797 1418 in
2836 1370 3059 1422 materia
3091 1370 3356 1438 fabrican-

1783 1457 1889 1502 tur.
1921 1448 2045 1504 Hzec
2069 1458 2152 1505 est
2182 1465 2369 1506 eorum
2403 1469 2524 1522 quae
2545 1457 2612 1508 ab
2638 1456 2772 1524 ipsis
2797 1458 2983 1512 multis
3012 1461 3172 1528 nugis
3204 1461 3350 1515 dicta

1785 1547 1938 1604 sunt,
1982 1543 2274 1597 sententia.
2313 1542 2370 1597 Si
2409 1545 2576 1615 igitur
2611 1561 2894 1616 propterea
2933 1552 3078 1618 quod
3135 1552 3188 1605 in
3243 1553 3351 1606 ima

1784 1633 2137 1700 generatione
2164 1638 2571 1705 conceptionem
2594 1647 2648 1692 et
2680 1638 3169 1697 conformationem
3197 1643 3354 1698 intel-

1785 1721 1923 1790 ligit,
1985 1724 2192 1779 idcirco
2253 1743 2446 1796 puram
2503 1731 2875 1798 generationis
2927 1733 3351 1791 intellectionem

100 1843 299 1903 λούθως
328 1814 476 1892 κατά
502 1839 594 1891 τὸν
627 1814 792 1890 αὐτὸν
829 1835 988 1902 λόγον
1020 1833 1123 1901 τῆς
1153 1825 1255 1885 ὧδε
1283 1831 1514 1892 κτίσεως
1553 1828 1680 1898 περὶ

1791 1814 2080 1883 repudiat;
2105 1827 2506 1885 consequenter
2522 1835 2618 1889 per
2646 1823 2891 1876 eamdem
2918 1826 3181 1880 rationem
3201 1843 3354 1881 crea-

112 1933 168 1985 τδ
195 1928 338 1992 εἶδος
366 1928 639 1996 πονούσης
654 1967 668 1988 ,
693 1927 827 1996 ὓλην
845 1926 900 1979 δὲ
922 1921 1332 1994 συνεκπορίζειν
1353 1919 1432 1990 τῷ
1453 1920 1581 1972 εἴδει
1605 1916 1681 1988 μὴ

101 2024 436 2094 δυναμένης,
487 2019 881 2090 ἀπαγορευέτω
921 2017 1012 2071 διὰ
1042 2015 1202 2068 τοῦτο
1228 2015 1323 2067 καὶ
1353 2010 1682 2082 δημιουργὸν

103 2114 238 2169 εἶναι
263 2115 359 2167 τὸν
390 2113 616 2182 Πατέρα
645 2110 872 2164 οἴεσθαι.
906 2111 971 2164 Ei
999 2109 1056 2161 δὲ
1086 2107 1159 2178 μὴ
1193 2105 1438 2176 βούλεται
1461 2103 1602 2156 κατὰ
1622 2102 1683 2155 τὸ

103 2207 443 2278 ἀνθρώπινον
474 2206 577 2274 τῆς
616 2203 899 2273 δυνάμεως
941 2201 1136 2272 μέτρον
1167 2198 1264 2252 ἐπὶ
1295 2197 1388 2250 τοῦ
1419 2195 1553 2249 Θεοῦ
1583 2195 1682 2268 τὴν

103 2301 278 2353 κτίσιν
303 2301 473 2362 νοεῖν,
501 2296 636 2367 μηδὲ
662 2294 762 2365 τὴν
792 2294 948 2348 Θείαν
968 2292 1220 2362 γέννησιν
1250 2291 1312 2342 ἐκ
1333 2288 1441 2341 τῶν
1473 2286 1681 2358 ἀνθρω-

105 2392 271 2444 πίνων
298 2388 629 2444 διαϐαλέτω.
675 2386 762 2448 Ὠς
786 2385 830 2437 δ’
858 2385 923 2438 ἂν
959 2384 1157 2454 μᾶλλον
1180 2381 1343 2436 αὐτοῦ
1369 2381 1430 2433 τὸ
1456 2378 1683 2450 ἀκριϐές

106 2501 158 2536 τε
205 2483 302 2536 καὶ
338 2477 818 2552 περιεσκεμμένον
867 2478 924 2529 ὲν
949 2478 1060 2537 τοῖς
1111 2473 1422 2544 λεγομένοις
1452 2470 1682 2540 φανερὸν

109 2575 412 2644 κατασταίη
436 2616 449 2636 ,
478 2573 676 2644 μικρόν
703 2591 760 2625 τι
779 2571 887 2626 τῶν
912 2570 1042 2642 παρ’
1071 2568 1250 2622 αὐτῶν
1285 2565 1554 2638 ῥηθέντων
1577 2564 1683 2616 πά-

110 2670 188 2722 λιν
221 2667 648 2738 ἐπαναλήψομεν

166 2932 304 3002 φησὶ
326 2929 440 2999 γὰρ
485 2927 561 2980 τὰ
581 2923 872 2980 ποιοῦντα
898 2922 999 2977 καὶ
1027 2922 1345 2990 πάσχοντα
1373 2917 1686 2973 κοινωνεῖν

106 3023 401 3091 ἀλλήλοις
427 3019 544 3086 τῆς
568 3017 828 3086 φύσεως,
851 3016 945 3068 καὶ
975 3014 1112 3084 μετὰ
1157 3012 1268 3080 τὴν
1290 3011 1358 3063 ἐκ
1395 3009 1684 3078 σωμάτων

109 3111 524 3184 remorante
544 3108 825 3176 τεχνικὰς
848 3106 948 3160 ἐπὶ
980 3105 1095 3159 τῶν
1112 3103 1280 3158 ὑλῶν
1299 3102 1682 3172 δημιουργίας

1784 1906 1950 1960 tionis
2001 1923 2120 1976 quae
2149 1909 2236 1963 hic
2284 1909 2341 1962 fit
2391 1925 2488 1979 per
2530 1922 2726 1978 artem,
2769 1931 2889 1982 tntae
2938 1917 3158 1985 quidem
3203 1918 3351 1972 circa

1784 1994 2014 2048 formam
2065 2005 2116 2050 et
2168 1999 2401 2066 speciem
2441 2000 2673 2064 laborat,
2709 2003 2802 2057 sed
2832 2005 3109 2058 materiam
3162 2005 3351 2060 formzc

1783 2088 2203 2144 subministrare
2234 2105 2341 2144 non
2356 2091 2516 2153 valet,
2535 2093 2636 2147 hac
2657 2093 2822 2148 etiam
2853 2095 2921 2149 de
2944 2111 3108 2150 causa
3137 2097 3349 2153 Patrem

1783 2178 1970 2233 mundi
2035 2180 2286 2249 opificem
2339 2198 2463 2237 esse
2513 2191 2660 2238 vetet
2712 2187 3052 2242 existimare.
3105 2188 3259 2255 Quod
3305 2191 3351 2246 si
3393 2230 3404 2232 -

1782 2284 1894 2322 non
1920 2269 2033 2323 vult
2055 2271 2355 2324 secundum
2395 2271 2692 2327 humanum
2730 2277 2987 2344 potentiae
3025 2279 3245 2332 modum
3295 2281 3353 2334 in

1795 2358 1906 2415 Deo
1931 2370 2238 2416 creaturam
2281 2356 2605 2434 intelligere,
2629 2383 2806 2437 neque
2833 2369 3071 2423 divinam
3116 2387 3349 2441 genera-

1784 2449 1983 2505 tionem
2008 2452 2168 2506 exiis
2190 2469 2310 2521 quae
2341 2454 2655 2510 hominibus
2678 2458 2935 2513 accidunt
2964 2461 3349 2520 calumnietur.

1784 2539 1855 2594 Ut
1890 2551 2070 2597 autem
2101 2543 2220 2612 ejus
2261 2545 2537 2602 subtilitas
2585 2556 2637 2602 et
2682 2561 2937 2603 accurata
2981 2555 3352 2611 consideratio

1782 2633 1839 2688 in
1875 2634 2040 2691 dictis
2094 2637 2438 2692 manifestior
2469 2649 2523 2694 et
2564 2641 2769 2695 clarior
2819 2645 3209 2708 constituatur,
3238 2651 3354 2703 exi-

1783 2742 1948 2796 guum
1983 2726 2240 2796 quiddam
2271 2745 2459 2782 eorum
2489 2747 2610 2788 (tua:
2639 2731 2707 2786 ab
2740 2733 2872 2803 ipsis
2899 2734 3046 2790 dicta
3072 2747 3220 2804 sunt,
3256 2739 3349 2795 ite-

1784 2831 1906 2869 rum
1941 2829 2274 2887 repetemus.

1853 2906 1945 2961 Ait
1971 2909 2136 2974 enim,
2170 2910 2300 2976 Qua?
2343 2923 2501 2982 agunt
2529 2924 2579 2968 et
2608 2916 2884 2982 patiuntur
2913 2935 3239 2973 communem
3270 2921 3352 2974 in-

1788 3005 1863 3050 ter
1888 3015 1942 3052 se
1968 3010 2213 3054 naturam
2245 3002 2470 3066 habere;
2515 3013 2574 3058 et
2610 3015 2731 3074 post
2821 3012 3207 3074 generationem
3235 3029 3353 3082 qua:

1785 3090 1844 3158 ﬁt
1894 3105 1958 3143 ea:
1983 3092 2636 3162 corporibus,artiﬁciosas
2671 3097 2724 3147 in
2759 3101 2991 3152 materiis
3026 3117 3240 3168 operum
3273 3105 3350 3171 el-

769 3160 948 3252 τδίνυν
970 3199 998 3250 ὁ
1024 3197 1276 3266 ἀγχίνους
1302 3160 1575 3266 disponi);-
1596 3193 1683 3246 διὰ

1791 3181 2033 3250 fectiones
2067 3186 2300 3252 exponit.
2323 3184 2399 3238 Ex
2440 3186 2526 3241 his
2557 3187 2739 3258 itaque
2759 3191 2930 3245 solers
2962 3201 3015 3245 et
3041 3205 3233 3248 acutus
3256 3210 3353 3248 au-

112 3300 328 3361 τούτων,
385 3295 510 3358 πῶς
561 3293 820 3347 ἐκπίπτει
858 3287 951 3342 τοῦ
1004 3289 1134 3341 ίδίου
1183 3286 1385 3342 σκοποῦ
1435 3289 1549 3349 τοῖς
1597 3285 1684 3338 ἀεὶ

114 3392 244 3444 κατὰ
279 3391 347 3443 τὸ
380 3386 601 3457 συμϐὰν
640 3380 1171 3453 παρευρισκομένοις
1213 3377 1680 3448 ὲπιπλανώμενος.

117 3484 182 3535 Τὸ
218 3480 406 3535 ποιοῦν
438 3478 538 3531 καὶ
565 3476 774 3545 πάσχον
801 3475 859 3524 ἐν
886 3475 998 3534 τοῖς
1025 3471 1112 3523 διὰ
1145 3470 1342 3541 σαρκὸς
1382 3468 1685 3538 γινομένοις

119 3575 200 3626 ἐπὶ
221 3573 318 3642 τῆς
338 3570 515 3639 αὐτῆς
543 3567 730 3630 οὐσίας
757 3567 858 3636 ὁρᾷ
888 3580 901 3592 ·
928 3564 1004 3625 ὡς
1036 3562 1130 3614 τοῦ
1164 3561 1282 3630 μὲν,
1316 3559 1685 3628 μεταδιδόντος

119 3663 206 3729 τῆς
225 3661 419 3723 οὐσίας
437 3675 452 3688 ·
482 3657 579 3711 τοῦ
606 3657 683 3720 δὲ,
719 3654 1055 3724 μετέχοντος.
1091 3650 1276 3712 Οὕτως
1304 3644 1413 3701 οἶδε
1437 3648 1504 3700 δι’
1530 3649 1686 3718 ἀκρι-

122 3755 255 3816 ϐείας
299 3755 360 3806 ὲν
405 3753 477 3823 τῇ
527 3749 638 3801 τῶν
673 3747 842 3800 ὅντων
889 3743 1050 3814 φύσει
1092 3744 1224 3812 ὀρᾷν
1265 3741 1362 3812 τὴν
1407 3739 1683 3811 ἀλήθειαν,

125 3850 244 3900 ὥστε
278 3841 544 3915 χωρίζειν
581 3841 680 3908 τῆς
727 3839 913 3899 οὐσίας
963 3837 1056 3889 τὸν
1092 3832 1440 3904 μεταδιδόντα
1470 3832 1564 3884 καὶ
1597 3831 1686 3882 τὸν

127 3939 409 4008 μετέχοντα
435 3974 452 3998 ,
499 3933 596 3986 καὶ
635 3931 792 3985 ἄλλον
832 3930 917 3998 ἐφ’
963 3925 1156 3980 ἑαυτοῦ
1197 3925 1320 3994 δίχα
1358 3923 1458 3992 τῆς
1490 3922 1677 3982 οὐσίας

129 4025 248 4082 εἶναι
273 4029 460 4096 λέγειν
492 4025 700 4078 τούτων
731 4022 1012 4092 ἑκάτερον.
1048 4019 1108 4072 '0
1126 4019 1236 4088 γὰρ
1258 4015 1688 4088 μεταλαμϐάνων

129 4122 158 4190 ἦ
188 4119 498 4189 μεταδιδοῖ-’ς
523 4157 538 4178 ν
568 4117 756 4185 ἔτερος
790 4113 1007 4176 πάντως
1039 4113 1154 4164 ἐστὶ
1184 4109 1335 4180 παρὰ
1359 4109 1420 4161 τὸ
1468 4106 1688 4177 μετεχό-

134 4207 268 4279 μενόν
294 4227 356 4263 τε
385 4210 485 4262 καὶ
507 4207 799 4276 διδόμενον.
839 4205 926 4267 Ὠς
955 4204 1066 4256 δεῖν
1093 4203 1354 4272 πρότερον
1380 4201 1461 4268 ἐφ’
1493 4197 1688 4252 ἑαυτοῦ

131 4302 341 4354 νοεῖσθαι
376 4318 505 4353 τινα
543 4297 665 4352 καθ’
710 4297 1006 4350 ὑπόστασιν
1060 4295 1197 4347 ἰδίαν
1224 4292 1521 4363 ὁρώμενον.
1570 4286 1687 4342 Εἶθ’

132 4394 252 4446 οὕτω
274 4393 459 4462 λέγειν
488 4391 620 4461 περὶ
654 4388 819 4443 αὐτοῦ
861 4388 894 4458 ἢ
922 4388 1142 4452 διδόναι,
1191 4387 1223 4457 ἢ
1273 4385 1416 4455 ἔχειν
1438 4422 1453 4450 ,
1484 4385 1517 4454 ἢ
1546 4384 1574 4436 ὃ
1615 4384 1688 4453 μὴ

1784 3272 1930 3327 ditor
1952 3274 2283 3338 consideret,
2333 3278 2609 3344 quomodo
2636 3295 2666 3332 a
2720 3283 3000 3349 proposito
3046 3299 3144 3338 suo
3185 3301 3354 3356 scopo

1784 3363 1986 3419 excidit
2013 3381 2232 3436 semper
2257 3367 2310 3420 in
2339 3367 2424 3422 his
2453 3384 2573 3438 quae
2597 3369 2824 3424 fortuito
2854 3383 2907 3427 et
2948 3389 3014 3428 ex
3042 3385 3238 3430 eventu
3271 3379 3353 3432 in-

1785 3458 1935 3512 venit
1965 3459 2251 3514 aberrans.
2306 3459 2462 3526 Quod
2497 3463 2606 3532 agit
2646 3470 2699 3518 et
2746 3466 2950 3534 patitur
2991 3468 3044 3522 in
3093 3469 3178 3525 liis
3233 3486 3354 3540 qum

1788 3563 1882 3617 per
1911 3563 2132 3603 carnem
2190 3551 2490 3620 gignuntur
2547 3554 2603 3607 in
2661 3556 2848 3609 eadem
2905 3561 3142 3615 essentia
3185 3563 3352 3628 videt;

1787 3654 1911 3694 cum
1964 3640 2101 3694 illud
2147 3642 2368 3711 quidem
2415 3659 2571 3698 suam
2615 3649 2910 3702 essentiam
2961 3656 3348 3717 communicet.

1789 3732 1891 3786 hoc
1919 3748 2046 3787 vero
2076 3735 2384 3803 participet.
2415 3737 2506 3790 Sic
2542 3737 2597 3791 in
2623 3754 2813 3793 eorum
2841 3757 2963 3808 quae
3003 3753 3132 3796 sunt
3157 3753 3353 3800 natura

1789 3825 2062 3880 subtiliter
2093 3839 2146 3880 et
2182 3841 2436 3883 accurate
2471 3833 2624 3884 novit
2653 3833 2939 3887 veritatem
2984 3851 3234 3900 cernere,
3279 3839 3353 3892 ita

1791 3926 1849 3970 ut
1874 3918 1942 3970 ab
1963 3919 2202 3972 essentia
2236 3929 2452 3988 separet
2489 3931 2542 3976 et
2571 3923 2842 3978 distrahat
2886 3943 3010 3978 eum
3047 3930 3137 3996 qui
3185 3931 3356 3997 parti-

1790 4010 1962 4079 cipem
1993 4011 2142 4076 facit,
2192 4022 2246 4066 et
2279 4029 2401 4066 eum
2433 4015 2524 4082 qui
2560 4016 2833 4086 particeps
2875 4017 3136 4086 efficitur;
3193 4029 3356 4090 atque

1789 4101 1954 4153 alium
2003 4101 2056 4154 in
2081 4103 2261 4171 seipso
2306 4104 2444 4157 citra
2497 4105 2790 4160 essentiam
2835 4108 3024 4162 horum
3064 4119 3357 4181 utrumque

1791 4192 1937 4246 dicat
1964 4208 2107 4248 esse.
2139 4193 2243 4260 Qui
2271 4197 2414 4248 enim
2442 4198 2718 4267 particeps
2746 4210 2850 4264 est,
2883 4200 2962 4252 vel
2988 4200 3079 4270 qui
3110 4218 3358 4257 comnm-

1793 4284 1961 4347 nicat,
1998 4285 2138 4340 alius
2185 4287 2411 4340 omnino
2456 4298 2540 4344 est
2589 4290 2657 4343 ab
2691 4304 2757 4344 eo
2797 4291 2942 4360 quod
2998 4294 3358 4364 participatur

1790 4376 1872 4429 vel
1902 4378 2357 4430 communicatur.
2395 4377 2470 4432 Ita
2503 4389 2562 4433 ut
2603 4381 2757 4449 prius
2789 4391 3039 4449 oporteat
3073 4385 3126 4438 in
3173 4388 3357 4456 seipso

135 4485 327 4555 προέχει
365 4481 717 4553 προσίεσθαι.
751 4481 860 4534 Καὶ
897 4480 1088 4534 τοῦτον
1115 4478 1284 4541 οὕτως
1319 4477 1687 4546 ὲπιγελάστως

1794 4467 2021 4537 intelligi
2045 4469 2276 4538 aliquem
2310 4473 2401 4540 qui
2444 4471 2498 4524 in
2532 4475 2756 4542 propria
2791 4475 2894 4529 sibi
2944 4478 3180 4544 quadam
3227 4482 3358 4534 sub-

136 4578 383 4640 ὲκπτύσας
416 4575 512 4628 τὸν
557 4574 736 4641 λόγον,
782 4573 859 4642 τῷ
887 4572 1083 4641 ἑφεξῆς
1127 4571 1286 4625 πάλιν
1330 4570 1522 4622 ἑαυτὸν
1563 4571 1692 4622 ἁνα-

141 4664 323 4731 τρέπων
351 4668 381 4718 ό
411 4664 576 4731 σοφὸς
611 4664 710 4715 οὐκ
741 4661 1072 4715 αίσθάνεται.
1106 4663 1214 4713 Καὶ
1238 4661 1346 4731 γὰρ
1373 4661 1402 4711 ὁ
1431 4661 1528 4729 τὴν
1560 4659 1694 4712 ὐπο-

142 4758 374 4827 κειμένην
406 4755 542 4826 ὐλην
571 4754 659 4806 διὰ
689 4754 787 4821 τῆς
805 4754 998 4822 τέχνης
1025 4752 1157 4823 πρὸς
1174 4752 1234 4804 τὺ
1262 4749 1450 4804 δοκοῦν
1482 4765 1692 4818 σχημσ-
1737 4821 1739 4824 ι

144 4846 296 4908 τξων,
331 4848 481 4898 ποιεῖ
511 4861 564 4896 τι
595 4844 810 4905 πάντως
833 4842 920 4895 διὰ
949 4841 1048 4910 τῆς
1076 4841 1374 4912 ἐνεργείας,
1406 4839 1498 4892 καὶ
1532 4840 1564 4909 ή
1593 4837 1692 4908 ὐλη

147 4941 268 5008 παρὰ
299 4938 396 4991 τοῦ
433 4936 786 5007 ἐνεργοῦντος
812 4935 908 5006 τὴν
934 4935 1128 5003 τέχνην
1157 4935 1216 4985 ὲν
1242 4933 1318 5003 τῷ
1353 4933 1579 5000 πάσχειν
1604 4931 1693 4984 τὸν

151 5032 505 5102 σχηματισμὸν
537 5029 876 5098 ἀναδέχεται.
922 5029 996 5080 Οὐ
1027 5028 1136 5096 γὰρ
1165 5025 1380 5096 ἀπαθὴς
1418 5025 1512 5076 καὶ
1543 5023 1694 5077 ἀντί-

150 5140 284 5186 τυπος
324 5126 358 5190 ὴ
395 5121 500 5190 ὕλη
554 5119 825 5188 μένουσα,
861 5117 957 5188 τὴν
999 5119 1060 5169 ὲκ
1091 5117 1187 5186 τῆς
1237 5117 1434 5185 τέχνης
1481 5115 1693 5184 μορφὴν

153 5216 506 5285 παραδέχεται.
551 5213 614 5264 Et
656 5210 836 5263 τοίνυν
886 5210 980 5261 καὶ
1017 5209 1108 5260 ἐπὶ
1159 5206 1266 5259 τῶν
1319 5206 1458 5258 κατὰ
1502 5206 1696 5276 τέχνην

154 5307 532 5375 ἐνεργουμένων
582 5303 684 5356 οὐκ
725 5303 792 5356 ἄν
838 5319 890 5355 τι
934 5301 1178 5369 γένοιτο,
1225 5298 1299 5369 μὴ
1350 5297 1556 5361 πάθους
1605 5298 1698 5350 καὶ

155 5399 400 5469 ἐνεργείας
437 5395 959 5468 συνδεδραμηκότων
1003 5393 1252 5463 ἀλλήλοις
1285 5391 1420 5461 πρὸς
1463 5390 1524 5444 τὸ
1555 5391 1697 5459 γινό-

160 5505 320 5558 μενον,
372 5493 490 5556 πῶς
529 5492 646 5543 ἔστι
684 5489 771 5542 διὰ
818 5488 1022 5541 τούτων
1071 5485 1355 5556 ἐφιστάναι
1399 5489 1515 5548 τοῖς
1569 5487 1698 5556 παρ’

158 5581 311 5635 ἑαυτοῦ
340 5584 659 5652 λεγομένοις
682 5581 774 5634 τὸν
796 5579 1132 5649 λογογράφον
1159 5577 1384 5641 οἴεσθαι,
1408 5576 1466 5640 ὃς
1500 5578 1556 5629 ὲν
1590 5577 1698 5630 πάι⁴

160 5670 220 5725 θιι
241 5675 326 5726 καὶ
353 5674 608 5746 ἐνεργείᾳ
640 5672 739 5743 τὴν
768 5670 1054 5724 κοινωνίαν
1076 5669 1174 5739 τῆς
1199 5669 1383 5731 οὐσίας
1414 5669 1700 5736 ἀποφαινό-

161 5783 310 5833 μενος,
340 5765 644 5820 κινδυνεύει
677 5763 751 5834 μὴ
783 5763 942 5833 μόνον
971 5761 1050 5832 τῷ
1079 5758 1388 5830 γεννηθέντι
1414 5776 1699 5831 προσμαρ-

1794 4560 2043 4614 sistentia
2073 4569 2352 4624 cernatur,
2393 4571 2503 4616 tum
2535 4563 2755 4618 demum
2798 4566 2877 4620 sic
2904 4568 3084 4623 dicere
3118 4570 3184 4624 de
3215 4571 3357 4640 ipso.

1795 4651 1875 4705 vel
1912 4651 2043 4706 dare
2073 4653 2158 4706 vel
2190 4655 2465 4722 accipere,
2495 4656 2581 4710 vel
2621 4657 2768 4725 quod
2813 4675 2922 4712 non
2981 4661 3134 4730 prius
3193 4663 3360 4720 habet

1794 4753 2067 4813 appetere.
2108 4745 2284 4814 Atque
2317 4747 2408 4800 ubi
2437 4747 2584 4801 hunc
2613 4748 2693 4802 sic
2728 4749 3021 4805 ridiculum
3048 4770 3357 4808 sermonem

1793 4837 2006 4904 expuit,
2040 4851 2105 4890 eo
2137 4838 2282 4905 quod
2313 4837 2572 4908 deinceps
2606 4840 2858 4909 sequitur
2889 4859 3079 4897 rursus
3119 4845 3357 4913 seipsum

1795 4936 2044 4981 evertere
2076 4927 2179 4982 iste
2210 4929 2431 4996 sapiens
2464 4945 2575 4982 non
2616 4931 2803 4985 sentit.
2846 4930 3056 4984 Etenim
3095 4936 3186 5002 qui
3226 4937 3358 4989 sub-

1791 5020 1992 5087 jectam
2040 5020 2322 5073 materiam
2359 5035 2454 5090 per
2497 5031 2668 5076 artem
2715 5023 2780 5076 ad
2839 5023 2893 5075 id
2943 5024 3087 5092 quod
3125 5026 3227 5078 sibi
3281 5027 3362 5077 vi-

1796 5111 1983 5172 detur,
2026 5110 2246 5180 figurat,
2295 5112 2421 5166 facit
2469 5114 2675 5182 aliquid
2725 5116 2949 5167 omnino
2997 5118 3097 5168 hac
3145 5118 3363 5170 actione

1798 5206 1916 5258 sive
1937 5206 2291 5271 operatione:
2325 5213 2378 5257 et
2409 5205 2636 5258 materia
2676 5204 2744 5257 ab
2767 5220 2835 5259 eo
2873 5204 2963 5272 qui
2999 5214 3172 5258 artem
3206 5224 3366 5261 exer-

1797 5305 1906 5359 cet,
1954 5295 2732 5365 patiendoconformationem
2781 5297 3000 5365 accipit.
3047 5295 3164 5350 Non
3219 5300 3364 5352 enim

1798 5403 2030 5442 manens
2079 5387 2400 5456 impatibilis
2458 5396 2512 5442 et
2557 5388 2798 5441 renitens
2865 5390 3092 5442 materia
3132 5405 3198 5442 ex
3251 5399 3368 5444 arte

1800 5479 2030 5534 formam
2063 5480 2322 5534 admittit.
2349 5479 2406 5534 Si
2441 5481 2606 5551 igitur
2637 5481 2689 5534 in
2727 5480 2811 5534 his
2829 5497 2951 5551 qua:
2976 5492 3093 5536 arte
3120 5481 3367 5536 cfliciun-

1803 5582 1890 5626 tur
1918 5573 1992 5625 nil
2020 5571 2132 5626 fieri
2161 5578 2360 5640 potest,
2389 5572 2497 5626 nisi
2526 5573 2806 5642 perpessio
2846 5582 2899 5627 et
2940 5575 3083 5629 at-tio
3107 5577 3270 5630 simul
3297 5574 3362 5628 ad

1803 5665 1853 5720 id
1881 5665 2025 5734 quod
2067 5665 2122 5718 fit
2154 5673 2509 5726 concurrant,
2537 5663 2811 5732 quomodo
2839 5665 3143 5734 putandum
3167 5676 3252 5721 est
3276 5683 3368 5736 per

1801 5759 1916 5813 haec
1948 5758 2274 5826 scriptorem
2297 5756 2350 5810 in
2383 5755 2498 5810 suis
2525 5754 2687 5810 dictis
2713 5765 2989 5826 constare,
3033 5757 3125 5830 qui
3158 5761 3210 5814 in
3250 5776 3346 5830 per
