3922 6508
582 350 686 403 διδ

1801 338 1857 394 S.
1886 332 2210 393 GREGORH
2268 332 2555 389 NYSSENI

3729 334 3817 389 ιιι

584 460 837 532 pessione
866 463 921 511 et
967 454 1186 511 actione
1223 455 1671 510 communionem
1719 453 1975 508 essentia:
2020 466 2149 520 pro-

2272 451 2436 520 mpeiv
2468 466 2585 512 mc
2612 447 2749 520 πρὸς
2778 446 2870 502 τὸν
2904 447 3277 518 γεγεννηκότα
3312 444 3381 498 τὸ
3407 443 3591 499 κοινὸν
3622 444 3716 517 τῆς
3741 449 3818 501 οὐ-

585 551 844 606 nuntians
870 587 887 614 ,
941 546 1158 601 videtur
1207 561 1317 599 non
1355 546 1532 601 solum
1575 545 1624 600 ei
1669 546 1760 614 qui
1797 543 2014 614 genitus
2061 548 2147 596 est

586 641 883 694 attribuere
914 638 1151 706 quodam
1188 637 1351 691 modo
1385 652 1508 691 cum
1539 651 1602 690 eo
1630 636 1723 705 qui
1758 633 1948 704 genuit
1980 646 2149 686 com-

584 746 804 784 munem
837 730 1155 790 essentiam,
1190 743 1379 781 verum
1403 727 1567 779 etiam
1600 740 1814 779 omnetn
1837 729 2149 777 creaturam

585 836 710 876 cum
735 836 800 875 eo
836 821 929 889 qui
964 820 1090 873 fecit
1139 818 1384 886 ejusdem
1420 816 1673 871 essentiae
1713 814 1936 868 facere?
1963 812 2151 881 Siqui-

585 912 707 967 dem
742 912 889 981 quod
924 911 1035 981 agit
1057 918 1110 963 et
1138 909 1283 980 quod
1315 909 1521 977 patitur
1543 907 1733 961 eodem
1763 919 1962 975 genere
2008 905 2151 957 inter

588 1020 648 1059 se
668 1005 870 1058 habere
891 1002 1191 1057 secundum
1218 1007 1465 1053 naturam
1487 998 1693 1052 delinit.
1717 998 1899 1065 Itaque
1917 1010 2010 1064 per
2030 1008 2151 1062 qua:

587 1096 859 1151 construit
879 1095 1021 1162 quod
1052 1094 1187 1157 vult,
1215 1108 1308 1162 per
1329 1094 1441 1144 hinc
1462 1090 1693 1145 destruit
1719 1098 1769 1143 et
1795 1089 1990 1141 evertit
2006 1084 2149 1154 quod

586 1187 829 1241 studiose
852 1184 1152 1249 contendit,
1176 1200 1271 1237 sua
1292 1182 1644 1252 repugnantia
1666 1178 1949 1250 ὁμοουσίου
1968 1176 2151 1244 (simul

586 1275 915 1345 essentialis)
937 1274 1160 1342 gloriam
1179 1272 1466 1325 ﬁrmiorem
1486 1266 1801 1323 reddens.Si
1819 1266 1960 1319 enim
1974 1280 2038 1317 ex
2056 1264 2155 1315 ali-

587 1384 697 1437 quo
730 1366 1011 1437 generatio
1056 1364 1176 1432 ejus
1189 1364 1278 1432 qui
1297 1360 1854 1432 genuitessentiamin
1875 1372 1939 1411 eo
1956 1356 2046 1425 qui
2068 1370 2154 1423 ge-

588 1458 732 1510 nitus
751 1467 833 1510 est
863 1455 1235 1510 demonstrat:
1258 1452 1556 1506 artiﬁcialis
1584 1458 1764 1503 autem
1788 1454 2151 1511 constructio,

587 1562 706 1618 quae
730 1562 824 1616 per
849 1549 1117 1600 actionem
1135 1552 1188 1600 et
1209 1543 1514 1613 passionem
1532 1540 1827 1611 perﬁcitur,
1855 1540 2152 1593 secundum

588 1640 752 1709 hujus
782 1639 1049 1691 rationein
1098 1636 1165 1689 ad
1204 1634 1458 1689 essentia:
1487 1631 1927 1686 communionem
1982 1627 2155 1681 addu-

591 1734 669 1787 cit
700 1743 755 1785 et
784 1730 835 1784 id
860 1730 1001 1799 quod
1034 1727 1166 1781 facit
1211 1734 1266 1781 et
1314 1725 1367 1779 id
1404 1722 1551 1793 quod
1601 1722 1867 1786 edicitur;
1907 1719 2153 1789 genitum

2255 540 2373 604 σίας
2395 558 2408 571 ·
2443 540 2577 595 ἀλλά
2627 540 2722 595 καὶ
2769 541 2951 594 πᾶσαν
2994 540 3096 611 τὴν
3140 538 3333 593 κτίσιν
3382 538 3470 609 τῷ
3519 543 3817 609 πεποιηκότι

2254 638 2428 688 ποιεῖν
2453 633 2730 703 ὁμούσιον;
2756 634 2925 703 Εῐπερ
2947 634 3006 686 τὸ
3035 631 3221 686 ποιοῦν
3250 632 3357 685 καὶ
3390 631 3457 683 τὸ
3487 630 3695 701 πάσχον
3713 634 3823 702 ὁμο-

2254 725 2425 793 γενῶς
2450 718 2594 795 ἔχειν
2621 723 2867 795 ἀλλήλοις
2893 725 3033 777 κατὰ
3067 725 3165 793 τὴν
3194 723 3373 793 φύσιν
3404 720 3669 792 ὁρίζεται.
3700 726 3818 777 06:-

2254 815 2349 869 οὖν
2390 816 2454 869 δι’
2517 810 2592 870 ὦν
2644 814 3038 878 κατασκευάζει
3075 815 3103 868 ὃ
3139 814 3437 884 βούλεται,
3486 813 3603 866 ηδιά
3644 814 3821 867 τούτων

2255 907 2548 978 ἀνατρέπει
2590 906 2651 960 τὸ
2691 907 3141 975 σπουδαζόμενον,
3190 904 3573 975 ἰσχυροτέραν
3600 908 3665 974 τῇ
3710 911 3821 975 παρ’

2255 998 2446 1050 ἑαυτοῦ
2488 999 2636 1069 μάχῃ
2665 1000 2832 1053 ποιῶν
2854 998 2951 1069 τὴν
2978 997 3073 1050 τοῦ
3102 998 3405 1067 ὀμοουσίου
3430 996 3615 1059 δόξαν.
3646 998 3703 1049 El
3730 999 3820 1064 γὰρ

2254 1090 2288 1158 ή
2324 1088 2421 1158 μὲν
2440 1088 2504 1143 ἔκ
2529 1107 2671 1153 τινος
2692 1089 2942 1157 γέννησις
2968 1090 3066 1159 τήν
3093 1088 3187 1141 τοῦ
3222 1088 3639 1159 γεγεννηκότος
3658 1090 3817 1143 οὐσίαν

2256 1183 2314 1235 ὲν
2335 1183 2411 1250 τῷ
2435 1182 2744 1251 γεννηθέντι
2772 1182 3038 1235 δείκνυσιν
3053 1196 3066 1210 ·
3098 1183 3130 1251 ἡ
3154 1181 3212 1234 δὲ
3235 1180 3476 1250 τεχνικὴ
3509 1189 3817 1251 κατασκευὴ,

2256 1270 2323 1325 δι’
2354 1272 2632 1341 ἐνεργείας
2665 1289 2726 1325 τε
2752 1273 2846 1325 καὶ
2868 1272 3071 1334 πάθους
3097 1270 3527 1340 ἀποτελουμένη
3546 1311 3562 1335 ,
3591 1274 3723 1326 κατά
3747 1276 3820 1329 τὸν

2256 1361 2445 1415 τούτου
2478 1363 2633 1431 λόγον
2658 1366 2737 1426 εἰς
2768 1364 3050 1417 κοινωνίαν
3081 1364 3279 1427 οὐσίας
3318 1364 3455 1431 ἄγει
3484 1364 3549 1416 τὸ
3575 1365 3751 1417 ποιοῦν
3774 1385 3821 1419 τε

2258 1454 2351 1506 καὶ
2382 1452 2443 1507 τὸ
2469 1455 2748 1525 γινόμενον
2767 1471 2780 1486 ⁸
2818 1454 3174 1525 γεγεννῆσθαι
3200 1455 3301 1507 τὸν
3350 1456 3566 1526 Κύριον
3604 1455 3818 1528 πολλαχῆ

2257 1547 2368 1599 τῶν
2403 1546 2547 1599 ἰδίων
2578 1547 3026 1617 συγγραμμάτων
3055 1549 3083 1600 6
3114 1546 3474 1617 λογογράφος
3508 1550 3819 1603 κατασκευά-

2264 1635 2394 1698 ζων.
2434 1636 2575 1705 Ἀρα
2625 1635 2691 1688 δι’
2726 1628 2800 1688 ὧν
2831 1636 3098 1705 ἀλλοτριοῖ
3134 1636 3236 1706 τῆς
3275 1636 3380 1690 τοῦ
3420 1637 3637 1707 Πατρὺς
3662 1640 3818 1704 οὐσίας

2259 1726 2349 1780 τὸν
2384 1724 2607 1796 Κύριον,
2636 1726 2722 1779 διὰ
2744 1727 2946 1779 τούτων
2969 1727 3115 1797 αὐτῷ
3139 1732 3575 1800 προσμαρτυρεῖ
3607 1729 3696 1800 τὴν
3721 1748 3821 1783 σαν-

591 1838 715 1880 esse
750 1823 1039 1876 Dominum
1067 1818 1269 1890 passim
1299 1818 1354 1871 in
1395 1816 1510 1872 suis
1537 1813 1757 1883 scriptis
1786 1813 1891 1866 iste
1915 1812 2155 1878 scriptor

2272 1814 2470 1884 ίιφειαν.
2520 1816 2584 1869 Et
2614 1816 2721 1887 γὰρ
2756 1816 2831 1887 μὴ
2863 1816 2949 1870 διὰ
2984 1819 3329 1887 γεννήσεως,
3371 1821 3516 1889 μήτε
3558 1819 3643 1873 διὰ
3681 1837 3819 1873 κατα-

596 1924 873 1971 astruens.
942 1913 1082 1982 Ergo
1113 1926 1210 1981 per
1238 1925 1359 1980 qua:
1391 1923 1419 1961 a
1467 1906 1646 1960 Patris
1684 1905 1921 1959 essentia
1967 1901 2151 1956 Domi-

591 2022 722 2061 num
759 2007 981 2066 alienat,
1034 2018 1127 2072 per
1158 2001 1274 2055 haec
1306 1999 1411 2069 ipsi
1454 1996 1835 2052 coluerentiam
1865 1993 1981 2048 sive
2019 2007 2155 2045 con-

594 2096 879 2152 uexionem
907 2092 1176 2146 attribuit.
1210 2090 1265 2144 Si
1295 2093 1440 2145 enim
1482 2103 1661 2157 neque
1706 2100 1801 2155 per
1850 2083 2158 2153 generatio-

591 2204 738 2251 nem,
790 2202 966 2255 neque
1005 2200 1100 2254 per
1134 2184 1271 2237 artis
1324 2180 1737 2235 fabricationem
1780 2178 1930 2244 juxta
1985 2174 2152 2243 hujus

594 2276 858 2329 rationem
891 2274 1144 2328 essentia:
1177 2269 1447 2339 separatio
1468 2266 1826 2337 conspicitur,
1859 2263 2004 2333 quod
2032 2264 2160 2333 qui-

593 2364 717 2419 dem
748 2364 796 2419 si
819 2362 1029 2418 dederit
1057 2376 1203 2424 esse,
1251 2359 1537 2412 Dominum
1591 2358 1707 2411 sive
1753 2363 1995 2409 creatum
2048 2354 2163 2407 sive

594 2470 887 2525 gennema,
948 2454 1003 2507 id
1068 2460 1153 2507 est
1240 2447 1825 2521 progeniem,dixerit,
1881 2459 1974 2514 per
2003 2444 2165 2499 ambo

2263 1905 2464 1975 σκευῆς
2489 1903 2631 1958 κατὰ
2660 1905 2750 1958 τὸν
2769 1904 2962 1958 τούτου
2988 1905 3143 1974 λόγον
3167 1910 3195 1961 6
3222 1908 3331 1977 τῆς
3360 1908 3556 1971 οὐσίας
3574 1911 3820 1979 χωρισμὸς

2261 1996 2587 2066 καθορᾶται·
2613 1997 2752 2067 ὅπερ
2778 1996 2843 2050 ἂν
2861 1998 2937 2069 δῷ
2963 1994 3101 2052 εἶναι
3118 1998 3206 2053 τὸν
3227 2000 3471 2070 Κύριον,
3499 2001 3607 2052 εἴτε
3636 2002 3818 2054 math;

2263 2090 2375 2143 εἴτε
2397 2089 2661 2160 γέννημα,
2688 2089 2754 2142 δι’
2780 2093 2980 2162 ἀμφοῖν
2996 2093 3055 2145 τὸ
3084 2096 3201 2147 κατ’
3231 2095 3434 2148 οὐσίαν
3454 2096 3649 2147 οίκεῖον
3677 2111 3816 2166 προσ-

2263 2177 2659 2249 εμαρτύρησεν,
2691 2181 2719 2232 6
2745 2180 2801 2232 έν
2828 2179 2906 2251 τῷ
2944 2183 3181 2236 ποιοῦντι
3214 2185 3318 2236 καὶ
3366 2184 3666 2254 πάσχοντι,
3718 2200 3816 2251 γεν⁴

2267 2267 2426 2321 νῶντι
2476 2269 2571 2322 καὶ
2613 2270 2951 2342 γεννομένῳ,
2994 2272 3094 2343 τὴν
3135 2273 3238 2343 τῆς
3295 2274 3521 2341 φύσεως
3570 2276 3814 2327 κοινωνίαν

2267 2356 2679 2429 τεχνολογήσας.
2725 2359 2886 2414 Ἀλλά
2917 2359 3052 2433 πρὸς
3074 2362 3135 2414 τὸ
3162 2362 3369 2433 ἑφεξῆς
3408 2361 3505 2416 τοῦ
3539 2362 3691 2430 λόγου
3718 2379 3815 2431 τρε-

2272 2447 2524 2518 πώμεθα.

595 2547 741 2616 quod
777 2554 861 2600 est
906 2543 1206 2600 secundum
1254 2540 1548 2597 essentiam
1596 2537 1873 2609 proprium
1926 2544 2156 2590 testatus
2195 2548 2299 2603 est,
2372 2542 2466 2610 qui
2531 2542 2587 2596 in
2625 2553 2816 2613 agente
2857 2552 2911 2598 et
2939 2544 3198 2615 patiente,
3256 2545 3315 2600 in
3360 2554 3656 2617 generante
3684 2550 3732 2598 et
3762 2558 3813 2595 eo

597 2639 689 2707 qui
725 2637 989 2707 gignitur,
1023 2647 1230 2690 natura:
1254 2633 1695 2688 communionem
1747 2638 1864 2685 arte
1942 2645 2041 2684 sua
2079 2631 2325 2688 tradidit.
2362 2634 2469 2690 Sed
2535 2636 2605 2691 ad
2660 2635 2715 2690 id
2773 2637 2919 2709 quod
2973 2637 3230 2709 deinceps
3276 2639 3538 2709 sequitur
3598 2638 3651 2692 in
3715 2637 3811 2705 ejus

597 2730 844 2784 oratione
870 2742 1182 2797 pergamus.

665 2820 864 2877 Oratos
910 2821 1067 2875 velim
1102 2820 1331 2873 lectores
1366 2833 1472 2873 non
1510 2833 1651 2887 aegre
1705 2816 1843 2872 ferre
1879 2818 2163 2872 examina-

600 2913 767 2967 tionis
802 2911 1214 2975 sublimitatem,
1258 2926 1380 2980 qua:
1418 2910 1472 2963 in
1498 2910 1841 2963 immodicam
1875 2911 2162 2980 prolixitu-

600 3001 781 3058 dinem
830 3017 939 3055 non
977 2991 1169 3071 sponte
1210 3015 1515 3056 sermonem
1549 3002 1836 3071 protrahit.
1871 2999 1989 3055 Non
2020 3003 2164 3056 enim

2341 2815 2721 2887 Παραιτοῦμαι
2749 2817 2805 2871 δὲ
2836 2820 2962 2882 τοὺς
2995 2819 3433 2891 ἐντυγχάνοντας
3464 2820 3538 2891 μὴ
3565 2821 3807 2891 δυσχεραί-

2270 2924 2381 2962 νειν
2418 2910 2484 2979 τῇ
2517 2908 2771 2980 ἀκριϐείᾳ
2814 2910 2913 2979 τῆς
2960 2909 3292 2975 ἐξετάσεως,
3336 2913 3419 2975 είς
3452 2912 3648 2983 πλῆθος
3674 2911 3807 2964 ἅκοὺο

2274 3016 2385 3051 σιον
2413 2998 2794 3069 προσαγούσης
2821 3000 2911 3052 τὸν
2959 3000 3134 3068 λόγον.
3167 3003 3242 3055 Οὐ
3287 3002 3401 3073 γὰρ
3451 3003 3576 3073 περὶ
3605 3002 3706 3056 τῶν
3734 3019 3808 3054 τυ-

602 3096 671 3150 de
708 3093 1041 3165 quibuslibet
1082 3094 1382 3163 periculum
1399 3101 1505 3158 est,
1532 3102 1591 3146 ut
1624 3093 1667 3147 si
1701 3092 1838 3147 forte
1868 3094 1996 3162 quid
2030 3109 2163 3163 prae-

2272 3090 2471 3159 χόντων
2505 3090 2534 3142 6
2567 3090 2826 3154 κίνδυνος,
2857 3089 3001 3143 ὥστε
3026 3102 3099 3144 ’τι
3133 3093 3596 3164 παραδραμόντας
3619 3092 3717 3145 τῶν
3742 3110 3809 3159 φι-

604 3185 1003 3242 termiserimus
1027 3200 1216 3239 eorum
1248 3199 1367 3253 qua:
1391 3184 1731 3237 accuratiore
1762 3182 2005 3253 indigent
2039 3199 2171 3238 con-

604 3286 712 3331 tem
720 3276 1097 3346 platione,leve
1114 3275 1371 3328 damnum
1393 3273 1675 3339 faciamus,
1695 3275 1789 3330 sed
1807 3275 1873 3329 de
1897 3277 2011 3344 spei
2033 3290 2176 3328 sum-

606 3384 695 3423 ma
721 3366 1112 3437 periclitamur.
1163 3364 1496 3435 Proponitur
1519 3366 1665 3419 enim
1691 3366 1769 3420 vel
1797 3374 1854 3419 ut
1879 3364 2174 3419 Christiani

608 3460 804 3520 simus,
843 3472 951 3511 non
982 3457 1052 3510 ab
1105 3456 1359 3510 haeretica
1394 3456 1633 3525 pernicie
1674 3456 1913 3525 perversi
1946 3474 1959 3511 :
1988 3457 2072 3510 vel
2118 3464 2178 3509 ut

609 3548 832 3603 omnino
856 3548 921 3603 ad
952 3546 1207 3601 Judaicas
1227 3547 1310 3601 vel
1344 3546 1571 3616 gentiles
1624 3546 1909 3617 opiniones
1967 3555 2178 3616 pertra-

614 3642 807 3695 hamur
849 3657 864 3693 :
898 3647 955 3694 ut
987 3640 1149 3710 igitur
1181 3640 1340 3693 nobis
1369 3647 1622 3694 neutrum
1648 3640 1841 3694 horum
1874 3641 2176 3712 contingat,

612 3747 681 3786 ne
706 3746 804 3801 per
830 3729 1246 3800 abnegationem
1284 3728 1404 3783 Filii
1455 3744 1579 3784 vere
1609 3731 1777 3801 geniti
1806 3731 2049 3787 Judaicis
2081 3732 2182 3785 do-

612 3821 884 3877 cumentis
942 3821 1416 3884 circumferamur,
1442 3837 1619 3892 neque
1682 3838 1777 3891 per
1808 3822 2177 3878 adorationem

612 3920 877 3969 creatum
936 3912 1232 3967 exhibitam
1284 3912 1337 3966 in
1378 3914 1731 3983 praecipitium
1786 3914 2067 3982 gentilium
2101 3914 2179 3967 si-

613 4004 872 4060 mulacris
932 4005 1287 4059 servientium
1357 3994 1715 4071 corruamus;
1752 4007 2069 4060 necessario
2124 4007 2178 4059 in

614 4095 981 4164 disputatione
1009 4110 1070 4150 ea
1099 4093 1167 4148 de
1196 4110 1256 4149 re
1282 4105 1533 4165 suscepta
1568 4097 2000 4160 immorabimur,
2036 4096 2182 4165 posi-

613 4187 685 4242 tis
717 4186 963 4241 Eunomii
1014 4187 1218 4250 verbis,
1273 4202 1394 4256 quae
1439 4188 1519 4240 sic
1572 4187 1823 4241 habent:
1891 4186 1988 4240 His
2013 4189 2184 4256 itaque

614 4276 689 4327 sic
716 4276 923 4339 divisis,
986 4277 1172 4331 merito
1221 4279 1483 4347 quispiam
1533 4277 1729 4330 dixerit
1791 4278 2182 4345 principalissi-

617 4383 758 4419 mam
788 4376 836 4420 et
866 4368 1092 4436 primam
1141 4379 1189 4421 et
1220 4369 1387 4421 solam
1420 4379 1539 4422 actu
1576 4368 1757 4422 Patris
1810 4368 2180 4423 subsistentem

2273 3179 2643 3251 λοπονωτέρας
2691 3180 2960 3251 δεομένων
2996 3181 3098 3252 τῆς
3132 3183 3373 3254 θεωρίας
3398 3225 3413 3247 ,
3454 3186 3514 3237 ὲν
3550 3184 3699 3255 ὀλίγῳ
3731 3183 3808 3253 τὴν

2276 3271 2476 3341 ζημίαν
2514 3271 2726 3337 παθεῖν,
2761 3272 2876 3325 ἀλλ’
2907 3274 3055 3342 αὐτῷ
3086 3274 3166 3341 τῷ
3190 3277 3480 3347 κεφαλαίῳ
3520 3277 3612 3347 τῆς
3634 3276 3807 3337 ἐλπίδος

2276 3363 2735 3434 ὲγκινδυνεύομεν.
2770 3365 3060 3435 Πρόκειται
3092 3366 3200 3437 γάρ
3231 3368 3267 3437 ἢ
3304 3367 3657 3438 Χριστιανοὺς
3676 3362 3803 3425 εἶναι,

2280 3456 2353 3526 μὴ
2400 3455 2832 3527 παρενεχθέντας
2863 3455 2968 3509 ὐπὸ
3008 3457 3108 3527 τῆς
3139 3459 3433 3529 αἱρετικῆς
3474 3457 3748 3518 ἀπωλείαςυ
3777 3454 3804 3523 ἢ

2278 3549 2489 3611 πάντως
2513 3547 2619 3619 πρὸ
2667 3548 2961 3611 Ἰουδαῖκάς
2984 3565 3040 3600 τε
3064 3549 3157 3601 καὶ
3198 3549 3527 3619 Ἑλληνικὰς
3551 3546 3806 3617 ὑπολήψεις

2277 3639 2664 3708 κατασυρῆναι.
2722 3637 2807 3701 Ὠς
2836 3638 2902 3691 ἂν
2944 3634 3036 3691 οὖν
3075 3640 3378 3711 μηδέτερον
3432 3639 3679 3707 πάθοιμεν
3714 3635 3803 3687 τὼν

2277 3730 2680 3802 ἀπειρημένων,
2736 3731 2872 3801 μήτε
2917 3730 3004 3783 διὰ
3039 3729 3138 3800 τῆς
3179 3730 3469 3801 ἀρνήσεως
3510 3728 3596 3781 τοῦ
3628 3724 3804 3794 ἀληθῶς

2279 3822 2623 3892 γεννηθέντος
2661 3818 2814 3884 Υίοῦ,
2850 3824 2963 3882 τοῖς
3005 3821 3321 3885 Ἰουδαϊκοῖς
3358 3822 3589 3893 δόγμασι
3632 3832 3801 3886 συμφε-

2281 3915 2516 3984 ρόμενοι,
2551 3914 2688 3984 μήτε
2718 3913 2805 3966 διὰ
2852 3914 2951 3982 τῆς
2975 3913 3069 3966 τοῦ
3105 3913 3406 3984 κτίσματος
3434 3911 3803 3983 προσκυνήσεως

2279 4005 2356 4075 τῷ
2381 4004 2633 4074 πτώματι
2660 4003 2769 4057 τῶν
2806 4004 3342 4077 είδωλολατρούντων
3386 4002 3801 4073 συγκαταπίπτονο

2280 4111 2390 4158 τες,
2413 4093 2721 4162 ἀναγκαίως
2737 4093 3193 4165 προδιατρίψομεν
3212 4094 3293 4165 τῷ
3314 4096 3442 4164 περὶ
3458 4093 3647 4146 τούτων
3669 4089 3799 4155 λόγῳ,

2283 4185 2463 4249 θέντες
2491 4185 2658 4255 αὐτὴν
2679 4184 2773 4238 τοῦ
2799 4186 3063 4256 Εὐνομίου
3095 4185 3194 4256 τὴν
3224 4188 3383 4257 ῥῆσιν
3410 4187 3623 4255 ἔχουσαν
3641 4180 3795 4238 οὕτως’

2286 4277 2446 4330 Οὕτω
2482 4276 2550 4329 δὲ
2590 4278 2815 4331 τούτων
2852 4276 3250 4346 διῃρημένων,
3287 4279 3527 4342 εἰκότως
3564 4274 3692 4344 φαίη
3730 4287 3799 4332 τις

2282 4367 2359 4421 ἂν
2387 4367 2502 4435 τὴν
2531 4366 2895 4435 κυριωτάτην
2924 4368 3019 4420 καί
3043 4367 3284 4436 πρώτην
3309 4368 3408 4421 καί
3433 4370 3634 4437 μόνην,
3665 4362 3795 4425 ἐνερ-

616 4459 901 4511 essentiam
936 4459 990 4511 in
1019 4462 1243 4525 seipsam
1276 4463 1501 4529 recipere
1529 4463 1849 4531 gennematis
1881 4462 1994 4516 sive
2032 4463 2169 4532 geni-

2284 4457 2411 4524 γείᾳ
2442 4458 2547 4511 τοῦ
2576 4458 2804 4525 Πατρός
2846 4458 3203 4514 ὐποστᾶσαν
3245 4460 3483 4525 οὐσίαν,
3514 4459 3594 4521 εἰς
3616 4450 3796 4514 ἑαυτὴν

619 4556 756 4601 ειη-ω
788 4557 838 4602 et
880 4548 1103 4616 factura:
1132 4560 1179 4603 et
1213 4562 1468 4604 creatura:
1501 4551 1896 4620 appellationes.
1926 4552 1991 4606 Et
2028 4556 2185 4623 paulo

623 4646 767 4709 post.
833 4638 990 4694 Solus
1047 4650 1222 4693 autent
1276 4641 1471 4706 Filius,
1514 4644 1618 4706 ait,
1673 4642 1855 4698 Patris
1904 4654 2024 4697 actu
2065 4664 2187 4699 con-

618 4731 807 4785 sistens
867 4732 1409 4786 incommunicabilem
1463 4733 1618 4787 habet
1667 4745 1947 4800 naturam,
1980 4747 2031 4790 et
2068 4754 2186 4790 cum

617 4840 678 4876 eo
708 4825 798 4893 qui
828 4826 1003 4893 genuit
1037 4825 1365 4879 relationem.
1415 4824 1478 4878 Et
1500 4828 1552 4878 in
1582 4827 2011 4894 praecedentibus
2040 4846 2053 4882 :
2091 4828 2189 4883 Ge-

619 4917 787 4968 nitum
802 4931 1067 4986 gennema.
1080 4914 1194 4969 sive
1206 4915 1520 4986 genituram,
1535 4917 1704 4970 dicere
1722 4934 1821 4971 nou
1841 4921 2187 4973 recusandum

616 5022 729 5059 esse
764 5007 957 5075 inquit,
995 5023 1111 5059 cum
1155 5008 1379 5060 essentia
1418 5008 1533 5075 ipsa
1566 5009 1740 5077 genita
1775 5019 1824 5062 et
1853 5008 1980 5061 Filii
2014 5011 2189 5078 appel-

619 5098 750 5151 latio
782 5099 939 5151 talem
973 5100 1239 5152 ncmiuum
1275 5085 1606 5167 affectione»:
1642 5100 1742 5153 sibi
1784 5098 2030 5164 vindicet,
2070 5117 2189 5171 pro-

618 5191 886 5258 priamque
941 5190 1146 5244 reddat.

689 5372 823 5426 Cum
864 5373 1029 5442 igitur
1073 5384 1182 5427 tam
1215 5383 1396 5443 aperta
1447 5385 1499 5427 et
1538 5375 1684 5428 clara
1716 5374 1784 5427 sit
1821 5373 1873 5427 in
1919 5374 2002 5429 his
2031 5374 2191 5431 dictis

2286 4547 2566 4616 δέχεσθαι
2595 4549 2698 4614 τὰς
2732 4549 2840 4603 τοῦ
2866 4549 3234 4619 γεννήματος
3262 4552 3360 4605 καί
3397 4548 3697 4618 ποιήματος
3718 4538 3793 4592 καί

2287 4640 2610 4708 κτίσματος
2652 4643 3073 4711 προσηγορίας.
3111 4644 3221 4697 Καὶ
3264 4644 3382 4714 μετ’
3419 4642 3600 4709 ὀλίγα,
3636 4636 3794 4694 Μόνος

2288 4731 2355 4783 δὲ
2382 4735 2415 4785 ὁ
2454 4733 2602 4799 Υἱὸς,
2635 4735 2817 4803 φησὶν,
2843 4732 2916 4801 τῇ
2944 4735 3050 4788 τοῦ
3074 4736 3305 4804 Πατρός
3328 4732 3579 4801 ἐνεργείᾳ
3601 4722 3791 4781 συστὰς

2288 4822 2689 4891 ἀκοινώνητον
2708 4824 2833 4892 ἕχει
2861 4826 2975 4891 τήν
2990 4842 3053 4878 τε
3079 4826 3289 4893 φύσιν,
3308 4826 3407 4880 καί
3436 4822 3542 4890 τὴν
3563 4818 3693 4886 πρὸς
3710 4812 3791 4864 τὸν

2290 4914 2687 4982 γεγεννηκότα
2717 4914 2956 4983 σχέσιν.
3004 4917 3093 4970 Ἐν
3127 4916 3183 4969 δὲ
3206 4921 3320 4981 τοῖς
3355 4916 3458 4987 πρὸ
3482 4912 3681 4965 τούτου’
3708 4904 3792 4955 TC"

2288 5005 2579 5074 γεννητὸν
2610 5004 2874 5075 γέννημα
2899 5006 3098 5076 λέγειν
3118 5008 3204 5076 μὴ
3243 5004 3627 5077 παραιτεῖσθαι
3693 4988 3796 5086 φηῖι

2290 5100 2399 5166 τῆς
2421 5100 2734 5169 γεννηθεισ
2738 5117 2811 5166 ης
2843 5098 3031 5167 αὐτῆς
3075 5101 3291 5166 οὐσίας
3320 5099 3414 5152 καὶ
3441 5095 3542 5161 τῆς
3570 5088 3664 5143 τοῦ
3684 5086 3789 5137 Υἰου

2291 5192 2693 5259 προσηγορίας
2718 5190 2832 5258 τὴν
2846 5191 3129 5259 τοιαύτην
3147 5191 3264 5245 τῶν
3282 5188 3568 5259 ὀνομάτων
3588 5180 3785 5233 οἰκειου-

2286 5280 2477 5350 μένης
2501 5279 2740 5348 σχέσιν.
3739 5344 3755 5357 υ

2363 5369 2519 5424 Οὐτω
2556 5370 2732 5424 τοίνυν
2770 5370 3038 5442 προδήλου
3063 5370 3163 5441 τῆς
3195 5373 3255 5425 ὲν
3282 5374 3389 5432 τοῖς
3427 5358 3694 5435 εἰρημένοις
3714 5362 3783 5442 ηυ-

623 5439 1013 5532 repugnaiitia,
1060 5461 1223 5529 hujus
1251 5439 1548 5531 idngmatis
1606 5463 1946 5516 laudatorum
2008 5463 2169 5517 soler-

2294 5478 2392 5530 σης
2417 5439 3130 5533 ἐναντιότητος-θαυμάζειν
3152 5462 3325 5515 ἔπεισί
3351 5477 3435 5531 μοι
3460 5456 3549 5523 τῆς
3562 5439 3784 5533 ἀγχινοίῧ

621 5552 751 5604 tiam
813 5560 866 5604 et
937 5552 1293 5605 subtilitatem
1357 5552 1503 5605 subit
1569 5551 1847 5605 admirari.
1923 5551 2190 5607 Incertum

621 5640 765 5694 enim
821 5641 984 5696 fuerit
1040 5642 1107 5696 ad
1161 5641 1307 5712 quod
1357 5657 1545 5696 eorum
1600 5657 1719 5710 qum
1772 5642 1838 5696 ab
1890 5642 2009 5712 ipso
2066 5653 2194 5699 sunt

621 5731 765 5787 dicta
815 5732 957 5788 versi
1005 5746 1114 5787 non
1160 5731 1213 5785 in
1253 5732 1519 5803 reliquum
1570 5739 1815 5803 peccent.
1872 5731 2027 5788 Prior
2074 5750 2191 5790 ser-

2292 5527 2416 5615 τούς
2452 5527 2744 5614 ὲπαινετάς
2793 5527 2983 5605 τούτου
3016 5552 3110 5605 τοῦ
3154 5527 3434 5624 δόγματος.
3464 5546 3667 5610 ’Δπορον
3700 5527 3781 5624 γᾴρ

2295 5644 2362 5697 ἂν
2390 5642 2478 5712 εἴη
2504 5643 2641 5714 πρὸς
2662 5644 2689 5696 ὃ
2707 5643 2884 5696 τιτῶν
2920 5618 3236 5715 εἰρημένων.
3255 5618 3392 5714 παρ’
3415 5633 3564 5692 αὐτοῦ
3592 5618 3779 5715 τραπίνο

2294 5750 2404 5799 τίεν
2437 5704 2633 5786 ὡδί-ἀί
2658 5704 3132 5806 πλημμελοῖένέῐς
3163 5737 3223 5790 τὸ
3257 5704 3564 5801 λειῶμενον.
3605 5717 3650 5767 '0
3677 5704 3777 5777 πρό-
