3922 6512
226 355 341 411 655

1354 352 1631 407 CONTRA
1666 350 2058 414 EUNUMIUM,
2101 350 2226 405 LIB.
2273 349 2373 408 IV.

3383 354 3488 409 016

223 492 385 546 τερος
412 472 785 538 κατεσκεύαζε
812 474 967 541 λόγος
989 470 1167 540 αὐτῷ,
1197 470 1294 540 τὴν
1323 470 1671 541 γεννηθεῖσαν
1718 468 1810 521 καὶ

1918 482 2003 520 mo
2043 468 2093 521 ei
2126 469 2422 527 astruebat.
2451 477 2689 539 genitam
2732 472 3023 525 essentiam
3077 480 3131 525 et
3171 471 3263 525 filii
3304 477 3488 542 appel-

222 565 325 635 τὴν
350 563 441 616 τοῦ
463 562 595 616 Υίοῦ
622 561 991 633 προσηγορίαν
1008 559 1108 631 τὴν
1128 558 1381 629 τοιαύτην
1401 558 1509 612 τῶν
1531 558 1807 628 ὀνομάτων

221 652 561 707 οἰκειοῦσθαι
630 654 847 723 σχέσινο
893 653 927 722 ὴ
966 650 1061 704 νῦν
1109 648 1420 718 τεχνολογία
1457 648 1518 700 τὸ
1566 647 1808 701 ἐναντίον

224 748 414 815 φησὶν,
458 744 883 811 Ἁκοινάηδητον
902 745 1066 812 ἔχειν
1092 742 1198 795 τὸν
1226 741 1366 794 Υίύν
1386 739 1499 807 τὴν
1529 739 1678 807 πρὸς
1697 737 1805 791 τὸν

222 838 641 906 γεγεννηκότα
668 836 912 905 σχέσιν.
928 835 1053 887 Ἐάν
1077 832 1151 902 τῷ
1185 832 1388 904 πρώτῳ
1422 831 1804 893 πιστεύσωσιν,

222 932 286 981 οὐ
312 927 713 999 παραδέξωνται
735 927 951 989 πάντως
971 925 1031 977 τὸ
1052 924 1303 994 δεύτερον
1325 941 1339 955 ⁸
1372 922 1467 975 ἐὰν
1489 922 1625 991 πρὸς
1652 921 1808 974 τοῦτο

223 1019 458 1087 ῥέψωσι,
495 1017 637 1070 κατά
662 1017 763 1085 τῆς
790 1014 1009 1087 πρώτης
1039 1014 1355 1083 ὑπολήψεως
1386 1012 1688 1081 στήσονται.
1711 1011 1808 1074 Τίς

220 1112 415 1173 αὐτοῖς
441 1108 686 1162 διαλύσει
715 1109 814 1177 τὴν
847 1105 1064 1176 μάχην;
1114 1105 1213 1166 Τίς
1246 1102 1557 1173 μεσιτεύσει
1589 1101 1667 1172 τῷ
1702 1103 1807 1172 ἐμ-

221 1201 401 1270 φυλίῳ
435 1200 663 1269 πολέμῳ
684 1216 702 1265 ;
725 1198 821 1261 Τίς
845 1196 1170 1268 συμόιὸάσει
1196 1195 1331 1264 πρὸς
1359 1194 1677 1265 συμφωνίαν
1706 1194 1807 1264 τὴν

221 1293 457 1359 στάσινς
493 1292 665 1362 αὐτῆς
688 1290 789 1360 τῆς
836 1289 1000 1359 εὐχῆς
1034 1289 1169 1357 πρὸς
1206 1287 1404 1357 ἐαυτὴν
1430 1289 1495 1340 ἐκ
1522 1284 1629 1339 τῶν
1655 1285 1808 1353 λεγο-

221 1384 408 1453 μένων
445 1383 840 1453 μεριζομένης,
872 1381 966 1434 καὶ
1010 1381 1145 1451 πρὸς
1174 1380 1273 1449 τὴν
1304 1379 1653 1451 ἐναντιότητα
1697 1377 1806 1430 τῶν

218 1470 517 1539 δογμάτων
558 1468 942 1540 διελκομένων.
990 1469 1063 1521 Ἢ
1115 1468 1275 1521 τοῦτο
1313 1467 1414 1537 τῆς
1465 1468 1806 1540 προφητείας

218 1560 342 1613 ἐστὶ
387 1561 536 1629 τάχα
579 1561 845 1629 αἴνιγμα,
875 1558 903 1612 ὃ
937 1560 1065 1629 περὶ
1108 1559 1216 1611 τῶν
1262 1558 1528 1612 Ἰουδαίων
1576 1558 1740 1630 φησὶν
1778 1561 1806 1612 ὁ

219 1647 393 1703 Δειὸίδ
418 1667 433 1680 ·
484 1651 568 1702 ὅτι
607 1650 1058 1717 Διεσχίσθησαν
1098 1649 1197 1703 καὶ
1246 1651 1317 1704 οὐ
1362 1650 1803 1719 κατενύγησαν.

232 1741 368 1793 Ἰδοὺ
398 1740 513 1813 γάρ
544 1740 667 1793 οὐδὲ
697 1741 835 1812 πρὸς
882 1740 982 1811 τὴν
1010 1740 1325 1794 ἐναντίωσιν
1374 1741 1482 1794 τῶν
1522 1741 1807 1810 δογμάτων

1912 558 2191 623 lationem,
2229 562 2386 614 talem
2440 562 2719 615 nominum
2761 564 2862 616 sibi
2902 567 3171 618 asciscere
3211 574 3266 618 et
3308 568 3485 621 vindi-

1913 666 2038 704 care
2066 652 2404 714 relationem,
2434 661 2488 705 at
2529 668 2767 722 praesens
2800 655 2919 721 ejus
2946 655 3240 709 artificiosa
3276 657 3483 710 disser-

1913 741 2048 793 tatio
2082 742 2415 796 contrarium
2451 759 2593 797 nunc
2639 745 2836 798 asserit
2890 740 3479 799 :Incommunicabilem

1914 831 2088 901 inquit
2146 829 2336 886 Filium
2378 832 2567 887 habere
2602 850 2717 886 cum
2754 851 2813 887 eo
2847 836 2935 904 qui
2964 837 3133 902 ipsum
3166 838 3340 905 genuit
3394 853 3479 889 rev

1911 922 2179 978 lationem.
2240 922 2297 977 Si
2356 924 2529 993 primo
2565 924 2723 979 ﬁdem
2778 925 2996 990 habent,
3051 926 3198 979 nullo
3256 942 3483 994 prorsus

1913 1011 2077 1066 modo
2115 1012 2412 1067 secundum
2473 1013 2800 1079 admitti-nt;
2852 1013 2899 1069 si
2956 1014 3022 1068 ad
3080 1014 3183 1067 hoc
3235 1025 3480 1083 vergant,

1912 1105 2174 1160 adversus
2209 1104 2437 1173 primam
2503 1105 2814 1175 opinionem
2874 1106 3116 1162 stabunt.
3185 1106 3318 1173 Quis
3350 1107 3484 1177 ipsis

1913 1211 2148 1266 pugnam
2203 1196 2458 1250 dirimet?
2489 1197 2624 1263 Quis
2657 1198 2797 1252 bello
2844 1199 2987 1253 civili
3014 1199 3220 1253 medius
3250 1200 3485 1254 interve-

1912 1285 2062 1338 niet?
2094 1285 2217 1354 quis
2253 1286 2577 1340 seditionem
2614 1287 2677 1341 ad
2725 1287 3072 1343 concordiam
3107 1289 3255 1343 coire
3283 1290 3483 1354 faciet,

1911 1392 2034 1432 cum
2078 1379 2177 1432 hoc
2214 1386 2400 1432 votum
2434 1379 2502 1431 ad
2537 1380 2776 1449 seipsum
2812 1395 2878 1434 ex
2912 1381 3076 1435 dictis
3104 1380 3179 1436 sit
3216 1380 3480 1444 divisum,

1911 1478 1967 1523 et
1999 1469 2054 1523 in
2087 1473 2420 1525 contrarium
2467 1471 2719 1540 dogmata
2768 1473 2879 1527 sint
2917 1473 3215 1528 distracta?
3260 1475 3342 1529 An
3383 1476 3485 1530 hoc

1913 1558 2211 1627 prophetiae
2242 1558 2475 1614 fortasse
2501 1568 2583 1613 est
2616 1562 2864 1630 :enigma,
2898 1562 3041 1631 quod
3081 1562 3148 1616 de
3168 1561 3369 1619 Judaeis
3404 1565 3484 1617 in-

1912 1647 2028 1715 quit
2070 1646 2270 1712 David,
2307 1648 2449 1718 quod
2481 1648 2647 1704 Divisi
2680 1660 2799 1703 sunt
2837 1661 2887 1704 et
2948 1669 3048 1705 non
3092 1653 3482 1721 compuncti‘”.

1913 1737 2051 1793 Ecce
2094 1741 2239 1794 enim
2272 1755 2448 1810 neque
2491 1741 2558 1795 ad
2584 1742 2899 1809 dogmatum
2930 1745 3367 1799 contrarietatem
3402 1744 3480 1799 di-

218 1829 629 1902 διασχιζόμενοι
690 1830 791 1901 τὴν
850 1829 945 1883 τοῦ
1005 1830 1476 1902 πλημμελήματος
1548 1831 1803 1901 αἴσθησιν

1918 1831 2088 1895 scissi,
2113 1831 2198 1885 sui
2224 1833 2431 1886 erroris
2455 1849 2673 1888 sensum
2693 1835 2921 1900 habent;
2963 1838 3056 1890 sed
3098 1837 3482 1906 amphorarum

221 1922 465 1990 ἔχουσιν.
535 1921 695 1975 Ἀλλά
740 1922 995 1992 φέρονται
1037 1921 1127 1975 διὰ
1169 1921 1279 1975 τῶν
1311 1921 1464 1975 ὤτων
1488 1961 1504 1987 ,
1545 1922 1808 1995 ἀμφορῶν

219 2012 381 2081 δίκην
425 2012 570 2083 πρὸς
593 2012 654 2064 τὸ
685 2011 876 2066 δοκοῦν
906 2012 985 2083 τῷ
1029 2011 1370 2083 μετατιθέντι
1399 2012 1805 2084 περιαγόμενοι.

227 2105 508 2173 Ἤρεσκεν
560 2102 709 2173 αὺτῷ
750 2104 851 2174 τὴν
900 2103 1253 2175 γεννηθεῖσαν
1289 2104 1476 2158 οὐσίαν
1519 2105 1809 2174 προσφυῶς

221 2194 319 2262 τὴν
346 2191 445 2245 τοῦ
473 2192 605 2245 Υίοῦ
639 2194 1010 2265 προσηγορίαν
1047 2194 1190 2265 ἔχειν
1222 2195 1414 2261 εἰπεῖν,
1462 2197 1622 2259 εὐθὺς
1673 2196 1808 2251 καθ-

221 2285 369 2353 άπερ
390 2284 443 2335 οἱ
473 2282 826 2348 νυστάζοντες
854 2287 966 2347 τοῖς
989 2286 1298 2357 εἰρημένοις
1329 2287 1624 2341 ἐπένευσαν
1642 2305 1655 2320 ·
1683 2305 1809 2358 μετ-

224 2374 385 2428 έθετο
453 2373 619 2427 πάλιν
648 2374 784 2444 πρὸς
821 2376 1130 2430 τούναντίον
1152 2377 1244 2430 τὸν
1280 2377 1435 2445 λόγον
1459 2394 1474 2409 ο
1505 2380 1599 2431 καὶ
1632 2380 1811 2450 ἀρνεῖ-

223 2484 315 2519 ται
346 2464 448 2518 τοῦ
482 2464 617 2518 Υίοῦ
645 2465 745 2537 τὴν
777 2464 914 2537 πρὸς
947 2454 1039 2519 τὸν
1066 2468 1434 2537 γεγεννηκότα
1460 2469 1675 2539 σχέσιν·
1704 2469 1810 2522 πά-

226 2556 310 2609 λιν
359 2557 414 2609 οί
471 2554 723 2626 φίλτατοι
766 2556 861 2608 καὶ
887 2554 1060 2626 τούτῳ
1112 2556 1490 2622 συννεύουσιν,
1535 2558 1723 2631 ῶσπερ
1753 2560 1809 2613 αἱ

223 2648 336 2701 τῶν
359 2648 636 2719 σωμάτων
669 2646 819 2701 σκιαὶ
838 2685 853 2711 .
883 2650 951 2719 τῇ
977 2649 1270 2721 αὐτομάτῳ
1301 2652 1532 2723 μιμήσει
1557 2652 1693 2723 πρὸς
1712 2654 1811 2724 τὴν

226 2739 319 2793 τοῦ
342 2740 681 2811 προάγοντος
704 2741 1382 2811 συμμετασχηματίζονται
1401 2741 1812 2815 κίνησιν.’οπη-

228 2849 337 2903 περ
368 2833 442 2887 ἂν
464 2831 624 2903 ἐθέλῃ
669 2832 806 2902 πρὸς
836 2831 995 2885 τοῦτο
1021 2831 1298 2904 ῥέποντες,
1337 2832 1441 2886 κᾶν
1489 2831 1667 2903 ἐαυτῷ
1705 2834 1812 2903 μά-

228 2941 419 2994 χηται,
460 2924 556 2977 καὶ
595 2922 753 2976 τοῦτο
800 2924 1233 2993 καταδεχόμενοι.
1292 2924 1483 2987 ’Δλλος
1527 2941 1611 2987 τις
1652 2917 1809 2987 οὗτος

242 3016 549 3088 Ὁμηρικὸς
588 3016 831 3081 κυκεὼν,
864 3016 924 3069 ού
953 3016 1019 3069 τὰ
1049 3015 1274 3087 σώματα
1305 3015 1412 3069 τῶν
1457 3033 1813 3086 φαρμακεύο-

234 3110 415 3178 μένων
444 3108 732 3162 ἀλλάσσων
757 3110 838 3172 είς
864 3107 1075 3177 ἀλόγων
1104 3108 1340 3178 μορψάς,
1372 3107 1509 3161 ἀλλὰ
1533 3108 1674 3161 κατά
1704 3107 1812 3161 τῶν

230 3202 426 3273 ψυχῶν
454 3203 695 3273 ἐνεργῶν
724 3202 820 3273 τὴν
862 3204 953 3255 ἐπὶ
988 3202 1050 3255 τὸ
1077 3202 1269 3270 άλαγον
1317 3201 1495 3255 αὐτῶν
1540 3201 1813 3272 μεταμόρ-

232 3313 434 3364 φωσιν.
471 3294 609 3365 Περὶ
640 3293 738 3363 μὲν
758 3293 867 3364 γάρ
895 3294 1119 3347 ἐκείνων
1148 3294 1176 3345 ὁ
1202 3294 1358 3362 λόγος
1391 3294 1576 3364 φησὶν,
1610 3294 1692 3346 ὅτι
1722 3292 1812 3363 βέ-

232 3388 391 3450 ϐαιος
446 3385 628 3439 αὐτῶν
672 3387 700 3438 ὁ
750 3385 874 3449 νοῦς
910 3382 1000 3456 ἦν.
1037 3384 1416 3448 ἀλλοιωθέντος
1459 3385 1595 3453 πρὸς
1626 3385 1686 3438 τὸ
1720 3384 1817 3455 θη-

237 3479 437 3551 ριῶδες
457 3476 553 3530 τοῦ
578 3477 770 3540 εἴδους.
815 3476 1076 3530 Ἐνταῦθα
1102 3475 1157 3527 δὲ
1187 3475 1293 3529 τῶν
1332 3476 1606 3545 σωμάτων
1634 3477 1817 3540 αὐτοῖς

234 3572 296 3623 ἐν
316 3568 401 3642 τῷ
423 3569 567 3623 κατὰ
590 3568 750 3638 φύσιν
773 3568 1152 3637 διαμενόντων,
1181 3568 1316 3639 πρὸς
1338 3567 1399 3621 τὸ
1422 3568 1611 3635 ἄλογον
1633 3570 1689 3621 αἱ
1722 3568 1819 3637 ψυ-

234 3663 330 3732 χαὶ
368 3659 871 3733 μεταπλάσσονται.
904 3659 1013 3711 Καὶ
1037 3658 1228 3729 ῶσπερ
1266 3658 1382 3711 ἐκεῖ
1408 3675 1569 3729 φησιν
1596 3661 1628 3731 ἡ
1663 3676 1821 3731 ποιη-

232 3752 363 3823 τικὴ
402 3750 661 3822 τερατεία
685 3790 700 3814 ,
734 3751 814 3814 είς
842 3750 1112 3819 διαφόρων
1140 3748 1340 3821 θηρίων
1372 3750 1486 3820 εἴδη
1509 3751 1635 3813 τοὺς
1679 3768 1818 3822 φαρ-

240 3842 625 3915 μακευθέντας
647 3841 1029 3906 ἀλλάσσεσθαι,
1051 3840 1187 3893 κατὰ
1209 3840 1269 3893 τὸ
1288 3840 1520 3911 ἀρέσκον
1547 3843 1612 3911 τῇ
1637 3858 1819 3912 παρα-

242 3935 579 4008 σοφιξομένῃ
604 3934 702 4006 τὴν
725 3935 913 4003 φύσιν·
939 3934 1007 3988 τά
1024 3932 1161 3986 αὐτά
1189 3933 1285 3986 καὶ
1311 3930 1405 3985 νῦν
1430 3931 1639 4000 γίνεται
1666 3936 1818 4005 παρά

242 4028 336 4080 τοῦ
366 4024 864 4099 Κιρκαίουίτούτου
912 4025 1206 4097 κρατῆρος.
1254 4023 1317 4076 Οἱ
1358 4020 1467 4093 γὰρ
1499 4022 1822 4092 ἐμπίνοντες

248 4121 352 4190 τῆς
399 4119 847 4190 γεγοητευμένης
875 4118 1089 4187 ἀπάτης
1114 4117 1178 4168 ἐκ
1204 4113 1298 4169 τοῦ
1332 4114 1494 4169 αὐτοῦ
1533 4115 1819 4186 συγγράμ-

253 4227 445 4280 ματος,
474 4212 555 4273 είς
578 4209 847 4279 διαφόρων
876 4208 1160 4278 δογμάτων
1192 4204 1404 4276 μορφὰς
1453 4204 1814 4272 ἀλλοιοῦνται,

249 4302 343 4353 νῦν
374 4302 478 4372 μὲν
508 4299 705 4370 τούτῳ,
736 4299 895 4353 πάλιν
916 4299 973 4352 δέ
1002 4298 1081 4368 τῷ
1102 4297 1271 4370 ἑτέρῳ
1297 4296 1682 4369 μορφούμενοι.
1714 4298 1824 4350 Καὶ

253 4394 341 4446 ἐπὶ
367 4392 583 4455 τούτοις
623 4393 673 4445 οἱ
704 4390 1027 4460 γλυκύτατοι
1059 4389 1199 4444 κατά
1226 4391 1324 4461 τὴν
1363 4389 1456 4442 τοῦ
1487 4389 1657 4461 μύθου
1704 4390 1822 4444 δια-

1910 1921 2085 1977 instar
2119 1938 2213 1992 per
2270 1938 2431 1977 aures
2484 1923 2753 1990 feruntur,
2810 1925 2875 1978 ad
2903 1927 3187 1989 arbitrium
3235 1927 3356 1996 ejus
3388 1927 3482 1997 qui

1908 2023 2250 2070 transversos
2315 2016 2426 2085 agit
2479 2016 2818 2071 circumacti.
2881 2016 3093 2071 Placuit
3151 2019 3253 2088 ipsi
3299 2019 3483 2074 dicere

1909 2107 2143 2176 genitam
2179 2106 2475 2162 essentiam
2520 2107 2812 2177 conjuncte
2841 2110 2954 2163 sive
2985 2110 3198 2164 adhaese
3230 2108 3351 2164 Filii
3391 2126 3487 2180 ap-

1908 2198 2254 2268 pellationem
2282 2200 2504 2264 habere,
2534 2215 2657 2255 mox
2684 2200 2863 2256 instar
2887 2201 3299 2256 dormitantium
3322 2202 3485 2258 dictis

1910 2300 2221 2346 annuerunt
2280 2310 2293 2347 :
2352 2292 2549 2347 iterum
2640 2292 2694 2346 in
2752 2280 3091 2347 contrarium
3175 2310 3483 2349 sermonem

1909 2385 2209 2443 transtulit.
2258 2392 2313 2438 et
2343 2393 2502 2455 negat
2534 2382 2660 2438 Filii
2711 2400 2834 2439 cum
2867 2400 2932 2440 eo
2992 2388 3082 2456 qui
3116 2388 3307 2457 genuit
3345 2386 3487 2440 rela-

1908 2475 2111 2529 tionem
2148 2490 2161 2526 :
2207 2473 2327 2528 huic
2389 2490 2582 2530 rursus
2625 2476 2894 2531 carissimi
2942 2476 3484 2545 condicunt,quem-

1908 2562 2199 2617 admodum
2241 2578 2530 2632 corporum
2576 2564 2812 2627 umbrae,
2839 2572 3137 2633 spontanea
3171 2565 3473 2618 imitatione

1911 2652 1979 2706 ad
2027 2662 2230 2705 motum
2264 2654 2660 2722 progredientis
2689 2655 3123 2725 configurantur,
3158 2670 3486 2724 quocunque

1912 2744 2145 2799 voluerit
2175 2746 2239 2798 ad
2271 2744 2322 2798 id
2350 2761 2471 2800 sese
2505 2737 2889 2801 contrahentes
2920 2755 2973 2801 et
3000 2758 3305 2817 vergentes,
3342 2756 3486 2800 talit-

1910 2837 2011 2892 etsi
2055 2838 2170 2907 ipse
2219 2838 2324 2893 sibi
2390 2846 2679 2908 repugnet,
2734 2838 2837 2891 hoc
2873 2839 3039 2893 etiam
3099 2840 3481 2907 approbantes.

1912 2929 2093 2983 Altera
2128 2945 2259 2984 sane
2280 2938 2365 2984 est
2392 2931 2637 2999 quaedam
2673 2929 2959 2985 Homerica
3005 2931 3351 2984 miscellanea
3382 2945 3479 2997 po-

1913 3021 2011 3085 tio,
2043 3035 2149 3073 non
2185 3034 2414 3088 corpora
2451 3034 2638 3073 eorum
2670 3020 2761 3088 qui
2793 3032 2999 3073 veneno
3026 3018 3345 3071 inliciuntur
3378 3018 3482 3068 im-

1914 3125 2131 3169 mutans
2195 3116 2246 3166 in
2299 3113 2582 3167 brutorum
2633 3113 2948 3167 animalium
2998 3112 3220 3181 figuras,
3280 3109 3374 3163 sed
3430 3108 3485 3163 in

1916 3208 2122 3261 animas
2156 3206 2297 3260 vires
2330 3220 2457 3260 suas
2493 3219 2770 3264 exserens.
2807 3213 2861 3258 et
2888 3203 2943 3257 in
2973 3203 3023 3256 id
3079 3203 3221 3272 quod
3259 3202 3481 3255 brutum

1914 3304 2064 3353 estet
2091 3298 2297 3351 ratione
2326 3304 2477 3351 caret
2512 3296 3057 3352 transforniationem
3105 3296 3362 3349 elliciens.
3412 3294 3486 3349 De

1917 3388 2025 3443 illis
2051 3389 2192 3441 enim
2254 3387 2435 3442 fabula
2470 3388 2566 3450 ait,
2631 3388 2774 3457 quod
2815 3387 2966 3440 firma
3025 3387 3266 3457 ipsorum
3330 3402 3487 3441 mens

1916 3487 2054 3540 erat,
2085 3476 2364 3529 immutata
2395 3477 2448 3530 in
2486 3476 2714 3531 ferinam
2746 3479 2983 3531 humana
3017 3478 3208 3531 forma.
3237 3476 3334 3530 llic
3358 3492 3487 3530 vero

1918 3567 2236 3638 corporibus
2292 3567 2346 3621 in
2393 3568 2625 3622 naturali
2693 3569 2864 3638 figura
2918 3568 3382 3638 permanentibus,
3431 3568 3487 3621 in

1917 3658 2130 3713 brutam
2149 3663 2201 3711 et
2233 3655 2463 3710 rationis
2485 3666 2762 3727 expertem
2792 3665 3039 3710 naturam
3079 3658 3272 3711 anima
3303 3665 3487 3709 trans-

1922 3747 2245 3801 formantur.
2300 3747 2366 3800 Ει
2396 3754 2454 3800 ut
2496 3748 2609 3802 illic
2666 3758 2852 3802 narrat
2913 3749 3117 3817 poetica
3176 3748 3488 3817 prodigiosa

1922 3835 2123 3899 fabula,
2174 3838 2228 3890 in
2258 3836 2626 3892 differentium
2669 3838 2973 3893 belluarum
3004 3840 3237 3909 species,
3275 3855 3487 3892 veneno

1920 3929 2152 3984 infectos
2185 3929 2299 3983 sive
2353 3930 2660 3984 incautatos
2707 3929 3006 3993 imtnutari,
3066 3931 3209 3983 sicut
3236 3932 3489 3998 placebat

1920 4019 2172 4075 veneﬁcae
2200 4030 2448 4073 naturam
2473 4020 2795 4075 adulteranti
2821 4036 2884 4074 ac
2916 4022 3238 4090 pervertenti
3264 4039 3277 4078 :
3299 4022 3487 4076 eadem

1921 4112 2082 4165 etiam
2113 4126 2259 4164 nunc
2282 4112 2413 4164 fiunt
2442 4125 2470 4164 a
2494 4110 2701 4166 Circaeo
2742 4109 2905 4179 hujus
2965 4110 3184 4180 poculo;
3217 4111 3309 4180 qui
3342 4113 3489 4165 enim

1924 4202 2224 4258 maleficum
2273 4218 2514 4257 errorem
2545 4210 2599 4256 et
2656 4203 2960 4273 praestigias
2998 4218 3066 4257 ex
3112 4203 3231 4272 ejus
3281 4206 3488 4273 scripto

1926 4295 2136 4354 bibunt.
2161 4296 2215 4348 in
2245 4295 2584 4348 diversorum
2609 4293 2918 4363 dogmatum
2970 4293 3174 4349 formas
3208 4302 3491 4349 transmu-

1926 4396 2141 4441 tantur:
2169 4402 2313 4441 nunc
2338 4386 2556 4456 quidem
2577 4385 2629 4439 in
2655 4386 2779 4451 hoc,
2799 4402 2993 4442 rursus
3016 4402 3147 4442 vero
3170 4388 3224 4442 in
3258 4388 3488 4442 alterum

258 4483 479 4555 σκευὴν,
514 4482 798 4551 ἀγαπῶσιν
820 4482 900 4535 ἔτι
931 4482 1022 4534 τὸν
1048 4482 1144 4552 τῆς
1176 4480 1430 4551 τοιαύτης
1463 4480 1684 4548 ἀλογίας
1722 4481 1815 4535 αύ-

1930 4476 2324 4533 transformati.
2354 4476 2530 4546 Atque
2580 4477 2635 4531 in
2692 4476 2780 4531 his
2830 4476 3160 4540 dulcissimi,
3188 4480 3490 4533 secundum

254 4578 362 4638 τοῖς
392 4573 783 4643 ἐξηγούμενον.
820 4573 930 4627 Καὶ
968 4567 1077 4626 οἷόν
1107 4588 1229 4625 τινα
1259 4570 1465 4642 καρπὸν
1495 4571 1753 4642 κρανίας,
1787 4571 1821 4641 ἢ

258 4663 510 4733 βάλανον,
548 4664 675 4725 τοὺς
722 4661 1205 4733 διαρῤιπτομένους
1247 4663 1369 4731 παρ’
1420 4659 1582 4713 αὐτοῦ
1638 4659 1828 4727 λόγους

257 4754 666 4822 ὑποκεκυφότες
704 4752 1017 4820 ἐκλέγουσιν
1044 4770 1058 4784 ο
1097 4752 1240 4804 συῶν
1275 4751 1429 4822 δίκην
1459 4751 1593 4822 πρὸς
1624 4749 1694 4802 τὰ
1730 4766 1829 4820 χα-

261 4847 534 4917 μιρῤιφῆ
585 4843 693 4897 τῶν
745 4844 1027 4915 δογμάτων
1058 4843 1378 4914 λαιμάργως
1419 4841 1825 4912 ἐπιτρέχοντες,

256 4940 365 4999 τοῖς
397 4937 459 4989 δὲ
496 4934 720 5006 ὑψηλοῖς
756 4952 816 4988 τε
864 4934 958 4988 καὶ
1000 4933 1267 5005 οὐρανίοις
1300 4933 1621 4997 ἐνατενίζειν
1667 4931 1828 5000 φύσιν

256 5030 355 5081 οὐκ
377 5028 622 5099 ἔχοντες.
652 5027 750 5081 Διά
779 5025 939 5079 τοῦτο
965 5025 1063 5097 τὴν
1100 5026 1192 5079 ἐπὶ
1217 5026 1283 5079 τὰ
1312 5024 1529 5078 ἐναντία
1553 5024 1646 5076 τοῦ
1672 5024 1828 5090 λόγου

259 5116 623 5189 παρατροπὴν
648 5116 747 5186 οὐχ
795 5115 1026 5187 ὁρῶσιν,
1058 5115 1193 5168 ἀλλά
1241 5115 1302 5168 τὸ
1331 5115 1414 5169 ἐπ’
1448 5114 1643 5177 αὐτοὺς
1679 5113 1830 5167 ἐλθὸν

257 5209 635 5275 ἀνεξετάστως
661 5206 1016 5279 ἁρπάζουσιν.
1048 5201 1173 5259 Οἷον
1196 5206 1239 5259 δ’
1265 5205 1331 5259 ἂν
1368 5206 1435 5277 ἦν
1466 5205 1559 5258 καὶ
1586 5204 1832 5276 καθάπερ

259 5303 390 5371 φασὶ
438 5300 552 5353 τῶν
599 5298 688 5353 διὰ
742 5298 1116 5369 μανδραγόρου
1156 5297 1554 5367 κεκαρωμένων
1618 5295 1832 5366 κώματι

260 5410 363 5446 τινι
380 5395 477 5445 καὶ
492 5389 817 5461 δυσκινησίᾳ
846 5388 1166 5460 κρατεῖσθαι
1188 5389 1256 5441 τά
1282 5387 1507 5457 σώματα
1525 5404 1537 5417 ·
1556 5387 1646 5440 τὸν
1672 5388 1833 5442 αὐτὸν

260 5486 461 5555 τρόπον
492 5483 589 5536 καὶ
617 5481 824 5545 τούτοις
851 5482 1116 5539 διάκειται
1152 5481 1223 5534 τά
1253 5483 1349 5552 τῆς
1378 5478 1553 5549 ψυχῆς
1578 5478 1837 5550 αἰσθητή-

267 5592 357 5647 ρια
382 5618 397 5641 ,
434 5575 573 5647 πρὸς
604 5574 699 5644 τὴν
730 5574 943 5628 σύνεσιν
979 5573 1079 5645 τῆς
1107 5572 1319 5645 ἀπάτης
1356 5570 1833 5641 ἀποναρκήσαντα.

333 5760 377 5789 ’³
401 5761 416 5779 ⁶
446 5755 573 5811 Psal
627 5771 810 5821 mur,
848 5755 928 5813 ιϐ,

1929 4569 2125 4624 fabulae
2156 4576 2497 4638 apparatum,
2528 4574 2713 4621 amant
2750 4576 2912 4621 etiam
2955 4584 3079 4625 eum
3133 4569 3224 4638 qui
3267 4585 3326 4623 se
3358 4569 3492 4639 ipsis

1927 4661 2130 4715 erroris
2157 4667 2212 4714 et
2241 4658 2493 4712 amentia:
2546 4657 2741 4711 ducem
2779 4665 2832 4712 et
2886 4658 3209 4728 magistrum
3267 4661 3488 4729 praebet.

1929 4750 1995 4803 Et
2054 4752 2220 4805 veluti
2275 4750 2561 4819 quemdam
2623 4750 2775 4804 corni
2818 4748 3056 4804 fructum
3107 4751 3189 4805 vel
3218 4750 3491 4820 glandem,

1931 4840 2087 4910 proni
2141 4847 2196 4894 et
2244 4840 2313 4894 ab
2376 4839 2497 4909 ipso
2540 4839 2813 4908 projectos
2869 4855 3153 4894 sermones
3206 4839 3260 4893 in
3291 4848 3491 4894 terram

1930 4932 2088 4986 curvi
2117 4932 2399 5001 colligunt,
2427 4946 2717 5001 porcorum
2747 4932 2941 4998 instar,
2977 4932 3042 4985 ad
3067 4931 3217 4985 humi
3253 4931 3493 5001 projeeta

1930 5022 2181 5093 dogmata
2233 5023 2407 5078 avidis
2457 5020 2705 5076 faucibus
2762 5022 3139 5085 adcurrentes,
3180 5023 3245 5075 ad
3281 5025 3495 5077 excelsa

1932 5122 2113 5169 autem
2139 5124 2193 5169 et
2222 5114 2466 5170 caelestia
2503 5114 2731 5169 intentis
2765 5116 2940 5169 oculis
2976 5114 3225 5168 contueri
3268 5123 3323 5168 et
3373 5130 3498 5184 spe—

1932 5214 2082 5260 ctare
2133 5216 2497 5275 nequeuntes.
2558 5204 2902 5275 Quapropter
2959 5204 3025 5257 ad
3058 5206 3332 5259 contraria
3367 5221 3494 5259 ora-

1933 5297 2100 5353 tionis
2131 5298 2531 5367 perversionem
2588 5312 2697 5352 non
2745 5296 2951 5356 vident.
2991 5296 3086 5350 sed
3116 5297 3378 5366 quidquid
3432 5298 3499 5351 ad

1937 5390 2084 5459 ipsos
2124 5392 2354 5454 venerit,
2419 5388 2754 5459 inexplorato
2808 5388 3103 5457 abripiunt.
3136 5387 3503 5453 Quemadmo-

1932 5480 2063 5536 dum
2115 5482 2268 5535 aiunt
2318 5495 2544 5549 corpora
2576 5494 2763 5535 eorum
2812 5480 2906 5548 qui
2966 5480 3341 5549 mandragoris
3402 5496 3499 5535 esu

1938 5572 2207 5628 veternosi
2261 5572 2387 5627 facti
2424 5581 2572 5637 sunt,
2622 5569 2893 5642 profundo
2946 5571 3180 5641 quodam
3217 5586 3412 5642 sopore
3450 5582 3502 5626 et
