3922 6520
456 318 560 377 διν

1683 322 1740 378 S.
1783 315 2106 376 GREGORII
2145 306 2437 374 NYSSENI

3618 319 3716 373 ωδ

460 447 686 509 stupore
715 436 936 505 corripi,
961 435 1104 490 haud
1135 451 1296 490 secus
1326 436 1520 490 horum
1551 435 1718 488 animi
1751 435 2016 490 sentiendi

2127 432 2302 485 Δεινὸν
2328 433 2426 503 μὲν
2453 429 2547 484 οὖν
2576 431 2668 485 καὶ
2695 435 2806 496 τοῖς
2836 435 3250 505 κεκρυμμένοις
3283 431 3464 497 δόλοις
3489 432 3552 488 ἐκ
3580 443 3714 502 τινος

459 532 819 584 instrumenta
871 527 1177 581 alliciuntur
1228 528 1296 581 ad
1351 527 1555 582 erroris
1608 527 2024 596 intelligentiam

457 620 841 691 torpescentia.
902 619 1078 674 Grave
1133 620 1350 688 quidem
1386 631 1469 674 est
1517 621 1746 674 occultis
1785 619 1924 673 dolis
1959 635 2023 674 ex

457 713 691 783 quadam
746 711 925 765 fallaci
984 713 1453 779 argumentatione
1511 727 1604 780 per
1660 711 2023 780 ignorantiam

457 806 714 861 detineri.
745 805 1131 861 Verumtamen
1179 805 1334 860 venia
1377 805 1598 874 dignum
1638 814 1878 859 erratum
1912 804 2026 857 sive

455 897 843 960 infortunium,
875 897 920 950 si
978 913 1088 950 non
1127 904 1273 952 esset
1302 899 1670 951 voluntarium
1705 916 1719 953 :
1762 898 1856 951 sed
1895 913 2026 951 con-

454 989 596 1041 sulto
628 997 682 1042 et
709 988 833 1042 data
857 1003 1020 1057 opera
1052 997 1106 1042 et
1136 988 1380 1042 adhibito
1438 988 1619 1042 studio
1658 989 1722 1042 ad
1774 989 1901 1041 mali
1937 1003 2027 1043 ex-

451 1081 775 1149 perientiam
807 1080 1080 1151 pertrahi,
1136 1097 1243 1134 non
1274 1081 1607 1150 ignorantem
1639 1079 2021 1142 calamitatem,

446 1187 663 1227 omnem
716 1172 1144 1225 infortuniorum
1192 1170 1635 1239 exsuperantiam
1699 1168 2014 1238 pertransit.

448 1264 584 1330 Quis
615 1265 743 1318 talia
795 1263 958 1318 fando
993 1271 1256 1333 temperet
1295 1277 1325 1316 a
1369 1261 1660 1332 laerymis?
1689 1260 1824 1326 Quis
1869 1259 2018 1328 juste

450 1372 563 1409 non
611 1355 833 1408 doleat?
865 1369 987 1407 cum
1027 1355 1306 1416 audimus,
1349 1353 1493 1421 quod
1527 1349 1759 1420 piscium
1797 1347 2017 1416 quidam

449 1447 626 1518 gulosi
654 1445 860 1500 nudum
889 1445 1108 1514 quidem
1136 1446 1513 1514 propinquans
1543 1441 1747 1495 ferrum
1780 1439 2016 1508 fugiunt,

451 1541 519 1594 ad
548 1555 729 1594 escam
757 1554 887 1594 vero
919 1539 1155 1608 decepti,
1183 1555 1278 1608 spe
1308 1537 1415 1592 cibi
1443 1537 1663 1590 hamum
1698 1531 2022 1602 pertrahunt

449 1640 504 1688 et
533 1632 813 1686 devorant.
846 1631 906 1685 In
951 1632 1152 1701 quibus
1189 1639 1367 1682 autem
1399 1629 1600 1680 malum
1629 1625 1904 1694 provisum
1938 1627 2022 1676 est

451 1737 515 1778 ac
567 1725 982 1792 praecognitum,
1043 1731 1234 1792 sponte
1269 1720 1336 1773 ad
1392 1718 1557 1787 hujus
1593 1717 1886 1786 perniciem
1925 1729 2020 1769 vo-

2127 525 2538 596 παραλογισμοῦ
2592 525 2733 578 κατά
2782 527 2843 578 τὸ
2891 526 3115 597 λεληθος
3165 525 3534 596 ἐνσχεθῆναι.
3580 529 3713 600 Πλὴν

2125 616 2262 670 ἀλλά
2291 617 2632 684 συγγνωστὸν
2672 617 2734 669 τὺ
2761 617 3036 687 ἀτύχημα,
3090 621 3230 672 ὅταν
3261 618 3529 671 ἀκούσιον
3557 615 3624 692 ᾖ,
3657 623 3713 674 τὸ

2123 709 2168 760 δ’
2220 710 2284 760 ὲκ
2327 709 2585 779 προνοίας
2626 709 2770 772 τινὸς
2813 709 2908 762 καὶ
2949 711 3192 781 σπουδῆς
3241 711 3347 762 τοῦ
3405 711 3578 762 κακοῦ
3624 711 3712 780 τὴν

2125 802 2323 869 πεῖραν
2370 799 2726 867 ἐφέλκεσθαι,
2774 799 2846 870 μὴ
2891 801 3197 868 ἀγνοοῦντα
3255 799 3362 870 τὴν
3416 801 3710 870 συμφορὰν,

2125 894 2305 944 πᾶσαν
2352 890 2653 961 ὑπερϐολὴν
2703 891 3126 961 δυστυχημάτων
3177 894 3554 964 παρέρχεται.
3599 895 3712 957 Πῶς

2123 983 2230 1051 γὰρ
2280 984 2379 1035 οὐκ
2428 983 2575 1047 ἀξιον
2616 983 2968 1053 σχετλιάζειν,
3017 986 3144 1038 ὅταν
3191 985 3480 1054 ἀκούομεν
3509 987 3587 1038 ὃτι
3627 987 3711 1039 καὶ

2123 1073 2229 1126 τῶν
2276 1073 2471 1144 ἰχθύων
2517 1075 2566 1126 οἱ
2614 1074 2802 1144 λίχνοι,
2860 1076 3064 1145 γυμνὸν
3117 1077 3224 1146 μὲν
3286 1078 3711 1146 προσεγγίζοντα

2121 1168 2212 1218 τὸν
2241 1165 2454 1236 σίδηρον
2484 1165 2759 1234 φεύγουσι,
2791 1167 2924 1236 πρὸς
2943 1167 2999 1220 δὲ
3026 1168 3086 1219 τὸ
3105 1167 3313 1238 δέλεαρ
3348 1168 3708 1237 ἀπατώμενοι,

2122 1255 2326 1326 τροφῆς
2365 1256 2538 1309 ἐλπίδι
2585 1257 2903 1310 κατασπῶσι
2934 1258 2994 1310 τὸ
3036 1259 3372 1328 ἄγκιστρον.
3423 1260 3512 1311 Ἐν
3543 1256 3621 1324 οἷς
3656 1264 3706 1315 δὲ

2128 1346 2390 1417 πρόδηλόν
2421 1350 2535 1402 ἐστι
2585 1349 2646 1401 τὸ
2694 1349 2894 1412 κακὸν,
2945 1350 3272 1420 αὐτομολεῖν
3309 1349 3578 1413 ἑκουσίως
3624 1352 3707 1402 ἐπὶ

2121 1438 2212 1490 τὸν
2240 1437 2458 1509 ὄλεθρον
2479 1439 2685 1505 τοῦτον,
2709 1443 2800 1493 καὶ
2825 1442 2924 1511 τῆς
2950 1441 3058 1494 τῶν
3083 1440 3296 1511 ίχθύων
3316 1440 3548 1509 ἀλογίας
3568 1443 3702 1494 ἐστὶν

2121 1528 2468 1600 ἀθλιώτερον.
2503 1535 2564 1584 Ol
2598 1533 2696 1602 μὲν
2729 1533 2835 1605 γὰρ
2863 1534 3000 1605 πρὸς
3037 1533 3130 1586 τὸν
3161 1533 3595 1604 κεκαλυμμένον
3622 1535 3703 1586 διὰ

2120 1623 2559 1693 γαστριμαργίας
2610 1624 2928 1694 ὑπήχθησαν
2971 1624 3234 1693 ὄλεθρον·
3287 1627 3339 1678 οἱ
3395 1625 3453 1678 δὲ
3505 1627 3699 1695 γυμνὸν

2122 1713 2493 1782 περιχαίνουσι
2525 1715 2626 1785 τῆς
2676 1716 2929 1779 ἀσεϐείας
2964 1717 3024 1769 τὸ
3069 1716 3381 1788 ἄγκιστρον
3408 1734 3423 1747 ·
3456 1717 3544 1770 διά
3567 1725 3698 1779 τινος

451 1813 590 1877 nire,
641 1815 876 1884 piscium
921 1814 1158 1867 amentia
1192 1810 1561 1866 miserabilius
1611 1818 1714 1863 est.
1758 1805 1838 1860 Illi
1874 1807 2020 1860 enim

2127 1775 2314 1870 ἀλόγου
2345 1775 2716 1874 προσπαθείας
2749 1775 3068 1874 ἀγαπώντες
3097 1775 3193 1860 τὸν
3229 1775 3462 1878 ὄλεθρον
3483 1823 3499 1837 ο
3521 1808 3573 1860 τί
3597 1775 3695 1880 γὰρ

453 1907 518 1961 ad
550 1907 826 1961 interitum
879 1906 1154 1959 occultum
1193 1918 1288 1972 per
1320 1900 1612 1970 ingluviem
1655 1899 1820 1952 illecti
1859 1905 2020 1961 sunt;

452 1996 544 2051 isti
601 2013 732 2050 vero
771 1998 979 2050 circum
1009 1995 1213 2049 nudum
1253 1992 1548 2062 impietatis
1582 1991 1802 2043 hamum
1841 1989 2019 2052 hiant,

455 2087 652 2142 aﬂ'ectu
681 2089 916 2157 quodam
957 2099 1010 2141 et
1065 2101 1296 2141 assensu
1326 2085 1544 2139 ratione
1578 2091 1798 2136 carente
1831 2079 2022 2134 interi-

458 2189 567 2233 tum
589 2190 858 2234 amantes.
882 2178 1025 2244 Quid
1061 2179 1204 2233 enim
1231 2178 1332 2230 hac
1354 2174 1738 2229 contrarietate
1755 2171 2017 2240 apertius,

2115 1893 2182 1948 ἂν
2208 1896 2408 1967 ταύτης
2453 1899 2554 1968 τῆς
2593 1901 2961 1970 ἐναντιότητος
2989 1901 3203 1970 γένοιτο
3258 1901 3657 1972 προδηλότερον
3678 1941 3691 1965 ,

2115 1986 2148 2056 ἦ
2175 1986 2236 2038 τὸ
2259 1987 2435 2056 λέγειν
2457 1990 2534 2042 ὃτι
2555 1993 2582 2044 ό
2605 1989 2765 2053 asta;
2786 1991 2879 2044 καὶ
2899 1990 3186 2061 ἐγεννήθη,
3219 1991 3321 2043 καὶ
3341 1991 3548 2060 κτίσμα
3564 1991 3689 2052 ἐστὶ,

2115 2077 2210 2129 καὶ
2242 2077 2302 2130 τὸ
2347 2081 2624 2148 προσφυὲς
2662 2081 2771 2152 ἔχει
2803 2083 2906 2152 τῆς
2948 2082 3038 2136 τοῦ
3094 2083 3232 2136 Υίοῦ
3285 2082 3567 2153 κλήσεως,
3607 2084 3692 2136 καὶ

2115 2167 2274 2220 πάλιν
2307 2168 2675 2241 ἀλλοτριοῦται
2712 2173 2810 2242 τῆς
2833 2173 2927 2226 τοῦ
2953 2173 3084 2227 Υἱοῦ
3115 2173 3438 2245 σημασίας;

462 2286 624 2338 quam
654 2268 838 2323 dicere
867 2268 1117 2323 eumdem
1149 2282 1269 2322 esse
1301 2264 1543 2334 genitum
1570 2271 1625 2317 et
1662 2271 1967 2315 creaturam
1997 2269 2050 2317 et
2097 2258 2225 2316 Filii
2245 2274 2440 2316 nomen
2470 2263 2668 2320 habere
2697 2275 2990 2337 cognatum
3017 2273 3073 2321 et
3123 2268 3447 2330 adhaerens,
3477 2276 3534 2320 et
3592 2281 3708 2321 rura

456 2382 549 2419 sus
574 2364 795 2417 alienari
831 2381 859 2418 a
891 2360 1425 2431 Filiisignilieantia?

543 2453 649 2506 Sed
686 2453 797 2506 haec
826 2452 1042 2520 quidem
1079 2451 1362 2506 hactenus.
1395 2451 1462 2504 At
1496 2450 1726 2506 fortasse
1778 2467 1889 2505 non
1937 2453 2036 2508 abs

469 2559 528 2598 re
590 2543 748 2598 fuerit
799 2544 1090 2612 proposita:
1159 2557 1186 2596 a
1253 2543 1410 2597 nobis
1469 2543 1725 2596 dictionis
1782 2542 2036 2597 Eunomii

467 2651 682 2690 omnem
736 2642 1132 2704 consequenter
1199 2634 1512 2704 perspicere
1566 2635 1911 2701 sententiam,
1968 2636 2035 2690 ad

468 2727 732 2782 orationis
776 2727 1102 2796 principium
1149 2739 1314 2779 cursu
1374 2736 1644 2781 revocato.
1706 2724 1837 2792 Quae
1887 2727 2032 2782 enim

468 2827 595 2876 sunt
645 2819 952 2874 examinata
991 2827 1045 2872 et
1097 2819 1364 2887 exquisita
1422 2827 1640 2888 propter
1688 2818 2032 2874 manifestam

467 2915 735 2968 dictorum
794 2910 1226 2982 repugnantiam,
1259 2920 1504 2979 prompte
1535 2925 1635 2965 nos
1684 2912 1751 2965 ab
1778 2911 2034 2966 extremis

2243 2456 2402 2510 Ἀλλά
2454 2460 2632 2519 ταῦτα
2706 2458 2803 2528 μὲν
2837 2459 2915 2521 είς
2947 2456 3216 2509 τοσοῦτον.
3257 2454 3553 2525 Χρήσιμον
3575 2450 3617 2503 δ’
3646 2450 3702 2502 ἂν

2142 2545 2270 2608 ἴσως
2301 2546 2385 2616 εἴη
2409 2585 2422 2606 ,
2450 2547 2548 2616 τῆς
2579 2546 2974 2616 παρατεθείσης
3000 2548 3130 2616 ἡμῖν
3174 2543 3272 2598 τοῦ
3317 2541 3583 2611 Εὑνομίου
3621 2539 3704 2608 (Si;

2143 2653 2278 2700 σεως
2314 2639 2495 2690 πᾶσαν
2529 2637 2836 2699 ἀκολούθως
2900 2637 3022 2689 ἰδεῖν
3049 2636 3146 2706 τὴν
3177 2635 3446 2696 διάνοιαν,
3491 2631 3580 2682 ἐπὶ
3616 2630 3702 2696 τὴν

2140 2727 2311 2799 ἀρχὴν
2352 2728 2759 2798 ἀναδραμόντας
2801 2727 2897 2781 τοῦ
2958 2727 3136 2793 λόγου.
3183 2724 3269 2778 Τά
3323 2724 3436 2795 γὰρ
3483 2721 3576 2773 νῦν
3628 2717 3701 2783 ἐξ·

2142 2819 2458 2882 ετασθέντα,
2478 2820 2565 2873 διὰ
2594 2820 2654 2872 τό
2677 2817 2948 2890 προφανὲς
2968 2817 3067 2886 τῆς
3085 2816 3196 2869 τῶν
3227 2813 3536 2885 εἰρημένων
3559 2812 3699 2864 ἑνανυ

2139 2914 2401 2983 τιότητος,
2420 2913 2720 2984 προχείρως
2740 2913 2886 2983 ἡμᾶς
2901 2911 3146 2981 ἐκίνησεν
3169 2913 3237 2964 ὲκ
3257 2909 3368 2962 τῶν
3393 2903 3698 2960 τελευταίω.

468 3003 589 3073 ejus
606 3003 792 3059 verbis
818 3002 1304 3057 contradictionem
1335 3001 1570 3056 exordiri
1599 3012 2026 3056 commoverunt.

2138 3006 2236 3074 τῆς
2266 3007 2631 3078 ἀντιρρήσεως
2653 3002 2934 3076 ἄρξασθαι.
2969 3001 3197 3073 Εἴρηται
3233 3001 3418 3054 τοίνυν
3440 2996 3586 3068 παρά
3614 2991 3693 3047 τοί

471 3098 591 3150 Haec
610 3097 778 3166 igitur
792 3095 860 3148 ab
882 3092 1151 3149 Eunomio
1183 3101 1310 3149 sunt
1336 3093 1479 3146 dicta
1507 3113 1519 3147 :
1555 3092 1643 3147 Sic
1662 3095 1824 3162 igitur
1854 3095 1934 3146 his
1954 3095 2034 3146 di-

469 3189 590 3241 visis
615 3188 798 3240 merito
821 3187 935 3256 quis
965 3185 1176 3247 dixerit,
1201 3185 1700 3252 principalissimam
1722 3194 1771 3236 et
1807 3185 2032 3251 primam

467 3288 515 3332 et
550 3280 718 3332 solam
743 3287 862 3331 actu
890 3277 1070 3331 Patris
1119 3277 1483 3330 subsistentem
1527 3278 1805 3330 essentiam
1847 3277 1898 3329 in
1928 3278 2032 3330 sei-

467 3385 615 3437 psam
644 3369 870 3435 recipere
891 3365 1212 3435 genuematis
1249 3365 1364 3417 sive
1392 3364 1655 3432 geniturae
1687 3373 1733 3416 et
1787 3363 2030 3430 factum.

466 3467 515 3511 et
548 3465 804 3510 creatum-
843 3455 1239 3523 appellatioues.
1290 3452 1530 3504 Primum
1590 3452 1753 3521 igitur
1788 3465 1882 3505 eos
1940 3452 2034 3520 qui

469 3548 707 3604 sermoni
744 3563 903 3602 aures
942 3553 1176 3599 attentas
1200 3545 1416 3605 habent,
1445 3543 1602 3598 velim
1630 3544 1684 3597 in
1716 3543 2031 3597 memoriam

470 3641 572 3697 sibi
609 3653 888 3703 revocare,
936 3637 1080 3707 quod
1118 3637 1353 3691 maxime
1375 3635 1648 3706 propriam
1677 3646 1729 3689 et
1763 3637 2034 3706 principa-

466 3730 734 3788 Essimam
770 3732 934 3785 etiam
976 3729 1153 3783 Patris
1196 3728 1486 3783 essentiam
1532 3728 1585 3782 in
1633 3728 1804 3797 prima
1828 3728 2032 3798 scripta

465 3823 712 3876 oratione
737 3830 1016 3885 autumat;
1053 3835 1147 3890 per
1170 3819 1285 3873 haec
1308 3818 1472 3872 verba
1548 3830 1850 3873 sermonem
1906 3840 2027 3892 pro-

473 3908 666 3962 ducem
709 3925 722 3961 :
763 3908 906 3979 quod
946 3913 1122 3967 omnis
1216 3909 1515 3963 secundum
1561 3916 1744 3962 nostra
1779 3909 2029 3976 dogmata

466 4001 768 4068 completur
829 4013 1009 4051 sermo
1040 4014 1106 4051 ex
1157 4011 1412 4066 suprema
1462 4007 1517 4051 et
1571 3997 2031 4066 principalissima

463 4091 724 4145 essentia.
779 4089 845 4142 Et
877 4090 963 4143 hic
1019 4089 1533 4158 principalissimam
1566 4090 1699 4143 dicit
1721 4101 1775 4144 et
1798 4092 2029 4159 primam

465 4179 737 4250 Unigeniti
764 4181 1078 4236 essentiam.
1095 4180 1273 4246 Quare
1288 4182 1356 4234 ab
1378 4192 1607 4250 utroque
1630 4183 1765 4236 libro
1782 4182 2031 4237 Eunomii

464 4286 628 4325 voces
670 4279 1059 4340 componentes
1101 4272 1249 4325 hunc
1278 4272 1455 4340 ipsum
1492 4279 1684 4326 testem
1723 4274 2030 4329 communis

2136 3094 2400 3164 Εὑνομίου
2429 3093 2600 3147 ταῦτα
2621 3091 2636 3110 ⁸
2657 3093 2817 3145 Οὕτω
2845 3091 2912 3144 δὲ
2941 3093 3166 3144 τούτων·
3199 3087 3594 3158 διῃρημένων,
3622 3087 3696 3136 ει·

2134 3187 2319 3250 κότως
2354 3187 2497 3254 φαιή
2523 3184 2612 3250 τίς
2655 3183 2732 3238 ἂν
2761 3182 2875 3251 τὴν
2914 3182 3299 3250 κυριωτάτην
3335 3180 3433 3234 καὶ
3474 3177 3694 3245 πρώτην

2131 3275 2228 3329 καὶ
2251 3276 2452 3344 μόνην
2489 3275 2753 3343 ἐνεργείᾳ
2799 3273 2904 3328 τοῦ
2943 3272 3174 3340 Πατρός
3204 3269 3569 3327 ὑποστᾶσαν
3600 3267 3689 3320 οὐδ

2131 3367 2295 3430 σίαν,
2338 3368 2425 3430 εἰς
2459 3364 2683 3432 ἑαυτὴν
2723 3362 3007 3432 δέχεσθαι
3037 3362 3144 3426 τὰς
3190 3362 3301 3416 τοῦ
3339 3361 3688 3430 γεννήματος

2131 3458 2225 3512 καί
2255 3457 2579 3526 ποιήματος
2607 3457 2704 3509 καὶ
2731 3457 3054 3526 κτίσματος
3085 3456 3513 3524 προσηγορίας.
3541 3451 3687 3523 Πρῶδ

2128 3567 2219 3602 τον
2254 3549 2432 3601 τοίνυν
2461 3545 2868 3618 ὑπομνησθῆναι
2904 3547 3031 3610 τοὺς
3058 3545 3134 3616 τῷ
3167 3546 3314 3614 λόγῳ
3345 3545 3687 3616 προσέχοντας

2131 3640 2410 3710 βούλομαι,
2439 3639 2518 3692 ὅτι
2552 3638 2892 3709 κυριωτάτην
2929 3635 3068 3691 εἶναι
3101 3639 3198 3691 καὶ
3228 3639 3329 3709 τὴν
3360 3636 3452 3689 τοῦ
3489 3634 3682 3704 Πατρός

2127 3732 2332 3794 οὐσίαν,
2373 3732 2429 3783 ἐν
2456 3733 2520 3802 τῇ
2565 3729 2754 3802 πρώτῃ
2802 3730 3136 3802 λογογραφίᾳ
3183 3730 3352 3801 φησί·
3385 3729 3470 3781 διά
3497 3725 3680 3779 τούτων

2128 3821 2452 3893 προαγαγὼν
2492 3821 2598 3875 τῶν
2646 3822 2903 3893 ῥημάτων
2932 3823 3020 3876 τὸν
3066 3823 3244 3891 λόγον,
3277 3823 3359 3876 ὅτι
3393 3821 3497 3883 πᾶς
3528 3820 3554 3871 ὁ
3583 3817 3679 3869 τῶν

2128 3913 2250 3966 καθ’
2298 3914 2445 3984 ἡμᾶς
2492 3912 2775 3982 δογμάτων
2827 3911 3241 3983 συμπληροῦται
3289 3911 3444 3978 λόγος
3487 3911 3547 3961 ὲκ
3590 3907 3678 3973 τῆς

2127 4004 2387 4057 ἀνωτάτω
2433 4004 2524 4056 καὶ
2569 4005 2910 4074 κυριωτάτης
2943 4005 3148 4068 οὐσίας.
3193 4005 3306 4058 Καὶ
3338 4001 3560 4056 ἐνταῦθα
3587 4015 3673 4050 xo-

2131 4093 2398 4163 ριωτάτην
2440 4094 2586 4162 λέγει
2627 4095 2721 4146 καὶ
2751 4093 2973 4165 πρώτην
2999 4094 3092 4147 τοῦ
3132 4093 3471 4164 Μονογενοῦς
3492 4089 3580 4160 τὴν
3599 4087 3672 4138 οὖ·

2130 4183 2268 4235 σίαν.
2316 4182 2523 4236 Οὐκοῦν
2569 4183 2850 4247 συνθέντες
2900 4184 2993 4253 ἀφ’
3038 4184 3300 4254 ἑκατέρου
3349 4180 3546 4253 βιϐλίου
3585 4175 3670 4237 τὰς

2127 4273 2389 4343 Εὐνομίω
2424 4273 2623 4341 φωνὰς,
2659 4273 2819 4326 αὑτὸν
2851 4272 3038 4327 τοῦτον
3067 4270 3523 4344 παραστησόμεθα
3547 4266 3670 4336 μάρο

462 4361 712 4417 essentia:
743 4362 1055 4425 citabimus,
1081 4363 1174 4432 qui
1195 4363 1323 4416 alibi
1350 4362 1458 4418 tale
1479 4363 1736 4432 quiddam
1761 4366 1984 4433 protulit
2009 4384 2022 4420 :

2130 4381 2269 4435 τυρα
2310 4363 2404 4416 τοῦ
2459 4363 2639 4417 κοινοῦ
2683 4365 2783 4434 τῆς
2837 4365 3024 4428 οὐσίας
3061 4365 3151 4418 τὸν
3209 4363 3433 4433 ἑτέρωθί
3477 4376 3570 4413 που
3616 4353 3669 4406 τδ

461 4451 607 4522 quod
618 4467 847 4521 quorum
861 4454 1057 4507 eadem
1074 4452 1880 4522 appellationes,horumnatura
1897 4452 2040 4508 nulla

463 4545 520 4598 in
532 4559 592 4598 re
606 4543 925 4599 dilfert.Non
941 4545 1082 4598 enim
1099 4559 1218 4614 quae
1232 4552 1424 4597 natura
1437 4545 1640 4600 distant
1653 4546 1840 4600 iisdem
1854 4547 2030 4615 appel-

460 4635 756 4689 lationibus
773 4636 1155 4702 signiﬁcasset,
1193 4637 1282 4704 qui
1303 4637 1404 4690 sibi
1425 4636 1526 4705 ipsi
1545 4635 1872 4706 pugnat.Sed
1892 4653 2027 4706 quo-

461 4727 607 4778 niam
627 4740 736 4778 una
767 4725 818 4777 in
839 4724 995 4779 Patre
1015 4734 1067 4778 et
1090 4724 1222 4778 Filio
1234 4727 1484 4780 essentia
1505 4728 1663 4790 ratio,
1683 4729 1752 4782 ob
1773 4728 1825 4781 id
1848 4728 2025 4781 omni-

458 4833 530 4872 no
552 4817 1064 4886 principalissimam
1086 4817 1302 4886 quidem
1325 4817 1492 4881 illam,
1516 4819 2024 4889 principalissimam

457 4925 586 4963 vero
613 4917 666 4962 et
692 4909 831 4962 hanc
865 4923 986 4962 esse
1022 4908 1115 4960 ait.
1148 4907 1284 4962 Huic
1317 4911 1478 4963 etiam
1519 4912 1713 4965 rationi
1745 4912 2021 4964 hominum

454 5000 796 5054 consuetudo
830 5000 1210 5069 adstipulatur,
1228 5016 1346 5069 qua:
1372 5001 1504 5055 nulli
1539 5003 1680 5071 quod
1711 5010 1793 5056 est
1822 5003 2027 5072 princi-

456 5091 795 5158 patissimum
830 5091 1084 5160 applicat,
1119 5091 1205 5144 cui
1236 5107 1427 5144 nomen
1454 5107 1559 5146 non
1589 5109 1714 5147 vere
1742 5105 1797 5147 et
1829 5109 2025 5148 secun-

451 5181 579 5233 dum
603 5189 849 5232 naturam
870 5187 1158 5248 competat.
1179 5179 1493 5248 Cuiusmodi
1511 5197 1574 5233 ex
1594 5182 1764 5235 ahusu
1787 5181 2022 5250 quodam

453 5273 803 5326 simulacrum
831 5273 1067 5341 aliquod,
1101 5271 1372 5324 hominem
1396 5271 1648 5326 dicimus.
1674 5273 1776 5326 Sed
1810 5274 2022 5342 proprie

451 5373 505 5417 et
532 5365 901 5433 principaliter
939 5365 1039 5417 hac
1070 5378 1200 5418 voce
1235 5363 1578 5417 nominamus
1616 5364 1844 5421 animal.
1878 5364 2021 5432 quod

453 5454 505 5505 in
543 5463 732 5507 natura
777 5454 1209 5524 demonstratur;
1237 5463 1290 5508 et
1326 5453 1489 5507 Deum
1527 5454 1772 5508 similiter
1819 5455 2020 5508 idolum

451 5544 716 5598 interdum
739 5555 793 5600 et
818 5546 1165 5609 daemonium,
1197 5554 1250 5599 et
1277 5553 1516 5600 ventrem
1549 5547 1696 5598 novit
1727 5544 2020 5614 Scriptum

449 5650 628 5689 sermo
658 5638 946 5706 appellare.
967 5637 1074 5692 Sed
1091 5637 1202 5693 haec
1227 5645 1406 5693 tamen
1431 5637 1572 5707 quod
1598 5637 1760 5708 hujus
1784 5639 2019 5693 nominis

2127 4455 2364 4508 τοιοῦτον
2416 4456 2830 4526 ἀποφηνάμενον
2879 4473 2893 4486 ·
2939 4458 3021 4509 ὅτι
3076 4449 3150 4509 ὧν
3198 4459 3253 4510 αἱ
3311 4452 3468 4508 αὑταὶ
3523 4463 3669 4520 προσ-

2127 4546 2347 4617 ηγορίαι
2373 4589 2388 4613 ,
2418 4547 2620 4599 τούτων
2646 4546 2798 4599 οὐδὲν
2833 4548 2865 4616 ἡ
2893 4546 3053 4614 φύσις
3073 4547 3343 4618 διάφορος,
3382 4545 3452 4597 Οὐ
3478 4540 3578 4610 γὰρ
3610 4537 3666 4588 ᾰν

2126 4635 2388 4688 διεστῶτα
2413 4639 2479 4707 τῇ
2529 4635 2685 4706 φύσει
2736 4640 2800 4707 τῇ
2838 4639 3119 4708 ταυτότητι
3148 4639 3258 4691 τῶν
3314 4627 3664 4706 προσηγοριῶν

2127 4725 2511 4798 διεσήμαινεν,
2567 4729 2595 4780 ὁ
2655 4729 2828 4800 ἐαυτῷ
2892 4731 3213 4801 μαχόμενος.
3286 4729 3423 4782 Ἀλλ’
3493 4719 3658 4787 ἐπειδὴ

2126 4814 2205 4881 εἷς
2230 4822 2286 4872 ἐν
2317 4820 2491 4892 Πατρὶ
2523 4821 2618 4874 καὶ
2647 4821 2760 4890 Υίῷ
2792 4823 2819 4873 ό
2847 4823 2944 4892 τῆς
2979 4823 3164 4885 οὐσίας
3210 4823 3388 4890 λόγος,
3416 4818 3497 4871 διὰ
3524 4812 3660 4866 τοῦτο

2127 4911 2342 4974 πάντως
2375 4912 2720 4982 κυριωτάτην
2754 4914 2850 4983 μὲν
2877 4915 3108 4984 ἐκείνην,
3138 4913 3472 4985 κυριωτάτην
3498 4907 3549 4961 δὲ
3577 4905 3657 4957 καί

2125 5002 2327 5072 ταύτην
2356 4999 2494 5055 εἷναί
2526 5020 2677 5072 φησι.
2710 5004 2989 5075 Μαρτυρεῖ
3015 5005 3071 5056 δὲ
3103 5005 3178 5074 τῷ
3210 5005 3350 5071 λόγῳ
3390 5001 3476 5052 καὶ
3509 4999 3538 5066 ἡ
3564 4993 3658 5045 τῶν

2125 5094 2424 5165 ἀνθρώπιον
2463 5095 2736 5166 συνήθεια,
2769 5098 2955 5168 μηδενὶ
2995 5097 3055 5149 τὸ
3082 5097 3409 5168 κυριώτατον
3439 5086 3648 5158 ἐφαρμό-

2125 5185 2311 5248 ζουσα.
2339 5179 2382 5254 ᾧ
2410 5186 2483 5257 μὴ
2517 5187 2934 5257 συναληθεύεται
2976 5191 3041 5260 τῇ
3072 5188 3227 5258 φύσει
3252 5188 3310 5240 τὸ
3334 5186 3510 5254 όνομα.
3547 5171 3649 5230 (liot-

2124 5276 2405 5347 ἄνθρωπον
2457 5280 2520 5331 ὲκ
2565 5281 2952 5350 καταχρήσεως
3007 5280 3068 5333 τὸ
3125 5280 3369 5350 ὁμοίωμα
3415 5273 3646 5339 λέγομεν·

2125 5368 2257 5421 ἀλλά
2305 5369 2507 5440 κυρίως
2567 5372 2632 5440 τῇ
2686 5374 2835 5441 φωνῇ
2895 5370 3063 5443 ταύτῃ
3121 5365 3538 5438 κατονομάζομεν
3596 5353 3645 5405 τὸ

2124 5457 2259 5520 ζῶον
2291 5457 2353 5510 τὸ
2386 5460 2443 5511 ἐν
2469 5461 2534 5529 τῇ
2563 5458 2721 5527 φύσει
2747 5460 3107 5531 δεικνύμενον.
3135 5462 3239 5512 Καὶ
3266 5458 3390 5510 Θεὸν
3415 5447 3643 5507 ὡσαύτως

2123 5548 2336 5602 εἴδωλον
2373 5550 2499 5601 ὅταν
2533 5550 2624 5602 καὶ
2656 5551 2945 5621 δαιμόνιον,
2994 5553 3085 5606 καὶ
3119 5553 3315 5606 κοιλίαν
3344 5544 3472 5601 οἶδεν
3505 5541 3532 5591 ό
3558 5535 3640 5601 τῆς

2122 5640 2338 5709 "Pariis
2371 5641 2521 5708 λόγος
2553 5645 3009 5712 προσαγορεύειν·
3042 5645 3154 5696 ἀλλ’
3195 5644 3308 5713 οὐχὶ
3353 5638 3440 5691 καὶ
3477 5632 3528 5684 τὸ
3559 5623 3641 5700 κύο-
