3922 6478
237 353 340 411 649

1331 374 1610 434 CONTRA
1648 378 2032 448 EUNOMIUM,
2077 384 2201 439 LIB.
2244 387 2334 442 ιν.

3386 409 3491 468 6350

238 487 353 542 ριον
383 471 500 542 ἔχει
536 475 630 528 καὶ
654 475 723 530 τὰ
741 464 888 532 ’ἄλλα
915 482 1090 536 πάντα
1123 485 1264 540 κατὰ
1289 488 1379 541 τὸν
1407 490 1569 544 αὐτὸν
1595 493 1808 564 τρόπον.

1916 500 2198 566 proprium
2243 509 2326 555 est
2366 518 2472 558 non
2522 505 2718 562 habent
2749 519 2804 564 et
2841 513 3045 584 reliqua
3070 517 3402 587 huiusmodi.
3429 523 3487 581 In

238 562 585 634 Βεσρωκέναι
626 586 712 632 τις
755 571 895 625 κατὰ
933 573 1030 645 τὴν
1059 577 1306 632 ἐνύπνιον
1340 562 1642 651 φαντασίαν
1665 585 1818 651 λέγε-

232 671 321 708 ται
342 672 356 685 ·
395 655 516 709 ἀλλ’
550 659 651 711 οὐκ
677 659 794 713 ἐστι
821 663 1017 732 κυρίαν
1045 665 1246 738 βρῶσιν
1272 671 1371 740 τὴν
1402 673 1698 739 φαντασίαν
1742 676 1820 727 εί-

231 748 370 801 ττεῖν.
424 747 644 820 ’Ὠσπερ
690 752 868 806 τοίνυν
915 757 1112 828 ἐπίσης
1155 759 1249 813 δύο
1292 762 1456 815 τινῶν
1517 764 1818 835 ἀνθρώπων

229 841 368 893 κατὰ
403 841 572 909 φύσιν
601 845 1003 915 ὑφεστηκότων,
1033 851 1290 922 ἑκάτερον
1316 854 1495 907 αὐτῶν
1524 856 1724 925 κυρίως
1750 859 1815 928 τῇ

230 934 378 1000 φωνῇ
413 935 898 1006 προσαγορεύομεν
925 938 1019 992 τοῦ
1047 940 1354 1012 ἀνθρώπου.
1385 946 1445 998 Εἰ
1471 947 1526 1001 δὲ
1556 950 1653 1020 τὴν
1677 951 1816 1019 ἄψυ-

229 1021 318 1089 χόν
368 1039 460 1085 τις
510 1025 692 1078 εἰκόνα
733 1027 869 1096 πρὸς
911 1030 1004 1082 τὸν
1053 1035 1194 1088 κατὰ
1245 1037 1497 1107 ἀλήθειαν
1536 1041 1815 1111 ἄνθρωπον

231 1109 447 1174 συνθεὶς
493 1115 872 1186 άριθμήσειεν,
906 1118 997 1173 δύο
1028 1122 1126 1192 μὲν
1158 1125 1223 1178 ἂν
1256 1125 1422 1189 είποι,
1455 1131 1548 1182 τόν
1581 1109 1650 1185 τε
1684 1133 1816 1205 ἁλη-

230 1201 482 1264 θῶςδντα
505 1208 600 1259 καὶ
630 1207 690 1261 τὸ
728 1211 1000 1282 ὁμοίωμα,
1034 1216 1214 1270 οὐκέτι
1233 1217 1278 1271 δ’
1312 1219 1377 1273 ἂν
1412 1223 1506 1274 καὶ
1538 1223 1599 1276 τὸ
1630 1201 1816 1298 κύριον

229 1293 567 1363 ἀμφοτέροις
601 1305 1162 1374 προσμαρτυρήσειεν.
1197 1308 1382 1374 Οὖτως
1415 1311 1573 1388 εἴπερ
1611 1293 1736 1369 ἄλλο
1763 1336 1814 1372 τι

231 1382 382 1452 παρὰ
413 1383 516 1454 τὴν
541 1386 636 1437 τοῦ
659 1387 872 1460 Πατρὺς
899 1392 1087 1446 οὐσίαν
1119 1397 1151 1467 ἡ
1183 1397 1275 1450 τοῦ
1293 1401 1626 1470 Μονογενοῦς
1655 1407 1817 1472 φύσις

229 1473 533 1539 ὑπενοεῖτο,
554 1478 652 1530 οὐκ
669 1477 734 1532 ἂν
751 1484 1097 1556 κυριωτάτην
1135 1487 1402 1560 ἑκατέραν
1421 1494 1528 1547 τῶν
1551 1497 1748 1551 οὐσιῶν
1784 1501 1814 1554 ὀ

229 1561 574 1636 λογογράφος
597 1569 868 1642 ὠνόμασε.
903 1577 1028 1640 Πῶς
1053 1578 1162 1650 γὰρ
1191 1581 1256 1635 ἄν
1285 1601 1368 1647 τις
1389 1586 1460 1639 τὰ
1485 1587 1809 1661 διαφέροντα

228 1659 291 1726 τῇ
308 1657 496 1724 φύσει,
521 1664 586 1731 τῇ
618 1666 904 1737 ταυτότητι
920 1669 1027 1722 τῶν
1043 1671 1319 1743 ὀνομάτων
1338 1657 1657 1748 σημάνειενξ
1677 1686 1812 1739 Ἀλλ’

1919 589 2128 643 somnis
2176 591 2396 660 quidam
2445 593 2625 650 edisse
2669 612 2764 666 per
2813 603 3071 660 visionem
3112 609 3341 675 dicitur,
3387 618 3481 670 sed

1921 676 2185 733 visionem
2262 682 2378 736 sive
2438 684 2879 755 imaginationem
2944 709 3052 750 non
3121 697 3246 754 licet
3305 703 3488 762 dicere

1916 770 2190 839 propriam
2257 788 2462 829 escam.
2520 776 2990 843 Quemadmodum
3052 787 3220 858 igitur
3267 793 3486 854 'duohus

1918 879 2073 932 aeque
2103 863 2417 922 hominibus
2445 871 2744 924 secundum
2787 883 3040 931 naturam
3069 882 3485 954 exsistentibus,

1916 959 2212 1023 utrumque
2247 955 2488 1024 ipsorum
2536 961 2753 1030 proprie
2789 963 2890 1018 hac
2911 980 3044 1022 voce
3089 968 3360 1028 hominem
3393 992 3488 1046 ap—

1918 1044 2202 1112 pellamus.
2247 1046 2402 1112 Quod
2439 1049 2486 1103 si
2532 1051 2830 1108 inanimam
2873 1058 2999 1126 quis
3046 1060 3331 1132 imaginem
3362 1044 3488 1122 cum

1915 1135 2136 1191 homine
2182 1140 2482 1194 secundum
2526 1142 2811 1199 veritatem
2854 1162 3191 1219 componens
3234 1165 3490 1210 numera-

1915 1225 2075 1291 verit,
2107 1225 2247 1281 duos
2275 1229 2494 1298 quidem
2528 1231 2748 1300 dixerit,
2786 1242 2841 1289 et
2862 1251 2987 1290 eum
3019 1242 3113 1308 qui
3144 1257 3268 1296 vere
3295 1255 3399 1305 est,
3435 1257 3491 1301 et

1915 1328 2014 1382 per
2048 1316 2465 1374 similitudinem
2495 1321 2736 1390 dicitur;
2784 1327 2878 1380 sed
2912 1342 3019 1381 non
3057 1333 3290 1400 amplius
3317 1337 3488 1390 utris-

1914 1421 2022 1473 que
2053 1409 2198 1476 quod
2227 1408 2395 1478 hujus
2414 1413 2654 1468 nominis
2682 1423 2766 1469 est
2800 1418 3079 1487 proprium
3107 1424 3484 1493 assignaverit.

1917 1496 2008 1550 Sic
2059 1500 2104 1552 si
2141 1501 2270 1569 quid
2320 1503 2469 1557 aliud
2523 1515 2578 1559 et
2625 1507 2902 1564 diversum
2952 1525 2981 1564 a
3014 1513 3196 1570 Patris
3239 1521 3485 1574 essentia

1917 1586 2188 1659 Unigeniti
2226 1603 2422 1648 natura
2456 1604 2636 1652 mente
2663 1601 3064 1669 conciperetur.
3107 1620 3214 1659 non
3255 1609 3486 1678 amplius

1917 1679 2150 1734 maxime
2185 1684 2458 1751 propriam
2494 1695 2784 1758 utramque
2809 1693 3102 1746 essentiam
3135 1695 3224 1750 hic
3250 1699 3488 1767 scriptor

230 1748 407 1802 ἔοικεν
463 1753 498 1822 ή
550 1753 775 1825 ἀλήθεια
821 1760 913 1811 κα)⁸
959 1760 1045 1815 διὰ
1093 1763 1198 1818 τῶν
1251 1767 1630 1839 πολεμούντων
1674 1777 1808 1848 αὐτῇ

1922 1748 2599 1837 ηοηιὶυιιεεειίρυοιιιοάο
2627 1748 2770 1832 enim
2813 1781 2938 1848 quis
2968 1797 3091 1850 quae
3144 1795 3339 1840 natura
3366 1748 3485 1842 rdif--

230 1841 626 1912 φανεροῧσθαι,
665 1848 738 1918 μὴ
793 1849 1091 1921 δυναμένου
1124 1856 1377 1924 καθάπαξ
1425 1863 1559 1933 μηδὲ
1588 1867 1647 1919 ὲν
1696 1841 1815 1934 ταῖς

229 1929 335 1982 τῶν
390 1933 626 2027 ἐχθρῶν
658 1942 864 2007 φωναῖς
913 1943 1263 2018 ὑπερισχύειν
1304 1953 1402 2024 τῆς
1427 1929 1688 2027 *ἀληθείας
1720 1929 1814 2016 τού

228 2023 480 2092 ψεύδους.
545 2026 644 2082 Διὰ
686 2031 844 2086 τοῦτο
878 2035 954 2105 τῷ
998 2039 1223 2109 στόματι
1271 2043 1378 2097 τῶν
1427 2047 1816 2123 ἀντικειμένων

229 2117 318 2168 καὶ
362 2117 441 2188 μὴ
487 2120 707 2174 εἰδότων
743 2123 780 2176 ά
822 2125 1068 2195 λέγουσιν
1105 2134 1133 2185 ὁ
1165 2132 1265 2199 τῆς
1303 2137 1582 2205 εὐσεϐείας
1608 2117 1815 2216 ἀνακη-

229 2204 489 2275 ρύσσεται
545 2209 736 2279 λόγος·
790 2217 1041 2291 καθάπερ
1094 2223 1187 2276 καὶ
1227 2226 1319 2279 ἐπὶ
1359 2229 1452 2282 τοῦ
1506 2230 1725 2306 Καῖάφα
1755 2204 1818 2292 τὸ

231 2298 498 2369 σωτήριον
548 2301 687 2374 ὑπὲρ
731 2306 890 2376 ἡμῶν
939 2308 1034 2362 τοῦ
1086 2313 1290 2382 Κυρίου
1351 2319 1521 2384 πάθος
1572 2298 1814 2396 πρόηγό-

230 2407 410 2460 ρευτο,
463 2393 566 2445 οὐκ
615 2396 813 2461 εἰδότος
859 2400 885 2453 ὃ
936 2401 1104 2470 λέγει.
1158 2407 1365 2462 ίὶύκοῦν
1415 2413 1466 2464 εί
1517 2393 1814 2472 κοινὸν-επ*

229 2481 562 2555 ἀμφοτέρων
589 2490 688 2556 τῆς
733 2490 919 2554 οὐσίας
964 2493 1026 2546 τὸ
1062 2496 1416 2568 κυριώτατον,
1461 2504 1554 2556 τοῦ
1603 2507 1815 2576 Πατρὸς

228 2571 368 2640 λέγω
398 2575 497 2628 καὶ
523 2576 617 2628 τοῦ
649 2578 778 2632 Υίοῦ
799 2598 812 2610 ·
850 2583 971 2636 τίνα
999 2584 1181 2656 χώραν
1204 2587 1317 2658 ἔχει
1341 2591 1404 2644 τὸ
1431 2571 1816 2666 παρηλλάχδαι

228 2663 321 2718 τὰς
367 2664 563 2728 οὐσίας
619 2667 861 2739 ἀλλήλων
905 2671 1122 2742 λέγειν;
1173 2678 1243 2729 Ἢ
1291 2679 1407 2743 πῶς
1459 2663 1522 2736 ιν
1560 2663 1751 2749 sm,
1778 2688 1812 2758 ή

228 2755 362 2824 πρὸς
390 2755 454 2808 τὸ
481 2753 847 2831 δυνατώτερόν
878 2779 935 2814 τε
959 2766 1053 2818 καὶ
1084 2767 1265 2836 μεῖζον
1292 2771 1384 2824 καὶ
1423 2776 1812 2848 προτιμότερον

228 2844 573 2915 ἐνθεωρεῖται
621 2847 872 2921 διαφορὰ,
919 2852 1020 2922 τῆς
1061 2860 1402 2930 κυριωτάτης
1444 2844 1632 2927 οὐσίας
1660 2844 1812 2918 οὐδε-

231 2935 356 3003 μίαν
391 2939 846 3025 παραδεχομένης
876 2943 1204 3014 ὲλάττωσιν;
1258 2949 1331 3002 Τὸ
1363 2951 1471 3025 γάρ
1499 2954 1703 3020 άτελῶς
1728 2956 1809 3022 ὃν,

226 3025 416 3096 ὅτιπερ
465 3027 534 3080 ἂν
577 3024 632 3102 ᾖ,
672 3031 875 3100 κυρίως
903 3036 1004 3088 οὐκ
1034 3037 1197 3101 ἔστιν,
1235 3040 1294 3092 οὐ
1327 3041 1508 3109 φύσις,
1552 3046 1614 3098 οὐ
1647 3045 1810 3101 δύνα-

1920 1856 2101 1913 ferunt
2145 1859 2336 1916 iisdem
2381 1865 2697 1921 nominibus
2736 1870 3105 1938 signiﬁcaret?
3143 1873 3248 1929 Sed
3284 1878 3484 1935 veritas

1917 1951 2078 2004 etiam
2118 1967 2213 2021 per
2259 1970 2353 2009 eos
2396 1957 2490 2025 qui
2540 1959 2711 2028 ipsam
2761 1960 2906 2015 bello
2960 1964 3238 2019 lacessunt
3270 1969 3486 2024 videtur

1916 2043 2277 2110 mauifestari,
2324 2049 2453 2116 quia
2491 2065 2599 2104 non
2631 2059 2811 2120 potest
2845 2055 3069 2108 omnino
3096 2071 3272 2126 neque
3315 2059 3484 2114 etiam

1917 2133 1973 2188 in
2005 2135 2352 2192 inimicorum
2393 2140 2624 2195 vocibus
2668 2144 2881 2196 veritati
2928 2148 3222 2214 praevaiere
3262 2149 3487 2205 menda-

1916 2223 2081 2277 cium.
2139 2225 2347 2296 Idcirco
2386 2229 2824 2286 adversariorum
2860 2250 2956 2289 ore
2998 2251 3120 2305 quae
3151 2239 3342 2294 dicunt
3389 2256 3486 2296 ne-

1916 2317 2202 2372 scientium
2247 2320 2465 2388 pietatis
2520 2338 2700 2377 sermo
2742 2327 3109 2394 przedicatur:
3138 2332 3487 2400 quemadmo-

1913 2405 2042 2459 dum
2073 2407 2128 2460 in
2165 2407 2372 2478 Caipha
2419 2412 2681 2468 salutaris
2717 2429 2815 2484 pro
2849 2417 3010 2472 nobis
3058 2417 3270 2474 Domini
3301 2424 3484 2491 passio

1915 2499 2396 2566 praenuntiabatur,
2438 2503 2716 2558 nesciente
2749 2506 2876 2574 quid
2909 2506 3114 2562 diceret
3135 2510 3209 2562 ".
3244 2510 3386 2582 Ergo
3437 2515 3485 2567 si

1912 2599 2207 2641 commune
2235 2597 2319 2642 est
2357 2589 2413 2642 in
2441 2592 2714 2660 utrisque,
2739 2595 2887 2662 quod
2925 2599 3178 2653 essentia:
3206 2610 3291 2655 est
3329 2602 3483 2670 prin-

1915 2677 2334 2746 cipalissimum,
2372 2679 2533 2737 Patre
2576 2683 2703 2737 dico
2746 2693 2801 2738 et
2848 2687 3030 2741 Filio:
3059 2703 3221 2756 quam
3255 2704 3483 2746 causam

1913 2767 2076 2822 habet
2103 2773 2372 2826 essentias
2413 2787 2444 2827 a
2479 2788 2538 2827 se
2574 2774 2804 2828 invicem
2842 2777 3146 2845 disiunctas
3173 2790 3226 2836 et
3262 2795 3486 2851 separa.

1912 2864 1996 2910 tas
2016 2872 2139 2912 esse
2165 2859 2421 2914 dicendi?
2450 2862 2532 2916 vel
2557 2864 2834 2932 quomodo
2860 2865 2915 2918 in
2940 2867 3074 2935 ipsis
3096 2883 3220 2922 cum
3243 2884 3310 2923 eo
3334 2870 3482 2939 quod

1914 2950 2187 3016 potentius
2230 2958 2284 3004 et
2319 2952 2497 3020 majus
2526 2961 2582 3006 et
2625 2955 2989 3022 praestabilius
3031 2965 3134 3022 est,
3191 2958 3486 3029 inspicitur

1911 3037 2251 3106 diderentia,
2303 3056 2426 3096 cum
2473 3045 2936 3113 principalissima
2979 3050 3218 3104 essentia
3273 3053 3480 3106 nullam

230 3134 335 3186 μις,
370 3119 474 3194 οὐκ
507 3120 746 3190 ἀξίωμα,
777 3123 874 3176 οὐκ
898 3125 1025 3179 ἄλλο
1057 3145 1107 3180 τι
1134 3129 1241 3181 τῶν
1267 3130 1389 3184 καθ’
1420 3134 1648 3189 ἕκαστον
1677 3138 1808 3192 θεω-

1912 3129 2347 3186 imminutionem
2401 3134 2694 3189 admittat?
2753 3136 2907 3203 Quod
2956 3140 3102 3194 enim
3161 3142 3481 3212 imperfecte

229 3211 512 3280 ρουμένων
560 3213 744 3266 οὐδέν’
804 3215 944 3269 ὥστε
989 3219 1020 3289 ή
1068 3219 1188 3272 κατ’
1222 3223 1410 3277 οὐσίαν
1459 3227 1552 3280 τοῦ
1595 3231 1808 3302 Πατρὸς

225 3301 490 3374 ὑπεροχὴ,
526 3304 710 3369 καθὼς
757 3309 790 3378 ἡ
825 3308 1035 3378 αἵρεσις
1084 3310 1348 3380 βούλεται,
1398 3316 1459 3368 τὸ
1497 3317 1682 3384 ἀτελὲς
1710 3301 1809 3392 τῆς

222 3395 408 3460 οὐσίας
436 3395 535 3449 τοῦ
574 3398 914 3468 Μονογενοῦς
956 3401 1237 3473 διελέγχει.
1275 3407 1337 3460 Ei
1368 3404 1460 3461 οὖν
1494 3409 1710 3481 ἀτελὴς,
1745 3413 1807 3464 οὐ

221 3489 422 3559 κυρίαο
483 3489 533 3541 εί
586 3489 643 3543 δὲ
693 3493 1026 3564 κυριωτάτη,
1065 3497 1157 3549 καὶ
1187 3497 1365 3552 τελεία
1420 3501 1656 3566 πάντως.
1708 3503 1809 3556 Τέ-

217 3579 359 3634 λειον
397 3581 513 3649 γὰρ
556 3581 617 3634 τὸ
667 3584 882 3648 ἐλλιπὲς
932 3588 1291 3658 ὀνομάζεσθαι,
1341 3591 1502 3661 φύσιν
1545 3595 1644 3648 οὐκ
1675 3595 1804 3665 ἔχει.

231 3672 372 3726 Ἀλλ’
427 3673 554 3726 οὐδὲ
602 3676 968 3746 συγκριτικῶς
998 3680 1550 3752 ἀντιπαρατιθεμένου
1600 3685 1804 3739 τελείου

219 3763 358 3834 πρὸς
391 3765 622 3826 τέλειον,
663 3765 923 3838 διαφοράν
955 3786 1076 3821 τινα
1102 3771 1241 3826 κατὰ
1289 3773 1624 3846 πλεονασμὸν
1652 3777 1684 3847 ἢ
1718 3776 1806 3830 έλ-

216 3852 395 3923 λειψιν
431 3855 727 3926 γ;ντμένην
754 3857 975 3912 δυνατόν
1015 3862 1161 3914 ἐστιν
1204 3863 1508 3933 ἐπινοῆσαι.
1545 3866 1658 3919 Μία
1697 3867 1807 3940 γὰρ

215 3942 305 3994 ἐπ’
343 3944 577 4013 ἀμφοῖν,
627 3944 818 4017 ὥσπερ
855 3949 947 4000 ἐπὶ
991 3949 1233 4014 κανόνος,
1280 3955 1313 4024 ἡ
1364 3953 1655 4025 τελειότης,
1684 3955 1806 4010 οὐτε

217 4033 606 4106 κοιλαινομένη
657 4035 736 4106 τῷ
786 4038 1061 4106 λείποντι,
1116 4041 1240 4095 οὔτε
1305 4044 1664 4116 ἁνωμαλοῦσα
1726 4047 1805 4118 τῷ

217 4126 598 4191 πλεονάζοντι.
656 4129 766 4200 Τὴν
825 4131 923 4201 μὲν
977 4127 1070 4185 οὖν
1131 4134 1270 4204 ὑπὲρ
1333 4137 1426 4188 τού
1487 4138 1608 4190 καθ’
1659 4141 1805 4210 ἡμᾶς

215 4217 494 4288 δόγματος
525 4220 620 4274 τοῦ
673 4219 938 4293 Εὐνομίου
983 4227 1327 4296 συνηγορίαν,
1367 4227 1562 4293 ἱκανῶς
1608 4231 1671 4284 ἐκ
1697 4232 1804 4286 τῶν

217 4310 532 4380 εἰρημένων
563 4309 713 4367 ἐστιν
749 4313 905 4367 ἰδεῖν·
945 4315 1142 4383 μᾶλλον
1168 4316 1225 4369 δὲ
1253 4319 1314 4370 οὐ
1347 4321 1444 4388 τὴν
1479 4321 1618 4393 ὑπὲρ
1646 4324 1802 4393 ἡμῶν

218 4399 484 4470 σπουδὴν,
520 4401 656 4454 ἀλλὰ
693 4402 790 4474 τὴν
836 4404 970 4474 πρὸς
1015 4406 1209 4478 ἑαυτὴν
1243 4408 1440 4478 μάχην.
1486 4412 1564 4462 Δι’
1591 4404 1665 4464 ὧν
1693 4414 1801 4485 γὰρ

214 4493 273 4544 τὸ
330 4494 606 4564 ἡμέτερον
656 4473 830 4566 δόγμα
881 4473 1000 4559 τοῖς
1057 4473 1204 4560 ἰδίοις
1244 4473 1542 4570 ⁷συνίστησι
1596 4473 1796 4570 λόγοις,
1833 4473 1880 4530 D

213 4584 335 4635 καθ’
369 4584 572 4637 ἑαυτοῦ
599 4585 789 4655 τρέπει
817 4587 887 4640 τὰ
919 4593 1302 4660 μηχανήματα.
1339 4591 1530 4661 Ἡμεῖς
1555 4593 1610 4645 δὲ
1640 4595 1800 4648 πάλιν

209 4677 322 4738 τοῖς
355 4675 769 4745 γεγραμμένοις
800 4680 918 4731 κατ’
950 4679 1119 4750 αὐτὴν
1145 4680 1245 4751 τὴν
1271 4680 1412 4745 λέξιν
1442 4683 1800 4755 ἀκολουθήσο-

214 4785 336 4834 μεν,
391 4767 469 4830 ὼς
522 4766 588 4821 ἂν
638 4771 868 4842 φανερὸν
892 4772 1102 4839 γένοιτο
1142 4776 1342 4834 πᾶσιν,
1388 4776 1470 4828 ὅτι
1519 4777 1658 4849 πλὴν
1702 4779 1798 4832 τοῦ

213 4857 508 4926 βούλεσθαι
539 4865 885 4935 κακουργεῖν,
916 4864 1170 4933 οὐδεμίαν
1217 4865 1368 4936 ίσχὺν
1410 4867 1544 4939 πρὸς
1574 4869 1672 4942 τὴν
1697 4889 1798 4926 κα.-

211 4949 336 4999 κίαν
387 4950 418 5002 ὁ
466 4952 599 5020 παρ’
633 4952 810 5005 αὐτῶν
840 4953 994 5022 λόγος
1029 4954 1162 5024 ἔχει.

1910 3230 2014 3286 est,
2047 3223 2418 3293 quodcunque
2448 3225 2634 3288 fuerit,
2672 3229 2893 3298 pr0prie
2941 3246 3052 3284 non
3094 3241 3201 3296 est,
3235 3249 3347 3288 non
3382 3251 3483 3290 na-

1909 3321 2052 3380 tura,
2086 3331 2197 3370 non
2228 3317 2331 3381 vis,
2369 3331 2476 3371 non
2521 3317 2785 3388 dignitas,
2836 3336 2946 3375 non
2998 3322 3146 3377 aliud
3177 3325 3481 3395 quidquam

1907 3421 2095 3461 eorum
2126 3423 2247 3478 qua:
2271 3409 2326 3465 in
2367 3423 2698 3480 unoquoque
2733 3420 3069 3481 spectantur.
3104 3413 3180 3468 Ita
3217 3425 3276 3469 ut
3303 3416 3482 3473 Patris

1908 3514 2029 3568 quae
2054 3508 2139 3554 est
2168 3501 2474 3556 secundum
2514 3502 2811 3558 essentiam
2842 3505 3162 3570 eminentia,-
3197 3511 3341 3562 sicut
3365 3507 3480 3562 vult

1909 3591 2152 3656 haeresis,
2187 3592 2558 3662 imperfectam
2607 3593 2878 3660 Uuigeuiti
2915 3598 3211 3651 essentiam
3261 3607 3478 3667 arguat.

1908 3679 1965 3736 Si
1991 3683 2152 3752 igitur
2183 3683 2524 3752 imperfecta,
2551 3700 2659 3739 non
2691 3698 2775 3741 est
2804 3687 3126 3756 principalis
3151 3696 3205 3744 et
3235 3692 3475 3759 propria.

1909 3773 1966 3828 Si
2005 3786 2182 3830 autem
2211 3776 2670 3846 principalissima
2712 3787 2817 3840 est,
2863 3788 2918 3834 et
2965 3781 3200 3834 maxime
3231 3782 3476 3851 prapria,

1906 3866 2068 3918 etiam
2106 3865 2346 3934 perfecta
2383 3867 2626 3921 omnino.
2681 3868 2838 3933 Quod
2880 3868 3026 3923 enim
3075 3869 3259 3924 deﬁcit
3303 3872 3480 3941 perfe-

1905 3965 2054 4011 ctum
2083 3958 2352 4011 nominari
2385 3967 2581 4012 natura
2613 3974 2720 4012 non
2745 3967 2943 4028 potest.
2976 3959 3083 4014 Sed
3112 3977 3289 4030 neque
3320 3975 3478 4015 com-

1907 4058 2116 4118 parate,
2169 4051 2217 4104 si
2273 4065 2395 4103 cum
2441 4050 2682 4120 perfecto
2736 4050 3036 4120 perfectum
3083 4062 3474 4122 componatur,

1909 4139 2266 4196 dilicreutiam
2303 4143 2540 4211 aliquam
2591 4159 2687 4213 per
2742 4143 3156 4198 redundantiam
3199 4146 3279 4200 vel
3327 4147 3478 4200 defe-

1906 4241 2056 4286 ctum
2101 4234 2298 4287 factam
2333 4233 2416 4290 fas
2460 4244 2544 4290 est
2576 4236 2899 4307 intelligere.
2934 4236 3052 4291 Una
3079 4239 3224 4292 enim
3275 4239 3328 4292 in
3363 4252 3479 4290 am-

1907 4325 2102 4385 bobus.
2149 4327 2294 4382 sicut
2329 4327 2383 4380 in
2432 4343 2646 4391 norma,
2696 4327 2960 4397 perfectio
2995 4337 3100 4391 est,
3139 4346 3260 4400 quas
3301 4346 3479 4401 neque

1906 4425 2136 4472 cavatur
2185 4418 2301 4473 sive
2349 4426 2615 4472 vacuatur
2671 4427 2894 4489 propter
2941 4420 3237 4485 defectum,
3299 4437 3477 4492 neque

1907 4509 2060 4564 rudis
2115 4519 2236 4572 est,
2294 4517 2348 4563 et
2413 4509 2698 4578 inaequalis
2757 4520 2975 4580 propter
3033 4511 3474 4570 redundantiam.

1908 4599 2088 4665 Quare
2131 4615 2229 4670 pro
2268 4608 2460 4656 nostro
2517 4602 2770 4671 dogmate
2812 4603 3060 4657 Eunomii
3112 4604 3476 4672 patrocinium

1906 4690 2121 4744 abunde
2168 4691 2305 4744 satis
2351 4707 2416 4746 ex
2463 4691 2549 4747 his
2588 4708 2710 4762 qua:
2737 4693 2884 4747 dicta
2932 4702 3060 4748 sunt
3095 4692 3223 4750 licet
3267 4695 3475 4764 perspi-

1906 4797 2048 4839 cere.
2074 4781 2186 4837 ltno
2210 4799 2337 4838 vero
2366 4799 2473 4838 non
2506 4801 2605 4854 pro
2634 4786 2794 4839 nobis
2837 4786 3100 4848 studium,
3139 4786 3235 4841 sed
3275 4801 3462 4840 secum

1905 4873 2216 4930 dissidium.
2270 4873 2373 4930 Per
2417 4891 2538 4945 quae
2581 4876 2725 4929 enim
2787 4885 3037 4931 nostrum
3091 4875 3288 4945 dogma
3352 4875 3472 4930 suis

1904 4964 2251 5020 commendat
2287 4967 2658 5029 sermonibus,
2705 4967 2758 5019 in
2792 4967 3034 5036 seipsqu
3069 4969 3228 5020 vertit
3262 4965 3472 5019 machi-

211 5048 480 5094 namenta
523 5051 578 5097 et
629 5055 804 5100 astus.
836 5045 947 5101 Nos
994 5059 1175 5102 autem
1228 5063 1420 5106 rursus
1463 5054 1668 5124 scripta
1724 5057 1790 5111 ad
1832 5058 2056 5113 verbum
2103 5073 2422 5128 sequemur,
2469 5067 2529 5113 ut
2595 5057 2944 5113 manifestum
3012 5069 3065 5114 et
3109 5061 3330 5129 planum
3380 5057 3472 5129 fiat

209 5134 498 5200 omnibus,
548 5136 695 5205 quod
744 5152 934 5193 eorum
975 5157 1157 5197 sermo
1211 5144 1416 5198 nullam
1468 5142 1632 5199 habet
1684 5147 1792 5201 vim
1833 5148 1997 5202 aliam
2051 5148 2120 5202 ad
2174 5149 2389 5213 vitium,
2436 5165 2601 5220 quam
2677 5149 2948 5204 malitiose
2995 5156 3050 5203 et
3122 5147 3312 5204 dolose
3366 5165 3471 5204 no-

212 5227 375 5282 cendi
411 5229 712 5283 voluntate.

293 5321 646 5389 Ἀκούσωμεν
701 5323 884 5376 ’τοίνυν
947 5325 1054 5378 τῶν
1127 5328 1476 5399 εἰρημένων.ι
1530 5332 1789 5399 Εἰκότως

212 5413 360 5480 φαίη
399 5431 488 5477 τις
518 5411 596 5468 ἂν
627 5412 742 5480 τὴν
778 5417 1143 5484 κυριωτάτην
1171 5420 1267 5473 καὶ
1301 5419 1539 5489 πρώτην
1569 5423 1666 5475 καὶ
1690 5424 1792 5490 μό-

1939 5399 1944 5405 _
1973 5331 2275 5387 Audiamus
2305 5329 2468 5399 igitur
2498 5342 2561 5384 ea
2597 5343 2718 5398 quzn
2751 5335 2880 5383 sunt
2929 5327 2997 5381 ab
3025 5327 3107 5384 eis
3146 5327 3313 5383 dicta.
3353 5327 3467 5383 Me-

1890 5427 1992 5480 rito
2052 5424 2247 5478 dixerit
2288 5421 2482 5491 aliquis
2537 5422 2766 5473 maxime
2817 5421 3085 5487 propriam
3139 5428 3187 5474 et
3237 5422 3466 5488 primam

214 5520 331 5570 rm-
353 5505 617 5574 ἐνεργείᾳ
654 5506 760 5560 τοῦ
803 5511 1029 5576 Πατρός
1061 5511 1418 5567 ὐποστᾶσαν
1449 5515 1669 5568 οὐσίαν
1703 5518 1791 5582 είς

1911 5516 2114 5571 πιθοίαηι
2139 5527 2258 5570 actu
2281 5513 2461 5566 Patris
2484 5513 2846 5566 subsistentem
2861 5514 3138 5566 essentiam
3157 5513 3226 5565 ad
3241 5514 3464 5580 «ipsum

215 5595 441 5663 ἑαυτὴν
487 5595 767 5666 δέχεσθαι
813 5602 921 5667 τὰς
961 5602 1069 5656 τοῦ
1110 5601 1482 5673 γεννήματος
1521 5606 1618 5660 καὶ
1658 5621 1784 5661 ποι-

285 5770 332 5801 ¹³
361 5768 518 5825 Joan.
557 5787 633 5832 xu,
662 5771 750 5826 51.

541 5865 812 5926 Ρλτιιοι..
845 5865 960 5926 (in.
1003 5867 1176 5929 XLV.

1887 5608 2161 5664 admittere
2205 5605 2529 5676 gennematis
2589 5603 2704 5658 sive
2736 5601 2998 5674 geniturae
3036 5612 3088 5657 et
3131 5603 3355 5672 factum
3411 5593 3462 5659 ει

3077 5871 3144 5931 21
