3922 6514
446 394 556 455 651

1702 395 1759 450 S.
1798 396 2127 455 GREGORII
2164 397 2452 453 NYSSENI

3587 402 3681 458 652

450 520 706 571 creatura:
747 510 1140 579 appellationes.
1187 511 1321 578 Quis
1361 512 1575 582 ignorat
1613 524 1882 571 creaturae
1926 534 2019 571 vo-

2136 518 2344 586 ήματος
2368 517 2467 573 καὶ
2498 518 2821 585 κτίσματος
2853 516 3284 586 προσηγορίας.
3311 516 3412 580 Τίς
3442 516 3539 571 οῦκ
3565 516 3689 577 οἶδεν

448 615 568 656 cem
600 600 655 657 in
691 598 782 654 Dei
816 598 952 654 Filio
970 601 1169 655 dictam
1202 601 1255 655 id
1280 617 1404 657 esse
1437 602 1583 673 quod
1612 601 1910 659 Ecclesiam
1953 606 2021 659 ab

452 691 645 745 haeresi
681 692 943 760 separet?
980 691 1345 757 Quamobrem
1373 708 1497 748 cum
1537 694 1609 749 sit
1651 695 1793 763 apud
1824 710 2015 750 omnes

450 790 601 841 certa
658 796 1031 853 concessaque
1082 784 1382 838 secundum
1434 784 1630 855 dogma
1687 785 2018 850 differentia,

450 888 576 929 eum
606 874 700 944 qui
740 873 1120 931 demonstrare
1166 875 1363 929 nititur
1409 892 1541 930 suas
1580 877 1870 945 opiniones
1917 891 2021 930 no-

452 966 585 1020 stris
622 966 887 1031 veriores,
933 966 1063 1037 quid
1100 982 1261 1036 agere
1298 968 1692 1037 congruentius
1735 968 1894 1023 erat?
1939 969 2023 1021 An

453 1058 668 1115 scilicet
701 1059 981 1129 proprium
1026 1074 1338 1113 sermonem
1378 1058 1673 1124 conficere,
1705 1075 1767 1114 ex
1821 1060 1891 1114 iis
1937 1074 2026 1112 ra-

454 1151 698 1205 tionibus
745 1152 945 1221 quibus
988 1151 1368 1206 demonstrare
1419 1151 1593 1221 possit
1635 1159 1889 1220 oportere
1919 1150 2025 1205 Do-

454 1243 666 1296 minum
724 1243 1041 1298 existimare
1098 1252 1344 1298 creatum
1407 1243 1572 1297 esse?
1624 1256 1696 1296 an
1749 1257 1882 1296 vero
1924 1242 2027 1295 hoc

453 1334 849 1402 praetermisso,
888 1333 1244 1388 audientibus
1282 1332 1614 1403 persuadere
1641 1343 1694 1387 et
1734 1332 2023 1396 afﬁrmare,

453 1424 603 1494 quod
645 1440 709 1480 ea
752 1440 873 1495 quae
904 1425 1073 1479 dubia
1120 1432 1251 1480 sunt
1298 1433 1353 1479 et
1385 1432 1758 1483 controversa.
1801 1423 2025 1477 omnino

452 1522 587 1570 sunt
625 1522 797 1577 certa,
852 1529 979 1569 vera
1023 1521 1076 1569 et
1122 1514 1424 1569 concessa?
1467 1513 1603 1567 lllud
1645 1514 1901 1583 equidem
1949 1512 2029 1566 af-

454 1606 617 1662 firmo
647 1622 661 1660 :
689 1606 924 1661 fortasse
959 1618 1142 1660 autem
1185 1606 1349 1660 etiam
1380 1620 1569 1659 omnes
1604 1605 1803 1673 quibus
1828 1614 1913 1657 est
1946 1603 2029 1656 in-

454 1700 795 1769 telligentia,
869 1699 973 1752 hoc
1040 1714 1068 1750 a
1129 1696 1632 1752 contradicentibus
1699 1696 2027 1765 exquirant,

456 1797 520 1844 ut
565 1791 710 1860 quod
755 1789 1162 1844 dissertationis
1215 1788 1547 1858 principium
1600 1794 1706 1849 est,
1748 1785 1803 1840 id
1848 1786 2024 1854 primo

456 1882 737 1937 stabiliant
786 1897 961 1951 super
1008 1881 1190 1950 aliqua
1240 1879 1357 1933 basi
1412 1887 1466 1933 et
1520 1878 1876 1933 fundamento
1938 1875 2028 1930 cui
2062 1865 2103 1919 Β

454 1974 758 2030 contradici
812 1988 922 2027 non
964 1974 1143 2044 possit
1175 1954 1199 2026 ε’
1221 1972 1325 2026 hoc
1376 1979 1555 2025 autem
1605 1971 1684 2024 sic
1725 1970 2030 2024 constituto

456 2078 575 2122 tum
622 2068 843 2122 demum
893 2067 945 2120 in
981 2068 1046 2121 iis
1084 2080 1204 2134 qua:
1250 2074 1557 2134 sequuntur
1598 2061 1800 2117 acriter
1828 2061 2030 2114 instent

457 2167 513 2213 et
565 2158 870 2213 decertent.
916 2155 1018 2209 llic
1068 2162 1275 2220 autem,
1307 2154 1514 2207 omisso
1561 2151 1655 2205 illo
1698 2148 2033 2204 stabilimine

459 2248 608 2319 quod
639 2256 893 2318 oporteat
939 2247 1117 2317 ipsum
1162 2252 1409 2300 creatum
1436 2259 1559 2300 esse
1595 2254 1805 2313 putare,
1832 2250 2030 2297 caetera

458 2340 827 2409 persequitur,
878 2353 989 2392 nou
1041 2336 1368 2392 subsistenti
1405 2334 1772 2406 propositioni
1809 2333 2033 2389 ratioci-

460 2429 749 2483 nationum
818 2426 1267 2496 consequentiam
1339 2424 1817 2479 accommodans:
1871 2424 2033 2493 quale

398 2568 413 2581 ,
459 2518 592 2589 quid
626 2534 726 2573 usu
762 2519 909 2571 venit
947 2517 1031 2573 his
1056 2517 1145 2587 qui
1177 2515 1337 2569 vanis
1368 2514 1761 2586 cupiditatibus
1787 2517 2031 2571 animum

461 2610 802 2681 applicantes
841 2606 1111 2677 profunde
1142 2606 1409 2675 cogitant,
1454 2604 1538 2659 vel
1568 2604 1635 2658 ad
1677 2621 1907 2673 regnum
1947 2605 2032 2660 vel

462 2702 531 2755 ad
579 2700 729 2754 aliud
778 2698 1039 2769 quiddam
1074 2713 1263 2753 eorum
1312 2713 1433 2766 qua:
1477 2697 1826 2754 vehementer
1868 2715 2033 2769 expe-

466 2801 661 2847 tuntur
701 2790 1127 2860 cogitationibus
1173 2788 1356 2843 effusi.
1404 2788 1521 2842 Non
1568 2797 1627 2842 ut
1664 2789 1800 2859 ipsis
1827 2790 2033 2860 aliquid

458 2900 653 2940 eorum
681 2899 802 2952 quae
846 2896 1062 2936 summo
1105 2879 1288 2936 studio
1313 2886 1580 2950 expetunt
1631 2881 1872 2947 eveniat,
1913 2882 2032 2952 agi-

456 2984 577 3030 tant
606 2975 811 3037 animo,
844 2974 939 3029 sed
963 2980 1221 3042 tanquam
1252 2987 1317 3026 eo
1346 2983 1609 3041 praesente
1645 2973 1887 3041 sibiipsis
1920 2974 2036 3028 dis-

457 3078 676 3138 ponunt
715 3074 771 3120 et
808 3066 1132 3135 dispensant
1172 3079 1272 3134 pro
1318 3064 1550 3118 arbitrio
1597 3064 1829 3119 fortuna:
1862 3064 2035 3119 felici-

2123 611 2204 663 δτι
2232 610 2292 662 τὸ
2318 609 2546 681 χωρίζον
2584 609 2690 662 ἀπὸ
2722 610 2819 678 τῆς
2847 608 3109 677 αἱρέσεως
3134 608 3235 679 τὴν
3283 608 3625 679 Ἐκκλησίαν,
3659 616 3688 685 ἠ

2122 703 2215 756 τοῦ
2266 701 2561 772 κτίσματός
2599 704 2712 754 ἐστι
2765 701 2914 770 φωνὴ
2954 701 3045 753 ἐπὶ
3078 695 3170 753 τοῦ
3227 699 3358 754 Υίοῦ
3404 700 3689 773 λεγομένης

2124 793 2335 848 Οὐκοῦν
2368 792 2799 863 δμολογουμένης
2853 793 3003 861 παρὰ
3049 791 3180 843 πᾶσι
3216 791 3322 861 τῆς
3370 790 3510 843 κατά
3540 793 3597 844 τὸ
3620 793 3693 844 δό-

2123 900 2241 953 γμα
2270 881 2548 953 διαφορᾶς.
2584 881 2674 933 τὸν
2704 879 3082 949 ἐπιχειροῦντα
3113 878 3383 933 δεικνύειν
3426 880 3531 932 τῶν
3573 882 3692 951 ἡμε-

2123 973 2296 1043 τέρων
2320 973 2417 1035 τὰς
2449 972 2581 1035 ἰδίας
2610 970 2903 1041 ὑπολήψεις
2930 970 3325 1039 ἀληθεστέρας.
3362 969 3415 1021 τί
3452 971 3692 1039 πράττειν

2125 1062 2487 1135 εὐλογώτερον
2532 1058 2635 1133 ἧν;
2671 1059 3114 1123 Κατασκευάζειν
3153 1060 3403 1129 δηλονότι
3443 1060 3532 1112 τὸν
3577 1060 3691 1113 ἴδιον

2127 1153 2302 1224 λόγον,
2330 1155 2396 1208 δι’
2427 1147 2501 1207 ὧν
2549 1147 2658 1205 οἶόν
2707 1169 2768 1204 τε
2809 1147 2903 1221 ἦν,
2935 1149 3333 1204 ἀποδεικνύντα
3369 1150 3581 1203 κτιστὺν
3612 1152 3690 1203 τὸν

2126 1247 2326 1318 Κύριον
2360 1240 2499 1298 εἶναι
2533 1243 2641 1295 δεῖν
2675 1242 2913 1304 οἴεσθαι;
2946 1240 3017 1292 Ἦ
3049 1240 3208 1293 τοῦτο
3242 1240 3513 1309 παρέντα,
3546 1256 3694 1309 νομο-

2127 1336 2300 1389 θετεῖν
2338 1336 2449 1397 τοῖς
2496 1331 2803 1396 ἁκούουσιν,
2856 1332 2929 1395 ὡς
2977 1329 3389 1403 ὁμολογούμενα
3435 1328 3503 1381 τά
3540 1330 3693 1398 ἀμφι-

2127 1424 2433 1494 6αλλόμενα
2458 1422 2671 1490 λέγειν;
2717 1420 2855 1488 Ἐγὼ
2887 1421 2983 1491 μὲν
3030 1420 3203 1473 ἐκεῖνό
3251 1437 3400 1490 φημι
3423 1436 3435 1449 ·
3467 1419 3602 1489 τάχα
3642 1418 3692 1470 δὲ

2128 1518 2223 1571 καὶ
2272 1516 2473 1578 πάντες
2509 1509 2590 1577 οἷς
2638 1513 2858 1584 μέτεστι
2890 1511 3145 1574 διανοίας,
3194 1510 3360 1563 τοῦτο
3408 1509 3556 1579 παρά
3596 1508 3693 1561 τῶν

2128 1604 2516 1672 ἀντιλεγόντων
2566 1601 2969 1671 ἐπιζητήσουσι,
3001 1600 3062 1652 τὸ
3091 1599 3189 1669 τὴν
3221 1599 3401 1669 ἀρχὴν
3428 1593 3518 1651 τοῦ
3549 1599 3691 1677 λόγον

2131 1696 2344 1765 πρῶτον
2385 1696 2476 1746 ἐπί
2511 1711 2653 1756 τινος
2697 1692 3089 1762 ἀναντίρρητον
3124 1689 3338 1759 βάσεως
3386 1690 3688 1759 στήσαντας.

2132 1786 2314 1848 Οῦτως
2348 1788 2459 1848 τοῖς
2489 1782 2798 1847 ἀκολούθοις
2833 1780 3277 1850 ἐναγωνίζεσθαι,
3324 1780 3507 1832 οὑτοσὶ
3531 1781 3690 1831 τοίνυν

2130 1876 2288 1945 ἀφεὶς
2320 1875 2418 1945 τὴν
2462 1875 2588 1945 περὶ
2636 1874 2730 1925 τοῦ
2777 1872 2974 1943 χρῆναι
3026 1870 3243 1923 κτιστὺν
3293 1869 3457 1923 αὐτὸν
3504 1869 3691 1921 οἴεσθαι

2130 1966 2492 2035 κατασκευὴν,
2514 1966 2582 2017 τὰ
2614 1963 2809 2034 ἐφεξῆς
2844 1962 3206 2033 διεξέρχε’ται’
3242 1962 3325 2033 τῷ
3356 1960 3691 2028 ἀνυποστάτῳ

2130 2061 2376 2132 λήμματι
2408 2060 2506 2129 τὴν
2538 2057 2643 2110 τῶν
2688 2054 2964 2125 λογισμῶν
3012 2052 3367 2107 ἀκολούθειαν
3421 2051 3685 2122 ἁρμόζων-

2130 2148 2238 2207 οἶόν
2264 2170 2316 2204 τι
2345 2151 2640 2219 πάσχουσιν
2667 2149 2716 2200 οἱ
2742 2149 2861 2210 ταῖς
2906 2144 3162 2215 ματαίαις
3192 2144 3517 2213 ἐπιθυμίαις
3561 2143 3688 2195 κατὰ

2128 2242 2305 2314 ψυχὴν
2343 2237 2813 2311 ἐμϐαθύνοντες,ἢ
2848 2237 2981 2307 πρὸς
3018 2236 3359 2306 βασιλείανῆ
3401 2234 3534 2305 πρὸς
3576 2234 3687 2287 ἄλλο

2130 2334 2302 2389 τιτῶν
2329 2331 2774 2400 σπουδαζομένων
2808 2331 2926 2389 ταῖς
2950 2328 3179 2390 ἐννοίαις
3204 2327 3561 2397 διαχεόμενοι.
3590 2326 3689 2396 Οὐχ

2130 2429 2277 2489 ὅπως
2295 2425 2362 2479 ἂν
2378 2422 2583 2492 γένοιτό
2599 2424 2777 2474 τιτῶν
2809 2419 3256 2490 σπουδαζομένων
3274 2421 3457 2481 αὐτοῖς
3473 2417 3687 2471 ἐπινοοῦ-

2133 2537 2218 2573 σιν
2237 2534 2251 2550 ·
2273 2516 2385 2571 ἀλλ’
2420 2516 2495 2579 ὡς
2520 2513 2709 2567 τούτου
2740 2513 3003 2583 παρόντος
3020 2510 3351 2564 διατιθέασιν
3373 2510 3578 2571 ἑαυτοῖς
3604 2508 3691 2563 καὶ

2131 2606 2467 2680 οἱκονομοῦσι
2520 2606 2654 2677 πρὸς
2700 2603 2760 2657 τὸ
2788 2603 2975 2657 δοκοῦν
3004 2603 3064 2656 τὸ
3102 2601 3411 2672 εὐτύχημα,
3449 2601 3532 2654 διά
3560 2617 3686 2660 τινος

2132 2701 2326 2773 ἡδονῆς
2386 2700 2495 2760 τοῖς
2562 2696 2929 2765 ἀνυπάρκτοις
2990 2695 3462 2765 ἐπιπλανώμενοι.
3519 2693 3684 2755 Οὕτως

2131 2796 2263 2865 ἡμῖν
2321 2790 2415 2844 καὶ
2460 2791 2489 2841 ὁ
2541 2787 2702 2855 σοφὸς
2751 2786 3082 2857 λογογράφος
3126 2787 3224 2857 τὴν
3274 2783 3685 2854 πολυθρύλλητον

2134 2886 2326 2940 ἐαυτοῦ
2376 2886 2717 2955 διαλεκτικὴν
2769 2884 2867 2937 οὐκ
2918 2879 3032 2937 οῖδα
3088 2884 3223 2936 ὅπου
3274 2881 3682 2949 κατακοιμήσας,

2136 2981 2264 3049 πρὶν
2312 2978 2569 3051 ἀποδείξῃ
2604 2978 2730 3048 περὶ
2776 2976 2869 3029 τοῦ
2904 2974 3266 3047 ζητουμένου,
3320 2973 3563 3041 καθάπερ
3590 2968 3685 3021 τισὶ

2135 3071 2365 3133 παιδίοις
2394 3068 2856 3140 διαμυθολογεῖται
2888 3068 2987 3139 τὴν
3035 3065 3320 3137 ἁπατηλὴν
3359 3064 3553 3132 ταύτην
3599 3059 3679 3112 καὶ

459 3167 625 3214 tatem
658 3158 975 3226 :voluptate
1002 3155 1233 3226 qttadam
1268 3157 1321 3209 in
1371 3155 1503 3208 falsa
1546 3171 1732 3211 rerum
1762 3156 1944 3225 specie
1981 3164 2034 3211 et

2137 3163 2508 3216 ἀκατάσκευον
2545 3160 2640 3213 τοῦ
2691 3159 2811 3212 καθ’
2864 3158 3051 3212 ἐαυτὸν
3099 3159 3372 3228 δόγματος
3419 3151 3680 3223 φλυαρίαν,

458 3249 698 3319 imagine
740 3248 989 3303 ludentes
1036 3247 1219 3300 animo
1249 3254 1537 3317 vagantur.
1589 3246 1681 3302 Sic
1728 3248 1889 3303 nobis
1942 3262 2030 3301 sa-

459 3342 619 3410 piens
672 3339 777 3393 iste
820 3339 1076 3408 scriptor,
1132 3338 1318 3391 tritam
1375 3339 1607 3391 multum
1656 3348 1709 3393 et
1757 3340 2031 3409 vulgatam

462 3447 619 3486 suam
663 3430 1005 3486 dialecticam
1046 3429 1234 3483 nescio
1282 3429 1373 3482 ubi
1424 3431 1667 3498 sopiens.
1716 3431 2029 3499 priusquam

462 3523 517 3576 id
549 3521 616 3576 de
658 3536 766 3591 quo
790 3520 1053 3590 qumritur
1092 3519 1571 3585 demonstraverit,
1614 3529 1871 3591 tanquam
1909 3536 2034 3590 par-

460 3613 609 3667 vulis
643 3612 967 3683 quibusdam
995 3612 1182 3681 pueris
1220 3612 1522 3681 captiosam
1572 3613 1713 3667 hanc
1745 3619 1801 3667 et
1844 3613 2034 3666 incon-

464 3706 635 3759 ditam
686 3703 771 3759 sui
821 3704 1092 3773 dogmatis
1138 3703 1452 3758 futilitatem
1502 3705 1615 3760 sive
1666 3706 2032 3776 importunam

456 3796 850 3863 loquacitatem
901 3791 1304 3849 confabtilando
1345 3795 1610 3860 obtrudit,
1651 3797 1800 3850 velut
1845 3811 2036 3849 narra-

464 3890 671 3942 tionem
696 3886 985 3957 quamdam
1010 3887 1345 3956 petulantem
1368 3898 1419 3941 et
1444 3886 1706 3941 lascivam
1734 3902 2033 3958 exponens.

458 3979 606 4034 'Dicit
633 3979 779 4033 enim
821 3978 1001 4033 Patris
1034 3988 1159 4032 actu
1209 3978 1599 4034 subsistentem
1626 3980 1919 4035 essentiam
1946 3995 2035 4033 re-

465 4074 650 4142 cipere
692 4070 1034 4141 gennematis
1067 4070 1378 4141 (geniturae)
1422 4078 1478 4124 et
1528 4069 1755 4125 facturae
1795 4080 1850 4125 et
1886 4086 2040 4125 crea-

465 4171 606 4217 tura:
653 4161 1097 4231 appellationem.
1147 4159 1405 4226 Quasnam
1458 4162 1598 4215 ratio
1648 4160 2039 4216 demonstravit

465 4255 615 4309 velut
642 4253 821 4307 fabrili
853 4254 1092 4322 quadam
1130 4254 1448 4323 operatione
1473 4252 1668 4308 Filium
1695 4255 1992 4309 subsistere
2021 4272 2034 4308 :

466 4340 649 4397 Patris
680 4358 810 4398 vero
844 4351 1098 4396 naturam
1130 4341 1470 4397 inefﬁcacem
1501 4343 1647 4397 velut
1693 4341 1759 4395 ad
1789 4342 1910 4397 Filii
1943 4343 2043 4414 hy-

469 4434 731 4501 postasim
775 4432 1038 4486 manere?
1072 4433 1179 4487 hoc
1218 4433 1364 4487 enim
1410 4442 1532 4487 erat
1567 4433 1633 4488 de
1660 4448 1769 4503 quo
1797 4433 2041 4503 ambige-

2136 3249 2245 3307 οἷον
2289 3253 2533 3321 διήγημά
2576 3268 2628 3304 τι
2676 3252 2952 3321 παροίνιον
2997 3249 3361 3318 ἐκτιθέμενος.
3401 3246 3554 3312 Λέγει
3589 3241 3682 3309 γὰρ

2131 3344 2229 3415 τὴν
2273 3342 2522 3414 ἐνεργείᾳ.
2569 3341 2661 3394 τοῦ
2696 3340 2907 3411 Πατρὸς
2953 3340 3267 3393 ὑποστᾶσαν
3300 3335 3481 3390 οὐσίαν
3555 3332 3683 3401 δέχε-

2135 3436 2256 3488 σθαι
2284 3434 2381 3505 τὴν
2408 3434 2500 3486 τοῦ
2539 3434 2871 3504 γεννήματος
2896 3432 2989 3485 καὶ⁹
3021 3433 3323 3501 ποιήματος
3348 3429 3439 3482 καὶ
3474 3425 3679 3493 κτίσμα-

2131 3545 2221 3589 τος
2285 3526 2673 3596 προσηγορίαν.
2750 3523 2843 3585 Τίς
2907 3522 3157 3588 ἀπέδειξε
3230 3520 3388 3587 λόγος
3459 3512 3681 3586 ἐνεργείᾳ

2132 3620 2238 3669 τινὶ
2283 3616 2755 3685 κατασκευαστικῇ
2816 3613 2906 3665 τὸν
2961 3612 3089 3665 Υίὸν
3148 3611 3471 3679 ὑποστῆναι,
3507 3605 3594 3674 τὴν
3632 3601 3680 3652 δὲ

2136 3710 2295 3779 φύσιν
2345 3709 2438 3762 τοῦ
2473 3707 2683 3779 Πατρὸς
2727 3706 3083 3777 ἀνενέργητον
3139 3704 3215 3767 ὠς
3264 3703 3397 3773 πρὸς
3442 3699 3534 3766 τὴν
3568 3692 3680 3747 ὑπό-

2138 3816 2324 3852 στασιν
2376 3798 2469 3850 τοῦ
2520 3798 2647 3850 Υἱοῦ
2706 3799 2922 3867 μεῖναι;
2974 3795 3046 3847 Τὸ
3090 3795 3197 3865 γὰρ
3242 3784 3678 3864 ἀμφιϐαλλὸμενόν

2134 3910 2192 3945 τε
2228 3891 2321 3945 καὶ
2351 3889 2701 3961 ζητούμενον,
2731 3887 2887 3941 τοῦτο
2915 3882 2981 3956 ἧν
3007 3903 3019 3916 ο
3068 3885 3177 3938 εἴτε
3208 3888 3241 3955 ἠ
3285 3884 3437 3937 οὐσία
3466 3878 3550 3933 τοῦ
3586 3876 3679 3927 Πα-

2137 3984 2260 4057 τρὸς
2290 3984 2547 4052 ἐγέννησε
2574 3981 2665 4033 τὸν
2711 3980 2859 4043 Υίδν,
2890 3978 2999 4031 εἴτε
3037 3996 3088 4031 τι
3114 3977 3219 4029 τῶν
3250 3975 3442 4043 ἔξωθεν
3466 3981 3677 4041 παρεπο-

2142 4077 2337 4149 μένων,
2368 4079 2433 4146 τῇ
2472 4074 2628 4144 φύσει
2660 4072 2846 4125 τοῦτον
2879 4071 3190 4140 εἰργάσατο.
3230 4069 3340 4138 Τῆς
3368 4063 3535 4118 τοίνυν
3570 4058 3676 4107 Ἐκ-

2139 4168 2364 4238 κλησίας
2419 4166 2557 4220 κατά
2601 4165 2699 4236 τὴν
2754 4163 2903 4217 θείαν
2948 4160 3295 4215 διδασκαλίαν
3329 4152 3531 4225 ἀληθῶς
3568 4145 3677 4198 θεὸν

2138 4257 2276 4314 εἶναι
2323 4259 2413 4310 τὸν
2467 4255 2746 4325 Μονογενῆ
2792 4252 3174 4320 πιστευούσης,
3206 4251 3306 4321 τὴν
3354 4247 3409 4300 δέ
3454 4237 3677 4295 πολύθεω)

2138 4346 2556 4417 δεισιδαιμονίαν
2606 4343 3066 4415 βδελυσσομένης,
3126 4343 3219 4393 καὶ
3278 4339 3363 4392 διὰ
3414 4332 3556 4387 τοῦτο
3597 4326 3678 4417 τῆξδ

2138 4440 2247 4493 τῶν
2282 4414 2495 4508 φύσεων
2539 4414 2799 4508 διαφορὰν
2826 4414 2886 4489 ού
2932 4433 3389 4506 προσδεχομένης,
3417 4426 3487 4487 ὡς
3518 4422 3574 4476 ἂν
3616 4414 3678 4486 μὴ

468 4526 673 4589 batur,
718 4534 771 4578 et
816 4523 962 4596 quod
1015 4524 1400 4593 quazrebatur,
1458 4536 1637 4579 utrum
1687 4525 2034 4579 subsistentia

2143 4535 2207 4603 τῇ
2240 4530 2561 4603 παραλλαγῇ
2592 4528 2699 4581 τῶν
2732 4528 2929 4581 οὐσιῶν
2960 4527 3063 4580 ὑπὸ
3096 4525 3328 4596 ἀριθμὸν
3357 4521 3410 4574 αἱ
3439 4514 3678 4606 omne:

468 4612 649 4669 Patris
698 4611 903 4666 Filium
960 4615 1190 4683 genuit,
1250 4624 1437 4669 utrum
1495 4616 1624 4685 quid
1677 4631 1864 4670 eorum
1920 4632 2041 4686 qua:

468 4706 817 4761 extrinsecus
848 4707 1183 4760 comitantur
1214 4721 1487 4772 naturam,
1534 4710 1677 4763 hunc
1710 4709 1858 4764 fecit.
1891 4709 2042 4775 Quo-

470 4802 619 4854 niam
664 4799 833 4871 igitur
864 4797 1106 4855 Ecclesia
1152 4799 1339 4854 divina
1368 4801 1615 4856 doctrina
1659 4802 1872 4856 erudita
1908 4801 2042 4856 Uni-

470 4890 716 4961 genitum
754 4890 935 4945 credit
957 4906 1085 4945 vere
1115 4906 1238 4946 esse
1283 4888 1473 4958 Deum,
1512 4901 1567 4948 et
1605 4892 1830 4948 deorum
1857 4894 2045 4948 multi-

473 4984 719 5039 tudinem
748 4984 1124 5047 abominatur,
1156 4992 1212 5040 et
1244 4994 1535 5056 prapterea
1568 4997 1887 5041 naturarum
1927 4987 2044 5040 dis-

471 5077 684 5131 crimen
744 5092 856 5131 non
890 5077 1164 5142 admittit,
1215 5093 1283 5132 ne
1325 5079 1694 5133 cssentiarum
1740 5077 2045 5134 diﬂerentia

471 5170 529 5223 in
566 5186 863 5225 numerum
917 5170 1232 5225 divinitatea
1277 5170 1550 5226 incidant.
1607 5170 1762 5237 Quod
1825 5172 2045 5241 quidem

474 5278 582 5315 non
612 5270 695 5317 est
724 5261 871 5316 aliud
902 5277 1066 5332 quam
1097 5261 1322 5318 deorum
1356 5264 1567 5316 turbam
1607 5265 1659 5317 in
1689 5264 1853 5316 vitam
1886 5264 2048 5317 indu-

474 5364 616 5407 cere.
648 5351 770 5408 llaec
794 5354 959 5425 igitur
996 5353 1270 5409 Ecclesia'
1299 5370 1421 5409 cum
1461 5356 1800 5425 populariter
1833 5357 2045 5421 doceat,

474 5446 619 5515 quod
643 5460 709 5499 ex
755 5446 992 5501 essentia
1049 5446 1162 5501 veri
1211 5446 1328 5511 Dei,
1366 5462 1531 5501 verus
1568 5446 1710 5502 Deus
1742 5449 2047 5503 secundum

474 5537 767 5590 essentiam
812 5536 1147 5607 Unigenitus
1207 5548 1292 5592 est
1338 5535 1501 5592 Deus.
1536 5536 1672 5592 Eum
1720 5546 1901 5593 autem
1956 5540 2047 5609 qui

476 5625 567 5679 bis
623 5629 903 5684 concessis
968 5637 1022 5683 et
1084 5629 1318 5699 cognitis
1373 5630 1611 5685 decretis
1669 5640 1939 5702 repugnat
1997 5640 2052 5687 et

476 5717 826 5783 contradicit,
862 5721 1140 5790 quomodo
1167 5721 1522 5791 anticipatam
1551 5722 1862 5791 opinionem
1895 5739 2051 5779 ever-

477 5819 596 5865 tere
623 5813 949 5884 oportebat?
974 5812 1163 5870 Nonne
1184 5814 1374 5870 debuit
1403 5816 1709 5884 oppOsitum
1743 5832 2049 5873 sermonem

2144 4624 2409 4676 πίπτοιεν.
2466 4623 2641 4692 Ὅπερ
2689 4621 2839 4674 οὐδέν
2884 4621 3027 4672 ἐστιν
3079 4618 3286 4689 ἕτερον,
3337 4614 3368 4683 ἢ
3407 4610 3497 4679 τὴν
3543 4615 3676 4692 ποθ)-

2146 4717 2294 4769 θεῖαν
2324 4700 2486 4767 πάλιν
2533 4714 2846 4781 ἐπεισάγειν
2890 4711 2966 4780 τῷ
3009 4709 3127 4780 βίῳ.
3175 4707 3358 4761 Ταῦτα
3408 4701 3566 4753 τοίνυν
3596 4690 3675 4781 τῆς

2158 4802 2478 4874 Ἐκκλησίας
2531 4801 2811 4866 ἰδιωτικῶς
2858 4800 3233 4871 διδασκούσης,
3286 4800 3363 4851 ὅτι
3393 4796 3453 4847 ἐκ
3490 4785 3577 4853 τῆς
3602 4779 3674 4874 (ξδ’

2146 4894 2268 4956 σίας
2297 4892 2389 4945 τοῦ
2429 4889 2682 4962 ἀληθινοῦ
2734 4890 2890 4953 Θεοῦ,
2939 4888 3190 4959 ἀληθινὸς
3221 4887 3349 4948 Θεὸς
3384 4880 3493 4935 κατ’
3519 4870 3675 4927 οὐσίαν

2147 4991 2175 5041 ὁ
2196 4986 2504 5056 Μονογενής
2538 4987 2652 5036 ἐστι
2684 4982 2832 5045 Θεὸς.
2864 4982 2967 5033 Τὸν
3004 4980 3372 5034 ἀντιϐαίνοντα
3402 4974 3504 5032 τοῖς
3533 4967 3672 5056 ἐγνωσ

2152 5079 2388 5149 σμένοις,
2431 5078 2547 5139 πῶς
2595 5076 2918 5146 ἀνατρέπειν
2973 5073 3079 5126 ἔδει
3132 5072 3228 5142 τὴν
3279 5054 3672 5140 προειλημμένην

2150 5170 2449 5240 ύπὸληψινς
2485 5168 2617 5237 Ούχὶ
2646 5167 2705 5219 τὸ
2737 5165 3166 5228 κατασκευάζειν
3214 5164 3303 5215 τὸν
3348 5150 3669 5240 ἀντικείμξν⁰ν

2149 5261 2301 5329 λόγον
2358 5259 2446 5314 διά
2495 5275 2640 5319 τινος
2688 5254 3123 5326 ὁμολογουμένης
3174 5253 3340 5323 ἀρχῆς
3400 5234 3669 5332 summai-Iw

2150 5355 2377 5410 κνύοντα
2402 5354 2461 5406 τὸ
2489 5351 2819 5421 ἀμφίδολονς
2853 5351 2966 5402 υὺκ
3015 5348 3079 5401 ἂν
3122 5344 3271 5417 οἶμαί
3300 5359 3410 5397 τινα
3435 5334 3529 5389 τῶν
3566 5336 3667 5433 30W

2151 5447 2380 5517 ἐχόντων
2405 5445 2590 5515 ἕτερον
2626 5461 2675 5495 τι
2711 5441 2858 5512 παρά
2901 5440 3074 5493 ταῦτα
3104 5439 3348 5510 ζητῆσαι.
3398 5426 3667 5517 Ἀλλ’-οὒῖοῖ

2300 5535 2408 5589 τῶν
2451 5506 2975 5606 ἀμφισϐητουμένων
3014 5506 3258 5604 ἄρχεέαί,
3291 5526 3377 5583 καὶ
3414 5521 3481 5579 ὡς

2152 5604 2693 5699 δειγμένωνράρχὴν
2744 5626 2821 5696 τῷ
2867 5625 3066 5694 ἐφεξῆς
3117 5623 3292 5677 δίδωσι
3336 5618 3481 5683 λόγῳ.
3537 5604 3666 5699 ’ΔΑποῖ

2152 5685 2884 5791 δεικδέντοξγάξίπέρότερον
2910 5685 3139 5771 uaria—6d
3189 5732 3327 5778 τινος
3369 5696 3609 5772 ἐνεργείας

2156 5777 2283 5877 Υξέξ
2315 5777 2522 5883 ὑπέστη
2542 5777 2677 5876 ’.τίς
2700 5811 2763 5866 ἂν
2792 5777 2859 5882 ἦν
2893 5810 3037 5881 μάχη
3072 5809 3208 5884 πρὸς
3243 5777 3315 5862 τὸν
3341 5799 3585 5870 ἑπόμενον,
3618 5777 3665 5829 τὸ
