3922 6478
271 360 369 416 653

1368 374 1647 431 CONTRA
1688 378 2075 450 EUNOMIUM,
2111 385 2238 442 LlB.
2283 387 2370 443 IV.

3407 399 3507 454 σει

268 474 339 535 εἰς
372 472 574 541 ἑαυτὴν
601 472 850 543 δέχεσθαι
878 476 976 547 τὴν
1002 478 1097 532 τοῦ
1143 484 1441 553 ποιήματος
1469 484 1824 559 προσηγορίαι

1952 505 2270 553 construere
2295 508 2349 554 et
2371 500 2645 557 conficere
2677 519 2743 558 ex
2780 506 2964 575 aliquo
2995 521 3120 560 vero
3154 516 3207 559 et
3246 521 3511 565 concesso

267 561 458 628 λέγειν,
512 564 616 633 τὴν
647 565 715 617 δι’
746 566 1025 639 ἐνεργείας
1070 572 1213 636 τινὸς
1264 576 1572 633 ὑποστᾶσαν
1614 582 1834 647 οὐσίαν;

266 649 402 713 Ἕως
436 653 483 705 δ’
530 649 600 707 ἂν
644 657 1014 713 ἀκατάσκευον
1141 663 1200 717 τὸ
1245 669 1672 739 προηγούμενον,
1723 673 1838 736 πῶς

266 744 411 813 ἰσχὺν
439 744 556 814 ἔχει
586 747 647 799 τὸ
679 750 1034 821 ὲφεπόμενον,
1070 756 1381 811 εἰπάτωσαν
1426 762 1474 813 οἱ
1503 763 1602 831 τῆς
1626 764 1839 832 ἀπάτης

262 839 573 907 συνήγοροι.
630 843 740 894 Καὶ
791 842 899 915 γὰρ
945 846 997 898 εἴ
1043 864 1127 911 τις
1177 851 1375 921 πτηνὸν
1420 855 1669 921 γενέσθαι
1718 855 1840 908 καθ’

260 927 517 982 ὑπόθεσιν
548 932 666 1002 δοίη
710 935 801 989 τὸν
830 936 1137 1009 ἄνθρωπον,
1189 944 1318 1014 περὶ
1351 945 1459 998 τῶν
1493 947 1686 1017 ἐφεξῆς
1712 949 1841 1000 οὐκ·

257 1020 332 1070 ἐτι
356 1020 670 1092 δοθήσεται.
704 1026 813 1078 Kal.
848 1032 1111 1100 πτησεται
1148 1033 1256 1104 γάρ
1301 1053 1416 1099 πως
1457 1038 1484 1088 ὁ
1518 1038 1716 1106 πτηνὸς
1748 1056 1840 1106 γε-

255 1113 502 1181 νόμενος,
558 1119 653 1170 καὶ
698 1120 809 1172 ἂνω
846 1122 945 1191 τῆς
973 1124 1074 1193 γῆς
1099 1126 1288 1180 ἑαυτὸν
1334 1128 1519 1193 ἀνάξει
1551 1130 1838 1201 μετάρσιος

253 1207 343 1258 ἐπὶ
375 1210 671 1278 πτερύγων
703 1211 770 1263 δι’
799 1214 960 1284 ἀέρος
1007 1218 1331 1288 φερόμενοςο
1393 1221 1528 1274 ἀλλὰ
1576 1224 1839 1277 σκεπτέον

253 1297 370 1361 πῶς
400 1298 470 1351 ἂν
508 1301 717 1367 γένοιτο
743 1305 945 1375 πτηνὸς
966 1347 980 1369 ,
1030 1309 1058 1360 ὀ
1102 1310 1199 1378 τὴν
1228 1310 1388 1378 φύσιν
1431 1313 1491 1364 οὗ
1526 1312 1702 1382 λαχὼν
1752 1316 1839 1368 ἐν·

250 1391 458 1462 αέριον.
500 1394 701 1447 Τούτου
729 1395 784 1449 δὲ
821 1397 895 1468 μὴ
927 1398 1096 1464 ὄντος,
1148 1403 1372 1471 μάταιον
1408 1405 1469 1458 τὸ
1504 1406 1641 1475 μετά
1676 1403 1833 1459 τοῦτο

245 1482 526 1548 διεξιέναι.

1945 589 2215 659 principio
2245 592 2709 655 demonstratione
2754 594 2891 649 facta
2940 597 3060 665 ejus
3103 597 3249 666 quod
3286 598 3508 653 dubium

1942 689 1997 735 et
2045 691 2463 739 controversum
2502 686 2652 740 erat?
2701 689 2972 742 neminem
3028 689 3264 744 arbitror
3316 707 3506 745 eorum

1941 774 2035 842 qui
2090 776 2287 845 mentis
2319 789 2448 831 sunt
2481 789 2762 846 compotes
2808 780 2950 835 aliud
2983 782 3277 851 quidquam
3314 794 3511 850 praster

1945 866 2060 918 haec
2104 882 2365 935 quaerere.
2410 866 2516 921 Sed
2546 868 2649 923 iste
2681 871 2749 923 ab
2793 871 3018 926 incertis
3056 879 3110 925 et
3141 873 3323 927 dubiis
3349 889 3511 926 exor-

1942 956 2110 1019 ditur,
2148 967 2201 1011 et
2232 968 2487 1027 tanquam
2539 960 2929 1016 demonstratis
2977 965 3227 1032 sequenti
3268 966 3507 1018 sermoni

1941 1045 2035 1097 dat
2077 1047 2425 1116 principium.
2460 1047 2516 1101 Si
2564 1051 2708 1104 enim
2759 1052 2862 1106 hoc
2890 1053 3044 1122 prius
3088 1065 3231 1111 esset
3285 1055 3511 1109 demon-

1942 1144 2193 1201 stratum,
2237 1144 2361 1189 actu
2412 1137 2650 1205 quodam
2686 1147 2740 1193 et
2770 1144 3090 1210 operatione
3121 1153 3386 1198 extranea
3418 1144 3509 1198 Fi-

1939 1227 2069 1281 lium
2106 1227 2431 1292 subsistere,
2459 1246 2581 1298 quae
2604 1236 2977 1292 controversia
3007 1244 3157 1289 esset
3190 1237 3257 1289 ad
3281 1238 3331 1291 id
3364 1237 3508 1307 quod

1941 1322 2207 1389 sequitur,
2229 1336 2425 1390 nempe
2453 1322 2637 1377 dicere
2667 1326 2961 1379 essentiam
3001 1338 3129 1380 actu
3164 1330 3351 1399 aliquo
3380 1332 3509 1383 sub—
3578 1360 3581 1361 ν

1940 1413 2219 1466 sistentem
2271 1413 2326 1466 in
2375 1412 2608 1483 seipsam
2662 1416 2947 1472 admittere
2991 1418 3215 1475 facturae
3262 1423 3507 1491 appella-

1937 1498 2180 1552 tionem?
2217 1497 2471 1563 Quandiu
2513 1502 2615 1556 hoc
2660 1505 2992 1561 antecedens
3044 1509 3177 1563 rude
3226 1525 3325 1564 nec
3370 1526 3506 1579 prae-

246 1584 529 1633 structum
579 1575 767 1641 fuerit,
817 1582 1094 1649 quomodo
1143 1586 1315 1641 robur
1366 1590 1587 1647 habebit
1634 1590 2024 1662 consequens?
2097 1589 2285 1644 dicant
2348 1591 2513 1660 hujus
2549 1597 2753 1649 erroris
2824 1599 2939 1652 sive
2989 1597 3197 1655 fraudis
3267 1602 3517 1671 patroni.‘

245 1672 385 1727 Nam
436 1674 485 1729 si
516 1674 644 1745 quis
693 1674 845 1729 verbi
885 1677 1061 1745 gratia
1144 1696 1213 1735 ex
1260 1682 1546 1753 hypothesi
1596 1687 1870 1740 hominem
1947 1684 2147 1736 alatum
2195 1683 2544 1747 concederet,
2595 1686 2663 1740 de
2712 1691 3069 1757 sequentibus
3114 1709 3223 1746 non
3271 1696 3505 1765 amplius

242 1770 624 1825 dubitaretur.
673 1767 806 1822 Nam
838 1768 1017 1822 alatus
1051 1768 1229 1827 factus
1260 1776 1465 1830 volabit
1494 1792 1825 1848 sursumque
1863 1790 2025 1842 supra
2067 1782 2270 1828 terram
2324 1790 2447 1829 sese
2516 1779 2729 1832 attollet
2798 1784 2976 1850 passis
3025 1784 3126 1838 alis
3174 1802 3501 1855 suspensus,

242 1874 297 1917 et
329 1863 591 1919 sublimis
631 1879 727 1933 per
758 1879 937 1920 aerem
975 1865 1198 1921 feretur.
1242 1868 1348 1921 Sed
1380 1873 1654 1938 quomodo
1696 1884 1819 1926 esse
1857 1875 2023 1936 queat
2056 1866 2259 1929 alatus,
2287 1866 2774 1935 considerandum,
2845 1874 2937 1942 qui
2975 1884 3227 1929 naturam
3298 1881 3501 1934 aeriam

243 1970 357 2008 non
403 1964 490 2008 est
541 1954 789 2010 sortitus.
839 1956 991 2020 Quod
1038 1973 1160 2011 cum
1200 1973 1305 2012 non
1359 1961 1431 2013 ita
1473 1961 1574 2023 sit,
1624 1977 1823 2015 vanum
1863 1958 2115 2027 estquod
2144 1966 2329 2025 postea
2363 1961 2614 2029 sequitur
2645 1977 2938 2031 exponere.

318 2048 592 2110 Κάκεῖνος
623 2046 801 2100 τοίνυν
830 2047 987 2100 τοῦτο
1020 2049 1233 2118 πρῶτον
1263 2051 1599 2115 ἐπιδειξάτω,
1631 2053 1691 2105 τὸ
1727 2053 1824 2123 μά-

1948 2097 1956 2106 .
2002 2049 2094 2103 Ille
2129 2049 2297 2118 igitur
2342 2050 2443 2105 hoc
2492 2053 2723 2120 primum
2762 2055 3014 2110 ostendat
3057 2056 3355 2114 Ecclesiam
3388 2060 3504 2116 fru-

238 2154 346 2207 την
375 2138 805 2190 πεπιστευκέναι
834 2139 933 2209 τὴν
984 2139 1308 2211 Ἐκκλησίαν
1340 2141 1550 2211 ἀληθῶς
1579 2138 1715 2196 εἶναι
1739 2142 1833 2196 τὸν

243 2229 524 2300 μονογενῆ
564 2230 712 2291 Υἱὺν,
760 2230 820 2282 οὐ
867 2230 1004 2283 κατά
1032 2230 1178 2284 θέσιν
1216 2233 1588 2302 είσποιηθέντα
1626 2233 1833 2302 ψευδω-

239 2319 406 2389 νύμῳ
444 2320 622 2391 Πατρί
649 2337 662 2350 ⁸
696 2320 832 2374 ἀλλά
859 2320 1001 2374 κατά
1048 2321 1208 2391 φύσιν
1234 2324 1504 2393 γεννητῶς
1529 2326 1592 2377 ἐκ
1624 2325 1718 2378 τοῦ
1744 2327 1831 2379 ὃν·

236 2428 341 2473 τος
389 2410 546 2473 ὄντα,
601 2411 674 2481 μὴ
722 2410 1133 2482 ἀπεξενωμένον
1184 2413 1283 2483 τῆς
1337 2413 1428 2466 τοῦ
1474 2416 1830 2484 γεννήσαντος

237 2502 486 2571 φύσεως.
534 2502 721 2555 Ταῦτα
769 2503 985 2574 πρῶτον
1029 2504 1104 2567 ὠς
1147 2504 1317 2575 ψευδῆ
1356 2505 1699 2575 διελεγξάτω,
1737 2508 1830 2561 καὶ

234 2595 362 2649 τότε
405 2595 542 2666 περὶ
592 2595 701 2647 τῶν
751 2595 1055 2647 ἀκολούθων
1104 2595 1314 2658 διεξιὼν
1368 2598 1590 2661 πιθανὸς
1653 2599 1823 2653 ἔσται.

236 2686 392 2748 Ἕως
443 2687 490 2739 δ’
538 2685 605 2739 ἂν
649 2686 710 2738 τδ
760 2685 974 2755 πρῶτον
1023 2686 1407 2739 ἀναπόδεικτον
1453 2684 1509 2762 ᾗ,
1562 2689 1827 2760 φλυαρίας

235 2779 390 2830 ἐστὶν
436 2777 833 2847 ὲμφιλοχωρείν
867 2779 979 2839 τοῖς
1006 2777 1299 2847 δευτέροις.
1350 2780 1454 2831 Καί
1506 2797 1594 2848 μοι
1638 2781 1826 2850 μηδεὶς

234 2867 606 2937 ὐποκρουέτω
649 2868 743 2920 καὶ
772 2868 834 2920 τὸ
875 2869 1003 2938 παρ’
1035 2867 1193 2937 ἡμῶν
1220 2867 1694 2940 διομολογούμενον
1739 2871 1827 2923 διὰ

233 2959 593 3028 κατασκευῆς
622 2957 932 3027 κυρωθῆναι
957 2974 970 2987 ·
1002 2959 1161 3028 ἀρκεῖ
1184 2958 1291 3029 γάρ
1323 2962 1401 3023 εἰς
1428 2959 1700 3025 ἀπόδειξιν
1730 2961 1823 3014 τοῦ

233 3052 519 3122 ἡμετέρου
571 3049 729 3117 λόγου
778 3050 839 3102 τὸ
885 3049 1030 3119 ἔχειν
1093 3050 1363 3121 πατρόθεν
1408 3053 1644 3121 ἥκουσαν
1689 3053 1825 3124 πρὸς

232 3147 390 3214 ἡμᾶς
419 3144 523 3213 τὴν
549 3142 862 3212 παράδοσιν,
890 3137 1001 3195 οἷόν
1028 3160 1147 3196 τινα
1180 3143 1380 3214 κλῆρον
1407 3144 1474 3197 δι’
1508 3144 1823 3208 ἀκολουθίας

234 3240 297 3290 ὲκ
324 3236 443 3290 τῶν
498 3236 813 3288 ἀποστόλων
841 3235 929 3288 διὰ
968 3236 1076 3289 τῶν
1110 3236 1304 3307 ἑφεξῆς
1329 3238 1498 3305 ἁγίων
1529 3254 1823 3308 παραπεμ-

234 3328 447 3395 φθέντα
472 3342 489 3357 ⁶
537 3327 586 3378 οί
632 3325 689 3379 δὲ
733 3326 869 3397 πρὸς
917 3326 1015 3395 τὴν
1074 3328 1361 3398 καινότητα
1405 3329 1607 3399 ταύτην
1660 3346 1824 3398 μετα-

231 3419 483 3482 τιθέντες
506 3418 573 3470 τά
590 3416 857 3487 δόγματα,
886 3417 1083 3488 πολλῆς
1108 3419 1173 3471 ἂν
1194 3418 1395 3471 δέοιντο
1408 3419 1507 3488 τῆς
1531 3422 1593 3473 ὲκ
1611 3419 1719 3472 τῶν
1742 3420 1822 3473 λο-

232 3510 460 3580 γισμῶν
495 3485 1166 3578 σ’δμμαγίας,εί’μέλλοιεν
1197 3510 1269 3581 μὴ
1300 3510 1424 3573 τοὺς
1451 3485 1822 3582 κονιορτὼδεις

234 3605 347 3657 τῶν
401 3600 710 3673 ἀνθρώπων
744 3602 836 3653 καὶ
875 3602 1237 3671 εὐριπίστους,
1265 3602 1399 3655 ἀλλὰ
1442 3603 1533 3655 καὶ
1566 3604 1690 3667 τοὺς
1719 3606 1819 3675 ἐμ-

234 3696 447 3767 ϐριθεῖς
470 3712 533 3747 τε
558 3695 652 3747 καὶ
676 3693 971 3763 βεϐηκότας
994 3696 1113 3756 ταῖς
1133 3693 1389 3756 διανοίαις
1418 3694 1817 3764 προσάγεσθαι·

231 3788 339 3851 ἕως
374 3787 423 3839 δ’
471 3784 538 3839 ἂν
585 3784 957 3847 ἀκατάσκευος
1002 3785 1185 3847 αὐτοῖς
1217 3784 1312 3835 καὶ
1361 3783 1744 3847 ἀναπόδεικτος
1792 3786 1822 3836 δ

231 3881 394 3949 λόγος
449 3878 765 3948 προφέροιέ
795 3877 879 3941 ἂν,
919 3878 1002 3940 τίς
1030 3876 1202 3939 οὕτως
1235 3875 1434 3946 ἠλίθιος
1478 3877 1574 3928 καὶ¹
1612 3876 1820 3947 κτηνώο

230 3973 351 4043 δης,
387 3972 466 4034 ὼς
514 3970 622 4022 τῶν
654 3968 1053 4037 εὐαγγελιστῶν
1104 3984 1155 4020 τε
1204 3966 1300 4020 καὶ
1349 3966 1681 4029 ἀποστόλων,
1730 3968 1821 4019 καὶ

230 4063 343 4115 τῶν
406 4056 644 4129 καθεξῆς
693 4061 749 4112 ὲν
799 4062 916 4121 ταῖς
980 4057 1323 4128 Ἐκκλησίαις
1375 4057 1815 4126 διαλαμψάντων,

232 4138 640 4222 ἀσθενεστέραν
694 4150 790 4221 τὴν
843 4150 1191 4204 διδασκαλίαν
1240 4148 1330 4202 διά
1388 4150 1483 4220 τῆς
1533 4148 1819 4203 ἀναποδεί-

233 4264 371 4300 κτου
418 4243 684 4314 φλυαρίας
709 4240 1034 4314 ποιήσασθαι
1056 4262 1073 4311 ;

306 4504 547 4572 ’ἰδωμεν
572 4499 627 4553 δὲ
650 4500 744 4553 καὶ
766 4498 826 4553 τὸ
853 4498 1252 4569 διαφορώτατον
1282 4501 1380 4569 τῆς
1412 4498 1689 4569 ἀγχινοίας
1725 4498 1817 4551 τοῦ

232 4592 603 4661 λογογράφου,
635 4590 782 4652 ὅπως
810 4592 876 4660 τῇ
910 4588 1193 4659 περιουσίᾳ
1221 4591 1318 4659 τῆς
1343 4588 1681 4660 διαλεκτικῆς
1715 4592 1808 4660 ὲμο

233 4684 462 4754 πειρίας
496 4680 632 4751 πρὸς
654 4679 959 4733 τούναντίον
999 4679 1323 4750 εὐμηχάνως
1348 4680 1472 4742 τοὺς
1504 4680 1819 4751 ἀκεραιοτέ-

239 4738 370 4847 ρους
420 4738 732 4840 ἐφέλκεται.
768 4738 1105 4840 Πφσέρῤιιέε
1256 4738 1348 4822 τοῦ
1381 4738 1681 4841 ποιήμαιέκ
1722 4772 1817 4825 καὶ
1844 4738 1895 4796 Ι)

235 4868 539 4935 κτίσματος
558 4862 896 4933 προσηγορίᾳ
920 4860 1014 4913 καὶ
1029 4859 1127 4930 τὴν
1145 4859 1327 4930 φωνὴν
1349 4860 1444 4913 τοῦ
1461 4862 1816 4931 γεννήματος,

235 4958 430 5017 εἰπὼν,
475 4958 555 5018 είς
600 4954 798 5022 ἑαυτὴν
834 4952 1082 5022 δέχεσθαι
1122 4952 1192 5004 τὰ
1233 4951 1469 5022 ὀνόματα
1517 4951 1689 5005 ταῦτα
1724 4953 1816 5005 τοῦ

235 5049 369 5102 Υἱοῦ
398 5048 501 5119 τὴν
530 5045 736 5100 οὐσίαν.
768 5044 878 5098 Kal.
908 5043 1096 5114 ὥσπερ
1139 5044 1197 5098 ἐν
1228 5044 1535 5113 μεθυόντων
1559 5046 1819 5115 συνεδρίῳ

236 5138 571 5211 δημηγορῶν
589 5139 758 5190 οἴεται
786 5136 974 5207 μηδενὶ
995 5135 1301 5205 κατάφορον
1334 5136 1529 5188 ἑαυτοῦ
1564 5136 1663 5207 τὴν
1692 5138 1820 5207 περὶ

236 5232 297 5285 τὸ
326 5232 507 5299 δόγμα
545 5227 878 5298 κακουργίαν
910 5225 1252 5297 γενήσεσθαι.
1290 5227 1379 5296 Τῷ
1420 5227 1527 5299 γὰρ
1584 5227 1816 5297 συνάψαι

236 5325 296 5374 τὸ
319 5324 568 5392 γέννημα
596 5319 674 5389 τῷ
700 5318 956 5388 κτίσματι
987 5335 1047 5370 τε
1083 5319 1175 5370 καὶ
1205 5317 1280 5387 τῷ
1312 5320 1595 5388 ποιήματι,
1630 5319 1819 5372 ἐκκλέ-

240 5429 392 5466 πτειν
423 5414 638 5483 ἠγεῖται
660 5410 755 5481 τὴν
794 5409 934 5463 κατά
976 5410 1037 5461 τὸ
1064 5409 1458 5479 σημαινόμενον
1489 5411 1595 5463 τῶν
1618 5410 1817 5481 ὀνομά-

240 5522 347 5557 των
377 5502 661 5572 διαφορὰν.
687 5501 773 5554 διὰ
792 5502 894 5571 τῆς
936 5501 1044 5555 τῶν
1084 5502 1458 5568 ἁκοινωνήτων
1492 5503 1815 5567 συντάξεως.

245 5594 513 5648 Ταῦτατά
550 5592 687 5661 σοφά
734 5593 832 5662 τῆς
873 5593 1214 5662 διαλεκτικῆς
1263 5596 1627 5663 μηχανήματα
1653 5610 1666 5624 ο
1700 5594 1817 5647 ἀλλ’

246 5688 407 5756 ἡμεῖς
438 5690 487 5740 οί
524 5686 729 5739 ίδιῶται
762 5684 1027 5758 τῷλόγῳ,
1058 5684 1119 5736 τὸ
1169 5684 1266 5755 μὲν
1318 5683 1454 5739 εἶναι
1482 5686 1639 5739 τοῦτο
1676 5688 1820 5740 κατά

250 5781 347 5851 τὴν
377 5779 557 5850 φωνὴν
587 5779 679 5833 καὶ
710 5778 808 5848 τὴν
830 5776 1100 5847 γλῶσσαν,
1118 5777 1254 5849 ὅπερ
1276 5780 1304 5832 ὁ
1331 5778 1486 5847 λόγος
1512 5779 1636 5850 περὶ
1660 5778 1818 5850 ἡμῶν

1935 2146 2047 2191 stra
2100 2140 2399 2194 credidisse
2448 2156 2575 2196 vere
2627 2159 2750 2199 esse
2785 2146 3077 2216 unigenam
3123 2149 3342 2212 Filium.
3394 2170 3503 2208 non

1932 2226 2226 2297 adoptione
2255 2229 2488 2284 ascitum
2525 2231 2647 2285 falsi
2695 2234 2933 2287 nominis
2961 2233 3144 2301 Patri;
3178 2238 3271 2291 sed
3304 2256 3505 2293 securi»

1930 2319 2059 2371 dum
2098 2328 2350 2374 naturam
2388 2338 2486 2391 per
2513 2324 2656 2377 viam
2696 2327 3069 2395 generationis
3098 2345 3163 2383 ex
3199 2346 3264 2384 eo
3292 2333 3385 2401 qui
3419 2342 3503 2387 est

1929 2411 2320 2477 exsistentem;
2376 2430 2486 2467 non
2540 2423 2829 2471 externum
2900 2435 3078 2489 neque
3136 2422 3374 2476 alienum
3436 2426 3504 2478 ab

1929 2496 2051 2565 ejus
2080 2499 2171 2565 qui
2220 2500 2408 2567 genuit
2439 2508 2638 2555 natura
2666 2520 2681 2554 :
2708 2504 2823 2557 haec
2854 2506 3088 2575 primum
3128 2516 3188 2561 ut
3227 2508 3365 2564 falsa
3411 2527 3503 2564 ar-

1928 2597 2076 2658 guat,
2107 2600 2160 2643 et
2209 2597 2343 2644 tunc
2396 2591 2464 2645 de
2511 2597 2977 2663 consequentibus
3027 2598 3339 2668 disputator
3374 2618 3503 2671 per-

1928 2684 2213 2732 suasorius
2237 2682 2361 2734 erit.
2402 2680 2505 2735 Sed
2540 2683 2784 2751 quandiu
2824 2686 3057 2752 primum
3101 2689 3505 2746 inden‘ionstra-

1928 2777 2041 2822 tum
2084 2769 2273 2832 fuerit.
2312 2774 2660 2841 nugatorium
2694 2784 2779 2829 est
2825 2777 2877 2829 in
2916 2780 3174 2834 secundis
3209 2783 3497 2839 inhaarere.

1924 2859 2116 2917 Nullus
2162 2864 2292 2917 mihi
2346 2866 2636 2935 subcrepet
2701 2868 2843 2936 quod
2892 2869 3023 2922 illud
3066 2872 3230 2926 etiam
3276 2875 3423 2943 quod
3468 2891 3500 2929 a

1925 2952 2086 3007 nobis
2138 2967 2236 3021 pro
2282 2953 2537 3010 confesso
2588 2956 2839 3022 habetur,
2874 2960 3183 3017 rationibus
3229 2973 3283 3017 et
3330 2981 3501 3034 argn-

1922 3044 2125 3096 mentis
2184 3044 2424 3114 indigeat
2482 3048 2799 3102 conﬁrmari
2865 3058 2920 3104 et
2980 3052 3240 3121 probari;
3300 3057 3499 3110 suﬂicit

1922 3134 2066 3187 enim
2111 3134 2178 3188 ad
2229 3138 2409 3191 nostri
2466 3141 2738 3194 sermonis
2783 3142 3302 3200 demonstrationem
3349 3150 3498 3217 quod

1923 3225 2219 3282 habeamus
2265 3243 2294 3280 a
2343 3230 2589 3298 patrihus
2638 3232 2941 3287 venientem
2995 3237 3063 3289 ad
3097 3251 3200 3291 nos
3240 3240 3497 3295 traditio-

1922 3333 2066 3383 nem,
2105 3319 2252 3372 velut
2288 3319 2657 3377 hzereditatem
2700 3326 2995 3392 quamdam
3046 3344 3141 3398 per
3181 3332 3497 3387 successio-

1924 3424 2047 3463 nem
2079 3425 2142 3463 ex
2175 3413 2438 3479 apostolis
2479 3429 2575 3483 per
2613 3425 2834 3472 sanctos
2863 3428 3158 3487 sequentes
3203 3425 3498 3477 transmis—

1924 3514 2063 3553 sam.
2099 3500 2201 3567 Qui
2252 3512 2433 3557 autem
2481 3504 2549 3558 ad
2595 3508 2892 3562 novitatem
2940 3510 3082 3564 hanc
3122 3520 3495 3569 transmutant

1922 3592 2117 3662 dogma
2157 3595 2349 3649 multis
2396 3596 2705 3667 indigerent
2743 3600 3015 3655 rationum
3062 3608 3401 3675 argumentis
3441 3618 3497 3662 et

1922 3684 2157 3747 auxiliis,
2189 3686 2233 3738 si
2264 3701 2371 3740 non
2407 3688 2820 3755 pulverulentos
2845 3700 2899 3745 et
2938 3693 3143 3762 agitatu
3169 3696 3357 3753 faciles
3382 3699 3495 3754 sive

1923 3770 2111 3842 Euripi
2151 3789 2302 3829 more
2332 3777 2564 3831 mobiles
2598 3778 2869 3843 homines,
2899 3781 2994 3836 sed
3024 3783 3187 3837 etiam
3220 3802 3412 3855 graves
3441 3797 3496 3841 et

1922 3873 2239 3922 constantes
2290 3876 2345 3922 et
2390 3871 2656 3938 propositi
2707 3881 2931 3927 tenaces
2978 3883 3164 3929 essent
3210 3877 3277 3931 ad
3336 3893 3491 3932 suam

1923 3958 2248 4012 sententiam
2293 3957 2600 4015 adducturi.
2652 3961 2904 4028 Quandiu
2943 3974 3121 4019 autem
3183 3969 3335 4023 rudis
3394 3985 3494 4023 nec

1922 4048 2222 4117 probabilis
2283 4058 2337 4104 et
2387 4051 2858 4110 indemonstratus
2913 4072 3102 4111 eorum
3179 4074 3361 4114 sermo
3416 4063 3493 4115 ita

1920 4136 2250 4208 proferetur,
2311 4139 2494 4195 fatuus
2548 4151 2603 4196 et
2644 4144 2840 4198 brutus
2901 4145 3227 4213 habebitur,
3283 4156 3342 4202 ut
3396 4150 3491 4219 qui

1920 4230 2381 4296 evangelistarum
2412 4240 2467 4285 et
2498 4236 2888 4303 apostolorum,
2922 4245 2976 4293 et
3007 4253 3196 4293 eorum
3223 4243 3317 4311 qui
3339 4243 3493 4297 dein-

1921 4334 2051 4388 ceps
2080 4320 2134 4373 in
2167 4319 2432 4377 Ecelesiis
2457 4322 2778 4389 illuxerunt,
2804 4327 3110 4383 doctrinam
3136 4331 3490 4388 infirmiorem

1921 4408 2403 4465 indemonstrabili
2438 4414 2758 4481 garrulitate
2796 4416 2980 4471 faciat.

1993 4499 2099 4555 Sed
2158 4502 2443 4571 scriptoris
2487 4504 2726 4560 solertia:
2782 4516 2836 4561 et
2888 4508 3092 4578 ingenii
3146 4517 3491 4581 praestantis-

1921 4588 2119 4642 simum
2177 4605 2408 4645 acumen
2459 4596 2877 4664 perspiciamus,
2942 4602 3219 4668 quomodo
3266 4604 3489 4672 quidem

1923 4681 2192 4738 afﬂuentia
2214 4685 2562 4754 experientia;
2578 4687 2875 4745 dialectica:
2893 4690 2949 4746 in
2968 4695 3304 4747 contrarium
3336 4694 3491 4749 facile

1920 4773 2274 4842 simpliciores
2321 4776 2568 4833 attrahit.
2601 4776 2852 4835 Factum
2875 4792 2928 4836 et
2956 4794 3224 4837 creaturae
3249 4787 3492 4853 appella-

1919 4868 2052 4921 tioni
2082 4883 2270 4923 vocem
2304 4870 2468 4924 etiam
2510 4874 2852 4937 gennentatis
2928 4874 3009 4945 (id
3045 4885 3151 4940 est,
3187 4879 3488 4947 progeniei)

1920 4956 2121 5024 adjecit
2165 4972 2289 5011 cum
2343 4956 2502 5021 dixit,
2534 4957 2658 5013 Filii
2688 4964 2985 5016 essentiam
3019 4964 3070 5017 in
3108 4966 3343 5035 seipsam
3377 4968 3491 5021 haec

1920 5050 2145 5103 nomina
2194 5050 2470 5119 recipere;
2528 5060 2589 5105 et
2627 5054 2772 5107 velut
2810 5054 2863 5107 in
2894 5040 3172 5109 ebriorum
3223 5072 3487 5113 consessu

1921 5141 2257 5196 concionans
2297 5143 2501 5195 nemini
2530 5151 2683 5212 putat
2725 5160 2883 5198 suum
2916 5147 2968 5198 in
3000 5146 3254 5215 dogmate
3281 5150 3488 5203 maleﬁ—

1918 5230 2062 5282 cium
2095 5230 2317 5299 planum
2346 5238 2400 5283 et
2426 5232 2771 5299 perspicuum
2804 5231 2942 5287 fore.
2974 5233 3109 5289 Nam
3144 5242 3408 5289 creaturie
3435 5244 3489 5289 ct

1918 5320 2143 5375 factum
2187 5321 2587 5391 compingendo
2630 5338 2892 5392 genncma
2924 5324 3278 5393 (genituram)
3309 5328 3490 5380 nomi-

1919 5428 2048 5466 num
2085 5411 2446 5468 differentiam
2490 5413 2794 5468 secundum
2835 5415 3203 5484 significatum
3253 5418 3393 5472 clam
3434 5429 3489 5473 et

1919 5504 2105 5558 furtim
2152 5520 2211 5559 se
2248 5505 2437 5559 tollere
2482 5505 2783 5567 existimat,
2814 5505 2927 5559 haec
2954 5506 3173 5560 nomina
3208 5524 3329 5576 qua:
3360 5512 3487 5562 nul-

1918 5595 2024 5649 lam
2076 5594 2219 5648 inter
2265 5609 2324 5649 se
2367 5593 2571 5647 habent
2617 5595 3082 5661 communionem,
3122 5596 3286 5650 simul
3340 5614 3490 5651 com—

1916 5686 2188 5758 ponendo.
2211 5685 2334 5741 Haec
2358 5694 2486 5741 sunt
2511 5686 2672 5740 docta
2695 5684 2996 5742 dialecticae
3016 5687 3487 5753 machinamenta;

1924 5779 2017 5836 sed
2060 5795 2158 5837 nos
2202 5778 2367 5836 rudes
2410 5785 2465 5835 et
2518 5779 2749 5850 imperiti
2794 5794 3068 5849 sermone,
3122 5780 3225 5837 hoc
3270 5781 3489 5853 quidem
