3922 6500
409 383 520 441 655

1603 381 1612 390 ’
1679 379 1736 436 S.
1778 380 2108 437 GREGORII
2144 377 2440 437 NYSSENI

3564 371 3659 426 6338

396 516 533 560 resse
581 497 880 556 secundum
920 512 1106 554 vocem
1147 506 1204 551 et
1248 497 1514 570 linguam,
1569 499 1718 567 quod
1758 499 1978 569 quidem

2107 503 2380 563 isixvuatv,
2432 500 2531 553 οὑκ
2567 495 2895 568 ἀρνοὺμεθα.
2934 497 3081 551 Ὠτία
3131 496 3216 558 δὲ,
3240 494 3427 557 καθὼς
3463 497 3661 564 φησι-ιο

412 595 482 648 de
529 592 686 647 nobis
735 591 1078 645 demonstrat
1129 589 1328 653 oratio,
1363 604 1476 644 non
1507 590 1835 645 inliciamur.
1867 592 1984 644 Au-

400 685 620 739 riculas
674 691 877 746 autem,
935 681 1082 735 sicut
1131 681 1208 733 ait
1241 679 1533 751 Propheta,
1571 681 1730 736 nobis
1772 690 1983 751 aptatas

413 791 536 832 esse
563 785 618 830 et
641 775 978 844 compositas
1019 773 1084 826 ad
1135 772 1380 828 auditum
1416 775 1554 829 bene
1596 774 1982 844 inlelligentem

398 864 759 919 conﬁtemur.
788 852 1078 932 Propterea
1102 877 1197 932 per
1217 877 1531 932 compagem
1557 863 1838 917 nominum
1865 877 1987 932 qua:

414 956 618 1010 nullam
671 955 810 1008 inter
857 969 916 1008 se
967 954 1170 1008 habent
1207 954 1672 1016 communionem,
1716 953 1785 1007 ad
1818 955 1988 1022 signi-

417 1047 702 1102 ﬁcatorum
727 1043 1105 1100 confusionem
1133 1045 1450 1113 neutiquam
1485 1045 1816 1098 inducimur.
1851 1044 1983 1098 Nam

415 1138 524 1194 etsi
561 1153 790 1206 magnus
815 1137 1112 1207 Aposmlus
1137 1136 1191 1190 in
1226 1137 1415 1198 eodem
1439 1136 1703 1191 orationis
1731 1144 1984 1191 contextu

419 1229 666 1286 nominet
705 1231 850 1299 ligna
882 1228 1143 1284 et‘fenum
1177 1237 1231 1282 et
1263 1227 1543 1297 stipulam,
1598 1243 1900 1297 aurumque
1933 1237 1988 1283 et

419 1334 702 1394 argentum
749 1331 802 1378 et
850 1321 1058 1390 lapides
1104 1321 1372 1390 pretiosos
1403 1319 1517 1386 ²³⁶ς
1561 1328 1747 1375 tamen
1777 1329 1832 1376 et
1893 1338 1990 1374 nu-

418 1429 630 1468 merum
664 1428 854 1468 eorum
907 1428 1029 1482 qua
1081 1413 1360 1468 recensuit
1393 1413 1706 1467 summatim
1761 1429 1989 1482 compa-

422 1511 624 1566 tamus,
651 1512 815 1572 atque
845 1504 1011 1556 etiam
1045 1511 1293 1556 naturam
1325 1517 1518 1557 eorum
1549 1517 1671 1571 quae
1702 1504 1986 1558 nominata

422 1595 798 1665 suntproprie
839 1603 894 1650 et
929 1595 1289 1664 singulariter
1313 1583 1474 1665 prout
1503 1599 1702 1663 cuique
1734 1595 1988 1649 convenit

411 1701 534 1740 non
588 1686 993 1757 ignorabimus;
1030 1687 1110 1741 sic
1159 1687 1324 1741 etiam
1355 1702 1500 1740 nunc
1530 1701 1791 1756 gennema
1820 1694 1876 1740 et
1911 1686 1990 1739 fa-

409 1790 578 1832 ctura
607 1796 733 1835 eum
766 1780 834 1835 de
866 1779 1058 1835 eodem
1095 1780 1374 1834 nominata
1413 1780 1542 1842 sint,
1570 1796 1635 1834 ex
1669 1779 1894 1834 vocibus
1925 1777 1990 1831 ad

2091 595 2404 664 Προφήτης,
2463 591 2822 662 κατηρτίσθαι
2873 592 2968 643 καὶ
3010 592 3141 661 ἡμῖν
3189 590 3328 660 πρὸς
3381 587 3547 659 ἀκοήν
3578 588 3660 638 εὑ-

2094 683 2331 748 σὺνετον,
2384 681 2771 752 ὁμολογοῦμεν.
2816 682 3014 752 Διόπερ
3070 681 3220 734 οὐδὲν
3267 679 3361 732 διὰ
3404 679 3501 750 τῆς
3552 695 3664 730 συν-

2093 775 2286 843 αφείας
2333 775 2440 826 τῶν
2475 773 2854 842 ἀκοινωνήτων
2894 771 3171 840 ὀνομάτων
3207 770 3285 832 εἰς
3321 768 3422 838 τὴν
3451 768 3557 818 τῶν
3577 785 3666 837 ση-

2097 867 2434 938 μαινομένων
2461 865 2720 935 σὺγχυσιν
2751 862 3075 932 ὑπαγόμεθα
3102 879 3114 892 ’
3149 861 3282 914 ἀλλὰ
3309 859 3413 912 κᾶν
3445 860 3473 912 ὀ
3500 858 3666 928 μέγας

2107 958 2421 1021 Ἀπόστολος
2438 957 2577 1010 κατὰ
2610 956 2810 1009 ταὺτὸν
2858 955 3095 1025 ὀνομάσῃ
3147 953 3278 1020 ξύλα
3315 951 3413 1004 καὶ
3460 949 3662 1018 χόρτον,

2095 1053 2187 1106 καὶ
2216 1052 2484 1122 καλάμην,
2517 1051 2712 1121 χρυσόν
2757 1067 2816 1102 τε
2860 1051 2951 1102 καὶ
2989 1047 3227 1118 ἄργυρον
3258 1046 3354 1097 καὶ
3391 1043 3570 1106 λίθους
3593 1059 3666 1094 τι-

2098 1143 2251 1214 μίους
2268 1158 2281 1170 ’
2312 1143 2401 1194 καὶ
2429 1143 2520 1194 τὸν
2547 1141 2775 1212 ἀριθμὸν
2797 1140 2904 1192 τῶν
2936 1158 3039 1210 μνη
3051 1137 3422 1208 μονευθέντων
3465 1134 3553 1186 ἐπὶ
3578 1151 3662 1185 κε-

2096 1235 2321 1303 φαλαίου
2358 1233 2798 1304 συλλογιζόμεθα,
2835 1233 2926 1285 καὶ
2964 1231 3060 1302 τὴν
3094 1231 3253 1298 φύσιν
3304 1226 3537 1280 ἑκάστου
3567 1225 3667 1277 τῶν

2095 1325 2600 1395 κατωνομασμένων
2644 1322 2950 1387 ἰδιαζόντως
2992 1323 3091 1374 οὑκ
3137 1315 3667 1388 ἀγνοήσομενοοὺτω

2097 1416 2188 1468 καὶ
2222 1415 2314 1469 νῦν
2335 1416 2668 1485 γεννήματος
2695 1415 2790 1467 καὶ
2831 1413 3131 1484 ποιήματος
3149 1409 3290 1462 κατά
3314 1407 3514 1460 ταὺτὸν
3539 1422 3669 1474 μνη-

2099 1506 2484 1576 μονευθέντων,
2524 1508 2589 1558 ἐκ
2639 1504 2745 1557 τῶν
2803 1503 2995 1574 φωνῶν
3044 1502 3136 1554 ἐπὶ
3181 1500 3249 1552 τά
3301 1497 3666 1569 σημαινόμενα

2100 1595 2454 1666 μεταϐάντες,
2484 1597 2544 1649 οὑ
2564 1595 2660 1666 τὴν
2690 1596 2861 1665 αὐτὴν
2903 1593 3117 1661 ἑκάστῳ
3155 1591 3261 1644 τῶν
3285 1588 3566 1656 ὀνομάτων
3590 1589 3667 1639 ὲν-

2097 1687 2410 1759 θεωροῦμεν
2465 1687 2722 1740 διάνοιαν.
2754 1685 2916 1738 ’Λλλο
2966 1686 3075 1755 γάρ
3114 1700 3168 1735 τι
3213 1683 3273 1735 rb
3322 1681 3545 1748 κτίσμα,
3578 1678 3666 1731 καὶ

2096 1781 2280 1848 ἕτερον
2321 1779 2576 1850 σημαίνει
2622 1780 2682 1832 rb
2715 1781 2956 1850 γέννημα
2988 1795 3003 1808 ο
3036 1776 3172 1829 ὥστε
3201 1775 3308 1828 κᾶν
3344 1775 3546 1835 ἐκεῖνος
3585 1788 3668 1840 μι-

423 1871 726 1940 signiﬁcata
773 1880 1142 1934 transeuntes,
1192 1886 1301 1925 non
1362 1872 1608 1925 eamdem
1660 1871 1714 1924 in
1771 1885 1990 1940 quoque

2107 1869 2228 1941 τνύῃ
2250 1869 2318 1923 τὰ
2352 1871 2590 1939 ἄμικτα·
2620 1872 2648 1922 ὀ
2685 1869 2900 1930 συνετὸς
2939 1866 3212 1938 ἀκροατὴς
3245 1861 3665 1933 διακεκριμένως

1643 1961 1787 2017 aliud
1841 1963 1984 2016 enim

424 2051 485 2103 rb
517 2052 721 2123 κτίσμα
765 2050 1088 2120 (creatura),
1131 2052 1277 2106 aliud
1323 2068 1452 2106 vero
1491 2052 1762 2121 signiﬁcat
1790 2052 1850 2104 rb
1873 2052 1998 2118 γέν-

421 2157 571 2211 νημα
645 2143 917 2211 (genitura
972 2142 1087 2198 sive
1137 2141 1438 2212 progenies)
1523 2141 1598 2194 Ita
1653 2150 1712 2195 ut
1765 2143 1866 2197 etsi
1912 2143 2000 2197 ille

424 2231 654 2285 misceat
715 2245 779 2285 ea
828 2246 948 2300 quae
991 2241 1273 2301 nequeunt
1324 2233 1666 2287 commisceri
1718 2253 1730 2287 :
1802 2235 2002 2288 intelli-

427 2337 564 2390 gens
616 2322 836 2376 auditor
884 2307 1145 2378 distincte
1180 2321 1372 2376 =audiet
1417 2329 1471 2375 et
1505 2321 1902 2378 demonstrabit
1925 2342 1990 2379 ex

416 2413 514 2468 'fbis
568 2430 692 2469 esse
749 2414 1043 2484 quzeilieri
1090 2429 1198 2468 non
1246 2421 1500 2482 possunt,
1539 2416 1874 2484 γεννήματος
1900 2431 1994 2485 ge-

420 2505 624 2561 nitura)
671 2514 724 2560 et
770 2506 1064 2575 κτίσματος
1107 2491 1338 2559 facturae
1367 2506 1785 2574 appellationem
1829 2521 1990 2560 unam

428 2596 664 2666 aliquam
719 2597 772 2651 in
818 2598 1056 2667 seipsam
1113 2597 1359 2666 recipere
1408 2605 1682 2651 naturam.
1733 2597 1790 2651 Si
1844 2599 1991 2654 enim

425 2683 623 2739 horum
653 2687 886 2741 alterum
916 2701 1042 2740 vere
1064 2685 1170 2740 dici
1208 2692 1414 2754 posset,
1437 2684 1782 2738 mendacium
1806 2699 1996 2739 neces-

428 2777 577 2831 sario
601 2780 704 2832 erit
734 2779 986 2832 alterum.
1027 2776 1209 2844 Quare
1251 2777 1296 2831 si
1337 2777 1543 2846 κτίσμα
1578 2774 1789 2829 factura
1824 2789 1992 2841 esset,

424 1963 708 2016 nominum
760 1963 1174 2032 intelligentiam
1239 1963 1516 2016 intuemur
1568 1981 1584 2016 :

2095 1961 2384 2015 ἀκούσεται
2413 1961 2504 2013 καὶ
2538 1959 2700 2025 δείξει
2721 1960 2826 2013 τῶν
2854 1959 3128 2012 ἀδυνάτων
3159 1953 3296 2008 εἶναι
3325 1953 3423 2024 τὴν
3447 1952 3537 2004 τοῦ
3553 1967 3666 2018 γεν-

2096 2053 2334 2122 νήματος
2373 2053 2467 2105 καδ.
2511 2052 2609 2120 τήν
2657 2051 2750 2103 τοῦ
2776 2050 3071 2120 κτίσματος
3112 2043 3507 2116 προσηγορίαν,
3550 2039 3665 2111 μίαν

2098 2143 2217 2196 τινὰ
2265 2142 2424 2211 φύσιν
2473 2145 2551 2203 εἰς
2606 2143 2804 2213 ἑαυτήν
2846 2139 3113 2210 δέχεσθαι.
3151 2139 3213 2192 Ei
3259 2137 3372 2206 γάρ
3400 2133 3462 2186 rb
3492 2133 3666 2201 ἕτερον

2097 2234 2412 2302 ἀληθεύοιτο
2459 2235 2682 2295 τούτων,
2741 2234 2930 2303 ψεῦδος
2985 2232 3045 2298 ιε
3101 2230 3350 2297 ἀνάγκης
3413 2225 3559 2278 ἔσται
3612 2222 3666 2274 τὸ

2095 2327 2299 2396 ἕτερον.
2331 2329 2493 2380 ’Ὥστε
2536 2328 2583 2379 εί
2625 2326 2828 2396 κτίσμα
2859 2325 2964 2396 εἴη,
3009 2323 3082 2394 μὴ
3108 2318 3247 2374 εἶναι
3272 2320 3520 2388 γέννημα
3543 2332 3556 2345 ·
3580 2315 3666 2366 καί

2096 2419 2156 2470 τὸ
2184 2418 2437 2488 ἔμπαλιν,
2486 2420 2534 2470 εί
2577 2419 2821 2488 γέννημα
2859 2417 3088 2485 λέγοιτο.
3141 2409 3550 2481 ἀλλοτριοῦσθαι
3575 2405 3666 2473 τῆς

2097 2511 2410 2581 ἐπωνυμίας
2439 2511 2530 2564 τοῦ
2583 2511 2900 2581 κτίσματος.
2934 2509 3092 2562 Ἀλλά
3140 2499 3663 2576 φησινόἘὺνόμιοςο

2099 2604 2177 2664 εἰς
2198 2604 2396 2674 ἑαυτὴν
2446 2604 2694 2674 δέχεσθαι
2743 2602 2838 2655 τοῦ
2894 2601 3021 2655 Υἱοῦ
3051 2600 3146 2671 τὴν
3181 2599 3373 2652 οὐσίαν
3432 2593 3529 2657 τὰς
3579 2588 3667 2643 τοῦ

2099 2696 2438 2764 γεννήματος
2503 2694 2595 2748 καὶ
2647 2695 2948 2764 ποιήματος
3017 2692 3112 2745 καὶ
3161 2691 3463 2760 κτίσματος
3512 2697 3664 2752 προσ·

2101 2787 2346 2856 ηγορίας.

428 2884 541 2924 non
563 2877 707 2924 esset
740 2869 984 2938 γέννημα
1018 2867 1311 2936 (genitura)
1346 2885 1359 2921 :
1401 2876 1454 2920 et
1519 2867 1637 2920 vice
1673 2881 1852 2929 versa,
1919 2870 1962 2922 si
2030 2872 2276 2945 γέννημα
2329 2876 2622 2946 (genitura)
2651 2876 2947 2934 diceretur.
2996 2874 3333 2926 alienaretur
3379 2884 3408 2922 a
3460 2866 3664 2919 facturae

424 2958 670 3014 nomine.
723 2955 828 3012 Sed
877 2957 954 3010 ait
1012 2956 1337 3018 Eunomius,
1369 2956 1422 3008 in
1457 2957 1696 3024 seipsam
1743 2957 1987 3025 recipere

2107 2966 2160 3017 lii
2209 2967 2503 3020 essentiam
2553 2968 2888 3038 γεννήματος
2939 2965 3243 3035 (geniturae)
3293 2969 3347 3016 et
3382 2959 3664 3030 ποιήματος

425 3049 698 3121 (facturae)
734 3058 786 3104 et
819 3049 1114 3119 κτίσματος
1159 3047 1472 3116 (creaturae)
1505 3047 1920 3116 appellationes.

501 3145 606 3201 Sed
651 3143 897 3213 nunquid
928 3159 1026 3211 per
1072 3158 1137 3197 ea
1189 3159 1309 3212 «(uae
1340 3153 1648 3212 sequuntur
1700 3145 1846 3197 hunc
1874 3144 1993 3198 sine

2170 3148 2260 3218 Μή
2285 3165 2336 3200 τι
2361 3147 2448 3200 διὰ
2474 3147 2581 3200 τῶν
2608 3108 2913 3200 ὑπολοίπων
2952 3143 3402 3215 κατηαφαλίσατο
3427 3140 3514 3193 τὸν
3549 3137 3663 3192 ἀκέο

430 3236 612 3305 capite
655 3243 710 3288 et
750 3235 870 3290 sine
913 3233 1104 3288 radice
1145 3248 1456 3288 sermonem
1493 3235 1856 3296 conﬁrmavit,
1901 3235 1994 3303 qui

2107 3237 2270 3305 φαλον
2304 3237 2490 3291 τοῦτον
2517 3239 2611 3290 καὶ
2642 3235 2862 3308 ἄρριζον
2887 3235 3067 3303 λόγον,
3129 3231 3188 3295 ὂς
3215 3233 3442 3303 οὐδεμιᾷ
3463 3231 3544 3282 διὰ
3565 3230 3662 3280 τῶν

432 3327 651 3396 quidem
698 3327 865 3380 exiis
891 3341 1012 3394 quae
1044 3326 1198 3394 prius
1245 3323 1392 3378 dicta
1443 3333 1572 3379 sunt
1619 3326 1768 3378 nullo
1801 3326 1998 3379 robore

431 3417 696 3472 fundatus
743 3424 828 3470 est
905 3417 970 3470 ad
1033 3415 1085 3469 id
1156 3416 1301 3484 quod
1346 3415 1836 3482 superzeditlcatum
1895 3419 2010 3470 est?

432 3507 518 3562 An
566 3508 730 3562 etiam
761 3507 971 3576 reliqua
1000 3506 1190 3560 eadem
1214 3505 1456 3560 vanitate
1486 3506 1758 3569 laborant,
1783 3523 1814 3559 a
1848 3507 2002 3560 nullo

431 3618 502 3656 ex
521 3600 831 3655 rationibus
850 3599 1018 3668 petito
1043 3598 1244 3652 auxilio
1267 3599 1436 3652 robur
1455 3598 1686 3667 adepta;
1714 3597 1808 3652 sed
1835 3598 2001 3650 latam

423 3701 492 3749 et
528 3691 862 3747 inconditam
905 3691 1054 3745 velut
1087 3693 1139 3744 in
1170 3690 1505 3745 somniorum
1550 3690 1864 3743 narratione
1894 3689 2004 3742 bla-

435 3785 698 3855 sphemiae
721 3783 1123 3853 expositionem
1170 3782 1452 3836 habentia?
1480 3780 1624 3836 Dicit
1661 3782 1807 3836 enim
1838 3781 2004 3837 dictis

431 3871 552 3925 hare
603 3878 906 3926 annectens
957 3890 969 3924 :
1021 3869 1394 3924 Immediatam
1440 3871 1646 3940 quidem
1698 3872 1804 3925 sive
1858 3872 2004 3924 nullo

428 3964 813 4017 intercurrente
848 3961 1017 4014 medio
1052 3961 1321 4015 habentem
1353 3963 1760 4029 generationem,
1804 3961 2005 4029 impar-

428 4051 659 4108 -tibiliter
690 4062 863 4104 autem
893 4060 1184 4105 servantem
1211 4067 1329 4102 cum
1356 4067 1415 4104 eo
1449 4051 1538 4119 qui
1566 4052 1744 4120 genuit
1782 4061 1829 4104 et
1861 4052 2003 4118 fecit,

421 4150 486 4195 ,ει
515 4142 706 4194 creavit
745 4141 1072 4194 relationem.
1101 4139 1156 4192 Si
1185 4144 1351 4200 enim,
1381 4156 1446 4193 eo
1469 4141 1688 4209 dempto
1717 4156 1825 4209 quo
1850 4142 2002 4206 dicit,

424 4233 800 4287 'immediatum
825 4245 874 4285 et
901 4231 1296 4298 impartibilem,
1343 4231 1516 4299 ipsam
1565 4233 1619 4285 in
1661 4233 1841 4301 seipsa
1882 4248 2003 4285 ver-

431 4323 630 4377 borum
681 4324 1010 4377 sententiam
1062 4333 1393 4391 spectemus,
1457 4323 1797 4376 inveniemus
1855 4322 2003 4392 quod

439 4414 644 4482 ubique
684 4414 947 4467 doctrinm
991 4413 1241 4468 delirium
1267 4422 1321 4468 et
1351 4427 1530 4468 meras
1555 4429 1727 4480 nugas
1753 4415 2010 4482 nulloque

441 4503 676 4556 rationis
723 4509 998 4556 momento
1026 4503 1408 4556 conlirmatum
1442 4518 1749 4558 sermonem
1781 4505 2008 4559 auribus

2107 3331 2337 3400 πρώτων
2372 3331 2674 3399 κατεϐλήθη
2700 3329 2835 3398 πρὸς
2866 3327 2927 3380 τὸ
2959 3324 3500 3392 κατασκευαζόμενον
3518 3319 3660 3372 δυνά·

2111 3434 2226 3487 μεις
2249 3419 2317 3469 Ἥ
2347 3419 2441 3470 καὶ
2469 3417 2538 3470 τὰ
2558 3416 2720 3469 λοιπὰ
2748 3415 2847 3485 τῆς
2882 3414 3050 3478 αὑτῆς
3083 3412 3264 3482 ἔχεται
3303 3409 3658 3482 ματαιότητος,

2107 3507 2207 3559 οὑκ
2236 3509 2343 3562 άπό
2373 3527 2514 3573 τινος
2536 3511 2633 3578 τῆς
2680 3511 2743 3562 ἐκ
2781 3507 2890 3560 τῶν
2930 3505 3202 3575 λογισμῶν
3229 3503 3543 3575 συμμαχίας
3574 3503 3660 3569 τὴν

2111 3602 2262 3671 ἰσχὺν
2295 3601 2666 3672 προλαϐόντα·
2728 3598 2864 3653 ἀλλὰ
2911 3597 3210 3665 διεξοδικὴν
3249 3614 3311 3649 τε
3346 3595 3439 3648 καὶ
3476 3590 3661 3645 ἀκατά-

2111 3708 2304 3744 σκευον
2333 3691 2520 3761 ὥσπερ
2541 3692 2634 3744 ἐπὶ
2647 3691 2745 3761 τῆς
2766 3690 2872 3744 τῶν
2897 3690 3121 3759 ὀνείρων
3141 3689 3445 3758 διηγήσεως
3464 3685 3555 3754 τὴν
3573 3681 3660 3748 τῆς

2112 3782 2456 3852 βλασφημίας
2485 3781 2695 3834 ἔκθεσιν
2737 3779 2957 3849 ἕχοντα;
2989 3781 3150 3848 Λέγει
3177 3779 3289 3851 γὰρ
3322 3781 3432 3839 τοῖς
3455 3773 3659 3844 εἰρημέ-

2109 3890 2220 3936 νοις
2240 3873 2572 3941 ὲπισυνάψας
2594 3870 2768 3925 ταῦτα
2793 3889 2807 3903 ·
2836 3873 2917 3924 ὅτι
2945 3873 3357 3940 Ἀμεσίτευτον
3368 3868 3482 3938 μὲν
3506 3867 3661 3933 ἔχου·

2112 3979 2232 4018 σαν
2273 3963 2386 4030 τὴν
2440 3964 2762 4033 γέννησιν,
2791 3963 3116 4031 ἀμερίστως
3149 3960 3216 4013 δὲ
3236 3958 3543 4019 σώζουσαν
3561 3950 3661 4017 τὴν

2112 4058 2259 4127 πρὸς
2307 4058 2413 4110 τὸν
2467 4057 2863 4126 γεγεννηκότα
2903 4053 2998 4106 καὶ
3033 4052 3402 4117 πεποιηκότα
3431 4047 3521 4099 καὶ
3549 4042 3659 4095 κτί-

2113 4165 2308 4202 σαντα
2332 4148 2569 4216 σχέσιν.
2605 4148 2665 4199 Εἰ
2714 4145 2824 4216 γὰρ
2861 4145 2922 4196 rb
2949 4141 3302 4214 ἀμεσίτευτόν
3324 4157 3382 4193 τε
3421 4138 3510 4190 καὶ
3537 4131 3658 4202 ἁμέ·

2117 4258 2297 4308 ριστον
2340 4239 2748 4301 καταλιπόντες,
2775 4236 2943 4306 αὐτὴν
2969 4233 3052 4302 ἐφ’
3084 4235 3284 4303 ἑαυτῆς
3306 4231 3658 4300 Θεωρήσαιμεν

2113 4331 2210 4400 τὴν
2242 4330 2348 4382 τῶν
2382 4330 2640 4400 ῥημάτων
2678 4328 2940 4390 διάνοιαν,
2977 4326 3278 4396 εὑρήσομεν
3306 4325 3385 4375 ὃτι
3411 4311 3658 4382 πανταχοῦ

2114 4421 2174 4473 τὸ
2201 4421 2436 4490 ληρῶδες
2461 4420 2560 4488 τῆς
2593 4417 2936 4479 διδασκαλίας
2968 4416 3033 4468 δι’
3067 4413 3277 4475 οὐδενὸς
3315 4401 3656 4480 ἱσχυροποιού-

2120 4529 2277 4584 μενον
2299 4512 2451 4579 λόγου
2483 4514 2598 4572 ταῖς
2622 4511 2810 4571 ἀκοαῖς
2835 4507 2943 4560 τῶν
2970 4506 3344 4573 άπατωμένων
3358 4495 3656 4584 προσρίπτες

441 4593 793 4660 deceptorum
848 4592 1082 4661 projicit.
1145 4592 1278 4646 Eunt
1310 4593 1399 4660 qui
1447 4595 1642 4663 genuit,
1702 4595 1901 4664 inquit,
1956 4610 1997 4649 et

2111 4580 2382 4656 rae-Ter
2436 4602 2852 4669 γεγεννηκότα,
2895 4597 3048 4667 φησὶ,
3105 4595 3201 4648 καὶ
3249 4594 3532 4647 κτίσαντα
3569 4580 3653 4634 καὶ

441 4683 533 4752 qui
580 4683 792 4744 creavit,
861 4691 909 4734 et
965 4683 1054 4751 qui
1106 4682 1250 4750 fecit.
1299 4681 1425 4738 Haec
1489 4684 1591 4738 etsi
1655 4686 1758 4738 tria
1822 4686 2013 4739 viden-

444 4791 554 4841 tur,
580 4782 813 4835 duorum
846 4791 1023 4835 tamen
1047 4797 1318 4835 sensuum.
1337 4779 1756 4851 signiﬁcantiam
1786 4781 2008 4843 habent,

442 4875 572 4941 quia
616 4874 740 4927 duae
779 4881 1005 4925 suntex
1053 4871 1134 4926 eis
1184 4887 1348 4926 voces
1401 4889 1525 4941 quae
1578 4873 1906 4941 req-nivalem
1958 4881 2012 4926 et

443 4961 779 5015 conveniunt
815 4964 953 5016 inter
976 4977 1033 5015 se
1065 4962 1117 5014 iu
1144 4961 1333 5015 eodem
1360 4977 1545 5015 sensu.
1575 4960 1709 5014 Nam
1735 4961 1798 5013 rb
1816 4963 2007 5026 ποιεῖν,

444 5052 548 5106 hoc
584 5060 668 5106 est
695 5052 893 5120 facere,
923 5059 976 5105 et
1001 5052 1060 5102 rb
1081 5050 1285 5113 κτίζειν
1318 5051 1416 5122 (a),
1449 5052 1499 5104 id
1531 5060 1615 5105 est
1641 5067 1842 5116 creare,
1873 5052 2013 5106 idem

445 5156 525 5200 est
567 5160 830 5214 prorsus;
869 5159 1056 5199 verum
1085 5147 1365 5213 generatio
1435 5144 1616 5197 (liil‘ert
1651 5145 1723 5197 ab
1746 5146 2012 5212 utrisque.

443 5238 580 5291 Cum
627 5238 795 5306 igitur
842 5238 1151 5290 communis
1201 5236 1483 5290 hominum
1524 5237 1712 5305 opinio
1753 5237 1819 5288 ad
1860 5235 2015 5290 diﬂ'e-

445 5331 680 5382 rcntiam
706 5343 900 5384 sensus
919 5343 985 5382 ex
1007 5328 1296 5382 verborum
1320 5327 1682 5391 signiﬁcantia
1706 5325 2014 5390 dividatur;

517 5485 582 5516 ³³⁸
617 5485 632 5538 1
667 5484 792 5539 Cor.
830 5501 911 5548 ut,
950 5485 1037 5540 i2.

519 5645 596 5713 (a)
621 5645 732 5700 Hoc
763 5647 990 5701 verbum
1021 5655 1104 5701 est
1135 5647 1437 5702 secundum
1457 5645 1700 5701 Graecam
1741 5647 2016 5713 phrasim;

446 5731 575 5768 nam
635 5732 732 5784 pro
781 5718 970 5770 eodem
1024 5717 1085 5768 rb
1135 5716 1338 5778 κτίζειν
1390 5724 1443 5771 et
1500 5717 1561 5769 rb
1617 5721 1790 5770 ποιεῖν
1845 5717 2018 5772 Graeci

451 5797 679 5856 ponunt.
705 5786 882 5841 Latini
929 5795 1109 5843 autem
1150 5788 1368 5843 diﬂerre
1401 5787 1634 5843 dicunt:
1661 5803 1782 5842 nam
1814 5803 2002 5843 creare

2119 4691 2475 4759 ποιήσαντα.
2535 4685 2718 4741 Ταῦτα
2758 4687 2860 4739 κᾶν
2913 4684 3039 4756 τρία
3074 4683 3241 4744 δοκεῖ,
3280 4683 3374 4734 δύο
3399 4673 3656 4745 νοημάτων

2118 4782 2232 4851 ἔχει
2289 4781 2387 4850 τὴν
2432 4779 2725 4850 σημασίαν,
2771 4775 2847 4846 τῷ
2884 4775 2982 4839 τὰς
3021 4775 3111 4828 δύο
3140 4775 3319 4844 φωνὰς
3352 4763 3655 4831 ἰσοδυναμεῖν

2118 4874 2371 4942 ἀλλήλαις
2398 4873 2537 4925 κατὰ
2569 4872 2666 4941 τὴν
2690 4871 2916 4923 ἔννοιαν.
2936 4870 3009 4922 Τὸ
3031 4869 3136 4940 γὰρ
3159 4867 3378 4936 ποιῆσαι
3396 4859 3469 4930 τῷ
3496 4855 3652 4910 κτίσαι

2115 4969 2309 5020 ταύτόν
2338 4970 2480 5018 ἐστιν
2503 4982 2513 4994 ·
2539 4966 2723 5035 ἕτερον
2749 4965 2804 5016 δὲ
2822 4968 2888 5016 τά
2908 4965 3055 5034 παρὰ
3078 4960 3383 5030 είρημέναή
3411 4955 3649 5024 γέννησιςο

2119 5059 2229 5129 Τῆς
2253 5055 2343 5111 οὖν
2374 5057 2560 5126 κοινῆς
2589 5056 2696 5108 τῶν
2724 5055 3022 5126 ἀνθρώπων
3048 5053 3384 5123 ὑπολήψεως,
3408 5044 3534 5115 πρὸς
3559 5039 3654 5091 δια-

2119 5151 2314 5221 φόρους
2341 5149 2545 5212 ὲννοίας
2577 5150 2639 5200 ἐκ
2683 5147 2781 5217 τῆς
2810 5147 2915 5199 τῶν
2941 5145 3199 5216 ῥημάτων
3236 5138 3498 5212 σημασίας
3517 5143 3652 5221 μερίς

2118 5218 2369 5312 ζομένης,
2417 5242 2500 5305 τίς
2546 5243 2676 5310 ήμῖν
2738 5238 2976 5305 ἐπέδειξε
3028 5238 3181 5306 λόγος
3221 5231 3412 5287 ταύτὸν
3438 5223 3560 5280 εἶναι

2118 5335 2367 5401 γεννήσει
2424 5331 2483 5384 rb
2539 5328 2777 5400 ποίημαο
2837 5329 2926 5382 ἵνα
2968 5329 3065 5398 τὴν
3114 5327 3238 5396 μίαν
3273 5321 3450 5376 οὐσίαν
3475 5315 3533 5382 τῇ
3560 5315 3650 5360 των

2126 5658 2344 5734 ρτρρτῖε
2376 5656 2611 5734 ἀίοίιιιτη
2642 5671 2707 5709 ex
2752 5652 2946 5719 nihilo,
2996 5650 3178 5706 facere
3217 5660 3342 5704 vero
3383 5654 3442 5697 ex
3491 5639 3644 5700 allqﬂa

2126 5729 2371 5799 subjecta
2422 5729 2669 5780 materia.
