3922 6478
201 366 299 422 εδει

1267 365 1548 421 CONTRA
1581 365 1972 434 EUNOMlUM,
2013 368 2150 424 LIB.
2183 368 2288 424 IV.

3332 362 3434 422 653

204 481 452 554 ῥημάτων
487 480 734 550 διαφορᾷ,
770 478 1286 550 προσαρμόσωμενς
1322 479 1468 544 Ἕως
1494 480 1603 552 γάρ
1629 481 1693 535 ἂν
1727 484 1760 552 ή

1869 497 1985 554 quae
2029 469 2170 539 ratio
2208 483 2367 540 nobis
2420 482 2664 539 ostendit
2707 482 2850 538 idem
2883 497 3006 539 esse
3043 497 3166 538 cum
3199 498 3432 554 genera-

204 572 424 643 συνήθης
457 574 626 642 κρατῇ
664 570 912 641 σημασία
934 569 1044 622 τῶν
1089 568 1308 633 λέξεων,
1340 573 1435 624 καὶ⁴
1461 571 1651 642 μηδεὶς
1673 573 1762 624 εὐ-

205 664 433 735 ρίσκεται
490 660 644 730 λόγος
671 664 700 714 6
731 661 1150 732 μετασκευάξων
1181 664 1261 724 είς
1289 662 1350 714 τὸ
1390 663 1633 718 ἐναντίον
1663 663 1763 726 τὰς

197 757 297 808 τῶν
345 754 604 825 ῥημάτων
653 753 954 824 ἑμφάσεις’
982 754 1082 806 οὐκ
1137 750 1413 824 ἐνδέχεται
1467 755 1594 824 μίαν
1637 755 1762 808 τινὰ

199 849 346 918 φύσιν
383 847 520 911 πρὸς
565 847 665 918 τὴν
719 847 811 900 τοῦ
854 847 1160 916 ποιήματος
1187 847 1282 900 καὶ
1307 849 1644 917 γεννήματος
1676 847 1762 900 ἒν-

199 957 328 992 νοιαν
363 939 762 1008 διασχισθῆναι.
803 939 1018 1008 Ἐπειδὴ
1050 939 1156 1009 γὰρ
1204 941 1288 1006 ἐφ’
1314 939 1507 992 ἑαυτοῦ
1537 939 1764 1009 λεγόμε-

198 1048 275 1082 νον
298 1029 502 1082 τούτων
533 1030 810 1099 ἑκάτερον,
853 1027 1154 1091 ἰδιάζουσαν
1179 1027 1292 1099 ἔχει
1326 1028 1424 1099 τὴν
1447 1030 1760 1099 ἑρμηνείαν,

196 1121 394 1190 ἀνάγκη
423 1122 599 1182 πᾶσα,
637 1121 846 1173 οἰκείαν
875 1137 933 1172 τε
974 1121 1066 1174 καὶ
1110 1120 1348 1190 συγγενῆ
1386 1123 1497 1183 τοῖς
1537 1121 1762 1190 ὀνόμασι

198 1213 614 1265 συνεπινοεῖσθαι
643 1214 737 1266 καὶ
780 1211 878 1282 τὴν
923 1211 1175 1283 σχετικὴν
1204 1212 1483 1279 συζυγίαν.
1518 1214 1628 1265 Καὶ
1657 1213 1764 1282 γὰρ

196 1304 254 1356 τὰ
292 1303 451 1356 λοιπὰ
503 1304 612 1355 τῶν
652 1304 788 1375 πρός
819 1320 872 1356 τι
904 1303 1233 1374 λεγομένων,
1266 1304 1327 1356 οὐ
1358 1304 1493 1374 πρὸς
1519 1305 1579 1356 τὸ
1609 1304 1760 1357 ἀλλό-

191 1397 328 1465 τριόν
352 1414 409 1448 τε
435 1395 536 1448 καὶ
568 1396 940 1465 ἀκατάλληλον
967 1397 1078 1466 ἔχει
1108 1397 1207 1467 τὴν
1239 1397 1568 1467 οἰκειότητα.
1607 1397 1766 1449 Ἀλλὰ

195 1488 285 1540 κᾶν
319 1487 573 1557 σιωπηθῇ
609 1488 745 1557 πρὸς
782 1487 810 1540 ὃ
848 1487 1088 1555 λέγεται,
1135 1488 1456 1557 αὐτομάτως
1493 1487 1629 1558 μετὰ
1671 1489 1763 1542 τοῦ

193 1577 541 1646 πρωτοτύπου
572 1579 666 1630 καὶ
690 1577 751 1631 τὸ
771 1577 1197 1648 συνεζευγμένον
1217 1578 1476 1632 ἀκούεται
1499 1593 1510 1606 ⁸
1541 1572 1652 1631 οἷον
1673 1579 1769 1650 δη-⁵

194 1669 458 1738 μιουργὸς,
503 1667 711 1732 δοῦλος,
740 1670 910 1738 φίλος,
943 1671 1075 1733 υίὸς,
1098 1671 1193 1722 καὶ
1214 1669 1284 1722 τὰ
1313 1669 1556 1725 τοιαῦτα.
1584 1671 1766 1724 Πάντα

189 1758 284 1827 γὰρ
305 1757 406 1811 ὅσα
433 1761 510 1828 τῇ
544 1760 680 1830 πρὸς
711 1760 898 1830 ἕτερον
931 1761 1180 1830 ἀναφορᾷ
1223 1759 1529 1828 Θεωρεῖται,
1560 1761 1660 1829 τὴν
1681 1762 1763 1813 oi-

190 1826 327 1902 κείαν
353 1826 614 1912 ἕκαστον..
646 1852 738 1904 καὶ
774 1826 1126 1923 συνημμένην
1147 1826 1241 1906 τοῦ
1273 1826 1764 1922 δηλουμένου-συγ-
1795 1826 1838 1883 Β

190 1940 386 2004 γένειαν
422 1941 522 1993 διὰ
567 1941 669 2009 τῆς
712 1941 1078 2013 προσηγορίας
1121 1943 1482 2014 παρίστησιν,
1535 1944 1786 2014 ἄμικτον

189 2031 365 2100 ἔχοντα
389 2032 499 2102 τὴν
547 2033 682 2102 πρὸς
719 2033 779 2084 τι
806 2034 1117 2104 ὲτερογενὲς
1157 2033 1461 2087 κοινωνίαν.
1492 2034 1628 2087 Οὔτε
1657 2035 1768 2105 γὰρ

189 2121 270 2174 τοῦ
295 2121 644 2192 δημιουργοῦ
673 2123 732 2176 τὸ
771 2124 938 2194 ὄνομα
967 2124 1043 2194 τῷ
1087 2124 1191 2194 υἱῷ
1234 2126 1608 2192 συνέζευκται,
1641 2127 1764 2182 οὔτε

190 2210 325 2280 ήτοῦ
351 2211 556 2265 δούλου
579 2213 732 2283 φωνὴ
776 2213 910 2282 πρὸς
935 2213 1024 2266 τὸν
1061 2213 1388 2284 δημιουργὸν
1410 2207 1761 2286 ἀναφέρεται,

185 2301 295 2356 οὔτε
322 2304 350 2355 6
382 2302 548 2372 φίλος
569 2303 662 2356 τὸν
685 2304 871 2357 δοῦλον
909 2305 1196 2374 ἐδήλωσεν,
1223 2305 1346 2359 οὔτε
1371 2309 1400 2360 6
1430 2308 1544 2370 υίὸς
1567 2308 1655 2361 τὸν
1683 2309 1769 2361 δε-

189 2395 378 2464 σπότην
396 2411 410 2424 ·
437 2394 588 2446 ἀλλὰ
613 2397 852 2467 φανερὰν
872 2397 964 2450 καὶ
982 2398 1402 2470 διακεκριμένην
1420 2400 1623 2454 τούτων
1644 2402 1768 2455 ἑκά-

191 2502 301 2537 στου
322 2486 422 2556 τὴν
454 2485 602 2556 πρὸς
641 2487 701 2540 τὸ
744 2489 1078 2558 κατάλληλον
1122 2487 1384 2557 συζυγίαν
1417 2491 1770 2558 ἐπιγινώσκο-

192 2593 295 2645 μεν,
322 2579 584 2642 νοοῦντες
615 2579 704 2632 διὰ
736 2580 834 2649 μὲν
865 2580 959 2633 τοῦ
996 2581 1149 2648 φίλου
1188 2580 1372 2653 ἕτερον
1394 2581 1568 2651 φίλον,
1593 2583 1678 2637 διὰ
1707 2584 1764 2637 δὲ

187 2667 269 2719 τοῦ
284 2668 475 2723 δούλου
497 2671 591 2722 τὸν
617 2670 806 2741 κύριον
821 2689 834 2702 ·
852 2671 913 2724 τὸ
933 2671 989 2724 δὲ
1013 2671 1173 2742 ἔργον
1195 2672 1284 2726 διὰ
1297 2673 1392 2726 τοῦ
1410 2674 1762 2745 δημιουργοῦ,

188 2757 271 2809 καὶ
291 2758 373 2811 διὰ
391 2758 500 2812 τοῦ
545 2759 663 2812 υίοῦ
687 2759 778 2812 τὸν
808 2761 1044 2830 πατέρα.
1077 2760 1233 2814 Οὕτω
1250 2761 1534 2816 τοίνυνκαὶ
1555 2763 1616 2816 τὺ
1644 2763 1766 2831 γέν-

189 2867 319 2918 νημα
340 2852 486 2920 πρός
517 2868 570 2903 τι
604 2851 700 2922 τὴν
718 2852 914 2922 κυρίαν
946 2852 1183 2923 ἔμφασιν
1216 2853 1352 2925 ἔχει.
1406 2853 1615 2909 Οὐκοῦν
1645 2872 1766 2908 συν-

188 2939 423 3002 έζευκται
451 2942 541 3012 τῷ
568 2943 664 3012 μὲν
690 2946 990 3014 γεννήματι
1021 2947 1050 2998 6
1079 2947 1368 3015 γεννήσας,
1402 2945 1481 3016 τῷ
1506 2946 1768 3015 κτίσματι

185 3029 210 3079 ὁ
228 3029 430 3094 κτίσας.
444 3032 555 3090 (α).
570 3035 680 3087 Καὶ
695 3032 776 3086 δεῖ
795 3032 1016 3098 πάντος,
1033 3033 1146 3102 εἴγε
1167 3034 1241 3105 μὴ
1263 3033 1552 3104 μέλλοιμεν
1568 3031 1766 3101 σύγχυ-

188 3119 261 3170 σίν
317 3137 442 3172 τινα
491 3116 602 3169 τῶν
652 3118 996 3187 πραγμάτων
1055 3119 1144 3172 διὰ
1187 3125 1286 3190 τῆς
1323 3122 1431 3174 τῶν
1489 3123 1766 3194 ὀνομάτων

187 3209 499 3280 ὑπαλλαγῆς
530 3211 795 3277 ἐμποιεῖν,
836 3210 1028 3276 σώζειν
1044 3212 1257 3284 ἑκάστῳ
1288 3214 1396 3268 τῶν
1422 3215 1558 3286 πρός
1595 3233 1647 3268 τι
1678 3215 1764 3268 λε·
1791 3200 1836 3261 C

193 3302 414 3367 γομένων
444 3301 516 3353 τὸ
537 3301 752 3364 οἰκείως
784 3305 1309 3375 συσσημαινόμενον.

1862 576 2010 631 tione
2058 574 2324 630 facturam
2362 593 2376 629 :
2421 575 2495 630 ita
2543 583 2603 629 ut
2660 590 2820 629 unam
2861 576 3216 646 eamdemque
3244 589 3436 630 essen-

1863 667 1994 720 tiam
2025 667 2312 722 verborum
2342 667 2664 723 diﬁ‘erentia:
2697 668 3216 723 accommodcmus?
3253 666 3436 724 Donec

1863 757 2007 810 enim
2031 755 2333 810 dictionum
2365 756 2656 812 familiaris
2678 757 3045 828 signiﬁcantia
3068 757 3434 828 praevaluerit,

1863 856 1916 904 et
1957 849 2104 903 nulla
2146 848 2459 903 inveniatur
2501 849 2642 903 ratio
2677 864 2800 918 qua:
2851 850 3142 903 verborum
3194 850 3250 903 in
3299 865 3435 902 con-

1865 940 2092 992 trarium
2126 947 2457 996 transmutet
2492 947 2652 996 notas
2693 940 3149 1009 signiﬁcationes,
3181 955 3286 994 non
3323 941 3436 994 ﬁeri

1864 1039 2041 1102 potest
2073 1041 2132 1086 ut
2160 1048 2268 1086 una
2295 1033 2473 1102 aliqua
2501 1042 2701 1086 natura
2736 1032 2802 1085 ad
2834 1031 3060 1087 facturae
3089 1040 3142 1088 et
3172 1033 3437 1104 geniturae

1865 1125 2113 1179 notitiam
2172 1124 2513 1180 discindatur
2565 1141 2577 1177 :
2631 1125 3077 1194 quandoquidem
3133 1126 3190 1179 in
3245 1125 3429 1194 seipsn

1865 1229 1989 1267 cum
2041 1212 2243 1267 dicitur
2289 1213 2500 1267 horum.
2532 1223 2850 1282 utrumque,
2897 1215 3228 1283 peculiarem
3276 1214 3440 1268 habet

1867 1307 2396 1377 interpretationem,
2446 1318 2676 1359 necesse
2715 1313 2800 1358 est
2844 1319 3092 1373 prorsus,
3131 1305 3440 1374 propriam-

1863 1413 1971 1468 que
2002 1406 2068 1452 et
2084 1405 2370 1466 cognatam
2411 1410 2535 1451 cum
2580 1396 2896 1451 nominibus
2931 1405 3112 1450 mente
3147 1397 3445 1466 concipere-

1866 1498 2109 1544 mutuam
2126 1498 2180 1542 et
2200 1487 2480 1543 relativam
2509 1486 2976 1556 coniugationem.
3000 1485 3134 1539 Nam
3154 1495 3207 1541 et
3221 1487 3435 1555 reliqua

1866 1594 1987 1650 qua:
2033 1579 2205 1634 relata
2236 1577 2520 1641 dicuntur,
2554 1593 2663 1630 non
2688 1576 2753 1630 ad
2785 1577 2891 1630 alia
2929 1592 3050 1646 qua:
3083 1575 3288 1631 diversi
3323 1577 3439 1630 sint

1866 1671 2098 1742 generis
2136 1670 2456 1725 relationem
2505 1669 2621 1723 sive
2679 1669 3143 1723 necessitudinem
3199 1667 3432 1730 habent;

1866 1761 1963 1818 sed
2009 1762 2224 1817 etiamsi
2283 1761 2582 1815 relatorum
2628 1759 2860 1813 alterum
2917 1767 3185 1820 taceatur,
3236 1759 3438 1813 nihilo-

1865 1852 2052 1905 minus
2094 1858 2298 1918 sponte
2333 1863 2456 1902 cum
2521 1848 2804 1918 primitivo
2859 1849 3020 1902 ctiam
3085 1847 3432 1917 conjugatum

1866 1944 2209 2014 intelligitur.
2246 1942 2424 1997 Veluti
2466 1940 2676 2010 Opifex,
2732 1956 2948 2003 servus,
2984 1941 3215 2002 amicus,
3266 1939 3434 2004 ﬁlius,

1864 2045 1919 2091 et
1953 2050 2074 2106 quae
2109 2042 2237 2088 sunt
2276 2034 2567 2104 ejusmodi.
2603 2031 2797 2085 Omnia
2831 2032 2976 2086 enim
3011 2046 3134 2101 qua:
3177 2047 3271 2100 per
3300 2033 3436 2084 rela-

1865 2127 2068 2182 tionem
2112 2125 2180 2179 ad
2205 2126 2438 2179 alterum
2489 2123 2914 2179 considerantur
2937 2124 3214 2193 prepriam
3253 2132 3308 2178 et
3340 2138 3435 2176 co-

1865 2218 2163 2272 haerentem
2197 2217 2264 2271 ad
2295 2215 2350 2269 id
2398 2214 2542 2282 quod
2575 2213 2890 2268 declaratur
2919 2214 3300 2283 cognationem
3340 2227 3436 2283 per

1865 2307 2282 2378 appellationem
2312 2305 2496 2359 animo
2522 2311 2940 2374 repraesentant,
2967 2304 3286 2371 nullamque
3315 2318 3436 2355 om-

1864 2401 1998 2456 nino
2044 2415 2169 2454 cum
2208 2414 2274 2454 eo
2299 2399 2445 2468 quod
2478 2405 2562 2454 est
2598 2397 2802 2452 diversi
2831 2396 3047 2466 generis
3091 2395 3437 2449 communio-

1865 2507 1989 2548 nem
2011 2499 2241 2562 possunt
2271 2475 2580 2544 admittere.
2611 2487 2798 2558 Neque
2829 2487 2976 2542 enim
3005 2486 3218 2556 opiﬁcis
3239 2502 3436 2540 nomen

1865 2598 1989 2636 cum
2057 2581 2179 2636 filio
2225 2581 2576 2651 conjugatum
2625 2589 2742 2646 est;
2791 2595 2968 2648 neque
3019 2578 3164 2633 servi
3209 2593 3310 2632 vox
3367 2580 3443 2633 ad

1864 2671 2112 2742 opiﬁcem
2135 2669 2391 2736 refertur,
2417 2685 2594 2739 neque
2619 2671 2831 2724 amicus
2867 2685 3082 2724 servum
3118 2668 3434 2732 declaravit,

1865 2776 2042 2831 neque
2091 2760 2236 2816 ﬁlius
2290 2760 2568 2815 dominum
2614 2778 2628 2815 :
2698 2761 2793 2815 sed
2847 2769 3088 2829 apertam
3145 2767 3200 2813 et
3237 2760 3434 2814 distin-

1863 2870 2007 2914 ctam
2044 2860 2238 2914 horum
2282 2858 2549 2926 cujusque
2581 2858 2721 2912 inter
2777 2872 2836 2912 se
2867 2854 3304 2924 conjugationem
3345 2870 3438 2910 co-

1863 2950 2200 3020 gnoscimus,
2231 2964 2329 3020 per
2345 2948 2578 3001 anticum
2602 2955 2785 3002 mente
2800 2945 3178 3015 concipientes
3199 2944 3433 2998 alterum

1864 3019 2122 3101 amicum,
2186 3047 2242 3093 et
2290 3019 2387 3108 per
2437 3053 2675 3102 servum,
2723 3037 3004 3090 dominum
3056 3053 3069 3089 :
3126 3051 3266 3105 opus
3305 3049 3436 3090 vero

1867 3144 1962 3198 per
2003 3129 2274 3199 opificem.
2318 3143 2414 3200 per
2471 3129 2662 3193 ﬁlium,
2724 3136 2956 3199 patrem.
3003 3125 3094 3181 Sic
3142 3127 3306 3197 igitur
3333 3125 3435 3180 hoc

1869 3233 2066 3272 nomen
2109 3218 2357 3289 γέννημα
2389 3218 2682 3291 (genitura)
2729 3234 2854 3274 cum
2899 3219 3086 3288 aliquo
3132 3217 3434 3282 confertur,

1867 3313 1922 3361 et
1968 3321 2094 3361 cum
2132 3321 2198 3362 eo
2242 3308 2404 3362 habet
2430 3309 2708 3378 pr0priam
2739 3307 3214 3376 signiﬁcationem.
3250 3306 3436 3377 Itaque

185 3394 266 3446 ille
286 3396 375 3462 qui
414 3394 615 3466 genuit
669 3395 748 3466 τῷ
786 3397 1084 3466 γεννήματι
1116 3393 1422 3464 (geniturae)
1449 3395 1778 3466 coniunctus
1824 3406 1928 3463 est,
1983 3408 2038 3454 et
2082 3407 2298 3454 creator
2354 3407 2624 3454 creatura:
2672 3398 2942 3458 cohaeret.
2997 3408 3052 3454 et
3093 3399 3200 3452 nisi
3252 3415 3433 3454 rerum

186 3482 563 3537 confusionem
589 3482 879 3552 quamdam
907 3499 1003 3553 per
1029 3485 1310 3538 nominum
1341 3485 1777 3542 immutationem
1816 3487 2076 3544 inducere
2103 3488 2355 3550 velimus,
2385 3485 2609 3538 omnino
2632 3493 2848 3554 oportet
2883 3485 3082 3554 cuique
3143 3492 3433 3544 relatorum

187 3586 324 3625 suam
362 3583 420 3627 et
477 3575 758 3644 propriam
809 3590 1032 3631 servare
1061 3577 1539 3647 signiﬁcationem.

245 3665 497 3736 Φανερᾶς
525 3664 616 3720 οὖν
641 3666 808 3737 οὔσης
841 3668 941 3737 τῆς
964 3669 1071 3720 τῶν
1082 3668 1278 3736 λέξεων
1293 3670 1498 3724 τούτων
1527 3673 1761 3737 ἑννοίας,

189 3755 307 3823 πρὸς
332 3758 360 3808 ὅ
385 3773 446 3808 τι
473 3755 684 3822 βλέπει,
708 3759 825 3822 πῶς
860 3759 890 3810 ὁ
921 3759 1010 3812 διὰ
1034 3760 1132 3830 τῆς
1170 3761 1389 3830 λογικῆς
1421 3763 1762 3832 τεχνολογίας

191 3849 433 3915 προάγων
460 3847 534 3899 τὰ
558 3848 826 3916 δόγματα.
879 3850 976 3921 τὴν
1017 3853 1224 3905 οἰκείαν
1253 3852 1362 3906 τῶν
1395 3854 1534 3924 πρός
1569 3871 1623 3907 τι
1645 3853 1762 3906 διά·

189 3953 341 4001 ‘mav,
366 3941 466 3991 ἐπὶ
494 3938 604 3991 τῶν
631 3941 910 4011 ὀνομάτων
930 3943 1136 3996 τούτων
1151 3946 1210 3997 οὐ
1240 3945 1598 4014 κατενόησεν;
1621 3945 1762 3997 Ἀλλ’

189 4027 441 4097 ἁρμόζειν
484 4031 657 4084 οἴεται
697 4033 776 4102 τῷ
824 4036 1145 4104 πεποιηκότι
1187 4036 1248 4088 τὸ
1276 4036 1540 4107 γέννημα,
1571 4035 1646 4105 τῷ
1672 4053 1763 4104 γε·

191 4124 468 4191 γεννηκότι
499 4123 558 4174 τὸ
595 4124 827 4194 ποίημα,
865 4125 1037 4193 λέγων
1066 4126 1158 4182 τοῦ
1192 4127 1323 4180 Υίοῦ
1353 4126 1451 4197 τὴν
1473 4127 1656 4182 οὐσίαν
1682 4130 1764 4192 είς

192 4213 375 4286 ὲαπν
402 4216 663 4284 δέχεσθαι
696 4217 793 4280 τὰς
836 4219 931 4272 τοῦ
962 4221 1301 4290 γεννήματος
1336 4222 1430 4273 καὶ
1465 4223 1764 4291 ποιήματος

193 4310 276 4360 καὶ
312 4312 623 4380 κτίσματος
675 4313 1078 4382 προσηγορίας’
1129 4314 1420 4384 ἀμέριστον
1465 4316 1521 4368 δὲ
1569 4314 1764 4378 σώζειν

186 4400 278 4468 τὴν
301 4404 442 4471 πρὸς
459 4403 554 4453 τὸν
571 4406 933 4472 γεγεννηκότα
955 4405 1048 4456 καὶ
1066 4407 1364 4474 ποιήσαντα
1388 4407 1480 4460 καὶ
1506 4407 1762 4460 κτίσαντα

1933 3664 2069 3720 Cum
2117 3663 2188 3718 sit
2233 3663 2417 3732 itaque
2461 3664 2652 3716 barum
2693 3663 2996 3718 dictionum
3027 3661 3218 3716 notitia
3262 3659 3442 3715 mani-

1865 3759 2002 3814 festa
2051 3756 2118 3809 ad
2165 3755 2309 3824 quod
2357 3755 2580 3825 respicit
2633 3756 2745 3821 hic,
2789 3754 2883 3824 qui
2935 3769 3030 3822 per
3078 3752 3427 3806 dialecticum

1865 3847 2157 3903 artiﬁcium
2180 3845 2437 3915 dogmata
2471 3844 2698 3915 profert.
2734 3845 3015 3914 quomodo
3051 3842 3325 3912 propriam
3359 3857 3438 3894 re-

1865 3943 2100 3994 latorum
2137 3939 2244 3991 vim
2286 3945 2340 3991 et
2382 3937 2709 3992 sententiam
2747 3938 2801 3992 in
2838 3937 2924 3991 his
2965 3935 3284 3990 nominibus
3322 3949 3430 3987 non

1867 4026 2291 4084 animadvertit?
2325 4025 2431 4081 Sed
2486 4027 2788 4097 genituram
2831 4023 3026 4079 factori
3071 4032 3126 4078 et
3168 4023 3438 4082 facturam

1864 4118 2095 4192 genitori
2131 4117 2428 4188 conjugare
2458 4123 2706 4170 autumat
2744 4115 2954 4174 dicens.
2986 4113 3109 4168 Filii
3140 4099 3458 4169 essentiam'

1866 4213 1922 4265 in
1983 4209 2217 4280 seipsam
2277 4207 2566 4262 admittere
2617 4208 2956 4277 γεννήματος
3009 4205 3314 4277 (geniturae)
3379 4213 3436 4260 et

1865 4304 2167 4375 ποιήματος
2217 4299 2485 4370 (facturae)
2534 4309 2589 4355 et
2641 4298 2982 4368 (κτίσματος)
3040 4305 3307 4352 creatura:
3340 4313 3436 4368 ap—
3483 4287 3485 4290 I

1865 4394 2217 4464 pellationes;
2258 4390 2644 4460 impar-tibilcm
2682 4405 2809 4443 vero
2835 4403 3062 4455 servare
3087 4404 3212 4443 cum
3246 4404 3312 4444 eo
3343 4385 3434 4458 qui

194 4493 385 4560 σχέσιν.
419 4494 498 4546 T6
523 4494 634 4562 γάρ
666 4493 724 4545 ἓν
767 4497 999 4565 πρᾶγμα
1043 4496 1178 4561 πρὸς
1202 4496 1489 4567 διαφόρους
1527 4515 1764 4568 καταμε-

1869 4485 2054 4555 genuit
2085 4494 2138 4539 et
2158 4483 2254 4554 qui
2282 4481 2430 4545 fecit,
2461 4490 2517 4536 et
2542 4479 2752 4536 creavit
2774 4479 3116 4535 relationem.
3139 4477 3268 4535 Rem
3289 4482 3436 4534 enim

195 4583 458 4652 ρισθῆναι,
491 4583 654 4650 φύσιν
679 4583 776 4636 οὐκ
800 4583 932 4653 ἔχει.
973 4584 1109 4638 Ἀλλ’
1143 4588 1171 4638 6
1201 4586 1298 4655 μὲν
1330 4587 1456 4648 Υἱὸς
1479 4587 1556 4658 τῷ
1591 4589 1762 4657 Πατρὶ

192 4675 624 4743 προσῳκείωται,
657 4676 747 4727 καὶ
768 4675 829 4727 τὸ
855 4676 1112 4746 γεννηθὲν
1141 4677 1216 4746 τῷ
1245 4679 1562 4748 γεννήσαντι
1585 4697 1597 4710 ο
1627 4679 1686 4732 τὸ
1705 4679 1761 4732 δὲ

191 4766 392 4834 ποίημα
441 4765 582 4835 πρὸς
633 4766 724 4818 τὸν
760 4768 1095 4837 πεποιηκότα
1145 4769 1242 4840 τὴν
1287 4771 1562 4841 ἀναφορὰν
1608 4771 1719 4840 ἔχει
1745 4788 1760 4800 ·

192 4856 320 4925 πλὴν
344 4860 397 4910 εί
423 4859 499 4927 μή
539 4875 661 4910 τινα
703 4861 1037 4930 κατάχρησιν
1083 4862 1140 4913 ἐν
1189 4862 1463 4932 ἁδιαφόρῳ
1503 4863 1611 4915 τινὶ
1641 4881 1764 4917 συν-

192 4946 344 5020 ηθείᾳ
370 4950 637 5020 ῥημάτων
652 4952 990 5022 κυριωτέραν
1015 4953 1196 5023 ἡγοῖτό
1226 4970 1309 5016 τις
1325 4949 1459 5006 εἶναι
1474 4953 1572 5024 τῆς
1595 4970 1763 5024 προσ-

194 5040 350 5106 φυοῦς
385 5041 732 5112 σημασίας...

259 5307 368 5360 Τ...
404 5307 482 5377 (b)
507 5303 601 5361 οὖν
629 5306 928 5379 λογισμοῖς,
943 5311 1036 5363 καὶ
1053 5310 1245 5372 ποίοις,
1263 5311 1402 5362 κατὰ
1433 5308 1529 5379 τὴν
1556 5309 1763 5380 ἄμαχον

197 5394 530 5469 διαλεκτικὴν
549 5399 764 5470 ἐκείνην
784 5401 862 5463 εἰς
877 5400 1182 5454 τούναντίον
1200 5398 1297 5462 τὰς
1316 5399 1470 5465 δόξας
1495 5399 1604 5453 τῶν
1635 5399 1763 5452 πολ-

198 5485 299 5542 λῶν
326 5492 668 5562 μεταστήσας
696 5493 866 5545 ταῦτα
885 5492 1306 5556 κατεξουσιάσας
1334 5491 1581 5556 διέξεισιν
1606 5507 1621 5522 ·
1682 5491 1763 5544 ὅτι

1871 4593 2033 4632 unam
2070 4577 2137 4632 ad
2179 4575 2426 4631 diversas
2464 4574 2758 4629 relationes
2803 4571 3056 4626 distribui
3088 4582 3296 4626 natum
3326 4588 3436 4625 non

1867 4678 1951 4724 est
1971 4676 2421 4724 consentaneum.
2447 4665 2550 4720 Sed
2582 4664 2756 4719 Filius
2777 4663 2997 4734 quidem
3021 4661 3171 4717 Patri
3202 4663 3436 4717 naturali

1867 4761 2269 4817 necessitudine
2291 4759 2616 4814 conciliatus
2635 4764 2739 4820 est,
2766 4755 2913 4826 quod
2936 4755 3179 4824 genitum
3203 4762 3288 4808 est
3312 4769 3436 4806 cum

1866 4869 1932 4908 eo
1976 4854 2120 4923 quod
2171 4853 2380 4924 genuit,
2413 4851 2626 4906 factura
2671 4864 2794 4904 cum
2833 4863 2900 4903 eo
2929 4847 3074 4918 quod
3111 4846 3239 4901 fecit
3269 4845 3435 4899 habet

1865 4953 2108 4999 mutuam
2162 4944 2522 5007 relationem;
2569 4943 2675 4997 nisi
2730 4941 2961 4995 fortasse
3011 4939 3250 5008 aliquam
3299 4937 3437 4990 abu-

1865 5039 2074 5093 sionem
2128 5037 2182 5092 in
2228 5035 2574 5090 indifferente
2603 5032 2836 5103 quadam
2872 5032 3164 5086 verborum
3201 5044 3438 5084 consue-

1865 5127 2054 5181 tudine
2098 5125 2272 5196 magis
2307 5125 2582 5194 propriam
2634 5123 2767 5194 quis
2809 5136 2932 5177 esse
2959 5119 3245 5175 ειίειίιηοῑε
3269 5132 3433 5186 quam

1865 5221 1938 5274 sit
1979 5218 2242 5272 naturalis
2293 5215 2638 5286 signiﬁcatio.

1933 5310 2143 5376 Quibus
2182 5310 2352 5378 igitur
2397 5305 2725 5369 rationibus.
2754 5313 2805 5359 et
2837 5301 3094 5373 qualibus
3131 5299 3434 5356 secundum

1862 5398 2335 5469 inexpugnabilem
2387 5397 2536 5451 illam
2593 5395 2939 5450 dialecticam
2988 5393 3041 5446 in
3096 5391 3433 5446 contrarium

1860 5492 2144 5560 opiniones
2182 5491 2478 5544 multorum
2528 5493 2908 5542 transmutans
2958 5485 3074 5541 haec
3121 5498 3219 5553 pro
3281 5481 3436 5535 libito

198 5579 289 5633 τοῦ
317 5583 405 5635 ἐπὶ
429 5583 649 5638 πάντων
677 5583 812 5637 Θεοῦ
840 5585 932 5637 καὶ
981 5584 1197 5637 κτίστου
1245 5584 1339 5636 καὶ
1373 5583 1586 5653 Πατρδς
1615 5599 1764 5634 νοου-

1869 5582 2225 5651 persequitur.
2266 5581 2424 5649 Quod
2455 5599 2577 5637 cum
2621 5582 2673 5634 in
2723 5579 2980 5663 omnibus
3018 5579 3161 5635 Deus
3198 5561 3450 5655 ct'cma-t

253 5692 345 5768 (al
365 5692 511 5768 Lege
545 5707 615 5768 ex
649 5689 787 5768 cod._
812 5689 1080 5768 Bavarico
1123 5704 1209 5768 ap.
1251 5688 1521 5768 Gretser..
1554 5685 1767 5768 ,οὐκοῦν

197 5758 363 5848 ngas.
393 5758 474 5835 τῷ
503 5766 603 5836 μὲν
633 5763 934 5835 γεννήματι
958 5762 987 5815 6
1017 5758 1304 5832 γεννήσας,
1332 5761 1360 5814 ὁ
1389 5758 1447 5813 δὲ
1479 5758 1669 5822 κτίσας
1693 5758 1768 5828 τῷ

199 5849 461 5894 (τισματι.

1941 5688 2016 5760 (b)
2054 5689 2197 5745 Idem
2247 5692 2394 5759 cod.,
2431 5690 2582 5744 Τῖσιν
2614 5681 2707 5741 οὖν
2748 5686 3026 5757 λογισμοῖς
3075 5700 3264 5754 κ..,π.,
3303 5679 3441 5754 quod

1868 5759 2143 5835 interpres
2166 5761 2342 5820 vidita
