3922 6446
513 344 616 397 (ὣς)
1741 341 1799 397 S.
1824 334 2111 395 GREGORT

2214 333 2472 391 iYSSENl
3623 320 3718 381 ϐω

515 468 623 523 tor,
639 468 693 515 et
710 457 868 512 Pater
886 456 1222 528 intelligatur
1240 467 1294 514 et
1313 456 1724 523 dicatur,Filius
1742 457 1806 511 ad
1826 466 2086 523 utrasque

2214 450 2347 504 ιὲνου
2378 467 2444 503 τε
2472 451 2566 503 καὶ
2594 446 2913 518 λεγομένου,
2943 446 2972 499 ὁ
2998 443 3125 507 Υἱὸς
3148 440 3281 513 πρὸς
3305 438 3603 513 ἀμφοτέρας
3630 441 3714 504 τὰς

517 549 905 617 appellationes
934 549 1183 618 apposite
1219 556 1274 603 et
1299 558 1663 619 congruenter
1695 564 1754 603 se
1782 547 2001 610 habeat,
2032 554 2086 598 et

2214 542 2555 614 προσηγορίας
2593 539 2912 609 ἐπιτηδείως
2958 536 3090 607 ἔχει,
3117 535 3211 587 καὶ
3255 533 3457 598 κτίσμα
3493 530 3580 583 καὶ
3607 531 3717 598 γέν-

516 649 769 695 creatura
791 642 955 696 simul
984 651 1038 697 et
1065 643 1313 712 genitura
1359 643 1593 696 dicatur.
1642 640 1772 695 Nam
1797 655 1921 694 cum
1950 652 2083 691 con-

2219 651 2334 703 ημα
2400 631 2542 686 κατὰ
2584 630 2645 684 τὸ
2680 630 2796 683 ἴσον
2845 628 3155 697 λεγόμενος.
3186 625 3294 693 Τῆς
3321 624 3428 693 γὰρ
3450 622 3539 674 106
3581 622 3719 688 λόγου

520 734 753 788 suetudo
813 744 869 789 et
916 745 1108 790 exacta
1152 735 1407 805 loquendi
1467 733 1642 788 forma
1696 733 1809 786 haec
1866 730 2086 783 nomina

2214 723 2474 794 τυνηθείας
2505 739 2564 776 τε
2596 722 2687 775 καὶ
2733 720 3015 792 ἀκριϐείας
3042 716 3254 777 οἰκείως
3282 714 3642 785 διακρινούσης
3664 714 3722 766 τὰ

520 834 644 891 apte
687 827 989 891 discernat,
1021 835 1077 881 et
1130 824 1499 898 generationis
1538 839 1737 878 nomen
1771 828 2002 891 usurpet
2032 820 2087 873 in

2214 820 2408 872 τοιαῦτα
2460 819 2569 871 τῶν
2616 818 2917 887 ὀνομάτων,
2956 813 3050 866 καὶ
3076 813 3136 865 τὸ
3183 812 3278 882 μὲν
3316 811 3415 878 τῆς
3451 812 3725 879 γεννήσεως

522 914 610 971 his
655 932 778 983 quae
814 918 1116 987 gignuntur
1156 934 1222 971 ex
1255 918 1373 987 ipsa
1420 915 1690 981 essentia;
1731 928 1930 968 nomen
1964 926 2091 965 vero

2214 929 2359 983 ινομα
2393 912 2485 964 ἐπὶ
2522 911 2628 963 τῶν
2660 910 2720 973 ἐξ
2747 907 2918 976 αὐτῆς
2949 906 3048 975 τῆς
3073 904 3257 965 οὐσίας
3293 903 3633 970 γεννωμένων
3656 901 3729 954 λε-

522 1018 791 1063 ετοοιυτω
838 1011 893 1063 in
934 1010 1019 1065 liis
1073 1026 1195 1079 qua:
1244 1009 1378 1063 foris
1417 1017 1471 1062 et
1525 1015 1677 1062 extra
1720 1005 2092 1060 construentis

524 1107 776 1151 naturain
817 1102 1151 1154 consistunt.
1186 1099 1532 1169 Quapropter
1574 1098 1630 1152 in
1662 1097 1955 1151 traditione
2000 1111 2095 1150 co—

524 1192 788 1260 gnitionis
835 1192 950 1255 Dei.
991 1194 1241 1264 dogmata
1286 1194 1471 1247 divina
1531 1192 1688 1245 nobis
1731 1189 2093 1253 tradiderunt,

524 1278 741 1335 Patrem
786 1292 839 1337 ct
884 1282 1101 1345 Filium,
1157 1298 1266 1335 non
1321 1289 1623 1336 creatorem
1672 1287 1727 1334 et
1787 1280 2093 1349 opiﬁcium;

528 1387 599 1426 ne
635 1374 759 1442 quis
794 1374 991 1428 mentis
1018 1373 1265 1427 alienata:
1292 1388 1444 1427 error
1482 1370 1549 1424 ad
1582 1370 1969 1439 blasphemiam
2007 1370 2099 1422 ﬁe-

529 1470 632 1525 ret.
680 1464 724 1517 si
772 1464 839 1517 ad
885 1465 1122 1517 alienum
1160 1473 1214 1517 et
1260 1461 1612 1533 peregrinum
1655 1458 1970 1528 bujusmodi
2008 1473 2101 1527 ap-

2192 1001 2394 1071 γούσης
2417 1018 2433 1032 ·
2462 1000 2521 1053 τὸ
2556 1000 2611 1061 δὲ
2645 999 2743 1069 τῆς
2783 992 3010 1058 κτίσεως
3049 997 3137 1048 ἐπὶ
3169 993 3275 1046 τῶν
3306 990 3501 1055 ἔξωθεν
3532 993 3621 1059 τῆς
3648 989 3726 1040 τοῦ

2194 1091 2694 1155 κατασκευάζοντος
2762 1089 2975 1159 φύσεως
3048 1084 3442 1155 ἐπισταμένων.
3500 1083 3603 1134 Καὶ
3656 1081 3730 1133 διὰ

2193 1184 2351 1237 τοῦτο
2368 1183 2475 1236 τῶν
2500 1182 2659 1235 θείων
2698 1180 2980 1252 δογμάτων
3012 1180 3068 1231 ἐν
3095 1180 3159 1248 τῇ
3191 1174 3481 1245 παραδόσει
3520 1175 3610 1242 τῆς
3635 1170 3732 1223 θεο-

2195 1272 2430 1342 γνωσίας
2447 1272 2659 1342 Πατέρα
2678 1271 2770 1323 καλ⁵
2789 1270 2911 1322 Υἱδν
2932 1264 3412 1340 παραδεδωκότων,
3434 1261 3493 1314 ού
3515 1261 3733 1329 κτίστην,

2198 1367 2292 1420 καὶ
2320 1365 2477 1437 ἔργον
2496 1382 2509 1394 °
2541 1364 2616 1427 ὡς
2639 1362 2703 1416 ἂν
2751 1362 2823 1433 μή
2863 1379 2943 1424 τις
2968 1361 3176 1429 γένοιτο
3215 1355 3509 1427 παραφορὰ
3545 1353 3666 1423 πρὸς
3686 1353 3735 1404 τδ

2202 1457 2532 1528 βλάσφημον,
2562 1456 2641 1517 είς
2668 1454 2727 1507 τὺ
2760 1453 3034 1522 ἀλλότριόν
3057 1468 3115 1503 τε
3146 1449 3237 1502 καὶ
3287 1447 3434 1513 ξένον
3464 1445 3561 1514 τῆς
3588 1444 3738 1497 τοιαύ-

531 1553 749 1622 pellatio
798 1553 991 1608 Filium
1040 1553 1357 1624 depelleret,
1390 1560 1445 1606 et
1498 1567 1567 1606 ne
1610 1549 1816 1604 aditum
1858 1550 2097 1614 aliquem

2214 1569 2298 1621 της
2358 1547 2721 1620 προσηγορίας
2769 1546 2860 1598 τὸν
2920 1544 3046 1597 Υίδν
3103 1536 3450 1609 ἀπωθούσης,
3485 1537 3610 1607 μηδέ
3636 1553 3737 1587 τινα

532 1645 796 1700 baberent
854 1648 968 1700 haac
1018 1646 1186 1716 impia
1243 1646 1522 1715 dogmata,
1575 1658 1697 1713 qua:
1750 1640 2100 1711 Unigenitnm

2214 1637 2433 1709 πάροδον
2460 1636 2612 1690 λάϐοι
2650 1635 2718 1687 τὰ
2760 1634 2893 1687 ἄθεα
2914 1632 3179 1701 δόγματα,
3204 1628 3271 1682 τά
3299 1628 3400 1697 τῆς
3437 1627 3551 1681 καθ’
3580 1626 3737 1679 ούσίαν

534 1737 711 1791 Patris
762 1752 790 1791 a
844 1737 1214 1792 familiaritate
1249 1737 1364 1791 sive
1411 1734 1816 1790 necessitudine
1858 1749 1980 1803 qua:
2017 1738 2100 1787 est

2214 1730 2527 1799 >ἱκειότητος
2553 1728 2643 1780 τὸν
2690 1724 2967 1793 Μονογενῆ
3017 1720 3111 1775 106
3160 1722 3373 1791 Πατρὸς
3428 1718 3737 1788 ἀφορίζοντα.

535 1826 832 1881 secundum
866 1827 1161 1881 essentiam
1200 1834 1455 1896 separant
1507 1834 1561 1881 et
1604 1825 1932 1879 distrahunt.
1966 1821 2098 1876 Nam

2215 1826 2273 1877 '0
2304 1796 2476 1891 λέγων
2502 1819 2578 1890 τῷ
2611 1818 2723 1888 Υίῷ
2745 1818 2844 1888 τὴν
2870 1816 2961 1871 106
2993 1816 3296 1884 ποιήματος
3318 1809 3572 1881 ἁρμόζειν
3599 1825 3741 1879 προσ-

533 1918 626 1987 qui
678 1917 813 1973 dicit
855 1918 1084 1973 factura:
1121 1918 1537 1988 appellationem
1594 1916 1735 1972 Filio
1781 1932 2100 1987 congruere,

534 2010 678 2063 dicet
701 2012 889 2078 procul
928 2012 1095 2066 dubio
1128 2028 1224 2082 per
1257 2013 1704 2081 consequentiam
1740 2011 1900 2065 etiam
1930 2009 2105 2062 factu-

536 2117 612 2155 ra}
668 2101 789 2156 Filii
836 2105 1255 2173 appellationem
1314 2113 1507 2158 natura
1560 2105 1872 2157 convenire.
1925 2102 2105 2167 Quare

536 2194 581 2248 si
637 2191 807 2247 Filius
853 2202 937 2249 est
968 2204 1239 2259 creatura,
1282 2198 1443 2250 etiam
1476 2196 1675 2250 caelum
1718 2195 1883 2256 ﬁlius.
1914 2204 1968 2249 et
1992 2195 2106 2247 sin-

537 2285 661 2353 guia
709 2302 830 2355 quae
880 2287 1019 2340 facta
1071 2298 1197 2342 sunt
1244 2303 1274 2341 a
1326 2287 1552 2341 Domino
1605 2288 1902 2343 secundum
1963 2287 2107 2340 hunc

538 2378 860 2446 scriptorem
888 2378 979 2432 ﬁlii
1004 2380 1363 2449 appellatione
1379 2382 1850 2449 cognominantur.
1878 2379 1933 2433 Si
1960 2381 2103 2433 enim

539 2469 650 2531 ille,
693 2485 803 2523 non
837 2470 963 2539 quia
1006 2484 1349 2524 communem
1386 2485 1509 2524 cum
1557 2486 1622 2524 eo
1662 2471 1757 2540 qui
1793 2470 1982 2540 genuit
2011 2484 2106 2523 na-

539 2566 717 2612 turam
765 2559 979 2623 habeat,
1031 2560 1137 2614 hoc
1187 2561 1409 2615 nomine
1456 2562 1775 2632 appelletur,
1828 2562 1923 2617 sed
1978 2562 2105 2626 quia

539 2658 757 2705 creatus
800 2658 906 2713 est,
929 2649 1104 2706 Filius
1138 2652 1456 2707 nominatur
1501 2673 1513 2707 :
1543 2652 1731 2709 eadem
1763 2652 1912 2707 dabit
1947 2654 2105 2715 ratio,

537 2749 591 2793 ει
638 2754 859 2808 agnum,
910 2748 965 2794 et
1027 2754 1239 2802 canem,
1287 2749 1342 2796 θι
1388 2757 1599 2807 ranam,
1656 2752 1712 2797 el
1773 2756 2109 2811 quaecunque

535 2830 819 2889 voluntate
872 2829 1127 2886 facientis
1186 2832 1517 2896 subsistunt,
1603 2830 1698 2886 ﬁlii
1748 2833 2111 2902 appellatione

539 2922 829 2976 nominari.
881 2920 1037 2987 Quod
1078 2923 1124 2976 si
1162 2922 1355 2976 borum
1393 2922 1817 2992 unumquodque
1861 2922 1988 2991 quia
2038 2922 2112 2976 sit

540 3021 695 3069 extra
749 3013 871 3067 Filii
933 3022 1209 3077 naturam,
1240 3012 1411 3068 Filius
1460 3030 1568 3069 non
1611 3022 1730 3080 est;
1763 3029 1940 3082 neque
1968 3011 2109 3067 Deus

2203 1915 2450 1988 ηγορίαν,
2482 1916 2595 1984 ἐρεῖ
2626 1913 2843 1973 πάντως
2880 1909 3021 1963 κατὰ
3044 1907 3105 1959 τὸ
3134 1903 3423 1959 ἀκόλουθον
3447 1900 3536 1954 καὶ
3560 1901 3643 1952 ἐπὶ
3665 1899 3739 1951 τοῦ

2203 2011 2503 2080 ποιήματος
2525 2007 2623 2075 τὴν
2639 2004 2732 2057 τοῦ
2751 2003 2879 2056 Υἱοῦ
2903 2001 3092 2070 κλῆσιν
3108 1995 3400 2068 προσφυῶς
3424 1994 3739 2064 ἕχειν.”Ωστε,

2205 2105 2252 2155 εί
2276 2104 2304 2155 ὁ
2325 2101 2450 2163 Υἱὸς
2479 2099 2703 2168 κτίσμα,
2733 2095 2824 2149 καὶ
2845 2093 3069 2165 οὐρανὸς
3098 2091 3231 2153 υίὸς,
3270 2088 3363 2142 καὶ
3391 2087 3459 2140 τὰ
3491 2086 3603 2138 καθ’
3635 2085 3744 2137 ’ἐκα-

2206 2209 2328 2246 στον
2358 2190 2466 2243 τῶν
2486 2188 2784 2257 γεγονότων
2816 2185 3019 2255 κυρίως
3053 2184 3193 2236 κατὰ
3218 2182 3311 2234 τὸν
3339 2180 3659 2249 λογογράφον
3690 2179 3742 2247 τῇ

2204 2282 2298 2337 τοῦ
2330 2281 2448 2335 υίοῦ
2477 2278 2817 2351 προσηγορίᾳ
2864 2275 3313 2346 κατονομάζεται.
3349 2274 3409 2326 Εἰ
3440 2274 3543 2343 γὰρ
3572 2273 3746 2332 ἐκεῖνος

2205 2374 2324 2445 οὐχὶ
2354 2373 2432 2444 τῷ
2455 2374 2727 2426 κοινωνεῖν
2776 2369 2855 2440 τῷ
2899 2368 3249 2437 γεγεννηκότι
3289 2368 3390 2435 τῆς
3418 2365 3620 2434 φύσεως
3654 2363 3745 2432 ἔχει

2205 2468 2267 2521 τὸ
2287 2467 2479 2537 ὄνομα,
2496 2464 2631 2518 ἀλλὰ
2652 2463 2784 2516 καθὸ
2801 2460 3013 2523 κτιστός
3040 2462 3172 2522 ἐστι,
3190 2459 3333 2512 κατὰ
3355 2457 3509 2510 10610
3521 2456 3637 2517 Υἱὸς
3652 2454 3746 2506 ὀνο-

2212 2558 2440 2631 μάζεται
2459 2574 2471 2586 ·
2500 2559 2527 2609 ὁ
2550 2556 2710 2618 αὐτὸς
2731 2554 2891 2606 δώσει
2926 2553 3102 2620 λόγος,
3137 2551 3231 2604 καὶ⁸
3264 2550 3459 2620 ἀμνὸν,
3489 2549 3578 2600 καὶ
3611 2545 3746 2607 κύνα,

2210 2654 2304 2708 καὶ
2328 2652 2613 2724 βάτραχον,
2635 2648 2728 2701 καὶ
2756 2647 2932 2700 πάντα
2955 2646 3056 2699 ὅσα
3089 2643 3356 2713 θελήματι
3381 2645 3471 2694 τοῦ
3490 2636 3745 2724 πεποιηκός

2210 2762 2299 2807 τος
2327 2742 2556 2810 ὑπέστη,
2584 2742 2648 2810 τῇ
2665 2737 2757 2791 τοῦ
2791 2736 2907 2789 υἱοῦ
2933 2733 3273 2804 προσηγορίᾳ
3300 2723 3743 2797 κατονομάζεσθαι.

2211 2838 2274 2890 Et
2299 2836 2355 2889 δὲ
2380 2835 2584 2887 τούτων
2610 2832 2835 2884 ἕκαστον
2851 2827 2937 2880 διὰ
2956 2825 3015 2879 τὸ
3044 2823 3147 2888 ἔξω
3174 2822 3275 2891 τῆς
3302 2820 3394 2874 τοῦ
3418 2817 3544 2872 Υίοῦ
3568 2815 3748 2885 φύσεως

2212 2927 2353 2983 εἶναι
2384 2926 2511 2989 Υἱὸς
2536 2926 2636 2977 οὐκ
2660 2923 2806 2975 ἐστιν
2829 2937 2843 2952 ο
2878 2919 2996 2973 οὐδὲ
3024 2916 3155 2979 Θεὸς
3182 2915 3403 2983 λέγεται
3426 2908 3559 2963 κατὰ
3578 2907 3632 2960 τὸ
3651 2904 3748 2959 ἀκό-

2212 3020 2398 3075 λουθον
2434 3018 2650 3079 πάντως
2684 3017 2712 3068 ὁ
2756 3014 2960 3085 κυρίως
2983 3010 3134 3074 Υἱὸς,
3158 3008 3245 3061 διὰ
3276 3006 3338 3059 τὸ
3365 3005 3422 3071 ἐξ
3451 3001 3610 3071 αὐτῆς
3635 2993 3746 3052 εἶναι

540 3105 747 3159 dicitur
795 3113 1200 3175 consequenter
1228 3106 1473 3170 omnino,
1516 3106 1607 3175 qui
1641 3120 1766 3159 vere
1810 3114 1863 3158 et
1895 3104 2111 3174 pr0prie

2214 3114 2308 3168 106
2336 3109 2724 3182 γεγεννηκότος
2764 3108 2862 3176 τῆς
2915 3103 3146 3172 φύσεως,
3181 3099 3309 3161 Υἱός
3344 3099 3506 3159 ἐστιν,
3539 3095 3624 3146 καὶ
3642 3091 3749 3195 Θεδς

539 3205 625 3253 est
676 3197 866 3262 Filius,
918 3206 1205 3265 propterea
1243 3196 1388 3267 quod
1429 3212 1496 3250 ex
1534 3196 1720 3251 eadem
1767 3204 1957 3249 natura
1986 3210 2109 3248 cum

541 3302 609 3342 eo
649 3290 743 3357 qui
800 3290 987 3358 genuit
1041 3296 1276 3351 constet,
1326 3288 1498 3343 Filius
1553 3297 1659 3351 est,
1707 3297 1762 3341 et
1809 3285 1954 3341 Deus
1991 3300 2115 3340 esse

543 3380 829 3436 asseritur.
882 3379 987 3434 Sed
1012 3380 1386 3450 generationis
1425 3380 1705 3434 notionem
1742 3379 2110 3443 abominatur,

540 3482 595 3527 et
640 3474 746 3527 lioc
786 3489 983 3528 nomen
1021 3476 1319 3531 criminans
1361 3476 1601 3531 carnalis
1654 3484 1863 3530 natura:
1900 3477 2115 3531 ratione

546 3580 575 3615 a
639 3565 841 3617 divinis
909 3567 1134 3621 secretis
1200 3576 1418 3636 separat
1471 3584 1488 3619 :
1544 3566 1639 3622 sed
1704 3567 1918 3623 abunde
1980 3569 2115 3624 satis

546 3657 603 3710 in
656 3657 1105 3712 antecedentibus
1163 3672 1260 3726 pro
1309 3658 1395 3713 his
1442 3673 1622 3715 sermo
1674 3660 1931 3722 ostendit,
1971 3663 2114 3731 quod

544 3746 843 3801 secundum
894 3747 1255 3817 Prophetam,
1333 3748 1455 3802 [ilic
1523 3751 1906 3819 trepidaverunt
1962 3755 2116 3806 timo-

545 3853 602 3891 re
657 3836 744 3889 ubi
789 3854 890 3891 non
932 3850 1047 3892 erat
1106 3841 1264 3892 timor
1303 3840 1368 3893 “.
1414 3838 1469 3893 Si
1519 3844 1663 3895 enim
1696 3843 1751 3897 in
1804 3843 2117 3900 horninibus

550 3945 658 3983 non
716 3947 931 3985 omnem
981 3935 1384 4001 generationem
1440 3934 1872 3990 demonstratum
1920 3948 2004 3991 est
2051 3954 2116 3992 ex

546 4024 740 4077 aﬂectn
780 4024 896 4079 sive
934 4026 1191 4094 passione
1228 4035 1502 4093 constare,
1559 4027 1655 4082 sed
1703 4028 1864 4081 aliam
1898 4028 2116 4098 quidem

548 4117 883 4170 materialem
937 4132 1033 4185 per
1072 4115 1354 4181 aﬂ'ectum;
1414 4118 1576 4171 aliam
1632 4132 1760 4174 vero
1813 4119 2113 4190 spiritalem

548 4223 740 4276 puram
775 4215 829 4261 et
863 4209 1258 4278 incorruptam.
1311 4207 1465 4274 Quod
1506 4209 1653 4263 enim
1683 4220 2000 4281 generatum
2034 4222 2118 4266 est

2216 3180 2359 3257 εἶναι
2380 3180 2739 3273 ὁμολογεῖται.
2775 3194 2932 3248 Ἀλλά
2975 3193 3309 3264 μυσάττεται
3348 3190 3443 3258 τὴν
3474 3186 3564 3255 τῆς
3592 3180 3751 3250 γεννή-

2216 3315 2354 3361 σεως
2398 3295 2623 3355 ἔννοιαν,
2657 3292 2752 3345 καὶ
2792 3287 3043 3358 ἀφορίζει
3069 3284 3174 3338 τῶν
3219 3282 3379 3335 θείων
3411 3279 3672 3348 δογμάτων
3698 3273 3749 3341 τῇ

2216 3386 2482 3460 σαρκὼδει
2502 3382 2817 3455 φυσιολογίᾳ
2843 3379 3140 3434 διαϐάλλων
3172 3376 3232 3428 τὸ
3258 3375 3453 3444 ὄνομα.
3500 3369 3623 3423 Ἀλλ’
3653 3368 3749 3460 ἱκα-

2214 3456 2322 3543 νῶς
2347 3479 2485 3548 ὑπὲρ
2513 3476 2713 3529 τούτων
2738 3475 2794 3526 ἐν
2826 3475 2939 3535 τοῖς
2952 3470 3219 3539 φθάσασιν
3246 3470 3276 3520 ὁ
3307 3468 3463 3535 λόγος
3488 3456 3748 3548 ἀπέδειξεν.

2215 3573 2295 3625 ὅτι
2323 3570 2462 3624 κατᾶ
2510 3567 2601 3619 τὸν
2646 3564 2959 3637 Προφήτην,
2991 3557 3320 3612 Φοὸοῦνται
3359 3555 3542 3624 φόϐον
3568 3544 3632 3603 οὗ
3662 3547 3751 3637 vim

2215 3662 2346 3715 ἐστι
2368 3659 2567 3728 φόϐος.
2603 3656 2665 3709 Εἰ
2691 3634 2901 3723 γὰρέπὶ
2927 3649 3034 3703 τῶν
3064 3647 3369 3719 ἀνθρώπων
3396 3642 3456 3697 ού
3492 3641 3629 3693 πᾶσα
3653 3634 3752 3728 γέν-

2216 3724 2383 3820 νησις.
2413 3744 2624 3815 ἐδείχθη
2676 3743 2815 3797 κατὰ
2847 3740 3016 3802 πάθος
3052 3735 3445 3805 συνισταμένη*
3479 3731 3583 3785 ἀλλ’
3611 3724 3753 3820 ἡμὲν

2218 3817 2377 3910 ὑλικὴ
2397 3837 2485 3891 διὰ
2511 3836 2736 3898 πάθους,
2772 3832 2882 3913 ήδὲ
2910 3827 3251 3900 πνευματικὴ
3288 3823 3500 3897 καθαρὰ
3526 3820 3611 3874 καὶ
3643 3817 3751 3917 ἀκή-

2220 3949 2400 4006 ρατος.
2420 3929 2492 3981 Τδ
2508 3928 2615 3997 γὰρ
2630 3922 3021 3995 γεγεννημένον
3034 3922 3098 3971 ἐκ
3116 3916 3208 3971 106
3233 3915 3554 4006 πνεύματος,
3570 3915 3754 4006 πνεύᾼμα

2220 3998 2313 4080 καὶ
2341 4024 2460 4093 ούχὶ
2488 4018 2625 4091 σὰρξ
2649 4017 2878 4087 γίνεται,
2897 4012 2975 4083 τῷ
3002 4012 3057 4065 δέ
3073 4010 3345 4078 πνεύματι
3373 4003 3586 4101 οὐδεμία
3610 3998 3753 4101 παθηῖ

2217 4117 2344 4187 τικὴ
2380 4082 2762 4181 σ’ύνθεωρείται
2806 4082 3067 4165 διάθεσις.
3132 4097 3358 4168 Ἐπειδὴ
3410 4095 3494 4187 διά
3524 4092 3621 4144 τῶν
3653 4082 3737 4187 καθ

2220 4178 2367 4280 ἡμᾶς
2395 4178 2806 4271 ὑποδειγμάτων
2830 4195 3124 4263 ἀναγκαῖον
3152 4190 3327 4260 ἐφάνη
3364 4187 3438 4257 τῷ
3471 4178 3751 4280 λογογράεξῳ

545 4314 615 4352 ex
658 4300 877 4367 spiritu,
915 4299 1144 4367 spiritus
1178 4310 1233 4355 et
1278 4315 1389 4353 non
1438 4315 1567 4355 caro
1611 4303 1880 4371 gignitur;
1915 4303 1969 4356 in
2001 4302 2111 4375 spi.

2220 4266 2318 4369 τήν
2385 4296 2534 4349 θείαν
2589 4286 2992 4357 ἐπιλογίζεσθαι
3043 4282 3298 4352 δύναμιν,
3332 4278 3563 4331 πεισάτω
3593 4266 3752 4375 ἑαυτῗν

548 4387 656 4440 ritu
704 4388 850 4439 nulla
899 4387 1141 4456 patibilis
1187 4390 1525 4459 conspicitur
1574 4354 1810 4447 affectio.
1850 4354 2111 4458 Quoniam

2221 4354 2287 4444 ἐκ
2311 4387 2404 4441 106
2444 4384 2632 4457 ἐτέρου
2676 4354 2778 4451 τῆς
2823 4378 3127 4447 γεννήσεως
3409 4369 3476 4467 ,τὸ
3515 4362 3631 4467 περὶ
3648 4354 3751 4467 *τήν

551 4475 738 4544 igitur,
793 4490 889 4545 per
927 4478 1174 4547 exempla
1220 4489 1408 4532 nostra
1452 4482 1820 4535 necessarium
1868 4484 2111 4552 apparuit

2223 4479 2371 4533 θείαν
2401 4476 2650 4545 γέννησιν
2677 4469 2882 4532 ἀπαθὲς
2911 4467 3129 4519 ἐννοεῖν.
3183 4460 3345 4515 Ἀλλά
3367 4458 3463 4521 τὰς
3487 4458 3621 4559 τρεῖς
3644 4462 3752 4549 ταυ-

551 4568 678 4620 huic
730 4568 1029 4622 vanissimo
1080 4571 1337 4639 scriptori
1395 4572 1499 4624 vim
1535 4572 1773 4625 divinam
1815 4588 1877 4626 ac
1934 4583 2111 4643 poten-

2219 4587 2316 4633 τας
2372 4543 2488 4637 μετ’
2530 4543 2772 4632 άλλήλων
2815 4555 3181 4629 προσηγορίας
3220 4550 3457 4643 συγχέας
3501 4543 3556 4643 ἐξ
3578 4543 3644 4643 ων
3670 4543 3752 4643 E60:

549 4658 681 4710 tiam
709 4659 1164 4713 considerandam
1195 4675 1337 4724 esse,
1375 4659 1550 4715 discat
1584 4672 1636 4716 et
1663 4663 1765 4716 sibi
1795 4663 2119 4733 persuadeat

548 4765 614 4803 ex
652 4750 759 4803 alio
811 4751 1179 4819 generationis
1222 4752 1386 4805 modo
1440 4753 1493 4807 in
1535 4754 1716 4808 divina
1771 4758 2120 4824 generatione

549 4842 695 4910 quod
743 4842 968 4897 aﬁ'ectus
1016 4843 1087 4896 sit
1126 4858 1320 4912 expers
1373 4844 1695 4914 intelligere.
1732 4846 1839 4901 Sed
1880 4847 1980 4902 bas
2009 4856 2121 4903 tres

550 4936 693 4988 inter
734 4949 793 4989 se
843 4934 1233 5004 appellationes
1292 4936 1655 5001 confundens,
1716 4953 1947 5008 quarum
2000 4940 2121 4994 dine

550 5042 735 5097 aequas
787 5027 989 5081 habent
1042 5028 1187 5083 vires
1227 5049 1239 5082 :
1285 5038 1438 5098 putat
1472 5044 1532 5083 se
1576 5031 1850 5085 auditores
1882 5032 2123 5100 arripere

552 5134 648 5189 per
690 5118 919 5172 duarum
976 5133 1170 5173 vocum
1216 5120 1515 5174 secundum
1564 5121 1925 5190 signiﬁcatum
1978 5138 2124 5177 com-

550 5214 889 5277 munionem,
944 5212 1017 5265 ita
1067 5222 1126 5265 ut
1175 5213 1390 5266 tertiam
1445 5212 1587 5267 idem
1635 5214 1946 5284 signiﬁcare
1979 5216 2124 5270 arbi-

551 5315 787 5360 trentur.
834 5305 1103 5370 Quoniam
1149 5304 1293 5359 enim
1349 5304 1575 5359 factura:
1624 5314 1679 5361 et
1724 5314 1991 5362 creatura:
2027 5323 2122 5378 ap-

554 5398 793 5466 pellatio,
846 5396 901 5450 id
940 5378 1086 5466 quod
1135 5395 1342 5450 factum
1392 5406 1476 5452 est
1527 5406 1681 5453 extra
1724 5410 1973 5453 naturam
2003 5401 2124 5469 ejus

554 5486 646 5555 qui
684 5484 811 5540 fecit
861 5501 984 5540 esse
1031 5485 1394 5553 demonstrat,
1446 5486 1531 5540 his
1566 5501 1751 5540 vocem
1792 5487 1886 5539 106
1934 5489 2126 5559 γεννή-

552 5592 725 5646 ματος
751 5575 1059 5647 [geniturae]
1092 5575 1311 5650 adaptat
1334 5622 1350 5646 ,
1384 5589 1441 5632 ut
1476 5591 1578 5635 uoc
1597 5577 1757 5632 etiam
1776 5594 1970 5633 nomen
2002 5595 2125 5635 cum

628 5730 672 5762 ”
698 5728 840 5783 Psal.
872 5746 991 5788 xm.
1018 5731 1075 5787 5.

2220 4633 2546 4730 δυναμοῦσιν
2568 4655 2623 4707 αί
2640 4654 2733 4707 δύο
2747 4670 2759 4682 ο
2788 4647 3154 4720 συναρπάζειν
3174 4643 3345 4697 οἴεται
3364 4642 3483 4701 τοὺς
3497 4633 3749 4689 ἀκούοντας

2222 4752 2308 4806 διὰ
2343 4728 2443 4817 τῆς
2472 4748 2581 4799 τῶν
2609 4744 2702 4798 δύο
2752 4739 2945 4811 φωνῶν
2989 4734 3131 4789 κατὰ
3166 4735 3228 4786 τὸ
3261 4728 3635 4817 σημαινόμενον
3655 4733 3749 4817 7.0:—

2228 4805 2441 4906 γωνίας,
2465 4841 2526 4893 τὸ
2564 4837 2659 4891 καὶ
2678 4805 2776 4905 τὴν
2806 4833 2995 4904 τρίτην
3023 4826 3281 4888 ὡσαύτως
3306 4821 3526 4876 οἴεσθαι.
3570 4805 3748 4906 Ἐπειδὴ

2228 4938 2335 5007 γὰρ
2365 4898 2518 5005 ὴντοῦ
2540 4930 2665 5000 ποιή
2676 4898 2964 4999 ματος-καί
2995 4919 3287 5007 κτίσματος
3310 4905 3645 5007 προσηγορία,
3667 4898 3749 5007 ἔξω

2225 4992 2325 5098 τῆς
2338 4992 2429 5078 τοῦ
2455 4992 2814 5091 πεποιηκότος
2840 5015 3051 5083 φύσεως
3083 5006 3219 5098 εἶναι
3241 5006 3301 5059 τὸ
3323 4998 3659 5098 πεποιημένον
3681 4992 3749 5094 ὲν-

2227 5120 2520 5179 δείκνυται,
2564 5111 2864 5184 προσάπτει
2894 5105 3103 5167 τούτοις
3137 5096 3232 5173 τὴν
3272 5099 3451 5169 φωνὴν
3473 5092 3559 5147 τοῦ
3595 5099 3749 5156 γεννη·

2234 5226 2400 5283 ματος
2419 5225 2431 5238 ’
2463 5207 2538 5270 ὡς
2576 5204 2640 5258 ἂν
2668 5202 2761 5255 καὶ
2774 5199 2930 5254 τοῦτο
2947 5198 3060 5258 τοῖς
3079 5191 3491 5266 προειρημένοις
3520 5191 3750 5283 συνεριξη·

2230 5266 2457 5355 νεύοιτο.
2494 5292 2653 5347 Ἀλλὰ
2665 5292 2725 5345 τὺ
2741 5288 2979 5344 τοιοῦτον
3005 5282 3144 5349 εἶδος
3172 5284 3266 5337 τοῦ
3283 5283 3439 5348 λόγου
3464 5266 3746 5339 κακουργίαν

2232 5395 2326 5447 καὶ
2362 5388 2544 5459 ἀπάτη
2591 5385 2685 5439 καὶ
2725 5380 3058 5453 φενακισμδς
3090 5374 3439 5447 ὀνομάζεται,
3471 5368 3748 5459 obeso-90v.-

2232 5442 2479 5556 τίσμενη,
2502 5442 2599 5535 κάὶ
2634 5442 2855 5548 τεχνική
2882 5442 2972 5537 τις.
3007 5442 3293 5533 ἁπόδείξις·
3323 5464 3471 5531 Μόνη
3500 5456 3597 5525 γὰρ
3631 5442 3749 5556 Ἶδξὰ

2364 5537 2809 5653 ὁμολογουμένων
2836 5537 3140 5645 ιρανεροῦσα
3170 5563 3228 5616 τὸ
3260 5555 3617 5629 ἀγνοούμενον,
3639 5537 3746 5596 ἀττδιδ
