3922 6478
352 328 457 386 οδε
1403 354 1409 360 ο
1442 323 1719 379 CONTRA
1751 324 2144 391 EUNOMIUM,
2186 325 2312 379 LIB.
2356 326 2445 381 IV.
3500 323 3604 380 66‘2

352 444 513 509 δειξις
537 440 777 509 λέγεται.
802 441 876 493 Τὸ
912 440 969 493 δὲ
1011 440 1465 513 παραλογίζεσθαι
1494 443 1582 495 διὰ
1603 444 1934 514 κακουργίας

2046 443 2331 514 praedictis,
2357 444 2542 498 eadem
2569 442 3015 515 interpretatione
3036 439 3473 513 comprehendat.
3498 438 3605 496 Sed

357 537 445 588 καὶ
462 532 827 585 ὑποκλέπτειν
851 531 943 584 τὸν
966 532 1205 601 ἔλεγχον,
1226 534 1319 586 καὶ
1334 535 1551 602 συγχεῖν
1581 536 1637 586 ὲν
1667 537 1787 597 ταῖς
1810 537 1933 587 ὲπι-

2046 533 2163 588 talis
2194 534 2402 603 species
2434 536 2705 590 sermonis
2733 534 2961 597 malitia,
2985 544 3039 589 et
3063 532 3213 587 fraus
3235 539 3289 587 et
3308 532 3606 599 impostura

355 621 595 684 πολαίοις
624 621 868 684 ἀπάταις
900 620 999 690 τὴν
1044 621 1281 673 διάνοιαν
1322 621 1449 685 τῶν,
1489 621 1667 685 καθώς
1701 639 1864 694 φησιν
1905 624 1934 675 ὁ

2046 624 2377 688 nominatur,
2422 640 2530 680 non
2574 624 2869 695 prudenter
2908 633 2963 679 ct
3010 634 3267 678 accurate
3303 621 3607 693 excogitata

368 712 716 775 ’Δπύστολος,
738 712 1202 782 κατεφθαρμένων
1226 714 1315 766 τὸν
1332 713 1475 773 νοῦν.
1504 714 1605 767 οὐκ
1628 716 1693 768 ἄν
1715 732 1797 778 τις
1825 716 1933 770 τῶν

2046 725 2090 769 et
2120 718 2414 772 artiﬁciosa
2439 718 2866 785 demonstratio;
2902 718 3017 772 sola
3048 717 3188 772 enim
3216 732 3334 784 quae
3355 731 3419 769 ex
3443 713 3609 767 certis

357 804 778 875 σωφρονούντων
810 803 1084 867 ἀπόδειξιν
1108 806 1360 875 τεχνικὴν
1382 806 1720 876 ὀνομάσειεν.

2046 816 2098 864 et
2136 810 2419 865 concessis
2479 817 2534 865 et
2573 811 2743 876 notis,
2796 811 2861 866 id
2922 809 3069 879 quod
3123 809 3409 878 ignoratur
3461 806 3610 859 clare

355 896 534 958 docet,
562 897 961 954 demonstratio
991 901 1217 963 dicitur,
1253 902 1345 956 sed
1378 918 1472 971 per
1504 904 1766 957 malitiam
1802 901 1939 957 falsa
1980 906 2453 974 argumentatione
2500 907 2579 961 uti
2637 914 2693 961 et
2762 905 3045 974 surripere
3092 909 3493 972 argumentum,
3557 907 3611 953 et

356 990 750 1059 apparentibus
780 990 1013 1047 fallaciis
1073 992 1407 1048 confundere
1450 994 1858 1065 intelligentiam
1897 1009 2106 1060 eorum,
2151 997 2266 1065 qui.
2314 1004 2373 1049 ut
2420 995 2496 1050 ait
2532 995 2823 1065 Apostolus
2851 994 2895 1026 ”
2918 996 2959 1060 ‘,
2993 1003 3226 1048 mentem
3260 991 3612 1059 depravatam

356 1091 408 1135 et
442 1083 753 1151 improbam
789 1084 1011 1148 habent,
1046 1086 1231 1140 nullus
1267 1102 1456 1141 eorum
1492 1088 1584 1155 qui
1616 1087 1859 1143 modeste
1898 1090 2114 1159 sapiunt
2140 1089 2491 1143 artiﬁciosam
2531 1087 3047 1144 demonstrationem
3083 1083 3397 1139 nominarit.

435 1176 598 1229 Ἀλλά
628 1178 766 1248 πρὸς
793 1178 890 1249 τὴν
930 1179 1277 1233 ἁκολούθειαν
1307 1182 1670 1252 μετέλθωμεν.
1711 1185 1934 1253 Ἁμεσί-

358 1284 567 1322 τευτον
592 1268 663 1322 δέ
693 1286 883 1339 φησιν
907 1267 1059 1325 εἶναι
1091 1272 1200 1340 τῆς
1233 1275 1446 1339 οὐσίας
1488 1275 1599 1342 τὴν
1627 1274 1933 1345 γέννησιν,

360 1359 453 1413 καὶ
478 1360 822 1429 ᾶμερίστως
849 1362 1056 1421 σώζειν
1082 1365 1198 1431 τὴν
1227 1365 1375 1433 πρὸς
1408 1368 1511 1419 τὸν
1542 1369 1936 1435 γεγεννηκότα

362 1451 455 1503 καὶ
481 1451 826 1516 ποιήσαντα
871 1455 969 1506 καὶ
1003 1456 1293 1510 κτίσαντα
1336 1458 1573 1526 σχέσιν.
1608 1460 1670 1510 Εἰ
1715 1459 1813 1529 μὲν
1843 1456 1936 1513 οὖν

360 1543 417 1595 τὸ
448 1542 751 1613 ἀμέριστόν
774 1561 831 1596 τε
875 1546 969 1598 καὶ
1010 1546 1359 1615 ἁμεσίτευτον
1408 1548 1573 1601 εἰπὼν
1600 1551 1697 1619 τῆς
1727 1551 1934 1618 οὐσίας,

364 1632 417 1683 ὲν
456 1631 635 1701 τούτῳ
674 1631 766 1683 τὸν
812 1632 967 1700 λόγον
1000 1631 1247 1703 ἔστησεν,
1287 1636 1387 1687 οὐκ
1427 1635 1495 1688 ἂν
1535 1637 1632 1706 τῆς
1682 1636 1936 1700 εὐσεϐοῦς

367 1722 687 1791 ὐπολήψεως
722 1724 1069 1794 παρετράπη,
1104 1726 1225 1778 ἐπεὶ
1264 1729 1355 1779 καὶ
1394 1728 1523 1797 παρ’
1564 1728 1721 1799 ἡμῶν
1752 1730 1939 1799 ὁμολο-
1973 1760 2014 1814 Β

362 1818 535 1881 γείται
572 1815 670 1867 τοῦ
698 1815 829 1867 Υίοῦ
863 1817 922 1868 τὸ
952 1818 1087 1887 πρὸς
1115 1818 1208 1870 τὸν
1238 1820 1456 1890 Πατέρα
1484 1821 1716 1889 συναφές
1744 1838 1803 1874 τε
1844 1823 1943 1875 καὶ

362 1905 751 1971 ἁμεσίτευτον·
787 1904 863 1967 ὼς
905 1906 1067 1975 μηδὲν
1115 1902 1252 1960 εἶναι
1299 1906 1359 1960 τὸ
1399 1908 1486 1961 διὰ
1534 1909 1696 1978 μέσου
1738 1908 1942 1963 τούτων

361 1997 837 2067 παρενειρόμενον,
892 1997 920 2049 ὂ
972 1999 1170 2068 μεταξὺ
1212 2000 1312 2069 τῆς
1360 2000 1453 2053 τοῦ
1493 2001 1621 2053 Υἱοῦ
1672 2002 1805 2071 πρὸς
1850 2002 1939 2055 τὸν

361 2087 582 2157 Πατέρα
632 2088 925 2155 συναφείας
979 2088 1328 2159 εὑρίσκεται,
1387 2091 1460 2162 μὴ
1520 2095 1939 2163 διαστηματικόν

359 2195 411 2231 τι
433 2180 634 2248 νόημα,
674 2180 747 2250 μὴ
784 2180 913 2232 αὐτὸ
949 2180 1009 2232 τὸ
1034 2181 1235 2251 ἀκαρές
1266 2199 1326 2234 τε
1366 2184 1457 2236 καὶ
1500 2184 1719 2254 ἄτομον,
1748 2186 1775 2237 ὃ
1816 2186 1937 2257 διχῆ

357 2271 699 2339 τεμνομένου
744 2270 837 2322 τοῦ
870 2271 1083 2341 χρόνου,
1127 2271 1205 2340 τῷ
1246 2274 1595 2343 παρῳχηκότι
1633 2291 1691 2327 τε
1733 2275 1824 2327 καλ⁵
1861 2276 1940 2346 τῷ

361 2360 635 2429 μέλλοντι,
676 2361 815 2413 κατὰ
841 2361 900 2413 τὸ
927 2362 1155 2424 ἐνεστὼς
1185 2362 1404 2432 ἀμερῶς
1448 2364 1532 2430 ἐφ’
1573 2365 1764 2417 ἑαυτοῦ
1803 2369 1940 2418 νοεῖ-

356 2467 468 2510 ται,
494 2450 625 2502 οὔτε
674 2448 768 2502 τοῦ
817 2453 1225 2521 παρῳχηκότος,
1272 2451 1394 2505 οὔτε
1444 2454 1723 2523 μέλλοντος
1778 2456 1939 2525 μέρος

356 2539 612 2608 γενέσθαι
639 2539 952 2609 δυνάμενον,
979 2540 1065 2593 διὰ
1105 2542 1166 2593 τὸ
1195 2537 1331 2594 εἶναι
1370 2543 1595 2595 καθόλου
1626 2544 1941 2597 ἀδιάστατόν

356 2647 415 2683 τε
446 2632 544 2683 καὶ
594 2631 817 2699 ἄτομον,
866 2630 960 2683 καὶ
1001 2632 1136 2701 ὅπερ
1176 2633 1243 2685 ἂν
1283 2634 1569 2703 προστεθῇ,
1601 2634 1936 2704 ἀνεπίδηλον.

356 2720 431 2772 Τὸ
454 2716 549 2774 οὖν
575 2719 833 2791 καθαρῶς
864 2720 1087 2790 ἄμεσον,
1116 2722 1286 2774 οὐδενὶ
1314 2722 1536 2793 τοιούτῳ
1566 2723 1940 2792 μεσιτεύεσθαι

356 2812 612 2883 λέγομεν.
655 2813 728 2865 Οὐ
776 2812 884 2883 γὰρ
924 2812 989 2865 ἂν
1036 2812 1118 2864 ἔτι
1158 2812 1360 2883 άμεσον
1404 2815 1487 2884 εἴη
1533 2814 1594 2866 τὸ
1649 2816 1798 2884 μέσῳ
1834 2817 1941 2867 τινὶ

354 2905 753 2975 διειργόμενον.
789 2906 849 2956 Εἰ
892 2902 1068 2957 τοίνυν
1114 2906 1362 2967 κάκεῖνος
1407 2905 1755 2973 άμεσίτευτον
1803 2901 1941 2959 εἶναι

354 2996 528 3050 εἰπὼν
558 2997 656 3048 τοῦ
689 2995 820 3049 Υἱοῦ
855 2996 954 3065 τὴν
976 2996 1244 3065 γέννησιν,
1290 2996 1451 3066 μηδὲν
1494 2996 1600 3048 τῶν
1641 2998 1939 3066 εἰρημένων

2112 1182 2216 1237 Sed
2248 1184 2314 1237 ad
2348 1198 2410 1237 ea
2443 1198 2565 1252 qua
2596 1190 2903 1252 sequuntur
2932 1188 3297 1233 transeamus.
3324 1173 3612 1228 Immedia-

2040 1282 2150 1327 tam
2176 1284 2225 1329 et
2260 1274 2408 1327 nullo
2453 1275 2832 1328 intercurrente
2866 1270 3034 1324 medio
3067 1268 3402 1336 coniunctam
3437 1278 3615 1318 essen-

2042 1368 2129 1421 tia:
2156 1366 2541 1437 generationem
2572 1366 2800 1427 asserit;
2832 1372 2985 1431 atque
3040 1356 3437 1427 impartibiliter
3490 1370 3621 1408 σεῖο.

2041 1473 2163 1511 vare
2209 1474 2327 1511 cum
2359 1475 2421 1511 eo
2468 1457 2554 1525 qui
2590 1456 2767 1525 genuit
2802 1464 2851 1507 et
2907 1452 2997 1522 qui
3025 1450 3147 1520 fecit
3183 1457 3234 1502 et
3268 1447 3356 1516 qui
3411 1445 3609 1498 creavit

2041 1547 2365 1600 relationem.
2412 1544 2467 1599 Si
2498 1561 2621 1599 cum
2670 1541 2996 1612 impartibile
3034 1536 3290 1593 essentia:
3330 1539 3385 1589 et
3418 1532 3610 1586 imme-

2042 1642 2249 1694 diatum
2275 1638 2435 1704 dixit,
2480 1638 2533 1691 in
2564 1652 2630 1691 eo
2661 1648 2969 1690 sermonem
3001 1631 3240 1690 sisteret,
3278 1640 3389 1680 non
3437 1639 3466 1677 a
3517 1622 3608 1691 pia

2041 1741 2094 1787 et
2127 1731 2379 1800 religiosa
2430 1729 2688 1799 opinione
2716 1726 3047 1787 deﬂecteret,
3086 1721 3213 1791 quia
3247 1718 3411 1774 etiam
3440 1730 3469 1769 a
3504 1730 3605 1768 no-

2042 1822 2126 1875 bis
2159 1820 2473 1874 conceditur
2492 1818 2613 1873 Filii
2642 1833 2765 1872 cum
2805 1815 2968 1869 Patre
3030 1809 3299 1868 connexio
3335 1816 3390 1863 et
3421 1808 3625 1860 imme-.

2026 1896 2232 1972 idiatio,
2263 1910 2390 1978 quia
2420 1910 2557 1964 nihil
2585 1909 2654 1963 sit
2690 1906 2831 1977 quod
2858 1920 2952 1975 per
2979 1904 3170 1957 horum
3201 1898 3435 1954 medium
3466 1896 3610 1950 inse-

2038 2014 2214 2066 ratur,
2248 2002 2392 2071 quod
2449 2003 2592 2055 inter
2623 1997 2747 2053 Filii
2804 2011 2927 2050 cum
2977 1993 3139 2047 Patre
3177 1987 3455 2059 compagis
3494 1986 3608 2040 sive

2039 2094 2396 2149 connexionis
2448 2092 2685 2147 medium
2741 2089 3068 2143 inveniatur.
3132 2081 3249 2136 Non
3320 2076 3623 2133 intervallo.

2039 2188 2299 2242 distincta
2330 2184 2513 2250 notio,
2554 2198 2664 2236 non
2721 2181 2897 2248 ipsum
2959 2175 3244 2230 minimum
3303 2177 3357 2223 et
3412 2166 3609 2221 indivio

2040 2279 2228 2340 duum,
2260 2275 2405 2346 quod
2440 2288 2615 2342 neque
2647 2270 2825 2326 secari
2854 2282 3029 2336 neque
3080 2262 3245 2318 dividi
3276 2259 3349 2313 ob
3400 2256 3606 2327 exigui-

2041 2380 2204 2424 tatem
2237 2377 2415 2439 potest
2441 2385 2456 2433 ;
2486 2381 2610 2420 cum
2634 2372 2850 2431 tempus
2869 2358 3121 2414 bifariam
3145 2353 3440 2413 dividatur,
3468 2363 3607 2418 pra:-

2040 2464 2201 2518 terito
2235 2470 2289 2515 et
2321 2460 2525 2521 futuro,
2559 2469 2803 2527 praasens
2858 2453 2912 2505 in
2968 2450 3150 2518 seipso
3214 2442 3625 2513 impartibiliter-

2042 2552 2360 2621 intelligitur
2386 2548 2533 2620 quod
2564 2561 2735 2615 neque
2766 2540 3050 2613 praeteriti,
3082 2552 3258 2607 neque
3286 2533 3455 2588 futuri
3488 2547 3627 2601 pars.

2041 2660 2167 2700 esse
2211 2650 2408 2713 potest,
2440 2641 2566 2711 quia
2608 2637 2759 2692 omni
2804 2631 3144 2689 dimensione
3175 2635 3378 2689 careat,
3436 2624 3625 2692 sitque.

2041 2735 2363 2790 continuum
2398 2740 2452 2787 et
2483 2727 2846 2791 individuum,
2879 2738 2933 2783 et
2963 2724 3011 2779 si
3032 2717 3163 2791 quid
3188 2715 3461 2786 adjectum
3497 2714 3616 2768 fue-

2041 2823 2584 2895 rit,inconspicuum.
2616 2816 2771 2883 Quod
2813 2814 2976 2883 igitur
3008 2825 3143 2881 pure
3194 2806 3357 2864 medii
3422 2822 3626 2876 expers

2042 2926 2146 2983 est,
2176 2916 2327 2970 nullo
2356 2913 2447 2968 tali
2506 2912 2909 2965 intercurrente
2946 2902 3124 2957 medio
3183 2899 3371 2954 dividi.
3393 2906 3568 2969 potest
3594 2916 3622 2961 ι

2043 3025 2150 3064 non
2179 3008 2323 3062 enim
2356 3004 2590 3073 amplius
2621 3007 2769 3055 esset
2802 2996 2964 3052 medii
2989 3009 3204 3064 expers,
3240 2989 3395 3062 quod.
3433 2990 3618 3060 aliquo

353 3089 659 3157 ἐπήνεγκε,
687 3088 787 3157 τὴν
815 3086 1052 3151 εὐσεϐῶς
1076 3089 1368 3159 νοουμένην
1397 3088 1492 3141 τοῦ
1535 3087 1662 3141 Υἰοῦ
1691 3088 1824 3158 πρὸς
1850 3089 1941 3142 τὸν

2046 3099 2224 3155 medio
2254 3104 2564 3152 coercetur.
2598 3092 2655 3146 Si
2703 3091 2868 3161 igitur
2930 3088 3020 3141 ille
3046 3086 3137 3156 qui
3188 3098 3326 3139 cum:
3344 3081 3480 3137 dixit
3510 3081 3617 3134 im-

354 3178 577 3246 Πατέρα
609 3178 905 3246 συνάφειαν
946 3179 1317 3249 ὲδογμάτιζεν.
1360 3180 1574 3251 Ἐπειδὴ
1608 3181 1665 3233 δὲ
1689 3179 1938 3251 καθάπερ

356 3266 763 3338 μεταμεληθεὶς
796 3270 879 3337 ἐφ’
909 3264 989 3332 οἷς
1027 3270 1264 3341 εἴρηκεν,
1308 3270 1469 3334 εὐθὺς
1519 3272 1814 3342 ἐπήγαγεν,
1859 3272 1939 3324 ὅτι

351 3360 528 3421 Σώζει
557 3360 678 3428 τὴν
697 3361 846 3429 πρὸς
873 3361 981 3414 τὸν
1004 3364 1400 3431 γεγεννηκότα
1430 3364 1527 3416 καὶ
1556 3366 1937 3431 πεποιηκότα,

354 3455 452 3507 καὶ
511 3454 813 3507 κτίσαντα
856 3454 1098 3522 σχέσιν,
1136 3455 1359 3526 ὲμόλυνε
1404 3459 1512 3520 τοῖς
1558 3457 1827 3527 δευτέροις
1872 3457 1941 3508 τὰ

355 3545 628 3614 πρότερα,
671 3543 749 3613 τῷ
794 3546 1019 3616 καθαρῷ
1068 3546 1210 3617 λόγῳ
1258 3547 1356 3617 τὴν
1402 3546 1715 3617 βλάσφημον
1759 3549 1939 3617 φωνὴν

356 3636 660 3705 ἑπεμέσας.
706 3635 874 3704 Δῆλον
902 3637 1010 3708 γὰρ
1052 3638 1134 3691 ὅτι
1158 3640 1318 3693 κάκεῖ
1358 3640 1419 3692 τὸ
1458 3642 1832 3709 άμεσίτευτον,
1877 3642 1938 3693 οὐ

355 3728 494 3798 πρὸς
527 3728 590 3779 τὸ
619 3728 841 3792 εὐσεϐὲς
872 3729 1074 3799 βλέπει.
1109 3731 1243 3783 Ἀλλ’
1275 3732 1349 3795 ὡς
1372 3732 1436 3786 ἄν
1461 3750 1540 3796 τις
1566 3734 1711 3801 λέγοι
1740 3734 1938 3801 μεταξὺ

357 3819 450 3872 τοῦ
478 3820 617 3889 ἤλου
648 3823 742 3874 καὶ
786 3820 879 3874 τοῦ
917 3822 1158 3891 χαλκέως
1221 3824 1520 3895 μεσιτεύειν
1562 3826 1660 3895 τὴν
1698 3823 1936 3895 σφύραν·

359 3908 564 3981 ταύτης
588 3911 649 3963 δὲ
685 3906 824 3963 εἶναι
856 3912 956 3983 τὴν
984 3914 1323 3985 κατασκευὴν
1366 3916 1735 3983 ἀμεσίτευτον.
1776 3914 1942 3970 Οὔπω

362 4005 467 4075 γὰρ
492 4004 604 4056 τῶν
632 4004 879 4076 ὀργάνων
908 4006 1013 4058 ὑπὸ
1040 4007 1139 4076 τῆς
1174 4007 1371 4077 τέχνης
1402 4009 1592 4079 ὲξευρη
1602 4008 1795 4079 μένων,
1819 4011 1940 4062 ὲπι-

362 4096 479 4167 νοία
508 4096 618 4149 τινὶ
648 4096 745 4166 τὴν
786 4095 995 4167 σφύραν
1022 4096 1087 4150 δι’
1114 4099 1299 4166 ἑτέρου
1329 4100 1473 4162 τινὸς
1520 4100 1747 4171 ὀργάνου
1794 4101 1942 4170 παρᾶ

364 4188 455 4241 τοῦ
490 4189 735 4258 τεχνίτου
763 4187 985 4259 πρώτην
1020 4189 1288 4256 γενέσθαι,
1326 4193 1420 4243 καὶ
1453 4190 1593 4243 οὕτω
1626 4191 1712 4243 διὰ
1738 4192 1943 4262 ταύτης

365 4277 431 4330 τά
456 4277 615 4331 ἄλλα.
646 4277 832 4330 Ταῦτα
865 4280 958 4332 καὶ
987 4279 1113 4349 περὶ
1138 4279 1230 4331 τοῦ
1258 4280 1589 4347 Μονογενοῦς
1622 4284 1759 4333 νοεῖν
1783 4283 1816 4351 ἡ
1848 4281 1941 4333 τοῦ

366 4371 760 4439 ἀμεσιτεύτου
797 4370 939 4436 λέξις
975 4370 1066 4424 τὸν
1101 4372 1434 4441 λογογράφον
1464 4372 1809 4427 ἐνδείκνυται.
1835 4373 1944 4426 Καὶ

2044 3191 2335 3245 mediatam
2369 3203 2491 3243 esse
2522 3184 2639 3238 Filii
2664 3177 3234 3253 generationemmiliil
3268 3189 3463 3230 eorum
3493 3190 3617 3244 qua)

2045 3284 2114 3337 ab
2139 3283 2257 3352 ipso
2285 3280 2429 3335 dicta
2464 3285 2592 3333 sunt
2652 3273 2957 3337 intulisset,
3008 3284 3128 3324 eam
3177 3283 3298 3335 quae
3349 3267 3437 3337 pie
3488 3281 3615 3319 cum

2046 3378 2203 3428 Patre
2243 3370 2565 3440 intelligitur
2614 3366 2753 3420 Filii,
2790 3361 3183 3418 connexionem
3215 3374 3316 3414 suo
3363 3359 3617 3427 dogmate

2045 3466 2470 3536 eomprnbasset.
2529 3458 2637 3514 Sed
2686 3456 2945 3527 quoniam
2978 3454 3127 3508 velut
3165 3451 3486 3521 paenitentia
3518 3449 3616 3502 du-

2046 3570 2168 3615 ctus
2195 3559 2264 3611 ob
2291 3572 2352 3611 ea
2406 3568 2525 3623 quia:
2558 3551 2716 3611 dixit,
2770 3547 3034 3601 continuo
3096 3544 3398 3613 subjunxit,
3468 3541 3614 3609 quod

2046 3659 2225 3707 servat
2254 3665 2371 3702 cum
2399 3663 2457 3699 eo
2485 3647 2573 3716 qui
2604 3642 2802 3713 genuit,
2837 3648 2885 3693 et
2917 3638 3062 3707 fecit,
3096 3646 3143 3691 et
3200 3637 3393 3689 creavit
3414 3675 3430 3700 ,
3478 3632 3617 3685 rela-

2048 3744 2259 3804 tionem,
2304 3735 2702 3809 posterioribus
2752 3732 2937 3801 priora
2998 3726 3410 3791 contaminavit,
3472 3723 3617 3777 etin

2047 3844 2353 3886 sermonem
2386 3840 2579 3896 purum
2608 3820 3003 3890 blasphemiam
3046 3827 3101 3871 et
3154 3817 3372 3886 impiam
3430 3827 3615 3868 vocem

2047 3919 2304 3977 evomuit.
2380 3914 2733 3983 Perspicuum
2789 3911 2932 3964 enim
2993 3908 3104 3961 illic
3152 3905 3211 3959 τὸ
3266 3903 3617 3973 ἀμεσίτευτον

2050 4006 2506 4077 (immediatum)
2540 4020 2666 4060 cum
2716 4003 2873 4068 dixit,
2904 4016 3015 4057 non
3045 3998 3191 4069 quod
3222 3998 3370 4067 pium
3402 4002 3486 4050 est
3533 4009 3619 4049 re-

2048 4104 2279 4174 Spicere,
2319 4098 2410 4153 sed
2448 4106 2507 4151 ut
2536 4096 2582 4151 si
2615 4094 2740 4164 quis
2768 4092 2973 4146 diceret
3006 4091 3147 4144 inter
3194 4088 3408 4142 clavum
3454 4093 3508 4140 et
3543 4100 3618 4141 az-

2048 4192 2253 4247 rarium
2282 4189 2494 4243 fabrum
2517 4186 2751 4241 medium
2785 4178 3119 4235 intervenire
3151 4177 3430 4238 malleum,
3455 4175 3618 4244 hujus

2048 4291 2226 4337 autem
2271 4288 2603 4336 structuram
2629 4286 2682 4331 et
2722 4274 3139 4329 fabricationem
3199 4268 3378 4323 medio
3406 4282 3616 4323 carere.

2048 4373 2296 4427 Nondum
2324 4372 2468 4426 enim
2498 4366 2877 4423 instrumentis
2906 4364 2975 4418 ab
3009 4369 3125 4417 arte
3149 4361 3386 4415 inventis
3446 4360 3621 4415 soler-

364 4462 423 4513 οὐ
455 4461 619 4531 μόνος
644 4462 702 4513 ὲν
727 4462 901 4532 τούτῳ
926 4461 1263 4532 πεπλάνηται
1292 4464 1432 4516 κατὰ
1462 4463 1557 4533 τὴν
1587 4465 1823 4518 ἀτοπίαν
1849 4463 1941 4517 τοῦ

2049 4466 2122 4520 tia
2153 4462 2387 4532 quadam
2448 4460 2701 4515 malleum
2734 4474 2831 4529 per
2886 4456 3034 4511 aliud
3086 4453 3362 4526 quoddam
3410 4454 3619 4509 instru-

367 4553 635 4622 δόγματος
662 4554 692 4604 ὁ
720 4552 983 4621 Εὐνόμιος
1001 4566 1015 4580 ⁸
1044 4552 1157 4605 ἀλλ’
1181 4553 1299 4606 ἔστι
1345 4553 1439 4607 καὶ
1481 4555 1540 4607 ἐν
1570 4554 1949 4622 τοῖςηΘεογνώ-

370 4658 475 4711 στῳ
509 4642 910 4711 πεπονημένοις
954 4642 1015 4695 τὸ
1056 4638 1171 4695 ἴσον
1196 4644 1374 4712 εὐρείν
1393 4660 1407 4672 ο
1451 4644 1509 4705 ὃς
1540 4660 1673 4712 φησι
1696 4643 1788 4697 τὸν
1816 4644 1951 4697 Θεὸν

369 4735 693 4803 βουλόμενον
739 4734 857 4785 τόδε
909 4734 971 4786 τὸ
1008 4736 1120 4787 πᾶν
1162 4736 1587 4797 κατασκευάσαι,
1618 4734 1831 4803 πρῶτον
1857 4735 1949 4787 τὸν

368 4829 495 4881 Υἰὸν
523 4823 637 4878 οἶόν
673 4844 795 4879 τινα
825 4826 1023 4880 κανόνα.
1064 4828 1161 4897 τῆς
1206 4826 1559 4896 δημιουργίας
1602 4828 1946 4897 προῦποστή-

366 4918 584 4973 σασθαι.
616 4918 754 4970 Οὐδὲ
791 4919 995 4981 ἐκεῖνος
1021 4918 1241 4972 συνιδὼν
1266 4921 1323 4971 ἐν
1346 4918 1424 4987 τῷ
1447 4919 1589 4989 λόγῳ
1619 4919 1680 4971 τὸ
1714 4919 1941 4973 ἄτοπον·

364 5013 447 5065 ὃτι
482 5010 543 5062 τὸ
580 5009 655 5079 μὴ
686 5009 878 5061 ἑαυτοῦ
903 5009 1083 5079 χάριν,
1112 5008 1249 5061 ἀλλὰ
1284 5010 1349 5061 δι’
1392 5010 1518 5063 ἄλλο
1548 5028 1598 5063 τι
1629 5009 1948 5081 ἀτιμότερόν

366 5106 486 5157 ἐστι
514 5102 734 5162 πάντως
753 5100 847 5152 τοῦ
874 5100 940 5153 δι’
967 5100 995 5152 ὃ
1020 5100 1246 5167 γίνεται,
1275 5100 1347 5163 ὡς
1375 5101 1436 5153 τὸ
1454 5102 1756 5173 γεωργικὸν
1783 5103 1946 5171 ὲργαυ

368 5194 510 5247 λεῖον
536 5194 639 5263 τῆς
670 5191 815 5261 ζωῆς
859 5193 1016 5263 χάριν
1067 5192 1567 5261 ὲπιτηδεύομενόὐ
1608 5192 1712 5263 μὴν
1753 5193 1948 5262 ἐπίσης

365 5289 595 5356 τιμᾶται
625 5286 692 5354 τῇ
736 5283 845 5355 ζωῇ
878 5285 969 5337 καὶ
1000 5286 1059 5338 τὸ
1097 5286 1343 5356 ἄροτρον.
1382 5284 1537 5338 Οὕτω
1568 5286 1742 5338 τοίνυν
1775 5285 1867 5337 καὶ
1900 5284 1949 5336 εί

366 5379 458 5431 διὰ
505 5378 597 5431 τὸν
642 5379 846 5447 κόσμον
884 5379 913 5430 ὁ
956 5377 1177 5448 Κύριος,
1227 5378 1321 5429 καὶ
1362 5377 1482 5446 οὐχὶ
1522 5377 1587 5429 δι’
1632 5379 1837 5430 ἐκεῖνον
1882 5376 1950 5429 τὰ

369 5470 572 5527 πάντα.
618 5468 985 5539 προτιμότερα
1030 5469 1097 5522 ἂν
1149 5468 1234 5539 εἴη
1274 5467 1367 5521 τοῦ
1412 5467 1611 5540 Κυρίου
1653 5469 1850 5533 πάντα,
1875 5461 1951 5521 ὧν

367 5562 531 5631 χάριν
550 5562 761 5614 ἐκεῖνον
786 5560 1035 5628 γενέσθαι
1058 5562 1289 5631 λέγουσι.
1313 5561 1484 5615 Τοῦτο
1512 5564 1605 5616 καὶ
1627 5562 1720 5614 νῦν
1741 5562 1830 5615 διὰ
1857 5561 1950 5615 τοῦ

369 5651 532 5720 λόγου
574 5651 1038 5715 κατασκευάζουσι
1076 5652 1142 5705 δι’
1182 5646 1255 5708 ὧν
1302 5653 1654 5724 ἀμεσίτευτον
1701 5652 1841 5723 ἔχειν
1866 5653 1956 5706 τὸν

446 5811 515 5839 ⁸⁸⁵
552 5807 713 5863 Rom.
749 5822 788 5875 ι,
822 5806 914 5874 29,
944 5806 1034 5862 30.

2046 4563 2287 4611 mentum
2333 4554 2404 4609 ab
2435 4550 2644 4606 artiﬁce
2688 4551 2923 4619 primum
2957 4547 3162 4602 factum
3222 4560 3367 4608 esse,
3432 4554 3485 4600 et
3540 4546 3623 4600 sie

2044 4663 2140 4718 per
2170 4648 2313 4701 hunc
2337 4646 2463 4700 alia.
2497 4643 2621 4697 [hec
2647 4643 2714 4697 de
2740 4640 3030 4712 Unigenito
3066 4653 3266 4693 vanum
3298 4640 3443 4691 hunc
3482 4652 3621 4692 scrt-

2045 4750 2252 4810 ptorem
2278 4738 2578 4807 intelligere
2612 4736 2779 4789 dictio
2809 4730 3162 4803 ἀμεσιτεύτου
3196 4728 3394 4797 (medio
3425 4742 3617 4780 caren-

2050 4832 2435 4908 tis)ostendit.
2467 4827 2574 4884 Nec
2640 4827 2791 4883 solus
2839 4826 2895 4878 in
2942 4825 3044 4879 hoc
3078 4837 3174 4892 per
3225 4820 3620 4875 absurditatem

2053 4922 2321 4992 dogmatis
2369 4922 2627 4988 deceptus
2673 4924 2761 4972 est
2807 4914 3139 4975 Eunomius,
3211 4910 3305 4966 sed
3360 4910 3522 4964 etiam
3566 4909 3621 4961 in

2054 5012 2211 5066 libris
2240 5026 2269 5063 a
2298 5013 2646 5083 Theognosto
2670 5006 3020 5075 conscriptis,
3079 5002 3207 5072 quid
3267 5000 3443 5056 simile
3499 4998 3625 5053 licet

2054 5102 2316 5164 invenire,
2347 5101 2438 5168 qui
2468 5099 2600 5153 dicit
2623 5098 2790 5153 Deum
2829 5098 3099 5151 volentem
3135 5096 3237 5147 hoc
3303 5093 3616 5146 universum

2054 5202 2392 5255 construere,
2427 5192 2661 5261 primum
2698 5189 2893 5244 Filium
2949 5188 3098 5242 velut
3148 5184 3437 5254 quamdam
3495 5198 3625 5236 nor-

2056 5298 2197 5338 mam
2235 5282 2435 5353 0piticii
2470 5282 2623 5351 prius
2647 5279 3021 5335 substituisse.
3065 5276 3175 5331 Nec
3204 5277 3294 5330 ille
3352 5275 3624 5329 sermonis

2056 5377 2220 5445 hujus
2249 5371 2637 5428 absurditatem
2671 5370 2955 5432 intellexit,
2987 5366 3134 5436 quod
3171 5380 3364 5434 nempe
3399 5379 3508 5418 non
3539 5371 3625 5418 est

2057 5471 2142 5523 sui
2167 5466 2339 5536 ipsius
2369 5464 2566 5533 gratia,
2601 5462 2695 5517 sed
2726 5472 2947 5531 propter
2986 5458 3135 5513 aliud
3168 5459 3425 5529 quiddam
3461 5457 3623 5512 vilius

2056 5566 2141 5614 est
2170 5572 2395 5628 prorsus
2416 5570 2481 5609 eo
2508 5560 2727 5623 propter
2758 5550 2901 5621 quod
2961 5550 3211 5616 eﬂlcitur,
3244 5550 3393 5605 velut
3457 5548 3622 5603 rusti-

2056 5664 2183 5707 cum
2224 5644 2439 5718 aliquod
2479 5646 2898 5702 instrumentum
2936 5643 3074 5700 vita).
3112 5642 3287 5713 gratia
3338 5654 3621 5706 curamus,
