3922 6470
466 313 598 372 663
1690 316 1748 371 S.
1777 314 2049 374 GREGOR

2152 314 2432 373 WSSENI
2653 325 2656 328 ’
3599 323 3687 378 σοι
3709 351 3712 354 ·

469 450 580 489 non
616 442 795 488 tamen
825 427 943 503 pari
984 432 1192 488 honore
1225 430 1460 486 allicitur
1487 438 1728 487 aratrum
1754 449 1864 504 quo
1902 436 2032 488 vita.

2152 435 2266 489 ΐίδν
2292 435 2391 504 τὴν
2437 433 2572 506 πρὸς
2610 433 2703 487 τὸν
2737 432 2995 486 κτίσαντα
3037 432 3130 485 καὶ
3163 432 3495 503 πεποιηκότα
3526 437 3690 506 σχέσιν

470 524 564 579 Sic
593 524 776 593 igitur,
833 523 881 577 si
942 535 1163 593 propter
1209 524 1470 578 mundum
1527 523 1794 580 Dominus
1842 533 1896 580 et
1933 541 2041 580 non

2152 525 2586 595 διισχυρίζονται.

471 623 691 684 propter
748 613 900 666 illum
952 615 1160 680 omnia,
1229 615 1436 671 honore
1485 617 1692 685 majore
1730 626 1916 672 essent
1963 617 2236 688 dignanda
2265 632 2426 687 quam
2474 615 2755 678 Dominus,
2792 615 2972 669 omnia
3033 629 3262 685 quorum
3323 616 3494 686 gratia
3559 619 3692 674 illum

471 707 710 776 genitum
742 721 864 760 esse
890 716 1166 762 asserunt.
1198 707 1313 762 Hoc
1348 709 1511 763 etiam
1543 724 1690 763 nunc
1737 724 1836 779 per
1891 709 2038 764 hunc
2089 723 2394 766 sermonem
2461 715 2813 774 construunt,
2855 723 2964 777 quo
2995 706 3320 761 confirmant
3371 705 3562 763 Filium
3611 711 3696 763 ba-

471 796 598 852 bere
630 797 983 868 ἁμεσίτευτον
1018 803 1034 860 (
1063 800 1430 854 immediatam
1455 803 1472 869 )
1501 815 1626 854 cum
1667 816 1732 855 eo
1762 800 1856 872 qui
1906 817 2049 856 creat

2152 811 2192 857 at
2219 802 2348 856 fecit
2380 801 2720 856 relationem.

541 891 644 948 Sed
679 894 912 964 benigne
935 903 991 948 et
1029 897 1258 952 comiter
1276 896 1386 966 agit
1422 897 1479 949 in
1505 897 1755 965 reliquis,
1783 905 1835 952 et
1866 895 2000 951 dicit
2027 913 2042 950 :

471 981 601 1037 Cum
637 983 784 1038 nullo
813 1001 992 1037 eorum
1025 1002 1143 1056 qua:
1173 1003 1264 1054 per
1301 988 1472 1056 ipsam
1495 997 1549 1040 et
1575 996 1691 1054 post
1723 989 1859 1041 lianc
1895 989 2043 1058 facta

471 1084 592 1127 sunt
615 1078 932 1143 comparari.
963 1075 1116 1130 Talia
1145 1075 1376 1131 Domino
1439 1074 1604 1132 veluti
1647 1080 1911 1135 satellites
1963 1081 2034 1135 fe-

469 1172 600 1219 runt
637 1173 691 1218 et
719 1165 1034 1220 ministrant
1063 1167 1310 1222 veritatis
1343 1168 1549 1222 inimici
1583 1184 1678 1236 per
1703 1185 1826 1238 quae
1864 1170 2041 1224 mani-

473 1255 664 1310 iestius
699 1255 1054 1322 blasphemia,
1089 1257 1140 1312 id
1179 1266 1282 1322 est,
1310 1259 1534 1329 impium
1565 1261 1863 1315 convitium
1905 1277 2039 1315 con-

473 1347 726 1398 struitur.
777 1345 874 1398 Dic
907 1348 1038 1402 mihi
1099 1349 1357 1418 quidnam
1395 1357 1479 1405 est
1512 1365 1580 1405 ex
1633 1353 1858 1423 reliquis
1920 1370 2040 1425 quae

472 1445 601 1489 sunt
635 1435 934 1490 secundum
964 1448 1294 1504 creaturam,
1327 1441 1471 1510 quod
1506 1457 1630 1496 cum
1678 1444 1850 1499 altero
1892 1459 2044 1498 com-

470 1532 808 1600 parationem
873 1530 1114 1585 habeat?
1171 1545 1295 1584 cum
1331 1533 1557 1586 omnino
1610 1534 1662 1587 in
1717 1550 2046 1606 unoquoque

472 1633 730 1693 appareat
772 1623 1111 1696 preprietas,
1167 1638 1288 1693 qua:
1320 1639 1428 1678 non
1465 1635 1683 1693 appetat
1715 1641 1839 1679 cum
1882 1628 2045 1683 rebus

472 1719 540 1774 iis
575 1737 694 1790 quze
737 1729 867 1775 sunt
922 1719 1122 1775 diversi
1157 1719 1374 1789 generis
1409 1721 1871 1774 communionem.
1928 1719 2044 1772 Non

472 1825 596 1863 eum
639 1819 782 1865 terra
839 1812 978 1865 ccelo
1009 1819 1093 1865 est
1151 1811 1506 1879 comparatio,
1544 1827 1650 1865 non
1710 1819 1869 1866 terrae
1919 1825 2043 1864 cum

473 1903 668 1967 stellis,
704 1920 813 1956 non
867 1903 1142 1956 sideribus
1201 1916 1324 1955 cum
1361 1903 1520 1958 mari.
1559 1917 1665 1956 non
1721 1917 1875 1972 aqua:
1922 1916 2042 1955 cum

473 1991 673 2060 lapide,
705 2007 813 2044 non
849 1991 1177 2045 animalibus
1202 2007 1324 2045 cum
1359 1993 1670 2052 arboribus,
1718 2007 1826 2045 non
1874 1999 2048 2046 terre-

474 2083 681 2137 stribus
715 2098 837 2136 cum
871 2084 1204 2150 volatilibus,
1261 2099 1370 2139 non
1436 2085 1882 2155 quadrupedibus
1923 2099 2045 2137 cum

473 2175 812 2237 natatilibus,
843 2189 949 2228 non
986 2175 1162 2229 brutis
1205 2189 1329 2228 cum
1398 2176 1629 2231 rationis
1666 2175 2044 2244 participibus.

472 2265 539 2319 Et
566 2266 696 2335 quid
722 2280 946 2320 necesse
973 2267 1026 2320 in
1055 2266 1289 2335 singulis
1314 2276 1612 2321 morantem
1637 2267 1791 2336 plura
1818 2267 2049 2322 dicendo

475 2356 752 2426 persequi,
787 2366 841 2411 et
881 2357 1170 2412 ostendere
1215 2357 1284 2420 de
1345 2359 1579 2428 singulis
1633 2358 1795 2413 rebus
1853 2358 2048 2414 creatis

473 2445 616 2499 idem
670 2460 834 2515 posse
872 2445 1031 2504 dici?
1084 2445 1240 2511 Quod
1294 2447 1514 2516 quidem
1577 2453 1635 2501 ut
1700 2448 1960 2502 eximium
1996 2459 2050 2503 et

474 2536 806 2605 praecipuum
850 2535 1140 2607 Unigenito
1180 2539 1486 2607 projectum
1531 2545 1636 2604 est,
1678 2539 1822 2608 quod
1856 2555 2050 2608 nempe

475 2641 598 2680 cum
635 2628 784 2680 nullo
833 2641 1019 2682 eorum
1081 2642 1200 2696 quae
1243 2635 1362 2697 post
1401 2629 1600 2697 ipsum,
1637 2635 1692 2680 et
1744 2629 2048 2696 per-ipsum

477 2718 623 2772 facta
657 2727 785 2773 sunt
817 2720 1282 2789 comparationem
1316 2718 1532 2774 habeat.
1567 2719 1914 2774 Manifestum
1966 2729 2050 2775 est

477 2812 643 2874 enim,
679 2812 821 2880 quod
862 2810 1124 2880 quidquid
1151 2811 1447 2880 separatim
1473 2819 1526 2864 et
1556 2811 1610 2864 in
1652 2811 1835 2879 seipso
1865 2813 2050 2864 consi-

477 2900 787 2966 deraveris,
854 2919 954 2956 nec
1005 2917 1128 2955 cum
1185 2902 1442 2956 universo
1482 2917 1581 2956 nec
1642 2918 1766 2955 cum
1823 2903 2050 2972 singulis

477 2990 747 3044 creaturis
781 2999 958 3059 potest
1018 2991 1350 3059 comparari.
1392 2990 1459 3043 Et
1518 2989 1666 3060 quod
1705 2993 1759 3044 in
1813 2992 2052 3058 qualibet

2226 897 2389 950 Ἀλλά
2414 893 2912 967 φιλανθρωπεύεται
2937 896 3048 957 τοῖς
3069 893 3380 956 ὑπολοίποις
3406 892 3497 946 καί⁸
3525 893 3694 962 φησιν’

2147 988 2359 1042 Οὐδενί
2388 986 2506 1040 τῶν
2539 987 2613 1038 δι’
2643 985 2833 1052 αὐτῆς
2859 985 2957 1039 καὶ
2997 985 3123 1054 μετ’
3170 984 3364 1051 αὐτὴν
3395 983 3700 1053 γενομένων

2145 1077 2593 1147 συγκρίνεσθαι.
2649 1075 2882 1129 Τοιαῦτα
2923 1074 3308 1146 δορυφοροῦσιν
3353 1076 3402 1128 οἱ
3449 1075 3544 1144 τῆς
3582 1073 3699 1144 ἀλη-

2141 1169 2289 1232 θείας
2339 1168 2522 1240 ἐχθροὶ
2565 1166 2643 1237 τῷ
2686 1168 2895 1238 Κυρίῳ,
2945 1167 3010 1221 δι’
3052 1161 3128 1219 ῶν
3178 1163 3621 1237 περιφανέστερον
3672 1166 3702 1233 ἡ

2141 1259 2456 1329 βλασφημία
2505 1258 2979 1320 κατασκευάζεται.
3026 1258 3091 1311 Τί
3133 1257 3258 1327 γὰρ,
3293 1243 3416 1308 εἰπέ
3456 1273 3562 1324 μοι,
3600 1253 3695 1306 τῶν

2143 1352 2487 1416 ὑπολοίπων,
2535 1350 2635 1403 ὅσα
2691 1349 2831 1402 κατὰ
2887 1350 2982 1421 τὴν
3031 1349 3206 1402 κτίσιν
3256 1346 3396 1406 ἐστὶ.
3443 1343 3542 1414 τὴν
3587 1345 3705 1416 πρὸς

2141 1442 2327 1513 ἕτερον
2359 1440 2640 1512 σύγκρισιν
2675 1439 2818 1510 ἓχει;
2854 1439 3094 1493 Καθόλου
3124 1439 3220 1508 τῆς
3251 1437 3311 1490 ἐν
3358 1435 3567 1504 ἑκάστῳ
3595 1451 3705 1502 φαι-

2146 1532 2377 1603 νομένης
2408 1531 2683 1601 ἰδιότητος,
2725 1531 2785 1583 ού
2820 1530 3182 1602 προσιεμένης
3209 1528 3307 1597 τὴν
3338 1527 3473 1598 πρὸς
3501 1526 3564 1579 τὰ
3603 1527 3705 1578 ἐτε-

2153 1627 2345 1696 ρογενῆ
2388 1622 2691 1676 κοινωνίαν.
2747 1622 2861 1674 Οὐκ
2902 1620 3117 1692 ούρανῷ
3163 1620 3301 1690 πρὸς
3347 1619 3451 1687 γῆν
3497 1620 3634 1671 ἐστιν
3676 1619 3706 1689 ἡ

2078 1747 2121 1803 Β
2152 1715 2456 1785 σύγκρισις,
2487 1713 2547 1765 οὐ
2576 1712 2744 1784 ταύτῃ
2775 1712 2910 1782 πρὸς
2941 1713 3067 1774 τοὺς
3109 1710 3366 1780 ἀστέρας,
3391 1709 3470 1803 οὑξ
3500 1708 3624 1779 πρὸς
3649 1710 3708 1761 τὰ

2149 1808 2359 1877 πελάγη
2387 1807 2762 1876 τοίςιάστροις,
2784 1806 2844 1858 οὐ
2876 1804 3009 1875 πρὸς
3046 1804 3136 1858 τὸν
3167 1803 3314 1856 λίθον
3342 1802 3422 1872 τῷ
3448 1801 3622 1855 ὕδατι·
3652 1803 3706 1854 ού

2147 1898 2281 1968 πρὸς
2317 1898 2386 1950 τά
2421 1897 2611 1967 δένδρα
2632 1899 2742 1960 τοῖς
2780 1896 2956 1961 ζώοις.
2998 1895 3060 1948 οὐ
3115 1895 3251 1966 πρὸς
3291 1893 3360 1946 τά
3405 1892 3578 1963 πτηνά
3612 1896 3708 1954 τοῖς

2147 1990 2442 2060 χερσαίοις,
2472 1989 2531 2040 ού
2559 1989 2692 2058 πρὸς
2720 1989 2787 2042 τὰ
2810 1987 2981 2059 νηκτὰ
3002 1991 3114 2050 τοῖς
3142 1987 3491 2058 τετράποσιν,
3513 1984 3570 2037 ού
3594 1983 3709 2054 πρὸς

2146 2080 2214 2133 τὰ
2243 2078 2434 2146 λογικὰ
2457 2081 2570 2142 τοῖς
2594 2079 2825 2147 ἀλόγοις.
2869 2079 2977 2132 Καὶ
3017 2078 3070 2130 τί
3112 2079 3176 2132 ἄν
3211 2094 3296 2139 τις
3329 2079 3458 2148 περὶ⁵
3482 2075 3583 2128 τῶν
3604 2074 3708 2127 καθ’

2147 2171 2374 2223 ἕκαστον
2409 2169 2583 2237 λέγων
2619 2169 2912 2240 διατρίϐοι,
2958 2169 3170 2232 δεικνὺς
3211 2168 3296 2221 ὅτι
3345 2167 3539 2221 ταύτόν
3591 2167 3710 2218 ἐστιν

2147 2262 2231 2328 ἐφ’
2257 2261 2485 2314 ἑκάστου
2526 2260 2634 2313 τῶν
2673 2263 2731 2314 ἐν
2773 2264 2838 2330 τῇ
2898 2262 3071 2315 κτίσει
3115 2261 3503 2332 θεωρουμένων
3525 2261 3708 2321 εἰπείνς

2151 2347 2327 2417 Ὅπερ
2371 2347 2446 2411 ῶς
2487 2347 2760 2419 ἐξαίρετον
2806 2346 2883 2418 τῷ
2932 2350 3225 2417 Μονογενεῖ
3271 2349 3628 2420 προσερρίφη,
3657 2348 3712 2401 τὸ

2149 2441 2284 2509 πρὸς
2317 2439 2478 2509 μηδὲν
2511 2440 2616 2492 τῶν
2667 2442 2782 2510 μετ’
2817 2442 2998 2505 αὑτὸν,
3050 2443 3145 2496 καὶ
3197 2443 3266 2495 δι’
3304 2443 3469 2496 αὐτοῦ
3506 2460 3709 2513 γεγενηι

2153 2529 2327 2598 μένων
2363 2529 2459 2600 τὴν
2498 2530 2782 2599 σύγκρισιν
2831 2532 2993 2601 ἔχειν.
3040 2533 3278 2602 Φανερδν
3313 2535 3425 2606 γάρ
3453 2535 3609 2600 ἐστιν,
3638 2537 3710 2588 ὅτι

2150 2620 2258 2672 πᾶν
2303 2619 2440 2689 ὅπερ
2488 2619 2554 2673 ἂν
2606 2622 2691 2688 ἐφ’
2756 2621 2964 2673 ἑαυτῶν
3011 2623 3231 2693 νοήσῃς,
3266 2623 3584 2695 άσύγκριτόν
3611 2624 3710 2676 ἐστι

2149 2709 2226 2778 τῷ
2267 2711 2427 2764 παντί
2453 2728 2509 2763 τε
2560 2714 2654 2766 καὶ
2691 2714 2801 2775 τοῖς
2855 2712 2977 2765 καθ’
3005 2713 3256 2769 ἕκαστον.
3313 2715 3423 2768 Καὶ
3469 2716 3595 2784 ὅπερ
3631 2715 3712 2769 ἐπὶ

2150 2799 2244 2853 τοῦ
2269 2802 2521 2871 τυχόντος
2545 2801 2838 2871 κτίσματος
2866 2802 3079 2874 άληθῶς
3104 2804 3252 2856 ἐστιν
3279 2806 3472 2866 εἰπεῖν,
3505 2805 3576 2867 ὡς
3602 2806 3705 2858 ίκαε

2152 2891 2240 2942 νόν
2270 2891 2385 2944 ἐστι
2409 2891 2564 2944 τοῦτο
2593 2891 2685 2944 καὶ
2717 2891 2984 2963 αὔταρκες
3017 2895 3098 2956 είς
3123 2890 3292 2964 τιμὴῖδ
3331 2897 3422 2948 καὶ
3458 2895 3622 2959 δόξαν,
3646 2894 3711 2964 τῷ

2155 2984 2433 3049 μονογενεϊ
2455 2981 2576 3051 Θεῷ
2617 2983 2766 3054 παρὰ
2796 2985 2904 3036 τῶν
2941 2984 3150 3055 ἐχθρῶν
3182 2987 3282 3055 τῆς
3324 2987 3573 3056 ἀληθείας
3598 2987 3711 3038 ἀπο-

478 3090 730 3136 creatura
761 3098 947 3136 verum
981 3083 1302 3146 estdicere,
1345 3083 1450 3136 hoc
1499 3083 1646 3136 velut
1697 3082 1950 3136 idoneum
1999 3091 2049 3136 et

2155 3069 2467 3140 κληροῦται.
2496 3071 2604 3124 Kal.
2636 3072 2860 3126 τοιαῦτα
2899 3076 3337 3138 κατασκευάσας.
3361 3075 3518 3130 πάλιν
3544 3079 3597 3128 ἐν
3617 3079 3711 3136 τοῖς

479 3171 756 3227 sufﬁciens
786 3172 850 3224 ad
905 3172 1166 3238 honorem
1203 3182 1257 3225 et
1312 3171 1562 3241 gloriam,
1605 3170 1890 3241 Unigenito
1947 3169 2058 3225 Deo

479 3265 550 3316 ab
592 3262 832 3317 inimicis
859 3263 1107 3316 veritatis
1148 3264 1479 3332 assignatur.
1512 3260 1637 3314 Hinc
1677 3273 1728 3316 et
1775 3261 2055 3331 ejusmodi

481 3371 609 3408 cum
643 3354 936 3417 adstruxit,
962 3354 1028 3407 de
1063 3364 1258 3407 caetero
1290 3353 1546 3408 inanibus
1577 3354 1930 3423 ipsumauget
1962 3352 2059 3406 lio-

482 3445 1047 3507 ιιοιίὺυς,1)οιιιίιιυινη
1079 3454 1132 3498 et
1188 3442 1539 3514 Unigenitum
1605 3443 1904 3514 appellans,
1961 3444 2056 3499 sed

482 3551 552 3591 ne
577 3551 670 3605 per
705 3537 820 3589 inec
844 3536 1065 3588 nomina
1099 3537 1281 3604 aliqua
1310 3535 1396 3605 pia
1428 3535 1785 3606 intelligentia
1817 3543 1872 3589 et
1903 3535 2055 3605 cogi-

482 3629 620 3683 tatio
653 3626 997 3682 auditoribus
1025 3627 1394 3697 ingeneretur,
1443 3627 1589 3680 illico
1619 3627 1708 3682 his
1741 3626 2058 3680 honoratio-

484 3721 639 3774 ribus
676 3717 1138 3788 appellationibus
1168 3719 1509 3787 blaspheme.
1547 3718 1602 3772 id
1641 3727 1746 3784 est,
1789 3717 1954 3787 impia
2001 3724 2057 3771 et

486 3809 822 3863 exsecranda
859 3810 1022 3862 verba
1078 3809 1373 3863 immiscet.
1421 3809 1499 3862 ita
1557 3811 1660 3865 fert
1717 3817 1897 3864 autem
1937 3808 2056 3878 ejus

484 3900 661 3952 oratio
688 3918 700 3952 :
739 3897 949 3966 Ulpote,
984 3899 1180 3968 inquit,
1211 3915 1329 3952 cum
1359 3915 1518 3968 neque
1548 3900 1774 3953 essentia
1805 3909 2055 3968 generata

482 3992 726 4060 cuiquam
777 3990 937 4042 alteri
986 3990 1159 4041 locum
1191 3990 1258 4041 ad
1311 3991 1727 4043 communionem
1795 3989 2055 4057 relinquat

483 4082 794 4151 (unigenita
830 4083 970 4133 enim
1011 4081 1121 4147 est)
1151 4122 1165 4144 ,
1211 4096 1372 4149 neque
1401 4081 1515 4149 ejus
1543 4082 1632 4149 qui
1671 4081 1794 4149 fecit
1828 4097 2055 4134 commu-

483 4173 565 4226 nis
610 4175 840 4241 operatio
897 4183 1162 4226 cernatur.
1196 4171 1242 4226 O
1300 4175 1723 4227 contumeliam!
1794 4185 1854 4228 ut
1914 4175 2056 4228 inter

482 4263 677 4318 hrutos
704 4275 758 4318 et
778 4265 1074 4328 ,belluinos,
1105 4265 1189 4320 vel
1221 4265 1446 4319 insanos
1496 4273 1549 4319 et
1607 4265 1788 4319 fatuos
1827 4267 2052 4319 concio-

485 4367 647 4410 natus
676 4356 876 4425 quibus
909 4372 1016 4410 non
1048 4366 1133 4411 est
1169 4356 1548 4426 intelligentia,
1587 4372 1685 4426 pro
1749 4373 1851 4412 suo
1903 4359 2053 4414 arbi-

2161 3163 2470 3224 ὑπολοίποις
2497 3165 2616 3226 ταῖς
2646 3163 2910 3229 διακένοις
2949 3166 3109 3219 αὑτὸν
3139 3168 3502 3236 ἀποσεμνύνει
3528 3169 3709 3239 τιμαῖς,

2158 3254 2362 3324 Κύριον
2403 3255 2496 3308 καὶ
2528 3257 2805 3328 Μονογενῆ
2848 3258 3179 3329 προσειπών
3207 3260 3326 3312 ἀλλ’
3351 3266 3426 3323 ὡς
3458 3261 3521 3314 ἂν
3551 3263 3712 3331 μήτις

2158 3346 2387 3418 εύσεὸὴς
2409 3347 2615 3401 διάνοια
2660 3348 2746 3402 διὰ
2787 3349 2895 3402 τῶν
2935 3350 3214 3420 ὀνομάτων
3235 3352 3439 3405 τούτων
3463 3357 3565 3416 τοῖς
3594 3355 3710 3420 ἀκη-

2159 3437 2338 3490 κοόσιν
2363 3439 2659 3506 ἐγγένοιτο,
2694 3441 2857 3503 εὐθὺς
2897 3443 3264 3511 καταμίγνυσι
3306 3449 3417 3508 τοῖς
3449 3443 3710 3513 εύσημοτέ-

2162 3545 2273 3599 ροις
2303 3528 2372 3581 τά
2402 3529 2713 3602 βλάσφημα.
2752 3533 2905 3602 Ἔχει
2937 3533 2992 3586 δὲ
3025 3533 3196 3597 οὓτως
3226 3536 3260 3604 ὴ
3301 3535 3597 3598 λέξις·”Ατε
3625 3532 3708 3598 δὴ,

2158 3619 2312 3688 φησιν
2337 3619 2490 3687 μήτε
2541 3619 2653 3688 τῆς
2693 3623 3084 3690 τεννηθείσ-ης
3142 3624 3359 3690 οὐσίας
3406 3622 3572 3692 ἑτέρῳ
3611 3622 3708 3675 τινι

2157 3707 2358 3778 χώραν
2395 3713 2481 3776 είς
2513 3711 2832 3764 κοινωνίαν
2862 3716 3364 3782 καταλειπούσης,
3406 3711 3709 3782 μονογενὴς

2157 3801 2287 3871 γὰρ,
2311 3801 2465 3871 μήτε
2498 3799 2607 3869 τῆς
2650 3802 2755 3856 τοῦ
2791 3803 3157 3870 ποιήσαντος
3197 3806 3494 3874 ἐνεργείας
3530 3801 3709 3870 κοινῆς

2157 3893 2582 3963 θεωρουμένης.
2619 3895 2682 3946 Ὢ
2741 3895 2840 3965 τῆς
2897 3893 3134 3966 ῦὸρεωςί
3180 3897 3257 3961 ὡς
3332 3901 3388 3950 ἐν
3437 3897 3632 3965 ἀλόγοις
3678 3894 3705 3963 ἢ

2157 3985 2403 4054 ἀνοήτοις
2433 3986 2778 4057 δημηγορῶν,
2811 3981 2888 4050 οἷς
2941 3988 3039 4040 οὐκ
3075 3988 3188 4042 ἐστι
3237 3989 3469 4052 σύνεσις,
3500 3990 3606 4042 κατ’
3633 3985 3706 4049 EE-

2155 4077 2342 4129 ουσίαν
2372 4076 2458 4129 διὰ
2495 4077 2600 4130 τῶν
2627 4078 2884 4134 ἐναντίων
2919 4079 3168 4150 περιάγει
3199 4082 3290 4133 τὸν
3324 4082 3502 4149 λόγον·
3535 4080 3706 4152 μᾶλλον

2154 4170 2211 4223 δὲ
2244 4171 2436 4224 ταύτὸν
2463 4170 2659 4241 πάσχει
2691 4174 2801 4234 τοῖς
2833 4171 3215 4242 ἐστερημένοις
3250 4173 3361 4226 τῶν
3391 4172 3574 4242 ὄψεων,
3606 4171 3706 4222 ἐπεὶ

2155 4263 2392 4314 κάκεῖνοι
2427 4261 2682 4325 πολλάκις
2715 4263 2772 4314 ἐν
2797 4261 3096 4331 ὀφθαλμοῖς
3121 4261 3231 4317 τῶν
3257 4262 3551 4332 βλεπόντων
3567 4261 3706 4326 ἀσχη-

2158 4355 2405 4423 μονοῦσι·
2462 4354 2550 4407 διὰ
2595 4354 2656 4406 τὸ
2713 4353 2786 4424 μὴ
2843 4353 3060 4420 βλέπειν
3110 4355 3289 4417 αὐτοὶ,
3329 4355 3460 4426 μηδὲ
3503 4349 3704 4424 ὁρᾶσθαι

482 4449 592 4500 trio
619 4463 714 4517 per
735 4447 1014 4501 contraria
1045 4463 1352 4503 sermonem
1385 4449 1722 4520 circumagit.
1756 4449 1868 4504 imo
1920 4467 2049 4506 vero

2155 4446 2552 4515 ὑποτιθέμενοι.
2599 4423 2904 4516 Τίνοςγγὰρ
2957 4446 3058 4498 οὒκ
3110 4445 3224 4498 ἔστι
3272 4423 3498 4499 συνιδεῖν
3655 4443 3704 4492 ἐν

481 4538 626 4592 idem
654 4539 700 4592 ei
737 4539 935 4592 accidit
963 4539 1108 4608 quod
1136 4541 1256 4593 visu
1292 4540 1539 4608 privatis,
1570 4541 1829 4610 quoniam
1873 4550 1928 4595 et
1971 4541 2051 4594 illi

483 4643 626 4697 saepe
655 4629 706 4682 in
745 4629 919 4683 oculis
945 4631 1288 4683 cernentium
1316 4629 1570 4683 indecore
1593 4645 1651 4683 se
1685 4639 1905 4700 gerunt,
1925 4632 2052 4699 quia

481 4733 658 4787 neque
687 4719 787 4786 ipsi
826 4717 1065 4778 videant,
1112 4733 1287 4786 neque
1339 4734 1399 4771 se
1459 4719 1631 4775 videri
1681 4720 2051 4787 suspicentur.

481 4809 617 4871 Quis
646 4810 791 4862 enim
831 4809 883 4861 in
915 4808 1002 4862 his
1029 4823 1154 4877 quae
1174 4810 1318 4862 dicta
1349 4817 1478 4862 sunt
1514 4823 1622 4862 non
1665 4809 1809 4864 videt
1840 4819 2055 4864 contra-

481 4900 733 4953 rietatem
759 4898 945 4964 ?Quia
978 4899 1049 4953 sit
1079 4909 1358 4970 generata,
1415 4901 1612 4970 inquit,
1653 4902 1914 4967 essentia,
1975 4903 2055 4956 lo-

480 5006 606 5044 cuin
643 4992 766 5046 aliis
793 4993 864 5046 ad
913 4993 1352 5048 communionem
1387 5009 1496 5048 non
1529 4993 1828 5064 relinquit;
1865 4995 2054 5064 unige-

479 5083 595 5134 nita
621 5083 789 5136 enim.
825 5081 890 5136 Et
931 5082 1034 5137 hoc
1079 5083 1294 5139 loeutus
1350 5092 1410 5138 ut
1463 5100 1612 5147 vera,
1657 5086 1741 5140 rel
1797 5083 1913 5154 ipse
1945 5101 2051 5139 non

478 5176 725 5238 intuens,
758 5175 840 5228 vel
873 5191 979 5230 non
1012 5191 1210 5244 putans
1238 5193 1298 5231 se
1329 5177 1523 5242 videri,
1559 5194 1682 5248 quae
1707 5178 1909 5231 nullam
1952 5176 2050 5229 hac

480 5265 611 5320 bent
641 5281 763 5320 cum
796 5268 1071 5335 praedictis
1100 5271 1564 5333 communionem,
1599 5279 1658 5324 ut
1705 5270 1906 5340 optime
1959 5285 2055 5324 co-

481 5357 741 5412 haerentia
789 5365 845 5411 et
883 5358 1078 5413 ordine
1137 5362 1492 5430 procedentia
1550 5360 1722 5424 addit,
1775 5359 2050 5430 Unigeniti

479 5451 734 5504 essentia;
762 5451 882 5519 ejus
903 5451 996 5520 qui
1027 5450 1154 5506 fecit
1183 5453 1553 5520 operationem
1589 5453 2047 5508 accommodans:

483 5541 698 5608 genitus
724 5547 868 5596 enim
891 5559 1013 5598 cum
1050 5557 1116 5598 eo
1142 5544 1235 5613 qui
1269 5544 1545 5613 genuit,et
1581 5544 1908 5614 Uuigenitus
1928 5560 2051 5598 cum

484 5621 644 5681 Patre
679 5644 747 5683 ex
777 5631 1167 5685 consecutioue
1231 5633 1457 5687 omnino
1487 5633 1649 5689 habet
1711 5633 2049 5689 relationem.

486 5712 551 5768 Et
585 5719 676 5786 qui
704 5733 892 5774 verum
939 5721 1053 5776 vult
1087 5713 1291 5790 videre,
1349 5741 1458 5780 non
1498 5724 1725 5783 factoris
1777 5726 2051 5797 operatio-

2152 4540 2263 4600 τοῖς
2293 4538 2600 4607 εἰρημένοις
2629 4537 3007 4607 ἐναντιότητα;
3043 4537 3141 4590 Διὰ
3165 4537 3225 4590 τὸ
3255 4535 3586 4607 γεννηθῆναι,
3613 4550 3702 4602 φη·

2156 4626 2262 4690 σὶν,
2297 4630 2329 4698 ἡ
2379 4627 2538 4680 οὐσία
2569 4626 2749 4697 χώραν
2798 4629 2876 4690 είς
2923 4628 3202 4681 κοινωνίαν
3243 4629 3446 4696 ἑτέροις
3471 4630 3527 4680 ού
3558 4641 3701 4678 κατα-

2155 4715 2360 4768 λείπει·
2407 4715 2698 4786 μονογενὴς
2738 4715 2881 4784 γάρ’
2930 4719 3025 4769 καὶ⁸
3062 4717 3219 4770 τοῦτο
3263 4716 3429 4771 εἰπὼν
3466 4715 3536 4778 ὡς
3584 4712 3702 4766 κατά

2153 4809 2427 4880 ἀλήθειαν,
2452 4809 2486 4879 ἢ
2517 4808 2590 4879 μὴ
2621 4807 2832 4877 βλέπων
2855 4809 3037 4872 αὐτὸς,
3063 4809 3096 4880 ἦ
3131 4811 3205 4880 μὴ
3231 4809 3462 4880 νομίζων
3479 4806 3698 4879 ὁρᾶσθαι.

2153 4898 2222 4951 τὰ
2268 4898 2535 4969 μηδεμίαν
2579 4897 2762 4968 ἔχοντα
2818 4898 3100 4952 κοινωνίαν
3143 4898 3220 4961 ὡς
3263 4897 3564 4967 στοιχοῦντα
3605 4897 3700 4954 τοῖς

2154 4990 2461 5060 είρημένοις
2510 4989 2866 5061 προστίθησι,
2922 4992 2988 5060 τῇ
3036 4989 3132 5043 τοῦ
3172 4989 3500 5058 Μονογενοῦς
3560 4986 3697 5049 οὐσίᾳ

2154 5084 2253 5154 τὴν
2306 5083 2400 5137 τοῦ
2446 5083 2800 5154 πεποιηκότος
2837 5085 3119 5155 ἐνέργειαν
3163 5083 3493 5153 ἐφαρμόσας.
3536 5080 3586 5130 Ὀ
3611 5076 3699 5143 γὰρ

2155 5174 2430 5243 γεννηθεὶς
2481 5174 2620 5245 πρὸς
2667 5174 2759 5228 τὸν
2805 5175 3187 5243 γεγεννηκότα,
3229 5175 3322 5227 καὶ
3366 5175 3393 5226 6
3431 5166 3698 5236 Μονογενὴς

2157 5266 2290 5336 πρὸς
2333 5266 2424 5318 τὸν
2465 5266 2684 5336 Πατέρα
2740 5265 2884 5320 κατὰ
2930 5265 2992 5318 τὸ
3039 5265 3324 5320 ἀκόλουθον
3369 5263 3571 5321 πάντως
3616 5254 3697 5324 τὴν

2153 5358 2428 5430 ἀναφορὰν
2465 5358 2602 5429 ἔχειι
2626 5359 2720 5412 καὶ
2764 5358 2900 5428 πρὸς
2945 5357 3044 5427 τὴν
3102 5356 3352 5428 ἀλήθειαν
3403 5353 3615 5426 βλέπων,
3644 5344 3694 5397 οὐ

2153 5451 2513 5522 πεποιηκότος
2540 5449 2838 5520 ἐνέργειαν,
2880 5449 3016 5504 ἀλλὰ
3065 5450 3414 5519 γεννήσαντος
3458 5441 3604 5512 φύσιν
3647 5437 3695 5486 ὲν

2153 5545 2219 5613 τῇ
2249 5542 2342 5596 τοῦ
2374 5539 2504 5594 Υίοῦ
2533 5539 2728 5612 θεωρεῖ
2759 5539 3057 5610 συστοιχίᾳ.
3099 5539 3160 5594 Ὀ
3185 5539 3241 5593 δὲ
3274 5535 3513 5604 καθάπερ
3538 5523 3692 5598 φυτῶν

2155 5634 2188 5704 ἢ
2225 5632 2584 5704 σπερμάτων,
2618 5633 2654 5703 ἡ
2694 5650 2836 5696 τινος
2883 5631 3044 5686 ἄλλου
3085 5631 3194 5685 τῶν
3237 5629 3375 5684 κατά
3415 5625 3507 5695 τὴν
3544 5617 3692 5674 κτίσιν

2158 5724 2533 5796 ἐπιμνησθεὶς,
2569 5723 2666 5797 τὴν
2702 5723 2797 5778 τοῦ
2843 5724 3163 5798 ποιησαντος
3195 5721 3462 5792 ἐνέργειαν
3489 5715 3550 5784 τῇ
3576 5710 3688 5760 dra.
