3922 6480
213 310 292 363 6-35
1273 307 1550 363 CONTRA
1573 306 1960 377 L‘UNOMI'UM,
1999 310 2132 366 LIB.
2171 309 2262 366 ιν.

3299 312 3404 370 666

208 426 359 480 στάσει
381 419 466 474 τοῦ
493 418 820 488 Μονογενοῢς
862 420 1239 493 παρατίθησιν.
1279 421 1344 478 Εἰ
1388 423 1486 494 μὲν
1509 423 1618 496 γὰρ
1643 423 1712 478 λί-

1829 442 1973 491 nem,
2006 427 2101 482 sed
2135 427 2401 497 genitoris
2439 435 2694 482 naturam
2740 427 2794 483 in
2824 422 2951 483 Filii
3008 427 3407 501 conjugatione

207 515 319 585 θοςῆ
345 514 503 580 ξύλον,
532 512 565 582 ἢ
598 512 720 566 ἄλλο
743 530 796 566 τι
824 513 1064 566 τοιοῦτον
1093 517 1158 586 τῇ
1191 514 1392 586 θεωρίᾳ
1421 517 1724 586 προέκειτοο

204 605 444 664 ἀκόλουθον
467 601 532 675 ἦν
560 608 896 675 προεπινοεῖν
935 605 1034 676 τὴν
1069 606 1161 659 τοῦ
1192 608 1546 678 πεποιηκότος
1577 607 1726 678 ἐνέρ-

201 715 337 767 γειαν.
366 697 422 751 EE
450 696 503 748 δὲ
534 695 870 766 ὁμολογεῖται
893 697 988 750 καὶ
1021 697 1171 769 παρὰ
1198 697 1304 750 τῶν
1339 698 1668 752 ὑπεναντίων
1698 700 1728 752 ὁ

203 785 442 858 μονογενὴς
473 785 623 849 Θεὸς,
649 787 774 850 Υἱός
801 804 858 839 τε
897 783 1032 840 εἶναι
1067 787 1160 841 καὶ
1197 789 1450 859 γεννητὸς
1493 789 1727 860 ὑποστῆ-

201 898 286 934 ναι’
312 880 412 942 πῶς
440 880 766 950 άρμόζουσιν
796 882 853 933 αἱ
881 881 1042 933 αὑταὶ⁸
1069 883 1242 951 φωναὶ
1275 883 1467 952 τούτῳ,
1497 884 1587 936 καὶ
1615 885 1725 946 τοῖς

197 973 277 1024 τῶν
299 971 482 1040 μορίων
525 972 625 1041 τῆς
658 972 886 1035 κτίσεως
932 973 1216 1042 ἐσχάτοις;
1265 975 1375 1026 Καὶ
1415 975 1552 1042 ὅπερ
1598 975 1726 1045 περὶ

196 1064 265 1115 τοῦ
285 1062 570 1132 μύρμηκος,
598 1062 629 1132 ἢ
664 1061 754 1116 τοῦ
803 1062 1060 1128 κώνωπος
1091 1063 1304 1133 ἀληθῶς
1332 1064 1478 1118 ἔστιν
1515 1067 1688 1118 εἰπεῖν
1708 1083 1722 1098 ο

193 1153 315 1205 τοῦτο
340 1154 423 1205 καὶ
452 1154 578 1223 περὶ
612 1153 706 1206 τοῦ
741 1154 943 1224 Κυρίου
995 1155 1174 1223 λέγειν
1219 1156 1437 1219 εὐσεϐὲς
1466 1151 1602 1210 εἶναι
1640 1175 1726 1212 νο-

195 1243 414 1313 μίζουσιν.
456 1245 516 1297 El
557 1246 666 1315 γάρ
698 1262 779 1308 τις
821 1245 1122 1315 καταμάθοι
1155 1248 1254 1318 τὴν
1299 1247 1393 1300 τοῦ
1437 1248 1722 1320 μύρμηκος

194 1335 315 1404 φύσιν
339 1333 413 1398 οἷς
445 1335 634 1398 ίδιάζει
667 1337 803 1408 πρὸς
838 1338 906 1390 τὰ
954 1337 1116 1392 λοιπά
1159 1339 1266 1392 τῶν
1307 1339 1481 1405 ζώων,
1520 1341 1620 1393 οὐκ
1659 1340 1724 1394 ἂν

191 1431 268 1496 ἔξω
297 1430 384 1499 τῆς
419 1429 672 1497 ἀληθείας
713 1429 854 1483 εἴποι
901 1431 1000 1502 τὴν
1036 1432 1129 1484 τοῦ
1172 1433 1525 1504 πεποιηκότος
1564 1434 1723 1487 αὑτὸν

190 1520 422 1589 ἐνέργειαν
460 1521 648 1592 κοινὴν
699 1521 834 1593 πρὸς
878 1523 945 1575 τά
989 1522 1123 1576 ἄλλα
1167 1523 1241 1593 μὴ
1286 1522 1626 1596 θεωρεῖσθαι.
1657 1525 1723 1577 Ἀ

187 1613 325 1666 τοίνυν
344 1611 430 1664 ἐπὶ
462 1612 572 1665 τῶν
598 1614 856 1667 τοιούτων
901 1615 1135 1682 λέγεται,
1163 1615 1332 1670 ταῦτα
1380 1617 1474 1670 καὶ
1510 1619 1600 1670 ἐπὶ
1627 1617 1720 1671 τοῦ

186 1702 470 1772 Ηονογενοῦς
496 1704 914 1773 ἀποφαίνονται·
961 1709 1054 1760 καὶ
1093 1707 1342 1780 καθάπερ
1377 1710 1427 1761 οί
1463 1708 1722 1780 θηρεύον-

185 1811 251 1858 τες
273 1795 499 1862 λέγονται
532 1796 748 1866 βάθροις
777 1798 917 1850 τισὶν
946 1799 1346 1869 ὑπολαμϐάνειν
1377 1801 1483 1854 τῶν
1517 1801 1720 1872 θηρίων

184 1888 256 1958 τὴν
283 1887 522 1956 πάροδον⁸
567 1889 836 1959 κρύπτειν
861 1890 917 1942 δὲ
946 1891 1044 1961 τὴν
1078 1891 1365 1962 ἐπιϐουλὴν
1389 1891 1478 1945 διὰ
1506 1893 1720 1965 σαθρῶν

183 1993 305 2030 τινων
328 1978 415 2031 καὶ
444 1979 838 2032 άνυποστάτων
865 1979 934 2033 τά
966 1981 1206 2051 στόματα
1231 1981 1338 2034 τῶν
1365 1980 1570 2052 βόθρων
1603 1984 1721 2036 ἐπι-

182 2068 495 2132 καλύπτοντες
520 2109 536 2132 ,
595 2069 672 2133 ὡς
711 2069 777 2123 ἂν
827 2070 1094 2137 ὐπόπεδος
1137 2074 1377 2142 φαίνοιτο
1425 2073 1500 2144 τῷ
1539 2091 1718 2146 παρα-

181 2161 372 2232 κειμένῳ
386 2163 414 2213 ὁ
427 2161 646 2234 βόθρος·
667 2162 906 2215 τοιοῦτόν
921 2181 974 2216 τι
1000 2166 1305 2234 μηχανᾶται
1324 2166 1461 2219 κατὰ
1487 2165 1595 2218 τῶν
1625 2167 1719 2220 ἀν-

180 2252 367 2322 θρώπων
396 2254 426 2323 ή
453 2255 695 2324 αἵρεσις,
722 2255 812 2307 τὸν
842 2253 1032 2325 βόθρον
1065 2257 1164 2328 τῆς
1193 2257 1447 2320 ἀσεϐείας
1489 2257 1576 2310 διὰ
1610 2261 1719 2311 τῶν

179 2345 392 2414 εὐφήμων
418 2345 631 2398 τούτων
661 2347 754 2400 καὶ
784 2347 1021 2400 εὐσεϐῶν
1049 2348 1348 2419 ὀνομάτων,
1376 2344 1487 2402 οἷον
1523 2350 1609 2404 διά
1639 2368 1720 2404 τι-

178 2454 244 2499 νος
285 2437 589 2490 ἐπιπολαίου
638 2439 837 2509 στέγης
882 2440 1350 2506 ἐπικαλύπτουσα,
1404 2443 1544 2497 ὥστε
1593 2443 1720 2506 τοὺς

176 2528 500 2600 ἀλογωτέρους
537 2532 741 2584 ταύτὸν
766 2527 905 2586 εἶναι
934 2535 1000 2603 τῇ
1043 2533 1268 2606 ἀληθινῇ
1293 2535 1472 2587 πίστει
1506 2534 1568 2586 τὸ
1595 2534 1717 2587 τού-

175 2635 256 2672 των
278 2621 520 2690 κήρυγμα
561 2621 654 2674 διά
683 2623 782 2692 τῆς
822 2621 930 2676 τῶν
965 2624 1222 2694 ῥημάτων
1253 2624 1539 2694 ὁμολογίας
1568 2625 1719 2695 νομί-

175 2710 345 2774 ζοντας,
381 2713 515 2783 πρὸς
542 2713 705 2784 ψιλὸν
735 2714 796 2767 τὸ
819 2713 988 2784 ὄνομα
1021 2715 1114 2768 τοῦ
1145 2715 1274 2768 Υἱοῦ
1304 2716 1397 2769 καὶ
1424 2715 1516 2769 τοῦ
1544 2717 1718 2770 Μονο-

174 2805 323 2872 γενοῦς
349 2807 772 2878 ἐπιδραμόντας.
823 2808 1220 2880 ηνεμϐατῆσαι
1268 2809 1346 2880 τῷ
1392 2809 1588 2881 βόθρῳ,
1619 2813 1718 2881 τῆς

171 2898 252 2951 τῶν
274 2901 644 2971 προσηγοριῶν
684 2902 956 2972 σημασίας
988 2904 1085 2973 οὐχ
1120 2902 1507 2976 ὑπερειδούαης
1539 2903 1717 2958 αὐτῶν

171 2991 243 3059 τὴν
268 2991 426 3061 βάσιν,
471 2993 597 3047 ἀλλ’
635 2995 716 3056 είς
761 2994 822 3046 τὸ
862 2994 963 3062 τῆς
1009 2996 1289 3067 ἀρνήσεως
1332 2996 1425 3049 τοῦ
1481 2996 1715 3066 Χριστοῦ

171 3083 399 3155 βάραθρον
430 3087 874 3156 καταφερούσης.
905 3087 1001 3140 Διὰ
1047 3088 1203 3141 τοῦτο
1233 3088 1586 3161 γεννηθείσης
1621 3089 1714 3141 οὑ-

170 3177 262 3240 σίας
307 3178 598 3250 μέμνηται,
645 3178 830 3249 μηδενὶ
879 3177 1062 3248 χώραν
1109 3181 1188 3238 εἰς
1227 3180 1510 3234 κοινωνίαν
1555 3197 1716 3234 κατα-

168 3267 402 3340 λιπούσης,
425 3271 522 3323 καὶ
554 3269 826 3341 Μονογενῆ
851 3268 1120 3341 ὀνομάζει.
1153 3270 1195 3322 Τ
1198 3269 1338 3324 αὗτά
1373 3273 1490 3324 ἐστι
1515 3271 1584 3324 τά
1618 3271 1712 3324 τοῦ

167 3360 321 3431 βόθρου
349 3362 709 3434 καλύμματα.
753 3362 1000 3417 Ἐπειδὰν
1031 3363 1086 3416 δέ
1134 3381 1217 3426 τις
1254 3365 1538 3435 παραστάς
1583 3365 1714 3435 πρὶν

167 3449 499 3523 ὑποληφθῆναι
552 3451 632 3522 τῷ
674 3454 934 3523 χάσματι,
971 3453 1219 3524 καθάπερ
1262 3455 1386 3508 τινὰ
1430 3458 1585 3526 χεῖρα
1613 3456 1713 3526 τὴν

164 3541 229 3596 διὰ
251 3545 332 3598 τοῦ
372 3546 534 3615 λόγου
573 3549 766 3617 πεῖραν
813 3547 1068 3620 ἐπαγάγῃ
1101 3546 1177 3618 τῷ
1205 3548 1364 3618 λόγῳ,
1395 3547 1580 3617 βλέπει
1617 3549 1709 3600 τὸν

163 3637 238 3704 τῆς
255 3638 684 3711 εἰδωλολατρείας
709 3637 926 3709 ὄλεθρον
951 3639 1342 3710 ὑπωρυγμένον
1363 3639 1439 3710 τῷ
1459 3639 1705 3708 δόγματι.

171 3728 238 3792 Ὧς
261 3731 355 3803 γὰρ
385 3731 507 3802 Θεῷ
559 3731 653 3784 καὶ
696 3731 810 3800 Υἱῷ
845 3729 981 3784 Θεοῦ
1024 3732 1479 3802 προσερχόμενος,
1507 3733 1710 3800 κτίσμα

160 3821 268 3874 Θεοῦ
311 3825 558 3894 εὑρίσκει
605 3826 672 3894 τῇ
718 3823 940 3894 λατρεία
986 3823 1360 3893 προκείμενον,
1405 3823 1503 3876 me
1555 3823 1711 3876 τοῦτο

160 3914 246 3966 ἂνω
281 3918 368 3968 καὶ
395 3917 554 3970 κάτω
591 3916 653 3967 τὸ
679 3915 847 3985 ὄνομα
875 3913 970 3968 τοῦ
1008 3914 1342 3984 Μονογενοῦς
1384 3915 1710 3986 περιφέρου-

160 4023 241 4067 σιν,
280 4010 339 4060 ἵν’
379 4009 790 4078 εὐπαράδεκτος
831 4009 1055 4081 γένηται
1096 4010 1205 4071 τοῖς
1254 4007 1635 4074 ἀπατωμένοις
1681 4007 1711 4060 ὁ

156 4097 458 4170 ὁλεθρος,ὡς
506 4103 674 4164 εἴτις
718 4100 866 4171 ἄρτῳ
907 4102 970 4154 τὸ
1010 4100 1333 4170 δηλητήριον
1379 4098 1705 4168 καταμίξας,

157 4189 336 4264 θανάτῳ
377 4196 507 4258 τοὺς
538 4193 822 4264 δεομένους
855 4194 954 4264 τῆς
978 4193 1185 4262 τροφῆς
1230 4189 1564 4254 δεξιώσαιτοο
1610 4191 1710 4242 οὐκ

155 4279 206 4331 iv
222 4281 537 4354 δεξαμένους
571 4284 774 4354 γυμνὸν
815 4281 1132 4356 προσίεσθαι
1162 4281 1223 4334 τὸ
1267 4280 1583 4352 φθοροποιὸν
1610 4280 1707 4350 δη-

153 4371 372 4446 λητήριον
405 4379 484 4449 μὴ
535 4376 915 4439 δελεασθέντας
968 4375 1101 4447 πρὸς
1142 4375 1204 4427 τὸ
1248 4373 1585 4444 φαινόμενον.
1620 4374 1709 4426 Σο-

1827 518 2246 586 contemplatur.
2281 517 2381 572 Hie
2403 527 2585 574 autem
2617 521 2765 574 velut
2795 521 3104 590 plantarum
3135 523 3219 578 vel
3243 527 3409 580 semi-

1827 625 1980 672 ηυιη,
2007 609 2090 663 vel
2123 608 2357 678 alicujus
2401 609 2541 664 alius
2595 625 2784 665 eorum
2838 625 2959 680 quae
3019 621 3148 668 sunt
3209 623 3396 670 creata

1827 701 2107 755 mentione
2136 700 2304 765 facta,
2331 703 2705 771 operationem
2753 701 2978 758 factoris
3027 705 3404 762 subsistentia:

1827 790 2103 857 Unigeniti
2164 791 2408 860 apponit.
2464 788 2520 845 Si
2564 791 2709 846 enim
2749 792 2887 862 lapis
2935 794 3017 846 vel
3057 795 3282 864 lignum,
3315 797 3402 850 vel

1826 881 1956 951 quid
1983 881 2090 935 tale
2123 883 2572 952 contemplationi
2603 893 2747 938 esset
2775 885 3116 954 propositum
3146 903 3160 938 :
3209 901 3402 942 conse-

1825 987 1998 1042 quens
2033 980 2179 1028 esset
2205 981 2384 1028 mente
2421 975 2703 1044 percipere
2733 975 2853 1042 ejus
2890 976 2983 1046 qui
3032 967 3174 1031 fecit
3205 991 3402 1046 opera-

1826 1065 2050 1119 tionem.
2082 1064 2237 1129 Quod
2274 1066 2320 1120 si
2360 1065 2524 1119 etiam
2578 1065 2876 1120 adversarii
2908 1067 3239 1123 conﬁtentur
3268 1068 3401 1122 uni-

1825 1158 2066 1228 genitum
2101 1157 2268 1212 Deum
2297 1167 2350 1212 et
2389 1157 2585 1210 Filium
2624 1173 2745 1212 esse
2782 1166 2836 1212 et
2900 1161 3144 1230 genitum
3217 1161 3401 1215 subsi-

1825 1257 2010 1304 stere:
2049 1247 2322 1318 quomodo
2346 1249 2545 1303 eaedem
2580 1264 2742 1305 voces
2775 1249 2906 1303 huic
2953 1259 3292 1321 congruunt,
3346 1259 3401 1306 et

1826 1337 2027 1393 inlimis
2053 1348 2320 1394 creaturae
2351 1338 2642 1410 partibus?
2673 1350 2726 1394 et
2764 1340 2911 1410 quod
2940 1342 3006 1396 de
3040 1341 3266 1396 formica
3313 1343 3398 1398 vel

1825 1432 2001 1486 culice
2029 1445 2154 1485 vere
2189 1439 2368 1499 potest
2395 1420 2525 1492 dici,
2574 1430 2678 1486 hoc
2707 1431 2870 1486 etiam
2909 1432 2976 1486 de
3020 1430 3252 1487 Domino
3310 1434 3398 1486 di-

1824 1538 1950 1578 cere
1979 1523 2128 1593 pium
2158 1537 2281 1576 esse
2305 1522 2648 1576 existimant.
2693 1522 2749 1576 Si
2782 1523 2925 1578 enim
2963 1525 3232 1594 quispiam
3281 1525 3395 1580 for-

1825 1612 1979 1665 micae
2008 1619 2261 1666 naturam
2295 1609 2670 1680 perdidicerit.
2722 1611 2920 1679 quibus
2973 1613 3395 1680 pr0prietatibus

1825 1704 2172 1774 peculiariter
2207 1718 2236 1756 a
2272 1702 2504 1772 reliquis
2553 1702 2880 1758 animalibus
2928 1714 3233 1773 separatur,
3285 1722 3392 1760 non

1821 1805 1972 1850 extra
1999 1795 2283 1849 veritatem
2323 1791 2525 1846 dixerit
2553 1792 2694 1860 ejus,
2729 1793 2822 1862 qui
2859 1792 2986 1848 fecit
3030 1795 3225 1864 ipsam,
3266 1810 3396 1865 ope-

1820 1890 2089 1942 rationem
2133 1901 2474 1940 communem
2530 1900 2652 1938 cum
2683 1887 2809 1941 aliis
2861 1904 2970 1941 non
3021 1889 3212 1941 videri.
3264 1889 3395 1954 Quae

1822 1979 1984 2049 igitur
2025 1977 2093 2032 de
2122 1977 2326 2030 talibus
2356 1975 2638 2036 dicuntur,
2675 1975 2789 2029 haec
2826 1975 2893 2030 de
2942 1975 3233 2046 Unigenito
3269 1994 3393 2046 pro-

1819 2070 2187 2125 nuntiant:et
2242 2068 2702 2138 quemadmodum
2763 2075 3052 2124 venatores
3105 2069 3395 2138 praeripere

1821 2163 1993 2220 foveis
2025 2146 2357 2233 quibusdam
2389 2159 2627 2216 ferarum
2657 2175 2939 2216 accessum
2970 2161 3251 2223 dicuntur,
3311 2161 3396 2213 in-

1820 2256 1990 2314 sidias
2021 2263 2204 2309 autem
2234 2253 2470 2324 putridis
2509 2251 2838 2322 quibusdam
2869 2252 3144 2322 operculis
3173 2263 3225 2306 et
3266 2252 3395 2307 soli-

1819 2347 2042 2400 ditatem
2087 2359 2198 2399 non
2245 2343 2575 2399 habentibus
2609 2342 2815 2396 orificia
2853 2342 3132 2398 fovearnm
3197 2358 3394 2413 coope-

1820 2439 2022 2492 rientes
2061 2436 2361 2499 occultare,
2403 2443 2463 2488 ut
2493 2434 2712 2504 planum
2753 2433 3022 2503 adjacenti
3063 2433 3390 2504 profundum

1819 2530 2108 2583 videatur:
2143 2529 2246 2582 tale
2281 2528 2541 2595 quiddam
2593 2527 2856 2581 adversus
2890 2526 3138 2580 homines
3173 2525 3393 2581 haeresis

1819 2621 2194 2687 machinatur,
2239 2620 2452 2674 foveam
2487 2619 2783 2690 impietatis
2833 2634 2929 2688 per
2956 2619 3072 2672 haec
3103 2616 3281 2672 fausta
3339 2625 3394 2671 et

1821 2715 1910 2784 pia
1942 2713 2165 2768 nomina
2194 2713 2362 2768 veluti
2399 2713 2634 2784 quodam
2675 2710 3054 2781 superﬁciario
3085 2719 3231 2765 tecto
3261 2724 3394 2764 con-

1819 2815 2047 2878 tegens:
2081 2807 2154 2861 ita
2188 2815 2247 2860 ut
2291 2807 2384 2876 qui
2453 2805 2634 2859 minus
2668 2805 2892 2858 rationis
2946 2803 3154 2874 judicio
3187 2804 3388 2868 valent,

1822 2899 1965 2953 idem
1997 2914 2122 2952 cum
2150 2913 2278 2952 vera
2309 2897 2414 2950 fide
2464 2896 2659 2950 borum
2693 2896 3024 2966 pricconium
3058 2909 3153 2964 per
3197 2895 3393 2948 verbo-

1823 3007 1942 3045 rum
1973 2989 2374 3045 confessionem
2404 2988 2735 3051 existiment,
2771 2987 2836 3040 ad
2871 2987 3011 3042 exile
3037 3003 3234 3040 nomen
3268 2985 3389 3040 Filii

1821 3091 1874 3136 et
1908 3079 2180 3150 Unigeniti
2212 3087 2582 3136 accurrentes.
2644 3094 2742 3148 per
2794 3093 3023 3132 vacuam
3073 3089 3123 3132 et
3173 3079 3388 3132 inanem

1823 3174 2033 3228 foveam
2065 3173 2293 3236 vadunt,
2342 3172 2768 3242 appellationum
2807 3170 3205 3241 signiﬁcatione
3243 3186 3393 3240 gres—

1822 3277 1942 3316 sum
1975 3263 2220 3330 ipsorum
2250 3276 2356 3314 non
2399 3260 2671 3323 firmante,
2727 3259 2820 3314 sed
2865 3258 2932 3313 ad
2989 3259 3196 3313 Christi
3227 3261 3393 3313 abne-

1817 3353 2055 3424 gationis
2112 3351 2429 3406 barathrum
2483 3351 2790 3421 praecipites
2845 3361 3058 3420 agente.
3097 3347 3392 3417 Propterea

1817 3445 2011 3516 genitae
2039 3443 2291 3500 essentia:
2331 3443 2598 3506 meminit,
2645 3441 2777 3495 nulli
2829 3441 2895 3494 ad
2949 3456 3391 3494 communionem

1817 3533 1995 3586 locum
2051 3531 2442 3601 relinquentis,
2501 3541 2662 3600 atque
2718 3528 3067 3599 Unigenitnin
3126 3533 3388 3584 nominat.

1815 3621 1941 3678 Haec
1980 3632 2110 3678 sunt
2140 3621 2308 3677 fovea:
2354 3623 2710 3692 operimenta.
2769 3623 2904 3676 Cum
2964 3630 3142 3676 autem
3193 3621 3390 3691 aliquis

1815 3715 2062 3778 adstans,
2120 3715 2442 3783 priusquam
2497 3715 2646 3767 hiatu
2706 3722 2761 3767 et
2800 3714 3060 3782 voragine
3100 3714 3390 3783 subreptus

1814 3807 2000 3869 fuerit,
2039 3807 2201 3860 veluti
2238 3806 2530 3874 quamdam
2584 3821 2830 3869 manum,
2866 3820 3062 3872 nempe
3119 3819 3214 3873 per
3272 3819 3392 3856 scr-

1814 3912 2028 3952 monem
2069 3896 2266 3950 factam
2299 3897 2717 3966 experientiam,
2782 3895 3020 3950 sermoni
3056 3895 3388 3963 adjunxerit,

1814 3988 2136 4043 idololatriae
2161 3988 2440 4043 interitum
2467 3988 2720 4056 dogmate
2757 3987 3050 4042 sull‘ossuin
3087 3987 3343 4054 perspicit
3371 4003 3387 4052 ;

1812 4081 1892 4134 sic
1924 4081 2069 4132 enim
2102 4079 2169 4134 ad
2209 4078 2378 4134 Deum
2442 4088 2496 4133 et
2537 4078 2627 4133 Dei
2687 4079 2884 4132 Filium
2945 4077 3233 4138 accedens,
3293 4078 3386 4132 Dei

1811 4179 2118 4225 creaturam
2151 4171 2323 4224 cultui
2357 4171 2696 4241 propositam
2731 4171 2957 4224 invenit.
2993 4168 3230 4238 Ideoque
3259 4185 3386 4224 sur-

1811 4279 1930 4317 sum
1979 4271 2034 4316 ct
2080 4261 2336 4318 deorsum
2391 4260 2668 4334 Uuigeniti
2709 4278 2906 4315 nomen
2965 4262 3384 4326 circumferunt,

1811 4355 2131 4410 utincantis
2161 4363 2215 4409 et
2249 4355 2494 4425 deceptis
2541 4354 2798 4408 interitus
2857 4353 3166 4424 plausibilis
3225 4352 3386 4409 facile

153 4444 446 4532 ea.th
471 4444 623 4522 stati
671 4485 734 4536 γε
777 4468 868 4520 τὸν
917 4444 1106 4519 ἑαυτὸν
1139 4465 1274 4535 πρὸς
1305 4464 1365 4518 τδ
1410 4463 1704 4528 σπουδαζὼ

1815 4454 2148 4516 acceptetur,
2181 4447 2348 4500 veluti
2389 4446 2434 4500 si
2483 4448 2607 4514 quis
2666 4444 2952 4500 mortifero
3000 4459 3211 4498 veneno
3259 4445 3382 4511 pani

154 4575 286 4626 μενον
335 4562 546 4631 βλέπει.
598 4562 658 4613 El
709 4559 817 4630 γάρ
871 4558 1148 4621 παντελῶς
1189 4557 1404 4622 ἐξέϐαλε
1450 4556 1543 4609 τοῦ
1581 4556 1702 4609 καθ’

151 4652 311 4706 ἑαυτὸν
341 4655 616 4724 δόγματος
658 4651 756 4722 τὴν
803 4651 898 4705 τοῦ
928 4651 1058 4704 Υίοῦ
1092 4650 1294 4722 φωνὴν,
1329 4651 1705 4722 άπαράδεκτος

149 4745 175 4812 ἡ
198 4746 363 4817 ἀπάτη
389 4750 508 4809 τοῖς
531 4744 836 4816 ἀνθρώποις
860 4745 1085 4811 ἐγίνετο,
1118 4741 1364 4812 φανερῶς
1400 4741 1702 4811 διαϐοωμέ-

148 4855 225 4907 νης
246 4841 338 4910 τῆς
366 4841 655 4912 ἀρνήσεως
708 4840 764 4890 ἐν
811 4836 1062 4908 προδήλῳ
1103 4835 1445 4907 κηρύγματιο
1487 4834 1604 4886 νυνὶ
1646 4834 1702 4887 δὲ

146 4932 431 4986 καταλιπὼν
465 4932 626 5002 μόνον
653 4931 714 4982 τὸ
737 4929 924 4998 δνομα,
948 4927 1010 4980 τὸ
1048 4927 1104 4980 δὲ
1140 4927 1532 4997 σημαινόμενον
1566 4925 1702 4994 πρὸς

143 5027 224 5094 τὴν
259 5028 353 5096 τῆς
400 5027 633 5089 κτίσεως
681 5025 888 5078 ἔννοιαν
935 5021 1278 5092 μεταγαγὼν,
1308 5021 1402 5074 καὶ
1449 5019 1702 5090 κατορθοί

144 5118 225 5184 τὴν
268 5118 706 5190 είδωλολατρείαν
729 5155 745 5178 ,
795 5115 886 5170 καὶ
932 5114 1259 5168 ὑποκλέπτει
1321 5112 1411 5164 τὸν
1459 5112 1697 5182 ἔλεγχον.

153 5207 271 5260 Ἀλλ’
297 5210 482 5282 ἐπειδὴ
513 5211 573 5262 οὺ
608 5209 808 5279 χείλεσι
844 5209 1008 5277 τιμᾷν
1039 5206 1130 5258 τὸν
1157 5205 1290 5258 Θεὸν
1323 5203 1696 5273 προσετάχθη-

147 5316 246 5366 μεν,
269 5303 383 5356 οὐδὲ
408 5305 467 5356 ὲν
501 5303 618 5372 ῆχῳ
648 5301 830 5371 φωνῆς
872 5301 906 5371 ἡ
956 5299 1207 5353 εὐσέϐεια
1256 5297 1529 5368 κρίνεται·
1563 5295 1699 5349 ἀλλὰ

144 5397 233 5464 χρὴ
276 5397 486 5466 πρῶτον
530 5397 596 5467 τῇ
653 5387 848 5465 καρδίᾳ
899 5392 1249 5462 πιστευθῆναι
1310 5391 1400 5443 τὸν
1448 5390 1574 5443 Υίὸν
1619 5391 1698 5452 είς

144 5483 480 5560 δικαιοσύνην,
511 5491 608 5543 καὶ
653 5488 776 5541 τότε
804 5486 1197 5557 ὁμολογηθῆναι
1238 5485 1316 5555 τῷ
1361 5484 1586 5554 στόματι
1616 5483 1697 5544 είς

144 5581 410 5651 σωτηρίαν,
441 5583 535 5634 καὶ
561 5581 610 5634 oi
653 5581 713 5633 ἐν
754 5579 950 5657 ,καρδία
997 5578 1243 5646 λέγοντες
1269 5577 1343 5648 μὴ
1372 5571 1510 5629 εἶναι
1539 5573 1692 5637 Θεὸν,

145 5667 232 5718 κᾶν
280 5671 356 5742 τῷ
399 5673 623 5743 στόματι
675 5670 879 5742 Κύριον
923 5669 1246 5741 ὁμολογῶσι,
1305 5668 1690 5739 διεφθάρησαν,

147 5757 302 5826 καθὼς
354 5765 382 5818 ὁ
425 5764 714 5839 Προφήτης
759 5763 913 5836 φησί.
955 5763 1052 5818 Διὰ
1099 5763 1256 5820 τοῦτό
1306 5781 1444 5840 φημι
1497 5762 1693 5834 χρῆναι

1809 4538 2046 4594 admisto
2078 4549 2301 4610 egentes
2333 4539 2456 4593 cibo
2487 4539 2553 4591 ad
2589 4546 2817 4592 mortem
2855 4537 3114 4592 invitatos
3159 4537 3384 4592 dextera

1807 4651 2289 4720 apprehendisset.
2328 4649 2465 4716 Quia
2495 4649 2599 4704 nisi
2636 4649 2866 4704 inescati
2897 4656 3082 4702 essent
3108 4657 3158 4701 et
3197 4650 3384 4718 specie

1805 4745 2038 4814 decepti,
2068 4743 2436 4814 perniciosum
2487 4754 2542 4796 et
2587 4741 2744 4796 letale
2800 4757 3069 4796 venenum
3100 4757 3378 4811 nunquam

1805 4837 2179 4892 admisissent.
2215 4835 2518 4890 Prudenter
2549 4835 2713 4906 igitur
2752 4843 2805 4888 et
2851 4833 2919 4887 ad
2955 4843 3188 4888 mentem
3220 4850 3376 4888 suam

1803 4930 2052 4998 apposite
2083 4929 2150 4982 ad
2185 4929 2238 4982 id
2264 4927 2408 4998 quod
2443 4926 2694 4986 intendit.
2722 4927 2965 4996 reSpicit.
2996 4924 3051 4978 Si
3083 4926 3228 4978 enim
3259 4923 3380 4978 fun-

1802 5022 1950 5076 ditus
1987 5036 2018 5073 e
2045 5036 2144 5075 suo
2181 5019 2432 5090 dogmate
2462 5018 2582 5073 Filii
2612 5033 2799 5072 vocem
2837 5017 3181 5078 exclusisset,
3219 5031 3377 5071 error

1803 5111 2120 5166 hominibus
2150 5127 2258 5164 non
2287 5121 2544 5180 acceptus
2575 5109 2787 5170 fuisset,
2848 5107 3026 5178 palam
3087 5108 3376 5176 negatione

1800 5204 2134 5258 reclamante
2173 5210 2362 5270 aperto
2409 5209 2464 5256 et
2523 5201 2811 5270 propatulo
2868 5199 3182 5269 praeconio:
3226 5215 3374 5252 nunc

1800 5300 1979 5344 autem
2017 5290 2136 5345 solo
2176 5290 2366 5345 relicto
2392 5291 2633 5352 nomine,
2671 5288 2980 5358 significato
3010 5287 3078 5342 ad
3106 5298 3375 5343 creatura

1798 5383 2048 5436 notitiam
2076 5381 2350 5444 traducto,
2406 5381 2607 5436 falsum
2648 5381 2874 5435 deorum
2914 5381 3123 5434 cultum
3162 5381 3371 5435 instau-

1798 5483 1882 5528 rat
1913 5484 1968 5528 et
2007 5474 2487 5544 reprehensionem
2521 5473 2777 5528 declinat.
2813 5471 2918 5528 Sed
2946 5472 3207 5543 quoniam
3261 5487 3369 5528 non

1797 5565 1958 5622 labiis
1991 5564 2161 5622 Deum
2184 5566 2366 5622 colere
2392 5565 2534 5636 jussi
2564 5580 2758 5621 sumus
2784 5582 2800 5619 :
2834 5581 3013 5636 neque
3043 5565 3198 5620 vocis
3231 5581 3370 5620 sono

1793 5673 1970 5742 pietas
2016 5680 2293 5736 censetur,
2327 5671 2422 5728 sed
2455 5679 2670 5742 oportet
2701 5673 2939 5743 primum
2971 5673 3138 5728 corde
3163 5674 3217 5727 in
3278 5671 3368 5726 Fi-

1794 5764 1930 5822 lium
1954 5764 2178 5822 credere
2206 5765 2277 5822 ad
2297 5763 2590 5838 justitiam,
2627 5773 2870 5840 tuncque
2901 5782 2995 5825 ore
3021 5766 3270 5824 confiteri
3297 5765 3374 5854 ad
