3922 6510
527 301 637 360 661

1800 290 1860 346 S.
1885 287 2213 346 GREGORII
2249 287 2550 345 NYSSENI

3666 283 3757 342 668

531 427 760 482 salutem
785 424 868 490 ἰι
917 430 970 477 et
1001 421 1094 492 qui
1143 417 1308 476 corde
1356 417 1548 473 dicunt
1579 431 1690 470 non
1727 430 1848 470 esse
1887 413 2054 468 Deum
2081 452 2097 476 ,

2211 412 2338 483 πρὸς
2358 412 2447 464 τὸν
2473 411 2595 465 νοῦν
2624 412 2837 483 βλέπειν
2879 413 2965 466 διὰ
3003 411 3103 480 τῆς
3139 407 3374 472 λέξεως,
3397 403 3653 475 ἡμέτερος
3681 405 3761 457 καὶ

532 519 636 574 etsi
667 533 762 572 ore
787 516 1074 571 Dominum
1102 512 1454 575 conﬁtentur,
1487 521 1669 564 tamen
1693 509 1939 577 corrupti
1973 511 2101 560 sunt

530 620 586 666 et
623 624 886 678 nequam,
928 608 1070 661 sicut
1129 606 1204 659 ait
1257 601 1611 674 Propheta“.
1659 599 1928 665 Quocirca
1977 595 2100 650 dico

533 711 785 772 oportere
813 707 1049 754 mentem
1078 697 1388 766 perspicere
1420 710 1516 765 per
1544 693 1861 750 dictionem,
1915 694 2102 741 noster

532 795 622 848 hic
643 807 823 848 sermo
847 797 931 846 est
954 797 1008 844 et
1048 802 1156 842 non
1203 785 1654 841 adversariorum.
1706 775 1863 842 Quod
1904 778 1949 832 si
1977 776 2101 844 quis

534 882 657 936 Filii
695 895 894 935 nomen
931 884 1198 932 creaturae
1251 868 1497 941 apponit,
1552 862 1815 918 falsorum
1875 862 2099 918 deormn

535 964 843 1021 cultoribus
857 962 1218 1016 adscribetur.
1241 958 1373 1011 Nam
1397 966 1451 1010 et
1466 955 1539 1008 illi
1559 955 1833 1025 etDagon,
1851 968 1902 1009 et
1919 955 2032 1009 Bel.
2051 965 2106 1008 et

2201 502 2322 572 οὐχὶ
2345 501 2450 552 τῶν
2478 498 2732 550 ἐναντίων
2758 502 2873 551 ἐστὶ
2894 497 2966 566 (ιι)
2988 497 3162 564 λόγος.
3187 494 3256 547 Εἰ
3277 493 3591 559 sem-rios
3614 492 3760 564 ὃνομα

2203 595 2269 663 τῇ
2300 591 2472 643 κτίσει
2497 587 2720 650 τίθεται,
2757 589 2814 639 ὲν
2858 588 2969 649 τοῖς
3013 584 3442 654 εἰδωλολάτραις
3485 581 3759 646 τετάξεται.

2202 683 2311 736 Καὶ
2339 681 2448 752 γάρ
2478 663 2673 735 ἐκεῖνοι
2712 681 2805 734 καὶ
2831 679 2918 731 τὸν
2948 678 3154 745 Δάγων,
3188 676 3290 728 καὶ
3339 673 3434 727 τὸν
3469 673 3651 742 Βηλδν,
3685 675 3764 727 καὶ

2203 771 2292 824 τὸν
2323 770 2591 842 δράκοντα
2621 769 2752 823 Θεὺν
2785 769 3082 838 ὠνόμαζον,
3113 767 3231 820 ἀλλ’
3279 765 3344 818 οὐ
3383 765 3472 817 διὰ
3503 763 3652 816 τοῦτο
3687 767 3766 817 καὶ

2202 863 2294 916 τὸν
2322 863 2453 916 Θεὸν
2486 863 2869 935 προσεκύνουν.
2903 862 2976 915 οὐ
3011 861 3116 932 γάρ
3144 859 3284 922 Θεὸς
3328 856 3392 910 τδ
3426 856 3600 923 ξύλον,
3628 857 3709 909 καὶ
3741 859 3766 909 ὁ

2213 953 2411 1026 χαλκὸς
2435 954 2528 1004 καὶ
2556 950 2616 1003 τὸ
2646 950 2850 1021 θηρίον.

534 1055 834 1110 draconem
855 1053 1024 1107 Deum
1055 1048 1430 1109 nominabant,
1471 1043 1563 1099 sed
1603 1058 1711 1098 non
1735 1053 2022 1114 prOpterea
2039 1044 2211 1098 Deum
2236 1039 2568 1103 adorabant;
2595 1054 2702 1092 non
2736 1039 2882 1094 enim
2903 1040 3304 1106 Deuslignum,
3324 1045 3382 1090 et
3414 1050 3489 1088 aas
3519 1043 3571 1088 et
3601 1034 3770 1090 bellua.

609 1137 714 1191 Sed
771 1136 898 1206 quid
935 1149 1161 1189 necesse
1219 1141 1302 1186 est
1365 1133 1702 1199 conjecturis
1773 1132 2101 1186 sententiam

536 1235 844 1298 quaerentes
873 1240 1128 1280 sermone
1171 1223 1411 1276 abditam
1467 1223 1737 1275 fallaciam
1765 1222 2026 1284 revelare,
2053 1229 2107 1275 et

537 1321 772 1373 fortasse
796 1317 1113 1372 occasiones
1147 1315 1387 1384 preehere
1413 1313 1781 1376 audientibus,
1813 1314 1957 1383 quod
1986 1323 2108 1366 tan.

534 1425 698 1478 quam
751 1423 858 1460 non
898 1421 1024 1460 vere
1055 1421 1155 1460 nos
1182 1407 1294 1458 haec
1320 1404 1560 1458 inimicis
1593 1405 1937 1470 obiecimus?
1967 1402 2107 1457 Ecce

535 1503 679 1555 enim
738 1498 897 1552 nobis
943 1496 1143 1551 nudam
1189 1499 1412 1566 exponit
1479 1496 1889 1566 blasphemiam,
1958 1493 2110 1549 nullo

534 1592 801 1647 velamine
834 1591 1016 1644 dolum
1052 1591 1166 1645 sive
1197 1590 1440 1643 fraudem
1471 1590 1776 1654 occultans,
1809 1589 1901 1643 sed
1934 1587 2107 1642 auda-

534 1690 651 1739 cter
677 1682 915 1736 absurda
939 1682 1168 1751 loquens
1201 1681 1370 1734 libera
1395 1696 1527 1736 voce
1555 1699 1569 1734 :
1609 1681 1688 1735 sic
1723 1681 1866 1734 enim
1906 1680 2110 1749 scripta

536 1773 736 1828 habent
764 1791 776 1825 :
818 1770 932 1826 Nos
959 1773 1219 1842 equidem,
1252 1773 1449 1842 inquit,
1482 1772 1614 1824 nihil
1646 1772 1794 1825 aliud
1845 1773 2108 1825 invenien-

536 1873 610 1918 tes
640 1875 830 1932 praeter
858 1865 1136 1918 essentiam
1170 1862 1300 1918 Filii
1334 1863 1469 1933 quod
1498 1869 1878 1933 generationem
1910 1865 2108 1930 capiat,

535 1958 591 2010 in
642 1956 824 2009 eadem
885 1959 1110 2009 essentia
1161 1965 1409 2024 putamus
1441 1964 1675 2022 oportere
1731 1956 2107 2025 appellationes

537 2047 802 2111 ordinare,
832 2047 936 2100 sive
964 2045 1120 2100 nudis
1141 2057 1187 2100 et
1207 2046 1430 2100 exilibus
1457 2047 1620 2099 verbis
1643 2047 1879 2100 dicamus
1910 2043 2109 2099 Filium

534 2150 584 2194 et
613 2141 862 2209 genitum,
899 2139 1004 2192 sive
1035 2139 1147 2190 Itan:
1168 2137 1232 2190 ab
1265 2140 1493 2191 essentia
1543 2138 1878 2198 divellamus,
1914 2153 1978 2191 ea:
2028 2139 2108 2192 Itis

537 2232 742 2283 incitati
786 2231 1041 2283 essentias
1075 2247 1106 2282 a
1137 2246 1190 2282 se
1223 2231 1439 2283 invicem
1468 2239 1742 2298 separatas
1788 2229 1990 2283 distare
2013 2231 2108 2298 ﬁr-

538 2323 689 2374 miter
741 2331 994 2375 tenemus.
1045 2319 1190 2374 Nihil
1227 2323 1504 2391 Opusesse
1533 2330 1663 2390 puto
1715 2321 2109 2376 absurditatem

536 2425 658 2478 qua:
705 2410 757 2463 in
787 2411 870 2465 his
906 2409 1072 2464 dictis
1103 2418 1208 2475 est,
1279 2409 1487 2464 nostris
1544 2411 1891 2464 sermonibus
1924 2427 2110 2480 repre-

537 2499 722 2554 hendi.
772 2502 892 2570 Ipsa
924 2501 1070 2555 enim
1126 2501 1458 2570 scriptorum
1513 2501 1676 2554 lectio
1721 2502 1860 2557 satis
1930 2511 2111 2572 potest

536 2588 926 2658 blasphemiam
1004 2599 1230 2656 notare;
1310 2591 1391 2645 sic
1463 2592 1608 2644 enim
1687 2594 2109 2661 perspiciamus:

535 2679 816 2735 Essentias
854 2677 1034 2734 Patris
1065 2687 1117 2734 et
1148 2679 1268 2734 Filii
1325 2689 1606 2750 separatas
1637 2697 1666 2734 a
1705 2697 1761 2736 se
1776 2683 2112 2738 diﬂ'erreau-

535 2780 732 2826 tumat.
759 2769 899 2837 Quid
930 2770 1094 2840 igitur
1123 2785 1218 2840 per
1245 2771 1715 2841 παρηλλαγμένον,
1757 2771 1833 2838 (id
1866 2780 1969 2834 est,
1999 2774 2111 2829 dis-

2294 1126 2452 1178 Ἀλλὰ
2475 1126 2525 1177 τί
2554 1125 2657 1195 χρὴ
2687 1123 3260 1195 καταστοχαςομένους
3285 1125 3390 1194 τῆς
3409 1126 3640 1191 διανοίας
3658 1131 3768 1183 ἁνα-

2211 1219 2507 1272 καλύπτειν
2554 1218 2632 1286 τῷ
2663 1217 2804 1288 λόγῳ
2852 1217 2950 1288 τὴν
2980 1217 3381 1289 κεκρυμμένην
3429 1219 3657 1289 ἀπάτην,
3689 1225 3766 1275 καὶ

2213 1311 2471 1382 παρέχειν
2505 1311 2633 1372 ἴσως
2665 1309 2918 1380 ἀφορμὰς
2951 1311 3062 1373 τοῖς
3099 1308 3420 1369 ἀκούουσιν.
3450 1311 3524 1373 ὡς
3543 1311 3636 1364 οὐκ
3662 1314 3766 1384 ἀλη-

2215 1402 2323 1467 θῶς
2343 1404 2374 1473 ἡ
2383 1402 2497 1473 μῶν
2522 1401 2692 1455 ταῦτα
2714 1405 2824 1462 τοῖς
2845 1399 3052 1473 ἐχθροῖς
3077 1401 3474 1471 προφερόντων
3495 1420 3508 1467 ;
3535 1403 3655 1457 Ἰδού
3677 1407 3766 1477 γὰρ

2213 1497 2422 1567 γυμνὴν
2461 1497 2592 1566 ἡμῖν
2625 1494 2894 1548 ἐκτίθεται
2928 1495 3025 1562 τὴν
3055 1493 3439 1565 βλασφημίαν,
3483 1495 3550 1548 δι’
3581 1497 3765 1557 οὐδενὸς

2213 1589 2674 1659 προκαλύμματος
2730 1587 2820 1640 τὸν
2881 1586 3028 1640 δόλον
3091 1587 3605 1658 ἐπικρυπτόμενος,
3669 1588 3771 1642 ἀλλ’

2210 1679 2792 1752 ὲμπαρῤησιαζόμενος
2841 1681 2952 1742 τοῖς
3000 1679 3222 1741 ἀτόποις
3281 1679 3547 1752 ἐλευθέρᾳ.
3595 1684 3760 1751 φωνῇ·

2209 1773 2352 1826 οὕτω
2378 1771 2433 1824 δὲ
2467 1771 2579 1841 ἔχει
2616 1769 2685 1822 τά
2716 1769 3074 1841 γεγραμμένα
3094 1778 3108 1793 ⁸
3136 1768 3342 1838 Ἡμεῖς
3375 1769 3494 1838 μὲν
3524 1765 3648 1834 οὖν,
3679 1789 3763 1841 φη-

2210 1866 2314 1926 σὶν,
2349 1862 2528 1917 οὐδὲν
2563 1861 2770 1928 ἕτερον
2802 1861 3187 1928 εὑρίσκοντες
3235 1862 3403 1930 παρὰ
3433 1861 3546 1928 τὴν
3571 1864 3760 1916 οὐσίαν

2209 1953 2312 2008 τοῦ
2351 1951 2486 2006 Υἱοῦ
2515 1951 2580 2004 τὸ
2614 1949 2940 2017 δεχόμενον
2976 1949 3089 2015 τὴν
3116 1948 3435 2019 γέννησιν,
3481 1950 3570 2001 ἐπ’
3600 1952 3760 2018 αὐτῆς

2209 2043 2319 2112 τῆς
2339 2043 2554 2106 οὐσίας
2577 2041 2806 2095 τάττειν
2825 2041 3060 2109 οἰόμεθα
3079 2038 3208 2092 δεῖν
3228 2040 3340 2106 τὰς
3361 2041 3755 2109 προσηγορίας,

2208 2134 2330 2200 εἴγε
2360 2131 2454 2184 καί
2489 2129 2693 2197 ψιλοῖς
2717 2129 2945 2197 ῥήμασι
2985 2129 3244 2198 λέγομεν
3283 2129 3424 2182 Υίὸν
3447 2130 3540 2182 καὶ
3579 2148 3758 2200 γεννη-

2210 2222 2334 2286 τὸν,
2363 2221 2416 2274 εἶ
2446 2238 2509 2290 γε
2541 2219 2724 2272 ταῦτα
2751 2217 2862 2284 τῆς
2893 2218 3108 2283 οὐσίας
3133 2219 3525 2288 χωρίσαιμεν,
3563 2219 3624 2272 ἐκ
3649 2220 3756 2272 τούο

2211 2328 2328 2365 των
2363 2309 2682 2379 ὁρμώμενοι
2720 2308 2818 2361 καὶ
2864 2306 2930 2360 τὸ
2975 2307 3400 2375 παρηλλάχθαι
3443 2310 3546 2373 τὰς
3575 2311 3756 2375 οὐσίας

2210 2403 2498 2469 ἀλλήλων
2540 2401 2924 2469 πιστούμεθα.
2960 2400 3123 2452 Οὐδὲν
3165 2396 3322 2468 οἶμαι
3362 2401 3557 2470 χρῆναι
3594 2401 3681 2472 τὴν
3709 2402 3754 2453 ἐν

2209 2493 2321 2552 τοῖς
2347 2489 2653 2560 εἰρημένοις
2680 2488 2907 2541 ἀτοπίαν
2929 2488 3016 2540 διὰ
3036 2488 3142 2540 τῶν
3165 2489 3454 2558 ἡμετέρων
3479 2490 3752 2559 ἐλέγχεσθαι

2210 2582 2403 2650 λόγων.
2460 2581 2606 2652 Αὐτὴ
2657 2569 2765 2652 γάρ
2805 2582 2837 2650 ἡ
2887 2579 2994 2633 τῶν
3032 2581 3442 2649 γεγραμμένων
3487 2583 3753 2648 ἀνάγνωσις

2213 2673 2371 2745 ἱκανὴ
2402 2672 2743 2743 στηλιτεῦσαι
2784 2671 2883 2741 τὴν
2923 2671 3294 2740 βλασφημίαν.
3340 2672 3548 2725 Ούτωσὶ
3577 2671 3628 2724 δὲ
3659 2672 3747 2723 62a-

2215 2766 2604 2836 σκοπήσωμεν⁶
2629 2760 3010 2834 Παρηλλάχθαι
3037 2761 3184 2829 λέγει
3208 2761 3309 2825 τὰς
3338 2763 3523 2826 οὐσίας
3544 2763 3752 2834 ἀλλήλων

535 2849 764 2929 crepans
807 2868 860 2915 et
894 2859 1192 2930 diversum)
1235 2860 1616 2930 signiﬁcatur?
1657 2860 1899 2915 Primum
1937 2864 2105 2932 ipsam

2211 2856 2301 2909 τοῦ
2331 2854 2459 2908 Υίοῦ
2489 2871 2548 2906 τε
2587 2855 2680 2905 καὶ
2728 2852 2822 2905 τοῦ
2854 2853 3083 2925 Πατρός.
3129 2853 3196 2905 Τί
3226 2855 3407 2907 τοίνυν
3437 2855 3520 2907 διὰ.
3547 2856 3630 2907 τοῦ
3659 2871 3748 2907 :ta-

534 2954 792 3008 dictionis
821 2953 931 3006 vim
963 2963 1014 3006 et
1037 2951 1487 3021 significationem
1522 2955 1809 3023 separatim
1834 2955 2108 3008 examine-

534 3061 678 3105 mus,
710 3053 769 3098 ut
805 3044 978 3114 magis
1038 3059 1134 3112 per
1171 3045 1335 3113 hujus
1391 3045 1544 3098 verbi
1607 3046 2108 3114 interpretationem

534 3136 760 3206 impium
793 3135 1091 3189 convitium
1142 3136 1447 3206 delegatur.
1478 3136 1688 3191 Dicitur
1735 3153 1864 3208 ergo
1898 3137 1953 3191 in
1982 3150 2111 3192 con-

535 3226 843 3281 suetudinis
917 3227 1180 3281 abusione
1259 3228 1363 3280 hoc
1414 3242 1608 3281 nomen
1680 3227 1778 3298 τῆς
1835 3227 2110 3298 παραλλα-

534 3319 660 3388 γῆς,
703 3319 757 3370 in
796 3319 1121 3386 corporibus
1171 3319 1413 3389 quidem.
1437 3320 1654 3388 quando
1681 3336 1746 3374 ex
1781 3322 2112 3374 resolutione

533 3409 618 3462 vel
647 3409 751 3462 alia
786 3409 1138 3477 perpessione
1191 3411 1496 3464 membrum
1524 3410 1746 3479 aliquod
1792 3426 1822 3464 a
1874 3413 2107 3464 naturali

536 3509 802 3552 concentu
865 3515 1176 3568 perversum
1214 3508 1270 3553 et
1322 3501 1597 3554 detortum
1636 3501 1821 3556 fuerit.
1882 3501 2013 3555 Nam
2044 3519 2109 3557 ex

527 3583 811 3640 contraria
868 3589 1137 3659 positione
1187 3588 1363 3644 allecti
1411 3592 1641 3646 membri
1688 3609 1810 3646 cum
1854 3609 1918 3647 eo
1965 3595 2109 3663 quod

538 3695 737 3734 sanum
787 3687 890 3745 est,
956 3680 1011 3734 in
1053 3681 1294 3734 deterius
1339 3684 1746 3750 perversionem
1786 3686 1906 3752 ejus
1965 3687 2108 3756 quod

539 3785 852 3840 perpessum
892 3769 990 3824 fuit
1019 3771 1379 3844 παραλλαγήν
1419 3775 1784 3830 nominamus.
1817 3775 1873 3830 ln
1901 3777 1983 3831 his
2015 3793 2111 3831 au-

540 3873 645 3916 tem
671 3864 762 3933 qui
794 3864 850 3916 in
903 3865 1148 3918 moribus
1199 3865 1498 3918 secundum
1529 3867 1779 3920 virtutem
1819 3877 1874 3921 et
1914 3869 2109 3921 vitium

535 3954 816 4019 ditlerunt,
873 3969 996 4007 cum
1049 3955 1420 4023 intemperans
1455 3958 1562 4009 vita
1612 3973 1758 4026 purae
1797 3968 1850 4012 et
1903 3968 2108 4027 tempe-

534 4046 678 4098 ranti
721 4047 1036 4114 Opponilur,
1090 4047 1350 4114 veljusto
1400 4048 1660 4115 injuslus,
1712 4049 1794 4103 vel
1824 4059 2108 4104 mansueto

533 4146 590 4192 et
621 4137 845 4206 paciﬁca
879 4147 933 4191 ct
962 4137 1170 4208 quieto,
1206 4139 1530 4202 iracundus,
1577 4140 1891 4203 bellicosus,
1924 4150 1977 4195 et
2013 4143 2104 4210 qui

2202 2944 2626 3016 ρηλλαγμένου
2677 2945 3028 3014 σημαίνεται;
3080 2944 3312 3016 Πρῶτον
3361 2947 3527 3017 αὐτὴν
3556 2948 3644 3018 τὴν
3671 2947 3748 3015 τῆς

2209 3043 2405 3106 λέξεως
2444 3043 2679 3112 ἔμφασιν
2715 3041 2796 3109 ἐφ’
2821 3040 3024 3094 ἑαυτῶν
3055 3040 3421 3112 ἐξετάσωμεν,
3452 3044 3524 3106 ὡς
3558 3043 3618 3095 ἂν
3641 3042 3748 3111 μᾶ).-

2209 3134 2298 3188 λον
2337 3133 2422 3187 διὰ
2449 3134 2545 3204 τῆς
2590 3131 2682 3186 τοῦ
2731 3135 2970 3204 ῥήματος
3000 3135 3299 3204 ἑρμηνείας
3339 3134 3679 3202 ὲκκαλυφθείη
3700 3131 3748 3184 τδ

2212 3227 2547 3299 βλάσφημον.
2599 3226 2829 3294 Λέγεται
2876 3226 3051 3280 τοίνυν
3087 3230 3143 3280 ὲν
3181 3232 3250 3299 τῇ
3314 3229 3631 3298 καταχρήσει
3665 3225 3745 3293 τῆς

2213 3321 2493 3392 συνηθείας
2523 3320 2583 3372 τὸ
2618 3322 2766 3391 ῥῆμα
2811 3320 2909 3389 τῆς
2952 3319 3326 3392 παραλλαγῆς,
3369 3321 3461 3372 ἐπὶ
3510 3318 3738 3387 σωμάτων

2213 3413 2332 3483 μὲν,
2375 3413 2502 3464 ὅταν
2557 3413 2620 3464 ὲκ
2672 3408 3026 3481 παραλύσεως
3077 3409 3111 3480 ἦ
3156 3425 3304 3473 τινος
3348 3410 3529 3479 ἐτέρου
3573 3405 3742 3465 πάθους

2211 3506 2544 3576 παρατραπῇ
2571 3521 2621 3556 τι
2658 3502 2815 3574 μέλος
2851 3501 2949 3572 τῆς
2978 3503 3212 3572 φυσικῆς
3239 3502 3518 3572 ἁρμονίας.
3552 3500 3636 3551 Ἐκ
3655 3497 3739 3565 γὰρ

2209 3597 2306 3665 τῆς
2349 3595 2484 3665 πρὸς
2532 3595 2593 3646 τὸ
2632 3595 2868 3662 ὑγιαῖνον
2901 3595 2994 3647 τοῦ
3045 3593 3376 3654 πεπονθότος
3423 3587 3738 3660 ἀντιπαραθέ-

2212 3695 2348 3749 σεως
2379 3687 2476 3756 τὴν
2508 3684 2642 3755 πρὸς
2675 3684 2734 3739 τὸ
2761 3687 2940 3754 χεῖρον
2964 3683 3321 3754 παρατροπὴν
3342 3682 3433 3736 τοῦ
3478 3676 3739 3749 παραδεξα-

2213 3777 2374 3848 μένου
2415 3777 2474 3830 τδ
2515 3777 2700 3839 πάθος,
2752 3774 3104 3845 παραλλαγὴν
3146 3773 3500 3845 ὀνομάζομεν.
3548 3770 3651 3821 Ἐπὶ
3690 3765 3735 3818 δὲ

2209 3869 2315 3922 τῶν
2346 3871 2403 3921 ὲν
2442 3868 2560 3939 ῆθει
2613 3870 2729 3922 κατ’
2763 3869 2959 3939 ἀρετὴν
3011 3867 3106 3920 καὶ
3154 3865 3356 3919 κακίαν
3395 3861 3733 3931 διαφερόντων.

2207 3959 2334 4012 ὃταν
2357 3961 2384 4012 ὁ
2411 3959 2703 4021 ἀκόλαστος
2732 3958 2842 4028 βίος
2871 3956 3259 4028 ἀντιπαρατιθέ
3268 3973 3423 4026 μενος
3449 3953 3521 4023 τῷ
3548 3946 3734 4014 καθαρῷ

2207 4069 2266 4104 τε
2300 4051 2393 4103 καὶ
2438 4049 2692 4121 σώφρονι,
2737 4050 2884 4120 ἧτῷ
2921 4049 3113 4119 δικαίῳ
3152 4050 3180 4100 ὁ
3218 4049 3418 4110 ἄδικος,
3448 4047 3478 4116 ἢ
3510 4043 3627 4113 πρὸς
3660 4038 3733 4090 τὸν

2211 4143 2382 4213 πρᾷόν
2409 4159 2467 4194 τε
2497 4144 2591 4195 καὶ
2615 4144 2887 4213 εἰρηνικόν
2916 4159 2974 4194 τε
2998 4142 3089 4194 καὶ
3115 4141 3356 4212 ἡσύχιον,
3393 4142 3419 4192 ό
3443 4135 3666 4206 θυμώδης
3683 4145 3730 4181 τε

535 4231 670 4283 iram
707 4229 1002 4284 recondere
1044 4247 1150 4284 non
1205 4241 1428 4300 potest:
1466 4240 1518 4285 et
1569 4233 1793 4285 omnino
1842 4231 2104 4302 quidquid

2211 4235 2305 4287 καὶ
2344 4229 2658 4304 πολεμικὸς,
2698 4234 2793 4286 καὶ
2831 4233 2925 4303 τὴν
2951 4233 3116 4304 ὀργὴν
3163 4233 3515 4304 ἀταμίευτοςο
3540 4226 3620 4278 καὶ
3645 4221 3729 4273 πᾶν

535 4321 775 4374 melioris
801 4320 1141 4388 oppositione
1173 4321 1226 4373 in
1252 4321 1383 4374 vitio
1411 4330 1702 4374 accusatur
1731 4320 2106 4392 παρηλλάχθαι

535 4411 736 4464 dicitur
752 4413 824 4482 (id
837 4425 919 4465 est
941 4411 1295 4480 discrepare).
1316 4411 1450 4477 Quia
1470 4428 1577 4466 non
1605 4414 1710 4466 illis
1725 4413 1951 4467 invicem
1972 4417 2111 4468 acci-

537 4503 669 4556 dant
703 4520 822 4573 quae
853 4504 907 4556 in
938 4505 1184 4573 utrisque
1207 4515 1334 4558 sunt
1361 4505 1596 4574 insignia
1624 4504 1824 4559 indicia
1847 4546 1860 4568 ,
1895 4505 2105 4560 honesti

537 4595 663 4649 dico
675 4606 728 4648 et
744 4597 1051 4652 deterioris.
1070 4595 1336 4650 Przeterea
1358 4595 1733 4666 παρηλλάχθαι
1751 4598 2105 4668 (discrepare)

539 4683 772 4737 dicimus
806 4686 1095 4753 qualitates
1120 4700 1241 4754 qua)
1276 4687 1330 4738 in
1353 4686 1632 4740 elementis
1666 4687 2104 4754 considerantur,

540 4791 659 4844 qua:
688 4791 750 4829 ex
775 4777 1049 4830 contrario
1079 4777 1181 4830 sibi
1204 4777 1434 4830 invicem
1464 4789 1780 4842 occurrunt,
1805 4781 2107 4848 corruptri-

539 4881 657 4918 cem
685 4865 790 4918 vim
843 4873 1034 4918 mutuo
1077 4866 1358 4928 habentes,
1388 4873 1448 4917 ut
1478 4866 1716 4920 calidum
1739 4878 1792 4922 et
1822 4868 2099 4939 frigidum,

539 4957 622 5011 vel
656 4957 861 5011 siccum
914 4967 966 5011 et
1014 4956 1316 5020 humidum,
1357 4957 1439 5011 vei
1477 4958 1698 5011 omnino
1733 4959 1912 5028 siquid
1951 4960 2104 5014 alteri

539 5049 820 5100 contrario
874 5049 1166 5116 opponitur
1222 5053 1276 5101 et
1335 5045 1478 5114 quod
1540 5047 1595 5099 in
1641 5046 1726 5102 his
1771 5049 1921 5101 nullo
1948 5048 2109 5101 modo

539 5150 718 5209 potest
746 5142 915 5204 coire,
947 5140 1296 5209 παραλλαγῆς
1336 5141 1552 5193 nomine
1619 5139 1694 5209 (id
1719 5147 1822 5202 est,
1855 5139 2111 5194 dilferen—

540 5237 649 5294 tim.
681 5234 795 5286 sive
825 5234 1226 5302 discrepantia)
1267 5233 1712 5300 interpretamur.
1756 5233 1823 5286 Et
1851 5232 2111 5302 quidquid

541 5339 764 5394 prorsus
789 5325 1035 5378 dissonat
1063 5325 1129 5378 ab
1155 5327 1323 5379 altero
1355 5327 1406 5378 in
1438 5325 1522 5379 his
1553 5323 1788 5388 iudiciis,
1816 5340 1882 5378 ex
1910 5325 2108 5394 quibus

605 5423 651 5454 "
674 5420 834 5479 Rom.
864 5439 918 5485 κ,
953 5424 1040 5476 lli.
1117 5423 1164 5453 ⁸⁸
1196 5421 1336 5475 Psal.
1363 5419 1535 5484 mni
1575 5435 1692 5490 sqq.

607 5519 686 5590 (a)
719 5518 900 5573 Locus
927 5520 1006 5574 sic
1031 5517 1488 5590 restituendusex
1512 5518 1635 5572 cod.
1653 5519 1846 5573 Bavar.
1866 5559 1881 5574 .
1901 5557 1916 5573 .
1938 5559 1951 5573 .
1977 5520 2114 5590 πρὸς

535 5587 626 5646 τὸν
656 5590 782 5643 νοῦν
818 5590 1036 5659 βλέπειν
1081 5589 1189 5642 τῶν
1228 5587 1683 5660 προϐαλλομένων
1713 5590 1874 5660 δῆθεν
1902 5591 1970 5660 τὰ
2017 5587 2116 5658 τῆς

535 5661 770 5723 πίστεως
799 5657 1039 5783 ἑηματα,
1063 5661 1136 5730 μὴ
1161 5657 1296 5730 πρὸς
1321 5659 1419 5722 τὰς
1441 5657 1625 5726 φωνάς
1642 5657 2012 5724 δελεάζεσθαι.
2054 5657 2115 5714 Ei

536 5727 626 5783 οὖν
655 5731 780 5783 Υίὸν
837 5749 977 5783 vth
991 5733 1050 5783 ού
1071 5731 1204 5783 πρὸς
1221 5729 1427 5783 κτίσμα
1450 5729 1635 5783 Βλέπει
1653 5731 1739 5783 διὰ
1770 5732 1870 5783 τῆς
1897 5731 2112 5783 λέξεως.

536 5727 626 5784 οὖν
655 5731 780 5783 Υίὸν
799 5727 977 5796 λέγων
991 5727 1435 5802 ούίπρδςκτίσμαν
1449 5729 1635 5800 βλέπει
1653 5731 1739 5785 διὰ
1769 5732 1870 5802 τῆς
1897 5731 2112 5802 λέξεως,

538 5802 800 5866 ἡμέτερος
844 5803 936 5856 καὶ
975 5803 1096 5867 οὐχὶ
1119 5800 1227 5855 τῶν
1259 5801 1516 5856 ἐναντίων
1544 5802 1709 5859 ἐστίν.
1747 5800 1882 5869 Qua:
1920 5800 2114 5857 Latine

2209 4327 2344 4391 ὅλως
2374 4325 2433 4378 τὸ
2458 4329 2523 4396 τῇ
2557 4326 2852 4397 παραθέσει
2877 4325 2970 4377 τοῦ
2996 4326 3302 4396 κρείττονος
3327 4326 3381 4376 ὲν
3409 4319 3561 4387 κακίᾳ
3593 4329 3730 4378 κατη-

2208 4416 2570 4487 γορούμενον,
2629 4414 3005 4485 παρηλλάχθαι
3067 4413 3337 4484 λέγεται·
3377 4410 3450 4481 τῷ
3503 4406 3569 4478 μὴ
3615 4417 3726 4487 augt:

2210 4485 2413 4559 δαίνειν
2445 4505 2691 4576 ἀλλήλοις
2722 4505 2790 4558 τά
2830 4505 2915 4558 ἐπ’
2945 4504 3267 4576 ἀμφοτέρων
3287 4499 3631 4572 γνωρίσματα,
3651 4485 3724 4541 τοῦ

2212 4613 2271 4648 τε
2313 4595 2475 4648 καλοῦ
2519 4613 2660 4666 φημι
2701 4596 2796 4648 καὶ
2825 4594 2919 4647 τοῦ
2948 4593 3207 4666 χείρονος.
3242 4594 3359 4645 Ἔτι
3396 4577 3724 4658 παρηλλάχθαι

2214 4687 2392 4756 φαμὲν
2430 4686 2524 4740 καὶ⁵
2552 4688 2650 4749 τὰς
2677 4687 2768 4739 ἐπὶ
2796 4688 2904 4738 τῶν
2932 4685 3204 4756 στοιχείων
3229 4678 3584 4753 θεωρουμένας
3605 4666 3725 4721 ποιὸ·

2210 4797 2396 4850 τητας,
2425 4780 2545 4832 ὅσαι
2583 4779 2726 4832 κατὰ
2767 4779 2826 4831 τὸ
2863 4778 3099 4832 ἐναντίον
3147 4772 3550 4843 ἀντιστοιχούσιν
3591 4761 3721 4850 illi?

2211 4846 2351 4935 λάιςν
2381 4871 2684 4942 φθαρτικὴν
2714 4874 2835 4924 κατ’
2872 4870 3110 4941 ἀλλήλων
3153 4870 3363 4939 ἔχουσαι
3391 4865 3613 4929 δύναμιν,
3631 4846 3720 4904 οἷον

2203 4965 2267 5016 τὸ
2288 4941 2568 5034 θερμόνίτε
2581 4941 2746 5015 καὶτὸ
2765 4961 2988 5032 ψυχρὸν,
3011 4961 3043 5030 ἢ
3062 4960 3123 5012 τὸ
3145 4959 3304 5030 ξηρόν
3321 4973 3378 5008 τε
3391 4954 3475 5007 καὶ
3494 4949 3548 5001 τὸ
3567 4941 3713 5011 ὑγρδνο

2207 5055 2241 5126 ἢ
2267 5056 2421 5118 ὅλως,
2449 5055 2573 5107 εἴτι
2619 5053 2787 5125 ἑτέρῳ
2826 5054 2961 5124 πρὸς
2982 5052 3044 5104 τὸ
3067 5053 3302 5104 ἐναντίον
3329 5038 3714 5130 ἀντικαθέεξτηδξεε

2210 5146 2396 5200 καὶτὸ
2437 5147 2493 5198 ἐν
2545 5145 2755 5210 τούτοις
2788 5143 3118 5214 άσύμϐατον,
3163 5143 3242 5213 τῷ
3285 5141 3378 5210 τῆς
3415 5127 3717 5216 “Manum;

2209 5235 2632 5308 διερμηνεύομεν
2671 5237 2893 5307 ῥήματι.
2935 5233 3045 5288 Καὶ
3089 5236 3196 5289 πᾶν
3233 5233 3362 5294 ὅλως
3388 5227 3444 5279 τὸ
3465 5221 3714 5285 διαφωνονν

2215 5329 2353 5400 πρὸς
2375 5328 2436 5381 τὸ
2458 5329 2642 5398 ἓτερον
2671 5327 2730 5380 ὲν
2757 5329 2865 5391 τοῖς
2899 5325 3376 5396 ὲπιθεωρουμένοις
3404 5308 3709 5385 γνωρίσμασδο

2221 5519 2302 5572 sic
2324 5529 2503 5575 vertes
2533 5539 2548 5575 :
2589 5521 2724 5575 Eam
2753 5523 2813 5578 ob
2843 5539 3061 5576 causam
3101 5523 3216 5576 dico
3261 5512 3614 5587 respiciendum
3632 5512 3716 5587 (sf

2215 5589 2294 5663 ad_
2309 5601 2530 5663 mentem
2552 5608 2733 5646 eorum
2772 5595 2860 5662 qui
2886 5593 3142 5663 vocabula
3167 5593 3289 5663 ﬁdei
3307 5583 3554 5663 pro/erunt
3575 5583 3714 5663 fit."

2213 5661 2344 5735 solis
2375 5661 2587 5735 vocibus
2608 5647 2859 5735 inesca'ri.
2893 5661 2953 5718 Si
2977 5665 3141 5732 igitur
3167 5647 3255 5735 qui
3291 5647 3475 5735 Filium
3503 5647 3711 5735 notitiai;

2212 5729 2308 5783 hoc
2327 5714 2586 5787 (voeabqu
2618 5714 3147 5790 ἀιῖέίέάὶυὶέιηῖἰὶὸὶι
3169 5714 3397 5804 iit—spicit,
3419 5730 3569 5780 noster
3593 5718 3655 5769 at
3671 5714 3709 5759 ιι

2214 5817 2317 5856 non
2341 5804 2789 5859 adversariorum.
