3922 6506
152 342 249 398 669

1254 336 1531 394 CONTRA
1574 335 1958 404 EUNOMIUM,
2008 337 2133 394 LIB.
2174 337 2266 394 iV.

3279 339 3387 396 θτο

149 455 247 509 τῶν
284 452 755 525 παρηλλαγμένων
795 453 974 507 ἐστίν’
1013 452 1089 515 ὡς
1137 453 1316 521 ὑγίεια
1364 456 1498 525 πρὸς
1532 458 1704 519 νόσον,

1806 455 1927 523 ejus
1956 455 2041 509 vis
2078 463 2130 508 et
2171 462 2365 507 natura
2421 451 2762 523 dignoscitur
2791 454 2933 509 inter
2959 452 3383 526 παρηλλαγμένα

150 547 233 597 καὶ
254 546 383 613 πρὸς
418 545 648 596 θάνατον
672 545 705 613 ἡ
724 542 857 613 ζωὴ,
886 544 979 596 καὶ
1002 543 1138 614 πρὸς
1156 546 1378 616 εἰρήνην
1405 548 1433 599 6
1458 547 1709 617 πόλεμος,

150 638 230 693 καὶ
257 637 423 709 ἀρετὴ
463 640 605 709 πρὸς
638 638 857 702 κακίαν,
894 638 986 690 καὶ
1009 639 1107 691 ὃσα
1127 640 1331 700 τούτοις
1360 640 1505 692 ἐστὶν
1533 639 1712 710 ὁμοιό-

148 746 324 799 τροπα.

206 820 416 871 Τούτων
449 818 511 872 δὲ
559 821 689 890 ἡμῖν
721 820 862 874 οὕτω
898 820 1399 891 διευκρινηθέντων,
1446 821 1711 890 κατανοή-

149 929 309 981 σωμεν
342 913 439 964 καὶ
461 912 564 964 ἐπὶ
599 913 960 983 λογογράφου.
993 912 1110 975 πῶς
1140 912 1515 983 παρηλλάχθαι
1560 911 1707 979 λέγει

148 1006 229 1067 τὰς
253 1004 440 1066 οὐσίας
470 1004 719 1073 ἀλλήλων
746 1006 837 1058 ἐπὶ
878 1004 972 1058 τοῦ
1001 1006 1213 1075 Πατρός
1240 1023 1297 1057 τε
1327 1006 1419 1058 καὶ
1448 1002 1595 1057 Υἰοῦ.
1641 1005 1709 1056 Τί

146 1097 282 1150 τοῦτο
307 1096 523 1164 λέγων;
571 1094 696 1167 'Ap‘
725 1098 799 1160 ὡς
844 1098 937 1150 τοῦ
972 1098 1183 1167 Πατρὸς
1224 1100 1320 1168 μὲν
1366 1098 1515 1160 ὄντος
1565 1097 1707 1151 κατὰ

146 1190 302 1256 etiam,
332 1188 426 1241 τοῦ
458 1189 520 1241 δὲ
563 1189 694 1241 Υἱοῦ
730 1190 1179 1261 παρηλλαγμένον
1216 1190 1316 1258 τῆς
1355 1192 1598 1258 φύσεως.
1634 1191 1706 1242 Ἦ

145 1283 227 1351 τὴν
250 1282 345 1349 τῆς
368 1281 580 1351 ἀρετῆς
600 1283 956 1352 παρατροπὴν
975 1281 1052 1350 τῷ
1074 1282 1275 1351 ῥήματι
1299 1280 1469 1350 τούτῳ
1489 1281 1705 1351 διερμη-

143 1373 285 1435 νεύει,
312 1373 574 1443 χωρίζων
600 1372 679 1443 τῷ
705 1374 803 1442 τῆς
833 1372 1186 1443 παραλλαγῆς
1215 1373 1433 1444 ὀνόματι
1451 1373 1511 1425 τὸ
1536 1372 1705 1426 κακὸν

145 1464 235 1517 ἀπὸ
262 1462 351 1515 τοῦ
383 1463 723 1532 κρείττονος,
757 1464 832 1523 ὡς
856 1464 1057 1532 ταύτην
1092 1464 1191 1533 μὲν
1223 1467 1281 1516 ὲν
1317 1464 1394 1533 τῷ
1426 1462 1576 1532 καλῷ
1605 1463 1703 1532 τὴν

143 1556 305 1608 οὖσίαν
338 1554 590 1622 βλέπειν,
624 1557 679 1607 ἐν
706 1555 763 1607 δὲ
802 1554 877 1625 τῷ
911 1556 1134 1626 ἐναντίῳ
1160 1555 1258 1625 τὴν
1286 1556 1471 1626 άλληνς
1498 1555 1531 1625 ἢ
1563 1554 1703 1608 κατὰ

146 1646 219 1697 τὸν
246 1645 399 1712 λόγον
441 1646 549 1715 τῆς
581 1646 692 1697 τῶν
736 1646 1010 1714 στοιχείων
1041 1643 1426 1710 ἐναντιώσεως,
1474 1647 1565 1699 καὶ
1603 1646 1700 1716 τὴν

146 1736 272 1788 θείαν
302 1736 495 1788 οὐσίαν
533 1737 911 1807 παρηλλάχθαι
940 1738 1039 1809 τὴν
1074 1738 1265 1808 ἑτέραν
1296 1740 1360 1791 ἐκ
1387 1742 1484 1810 τῆς
1509 1738 1701 1810 ἐτέρας

1816 546 1892 617 (id
1919 554 2021 609 est,
2040 546 2335 615 disjuncta)
2356 547 2594 615 ponitur,
2621 554 2678 600 ut
2704 546 2915 602 sanitas
2931 562 2959 600 a
2984 549 3175 603 morbo
3196 557 3253 602 et
3272 549 3381 601 vita

1813 654 1842 692 a
1874 647 2066 701 litorte,
2094 646 2147 692 et
2190 652 2220 691 a
2258 652 2390 706 pace
2437 637 2659 700 bellum,
2691 647 2743 691 et
2768 639 2941 694 virtus
2962 655 2992 693 a
3013 640 3232 707 vitio,et
3260 656 3387 709 Qtue

1812 737 1940 784 sunt
1962 726 2204 795 ejusdem
2224 727 2390 789 modi,
2414 728 2595 781 omnia
2615 742 2644 780 a
2669 742 2730 783 se
2761 727 2994 783 invicem
3014 730 3304 785 dissident.

1884 819 1979 874 His
2012 828 2188 874 autem
2222 820 2301 873 sic
2335 819 2610 873 distinctis
2638 818 2691 871 in
2747 817 2853 872 hoc
2886 817 3152 887 scriptore
3173 821 3382 889 cogito-

1811 928 1955 975 mus,
1972 911 2245 981 quomodo
2260 911 2393 963 dicit
2414 910 2677 963 essentias
2692 908 2746 962 in
2767 907 2924 962 Patre
2943 923 3005 961 ac
3019 907 3156 962 Filio
3172 909 3385 979 παρηλ-

1808 1002 2004 1071 λάχθαι
2025 1001 2372 1072 (disjunctas)
2393 1016 2514 1055 esse
2533 1015 2561 1052 a
2583 1014 2642 1054 se
2663 999 2916 1053 invicem.
2951 997 3061 1051 Cur
3085 998 3187 1051 hoc
3213 998 3385 1052 dicit?

1809 1106 1874 1145 an
1894 1093 2018 1161 quia
2038 1090 2194 1146 Pater
2210 1103 2291 1146 est
2310 1090 2607 1144 secundum
2624 1097 2897 1152 naturam,
2922 1096 2970 1143 et
2998 1089 3165 1143 Filius
3180 1090 3384 1160 παρηλ-

1806 1184 2071 1254 λαγμένος
2122 1181 2480 1253 (discrepans)
2510 1196 2538 1234 a
2570 1185 2795 1237 natura?
2838 1181 2920 1234 vel
2958 1180 3173 1234 virtutis
3202 1197 3385 1251 παρα-

1804 1277 2013 1347 τροπήν
2041 1274 2492 1344 (perversionem)
2523 1274 2626 1326 hoc
2654 1273 2818 1327 verbo
2847 1274 3258 1342 interpretatur,
3291 1289 3379 1329 se-

1806 1380 2004 1434 paraus
2021 1363 2375 1435 παραλλαγῆς
2392 1362 2751 1433 (differentiae)
2767 1363 3006 1425 nomine,
3020 1363 3164 1432 quod
3181 1364 3381 1418 malum

1804 1465 1889 1510 est
1920 1472 1949 1509 a
1984 1456 2225 1518 meliore,
2272 1463 2327 1507 ut
2352 1455 2490 1507 hanc
2521 1454 2572 1507 in
2598 1453 2825 1522 pulchro
2854 1461 2905 1507 et
2930 1455 3159 1509 honesto
3194 1469 3384 1509 essen-

1803 1549 1930 1602 tiam
1970 1547 2257 1616 inspiciat,
2283 1546 2336 1599 in
2358 1547 2637 1601 contrario
2658 1562 2788 1602 vero
2808 1548 3064 1600 alteram?
3080 1548 3159 1601 vel
3182 1562 3384 1602 secun-

1803 1641 1931 1694 dum
1989 1639 2255 1693 rationem
2311 1639 2719 1693 contrarietalis
2772 1639 3163 1692 elementorum
3213 1639 3380 1693 etiam

1804 1731 2042 1786 divinam
2085 1732 2378 1787 essentiam
2419 1730 2643 1783 alteram
2679 1729 2748 1782 ab
2791 1730 2958 1782 altera
3001 1728 3380 1799 παρηλλάχθαι

148 1826 551 1896 διισχυρίζεται;
572 1804 712 1897 ἠως
740 1804 850 1897 ἔχει
876 1804 1012 1899 πρὸς
1041 1804 1261 1900 εἰρήνην
1284 1832 1312 1882 6
1336 1804 1703 1900 πόλεμοςξκαὶ

1808 1822 2165 1892 (discrepare)
2210 1822 2533 1876 conﬁrmat?
2554 1836 2620 1873 au
2650 1828 2706 1873 ut
2737 1835 2795 1874 se
2840 1820 3000 1874 habet
3030 1819 3228 1873 bellum
3256 1836 3384 1874 cum

148 1918 260 1987 πρὸς
287 1917 522 1971 θάνατον
551 1919 587 1987 ἡ
623 1919 756 1989 ζωὴ,
788 1920 880 1973 καὶ
904 1920 999 1990 τὴν
1022 1921 1158 1990 πρὸς
1183 1921 1253 1975 τὰ
1277 1923 1497 1977 τοιαῦτα
1525 1923 1704 1976 πάντα

148 2011 211 2080 τῷ
241 2009 465 2079 τοιούτῳ
485 2010 683 2081 τρόπῳ
705 2011 882 2082 μάχην
909 2014 1070 2083 ἐνορᾷ
1102 2017 1218 2077 ταῖς
1244 2016 1484 2079 οὐσίαις;
1515 2015 1602 2079 Ὠς
1628 2016 1702 2088 μὴ

149 2101 200 2153 ἂν
229 2100 391 2164 αὑτὰς
426 2103 553 2169 μετ’
584 2102 829 2173 ἀλλήλων
854 2102 1154 2173 συμϐῆναι·
1189 2104 1266 2175 τῷ
1292 2104 1390 2176 τὴν
1425 2106 1568 2175 μίξιν
1596 2108 1705 2161 τῶν

149 2193 375 2245 ἐναντίων
426 2194 810 2266 δαπανητικὴν
852 2195 994 2248 κατὰ
1030 2196 1137 2248 τῶν
1174 2198 1516 2267 μιγνυμένων
1562 2199 1704 2270 ἔχειν

150 2281 229 2350 τὴν
250 2282 493 2351 δύναμιν.
540 2282 741 2345 Καθώς
770 2300 900 2353 φησι
940 2286 1067 2354 περὶ
1095 2284 1189 2337 τοῦ
1231 2285 1466 2338 τοιούτου
1499 2286 1703 2357 δόγμα-

150 2373 275 2442 τοςή
314 2373 697 2444 παροιμιώδης
729 2374 917 2441 Σοφία,
948 2376 1028 2427 ὅτι
1073 2375 1216 2445 ὕδωρ
1255 2378 1347 2430 καὶ
1379 2378 1487 2449 πῦρ
1524 2381 1583 2432 οὐ
1629 2382 1702 2451 μὴ

153 2463 369 2528 εἴπωσιν,
391 2464 606 2531 Ἀρκεῖ·
645 2464 740 2535 τὴν
775 2466 1000 2535 ίσοπαλῆ
1033 2484 1088 2518 τε
1119 2468 1210 2520 καὶ
1262 2469 1559 2523 ἰσοστάσιον
1590 2460 1704 2525 τῶν

152 2554 378 2606 ἐναντίων
404 2555 597 2623 φύσιν,
623 2556 717 2609 καὶ
746 2557 840 2627 τὴν
860 2560 978 2610 κατ’
1005 2558 1248 2629 ἀλλήλων
1270 2560 1474 2631 φθορὰν
1500 2563 1585 2616 διὰ
1608 2565 1702 2618 τοῦ

155 2644 442 2713 αἰνίγματος
469 2646 1008 2716 ἐρμηνεύουσα’κατ⁹
1034 2649 1185 2701 οὐδὲν
1210 2651 1414 2704 τούτων
1452 2648 1587 2705 εἶναι
1614 2654 1703 2706 λέ-

154 2752 223 2801 γει
248 2735 339 2803 τὴν
379 2738 438 2788 ἐν
478 2740 611 2799 ταῖς
648 2737 854 2800 οὐσίαις
893 2738 1130 2802 ἐκείναις
1180 2742 1533 2813 παραλλαγὴν
1574 2745 1707 2798 καθ-

155 2825 292 2893 ορᾷνς
318 2825 531 2877 Οὐκοῦν
561 2827 771 2880 εἰπάτω
795 2829 854 2879 τὸ
877 2828 1025 2899 παρὰ
1040 2830 1211 2883 ταῦτα
1222 2832 1527 2903 νοούμενον.
1566 2836 1704 2889 Ἀλλ’

154 2915 233 2965 οὐκ
262 2914 323 2966 ἂν
350 2918 530 2969 εἰπεῖν
566 2916 678 2986 έχοι
704 2932 717 2944 ’
746 2917 849 2970 κᾶν
879 2917 948 2970 τὰ
976 2919 1179 2990 συνήθη
1206 2921 1353 2989 λέγει
1372 2938 1385 2950 ·
1416 2924 1496 2976 ὅτι
1519 2925 1547 2977 6
1576 2926 1705 2989 Υἱὸς

157 3005 267 3073 πρὸς
288 3004 372 3059 τὸν
393 3008 773 3077 γεγεννηκότα
802 3009 1201 3079 παρήλλακται.
1225 3012 1410 3083 Τούτῳ
1437 3013 1542 3086 γὰρ
1579 3016 1709 3085 μᾶλ-

1805 1931 1957 1985 pace,
1981 1923 2035 1969 et
2069 1916 2176 1968 vita
2227 1930 2348 1969 eum
2378 1922 2571 1979 morte,
2623 1922 2675 1968 et
2707 1930 2941 1984 pugnam
2995 1929 3120 1968 cum
3181 1916 3379 1969 talibus

1804 2018 1857 2062 et
1884 2008 2140 2063 omnibus
2192 2008 2294 2061 hoc
2327 2007 2489 2060 modo
2522 2007 2575 2059 in
2604 2008 2860 2061 essentiis
2914 2008 3185 2062 intuetur?
3211 2007 3285 2061 lta
3321 2016 3382 2062 ut

1805 2100 1936 2170 ipsa:
1966 2116 2074 2154 non
2134 2100 2274 2153 inter
2305 2115 2364 2153 se
2401 2106 2616 2160 coeant,
2657 2099 2785 2167 quia
2820 2099 3220 2153 contrariorum
3248 2101 3383 2153 mis-

1803 2193 2005 2247 tiouem
2071 2192 2529 2260 consumptricem
2598 2191 2829 2245 habeant
2896 2193 3196 2246 secundum
3273 2193 3381 2246 vim

1804 2299 1991 2338 eorum
2015 2298 2138 2353 quae
2173 2282 2494 2337 miscentur.
2534 2283 2690 2337 Sicut
2740 2284 2807 2338 de
2837 2284 2931 2337 tali
2963 2285 3212 2353 dogmate
3253 2300 3382 2354 pro-

1806 2376 2060 2429 verbialis
2085 2377 2159 2427 ait
2187 2373 2489 2445 Sapientia,
2515 2376 2658 2446 quod
2690 2391 2829 2447 aqua
2858 2384 2913 2431 et
2944 2377 3081 2445 ignis
3103 2393 3382 2446 nunquam

1805 2466 2069 2519 dixerint:
2092 2464 2304 2535 Sufﬁcit
2322 2467 2388 2530 ";
2420 2467 2679 2535 aaqualem
2699 2466 2751 2519 in
2776 2481 2952 2535 pugna
2978 2475 3029 2521 et
3048 2468 3383 2536 aequilibrem

1806 2559 2205 2612 contrariorum
2238 2567 2482 2612 naturam
2539 2566 2592 2611 et
2624 2567 2868 2611 mutuam
2905 2560 3048 2613 inter
3104 2575 3164 2614 se
3195 2560 3383 2628 perni-

1806 2650 1943 2703 ciem
2001 2649 2103 2704 hoc
2131 2650 2415 2719 amigmate
2441 2648 2775 2717 signiﬁcans.
2810 2649 2890 2702 An
2922 2650 3071 2703 nullo
3107 2650 3298 2703 horum
3323 2650 3383 2704 in

1808 2744 1915 2798 illis
1966 2740 2224 2799 essentiis
2284 2740 2641 2813 παραλλαγήν
2698 2739 3102 2810 (diﬁ‘ereutiam)
3151 2741 3285 2795 dicit
3322 2757 3383 2798 se

1806 2834 2162 2905 conspicere?
2194 2834 2337 2888 dicat
2366 2834 2531 2903 igitur
2571 2833 2716 2901 quod
2748 2841 2943 2902 printer
2972 2834 3085 2887 haec
3129 2834 3385 2903 intelligi-

1809 2936 1930 2993 tur;
1956 2928 2047 2982 sed
2078 2943 2186 2981 non
2223 2926 2405 2979 (licere
2460 2926 2655 2996 possit.
2681 2924 2835 2990 Quod
2877 2925 2923 2979 si
2962 2924 3217 2979 inusitata
3249 2940 3382 2994 pro-

1809 3018 1965 3076 ferat.
2001 3019 2145 3087 quod
2182 3018 2351 3073 Filius
2391 3018 2455 3071 ad
2514 3033 2635 3073 eum
2677 3019 2768 3087 qui
2826 3018 3011 3087 genuit
3066 3018 3385 3088 παρήλλακ-

157 3098 227 3150 λον
253 3101 283 3169 ή
309 3100 507 3153 ἀτοπία
536 3100 649 3152 τῶν
680 3100 808 3171 παρ’
838 3100 1003 3153 αὐτοῦ
1050 3101 1355 3173 λεγομένων
1385 3104 1662 3176 ἐλέγχεται
1686 3123 1702 3138 ο

1807 3131 1894 3167 ται
1924 3113 2173 3182 (dilfert):
2200 3113 2302 3166 hoc
2330 3112 2491 3187 enim
2527 3111 2688 3166 etiam
2722 3113 2892 3181 magis
2920 3125 3109 3165 eorum
3156 3127 3277 3181 quae
3312 3113 3383 3167 ab

157 3191 199 3242 τί
219 3191 312 3262 γὰρ
341 3192 481 3245 οὕτω
526 3193 824 3262 προσφυῶς
852 3209 911 3245 τε
952 3194 1046 3245 καὶ
1086 3194 1360 3264 ἁρμοδίως
1396 3196 1537 3267 ἄλλῳ
1578 3197 1706 3251 ἄλλο

158 3283 390 3350 ὲμφύεταί
435 3302 497 3337 τε
532 3284 631 3336 καὶ
677 3284 1058 3355 ἐναρμόζεται,
1094 3285 1168 3349 ὼς
1215 3288 1248 3357 ἡ
1304 3289 1524 3361 σχετικὴ
1570 3292 1709 3362 πρὸς

157 3372 229 3424 τὸν
251 3374 458 3444 Πατέρα
486 3375 591 3428 τοῦ
614 3375 743 3427 Υἰοῦ
774 3376 1050 3445 σημασίας
1088 3378 1379 3443 Ἀπόδειξις
1407 3380 1462 3432 δὲ
1492 3381 1705 3449 τούτου,

159 3465 223 3516 ὅτι
255 3467 348 3519 κᾶν
383 3469 458 3539 μὴ
498 3468 575 3522 τὰ
599 3467 690 3520 δύο
722 3468 859 3538 ῥηθῇ
889 3468 1062 3522 ταῦτα
1107 3470 1363 3539 ὀνόματα,
1403 3472 1479 3542 τῷ
1502 3475 1582 3525 ένὶ
1612 3474 1707 3526 καὶ

162 3558 210 3609 ab
250 3561 556 3631 παρατεθὲν
610 3560 1073 3630 συσσημαίνεταισ
1111 3561 1283 3625 οὕτως
1328 3562 1570 3631 ἔγκειται
1614 3566 1706 3617 καὶ

160 3650 455 3719 ἐνήρμοσται
480 3650 569 3721 τῷ
591 3650 764 3722 ἐτέρῳ
790 3651 851 3703 τὸ
875 3651 1082 3721 ἕτερον,
1118 3653 1210 3705 καὶ
1250 3655 1307 3705 ἐν
1342 3653 1421 3723 τῷ
1464 3656 1544 3706 ἐνὶ
1573 3654 1707 3707 καθ-

160 3743 319 3809 ορᾶται
349 3744 664 3813 ἀμφότερα,
688 3743 763 3805 ὡς
790 3742 863 3813 μὴ
884 3742 949 3795 ἂν
976 3743 1060 3811 ἐφ’
1089 3743 1281 3795 ἑαυτοῦ
1304 3744 1559 3814 νοηθῆναι
1584 3746 1708 3797 τού-

160 3849 247 3884 των
281 3834 330 3885 τὶ
365 3836 543 3905 χωρὶς
572 3834 666 3886 τοῦ
702 3833 882 3887 ἄλλου.
925 3834 998 3886 Τὸ
1038 3834 1096 3886 δὲ
1126 3835 1597 3905 παρηλλαγμένον,
1629 3836 1707 3907 τῷ

161 3924 419 3992 ἀρμὸζοντι
444 3926 667 3987 πάντως
701 3924 758 3991 ἐξ
796 3925 1039 3978 ἐναντίου
1074 3925 1169 3977 καὶ
1200 3929 1394 3980 νοεῖται
1422 3927 1512 3979 καὶ
1553 3928 1707 3996 λέγε-

162 4033 249 4071 ται.
298 4014 413 4072 Οἶον
458 4021 495 4090 ὴ
556 4017 794 4088 σπάρτος
845 4019 982 4087 πρὸς
1030 4017 1128 4088 τὴν
1180 4018 1389 4071 εύθεῖαν
1436 4020 1705 4091 ἁρμοδίως

163 4106 281 4174 ἔχει·
320 4111 377 4162 τὸ
414 4112 470 4165 δὲ
536 4109 745 4161 σκολιὸν
788 4108 864 4178 τῷ
908 4110 1055 4161 εύθεῖ
1102 4110 1555 4182 παρατιθέμενον,
1607 4116 1705 4183 οὐχ

164 4200 455 4269 ἁρμόζεται*
499 4205 733 4266 καὶτοῖς
767 4206 1046 4272 μουσικοῖς
1085 4204 1315 4275 σύνηθες
1343 4206 1440 4275 τὴν
1482 4225 1705 4277 συμφω-

165 4291 260 4343 νίαν
282 4294 379 4349 τῶν
400 4296 574 4348 τόνων
601 4295 866 4364 ἁρμονίαν
895 4296 1341 4367 προσαγορεύειν,
1367 4299 1704 4369 ἀνάρμοστον

165 4380 209 4432 δὲ
233 4385 284 4435 τὸ
309 4386 570 4456 ἓκτροπόν
602 4402 661 4438 τε
704 4386 797 4438 καὶ
838 4386 1225 4456 ἀπρόσχορδον.
1264 4387 1471 4441 Οὗκοῦν
1512 4390 1703 4442 ταύτόν

1810 3205 1928 3273 ipso
1963 3204 2220 3257 dicuntur
2274 3203 2584 3258 absurditas
2650 3203 3011 3273 redarguitur.
3046 3203 3187 3270 Quid
3235 3205 3380 3259 enim

1807 3298 1878 3351 ita
1911 3304 2126 3366 agnate,
2158 3302 2281 3364 apto
2311 3302 2364 3348 et
2389 3303 2756 3363 congruenter
2780 3295 2923 3348 aliud
2958 3296 3045 3349 alii
3076 3296 3379 3351 innascitur

1807 3398 1859 3442 et
1888 3387 2163 3449 convenit,
2212 3401 2375 3455 quam
2408 3385 2633 3438 relativa
2670 3400 2790 3439 cum
2826 3384 2987 3440 Patre
3019 3384 3139 3439 Filii
3176 3388 3385 3458 signiﬁ—

1807 3480 2033 3534 cantia?
2085 3478 2239 3545 Quod
2275 3477 2353 3532 sic
2396 3476 2758 3532 demonstrari
2818 3485 3028 3546 potest:
3094 3494 3219 3532 nam
3276 3479 3382 3536 etsi

1807 3572 1920 3626 haec
1949 3572 2056 3625 duo
2082 3570 2300 3624 nomina
2332 3568 2473 3622 dicta
2534 3584 2641 3622 non
2674 3567 2895 3630 fuerint,
2933 3584 3027 3634 per
3054 3586 3220 3624 unum
3254 3572 3387 3626 alle-

1806 3679 1927 3717 rum
1973 3661 2115 3732 quod
2162 3662 2211 3715 ei
2259 3658 2577 3729 adjunctum
2636 3672 2721 3714 est
2772 3661 3236 3730 consiguiﬁcatur.
3292 3662 3384 3718 Sic

1806 3753 2072 3808 incumbit
2123 3760 2177 3807 et
2240 3751 2493 3819 congruit
2542 3752 2695 3806 alteri
2755 3753 3009 3815 alterum,
3066 3761 3120 3808 et
3173 3755 3226 3808 in
3272 3770 3385 3809 uno

1808 3855 2037 3915 utraque
2068 3844 2508 3912 conspiciuntur,
2538 3853 2596 3896 ut
2621 3843 2754 3896 nihil
2782 3844 2971 3897 horum
2998 3845 3049 3897 iu
3071 3845 3188 3914 ipso
3227 3846 3387 3902 intel-

1805 3938 1895 4009 ligi
1942 3938 2118 4007 possit
2181 3936 2299 3990 sine
2350 3936 2542 3990 altero.
2581 3933 2736 4000 Quod
2767 3942 2946 3990 autem
2990 3937 3391 4007 παρηλλαγμέ-

1802 4044 1893 4081 νον
1922 4028 2264 4097 (discrepans
2292 4026 2375 4080 vel
2402 4024 2785 4094 disjunctum),
2809 4026 3126 4094 congruenti
3154 4042 3382 4096 prorsus

1804 4135 1866 4173 ex
1903 4118 2183 4172 contrario
2217 4125 2271 4171 et
2304 4115 2625 4184 intelligitur
2656 4121 2710 4167 et
2742 4114 2980 4181 dicitur;
3018 4124 3076 4169 ut
3108 4117 3387 4173 funiculus

1804 4211 1870 4264 ad
1905 4217 2108 4265 rectam
2146 4209 2342 4264 lineam
2376 4215 2740 4277 congruenter
2770 4223 2830 4262 se
2851 4208 3015 4263 habet
3046 4228 3059 4240 ·
3097 4210 3385 4279 obliquum

1802 4315 1934 4355 vero
1966 4309 2117 4354 recto
2138 4314 2262 4352 cum
2300 4297 2558 4365 adjicitur
2587 4311 2695 4349 non
2735 4298 3008 4365 congruit.
3045 4298 3187 4362 Quin
3215 4299 3384 4354 etiam

1804 4393 2028 4446 musicis
2078 4389 2347 4445 familiare
2384 4396 2467 4441 est
2519 4386 2932 4441 consonantiam
2997 4390 3268 4457 appellare
3299 4398 3388 4445 to-

166 4475 257 4527 ἐστι
298 4478 750 4549 παρηλλαγμένον
795 4495 856 4530 τε
908 4478 1081 4530 εἰπεῖν
1115 4479 1205 4530 καὶ
1247 4480 1605 4556 ἀνάρμοστον.
1638 4483 1701 4535 Εἰ

1806 4496 2001 4536 norum
2043 4479 2404 4538 harmoniam,
2438 4475 2493 4530 id
2555 4483 2641 4530 est
2695 4485 3023 4530 concentum
3079 4479 3194 4534 sive
3242 4495 3387 4535 con-

167 4561 238 4617 οὖν
261 4570 628 4640 παρήλλακται
660 4569 800 4623 κατὰ
829 4568 920 4623 τὸν
955 4569 1055 4639 τῆς
1090 4571 1350 4641 αἱρέσεως
1381 4572 1535 4638 λόγον
1566 4575 1701 4645 πρὸς

165 4658 243 4728 τὴν
257 4663 339 4715 τοῦ
371 4664 585 4734 Πατρὸς
615 4663 824 4724 οὐσίαν,
856 4664 889 4731 ἡ
918 4661 1010 4714 τοῦ
1050 4664 1368 4732 μονογενοῦς
1415 4665 1548 4718 Θεοῦ
1602 4667 1703 4735 φύ-

170 4765 250 4814 σις,
278 4752 387 4805 οὐδὲ
414 4753 715 4825 ἁρμόζεται
756 4753 973 4813 πάντως
993 4766 1007 4779 ·
1046 4752 1108 4803 τὸ
1138 4752 1194 4803 δὲ
1240 4753 1570 4824 ἐνάρμοστον
1602 4756 1702 4808 οὐκ

167 4842 217 4895 ἂν
253 4845 457 4917 γένηται
492 4847 549 4898 ἐν
589 4845 781 4914 ἐκείνῳ
824 4837 869 4911 ᾧ
916 4844 1314 4914 ἐναρμοσθῆναι
1362 4845 1422 4897 ού
1461 4845 1699 4901 δύναται.

168 4933 344 5007 Ὠσπερ
371 4938 479 5008 γὰρ
526 4938 656 5007 μιᾶς
704 4934 868 5005 οὖσης
911 4935 1143 5004 μορφῆς,
1176 4934 1268 4987 ἐπί
1299 4951 1358 4986 τε
1400 4934 1491 4987 τοῦ
1530 4938 1699 5006 κηροῦ

169 5025 245 5077 καὶ
268 5027 356 5097 τῆς
384 5031 439 5082 ἐν
464 5032 531 5099 τῇ
563 5026 822 5098 σφενδόνη
859 5024 1135 5093 γλυφίδος,
1167 5026 1295 5078 ὅταν
1320 5025 1511 5096 ἐντεθῇ
1541 5026 1703 5080 πάλιν

169 5119 221 5185 τῇ
241 5121 498 5193 σφενδόνῃ,
524 5121 553 5171 ὁ
581 5115 916 5178 ἐκτυπωθεὶς
944 5116 1095 5185 παρά
1112 5115 1316 5184 ταύτης
1350 5116 1517 5186 κηρὸς
1540 5117 1701 5187 ἐναρ-

174 5208 299 5274 μόζει
320 5212 403 5264 τὸν
425 5212 554 5280 περὶ
572 5210 759 5263 ἐαυτὸν
795 5207 1115 5280 χαρακτῆρα
1146 5207 1223 5277 τῷ
1245 5207 1548 5278 περιέχοντι
1577 5211 1701 5273 τοὺς

175 5301 305 5365 ἰδίους
335 5303 761 5374 καταλαμϐάνων
787 5302 991 5363 τύπους
1014 5301 1070 5352 ἐν
1099 5299 1177 5370 τῷ
1200 5300 1532 5370 χαράγματι,
1565 5302 1701 5373 πρός

172 5404 218 5440 τε
248 5393 303 5444 τὰ
328 5396 469 5448 κοῖλα
498 5394 867 5462 διαδυόμενοςν
903 5392 999 5445 καὶ
1022 5390 1121 5452 τὰς
1154 5390 1341 5460 ἐξοχὰς
1365 5392 1460 5461 τῆς
1488 5390 1700 5459 γλυφῆς

177 5478 295 5545 ἰδίοις
328 5486 707 5557 ἀναδεχόμενος
746 5483 959 5546 τύποις.
997 5483 1060 5535 Εἰ
1092 5482 1148 5534 δέ
1184 5481 1333 5547 ξένος
1357 5499 1440 5544 τις
1480 5483 1575 5534 καὶ
1608 5483 1701 5535 ἁλ-

178 5566 347 5642 λότριος
366 5578 529 5639 τύπος
552 5574 791 5642 ἐντεθείη
815 5576 881 5644 τῇ
907 5574 1084 5644 γλυφῇ
1116 5573 1214 5643 τῆς
1237 5573 1545 5645 σφενδόνης,
1570 5591 1701 5645 τρα-

177 5661 407 5731 χύνεικαὶ
452 5670 642 5741 συγχεί
670 5666 769 5738 τὴν
818 5667 953 5725 ἰδίαν
1001 5665 1212 5737 μορφὴν
1259 5668 1368 5729 toi;
1414 5668 1700 5733 ἀνοικείοις

239 5778 273 5808 ’⁷
295 5778 439 5840 Prov.
466 5800 598 5852 xxx,
635 5782 725 5838 15.

1804 4569 2069 4632 cordiam,
2092 4568 2306 4622 discors
2340 4575 2518 4620 autem
2544 4565 2597 4619 id
2623 4564 2767 4634 quod
2797 4565 3183 4622 iucouciunum
3218 4578 3302 4624 est
3327 4579 3383 4626 et

1802 4663 2083 4717 dissonum
2120 4673 2218 4713 nec
2266 4656 2458 4711 ﬁdibus
2521 4671 2845 4727 congruum.
2904 4656 3045 4728 Ergo
3112 4660 3251 4714 idem
3298 4669 3384 4717 est

1800 4754 1983 4809 dicere
2039 4747 2493 4820 παρηλλαγμένον
2547 4748 2757 4818 (idest,
2808 4750 3044 4804 alienum
3072 4759 3125 4805 et
3153 4752 3385 4807 inusita-

1801 4846 1960 4916 tum),
1991 4850 2045 4898 et
2076 4843 2397 4911 discrepans
2432 4849 2485 4895 et
2514 4841 2750 4896 discors.
2793 4841 2850 4895 Si
2879 4844 3049 4911 igitur
3078 4845 3377 4898 secundum

1801 4940 2073 4993 hmreseos
2100 4949 2409 4989 sermonem
2453 4949 2574 4988 cum
2608 4933 2789 4991 Patris
2832 4937 3072 4990 essentia
3104 4936 3379 5003 Uuigeuiti

1802 5028 1895 5084 Dei
1957 5037 2149 5081 natura
2230 5025 2609 5097 παρήλλακται
2669 5026 2963 5097 (disiuncta
3033 5030 3140 5093 est)
3204 5044 3390 5097 neque

1800 5134 2026 5190 prorsus
2056 5118 2313 5187 congruit
2346 5135 2359 5171 :
2397 5133 2699 5186 congruum
2738 5128 2917 5173 autem
2956 5119 3086 5188 quid
3122 5134 3377 5175 essenon

1798 5220 1978 5282 potest
2006 5226 2128 5264 cum
2188 5210 2280 5263 illo
2337 5210 2425 5264 cui
2460 5226 2569 5264 non
2619 5219 2797 5280 potest
2854 5227 3156 5283 congruere
3202 5230 3381 5284 neque

1799 5302 2065 5372 adaptari.
2126 5300 2594 5366 Quemadmodum
2644 5303 2787 5355 enim
2820 5303 2866 5358 si
2919 5320 3027 5357 una
3079 5305 3381 5375 eademque

1799 5392 1973 5445 forma
2013 5389 2179 5443 fuerit
2205 5397 2259 5443 et
2287 5390 2339 5443 in
2391 5404 2515 5444 cera
2547 5400 2601 5445 et
2654 5391 2891 5446 incisura
2944 5394 3059 5448 sive
3097 5396 3381 5465 sculptura

1798 5498 1919 5553 qua:
1974 5489 2059 5537 est
2090 5482 2143 5534 in
2199 5482 2385 5535 annuli
2428 5482 2571 5551 pala,
2607 5498 2731 5537 cum
2768 5500 2964 5539 rursus
3014 5487 3184 5540 indita
3220 5486 3382 5541 fuerit

1799 5576 1954 5646 palm,
1986 5588 2245 5643 expressa
2280 5574 2349 5628 ab
2371 5590 2433 5629 ea
2455 5589 2578 5629 cera
2597 5576 2971 5632 characterem
3003 5578 3118 5633 sive.
3153 5578 3381 5647 ﬁguram

1798 5666 1943 5722 circa
1978 5664 2218 5736 seipsatn
2269 5663 2518 5737 adaptat,
2544 5667 2775 5723 circuitu
2819 5684 2922 5726 suo
2984 5670 3387 5741 impressas.“
