3922 6512
529 317 628 372 δτι
1795 310 1853 366 S.
1896 306 2224 366 GREGORII
2262 308 2552 364 NYSSENI
3697 309 3791 365 (ῖῗὲ

530 435 651 506 ipso
671 434 871 505 ﬁguras
899 446 1177 501 occupans
1206 439 1261 486 et
1286 430 1656 502 complectens
1690 428 1745 484 in
1773 432 2053 500 sculptura

2238 429 2525 500 ςαράγμασι
2562 427 2910 500 περιγλύιρων
2942 425 2999 480 τὸ
3036 421 3192 489 εἶδος.
3243 424 3421 478 Ἀλλὰ
3452 423 3563 495 μὴν
3591 427 3620 478 ὁ
3651 430 3705 481 ὲν
3731 434 3787 500 τῇ

528 538 581 582 et
637 525 705 580 ad
739 539 869 579 cava
924 524 1169 584 subiens,
1205 530 1259 575 et
1288 523 1582 591 sculptura:
1634 522 1958 576 eminentias
1991 522 2073 574 sui

2239 525 2392 592 ιορφῇ
2420 521 2513 574 τοῦ
2547 521 2680 574 Θεοῦ
2720 521 2996 591 ὑπάρχων,
3031 519 3132 571 οὐκ
3161 518 3315 588 ἄλλῳ
3346 519 3459 571 τινὶ
3496 523 3788 592 χαρακτῆρι

530 617 722 672 formis
767 616 1073 684 excipiens.
1109 612 1265 678 Quod
1318 613 1363 669 si
1391 613 1679 683 peregrina
1719 612 1898 680 aliqua
1930 612 2079 665 alien:

2239 612 2358 682 παρὰ
2383 612 2472 664 τὸν
2502 612 2719 683 Πατέρα
2744 612 3119 680 μεμόρφωται,
3153 610 3463 679 χαρακτὴρ
3496 608 3574 661 ὢν
3598 611 3693 680 τῆς
3707 614 3788 665 τοῦ

529 708 702 776 ﬁgura
738 706 904 760 fuerit
931 704 1102 759 indita
1134 706 1431 772 sculptura:
1462 704 1599 772 palze
1629 702 1840 764 annuli,
1874 716 2074 769 exaspe-

2239 700 2421 771 [ατρὸς
2452 701 2829 762 ὑποστάσεωςο
2859 701 2890 768 ἡ
2918 700 2975 751 δὲ
3010 700 3188 770 μορφὴ
3212 698 3316 750 τοῦ
3344 698 3487 755 Θεοῦ
3521 700 3711 752 ταύτὸν
3731 702 3788 771 τῇ

528 810 614 853 rat
679 807 734 853 et
796 796 1083 852 confundit
1139 797 1415 864 propriam
1469 794 1699 848 formam
1733 792 1929 846 alienis
1961 791 2074 844 noti

2240 790 2363 861 ὐσίᾳ
2403 791 2617 854 πάντως
2651 792 2819 843 ἐστίν.
2855 792 2941 852 Ὠς
2972 789 3080 860 γὰρ
3111 792 3167 841 ὲν
3208 792 3280 859 τῇ
3332 791 3527 859 μορφῇ
3560 790 3655 841 τοῦ
3680 792 3789 842 50'3-

529 889 767 959 speciem
798 885 1414 953 circumsculpentibus.
1458 882 1867 938 Verumtamem
1903 880 1992 950 qui
2024 897 2078 936 es

2239 899 2298 934 ου
2333 883 2640 952 γενόμενος,
2671 884 2736 952 τῇ
2766 882 2925 952 οὐσίᾳ
2958 881 3051 934 τοῦ
3096 880 3285 933 δούλου
3326 880 3714 949 ὲνεμορερὼθη,
3737 883 3788 935 οὐ

530 984 584 1036 in
622 982 795 1035 forma
829 979 923 1031 Dei
960 994 1070 1033 non
1134 978 1243 1031 alio
1294 975 1530 1045 quodam
1564 976 1880 1028 charactere
1912 981 2075 1043 praete

2241 974 2367 1045 ιιλὴν
2398 972 2682 1030 ἀναλαϐὼν
2728 973 2813 1043 ἐφ’
2844 973 3037 1026 ἑαυτοῦ
3083 973 3183 1043 τὴν
3242 971 3504 1043 μορφὴν,
3536 972 3656 1024 οὐδὲ
3704 977 3790 1042 τῆς

535 1074 751 1127 Patrem
790 1072 1057 1125 formatus
1090 1079 1193 1132 est,
1213 1069 1341 1138 quia
1371 1068 1444 1121 sit
1474 1068 1758 1121 character
1787 1063 2084 1120 substantia

2241 1067 2394 1127 ὐσίας
2433 1064 2819 1134 διεζευγμένην
2844 1080 2856 1093 ο
2887 1065 3000 1117 ἀλλ’
3034 1068 3065 1136 ἡ
3093 1065 3249 1117 οὐσία
3282 1067 3355 1133 τῇ
3389 1067 3578 1133 μορφῇ
3614 1082 3790 1133 συσσηο

529 1165 813 1228 Patris";
863 1161 1033 1215 forma
1065 1168 1243 1214 autem
1292 1159 1387 1213 Dei
1430 1159 1570 1213 idem
1604 1157 1822 1226 penitus
1862 1164 1945 1209 est
1982 1171 2078 1209 cun

2238 1158 2458 1209 ιαίνεται
2480 1174 2492 1186 ·
2536 1156 2706 1219 οὕτως
2735 1156 2948 1219 πάντως
2972 1158 3064 1209 καὶ
3088 1156 3115 1207 ὁ
3145 1156 3323 1209 εἰπὼν
3346 1156 3520 1207 αὐτὸν
3542 1158 3600 1207 ὲν
3626 1161 3787 1226 μορφῇ

531 1258 857 1316 substantia.
887 1255 959 1309 Ut
992 1254 1139 1307 enim
1176 1252 1228 1305 in
1259 1252 1433 1304 forma
1464 1253 1606 1305 servi
1627 1253 1804 1304 lactus
1832 1250 1885 1301 iu
1918 1263 2077 1303 essen

2235 1249 2339 1301 Ιεοῦ
2372 1245 2529 1309 εἶναι,
2579 1249 2676 1320 τὴν
2716 1251 2902 1301 οὐσίαν
2931 1248 3018 1301 διὰ
3057 1250 3153 1317 τῆς
3205 1248 3440 1319 μορφῆς
3483 1248 3784 1313 ἐνεδείξατο.

528 1350 603 1402 tia
636 1348 779 1401 servi
812 1345 1078 1398 formatus
1108 1350 1192 1397 est
1226 1344 1309 1396 ”:
1342 1358 1451 1396 non
1483 1341 1684 1395 nudam
1721 1351 1775 1394 et
1804 1340 2077 1409 simpliceu

2238 1339 2270 1392 Σί
2309 1342 2403 1393 οὖν
2447 1344 2503 1393 ὲν
2532 1343 2597 1410 τῇ
2634 1343 2811 1410 μορφῇ
2854 1340 2944 1393 τοῦ
2981 1339 3113 1392 Θεοῦ
3144 1342 3261 1391 ἐστι
3307 1341 3411 1391 καὶ
3437 1341 3499 1391 ἐν
3523 1341 3600 1409 τῷ
3634 1341 3787 1412 Πατρὶ

528 1443 584 1495 in
631 1439 810 1507 seipso
876 1438 1105 1490 formam
1145 1435 1466 1504 assumpsit.
1529 1445 1582 1488 et
1617 1433 1685 1486 ab
1719 1432 1955 1486 essentia
1988 1431 2075 1486 dis

2234 1436 2280 1484 ιν
2320 1433 2681 1504 ὲσφράγισται
2709 1435 2773 1502 τῇ
2804 1434 3032 1503 πατρῴᾳ
3060 1432 3206 1503 δόξῃ,
3230 1430 3432 1494 καθώς
3464 1448 3630 1500 φησιν
3654 1435 3683 1502 ή
3706 1434 3783 1486 τοῦ

523 1532 793 1601 junctam,
820 1530 914 1585 sed
940 1531 1176 1584 essentia
1197 1528 1361 1583 simul
1384 1542 1508 1581 cum
1533 1526 1707 1579 forma
1731 1526 2069 1594 signiﬁcatur

2239 1524 2537 1592 ζύαγγελίου
2561 1525 2710 1596 φωνὴ
2726 1528 2758 1595 ἡ
2776 1524 3006 1591 λέγουσα
3022 1542 3032 1552 ο
3054 1524 3277 1578 Τοῦτον
3299 1526 3336 1575 ό
3354 1524 3568 1592 Πατὴρ
3588 1525 3788 1592 ἐσφρά-

528 1624 609 1678 sic
641 1638 869 1692 prorsus
903 1620 995 1689 qui
1026 1619 1164 1673 dixit
1186 1620 1365 1688 ipsum
1408 1617 1462 1671 in
1507 1616 1681 1670 forma
1713 1614 1808 1668 Dei
1844 1630 1985 1678 esse,
2013 1630 2075 1683 pe

2235 1630 2379 1669 οισεν
2406 1620 2438 1669 ό
2475 1617 2620 1683 Θεός
2642 1635 2656 1650 ·
2701 1618 2781 1671 διὸ
2812 1618 2905 1669 καὶ
2931 1618 2959 1669 ὁ
2993 1614 3253 1685 ἑωρακὼς
3282 1616 3382 1668 τὸν
3418 1615 3551 1668 Υἰὸν
3582 1619 3677 1687 ὁρᾷ
3710 1618 3784 1671 τὸν

528 1716 780 1777 formam,
832 1711 1127 1769 essentiam
1168 1710 1449 1765 indicavit.
1503 1706 1560 1761 Si
1624 1705 1790 1774 igitur
1822 1705 1873 1758 in
1933 1704 2069 1757 form

2233 1707 2429 1780 Ιατέρα
2450 1725 2464 1737 ⁸
2500 1710 2531 1777 ἡ
2562 1709 2659 1777 τῆς
2702 1708 3035 1776 ἀγαθότητος
3063 1706 3248 1767 εἰκὼν,
3282 1708 3385 1759 καὶ
3412 1708 3475 1759 τὸ
3506 1708 3605 1773 τῆς
3648 1708 3782 1779 δόξης

528 1810 622 1864 Dei
651 1816 757 1871 est,
787 1816 839 1861 et
862 1807 916 1860 in
947 1806 1109 1859 Patre
1139 1819 1263 1857 cum
1280 1806 1369 1865 sit,
1396 1810 1620 1869 paterna
1650 1799 1820 1868 gloria
1854 1799 2071 1867 signatu

2233 1797 2569 1867 ιπαύγασμα,
2602 1798 2696 1849 καὶ
2727 1799 2902 1851 πάντα
2944 1798 3041 1849 ὅσα
3075 1796 3331 1856 τοιαῦτα,
3361 1796 3426 1848 τὸ
3460 1796 3536 1868 μὴ
3563 1798 3782 1868 ἀναρμό-

528 1912 632 1963 est,
672 1902 814 1955 sicut
852 1898 929 1951 ait
952 1912 1056 1949 vox
1088 1893 1365 1962 Evangelii
1403 1906 1524 1960 qua
1553 1890 1707 1953 dicit,
1746 1889 1901 1942 [huic
1942 1889 2072 1943 Pate

2232 1907 2353 1952 ιτως
2389 1891 2532 1959 ἔχειν
2578 1888 2672 1942 τοῦ
2718 1888 2849 1942 Tia?)
2894 1888 3205 1959 τὴν⁶οὐσίαν
3264 1887 3413 1957 πρὸς
3464 1888 3557 1941 τὸν
3587 1890 3781 1961 Πατέρα

527 1992 763 2060 signavil
814 1988 950 2042 Deus
980 1986 1045 2041 ⁸ο.
1107 1984 1373 2051 Quocirca
1426 1983 1517 2051 qui
1560 1982 1697 2035 vidit
1726 1980 1922 2034 Filium
1955 1982 2073 2034 νίιιρ

1015 1987 1045 2041 ⁵.
1107 1984 1373 2051 Quocirca
1426 1983 1517 2051 qui
1560 1982 1697 2035 vidit
1726 1980 1922 2034 Filium
1955 1982 2101 2034 vinlet
2211 1981 2564 2052 μαρτύρεται.

529 2083 801 2138 Patrem“
838 2100 850 2135 :
886 2080 1151 2134 bonitatis
1207 2078 1406 2146 imago,
1446 2081 1499 2128 et
1538 2071 1723 2143 gloria:
1788 2073 2079 2141 splendor,
2113 2082 2169 2127 et
2219 2076 2401 2127 omnia
2467 2089 2805 2145 quaecunque
2856 2075 3121 2146 ejusmodi
3158 2076 3283 2133 Filii
3321 2081 3627 2134 essentiam
3673 2095 3778 2132 cum

528 2179 687 2233 Patre
721 2192 830 2231 non
860 2175 1060 2228 habere
1105 2169 1529 2238 discrepantiam
1554 2176 1850 2222 testantur.

601 2270 741 2338 Ergo
772 2274 956 2335 aperte
985 2273 1039 2319 et
1070 2263 1356 2334 perspicue
1387 2259 1741 2330 blasphemiae
1763 2260 2106 2315 adversariae

2287 2264 2429 2334 ’Ἄρα
2474 2264 2753 2336 προδήλως
2793 2265 2851 2319 τὺ
2877 2268 2978 2337 τῆς
3022 2267 3379 2338 βλασφημίας
3405 2269 3517 2321 τῶν
3562 2270 3775 2321 ἀντικει-

530 2373 652 2411 runt
719 2353 1055 2410 instabilitas
1107 2362 1162 2405 et
1212 2351 1441 2405 futililas
1500 2366 1563 2404 ex
1603 2350 1764 2403 dictis
1820 2351 2079 2404 refellitur

2224 2354 2390 2423 μένων
2455 2356 2756 2411 ἀσύστατον
2820 2358 2909 2411 διὰ
2964 2360 3073 2411 τῶν
3120 2361 3438 2431 εἰρημένων
3499 2360 3773 2429 ἐλέγχεται.

532 2446 589 2500 Si
617 2444 762 2500 enim
804 2458 923 2512 qua!
948 2441 1139 2495 dissita
1168 2447 1295 2494 sunt
1350 2454 1459 2492 non
1495 2448 1845 2505 congruunt;
1880 2442 1971 2507 qui
2010 2458 2076 2494 au

2224 2447 2274 2497 Et
2331 2447 2439 2517 γὰρ
2480 2448 2548 2502 «ca
2594 2450 3023 2521 παρηλλαγμένα
3073 2452 3134 2503 οὐ
3198 2454 3627 2525 συναρμόζετσι,
3673 2456 3699 2505 ὁ
3727 2453 3773 2505 δὲ

529 2546 638 2592 tem
697 2552 725 2589 a
774 2535 933 2588 Patre
1003 2534 1250 2602 signatus
1292 2542 1380 2588 est
1442 2539 1495 2586 et
1552 2534 1605 2585 in
1661 2534 1842 2602 seipso
1890 2532 2078 2587 Patren

2225 2540 2566 2609 ιφραγισθεὶς
2606 2543 2825 2596 ὑπὸτοῦ
2871 2546 3099 2615 Πατρὸς,
3143 2548 3240 2599 καὶ
3280 2550 3343 2599 ἐν
3383 2547 3564 2615 ἑαυτῷ
3588 2547 3774 2608 δεικνὺς

531 2628 794 2691 ostendit,
853 2635 906 2681 et
939 2628 994 2679 in
1027 2625 1186 2678 Patre
1240 2635 1344 2686 est,
1396 2633 1558 2693 atque
1606 2624 1657 2677 in
1705 2626 1884 2694 seipso
1944 2625 2080 2678 habe

2221 2631 2298 2682 τὸν
2324 2632 2561 2703 Πατέρα,
2590 2636 2683 2687 καὶ
2708 2637 2765 2687 ἐν
2802 2635 2877 2706 τῷ
2904 2638 3076 2709 Πατρὶ
3102 2637 3196 2703 ὣν,
3230 2640 3331 2691 καὶ
3368 2640 3428 2691 ἐν
3458 2637 3631 2707 ἑαυτῷ
3655 2637 3770 2705 ἔχων

528 2717 704 2780 illum,
740 2731 835 2785 per
866 2715 1049 2768 omnia
1074 2714 1314 2768 ostendit
1342 2714 1489 2782 quod
1523 2720 1719 2768 natura
1750 2715 2077 2782 conjunctuu

2223 2725 2437 2788 ἐκεῖνον,
2467 2724 2555 2777 διὰ
2578 2727 2794 2779 πάντων
2815 2728 3051 2782 δείκνυσι
3073 2730 3133 2782 τὸ
3164 2731 3421 2801 συμφυὲς
3454 2731 3544 2783 καὶ
3567 2731 3772 2797 εὐάρμο-

527 2817 631 2873 est,
657 2818 712 2862 et
740 2821 975 2861 concors
1002 2811 1055 2857 et
1086 2820 1411 2875 congruum.
1443 2804 1547 2859 Per
1571 2806 1686 2859 haec
1716 2806 1882 2873 igitur
1914 2804 2076 2859 adver

2222 2830 2351 2867 στον.
2389 2817 2531 2886 ’Λρα
2561 2816 2649 2871 διὰ
2689 2818 2893 2872 τούτων
2925 2822 2958 2891 ή
2990 2822 3186 2874 ἀτοπία
3214 2823 3329 2875 τῶν
3372 2824 3626 2876 ἐναντίων
3652 2821 3771 2874 κατὰ

527 2901 799 2954 sariorum
880 2895 1193 2952 absurditas
1272 2896 1625 2951 vehementer
1688 2896 2039 2967 redarguitur

2221 2904 2412 2973 κράτος
2436 2905 2732 2976 ἐλέγχεται.
2774 2910 2861 2973 Ὠς
2886 2911 2993 2983 γὰρ
3014 2912 3223 2983 ἐδείχθη
3249 2914 3314 2966 τὸ
3346 2912 3770 2983 παρηλλαγμένον

527 2995 670 3048 sicut
700 2990 846 3047 enim
876 2990 1315 3045 demonstratum
1342 2997 1427 3041 est
1456 2988 1516 3040 τὸ
1542 2987 1995 3058 παρηλλαγμένον
2028 2988 2076 3057 (ἱ‹

2215 2995 2575 3066 ἀνάρμοστον,
2614 2999 2757 3053 οὕτω
2788 3003 2848 3054 τὸ
2886 3003 3118 3073 ἔμπαλιν
3157 3006 3574 3077 mammam;
3602 3002 3764 3072 ὁμολο-

525 3097 629 3152 est,
674 3085 818 3155 quod
872 3083 1127 3138 dissitum
1175 3081 1281 3149 est)
1321 3080 1686 3149 incongruum
1721 3088 1775 3133 et
1821 3081 2074 3134 dissonum

2216 3090 2385 3153 γεῖται
2408 3089 2467 3141 τὸ
2495 3090 2830 3161 εὐάρμοστον
2853 3094 3273 3166 ἀπαράλλακτον
3303 3099 3542 3161 πάντως.
3576 3096 3657 3158 Ὠς
3676 3094 3765 3162 γὰρ

526 3193 649 3234 esse
676 3196 689 3233 ι
719 3180 797 3231 sic
826 3175 943 3229 vice
973 3187 1125 3228 versa
1147 3172 1599 3245 _contradietorie
1628 3173 1773 3242 quod
1803 3174 1940 3226 bene
1973 3188 2075 3226 con

2211 3182 2269 3234 τὸ
2306 3183 2756 3254 παρηλλαγμένον
2795 3189 2893 3257 οὐχ
2928 3188 3251 3259 ἁρμόζεται,
3292 3191 3439 3243 οὕτω
3466 3190 3526 3242 τὸ
3556 3186 3760 3257 ἁρμοζό-

527 3268 673 3337 gruit
703 3276 756 3319 et
782 3276 963 3334 aptum
991 3275 1092 3326 est,
1118 3264 1439 3317 conceditur
1468 3265 1693 3318 omnino
1747 3264 2073 3335 ἀπαράλλακ

2214 3289 2371 3342 μενον
2396 3275 2457 3327 οὐ
2505 3277 2912 3347 παρήλλακται’
2946 3283 2974 3332 ὁ
3011 3280 3067 3333 δὲ
3103 3281 3278 3349 λέγων
3317 3282 3421 3349 τῆς
3464 3280 3663 3348 ἀγαθῆς
3686 3276 3763 3328 τοῦ

525 3376 619 3413 τον
671 3357 1027 3417 (indivulsum
1088 3355 1204 3408 sive
1258 3354 1753 3423 incommutabile.)
1836 3354 1908 3409 Ut
1960 3356 2074 3410 enin

2213 3364 2423 3433 [ἰατρὸς
2479 3367 2667 3421 οὐσίας
2716 3367 2813 3438 τὴν
2867 3369 2960 3422 τοῦ
3004 3373 3347 3441 Μονογενοῦς
3398 3371 3762 3441 παραλλάττειν

528 3449 674 3519 quod
715 3445 991 3507 dissitunt,
1048 3460 1156 3497 non
1190 3445 1463 3514 congruit,
1497 3448 1580 3500 sic
1597 3445 1745 3514 quod
1774 3447 2026 3516 congruit
2054 3464 2077 3499 c

2213 3415 2250 3417 -κ
2285 3415 2343 3433 η,
2377 3415 2420 3427 -,
2728 3415 2805 3438 --,-
2878 3415 2957 3422 ,η
3004 3415 3344 3441 ..--,-,-,,-,
3406 3415 3753 3441 ..-ρ-..-ω---η

2213 3451 2392 3518 φύσιν,
2430 3453 2487 3505 ὲν
2527 3454 2675 3524 αὐτῷ
2715 3456 2794 3526 τῷ
2821 3457 3008 3528 ἀγαθῷ
3042 3461 3138 3529 τὴν
3178 3460 3539 3532 παραλλαγὴν
3577 3459 3762 3517 πάντως

528 3544 767 3597 cohaeret
799 3554 907 3590 non
936 3537 1274 3606 disjuuctum
1317 3544 1401 3591 est
1435 3555 1447 3589 :
1479 3538 1572 3606 qui
1608 3548 1787 3591 autem
1814 3538 1945 3593 dicit
1972 3538 2077 3593 Uni

2212 3543 2418 3612 βλέπει.
2450 3545 2524 3596 Τὸ
2568 3545 2622 3597 δὲ
2664 3546 2758 3599 τοῦ
2797 3550 3001 3617 ἀγαθοῦ
3048 3553 3524 3623 παρηλλαγμένον,
3560 3551 3609 3602 τί
3646 3552 3757 3607 ἐστιν

531 3629 699 3702 geniti
724 3637 972 3684 naturam
1032 3626 1428 3697 παραλλάττειν
1490 3626 1729 3697 (diﬂerre
1759 3627 1872 3681 sive
1897 3628 2077 3682 discre

2210 3635 2508 3701 Naucrate.
2542 3640 2597 3690 οἱ
2632 3638 2864 3704 ἄκακοι,
2901 3641 3015 3710 τὴν
3046 3646 3494 3715 πανουργίαν,ή
3526 3639 3759 3712 παροιμία

532 3723 684 3794 pare)
715 3738 745 3776 a
771 3722 949 3775 Patris
989 3720 1128 3774 bona
1164 3719 1423 3780 essentia,
1467 3722 1520 3771 in
1550 3720 1668 3787 ipso
1708 3719 1851 3773 bono
1883 3734 2109 3788 prorsus
2212 3727 2393 3794 φησίν,

531 3815 888 3905 παραλλαγήν
934 3812 1405 3883 (discrepantiam)
1444 3810 1609 3865 videt.
1664 3809 1820 3876 Quod
1866 3822 2045 3866 autem
2084 3830 2114 3868 ει
2156 3816 2301 3872 bono
2334 3819 2626 3891 discrepat,
2659 3824 2789 3894 quid
2822 3834 2925 3889 est,
2967 3828 3410 3895 Animadvertite,
3448 3846 3477 3883 ο
3515 3829 3627 3881 boni
3654 3825 3752 3887 viri,

527 3913 895 3973 calliditatem,
925 3912 992 3964 ait
1034 3911 1314 3980 parmmia.

603 4004 708 4060 Sed
743 4006 857 4057 haec
906 4012 965 4057 ut
998 4002 1342 4072 perspicuam
1397 4000 1661 4055 habentia
1701 4001 2101 4057 absurditatem

2291 4005 2449 4059 ’Δλλὰ
2471 4006 2643 4060 ταῦτα
2689 4007 2787 4077 μὲν
2817 4006 2892 4071 ὡς
2918 4009 3180 4079 πρόδηλον
3216 4010 3410 4079 ἔχοντα
3435 4009 3529 4080 τὴν
3552 4008 3748 4061 ἀτοπίαν

530 4085 799 4149 orationis
841 4108 1007 4147 cursu
1040 4092 1341 4160 superabo;
1402 4090 1545 4159 quod
1602 4099 1781 4145 autem
1831 4092 1943 4146 hazc
1968 4108 2077 4162 pra:

2213 4098 2678 4170 παραδραμοῦμαι
2711 4100 2789 4169 τῷ
2815 4099 2983 4170 λόγῳ,
3010 4102 3069 4153 τὺ
3093 4102 3149 4154 δὲ
3182 4103 3287 4171 πρὸ
3317 4102 3493 4156 αὐτῶν
3525 4101 3756 4163 ἐξετάσω-

530 4188 674 4243 cedit
721 4186 1116 4241 examinemus.
1176 4181 1327 4235 Nihil
1382 4184 1559 4252 inquit
1613 4183 1840 4236 alterum
1888 4186 2079 4238 invenir

2217 4206 2336 4259 μεν.
2374 4189 2564 4245 Οὐδέν
2604 4209 2766 4261 φησιν
2803 4192 3009 4259 ἕτερον
3048 4195 3434 4261 εὑρίσκεσθαι
3478 4192 3624 4260 παρὰ
3659 4190 3752 4255 τὴν

530 4290 722 4351 prater
742 4280 1023 4333 essentiam
1067 4274 1219 4341 Filii,
1250 4275 1386 4345 quod
1412 4276 1797 4345 generationem
1837 4277 2079 4329 admittat

2212 4282 2436 4336 οὐσίαν
2458 4283 2565 4335 τοῦ
2603 4283 2739 4337 Υἱοῦ
2768 4284 2835 4337 τὸ
2872 4284 3202 4353 ’δεχόμενον
3238 4288 3355 4354 τὴν
3381 4287 3679 4356 γέννησιν·
3708 4280 3750 4333 τί

533 4370 664 4441 quid
699 4369 1010 4439 intelligens
1040 4368 1155 4421 haec
1198 4366 1362 4421 dicit?
1408 4365 1524 4419 Duo
1576 4366 1722 4420 enim
1785 4366 2082 4421 discerneu:

2213 4370 2348 4423 νοῶν
2386 4373 2557 4425 ταῦτα
2587 4373 2763 4441 λέγεις
2803 4375 2905 4428 Δύο
2948 4378 3057 4447 γὰρ
3093 4379 3187 4430 ἀπ’
3220 4380 3465 4449 ἀλλήλων
3501 4376 3745 4444 διακρίνας

532 4481 562 4517 a
594 4478 655 4517 se
686 4461 918 4515 invicem
952 4460 1195 4521 nomina,
1224 4474 1453 4527 quaeque
1478 4458 1701 4527 perhzec
1727 4458 2074 4525 signiﬁcautu

2214 4463 2474 4531 ὀνόματα,
2505 4465 2598 4517 κα)⁸
2628 4466 2696 4518 τὰ
2724 4466 2790 4518 δι’
2814 4468 2993 4519 αὐτῶν
3033 4472 3405 4540 σημαινόμενα
3434 4465 3746 4536 συνδιαχωρί-

533 4553 695 4611 simul
735 4567 1025 4607 secernens
1064 4551 1332 4616 oratione,
1358 4552 1411 4603 iu
1446 4552 1628 4620 seipso
1659 4558 1951 4620 utrumque
1984 4567 2081 4619 pro

2218 4571 2314 4618 σας
2343 4555 2420 4624 τῷ
2457 4556 2619 4627 λόγῳ,
2649 4560 2733 4627 ἐφ’
2766 4559 2930 4613 αὐτοῦ
2955 4561 3214 4632 ἑκάτερον
3238 4564 3538 4626 ἰδιαζόντως
3568 4557 3744 4612 ἐκτίθε-

532 4647 649 4718 prie
677 4656 729 4699 et
755 4644 1046 4713 separatim
1096 4644 1338 4711 exponit.
1380 4641 1555 4696 Unum
1606 4659 1803 4697 nomen
1843 4651 1926 4697 est
1955 4659 2081 4712 gens

2214 4662 2325 4709 ται,
2348 4647 2405 4701 ἓν
2442 4649 2610 4718 ὄνομα
2645 4651 2677 4720 ἡ
2700 4650 2969 4722 γέννησις,
2995 4654 3088 4706 καὶ
3132 4654 3317 4723 ἕτερον
3362 4654 3571 4722 ὅνομαή
3596 4647 3740 4700 οὐσία.

532 4741 696 4801 ratio,
759 4740 989 4791 alterum
1035 4751 1231 4788 nomen
1288 4736 1547 4789 essentia.
1613 4736 1849 4804 Accipit,
1914 4735 2081 4803 inquit

2215 4737 2462 4806 Δέχεται,
2494 4738 2677 4807 φησιν,
2714 4740 2746 4807 ἡ
2779 4739 2935 4792 οὐσία
2975 4742 3074 4809 τὴν
3103 4742 3372 4811 γέννησιν,
3406 4740 3527 4794 ἄλλο
3552 4754 3598 4787 τι
3632 4730 3740 4785 οὖσα

533 4833 769 4888 essentia
825 4827 1251 4899 generationem,
1284 4836 1343 4879 ut
1373 4842 1497 4896 qum
1530 4827 1602 4881 sit
1624 4826 1771 4879 aliud
1806 4825 1936 4896 quid
1963 4825 2081 4879 vide

2215 4827 2454 4896 δηλονότι
2483 4828 2633 4897 παρὰ
2655 4828 2752 4899 τὴν
2772 4829 3042 4901 γέννησιν.
3076 4832 3138 4885 Εἰ
3166 4831 3326 4903 γάρὴ
3356 4832 3591 4899 γέννησις
3616 4820 3742 4875 οὐσία

532 4924 660 4978 licet
686 4937 847 4992 quam
906 4920 1208 4990 generatio.
1252 4917 1310 4972 Si
1361 4919 1506 4973 enim
1537 4918 1819 4989 generatio
1872 4919 2075 4973 essenti

2214 4914 2302 4989 ἦν,
2350 4921 2486 4990 ὅπερ
2526 4920 2589 4991 δὴ
2641 4921 2879 4989 συνεχῶς
2924 4923 3313 4991 ἀποφαίνεται·
3365 4922 3497 4975 ὥστε
3540 4919 3625 4977 τὰς
3667 4912 3739 4962 δύο

532 5028 698 5079 esset,
763 5014 906 5084 quod
941 5012 1157 5082 quidem
1216 5011 1437 5067 aSsidue
1493 5010 1721 5064 aﬁirmat
1751 5030 1763 5064 :
1789 5011 1865 5064 ita
1904 5019 1964 5063 ιιι
1990 5010 2081 5065 dua

2218 5010 2585 5081 προσηγορίας
2616 5011 2951 5082 ἰσοδυναμεῖν
2969 5012 3209 5083 ἀλλήλων
3235 5014 3375 5068 κατά
3399 5012 3492 5081 τὴν
3515 5009 3739 5078 ἔμφασιν,

535 5108 928 5178 appellationes
969 5106 1111 5159 inter
1138 5121 1196 5159 se
1227 5105 1486 5172 azqualem
1514 5103 1622 5155 vim
1652 5101 1886 5155 habeant
1911 5116 2078 5173 secun

2215 5104 2315 5156 οὐκ
2348 5103 2413 5155 ἂν
2451 5098 2603 5155 εἶπεν
2635 5104 2719 5156 ὃτι
2748 5104 2961 5174 δέχεται
2988 5108 3020 5175 ἡ
3049 5105 3206 5159 οὐσία
3234 5109 3344 5179 τὴν
3367 5106 3623 5174 γέννησιν*
3645 5090 3735 5145 ἴσον

535 5200 664 5253 dum
714 5199 1206 5267 signiﬁcationem;
1265 5211 1371 5250 non
1426 5194 1625 5248 dixerit
1679 5194 1824 5263 quod
1869 5193 2084 5249 essenti:

2216 5195 2325 5266 γὰρ
2349 5195 2415 5248 ἂν
2456 5192 2522 5266 ἦν
2556 5196 2614 5248 τὸ
2645 5198 2836 5259 εἰπεῖν,
2879 5199 2960 5252 ὄτι
2997 5199 3096 5271 τὴν
3136 5201 3323 5253 οὐσίαν
3360 5201 3390 5267 ἡ
3422 5193 3582 5253 οὐσία,
3616 5184 3734 5255 iis“

537 5289 943 5360 generationem
1003 5287 1234 5355 accipit;
1289 5285 1495 5355 aequale
1552 5283 1697 5337 enim
1735 5291 1882 5338 esset
1931 5283 2086 5337 dicer.

2215 5289 2312 5357 τὴν
2342 5287 2595 5357 γέννησιν
2633 5291 2665 5361 ἡ
2695 5290 2946 5360 γέννησις
2972 5290 3206 5360 δέχεται,
3237 5292 3392 5362 εἴπερ
3421 5291 3574 5353 ταύτη
3602 5278 3657 5349 ἦν
3679 5278 3729 5342 τῇ

538 5381 682 5450 quod
713 5380 1009 5434 essentiam
1040 5378 1282 5432 essentia
1332 5376 1496 5445 capit,
1518 5375 1602 5427 vel
1632 5374 1775 5443 quod
1810 5375 2087 5443 generatio

2215 5378 2372 5448 οὐσίᾳ
2406 5379 2438 5448 ἡ
2478 5379 2747 5449 γέννησις.
2785 5381 2993 5434 Οὐκοῦν
3018 5383 3144 5435 ἄλλο
3176 5384 3272 5453 μέν
3300 5400 3349 5435 τι
3384 5382 3488 5433 νοεῖ
3515 5377 3602 5441 τὴν
3634 5367 3731 5436 Υέν⁴

540 5487 663 5527 nem
688 5470 966 5541 generatio
1002 5469 1223 5538 accipit,
1261 5469 1307 5522 si
1328 5467 1466 5522 idem
1494 5473 1639 5521 esset
1667 5468 1905 5520 essentia
1929 5474 1982 5520 et
2016 5482 2089 5536 ge-

2217 5487 2394 5538 νησιν,
2427 5471 2553 5524 ἄλλο
2579 5472 2633 5524 δέ
2670 5490 2724 5524 τι
2754 5472 2852 5543 τὴν
2886 5474 3071 5526 οὐσίαν
3096 5475 3129 5545 ἢ
3165 5474 3262 5546 τὴν
3280 5474 3514 5542 γέννησιν
3533 5465 3727 5532 δέχεται.

542 5564 774 5618 neratio.
809 5562 977 5632 Igitur
1003 5561 1151 5615 aliud
1179 5560 1436 5631 quiddam
1468 5558 1873 5629 generationem
1906 5558 2091 5614 intelli‘

2217 5563 2291 5615 Οὐ
2324 5561 2431 5633 γὰρ
2472 5564 2537 5615 ἂν
2569 5560 2637 5634 ἦν
2679 5566 2842 5618 ταύτὸ
2874 5566 2951 5636 τῷ
2996 5567 3368 5638 ὑποδεχομένη)
3406 5563 3462 5615 τὸ
3503 5546 3726 5624 λαμϐανό⁴

542 5656 641 5726 git,
672 5655 820 5709 aliud
856 5670 1006 5721 vero
1033 5653 1164 5725 quid
1216 5653 1508 5708 essentiam
1540 5668 1677 5722 quae
1701 5652 2091 5721 generationen

2220 5670 2398 5724 μενον.
2431 5654 2601 5708 Τοῦτο
2630 5656 2727 5725 μὲν
2754 5652 2847 5713 οὖν
2879 5659 2910 5729 ή
2954 5659 3089 5714 σοφίη
3117 5660 3209 5715 τοῦ
3239 5656 3552 5728 λογογράφου
3581 5651 3726 5711 “In.

612 5765 659 5799 ⁸⁸
688 5764 853 5823 Hebr.
880 5783 918 5835 t,
944 5768 995 5823 5.
1076 5767 1118 5799 ¹⁹
1149 5765 1381 5836 Philipp.
1413 5782 1471 5833 ιι,
1504 5766 1553 5819 7.
1633 5764 1676 5796 ³ο
1704 5763 1862 5820 Joan.
1897 5780 1972 5831 vr,
2003 5765 2092 5822 27.

1091 5767 1118 5799 ¹⁹
1149 5765 1381 5836 Philipp.
1413 5782 1471 5833 ιι,
1504 5766 1553 5819 7.
1633 5764 1676 5796 ³ο
1704 5763 1862 5820 Joan.
1897 5780 1972 5831 vt,
2003 5765 2092 5822 ‘27.
2173 5768 2215 5800 ”
2247 5766 2404 5824 Joan.
2436 5783 2548 5836 xiv,
2582 5768 2640 5824 9.
