3922 6468
154 361 251 417 θ’ἶι

1267 360 1547 419 CONTRA
1582 359 1970 425 EUNOMIUM,
2012 359 2140 416 LIB.
2182 360 2271 417 IV.

3292 364 3399 417 67A

161 476 301 543 λογίαν
330 475 517 545 φησίν.
556 477 617 529 Εἰ
650 474 707 529 δέ
738 492 821 540 τις
848 476 1089 543 ἔγκειται
1111 474 1236 541 νοῦς
1264 483 1374 543 τοῖς
1396 481 1725 552 εἰρημένοις,

1833 477 2053 547 accipit;
2093 493 2202 531 non
2229 477 2374 532 enim
2402 484 2547 532 esset
2578 475 2720 532 idem
2742 492 2864 530 cum
2892 491 2958 531 eo
2990 476 3132 546 quod
3164 479 3398 548 suscipit

162 570 188 620 ὁ
204 567 344 638 κρίνς
352 584 402 618 ιν
422 566 837 635 ἐπεσκεμμένος
860 567 1246 637 ὲπισκεψάσθω
1261 570 1349 625 τὸν
1362 571 1537 639 λόγον.
1556 570 1723 624 Πάλιν

162 659 211 712 δὲ
232 659 288 711 τὸ
317 657 484 728 ῥηθὲν
517 656 881 729 ἀναλήψομαι.

222 924 409 979 Οὐδὲν
432 924 641 993 ἕτερον
671 925 980 992 εὑρίσκειν
1006 924 1152 992 λέγει
1181 925 1340 991 παρὰ
1370 923 1483 992 τὴν
1507 926 1727 979 οὐσίαν

164 1017 253 1071 τοῦ
292 1016 432 1070 Υὶοῦ
483 1018 548 1070 τὸ
580 1017 907 1085 δεχόμενον
957 1015 1070 1083 τὴν
1116 1014 1422 1086 γέννησιν.
1475 1016 1633 1069 Ἀλλά
1665 1018 1727 1069 τὸ

167 1109 419 1180 μηδεμίαν
460 1110 742 1176 ἐγκεῖσθαι
782 1113 892 1173 τοῖς
923 1111 1231 1181 εἰρημένοις
1277 1110 1533 1171 διάνοιαν,
1565 1111 1726 1163 παντὶ

162 1202 302 1269 δῆλόν
332 1203 452 1252 ἐστι
492 1200 573 1269 τῷ
609 1201 703 1253 καὶ
734 1198 980 1252 ὁπωσοῦν
1020 1200 1262 1252 ἐπαϊοντι
1292 1198 1477 1267 λόγον·
1513 1200 1718 1251 ὑπόλοι-

162 1308 249 1343 πον
276 1290 331 1342 δὲ
357 1292 427 1343 ἂν
464 1290 551 1359 εἴη
583 1291 683 1360 τὴν
727 1290 1072 1360 βλασφημίαν
1110 1293 1190 1352 εἰς
1221 1291 1281 1343 τὸ
1322 1291 1563 1361 ἐμφανὲς
1589 1293 1727 1357 ἁγα-

160 1387 280 1450 γείν,
315 1384 382 1452 ἠν
427 1382 514 1435 διὰ
569 1383 675 1434 τῶν
717 1382 1043 1451 ἀδιανοήτων
1085 1381 1288 1435 τούτων
1330 1380 1725 1445 κατασκευάζει

161 1476 431 1547 ῥημάτων.
468 1475 725 1528 Βούλεται
751 1475 882 1545 γὰρ,
914 1477 963 1528 εί
1004 1475 1097 1527 καὶ
1139 1474 1213 1545 μὴ
1250 1474 1492 1537 δύναται,
1520 1474 1607 1527 διὰ
1629 1474 1725 1545 τὴν

160 1570 553 1640 ἑρμηνευτικὴν
575 1570 814 1632 ἀτονίαν,
840 1571 1045 1639 ταύτην
1067 1571 1363 1641 ἐμποιῆσαι
1390 1572 1503 1633 τοῖς
1525 1562 1720 1640 ἀκροαο

158 1665 261 1723 ταῖς
302 1663 405 1730 τὴν
434 1661 694 1723 διάνοιαν,
747 1663 827 1715 ὅτι
866 1664 1282 1733 κατασκευαστή
1312 1664 1427 1714 ἐστι
1474 1661 1566 1715 τοῦ
1594 1661 1724 1715 Υἱοῦ

159 1752 459 1821 ἡσημασία
482 1769 495 1782 ·
543 1754 794 1823 γέννησιν
843 1753 900 1806 δὲ
937 1753 1034 1822 τὴν
1071 1754 1413 1824 κατασκευὴν
1447 1754 1720 1823 ὀνομάζει,

158 1847 213 1912 τῇ
261 1844 614 1914 εύσημοτάτῃ
650 1847 800 1914 φωνῇ
845 1844 906 1896 τὸ
947 1845 1175 1916 φρικτὸν
1225 1846 1588 1917 περιστέλλων
1626 1849 1726 1917 τῆς

161 1932 529 2001 βλασφημίας·
566 1932 641 1994 ὡς
680 1932 746 1985 ἂν
774 1933 1174 2002 εύπαράδεκτος
1206 1934 1414 2010 γένοιτο
1440 1937 1473 2006 ή
1514 1936 1607 1989 τοῦ
1631 1938 1723 1989 ἐκ·

157 2024 326 2076 τίσθαι
365 2023 463 2076 τὸν
501 2023 704 2091 Κύριον
735 2024 1151 2091 συγκατάθεσις,
1181 2030 1249 2096 τῇ
1285 2027 1384 2095 τῆς
1421 2030 1726 2097 γεννήσεως

156 2116 284 2179 λέξει
313 2117 417 2185 τῆς
456 2117 803 2186 κατασκευῆς
839 2116 1191 2187 δηλουμένης.
1230 2120 1393 2187 Λέγει
1424 2120 1605 2172 τοίνυν
1642 2121 1725 2172 ὅτι

152 2208 363 2274 ήσούσία
393 2207 497 2277 τήν
539 2208 791 2276 γέννησιν
819 2207 1052 2276 δέχεται,
1095 2208 1159 2259 ἵν’
1194 2207 1381 2279 ὥσπερ
1409 2210 1468 2261 ὲν
1503 2210 1726 2261 ὑποκει-

156 2300 293 2369 μένῳ
322 2300 432 2353 τινὶ
472 2299 759 2367 πράγματι
798 2300 945 2351 πᾶσα
983 2300 1291 2368 κατασκευὴ
1321 2299 1608 2372 θεωρῆται.
1650 2301 1724 2354 Ού

151 2391 253 2460 γάρ
298 2391 366 2444 ἂν
402 2406 492 2452 τις
549 2391 690 2441 εῐποι
730 2389 1164 2443 κατεσκευάσθαι
1210 2391 1238 2442 ὃ
1273 2392 1346 2462 μὴ
1400 2392 1723 2463 ὑφέστηκεν,

148 2481 315 2545 οὕτως
334 2478 450 2534 οἷόν
472 2498 527 2534 τι
545 2481 975 2550 κατασκεύασμα
991 2482 1090 2552 τὴν
1115 2482 1207 2535 τοῦ
1229 2484 1568 2551 Μονογενοῦς
1590 2483 1725 2537 Θεοῦ

156 2573 308 2640 eam;
343 2572 643 2643 προτείνας
672 2572 751 2642 τῷ
775 2572 920 2642 λόγῳ
941 2572 1039 2641 τὴν
1074 2572 1311 2642 ποίησιν.
1341 2574 1404 2626 Εἰ
1429 2574 1604 2626 τοίνυν
1629 2574 1727 2644 τὴν

154 2665 401 2733 γέννησιν
425 2663 641 2733 δέχεται
670 2662 895 2733 ταύτην,
921 2665 1073 2732 φησὶ,
1105 2663 1313 2717 τοιοῦτο
1334 2666 1575 2733 σημᾶναι
1608 2666 1728 2734 βου-

156 2756 370 2825 λόμενος
402 2757 489 2807 ὃτι
528 2755 630 2807 οὐκ
656 2754 721 2808 ἂν
766 2751 854 2825 ἦν,
881 2757 927 2808 εἰ
979 2756 1053 2825 μὴ
1085 2756 1513 2826 κατεσκευάσθη.
1558 2757 1623 2808 Τί
1670 2756 1727 2808 δὲ

156 2846 273 2899 ἄλλο
304 2846 415 2899 τῶν
445 2847 504 2898 ὲν
533 2848 598 2917 τῇ
628 2846 802 2898 κτίσει
838 2845 1225 2917 θεωρουμένων
1255 2846 1371 2899 ἐστὶ
1399 2846 1475 2917 μὴ
1499 2848 1726 2917 γενόμε-

156 2954 264 3002 von;
304 2938 573 3009 Οὐρανὸς,
609 2940 700 3008 γῆ,
738 2937 866 3007 ἀὴρ,
903 2937 1159 3001 θάλαττα,
1204 2940 1311 2990 πᾶν
1334 2938 1432 2990 ὄτί
1458 2938 1562 3009 πέρ
1589 2940 1725 3001 ἐστι,

154 3030 441 3098 γενόμενον
474 3030 692 3091 πάντως
724 3030 891 3082 ἐστίν.
920 3023 1020 3081 Ὧν
1058 3029 1207 3081 οὐδὲν
1242 3029 1306 3082 ἂν
1330 3024 1419 3099 ἦν,
1448 3031 1495 3081 εί
1537 3030 1610 3100 μή
1635 3046 1729 3097 γε-

156 3122 366 3188 νόμενον
405 3118 496 3192 ἢν.
530 3120 655 3181 Πῶς
693 3116 787 3174 οὖν
820 3121 895 3183 ὡς
934 3120 1206 3193 ἐξαίρετόν
1246 3139 1297 3173 τι
1322 3124 1387 3191 τῇ
1419 3122 1514 3173 τοῦ
1557 3124 1725 3175 Μονο-

157 3214 335 3277 γενοὴ
386 3212 728 3283 ἐνεθεώρησε
767 3214 946 3281 φύσει,
983 3214 1043 3265 τὸ
1092 3215 1171 3276 εὶς
1198 3214 1366 3283 αὐτὴν
1401 3214 1499 3283 τὴν
1539 3215 1727 3266 ούσίαν

161 3304 505 3374 ἀναδέχεσθαι
523 3304 623 3373 τὴν
643 3303 922 3373 γέννησιν;
957 3302 1112 3356 Οῦτω
1136 3304 1241 3375 γὰρ
1266 3304 1362 3374 τὴν
1384 3307 1727 3376 κατασκευὴν

163 3395 425 3464 ινομάζει.
457 3394 537 3456 ὡς
584 3394 678 3446 τοῦ
721 3394 1011 3464 βομϐυλίου
1056 3396 1148 3448 καὶ
1196 3394 1290 3446 τοῦ
1332 3393 1593 3457 κώνωπος
1629 3396 1728 3448 οὐκ

167 3488 234 3549 εἰς
282 3487 493 3549 ἑαυτὸν,
555 3486 669 3539 ἀλλ’
709 3489 789 3549 είς
846 3486 1031 3556 ἕτερόν
1059 3504 1110 3539 τι
1155 3488 1284 3557 παρ’
1333 3488 1523 3541 ἑαυτὸν
1570 3486 1726 3547 δεξα-

172 3580 314 3647 μένου
344 3580 445 3650 τὴν
474 3578 748 3649 γέννησιν.
790 3577 996 3631 Οὐκοῦν
1025 3576 1365 3648 ὁμολογεῖται
1391 3578 1481 3631 διὰ
1506 3580 1610 3630 τῶν
1638 3595 1730 3645 γε-

170 3672 508 3741 γραμμένων,
544 3671 626 3724 ὅτι
654 3670 748 3722 καὶ
777 3671 912 3741 πρὸς
949 3669 1016 3721 τά
1046 3672 1345 3739 μικρότατα
1378 3672 1476 3739 τῆς
1501 3671 1729 3733 κτίσεως

176 3763 341 3833 μόρια,
373 3763 756 3815 κοινοποιεὴαι
805 3761 937 3831 παρ’
977 3761 1155 3813 αὐτῶν
1185 3760 1278 3813 τοῦ
1327 3761 1661 3827 Μονογενοῦς
1692 3762 1725 3830 η

174 3858 329 3922 οὐσία,
358 3857 452 3909 καὶ
488 3856 600 3907 πᾶν
628 3854 958 3924 ἐπιχείρημα
995 3852 1059 3906 δι’
1087 3846 1148 3905 οῦ
1193 3854 1656 3918 κατασκευάζεται
1692 3858 1725 3925 ὴ

177 3948 296 4015 πρὸς
342 3948 430 4000 τὸν
460 3946 685 4015 Πατέρα
712 3946 805 3998 τοῦ
854 3943 982 3997 Υίοῦ
1012 3944 1382 4015 ἀλλοτρίωσις,
1426 3946 1545 4015 ίσην
1577 3948 1729 4017 ἰσχὺν

179 4042 257 4091 καὶ
285 4041 372 4093 ἐπὶ
402 4041 514 4092 τῶν
553 4038 673 4091 καθ’
700 4037 927 4090 ἕκαστον
969 4037 1102 4106 ἔχει.
1140 4038 1235 4101 Τίς
1262 4034 1353 4091 οὖν
1381 4038 1529 4109 αὐτῷ
1573 4041 1729 4108 χρεία

178 4135 259 4201 τῆς
280 4134 523 4201 ποικίλης
547 4130 752 4200 ταύτης
776 4130 1135 4201 λεπτουργίας
1157 4132 1236 4194 είς
1268 4133 1610 4202 κατασκευὴν
1632 4133 1731 4203 τῆς

180 4226 301 4276 κατὰ
342 4227 502 4293 φύσιν
536 4223 976 4292 ἀλλοτριότητος,
1027 4224 1148 4275 δέον
1188 4223 1287 4295 τὴν
1323 4222 1584 4292 σύντομον
1634 4226 1732 4295 τῆς

179 4317 433 4385 ἀρνήσεως
465 4315 587 4368 ὁδὸν
630 4314 901 4384 τραπῆναι
941 4313 1018 4382 τῷ
1062 4313 1311 4383 φανερῶς
1346 4315 1599 4366 ἀπειπεῖν
1655 4314 1729 4385 μὴ

178 4408 269 4458 δεῖν
291 4406 665 4476 ὁμολογεῖσθαι
708 4405 802 4457 τοῦ
842 4406 975 4457 Υἱοῦ
1010 4405 1069 4457 τὸ
1112 4404 1300 4475 ὄνομα,
1337 4405 1472 4476 μηδὲ
1516 4406 1608 4458 τὸν
1634 4424 1730 4475 μο-

1831 567 1883 621 id
1909 567 2054 637 quod
2090 568 2344 621 sumitur.
2375 564 2489 621 Hoc
2508 565 2726 635 quidem
2757 566 2921 634 hujus
2950 568 3239 636 scriptoris
3265 569 3399 621 arti-

1829 659 2015 713 ﬁciosa
2032 658 2331 727 disputatio
2348 660 2564 713 asserit.
2582 657 2736 723 Quod
2750 660 2795 712 si
2814 674 2917 727 qua
2935 658 3097 713 dictis
3112 661 3402 716 insidetin-

1827 750 2146 817 telligentia,
2161 751 2252 819 qui
2266 750 2514 819 judicare
2533 749 2820 820 diligenter
2838 750 3127 804 meditatus
3139 760 3241 813 est,
3260 767 3398 806 con-

1827 844 2031 897 sideret
2057 858 2387 897 sermonem.
2403 842 2601 897 lterum
2616 842 2762 911 quod
2779 844 2984 895 dictum
3002 851 3086 897 est
3105 858 3401 897 resumam.

1900 932 2054 986 Nihil
2101 934 2249 987 aliud
2302 935 2419 987 licet
2480 937 2731 997 invenire,
2796 936 2995 1004 inquit,
3052 946 3403 1005 prmterquam

1827 1023 2113 1075 essentiam
2170 1021 2304 1075 Filii
2348 1025 2486 1093 quod
2536 1026 2789 1078 admittat
2844 1029 3253 1095 generationem.
3294 1026 3400 1080 Sed

1834 1112 2042 1165 nullum
2088 1115 2317 1168 subesse
2375 1115 2459 1171 his
2514 1116 2677 1169 dictis
2721 1132 2941 1171 sensum
2977 1118 3151 1174 cuivis
3196 1120 3404 1188 perspi-

1827 1217 1993 1256 cuum
2052 1212 2170 1266 est,
2220 1206 2299 1259 vel
2356 1221 2684 1277 quocunque
2731 1210 2890 1264 modo
2948 1225 3250 1265 sermonem
3306 1226 3403 1265 au-

1826 1296 2016 1350 dienti.
2064 1297 2352 1367 Reliquum
2392 1299 2555 1352 fuerit
2597 1299 2989 1368 blasphemiam
3049 1303 3103 1354 in
3151 1311 3401 1371 apertum

1827 1386 2092 1458 proferre,
2144 1405 2306 1458 quam
2338 1405 2432 1459 per
2460 1390 2576 1443 haec
2598 1390 2762 1444 verba
2790 1391 2999 1445 nullum
3030 1407 3253 1447 sensum
3304 1393 3403 1447 ha-

1828 1478 2008 1531 bentia
2048 1480 2340 1533 construit.
2374 1477 2503 1532 Vult
2544 1478 2710 1541 enim,
2761 1481 2864 1535 etsi
2906 1496 3017 1535 non
3065 1490 3265 1551 potest.
3305 1499 3402 1552 per

1827 1571 2295 1640 interpretativam
2355 1572 2779 1627 imbecillitatem
2838 1574 2979 1628 hanc
3059 1576 3401 1632 auditoribus

1828 1660 2067 1715 inserere
2083 1663 2583 1733 sententiam,quod
2605 1663 2723 1717 Filii
2741 1666 3065 1733 signiﬁcatio
3086 1677 3400 1723 constructa
3465 1688 3482 1711 ο

1828 1759 1932 1813 est,
1992 1752 2047 1805 id
2082 1761 2167 1807 est
2188 1753 2314 1822 quid
2350 1755 2625 1808 conditum
2678 1755 2967 1823 indicans;
2996 1759 3399 1826 generationem

1758 1836 1798 1889 Β
1827 1844 1972 1897 enim
1985 1851 2317 1898 structuram
2341 1845 2583 1899 nominat
2602 1846 3102 1916 signiﬁcantissima
3118 1864 3247 1904 voce
3270 1851 3401 1904 hor-

1828 1933 2038 1989 ribilem
2066 1935 2457 2004 blasphemiam
2485 1940 2884 2002 communiens.
2916 1947 2975 1993 ut
2999 1941 3402 2011 sitacceptissi-

1827 2038 1914 2076 ma
1946 2028 2196 2079 assensio
2218 2023 2362 2093 quod
2386 2024 2649 2080 Dominus
2677 2026 2748 2080 sit
2768 2036 3005 2090 creatus,
3034 2027 3399 2097 generationis

1827 2113 2063 2168 dictione
2103 2122 2437 2168 structuram
2470 2116 2803 2172 declarante.
2866 2116 3005 2171 Dicit
3033 2119 3217 2188 itaque
3252 2118 3400 2188 quod

1826 2212 2064 2267 essentia
2093 2217 2496 2282 generationem
2547 2213 2767 2281 accipit,
2800 2220 2859 2265 ut
2890 2222 3149 2282 tanquam
3206 2213 3261 2265 in
3301 2213 3402 2266 ali-

1827 2318 1933 2371 qua
1962 2318 2021 2357 re
2074 2302 2322 2370 subjecta
2360 2303 2541 2356 omnis
2570 2305 2908 2358 constructio
2953 2311 3251 2373 spectetur.
3282 2303 3402 2358 Non

1827 2390 1971 2444 enim
1999 2390 2123 2460 quis
2151 2390 2352 2445 dixerit
2395 2400 2774 2445 constructum
2805 2408 2927 2447 esse
2952 2393 3094 2461 quod
3129 2408 3236 2447 non
3267 2395 3402 2448 sub-

1829 2482 2010 2543 sistat.
2042 2482 2121 2535 sic
2146 2480 2294 2534 velut
2321 2480 2592 2548 quoddam
2641 2480 2926 2533 aediﬁcium
2980 2479 3073 2534 Dei
3128 2479 3399 2551 Unigeniti

1828 2580 2078 2625 naturam
2118 2571 2447 2640 protendens
2498 2585 2750 2625 sermone
2790 2570 3074 2623 facturam.
3113 2568 3168 2624 Si
3210 2571 3397 2640 igitur,

1828 2666 2026 2734 inquit,
2080 2664 2479 2733 generationem
2516 2661 2655 2716 hanc
2690 2662 2908 2731 accipit,
2946 2663 3047 2716 hoc
3087 2663 3401 2732 significare

1828 2757 2039 2819 volens,
2074 2755 2218 2824 quod
2249 2769 2359 2809 non
2392 2763 2555 2817 esset,
2611 2769 2803 2824 nempe
2835 2753 3103 2824 Unigeniti
3137 2756 3397 2821 essentia,

1829 2847 1934 2902 nisi
1962 2847 2179 2901 condita
2207 2853 2373 2901 esset.
2409 2844 2549 2910 Quid
2587 2856 2766 2900 autem
2801 2846 2945 2898 aliud
2979 2860 3164 2900 eorum
3195 2862 3316 2915 qua:
3344 2848 3400 2901 in

1829 2949 2081 2993 creatura
2131 2939 2545 3007 conspiciuntur
2593 2946 2678 2992 est
2718 2953 2825 2990 non
2881 2936 3084 2991 factum
3113 2937 3397 3002 ?Coelum,

1831 3039 1994 3094 terra,
2020 3045 2135 3093 aer,
2164 3045 2336 3093 mare,
2369 3029 2633 3099 quidquid
2671 3038 2777 3094 est,
2810 3029 3033 3084 omnino
3057 3028 3257 3083 factum
3281 3039 3396 3085 est:

1831 3136 2059 3189 quorum
2089 3120 2219 3173 nihil
2254 3129 2401 3176 esset
2421 3121 2523 3174 nisi
2551 3118 2752 3173 factum
2789 3128 2954 3175 esset.
2985 3118 3266 3185 Quomodo
3295 3120 3399 3189 igi-

1833 3223 1919 3266 tur
1952 3221 2012 3265 ut
2049 3213 2308 3267 eximium
2348 3214 2607 3282 quiddam
2651 3212 2704 3265 in
2749 3211 3025 3281 Unigeniti
3058 3222 3253 3266 natura
3281 3227 3401 3282 spc-

1828 3303 2043 3357 culatus
2072 3309 2175 3365 est,
2210 3318 2406 3373 nempe
2432 3318 2550 3357 eam
2594 3303 2767 3371 ipsam
2805 3302 3105 3357 essentiam
3152 3304 3401 3373 accipere

1828 3395 2232 3464 generationem
2269 3396 2293 3449 ?
2327 3395 2419 3450 Sic
2455 3396 2601 3449 enim
2661 3395 2995 3449 creationem
3026 3396 3304 3457 nominat,
3340 3404 3401 3450 ut

1829 3487 2085 3558 bombylii
2156 3489 2464 3558 (cujusdam
2501 3488 2618 3556 apis
2676 3487 3030 3556 obstrepenti)
3070 3496 3125 3542 et
3182 3490 3398 3553 culicis,

1830 3593 1937 3632 non
2001 3580 2057 3632 in
2089 3579 2473 3647 seipsum,sed
2516 3579 2568 3631 in
2640 3578 2870 3631 alterum
2929 3578 3184 3647 quiddam
3237 3595 3401 3649 quam

1829 3671 2068 3740 seipsum
2104 3671 2196 3740 qui
2221 3671 2432 3739 accepit
2460 3671 2885 3739 generationem.
2912 3669 3080 3740 Igitur
3104 3672 3401 3726 conﬁtetur

1830 3776 1928 3830 per
1946 3762 2147 3829 scripta
2185 3760 2333 3828 quod
2365 3760 2526 3814 etiam
2560 3775 2683 3812 cum
2710 3760 2950 3814 minimis
2977 3771 3241 3816 creaturae
3270 3778 3399 3832 par-

1830 3853 2015 3908 ticulis
2030 3853 2098 3905 ab
2113 3852 2246 3921 ipsis
2271 3850 2542 3921 Unigeniti
2566 3851 2803 3906 essentia
2819 3852 3124 3905 communis
3141 3853 3397 3910 edicitur:

1830 3945 2118 4013 omnisque
2141 3944 2538 4014 argumentatio
2572 3958 2675 4013 qua
2711 3944 2776 3997 ad
2808 3943 3017 3997 Patrem
3040 3943 3156 3996 Filii
3196 3946 3400 4000 aliena-

1831 4037 1909 4089 tio
1946 4036 2286 4090 construitur
2324 4035 2377 4087 in
2406 4034 2637 4104 singulis
2686 4035 2852 4089 rebus
2884 4037 2989 4087 vim
3034 4037 3192 4090 habet
3220 4052 3403 4105 aequa-

1831 4128 1955 4183 lem.
1992 4128 2132 4193 Quid
2166 4128 2331 4198 igitur
2367 4128 2414 4181 ei
2464 4126 2564 4180 fuit
2620 4142 2757 4196 Opus
2801 4128 2901 4181 hac
2934 4128 3084 4180 varia
3113 4135 3166 4183 et
3216 4130 3403 4184 subtili

1832 4230 1969 4283 arte,
2014 4228 2071 4274 ut
2112 4228 2324 4274 astruat
2387 4218 2510 4274 Filii
2556 4218 2853 4274 essentiam
2909 4235 2937 4272 a
2968 4228 3164 4273 natura
3222 4220 3403 4276 Patris

1832 4311 2064 4365 alienam
2108 4326 2267 4375 esse;
2330 4324 2454 4363 cum
2511 4314 2788 4377 oporteret
2838 4309 3299 4378 compendiariam
3349 4318 3404 4365 et

1832 4401 2050 4454 brevem
2078 4400 2218 4453 viam
2252 4399 2630 4469 abnegationis
2658 4397 2865 4465 ingredi
2897 4399 2960 4451 ad
2986 4406 3171 4468 aperte
3201 4415 3405 4470 negan-

178 4502 347 4569 νογενῆ
377 4500 512 4553 Θεὸν
552 4501 611 4550 ὲν
631 4501 752 4560 ταῖς
798 4498 1138 4569 Ἐκκλησίαις
1165 4498 1531 4567 κηρύσσεσθαι
1550 4541 1562 4562 ,
1596 4499 1727 4553 ἀλλὰ

1835 4489 1963 4543 dum
1983 4499 2033 4542 et
2071 4487 2361 4542 dicendum
2381 4504 2488 4541 non
2509 4502 2631 4541 esse
2652 4484 2776 4539 Filii
2797 4502 2995 4541 nomen
3010 4490 3400 4555 conﬁtendum,

175 4591 261 4659 τὴν
296 4589 593 4659 Ἰουδαῖκὴν
639 4588 889 4657 λατρείαν
923 4586 1263 4657 κυριωτέραν
1305 4587 1401 4656 τῆς
1445 4586 1551 4638 τῶν
1594 4588 1730 4656 Χρι-

177 4684 386 4735 στιανῶν
426 4682 638 4750 κρίνειν
673 4679 979 4748 ὁμολογίας,
1031 4680 1124 4732 καὶ
1161 4666 1319 4748 μόνον
1364 4680 1585 4749 κτίστην
1634 4680 1731 4731 καὶ

173 4771 485 4842 δημιουργὸν
538 4768 933 4839 ὁμολογοῦντας
990 4769 1082 4821 τὸν
1138 4769 1387 4838 Πατέρα,
1444 4770 1510 4823 τὰ
1568 4770 1730 4823 λοιπὰ

172 4865 333 4917 πάντα
368 4863 448 4933 τῷ
480 4864 580 4933 τῆς
612 4862 841 4923 κτίσεως
875 4862 1104 4928 ὑπάγειν
1132 4860 1352 4929 ὀνόματί
1391 4877 1449 4912 τε
1491 4860 1584 4914 καὶ
1611 4863 1732 4933 νοήο

172 4973 320 5023 ματι·
353 4958 411 5007 ὲν
446 4955 506 5007 δὲ
554 4953 768 5014 τούτοις
815 4952 879 5003 τὸ
924 4951 1033 5003 τῶν
1077 4950 1251 5003 ἄλλων
1297 4951 1731 5019 προτεταγμένον

167 5046 312 5114 ἔργον
334 5047 549 5114 ποίημα
578 5043 757 5112 λέγειν
776 5043 863 5095 διά
885 5059 1030 5104 τινος
1060 5044 1561 5108 κατασκευαπικῆς
1585 5043 1724 5111 ιὶνερ⁴

168 5136 306 5200 γείας
336 5136 660 5204 γενόμενον,
694 5135 787 5185 καί
817 5134 1217 5203 πρωτόκτιστον
1247 5133 1366 5185 ἀντὶ
1412 5131 1733 5201 μονογενοῦς

166 5223 289 5277 Θεοῦ
317 5226 412 5278 καὶ
447 5222 703 5290 ἀληθινοῦ
738 5222 866 5274 Υἱοῦ
897 5222 1426 5291 προσαγορεύοντας

1835 4595 2012 4648 neque
2043 4579 2379 4648 unigenitum
2408 4579 2641 4633 Deumin
2673 4578 2929 4634 Eeclesiis
2959 4579 3358 4649 praedicandum
3386 4599 3402 4650 ;

1834 4670 1929 4723 sed
1965 4667 2275 4721 Judaeorum
2312 4667 2517 4720 cultum
2562 4667 2916 4733 judicandum
2945 4683 3068 4722 esse
3124 4669 3403 4736 propriqu

1832 4760 2005 4829 magis
2036 4773 2199 4826 quam
2232 4756 2674 4812 Christianorum
2702 4755 3126 4819 confessionem,
3159 4758 3249 4825 qui
3282 4758 3406 4825 qqu

1832 4851 1955 4906 dem
1980 4849 2150 4904 Judaei
2186 4852 2359 4903 solum
2418 4857 2719 4903 creatorem
2776 4857 2828 4903 et
2862 4849 3107 4917 opificem
3154 4848 3404 4902 condito-

1833 4958 2056 5012 remque
2094 4939 2307 4995 Patrem
2335 4942 2681 5005 confitentur,
2722 4942 2930 5007 reliqua
2962 4940 3141 4995 omnia
3200 4941 3406 4993 notioni

1840 5042 1894 5089 et
1923 5034 2133 5088 nomini
2162 5041 2426 5087 creaturae
2460 5048 2583 5088 esse
2612 5034 2974 5103 subjicienda;
3006 5034 3059 5086 in
3085 5033 3171 5086 his
3199 5040 3404 5093 autem,

1839 5126 1983 5197 quod
2026 5126 2148 5180 aliis
2189 5126 2535 5194 praepositum
2589 5134 2675 5179 est
2723 5126 2838 5180 sive
2890 5126 3043 5193 prius
3096 5124 3407 5177 ordinatum

1842 5237 1981 5292 Opus
2007 5221 2296 5275 dicendum
2328 5220 2535 5290 ποίημα
2561 5221 2851 5281 facturam.
2877 5222 3020 5272 velut
3058 5220 3291 5289 quadam
3325 5218 3407 5271 fa-

166 5316 279 5371 brili
301 5315 719 5369 constructione
746 5312 942 5366 factam
969 5330 982 5365 :
1014 5321 1067 5366 et
1098 5314 1218 5365 loco
1246 5310 1524 5381 Unigeniti
1554 5310 1649 5366 Dei
1675 5318 1728 5366 et
1750 5315 1862 5368 veri
1888 5312 2009 5367 Filii
2042 5312 2440 5384 πρωτόκτιστον
2478 5312 2677 5379 (primo
2703 5311 2968 5378 creatum)
2992 5310 3410 5381 appellandum?

227 5410 445 5463 Τούτων
478 5408 590 5477 γάρ
628 5406 1080 5476 κεκρατηκότων,
1131 5405 1349 5458 εὐκολία
1386 5405 1552 5473 πολλὴ
1598 5404 1733 5475 πρὸς

163 5503 246 5555 τὸν
280 5501 484 5554 σκοπὸν
509 5499 692 5552 αὐτῶν
726 5497 1173 5567 συμπερανθῆναι
1196 5495 1264 5550 τά
1293 5496 1535 5567 δόγματα
1554 5535 1568 5559 ,
1601 5497 1731 5549 πάν·

163 5611 263 5646 των
303 5592 448 5649 κατὰ
486 5592 548 5643 τὸ
596 5588 743 5652 εἰκὸς
785 5591 850 5641 ἐκ
892 5589 990 5658 τῆς
1016 5588 1271 5658 τοιαύτης
1314 5589 1486 5659 ἀρχῆς
1513 5587 1648 5657 πρὸς
1674 5586 1736 5639 τὸ

161 5683 450 5736 ἀκόλουθον
492 5680 901 5750 ὁδηγουμένων·
944 5682 1026 5732 ὅτι
1055 5680 1145 5734 τὸν
1188 5681 1326 5750 μήτε
1377 5678 1732 5749 γεννηθέντα,

162 5778 295 5846 μήτε
338 5777 465 5829 Υἰδν
505 5775 673 5838 ὄντα,
719 5771 806 5825 διὰ
842 5771 899 5824 δέ
946 5788 1089 5834 τινος
1120 5770 1396 5841 ἐνεργείας
1432 5770 1737 5825 ὑποστάντα

1909 5404 2006 5459 His
2047 5407 2191 5459 enim
2246 5404 2682 5473 praevalentibus,
2737 5402 2990 5456 l‘aclllime
3039 5403 3107 5455 ad
3164 5403 3408 5472 ipsorum

1839 5512 2064 5566 scepum
2122 5496 2375 5566 dogmata
2408 5494 2829 5555 concluduntur,
2878 5494 3131 5550 omnibus
3183 5504 3240 5550 ut
3275 5512 3409 5551 cou-

1840 5596 2162 5642 sentancum
2194 5603 2257 5641 ex
2292 5588 2386 5639 tali
2439 5587 2707 5656 principio
2757 5586 2827 5639 ad
2855 5586 2905 5639 id
2929 5587 3074 5655 quod
3104 5597 3188 5643 est
3221 5604 3410 5643 conse-

1841 5695 2014 5750 quens
2039 5672 2263 5733 directis
2294 5692 2453 5731 :eum
2498 5690 2691 5744 nempe
2711 5676 2803 5745 qui
2841 5691 3015 5746 neque
3042 5678 3279 5747 genitus,
3312 5695 3411 5733 ne-

1846 5787 1956 5841 que
1993 5770 2164 5826 Filius
2200 5779 2304 5834 est,
2337 5768 2429 5824 sed
2461 5767 2555 5837 qui
2593 5770 2909 5839 operatione
2951 5769 3187 5841 quadam
3228 5771 3410 5829 subsi-
