3922 6444
630 338 741 396 6'15

627 462 752 522 stit,
791 466 1134 512 communem
1175 463 1298 504 cum
1362 445 1473 501 Deo
1530 445 1729 498 habere
1756 443 2052 498 essentiam
2097 455 2207 495 non

634 568 817 625 posse.
847 550 1036 617 Quoad
1090 554 1271 599 autem
1298 540 1721 612 Evangeliorum
1754 553 1916 594 voces
1948 537 2208 607 praevale-

631 647 790 709 bunt,
818 642 1019 714 quibus
1050 638 1219 692 Filius
1248 644 1302 691 et
1339 634 1662 702 Unigenitus
1685 641 1737 687 et
1763 648 1830 687 ex
1860 631 2019 685 Patre
2055 638 2109 683 et
2142 646 2207 683 ex

634 737 765 797 Deo.
845 742 902 788 et
986 731 1119 787 talia
1185 727 1516 800 praedicatur
1582 742 1598 779 :
1681 723 1883 778 frustra
1955 719 2210 776 delirabit

631 830 873 898 seipsum
927 832 982 879 et
1040 837 1173 878 suos
1234 820 1434 873 talibus
1492 816 1652 886 nugis
1710 814 1908 869 fallens
1953 820 2007 867 et
2057 812 2209 866 deci-

635 922 813 991 piens.
841 916 974 971 Nam
1022 930 1145 968 cum
1178 911 1298 965 Filii
1324 908 1620 980 appellatio
1666 921 1850 960 veram
1883 920 2008 958 eum
2052 902 2210 957 Patre

633 1011 951 1066 relationem
983 1004 1249 1066 clamitet,
1304 1001 1429 1070 quis
1463 999 1539 1051 ita
1592 996 1845 1066 stupidus
1884 1002 1938 1049 et
1990 1007 2206 1055 vecors,

634 1110 694 1157 ut
744 1102 953 1156 Joanne
1008 1105 1064 1152 et
1100 1094 1289 1158 Paulo,
1324 1100 1379 1147 et
1423 1090 1635 1158 reliquo
1680 1088 1849 1141 choro
1890 1093 2207 1139 sanctorum

633 1207 919 1268 germanas
951 1191 1050 1243 has
1082 1202 1239 1241 voces
1267 1193 1322 1238 et
1370 1179 1792 1237 necessitudinis
1827 1177 2035 1232 indices
2066 1191 2207 1246 prae-

632 1285 944 1342 dicantibus
982 1295 1091 1335 non
1121 1278 1187 1332 ad
1225 1278 1348 1332 illos
1371 1273 1649 1343 respiciat,
1680 1271 1774 1327 sed
1808 1270 2063 1324 inanibus
2089 1284 2208 1322 cre-

631 1374 885 1447 pitaculis
938 1372 1153 1425 illectus
1215 1366 1535 1421 cavillorutn
1596 1360 1848 1414 Eunouiii
1899 1358 2205 1413 doctrinam

632 1468 991 1537 amplectatur
1015 1482 1028 1517 :
1054 1463 1342 1532 ipsumque
1364 1456 1689 1510 Eunomium
1715 1453 1982 1507 veriorem
2014 1450 2207 1504 docto-

629 1574 746 1613 rem
803 1556 1078 1611 existimet
1129 1552 1213 1605 his
1242 1550 1342 1619 qui
1376 1562 1407 1600 a
1446 1545 1653 1615 Spiritu
1688 1542 1851 1596 adlati
1907 1542 2208 1609 loquuntur

630 1647 909 1719 mysteria.
969 1652 1024 1698 et
1054 1643 1328 1697 Christum
1362 1639 1417 1692 in
1454 1636 1652 1706 seipsis
1708 1634 1963 1704 portant?
2000 1630 2206 1698 Quem-

629 1754 757 1797 nam
787 1738 933 1793 hunc
964 1731 1326 1788 Eunomium?
1350 1728 1504 1784 Unde
1519 1729 1585 1782 ad
1607 1725 1910 1781 docendum
1939 1723 2204 1778 Christia-

631 1846 733 1886 nos
762 1825 1011 1884 elatum?
1042 1825 1135 1879 sed
1178 1823 1291 1876 haec
1324 1820 1543 1891 quidem
1564 1819 1910 1873 omittantur.
1945 1816 2121 1885 Atque
2145 1825 2204 1869 ut

630 1923 747 1978 ﬁeri
780 1926 958 1991 potest
1016 1914 1258 1971 studium
1304 1913 1452 1965 circa
1482 1908 1758 1980 proposita
1804 1924 1900 1962 cor
1952 1916 2201 1961 nostrum

626 2014 903 2084 explanet,
931 2007 1052 2062 ﬁdei
1082 2006 1200 2060 zelo
1220 2011 1277 2058 et
1305 2001 1499 2056 ardore
1530 1999 1792 2054 adversus
1821 1998 2206 2068 blaspheman-

628 2116 713 2163 tes
755 2119 919 2173 supra
957 2101 1175 2155 modum
1209 2106 1443 2151 tumens.
1479 2095 1766 2161 Quomodo
1795 2093 1937 2148 enim
1967 2092 2033 2145 ad
2062 2092 2201 2146 iram

627 2207 687 2255 et
718 2196 902 2252 odium
942 2208 1049 2247 non
1079 2190 1503 2248 concitaremur,
1538 2186 1785 2240 videntes
1812 2184 1979 2239 Deum
2010 2190 2064 2238 et
2098 2182 2204 2238 Do-v

633 2286 863 2350 minum,
881 2290 939 2338 et
962 2280 1258 2342 viviﬁeutn,
1276 2289 1332 2336 et
1356 2278 1701 2333 Servatorem
1726 2277 1795 2329 ab
1821 2275 1941 2331 istis
1971 2277 2204 2329 homun-

627 2377 771 2431 culis
798 2372 1034 2427 ludibrio
1062 2369 1221 2432 allici,
1253 2376 1309 2422 et
1332 2367 1494 2420 veluti
1524 2381 1683 2419 emno
1710 2366 2066 2434 conspurcari
2097 2364 2121 2417 ?
2145 2364 2204 2417 Si

628 2465 774 2521 enim
805 2462 936 2516 mihi
979 2471 1188 2530 patrem
1218 2460 1402 2513 carnis
1458 2457 1715 2511 convitiis
1773 2456 2093 2518 incesseret,
2122 2452 2206 2510 vel

625 2555 687 2611 in
720 2566 897 2607 meum
964 2547 1366 2604 benefactorem
1421 2546 1697 2601 hostiliter
1751 2561 1812 2600 se
1863 2545 2110 2611 haberet,
2136 2561 2205 2600 an

629 2644 1024 2714 imperturbato
1074 2642 1257 2694 animo
1314 2653 1528 2707 possem
1596 2638 1733 2691 iram
1789 2639 2090 2702 continere,
2152 2645 2206 2693 et

624 2737 772 2793 ferre
794 2750 950 2805 :equo
966 2733 1146 2786 animo
1163 2738 1352 2785 contra
1377 2729 1607 2784 dilectos
1623 2737 1676 2782 et
1692 2728 1889 2783 charos
1912 2728 2205 2797 injuriam?

626 2829 783 2898 Quod
817 2830 861 2883 si
889 2829 1082 2882 anima:
1116 2840 1249 2879 mea:
1293 2822 1575 2883 Dominus,
1602 2822 1697 2892 qui
1743 2825 1917 2893 ipsam
1953 2835 2076 2877 ante
2094 2839 2203 2877 non

626 2922 979 2979 exsistentem
1009 2916 1133 2971 fecit
1193 2914 1512 2973 subsistere,
1546 2921 1600 2967 et
1640 2913 1695 2965 in
1759 2914 2074 2968 servitutem
2115 2929 2203 2968 re-

627 3013 843 3065 dactam
870 3006 1137 3063 redemit:
1197 3006 1291 3074 qui
1324 3005 1451 3058 vita:
1482 3004 1766 3073 praesentis
1798 3012 2020 3073 gustum
2071 3020 2204 3073 pra:-

1864 330 1922 385 S.
1964 324 2290 384 GREGORII
2315 325 2604 382 NYSSENI

3738 344 3819 398 6'76

2237 442 2282 497 Α
2309 442 2585 490 κοινωνεῖν
2614 438 2690 509 τῷ
2717 438 2835 508 Θεῷ
2862 440 2961 511 τῆς
2985 439 3171 505 ούσίας
3211 442 3306 512 οὐχ
3328 438 3436 496 οἷόν
3465 446 3539 498 τε.
3568 446 3691 510 Ἕως
3713 449 3750 501 δ“
3772 453 3821 505 ἂν

2316 528 2587 599 κρατῶσιν
2614 532 2669 583 αί
2691 530 2798 585 τῶν
2833 532 3176 600 Εὑαγγελίων
3212 536 3406 603 φωναὶ,
3432 536 3494 587 δι’
3521 529 3590 588 ὧν
3620 537 3727 601 Υἱὸς
3753 546 3822 596 καὶ

2314 621 2619 693 Μονογενὴς
2647 624 2740 676 καὶ
2772 626 2835 677 ὲκ
2862 625 2954 677 τοῦ
2999 626 3213 695 Πατρὸς
3261 629 3354 680 καὶ
3387 630 3451 679 ἐκ
3474 628 3563 680 τοῦ
3597 629 3728 693 Θεοῦ,
3754 637 3819 687 mi

2312 714 2381 766 τὰ
2412 714 2634 768 τοιαῦτα
2683 718 3053 787 κηρύσσεται·
3088 718 3260 790 μάτην
3305 720 3527 790 ληρήσει
3547 764 3560 784 ,
3592 723 3751 777 ἑαυτόν
3778 744 3822 781 τι

2315 804 2566 866 καὶτοὺς
2607 803 2728 857 καθ’
2780 806 2970 859 ἑαυτὸν
3008 806 3097 860 διὰ
3141 807 3248 860 τῶν
3295 808 3544 861 τοιούτων
3588 810 3824 881 φληνάφων

2315 898 2813 967 παρακρουόμενος.
2861 898 2971 970 Τὴν
3019 900 3128 970 γὰρ
3166 897 3339 971 ἀληθῆ
3382 902 3515 971 πρὸς
3540 903 3622 955 τὸν
3653 905 3826 975 Πατέρα

2317 988 2500 1057 σχέσιν
2533 988 2633 1057 τῆς
2664 990 2758 1041 τοῦ
2789 990 2918 1043 Υίοῦ
2948 992 3317 1062 προσηγορίας
3354 991 3575 1061 βοὼσης,
3604 993 3676 1057 τίς
3695 996 3826 1059 οὕτως

2314 1079 2548 1148 ἠλίθιος,
2576 1079 2652 1143 ὡς
2692 1081 2936 1134 Ἰωάννου
2967 1082 3061 1134 καὶ
3092 1083 3305 1135 Παύλου
3336 1084 3432 1136 καὶ
3457 1084 3545 1137 τοῦ
3568 1084 3731 1139 λοιποῦ
3755 1104 3825 1156 χο-

2316 1172 2410 1241 ροῦ
2448 1171 2557 1225 τῶν
2590 1171 2756 1240 ἁγίων
2784 1172 2882 1234 τάς
2914 1174 3141 1242 γνησίας
3174 1172 3374 1237 ταύτας
3418 1174 3589 1242 φωνὰς
3633 1178 3713 1229 καὶ
3753 1180 3826 1247 τῆς

2313 1264 2643 1333 οἰκειότητος
2671 1265 3002 1328 ὲνδεικτικάς
3032 1267 3432 1336 κηρυσσόντων,
3468 1268 3537 1337 μὴ
3576 1268 3694 1337 πρὸς
3717 1270 3825 1322 ὲκεί-

2312 1374 2435 1420 νους
2465 1357 2701 1426 βλέπειν,
2736 1358 2871 1412 ἀλλὰ
2907 1360 3020 1421 τοῖς
3051 1359 3315 1423 διακένοις
3338 1360 3612 1429 κροτὰλοις
3637 1362 3727 1413 τῶν
3750 1363 3826 1415 Εὐ-

2312 1451 2497 1521 νομίου
2546 1452 2894 1521 σοφισμάτων
2937 1451 3305 1515 διδασκαλίαν,
3352 1453 3459 1505 τῶν
3480 1453 3563 1506 διὰ
3586 1452 3669 1505 τοῦ
3695 1454 3826 1507 Πνεύ-

2317 1560 2484 1612 ματος
2520 1542 2823 1595 λαλούντων
2855 1545 3149 1613 μυστήρια,
3185 1543 3280 1595 καὶ
3320 1542 3551 1614 Χριστὸν
3582 1544 3632 1595 ἓν
3664 1546 3824 1607 ἑαυτοῖς

2315 1635 2606 1705 φερόντων,
2653 1635 2915 1704 Εὐνόμιον
2944 1634 3302 1705 ἀληθέστερον
3331 1635 3567 1701 οίεσθαι;
3597 1637 3709 1689 Τίνα
3732 1638 3825 1689 τοῦ·

2314 1743 2404 1779 τον
2439 1725 2731 1795 Εὑνόμιον;
2777 1726 2881 1778 Τὸν
2928 1724 3089 1778 πόθεν
3122 1728 3203 1789 είς
3240 1727 3301 1780 τὸ
3346 1727 3681 1796 καθηγεῖσθαι
3722 1731 3823 1798 Χρι-

2233 1791 2284 1852 B
2315 1791 2929 1885 στιανοὺς-ὲπαρθέντω
2971 1815 3132 1868 Ἀλλά
3176 1816 3351 1869 ταῦτα
3396 1791 3511 1888 μὲν⁷
3538 1818 3718 1870 ὲάσθιιγ
3755 1791 3824 1869 καί

2312 1908 2387 1970 ὡς
2414 1907 2526 1959 ἐστι
2551 1907 2773 1960 δυνατὸν
2801 1910 2833 1977 ή
2880 1924 2945 1959 πε
2955 1907 3009 1979 ρὶ
3034 1907 3102 1961 τὰ
3128 1907 3461 1979 προκείμενα
3487 1908 3671 1979 σπουδὴ
3696 1927 3824 1963 κατα-

2312 1997 2568 2051 λεαινέτω
2595 1997 2692 2067 τὴν
2713 1997 2938 2069 καρδίαν
2961 2001 2994 2069 ἡ
3004 1997 3139 2068 μῶν,
3174 1998 3323 2069 ζήλῳ
3347 1998 3449 2069 τῆς
3471 1996 3687 2063 πίστεως
3720 2000 3823 2053 κατὰ

2310 2088 2421 2143 τῶν
2458 2088 2917 2160 βλασφημούντων
2947 2090 3447 2161 ύπεροιδαίνουσαν.
3480 2092 3595 2153 Πῶς
3623 2092 3716 2161 γὰρ
3738 2092 3821 2143 ἐστι

2316 2179 2390 2251 μὴ
2414 2180 2849 2251 παρακινηθῆναι
2879 2181 3013 2252 πρὸς
3037 2181 3204 2252 ὀργὴν
3236 2183 3332 2235 καὶ
3370 2182 3668 2253 ἀπέχθειαν,
3694 2184 3740 2234 ὲν

2310 2273 2402 2325 τὸν
2451 2272 2583 2325 Θεὸν
2636 2273 2795 2343 ἡμῶν
2846 2272 2940 2324 καὶ
2990 2272 3299 2343 Δεσπότην,
3347 2274 3440 2326 καὶ
3467 2274 3719 2338 ζωοποιον,
3753 2275 3820 2326 καὶ

2310 2365 2572 2435 Σωτῆρα,
2604 2363 2758 2434 παρά
2792 2364 2903 2416 τῶν
2938 2362 3335 2435 ἀνθρωπίσκων
3368 2364 3819 2434 τούτων-προπηλα-

2307 2455 2587 2521 κίζεσθαι;
2637 2457 2699 2508 Εἰ
2727 2456 2835 2526 γάρ
2871 2472 2959 2523 μοι
2989 2455 3080 2509 τὸν
3116 2455 3218 2525 τῆς
3247 2457 3451 2527 σαρκὸς
3484 2456 3714 2528 ἐλοιδόρει
3745 2475 3819 2509 πι-

2307 2546 2518 2618 τέρα,ἤ
2550 2548 2685 2617 πρὸς
2709 2548 2800 2599 τὸν
2824 2546 3116 2619 εὐεργέτην
3150 2542 3263 2617 εἶχε
3294 2548 3389 2601 τὸν
3421 2548 3548 2619 ὲμὺν
3576 2548 3818 2619 δυσμενῶς,

2307 2635 2417 2710 ἄρα
2449 2638 2671 2691 δυνατὸν
2697 2635 2763 2710 ἦν
2788 2638 3014 2701 ἀπαθῶς
3038 2638 3302 2708 βαστάσαι
3326 2642 3424 2712 τὴν
3450 2642 3583 2695 κατὰ
3609 2641 3702 2695 τῶν
3720 2643 3817 2709 ἀγα-

2309 2730 2574 2799 πωμένων
2593 2730 2761 2800 ὀργήν
2781 2747 2795 2791 ς
2824 2731 2885 2782 Ei
2905 2729 2960 2783 δὲ
2983 2732 3013 2783 6
3034 2732 3130 2801 τῆς
3162 2731 3344 2801 ψυχῆς
3363 2735 3461 2802 τῆς
3481 2734 3613 2803 ἐμῆς
3640 2732 3812 2803 Κύριος,

2313 2820 2385 2891 μὴ
2415 2815 2578 2873 οὖσαν
2603 2820 2771 2889 αὐτὴν
2801 2820 3111 2891 ὑποστήσας
3130 2859 3144 2881 ,
3172 2821 3267 2874 καὶ
3305 2821 3646 2877 δουλωθεῖσαν
3667 2822 3812 2890 65am-

2313 2913 2479 2980 ράσας
2498 2926 2513 2938 ’
2544 2913 2572 2964 6
2595 2911 2693 2981 τῆς
2707 2928 2766 2963 τε
2784 2910 3063 2981 παρούσης
3088 2913 3293 2980 γεύσας
3314 2913 3476 2984 ζωῆς,
3508 2915 3596 2967 καὶ
3622 2913 3703 2983 τὴν
3724 2914 3814 2982 μέλ-

2308 3000 2504 3055 λουσαν
2537 3006 2961 3073 παρασκευάσας
2981 3018 2994 3032 ·
3022 3003 3051 3054 6
3081 3003 3220 3073 πρὸς
3248 3003 3523 3072 βασιλείαν
3553 3003 3724 3067 καλῶν,
3748 3003 3815 3056 καὶ

627 3104 768 3167 buit,
796 3108 850 3156 et
879 3101 1117 3155 futuram
1145 3098 1467 3168 praeparavit
1492 3115 1506 3163 ;
1547 3096 1640 3165 qui
1677 3096 1742 3151 ad
1772 3113 1999 3166 regnum
2023 3108 2195 3159 vocat,

2310 3094 2455 3156 ὅπως
2482 3094 2546 3146 ἂν
2575 3094 2870 3163 φεύγοιμεν
2898 3094 2997 3163 τὴν
3016 3095 3115 3163 τῆς
3142 3094 3369 3167 γεέννης
3391 3098 3692 3167 κατάκρισιν
3713 3113 3815 3165 παρ-

621 3204 682 3250 et
710 3195 981 3265 quomodo
1014 3191 1272 3261 gehennae
1322 3188 1590 3257 judicium
1636 3187 1906 3258 fugiamus
1945 3190 2199 3257 mandat;

626 3303 793 3359 parva
832 3285 956 3339 dico
990 3284 1126 3348 haec,
1166 3296 1341 3350 neque.
1400 3280 1579 3333 adhuc
1631 3280 1939 3334 communis
1988 3279 2203 3334 Domini

627 3377 915 3446 majestate
959 3371 1165 3442 digna:
1198 3371 1291 3439 qui
1317 3370 1384 3423 ab
1416 3369 1565 3423 omni
1617 3375 1865 3422 creatura
1917 3367 2200 3433 adoratur,

626 3467 965 3527 caelestibus,
992 3462 1362 3523 terrestribus,
1395 3457 1876 3521 subterrestribus,
1907 3458 1995 3512 cui
2032 3459 2204 3512 adsti—

628 3565 814 3617 terunt
850 3556 1225 3610 ministrorum
1283 3552 1593 3606 caelestium
1647 3550 1832 3606 decem
1878 3550 2048 3604 millia
2083 3569 2098 3605 :
2133 3551 2200 3605 ad

625 3661 790 3716 quem
818 3658 1140 3698 conversum
1168 3648 1251 3695 est
1276 3650 1449 3695 totum
1493 3640 1595 3694 hoc
1618 3655 1778 3694 omne
1807 3641 1953 3710 quod
1981 3641 2070 3696 hic
2106 3642 2202 3696 ad-

628 3727 972 3784 ministratur
992 3733 1048 3780 et
1073 3724 1285 3779 honesti
1332 3724 1606 3778 desiderio
1647 3733 1894 3789 tenetur;
1944 3724 1991 3780 si
2031 3725 2119 3779 hic
2145 3725 2201 3780 in

627 3819 926 3877 convitium
949 3817 1261 3871 hominibus
1287 3816 1598 3885 exponitur,
1632 3816 1832 3886 quibus
1860 3831 1967 3871 non
2003 3817 2201 3871 suilicit

626 3914 805 3968 solum
864 3909 1074 3979 seipsos
1115 3908 1402 3978 particula:
1455 3906 1620 3977 hujus
1673 3917 1957 3978 apostatae,
1997 3910 2053 3964 id
2091 3917 2198 3975 est,

625 4002 939 4064 defectoris,
973 4000 1365 4061 adhaerescere.
1410 4000 1506 4055 sed
1555 4000 1814 4055 damnum
1866 4002 2201 4057 arbitrantur

625 4111 739 4150 non
776 4094 937 4148 etiam
974 4092 1115 4146 alios
1150 4105 1334 4146 secum
1369 4089 1425 4144 in
1484 4090 1798 4145 barathrum
1844 4093 1958 4147 sive
1982 4094 2195 4164 voragio

624 4201 751 4242 nem
792 4184 910 4239 suis
948 4182 1169 4251 scriptis
1190 4182 1542 4252 pertraxisse,
1583 4190 1644 4236 ut
1674 4183 1908 4251 posteris
1956 4200 2064 4238 non
2104 4187 2201 4240 de—

626 4278 776 4332 iiciat
805 4276 871 4329 ad
922 4276 1204 4329 interitum
1238 4272 1492 4328 deductio
1534 4291 1549 4327 :
1612 4275 1854 4344 nunquid
1893 4278 2015 4345 quis
2059 4278 2197 4333 iram

624 4370 682 4425 in
701 4383 797 4424 eos
827 4375 1143 4434 conceptam
1175 4365 1395 4435 culpat?
1428 4364 1534 4420 Sed
1568 4366 1633 4419 ad
1664 4382 1726 4422 ea
1750 4383 1871 4436 quae
1894 4380 2199 4439 sequuntur

623 4472 991 4517 recurramus.

691 4546 1026 4601 Criminatur
1054 4544 1199 4599 enim
1230 4545 1285 4598 in
1323 4545 1682 4614 sequentibus
1726 4563 1829 4603 nos
1859 4565 2058 4607 rursus
2088 4554 2195 4609 bu-

624 4639 803 4694 manis
841 4636 1298 4693 similitudinibus
1344 4634 1467 4690 Filii
1512 4638 1916 4706 generationem
1960 4642 2194 4699 dedeco-

623 4746 768 4795 rare,
800 4738 961 4799 atque
982 4744 1169 4783 eorum
1192 4744 1313 4797 qua:
1338 4743 1368 4781 a
1397 4737 1589 4783 nostro
1614 4739 1766 4799 patre
1791 4733 1859 4788 de
1884 4733 1970 4789 his
1991 4738 2195 4806 scripta

623 4832 753 4879 sunt
784 4822 1062 4876 meminit:
1100 4821 1157 4874 in
1191 4821 1413 4890 quibus,
1453 4822 1648 4891 inquit,
1682 4822 1793 4877 duo
1824 4840 1950 4880 cum
1986 4829 2196 4897 signiﬁ-

621 4924 814 4969 centur
838 4928 905 4967 ex
928 4910 1053 4967 Filii
1089 4927 1243 4975 voce,
1270 4927 1467 4981 nempe
1497 4926 1561 4966 ea
1583 4929 1702 4981 qua:
1736 4913 1794 4967 ﬁt
1822 4932 1917 4984 per
1939 4917 2190 4973 aﬂ'ectum

621 5006 933 5079 productio,
963 5014 1016 5060 et
1041 5020 1104 5059 ea
1141 5019 1261 5073 qua:
1295 5018 1420 5058 cum
1452 5019 1519 5058 eo
1544 5007 1636 5073 qui
1675 5007 1862 5075 genuit
1902 5008 2193 5065 intercedit

621 5099 957 5169 germanitas
985 5114 998 5148 :
1035 5096 1166 5149 illud
1200 5095 1420 5166 quidem
1450 5094 1597 5165 quod
1641 5096 1954 5153 indecorum
1990 5110 2045 5154 et
2072 5115 2194 5155 car-

621 5191 746 5244 nale
777 5198 881 5255 est,
914 5189 968 5242 in
1001 5188 1202 5242 divinis
1236 5187 1584 5244 sermonibus
1608 5202 1716 5242 non
1744 5188 2064 5258 admittere;
2089 5192 2192 5248 hoc

620 5294 750 5335 vero
772 5289 1035 5349 quantum
1071 5278 1138 5332 ad
1172 5279 1544 5334 testimonium
1574 5279 1759 5348 gloriae
1788 5279 2060 5352 Unigeniti
2082 5296 2188 5347 est,

620 5370 724 5425 hoc
753 5371 927 5425 solum
974 5370 1026 5423 in
1057 5371 1293 5425 excelsis
1330 5370 1674 5425 documentis
1718 5385 2019 5427 assumere.
2054 5372 2190 5439 Quis

619 5463 787 5533 igitur
816 5462 1071 5516 humanis
1103 5462 1453 5531 opinionibus
1493 5461 1615 5515 Filii
1650 5462 2056 5531 generationem
2091 5465 2193 5521 de-

618 5553 861 5617 decorat,
895 5552 988 5623 qui
1029 5554 1174 5622 quod
1206 5553 1465 5623 passibile
1489 5560 1574 5608 est
1604 5561 1659 5607 et
1685 5553 1983 5607 humanum
2013 5564 2194 5610 exter—

617 5643 793 5696 minat
829 5659 859 5696 a
902 5644 1086 5697 divina
1123 5643 1508 5711 generatione,
1549 5642 1959 5712 impassibiliter
2004 5652 2184 5699 autem

616 5732 813 5793 Filium
841 5751 965 5790 eum
994 5749 1059 5791 eo
1084 5735 1177 5806 qui
1220 5735 1406 5807 genuit
1433 5734 1693 5804 copulat:
1720 5748 1790 5788 an
1817 5737 1910 5806 qui
1939 5751 2188 5791 commu-

2304 3184 2515 3253 εγγυῶν
2555 3185 2750 3255 (μικρά
2774 3183 2916 3253 λέγω
2938 3184 3110 3238 ταῦτα
3134 3184 3228 3237 καὶ
3251 3185 3408 3238 οὔπω
3436 3189 3529 3256 τῆς
3563 3185 3647 3238 τοῦ
3676 3183 3811 3239 κοινοῦ

2304 3277 2570 3330 Δεσπότου
2633 3276 3020 3347 μεγαλωσύνης
3065 3277 3320 3346 ἐπάξια),
3381 3278 3483 3331 ὑπὸ
3539 3279 3698 3347 πάσης
3740 3277 3813 3346 τῆς

2305 3369 2533 3432 κτίσεως
2561 3369 3055 3439 προσκυνούμενος,
3085 3371 3443 3441 ἐπουρανίων,
3468 3374 3713 3441 ἐπιγείων,
3740 3390 3813 3424 κα-

2301 3460 2625 3530 ταχθονίων
2663 3453 2707 3528 ᾧ
2754 3462 3167 3532 παρεστήκεσαν
3204 3460 3316 3513 τῶν
3361 3464 3479 3514 κατ’
3514 3463 3712 3533 οὐρανὸν
3731 3461 3813 3512 λεια

2301 3549 2545 3620 τουργῶν
2596 3549 2852 3620 μυριάδες
2874 3567 2887 3579 ο
2921 3549 3056 3619 πρὸς
3096 3548 3155 3601 ὃν
3200 3550 3567 3622 ὲπέστραπται
3600 3554 3692 3605 πᾶν
3720 3552 3813 3603 ὅσον

2303 3640 2404 3693 ὦδε
2424 3642 2651 3693 οἰκεῖται
2677 3641 2772 3694 καὶ
2806 3640 2899 3692 τοῦ
2928 3640 3092 3693 καλοῦ
3114 3641 3214 3713 τὴν
3236 3642 3423 3711 ἔφεσιν
3455 3643 3594 3713 ἔχει’
3625 3646 3666 3695 εί
3696 3635 3813 3703 οὗτος

2302 3733 2547 3785 ἔκκειται
2596 3732 2731 3802 πρὸς
2760 3731 3026 3803 λοιδορίαν
3066 3731 3408 3804 ἀνθρώποις,
3455 3729 3534 3799 οἷς
3559 3736 3648 3787 οὐκ
3692 3733 3813 3803 ἀρκεῖ

2305 3824 2464 3893 μόνον
2490 3821 2550 3875 τὸ
2599 3822 2820 3884 ἑαυτοὺς
2855 3825 2919 3892 τῇ
2963 3823 3137 3893 μερίδι
3181 3823 3276 3876 τοῦ
3320 3826 3609 3878 άποστάτου
3640 3840 3811 3893 προσοιο

2302 3913 2560 3977 κειῶσαι,
2607 3910 2981 3984 ὰλλὰζημίαν
3013 3914 3293 3968 ποιοῦνται
3340 3917 3402 3969 τὸ
3435 3916 3507 3987 μὴ
3547 3916 3632 3969 καὶ
3659 3914 3811 3975 ἄλλους

2300 4007 2379 4068 είς
2403 4006 2463 4058 τὸ
2488 4004 2652 4058 αὐτοῦ
2681 4005 2950 4077 βάραθρον
2975 4006 3092 4077 μεθ’
3114 4007 3325 4060 ἑαυτῶν
3355 4007 3720 4077 ὲφελκύσασθαι
3742 4007 3808 4058 διὰ

2298 4100 2398 4169 τῆς
2419 4099 2782 4170 λογογραφίας
2800 4113 2815 4127 ·
2841 4098 2916 4162 ὡς
2945 4097 3010 4151 ἂν
3043 4099 3117 4168 μὴ
3141 4098 3315 4152 λείποι
3340 4103 3451 4163 τοῖς
3478 4098 3810 4168 ἐπιγινομένοις

2300 4193 2333 4262 ἠ
2375 4192 2507 4262 πρὸς
2547 4191 2638 4242 τὸν
2665 4190 2883 4261 ὄλεθρον
2919 4189 3285 4260 χειραγωγίαο
3338 4188 3448 4260 ἆρά
3483 4209 3562 4253 τις
3588 4192 3808 4260 μέμφεται

2298 4285 2395 4355 τὴν
2426 4285 2519 4336 ἐπὶ
2553 4282 2762 4344 τούτοις
2798 4282 3007 4352 ὀργήν;
3045 4282 3205 4335 Ἀλλά
3251 4283 3388 4351 πρὸς
3422 4282 3517 4354 τὴν
3544 4280 3808 4336 ἀκολουθίαν

2302 4374 2794 4446 ὲπαναδρὰμωμεν.

2374 4552 2659 4608 Διαϐἀλλει
2678 4550 2787 4620 γὰρ
2817 4549 2876 4602 ὲν
2899 4550 3011 4613 τοῖς
3038 4549 3236 4621 ἐφεξῆς
3268 4552 3430 4606 πάλιν
3468 4553 3604 4623 ἡμᾶς
3624 4551 3688 4612 ὡς
3715 4550 3806 4607 ταῖς

2302 4645 2666 4717 ἀνθρωπίναις
2708 4641 3015 4712 ὁμοιότησιν
3067 4642 3430 4713 ἀτιμάζοντας
3467 4644 3556 4697 τοῦ
3602 4641 3710 4696 Υίοῦ
3731 4641 3805 4707 τὴν

2300 4740 2583 4808 γέννησιν.
2634 4735 2729 4788 καὶ
2780 4732 3050 4804 μέμνηται
3094 4751 3159 4803 γε
3205 4736 3313 4789 τῶν
3361 4737 3719 4808 γεγραμμένων
3746 4727 3806 4800 τῷ

2298 4830 2550 4901 ἡμετέρῳ
2572 4827 2739 4897 πατρῖ
2759 4826 2886 4897 περὶ
2903 4827 3107 4879 τούτων
3128 4844 3144 4858 ⁸
3172 4831 3229 4881 ὲν
3262 4824 3344 4893 οἷς
3382 4847 3528 4899 φησι,
3545 4829 3628 4881 δύο
3647 4839 3805 4894 σημαιυ

2297 4917 2539 4988 νομένων
2578 4918 2641 4969 ἐκ
2669 4916 2768 4984 τῆς
2799 4915 2893 4968 τοῦ
2921 4916 3049 4969 Υίού
3089 4919 3273 4990 φωνῆς
3291 4958 3306 4981 ,
3332 4920 3432 4989 τῆς
3454 4937 3508 4972 τε
3538 4917 3616 4971 διά
3642 4914 3804 4971 πάθους

2299 5006 2636 5067 συστάσεως,
2690 5005 2786 5057 καὶ
2817 5005 2916 5075 τῆς
2956 5005 3091 5075 πρὸς
3140 5006 3227 5059 τὸν
3260 5006 3607 5077 γεγεννηκότα
3633 4999 3803 5072 γνησιὸ-

2295 5113 2452 5167 τητος
2474 5113 2487 5126 °
2519 5095 2581 5148 τὸ
2612 5094 2712 5166 μὲν
2739 5095 2985 5166 ἀπρεπὲς
3015 5098 3110 5151 καὶ
3156 5100 3429 5171 σαρκῶδες
3456 5100 3512 5151 ὲν
3543 5099 3643 5158 τοῖς
3677 5093 3803 5152 θείοις

2299 5189 2374 5259 μὴ
2400 5188 2719 5256 προσίεσθαι
2748 5189 2923 5258 λόγοις
2946 5207 2959 5219 ·
2993 5190 3054 5243 τὸ
3087 5191 3146 5243 δὲ
3173 5191 3294 5245 ὅσον
3324 5195 3404 5254 εἰς
3434 5188 3706 5262 μαρτυρίαν
3728 5184 3803 5249 τῆς

2295 5280 2390 5332 τοῦ
2427 5279 2761 5346 Μονογενοῦς
2778 5281 2939 5350 δόξης
2968 5282 3103 5347 ἐστὶ,
3136 5283 3291 5336 τοῦτο
3324 5285 3478 5354 μόνον
3505 5285 3558 5335 ὲν
3575 5282 3672 5340 τοῖς
3697 5274 3799 5341 O'fdfz'

2295 5371 2407 5434 λοῖς
2464 5371 2983 5442 παραλαμϐάνεσθαι
3025 5373 3279 5444 δόγμασι.
3321 5374 3414 5437 Τίς
3452 5368 3540 5426 οὖν
3596 5363 3799 5435 ἀτιμάζει

2294 5465 2415 5525 ταῖς
2446 5461 2815 5533 ἀνθρωπίναις
2844 5464 3141 5535 ὑπολήψεσι
3178 5465 3270 5519 τοῦ
3300 5466 3425 5519 Υίοῦ
3452 5465 3544 5534 τὴν
3576 5461 3796 5530 γέννησιν,

2295 5552 2325 5604 ὁ
2349 5552 2603 5622 ἐξορίζων
2627 5554 2727 5624 τῆς
2760 5554 2912 5619 θείας
2941 5558 3271 5628 γενννὴσεως
3292 5558 3349 5611 τὸ
3379 5556 3602 5626 παθητὸν
3628 5550 3703 5603 καὶ
3722 5546 3797 5597 ἀν-

2293 5643 2585 5715 θρώπινον,
2622 5646 2845 5711 ἀπαθῶς
2886 5648 2943 5701 δὲ
2986 5650 3269 5703 συνάπτων
3304 5650 3393 5702 τὸν
3422 5648 3541 5700 Υίὸν
3562 5644 3628 5712 τῷ
3648 5632 3795 5709 γεννή·

2294 5748 2472 5789 σαντι·
2506 5736 2539 5807 ἢ
2576 5739 2604 5792 6
2633 5738 2947 5794 κοινοποιῶν
2976 5739 3113 5814 πρᾲς
3153 5742 3252 5813 τὴν
3289 5741 3432 5798 κάτω
3463 5740 3621 5793 κτίσιν
3646 5733 3722 5784 τὸν
3743 5722 3795 5781 τᾶ
