3922 6480
138 380 227 437 εττ
1231 369 1515 425 CONTRA
1553 366 1950 433 EUNOMIUM,
1990 366 2119 421 Lm.
2159 367 2222 421 V.

3246 370 3351 427 078

140 498 288 552 πάντα
318 485 699 559 παραγαγόντα
732 486 811 547 είς
845 483 1089 552 γένεσινς
1136 485 1296 539 Ἀλλὰ
1325 487 1387 538 τὸ
1421 486 1679 549 τοιοῦτον,

1796 501 1907 540 nem
1931 484 2061 537 facit
2082 498 2205 536 eum
2242 482 2333 551 qui
2361 482 2543 535 omnia
2573 480 2638 536 ad
2666 483 3069 552 generationem
3124 480 3351 536 adduxit

136 588 199 647 ὡς
226 583 416 639 ἔοικεν,
450 579 483 647 ἡ
536 574 691 645 καινὴ
725 574 864 643 αὕτη
907 573 1067 643 σοφία
1103 575 1239 646 πρὸς
1280 577 1503 646 ἀτιμίαν
1535 576 1678 631 ἔοικε

142 677 349 747 βλέπειν,
384 670 443 722 τὸ
472 672 539 739 τῇ
592 666 967 738 μεγαλειότητι
1013 665 1107 719 τοῦ
1158 667 1372 739 Πατρός
1410 669 1502 721 τὸν
1550 670 1677 722 Υἰὸν

137 765 390 825 οἰκειῶσαι,
428 762 572 831 μέγα
600 759 657 812 δὲ
703 760 797 813 καὶ
828 759 1029 828 ὑψηλὸν
1062 759 1123 811 τὸ
1154 766 1484 828 καταγαγεῖν
1516 760 1677 814 αὑτὸν

136 861 199 921 εἰς
218 853 486 926 ὁμοτιμίαν
521 854 616 920 τῆς
641 854 775 922 ἡμῖν
802 852 1089 922 ὁμοδούλου
1120 853 1368 915 κτίσεως.
1403 854 1466 905 Ὢ
1506 853 1677 907 κενῶν

137 946 482 1017 ὲγκλημάτωνί
534 945 811 1008 Βασίλειος
854 945 929 1010 ὡς
963 945 1243 1016 ἀτιμάζων
1276 947 1366 999 τὸν
1396 948 1525 999 Υἱὸν
1562 946 1677 1000 δια-

137 1040 365 1101 Cauerat,
416 1039 445 1089 ὁ
506 1038 681 1108 τιμῶν
726 1037 885 1089 αὐτὸν
932 1036 1112 1098 καθὼς
1150 1038 1373 1107 τιμᾶται
1406 1038 1435 1088 ὁ
1464 1040 1672 1109 Πατήρ.

136 1132 219 1183 Καὶ
252 1128 500 1196 Εὑνόμιος
533 1128 632 1197 τῆς
660 1127 825 1196 τιμῆς
854 1125 947 1178 τοῦ
990 1125 1324 1194 Μονογενοῦς
1358 1127 1676 1199 ὑπερμάχε-

132 1238 227 1283 ται,
252 1221 278 1271 ὁ
321 1219 415 1288 τῆς
465 1218 683 1287 ἀγαθῆς
736 1216 951 1285 φύσεως
990 1216 1083 1268 τοῦ
1136 1218 1345 1288 Πατρὸς
1376 1218 1671 1287 ἀφανίζων.

135 1310 358 1379 Τοιαύτην
390 1308 515 1377 ἔσχε
558 1308 653 1361 καὶ
694 1306 905 1369 Παῦλος
955 1306 1131 1359 αἰτίαν
1185 1310 1314 1376 παρ’
1375 1306 1675 1378 Ἀθηναίοις

134 1403 234 1455 msh
262 1401 387 1471 πρὸς
418 1400 594 1469 αὐτὴν
632 1399 857 1453 ἐκείνων
888 1400 1359 1472 κατηγορούμενος
1379 1442 1393 1465 ,
1427 1401 1503 1465 ὡς
1552 1400 1675 1466 ξένα

136 1491 476 1559 καταγγέλλων
513 1491 805 1557 δαιμόνια,
836 1492 922 1543 ὅτε
964 1492 1062 1561 τὴν
1096 1493 1223 1563 περὶ
1262 1494 1385 1556 τοὺς
1418 1493 1675 1563 δαίμονας

137 1583 301 1650 πλάνην
325 1580 431 1633 τῶν
459 1580 967 1650 είδωλομανούντων
998 1580 1246 1650 διήλεγχε
1286 1582 1379 1634 καὶ
1406 1581 1542 1649 πρὸς
1578 1582 1675 1653 τὴν

136 1672 348 1742 ἀλήθειαν
404 1669 791 1740 ἐχειραγώγει,
840 1670 1223 1738 καταγγέλλων
1251 1672 1309 1723 ὲν
1343 1674 1420 1744 τῷ
1469 1675 1674 1745 Ἀρειο-

136 1767 258 1833 πάγῳ
280 1764 373 1831 τὴν
408 1763 731 1815 ἀνάστασιν.
766 1760 949 1815 Ταῦτα
981 1764 1075 1815 καὶ
1106 1762 1200 1815 νῦν
1234 1764 1282 1814 οἱ
1312 1764 1424 1820 νέοι
1443 1763 1675 1818 Στωϊκοὶ¹

1779 591 1901 631 cum
1923 584 2172 629 creatura
2202 572 2384 626 inﬁma
2406 573 2428 625 ?
2451 571 2555 626 Sed
2582 573 2683 626 hoc
2707 574 2901 635 tale,ut
2923 582 3350 627 consentaneum

1776 678 1879 731 est,
1915 682 2052 721 nova
2089 666 2201 720 haec
2232 665 2495 734 sapientia
2524 662 2591 717 ad
2628 664 2977 733 ignominiam
3016 664 3230 718 videtur
3265 664 3353 717 in-

1776 758 1940 820 tueri,
1968 770 2162 826 nempe
2186 754 2457 822 maiestati
2484 752 2662 806 Patris
2683 749 2878 804 Filium
2902 752 3214 810 conciliare,
3236 764 3353 803 ma-

1776 864 1940 918 gnum
1976 854 2153 900 autem
2188 853 2240 898 et
2271 844 2544 898 excelsum
2570 845 2744 912 ipsum
2773 842 3042 895 adducere
3073 842 3137 895 ad
3167 856 3353 910 aequa-

1777 941 1881 994 lem
1917 938 2174 991 honorem
2206 943 2472 990 creaturae
2499 934 2656 989 uehis
2681 948 2974 988 conservae.
3009 932 3053 986 Ο
3078 948 3213 985 vana
3249 932 3355 985 cri-

1778 1032 1922 1086 mina
1947 1032 1960 1083 !
1998 1029 2233 1083 Basilius
2258 1036 2317 1081 ut
2346 1025 2543 1080 Filium
2569 1026 2835 1080 dedecore
2858 1024 3096 1079 alliciens
3123 1024 3355 1077 insimu-

1778 1125 1941 1188 latur,
1974 1121 2066 1192 qui
2097 1122 2226 1173 colit
2260 1122 2459 1189 ipsum,
2490 1119 2632 1173 sicut
2653 1119 2853 1173 colitur
2875 1117 3050 1171 Pater.
3085 1116 3149 1169 Et
3178 1116 3358 1169 Euno-

1776 1215 1921 1266 mius
1950 1227 2049 1283 pro
2080 1212 2285 1266 honore
2317 1208 2588 1277 Unigeniti
2623 1218 2845 1278 pugnat,
2886 1210 2977 1277 qui
3008 1208 3147 1263 bona
3179 1206 3359 1262 Patris

1776 1308 1970 1354 natura
1997 1301 2172 1369 ipsum
2199 1300 2393 1368 privat.
2434 1298 2757 1366 llujusuaodi
2791 1298 2994 1352 crimen
3030 1297 3172 1367 apud
3195 1298 3359 1351 Athe-

1776 1393 1997 1446 nienses
2022 1389 2295 1460 quondam
2328 1389 2529 1443 Paulus
2561 1390 2885 1442 incurrit”:
2916 1405 3039 1442 cum
3069 1403 3360 1444 accusare-

1777 1492 1866 1536 tur
1885 1484 2028 1551 quod
2054 1482 2336 1551 peregrina
2360 1481 2708 1535 annuntiaret
2726 1480 3152 1543 dzcmonia,cum
3173 1487 3357 1533 tamen

1777 1578 1924 1630 circa
1953 1575 2225 1628 daemones
2254 1588 2496 1628 errorem
2521 1587 2710 1627 eorum
2739 1572 2830 1641 qui
2862 1572 3055 1624 insano
3086 1571 3354 1624 idolorum

1776 1666 1944 1721 cultui
1981 1673 2138 1719 erant
2181 1664 2369 1725 dediti,
2418 1663 2856 1732 reprehenderet,
2890 1672 2942 1715 et
2971 1661 3037 1715 ad
3072 1662 3355 1715 veritatem

1777 1775 1940 1813 manu
1966 1758 2210 1819 duceret,
2248 1758 2578 1810 annuntians
2608 1755 2663 1809 in
2698 1756 2977 1824 Areopago
3000 1753 3358 1808 resurrectio-

136 1856 204 1907 καὶ
236 1851 589 1921 Ἐπικούρειοι
612 1850 687 1921 τῷ
724 1854 935 1922 μιμητῇ
970 1850 1064 1903 τοῦ
1094 1850 1307 1905 Παύλου
1336 1849 1673 1920 προσφέρου-

1797 1864 1922 1903 tem.
1942 1847 2068 1901 llaec
2084 1848 2247 1901 etiam
2267 1862 2410 1900 nunc
2430 1848 2552 1900 novi
2570 1845 2739 1900 Stoici
2757 1856 2802 1901 et
2828 1846 3074 1916 Epicurei
3096 1846 3356 1899 imitatori

139 1963 212 2006 σιν,
247 1947 289 1997 ot
320 1946 397 2006 είς
426 1944 587 1996 οὐδὲν
636 1943 822 2013 ἕτερον
861 1942 1278 2014 εύκαιροῦντες,
1320 1940 1501 2003 καθὼς
1552 1942 1679 2011 περὶ

135 2034 216 2085 τῶν
244 2032 533 2103 Ἀθηναίων
583 2034 615 2102 ἡ
652 2032 860 2103 ἱστορία
907 2032 1073 2100 φησὶν
1094 2072 1108 2095 ,
1145 2031 1177 2101 ἦ
1208 2034 1287 2094 είς
1320 2032 1380 2084 τὸ
1410 2030 1586 2099 λέγειν
1624 2049 1678 2084 τι

136 2126 206 2175 καὶ
216 2122 414 2175 ἀκούειν
436 2122 854 2192 καινότερον.Τί
871 2122 979 2194 γὰρ
992 2122 1057 2175 ἂν
1074 2124 1132 2175 εύ
1143 2122 1324 2192 ρεϐείη
1339 2121 1544 2175 τούτων
1558 2139 1681 2175 και-

138 2214 339 2285 ιώτερον,
377 2214 503 2276 Υἱὸς
554 2214 859 2284 ἐνεργείας,
895 2216 986 2267 καὶ
1016 2215 1205 2285 Πατὴρ
1236 2216 1552 2285 κτίσματος,
1589 2215 1681 2267 καὶ

136 2304 236 2367 Θεὸς
264 2305 573 2376 πρόσφατος
606 2306 670 2357 ὲκ
692 2304 794 2357 ’τοῦ
848 2305 922 2374 μὴ
955 2305 1108 2366 ὄντος
1157 2305 1559 2374 ἁναφυόμενος,
1589 2304 1681 2357 καὶ

138 2396 295 2462 ἀγαθὸν
318 2396 518 2464 ἀγαθοῦ
550 2394 1029 2465 παρηλλαγμένονς
1064 2389 1222 2447 Οὗτοί
1246 2397 1381 2446 εἰσιν
1400 2396 1448 2447 οί
1476 2395 1562 2448 διὰ
1585 2394 1679 2447 τοῦ

140 2483 329 2557 μὴεῖναι
369 2488 531 2541 αὐτὸν
569 2486 772 2555 λέγειν,
806 2488 944 2557 ὅπερ
970 2484 1117 2539 ἐστὶν
1140 2487 1174 2556 ἡ
1208 2484 1300 2538 τοῦ
1320 2487 1681 2557 γεννήσαντος

140 2576 286 2643 ᾳύεις,
316 2578 474 2647 τιμᾷν
509 2576 974 2646 προσποιούμενοι
1017 2576 1139 2638 ταῖς
1177 2574 1546 2645 καθηκούσαις
1598 2589 1681 2625 τι-

143 2672 250 2737 μαῖς.
283 2664 399 2738 'Ap‘
455 2667 696 2720 αἰδεῖται
734 2666 795 2719 τὸ
829 2662 968 2729 εἶδος
1014 2666 1115 2736 τῆς
1162 2665 1418 2734 τοιαύτης
1456 2664 1623 2735 τιμῆς
1655 2667 1682 2717 ὁ

138 2757 387 2829 Εὑνόμιος,
425 2760 474 2812 εί
527 2760 615 2829 μὴ
663 2758 799 2830 πρὸς
832 2758 927 2811 τὸν
969 2758 1189 2830 Πατέρα
1235 2757 1383 2826 λέγοι
1410 2775 1495 2819 τις
1521 2757 1683 2810 αὑτὸν

140 2849 465 2903 οἰκειώσασθαι
496 2853 575 2920 τῇ
607 2848 787 2919 φύσει,
814 2848 949 2902 ἀλλὰ
979 2849 1115 2919 πρός
1147 2866 1198 2902 τι
1220 2848 1328 2902 τῶν
1352 2849 1682 2920 ἑτερογενῶν

139 2941 211 3009 τὴν
234 2942 495 2995 κοινωνίαν
524 2942 717 3012 ἕχειν;
760 2942 821 2994 El
855 2943 964 3011 γὰρ
1001 2943 1030 2994 ὁ
1056 2942 1192 3012 πρὸς
1228 2942 1327 3012 τὴν
1357 2942 1533 2994 κτίσιν
1572 2959 1683 2994 κοι-

140 3031 324 3083 νοποιῶν
362 3033 451 3085 τὸν
509 3032 623 3102 τῆς
655 3032 887 3093 κτίσεως
919 3032 1139 3101 Κύριον,
1188 3034 1355 3102 τιμᾷν
1388 3034 1450 3084 ὲν
1477 3031 1683 3094 τούτοις

140 3121 262 3174 αὐτὸν
281 3123 596 3194 διορίζεται.
628 3124 879 3195 τιμάσθω
910 3124 1003 3177 καὶ
1034 3119 1188 3186 οὗτος
1214 3124 1351 3195 πρὸς
1404 3124 1464 3176 τὸ
1493 3124 1683 3191 ἄλογον

1779 1941 1933 1995 Pauli
1962 1941 2249 2010 objiciunt,
2274 1940 2339 1993 ad
2369 1940 2500 1992 nihil
2524 1939 2671 1993 aliud
2700 1938 2906 2002 idonei,
2940 1940 3081 1992 sicut
3109 1940 3174 1992 de
3195 1938 3360 1992 Athe-

1780 2032 2065 2085 niensibus
2097 2031 2321 2084 historia
2357 2029 2547 2091 refert,
2586 2045 2749 2099 quam
2789 2036 2848 2082 ut
2882 2029 3006 2082 novi
3030 2027 3235 2097 aliquid
3266 2027 3357 2080 vel

1780 2125 2027 2177 dicerent
2073 2123 2155 2177 vel
2190 2122 2461 2176 audirent.
2504 2121 2645 2187 Quid
2686 2121 2775 2175 his
2816 2136 3014 2175 novum
3063 2120 3234 2188 magis
3271 2120 3357 2173 in-

1781 2216 1954 2271 veniri
2000 2225 2207 2285 posset,
2244 2230 2407 2284 quam
2466 2212 2635 2268 Filius
2692 2214 3054 2284 operationis,
3091 2222 3144 2268 et
3197 2213 3358 2267 Pater

1782 2317 2067 2369 creaturae,
2109 2316 2161 2359 et
2190 2306 2333 2361 Deus
2360 2322 2554 2361 recens
2585 2322 2651 2359 ΘΧ
2686 2322 2792 2358 non
2823 2313 2951 2360 cnte
2976 2320 3263 2366 εηθεορηε,
3304 2312 3360 2358 ει

1782 2400 1985 2455 bonum
2015 2414 2044 2453 a
2082 2399 2225 2453 bono
2246 2398 2587 2465 disjunctum
2618 2397 2699 2452 vel
2724 2395 3201 2466 discrepans?lpsi
3231 2403 3360 2450 sunt

1782 2492 1875 2560 qui
1914 2491 2042 2559 quia
2084 2490 2276 2544 dicunt
2324 2491 2499 2560 ipsum
2537 2504 2644 2543 non
2693 2504 2815 2543 esse
2863 2488 2915 2541 id
2951 2487 3095 2557 quod
3127 2497 3209 2541 est
3239 2486 3360 2556 ejus

1783 2582 1874 2652 qui
1908 2582 2095 2651 genuit
2126 2590 2342 2647 natura,
2374 2582 2552 2636 colere
2591 2596 2650 2636 se
2691 2580 2955 2635 simulant
2982 2580 3360 2634 convenienti-

1783 2671 1889 2726 bus
1914 2671 2236 2725 honoribus.
2263 2668 2518 2739 Nunquid
2543 2670 2669 2725 talis
2697 2670 2921 2725 honoris
2944 2670 3180 2739 speciem
3209 2684 3361 2723 vere-

1783 2770 1875 2816 tur
1904 2761 2226 2824 Eunomius,
2263 2762 2311 2816 si
2342 2776 2453 2815 non
2484 2776 2610 2815 cum
2642 2761 2804 2816 Patre
2833 2760 2957 2830 quis
2990 2760 3137 2813 dicat
3182 2761 3359 2829 ipsum

1784 2864 1981 2911 natura
2038 2854 2441 2911 necessitudine
2490 2854 2776 2917 devinciri,
2833 2853 2927 2908 sed
2983 2868 3107 2907 cum
3169 2854 3354 2923 aliquo

1784 2964 1971 3003 eorum
2002 2964 2122 3017 qua:
2151 2956 2280 3002 sunt
2304 2946 2503 3002 diversi
2546 2946 2759 3017 generis
2793 2946 3232 2999 communionem
3268 2944 3361 2999 ha-

1784 3039 1953 3095 bere?
1993 3038 2049 3093 Si
2082 3041 2225 3094 enim
2260 3039 2350 3108 qui
2384 3053 2506 3092 cum
2538 3049 2790 3092 creatura
2839 3051 3184 3090 communem
3234 3035 3362 3090 facit

1788 3131 2075 3186 Dominum
2107 3142 2393 3197 creaturae,
2436 3130 2616 3183 colere
2656 3130 2710 3182 in
2742 3128 2828 3182 his
2871 3129 3047 3197 ipsum
3080 3126 3358 3192 delinitur,

141 3209 483 3286 ἢὰναίσθητον
542 3217 688 3271 κατὰ
723 3217 821 3287 τὴν
868 3216 1029 3285 φύσιν
1075 3215 1561 3287 κοινοποιούμενος.
1617 3218 1679 3270 Εἰ

1796 3222 1873 3275 hic
1900 3222 2064 3276 etiam
2095 3237 2217 3276 eum
2252 3221 2458 3274 honore
2489 3218 2706 3281 alliciat,
2736 3218 2826 3287 qui
2859 3234 2982 3272 cum
3010 3218 3170 3272 bruto
3197 3219 3358 3271 ratio-

140 3302 182 3356 δὲ
213 3307 362 3376 τούτῳ
402 3310 646 3380 χαλεπὸν
687 3312 779 3362 καὶ
824 3310 1150 3380 ὲφύὸριστον
1185 3312 1217 3382 ἡ
1248 3310 1382 3381 πρὸς
1408 3309 1467 3361 τὸ
1498 3309 1680 3379 χεῖρόν

143 3395 226 3448 ἔστι
246 3400 498 3461 κοινωνία,
536 3401 662 3463 πῶς
690 3401 768 3471 τῷ
804 3400 1179 3455 δεσποτεύοντι
1208 3405 1264 3455 ὲν
1290 3404 1353 3473 τῇ
1394 3402 1681 3474 δυναστείᾳ

142 3488 265 3542 αὑτοῦ
290 3492 375 3544 τοῦ
424 3494 665 3559 αἰῶνος,
703 3492 883 3556 καθώς
918 3510 1082 3563 φησιν
1125 3495 1153 3545 ὁ
1184 3493 1513 3563 Προφήτης,
1546 3494 1678 3565 τιμὴ

144 3577 247 3640 ἔστι,
271 3582 325 3633 τὸ
357 3586 420 3654 τῇ
451 3584 758 3655 ὑποχειρίῳ
786 3583 880 3637 καὶ
921 3583 1243 3656 δουλευούσῃ
1276 3584 1435 3652 φύσει
1474 3603 1681 3655 συγκα-

142 3673 482 3743 τατάττεσθαι;
522 3676 694 3730 Ἀλλὰ
724 3676 894 3731 ταῦτα
926 3677 1027 3748 μὲν
1059 3680 1138 3742 είς
1162 3678 1431 3733 τοσοῦτον.

200 3872 358 3930 "Act.
390 3894 520 3943 xvn,
560 3877 645 3931 l7.
678 3892 799 3946 sqq.

1785 3314 1873 3368 nis
1901 3320 2143 3381 experte,
2173 3312 2258 3366 vel
2288 3326 2411 3365 cum
2455 3326 2620 3364 sensu
2653 3317 2875 3363 carente
2929 3308 3229 3362 secundum
3267 3324 3363 3361 na-

1783 3412 1960 3456 turam
1985 3400 2113 3456 facit
2141 3415 2507 3455 communem.
2532 3398 2686 3464 Quod
2718 3399 2763 3453 si
2793 3398 2919 3452 huic
2944 3399 3142 3454 acerba
3164 3406 3217 3453 et
3238 3413 3366 3452 con-

1787 3495 2073 3549 tumeliosa
2112 3493 2327 3547 videtur
2355 3506 2479 3545 cum
2513 3491 2783 3545 deteriore
2819 3490 3176 3556 communio;
3225 3505 3363 3559 quo-

1785 3583 1948 3637 modo
1984 3583 2287 3637 dominanti
2334 3581 2387 3635 in
2437 3589 2717 3651 potentatu
2753 3580 2927 3649 ipsius
2968 3580 3174 3641 saaculi.
3218 3580 3362 3635 sicut

1789 3676 1864 3727 ait
1896 3672 2187 3743 Propheta,
2233 3673 2409 3726 honor
2450 3678 2534 3723 est
2585 3670 2639 3723 in
2691 3669 2922 3723 subditae
2976 3677 3031 3724 et
3070 3669 3361 3724 servientis

1788 3774 1998 3820 naturae
2023 3766 2265 3818 ordinem
2296 3760 2507 3831 redigi?
2538 3762 2644 3815 Sed
2676 3761 2789 3814 hzee
2825 3760 3042 3830 quidem
3072 3761 3357 3815 hactenus.

944 4231 1246 4317 ΚΑΤΑ
1306 4226 1898 4315 ΕΥΝΟΜΙΟΥ
1973 4225 2340 4311 ΛΟΓΟΣ
2413 4224 2547 4312 Εἰι

1684 4432 1845 4463 ’⁵-1

595 4580 1076 4674 CONTRA
1119 4577 1785 4671 EUNOMIUM
1844 4576 2202 4665 LIBER
2250 4577 2838 4683 QUINTUS.

270 4931 635 4986 ΚΕΦΑΔΑῙΑ
677 4932 819 4985 ΤΟΥ
854 4933 1214 4986 ΠΕΜΠΤΟΥ
1246 4933 1520 4990 ΛΟΓΟΥ»

151 5045 200 5091 α’.
236 5044 289 5094 ‘0
309 5042 372 5095 δὲ
420 5045 688 5114 πέμπτος
724 5047 905 5114 λόγος
952 5046 1023 5099 τὰ
1054 5048 1214 5115 παρὰ
1258 5045 1368 5112 τῆς
1396 5045 1502 5098 τοῦ
1531 5046 1677 5100 ἀπο-

201 5114 395 5185 στόνζσυ
440 5119 669 5183 Πέτρου
709 5115 917 5185 φωνῆς
953 5114 1217 5183 ρηθέντα
1246 5116 1678 5185 ἐπαγγέλλεται

202 5183 812 5260 εὶξεῖγηάναόἁᾴλέτμι
842 5186 928 5240 δέ.
948 5189 1055 5260 Καὶ
1080 5183 1379 5260 πρότερον
1544 5189 1677 5260 περὶ

204 5255 292 5315 τῆς
314 5257 552 5325 κτίσεως
589 5255 943 5323 διαλέγεται,
995 5259 1081 5310 ὅτι
1101 5257 1295 5325 μηδὲν
1323 5258 1512 5324 αὐτῆς
1548 5259 1681 5311 ἐστι

204 5323 519 5392 σεϐάσμιον,
541 5327 678 5381 ἀλλ’
707 5329 1043 5391 ἀπαιδεύτῳ
1064 5323 1161 5379 καὶ
1184 5327 1430 5382 ἀσθενεῖ
1449 5327 1683 5395 (Statra/gl

206 5395 577 5467 ξλανηθέντες
592 5402 644 5452 ol
666 5399 982 5467 ἂνθρωποι,
1012 5398 1108 5451 καὶ
1135 5398 1202 5450 τὸ
1240 5398 1468 5463 κάλλος
1491 5397 1682 5464 αὐτῆς

207 5461 612 5548 ςπυμᾶΕι-αντξξ,
661 5470 734 5548 τὰ
766 5461 1075 5548 λιέρηητοιξ
1105 5470 1337 5548 κόσμου
1373 5461 1683 5548 ἐθξοτξρίήιο

207 5544 323 5607 εἶφ’.
368 5536 463 5589 Ἐν
506 5538 550 5603 ᾧ
597 5540 694 5593 καί
736 5536 851 5606 ripr
898 5541 1136 5594 Ἡσαΐου
1169 5536 1360 5607 ῥῆσιν
1402 5539 1489 5604 τὸ,
1538 5538 1678 5607 Ἐγὼ

207 5598 316 5678 Θξρς
343 5598 565 5678 πρῶτος,
596 5598 915 5678 παγκάλως
943 5598 1403 5677 διηρμιὶᾶεὺσεν.

157 5660 481 5750 θαμέσι-ἑὴν
500 5660 1223 5749 ἡὲτρὂὶἶὲὶέὲὲιὰὶῖἧάὶᾷρξ
1244 5660 1559 5750 erumpunt
1584 5681 1679 5733 καὶ

210 5739 463 5820 Χριστονῖὁ
490 5739 624 5812 Θεδξ
672 5752 831 5804 αὑτὸν
860 5739 1153 5820 ’ἐποίῆσειι
1196 5739 1297 5803 Ἕν
1325 5744 1372 5816 ᾧ
1417 5739 1515 5804 κάὶ
1567 5752 1679 5819 τὴν

206 5814 339 5879 παρὰ
363 5818 649 5890 Εὐνομίου
681 5814 1052 5892 ἀντίρῤησηέ,
1081 5821 1162 5893 ἢν
1189 5814 1349 5876 κατὰ
1373 5820 1477 5876 τοῦ
1502 5814 1674 5893 ἁγίου

1858 4927 2123 4984 CAPITA
2160 4928 2300 4984 SEU
2331 4928 2719 4984 SUMMARIA
2754 4929 2961 4985 LIBRI
2988 4930 3283 4997 QUINTI.

1789 5046 1839 5099 1.
1867 5044 2094 5111 Quintus
2126 5045 2257 5098 liber
2278 5046 2702 5110 explanationem
2724 5047 2854 5099 dicti
2889 5047 3161 5114 cujusdam
3187 5049 3360 5102 sancti

1854 5116 2001 5169 Petri
2055 5117 2278 5180 apostoli
2323 5119 2604 5184 promittit,
2652 5118 2741 5170 sed
2772 5118 2969 5185 di/fert.
3011 5118 3088 5170 Ac
3124 5120 3356 5186 primum

1852 5188 2060 5256 quidem
2100 5188 2162 5240 de
2191 5198 2437 5240 creatura
2469 5188 2711 5249 disserit;
2757 5190 2960 5240 nullam
2997 5189 3195 5242 scilicet
3233 5190 3356 5241 ξηα-

1855 5274 1996 5330 rum
2025 5258 2372 5311 venerandam
2423 5276 2536 5311 esse
2578 5260 2786 5330 (nempe
2834 5259 3017 5330 instar,
3053 5258 3212 5328 Dei);
3266 5259 3357 5311 sed

1858 5327 2091 5382 homines
2120 5330 2314 5396 partim
2349 5327 2594 5389 inscitia,
2639 5329 2836 5397 partim
2864 5329 3049 5381 mentis
3080 5327 3359 5383 imbecilli-

1861 5408 1967 5450 tate
2005 5399 2058 5451 in
2091 5416 2320 5452 errorem
2354 5400 2625 5457 abductos,
2662 5410 2837 5465 partes
2871 5399 3052 5452 mundi
3075 5400 3136 5452 ob
3173 5417 3357 5453 earum

1856 5469 2303 5536 pulchritudinem
2362 5471 2414 5522 in
2477 5469 2693 5522 deorum
2755 5486 3031 5522 numerum
3090 5473 3354 5524 retulisse.

1862 5538 1961 5592 Ubi
1994 5540 2153 5592 etiam
2191 5540 2388 5592 dictitat
2417 5539 2551 5592 illud
2583 5538 2779 5592 lsaiw:
2835 5538 2946 5608 Ego
2978 5540 3118 5595 Deus
3146 5543 3357 5611 primus

1857 5626 1998 5668 sum,
2028 5610 2312 5662 admodum
2348 5611 2475 5661 scite
2500 5611 2893 5675 interpretatur.

1785 5681 1837 5734 9..
1873 5679 2016 5732 Illud
2050 5680 2112 5733 ί).
2135 5680 2279 5733 I’ctri
2311 5680 2508 5733 dictum
2533 5676 2965 5751 e.rplirat,_quod
3003 5682 3151 5751 l)eusi
3175 5697 3355 5751 ipsum

1858 5751 2144 5802 Dominum
2173 5751 2518 5803 ettlhristuin
2550 5750 2756 5803 fecerit.
2791 5749 2890 5803 Ubi
2924 5754 3083 5805 etiam
3108 5749 3360 5805 Eanomii

1855 5821 2315 5891 oppugnationem,
2368 5837 2470 5890 qua
2519 5821 2581 5875 ob
2623 5820 2822 5875 dictum
2862 5822 2957 5877 hoc
2999 5822 3057 5879 S.
3097 5822 3359 5877 Basiliam
