3922 6510
578 369 684 425 δτι)

655 502 929 558 aggressus
958 495 1057 558 est,
1085 486 1315 541 convitia
1351 486 1560 554 insuper
1602 495 1652 541 et
1697 486 1927 539 triuiales
1964 497 2149 540 contu-

658 556 842 611 melias
876 558 939 610 ab
972 556 1230 610 Eunomia
1255 568 1519 610 eructatas
1543 566 1932 610 commemorat.

584 625 640 686 '5.
666 626 865 691 Quibus
898 628 1005 695 ipse
1033 627 1267 680 mirabili
1306 627 1537 694 quadam
1566 636 1617 681 et
1650 643 1782 679 nova
1820 627 2147 679 demonstra-

558 716 566 721 ε
660 698 798 750 tione
825 698 1032 751 virtutis
1084 714 1146 750 ac
1188 698 1430 766 potentia:
1473 697 1715 766 cruciﬁxi
1768 697 2017 757 occurrit,
2052 696 2149 749 ad-

560 803 564 806 ~
655 768 808 831 dens,
851 768 1221 835 subjectionem
1251 767 1400 820 illam
1431 768 1593 836 fuisse
1631 776 1834 819 natura
1882 766 2146 836 humante,

564 894 569 899 ,
660 856 761 892 non
784 838 918 906 ejus,
944 834 1112 909 quam
1141 834 1448 909 Unigenitus
1483 856 1513 889 a
1544 837 1701 890 Patre
1723 846 2013 909 acceperat.
2050 834 2150 889 Ubi

655 911 815 962 etiam
855 907 1059 977 signum
1107 910 1298 970 crucis,
1330 917 1376 960 et
1406 907 1604 961 Christi
1630 907 2050 977 appellationem,
2090 915 2149 959 ut

656 989 706 1032 et
750 976 915 1032 dena,
941 994 1005 1032 ea:
1052 979 1241 1031 unione
1282 978 1473 1031 divinte
1503 992 1708 1030 natura:
1751 994 1868 1030 cum
1917 976 2150 1031 humana

564 1078 567 1079 ν
656 1049 803 1103 nobis
837 1064 1101 1114 concessa,
1124 1049 1386 1119 explicata
1422 1050 1671 1115 reperias.

632 1226 639 1233 .
671 1179 888 1234 Falsam
905 1197 1015 1234 esse
1041 1180 1264 1234 ostendit
1284 1182 1601 1235 calumniam
1630 1178 1877 1233 Eunomii
1904 1179 2146 1239 dicentis.

660 1268 901 1321 magnum
933 1250 1194 1303 Basiliam
1237 1255 1553 1321 asseruisse,
1605 1251 1863 1303 hominem
1901 1251 1953 1302 in
1983 1252 2149 1302 homi-

658 1339 772 1375 nem
822 1323 1148 1393 exinanitum
1181 1338 1309 1381 esse,
1355 1334 1403 1375 et
1437 1320 2149 1393 UnigenitiAexinanitionem

656 1393 953 1460 contigisse,
975 1392 1182 1460 quando
1203 1394 1253 1445 in
1267 1394 1511 1461 passione
1532 1388 1685 1445 homo
1703 1388 1946 1445 Cltristus
1961 1408 2149 1460 passus

657 1472 754 1525 est,
785 1461 1038 1516 declarat.
1344 1494 1345 1497 η

626 1573 639 1587 .
667 1531 858 1584 Postea
908 1546 1009 1583 non
1044 1531 1176 1585 duos
1210 1532 1468 1595 Christos,
1519 1548 1678 1600 neque
1710 1532 1840 1584 duos
1876 1530 2149 1596 Dominos,

657 1602 745 1655 sed
772 1618 933 1653 unum
957 1601 1245 1662 Christum.
1281 1613 1328 1656 et
1361 1619 1521 1654 unum
1544 1603 1822 1656 Dominum
1845 1619 1957 1655 esse
1978 1606 2146 1665 docet,

657 1684 978 1739 naturasque
1018 1673 1250 1725 divinam
1288 1681 1337 1725 et
1385 1672 1669 1725 humanam
1716 1674 2045 1733 coniunctas.
2101 1683 2151 1725 et

568 1808 571 1811 μ
658 1753 933 1812 utramque
976 1744 1246 1811 inconfuse
1291 1752 1338 1796 et
1396 1744 1758 1809 impermistim
1809 1744 2149 1811 proprietates

656 1830 781 1865 suas
816 1830 1163 1875 consetvasse,
1222 1821 1269 1866 et
1310 1824 1517 1881 propter
1565 1816 1805 1867 unionem
1852 1829 2148 1865 comntunes

655 1885 815 1935 etiam
861 1885 1183 1947 ope'rationes
1212 1884 1487 1950 appellari,
1528 1882 1788 1951 Deumque
1834 1884 1885 1936 in
1934 1899 1986 1935 se
2016 1884 2149 1935 servi

655 1955 815 2006 etiam
844 1954 1144 2022 a/fectiones
1174 1964 1222 2006 et
1251 1955 1517 2017 passiones
1548 1956 1833 2021 suscepisse
1855 1969 1873 2005 .'
1907 1962 1955 2005 et
1993 1962 2148 2005 natu-

656 2040 769 2075 ram
814 2024 1096 2076 humanam
1150 2026 1349 2090 pariter
1395 2040 1512 2075 cum
1559 2025 1739 2077 divina
1800 2023 2048 2075 honorari
2099 2032 2147 2076 et

656 2094 1067 2161 conglori/icari,
1120 2093 1255 2163 quod
1306 2094 1453 2145 unita
1498 2104 1690 2146 natura
1740 2092 1919 2146 divina
1966 2092 2149 2145 huma-

664 2181 784 2215 nam
818 2166 969 2231 quasi
1012 2165 1066 2215 in
1109 2178 1163 2217 se
1211 2165 1574 2227 transtulerit,
1617 2165 1820 2232 copiose
1868 2172 1915 2217 et
1951 2164 2154 2216 erudite

659 2235 905 2288 ostendit.

1821 368 1879 422 S.
1924 363 2251 421 GREGOBII
2288 362 2583 421 NYSSEM

3707 368 3794 427 630

2325 484 2647 537 Βωιλείου
2673 482 2773 537 διὰ
2802 482 2918 551 τὴν
2948 485 3227 552 τοιαύτην
3253 480 3449 550 ῥῆσιν
3482 481 3791 551 ἐποιήσατο,

2328 555 2431 618 τάς
2456 570 2519 607 τε
2537 553 2840 622 ⁸λοιδορίας
2864 555 2961 607 καί
2998 555 3193 621 ὕϐρεις
3223 552 3553 621 ὑφεψένας
3570 553 3792 615 ἐξέθετο.

2254 629 2324 693 γ’.
2366 623 2520 695 Πρός
2557 624 2630 695 (ξς
2661 622 3001 695 ἀπάντησις
3051 624 3366 695 θαυμαστῇ
3415 624 3647 695 τιςᾼκαί-
3675 624 3793 695 ξένη

2324 693 2419 746 καί
2441 692 2743 759 ἀπόδειξις
2772 692 2880 760 τῆς
2902 695 3007 748 τοῦ
3032 692 3484 761 σταιιρωθέντος
3502 692 3792 761 δυνάμεως,

2326 764 2426 815 καί
2462 764 2550 815 ὅτι
2588 763 2699 829 τῆς
2742 764 3117 831 ἀνθρωπίνης
3162 766 3428 830 φύσεως,
3469 764 3541 815 οὐ
3579 762 3679 829 τῆς
3710 767 3795 817 τοῦ

2322 832 2699 901 Μονογενοῦς
2730 835 2889 900 παρὰ
2913 834 3018 887 τοῦ
3041 833 3270 901 Πατρός
3292 832 3332 895 ἡ
3360 832 3583 898 ὒποψις
3603 832 3794 900 γέγονε.

2326 903 2431 957 Καὶ
2459 903 2737 972 ἑρμηνεία
2759 904 2862 956 τοῦ
2885 902 3208 971 σταυρικοῦ
3229 902 3566 969 σχήματος,
3598 905 3685 955 καί
3709 904 3797 971 τῆς

2325 972 2431 1026 τοῦ
2462 971 2717 1039 Χριστοῦ
2746 974 3168 1042 προσηγορίας,
3198 973 3299 1025 καί
3331 971 3405 1024 τὰ
3432 972 3500 1023 ἐκ
3543 972 3643 1037 τῆς
3678 974 3796 1025 ἀνα-

2327 1044 2650 1109 κραθείσης
2676 1044 2954 1110 θεότητος
2984 1042 3064 1107 τῷ
3090 1044 3446 1110 ἀνθρωπίνῳ
3478 1042 3798 1109 χαρισθέντα

2326 1112 2536 1168 ἀγαθά.

2255 1129 2654 1261 8.agg;’::thr
2678 1183 2976 1261 Ιξῠνομίου
3004 1183 3448 1261 συκοφαντίαν,
3490 1181 3572 1261 ὠς
3616 1182 3798 1261 ἅνθρω-

2328 1267 2445 1304 πον
2486 1254 2573 1317 είς
2601 1248 2921 1319 ἄνθρωπον
2957 1248 3323 1305 κεκενῶσθαι
3361 1249 3469 1303 τόν
3500 1248 3679 1318 μέγαν
3710 1248 3799 1304 Bu-

2328 1325 2560 1376 σίλειον
2592 1322 2868 1390 λέγοντα,
2898 1321 3095 1390 ψευδῆ
3126 1320 3548 1381 ἀποδείκνυσι,
3581 1320 3671 1372 καί
3705 1323 3797 1385 τὴν

2327 1391 2435 1445 τοῦ
2474 1393 2850 1461 Μονογενοῦς
2883 1393 3159 1456 κένωσιν,
3209 1391 3309 1446 ἐπὶ
3364 1390 3692 1457 ἀνακλήσει
3714 1393 3797 1445 τοῦ

2328 1464 2695 1526 πεπονθότος
2714 1462 3027 1529 ἀνθρώπου
3056 1474 3367 1530 γεγονεναι
3400 1461 3718 1530 ἀποφαίνει.

2258 1538 2317 1585 ε’.
2359 1533 2519 1585 Μετὰ
2563 1532 2736 1585 τοῦτο
2768 1535 2839 1586 οὐ
2890 1532 2998 1585 δύο
3040 1529 3359 1599 Χριστοὺς,
3402 1529 3543 1582 οὐδὲ
3571 1530 3671 1582 δύο
3704 1536 3796 1584 Κυ-

2320 1603 2515 1668 ρίους,
2542 1601 2681 1655 ἀλλ’
2708 1601 2816 1654 ἕνα
2844 1601 3119 1667 Χριστὸν,
3165 1600 3264 1653 καὶ
3294 1601 3406 1653 ἕνα
3454 1600 3660 1666 Κύριον
3677 1602 3795 1653 ἀπο-

2326 1672 2618 1733 δείκνυσι,
2654 1674 2750 1724 καί
2786 1671 2873 1724 ὅτι
2914 1671 2951 1736 ἡ
3001 1672 3129 1723 θεία
3155 1673 3347 1738 φύσις
3380 1668 3457 1736 τῇ
3497 1671 3793 1739 ἀνθρωπίνῃ

2320 1741 2605 1810 μιχθεῖσα
2658 1743 3040 1810 ἀσυγχύτους
3093 1742 3380 1808 ἑκατέρας
3408 1809 3412 1810 ί
3443 1742 3669 1808 φύσεως
3713 1742 3793 1805 τὰς

2330 1809 2626 1877 ἰδιότητας
2678 1809 3011 1879 διετήρησε,
3060 1812 3153 1863 καί
3205 1811 3304 1864 διὰ
3359 1809 3476 1875 τὴν
3510 1813 3795 1879 ,συμφυΐαν

2325 1882 2533 1946 κοινὰς
2575 1881 2672 1934 καὶ
2722 1878 3166 1949 τὰςίὲνεργείας
3213 1878 3698 1949 κατονομάζεσθαι
3733 1884 3793 1932 εῖ-

2317 1967 2491 2019 ρηκε,
2529 1952 2634 2005 τοῦ
2661 1970 2726 2004 τε
2752 1954 2922 2009 Θείου
2948 1948 3033 2015 εὶς
3060 1952 3280 2006 ἑαυτὸν
3305 1950 3403 2002 καὶ
3434 1949 3503 2001 τὰ
3545 1948 3687 2013 πάθη
3713 1950 3793 2001 τοῦ

2325 2021 2551 2074 δούλου
2597 2022 3142 2090 ἀναλαμϐάνοντος,
3171 2021 3271 2072 καί
3314 2020 3425 2090 τοῦ
3462 2020 3792 2090 ἀνθρωπίνου

2326 2090 2399 2158 τῇ
2421 2091 2754 2159 Δεσποτικῇ
2776 2082 2913 2159 τιμῇ
2938 2082 3482 2159 συνδοξαζομένου,
3510 2082 3601 2141 καὶ
3628 2082 3792 2159 tribu-

2327 2159 2498 2228 νάμει
2525 2162 2629 2229 τῆς
2658 2158 3099 2229 ἀνακραθεὶσης
3132 2158 3299 2225 θείας
3326 2161 3661 2229 φύσεωςείς
3684 2158 3792 2209 ἐαυ-

2329 2227 2444 2296 τὴν
2480 2227 2590 2297 τῆς
2622 2227 3001 2298 ἀνθρωπίνης
3030 2231 3528 2298 ἀναποιηθείσης,
3558 2227 3647 2280 διὰ
3683 2231 3791 2280 πολι

2328 2298 2455 2352 λῶν
2480 2303 2806 2370 πανσόφως
2831 2300 3083 2366 ἐξέθετο.

578 2634 583 2637 Α
652 2617 772 2672 Iam
799 2633 930 2673 vero
961 2632 1027 2673 ue
1062 2616 1207 2673 Petri
1235 2618 1465 2688 apostoli
1500 2620 1841 2684 voce',cura
1875 2621 2081 2693 majore
2107 2630 2159 2676 et

2336 2625 2471 2695 Περὶ
2514 2624 2570 2677 δὲ
2614 2626 2714 2695 τῆς
2746 2626 2953 2698 Πέτρου
2994 2625 3086 2679 τοῦ
3130 2626 3435 2680 ἀποστόλου
3490 2625 3658 2695 φωνῆς
3702 2642 3788 2676 tta:-

587 2712 932 2782 vigilantiore
960 2710 1229 2765 industria
1250 2718 1465 2781 tempus
1488 2712 1661 2780 poscit
1683 2718 1741 2765 ut
1762 2712 2159 2783 disquiramus,

586 2812 641 2857 et
670 2802 1045 2857 examinemus
1094 2816 1218 2871 qua:
1273 2801 1339 2855 ab
1384 2801 1501 2871 ipso
1554 2799 1819 2856 Eunomio
1872 2811 1926 2857 et
1973 2813 2163 2858 nostro

586 2904 746 2965 patre
772 2894 851 2967 (a)
891 2894 959 2949 de
1006 2895 1110 2949 hoc
1161 2904 1288 2947 sunt
1334 2893 1500 2947 dicta.
1532 2892 1687 2959 Quod
1728 2896 1774 2949 si
1808 2906 2063 2951 accurata
2111 2907 2165 2953 et

589 2988 825 3059 diligens
863 2988 1164 3057 speculatio
1198 2986 1546 3056 prolixiorem
1582 2988 1881 3043 orationem
1922 2990 1977 3044 in
2024 2992 2166 3044 mul-

589 3087 703 3133 tam
729 3079 1153 3148 disputationem
1186 3078 1464 3144 extendat,
1504 3079 1749 3149 ignoscet
1783 3084 1971 3150 procul
1996 3083 2165 3136 dubio

589 3171 859 3240 benignus
897 3178 952 3224 et
978 3169 1246 3224 candidus
1277 3170 1512 3233 auditor,
1543 3187 1651 3224 non
1700 3173 2025 3228 insimulans
2065 3191 2164 3231 nos

586 3259 786 3328 nugari
819 3267 871 3313 et
902 3258 1101 3312 inscite
1142 3259 1370 3327 garrire,
1423 3257 1519 3311 sed
1562 3260 1617 3312 in
1648 3272 1771 3312 eum
1815 3260 1908 3329 qui
1941 3275 2164 3314 causam

592 3350 825 3421 praebuit
848 3351 1064 3419 culpam
1094 3351 1467 3416 trauslerens,
1522 3351 1653 3405 mihi
1698 3352 1881 3406 brevia
1920 3353 2164 3422 quaedam

591 3442 749 3511 prius
771 3442 838 3495 de
866 3442 1269 3510 propositorum
1304 3441 1653 3510 inquisitione
1686 3458 2004 3513 percurrere
2035 3460 2167 3499 con-

595 3533 856 3597 cedatur,
921 3548 1098 3603 neque
1159 3531 1273 3587 haec
1330 3531 1614 3587 fortassea
1668 3536 1946 3604 proposito
2000 3552 2165 3605 scopo

2266 2718 2358 2788 ρὸς
2405 2718 2470 2769 ἂν
2522 2714 2607 2786 εἴη
2650 2716 3075 2787 φιλοπονώτερον
3120 2717 3428 2782 διεᾷτάσαι
3477 2717 3542 2769 τὰ
3575 2715 3788 2787 εἰρημένα

2264 2807 2410 2878 αὐτῷ
2446 2826 2504 2861 τε
2534 2809 2610 2878 τῷ
2650 2810 2929 2880 Εὐνομίῳ,
2961 2812 3054 2863 καὶ
3083 2809 3159 2880 τῷ
3197 2810 3457 2882 ἡμετέρῳ
3501 2809 3656 2879 πατρὶ
3697 2805 3787 2877 περὶ

2265 2902 2476 2954 τούτου.
2518 2901 2580 2952 Et
2619 2901 2674 2953 δὲ
2706 2903 2784 2964 είς
2808 2901 3009 2970 πλῆθος
3043 2903 3275 2956 ἐκτείνοι
3312 2902 3404 2954 τὸν
3441 2900 3586 2967 λόγον
3613 2900 3641 2967 ἡ
3670 2898 3787 2966 ἀκρι-

2267 2990 2368 3062 ϐὴς
2392 2991 2612 3061 Θεωρία,
2637 2992 3005 3060 συγγνώσεται
3029 2994 3245 3057 πάντως
3267 2996 3295 3046 ὁ
3320 2992 3609 3061 εὐγνώμων
3632 2991 3787 3059 ἀκροα-

2266 3082 2382 3153 τὴς,
2416 3084 2516 3152 οὐχ
2560 3085 2706 3153 ἡμᾶς
2737 3084 3039 3154 ἀδολεσχεῖν
3077 3085 3437 3156 αἰτιώμενος,
3465 3084 3575 3137 ἀλλ’
3604 3082 3684 3134 ἐπὶ
3719 3080 3787 3130 τὸν

2264 3172 2362 3243 τὴν
2401 3173 2654 3245 ἀφορμὴν
2681 3173 2947 3227 δεδωκότα
2979 3174 3075 3245 τὴν
3109 3175 3289 3228 αἰτίαν
3337 3171 3687 3243 ἐπαναφέρων,
3721 3166 3787 3221 καί

2270 3282 2360 3335 μοι
2410 3265 2847 3337 συγκεχωρήσθω
2891 3265 3095 3338 βραχέα
3139 3266 3263 3319 τινὰ
3314 3262 3682 3337 προδιεξελθεῐν
3712 3258 3786 3325 τῆς

2265 3355 2374 3409 τῶν
2407 3362 2781 3428 προκειμένων
2821 3358 3153 3422 ἐξετάσεως’
3195 3360 3319 3412 οὐδὲ
3361 3357 3527 3412 ταῦτα
3552 3354 3690 3424 τυχὸν
3716 3348 3785 3403 τοῦ

2270 3448 2472 3501 σκοποῦ
2529 3448 2637 3501 τῶν
2688 3449 3133 3519 σπουδαζομένων
3174 3451 3466 3521 ἀπᾴδοντα.
3516 3446 3662 3500 Οὐδὲν
3704 3440 3784 3493 τῶν

2266 3541 2354 3593 διὰ
2406 3541 2638 3603 κτίσεως
2692 3541 2988 3609 γεγονότων
3043 3541 3341 3610 σεϐάσμιον
3396 3536 3530 3593 εἶναι
3578 3538 3673 3595 τοῖς
3710 3533 3782 3584 ἀνα

592 3639 776 3679 rerum
799 3628 1065 3679 seriarum
1098 3625 1325 3680 absona.
1365 3623 1508 3679 Nihil
1535 3642 1721 3680 eorum
1752 3642 1872 3696 qum
1904 3642 1997 3697 per
2014 3643 2159 3683 crea-

2281 3631 2504 3703 5ρώποις
2538 3633 2565 3683 ό
2614 3631 2753 3694 θεῖος
2793 3631 3150 3701 ἐνομοθέτησε
3202 3632 3391 3699 λόγος·
3430 3630 3503 3692 ὡς
3553 3628 3613 3678 ἐκ
3646 3622 3783 3687 πάσης

592 3716 801 3768 tionem
846 3714 985 3768 facta
1026 3723 1176 3779 sunt,
1211 3714 1547 3769 adorandum
1574 3732 1695 3772 esse
1735 3719 1804 3772 ab
1830 3718 2165 3782 hominibus.

594 3821 777 3859 sermo
806 3807 1023 3861 divinus
1054 3806 1169 3877 lege
1207 3815 1397 3862 sancta
1425 3808 1623 3877 jussit:
1671 3818 1730 3863 ut
1765 3826 1831 3865 ex
1866 3812 2014 3864 omni
2057 3810 2168 3865 fere

598 3909 627 3944 ιι
646 3890 751 3947 Deo
769 3892 1030 3963 inspirata
1049 3892 1334 3964 Scriptura
1352 3896 1459 3949 tale
1477 3895 1603 3950 licet
1620 3896 1949 3966 perdiscere.
1966 3896 2165 3961 Moses,

596 3986 816 4051 tabula),
844 3988 950 4049 lex,
978 3987 1237 4059 deinceps
1268 3988 1566 4059 prophetae,
1602 3988 1917 4060 Evangelia,
1946 3997 2166 4060 aposto-

598 4079 774 4132 lorum
806 4080 1021 4134 decreta
1057 4080 1324 4141 omnium,
1357 4093 1423 4134 ex
1458 4095 1613 4150 aequo
1641 4089 1825 4135 vetant
1850 4082 1916 4135 ad
1953 4090 2167 4137 creatu—

597 4184 718 4223 ram
760 4170 982 4224 intueri.
1015 4171 1093 4224 Ac
1131 4170 1349 4239 quidem
1392 4170 1610 4241 longum
1644 4182 1789 4227 esset
1832 4173 2046 4242 singula
2077 4189 2169 4229 or-

596 4258 728 4313 dine
761 4276 879 4328 qua:
920 4260 1025 4313 huc
1055 4260 1326 4329 pertinent
1360 4275 1653 4331 apponere,
1706 4263 1805 4318 sed
1854 4266 1957 4318 etsi
1997 4280 2167 4333 pauca

598 4364 665 4402 ex
716 4350 901 4403 multis
958 4365 1023 4404 ex
1079 4350 1341 4404 divinitus
1400 4352 1667 4421 inspirato
1721 4353 2032 4408 testimonio
2074 4354 2169 4409 de-

600 4447 848 4507 prompta
876 4440 925 4492 in
946 4440 1182 4493 medium
1206 4442 1566 4510 proferamus,
1590 4430 1945 4500 nihilominus
1984 4455 2165 4502 tamen

600 4544 784 4584 sermo
836 4530 937 4585 ﬁde
990 4532 1211 4601 dignum
1270 4535 1643 4590 testimonium
1696 4537 1750 4590 in
1803 4554 1861 4592 se
1901 4542 2166 4606 continet,

602 4620 731 4687 quia
778 4619 1082 4673 divinorum
1121 4624 1545 4693 unumquodque
1593 4624 1657 4678 ad
1692 4628 1941 4683 veritatis
1990 4632 2169 4685 mani-

603 4709 965 4769 festationem,
1018 4712 1125 4764 vim
1163 4713 1427 4780 aequalem
1477 4715 1705 4780 obtinet,
1746 4718 1846 4771 etsi
1883 4719 2169 4774 minimum

604 4802 786 4855 fuerit.
821 4800 953 4854 Nam
984 4817 1105 4855 cum
1136 4802 1386 4858 bifariam
1427 4804 1494 4860 de
1530 4807 1613 4862 bis
1654 4823 1774 4877 quae
1816 4817 1964 4874 sunt,
1998 4811 2171 4866 divisa

604 4892 900 4963 sitopinio:
927 4892 981 4946 in
995 4902 1321 4959 creaturam,
1345 4897 1462 4951 etin
1478 4908 1726 4951 naturam
1746 4900 2044 4955 increatam
2062 4904 2166 4972 ib):

602 4986 679 5051 si,
720 4984 865 5055 quod
898 5001 1045 5040 nunc
1077 4988 1147 5042 ab
1185 4987 1513 5045 adversariis
1544 4991 1925 5056 contenditur,
1962 5010 2171 5063 praeva-

604 5078 808 5132 luerit:
846 5080 919 5132 ita
954 5087 1013 5132 ut
1047 5080 1233 5135 dicant
1269 5080 1358 5136 Dei
1398 5081 1590 5137 Filium
1617 5092 1858 5139 creatum
1896 5102 2039 5149 esse,
2073 5104 2172 5143 ne-

602 5185 759 5224 cesse
812 5178 897 5224 est
949 5172 1194 5235 omnino,
1259 5174 1343 5226 vel
1407 5177 1776 5246 evangelicum
1841 5180 2171 5247 praeconium

2199 3950 2243 4006 Β

2273 3724 2467 3794 μικροῦ
2497 3722 2604 3776 δεῖν
2634 3722 2748 3776 ἔστι
2790 3723 2890 3792 τῆς
2924 3722 3280 3776 Θεοπνεύστου
3313 3724 3351 3775 Γ
3358 3720 3529 3793 ραφῆς
3550 3718 3603 3769 τὸ
3622 3710 3783 3766 τοιοῦτο

2274 3814 2481 3885 μαθεῖν.
2535 3815 2592 3868 ’0
2619 3817 2875 3883 Μωῦσῆς,
2898 3816 2955 3868 αί
2988 3815 3212 3878 πλάκες,
3254 3816 3284 3867 ό
3306 3815 3483 3882 νόμος,
3524 3810 3568 3862 oi
3599 3803 3781 3869 καθεξῆῖ

2274 3908 2568 3978 προφῆται,
2600 3907 2666 3959 τὰ
2693 3908 3019 3974 Εὑαγγέλια,
3045 3908 3150 3959 τῶν
3174 3905 3481 3959 ἀποστόλων
3502 3902 3562 3953 τὰ
3588 3898 3781 3964 δόγματα

2273 3998 2511 4061 πάντων,
2565 3999 2760 4067 ἐπίσης
2811 3998 3209 4069 ἀπαγορεύουσι
3244 3998 3307 4051 τὸ
3357 3995 3487 4065 πρὸς
3526 3992 3613 4059 τὴν
3648 3984 3781 4069 κτίσιν

2276 4086 2513 4157 βλέπειν.
2544 4087 2649 4139 Καὶ
2686 4086 2891 4156 μακρὸν
2923 4068 3099 4154 ἂνεῖη
3138 4084 3203 4137 τὰ
3241 4085 3362 4137 καθ’
3393 4084 3602 4135 ἕκαστον
3628 4068 3779 4141 ἐφεξῆς

2275 4178 2667 4251 παρατίθεσθαι
2714 4179 2859 4249 παρὰ
2904 4178 3013 4230 τῶν
3056 4181 3134 4240 εἰς
3164 4176 3322 4229 τοῦτο
3371 4173 3646 4245 φερόντων·
3676 4160 3776 4251 ἀλλὰ

2274 4250 2377 4322 κᾶν
2421 4268 2576 4335 ὀλίγα
2621 4269 2719 4337 τῆς
2765 4268 3117 4320 θεοπνεύστου
3174 4265 3473 4336 μαρτυρίας
3525 4262 3581 4311 ἐκ
3614 4250 3776 4308 πολλῶν

2275 4359 2645 4431 παραθώμεθα
2665 4400 2678 4421 ,
2715 4359 2907 4427 ἐπίσης
2945 4360 3160 4420 πάντως
3192 4360 3220 4410 ὁ
3255 4357 3408 4424 λόγος
3440 4354 3496 4405 τὸ
3529 4348 3776 4413 ἀξιόπιστον

2276 4451 2407 4520 ἔχει’
2439 4451 2571 4503 διότι
2598 4451 2705 4502 τῶν
2734 4450 2891 4502 θείων
2910 4451 3133 4503 ἕκαστον
3154 4452 3233 4513 εἰς
3259 4448 3548 4519 φανέρωσιν
3573 4432 3774 4505 ἀληθείας

2274 4544 2335 4596 τὸ
2362 4539 2481 4596 ῐσον
2508 4543 2619 4613 ἔχει
2639 4582 2653 4605 ,
2687 4542 2791 4596 κᾶν
2823 4542 3097 4612 ἐλάχιστον
3212 4542 3345 4611 Διχῆ
3377 4539 3479 4609 γὰρ
3506 4527 3773 4615 διῃρημένης

2279 4635 2375 4705 τῆς
2393 4637 2519 4706 περὶ
2547 4634 2651 4687 τῶν
2679 4636 2849 4687 ὄντων
2877 4614 3213 4704 ὑπολήψεως,
3235 4636 3315 4697 είς
3338 4649 3395 4685 τε
3425 4631 3513 4699 τὴν
3538 4624 3682 4678 κτίσιν
3703 4614 3770 4706 καὶ

2278 4728 2355 4789 εἰς
2502 4726 2753 4779 ἄκτιστον
2787 4726 2966 4795 φύσιν,
2995 4726 3089 4777 ἐὰν
3112 4726 3450 4796 ἐπικρατήσῃ
3476 4718 3530 4771 τὸ
3554 4712 3675 4782 παρὰ
3691 4705 3771 4796 τῶν

2278 4818 2532 4871 ἐναντίων
2597 4818 2690 4870 νῦν
2736 4817 3203 4887 σπουδαζόμενον·
3247 4817 3384 4869 ὥστε
3442 4805 3628 4864 κτιστὸν
3667 4795 3767 4851 εἶναι

2278 4912 2368 4963 τὸν
2396 4911 2522 4963 Υίὸν
2542 4910 2634 4962 τοῦ
2658 4910 2791 4963 Θεοῦ
2816 4910 3009 4978 λέγειν,
3048 4911 3260 4979 ἀνάγκη
3290 4910 3455 4969 πᾶσα,
3480 4890 3767 4970 ἢάθετεῐσθαι

2278 5004 2338 5057 τὸ
2374 5003 2721 5071 εὐαγγελικὸν
2749 5005 3037 5074 κήρυγμα,
3071 5004 3167 5057 καὶ
3205 5005 3278 5074 μὴ
3312 4989 3679 5071 προσκυνεῖσθαι
3701 4980 3767 5031 τὸν

2280 5095 2336 5147 ἐν
2363 5094 2503 5164 ἀρχῇ
2537 5092 2664 5146 ὄντα
2697 5093 2868 5161 Λόγον
2903 5094 3052 5155 Θεὸν,
3086 5094 3175 5147 διὰ
3206 5094 3264 5147 τὸ
3298 5091 3368 5162 μὴ
3404 5089 3505 5142 δεῖν
3534 5078 3766 5164 προσάῖεῨν

2280 5161 2678 5256 τὴν-λατρείαν
2730 5186 2797 5253 τῇ
2847 5183 3051 5247 κτίσει,
3110 5185 3142 5253 ἢ
3196 5161 3349 5253 εἴπερ
3391 5170 3627 5236 δυσωποίη
3653 5161 3763 5256 τὰέν

606 5257 813 5325 sperni,
858 5275 957 5314 nec
1001 5260 1166 5316 Deum
1202 5259 1435 5317 Verbum
1480 5266 1627 5334 quod
1658 5267 1712 5321 in
1753 5269 2022 5338 principio
2055 5282 2159 5325 erat

2281 5246 2630 5349 Εόαγγελίοις
2660 5246 2933 5349 θαύματα,
2960 5280 3028 5333 δι’
3050 5246 3289 5350 ὧνπρὸς
3315 5246 3370 5330 ib
3396 5261 3671 5360 σεδάξεδθηαι
3698 5246 3765 5302 ἀἱ

608 5350 844 5411 adorari,
876 5352 1002 5420 quia
1043 5353 1113 5406 sit
1138 5352 1291 5409 nefas
1331 5356 1504 5412 latria:
1539 5359 1743 5414 cultum
1780 5370 2043 5417 creaturae
2078 5364 2172 5418 ad-

607 5437 817 5494 bibere:
842 5443 925 5497 vel
954 5444 999 5499 si
1019 5446 1233 5516 quidem
1253 5458 1363 5517 pra:
1379 5445 1585 5517 pudore
1603 5467 1712 5508 non
1728 5452 2171 5529 audcantnegare

684 5618 702 5650 ¹
734 5620 855 5676 Act.
884 5637 979 5676 vn.

677 5805 757 5882 (ιι)
796 5807 854 5860 D.
884 5805 1140 5863 Basiliam
1173 5807 1443 5879 intelligit.

2280 5373 2601 5443 προσκυνεῖν
2627 5370 2714 5422 τὸν
2740 5370 2796 5421 ἐν
2818 5369 3044 5431 ἐκείνοις
3068 5368 3382 5439 δηλούμενον
3407 5346 3759 5443 ἐναῖόμεθξζωξ

2279 5435 2358 5522 ei;
2379 5459 2667 5530 ὁμοτιμίαν
2686 5460 2839 5527 ἄγειν
2860 5457 2921 5511 τὸ
2939 5435 3154 5512 κτιστὺνν
3178 5435 3269 5512 καὶ
3295 5456 3351 5508 τὸ
3373 5452 3609 5507 ἄκτιστον.
3634 5435 3760 5495 Εῖαρ

2352 5818 2425 5891 (b)
2458 5817 2512 5875 ld
2540 5829 2647 5886 est,
2682 5822 2737 5877 in
2761 5822 3072 5878 Creatorem
3102 5830 3155 5877 et
3185 5838 3269 5879 res
3298 5824 3505 5875 creatas.
