3922 6510
189 232 274 282 bt't
1299 235 1575 290 CONTRA
1617 236 2007 303 EUNOMIUM,
2050 239 2180 296 LIB.
2222 240 2284 295 ν.

3319 251 3425 307 682

187 346 312 396 κατά
331 343 387 395 τὸ
409 343 590 414 δόγμα
614 345 713 399 τῶν
739 345 1071 402 ὑπεναντίων
1097 351 1189 403 καὶ
1213 351 1242 402 ὁ
1271 352 1486 415 κτιστὸς
1512 369 1740 424 προσκυ-

1849 370 1968 423 quae
2013 365 2139 407 sunt
2192 355 2245 406 in
2294 351 2603 422 Evangeliis
2655 355 2937 421 miracula,
2973 356 3172 426 quibus
3222 359 3288 414 ad
3337 378 3426 415 eo-

184 436 309 486 νιίτο
349 433 500 496 Θεὸς,
560 435 813 505 οὐδεμίαν
865 439 923 488 ἐν
974 441 1040 510 τῇ
1075 439 1230 508 φύσει
1284 442 1380 512 τὴν
1420 443 1748 512 προτίμησιν

183 526 306 595 ἒχων
351 524 450 594 τῆς
483 525 659 597 ἄλλης
695 528 961 590 κτίσεωςο
1008 532 1100 584 καὶ
1133 534 1179 585 εί
1220 532 1375 584 τοῦτο
1409 535 1748 603 κρατήσειεν,

182 620 252 679 είς
282 616 546 686 ἀναρχίαν
593 618 714 672 τινὰ
746 621 920 691 πάντη
956 623 1047 674 καὶ
1092 623 1499 694 δημοκρατικὴν
1535 625 1751 678 αὐτονο-

183 710 296 777 μίαν
344 709 412 759 τά
469 708 718 779 δόγματα
774 715 874 781 τῆς
932 714 1211 776 εὐσεϐείας
1281 716 1745 786 μετενεχθήσεται.

182 797 333 850 Ὅταν
361 799 471 868 γὰρ
519 799 601 870 μὴ
631 802 756 869 μίαν
787 798 924 855 εἶναι
957 803 1055 873 τὴν
1081 805 1560 875 προσκυνουμένην
1588 806 1748 874 φύσιν

180 888 528 940 πιστεύσωσιν
555 892 608 942 οἱ
629 890 921 962 ἄνθρωποι,
942 893 1056 946 ἀλλ’
1085 895 1162 956 εὶς
1179 894 1475 969 διαφόρους
1491 895 1747 965 θεότητας

177 983 278 1042 ταῖς
293 981 526 1044 ἐννοίαις
539 983 934 1053 ἀπενεχθῶσιν,
952 986 1051 1038 οὑκ
1068 985 1212 1038 ἔστιν
1229 987 1286 1048 ὃς
1302 987 1485 1055 στήσει
1501 987 1598 1057 τὴν
1621 1006 1685 1041 πε
1696 990 1747 1054 ρὶ

178 1072 225 1127 τὸ
252 1073 397 1125 Θεῖον
427 1074 706 1145 ὑπόληψιν
745 1077 1036 1146 προϊοῦσαν
1074 1078 1161 1131 διά
1188 1079 1286 1146 τῆς
1313 1079 1540 1140 κτίσεως
1559 1097 1573 1111 ·
1609 1080 1746 1133 ἀλλὰ

175 1163 225 1214 τὸ
246 1162 496 1232 νομισθὲν
518 1165 584 1216 ὲν
614 1167 678 1234 τῇ
705 1165 878 1217 κτίσει
903 1166 1068 1228 θεῖον,
1091 1167 1310 1238 ἀφορμὴ
1336 1169 1469 1237 πρὸς
1494 1169 1590 1238 τὴν
1620 1169 1743 1237 ἴσην

176 1254 420 1324 ὑπόληψιν
474 1256 559 1326 τῷ
614 1259 730 1327 μετ’
778 1260 955 1311 ἐκεῖνο
1019 1259 1373 1329 θεωρουμένῳ
1423 1263 1742 1331 γενήσεται·

175 1349 374 1398 κάκεῖνο
400 1347 482 1416 τῷ
512 1349 719 1418 ἐφεξῆς
739 1391 751 1412 ,
782 1351 874 1402 καὶ
915 1350 1001 1403 διά
1028 1352 1263 1414 πάντων,
1289 1353 1352 1405 ἐκ
1391 1353 1488 1424 τῆς
1518 1353 1743 1406 ἀκολου-

177 1437 278 1501 θίας
320 1437 528 1507 ταύτης
593 1441 625 1509 ἡ
679 1441 854 1511 πλάνη
892 1441 1319 1512 διενεχθήσεταιο
1373 1443 1472 1512 τῆς
1523 1445 1745 1515 πρώτης

175 1531 368 1601 ἀπάτης
411 1532 503 1585 διὰ
555 1532 665 1586 τῶν
710 1535 1130 1605 παρακειμένων
1158 1535 1318 1606 μέχρι
1346 1535 1453 1589 τῶν
1496 1537 1744 1606 ἐσχάτων

172 1621 474 1692 διεξιούσης.

1852 446 2070 498 lendutn
2100 452 2152 499 et
2175 444 2242 497 ad
2273 443 2609 497 adorandum
2641 461 2763 498 cum
2793 445 2886 516 qui
2916 447 2969 500 in
2993 447 3101 503 illis
3122 449 3420 521 revelatur,

1849 534 2191 600 inducimur;
2240 549 2462 588 necesse
2500 543 2602 598 est,
2647 535 2891 604 inquam,
2929 539 3042 607 pari
3072 539 3281 596 honore
3310 543 3424 597 alii-

1849 641 1972 682 cere
2001 627 2144 696 Quod
2179 635 2425 681 creatum
2455 634 2558 688 est,
2594 635 2648 680 et
2679 628 2821 696 quod
2853 629 3181 686 increatum.
3217 631 3275 687 Si
3297 635 3423 704 qui-

1849 717 1970 772 dem
2000 718 2298 773 secundum
2329 718 2768 773 adversariorum
2797 719 2991 790 dogma
3019 723 3179 776 etiam
3202 733 3423 783 creatus

1848 807 1993 864 Deus
2023 809 2368 872 adoraretur,
2421 810 2624 864 nullam
2665 811 2717 864 in
2762 819 2958 865 natura
3009 815 3419 886 praerogativam

1847 901 2074 957 haberet
2107 917 2217 971 pra;
2255 903 2360 955 alia
2390 911 2684 957 creatura:
2721 904 2866 972 quod
2903 904 2947 958 si
2982 904 3085 959 hoc
3120 908 3421 976 praevaluc-

1846 991 1939 1056 rit,
1976 991 2040 1045 ad
2089 991 2407 1045 anarchiam
2449 1000 2598 1045 certe
2639 1000 2693 1046 et
2739 993 3100 1050 multitudinis
3149 994 3423 1051 effrenatae

1847 1080 2138 1148 quamdam
2161 1095 2388 1149 prorsus
2417 1081 2713 1144 licentiam,
2741 1096 2788 1135 et
2823 1083 3134 1151 popularem
3167 1085 3424 1155 suislegi-

1849 1171 1952 1225 bus
1987 1186 2085 1241 pro
2131 1172 2357 1226 libidine
2393 1183 2633 1225 utentem
2671 1183 2870 1227 statum
2918 1176 3135 1245 pietatis
3170 1176 3422 1247 dogmata

1847 1263 2266 1317 transferentur.
2312 1262 2448 1317 Cum
2500 1264 2643 1317 enim
2682 1279 2788 1318 non
2823 1281 2986 1319 unam
3018 1283 3140 1322 esse
3171 1276 3421 1322 naturam

1847 1368 1968 1422 quae
1995 1354 2254 1409 adoretur
2288 1353 2622 1408 crediderint
2653 1355 2920 1419 homines,
2951 1357 3047 1412 sed
3082 1357 3150 1411 ad
3176 1358 3422 1413 diversas

1847 1443 2078 1498 Deitatis
2130 1453 2359 1499 naturas
2389 1445 2597 1499 notitiis
2627 1448 2811 1499 animo
2856 1445 3164 1502 iuformatis
3209 1447 3420 1518 abrepti

1848 1537 2068 1599 fuerint.
2121 1553 2230 1592 non
2281 1547 2364 1591 est
2393 1538 2502 1606 qui
2539 1537 2922 1606 procedentem
2960 1553 3056 1608 per
3109 1548 3421 1594 creaturam

1849 1633 2149 1690 divinitatis
2187 1633 2500 1702 Opinionem
2545 1631 2716 1700 possit
2765 1632 3000 1697 sistere;
3054 1631 3149 1686 sed
3185 1632 3328 1701 quod
3362 1631 3419 1688 in

172 1726 400 1773 creatura
419 1717 676 1773 divinum
713 1719 1086 1775 existimatum
1119 1721 1306 1784 fuerit,
1337 1721 1479 1779 utde
1502 1739 1568 1778 eo
1589 1724 1734 1795 quod
1773 1736 1897 1796 post
1938 1726 2073 1782 illud
2102 1727 2482 1781 consideratur
2505 1725 2695 1780 eadem
2723 1726 2908 1794 opinio
2971 1725 3168 1780 animis
3243 1725 3422 1781 homi-

173 1827 283 1868 num
303 1812 691 1883 ingeneretur,
717 1815 937 1870 occasio
966 1816 1091 1882 fiet;
1121 1825 1176 1872 et
1200 1817 1328 1872 illud
1351 1818 1400 1872 ei
1426 1819 1572 1888 quod
1597 1820 1874 1893 deinceps,
1909 1823 2098 1892 sicque
2130 1837 2224 1891 per
2253 1820 2432 1874 omnia
2473 1835 2541 1874 ex
2619 1822 2718 1873 hac
2794 1822 3183 1876 consecutione
3261 1835 3420 1878 error

173 1905 512 1964 diﬂundetur,
548 1907 730 1974 prima
753 1906 966 1961 fallacia
989 1925 1083 1978 per
1105 1911 1409 1980 prepinqua
1435 1913 1549 1967 sive
1574 1915 1822 1984 apposita
1847 1931 2021 1985 usque
2047 1915 2114 1968 ad
2145 1922 2388 1969 extrema
2416 1923 2792 1984 percurrente.

227 1998 326 2052 Καὶ
353 1999 439 2050 ὅτι
481 1999 594 2051 οὐκ
632 1999 734 2062 ἔξω
770 2018 824 2052 τι
855 2000 950 2052 τοῦ
993 2002 1198 2064 εἰκότος
1233 2007 1734 2078 παραστοχάζομαι,

1908 2008 2063 2074 Quod
2096 2018 2274 2062 autem
2311 2022 2340 2060 a
2395 2022 2526 2061 vero
2583 2006 2823 2060 alienum
2869 2005 3094 2059 minime
3144 2003 3413 2074 oonjicio,

171 2097 458 2161 ἀξιόπιστον
503 2094 608 2148 τοῦ
657 2097 816 2165 λόγου
868 2104 1288 2170 παραστήσομαι
1337 2103 1606 2174 μάρτυρα,
1641 2103 1739 2174 τὴν

174 2187 314 2258 μέχρι
332 2187 424 2239 τοῦ
453 2188 554 2241 νῦν
589 2188 991 2258 ἐπικρατοῦσαν
1024 2191 1080 2242 ὲν
1107 2193 1217 2253 τοῖς
1252 2191 1474 2262 Ἕλλησι
1508 2193 1737 2264 πλάνην.

182 2279 374 2349 Ἐπειδὴ
411 2279 526 2349 γὰρ
562 2279 879 2350 ἀπαιδεύτῳ
912 2282 1006 2334 καὶ
1055 2285 1345 2352 μικροφυεῖ
1369 2284 1575 2357 διανοίᾳ
1606 2287 1740 2356 πρὸς

170 2371 228 2424 τὰ
246 2373 335 2441 τῆς
377 2361 625 2436 κτίσεως
678 2373 848 2441 κάλλη
878 2372 1264 2440 θαυμαστικῶς
1305 2376 1618 2446 διετέθησαν
1638 2419 1652 2443 ,
1677 2379 1738 2431 οὑ

175 2463 470 2533 χειραγωγῷ
509 2481 582 2516 τε
629 2463 720 2516 καὶ
753 2462 932 2533 ὁδηγῷ
968 2463 1045 2534 τῷ
1079 2463 1314 2535 θαύματι
1352 2467 1459 2518 τῶν
1483 2467 1741 2538 φαινομέ-

174 2571 260 2606 νων
281 2555 411 2626 πρὸς
439 2555 543 2625 τὴν
586 2554 679 2608 τοῦ
705 2556 1100 2626 ὑπερκειμένου
1140 2556 1370 2617 κάλλους
1415 2559 1739 2627 κατανόησιν

177 2649 634 2720 συγ-χρησάμενοι*
662 2649 793 2702 ἀλλά
837 2650 994 2720 μέχρι
1033 2649 1141 2701 τῶν
1175 2650 1739 2722 καταλαμϐανομένων

175 2739 378 2809 ἔστησαν
407 2741 630 2794 ἑαυτῶν
681 2742 779 2812 τὴν
815 2742 1074 2805 διάνοιαν,
1105 2743 1199 2796 καὶ
1235 2744 1464 2797 ’ἑκαστον
1499 2745 1595 2814 τῆς
1626 2746 1740 2798 κτί-

178 2848 291 2894 σεως
316 2832 479 2903 μέρος
520 2833 840 2896 ἰδιαζόντως
867 2833 1203 2903 ἐθαύμασαν.
1233 2836 1332 2888 Διά
1366 2836 1523 2888 τοῦτο
1549 2837 1651 2888 οὑκ
1681 2837 1738 2888 ἐν

176 2921 240 2972 ἑνί
279 2939 376 2974 τινι
426 2923 590 2993 μόνῳ
627 2921 738 2975 τῶν
785 2925 1122 2994 φαινομένων
1173 2923 1270 2994 τὴν
1311 2926 1438 2996 περὶ
1494 2925 1556 2978 τὸ
1586 2925 1738 2978 Θείον

177 3012 413 3082 ὑπόληψιν
451 3015 699 3085 ἔστησαν
730 3030 745 3045 ⁶
778 3015 915 3067 ἀλλά
949 3017 1057 3070 πᾶν
1094 3015 1156 3068 τὸ
1194 3018 1251 3068 ἐν
1287 3019 1352 3086 τῇ
1403 3016 1572 3069 κτίσει
1620 3016 1739 3086 βλε-

179 3106 406 3174 πόμενον,
451 3106 608 3159 θεῖον
659 3107 934 3177 ἐνόμισαν.
973 3108 1084 3161 Καὶ
1131 3107 1274 3160 οὕτω
1322 3110 1435 3170 τοῖς
1495 3105 1594 3173 μὲν
1645 3105 1740 3160 Αι-

179 3197 393 3264 γυπτίοις
450 3199 590 3268 περὶ
645 3198 710 3252 τὰ
765 3201 927 3270 νοερά
983 3201 1164 3253 πλεῖον
1207 3199 1594 3271 ὲνεργηθείσης
1640 3202 1738 3270 τῆς

181 3290 376 3360 πλάνης,
399 3293 452 3344 αἱ
513 3291 715 3363 μυρίαι
749 3293 857 3346 τῶν
897 3293 1164 3362 δαιμόνων
1195 3295 1399 3364 μορφαὶ
1438 3295 1516 3356 εἰς
1547 3293 1738 3362 φύσεις

181 3386 295 3438 θεῶν
331 3387 747 3459 ἠριθμήθησαν.
789 3387 914 3448 Τοῖς
951 3385 1006 3438 δὲ
1039 3385 1399 3448 Βαϐυλωνίοις
1493 3385 1737 3454 ἀπλανὴς

181 3479 255 3530 τού
297 3482 453 3534 πόλου
522 3481 804 3552 περιφορά
855 3479 988 3542 Θεὸς
1046 3478 1334 3549 ἐνομίσθη,
1383 3479 1442 3532 ὃν
1480 3479 1574 3532 καὶ
1630 3477 1739 3549 Βὴλ

182 3569 458 3639 ὠνόμασαν.
489 3570 658 3625 Οὕτω
685 3570 741 3623 δὲ
764 3571 856 3623 καὶ
891 3571 1017 3632 τοὺς
1055 3568 1252 3640 ἐφεξῆς
1285 3568 1454 3628 ἑπτά,
1484 3570 1516 3638 ἡ
1553 3568 1738 3638 Ἐλλη-

184 3662 285 3731 νικὴ
309 3664 606 3733 ματαιότης
639 3662 946 3726 ἰδιαζόντως
971 3661 1354 3732 θεοποιήσασα,
1383 3661 1537 3715 ἄλλον
1560 3662 1738 3723 ἄλλοις

183 3754 299 3806 κατά
324 3773 441 3808 τινα
507 3755 618 3824 τῆς
655 3755 869 3825 ἀπάτης
928 3753 1193 3818 ἰδιάζοντα
1244 3753 1398 3821 λόγον
1425 3792 1439 3816 ,
1473 3753 1734 3820 ὑπέκυψε.

185 3845 366 3909 Πάντας
413 3847 526 3918 γάρ
567 3845 789 3909 τούτους
837 3847 894 3898 ἐν
937 3846 1186 3916 ἀλλήλοις
1238 3845 1739 3918 ἀναστρεφομένους

184 3938 286 3998 τοὺς
314 3937 550 4000 κύκλους
587 3938 1021 4007 κατανοήσαντες
1044 3977 1059 3999 ,
1094 3936 1280 4006 ἐπειδὴ
1322 3936 1449 4006 περὶ
1483 3936 1543 3988 τὸ
1574 3937 1740 4007 ἀκρό-

185 4043 315 4080 τατον
335 4030 737 4100 ἐπλανήθησαν,
760 4030 824 4082 δι’
843 4028 1133 4083 ἀκολούθου
1165 4029 1258 4081 καὶ
1277 4028 1437 4098 μέχρι
1464 4027 1558 4080 τοῦ
1582 4029 1744 4098 ἐσχά-

186 4134 259 4196 του
284 4121 372 4190 τὴν
397 4121 576 4192 αὐτὴν
604 4121 810 4192 πλάνην
845 4121 1284 4175 συνδιεσὼσαντο.
1324 4123 1431 4176 Καὶ
1457 4123 1591 4194 πρὸς
1611 4123 1738 4175 τού-

187 4225 278 4271 τοις
295 4211 446 4264 αὑτόν
471 4229 540 4264 τε
566 4212 657 4264 τὸν
682 4211 894 4281 αἰθέρα,
911 4214 1006 4263 καὶ
1033 4211 1123 4264 τὸν
1142 4211 1380 4281 ὑποκεχυ
1390 4212 1549 4283 μένον
1578 4200 1738 4284 ἀέρα,

187 4301 264 4368 τήν
296 4319 348 4354 τε
395 4305 501 4374 γῆν
541 4305 635 4356 καὶ
690 4302 787 4374 τὴν
831 4303 1106 4357 θάλασσαν
1159 4304 1250 4357 καὶ
1289 4304 1386 4374 τὴν
1422 4304 1739 4374 ὑποχθόνιον

188 4389 330 4461 λῆξιν,
351 4396 442 4448 καὶ
461 4396 637 4465 αὑτῆς
665 4395 719 4448 δὲ
738 4395 835 4466 τῆς
853 4397 955 4466 γῆς
981 4396 1082 4450 ὅσα
1105 4395 1336 4469 χρειώδη
1359 4396 1450 4450 καὶ
1471 4399 1738 4464 ἀναγκαῖα

190 4484 300 4552 πρὸς
319 4487 409 4558 τὴν
437 4486 790 4558 ἀνθρωπίνην
822 4490 939 4541 ἐστὶ¹
971 4487 1137 4560 ζωὴν,
1168 4489 1319 4542 οὐδὲν
1351 4491 1446 4542 ὅτι
1475 4491 1571 4560 τῆς
1589 4489 1738 4553 θείας

191 4574 466 4650 ἀπόκληρον
495 4577 637 4634 εἶναι
683 4581 896 4649 φύσεως
929 4580 1308 4651 ἐδογμάτισαν.
1356 4583 1492 4635 Ἀλλ’
1525 4584 1738 4654 ἑκάστῳ

1845 2099 1946 2155 fide
1969 2099 2193 2170 dignum
2225 2107 2413 2162 testem
2446 2098 2982 2169 producam,nempe
3011 2097 3076 2150 ad
3104 2096 3207 2150 hoc
3239 2112 3419 2166 usque

1842 2201 2056 2260 tempus
2084 2190 2226 2243 inter
2256 2188 2475 2244 Graecos
2517 2189 2898 2259 przevalentem
2931 2202 3199 2244 errorem.
3254 2187 3415 2244 Post-

1842 2298 2003 2352 quam
2035 2282 2178 2337 enim
2209 2282 2459 2337 homines
2491 2282 2740 2351 imperita
2786 2289 2839 2335 et
2872 2280 3064 2350 pusilla
3087 2281 3417 2349 cogitatione

1842 2389 1906 2428 ac
1937 2374 2208 2429 sententia
2250 2373 2318 2428 ad
2358 2381 2624 2428 creaturae
2674 2373 3118 2442 pulchritudines
3152 2372 3418 2427 mirabili-

1840 2474 1924 2521 ter
1944 2465 2126 2520 afl‘ecti
2161 2474 2311 2530 sunt,
2345 2480 2450 2518 non
2484 2481 2674 2521 eorum
2727 2481 2848 2535 quae
2893 2465 3264 2518 cernebantur
3317 2464 3419 2518 ad-

1842 2557 2132 2609 miratione
2163 2570 2261 2609 ceu
2303 2554 2698 2608 manuductore
2732 2563 2786 2609 et
2827 2556 3033 2624 Optimo
3063 2554 3202 2609 duce
3233 2554 3297 2607 ad
3321 2570 3419 2608 su-

1839 2648 2228 2717 pereminentis
2261 2647 2683 2717 pulchritudinis
2724 2647 3088 2718 cognitionem
3131 2655 3263 2701 sunt
3291 2648 3411 2714 usi,

1841 2740 1935 2795 sed
1960 2740 2029 2794 ad
2061 2755 2123 2795 ea
2156 2755 2328 2810 usque
2353 2755 2474 2809 qua:
2510 2747 2691 2794 mente
2731 2739 3120 2807 comprehendi
3152 2747 3409 2808 possunt,

1842 2848 1996 2887 suam
2039 2833 2454 2903 intelligentiam
2488 2833 2780 2896 stiterunt;
2819 2839 2870 2884 et
2899 2839 3164 2884 creatura:
3200 2838 3413 2900 partem

1841 2939 2284 2994 unamquamque
2335 2925 2690 2995 peculiariter
2742 2921 3000 2976 admirati
3061 2931 3209 2978 sunt.
3267 2922 3417 2989 Qua-

1839 3026 2062 3088 pr0pter
2093 3032 2197 3071 non
2240 3017 2295 3070 in
2337 3031 2449 3071 uno
2477 3016 2712 3086 quodam
2749 3014 2868 3069 solo
2894 3030 3081 3069 eorum
3116 3029 3238 3084 qua:
3276 3028 3415 3068 ocu-

1841 3109 1908 3165 lis
1967 3118 2273 3164 ccrnuntur
2316 3109 2622 3164 divinitatis
2677 3107 2990 3179 opinionem
3027 3109 3414 3175 stabilicrunt;

1840 3201 1934 3257 sed
1971 3203 2239 3273 quidquid
2287 3204 2339 3257 in
2373 3211 2627 3258 creatura
2661 3203 2932 3268 cernitur,
2970 3195 3175 3256 numen
3221 3200 3417 3256 existi-

1842 3304 2148 3350 maverunt.
2181 3294 2244 3347 Et
2283 3295 2365 3349 sic
2409 3293 2682 3365 Egyptiis
2740 3294 2960 3365 quidem
2998 3295 3143 3348 circa
3185 3301 3417 3348 naturas

1841 3389 2240 3442 intellectuales
2301 3389 2534 3458 amplius
2569 3388 2938 3442 invalesccnte
2991 3401 3201 3451 errore,
3252 3386 3418 3440 innu-

1843 3480 2128 3534 merabiles
2182 3479 2489 3535 daemonum
2551 3477 2741 3532 formae
2785 3479 2850 3533 ad
2892 3479 3120 3534 deorum
3187 3486 3417 3533 naturas

1841 3581 2219 3627 annumeratae
2243 3581 2392 3628 sunt.
2423 3571 2578 3641 Apud
2603 3569 2931 3642 Babylonios
2956 3586 3087 3626 vero
3108 3571 3259 3626 orbis
3285 3569 3412 3624 (ιωιὶ

1841 3663 2092 3719 inerrans
2143 3663 2284 3718 Deus
2339 3663 2687 3719 existimatus
2734 3673 2843 3725 est,
2896 3678 3057 3732 quem
3109 3662 3273 3716 etiam
3323 3660 3416 3715 Bel

1842 3755 2284 3808 nominaverunt.
2334 3752 2423 3808 Sic
2452 3753 2614 3808 etiam
2646 3753 2808 3806 orbes
2840 3748 3132 3806 inferiores
3175 3759 3411 3820 septem,

1841 3845 2151 3900 Graecorum
2187 3847 2399 3902 vanitas
2438 3846 2600 3900 modo
2630 3843 2896 3914 peculiari
2934 3858 3058 3896 cum
3091 3843 3224 3896 deos
3254 3842 3418 3898 fecis-

1843 3946 1949 4004 set,
1990 3938 2082 3992 alii
2122 3938 2288 3990 alimn
2333 3937 2632 3992 secundum
2677 3935 2885 3990 erroris
2918 3933 3207 4004 quamdam
3246 3934 3421 3987 ratio-

1841 4043 1964 4081 nem
2030 4029 2356 4097 peculiarem
2412 4025 2669 4095 subjecit.
2720 4023 2855 4076 Nam
2905 4040 3026 4077 cum
3071 4023 3169 4078 hos
3223 4038 3417 4079 omnes

1840 4122 2004 4173 orbes
2035 4120 2087 4172 in
2135 4119 2347 4188 seipsos
2375 4119 2516 4173 volvi
2568 4116 3109 4178 animadvertissent,
3159 4116 3415 4186 quando-

1841 4210 2059 4282 quidem
2083 4211 2238 4273 circa
2269 4225 2540 4265 summum
2568 4215 2910 4271 erraverunt,
2933 4222 3029 4277 per
3042 4220 3415 4280 consequens,

1847 4318 2019 4372 usque
2053 4304 2118 4356 ad
2150 4303 2402 4356 ultimum
2448 4311 2500 4356 et
2561 4301 2810 4354 citimmn
2870 4298 3128 4354 eumdem
3169 4313 3414 4353 errorem

1840 4398 2254 4444 conservaruut.
2290 4387 2558 4443 Prscterca
2584 4388 2763 4457 ipsum
2794 4387 3072 4452 atthe'rem,
3099 4395 3262 4456 atque
3285 4387 3418 4442 sub-

1843 4479 2023 4534 fusum
2053 4494 2254 4545 aerem,
2287 4489 2602 4548 terramque
2631 4489 2684 4534 et
2707 4494 2858 4534 mare
2893 4486 2948 4533 et
2991 4477 3411 4533 subterraneam

1845 4580 2047 4626 sortem
2082 4572 2195 4625 sive
2250 4572 2672 4636 extremitatem,
2724 4578 2779 4626 et
2828 4570 2997 4641 hujus
3047 4570 3222 4640 ipsius
3254 4579 3418 4625 terra:

191 4666 363 4722 τούτων
402 4672 687 4742 ὑπέκυψαν
710 4712 723 4735 ,
761 4672 827 4725 δι’
873 4672 990 4735 ἑνός
1029 4689 1171 4735 τινος
1209 4673 1316 4725 τῶν
1358 4674 1414 4726 ἐν
1446 4677 1512 4744 τῇ
1560 4674 1736 4726 κτίσει

1844 4679 2180 4733 quaecunque
2209 4662 2272 4716 ad
2304 4664 2469 4715 vitam
2490 4663 2783 4717 humanam
2813 4664 3072 4719 tuendam
3108 4671 3162 4718 et
3189 4671 3417 4719 susten-

194 4764 612 4834 προφαινομένων
654 4765 818 4817 πᾶσιν
867 4763 1091 4827 ἑαυτοὺς
1117 4766 1228 4827 τοῖς
1261 4763 1457 4836 ἐφεξῆς
1484 4766 1583 4836 τῆς
1621 4766 1737 4819 κτί-

195 4865 308 4914 σεως
350 4855 554 4927 μορίοις
603 4856 1123 4920 καταδουλώσαντες.
1169 4857 1256 4920 Ὠς
1306 4856 1419 4925 εἴγε
1463 4859 1736 4922 κάκείνοις

197 4941 415 5012 ἀθέμιτον
447 4947 510 5012 ἐξ
543 4942 714 5019 ἀρχῆς
745 4940 1018 5020 κατεφάνη
1045 4950 1104 5002 τὸ
1134 4949 1267 5019 πρὸς
1283 4951 1378 5019 τὴν
1411 4950 1587 5002 κτίσιν
1617 4950 1737 5020 βλέ-

198 5046 327 5099 πειν,
362 5039 454 5090 οὐκ
487 5039 552 5092 ἂν
583 5042 661 5102 εἰς
709 5039 808 5108 τὴν
839 5039 1124 5092 πολυθεῖαν
1161 5041 1365 5111 ταύτην
1394 5041 1608 5111 ἀπάτην
1634 5042 1736 5096 ἀπ-

197 5121 566 5198 επλανήθησαν.
610 5131 696 5192 Ὠς
744 5128 808 5182 ἀν
850 5124 940 5181 οὖν
994 5129 1067 5200 μὴ
1108 5130 1280 5183 ταύτὰ
1331 5129 1594 5200 πάθοιμεν
1642 5132 1738 5184 καὶ

200 5212 333 5280 ἡμεῖς
361 5220 406 5270 οἱ
449 5221 584 5291 πρὸς
629 5221 727 5292 τὴν
759 5220 1014 5292 ἀληθινὴν
1051 5221 1277 5292 θεότητα
1321 5220 1535 5291 βλέπειν
1588 5223 1738 5292 παρᾶ

201 5305 281 5372 τῆς
324 5310 536 5384 Γραφῆς
573 5313 963 5384 διδασκόμενοι,
997 5316 1107 5368 πᾶν
1139 5315 1198 5368 τὸ
1248 5296 1460 5367 κτιστδν
1501 5314 1606 5379 ἔξω
1641 5316 1738 5386 τῆς

206 5397 326 5464 θείας
346 5405 550 5472 φύσεως
580 5408 717 5459 νοεῖν
748 5407 1164 5478 ἐπαιδεύθημεν,
1187 5407 1351 5477 μόνην
1383 5406 1440 5460 δὲ
1463 5409 1561 5478 τὴν
1594 5409 1742 5462 ἄκτι-

206 5501 306 5560 mw
347 5493 497 5562 φύσιν
526 5497 813 5568 λατρεύειν
849 5515 906 5549 τε
953 5499 1048 5551 καὶ
1101 5497 1442 5561 σεϐάζεσθαι,
1477 5493 1543 5569 ἦς
1581 5515 1745 5568 χαρα-

208 5583 323 5651 κτήρ
355 5587 461 5640 ἐστι
487 5589 583 5642 καὶ
608 5589 897 5660 γνώρισμα
921 5588 979 5642 τὸ
1026 5590 1160 5660 μήτε
1188 5589 1449 5660 ἄρχεσθαι
1476 5587 1569 5642 τοῦ
1606 5584 1743 5644 εἷναί

208 5680 353 5738 ποτε,
391 5677 520 5748 μήτε
567 5677 836 5732 παύεσθαι
887 5675 1043 5732 εἶναι.
1106 5679 1288 5744 Οὕτως
1353 5679 1444 5736 τοῦ
1505 5679 1741 5751 μεγάλου

487 5774 757 5835 Ριτιιοι.
800 5773 916 5836 Gn.
968 5775 1018 5834 Χ
1034 5775 1154 5838 LV.

1842 4755 2061 4809 tandam
2104 4763 2232 4807 sunt
2272 4755 2424 4808 utilia
2465 4763 2519 4808 et
2572 4755 2907 4821 necessaria,
2965 4755 3101 4810 nihil
3133 4764 3216 4810 est
3269 4752 3418 4822 quod

1843 4850 2040 4904 divina:
2072 4860 2280 4903 naturae
2310 4865 2498 4904 exsors
2540 4864 2662 4904 esse
2692 4847 3012 4913 docuerint;
3067 4846 3182 4901 ‘sed
3219 4860 3416 4898 unum-

1843 4942 2098 5013 quodque
2148 4941 2340 4996 horum
2381 4950 2437 4996 ut
2487 4940 2657 4997 Deum
2695 4939 2938 4994 venerati
2979 4946 3144 5004 sunt;
3189 4944 3412 5006 propter

1843 5026 2014 5089 unum
2047 5035 2239 5088 horum
2287 5035 2503 5105 aliquod
2538 5050 2658 5105 qua:
2694 5035 2747 5088 in
2790 5040 3038 5108 creatura
3067 5027 3413 5100 praefulgent,

1845 5130 2055 5196 seipsos
2099 5127 2355 5181 omnibus
2392 5125 2858 5196 subsequentibus
2891 5122 3088 5178 ordine
3151 5128 3420 5176 creatura:

1849 5220 2093 5289 partibus
2123 5219 2178 5272 in
2212 5219 2530 5273 servitutem
2562 5216 2900 5272 addicentes.
2937 5213 3095 5280 Quod
3131 5213 3177 5268 si
3206 5227 3237 5267 τι
3271 5213 3418 5282 prin-

1847 5313 1990 5381 cipio
2020 5311 2174 5367 nefas
2207 5310 2384 5366 visura
2419 5309 2617 5366 fuisset
2644 5310 2699 5364 in
2732 5316 3044 5364 creaturam
3075 5307 3267 5363 oculos
3283 5321 3418 5360 con-

1848 5412 2078 5467 vertere,
2119 5417 2226 5456 non
2264 5403 2318 5456 in
2355 5403 2494 5456 hanc
2516 5399 2888 5454 multitudinis
2921 5399 3147 5453 deorum
3169 5396 3418 5452 fraudem

1850 5507 1906 5554 et
1940 5499 2295 5568 imposturam
2340 5495 2626 5552 erroribus
2686 5491 2902 5564 decepti
2949 5492 3297 5548 incidissent.
3341 5487 3418 5546 Ne

1849 5590 2012 5661 igitur
2040 5589 2200 5645 etiam
2239 5587 2398 5643 nobis
2434 5582 2644 5643 eadem
2671 5585 3124 5658 contingant,qui
3155 5585 3208 5640 in
3229 5599 3416 5641 veram

1851 5684 2102 5740 deitatem
2127 5681 2324 5740 intueri
2376 5697 2406 5737 a
2439 5697 2596 5739 sacra
2627 5681 2911 5752 Scriptura
2943 5682 3238 5750 docemur;
3267 5678 3420 5752 quid-

3073 5773 3153 5836 22
