3922 6522
489 211 595 268 085

1701 209 1760 264 S.
1799 211 2125 269 GREGOBlI
2163 213 2205 268 Ν
2213 212 2459 270 YSSENI

3635 218 3730 278 σει

484 323 615 398 quid
647 329 894 380 creatum
926 327 1032 386 est,
1067 319 1119 374 id
1145 326 1300 375 extra
1358 321 1596 378 divinam
1661 334 1912 382 naturam
1970 330 2056 383 in-

2174 330 2392 385 Ὴσαϊου
2412 329 2501 384 διὰ
2530 332 2628 403 τῆς
2649 331 2860 402 ὑψηλῆς
2899 329 3064 385 αὑτοῦ
3111 331 3299 401 φωνῆς
3331 333 3458 402 περὶ
3484 333 3588 387 τῶν
3623 335 3731 405 δογ-

487 419 727 490 telligere
770 413 967 470 eruditi
1002 429 1222 480 sumus;
1269 414 1364 468 sed
1406 415 1577 470 solani
1627 418 1926 474 increatam
1961 437 2058 475 na-

486 518 669 564 turam
695 508 874 560 colere
899 515 949 559 et
973 505 1205 559 adorare
1229 546 1244 570 ,
1279 506 1441 575 cujus
1488 508 1778 565 character
1822 521 1876 567 et
1905 523 2056 579 nota,

484 610 538 657 et
580 602 798 671 signum
850 608 953 660 est,
989 613 1166 668 neque
1212 599 1451 668 cmpisse
1486 616 1630 664 esse,
1691 619 1870 674 neque
1907 605 2056 660 desi-

485 709 634 750 nere.
670 692 807 748 Cum
833 707 1061 762 magnus
1093 689 1262 746 Isaias
1291 693 1508 748 excelsa
1558 709 1690 750 voce
1723 695 1792 750 de
1838 697 1925 752 his
1957 697 2058 751 de-

483 788 654 842 cretis
679 786 760 841 sic
799 787 1105 856 theologice
1136 785 1464 842 vaticinatus
1511 787 1695 852 fuerit,
1733 791 1828 859 qui
1863 807 1927 846 ex
1965 789 2058 845 Dei

482 894 716 950 persona
754 878 972 947 inquit:
1012 877 1120 947 Ego
1163 879 1387 945 primus,
1420 888 1470 931 et
1493 896 1584 949 ego
1625 881 1962 945 novissimus,
2010 893 2060 935 et

485 985 605 1029 ante
644 990 724 1027 me
755 974 891 1026 Deus
923 990 1024 1025 non
1054 981 1130 1024 est
1158 971 1355 1040 factus,
1412 981 1462 1024 et
1491 983 1606 1040 post
1656 989 1736 1026 me
1778 973 1914 1028 Deus
1953 991 2055 1027 non

481 1068 646 1120 erit’.
687 1064 953 1120 Omnibus
978 1065 1123 1118 enim
1156 1064 1406 1118 exactius
1444 1074 1497 1118 et
1532 1064 1830 1134 perfectius
1891 1082 2059 1120 evan-

483 1159 676 1230 gelica:
707 1160 929 1228 pietatis
959 1159 1141 1211 sciens
1172 1158 1495 1227 mysterium
1543 1174 1778 1230 magnus
1814 1160 1903 1214 hic
1931 1175 2062 1230 pro-

485 1252 674 1322 pheta,
708 1251 802 1320 qui
855 1249 1019 1304 etiam
1074 1249 1207 1302 illud
1243 1248 1568 1303 admirabile
1619 1259 1673 1306 et
1719 1251 2059 1320 inopinatum

482 1344 698 1414 signum
732 1339 975 1412 Virginis
1004 1340 1354 1411 signiﬁcavit,
1391 1350 1446 1395 et
1473 1339 1594 1395 Filii
1652 1345 2058 1412 generationem

482 1433 901 1504 evangelizavit,
941 1439 1110 1501 atque
1149 1445 1352 1485 nomen
1410 1432 1545 1486 illud
1597 1431 1723 1487 Filii
1771 1433 2064 1489 manifeste

483 1524 849 1596 protulit;hic
891 1523 1081 1595 igitur,
1116 1523 1212 1593 qui
1247 1537 1469 1578 omnem
1517 1539 1616 1594 per
1656 1525 1922 1595 Spiritum
1957 1527 2064 1580 cir-

484 1617 807 1688 cumplexus
848 1623 934 1672 est
971 1617 1278 1681 veritatem,
1340 1624 1402 1670 ut
1430 1614 1688 1671 omnibus
1723 1615 1925 1672 divinae
1966 1634 2063 1672 na-

2165 424 2349 496 μὰτων
2375 424 2579 476 τούτων
2611 423 3052 495 θεολογήσαντος,
3083 423 3140 486 ὃς
3174 425 3239 477 ἐκ
3280 424 3381 476 τοῦ
3414 422 3558 477 θείου
3585 443 3734 496 προσ-

2160 517 2308 570 ώπου
2334 516 2498 587 φησίν
2530 531 2543 544 ⁶
2600 516 2746 587 Ἐγὼ
2779 514 3030 584 πρῶτος,
3079 516 3174 569 καὶ
3207 515 3331 585 ἐγὼ
3353 517 3506 584 μετὰ
3541 519 3730 578 ταῐτα,

2161 611 2257 662 καὶ
2283 609 2625 679 ἔμπροσθέν
2644 626 2764 676 μου
2796 608 2939 673 Θεὸς
2959 609 3070 660 οὐκ
3093 607 3358 676 ἐγένετο,
3392 609 3489 660 καί
3511 610 3736 680 μετ’ἑμὲ

2164 699 2307 764 Θεὸς
2339 703 2455 753 οὐκ*
2476 699 2668 753 ἔσται.
2700 698 2922 752 Πάντων
2950 698 3059 769 γὰρ
3092 698 3297 768 μᾶλλον
3318 697 3567 768 ἀκριϐῶς
3597 700 3733 764 εἰδὼς

2161 793 2222 846 τὸ
2260 792 2360 862 τῆς
2392 792 2752 862 εὐαγγελικῆς
2777 791 3056 853 εὐσεϐείας
3083 792 3388 861 μυστήριον
3417 791 3445 840 ὁ
3479 791 3642 859 μέγας
3662 788 3737 846 ὦ,

2159 901 2251 949 τος
2284 889 2590 958 προφήτης,
2619 888 2648 939 6
2693 885 2790 938 καὶ
2827 884 2888 936 τὸ
2919 883 3217 954 παράδοξον
3260 884 3448 935 ἐκεῖνο
3473 883 3572 953 τῆς
3596 885 3734 956 Παρ-

2163 976 2315 1028 θένου
2348 975 2614 1046 μηνύσας,
2655 975 2748 1027 καὶ
2788 973 2880 1026 τοῦ
2911 973 3132 1026 Παιδίον
3161 973 3262 1042 τὴν
3294 971 3557 1041 γέννησιν
3595 972 3736 1040 εὐαγ-

2162 1067 2544 1137 γελισάμενος,
2583 1067 2677 1119 καὶ
2729 1064 2789 1118 τὸ
2837 1063 2931 1117 τοῦ
2965 1063 3094 1116 Υἱοῦ
3127 1064 3306 1134 δνομα
3340 1065 3522 1116 ἐκεῖνο
3570 1065 3736 1132 σαφῶς

2163 1161 2552 1230 παραστήσας⁴
2594 1151 2749 1221 οὗτος
2788 1157 2965 1210 τοίνυν
2997 1157 3026 1208 6
3066 1157 3250 1209 πᾶσαν
3307 1155 3738 1225 ἐμπεριειληφὼς

2157 1251 2249 1304 ’διὰ
2295 1249 2390 1304 τοῦ
2430 1249 2745 1321 ιινεύματος
2793 1249 2851 1302 ὲν
2885 1247 3062 1318 ἐαυτῷ
3099 1248 3198 1318 τὴν
3243 1246 3543 1317 ἀλήθειαν,
3569 1246 3641 1310 ὡς
3680 1247 3736 1300 ἂν

2168 1344 2400 1414 μάλιστα
2447 1344 2583 1396 πᾶσι
2616 1342 2824 1408 γένοιτο
2857 1339 3014 1410 δῆλος
3047 1341 3076 1393 6
3103 1340 3200 1409 τῆς
3225 1338 3385 1401 Θείας
3420 1338 3628 1405 φύσεως
3651 1356 3736 1407 χα-

2167 1438 2395 1509 ρακτὴρ,
2424 1437 2488 1490 δι’
2517 1431 2576 1491 οὗ
2613 1436 2674 1490 τὸ
2701 1435 2866 1498 ὄντως
2900 1434 2960 1487 ὂν
2986 1434 3347 1505 διακρίνομεν
3379 1433 3491 1485 ἀπὸ
3530 1431 3618 1485 τοῦ
3659 1449 3737 1501 γε·

2167 1529 2425 1600 νομένου·
2455 1527 2613 1582 τοῦτό
2661 1543 2826 1599 φησιν
2864 1529 2928 1579 ἐκ
2971 1524 3266 1598 προσώπου
3318 1523 3418 1577 τοῦ
3470 1523 3638 1587 Θεοῦ,
3665 1525 3738 1577 δτι

2179 1620 2324 1690 Ἐγώ
2345 1623 2460 1690 ειμι
2480 1619 2710 1688 πρῶτος
2728 1620 2826 1673 καὶ
2857 1617 2973 1688 ἐγὼ
2995 1619 3146 1688 μετὰ
3167 1617 3385 1680 ταῦτα,
3414 1615 3516 1669 κὰι
3541 1616 3738 1685 ἔμπρο-

484 1684 631 1766 turre—
659 1709 944 1765 character
973 1717 1122 1765 esset
1149 1708 1494 1772 notissimus,
1556 1723 1668 1778 quo
1692 1724 1820 1764 vere
1855 1725 1958 1765 ens
1992 1710 2062 1765 ah

2174 1684 2312 1765 τθὲν
2345 1684 2492 1780 ἐμοῦ
2514 1684 2656 1776 Θεὸς
2680 1684 2753 1764 ἀει
2784 1684 3013 1778 γέγονε,
3033 1702 3131 1763 και
3141 1708 3272 1777 μετ’
3292 1706 3405 1777 ἐμὲ
3419 1708 3539 1786 ,οὐκ
3564 1684 3735 1760 ἐστιν.

481 1801 719 1873 ecquod
764 1808 946 1857 actum
997 1799 1212 1856 exstitit
1232 1799 1652 1866 discernimus;
1705 1799 1812 1856 hoc
1842 1801 1940 1865 ait,
1994 1816 2060 1856 ex

485 1906 720 1963 persona
748 1890 844 1946 Dei
885 1911 897 1946 :
928 1890 1035 1960 Ego
1063 1904 1182 1945 sum
1204 1892 1430 1960 primus,
1481 1901 1529 1946 et
1559 1908 1652 1962 ego
1692 1901 1810 1961 post
1849 1893 1980 1959 hare,
2013 1902 2064 1948 et

483 1993 608 2039 ante
639 2000 721 2037 me
737 1982 894 2050 ﬂeas
926 2000 1030 2038 non
1060 1983 1184 2052 fuit,
1203 1992 1254 2037 et
1279 1993 1398 2053 post
1428 2001 1508 2039 me
1537 2001 1638 2038 non
1659 1993 1757 2040 est.
1790 1985 2062 2051 Quoniam

485 2075 674 2146 igitur,
705 2089 881 2144 neque
913 2081 1041 2130 ante
1075 2073 1268 2138 Deum,
1299 2075 1480 2142 Deus;
1515 2091 1692 2144 neque
1717 2085 1837 2145 post
1862 2076 2060 2140 Deum,

486 2168 672 2233 Deus;
706 2166 854 2237 quod
879 2167 1024 2222 enim
1056 2178 1178 2238 post
1213 2168 1400 2232 Deum,
1451 2176 1705 2223 creatura
1733 2176 1820 2224 est
1849 2188 1864 2235 ;
1912 2167 2062 2238 quod

487 2268 668 2313 autem
696 2260 838 2312 ultra
875 2257 1068 2320 Deum,
1103 2259 1238 2312 nihil
1266 2276 1280 2323 ;
1308 2259 1442 2313 nihil
1467 2274 1616 2323 vero,
1656 2259 1803 2315 Deus
1831 2275 1938 2314 non
1955 2268 2064 2324 est;

489 2349 599 2404 imo
629 2364 760 2404 vero
787 2349 932 2419 quod
962 2365 1125 2418 supra
1153 2348 1348 2414 Deum,
1391 2349 1508 2420 ipse
1539 2358 1625 2406 est
1659 2351 1753 2405 ille
1782 2350 1837 2404 in
1862 2359 2066 2406 aiterna

489 2435 846 2504 beatitudine,
895 2441 1041 2495 nulla
1084 2458 1140 2497 re
1173 2442 1610 2498 determinatus:
1662 2442 1925 2513 quoniam
1959 2442 2064 2514 igi-

490 2543 580 2588 tur
605 2534 720 2589 haec
747 2548 851 2589 vox
883 2534 1188 2602 spiritualis
1232 2548 1330 2590 ore
1373 2535 1692 2606 prophetico
1753 2544 1838 2590 est
1891 2550 2068 2590 enun-

489 2620 643 2683 tiata,
675 2635 742 2674 ex
779 2619 882 2674 hac
911 2621 1188 2676 decretum
1240 2621 1342 2676 hoc
1386 2623 1500 2678 sive
1548 2624 1742 2695 dogma
1768 2624 2062 2679 discimus°

489 2709 638 2780 quod
677 2726 783 2764 una
811 2712 1061 2780 quasdam
1095 2723 1179 2768 est
1214 2711 1399 2767 divina
1436 2723 1633 2768 natura
1683 2715 1946 2769 continua
1979 2731 2069 2770 se-

489 2817 616 2855 cum
649 2810 703 2856 et
727 2801 1190 2872 indivulsa,prius
1236 2815 1291 2858 et
1319 2806 1599 2874 posterius
1630 2805 1685 2860 in
1739 2806 1923 2876 seipsa
1956 2821 2067 2860 non

492 2893 806 2960 admittens,
846 2897 1060 2950 tametsi
1113 2896 1166 2950 in
1201 2895 1470 2952 Trinitate
1502 2898 1871 2967 praedicatur;
1931 2898 2070 2953 nihil

488 3002 686 3042 eorum
717 3003 838 3056 qua:
869 2990 921 3041 in
951 2989 1068 3057 ipsa
1103 2987 1535 3043 considerantur
1560 2990 1867 3060 antiquius,
1889 3005 2066 3058 neque

493 3081 769 3148 posterius
794 3080 1023 3134 liaheus.
1044 3077 1314 3146 Quoniam
1349 3080 1514 3151 igitur
1540 3081 1634 3135 Dei
1665 3081 1780 3135 haec
1802 3082 2068 3135 vox:sive

493 3170 639 3224 enim
681 3169 864 3225 Patris
893 3171 988 3226 des
1022 3172 1167 3226 hunc
1211 3187 1520 3228 sermonem
1567 3188 1728 3240 esse,
1774 3175 1888 3228 sive
1925 3171 2072 3234 Filii,

493 3276 560 3316 ex
589 3276 746 3333 :equo
789 3278 885 3332 per
911 3271 1202 3332 utrumque
1230 3264 1448 3334 pietatis
1475 3265 1673 3335 dogma
1697 3267 2074 3332 conﬁrmatur;

495 3353 614 3407 sive
644 3354 792 3408 enim
831 3352 992 3409 Pater
1035 3355 1149 3409 haec
1181 3355 1346 3421 dicat,
1390 3357 1714 3412 testiﬁcatur
1745 3356 1900 3423 Filio,
1931 3357 2077 3427 quod

497 3463 607 3502 non
639 3457 723 3502 est
754 3455 880 3517 post
909 3449 1112 3518 ipsum.
1144 3446 1201 3502 Si
1229 3449 1374 3502 enim
1404 3447 1548 3505 Deus
1576 3460 1660 3505 est
1689 3447 1883 3512 Filius,
1920 3449 2067 3519 quod

497 3545 678 3592 autem
710 3546 796 3593 est
827 3549 950 3608 post
973 3539 1214 3603 Patrem,
1246 3539 1390 3594 Deus
1426 3548 1681 3596 nonest:
1717 3541 2071 3611 perspicuum

496 3630 644 3700 quod
670 3632 722 3685 in
741 3631 897 3686 Patre
926 3640 979 3686 et
1006 3647 1113 3686 non
1137 3640 1261 3701 post
1286 3631 1500 3687 Patrem
1526 3631 1724 3686 Filium
1741 3648 1864 3688 esse
1890 3647 2075 3688 sermo

498 3731 752 3778 testatur.
789 3722 915 3778 Sive
965 3723 1089 3778 Filii
1122 3724 1214 3779 det
1253 3725 1454 3795 aliquis
1496 3726 1636 3779 hanc
1683 3741 1872 3780 vocem
1927 3741 2073 3790 esse,

497 3813 644 3880 quod
680 3815 804 3870 Non
835 3815 1040 3868 exstitit
1085 3825 1205 3868 ante
1234 3833 1332 3879 me,
1371 3816 1617 3870 doctrina
1651 3816 1938 3871 manifeSta
1977 3819 2082 3872 erit

499 3904 667 3958 simul
706 3921 831 3959 cum
864 3906 1124 3977 principii
1153 3909 1462 3963 aeternitate
1503 3909 1896 3975 comprehendi
1949 3925 2075 3965 eum

498 3999 592 4067 qui
627 3999 682 4052 in
719 4001 992 4071 principio
1046 4001 1456 4056 consideratur.
1505 4001 1562 4055 Si
1598 4005 1723 4072 quis
1753 4004 1920 4073 igitur
1949 4010 2074 4073 post

2178 1801 2329 1858 Ἐπεὶ
2359 1799 2454 1858 οὖν
2481 1803 2605 1857 οὕτε
2645 1803 2704 1857 τὸ
2725 1802 2829 1874 πρὸ
2871 1801 2964 1855 τοῦ
2993 1800 3151 1866 Θεοῦ,
3185 1800 3324 1864 Θεός
3343 1816 3357 1830 ·
3375 1798 3502 1852 οὔτε
3527 1798 3587 1852 τὸ
3619 1798 3740 1869 μετὰ

2163 1895 2255 1948 τὸν
2291 1893 2446 1961 Θεὸν,
2481 1892 2646 1956 Θεός·
2683 1893 2746 1946 τὸ
2773 1893 2872 1964 μὲν
2909 1891 3018 1964 γὰρ
3049 1891 3187 1962 μετὰ
3224 1890 3322 1943 τὸν
3361 1889 3516 1955 Θεδν,
3546 1889 3734 1952 κτίσιςο

2163 1986 2224 2039 τὸ
2261 1985 2318 2039 δὲ
2346 1985 2602 2039 ἐπέκεινα
2633 1983 2728 2039 τοῦ
2770 1983 2931 2046 Θεοῦ,
2966 1982 3118 2036 οὐδέν
3147 1998 3162 2013 ’
3203 1979 3268 2033 τὸ
3309 1979 3372 2033 δὲ
3418 1978 3598 2038 οὐδὲν,
3623 1977 3738 2040 Θεὸς

2164 2079 2264 2132 οὐκ
2311 2077 2488 2132 ἔστιν·
2522 2076 2719 2148 μᾶλλον
2760 2076 2816 2130 δὲ
2860 2076 2920 2128 τὸ
2965 2075 3223 2127 ἐπέκεινα
3270 2071 3371 2125 τοῦ
3424 2067 3558 2124 Θεοῦ
3591 2070 3735 2131 αὐτὸς

2166 2173 2371 2234 ἐκεῖνος
2415 2170 2474 2224 ὲν
2513 2171 2578 2239 τῇ
2616 2169 2769 2239 ἀϊδίῳ
2814 2168 3174 2238 μακαριότητι
3215 2165 3360 2237 πρὸς
3401 2163 3557 2216 οὐδὲν
3586 2159 3740 2233 ὁριζό-

2169 2269 2327 2331 μενος
2359 2277 2373 2292 ·
2414 2260 2535 2312 ἐπεὶ
2573 2255 2666 2312 οὖν
2703 2260 2735 2330 ἠ
2781 2259 2931 2329 φωνὴ
2964 2257 3101 2329 αὕτη
3139 2259 3172 2328 ἡ
3210 2255 3560 2327 πνευματικὴ
3585 2257 3636 2308 ὲν
3671 2253 3737 2322 τῷ

2166 2351 2490 2426 προφητικῷ
2557 2351 2784 2422 στόματι
2837 2349 3130 2420 λαληθεῖσα
3161 2390 3177 2411 ,
3210 2349 3398 2419 δόγμα
3442 2347 3530 2400 διὰ
3569 2345 3734 2398 τούτου

2170 2444 2540 2516 μανθάνομεν’
2574 2444 2655 2496 ὅτι
2706 2442 2804 2513 μία
2848 2442 2934 2505 τίς
2973 2443 3118 2495 ἐστιν
3161 2443 3194 2511 ἡ
3242 2440 3369 2494 θεία
3407 2439 3593 2507 φύσις,
3632 2452 3733 2488 συν-

2168 2534 2297 2607 εχὴς
2331 2536 2466 2607 πρὸς
2495 2535 2694 2606 ἑαυτὴν
2735 2535 2828 2588 καὶ
2875 2533 3262 2598 ἀδιάσπαστος,
3291 2532 3356 2586 τὸ
3380 2529 3634 2602 πρότερον
3656 2527 3734 2580 καὶ

2168 2622 2394 2698 ὕστερον
2439 2629 2524 2695 ἐφ’
2569 2627 2770 2697 ἑαυτῆς
2809 2627 2872 2678 οὐ
2916 2624 3290 2696 προσιεμένη,
3325 2623 3435 2676 κᾶν
3474 2623 3532 2672 ἐν
3570 2617 3732 2689 Τριάδι

2169 2721 2541 2792 κηρύσσηται·
2567 2718 2692 2772 οὔτε
2723 2713 3097 2788 πρεσϐύτερόν
3127 2732 3180 2767 τι
3213 2714 3330 2768 τῶν
3361 2716 3420 2766 ὲν
3461 2713 3594 2781 αύτῇ
3625 2709 3736 2760 θεω-

2174 2812 2469 2884 ρουμένων,
2511 2810 2634 2865 οὔτε
2691 2809 3152 2881 μεταγενέστερον
3200 2808 3427 2877 ἔχουσα.
3471 2803 3616 2856 Ἐπεὶ
3657 2797 3734 2853 οὖν

2171 2904 2305 2958 Θεοῦ
2333 2907 2365 2975 ἡ
2395 2905 2546 2975 φωνή
2569 2921 2582 2933 ο
2602 2903 2696 2958 ὲάν
2724 2921 2782 2955 τε
2817 2902 2913 2955 τοῦ
2939 2901 3148 2972 Πατρὸς
3175 2900 3287 2970 δῷς
3307 2896 3447 2952 εἶναι
3467 2898 3554 2949 τὸν
3581 2895 3732 2962 λόγον,

2093 3029 2135 3084 C
2173 2997 2267 3050 ἐάν
2293 3013 2352 3049 τε
2403 2995 2497 3048 τοῦ
2528 2994 2682 3084 Υίού,
2713 2995 2908 3064 ἐπίσης
2935 2994 3000 3045 δι’
3033 2992 3328 3084 ἐκατέρου-
3349 2989 3421 3084 τὲ
3463 2988 3626 3084 δύγμα
3650 2984 3738 3082 τῆς

2170 3086 2453 3148 εὐσεϐείας
2480 3083 2826 3155 κρατύνεται.
2871 3084 2998 3135 Ἐὰν
3030 3083 3128 3152 μὲν
3168 3081 3283 3151 γὰρ
3307 3081 3336 3131 6
3377 3078 3564 3148 Πατὴρ
3585 3073 3734 3128 ταῦτα

2173 3177 2327 3248 λέγῃ,
2358 3178 2622 3249 μαρτυρεῖ
2654 3175 2730 3248 τῷ
2760 3175 2877 3246 Υίῷ
2906 3175 2967 3228 τὸ
3008 3175 3082 3245 μὴ
3135 3174 3254 3244 μετ’
3299 3171 3464 3225 αὐτὸν
3498 3163 3644 3221 εἶναι.
3683 3164 3733 3215 ΕΞ

2175 3270 2284 3340 γὰρ
2308 3269 2440 3332 θεὸς
2474 3270 2570 3340 μὲν
2598 3271 2627 3322 ὁ
2660 3267 2810 3332 Υἱὸς,
2850 3268 2957 3320 πᾶν
2995 3267 3052 3320 δὲ
3085 3265 3225 3337 μετὰ
3252 3265 3346 3318 τὸν
3374 3261 3586 3332 Πατέρα
3623 3255 3733 3317 Θεὸς

2178 3363 2276 3415 οὐκ
2309 3362 2443 3424 ἐστι,
2475 3360 2634 3430 δῆλον
2662 3361 2745 3413 ὅτι
2776 3359 2837 3412 τὸ
2859 3360 2917 3412 ὲν
2939 3358 3017 3428 τῷ
3038 3359 3238 3429 Πατρὶ,
3277 3357 3374 3411 καὶ
3407 3354 3480 3426 μὴ
3511 3350 3634 3423 μετὰ
3660 3348 3733 3399 τὸν

2185 3453 2405 3524 Πατέρα
2429 3453 2520 3507 τὸν
2551 3452 2676 3506 Υἱὸν
2705 3448 2846 3505 εἶναι
2877 3452 2906 3504 ὁ
2942 3449 3099 3517 λόγος
3129 3447 3492 3520 μαρτύρεται.
3520 3443 3631 3495 Εἴτε
3655 3436 3732 3491 τοῦ

2185 3543 2317 3596 Υίοῦ
2345 3543 2458 3614 δοίη
2482 3560 2566 3606 τις
2584 3538 2721 3595 εἶναι
2743 3543 2842 3613 τὴν
2859 3543 3041 3612 φωνὴν
3059 3539 3286 3610 ταύτην,
3318 3538 3399 3601 τὸ,
3421 3537 3501 3590 Οὐ

2183 3636 2522 3704 ἔμπροσθέν
2538 3653 2656 3704 μου
2677 3649 2690 3664 ·
2720 3632 3034 3687 διδασκαλία
3069 3630 3247 3701 σαφὴς
3271 3630 3425 3683 ἔσται
3448 3628 3512 3697 τῇ
3537 3623 3626 3691 τῆς
3650 3621 3731 3690 ἀρ·

2185 3725 2286 3794 χῆς
2337 3724 2596 3794 ἀῖδιότητι
2647 3719 3272 3791 συγκαταλαμϐάνεσθαι
3323 3717 3420 3771 καὶ
3462 3715 3549 3766 τὸν
3590 3714 3643 3762 ἐν
3677 3708 3730 3773 τῇ

2179 3821 2321 3888 ἀρχῇ
2352 3817 2742 3888 θεωρούμενον.
2786 3816 2851 3868 Ei
2885 3832 2969 3876 τις
3002 3809 3096 3867 οὖν
3146 3815 3285 3884 μετὰ
3334 3811 3425 3864 τὸν
3458 3807 3580 3861 Θεὸν
3615 3804 3728 3859 ἐστι.

2179 3910 2356 3972 κτίσις
2377 3908 2536 3962 τοῦτο
2564 3908 2659 3961 καὶ
2680 3909 2740 3960 ού
2767 3907 2900 3970 Θεὸς
2925 3906 3014 3959 διὰ
3043 3904 3152 3958 τῶν
3186 3903 3493 3978 εἰρημένων
3515 3894 3731 3967 εὑρίσκε-

2174 4019 2285 4054 ται.
2307 4001 2379 4053 Τὸ
2417 4000 2526 4071 γὰρ
2551 4000 2666 4071 μετ’
2701 4000 2800 4070 ἐμὲ
2822 3999 2904 4062 ὃν,
2931 3997 3088 4068 φησὶ,
3112 3996 3246 4060 Θεὸς
3277 3995 3380 4048 οὐκ
3408 3992 3537 4045 ἐστι.

498 4089 670 4144 Deum
697 4097 802 4151 est,
841 4098 1092 4145 creatura
1124 4101 1293 4155 certe,
1323 4101 1380 4146 et
1429 4107 1536 4148 non
1583 4094 1727 4147 Deus
1780 4109 1875 4163 per
1913 4109 1977 4148 ea
2014 4107 2136 4162 quae
2172 4092 2317 4146 dicta
2355 4100 2484 4146 sunt
2526 4090 2819 4146 invenitur.
2856 4087 3034 4155 Quod,
3079 4088 3226 4144 enim
3268 4089 3364 4154 ait,
3391 4091 3510 4157 post
3539 4092 3616 4134 me
3643 4081 3732 4132 est,-

500 4183 646 4238 Deus
681 4199 788 4237 nou
819 4192 922 4235 est.

577 4317 689 4372 Hac
727 4316 892 4386 igitur
931 4317 1082 4387 prius
1123 4333 1153 4370 a
1195 4317 1352 4371 nobis
1375 4315 1440 4370 de
1477 4315 1561 4368 liis
1595 4330 1714 4386 quae
1736 4325 2069 4386 suut,expo-

2255 4313 2468 4383 Ταύτης
2495 4313 2672 4365 τοίνυν
2715 4312 3135 4383 προεκτεθείσης
3179 4315 3314 4384 ἡμῖν
3362 4313 3456 4381 τῆς
3493 4307 3605 4376 περὶ
3638 4303 3725 4356 τῶν

502 4413 606 4466 sita
632 4409 1030 4479 speculatione,
1080 4419 1294 4478 tempus
1341 4408 1456 4476 jam
1518 4405 1680 4461 fuerit
1732 4409 2080 4476 propositum

502 4517 814 4558 sermonem
845 4503 1185 4556 examinare.
1225 4500 1436 4554 Dictum
1468 4510 1554 4555 est
1584 4501 1747 4568 igitur
1771 4516 1799 4553 a
1828 4497 1989 4554 Petro
2017 4499 2084 4552 ad

501 4595 720 4651 Judmos
745 4595 891 4665 quod
923 4593 1207 4648 Dominum
1247 4598 1419 4662 ipsum
1451 4604 1499 4649 et
1536 4593 1804 4648 Christum
1842 4596 1961 4665 fecit
2006 4594 2085 4664 (τι)

505 4687 670 4753 Deus,
711 4687 846 4739 hunc
891 4687 1062 4756 ipsum
1097 4687 1276 4741 Iesum
1322 4705 1473 4758 quem
1520 4703 1606 4741 vos
1664 4687 2009 4755 cruci/ixistis
2042 4688 2082 4742 ³.

508 4777 718 4832 Dicitur
750 4785 934 4833 autem
968 4793 998 4832 a
1029 4778 1219 4842 nobis,
1268 4795 1376 4833 non
1409 4779 1475 4834 ad
1507 4777 1782 4849 Unigeniti
1823 4777 2083 4832 divinita-

505 4877 614 4925 tem
645 4871 793 4940 pium
825 4885 947 4925 esse
982 4869 1187 4925 referre
1227 4872 1475 4933 verbum,
1512 4871 1655 4940 fecit,
1713 4871 1809 4926 scd
1841 4871 1907 4925 ad
1943 4871 2088 4927 servi

504 4960 736 5015 formam
788 4962 1090 5017 secundum
1123 4971 1339 5034 tempus
1371 4963 1642 5020 adventus
1671 4965 1726 5017 in
1758 4979 1945 5027 carne,
1978 4979 2085 5018 non

505 5053 625 5107 sine
652 5054 914 5124 mysterio
967 5063 1023 5108 et
1069 5061 1220 5110 certa
1259 5057 1475 5112 ratione
1529 5063 1583 5111 et
1637 5057 2079 5126 dispensatione,

507 5143 561 5198 id
589 5152 695 5212 est,
758 5161 858 5216 per
893 5149 1327 5203 incarnationem
1373 5146 1597 5203 factam.
1645 5147 1750 5214 Qui
1797 5157 1979 5202 autem
2029 5148 2085 5202 in

508 5235 853 5288 contrarium
919 5235 1066 5290 hunc
1135 5251 1446 5292 sermonem
1487 5237 1762 5292 violenter
1802 5245 2082 5307 torquent,

509 5331 636 5376 ante
664 5331 926 5380 azternam
954 5329 1360 5399 generationem
1391 5329 1492 5384 hac
1515 5343 1647 5384 voce
1681 5329 1805 5398 fecit
1839 5329 1906 5383 ab
1938 5330 2083 5401 Apo-

581 5463 600 5493 ⁸
635 5461 736 5514 lsa.
800 5479 907 5525 xu,
947 5465 1019 5530 9.;
1063 5480 1173 5528 xw,
1210 5465 1294 5520 l2.
1371 5465 1391 5496 ³
1427 5465 1551 5520 Act.
1594 5481 1653 5531 ιι,
1694 5463 1780 5518 56.

579 5604 658 5673 (ο)
698 5600 940 5659 Verbum
973 5605 1096 5673 fecit
1134 5622 1245 5661 non
1276 5603 1341 5662 ad
1377 5605 1670 5662 essentiam
1697 5605 1936 5660 divinam
1993 5605 2086 5661 Fi-

507 5673 576 5731 lii
609 5672 732 5742 Dei,
756 5673 853 5732 sed
881 5673 952 5731 ad
974 5672 1190 5732 statum
1237 5685 1292 5733 et
1321 5691 1592 5733 summam
1622 5675 1942 5750 dignitatem
1996 5693 2082 5732 re-

2187 4405 2354 4458 ὄντων
2401 4404 2652 4474 θεωρίας,
2686 4403 2874 4473 καιρὸς
2898 4405 2982 4474 εἴη
3013 4404 3104 4456 τὸν
3127 4403 3480 4476 προκείμενον
3511 4395 3722 4461 ἐξετάσαι

2188 4497 2360 4567 λόγον.
2393 4497 2601 4549 Οὐκοῦν
2632 4496 2847 4567 εἴρηται
2893 4497 2992 4566 μὲν
3043 4496 3194 4567 παρὰ
3229 4496 3325 4549 τοῦ
3371 4494 3564 4562 Πέτρου
3616 4484 3724 4554 πρδς

2188 4593 2313 4655 τοὺς
2373 4589 2692 4654 Ἰουδαίους,
2739 4590 2819 4642 ὃτι
2876 4590 3091 4658 Κύριον
3138 4571 3328 4644 αὑτὸν
3370 4585 3462 4640 καί
3503 4576 3722 4649 Χριστὸν

2189 4683 2477 4750 ἐποίησεν
2517 4683 2550 4735 ὁ
2583 4681 2728 4747 Θεὸς
2753 4722 2768 4742 ,
2801 4681 3015 4736 τυῦτον
3056 4683 3162 4735 τὸν
3217 4678 3447 4748 Ἰησοῦν
3487 4673 3553 4727 ὃν
3587 4665 3721 4737 ὑμεῖς

2189 4773 2626 4841 ἐσταυρώσατε.
2655 4772 2884 4840 Λέγεται
2937 4772 2993 4825 δὲ
3043 4773 3172 4842 παρ’
3201 4770 3390 4842 ἡμῶν,
3416 4767 3473 4820 οὐ
3525 4760 3642 4832 πρὸς
3673 4754 3720 4805 τδ

2190 4865 2329 4918 θεῖον
2358 4863 2451 4918 τοῦ
2479 4866 2816 4934 Μονογενοῦς
2838 4865 3060 4928 εὐσεϐὲς
3087 4861 3227 4924 ,εἶναι
3250 4864 3308 4917 τὸ
3329 4859 3598 4925 ἐποίησεν
3619 4851 3721 4902 ἁνα-

2191 4956 2400 5029 φέρειν,
2436 4956 2573 5011 ἀλλὰ
2612 4957 2750 5027 πρὸς
2781 4956 2884 5027 τὴν
2910 4955 3004 5008 τοῦ
3040 4955 3226 5008 δούλου
3263 4951 3466 5025 μορφὴν
3493 4946 3580 5014 τὴν
3604 4938 3717 4992 atati

2191 5049 2385 5122 καιρὸν
2419 5049 2521 5120 τῆς
2554 5050 2614 5102 ὲν
2657 5049 2821 5119 σαρκὶ
2867 5047 3169 5118 παρουσίας
3214 5036 3557 5111 οἰκονομικῶς
3597 5041 3718 5096 γενο-

2197 5143 2367 5214 μένην
2387 5158 2401 5172 '
2431 5143 2480 5194 οἱ
2518 5139 2575 5194 δὲ
2605 5140 2741 5212 πρὸς
2770 5139 3080 5192 τούναντίον
3113 5137 3205 5192 τὸν
3237 5138 3386 5205 λόγον
3419 5125 3713 5202 βιαζόμενοι.

2192 5238 2292 5308 τὴν
2360 5233 2684 5306 προαιώνιον
2732 5232 2828 5286 τοῦ
2875 5230 3005 5284 Υἱοῦ
3054 5232 3305 5303 γέννησιν
3356 5228 3418 5296 τῇ
3475 5214 3716 5277 ἐποίησεν

2194 5329 2344 5400 φωνῇ
2381 5327 2530 5399 παρὰ
2563 5325 2657 5379 τοῦ
2691 5324 3015 5380 Ἀποστόλου
3054 5317 3490 5396 διασημαίνεσθαι
3514 5309 3709 5373 λέγουσι.

2199 5601 2480 5660 ferendum
2514 5609 2619 5664 est,
2647 5601 2703 5655 in
2734 5614 2902 5670 quam
2926 5597 3182 5655 Christus
3226 5593 3364 5653 servi
3396 5588 3603 5645 formam
3632 5582 3706 5643 εξ·

2200 5690 2330 5732 rens
2355 5681 2576 5730 ογθειυε
2607 5681 2691 5728 est
2700 5710 2714 5725 .
