3922 6470
170 273 262 349 635
1259 281 1538 348 CONTRA
1577 274 1718 346 EUN

1825 291 1967 356 IUM,
2004 291 2130 346 LIB.
2176 289 2216 344 V

3288 286 3388 348 680

171 407 446 478 Προθέντες
472 405 643 458 τοίνυν
667 405 724 456 ὲν
755 405 831 476 τῷ
859 405 1010 476 μέσῳ
1037 405 1128 458 τὸν
1154 403 1330 474 λόγον,
1352 408 1441 459 καὶ
1462 407 1530 460 δι’
1561 407 1719 476 ἀκρι-

1825 407 1964 460 stole
1994 407 2292 478 signiﬁcari
2329 408 2632 462 autumant.
2656 410 2792 463 Cum
2830 409 3014 480 itaque
3051 424 3106 463 tn
3147 408 3388 464 medium

170 503 301 564 εείας
342 497 652 568 ἀμφοτέρας
694 497 793 561 τὰς
832 499 1126 570 ὑπολήψεις
1167 499 1614 569 ἐπισκεψάμενοι,
1642 497 1719 569 τῷ

171 593 381 661 ἀκροατῇ
407 590 508 658 τὴν
532 587 707 660 κρίσιν
729 589 823 641 τοῦ
853 590 1084 661 ἀληθοῦς
1113 592 1529 662 καταλείψομεν.
1559 591 1719 644 Ἀλλά

169 684 252 750 τῆς
281 678 374 749 μὲν
403 677 513 731 τῶν
562 678 815 732 ἐναντίων
846 667 1084 744 διανοίας
1129 682 1311 744 ἱκανὸς
1351 682 1416 735 ἂν
1462 682 1546 752 εἴη
1596 699 1721 734 συν-

169 775 341 842 ήγορος
371 771 537 834 αὐτὸς
589 771 617 823 ό
663 770 946 840 Εὐνόμιος,
991 773 1089 825 οὐκ
1137 773 1376 841 ἀγεννῶς
1419 776 1477 826 ἐν
1508 771 1720 836 τούτοις

169 863 588 932 ἀγωνισάμενος,
616 860 755 915 ὥστε
800 863 892 915 τὸν
940 863 1146 917 ἐκείνου
1181 865 1336 934 λόγον
1381 868 1470 920 ἐπὶ
1523 865 1720 930 λέξεως

166 951 518 1018 διεξελθόντες,
544 951 772 1015 ἐντελῶς
809 951 900 1005 τὸν
933 952 1074 1024 ὑπὲρ
1108 940 1216 1006 τῶν
1244 941 1562 1025 μαχομένων
1588 959 1719 1026 ἡμῖν

165 1046 296 1113 λόγον
348 1044 735 1115 διελευσόμεθα
773 1061 787 1076 ο
819 1044 914 1097 τοῦ
972 1045 1028 1099 δὲ
1085 1044 1203 1099 καθ’
1252 1049 1397 1117 ἡμᾶς
1452 1049 1720 1118 δόγματος

165 1140 304 1207 ἡμεῖς
355 1138 499 1190 κατά
550 1136 772 1190 δυνατὸν
819 1137 1261 1209 προστησόμεθα,
1301 1143 1413 1202 τοῖς
1447 1139 1598 1210 παρά
1625 1141 1718 1193 τοῦ

169 1228 377 1299 μεγάλου
424 1227 711 1281 Βασιλείου
771 1229 1200 1298 πῳεκτεθεῖσιν,
1229 1231 1378 1294 ὅπως
1413 1229 1479 1284 ἂν
1516 1225 1618 1284 οἷοί
1659 1248 1718 1283 τε

165 1314 310 1387 ὦμεν,
340 1317 460 1369 κατ’
495 1317 642 1387 ἴχνος
669 1317 924 1387 ἑπόμενοι
950 1334 962 1346 ο
1000 1319 1049 1371 οἱ
1075 1317 1132 1372 δὲ
1163 1321 1228 1390 τῇ
1255 1317 1482 1392 ἀληθείᾳ
1509 1320 1596 1374 διὰ
1622 1321 1720 1390 τῆς

164 1406 498 1476 ἀναγνώσεως
527 1406 860 1472 δικάζοντες,
899 1407 1077 1472 καθώς
1108 1409 1251 1481 φησί,
1270 1427 1353 1473 τις
1374 1410 1483 1462 τῶν
1515 1427 1722 1482 προφη-

164 1498 272 1560 τῶν,
305 1496 498 1566 Κρῖμα
526 1497 766 1551 δίκαιον
807 1499 1070 1566 κρίνατε,
1111 1497 1184 1570 μὴ
1229 1501 1351 1562 ταῖς
1398 1499 1719 1569 φιλονείκοις

164 1589 500 1661 προλήψεσιν,
535 1589 673 1644 ἀλλά
700 1593 765 1662 τῇ
811 1591 1137 1662 δεικνυμένῃ
1171 1590 1260 1644 διὰ
1296 1591 1396 1660 τῆς
1423 1591 1719 1658 ἐξετάσεως

162 1681 363 1752 ἀληθείᾳ
392 1681 583 1746 δόντες
627 1681 697 1736 τὰ
726 1684 1041 1753 νικητήρια.
1071 1683 1180 1734 Καὶ
1213 1683 1428 1754 παρίτω
1466 1700 1529 1752 γε
1576 1686 1719 1757 πρῶο

160 1777 281 1838 τοςό
306 1774 414 1828 τῶν
454 1775 749 1846 ἡμετέρων
779 1776 1099 1847 κατήγορος,
1133 1772 1318 1846 ῶσπερ
1361 1777 1419 1828 ὲν
1461 1777 1720 1850 δικαστη-

164 1869 246 1938 ρίῳ
277 1867 342 1920 τά
384 1866 758 1938 γεγραμμένα
784 1867 976 1936 λέγων’

220 2075 236 2106 ι
282 2055 420 2125 Πρὸς
457 2055 518 2109 δέ
563 2060 679 2121 τοῖς
712 2060 1052 2129 εἰρημένοις,
1087 2063 1181 2115 καὶ
1212 2061 1272 2115 τὸ
1309 2063 1597 2132 ἐποίησεν·
1629 2064 1722 2116 ἐπὶ

160 2144 242 2214 τῆς
266 2147 448 2210 οὐσίας
481 2149 582 2202 τοῦ
615 2150 744 2202 Υίοῦ
782 2139 975 2203 λαϐεῖν
999 2153 1448 2224 παραιτούμενος,
1489 2155 1624 2225 ὁμοῦ
1663 2173 1722 2207 τε

161 2238 234 2290 τὸν
259 2239 483 2309 σταυρὸν
512 2241 994 2311 ἐπαισχυνόμενος,
1018 2243 1196 2313 τίθησι
1231 2245 1329 2316 μὲν
1351 2249 1460 2310 τοῖς
1493 2247 1724 2300 ἀποστό-

162 2327 252 2388 λοις
280 2327 313 2380 a
343 2329 543 2400 μηδεὶς
591 2332 725 2401 μηδὲ
773 2333 882 2385 τῶν
928 2333 1008 2396 εἰς
1045 2336 1208 2388 σκαιὰ
1251 2335 1587 2407 βλασφημεῖν
1626 2339 1723 2390 αὐ-

161 2419 267 2481 τοὺς
308 2420 762 2484 ἐσπουδακότων,
811 2422 903 2476 δύο
946 2423 1003 2476 δὲ
1054 2425 1239 2493 σαφῶς
1281 2427 1584 2497 Χριστούς,
1631 2429 1722 2480 καὶ

161 2508 237 2561 δύο
257 2513 490 2580 Κυρίους
521 2513 808 2582 ἐπεισάγει
845 2516 958 2578 τοῖς
992 2516 1184 2569 ἐαυτοῦ
1242 2511 1488 2588 δόγμασι
1511 2521 1605 2572 καὶ
1637 2520 1722 2572 λό-

163 2614 285 2666 γοις·
315 2601 448 2671 φησὶ
493 2603 646 2674 γάρ·
685 2605 778 2671 Ὠς
805 2608 876 2660 οὐ
921 2606 1026 2659 τὸν
1067 2609 1138 2662 ἐν
1160 2609 1318 2678 ἀρχῇ
1348 2610 1492 2664 ὄντα
1531 2613 1723 2682 Λόγον

163 2691 353 2757 Κύριον
378 2693 479 2746 καὶ
509 2695 776 2762 Χριστὸν
805 2699 838 2751 ό
879 2697 1022 2764 Θεὸς
1058 2698 1347 2766 ἐποίησεν
1371 2741 1387 2766 ,
1406 2703 1567 2756 ἀλλὰ
1618 2703 1722 2756 τὸν

164 2779 484 2836 scribam-ra
500 2783 729 2837 ἑαυτὸν
747 2787 834 2852 εἰς
843 2786 1088 2856 μορφὴν
1101 2788 1450 2853 δούλουριαὶ
1467 2806 1724 2857 σταυρω-

165 2872 314 2927 θέντα
347 2876 417 2939 ἐξ
449 2877 800 2944 ἀσθενείας.
854 2880 966 2933 Καὶ
999 2881 1200 2953 γράφει
1237 2882 1294 2934 δέ
1325 2883 1352 2935 ὁ
1398 2881 1574 2952 μέγας
1621 2882 1723 2934 Βα-

165 2963 331 3029 σίλειος
382 2965 692 3040 διαρῤήδην
725 2970 914 3034 οὑτως.
949 2973 1069 3026 Ἔτι
1106 2973 1163 3027 δὲ
1217 2975 1370 3028 οὐδὲν
1401 2978 1434 3046 ἡ
1471 2976 1565 3032 τοῦ
1591 2977 1724 3030 ἀπο-

166 3056 323 3111 στόλου
372 3061 623 3126 διάνοια,
670 3063 703 3133 ἦ
746 3063 844 3131 τὴν
896 3065 1002 3136 πρὸ
1053 3065 1246 3128 αἰῶνος
1287 3065 1584 3118 ὑπόστασιν
1627 3065 1720 3118 τοῦ
1749 3099 1791 3158 C

164 3147 470 3219 Μονογενοῦς
507 3149 647 3224 ⁴ἡμῖν
685 3154 1016 3226 παρίστησι,
1055 3155 1183 3226 περὶ
1213 3151 1281 3228 ἦς
1313 3158 1340 3209 ὁ
1369 3155 1524 3224 λόγος
1560 3157 1617 3208 ἐν
1645 3155 1723 3225 τῷ

165 3242 364 3311 παρόντι
398 3258 413 3273 ⁸
441 3245 509 3296 οὐ
546 3243 658 3315 γὰρ
707 3247 836 3316 περὶ
883 3246 983 3316 τῆς
1025 3248 1212 3311 οὐσίας
1254 3247 1422 3317 αὐτῆς
1456 3247 1549 3301 τοῦ
1587 3245 1722 3300 Θεοῦ

165 3332 311 3398 Λόγου
338 3333 431 3386 τοῦ
466 3337 533 3388 ἐν
570 3335 710 3406 ἀρχῇ
754 3335 904 3399 ὄντος
943 3337 1077 3406 πρὸς
1114 3337 1204 3390 τὸν
1239 3339 1402 3403 Θεὸν,
1426 3339 1562 3392 ἀλλά
1597 3341 1724 3410 περὶ

164 3421 240 3474 τοῦ
265 3423 605 3488 κενώσαντος
641 3427 831 3478 ἑαυτὸν
868 3428 926 3479 ἐν
959 3431 1023 3498 τῇ
1053 3428 1146 3481 τοῦ
1179 3429 1364 3483 δούλου
1402 3435 1604 3502 μορφῇ,
1632 3432 1724 3484 καὶ

165 3517 426 3586 γενομένου
470 3519 804 3589 συμμόρφου
842 3519 921 3588 τῷ
954 3519 1164 3590 σώματι
1211 3522 1310 3592 τῆς
1347 3524 1726 3588 ταπεινώσεως

167 3607 330 3674 ᾐών,
363 3611 460 3662 καὶ
495 3609 904 3679 σταυρωθέντος
946 3611 1004 3676 ἐξ
1043 3613 1347 3676 ἀσθενείας,
1385 3616 1571 3683 σαφῶς
1608 3617 1723 3668 δια-

167 3697 371 3765 λέγεται.
415 3701 619 3755 Καίτοι
656 3702 814 3754 τοῦτο
867 3706 1028 3756 παντὶ
1061 3704 1335 3774 γνώριμον
1357 3746 1371 3769 ,
1401 3705 1480 3776 τῷ
1520 3709 1611 3760 καὶ
1639 3724 1725 3777 μι-

167 3788 275 3856 κρὸν
318 3793 679 3862 ἐπιστήσαντι
709 3793 809 3862 τῆς
860 3794 1221 3864 ἀποστολικῆς
1260 3795 1455 3860 λέξεως
1486 3797 1562 3867 τῷ
1604 3797 1725 3867 βου-

167 3877 358 3948 λήματι,
388 3883 471 3936 δτι
505 3882 628 3954 οὐχὶ
659 3883 932 3950 θεολογίας
971 3886 1097 3955 ὑμῖν
1134 3886 1468 3958 παραδίδωσι
1499 3889 1722 3958 τρόπον,

169 3968 279 4022 ἀλλὰ
309 3974 430 4035 τούς
450 3976 560 4044 τῆς
587 3974 897 4044 οἰκονομίας
924 3974 1113 4042 λόγους
1147 3975 1490 4046 παρεισάγει.
1509 3979 1726 4045 Κύριον

169 4061 256 4130 γὰρ
277 4065 478 4128 αὑτὸν,
501 4065 657 4134 φησὶ,
678 4066 775 4118 καὶ
797 4068 1055 4134 Χριστὸν
1074 4071 1106 4120 ό
1137 4069 1279 4133 Θεὸς
1305 4068 1574 4134 ἐποίησε,
1598 4069 1726 4124 τοῦς

168 4167 254 4204 τον
283 4154 382 4207 τὸν
414 4155 689 4224 Ἰησοῦν,
724 4157 796 4211 ὃν
831 4157 998 4227 ὑμεῖς
1028 4158 1446 4227 ἐσταυρώσατε
1466 4179 1477 4189 ·
1517 4164 1583 4233 τῇ
1613 4162 1724 4214 δει-

169 4251 304 4318 κτικῇ
340 4253 495 4321 φωνῇ
540 4249 676 4320 πρὸς
710 4250 770 4303 τὸ
823 4251 1162 4323 ἀνθρώπινον
1194 4253 1358 4306 αὐτοῦ
1400 4257 1492 4307 καὶ
1533 4256 1723 4325 βλεπό-

171 4352 302 4405 μενον
329 4344 486 4405 πᾶσι,
521 4342 803 4414 προδήλως
832 4345 1258 4416 ἐπερειδόμενος.
1296 4346 1483 4400 Ταῦτα
1515 4344 1724 4415 μὲνοῦν

1827 514 2135 554 sermonem
2193 502 2664 570 proposuerimus,
2705 502 3094 572 subtiliterque
3129 511 3184 556 et
3225 517 3390 557 aecus

1823 597 1939 644 rate
1971 592 2164 645 ambas
2211 592 2500 661 Opiniones
2536 591 2978 662 cxpenderimus,
3027 592 3265 647 auditori
3295 592 3387 662 ju-

1822 680 2029 734 dicium
2072 683 2185 736 veri
2235 683 2629 752 relinquemus.
2683 682 2788 736 Sed
2825 683 3264 738 adversariorum
3306 685 3390 738 in.

1825 771 2134 840 telligeutiae
2166 772 2392 826 idoneus
2429 771 2590 825 fuerit
2628 779 2894 841 patronus
2922 771 3037 841 ipse
3069 771 3387 837 Eunoinius,

1823 863 1916 931 qui
1942 865 1995 916 in
2037 863 2120 916 bis
2148 878 2254 916 non
2291 863 2533 932 segniter
2563 863 2814 916 certavit.
2853 860 3039 932 itaque
3067 878 3193 917 cum
3241 864 3389 919 illius

1824 956 2130 1006 sermonem
2165 953 2230 1007 ad
2265 954 2490 1008 verbum
2521 953 2980 1022 percurrerimus,
3027 961 3142 1007 tum
3169 955 3389 1008 demum

1823 1045 2065 1098 rationes
2119 1061 2309 1098 eorum
2365 1059 2486 1114 qua:
2535 1059 2634 1113 pro
2681 1043 3012 1098 adversariis
3065 1045 3275 1099 nostris
3312 1043 3392 1098 fad

1822 1137 1979 1190 ciunt
2059 1136 2489 1190 enarrabimus.
2571 1136 2650 1189 Ad
2724 1136 3193 1190 continuationem
3262 1152 3392 1191 vero

1822 1229 1994 1283 nostri
2048 1229 2322 1298 dogmatis
2351 1243 2722 1299 proponemus
2737 1243 2799 1282 ea
2825 1243 2949 1298 qua:
2981 1236 3110 1283 sunt
3137 1244 3166 1281 a
3194 1243 3393 1299 magno

1825 1321 2027 1374 Basilio
2050 1323 2208 1390 prius
2238 1322 2507 1392 exposita,
2552 1336 2673 1389 quae
2701 1320 2922 1391 quidem
2952 1330 3222 1390 quantum
3275 1322 3391 1376 ﬁeri

1822 1413 2020 1482 poterit
2046 1430 2076 1468 e
2106 1413 2334 1484 vestigio
2373 1429 2683 1482 sequemur.
2717 1412 2821 1467 Alii
2857 1422 3035 1468 autem
3079 1428 3145 1469 ex
3182 1414 3285 1468 hac
3317 1414 3395 1468 le-

1822 1507 2006 1561 ctione
2036 1520 2136 1576 pro
2172 1506 2399 1560 veritate
2445 1505 2711 1576 judicium
2769 1505 3025 1568 ferentes,
3077 1506 3220 1560 sicut
3267 1520 3394 1574 pro-

1822 1600 2109 1669 phetarum
2143 1598 2364 1667 quidam
2406 1599 2523 1653 ait:
2553 1597 2770 1652 Iustum
2797 1597 3061 1664 judicium
3087 1597 3330 1666 judicate
3350 1598 3392 1660 ⁸,

1822 1706 1928 1745 non
1969 1689 2327 1745 contentiosis
2362 1689 2672 1759 anticipatis
2701 1689 3051 1759 Opinionibus
3071 1728 3086 1751 ,
3120 1689 3214 1744 sed
3246 1689 3393 1742 veri-

1824 1783 1919 1837 tati
1955 1793 2050 1851 per
2087 1781 2499 1852 inquisitionem
2545 1781 2923 1836 demonstrare
2965 1780 3214 1834 victoriae
3255 1795 3396 1852 pra:-

1826 1875 1932 1928 mia
1965 1874 2344 1928 attribuentes.
2372 1867 2588 1928 Primus
2621 1873 2735 1942 jam
2771 1881 3084 1927 nostrorum
3128 1871 3235 1926 buc
3273 1883 3397 1943 pro-

1824 1966 1946 2019 deat
1970 1975 2276 2026 accusator,
2295 1968 2554 2033 tanquam
2573 1964 2626 2016 in
2653 1961 2771 2017 foro
2793 1964 2992 2032 scripta
3027 1962 3264 2018 re‘citans
3281 1963 3389 2029 (ai:

1900 2075 1918 2106 ι
1943 2055 2188 2125 Insuper,
2215 2055 2318 2110 hoc
2341 2056 2503 2112 etiam
2531 2055 2749 2109 verbum
2782 2055 2900 2123 [‘ecit
2928 2053 2982 2107 in
3012 2053 3251 2109 essentia
3270 2049 3396 2108 Filii

1825 2163 2037 2202 smnere
2070 2161 2362 2210 recusans,
2402 2145 2672 2215 simulque
2703 2144 2770 2199 ad
2801 2159 3020 2200 crucem
3063 2145 3397 2201 erubescens

1826 2239 2051 2306 imponit
2067 2242 2138 2308 qu
2147 2238 2285 2292 idem
2309 2238 2572 2308 apostolis
2586 2252 2705 2308 quae
2719 2237 2899 2292 nullus
2916 2251 3094 2306 neque
3109 2251 3177 2292 ex
3201 2236 3286 2292 bis
3302 2235 3398 2306 qui

1825 2331 1888 2382 ad
1909 2331 2151 2392 sinislra,
2180 2330 2231 2383 id
2257 2338 2338 2383 est
2361 2329 2426 2383 ad
2455 2330 2689 2383 infausta
2720 2330 2804 2383 vel
2831 2329 3190 2400 inepta,ipsos
3213 2329 3396 2398 impiis

1822 2420 2356 2474 conviciisincessere
2367 2422 2709 2476 vehementer
2721 2420 2896 2474 conati
2912 2420 3204 2475 sunttduos
3215 2428 3398 2475 autem

1823 2510 2072 2564 Clit-istos
2093 2518 2276 2580 aperte
2298 2517 2351 2564 et
2368 2509 2773 2564 duosDOminos
2792 2507 3000 2562 inducit
3015 2507 3133 2563 suis
3152 2507 3391 2563 decretis

1823 2611 1874 2654 et
1897 2602 2268 2656 sermonibus:
2287 2601 2417 2655 dicit
2441 2599 2613 2654 enim:
2635 2598 2788 2663 Quod
2817 2615 2918 2653 non
2939 2615 3054 2652 eum
3069 2600 3158 2669 qui
3181 2599 3234 2652 in
3255 2599 3398 2664 prin-l

1823 2694 1956 2759 cipio
1987 2703 2101 2746 erat
2132 2691 2372 2752 Verbum,
2402 2690 2686 2743 Dominum
2710 2700 2756 2743 et
2780 2689 3047 2743 Christum
3082 2689 3222 2743 Deus
3252 2689 3395 2757 fecit,

1824 2785 1913 2840 sed
1950 2802 2065 2840 eum
2096 2785 2184 2855 qui
2222 2784 2510 2837 exinanivit
2551 2785 2778 2851 seipsum
2817 2783 2869 2836 in
2899 2781 3123 2851 formam
3157 2783 3310 2846 servi,
3347 2785 3398 2834 et

1825 2879 2134 2947 cruciﬁxum
2154 2892 2218 2930 ea:
2249 2877 2580 2944 inﬁrmitate.
2625 2874 2748 2928 liaac
2777 2883 2957 2928 autem
2991 2874 3183 2928 scribit
3212 2885 3398 2942 aperte

1825 2969 2056 3024 Basilius
2081 2970 2182 3024 iste
2206 2984 2454 3038 magnus.
2473 2965 2742 3020 Praeterea
2761 2967 2841 3020 vel
2864 2966 3045 3020 nullus
3060 2974 3144 3020 est
3164 2966 3396 3034 apostoli

1826 3078 2042 3124 sensus,
2064 3061 2144 3115 vel
2163 3075 2281 3115 eam
2299 3075 2418 3130 qua:
2435 3067 2516 3113 est
2533 3068 2655 3111 antc-
2669 3058 2885 3119 smcula,
2912 3056 3244 3127 liypostasim
3261 3055 3399 3112 Unie

1826 3155 1989 3226 geniti
2019 3153 2176 3209 nobis
2198 3162 2568 3222 repraesentat,
2595 3151 2661 3205 de
2692 3163 2795 3219 qua
2818 3165 2997 3205 sermo
3023 3149 3076 3203 in
3105 3149 3394 3219 presenti;

1826 3262 1934 3301 non
1974 3246 2119 3300 enim
2153 3245 2220 3301 de
2245 3243 2483 3300 essentia
2515 3244 2630 3314 ipsa
2653 3243 2742 3295 Dei
2777 3239 3125 3308 Verbi,quod
3155 3240 3212 3294 in
3239 3239 3397 3310 prius

1825 3340 1966 3408 cipio
2004 3346 2122 3392 erat
2174 3337 2315 3406 apud
2346 3335 2537 3396 Deum,
2569 3334 2662 3388 sed
2693 3334 2760 3386 de
2801 3347 2866 3388 eo
2900 3332 2989 3402 qui
3028 3331 3267 3401 seipsum
3299 3347 3398 3386 ex-

1827 3431 2056 3484 inanivit
2092 3432 2146 3484 in
2179 3422 2353 3484 forma
2384 3428 2548 3491 servi,
2576 3434 2630 3480 et
2656 3426 2750 3496 qui
2775 3426 2952 3480 lactus
2985 3431 3065 3479 est
3095 3422 3398 3478 conformis

1825 3520 2041 3590 corpori
2083 3517 2407 3572 humilitatis
2457 3524 2682 3580 nostrae,
2724 3515 2929 3585 quique
2973 3514 3274 3569 cruciﬁxum
3313 3524 3400 3567 est

1825 3628 1887 3665 ex
1931 3612 2261 3674 inﬁrmitate,
2311 3607 2598 3663 manifeste
2646 3607 2888 3662 disserit.
2921 3605 2986 3658 Et
3033 3606 3138 3659 hoc
3176 3605 3400 3674 quidem

1825 3704 2021 3768 cuivis,
2065 3703 2147 3757 vel
2187 3701 2539 3756 mediocriter
2578 3699 2902 3760 attendenti,
2941 3697 3075 3766 quid
3120 3697 3225 3752 sibi
3270 3696 3400 3750 velit

1827 3795 1959 3848 illud
2003 3793 2208 3847 dictum
2258 3791 2642 3862 apostolicdm,
2686 3790 2906 3859 cognitu
2943 3787 3102 3841 facile
3143 3794 3248 3850 est,
3289 3802 3397 3839 non

1827 3885 2110 3954 tbeologiae
2162 3882 2320 3937 nobis
2352 3881 2572 3936 modum
2613 3879 2852 3942 tradere,
2903 3877 2999 3932 sed
3053 3876 3395 3936 (nconomize,

1828 3976 1878 4030 id
1904 3983 2006 4032 est.
2031 3974 2097 4028 de
2131 3973 2390 4044 mysterio
2410 3969 2804 4024 incarnationis
2835 3969 3078 4022 rationes
3109 3967 3392 4020 inducere.

1828 4068 2130 4128 Dominum,
2175 4066 2371 4135 inquit,
2394 4066 2625 4134 ipsumet
2654 4062 2924 4118 Christum
2955 4059 3094 4113 Deus
3119 4059 3238 4128 fecit
3262 4058 3398 4110 hunc

1826 4163 1996 4230 ipsum
2022 4157 2224 4221 Jesum,
2251 4174 2400 4228 quem
2433 4174 2520 4210 vos
2556 4157 2609 4208 in
2631 4168 2836 4207 crucem
2880 4153 3081 4222 egistis.
3117 4149 3262 4204 Voce
3296 4150 3396 4203 de-

1826 4251 2182 4306 monstrativa
2215 4249 2280 4303 ad
2311 4247 2704 4301 humanitatem
2741 4243 2936 4314 ipsius,
2983 4252 3034 4296 et
3069 4242 3136 4295 ad
3161 4240 3213 4294 id
3249 4238 3397 4310 quod

1825 4347 1891 4398 ab
1916 4342 2170 4397 omnibus
2199 4339 2484 4393 videbatur
2512 4345 2698 4398 aperte
2725 4334 3015 4390 intendens
3039 4351 3054 4400 ;
3085 4333 3200 4387 haec
3232 4332 3399 4402 igitur

167 4430 189 4479 ὁ
213 4429 280 4500 τῷ
305 4433 408 4485 τῶν
435 4434 754 4487 ἀποστόλων
801 4434 1098 4506 βουλήματι
1134 4437 1223 4490 τὸν
1254 4433 1444 4492 ἑαυτοῦ
1469 4439 1592 4493 νοῦν
1622 4441 1722 4493 ὐπ-

1826 4436 2030 4506 profert
2053 4436 2155 4488 istc
2180 4434 2272 4504 qui
2308 4430 2677 4501 apostolorum
2703 4427 2989 4482 sententiae
3015 4435 3069 4481 et
3101 4424 3395 4480 intentioni

167 4518 390 4585 αλλάξας,
432 4524 498 4575 οὐ
528 4522 635 4593 γὰρ
661 4523 723 4593 δή
764 4523 920 4593 θέμις
955 4527 1127 4578 εἰπεῖν
1161 4529 1481 4598 ἐπιστήσας,
1511 4531 1724 4598 μήποτέ

167 4627 233 4674 τις
253 4615 518 4685 τοσαύτην
541 4616 978 4685 καταψηφίσαιτο
1000 4617 1299 4688 παράνοιαν
1317 4619 1524 4690 ἀνδρῶν
1540 4621 1726 4687 ὁσίων,

168 4705 244 4756 καὶ
285 4707 418 4777 πρὸς
443 4709 509 4760 τὸ
540 4709 639 4778 τῆς
673 4707 954 4772 εὐσεϐείας
996 4709 1255 4781 κήρυγμα
1283 4711 1521 4779 λογάδων
1541 4727 1556 4743 ⁸
1585 4712 1726 4766 ὥστε

169 4793 248 4866 τήν
302 4799 527 4852 ἐκείνων
581 4798 928 4852 διδασκαλίαν
970 4801 1050 4863 είς
1099 4799 1368 4870 τοσαύτην
1423 4801 1726 4873 ὑπερδολὴν

169 4885 542 4943 ἀπολείπουσαν
559 4890 907 4962 είσυῦρίζειν.
929 4893 989 4944 0i
1017 4891 1107 4945 τὸν
1122 4892 1325 4945 ἑαυτῶν
1345 4892 1410 4960 λῆ
1419 4909 1509 4962 ρον
1527 4894 1604 4957 είς
1621 4893 1718 4964 τὴν

170 4975 256 5028 τῶν
271 4980 426 5032 ὁσίων
449 4983 670 5051 μνήμην
692 4979 1076 5050 ἀναφέροντες,
1099 4982 1257 5044 ποίας
1274 4982 1335 5034 οὐ
1358 4982 1544 5051 μεστοὶ
1555 4999 1720 5052 ταρα-

170 5068 278 5135 χῆςς
306 5070 471 5135 Ποίας
501 5071 601 5123 οὐκ
638 5073 870 5137 ἀτοπίας
898 5073 1157 5144 γέμοντες
1177 5114 1192 5135 ,
1223 5077 1271 5127 oi
1301 5075 1392 5127 τὸν
1431 5075 1717 5146 ἄνθρωπον

171 5159 233 5219 εἰς
257 5159 534 5231 ἄνθρωπον
555 5163 890 5216 κεκενῶσθαι
919 5164 1248 5230 δοξάζοντες,
1282 5166 1478 5219 καὶδιά
1504 5165 1714 5232 τούτου,

170 5245 244 5297 τὸν
279 5247 335 5313 ἐξ
362 5251 610 5322 ὑπακοῆς
638 5255 831 5306 ἑαυτὸν
861 5256 1274 5310 ταπεινώσαντα
1305 5261 1370 5328 τῇ
1397 5257 1488 5309 τοῦ
1523 5257 1709 5311 δούλου

173 5337 351 5405 μορφῇ.
368 5336 690 5410 σύμμορφον
708 5337 845 5396 εἶναι
862 5345 972 5407 τοῖς
999 5344 1303 5416 ἀνθρώποις
1322 5348 1413 5399 καὶ
1436 5347 1566 5418 πρὶν
1585 5349 1714 5401 ταύ-

169 5434 250 5494 την
272 5428 553 5486 ἀναλαϐεῖν
587 5433 685 5504 τήν
720 5435 931 5507 μορφὴν
948 5439 1464 5507 κατασκευάζοντες
1485 5442 1590 5495 Καὶ
1611 5441 1712 5509 τίς,

229 5598 251 5632 ⁸
279 5599 430 5658 Deut.
454 5623 491 5670 ι,
538 5607 637 5672 Ιϐς
667 5607 826 5663 Joan.
863 5625 958 5674 νιι,
984 5612 1074 5665 ει.

1826 4527 2104 4599 propriam
2136 4533 2371 4578 mentem
2409 4521 2732 4585 submutat;
2796 4517 2951 4572 nefas
2998 4517 3142 4572 enim
3187 4525 3273 4571 est
3309 4515 3397 4568 di-

1824 4635 1949 4674 cere
1984 4616 2128 4687 quod
2156 4615 2444 4683 intelligat,
2475 4611 2767 4681 nequando
2799 4610 2925 4678 quis
2945 4617 3112 4662 tanta:
3139 4607 3394 4662 amentia:

1823 4709 2100 4767 insimulet
2135 4708 2280 4762 viros
2312 4708 2554 4770 sanctos,
2605 4710 2658 4758 et
2703 4701 2768 4755 ad
2798 4702 3013 4772 pietatis
3053 4700 3398 4772 praadicatio-

1823 4817 1944 4858 nem
1973 4801 2206 4856 selectos
2236 4839 2250 4861 ,
2299 4799 2370 4852 ita
2411 4807 2471 4852 ut
2502 4796 2720 4850 illorum
2749 4793 3057 4848 dectrinam
3091 4793 3146 4845 in
3183 4797 3394 4843 tantum

1825 4893 2168 4948 deﬁcientem
2197 4890 2593 4945 contumeliose
2612 4887 2809 4943 audeat
2844 4898 3113 4941 asserere.
3143 4882 3395 4951 Quiergo

1827 4998 1957 5042 suas
1993 4999 2166 5053 nugas
2193 4981 2248 5036 et
2275 4982 2469 5036 delirio
2499 4980 2564 5035 ad
2602 4987 2920 5035 sanctorum
2955 4975 3274 5031 memoriam
3306 4988 3395 5026 re-

1827 5081 2032 5144 ferunt,
2063 5093 2169 5148 qua
2203 5095 2312 5134 non
2339 5079 2484 5150 pleni
2511 5083 2641 5133 sunt
2661 5073 3071 5147 perturbatione
3097 5071 3122 5124 ἳ
3149 5085 3256 5141 qua
3285 5085 3392 5124 non

1824 5170 2159 5226 absurditate
2188 5168 2412 5225 referti?
2436 5167 2528 5239 qui
2567 5165 2841 5220 hominem
2879 5163 2934 5217 in
2959 5159 3234 5216 hominem
3264 5173 3395 5214 evaa

1823 5269 2174 5317 cuatumesse
2190 5262 2509 5331 opinantur,
2553 5269 2716 5328 etper
2739 5257 2844 5311 hoc
2884 5267 3008 5309 eum
3024 5251 3117 5323 qui
3159 5265 3259 5322 pro
3293 5261 3393 5304 sua

1824 5352 2131 5406 obedientia
2178 5353 2418 5422 seipsum
2451 5347 2762 5405 humiliavit
2812 5346 3043 5400 formam
3076 5342 3221 5399 servi
3243 5340 3393 5396 accia

1826 5445 2000 5514 piens,
2019 5443 2353 5500 eonformem
2372 5441 2686 5499 hominibus
2703 5436 3050 5496 fuisseetiam
3071 5434 3412 5512 priusquam

234 5743 302 5812 (ο)
341 5744 511 5804 Verba
543 5759 671 5808 sunt
703 5750 954 5809 Eunomii
988 5754 1250 5814 haeretici.
1296 5754 1482 5812 Basilii
1512 5756 1694 5827 magni
1735 5755 1937 5827 scripta
1967 5754 2214 5812 refellere
2239 5750 2513 5808 conantis:
