1961 3227
274 128 327 156 €67

873 130 901 156 S.
923 130 1084 176 GREGDRII
1104 129 1248 158 NYSSENI
1826 129 1868 157 688

274 184 467 211 haucfortuatn
484 185 689 219 assnmpsisset,
707 190 884 219 prtustruunt.
901 186 923 213 0
941 196 987 214 vos
997 195 1053 213 out-

1109 185 1131 213 ὧ
1147 187 1253 214 πάντων
1267 186 1344 220 ὑμεῖς
1363 184 1541 220 ῥᾳθυμότατοι
1554 205 1560 215 ,
1576 183 1679 218 μορφὴν
1700 183 1762 218 ἔχων
1775 184 1867 218 δούλου,

273 230 348 256 nium
360 229 557 262 socordissimi,
568 231 613 265 qui
625 231 695 258 servi
705 230 821 258 fortnam
838 232 929 265 habet,
942 232 1057 260 formam

272 274 465 301 serviassumit
475 275 486 301 ?
494 276 633 309 quomodo
642 277 704 311 quis
712 278 749 304 sei
756 285 832 310 psum
843 278 870 304 itt
878 287 911 305 eo
921 279 993 313 quod
1001 279 1057 313 jam

271 324 313 347 est
326 320 512 347 exinanierit?
528 321 634 348 Nullam
642 323 714 349 enitn
725 323 757 349 ad
774 324 830 350 hmo
845 324 989 352 invenietis
999 333 1056 352 ma-

271 365 391 396 cltinam,
401 365 461 392 sitis
473 366 537 393 licet
551 374 613 394 cum
625 367 657 394 ad
672 368 816 395 dicendum
830 373 886 395 tum
896 370 1057 397 adsentien-

271 409 523 445 dumitnpossibilia
532 413 720 440 audacissitni.
731 413 784 441 Sed
793 417 930 449 quomodo
940 423 993 442 non
1000 424 1057 442 ont—

271 456 349 483 nium
356 464 404 484 vos
414 457 481 485 estis
488 459 604 486 maxime
616 458 774 491 miserandi,
785 460 923 487 hominem
939 469 988 495 pro
999 470 1057 488 om-

271 501 352 528 nibus
378 502 535 530 hominibus
564 511 674 538 passum
689 513 749 532 esse
768 505 932 539 opinantes,
951 508 1056 542 ipsique

272 548 381 574 illorutn
406 548 619 583 redemptionem
639 551 841 579 altribucntes?
867 551 894 578 Si
913 552 985 579 enim
1003 562 1055 580 non

271 591 401 620 deVerbo
415 594 488 628 quod
501 598 559 621 erat
572 595 599 621 in
616 596 759 630 principio,
774 601 800 623 et
813 597 884 631 qttod
902 597 974 624 Deus
985 605 1055 630 erat,

272 638 369 665 beatus
391 639 487 667 Petrus
507 640 637 671 disserit.
663 642 710 668 sed
733 642 766 668 de
783 650 815 668 eo
833 643 879 677 qtti
899 644 1054 676 videbatur,

270 687 298 710 et
309 684 354 718 qui
375 685 494 719 seipsum
510 686 671 717 exinanivit,
692 687 764 714 sicut
790 688 828 714 ait
852 688 989 716 Basilius:
1008 689 1056 717 Se-

271 730 361 765 ipsum
382 735 473 758 autem
495 732 647 759 exinanivit
666 733 688 759 is
708 733 754 768 qui
770 734 913 760 videbatur
932 735 1013 762 homo
1029 736 1054 762 in

271 776 344 803 servi
371 775 487 803 fortnam
504 785 511 803 :
530 778 577 812 qui
606 785 670 805 vero
698 779 850 806 exinattivit
873 781 993 815 seipsum
1022 782 1055 808 ad

271 821 343 848 servi
362 820 488 851 fortnam.
513 822 546 849 ad
568 823 687 850 hominis
708 825 912 859 generationem
935 827 1055 861 seipsum

270 866 424 893 exinanivit
438 876 443 894 :
460 867 543 902 igitur
559 869 605 902 qui
626 869 682 903 jam
703 870 846 897 videbatur
862 872 942 898 homo
958 872 990 898 ad
1007 873 1057 898 ho-

270 912 353 939 minis
378 915 582 948 generationem
612 916 763 942 exinanivit
784 916 916 951 seipsum.
951 917 1004 945 Sed
1030 922 1056 945 et

270 958 328 993 ipsa
354 967 445 986 rerqu
476 965 575 987 natura
608 965 741 996 repugnat
774 962 860 996 ipsis.
892 964 1055 991 contradicit

268 1005 352 1031 etiatn
368 1005 513 1032 manifeste
535 1007 557 1033 is
580 1006 639 1040 ipse
663 1007 710 1041 qui
733 1007 804 1034 hanc
819 1008 1054 1043 dispensationem

269 1049 296 1076 in
325 1058 374 1077 sua
397 1043 544 1089 Theologia
565 1052 733 1085 celebravit;
757 1060 811 1079 non
835 1061 897 1080 eum
918 1054 1054 1082 hominem

269 1096 315 1129 qui
341 1096 502 1128 videbatur.
522 1098 567 1124 sed
596 1097 685 1131 ipsum
700 1097 821 1125 Verbum
843 1099 917 1134 quod
941 1104 1000 1127 erat
1027 1102 1054 1127 in

268 1141 416 1175 principio,
434 1146 461 1169 et
484 1143 530 1176 qui
549 1141 619 1170 Deus
640 1148 710 1176 erat,
732 1152 843 1172 carnetn
869 1147 1055 1181 assumpsisse

268 1186 364 1214 dicens
379 1197 384 1214 :
402 1187 473 1222 qttod
502 1189 612 1222 quidem
633 1190 693 1217 aliis
716 1191 808 1218 verbis
822 1191 893 1219 idem
917 1198 958 1219 est
981 1201 1012 1220 ac
1031 1194 1054 1221 si

268 1233 381 1264 diceret,
408 1234 479 1260 servi
499 1233 614 1260 fortnam
641 1236 803 1269 sumpsisse.
820 1235 870 1269 Qui
896 1237 979 1271 igitur
999 1238 1055 1265 haec

268 1279 412 1306 credibilia
426 1280 601 1310 existimatis,
619 1281 653 1307 ab
667 1289 762 1308 errore
779 1282 922 1314 discedite,
938 1283 1055 1311 desinite

269 1323 407 1351 hominem
427 1324 598 1351 exinanitum
624 1332 686 1352 esse
711 1326 830 1360 opinari.
851 1327 929 1360 Quod
954 1328 977 1355 si
1000 1336 1052 1355 non

269 1369 384 1403 potestis
401 1369 551 1397 incredulis
578 1372 752 1404 persuadere,
778 1373 863 1400 altera
880 1381 946 1400 voce
966 1379 993 1401 et
1012 1381 1054 1401 se—

267 1414 356 1441 cunda
373 1417 510 1443 sententia
529 1416 670 1450 perfidiam
692 1418 749 1444 sive
767 1418 984 1446 incredulitatem
1000 1420 1051 1446 sol-

266 1461 331 1488 vite.
346 1461 375 1488 ln
392 1463 551 1489 memoriam
569 1468 694 1490 revocate
713 1472 774 1490 eum
793 1465 838 1499 qui
856 1465 945 1492 dixit:
963 1466 1015 1499 Qui
1028 1467 1054 1493 in

266 1507 354 1541 forma
371 1508 419 1535 Dei
440 1517 499 1535 cum
523 1515 600 1541 esset,
629 1518 680 1536 non
702 1511 823 1543 rapinam
848 1511 996 1538 arbitratus
1016 1517 1054 1539 est

1114 232 1218 268 μορφὴν
1236 231 1418 266 ἀναλαμϐάνει
1441 230 1549 262 δούλου;
1566 229 1627 260 Πῶς
1647 229 1668 255 δ’
1684 230 1714 256 ἂν
1734 238 1772 260 τις
1790 230 1870 256 ἑαυτὸν

1112 280 1151 309 εἰς
1162 277 1239 304 τοῦτο
1251 276 1393 303 κενώσειεν
1404 277 1471 311 ὅπερ
1483 275 1572 306 ἑστίη
1589 275 1624 301 Οὐ
1644 274 1692 310 μὲν
1701 271 1745 301 οὖν
1759 276 1871 310 εὑρήσετε

1111 323 1212 349 τούτων
1228 322 1287 349 τινὰ
1304 322 1437 357 μηχανὴν,
1461 321 1561 355 καίπερ
1574 320 1647 351 ὄντες
1663 320 1787 355 τολμηροὶ
1797 320 1872 355 λέγειν

1111 369 1157 394 καὶ
1170 360 1277 403 φρονεῖν
1296 367 1432 401 ἀμήχανα.
1453 366 1513 397 Πῶς
1532 366 1560 391 δὲ
1574 365 1622 391 οὐκ
1636 365 1801 391 ὲλεεινότατοι
1817 366 1873 392 πάν-

1111 423 1163 440 των
1179 414 1267 448 ὑμεῖς,
1282 412 1423 447 ἄνθρωπον
1442 411 1511 446 ὑπὲρ
1526 411 1651 437 ἁπάντων
1671 409 1812 445 ἀνθρώπων
1831 419 1871 437 πε-

1111 459 1235 485 πονθέναι
1253 458 1422 491 δοξάζοντες,
1437 457 1484 483 καὶ
1502 456 1588 490 τούτῳ
1613 456 1661 491 τὴν
1681 456 1780 482 ἑαυτῶν
1795 457 1872 483 ἀνατι-

1111 506 1202 537 θέντες
1217 505 1368 541 λύτρωσιν;
1384 505 1416 531 Εἰ
1434 504 1488 538 γὰρ
1499 503 1535 539 μὴ
1556 502 1618 538 περὶ
1633 502 1679 528 τοῦ
1692 503 1718 528 ὲν
1733 502 1798 537 ἀρχῇ
1811 502 1873 534 ὄντος

1110 549 1195 583 Λόγου
1220 549 1266 575 καὶ
1283 548 1350 574 Θεοῦ
1368 548 1442 580 ὄντος
1468 548 1482 574 ὁ
1511 547 1643 582 μακάριος
1669 546 1811 580 διαλέγεται
1831 547 1873 572 Ili.

1109 604 1172 630 τρος
1188 616 1194 627 ,
1217 595 1284 621 ἀλλὰ
1310 594 1372 630 περὶ
1390 594 1435 620 τοῦ
1462 594 1625 629 βλεπομένου
1659 593 1705 619 καὶ
1728 592 1874 624 κενώσαντος

1109 641 1213 673 ἑαυτὸν,
1229 640 1318 672 καθώς
1335 649 1400 674 φησι
1424 639 1578 670 Βασίλειος·
1600 638 1746 665 Ἐκένωσεν
1761 637 1787 664 δὲ
1798 638 1811 664 ό
1824 638 1873 672 βλε-

1110 685 1226 720 πόμενος
1251 685 1393 720 ἄνθρωπος
1410 684 1504 710 ἑαυτὸν
1526 685 1565 715 εἰς
1592 683 1685 709 δούλου
1705 683 1816 718 μορφήν-
1830 682 1874 709 ὀδὲ

1110 730 1231 761 κενώσας
1254 730 1348 756 ἑαυτὸν
1374 730 1413 761 εἰς
1432 729 1524 755 δούλου
1549 728 1673 764 μορφὴν,
1691 729 1730 759 εἰς
1750 727 1872 762 ἀνθρώπου

1110 776 1213 811 γένεσιν
1242 776 1374 802 ἐκένωσεν
1398 775 1491 801 ἑαυτὸν
1504 796 1511 806 ,
1531 776 1545 800 ὁ
1567 774 1732 809 βλεπόμενος
1752 773 1874 807 ἄνθρωπος

1110 823 1148 854 εἰς
1160 821 1301 858 ἀνθρώπου
1327 821 1432 856 γένεσιν
1457 821 1588 847 ἐκένωσεν
1606 820 1712 846 ἑαυτόν.
1733 819 1796 845 Ἀλλ’
1814 819 1874 845 ἀντι-

1067 872 1095 898 .B
1112 869 1225 904 μάχεται
1251 868 1299 903 μὲν
1325 867 1430 898 τούτοις
1452 868 1497 893 καὶ
1521 866 1589 901 αὐτὴ
1614 866 1668 892 τῶν
1690 865 1872 900 πραγμάτωνή

1107 914 1186 950 φύσις
1200 924 1207 930 '
1222 914 1430 949 ἀντιφθέγγεται
1449 913 1477 939 δὲ
1495 912 1650 947 περιφανῶς
1669 912 1714 938 καὶ
1732 911 1806 943 αὐτὸς
1819 911 1830 936 ὁ
1845 913 1871 946 τῇ

1107 961 1229 996 θεολογῐᾳ
1240 960 1288 997 τήν
1299 960 1451 995 οἰκονομίαν
1460 959 1560 994 ταύτην
1576 959 1714 993 ὑμνήσας·
1729 958 1758 984 ού
1774 957 1814 983 τὸν
1826 957 1872 991 βλε-

1107 1007 1222 1041 πόμενον
1238 1006 1388 1042 ἄνθρωπον,
1406 1006 1461 1033 ἀλλ’
1479 1005 1558 1037 αύτὸν
1574 1005 1619 1031 τὸν
1638 1005 1666 1030 ὲν
1681 1005 1749 1040 ἀρχῇ
1763 1003 1872 1030 ὄνταΔό-

1107 1061 1164 1086 γον,
1178 1053 1224 1079 καὶ
1238 1052 1303 1078 Θεὸν
1319 1052 1392 1081 ὅντα,
1415 1052 1503 1086 σάρκα
1519 1049 1694 1085 ἀνειληφέναι
1709 1049 1790 1082 λέγων
1800 1057 1805 1063 ·
1817 1048 1872 1083 ὅπερ

1106 1098 1198 1130 ἄλλαις
1222 1099 1322 1132 φωναῖς
1341 1095 1399 1124 ἶσόν
1417 1098 1472 1123 ζεστι
1496 1096 1534 1131 τῷ
1556 1096 1663 1131 μορφὴν
1677 1095 1767 1121 δούλου
1785 1093 1871 1120 λαϐεῖν.

1106 1145 1137 1171 Οἳ
1159 1145 1207 1179 μὲν
1225 1143 1270 1171 οὖν
1293 1144 1377 1170 ταῦτα
1404 1143 1526 1178 νομίζετε
1546 1142 1648 1173 πιστὰ,
1672 1140 1812 1177 μετάθεσθε
1834 1139 1871 1166 τοῦ

1107 1191 1222 1221 πλάνου,
1241 1189 1381 1216 παύσασθε
1398 1189 1442 1215 τὸν
1459 1189 1600 1224 ἄνθρωπον
1623 1189 1663 1219 εἰς
1688 1187 1821 1222 ἄνθρωπον
1834 1194 1872 1212 κε-

1106 1236 1238 1262 κενῶσθαι
1256 1235 1419 1268 δοξάζοντες.
1438 1235 1469 1261 Εἰ
1484 1234 1511 1260 δὲ
1527 1234 1575 1268 οὐχ
1596 1233 1683 1260 ἱκανοί
1708 1234 1767 1259 ἐστε
1787 1231 1873 1257 πείθειν

1105 1282 1235 1312 ἀπίστους
1246 1302 1252 1313 ,
1273 1281 1354 1316 ἑτέρᾳ
1376 1282 1450 1315 φωνῇ
1473 1280 1519 1306 καὶ
1536 1279 1651 1314 δευτέρᾳ
1666 1278 1746 1314 ψήφῳ
1762 1276 1806 1312 τὴν
1822 1278 1873 1303 ἁπι-

1107 1328 1182 1354 στίαν
1195 1327 1304 1353 λύσατε.
1326 1326 1531 1361 ’Υπομνήσθητε
1552 1325 1598 1352 τοῦ
1625 1326 1772 1360 φήσαντος·
1791 1322 1873 1355 Ὂςέν

1103 1372 1203 1408 μορφῇ
1232 1372 1304 1399 Θεοῦ
1323 1371 1477 1406 ὑπάρχων.
1504 1372 1559 1404 οὺχ
1576 1369 1733 1404 ἁρπαγμὸν
1755 1368 1873 1403 ἡγήσατο

1105 1419 1138 1445 τὸ
1156 1419 1231 1445 εἶναι
1245 1416 1297 1444 ἶσα
1320 1416 1389 1449 Θεῷ,
1411 1417 1479 1444 ἀλλ’
1498 1416 1606 1443 ἑαυτὸν
1628 1415 1756 1441 ἐκένωσε
1771 1411 1874 1448 μορφὴν·

1105 1465 1216 1492 δούλου
1231 1463 1346 1491 ,λαϐών-
1364 1463 1394 1489 ού
1419 1463 1474 1497 γάρ
1498 1463 1570 1488 ἐστιν
1586 1460 1737 1495 ἀνθρώπων
1756 1459 1834 1489 οὐδεὶς
1845 1457 1869 1488 ὃς

1105 1510 1198 1536 τοῦτον
1212 1508 1382 1535 οἰκειώσεται
1408 1507 1453 1533 τὸν
1477 1506 1564 1540 λόγον.
1587 1505 1682 1537 Οὐδεὶς
1702 1504 1755 1530 τῶν
1778 1503 1870 1530 πώποτε

266 1561 321 1580 esse
342 1561 369 1580 se
398 1555 527 1589 aequalem
552 1553 624 1586 DeoI
648 1554 693 1581 sed
719 1556 886 1589 semetipsum
911 1557 1053 1584 exittaniuil

1108 1556 1259 1590 γενομένων
1275 1554 1369 1588 ἁγίων,
1389 1552 1533 1589 μονογενὴς
1545 1550 1579 1587 ἦν
1591 1551 1658 1582 Θεὸς
1667 1571 1673 1581 ,
1690 1550 1824 1584 γενόμενος
1837 1548 1873 1574 ἇν-

267 1598 381 1632 farmatu
397 1599 463 1625 serui
476 1600 604 1633 accipiens
613 1599 634 1626 ⁵.
648 1599 745 1627 Nullus
755 1601 827 1627 enim
840 1607 882 1628 est
900 1602 1054 1636 hominum,

267 1645 315 1678 qui
328 1644 401 1671 hunc
422 1645 473 1672 sibi
494 1645 612 1673 vindicet
629 1651 656 1673 et
670 1647 835 1679 peculiarem
848 1647 932 1675 faciat
948 1657 1054 1677 sermo-

267 1698 343 1717 nem.
361 1689 459 1718 Nullus
471 1699 592 1725 unquam
606 1697 765 1719 sanctorum
780 1694 827 1727 qui
849 1694 970 1726 fuerunt,
983 1694 1055 1722 .Uni-

268 1737 377 1769 genitus
394 1736 447 1763 fuit
461 1737 545 1769 Deus,
571 1737 654 1765 homo
672 1738 771 1766 factus.
793 1738 849 1767 Hoc
870 1740 943 1767 enitn
968 1745 1011 1768 est
1028 1741 1054 1768 in

267 1782 355 1809 forma
379 1781 427 1809 Dei
443 1782 623 1810 exsistentem
649 1783 723 1810 servi
750 1783 864 1810 fortnam
881 1792 1001 1812 sumere.
1025 1784 1054 1813 Si

268 1827 353 1862 igitur
367 1828 400 1855 de
415 1835 448 1855 eo
461 1828 508 1863 qui
527 1828 704 1863 semetipsum
719 1828 752 1855 ad
765 1829 882 1856 formam
903 1831 976 1857 servi
995 1831 1054 1858 exi-

266 1874 373 1900 nanivit
394 1874 488 1901 beattts
513 1874 612 1901 Petrus
636 1875 771 1902 disserit:
801 1876 979 1911 semetipsum
1003 1885 1053 1904 att-

266 1921 321 1944 tem
336 1917 370 1944 ad
389 1918 461 1944 servi
488 1917 604 1945 fortnam
631 1918 783 1946 exinanivit
804 1921 849 1954 qui
877 1922 902 1947 itt
920 1921 1055 1956 principio

265 1967 325 1990 erat
340 1962 472 1995 Verbum,
496 1968 524 1991 et
548 1963 619 1992 Deus
634 1965 681 1999 qui
703 1970 745 1993 est
769 1965 953 2001 Unigenitus;
976 1967 1009 1994 de
1021 1975 1054 1994 eo

266 2011 313 2043 qui
335 2014 394 2037 erat
412 2011 438 2038 in
465 2011 600 2045 principio
613 2016 640 2038 et
663 2012 734 2040 Deus
755 2017 824 2045 erat,
836 2008 939 2041 beatus
956 2013 1054 2041 Petrus

265 2054 388 2085 disserit,
419 2059 445 2081 et
467 2055 540 2081 hunc
558 2055 638 2082 docet
661 2056 762 2083 factum
787 2065 849 2084 esse
867 2057 1009 2085 Dominum
1028 2063 1055 2085 et

266 2097 456 2126 Christum".
479 2100 557 2127 Hanc
587 2100 698 2135 quidem
730 2109 849 2136 pugnam
876 2102 933 2137 ipse
961 2111 1054 2130 secum

269 2149 360 2171 versat
376 2144 505 2177 Basilius,
524 2149 551 2173 et
567 2146 640 2173 clare
655 2147 785 2179 ostendit,
804 2156 892 2183 neque
908 2149 1053 2176 intentioni

266 2189 325 2217 sive
344 2191 485 2218 sententia:
511 2192 697 2226 apostolorum
719 2201 798 2221 suam
824 2199 942 2221 mentem
965 2199 1050 2222 atten-

266 2239 323 2262 tam
347 2236 473 2268 reddere,
501 2245 591 2272 neque
619 2246 732 2266 suorum
756 2247 915 2267 sermonum
941 2248 1050 2267 servare

267 2283 493 2317 consequentiam
512 2293 518 2311 :
533 2292 565 2311 ex
585 2284 685 2319 quibus
700 2285 742 2312 vel
760 2285 975 2321 inaequalitatem
993 2294 1052 2314 ser-

266 2328 357 2355 monis
380 2329 422 2355 sui
441 2329 674 2363 animadvertens,
700 2331 827 2358 concedit
843 2340 905 2359 eum
923 2333 969 2367 qui
992 2337 1052 2360 erat

266 2374 294 2401 in
318 2374 455 2409 prittcipio
482 2375 611 2409 Verbum,
636 2381 664 2404 et
686 2376 771 2404 Deum
793 2378 840 2413 qui
866 2384 935 2411 erat,
949 2379 1050 2406 factum

265 2427 327 2448 esse
353 2420 509 2453 Dominttm,
538 2422 579 2449 vel
607 2424 790 2457 pugnantibus
812 2426 961 2460 pugnantia
983 2434 1050 2453 con-

265 2473 361 2496 suens.
382 2470 409 2493 et
429 2466 455 2493 in
472 2467 515 2494 his
530 2468 702 2496 contentiose
716 2477 891 2504 permanens,
909 2472 962 2498 alia
980 2472 1051 2506 adji-

264 2510 319 2537 ciet
342 2510 484 2538 hostiliora
502 2521 509 2538 :
525 2512 595 2539 duos
616 2516 744 2541 astruens
768 2523 829 2542 esse
858 2515 996 2547 Cltristos,
1024 2522 1052 2544 et

265 2555 335 2583 duos
357 2555 489 2584 Dominos
504 2567 510 2583 :
527 2558 550 2584 si
570 2558 642 2585 enim
658 2559 727 2586 alter
744 2560 853 2594 quidem
870 2561 917 2595 qui
935 2566 995 2588 erat
1020 2562 1046 2588 in

264 2601 402 2636 principio
427 2601 500 2630 Deus
527 2603 647 2630 Verbum
669 2614 675 2631 :
697 2605 767 2632 alter
788 2614 852 2633 vero
877 2608 924 2641 qui
951 2612 1052 2635 semet-

265 2648 354 2681 ipsum
369 2647 521 2676 exinanivit
534 2653 562 2677 et
577 2649 693 2677 formam
718 2652 789 2679 servi
807 2654 974 2688 assumpsit;
998 2653 1051 2681 Do-

265 2692 358 2720 minus
379 2699 468 2720 autetn
487 2700 513 2721 et
531 2695 603 2723 Deus
624 2696 743 2724 Verbum
765 2705 812 2732 per
829 2706 910 2732 quem
938 2700 1048 2733 omnia;

266 2734 400 2764 Dominus
417 2742 547 2766 autemet
571 2740 698 2769 Christus
723 2741 768 2769 hic
785 2741 864 2770 Jesus
887 2744 933 2779 qui
955 2744 1045 2772 cruci-

321 2827 332 2843 ⁸
346 2826 461 2865 Philipp.
476 2837 505 2863 tt,
519 2830 545 2857 6.
585 2831 606 2845 "
624 2830 683 2858 Act.
703 2838 732 2864 ιι,
749 2830 792 2858 36.

1106 1602 1225 1638 θρωπος.
1241 1600 1326 1627 Τοῦτο
1339 1600 1392 1635 γάρ
1411 1599 1483 1624 ἐστιν
1494 1599 1522 1625 ἐν
1541 1598 1631 1633 μορφῇ
1644 1596 1709 1645 Θεοῦ
1728 1595 1872 1645 ύπάρχρντα,

1107 1647 1213 1684 μορφὴν
1226 1646 1318 1673 δούλου
1335 1645 1438 1672 λαϐεῖν.
1455 1644 1487 1670 Εἰ
1506 1644 1595 1670 τοίνυν
1620 1642 1684 1677 περὶ
1699 1639 1744 1667 τοῦ
1759 1639 1873 1666 κενώσαν-

1105 1703 1149 1726 τος
1170 1694 1266 1720 ἑαυτὸν
1286 1693 1325 1724 εἰς
1344 1691 1392 1727 τὴν
1407 1690 1453 1717 τοῦ
1480 1689 1573 1716 δούλου
1596 1687 1703 1723 μορφὴν
1726 1687 1740 1712 ὁ
1759 1684 1873 1721 μακάριος

1104 1740 1255 1773 διαλέγεται
1270 1739 1373 1773 Πέτρος
1382 1745 1388 1752 ·
1407 1737 1521 1763 ἐκένωσε
1539 1735 1566 1761 δὲ
1578 1734 1674 1761 ἑαυτὸν
1689 1734 1727 1765 εἰς
1738 1733 1782 1767 τὴν
1794 1730 1872 1757 δούλου

1106 1785 1211 1820 μορφὴν
1231 1786 1245 1811 ὁ
1259 1786 1286 1810 ὲν
1297 1785 1367 1819 ἀρχῇ
1383 1782 1419 1809 ὢν
1436 1782 1530 1815 Λόγος,
1544 1781 1590 1807 καὶ
1604 1780 1670 1811 Θεὸς
1682 1779 1718 1805 ῶν
1736 1775 1869 1829 μονογενὴς.

1106 1830 1231 1866 περὶτοῦ
1256 1831 1285 1856 ἐν
1306 1830 1375 1864 ἀρχῇ
1396 1828 1469 1859 ὄντος
1485 1827 1532 1854 καὶ
1550 1827 1617 1853 Θεοῦ
1637 1826 1712 1857 ὄντος
1726 1826 1739 1851 ὁ
1758 1826 1871 1859 μακάριος

1104 1865 1256 1909 διαλέγεται
1286 1875 1406 1910 Πέτρος,
1423 1874 1469 1900 καὶ
1493 1872 1586 1899 τοῦτον
1609 1871 1759 1898 ἐκδιδάσκει
1780 1865 1870 1903 γεγονὲ-

1104 1931 1148 1949 ναι
1169 1922 1269 1957 Κύριον
1290 1921 1336 1948 καὶ
1352 1919 1477 1955 Χριστόν.
1497 1918 1605 1953 Ταύτην
1629 1917 1719 1952 μέντοι
1731 1916 1778 1950 τὴν
1797 1913 1871 1949 μάχην

1105 1968 1184 1999 αὐτὸς
1212 1956 1280 2003 ergo;
1308 1965 1402 1992 ἑαυτὸν
1421 1964 1583 1999 ἀναστρέφει
1606 1962 1743 1992 Βασίλειος
1763 1958 1804 1986 καὶ
1824 1956 1868 1984 δεί-

1105 2022 1200 2041 κνυται
1225 2012 1328 2046 σαφῶς,
1346 2011 1406 2037 οὔτε
1433 2010 1471 2045 τῷ
1494 2009 1644 2044 βουλήματι
1664 2007 1716 2034 τῶν
1735 2003 1869 2033 ἀποστόλων

1104 2060 1151 2086 τὴν
1164 2058 1260 2086 ἑαυτοῦ
1275 2058 1336 2084 νοῦν
1354 2056 1514 2091 ἐπιστήσας,
1531 2055 1593 2081 οὔτε
1613 2054 1667 2080 τῶν
1682 2052 1784 2079 οἰκείων
1798 2049 1869 2082 λόγων

1105 2106 1246 2140 φυλάττων
1270 2103 1319 2139 τὴν
1342 2102 1517 2129 ἀκολουθίαν·
1533 2101 1562 2132 ἐξ
1584 2097 1620 2127 ὧν
1647 2099 1663 2134 ἦ
1685 2095 1869 2140 συναισθόμενος

1105 2139 1153 2186 τῆς
1167 2149 1322 2185 ἀνωμαλίας
1347 2148 1517 2183 συγχωρήσει
1537 2146 1581 2172 τον
1595 2146 1623 2171 ὲν
1645 2145 1714 2179 ἀρχῇ
1728 2142 1786 2168 ὄντα
1798 2139 1868 2186 MN.“

1105 2182 1151 2223 καὶ
1167 2182 1232 2222 Θεὸν
1247 2195 1310 2221 ὂντα
1332 2193 1472 2228 γεγονέναι
1486 2191 1602 2226 Κύριον,
1621 2187 1777 2224 μαχομένοις
1799 2182 1868 2219 μαχό-

1107 2251 1174 2277 μενα
1192 2241 1334 2268 συνάπτων
1350 2240 1396 2267 καὶ
1420 2238 1524 2268 τούτοις
1541 2235 1703 2272 παραμένων
1720 2231 1867 2285 φιλονείκξυς.

1102 2288 1184 2323 ἓτερα
1213 2286 1362 2322 προσθήσει
1385 2282 1573 2319 πολεμιώτερα
1590 2289 1596 2295 “
1615 2280 1661 2307 δύο
1679 2280 1867 2326 κατασκευαςιρν

1102 2332 1171 2360 εἶναι
1190 2331 1389 2367 Χριστοὺς,καὶ
1407 2330 1453 2357 δύο
1474 2328 1608 2364 Κυρίους·
1628 2327 1652 2353 εί
1663 2325 1716 2359 γὰρ
1731 2324 1815 2357 ἕτερος
1826 2324 1866 2367 μέν

1102 2381 1116 2406 ὀ
1128 2381 1155 2406 ἐν
1167 2364 1237 2414 ἀρχῇ
1249 2378 1285 2404 ὣν
1300 2377 1365 2408 Θεὸς
1374 2376 1472 2410 Λόγος·
1488 2375 1580 2410 ἔτερος
1593 2373 1619 2399 δὲ
1631 2373 1645 2398 ὁ
1657 2370 1772 2400 κενώσας
1788 2364 1866 2414 tauri»!

1104 2426 1150 2452 καὶ
1287 2423 1378 2450 δούλου
1393 2421 1491 2448 λαϐὼν·
1502 2420 1603 2454 Κύριος
1612 2418 1640 2444 δὲ
1649 2417 1694 2464 καὶ
1704 2417 1717 2443 ὁ
1727 2415 1786 2464 θεὸς

1104 2471 1136 2497 δι’
1145 2455 1175 2497 ού
1186 2455 1221 2497 τὰ
1228 2455 1318 2497 στάντα
1328 2477 1334 2483 ⁸
1353 2468 1454 2502 Κύριος
1468 2467 1496 2493 δὲ
1509 2466 1555 2492 καὶ
1565 2465 1579 2490 ὁ
1592 2463 1706 2500 Χριστος
1722 2457 1792 2490 οὗτος
1803 2457 1815 2483 ὁ

1105 2516 1178 2549 σοῦς,
1188 2517 1202 2542 ὁ
1217 2514 1383 2550 σταυρωθεὶς
1393 2501 1404 2545 ,⁷
1416 2512 1484 2549 μετὰ
1496 2512 1525 2538 τὸ
1540 2510 1663 2558 γενέσθαι
1678 2507 1712 2558 τα
1725 2501 1866 2558 πάχταιςξξῗ

1104 2545 1257 2589 κατξναῦτὺν
1272 2545 1366 2596 ιίύριοι
1382 2545 1429 2586 καὶ
1445 2557 1566 2594 Χριστοί.
1578 2555 1674 2582 Τοῦτον
1687 2553 1733 2588 μὲν
1743 2548 1785 2577 οὖν
1794 2545 1866 2575 οὐδεὶς

1105 2608 1303 2644 παραιτήσεται
1327 2606 1405 2640 λόγος
1422 2605 1471 2640 τῆς
1496 2603 1567 2630 οὕτω
1585 2598 1745 2646 περιφανοῦς
1759 2596 1865 2646 ⁸βλασςθῖὶί

1108 2635 1181 2689 μίας.
1198 2635 1230 2681 Ei.
1250 2653 1278 2680 δέ
1297 2661 1338 2684 τις
1362 2635 1650 2684 τούτοσυνιστάμενος
1669 2645 1732 2693 φαίη
1743 2635 1864 2693 “ibi

1107 2701 1157 2737 μὲν
1174 2698 1241 2727 εἶναι
1259 2700 1303 2726 τὸν
1318 2700 1346 2726 ἐν
1365 2699 1436 2734 ἀρχῇ
1452 2697 1537 2731 Λόγον
1551 2695 1598 2722 καί
1616 2692 1753 2737 γενόμενον

1105 2732 1175 2774 κατὰ
1189 2746 1216 2773 δὲ
1232 2746 1281 2781 τὴν
1294 2746 1322 2772 ἐν
1340 2732 1420 2779 σαρκὶ
1432 2732 1591 2778 νπαρουσίαν
1615 2735 1769 2773 γεγενῆσθαι
1780 2732 1864 2766 Κύρων
