3922 6452
582 411 688 470 69%

1789 424 1845 480 S.
1888 423 2217 482 GREGORII
2249 420 2542 481 NYSSENI
3687 425 3765 482 696

583 533 754 588 Filius
787 549 883 606 per
919 549 1141 590 carnem
1173 545 1226 592 et
1255 550 1472 592 crucem
1506 533 1774 594 Dominus
1807 549 1891 595 est
1935 540 2164 595 manife-

2269 541 2403 610 πρὸς
2435 539 2526 592 τὸν
2549 537 2766 608 Πατέρα
2797 537 3106 601 ποιοῦνται,
3138 536 3196 590 τὸ
3216 535 3302 590 διὰ
3328 535 3518 610 σαρκδς
3544 542 3625 594 καί
3645 560 3764 598 σταυ

583 635 800 692 status;
833 630 979 698 quod
1013 627 1190 684 Patr-is
1224 630 1442 700 quidem
1475 639 1670 685 natura
1699 648 1833 702 pura
1867 634 1921 687 in
1954 633 2158 703 impas-

583 718 848 773 sibilitate
875 728 1192 788 permaneat
1218 738 1232 787 ;
1267 719 1440 776 Filius
1464 737 1592 776 vero
1617 724 1744 792 quia
1783 724 1848 777 ad
1878 725 2158 778 humilita-

583 817 694 860 tem
719 817 916 862 natura
939 817 1302 864 transmutata
1332 811 1455 874 fuit,
1483 819 1536 866 et
1559 813 1623 866 ad
1653 813 1837 867 carnis
1857 814 2160 884 mortisque

583 900 979 967 experientiam
1008 901 1194 956 venire
1225 918 1330 955 non
1369 903 1783 972 impossibiliter
1816 921 1876 960 se
1910 905 2107 960 habeat
2142 924 2156 961 :

585 993 746 1062 quasi
795 1010 903 1047 non
959 1010 1151 1064 magna
1209 994 1348 1050 facta
1398 997 1469 1051 sit
1529 1005 1703 1051 status
1754 999 2017 1066 mutatio;
2067 999 2160 1053 sed

587 1084 995 1154 quodammodo
1019 1087 1083 1140 ad
1126 1099 1414 1157 cognatum
1447 1095 1500 1142 et
1526 1089 1830 1143 contribule
1875 1106 1941 1144 ex
1995 1090 2159 1145 simili

587 1175 906 1238 transierit,
957 1191 1025 1230 ex
1076 1194 1142 1231 eo
1185 1178 1330 1247 quod
1379 1188 1615 1233 creatam
1659 1181 1876 1248 quidem
1911 1191 2159 1235 naturam

590 1267 908 1328 humanam,
938 1278 1176 1321 creatam
1211 1271 1374 1323 etiam
1409 1269 1682 1340 Unigeniti
1730 1280 1982 1325 naturam
2033 1290 2162 1341 sup-

587 1368 776 1426 ponat.
812 1357 944 1412 Uter
975 1360 1140 1430 igitur
1168 1361 1293 1430 jure
1319 1373 1630 1429 accusatur,
1669 1364 1739 1417 ob
1779 1380 1993 1418 crucem
2039 1381 2164 1420 eru-

588 1450 850 1506 bescere?
878 1466 945 1505 an
980 1452 1026 1508 is
1055 1452 1148 1523 qui
1173 1453 1239 1508 de
1274 1455 1456 1523 seipse
1489 1455 1616 1508 vilia
1650 1463 1702 1509 et
1735 1455 1959 1509 humilia
1996 1455 2166 1509 dicit?

589 1556 658 1595 an
691 1541 780 1596 ille
811 1543 903 1612 qui
935 1545 1000 1598 de
1047 1545 1460 1600 sublimioribus
1503 1545 1824 1600 contendit?
1871 1547 2065 1601 Nescio
2117 1549 2162 1600 si

587 1632 678 1688 hic
707 1644 994 1691 accusator
1017 1635 1170 1691 Pauli
1199 1622 1448 1709 magnam
1473 1653 1660 1708 vocem
1695 1639 1902 1693 audivit
1931 1659 1944 1694 :
1971 1641 2062 1709 qui
2087 1642 2164 1694 sic

586 1724 758 1781 Deum
777 1730 830 1782 in
860 1745 1025 1786 cruce
1059 1732 1337 1802 cognitum
1369 1733 1643 1802 deprimit,
1674 1735 1852 1804 qualia
1885 1744 1938 1789 et
1963 1745 2164 1806 quanta

588 1818 681 1873 ille
725 1834 820 1875 ore
855 1822 1205 1892 magniloquo
1251 1823 1317 1878 de
1357 1837 1520 1878 cruce
1563 1834 1806 1880 enarrat.
1867 1825 1969 1892 Qui
2017 1827 2161 1882 enim

586 1925 688 1980 per
722 1919 871 1964 tanta
909 1922 962 1966 et
997 1914 1122 1967 talia
1153 1915 1412 1968 miracula
1466 1917 1703 1985 seipsum
1749 1926 1934 1971 notum
1984 1918 2165 1973 facere

586 2011 770 2072 potest
802 2021 815 2056 :
845 2004 1015 2066 Absit,
1055 2006 1250 2075 inquit,
1287 2008 1340 2060 in
1376 2009 1486 2062 alio
1525 2009 1750 2078 gloriari
1792 2011 1896 2064 nisi
1926 2011 1979 2064 in
2014 2028 2166 2064 crure

589 2095 719 2149 Jesu
754 2093 1039 2157 Christi",
1075 2105 1129 2152 et
1166 2097 1233 2152 ad
1272 2097 1592 2156 Corinthios
1625 2102 1757 2154 dicit
1793 2103 2014 2156 verbum
2047 2119 2166 2156 cru-

587 2184 694 2247 cis,
731 2185 986 2242 virtutem
1021 2187 1110 2241 Dei
1143 2204 1286 2254 esse,
1321 2190 1406 2244 liis
1429 2191 1522 2260 qui
1564 2193 1699 2246 salvi
1738 2193 1874 2247 ﬁunt
1897 2194 1960 2247 ".
1995 2193 2166 2265 Ephe-

588 2275 688 2331 siis
717 2285 898 2330 autem
945 2279 1200 2332 virtutem
1255 2280 1518 2351 quidquid
1566 2290 1650 2337 est
1710 2293 2057 2353 superantem
2113 2297 2166 2341 et

587 2367 957 2423 continentem
1007 2372 1188 2424 crucis
1241 2373 1407 2442 ﬁgura
1464 2375 1725 2430 describit
1754 2377 1817 2439 ",
1867 2377 1918 2430 in
1967 2379 2164 2447 quibus

584 2458 706 2514 vult
752 2461 902 2530 ipsos
953 2462 1221 2518 exaltatos
1271 2480 1432 2519 nosse
1464 2480 1887 2536 exsuperantem
1933 2470 2161 2539 gloriam

585 2551 808 2606 virtutis
867 2551 1031 2620 hujus
1066 2571 1081 2607 :
1114 2554 1456 2610 altitudinem
1510 2563 1564 2611 et
1629 2556 2050 2628 profunditatem
2111 2568 2164 2613 et

586 2639 930 2696 latitudinem
961 2651 1017 2698 et
1053 2644 1446 2715 longitudinem
1480 2649 1766 2703 nominans
1799 2666 2162 2720 unumquem.

586 2749 695 2803 que
723 2734 932 2804 apicem
960 2751 1148 2790 eorum
1169 2753 1290 2807 quae
1314 2738 1367 2792 in
1391 2740 1574 2794 crucis
1607 2741 1775 2811 ﬁgura
1812 2744 2163 2812 conspiciun-

587 2836 700 2891 tur,
732 2829 973 2898 propriis
1003 2831 1287 2900 appellans
1341 2833 1654 2888 nominibus
1683 2873 1698 2898 ,
1735 2835 1808 2887 ita
1859 2843 1917 2887 ut
1955 2844 2162 2904 partem

587 2933 883 2989 supernam
919 2920 1263 2977 altitudinem
1305 2922 1493 2985 dicat,
1550 2925 1977 2994 profunditatem
2032 2941 2165 2980 vero

586 3007 735 3078 quod
760 3019 882 3079 post
903 3024 1222 3082 compagem
1249 3012 1563 3082 subjicitur,
1582 3024 1955 3070 transversum
1977 3025 2163 3070 autem

586 3114 687 3170 per
713 3108 1008 3171 utrumque
1035 3104 1242 3172 apicem
1277 3106 1390 3160 sive
1417 3115 1709 3159 antennam
1737 3108 2090 3177 longitudinis
2112 3117 2166 3163 et

2265 631 2356 702 ροῦ
2386 630 2764 702 φανερωθῆναι
2811 631 2904 682 τὸν
2936 629 3137 700 Κύριον
3161 646 3172 658 ’
3214 629 3288 692 ὡς
3330 629 3426 700 τῆς
3470 632 3557 701 μὲν
3597 633 3767 701 φύσεως

2260 723 2354 776 τοῦ
2407 723 2617 794 Πατρὸς
2668 721 2914 792 καθαρᾶς
2949 724 3004 774 ὲν
3041 721 3276 792 ἀπαθείᾳ
3312 722 3670 792 διαμενούσηςο
3696 727 3767 779 τοῦ

2261 817 2315 870 δὲ
2348 815 2477 869 Υἰοῦ
2511 816 2600 869 διὰ
2631 816 2690 868 τὸ
2738 815 2873 886 πρὸς
2922 814 2982 866 τδ
3033 813 3403 881 ταπεινότερον
3453 815 3769 886 παρηλλάχθαι

2261 909 2358 980 τὴν
2389 909 2548 978 φύσιν
2567 949 2582 973 ,
2613 906 2749 980 πρὸς
2793 907 2994 978 σαρκός
3044 923 3102 958 τε
3133 907 3224 959 καὶ
3255 905 3477 958 Θανάτου
3505 910 3674 976 πεῖραν
3696 911 3771 962 οὐκ

2263 1000 2646 1063 ἀδυνατοῦντος
2694 997 2866 1051 ἐλθεῖν
2891 1015 2904 1028 ο
2945 997 3020 1060 ὡς
3066 998 3126 1050 ού
3159 997 3356 1066 πολλῆς
3389 997 3661 1067 γενομένης
3697 1001 3772 1069 τῆς

2267 1091 2648 1163 μεταστάσεως
2673 1130 2688 1154 ,
2729 1089 2865 1142 ἀλλά
2909 1089 3106 1158 τρόπον
3149 1088 3269 1140 τινὰ
3307 1088 3436 1157 πρὸς
3469 1090 3523 1141 τὸ
3565 1093 3773 1158 συγγενὲς

2263 1182 2356 1236 καὶ
2385 1181 2649 1250 ὁμόφυλον
2681 1183 2746 1233 ὲκ
2774 1179 2867 1232 τοῦ
2901 1178 3088 1248 ὁμοίου
3121 1177 3534 1250 μεταχωρούσης
3555 1219 3568 1242 ,
3607 1180 3682 1232 διὰ
3703 1181 3774 1232 τοῦ

2265 1273 2487 1341 κτιστὴν
2523 1271 2620 1341 μὲν
2668 1271 2770 1342 τὴν
2815 1269 3160 1340 ἀνθρωπίνην
3185 1310 3198 1333 ,
3236 1268 3454 1340 κτιστὴν
3493 1268 3544 1321 δὲ
3587 1269 3668 1323 καί
3703 1271 3776 1341 τὴν

2264 1361 2358 1415 τοῦ
2392 1360 2729 1428 Μονογενοῦς
2762 1359 3109 1413 ὑποτίθεσθαι
3141 1360 3321 1428 φύσιν.
3351 1359 3444 1421 Τίς
3471 1359 3631 1412 τοίνυν
3667 1362 3776 1412 εἰκά-

2264 1472 2372 1516 τως
2405 1452 2825 1523 ἐπαισχύνεσθαι
2866 1452 2943 1523 τῷ
2985 1452 3200 1523 σταυρῷ
3246 1455 3644 1522 κατηγορεῖται;
3680 1455 3776 1506 ὁτὲ

2265 1544 2496 1598 ταπεινὰ
2526 1547 2654 1617 περὶ
2694 1544 2885 1597 ἑαυτοῦ
2931 1544 3122 1611 λέγων,
3153 1543 3235 1613 ἢὸ
3274 1544 3407 1613 περὶ·
3437 1543 3538 1595 τῶν
3575 1543 3760 1613 owe:

2271 1653 2378 1704 ρων
2411 1635 2851 1704 ἀγωνιζόμενος;
2893 1635 3005 1687 Οὐκ
3045 1631 3160 1688 οἰδα
3208 1634 3262 1686 εἰ·
3286 1636 3385 1704 τῆς
3414 1633 3610 1686 Παύλου
3649 1651 3760 1702 μεγα

2266 1728 2533 1798 λοφωνίας
2560 1729 2588 1780 ὁ
2617 1728 2918 1798 κατήγορος
2943 1726 3197 1795 ἧκουσεν,
3231 1725 3264 1776 ὁ
3288 1724 3427 1776 οὕτω
3457 1725 3778 1796 κατασμικρύ-

2267 1837 2373 1872 νων
2399 1820 2488 1872 τὸν
2519 1821 2609 1872 ἐπὶ
2641 1819 2731 1871 τοῦ
2767 1817 2995 1889 σταυροῦ
3040 1817 3407 1888 γνωρισθέντα
3439 1817 3591 1880 Θεὸν,
3618 1812 3690 1870 οἶα
3711 1819 3781 1870 καὶ

2273 1911 2371 1962 ὅσα
2421 1911 2626 1970 ἐκεῖνος
2663 1908 2738 1978 τῷ
2782 1906 2970 1976 ὑψηλῷ
3020 1907 3248 1975 στόματι
3286 1907 3413 1977 περὶ
3456 1905 3544 1957 τοῦ
3595 1905 3780 1975 σταυροῦ

2273 2000 2642 2071 διεξέρχεται·
2672 2003 2698 2054 ὁ
2739 2000 2846 2070 γὶτρ
2884 1999 2970 2051 διὰ
2997 2000 3267 2051 τοσούτων
3306 1999 3399 2050 καὶ
3425 1997 3656 2049 τοιούτων
3679 1997 3780 2048 θαυ-

2277 2093 2458 2162 μάτων
2497 2091 2685 2144 ἑαυτὸν
2715 2091 3001 2162 γνωρίζειν
3034 2089 3193 2159 ἔχων,
3230 2088 3326 2156 Μὴ
3365 2087 3610 2156 γένοιτο,
3638 2087 3779 2155 φησὶν,

2271 2185 2372 2237 ἐ.τί
2402 2202 2516 2238 τινι
2545 2184 2711 2248 ἄλλῳ
2738 2181 3072 2252 καυχᾶσθαι
3100 2224 3113 2247 ,
3146 2185 3196 2234 εἰ
3230 2183 3314 2250 μὴ
3358 2181 3448 2232 ἐπὶ
3491 2178 3566 2244 τῷ
3590 2177 3781 2245 σταυρῷ

2274 2275 2378 2342 γρῦ
2427 2275 2716 2343 Χριστοῦ·
2772 2275 2866 2327 καί
2905 2273 3040 2344 πρὶς
3087 2273 3406 2343 Κορινθίους
3436 2271 3573 2340 λέγει
3611 2273 3687 2324 τὸν
3718 2271 3782 2322 λό-

2273 2385 2366 2434 γον
2425 2367 2520 2420 τοῦ
2575 2366 2808 2439 σταυροῦ
2869 2366 3095 2436 δύναμιν
3150 2365 3288 2418 Θεοῦ
3346 2368 3455 2428 τοῖς
3513 2364 3782 2434 σωζομένοις

2273 2458 2407 2514 εἶναι
2432 2477 2445 2490 ⁸
2485 2461 2751 2529 Ἐφεσίοις
2781 2460 2836 2513 δὲ
2861 2460 2961 2530 τὴν
2999 2460 3058 2512 τὺ
3107 2460 3213 2512 πᾶν
3238 2459 3616 2530 διακρατοῦσάν
3643 2475 3692 2510 τε
3716 2459 3782 2508 καὶ

2275 2553 2599 2622 συνέχουσαν
2643 2551 2894 2622 δύναμιν,
2943 2550 3020 2620 τῷ
3049 2551 3291 2622 σχήματι
3324 2549 3417 2603 τοῦ
3468 2548 3676 2620 σταυροῦ
3711 2566 3779 2602 κα-

2269 2644 2560 2717 ταγράφει,
2596 2644 2655 2695 ὲν
2683 2637 2765 2707 οἷς
2800 2643 3048 2713 βούλεται
3075 2643 3276 2706 αὐτοὺς
3304 2641 3603 2711 ὑψωθέντας
3625 2640 3780 2709 γνῶναι

2271 2737 2368 2808 τὴν
2430 2735 2877 2792 ὑπερϐάλλουσαν
2922 2734 3080 2800 δόξαν
3125 2736 3224 2806 τῆς
3276 2736 3546 2806 δυνάμεως
3594 2735 3779 2804 ταύτης.

2273 2831 2405 2901 ὕψος
2437 2831 2526 2883 καὶ
2554 2829 2714 2898 βάθος
2737 2869 2750 2893 ,
2795 2829 2891 2882 καὶ
2929 2829 3134 2892 πλάτος
3153 2869 3167 2890 ,
3199 2830 3294 2882 καὶ
3335 2830 3502 2900 μῆκος
3538 2828 3780 2896 κατονομά-

2273 2925 2399 2988 ζων,
2435 2924 2673 2994 ἑκάστην
2695 2922 2921 2992 κεραίαν
2945 2921 3053 2975 τῶν
3087 2920 3226 2975 κατὰ
3254 2922 3315 2974 τὺ
3347 2921 3525 2992 σχῆμα
3551 2920 3633 2972 τοῦ
3663 2935 3780 2970 σταυ-

2277 3015 2367 3088 ροῦ
2423 3017 2807 3089 θεωρουμένων
2835 3056 2848 3076 .
2902 3015 3052 3077 ἰδίοις
3100 3015 3519 3086 προσαγορεύων
3559 3013 3780 3082 ὀνόμασιν·

2272 3109 2347 3171 ὡς
2380 3109 2440 3160 τὸ
2486 3109 2583 3177 μὲν
2633 3109 2742 3162 ἄνω
2787 3107 2980 3178 μέρος,
3026 3106 3158 3175 ὕψος
3205 3109 3415 3159 εἰπεῖν·
3449 3105 3599 3175 βάθος
3638 3104 3700 3167 δὲ,
3740 3103 3781 3153 τὺ

585 3191 894 3246 latitudinis
939 3195 1160 3249 nomine
1194 3196 1512 3264 signiﬁcans
1540 3196 1637 3268 (a).
1683 3199 1758 3252 ita
1808 3207 1867 3253 ut
1916 3216 2013 3270 per
2060 3198 2163 3255 hoc

2277 3198 2415 3270 μετὰ
2466 3199 2562 3268 τὴν
2604 3198 2880 3270 συμϐολὴν
2911 3198 3274 3268 ὑποκείμενον
3301 3214 3314 3226 ·
3342 3197 3439 3267 τὴν
3467 3197 3520 3250 δὲ
3547 3193 3781 3264 ὲγκάρσιον

589 3297 846 3352 magnum
867 3284 1185 3354 mysterium
1205 3286 1605 3350 manifestetur,
1625 3289 1751 3357 quia
1764 3292 2027 3359 emlestia,
2044 3292 2167 3346 sub-

586 3381 840 3425 terranea
867 3380 920 3425 et
949 3373 1131 3427 omnia
1160 3389 1350 3428 eorum
1391 3391 1512 3446 qua:
1541 3388 1668 3432 sunt
1694 3391 1938 3434 extrema
1979 3383 2164 3436 conti—

587 3471 793 3518 nentur
822 3473 876 3518 et
897 3473 1223 3520 coercentur
1277 3467 1348 3521 ab
1379 3482 1447 3522 eo
1486 3469 1579 3538 qui
1631 3469 1771 3523 lianc
1839 3471 2163 3527 ineffabilem

589 3565 646 3609 et
675 3571 928 3627 magnam
961 3556 1218 3611 virtutem
1255 3559 1311 3612 in
1346 3558 1448 3614 hac
1493 3563 1675 3616 crucis
1705 3562 1876 3632 ﬁgura
1907 3566 2164 3621 ostendit.

592 3643 701 3698 Sed
742 3645 799 3699 in
841 3645 927 3700 his
965 3646 1444 3703 criminationibus
1484 3664 1591 3703 non
1628 3653 1860 3720 amplius
1880 3652 2169 3710 decertan-

591 3733 722 3787 dum
776 3751 899 3790 esse
941 3737 1199 3801 arbitror,
1259 3753 1728 3807 supervacaneum
1775 3743 2034 3810 judicans
2065 3747 2166 3800 ad-

591 3840 789 3881 versus
815 3827 1146 3880 calumniam
1173 3829 1513 3898 argumentis
1551 3832 1752 3887 obnixe
1783 3841 1837 3888 et
1878 3836 2170 3892 vehemen-

591 3925 678 3972 ter
709 3919 1066 3986 contendere,
1101 3923 1410 3992 przesertirn
1441 3939 1565 3978 cum
1594 3926 1794 3982 veritas
1828 3929 2019 3998 paucis
2071 3930 2167 3987 de-

591 4019 898 4069 monstrata
930 4013 1016 4069 sit.

665 4193 847 4260 Quare
873 4195 938 4249 ad
967 4196 1198 4251 alterum
1222 4198 1592 4254 accusationis
1613 4210 1777 4270 caput
1799 4209 2164 4262 transeamus.

594 4283 736 4340 Dicit
773 4287 957 4356 itaque
1006 4299 1218 4343 sanctos
1264 4308 1296 4342 α
1344 4291 1494 4344 nobis
1541 4291 1594 4346 in
1645 4293 1897 4348 invidiam
1943 4299 2079 4365 rapi,
2121 4309 2170 4352 et

595 4393 688 4447 per
729 4379 1055 4434 calumniam
1102 4385 1228 4452 peti.
1290 4381 1396 4438 Sed
1439 4385 1484 4439 si
1517 4385 1633 4453 ipse
1682 4385 1904 4452 audivit,
1963 4393 2162 4444 calum-

597 4470 868 4526 niantium
903 4475 1069 4529 verba
1119 4478 1352 4544 referat;
1390 4478 1534 4548 quod
1591 4479 1634 4534 si
1669 4497 1767 4536 nos
1801 4483 1922 4538 aliis
1965 4484 2171 4542 dixisse

2271 3290 2391 3343 καθ’
2417 3290 2671 3361 ἑκάτερον
2702 3289 2958 3361 κεραίαν,
2985 3289 3062 3359 τῷ
3103 3288 3196 3341 τοῦ
3239 3291 3444 3360 μήκους
3483 3305 3538 3341 τε
3574 3285 3656 3340 καὶ
3683 3284 3782 3337 πλα-

2269 3395 2395 3443 τους
2421 3381 2638 3451 ὀνόματι
2674 3380 3077 3450 διασημαίνων’
3113 3379 3188 3442 ὡς
3225 3379 3294 3432 ἂν
3337 3379 3423 3432 διὰ
3452 3377 3625 3432 τούτου
3659 3391 3783 3443 φανε-

2274 3471 2468 3542 ρωθείη
2501 3473 2562 3524 τὸ
2594 3471 2735 3542 μέγα
2768 3472 3063 3542 μυστήριον
3090 3511 3102 3530 ,
3134 3472 3216 3522 ὅτι
3250 3471 3344 3522 καὶ
3395 3469 3462 3523 τά
3493 3468 3689 3537 ούρὰνια
3715 3465 3783 3515 καὶ

2270 3563 2337 3617 τὰ
2366 3563 2709 3632 καταχθόνιοι,
2744 3563 2838 3616 καὶ
2865 3564 3040 3616 πάντα
3067 3561 3175 3614 τῶν
3201 3562 3372 3615 ὄντων
3399 3561 3466 3614 τά
3496 3560 3678 3630 πέρατα
3697 3555 3782 3608 ὸιαο

2270 3640 2549 3724 κρατεῖται
2601 3656 2695 3708 καὶ
2745 3654 3024 3725 συνέχεται
3069 3655 3220 3726 παρά
3253 3653 3348 3706 τοῦ
3386 3653 3484 3723 τὴν
3529 3650 3783 3720 ἀπόρρητον

2271 3746 2364 3798 καὶ
2392 3743 2632 3816 μεγάλην
2665 3743 2868 3814 ταύτην
2912 3743 3138 3814 δύναμιν
3172 3745 3229 3795 ὲν
3269 3743 3346 3814 τῷ
3376 3742 3525 3812 τύπῳ
3552 3738 3636 3792 τοῦ
3667 3753 3783 3788 σταυ-

2273 3835 2366 3908 ροῦ
2407 3835 2848 3907 παραδείξαντος.
2910 3836 3048 3888 Ἀλλ’
3095 3835 3246 3888 οὐδὲν
3306 3833 3459 3906 οἶμαι
3513 3835 3612 3887 δεῖν
3660 3831 3783 3881 πλέον

2270 3931 2386 3992 ταῖς
2421 3929 2618 3992 αἰτίαις
2647 3929 2869 3993 ταύταις
2896 3928 3342 3997 ὲναγωνίζεσθαι,
3375 3927 3608 3999 περιττὸν
3627 3922 3784 3993 κρίνων

2272 4021 2740 4092 ἐμφιλοτιμεϊσθαι
2769 4024 2878 4086 τοῖς
2899 4021 3040 4075 κατά
3061 4023 3158 4092 τῆς
3186 4023 3542 4091 συκοφαντίας
3569 4019 3780 4084 ἐλέγχοις,

2271 4118 2364 4166 καὶ
2388 4113 2454 4166 δι’
2489 4113 2684 4182 ὀλίγων
2710 4115 2808 4184 τῆς
2845 4113 3101 4184 ἀληθείας
3131 4113 3456 4184 δειχθείσης.

2343 4204 2550 4257 υύκοῦν
2582 4204 2716 4275 πρὸς
2757 4205 2943 4275 ἕτερον
2981 4202 3229 4274 ἔγκλημα
3275 4204 3522 4275 τῷλόγῳ
3559 4197 3778 4273 μετέλθω-

2277 4314 2395 4367 μεν·
2437 4296 2866 4350 Διαϐάλλεσθαι
2905 4295 3049 4364 λέγει
3093 4296 3228 4363 παρ’
3264 4295 3432 4365 ἡμῶν
3451 4295 3582 4360 τοὺς
3599 4292 3781 4362 ἁγίους·

2287 4389 2424 4442 Ἀλλ’
2455 4391 2502 4442 εἰ
2541 4389 2638 4459 μὲν
2672 4389 2831 4451 αὐτὸς
2876 4389 3100 4456 ἀκήκοε,
3143 4387 3349 4455 λεγέτω
3379 4388 3445 4440 τὰ
3489 4387 3682 4458 ῥήματα
3709 4379 3783 4446 τῆς

2277 4481 2606 4552 κατηγορίας
2634 4498 2649 4510 ’
2701 4483 2748 4532 εἰ
2795 4480 2851 4532 δὲ
2885 4479 3021 4550 πρὸς
3076 4479 3295 4549 ἑτέρους
3352 4479 3611 4550 εἰρηκέναι
3650 4474 3781 4540 λέγειν

598 4560 817 4626 asserit,
847 4576 943 4630 per
982 4570 1152 4620 testes
1180 4580 1364 4621 veram
1397 4569 1613 4637 culpam
1647 4573 1898 4626 ostendat
1925 4592 1938 4627 :
1972 4575 2016 4630 si
2041 4594 2164 4633 vero

2273 4575 2497 4642 δειξάτω
2543 4575 2630 4628 διὰ
2675 4576 2783 4626 τῶν
2826 4574 3245 4645 μαρτυρούντων
3279 4573 3450 4644 ἀληθῆ
3492 4572 3581 4639 τὴν
3621 4565 3780 4620 αἰτίανο

596 4665 664 4707 ex
702 4653 769 4708 iis
805 4668 924 4722 quae
954 4657 1279 4724 scripsimus
1311 4658 1672 4724 demonstrat,
1723 4662 1914 4717 recitet
1940 4663 2170 4728 dicta,et

601 4744 820 4813 culpam
847 4745 1208 4815 recipiemus;
1243 4748 1391 4817 atqui
1420 4749 1554 4803 nihil
1581 4751 1688 4806 tale
1720 4752 1965 4822 proferre
1985 4768 2168 4824 queat.

597 4835 794 4891 Nostra
821 4836 964 4890 enim
989 4838 1191 4908 scripta
1223 4839 1396 4895 cuivis
1421 4842 1781 4896 examinanda
1808 4850 1858 4898 et
1894 4845 2171 4913 probanda

598 4938 998 4998 proponuntur.
1028 4927 1084 4984 Si
1119 4931 1284 5000 igitur
1313 4947 1487 5002 neque
1520 4933 1568 4988 ei
1597 4933 1803 4989 dictum
1842 4947 1948 5001 est,
1995 4954 2172 5009 neque

599 5019 671 5076 ab
694 5021 814 5076 aliis
841 5020 1072 5084 audivit,
1106 5036 1282 5092 neque
1315 5038 1380 5076 ex
1413 5026 1634 5096 scriptis
1671 5029 1876 5085 nostris
1909 5037 2167 5101 tanquam

601 5113 907 5183 obsignatis
957 5114 1171 5168 tabellis
1216 5124 1394 5185 potest
1429 5120 1776 5183 convincere,
1812 5128 1992 5176 tacere
2041 5131 2173 5192 puto

599 5215 856 5274 oportere
913 5222 1036 5260 eum
1089 5209 1181 5277 qui
1230 5208 1602 5265 defensionem
1660 5212 1979 5269 instituerit.
2034 5215 2167 5270 Nam

602 5297 870 5353 adversus
917 5300 1124 5353 crimen
1160 5300 1304 5370 quod
1339 5302 1486 5354 nulla
1530 5302 1849 5372 probatione
1896 5305 2166 5371 subsistit,

603 5390 865 5458 praclara
897 5405 1028 5444 sane
1076 5389 1323 5446 defensio
1337 5395 1678 5458 est,omnin0
1694 5393 1873 5448 silere.
1897 5396 2170 5450 l‘etrusiu.

599 5485 1025 5556 quitapostolus,
1055 5485 1394 5540 Dominumet
1412 5484 1679 5542 Christum
1698 5488 1837 5544 Deus
1869 5483 1991 5552 fecit
2033 5487 2170 5542 hunc

603 5588 772 5629 wsmn
818 5572 1004 5626 Jemm
1043 5591 1195 5644 quem
1237 5593 1324 5631 vos
1371 5578 1424 5630 in
1474 5595 1676 5630 crucem
1719 5581 1898 5648 egistis
1931 5581 1992 5633 “’.
2045 5580 2168 5636 Hac

709 5731 752 5762 ¹¹
786 5731 968 5790 Galat.
1008 5749 1081 5798 VI,
1127 5733 1211 5791 ll.
1291 5733 1369 5785 "l
1395 5733 1521 5789 Cor.
1553 5751 1589 5802 ι,
1628 5735 1713 5790 18.

1794 5736 1837 5766 “
1873 5735 2071 5804 Ephes.
2097 5756 2178 5805 In,
2199 5741 2284 5798 l8.

2269 4670 2330 4721 Εἰ
2363 4667 2419 4720 δὲ
2448 4666 2538 4734 ἀφ’
2569 4660 2641 4718 ὧν
2671 4667 3104 4737 γεγραφήκαμεν
3129 4665 3518 4725 ἀποδείκνυσιν,
3540 4656 3782 4725 ἀναγνώτω

2268 4757 2338 4811 τὰ
2371 4755 2655 4826 εἰρημένα,
2689 4757 2784 4808 καὶ
2815 4755 2912 4826 τὴν
2944 4755 3123 4808 αἰτίαν
3152 4754 3414 4825 δεξόμεθα
3438 4769 3451 4783 ’
3500 4751 3602 4806 ἀλλ’
3625 4748 3708 4801 οὐκ
3732 4742 3781 4796 ἄν

2234 4911 2247 4919 ἢ
2268 4868 2318 4904 τι
2351 4849 2588 4903 τοιοῦτον
2628 4852 3014 4918 προσενεγκεῖν
3058 4849 3189 4918 ἔχοι.
3220 4849 3507 4919 Πρὸκειται
3537 4845 3631 4912 γὰρ
3657 4835 3780 4892 παντὶ

2267 4938 2345 5008 τῷ
2378 4939 2684 5009 βουλομένῳ
2708 4937 2775 4990 τὰ
2810 4939 2938 5008 παρ’
2965 4938 3121 5008 ἡμῶν
3152 4940 3230 5000 εἰς
3259 4936 3512 5001 ἐξέτασιν.
3556 4933 3609 4984 Εἰ
3630 4931 3676 4982 δὲ
3699 4925 3778 4995 μή·

2268 5047 2327 5082 τε
2361 5030 2496 5100 πρὸς
2526 5029 2686 5081 αὐτὸν
2716 5028 2954 5099 είρηται,
2994 5031 3129 5098 μήτε
3166 5028 3368 5098 ἑτέρων
3405 5027 3639 5093 ἀκήκοεν,
3673 5016 3809 5108 μῆτερ

2269 5121 2356 5176 διὰ
2381 5121 2490 5174 τῶν
2530 5123 2933 5191 γεγραμμένων
2963 5121 3075 5190 ἔχει
3100 5121 3188 5172 τὸν
3226 5119 3462 5188 ἔλεγχον,
3495 5114 3634 5182 σιγᾷν
3659 5104 3776 5174 οἶμαι

2269 5219 2461 5290 χρῆναι
2491 5218 2581 5270 τὸν
2619 5218 2757 5286 ὑπὲρ
2791 5216 2994 5268 τούτων
3045 5213 3494 5283 ἀπολογούμενον.
3543 5204 3666 5274 Πρὸς
3695 5197 3777 5290 γᾷρ

2267 5288 2328 5361 τδ
2376 5309 2742 5362 ἀνυπόστατον
2795 5307 3062 5377 ἔγκλημα,
3107 5306 3387 5378 πρέπουσα
3433 5302 3628 5357 πάντως
3665 5288 3777 5344 ἐστὶν

2274 5399 2534 5468 ἀπολογία
2588 5402 2620 5471 ἡ
2676 5401 2876 5469 σιωπή.
2938 5400 3139 5471 Πέτρος
3207 5399 3368 5468 φησὶν
3423 5396 3451 5447 ὁ
3502 5383 3774 5471 ἀπόπολθξι

2274 5494 2488 5560 Κύριον
2519 5469 2618 5547 καί
2663 5493 2915 5558 Χριστὸν
2955 5496 2986 5546 ό
3026 5492 3170 5558 Θεὸς
3204 5490 3444 5556 ἐποίησε
3481 5483 3670 5537 τοῦτον
3697 5469 3776 5560 τόνξ

3677 5580 3709 5598 .'

3682 5599 3706 5614 Ι.

2287 5583 2527 5651 Ἰησοῦν
2549 5584 2622 5636 ὃν
2645 5583 2808 5653 ὑμεῖς
2829 5583 3262 5652 ἐσταυρώσατε.
3301 5580 3484 5650 Ἡμεῖς
3505 5569 3658 5627 ταῦτα
3677 5573 3762 5627 παρ

2363 5743 2406 5774 ¹³
2439 5742 2556 5798 Act.
2586 5760 2646 5806 ll,
2674 5745 2770 5795 πὶ..

678 5884 753 5959 (α)
790 5885 935 5944 Idem
972 5888 1143 5944 fusius
1177 5889 1331 5946 docet
1363 5887 1424 5947 D.
1461 5887 1618 5963 Gt‘cg.
1659 5889 1814 5962 Nyss.
1853 5892 1907 5948 in
1943 5894 2270 5955 Cntcc/tcticn
2305 5899 2541 5952 oratione
2581 5912 2629 5952 c.
2665 5898 2751 5952 5'2.
