3922 6506
212 427 303 488 697
1314 425 1599 486 CONTRA
1629 424 1764 486 EUN

1875 424 2019 496 IUM,
2061 429 2189 486 LIB.
2233 431 2299 486 ν.

3343 436 3460 493 698'

205 546 354 603 αὑτοῦ
389 545 775 620 μεμαθηκότες
818 547 1016 618 φαμὲν,
1057 549 1184 619 περὶ
1227 546 1284 601 ἓν
1327 550 1506 602 πᾶσαν
1555 547 1764 618 βλέπειν

1876 561 1976 601 nos
2007 547 2074 602 ab
2104 563 2170 602 eo
2202 547 2404 613 edocti,
2454 546 2690 603 dicimus
2737 546 2790 601 in
2827 561 2996 602 unum
3033 561 3249 604 omnem
3274 548 3448 604 dicto-

202 640 298 694 τῶν
320 640 634 710 εἰρημένων
658 641 756 710 τὴν
782 641 1113 712 σύμφρασιν,
1142 639 1303 693 αὑτόν
1321 658 1378 693 τε
1401 640 1491 692 τόν
1519 639 1764 708 σταυρὸν,

201 732 285 783 καὶ
329 731 388 782 16
437 731 787 799 ἀνθρώπινον
834 732 1002 802 ὄνομα
1027 772 1041 795 ,
1105 732 1196 784 καὶ
1247 731 1307 784 τὸ
1353 730 1616 783 δεικτικὸν
1669 732 1768 799 τῆς

199 823 390 894 φωνῆς.
448 822 558 875 Δῦο
588 825 694 894 γὰρ
723 825 1023 895 πράγματα
1056 825 1182 894 περὶ
1204 822 1262 876 ἓν
1297 824 1586 894 πρόσωπον
1616 823 1645 873 6
1669 824 1768 891 τῆς

196 917 407 988 Γραφῆς
431 916 600 984 λόγος
625 917 984 986 γεγεννῆσθαί
1010 933 1163 988 φησι·
1199 917 1349 987 παρὰ
1382 916 1479 986 μὲν
1504 915 1610 968 τῶν
1642 914 1769 967 ’1ου-

193 1007 342 1060 δαίων
367 1007 430 1058 16
480 1008 680 1071 πάθος,
712 1008 863 1079 παρὰ
885 1008 941 1061 6's
988 1008 1079 1062 τοῦ
1118 1009 1252 1062 Θεοῦ
1288 1009 1582 1079 τὴντιμήν
1607 1023 1622 1037 ·
1670 1007 1767 1076 οὐχ

191 1099 259 1160 ὡς
295 1098 460 1150 ἄλλου
525 1099 628 1168 μὲν
678 1099 1024 1162 πεπονθότος,
1075 1100 1260 1170 ἐτέρου
1305 1099 1364 1152 δὲ
1403 1099 1492 1151 διὰ
1538 1097 1636 1168 τῆς
1677 1099 1769 1150 ἀν·-

191 1188 444 1259 οψώσεως
475 1192 849 1262 τετιμημένου
869 1205 882 1218 '
923 1191 1016 1244 καὶ
1047 1192 1377 1262 σαφέστερον
1407 1189 1774 1262 ὲφερμηνεύει

191 1285 350 1350 λέγων
397 1284 491 1337 διὰ
540 1285 652 1336 τῶν
689 1283 923 1354 ἑφεξῆς·
965 1284 1044 1352 Τῇ
1082 1283 1247 1350 δεξιᾷ
1277 1286 1402 1354 γὰρ,
1438 1283 1623 1353 φησὶν,
1661 1282 1766 1336 τοῦ

189 1375 326 1429 Θεοῦ
358 1377 658 1444 ὐψ-ωθείς.
703 1377 798 1439 Τίς
821 1372 916 1429 οὖν
957 1376 1143 1446 ὑψώθη
1169 1393 1184 1440 ;
1249 1377 1306 1428 '0
1338 1375 1590 1439 ταπεινός
1621 1375 1696 1440 δὲ,
1730 1374 1764 1446 ἢ

186 1471 211 1521 ό
237 1467 462 1536 ὕψιστος
481 1488 496 1534 ;
527 1470 607 1523 Τί
625 1470 681 1523 δὲ
703 1470 829 1524 ἄλλο
855 1470 1003 1540 παρὰ
1020 1469 1080 1522 τὸ
1098 1468 1248 1522 Θείόν
1267 1471 1410 1521 ἐστιν
1428 1469 1456 1521 6
1469 1469 1729 1538 ’Ύψιστος
1749 1486 1763 1533 ;

198 1557 352 1609 Ἀλλὰ
387 1560 501 1629 μὴν
533 1561 564 1612 6
594 1560 728 1622 Θεὸς
757 1560 1036 1631 ὑψωθῆναι
1080 1559 1139 1612 οὑ
1177 1559 1376 1625 δέεται,
1420 1559 1639 1630 ὕψιστος
1667 1557 1763 1611 ὢν.

191 1650 323 1718 ’Ᾱρα
353 1650 417 1703 16
467 1651 819 1723 ἀνθρώπινον
859 1654 887 1706 ό
968 1652 1262 1715 ἀπόστολος
1309 1651 1557 1723 ὑψῶσθαι
1596 1651 1762 1719 λέγειι

198 1739 409 1808 ’Υψώθη
461 1741 523 1794 δὲ
561 1741 654 1794 διὰ
687 1742 780 1795 τοῦ
829 1741 1032 1814 Κύριος
1073 1745 1168 1796 καὶ
1213 1743 1447 1814 Χριστὸς
1492 1742 1761 1811 γενέσθαι.

187 1833 275 1886 Διὰ
298 1831 458 1886 τοῦτο
487 1833 551 1886 δὲ
589 1834 728 1903 μετὰ
756 1834 817 1886 16
858 1835 1028 1897 πάθος
1054 1835 1288 1902 ἐγένετο.
1325 1835 1551 1898 Οὐκοῦν,
1580 1836 1639 1887 οὑ
1668 1835 1765 1904 τὴν

1878 653 1999 690 rum
2031 639 2272 708 phrasim
2296 639 2604 708 respicere;
2642 647 2695 693 et
2718 639 2890 708 ipsam
2923 655 3162 707 crucem,
3186 650 3236 696 et
3254 641 3446 696 huma-

1882 745 2012 782 nunt
2049 745 2270 793 nomen,
2319 738 2372 785 et
2405 730 2514 784 vim
2561 731 2712 784 vocis
2745 731 3255 786 demonstrativam.
3303 735 3446 789 Duas

1875 819 2020 873 enim
2056 835 2145 876 res
2195 821 2339 876 circa
2390 836 2550 874 unam
2590 835 2879 891 personam
2919 821 3214 892 Scriptum.
3267 838 3447 878 sermo

1877 912 2074 966 asserit
2103 912 2272 967 fuisse
2311 911 2508 974 factas,
2536 930 2564 966 a
2613 911 2817 967 Judaais
2859 912 3079 982 quidem
3114 914 3444 983 passionem,

1876 1016 1904 1054 a
1941 1000 2050 1056 Deo
2105 1012 2284 1057 autem
2335 1003 2637 1057 honorem:
2699 1020 2809 1058 non
2843 1005 2987 1074 quod
3041 1004 3181 1060 alius
3230 1006 3453 1075 quidem

1875 1105 2076 1160 passus
2091 1093 2184 1155 sit,
2219 1091 2360 1147 alius
2376 1108 2506 1147 vero
2521 1107 2617 1162 per
2640 1093 3021 1148 exaltationcm
3042 1096 3111 1149 sit
3126 1095 3446 1158 honoratus,

1875 1181 2020 1249 quod
2061 1182 2265 1236 clarius
2300 1184 2482 1238 verbis
2507 1185 2864 1254 sequentibus
2887 1187 3297 1255 interpretatur,
3319 1189 3448 1241 dum

1875 1269 2027 1335 dicit,
2066 1270 2268 1325 Dextra
2298 1271 2397 1326 Dei
2429 1272 2719 1328 exaltatus.
2767 1272 2903 1340 Quis
2960 1274 3127 1344 igitur
3179 1277 3453 1331 exaltatus

1874 1364 1997 1417 est?
2043 1364 2338 1420 humilisne
2387 1382 2455 1420 an
2521 1367 2868 1422 altissimus?
2901 1365 3038 1433 Quid
3075 1375 3253 1422 alitem
3304 1368 3451 1422 aliud

1875 1469 2038 1522 quam
2067 1453 2210 1509 Deus
2239 1464 2325 1510 est
2360 1456 2450 1510 ille
2481 1456 2577 1526 qui
2615 1457 3069 1512 estAltissimus?
3095 1457 3260 1526 Atqui
3307 1456 3453 1512 Deus
3535 1465 3538 1474 '

1874 1547 2184 1603 altissimus
2200 1563 2323 1602 cum
2355 1549 2449 1610 sit.
2482 1563 2591 1603 non
2628 1548 2833 1619 indiget
2868 1556 2928 1602 ut
2958 1549 3280 1603 snblimetur
3309 1567 3321 1603 :
3350 1548 3453 1620 igi-

1875 1646 1970 1693 tur
2010 1641 2296 1710 apostolus
2325 1641 2470 1710 quod
2506 1641 2802 1695 humanum
2849 1648 2954 1706 est,
2981 1643 3277 1696 exaltatum
3331 1659 3451 1698 esse

1877 1729 2034 1784 dicit.
2075 1730 2364 1788 Exaltatus
2399 1741 2484 1787 est
2511 1741 2714 1798 autem,
2743 1733 2871 1802 quia
2908 1733 3171 1790 Dominus
3199 1741 3252 1789 et
3293 1735 3452 1790 Chri-

1876 1831 1997 1878 stns
2033 1825 2213 1879 factus
2243 1833 2345 1880 est.
2388 1824 2618 1895 Propter
2668 1826 2773 1880 hoc
2827 1835 3008 1881 autem
3054 1837 3180 1897 post
3232 1829 3450 1897 passio-

187 1923 509 1994 προαιώνιον
548 1925 783 1996 ὕπαρξιν
807 1926 897 1980 τοῦ
927 1926 1134 1998 Κυρίου
1163 1926 1248 1980 διὰ
1276 1926 1369 1980 τοῦ
1391 1927 1641 1996 ἐποίησε
1666 1927 1764 1995 ῥή-

1872 1931 1993 1969 nem
2041 1914 2218 1972 factus
2268 1924 2370 1972 est.
2419 1917 2784 1982 Quamobrem
2841 1920 3123 1989 apostolus
3177 1936 3283 1974 non
3343 1921 3451 1974 Do-

192 2034 344 2086 ματος
383 2019 734 2088 παρίστησιν
763 2022 790 2071 6
846 2018 1168 2083 ἀπόστολος,
1218 2018 1355 2073 ἀλλὰ
1396 2019 1493 2092 τὴν
1533 2019 1626 2072 τοῦ
1671 2037 1765 2074 τα-

187 2109 360 2164 πεινοῦ
396 2111 542 2180 πρὸς
583 2111 643 2163 16
674 2110 873 2180 ὑψηλὸν
922 2111 1297 2182 μεταποίησιν,
1341 2111 1428 2165 διὰ
1456 2112 1556 2181 τῆς
1589 2111 1767 2176 δεξιᾶς

186 2199 269 2253 τοῦ
296 2198 430 2252 Θεοῦ
462 2201 868 2272 γεγενημένην.
885 2201 1248 2273 Σαφηνίζεται
1277 2202 1386 2274 γὰρ
1411 2204 1503 2257 καὶ
1529 2203 1615 2256 διὰ
1643 2202 1766 2255 τοὺ-

187 2307 270 2342 του
291 2291 380 2344 τοῦ
417 2293 672 2363 ματος
698 2293 758 2346 τὸ
786 2293 880 2363 τῆς
907 2294 1186 2358 εὐσεϐείας
1219 2297 1529 2367 μυστήριον.
1571 2296 1628 2348 Ὀ
1657 2294 1765 2366 γὰρ

187 2382 343 2434 εἰπὼν
385 2384 471 2436 ὃτι
515 2387 588 2454 τῇ
625 2383 775 2454 δεξιᾷ
815 2383 909 2438 τοῦ
938 2385 1074 2438 Θεοῦ
1105 2385 1356 2454 ὑψωθεὶς,
1394 2387 1643 2456 φανερῶς
1674 2390 1766 2440 ὲκ-

190 2473 442 2528 καλὺπτει
472 2474 583 2546 τὴν
612 2477 922 2547 ἀπόρρητον
956 2475 1050 2530 τοῦ
1102 2479 1399 2548 μυστηρίου
1429 2479 1761 2549 οἰκονομίανε

191 2564 301 2617 Ὀτι
328 2567 362 2634 ἡ
390 2565 556 2631 δεξιὰ
585 2567 677 2620 τοῦ
700 2566 833 2620 Θεοῦ
861 2569 893 2638 ἠ
921 2569 1176 2638 ποιητικὴ
1209 2569 1424 2622 πάντων
1445 2570 1553 2622 τῶν
1572 2570 1760 2633 όντων,

192 2657 385 2727 ῆὲστιν
427 2660 457 2711 6
505 2659 737 2730 Κύριος,
771 2659 837 2712 δι’
870 2655 930 2715 οὗ
969 2659 1038 2713 τὰ
1072 2663 1246 2713 πάντα
1279 2662 1527 2730 ἐγένετο,
1568 2663 1663 2716 καὶ
1704 2657 1764 2718 οὗ

191 2752 344 2821 χωρὶς
375 2751 597 2823 ὑπέστη
642 2751 750 2805 τῶν
793 2751 961 2805 όντων
1010 2753 1181 2814 οὐδὲν,
1213 2753 1349 2825 αὑτὴ
1375 2753 1468 2807 τὸν
1499 2753 1764 2808 ὲνωθέντα

194 2839 316 2909 πρὸς
343 2841 523 2910 αὐτὴν
569 2839 850 2912 ἄνθρωπον
883 2844 961 2905 εἰς
996 2842 1056 2895 16
1084 2841 1211 2894 ἴδιον
1254 2841 1385 2911 ὑψος
1415 2844 1655 2913 ἀνήγαγε
1678 2845 1764 2897 διὰ

193 2931 279 2999 τῆς
304 2932 692 3002 ἀνακράσεως,
745 2933 884 3002 ὅπερ
915 2932 1061 2986 ἐστὶν
1095 2933 1230 3003 αὑτὴ
1275 2932 1416 2987 κατὰ
1457 2934 1556 3005 τὴν
1581 2935 1762 3003 φύσιν,

196 3020 432 3073 κάκεῖνον
458 3021 774 3090 ποιήσασα.
801 3021 955 3073 Ἐστι
984 3021 1039 3072 δὲ
1069 3022 1198 3075 αὑτὸ
1233 3021 1446 3089 Κύριος
1467 3020 1562 3075 καὶ
1587 3020 1766 3075 Βασι-

194 3112 622 3183 λεύς-Χριστὸς
669 3112 780 3184 γὰρ
824 3113 852 3164 6
901 3113 1154 3184 βασιλεὺς
1204 3113 1565 3184 ὀνομάζεταιο-
1591 3111 1764 3168 ταῦτα

199 3205 428 3258 κάκεῖνον
471 3206 755 3275 εποίησεν.
801 3205 1012 3276 Ὠσπερ
1043 3206 1150 3278 γὰρ
1182 3207 1240 3258 ὲν
1268 3206 1344 3277 τῷ
1377 3206 1586 3278 ὑψίστῳ
1614 3207 1764 3276 γενόο

202 3315 342 3366 μενος
369 3300 470 3353 ὑπε
482 3298 736 3370 ρυψὼθη,
770 3298 914 3352 οὑτω
941 3300 1036 3353 καὶ
1063 3300 1131 3354 τὰ
1157 3299 1288 3352 ἄλλα
1322 3299 1499 3352 πάντα
1527 3299 1762 3367 ἐγένετο,

201 3388 250 3439 ὲν
289 3389 363 3460 τῷ
407 3391 674 3461 ἀθανάτῳ
719 3389 1004 3455 ἀθάνατος,
1051 3390 1108 3441 ἐν
1145 3388 1223 3460 τῷ
1255 3390 1394 3459 φωτὶ
1438 3389 1573 3459 φῶς,
1603 3391 1662 3442 ὲν
1687 3389 1766 3459 τῷ

199 3481 442 3555 ἀφθάρτῳ
487 3482 792 3555 ἄφθαρτος,
837 3484 896 3537 ὲν
923 3482 998 3552 τῷ
1038 3483 1252 3554 ἀοράτῳ
1293 3483 1540 3552 ἀόρατος,
1583 3485 1641 3536 ὲν
1689 3481 1766 3552 τῷ

201 3573 401 3644 Χριστῷ
426 3575 690 3646 Χριστὸς,
721 3577 780 3628 ὲν
810 3576 889 3646 τῷ
921 3573 1106 3646 Κυρίῳ
1136 3574 1358 3646 Κύριος.
1400 3575 1617 3643 Πέφυκε
1657 3568 1766 3645 γὰρ

201 3664 280 3716 ἐπὶ
323 3666 436 3719 τῶν
480 3665 817 3737 σωματικῶν
865 3667 1247 3736 ἀνακράσεων,
1296 3666 1424 3718 ὅταν
1468 3665 1646 3734 πολλῷ
1687 3665 1766 3736 τῷ

207 3757 367 3830 μέτρῳ
390 3759 452 3812 16
504 3758 692 3830 ἕτερον
724 3756 1009 3820 πλεονάζει
1055 3758 1239 3829 μέρος,
1286 3758 1424 3828 πρὸς
1448 3757 1509 3811 τὸ
1537 3760 1764 3830 ἐπικρα-

200 3848 311 3901 τοῦν
342 3852 567 3915 πάντως
604 3850 1011 3922 μεταποιεῖσθαι
1056 3850 1116 3904 τὸ
1152 3850 1564 3920 ἐλαττούμενον.
1597 3850 1766 3905 Τοῦτο

202 3942 282 3993 καὶ
307 3943 396 3996 ἐπὶ
420 3942 524 3996 τοῦ
557 3942 818 4015 μυστικοῦ
853 3943 1019 4013 λόγου
1045 3942 1228 4012 σαφῶς
1266 3942 1352 3996 διὰ
1378 3943 1477 4013 τῆς
1521 3944 1616 3996 τοῦ
1658 3944 1764 3997 Πέιι

203 4048 314 4101 τρου
364 4035 557 4104 φωνῆς
597 4034 976 4105 διδασκόμεθα,
1032 4035 1118 4087 ὅτι·
1162 4035 1226 4088 τὸ
1273 4035 1523 4088 ταπεινὸν
1563 4035 1658 4088 τοῦ
1706 4036 1765 4104 ἐξ

202 4121 466 4189 ἀσθενείας
524 4124 946 4194 σταυρωθέντος.
998 4126 1030 4194 ἡ
1075 4124 1132 4177 δὲ
1159 4123 1412 4178 ἀσθένεια
1453 4124 1552 4196 τὴν
1588 4125 1767 4196 σάρκα

204 4214 350 4285 δηλοῖ,
381 4217 572 4282 καθὼς
615 4219 744 4289 περὶ
776 4216 870 4271 τοῦ
906 4217 1110 4287 Κυρίου
1139 4216 1471 4289 ἠκούσαμεν.
1514 4218 1682 4272 Τοῦτο
1707 4218 1765 4271 δὲ

203 4306 276 4360 διὰ
305 4310 398 4380 τῆς
430 4310 576 4381 πρὸς
605 4310 666 4362 16
686 4310 911 4381 ἄπειρόν
938 4327 997 4363 τε
1032 4313 1125 4364 καὶ
1150 4310 1401 4382 ἀόριστον
1437 4309 1533 4364 τοῦ
1559 4310 1764 4380 ἀγαθοῦ

207 4400 564 4474 ἀνακράσεως,
615 4401 797 4456 οὑκέτι
843 4402 1055 4472 ἔμεινεν
1099 4405 1156 4456 ὲν
1204 4406 1315 4467 τοῖς
1353 4403 1501 4467 ἰδίοις
1548 4404 1766 4475 μέτροις

205 4492 285 4545 καὶ
313 4493 600 4566 ίδιὼμασιν
626 4509 640 4526 ·
685 4493 820 4548 ἀλλὰ
856 4497 923 4565 τῇ
965 4493 1115 4565 δεξιᾷ
1142 4493 1234 4547 τοῦ
1264 4495 1399 4548 Θεοῦ
1425 4496 1762 4568 συνεπήρθη,

207 4584 286 4636 καὶ
311 4587 529 4656 ἐγένετο
570 4586 692 4640 ἀντὶ
727 4586 1038 4657 ὑποχειρίου
1080 4587 1312 4659 Χριστὸς
1341 4589 1611 4658 βασιλεὺς,
1645 4590 1764 4644 ἀντὶ

205 4681 437 4735 ταπεινοῦ
474 4679 715 4750 ὕψιστος,
749 4681 870 4734 ἀντὶ
913 4679 1201 4750 ἀνθρώπου
1233 4681 1384 4744 Θεός.
1421 4683 1554 4735 Τίνα
1585 4683 1763 4738 τοίνυν

205 4769 231 4819 ό
265 4770 395 4845 ὑπὲρ
436 4771 550 4826 τῶν
605 4771 921 4826 ἀποστόλων
961 4771 1214 4842 πολεμεῖν
1264 4774 1395 4843 ἡμῖν
1437 4774 1766 4844 σχηματιζό-

211 4876 368 4928 μενος,
403 4857 567 4936 εὖρεν
597 4866 661 4916 ἐκ
700 4864 807 4916 τῶν
839 4864 1242 4934 γεγραμμένων
1275 4864 1415 4918 κατὰ
1447 4865 1554 4919 τῶν
1596 4867 1766 4933 ἁγίων

208 4951 387 5026 λαϐήν;
461 4957 623 5010 Ἀλλὰ
667 4957 962 5010 σιωπάσθω
1024 4958 1119 5010 καὶ
1163 4956 1320 5010 τοῦτο
1368 4957 1430 5010 τὸ
1471 4957 1720 5028 ἔγκλημα
1749 4975 1762 4987 ’

213 5049 382 5117 μικρὸν
422 5049 534 5119 γὰρ
572 5045 724 5118 οἶμαι
759 5047 852 5101 καὶ
885 5048 1107 5115 ἀγεννὲς
1137 5044 1293 5111 εἶναι,
1332 5049 1468 5120 πρὸς
1495 5049 1563 5102 τὰ
1587 5049 1758 5119 ψευδῆ

209 5153 258 5188 τε
287 5143 370 5194 καὶ
390 5142 766 5200 ,ἀναπόδεικτα
802 5141 912 5192 τῶν
949 5140 1256 5211 λεγομένων
1304 5141 1574 5194 ἵστασθαι.
1620 5141 1756 5194 Ἀλλ’

211 5224 287 5278 ἐπὶ
305 5229 359 5281 16
388 5229 744 5302 σφοδρότερον
771 5231 867 5300 τῆς
903 5229 1238 5302 κατηγορίας
1267 5229 1632 5300 μετέλθωμεν.

269 5405 389 5475 Φησὶ
408 5448 423 5473 ,
457 5408 564 5462 τόν
601 5407 915 5475 ἄνθρωπον
945 5406 1319 5476 κεκενῶσθαι
1345 5407 1548 5478 λέγειν
1571 5409 1758 5478 ἡμᾶς,

1871 2009 2005 2063 mini
2021 2011 2397 2065 exsistentiam
2413 2026 2534 2080 quae
2546 2014 2842 2068 antecessit
2859 2013 3078 2078 saecula,
3097 2029 3194 2082 per
3219 2013 3446 2069 verbum

1872 2100 2016 2170 fecit,
2048 2110 2424 2171 repraesentat,
2467 2103 2562 2159 sed
2597 2105 2818 2160 humilis
2861 2106 2928 2160 ad
2954 2107 3229 2162 excelsum
3272 2118 3452 2160 muta-

1871 2193 2076 2246 tionem
2110 2208 2207 2262 per
2231 2193 2511 2248 dexteram
2546 2194 2639 2250 Dei
2689 2195 2907 2253 factam.
2963 2196 3293 2264 Quinetiam
3353 2216 3450 2270 per

1871 2281 1976 2337 hoc
2034 2285 2260 2338 verbum
2297 2286 2519 2354 pietatis
2565 2289 2889 2358 mysterium
2956 2291 3288 2346 declaratur.
3342 2291 3449 2358 Qui

1871 2375 2016 2428 enim
2064 2375 2204 2430 dixit
2239 2379 2387 2447 quod
2423 2378 2614 2434 dextra
2670 2379 2765 2435 Dei
2809 2381 3106 2448 exaltatus,
3159 2382 3451 2439 manifeste

1873 2463 2201 2520 ineli‘abilem
2244 2470 2485 2539 mysterii
2530 2471 3000 2541 dispensationem
3030 2474 3246 2528 evolvit.
3293 2473 3450 2540 Quod

1874 2555 2102 2611 dextera
2143 2557 2234 2612 Dei
2267 2561 2509 2615 omnium
2548 2577 2671 2632 quae
2720 2573 2850 2618 sunt
2880 2571 2966 2618 est
3008 2565 3274 2630 effectrix.
3326 2583 3452 2637 quae

1871 2648 2092 2719 quidem
2155 2659 2240 2705 est
2295 2650 2583 2720 Dominus,
2635 2669 2732 2724 per
2784 2670 2947 2724 quem
2998 2657 3184 2711 omnia
3227 2658 3487 2713 condita-

1872 2754 2021 2808 sunt,
2056 2753 2111 2799 et
2141 2745 2260 2800 sine
2311 2760 2420 2815 quo
2445 2746 2583 2800 nihil
2617 2761 2808 2801 eorum
2851 2761 2972 2816 qua:
3004 2756 3133 2801 sunt
3168 2749 3447 2806 subsistit.

1871 2837 1999 2890 Haec
2026 2837 2244 2892 unitum
2277 2853 2462 2893 secum
2499 2838 2772 2893 hominem
2808 2839 2876 2893 ad
2925 2841 3197 2909 propriam
3226 2843 3452 2897 celsitu-

1872 2928 2052 2984 dinem
2083 2945 2180 3000 per
2206 2931 2657 3000 temperationem
2691 2932 2909 2995 extulit,
2945 2932 3094 3001 quod
3118 2934 3340 3003 quidem
3365 2942 3452 2991 est

1872 3022 1990 3092 ipsa
2023 3022 2326 3076 secundum
2363 3031 2645 3088 naturam,
2689 3024 2853 3078 etiam
2879 3024 3034 3078 illum
3089 3023 3317 3082 faciens.
3355 3030 3452 3083 Est

1873 3123 2054 3169 autem
2081 3114 2260 3184 ipsum
2293 3115 2553 3170 Dominus
2593 3126 2650 3171 et
2693 3114 2836 3181 Rex,
2874 3115 3127 3173 Christus
3165 3119 3310 3173 enim
3352 3133 3450 3174 rex

1874 3205 2210 3270 nominatur,
2241 3205 2357 3261 haec
2394 3209 2559 3262 etiam
2617 3208 2771 3262 illum
2826 3206 3040 3274 ell'ecit;
3102 3215 3159 3262 ut
3192 3210 3336 3264 enim
3391 3211 3450 3266 in

1872 3296 2144 3352 altissimo
2177 3296 2378 3361 factus,
2421 3299 2861 3368 superexaltatus
2893 3307 2997 3361 est,
3031 3301 3114 3354 sic
3142 3301 3309 3354 etiam
3341 3302 3452 3356 alia

1871 3390 2054 3443 omnia
2073 3388 2250 3446 factus
2267 3398 2373 3453 est,
2389 3391 2442 3444 in
2458 3392 2754 3446 immortali
2772 3392 3117 3454 immortalis,
3132 3393 3185 3447 in
3202 3394 3448 3460 lucelux,

1873 3480 1926 3534 in
1949 3481 2348 3551 incorruptibili
2364 3483 2797 3554 incorruptibilis
2818 3501 2832 3538 :
2855 3483 2910 3537 in
2929 3482 3192 3538 invisibili
3212 3485 3452 3540 invisibi-

1874 3571 1964 3637 lis;
1984 3571 2038 3624 in
2053 3571 2270 3628 Christo
2311 3573 2602 3642 Christus;
2622 3575 2678 3628 in
2697 3573 2927 3630 Domino
2940 3573 3222 3633 Dominus.
3240 3575 3373 3630 Nam
3393 3578 3450 3632 in

1873 3666 2770 3735 corporalibustemperationibns,
2802 3683 2924 3723 cum
2947 3685 3073 3738 pars
3087 3670 3259 3724 altera
3276 3671 3448 3724 multa

1873 3766 2130 3807 mensura
2194 3752 2481 3821 exuberat,
2532 3771 2655 3825 quae
2705 3757 2886 3811 minor
2939 3766 3026 3814 est
3063 3758 3447 3814 transformari

1871 3843 2009 3896 solet
2043 3842 2105 3895 in-
2135 3857 2254 3897 eam
2280 3852 2489 3912 partem
2534 3861 2656 3916 quae
2679 3849 2968 3916 praevalet:
3022 3848 3128 3903 hoc
3188 3850 3354 3904 etiam
3390 3852 3445 3905 in

1871 3935 2106 4004 mystico
2132 3950 2383 3992 sermone
2404 3938 2566 4006 plane
2606 3954 2701 4009 per
2732 3955 2920 3994 vocem
2962 3941 3106 3995 Petri
3160 3942 3445 4008 docemur,

1871 4027 2018 4096 quod
2057 4027 2338 4085 humilitas
2384 4029 2507 4099 ejus
2535 4033 2629 4100 qui
2663 4048 2728 4088 ex
2781 4033 3099 4088 inlirmitate
3149 4036 3448 4089 cruciﬁxus

1871 4131 1978 4187 est,
2019 4123 2139 4192 ipsa
2171 4131 2349 4177 autem
2398 4123 2690 4180 infirmitas
2720 4139 2940 4179 carnem
2992 4124 3252 4191 declarat,
3304 4128 3447 4181 sicut

1871 4214 1939 4268 de
1996 4212 2226 4268 Domino
2265 4212 2609 4279 audivimus;
2667 4215 2770 4268 hoc
2814 4224 2994 4271 autem
3037 4232 3134 4286 per
3175 4225 3448 4287 tempera.

1873 4303 2077 4359 tionem
2115 4319 2240 4357 cum
2274 4303 2490 4357 infinito
2519 4313 2574 4358 et
2604 4305 2954 4359 interminato
3005 4320 3115 4359 non
3151 4307 3356 4363 mansit
3390 4308 3446 4361 in

1871 4395 2105 4464 propriis
2127 4395 2399 4450 mensuris
2425 4405 2478 4449 et
2509 4397 2960 4466 proprietatibus,
2997 4397 3094 4454 sed
3125 4399 3320 4454 dextra
3346 4401 3443 4457 Dei

1871 4487 2105 4542 sublime
2130 4488 2334 4542 elatum
2364 4496 2464 4549 est,
2499 4495 2663 4558 atque
2711 4489 2854 4543 servi
2895 4490 3014 4544 loco
3057 4490 3336 4548 Dominus'
3367 4493 3445 4547 fa-

1872 4589 1994 4635 ctus
2023 4587 2128 4644 est,
2158 4587 2213 4634 et
2245 4595 2342 4650 pro
2370 4582 2590 4635 subdito
2615 4580 2868 4636 Christus
2900 4598 2994 4638 rex
3029 4601 3043 4639 :
3086 4600 3292 4655 proque
3339 4586 3442 4641 bu-

1867 4671 1982 4726 mili
2015 4671 2342 4735 altissimus,
2389 4683 2442 4728 et
2492 4689 2591 4744 pro
2647 4673 2868 4754 homine
2920 4673 3085 4732 Deus.
3139 4676 3443 4742 Quamnam

1865 4779 1996 4835 ergo
2022 4764 2114 4835 qui
2147 4780 2248 4836 pro
2291 4767 2562 4836 apostolis
2590 4767 2790 4822 bellum
2826 4769 2984 4824 nobis
3025 4769 3228 4824 inferre
3269 4771 3442 4824 simn-

1865 4857 1964 4921 lat,
1991 4873 2058 4912 ex
2096 4858 2318 4927 scriptis
2352 4870 2549 4914 contra
2577 4867 2798 4914 sanctos
2843 4875 3032 4914 ansam
3082 4868 3280 4915 nactus
3314 4863 3444 4916 est?

1867 4947 1975 5003 Sed
2027 4948 2131 5003 hoc
2161 4949 2368 5005 crimen
2407 4951 2629 5005 silentio
2664 4951 3005 5004 involvatur:
3045 4952 3261 5018 angusti
3293 4953 3438 5007 enim

1865 5050 1920 5094 et
1950 5040 2237 5110 degeneris
2264 5042 2434 5096 animi
2463 5057 2587 5098 esse
2617 5058 2761 5103 reor.
2805 5054 2997 5097 contra
3031 5042 3164 5096 falsa
3208 5052 3262 5098 et
3292 5045 3440 5100 nulla

1864 5132 2329 5188 demonstratione
2361 5134 2570 5189 firmata
2597 5135 2828 5188 crimina
2879 5143 3043 5188 stare.
3082 5133 3186 5188 Sed
3237 5135 3302 5189 ad
3343 5153 3439 5190 ac-

1865 5224 2168 5278 cusationis
2221 5225 2599 5280 vehementius
2645 5236 2698 5279 et
2750 5225 2983 5280 validius
3017 5227 3182 5279 telum
3245 5241 3438 5296 perga-

1859 5330 2005 5368 "IIIS.

1928 5409 2018 5461 Ait
2082 5421 2173 5459 nos
2258 5410 2332 5477 (a)
2378 5409 2636 5462 hominem
2692 5410 2746 5462 in
2801 5409 3063 5463 hominem
3109 5411 3437 5464 exinanitum

212 5495 411 5552 καὶτὸν
437 5500 506 5564 ἐξ
531 5499 805 5566 ὑπακοῆς
827 5497 1046 5553 ἑαυτὸν
1074 5496 1525 5552 ταπεινώσαντα
1547 5497 1624 5568 τῇ
1653 5499 1759 5554 τοῦ

1872 5515 1966 5553 isse
2011 5500 2306 5567 affirmare,
2360 5509 2515 5567 atque
2547 5516 2667 5552 eum
2708 5501 2798 5570 qui
2841 5501 3172 5569 semetipsum
3203 5516 3268 5555 ea:
3319 5503 3436 5554 obe-

212 5583 404 5646 δούλου
435 5590 660 5663 μορφῇ,
686 5591 1044 5660 σύμμορφον
1073 5586 1226 5644 εἶναι
1252 5591 1376 5656 τοῖς
1407 5590 1756 5659 ἀνθρώποις,

213 5679 296 5735 καὶ
331 5685 466 5753 πρὶν
508 5687 732 5754 ταύτην
767 5684 1093 5739 ἀναλαϐεῖν
1133 5684 1250 5753 τὴν
1286 5685 1546 5754 μορφήν.
1590 5684 1754 5740 Οὐδὲν

1855 5591 2056 5646 dientia
2094 5593 2335 5646 submisit
2367 5594 2499 5646 servi
2526 5595 2700 5662 forma
2736 5603 2964 5660 sumpta.
2995 5593 3288 5648 hominibus
3309 5611 3438 5649 con-

1862 5687 2078 5754 ]ormem
2105 5703 2236 5750 esse,
2266 5687 2427 5740 etiam
2468 5686 2774 5756 priusquam
2813 5687 2946 5741 hanc
2971 5687 3197 5756 formam
3233 5703 3440 5742 assum-

272 5885 335 5954 (α)
364 5885 414 5942 b.
457 5888 717 5944 Basiliam
752 5888 1022 5959 intelligit,
1049 5888 1140 5959 qui
1171 5887 1234 5946 de
1264 5886 1453 5945 eodem
1487 5887 1712 5945 disserit
1737 5886 1831 5944 lib.
1862 5903 1920 5955 ιι,
1963 5897 2144 5943 contra
2178 5886 2517 5945 Eunomium.
