3922 6510
446 403 555 461 699

1692 399 1751 456 S.
1793 398 2123 455 GllEGORll
2156 397 2453 454 NYSSENIV

3625 401 3720 461 700

449 527 659 593 psisset.
693 522 838 593 Nihil
858 521 927 579 de
943 521 1182 585 dictione
1203 492 1576 579 Bubmutatum
1597 523 1718 587 fuit,
1736 523 1829 579 sed
1845 522 2036 578 eadem

2143 521 2461 594 ὑπημείφθη
2505 522 2603 592 τῆς
2635 520 2831 589 λέξεως
2860 538 2873 553 °
2921 522 3034 576 ἀλλ’
3068 523 3201 577 αὐτὰ
3233 524 3310 578 τά
3344 524 3572 596 ῥήματα
3600 516 3723 600 παρ⁴

452 616 617 673 verba
643 631 674 669 a
696 615 859 681 nobis
890 616 1157 670 translata
1217 622 1346 670 sunt
1400 631 1469 675 ex
1496 616 1646 671 illius
1676 631 1929 670 sermone
1976 615 2031 669 in

452 717 744 764 nostrum:
772 707 817 763 si
855 708 1004 762 enim
1037 707 1173 779 quid
1209 708 1265 762 in
1302 709 1512 763 nostris
1538 708 1759 778 scriptis
1778 716 1863 763 est
1904 688 2045 774 tale,

450 805 666 870 (nostra
708 800 857 855 enim
889 799 1017 854 dico
1046 816 1167 876 qua:
1211 808 1342 855 sunt
1372 800 1617 855 doctoris
1638 796 1878 865 ,)nullus
1911 814 2051 867 ora-r

451 895 556 948 tori
587 893 920 947 calumniam
955 893 1208 962 imputet,
1257 908 1474 967 omnem
1522 895 1754 963 imploro
1790 893 2037 947 veritatis

454 1001 684 1052 curam;
731 994 785 1040 et
827 1001 927 1041 nos
976 985 1321 1039 testabimur.
1365 985 1521 1053 Quod
1572 986 1619 1038 si
1667 984 1863 1039 horum
1900 984 2037 1038 nihil

452 1084 538 1130 est
569 1076 624 1128 in
656 1076 863 1129 nostris
894 1076 1137 1143 scriptis,
1184 1076 1361 1129 oratio
1420 1092 1529 1130 non
1562 1075 1756 1132 exilem
1818 1076 2035 1145 culpam

454 1168 686 1222 inducit.
720 1166 825 1222 Sed
859 1176 1116 1237 tanquam
1147 1170 1357 1239 liquido
1404 1178 1459 1224 et
1493 1171 1653 1239 plane
1693 1169 2037 1223 demonstra-

455 1261 526 1314 tis
564 1265 857 1331 succenset
907 1268 960 1313 et
1019 1260 1358 1331 indignatur,
1399 1260 1747 1331 prodigiosas
1795 1262 2039 1331 loquaci-

454 1362 597 1406 tates
628 1351 788 1427 nugis
812 1360 864 1403 et
899 1352 1311 1425 perturbatione
1340 1355 1551 1423 plenas,
1587 1362 1643 1407 et
1690 1352 1951 1416 salebras,
1985 1350 2040 1406 et

454 1451 585 1504 talia
612 1430 841 1503 vocans.
879 1447 1019 1512 Quid
1041 1447 1312 1516 agendum
1340 1448 1410 1501 sit
1436 1462 1547 1501 non
1568 1446 1747 1501 video.
1768 1442 2041 1515 Quemad-

461 1542 685 1597 modum
722 1542 789 1595 ad
822 1539 1151 1609 improvisas
1190 1540 1302 1595 iras
1328 1539 1636 1610 phrenitide
1673 1536 2039 1592 laborantium

458 1644 514 1691 et
550 1635 877 1696 furentium,
913 1633 1063 1689 anxii
1113 1640 1168 1687 et
1198 1616 1443 1702 perplexi
1498 1647 1606 1686 non
1652 1630 1856 1685 habent
1907 1627 2038 1698 quid

455 1728 671 1783 consilii
702 1707 959 1795 captent:
994 1723 1077 1777 sic
1106 1740 1207 1795 ego
1240 1724 1358 1794 ipse
1384 1724 1649 1794 adversus
1678 1723 1820 1775 hanc
1842 1720 2041 1789 despe—

452 1820 727 1876 rationem
762 1816 901 1872 nihil
930 1818 1148 1871 consilii
1171 1825 1224 1872 et
1256 1816 1487 1873 remedii
1514 1815 1755 1869 invenio.
1792 1813 1884 1866 Ait
1922 1828 2042 1866 ma-

2145 616 2301 687 ήμῶν
2345 615 2729 691 μετενήνεκται
2774 613 2883 666 ἀπὸ
2917 613 3009 667 τοῦ
3040 614 3251 667 ἐκείνου
3282 614 3453 683 λόγου
3486 616 3619 687 πρὸς
3644 620 3727 671 τὸν

2141 709 2427 781 ἡμέτερον.
2460 707 2523 778 Εἰ
2550 705 2648 777 μέν
2679 707 2794 759 ἐστί
2821 724 2873 760 τι
2901 706 3139 760 τοιοῦτον
3181 708 3241 759 ἐν
3274 710 3393 770 τοῖς
3426 708 3558 780 παρ’
3583 712 3725 781 ἡμῶν

2141 800 2546 872 γεγραμμένοις
2568 799 2834 872 (ἡμέτερα
2855 800 2962 872 γὰρ
2986 801 3054 854 τά
3072 800 3164 853 τοῦ
3187 801 3527 861 διδασκάλου
3552 808 3725 873 φημὶ),

2145 893 2329 965 μηδεὶς
2395 893 2691 962 ἐγκαλείτω
2733 892 3093 962 συκοφαντίαν
3145 893 3221 963 τῷ
3270 895 3508 965 ῥήτορι,
3562 898 3726 950 πᾶσαν

2143 986 2278 1039 αίτῶ
2315 986 2569 1056 φροντίδα
2597 984 2697 1054 τῆς
2728 984 2983 1055 ἀληθείας
3005 1000 3019 1015 ·
3063 984 3157 1038 καὶ
3183 986 3357 1054 ἡμεῖς
3396 978 3729 1058 μαρτυρήσαι

2145 1095 2263 1148 μεν.
2314 1079 2376 1130 Εἰ
2418 1078 2473 1129 δὲ
2518 1075 2721 1130 τούτων
2759 1076 2857 1146 μέν
2894 1076 3040 1128 ἐστιν
3080 1076 3139 1127 ἐν
3168 1078 3287 1138 τοῖς
3328 1077 3727 1147 γεγραμμένοις

2140 1170 2313 1235 οὐδὲν,
2347 1171 2374 1223 ὁ
2410 1152 2566 1237 λόγος
2594 1166 2651 1223 δέ
2684 1166 2783 1220 οὐκ
2814 1166 2993 1229 αἰτίαν
3028 1166 3224 1235 ἐπάγει
3254 1166 3450 1237 ψιλήν.
3502 1169 3636 1221 Ἀλλ’
3660 1171 3726 1234 ὡς

2142 1262 2237 1315 ἐπὶ
2278 1260 2526 1339 φανερῶς
2568 1261 3040 1332 ἀποδεδειγμένοις
3080 1263 3395 1330 ἀγανακτεῖ
3447 1262 3542 1315 καὶ
3589 1263 3728 1333 ὀργί-

2144 1354 2316 1425 ζεται,
2370 1355 2673 1425 τερατείας,
2722 1355 2813 1419 καὶ
2847 1355 3034 1425 λήρου,
3064 1356 3158 1413 καὶ
3196 1355 3457 1425 ταραχῆς
3495 1354 3725 1426 πλήρεις,

2145 1447 2239 1498 καὶ
2261 1446 2593 1516 ἀνωμαλίας,
2629 1445 2722 1499 καὶ
2759 1446 2829 1504 τὶ
2859 1446 3083 1500 τοιαῦτα
3113 1446 3323 1500 καλῶν.
3353 1446 3421 1498 Τί
3448 1446 3553 1518 χρὴ
3578 1450 3727 1518 πρὰτ·

2142 1555 2253 1590 τειν
2301 1539 2361 1591 οὐ
2408 1538 2635 1609 συνορῶ.
2688 1538 2955 1608 Καθάπερ
3005 1541 3053 1591 οἰ
3090 1540 3225 1613 πρὸς
3271 1539 3379 1601 τάς
3425 1540 3721 1610 ἀπροφασί-

2149 1646 2306 1693 στους
2356 1629 2526 1699 ὀργὰς
2572 1629 2682 1683 τῶν
2733 1630 3145 1700 φρενιτιζὸντων
3183 1630 3607 1703 ἀμηχανοῦντες
3638 1631 3721 1683 οὐκ

2143 1719 2354 1789 ἔχουσιν
2377 1720 2404 1774 ὅ
2426 1738 2478 1772 τι
2503 1719 2902 1790 βουλεύσονται,
2918 1721 3090 1786 οὕτως
3110 1722 3227 1777 οὐδὲ
3247 1723 3420 1786 αὐτὸς
3444 1721 3723 1793 ἐξευρίσκω

2143 1812 2263 1865 τινὰ
2291 1811 2426 1883 πρὸς
2454 1813 2553 1883 τὴν
2585 1813 2896 1883 ἀμηχανίαν
2926 1814 3128 1884 ταύτην
3163 1814 3447 1867 ἐπίνοιαν.
3504 1816 3671 1884 Φησὶν.
3696 1818 3719 1867 ὀ

455 1913 624 1983 gister
667 1913 884 1983 (rursus
917 1914 1062 1967 enim
1104 1910 1172 1963 ad
1207 1909 1429 1964 verbum
1460 1907 1580 1976 ejus
1610 1921 1919 1960 sermonem
1956 1920 2042 1959 re-

2146 1906 2461 1969 διὸάσκαλος
2505 1908 2691 1976 (πάλιν
2723 1908 2829 1980 γὰρ
2873 1909 2966 1961 ἐπὶ
3010 1906 3206 1985 λέξεως
3238 1908 3413 1963 αὐτοῦ
3459 1910 3548 1962 τὸν
3581 1912 3719 1977 λόγον

455 2003 656 2075 petam)
678 2004 824 2075 quod
854 2022 957 2059 non
990 2004 1262 2073 theologia:
1294 2000 1507 2054 modum
1538 1998 1687 2053 nobis
1728 1996 1915 2061 tradit,
1951 1996 2041 2050 sed

454 2096 865 2165 dispensationis
897 2098 1154 2151 rationes.
1185 2097 1287 2150 Iste
1321 2101 1502 2147 autem
1542 2098 1831 2145 accusator
1863 2105 1929 2145 ex
1958 2089 2044 2145 his

456 2188 727 2257 impulsus
752 2203 851 2241 nos
873 2196 1121 2243 astruere
1142 2186 1419 2248 hominem
1440 2185 1776 2238 exinanitum
1793 2182 1845 2236 in
1863 2182 2045 2245 hami:

456 2295 582 2334 nem
601 2280 902 2333 contendit.
928 2280 1058 2345 Quae
1089 2279 1280 2332 horum
1301 2286 1355 2333 et
1384 2278 1600 2330 illorum
1616 2276 1928 2329 communio
1948 2275 2044 2328 ?Si

456 2370 693 2425 dicimus
711 2370 1015 2440 apostolum
1034 2385 1144 2424 non
1164 2370 1322 2423 nobis
1336 2368 1556 2421 modum
1575 2366 1860 2436 theologia:
1877 2366 2047 2419 tradi-

458 2460 630 2523 disse,
670 2461 762 2514 sed
809 2474 912 2514 suo
940 2474 1195 2530 sermone
1227 2457 1693 2527 dispensationem
1741 2455 2042 2521 secundum

457 2551 772 2621 passionem
798 2550 1230 2613 subostendisse,
1255 2555 1476 2618 prepter
1492 2546 1595 2612 hoc
1619 2546 1854 2601 hominis
1873 2545 1927 2599 in
1944 2544 2046 2599 ho-

460 2643 663 2698 minem
687 2644 1113 2697 cxinanitionem
1134 2650 1187 2696 et
1204 2642 1345 2696 servi
1369 2640 1601 2695 formam
1623 2647 1748 2694 ante
1770 2640 1966 2713 saecula
1991 2646 2046 2693 et

460 2736 695 2790 adventu
726 2737 779 2789 in
798 2752 964 2805 carne
986 2736 1347 2804 antiquiorem
1377 2749 1443 2791 ex
1469 2732 1633 2786 Maria
1657 2731 1930 2785 hominem
1963 2730 2046 2797 die

459 2844 589 2884 cere
611 2829 959 2882 damnamur.
988 2827 1091 2881 Sed
1110 2840 1576 2896 supervacaneum
1595 2840 1717 2879 esse
1732 2824 1972 2879 arbitror
1989 2823 2045 2876 in

458 2921 631 2975 certis
654 2929 707 2974 et
738 2919 1011 2975 confessis
1038 2919 1357 2985 immorari;
1404 2916 1705 2987 praesertim
1762 2930 1888 2969 cum
1926 2916 2043 2984 ipsa

458 3016 669 3069 veritas
714 3028 817 3068 nos
869 3013 938 3069 ab
968 3017 1115 3066 omni
1164 3012 1392 3066 crimine
1426 3012 1641 3066 liberet.
1696 3009 1851 3063 Tunc
1897 3012 2044 3064 enim

462 3105 855 3160 accusantibus
884 3104 1145 3159 resistere
1169 3103 1640 3173 oportet,quando
1669 3104 1794 3171 quis
1816 3102 1870 3156 in
1890 3118 1949 3157 se
1970 3103 2045 3172 ip-

461 3213 582 3253 sum
607 3197 989 3251 calumniatori
1021 3211 1211 3251 ansam
1236 3178 1575 3265 praebuerit?
1607 3195 1662 3249 in
1693 3196 1897 3265 quibus
1942 3210 2043 3249 au—
2071 3237 2115 3296 α

459 3297 571 3346 tem
603 3291 815 3344 nullum
849 3297 933 3344 est
958 3288 1263 3357 periculum
1282 3286 1598 3357 suspicandi
1624 3286 1830 3356 aliquid
1849 3287 2045 3361 absur-

459 3380 540 3446 di,
565 3396 673 3436 non
704 3381 826 3434 l'alsi
851 3380 1097 3433 criminis
1118 3380 1240 3448 ejus,
1261 3378 1353 3449 qui
1372 3380 1712 3439 calumniose
1729 3388 2042 3444 accusatur,

461 3469 563 3525 sed
622 3469 945 3523 accusantis
1003 3468 1208 3537 furoris
1274 3476 1329 3522 et
1384 3467 1614 3523 insania:
1669 3468 2041 3539 reprehensio,

464 3561 752 3616 accusatio
787 3559 1164 3625 constituitur.
1192 3559 1298 3616 Sed
1335 3560 1796 3630 quemadmodum
1833 3562 1902 3626 ob
1918 3576 2058 3626 crus

460 3668 582 3709 cem
614 3652 981 3708 erubescendi
1031 3652 1262 3708 crimine
1312 3652 1454 3707 falso
1496 3653 1764 3715 accusati,
1820 3669 1917 3723 per
1980 3670 2044 3709 ea

461 3762 585 3815 qua:
615 3755 743 3801 sunt
778 3746 1090 3801 examinata
1130 3745 1184 3805 in
1216 3746 1567 3812 contrarium,
1590 3760 1919 3801 conversum
1955 3761 2061 3812 re-_

461 3837 580 3909 geri
646 3839 959 3892 accusatori
1011 3836 1218 3890 crimen
1270 3836 1813 3897 demonstravimus;
1864 3838 1944 3892 sic
1992 3846 2061 3911 et.~

461 3930 605 3985 hanc
636 3929 853 3999 culpam
886 3928 941 3981 in
973 3939 1328 3987 accusatores
1348 3926 1635 3985 transferri
1661 3912 2040 3995 ostendemus,

461 4022 610 4092 quod
651 4021 731 4075 illi
761 4035 870 4075 non
901 4034 1005 4074 nos
1027 4035 1094 4075 ex
1122 4019 1288 4093 simili
1321 4019 1387 4073 ad
1418 4019 1602 4074 simile
1626 4017 1750 4077 Filii
1780 4020 2043 4075 mutatio-

460 4128 588 4168 nem
623 4112 681 4166 in
721 4110 1030 4168 oeconomia
1064 4108 1153 4181 (id
1184 4116 1271 4165 est
1299 4109 1744 4185 dispensatione)
1769 4110 2043 4180 passionis

461 4205 782 4260 doceamus.
831 4201 1285 4256 Examinabimus
1328 4203 1473 4271 enim
1517 4218 1640 4273 qua:
1682 4203 1752 4257 ab
1790 4205 2041 4274 utrisque

461 4298 723 4373 dicuntur
749 4298 894 4351 inter
930 4312 989 4351 se
1035 4302 1356 4363 comparata
1397 4304 1450 4349 et
1489 4296 1800 4349 summatim
1838 4296 2038 4365 posita.

460 4388 575 4443 Nos
626 4387 861 4443 dicimus
906 4385 1246 4456 unigenitum
1298 4384 1465 4441 Deum
1516 4386 1608 4456 qui
1658 4402 1754 4456 per
1798 4387 2039 4457 seipsum

464 4480 927 4553 produxitomnia
957 4497 971 4533 :
1002 4494 1172 4533 unum
1209 4487 1391 4532 autem
1428 4493 1618 4533 eorum
1650 4495 1772 4549 quze
1803 4479 1874 4534 ab
1921 4480 2041 4550 ipso

2146 1999 2607 2070 ἐπαναλήψομαι),
2657 2002 2735 2054 ὅτι
2773 2001 2909 2069 οὐχί
2938 2003 3245 2071 θεολογίας
3286 2000 3440 2070 ἡμῖν
3487 2000 3717 2071 παραδίο

2145 2092 2289 2145 δωσι
2330 2094 2571 2159 τρόπον,
2615 2092 2775 2148 ἀλλὰ
2808 2092 2953 2159 τοὺς
2982 2092 3091 2160 τῆς
3120 2095 3471 2164 οἰκονομίας
3494 2095 3715 2163 λόγους.

2157 2181 2214 2234 Ὀ
2240 2184 2295 2234 δὲ
2325 2184 2624 2253 κατήγορος
2655 2184 2719 2235 ἐκ
2747 2184 2949 2236 τούτων
2978 2184 3267 2255 ὁρμηθεὶς,
3316 2186 3604 2256 ἄνθρωπον
3648 2187 3716 2248 είς

2146 2272 2431 2344 ἄνθρωπον
2482 2274 2819 2329 κεκενῶσθαι
2870 2276 3018 2343 λέγει
3059 2278 3505 2342 κατασκευάζειν
3560 2280 3711 2347 ἡμᾶς.

2148 2365 2242 2427 Τίς
2259 2364 2508 2418 κοινωνία
2528 2365 2729 2419 τούτων
2749 2366 3046 2432 κάκείνων;
3075 2369 3137 2420 Εἰ
3159 2369 3348 2438 φαμὲν
3373 2368 3466 2421 τὸν
3513 2367 3739 2425 ἀπόστοε

2145 2458 2234 2509 λον
2276 2459 2349 2528 μὴ
2380 2458 2657 2526 θεολογίας
2699 2459 2829 2529 ἡμῖν
2859 2459 3305 2531 παραδεδωκέναι
3354 2459 3571 2531 τρόπον,
3595 2457 3711 2511 ἀλλὰ

2145 2550 2243 2621 τὴν
2268 2550 2409 2604 κατά
2428 2552 2488 2603 τὸ
2510 2550 2681 2614 πάθος
2705 2553 3014 2624 οἰκονομίαν
3044 2553 3322 2616 ὑποδεῖξαι
3350 2552 3432 2623 τῷ
3463 2551 3618 2621 λόγῳ,
3639 2550 3710 2603 διὰ

2145 2641 2303 2694 τοῦτο
2352 2641 2639 2713 ἀνθρώπου
2694 2646 2773 2707 είς
2806 2643 3092 2714 ἄνθρωπον
3134 2644 3393 2709 κένωσιν,
3423 2644 3516 2698 καὶ
3544 2641 3707 2694 δούλοι

2149 2734 2364 2804 μορφὴν
2417 2733 2760 2804 προαιώνιον,
2817 2736 2910 2789 καὶ
2961 2739 3061 2805 τῆς
3108 2739 3165 2790 ἐν
3211 2736 3385 2807 σαρκὶ
3431 2735 3711 2805 παρουσίας

2147 2818 2516 2899 πρεσϐύτερον
2550 2826 2638 2879 τὸν
2666 2828 2730 2878 ἐκ
2757 2828 2971 2898 Μαρίας
2997 2828 3281 2899 ἄνθρωπον
3312 2828 3491 2895 λέγειν
3517 2824 3710 2895 διαϐαλ-

2145 2914 2369 2986 λόμεθα.
2434 2917 2595 2971 Ἀλλὰ
2626 2918 2880 2989 περιττὸν
2914 2914 3067 2987 οἶμαι
3110 2921 3222 2983 τοῖς
3276 2918 3708 2989 ὁμολογουμένοις

2147 3006 2523 3077 ἐνδιατρίϐειν,
2554 3008 2723 3076 αὐτῆς
2760 3010 2859 3081 τῆς
2894 3010 3153 3080 ἀληθείας
3177 3010 3438 3081 ἀφιείσης
3462 3010 3601 3079 ἡμᾶς
3626 3006 3706 3060 τοῦ

2145 3099 2508 3170 ἐγκλήματος.
2562 3100 2696 3154 Τότε
2725 3102 2834 3173 γὰρ
2867 3101 2973 3173 χρὴ
3005 3105 3117 3165 τοῖς
3148 3101 3549 3174 κατηγοροῦσιν
3577 3101 3705 3153 ἀντι-

2147 3190 2538 3255 καθίστασθαι,
2601 3192 2728 3247 ὃταν
2779 3209 2864 3256 τις
2898 3185 3183 3265 ’παράσχῃ
3232 3192 3356 3265 καθ’
3406 3189 3592 3245 ἐαυτοῦ
3641 3187 3704 3259 τῷ

2150 3282 2459 3355 συκοφάντῃ
2508 3282 2679 3353 λαϐήν
2705 3300 2717 3314 ’
2770 3282 2857 3353 ἐφ’
2892 3276 2968 3338 ὧν
3009 3284 3067 3337 δὲ
3104 3284 3352 3349 κίνδυνός
3384 3286 3527 3337 ἐστιν
3550 3280 3701 3341 οὐδεὶς

2148 3376 2511 3447 ὑπονοηθῆναί
2534 3394 2585 3429 τι
2615 3376 2723 3434 τῶν
2749 3376 2984 3443 ἀτόπων,
3018 3377 3076 3430 οὑ
3108 3377 3207 3447 τῆς
3236 3376 3334 3432 τοῦ
3370 3389 3701 3446 συκοφαντου-

2151 3468 2316 3537 μένου
2345 3468 2620 3539 διαϐολῆς,
2655 3467 2790 3523 ἀλλά
2816 3469 2915 3539 τῆς
2941 3469 3035 3523 τοῦ
3062 3468 3497 3541 κατηγοροῦντος
3528 3465 3699 3537 μανίας

2145 3559 2365 3630 ἐλεγχος
2410 3561 2443 3630 ἠ
2486 3561 2788 3632 κατηγορία
2839 3560 3183 3618 καθίσταται.
3226 3561 3368 3615 ’Δλλ’
3393 3562 3575 3630 ὥσπερ
3613 3558 3698 3610 ἐπφ

2144 3652 2495 3722 αισχὺνεσθαι
2523 3652 2603 3723 τῷ
2638 3652 2855 3725 σταυρῷ
2872 3653 2969 3723 τὴν
2988 3652 3165 3708 αἰτίαν
3196 3653 3413 3724 ἔχοντες
3448 3650 3696 3719 ἐδείξαμεν

2144 3744 2232 3821 διὰ
2258 3745 2368 3799 τῶν
2393 3745 2776 3823 ἐξητασμένων
2827 3748 2906 3810 είς
2926 3746 3236 3803 τούναντίον
3263 3744 3695 3819 περιτρεπόμενον

2144 3836 2221 3908 τῷ
2242 3839 2535 3910 κατηγόρῳ
2556 3839 2616 3891 τὸ
2632 3839 2798 3911 ἒγκλη
2808 3856 2903 3910 μα·
2927 3838 3069 3899 οὕτω
3085 3841 3177 3894 καὶ
3197 3840 3297 3912 τὴν
3326 3839 3497 3893 αἰτίαν
3516 3834 3692 3901 ταύτην

2145 3933 2226 3995 είς
2254 3930 2380 3995 τοὺς
2401 3932 2736 4002 κατηγόρους
2763 3933 3282 4003 ἐπαναστρέφουσαν
3322 3932 3586 4005 δείξομεν
3628 3926 3691 3987 ὡς

2144 4024 2365 4078 ἐκείνων
2397 4025 2495 4097 οὐχ
2527 4026 2683 4097 ήμῶν
2714 4026 2815 4097 τὴν
2836 4025 2896 4092 ἐξ
2916 4028 3103 4098 ὁμοίου
3146 4027 3286 4099 πρὸς
3318 4027 3380 4081 τὸ
3412 4027 3585 4096 ὅμοιον
3605 4018 3684 4074 τοῦ

2143 4116 2274 4172 Υἱοῦ
2297 4112 2628 4189 μετάστασιν
2646 4122 2703 4174 ἐν
2722 4123 2789 4192 τῇ
2808 4120 2951 4174 κατὰ
2966 4120 3216 4185 τὸξπάθος
3232 4118 3508 4190 οίκονομία
3519 4116 3688 4184 δογμα-

2142 4212 2423 4276 τιζόντων.
2459 4212 2813 4283 Ἐξετάσομεν
2829 4213 2936 4287 γάρ
2965 4213 3285 4285 παράλληλα
3313 4209 3584 4274 θέντεςέπί
3608 4221 3684 4258 κε-

2141 4302 2374 4371 φαλαίου
2404 4302 2473 4355 τά
2510 4306 2639 4374 παρ’
2671 4306 2949 4376 ἑκατέρων
2990 4305 3279 4377 λεγόμενα.
3321 4306 3505 4375 Ἡμεῖς
3531 4314 3683 4369 φαμεν

2142 4394 2234 4448 τὸν
2272 4394 2537 4465 μονογενῆ
2554 4395 2687 4449 Θεὸν
2708 4395 2774 4449 δι’
2796 4396 2991 4450 ἑαυτοῦ
3018 4398 3405 4470 παραγαγόντα
3424 4394 3488 4447 τά
3512 4392 3677 4448 πάντα,

2142 4487 2199 4541 ἓν
2219 4487 2275 4540 δέ
2294 4487 2402 4540 τῶν
2427 4489 2553 4559 παρ’
2583 4487 2748 4541 αὐτοῦ
2775 4489 3092 4558 γεγονότων,
3124 4491 3217 4544 καὶ
3242 4492 3345 4560 τὴν
3371 4482 3679 4556 ἀνθρωπίνην

463 4574 609 4628 facta
646 4580 797 4634 sunt,
840 4580 893 4625 et
925 4570 1218 4626 humanam
1254 4580 1506 4625 naturam
1542 4587 1685 4637 esse,
1740 4587 1862 4642 qua:
1906 4587 2031 4626 cum

2147 4580 2326 4648 φύσιν,
2378 4576 2446 4653 ἦς
2484 4580 2619 4651 πρὸς
2651 4580 2844 4634 κακίαν
2876 4581 3266 4654 ἀπορῤυείσης,
3320 4581 3412 4651 καὶ
3444 4577 3524 4632 διά
3546 4572 3701 4637 τοῦτο,

465 4665 521 4720 ἰη
560 4673 843 4734 peccatum
878 4663 1027 4734 lapsa
1053 4662 1267 4729 fuisset,
1304 4674 1355 4719 et
1380 4665 1502 4719 ideo
1544 4665 1598 4719 in
1626 4667 1822 4721 mortis
1858 4680 2043 4720 corru-

465 4758 705 4829 ptionem
728 4756 1034 4819 incidisset,
1053 4771 1246 4810 rursus
1270 4756 1443 4826 ipsam
1472 4770 1567 4824 per
1592 4757 1948 4827 semetipsum
1973 4756 2041 4813 ad

464 4850 837 4905 immortalem
871 4848 1038 4901 vitam
1082 4849 1319 4903 traxisse
1347 4864 1442 4919 per
1483 4848 1782 4912 hominem,
1828 4850 1882 4904 in
1931 4865 2041 4919 quo

465 4948 728 5009 tanquam
778 4938 1130 4994 tabernaculo
1180 4940 1403 5003 mansit,
1434 4946 1547 4992 tota
1601 4939 1936 4994 humanitate
1985 4941 2039 4993 in

466 5031 651 5099 seipse
680 5037 984 5098 assumpta,
1045 5036 1209 5098 atque
1262 5044 1415 5084 suam
1464 5029 1730 5085 viviﬁcam
1783 5031 2038 5086 virtutem

463 5122 679 5178 mortali
723 5130 778 5175 et
826 5121 1171 5191 corruptibili
1224 5130 1432 5177 natura:
1482 5123 1879 5190 admiscuisse;
1941 5141 2040 5179 no-

464 5222 745 5282 stramque
791 5215 1262 5269 mortiﬁcationem
1296 5232 1390 5284 per
1421 5216 1928 5285 attemperationem
1971 5217 2037 5270 ad

463 5319 523 5359 se
555 5305 610 5359 in
636 5306 857 5359 vitalem
888 5306 1120 5375 gratiam
1151 5319 1203 5360 et
1231 5308 1483 5361 virtutem
1510 5316 1935 5365 transmutasse.
1969 5310 2051 5379 Et,

462 5396 569 5452 hoc
601 5398 902 5453 asserimus
936 5415 1061 5455 esse
1104 5401 1405 5454 secundum
1447 5416 1665 5456 carnem
1704 5402 2039 5473 Dominimy-

460 5490 727 5545 Sterium:
765 5492 893 5561 quia
932 5492 1024 5561 qui
1061 5501 1144 5547 est
1168 5493 1637 5548 incommutabilis
1692 5498 1744 5548 in
1790 5496 2038 5549 mutabili

463 5582 729 5652 gignitur,
790 5592 848 5636 ut
897 5584 965 5637 ab
1013 5600 1078 5639 eo
1127 5587 1271 5655 quod
1317 5585 1555 5642 deterius
1608 5594 1691 5642 est
1741 5588 1796 5642 in
1842 5588 2037 5643 melius

461 5672 808 5728 transferens
863 5684 917 5729 et
973 5675 1272 5731 immutans
1332 5678 1622 5733 admistam
1690 5679 2035 5751 dispositioni

461 5765 707 5818 mutabili
728 5766 1103 5832 vitiositatem,
1137 5769 1381 5825 aboleret
1407 5786 1435 5824 a
1473 5779 1668 5826 natura
1690 5772 2033 5843 absumptum

461 5852 517 5911 in
543 5854 723 5925 seipso
759 5865 1063 5927 peccatum.
1111 5859 1244 5916 Nam
1286 5860 1430 5919 Deus
1462 5874 1652 5920 noster
1680 5865 1854 5939 .ignis
1902 5882 2034 5922 con—

2142 4672 2439 4743 γενομὲνης
2465 4674 2522 4727 ἐν
2551 4676 2618 4744 τῇ
2646 4672 2740 4726 τοῦ
2764 4673 2994 4728 θανάτου
3023 4674 3217 4747 φθορᾷ,
3254 4674 3410 4728 πάλιν
3438 4667 3593 4738 αὐτὴν
3619 4662 3674 4717 δι’

2142 4764 2334 4819 ἑαυτοῦ
2362 4764 2497 4836 πρὸς
2540 4764 2643 4835 τήν
2690 4765 2959 4820 ἀθάνατον
3010 4765 3154 4835 ζωὴν
3196 4762 3575 4836 ἐφελκύσασθαι
3601 4754 3673 4809 διὰ

2138 4858 2230 4911 τοῦ
2277 4858 2586 4928 ἀνθρώπου,
2726 4860 3163 4930 κατεσκήνωσεν,
3206 4861 3324 4914 ὅλον
3374 4852 3670 4913 ἁναλαὸόντα

2140 4949 2276 5019 πρὸς
2308 4948 2497 5000 ἑαυτὸν
2525 4947 2586 5000 τὺ
2610 4947 2965 5016 ἀνθρώπινον,
3003 4950 3098 5003 καὶ
3133 4950 3228 5020 τὴν
3257 4948 3506 5014 ζωοποιὸν
3528 4938 3665 4996 αὐτοῦ

2137 5040 2365 5111 δύναμιν
2389 5043 2454 5112 τῇ
2489 5040 2655 5111 θνητῇ
2683 5041 2775 5094 καὶ
2804 5042 3053 5115 ἐπικήρῳ
3076 5044 3366 5115 καταμίξαι
3388 5040 3563 5109 φύσειέ
3590 5031 3667 5085 καὶ

2136 5134 2234 5205 τὴν
2256 5133 2530 5205 ἡμετέραν
2551 5134 2817 5204 νέκρωσιν
2842 5133 2929 5187 διὰ
2957 5139 3057 5205 τῆς
3088 5136 3220 5205 πρὸς
3248 5116 3431 5189 ἐαυτὸν
3458 5124 3663 5196 ἀνακρά-

2140 5242 2277 5287 σεως
2311 5226 2389 5289 είς
2434 5224 2670 5296 ζωτικὴν
2718 5227 3085 5297 μεταποιῆσαι
3132 5229 3290 5301 χάριν
3324 5227 3409 5290 καὶ
3448 5224 3685 5288 δύναμιν·.

2138 5316 2248 5369 Καὶ
2276 5315 2430 5369 τοῦτό
2466 5333 2644 5386 φαμεν
2673 5312 2812 5371 εἶναι
2842 5318 2904 5371 τὸ
2936 5319 3077 5373 κατά
3127 5321 3224 5392 τὴν
3266 5323 3433 5393 σάρκα
3458 5313 3539 5368 τοῦ
3567 5311 3659 5363 Κυ-

2140 5408 2256 5479 ρίου
2291 5410 2588 5480 μυστήριον
2613 5427 2626 5441 ·
2680 5411 2761 5463 ὃτι
2795 5412 2823 5463 ὁ
2862 5412 3131 5483 ἄτρεπτος
3170 5415 3228 5467 ἐν
3275 5413 3348 5484 τῷ
3373 5403 3567 5482 τρεπτῷ
3591 5396 3657 5467 γε’

2136 5516 2305 5565 νεται,
2351 5502 2436 5556 ἵνα
2490 5502 2625 5573 πρὸς
2665 5502 2727 5555 τὸ
2769 5506 3016 5575 κρεῖττον
3048 5506 3369 5571 ἀλλοιώσας,
3416 5500 3499 5555 καί
3527 5508 3657 5567 μετα·

2138 5591 2314 5645 ϐαλὼν
2360 5594 2425 5646 ἐκ
2468 5592 2563 5647 τοῦ
2608 5594 2849 5665 χείρονος
2875 5597 2975 5668 τὴν
3001 5600 3357 5669 ἐμμιχθεῖσαν
3384 5598 3441 5665 τῇ
3481 5583 3650 5661 τρεπτῇ

2135 5680 2369 5735 διαθέσει
2396 5684 2615 5752 κακίαν,
2650 5686 2952 5759 ἐξαφανίσῃ
2991 5689 3101 5742 ἀπὸ
3124 5693 3223 5760 τῆς
3248 5689 3447 5760 φύσεως
3472 5684 3521 5734 ἐν
3551 5679 3653 5729 ἑαυ-

2134 5773 2212 5842 τῷ
2247 5773 2306 5826 τὸ
2332 5774 2500 5829 κακὸν
2525 5776 2861 5849 δαπανήσας.
2893 5778 2950 5833 'O
2976 5780 3081 5852 γὰρ
3106 5781 3237 5846 Θεὸς
3262 5780 3405 5853 ἡμῶν
3431 5772 3525 5842 πῦρ
3548 5778 3649 5819 κατ’

2136 5866 2421 5923 αναλίσκον
2469 5869 2635 5938 ἐστὶν,
2669 5864 2714 5940 ᾧ
2748 5872 3118 5941 ἐνατανίζεται
3159 5877 3303 5930 πᾶσα
3344 5867 3516 5926 κακίας
3550 5856 3629 5924 ὕλη
