3922 6484
198 408 302 476 τοι

1339 413 1620 472 CONTRA
1655 411 2046 480 EUNOMIUM,
2081 415 2208 470 LIB.
2242 415 2299 474 ν.

3366 383 3470 478 702
3496 400 3501 407 ’

210 528 274 582 ⁸ο
303 523 573 596 ἡμέτερος
618 523 796 594 λόγος.
837 527 895 579 '0
931 526 988 579 δὲ
1019 527 1324 598 κατήγορος
1367 529 1420 582 τί
1462 546 1668 600 φησινς
1705 529 1787 582 Οὐ

1895 543 2118 584 sumens
2145 538 2231 586 est
2262 531 2306 562 ¹⁶
2333 569 2350 594 ,
2397 546 2508 599 quo
2550 531 2756 600 peccati
2809 534 3039 587 materia
3090 537 3271 589 omnis
3336 551 3470 591 con-

196 614 309 670 τὸν
332 614 633 682 ἄτρεπτόν
657 632 723 669 τε
747 615 844 669 καὶ
872 615 1158 670 ἅκτιστον
1184 616 1265 682 τῷ
1289 617 1388 671 διὰ
1416 619 1670 684 κτίσεως
1696 635 1789 688 γε-

194 709 419 777 γονότι,
466 707 570 761 καὶ
608 706 708 762 διὰ
742 707 917 762 τοῦτο
951 707 1101 776 πρὸς
1137 711 1354 768 κακίαν
1381 708 1786 776 ἀλλοιωθὲν-τι,

192 799 664 869 καταμιχθῆναν
693 800 855 853 ἀλλά
875 799 973 852 καὶ
997 798 1185 855 αὑτὸν
1207 799 1454 854 κτιστύν
1474 801 1618 854 ὄντα
1641 801 1789 869 πρὸς

191 890 261 951 τὸ
291 889 598 959 συγγενὲς
620 888 822 943 ἐλθεῖν
852 888 1043 954 ἐαυτῷ
1079 889 1176 943 καὶ
1205 891 1536 960 ὁμόφυλον,
1578 891 1689 944 οὐκ
1719 890 1788 953 ἐξ

191 983 619 1050 ὑπερεχούσης
651 983 894 1050 φύσεως
920 981 1016 1034 διὰ
1055 982 1504 1049 φιλανθρωπίαν
1534 981 1651 1050 τὴν
1684 998 1786 1042 τα-

189 1074 556 1141 πεινοτέραν
580 1074 890 1128 ὑποδύντα
914 1074 1123 1142 φύσιν,
1147 1073 1284 1128 ἀλλ’
1308 1073 1456 1142 ὅπερ
1485 1074 1587 1141 ἦν,
1613 1075 1788 1128 τοῦτο

189 1165 549 1234 γενόμενον.
605 1163 695 1235 Τῷ
745 1163 852 1234 γὰρ
901 1163 1102 1234 γενικῷ
1146 1165 1246 1233 τῆς
1284 1165 1688 1235 προσηγορίας,
1730 1164 1788 1218 ἒν

189 1258 335 1310 κατὰ
366 1257 594 1310 πάντων
624 1255 740 1308 ἐστὶ
770 1254 879 1307 τῶν
911 1257 976 1307 ἐκ
1002 1255 1096 1307 τοῦ
1134 1253 1206 1326 μὴ
1235 1254 1386 1318 ὄντος
1416 1255 1784 1320 ὑποστάντων,

184 1349 246 1402 τὸ
274 1349 382 1418 τῆς
409 1348 644 1410 κτίσεως
669 1347 870 1417 ὄνομασ
904 1348 960 1398 αἱ
991 1347 1048 1400 δὲ
1079 1347 1300 1416 μερικαὶ
1320 1347 1427 1399 τῶν
1449 1349 1505 1400 ἐν
1525 1349 1590 1416 τῇ
1613 1347 1789 1399 κτίσει

185 1438 596 1508 θεωρουμένων
637 1438 913 1508 διαφοραὶ.
943 1439 1064 1500 ταῖς
1088 1437 1197 1489 τῶν
1231 1438 1539 1508 ἰδιωμάτων
1577 1437 1788 1508 παραλ-

184 1529 425 1597 λαγαῖς,
476 1527 640 1599 ἑτέρα
693 1528 794 1597 τῆς
844 1528 1038 1598 ἐτέρας
1081 1528 1470 1598 διενηνόχασιν.
1526 1529 1687 1580 Ὥστε
1739 1529 1788 1581 εἰ

185 1620 416 1682 κτιστὸς
452 1622 553 1690 μὲν
588 1621 816 1683 ἐκεῖνος,
849 1619 1065 1681 κτιστὸς
1093 1619 1150 1672 δέ
1179 1619 1484 1689 ἄνθρωπος.
1518 1619 1680 1682 αὐτὸς
1709 1621 1789 1682 είς

184 1712 391 1766 ἑαυτὸν
421 1713 665 1783 ἐκενώοη
697 1711 837 1766 κατὰ
882 1711 979 1783 τὴν
1019 1711 1285 1782 Εὑνομίου
1317 1713 1502 1783 φωνήν
1528 1729 1542 1742 ·
1590 1713 1683 1764 καὶ
1725 1701 1821 1764 οὑ’

185 1805 333 1876 πρὸς
379 1803 439 1857 τὺ
485 1805 744 1858 ταπεινὸν
790 1806 855 1858 ἐκ
898 1804 992 1858 τοῦ
1029 1805 1408 1878 ὑπερέχοντος,
1451 1805 1566 1860 ἀλλ’
1603 1807 1666 1858 ἐκ
1693 1805 1786 1858 τοῦ

1890 631 2106 690 sumpta
2138 629 2438 676 evanescit.
2477 621 2575 675 llic
2605 632 2793 677 noster
2826 631 2910 677 est
2967 639 3166 680 sermo.
3222 626 3468 681 Accusa-

1889 720 1978 767 tor
2007 721 2187 768 autem
2212 712 2346 784 quid
2376 715 2491 768 ait?
2541 713 2665 768 Non
2725 717 3114 770 immutabilem
3171 725 3221 772 et
3260 719 3469 773 increa-

1890 809 2002 853 tum
2055 801 2103 854 ei
2136 803 2228 872 qui
2251 817 2344 870 per
2372 805 2690 857 creationem
2725 805 2898 873 factus
2953 815 3050 871 est,
3101 817 3150 860 et
3211 805 3273 861 ob
3313 809 3367 861 id
3413 810 3470 864 in

1889 893 2078 946 vitium
2117 903 2345 954 mutato,
2391 897 2683 949 admistum
2711 898 2979 952 esse:sed
3005 908 3054 952 et
3105 900 3274 966 ipsum
3321 917 3469 954 crea-

1891 999 2000 1042 tum
2013 989 2348 1044 exsislentem
2367 991 2435 1042 ad
2449 990 2549 1044 sibi
2573 1001 2852 1059 cognatum
2874 1002 2921 1045 et
2945 993 3236 1047 contribule
3251 997 3466 1060 venisse,

1891 1096 1995 1133 non
2026 1095 2091 1133 ea:
2122 1082 2530 1148 supereminenti
2564 1091 2759 1134 natura
2799 1078 3012 1152 propter
3062 1085 3469 1139 benevolentiam

1891 1174 1943 1226 iu
1976 1191 2135 1244 genus
2165 1173 2454 1226 humanum
2490 1175 2852 1242 humiliorem,
2877 1174 3073 1248 inquit,
3102 1177 3327 1231 subiisse
3370 1195 3472 1231 na-

1893 1274 2090 1329 turam,
2124 1264 2214 1320 sed
2241 1265 2380 1333 quod
2405 1275 2542 1330 erat,
2598 1269 2695 1320 hoc
2755 1265 2981 1335 factum.
3038 1266 3174 1321 Nam
3233 1269 3472 1340 generali

1891 1359 2278 1428 appellatione,
2311 1376 2480 1414 unum
2526 1359 2593 1414 de
2620 1359 2878 1415 omnibus
2912 1367 2996 1414 est
3029 1377 3218 1415 eorum
3250 1379 3372 1432 quae
3405 1379 3472 1417 ex

1891 1451 2067 1505 nihilo
2111 1451 2500 1514 substiterunt,
2541 1460 2811 1505 creatum
2840 1467 3063 1516 nomen,
3110 1454 3202 1508 sed
3234 1455 3473 1522 particu—

1891 1541 2034 1595 lares
2056 1555 2243 1594 eorum
2265 1557 2385 1610 quas
2412 1543 2466 1595 in
2497 1549 2750 1595 creatura
2765 1542 3189 1598 considerantur
3212 1543 3437 1598 dili‘cren
3451 1574 3474 1587 -

1890 1631 1998 1695 the,
2046 1633 2442 1702 proprietatum
2475 1632 2892 1689 discriminibus
2928 1635 3050 1689 alia:
3086 1636 3152 1688 ab
3184 1635 3314 1690 aliis
3355 1636 3472 1690 dis-

1889 1730 2139 1791 crepant.
2170 1723 2350 1788 Quare
2379 1725 2425 1778 si
2457 1734 2674 1778 creatus
2704 1725 2922 1794 quidem
2955 1726 3065 1790 ille,
3093 1739 3309 1780 creatus
3343 1742 3473 1782 vero

1890 1815 2068 1878 homo,
2122 1817 2240 1886 ipse
2289 1816 2342 1870 in
2376 1817 2619 1886 seipsum
2679 1830 2982 1876 evacuatus
3039 1825 3124 1872 est
3168 1818 3473 1874 secundum

184 1874 382 1964 ὁμοίου
413 1897 554 1967 πρὸς
580 1896 643 1949 τὸ
661 1896 921 1966 ὁμότιμον
950 1874 1317 1968 μετεχώρησε,
1347 1897 1482 1968 πλὴν
1513 1898 1613 1967 τῆς
1644 1895 1787 1950 κατὰ

1895 1909 2146 1964 Eunomii
2174 1924 2361 1964 vocem
2387 1927 2400 1976 ;
2432 1925 2532 1964 nec
2555 1908 2622 1964 ad
2644 1910 2850 1966 humile
2872 1927 2940 1966 ex
2982 1914 3470 1982 superexcellente,

185 1988 254 2042 τὸ
282 1988 446 2058 σῶμα
467 1988 565 2042 καὶ
590 1988 650 2041 τὸ
674 1987 962 2057 ἀσώματον
987 1989 1264 2057 ἰδιότητος.
1300 1989 1444 2059 Πρὸς
1467 1990 1586 2042 τίνα
1605 1990 1784 2044 τοίνυν

185 2080 218 2149 ἡ
249 2079 440 2132 δικαία
473 2078 584 2143 τῶν
610 2078 939 2142 δικαζόντων
969 2078 1318 2148 ἐνεχθήσεται
1366 2079 1579 2150 ψῆφοςς
1624 2080 1656 2151 ἢ
1701 2082 1784 2145 τίς

184 2172 304 2232 τοῖς
333 2169 682 2240 ἐγκλήμασιν
727 2170 953 2234 ἐκείνοις
994 2171 1293 2235 ὑπεύθυνος
1334 2173 1780 2242 ἀναφανήσεταις

197 2263 263 2316 Ὀ
291 2264 449 2333 παρὰ
488 2263 586 2316 τοῦ
616 2263 753 2317 Θεοῦ
788 2263 883 2318 τοῦ
927 2264 1182 2318 ἀκτίστου
1230 2265 1321 2319 τὸν
1352 2266 1565 2320 κτιστὺν
1615 2268 1784 2320 σεσῶο

188 2357 318 2430 σθαι
368 2341 571 2422 λέγων,
625 2357 659 2428 ἢ
708 2357 736 2408 ὁ
766 2357 844 2428 τῷ
873 2358 1132 2428 κτίσματι
1163 2358 1265 2429 τῆς
1311 2359 1583 2430 σωτηρίας
1627 2361 1783 2430 ἡμῶν

187 2450 474 2514 ἀνατιθεὶς
504 2450 604 2521 τὴν
629 2451 808 2503 αἰτίαν
830 2467 844 2516 ;

273 2630 417 2683 ’Δλλ’
461 2631 565 2683 οὐκ
595 2629 789 2697 ἄδηλος
835 2628 943 2682 τῶν
987 2629 1358 2684 εὐσεϐούντων
1397 2634 1430 2701 ἡ
1475 2632 1672 2704 κρίσις.
1728 2633 1786 2686 ὐ

190 2722 299 2791 γὰρ
332 2721 590 2792 ἀκριϐῶς
625 2720 987 2791 ἐπιστάμενος
1019 2705 1116 2792 τὴν
1149 2723 1410 2794 διαφορὰν
1439 2723 1533 2777 τοῦ
1566 2725 1785 2780 κτιστοῦ

191 2813 330 2884 πρὸς
379 2813 443 2865 τὸ
498 2812 790 2866 ἄκτιστον’
839 2805 915 2864 ὧν
956 2813 1342 2886 ὴπαραλλαγὴ
1369 2816 1652 2888 κυριότητι
1693 2819 1786 2870 καὶ

190 2905 409 2975 δουλείᾳ
441 2901 945 2974 χαρακτηρίζεται·
987 2904 1084 2962 τοῦ
1113 2906 1212 2976 μὲν
1241 2907 1500 2960 ἀκτίστου
1530 2907 1665 2961 Θεοῦ
1697 2909 1788 2961 δε-

193 2995 494 3059 σπόζοντος
529 2997 587 3047 ἐν
616 2997 683 3066 τῇ
715 2994 1005 3066 δυναστείᾳ
1037 2996 1201 3050 αὐτοῦ
1235 2995 1330 3050 τοῦ
1359 2997 1573 3061 αἰῶνος,
1605 2997 1788 3062 καθώς

193 3107 358 3160 φησιν
387 3091 417 3142 ὁ
445 3085 741 3159 Προφήτης
762 3104 776 3118 ο
819 3087 1038 3143 πάντων
1061 3089 1118 3142 δέ
1144 3088 1251 3142 τῶν
1283 3091 1340 3143 ἐν
1369 3093 1435 3162 τῇ
1469 3089 1641 3145 κτίσει
1667 3091 1788 3145 δου-

1895 2003 1991 2058 scd
2027 2018 2093 2057 ex
2125 2003 2294 2057 simili
2350 2003 2414 2056 ad
2445 2002 2494 2055 id
2555 2003 2700 2073 quod
2736 2003 2789 2056 in
2847 2003 3055 2061 honore
3098 2006 3305 2074 aequale
3367 2012 3469 2069 est,

1896 2094 2136 2161 transiit,
2169 2104 2398 2166 excepta
2427 2095 2758 2165 pt-Oprietate
2793 2110 2916 2165 quae
2941 2104 3024 2151 est
3051 2096 3300 2165 corporis
3330 2096 3396 2149 ad
3419 2095 3474 2150 id

1895 2183 2042 2255 quod
2074 2186 2324 2256 corporis
2363 2194 2448 2241 cst
2486 2199 2704 2256 expers.
2732 2185 2792 2240 ln
2822 2201 2982 2256 quem
3021 2186 3185 2257 igitur
3210 2187 3473 2258 justaju-

1893 2278 2196 2333 dicantium
2247 2281 2521 2334 sententia
2562 2277 2787 2345 feretur,
2850 2280 2936 2336 vel
2970 2279 3097 2350 quis
3143 2281 3472 2337 criminibus

1892 2370 2001 2426 illis
2036 2372 2310 2426 obnoxius
2351 2372 2842 2441 pronuntiabitur?
2873 2373 2954 2426 An
3008 2373 3098 2428 ille
3148 2373 3241 2444 qui
3290 2389 3320 2428 a
3362 2372 3474 2428 Deo

1892 2463 2140 2518 increato
2163 2471 2407 2517 creatum
2441 2465 2654 2518 salvum
2691 2464 2893 2516 factum
2936 2480 3059 2519 esse
3087 2465 3243 2529 dicit,
3277 2481 3347 2519 an
3378 2465 3473 2536 qui

1886 2557 2082 2612 salutis
2111 2567 2314 2611 nostra:
2350 2571 2576 2609 causam
2623 2565 2887 2611 creaturae
2938 2559 3226 2628 assignat?

1955 2649 2061 2704 Sed
2115 2665 2222 2702 non
2257 2651 2552 2702 obscurum
2582 2655 2666 2703 est
2692 2648 2778 2719 pie
2801 2650 3154 2705 sentientium
3179 2652 3470 2721 judicium.

1884 2742 1986 2809 Qui
2025 2742 2168 2796 enim
2201 2749 2390 2795 exacte
2415 2741 2520 2796 scit
2551 2742 2720 2796 creati
2760 2757 2886 2796 cum
2929 2742 3177 2799 increato
3219 2745 3476 2802 diﬂeren-

1886 2835 2042 2897 tiam,
2078 2849 2313 2903 quorum
2357 2833 2730 2903 discrepantia
2759 2835 3134 2892 dominatione
3187 2849 3240 2893 et
3300 2839 3475 2894 servi-

1894 2933 2010 2980 tute
2033 2931 2286 2990 notatur;
2331 2939 2458 2978 cum
2500 2925 2777 2980 increatus
2801 2926 2940 2981 Deus
2964 2926 3279 2984 dominetur
3306 2931 3358 2984 in
3385 2946 3478 3000 po-

1893 3028 2093 3076 testate
2120 3035 2219 3074 sua
2261 3021 2314 3074 in
2349 3020 2611 3076 satculum
2641 3022 2848 3085 szeculi,
2883 3024 3027 3076 sicut
3060 3023 3135 3076 ait
3169 3013 3472 3093 Propheta:

1894 3128 2087 3168 omnes
2115 3128 2246 3168 vero
2273 3122 2540 3170 creaturae
2583 3114 2847 3179 serviant,
2891 3115 3191 3169 secundum
3227 3115 3476 3184 ejusdem

191 3181 464 3236 λευόντων
505 3181 653 3236 κατὰ
697 3179 798 3252 τὴν
831 3179 928 3233 τοῦ
969 3181 1135 3236 αὑτοῦ
1183 3183 1464 3254 προφήτου
1514 3183 1714 3256 φωνὴν,
1748 3184 1783 3257 ἦ

1895 3205 2170 3276 propheta:
2188 3219 2396 3268 vocem,
2419 3221 2540 3276 qua:
2567 3206 2671 3260 ait:
2698 3205 2890 3260 Omnia
2913 3207 3146 3262 serviunt
3174 3179 3271 3262 tibi
3289 3208 3330 3239 ¹⁷
3349 3224 3362 3273 ;
3381 3207 3476 3279 qui

193 3294 380 3348 φησιν,
428 3277 513 3330 ὃτι
560 3279 637 3331 Τὰ
669 3277 996 3346 σύμπαντα
1038 3276 1232 3342 δοῦλα
1273 3277 1390 3334 σά·
1425 3281 1453 3333 ὁ
1477 3279 1650 3334 ταῦτα
1677 3280 1786 3334 τοί-

192 3389 284 3426 νυν
309 3371 378 3424 δι’
406 3369 730 3440 ἐπιμελείας
754 3372 1093 3442 κατανοήσας
1121 3371 1219 3424 οὐκ
1245 3373 1432 3440 ἀγνοεῖ
1455 3374 1674 3438 πάντως
1695 3375 1784 3429 τὸν

195 3464 257 3516 ἐκ
287 3461 539 3524 δουλείας
576 3461 656 3525 είς
684 3461 926 3516 δουλείαν
959 3461 1048 3515 τὸν
1075 3462 1354 3533 Μονογενῆ
1386 3466 1780 3535 μετοικίζοντα.

193 3556 257 3609 Εἰ
285 3555 396 3626 γὰρ
421 3554 662 3608 δουλεύει
702 3555 802 3625 μὲν
827 3557 859 3626 ἡ
889 3554 1066 3618 κτίσις
1095 3559 1245 3611 πᾶσα
1278 3559 1418 3611 κατὰ
1438 3561 1527 3611 τὸν
1554 3561 1783 3624 Παῦλον,

196 3649 388 3719 κτιστὴ
416 3649 476 3702 δὲ
504 3650 626 3702 κατ’
664 3649 924 3718 Εὐνόμιον
957 3648 1050 3701 τοῦ
1084 3651 1421 3718 Μονογενοῦς
1446 3655 1478 3722 ἡ
1518 3656 1694 3716 οὐσία,
1723 3656 1784 3708 ού

198 3742 478 3812 Δεσπότην
507 3740 913 3811 καταμιχθῆναι
934 3741 1163 3809 δούλοις,
1203 3743 1339 3796 ἀλλὰ
1362 3743 1548 3798 δοῦλον
1575 3747 1633 3797 ὲν
1667 3745 1787 3798 δού-

198 3832 307 3896 λοις
341 3832 598 3900 γενέσθαι
639 3832 726 3896 διὰ
755 3832 861 3886 τῶν
894 3833 1179 3907 δογμάτων
1213 3837 1263 3888 οἱ
1294 3836 1523 3890 ἐναντίοι
1569 3837 1786 3900 πάντως

201 3925 721 3989 κατασκευάζουσιν.
784 3926 943 3980 Ἀλλὰ
986 3927 1092 3998 μὴν
1126 3927 1185 3980 τὺ
1229 3927 1336 3998 πρὸ
1374 3927 1472 3996 τῆς
1521 3929 1578 3981 ἐν
1624 3931 1787 4002 σαρκὶ

206 4017 510 4088 παρουσίας
541 4019 598 4070 ἐν
625 4016 810 4070 δούλου
842 4021 1022 4088 μορφῇ
1058 4017 1237 4086 λέγειν
1274 4013 1414 4072 εἶναι
1438 4019 1529 4073 τὸν
1563 4021 1782 4092 Κύριον,

112 4126 118 4132 ·
205 4103 318 4161 ἶσόν
375 4110 497 4162 ἐστι
557 4108 636 4178 τῷ
693 4108 996 4175 διαϐάλλειν
1043 4110 1190 4179 ἡμᾶς
1244 4109 1319 4174 ὠς
1374 4109 1610 4180 μέλανας
1662 4113 1787 4177 τοὺς

209 4199 464 4270 ἀστέρας,
490 4199 586 4252 καὶ
617 4198 828 4268 ζοφώδη
856 4199 947 4251 τὸν
973 4198 1142 4268 ἥλιον,
1169 4199 1263 4252 καὶ
1295 4199 1388 4253 τὸν
1404 4199 1630 4271 οὐρανὸν
1659 4201 1788 4270 χθα-

214 4291 395 4360 μαλὸν,
433 4291 529 4344 καὶ
569 4291 630 4343 τὸ
676 4289 819 4360 ὓδωρ
852 4288 1036 4359 ξηρὸν,
1085 4289 1178 4342 καὶ
1226 4289 1403 4344 πάντα
1437 4289 1691 4358 λέγοντας
1721 4293 1788 4346 τὰ

210 4382 448 4438 τοιαῦτα.
512 4383 570 4435 '0
616 4383 725 4451 γὰρ
761 4368 882 4434 οὐκί
911 4380 971 4446 ἐξ
1003 4373 1075 4433 ὧν
1108 4382 1314 4451 ἀκήκοὲ
1357 4399 1408 4434 τι
1447 4385 1790 4437 κατασκευά-

209 4475 333 4537 ζων.
369 4472 509 4526 ἀλλὰ
552 4471 672 4522 κατ’
706 4469 840 4524 ἰδίαν
870 4469 1045 4542 ὁρμὴν
1071 4474 1132 4523 τὸ
1172 4471 1361 4525 δοκοῦν
1406 4473 1786 4537 ἀναπλάσσων,

1896 3298 2012 3353 Ι)ωο
2060 3297 2230 3368 igitur
2283 3296 2576 3367 diligenter
2633 3297 3039 3362 animadvertit,
3104 3315 3210 3353 non
3263 3300 3478 3369 ignorat

1894 3391 2122 3447 omnino
2145 3407 2270 3446 eum
2305 3391 2399 3461 qui
2431 3387 2776 3460 Unigenitum
2803 3408 2867 3446 ex
2905 3392 3166 3446 servitute
3212 3391 3264 3446 in
3305 3393 3478 3447 servi-

1895 3490 2064 3537 tutem
2097 3483 2335 3554 migrare
2375 3482 2523 3537 facit.
2554 3482 2610 3537 Si
2635 3483 2780 3537 enim
2805 3483 2984 3538 omnis
3005 3492 3256 3538 creatura
3281 3485 3473 3549 servit,

1899 3585 1957 3629 ut
1983 3575 2058 3628 ait
2097 3572 2305 3630 Paulus
2325 3617 2341 3639 ,
2373 3582 2560 3629 creata
2593 3581 2680 3629 est
2702 3583 2883 3628 autem
2915 3572 3476 3646 Unigenitiesseutia,

1897 3675 1954 3720 ut
1983 3673 2172 3720 censet
2206 3663 2509 3719 Eunomius
2547 3682 2558 3717 :
2594 3681 2701 3718 non
2744 3662 3031 3718 Dominum
3069 3666 3243 3721 servis
3280 3670 3479 3736 permi-

1895 3766 2065 3821 stum,
2103 3755 2200 3811 sed
2252 3771 2468 3811 servum
2528 3755 2670 3809 inter
2695 3771 2885 3810 servos
2946 3754 3149 3810 factum
3205 3773 3328 3812 esse
3362 3763 3479 3815 suis

1893 3851 2133 3906 decretis
2173 3849 2401 3905 omnino
2438 3849 2744 3904 adversarii
2777 3856 3056 3904 astruunt.
3087 3848 3479 3907 Verumtamen

1895 3951 2022 3997 ante
2050 3942 2347 3996 adventant
2386 3941 2441 3994 in
2477 3957 2641 3997 carne
2666 3941 2720 3996 in
2755 3941 2899 3996 servi
2929 3939 3104 3996 forma
3136 3957 3261 3997 esse
3291 3940 3478 3998 Domi-

1895 4050 2026 4088 num
2049 4032 2337 4097 allirmare,
2370 4031 2595 4102 perinde
2610 4040 2694 4088 est
2721 4034 2843 4088 acsi
2865 4033 3337 4089 calumniarentur
3370 4051 3473 4092 nos

1895 4129 2080 4183 dicere
2111 4127 2299 4196 nigras
2341 4126 2528 4183 stellas
2561 4134 2614 4182 et
2655 4127 3015 4198 caliginosum
3051 4128 3222 4182 solem
3257 4137 3313 4186 et
3365 4145 3479 4187 cm-

1895 4225 2008 4277 lum
2040 4222 2108 4278 ad
2133 4230 2333 4276 terram
2356 4219 2701 4290 depressum,
2733 4231 2787 4275 et
2805 4237 3001 4290 aquam
3029 4223 3259 4287 siccam,
3287 4231 3477 4277 ctom-

1895 4320 1984 4373 nia
2018 4331 2139 4386 qum
2173 4322 2308 4370 sunt
2352 4314 2625 4384 ejusmodi
2656 4333 2669 4371 :
2701 4315 2794 4386 qui
2825 4314 2973 4370 enim
3011 4331 3119 4369 non
3166 4332 3232 4370 ex
3273 4315 3478 4373 auditis

1896 4405 2026 4474 quid
2057 4404 2276 4464 astruit,
2330 4404 2424 4459 sed
2460 4418 2558 4472 pro
2581 4419 2683 4457 suo
2724 4403 2964 4474 impulsu
2999 4406 3145 4475 quod
3174 4407 3279 4461 sibi
3327 4408 3478 4461 vule-

1897 4503 1988 4548 tur
2019 4493 2194 4561 ﬁngit,
2227 4507 2404 4561 neque
2435 4500 2624 4560 parcat
2661 4501 2850 4548 contra
2889 4509 2988 4548 nos
3039 4495 3308 4564 ejusmodi
3365 4498 3476 4550 cri-

211 4568 337 4638 μηδὲ
361 4567 474 4618 τῶν
501 4563 756 4618 τοιούτων
782 4564 1044 4633 φειδέσθω
1073 4565 1192 4619 καθ’
1223 4567 1378 4637 ἡμῶν
1406 4567 1787 4637 ἐγκλημάτων.

1898 4583 2046 4637 mina
2074 4581 2380 4636 intendere.
2419 4579 2563 4635 Nihil
2596 4581 2741 4636 enim
2774 4583 3006 4640 interest
3033 4595 3218 4640 utrum
3256 4603 3354 4657 pro
3393 4589 3478 4642 his

209 4656 347 4712 Ἷσον
400 4658 513 4726 γάρ
559 4660 707 4711 ἐστιν
764 4655 903 4726 ὑπέρ
951 4673 1014 4724 γε
1070 4655 1275 4710 τούτων
1327 4660 1472 4728 ἡμᾶς
1517 4658 1610 4711 καὶ
1653 4659 1793 4729 ὑπὲρ

208 4751 429 4803 ἐκείνων
466 4747 814 4810 εὐθύνεσθαι,
837 4747 914 4818 τῷ
947 4749 1112 4819 μηδὲν
1144 4749 1345 4802 τούτων
1389 4751 1485 4813 τὰς
1523 4749 1693 4820 ἀρχὰς
1731 4757 1794 4804 εκ

205 4842 309 4896 τῶν
341 4841 634 4912 ἡμετέρων
668 4839 832 4910 ἔχειν.
884 4841 942 4892 ’0
983 4840 1091 4908 γὰρ
1118 4843 1174 4894 ἐν
1205 4844 1272 4912 τῇ
1301 4841 1638 4912 τοῦπατρὸς
1667 4843 1794 4914 δόξῃ

205 4936 294 4988 τὸν
342 4933 601 5005 ἀληθινὸν
645 4933 771 4986 Υἱὸν
815 4928 956 4986 εἶναι
1009 4933 1395 5004 διοριζόμενος,
1447 4936 1564 4995 πῶς
1621 4935 1686 4988 ἂν
1736 4937 1794 4987 ἐν

210 5033 389 5100 μορφῇ
445 5027 636 5080 δούλου
685 5027 784 5097 τὴν
826 5026 1042 5079 αἰώνιον
1089 5026 1185 5080 τοῦ
1232 5028 1571 5096 Μονογενοῦς
1637 5030 1794 5095 δόξαν

208 5124 458 5195 ὑδρίζςι;
517 5120 736 5190 Ἐπειδὴ
769 5121 946 5173 τοίνυν
978 5121 1125 5174 δοκεῖ
1154 5121 1233 5191 τῷ
1259 5121 1585 5191 λογογράφῳ
1612 5122 1791 5190 λέγειν

209 5215 418 5280 κακῶς,
459 5211 736 5283 φροντίζει
781 5211 836 5263 δὲ
889 5210 980 5263 τοῦ
1034 5213 1209 5265 δοκεῖν
1263 5211 1648 5280 εὐπροσώπους
1697 5213 1794 5276 τὰς

210 5307 386 5369 αἰτίας
438 5303 902 5367 κατασκευάζειν,
955 5303 1109 5354 οὐδὲν
1158 5304 1408 5372 περιττὸν
1456 5303 1522 5356 ἂν
1563 5307 1646 5374 εἰή
1701 5307 1794 5358 καὶ

211 5399 485 5467 ἄχρηστον
513 5398 626 5458 τοίς
655 5396 978 5458 ἁσυστὰτοις
1007 5395 1114 5448 τῶν
1148 5395 1508 5466 ἐγκλημάτων
1538 5397 1795 5465 ἐναγωνί-

211 5487 420 5551 ζεσθαι.

282 5580 393 5633 Καὶ
445 5578 555 5650 γὰρ
608 5581 642 5648 ἡ
695 5576 896 5647 ἐφεξῆς
955 5579 1256 5648 κατηγορία
1310 5581 1686 5650 παραπλήσιον
1735 5585 1795 5637 τὸ

217 5672 528 5745 παράλογον
560 5669 672 5741 ἔχει
695 5688 706 5700 ·
740 5669 833 5722 δύο
864 5669 972 5740 γὰρ
1009 5672 1276 5740 Χριστους
1318 5673 1410 5726 καὶ
1437 5673 1530 5725 δύο
1557 5676 1795 5746 Κυρίους

326 5853 374 5886 ⁸⁸
415 5851 583 5910 Hebr.
625 5869 725 5919 xu,
762 5853 851 5910 29.
933 5856 971 5886 ’⁷
1019 5852 1164 5914 Psal.
1219 5871 1407 5931 cxvut,
1450 5857 1539 5914 9i.

1893 4691 1959 4729 an
1991 4689 2090 4744 pro
2127 4673 2523 4742 illisjudicium
2551 4675 2867 4742 subeamus,
2927 4682 3056 4747 quia
3090 4681 3226 4734 nihil
3281 4681 3474 4736 horum

1890 4783 1956 4820 ex
2011 4766 2078 4820 iis
2107 4783 2227 4836 qua:
2259 4769 2562 4824 asserimus
2629 4772 2956 4841 principium
3017 4772 3216 4828 habere
3278 4781 3472 4842 potest.

1893 4855 1992 4922 Qui
2022 4858 2167 4911 enim
2204 4859 2257 4912 in
2289 4857 2465 4912 Patris
2505 4861 2676 4928 gloria
2705 4879 2892 4917 verum
2925 4863 3120 4917 Filium
3153 4880 3275 4918 esse
3306 4865 3479 4918 deler-

1894 4950 2086 5013 niinat,
2117 4951 2396 5020 quomodo
2429 4954 2480 5005 in
2511 4956 2654 5008 servi
2692 4953 2862 5011 forma
2895 4965 3154 5011 mternam
3197 4955 3474 5028 Unigeniti

1893 5041 2126 5110 gloriam
2164 5043 2499 5097 contumelia
2549 5043 2827 5098 alliceret?
2859 5044 3126 5110 Quoniam
3171 5060 3301 5100 vero
3348 5046 3477 5100 huic

1892 5134 2251 5202 scriptitatori
2313 5137 2491 5204 placet
2536 5137 2842 5192 maledictis
2892 5139 3205 5193 incessere:
3259 5138 3477 5210 ipsique

1891 5234 1974 5281 est
2007 5242 2154 5281 cura:
2185 5235 2244 5280 ut
2275 5227 2525 5283 videatur
2556 5229 2875 5298 plausibiles
2904 5237 2956 5283 et
2990 5230 3269 5299 speciosas
3312 5245 3477 5285 accu-

1893 5319 2135 5389 sationes
2192 5319 2503 5375 instruere:
2574 5335 2683 5375 non
2751 5336 3213 5389 supervacaneum
3283 5330 3336 5377 et
3393 5324 3478 5380 in-

1897 5411 2030 5464 utile
2064 5409 2248 5475 fuerit,
2301 5413 2626 5470 criminibus
2672 5413 3022 5468 instabiiibus
3059 5423 3113 5468 et
3147 5413 3301 5472 falsis
3340 5415 3478 5471 resi-

1904 5512 2066 5559 atere.

1977 5593 2186 5649 Etenim
2227 5611 2464 5665 sequens
2505 5598 2780 5652 accusatio
2821 5599 2999 5654 simile
3043 5601 3340 5658 absurdum
3390 5603 3479 5658 hac

1906 5684 1995 5740 bet
2015 5702 2029 5751 ;
2058 5686 2197 5744 duos
2214 5689 2358 5745 enim
2376 5690 2626 5745 Clu'islos
2647 5700 2698 5745 et
2725 5692 2864 5748 duos
2891 5691 3151 5750 Dominos
3173 5695 3354 5753 dicere
3377 5711 3480 5751 nos
