3922 6506
507 387 613 444 ῗο3

1701 384 1756 438 S.
1801 382 2124 439 GREGORII
2166 381 2458 438 NYSSENI

3640 386 3729 441 704

507 501 866 566 insimulavit,
925 517 1032 555 non
1066 519 1133 556 ex
1164 503 1369 557 nostris
1411 501 1630 572 scriptis
1667 503 2070 557 accusationem

2181 500 2354 569 λέγειν
2382 502 2527 571 ἡμᾶς
2553 502 2833 572 ᾐτιάσατο,
2856 503 2956 555 οὐκ
3074 502 3179 555 τῶν
3201 502 3491 573 ἡμετέρων
3512 503 3729 575 ἐλέγχειν

503 599 819 660 instituens,
875 598 965 652 sed
1014 598 1080 651 ad
1132 598 1419 651 arbitrium
1460 614 1556 668 pro
1609 613 1709 651 suo
1758 598 1882 666 jure
1920 612 2074 649 men-

504 689 664 743 dat-io
721 697 895 741 utens.
948 687 1216 754 Quoniam
1258 690 1423 756 igitur
1458 689 1512 742 in
1544 690 1661 758 cjus
1693 696 1961 759 potestate
1991 694 2075 743 est

507 779 769 849 quidquid
800 780 947 834 lubet
1000 779 1204 843 dicere,
1264 796 1362 833 cur
1408 796 1569 849 parce
1605 788 1658 834 et
1702 781 1889 835 stricte
1920 797 2073 836 men-

504 873 659 934 titur,
692 872 831 925 duos
862 873 1008 926 solos
1040 871 1289 925 Christos
1326 888 1355 923 a
1381 872 1537 925 nobis
1569 873 1748 926 induci
1779 872 2077 928 aﬂirmans?

505 961 653 1017 dicat
675 977 775 1031 pro
796 977 896 1017 suo
923 961 1066 1031 jure,
1097 961 1141 1015 si
1172 964 1221 1015 ei
1244 960 1479 1022 videtur,
1506 976 1605 1013 nos
1626 961 1810 1015 decem
1829 962 2075 1016 Christos

507 1069 776 1114 asserere,
823 1061 879 1106 et
916 1052 1096 1106 decies
1128 1053 1373 1114 totidem,
1414 1062 1467 1107 et
1508 1052 1572 1105 ad
1610 1053 1754 1105 n'iille
1788 1068 2072 1106 numerum

504 1145 790 1215 producat,
850 1142 1247 1211 utjuvenilius
1279 1152 1331 1196 et
1379 1143 1839 1197 inconsideratius
1870 1143 2077 1195 calum-

503 1235 650 1289 niam
715 1233 1106 1304 apprehendat.
1134 1231 1267 1285 Nam
1301 1234 1636 1302 blasphemia
1676 1233 1732 1286 in
1785 1234 1999 1287 duobus
2024 1242 2077 1287 et

502 1325 559 1379 in
598 1326 844 1395 pluribus
869 1323 1107 1379 Christis
1142 1324 1348 1393 atquale
1382 1324 1564 1390 habet,
1594 1326 1933 1395 criminaque
1966 1340 2073 1378 non

501 1418 749 1488 probata,
787 1432 887 1471 nec
927 1417 1302 1471 demonstrata
1353 1418 1609 1471 similiter
1650 1418 1880 1485 aequalia
1925 1426 2073 1471 sunt.

503 1505 766 1562 Ostendat
816 1509 981 1578 igitur
1028 1524 1129 1562 nos
1182 1524 1499 1563 asseverare
1548 1509 1687 1564 duos
1729 1508 1989 1563 Dominos
2023 1517 2077 1563 et

456 1619 464 1632 ι
502 1600 642 1653 duos
681 1598 971 1662 Christos,
1004 1609 1059 1652 ut
1105 1600 1172 1654 de
1219 1602 1402 1655 decies
1450 1602 1598 1655 mille
1644 1603 2074 1671 reprehensione

501 1688 647 1744 facta
688 1700 896 1744 contra.
932 1708 1031 1745 nos
1069 1692 1393 1746 sententiam
1440 1691 1598 1746 ferat.
1640 1692 1746 1747 Sed
1777 1710 1843 1748 ex
1870 1694 2074 1749 nostris
2099 1698 2140 1740 .'

502 1781 726 1850 scriptis
770 1797 871 1835 nos
919 1780 1243 1835 convincere
1281 1781 1580 1835 contendit.
1639 1781 1849 1835 ltursus
1890 1798 2012 1851 quae
2045 1797 2074 1833 a

502 1849 772 1943 magistro
799 1872 945 1926 dicta
977 1882 1104 1927 sunt
1127 1873 1503 1942 dispiciamus.
1534 1888 1630 1942 per
1659 1888 1779 1941 qnzc
1810 1849 1920 1927 iste
1942 1888 2075 1927 con-
2108 1849 2149 1902 Β

499 1969 585 2016 tra
638 1979 738 2018 nos
784 1971 937 2032 putat
985 1964 1216 2018 crimina
1271 1965 1566 2017 intentare.
1634 1963 1755 2017 Non
1805 1965 2075 2034 theologia:

500 2056 714 2107 modum
765 2055 913 2110 nobis
965 2057 1148 2118 tradit,
1199 2058 1398 2125 inquit,
1461 2056 1550 2109 sed
1611 2059 1910 2111 ωσοηοηιίω
1970 2061 2076 2112 sive

499 2145 907 2213 dispensationis
950 2150 1215 2211 rationes,
1261 2151 1349 2213 qui
1403 2148 1555 2213 dicit,
1609 2150 1745 2219 quod
1792 2151 2074 2204 Dominum

500 2239 674 2306 ipsum
716 2249 767 2293 et
821 2238 1088 2293 Christum
1141 2240 1263 2308 fecit
1320 2240 1457 2294 Deus
1519 2240 1655 2293 hunc
1698 2241 1897 2295 Filium
1924 2258 2074 2312 quem

502 2349 592 2386 vos
637 2332 982 2401 cruciﬁxistis
1023 2350 1040 2387 :
1081 2350 1199 2387 voce
1257 2333 1671 2388 demonstrativa
1723 2334 1791 2387 ad
1836 2334 1888 2387 id
1936 2334 2075 2403 quod

504 2423 793 2474 humanum
838 2431 987 2476 estet
1024 2422 1160 2491 quod
1199 2424 1429 2477 cernitur
1464 2422 1704 2477 omnibus
1749 2424 2074 2478 incumbens.

503 2511 631 2567 Haec
665 2513 830 2582 igitur
852 2519 979 2566 sunt
1009 2513 1234 2581 scripta.
1266 2510 1331 2565 Hi
1366 2527 1497 2567 vero
1535 2513 1643 2565 duo
1673 2511 1899 2574 Christi,
1932 2512 2075 2565 unde

501 2603 571 2656 ab
617 2600 883 2657 Eunomio
934 2617 1030 2671 per
1061 2602 1113 2656 id
1150 2602 1295 2670 quod
1325 2601 1532 2655 dictum
1564 2613 1649 2656 est
1682 2601 1876 2656 intrusi
1909 2601 2077 2656 sunt?

499 2702 686 2748 utrum
729 2693 914 2749 dicere
945 2693 1431 2749 demonstrativam
1461 2710 1681 2757 vocem,
1730 2694 1795 2747 ad
1847 2694 1897 2748 id
1930 2694 2075 2763 quod

501 2784 1069 2853 apparet'incumbere
1090 2825 1103 2847 ,
1160 2786 1263 2839 hoc
1292 2786 1525 2839 duorum
1567 2784 1910 2839 Christorum
1944 2802 2076 2840 con-

502 2874 805 2929 stitutionis
830 2883 1031 2929 certam
1058 2874 1219 2927 habet
1245 2874 1619 2942 probationem
1638 2876 1662 2928 ?
1681 2877 1851 2945 Igitur
1877 2890 2076 2945 negare

500 2967 657 3038 decet
685 2976 736 3021 et
769 2966 894 3030 hoc,
942 2981 1137 3034 nempe
1184 2966 1651 3035 superexaltatum
1681 2982 1802 3020 esse
1846 2966 1914 3019 ab
1956 2967 2076 3035 ipso

498 3068 623 3127 post
679 3059 986 3127 passionem
1020 3056 1330 3119 Dominum,
1368 3073 1435 3110 ne
1476 3058 1616 3111 duos
1660 3055 1967 3111 Altissimos
1992 3057 2075 3111 di-

2175 594 2273 663 τὴν
2302 592 2476 645 αἰτίαν
2502 592 2659 662 ἔχων,
2693 593 2828 647 ἀλλὰ
2856 593 2991 664 πρὸς
3026 593 3085 646 τὸ
3117 593 3307 647 δοκοῦν
3349 594 3471 647 κατ’
3511 594 3731 658 ἐξουσίαν

2176 685 2253 755 τῷ
2286 685 2469 754 ψεύδει
2499 685 2795 756 χρώμενος.
2842 688 2993 739 Ἐπεὶ
3026 682 3117 747 οὖν
3143 688 3226 740 ἐπ’
3258 686 3411 758 αὐτῷ
3435 690 3655 743 ποιεῖται
3679 690 3731 744 τὸ

2175 777 2353 846 λέγειν
2384 778 2420 830 ἃ
2456 778 2733 847 βούλεται,
2768 777 2821 829 τί
2865 778 3198 847 μικρολόγως
3236 779 3398 849 φέρει
3445 778 3503 830 τὺ
3539 778 3731 848 ψεῦδος,

2175 869 2267 922 δύο
2289 868 2479 939 μόνους
2505 870 2771 939 Χριστοὺς
2796 868 3046 936 λέγεσθαι
3072 871 3198 939 παρ’
3224 860 3388 939 ἡμῶν
3419 872 3731 926 κατασκευά-

2177 959 2534 1028 ζων;λεγέτω
2576 961 2695 1013 κατ’
2734 960 3000 1024 ἐξουσίαν,
3033 962 3081 1012 εἰ
3106 960 3285 1024 δοκεῖ,
3319 961 3416 1012 καὶ
3455 960 3584 1013 δέκα
3614 963 3731 1034 Χρι-

2179 1052 2337 1115 στοὺς
2361 1053 2682 1123 πρεσϐεύειν
2730 1054 2898 1122 ἡμᾶς,
2929 1052 3023 1105 καὶ
3051 1052 3270 1114 δεκάκις
3293 1054 3579 1117 τοσούτους
3598 1095 3612 1119 ,
3656 1058 3734 1110 καὶ

2177 1146 2256 1207 εἰς
2280 1145 2482 1214 χιλίους
2525 1145 2613 1198 τὸν
2653 1144 2882 1215 ἀριθμὸν
2909 1144 3213 1209 ὲκτεινέτω,
3235 1145 3315 1209 ὡς
3344 1145 3412 1199 ἂν
3438 1148 3734 1202 νεανικώτε-

2181 1255 2290 1307 ρον-
2332 1238 2429 1307 τῆς
2500 1238 2862 1304 συκοφαντίας
2911 1236 3384 1308 άντιλαμὸάνοιτοε
3432 1240 3504 1292 Ἥ
3548 1258 3603 1292 τε
3641 1242 3733 1316 γὰρ

2179 1329 2495 1399 βλασφημία
2515 1369 2530 1394 ,
2566 1328 2659 1381 καὶ
2698 1328 2791 1381 ἐπὶ
2819 1328 2913 1380 δύο
2944 1328 3037 1382 καὶ
3076 1328 3167 1381 ἐπὶ
3200 1329 3464 1382 πλειόνων
3509 1332 3733 1401 Χριστῶν

2176 1420 2236 1471 τὸ
2264 1415 2380 1471 ἴσον
2411 1418 2543 1488 ἔχει,
2581 1420 2673 1471 καὶ
2709 1419 2770 1470 τὸ
2815 1419 3197 1473 ἀναπόδεικτον
3229 1420 3346 1477 ἑῶν
3400 1421 3735 1492 ἐγκλημάτων

2178 1510 2436 1573 ὡσαύτως
2458 1506 2575 1562 ἶσόν
2606 1512 2740 1563 ἐστι.
2775 1510 2964 1575 Δείξας
2987 1510 3166 1563 τοίνυν
3201 1512 3263 1563 τὸ
3293 1510 3389 1563 δώο
3414 1512 3585 1579 λέγειν
3607 1515 3734 1583 ἡμᾶς

2176 1603 2414 1673 Κυρίους
2470 1603 2563 1655 καὶ
2621 1603 2713 1656 δύο
2769 1603 3057 1674 Χριστοὺς,
3091 1603 3167 1667 ὡς
3213 1604 3360 1674 περὶ
3406 1606 3607 1676 μυρίων
3658 1604 3734 1657 τὸν

2178 1694 2391 1763 ἔλεγχον
2431 1694 2825 1764 ποιησάμενος,
2852 1696 2950 1763 τὴν
2983 1694 3104 1747 καθ’
3146 1695 3305 1765 ἡμῶν
3334 1694 3513 1765 ψῆφον
3562 1696 3727 1765 ἐχέτω.

2191 1784 2327 1837 Ἀλλ’
2359 1787 2421 1837 ἐκ
2446 1784 2551 1837 τῶν
2573 1784 2853 1855 ἡμετέρων
2886 1786 3031 1854 ἡμᾶς
3059 1784 3361 1855 διελέγχειν
3402 1787 3551 1856 φησί.
3587 1786 3731 1838 Πάλιν

2178 1876 2283 1945 γὰρ
2323 1875 2391 1927 τὰ
2436 1876 2696 1945 εἰρημένα
2734 1874 2810 1945 τῷ
2848 1875 3148 1946 διδασκάλῳ
3181 1876 3632 1947 διασκεψώμεθα,
3673 1879 3727 1930 δι’

2177 1962 2251 2021 ῶν
2273 1960 2424 2030 οὗτος
2449 1968 2617 2019 οἴεται
2653 1970 2820 2019 κινεῖν
2848 1967 2969 2019 καθ’
3004 1967 3158 2037 ἡμῶν
3192 1966 3262 2020 τὰ
3297 1968 3630 2039 ἐγκλήματα.
3660 1973 3729 2022 Οὐ

2179 2061 2487 2127 θεολογίας
2523 2057 2666 2128 ἡμῖν
2693 2057 3061 2124 παραδίδωσι
3088 2059 3557 2130 τρόπον,.φησὶν,
3594 2060 3729 2113 ἀλλὰ

2177 2153 2319 2217 τοὺς
2346 2152 2454 2219 τῆς
2483 2152 2827 2219 οἰκονομίας
2858 2154 3098 2219 λόγους,
3129 2156 3161 2205 ό
3191 2154 3393 2223 λέγων
3419 2153 3507 2206 ὅτι
3540 2156 3731 2220 Κύριον

2177 2241 2364 2295 αὐτὸν
2397 2241 2495 2294 καὶ
2527 2241 2782 2308 Χριστὸν
2810 2239 3095 2307 ἐποίησεν
3128 2244 3161 2296 ό
3201 2243 3382 2308 Θεὸς,
3406 2241 3614 2297 τοῦτον
3639 2243 3729 2296 τὸν

2176 2335 2313 2389 Υὶὸν
2352 2334 2423 2387 ὃν
2467 2332 2634 2403 ὑμεῖς
2670 2333 3123 2402 ἐσταυρώσατε,
3173 2332 3247 2401 τῇ
3284 2333 3551 2403 δεικτικῇ
3582 2333 3727 2403 φωνῇ

2177 2428 2327 2496 πρὸς
2346 2428 2411 2481 τὸ
2429 2428 2803 2496 ἀνθρώπινον
2827 2427 3013 2483 αὑτοῦ
3034 2427 3131 2480 καὶ
3153 2428 3545 2497 βλεπόμενον
3563 2426 3728 2483 πᾶσιν

2175 2522 2644 2590 ἐπερειδόμενος.
2683 2523 2765 2575 Τὰ
2803 2523 2901 2592 μὲν
2931 2518 3022 2576 οὖν
3061 2522 3425 2592 γεγραμμένα
3459 2520 3622 2575 ταῦτα
3642 2537 3656 2552 θ
3686 2521 3726 2572 oi

2176 2615 2231 2667 δὲ
2265 2614 2355 2667 δύο
2376 2616 2601 2685 Χριστοὶ
2638 2614 2802 2669 πόθεν
2832 2615 2984 2684 παρὰ
3015 2613 3107 2668 τοῦ
3135 2613 3408 2683 Εὑνομίου
3437 2613 3521 2666 διὰ
3560 2612 3643 2664 τοῦ
3666 2614 3726 2665 ei-

2179 2706 2415 2776 ρημένου
2472 2706 2961 2777 εἰσεκυκλήθησαν;
3018 2701 3165 2777 Ἀρα
3217 2705 3284 2758 τὸ
3330 2706 3428 2776 τὴν
3485 2705 3726 2774 δεικτικὴν

2179 2796 2363 2868 φωνὴν
2387 2798 2521 2869 πρὸς
2550 2798 2609 2851 τὸ
2629 2798 2952 2869 φαινόμενον
2976 2799 3148 2851 εἰπεῖν
3172 2799 3275 2850 ἐπε
3285 2798 3576 2867 ρείδεσθαι,
3596 2794 3727 2849 τοῦτο

2177 2888 2277 2956 τῆς
2297 2888 2405 2941 τῶν
2435 2889 2527 2941 δύο
2546 2888 2588 2941 Χ
2602 2890 2793 2958 ριστῶν
2824 2890 3169 2960 κατασκευῆς
3190 2890 3295 2961 τὴν
3319 2888 3579 2953 ἀπόδειξιν
3604 2887 3722 2958 ἔχεις

2180 2980 2388 3033 Οὐκοῦν
2428 2980 2705 3048 ἀρνεῖσθαι
2754 2982 3057 3051 προσήκει,
3103 2982 3197 3034 καὶ
3234 2981 3301 3034 τὸ
3340 2979 3724 3052 ὐπερυψωθῆναι

2180 3072 2310 3142 παρ’
2342 3071 2505 3124 αὑτοῦ
2536 3071 2672 3141 μετὰ
2700 3072 2760 3124 τὸ
2786 3071 2956 3135 πάθος
2984 3072 3074 3124 τὸν
3118 3070 3343 3142 Κύριον,
3366 3072 3439 3134 ὡς
3464 3070 3528 3124 ἂν
3555 3070 3621 3139 μὴ
3646 3066 3723 3120 καὶ

503 3164 630 3204 cere
681 3164 1025 3203 accusemur.
1086 3147 1364 3218 Siquidem
1391 3148 1703 3204 Altissimus
1732 3150 1950 3219 quidem
1982 3151 2075 3220 qui

2181 3162 2272 3215 δύο
2297 3157 2772 3226 ’Υψίστουςλέγειν
2790 3161 3185 3231 αἰτιαθείημεν·
3200 3159 3623 3231 εἴπερἼᾋιστος
3643 3156 3725 3225 μὲν

503 3240 560 3293 in
605 3242 875 3310 principio
905 3249 989 3294 est
1038 3238 1273 3293 Verbum
1310 3240 1470 3302 Deus,
1508 3243 1944 3310 superexaltatus
1974 3256 2076 3294 au-

501 3336 610 3383 tem
662 3338 786 3398 post
830 3331 1143 3399 passionem
1196 3332 1287 3399 qui
1340 3346 1404 3383 ex
1463 3332 1693 3385 mortuis
1757 3333 2074 3397 resurrexit,

504 3420 649 3474 sicut
701 3422 777 3473 ait
828 3422 1147 3488 Apostolus.
1207 3421 1247 3474 E
1304 3422 1521 3476 duobus
1572 3424 1714 3476 enim
1770 3425 2079 3479 necessario

505 3513 735 3566 alterum
768 3513 1076 3584 eligendum
1107 3524 1210 3579 est,
1243 3515 1325 3568 vel
1355 3515 1586 3569 dicendo
1618 3517 2077 3586 superexaltatum

505 3618 629 3658 esse
664 3613 784 3673 post
813 3606 1148 3674 passionem,
1180 3608 1325 3675 quod
1351 3608 1569 3676 quidem
1604 3608 1811 3676 aequale
1840 3616 1922 3662 est
1954 3609 2080 3661 huic

509 3696 831 3761 assertioni,
869 3695 1160 3751 Dominum
1202 3698 1402 3752 factum
1428 3714 1549 3753 esse
1578 3708 1631 3753 et
1654 3700 1950 3763 Christum,
1982 3702 2081 3753 im-

504 3788 725 3857 pietatis
776 3790 917 3858 apud
978 3788 1306 3844 Eunomium
1361 3807 1511 3846 reum
1558 3792 1762 3853 vocari,
1794 3792 1879 3845 vel
1910 3806 2080 3845 accu-

506 3879 771 3935 sationem
813 3881 1135 3937 declinando
1161 3882 1390 3936 inticiari
1438 3881 1846 3937 confessionem
1885 3899 2081 3954 super-

507 3973 859 4028 cxaltationis
895 3973 1016 4044 ejus
1066 3976 1159 4044 qui
1218 3990 1415 4043 passus
1453 3988 1554 4029 est.

587 4065 695 4122 Sed
728 4067 794 4121 ad
816 4067 931 4120 haec
970 4082 1164 4122 rursus
1181 4075 1393 4137 oportet
1409 4070 1750 4123 accusatoris
1776 4084 2082 4125 sermonem

513 4167 717 4215 nostra:
769 4176 947 4215 causa:
995 4161 1251 4216 dictionis
1312 4162 1673 4228 patrocinium
1724 4166 2080 4234 prazstituere.

513 4252 646 4318 Qua:
688 4252 874 4321 itaque
930 4262 1059 4307 sunt
1109 4252 1179 4305 ab
1229 4254 1321 4305 illo
1373 4256 1544 4321 posita
1592 4255 1656 4307 ad
1706 4256 1929 4309 verbum
1996 4272 2081 4309 re-

514 4343 829 4404 citabimus,
881 4360 977 4412 per
1024 4360 1146 4413 quze
1176 4354 1363 4399 noster
1396 4362 1576 4400 sermo
1615 4349 1988 4410 constituitur,
2020 4349 2085 4402 ad

514 4436 661 4491 hunc
706 4438 924 4490 inodum
951 4438 1182 4491 :Beutns
1227 4438 1484 4504 Joannes,
1520 4440 1715 4508 inquit,
1753 4440 1916 4493 Deum
1964 4441 2085 4494 Ver-

2178 3256 2213 3307 ό
2233 3256 2290 3307 ἐν
2318 3255 2459 3324 ἀρχῇ
2501 3251 2576 3305 ὢν
2610 3252 2781 3321 Λόγος
2804 3253 2955 3316 Θεὸς,
2987 3252 3411 3323 ὑπερνψωθῆναι
3451 3250 3504 3302 δὲ
3536 3247 3720 3318 μετάτδ

2182 3344 2352 3407 πάθος
2381 3344 2409 3397 ὁ
2437 3346 2500 3396 ὲκ
2525 3344 2733 3415 νεκρῶν
2759 3346 3018 3409 ἀναστὰς,
3042 3345 3226 3408 καθώς
3248 3363 3411 3416 φησιν
3437 3346 3464 3397 ό
3497 3342 3724 3395 Ἀπόστοη

2179 3436 2288 3499 λος.
2322 3436 2442 3488 Τῶν
2483 3436 2575 3489 δύο
2614 3437 2721 3506 γὰρ
2751 3436 2897 3489 ἐστιν
2935 3437 2994 3501 ἐξ
3030 3438 3277 3507 ἀνάγκης
3308 3437 3515 3489 ἑλέσθαι
3542 3432 3598 3486 τό
3622 3433 3720 3486 ἓτε-

2183 3546 2293 3599 ρον,
2336 3530 2369 3599 ἢ
2417 3530 2669 3595 λέγοντας
2702 3529 3085 3601 ὑπερυψῶσθαι
3127 3530 3266 3599 μετὰ
3294 3530 3355 3582 τὸ
3388 3528 3575 3588 πάθος,
3606 3526 3718 3592 ὅπερ

2180 3613 2296 3671 ἶσον
2322 3618 2398 3689 τῷ
2430 3620 2632 3691 Κύριον
2652 3619 2936 3690 γενόμενον
2957 3620 3048 3673 καὶ
3064 3620 3320 3690 Χριστὸν,
3337 3618 3573 3679 ἀσεϐείας
3595 3612 3717 3683 παρὰ

2182 3711 2258 3781 τῷ
2287 3712 2536 3781 Εὑνομίῳ
2577 3712 2760 3782 φέρειν
2806 3710 3043 3781 γραφὴν,
3078 3710 3110 3779 ἦ
3150 3711 3251 3779 τὴν
3297 3706 3610 3779 κατηγορίαν
3644 3704 3717 3753 ἐκ·

2184 3802 2484 3865 κλίνοντας,
2513 3802 2791 3871 ἀρνεῖσθαι
2819 3802 2917 3873 τὴν
2939 3801 3226 3871 ὁμολογίαν
3253 3801 3350 3870 τῆς
3379 3798 3467 3850 τοῦ
3492 3793 3735 3851 παθόντος

2185 3893 2605 3964 ὑπερυψώσεως.

2270 4070 2427 4123 Ἀλλά
2457 4070 2562 4141 χρὴ
2602 4068 2736 4140 πρὸς
2783 4067 2953 4120 ταῦτα
2986 4068 3145 4119 πάλιν
3183 4066 3274 4118 τὸν
3317 4064 3409 4118 τοῦ
3448 4057 3733 4129 κατηγόρου-ν

2185 4163 2340 4232 λόγον
2388 4165 2682 4233 συνήγορον
2730 4161 2827 4231 τῆς
2876 4160 3148 4230 ἡμετέρας
3190 4156 3477 4224 ἀπολογίας
3517 4147 3714 4222 προστή-

2189 4254 2404 4306 σασθαι.
2441 4252 2646 4305 Οὐκοῦν
2676 4251 2909 4321 ἐροῦμεν
2949 4251 3039 4303 ἐπὶ
3071 4250 3267 4313 λέξεως
3295 4250 3362 4302 τὰ
3390 4247 3509 4317 παρ’
3539 4241 3709 4295 ἐκείνου

2186 4345 2426 4407 τεθέντα,
2469 4344 2535 4397 δι’
2580 4337 2654 4397 ὧν
2701 4342 2967 4412 ἡμέτερος
3007 4342 3319 4394 συνίσταται
3353 4340 3517 4406 λόγος,
3560 4332 3711 4385 τοῦτον

2188 4438 2277 4489 τὸν
2296 4438 2494 4506 τρόπον
2516 4450 2530 4465 ⁸
2554 4437 2605 4488 Ὀ
2622 4434 2932 4504 μακάριος,
2960 4435 3142 4504 φησιν.
3174 4435 3453 4498 Ἰωάννης
3476 4426 3570 4480 τὸν
3593 4419 3712 4475 Θεὸν

516 4530 637 4582 bum
674 4527 766 4592 'per
809 4545 957 4597 quem
1002 4530 1176 4582 omnia
1216 4528 1358 4596 facta
1406 4539 1548 4595 sunt,
1593 4531 1645 4582 in
1693 4547 1850 4583 carne
1884 4531 2078 4597 factum

2190 4532 2401 4600 Λόγον,
2433 4528 2507 4582 δι’
2541 4525 2612 4585 οὗ
2644 4528 2715 4581 τὰ
2748 4528 2943 4581 πάντα
2976 4529 3239 4597 γέγονεν,
3276 4528 3345 4579 ἐν
3382 4518 3549 4589 σαρκὶ
3577 4528 3711 4585 γεγε-

516 4639 627 4676 esse
665 4621 833 4680 docet,
869 4621 991 4672 dum
1046 4622 1173 4673 dicit
1219 4637 1283 4673 ει
1337 4620 1404 4673 Et
1451 4621 1675 4673 Verbum
1725 4639 1849 4675 caro
1885 4622 2083 4691 [actum

518 4724 595 4769 est
616 4715 678 4765 ¹⁸.
707 4734 724 4765 ι
752 4713 832 4765 An
859 4713 1161 4781 intelligens
1188 4728 1307 4781 qua:
1335 4713 1543 4774 scribit,
1578 4713 1691 4767 inec
1722 4714 1953 4767 orationi
1980 4730 2089 4768 suae

520 4806 741 4876 adjicit?
787 4805 1047 4875 Equidem
1083 4821 1188 4857 non
1219 4805 1461 4857 arbilror
1493 4806 1668 4874 ipsum
1721 4808 1865 4860 scire
1893 4807 2088 4860 horum

520 4900 807 4953 verborum
846 4897 1190 4952 sententiam.
1240 4895 1370 4949 Nam
1423 4898 1471 4951 si
1506 4899 1628 4968 quis
1674 4906 1931 4953 accurate
1971 4916 2092 4969 quae

519 4991 779 5044 dicuntur
834 4986 1229 5050 consideraret,
1286 4988 1491 5041 nullam
1542 4988 1595 5040 in
1652 4987 1737 5043 his
1788 4996 1840 5043 et
1885 5005 2006 5059 quae
2056 5004 2086 5042 a

522 5080 701 5140 nobis,
741 5088 794 5132 et
828 5094 948 5147 quae
977 5079 1045 5131 ab
1075 5078 1166 5132 illo
1193 5076 1476 5140 dicuntur,
1514 5079 1653 5133 inter
1687 5094 1746 5133 se
1773 5095 2082 5151 repugnan-

521 5172 652 5225 tiam
676 5171 964 5225 inveniret.
995 5168 1106 5225 Nos
1130 5171 1272 5224 enim
1300 5186 1362 5225 ea
1393 5173 1554 5225 etiam
1581 5188 1701 5241 qum
1736 5189 1833 5242 per
1865 5189 2083 5227 carnem

520 5262 835 5329 dispensata
878 5268 1006 5315 sunt
1059 5261 1285 5314 seorsim
1342 5269 1674 5329 spectamus,
1731 5273 1783 5317 et
1844 5263 2082 5317 divinam

520 5354 777 5407 virtutem
836 5353 890 5405 in
934 5352 1111 5421 seipsa
1154 5352 1530 5423 intelligimus.
1573 5353 1667 5409 Ille
1716 5356 1988 5421 similiter,
2026 5362 2084 5409 ut

525 5460 643 5508 nos,
683 5458 807 5499 eum
852 5444 946 5513 qui
994 5444 1047 5497 in
1079 5443 1349 5513 principio
1394 5454 1512 5498 erat
1551 5444 1788 5500 Verbum
1825 5447 1877 5499 in
1919 5462 2085 5501 carne

521 5536 923 5592 manifestatum
978 5552 1101 5591 esse
1148 5535 1302 5601 dicit,
1356 5554 1531 5607 neque
1588 5540 1728 5594 alius
1790 5540 2083 5609 quisquam

522 5627 722 5697 ipsum,
775 5643 951 5697 neque
988 5628 1105 5697 ipse
1144 5628 1383 5697 seipsum
1421 5644 1660 5699 unquam
1692 5630 1996 5694 accusavit,
2027 5640 2087 5685 ut

528 5826 539 5842 κ
637 5804 677 5833 ⁸⁸
712 5803 868 5860 Joan.
917 5820 952 5868 ι,
1000 5804 1081 5857 14.

2183 4622 2401 4690 νῆσθαι
2427 4620 2695 4675 διδάσκει
2718 4622 2910 4689 λέγων
2930 4633 2943 4647 ⁸
2974 4638 2994 4670 ι
3022 4619 3131 4674 Καὶ
3170 4622 3201 4672 ὁ
3243 4623 3425 4685 Λόγος
3453 4609 3589 4678 σὰρξ
3612 4602 3711 4671 ἑτέ·

2184 4732 2339 4767 vero.
2370 4734 2387 4764 ι
2424 4709 2567 4784 τΑρσι
2607 4712 2807 4775 συνιεὶς
2851 4712 2887 4764 ἃ
2914 4712 3136 4781 γράψει,
3170 4710 3342 4764 ταῦτα
3366 4706 3438 4776 τῷ
3465 4704 3566 4784 ἰίξίῳ
3596 4695 3711 4761 λόγῳ

2188 4806 2567 4878 προστίθησιν;
2609 4805 2749 4872 Ἐγὼ
2788 4807 2883 4874 μὲν
2913 4805 3012 4856 οὐκ
3043 4800 3195 4873 οἶμαι
3221 4803 3312 4855 τὸν
3344 4775 3601 4854 mehe.
3627 4785 3708 4878 τὴν

2188 4896 2390 4948 τούτων
2427 4896 2623 4948 εἰδέναι
2652 4894 2904 4953 διάνοιαν.
2946 4894 3037 4946 καὶ
3068 4893 3203 4963 πρὸς
3235 4892 3326 4945 τὸν
3356 4888 3597 4959 ἡμέτερον
3620 4877 3709 4971 δια,-

2194 4984 2460 5055 μάχεσθαι
2489 4984 2662 5052 λόγον.
2688 4983 2749 5034 Εἰ
2784 4982 2893 5052 γάρ
2918 4999 3000 5043 τις
3029 4979 3270 5052 ἀκριϐῶς
3306 4969 3623 5059 ἐπισκέψαιςτξ)
3652 4972 3705 5059 ξπ

2189 5076 2487 5145 λεγόμενα,
2521 5073 2774 5142 οὐδεμίαν
2809 5073 2867 5124 ὲν
2898 5071 3107 5132 τούτοις
3136 5070 3355 5140 εὑρήσει
3388 5063 3512 5134 πρὸς
3542 5052 3706 5145 ἄλληλα

2188 5169 2297 5222 τῶν
2332 5186 2389 5221 τε
2424 5169 2550 5237 παρ’
2580 5166 2735 5236 ἡμῶν
2764 5165 2856 5218 καὶ
2888 5165 2995 5216 τῶν
3030 5163 3159 5233 παρ’
3191 5162 3392 5215 ἐκείνου
3450 5144 3703 5219 λεγομένων

2188 5261 2286 5325 τὴν
2320 5260 2516 5330 μάχην.
2554 5259 2742 5329 Ἡμεῖς
2768 5275 2827 5309 τε
2857 5257 2965 5325 γάρ
3002 5256 3096 5308 καὶ
3120 5255 3188 5306 τὰ
3214 5253 3302 5305 διὰ
3338 5244 3521 5318 σαρκὸς
3545 5239 3704 5330 οἰκονο·

2195 5329 2433 5423 μηθέν-ια
2477 5352 2594 5403 κατ’
2631 5349 2763 5402 ἰδίαν
2805 5348 3039 5419 ὁρῶμεν,
3083 5347 3178 5400 καὶ
3204 5346 3299 5413 τὴν
3343 5341 3479 5394 θείαν
3516 5329 3702 5425 δύνξμξν

2316 5443 2513 5510 ἑαυτῆς
2552 5441 2811 5511 νοοῦμεν·
2850 5440 3054 5500 ἐκεῖνός
3094 5456 3152 5491 τε
3199 5427 3559 5507 παραπλησίως
3598 5419 3699 5516 lii“?

2196 5537 2282 5589 τον
2315 5538 2370 5588 ὲν
2395 5537 2534 5605 ἀρχῇ
2559 5536 2726 5602 Λόγον
2757 5535 2813 5585 ὲν
2839 5533 3000 5603 σαρκὶ
3031 5526 3433 5601 πεφανερῶσθαι
3454 5518 3598 5583 λέγειν
3626 5520 3696 5558 καί

2195 5630 2315 5683 οὔτε
2359 5628 2512 5691 ἄλλος
2560 5645 2642 5691 τις
2693 5626 2874 5692 αὐτὸν,
2917 5627 3040 5678 οὔτε
3088 5624 3247 5688 αὐτὸς
3284 5618 3459 5675 ἑαυτὸν
3485 5605 3699 5681 ᾐτιάσατο
