  <div class='ocr_page' id='page_1' title='image "/cluster/home/n/w/nwhite01/storage/ocr_20150623/45/hvd.32044019826437/358.png"; bbox 0 0 3922 6466; ppageno 0'>
   <div class='ocr_carea' id='block_1_1' title="bbox 188 283 278 336">
    <p class='ocr_par' dir='ltr' id='par_1_1' title="bbox 188 283 278 336">
     <span class='ocr_line' id='line_1_1' title="bbox 188 283 278 336; baseline 0.011 -1"><span class='ocrx_word' id='word_1_1' title='bbox 188 283 278 336; x_wconf 76' lang='lat'><strong>705</strong></span> 
     </span>
    </p>
   </div>
   <div class='ocr_carea' id='block_1_2' title="bbox 1297 273 2271 341">
    <p class='ocr_par' dir='ltr' id='par_1_2' title="bbox 1297 273 2271 341">
     <span class='ocr_line' id='line_1_2' title="bbox 1297 273 2271 341; baseline 0.002 -13"><span class='ocrx_word' id='word_1_2' title='bbox 1297 273 1576 330; x_wconf 78' lang='lat' dir='ltr'><strong>CONTRA</strong></span> <span class='ocrx_word' id='word_1_3' title='bbox 1604 274 1994 341; x_wconf 84' lang='lat' dir='ltr'><strong>EUNOMIUM,</strong></span> <span class='ocrx_word' id='word_1_4' title='bbox 2038 275 2163 328; x_wconf 85' lang='lat' dir='ltr'><strong>LIB.</strong></span> <span class='ocrx_word' id='word_1_5' title='bbox 2213 274 2271 330; x_wconf 85' lang='lat' dir='ltr'><strong>V.</strong></span> 
     </span>
    </p>
   </div>
   <div class='ocr_carea' id='block_1_3' title="bbox 3307 276 3408 333">
    <p class='ocr_par' dir='ltr' id='par_1_3' title="bbox 3307 276 3408 333">
     <span class='ocr_line' id='line_1_3' title="bbox 3307 276 3408 333; baseline 0.02 -2"><span class='ocrx_word' id='word_1_6' title='bbox 3307 276 3408 333; x_wconf 83' lang='lat'><strong>706</strong></span> 
     </span>
    </p>
   </div>
   <div class='ocr_carea' id='block_1_4' title="bbox 185 391 1749 466">
    <p class='ocr_par' dir='ltr' id='par_1_4' title="bbox 185 391 1736 466">
     <span class='ocr_line' id='line_1_4' title="bbox 185 391 1736 466; baseline 0.006 -25"><span class='ocrx_word' id='word_1_7' title='bbox 185 398 406 456; x_wconf 71' lang='grc' dir='ltr'>πώποτε,</span> <span class='ocrx_word' id='word_1_8' title='bbox 443 392 521 455; x_wconf 82' lang='grc' dir='ltr'>ὡς</span> <span class='ocrx_word' id='word_1_9' title='bbox 549 391 639 445; x_wconf 84' lang='grc' dir='ltr'><strong>δύο</strong></span> <span class='ocrx_word' id='word_1_10' title='bbox 667 391 873 460; x_wconf 79' lang='grc' dir='ltr'><strong>Λόγους</strong></span> <span class='ocrx_word' id='word_1_11' title='bbox 899 391 1262 463; x_wconf 79' lang='grc' dir='ltr'><strong>κηρύσσοντα,</strong></span> <span class='ocrx_word' id='word_1_12' title='bbox 1297 395 1387 447; x_wconf 90' lang='grc' dir='ltr'><strong>τόν</strong></span> <span class='ocrx_word' id='word_1_13' title='bbox 1415 413 1475 448; x_wconf 88' lang='grc' dir='ltr'><strong>τε</strong></span> <span class='ocrx_word' id='word_1_14' title='bbox 1509 397 1565 448; x_wconf 84' lang='grc' dir='ltr'>ὲν</span> <span class='ocrx_word' id='word_1_15' title='bbox 1597 398 1736 466; x_wconf 78' lang='grc' dir='ltr'>ἀρχῇ</span> 
     </span>
    </p>
   </div>
   <div class='ocr_carea' id='block_1_5' title="bbox 1852 391 3408 466">
    <p class='ocr_par' dir='ltr' id='par_1_5' title="bbox 1852 392 3408 466">
     <span class='ocr_line' id='line_1_5' title="bbox 1852 392 3408 466; baseline 0.003 -18"><span class='ocrx_word' id='word_1_16' title='bbox 1852 396 1950 449; x_wconf 88' lang='lat' dir='ltr'><strong>:luo</strong></span> <span class='ocrx_word' id='word_1_17' title='bbox 1975 394 2146 449; x_wconf 76' lang='lat' dir='ltr'><strong>‘Verba</strong></span> <span class='ocrx_word' id='word_1_18' title='bbox 2177 394 2579 464; x_wconf 66' lang='lat' dir='ltr'><strong>praedicantem,</strong></span> <span class='ocrx_word' id='word_1_19' title='bbox 2617 401 2670 447; x_wconf 91' lang='lat' dir='ltr'><strong>et</strong></span> <span class='ocrx_word' id='word_1_20' title='bbox 2701 392 2845 462; x_wconf 87' lang='lat' dir='ltr'><strong>quod</strong></span> <span class='ocrx_word' id='word_1_21' title='bbox 2881 393 2935 447; x_wconf 87' lang='lat' dir='ltr'><strong>in</strong></span> <span class='ocrx_word' id='word_1_22' title='bbox 2969 392 3239 466; x_wconf 81' lang='lat' dir='ltr'><strong>principio</strong></span> <span class='ocrx_word' id='word_1_23' title='bbox 3268 408 3408 465; x_wconf 85' lang='lat' dir='ltr'><strong>erat,</strong></span> 
     </span>
    </p>
   </div>
   <div class='ocr_carea' id='block_1_6' title="bbox 183 479 1738 557">
    <p class='ocr_par' dir='ltr' id='par_1_6' title="bbox 183 479 1738 557">
     <span class='ocr_line' id='line_1_6' title="bbox 183 479 1738 557; baseline -0.001 -17"><span class='ocrx_word' id='word_1_24' title='bbox 183 490 318 546; x_wconf 71' lang='grc' dir='ltr'>ὄντα,</span> <span class='ocrx_word' id='word_1_25' title='bbox 343 483 436 537; x_wconf 79' lang='grc' dir='ltr'><strong>καὶ</strong></span> <span class='ocrx_word' id='word_1_26' title='bbox 465 482 564 536; x_wconf 79' lang='grc' dir='ltr'>τὸν</span> <span class='ocrx_word' id='word_1_27' title='bbox 597 483 769 553; x_wconf 82' lang='grc' dir='ltr'>σάρκα</span> <span class='ocrx_word' id='word_1_28' title='bbox 792 483 1099 554; x_wconf 82' lang='grc' dir='ltr'>γενόμενον.</span> <span class='ocrx_word' id='word_1_29' title='bbox 1123 479 1244 536; x_wconf 80' lang='grc' dir='ltr'>Οἷδε</span> <span class='ocrx_word' id='word_1_30' title='bbox 1275 485 1383 557; x_wconf 81' lang='grc' dir='ltr'><strong>γὰρ</strong></span> <span class='ocrx_word' id='word_1_31' title='bbox 1410 486 1626 549; x_wconf 85' lang='grc' dir='ltr'>πάντως</span> <span class='ocrx_word' id='word_1_32' title='bbox 1657 487 1738 539; x_wconf 87' lang='grc' dir='ltr'><strong>ὃτι</strong></span> 
     </span>
    </p>
   </div>
   <div class='ocr_carea' id='block_1_7' title="bbox 180 563 1739 648">
    <p class='ocr_par' dir='ltr' id='par_1_7' title="bbox 180 563 1739 648">
     <span class='ocr_line' id='line_1_7' title="bbox 180 563 1739 648; baseline -0.001 -17"><span class='ocrx_word' id='word_1_33' title='bbox 180 580 206 631; x_wconf 90' lang='lat'><strong>6</strong></span> <span class='ocrx_word' id='word_1_34' title='bbox 224 576 312 648; x_wconf 85' lang='grc' dir='ltr'>μὲν</span> <span class='ocrx_word' id='word_1_35' title='bbox 335 576 506 642; x_wconf 81' lang='grc' dir='ltr'><strong>Λόγος</strong></span> <span class='ocrx_word' id='word_1_36' title='bbox 534 577 564 628; x_wconf 98' lang='lat'><strong>6</strong></span> <span class='ocrx_word' id='word_1_37' title='bbox 589 574 748 638; x_wconf 77' lang='grc' dir='ltr'>αὐτός</span> <span class='ocrx_word' id='word_1_38' title='bbox 777 563 891 626; x_wconf 74' lang='grc' dir='ltr'>ἐστι</span> <span class='ocrx_word' id='word_1_39' title='bbox 917 574 993 644; x_wconf 82' lang='grc' dir='ltr'>τῷ</span> <span class='ocrx_word' id='word_1_40' title='bbox 1024 575 1199 644; x_wconf 81' lang='grc' dir='ltr'>Λόγῳ,</span> <span class='ocrx_word' id='word_1_41' title='bbox 1223 578 1251 628; x_wconf 92' lang='grc' dir='ltr'><strong>ό</strong></span> <span class='ocrx_word' id='word_1_42' title='bbox 1282 578 1339 627; x_wconf 84' lang='grc' dir='ltr'>ὲν</span> <span class='ocrx_word' id='word_1_43' title='bbox 1367 577 1530 646; x_wconf 70' lang='grc' dir='ltr'>σαρκὶ</span> <span class='ocrx_word' id='word_1_44' title='bbox 1553 577 1739 644; x_wconf 76' lang='grc' dir='ltr'>φανεὶς</span> 
     </span>
    </p>
   </div>
   <div class='ocr_carea' id='block_1_8' title="bbox 179 665 1736 740">
    <p class='ocr_par' dir='ltr' id='par_1_8' title="bbox 179 665 1736 740">
     <span class='ocr_line' id='line_1_8' title="bbox 179 665 1736 740; baseline -0.001 -17"><span class='ocrx_word' id='word_1_45' title='bbox 179 668 246 740; x_wconf 81' lang='grc' dir='ltr'>τῷ</span> <span class='ocrx_word' id='word_1_46' title='bbox 274 667 403 739; x_wconf 82' lang='grc' dir='ltr'>πρὸς</span> <span class='ocrx_word' id='word_1_47' title='bbox 421 665 561 720; x_wconf 82' lang='grc' dir='ltr'>Θεὸν</span> <span class='ocrx_word' id='word_1_48' title='bbox 580 667 712 721; x_wconf 74' lang='grc' dir='ltr'>ὄντι.</span> <span class='ocrx_word' id='word_1_49' title='bbox 743 668 805 720; x_wconf 88' lang='grc' dir='ltr'>Ἡ</span> <span class='ocrx_word' id='word_1_50' title='bbox 825 667 881 720; x_wconf 86' lang='grc' dir='ltr'>δὲ</span> <span class='ocrx_word' id='word_1_51' title='bbox 912 666 1047 737; x_wconf 80' lang='grc' dir='ltr'>σὰρξ</span> <span class='ocrx_word' id='word_1_52' title='bbox 1066 668 1217 739; x_wconf 80' lang='grc' dir='ltr'>ούχὴ</span> <span class='ocrx_word' id='word_1_53' title='bbox 1241 668 1378 738; x_wconf 83' lang='grc' dir='ltr'>αὐτὴ</span> <span class='ocrx_word' id='word_1_54' title='bbox 1400 673 1464 740; x_wconf 78' lang='grc' dir='ltr'>τῇ</span> <span class='ocrx_word' id='word_1_55' title='bbox 1492 669 1700 739; x_wconf 87' lang='grc' dir='ltr'>θεότητι</span> <span class='ocrx_word' id='word_1_56' title='bbox 1723 687 1736 700; x_wconf 94' lang='grc'><strong>·</strong></span> 
     </span>
    </p>
   </div>
   <div class='ocr_carea' id='block_1_9' title="bbox 180 758 1736 831">
    <p class='ocr_par' dir='ltr' id='par_1_9' title="bbox 180 758 1736 831">
     <span class='ocr_line' id='line_1_9' title="bbox 180 758 1736 831; baseline 0.003 -20"><span class='ocrx_word' id='word_1_57' title='bbox 180 762 293 830; x_wconf 75' lang='grc' dir='ltr'>πρὶν</span> <span class='ocrx_word' id='word_1_58' title='bbox 324 759 752 831; x_wconf 61' lang='grc' dir='ltr'>μεταπιηθῆναι</span> <span class='ocrx_word' id='word_1_59' title='bbox 795 759 891 813; x_wconf 75' lang='grc' dir='ltr'><strong>καὶ</strong></span> <span class='ocrx_word' id='word_1_60' title='bbox 928 758 1132 830; x_wconf 79' lang='grc' dir='ltr'>ταύτην</span> <span class='ocrx_word' id='word_1_61' title='bbox 1169 760 1304 828; x_wconf 80' lang='grc' dir='ltr'>πρὸς</span> <span class='ocrx_word' id='word_1_62' title='bbox 1341 761 1440 830; x_wconf 84' lang='grc' dir='ltr'><strong>τὴν</strong></span> <span class='ocrx_word' id='word_1_63' title='bbox 1487 762 1736 831; x_wconf 84' lang='grc' dir='ltr'>θεότητα,</span> 
     </span>
    </p>
   </div>
   <div class='ocr_carea' id='block_1_10' title="bbox 178 849 1735 923">
    <p class='ocr_par' dir='ltr' id='par_1_10' title="bbox 178 849 1735 923">
     <span class='ocr_line' id='line_1_10' title="bbox 178 849 1735 923; baseline 0.003 -21"><span class='ocrx_word' id='word_1_64' title='bbox 178 853 243 915; x_wconf 84' lang='grc' dir='ltr'>ὡς</span> <span class='ocrx_word' id='word_1_65' title='bbox 271 851 323 916; x_wconf 80' lang='grc' dir='ltr'>ἐξ</span> <span class='ocrx_word' id='word_1_66' title='bbox 353 850 605 920; x_wconf 74' lang='grc' dir='ltr'>ἀνάγκης</span> <span class='ocrx_word' id='word_1_67' title='bbox 644 850 777 903; x_wconf 81' lang='grc' dir='ltr'>ἄλλα</span> <span class='ocrx_word' id='word_1_68' title='bbox 819 849 917 919; x_wconf 83' lang='grc' dir='ltr'><strong>μὲν</strong></span> <span class='ocrx_word' id='word_1_69' title='bbox 945 851 1275 921; x_wconf 76' lang='grc' dir='ltr'><strong>ἐφαρμόζειν</strong></span> <span class='ocrx_word' id='word_1_70' title='bbox 1301 850 1379 921; x_wconf 84' lang='grc' dir='ltr'><strong>τῷ</strong></span> <span class='ocrx_word' id='word_1_71' title='bbox 1409 851 1526 922; x_wconf 89' lang='grc' dir='ltr'><strong>Θεῷ</strong></span> <span class='ocrx_word' id='word_1_72' title='bbox 1556 853 1735 923; x_wconf 85' lang='grc' dir='ltr'><strong>Λόγῳ,</strong></span> 
     </span>
    </p>
   </div>
   <div class='ocr_carea' id='block_1_11' title="bbox 178 935 1739 1013">
    <p class='ocr_par' dir='ltr' id='par_1_11' title="bbox 178 935 1739 1013">
     <span class='ocr_line' id='line_1_11' title="bbox 178 935 1739 1013; baseline 0 -17"><span class='ocrx_word' id='word_1_73' title='bbox 178 944 320 1013; x_wconf 77' lang='grc' dir='ltr'>ἕτερα</span> <span class='ocrx_word' id='word_1_74' title='bbox 345 943 401 994; x_wconf 81' lang='grc' dir='ltr'>δὲ</span> <span class='ocrx_word' id='word_1_75' title='bbox 447 944 516 1012; x_wconf 80' lang='grc' dir='ltr'>τῇ</span> <span class='ocrx_word' id='word_1_76' title='bbox 556 940 649 994; x_wconf 81' lang='grc' dir='ltr'>τοῦ</span> <span class='ocrx_word' id='word_1_77' title='bbox 691 940 879 994; x_wconf 88' lang='grc' dir='ltr'>δούλου</span> <span class='ocrx_word' id='word_1_78' title='bbox 921 943 1126 1012; x_wconf 81' lang='grc' dir='ltr'>μορφῇ.</span> <span class='ocrx_word' id='word_1_79' title='bbox 1159 942 1221 994; x_wconf 73' lang='lat' dir='ltr'><strong>Et</strong></span> <span class='ocrx_word' id='word_1_80' title='bbox 1263 935 1355 996; x_wconf 76' lang='grc' dir='ltr'><strong>οὖν</strong></span> <span class='ocrx_word' id='word_1_81' title='bbox 1395 944 1600 1006; x_wconf 79' lang='grc' dir='ltr'>ἐκεῖνος</span> <span class='ocrx_word' id='word_1_82' title='bbox 1639 943 1739 996; x_wconf 85' lang='grc' dir='ltr'><strong>οὐκ</strong></span> 
     </span>
    </p>
   </div>
   <div class='ocr_carea' id='block_1_12' title="bbox 178 1030 1739 1102">
    <p class='ocr_par' dir='ltr' id='par_1_12' title="bbox 178 1030 1739 1102">
     <span class='ocr_line' id='line_1_12' title="bbox 178 1030 1739 1102; baseline 0 -15"><span class='ocrx_word' id='word_1_83' title='bbox 178 1033 378 1102; x_wconf 79' lang='grc' dir='ltr'><strong>ἐγκαλεῖ</strong></span> <span class='ocrx_word' id='word_1_84' title='bbox 401 1031 554 1102; x_wconf 70' lang='grc' dir='ltr'>αὐτῷ</span> <span class='ocrx_word' id='word_1_85' title='bbox 583 1031 671 1084; x_wconf 87' lang='grc' dir='ltr'>διὰ</span> <span class='ocrx_word' id='word_1_86' title='bbox 699 1032 799 1101; x_wconf 88' lang='grc' dir='ltr'><strong>τῆς</strong></span> <span class='ocrx_word' id='word_1_87' title='bbox 825 1030 1079 1101; x_wconf 81' lang='grc' dir='ltr'><strong>τοιαύτης</strong></span> <span class='ocrx_word' id='word_1_88' title='bbox 1113 1033 1402 1102; x_wconf 81' lang='grc' dir='ltr'>ὁμολογίας</span> <span class='ocrx_word' id='word_1_89' title='bbox 1429 1033 1537 1087; x_wconf 83' lang='grc' dir='ltr'><strong>τῶν</strong></span> <span class='ocrx_word' id='word_1_90' title='bbox 1554 1034 1739 1102; x_wconf 85' lang='grc' dir='ltr'>Λόγων</span> 
     </span>
    </p>
   </div>
   <div class='ocr_carea' id='block_1_13' title="bbox 176 1123 1738 1196">
    <p class='ocr_par' dir='ltr' id='par_1_13' title="bbox 176 1123 1738 1196">
     <span class='ocr_line' id='line_1_13' title="bbox 176 1123 1738 1196; baseline -0.001 -16"><span class='ocrx_word' id='word_1_91' title='bbox 176 1126 342 1190; x_wconf 83' lang='grc' dir='ltr'>δυάδα,</span> <span class='ocrx_word' id='word_1_92' title='bbox 391 1125 513 1188; x_wconf 83' lang='grc' dir='ltr'>πῶς</span> <span class='ocrx_word' id='word_1_93' title='bbox 560 1126 720 1195; x_wconf 75' lang='grc' dir='ltr'>ἡμεῖς</span> <span class='ocrx_word' id='word_1_94' title='bbox 773 1123 909 1194; x_wconf 86' lang='grc' dir='ltr'>πρὸς</span> <span class='ocrx_word' id='word_1_95' title='bbox 951 1123 1044 1176; x_wconf 89' lang='grc' dir='ltr'><strong>δύο</strong></span> <span class='ocrx_word' id='word_1_96' title='bbox 1095 1125 1364 1195; x_wconf 79' lang='grc' dir='ltr'>Χριστοὺς</span> <span class='ocrx_word' id='word_1_97' title='bbox 1408 1125 1738 1196; x_wconf 79' lang='grc' dir='ltr'>διαμερίξειν</span> 
     </span>
    </p>
   </div>
   <div class='ocr_carea' id='block_1_14' title="bbox 173 1212 1738 1288">
    <p class='ocr_par' dir='ltr' id='par_1_14' title="bbox 173 1212 1738 1288">
     <span class='ocr_line' id='line_1_14' title="bbox 173 1212 1738 1288; baseline -0.001 -19"><span class='ocrx_word' id='word_1_98' title='bbox 173 1216 259 1288; x_wconf 80' lang='grc' dir='ltr'>τὴν</span> <span class='ocrx_word' id='word_1_99' title='bbox 296 1215 479 1268; x_wconf 82' lang='grc' dir='ltr'>πίστιν</span> <span class='ocrx_word' id='word_1_100' title='bbox 533 1212 963 1283; x_wconf 79' lang='grc' dir='ltr'>διαὸαλλόμεθα;</span> <span class='ocrx_word' id='word_1_101' title='bbox 1030 1213 1080 1265; x_wconf 69' lang='lat' dir='ltr'><strong>oi</strong></span> <span class='ocrx_word' id='word_1_102' title='bbox 1129 1213 1219 1266; x_wconf 82' lang='grc' dir='ltr'><strong>τὸν</strong></span> <span class='ocrx_word' id='word_1_103' title='bbox 1274 1216 1339 1267; x_wconf 83' lang='grc' dir='ltr'>ὲκ</span> <span class='ocrx_word' id='word_1_104' title='bbox 1385 1215 1478 1267; x_wconf 80' lang='grc' dir='ltr'>τοῦ</span> <span class='ocrx_word' id='word_1_105' title='bbox 1533 1215 1738 1281; x_wconf 84' lang='grc' dir='ltr'>πάθους</span> 
     </span>
    </p>
   </div>
   <div class='ocr_carea' id='block_1_15' title="bbox 177 1303 1738 1378">
    <p class='ocr_par' dir='ltr' id='par_1_15' title="bbox 177 1303 1738 1378">
     <span class='ocr_line' id='line_1_15' title="bbox 177 1303 1738 1378; baseline -0.001 -17"><span class='ocrx_word' id='word_1_106' title='bbox 177 1305 610 1378; x_wconf 69' lang='grc' dir='ltr'>ύπερυψωθέντα,</span> <span class='ocrx_word' id='word_1_107' title='bbox 636 1304 824 1358; x_wconf 83' lang='grc' dir='ltr'>τοῦτον</span> <span class='ocrx_word' id='word_1_108' title='bbox 858 1303 1060 1374; x_wconf 86' lang='grc' dir='ltr'>Κύριόν</span> <span class='ocrx_word' id='word_1_109' title='bbox 1083 1321 1142 1357; x_wconf 90' lang='grc' dir='ltr'><strong>τε</strong></span> <span class='ocrx_word' id='word_1_110' title='bbox 1182 1307 1275 1358; x_wconf 70' lang='grc' dir='ltr'><strong>καὶ</strong></span> <span class='ocrx_word' id='word_1_111' title='bbox 1313 1307 1545 1376; x_wconf 86' lang='grc' dir='ltr'>Χριστὸν</span> <span class='ocrx_word' id='word_1_112' title='bbox 1577 1323 1738 1374; x_wconf 81' lang='grc' dir='ltr'>γεγε-</span> 
     </span>
    </p>
   </div>
   <div class='ocr_carea' id='block_1_16' title="bbox 174 1393 1739 1466">
    <p class='ocr_par' dir='ltr' id='par_1_16' title="bbox 174 1393 1739 1466">
     <span class='ocr_line' id='line_1_16' title="bbox 174 1393 1739 1466; baseline -0.001 -17"><span class='ocrx_word' id='word_1_113' title='bbox 174 1397 345 1466; x_wconf 84' lang='grc' dir='ltr'>νῆσθαι</span> <span class='ocrx_word' id='word_1_114' title='bbox 377 1395 656 1462; x_wconf 82' lang='grc' dir='ltr'>λέγοντες,</span> <span class='ocrx_word' id='word_1_115' title='bbox 691 1393 778 1448; x_wconf 83' lang='grc' dir='ltr'>διὰ</span> <span class='ocrx_word' id='word_1_116' title='bbox 803 1394 902 1464; x_wconf 89' lang='grc' dir='ltr'><strong>τῆς</strong></span> <span class='ocrx_word' id='word_1_117' title='bbox 932 1393 1068 1465; x_wconf 81' lang='grc' dir='ltr'>πρὸς</span> <span class='ocrx_word' id='word_1_118' title='bbox 1099 1394 1188 1446; x_wconf 86' lang='grc' dir='ltr'><strong>τὸν</strong></span> <span class='ocrx_word' id='word_1_119' title='bbox 1219 1393 1385 1457; x_wconf 76' lang='grc' dir='ltr'>ὅντως</span> <span class='ocrx_word' id='word_1_120' title='bbox 1408 1394 1612 1465; x_wconf 83' lang='grc' dir='ltr'><strong>Κύριον</strong></span> <span class='ocrx_word' id='word_1_121' title='bbox 1643 1397 1739 1450; x_wconf 75' lang='grc' dir='ltr'><strong>καὶ</strong></span> 
     </span>
    </p>
   </div>
   <div class='ocr_carea' id='block_1_17' title="bbox 173 1473 1761 1560">
    <p class='ocr_par' dir='ltr' id='par_1_17' title="bbox 173 1473 1761 1560">
     <span class='ocr_line' id='line_1_17' title="bbox 173 1473 1761 1560; baseline 0 -18"><span class='ocrx_word' id='word_1_122' title='bbox 173 1489 387 1559; x_wconf 77' lang='grc' dir='ltr'>Χριστὸν</span> <span class='ocrx_word' id='word_1_123' title='bbox 416 1486 692 1551; x_wconf 85' lang='grc' dir='ltr'>ὲνώσεως,</span> <span class='ocrx_word' id='word_1_124' title='bbox 715 1486 916 1550; x_wconf 81' lang='grc' dir='ltr'>ειδότες</span> <span class='ocrx_word' id='word_1_125' title='bbox 943 1487 1010 1540; x_wconf 82' lang='grc' dir='ltr'>δι’</span> <span class='ocrx_word' id='word_1_126' title='bbox 1037 1479 1112 1540; x_wconf 81' lang='grc' dir='ltr'><strong>ὧν</strong></span> <span class='ocrx_word' id='word_1_127' title='bbox 1145 1487 1565 1558; x_wconf 79' lang='grc' dir='ltr'><strong>μεμαθήκαμεν,</strong></span> <span class='ocrx_word' id='word_1_128' title='bbox 1597 1491 1678 1542; x_wconf 84' lang='grc' dir='ltr'>ὅτι</span> <span class='ocrx_word' id='word_1_129' title='bbox 1704 1473 1761 1560; x_wconf 60' lang='grc' dir='ltr'><strong>ή”</strong></span> 
     </span>
    </p>
   </div>
   <div class='ocr_carea' id='block_1_18' title="bbox 177 1577 1738 1651">
    <p class='ocr_par' dir='ltr' id='par_1_18' title="bbox 177 1577 1738 1651">
     <span class='ocr_line' id='line_1_18' title="bbox 177 1577 1738 1651; baseline 0 -19"><span class='ocrx_word' id='word_1_130' title='bbox 177 1580 260 1651; x_wconf 84' lang='grc' dir='ltr'>μὲν</span> <span class='ocrx_word' id='word_1_131' title='bbox 301 1578 421 1632; x_wconf 86' lang='grc' dir='ltr'>θεία</span> <span class='ocrx_word' id='word_1_132' title='bbox 471 1578 639 1649; x_wconf 80' lang='grc' dir='ltr'>φύσις</span> <span class='ocrx_word' id='word_1_133' title='bbox 682 1578 767 1631; x_wconf 71' lang='grc' dir='ltr'><strong>ἀεὶ</strong></span> <span class='ocrx_word' id='word_1_134' title='bbox 807 1577 904 1648; x_wconf 86' lang='grc' dir='ltr'><strong>μία</strong></span> <span class='ocrx_word' id='word_1_135' title='bbox 957 1579 1049 1630; x_wconf 80' lang='grc' dir='ltr'>καὶ</span> <span class='ocrx_word' id='word_1_136' title='bbox 1094 1580 1127 1648; x_wconf 79' lang='grc' dir='ltr'>ἡ</span> <span class='ocrx_word' id='word_1_137' title='bbox 1165 1579 1303 1649; x_wconf 79' lang='grc' dir='ltr'>αὐτὴ</span> <span class='ocrx_word' id='word_1_138' title='bbox 1341 1580 1434 1632; x_wconf 75' lang='grc' dir='ltr'><strong>καὶ</strong></span> <span class='ocrx_word' id='word_1_139' title='bbox 1480 1579 1738 1645; x_wconf 81' lang='grc' dir='ltr'>ὡσαύτως</span> 
     </span>
    </p>
   </div>
   <div class='ocr_carea' id='block_1_19' title="bbox 173 1667 1739 1742">
    <p class='ocr_par' dir='ltr' id='par_1_19' title="bbox 173 1667 1739 1742">
     <span class='ocr_line' id='line_1_19' title="bbox 173 1667 1739 1742; baseline 0 -20"><span class='ocrx_word' id='word_1_140' title='bbox 173 1669 383 1740; x_wconf 73' lang='grc' dir='ltr'>ἔχουσα·</span> <span class='ocrx_word' id='word_1_141' title='bbox 425 1670 460 1739; x_wconf 79' lang='grc' dir='ltr'><strong>ἡ</strong></span> <span class='ocrx_word' id='word_1_142' title='bbox 491 1668 553 1721; x_wconf 86' lang='grc' dir='ltr'>δὲ</span> <span class='ocrx_word' id='word_1_143' title='bbox 594 1667 730 1736; x_wconf 79' lang='grc' dir='ltr'>σὰρξ</span> <span class='ocrx_word' id='word_1_144' title='bbox 756 1667 877 1721; x_wconf 77' lang='grc' dir='ltr'>καθ’</span> <span class='ocrx_word' id='word_1_145' title='bbox 907 1667 1104 1738; x_wconf 78' lang='grc' dir='ltr'>ἑαυτὴν</span> <span class='ocrx_word' id='word_1_146' title='bbox 1137 1667 1234 1737; x_wconf 84' lang='grc' dir='ltr'>μέν</span> <span class='ocrx_word' id='word_1_147' title='bbox 1267 1669 1382 1720; x_wconf 75' lang='grc' dir='ltr'>ἐστι</span> <span class='ocrx_word' id='word_1_148' title='bbox 1409 1669 1583 1730; x_wconf 83' lang='grc' dir='ltr'>τοῦτο,</span> <span class='ocrx_word' id='word_1_149' title='bbox 1600 1671 1739 1742; x_wconf 81' lang='grc' dir='ltr'>ὅπερ</span> 
     </span>
    </p>
   </div>
   <div class='ocr_carea' id='block_1_20' title="bbox 1845 485 3414 559">
    <p class='ocr_par' dir='ltr' id='par_1_20' title="bbox 1845 485 3414 559">
     <span class='ocr_line' id='line_1_20' title="bbox 1845 485 3414 559; baseline 0.001 -17"><span class='ocrx_word' id='word_1_150' title='bbox 1845 497 1898 542; x_wconf 87' lang='lat' dir='ltr'><strong>et</strong></span> <span class='ocrx_word' id='word_1_151' title='bbox 1949 487 2090 555; x_wconf 91' lang='lat' dir='ltr'><strong>quod</strong></span> <span class='ocrx_word' id='word_1_152' title='bbox 2146 488 2198 540; x_wconf 93' lang='lat' dir='ltr'><strong>in</strong></span> <span class='ocrx_word' id='word_1_153' title='bbox 2253 501 2417 540; x_wconf 86' lang='lat' dir='ltr'><strong>carne</strong></span> <span class='ocrx_word' id='word_1_154' title='bbox 2455 485 2656 538; x_wconf 81' lang='lat' dir='ltr'><strong>factum</strong></span> <span class='ocrx_word' id='word_1_155' title='bbox 2699 495 2805 540; x_wconf 88' lang='lat' dir='ltr'><strong>est.</strong></span> <span class='ocrx_word' id='word_1_156' title='bbox 2863 485 3023 541; x_wconf 84' lang='lat' dir='ltr'><strong>Novit</strong></span> <span class='ocrx_word' id='word_1_157' title='bbox 3069 489 3215 542; x_wconf 90' lang='lat' dir='ltr'><strong>enim</strong></span> <span class='ocrx_word' id='word_1_158' title='bbox 3254 505 3414 559; x_wconf 75' lang='lat' dir='ltr'><strong>pror-</strong></span> 
     </span>
    </p>
   </div>
   <div class='ocr_carea' id='block_1_21' title="bbox 1846 575 3412 650">
    <p class='ocr_par' dir='ltr' id='par_1_21' title="bbox 1846 575 3412 650">
     <span class='ocr_line' id='line_1_21' title="bbox 1846 575 3412 650; baseline 0.004 -20"><span class='ocrx_word' id='word_1_159' title='bbox 1846 593 1941 630; x_wconf 89' lang='lat' dir='ltr'><strong>sus</strong></span> <span class='ocrx_word' id='word_1_160' title='bbox 1985 577 2124 630; x_wconf 84' lang='lat' dir='ltr'><strong>idem</strong></span> <span class='ocrx_word' id='word_1_161' title='bbox 2166 575 2401 629; x_wconf 80' lang='lat' dir='ltr'><strong>Verbum</strong></span> <span class='ocrx_word' id='word_1_162' title='bbox 2447 591 2593 637; x_wconf 91' lang='lat' dir='ltr'><strong>esse,</strong></span> <span class='ocrx_word' id='word_1_163' title='bbox 2648 577 2792 644; x_wconf 90' lang='lat' dir='ltr'><strong>quod</strong></span> <span class='ocrx_word' id='word_1_164' title='bbox 2834 577 2886 630; x_wconf 94' lang='lat' dir='ltr'><strong>in</strong></span> <span class='ocrx_word' id='word_1_165' title='bbox 2943 592 3109 632; x_wconf 81' lang='lat' dir='ltr'><strong>carne</strong></span> <span class='ocrx_word' id='word_1_166' title='bbox 3161 583 3412 650; x_wconf 76' lang='lat' dir='ltr'><strong>apparuit</strong></span> 
     </span>
    </p>
   </div>
   <div class='ocr_carea' id='block_1_22' title="bbox 1845 666 3406 738">
    <p class='ocr_par' dir='ltr' id='par_1_22' title="bbox 1845 666 3406 738">
     <span class='ocr_line' id='line_1_22' title="bbox 1845 666 3406 738; baseline 0.003 -16"><span class='ocrx_word' id='word_1_167' title='bbox 1845 683 1968 722; x_wconf 85' lang='lat' dir='ltr'><strong>cum</strong></span> <span class='ocrx_word' id='word_1_168' title='bbox 2011 683 2077 722; x_wconf 86' lang='lat' dir='ltr'><strong>eo</strong></span> <span class='ocrx_word' id='word_1_169' title='bbox 2107 668 2269 738; x_wconf 81' lang='lat' dir='ltr'><strong>quod</strong></span> <span class='ocrx_word' id='word_1_170' title='bbox 2320 676 2436 721; x_wconf 87' lang='lat' dir='ltr'><strong>erat</strong></span> <span class='ocrx_word' id='word_1_171' title='bbox 2470 666 2613 736; x_wconf 88' lang='lat' dir='ltr'><strong>apud</strong></span> <span class='ocrx_word' id='word_1_172' title='bbox 2649 668 2837 720; x_wconf 88' lang='lat' dir='ltr'><strong>Deum.</strong></span> <span class='ocrx_word' id='word_1_173' title='bbox 2886 667 3027 721; x_wconf 84' lang='lat' dir='ltr'><strong>Caro</strong></span> <span class='ocrx_word' id='word_1_174' title='bbox 3071 679 3254 724; x_wconf 83' lang='lat' dir='ltr'><strong>autem</strong></span> <span class='ocrx_word' id='word_1_175' title='bbox 3297 687 3406 726; x_wconf 90' lang='lat' dir='ltr'><strong>non</strong></span> 
     </span>
    </p>
   </div>
   <div class='ocr_carea' id='block_1_23' title="bbox 1844 757 3408 827">
    <p class='ocr_par' dir='ltr' id='par_1_23' title="bbox 1844 757 3408 827">
     <span class='ocr_line' id='line_1_23' title="bbox 1844 757 3408 827; baseline 0.004 -16"><span class='ocrx_word' id='word_1_176' title='bbox 1844 758 2030 811; x_wconf 87' lang='lat' dir='ltr'><strong>eadem</strong></span> <span class='ocrx_word' id='word_1_177' title='bbox 2101 770 2184 812; x_wconf 90' lang='lat' dir='ltr'><strong>est</strong></span> <span class='ocrx_word' id='word_1_178' title='bbox 2231 773 2352 812; x_wconf 92' lang='lat' dir='ltr'><strong>cum</strong></span> <span class='ocrx_word' id='word_1_179' title='bbox 2415 757 2753 810; x_wconf 74' lang='lat' dir='ltr'><strong>divinitate:</strong></span> <span class='ocrx_word' id='word_1_180' title='bbox 2806 759 3123 827; x_wconf 84' lang='lat' dir='ltr'><strong>priusquam</strong></span> <span class='ocrx_word' id='word_1_181' title='bbox 3182 762 3294 816; x_wconf 48' lang='lat' dir='ltr'><strong>haec</strong></span> <span class='ocrx_word' id='word_1_182' title='bbox 3341 763 3408 817; x_wconf 92' lang='lat' dir='ltr'><strong>ad</strong></span> 
     </span>
    </p>
   </div>
   <div class='ocr_carea' id='block_1_24' title="bbox 1845 849 3406 921">
    <p class='ocr_par' dir='ltr' id='par_1_24' title="bbox 1845 849 3406 921">
     <span class='ocr_line' id='line_1_24' title="bbox 1845 849 3406 921; baseline 0.003 -19"><span class='ocrx_word' id='word_1_183' title='bbox 1845 849 2179 903; x_wconf 80' lang='lat' dir='ltr'><strong>divinitatem</strong></span> <span class='ocrx_word' id='word_1_184' title='bbox 2212 851 2498 912; x_wconf 83' lang='lat' dir='ltr'><strong>transiret,</strong></span> <span class='ocrx_word' id='word_1_185' title='bbox 2547 856 2607 902; x_wconf 93' lang='lat' dir='ltr'><strong>ut</strong></span> <span class='ocrx_word' id='word_1_186' title='bbox 2629 850 2943 904; x_wconf 86' lang='lat' dir='ltr'><strong>necessario</strong></span> <span class='ocrx_word' id='word_1_187' title='bbox 2983 851 3161 917; x_wconf 91' lang='lat' dir='ltr'><strong>aliqua</strong></span> <span class='ocrx_word' id='word_1_188' title='bbox 3190 854 3406 921; x_wconf 77' lang='lat' dir='ltr'><strong>quidem</strong></span> 
     </span>
    </p>
   </div>
   <div class='ocr_carea' id='block_1_25' title="bbox 1846 937 3409 1010">
    <p class='ocr_par' dir='ltr' id='par_1_25' title="bbox 1846 937 3409 1010">
     <span class='ocr_line' id='line_1_25' title="bbox 1846 937 3409 1010; baseline 0.005 -20"><span class='ocrx_word' id='word_1_189' title='bbox 1846 937 1954 994; x_wconf 91' lang='lat' dir='ltr'><strong>Deo</strong></span> <span class='ocrx_word' id='word_1_190' title='bbox 1984 937 2162 993; x_wconf 67' lang='lat' dir='ltr'><strong>«Verbo</strong></span> <span class='ocrx_word' id='word_1_191' title='bbox 2205 948 2590 1010; x_wconf 80' lang='lat' dir='ltr'><strong>congruerent,</strong></span> <span class='ocrx_word' id='word_1_192' title='bbox 2631 941 2735 993; x_wconf 86' lang='lat' dir='ltr'><strong>alia</strong></span> <span class='ocrx_word' id='word_1_193' title='bbox 2772 956 2902 994; x_wconf 86' lang='lat' dir='ltr'><strong>vero</strong></span> <span class='ocrx_word' id='word_1_194' title='bbox 2931 940 3116 996; x_wconf 65' lang='lat' dir='ltr'><strong>formae</strong></span> <span class='ocrx_word' id='word_1_195' title='bbox 3148 945 3309 998; x_wconf 83' lang='lat' dir='ltr'><strong>servi.</strong></span> <span class='ocrx_word' id='word_1_196' title='bbox 3353 943 3409 998; x_wconf 90' lang='lat' dir='ltr'><strong>Si</strong></span> 
     </span>
    </p>
   </div>
   <div class='ocr_carea' id='block_1_26' title="bbox 1844 1031 3410 1102">
    <p class='ocr_par' dir='ltr' id='par_1_26' title="bbox 1844 1031 3410 1102">
     <span class='ocr_line' id='line_1_26' title="bbox 1844 1031 3410 1102; baseline 0.003 -16"><span class='ocrx_word' id='word_1_197' title='bbox 1844 1031 2009 1100; x_wconf 80' lang='lat' dir='ltr'><strong>igitur</strong></span> <span class='ocrx_word' id='word_1_198' title='bbox 2057 1032 2147 1086; x_wconf 89' lang='lat' dir='ltr'><strong>ille</strong></span> <span class='ocrx_word' id='word_1_199' title='bbox 2195 1047 2302 1086; x_wconf 90' lang='lat' dir='ltr'><strong>non</strong></span> <span class='ocrx_word' id='word_1_200' title='bbox 2344 1033 2520 1102; x_wconf 89' lang='lat' dir='ltr'><strong>ipsum</strong></span> <span class='ocrx_word' id='word_1_201' title='bbox 2568 1041 2793 1087; x_wconf 83' lang='lat' dir='ltr'><strong>accusat</strong></span> <span class='ocrx_word' id='word_1_202' title='bbox 2845 1050 2937 1102; x_wconf 87' lang='lat' dir='ltr'><strong>per</strong></span> <span class='ocrx_word' id='word_1_203' title='bbox 2983 1035 3145 1088; x_wconf 88' lang='lat' dir='ltr'><strong>talem</strong></span> <span class='ocrx_word' id='word_1_204' title='bbox 3195 1036 3410 1092; x_wconf 79' lang='lat' dir='ltr'><strong>confes-</strong></span> 
     </span>
    </p>
   </div>
   <div class='ocr_carea' id='block_1_27' title="bbox 1845 1119 3410 1196">
    <p class='ocr_par' dir='ltr' id='par_1_27' title="bbox 1845 1119 3410 1196">
     <span class='ocr_line' id='line_1_27' title="bbox 1845 1119 3410 1196; baseline 0.004 -22"><span class='ocrx_word' id='word_1_205' title='bbox 1845 1122 2053 1174; x_wconf 85' lang='lat' dir='ltr'><strong>sionem</strong></span> <span class='ocrx_word' id='word_1_206' title='bbox 2087 1119 2390 1176; x_wconf 79' lang='lat' dir='ltr'><strong>Verborum</strong></span> <span class='ocrx_word' id='word_1_207' title='bbox 2436 1123 2753 1177; x_wconf 89' lang='lat' dir='ltr'><strong>dualitatcm</strong></span> <span class='ocrx_word' id='word_1_208' title='bbox 2811 1124 3088 1188; x_wconf 88' lang='lat' dir='ltr'><strong>inducere,</strong></span> <span class='ocrx_word' id='word_1_209' title='bbox 3137 1129 3410 1196; x_wconf 90' lang='lat' dir='ltr'><strong>quomodo</strong></span> 
     </span>
    </p>
   </div>
   <div class='ocr_carea' id='block_1_28' title="bbox 1845 1209 3400 1284">
    <p class='ocr_par' dir='ltr' id='par_1_28' title="bbox 1845 1209 3400 1284">
     <span class='ocr_line' id='line_1_28' title="bbox 1845 1209 3400 1284; baseline 0.006 -22"><span class='ocrx_word' id='word_1_210' title='bbox 1845 1224 1945 1263; x_wconf 90' lang='lat' dir='ltr'><strong>nos</strong></span> <span class='ocrx_word' id='word_1_211' title='bbox 1990 1211 2058 1264; x_wconf 89' lang='lat' dir='ltr'><strong>ad</strong></span> <span class='ocrx_word' id='word_1_212' title='bbox 2111 1211 2247 1264; x_wconf 86' lang='lat' dir='ltr'><strong>duos</strong></span> <span class='ocrx_word' id='word_1_213' title='bbox 2285 1209 2530 1266; x_wconf 88' lang='lat' dir='ltr'><strong>Christos</strong></span> <span class='ocrx_word' id='word_1_214' title='bbox 2567 1211 2724 1266; x_wconf 88' lang='lat' dir='ltr'><strong>ﬁdem</strong></span> <span class='ocrx_word' id='word_1_215' title='bbox 2752 1213 3028 1282; x_wconf 88' lang='lat' dir='ltr'><strong>dispertiri</strong></span> <span class='ocrx_word' id='word_1_216' title='bbox 3056 1231 3152 1284; x_wconf 91' lang='lat' dir='ltr'><strong>per</strong></span> <span class='ocrx_word' id='word_1_217' title='bbox 3192 1219 3400 1271; x_wconf 89' lang='lat' dir='ltr'><strong>calum-</strong></span> 
     </span>
    </p>
   </div>
   <div class='ocr_carea' id='block_1_29' title="bbox 1837 1300 3401 1377">
    <p class='ocr_par' dir='ltr' id='par_1_29' title="bbox 1837 1300 3401 1377">
     <span class='ocr_line' id='line_1_29' title="bbox 1837 1300 3401 1377; baseline 0.007 -24"><span class='ocrx_word' id='word_1_218' title='bbox 1837 1300 1988 1354; x_wconf 88' lang='lat' dir='ltr'><strong>niam</strong></span> <span class='ocrx_word' id='word_1_219' title='bbox 2027 1301 2296 1358; x_wconf 86' lang='lat' dir='ltr'><strong>dicimur?</strong></span> <span class='ocrx_word' id='word_1_220' title='bbox 2337 1303 2428 1371; x_wconf 88' lang='lat' dir='ltr'><strong>qui</strong></span> <span class='ocrx_word' id='word_1_221' title='bbox 2489 1305 2951 1373; x_wconf 82' lang='lat' dir='ltr'><strong>superexaltatum</strong></span> <span class='ocrx_word' id='word_1_222' title='bbox 3000 1322 3067 1361; x_wconf 81' lang='lat' dir='ltr'><strong>ex</strong></span> <span class='ocrx_word' id='word_1_223' title='bbox 3122 1310 3401 1377; x_wconf 85' lang='lat' dir='ltr'><strong>passione,</strong></span> 
     </span>
    </p>
   </div>
   <div class='ocr_carea' id='block_1_30' title="bbox 1839 1394 3407 1468">
    <p class='ocr_par' dir='ltr' id='par_1_30' title="bbox 1839 1394 3407 1468">
     <span class='ocr_line' id='line_1_30' title="bbox 1839 1394 3407 1468; baseline 0.007 -22"><span class='ocrx_word' id='word_1_224' title='bbox 1839 1408 1967 1447; x_wconf 86' lang='lat' dir='ltr'><strong>eum</strong></span> <span class='ocrx_word' id='word_1_225' title='bbox 2000 1394 2284 1447; x_wconf 90' lang='lat' dir='ltr'><strong>Dominum</strong></span> <span class='ocrx_word' id='word_1_226' title='bbox 2322 1407 2374 1450; x_wconf 89' lang='lat' dir='ltr'><strong>ct</strong></span> <span class='ocrx_word' id='word_1_227' title='bbox 2403 1395 2679 1449; x_wconf 90' lang='lat' dir='ltr'><strong>Christum</strong></span> <span class='ocrx_word' id='word_1_228' title='bbox 2711 1396 2909 1450; x_wconf 79' lang='lat' dir='ltr'><strong>factum</strong></span> <span class='ocrx_word' id='word_1_229' title='bbox 2938 1413 3060 1452; x_wconf 89' lang='lat' dir='ltr'><strong>esse</strong></span> <span class='ocrx_word' id='word_1_230' title='bbox 3091 1403 3407 1468; x_wconf 88' lang='lat' dir='ltr'><strong>asserimus,</strong></span> 
     </span>
    </p>
   </div>
   <div class='ocr_carea' id='block_1_31' title="bbox 1844 1485 3410 1554">
    <p class='ocr_par' dir='ltr' id='par_1_31' title="bbox 1844 1485 3410 1554">
     <span class='ocr_line' id='line_1_31' title="bbox 1844 1485 3410 1554; baseline 0.006 -16"><span class='ocrx_word' id='word_1_231' title='bbox 1844 1499 1942 1553; x_wconf 88' lang='lat' dir='ltr'><strong>per</strong></span> <span class='ocrx_word' id='word_1_232' title='bbox 1975 1485 2235 1540; x_wconf 90' lang='lat' dir='ltr'><strong>unionem</strong></span> <span class='ocrx_word' id='word_1_233' title='bbox 2263 1499 2385 1539; x_wconf 91' lang='lat' dir='ltr'><strong>cum</strong></span> <span class='ocrx_word' id='word_1_234' title='bbox 2436 1501 2566 1540; x_wconf 87' lang='lat' dir='ltr'><strong>vero</strong></span> <span class='ocrx_word' id='word_1_235' title='bbox 2597 1485 2828 1541; x_wconf 91' lang='lat' dir='ltr'><strong>Domino</strong></span> <span class='ocrx_word' id='word_1_236' title='bbox 2860 1497 2914 1541; x_wconf 92' lang='lat' dir='ltr'><strong>et</strong></span> <span class='ocrx_word' id='word_1_237' title='bbox 2957 1487 3198 1554; x_wconf 90' lang='lat' dir='ltr'><strong>Christo,</strong></span> <span class='ocrx_word' id='word_1_238' title='bbox 3230 1493 3410 1548; x_wconf 89' lang='lat' dir='ltr'><strong>scien-</strong></span> 
     </span>
    </p>
   </div>
   <div class='ocr_carea' id='block_1_32' title="bbox 1847 1577 3410 1651">
    <p class='ocr_par' dir='ltr' id='par_1_32' title="bbox 1847 1577 3410 1651">
     <span class='ocr_line' id='line_1_32' title="bbox 1847 1577 3410 1651; baseline 0.008 -23"><span class='ocrx_word' id='word_1_239' title='bbox 1847 1584 1928 1632; x_wconf 87' lang='lat' dir='ltr'><strong>tes</strong></span> <span class='ocrx_word' id='word_1_240' title='bbox 1965 1593 2032 1632; x_wconf 79' lang='lat' dir='ltr'><strong>ex</strong></span> <span class='ocrx_word' id='word_1_241' title='bbox 2067 1578 2132 1632; x_wconf 90' lang='lat' dir='ltr'><strong>iis</strong></span> <span class='ocrx_word' id='word_1_242' title='bbox 2161 1592 2282 1646; x_wconf 68' lang='lat' dir='ltr'><strong>quae</strong></span> <span class='ocrx_word' id='word_1_243' title='bbox 2315 1577 2631 1639; x_wconf 90' lang='lat' dir='ltr'><strong>didicimus,</strong></span> <span class='ocrx_word' id='word_1_244' title='bbox 2667 1579 2810 1647; x_wconf 91' lang='lat' dir='ltr'><strong>quod</strong></span> <span class='ocrx_word' id='word_1_245' title='bbox 2829 1579 3021 1634; x_wconf 86' lang='lat' dir='ltr'><strong>divina</strong></span> <span class='ocrx_word' id='word_1_246' title='bbox 3063 1584 3277 1651; x_wconf 89' lang='lat' dir='ltr'><strong>quidem</strong></span> <span class='ocrx_word' id='word_1_247' title='bbox 3310 1600 3410 1639; x_wconf 84' lang='lat' dir='ltr'><strong>na-</strong></span> 
     </span>
    </p>
   </div>
   <div class='ocr_carea' id='block_1_33' title="bbox 1845 1669 3410 1738">
    <p class='ocr_par' dir='ltr' id='par_1_33' title="bbox 1845 1669 3410 1738">
     <span class='ocr_line' id='line_1_33' title="bbox 1845 1669 3410 1738; baseline 0.009 -20"><span class='ocrx_word' id='word_1_248' title='bbox 1845 1673 1968 1718; x_wconf 87' lang='lat' dir='ltr'><strong>tura</strong></span> <span class='ocrx_word' id='word_1_249' title='bbox 2021 1682 2236 1737; x_wconf 86' lang='lat' dir='ltr'><strong>semper</strong></span> <span class='ocrx_word' id='word_1_250' title='bbox 2291 1683 2397 1720; x_wconf 92' lang='lat' dir='ltr'><strong>una</strong></span> <span class='ocrx_word' id='word_1_251' title='bbox 2453 1669 2753 1738; x_wconf 76' lang='lat' dir='ltr'><strong>eademque</strong></span> <span class='ocrx_word' id='word_1_252' title='bbox 2799 1680 2854 1724; x_wconf 92' lang='lat' dir='ltr'><strong>et</strong></span> <span class='ocrx_word' id='word_1_253' title='bbox 2893 1671 3081 1726; x_wconf 89' lang='lat' dir='ltr'><strong>eodem</strong></span> <span class='ocrx_word' id='word_1_254' title='bbox 3133 1674 3292 1729; x_wconf 91' lang='lat' dir='ltr'><strong>modo</strong></span> <span class='ocrx_word' id='word_1_255' title='bbox 3349 1691 3410 1732; x_wconf 84' lang='lat' dir='ltr'><strong>se</strong></span> 
     </span>
    </p>
   </div>
   <div class='ocr_carea' id='block_1_34' title="bbox 175 1757 1749 1834">
    <p class='ocr_par' dir='ltr' id='par_1_34' title="bbox 175 1757 1740 1830">
     <span class='ocr_line' id='line_1_34' title="bbox 175 1757 1740 1830; baseline 0 -17"><span class='ocrx_word' id='word_1_256' title='bbox 175 1760 572 1830; x_wconf 77' lang='grc' dir='ltr'>καταλαμϐάνει</span> <span class='ocrx_word' id='word_1_257' title='bbox 606 1758 735 1829; x_wconf 79' lang='grc' dir='ltr'>περὶ</span> <span class='ocrx_word' id='word_1_258' title='bbox 764 1758 933 1828; x_wconf 80' lang='grc' dir='ltr'>αὐτῆς</span> <span class='ocrx_word' id='word_1_259' title='bbox 955 1759 983 1809; x_wconf 91' lang='lat'><strong>6</strong></span> <span class='ocrx_word' id='word_1_260' title='bbox 1011 1757 1167 1826; x_wconf 80' lang='grc' dir='ltr'>λόγος</span> <span class='ocrx_word' id='word_1_261' title='bbox 1192 1775 1250 1810; x_wconf 83' lang='grc' dir='ltr'><strong>τε</strong></span> <span class='ocrx_word' id='word_1_262' title='bbox 1285 1759 1377 1812; x_wconf 62' lang='grc' dir='ltr'><strong>κα)⁵</strong></span> <span class='ocrx_word' id='word_1_263' title='bbox 1406 1760 1438 1829; x_wconf 80' lang='grc' dir='ltr'>ἡ</span> <span class='ocrx_word' id='word_1_264' title='bbox 1470 1759 1740 1830; x_wconf 76' lang='grc' dir='ltr'>αἴσθησιςσ</span> 
     </span>
    </p>
   </div>
   <div class='ocr_carea' id='block_1_35' title="bbox 1852 1757 3406 1834">
    <p class='ocr_par' dir='ltr' id='par_1_35' title="bbox 1852 1757 3406 1834">
     <span class='ocr_line' id='line_1_35' title="bbox 1852 1757 3406 1834; baseline 0.008 -25"><span class='ocrx_word' id='word_1_265' title='bbox 1852 1757 2043 1822; x_wconf 86' lang='lat' dir='ltr'><strong>habet;</strong></span> <span class='ocrx_word' id='word_1_266' title='bbox 2076 1774 2208 1811; x_wconf 89' lang='lat' dir='ltr'><strong>caro</strong></span> <span class='ocrx_word' id='word_1_267' title='bbox 2246 1775 2376 1813; x_wconf 89' lang='lat' dir='ltr'><strong>vero</strong></span> <span class='ocrx_word' id='word_1_268' title='bbox 2409 1774 2507 1829; x_wconf 89' lang='lat' dir='ltr'><strong>per</strong></span> <span class='ocrx_word' id='word_1_269' title='bbox 2530 1761 2882 1832; x_wconf 86' lang='lat' dir='ltr'><strong>semetipsam</strong></span> <span class='ocrx_word' id='word_1_270' title='bbox 2917 1767 3017 1818; x_wconf 89' lang='lat' dir='ltr'><strong>hoc</strong></span> <span class='ocrx_word' id='word_1_271' title='bbox 3051 1765 3268 1834; x_wconf 86' lang='lat' dir='ltr'><strong>quidem</strong></span> <span class='ocrx_word' id='word_1_272' title='bbox 3301 1775 3406 1832; x_wconf 90' lang='lat' dir='ltr'><strong>est,</strong></span> 
     </span>
    </p>
   </div>
   <div class='ocr_carea' id='block_1_36' title="bbox 173 1847 1742 1920">
    <p class='ocr_par' dir='ltr' id='par_1_36' title="bbox 173 1847 1742 1920">
     <span class='ocr_line' id='line_1_36' title="bbox 173 1847 1742 1920; baseline 0.001 -17"><span class='ocrx_word' id='word_1_273' title='bbox 173 1850 524 1920; x_wconf 83' lang='grc' dir='ltr'>ἀνακραθεῖσα</span> <span class='ocrx_word' id='word_1_274' title='bbox 568 1848 626 1901; x_wconf 85' lang='grc' dir='ltr'>δὲ</span> <span class='ocrx_word' id='word_1_275' title='bbox 664 1848 800 1918; x_wconf 83' lang='grc' dir='ltr'>πρὸς</span> <span class='ocrx_word' id='word_1_276' title='bbox 827 1848 887 1900; x_wconf 81' lang='grc' dir='ltr'>τὸ</span> <span class='ocrx_word' id='word_1_277' title='bbox 907 1847 1078 1911; x_wconf 88' lang='grc' dir='ltr'>Θεῖον,</span> <span class='ocrx_word' id='word_1_278' title='bbox 1116 1848 1295 1900; x_wconf 76' lang='grc' dir='ltr'>οὐκέτι</span> <span class='ocrx_word' id='word_1_279' title='bbox 1324 1850 1383 1902; x_wconf 83' lang='grc' dir='ltr'><strong>ἐν</strong></span> <span class='ocrx_word' id='word_1_280' title='bbox 1411 1853 1522 1913; x_wconf 87' lang='grc' dir='ltr'>τοῖς</span> <span class='ocrx_word' id='word_1_281' title='bbox 1545 1851 1742 1920; x_wconf 80' lang='grc' dir='ltr'>ἑαυτῆς</span> 
     </span>
    </p>
   </div>
   <div class='ocr_carea' id='block_1_37' title="bbox 173 1939 1741 2014">
    <p class='ocr_par' dir='ltr' id='par_1_37' title="bbox 173 1939 1741 2014">
     <span class='ocr_line' id='line_1_37' title="bbox 173 1939 1741 2014; baseline -0.003 -16"><span class='ocrx_word' id='word_1_282' title='bbox 173 1944 301 2014; x_wconf 79' lang='grc' dir='ltr'>ὅροις</span> <span class='ocrx_word' id='word_1_283' title='bbox 326 1959 386 1994; x_wconf 88' lang='grc' dir='ltr'><strong>τε</strong></span> <span class='ocrx_word' id='word_1_284' title='bbox 411 1943 512 1996; x_wconf 76' lang='grc' dir='ltr'><strong>καὶ</strong></span> <span class='ocrx_word' id='word_1_285' title='bbox 538 1940 794 2012; x_wconf 82' lang='grc' dir='ltr'>ίδιώμασι</span> <span class='ocrx_word' id='word_1_286' title='bbox 823 1939 995 2010; x_wconf 85' lang='grc' dir='ltr'>μένει,</span> <span class='ocrx_word' id='word_1_287' title='bbox 1024 1939 1158 1992; x_wconf 79' lang='grc' dir='ltr'>ἀλλά</span> <span class='ocrx_word' id='word_1_288' title='bbox 1178 1940 1313 2011; x_wconf 75' lang='grc' dir='ltr'>πρὸς</span> <span class='ocrx_word' id='word_1_289' title='bbox 1334 1941 1394 1992; x_wconf 84' lang='grc' dir='ltr'><strong>τὸ</strong></span> <span class='ocrx_word' id='word_1_290' title='bbox 1415 1941 1741 2011; x_wconf 77' lang='grc' dir='ltr'>ἐπικρατοῦν</span> 
     </span>
    </p>
   </div>
   <div class='ocr_carea' id='block_1_38' title="bbox 174 2031 1744 2105">
    <p class='ocr_par' dir='ltr' id='par_1_38' title="bbox 174 2031 1744 2105">
     <span class='ocr_line' id='line_1_38' title="bbox 174 2031 1744 2105; baseline 0.001 -18"><span class='ocrx_word' id='word_1_291' title='bbox 174 2050 224 2088; x_wconf 85' lang='grc' dir='ltr'><strong>τε</strong></span> <span class='ocrx_word' id='word_1_292' title='bbox 249 2034 334 2087; x_wconf 79' lang='grc' dir='ltr'>καὶ</span> <span class='ocrx_word' id='word_1_293' title='bbox 365 2034 648 2105; x_wconf 77' lang='grc' dir='ltr'>ὑπερέχον</span> <span class='ocrx_word' id='word_1_294' title='bbox 669 2031 1124 2104; x_wconf 76' lang='grc' dir='ltr'>άναλαμὸάνεται.</span> <span class='ocrx_word' id='word_1_295' title='bbox 1146 2034 1398 2104; x_wconf 81' lang='grc' dir='ltr'>Διαμένει</span> <span class='ocrx_word' id='word_1_296' title='bbox 1427 2033 1482 2086; x_wconf 82' lang='grc' dir='ltr'><strong>δὲ</strong></span> <span class='ocrx_word' id='word_1_297' title='bbox 1507 2035 1744 2104; x_wconf 86' lang='grc' dir='ltr'>άσύγχυ-</span> 
     </span>
    </p>
   </div>
   <div class='ocr_carea' id='block_1_39' title="bbox 175 2123 1744 2196">
    <p class='ocr_par' dir='ltr' id='par_1_39' title="bbox 175 2123 1744 2196">
     <span class='ocr_line' id='line_1_39' title="bbox 175 2123 1744 2196; baseline 0.001 -19"><span class='ocrx_word' id='word_1_298' title='bbox 175 2141 251 2188; x_wconf 84' lang='grc' dir='ltr'><strong>τος</strong></span> <span class='ocrx_word' id='word_1_299' title='bbox 272 2125 377 2178; x_wconf 84' lang='grc' dir='ltr'><strong>τῶν</strong></span> <span class='ocrx_word' id='word_1_300' title='bbox 406 2141 468 2177; x_wconf 89' lang='grc' dir='ltr'><strong>τε</strong></span> <span class='ocrx_word' id='word_1_301' title='bbox 494 2125 602 2196; x_wconf 88' lang='grc' dir='ltr'><strong>τῆς</strong></span> <span class='ocrx_word' id='word_1_302' title='bbox 628 2125 831 2195; x_wconf 84' lang='grc' dir='ltr'>σαρκὸς</span> <span class='ocrx_word' id='word_1_303' title='bbox 858 2126 952 2179; x_wconf 70' lang='grc' dir='ltr'><strong>καὶ</strong></span> <span class='ocrx_word' id='word_1_304' title='bbox 975 2125 1082 2178; x_wconf 84' lang='grc' dir='ltr'>τῶν</span> <span class='ocrx_word' id='word_1_305' title='bbox 1103 2123 1203 2193; x_wconf 86' lang='grc' dir='ltr'><strong>τῆς</strong></span> <span class='ocrx_word' id='word_1_306' title='bbox 1239 2123 1487 2196; x_wconf 83' lang='grc' dir='ltr'>θεότητος</span> <span class='ocrx_word' id='word_1_307' title='bbox 1525 2125 1744 2194; x_wconf 74' lang='grc' dir='ltr'>ἰδιωμά-</span> 
     </span>
    </p>
   </div>
   <div class='ocr_carea' id='block_1_40' title="bbox 176 2215 1742 2287">
    <p class='ocr_par' dir='ltr' id='par_1_40' title="bbox 176 2215 1742 2287">
     <span class='ocr_line' id='line_1_40' title="bbox 176 2215 1742 2287; baseline 0.001 -19"><span class='ocrx_word' id='word_1_308' title='bbox 176 2218 322 2287; x_wconf 81' lang='grc' dir='ltr'>τωνή</span> <span class='ocrx_word' id='word_1_309' title='bbox 356 2215 591 2287; x_wconf 80' lang='grc' dir='ltr'>θεωρία,</span> <span class='ocrx_word' id='word_1_310' title='bbox 616 2216 728 2279; x_wconf 72' lang='grc' dir='ltr'>ἕως</span> <span class='ocrx_word' id='word_1_311' title='bbox 760 2216 826 2270; x_wconf 80' lang='grc' dir='ltr'>ἂν</span> <span class='ocrx_word' id='word_1_312' title='bbox 859 2218 950 2285; x_wconf 68' lang='grc' dir='ltr'><strong>ἐφ’</strong></span> <span class='ocrx_word' id='word_1_313' title='bbox 983 2216 1189 2270; x_wconf 78' lang='grc' dir='ltr'>ἑαυτῶν</span> <span class='ocrx_word' id='word_1_314' title='bbox 1230 2217 1510 2287; x_wconf 83' lang='grc' dir='ltr'>θεωρεῖται</span> <span class='ocrx_word' id='word_1_315' title='bbox 1543 2216 1742 2270; x_wconf 89' lang='grc' dir='ltr'>τούτων</span> 
     </span>
    </p>
   </div>
   <div class='ocr_carea' id='block_1_41' title="bbox 178 2300 1739 2378">
    <p class='ocr_par' dir='ltr' id='par_1_41' title="bbox 178 2300 1739 2378">
     <span class='ocr_line' id='line_1_41' title="bbox 178 2300 1739 2378; baseline 0.001 -21"><span class='ocrx_word' id='word_1_316' title='bbox 178 2306 432 2376; x_wconf 76' lang='grc' dir='ltr'>ἑκά-τερον·</span> <span class='ocrx_word' id='word_1_317' title='bbox 457 2300 578 2358; x_wconf 80' lang='grc' dir='ltr'>οἷόν</span> <span class='ocrx_word' id='word_1_318' title='bbox 606 2323 658 2358; x_wconf 89' lang='grc' dir='ltr'><strong>τι</strong></span> <span class='ocrx_word' id='word_1_319' title='bbox 680 2305 874 2374; x_wconf 77' lang='grc' dir='ltr'>λέγων·</span> <span class='ocrx_word' id='word_1_320' title='bbox 909 2305 967 2358; x_wconf 85' lang='lat'><strong>&#39;0</strong></span> <span class='ocrx_word' id='word_1_321' title='bbox 988 2307 1158 2374; x_wconf 83' lang='grc' dir='ltr'>Λόγος</span> <span class='ocrx_word' id='word_1_322' title='bbox 1179 2306 1286 2376; x_wconf 82' lang='grc' dir='ltr'><strong>πρὸ</strong></span> <span class='ocrx_word' id='word_1_323' title='bbox 1305 2307 1410 2360; x_wconf 87' lang='grc' dir='ltr'>τῶν</span> <span class='ocrx_word' id='word_1_324' title='bbox 1427 2306 1632 2360; x_wconf 80' lang='grc' dir='ltr'>αἰώνων</span> <span class='ocrx_word' id='word_1_325' title='bbox 1652 2303 1739 2378; x_wconf 80' lang='grc' dir='ltr'><strong>ἦν·</strong></span> 
     </span>
    </p>
   </div>
   <div class='ocr_carea' id='block_1_42' title="bbox 175 2395 1744 2468">
    <p class='ocr_par' dir='ltr' id='par_1_42' title="bbox 175 2395 1744 2468">
     <span class='ocr_line' id='line_1_42' title="bbox 175 2395 1744 2468; baseline 0.001 -20"><span class='ocrx_word' id='word_1_326' title='bbox 175 2396 349 2467; x_wconf 73' lang='grc' dir='ltr'>ήσὰρξ</span> <span class='ocrx_word' id='word_1_327' title='bbox 371 2396 428 2448; x_wconf 84' lang='grc' dir='ltr'>δὲ</span> <span class='ocrx_word' id='word_1_328' title='bbox 462 2397 568 2449; x_wconf 69' lang='grc' dir='ltr'>ἐπὶ</span> <span class='ocrx_word' id='word_1_329' title='bbox 594 2395 703 2449; x_wconf 84' lang='grc' dir='ltr'><strong>τῶν</strong></span> <span class='ocrx_word' id='word_1_330' title='bbox 731 2397 975 2466; x_wconf 73' lang='grc' dir='ltr'>ἐσχάτων</span> <span class='ocrx_word' id='word_1_331' title='bbox 997 2397 1212 2466; x_wconf 73' lang='grc' dir='ltr'>ἐγένετο</span> <span class='ocrx_word' id='word_1_332' title='bbox 1244 2398 1467 2468; x_wconf 86' lang='grc' dir='ltr'>χρόνων.</span> <span class='ocrx_word' id='word_1_333' title='bbox 1497 2397 1605 2450; x_wconf 77' lang='grc' dir='ltr'><strong>Καὶ</strong></span> <span class='ocrx_word' id='word_1_334' title='bbox 1645 2398 1744 2450; x_wconf 84' lang='grc' dir='ltr'><strong>οὐκ</strong></span> 
     </span>
    </p>
   </div>
   <div class='ocr_carea' id='block_1_43' title="bbox 177 2484 1740 2559">
    <p class='ocr_par' dir='ltr' id='par_1_43' title="bbox 177 2484 1740 2559">
     <span class='ocr_line' id='line_1_43' title="bbox 177 2484 1740 2559; baseline 0.001 -20"><span class='ocrx_word' id='word_1_335' title='bbox 177 2489 233 2540; x_wconf 76' lang='grc' dir='ltr'>ἄν</span> <span class='ocrx_word' id='word_1_336' title='bbox 254 2504 329 2549; x_wconf 85' lang='grc' dir='ltr'><strong>τις</strong></span> <span class='ocrx_word' id='word_1_337' title='bbox 356 2487 716 2556; x_wconf 74' lang='grc' dir='ltr'>ἀναστρέψας</span> <span class='ocrx_word' id='word_1_338' title='bbox 753 2487 918 2554; x_wconf 80' lang='grc' dir='ltr'>εἴποι,</span> <span class='ocrx_word' id='word_1_339' title='bbox 943 2489 976 2559; x_wconf 87' lang='grc' dir='ltr'>ἢ</span> <span class='ocrx_word' id='word_1_340' title='bbox 1007 2488 1210 2556; x_wconf 83' lang='grc' dir='ltr'>ταύτην</span> <span class='ocrx_word' id='word_1_341' title='bbox 1236 2487 1556 2559; x_wconf 86' lang='grc' dir='ltr'>προαιώνιον</span> <span class='ocrx_word' id='word_1_342' title='bbox 1582 2484 1740 2553; x_wconf 76' lang='grc' dir='ltr'>εἶναι,</span> 
     </span>
    </p>
   </div>
   <div class='ocr_carea' id='block_1_44' title="bbox 177 2578 1744 2650">
    <p class='ocr_par' dir='ltr' id='par_1_44' title="bbox 177 2578 1744 2650">
     <span class='ocr_line' id='line_1_44' title="bbox 177 2578 1744 2650; baseline 0.003 -20"><span class='ocrx_word' id='word_1_343' title='bbox 177 2578 282 2648; x_wconf 80' lang='grc' dir='ltr'>ῆὲν</span> <span class='ocrx_word' id='word_1_344' title='bbox 318 2582 432 2641; x_wconf 88' lang='grc' dir='ltr'>τοῖς</span> <span class='ocrx_word' id='word_1_345' title='bbox 471 2579 733 2649; x_wconf 71' lang='grc' dir='ltr'>ἐσχάτοις</span> <span class='ocrx_word' id='word_1_346' title='bbox 777 2579 1106 2650; x_wconf 84' lang='grc' dir='ltr'>γεγενῆσθαι</span> <span class='ocrx_word' id='word_1_347' title='bbox 1135 2580 1225 2633; x_wconf 81' lang='grc' dir='ltr'>τὸν</span> <span class='ocrx_word' id='word_1_348' title='bbox 1253 2581 1444 2649; x_wconf 84' lang='grc' dir='ltr'>Λόγον.</span> <span class='ocrx_word' id='word_1_349' title='bbox 1499 2580 1564 2633; x_wconf 83' lang='grc' dir='ltr'><strong>Ἦ</strong></span> <span class='ocrx_word' id='word_1_350' title='bbox 1608 2579 1744 2650; x_wconf 78' lang='grc' dir='ltr'>σὰρξ</span> 
     </span>
    </p>
   </div>
   <div class='ocr_carea' id='block_1_45' title="bbox 179 2672 1746 2744">
    <p class='ocr_par' dir='ltr' id='par_1_45' title="bbox 179 2672 1746 2744">
     <span class='ocr_line' id='line_1_45' title="bbox 179 2672 1746 2744; baseline 0 -19"><span class='ocrx_word' id='word_1_351' title='bbox 179 2673 470 2742; x_wconf 77' lang='grc' dir='ltr'>παθητικῆς</span> <span class='ocrx_word' id='word_1_352' title='bbox 501 2674 631 2726; x_wconf 73' lang='grc' dir='ltr'>ἐστι</span> <span class='ocrx_word' id='word_1_353' title='bbox 657 2672 897 2740; x_wconf 78' lang='grc' dir='ltr'>φύσεως·</span> <span class='ocrx_word' id='word_1_354' title='bbox 923 2673 1281 2744; x_wconf 81' lang='grc' dir='ltr'>ὲνεργητικῆς</span> <span class='ocrx_word' id='word_1_355' title='bbox 1303 2673 1357 2726; x_wconf 83' lang='grc' dir='ltr'>δὲ</span> <span class='ocrx_word' id='word_1_356' title='bbox 1379 2674 1407 2725; x_wconf 87' lang='grc' dir='ltr'>ὁ</span> <span class='ocrx_word' id='word_1_357' title='bbox 1427 2673 1617 2741; x_wconf 81' lang='grc' dir='ltr'>Λόγος.</span> <span class='ocrx_word' id='word_1_358' title='bbox 1637 2674 1746 2726; x_wconf 73' lang='grc' dir='ltr'>Καὶ</span> 
     </span>
    </p>
   </div>
   <div class='ocr_carea' id='block_1_46' title="bbox 177 2763 1748 2836">
    <p class='ocr_par' dir='ltr' id='par_1_46' title="bbox 177 2763 1748 2836">
     <span class='ocr_line' id='line_1_46' title="bbox 177 2763 1748 2836; baseline -0.001 -17"><span class='ocrx_word' id='word_1_359' title='bbox 177 2763 284 2819; x_wconf 69' lang='grc' dir='ltr'>οὔτε</span> <span class='ocrx_word' id='word_1_360' title='bbox 309 2765 446 2836; x_wconf 79' lang='grc' dir='ltr'>αὑτὴ</span> <span class='ocrx_word' id='word_1_361' title='bbox 470 2764 851 2836; x_wconf 85' lang='grc' dir='ltr'>δημιουργικὴ</span> <span class='ocrx_word' id='word_1_362' title='bbox 871 2765 976 2818; x_wconf 84' lang='grc' dir='ltr'>τῶν</span> <span class='ocrx_word' id='word_1_363' title='bbox 997 2765 1185 2829; x_wconf 79' lang='grc' dir='ltr'>όντων,</span> <span class='ocrx_word' id='word_1_364' title='bbox 1217 2764 1341 2817; x_wconf 76' lang='grc' dir='ltr'>οὔτε</span> <span class='ocrx_word' id='word_1_365' title='bbox 1374 2767 1407 2834; x_wconf 82' lang='grc' dir='ltr'>ἡ</span> <span class='ocrx_word' id='word_1_366' title='bbox 1443 2763 1630 2834; x_wconf 86' lang='grc' dir='ltr'>θεότης</span> <span class='ocrx_word' id='word_1_367' title='bbox 1650 2782 1748 2817; x_wconf 84' lang='grc' dir='ltr'>πα-</span> 
     </span>
    </p>
   </div>
   <div class='ocr_carea' id='block_1_47' title="bbox 179 2855 1748 2929">
    <p class='ocr_par' dir='ltr' id='par_1_47' title="bbox 179 2855 1748 2929">
     <span class='ocr_line' id='line_1_47' title="bbox 179 2855 1748 2929; baseline -0.001 -19"><span class='ocrx_word' id='word_1_368' title='bbox 179 2857 382 2928; x_wconf 83' lang='grc' dir='ltr'>θητικὴν</span> <span class='ocrx_word' id='word_1_369' title='bbox 407 2859 533 2928; x_wconf 81' lang='grc' dir='ltr'>ἔχει</span> <span class='ocrx_word' id='word_1_370' title='bbox 558 2858 657 2929; x_wconf 75' lang='grc' dir='ltr'><strong>τὴν</strong></span> <span class='ocrx_word' id='word_1_371' title='bbox 693 2856 938 2928; x_wconf 86' lang='grc' dir='ltr'>δύναμιν.</span> <span class='ocrx_word' id='word_1_372' title='bbox 984 2858 1080 2909; x_wconf 76' lang='grc' dir='ltr'><strong>Ἑν</strong></span> <span class='ocrx_word' id='word_1_373' title='bbox 1106 2855 1264 2926; x_wconf 76' lang='grc' dir='ltr'>ἀρχῇ</span> <span class='ocrx_word' id='word_1_374' title='bbox 1290 2857 1440 2925; x_wconf 82' lang='grc' dir='ltr'>πρὸς</span> <span class='ocrx_word' id='word_1_375' title='bbox 1466 2856 1571 2910; x_wconf 72' lang='grc' dir='ltr'>τὸν</span> <span class='ocrx_word' id='word_1_376' title='bbox 1600 2857 1748 2910; x_wconf 75' lang='grc' dir='ltr'><strong>Θεὸν</strong></span> 
     </span>
    </p>
   </div>
   <div class='ocr_carea' id='block_1_48' title="bbox 180 2945 1748 3018">
    <p class='ocr_par' dir='ltr' id='par_1_48' title="bbox 180 2945 1748 3018">
     <span class='ocr_line' id='line_1_48' title="bbox 180 2945 1748 3018; baseline -0.001 -18"><span class='ocrx_word' id='word_1_377' title='bbox 180 2949 209 3000; x_wconf 82' lang='grc' dir='ltr'>ι⁴</span> <span class='ocrx_word' id='word_1_378' title='bbox 231 2947 427 3016; x_wconf 54' lang='grc' dir='ltr'>Λόγος</span> <span class='ocrx_word' id='word_1_379' title='bbox 460 2949 528 3000; x_wconf 82' lang='grc' dir='ltr'>ὲν</span> <span class='ocrx_word' id='word_1_380' title='bbox 564 2950 630 3017; x_wconf 79' lang='grc' dir='ltr'><strong>τῇ</strong></span> <span class='ocrx_word' id='word_1_381' title='bbox 663 2945 756 3000; x_wconf 78' lang='grc' dir='ltr'>τοῦ</span> <span class='ocrx_word' id='word_1_382' title='bbox 787 2945 1014 3000; x_wconf 86' lang='grc' dir='ltr'>θανάτου</span> <span class='ocrx_word' id='word_1_383' title='bbox 1047 2946 1212 3017; x_wconf 78' lang='grc' dir='ltr'>πείρα</span> <span class='ocrx_word' id='word_1_384' title='bbox 1261 2948 1289 2999; x_wconf 88' lang='lat'><strong>6</strong></span> <span class='ocrx_word' id='word_1_385' title='bbox 1315 2945 1614 3018; x_wconf 77' lang='grc' dir='ltr'>ἄνθρωπος·</span> <span class='ocrx_word' id='word_1_386' title='bbox 1653 2947 1748 2999; x_wconf 60' lang='grc' dir='ltr'><strong>καὶ¹</strong></span> 
     </span>
    </p>
   </div>
   <div class='ocr_carea' id='block_1_49' title="bbox 181 3036 1744 3109">
    <p class='ocr_par' dir='ltr' id='par_1_49' title="bbox 181 3036 1744 3109">
     <span class='ocr_line' id='line_1_49' title="bbox 181 3036 1744 3109; baseline 0 -19"><span class='ocrx_word' id='word_1_387' title='bbox 181 3036 286 3092; x_wconf 67' lang='grc' dir='ltr'>οὔτε</span> <span class='ocrx_word' id='word_1_388' title='bbox 316 3039 374 3103; x_wconf 78' lang='grc' dir='ltr'><strong>ἐξ</strong></span> <span class='ocrx_word' id='word_1_389' title='bbox 401 3039 584 3092; x_wconf 82' lang='grc' dir='ltr'>ἀϊδίου</span> <span class='ocrx_word' id='word_1_390' title='bbox 606 3037 668 3091; x_wconf 84' lang='grc' dir='ltr'>τὸ</span> <span class='ocrx_word' id='word_1_391' title='bbox 697 3037 1036 3109; x_wconf 80' lang='grc' dir='ltr'>ἀνθρώπινον</span> <span class='ocrx_word' id='word_1_392' title='bbox 1058 3076 1073 3101; x_wconf 89' lang='grc'><strong>,</strong></span> <span class='ocrx_word' id='word_1_393' title='bbox 1107 3037 1230 3092; x_wconf 74' lang='grc' dir='ltr'>οὔτε</span> <span class='ocrx_word' id='word_1_394' title='bbox 1261 3037 1452 3109; x_wconf 78' lang='grc' dir='ltr'>θνητὸν</span> <span class='ocrx_word' id='word_1_395' title='bbox 1484 3038 1546 3091; x_wconf 85' lang='grc' dir='ltr'>τὺ</span> <span class='ocrx_word' id='word_1_396' title='bbox 1572 3039 1744 3091; x_wconf 88' lang='grc' dir='ltr'>Θεῖον.</span> 
     </span>
    </p>
   </div>
   <div class='ocr_carea' id='block_1_50' title="bbox 1842 1848 3405 1921">
    <p class='ocr_par' dir='ltr' id='par_1_50' title="bbox 1842 1848 3405 1921">
     <span class='ocr_line' id='line_1_50' title="bbox 1842 1848 3405 1921; baseline 0.01 -22"><span class='ocrx_word' id='word_1_397' title='bbox 1842 1848 1985 1916; x_wconf 87' lang='lat' dir='ltr'><strong>quod</strong></span> <span class='ocrx_word' id='word_1_398' title='bbox 2020 1848 2086 1902; x_wconf 90' lang='lat' dir='ltr'><strong>de</strong></span> <span class='ocrx_word' id='word_1_399' title='bbox 2115 1849 2230 1917; x_wconf 89' lang='lat' dir='ltr'><strong>ipsa</strong></span> <span class='ocrx_word' id='word_1_400' title='bbox 2267 1851 2518 1919; x_wconf 85' lang='lat' dir='ltr'><strong>ratioque</strong></span> <span class='ocrx_word' id='word_1_401' title='bbox 2544 1860 2822 1908; x_wconf 34' lang='lat' dir='ltr'><strong>et‘sensus</strong></span> <span class='ocrx_word' id='word_1_402' title='bbox 2852 1857 3114 1921; x_wconf 88' lang='lat' dir='ltr'><strong>assumit;</strong></span> <span class='ocrx_word' id='word_1_403' title='bbox 3148 1859 3242 1914; x_wconf 90' lang='lat' dir='ltr'><strong>sed</strong></span> <span class='ocrx_word' id='word_1_404' title='bbox 3282 1875 3405 1915; x_wconf 91' lang='lat' dir='ltr'><strong>cum</strong></span> 
     </span>
    </p>
   </div>
   <div class='ocr_carea' id='block_1_51' title="bbox 1843 1939 3406 2014">
    <p class='ocr_par' dir='ltr' id='par_1_51' title="bbox 1843 1939 3406 2014">
     <span class='ocr_line' id='line_1_51' title="bbox 1843 1939 3406 2014; baseline 0.01 -22"><span class='ocrx_word' id='word_1_405' title='bbox 1843 1939 2124 1995; x_wconf 84' lang='lat' dir='ltr'><strong>divinitate</strong></span> <span class='ocrx_word' id='word_1_406' title='bbox 2167 1948 2472 2011; x_wconf 82' lang='lat' dir='ltr'><strong>temperata</strong></span> <span class='ocrx_word' id='word_1_407' title='bbox 2507 1960 2615 1998; x_wconf 88' lang='lat' dir='ltr'><strong>non</strong></span> <span class='ocrx_word' id='word_1_408' title='bbox 2647 1947 2879 2014; x_wconf 90' lang='lat' dir='ltr'><strong>amplius</strong></span> <span class='ocrx_word' id='word_1_409' title='bbox 2909 1948 2961 2000; x_wconf 92' lang='lat' dir='ltr'><strong>in</strong></span> <span class='ocrx_word' id='word_1_410' title='bbox 3011 1950 3126 2005; x_wconf 84' lang='lat' dir='ltr'><strong>suis</strong></span> <span class='ocrx_word' id='word_1_411' title='bbox 3162 1953 3406 2010; x_wconf 81' lang='lat' dir='ltr'><strong>terminis</strong></span> 
     </span>
    </p>
   </div>
   <div class='ocr_carea' id='block_1_52' title="bbox 1831 2032 3411 2110">
    <p class='ocr_par' dir='ltr' id='par_1_52' title="bbox 1831 2032 3411 2110">
     <span class='ocr_line' id='line_1_52' title="bbox 1831 2032 3411 2110; baseline 0.012 -29"><span class='ocrx_word' id='word_1_412' title='bbox 1831 2039 1894 2082; x_wconf 79' lang='lat' dir='ltr'><strong>et</strong></span> <span class='ocrx_word' id='word_1_413' title='bbox 1924 2032 2345 2100; x_wconf 84' lang='lat' dir='ltr'><strong>proprietatibus</strong></span> <span class='ocrx_word' id='word_1_414' title='bbox 2373 2043 2574 2096; x_wconf 89' lang='lat' dir='ltr'><strong>manet,</strong></span> <span class='ocrx_word' id='word_1_415' title='bbox 2606 2038 2698 2090; x_wconf 91' lang='lat' dir='ltr'><strong>sed</strong></span> <span class='ocrx_word' id='word_1_416' title='bbox 2729 2038 2796 2091; x_wconf 91' lang='lat' dir='ltr'><strong>ad</strong></span> <span class='ocrx_word' id='word_1_417' title='bbox 2832 2039 2885 2092; x_wconf 93' lang='lat' dir='ltr'><strong>id</strong></span> <span class='ocrx_word' id='word_1_418' title='bbox 2913 2041 3055 2108; x_wconf 90' lang='lat' dir='ltr'><strong>quod</strong></span> <span class='ocrx_word' id='word_1_419' title='bbox 3081 2045 3334 2110; x_wconf 84' lang='lat' dir='ltr'><strong>praevalet</strong></span> <span class='ocrx_word' id='word_1_420' title='bbox 3356 2053 3411 2102; x_wconf 84' lang='lat' dir='ltr'><strong>et</strong></span> 
     </span>
    </p>
   </div>
   <div class='ocr_carea' id='block_1_53' title="bbox 1843 2121 3410 2192">
    <p class='ocr_par' dir='ltr' id='par_1_53' title="bbox 1843 2121 3410 2192">
     <span class='ocr_line' id='line_1_53' title="bbox 1843 2121 3410 2192; baseline 0.012 -20"><span class='ocrx_word' id='word_1_421' title='bbox 1843 2121 2216 2188; x_wconf 88' lang='lat' dir='ltr'><strong>supereminet</strong></span> <span class='ocrx_word' id='word_1_422' title='bbox 2240 2125 2563 2179; x_wconf 90' lang='lat' dir='ltr'><strong>assumitur.</strong></span> <span class='ocrx_word' id='word_1_423' title='bbox 2582 2125 2775 2182; x_wconf 88' lang='lat' dir='ltr'><strong>Carnis</strong></span> <span class='ocrx_word' id='word_1_424' title='bbox 2812 2136 2992 2185; x_wconf 87' lang='lat' dir='ltr'><strong>tamen</strong></span> <span class='ocrx_word' id='word_1_425' title='bbox 3021 2140 3074 2185; x_wconf 92' lang='lat' dir='ltr'><strong>et</strong></span> <span class='ocrx_word' id='word_1_426' title='bbox 3108 2133 3410 2192; x_wconf 80' lang='lat' dir='ltr'><strong>divinitatis</strong></span> 
     </span>
    </p>
   </div>
   <div class='ocr_carea' id='block_1_54' title="bbox 1843 2211 3408 2294">
    <p class='ocr_par' dir='ltr' id='par_1_54' title="bbox 1843 2211 3408 2294">
     <span class='ocr_line' id='line_1_54' title="bbox 1843 2211 3408 2294; baseline 0.012 -32"><span class='ocrx_word' id='word_1_427' title='bbox 1843 2211 2234 2280; x_wconf 82' lang='lat' dir='ltr'><strong>proprietatum</strong></span> <span class='ocrx_word' id='word_1_428' title='bbox 2293 2215 2579 2271; x_wconf 83' lang='lat' dir='ltr'><strong>inconfusa</strong></span> <span class='ocrx_word' id='word_1_429' title='bbox 2645 2230 2923 2286; x_wconf 87' lang='lat' dir='ltr'><strong>permanet</strong></span> <span class='ocrx_word' id='word_1_430' title='bbox 2977 2217 3408 2294; x_wconf 85' lang='lat' dir='ltr'><strong>contemplatio,</strong></span> 
     </span>
    </p>
   </div>
   <div class='ocr_carea' id='block_1_55' title="bbox 1843 2303 3412 2383">
    <p class='ocr_par' dir='ltr' id='par_1_55' title="bbox 1843 2303 3412 2383">
     <span class='ocr_line' id='line_1_55' title="bbox 1843 2303 3412 2383; baseline 0.011 -28"><span class='ocrx_word' id='word_1_431' title='bbox 1843 2303 2084 2371; x_wconf 88' lang='lat' dir='ltr'><strong>quandiu</strong></span> <span class='ocrx_word' id='word_1_432' title='bbox 2144 2305 2200 2358; x_wconf 91' lang='lat' dir='ltr'><strong>in</strong></span> <span class='ocrx_word' id='word_1_433' title='bbox 2244 2321 2303 2360; x_wconf 90' lang='lat' dir='ltr'><strong>se</strong></span> <span class='ocrx_word' id='word_1_434' title='bbox 2359 2308 2496 2376; x_wconf 92' lang='lat' dir='ltr'><strong>ipsis</strong></span> <span class='ocrx_word' id='word_1_435' title='bbox 2548 2308 2740 2362; x_wconf 87' lang='lat' dir='ltr'><strong>horum</strong></span> <span class='ocrx_word' id='word_1_436' title='bbox 2792 2318 3080 2382; x_wconf 87' lang='lat' dir='ltr'><strong>utrumque</strong></span> <span class='ocrx_word' id='word_1_437' title='bbox 3109 2323 3412 2383; x_wconf 85' lang='lat' dir='ltr'><strong>spectatur:</strong></span> 
     </span>
    </p>
   </div>
   <div class='ocr_carea' id='block_1_56' title="bbox 1843 2395 3411 2470">
    <p class='ocr_par' dir='ltr' id='par_1_56' title="bbox 1843 2395 3411 2470">
     <span class='ocr_line' id='line_1_56' title="bbox 1843 2395 3411 2470; baseline 0.011 -24"><span class='ocrx_word' id='word_1_438' title='bbox 1843 2395 1950 2450; x_wconf 88' lang='lat' dir='ltr'><strong>tale</strong></span> <span class='ocrx_word' id='word_1_439' title='bbox 1980 2397 2108 2464; x_wconf 88' lang='lat' dir='ltr'><strong>quid</strong></span> <span class='ocrx_word' id='word_1_440' title='bbox 2139 2397 2329 2454; x_wconf 85' lang='lat' dir='ltr'><strong>dicens</strong></span> <span class='ocrx_word' id='word_1_441' title='bbox 2370 2414 2384 2451; x_wconf 91' lang='lat'><strong>:</strong></span> <span class='ocrx_word' id='word_1_442' title='bbox 2423 2397 2661 2456; x_wconf 83' lang='lat' dir='ltr'><strong>Verbum</strong></span> <span class='ocrx_word' id='word_1_443' title='bbox 2693 2411 2817 2456; x_wconf 89' lang='lat' dir='ltr'><strong>ante</strong></span> <span class='ocrx_word' id='word_1_444' title='bbox 2848 2404 3046 2458; x_wconf 63' lang='lat' dir='ltr'><strong>saecula</strong></span> <span class='ocrx_word' id='word_1_445' title='bbox 3088 2413 3239 2470; x_wconf 88' lang='lat' dir='ltr'><strong>erat,</strong></span> <span class='ocrx_word' id='word_1_446' title='bbox 3278 2421 3411 2462; x_wconf 91' lang='lat' dir='ltr'><strong>caro</strong></span> 
     </span>
    </p>
   </div>
   <div class='ocr_carea' id='block_1_57' title="bbox 1843 2485 3411 2568">
    <p class='ocr_par' dir='ltr' id='par_1_57' title="bbox 1843 2485 3411 2568">
     <span class='ocr_line' id='line_1_57' title="bbox 1843 2485 3411 2568; baseline 0.013 -34"><span class='ocrx_word' id='word_1_447' title='bbox 1843 2498 1976 2539; x_wconf 88' lang='lat' dir='ltr'><strong>vero</strong></span> <span class='ocrx_word' id='word_1_448' title='bbox 2023 2485 2077 2538; x_wconf 91' lang='lat' dir='ltr'><strong>in</strong></span> <span class='ocrx_word' id='word_1_449' title='bbox 2123 2488 2390 2542; x_wconf 81' lang='lat' dir='ltr'><strong>extremis</strong></span> <span class='ocrx_word' id='word_1_450' title='bbox 2437 2491 2774 2558; x_wconf 89' lang='lat' dir='ltr'><strong>temporibus</strong></span> <span class='ocrx_word' id='word_1_451' title='bbox 2823 2493 2961 2546; x_wconf 79' lang='lat' dir='ltr'><strong>facta</strong></span> <span class='ocrx_word' id='word_1_452' title='bbox 3005 2503 3107 2549; x_wconf 88' lang='lat' dir='ltr'><strong>est.</strong></span> <span class='ocrx_word' id='word_1_453' title='bbox 3149 2495 3258 2552; x_wconf 85' lang='lat' dir='ltr'><strong>Nec</strong></span> <span class='ocrx_word' id='word_1_454' title='bbox 3287 2500 3411 2568; x_wconf 85' lang='lat' dir='ltr'><strong>quis</strong></span> 
     </span>
    </p>
   </div>
   <div class='ocr_carea' id='block_1_58' title="bbox 1850 2578 3408 2658">
    <p class='ocr_par' dir='ltr' id='par_1_58' title="bbox 1850 2578 3408 2658">
     <span class='ocr_line' id='line_1_58' title="bbox 1850 2578 3408 2658; baseline 0.01 -28"><span class='ocrx_word' id='word_1_455' title='bbox 1850 2584 2218 2633; x_wconf 85' lang='lat' dir='ltr'><strong>retrovertens</strong></span> <span class='ocrx_word' id='word_1_456' title='bbox 2251 2578 2472 2643; x_wconf 86' lang='lat' dir='ltr'><strong>dixerit,</strong></span> <span class='ocrx_word' id='word_1_457' title='bbox 2511 2582 2594 2636; x_wconf 89' lang='lat' dir='ltr'><strong>vel</strong></span> <span class='ocrx_word' id='word_1_458' title='bbox 2651 2582 2791 2636; x_wconf 90' lang='lat' dir='ltr'><strong>hanc</strong></span> <span class='ocrx_word' id='word_1_459' title='bbox 2822 2592 2949 2638; x_wconf 91' lang='lat' dir='ltr'><strong>ante</strong></span> <span class='ocrx_word' id='word_1_460' title='bbox 2984 2588 3180 2640; x_wconf 67' lang='lat' dir='ltr'><strong>saecula</strong></span> <span class='ocrx_word' id='word_1_461' title='bbox 3215 2588 3408 2658; x_wconf 83' lang='lat' dir='ltr'><strong>fuisse,</strong></span> 
     </span>
    </p>
   </div>
   <div class='ocr_carea' id='block_1_59' title="bbox 1847 2667 3408 2740">
    <p class='ocr_par' dir='ltr' id='par_1_59' title="bbox 1847 2667 3408 2740">
     <span class='ocr_line' id='line_1_59' title="bbox 1847 2667 3408 2740; baseline 0.012 -19"><span class='ocrx_word' id='word_1_462' title='bbox 1847 2668 1928 2722; x_wconf 85' lang='lat' dir='ltr'><strong>vel</strong></span> <span class='ocrx_word' id='word_1_463' title='bbox 1969 2667 2022 2721; x_wconf 93' lang='lat' dir='ltr'><strong>in</strong></span> <span class='ocrx_word' id='word_1_464' title='bbox 2051 2671 2363 2725; x_wconf 85' lang='lat' dir='ltr'><strong>novissimis</strong></span> <span class='ocrx_word' id='word_1_465' title='bbox 2400 2673 2735 2740; x_wconf 86' lang='lat' dir='ltr'><strong>temporibus</strong></span> <span class='ocrx_word' id='word_1_466' title='bbox 2762 2673 2998 2729; x_wconf 69' lang='lat' dir='ltr'><strong>Verbum</strong></span> <span class='ocrx_word' id='word_1_467' title='bbox 3031 2676 3230 2734; x_wconf 80' lang='lat' dir='ltr'><strong>factum</strong></span> <span class='ocrx_word' id='word_1_468' title='bbox 3263 2697 3408 2738; x_wconf 70' lang='lat' dir='ltr'><strong>esse.</strong></span> 
     </span>
    </p>
   </div>
   <div class='ocr_carea' id='block_1_60' title="bbox 1846 2757 3411 2842">
    <p class='ocr_par' dir='ltr' id='par_1_60' title="bbox 1846 2757 3411 2842">
     <span class='ocr_line' id='line_1_60' title="bbox 1846 2757 3411 2842; baseline 0.01 -32"><span class='ocrx_word' id='word_1_469' title='bbox 1846 2757 1987 2811; x_wconf 88' lang='lat' dir='ltr'><strong>Caro</strong></span> <span class='ocrx_word' id='word_1_470' title='bbox 2025 2759 2269 2827; x_wconf 88' lang='lat' dir='ltr'><strong>patibilis</strong></span> <span class='ocrx_word' id='word_1_471' title='bbox 2298 2769 2382 2815; x_wconf 91' lang='lat' dir='ltr'><strong>est</strong></span> <span class='ocrx_word' id='word_1_472' title='bbox 2408 2770 2645 2828; x_wconf 65' lang='lat' dir='ltr'><strong>naturae;</strong></span> <span class='ocrx_word' id='word_1_473' title='bbox 2677 2764 2898 2818; x_wconf 91' lang='lat' dir='ltr'><strong>verbum</strong></span> <span class='ocrx_word' id='word_1_474' title='bbox 2926 2777 3103 2823; x_wconf 90' lang='lat' dir='ltr'><strong>autem</strong></span> <span class='ocrx_word' id='word_1_475' title='bbox 3138 2779 3222 2825; x_wconf 92' lang='lat' dir='ltr'><strong>est</strong></span> <span class='ocrx_word' id='word_1_476' title='bbox 3242 2787 3411 2842; x_wconf 89' lang='lat' dir='ltr'><strong>agen-</strong></span> 
     </span>
    </p>
   </div>
   <div class='ocr_carea' id='block_1_61' title="bbox 1847 2848 3410 2929">
    <p class='ocr_par' dir='ltr' id='par_1_61' title="bbox 1847 2848 3410 2929">
     <span class='ocr_line' id='line_1_61' title="bbox 1847 2848 3410 2929; baseline 0.012 -27"><span class='ocrx_word' id='word_1_477' title='bbox 1847 2848 1938 2904; x_wconf 89' lang='lat' dir='ltr'><strong>tis.</strong></span> <span class='ocrx_word' id='word_1_478' title='bbox 1985 2848 2170 2919; x_wconf 88' lang='lat' dir='ltr'><strong>Neque</strong></span> <span class='ocrx_word' id='word_1_479' title='bbox 2217 2853 2332 2920; x_wconf 88' lang='lat' dir='ltr'><strong>ipsa</strong></span> <span class='ocrx_word' id='word_1_480' title='bbox 2379 2860 2462 2907; x_wconf 89' lang='lat' dir='ltr'><strong>est</strong></span> <span class='ocrx_word' id='word_1_481' title='bbox 2501 2869 2690 2908; x_wconf 89' lang='lat' dir='ltr'><strong>eorum</strong></span> <span class='ocrx_word' id='word_1_482' title='bbox 2731 2871 2854 2924; x_wconf 67' lang='lat' dir='ltr'><strong>quae</strong></span> <span class='ocrx_word' id='word_1_483' title='bbox 2901 2867 3028 2912; x_wconf 91' lang='lat' dir='ltr'><strong>sunt</strong></span> <span class='ocrx_word' id='word_1_484' title='bbox 3074 2861 3254 2929; x_wconf 77' lang='lat' dir='ltr'><strong>Opifex</strong></span> <span class='ocrx_word' id='word_1_485' title='bbox 3295 2864 3410 2920; x_wconf 86' lang='lat' dir='ltr'><strong>sive</strong></span> 
     </span>
    </p>
   </div>
   <div class='ocr_carea' id='block_1_62' title="bbox 1849 2942 3408 3018">
    <p class='ocr_par' dir='ltr' id='par_1_62' title="bbox 1849 2942 3408 3018">
     <span class='ocr_line' id='line_1_62' title="bbox 1849 2942 3408 3018; baseline 0.012 -24"><span class='ocrx_word' id='word_1_486' title='bbox 1849 2942 2144 3006; x_wconf 79' lang='lat' dir='ltr'><strong>conditrix,</strong></span> <span class='ocrx_word' id='word_1_487' title='bbox 2182 2959 2358 3012; x_wconf 90' lang='lat' dir='ltr'><strong>neque</strong></span> <span class='ocrx_word' id='word_1_488' title='bbox 2428 2945 2686 3002; x_wconf 86' lang='lat' dir='ltr'><strong>divinitas</strong></span> <span class='ocrx_word' id='word_1_489' title='bbox 2727 2947 2833 3001; x_wconf 91' lang='lat' dir='ltr'><strong>vim</strong></span> <span class='ocrx_word' id='word_1_490' title='bbox 2892 2951 3169 3018; x_wconf 89' lang='lat' dir='ltr'><strong>patibilem</strong></span> <span class='ocrx_word' id='word_1_491' title='bbox 3223 2955 3408 3012; x_wconf 88' lang='lat' dir='ltr'><strong>habet.</strong></span> 
     </span>
    </p>
   </div>
   <div class='ocr_carea' id='block_1_63' title="bbox 1851 3029 3414 3106">
    <p class='ocr_par' dir='ltr' id='par_1_63' title="bbox 1851 3029 3414 3106">
     <span class='ocr_line' id='line_1_63' title="bbox 1851 3029 3414 3106; baseline 0.013 -21"><span class='ocrx_word' id='word_1_492' title='bbox 1851 3029 1915 3086; x_wconf 80' lang='lat' dir='ltr'><strong>In</strong></span> <span class='ocrx_word' id='word_1_493' title='bbox 1947 3034 2208 3102; x_wconf 73' lang='lat' dir='ltr'><strong>principio</strong></span> <span class='ocrx_word' id='word_1_494' title='bbox 2252 3033 2390 3102; x_wconf 78' lang='lat' dir='ltr'><strong>apud</strong></span> <span class='ocrx_word' id='word_1_495' title='bbox 2445 3035 2606 3089; x_wconf 85' lang='lat' dir='ltr'><strong>Deum</strong></span> <span class='ocrx_word' id='word_1_496' title='bbox 2657 3047 2773 3092; x_wconf 83' lang='lat' dir='ltr'><strong>erat</strong></span> <span class='ocrx_word' id='word_1_497' title='bbox 2831 3037 3165 3098; x_wconf 71' lang='lat' dir='ltr'><strong>Verbum:in</strong></span> <span class='ocrx_word' id='word_1_498' title='bbox 3221 3049 3414 3106; x_wconf 85' lang='lat' dir='ltr'><strong>mortis</strong></span> 
     </span>
    </p>
   </div>
   <div class='ocr_carea' id='block_1_64' title="bbox 182 3123 1749 3202">
    <p class='ocr_par' dir='ltr' id='par_1_64' title="bbox 182 3129 1747 3202">
     <span class='ocr_line' id='line_1_64' title="bbox 182 3129 1747 3202; baseline 0.001 -19"><span class='ocrx_word' id='word_1_499' title='bbox 182 3129 274 3183; x_wconf 74' lang='grc' dir='ltr'><strong>Καὶ</strong></span> <span class='ocrx_word' id='word_1_500' title='bbox 296 3130 360 3184; x_wconf 75' lang='grc' dir='ltr'><strong>τὰ</strong></span> <span class='ocrx_word' id='word_1_501' title='bbox 390 3131 538 3185; x_wconf 76' lang='grc' dir='ltr'>ἄλλα</span> <span class='ocrx_word' id='word_1_502' title='bbox 575 3131 752 3185; x_wconf 86' lang='grc' dir='ltr'>πάντα</span> <span class='ocrx_word' id='word_1_503' title='bbox 784 3131 926 3184; x_wconf 79' lang='grc' dir='ltr'>κατὰ</span> <span class='ocrx_word' id='word_1_504' title='bbox 967 3131 1059 3184; x_wconf 80' lang='grc' dir='ltr'>τὸν</span> <span class='ocrx_word' id='word_1_505' title='bbox 1096 3131 1258 3185; x_wconf 81' lang='grc' dir='ltr'>αὑτὸν</span> <span class='ocrx_word' id='word_1_506' title='bbox 1303 3131 1586 3202; x_wconf 83' lang='grc' dir='ltr'>θεωρεῖται</span> <span class='ocrx_word' id='word_1_507' title='bbox 1622 3131 1747 3202; x_wconf 88' lang='grc' dir='ltr'>τρό-</span> 
     </span>
    </p>
   </div>
   <div class='ocr_carea' id='block_1_65' title="bbox 1852 3123 3414 3202">
    <p class='ocr_par' dir='ltr' id='par_1_65' title="bbox 1852 3123 3414 3196">
     <span class='ocr_line' id='line_1_65' title="bbox 1852 3123 3414 3196; baseline 0.01 -18"><span class='ocrx_word' id='word_1_508' title='bbox 1852 3123 2220 3192; x_wconf 82' lang='lat' dir='ltr'><strong>experimento</strong></span> <span class='ocrx_word' id='word_1_509' title='bbox 2269 3132 2354 3179; x_wconf 90' lang='lat' dir='ltr'><strong>est</strong></span> <span class='ocrx_word' id='word_1_510' title='bbox 2402 3124 2600 3194; x_wconf 77' lang='lat' dir='ltr'><strong>homo:</strong></span> <span class='ocrx_word' id='word_1_511' title='bbox 2639 3140 2815 3196; x_wconf 90' lang='lat' dir='ltr'><strong>neque</strong></span> <span class='ocrx_word' id='word_1_512' title='bbox 2862 3129 2930 3183; x_wconf 89' lang='lat' dir='ltr'><strong>ab</strong></span> <span class='ocrx_word' id='word_1_513' title='bbox 2972 3139 3174 3189; x_wconf 76' lang='lat' dir='ltr'><strong>:eterno</strong></span> <span class='ocrx_word' id='word_1_514' title='bbox 3223 3135 3414 3193; x_wconf 78' lang='lat' dir='ltr'><strong>huma-</strong></span> 
     </span>
    </p>
   </div>
   <div class='ocr_carea' id='block_1_66' title="bbox 184 3221 1745 3293">
    <p class='ocr_par' dir='ltr' id='par_1_66' title="bbox 184 3221 1745 3293">
     <span class='ocr_line' id='line_1_66' title="bbox 184 3221 1745 3293; baseline 0.001 -20"><span class='ocrx_word' id='word_1_515' title='bbox 184 3238 299 3275; x_wconf 80' lang='grc' dir='ltr'>πον·</span> <span class='ocrx_word' id='word_1_516' title='bbox 324 3221 444 3276; x_wconf 74' lang='grc' dir='ltr'>οὔτε</span> <span class='ocrx_word' id='word_1_517' title='bbox 471 3224 736 3287; x_wconf 77' lang='grc' dir='ltr'>ζωοποιεῖ</span> <span class='ocrx_word' id='word_1_518' title='bbox 761 3221 852 3275; x_wconf 84' lang='grc' dir='ltr'><strong>τὸν</strong></span> <span class='ocrx_word' id='word_1_519' title='bbox 873 3221 1122 3293; x_wconf 82' lang='grc' dir='ltr'>Λάζαρον</span> <span class='ocrx_word' id='word_1_520' title='bbox 1154 3224 1187 3293; x_wconf 79' lang='grc' dir='ltr'>ἡ</span> <span class='ocrx_word' id='word_1_521' title='bbox 1217 3221 1532 3293; x_wconf 78' lang='grc' dir='ltr'>ἀνθρωπίνη</span> <span class='ocrx_word' id='word_1_522' title='bbox 1563 3221 1745 3292; x_wconf 80' lang='grc' dir='ltr'>φύσις,</span> 
     </span>
    </p>
   </div>
   <div class='ocr_carea' id='block_1_67' title="bbox 182 3314 1748 3388">
    <p class='ocr_par' dir='ltr' id='par_1_67' title="bbox 182 3314 1748 3388">
     <span class='ocr_line' id='line_1_67' title="bbox 182 3314 1748 3388; baseline -0.001 -21"><span class='ocrx_word' id='word_1_523' title='bbox 182 3315 290 3368; x_wconf 73' lang='grc' dir='ltr'>οὔτε</span> <span class='ocrx_word' id='word_1_524' title='bbox 325 3315 560 3388; x_wconf 84' lang='grc' dir='ltr'>δακρύει</span> <span class='ocrx_word' id='word_1_525' title='bbox 593 3315 682 3367; x_wconf 72' lang='grc' dir='ltr'>τὸν</span> <span class='ocrx_word' id='word_1_526' title='bbox 715 3314 964 3384; x_wconf 84' lang='grc' dir='ltr'>κείμενον</span> <span class='ocrx_word' id='word_1_527' title='bbox 1013 3316 1046 3386; x_wconf 82' lang='grc' dir='ltr'><strong>ὴ</strong></span> <span class='ocrx_word' id='word_1_528' title='bbox 1095 3315 1310 3384; x_wconf 84' lang='grc' dir='ltr'>ἀπαθὴς</span> <span class='ocrx_word' id='word_1_529' title='bbox 1345 3315 1591 3380; x_wconf 82' lang='grc' dir='ltr'>ἐξουσία,</span> <span class='ocrx_word' id='word_1_530' title='bbox 1634 3314 1748 3368; x_wconf 84' lang='grc' dir='ltr'>ἀλλ’</span> 
     </span>
    </p>
   </div>
   <div class='ocr_carea' id='block_1_68' title="bbox 187 3405 1751 3479">
    <p class='ocr_par' dir='ltr' id='par_1_68' title="bbox 187 3405 1751 3479">
     <span class='ocr_line' id='line_1_68' title="bbox 187 3405 1751 3479; baseline 0.001 -21"><span class='ocrx_word' id='word_1_531' title='bbox 187 3405 295 3459; x_wconf 83' lang='grc' dir='ltr'>ίδιον</span> <span class='ocrx_word' id='word_1_532' title='bbox 324 3406 415 3460; x_wconf 80' lang='grc' dir='ltr'>τοῦ</span> <span class='ocrx_word' id='word_1_533' title='bbox 449 3407 561 3478; x_wconf 77' lang='grc' dir='ltr'><strong>μὲν</strong></span> <span class='ocrx_word' id='word_1_534' title='bbox 614 3405 901 3476; x_wconf 84' lang='grc' dir='ltr'>ἀνθρώπου</span> <span class='ocrx_word' id='word_1_535' title='bbox 947 3406 1008 3460; x_wconf 86' lang='grc' dir='ltr'><strong>τὸ</strong></span> <span class='ocrx_word' id='word_1_536' title='bbox 1049 3407 1310 3476; x_wconf 87' lang='grc' dir='ltr'>δάκρυον·</span> <span class='ocrx_word' id='word_1_537' title='bbox 1347 3409 1382 3478; x_wconf 86' lang='grc' dir='ltr'><strong>ή</strong></span> <span class='ocrx_word' id='word_1_538' title='bbox 1419 3407 1476 3460; x_wconf 88' lang='grc' dir='ltr'>δὲ</span> <span class='ocrx_word' id='word_1_539' title='bbox 1509 3407 1621 3479; x_wconf 82' lang='grc' dir='ltr'><strong>ζωὴ</strong></span> <span class='ocrx_word' id='word_1_540' title='bbox 1651 3410 1751 3478; x_wconf 83' lang='grc' dir='ltr'><strong>τῆς</strong></span> 
     </span>
    </p>
   </div>
   <div class='ocr_carea' id='block_1_69' title="bbox 183 3497 1747 3571">
    <p class='ocr_par' dir='ltr' id='par_1_69' title="bbox 183 3497 1747 3571">
     <span class='ocr_line' id='line_1_69' title="bbox 183 3497 1747 3571; baseline -0.003 -17"><span class='ocrx_word' id='word_1_541' title='bbox 183 3501 330 3562; x_wconf 76' lang='grc' dir='ltr'>θντως</span> <span class='ocrx_word' id='word_1_542' title='bbox 375 3500 564 3571; x_wconf 77' lang='grc' dir='ltr'>ζωῆςο</span> <span class='ocrx_word' id='word_1_543' title='bbox 609 3500 668 3551; x_wconf 88' lang='grc' dir='ltr'><strong>ού</strong></span> <span class='ocrx_word' id='word_1_544' title='bbox 708 3501 894 3570; x_wconf 85' lang='grc' dir='ltr'>τρέφει</span> <span class='ocrx_word' id='word_1_545' title='bbox 927 3497 1024 3562; x_wconf 81' lang='grc' dir='ltr'>τὰς</span> <span class='ocrx_word' id='word_1_546' title='bbox 1062 3499 1305 3569; x_wconf 88' lang='grc' dir='ltr'>χιλιάδας</span> <span class='ocrx_word' id='word_1_547' title='bbox 1348 3501 1382 3568; x_wconf 82' lang='grc' dir='ltr'>ἡ</span> <span class='ocrx_word' id='word_1_548' title='bbox 1436 3497 1747 3570; x_wconf 83' lang='grc' dir='ltr'>ἀνθρωπίνη</span> 
     </span>
    </p>
   </div>
   <div class='ocr_carea' id='block_1_70' title="bbox 186 3582 1753 3662">
    <p class='ocr_par' dir='ltr' id='par_1_70' title="bbox 186 3582 1753 3662">
     <span class='ocr_line' id='line_1_70' title="bbox 186 3582 1753 3662; baseline -0.003 -16"><span class='ocrx_word' id='word_1_549' title='bbox 186 3591 428 3662; x_wconf 77' lang='grc' dir='ltr'>πτωχεία,</span> <span class='ocrx_word' id='word_1_550' title='bbox 470 3589 605 3644; x_wconf 73' lang='grc' dir='ltr'>οὔτε</span> <span class='ocrx_word' id='word_1_551' title='bbox 633 3589 814 3659; x_wconf 81' lang='grc' dir='ltr'>τρέχει</span> <span class='ocrx_word' id='word_1_552' title='bbox 841 3589 935 3644; x_wconf 76' lang='grc' dir='ltr'>ἐπὶ</span> <span class='ocrx_word' id='word_1_553' title='bbox 961 3588 1058 3660; x_wconf 82' lang='grc' dir='ltr'>τὴν</span> <span class='ocrx_word' id='word_1_554' title='bbox 1085 3590 1255 3658; x_wconf 80' lang='grc' dir='ltr'>συκῆν</span> <span class='ocrx_word' id='word_1_555' title='bbox 1284 3591 1318 3660; x_wconf 82' lang='grc' dir='ltr'>ὴ</span> <span class='ocrx_word' id='word_1_556' title='bbox 1351 3582 1753 3661; x_wconf 79' lang='grc' dir='ltr'>παντοδύναμος</span> 
     </span>
    </p>
   </div>
   <div class='ocr_carea' id='block_1_71' title="bbox 188 3679 1753 3752">
    <p class='ocr_par' dir='ltr' id='par_1_71' title="bbox 188 3679 1753 3752">
     <span class='ocr_line' id='line_1_71' title="bbox 188 3679 1753 3752; baseline 0 -18"><span class='ocrx_word' id='word_1_557' title='bbox 188 3681 403 3746; x_wconf 75' lang='grc' dir='ltr'>ἐξουσία.</span> <span class='ocrx_word' id='word_1_558' title='bbox 442 3682 552 3744; x_wconf 87' lang='grc' dir='ltr'><strong>Τίς</strong></span> <span class='ocrx_word' id='word_1_559' title='bbox 579 3684 607 3734; x_wconf 97' lang='lat'><strong>6</strong></span> <span class='ocrx_word' id='word_1_560' title='bbox 637 3680 844 3734; x_wconf 83' lang='grc' dir='ltr'>κοπιῶν</span> <span class='ocrx_word' id='word_1_561' title='bbox 871 3683 934 3734; x_wconf 81' lang='grc' dir='ltr'>ὲκ</span> <span class='ocrx_word' id='word_1_562' title='bbox 967 3682 1065 3751; x_wconf 86' lang='grc' dir='ltr'><strong>τῆς</strong></span> <span class='ocrx_word' id='word_1_563' title='bbox 1089 3679 1393 3752; x_wconf 85' lang='grc' dir='ltr'>ὁδοιπορίας</span> <span class='ocrx_word' id='word_1_564' title='bbox 1412 3721 1426 3742; x_wconf 91' lang='grc'><strong>,</strong></span> <span class='ocrx_word' id='word_1_565' title='bbox 1469 3681 1562 3734; x_wconf 78' lang='grc' dir='ltr'>καὶ</span> <span class='ocrx_word' id='word_1_566' title='bbox 1604 3681 1686 3744; x_wconf 85' lang='grc' dir='ltr'><strong>τίς</strong></span> <span class='ocrx_word' id='word_1_567' title='bbox 1724 3682 1753 3734; x_wconf 88' lang='lat'><strong>6</strong></span> 
     </span>
    </p>
   </div>
   <div class='ocr_carea' id='block_1_72' title="bbox 186 3767 1755 3840">
    <p class='ocr_par' dir='ltr' id='par_1_72' title="bbox 186 3767 1755 3840">
     <span class='ocr_line' id='line_1_72' title="bbox 186 3767 1755 3840; baseline 0.001 -18"><span class='ocrx_word' id='word_1_568' title='bbox 186 3768 383 3833; x_wconf 74' lang='grc' dir='ltr'>ἀπόνως</span> <span class='ocrx_word' id='word_1_569' title='bbox 420 3769 554 3822; x_wconf 82' lang='grc' dir='ltr'>ὅλον</span> <span class='ocrx_word' id='word_1_570' title='bbox 584 3767 675 3822; x_wconf 78' lang='grc' dir='ltr'><strong>τὸν</strong></span> <span class='ocrx_word' id='word_1_571' title='bbox 706 3768 908 3839; x_wconf 88' lang='grc' dir='ltr'>κόσμον</span> <span class='ocrx_word' id='word_1_572' title='bbox 947 3769 1257 3835; x_wconf 84' lang='grc' dir='ltr'>ὑποστήσας</span> <span class='ocrx_word' id='word_1_573' title='bbox 1284 3768 1363 3838; x_wconf 80' lang='grc' dir='ltr'><strong>τῷ</strong></span> <span class='ocrx_word' id='word_1_574' title='bbox 1389 3769 1566 3840; x_wconf 82' lang='grc' dir='ltr'>λόγῳ;</span> <span class='ocrx_word' id='word_1_575' title='bbox 1601 3771 1664 3822; x_wconf 90' lang='grc' dir='ltr'><strong>Τί</strong></span> <span class='ocrx_word' id='word_1_576' title='bbox 1695 3773 1755 3824; x_wconf 84' lang='grc' dir='ltr'><strong>τὸ</strong></span> 
     </span>
    </p>
   </div>
   <div class='ocr_carea' id='block_1_73' title="bbox 190 3857 1756 3928">
    <p class='ocr_par' dir='ltr' id='par_1_73' title="bbox 190 3857 1756 3928">
     <span class='ocr_line' id='line_1_73' title="bbox 190 3857 1756 3928; baseline 0 -16"><span class='ocrx_word' id='word_1_577' title='bbox 190 3857 275 3926; x_wconf 78' lang='grc' dir='ltr'><strong>τῆς</strong></span> <span class='ocrx_word' id='word_1_578' title='bbox 317 3859 475 3928; x_wconf 83' lang='grc' dir='ltr'>δόξης</span> <span class='ocrx_word' id='word_1_579' title='bbox 535 3857 908 3928; x_wconf 83' lang='grc' dir='ltr'>ἀπαύγασμα;</span> <span class='ocrx_word' id='word_1_580' title='bbox 959 3859 1024 3910; x_wconf 84' lang='grc' dir='ltr'>Τί</span> <span class='ocrx_word' id='word_1_581' title='bbox 1085 3859 1147 3911; x_wconf 85' lang='grc' dir='ltr'><strong>τὸ</strong></span> <span class='ocrx_word' id='word_1_582' title='bbox 1198 3861 1310 3920; x_wconf 89' lang='grc' dir='ltr'>τοῖς</span> <span class='ocrx_word' id='word_1_583' title='bbox 1351 3857 1500 3928; x_wconf 75' lang='grc' dir='ltr'>ἥλοις</span> <span class='ocrx_word' id='word_1_584' title='bbox 1549 3858 1756 3913; x_wconf 86' lang='grc' dir='ltr'>διαπει-</span> 
     </span>
    </p>
   </div>
   <div class='ocr_carea' id='block_1_74' title="bbox 195 3946 1753 4020">
    <p class='ocr_par' dir='ltr' id='par_1_74' title="bbox 195 3946 1753 4020">
     <span class='ocr_line' id='line_1_74' title="bbox 195 3946 1753 4020; baseline 0 -18"><span class='ocrx_word' id='word_1_585' title='bbox 195 3949 440 4018; x_wconf 81' lang='grc' dir='ltr'>ρόμενον;</span> <span class='ocrx_word' id='word_1_586' title='bbox 482 3949 630 4003; x_wconf 87' lang='grc' dir='ltr'>Ποία</span> <span class='ocrx_word' id='word_1_587' title='bbox 681 3948 863 4020; x_wconf 80' lang='grc' dir='ltr'>μορφὴ</span> <span class='ocrx_word' id='word_1_588' title='bbox 901 3949 993 4001; x_wconf 70' lang='grc' dir='ltr'><strong>ἐπὶ</strong></span> <span class='ocrx_word' id='word_1_589' title='bbox 1039 3947 1132 4001; x_wconf 79' lang='grc' dir='ltr'>τοῦ</span> <span class='ocrx_word' id='word_1_590' title='bbox 1187 3946 1391 4010; x_wconf 86' lang='grc' dir='ltr'>πάθους</span> <span class='ocrx_word' id='word_1_591' title='bbox 1438 3949 1753 4018; x_wconf 79' lang='grc' dir='ltr'>ραπίξεται,</span> 
     </span>
    </p>
   </div>
   <div class='ocr_carea' id='block_1_75' title="bbox 191 4037 1758 4110">
    <p class='ocr_par' dir='ltr' id='par_1_75' title="bbox 191 4037 1758 4110">
     <span class='ocr_line' id='line_1_75' title="bbox 191 4037 1758 4110; baseline 0.001 -18"><span class='ocrx_word' id='word_1_592' title='bbox 191 4040 271 4092; x_wconf 76' lang='grc' dir='ltr'>καὶ</span> <span class='ocrx_word' id='word_1_593' title='bbox 320 4041 448 4093; x_wconf 85' lang='grc' dir='ltr'>ποία</span> <span class='ocrx_word' id='word_1_594' title='bbox 498 4037 564 4104; x_wconf 77' lang='grc' dir='ltr'><strong>ἐξ</strong></span> <span class='ocrx_word' id='word_1_595' title='bbox 603 4039 776 4093; x_wconf 73' lang='grc' dir='ltr'>ἀϊδίου</span> <span class='ocrx_word' id='word_1_596' title='bbox 818 4039 1132 4106; x_wconf 76' lang='grc' dir='ltr'>δοξάζεταις</span> <span class='ocrx_word' id='word_1_597' title='bbox 1182 4039 1391 4110; x_wconf 82' lang='grc' dir='ltr'>φανερὰ</span> <span class='ocrx_word' id='word_1_598' title='bbox 1434 4040 1542 4107; x_wconf 85' lang='grc' dir='ltr'><strong>γὰρ</strong></span> <span class='ocrx_word' id='word_1_599' title='bbox 1587 4041 1758 4094; x_wconf 81' lang='grc' dir='ltr'>ταῦτα</span> 
     </span>
    </p>
   </div>
   <div class='ocr_carea' id='block_1_76' title="bbox 192 4127 1758 4202">
    <p class='ocr_par' dir='ltr' id='par_1_76' title="bbox 192 4127 1758 4202">
     <span class='ocr_line' id='line_1_76' title="bbox 192 4127 1758 4202; baseline 0.001 -21"><span class='ocrx_word' id='word_1_600' title='bbox 192 4127 282 4182; x_wconf 69' lang='grc' dir='ltr'>κᾶν</span> <span class='ocrx_word' id='word_1_601' title='bbox 341 4131 415 4201; x_wconf 80' lang='grc' dir='ltr'>μή</span> <span class='ocrx_word' id='word_1_602' title='bbox 471 4146 565 4192; x_wconf 81' lang='grc' dir='ltr'><strong>τις</strong></span> <span class='ocrx_word' id='word_1_603' title='bbox 625 4129 1005 4202; x_wconf 78' lang='grc' dir='ltr'>ἐφερμηνεύσῃ</span> <span class='ocrx_word' id='word_1_604' title='bbox 1057 4127 1137 4198; x_wconf 83' lang='grc' dir='ltr'><strong>τῷ</strong></span> <span class='ocrx_word' id='word_1_605' title='bbox 1198 4128 1374 4199; x_wconf 81' lang='grc' dir='ltr'>λόγῳ,</span> <span class='ocrx_word' id='word_1_606' title='bbox 1405 4129 1485 4181; x_wconf 83' lang='grc' dir='ltr'>ὅτι</span> <span class='ocrx_word' id='word_1_607' title='bbox 1551 4131 1606 4182; x_wconf 87' lang='grc' dir='ltr'><strong>αί</strong></span> <span class='ocrx_word' id='word_1_608' title='bbox 1661 4129 1758 4200; x_wconf 89' lang='grc' dir='ltr'><strong>μὲν</strong></span> 
     </span>
    </p>
   </div>
   <div class='ocr_carea' id='block_1_77' title="bbox 193 4215 1760 4292">
    <p class='ocr_par' dir='ltr' id='par_1_77' title="bbox 193 4215 1760 4292">
     <span class='ocr_line' id='line_1_77' title="bbox 193 4215 1760 4292; baseline 0.001 -20"><span class='ocrx_word' id='word_1_609' title='bbox 193 4221 382 4292; x_wconf 74' lang='grc' dir='ltr'>πληγαὶ</span> <span class='ocrx_word' id='word_1_610' title='bbox 427 4222 534 4276; x_wconf 79' lang='grc' dir='ltr'>τοῦ</span> <span class='ocrx_word' id='word_1_611' title='bbox 567 4221 752 4275; x_wconf 88' lang='grc' dir='ltr'>δούλου</span> <span class='ocrx_word' id='word_1_612' title='bbox 773 4261 788 4283; x_wconf 95' lang='grc'><strong>,</strong></span> <span class='ocrx_word' id='word_1_613' title='bbox 825 4223 881 4273; x_wconf 80' lang='grc' dir='ltr'>ἐν</span> <span class='ocrx_word' id='word_1_614' title='bbox 907 4215 954 4289; x_wconf 79' lang='grc' dir='ltr'>ᾧ</span> <span class='ocrx_word' id='word_1_615' title='bbox 989 4224 1018 4274; x_wconf 92' lang='lat'><strong>6</strong></span> <span class='ocrx_word' id='word_1_616' title='bbox 1053 4221 1364 4290; x_wconf 78' lang='grc' dir='ltr'>Δεσπότης·</span> <span class='ocrx_word' id='word_1_617' title='bbox 1400 4222 1455 4274; x_wconf 86' lang='grc' dir='ltr'>αἱ</span> <span class='ocrx_word' id='word_1_618' title='bbox 1505 4221 1560 4274; x_wconf 80' lang='grc' dir='ltr'>δὲ</span> <span class='ocrx_word' id='word_1_619' title='bbox 1605 4223 1760 4291; x_wconf 77' lang='grc' dir='ltr'>τιμαὶ</span> 
     </span>
    </p>
   </div>
   <div class='ocr_carea' id='block_1_78' title="bbox 192 4311 1758 4383">
    <p class='ocr_par' dir='ltr' id='par_1_78' title="bbox 192 4311 1758 4383">
     <span class='ocr_line' id='line_1_78' title="bbox 192 4311 1758 4383; baseline -0.001 -17"><span class='ocrx_word' id='word_1_620' title='bbox 192 4313 274 4365; x_wconf 76' lang='grc' dir='ltr'>τοῦ</span> <span class='ocrx_word' id='word_1_621' title='bbox 319 4314 601 4366; x_wconf 86' lang='grc' dir='ltr'>Δεσπότου</span> <span class='ocrx_word' id='word_1_622' title='bbox 649 4313 779 4383; x_wconf 78' lang='grc' dir='ltr'>περὶ</span> <span class='ocrx_word' id='word_1_623' title='bbox 821 4311 880 4365; x_wconf 84' lang='grc' dir='ltr'>ὃν</span> <span class='ocrx_word' id='word_1_624' title='bbox 915 4314 944 4365; x_wconf 89' lang='lat'><strong>6</strong></span> <span class='ocrx_word' id='word_1_625' title='bbox 983 4311 1198 4375; x_wconf 75' lang='grc' dir='ltr'>δοῦλοςο</span> <span class='ocrx_word' id='word_1_626' title='bbox 1240 4312 1314 4374; x_wconf 85' lang='grc' dir='ltr'>ὼς</span> <span class='ocrx_word' id='word_1_627' title='bbox 1357 4311 1444 4366; x_wconf 83' lang='grc' dir='ltr'>διὰ</span> <span class='ocrx_word' id='word_1_628' title='bbox 1493 4311 1586 4382; x_wconf 78' lang='grc' dir='ltr'>τὴν</span> <span class='ocrx_word' id='word_1_629' title='bbox 1637 4329 1758 4365; x_wconf 76' lang='grc' dir='ltr'>συνο</span> 
     </span>
    </p>
   </div>
   <div class='ocr_carea' id='block_1_79' title="bbox 194 4402 1763 4475">
    <p class='ocr_par' dir='ltr' id='par_1_79' title="bbox 194 4402 1763 4475">
     <span class='ocr_line' id='line_1_79' title="bbox 194 4402 1763 4475; baseline -0.005 -14"><span class='ocrx_word' id='word_1_630' title='bbox 194 4406 371 4475; x_wconf 63' lang='grc' dir='ltr'>ἁτειάν</span> <span class='ocrx_word' id='word_1_631' title='bbox 405 4425 465 4460; x_wconf 90' lang='grc' dir='ltr'><strong>τε</strong></span> <span class='ocrx_word' id='word_1_632' title='bbox 507 4407 601 4458; x_wconf 76' lang='grc' dir='ltr'><strong>καὶ</strong></span> <span class='ocrx_word' id='word_1_633' title='bbox 639 4405 913 4474; x_wconf 79' lang='grc' dir='ltr'>συμφυΐαν</span> <span class='ocrx_word' id='word_1_634' title='bbox 945 4403 1100 4456; x_wconf 83' lang='grc' dir='ltr'>κοινά</span> <span class='ocrx_word' id='word_1_635' title='bbox 1143 4402 1384 4472; x_wconf 85' lang='grc' dir='ltr'>γίνεσθαι</span> <span class='ocrx_word' id='word_1_636' title='bbox 1411 4403 1674 4474; x_wconf 80' lang='grc' dir='ltr'>ἑκατέρας</span> <span class='ocrx_word' id='word_1_637' title='bbox 1695 4405 1763 4458; x_wconf 77' lang='grc' dir='ltr'><strong>τὰ</strong></span> 
     </span>
    </p>
   </div>
   <div class='ocr_carea' id='block_1_80' title="bbox 1851 3213 3412 3284">
    <p class='ocr_par' dir='ltr' id='par_1_80' title="bbox 1851 3213 3412 3284">
     <span class='ocr_line' id='line_1_80' title="bbox 1851 3213 3412 3284; baseline 0.011 -18"><span class='ocrx_word' id='word_1_638' title='bbox 1851 3213 1993 3269; x_wconf 87' lang='lat' dir='ltr'><strong>nitas</strong></span> <span class='ocrx_word' id='word_1_639' title='bbox 2043 3221 2148 3280; x_wconf 88' lang='lat' dir='ltr'><strong>est,</strong></span> <span class='ocrx_word' id='word_1_640' title='bbox 2203 3229 2380 3277; x_wconf 84' lang='lat' dir='ltr'><strong>neque</strong></span> <span class='ocrx_word' id='word_1_641' title='bbox 2431 3213 2688 3270; x_wconf 87' lang='lat' dir='ltr'><strong>divinitas</strong></span> <span class='ocrx_word' id='word_1_642' title='bbox 2739 3225 2825 3271; x_wconf 89' lang='lat' dir='ltr'><strong>est</strong></span> <span class='ocrx_word' id='word_1_643' title='bbox 2871 3223 3138 3278; x_wconf 86' lang='lat' dir='ltr'><strong>mortalis.</strong></span> <span class='ocrx_word' id='word_1_644' title='bbox 3194 3225 3257 3279; x_wconf 83' lang='lat' dir='ltr'><strong>Et</strong></span> <span class='ocrx_word' id='word_1_645' title='bbox 3303 3229 3412 3284; x_wconf 89' lang='lat' dir='ltr'><strong>alia</strong></span> 
     </span>
    </p>
   </div>
   <div class='ocr_carea' id='block_1_81' title="bbox 1850 3306 3414 3380">
    <p class='ocr_par' dir='ltr' id='par_1_81' title="bbox 1850 3306 3414 3380">
     <span class='ocr_line' id='line_1_81' title="bbox 1850 3306 3414 3380; baseline 0.001 -20"><span class='ocrx_word' id='word_1_646' title='bbox 1850 3307 2031 3361; x_wconf 89' lang='lat' dir='ltr'><strong>omnia</strong></span> <span class='ocrx_word' id='word_1_647' title='bbox 2061 3306 2248 3362; x_wconf 90' lang='lat' dir='ltr'><strong>eodem</strong></span> <span class='ocrx_word' id='word_1_648' title='bbox 2281 3306 2441 3361; x_wconf 87' lang='lat' dir='ltr'><strong>modo</strong></span> <span class='ocrx_word' id='word_1_649' title='bbox 2468 3314 2817 3376; x_wconf 89' lang='lat' dir='ltr'><strong>spectantur;</strong></span> <span class='ocrx_word' id='word_1_650' title='bbox 2850 3325 3025 3380; x_wconf 86' lang='lat' dir='ltr'><strong>neque</strong></span> <span class='ocrx_word' id='word_1_651' title='bbox 3054 3313 3284 3370; x_wconf 87' lang='lat' dir='ltr'><strong>humana</strong></span> <span class='ocrx_word' id='word_1_652' title='bbox 3315 3333 3414 3372; x_wconf 87' lang='lat' dir='ltr'><strong>na.</strong></span> 
     </span>
    </p>
   </div>
   <div class='ocr_carea' id='block_1_82' title="bbox 1851 3394 3416 3476">
    <p class='ocr_par' dir='ltr' id='par_1_82' title="bbox 1851 3394 3416 3476">
     <span class='ocr_line' id='line_1_82' title="bbox 1851 3394 3416 3476; baseline 0.005 -26"><span class='ocrx_word' id='word_1_653' title='bbox 1851 3407 1972 3450; x_wconf 88' lang='lat' dir='ltr'><strong>Iura</strong></span> <span class='ocrx_word' id='word_1_654' title='bbox 2033 3395 2271 3450; x_wconf 86' lang='lat' dir='ltr'><strong>viviﬁcat</strong></span> <span class='ocrx_word' id='word_1_655' title='bbox 2325 3394 2611 3457; x_wconf 84' lang='lat' dir='ltr'><strong>Lazarum,</strong></span> <span class='ocrx_word' id='word_1_656' title='bbox 2676 3413 2852 3467; x_wconf 89' lang='lat' dir='ltr'><strong>neque</strong></span> <span class='ocrx_word' id='word_1_657' title='bbox 2910 3399 3181 3469; x_wconf 71' lang='lat' dir='ltr'><strong>jacsntem</strong></span> <span class='ocrx_word' id='word_1_658' title='bbox 3239 3407 3416 3476; x_wconf 83' lang='lat' dir='ltr'><strong>plorat</strong></span> 
     </span>
    </p>
   </div>
   <div class='ocr_carea' id='block_1_83' title="bbox 1854 3486 3415 3564">
    <p class='ocr_par' dir='ltr' id='par_1_83' title="bbox 1854 3486 3415 3564">
     <span class='ocr_line' id='line_1_83' title="bbox 1854 3486 3415 3564; baseline 0.006 -22"><span class='ocrx_word' id='word_1_659' title='bbox 1854 3489 2171 3558; x_wconf 91' lang='lat' dir='ltr'><strong>impatibilis</strong></span> <span class='ocrx_word' id='word_1_660' title='bbox 2213 3496 2477 3558; x_wconf 88' lang='lat' dir='ltr'><strong>potestas.</strong></span> <span class='ocrx_word' id='word_1_661' title='bbox 2525 3486 2631 3542; x_wconf 86' lang='lat' dir='ltr'><strong>Sed</strong></span> <span class='ocrx_word' id='word_1_662' title='bbox 2678 3488 2915 3545; x_wconf 89' lang='lat' dir='ltr'><strong>hominis</strong></span> <span class='ocrx_word' id='word_1_663' title='bbox 2964 3495 3180 3564; x_wconf 88' lang='lat' dir='ltr'><strong>propria</strong></span> <span class='ocrx_word' id='word_1_664' title='bbox 3219 3505 3302 3551; x_wconf 91' lang='lat' dir='ltr'><strong>est</strong></span> <span class='ocrx_word' id='word_1_665' title='bbox 3332 3497 3415 3551; x_wconf 81' lang='lat' dir='ltr'><strong>la—</strong></span> 
     </span>
    </p>
   </div>
   <div class='ocr_carea' id='block_1_84' title="bbox 1852 3581 3416 3651">
    <p class='ocr_par' dir='ltr' id='par_1_84' title="bbox 1852 3581 3416 3651">
     <span class='ocr_line' id='line_1_84' title="bbox 1852 3581 3416 3651; baseline 0.007 -17"><span class='ocrx_word' id='word_1_666' title='bbox 1852 3596 2072 3651; x_wconf 88' lang='lat' dir='ltr'><strong>cryma;</strong></span> <span class='ocrx_word' id='word_1_667' title='bbox 2126 3581 2236 3634; x_wconf 91' lang='lat' dir='ltr'><strong>vita</strong></span> <span class='ocrx_word' id='word_1_668' title='bbox 2281 3595 2412 3634; x_wconf 85' lang='lat' dir='ltr'><strong>vero</strong></span> <span class='ocrx_word' id='word_1_669' title='bbox 2448 3587 2533 3634; x_wconf 89' lang='lat' dir='ltr'><strong>est</strong></span> <span class='ocrx_word' id='word_1_670' title='bbox 2581 3581 2706 3634; x_wconf 66' lang='lat' dir='ltr'><strong>vitae</strong></span> <span class='ocrx_word' id='word_1_671' title='bbox 2749 3597 2870 3650; x_wconf 68' lang='lat' dir='ltr'><strong>qua:</strong></span> <span class='ocrx_word' id='word_1_672' title='bbox 2915 3599 3101 3639; x_wconf 88' lang='lat' dir='ltr'><strong>revera</strong></span> <span class='ocrx_word' id='word_1_673' title='bbox 3145 3595 3248 3642; x_wconf 86' lang='lat' dir='ltr'><strong>est.</strong></span> <span class='ocrx_word' id='word_1_674' title='bbox 3295 3587 3416 3644; x_wconf 84' lang='lat' dir='ltr'><strong>Non</strong></span> 
     </span>
    </p>
   </div>
   <div class='ocr_carea' id='block_1_85' title="bbox 1855 3669 3416 3742">
    <p class='ocr_par' dir='ltr' id='par_1_85' title="bbox 1855 3669 3416 3742">
     <span class='ocr_line' id='line_1_85' title="bbox 1855 3669 3416 3742; baseline 0.004 -18"><span class='ocrx_word' id='word_1_675' title='bbox 1855 3671 2092 3724; x_wconf 87' lang='lat' dir='ltr'><strong>humana</strong></span> <span class='ocrx_word' id='word_1_676' title='bbox 2129 3669 2453 3724; x_wconf 88' lang='lat' dir='ltr'><strong>mendicitas</strong></span> <span class='ocrx_word' id='word_1_677' title='bbox 2485 3669 2662 3739; x_wconf 89' lang='lat' dir='ltr'><strong>pascit</strong></span> <span class='ocrx_word' id='word_1_678' title='bbox 2693 3671 2864 3724; x_wconf 91' lang='lat' dir='ltr'><strong>multa</strong></span> <span class='ocrx_word' id='word_1_679' title='bbox 2892 3671 3173 3728; x_wconf 91' lang='lat' dir='ltr'><strong>hominum</strong></span> <span class='ocrx_word' id='word_1_680' title='bbox 3211 3677 3416 3742; x_wconf 85' lang='lat' dir='ltr'><strong>millia;</strong></span> 
     </span>
    </p>
   </div>
   <div class='ocr_carea' id='block_1_86' title="bbox 1855 3761 3418 3836">
    <p class='ocr_par' dir='ltr' id='par_1_86' title="bbox 1855 3761 3418 3836">
     <span class='ocr_line' id='line_1_86' title="bbox 1855 3761 3418 3836; baseline 0.005 -20"><span class='ocrx_word' id='word_1_681' title='bbox 1855 3778 1966 3817; x_wconf 90' lang='lat' dir='ltr'><strong>non</strong></span> <span class='ocrx_word' id='word_1_682' title='bbox 2011 3762 2086 3836; x_wconf 79' lang='lat' dir='ltr'><strong>ad</strong></span> <span class='ocrx_word' id='word_1_683' title='bbox 2142 3761 2302 3816; x_wconf 90' lang='lat' dir='ltr'><strong>ﬁcum</strong></span> <span class='ocrx_word' id='word_1_684' title='bbox 2362 3763 2534 3815; x_wconf 90' lang='lat' dir='ltr'><strong>currit</strong></span> <span class='ocrx_word' id='word_1_685' title='bbox 2586 3763 2934 3832; x_wconf 86' lang='lat' dir='ltr'><strong>omnipotens</strong></span> <span class='ocrx_word' id='word_1_686' title='bbox 2980 3773 3242 3834; x_wconf 85' lang='lat' dir='ltr'><strong>potestas.</strong></span> <span class='ocrx_word' id='word_1_687' title='bbox 3282 3767 3418 3835; x_wconf 86' lang='lat' dir='ltr'><strong>Quis</strong></span> 
     </span>
    </p>
   </div>
   <div class='ocr_carea' id='block_1_87' title="bbox 1859 3852 3420 3926">
    <p class='ocr_par' dir='ltr' id='par_1_87' title="bbox 1859 3852 3420 3926">
     <span class='ocr_line' id='line_1_87' title="bbox 1859 3852 3420 3926; baseline 0.006 -19"><span class='ocrx_word' id='word_1_688' title='bbox 1859 3852 2116 3926; x_wconf 75' lang='lat' dir='ltr'><strong>fatigatur</strong></span> <span class='ocrx_word' id='word_1_689' title='bbox 2143 3869 2209 3908; x_wconf 80' lang='lat' dir='ltr'><strong>ex</strong></span> <span class='ocrx_word' id='word_1_690' title='bbox 2257 3853 2472 3914; x_wconf 88' lang='lat' dir='ltr'><strong>itinere,</strong></span> <span class='ocrx_word' id='word_1_691' title='bbox 2509 3860 2561 3907; x_wconf 92' lang='lat' dir='ltr'><strong>et</strong></span> <span class='ocrx_word' id='word_1_692' title='bbox 2589 3854 2715 3923; x_wconf 89' lang='lat' dir='ltr'><strong>quis</strong></span> <span class='ocrx_word' id='word_1_693' title='bbox 2746 3855 2952 3926; x_wconf 89' lang='lat' dir='ltr'><strong>absque</strong></span> <span class='ocrx_word' id='word_1_694' title='bbox 2990 3857 3176 3914; x_wconf 85' lang='lat' dir='ltr'><strong>labore</strong></span> <span class='ocrx_word' id='word_1_695' title='bbox 3203 3856 3420 3917; x_wconf 85' lang='lat' dir='ltr'><strong>univer-</strong></span> 
     </span>
    </p>
   </div>
   <div class='ocr_carea' id='block_1_88' title="bbox 1856 3944 3420 4021">
    <p class='ocr_par' dir='ltr' id='par_1_88' title="bbox 1856 3944 3420 4021">
     <span class='ocr_line' id='line_1_88' title="bbox 1856 3944 3420 4021; baseline 0.006 -22"><span class='ocrx_word' id='word_1_696' title='bbox 1856 3961 1976 4000; x_wconf 92' lang='lat' dir='ltr'><strong>sum</strong></span> <span class='ocrx_word' id='word_1_697' title='bbox 2046 3944 2311 3998; x_wconf 91' lang='lat' dir='ltr'><strong>mundum</strong></span> <span class='ocrx_word' id='word_1_698' title='bbox 2348 3945 2514 3998; x_wconf 91' lang='lat' dir='ltr'><strong>verbo</strong></span> <span class='ocrx_word' id='word_1_699' title='bbox 2542 3945 2842 4002; x_wconf 84' lang='lat' dir='ltr'><strong>subsistere</strong></span> <span class='ocrx_word' id='word_1_700' title='bbox 2875 3946 3040 4002; x_wconf 79' lang='lat' dir='ltr'><strong>facit?</strong></span> <span class='ocrx_word' id='word_1_701' title='bbox 3068 3948 3202 4015; x_wconf 87' lang='lat' dir='ltr'><strong>Quis</strong></span> <span class='ocrx_word' id='word_1_702' title='bbox 3233 3953 3420 4021; x_wconf 68' lang='lat' dir='ltr'><strong>gloriae</strong></span> 
     </span>
    </p>
   </div>
   <div class='ocr_carea' id='block_1_89' title="bbox 1856 4036 3420 4113">
    <p class='ocr_par' dir='ltr' id='par_1_89' title="bbox 1856 4036 3420 4113">
     <span class='ocr_line' id='line_1_89' title="bbox 1856 4036 3420 4113; baseline 0.008 -23"><span class='ocrx_word' id='word_1_703' title='bbox 1856 4036 2150 4108; x_wconf 87' lang='lat' dir='ltr'><strong>splendor?</strong></span> <span class='ocrx_word' id='word_1_704' title='bbox 2192 4036 2332 4103; x_wconf 84' lang='lat' dir='ltr'><strong>Quid</strong></span> <span class='ocrx_word' id='word_1_705' title='bbox 2378 4037 2522 4107; x_wconf 90' lang='lat' dir='ltr'><strong>quod</strong></span> <span class='ocrx_word' id='word_1_706' title='bbox 2572 4038 2739 4094; x_wconf 89' lang='lat' dir='ltr'><strong>clavis</strong></span> <span class='ocrx_word' id='word_1_707' title='bbox 2765 4047 2849 4094; x_wconf 92' lang='lat' dir='ltr'><strong>est</strong></span> <span class='ocrx_word' id='word_1_708' title='bbox 2879 4041 3203 4098; x_wconf 82' lang='lat' dir='ltr'><strong>transﬁxum</strong></span> <span class='ocrx_word' id='word_1_709' title='bbox 3229 4045 3252 4099; x_wconf 72' lang='grc' dir='ltr'>τ</span> <span class='ocrx_word' id='word_1_710' title='bbox 3287 4045 3420 4113; x_wconf 68' lang='lat' dir='ltr'><strong>Quae</strong></span> 
     </span>
    </p>
   </div>
   <div class='ocr_carea' id='block_1_90' title="bbox 1859 4128 3422 4206">
    <p class='ocr_par' dir='ltr' id='par_1_90' title="bbox 1859 4128 3422 4206">
     <span class='ocr_line' id='line_1_90' title="bbox 1859 4128 3422 4206; baseline 0.006 -22"><span class='ocrx_word' id='word_1_711' title='bbox 1859 4128 2026 4184; x_wconf 81' lang='lat' dir='ltr'><strong>facies</strong></span> <span class='ocrx_word' id='word_1_712' title='bbox 2071 4128 2126 4182; x_wconf 93' lang='lat' dir='ltr'><strong>in</strong></span> <span class='ocrx_word' id='word_1_713' title='bbox 2176 4130 2430 4199; x_wconf 85' lang='lat' dir='ltr'><strong>passione</strong></span> <span class='ocrx_word' id='word_1_714' title='bbox 2477 4129 2724 4199; x_wconf 88' lang='lat' dir='ltr'><strong>colaphis</strong></span> <span class='ocrx_word' id='word_1_715' title='bbox 2768 4131 3066 4200; x_wconf 83' lang='lat' dir='ltr'><strong>inﬂigitur?</strong></span> <span class='ocrx_word' id='word_1_716' title='bbox 3119 4143 3175 4188; x_wconf 87' lang='lat' dir='ltr'><strong>et</strong></span> <span class='ocrx_word' id='word_1_717' title='bbox 3201 4152 3324 4206; x_wconf 67' lang='lat' dir='ltr'><strong>quae</strong></span> <span class='ocrx_word' id='word_1_718' title='bbox 3352 4141 3422 4194; x_wconf 89' lang='lat' dir='ltr'><strong>ab</strong></span> 
     </span>
    </p>
   </div>
   <div class='ocr_carea' id='block_1_91' title="bbox 1858 4219 3422 4290">
    <p class='ocr_par' dir='ltr' id='par_1_91' title="bbox 1858 4219 3422 4290">
     <span class='ocr_line' id='line_1_91' title="bbox 1858 4219 3422 4290; baseline 0.005 -15"><span class='ocrx_word' id='word_1_719' title='bbox 1858 4229 2061 4275; x_wconf 76' lang='lat' dir='ltr'><strong>:eterno</strong></span> <span class='ocrx_word' id='word_1_720' title='bbox 2102 4219 2471 4290; x_wconf 65' lang='lat' dir='ltr'><strong>gloriﬁcatur?</strong></span> <span class='ocrx_word' id='word_1_721' title='bbox 2519 4219 2644 4274; x_wconf 65' lang='lat' dir='ltr'><strong>Haec</strong></span> <span class='ocrx_word' id='word_1_722' title='bbox 2673 4221 2820 4274; x_wconf 87' lang='lat' dir='ltr'><strong>enim</strong></span> <span class='ocrx_word' id='word_1_723' title='bbox 2855 4229 2984 4274; x_wconf 90' lang='lat' dir='ltr'><strong>sunt</strong></span> <span class='ocrx_word' id='word_1_724' title='bbox 3008 4223 3176 4289; x_wconf 90' lang='lat' dir='ltr'><strong>clara,</strong></span> <span class='ocrx_word' id='word_1_725' title='bbox 3205 4226 3422 4283; x_wconf 87' lang='lat' dir='ltr'><strong>etiamsi</strong></span> 
     </span>
    </p>
   </div>
   <div class='ocr_carea' id='block_1_92' title="bbox 1859 4310 3425 4385">
    <p class='ocr_par' dir='ltr' id='par_1_92' title="bbox 1859 4310 3425 4385">
     <span class='ocr_line' id='line_1_92' title="bbox 1859 4310 3425 4385; baseline 0.006 -23"><span class='ocrx_word' id='word_1_726' title='bbox 1859 4313 1984 4380; x_wconf 82' lang='lat' dir='ltr'><strong>quis</strong></span> <span class='ocrx_word' id='word_1_727' title='bbox 2031 4325 2283 4365; x_wconf 88' lang='lat' dir='ltr'><strong>sermone</strong></span> <span class='ocrx_word' id='word_1_728' title='bbox 2338 4327 2444 4365; x_wconf 92' lang='lat' dir='ltr'><strong>non</strong></span> <span class='ocrx_word' id='word_1_729' title='bbox 2494 4311 2771 4380; x_wconf 84' lang='lat' dir='ltr'><strong>explicet,</strong></span> <span class='ocrx_word' id='word_1_730' title='bbox 2819 4310 2964 4380; x_wconf 87' lang='lat' dir='ltr'><strong>quod</strong></span> <span class='ocrx_word' id='word_1_731' title='bbox 3002 4314 3171 4385; x_wconf 62' lang='lat' dir='ltr'><strong>plagae</strong></span> <span class='ocrx_word' id='word_1_732' title='bbox 3216 4326 3270 4371; x_wconf 92' lang='lat' dir='ltr'><strong>et</strong></span> <span class='ocrx_word' id='word_1_733' title='bbox 3301 4333 3425 4373; x_wconf 87' lang='lat' dir='ltr'><strong>ver-</strong></span> 
     </span>
    </p>
   </div>
   <div class='ocr_carea' id='block_1_93' title="bbox 1863 4402 3423 4472">
    <p class='ocr_par' dir='ltr' id='par_1_93' title="bbox 1863 4402 3423 4472">
     <span class='ocr_line' id='line_1_93' title="bbox 1863 4402 3423 4472; baseline 0.006 -16"><span class='ocrx_word' id='word_1_734' title='bbox 1863 4404 1989 4458; x_wconf 90' lang='lat' dir='ltr'><strong>bera</strong></span> <span class='ocrx_word' id='word_1_735' title='bbox 2033 4410 2160 4456; x_wconf 92' lang='lat' dir='ltr'><strong>sunt</strong></span> <span class='ocrx_word' id='word_1_736' title='bbox 2193 4402 2356 4466; x_wconf 90' lang='lat' dir='ltr'><strong>servi,</strong></span> <span class='ocrx_word' id='word_1_737' title='bbox 2412 4403 2464 4455; x_wconf 92' lang='lat' dir='ltr'><strong>in</strong></span> <span class='ocrx_word' id='word_1_738' title='bbox 2497 4418 2606 4472; x_wconf 90' lang='lat' dir='ltr'><strong>quo</strong></span> <span class='ocrx_word' id='word_1_739' title='bbox 2647 4402 2946 4470; x_wconf 90' lang='lat' dir='ltr'><strong>Dominus;</strong></span> <span class='ocrx_word' id='word_1_740' title='bbox 2978 4405 3212 4462; x_wconf 89' lang='lat' dir='ltr'><strong>honores</strong></span> <span class='ocrx_word' id='word_1_741' title='bbox 3243 4417 3423 4466; x_wconf 83' lang='lat' dir='ltr'><strong>autem</strong></span> 
     </span>
    </p>
   </div>
   <div class='ocr_carea' id='block_1_94' title="bbox 195 4482 1749 4568">
    <p class='ocr_par' dir='ltr' id='par_1_94' title="bbox 195 4493 1749 4568">
     <span class='ocr_line' id='line_1_94' title="bbox 195 4493 1749 4568; baseline -0.001 -20"><span class='ocrx_word' id='word_1_742' title='bbox 195 4497 489 4568; x_wconf 78' lang='grc' dir='ltr'>ἀμφότερα,</span> <span class='ocrx_word' id='word_1_743' title='bbox 515 4493 611 4548; x_wconf 82' lang='grc' dir='ltr'><strong>τοῦ</strong></span> <span class='ocrx_word' id='word_1_744' title='bbox 636 4494 906 4547; x_wconf 88' lang='grc' dir='ltr'>Δεσπότου</span> <span class='ocrx_word' id='word_1_745' title='bbox 933 4494 1055 4556; x_wconf 83' lang='grc' dir='ltr'>τοὺς</span> <span class='ocrx_word' id='word_1_746' title='bbox 1081 4493 1356 4557; x_wconf 79' lang='grc' dir='ltr'>δουλικοὺς</span> <span class='ocrx_word' id='word_1_747' title='bbox 1382 4493 1651 4564; x_wconf 84' lang='grc' dir='ltr'>μώλωπας</span> <span class='ocrx_word' id='word_1_748' title='bbox 1678 4497 1749 4557; x_wconf 79' lang='grc' dir='ltr'><strong>εἰς</strong></span> 
     </span>
    </p>
   </div>
   <div class='ocr_carea' id='block_1_95' title="bbox 1852 4482 3427 4568">
    <p class='ocr_par' dir='ltr' id='par_1_95' title="bbox 1863 4493 3427 4566">
     <span class='ocr_line' id='line_1_95' title="bbox 1863 4493 3427 4566; baseline 0.004 -20"><span class='ocrx_word' id='word_1_749' title='bbox 1863 4494 2096 4555; x_wconf 88' lang='lat' dir='ltr'><strong>Domini,</strong></span> <span class='ocrx_word' id='word_1_750' title='bbox 2148 4495 2297 4548; x_wconf 90' lang='lat' dir='ltr'><strong>circa</strong></span> <span class='ocrx_word' id='word_1_751' title='bbox 2356 4508 2514 4562; x_wconf 89' lang='lat' dir='ltr'><strong>quem</strong></span> <span class='ocrx_word' id='word_1_752' title='bbox 2565 4508 2806 4548; x_wconf 88' lang='lat' dir='ltr'><strong>servus:</strong></span> <span class='ocrx_word' id='word_1_753' title='bbox 2869 4493 2940 4548; x_wconf 91' lang='lat' dir='ltr'><strong>ita</strong></span> <span class='ocrx_word' id='word_1_754' title='bbox 2993 4503 3050 4548; x_wconf 93' lang='lat' dir='ltr'><strong>ut</strong></span> <span class='ocrx_word' id='word_1_755' title='bbox 3114 4511 3210 4566; x_wconf 91' lang='lat' dir='ltr'><strong>per</strong></span> <span class='ocrx_word' id='word_1_756' title='bbox 3271 4514 3427 4553; x_wconf 91' lang='lat' dir='ltr'><strong>com-</strong></span> 
     </span>
    </p>
   </div>
   <div class='ocr_carea' id='block_1_96' title="bbox 196 4583 1758 4658">
    <p class='ocr_par' dir='ltr' id='par_1_96' title="bbox 196 4583 1758 4658">
     <span class='ocr_line' id='line_1_96' title="bbox 196 4583 1758 4658; baseline -0.001 -18"><span class='ocrx_word' id='word_1_757' title='bbox 196 4589 367 4642; x_wconf 76' lang='grc' dir='ltr'>ἑαυτὸν</span> <span class='ocrx_word' id='word_1_758' title='bbox 398 4585 894 4658; x_wconf 80' lang='grc' dir='ltr'>ἀναλαμϐάνοντος,</span> <span class='ocrx_word' id='word_1_759' title='bbox 922 4585 1019 4638; x_wconf 75' lang='grc' dir='ltr'>καὶ</span> <span class='ocrx_word' id='word_1_760' title='bbox 1043 4583 1136 4637; x_wconf 83' lang='grc' dir='ltr'>τοῦ</span> <span class='ocrx_word' id='word_1_761' title='bbox 1159 4584 1342 4638; x_wconf 85' lang='grc' dir='ltr'>δούλου</span> <span class='ocrx_word' id='word_1_762' title='bbox 1368 4588 1433 4657; x_wconf 78' lang='grc' dir='ltr'>τῇ</span> <span class='ocrx_word' id='word_1_763' title='bbox 1461 4587 1758 4658; x_wconf 85' lang='grc' dir='ltr'>Δεσποτικῇ</span> 
     </span>
    </p>
   </div>
   <div class='ocr_carea' id='block_1_97' title="bbox 194 4676 1762 4749">
    <p class='ocr_par' dir='ltr' id='par_1_97' title="bbox 194 4676 1762 4749">
     <span class='ocr_line' id='line_1_97' title="bbox 194 4676 1762 4749; baseline -0.001 -17"><span class='ocrx_word' id='word_1_764' title='bbox 194 4677 538 4749; x_wconf 76' lang='grc' dir='ltr'>δοξαζομένου</span> <span class='ocrx_word' id='word_1_765' title='bbox 562 4680 732 4749; x_wconf 84' lang='grc' dir='ltr'>τιμῇ·</span> <span class='ocrx_word' id='word_1_766' title='bbox 761 4677 847 4731; x_wconf 83' lang='grc' dir='ltr'>διὰ</span> <span class='ocrx_word' id='word_1_767' title='bbox 880 4676 1035 4730; x_wconf 85' lang='grc' dir='ltr'>τοῦτο</span> <span class='ocrx_word' id='word_1_768' title='bbox 1061 4678 1167 4747; x_wconf 73' lang='grc' dir='ltr'><strong>γὰρ</strong></span> <span class='ocrx_word' id='word_1_769' title='bbox 1185 4677 1280 4730; x_wconf 75' lang='grc' dir='ltr'><strong>καὶ</strong></span> <span class='ocrx_word' id='word_1_770' title='bbox 1308 4676 1399 4730; x_wconf 81' lang='grc' dir='ltr'>τοῦ</span> <span class='ocrx_word' id='word_1_771' title='bbox 1431 4678 1633 4748; x_wconf 84' lang='grc' dir='ltr'>Κυρίου</span> <span class='ocrx_word' id='word_1_772' title='bbox 1663 4678 1762 4748; x_wconf 88' lang='grc' dir='ltr'><strong>τῆς</strong></span> 
     </span>
    </p>
   </div>
   <div class='ocr_carea' id='block_1_98' title="bbox 195 4769 1763 4841">
    <p class='ocr_par' dir='ltr' id='par_1_98' title="bbox 195 4769 1763 4841">
     <span class='ocr_line' id='line_1_98' title="bbox 195 4769 1763 4841; baseline -0.003 -12"><span class='ocrx_word' id='word_1_773' title='bbox 195 4769 338 4841; x_wconf 76' lang='grc' dir='ltr'>δόξης</span> <span class='ocrx_word' id='word_1_774' title='bbox 365 4773 392 4825; x_wconf 90' lang='lat'><strong>6</strong></span> <span class='ocrx_word' id='word_1_775' title='bbox 424 4771 662 4841; x_wconf 82' lang='grc' dir='ltr'>σταυρὸς</span> <span class='ocrx_word' id='word_1_776' title='bbox 691 4770 925 4837; x_wconf 84' lang='grc' dir='ltr'>λέγεται,</span> <span class='ocrx_word' id='word_1_777' title='bbox 957 4769 1050 4821; x_wconf 74' lang='grc' dir='ltr'><strong>καὶ</strong></span> <span class='ocrx_word' id='word_1_778' title='bbox 1081 4771 1228 4822; x_wconf 82' lang='grc' dir='ltr'>πᾶσα</span> <span class='ocrx_word' id='word_1_779' title='bbox 1264 4769 1482 4837; x_wconf 85' lang='grc' dir='ltr'>γλῶσσα</span> <span class='ocrx_word' id='word_1_780' title='bbox 1518 4769 1763 4841; x_wconf 77' lang='grc' dir='ltr'>ἐξομολο-</span> 
     </span>
    </p>
   </div>
   <div class='ocr_carea' id='block_1_99' title="bbox 199 4858 1760 4930">
    <p class='ocr_par' dir='ltr' id='par_1_99' title="bbox 199 4858 1760 4930">
     <span class='ocr_line' id='line_1_99' title="bbox 199 4858 1760 4930; baseline -0.001 -17"><span class='ocrx_word' id='word_1_781' title='bbox 199 4864 381 4925; x_wconf 80' lang='grc' dir='ltr'>γεῖται,</span> <span class='ocrx_word' id='word_1_782' title='bbox 425 4864 512 4916; x_wconf 85' lang='grc' dir='ltr'>ὃτι</span> <span class='ocrx_word' id='word_1_783' title='bbox 546 4860 741 4930; x_wconf 85' lang='grc' dir='ltr'>Κύριος</span> <span class='ocrx_word' id='word_1_784' title='bbox 784 4858 989 4930; x_wconf 79' lang='grc' dir='ltr'>Ἰησοῦς</span> <span class='ocrx_word' id='word_1_785' title='bbox 1033 4859 1267 4929; x_wconf 82' lang='grc' dir='ltr'>Χριστὸς</span> <span class='ocrx_word' id='word_1_786' title='bbox 1315 4860 1393 4922; x_wconf 80' lang='grc' dir='ltr'><strong>εἰς</strong></span> <span class='ocrx_word' id='word_1_787' title='bbox 1435 4859 1591 4924; x_wconf 83' lang='grc' dir='ltr'>δόξαν</span> <span class='ocrx_word' id='word_1_788' title='bbox 1626 4859 1760 4912; x_wconf 82' lang='grc' dir='ltr'>Θεοῦ</span> 
     </span>
    </p>
   </div>
   <div class='ocr_carea' id='block_1_100' title="bbox 200 4952 420 5026">
    <p class='ocr_par' dir='ltr' id='par_1_100' title="bbox 200 4952 420 5026">
     <span class='ocr_line' id='line_1_100' title="bbox 200 4952 420 5026; baseline 0.014 -21"><span class='ocrx_word' id='word_1_789' title='bbox 200 4952 420 5026; x_wconf 85' lang='grc' dir='ltr'>Πατρός.</span> 
     </span>
    </p>
   </div>
   <div class='ocr_carea' id='block_1_101' title="bbox 261 5130 1767 5204">
    <p class='ocr_par' dir='ltr' id='par_1_101' title="bbox 261 5130 1767 5204">
     <span class='ocr_line' id='line_1_101' title="bbox 261 5130 1767 5204; baseline 0.001 -21"><span class='ocrx_word' id='word_1_790' title='bbox 261 5131 323 5183; x_wconf 76' lang='lat' dir='ltr'><strong>El</strong></span> <span class='ocrx_word' id='word_1_791' title='bbox 349 5131 405 5185; x_wconf 77' lang='grc' dir='ltr'>δὲ</span> <span class='ocrx_word' id='word_1_792' title='bbox 431 5131 541 5204; x_wconf 80' lang='grc' dir='ltr'>χρὴ</span> <span class='ocrx_word' id='word_1_793' title='bbox 570 5132 663 5185; x_wconf 77' lang='grc' dir='ltr'><strong>καὶ</strong></span> <span class='ocrx_word' id='word_1_794' title='bbox 691 5130 757 5185; x_wconf 78' lang='grc' dir='ltr'>τὰ</span> <span class='ocrx_word' id='word_1_795' title='bbox 777 5131 940 5186; x_wconf 79' lang='grc' dir='ltr'>λοιπὰ</span> <span class='ocrx_word' id='word_1_796' title='bbox 969 5132 1109 5187; x_wconf 86' lang='grc' dir='ltr'>κατὰ</span> <span class='ocrx_word' id='word_1_797' title='bbox 1131 5133 1222 5186; x_wconf 80' lang='grc' dir='ltr'><strong>τὸν</strong></span> <span class='ocrx_word' id='word_1_798' title='bbox 1242 5133 1404 5187; x_wconf 75' lang='grc' dir='ltr'>αὐτὸν</span> <span class='ocrx_word' id='word_1_799' title='bbox 1423 5131 1614 5184; x_wconf 87' lang='grc' dir='ltr'>διελεῖν</span> <span class='ocrx_word' id='word_1_800' title='bbox 1642 5133 1767 5204; x_wconf 84' lang='grc' dir='ltr'>τρό-</span> 
     </span>
    </p>
   </div>
   <div class='ocr_carea' id='block_1_102' title="bbox 205 5223 1769 5296">
    <p class='ocr_par' dir='ltr' id='par_1_102' title="bbox 205 5223 1769 5296">
     <span class='ocr_line' id='line_1_102' title="bbox 205 5223 1769 5296; baseline 0.003 -22"><span class='ocrx_word' id='word_1_801' title='bbox 205 5239 309 5288; x_wconf 83' lang='grc' dir='ltr'>πον,</span> <span class='ocrx_word' id='word_1_802' title='bbox 349 5223 701 5294; x_wconf 80' lang='grc' dir='ltr'>σκεψώμεθα,</span> <span class='ocrx_word' id='word_1_803' title='bbox 732 5223 783 5277; x_wconf 87' lang='grc' dir='ltr'><strong>τί</strong></span> <span class='ocrx_word' id='word_1_804' title='bbox 814 5224 873 5277; x_wconf 85' lang='grc' dir='ltr'><strong>τὸ</strong></span> <span class='ocrx_word' id='word_1_805' title='bbox 905 5225 1243 5296; x_wconf 84' lang='grc' dir='ltr'>ἀποθνῆσκον</span> <span class='ocrx_word' id='word_1_806' title='bbox 1265 5264 1280 5288; x_wconf 93' lang='grc'><strong>,</strong></span> <span class='ocrx_word' id='word_1_807' title='bbox 1312 5224 1404 5278; x_wconf 81' lang='grc' dir='ltr'><strong>καὶ</strong></span> <span class='ocrx_word' id='word_1_808' title='bbox 1429 5225 1481 5277; x_wconf 89' lang='grc' dir='ltr'><strong>τί</strong></span> <span class='ocrx_word' id='word_1_809' title='bbox 1513 5225 1572 5277; x_wconf 83' lang='grc' dir='ltr'><strong>τὸ</strong></span> <span class='ocrx_word' id='word_1_810' title='bbox 1601 5241 1769 5278; x_wconf 81' lang='grc' dir='ltr'>κατα-</span> 
     </span>
    </p>
   </div>
   <div class='ocr_carea' id='block_1_103' title="bbox 204 5300 1767 5388">
    <p class='ocr_par' dir='ltr' id='par_1_103' title="bbox 204 5313 1767 5388">
     <span class='ocr_line' id='line_1_103' title="bbox 204 5313 1767 5388; baseline 0.003 -23"><span class='ocrx_word' id='word_1_811' title='bbox 204 5313 319 5367; x_wconf 81' lang='grc' dir='ltr'>λύον</span> <span class='ocrx_word' id='word_1_812' title='bbox 343 5317 432 5369; x_wconf 81' lang='grc' dir='ltr'><strong>τὸν</strong></span> <span class='ocrx_word' id='word_1_813' title='bbox 462 5317 724 5371; x_wconf 87' lang='grc' dir='ltr'>θάνατον·</span> <span class='ocrx_word' id='word_1_814' title='bbox 767 5317 818 5369; x_wconf 90' lang='grc' dir='ltr'><strong>τί</strong></span> <span class='ocrx_word' id='word_1_815' title='bbox 852 5315 914 5369; x_wconf 83' lang='grc' dir='ltr'><strong>τὸ</strong></span> <span class='ocrx_word' id='word_1_816' title='bbox 951 5317 1438 5388; x_wconf 83' lang='grc' dir='ltr'>ἀνακαινούμενον·</span> <span class='ocrx_word' id='word_1_817' title='bbox 1481 5318 1574 5370; x_wconf 70' lang='grc' dir='ltr'><strong>καὶ</strong></span> <span class='ocrx_word' id='word_1_818' title='bbox 1614 5319 1667 5370; x_wconf 88' lang='grc' dir='ltr'><strong>τί</strong></span> <span class='ocrx_word' id='word_1_819' title='bbox 1705 5317 1767 5369; x_wconf 82' lang='grc' dir='ltr'>τὸ</span> 
     </span>
    </p>
   </div>
   <div class='ocr_carea' id='block_1_104' title="bbox 207 5405 1766 5480">
    <p class='ocr_par' dir='ltr' id='par_1_104' title="bbox 207 5405 1766 5480">
     <span class='ocr_line' id='line_1_104' title="bbox 207 5405 1766 5480; baseline 0.002 -23"><span class='ocrx_word' id='word_1_820' title='bbox 207 5406 536 5477; x_wconf 80' lang='grc' dir='ltr'>κενούμενον.</span> <span class='ocrx_word' id='word_1_821' title='bbox 565 5405 829 5461; x_wconf 82' lang='grc' dir='ltr'>Κενοῦται</span> <span class='ocrx_word' id='word_1_822' title='bbox 865 5406 960 5477; x_wconf 87' lang='grc' dir='ltr'>μὲν</span> <span class='ocrx_word' id='word_1_823' title='bbox 995 5407 1102 5480; x_wconf 74' lang='grc' dir='ltr'><strong>γάρ</strong></span> <span class='ocrx_word' id='word_1_824' title='bbox 1127 5409 1161 5480; x_wconf 88' lang='grc' dir='ltr'>ἡ</span> <span class='ocrx_word' id='word_1_825' title='bbox 1192 5407 1400 5477; x_wconf 87' lang='grc' dir='ltr'>θεότης,</span> <span class='ocrx_word' id='word_1_826' title='bbox 1434 5409 1518 5462; x_wconf 81' lang='grc' dir='ltr'>ἵνα</span> <span class='ocrx_word' id='word_1_827' title='bbox 1547 5406 1766 5479; x_wconf 85' lang='grc' dir='ltr'>χωρητὴ</span> 
     </span>
    </p>
   </div>
   <div class='ocr_carea' id='block_1_105' title="bbox 206 5495 1767 5570">
    <p class='ocr_par' dir='ltr' id='par_1_105' title="bbox 206 5495 1767 5570">
     <span class='ocr_line' id='line_1_105' title="bbox 206 5495 1767 5570; baseline 0.001 -20"><span class='ocrx_word' id='word_1_828' title='bbox 206 5497 268 5568; x_wconf 77' lang='grc' dir='ltr'>τῇ</span> <span class='ocrx_word' id='word_1_829' title='bbox 291 5497 603 5570; x_wconf 80' lang='grc' dir='ltr'>ἀνθρωπίνῃ</span> <span class='ocrx_word' id='word_1_830' title='bbox 631 5496 789 5565; x_wconf 81' lang='grc' dir='ltr'>φύσει</span> <span class='ocrx_word' id='word_1_831' title='bbox 822 5495 1062 5569; x_wconf 85' lang='grc' dir='ltr'>γένηται·</span> <span class='ocrx_word' id='word_1_832' title='bbox 1095 5497 1474 5552; x_wconf 84' lang='grc' dir='ltr'>ἀνακαινοῦται</span> <span class='ocrx_word' id='word_1_833' title='bbox 1497 5497 1554 5552; x_wconf 77' lang='grc' dir='ltr'>δὲ</span> <span class='ocrx_word' id='word_1_834' title='bbox 1584 5497 1645 5551; x_wconf 83' lang='grc' dir='ltr'><strong>τὸ</strong></span> <span class='ocrx_word' id='word_1_835' title='bbox 1674 5498 1767 5552; x_wconf 82' lang='grc' dir='ltr'><strong>ἁν-</strong></span> 
     </span>
    </p>
   </div>
   <div class='ocr_carea' id='block_1_106' title="bbox 278 5697 770 5773">
    <p class='ocr_par' dir='ltr' id='par_1_106' title="bbox 278 5697 770 5773">
     <span class='ocr_line' id='line_1_106' title="bbox 278 5697 770 5773; baseline 0.004 -21"><span class='ocrx_word' id='word_1_836' title='bbox 278 5700 314 5729; x_wconf 84' lang='grc'><strong>¹⁹</strong></span> <span class='ocrx_word' id='word_1_837' title='bbox 343 5697 578 5773; x_wconf 84' lang='lat' dir='ltr'><strong>Pbilipp.</strong></span> <span class='ocrx_word' id='word_1_838' title='bbox 599 5712 659 5767; x_wconf 83' lang='grc' dir='ltr'><strong>ιι,</strong></span> <span class='ocrx_word' id='word_1_839' title='bbox 686 5697 770 5754; x_wconf 38' lang='lat' dir='ltr'><strong>ﬂ.</strong></span> 
     </span>
    </p>
   </div>
   <div class='ocr_carea' id='block_1_107' title="bbox 1861 4584 3427 4655">
    <p class='ocr_par' dir='ltr' id='par_1_107' title="bbox 1861 4584 3427 4655">
     <span class='ocr_line' id='line_1_107' title="bbox 1861 4584 3427 4655; baseline 0.005 -19"><span class='ocrx_word' id='word_1_840' title='bbox 1861 4601 2046 4655; x_wconf 85' lang='lat' dir='ltr'><strong>pagem</strong></span> <span class='ocrx_word' id='word_1_841' title='bbox 2073 4593 2127 4640; x_wconf 89' lang='lat' dir='ltr'><strong>ct</strong></span> <span class='ocrx_word' id='word_1_842' title='bbox 2149 4600 2344 4638; x_wconf 80' lang='lat' dir='ltr'><strong>nexum</strong></span> <span class='ocrx_word' id='word_1_843' title='bbox 2382 4584 2680 4638; x_wconf 88' lang='lat' dir='ltr'><strong>naturalem</strong></span> <span class='ocrx_word' id='word_1_844' title='bbox 2711 4586 3018 4640; x_wconf 90' lang='lat' dir='ltr'><strong>communia</strong></span> <span class='ocrx_word' id='word_1_845' title='bbox 3053 4585 3184 4641; x_wconf 90' lang='lat' dir='ltr'><strong>ﬁant</strong></span> <span class='ocrx_word' id='word_1_846' title='bbox 3220 4589 3427 4644; x_wconf 87' lang='lat' dir='ltr'><strong>utrius-</strong></span> 
     </span>
    </p>
   </div>
   <div class='ocr_carea' id='block_1_108' title="bbox 1859 4673 3428 4745">
    <p class='ocr_par' dir='ltr' id='par_1_108' title="bbox 1859 4673 3428 4745">
     <span class='ocr_line' id='line_1_108' title="bbox 1859 4673 3428 4745; baseline 0.002 -15"><span class='ocrx_word' id='word_1_847' title='bbox 1859 4689 1964 4745; x_wconf 87' lang='lat' dir='ltr'><strong>que</strong></span> <span class='ocrx_word' id='word_1_848' title='bbox 2000 4683 2250 4744; x_wconf 85' lang='lat' dir='ltr'><strong>utraque,</strong></span> <span class='ocrx_word' id='word_1_849' title='bbox 2270 4673 2502 4728; x_wconf 93' lang='lat' dir='ltr'><strong>Domino</strong></span> <span class='ocrx_word' id='word_1_850' title='bbox 2537 4674 2762 4728; x_wconf 89' lang='lat' dir='ltr'><strong>serviles</strong></span> <span class='ocrx_word' id='word_1_851' title='bbox 2786 4674 2996 4729; x_wconf 85' lang='lat' dir='ltr'><strong>vibices</strong></span> <span class='ocrx_word' id='word_1_852' title='bbox 3023 4686 3354 4740; x_wconf 87' lang='lat' dir='ltr'><strong>assumente,</strong></span> <span class='ocrx_word' id='word_1_853' title='bbox 3374 4686 3428 4733; x_wconf 88' lang='lat' dir='ltr'><strong>et</strong></span> 
     </span>
    </p>
   </div>
   <div class='ocr_carea' id='block_1_109' title="bbox 1860 4763 3426 4833">
    <p class='ocr_par' dir='ltr' id='par_1_109' title="bbox 1860 4763 3426 4833">
     <span class='ocr_line' id='line_1_109' title="bbox 1860 4763 3426 4833; baseline 0.001 -13"><span class='ocrx_word' id='word_1_854' title='bbox 1860 4780 2017 4820; x_wconf 87' lang='lat' dir='ltr'><strong>servo</strong></span> <span class='ocrx_word' id='word_1_855' title='bbox 2042 4764 2325 4819; x_wconf 91' lang='lat' dir='ltr'><strong>Dominico</strong></span> <span class='ocrx_word' id='word_1_856' title='bbox 2364 4766 2569 4819; x_wconf 89' lang='lat' dir='ltr'><strong>honore</strong></span> <span class='ocrx_word' id='word_1_857' title='bbox 2589 4763 2890 4833; x_wconf 87' lang='lat' dir='ltr'><strong>gloriﬁcato</strong></span> <span class='ocrx_word' id='word_1_858' title='bbox 2914 4783 2928 4820; x_wconf 88' lang='lat'>:</span> <span class='ocrx_word' id='word_1_859' title='bbox 2961 4765 3030 4820; x_wconf 91' lang='lat' dir='ltr'><strong>ob</strong></span> <span class='ocrx_word' id='word_1_860' title='bbox 3057 4781 3174 4820; x_wconf 90' lang='lat' dir='ltr'><strong>eam</strong></span> <span class='ocrx_word' id='word_1_861' title='bbox 3207 4782 3426 4822; x_wconf 80' lang='lat' dir='ltr'><strong>causam</strong></span> 
     </span>
    </p>
   </div>
   <div class='ocr_carea' id='block_1_110' title="bbox 1859 4854 3427 4928">
    <p class='ocr_par' dir='ltr' id='par_1_110' title="bbox 1859 4854 3427 4928">
     <span class='ocr_line' id='line_1_110' title="bbox 1859 4854 3427 4928; baseline -0.001 -15"><span class='ocrx_word' id='word_1_862' title='bbox 1859 4858 2004 4913; x_wconf 90' lang='lat' dir='ltr'><strong>enim</strong></span> <span class='ocrx_word' id='word_1_863' title='bbox 2036 4866 2089 4912; x_wconf 92' lang='lat' dir='ltr'><strong>et</strong></span> <span class='ocrx_word' id='word_1_864' title='bbox 2114 4855 2326 4910; x_wconf 92' lang='lat' dir='ltr'><strong>Domini</strong></span> <span class='ocrx_word' id='word_1_865' title='bbox 2345 4855 2529 4926; x_wconf 72' lang='lat' dir='ltr'><strong>gloria:</strong></span> <span class='ocrx_word' id='word_1_866' title='bbox 2559 4870 2692 4910; x_wconf 84' lang='lat' dir='ltr'><strong>crux</strong></span> <span class='ocrx_word' id='word_1_867' title='bbox 2711 4854 2932 4920; x_wconf 89' lang='lat' dir='ltr'><strong>dicitur,</strong></span> <span class='ocrx_word' id='word_1_868' title='bbox 2957 4863 3010 4909; x_wconf 87' lang='lat' dir='ltr'><strong>et</strong></span> <span class='ocrx_word' id='word_1_869' title='bbox 3038 4858 3216 4910; x_wconf 89' lang='lat' dir='ltr'><strong>omnis</strong></span> <span class='ocrx_word' id='word_1_870' title='bbox 3245 4857 3427 4928; x_wconf 78' lang='lat' dir='ltr'><strong>lingua</strong></span> 
     </span>
    </p>
   </div>
   <div class='ocr_carea' id='block_1_111' title="bbox 1862 4945 3427 5019">
    <p class='ocr_par' dir='ltr' id='par_1_111' title="bbox 1862 4945 3427 5019">
     <span class='ocr_line' id='line_1_111' title="bbox 1862 4945 3427 5019; baseline 0.001 -16"><span class='ocrx_word' id='word_1_871' title='bbox 1862 4949 2170 5011; x_wconf 88' lang='lat' dir='ltr'><strong>conﬁtetur,</strong></span> <span class='ocrx_word' id='word_1_872' title='bbox 2219 4950 2344 5018; x_wconf 89' lang='lat' dir='ltr'><strong>quia</strong></span> <span class='ocrx_word' id='word_1_873' title='bbox 2382 4947 2645 5002; x_wconf 89' lang='lat' dir='ltr'><strong>Dominus</strong></span> <span class='ocrx_word' id='word_1_874' title='bbox 2683 4945 2844 5003; x_wconf 83' lang='lat' dir='ltr'><strong>Jesus</strong></span> <span class='ocrx_word' id='word_1_875' title='bbox 2895 4948 3145 5003; x_wconf 84' lang='lat' dir='ltr'><strong>Christus</strong></span> <span class='ocrx_word' id='word_1_876' title='bbox 3173 4948 3226 5002; x_wconf 90' lang='lat' dir='ltr'><strong>in</strong></span> <span class='ocrx_word' id='word_1_877' title='bbox 3257 4949 3427 5019; x_wconf 86' lang='lat' dir='ltr'><strong>gloria</strong></span> 
     </span>
    </p>
   </div>
   <div class='ocr_carea' id='block_1_112' title="bbox 1863 5039 3412 5097">
    <p class='ocr_par' dir='ltr' id='par_1_112' title="bbox 1863 5039 3412 5097">
     <span class='ocr_line' id='line_1_112' title="bbox 1863 5039 3412 5097; baseline 0.001 -1"><span class='ocrx_word' id='word_1_878' title='bbox 1863 5049 1947 5096; x_wconf 88' lang='lat' dir='ltr'><strong>est</strong></span> <span class='ocrx_word' id='word_1_879' title='bbox 1991 5041 2082 5095; x_wconf 89' lang='lat' dir='ltr'><strong>Dei</strong></span> <span class='ocrx_word' id='word_1_880' title='bbox 2123 5039 2302 5095; x_wconf 90' lang='lat' dir='ltr'><strong>Patris</strong></span> <span class='ocrx_word' id='word_1_881' title='bbox 2354 5043 2418 5097; x_wconf 75' lang='grc'><strong>⁸³.</strong></span> <span class='ocrx_word' id='word_1_882' title='bbox 3409 5083 3412 5086; x_wconf 90' lang='grc'><strong>-</strong></span> 
     </span>
    </p>
   </div>
   <div class='ocr_carea' id='block_1_113' title="bbox 1938 5131 3431 5202">
    <p class='ocr_par' dir='ltr' id='par_1_113' title="bbox 1938 5131 3431 5202">
     <span class='ocr_line' id='line_1_113' title="bbox 1938 5131 3431 5202; baseline 0.001 -15"><span class='ocrx_word' id='word_1_883' title='bbox 1938 5133 2095 5199; x_wconf 89' lang='lat' dir='ltr'><strong>Quod</strong></span> <span class='ocrx_word' id='word_1_884' title='bbox 2144 5133 2190 5188; x_wconf 90' lang='lat' dir='ltr'><strong>si</strong></span> <span class='ocrx_word' id='word_1_885' title='bbox 2219 5141 2433 5202; x_wconf 80' lang='lat' dir='ltr'><strong>oportet</strong></span> <span class='ocrx_word' id='word_1_886' title='bbox 2470 5135 2676 5200; x_wconf 86' lang='lat' dir='ltr'><strong>reliqua</strong></span> <span class='ocrx_word' id='word_1_887' title='bbox 2710 5133 2870 5187; x_wconf 88' lang='lat' dir='ltr'><strong>etiam</strong></span> <span class='ocrx_word' id='word_1_888' title='bbox 2903 5133 3092 5187; x_wconf 90' lang='lat' dir='ltr'><strong>eodem</strong></span> <span class='ocrx_word' id='word_1_889' title='bbox 3127 5132 3288 5187; x_wconf 89' lang='lat' dir='ltr'><strong>modo</strong></span> <span class='ocrx_word' id='word_1_890' title='bbox 3318 5131 3431 5188; x_wconf 90' lang='lat' dir='ltr'><strong>dis-</strong></span> 
     </span>
    </p>
   </div>
   <div class='ocr_carea' id='block_1_114' title="bbox 1867 5223 3431 5294">
    <p class='ocr_par' dir='ltr' id='par_1_114' title="bbox 1867 5223 3431 5294">
     <span class='ocr_line' id='line_1_114' title="bbox 1867 5223 3431 5294; baseline 0.001 -16"><span class='ocrx_word' id='word_1_891' title='bbox 1867 5224 2134 5294; x_wconf 87' lang='lat' dir='ltr'><strong>tinguere,</strong></span> <span class='ocrx_word' id='word_1_892' title='bbox 2167 5223 2579 5279; x_wconf 85' lang='lat' dir='ltr'><strong>consideremus</strong></span> <span class='ocrx_word' id='word_1_893' title='bbox 2609 5223 2738 5293; x_wconf 86' lang='lat' dir='ltr'><strong>quid</strong></span> <span class='ocrx_word' id='word_1_894' title='bbox 2766 5224 2910 5292; x_wconf 87' lang='lat' dir='ltr'><strong>quod</strong></span> <span class='ocrx_word' id='word_1_895' title='bbox 2937 5224 3188 5287; x_wconf 86' lang='lat' dir='ltr'><strong>moritur,</strong></span> <span class='ocrx_word' id='word_1_896' title='bbox 3218 5231 3273 5279; x_wconf 88' lang='lat' dir='ltr'><strong>et</strong></span> <span class='ocrx_word' id='word_1_897' title='bbox 3301 5226 3431 5294; x_wconf 89' lang='lat' dir='ltr'><strong>quid</strong></span> 
     </span>
    </p>
   </div>
   <div class='ocr_carea' id='block_1_115' title="bbox 1871 5314 3431 5386">
    <p class='ocr_par' dir='ltr' id='par_1_115' title="bbox 1871 5314 3431 5386">
     <span class='ocr_line' id='line_1_115' title="bbox 1871 5314 3431 5386; baseline 0.002 -18"><span class='ocrx_word' id='word_1_898' title='bbox 1871 5315 2015 5386; x_wconf 91' lang='lat' dir='ltr'><strong>quod</strong></span> <span class='ocrx_word' id='word_1_899' title='bbox 2067 5323 2295 5369; x_wconf 88' lang='lat' dir='ltr'><strong>mortem</strong></span> <span class='ocrx_word' id='word_1_900' title='bbox 2348 5315 2643 5369; x_wconf 88' lang='lat' dir='ltr'><strong>dissolvit:</strong></span> <span class='ocrx_word' id='word_1_901' title='bbox 2690 5315 2821 5384; x_wconf 88' lang='lat' dir='ltr'><strong>quid</strong></span> <span class='ocrx_word' id='word_1_902' title='bbox 2859 5315 3022 5368; x_wconf 84' lang='lat' dir='ltr'><strong>etiam</strong></span> <span class='ocrx_word' id='word_1_903' title='bbox 3060 5314 3112 5370; x_wconf 91' lang='lat' dir='ltr'><strong>id</strong></span> <span class='ocrx_word' id='word_1_904' title='bbox 3165 5317 3307 5385; x_wconf 91' lang='lat' dir='ltr'><strong>quod</strong></span> <span class='ocrx_word' id='word_1_905' title='bbox 3344 5333 3431 5371; x_wconf 83' lang='lat' dir='ltr'><strong>re.-</strong></span> 
     </span>
    </p>
   </div>
   <div class='ocr_carea' id='block_1_116' title="bbox 1871 5405 3431 5476">
    <p class='ocr_par' dir='ltr' id='par_1_116' title="bbox 1871 5405 3431 5476">
     <span class='ocr_line' id='line_1_116' title="bbox 1871 5405 3431 5476; baseline 0.003 -16"><span class='ocrx_word' id='word_1_906' title='bbox 1871 5413 2126 5471; x_wconf 89' lang='lat' dir='ltr'><strong>novatur,</strong></span> <span class='ocrx_word' id='word_1_907' title='bbox 2164 5413 2218 5462; x_wconf 88' lang='lat' dir='ltr'><strong>et</strong></span> <span class='ocrx_word' id='word_1_908' title='bbox 2239 5406 2370 5476; x_wconf 90' lang='lat' dir='ltr'><strong>quid</strong></span> <span class='ocrx_word' id='word_1_909' title='bbox 2398 5407 2546 5476; x_wconf 88' lang='lat' dir='ltr'><strong>quod</strong></span> <span class='ocrx_word' id='word_1_910' title='bbox 2573 5407 2908 5461; x_wconf 80' lang='lat' dir='ltr'><strong>exinanitur.</strong></span> <span class='ocrx_word' id='word_1_911' title='bbox 2945 5405 3267 5461; x_wconf 80' lang='lat' dir='ltr'><strong>Exinanitur</strong></span> <span class='ocrx_word' id='word_1_912' title='bbox 3287 5409 3431 5464; x_wconf 87' lang='lat' dir='ltr'><strong>enim</strong></span> 
     </span>
    </p>
   </div>
   <div class='ocr_carea' id='block_1_117' title="bbox 1870 5495 3434 5566">
    <p class='ocr_par' dir='ltr' id='par_1_117' title="bbox 1870 5495 3434 5566">
     <span class='ocr_line' id='line_1_117' title="bbox 1870 5495 3434 5566; baseline 0.002 -14"><span class='ocrx_word' id='word_1_913' title='bbox 1870 5496 2146 5562; x_wconf 87' lang='lat' dir='ltr'><strong>divinitas,</strong></span> <span class='ocrx_word' id='word_1_914' title='bbox 2187 5505 2246 5549; x_wconf 88' lang='lat' dir='ltr'><strong>ut</strong></span> <span class='ocrx_word' id='word_1_915' title='bbox 2287 5495 2408 5566; x_wconf 90' lang='lat' dir='ltr'><strong>capi</strong></span> <span class='ocrx_word' id='word_1_916' title='bbox 2448 5496 2622 5565; x_wconf 87' lang='lat' dir='ltr'><strong>possit</strong></span> <span class='ocrx_word' id='word_1_917' title='bbox 2663 5496 2716 5550; x_wconf 94' lang='lat' dir='ltr'><strong>in</strong></span> <span class='ocrx_word' id='word_1_918' title='bbox 2773 5495 3012 5552; x_wconf 85' lang='lat' dir='ltr'><strong>humana</strong></span> <span class='ocrx_word' id='word_1_919' title='bbox 3057 5505 3298 5554; x_wconf 87' lang='lat' dir='ltr'><strong>natura:</strong></span> <span class='ocrx_word' id='word_1_920' title='bbox 3347 5513 3434 5555; x_wconf 84' lang='lat' dir='ltr'><strong>re-</strong></span> 
     </span>
    </p>
   </div>
  </div>
