3922 6458
562 248 663 306 707
1806 237 1863 309 ε.
1906 252 2111 311 GREGt

2195 252 2233 306 ll
2267 250 2562 309 NYSSI'LNI
3662 257 3744 313 708

559 382 791 426 novatur
830 382 957 424 vero
1001 360 1147 439 quod
1178 364 1475 425 humanum
1501 362 1607 434 est,
1642 385 1763 425 cum
1799 371 1857 426 ﬁt
1891 372 2108 425 divinun

2201 410 2207 429 .
2241 370 2533 442 θρώπινον,
2575 370 2662 423 διὰ
2692 371 2789 440 τῆς
2821 371 2955 441 πρὸς
2986 370 3048 424 rb
3071 366 3225 423 Θεῖον
3266 370 3601 440 ἀνακράσεως
3640 377 3750 433 θεῖον

561 480 657 535 per
683 462 1132 531 tetnperationem
1161 478 1284 517 cum
1314 462 1625 520 Divinitate.
1660 457 2108 531 Quemadmodun

2234 462 2534 532 γινόμενον.
2594 463 2680 526 Ὠς
2708 462 2817 531 γὰρ
2857 462 2917 515 ού
2948 463 3225 533 κρατεῖται
3264 461 3475 531 πνεῦμα
3518 463 3567 513 ἐν
3612 463 3751 529 ὒδατι,

561 557 710 611 enim
755 570 850 609 aer
904 555 1018 609 sive
1066 555 1298 623 spiritus
1340 554 1395 609 in
1446 570 1588 624 aqua
1643 572 1751 609 non
1796 558 2108 612 continetur

2232 554 2361 607 ὅταν
2407 554 2516 607 τινὶ
2552 554 2660 607 τῶν
2715 552 3031 625 βαρυτέρων
3084 553 3556 621 συγκατασπσισθὲν
3598 558 3755 610 ἐναπο-

564 663 689 701 cum
736 646 922 715 aliquo
964 647 1200 715 graviori
1230 661 1462 713 corpore
1495 648 1790 702 conclusus
1826 657 1880 703 et
1910 659 2113 703 contra

2233 643 2422 714 λειφθῇ
2462 645 2538 716 τῷ
2587 644 2740 715 βάθει
2788 645 2882 697 τοῦ
2932 643 3143 707 ὓδατος.
3180 645 3292 697 ἀλλ’
3334 645 3422 695 ἐπὶ
3454 642 3511 695 rb
3543 646 3756 712 συγγενὲς

562 748 685 793 ctus
737 739 791 792 in
844 753 1002 806 aqua:
1046 736 1418 806 profunditate
1455 738 1679 793 relictus
1718 739 1901 803 fuerit,
1933 742 2025 795 sed
2064 757 2111 794 at

2233 738 2539 809 ἀνατρέχειο
2586 738 2647 791 τὸ
2694 738 2751 791 δὲ
2790 737 2931 807 ὕδωρ
2982 737 3237 798 πολλάκις
3281 739 3347 805 τῇ
3394 736 3647 807 ἀναδρομῇ
3686 741 3756 792 τοῦ

561 839 853 902 cognatum
903 831 1007 885 sibi
1050 830 1285 884 recurrit
1335 831 1686 901 principium.
1743 830 1901 902 Aqua
1949 842 2110 887 auten

2234 830 2545 901 πνεύματος
2576 828 2982 899 συνεπαίρεται,
3011 829 3066 880 ἐν
3095 828 3261 896 λεπτῇ
3293 844 3397 878 τινι
3428 828 3517 878 καὶ
3542 826 3758 896 summa

563 940 705 994 smpe
757 939 879 978 cum
938 939 1163 977 recursu
1211 924 1440 992 spiritus
1496 923 1784 986 attollitur,
1840 925 1893 978 in
1945 924 2109 979 subtil

2230 925 2296 991 τῇ
2332 920 2620 991 ἐπιφανείᾳ
2653 920 2877 991 ἀερώδει
2905 919 3089 989 κύκλῳ
3116 918 3624 988 περικυρτούμενον·
3650 919 3759 971 οὕτω

561 1015 795 1085 quadam
840 1023 893 1069 et
934 1017 987 1067 in
1031 1014 1248 1067 modum
1288 1013 1617 1068 membranae
1662 1015 1810 1069 tenui
1844 1016 2110 1085 superﬁcie

2234 1015 2327 1067 καὶ
2354 1013 2455 1081 τῆς
2480 1012 2741 1083 ἀληθινῆς
2764 1012 2907 1081 ζωῆς
2930 1012 3024 1081 τῆς
3054 1009 3375 1078 ἐγκειμένης
3396 1012 3461 1077 τῇ
3488 1011 3633 1078 σαρκὶ
3655 1012 3762 1079 πρὸς

562 1106 711 1162 aerio
758 1105 965 1159 circulo
1010 1106 1291 1158 incurvata
1332 1122 1343 1157 :
1394 1105 1473 1159 sic
1522 1106 1687 1159 etiam
1738 1104 1869 1160 vera
1916 1108 2026 1161 vita
2076 1108 2111 1161 it

2234 1088 2430 1174 ἑαυτὴν
2477 1105 2614 1173 μετά
2655 1104 2717 1156 rb
2750 1104 2919 1167 πάθος
2962 1100 3416 1171 ἀναδραμούσης·
3466 1101 3555 1152 καὶ
3590 1102 3618 1170 ἡ
3662 1103 3761 1170 περὶ

561 1213 725 1253 carne
774 1197 882 1252 sita
930 1196 997 1251 ad
1050 1196 1284 1265 seipsam
1329 1188 1453 1266 post
1500 1198 1812 1265 passionem
1870 1214 1995 1253 cum
2042 1210 2101 1255 re

2233 1200 2402 1269 αὐτὴν
2448 1198 2585 1270 σὰρξ
2625 1196 2937 1269 συνεπῄρθη
2986 1195 3089 1249 ὑπὸ
3122 1195 3220 1264 τῆς
3265 1194 3448 1262 θεῖκῆς
3494 1192 3760 1258 ἀθανασίας,

561 1289 734 1344 currit
771 1306 783 1341 ι
817 1288 979 1341 etiam
1022 1288 1154 1342 caro
1204 1302 1326 1356 qua
1377 1288 1585 1341 circum
1646 1288 1817 1359 ipsam
1866 1304 1896 1342 a
1948 1289 2110 1343 divin:

2234 1292 2340 1344 ἀπὸ
2362 1292 2459 1361 τῆς
2485 1290 2690 1361 φθορᾶς
2722 1288 3122 1341 συνανωσθεῖσα
3155 1287 3245 1339 ἐπὶ
3284 1285 3346 1339 τὸ
3379 1284 3651 1356 ἄφθαρτον.
3680 1288 3761 1338 Καὶ

561 1378 971 1434 immortalitate
1004 1379 1059 1431 in
1090 1378 1255 1431 altum
1304 1379 1514 1431 sublata
1548 1385 1652 1444 est,
1701 1394 1730 1433 a
1778 1379 2110 1449 corruptiom

2232 1382 2421 1453 ὥσπερ
2451 1383 2511 1435 rb
2546 1383 2603 1435 ὲν
2635 1380 2714 1453 τῷ
2754 1380 2896 1451 ξύλῳ
2934 1379 3046 1450 πῦρ
3082 1379 3233 1442 ἐντὸς
3265 1378 3520 1441 πολλάκις
3550 1379 3637 1448 τῆς
3673 1381 3763 1430 ὲπιο

560 1469 625 1523 ad
657 1470 709 1524 id
738 1469 883 1539 quod
914 1476 998 1524 est
1032 1470 1446 1538 incorruptibile
1471 1478 1693 1524 sursum
1724 1472 2033 1541 compulsa.
2066 1470 2106 1523 E

2233 1474 2458 1549 φανείας
2484 1471 2855 1542 κρυπτόμενον
2874 1511 2889 1537 ,
2929 1469 3179 1545 λανθάνει
3207 1468 3318 1522 τῶν
3364 1468 3601 1537 ὁρώντων
3627 1470 3655 1539 ἢ
3680 1471 3762 1522 τῶν

558 1560 1019 1632 quemadmodum
1072 1561 1126 1616 in
1184 1561 1330 1631 ligno
1385 1561 1529 1632 ignis
1585 1562 1727 1616 intra
1784 1561 2107 1635 superﬁcien

2231 1564 2553 1636 ἁπτομένων
2578 1564 2675 1636 τὴν
2704 1558 2951 1633 αῖσθησιν
2973 1578 2987 1592 θ
3012 1561 3371 1631 ἀναζωπυρού
3380 1577 3533 1630 μενον
3559 1561 3610 1614 δὲ
3635 1579 3762 1630 φανε-

558 1654 814 1711 conditus
833 1662 886 1710 et
919 1654 1153 1723 sOpitus,
1178 1653 1478 1709 videntium
1508 1654 1593 1709 vel
1618 1644 1955 1725 tangentium
1992 1652 2103 1708 l’alli

2234 1657 2420 1730 ροῦται
2441 1673 2455 1687 ’
2485 1654 2657 1719 οὕτως
2691 1654 2785 1709 καὶ
2826 1656 2884 1709 ἐν
2913 1653 2992 1725 τῷ
3034 1650 3248 1722 θανάτῳ
3278 1651 3339 1704 ὃν
3369 1652 3643 1723 πεποίηται
3671 1654 3763 1708 κατ’

559 1760 704 1812 sape
748 1760 1003 1810 sensum;
1050 1745 1349 1800 suscitatus
1396 1751 1579 1800 autem
1635 1750 1901 1814 apparet:
1946 1742 2027 1798 sic
2074 1744 2108 1797 lt

2232 1730 2475 1815 ἐξουσίαν
2500 1751 2527 1802 ὁ
2552 1747 2834 1813 διαζεύξας
2866 1747 2963 1815 τὴν
2991 1740 3167 1816 ψυχὴν
3199 1743 3310 1798 ἀπὸ
3346 1741 3439 1796 τοῦ
3480 1742 3717 1814 σώματος,
3744 1747 3763 1798 6

558 1846 755 1901 morte,
806 1852 970 1907 quam
1003 1834 1131 1891 fecit
1165 1852 1263 1907 pro
1292 1852 1391 1890 sua
1434 1844 1727 1907 potestate.
1762 1837 1855 1905 qui
1892 1836 2107 1889 animan

2232 1842 2400 1898 εἰπὼν
2436 1843 2572 1915 πρὸς
2599 1841 2689 1894 τὸν
2724 1841 2852 1893 ἴδιον
2898 1838 3147 1909 Πατέρα,
3202 1834 3286 1891 ὅτι
3333 1836 3430 1888 Ἐν
3464 1838 3585 1902 ταῖς
3629 1838 3764 1906 χερσί

558 1945 715 1984 suam
755 1944 784 1982 a
833 1943 1063 1997 corpore
1110 1926 1400 1998 disjunxit.
1430 1944 1554 1982 cum
1588 1927 1656 1982 ad
1687 1926 1905 1983 Patrem
1949 1926 2087 1981 dixit

2230 1951 2346 1990 σου
2371 1932 2725 2003 παρατίθημι
2757 1932 2822 1985 τὸ
2855 1930 3087 1999 πνεῦμά
3116 1946 3235 1999 μου
3262 1945 3276 1959 °
3317 1930 3365 1995 6,
3407 1927 3578 1992 καθώς
3616 1946 3762 1998 φησιν,

558 2019 746 2084 Pater,
788 2019 881 2072 tibi
931 2018 986 2071 in
1024 2034 1211 2071 manus
1245 2016 1547 2071 commendo
1577 2019 1821 2087 spiritum
1855 2028 2023 2071 meum
2046 2014 2094 2051 ¹⁰

2230 2028 2475 2094 ἐξουσίαν
2520 2027 2656 2096 ἔχων
2706 2023 2866 2079 πάλιν
2894 2023 3081 2076 λαϐεῖν
3112 2019 3287 2092 αὐτὴν
3321 2062 3336 2087 ,
3368 2015 3517 2084 οὗτος
3552 2023 3577 2074 6
3609 2019 3691 2091 τῆς
3722 2021 3765 2071 ὲν

558 2113 673 2182 qui,
724 2111 865 2165 sicut
904 2108 1061 2173 dixit,
1116 2116 1440 2179 potestatem
1490 2110 1653 2165 habet
1712 2109 1910 2164 iterum
1957 2110 2107 2178 ipsan

2228 2119 2533 2191 ἀνθρώποις
2562 2116 2821 2188 αἰσχύνης
2853 2116 3279 2187 καταφρονήσας
3298 2154 3313 2178 ,
3344 2114 3433 2167 διὰ
3457 2114 3515 2167 τὸ
3542 2108 3661 2166 εἶναι
3690 2112 3764 2179 τῆς

558 2202 805 2259 sumendi
843 2219 856 2253 :
902 2200 993 2254 hic
1045 2199 1371 2255 confusiotie
1415 2217 1539 2271 qua:
1573 2202 1641 2256 ab
1684 2201 1999 2256 hominibus
2046 2214 2105 2255 es

2226 2213 2384 2283 δόξης
2418 2208 2655 2282 Κύριος,
2698 2210 2859 2263 οἱονεὶ
2906 2208 3259 2278 συγκαλύψας
3294 2206 3356 2260 rb
3393 2205 3493 2275 τῆς
3521 2204 3650 2276 ζωῆς
3689 2205 3763 2273 ἑμ-

556 2302 891 2365 contempta,
932 2293 1059 2365 quia
1111 2294 1183 2349 sit
1230 2292 1494 2348 Dominus
1547 2292 1757 2363 gloria).
1802 2291 1966 2347 veluti
2006 2292 2105 2345 vita

2229 2305 2484 2375 πύρευμα
2524 2306 2590 2375 τῇ
2646 2300 2805 2371 φύσει
2842 2299 2935 2354 τοῦ
2990 2298 3243 2369 σώματος
3268 2339 3282 2363 ,
3336 2300 3392 2351 ἐν
3438 2301 3501 2365 τῇ
3536 2295 3661 2349 κατὰ
3698 2296 3765 2346 τὸν

557 2388 615 2444 in
652 2395 845 2441 natura
868 2386 1115 2455 corporis
1145 2392 1401 2440 contecto
1427 2384 1770 2439 suscitabulo
1790 2426 1805 2448 ,
1843 2385 1957 2439 sive
1987 2383 2106 2453 igni

2228 2399 2457 2453 θάνατον
2490 2394 2791 2464 οἰκονομίᾳ,
2823 2393 2985 2447 πάλιν
3013 2391 3185 2462 ἀνῆψε
3213 2408 3275 2444 τε
3309 2378 3403 2443 καὶ
3427 2386 3762 2457 ἀνεζωπύρησε

555 2478 715 2545 culo,
764 2478 819 2532 in
872 2476 1283 2546 dispensatione
1313 2474 1616 2531 secundum
1653 2484 1887 2530 mortem
1930 2490 2095 2530 rursu

2227 2488 2295 2559 τῇ
2346 2486 2571 2557 δυνάμει
2623 2485 2721 2553 τῆς
2779 2484 2913 2547 ἰδίας
2965 2482 3240 2553 θεότητος.
3277 2481 3339 2535 rb
3379 2476 3633 2549 νεκρωθὲν
3665 2479 3764 2529 ἀνα-

557 2572 826 2636 accendit,
863 2582 916 2627 et
951 2570 1238 2627 suscitavit
1266 2570 1507 2641 potentia
1549 2584 1662 2625 sua:
1702 2569 1947 2634 deitatis,
1984 2585 2106 2641 qum

2229 2581 2453 2650 θάλψας,
2490 2580 2582 2632 καὶ
2618 2578 2787 2640 οὔτως
2822 2576 2900 2647 τῷ
2942 2576 3155 2646 ἀπείρῳ
3183 2574 3286 2644 τῆς
3318 2572 3499 2642 θεῖκῆς
3531 2570 3762 2639 δυνάμεως

558 2664 940 2719 innrtiticatum
989 2670 1109 2718 erat
1149 2662 1425 2725 refovens,
1474 2672 1527 2717 et
1571 2662 1741 2717 sicin
1796 2662 1995 2717 divinae
2032 2677 2102 2731 po

2228 2674 2325 2744 τὴν
2370 2674 2627 2743 βραχεῖαν
2676 2668 2891 2739 ἐκείνην
2944 2664 3043 2738 τῆς
3096 2667 3313 2733 φύσεως
3366 2664 3518 2735 ἡμῶν
3557 2661 3763 2733 ἀπαρχὴν

558 2756 737 2810 lentiae
786 2753 1137 2819 inﬁnitatem,
1181 2756 1346 2810 breve
1402 2755 1534 2810 illud
1577 2763 1785 2809 natura:
1833 2765 2036 2810 nostra:
2065 2754 2107 2808 li

2228 2766 2461 2835 ἀναχέας
2481 2783 2494 2795 ο
2524 2766 2660 2833 ὅπερ
2700 2762 2861 2825 αὐτὸς
2892 2756 2981 2832 ἦν,
3014 2759 3169 2812 τοῦτο
3199 2759 3420 2811 κάκεῖνο
3449 2754 3669 2825 ἐποίησε,
3689 2752 3763 2819 τὴν

554 2847 868 2902 hamentum
911 2862 1039 2901 cum
1089 2846 1308 2908 infudit,
1360 2848 1504 2917 quod
1552 2850 1770 2919 quidem
1822 2850 1937 2919 ipse
1987 2852 2103 2905 erat

2227 2856 2481 2927 δουλικὴν
2518 2854 2732 2926 μορφὴν
2772 2853 3007 2922 Κύριον*
3048 2850 3142 2903 καὶ
3177 2850 3268 2902 τὸν
3303 2848 3579 2918 ἄνθρωπον
3611 2844 3686 2897 τὸν
3716 2844 3761 2895 ἐκ

556 2940 660 2995 hoc
706 2951 760 2996 et
812 2940 945 2995 illud
1003 2939 1153 3004 fecit,
1197 2942 1446 2995 servilem
1496 2938 1749 3004 formam,
1792 2940 2080 2996 Dominum

2227 2950 2445 3020 Μαρίας
2484 2946 2746 3019 Χριστόνο
2786 2946 2879 2997 καὶ
2908 2942 2997 2995 τὸν
3028 2939 3411 3011 σταυρωθέντα
3446 2937 3501 3001 ἐξ
3528 2934 3761 2996 ἀσθενείας

551 3042 607 3087 ct
646 3034 919 3087 hominem
966 3049 1031 3087 ex
1077 3032 1245 3086 Maria
1286 3040 1493 3095 natum,
1538 3032 1849 3099 Christum;
1898 3043 1951 3088 et
1998 3050 2095 3089 cru

2231 3041 2374 3113 ζωὴν
2400 3043 2491 3095 καὶ
2531 3040 2791 3109 δύναμιν·
2825 3037 2918 3090 καὶ
2954 3037 3131 3089 πάντα
3164 3036 3266 3087 ὅσα
3308 3036 3364 3085 ὲν
3398 3032 3473 3102 τῷ
3505 3030 3614 3100 Θεῷ
3639 3028 3761 3096 Λόγῳ

2347 3134 2357 3143 ι
2432 3134 2443 3143 ι
2521 3134 2533 3143 ι
2617 3132 2661 3143 an
2752 3131 2777 3143 Α
2925 3132 2947 3143 αι
3193 3128 3204 3143 ι
3257 3128 3270 3143 ο
3390 3127 3415 3139 ⁸ο
3464 3126 3476 3143 Ι
3552 3124 3567 3143 Ἰ
3596 3142 3601 3143 ,
3620 3122 3705 3143 ,Aﬂl,
3725 3138 3760 3143 _-

557 3124 778 3179 cilixum
808 3140 874 3180 ex
904 3124 1299 3188 imbecillitate,
1330 3125 1493 3177 vitam
1522 3132 1575 3179 et
1604 3125 1901 3194 potentiam
1926 3142 1937 3175 :
1961 3134 2106 3195 atque

2230 3134 2371 3189 κατὰ
2398 3134 2457 3186 τὸ
2486 3132 2703 3195 εὐσεϐὲς
2751 3131 3071 3201 θεωρεῖται,
3120 3128 3215 3181 καὶ
3253 3128 3311 3180 ὲν
3348 3127 3425 3196 τῷ
3455 3122 3761 3194 ἀναληφθέντι

550 3218 733 3269 omnia
762 3231 1101 3287 quaecunque
1127 3216 1180 3269 in
1212 3215 1323 3271 Deo
1357 3208 1533 3270 Verbo
1566 3218 1651 3287 pie
1686 3216 2099 3272 considerantur

2227 3225 2378 3297 παρὰ
2419 3224 2513 3277 τοῦ
2565 3223 2741 3291 Λόγου
2776 3222 3023 3290 ποιήσας.
3084 3219 3171 3281 Ὠς
3218 3218 3294 3288 μὴ
3358 3214 3495 3269 κατὰ
3542 3212 3759 3281 διαίρεσιν

550 3308 712 3362 etiam
742 3310 794 3361 in
824 3317 1107 3378 assumpto
1137 3322 1169 3361 a
1201 3306 1383 3362 Verbo
1412 3307 1639 3363 faciens.
1686 3306 1763 3361 Ita
1803 3319 1861 3362 ut
1893 3324 2000 3362 non
2033 3324 2099 3378 pe

2230 3318 2533 3382 ἰδιαζόντως
2560 3318 2642 3384 ἐφ’
2675 3315 2933 3385 ἑκατέρου
2967 3312 3139 3365 ταῦτα
3176 3311 3357 3363 δοκεῖν
3398 3305 3546 3371 εἶναι,
3576 3305 3691 3360 ἀλλά
3710 3306 3758 3371 τῇ

550 3397 874 3451 divisionem
920 3397 1275 3466 peculiariter
1322 3397 1375 3451 in
1412 3404 1641 3465 utroque
1681 3396 1796 3450 haec
1842 3398 2095 3451 videantu

2225 3410 2361 3479 πρὸς
2394 3398 2453 3460 τὸ
2487 3408 2640 3460 Θεῖον
2682 3405 2980 3475 ἀνακράσει
3032 3396 3171 3455 κατὰ
3209 3401 3273 3454 rb
3316 3397 3626 3471 ἐπικρατοῦν
3655 3397 3756 3449 ἀνα-

550 3502 694 3548 esse,
742 3487 836 3541 sed
892 3501 1013 3540 cum
1053 3486 1340 3540 divinitate
1377 3486 1793 3556 temperatione,
1824 3487 2099 3541 secundun

2226 3498 2539 3569 ποιηθεῖσαν
2568 3497 2663 3567 τὴν
2699 3496 2961 3565 ἐπίκηρον
2990 3493 3151 3562 φύσιν
3172 3532 3186 3555 ,
3227 3490 3545 3562 μεταλαϐεῖν
3578 3489 3661 3559 τὴν
3682 3487 3758 3554 τῆς

551 3575 607 3631 id
645 3576 791 3644 quod
848 3577 1246 3646 prmpotentius
1294 3585 1379 3632 est
1446 3585 1691 3632 recreata
1747 3578 2100 3645 corruptibili

2226 3589 2473 3658 θεότητος
2503 3586 2731 3657 δύναμιν
2755 3623 2770 3648 ,
2805 3585 2881 3647 ὡς
2920 3586 2972 3636 εἴ
2995 3601 3079 3646 τις
3109 3584 3255 3651 λέγοι
3275 3623 3290 3645 ,
3325 3583 3407 3635 ὅτι
3447 3582 3539 3651 τὴν
3570 3576 3758 3644 σταγόνα

551 3679 769 3729 natura,
812 3668 1067 3737 potentiae
1118 3666 1341 3723 deitatis
1385 3668 1660 3740 particeps
1704 3669 1848 3723 facta
1900 3670 1991 3732 sit,
2058 3678 2100 3722 ιιι

2223 3678 2318 3733 τοῦ
2346 3678 2499 3743 ὄξους
2528 3678 2890 3749 ὲμμιχθεῖσαν
2919 3675 2996 3744 τῷ
3023 3675 3268 3743 πελάγει,
3303 3672 3616 3739 θάλασσανὴ
3645 3666 3756 3738 μίξις

551 3763 598 3816 si
642 3763 767 3831 quis
802 3762 970 3823 dicat,
1019 3762 1157 3814 aceti
1193 3770 1396 3830 guttam
1437 3771 1588 3815 vasto
1629 3762 1765 3816 mari
1808 3762 2097 3817 immistam

2225 3769 2477 3835 ἐποίωσε,
2510 3768 2588 3839 τῷ
2642 3767 2837 3839 μηκέτι
2874 3767 2973 3833 τὴν
3027 3766 3168 3818 κατὰ
3206 3765 3369 3834 φύσιν
3412 3763 3649 3831 ποιότητα
3685 3754 3756 3809 τοῦ

550 3870 648 3924 per
672 3850 984 3924 huiusmodi
1016 3853 1325 3910 mistionem
1361 3856 1527 3910 maris
1546 3857 2099 3926 qualitatesinduisse

2224 3861 2391 3933 ύγρου
2423 3859 2611 3913 τούτου
2642 3860 2698 3911 ὲν
2731 3861 2797 3929 τῇ
2832 3855 3057 3928 ἀπειρίᾳ
3086 3856 3178 3909 τοῦ
3213 3854 3620 3927 ἐπικρατοῦντος
3650 3865 3755 3915 συμ-

550 3950 677 4017 quia
713 3964 817 4002 non
858 3946 1096 4017 amplius
1132 3946 1431 4001 secundum
1464 3954 1715 4000 naturam
1749 3947 1912 4016 hujus
1945 3948 2094 4017 liquo

2226 3952 2442 4021 μένειν·
2484 3950 2660 4012 οὕτως
2700 3950 2728 4001 6
2759 3949 3026 4019 ἡμέτερος
3063 3947 3217 4015 λόγος
3257 3947 3359 3999 οὐκ
3399 3942 3614 4014 ἀριθμὸν
3650 3940 3755 4008 Χρι-

550 4040 629 4094 ris
662 4040 901 4110 qualitas
930 4040 981 4093 in
1026 4039 1396 4093 immensitate
1421 4038 1773 4108 praepotentis
1804 4039 2095 4093 immancat

2225 4044 2385 4108 στῶν,
2407 4041 2589 4106 καθὼς
2614 4042 2912 4111 κατηγορεῖ
2946 4041 2973 4092 6
3006 4034 3295 4109 Εὖνόμιος,
3330 4038 3461 4091 ἀλλὰ
3492 4036 3664 4088 ἕνωσιν
3682 4028 3753 4082 τοῦ

552 4131 644 4185 Sic
693 4141 879 4185 noster
927 4144 1110 4183 sermo
1155 4145 1264 4183 non
1314 4143 1602 4183 numerum
1647 4126 2011 4191 Christorum,
2064 4145 2094 4181 ιι

2225 4133 2510 4208 ἀνθρώπου
2540 4134 2676 4205 πρὸς
2707 4133 2767 4185 τὸ
2801 4133 2953 4186 Θεῖον
2987 4131 3326 4204 πρεσϐεύων,
3352 4130 3447 4201 τὴν
3483 4127 3570 4181 τοῦ
3597 4121 3753 4194 θνητοῦ

548 4223 869 4275 criminatur
918 4219 1238 4281 Eunomius.
1294 4220 1387 4275 sed
1427 4220 1682 4273 unionem
1722 4220 1960 4275 hominis
1995 4236 2097 4275 cun

2223 4231 2355 4299 πρὸς
2386 4229 2445 4279 τὸ
2473 4228 2759 4289 ἀθάνατον,
2796 4226 2885 4278 καὶ
2919 4225 3016 4295 τὴν
3044 4224 3136 4277 τοῦ
3175 4222 3363 4276 δούλου
3402 4222 3530 4293 πρὸς
3564 4219 3642 4271 τὸν
3664 4213 3751 4267 Κύ-

550 4313 660 4366 Deo
703 4312 997 4374 afﬁrmans,
1040 4312 1288 4367 mortalis
1316 4327 1439 4365 cum
1472 4311 1789 4374 immortali,
1823 4314 1964 4367 servi
1996 4329 2099 4366 cun

2226 4335 2358 4389 ριον,
2384 4319 2478 4371 καὶ
2503 4317 2601 4389 τὴν
2622 4318 2719 4388 τῆς
2744 4316 3015 4388 ἁμαρτίας
3046 4315 3180 4386 πρὸς
3198 4316 3299 4383 τὴν
3320 4311 3661 4380 δικαιοσύνην,
3681 4307 3752 4358 καὶ

549 4401 802 4464 Domino,
858 4402 1067 4469 peccati
1119 4416 1242 4454 cum
1274 4401 1527 4470 justitia;
1567 4402 1965 4457 ersecrationis
1996 4418 2098 4456 cun

2222 4409 2319 4481 τὴν
2385 4410 2484 4479 τῆς
2549 4411 2792 4481 κατάρας
2844 4410 2981 4481 πρὸς
3050 4409 3147 4479 τὴν
3207 4408 3492 4476 εὐλογίαν,
3540 4404 3625 4457 καὶ
3677 4399 3751 4467 τὴν

548 4493 959 4561 benediCtione;
1015 4494 1254 4549 hominis
1298 4508 1423 4548 cum
1457 4493 1680 4549 Christo
1711 4496 2093 4549 transmutatio

2222 4502 2317 4555 τοῦ
2356 4500 2643 4572 ἀνθρώπου
2697 4501 2830 4574 πρὸς
2877 4500 2968 4554 τὸν
3018 4500 3249 4570 Χριστὸν
3299 4496 3749 4569 μεταστοιχείωσιν.

548 4601 696 4649 nem,
750 4586 1019 4639 facturam
1074 4586 1357 4639 nominat.
1390 4586 1525 4651 Quis
1570 4586 1734 4655 igitur
1771 4587 2097 4657 sycophanti:

2226 4594 2444 4663 ποίησιν
2507 4592 2808 4664 ὀνομάζων.
2869 4594 2965 4657 Τίς
3025 4590 3119 4648 οὖν
3166 4592 3246 4647 ἔτι
3286 4596 3395 4657 τοῖς
3442 4590 3748 4659 συκοφάνταις

547 4678 877 4749 relinquitur
902 4679 1118 4733 sermo?
1134 4677 1289 4743 Quod
1317 4693 1418 4733 nos
1440 4679 1577 4733 duos
1601 4678 1849 4736 Christus
1869 4679 2096 4751 dogmati

2222 4686 2572 4740 ὑπολείπεται
2610 4685 2800 4753 λόγος;
2846 4685 2934 4749 Ὠς
2976 4683 3069 4739 δύο
3114 4686 3383 4756 Χριστοὺς
3424 4682 3571 4753 ἡμῶν
3608 4681 3657 4732 ὲν
3691 4672 3749 4743 τῷ

546 4774 739 4823 nostro
782 4767 1142 4837 praedicemus
1187 4786 1200 4822 :
1255 4768 1301 4824 si
1355 4783 1478 4824 eum
1520 4770 1615 4841 qui
1665 4786 1695 4824 a
1744 4772 2010 4841 principio
2048 4773 2095 4826 in

2221 4778 2447 4848 δόγματι
2482 4777 2884 4849 κηρυσσόντων,
2917 4778 2964 4829 εἰ
2998 4777 3087 4828 τὸν
3116 4775 3174 4841 ἐξ
3212 4777 3385 4848 ἀρχῆς
3425 4773 3667 4833 ἀκτίστως
3700 4768 3749 4819 ὲκ

544 4860 857 4914 creabiliter
910 4867 995 4914 est
1044 4859 1097 4912 in
1152 4857 1331 4924 Patre,
1376 4859 1667 4916 Dominum
1713 4870 1767 4917 et
1817 4861 2091 4919 Christum

2221 4867 2315 4921 τοῦ
2342 4868 2553 4939 Πατρὸς
2577 4868 2723 4930 ὄντα,
2752 4867 2954 4937 Κύριον
2983 4869 3077 4920 καὶ
3106 4863 3353 4938 Χριστὸν.
3391 4865 3479 4919 καὶ
3503 4862 3654 4928 Λόγον
3678 4856 3748 4910 καὶ

542 4959 599 5007 et
646 4949 885 5005 Verbum
935 4949 1100 5003 Deum
1153 4949 1356 5004 factum
1403 4968 1524 5008 esse
1564 4968 1845 5023 negamus.
1895 4952 2091 5009 Beatun

2224 4960 2353 5013 Θεὸν
2374 4962 2435 5013 οὐ
2467 4959 2697 5030 λέγομεν
2720 4958 3065 5027 πεποιῆσθαι.
3096 4958 3197 5011 Τὸν
3218 4957 3275 5010 δὲ
3305 4958 3562 5027 μακάριον
3582 4951 3747 5017 Πέτρον
3770 4992 3773 5011 ;

544 5058 675 5098 vero
702 5041 919 5099 Petrum
950 5042 1191 5096 breviter
1219 5043 1520 5098 secundum
1552 5059 1771 5101 carnem
1800 5047 2093 5118 mysteriun

2223 5054 2279 5103 ὲν
2313 5051 2504 5122 βραχεῖ
2535 5052 2595 5103 τὸ
2633 5048 2772 5104 κατά
2808 5050 2907 5120 τὴν
2947 5050 3123 5120 σάρκα
3161 5050 3454 5119 μυστήριον
3486 5036 3745 5113 παρώικῶς

544 5133 721 5191 obiter
753 5134 1220 5192 demonstrantcm
1272 5134 1476 5199 dicere,
1529 5138 1826 5191 secundum
1860 5147 1983 5194 ante
2019 5139 2093 5193 de

2221 5140 2625 5208 ἐνδεικνύμενον
2652 5140 2832 5207 λέγειν
2869 5138 3235 5209 διοριζόμεθα.
3262 5139 3399 5192 κατά
3425 5137 3517 5207 τὴν
3547 5144 3744 5203 προαπο-

545 5236 898 5283 monstratam
936 5226 1373 5296 intelligentiam,
1404 5226 1771 5283 delinivimns.
1804 5228 1940 5295 Quia
1972 5246 2094 5295 qum

2213 5232 2556 5303 δεδειγμένην
2608 5233 2861 5286 διάνοιαν.
2912 5234 3034 5287 "Or:
3072 5232 3132 5286 rb
3173 5230 3478 5303 σταυρωθὲν
3522 5227 3574 5292 ἐξ
3618 5220 3744 5277 ἀσθε·

543 5333 609 5373 ex
648 5319 1024 5374 imbecillitate
1070 5316 1397 5371 cruciﬁxum
1445 5329 1550 5380 est,
1597 5328 1651 5373 et
1681 5320 1857 5390 ipsum
1900 5332 2088 5390 propte

2213 5324 2379 5387 νείας,
2432 5326 2523 5375 καὶ
2562 5323 2689 5375 αὐτὸ
2733 5324 2821 5376 διὰ
2880 5323 2977 5394 τὴν
3033 5324 3470 5393 ἐπικρατήσασαν
3512 5314 3596 5369 τοῦ
3640 5313 3743 5363 ὲνοι⁴

544 5411 925 5481 praevalentem
977 5410 1337 5465 inhabitantis
1387 5412 1683 5479 potentiam
1740 5412 1871 5467 illud
1910 5410 2093 5466 factun

2213 5415 2478 5482 κήσαντος
2509 5412 2734 5483 δύναμιν
2753 5457 2766 5479 ,
2804 5417 2978 5469 ἐκεῖνο
3005 5415 3225 5485 γέγονεν
3249 5416 3380 5484 ὅπερ
3418 5414 3445 5465 6
3486 5404 3729 5473 ἐνοικήσας

544 5512 649 5567 εει,
697 5503 841 5572 quod
891 5504 983 5559 ille
1029 5505 1124 5575 qui
1181 5502 1506 5557 inhabitavit
1537 5512 1621 5557 est
1674 5512 1727 5557 et
1780 5506 2090 5560 nominatur

2211 5504 2323 5557 ἐστί
2350 5520 2409 5555 τε
2435 5503 2529 5556 καὶ
2560 5502 2883 5575 ὀνομάζεται
2903 5546 2918 5573 ,
2958 5506 3191 5577 Χριστὸς
3216 5506 3305 5561 καὶ
3343 5503 3552 5574 Κύριος,
3579 5488 3730 5553 καθὼς

542 5597 798 5653 Christus
838 5604 893 5651 et
936 5596 1221 5658 Dominus,
1272 5596 1414 5651 sicut
1464 5594 1722 5650 diximus.

990 5598 1221 5658 ominus,
1272 5596 1414 5651 sicut
1464 5594 1722 5650 diximus.
2220 5597 2539 5667 εἰρήκαμεν.

618 5712 659 5739 ’τ’
688 5710 819 5767 an.
865 5728 1022 5779 xxnt,
1080 5712 1184 5779 46;
1231 5709 1373 5767 Psal.
1411 5726 1540 5776 xxx,
1576 5712 1629 5765 6.
