3922 6452
556 233 658 285 ’711

1761 229 1819 283 S.
1846 224 2186 283 t‘GRE’GORII
2229 221 2519 281 N'YSSENI

3669 230 3753 285 ττι

563 347 757 414 ὶυδριη,
790 344 1075 399 anathema
1113 344 1196 413 (id
1227 351 1311 399 est
1352 360 1589 407 sacrum,
1621 344 1884 408 devotum,
1917 344 2140 396 detesta-

2248 340 2551 411 πτίσθημεν
2577 337 2762 408 ὖνομα.
2795 336 2868 389 Οὑ
2900 337 3004 408 μὴν
3027 334 3212 405 ἐπειδὴ
3231 334 3456 405 κρείττω
3477 336 3566 406 τῆς
3585 343 3757 413 ἀνθρω.

564 433 774 501 bilem).
795 434 978 504 Neque
1022 437 1172 489 enim
1234 431 1435 488 Paulus
1495 450 1594 503 pro
1642 434 1799 489 nobis
1848 431 2145 487 cruciﬁxus

562 535 647 581 est
669 544 683 591 ;
708 542 883 596 neque
911 527 962 579 in
988 526 1283 580 humanum
1315 541 1510 579 nomen
1552 541 1709 579 sacro
1743 526 1961 577 lavacro
1983 524 2135 576 tincti

564 632 776 672 sumus.
829 616 979 670 llaud
1019 626 1202 671 tamen
1240 619 1501 687 quoniam
1532 616 1639 669 vim
1667 615 1871 669 Christi
1911 616 2143 667 salutem

565 711 799 765 humana
824 720 1017 765 natura
1043 712 1479 781 praestantiorem
1514 725 1636 764 esse
1662 706 2004 769 conﬁtemur,
2030 705 2143 774 jam

566 804 1001 867 adversariorum
1051 803 1245 873 dogma
1289 811 1475 857 contra
1520 802 1800 856 veritatem
1836 798 2137 870 prmvalet:

564 897 647 952 bis
691 898 832 951 enim
874 896 1185 966 pmpositus
1238 904 1321 949 est
1392 909 1614 962 scopus,
1666 898 1995 961 przestruere
2042 904 2141 960 per

539 991 765 1059 ,omnia,
820 988 941 1042 Filii
999 990 1290 1043 essentiam
1334 1001 1363 1039 a
1412 986 1590 1039 Patris
1625 984 1864 1038 essentia
1908 983 2138 1036 alienam

537 1074 687 1134 esse
734 1091 787 1132 et
841 1079 1111 1131 diversam
1166 1093 1179 1127 :
1234 1092 1334 1131 nec
1384 1077 1559 1131 Solum
1598 1073 1764 1143 geniti
1809 1088 1934 1125 cum
1986 1073 2139 1141 inge-

567 1173 684 1226 nilo
742 1170 1069 1235 diﬂ'erentia,
1118 1186 1306 1224 verum
1336 1171 1495 1222 etiam
1536 1166 1775 1236 patibilis
1816 1180 1940 1217 cum
1970 1164 2143 1230 impa-

569 1263 710 1316 tihili
771 1263 1129 1332 oppositione,
1171 1262 1312 1330 quod
1366 1260 1663 1314 secundum
1710 1256 2002 1311 essentiam
2057 1262 2143 1307 est

563 1354 851 1420 dissimile,
911 1353 1291 1406 demonstrare
1323 1351 1524 1404 obnixe
1556 1347 1912 1402 contendunt.

566 1446 819 1499 struitur.

634 1538 751 1591 Non
792 1535 973 1589 minus
999 1544 1163 1589 etiam
1195 1549 1291 1604 per
1318 1548 1381 1588 ea
1416 1546 1535 1603 qua:
1566 1546 1710 1587 nunc
1740 1530 1998 1585 dicuntur
2042 1542 2159 1582 ma-

564 1628 824 1684 nifestum
856 1632 959 1681 est.
982 1623 1119 1678 Nam
1150 1624 1198 1679 si
1221 1639 1316 1679 eos
1359 1624 1451 1693 qui
1485 1628 1693 1676 natura:
1728 1622 1975 1674 humanae
2012 1635 2144 1689 pas-

565 1723 774 1777 sionem
794 1719 1100 1772 attribu‘unt
1118 1728 1369 1771 accusat:
1390 1717 1559 1786 ipsam
1575 1713 2146 1769 omninodivinitatem

566 1813 811 1885 passioui
839 1812 950 1865 vult
971 1810 1266 1879 subjicere.
1292 1810 1431 1863 Cum
1452 1810 1594 1864 enim
1624 1809 1695 1863 sit
1737 1807 1934 1877 duplex
1966 1815 2018 1860 et
2042 1821 2149 1859 am-

566 1902 727 1970 bigua
748 1900 950 1969 opinio,
971 1906 1153 1951 utrum
1187 1897 1443 1951 divinitas
1473 1913 1539 1950 an
1567 1897 1874 1951 humanitas
1892 1910 2147 1965 perpessa

568 1992 735 2047 fuerit
756 2011 769 2045 :
791 1992 983 2044 horum
1008 1989 1172 2042 unius
1191 1989 1493 2052 accusatio,
1520 1989 1640 2057 ejus
1660 1989 1804 2058 quod
1828 1989 2149 2057 relinquitur

494 2118 503 2126 -
567 2085 729 2155 plane
770 2082 827 2136 ﬁt
864 2081 1226 2152 praestructio.
1285 2080 1342 2135 Si
1386 2081 1549 2150 igitur
1580 2096 1675 2135 eos
1709 2081 1801 2150 qui
1836 2081 2146 2150 passionem

570 2178 625 2231 in
658 2176 877 2230 homine
903 2176 1185 2229 intuentur
1216 2180 1498 2238 accusant,
1526 2172 1647 2227 illos
1674 2168 2006 2242 prorsusqui
2024 2168 2147 2223 Filii

571 2266 913 2321 divinitatem
970 2266 1281 2335 passibilem
1337 2264 1562 2327 dicunt,
1616 2263 1932 2318 laudabunt.
1993 2260 2147 2325 Ouod

570 2364 749 2411 autem
781 2364 1064 2419 astruitur,
1094 2354 1452 2426 patrocinium
1485 2354 1835 2409 absurditatis
1875 2353 2147 2423 dogmatis

570 2451 812 2521 ipsorum
844 2448 1092 2504 efﬁcitur.
1132 2448 1190 2503 Si
1230 2450 1373 2502 enim
1402 2447 1558 2516 juxta
1600 2447 1819 2501 illorum
1880 2447 2145 2501 rationem

569 2542 777 2611 patitur
799 2539 921 2595 Filii
950 2540 1239 2607 divinitas;
1284 2539 1465 2592 Patris
1502 2553 1629 2592 vero
1674 2538 1726 2592 in
1758 2539 1908 2593 omni
1943 2539 2147 2609 impas-

570 2635 831 2690 sihilitate
883 2633 1189 2689 secundum
1226 2632 1521 2687 essentiam
1559 2630 1864 2686 custoditur
1895 2649 1908 2685 :
1946 2629 2149 2700 impas-

571 2726 748 2783 sibilis
821 2726 988 2797 igitur
1076 2733 1273 2779 natura
1341 2724 1409 2778 ab
1487 2739 1551 2779 ea
1617 2738 1736 2793 qua:
1806 2722 2147 2792 perpessioni

572 2820 807 2874 obnoxia
862 2825 947 2873 est
1008 2818 1297 2872 alienatur.
1346 2816 1801 2886 Quandoquidem
1847 2814 1952 2869 hoc
2001 2814 2149 2886 quod

570 2911 794 2973 dicitur,
848 2918 1113 2979 quantum
1178 2907 1358 2961 verbis
1415 2906 1911 2968 circumscribitur,
1984 2905 2149 2960 breve

574 3002 793 3074 quidem
824 3010 932 3068 est,
966 3001 1057 3056 sed
1094 3003 1272 3056 omnis
1302 3000 1355 3054 in
1393 3000 1645 3069 dogmate
1683 2999 1972 3069 pravitatis
2000 3000 2149 3069 prin-
2175 3010 2217 3067 (ι

571 3096 715 3166 cipia
741 3104 795 3151 et
822 3095 1154 3165 hypotheses
1188 3094 1429 3163 prrebet:
1466 3094 1674 3161 justum
1712 3091 1877 3147 fuerit
1911 3093 2142 3149 lectores

571 3201 681 3241 non
714 3201 1036 3255 responsum
1067 3185 1348 3239 concisum
1386 3192 1440 3237 et
1491 3183 1676 3245 breve,
1709 3183 1803 3238 sed
1835 3183 1979 3253 quod
2017 3184 2145 3237 vali-

573 3276 701 3329 dum
751 3282 835 3329 est
886 3282 938 3328 et
986 3280 1162 3327 tutum
1219 3274 1519 3342 postulare.
1574 3272 1685 3328 Nos
1755 3274 1919 3343 igitur
1966 3290 2142 3345 neque

572 3362 780 3418 homini
820 3363 1051 3417 salutem
1113 3372 1359 3415 nostram
1407 3362 1789 3423 attribuimus,
1836 3378 2012 3432 neque
2061 3364 2143 3417 in-

570 3454 983 3523 corruptibilem
1041 3462 1094 3508 et
1159 3453 1398 3507 divinam
1465 3463 1717 3507 naturam
1780 3455 2057 3523 patibilem
2089 3463 2142 3509 et

569 3543 979 3612 corruptibilem
1008 3558 1130 3599 esse
1152 3542 1510 3607 admittimus,
1537 3543 1628 3597 sed
1652 3544 1905 3612 quoniam
1940 3543 2141 3600 divinis

570 3634 797 3689 vocibus
867 3634 1092 3688 omnino
1163 3644 1215 3688 et
1279 3634 1653 3688 indubitanter
1704 3643 1919 3705 oportet
1983 3635 2139 3690 [idem

572 3726 791 3788 habere,
857 3740 977 3795 quae
1030 3725 1195 3781 Deum
1277 3724 1515 3780 Verbum
1576 3727 1631 3780 in
1695 3728 1963 3797 principio
2021 3744 2141 3782 esse

571 3818 889 3881 praedicant.
944 3828 1066 3889 post
1115 3833 1243 3873 vero
1273 3817 1509 3872 Verbum
1557 3833 1776 3873 carnem
1834 3818 2031 3874 factum
2085 3820 2139 3873 in

569 3918 716 3964 terra
744 3908 922 3963 visum
956 3924 1078 3964 esse
1117 3918 1171 3963 et
1209 3923 1332 3962 cum
1364 3906 1677 3962 hominibus
1732 3916 2135 3973 conversatum,

568 4004 955 4057 co‘nvcnientes
987 4001 1107 4055 voci
1128 4000 1324 4054 divinae
1343 4000 1594 4054 notiones
1617 4002 1667 4054 in
1692 4000 1794 4055 ﬁde
1817 4002 2135 4071 accipimus.

567 4095 703 4147 Cum
750 4093 893 4147 enim
945 4090 1218 4153 audimus,
1260 4091 1404 4160 quod
1454 4092 1544 4144 lux
1575 4101 1679 4155 est,
1733 4101 1786 4145 et
1836 4091 2031 4155 virtus,
2086 4101 2139 4145 et

563 4183 797 4254 justitia,
831 4190 885 4238 et
909 4184 1038 4247 vita,
1069 4191 1121 4237 et
1145 4184 1367 4247 veritas,
1408 4182 1662 4252 quodque
1712 4182 1893 4236 omnia
1925 4199 2021 4252 per
2054 4184 2137 4253 ip-

567 4291 689 4330 sum
752 4276 892 4328 facta
959 4281 1105 4339 sunt,
1166 4273 1280 4327 haec
1339 4274 1521 4327 omnia
1587 4281 1641 4328 et
1708 4273 1975 4343 ejusmodi
2034 4275 2137 4330 ﬁde

2245 434 2408 502 πίνης
2433 432 2647 499 φύσεως
2667 425 2921 499 εἶναιτὴν
2942 429 3205 499 σωτήριον
3220 427 3312 480 τοῦ
3336 428 3556 499 Χριστοῦ
3575 429 3759 503 δύναμιν

2246 522 2630 593 ὁμολογοῦμεν,
2664 522 2761 592 ἤδη
2797 521 2858 574 τὸ
2882 521 3055 589 δόγμα
3077 521 3185 573 τῶν
3216 520 3542 574 ὑπεναντίων
3570 522 3624 575 τὸ
3650 530 3765 579 κατὰ

2247 615 2345 683 τῆς
2380 613 2636 683 ἀληθείας
2669 610 3011 682 κρατύνεται.
3049 612 3172 673 Τοῖς
3206 613 3301 681 μὲν
3334 610 3440 682 γὰρ
3469 614 3647 677 σκοπός
3673 617 3764 669 ἔστι

2247 706 2333 760 διὰ
2370 707 2585 759 πάντων
2616 703 3023 757 κατασκευάσαι
3057 702 3155 773 τὴν
3198 706 3296 773 τῆς
3337 703 3518 767 ούσίας
3554 704 3639 757 τοῦ
3664 706 3766 760 Υίοῦ

2248 795 2382 865 πρὸς
2413 794 2508 864 τὴν
2542 792 2635 844 τοῦ
2675 791 2887 862 Πατρός
2933 791 3307 862 ἀλλοτρίωσιν,
3345 793 3435 843 καὶ
3464 794 3519 845 οὑ
3556 794 3692 863 μόνον
3716 802 3766 867 τῇ

2245 886 2338 939 τοῦ
2368 883 2631 955 γεννητοῦ
2664 885 2799 954 πρὸς
2833 883 2894 935 τὸ
2924 882 3218 951 ἀγέννητον
3256 882 3529 955 διαστολῇ,
3558 885 3675 938 ἀλλά
3698 891 3770 941 καὶ

2243 980 2309 1047 τῇ
2342 978 2433 1030 τοῦ
2479 975 2722 1047 παθητοῦ
2758 977 2895 1045 πρὸς
2936 975 2997 1028 τὸ
3025 974 3231 1037 ἀπαθὲς
3261 974 3561 1041 ἀντιθέσει,
3590 977 3645 1028 τὸ
3675 982 3768 1030 κατ’

2244 1068 2429 1121 οὐσίαν
2460 1068 2706 1137 ἀνόμοιον
2732 1065 3103 1119 ἀποδεικνύειν
3126 1065 3497 1128 σπουδάζουσι.
3528 1068 3627 1120 Καὶ
3647 1068 3772 1122 τοῦτο

2254 1162 2589 1231 γυμνότερον
2623 1161 2719 1231 μὲν
2753 1162 2811 1213 ὲν
2836 1162 2948 1224 τοῖς
2974 1159 3305 1222 τελευταίοις
3327 1158 3419 1212 τοῦ
3461 1160 3609 1228 λόγου
3636 1178 3773 1214 κατα-

2252 1254 2593 1317 σκευάζεται.

1996 1343 2173 1413 Atque
2253 1342 2355 1396 hoc
2392 1344 2445 1396 in
2490 1341 2787 1412 postremis
2825 1340 3095 1395 sermonis
3143 1340 3392 1409 partibus
3445 1341 3630 1395 nudius
3666 1356 3773 1395 coa-

2332 1520 2571 1590 Φανερὸν
2601 1520 2657 1573 δὲ
2691 1519 2784 1571 καὶ
2817 1519 2902 1572 διά
2932 1518 3039 1571 τῶν
3071 1518 3165 1571 νῦν
3204 1517 3508 1588 λεγομένων
3532 1524 3623 1593 οὑχ
3647 1519 3775 1597 ἧττόν

2246 1616 2426 1667 ἐστιν.
2456 1606 2654 1681 Είγάρ
2688 1611 2924 1662 αἰτιᾶται
2966 1610 3091 1673 τοὺς
3116 1610 3176 1663 τὸ
3214 1611 3387 1674 πάθος
3414 1617 3479 1685 τῇ
3511 1615 3775 1689 ἀνθρωπίνῃ

2250 1703 2408 1772 φύσει
2435 1700 2784 1763 ἀνατιθέντας
2804 1742 2816 1763 ,
2848 1700 3092 1769 βούλεται
3126 1702 3341 1765 πάντως
3366 1705 3529 1776 αὐτὴν
3551 1707 3621 1777 τῷ
3650 1710 3776 1763 πάθει

2250 1795 2553 1863 ὑπαγαγεῖν
2576 1794 2674 1865 τὴν
2698 1793 2957 1864 Θεότητα,
2990 1794 3193 1863 Διπλῆς
3218 1795 3327 1865 γάρ
3354 1795 3516 1868 οὑσης
3541 1801 3625 1852 καί
3645 1802 3777 1871 ἀμφι.

2238 1886 2403 1937 »δόλου
2427 1885 2527 1954 τῆς
2560 1884 2898 1955 ὑπολήψεως,
2930 1884 3037 1937 εἴτε
3068 1885 3128 1937 τὸ
3147 1885 3301 1939 Θεῖον
3326 1889 3435 1940 εἴτε
3464 1890 3521 1942 τὸ
3548 1892 3776 1962 ἀνθρώπι-

2253 1992 2341 2027 νον
2373 1977 2433 2027 ὲν
2478 1974 2638 2028 πάθει
2668 1975 2908 2043 γέγονεν,
2938 1977 2971 2045 ἡ
3013 1973 3106 2027 τοῦ
3142 1976 3259 2040 ἑνὸς
3290 1980 3602 2047 κατηγορία,
3644 1998 3776 2035 κατα.

2252 2066 2419 2137 σκεύὴ
2446 2069 2665 2131 πάντως
2691 2066 2783 2120 τοῦ
2817 2066 3141 2138 λειπομένου
3170 2067 3401 2136 γίνεται.
3433 2070 3496 2122 Et
3524 2071 3683 2123 τοίνυν
3711 2075 3773 2125 ai-

2248 2159 2469 2212 τιῶνται
2500 2158 2624 2221 τοὺς
2644 2158 2705 2210 τὸ
2729 2158 2895 2221 πάθος
2924 2160 3055 2230 περ)⁵
3077 2160 3166 2213 τὸν
3197 2160 3483 2230 ἄνθρωπον
3511 2161 3776 2232 βλέποντας,

2250 2250 2597 2306 ἐπαινέσουσι
2628 2251 2844 2313 πάντως
2867 2252 2993 2313 τοὺς
3025 2252 3243 2323 ἐμπαθῆ
3282 2252 3538 2321 λέγοντας
3564 2255 3648 2308 τοῦ
3677 2256 3777 2309 Tini

2244 2343 2348 2413 τὴν
2388 2342 2636 2412 θεότητα.
2684 2341 2756 2394 Τὸ
2800 2341 2856 2395 δὲ
2904 2343 3477 2415 κατασκευαζόμενον,
3534 2348 3781 2419 συνηγορία

2249 2433 2349 2504 τῆς
2396 2433 2489 2486 τοῦ
2529 2434 2796 2504 δόγματος
2848 2432 3026 2486 αὑτῶν
3069 2435 3299 2498 ἀτοπίας
3344 2436 3569 2501 γίνεται.
3618 2440 3671 2493 Et
3699 2445 3780 2510 γὰρ

2251 2525 2452 2595 πάσχει
2493 2525 2590 2593 μὲν
2626 2524 2766 2577 κατὰ
2793 2523 2883 2576 τὸν
2918 2523 3074 2592 λόγον
3118 2525 3305 2577 αὐτῶν
3342 2527 3433 2579 τοῦ
3468 2528 3588 2580 Υίοῦ
3618 2531 3647 2598 ἡ
3695 2530 3781 2582 θεό-

2250 2633 2347 2687 της
2372 2633 2385 2645 ·
2418 2618 2451 2687 ἡ
2483 2615 2538 2668 δὲ
2567 2614 2660 2667 τοῦ
2695 2614 2908 2686 [ἰατρὸς
2949 2616 3005 2666 ἐν
3040 2614 3279 2686 ἀπαθείᾳ
3324 2617 3473 2690 πάσῃ
3503 2619 3780 2687 φυλάσσεται

2250 2707 2393 2762 κατὰ
2446 2708 2545 2778 τὴν
2592 2706 2783 2759 οὐσίαν
2812 2724 2825 2736 ·
2883 2707 2915 2777 ἡ
2952 2705 3171 2776 ἀπαθὴς
3204 2709 3316 2778 ἄρα
3354 2710 3513 2779 φύσις
3560 2712 3679 2781 πρὸς
3700 2713 3780 2779 τὴν

2250 2800 2699 2871 παραδεχομένην
2734 2799 2795 2851 τὸ
2839 2798 3009 2863 πάθος
3057 2800 3355 2873 ἀλλοτρίως
3409 2804 3540 2875 ἔχει.
3605 2806 3779 2876 Ἐπειδὴ

2249 2892 2429 2945 τοίνυν
2458 2892 2630 2963 βραχὺ
2664 2890 2761 2962 μὲν
2800 2892 2923 2945 ὅσον
2963 2892 3019 2944 ὲν
3052 2895 3116 2964 τῇ
3150 2900 3470 2968 περιγραφῇ
3504 2895 3605 2949 τῶν
3634 2899 3781 2969 ῥημά-

2250 3002 2357 3037 των
2386 2984 2503 3036 ἐστὶ
2532 2984 2590 3036 τὸ
2618 2982 2925 3054 λεγόμενον,
2959 2984 3137 3055 πάσης
3164 2985 3219 3037 δὲ
3249 2986 3352 3056 τῆς
3401 2988 3526 3059 περὶ
3564 2987 3617 3041 τὸ
3643 2988 3781 3059 δόγμα

2251 3077 2449 3137 κακίας
2475 3073 2573 3137 τὰς
2613 3074 2787 3144 ἀρχὰς
2815 3075 2910 3126 καὶ
2950 3074 3049 3137 τάς
3076 3075 3363 3140 ὑποθέσεις
3395 3080 3696 3151 παρέχεται,
3724 3083 3780 3133 δέ.

2251 3183 2404 3220 καιον
2436 3165 2500 3218 ἂν
2526 3165 2610 3235 εἴη
2644 3165 2770 3228 τοὺς
2800 3165 3223 3234 ἐντυγχάνοντας
3259 3168 3335 3239 μὴ
3365 3169 3424 3222 τὸ
3446 3170 3683 3242 σύντομον
3708 3174 3779 3243 τῆς

2251 3258 2609 3328 ἀποκρίσεως,
2650 3254 2785 3308 ἀλλά
2814 3255 2872 3308 τό
2909 3256 3148 3324 ἀσφαλὲς
3176 3260 3452 3312 ἀπαιτεῖν.
3494 3262 3665 3332 Ἡμεῖς
3694 3264 3780 3315 τοί-

2248 3366 2343 3401 νυν
2370 3347 2491 3400 οὑτε
2523 3345 2794 3418 ἀνθρώπῳ
2818 3346 2917 3416 τὴν
2949 3348 3219 3419 σωτηρίαν
3247 3351 3457 3405 ἑαυτῶν
3480 3352 3779 3422 ἀνατίθεμεν,

2249 3438 2370 3490 οὑτε
2404 3437 2500 3509 τὴν
2534 3439 2811 3508 ἀκήρατον
2845 3438 2937 3490 καὶ
2969 3437 3120 3491 θείαν
3147 3440 3311 3508 φύσιν
3343 3444 3559 3514 ἐμπαθῆ
3584 3445 3667 3498 καὶ
3689 3443 3780 3495 ἐπί-

2249 3547 2415 3602 κηρον
2455 3525 2593 3582 εἶναι
2621 3528 3053 3600 καταδεχόμεθαο
3089 3531 3202 3584 ἀλλ’
3252 3535 3442 3605 ἐπειδὴ
3473 3536 3572 3606 χρὴ
3605 3535 3779 3596 πάντως

2249 3624 2522 3677 πιστεύειν
2550 3625 2667 3687 ταῖς
2698 3622 2869 3686 θείαις
2914 3626 3117 3692 φωναῖς
3141 3663 3155 3688 ,
3194 3626 3253 3677 αἳ
3297 3627 3428 3680 Θεὸν
3459 3629 3546 3681 τὸν
3586 3630 3637 3681 ὲν
3664 3629 3775 3697 ἀρχῇ

2247 3718 2379 3770 ὄντα
2409 3717 2578 3784 Λόγον
2612 3715 3009 3787 κηρύσσουσιν*
3048 3717 3184 3787 μετά
3226 3718 3401 3772 ταῦτα
3442 3721 3496 3773 δὲ
3534 3720 3615 3774 τὸν
3640 3722 3777 3789 Λόγον

2251 3811 2428 3880 σάρκα
2458 3808 2745 3879 γενόμενον
2775 3807 2867 3860 ἐπὶ
2908 3807 3009 3878 τῆς
3035 3810 3136 3879 γῆς
3164 3809 3400 3880 ὀφθῆναι
3428 3852 3440 3871 ,
3476 3813 3563 3865 καὶ
3585 3815 3684 3875 τοῖς
3703 3812 3777 3864 άν-

2205 3928 2218 3946 ι
2248 3898 2486 3969 θρώποις
2516 3896 3049 3967 συναναστραφῆναι,
3096 3897 3164 3950 τά
3210 3899 3497 3970 πρόσφορα
3528 3901 3617 3970 τῆς
3657 3898 3777 3960 θείας

2248 3993 2429 4062 φωνῆς
2454 3991 2699 4062 νοήματα
2731 3992 2796 4059 τῇ
2825 3989 3005 4042 πίστει
3045 3989 3341 4060 δεχόμεθα.
3389 3992 3553 4046 Ὅταν
3579 3993 3665 4062 μὲν
3690 3992 3776 4060 γὰρ

2246 4084 2531 4156 ἀκούωμεν
2557 4085 2637 4137 ὅτι
2667 4082 2782 4151 φῶς
2807 4083 2944 4145 ἐστι,
2971 4083 3065 4135 καὶ
3087 4082 3337 4152 δύναμις,
3365 4085 3455 4137 καὶ
3483 4084 3772 4153 δικαιοσύνη,

2246 4179 2338 4231 καὶ
2355 4178 2489 4249 ζωὴ,
2513 4176 2605 4230 καὶ
2626 4173 2869 4246 ἀλήθεια,
2892 4174 2986 4226 καὶ
3007 4174 3089 4226 ὃτι
3113 4175 3291 4229 πάντα
3307 4176 3374 4230 δι’
3393 4176 3551 4230 αὑτοῦ
3574 4174 3773 4244 ἐγένετο·

2247 4271 2422 4325 πάντα
2449 4270 2619 4323 ταῦτα
2655 4271 2748 4322 καὶ
2780 4269 2848 4322 τὰ
2889 4266 3115 4321 τοιαῦτα
3147 4269 3315 4323 πιστά
3368 4270 3651 4340 ποιούμεθα
3671 4310 3683 4332 ,
3710 4270 3773 4330 είς

566 4366 729 4436 digna
751 4375 804 4419 et
830 4374 982 4420 certa
1017 4364 1247 4419 facimus
1270 4365 1337 4419 ad
1363 4364 1597 4419 Verbum
1621 4366 1787 4420 Deum
1812 4366 2132 4423 referentes.

2244 4364 2329 4416 τὸν
2362 4362 2531 4429 Λόγον
2561 4360 2652 4413 τὸν
2693 4360 2825 4414 Θεὸν
2870 4360 3254 4432 ἀναφέροντες.
3296 4363 3465 4416 Ὅταν
3509 4362 3561 4415 δὲ
3605 4362 3769 4430 λύπην,

566 4458 701 4510 Cum
729 4471 858 4510 vero
879 4456 1155 4518 dolorem:
1168 4463 1221 4510 et
1247 4470 1520 4522 somnum,
1544 4464 1599 4508 et
1625 4463 1940 4525 egestatem,
1974 4457 2135 4510 etiam

568 4546 957 4610 turbationem,
985 4553 1038 4600 et
1090 4545 1353 4613 vincula,
1408 4554 1463 4600 et
1524 4546 1729 4607 clavos,
1770 4558 1824 4601 et
1867 4546 2134 4609 lanceam,

562 4647 621 4693 et
654 4638 996 4707 sanguinem,
1053 4644 1107 4691 et
1137 4638 1382 4703 vulnera,
1417 4646 1471 4692 et
1519 4638 1878 4708 sepulturam.
1916 4645 1969 4692 et
2018 4654 2136 4693 mo-

566 4735 919 4791 numentum,
978 4734 1031 4781 et.
1102 4744 1441 4797 quaecunque
1503 4728 1607 4781 alia
1674 4728 1974 4797 ejusmodi,
2033 4730 2135 4783 etsi

564 4823 716 4890 prius
756 4819 1165 4885 demonstratis,
1200 4820 1361 4874 modo
1398 4820 1784 4875 subcontrario
1828 4820 2030 4875 habere
2077 4838 2136 4876 se

563 4912 878 4966 videantur:
905 4911 1260 4967 nihilominus
1292 4919 1347 4967 et
1375 4910 1477 4965 [ide
1497 4911 1658 4981 digna
1690 4921 1863 4977 certa,
1896 4928 2137 4982 veraque

564 5003 912 5068 aﬂirmamus,
935 5004 1001 5057 ad
1032 5018 1252 5057 carnem
1278 5012 1609 5073 spectantes.
1638 5020 1801 5074 quam
1825 5020 1919 5074 per
1952 5005 2131 5067 (idem,

562 5109 686 5147 cum
736 5095 900 5149 verbo
951 5096 1286 5166 accepimus.
1340 5096 1807 5162 Quemadmodum
1855 5113 1961 5151 non
2010 5098 2135 5153 licet

562 5187 745 5240 carnis
778 5188 1142 5256 praprietates
1174 5190 1227 5242 in
1262 5187 1443 5243 Verbo
1473 5188 1618 5257 quod
1644 5197 1760 5242 erat
1780 5189 1833 5243 in
1867 5189 2133 5258 principio

562 5278 953 5348 contemplari:
993 5280 1072 5333 sic
1100 5288 1312 5343 contra,
1349 5296 1526 5350 neque
1556 5295 1616 5334 ea
1652 5297 1773 5351 qua:
1827 5290 1957 5334 sunt
1996 5281 2133 5335 divi-

566 5368 751 5421 uitatis
775 5368 1016 5437 propria,
1046 5369 1097 5422 in
1142 5376 1337 5423 natura
1369 5369 1555 5425 carnis
1579 5368 1660 5425 fas
1692 5378 1776 5424 est
1805 5370 2128 5438 intelligere.

560 5464 922 5528 Quamobrem
973 5481 1099 5519 cum
1139 5464 1207 5519 de
1258 5463 1490 5519 Domino
1537 5464 1783 5519 doctrina
1818 5463 2132 5533 evangelica

561 5554 632 5605 sit
654 5555 835 5619 mista,
867 5563 922 5610 et
950 5571 1033 5609 ex‘
1065 5555 1415 5617 sublimibus,
1457 5554 1674 5624 Deoquc
1709 5553 2128 5623 quadrantibus,

560 5652 724 5713 atque
751 5662 817 5701 ex
856 5647 1155 5705 humilibus
1182 5659 1473 5729 utrumque
1517 5648 1879 5713 intellectum,
1912 5648 2130 5718 utrique

2240 4455 2335 4508 καὶ
2364 4453 2549 4515 ὑπνον,
2583 4452 2681 4504 καὶ
2709 4451 2934 4515 ἔνδειαν,
2962 4454 3053 4505 καὶ
3075 4452 3344 4523 ταραχὴν,
3378 4455 3471 4508 καὶ
3493 4454 3667 4523 δεσμά,
3696 4451 3771 4504 καὶ

2239 4546 2419 4615 ἥλους,
2457 4545 2547 4596 καὶ
2571 4543 2791 4612 λόγχην,
2825 4545 2921 4596 καὶ
2954 4538 3113 4613 αἷμα,
3145 4545 3238 4596 καὶ
3262 4544 3566 4614 τραύματα,
3592 4542 3672 4596 καὶ
3691 4558 3769 4594 τα-

2240 4637 2364 4707 φὴν,
2394 4635 2486 4689 καὶ
2508 4638 2790 4705 μνημεῖον,
2813 4636 2907 4688 καί⁹
2922 4636 3021 4689 ὅσα
3047 4635 3181 4689 ἄλλα
3206 4636 3449 4703 τοιαῦτα,
3472 4636 3568 4689 κᾶν
3586 4636 3770 4687 ὑπεναν·

2238 4728 2365 4791 τίως
2410 4727 2509 4800 ἔχῃ
2539 4730 2646 4791 τοῖς
2690 4727 3208 4798 προαποδεδομένοις
3229 4770 3243 4791 ,
3272 4730 3427 4782 οὐδὲν
3457 4724 3606 4800 ἦττον
3634 4724 3768 4780 πιστά

2237 4838 2295 4874 τε
2341 4822 2434 4875 καὶ
2463 4820 2634 4892 ἀληθῆ
2675 4816 2811 4875 εἶναι
2854 4820 3121 4891 δεχόμεθα
3143 4860 3158 4884 ,
3202 4822 3337 4891 πρὸς
3364 4823 3463 4894 τὴν
3492 4822 3652 4893 σάρκα
3674 4817 3789 4895 βλέέ

2238 4931 2448 4977 ποντες,
2481 4915 2546 4984 ἣν
2574 4916 2639 4985 τῇ
2675 4913 2853 4966 πίστει
2888 4913 3025 4982 μετά
3055 4912 3147 4966 τοῦ
3177 4914 3337 4982 λόγου
3373 4908 3793 4985 παρεδεξάμεθσ.γ

2245 5004 2336 5068 Ὠς
2356 5006 2457 5057 οὑκ
2480 5004 2595 5057 ἔστι
2622 5006 2688 5058 τὰ
2712 5005 2811 5072 τῆς
2838 5004 3037 5074 σαρκὸς
3070 5003 3333 5075 ἰδιώματα
3351 5005 3429 5077 τῷ
3444 5008 3499 5058 ἐν
3523 5006 3649 5075 ἀρχῇ
3672 5000 3765 5052 ὄντι
3801 5010 3807 5019 ·

2237 5096 2675 5167 ἐπιθεωρηθῆναι
2718 5096 2875 5165 Λόγῳ
2899 5111 2911 5125 °
2943 5094 3113 5158 οὑτως
3152 5092 3215 5150 αὖ
3248 5098 3412 5151 πάλιν
3435 5095 3553 5150 οὐδὲ
3593 5093 3652 5146 τά
3688 5090 3765 5159 τῆς

2238 5188 2487 5257 θεότητος
2524 5186 2627 5241 ἴδια
2665 5190 2722 5239 ὲν
2772 5190 2838 5258 τῇ
2870 5187 2969 5256 τῆς
3003 5188 3204 5258 σαρκὸς
3248 5189 3410 5258 φύσει
3456 5184 3760 5253 κατανοῆσαι.

2236 5278 2325 5333 Διὸ
2368 5278 2717 5349 μεμιγμένης
2752 5279 2853 5347 τῆς
2898 5279 3256 5350 εὑαγγελικῆς
3292 5280 3418 5349 περὶ
3456 5277 3545 5331 τοῦ
3591 5274 3760 5345 Κυρίου

2235 5366 2578 5429 διδασκαλίας
2615 5367 2703 5420 διά
2732 5385 2790 5419 τε
2842 5370 2950 5421 τῶν
2995 5368 3215 5440 ὑψηλῶν
3252 5386 3308 5421 τε
3354 5370 3447 5421 καὶ
3487 5362 3761 5436 θεοπρεπῶν

2236 5461 2328 5512 καὶ
2358 5459 2445 5512 διά
2467 5459 2573 5512 τῶν
2613 5461 2901 5525 ταπεινῶν,
2941 5462 3199 5533 ἑκάτερον
3224 5461 3331 5514 τῶν
3360 5460 3630 5531 νοημάτων
3659 5458 3760 5508 ἑκα-

2234 5553 2375 5624 τέρῳ
2413 5551 2520 5605 τῶν
2570 5554 2627 5607 ἐν
2672 5553 2749 5625 τῷ
2793 5555 3079 5626 μυστηρίῳ
3122 5555 3422 5626 νοουμένων
3456 5550 3759 5619 καταλλήλως

2236 5645 2565 5717 ἁρμόζομεν,
2600 5646 2660 5700 τὸ
2686 5646 2783 5719 μὲν
2810 5647 3148 5720 ἀνθρώπινον
3178 5648 3254 5721 τῷ
3281 5647 3594 5719 ἀνθρωπίνῳ
3610 5686 3622 5710 ,
3645 5641 3696 5694 τὸ
3713 5638 3757 5691 δὲ
