3922 6454
137 314 216 373 τη
1203 307 1482 364 CONTRA
1525 307 1912 373 EUNOMIUM,
1953 308 2080 365 LIB.
2125 310 2210 366 Vl.
3223 319 3328 381 7η

136 427 304 498 ύζηλόν
328 428 387 496 τῇ
418 424 646 495 θεότητι,
683 424 776 479 καί
803 437 980 496 φαμεν
1009 420 1090 474 ὅτι
1124 424 1258 477 καθὸ
1289 425 1420 490 Θεὸς
1449 428 1478 480 ὁ
1509 426 1656 490 Υιὺς,

1777 441 1948 481 torum
2002 442 2121 497 qua:
2181 429 2236 482 in
2299 430 2558 500 mysterio
2614 431 3026 503 intelliguntur,
3080 433 3217 489 inter
3264 455 3326 494 se

134 518 314 588 ἀπαθὴς
349 516 553 578 πάντως
599 517 716 570 ἐστὶ
749 517 838 569 καὶ
865 511 1162 584 ἀκήρατος.
1207 515 1272 568 Ei
1315 515 1373 569 δέ
1402 534 1455 569 τι
1489 517 1659 580 πάθος

1772 519 2256 582 accommodamus,
2312 529 2364 574 et
2415 519 2562 590 quod
2615 518 2910 578 humanum
2971 524 3321 592 humanitati,

134 616 179 666 ἐν
195 611 260 681 τῷ
279 608 575 679 Εὐαγγελίῳ
607 604 731 674 περὶ
761 603 925 657 αὑτοῦ
948 604 1179 673 λέγοιτο,
1214 607 1302 661 διὰ
1329 609 1421 662 τού
1456 609 1660 682 ἀνθρω·

1772 609 2012 680 ιυοάίιιιε
2063 611 2341 664 excelsum
2394 618 2478 666 est
2529 611 2834 679 divinitati;
2889 621 2945 669 et
2998 617 3321 683 asscrimus,

136 699 261 753 πίνου
303 696 511 759 πάντως
539 689 628 742 τοῦ
662 691 955 762 δεχομένου
997 693 1060 746 τὸ
1106 695 1278 760 πάθος
1325 698 1388 750 τὸ
1415 699 1658 752 τοιοῦτον

1773 699 1903 770 ιιιοό
1927 707 2198 769 quatenus
2235 703 2373 755 Deus
2393 709 2478 756 est
2509 699 2704 766 Filius,
2742 703 3062 773 impatibilis
3091 722 3322 774 prorsus

131 791 401 860 ἐνήργησεν.
452 781 688 852 Ἐνεργεῖ
729 784 838 854 γὰρ
887 782 964 847 ὡς
1000 785 1218 857 ἀληθῶς
1261 792 1294 861 ἡ
1348 790 1537 860 θεότης
1569 791 1656 846 διὰ

1774 798 1842 846 est
1871 799 1926 844 et
1957 791 2409 862 incorruptibilis.
2439 792 2596 860 Quod
2651 795 2696 849 si
2749 796 2802 849 in
2859 795 3152 866 Evangelia
3200 812 3323 866 per-

131 881 204 936 τοῦ
233 881 341 952 περὶ
385 875 552 947 αὐτὴν
587 876 840 946 σώματος
889 880 1200 952 σωτηρίαν,
1248 877 1392 937 εἶναι
1421 884 1522 954 τῆς
1557 885 1658 956 μὲν

1769 883 1940 953 pessio
1966 892 2020 938 et
2048 883 2262 940 aﬂ’ectio
2291 885 2471 956 aliqua
2500 887 2744 953 dicatur,
2776 902 2873 956 per
2901 889 3318 950 humanitatem.

314 969 369 1022 τὸ
397 966 588 1032 πάθος,
615 965 708 1020 τοῦ
740 969 795 1022 δὲ
820 968 955 1024 Θεοῦ
975 971 1072 1042 τὴν
1100 972 1401 1044 ἐνέργειαν,
1434 975 1538 1029 κᾶν
1565 977 1656 1030 τὸν

1776 991 1878 1045 [uae
1905 976 2067 1031 talem
2103 976 2354 1031 alTectum
2403 979 2667 1049 suscepit,
2705 989 2963 1049 Operatus
3014 989 3118 1036 est.
3175 980 3325 1035 Divi-

138 1063 408 1121 ’Δπὸστολον
432 1060 512 1123 είς
537 1061 863 1134 συνηγορίαν
894 1064 1040 1127 τινὲς
1072 1065 1165 1118 τοῦ
1193 1067 1436 1120 ἐναντίου
1460 1069 1656 1123 καθέλ-

1781 1067 1902 1122 nitas
1947 1067 2091 1122 enim
2139 1082 2236 1138 per
2277 1084 2479 1140 corpus
2519 1079 2882 1139 assumptum,
2925 1073 3153 1126 salutem
3201 1087 3330 1129 vere

129 1156 529 1221 κωσιδόγματος.
572 1153 801 1222 λέγοντα
832 1193 847 1217 ,
883 1155 965 1209 ὅτι
1009 1156 1119 1211 Τοῦ
1161 1158 1313 1212 ἰδίου
1367 1159 1504 1214 Υἱοῦ
1541 1165 1655 1218 οὐκ

1778 1167 2033 1228 iperatur,
2068 1161 2250 1216 carnis
2282 1161 2501 1231 quidem
2533 1163 2842 1232 passionem
2884 1176 3026 1227 esse,
3071 1161 3161 1217 Dei
3198 1178 3327 1219 vero

126 1250 356 1320 ἐρείσατο
373 1261 386 1275 ·
417 1245 532 1306 καὶ,
572 1245 627 1295 '0
652 1244 796 1311 Θεὸς
823 1246 930 1300 τὸν
957 1247 1173 1302 ἑαυτοῦ
1203 1250 1337 1304 Υἱὸν
1365 1251 1654 1322 ἔπεμψεν,

1778 1253 2124 1320 ιρετιιιὶοηειιι
2147 1295 2161 1316 ,
2201 1254 2415 1310 tametsi
2455 1254 2676 1325 quidam
2710 1256 3030 1324 Apostolum
3063 1259 3327 1312 contrarii

128 1344 194 1394 καὶ
212 1337 300 1387 ὅσα
331 1333 556 1387 τοιαῦτα
588 1333 724 1404 πρὸς
749 1333 847 1404 τὴν
877 1334 1028 1390 θείαν
1056 1336 1218 1406 φύσιν
1246 1340 1303 1394 ἐν
1333 1343 1398 1412 τῇ
1424 1341 1518 1394 τοῦ
1550 1341 1655 1396 πά-

1779 1345 2023 1415 logmatis
2079 1353 2366 1415 patronum
2412 1361 2477 1401 ac
2527 1345 2872 1401 defensorem
2913 1349 3197 1402 attrahunt
3245 1349 3328 1403 di-

129 1433 218 1489 0w;
239 1425 524 1496 οἰκονομίᾳ,
554 1426 649 1478 καὶ
675 1425 796 1496 οὐχὶ
828 1428 965 1498 πρὸς
991 1428 1052 1481 τὸ
1075 1429 1410 1501 ἀνθρώπινον
1437 1432 1655 1502 βλέπειν

1776 1443 2000 1500 nantem,
2056 1437 2199 1506 quod
2249 1439 2458 1506 proprio
2515 1437 2658 1493 Filio
2712 1456 2816 1494 non
2869 1443 3180 1508 pepercit‘,
3235 1453 3325 1509 et,

122 1521 251 1572 δοκεῖ·
272 1517 412 1571 οὐδὲν
447 1514 614 1590 ἧττον
644 1516 752 1570 τῶν
801 1519 969 1588 ὑγιῶν
995 1521 1279 1592 δογμάτων
1311 1523 1412 1578 οὐκ
1458 1524 1655 1593 ἀφεξό-

1776 1524 1895 1580 Deus
1923 1543 2078 1580 suum
2108 1526 2307 1580 Filium
2337 1528 2480 1582 misit
2502 1529 2544 1592 ¹,
2581 1545 2808 1600 quaeque
2841 1539 2969 1585 sunt
2992 1531 3325 1602 huiusmodi,

125 1612 246 1682 μεθα,
273 1609 426 1663 αύτοῦ
467 1610 566 1664 τοῦ
593 1612 809 1664 Παύλου
841 1613 1175 1682 γυμνότερον
1206 1615 1266 1668 τὸ
1300 1616 1429 1687 περὶ
1453 1617 1644 1671 τούτου

1775 1630 1876 1684 Iun:
1919 1614 2160 1669 divinam
2215 1625 2465 1671 naturam
2494 1619 2547 1671 in
2585 1621 2858 1688 passionis
2896 1621 3324 1691 dispensatione,

126 1703 464 1774 σαφηνίσαντος
515 1707 653 1776 ἡμῖν
699 1705 1016 1775 μυστήριον.
1072 1707 1352 1777 Πανταχοῦ
1413 1710 1522 1781 γὰρ
1575 1709 1654 1782 τῷ

1776 1723 1864 1760 Ion
1893 1722 2020 1761 vero
2058 1706 2446 1764 humanitatem
2501 1720 2748 1779 spectare
2784 1711 3078 1767 videntur:
3121 1714 3325 1768 nihilo-

123 1795 396 1865 ἀνθρωπίνῳ
427 1795 587 1867 μέρει
619 1794 714 1848 τοῦ
749 1796 982 1866 Χριστοῦ
1011 1797 1110 1867 τὴν
1144 1798 1236 1851 τοῦ
1268 1800 1470 1864 πάθους
1506 1803 1653 1854 οίκο-

1781 1797 1936 1853 ninus
1967 1813 1996 1850 a
2019 1799 2194 1853 sacris
2229 1800 2466 1854 decretis
2505 1815 2611 1854 non
2636 1802 2973 1868 recedemus,
3015 1802 3134 1872 ipso
3158 1803 3330 1858 Paulo

123 1886 273 1956 νομίαν
315 1888 762 1958 προσμαρτυρεῖ,
796 1886 999 1955 λέγων·
1045 1889 1276 1956 Ἐπειδὴ
1310 1890 1420 1959 γὰρ
1447 1891 1520 1944 δι’
1553 1894 1656 1947 ἀν-

1777 1885 1958 1940 ιιιάἰιιε
2005 1885 2072 1940 de
2107 1885 2210 1940 hoc
2250 1887 2567 1956 mysterium
2622 1889 2780 1943 nobis
2812 1890 3154 1958 explanante.
3193 1890 3326 1945 Ubi-

123 1978 310 2046 Opdmov
338 1981 370 2032 ὀ
399 1977 660 2042 θάνατος
680 2017 694 2038 ,
725 1977 824 2030 καί
855 1977 928 2030 δι’
978 1978 1291 2048 ἀνθρώπου
1319 1983 1656 2051 ἀνάστασις

1781 1989 1862 2044 [ue
1889 1975 2032 2029 enim
2058 1974 2264 2030 Christi
2292 1976 2431 2044 parti
2464 1976 2721 2032 humanae
2753 1980 3026 2048 passionis
3053 1980 3330 2050 dispensa-

125 2069 336 2136 νεκρῶν·
370 2071 497 2134 καὶ,
559 2068 624 2121 '0
670 2069 810 2134 Θεὸς
844 2067 1060 2124 ἑαυτοῦ
1112 2072 1248 2125 Υίὸν
1274 2071 1514 2142 πέμψας
1537 2115 1552 2139 ,
1587 2076 1656 2128 ἐν

1778 2064 1954 2118 ionem
1993 2065 2259 2133 assignat,
2291 2081 2415 2117 cum
2443 2064 2611 2119 dicit:
2642 2065 2908 2131 Quoniam
2937 2083 3026 2127 per
3064 2069 3326 2122 hominem

123 2160 385 2230 ὁμοιώματι
413 2159 650 2227 σαρκὸς
670 2159 977 2227 ἁμαρτίας,
998 2162 1306 2229 κατέκρινε
1335 2163 1449 2232 τὴν
1469 2165 1654 2234 ἁμαρ-

1775 2167 1929 2212 nors.
1976 2161 2024 2204 et
2074 2167 2165 2220 per
2221 2151 2481 2205 hominem
2542 2155 2853 2208 resurrectio
2917 2165 3244 2211 mortuorum
3283 2158 3324 2212 ⁸.

125 2253 225 2304 τίαν
249 2253 308 2304 ἐν
329 2249 400 2319 τῇ
429 2250 623 2318 σαρκί
642 2268 655 2280 ο
689 2251 759 2302 ἐν
783 2249 858 2319 τῇ
879 2252 1060 2319 σαρκὶ
1088 2253 1196 2325 γάρ
1220 2271 1404 2324 φησιν,
1435 2258 1535 2310 οὐκ
1585 2261 1610 2313 ἐ
1627 2274 1654 2310 ν

1780 2240 1822 2294 Et
1851 2259 1865 2296 :
1899 2241 2038 2295 Deus
2090 2258 2244 2295 suum
2276 2240 2477 2296 Filium
2530 2260 2649 2297 cum
2703 2245 2866 2309 misit,
2895 2245 2951 2298 in
2985 2247 3329 2300 similitudine

124 2346 170 2413 τῇ
197 2342 410 2408 θεότητι·
450 2342 574 2403 καὶ,
624 2342 1001 2412 Ἐσταιιρώθη
1033 2343 1103 2408 ἐξ
1155 2346 1488 2413 ἀσθενείας·
1545 2350 1644 2419 τὴν

1785 2334 1930 2387 arnis
1943 2335 2160 2403 peccati,
2177 2334 2229 2386 in
2247 2350 2404 2388 carne
2422 2344 2689 2404 peccatum
2704 2336 3061 2391 condemnavit
3075 2349 3090 2388 :
3105 2338 3159 2391 in
3174 2355 3330 2395 carne

127 2435 264 2503 σάρκα
294 2433 375 2486 διὰ
414 2433 522 2502 τῆς
552 2431 835 2496 ἀσθενείας
879 2434 1179 2503 σημαίνων’
1217 2428 1284 2502 τῇ
1303 2435 1370 2489 δὲ
1389 2437 1456 2490 ἐκ
1476 2435 1659 2492 δυνά-

1782 2424 1983 2496 nquit‘,
2010 2440 2119 2480 non
2137 2426 2190 2478 in
2215 2424 2915 2496 divinitate;et:Cruciﬁxus
2929 2439 3003 2483 est
3023 2444 3088 2483 ea:
3101 2428 3331 2499 inﬁrmi-

121 2540 254 2590 μεως,
281 2521 503 2576 τὶ,Θείον
536 2523 623 2575 διὰ
651 2523 747 2594 τῆς
777 2523 1058 2593 δυνάμεως
1087 2523 1512 2596 ἐνδεικνύμενος·
1540 2529 1651 2591 καὶ,

1782 2528 1883 2584 ate,
1899 2533 2116 2572 carnem
2131 2532 2226 2586 per
2242 2516 2608 2571 inﬁrmitatem
2627 2518 2942 2587 signiﬁcans
2974 2533 2989 2571 :
3018 2521 3138 2576 vivit
3154 2532 3331 2577 autem

133 2613 359 2667 Ἀπέθανε
384 2613 458 2683 τῇ
487 2614 771 2683 ἁμαρτίᾳ,
805 2613 948 2668 τοῦτ’
983 2613 1128 2668 ἐστιν
1174 2615 1254 2687 τῷ
1294 2615 1541 2687 σώματι,
1587 2615 1655 2686 ζῇ

1778 2623 1818 2662 ’τε
1846 2609 2087 2673 uirtute“,
2126 2607 2463 2662 divinitatem
2497 2623 2593 2677 per
2622 2609 2876 2664 virtutem
2905 2611 3288 2669 demonstrans
3312 2628 3327 2678 ;

125 2702 174 2754 δὲ
199 2701 262 2767 τῷ
280 2701 392 2767 Θεῷ
415 2745 429 2766 ,
455 2703 611 2756 τοῦτ’
644 2702 758 2756 ἐστι
781 2707 848 2775 τῇ
882 2703 1116 2770 θεότητι.
1145 2704 1308 2758 Ὥστε
1335 2704 1425 2758 διὰ
1451 2705 1655 2759 τούτων

1782 2707 1806 2753 :t
1831 2717 1844 2753 :
1877 2696 2117 2752 Mortuus
2145 2707 2222 2752 est
2252 2708 2483 2768 peccato,
2525 2698 2575 2752 id
2596 2707 2680 2755 est
2711 2701 2924 2770 corpori
2958 2715 2971 2752 :
3009 2702 3130 2756 vivit
3156 2712 3331 2758 autem

126 2795 606 2858 κατασκευάζεσθαι,
649 2796 732 2848 ὅτι
773 2797 801 2848 ὁ
850 2795 948 2865 μὲν
988 2795 1274 2866 ἄνθρωπος
1301 2797 1394 2850 τοῦ
1426 2797 1654 2852 θανάτου

1782 2789 1988 2854 )εο⁶,ἰ‹1
2011 2790 2400 2846 estdivinitati.
2424 2789 2603 2856 Quare
2631 2806 2727 2861 per
2757 2791 2873 2846 haec
2896 2795 3158 2847 astruitur
3185 2793 3331 2864 quod

127 2887 365 2952 ἐγεύσατο·
405 2889 438 2957 ἡ
467 2887 536 2940 δὲ
577 2885 842 2950 ἀθάνατος
869 2887 1028 2956 φύσις
1066 2888 1126 2940 τὸ
1154 2886 1296 2942 κατὰ
1340 2888 1568 2943 θάνατον
1593 2892 1654 2945 ού

1783 2897 1917 2938 nomo
1939 2892 2166 2938 mortem
2185 2882 2424 2952 gustavit
2446 2900 2460 2936 :
2484 2883 2806 2939 immortalis
2826 2898 2953 2938 vero
2973 2893 3166 2940 natura
3185 2901 3332 2943 mor-

127 2976 405 3046 παρεδέξατο
447 2976 629 3039 πάθος
655 2986 673 3003 ⁸
701 2979 812 3036 καὶ.
824 2979 932 3030 Τὸν
961 2977 1048 3046 μὴ
1094 2978 1315 3047 γνόντα
1342 2980 1654 3049 ἁμαρτίαν,

1787 2975 1826 3029 is
1854 2973 2159 3044 passionem
2178 2989 2286 3028 non
2307 2972 2534 3043 accepit.
2569 2972 2797 3029 EtzEum
2824 2976 2915 3045 qui
2931 2988 3198 3053 peccatum
3229 2995 3336 3034 non

126 3069 240 3133 ὑπὲρ
273 3066 430 3137 ἡμῶν
489 3068 789 3135 ἁμαρτίαν
837 3067 1120 3136 ἐποίησε·
1175 3067 1336 3123 πάλιν
1382 3073 1657 3143 ἁμαρτίαν

1785 3066 1924 3130 ιουὶι,
1959 3082 2053 3135 pro
2091 3065 2238 3121 nobis
2267 3073 2537 3134 peccatum
2566 3064 2687 3134 fecit
2718 3067 2736 3096 ⁷
2769 3084 2781 3120 :
2813 3082 3004 3123 rursus
3051 3079 3334 3139 peccatum

126 3159 355 3226 ὀνομάζων
372 3159 468 3231 τὴν
502 3160 707 3230 σάρκα.

1691 3157 1731 3170 "
1769 3172 1989 3213 carnem
2022 3157 2335 3214 nominans.

179 3251 322 3305 Τοῦτο
355 3253 408 3306 δὲ
459 3252 575 3306 κᾶν
622 3254 686 3306 ἐκ
723 3251 954 3322 παρόδου
1007 3254 1273 3327 λέγωμεν,
1322 3259 1422 3332 ούκ
1478 3260 1650 3330 ἀχρη-

1838 3249 1951 3304 Hoc
1999 3261 2178 3304 autem
2209 3250 2372 3304 etiam
2405 3251 2583 3305 obiter
2609 3249 2878 3315 dicamus,
2929 3265 3038 3307 non
3086 3253 3335 3309 inutilius

128 3342 330 3411 ποτερον
356 3345 486 3408 ἴσως
525 3344 672 3398 δοκεῖ
707 3345 798 3398 τοῦ
844 3346 1199 3417 προκειμένου
1240 3349 1300 3401 τὸ
1330 3350 1651 3405 ἐπεισόδιον.

1784 3341 1910 3395 :‘orte
1932 3341 2220 3411 principali
2245 3342 2524 3410 proposito
2551 3341 2820 3396 videbitur
2848 3341 3204 3397 adventitium
3230 3345 3333 3398 hoc

135 3426 312 3506 Ἐπειδὴ
338 3436 443 3508 γὰρ
470 3437 729 3500 εἰπόντος
757 3437 848 3490 τοῦ
873 3439 1030 3507 ἁγίου
1055 3440 1283 3509 Πέτρου,
1312 3443 1529 3510 Κύριον
1555 3447 1660 3499 αὐ-

1784 3447 2039 3487 icroama.
2091 3430 2372 3501 Siquidem
2409 3442 2599 3487 sancto
2645 3430 2806 3486 Petro
2845 3434 3082 3499 dicente,
3133 3435 3333 3491 Domi—

129 3524 208 3577 τὸν
226 3528 310 3580 καὶ
335 3529 605 3596 Χριστὸν
639 3529 888 3596 ἐποίησε
908 3547 922 3561 ·
957 3532 1053 3584 καὶ
1081 3531 1242 3585 πάλιν
1269 3533 1362 3585 τοῦ
1429 3536 1660 3588 ἀποστό-

1788 3541 1893 3578 tum
1925 3524 2096 3593 ipsum
2134 3532 2184 3576 et
2226 3522 2495 3578 Christum
2529 3524 2652 3592 fecit
2685 3526 2735 3591 ⁸;
2778 3534 2833 3579 et
2861 3542 3055 3582 rursus
3091 3529 3337 3598 apostolo

130 3612 196 3668 λου
233 3619 427 3672 Παύλου
489 3618 635 3690 πρὸς
694 3618 1012 3690 Ἐϐραίους,
1045 3622 1127 3674 ὅτι
1176 3622 1348 3690 Ἰερέα
1382 3624 1658 3693 ἐποίησε·

1790 3615 1938 3669 ’aulo
1964 3615 2031 3670 ad
2065 3615 2319 3670 Hebraeos
2343 3634 2357 3670 :
2386 3616 2531 3686 quod
2551 3617 2876 3685 sacerdotem
2916 3618 3112 3687 fecit“:
3142 3620 3339 3690 abripit

132 3706 320 3776 ἁρπάζει
353 3711 446 3780 τὴν
506 3711 796 3778 Ἐποίησε
831 3711 1013 3782 φωνὴν
1060 3715 1087 3766 ὁ
1128 3714 1419 3784 Εύνόμιος,
1458 3717 1533 3779 ὡς
1578 3719 1664 3770 ἐν·

1790 3709 2070 3764 Sunomius
2099 3709 2324 3763 verbum
2355 3709 2476 3777 fecit
2503 3717 2562 3764 ut
2607 3710 2940 3765 exsistentia:
2967 3720 3092 3766 ante
3138 3715 3339 3768 saecula

130 3797 356 3873 ὃεικτικὴν
383 3804 484 3874 τῆς
525 3804 850 3872 προαιωνίου
891 3804 1193 3876 ὑπάρξεως.
1222 3807 1330 3859 Καὶ
1356 3806 1444 3861 διά
1474 3807 1662 3862 τούτου

1790 3801 2282 3856 lemonstrativum.
2333 3803 2413 3856 Ac
2446 3817 2544 3870 per
2587 3803 2689 3856 hoc
2723 3811 2876 3872 putat
2914 3813 3170 3873 oportere.
3203 3821 3339 3874 pra:-

131 3892 298 3962 ποίημα
327 3891 463 3950 εἶναι
505 3895 598 3948 τὸν
631 3894 834 3966 Κύριον
860 3896 1290 3962 κατασκευάζειν
1321 3899 1492 3953 οἴεται
1531 3901 1662 3956 δεῖν.

1792 3903 1983 3948 struere
2016 3891 2304 3946 Dominum
2345 3892 2477 3964 quid
2529 3892 2799 3948 factitium
2848 3910 2997 3949 esse.
3037 3894 3241 3950 Audiat
3292 3897 3341 3954 is

140 3981 404 4040 ’Δκουσάτω
425 3987 618 4040 τοίνυν
648 3986 742 4039 τοῦ
774 3985 985 4041 Παύλου
1013 3987 1260 4056 λέγοντος
1282 4031 1298 4054 ,
1341 3989 1422 4042 ὅτι
1454 3990 1562 4044 Τὸν
1576 3991 1664 4059 μὴ

1788 3986 1996 4041 Paulum
2013 3987 2303 4050 dicentem,
2323 3986 2466 4056 quod
2493 4003 2611 4040 eum
2632 3989 2720 4058 qui
2749 4004 2850 4042 non
2880 3989 3020 4043 novit
3046 3999 3337 4057 peccatum,

133 4081 306 4144 γνόντα
324 4083 626 4151 ἁμαρτίαν
665 4079 817 4148 ὑπὲρ
863 4079 1031 4149 ἡμῶν
1061 4082 1350 4150 ἁμαρτίαν
1396 4083 1663 4151 ἐποίησε.

1794 4095 1864 4133 πο
1904 4078 2052 4133 nobis
2081 4088 2350 4147 peccatum
2383 4078 2503 4147 fecit
2528 4079 2593 4132 ¹⁰.
2621 4078 2678 4132 Si
2707 4081 2930 4134 verbum
2984 4080 3105 4148 fecit
3140 4081 3206 4135 de
3240 4079 3343 4135 Do-

132 4166 177 4221 Εἰ
209 4171 257 4224 τὸ
299 4175 628 4240 Ἐποίησεν
668 4172 762 4225 ἐπὶ
789 4173 882 4225 τοῦ
926 4173 1130 4243 Κυρίου
1154 4214 1168 4235 ,
1214 4173 1275 4226 ἔκ
1301 4192 1359 4228 τε
1393 4175 1493 4244 τῆς
1532 4177 1666 4246 πρὸς

1795 4176 1946 4238 nino,
1993 4179 2158 4243 atque
2186 4187 2249 4227 ex
2289 4173 2522 4242 epistola
2567 4172 2634 4225 ad
2678 4170 2953 4237 Hebraeos,
2997 4182 3050 4226 et
3087 4188 3152 4227 ex
3196 4171 3343 4229 Petri

138 4262 377 4336 Ἐϐραίους
396 4265 716 4336 ἐπιστολῆς,
742 4265 836 4318 κα)⁸
865 4266 928 4318 ἐκ
951 4265 1049 4334 τῆς
1069 4266 1273 4336 Πέτρου
1296 4268 1478 4338 φωνῆς
1501 4271 1580 4331 είς
1608 4270 1668 4323 τὸ

1792 4281 1911 4321 voce
1936 4265 2004 4319 ad
2035 4272 2293 4319 aeternam
2326 4265 2600 4319 notionem
2633 4265 2881 4330 remittit,
2935 4265 3199 4334 praeclare
3237 4265 3341 4319 ba-

133 4359 406 4429 προαιώνιον
433 4360 754 4430 ἀναπέμπει
781 4359 977 4430 νόημα,
1001 4359 1176 4423 καλῶς
1205 4360 1271 4414 ἂν
1296 4360 1428 4431 ἔχοι,
1453 4363 1546 4416 καὶ
1573 4363 1668 4433 τὴν

1796 4367 1920 4422 ieat,
1957 4363 2012 4409 et
2050 4355 2191 4409 hanc
2222 4355 2296 4409 ibi
2329 4370 2514 4410 vocem
2545 4370 2666 4425 qua:
2708 4355 2816 4424 ait,
2860 4356 3006 4425 quod
3058 4365 3345 4427 peccatum

132 4448 321 4504 ἐνταῦθα
340 4453 554 4524 φωνὴν,
581 4452 615 4521 ἦ
635 4468 818 4520 φησιν,
839 4452 921 4504 δτι
935 4452 1244 4520 Ἀμαρτίιιν
1265 4453 1450 4505 αὑτὸν
1471 4456 1504 4507 o'
1526 4455 1669 4521 Θεὸς

1797 4465 1952 4519 psum
1985 4447 2112 4502 fecit
2137 4447 2298 4510 Deus,
2321 4446 2386 4500 ad
2409 4448 2636 4517 primam
2661 4449 2914 4503 essentia
2931 4449 3342 4504 subsistentiam

131 4539 394 4610 ἐποίησεν,
423 4549 514 4608 εἰς
537 4547 634 4614 τὴν
660 4546 883 4616 πρώτην
924 4545 1024 4613 τῆς
1066 4545 1257 4607 οὐσίας
1294 4544 1520 4612 ἀνάγειν
1546 4547 1675 4599 ὑπό-

1795 4556 2062 4606 ἐνοοονε,
2116 4549 2170 4596 et
2208 4556 2274 4594 ex
2322 4540 2427 4595 hoc
2478 4541 2808 4605 testimonio,
2854 4549 2913 4594 ut
2953 4541 3024 4595 de
3071 4541 3193 4596 aliis
3230 4541 3344 4610 jam

136 4650 306 4697 στασιν,
341 4640 435 4692 καὶ
466 4639 564 4691 διὰ
592 4637 753 4691 τοῦτο
797 4637 1126 4707 πεποιῆσθαι
1155 4636 1317 4690 αὑτὸν
1347 4637 1467 4691 καθ’
1493 4639 1674 4708 ὁμοιό-

1796 4631 1922 4696 εοίι,
1957 4632 2338 4686 demonstrare
2376 4630 2585 4693 conari,
2643 4631 2821 4700 ipsum
2854 4629 3060 4684 factum
3087 4645 3235 4686 esse.
3268 4631 3345 4684 Ita

133 4743 241 4796 τητα
261 4732 362 4784 τῶν
385 4733 566 4787 ἄλλων
597 4731 933 4802 μαρτυριῶν,
962 4729 1337 4784 ἀποδεικνύειν
1359 4731 1669 4799 πειρᾶσθαι.

1796 4731 1832 4775 ιι
1861 4720 2153 4776 dictionem
2215 4720 2335 4790 fecit
2397 4718 2464 4774 ad
2501 4722 2799 4776 essentiam
2833 4720 3060 4786 referat.
3100 4721 3204 4777 sibi
3241 4719 3345 4789 ipsi

137 4819 226 4874 Ἰνα
241 4825 331 4894 τὴν
376 4826 705 4891 Ἐποίησεν
747 4823 890 4888 λέξιν
930 4825 1011 4888 εἰς
1037 4823 1136 4894 τὴν
1161 4823 1351 4877 ούσίαν
1369 4824 1668 4892 άνενὲγκοι,

1795 4810 2105 4865 :oltaarenter
2139 4809 2365 4874 faciens,
2411 4817 2467 4864 et
2524 4819 2814 4879 peccatum
2860 4810 2916 4863 in
2965 4809 3204 4864 essentia
3255 4822 3344 4861 re-

136 4905 402 4981 ἀκολούθωξ
434 4918 618 4989 ἐαυτῷ
643 4917 833 4980 ποιῶν.
863 4917 958 4970 καὶ
989 4917 1088 4987 τὴν
1117 4916 1392 4987 ἁμαρτίαν
1417 4918 1475 4969 ἐν
1493 4919 1560 4987 τῇ
1588 4918 1672 4970 ού·
1771 4900 1986 4972 59M“-
2035 4900 2188 4967 Ουοά
2237 4901 2284 4956 εί
2327 4901 2434 4954 hoc
2462 4911 2685 4970 ιποιηει
2738 4899 3094 4956 ειδδυτάίιεηίε
3137 4900 3346 4969 Ρθτ³Ρί“’

227 5007 405 5081 βλέπῃ.
435 5012 500 5064 Εἰ
529 5010 588 5064 δὲ
608 5008 767 5063 τοῦτο
797 5009 884 5064 διὰ
913 5009 973 5062 τὸ
1002 5009 1299 5080 περιφανὲς
1319 5008 1420 5079 τῆς
1442 5011 1674 5073 ἀτοπίας

1797 4995 2028 5047 :uitatem
2060 4991 2242 5047 dicere
2261 4992 2572 5058 erubescat,
2597 4993 2830 5062 atquein
2850 4990 3113 5046 extremis
3138 4999 3346 5058 tempo-

135 5066 426 5168 αίσγύνοιτο,
456 5103 553 5157 κα)⁴
592 5103 692 5172 τὴν
725 5103 810 5153 ἐπ’
839 5066 1092 5171 ἐσχάτων·
1127 5066 1438 5172 οἰκονομία-ν
1471 5101 1561 5155 διὰ
1580 5066 1674 5155 τού

1797 5086 1924 5141 ibus
1943 5085 2135 5140 factam
2149 5084 2593 5147 oeconomiade
2607 5091 2692 5140 est
2704 5081 3346 5151 dispensationem.dicat

136 5192 617 5265 ιίπείν,’.οὶμαρτίαν
647 5171 960 5265 ἐποίησεν,
997 5171 1364 5251 ἐνδείκνυσθαι
1391 5198 1484 5250 τὸν
1519 5199 1676 5252 Ἀπό-

1798 5176 2092 5247 ιροειοιιιιιι
2131 5175 2419 5256 ostendere
2467 5191 2534 5231 ex
2570 5189 2636 5232 eo
2681 5177 2824 5246 quod
2878 5171 3347 5244 dixit,Peccatum

139 5278 290 5334 στολον
314 5281 458 5352 λέγοι
479 5324 495 5348 ,
524 5285 769 5339 πεισάτω
796 5284 987 5338 ἐαυτὸν
1008 5283 1094 5338 διά
1121 5285 1218 5356 τῆς
1254 5285 1424 5356 αὐτῆς
1453 5286 1675 5340 ἀκολου-

1796 5274 1935 5338 ’ecit;
1999 5269 2103 5327 sibi
2158 5269 2263 5341 ipsi
2297 5268 2626 5338 persuadeat
2679 5282 2775 5338 per
2835 5267 3086 5322 eamdem
3147 5282 3345 5321 conse-

139 5363 266 5434 θίας,
290 5375 444 5427 κάκεῖ
471 5375 533 5427 τὺ
584 5375 862 5444 Ἐποίησε
906 5374 1040 5447 πρὸς
1081 5375 1180 5448 τὴν
1212 5376 1522 5447 οἰκονομίαν
1555 5377 1673 5448 βλέ-

1796 5364 2079 5435 luentiam,
2121 5372 2175 5418 et
2233 5361 2346 5417 illic
2400 5359 2624 5417 verbum
2682 5359 2806 5429 fecit
2865 5359 2932 5414 ad
2986 5356 3345 5414 (economiam

141 5473 258 5512 πειν.

1779 5457 2073 5528 respicere.

200 5663 395 5721 ‘Rom.
435 5683 555 5732 vnl,
603 5667 692 5721 59..
789 5667 810 5697 ³
852 5665 985 5719 ibid.
1023 5666 1087 5726 ὃς
1134 5664 1308 5720 Galat.
1350 5681 1421 5725 iv,
1465 5665 1517 5718 4.
1620 5666 1639 5696 ³
1681 5663 1854 5719 lCor.
1911 5677 2000 5725 xv,
2052 5659 2138 5732 2|.
2177 5657 2242 5732 -ι
2297 5657 2452 5711 Rom.
2485 5671 2614 5732 vin,
2663 5656 2716 5711 5.
2829 5653 2852 5686 ³
2892 5653 2939 5707 ll
2974 5652 3102 5708 Cor.
3133 5666 3255 5721 xm,
3293 5651 3351 5712 4.

145 5733 161 5762 ⁸
185 5734 322 5792 liom.
357 5755 432 5804 Vl,
470 5727 552 5792 l0.
628 5740 645 5768 ⁷
681 5735 719 5790 il
751 5736 876 5791 Cor.
913 5753 964 5794 ν.
996 5737 1085 5789 21.
1164 5738 1184 5767 ⁸
1214 5743 1332 5791 Act.
1369 5751 1430 5802 tt,
1461 5735 1547 5794 '56.
1625 5735 1694 5790 Ἰ

1018 5737 1085 5789 tl.
1164 5738 1184 5767 ⁸
1214 5743 1332 5791 Act.
1369 5751 1430 5802 ιι,
1461 5735 1547 5794 '56.
1625 5739 1645 5770 ν
1677 5735 1839 5792 llcbr.
1875 5749 1925 5799 ι’,
1961 5732 2014 5787 6.
2093 5731 2136 5762 ¹⁰
2174 5729 2333 5784 Rom.
2371 5744 2444 5796 vi,
2480 5727 2567 5782 lO.

435 5835 710 5896 PATBOL.
751 5830 868 5895 Gn.
903 5831 952 5893 Χ
965 5830 1078 5892 ΙΝ.
2974 5813 3052 5877 23
