  <div class='ocr_page' id='page_1' title='image "/cluster/home/n/w/nwhite01/storage/ocr_20150623/45/hvd.32044019826437/363.png"; bbox 0 0 3922 6448; ppageno 0'>
   <div class='ocr_carea' id='block_1_1' title="bbox 672 190 777 246">
    <p class='ocr_par' dir='ltr' id='par_1_1' title="bbox 672 190 777 246">
     <span class='ocr_line' id='line_1_1' title="bbox 672 190 777 246; baseline 0.029 -3"><span class='ocrx_word' id='word_1_1' title='bbox 672 190 777 246; x_wconf 71' lang='grc'><strong>715</strong></span> 
     </span>
    </p>
   </div>
   <div class='ocr_carea' id='block_1_2' title="bbox 673 412 2232 500">
    <p class='ocr_par' dir='ltr' id='par_1_2' title="bbox 673 412 2232 500">
     <span class='ocr_line' id='line_1_2' title="bbox 673 412 2232 500; baseline 0.021 -47"><span class='ocrx_word' id='word_1_2' title='bbox 673 417 891 469; x_wconf 89' lang='lat' dir='ltr'><strong>sumus;</strong></span> <span class='ocrx_word' id='word_1_3' title='bbox 930 416 1185 463; x_wconf 80' lang='lat' dir='ltr'><strong>sexcenta</strong></span> <span class='ocrx_word' id='word_1_4' title='bbox 1244 412 1388 467; x_wconf 92' lang='lat' dir='ltr'><strong>enim</strong></span> <span class='ocrx_word' id='word_1_5' title='bbox 1442 416 1546 471; x_wconf 89' lang='lat' dir='ltr'><strong>alia</strong></span> <span class='ocrx_word' id='word_1_6' title='bbox 1596 431 1792 488; x_wconf 68' lang='lat' dir='ltr'><strong>praeter</strong></span> <span class='ocrx_word' id='word_1_7' title='bbox 1835 423 1947 479; x_wconf 75' lang='lat' dir='ltr'><strong>haec</strong></span> <span class='ocrx_word' id='word_1_8' title='bbox 1993 443 2059 482; x_wconf 77' lang='lat' dir='ltr'><strong>ex</strong></span> <span class='ocrx_word' id='word_1_9' title='bbox 2114 430 2232 500; x_wconf 85' lang='lat' dir='ltr'><strong>ipsa</strong></span> 
     </span>
    </p>
   </div>
   <div class='ocr_carea' id='block_1_3' title="bbox 676 493 2233 589">
    <p class='ocr_par' dir='ltr' id='par_1_3' title="bbox 676 493 2233 589">
     <span class='ocr_line' id='line_1_3' title="bbox 676 493 2233 589; baseline 0.019 -43"><span class='ocrx_word' id='word_1_10' title='bbox 676 493 956 565; x_wconf 76' lang='lat' dir='ltr'><strong>Scriptura</strong></span> <span class='ocrx_word' id='word_1_11' title='bbox 1017 513 1309 568; x_wconf 87' lang='lat' dir='ltr'><strong>possumus</strong></span> <span class='ocrx_word' id='word_1_12' title='bbox 1361 506 1633 576; x_wconf 83' lang='lat' dir='ltr'><strong>colligere.</strong></span> <span class='ocrx_word' id='word_1_13' title='bbox 1700 510 1812 567; x_wconf 85' lang='lat' dir='ltr'><strong>Nec</strong></span> <span class='ocrx_word' id='word_1_14' title='bbox 1874 526 2025 584; x_wconf 82' lang='lat' dir='ltr'><strong>putet</strong></span> <span class='ocrx_word' id='word_1_15' title='bbox 2079 493 2233 589; x_wconf 80' lang='lat' dir='ltr'><strong>quis-</strong></span> 
     </span>
    </p>
   </div>
   <div class='ocr_carea' id='block_1_4' title="bbox 672 588 2231 671">
    <p class='ocr_par' dir='ltr' id='par_1_4' title="bbox 672 588 2231 671">
     <span class='ocr_line' id='line_1_4' title="bbox 672 588 2231 671; baseline 0.019 -35"><span class='ocrx_word' id='word_1_16' title='bbox 672 599 833 654; x_wconf 86' lang='lat' dir='ltr'><strong>quam</strong></span> <span class='ocrx_word' id='word_1_17' title='bbox 866 588 1107 644; x_wconf 88' lang='lat' dir='ltr'><strong>divinum</strong></span> <span class='ocrx_word' id='word_1_18' title='bbox 1142 592 1459 663; x_wconf 87' lang='lat' dir='ltr'><strong>Apostolum</strong></span> <span class='ocrx_word' id='word_1_19' title='bbox 1490 599 1544 653; x_wconf 95' lang='lat' dir='ltr'><strong>in</strong></span> <span class='ocrx_word' id='word_1_20' title='bbox 1578 600 1814 671; x_wconf 88' lang='lat' dir='ltr'><strong>seipsum</strong></span> <span class='ocrx_word' id='word_1_21' title='bbox 1845 604 2080 661; x_wconf 86' lang='lat' dir='ltr'><strong>divisum</strong></span> <span class='ocrx_word' id='word_1_22' title='bbox 2102 588 2105 589; x_wconf 13' lang='grc' dir='ltr'><em>ν</em></span> <span class='ocrx_word' id='word_1_23' title='bbox 2127 611 2231 665; x_wconf 86' lang='lat' dir='ltr'><strong>sibi</strong></span> 
     </span>
    </p>
   </div>
   <div class='ocr_carea' id='block_1_5' title="bbox 675 677 2231 760">
    <p class='ocr_par' dir='ltr' id='par_1_5' title="bbox 675 677 2231 760">
     <span class='ocr_line' id='line_1_5' title="bbox 675 677 2231 760; baseline 0.019 -31"><span class='ocrx_word' id='word_1_24' title='bbox 675 677 777 746; x_wconf 83' lang='lat' dir='ltr'><strong>ipsi</strong></span> <span class='ocrx_word' id='word_1_25' title='bbox 803 682 1077 737; x_wconf 88' lang='lat' dir='ltr'><strong>contraria</strong></span> <span class='ocrx_word' id='word_1_26' title='bbox 1097 686 1338 753; x_wconf 91' lang='lat' dir='ltr'><strong>sentire;</strong></span> <span class='ocrx_word' id='word_1_27' title='bbox 1369 703 1431 743; x_wconf 88' lang='lat' dir='ltr'><strong>ac</strong></span> <span class='ocrx_word' id='word_1_28' title='bbox 1446 705 1543 760; x_wconf 90' lang='lat' dir='ltr'><strong>pro</strong></span> <span class='ocrx_word' id='word_1_29' title='bbox 1568 695 1981 754; x_wconf 88' lang='lat' dir='ltr'><strong>conlirmatione</strong></span> <span class='ocrx_word' id='word_1_30' title='bbox 2006 716 2231 757; x_wconf 89' lang='lat' dir='ltr'><strong>suorum</strong></span> 
     </span>
    </p>
   </div>
   <div class='ocr_carea' id='block_1_6' title="bbox 672 769 2232 858">
    <p class='ocr_par' dir='ltr' id='par_1_6' title="bbox 672 769 2232 858">
     <span class='ocr_line' id='line_1_6' title="bbox 672 769 2232 858; baseline 0.017 -36"><span class='ocrx_word' id='word_1_31' title='bbox 672 769 986 840; x_wconf 88' lang='lat' dir='ltr'><strong>dogmatum</strong></span> <span class='ocrx_word' id='word_1_32' title='bbox 1044 780 1412 847; x_wconf 74' lang='lat' dir='ltr'><strong>pugnantibus</strong></span> <span class='ocrx_word' id='word_1_33' title='bbox 1473 783 1541 837; x_wconf 90' lang='lat' dir='ltr'><strong>ad</strong></span> <span class='ocrx_word' id='word_1_34' title='bbox 1615 792 2109 858; x_wconf 77' lang='lat' dir='ltr'><strong>argumentandum</strong></span> <span class='ocrx_word' id='word_1_35' title='bbox 2176 795 2232 849; x_wconf 91' lang='lat' dir='ltr'><strong>in</strong></span> 
     </span>
    </p>
   </div>
   <div class='ocr_carea' id='block_1_7' title="bbox 672 869 2233 952">
    <p class='ocr_par' dir='ltr' id='par_1_7' title="bbox 672 869 2233 952">
     <span class='ocr_line' id='line_1_7' title="bbox 672 869 2233 952; baseline 0.017 -38"><span class='ocrx_word' id='word_1_36' title='bbox 672 869 961 935; x_wconf 86' lang='lat' dir='ltr'><strong>utramque</strong></span> <span class='ocrx_word' id='word_1_37' title='bbox 1008 876 1213 935; x_wconf 86' lang='lat' dir='ltr'><strong>partem</strong></span> <span class='ocrx_word' id='word_1_38' title='bbox 1262 887 1328 926; x_wconf 79' lang='lat' dir='ltr'><strong>ex</strong></span> <span class='ocrx_word' id='word_1_39' title='bbox 1377 889 1532 944; x_wconf 63' lang='lat' dir='ltr'><strong>aequo</strong></span> <span class='ocrx_word' id='word_1_40' title='bbox 1581 892 1677 946; x_wconf 88' lang='lat' dir='ltr'><strong>per</strong></span> <span class='ocrx_word' id='word_1_41' title='bbox 1728 894 1827 934; x_wconf 88' lang='lat' dir='ltr'><strong>sua</strong></span> <span class='ocrx_word' id='word_1_42' title='bbox 1876 884 2077 952; x_wconf 80' lang='lat' dir='ltr'><strong>scripta</strong></span> <span class='ocrx_word' id='word_1_43' title='bbox 2118 902 2233 939; x_wconf 83' lang='lat' dir='ltr'><strong>ma-</strong></span> 
     </span>
    </p>
   </div>
   <div class='ocr_carea' id='block_1_8' title="bbox 670 957 2233 1045">
    <p class='ocr_par' dir='ltr' id='par_1_8' title="bbox 670 957 2233 1045">
     <span class='ocr_line' id='line_1_8' title="bbox 670 957 2233 1045; baseline 0.014 -36"><span class='ocrx_word' id='word_1_44' title='bbox 670 957 840 1014; x_wconf 87' lang='lat' dir='ltr'><strong>terias</strong></span> <span class='ocrx_word' id='word_1_45' title='bbox 872 960 1149 1028; x_wconf 59' lang='lat' dir='ltr'><strong>praebere:</strong></span> <span class='ocrx_word' id='word_1_46' title='bbox 1186 962 1453 1030; x_wconf 79' lang='lat' dir='ltr'><strong>siquidem</strong></span> <span class='ocrx_word' id='word_1_47' title='bbox 1483 967 1750 1024; x_wconf 76' lang='lat' dir='ltr'><strong>invenerit</strong></span> <span class='ocrx_word' id='word_1_48' title='bbox 1783 974 1907 1041; x_wconf 89' lang='lat' dir='ltr'><strong>quis</strong></span> <span class='ocrx_word' id='word_1_49' title='bbox 1943 974 2233 1045; x_wconf 80' lang='lat' dir='ltr'><strong>diligenter</strong></span> 
     </span>
    </p>
   </div>
   <div class='ocr_carea' id='block_1_9' title="bbox 670 1051 2212 1134">
    <p class='ocr_par' dir='ltr' id='par_1_9' title="bbox 670 1051 2212 1134">
     <span class='ocr_line' id='line_1_9' title="bbox 670 1051 2212 1134; baseline 0.014 -32"><span class='ocrx_word' id='word_1_50' title='bbox 670 1051 987 1119; x_wconf 81' lang='lat' dir='ltr'><strong>exquirens,</strong></span> <span class='ocrx_word' id='word_1_51' title='bbox 1017 1054 1159 1122; x_wconf 91' lang='lat' dir='ltr'><strong>quod</strong></span> <span class='ocrx_word' id='word_1_52' title='bbox 1211 1056 1277 1109; x_wconf 92' lang='lat' dir='ltr'><strong>ad</strong></span> <span class='ocrx_word' id='word_1_53' title='bbox 1312 1073 1477 1112; x_wconf 90' lang='lat' dir='ltr'><strong>unum</strong></span> <span class='ocrx_word' id='word_1_54' title='bbox 1512 1070 1702 1117; x_wconf 81' lang='lat' dir='ltr'><strong>exacte</strong></span> <span class='ocrx_word' id='word_1_55' title='bbox 1753 1065 1873 1134; x_wconf 88' lang='lat' dir='ltr'><strong>ejus</strong></span> <span class='ocrx_word' id='word_1_56' title='bbox 1910 1082 2093 1122; x_wconf 87' lang='lat' dir='ltr'><strong>sermo</strong></span> <span class='ocrx_word' id='word_1_57' title='bbox 2127 1086 2212 1124; x_wconf 85' lang='lat' dir='ltr'><strong>re-</strong></span> 
     </span>
    </p>
   </div>
   <div class='ocr_carea' id='block_1_10' title="bbox 671 1140 2231 1221">
    <p class='ocr_par' dir='ltr' id='par_1_10' title="bbox 671 1140 2231 1221">
     <span class='ocr_line' id='line_1_10' title="bbox 671 1140 2231 1221; baseline 0.012 -27"><span class='ocrx_word' id='word_1_58' title='bbox 671 1140 852 1209; x_wconf 86' lang='lat' dir='ltr'><strong>spicit.</strong></span> <span class='ocrx_word' id='word_1_59' title='bbox 888 1140 1072 1211; x_wconf 88' lang='lat' dir='ltr'><strong>Neque</strong></span> <span class='ocrx_word' id='word_1_60' title='bbox 1098 1145 1150 1198; x_wconf 93' lang='lat' dir='ltr'><strong>in</strong></span> <span class='ocrx_word' id='word_1_61' title='bbox 1179 1150 1677 1221; x_wconf 86' lang='lat' dir='ltr'><strong>sententiis,neque</strong></span> <span class='ocrx_word' id='word_1_62' title='bbox 1708 1154 1761 1207; x_wconf 93' lang='lat' dir='ltr'><strong>in</strong></span> <span class='ocrx_word' id='word_1_63' title='bbox 1810 1156 2123 1212; x_wconf 77' lang='lat' dir='ltr'><strong>nationibus</strong></span> <span class='ocrx_word' id='word_1_64' title='bbox 2145 1158 2231 1212; x_wconf 90' lang='lat' dir='ltr'><strong>in-</strong></span> 
     </span>
    </p>
   </div>
   <div class='ocr_carea' id='block_1_11' title="bbox 671 1235 2231 1320">
    <p class='ocr_par' dir='ltr' id='par_1_11' title="bbox 671 1235 2231 1320">
     <span class='ocr_line' id='line_1_11' title="bbox 671 1235 2231 1320; baseline 0.013 -34"><span class='ocrx_word' id='word_1_65' title='bbox 671 1242 879 1287; x_wconf 81' lang='lat' dir='ltr'><strong>certat:</strong></span> <span class='ocrx_word' id='word_1_66' title='bbox 915 1235 1117 1306; x_wconf 89' lang='lat' dir='ltr'><strong>ubique</strong></span> <span class='ocrx_word' id='word_1_67' title='bbox 1159 1240 1301 1293; x_wconf 91' lang='lat' dir='ltr'><strong>enim</strong></span> <span class='ocrx_word' id='word_1_68' title='bbox 1354 1241 1575 1296; x_wconf 84' lang='lat' dir='ltr'><strong>humani</strong></span> <span class='ocrx_word' id='word_1_69' title='bbox 1623 1260 1746 1298; x_wconf 92' lang='lat' dir='ltr'><strong>cum</strong></span> <span class='ocrx_word' id='word_1_70' title='bbox 1794 1247 1980 1301; x_wconf 85' lang='lat' dir='ltr'><strong>divino</strong></span> <span class='ocrx_word' id='word_1_71' title='bbox 2030 1259 2231 1320; x_wconf 87' lang='lat' dir='ltr'><strong>tempe-</strong></span> 
     </span>
    </p>
   </div>
   <div class='ocr_carea' id='block_1_12' title="bbox 672 1324 2232 1412">
    <p class='ocr_par' dir='ltr' id='par_1_12' title="bbox 672 1324 2232 1412">
     <span class='ocr_line' id='line_1_12' title="bbox 672 1324 2232 1412; baseline 0.013 -36"><span class='ocrx_word' id='word_1_72' title='bbox 672 1324 934 1380; x_wconf 84' lang='lat' dir='ltr'><strong>rationem</strong></span> <span class='ocrx_word' id='word_1_73' title='bbox 972 1328 1296 1395; x_wconf 70' lang='lat' dir='ltr'><strong>praedicans,</strong></span> <span class='ocrx_word' id='word_1_74' title='bbox 1334 1332 1688 1391; x_wconf 90' lang='lat' dir='ltr'><strong>nihilominus</strong></span> <span class='ocrx_word' id='word_1_75' title='bbox 1738 1338 1791 1391; x_wconf 92' lang='lat' dir='ltr'><strong>in</strong></span> <span class='ocrx_word' id='word_1_76' title='bbox 1824 1347 2056 1411; x_wconf 89' lang='lat' dir='ltr'><strong>utroque</strong></span> <span class='ocrx_word' id='word_1_77' title='bbox 2084 1344 2232 1412; x_wconf 80' lang='lat' dir='ltr'><strong>quod</strong></span> 
     </span>
    </p>
   </div>
   <div class='ocr_carea' id='block_1_13' title="bbox 671 1416 2229 1491">
    <p class='ocr_par' dir='ltr' id='par_1_13' title="bbox 671 1416 2229 1491">
     <span class='ocr_line' id='line_1_13' title="bbox 671 1416 2229 1491; baseline 0.013 -24"><span class='ocrx_word' id='word_1_78' title='bbox 671 1416 869 1485; x_wconf 83' lang='lat' dir='ltr'><strong>cuique</strong></span> <span class='ocrx_word' id='word_1_79' title='bbox 913 1423 1191 1488; x_wconf 89' lang='lat' dir='ltr'><strong>proprium</strong></span> <span class='ocrx_word' id='word_1_80' title='bbox 1220 1430 1303 1476; x_wconf 91' lang='lat' dir='ltr'><strong>est</strong></span> <span class='ocrx_word' id='word_1_81' title='bbox 1350 1424 1631 1491; x_wconf 87' lang='lat' dir='ltr'><strong>intuetur,</strong></span> <span class='ocrx_word' id='word_1_82' title='bbox 1691 1438 1748 1481; x_wconf 91' lang='lat' dir='ltr'><strong>ut</strong></span> <span class='ocrx_word' id='word_1_83' title='bbox 1791 1432 1957 1484; x_wconf 88' lang='lat' dir='ltr'><strong>etiam</strong></span> <span class='ocrx_word' id='word_1_84' title='bbox 1995 1433 2229 1488; x_wconf 87' lang='lat' dir='ltr'><strong>humana</strong></span> 
     </span>
    </p>
   </div>
   <div class='ocr_carea' id='block_1_14' title="bbox 670 1505 2231 1595">
    <p class='ocr_par' dir='ltr' id='par_1_14' title="bbox 670 1505 2231 1595">
     <span class='ocr_line' id='line_1_14' title="bbox 670 1505 2231 1595; baseline 0.014 -37"><span class='ocrx_word' id='word_1_85' title='bbox 670 1505 985 1564; x_wconf 90' lang='lat' dir='ltr'><strong>inﬁrmitate</strong></span> <span class='ocrx_word' id='word_1_86' title='bbox 1030 1526 1125 1580; x_wconf 91' lang='lat' dir='ltr'><strong>per</strong></span> <span class='ocrx_word' id='word_1_87' title='bbox 1158 1517 1595 1571; x_wconf 90' lang='lat' dir='ltr'><strong>communionem</strong></span> <span class='ocrx_word' id='word_1_88' title='bbox 1646 1535 1768 1573; x_wconf 89' lang='lat' dir='ltr'><strong>cum</strong></span> <span class='ocrx_word' id='word_1_89' title='bbox 1821 1522 2231 1595; x_wconf 88' lang='lat' dir='ltr'><strong>incorruptibili</strong></span> 
     </span>
    </p>
   </div>
   <div class='ocr_carea' id='block_1_15' title="bbox 673 1596 2227 1687">
    <p class='ocr_par' dir='ltr' id='par_1_15' title="bbox 673 1596 2227 1687">
     <span class='ocr_line' id='line_1_15' title="bbox 673 1596 2227 1687; baseline 0.014 -37"><span class='ocrx_word' id='word_1_90' title='bbox 673 1596 729 1650; x_wconf 87' lang='lat' dir='ltr'><strong>in</strong></span> <span class='ocrx_word' id='word_1_91' title='bbox 760 1598 813 1652; x_wconf 93' lang='lat' dir='ltr'><strong>id</strong></span> <span class='ocrx_word' id='word_1_92' title='bbox 852 1600 998 1669; x_wconf 86' lang='lat' dir='ltr'><strong>quod</strong></span> <span class='ocrx_word' id='word_1_93' title='bbox 1049 1603 1241 1659; x_wconf 88' lang='lat' dir='ltr'><strong>melius</strong></span> <span class='ocrx_word' id='word_1_94' title='bbox 1275 1615 1357 1661; x_wconf 88' lang='lat' dir='ltr'><strong>est</strong></span> <span class='ocrx_word' id='word_1_95' title='bbox 1388 1614 1784 1667; x_wconf 87' lang='lat' dir='ltr'><strong>transmutata:</strong></span> <span class='ocrx_word' id='word_1_96' title='bbox 1818 1622 1871 1667; x_wconf 87' lang='lat' dir='ltr'><strong>et</strong></span> <span class='ocrx_word' id='word_1_97' title='bbox 1912 1615 2094 1670; x_wconf 87' lang='lat' dir='ltr'><strong>divina</strong></span> <span class='ocrx_word' id='word_1_98' title='bbox 2130 1633 2227 1687; x_wconf 84' lang='lat' dir='ltr'><strong>po-</strong></span> 
     </span>
    </p>
   </div>
   <div class='ocr_carea' id='block_1_16' title="bbox 672 1689 2230 1775">
    <p class='ocr_par' dir='ltr' id='par_1_16' title="bbox 672 1689 2230 1775">
     <span class='ocr_line' id='line_1_16' title="bbox 672 1689 2230 1775; baseline 0.015 -35"><span class='ocrx_word' id='word_1_99' title='bbox 672 1689 864 1753; x_wconf 87' lang='lat' dir='ltr'><strong>tentia,</strong></span> <span class='ocrx_word' id='word_1_100' title='bbox 898 1707 1006 1746; x_wconf 90' lang='lat' dir='ltr'><strong>non</strong></span> <span class='ocrx_word' id='word_1_101' title='bbox 1038 1709 1067 1746; x_wconf 91' lang='lat' dir='ltr'><strong>a</strong></span> <span class='ocrx_word' id='word_1_102' title='bbox 1101 1699 1319 1765; x_wconf 90' lang='lat' dir='ltr'><strong>propria</strong></span> <span class='ocrx_word' id='word_1_103' title='bbox 1343 1696 1610 1767; x_wconf 81' lang='lat' dir='ltr'><strong>dignitate</strong></span> <span class='ocrx_word' id='word_1_104' title='bbox 1645 1703 1955 1770; x_wconf 84' lang='lat' dir='ltr'><strong>excidente,</strong></span> <span class='ocrx_word' id='word_1_105' title='bbox 1989 1723 2083 1775; x_wconf 90' lang='lat' dir='ltr'><strong>per</strong></span> <span class='ocrx_word' id='word_1_106' title='bbox 2111 1724 2230 1764; x_wconf 86' lang='lat' dir='ltr'><strong>eam</strong></span> 
     </span>
    </p>
   </div>
   <div class='ocr_carea' id='block_1_17' title="bbox 673 1784 2229 1865">
    <p class='ocr_par' dir='ltr' id='par_1_17' title="bbox 673 1784 2229 1865">
     <span class='ocr_line' id='line_1_17' title="bbox 673 1784 2229 1865; baseline 0.015 -31"><span class='ocrx_word' id='word_1_107' title='bbox 673 1796 834 1849; x_wconf 91' lang='lat' dir='ltr'><strong>quam</strong></span> <span class='ocrx_word' id='word_1_108' title='bbox 869 1784 1028 1840; x_wconf 86' lang='lat' dir='ltr'><strong>habet</strong></span> <span class='ocrx_word' id='word_1_109' title='bbox 1057 1791 1450 1846; x_wconf 79' lang='lat' dir='ltr'><strong>conuexionem</strong></span> <span class='ocrx_word' id='word_1_110' title='bbox 1479 1809 1601 1848; x_wconf 92' lang='lat' dir='ltr'><strong>cum</strong></span> <span class='ocrx_word' id='word_1_111' title='bbox 1624 1810 1689 1850; x_wconf 91' lang='lat' dir='ltr'><strong>eo</strong></span> <span class='ocrx_word' id='word_1_112' title='bbox 1719 1799 1861 1865; x_wconf 88' lang='lat' dir='ltr'><strong>quod</strong></span> <span class='ocrx_word' id='word_1_113' title='bbox 1900 1809 1981 1854; x_wconf 87' lang='lat' dir='ltr'><strong>est</strong></span> <span class='ocrx_word' id='word_1_114' title='bbox 2008 1800 2229 1858; x_wconf 87' lang='lat' dir='ltr'><strong>humile.</strong></span> 
     </span>
    </p>
   </div>
   <div class='ocr_carea' id='block_1_18' title="bbox 671 1874 2223 1956">
    <p class='ocr_par' dir='ltr' id='par_1_18' title="bbox 671 1874 2223 1956">
     <span class='ocr_line' id='line_1_18' title="bbox 671 1874 2223 1956; baseline 0.015 -29"><span class='ocrx_word' id='word_1_115' title='bbox 671 1874 804 1929; x_wconf 86' lang='lat' dir='ltr'><strong>Cum</strong></span> <span class='ocrx_word' id='word_1_116' title='bbox 847 1876 1012 1948; x_wconf 78' lang='lat' dir='ltr'><strong>igitur</strong></span> <span class='ocrx_word' id='word_1_117' title='bbox 1039 1880 1171 1935; x_wconf 89' lang='lat' dir='ltr'><strong>dicit</strong></span> <span class='ocrx_word' id='word_1_118' title='bbox 1202 1884 1345 1953; x_wconf 88' lang='lat' dir='ltr'><strong>quod</strong></span> <span class='ocrx_word' id='word_1_119' title='bbox 1371 1880 1515 1939; x_wconf 79' lang='lat' dir='ltr'><strong>Filio</strong></span> <span class='ocrx_word' id='word_1_120' title='bbox 1536 1901 1637 1942; x_wconf 84' lang='lat' dir='ltr'><strong>non</strong></span> <span class='ocrx_word' id='word_1_121' title='bbox 1664 1888 1891 1956; x_wconf 76' lang='lat' dir='ltr'><strong>pepercit</strong></span> <span class='ocrx_word' id='word_1_122' title='bbox 1935 1893 2001 1955; x_wconf 83' lang='lat'><strong>“,</strong></span> <span class='ocrx_word' id='word_1_123' title='bbox 2036 1911 2223 1949; x_wconf 82' lang='lat' dir='ltr'><strong>verum</strong></span> 
     </span>
    </p>
   </div>
   <div class='ocr_carea' id='block_1_19' title="bbox 672 1962 2231 2049">
    <p class='ocr_par' dir='ltr' id='par_1_19' title="bbox 672 1962 2231 2049">
     <span class='ocr_line' id='line_1_19' title="bbox 672 1962 2231 2049; baseline 0.013 -32"><span class='ocrx_word' id='word_1_124' title='bbox 672 1962 871 2018; x_wconf 83' lang='lat' dir='ltr'><strong>Filium</strong></span> <span class='ocrx_word' id='word_1_125' title='bbox 927 1968 1188 2024; x_wconf 86' lang='lat' dir='ltr'><strong>discernit</strong></span> <span class='ocrx_word' id='word_1_126' title='bbox 1221 1988 1250 2025; x_wconf 90' lang='lat' dir='ltr'><strong>a</strong></span> <span class='ocrx_word' id='word_1_127' title='bbox 1282 1976 1554 2042; x_wconf 89' lang='lat' dir='ltr'><strong>generatis</strong></span> <span class='ocrx_word' id='word_1_128' title='bbox 1585 1985 1637 2029; x_wconf 91' lang='lat' dir='ltr'><strong>et</strong></span> <span class='ocrx_word' id='word_1_129' title='bbox 1667 1978 1743 2047; x_wconf 92' lang='lat' dir='ltr'><strong>(a)</strong></span> <span class='ocrx_word' id='word_1_130' title='bbox 1777 1978 2051 2049; x_wconf 89' lang='lat' dir='ltr'><strong>adoptatis</strong></span> <span class='ocrx_word' id='word_1_131' title='bbox 2080 1998 2094 2037; x_wconf 88' lang='lat'><strong>:</strong></span> <span class='ocrx_word' id='word_1_132' title='bbox 2149 1984 2231 2040; x_wconf 88' lang='lat' dir='ltr'><strong>his</strong></span> 
     </span>
    </p>
   </div>
   <div class='ocr_carea' id='block_1_20' title="bbox 670 2054 2232 2145">
    <p class='ocr_par' dir='ltr' id='par_1_20' title="bbox 670 2054 2232 2145">
     <span class='ocr_line' id='line_1_20' title="bbox 670 2054 2232 2145; baseline 0.013 -36"><span class='ocrx_word' id='word_1_133' title='bbox 670 2054 815 2117; x_wconf 88' lang='lat' dir='ltr'><strong>dico,</strong></span> <span class='ocrx_word' id='word_1_134' title='bbox 848 2058 940 2126; x_wconf 86' lang='lat' dir='ltr'><strong>qui</strong></span> <span class='ocrx_word' id='word_1_135' title='bbox 977 2075 1072 2128; x_wconf 86' lang='lat' dir='ltr'><strong>per</strong></span> <span class='ocrx_word' id='word_1_136' title='bbox 1109 2062 1229 2129; x_wconf 90' lang='lat' dir='ltr'><strong>ejus</strong></span> <span class='ocrx_word' id='word_1_137' title='bbox 1273 2064 1558 2132; x_wconf 89' lang='lat' dir='ltr'><strong>imperium</strong></span> <span class='ocrx_word' id='word_1_138' title='bbox 1592 2066 1840 2135; x_wconf 91' lang='lat' dir='ltr'><strong>producti</strong></span> <span class='ocrx_word' id='word_1_139' title='bbox 1885 2080 2012 2125; x_wconf 89' lang='lat' dir='ltr'><strong>sunt</strong></span> <span class='ocrx_word' id='word_1_140' title='bbox 2041 2074 2107 2127; x_wconf 85' lang='lat' dir='ltr'><strong>ad</strong></span> <span class='ocrx_word' id='word_1_141' title='bbox 2138 2090 2232 2145; x_wconf 84' lang='lat' dir='ltr'><strong>ge-</strong></span> 
     </span>
    </p>
   </div>
   <div class='ocr_carea' id='block_1_21' title="bbox 672 2147 2232 2227">
    <p class='ocr_par' dir='ltr' id='par_1_21' title="bbox 672 2147 2232 2227">
     <span class='ocr_line' id='line_1_21' title="bbox 672 2147 2232 2227; baseline 0.013 -29"><span class='ocrx_word' id='word_1_142' title='bbox 672 2147 1007 2203; x_wconf 76' lang='lat' dir='ltr'><strong>nerationem</strong></span> <span class='ocrx_word' id='word_1_143' title='bbox 1035 2168 1047 2202; x_wconf 93' lang='lat'><strong>:</strong></span> <span class='ocrx_word' id='word_1_144' title='bbox 1082 2152 1281 2220; x_wconf 73' lang='lat' dir='ltr'><strong>proprii</strong></span> <span class='ocrx_word' id='word_1_145' title='bbox 1314 2155 1591 2211; x_wconf 88' lang='lat' dir='ltr'><strong>additione</strong></span> <span class='ocrx_word' id='word_1_146' title='bbox 1620 2159 1764 2227; x_wconf 90' lang='lat' dir='ltr'><strong>quod</strong></span> <span class='ocrx_word' id='word_1_147' title='bbox 1798 2163 2098 2216; x_wconf 90' lang='lat' dir='ltr'><strong>secundum</strong></span> <span class='ocrx_word' id='word_1_148' title='bbox 2134 2181 2232 2220; x_wconf 88' lang='lat' dir='ltr'><strong>na-</strong></span> 
     </span>
    </p>
   </div>
   <div class='ocr_carea' id='block_1_22' title="bbox 671 2242 2230 2327">
    <p class='ocr_par' dir='ltr' id='par_1_22' title="bbox 671 2242 2230 2327">
     <span class='ocr_line' id='line_1_22' title="bbox 671 2242 2230 2327; baseline 0.015 -36"><span class='ocrx_word' id='word_1_149' title='bbox 671 2246 848 2293; x_wconf 87' lang='lat' dir='ltr'><strong>turam</strong></span> <span class='ocrx_word' id='word_1_150' title='bbox 892 2250 978 2297; x_wconf 88' lang='lat' dir='ltr'><strong>est</strong></span> <span class='ocrx_word' id='word_1_151' title='bbox 1032 2242 1297 2299; x_wconf 85' lang='lat' dir='ltr'><strong>familiare</strong></span> <span class='ocrx_word' id='word_1_152' title='bbox 1331 2248 1664 2317; x_wconf 86' lang='lat' dir='ltr'><strong>signiﬁcans.</strong></span> <span class='ocrx_word' id='word_1_153' title='bbox 1715 2254 1792 2307; x_wconf 85' lang='lat' dir='ltr'><strong>Ac</strong></span> <span class='ocrx_word' id='word_1_154' title='bbox 1855 2271 1921 2309; x_wconf 93' lang='lat' dir='ltr'><strong>ne</strong></span> <span class='ocrx_word' id='word_1_155' title='bbox 1972 2259 2096 2327; x_wconf 90' lang='lat' dir='ltr'><strong>quis</strong></span> <span class='ocrx_word' id='word_1_156' title='bbox 2130 2258 2230 2313; x_wconf 86' lang='lat' dir='ltr'><strong>im-</strong></span> 
     </span>
    </p>
   </div>
   <div class='ocr_carea' id='block_1_23' title="bbox 673 2333 2229 2419">
    <p class='ocr_par' dir='ltr' id='par_1_23' title="bbox 673 2333 2229 2419">
     <span class='ocr_line' id='line_1_23' title="bbox 673 2333 2229 2419; baseline 0.015 -37"><span class='ocrx_word' id='word_1_157' title='bbox 673 2333 886 2385; x_wconf 88' lang='lat' dir='ltr'><strong>mortali</strong></span> <span class='ocrx_word' id='word_1_158' title='bbox 915 2344 1120 2390; x_wconf 74' lang='lat' dir='ltr'><strong>natura:</strong></span> <span class='ocrx_word' id='word_1_159' title='bbox 1158 2338 1464 2405; x_wconf 87' lang='lat' dir='ltr'><strong>passionem</strong></span> <span class='ocrx_word' id='word_1_160' title='bbox 1498 2342 1679 2398; x_wconf 91' lang='lat' dir='ltr'><strong>crucis</strong></span> <span class='ocrx_word' id='word_1_161' title='bbox 1730 2342 1959 2412; x_wconf 70' lang='lat' dir='ltr'><strong>alfricet,</strong></span> <span class='ocrx_word' id='word_1_162' title='bbox 2000 2365 2095 2419; x_wconf 90' lang='lat' dir='ltr'><strong>per</strong></span> <span class='ocrx_word' id='word_1_163' title='bbox 2124 2352 2229 2405; x_wconf 89' lang='lat' dir='ltr'><strong>alia</strong></span> 
     </span>
    </p>
   </div>
   <div class='ocr_carea' id='block_1_24' title="bbox 677 2423 2228 2503">
    <p class='ocr_par' dir='ltr' id='par_1_24' title="bbox 677 2423 2228 2503">
     <span class='ocr_line' id='line_1_24' title="bbox 677 2423 2228 2503; baseline 0.016 -28"><span class='ocrx_word' id='word_1_164' title='bbox 677 2423 1049 2482; x_wconf 68' lang='lat' dir='ltr'><strong>manifestiora</strong></span> <span class='ocrx_word' id='word_1_165' title='bbox 1078 2429 1240 2483; x_wconf 89' lang='lat' dir='ltr'><strong>talem</strong></span> <span class='ocrx_word' id='word_1_166' title='bbox 1281 2431 1536 2486; x_wconf 88' lang='lat' dir='ltr'><strong>emendat</strong></span> <span class='ocrx_word' id='word_1_167' title='bbox 1568 2449 1833 2503; x_wconf 89' lang='lat' dir='ltr'><strong>errorem,</strong></span> <span class='ocrx_word' id='word_1_168' title='bbox 1874 2442 2228 2500; x_wconf 87' lang='lat' dir='ltr'><strong>mediatorem</strong></span> 
     </span>
    </p>
   </div>
   <div class='ocr_carea' id='block_1_25' title="bbox 672 2515 2229 2591">
    <p class='ocr_par' dir='ltr' id='par_1_25' title="bbox 672 2515 2229 2591">
     <span class='ocr_line' id='line_1_25' title="bbox 672 2515 2229 2591; baseline 0.015 -23"><span class='ocrx_word' id='word_1_169' title='bbox 672 2515 848 2585; x_wconf 78' lang='lat' dir='ltr'><strong>ipsum</strong></span> <span class='ocrx_word' id='word_1_170' title='bbox 878 2516 971 2573; x_wconf 89' lang='lat' dir='ltr'><strong>Dei</strong></span> <span class='ocrx_word' id='word_1_171' title='bbox 1003 2529 1056 2573; x_wconf 91' lang='lat' dir='ltr'><strong>et</strong></span> <span class='ocrx_word' id='word_1_172' title='bbox 1084 2519 1385 2585; x_wconf 90' lang='lat' dir='ltr'><strong>hominum,</strong></span> <span class='ocrx_word' id='word_1_173' title='bbox 1427 2531 1482 2578; x_wconf 93' lang='lat' dir='ltr'><strong>et</strong></span> <span class='ocrx_word' id='word_1_174' title='bbox 1522 2525 1796 2584; x_wconf 89' lang='lat' dir='ltr'><strong>hominem</strong></span> <span class='ocrx_word' id='word_1_175' title='bbox 1824 2541 1878 2587; x_wconf 90' lang='lat' dir='ltr'><strong>et</strong></span> <span class='ocrx_word' id='word_1_176' title='bbox 1926 2533 2093 2589; x_wconf 90' lang='lat' dir='ltr'><strong>Deum</strong></span> <span class='ocrx_word' id='word_1_177' title='bbox 2131 2552 2229 2591; x_wconf 91' lang='lat' dir='ltr'><strong>no-</strong></span> 
     </span>
    </p>
   </div>
   <div class='ocr_carea' id='block_1_26' title="bbox 672 2609 2228 2697">
    <p class='ocr_par' dir='ltr' id='par_1_26' title="bbox 672 2609 2228 2697">
     <span class='ocr_line' id='line_1_26' title="bbox 672 2609 2228 2697; baseline 0.014 -35"><span class='ocrx_word' id='word_1_178' title='bbox 672 2609 910 2677; x_wconf 90' lang='lat' dir='ltr'><strong>minans,</strong></span> <span class='ocrx_word' id='word_1_179' title='bbox 942 2619 1001 2665; x_wconf 94' lang='lat' dir='ltr'><strong>ut</strong></span> <span class='ocrx_word' id='word_1_180' title='bbox 1030 2626 1152 2667; x_wconf 84' lang='lat' dir='ltr'><strong>cum</strong></span> <span class='ocrx_word' id='word_1_181' title='bbox 1186 2613 1296 2669; x_wconf 90' lang='lat' dir='ltr'><strong>duo</strong></span> <span class='ocrx_word' id='word_1_182' title='bbox 1329 2614 1397 2671; x_wconf 91' lang='lat' dir='ltr'><strong>de</strong></span> <span class='ocrx_word' id='word_1_183' title='bbox 1437 2632 1549 2673; x_wconf 90' lang='lat' dir='ltr'><strong>uno</strong></span> <span class='ocrx_word' id='word_1_184' title='bbox 1589 2618 1870 2686; x_wconf 90' lang='lat' dir='ltr'><strong>dicuntur,</strong></span> <span class='ocrx_word' id='word_1_185' title='bbox 1928 2641 2228 2697; x_wconf 87' lang='lat' dir='ltr'><strong>congruum</strong></span> 
     </span>
    </p>
   </div>
   <div class='ocr_carea' id='block_1_27' title="bbox 670 2701 2231 2782">
    <p class='ocr_par' dir='ltr' id='par_1_27' title="bbox 670 2701 2231 2782">
     <span class='ocr_line' id='line_1_27' title="bbox 670 2701 2231 2782; baseline 0.012 -28"><span class='ocrx_word' id='word_1_186' title='bbox 670 2701 1003 2772; x_wconf 89' lang='lat' dir='ltr'><strong>intelligatur</strong></span> <span class='ocrx_word' id='word_1_187' title='bbox 1052 2704 1108 2758; x_wconf 94' lang='lat' dir='ltr'><strong>in</strong></span> <span class='ocrx_word' id='word_1_188' title='bbox 1152 2713 1419 2776; x_wconf 89' lang='lat' dir='ltr'><strong>utroque:</strong></span> <span class='ocrx_word' id='word_1_189' title='bbox 1468 2709 1523 2763; x_wconf 92' lang='lat' dir='ltr'><strong>in</strong></span> <span class='ocrx_word' id='word_1_190' title='bbox 1574 2725 1641 2764; x_wconf 93' lang='lat' dir='ltr'><strong>eo</strong></span> <span class='ocrx_word' id='word_1_191' title='bbox 1682 2715 1827 2782; x_wconf 87' lang='lat' dir='ltr'><strong>quod</strong></span> <span class='ocrx_word' id='word_1_192' title='bbox 1865 2716 2108 2772; x_wconf 88' lang='lat' dir='ltr'><strong>divinum</strong></span> <span class='ocrx_word' id='word_1_193' title='bbox 2148 2728 2231 2776; x_wconf 91' lang='lat' dir='ltr'><strong>est</strong></span> 
     </span>
    </p>
   </div>
   <div class='ocr_carea' id='block_1_28' title="bbox 670 2791 2229 2879">
    <p class='ocr_par' dir='ltr' id='par_1_28' title="bbox 670 2791 2229 2879">
     <span class='ocr_line' id='line_1_28' title="bbox 670 2791 2229 2879; baseline 0.013 -34"><span class='ocrx_word' id='word_1_194' title='bbox 670 2791 1103 2861; x_wconf 86' lang='lat' dir='ltr'><strong>impassibilitas,</strong></span> <span class='ocrx_word' id='word_1_195' title='bbox 1140 2795 1192 2849; x_wconf 91' lang='lat' dir='ltr'><strong>in</strong></span> <span class='ocrx_word' id='word_1_196' title='bbox 1224 2812 1288 2852; x_wconf 92' lang='lat' dir='ltr'><strong>eo</strong></span> <span class='ocrx_word' id='word_1_197' title='bbox 1332 2800 1477 2868; x_wconf 85' lang='lat' dir='ltr'><strong>quod</strong></span> <span class='ocrx_word' id='word_1_198' title='bbox 1530 2811 1613 2855; x_wconf 90' lang='lat' dir='ltr'><strong>est</strong></span> <span class='ocrx_word' id='word_1_199' title='bbox 1660 2803 1980 2871; x_wconf 89' lang='lat' dir='ltr'><strong>humanum,</strong></span> <span class='ocrx_word' id='word_1_200' title='bbox 2016 2809 2071 2863; x_wconf 88' lang='lat' dir='ltr'><strong>in</strong></span> <span class='ocrx_word' id='word_1_201' title='bbox 2101 2826 2229 2879; x_wconf 89' lang='lat' dir='ltr'><strong>pas-</strong></span> 
     </span>
    </p>
   </div>
   <div class='ocr_carea' id='block_1_29' title="bbox 669 2877 2231 2968">
    <p class='ocr_par' dir='ltr' id='par_1_29' title="bbox 669 2877 2231 2968">
     <span class='ocr_line' id='line_1_29' title="bbox 669 2877 2231 2968; baseline 0.017 -37"><span class='ocrx_word' id='word_1_202' title='bbox 669 2877 825 2932; x_wconf 83' lang='lat' dir='ltr'><strong>sione</strong></span> <span class='ocrx_word' id='word_1_203' title='bbox 871 2878 1231 2949; x_wconf 87' lang='lat' dir='ltr'><strong>dispensatio,</strong></span> <span class='ocrx_word' id='word_1_204' title='bbox 1299 2899 1424 2939; x_wconf 91' lang='lat' dir='ltr'><strong>cum</strong></span> <span class='ocrx_word' id='word_1_205' title='bbox 1471 2887 1786 2949; x_wconf 80' lang='lat' dir='ltr'><strong>intellectus</strong></span> <span class='ocrx_word' id='word_1_206' title='bbox 1832 2877 2135 2968; x_wconf 78' lang='lat' dir='ltr'><strong>distinguat</strong></span> <span class='ocrx_word' id='word_1_207' title='bbox 2177 2912 2231 2957; x_wconf 91' lang='lat' dir='ltr'><strong>et</strong></span> 
     </span>
    </p>
   </div>
   <div class='ocr_carea' id='block_1_30' title="bbox 1927 211 2665 280">
    <p class='ocr_par' dir='ltr' id='par_1_30' title="bbox 1927 211 2665 280">
     <span class='ocr_line' id='line_1_30' title="bbox 1927 211 2665 280; baseline 0.019 -14"><span class='ocrx_word' id='word_1_208' title='bbox 1927 211 1984 268; x_wconf 83' lang='lat' dir='ltr'><strong>S.</strong></span> <span class='ocrx_word' id='word_1_209' title='bbox 2024 212 2346 271; x_wconf 77' lang='lat' dir='ltr'><strong>GRECORII</strong></span> <span class='ocrx_word' id='word_1_210' title='bbox 2377 219 2665 280; x_wconf 72' lang='lat' dir='ltr'><strong>NYSSENI</strong></span> 
     </span>
    </p>
   </div>
   <div class='ocr_carea' id='block_1_31' title="bbox 742 309 2304 407">
    <p class='ocr_par' dir='ltr' id='par_1_31' title="bbox 742 309 2304 407">
     <span class='ocr_line' id='line_1_31' title="bbox 742 309 2304 407; baseline 0.02 -43"><span class='ocrx_word' id='word_1_211' title='bbox 742 309 848 367; x_wconf 87' lang='lat' dir='ltr'><strong>Sed</strong></span> <span class='ocrx_word' id='word_1_212' title='bbox 913 326 1248 372; x_wconf 85' lang='lat' dir='ltr'><strong>revertamur</strong></span> <span class='ocrx_word' id='word_1_213' title='bbox 1301 336 1492 380; x_wconf 90' lang='lat' dir='ltr'><strong>rursus</strong></span> <span class='ocrx_word' id='word_1_214' title='bbox 1547 328 1612 382; x_wconf 90' lang='lat' dir='ltr'><strong>ad</strong></span> <span class='ocrx_word' id='word_1_215' title='bbox 1677 328 1730 383; x_wconf 96' lang='lat' dir='ltr'><strong>id</strong></span> <span class='ocrx_word' id='word_1_216' title='bbox 1778 335 1922 389; x_wconf 90' lang='lat' dir='ltr'><strong>unde</strong></span> <span class='ocrx_word' id='word_1_217' title='bbox 1997 338 2304 407; x_wconf 74' lang='lat' dir='ltr'><strong>digressiA</strong></span> 
     </span>
    </p>
   </div>
   <div class='ocr_carea' id='block_1_32' title="bbox 3739 265 3815 321">
    <p class='ocr_par' dir='ltr' id='par_1_32' title="bbox 3739 265 3815 321">
     <span class='ocr_line' id='line_1_32' title="bbox 3739 265 3815 321; baseline 0.079 -5"><span class='ocrx_word' id='word_1_218' title='bbox 3739 265 3815 321; x_wconf 76' lang='grc'><strong>716</strong></span> 
     </span>
    </p>
   </div>
   <div class='ocr_carea' id='block_1_33' title="bbox 2413 347 3821 455">
    <p class='ocr_par' dir='ltr' id='par_1_33' title="bbox 2413 347 3821 455">
     <span class='ocr_line' id='line_1_33' title="bbox 2413 347 3821 455; baseline 0.055 -71"><span class='ocrx_word' id='word_1_219' title='bbox 2413 347 2549 401; x_wconf 58' lang='grc' dir='ltr'><strong>Ἄλλο</strong></span> <span class='ocrx_word' id='word_1_220' title='bbox 2594 350 2967 424; x_wconf 66' lang='grc' dir='ltr'><strong>ἐπανέλθωμεν</strong></span> <span class='ocrx_word' id='word_1_221' title='bbox 3021 363 3181 417; x_wconf 84' lang='grc' dir='ltr'>πάλιν</span> <span class='ocrx_word' id='word_1_222' title='bbox 3221 366 3340 422; x_wconf 79' lang='grc' dir='ltr'>ὅθεν</span> <span class='ocrx_word' id='word_1_223' title='bbox 3383 370 3646 443; x_wconf 73' lang='grc' dir='ltr'>ἐξέὸημενο</span> <span class='ocrx_word' id='word_1_224' title='bbox 3676 383 3821 455; x_wconf 51' lang='lat' dir='ltr'><strong>Mutila</strong></span> 
     </span>
    </p>
   </div>
   <div class='ocr_carea' id='block_1_34' title="bbox 2332 440 3807 549">
    <p class='ocr_par' dir='ltr' id='par_1_34' title="bbox 2332 440 3807 549">
     <span class='ocr_line' id='line_1_34' title="bbox 2332 440 3807 549; baseline 0.035 -69"><span class='ocrx_word' id='word_1_225' title='bbox 2332 440 2440 514; x_wconf 77' lang='grc' dir='ltr'><strong>γὰρ</strong></span> <span class='ocrx_word' id='word_1_226' title='bbox 2478 441 2611 512; x_wconf 78' lang='grc' dir='ltr'>πρὸς</span> <span class='ocrx_word' id='word_1_227' title='bbox 2656 445 2862 510; x_wconf 87' lang='grc' dir='ltr'>τούτοις</span> <span class='ocrx_word' id='word_1_228' title='bbox 2906 447 3039 501; x_wconf 84' lang='grc' dir='ltr'>ἄλλα</span> <span class='ocrx_word' id='word_1_229' title='bbox 3081 456 3300 515; x_wconf 76' lang='grc' dir='ltr'>δυνατόν</span> <span class='ocrx_word' id='word_1_230' title='bbox 3334 463 3475 517; x_wconf 82' lang='grc' dir='ltr'>ἐστιν</span> <span class='ocrx_word' id='word_1_231' title='bbox 3582 472 3667 542; x_wconf 79' lang='grc' dir='ltr'>τῆς</span> <span class='ocrx_word' id='word_1_232' title='bbox 3685 440 3807 549; x_wconf 54' lang='grc' dir='ltr'>αὑτηί</span> 
     </span>
    </p>
   </div>
   <div class='ocr_carea' id='block_1_35' title="bbox 2334 532 3815 636">
    <p class='ocr_par' dir='ltr' id='par_1_35' title="bbox 2334 532 3815 636">
     <span class='ocr_line' id='line_1_35' title="bbox 2334 532 3815 636; baseline 0.022 -52"><span class='ocrx_word' id='word_1_233' title='bbox 2334 532 2552 604; x_wconf 80' lang='grc' dir='ltr'>Γραφῆς</span> <span class='ocrx_word' id='word_1_234' title='bbox 2584 535 2717 636; x_wconf 52' lang='grc' dir='ltr'>πρρς</span> <span class='ocrx_word' id='word_1_235' title='bbox 2761 537 2852 590; x_wconf 82' lang='grc' dir='ltr'><strong>τὸν</strong></span> <span class='ocrx_word' id='word_1_236' title='bbox 2901 540 3098 594; x_wconf 79' lang='grc' dir='ltr'>σκοπὸν</span> <span class='ocrx_word' id='word_1_237' title='bbox 3143 544 3508 636; x_wconf 66' lang='grc' dir='ltr'>ἀναδέξασθαι.</span> <span class='ocrx_word' id='word_1_238' title='bbox 3558 532 3815 636; x_wconf 30' lang='lat' dir='ltr'><strong>lia-tuncet</strong></span> 
     </span>
    </p>
   </div>
   <div class='ocr_carea' id='block_1_36' title="bbox 2333 623 3821 716">
    <p class='ocr_par' dir='ltr' id='par_1_36' title="bbox 2333 623 3821 716">
     <span class='ocr_line' id='line_1_36' title="bbox 2333 623 3821 716; baseline 0.02 -40"><span class='ocrx_word' id='word_1_239' title='bbox 2333 623 2525 677; x_wconf 76' lang='grc' dir='ltr'>οἰέσθω</span> <span class='ocrx_word' id='word_1_240' title='bbox 2542 625 2630 678; x_wconf 76' lang='grc' dir='ltr'>τὸν</span> <span class='ocrx_word' id='word_1_241' title='bbox 2650 624 2791 679; x_wconf 82' lang='grc' dir='ltr'>Θεῖον</span> <span class='ocrx_word' id='word_1_242' title='bbox 2808 628 3125 686; x_wconf 79' lang='grc' dir='ltr'>Ἀπόστολον</span> <span class='ocrx_word' id='word_1_243' title='bbox 3149 634 3268 687; x_wconf 81' lang='grc' dir='ltr'>καθ’</span> <span class='ocrx_word' id='word_1_244' title='bbox 3290 637 3476 699; x_wconf 67' lang='grc' dir='ltr'>ἐωλτοῦ</span> <span class='ocrx_word' id='word_1_245' title='bbox 3498 649 3623 716; x_wconf 78' lang='grc' dir='ltr'>πρὸς</span> <span class='ocrx_word' id='word_1_246' title='bbox 3640 623 3695 709; x_wconf 58' lang='grc' dir='ltr'><strong>τά</strong></span> <span class='ocrx_word' id='word_1_247' title='bbox 3707 623 3821 711; x_wconf 46' lang='lat' dir='ltr'><strong>tim:</strong></span> 
     </span>
    </p>
   </div>
   <div class='ocr_carea' id='block_1_37' title="bbox 2332 713 3820 815">
    <p class='ocr_par' dir='ltr' id='par_1_37' title="bbox 2332 713 3820 815">
     <span class='ocr_line' id='line_1_37' title="bbox 2332 713 3820 815; baseline 0.022 -50"><span class='ocrx_word' id='word_1_248' title='bbox 2332 713 2420 766; x_wconf 86' lang='grc' dir='ltr'><strong>τία</strong></span> <span class='ocrx_word' id='word_1_249' title='bbox 2466 716 2815 787; x_wconf 77' lang='grc' dir='ltr'>μερίζεσθαι,</span> <span class='ocrx_word' id='word_1_250' title='bbox 2863 723 2973 784; x_wconf 85' lang='grc' dir='ltr'>τοῖς</span> <span class='ocrx_word' id='word_1_251' title='bbox 3018 724 3343 795; x_wconf 80' lang='grc' dir='ltr'><strong>μαχομένοις</strong></span> <span class='ocrx_word' id='word_1_252' title='bbox 3374 737 3503 788; x_wconf 66' lang='grc' dir='ltr'>κατὰ</span> <span class='ocrx_word' id='word_1_253' title='bbox 3542 713 3820 815; x_wconf 53' lang='lat' dir='ltr'><strong>tib/1mm</strong></span> 
     </span>
    </p>
   </div>
   <div class='ocr_carea' id='block_1_38' title="bbox 2334 805 3822 911">
    <p class='ocr_par' dir='ltr' id='par_1_38' title="bbox 2334 805 3822 911">
     <span class='ocr_line' id='line_1_38' title="bbox 2334 805 3822 911; baseline 0.017 -54"><span class='ocrx_word' id='word_1_254' title='bbox 2334 805 2468 880; x_wconf 80' lang='grc' dir='ltr'>πρὸς</span> <span class='ocrx_word' id='word_1_255' title='bbox 2496 807 2595 879; x_wconf 80' lang='grc' dir='ltr'><strong>τὴν</strong></span> <span class='ocrx_word' id='word_1_256' title='bbox 2626 811 2703 873; x_wconf 81' lang='grc' dir='ltr'><strong>είς</strong></span> <span class='ocrx_word' id='word_1_257' title='bbox 2746 810 3001 882; x_wconf 72' lang='grc' dir='ltr'>ἑκάτερον</span> <span class='ocrx_word' id='word_1_258' title='bbox 3029 810 3366 886; x_wconf 71' lang='grc' dir='ltr'><strong>ἐπιχείρησιν</strong></span> <span class='ocrx_word' id='word_1_259' title='bbox 3397 820 3458 873; x_wconf 83' lang='grc' dir='ltr'><strong>ἐκ</strong></span> <span class='ocrx_word' id='word_1_260' title='bbox 3486 829 3573 876; x_wconf 66' lang='grc' dir='ltr'>τοῖ’,</span> <span class='ocrx_word' id='word_1_261' title='bbox 3601 805 3704 886; x_wconf 59' lang='grc' dir='ltr'>ἴσον</span> <span class='ocrx_word' id='word_1_262' title='bbox 3716 805 3822 911; x_wconf 70' lang='grc' dir='ltr'>παρ.</span> 
     </span>
    </p>
   </div>
   <div class='ocr_carea' id='block_1_39' title="bbox 2334 899 3823 999">
    <p class='ocr_par' dir='ltr' id='par_1_39' title="bbox 2334 899 3823 999">
     <span class='ocr_line' id='line_1_39' title="bbox 2334 899 3823 999; baseline 0.014 -48"><span class='ocrx_word' id='word_1_263' title='bbox 2334 899 2475 969; x_wconf 88' lang='grc' dir='ltr'>έχειν</span> <span class='ocrx_word' id='word_1_264' title='bbox 2506 901 2593 955; x_wconf 82' lang='grc' dir='ltr'>διὰ</span> <span class='ocrx_word' id='word_1_265' title='bbox 2606 903 2712 956; x_wconf 83' lang='grc' dir='ltr'><strong>τῶν</strong></span> <span class='ocrx_word' id='word_1_266' title='bbox 2743 903 2884 956; x_wconf 85' lang='grc' dir='ltr'>ίδίων</span> <span class='ocrx_word' id='word_1_267' title='bbox 2905 905 3001 969; x_wconf 85' lang='grc' dir='ltr'>τὰς</span> <span class='ocrx_word' id='word_1_268' title='bbox 3031 904 3160 969; x_wconf 74' lang='grc' dir='ltr'>ὔλας</span> <span class='ocrx_word' id='word_1_269' title='bbox 3182 918 3197 931; x_wconf 86' lang='lat'>&#39;</span> <span class='ocrx_word' id='word_1_270' title='bbox 3231 908 3378 979; x_wconf 72' lang='grc' dir='ltr'>εὖροι</span> <span class='ocrx_word' id='word_1_271' title='bbox 3407 910 3512 980; x_wconf 77' lang='grc' dir='ltr'>γὰρ</span> <span class='ocrx_word' id='word_1_272' title='bbox 3536 916 3595 968; x_wconf 78' lang='grc' dir='ltr'>ἄν</span> <span class='ocrx_word' id='word_1_273' title='bbox 3618 938 3685 986; x_wconf 75' lang='grc' dir='ltr'><strong>τις</strong></span> <span class='ocrx_word' id='word_1_274' title='bbox 3704 899 3823 999; x_wconf 46' lang='grc' dir='ltr'>ἀχρὶ-</span> 
     </span>
    </p>
   </div>
   <div class='ocr_carea' id='block_1_40' title="bbox 2334 993 3824 1084">
    <p class='ocr_par' dir='ltr' id='par_1_40' title="bbox 2334 993 3824 1084">
     <span class='ocr_line' id='line_1_40' title="bbox 2334 993 3824 1084; baseline 0.009 -39"><span class='ocrx_word' id='word_1_275' title='bbox 2334 993 2444 1056; x_wconf 85' lang='grc' dir='ltr'><strong>6ῶς</strong></span> <span class='ocrx_word' id='word_1_276' title='bbox 2473 993 2758 1060; x_wconf 80' lang='grc' dir='ltr'>ἐξετάζων,</span> <span class='ocrx_word' id='word_1_277' title='bbox 2791 998 2872 1050; x_wconf 83' lang='grc' dir='ltr'>ὅτι</span> <span class='ocrx_word' id='word_1_278' title='bbox 2902 997 3038 1067; x_wconf 76' lang='grc' dir='ltr'>πρὸς</span> <span class='ocrx_word' id='word_1_279' title='bbox 3066 999 3122 1050; x_wconf 81' lang='grc' dir='ltr'><strong>ἒν</strong></span> <span class='ocrx_word' id='word_1_280' title='bbox 3142 1000 3288 1070; x_wconf 83' lang='grc' dir='ltr'>αὐτῷ</span> <span class='ocrx_word' id='word_1_281' title='bbox 3319 998 3498 1071; x_wconf 80' lang='grc' dir='ltr'>βλέπει</span> <span class='ocrx_word' id='word_1_282' title='bbox 3525 1005 3583 1058; x_wconf 84' lang='grc' dir='ltr'><strong>δι’</strong></span> <span class='ocrx_word' id='word_1_283' title='bbox 3604 993 3824 1084; x_wconf 59' lang='grc' dir='ltr'>ἀκριδεὶας</span> 
     </span>
    </p>
   </div>
   <div class='ocr_carea' id='block_1_41' title="bbox 2332 1082 3822 1161">
    <p class='ocr_par' dir='ltr' id='par_1_41' title="bbox 2332 1082 3822 1161">
     <span class='ocr_line' id='line_1_41' title="bbox 2332 1082 3822 1161; baseline 0.011 -27"><span class='ocrx_word' id='word_1_284' title='bbox 2332 1082 2361 1134; x_wconf 82' lang='grc' dir='ltr'>ὁ</span> <span class='ocrx_word' id='word_1_285' title='bbox 2394 1083 2569 1151; x_wconf 84' lang='grc' dir='ltr'>λόγος.</span> <span class='ocrx_word' id='word_1_286' title='bbox 2598 1084 2700 1137; x_wconf 56' lang='grc' dir='ltr'><strong>Καὶ⁹</strong></span> <span class='ocrx_word' id='word_1_287' title='bbox 2723 1086 2820 1139; x_wconf 79' lang='grc' dir='ltr'><strong>οὐκ</strong></span> <span class='ocrx_word' id='word_1_288' title='bbox 2848 1087 3174 1153; x_wconf 77' lang='grc' dir='ltr'>ἐπιδιστάζει</span> <span class='ocrx_word' id='word_1_289' title='bbox 3201 1093 3317 1152; x_wconf 78' lang='grc' dir='ltr'>ταῖς</span> <span class='ocrx_word' id='word_1_290' title='bbox 3345 1092 3596 1158; x_wconf 72' lang='grc' dir='ltr'><strong>ἐπινοίαις</strong></span> <span class='ocrx_word' id='word_1_291' title='bbox 3615 1117 3627 1128; x_wconf 86' lang='grc'><strong>·</strong></span> <span class='ocrx_word' id='word_1_292' title='bbox 3668 1123 3822 1161; x_wconf 66' lang='lat' dir='ltr'><strong>mm-</strong></span> 
     </span>
    </p>
   </div>
   <div class='ocr_carea' id='block_1_42' title="bbox 2334 1174 3823 1266">
    <p class='ocr_par' dir='ltr' id='par_1_42' title="bbox 2334 1174 3823 1266">
     <span class='ocr_line' id='line_1_42' title="bbox 2334 1174 3823 1266; baseline 0.028 -56"><span class='ocrx_word' id='word_1_293' title='bbox 2334 1174 2429 1246; x_wconf 71' lang='grc' dir='ltr'><strong>χοῦ</strong></span> <span class='ocrx_word' id='word_1_294' title='bbox 2452 1175 2560 1247; x_wconf 70' lang='grc' dir='ltr'><strong>γὰρ</strong></span> <span class='ocrx_word' id='word_1_295' title='bbox 2591 1176 2687 1248; x_wconf 76' lang='grc' dir='ltr'>τὴν</span> <span class='ocrx_word' id='word_1_296' title='bbox 2706 1177 2797 1229; x_wconf 75' lang='grc' dir='ltr'>τοῦ</span> <span class='ocrx_word' id='word_1_297' title='bbox 2818 1178 3157 1249; x_wconf 75' lang='grc' dir='ltr'>ἀνθρωπίνου</span> <span class='ocrx_word' id='word_1_298' title='bbox 3182 1181 3317 1253; x_wconf 75' lang='grc' dir='ltr'>πρὸς</span> <span class='ocrx_word' id='word_1_299' title='bbox 3347 1184 3406 1235; x_wconf 81' lang='grc' dir='ltr'><strong>τὸ</strong></span> <span class='ocrx_word' id='word_1_300' title='bbox 3432 1183 3565 1238; x_wconf 86' lang='grc' dir='ltr'>θεῖον</span> <span class='ocrx_word' id='word_1_301' title='bbox 3590 1186 3823 1266; x_wconf 72' lang='grc' dir='ltr'>ἀνάκρασιν</span> 
     </span>
    </p>
   </div>
   <div class='ocr_carea' id='block_1_43' title="bbox 2333 1264 3821 1359">
    <p class='ocr_par' dir='ltr' id='par_1_43' title="bbox 2333 1264 3821 1359">
     <span class='ocr_line' id='line_1_43' title="bbox 2333 1264 3821 1359; baseline 0.011 -41"><span class='ocrx_word' id='word_1_302' title='bbox 2333 1267 2641 1338; x_wconf 79' lang='grc' dir='ltr'><strong>κηρύσσων,</strong></span> <span class='ocrx_word' id='word_1_303' title='bbox 2674 1269 2823 1321; x_wconf 79' lang='grc' dir='ltr'>οὐδὲν</span> <span class='ocrx_word' id='word_1_304' title='bbox 2850 1264 3011 1341; x_wconf 71' lang='grc' dir='ltr'>ἦττον</span> <span class='ocrx_word' id='word_1_305' title='bbox 3042 1273 3098 1323; x_wconf 83' lang='grc' dir='ltr'><strong>ἐν</strong></span> <span class='ocrx_word' id='word_1_306' title='bbox 3132 1273 3375 1343; x_wconf 79' lang='grc' dir='ltr'>ἑκατέρῳ</span> <span class='ocrx_word' id='word_1_307' title='bbox 3419 1272 3475 1327; x_wconf 77' lang='grc' dir='ltr'>τὸ</span> <span class='ocrx_word' id='word_1_308' title='bbox 3509 1277 3625 1330; x_wconf 82' lang='grc' dir='ltr'>[διον</span> <span class='ocrx_word' id='word_1_309' title='bbox 3652 1288 3821 1359; x_wconf 65' lang='grc' dir='ltr'>καθορᾷ,</span> 
     </span>
    </p>
   </div>
   <div class='ocr_carea' id='block_1_44' title="bbox 2332 1358 3821 1441">
    <p class='ocr_par' dir='ltr' id='par_1_44' title="bbox 2332 1358 3821 1441">
     <span class='ocr_line' id='line_1_44' title="bbox 2332 1358 3821 1441; baseline 0.009 -32"><span class='ocrx_word' id='word_1_310' title='bbox 2332 1358 2408 1420; x_wconf 84' lang='grc' dir='ltr'><strong>ὡς</strong></span> <span class='ocrx_word' id='word_1_311' title='bbox 2433 1359 2523 1410; x_wconf 79' lang='grc' dir='ltr'><strong>καὶ</strong></span> <span class='ocrx_word' id='word_1_312' title='bbox 2560 1358 2656 1427; x_wconf 77' lang='grc' dir='ltr'>τῆς</span> <span class='ocrx_word' id='word_1_313' title='bbox 2687 1359 3031 1430; x_wconf 80' lang='grc' dir='ltr'><strong>ἀνθρωπίνης</strong></span> <span class='ocrx_word' id='word_1_314' title='bbox 3078 1363 3361 1424; x_wconf 81' lang='grc' dir='ltr'>ἀσθενείας</span> <span class='ocrx_word' id='word_1_315' title='bbox 3407 1365 3492 1418; x_wconf 77' lang='grc' dir='ltr'>διὰ</span> <span class='ocrx_word' id='word_1_316' title='bbox 3527 1371 3615 1437; x_wconf 77' lang='grc' dir='ltr'>τῆς</span> <span class='ocrx_word' id='word_1_317' title='bbox 3659 1358 3821 1441; x_wconf 72' lang='grc' dir='ltr'>πρὸς</span> 
     </span>
    </p>
   </div>
   <div class='ocr_carea' id='block_1_45' title="bbox 2332 1448 3818 1534">
    <p class='ocr_par' dir='ltr' id='par_1_45' title="bbox 2332 1448 3818 1534">
     <span class='ocr_line' id='line_1_45' title="bbox 2332 1448 3818 1534; baseline 0.011 -33"><span class='ocrx_word' id='word_1_318' title='bbox 2332 1448 2605 1519; x_wconf 86' lang='grc' dir='ltr'>ἀκήρατον</span> <span class='ocrx_word' id='word_1_319' title='bbox 2634 1450 2913 1513; x_wconf 87' lang='grc' dir='ltr'>κοινωνίας</span> <span class='ocrx_word' id='word_1_320' title='bbox 2947 1452 3083 1523; x_wconf 82' lang='grc' dir='ltr'>πρὸς</span> <span class='ocrx_word' id='word_1_321' title='bbox 3112 1453 3175 1506; x_wconf 74' lang='grc' dir='ltr'><strong>τὸ</strong></span> <span class='ocrx_word' id='word_1_322' title='bbox 3218 1457 3463 1524; x_wconf 83' lang='grc' dir='ltr'>κρεῖττον</span> <span class='ocrx_word' id='word_1_323' title='bbox 3492 1458 3818 1534; x_wconf 74' lang='grc' dir='ltr'>άλλοιωθείσης,</span> 
     </span>
    </p>
   </div>
   <div class='ocr_carea' id='block_1_46' title="bbox 2334 1540 3825 1626">
    <p class='ocr_par' dir='ltr' id='par_1_46' title="bbox 2334 1540 3825 1626">
     <span class='ocr_line' id='line_1_46' title="bbox 2334 1540 3825 1626; baseline -0.002 -19"><span class='ocrx_word' id='word_1_324' title='bbox 2334 1541 2426 1593; x_wconf 58' lang='grc' dir='ltr'>καὶ</span> <span class='ocrx_word' id='word_1_325' title='bbox 2463 1542 2560 1611; x_wconf 82' lang='grc' dir='ltr'>τῆς</span> <span class='ocrx_word' id='word_1_326' title='bbox 2607 1540 2755 1605; x_wconf 81' lang='grc' dir='ltr'>θείας</span> <span class='ocrx_word' id='word_1_327' title='bbox 2803 1543 3081 1613; x_wconf 79' lang='grc' dir='ltr'>δυνάμεως</span> <span class='ocrx_word' id='word_1_328' title='bbox 3122 1547 3182 1599; x_wconf 84' lang='grc' dir='ltr'><strong>οὐ</strong></span> <span class='ocrx_word' id='word_1_329' title='bbox 3246 1553 3752 1626; x_wconf 80' lang='grc' dir='ltr'>συγκαταπιπτούσης</span> <span class='ocrx_word' id='word_1_330' title='bbox 3779 1561 3825 1626; x_wconf 78' lang='grc' dir='ltr'>τῇ</span> 
     </span>
    </p>
   </div>
   <div class='ocr_carea' id='block_1_47' title="bbox 2334 1628 3826 1709">
    <p class='ocr_par' dir='ltr' id='par_1_47' title="bbox 2334 1628 3826 1709">
     <span class='ocr_line' id='line_1_47' title="bbox 2334 1628 3826 1709; baseline 0.009 -24"><span class='ocrx_word' id='word_1_331' title='bbox 2334 1633 2468 1702; x_wconf 77' lang='grc' dir='ltr'>πρὸς</span> <span class='ocrx_word' id='word_1_332' title='bbox 2502 1635 2563 1686; x_wconf 86' lang='grc' dir='ltr'>τὸ</span> <span class='ocrx_word' id='word_1_333' title='bbox 2597 1636 2851 1688; x_wconf 84' lang='grc' dir='ltr'>ταπεινὸν</span> <span class='ocrx_word' id='word_1_334' title='bbox 2891 1638 3151 1709; x_wconf 80' lang='grc' dir='ltr'>συναφείᾳ</span> <span class='ocrx_word' id='word_1_335' title='bbox 3188 1639 3288 1708; x_wconf 80' lang='grc' dir='ltr'>τῆς</span> <span class='ocrx_word' id='word_1_336' title='bbox 3320 1639 3529 1709; x_wconf 78' lang='grc' dir='ltr'>φύσεως</span> <span class='ocrx_word' id='word_1_337' title='bbox 3603 1628 3740 1700; x_wconf 75' lang='grc' dir='ltr'>Ὅταν</span> <span class='ocrx_word' id='word_1_338' title='bbox 3762 1646 3826 1701; x_wconf 73' lang='grc' dir='ltr'>οὖν</span> 
     </span>
    </p>
   </div>
   <div class='ocr_carea' id='block_1_48' title="bbox 2338 1708 3827 1804">
    <p class='ocr_par' dir='ltr' id='par_1_48' title="bbox 2338 1708 3827 1804">
     <span class='ocr_line' id='line_1_48' title="bbox 2338 1708 3827 1804; baseline 0.007 -27"><span class='ocrx_word' id='word_1_339' title='bbox 2338 1724 2489 1797; x_wconf 83' lang='grc' dir='ltr'>λέγῃ,</span> <span class='ocrx_word' id='word_1_340' title='bbox 2512 1726 2593 1779; x_wconf 83' lang='grc' dir='ltr'><strong>ὅτι</strong></span> <span class='ocrx_word' id='word_1_341' title='bbox 2628 1728 2734 1779; x_wconf 86' lang='grc' dir='ltr'><strong>Τοῦ</strong></span> <span class='ocrx_word' id='word_1_342' title='bbox 2762 1708 3031 1781; x_wconf 71' lang='grc' dir='ltr'>Υἱοῦόὐκ</span> <span class='ocrx_word' id='word_1_343' title='bbox 3059 1708 3359 1797; x_wconf 54' lang='grc' dir='ltr'>ἐρείσατο,</span> <span class='ocrx_word' id='word_1_344' title='bbox 3385 1731 3471 1784; x_wconf 79' lang='grc' dir='ltr'><strong>τὸν</strong></span> <span class='ocrx_word' id='word_1_345' title='bbox 3500 1733 3718 1804; x_wconf 75' lang='grc' dir='ltr'>ἀληθινὸν</span> <span class='ocrx_word' id='word_1_346' title='bbox 3742 1740 3827 1789; x_wconf 72' lang='grc' dir='ltr'><strong>Υἱὸν</strong></span> 
     </span>
    </p>
   </div>
   <div class='ocr_carea' id='block_1_49' title="bbox 2334 1816 3828 1891">
    <p class='ocr_par' dir='ltr' id='par_1_49' title="bbox 2334 1816 3828 1891">
     <span class='ocr_line' id='line_1_49' title="bbox 2334 1816 3828 1891; baseline 0.005 -20"><span class='ocrx_word' id='word_1_347' title='bbox 2334 1816 2749 1871; x_wconf 85' lang='grc' dir='ltr'>ἀντιδιαστέλλει</span> <span class='ocrx_word' id='word_1_348' title='bbox 2779 1820 2888 1880; x_wconf 88' lang='grc' dir='ltr'>τοῖς</span> <span class='ocrx_word' id='word_1_349' title='bbox 2914 1817 3216 1889; x_wconf 84' lang='grc' dir='ltr'>γεννηθείσι</span> <span class='ocrx_word' id='word_1_350' title='bbox 3252 1839 3345 1874; x_wconf 86' lang='grc' dir='ltr'><strong>και</strong></span> <span class='ocrx_word' id='word_1_351' title='bbox 3369 1822 3615 1891; x_wconf 68' lang='grc' dir='ltr'>ὑψωθεῖσι</span> <span class='ocrx_word' id='word_1_352' title='bbox 3640 1826 3718 1878; x_wconf 71' lang='grc' dir='ltr'><strong>καὶ</strong></span> <span class='ocrx_word' id='word_1_353' title='bbox 3743 1827 3828 1880; x_wconf 83' lang='grc' dir='ltr'>ἀθε-</span> 
     </span>
    </p>
   </div>
   <div class='ocr_carea' id='block_1_50' title="bbox 2334 1907 3829 1988">
    <p class='ocr_par' dir='ltr' id='par_1_50' title="bbox 2334 1907 3829 1988">
     <span class='ocr_line' id='line_1_50' title="bbox 2334 1907 3829 1988; baseline 0.003 -28"><span class='ocrx_word' id='word_1_354' title='bbox 2334 1909 2530 1979; x_wconf 84' lang='grc' dir='ltr'>τήσασι</span> <span class='ocrx_word' id='word_1_355' title='bbox 2557 1924 2570 1938; x_wconf 91' lang='grc'>·</span> <span class='ocrx_word' id='word_1_356' title='bbox 2595 1907 2802 1971; x_wconf 80' lang='grc' dir='ltr'>τούτοις</span> <span class='ocrx_word' id='word_1_357' title='bbox 2829 1907 2989 1976; x_wconf 84' lang='grc' dir='ltr'>λέγω,</span> <span class='ocrx_word' id='word_1_358' title='bbox 3021 1911 3131 1973; x_wconf 87' lang='grc' dir='ltr'>τοῖς</span> <span class='ocrx_word' id='word_1_359' title='bbox 3156 1909 3244 1962; x_wconf 81' lang='grc' dir='ltr'><strong>διὰ</strong></span> <span class='ocrx_word' id='word_1_360' title='bbox 3282 1915 3676 1983; x_wconf 84' lang='grc' dir='ltr'>προστάγματος</span> <span class='ocrx_word' id='word_1_361' title='bbox 3726 1934 3829 1988; x_wconf 68' lang='grc' dir='ltr'>περ.</span> 
     </span>
    </p>
   </div>
   <div class='ocr_carea' id='block_1_51' title="bbox 2331 2000 3829 2078">
    <p class='ocr_par' dir='ltr' id='par_1_51' title="bbox 2331 2000 3829 2078">
     <span class='ocr_line' id='line_1_51' title="bbox 2331 2000 3829 2078; baseline 0.002 -21"><span class='ocrx_word' id='word_1_362' title='bbox 2331 2002 2569 2074; x_wconf 81' lang='grc' dir='ltr'>αχθεῖσιν</span> <span class='ocrx_word' id='word_1_363' title='bbox 2585 2004 2662 2064; x_wconf 89' lang='grc' dir='ltr'>εἰς</span> <span class='ocrx_word' id='word_1_364' title='bbox 2683 2000 2890 2068; x_wconf 87' lang='grc' dir='ltr'>γένεσιν</span> <span class='ocrx_word' id='word_1_365' title='bbox 2909 2018 2923 2031; x_wconf 77' lang='grc' dir='ltr'><strong>ο</strong></span> <span class='ocrx_word' id='word_1_366' title='bbox 2954 2003 3019 2071; x_wconf 79' lang='grc' dir='ltr'>τῇ</span> <span class='ocrx_word' id='word_1_367' title='bbox 3050 2001 3143 2054; x_wconf 79' lang='grc' dir='ltr'><strong>τοῦ</strong></span> <span class='ocrx_word' id='word_1_368' title='bbox 3181 2001 3333 2055; x_wconf 78' lang='grc' dir='ltr'>ἰδίου</span> <span class='ocrx_word' id='word_1_369' title='bbox 3362 2004 3633 2078; x_wconf 76' lang='grc' dir='ltr'>προσθήκῃ</span> <span class='ocrx_word' id='word_1_370' title='bbox 3655 2006 3704 2059; x_wconf 82' lang='grc' dir='ltr'>τὸ</span> <span class='ocrx_word' id='word_1_371' title='bbox 3730 2008 3829 2060; x_wconf 68' lang='grc' dir='ltr'>κατὰ</span> 
     </span>
    </p>
   </div>
   <div class='ocr_carea' id='block_1_52' title="bbox 2334 2090 3826 2170">
    <p class='ocr_par' dir='ltr' id='par_1_52' title="bbox 2334 2090 3826 2170">
     <span class='ocr_line' id='line_1_52' title="bbox 2334 2090 3826 2170; baseline 0.006 -29"><span class='ocrx_word' id='word_1_372' title='bbox 2334 2091 2431 2159; x_wconf 83' lang='grc' dir='ltr'>τὴν</span> <span class='ocrx_word' id='word_1_373' title='bbox 2470 2090 2626 2159; x_wconf 83' lang='grc' dir='ltr'>φύσιν</span> <span class='ocrx_word' id='word_1_374' title='bbox 2653 2092 2849 2145; x_wconf 86' lang='grc' dir='ltr'>οίκεῖον</span> <span class='ocrx_word' id='word_1_375' title='bbox 2870 2094 3267 2163; x_wconf 88' lang='grc' dir='ltr'>ἐπισημαίνων.</span> <span class='ocrx_word' id='word_1_376' title='bbox 3306 2094 3415 2147; x_wconf 73' lang='grc' dir='ltr'>Καὶ</span> <span class='ocrx_word' id='word_1_377' title='bbox 3443 2096 3515 2159; x_wconf 83' lang='grc' dir='ltr'>ὡς</span> <span class='ocrx_word' id='word_1_378' title='bbox 3534 2098 3594 2150; x_wconf 79' lang='grc' dir='ltr'><strong>ἂν</strong></span> <span class='ocrx_word' id='word_1_379' title='bbox 3618 2099 3679 2169; x_wconf 81' lang='grc' dir='ltr'>μή</span> <span class='ocrx_word' id='word_1_380' title='bbox 3704 2116 3767 2161; x_wconf 81' lang='grc' dir='ltr'><strong>τις</strong></span> <span class='ocrx_word' id='word_1_381' title='bbox 3780 2104 3826 2170; x_wconf 74' lang='grc' dir='ltr'>τῇ</span> 
     </span>
    </p>
   </div>
   <div class='ocr_carea' id='block_1_53' title="bbox 2332 2181 3827 2261">
    <p class='ocr_par' dir='ltr' id='par_1_53' title="bbox 2332 2181 3827 2261">
     <span class='ocr_line' id='line_1_53' title="bbox 2332 2181 3827 2261; baseline 0.005 -28"><span class='ocrx_word' id='word_1_382' title='bbox 2332 2181 2593 2253; x_wconf 86' lang='grc' dir='ltr'>ἀκηράτῳ</span> <span class='ocrx_word' id='word_1_383' title='bbox 2624 2181 2780 2252; x_wconf 79' lang='grc' dir='ltr'>φύσει</span> <span class='ocrx_word' id='word_1_384' title='bbox 2808 2184 2868 2237; x_wconf 84' lang='grc' dir='ltr'><strong>τὸ</strong></span> <span class='ocrx_word' id='word_1_385' title='bbox 2902 2185 3044 2238; x_wconf 87' lang='grc' dir='ltr'><strong>κατά</strong></span> <span class='ocrx_word' id='word_1_386' title='bbox 3065 2185 3153 2239; x_wconf 84' lang='grc' dir='ltr'><strong>τὸν</strong></span> <span class='ocrx_word' id='word_1_387' title='bbox 3184 2187 3416 2256; x_wconf 85' lang='grc' dir='ltr'>σταυρὸν</span> <span class='ocrx_word' id='word_1_388' title='bbox 3446 2187 3602 2251; x_wconf 80' lang='grc' dir='ltr'>πάθος</span> <span class='ocrx_word' id='word_1_389' title='bbox 3632 2192 3827 2261; x_wconf 67' lang='grc' dir='ltr'>προστρίη</span> 
     </span>
    </p>
   </div>
   <div class='ocr_carea' id='block_1_54' title="bbox 2334 2275 3825 2349">
    <p class='ocr_par' dir='ltr' id='par_1_54' title="bbox 2334 2275 3825 2349">
     <span class='ocr_line' id='line_1_54' title="bbox 2334 2275 3825 2349; baseline 0.003 -21"><span class='ocrx_word' id='word_1_390' title='bbox 2334 2275 2510 2338; x_wconf 77' lang='grc' dir='ltr'>ϐοιτο,</span> <span class='ocrx_word' id='word_1_391' title='bbox 2557 2275 2623 2329; x_wconf 84' lang='grc' dir='ltr'>δι’</span> <span class='ocrx_word' id='word_1_392' title='bbox 2666 2276 2864 2349; x_wconf 85' lang='grc' dir='ltr'>ἐτέρων</span> <span class='ocrx_word' id='word_1_393' title='bbox 2899 2278 3233 2348; x_wconf 86' lang='grc' dir='ltr'>τρανοτέρων</span> <span class='ocrx_word' id='word_1_394' title='bbox 3267 2278 3365 2348; x_wconf 82' lang='grc' dir='ltr'><strong>τὴν</strong></span> <span class='ocrx_word' id='word_1_395' title='bbox 3387 2277 3626 2347; x_wconf 80' lang='grc' dir='ltr'>τοιαύτην</span> <span class='ocrx_word' id='word_1_396' title='bbox 3655 2281 3825 2349; x_wconf 78' lang='grc' dir='ltr'>ἐπανορ-</span> 
     </span>
    </p>
   </div>
   <div class='ocr_carea' id='block_1_55' title="bbox 2334 2363 3824 2439">
    <p class='ocr_par' dir='ltr' id='par_1_55' title="bbox 2334 2363 3824 2439">
     <span class='ocr_line' id='line_1_55' title="bbox 2334 2363 3824 2439; baseline 0.004 -23"><span class='ocrx_word' id='word_1_397' title='bbox 2334 2363 2517 2417; x_wconf 80' lang='grc' dir='ltr'>θοῦται</span> <span class='ocrx_word' id='word_1_398' title='bbox 2549 2366 2775 2437; x_wconf 81' lang='grc' dir='ltr'>πλάνην,</span> <span class='ocrx_word' id='word_1_399' title='bbox 2819 2367 3042 2437; x_wconf 87' lang='grc' dir='ltr'>μεσίτην</span> <span class='ocrx_word' id='word_1_400' title='bbox 3085 2367 3246 2420; x_wconf 78' lang='grc' dir='ltr'>αὐτὸν</span> <span class='ocrx_word' id='word_1_401' title='bbox 3292 2367 3426 2420; x_wconf 81' lang='grc' dir='ltr'>Θεοῦ</span> <span class='ocrx_word' id='word_1_402' title='bbox 3457 2368 3547 2421; x_wconf 73' lang='grc' dir='ltr'>καὶ</span> <span class='ocrx_word' id='word_1_403' title='bbox 3574 2368 3824 2439; x_wconf 74' lang='grc' dir='ltr'>ἀνθρώπων,</span> 
     </span>
    </p>
   </div>
   <div class='ocr_carea' id='block_1_56' title="bbox 2333 2456 3825 2527">
    <p class='ocr_par' dir='ltr' id='par_1_56' title="bbox 2333 2456 3825 2527">
     <span class='ocr_line' id='line_1_56' title="bbox 2333 2456 3825 2527; baseline 0.002 -19"><span class='ocrx_word' id='word_1_404' title='bbox 2333 2456 2426 2508; x_wconf 71' lang='grc' dir='ltr'>καὶ</span> <span class='ocrx_word' id='word_1_405' title='bbox 2448 2456 2728 2526; x_wconf 81' lang='grc' dir='ltr'>ἄνθρωπον</span> <span class='ocrx_word' id='word_1_406' title='bbox 2756 2461 2847 2510; x_wconf 73' lang='grc' dir='ltr'><strong>καὶ</strong></span> <span class='ocrx_word' id='word_1_407' title='bbox 2866 2456 2998 2510; x_wconf 80' lang='grc' dir='ltr'>Θεὸν</span> <span class='ocrx_word' id='word_1_408' title='bbox 3036 2456 3340 2527; x_wconf 78' lang='grc' dir='ltr'>ὀνομάζων,</span> <span class='ocrx_word' id='word_1_409' title='bbox 3378 2459 3444 2511; x_wconf 81' lang='grc' dir='ltr'>ἵν’</span> <span class='ocrx_word' id='word_1_410' title='bbox 3497 2458 3665 2511; x_wconf 79' lang='grc' dir='ltr'>ἐκ.τοῦ</span> <span class='ocrx_word' id='word_1_411' title='bbox 3691 2460 3743 2511; x_wconf 80' lang='grc' dir='ltr'>τὰ</span> <span class='ocrx_word' id='word_1_412' title='bbox 3763 2462 3825 2512; x_wconf 66' lang='grc' dir='ltr'>δύο</span> 
     </span>
    </p>
   </div>
   <div class='ocr_carea' id='block_1_57' title="bbox 2334 2545 3825 2619">
    <p class='ocr_par' dir='ltr' id='par_1_57' title="bbox 2334 2545 3825 2619">
     <span class='ocr_line' id='line_1_57' title="bbox 2334 2545 3825 2619; baseline 0.001 -21"><span class='ocrx_word' id='word_1_413' title='bbox 2334 2545 2461 2616; x_wconf 76' lang='grc' dir='ltr'>περὶ</span> <span class='ocrx_word' id='word_1_414' title='bbox 2491 2546 2551 2599; x_wconf 85' lang='grc' dir='ltr'><strong>τὸ</strong></span> <span class='ocrx_word' id='word_1_415' title='bbox 2577 2545 2635 2599; x_wconf 83' lang='grc' dir='ltr'>ἓν</span> <span class='ocrx_word' id='word_1_416' title='bbox 2678 2545 2947 2615; x_wconf 79' lang='grc' dir='ltr'>λέγεσθαι,</span> <span class='ocrx_word' id='word_1_417' title='bbox 2982 2547 3041 2599; x_wconf 84' lang='grc' dir='ltr'><strong>τὸ</strong></span> <span class='ocrx_word' id='word_1_418' title='bbox 3087 2548 3395 2619; x_wconf 73' lang='grc' dir='ltr'>πρόσφορον</span> <span class='ocrx_word' id='word_1_419' title='bbox 3426 2551 3587 2600; x_wconf 83' lang='grc' dir='ltr'>νοοῖτο</span> <span class='ocrx_word' id='word_1_420' title='bbox 3614 2550 3720 2617; x_wconf 67' lang='grc' dir='ltr'>περὶ</span> <span class='ocrx_word' id='word_1_421' title='bbox 3741 2550 3825 2600; x_wconf 74' lang='grc' dir='ltr'>ἑκά-</span> 
     </span>
    </p>
   </div>
   <div class='ocr_carea' id='block_1_58' title="bbox 2330 2638 3825 2711">
    <p class='ocr_par' dir='ltr' id='par_1_58' title="bbox 2330 2638 3825 2711">
     <span class='ocr_line' id='line_1_58' title="bbox 2330 2638 3825 2711; baseline 0.001 -21"><span class='ocrx_word' id='word_1_422' title='bbox 2330 2653 2519 2708; x_wconf 86' lang='grc' dir='ltr'>τερον·</span> <span class='ocrx_word' id='word_1_423' title='bbox 2580 2639 2707 2709; x_wconf 76' lang='grc' dir='ltr'>περὶ</span> <span class='ocrx_word' id='word_1_424' title='bbox 2756 2639 2851 2708; x_wconf 83' lang='grc' dir='ltr'><strong>μὲν</strong></span> <span class='ocrx_word' id='word_1_425' title='bbox 2892 2639 2952 2691; x_wconf 87' lang='grc' dir='ltr'>τὸ</span> <span class='ocrx_word' id='word_1_426' title='bbox 2998 2638 3184 2701; x_wconf 86' lang='grc' dir='ltr'>Θεῖον,</span> <span class='ocrx_word' id='word_1_427' title='bbox 3228 2642 3262 2707; x_wconf 80' lang='grc' dir='ltr'><strong>ἡ</strong></span> <span class='ocrx_word' id='word_1_428' title='bbox 3297 2640 3557 2701; x_wconf 85' lang='grc' dir='ltr'>ἀπάθεια,</span> <span class='ocrx_word' id='word_1_429' title='bbox 3604 2639 3825 2711; x_wconf 72' lang='grc' dir='ltr'>περὶὸὲτδ</span> 
     </span>
    </p>
   </div>
   <div class='ocr_carea' id='block_1_59' title="bbox 2332 2728 3825 2801">
    <p class='ocr_par' dir='ltr' id='par_1_59' title="bbox 2332 2728 3825 2801">
     <span class='ocr_line' id='line_1_59' title="bbox 2332 2728 3825 2801; baseline 0.001 -19"><span class='ocrx_word' id='word_1_430' title='bbox 2332 2729 2666 2800; x_wconf 82' lang='grc' dir='ltr'>ἀνθρώπινον</span> <span class='ocrx_word' id='word_1_431' title='bbox 2692 2730 2723 2800; x_wconf 82' lang='grc' dir='ltr'>ἡ</span> <span class='ocrx_word' id='word_1_432' title='bbox 2752 2728 2891 2783; x_wconf 88' lang='grc' dir='ltr'><strong>κατά</strong></span> <span class='ocrx_word' id='word_1_433' title='bbox 2917 2729 2977 2782; x_wconf 83' lang='grc' dir='ltr'>τὺ</span> <span class='ocrx_word' id='word_1_434' title='bbox 3030 2730 3195 2793; x_wconf 85' lang='grc' dir='ltr'>πάθος</span> <span class='ocrx_word' id='word_1_435' title='bbox 3239 2731 3512 2801; x_wconf 82' lang='grc' dir='ltr'>οἰκονομία</span> <span class='ocrx_word' id='word_1_436' title='bbox 3536 2772 3549 2793; x_wconf 95' lang='grc'><strong>,</strong></span> <span class='ocrx_word' id='word_1_437' title='bbox 3587 2733 3728 2801; x_wconf 72' lang='grc' dir='ltr'>αὐτῆς</span> <span class='ocrx_word' id='word_1_438' title='bbox 3762 2728 3825 2784; x_wconf 74' lang='grc' dir='ltr'>οὖν</span> 
     </span>
    </p>
   </div>
   <div class='ocr_carea' id='block_1_60' title="bbox 2332 2821 3824 2893">
    <p class='ocr_par' dir='ltr' id='par_1_60' title="bbox 2332 2821 3824 2893">
     <span class='ocr_line' id='line_1_60' title="bbox 2332 2821 3824 2893; baseline 0.001 -20"><span class='ocrx_word' id='word_1_439' title='bbox 2332 2822 2569 2885; x_wconf 77' lang='grc' dir='ltr'>ἐπινοίας</span> <span class='ocrx_word' id='word_1_440' title='bbox 2628 2821 2935 2892; x_wconf 83' lang='grc' dir='ltr'>διαιρούσης</span> <span class='ocrx_word' id='word_1_441' title='bbox 2993 2821 3053 2874; x_wconf 84' lang='grc' dir='ltr'>τὸ</span> <span class='ocrx_word' id='word_1_442' title='bbox 3105 2821 3246 2875; x_wconf 78' lang='grc' dir='ltr'>κατὰ</span> <span class='ocrx_word' id='word_1_443' title='bbox 3323 2822 3703 2893; x_wconf 66' lang='grc' dir='ltr'>φιλανθρωπίαν</span> <span class='ocrx_word' id='word_1_444' title='bbox 3757 2823 3824 2891; x_wconf 78' lang='grc' dir='ltr'>μὲν</span> 
     </span>
    </p>
   </div>
   <div class='ocr_carea' id='block_1_61' title="bbox 2331 2912 3825 2983">
    <p class='ocr_par' dir='ltr' id='par_1_61' title="bbox 2331 2912 3825 2983">
     <span class='ocr_line' id='line_1_61' title="bbox 2331 2912 3825 2983; baseline -0.001 -19"><span class='ocrx_word' id='word_1_445' title='bbox 2331 2913 2641 2983; x_wconf 77' lang='grc' dir='ltr'>ἡνωμένον,</span> <span class='ocrx_word' id='word_1_446' title='bbox 2693 2912 2770 2983; x_wconf 80' lang='grc' dir='ltr'>τῷ</span> <span class='ocrx_word' id='word_1_447' title='bbox 2808 2912 2863 2965; x_wconf 84' lang='grc' dir='ltr'><strong>δὲ</strong></span> <span class='ocrx_word' id='word_1_448' title='bbox 2901 2912 3042 2982; x_wconf 85' lang='grc' dir='ltr'>λόγῳ</span> <span class='ocrx_word' id='word_1_449' title='bbox 3087 2912 3507 2983; x_wconf 86' lang='grc' dir='ltr'>διακρινόμενον.</span> <span class='ocrx_word' id='word_1_450' title='bbox 3557 2914 3700 2965; x_wconf 84' lang='grc' dir='ltr'>Ὅταν</span> <span class='ocrx_word' id='word_1_451' title='bbox 3725 2912 3825 2964; x_wconf 70' lang='grc' dir='ltr'>δὲτὸ</span> 
     </span>
    </p>
   </div>
   <div class='ocr_carea' id='block_1_62' title="bbox 668 2970 2228 3074">
    <p class='ocr_par' dir='ltr' id='par_1_62' title="bbox 668 2970 2228 3056">
     <span class='ocr_line' id='line_1_62' title="bbox 668 2970 2228 3056; baseline 0.021 -34"><span class='ocrx_word' id='word_1_452' title='bbox 668 2970 895 3038; x_wconf 89' lang='lat' dir='ltr'><strong>dividat,</strong></span> <span class='ocrx_word' id='word_1_453' title='bbox 946 2974 1089 3042; x_wconf 87' lang='lat' dir='ltr'><strong>quod</strong></span> <span class='ocrx_word' id='word_1_454' title='bbox 1142 2985 1367 3048; x_wconf 88' lang='lat' dir='ltr'><strong>propter</strong></span> <span class='ocrx_word' id='word_1_455' title='bbox 1415 2979 1807 3054; x_wconf 89' lang='lat' dir='ltr'><strong>benignitatem</strong></span> <span class='ocrx_word' id='word_1_456' title='bbox 1864 2990 1916 3045; x_wconf 91' lang='lat' dir='ltr'><strong>iu</strong></span> <span class='ocrx_word' id='word_1_457' title='bbox 1980 2992 2228 3056; x_wconf 88' lang='lat' dir='ltr'><strong>homines</strong></span> 
     </span>
    </p>
   </div>
   <div class='ocr_carea' id='block_1_63' title="bbox 2328 2970 3822 3074">
    <p class='ocr_par' dir='ltr' id='par_1_63' title="bbox 2334 2970 3822 3074">
     <span class='ocr_line' id='line_1_63' title="bbox 2334 2970 3822 3074; baseline -0.002 -18"><span class='ocrx_word' id='word_1_458' title='bbox 2334 2970 2722 3073; x_wconf 73' lang='grc' dir='ltr'>ύπερκείμενόν</span> <span class='ocrx_word' id='word_1_459' title='bbox 2764 3019 2821 3055; x_wconf 87' lang='grc' dir='ltr'><strong>τε</strong></span> <span class='ocrx_word' id='word_1_460' title='bbox 2876 3003 2969 3054; x_wconf 74' lang='grc' dir='ltr'>καὶ</span> <span class='ocrx_word' id='word_1_461' title='bbox 3003 3002 3266 3074; x_wconf 78' lang='grc' dir='ltr'>ὑπερέχον</span> <span class='ocrx_word' id='word_1_462' title='bbox 3314 3003 3488 3055; x_wconf 88' lang='grc' dir='ltr'>πάντα</span> <span class='ocrx_word' id='word_1_463' title='bbox 3524 3002 3636 3055; x_wconf 81' lang='grc' dir='ltr'>νοῦν</span> <span class='ocrx_word' id='word_1_464' title='bbox 3671 3001 3822 3072; x_wconf 69' lang='grc' dir='ltr'>κηρύτ-</span> 
     </span>
    </p>
   </div>
   <div class='ocr_carea' id='block_1_64' title="bbox 667 3059 2237 3146">
    <p class='ocr_par' dir='ltr' id='par_1_64' title="bbox 667 3059 2237 3146">
     <span class='ocr_line' id='line_1_64' title="bbox 667 3059 2237 3146; baseline 0.022 -36"><span class='ocrx_word' id='word_1_465' title='bbox 667 3059 884 3127; x_wconf 87' lang='lat' dir='ltr'><strong>quidem</strong></span> <span class='ocrx_word' id='word_1_466' title='bbox 935 3063 1146 3117; x_wconf 91' lang='lat' dir='ltr'><strong>unitum</strong></span> <span class='ocrx_word' id='word_1_467' title='bbox 1195 3074 1299 3130; x_wconf 87' lang='lat' dir='ltr'><strong>est,</strong></span> <span class='ocrx_word' id='word_1_468' title='bbox 1347 3070 1563 3128; x_wconf 90' lang='lat' dir='ltr'><strong>ratione</strong></span> <span class='ocrx_word' id='word_1_469' title='bbox 1598 3083 1779 3130; x_wconf 89' lang='lat' dir='ltr'><strong>autem</strong></span> <span class='ocrx_word' id='word_1_470' title='bbox 1813 3078 2131 3142; x_wconf 88' lang='lat' dir='ltr'><strong>distinctum</strong></span> <span class='ocrx_word' id='word_1_471' title='bbox 2183 3101 2237 3146; x_wconf 90' lang='lat' dir='ltr'><strong>et</strong></span> 
     </span>
    </p>
   </div>
   <div class='ocr_carea' id='block_1_65' title="bbox 668 3151 2237 3249">
    <p class='ocr_par' dir='ltr' id='par_1_65' title="bbox 668 3151 2237 3249">
     <span class='ocr_line' id='line_1_65' title="bbox 668 3151 2237 3249; baseline 0.021 -45"><span class='ocrx_word' id='word_1_472' title='bbox 668 3151 987 3208; x_wconf 80' lang='lat' dir='ltr'><strong>diseretum.</strong></span> <span class='ocrx_word' id='word_1_473' title='bbox 1007 3154 1142 3210; x_wconf 90' lang='lat' dir='ltr'><strong>Cum</strong></span> <span class='ocrx_word' id='word_1_474' title='bbox 1168 3165 1349 3213; x_wconf 89' lang='lat' dir='ltr'><strong>autem</strong></span> <span class='ocrx_word' id='word_1_475' title='bbox 1370 3162 1513 3230; x_wconf 87' lang='lat' dir='ltr'><strong>quod</strong></span> <span class='ocrx_word' id='word_1_476' title='bbox 1537 3170 1905 3235; x_wconf 86' lang='lat' dir='ltr'><strong>supereminet</strong></span> <span class='ocrx_word' id='word_1_477' title='bbox 1932 3185 1986 3229; x_wconf 88' lang='lat' dir='ltr'><strong>et</strong></span> <span class='ocrx_word' id='word_1_478' title='bbox 2015 3190 2237 3249; x_wconf 89' lang='lat' dir='ltr'><strong>superat</strong></span> 
     </span>
    </p>
   </div>
   <div class='ocr_carea' id='block_1_66' title="bbox 668 3244 2237 3325">
    <p class='ocr_par' dir='ltr' id='par_1_66' title="bbox 668 3244 2237 3325">
     <span class='ocr_line' id='line_1_66' title="bbox 668 3244 2237 3325; baseline 0.021 -32"><span class='ocrx_word' id='word_1_479' title='bbox 668 3257 881 3298; x_wconf 90' lang='lat' dir='ltr'><strong>omnem</strong></span> <span class='ocrx_word' id='word_1_480' title='bbox 896 3244 1226 3300; x_wconf 87' lang='lat' dir='ltr'><strong>intellectum</strong></span> <span class='ocrx_word' id='word_1_481' title='bbox 1242 3248 1807 3317; x_wconf 66' lang='lat' dir='ltr'><strong>praedicat,altioribus</strong></span> <span class='ocrx_word' id='word_1_482' title='bbox 1823 3276 1955 3317; x_wconf 90' lang='lat' dir='ltr'><strong>usus</strong></span> <span class='ocrx_word' id='word_1_483' title='bbox 1967 3271 2050 3319; x_wconf 89' lang='lat' dir='ltr'><strong>est</strong></span> <span class='ocrx_word' id='word_1_484' title='bbox 2067 3244 2237 3325; x_wconf 78' lang='lat' dir='ltr'><strong>nomi-</strong></span> 
     </span>
    </p>
   </div>
   <div class='ocr_carea' id='block_1_67' title="bbox 668 3333 2233 3416">
    <p class='ocr_par' dir='ltr' id='par_1_67' title="bbox 668 3333 2233 3416">
     <span class='ocr_line' id='line_1_67' title="bbox 668 3333 2233 3416; baseline 0.019 -31"><span class='ocrx_word' id='word_1_485' title='bbox 668 3333 852 3396; x_wconf 89' lang='lat' dir='ltr'><strong>nibus,</strong></span> <span class='ocrx_word' id='word_1_486' title='bbox 874 3335 926 3388; x_wconf 92' lang='lat' dir='ltr'><strong>in</strong></span> <span class='ocrx_word' id='word_1_487' title='bbox 952 3337 1204 3393; x_wconf 92' lang='lat' dir='ltr'><strong>omnibus</strong></span> <span class='ocrx_word' id='word_1_488' title='bbox 1230 3337 1397 3416; x_wconf 90' lang='lat' dir='ltr'><strong>Deum</strong></span> <span class='ocrx_word' id='word_1_489' title='bbox 1422 3351 1475 3395; x_wconf 90' lang='lat' dir='ltr'><strong>et</strong></span> <span class='ocrx_word' id='word_1_490' title='bbox 1494 3358 1747 3414; x_wconf 88' lang='lat' dir='ltr'><strong>magnum</strong></span> <span class='ocrx_word' id='word_1_491' title='bbox 1775 3347 1965 3416; x_wconf 90' lang='lat' dir='ltr'><strong>Deum,</strong></span> <span class='ocrx_word' id='word_1_492' title='bbox 1983 3362 2037 3409; x_wconf 82' lang='lat' dir='ltr'><strong>et</strong></span> <span class='ocrx_word' id='word_1_493' title='bbox 2061 3358 2233 3413; x_wconf 82' lang='lat' dir='ltr'><strong>virtu-</strong></span> 
     </span>
    </p>
   </div>
   <div class='ocr_carea' id='block_1_68' title="bbox 672 3414 2234 3504">
    <p class='ocr_par' dir='ltr' id='par_1_68' title="bbox 672 3414 2234 3504">
     <span class='ocr_line' id='line_1_68' title="bbox 672 3414 2234 3504; baseline 0.019 -29"><span class='ocrx_word' id='word_1_494' title='bbox 672 3432 779 3477; x_wconf 89' lang='lat' dir='ltr'><strong>tem</strong></span> <span class='ocrx_word' id='word_1_495' title='bbox 814 3422 930 3489; x_wconf 91' lang='lat' dir='ltr'><strong>Dei,</strong></span> <span class='ocrx_word' id='word_1_496' title='bbox 960 3434 1013 3480; x_wconf 91' lang='lat' dir='ltr'><strong>et</strong></span> <span class='ocrx_word' id='word_1_497' title='bbox 1044 3414 1389 3496; x_wconf 86' lang='lat' dir='ltr'><strong>sapientiam,</strong></span> <span class='ocrx_word' id='word_1_498' title='bbox 1417 3439 1471 3485; x_wconf 88' lang='lat' dir='ltr'><strong>et</strong></span> <span class='ocrx_word' id='word_1_499' title='bbox 1519 3434 1646 3488; x_wconf 88' lang='lat' dir='ltr'><strong>talia</strong></span> <span class='ocrx_word' id='word_1_500' title='bbox 1694 3414 2046 3498; x_wconf 88' lang='lat' dir='ltr'><strong>nominando.</strong></span> <span class='ocrx_word' id='word_1_501' title='bbox 2097 3446 2234 3504; x_wconf 88' lang='lat' dir='ltr'><strong>Cum</strong></span> 
     </span>
    </p>
   </div>
   <div class='ocr_carea' id='block_1_69' title="bbox 670 3521 2232 3595">
    <p class='ocr_par' dir='ltr' id='par_1_69' title="bbox 670 3521 2232 3595">
     <span class='ocr_line' id='line_1_69' title="bbox 670 3521 2232 3595; baseline 0.017 -27"><span class='ocrx_word' id='word_1_502' title='bbox 670 3531 798 3571; x_wconf 88' lang='lat' dir='ltr'><strong>vero</strong></span> <span class='ocrx_word' id='word_1_503' title='bbox 819 3532 979 3572; x_wconf 91' lang='lat' dir='ltr'><strong>omne</strong></span> <span class='ocrx_word' id='word_1_504' title='bbox 1010 3521 1320 3575; x_wconf 87' lang='lat' dir='ltr'><strong>necessario</strong></span> <span class='ocrx_word' id='word_1_505' title='bbox 1345 3532 1569 3593; x_wconf 89' lang='lat' dir='ltr'><strong>propter</strong></span> <span class='ocrx_word' id='word_1_506' title='bbox 1593 3538 1837 3585; x_wconf 87' lang='lat' dir='ltr'><strong>nostram</strong></span> <span class='ocrx_word' id='word_1_507' title='bbox 1863 3532 2232 3595; x_wconf 89' lang='lat' dir='ltr'><strong>inﬁrmitatem</strong></span> 
     </span>
    </p>
   </div>
   <div class='ocr_carea' id='block_1_70' title="bbox 669 3613 2235 3688">
    <p class='ocr_par' dir='ltr' id='par_1_70' title="bbox 669 3613 2235 3688">
     <span class='ocr_line' id='line_1_70' title="bbox 669 3613 2235 3688; baseline 0.017 -27"><span class='ocrx_word' id='word_1_508' title='bbox 669 3615 1005 3676; x_wconf 84' lang='lat' dir='ltr'><strong>assumptum</strong></span> <span class='ocrx_word' id='word_1_509' title='bbox 1074 3613 1478 3679; x_wconf 84' lang='lat' dir='ltr'><strong>perpessionum</strong></span> <span class='ocrx_word' id='word_1_510' title='bbox 1516 3619 1941 3687; x_wconf 81' lang='lat' dir='ltr'><strong>experimentum</strong></span> <span class='ocrx_word' id='word_1_511' title='bbox 1985 3641 2235 3688; x_wconf 83' lang='lat' dir='ltr'><strong>sermone</strong></span> 
     </span>
    </p>
   </div>
   <div class='ocr_carea' id='block_1_71' title="bbox 666 4067 2230 4160">
    <p class='ocr_par' dir='ltr' id='par_1_71' title="bbox 666 4067 2230 4160">
     <span class='ocr_line' id='line_1_71' title="bbox 666 4067 2230 4160; baseline 0.018 -42"><span class='ocrx_word' id='word_1_512' title='bbox 666 4067 832 4119; x_wconf 88' lang='lat' dir='ltr'><strong>nitate</strong></span> <span class='ocrx_word' id='word_1_513' title='bbox 860 4082 955 4136; x_wconf 90' lang='lat' dir='ltr'><strong>per</strong></span> <span class='ocrx_word' id='word_1_514' title='bbox 975 4071 1397 4140; x_wconf 84' lang='lat' dir='ltr'><strong>assumptionem</strong></span> <span class='ocrx_word' id='word_1_515' title='bbox 1411 4074 1729 4145; x_wconf 73' lang='lat' dir='ltr'><strong>gloriﬁcats,</strong></span> <span class='ocrx_word' id='word_1_516' title='bbox 1753 4090 1806 4137; x_wconf 90' lang='lat' dir='ltr'><strong>et</strong></span> <span class='ocrx_word' id='word_1_517' title='bbox 1834 4084 2117 4144; x_wconf 89' lang='lat' dir='ltr'><strong>divinitate</strong></span> <span class='ocrx_word' id='word_1_518' title='bbox 2135 4106 2230 4160; x_wconf 89' lang='lat' dir='ltr'><strong>per</strong></span> 
     </span>
    </p>
   </div>
   <div class='ocr_carea' id='block_1_72' title="bbox 665 4159 2227 4250">
    <p class='ocr_par' dir='ltr' id='par_1_72' title="bbox 665 4159 2227 4250">
     <span class='ocr_line' id='line_1_72' title="bbox 665 4159 2227 4250; baseline 0.019 -41"><span class='ocrx_word' id='word_1_519' title='bbox 665 4159 1221 4216; x_wconf 88' lang='lat' dir='ltr'><strong>accommodationem</strong></span> <span class='ocrx_word' id='word_1_520' title='bbox 1279 4163 1578 4223; x_wconf 77' lang='lat' dir='ltr'><strong>exinanita.</strong></span> <span class='ocrx_word' id='word_1_521' title='bbox 1615 4169 1721 4227; x_wconf 89' lang='lat' dir='ltr'><strong>Sed</strong></span> <span class='ocrx_word' id='word_1_522' title='bbox 1754 4176 1843 4243; x_wconf 91' lang='lat' dir='ltr'><strong>qui</strong></span> <span class='ocrx_word' id='word_1_523' title='bbox 1876 4177 1966 4232; x_wconf 88' lang='lat' dir='ltr'><strong>det</strong></span> <span class='ocrx_word' id='word_1_524' title='bbox 2010 4159 2227 4250; x_wconf 85' lang='lat' dir='ltr'><strong>quidem</strong></span> 
     </span>
    </p>
   </div>
   <div class='ocr_carea' id='block_1_73' title="bbox 667 4251 2225 4338">
    <p class='ocr_par' dir='ltr' id='par_1_73' title="bbox 667 4251 2225 4338">
     <span class='ocr_line' id='line_1_73' title="bbox 667 4251 2225 4338; baseline 0.019 -37"><span class='ocrx_word' id='word_1_525' title='bbox 667 4251 1111 4320; x_wconf 86' lang='lat' dir='ltr'><strong>perpessionibus</strong></span> <span class='ocrx_word' id='word_1_526' title='bbox 1160 4255 1453 4312; x_wconf 88' lang='lat' dir='ltr'><strong>humanam</strong></span> <span class='ocrx_word' id='word_1_527' title='bbox 1506 4271 1738 4331; x_wconf 90' lang='lat' dir='ltr'><strong>partem,</strong></span> <span class='ocrx_word' id='word_1_528' title='bbox 1792 4280 2049 4338; x_wconf 84' lang='lat' dir='ltr'><strong>operetur</strong></span> <span class='ocrx_word' id='word_1_529' title='bbox 2095 4290 2225 4331; x_wconf 90' lang='lat' dir='ltr'><strong>vero</strong></span> 
     </span>
    </p>
   </div>
   <div class='ocr_carea' id='block_1_74' title="bbox 2340 3094 3825 3168">
    <p class='ocr_par' dir='ltr' id='par_1_74' title="bbox 2340 3094 3825 3168">
     <span class='ocr_line' id='line_1_74' title="bbox 2340 3094 3825 3168; baseline -0.003 -20"><span class='ocrx_word' id='word_1_530' title='bbox 2340 3111 2428 3168; x_wconf 83' lang='grc' dir='ltr'><strong>σῃ,</strong></span> <span class='ocrx_word' id='word_1_531' title='bbox 2487 3099 2597 3159; x_wconf 87' lang='grc' dir='ltr'>τοῖς</span> <span class='ocrx_word' id='word_1_532' title='bbox 2644 3094 2989 3165; x_wconf 69' lang='grc' dir='ltr'>ὑψηλοτέροις</span> <span class='ocrx_word' id='word_1_533' title='bbox 3026 3095 3288 3164; x_wconf 84' lang='grc' dir='ltr'>κέχρηται</span> <span class='ocrx_word' id='word_1_534' title='bbox 3334 3095 3442 3148; x_wconf 84' lang='grc' dir='ltr'>τῶν</span> <span class='ocrx_word' id='word_1_535' title='bbox 3478 3094 3736 3164; x_wconf 80' lang='grc' dir='ltr'>ὀνομάτων,</span> <span class='ocrx_word' id='word_1_536' title='bbox 3763 3094 3825 3145; x_wconf 75' lang='grc' dir='ltr'><strong>ἐπὶ</strong></span> 
     </span>
    </p>
   </div>
   <div class='ocr_carea' id='block_1_75' title="bbox 2337 3182 3824 3255">
    <p class='ocr_par' dir='ltr' id='par_1_75' title="bbox 2337 3182 3824 3255">
     <span class='ocr_line' id='line_1_75' title="bbox 2337 3182 3824 3255; baseline -0.004 -14"><span class='ocrx_word' id='word_1_537' title='bbox 2337 3188 2551 3241; x_wconf 90' lang='grc' dir='ltr'>πάντων</span> <span class='ocrx_word' id='word_1_538' title='bbox 2577 3187 2706 3240; x_wconf 71' lang='grc' dir='ltr'>Θεὸν</span> <span class='ocrx_word' id='word_1_539' title='bbox 2725 3227 2739 3251; x_wconf 93' lang='grc'><strong>,</strong></span> <span class='ocrx_word' id='word_1_540' title='bbox 2785 3186 2877 3239; x_wconf 73' lang='grc' dir='ltr'><strong>καὶ</strong></span> <span class='ocrx_word' id='word_1_541' title='bbox 2907 3186 3077 3254; x_wconf 84' lang='grc' dir='ltr'>μέγαν</span> <span class='ocrx_word' id='word_1_542' title='bbox 3123 3187 3288 3249; x_wconf 77' lang='grc' dir='ltr'>θεὸν,</span> <span class='ocrx_word' id='word_1_543' title='bbox 3334 3187 3429 3239; x_wconf 74' lang='grc' dir='ltr'><strong>καὶ</strong></span> <span class='ocrx_word' id='word_1_544' title='bbox 3475 3187 3675 3255; x_wconf 87' lang='grc' dir='ltr'>δύναμιν</span> <span class='ocrx_word' id='word_1_545' title='bbox 3708 3182 3824 3245; x_wconf 71' lang='grc' dir='ltr'>Θεοῦ,</span> 
     </span>
    </p>
   </div>
   <div class='ocr_carea' id='block_1_76' title="bbox 2334 3275 3825 3348">
    <p class='ocr_par' dir='ltr' id='par_1_76' title="bbox 2334 3275 3825 3348">
     <span class='ocr_line' id='line_1_76' title="bbox 2334 3275 3825 3348; baseline -0.006 -14"><span class='ocrx_word' id='word_1_546' title='bbox 2334 3281 2429 3335; x_wconf 74' lang='grc' dir='ltr'>καὶ</span> <span class='ocrx_word' id='word_1_547' title='bbox 2481 3281 2688 3348; x_wconf 82' lang='grc' dir='ltr'>σοφίαν,</span> <span class='ocrx_word' id='word_1_548' title='bbox 2745 3279 2836 3332; x_wconf 61' lang='grc' dir='ltr'><strong>κα)⁸</strong></span> <span class='ocrx_word' id='word_1_549' title='bbox 2881 3279 2947 3332; x_wconf 75' lang='grc' dir='ltr'>τὰ</span> <span class='ocrx_word' id='word_1_550' title='bbox 2982 3278 3202 3332; x_wconf 80' lang='grc' dir='ltr'>τοιαῦτα</span> <span class='ocrx_word' id='word_1_551' title='bbox 3245 3279 3447 3335; x_wconf 82' lang='grc' dir='ltr'>καλῶν.</span> <span class='ocrx_word' id='word_1_552' title='bbox 3498 3280 3666 3332; x_wconf 76' lang='grc' dir='ltr'>Πᾶσαν</span> <span class='ocrx_word' id='word_1_553' title='bbox 3693 3275 3825 3343; x_wconf 74' lang='grc' dir='ltr'>δὲτὴν</span> 
     </span>
    </p>
   </div>
   <div class='ocr_carea' id='block_1_77' title="bbox 2332 3366 3825 3443">
    <p class='ocr_par' dir='ltr' id='par_1_77' title="bbox 2332 3366 3825 3443">
     <span class='ocr_line' id='line_1_77' title="bbox 2332 3366 3825 3443; baseline -0.006 -17"><span class='ocrx_word' id='word_1_554' title='bbox 2332 3372 2637 3441; x_wconf 73' lang='grc' dir='ltr'>ἀναγκαίως</span> <span class='ocrx_word' id='word_1_555' title='bbox 2669 3371 2755 3424; x_wconf 83' lang='grc' dir='ltr'><strong>διὰ</strong></span> <span class='ocrx_word' id='word_1_556' title='bbox 2782 3372 2842 3424; x_wconf 84' lang='grc' dir='ltr'><strong>τὸ</strong></span> <span class='ocrx_word' id='word_1_557' title='bbox 2874 3371 3136 3443; x_wconf 80' lang='grc' dir='ltr'>ἡμέτερον</span> <span class='ocrx_word' id='word_1_558' title='bbox 3166 3370 3387 3435; x_wconf 80' lang='grc' dir='ltr'>ἀσθενὲς</span> <span class='ocrx_word' id='word_1_559' title='bbox 3420 3366 3825 3442; x_wconf 68' lang='grc' dir='ltr'>συμπαραληφθεῖ-</span> 
     </span>
    </p>
   </div>
   <div class='ocr_carea' id='block_1_78' title="bbox 2335 3460 3820 3536">
    <p class='ocr_par' dir='ltr' id='par_1_78' title="bbox 2335 3460 3820 3536">
     <span class='ocr_line' id='line_1_78' title="bbox 2335 3460 3820 3536; baseline -0.006 -17"><span class='ocrx_word' id='word_1_560' title='bbox 2335 3482 2433 3519; x_wconf 85' lang='grc' dir='ltr'><strong>σαν</strong></span> <span class='ocrx_word' id='word_1_561' title='bbox 2472 3466 2578 3517; x_wconf 82' lang='grc' dir='ltr'>τῶν</span> <span class='ocrx_word' id='word_1_562' title='bbox 2620 3463 2955 3534; x_wconf 77' lang='grc' dir='ltr'>παθημάτων</span> <span class='ocrx_word' id='word_1_563' title='bbox 3004 3466 3194 3534; x_wconf 85' lang='grc' dir='ltr'>πεῖραν</span> <span class='ocrx_word' id='word_1_564' title='bbox 3245 3463 3567 3536; x_wconf 61' lang='grc' dir='ltr'>ὑπογράφων</span> <span class='ocrx_word' id='word_1_565' title='bbox 3601 3461 3669 3531; x_wconf 81' lang='grc' dir='ltr'>τῷ</span> <span class='ocrx_word' id='word_1_566' title='bbox 3702 3460 3820 3526; x_wconf 74' lang='grc' dir='ltr'>λόγῳ.</span> 
     </span>
    </p>
   </div>
   <div class='ocr_carea' id='block_1_79' title="bbox 2332 3552 3820 3626">
    <p class='ocr_par' dir='ltr' id='par_1_79' title="bbox 2332 3552 3820 3626">
     <span class='ocr_line' id='line_1_79' title="bbox 2332 3552 3820 3626; baseline -0.007 -17"><span class='ocrx_word' id='word_1_567' title='bbox 2332 3558 2396 3609; x_wconf 87' lang='grc' dir='ltr'><strong>ἐκ</strong></span> <span class='ocrx_word' id='word_1_568' title='bbox 2450 3556 2542 3609; x_wconf 81' lang='grc' dir='ltr'>τοῦ</span> <span class='ocrx_word' id='word_1_569' title='bbox 2594 3556 2864 3626; x_wconf 76' lang='grc' dir='ltr'>ἡμετέρου</span> <span class='ocrx_word' id='word_1_570' title='bbox 2920 3555 3276 3624; x_wconf 75' lang='grc' dir='ltr'>κατονομάξει</span> <span class='ocrx_word' id='word_1_571' title='bbox 3334 3554 3394 3609; x_wconf 84' lang='grc' dir='ltr'><strong>τὸ</strong></span> <span class='ocrx_word' id='word_1_572' title='bbox 3450 3552 3820 3623; x_wconf 58' lang='grc' dir='ltr'>συναμφότερον</span> 
     </span>
    </p>
   </div>
   <div class='ocr_carea' id='block_1_80' title="bbox 2330 3642 3822 3720">
    <p class='ocr_par' dir='ltr' id='par_1_80' title="bbox 2330 3642 3822 3720">
     <span class='ocr_line' id='line_1_80' title="bbox 2330 3642 3822 3720; baseline -0.007 -17"><span class='ocrx_word' id='word_1_573' title='bbox 2330 3649 2612 3720; x_wconf 83' lang='grc' dir='ltr'>ἄνθρωπον</span> <span class='ocrx_word' id='word_1_574' title='bbox 2651 3646 2809 3700; x_wconf 78' lang='grc' dir='ltr'>αὐτὸν</span> <span class='ocrx_word' id='word_1_575' title='bbox 2840 3647 3274 3718; x_wconf 74' lang='grc' dir='ltr'>προσαγορεύων,</span> <span class='ocrx_word' id='word_1_576' title='bbox 3309 3648 3368 3700; x_wconf 77' lang='grc' dir='ltr'><strong>ού</strong></span> <span class='ocrx_word' id='word_1_577' title='bbox 3396 3645 3683 3701; x_wconf 80' lang='grc' dir='ltr'>καινοποιῶν</span> <span class='ocrx_word' id='word_1_578' title='bbox 3723 3642 3822 3711; x_wconf 62' lang='grc' dir='ltr'>πρὸς</span> 
     </span>
    </p>
   </div>
   <div class='ocr_carea' id='block_1_81' title="bbox 2329 3736 3822 3811">
    <p class='ocr_par' dir='ltr' id='par_1_81' title="bbox 2329 3736 3822 3811">
     <span class='ocr_line' id='line_1_81' title="bbox 2329 3736 3822 3811; baseline -0.004 -18"><span class='ocrx_word' id='word_1_579' title='bbox 2329 3741 2429 3811; x_wconf 83' lang='grc' dir='ltr'>τὴν</span> <span class='ocrx_word' id='word_1_580' title='bbox 2472 3739 2660 3809; x_wconf 83' lang='grc' dir='ltr'>λοιπὴν</span> <span class='ocrx_word' id='word_1_581' title='bbox 2695 3738 2853 3808; x_wconf 85' lang='grc' dir='ltr'>φύσιν</span> <span class='ocrx_word' id='word_1_582' title='bbox 2898 3738 2984 3791; x_wconf 76' lang='grc' dir='ltr'><strong>διὰ</strong></span> <span class='ocrx_word' id='word_1_583' title='bbox 3025 3737 3123 3808; x_wconf 76' lang='grc' dir='ltr'>τῆς</span> <span class='ocrx_word' id='word_1_584' title='bbox 3160 3739 3345 3809; x_wconf 70' lang='grc' dir='ltr'>φωνῆς</span> <span class='ocrx_word' id='word_1_585' title='bbox 3386 3740 3473 3791; x_wconf 83' lang='grc' dir='ltr'><strong>τὸν</strong></span> <span class='ocrx_word' id='word_1_586' title='bbox 3522 3738 3619 3792; x_wconf 88' lang='grc' dir='ltr'><strong>δ..</strong></span> <span class='ocrx_word' id='word_1_587' title='bbox 3645 3776 3657 3790; x_wconf 91' lang='grc'><strong>.</strong></span> <span class='ocrx_word' id='word_1_588' title='bbox 3682 3736 3822 3802; x_wconf 77' lang='grc' dir='ltr'>,τέραν</span> 
     </span>
    </p>
   </div>
   <div class='ocr_carea' id='block_1_82' title="bbox 2330 3825 3822 3901">
    <p class='ocr_par' dir='ltr' id='par_1_82' title="bbox 2330 3825 3822 3901">
     <span class='ocr_line' id='line_1_82' title="bbox 2330 3825 3822 3901; baseline -0.007 -17"><span class='ocrx_word' id='word_1_589' title='bbox 2330 3832 2390 3884; x_wconf 83' lang='grc' dir='ltr'><strong>τὸ</strong></span> <span class='ocrx_word' id='word_1_590' title='bbox 2415 3829 2690 3883; x_wconf 81' lang='grc' dir='ltr'>εὐσέϐειαν</span> <span class='ocrx_word' id='word_1_591' title='bbox 2724 3828 3077 3899; x_wconf 82' lang='grc' dir='ltr'>φυλαχθῆναι,</span> <span class='ocrx_word' id='word_1_592' title='bbox 3108 3829 3201 3882; x_wconf 82' lang='grc' dir='ltr'>τοῦ</span> <span class='ocrx_word' id='word_1_593' title='bbox 3230 3848 3289 3883; x_wconf 85' lang='grc' dir='ltr'><strong>τε</strong></span> <span class='ocrx_word' id='word_1_594' title='bbox 3322 3830 3641 3901; x_wconf 80' lang='grc' dir='ltr'>ἀνθρωπίνου</span> <span class='ocrx_word' id='word_1_595' title='bbox 3666 3825 3734 3878; x_wconf 73' lang='grc' dir='ltr'><strong>διὰ</strong></span> <span class='ocrx_word' id='word_1_596' title='bbox 3752 3825 3822 3890; x_wconf 68' lang='grc' dir='ltr'><strong>τῆς</strong></span> 
     </span>
    </p>
   </div>
   <div class='ocr_carea' id='block_1_83' title="bbox 2330 3917 3821 3991">
    <p class='ocr_par' dir='ltr' id='par_1_83' title="bbox 2330 3917 3821 3991">
     <span class='ocr_line' id='line_1_83' title="bbox 2330 3917 3821 3991; baseline -0.005 -18"><span class='ocrx_word' id='word_1_597' title='bbox 2330 3918 2647 3991; x_wconf 76' lang='grc' dir='ltr'>ἀναλήψεως</span> <span class='ocrx_word' id='word_1_598' title='bbox 2673 3917 3049 3988; x_wconf 77' lang='grc' dir='ltr'>δοξαζομένου,</span> <span class='ocrx_word' id='word_1_599' title='bbox 3077 3919 3170 3972; x_wconf 73' lang='grc' dir='ltr'><strong>καὶ</strong></span> <span class='ocrx_word' id='word_1_600' title='bbox 3209 3919 3304 3972; x_wconf 78' lang='grc' dir='ltr'>τοῦ</span> <span class='ocrx_word' id='word_1_601' title='bbox 3325 3920 3479 3973; x_wconf 78' lang='grc' dir='ltr'>Θείου</span> <span class='ocrx_word' id='word_1_602' title='bbox 3504 3918 3584 3972; x_wconf 76' lang='grc' dir='ltr'>διὰ</span> <span class='ocrx_word' id='word_1_603' title='bbox 3624 3917 3705 3986; x_wconf 80' lang='grc' dir='ltr'>τῆς</span> <span class='ocrx_word' id='word_1_604' title='bbox 3728 3928 3821 3979; x_wconf 75' lang='grc' dir='ltr'>συγ·</span> 
     </span>
    </p>
   </div>
   <div class='ocr_carea' id='block_1_84' title="bbox 2218 4008 3820 4083">
    <p class='ocr_par' dir='ltr' id='par_1_84' title="bbox 2218 4008 3820 4083">
     <span class='ocr_line' id='line_1_84' title="bbox 2218 4008 3820 4083; baseline -0.008 -16"><span class='ocrx_word' id='word_1_605' title='bbox 2218 4030 2232 4042; x_wconf 71' lang='grc'><strong><em>⁸</em></strong></span> <span class='ocrx_word' id='word_1_606' title='bbox 2330 4011 2678 4074; x_wconf 73' lang='grc' dir='ltr'>καταϐάσεως</span> <span class='ocrx_word' id='word_1_607' title='bbox 2706 4008 3028 4078; x_wconf 81' lang='grc' dir='ltr'>κενουμένου</span> <span class='ocrx_word' id='word_1_608' title='bbox 3057 4011 3132 4082; x_wconf 87' lang='lat' dir='ltr'><strong>(a)</strong></span> <span class='ocrx_word' id='word_1_609' title='bbox 3147 4012 3518 4075; x_wconf 73' lang='grc' dir='ltr'>ἀλλὰδιδόντος</span> <span class='ocrx_word' id='word_1_610' title='bbox 3537 4010 3621 4083; x_wconf 78' lang='grc' dir='ltr'><strong>μὲν</strong></span> <span class='ocrx_word' id='word_1_611' title='bbox 3634 4011 3725 4071; x_wconf 81' lang='grc' dir='ltr'>τοῖς</span> <span class='ocrx_word' id='word_1_612' title='bbox 3747 4019 3820 4055; x_wconf 71' lang='grc' dir='ltr'>πα·</span> 
     </span>
    </p>
   </div>
   <div class='ocr_carea' id='block_1_85' title="bbox 2330 4093 3820 4174">
    <p class='ocr_par' dir='ltr' id='par_1_85' title="bbox 2330 4093 3820 4174">
     <span class='ocr_line' id='line_1_85' title="bbox 2330 4093 3820 4174; baseline -0.009 -16"><span class='ocrx_word' id='word_1_613' title='bbox 2330 4104 2531 4174; x_wconf 79' lang='grc' dir='ltr'>θήμασι</span> <span class='ocrx_word' id='word_1_614' title='bbox 2576 4102 2635 4156; x_wconf 75' lang='grc' dir='ltr'>τὸ</span> <span class='ocrx_word' id='word_1_615' title='bbox 2681 4101 3016 4172; x_wconf 83' lang='grc' dir='ltr'>ἀνθρώπινον</span> <span class='ocrx_word' id='word_1_616' title='bbox 3071 4100 3271 4170; x_wconf 85' lang='grc' dir='ltr'>μέρος·</span> <span class='ocrx_word' id='word_1_617' title='bbox 3324 4099 3649 4171; x_wconf 76' lang='grc' dir='ltr'>ἐνεργοῦντος</span> <span class='ocrx_word' id='word_1_618' title='bbox 3681 4093 3820 4162; x_wconf 72' lang='grc' dir='ltr'>δὲτὴν</span> 
     </span>
    </p>
   </div>
   <div class='ocr_carea' id='block_1_86' title="bbox 2328 4188 3817 4262">
    <p class='ocr_par' dir='ltr' id='par_1_86' title="bbox 2328 4188 3817 4262">
     <span class='ocr_line' id='line_1_86' title="bbox 2328 4188 3817 4262; baseline -0.008 -14"><span class='ocrx_word' id='word_1_619' title='bbox 2328 4193 2423 4248; x_wconf 75' lang='grc' dir='ltr'>τοῦ</span> <span class='ocrx_word' id='word_1_620' title='bbox 2457 4193 2781 4256; x_wconf 75' lang='grc' dir='ltr'>πεπονθότος</span> <span class='ocrx_word' id='word_1_621' title='bbox 2818 4194 3112 4246; x_wconf 83' lang='grc' dir='ltr'>ἀνάστασιν</span> <span class='ocrx_word' id='word_1_622' title='bbox 3147 4191 3235 4246; x_wconf 83' lang='grc' dir='ltr'><strong>διὰ</strong></span> <span class='ocrx_word' id='word_1_623' title='bbox 3268 4191 3367 4262; x_wconf 86' lang='grc' dir='ltr'>τῆς</span> <span class='ocrx_word' id='word_1_624' title='bbox 3397 4191 3538 4253; x_wconf 87' lang='grc' dir='ltr'>θείας</span> <span class='ocrx_word' id='word_1_625' title='bbox 3576 4188 3817 4257; x_wconf 82' lang='grc' dir='ltr'>δυνάμεως.</span> 
     </span>
    </p>
   </div>
   <div class='ocr_carea' id='block_1_87' title="bbox 2328 4281 3818 4355">
    <p class='ocr_par' dir='ltr' id='par_1_87' title="bbox 2328 4281 3818 4355">
     <span class='ocr_line' id='line_1_87' title="bbox 2328 4281 3818 4355; baseline -0.01 -15"><span class='ocrx_word' id='word_1_626' title='bbox 2328 4288 2438 4340; x_wconf 75' lang='grc' dir='ltr'><strong>Καὶ</strong></span> <span class='ocrx_word' id='word_1_627' title='bbox 2466 4284 2637 4349; x_wconf 79' lang='grc' dir='ltr'>οὓτως</span> <span class='ocrx_word' id='word_1_628' title='bbox 2668 4286 2701 4355; x_wconf 81' lang='grc' dir='ltr'><strong>ἥ</strong></span> <span class='ocrx_word' id='word_1_629' title='bbox 2728 4302 2787 4336; x_wconf 86' lang='grc' dir='ltr'><strong>τε</strong></span> <span class='ocrx_word' id='word_1_630' title='bbox 2814 4283 2907 4337; x_wconf 81' lang='grc' dir='ltr'>τοῦ</span> <span class='ocrx_word' id='word_1_631' title='bbox 2943 4284 3165 4338; x_wconf 80' lang='grc' dir='ltr'>θανάτου</span> <span class='ocrx_word' id='word_1_632' title='bbox 3197 4285 3361 4354; x_wconf 84' lang='grc' dir='ltr'>πεῖρα</span> <span class='ocrx_word' id='word_1_633' title='bbox 3391 4281 3481 4335; x_wconf 73' lang='grc' dir='ltr'>ἐπὶ</span> <span class='ocrx_word' id='word_1_634' title='bbox 3508 4281 3591 4336; x_wconf 81' lang='grc' dir='ltr'><strong>τὸν</strong></span> <span class='ocrx_word' id='word_1_635' title='bbox 3617 4294 3818 4331; x_wconf 80' lang='grc' dir='ltr'>κεκοινω·</span> 
     </span>
    </p>
   </div>
   <div class='ocr_carea' id='block_1_88' title="bbox 664 4344 2228 4447">
    <p class='ocr_par' dir='ltr' id='par_1_88' title="bbox 664 4344 2222 4431">
     <span class='ocr_line' id='line_1_88' title="bbox 664 4344 2222 4431; baseline 0.019 -36"><span class='ocrx_word' id='word_1_636' title='bbox 664 4356 785 4409; x_wconf 67' lang='lat' dir='ltr'><strong>ejus</strong></span> <span class='ocrx_word' id='word_1_637' title='bbox 815 4344 906 4411; x_wconf 89' lang='lat' dir='ltr'><strong>qui</strong></span> <span class='ocrx_word' id='word_1_638' title='bbox 935 4360 1226 4415; x_wconf 89' lang='lat' dir='ltr'><strong>perpessus</strong></span> <span class='ocrx_word' id='word_1_639' title='bbox 1260 4361 1343 4404; x_wconf 87' lang='lat' dir='ltr'><strong>est</strong></span> <span class='ocrx_word' id='word_1_640' title='bbox 1363 4358 1820 4412; x_wconf 88' lang='lat' dir='ltr'><strong>resurrectionem</strong></span> <span class='ocrx_word' id='word_1_641' title='bbox 1854 4377 1952 4431; x_wconf 90' lang='lat' dir='ltr'><strong>per</strong></span> <span class='ocrx_word' id='word_1_642' title='bbox 1981 4364 2222 4423; x_wconf 89' lang='lat' dir='ltr'><strong>divinam</strong></span> 
     </span>
    </p>
   </div>
   <div class='ocr_carea' id='block_1_89' title="bbox 2328 4344 3816 4447">
    <p class='ocr_par' dir='ltr' id='par_1_89' title="bbox 2328 4344 3816 4447">
     <span class='ocr_line' id='line_1_89' title="bbox 2328 4344 3816 4447; baseline -0.008 -18"><span class='ocrx_word' id='word_1_643' title='bbox 2328 4376 2526 4447; x_wconf 86' lang='grc' dir='ltr'>νηκότα</span> <span class='ocrx_word' id='word_1_644' title='bbox 2553 4344 2650 4446; x_wconf 76' lang='grc' dir='ltr'><strong>τῆς</strong></span> <span class='ocrx_word' id='word_1_645' title='bbox 2673 4344 2947 4444; x_wconf 59' lang='grc' dir='ltr'>ἐμπαθῶς</span> <span class='ocrx_word' id='word_1_646' title='bbox 2969 4372 3178 4442; x_wconf 78' lang='grc' dir='ltr'>φύσεως</span> <span class='ocrx_word' id='word_1_647' title='bbox 3207 4344 3528 4442; x_wconf 75' lang='grc' dir='ltr'>ἀναφέρεται</span> <span class='ocrx_word' id='word_1_648' title='bbox 3550 4370 3627 4424; x_wconf 74' lang='grc' dir='ltr'>διὰ</span> <span class='ocrx_word' id='word_1_649' title='bbox 3652 4369 3731 4437; x_wconf 80' lang='grc' dir='ltr'>τὴν</span> <span class='ocrx_word' id='word_1_650' title='bbox 3749 4362 3816 4416; x_wconf 71' lang='grc' dir='ltr'>τοῦ</span> 
     </span>
    </p>
   </div>
   <div class='ocr_carea' id='block_1_90' title="bbox 665 4434 2223 4529">
    <p class='ocr_par' dir='ltr' id='par_1_90' title="bbox 665 4434 2223 4529">
     <span class='ocr_line' id='line_1_90' title="bbox 665 4434 2223 4529; baseline 0.021 -45"><span class='ocrx_word' id='word_1_651' title='bbox 665 4434 941 4486; x_wconf 83' lang='lat' dir='ltr'><strong>virtutem.</strong></span> <span class='ocrx_word' id='word_1_652' title='bbox 977 4434 1037 4488; x_wconf 85' lang='lat' dir='ltr'><strong>Et</strong></span> <span class='ocrx_word' id='word_1_653' title='bbox 1071 4436 1150 4491; x_wconf 88' lang='lat' dir='ltr'><strong>sic</strong></span> <span class='ocrx_word' id='word_1_654' title='bbox 1185 4440 1376 4494; x_wconf 92' lang='lat' dir='ltr'><strong>mortis</strong></span> <span class='ocrx_word' id='word_1_655' title='bbox 1410 4445 1841 4513; x_wconf 79' lang='lat' dir='ltr'><strong>experimentum</strong></span> <span class='ocrx_word' id='word_1_656' title='bbox 1876 4453 1942 4507; x_wconf 86' lang='lat' dir='ltr'><strong>ad</strong></span> <span class='ocrx_word' id='word_1_657' title='bbox 1977 4471 2099 4510; x_wconf 90' lang='lat' dir='ltr'><strong>eum</strong></span> <span class='ocrx_word' id='word_1_658' title='bbox 2128 4463 2223 4529; x_wconf 90' lang='lat' dir='ltr'><strong>qui</strong></span> 
     </span>
    </p>
   </div>
   <div class='ocr_carea' id='block_1_91' title="bbox 665 4524 2224 4620">
    <p class='ocr_par' dir='ltr' id='par_1_91' title="bbox 665 4524 2224 4620">
     <span class='ocr_line' id='line_1_91' title="bbox 665 4524 2224 4620; baseline 0.021 -46"><span class='ocrx_word' id='word_1_659' title='bbox 665 4524 937 4593; x_wconf 87' lang='lat' dir='ltr'><strong>particeps</strong></span> <span class='ocrx_word' id='word_1_660' title='bbox 973 4525 1150 4583; x_wconf 85' lang='lat' dir='ltr'><strong>factus</strong></span> <span class='ocrx_word' id='word_1_661' title='bbox 1172 4537 1257 4584; x_wconf 90' lang='lat' dir='ltr'><strong>est</strong></span> <span class='ocrx_word' id='word_1_662' title='bbox 1286 4541 1495 4588; x_wconf 69' lang='lat' dir='ltr'><strong>natura:</strong></span> <span class='ocrx_word' id='word_1_663' title='bbox 1522 4540 1762 4605; x_wconf 88' lang='lat' dir='ltr'><strong>patibilis</strong></span> <span class='ocrx_word' id='word_1_664' title='bbox 1802 4543 2058 4613; x_wconf 82' lang='lat' dir='ltr'><strong>refertur,</strong></span> <span class='ocrx_word' id='word_1_665' title='bbox 2095 4524 2224 4620; x_wconf 75' lang='lat' dir='ltr'><strong>pro-</strong></span> 
     </span>
    </p>
   </div>
   <div class='ocr_carea' id='block_1_92' title="bbox 663 4615 2212 4702">
    <p class='ocr_par' dir='ltr' id='par_1_92' title="bbox 663 4615 2212 4702">
     <span class='ocr_line' id='line_1_92' title="bbox 663 4615 2212 4702; baseline 0.021 -36"><span class='ocrx_word' id='word_1_666' title='bbox 663 4622 783 4685; x_wconf 89' lang='lat' dir='ltr'><strong>pter</strong></span> <span class='ocrx_word' id='word_1_667' title='bbox 824 4615 1059 4673; x_wconf 90' lang='lat' dir='ltr'><strong>hominis</strong></span> <span class='ocrx_word' id='word_1_668' title='bbox 1089 4633 1274 4675; x_wconf 88' lang='lat' dir='ltr'><strong>secum</strong></span> <span class='ocrx_word' id='word_1_669' title='bbox 1323 4624 1599 4683; x_wconf 87' lang='lat' dir='ltr'><strong>unionem.</strong></span> <span class='ocrx_word' id='word_1_670' title='bbox 1646 4633 1823 4702; x_wconf 81' lang='lat' dir='ltr'><strong>Atque</strong></span> <span class='ocrx_word' id='word_1_671' title='bbox 1870 4637 1959 4691; x_wconf 90' lang='lat' dir='ltr'><strong>illa</strong></span> <span class='ocrx_word' id='word_1_672' title='bbox 2000 4615 2212 4699; x_wconf 71' lang='lat' dir='ltr'><strong>excelsa</strong></span> 
     </span>
    </p>
   </div>
   <div class='ocr_carea' id='block_1_93' title="bbox 662 4704 2217 4791">
    <p class='ocr_par' dir='ltr' id='par_1_93' title="bbox 662 4704 2217 4791">
     <span class='ocr_line' id='line_1_93' title="bbox 662 4704 2217 4791; baseline 0.019 -29"><span class='ocrx_word' id='word_1_673' title='bbox 662 4714 718 4762; x_wconf 89' lang='lat' dir='ltr'><strong>et</strong></span> <span class='ocrx_word' id='word_1_674' title='bbox 745 4704 857 4762; x_wconf 93' lang='lat' dir='ltr'><strong>Deo</strong></span> <span class='ocrx_word' id='word_1_675' title='bbox 905 4708 1100 4764; x_wconf 87' lang='lat' dir='ltr'><strong>decora</strong></span> <span class='ocrx_word' id='word_1_676' title='bbox 1145 4714 1365 4768; x_wconf 88' lang='lat' dir='ltr'><strong>nomina</strong></span> <span class='ocrx_word' id='word_1_677' title='bbox 1416 4717 1469 4771; x_wconf 90' lang='lat' dir='ltr'><strong>in</strong></span> <span class='ocrx_word' id='word_1_678' title='bbox 1526 4719 1798 4778; x_wconf 88' lang='lat' dir='ltr'><strong>hominem</strong></span> <span class='ocrx_word' id='word_1_679' title='bbox 1853 4728 2217 4791; x_wconf 88' lang='lat' dir='ltr'><strong>descendunt.</strong></span> 
     </span>
    </p>
   </div>
   <div class='ocr_carea' id='block_1_94' title="bbox 662 4797 2221 4896">
    <p class='ocr_par' dir='ltr' id='par_1_94' title="bbox 662 4797 2221 4896">
     <span class='ocr_line' id='line_1_94' title="bbox 662 4797 2221 4896; baseline 0.019 -43"><span class='ocrx_word' id='word_1_680' title='bbox 662 4797 741 4854; x_wconf 82' lang='lat' dir='ltr'><strong>Ita</strong></span> <span class='ocrx_word' id='word_1_681' title='bbox 782 4811 841 4855; x_wconf 92' lang='lat' dir='ltr'><strong>ut</strong></span> <span class='ocrx_word' id='word_1_682' title='bbox 888 4801 1154 4859; x_wconf 90' lang='lat' dir='ltr'><strong>Dominus</strong></span> <span class='ocrx_word' id='word_1_683' title='bbox 1184 4806 1369 4876; x_wconf 67' lang='lat' dir='ltr'><strong>gloriae</strong></span> <span class='ocrx_word' id='word_1_684' title='bbox 1421 4810 1468 4866; x_wconf 91' lang='lat' dir='ltr'><strong>is</strong></span> <span class='ocrx_word' id='word_1_685' title='bbox 1498 4815 1590 4881; x_wconf 90' lang='lat' dir='ltr'><strong>qui</strong></span> <span class='ocrx_word' id='word_1_686' title='bbox 1619 4814 1673 4868; x_wconf 94' lang='lat' dir='ltr'><strong>in</strong></span> <span class='ocrx_word' id='word_1_687' title='bbox 1723 4831 1887 4874; x_wconf 90' lang='lat' dir='ltr'><strong>cruce</strong></span> <span class='ocrx_word' id='word_1_688' title='bbox 1933 4823 2084 4879; x_wconf 85' lang='lat' dir='ltr'><strong>visus</strong></span> <span class='ocrx_word' id='word_1_689' title='bbox 2116 4838 2221 4896; x_wconf 92' lang='lat' dir='ltr'><strong>est,</strong></span> 
     </span>
    </p>
   </div>
   <div class='ocr_carea' id='block_1_95' title="bbox 661 4893 2225 4983">
    <p class='ocr_par' dir='ltr' id='par_1_95' title="bbox 661 4893 2225 4983">
     <span class='ocr_line' id='line_1_95' title="bbox 661 4893 2225 4983; baseline 0.017 -38"><span class='ocrx_word' id='word_1_690' title='bbox 661 4893 993 4960; x_wconf 85' lang='lat' dir='ltr'><strong>nominetur,</strong></span> <span class='ocrx_word' id='word_1_691' title='bbox 1044 4904 1266 4965; x_wconf 90' lang='lat' dir='ltr'><strong>propter</strong></span> <span class='ocrx_word' id='word_1_692' title='bbox 1308 4903 1759 4970; x_wconf 86' lang='lat' dir='ltr'><strong>temperationem</strong></span> <span class='ocrx_word' id='word_1_693' title='bbox 1804 4920 2014 4967; x_wconf 72' lang='lat' dir='ltr'><strong>natura:</strong></span> <span class='ocrx_word' id='word_1_694' title='bbox 2050 4893 2225 4983; x_wconf 85' lang='lat' dir='ltr'><strong>ipsius</strong></span> 
     </span>
    </p>
   </div>
   <div class='ocr_carea' id='block_1_96' title="bbox 660 4985 2223 5067">
    <p class='ocr_par' dir='ltr' id='par_1_96' title="bbox 660 4985 2223 5067">
     <span class='ocr_line' id='line_1_96' title="bbox 660 4985 2223 5067; baseline 0.019 -35"><span class='ocrx_word' id='word_1_695' title='bbox 660 4998 785 5040; x_wconf 81' lang='lat' dir='ltr'><strong>cum</strong></span> <span class='ocrx_word' id='word_1_696' title='bbox 821 4996 887 5039; x_wconf 89' lang='lat' dir='ltr'><strong>eo</strong></span> <span class='ocrx_word' id='word_1_697' title='bbox 916 4985 1060 5055; x_wconf 89' lang='lat' dir='ltr'><strong>quod</strong></span> <span class='ocrx_word' id='word_1_698' title='bbox 1088 4995 1173 5041; x_wconf 90' lang='lat' dir='ltr'><strong>est</strong></span> <span class='ocrx_word' id='word_1_699' title='bbox 1200 4986 1423 5055; x_wconf 87' lang='lat' dir='ltr'><strong>humile,</strong></span> <span class='ocrx_word' id='word_1_700' title='bbox 1479 5001 1532 5046; x_wconf 90' lang='lat' dir='ltr'><strong>et</strong></span> <span class='ocrx_word' id='word_1_701' title='bbox 1558 4996 1701 5063; x_wconf 89' lang='lat' dir='ltr'><strong>quod</strong></span> <span class='ocrx_word' id='word_1_702' title='bbox 1733 5000 1906 5067; x_wconf 87' lang='lat' dir='ltr'><strong>gratia</strong></span> <span class='ocrx_word' id='word_1_703' title='bbox 1938 5007 2223 5063; x_wconf 91' lang='lat' dir='ltr'><strong>nominum</strong></span> 
     </span>
    </p>
   </div>
   <div class='ocr_carea' id='block_1_97' title="bbox 659 5075 2221 5155">
    <p class='ocr_par' dir='ltr' id='par_1_97' title="bbox 659 5075 2221 5155">
     <span class='ocr_line' id='line_1_97' title="bbox 659 5075 2221 5155; baseline 0.015 -24"><span class='ocrx_word' id='word_1_704' title='bbox 659 5091 727 5131; x_wconf 82' lang='lat' dir='ltr'><strong>ex</strong></span> <span class='ocrx_word' id='word_1_705' title='bbox 768 5075 952 5131; x_wconf 87' lang='lat' dir='ltr'><strong>divino</strong></span> <span class='ocrx_word' id='word_1_706' title='bbox 984 5078 1051 5132; x_wconf 86' lang='lat' dir='ltr'><strong>ad</strong></span> <span class='ocrx_word' id='word_1_707' title='bbox 1102 5078 1399 5135; x_wconf 88' lang='lat' dir='ltr'><strong>humanum</strong></span> <span class='ocrx_word' id='word_1_708' title='bbox 1433 5091 1695 5145; x_wconf 87' lang='lat' dir='ltr'><strong>transeat.</strong></span> <span class='ocrx_word' id='word_1_709' title='bbox 1732 5088 1813 5145; x_wconf 93' lang='lat' dir='ltr'><strong>Ob</strong></span> <span class='ocrx_word' id='word_1_710' title='bbox 1841 5108 1957 5148; x_wconf 91' lang='lat' dir='ltr'><strong>eam</strong></span> <span class='ocrx_word' id='word_1_711' title='bbox 1999 5111 2221 5155; x_wconf 86' lang='lat' dir='ltr'><strong>causam</strong></span> 
     </span>
    </p>
   </div>
   <div class='ocr_carea' id='block_1_98' title="bbox 660 5167 2219 5258">
    <p class='ocr_par' dir='ltr' id='par_1_98' title="bbox 660 5167 2219 5258">
     <span class='ocr_line' id='line_1_98' title="bbox 660 5167 2219 5258; baseline 0.017 -38"><span class='ocrx_word' id='word_1_712' title='bbox 660 5167 808 5224; x_wconf 83' lang='lat' dir='ltr'><strong>varie</strong></span> <span class='ocrx_word' id='word_1_713' title='bbox 866 5168 1290 5241; x_wconf 77' lang='lat' dir='ltr'><strong>diﬂ‘erenterque</strong></span> <span class='ocrx_word' id='word_1_714' title='bbox 1324 5174 1502 5243; x_wconf 91' lang='lat' dir='ltr'><strong>ipsum</strong></span> <span class='ocrx_word' id='word_1_715' title='bbox 1554 5178 1750 5245; x_wconf 87' lang='lat' dir='ltr'><strong>tradit,</strong></span> <span class='ocrx_word' id='word_1_716' title='bbox 1800 5186 1960 5240; x_wconf 89' lang='lat' dir='ltr'><strong>modo</strong></span> <span class='ocrx_word' id='word_1_717' title='bbox 2002 5190 2219 5258; x_wconf 86' lang='lat' dir='ltr'><strong>quidem</strong></span> 
     </span>
    </p>
   </div>
   <div class='ocr_carea' id='block_1_99' title="bbox 657 5259 2223 5354">
    <p class='ocr_par' dir='ltr' id='par_1_99' title="bbox 657 5259 2223 5354">
     <span class='ocr_line' id='line_1_99' title="bbox 657 5259 2223 5354; baseline 0.017 -41"><span class='ocrx_word' id='word_1_718' title='bbox 657 5274 782 5313; x_wconf 88' lang='lat' dir='ltr'><strong>eum</strong></span> <span class='ocrx_word' id='word_1_719' title='bbox 820 5260 913 5330; x_wconf 90' lang='lat' dir='ltr'><strong>qui</strong></span> <span class='ocrx_word' id='word_1_720' title='bbox 955 5259 1023 5315; x_wconf 89' lang='lat' dir='ltr'><strong>de</strong></span> <span class='ocrx_word' id='word_1_721' title='bbox 1052 5263 1208 5317; x_wconf 77' lang='lat' dir='ltr'><strong>ctelis</strong></span> <span class='ocrx_word' id='word_1_722' title='bbox 1238 5263 1540 5330; x_wconf 87' lang='lat' dir='ltr'><strong>descendit,</strong></span> <span class='ocrx_word' id='word_1_723' title='bbox 1593 5272 1753 5327; x_wconf 92' lang='lat' dir='ltr'><strong>modo</strong></span> <span class='ocrx_word' id='word_1_724' title='bbox 1784 5290 1815 5330; x_wconf 87' lang='lat' dir='ltr'><strong>e</strong></span> <span class='ocrx_word' id='word_1_725' title='bbox 1861 5279 2090 5337; x_wconf 90' lang='lat' dir='ltr'><strong>muliere</strong></span> <span class='ocrx_word' id='word_1_726' title='bbox 2130 5299 2223 5354; x_wconf 82' lang='lat' dir='ltr'><strong>ge-</strong></span> 
     </span>
    </p>
   </div>
   <div class='ocr_carea' id='block_1_100' title="bbox 757 5356 1292 5425">
    <p class='ocr_par' dir='ltr' id='par_1_100' title="bbox 757 5356 1292 5425">
     <span class='ocr_line' id='line_1_100' title="bbox 757 5356 1292 5425; baseline 0.017 -19"><span class='ocrx_word' id='word_1_727' title='bbox 757 5357 797 5387; x_wconf 81' lang='lat'>&quot;</span> <span class='ocrx_word' id='word_1_728' title='bbox 841 5356 997 5412; x_wconf 75' lang='lat' dir='ltr'><strong>ltum.</strong></span> <span class='ocrx_word' id='word_1_729' title='bbox 1043 5374 1164 5425; x_wconf 83' lang='lat' dir='ltr'><strong>vm,</strong></span> <span class='ocrx_word' id='word_1_730' title='bbox 1203 5360 1292 5415; x_wconf 75' lang='lat'><strong>52.</strong></span> 
     </span>
    </p>
   </div>
   <div class='ocr_carea' id='block_1_101' title="bbox 719 5432 2213 5555">
    <p class='ocr_par' dir='ltr' id='par_1_101' title="bbox 719 5432 2213 5555">
     <span class='ocr_line' id='line_1_101' title="bbox 719 5432 2213 5498; baseline 0.011 -17"><span class='ocrx_word' id='word_1_731' title='bbox 719 5432 771 5493; x_wconf 87' lang='lat' dir='ltr'><strong>(a</strong></span> <span class='ocrx_word' id='word_1_732' title='bbox 810 5433 912 5483; x_wconf 82' lang='lat' dir='ltr'><strong>Hoc</strong></span> <span class='ocrx_word' id='word_1_733' title='bbox 934 5433 1185 5487; x_wconf 86' lang='lat' dir='ltr'><strong>invenitur</strong></span> <span class='ocrx_word' id='word_1_734' title='bbox 1204 5452 1255 5487; x_wconf 81' lang='lat' dir='ltr'><strong>in</strong></span> <span class='ocrx_word' id='word_1_735' title='bbox 1270 5440 1717 5495; x_wconf 82' lang='lat' dir='ltr'><strong>Justinianied.De</strong></span> <span class='ocrx_word' id='word_1_736' title='bbox 1738 5446 1834 5495; x_wconf 82' lang='lat' dir='ltr'><strong>ﬁde</strong></span> <span class='ocrx_word' id='word_1_737' title='bbox 1855 5448 1962 5497; x_wconf 86' lang='lat' dir='ltr'><strong>adv.</strong></span> <span class='ocrx_word' id='word_1_738' title='bbox 1984 5449 2213 5498; x_wconf 64' lang='lat' dir='ltr'><strong>haereses.</strong></span> 
     </span>
     <span class='ocr_line' id='line_1_102' title="bbox 719 5434 2212 5555; baseline 0.008 -12"><span class='ocrx_word' id='word_1_739' title='bbox 719 5434 793 5555; x_wconf 50' lang='lat' dir='ltr'><strong>ib;</strong></span> <span class='ocrx_word' id='word_1_740' title='bbox 821 5495 1012 5548; x_wconf 80' lang='lat' dir='ltr'><strong>Textus</strong></span> <span class='ocrx_word' id='word_1_741' title='bbox 1045 5500 1242 5551; x_wconf 69' lang='lat' dir='ltr'><strong>Graecus</strong></span> <span class='ocrx_word' id='word_1_742' title='bbox 1268 5512 1542 5555; x_wconf 79' lang='lat' dir='ltr'><strong>curruntus.</strong></span> <span class='ocrx_word' id='word_1_743' title='bbox 1572 5533 1628 5543; x_wconf 92' lang='lat'><strong>—</strong></span> <span class='ocrx_word' id='word_1_744' title='bbox 1651 5506 1937 5555; x_wconf 83' lang='lat' dir='ltr'><strong>Medicinam</strong></span> <span class='ocrx_word' id='word_1_745' title='bbox 1972 5507 2083 5555; x_wconf 80' lang='lat' dir='ltr'><strong>facit</strong></span> <span class='ocrx_word' id='word_1_746' title='bbox 2106 5513 2212 5555; x_wconf 76' lang='lat' dir='ltr'><strong>rod-</strong></span> 
     </span>
    </p>
   </div>
   <div class='ocr_carea' id='block_1_102' title="bbox 717 5492 2212 5566">
    <p class='ocr_par' dir='ltr' id='par_1_102' title="bbox 717 5492 2212 5566">
     <span class='ocr_line' id='line_1_103' title="bbox 717 5492 2212 5566; baseline 0.011 -23"><span class='ocrx_word' id='word_1_747' title='bbox 717 5492 787 5555; x_wconf 77' lang='grc' dir='ltr'><strong>(ὁ)</strong></span> <span class='ocrx_word' id='word_1_748' title='bbox 821 5495 1012 5566; x_wconf 59' lang='grc' dir='ltr'>Τεξιιιε</span> <span class='ocrx_word' id='word_1_749' title='bbox 1045 5500 1242 5551; x_wconf 68' lang='lat' dir='ltr'><strong>Graecus</strong></span> <span class='ocrx_word' id='word_1_750' title='bbox 1268 5512 1542 5566; x_wconf 83' lang='lat' dir='ltr'><strong>corruptus.</strong></span> <span class='ocrx_word' id='word_1_751' title='bbox 1558 5492 1628 5543; x_wconf 50' lang='grc' dir='ltr'><strong>’ἐξ</strong></span> <span class='ocrx_word' id='word_1_752' title='bbox 1647 5492 2212 5562; x_wconf 59' lang='grc' dir='ltr'><strong>ἱιῐειῑίῐτῖηῐιῐιῖξᾱξέίὶὲόᾶξ</strong></span> 
     </span>
    </p>
   </div>
   <div class='ocr_carea' id='block_1_103' title="bbox 657 5557 2218 5635">
    <p class='ocr_par' dir='ltr' id='par_1_103' title="bbox 657 5557 2218 5635">
     <span class='ocr_line' id='line_1_104' title="bbox 657 5557 2218 5635; baseline 0.013 -33"><span class='ocrx_word' id='word_1_753' title='bbox 657 5557 851 5635; x_wconf 54' lang='lat' dir='ltr'><strong>flavam,</strong></span> <span class='ocrx_word' id='word_1_754' title='bbox 871 5560 925 5633; x_wconf 66' lang='grc' dir='ltr'><strong>ού</strong></span> <span class='ocrx_word' id='word_1_755' title='bbox 954 5566 1237 5635; x_wconf 48' lang='grc' dir='ltr'>κοινοποιιῖμ</span> <span class='ocrx_word' id='word_1_756' title='bbox 1248 5564 1381 5635; x_wconf 35' lang='grc' dir='ltr'>’πρὸς</span> <span class='ocrx_word' id='word_1_757' title='bbox 1411 5557 1495 5635; x_wconf 68' lang='grc' dir='ltr'>τήν</span> <span class='ocrx_word' id='word_1_758' title='bbox 1520 5569 1685 5635; x_wconf 74' lang='grc' dir='ltr'>λοιπὴν</span> <span class='ocrx_word' id='word_1_759' title='bbox 1706 5570 1840 5635; x_wconf 69' lang='grc' dir='ltr'>φύσιν</span> <span class='ocrx_word' id='word_1_760' title='bbox 1863 5572 1940 5635; x_wconf 74' lang='grc' dir='ltr'><strong>διὰ</strong></span> <span class='ocrx_word' id='word_1_761' title='bbox 2063 5557 2218 5635; x_wconf 55' lang='grc' dir='ltr'>φωνῆς</span> 
     </span>
    </p>
   </div>
   <div class='ocr_carea' id='block_1_104' title="bbox 653 5618 2216 5690">
    <p class='ocr_par' dir='ltr' id='par_1_104' title="bbox 653 5618 2216 5690">
     <span class='ocr_line' id='line_1_105' title="bbox 653 5618 2216 5690; baseline 0.014 -26"><span class='ocrx_word' id='word_1_762' title='bbox 653 5618 734 5665; x_wconf 78' lang='grc' dir='ltr'>τὸν</span> <span class='ocrx_word' id='word_1_763' title='bbox 764 5620 1074 5680; x_wconf 78' lang='grc' dir='ltr'>διελούμενον,</span> <span class='ocrx_word' id='word_1_764' title='bbox 1100 5625 1204 5675; x_wconf 76' lang='grc' dir='ltr'>ἀλλ’</span> <span class='ocrx_word' id='word_1_765' title='bbox 1236 5618 1495 5686; x_wconf 26' lang='grc' dir='ltr'>ὥστενπερὶ</span> <span class='ocrx_word' id='word_1_766' title='bbox 1522 5618 1741 5681; x_wconf 65' lang='grc' dir='ltr'>έκάτέοον</span> <span class='ocrx_word' id='word_1_767' title='bbox 1766 5630 1821 5681; x_wconf 86' lang='grc' dir='ltr'>τὸ</span> <span class='ocrx_word' id='word_1_768' title='bbox 1850 5618 2045 5690; x_wconf 68' lang='grc' dir='ltr'>εὐσεϐἐξ</span> <span class='ocrx_word' id='word_1_769' title='bbox 2071 5618 2216 5685; x_wconf 54' lang='grc' dir='ltr'>ζεύλαῖ</span> 
     </span>
    </p>
   </div>
   <div class='ocr_carea' id='block_1_105' title="bbox 2324 4453 3815 4555">
    <p class='ocr_par' dir='ltr' id='par_1_105' title="bbox 2324 4453 3815 4555">
     <span class='ocr_line' id='line_1_106' title="bbox 2324 4453 3815 4555; baseline -0.009 -35"><span class='ocrx_word' id='word_1_770' title='bbox 2324 4467 2607 4538; x_wconf 81' lang='grc' dir='ltr'>ἀνθρώπου</span> <span class='ocrx_word' id='word_1_771' title='bbox 2659 4465 2795 4537; x_wconf 79' lang='grc' dir='ltr'>πρὸς</span> <span class='ocrx_word' id='word_1_772' title='bbox 2827 4465 2987 4517; x_wconf 75' lang='grc' dir='ltr'>αὐτὸν</span> <span class='ocrx_word' id='word_1_773' title='bbox 3019 4464 3208 4517; x_wconf 71' lang='grc' dir='ltr'>ἕνωσιν</span> <span class='ocrx_word' id='word_1_774' title='bbox 3234 4482 3246 4494; x_wconf 79' lang='grc' dir='ltr'><strong><em>ο</em></strong></span> <span class='ocrx_word' id='word_1_775' title='bbox 3298 4465 3393 4517; x_wconf 77' lang='grc' dir='ltr'>καὶ</span> <span class='ocrx_word' id='word_1_776' title='bbox 3418 4463 3482 4515; x_wconf 75' lang='grc' dir='ltr'>τὰ</span> <span class='ocrx_word' id='word_1_777' title='bbox 3510 4460 3666 4530; x_wconf 68' lang='grc' dir='ltr'>ὑψηλά</span> <span class='ocrx_word' id='word_1_778' title='bbox 3680 4473 3726 4509; x_wconf 83' lang='grc' dir='ltr'><strong>τε</strong></span> <span class='ocrx_word' id='word_1_779' title='bbox 3738 4453 3815 4555; x_wconf 46' lang='grc' dir='ltr'>,καὶ</span> 
     </span>
    </p>
   </div>
   <div class='ocr_carea' id='block_1_106' title="bbox 2324 4544 3816 4641">
    <p class='ocr_par' dir='ltr' id='par_1_106' title="bbox 2324 4544 3816 4641">
     <span class='ocr_line' id='line_1_107' title="bbox 2324 4544 3816 4641; baseline -0.009 -33"><span class='ocrx_word' id='word_1_780' title='bbox 2324 4555 2601 4627; x_wconf 77' lang='grc' dir='ltr'>θεοπρεπῆ</span> <span class='ocrx_word' id='word_1_781' title='bbox 2633 4556 2740 4608; x_wconf 83' lang='grc' dir='ltr'><strong>τῶν</strong></span> <span class='ocrx_word' id='word_1_782' title='bbox 2768 4554 3043 4625; x_wconf 85' lang='grc' dir='ltr'>ὀνομάτων</span> <span class='ocrx_word' id='word_1_783' title='bbox 3084 4554 3173 4607; x_wconf 77' lang='grc' dir='ltr'><strong>ἐπὶ</strong></span> <span class='ocrx_word' id='word_1_784' title='bbox 3199 4554 3289 4606; x_wconf 84' lang='grc' dir='ltr'><strong>τὸν</strong></span> <span class='ocrx_word' id='word_1_785' title='bbox 3319 4553 3589 4624; x_wconf 82' lang='grc' dir='ltr'>ἄνθρωπον</span> <span class='ocrx_word' id='word_1_786' title='bbox 3617 4544 3816 4641; x_wconf 45' lang='grc' dir='ltr'>καταῦαίξ</span> 
     </span>
    </p>
   </div>
   <div class='ocr_carea' id='block_1_107' title="bbox 2322 4641 3814 4716">
    <p class='ocr_par' dir='ltr' id='par_1_107' title="bbox 2322 4641 3814 4716">
     <span class='ocr_line' id='line_1_108' title="bbox 2322 4641 3814 4716; baseline -0.011 -15"><span class='ocrx_word' id='word_1_787' title='bbox 2322 4665 2418 4701; x_wconf 84' lang='grc' dir='ltr'>νει.</span> <span class='ocrx_word' id='word_1_788' title='bbox 2483 4648 2570 4709; x_wconf 84' lang='grc' dir='ltr'>Ὠς</span> <span class='ocrx_word' id='word_1_789' title='bbox 2596 4648 2687 4700; x_wconf 79' lang='grc' dir='ltr'><strong>καὶ</strong></span> <span class='ocrx_word' id='word_1_790' title='bbox 2713 4645 2912 4716; x_wconf 85' lang='grc' dir='ltr'>Κύριον</span> <span class='ocrx_word' id='word_1_791' title='bbox 2946 4648 3043 4715; x_wconf 81' lang='grc' dir='ltr'>τῆς</span> <span class='ocrx_word' id='word_1_792' title='bbox 3074 4645 3230 4713; x_wconf 81' lang='grc' dir='ltr'>δόξης</span> <span class='ocrx_word' id='word_1_793' title='bbox 3262 4644 3352 4697; x_wconf 82' lang='grc' dir='ltr'><strong>τὸν</strong></span> <span class='ocrx_word' id='word_1_794' title='bbox 3394 4645 3482 4696; x_wconf 75' lang='grc' dir='ltr'><strong>ἐπὶ</strong></span> <span class='ocrx_word' id='word_1_795' title='bbox 3514 4641 3599 4694; x_wconf 76' lang='grc' dir='ltr'>τοῦ</span> <span class='ocrx_word' id='word_1_796' title='bbox 3635 4651 3814 4705; x_wconf 67' lang='grc' dir='ltr'>σταύρου</span> 
     </span>
    </p>
   </div>
   <div class='ocr_carea' id='block_1_108' title="bbox 2323 4721 3814 4808">
    <p class='ocr_par' dir='ltr' id='par_1_108' title="bbox 2323 4721 3814 4808">
     <span class='ocr_line' id='line_1_109' title="bbox 2323 4721 3814 4808; baseline -0.007 -16"><span class='ocrx_word' id='word_1_797' title='bbox 2323 4738 2555 4808; x_wconf 77' lang='grc' dir='ltr'>φανέντα</span> <span class='ocrx_word' id='word_1_798' title='bbox 2588 4734 3070 4805; x_wconf 79' lang='grc' dir='ltr'>κατονομάζεσθαι,</span> <span class='ocrx_word' id='word_1_799' title='bbox 3097 4738 3162 4805; x_wconf 82' lang='grc' dir='ltr'>τῇ</span> <span class='ocrx_word' id='word_1_800' title='bbox 3189 4733 3285 4796; x_wconf 79' lang='grc' dir='ltr'>τῆς</span> <span class='ocrx_word' id='word_1_801' title='bbox 3316 4732 3525 4802; x_wconf 82' lang='grc' dir='ltr'>φύσεως</span> <span class='ocrx_word' id='word_1_802' title='bbox 3555 4730 3694 4783; x_wconf 75' lang='grc' dir='ltr'>αὐτον</span> <span class='ocrx_word' id='word_1_803' title='bbox 3714 4721 3814 4793; x_wconf 74' lang='grc' dir='ltr'>πρὸς</span> 
     </span>
    </p>
   </div>
   <div class='ocr_carea' id='block_1_109' title="bbox 2320 4814 3813 4905">
    <p class='ocr_par' dir='ltr' id='par_1_109' title="bbox 2320 4814 3813 4905">
     <span class='ocr_line' id='line_1_110' title="bbox 2320 4814 3813 4905; baseline -0.007 -29"><span class='ocrx_word' id='word_1_804' title='bbox 2320 4825 2381 4877; x_wconf 80' lang='grc' dir='ltr'>τὸ</span> <span class='ocrx_word' id='word_1_805' title='bbox 2394 4822 2644 4877; x_wconf 84' lang='grc' dir='ltr'>ταπεινὸν</span> <span class='ocrx_word' id='word_1_806' title='bbox 2664 4821 2981 4892; x_wconf 84' lang='grc' dir='ltr'>ἀνακράσει,</span> <span class='ocrx_word' id='word_1_807' title='bbox 3011 4821 3102 4874; x_wconf 73' lang='grc' dir='ltr'><strong>καὶ</strong></span> <span class='ocrx_word' id='word_1_808' title='bbox 3126 4820 3221 4890; x_wconf 85' lang='grc' dir='ltr'>τῆς</span> <span class='ocrx_word' id='word_1_809' title='bbox 3241 4820 3348 4872; x_wconf 85' lang='grc' dir='ltr'><strong>τῶν</strong></span> <span class='ocrx_word' id='word_1_810' title='bbox 3371 4818 3628 4905; x_wconf 61' lang='grc' dir='ltr'>ὀνομάτων</span> <span class='ocrx_word' id='word_1_811' title='bbox 3646 4814 3813 4905; x_wconf 73' lang='grc' dir='ltr'>χάριτος</span> 
     </span>
    </p>
   </div>
   <div class='ocr_carea' id='block_1_110' title="bbox 2321 4903 3809 4983">
    <p class='ocr_par' dir='ltr' id='par_1_110' title="bbox 2321 4903 3809 4983">
     <span class='ocr_line' id='line_1_111' title="bbox 2321 4903 3809 4983; baseline -0.007 -14"><span class='ocrx_word' id='word_1_812' title='bbox 2321 4919 2383 4970; x_wconf 83' lang='grc' dir='ltr'><strong>ἐκ</strong></span> <span class='ocrx_word' id='word_1_813' title='bbox 2415 4914 2508 4969; x_wconf 81' lang='grc' dir='ltr'>τοῦ</span> <span class='ocrx_word' id='word_1_814' title='bbox 2537 4913 2695 4967; x_wconf 90' lang='grc' dir='ltr'>Θείου</span> <span class='ocrx_word' id='word_1_815' title='bbox 2734 4912 2868 4982; x_wconf 74' lang='grc' dir='ltr'>πρὸς</span> <span class='ocrx_word' id='word_1_816' title='bbox 2909 4913 2970 4966; x_wconf 83' lang='grc' dir='ltr'><strong>τὸ</strong></span> <span class='ocrx_word' id='word_1_817' title='bbox 3009 4910 3348 4983; x_wconf 84' lang='grc' dir='ltr'>ἀνθρώπινον</span> <span class='ocrx_word' id='word_1_818' title='bbox 3382 4903 3809 4981; x_wconf 76' lang='grc' dir='ltr'>συμμετελθούσης·</span> 
     </span>
    </p>
   </div>
   <div class='ocr_carea' id='block_1_111' title="bbox 2319 4994 3808 5074">
    <p class='ocr_par' dir='ltr' id='par_1_111' title="bbox 2319 4994 3808 5074">
     <span class='ocr_line' id='line_1_112' title="bbox 2319 4994 3808 5074; baseline -0.007 -13"><span class='ocrx_word' id='word_1_819' title='bbox 2319 5007 2418 5061; x_wconf 84' lang='grc' dir='ltr'>Διά</span> <span class='ocrx_word' id='word_1_820' title='bbox 2443 5006 2599 5060; x_wconf 83' lang='grc' dir='ltr'>τοῦτο</span> <span class='ocrx_word' id='word_1_821' title='bbox 2630 5005 2885 5069; x_wconf 84' lang='grc' dir='ltr'>ποικίλως</span> <span class='ocrx_word' id='word_1_822' title='bbox 2912 5005 3004 5059; x_wconf 81' lang='grc' dir='ltr'><strong>καὶ</strong></span> <span class='ocrx_word' id='word_1_823' title='bbox 3035 5004 3301 5074; x_wconf 84' lang='grc' dir='ltr'>διαφόρως</span> <span class='ocrx_word' id='word_1_824' title='bbox 3333 5003 3489 5056; x_wconf 82' lang='grc' dir='ltr'>αὑτὸν</span> <span class='ocrx_word' id='word_1_825' title='bbox 3522 4994 3808 5067; x_wconf 74' lang='grc' dir='ltr'>παραδίδωσι.</span> 
     </span>
    </p>
   </div>
   <div class='ocr_carea' id='block_1_112' title="bbox 2319 5082 3809 5191">
    <p class='ocr_par' dir='ltr' id='par_1_112' title="bbox 2319 5082 3809 5191">
     <span class='ocr_line' id='line_1_113' title="bbox 2319 5082 3809 5191; baseline -0.013 -36"><span class='ocrx_word' id='word_1_826' title='bbox 2319 5102 2413 5155; x_wconf 83' lang='grc' dir='ltr'>νῦν</span> <span class='ocrx_word' id='word_1_827' title='bbox 2454 5102 2550 5172; x_wconf 84' lang='grc' dir='ltr'><strong>μὲν</strong></span> <span class='ocrx_word' id='word_1_828' title='bbox 2572 5100 2663 5153; x_wconf 82' lang='grc' dir='ltr'><strong>τὸν</strong></span> <span class='ocrx_word' id='word_1_829' title='bbox 2702 5098 2761 5164; x_wconf 78' lang='grc' dir='ltr'>ἐξ</span> <span class='ocrx_word' id='word_1_830' title='bbox 2798 5097 3038 5170; x_wconf 83' lang='grc' dir='ltr'>οὐρανῶν</span> <span class='ocrx_word' id='word_1_831' title='bbox 3069 5096 3394 5151; x_wconf 84' lang='grc' dir='ltr'>κατελθόντα</span> <span class='ocrx_word' id='word_1_832' title='bbox 3413 5137 3427 5162; x_wconf 92' lang='grc'><strong>,</strong></span> <span class='ocrx_word' id='word_1_833' title='bbox 3476 5092 3563 5145; x_wconf 83' lang='grc' dir='ltr'>νῦν</span> <span class='ocrx_word' id='word_1_834' title='bbox 3591 5090 3638 5142; x_wconf 78' lang='grc' dir='ltr'><strong>δὲ</strong></span> <span class='ocrx_word' id='word_1_835' title='bbox 3670 5082 3809 5191; x_wconf 27' lang='grc' dir='ltr'>τρνὶὲιξ</span> 
     </span>
    </p>
   </div>
   <div class='ocr_carea' id='block_1_113' title="bbox 2317 5178 3796 5265">
    <p class='ocr_par' dir='ltr' id='par_1_113' title="bbox 2317 5178 3796 5265">
     <span class='ocr_line' id='line_1_114' title="bbox 2317 5178 3796 5265; baseline -0.014 -15"><span class='ocrx_word' id='word_1_836' title='bbox 2317 5196 2568 5265; x_wconf 86' lang='grc' dir='ltr'>γυναικὸς</span> <span class='ocrx_word' id='word_1_837' title='bbox 2610 5192 2961 5263; x_wconf 76' lang='grc' dir='ltr'>γεννηθέντα,</span> <span class='ocrx_word' id='word_1_838' title='bbox 2991 5192 3085 5245; x_wconf 78' lang='grc' dir='ltr'><strong>καὶ</strong></span> <span class='ocrx_word' id='word_1_839' title='bbox 3114 5190 3245 5244; x_wconf 80' lang='grc' dir='ltr'>Θεὸν</span> <span class='ocrx_word' id='word_1_840' title='bbox 3270 5188 3606 5260; x_wconf 83' lang='grc' dir='ltr'>προαιώνιον,</span> <span class='ocrx_word' id='word_1_841' title='bbox 3638 5180 3713 5233; x_wconf 81' lang='grc' dir='ltr'>καὶ</span> <span class='ocrx_word' id='word_1_842' title='bbox 3746 5178 3796 5227; x_wconf 74' lang='grc' dir='ltr'><strong>ἐπ</strong></span> 
     </span>
    </p>
   </div>
   <div class='ocr_carea' id='block_1_114' title="bbox 2319 5264 3807 5359">
    <p class='ocr_par' dir='ltr' id='par_1_114' title="bbox 2319 5264 3807 5359">
     <span class='ocr_line' id='line_1_115' title="bbox 2319 5264 3807 5359; baseline -0.009 -17"><span class='ocrx_word' id='word_1_843' title='bbox 2319 5264 2557 5359; x_wconf 75' lang='grc' dir='ltr'>ἐσχάτων</span> <span class='ocrx_word' id='word_1_844' title='bbox 2600 5284 2823 5357; x_wconf 82' lang='grc' dir='ltr'>ἡμερῶν</span> <span class='ocrx_word' id='word_1_845' title='bbox 2863 5284 3178 5354; x_wconf 75' lang='grc' dir='ltr'>ἄνθρωπον,</span> <span class='ocrx_word' id='word_1_846' title='bbox 3246 5281 3415 5344; x_wconf 78' lang='grc' dir='ltr'>οὕτως</span> <span class='ocrx_word' id='word_1_847' title='bbox 3448 5280 3536 5334; x_wconf 80' lang='grc' dir='ltr'>καὶ</span> <span class='ocrx_word' id='word_1_848' title='bbox 3576 5269 3752 5337; x_wconf 77' lang='grc' dir='ltr'>ἀπαθὴς</span> <span class='ocrx_word' id='word_1_849' title='bbox 3786 5264 3807 5315; x_wconf 74' lang='grc' dir='ltr'>δ</span> 
     </span>
    </p>
   </div>
   <div class='ocr_carea' id='block_1_115' title="bbox 2324 5444 3809 5529">
    <p class='ocr_par' dir='ltr' id='par_1_115' title="bbox 2324 5444 3809 5529">
     <span class='ocr_line' id='line_1_116' title="bbox 2324 5444 3809 5529; baseline 0.013 -31"><span class='ocrx_word' id='word_1_850' title='bbox 2324 5454 2487 5529; x_wconf 75' lang='grc' dir='ltr'>χθῇναι</span> <span class='ocrx_word' id='word_1_851' title='bbox 2502 5455 2589 5529; x_wconf 63' lang='grc' dir='ltr'>τοῦ</span> <span class='ocrx_word' id='word_1_852' title='bbox 2608 5474 2659 5529; x_wconf 66' lang='grc' dir='ltr'><strong>τε</strong></span> <span class='ocrx_word' id='word_1_853' title='bbox 2668 5458 2964 5529; x_wconf 69' lang='grc' dir='ltr'>ἀνθρωπίνου</span> <span class='ocrx_word' id='word_1_854' title='bbox 2983 5457 3161 5529; x_wconf 29' lang='grc' dir='ltr'>διᾶᾐτῇς</span> <span class='ocrx_word' id='word_1_855' title='bbox 3181 5459 3459 5529; x_wconf 66' lang='grc' dir='ltr'>ἀναλήψεως</span> <span class='ocrx_word' id='word_1_856' title='bbox 3470 5444 3809 5529; x_wconf 60' lang='grc' dir='ltr'>δοεαξρμένοϊίξῖ</span> 
     </span>
    </p>
   </div>
   <div class='ocr_carea' id='block_1_116' title="bbox 2324 5508 3809 5583">
    <p class='ocr_par' dir='ltr' id='par_1_116' title="bbox 2324 5508 3809 5583">
     <span class='ocr_line' id='line_1_117' title="bbox 2324 5508 3809 5583; baseline -0.002 -20"><span class='ocrx_word' id='word_1_857' title='bbox 2324 5508 2409 5583; x_wconf 64' lang='grc' dir='ltr'><strong>ξοδ</strong></span> <span class='ocrx_word' id='word_1_858' title='bbox 2447 5518 2570 5583; x_wconf 78' lang='grc' dir='ltr'>θείου</span> <span class='ocrx_word' id='word_1_859' title='bbox 2613 5521 2689 5567; x_wconf 85' lang='grc' dir='ltr'><strong>διὰ</strong></span> <span class='ocrx_word' id='word_1_860' title='bbox 2723 5508 2806 5578; x_wconf 73' lang='grc' dir='ltr'><strong>τῆς</strong></span> <span class='ocrx_word' id='word_1_861' title='bbox 2843 5508 3241 5583; x_wconf 69' lang='grc' dir='ltr'>συγ-καταϐάσεως</span> <span class='ocrx_word' id='word_1_862' title='bbox 3284 5508 3352 5583; x_wconf 60' lang='grc' dir='ltr'><strong>μὴ’</strong></span> <span class='ocrx_word' id='word_1_863' title='bbox 3384 5508 3685 5583; x_wconf 69' lang='grc' dir='ltr'>μολυνομένον.</span> <span class='ocrx_word' id='word_1_864' title='bbox 3720 5508 3809 5561; x_wconf 70' lang='grc' dir='ltr'>ΙυίΓε</span> 
     </span>
    </p>
   </div>
   <div class='ocr_carea' id='block_1_117' title="bbox 2325 5574 3372 5641">
    <p class='ocr_par' dir='ltr' id='par_1_117' title="bbox 2325 5574 3372 5641">
     <span class='ocr_line' id='line_1_118' title="bbox 2325 5574 3372 5641; baseline 0.008 -18"><span class='ocrx_word' id='word_1_865' title='bbox 2325 5574 2452 5627; x_wconf 88' lang='lat' dir='ltr'><strong>idem</strong></span> <span class='ocrx_word' id='word_1_866' title='bbox 2478 5580 2605 5641; x_wconf 86' lang='lat' dir='ltr'><strong>cod.,</strong></span> <span class='ocrx_word' id='word_1_867' title='bbox 2630 5582 2710 5631; x_wconf 84' lang='grc' dir='ltr'><strong>καὶ</strong></span> <span class='ocrx_word' id='word_1_868' title='bbox 2734 5574 2882 5640; x_wconf 77' lang='grc' dir='ltr'>ούτως</span> <span class='ocrx_word' id='word_1_869' title='bbox 2905 5574 3011 5631; x_wconf 77' lang='grc' dir='ltr'>οὔτε</span> <span class='ocrx_word' id='word_1_870' title='bbox 3031 5581 3116 5632; x_wconf 77' lang='grc' dir='ltr'><strong>τού</strong></span> <span class='ocrx_word' id='word_1_871' title='bbox 3139 5574 3237 5631; x_wconf 69' lang='grc' dir='ltr'>θανξ</span> <span class='ocrx_word' id='word_1_872' title='bbox 3271 5574 3372 5631; x_wconf 66' lang='grc' dir='ltr'>κτλ.</span> 
     </span>
    </p>
   </div>
  </div>
