3922 6486
172 358 250 413 717

1212 342 1491 400 CONTRA
1527 341 1909 411 EUNOMIUM,
1944 340 2070 403 Lm.
2110 348 2196 404 Vl.

3208 342 3314 406 ’118

174 466 403 541 μονιγενὴς
418 464 555 527 Θεὸς,
579 460 667 514 καὶ
689 457 927 529 παθητὸς
947 458 975 511 6
990 457 1221 527 Χριστὸς
1244 453 1380 512 εἶναι
1409 458 1653 513 πιστεύε-
1678 508 1684 520 ι

1789 461 1944 525 itum,
1976 471 2032 518 et
2064 461 2230 517 Deum
2262 468 2387 518 ante
2419 457 2641 527 saecula,
2674 469 2728 518 et
2759 461 2813 518 in
2843 462 3101 520 extremis
3123 462 3315 518 diebus

166 581 248 625 ται,
271 559 346 613 καὶ
375 559 401 611 ό
434 556 591 623 Λόγος
627 552 717 607 διὰ
744 550 852 603 τῶν
888 550 1147 603 ἐναντίων
1183 550 1243 603 οὑ
1282 549 1556 619 ψεύδεται,
1590 551 1651 603 τὸ

168 656 407 725 πρόσφορον
430 646 658 714 ἑκατέρῳ
696 642 803 695 τῶν
828 642 1104 712 ὀνομάτων
1150 644 1207 695 ὲν
1245 645 1357 706 τοῖς
1389 644 1650 712 νοήμασιν

168 740 441 814 ἑφαρμόζων.
469 739 525 791 Et
545 729 634 787 οὖν
655 732 828 786 ταῦτα
854 734 1068 805 φρονεῖν
1082 734 1147 786 ἐκ
1171 734 1270 805 τῆς
1295 734 1650 788 θεοπνεύστου

163 832 440 892 διδασκαλίας
466 825 735 896 ἐμάθομεν
754 841 767 854 ·
800 825 919 881 πῶς
949 824 1220 897 ἀνθρώπῳ
1247 826 1413 898 κοινῷ
1442 827 1540 898 τὴν
1566 829 1669 904 αἰχ

165 925 253 979 τὴν
272 923 353 990 τῆς
393 916 648 986 σωτηρίας
668 914 822 984 ἡμῶν
851 914 1177 985 ἁνατίθεμεν
1207 934 1221 982 ;
1252 917 1315 970 Ei
1338 917 1396 970 δὲ
1423 916 1520 988 τὴν
1557 917 1652 971 τοῦ

169 1012 377 1086 μακαρίου
398 1006 592 1077 Πέτρου
630 1006 949 1075 Ἐποίησεν
971 1007 1176 1080 φωνὴν,
1206 1007 1304 1060 οὑκ
1331 1009 1411 1070 είς
1437 1007 1497 1063 τὸ
1522 1025 1656 1078 προ-

164 1105 327 1162 αιώνιον
346 1101 433 1172 τῆς
467 1099 837 1162 ὑποστάσεως,
880 1099 994 1152 ἀλλ’
1025 1101 1105 1163 είς
1136 1098 1198 1152 τὸ
1224 1100 1534 1170 πρόσφατον
1558 1099 1656 1170 τῆς

160 1193 403 1265 «milia;
443 1189 655 1259 βλέπειν
700 1189 1077 1259 διοριζόμεθα,
1126 1188 1180 1242 τί
1211 1188 1370 1242 τοῦτο
1412 1192 1658 1243 κοινωνεῖ

163 1290 219 1360 τῷ
244 1283 537 1353 ἐγκλήματις
596 1282 653 1335 Ὀ
702 1280 809 1351 γὰρ
850 1281 1024 1352 μέγας
1060 1276 1211 1345 οὗτος
1233 1281 1571 1345 Ἀπόστολος,
1599 1282 1659 1334 τὸ

164 1384 253 1448 περὶ
271 1377 352 1446 τὴν
375 1375 461 1428 τοῦ
481 1373 663 1428 δούλου
692 1373 904 1445 μορφὴν
934 1372 1229 1445 ὁρώμενον,
1249 1374 1424 1427 ἐκεῖνο
1456 1373 1543 1427 διὰ
1562 1377 1659 1446 τῆς

162 1467 413 1537 ἐναλήψεως
437 1464 759 1535 πεποιῆσθαι
792 1481 975 1534 φησιν,
998 1464 1135 1535 ὅπερ
1160 1466 1188 1517 ό
1219 1463 1499 1518 ἀνθαλαῦὼν
1522 1467 1660 1519 κατὰ

160 1560 228 1629 τὴν
248 1556 409 1625 ἑαυτοῦ
440 1556 598 1625 φύσιν
622 1551 709 1627 ἦν.
752 1556 860 1608 Καὶ
890 1557 1001 1626 γὰρ
1026 1559 1083 1607 ὲν
1112 1558 1178 1626 τῇ
1211 1556 1344 1625 πρὸς
1377 1555 1659 1627 Ἐϐραίους

159 1648 373 1719 ἐπιστολῇ,
397 1648 453 1700 τὸ
475 1644 592 1701 ἴσον
626 1647 741 1700 ἔστι
783 1648 934 1717 παρὰ
984 1646 1077 1700 τοῦ
1110 1646 1321 1700 Παύλου
1355 1647 1548 1717 μαθεῖν
1574 1649 1660 1701 λέ-

158 1754 313 1807 γοντος.
371 1736 661 1793 ἀπόστολον
702 1738 798 1790 καὶ
844 1737 1100 1807 ἀρχιερέα
1136 1738 1226 1790 τὸν
1268 1736 1473 1808 Ἰησοῦν
1513 1738 1663 1809 παρὰ

104 1840 111 1903 ς
159 1830 224 1883 τοῦ
244 1827 357 1881 Θεοῦ
382 1826 723 1898 γεγενῆσθαι,
759 1828 947 1880 πιστὸν
986 1828 1114 1881 ὄντα
1170 1827 1249 1898 τῷ
1281 1829 1564 1898 ποιήσαντι
1583 1828 1673 1881 αὑ-

100 1908 107 1935 θ
160 1925 239 1974 τόν.
262 1921 415 1975 Κάκεῖ
444 1920 549 1990 γὰρ
586 1920 679 1973 τὸν
706 1920 782 1992 τῷ
823 1920 937 1991 ἰδίῳ
989 1914 1180 1991 αἵματι
1224 1921 1350 1991 περὶ¹
1388 1922 1671 1993 ἁμαρτιῶν

104 2058 112 2071 ,
159 2012 276 2083 ήμῶν
300 2013 564 2083 ἱερατικῶς
590 2012 975 2083 ίλεωσάμενον,
993 2012 1251 2084 ἀρχιερέα
1273 2014 1669 2084 κατονομάσας·

157 2105 203 2157 οὑ
225 2104 302 2175 τὴν
326 2102 532 2175 πρώτην
581 2102 677 2156 τοῦ
705 2100 1041 2171 Μονογενούς
1090 2104 1383 2157 ὑπόστασιν
1431 2104 1519 2158 διὰ
1574 2104 1674 2174 τῆς

162 2196 390 2262 ἐποίησεν
439 2195 637 2259 λέξεως
696 2195 1056 2265 ἀπαγγέλλει,
1106 2193 1241 2248 ἀλλὰ
1287 2194 1384 2266 τὴν
1433 2194 1675 2265 συνήθως

162 2289 229 2341 ἐπὶ
253 2288 332 2357 τῆς
373 2286 474 2340 τῶν
506 2288 697 2355 ἱερέων
729 2286 1050 2352 ἀναδείξεως
1079 2286 1486 2359 ὀνομαζομένην
1516 2287 1675 2358 χάριν

164 2379 448 2452 παραστῆσαι
479 2379 671 2444 θέλων,
709 2381 841 2451 φησὶ
860 2380 919 2433 τὸ
950 2381 1256 2449 ἐποίησεν.
1302 2379 1505 2451 Ἰησοῦς
1546 2380 1674 2451 γὰρ,

165 2471 301 2535 καθώς
316 2489 438 2541 φησι
454 2473 753 2542 Ζαχαρίας,
767 2474 795 2524 6
809 2472 1117 2545 ἀρχιερεὺς,
1131 2476 1159 2526 6
1183 2473 1420 2544 μέγας,·ό
1438 2472 1529 2525 τὸν
1548 2472 1678 2526 ίδιον

166 2563 310 2630 ἀμνὸν,
340 2563 470 2616 τοῦτ’
502 2564 622 2616 ἔστι
654 2563 713 2616 τὸ
749 2563 878 2616 ἴδιον
911 2564 1089 2634 σῶμα,
1116 2564 1255 2634 ὑπὲρ
1285 2565 1381 2634 τῆς
1411 2563 1678 2633 κοσμικῆς

165 2653 383 2724 ἁμαρτίας
411 2654 793 2724 ἱερουργήσας,
818 2654 846 2705 6
863 2652 948 2705 διὰ
963 2654 1032 2707 τὰ
1058 2653 1242 2707 παιδία
1271 2654 1339 2706 τὰ
1371 2671 1681 2723 κεκοινωνη-

168 2744 265 2797 κότα
288 2745 467 2815 σαρκός
497 2762 558 2796 τε
596 2744 693 2797 καὶ
715 2745 943 2814 αἵματος
978 2745 1072 2797 καὶ
1101 2744 1263 2807 αὐτὸς
1291 2744 1681 2815 παραπλησίως

168 2834 504 2906 σνμμετασχὼν
524 2836 623 2890 τοῦ
649 2837 897 2904 αἵματος,
919 2838 977 2889 οὗ
1004 2837 1138 2890 καθὸ
1164 2837 1221 2891 ὲν
1239 2838 1380 2908 ἀρχῇ
1400 2833 1489 2907 ἦν.
1514 2837 1683 2904 Λόγος

166 2925 221 2978 ὢν
238 2929 313 2980 καί
336 2928 474 2993 Θεὸς,
503 2929 601 2981 καὶ
630 2930 687 2979 ἐν
715 2932 894 2999 μορφῇ
917 2928 1052 2981 Θεοῦ
1075 2930 1357 2999 ὑπάρχων,
1381 2929 1475 2982 καὶ
1492 2927 1565 2981 ὢν
1592 2925 1684 2983 ἶσα

167 3018 281 3089 Θεῷ’
318 3021 439 3074 ἀλλὰ
481 3022 625 3076 καθὸ
675 3022 939 3076 ἐκένωσεν
967 3021 1161 3075 ἑαυτὸν
1199 3022 1255 3073 ὲν
1285 3023 1348 3091 τῇ
1377 3020 1470 3074 τοῦ
1498 3020 1683 3074 δούλου

1754 554 2049 620 hominem,
2083 555 2162 610 sic
2205 554 2368 609 etiam
2417 555 2731 625 impatibilis
2777 556 3096 627 unigenitus
3144 553 3311 618 Deus,

1751 658 1804 703 et
1840 647 2079 718 patibilis
2105 648 2358 704 Christus
2389 663 2511 704 esse
2544 648 2816 711 creditur,
2860 663 2958 703 nec
2991 662 3176 702 sermo
3217 661 3317 717 per

1753 740 2029 793 contraria
2060 739 2340 803 mentitur,
2364 740 2643 810 applicans
2664 749 2717 794 et
2741 736 3161 794 accommodans
3185 739 3319 792 ulri-

1753 843 1859 898 que
1888 829 2166 884 nominum
2184 829 2326 899 quod
2344 845 2643 901 congruum
2660 837 2744 885 est
2760 828 3056 886 secundum
3075 842 3315 883 sensum.

1756 919 1813 973 Si
1852 921 2014 991 igitur
2058 921 2171 975 haec
2212 936 2426 992 sapere,
2487 934 2551 976 ex
2597 920 2861 975 divinitus
2894 920 3160 990 inspirata
3192 919 3323 973 doe‘

1755 1011 1896 1065 trina
1924 1010 2247 1067 didicimus:
2283 1012 2558 1083 quomodo
2576 1012 2781 1066 homini
2831 1011 3107 1065 communi
3132 1009 3324 1065 salutis

1756 1110 1957 1157 nostra:
1988 1118 2209 1157 causam
2262 1102 2656 1157 attribuimus?
2695 1102 2849 1167 Quod
2900 1103 2946 1156 si
2988 1101 3129 1157 beati
3177 1100 3323 1156 Petri

1758 1209 1947 1248 vocem
2001 1193 2121 1264 fecit
2178 1210 2286 1247 non
2335 1194 2403 1248 ad
2438 1194 2852 1249 subsistentiam
2898 1202 3181 1257 aeternam,
3232 1192 3328 1248 sed

1759 1286 1827 1340 ad
1867 1297 2140 1342 recentem
2192 1287 2667 1358 meonomiamﬁd
2719 1293 2802 1342 est
2831 1284 3335 1357 dispensationem)

1760 1378 2034 1449 respicere
2086 1380 2534 1445 determinamus,
2581 1380 2713 1449 quid
2756 1380 2859 1434 hoc
2886 1378 3202 1433 commercii
3232 1377 3330 1431 ha-

1762 1472 1851 1527 bet
1908 1487 2031 1525 cum
2093 1472 2356 1526 crimine?
2404 1470 2632 1541 Magnus
2683 1470 2827 1526 enim
2881 1470 2970 1525 hic
3016 1468 3329 1539 Apostolus,

1761 1561 1903 1630 quod
1933 1564 1987 1615 in
2014 1564 2153 1618 servi
2173 1561 2345 1618 forma
2367 1563 2598 1627 videtur,
2627 1562 2758 1618 illud
2782 1576 2878 1632 per
2902 1561 3333 1630 assumptionem

1763 1649 1968 1706 factum
2008 1666 2130 1708 esse
2165 1654 2241 1705 ait
2268 1654 2334 1718 ¹¹,
2365 1654 2509 1723 quod
2540 1653 2759 1724 quidem
2796 1654 2883 1707 ille
2916 1650 3335 1721 qui'assumpsit

1772 1739 2069 1794 secundum
2100 1756 2253 1794 suam
2300 1750 2549 1795 naturam
2598 1752 2737 1794 erat.
2768 1740 2983 1795 Etenim
3020 1741 3075 1794 in
3105 1740 3333 1809 epistola

1773 1829 2132 1885 ad'Hebraaos
2176 1834 2385 1902 aequale
2435 1846 2503 1887 ex
2551 1831 2719 1886 Paulo
2749 1832 2962 1887 discere
3012 1832 3155 1894 licet,
3206 1831 3334 1884 dum

1772 1919 1923 1984 dicit,
1966 1924 2271 1989 apostolum
2294 1932 2347 1978 et
2378 1924 2684 1992 pontiﬁcem
2710 1923 3073 1979 confessionis
3118 1930 3335 1985 nostraa,

1772 2009 1957 2066 Jesum
1991 2028 2020 2065 a
2052 2011 2160 2067 Deo
2193 2016 2550 2069 constitutum
2585 2030 2728 2077 esse,
2766 2015 2975 2069 fidelem
2997 2015 3044 2070 ei
3067 2014 3159 2084 qui
3213 2012 3340 2067 fecit

1777 2103 1926 2157 illum
1985 2105 2048 2157 ”.
2106 2105 2222 2159 Illic
2281 2107 2427 2161 enim
2473 2123 2598 2162 eum
2658 2107 2751 2175 qui
2807 2108 3025 2177 proprio
3077 2106 3341 2177 sanguine

1776 2206 1875 2260 pro
1924 2194 2163 2261 peccatis
2203 2195 2409 2251 nostris
2462 2195 2711 2251 sacrifice
2757 2196 2874 2251 sive
2931 2196 3343 2252 sacerdotaliter

1780 2283 2032 2351 placavit,
2083 2286 2391 2353 pontificem
2437 2301 2561 2341 cum
2587 2288 2917 2354 nominavit;
2967 2303 3075 2340 non
3111 2287 3341 2356 primam

1782 2371 2051 2445 Unigeniti
2079 2378 2496 2433 subsistentiam
2531 2394 2625 2449 per
2653 2380 2949 2435 dictionem
2984 2378 3104 2446 fecit
3138 2393 3344 2432 renun-

1780 2467 1900 2533 tiat,
1928 2468 2024 2523 sed
2059 2472 2260 2525 usitato
2302 2484 2457 2525 more
2513 2471 2567 2524 in
2622 2472 2970 2525 sacerdotum
3014 2470 3347 2524 indicatione

1780 2563 2112 2617 nominatam
2148 2565 2372 2633 gratiam
2408 2575 2800 2634 reprazsentare
2832 2565 3041 2625 volens,
3070 2565 3166 2626 ait,
3201 2562 3343 2631 fecit.
3415 2548 3421 2556 ’

1779 2652 1933 2708 Jesus
1963 2655 2130 2715 enim,
2162 2655 2304 2708 sicut
2338 2655 2515 2724 inquit
2544 2653 2865 2718 Zacharias,
2909 2667 3130 2724 magnus
3169 2668 3349 2707 sacer-

1782 2744 1960 2797 dotum
1979 2746 2216 2813 princeps
2240 2746 2303 2811 "‘,
2328 2747 2421 2816 qui
2442 2747 2717 2816 proprium
2742 2756 2961 2816 agnum,
2990 2747 3091 2799 hoc
3119 2754 3200 2799 est
3220 2759 3348 2814 pro-

1784 2836 1962 2904 prium
2006 2851 2208 2905 corpus
2264 2852 2361 2906 pro
2407 2837 2594 2891 mundi
2631 2845 2856 2906 peccato
2903 2834 3223 2901 immolavit,
3251 2834 3345 2903 qui

1785 2936 2006 2998 prepter
2037 2929 2236 2982 filiolos
2270 2930 2363 2999 qui
2408 2930 2704 3001 participes
2736 2938 2865 2984 sunt
2903 2929 3087 2983 carnis
3123 2934 3177 2983 et
3224 2943 3351 2982 san-

1787 3020 1994 3089 guinis.
2038 3022 2293 3075 similiter
2342 3022 2458 3091 ipse
2509 3022 2788 3092 sanguinis
2836 3022 3111 3092 particeps
3149 3019 3351 3086 factus,

172 3116 328 3183 μορφῇ,
350 3115 436 3166 καὶ
477 3116 799 3186 προσήγαγε
843 3112 1158 3185 προσφορὰν
1192 3114 1284 3166 καὶ
1324 3112 1513 3165 θυσίαν
1546 3114 1683 3185 ὑπὲρ

1792 3126 1899 3165 non
1929 3113 2275 3181 quatenusin
2305 3114 2569 3182 principio
2608 3122 2725 3168 erat
2780 3112 3016 3169 Verbum
3070 3120 3124 3167 et
3171 3111 3346 3177 Deus,

169 3202 302 3271 ἡμῶν
332 3199 470 3269 οὗτος
491 3206 713 3275 ἐγένετο
745 3206 945 3275 ἱερεὺς,
968 3204 1191 3268 πολλαῖς
1213 3203 1435 3276 ὓστερον
1456 3207 1687 3273 γενεαῖς,

170 3295 278 3348 κατὰ
300 3296 385 3366 τὴν
404 3297 554 3362 τάξιν
586 3297 943 3368 Μελχισεδέκ.
990 3295 1108 3351 Οἵδε
1140 3297 1197 3350 δὲ
1227 3299 1444 3361 πάντως
1476 3298 1537 3351 τὸ
1565 3303 1693 3370 περὶ

171 3387 315 3439 τούτου
346 3392 659 3461 μυστήριον,
677 3393 706 3443 ὁ
736 3390 809 3461 μὴ
831 3391 1118 3460 παρέργως
1153 3390 1231 3460 τῷ
1260 3391 1395 3461 πρὸς
1410 3390 1695 3461 Ἐϐραίους

172 3480 481 3552 καθομιλήσας
508 3482 678 3551 λόγῳ.
719 3482 951 3552 Ὁμοίως
997 3480 1090 3536 οὖν
1132 3481 1367 3536 ἐνταῦθά
1408 3499 1467 3535 τε
1517 3482 1696 3552 ἱερεὺς

174 3570 243 3621 καὶ
260 3573 410 3626 ἁπόστ
421 3574 563 3638 ολος,
603 3575 765 3627 κάκεῖ
790 3575 991 3644 Κύριος
1004 3575 1096 3628 καὶ
1116 3574 1349 3646 Χριστὸς
1373 3572 1697 3644 πεποιῆσθαι

172 3660 359 3727 λέγεταιο
384 3665 442 3718 τὸ
474 3664 574 3736 μὲν
595 3706 611 3729 ,
639 3665 715 3729 ὡς
740 3665 874 3736 πρὸς
900 3664 997 3735 τὴν
1026 3665 1165 3734 ὑπὲρ
1187 3667 1219 3735 ή
1228 3663 1341 3734 μῶν
1366 3663 1695 3733 οἰκονομίανο

175 3754 219 3806 τὸ
243 3756 287 3810 δὲ
314 3758 391 3812 διὰ
410 3761 507 3832 τὴν
533 3758 678 3830 πρὸς
700 3758 759 3811 τὸ
789 3760 944 3812 Θεῖον
974 3758 1067 3812 τοῦ
1100 3756 1439 3829 ἀνθρωπίνου
1475 3754 1700 3826 μεταδο-

179 3848 251 3919 λήν
268 3868 315 3903 τε
344 3854 429 3905 καὶ
468 3852 848 3923 μεταποίησον
907 3852 1124 3923 ποίησιν
1162 3850 1271 3921 γὰρ
1313 3851 1341 3902 6
1385 3849 1701 3911 Ἀπόστολος

176 3937 286 4006 λέγει
312 3943 398 4014 τὴν
430 3943 809 4015 μεταποίησιν.
851 3944 1059 3997 Οὐκοῦν
1086 3943 1347 4014 πρόδηλος
1376 3944 1407 4011 ἡ
1436 3957 1703 4008 συκοφαν-

176 4032 242 4084 τία
259 4033 350 4087 τῶν
372 4036 652 4099 ἐναντίων,
686 4034 753 4088 τὰ
781 4036 878 4105 τῆς
909 4035 1215 4106 οἰκονομίας
1250 4038 1467 4106 ῥήματα
1500 4035 1578 4097 εἰς
1606 4032 1703 4104 τὴν

179 4126 450 4191 προαιώνιον
506 4126 805 4180 ὑπόστασιν
870 4125 1280 4197 ἐπηρεαστικῶς
1329 4124 1700 4197 ἁρπαζόντων.

178 4215 280 4268 θῦδὲ
320 4217 420 4289 γὰρ
464 4218 672 4290 ὁμοίως
716 4216 993 4286 ἐμάθομεν
1043 4215 1193 4286 παρὰ
1245 4215 1340 4269 τοῦ
1381 4214 1704 4270 Ἀποστόλου

1792 3203 1954 3257 etiam
1984 3204 2037 3257 in
2068 3202 2239 3259 forma
2278 3203 2370 3258 Dei
2414 3207 2711 3266 exsistens,
2769 3215 2821 3259 et
2855 3221 2979 3259 cum
3032 3204 3144 3260 Deo
3175 3219 3358 3274 aequa-

1796 3295 1915 3348 liter
1950 3311 2010 3349 se
2053 3295 2284 3360 habens,
2339 3296 2432 3351 sed
2497 3312 2604 3365 qua
2668 3296 2905 3366 seipsum
2964 3296 3265 3351 exinanivit
3302 3295 3360 3349 in

1805 3384 1975 3437 forma
2011 3385 2174 3443 servi.
2208 3393 2261 3439 et
2294 3402 2352 3439 se
2376 3387 2703 3441 oblationem
2734 3395 2786 3441 et
2819 3387 3148 3442 sacriﬁcium
3179 3388 3343 3441 obtu-

1799 3476 1857 3528 lit
1891 3492 1987 3544 pro
2018 3477 2198 3541 nobis,
2234 3477 2322 3531 hic
2352 3484 2468 3531 erat
2515 3478 2771 3533 sacerdos
2812 3478 3003 3533 multis
3037 3484 3158 3547 post
3198 3492 3364 3547 gene-

1799 3570 2097 3623 rationibus
2124 3569 2423 3624 secundum
2452 3570 2701 3624 ordinem
2746 3570 3167 3626 Melchisedech.
3201 3568 3365 3623 Novit

1800 3662 1960 3730 plane
1993 3660 2059 3714 de
2093 3661 2196 3714 hoc
2232 3641 2574 3732 mS'sterium,
2606 3663 2700 3732 qui
2750 3678 2859 3715 non
2891 3662 3092 3731 frigide
3153 3673 3207 3717 et
3244 3662 3364 3715 lan-

1801 3752 1959 3819 guide
1982 3753 2034 3805 in
2065 3766 2315 3806 sermone
2346 3752 2413 3806 ad
2443 3752 2700 3808 Hebraaos
2731 3754 3061 3810 collocutus.
3095 3752 3367 3808 Similiter

1804 3845 1985 3913 igitur,
2007 3845 2187 3913 ibique
2221 3843 2478 3901 sacerdos
2506 3855 2559 3901 et
2590 3846 2901 3913 apostolus,
2930 3856 2983 3901 et
3017 3846 3127 3899 illic
3175 3843 3366 3898 Domi-

1805 3951 1908 3989 nus
1938 3946 1990 3989 et
2018 3935 2271 3991 Christus
2301 3938 2475 3992 factus
2498 3954 2618 3992 esse
2649 3939 2874 4001 dicitur,
2909 3939 3103 4008 partim
3141 3938 3367 4007 quidem

1806 4038 1865 4082 ut
1893 4030 1958 4081 ad
1995 4030 2359 4084 meonomiam
2390 4029 2467 4099 (id
2498 4042 2581 4087 est
2613 4034 3106 4104 dispensationem)
3138 4048 3234 4101 pro
3264 4048 3367 4086 no-

1807 4123 1922 4187 bis;
1962 4122 2154 4189 partim
2179 4138 2307 4175 vero
2339 4132 2557 4192 propter
2590 4122 2947 4177 humanitatis
3006 4124 3061 4176 in
3106 4123 3368 4177 divinita—

1805 4222 1915 4269 tem
1939 4215 2471 4269 transformationem
2495 4225 2547 4269 et
2564 4217 3047 4270 instaurationem.
3076 4214 3207 4269 Nam
3229 4217 3373 4284 Apo-

179 4307 416 4371 γινώσκειν
442 4303 681 4379 Χριστὸν
711 4306 805 4360 νῦν
848 4325 906 4360 τε
949 4308 1041 4360 καὶ
1081 4307 1375 4378 πρότερον,
1415 4306 1586 4369 οὓτως
1629 4308 1684 4358 εἰη

1810 4309 1982 4363 stultis
2026 4309 2096 4361 ibi
2163 4308 2377 4378 ποίησιν
2431 4308 2698 4376 facturam
2769 4306 3021 4376 intelligit
3074 4309 3374 4377 μεταποίη-

180 4393 332 4461 πόντος
350 4398 439 4452 τοῦ
462 4398 701 4461 Παύλου,
725 4398 805 4450 ὅτι
831 4400 903 4452 Et
916 4397 1013 4449 καὶ
1033 4397 1371 4466 erman
1393 4413 1536 4450 ποτε
1560 4413 1684 4449 κατι

1814 4415 1895 4449 σιν
1976 4398 2311 4467 refectione»:
2369 4399 2483 4453 sive
2547 4399 3009 4453 instaurationem.
3084 4398 3374 4456 Manifesta

180 4487 335 4556 σάρκα
365 4493 654 4562 Χριστὸν,
702 4490 861 4543 ἀλλὰ
908 4489 1023 4543 νῦν
1071 4489 1273 4543 οὐκέτι
1313 4489 1684 4559 γινώσκομεν

1812 4490 1977 4559 igitur
2030 4490 2298 4543 calumnia
2356 4489 2827 4550 adversariorum,
2880 4491 3180 4544 mconomiw
3226 4491 3377 4559 (dis-

180 4576 237 4641 ὡς
265 4581 459 4653 ἐκείνης
489 4584 594 4653 τῆς
621 4581 872 4650 γνώσεως
907 4582 1006 4649 τὴν
1041 4581 1369 4651 πρόσκαιρον
1398 4581 1684 4651 οἰκονομία

1809 4580 2418 4650 petasationis)t'ocabttla
2458 4581 2521 4634 ad
2558 4592 2814 4635 aeternam
2852 4589 2980 4635 ante
3018 4582 3217 4636 saecula
3240 4585 3371 4636 sub-

180 4670 418 4740 δήλούσης,
432 4676 590 4729 τοῦτο
604 4671 659 4728 δὲ
673 4676 770 4746 τὴν
786 4675 954 4728 ἀΐδιον
974 4673 1222 4745 ὓπαρξιν.
1248 4672 1456 4726 Οὐκοῦν
1475 4673 1710 4743 μετρίως

181 4763 284 4830 ἡμῖν
304 4767 329 4818 6
347 4766 498 4836 λόγος
532 4768 673 4837 ὑπὲρ
700 4767 808 4820 τῶν
835 4765 1193 4837 ἐγκλημάτων
1216 4764 1628 4835 ἀπολελόγηται,
1651 4763 1713 4815 τὸ

184 4854 292 4924 μήτε
315 4856 401 4911 δύο
419 4859 657 4929 νομίζειν
678 4859 942 4929 Χριστοὺς
971 4858 1003 4928 ἦ
1024 4859 1276 4927 Κυρίους,
1307 4858 1440 4928 μήτε
1465 4855 1713 4926 ὲναισχύ-

182 4946 334 5002 νεοθαι
363 4951 438 5022 τῷ
473 4951 712 5023 σταυρῷ,
743 4954 878 5021 μήτε
906 4951 1081 5004 κοινὸν
1127 4950 1407 5022 ἄνθρωπον
1440 4950 1581 5021 ὑπὲρ
1617 4949 1712 5003 τοῦ

184 5038 350 5109 κόσμου
375 5044 699 5097 πεπονθέναι
730 5043 989 5108 δοξάζειν,
1023 5044 1158 5113 μήτε
1193 5044 1297 5113 μὴν
1328 5042 1388 5095 τὸ
1419 5042 1713 5109 ἐποίησεν

184 5130 246 5192 είς
299 5134 389 5204 τὴν
438 5140 538 5209 τῆς
604 5137 790 5200 οὐσίας
850 5134 1193 5206 κατασκευὴν
1244 5133 1449 5186 οἴεσθαι
1507 5132 1713 5205 φέρειν.

192 5217 271 5288 Γῆς
312 5222 363 5275 δὲ
415 5225 666 5296 τοιαύτης
700 5224 855 5296 ἡμῶν
908 5223 1244 5293 ὑπολήψεως,
1273 5223 1333 5275 οὑ
1376 5222 1575 5293 μικρὰν
1607 5223 1716 5292 ἔχει

191 5314 290 5379 παρ’
317 5315 473 5369 αὑτοῦ
510 5316 605 5370 τοῦ
635 5318 939 5388 κατηγόρου
987 5317 1084 5386 τὴν
1127 5317 1439 5387 συμμαχίαν
1473 5320 1502 5370 ό
1537 5317 1714 5385 λόγος,

187 5397 230 5449 ἰν
252 5395 322 5463 οἷς
345 5405 541 5473 μεταξὺ
566 5405 941 5476 καταφορικῶς
955 5406 987 5474 ή
999 5403 1410 5473 μῖν’ὲπελαύνων
1423 5404 1520 5476 τὴν
1538 5405 1715 5472 γλῶσ-

189 5505 285 5557 cev,
310 5497 397 5549 καὶ
419 5497 572 5550 τοῦτο
600 5497 862 5569 προφέρει
884 5535 901 5561 ,
935 5497 1017 5549 ὅτι
1039 5496 1267 5562 Ταύτην
1288 5498 1491 5564 μέντοι
1513 5480 1717 5565 μάχην

190 5587 341 5651 αὐτὸς
361 5590 505 5656 πρὸς
532 5588 747 5643 ἑαυτὸν
786 5587 1065 5655 ἀναφέρει
1094 5588 1433 5653 Βασίλειος,
1471 5588 1565 5641 καὶ
1609 5587 1719 5641 δεί-

1811 4674 2109 4728 sistentiam
2160 4673 2496 4727 calumniose
2560 4673 2909 4739 rapientium.
2968 4672 3152 4743 Neque
3227 4674 3371 4728 enim

1814 4767 2068 4821 similiter
2097 4774 2149 4821 et
2198 4783 2343 4819 nunc
2388 4775 2442 4820 et
2493 4767 2646 4836 prius
2682 4766 2750 4821 ab
2789 4766 3050 4836 Apostolo
3091 4766 3375 4820 Christum

1814 4873 2140 4928 cognoscere
2165 4858 2477 4921 didicimus,
2509 4859 2589 4913 sic
2615 4858 2829 4913 dicente
2853 4857 3019 4913 Paulo
3054 4877 3066 4914 :
3102 4856 3171 4912 Et
3202 4861 3246 4909 si
3276 4857 3379 4909 ali-

1813 4950 2022 5019 quando
2098 4951 2427 5020 togn’ovimus
2473 4950 2757 5005 secundum
2818 4966 3026 5006 carnem
3087 4950 3379 5009 Christum.

1815 5043 1902 5096 sed
1936 5058 2070 5095 nunc
2092 5041 2208 5110 jam
2248 5057 2347 5094 non
2384 5041 2619 5095 novimus
2639 5041 2681 5071 “
2706 5058 2721 5107 ;
2751 5041 2913 5110 quasi
2933 5041 3021 5094 illa
3046 5041 3265 5107 quidem
3288 5054 3381 5092 (ιο-

1816 5134 1990 5203 gnitio
2035 5133 2424 5200 temporariam
2458 5131 2925 5201 dispensationem
2959 5131 3218 5194 declaret,
3264 5130 3380 5183 haec

1814 5239 1943 5278 vero
1991 5231 2248 5279 aeternam
2314 5223 2695 5277 exsisteutiam
2759 5222 2985 5276 indicet.
3024 5220 3140 5275 Non
3208 5221 3378 5292 igitur

1819 5314 2164 5369 mediocriter
2221 5314 2543 5369 criminibus
2575 5312 2883 5367 refellendis
2920 5314 3055 5367 ratio
3087 5314 3243 5368 nobis
3276 5314 3372 5367 do-

1821 5407 2124 5462 fensionem
2157 5408 2359 5471 attulit,
2394 5406 2540 5474 quod
2580 5421 2759 5476 neque
2800 5407 2938 5462 duos
2976 5406 3245 5469 Christos,
3291 5407 3375 5462 vel

1821 5496 2086 5553 Dominus
2103 5497 2497 5561 existimemus,
2529 5512 2702 5567 neque
2720 5512 2933 5551 crucem
2970 5497 3379 5561 erubescamus.

1826 5606 2001 5659 neque
2046 5604 2388 5645 communem
2445 5589 2715 5643 hominem
2770 5604 2866 5659 pro
2918 5590 3119 5643 mundo
3163 5606 3383 5661 passum

251 5760 286 5790 ι’
323 5761 546 5839 Philipp.
580 5786 650 5837 ιι,
684 5772 717 5825 6
748 5787 866 5842 sqq.
948 5771 991 5802 ¹³
1016 5768 1175 5827 Hebr.
1213 5786 1291 5840 tu,
1334 5771 1376 5829 Ι.
1457 5770 1497 5805 ’³
1538 5772 1679 5828 ludi

1786 5776 1893 5837 1.1.
1974 5773 2015 5804 ¹¹
2060 5771 2243 5829 llCor.
2276 5786 2327 5833 v,
2364 5770 2444 5825 16.
