3922 6448
1982 128 2075 149 φανέν

656 284 763 345 ν719

1886 292 1944 347 s.
1985 290 2310 349 cnseonu
2347 292 2641 350 NYSSENI
3733 311 3811 369 τεο

634 411 977 482 ’opinemur:
1015 424 1192 479 neque
1238 410 1463 466 verbum
1508 411 1653 481 fecit,
1684 412 1751 467 ad
1796 416 2047 470 essentia:
2085 429 2216 485 prae-

2325 433 2531 470 κνυται
2560 413 2767 483 σαφῶς
2789 411 2931 466 οὐδὲ
2949 412 3027 477 τῷ
3042 412 3376 484 βουλήματι
3404 413 3510 468 τῶν
3526 418 3815 477 ἀποστόλων

658 502 1019 557 structionem
1062 501 1402 558 referendum
1431 519 1558 561 esse
1584 511 1857 574 putemus.
1891 504 2017 562 Haec
2043 516 2225 563 autem

659 602 846 650 nostra
887 610 1012 650 cum
1042 596 1168 652 talis
1203 597 1275 653 sit
1326 598 1533 668 opinio,
1562 613 1669 653 non
1696 613 1919 669 parvum
1962 600 2124 656 habet
2153 602 2223 655 ab

657 687 778 756 ipso
829 698 1151 743 accusatore
1189 688 1453 743 auxilium
1497 691 1693 745 oratio.
1736 690 1795 744 in
1847 691 2048 759 quibus
2095 691 2227 746 dum

658 779 1008 835 vehementer
1044 790 1099 836 et
1134 782 1436 851 impetuose
1479 781 1537 835 in
1592 797 1692 837 nos
1740 783 1981 853 linguam
2028 782 2224 848 vibrat,

655 882 711 928 et
744 874 847 927 hoc
890 874 1106 944 objicit,
1139 874 1285 943 quod
1333 874 1468 928 hanc
1498 876 1605 944 ipse
1626 891 1797 929 secum
1824 876 2225 945 repugnantiam

657 965 815 1035 refert
843 965 1098 1030 Basilius,
1137 976 1292 1036 atque
1325 977 1501 1034 aperte
1531 966 1778 1028 ostendit.
1816 983 1979 1037 neque
2016 977 2224 1022 senten-

659 1059 747 1112 tia:
787 1063 1145 1127 apostolorum
1189 1068 1409 1111 mentem
1468 1058 1729 1123 adhibere,
1785 1075 1943 1128 neque
2007 1076 2224 1113 suorum

656 1166 954 1204 sermonum
978 1152 1399 1205 consecutionem
1436 1167 1666 1212 servare,
1698 1167 1762 1205 ea:
1785 1151 1971 1221 quibus
2000 1153 2076 1207 vel
2103 1155 2225 1207 intc-

656 1239 930 1307 qualitatis
980 1240 1216 1293 conscius
1271 1240 1510 1294 concedet
1578 1238 1799 1293 Verbum
1843 1244 1980 1311 quod
2010 1251 2126 1295 erat
2170 1244 2225 1295 in

654 1330 937 1397 principio,
982 1339 1035 1383 et
1079 1329 1217 1384 Deus
1244 1342 1382 1391 erat,
1418 1330 1619 1399 factum
1648 1348 1758 1386 esse
1796 1332 2098 1398 Dominum,
2148 1334 2225 1388 vel

654 1419 1009 1489 pugnantibus
1038 1422 1333 1491 pugnantia
1368 1423 1669 1493 compingit.
1725 1422 1824 1478 Hic
1876 1424 2023 1478 enim
2059 1426 2222 1479 etiam

653 1518 846 1565 noster
896 1518 981 1565 est
1024 1526 1214 1566 sermo
1243 1528 1403 1582 quem
1438 1512 1647 1583 profert
1678 1512 1999 1580 Eunomius,
2035 1514 2223 1570 dicens

654 1615 780 1654 eum
820 1600 914 1669 qui
958 1600 1013 1654 in
1052 1602 1330 1671 principio
1375 1611 1495 1657 erat
1538 1602 1771 1658 Verbum
1816 1612 1869 1658 et
1903 1603 2046 1660 Deus
2082 1614 2220 1667 erat,

660 1691 866 1746 factum
884 1705 1005 1745 esse
1035 1691 1343 1745 Dominum.
1369 1691 1478 1749 Ens
1497 1695 1643 1748 enim
1668 1695 1813 1763 quod
1839 1704 2030 1751 eratet
2058 1694 2221 1759 Deus,

2325 507 2541 562 ἑαυτὸν
2554 504 2908 572 ἐπιστήσας,
2927 504 3064 558 οὔτε
3082 503 3199 557 τῶν
3214 507 3441 561 οἰκείων
3459 507 3815 579 “meum.

2324 617 2444 653 των
2469 596 2585 666 τὴν
2602 597 2970 652 ἀκολουθίαν
2986 611 3001 626 ⁸
3023 595 3091 659 ἐξ
3106 587 3194 648 ὧν
3220 594 3258 663 ἢ
3289 602 3722 669 συναισθόμενος
3734 605 3814 673 τῆς

2322 688 2670 759 ἀνωμαλίας
2691 686 3073 758 συγχωρήσει
3098 687 3207 740 τὸν
3230 686 3302 739 ἐν
3331 688 3479 757 ἀρχῆ
3505 690 3633 744 ὄντα
3651 698 3813 765 Λόγον,

2324 782 2422 835 καὶ
2441 782 2589 835 Θεὸν
2604 781 2766 843 ὄντα,
2788 780 3096 849 γεγονέναι
3114 778 3348 846 Κύριον,
3363 778 3400 844 ἢ
3414 782 3731 851 μαχομένοις
3742 806 3816 855 μα.

2324 874 2549 943 χόμενα
2579 870 2888 926 συνάπτει.
2947 862 3113 932 Οὗτος
3142 870 3247 940 γὰρ
3280 869 3372 922 καὶ
3391 869 3419 921 6
3448 870 3682 943 ἡμέτερος
3701 876 3817 945 λόγος

2323 966 2383 1019 ὃν
2412 981 2542 1035 φησι
2568 964 2661 1016 καὶ
2687 965 2715 1015 ὀ
2743 961 3022 1031 Εὑνόμιος,
3045 962 3073 1013 6
3102 960 3192 1013 τὸν
3213 961 3270 1011 ὲν
3296 959 3435 1030 ἀρχῇ
3466 960 3584 1013 ὄντα
3598 964 3736 1033 Λόγον
3750 972 3818 1023 καὶ

2324 1058 2454 1111 Θεὸν
2483 1057 2611 1109 ὄντα
2634 1054 2911 1123 γεγονέναι
2939 1052 3140 1123 Κύριον
3172 1051 3363 1120 λέγων.
3394 1052 3484 1105 Ὢν
3512 1052 3612 1123 γὰρ
3636 1056 3746 1128 ὅπερ
3768 1055 3817 1130 ἦν

2323 1150 2418 1201 καὶ
2442 1147 2572 1209 Θεὸς
2599 1146 2691 1198 καὶ
2718 1144 2907 1211 Λόγος,
2933 1142 3028 1196 καὶ
3067 1141 3179 1212 ζωὴ
3218 1142 3311 1194 καὶ
3340 1140 3471 1210 φῶς,
3506 1142 3647 1212 χάρις
3682 1163 3730 1198 τε
3749 1148 3820 1201 καὶ

2324 1240 2567 1313 ἀλήθεια,
2593 1240 2685 1292 καὶ
2703 1239 2923 1309 Κύριος,
2953 1236 3043 1288 καὶ
3071 1234 3323 1306 Χριστὸς,
3353 1234 3447 1287 καὶ
3465 1235 3567 1287 πᾶν
3591 1234 3753 1305 ὑψηλόν
3775 1258 3815 1293 τε

2325 1332 2419 1387 καὶ
2439 1330 2578 1385 θεῖον
2594 1331 2762 1400 ὄνομα
2782 1332 2838 1382 ὲν
2858 1327 2933 1397 τῷ
2953 1324 3346 1398 προσληφθέντι
3365 1324 3458 1377 ἀνθ
3464 1325 3695 1396 ρώπῳ,ὂς
3709 1332 3817 1384 οὐδὲν

2325 1425 2526 1479 τούτων
2544 1420 2633 1495 ἦν,
2654 1424 2724 1477 τά
2753 1440 2813 1475 τε
2830 1421 2966 1476 ἄλλα
2990 1421 3203 1488 ἐγένετο
3224 1421 3324 1472 ὅσα
3348 1422 3377 1471 6
3394 1419 3556 1487 Λόγος
3568 1414 3647 1489 ἦν,
3665 1420 3738 1472 καὶ
3758 1441 3815 1488 με.

2324 1517 2393 1571 τὰ
2422 1517 2529 1570 τῶν
2557 1516 2731 1569 ἄλλων
2762 1515 2855 1567 καὶ
2882 1514 3114 1585 Χριστὸς
3145 1512 3241 1565 καὶ
3269 1511 3487 1583 Κύριος,
3534 1512 3658 1563 κατά
3679 1527 3726 1561 τε
3749 1514 3819 1579 τὴν

2323 1606 2663 1661 διδασκαλίαν
2683 1606 2909 1675 Πέτρου,
2923 1605 3017 1657 καὶ
3038 1605 3176 1657 κατὰ
3192 1604 3289 1673 τὴν
3306 1600 3582 1671 ὁμολογίαν
3596 1601 3818 1670 Εὐνομίαν,

2324 1702 2442 1770 οὐχὶ
2468 1700 2568 1768 τῆς
2603 1698 2854 1768 θεότητος
2890 1696 3032 1750 κατά
3058 1695 3341 1767 προκοπήν
3363 1710 3417 1745 τι
3448 1691 3817 1762 προσλαμϐανιῶ

662 1777 926 1845 Verbum,
967 1791 1022 1836 et
1054 1784 1187 1842 vita.
1223 1793 1278 1839 et
1326 1784 1439 1849 lux,
1480 1786 1761 1856 gratiaque
1807 1795 1862 1841 et
1906 1789 2128 1850 veritas,
2176 1796 2216 1841 el

2332 1810 2428 1862 σης
2452 1833 2465 1855 ,
2498 1790 2632 1844 ἀλλά
2658 1792 2722 1861 τῇ
2751 1789 2908 1859 φύσει
2935 1791 3000 1859 τῇ
3029 1788 3148 1857 θείᾳ
3177 1786 3359 1855 πάσης
3385 1783 3587 1854 ὑψηλῆς
3613 1782 3741 1846 ἀξίας
3762 1785 3818 1833 ἐν.

657 1867 940 1935 Dominus,
972 1882 1027 1926 et
1054 1872 1331 1939 Christus,
1363 1884 1417 1929 et
1444 1891 1607 1931 omne
1641 1877 1920 1932 excelsum
1956 1879 2216 1933 divinum-

2318 1882 2711 1954 θεωρουμένης,
2754 1881 2894 1935 οὕτω
2920 1880 3128 1948 γίνεται
3161 1881 3256 1932 καὶ
3293 1877 3491 1948 Κύριος
3516 1876 3602 1929 καὶ
3623 1875 3817 1945 Χριστῂ,

655 1976 761 2031 que
802 1977 998 2018 nomen
1036 1964 1091 2018 in
1136 1976 1420 2035 assumpto
1468 1967 1711 2032 homine,
1738 1970 1828 2039 qui
1861 1969 1993 2023 nihil
2028 1971 2216 2025 horum

2318 1974 2379 2026 οὐ
2394 1976 2461 2044 τῇ
2492 1972 2702 2041 θεότητι
2728 1973 2819 2025 ἐπὶ
2843 1972 2941 2041 τὴν
2965 1972 3061 2041 τῆς
3086 1970 3306 2043 χάριτος
3335 1969 3634 2041 προσθήκην
3654 1970 3819 2038 ἐρχόμε-

654 2060 795 2116 erat.
823 2053 1040 2124 aliaque
1089 2057 1275 2110 omnia
1305 2056 1485 2113 factus
1511 2066 1594 2114 est
1621 2075 1957 2131 quaecunque
1986 2060 2216 2117 Verbum

2320 2070 2428 2128 νος”
2480 2062 2819 2129 ἀνελλιπὴς
2848 2063 2958 2132 γὰρ
2987 2063 3212 2133 ἀγαθοῦ
3244 2067 3468 2128 παντὸς
3490 2061 3526 2129 ἡ
3553 2059 3649 2129 τῆς
3669 2060 3817 2123 θεότη-

655 2152 774 2197 erat
822 2163 835 2198 :
889 2154 943 2198 et
988 2160 1112 2200 cum
1165 2147 1287 2203 aliis
1336 2150 1499 2204 etiam
1548 2152 1804 2207 Christus
1843 2160 1898 2207 et
1959 2152 2216 2209 Dominus

2322 2172 2421 2219 τος
2450 2155 2813 2223 ὡμολόγηται
2836 2155 3019 2223 φύσις
3041 2169 3054 2183 ·
3083 2154 3219 2208 ἀλλά
3244 2155 3306 2207 τὸ
3330 2152 3648 2223 ἀνθρώπινον
3668 2152 3732 2213 εἰς
3749 2149 3819 2218 τὴν

655 2236 957 2289 secundum
996 2236 1141 2291 Petri
1174 2239 1507 2303 doctrinam,
1541 2252 1595 2297 et
1624 2244 1920 2299 secundum
1962 2244 2215 2298 Eunomii

2319 2245 2415 2315 τῆς
2440 2246 2688 2315 θεότητος
2736 2247 3021 2317 μετουσίαν
3054 2247 3221 2315 ἀγων,
3269 2249 3307 2319 ἢ
3335 2246 3426 2300 διὰ
3450 2244 3540 2298 τοῦ
3565 2241 3757 2315 Χριστοῦ
3776 2257 3815 2293 τε

654 2325 1079 2393 confessionem,
1120 2346 1228 2386 non
1269 2332 1556 2389 divinitate
1581 2351 1675 2405 per
1705 2350 2053 2406 progressum
2084 2336 2215 2405 quid

2321 2336 2414 2389 καὶ
2444 2335 2537 2389 τοῦ
2568 2337 2771 2404 Κυρίου
2797 2337 3139 2409 σημαίνεται.

654 2415 1012 2488 adipiscente,
1043 2425 1137 2480 sed
1172 2426 1226 2480 in
1269 2440 1463 2482 natura
1483 2428 1665 2483 divina
1696 2430 1845 2484 omni
1866 2431 2080 2484 excelsa
2118 2430 2378 2499 dignitate
2414 2428 2777 2495 elucesceute,
2810 2431 2891 2485 sic
2923 2432 2981 2484 fit
3001 2438 3054 2485 et
3089 2429 3353 2484 Dominus
3387 2436 3442 2482 et
3476 2426 3713 2489 Christus,
3739 2437 3817 2477 non

656 2512 963 2566 secundum
1004 2511 1345 2569 divinitatem
1394 2516 1460 2570 ad
1504 2518 1691 2586 gratiae
1725 2521 2093 2575 accessionem
2135 2520 2381 2583 veniens,
2431 2520 2577 2573 nullo
2619 2521 2759 2573 enim
2826 2520 3079 2575 destituta
3145 2522 3277 2575 bona
3346 2520 3623 2573 divinitatis
3675 2526 3815 2570 natura

650 2618 745 2673 pro
772 2605 1007 2671 confesso
1036 2606 1273 2670 habetur,
1309 2606 1403 2660 sed
1438 2609 1583 2677 quod
1611 2609 1907 2664 humanum
1936 2618 2020 2666 est
2036 2608 2104 2663 ad
2133 2609 2432 2665 divinitatis
2457 2611 2929 2681 participationem
2969 2612 3262 2675 adducens,
3326 2627 3444 2683 quae
3483 2626 3573 2682 per
3602 2609 3815 2664 Christum

651 2702 705 2749 et
744 2693 1029 2749 Dominum
1076 2696 1437 2766 significatur.

720 2791 797 2842 Ac
837 2790 1018 2847 dehis
1064 2791 1281 2862 quidem
1317 2791 1533 2846 sulIicit.
1584 2792 1740 2860 Quod
1793 2805 1971 2849 autem
2018 2795 2071 2849 in
2122 2810 2214 2848 ca-

653 2879 914 2935 lumniam
940 2884 1109 2937 nostri
1134 2884 1401 2952 dogmatis
1431 2884 1499 2939 ab
1523 2884 1787 2940 Eunomio
1809 2887 2028 2948 dicitur,
2062 2886 2206 2956 quod

2391 2786 2500 2839 Kal.
2544 2789 2670 2857 περὶ
2713 2788 2811 2858 μὲν
2838 2790 3041 2844 τούτων
3078 2787 3318 2858 ἀπόχρη.
3356 2787 3427 2839 Τὸ
3464 2786 3518 2839 δὲ
3547 2788 3627 2839 ἐπὶ
3650 2787 3809 2857 (inscii

2318 2877 2412 2931 τοῦ
2448 2877 2570 2931 καθ’
2607 2881 2755 2950 ἡμᾶς
2787 2879 3053 2949 δόγματος
3084 2880 3231 2948 παρὰ
3248 2877 3346 2931 τοῦ
3379 2879 3625 2948 Εὐνομίου
3644 2878 3812 2946 λεγόμε·

655 2971 712 3024 ἰη
757 2972 995 3041 seipsum
1046 2975 1355 3029 esinanitus
1396 2977 1467 3031 sit
1506 2974 1775 3042 Christus,
1816 2978 1926 3046 jam
1978 2978 2197 3033 abunde

2318 2986 2424 3030 vov,
2464 2969 2537 3030 ὠς
2563 2970 2642 3033 είς
2668 2970 2854 3024 ἑαυτὸν
2884 2970 2976 3023 τοῦ
3002 2968 3237 3041 Χριστοῦ
3267 2968 3602 3031 κενωθέντος,
3639 2968 3721 3038 ἤδη
3742 2968 3812 3036 μὲν

651 3078 747 3133 per
786 3080 849 3119 ea
902 3082 1021 3135 quze
1075 3076 1203 3145 sunt
1250 3069 1395 3123 dicta
1447 3070 1778 3138 exquisitum
1817 3082 1921 3133 est,
1964 3087 2059 3141 per
2097 3086 2217 3139 qua:

651 3153 1084 3211 demonstratum
1116 3168 1219 3219 est.
1246 3161 1422 3228 ipsum
1448 3175 1601 3214 suam
1622 3161 2009 3231 blasphemiam
2030 3171 2217 3217 nostro

651 3247 888 3319 dogmati
928 3249 1195 3304 afi‘ricare.
1232 3252 1350 3306 Non
1383 3254 1526 3308 enim
1559 3254 1651 3323 qui
1684 3264 1931 3307 naturam
1965 3254 2218 3308 immuta-

654 3339 815 3394 bilem
861 3340 1100 3396 subiisse
1150 3352 1387 3398 creatam
1432 3355 1485 3399 et
1527 3344 1805 3398 mortalem
1843 3345 2150 3408 conﬁtetur,
2187 3361 2217 3400 a

652 3431 818 3486 simili
867 3432 933 3486 ad
979 3433 1158 3488 simile
1210 3435 1500 3490 transitum
1543 3435 1693 3499 dicit,
1732 3437 1825 3490 sed
1871 3436 1963 3506 qui
2014 3438 2216 3490 nullam

654 3523 879 3576 omnino
930 3524 1308 3595 migrationem
1342 3544 1370 3582 a
1426 3528 1829 3599 magniﬁcentia
1892 3538 2095 3583 natura:
2149 3530 2216 3585 ad

652 3613 706 3667 id
746 3615 890 3684 quod
921 3616 1181 3672 humilius
1212 3627 1296 3673 est
1325 3621 1548 3689 cogitat.
1593 3619 1649 3675 Si
1688 3623 1831 3675 enim
1877 3630 2094 3677 creatus
2133 3631 2217 3678 est

653 3706 744 3763 ille
792 3711 1090 3763 secundum
1131 3710 1370 3780 ipsorum
1402 3728 1749 3768 sermonem:
1791 3721 2008 3768 creatus
2034 3722 2214 3768 autem
2256 3740 2265 3751 ι

652 3806 705 3853 et
743 3798 940 3865 homo;
987 3800 1235 3857 funditus
1279 3803 1599 3859 miraculum
1636 3804 2038 3874 praedicationis
2064 3805 2214 3859 verbi

652 3894 975 3964 subreptum
1020 3904 1126 3963 est,
1176 3906 1230 3953 et
1278 3898 1331 3951 in
1383 3900 1467 3954 his
1502 3914 1625 3970 quae
1666 3900 1927 3955 dicuntur
1961 3900 2095 3954 nihil
2132 3907 2217 3954 est

649 3987 971 4041 admirabile
993 3997 1047 4042 et
1074 3989 1432 4059 inopinatum,
1456 3993 1501 4045 si
1526 4000 1777 4047 creatura
1811 3992 1925 4062 ipsa
1954 3992 2008 4046 in
2037 3992 2213 4061 seipsa

650 4078 794 4132 facta
824 4078 916 4132 sit.
946 4077 1052 4134 Sed
1080 4097 1181 4135 nos
1208 4083 1299 4150 qui
1328 4098 1389 4136 ex
1426 4083 1684 4138 vaticinio
1702 4084 1991 4139 didicimus
2016 4083 2216 4137 dextrae

648 4167 863 4223 Excelsi
909 4169 1379 4237 immutationem;
1430 4174 1709 4228 dexteram
1751 4174 1929 4229 Patris
1986 4173 2075 4227 Dei
2118 4188 2215 4242 po-

651 4260 875 4313 tentiam
918 4261 1034 4316 sive
1075 4263 1329 4318 virtutem
1374 4263 1611 4320 dicimus
1662 4268 1898 4320 universi
1947 4265 2212 4319 conditri-

2319 3061 2516 3125 ἱκανῶς
2548 3061 2633 3114 διὰ
2666 3062 2771 3114 τῶν
2801 3062 3099 3134 εἰρημένων
3132 3062 3423 3132 ἐξήτασται
3446 3078 3459 3091 ο
3493 3061 3555 3113 δι’
3581 3053 3645 3114 ὧν
3669 3058 3812 3111 ἀτωδέ-

2317 3153 2524 3207 δεικται
2554 3154 2651 3225 τὴν
2673 3154 2863 3207 ἑαυτοῦ
2893 3154 3237 3224 βλασφημίαν
3270 3153 3353 3224 τῷ
3380 3153 3617 3225 ἡμετέρῳ
3640 3150 3813 3219 δόγματι

2319 3245 2793 3316 προστριδόμενος.
2836 3247 2909 3298 Οὐ
2943 3246 3048 3315 γὰρ
3080 3247 3108 3298 ὁ
3136 3245 3235 3316 τὴν
3277 3245 3536 3315 ἄτρεπτον
3563 3243 3698 3312 φύσιν
3718 3244 3812 3310 ὁμο-

2315 3337 2487 3405 λογῶν
2522 3337 2799 3401 ὑποδῦναι,
2844 3337 2942 3408 τὴν
2971 3337 3192 3407 κτιστὴν
3230 3340 3326 3391 καὶ
3367 3338 3629 3407 ἐπίκηρον,
3659 3334 3735 3404 τὴν
3768 3335 3813 3384 ἐκ

2315 3429 2407 3481 τοῦ
2430 3428 2616 3498 ὁμοίου
2642 3428 3019 3498 μεταχώρησιν
3042 3427 3184 3496 λέγει
3203 3471 3217 3494 ,
3242 3429 3355 3481 ἀλλ’
3377 3431 3404 3481 6
3430 3428 3673 3499 μηδεμίαν
3692 3426 3813 3494 μετὰ·

2319 3537 2504 3573 στασιν
2538 3519 2645 3572 ἀπὸ
2682 3518 2775 3571 τοῦ
2806 3520 3041 3589 μεγάλου
3081 3521 3177 3591 τῆς
3200 3520 3416 3589 φύσεως
3434 3521 3522 3572 ἐπὶ
3545 3519 3599 3572 τὺ
3623 3513 3813 3569 ταπεινό-

2317 3629 2478 3681 τερον
2507 3612 2719 3666 ὲννοῶν.
2775 3613 2837 3665 Et
2863 3613 2971 3684 γὰρ
2996 3613 3211 3677 κτιστὸς
3245 3613 3345 3684 μὲν
3383 3614 3575 3673 ἐκεῖνος
3616 3607 3728 3662 κατὰ
3749 3605 3813 3656 τὸν

2315 3704 2468 3773 λόγον
2490 3704 2687 3767 αὐτῶν,
2719 3703 2932 3767 κτιστὸς
2961 3704 3018 3757 δὲ
3054 3707 3081 3757 6
3111 3703 3397 3774 ἄνθρωπος
3419 3720 3433 3735 ⁸
3461 3701 3693 3767 διεκλάπη
3718 3695 3813 3747 πάν-

2315 3814 2419 3857 τως
2445 3795 2502 3849 τὸ
2532 3795 2716 3865 θαῦμα
2736 3794 2828 3847 τοῦ
2860 3794 3038 3863 λόγου,
3064 3796 3158 3848 καὶ
3182 3794 3480 3867 παράδοξον
3509 3794 3561 3846 ὲν
3586 3793 3681 3852 τοῖς
3707 3788 3814 3852 λεγο-

2320 3888 2500 3960 μένοις
2534 3886 2679 3940 ὲστὶν
2699 3886 2871 3950 οὐδὲν,
2901 3886 3001 3956 τῆς
3025 3887 3255 3950 κτίσεως
3275 3886 3442 3955 αὐτῆς
3467 3886 3519 3937 ὲν
3545 3884 3687 3951 ἑαυτῇ
3701 3893 3813 3947 γενο-

2317 3982 2507 4053 μένης,
2550 3979 2690 4032 Ἀλλ’
2722 3981 2882 4050 ἡμεῖς
2928 3978 3307 4050 μεμαθηκότες
3354 3977 3501 4049 παρά
3528 3975 3811 4045 τῆσπροφη·

2312 4071 2460 4133 τείας
2478 4070 2576 4139 τὴν
2606 4069 2888 4123 ἀλλοίωσιν
2913 4068 3008 4139 τῆς
3035 4067 3213 4133 δεξιᾶς
3238 4067 3333 4119 τοῦ
3378 4066 3645 4135 ’Υψίστοψ
3678 4059 3813 4122 δεξιὰν

2312 4163 2404 4215 τοῦ
2426 4162 2636 4232 Πατρὸς
2661 4162 2760 4231 τὴν
2787 4159 2882 4213 τοῦ
2904 4159 3040 4213 Θεοῦ
3068 4159 3298 4231 λέγομεν
3322 4139 3561 4229 δύναμιιλ
3581 4156 3665 4226 τὴν
3690 4167 3811 4216 ποιη-

2310 4255 2467 4325 τικὴν
2493 4254 2585 4309 τοῦ
2626 4254 2845 4317 παντὸς,
2879 4254 3000 4323 ἥτις
3032 4253 3177 4305 ἐστὶν
3209 4254 3238 4305 6
3271 4251 3488 4321 Κύριος,
3525 4249 3612 4316 οὐχ
3650 4245 3713 4305 ὼς
3740 4240 3810 4309 μέε

650 4365 792 4413 cem,
837 4369 956 4421 qua:
985 4354 1205 4423 quidem
1241 4366 1326 4411 est
1357 4357 1473 4425 ipse
1523 4356 1806 4421 Dominus,
1849 4373 1959 4411 non
1996 4366 2055 4411 ut
2084 4372 2209 4425 pars

2315 4365 2403 4419 ρος
2453 4347 2795 4417 ἐξηρτημένη
2840 4346 2933 4398 τοῦ
2966 4345 3117 4406 ὅλου,
3169 4344 3284 4398 ἀλλ’
3313 4344 3388 4406 ὡς
3426 4342 3483 4406 ἐξ
3524 4338 3705 4393 ἐκείνου
3740 4331 3811 4401 μὲν

650 4454 715 4492 ex
760 4447 876 4495 toto
916 4443 1181 4511 pendens,
1229 4444 1326 4501 sed
1358 4462 1420 4500 ex
1451 4447 1543 4499 illo
1576 4450 1791 4517 quidem
1827 4448 2042 4517 (nempe
2080 4446 2210 4516 Deo)

652 4544 775 4582 cum
818 4530 909 4597 sit,
954 4531 1008 4585 in
1041 4534 1220 4602 seipsa
1261 4536 1562 4589 secundum
1593 4538 1864 4607 prapriam
1908 4538 2212 4593 subsisten-

654 4621 782 4672 tiam
814 4623 1169 4692 conspicitur.
1210 4624 1320 4680 Hoc
1355 4626 1614 4692 dicimus,
1642 4630 1787 4699 quod
1815 4646 1991 4699 neque
2022 4630 2211 4685 dextra

618 4710 954 4788 secundum
1004 4713 1271 4767 rationem
1308 4724 1517 4771 natura:
1560 4719 1627 4771 ab
1658 4719 1750 4773 illo
1794 4719 2069 4774 demutata
2104 4731 2209 4779 est.

650 4799 809 4866 cujus
842 4808 924 4855 est
953 4800 1143 4856 dextra
1176 4822 1189 4858 :
1219 4820 1393 4875 neque
1432 4809 1662 4862 mutatio
1692 4809 1810 4877 ejus
1835 4810 1940 4865 alia
1964 4811 2209 4880 qutedam

650 4901 847 4960 praeter
891 4906 1010 4947 eam
1060 4909 1179 4964 qua:
1220 4897 1403 4953 carnis
1456 4910 1541 4954 est
1596 4900 1673 4970 (a)
1726 4916 1756 4955 a
1801 4902 2211 4970 perspicacibus

650 4983 824 5047 visus,
855 4999 962 5055 qua
1006 4986 1225 5055 quidem
1273 4988 1503 5044 faciebat
1534 5005 1700 5060 opera
1735 5007 1764 5044 a
1812 4990 1993 5056 Patre,
2020 4991 2210 5045 dextra

653 5072 769 5136 Dei,
817 5082 871 5128 et
919 5082 1003 5129 est
1052 5084 1106 5130 et
1153 5079 1511 5151 intelligitur;
1552 5097 1659 5151 qua
1703 5096 1833 5137 vero
1857 5082 2043 5136 carnis
2072 5083 2211 5136 vela-

653 5172 837 5217 mento
859 5165 1239 5222 obducebatur
1262 5170 1560 5225 secundum
1589 5172 1642 5226 id
1672 5173 1814 5241 quod
1836 5172 2010 5228 oculis
2032 5188 2211 5227 cerne-

652 5253 834 5318 batur,
867 5256 1007 5310 alius
1042 5259 1155 5313 sive
1197 5259 1446 5316 diversus
1487 5264 1555 5315 ab
1591 5280 1657 5316 eo
1688 5263 1833 5333 quod
1873 5271 1991 5319 erat
2016 5276 2209 5318 natura

650 5345 1117 5415 conspiciebatur.
1176 5351 1302 5406 Ideo
1348 5353 1414 5406 ad
1469 5353 1771 5423 Philippum
1823 5354 1977 5419 dicit,
2034 5355 2210 5410 solum

648 5434 795 5505 quod
855 5443 1127 5492 mutatum
1180 5448 1299 5494 erat
1349 5442 1566 5497 carneis
1618 5444 1795 5498 oculis
1848 5445 2148 5498 intuentem
2194 5461 2208 5499 :

653 5525 992 5596 Respiccper
1042 5538 1309 5585 mutatum
1354 5533 1404 5586 id
1454 5535 1598 5602 quod
1642 5544 1724 5591 est
1772 5536 2109 5592 immutabile
2158 5544 2211 5591 et

708 5634 777 5697 (a)
806 5636 983 5703 Locum
1010 5652 1069 5687 ex
1095 5640 1201 5690 cod.
1232 5642 1458 5691 Bavarico
1482 5641 1553 5690 sic
1592 5644 1784 5703 supple,
1810 5644 1918 5691 οὔτε
1954 5644 2204 5701 ἀλλοίωσις

647 5703 787 5754 αὐτῆς
806 5700 924 5766 ἄλλη
943 5704 1161 5766 ’τιιῗπαρὰ
1182 5705 1267 5760 τήν
1286 5710 1369 5760 τῆς
1394 5705 1567 5766 σαρκὸς
1600 5700 1869 5765 οἰκονομίαν
1888 5706 2100 5763 λέγεσθαι
2122 5700 2201 5752 δύεέ

653 5718 787 5754 ιυτης
806 5718 924 5756 αΑΑη
947 5718 1015 5755 τι(
1033 5718 1161 5811 uaga
1182 5718 1267 5760 την
1286 5718 1369 5760 της
1394 5720 1567 5766 capto:
1600 5720 1869 5765 οιχονομιαν
1889 5718 2100 5763 λεγεενυςι
2122 5718 2201 5752 ου-

653 5774 802 5829 ararat:
824 5762 991 5829 ﬁvydrp
1011 5765 1074 5818 ὡς
1126 5766 1277 5829 ληθῷς
1297 5769 1326 5822 ἡ
1353 5766 1477 5829 δεξιὰ
1494 5766 1629 5822 αὐτὸς
1656 5768 1681 5813 6
1704 5766 1749 5813 ἐν
1769 5768 1907 5828 σαρκὶ
1934 5769 2205 5829 φανερωθεὶς

649 5827 763 5874 θεὸς
778 5822 836 5869 δι’
852 5822 994 5879 αὐτῆς
1013 5830 1096 5879 τῆς
1114 5827 1287 5882 σαρκὸς
1312 5828 1407 5883 τοῖς
1435 5827 1713 5882 διοοατικοῖς
1733 5822 2067 5890 καθορώμενος.
2082 5844 2098 5873 ι
2111 5822 2207 5878 Ne!-

2309 4437 2463 4502 οὖσα.
2490 4440 2573 4509 ἐφ’
2590 4438 2792 4508 ἑαυτῆς
2816 4438 2871 4491 δὲ
2899 4437 3017 4491 κατ’
3044 4436 3177 4489 ἰδίαν
3200 4435 3492 4489 ὑπόστασιν
3508 4426 3806 4499 θεωρουμένη-

2309 4532 2477 4585 Τοῦτό
2500 4548 2695 4602 φαμεν,
2723 4532 2803 4584 ὅτι
2828 4529 3003 4601 οὕτεή
3030 4528 3171 4593 δεξιά
3192 4528 3333 4581 κατά
3363 4527 3451 4580 τὸν
3479 4524 3621 4591 λόγον
3638 4520 3717 4587 τῆς
3734 4513 3807 4582 φά·

2312 4640 2445 4686 σεως
2461 4623 2667 4679 ἐκείνου
2690 4623 3085 4693 παρήλλακται,
3105 4615 3167 4674 οὗ
3189 4624 3303 4674 ἐστι
3323 4619 3495 4683 δεξιάο
3516 4615 3624 4668 οὔτε
3639 4608 3807 4665 ἀλλοίω-

2316 4731 2401 4776 σις
2430 4713 2597 4783 αὐτῆς
2626 4713 2759 4783 ἄλλη
2783 4730 2865 4776 τις
2895 4713 3044 4783 παρά
3073 4712 3169 4782 τὴν
3196 4712 3291 4780 τῆς
3323 4707 3539 4779 σαρκὸς,
3555 4707 3652 4767 τοῖς
3668 4701 3804 4765 διορι·

2308 4807 2479 4867 τικοῖς
2522 4804 2917 4876 καθορώμενος·
2978 4804 3110 4858 καθὸ
3146 4803 3245 4873 μὲν
3267 4804 3435 4855 ἐποίει
3464 4800 3528 4854 τὰ
3555 4799 3673 4868 ἔργα
3692 4786 3803 4857 περἃ

2308 4897 2399 4949 τοῦ
2434 4896 2663 4966 Πατρδςν
2698 4896 2848 4961 δεξιά
2883 4896 2976 4948 τοῦ
3003 4896 3136 4948 Θεοῦ
3173 4897 3265 4948 καὶ
3304 4896 3379 4948 ὦν
3419 4894 3524 4966 καἱῲ
3542 4886 3799 4954 νοούμενθς·

2308 4992 2364 5042 ἐν
2384 4983 2428 5056 ᾧ
2451 4989 2505 5042 δὲ
2528 4960 2828 5060 περιείχετο
2854 4987 2929 5057 τῷ
2948 4988 3047 5056 τῆς
3063 4987 3260 5057 σαρκὸς
3288 4960 3679 5057 προκαλδίμματι
3698 4969 3802 5027 κατά

2306 5082 2366 5134 τὸ
2393 5080 2716 5152 βλεπόμενον
2736 5121 2750 5143 ,
2796 5081 3002 5143 ἀλλοῖος
3041 5079 3168 5149 παρ’
3202 5080 3230 5131 ὃ
3255 5082 3321 5149 τῇ
3356 5078 3507 5146 φύσει
3527 5070 3588 5144 ἦν
3617 5064 3800 5136 θεωρούο

2312 5191 2487 5243 μενος.
2513 5174 2610 5225 Διά
2636 5172 2792 5226 τοῦτο
2819 5174 2951 5243 πρὸς
2974 5172 3236 5227 Φίλιππον
3266 5171 3411 5239 λέγει
3439 5172 3523 5221 τὸν
3544 5165 3661 5235 πρὸς
3684 5160 3800 5229 μόνον

2306 5264 2365 5316 τὸ
2388 5264 2671 5318 ἀλλοιωθὲν
2702 5265 3026 5329 ἀτενίζοντα,
3041 5266 3121 5317 ὃτι
3140 5261 3307 5313 Βλέπε
3322 5263 3408 5316 διὰ
3442 5259 3532 5313 τοῦ
3552 5250 3799 5311 ἀλλοιωθένο

2306 5370 2395 5417 τος
2417 5356 2476 5407 τὸ
2503 5355 2995 5417 ἀναλλοίωτον,“κᾶν
3014 5355 3171 5409 τοῦτο
3198 5355 3329 5427 ἴδῃς,
3354 5353 3509 5406 αὑτὸν
3536 5351 3614 5402 τὸν
3634 5343 3798 5410 Πατέρα

2306 5446 2365 5499 ὃν
2398 5446 2577 5518 ζητεῖς
2614 5447 2756 5507 ίδεῖν,
2794 5446 3051 5517 ἑωρακὼς
3086 5445 3155 5501 εί.
3206 5448 3259 5498 '0
3292 5445 3405 5514 γὰρ
3442 5438 3683 5509 ἑωρακὼς
3704 5429 3795 5499 ἐμὲ.

2307 5536 2366 5589 οὐ
2403 5537 2492 5591 τὸν
2530 5540 2669 5609 ὲντῇ
2711 5537 2987 5591 ἀλλοιώσει
3009 5538 3344 5608 φαινόμενον,
3368 5534 3499 5588 ἀλλὰ
3518 5533 3601 5584 τὸν
3633 5520 3797 5591 ἀληθῶς

2310 5662 2407 5709 que
2427 5649 2521 5699 alia
2558 5651 2701 5712 hujus
2730 5652 2953 5717 dentem
2967 5650 3223 5717 diversitas
3258 5660 3436 5713 praeter
3466 5662 3581 5717 eam.
3602 5647 3795 5717 quamn?

2310 5702 2454 5780 carne
2473 5702 2718 5780 assu_m'pta_
2738 5713 2897 5770 habet,
2919 5713 3097 5780 adferri
3126 5702 3313 5775 potest:
3339 5719 3440 5761 erat
3460 5709 3579 5758 enim
3595 5702 3689 5780 γεῖς

2314 5777 2415 5836 tera
2444 5770 2547 5832 ipse
2567 5764 2698 5836 Deus
2710 5776 2753 5821 in
2768 5764 2913 5836 carne
2926 5764 3273 5836 manifestatum,
3288 5784 3337 5823 et
3351 5788 3436 5836 per
3454 5782 3630 5820 carnem
3642 5764 3793 5836 abillis.

2310 5831 2489 5892 quibus
2524 5834 2849 5897 perspicacior
2871 5834 3184 5898 intelligendi
3210 5831 3408 5887 facultas
3429 5840 3543 5889 erat,
3573 5832 3789 5890 ςιιειιιὶυςι
