3922 6470
128 399 209 456 'm
1202 393 1485 450 CONTRA
1526 394 1917 460 EUNOMIUM,
1958 390 2087 451 LlB'.
2131 398 2216 454 Vl.

3228 397 3334 455 7'22

129 514 213 585 ιμὲ
231 508 317 561 τὸν
359 510 415 562 ὲν
459 506 540 577 τῷ
572 506 741 577 Πατρὶ
770 505 917 567 ὄντα,
956 506 1118 560 αὐτὸν
1154 507 1362 562 ἐκεῖνον
1404 509 1658 580 ἑωρακὼς

1764 527 1976 583 semper
2026 512 2190 568 idem.
2242 511 2308 565 Et
2355 512 2401 568 si
2456 514 2557 567 hoc
2610 512 2834 579 videris,
2880 514 3058 584 ipsum
3113 511 3329 570 Patrem

128 609 254 659 ἕπαι
273 618 357 654 τον
384 594 502 669 ὲνῷ
523 602 652 671 είμι,
676 599 754 670 τῷ
776 600 867 653 τὸν
886 599 1049 654 αὐτὸν
1068 602 1389 673 χαρακτῆρα
1423 602 1665 672 τῆςηθεόο

127 710 260 764 τητος
282 691 364 744 ἐπ’
390 691 597 760 ἀμφοῖν
617 691 970 763 καθορᾶσθαι.
1020 694 1132 763 Τὴν
1156 688 1249 747 οὖν
1275 694 1545 765 ἀκήρατον
1572 694 1666 748 καὶ

127 784 283 853 ἀπαθῆ
309 783 398 837 καὶ
429 782 684 836 ἀκτιστον
723 784 906 852 φύσιν,
950 786 1008 841 ὲν
1048 785 1126 856 τῷ
1159 785 1388 857 παθητῷ
1423 788 1521 859 τῆς
1546 788 1666 840 κτί-

131 894 241 940 σεως
273 874 600 944 γεγενῆσθαι
636 876 997 941 πιστεύοντες,
1046 878 1140 931 καὶ
1168 879 1231 931 ὲκ
1255 877 1458 932 τούτων
1485 878 1665 932 νοοῦν-

126 987 197 1032 τες
238 968 326 1037 τὴν
378 965 665 1019 ἀλλοίωσιν
690 982 704 997 ⁸
754 967 871 1031 πῶς
920 968 1080 1022 αὐτὸν
1131 970 1210 1033 εἰς
1261 970 1449 1023 ἑαυτὸν
1504 987 1662 1024 κεκε-

126 1058 295 1114 νῶσθαι
328 1056 510 1125 λέγειν
560 1058 1009 1129 κατηγορούμεθα
1080 1061 1229 1132 παρὰ
1258 1060 1364 1114 τῶν
1413 1060 1504 1114 τὸν
1535 1061 1663 1114 ῐδιον

124 1150 250 1216 λόγον
274 1148 378 1207 τοῖς
411 1147 706 1217 ἡμετέροις
742 1148 1005 1218 δόγμασιν
1035 1150 1529 1221 ἐπιθρυλλούντωνς
1556 1150 1661 1204 Τοῦ

125 1240 211 1309 γὰρ
241 1236 447 1291 κτιστοῦ
480 1238 619 1307 πρὸς
662 1237 751 1291 τὸν
790 1240 1007 1293 κτιστὸν
1054 1243 1088 1311 ἡ
1123 1240 1390 1305 κοινωνία,
1438 1242 1663 1312 οὐδεμία

123 1332 267 1395 δεξιᾶς
316 1330 463 1381 ἐστιν
504 1328 810 1395 ἀλλοίωσις.
894 1332 1131 1405 Κτιστὴν
1184 1333 1291 1404 γὰρ
1340 1332 1520 1400 δεξιὰν
1565 1334 1664 1403 τῆς

124 1420 332 1477 ἀπίστου
362 1420 583 1488 φύσεως
606 1422 805 1491 λέγειν,
833 1424 1094 1495 Εὐνομίου
1122 1424 1303 1496 μόνου,
1335 1428 1428 1479 καὶ
1458 1426 1565 1479 τῶν
1595 1425 1662 1479 τὰ

120 1518 247 1581 ὀμοια
286 1513 460 1582 τούτῳ
513 1515 852 1585 φρονούντων
893 1516 1058 1571 ἐστίν.
1127 1517 1187 1570 '0
1234 1518 1342 1589 γάρ
1381 1516 1655 1588 ὀφθαλμὸν

122 1604 226 1674 ἔχων
248 1604 376 1674 πρὸς
410 1605 514 1674 τὴν
547 1605 803 1676 ἀληθειαν
832 1607 1110 1676 βλέποντα,
1132 1606 1243 1661 οἷον
1275 1609 1368 1660 τὸν
1403 1608 1661 1677 ’Ὕψιστον

121 1698 213 1765 ἀρᾷ,
234 1695 481 1765 τοιαύτην
514 1697 609 1749 καὶ
635 1698 733 1769 τὴν
765 1698 941 1764 δεξιάν
960 1698 1053 1751 τοῦ
1069 1698 1319 1767 Ὑψίστου
1348 1698 1659 1767 κατόψεται,

121 1789 331 1840 hnc-rev
350 1786 637 1850 ἀκτίστου,
662 1788 869 1858 ἀγαθοῦ
893 1789 1123 1861 ἀγαθὴν,
1149 1790 1319 1844 ἀῖδίου
1347 1792 1533 1853 ἀΐδιον,
1565 1807 1661 1860 μη·

120 1880 185 1933 ἂν
216 1878 301 1950 τὴν
333 1882 621 1953 ἁῖδιότητα
664 1880 756 1934 τοῦ
800 1882 1072 1951 γεννητῶς
1123 1877 1261 1935 εἶναι
1292 1882 1460 1952 αὐτὴν
1494 1882 1549 1933 ἐν
1586 1880 1663 1951 τῷ

123 1973 259 2041 Πατρὶ
289 1974 788 2036 καταδλάπτοντος.
823 1974 984 2026 ’Ὥστε
1006 1973 1226 2043 λέληθεν
1261 1974 1450 2027 ἑαυτὸν
1477 1974 1507 2025 ὁ
1532 1990 1662 2027 κατ-

121 2066 276 2133 ήγορος
291 2069 398 2128 τοῖς
418 2065 572 2128 ἰδίοις
584 2064 813 2118 ὀνείδεσι
835 2064 953 2118 καθ’
972 2066 1125 2136 ήμῶν
1144 2064 1442 2136 χρώμενος,
1458 2063 1589 2134 πρὸς
1606 2062 1663 2116 δὲ

119 2157 212 2216 τοὺς
232 2156 300 2224 τῷ
327 2156 491 2210 πάθει
520 2157 980 2228 προσπταίοντας,
1022 2159 1115 2211 καὶ
1141 2158 1229 2210 διὰ
1257 2156 1447 2210 τούτου
1490 2174 1661 2211 κατα-

123 2246 438 2311 σκευάζοντας
481 2247 587 2317 τὴν
631 2247 741 2299 τῶν
793 2246 991 2300 οὐσιῶν
1041 2248 1334 2319 ἑτερότητα
1362 2262 1375 2276 ⁸
1434 2248 1510 2311 ὡς
1568 2246 1660 2301 τοῦ

120 2337 291 2406 Harpe;
320 2340 416 2408 μὲν
444 2338 539 2391 διὰ
586 2340 649 2393 τὸ
679 2340 946 2410 ὑπερέχον
999 2340 1099 2408 τῆς
1132 2339 1345 2408 φύσεως
1389 2342 1449 2393 οὐ
1490 2356 1658 2410 παρα-

120 2428 361 2498 δεχομένου
400 2430 464 2484 τὸ
516 2432 714 2495 πάθος,
752 2431 866 2495 τοῦ.
882 2430 1014 2485 Υἱοῦ
1063 2431 1119 2484 δὲ
1157 2431 1244 2485 διά
1292 2431 1355 2484 τὸ
1395 2431 1657 2494 καταδεὲς

120 2525 190 2575 καὶ
212 2522 658 2594 παρηλλαγμένον
687 2525 822 2595 πρὸς
849 2524 943 2595 τὴν
969 2524 1077 2577 τῶν
1108 2525 1445 2595 παθημάτων
1469 2540 1655 2575 κοινω-

120 2615 208 2666 νίαν
236 2617 640 2683 συγκατιόντος,

1765 617 1926 670 quem
1975 603 2178 672 quaeris
2207 602 2414 667 videre,
2454 602 2687 658 intuitus
2729 620 2811 659 es.
2859 604 2965 671 Qui
3007 604 3151 659 enim
3195 606 3332 661 videt

1765 709 1847 747 me
1876 693 1961 761 “,
2017 709 2125 748 non
2165 710 2289 749 eum
2339 695 2435 765 qui
2484 704 2705 765 apparet
2754 696 2812 751 in
2867 698 3189 761 mutatione,
3235 700 3330 755 sed

1764 799 1891 838 vere
1924 799 2029 850 me,
2064 787 2155 855 qui
2196 801 2315 841 sum
2364 786 2418 840 in
2466 785 2647 850 Patre,
2702 785 2875 857 ipsum
2928 788 3081 844 illum
3127 790 3333 847 videbit

1765 874 1822 929 in
1868 890 1976 945 quo
2022 892 2163 937 sum.
2205 877 2333 947 quia
2389 877 2533 934 idem
2595 878 2881 935 character
2924 879 3226 939 divinitatis
3274 884 3329 939 in

1764 967 2025 1023 ambobus
2053 970 2412 1039 conspicitur.
2460 971 2823 1027 Immortalem
2854 973 3021 1044 igitur
3062 982 3118 1030 et
3155 975 3329 1045 impa-

1763 1058 1973 1112 tibilem
2014 1068 2069 1115 et
2116 1062 2413 1117 increatam
2458 1070 2711 1116 naturam
2745 1064 2799 1118 in
2829 1064 3037 1134 patibili
3078 1076 3329 1120 creatura

1764 1151 2067 1213 credentes,
2103 1161 2157 1206 et
2192 1152 2244 1206 in
2288 1153 2373 1207 his
2408 1154 2763 1209 mutationem
2792 1156 3176 1227 intelligentes,
3198 1172 3329 1228 quo-

1764 1241 1926 1295 modo
1974 1243 2149 1312 ipsum
2199 1245 2253 1298 in
2304 1245 2546 1316 seipsum
2601 1247 2938 1302 exinanitum
2975 1264 3099 1304 esse
3146 1248 3329 1305 dicere

1765 1331 2146 1387 insimulamur
2224 1335 2292 1389 ab
2331 1335 2396 1390 iis
2446 1336 2539 1406 qui
2578 1352 2732 1392 suam
2776 1337 3042 1394 rationem
3094 1355 3203 1410 prae
3232 1356 3331 1395 no-

1764 1425 1893 1479 stris
1944 1425 2185 1481 decretis
2234 1428 2552 1484 venditant?
2589 1430 2768 1486 Creati
2799 1432 2943 1487 enim
2990 1431 3057 1487 ad
3087 1442 3327 1487 creatum

1763 1516 2098 1579 communio,
2137 1516 2286 1570 nulla
2311 1527 2395 1572 est
2428 1518 2634 1575 dextra:
2658 1522 2908 1575 mutatio.
2934 1519 3068 1575 Nam
3090 1532 3327 1576 creatam

1762 1603 2006 1659 dextram
2060 1606 2311 1662 increata:
2372 1618 2583 1666 naturae
2647 1620 2953 1677 autumare,
3020 1613 3195 1668 solius
3242 1623 3327 1667 est

1763 1695 2039 1763 Eunomii,
2080 1710 2133 1755 et
2182 1717 2372 1756 eorum
2414 1704 2506 1773 qui
2541 1704 2737 1758 similia
2773 1719 2897 1759 cum
2941 1721 3009 1760 eo
3058 1706 3324 1761 sentiunt.

1763 1787 1863 1854 Qui
1902 1791 2047 1844 enim
2086 1793 2304 1847 oculum
2344 1794 2504 1849 habet
2530 1794 2597 1848 ad
2626 1794 2910 1850 veritatem
2947 1804 3320 1859 contuentem,

1765 1882 1980 1948 qualem
1999 1878 2343 1939 Altissimum
2375 1886 2540 1947 videt,
2571 1885 2733 1941 talem
2771 1894 2825 1941 et
2862 1885 3139 1943 dexteram
3165 1885 3327 1943 ΑΙιίε⁴

1761 1974 1886 2027 simi
1925 1976 2382 2044 contemplabitur
2411 1989 2423 2024 :
2454 1974 2749 2033 increatam
2784 1978 3032 2042 increati,
3075 1978 3199 2034 boni
3234 1980 3327 2033 bo-

1760 2076 1907 2127 nam,
1956 2071 2215 2118 azternam
2251 2067 2461 2130 aeterni,
2496 2080 2619 2120 cum
2655 2068 2793 2122 nihil
2822 2068 3178 2126 aternitatem
3207 2070 3326 2138 ejus

1760 2152 2025 2218 oﬂ‘endat,
2068 2155 2213 2225 quod
2249 2171 2346 2225 per
2383 2156 2605 2211 modum
2636 2160 3003 2228 generationis
3041 2160 3113 2217 sit
3140 2160 3198 2216 in
3226 2160 3329 2215 Pa-

1761 2256 1866 2302 tre.
1900 2245 2082 2313 Quare
2104 2248 2297 2304 fefellit
2322 2249 2561 2320 seipsum
2582 2258 2892 2315 accusator,
2929 2251 3059 2306 dum
3093 2251 3327 2322 propriis

1761 2339 2027 2394 conviciis
2059 2347 2114 2393 et
2148 2340 2365 2409 probris
2400 2350 2592 2395 contra
2624 2358 2724 2397 nos
2758 2343 2950 2408 utitur,
2982 2344 3236 2400 nesciens
3268 2359 3330 2399 se

1761 2430 1865 2485 hoc
1912 2428 2162 2499 proferre
2196 2430 2462 2486 adversus
2502 2446 2599 2486 eos
2644 2433 2736 2503 qui
2773 2435 2828 2487 in
2869 2434 3179 2504 passionem
3224 2434 3328 2488 im-

1760 2526 2009 2592 pingunt,
2040 2534 2092 2576 et
2116 2537 2211 2591 per
2238 2522 2341 2576 hoc
2366 2525 2728 2578 essentiarum
2757 2525 3135 2581 diversitatem
3168 2526 3329 2595 (alte-

1768 2614 2005 2679 ritatem)
2060 2621 2392 2682 praestruunt
2420 2634 2432 2668 :
2482 2616 2639 2684 quasi
2672 2614 2830 2670 Pater
2856 2617 3076 2687 quidem
3107 2625 3327 2687 prapter

119 2715 287 2761 natura:
353 2706 744 2761 excellentiam
796 2707 908 2763 sive
958 2708 1303 2762 eminentiam
1388 2709 1695 2780 passionem
1770 2722 1878 2762 non
1932 2705 2207 2770 admittat,
2266 2705 2438 2761 Filius
2489 2722 2614 2762 vero
2673 2716 2894 2778 propter
2942 2707 3215 2765 defectum
3274 2719 3330 2765 ot

123 2795 425 2851 immutatum
455 2804 670 2853 statum
717 2797 785 2851 ad
834 2801 1246 2869 perpessionqu
1287 2805 1726 2855 communionem
1761 2796 2075 2853 descendat.

172 2888 332 2941 Ταῦτα
359 2890 684 2959 προσθεῖναι
723 2889 981 2961 βούλομαι
1025 2895 1135 2955 τοῖς
1181 2894 1523 2963 είρημένοις,
1572 2895 1651 2946 ὃτι

1826 2890 1951 2944 Haec
1986 2890 2149 2944 dictis
2195 2888 2433 2958 adjicere
2469 2890 2588 2945 volo
2627 2909 2641 2945 :
2695 2891 2843 2961 quod
2898 2896 3202 2951 secundum
3232 2912 3327 2954 ve-

119 2980 237 3033 οὐδὲν
261 2982 391 3034 κατά
434 2981 703 3053 ἀλήθειαν
729 2982 895 3046 πάθος
927 2984 1071 3036 ἐστὶν
1100 2984 1128 3036 ὃ
1160 2985 1232 3055 μὴ
1271 2987 1349 3049 είς
1383 2986 1652 3056 ἁμαρτίαν

1764 2985 1969 3038 ritatem
2014 2983 2165 3038 nulla
2215 2989 2301 3037 est
2351 2983 2559 3052 passio,
2614 3000 2735 3054 quae
2786 3000 2895 3040 non
2935 2988 3003 3043 ad
3038 2997 3335 3059 peccatum

122 3073 259 3142 φέρει.
290 3074 418 3127 Οὐδὲ
464 3074 680 3143 κυρίως
711 3073 774 3126 ἄν
828 3091 909 3137 τις
951 3075 1040 3127 τὸν
1084 3074 1378 3144 ἀναγκαῖον
1414 3080 1512 3147 τῆς
1554 3078 1654 3146 φύ-

1753 3075 1911 3129 ferat.
1973 3072 2161 3143 Neque
2210 3073 2434 3141 proprie
2498 3074 2623 3143 quis
2688 3077 3058 3131 necessariam
3118 3087 3333 3136 natura:

122 3180 226 3226 σεως
259 3165 436 3234 εἱρμὸν
473 3164 653 3227 πάθος
687 3164 853 3233 λέγοι,
887 3165 1095 3235 βλέπων
1140 3166 1243 3238 ὁδῷ
1278 3166 1570 3238 προϊοῦσαν
1599 3170 1654 3220 ὲν

1764 3166 1973 3230 seriem,
2000 3164 2190 3229 πάθος,
2224 3164 2279 3219 id
2301 3171 2384 3219 est
2410 3165 2743 3234 passionem,
2768 3181 2865 3222 seu
2898 3167 3152 3224 aﬂ‘ectum
3178 3169 3330 3226 dixe-

122 3257 237 3320 τάξει
262 3259 359 3309 τινὶ
388 3257 482 3310 καὶ
507 3256 804 3326 ἀκολουθίᾳ
836 3257 937 3328 τὴν
964 3257 1210 3311 σύνθετον
1240 3258 1417 3327 φύσιν.
1457 3260 1519 3311 Ἡ
1545 3259 1652 3329 γάρ

122 3346 203 3397 τῶν
236 3348 533 3418 ὲτεροφυῶν
592 3350 867 3417 στοιχείων
920 3351 1053 3421 πρὸς
1102 3351 1303 3421 ἄλληλα
1358 3351 1649 3423 συνδρομὴ,

125 3439 231 3490 κατὰ
268 3438 356 3509 τὴν
400 3438 496 3491 τοῦ
535 3437 790 3508 σώματος
828 3440 982 3509 ἡμῶν
1015 3443 1373 3513 κατασκευὴν,
1408 3442 1652 3507 σύνθεσίς

125 3528 183 3589 τίς
211 3531 308 3581 ἐστι
334 3532 418 3584 διὰ
452 3531 724 3584 πλειόνων
760 3534 1023 3600 ἀνομοίων
1052 3534 1413 3606 ἀρμοζομένη.
1466 3537 1650 3588 Ἐκλυυ

125 3618 267 3692 θείτης
300 3624 351 3675 δὲ
394 3622 474 3693 τῷ
521 3622 817 3691 καθήκοντι
851 3623 1026 3693 καιρῷ
1068 3626 1164 3696 τῆς
1192 3626 1513 3697 συνδεούσης
1556 3628 1653 3698 τὴν

126 3710 205 3761 τῶν
245 3714 509 3783 στοιχείων
548 3714 856 3784 συνδρομὴν
900 3716 1179 3785 ἁρμονίας,
1234 3717 1393 3769 πάλιν
1442 3719 1501 3770 τὸ
1535 3719 1655 3772 σύν-

127 3799 242 3854 θετον
274 3805 347 3866 είς
389 3805 459 3857 τά
503 3805 567 3870 ἐξ
621 3800 697 3857 ὦν
744 3806 1067 3877 συνέστηκεν
1100 3808 1404 3863 ἀναλύεται.
1454 3809 1654 3879 Ἔργον

125 3885 194 3941 οὖν
223 3893 322 3946 ἐστι
350 3896 511 3949 τοῦτο
546 3894 768 3963 μᾶλλον,
801 3896 894 3948 καὶ
924 3896 1042 3964 οὐχὶ
1077 3897 1245 3958 πάθος
1277 3897 1373 3967 τῆς
1418 3897 1649 3965 φύσεως.

129 3978 266 4032 Μόνον
300 3983 404 4054 γὰρ
444 3986 505 4036 τὸ
532 3983 597 4047 ἐξ
624 3985 864 4037 ἐναντίου
893 3988 959 4055 τῇ
993 3986 1131 4037 κατά
1158 3986 1255 4055 τὴν
1286 3986 1483 4057 ἀρετὴν
1514 3989 1653 4040 ἀπα·

130 4071 219 4143 θεία
260 4076 563 4146 νοούμενον,
598 4077 802 4147 κυρίως
833 4078 1308 4148 προσαγορεύομεν
1354 4079 1551 4140 πάθος·
1595 4073 1654 4132 οὗ

129 4162 197 4213 καὶ
222 4166 270 4215 ὲν
294 4169 356 4237 τῇ
392 4166 649 4237 κοινωνίᾳ
685 4167 783 4237 τῆς
830 4169 1101 4238 ἡμετέρας
1144 4169 1355 4237 φύσεως
1393 4172 1655 4241 ἀμέτοχον

129 4252 350 4324 διαμεῖναι
393 4260 486 4312 τὸν
527 4259 630 4327 τὴν
670 4258 941 4329 σωτηρίαν
985 4261 1112 4329 ἡμῖν
1147 4260 1499 4330 χαριζόμενον
1556 4279 1653 4314 πε-

130 4349 474 4420 πιστεύκαμεν,
513 4350 609 4403 τὸν
664 4353 1095 4421 πεπειρασμένον
1132 4352 1271 4405 κατά
1309 4354 1483 4407 πάντα
1535 4353 1654 4406 καθ’

130 4439 372 4509 ὁμοιότητα
405 4445 580 4512 χωρὶς
617 4444 909 4512 ἁμαρτίας.
942 4443 1045 4495 ’1ὀῦ
1093 4444 1190 4513 μὲν
1223 4440 1314 4498 οὖν
1348 4444 1485 4498 κατά
1525 4446 1657 4516 ἀλή-

1760 3255 1851 3320 rit,
1891 3262 2147 3325 spectans
2175 3254 2262 3308 via
2294 3256 2729 3326 progredientem
2773 3258 2827 3311 in
2862 3258 3058 3315 ordine
3091 3260 3331 3330 quodam

1758 3354 1811 3397 et
1844 3345 2235 3399 consecutione
2257 3345 2615 3413 compositam
2643 3356 2914 3401 naturam.
2934 3347 3069 3403 Nam
3095 3350 3329 3407 elemen-

1760 3444 1940 3489 torum
1985 3436 2183 3491 diversi
2231 3438 2450 3505 generis
2499 3438 2643 3490 inter
2682 3453 2742 3492 se
2787 3440 3084 3495 concursio
3108 3439 3176 3494 ad
3206 3456 3334 3496 cor-

1760 3531 1910 3599 poris
1948 3529 2125 3584 nostri
2175 3530 2661 3589 constructionem.
2717 3530 3047 3599 compositio
3083 3531 3335 3602 quaedam

1759 3630 1845 3675 est
1883 3638 1949 3675 ex
1977 3622 2229 3690 pluribus
2272 3620 2637 3677 dissimilibus
2666 3631 3029 3692 congruenter
3074 3624 3329 3680 conﬂata.

1760 3711 2016 3767 Resoluta
2053 3716 2233 3765 autem
2263 3710 2610 3765 convenienti
2644 3719 2909 3781 tempore,
2950 3728 3073 3781 quae
3092 3713 3333 3769 elemen-

1761 3810 1941 3855 torum
1999 3814 2333 3854 coucursum
2398 3799 2691 3868 colligabat
2755 3800 3077 3865 harmonia;
3138 3815 3333 3854 rursus

1760 3893 2124 3960 compositum
2154 3891 2211 3943 in
2242 3905 2302 3943 ea
2335 3906 2401 3943 ex
2442 3890 2642 3959 quibus
2675 3889 2962 3943 constabat
2989 3889 3328 3945 dissolvitur.

1761 3980 1874 4035 Hoc
1918 3981 2082 4050 igitur
2120 3988 2329 4034 natura:
2380 3980 2564 4048 potius
2600 3994 2739 4048 opus
2787 3989 2871 4034 est
2920 3995 3082 4050 quam
3136 3980 3307 4043 πάθος

1763 4076 1815 4129 id
1858 4085 1943 4129 est
1997 4076 2201 4143 passio,
2255 4075 2369 4129 sive
2415 4074 2653 4127 affectio.
2691 4074 2878 4127 Solum
2908 4074 3051 4127 enim
3076 4074 3220 4143 quod
3262 4089 3330 4129 ex

1761 4168 2038 4221 contrario
2060 4168 2109 4220 ei
2132 4182 2253 4235 qum
2276 4164 2574 4220 secundum
2596 4165 2847 4219 virtutem
2872 4171 2977 4227 est,
3001 4166 3064 4235 τῇ
3081 4163 3329 4236 ἀληθείᾳ,

1762 4259 2182 4329 impassibilitati
2229 4258 2570 4326 intelligitur,
2623 4257 2844 4326 proprie
2895 4254 3326 4325 ni90;,passi0-

1762 4368 1886 4407 nem
1918 4366 2198 4415 vocamus,
2226 4352 2386 4421 cujus
2424 4350 2587 4405 etiam
2630 4350 2685 4404 in
2711 4347 3096 4404 communione
3130 4356 3331 4403 nostra:

1763 4453 1974 4497 natura:
2012 4450 2289 4511 expertem
2328 4441 2697 4511 permansisse
2726 4455 2850 4495 eum
2874 4440 3147 4509 quinobis
3181 4440 3330 4495 salu-

132 4528 248 4583 θειαν
269 4536 485 4598 πάθους,
517 4535 546 4586 ὅ
582 4535 949 4607 προαιρέσεώς
982 4538 1095 4588 ἐστι
1145 4537 1317 4600 νόσος,
1363 4540 1461 4591 οὐκ
1517 4540 1658 4592 ἐκοι-

1764 4542 1871 4589 tem
1902 4536 2260 4603 gratiﬁcatur,
2290 4533 2646 4595 credidimus,
2681 4532 2775 4602 qui
2806 4547 2903 4601 per
2930 4532 3111 4586 omnia
3136 4548 3331 4588 secun-

131 4622 358 4693 νώνησενο
421 4628 730 4696 Ἁμαρτίαν
778 4630 906 4697 γὰρ,
965 4628 1146 4699 φησίν,
1195 4632 1307 4683 οὐκ
1353 4632 1657 4699 ἐποίησεν,

131 4714 242 4767 οὐδὲ
272 4718 478 4787 εὑρέθη
534 4719 715 4783 δόλος
750 4720 819 4773 ἐν
865 4720 943 4785 τῷ
995 4723 1243 4790 στόματι
1286 4724 1471 4777 αὑτοῦ
1498 4741 1510 4753 ·
1553 4722 1662 4776 τῶν

132 4806 279 4878 δὲτῆς
323 4813 536 4880 φύσεως
579 4812 734 4883 ἡμῶν
786 4813 1110 4884 ἰδιωμάτων,
1154 4815 1189 4869 ὃ.
1219 4815 1304 4869 διά
1341 4834 1485 4879 τινος
1536 4834 1662 4869 συν-

132 4901 284 4968 ηθείας
316 4907 407 4958 καὶ
456 4908 842 4977 καταχρήσεως
874 4907 1175 4978 ὁμωνύμως
1214 4908 1426 4976 λέγεται
1471 4909 1613 4979 πάθη
1642 4947 1658 4972 ,

132 4991 297 5046 τούτων
335 5000 623 5068 μετασχεῖν
662 4998 1028 5069 ὁμολογοῦμεν
1077 5000 1167 5052 τὸν
1208 4999 1427 5072 Κύριον,
1472 5002 1662 5071 γεννήο

135 5096 261 5147 σεως,
304 5088 394 5140 καὶ
434 5089 661 5160 τροφῆς,
696 5090 789 5142 καὶ
822 5091 1123 5162 αὐξήσεως,
1158 5091 1325 5145 ὖπνου
1365 5109 1423 5143 τε
1454 5092 1545 5145 καὶ
1578 5091 1668 5144 κό-

136 5189 231 5233 πω,
260 5180 345 5230 καὶ
372 5180 470 5232 ὅσα
506 5180 639 5249 πρὸς
667 5181 765 5244 τὰς
794 5182 1107 5253 σωματικὰς
1138 5183 1432 5253 ἀχθηδόνας
1460 5184 1492 5253 ἡ
1520 5182 1666 5253 ψυχὴ

136 5266 341 5330 φυσικῶς
384 5270 813 5323 συνδιατίθεσθαι
861 5272 1091 5339 πέφυκε,
1140 5272 1239 5342 τὴν
1272 5273 1362 5326 τοῦ
1401 5273 1668 5333 ἐνδέοντος

138 5352 289 5419 Essem
332 5360 393 5413 ὲκ
427 5361 519 5413 τοῦ
555 5361 801 5432 σώματος
851 5363 939 5415 ἐπὶ
972 5363 1068 5434 τὴν
1109 5362 1283 5433 ψυχὴν
1308 5364 1406 5433 τῆς
1434 5363 1663 5431 ὀρέξεως

138 5446 486 5523 διατεινούσης,
521 5456 612 5506 καὶ
649 5454 825 5524 λύπης
860 5455 1129 5525 αἴσθησιν,
1162 5456 1255 5509 καὶ
1284 5455 1483 5509 δειλίαν
1528 5457 1662 5527 πρὸς

141 5537 353 5608 θάνατον,
381 5546 477 5597 καὶ
504 5547 599 5599 ὅσα
621 5546 861 5612 τοιαῦτα,
884 5547 1020 5619 πλὴν
1046 5550 1093 5599 εί
1126 5549 1199 5618 μή
1234 5566 1285 5600 τι
1321 5547 1452 5619 πρὸς
1480 5549 1663 5619 ἀμαρ-

140 5628 237 5694 τίας
262 5635 566 5690 ἀκολουθίαν
585 5638 759 5707 φέρει.
787 5639 993 5708 Ὥσπερ
1019 5638 1193 5691 τοίνυν
1212 5639 1309 5703 τὴν
1339 5638 1425 5692 διά
1450 5640 1659 5695 πάντων

202 5813 243 5845 ⁸⁸
276 5814 401 5873 Joau
460 5837 562 5881 xiv.
594 5824 649 5877 9.
763 5826 803 5855 ¹⁷
849 5822 1007 5878 Hrbr.
1046 5840 1115 5889 Iv,
1166 5824 1244 5877 15.

1764 4626 1893 4681 dum
1917 4623 2332 4679 similitudinem
2357 4631 2600 4678 tentatus
2635 4633 2740 4688 est,
2776 4624 2984 4693 absque
3014 4634 3236 4693 peccato
3263 4626 3327 4678 ν’.

1765 4716 1897 4787 Ejus
1938 4717 2107 4788 igitur
2136 4718 2228 4786 qui
2258 4733 2384 4771 vere
2421 4724 2506 4771 est
2536 4715 2783 4776 affectus,
2815 4717 2907 4786 qui
2938 4716 3156 4785 quidem
3186 4732 3328 4771 mor-

1765 4808 1871 4864 bus
1899 4815 1983 4862 est
2012 4808 2299 4862 electionis
2326 4809 2441 4863 sive
2464 4806 2706 4869 consilii,
2739 4822 2845 4860 non
2885 4808 3157 4876 particeps
3190 4807 3289 4859 fuit
3314 4824 3329 4859 :

1770 4900 2050 4956 Peccatum
2081 4902 2220 4953 enim
2269 4899 2488 4969 (inquit)
2531 4916 2631 4952 non
2665 4900 2804 4965 fecit,
2866 4914 2954 4951 nec
2993 4899 3048 4950 in
3096 4913 3184 4951 ore
3215 4897 3329 4965 ejus

1765 4992 1919 5046 dolus
1953 4992 2191 5045 inventus
2224 5001 2300 5044 est
2331 4991 2374 5022 ’⁸
2403 5010 2415 5045 :
2459 4995 2850 5060 proprietatum
2884 4996 3066 5043 autem
3096 4995 3326 5052 naturae,

1765 5098 1887 5155 quae
1954 5099 2051 5153 per
2101 5085 2338 5153 aliquam
2398 5082 2847 5139 consuetudinem
2907 5088 2961 5137 et
3012 5082 3331 5138 abusionem

1764 5178 2042 5246 :equivoce
2074 5175 2333 5230 dicuntur
2365 5175 2534 5245 πάθη,
2568 5176 2621 5228 id
2652 5182 2759 5238 est,
2798 5174 3103 5242 passiones:
3134 5174 3330 5228 harqu

1768 5269 2085 5340 participem
2132 5266 2304 5322 fuisse
2352 5266 2640 5321 Dominum
2685 5266 3029 5327 conﬁtemur,
3072 5272 3132 5317 ut
3170 5280 3333 5335 gene-

1769 5363 2022 5423 rationis,
2062 5360 2399 5423 nutritionis,
2427 5358 2776 5420 accretionis,
2810 5359 3100 5427 somnique
3133 5368 3186 5413 et
3226 5359 3335 5413 las-

1769 5452 2051 5515 situdiuis,
2090 5459 2144 5506 et
2176 5452 2407 5506 aliorum
2448 5450 2646 5522 quibus
2678 5449 3004 5503 naturaliter
3040 5450 3223 5503 anima
3264 5451 3333 5505 ad

1768 5561 2062 5616 corporeas
2115 5544 2399 5600 molestias
2447 5552 2501 5599 et
2553 5544 2771 5598 dolores
2820 5543 2960 5597 solet
3005 5541 3167 5607 allici,
3210 5542 3333 5611 ejus

1768 5639 1909 5709 quod
1958 5654 2095 5708 opus
2124 5647 2208 5693 est
2242 5636 2592 5702 desiderium,
2617 5650 2681 5691 ex
2712 5649 2940 5705 corpore
2982 5636 3047 5689 ad
3088 5636 3330 5690 animam

1325 5822 1367 5853 ⁸⁸
1406 5821 1421 5874 l
1448 5821 1588 5877 Prtr.
1624 5836 1684 5887 ιι,
1707 5820 1808 5887 22;
1846 5823 1949 5877 lsa.
1978 5838 2092 5890 Lm,
2121 5822 2169 5875 Ω.
