3922 6450
607 363 710 417 723

1864 373 1921 428 S.
1962 372 2283 430 GRECORII
2316 375 2606 432 NYSSENI
3684 394 3761 451 79;

603 471 841 543 appetitu
884 452 1231 540 extendente,
1268 483 1321 531 et
1364 478 1567 535 doloris
1599 496 1820 538 sensum
1868 493 1923 538 et
1952 485 2154 539 timidi-

2268 487 2418 541 ιύτοῦ
2464 488 2751 558 διήκουσαν
2790 486 3014 558 δύναμιν
3059 488 3457 556 κατανοοῦντες,
3496 496 3552 547 ἐν
3590 499 3767 576 ούρανῴ

601 569 767 617 tatem
802 562 868 616 ad
903 573 1160 628 mortem.
1192 576 1246 621 et
1281 583 1619 640 quaecunque
1643 571 1933 636 ejusmodi,
1965 585 2159 644 prmter

604 653 656 706 id
705 654 851 722 quod
906 655 972 709 ad
1027 658 1232 726 peccati
1293 662 1735 716 consecutionem
1799 664 1919 719 fert.
1966 669 2160 732 Quem-

603 741 894 797 admodum
928 744 1092 815 igitur
1121 746 1291 816 ipsius
1342 749 1590 805 virtutem
1639 768 1733 822 per
1782 758 1959 809 omnia
2002 773 2160 825 pene-

603 841 833 888 trantem
881 839 1063 891 animo
1132 842 1673 909 comprehendentes,
1723 846 1775 899 in
1832 848 1971 904 caelo
2009 858 2062 904 et
2104 850 2159 905 in

604 940 749 988 aere,
790 936 844 979 et
891 934 1055 992 terra,
1099 940 1151 984 et
1191 932 1350 994 mari,
1390 942 1443 989 et
1499 934 1542 989 si
1597 936 1727 1005 quid
1775 935 2161 1007 supercmleste

605 1024 659 1070 et
697 1019 1130 1084 subterraneum,
1161 1023 1383 1092 ubique,
1420 1033 1471 1079 et
1502 1042 1597 1096 per
1624 1029 1804 1083 omnia
1836 1031 2010 1100 ipSum
2041 1048 2162 1087 esse

604 1108 903 1173 credimus,
946 1112 1080 1165 nihil
1132 1121 1310 1167 autem
1352 1131 1541 1172 eorum
1572 1119 1623 1172 in
1661 1121 1858 1189 quibus
1888 1130 1971 1176 est
2010 1124 2160 1177 illum

603 1213 726 1254 esse
769 1200 1022 1256 dicimus.
1075 1202 1190 1257 Non
1230 1208 1373 1259 enim
1411 1210 1608 1262 emlum
1658 1221 1741 1265 est
1774 1212 1819 1266 is
1858 1214 1949 1283 qui
1985 1214 2160 1285 ipsum

604 1292 783 1361 palmo
810 1293 1127 1349 continente
1160 1297 1470 1353 universum
1500 1302 1820 1373 complexus
1843 1314 1962 1370 est;
1990 1321 2164 1376 neque

601 1390 767 1446 terra,
816 1384 906 1452 qui
956 1388 1200 1443 continet
1248 1384 1460 1459 gyrum,
1510 1393 1625 1448 sive
1674 1396 1933 1450 ambitum
1982 1406 2161 1463 terrae,

601 1489 776 1543 neque
807 1491 999 1532 rursus
1032 1493 1193 1547 aqua,
1224 1480 1319 1549 qui
1344 1482 1624 1537 humidam
1653 1488 2036 1557 complectitur
2067 1505 2164 1543 na-

600 1573 811 1633 turam;
874 1568 954 1621 sic
1006 1584 1180 1639 neque
1228 1587 1321 1640 per
1383 1572 1557 1628 dictas
1612 1578 1793 1631 carnis
1845 1578 2164 1635 all‘ectiones

599 1657 903 1713 venientem
923 1661 1097 1729 ipsum
1121 1661 1405 1719 affectibus
1425 1665 1719 1720 obnoxium
1742 1683 1866 1724 esse
1887 1671 2123 1725 dicimus
2148 1692 2160 1725 :

600 1749 694 1804 sed
724 1758 781 1804 ut
810 1766 996 1805 eorum
1032 1769 1152 1823 qua:
1177 1764 1303 1809 sunt
1337 1766 1614 1814 auctorem
1654 1767 1708 1814 et
1747 1762 1986 1817 universi
2016 1779 2164 1817 com-

602 1842 1012 1910 prehensorem.
1040 1854 1201 1913 atque
1232 1846 1490 1903 ineli‘abili
1518 1852 1756 1918 potentia
1786 1853 2019 1923 pr0prize
2050 1872 2163 1909 ma-
2194 1824 2235 1879 Β

602 1932 926 2001 gniﬁcentize
945 1935 1208 2004 quidquid
1236 1947 1483 1993 movetur
1504 1941 1916 2011 gubernantem,
1944 1958 1997 2001 et
2018 1948 2161 2017 quod
2190 2013 2195 2019 ι

602 2031 709 2081 stat
756 2024 806 2078 in
861 2025 963 2079 lixa
1016 2028 1307 2099 stabilique
1352 2030 1467 2087 basi
1520 2047 1954 2093 conservantem.
1990 2039 2165 2109 Atque

600 2114 658 2171 in
700 2116 859 2171 nobis
906 2125 1092 2175 uatum
1140 2135 1265 2174 esse
1322 2121 1557 2178 dicimus
1589 2125 1656 2178 ad
1688 2127 1990 2183 sanandum
2036 2147 2163 2200 pec-

602 2207 708 2261 cati
736 2209 1010 2275 morbum,
1035 2212 1302 2267 concinne
1323 2223 1789 2287 congruenterque
1809 2220 2020 2275 aﬂectui
2052 2223 2165 2278 sive

601 2299 843 2366 passioni
889 2302 1172 2357 medicina;
1213 2305 1505 2369 ellicaciam
1541 2310 2075 2378 accommodantem;
2107 2322 2165 2367 ut

602 2398 825 2443 noverat
844 2388 1094 2444 conferre
1123 2394 1257 2460 parti
1290 2404 1551 2451 creatum
1578 2400 1885 2467 aegrotanti,
1911 2401 1991 2456 sic
2014 2418 2167 2457 sana-

603 2474 800 2531 tionem
824 2477 1187 2535 inducentem.
1213 2482 1563 2541 Conducebat
1583 2499 1761 2544 autem
1794 2492 1873 2546 sic
1901 2500 2045 2548 tactu
2078 2512 2169 2550 cu‘

603 2568 714 2621 rari
747 2567 995 2623 aﬂectum
1028 2572 1164 2641 ejus.
1198 2576 1283 2628 cui
1312 2592 1445 2629 cura
1492 2588 1543 2632 et
1578 2581 1845 2636 medicina
1876 2585 2169 2641 adhibeba-

599 2664 710 2715 tur.
740 2654 855 2715 Non
878 2666 1055 2723 tamen
1084 2666 1340 2732 quoniam
1370 2667 1735 2727 inﬁrmitatem
1760 2682 1935 2735 curat,
1961 2676 2166 2731 ideirco

600 2745 716 2814 ipse
747 2748 936 2801 morbo
982 2760 1035 2805 et
1074 2756 1313 2828 passioni
1357 2757 1623 2816 obnoxius
1676 2763 1843 2819 fuisse
1892 2768 2167 2835 putandus

598 2847 703 2899 est,
730 2837 913 2909 Neque
945 2843 1087 2899 enim
1115 2845 1181 2900 de
1204 2846 1513 2906 hominibus
1540 2853 1648 2907 tale
1686 2855 1810 2923 quid
1842 2856 2022 2912 dicere
2040 2874 2168 2913 con-

601 2931 829 2986 suetudo
880 2935 1162 3003 permittit.
1221 2940 1323 3005 Qui
1372 2945 1514 2997 enim
1544 2955 1801 3012 aegrotum
1862 2951 2055 3017 tangit,
2112 2960 2169 3004 ut

600 3034 774 3087 curet,
806 3039 913 3078 non
942 3041 1063 3082 eum
1095 3029 1267 3083 morbi
1300 3033 1614 3101 participem
1638 3050 1758 3091 esse
1786 3037 2038 3104 dietmus,
2074 3042 2167 3096 sed

2260 599 2315 634 τε
2348 582 2441 635 καὶ
2471 581 2611 650 ἀέρι,
2648 582 2737 634 καὶ
2776 584 2869 653 γῇ,
2915 583 3008 636 καὶ
3050 582 3309 655 θαλάσσῃ,
3342 586 3433 638 καὶ
3463 587 3514 639 εῐ
3545 606 3593 641 τι
3631 594 3763 647 smu-

2260 673 2460 745 ράνιον,
2494 677 2586 727 καὶ
2614 674 2667 726 εἷ
2691 692 2742 727 τι
2772 674 3140 744 καταχθόνιον,
3182 677 3451 746 πανταχοῦ
3481 680 3571 749 μὲν
3596 684 3675 737 καὶ
3697 686 3767 742 διὰ

2260 766 2475 819 πάντων
2503 766 2663 819 αύτὸν
2688 762 2825 817 εἶναι
2851 765 3196 835 πιστεύομεν,
3227 768 3377 820 οὐδὲν
3401 769 3455 821 δὲ
3482 773 3663 825 τούτων
3684 778 3771 829 τῶν

2260 859 2318 909 ἐν
2358 850 2402 925 ᾧ
2448 859 2612 921 ἐστιν,
2652 856 2856 909 ἐκεῖνον
2900 852 3037 909 εἷναί
3083 874 3280 927 φαμεν.
3332 859 3406 911 Ού
3441 859 3543 931 γάρ
3586 864 3769 934 οὐρανός

2262 944 2397 1006 ἐστι,
2428 943 2711 1014 διειληφὼς
2746 945 2904 1003 αὐτὸν
2940 949 3005 1016 τῇ
3037 952 3459 1019 περικρατητικῇ
3489 950 3575 1002 τοῦ
3611 957 3770 1019 παντὸς

2262 1036 2528 1109 σπιθαμῇ,
2564 1038 2684 1090 οὐδὲ
2717 1037 2809 1107 γῆ,
2862 1040 2888 1090 6
2939 1039 3186 1103 κατέχων
3220 1039 3310 1092 τὸν
3336 1040 3498 1107 γύοον
3537 1042 3627 1113 τῆς
3660 1047 3768 1117 γῆς·

2260 1127 2380 1180 οῦδέ
2411 1128 2551 1198 ὕδωρ
2573 1127 2793 1192 πάλιν,ὁ
2826 1126 2922 1198 τὴν
2951 1128 3121 1199 ὑγρὰν
3149 1129 3412 1200 περιέχων
3436 1130 3587 1199 φύσιν
3605 1149 3619 1164 ο
3637 1134 3778 1200 οὕτως

2261 1217 2381 1270 οὐδὲ
2436 1217 2524 1270 διὰ
2574 1217 2681 1271 τῶν
2729 1217 3035 1288 λεγομένων
3093 1219 3191 1289 τῆς
3243 1220 3441 1291 σαρκὸς
3486 1221 3774 1292 παθημάτων

2262 1307 2500 1369 ἐλθόντα,
2533 1308 2749 1378 ἐμπαθῆ
2780 1310 2939 1361 αὑτὸν
2974 1303 3111 1363 εἷναί
3158 1327 3358 1380 φαμεν.
3420 1312 3550 1364 Ἀλλ’
3588 1312 3655 1375 ὡς
3694 1317 3777 1369 τῶν

2263 1399 2427 1451 όντων
2469 1399 2658 1465 αἴτιον,
2707 1400 2800 1453 καὶ
2838 1398 2931 1452 τοῦ
2966 1400 3164 1463 παντὸς
3196 1401 3682 1472 περιδεδραγμένον,
3707 1410 3780 1460 καὶ

2262 1493 2327 1559 τῇ
2372 1491 2632 1561 ἀφράστῳ
2667 1490 2890 1561 δυνάμει
2936 1491 3039 1559 τῆς
3074 1491 3208 1555 ίδίας
3259 1492 3669 1564 μεγαλειότητος,
3695 1497 3781 1548 πᾶν

2264 1581 2324 1633 τό
2352 1598 2411 1634 τε
2446 1580 2756 1651 κινούμενον
2781 1581 3107 1647 οίακίζοντα,
3142 1584 3321 1636 καὶτὸ
3361 1584 3527 1648 ὲστὼς
3554 1588 3605 1638 ἐν
3636 1590 3783 1658 παγίῳ

2268 1673 2628 1745 συντηροῦντα
2654 1676 2719 1745 τῇ
2771 1674 2943 1743 βάσει,
2977 1675 3071 1728 καὶ
3117 1676 3173 1729 ἐν
3212 1677 3343 1746 ἡμῖν
3373 1678 3677 1747 γεγενῆσθαί
3701 1697 3780 1747 φα-

2269 1785 2367 1837 μεν
2408 1767 2499 1819 ἐπὶ
2553 1765 2815 1839 θεραπείᾳ
2857 1767 2955 1838 τῆς
2996 1768 3136 1821 κατὰ
3182 1769 3280 1839 τὴν
3334 1770 3594 1839 ἁμαρτίαν
3640 1770 3781 1835 νόσου,

2264 1859 2610 1930 καταλλήλως
2653 1858 2731 1930 τῷ
2778 1861 2937 1914 πάθει
2981 1860 3079 1931 τὴν
3115 1859 3394 1931 ἐνέργειαν
3449 1861 3541 1929 τῆς
3581 1864 3781 1933 ἰατρικῆς

2264 1948 2661 2019 ἁρμοσάμενον.
2711 1950 2786 2013 ὼς
2835 1950 2949 2021 ᾔδει
2999 1950 3293 2021 συμφέρειν
3342 1951 3420 2021 τῷ
3463 1952 3781 2022 ἅρῤωστοῦντι

2266 2039 2421 2110 μέρει
2466 2040 2567 2110 τῆς
2616 2039 2864 2103 κτίσεως,
2904 2039 3075 2103 οῦτως
3122 2039 3471 2107 ἐπαγαγόντα
3517 2042 3608 2111 τὴν
3644 2042 3780 2094 ἴασιν*

2267 2130 2523 2202 συνέφερε
2563 2132 2618 2184 δὲ
2665 2133 2730 2202 τῇ
2771 2132 2951 2201 ἐπαφῇ
2990 2130 3051 2182 τὸ
3079 2130 3247 2193 πάθος
3279 2131 3526 2187 ἰάσασθαι
3564 2130 3783 2185 οὕτωκαὶ

2269 2223 2573 2294 ἰασάμενον.
2612 2224 2685 2276 Ub
2720 2221 2825 2293 μὴν
2854 2222 3037 2293 ἐπειδὴ
3087 2222 3325 2293 ίατρεύει
3362 2224 3461 2294 τὴν
3502 2224 3781 2294 ἀρρωστίαν,

2264 2314 2350 2367 διὰ
2382 2313 2536 2365 τοῦτο
2561 2314 2652 2366 καὶ
2680 2314 2841 2376 αὐτὸς
2889 2313 3140 2385 ἐμπαθὴς
3179 2313 3503 2384 γεγενῆσθαι
3533 2316 3780 2384 νομίζεται.

2266 2403 2397 2456 Οὐδὲ
2432 2404 2538 2473 γὰρ
2581 2403 2672 2455 ἐπὶ
2715 2403 2822 2457 τῶν
2866 2402 3167 2475 ἀνθρώπων
3194 2404 3254 2457 τὸ
3282 2404 3524 2461 τοιοῦτον
3575 2404 3725 2473 λέγειν
3758 2406 3782 2473 ἡ

2270 2493 2519 2564 συνήθεια
2550 2493 2749 2547 δίδωσι.
2806 2493 2908 2547 Τὸν
2949 2494 3056 2566 γὰρ
3104 2494 3506 2564 θεραπευτικῶς
3536 2495 3785 2565 ἁπτόμενον

2265 2586 2357 2639 τοῦ
2400 2587 2766 2655 νενοσηκότος,
2801 2588 2899 2640 οὐκ
2925 2587 3083 2640 αὐτὸν
3111 2587 3358 2657 μετέχειν
3392 2587 3487 2657 τῆς
3520 2588 3780 2659 ἀρρωστίας

2267 2678 2465 2747 φαμὲν,
2514 2676 2650 2731 ἀλλὰ
2700 2678 2794 2731 καὶ
2843 2678 2920 2747 τῷ
2970 2677 3207 2731 νοσοῦντι
3253 2678 3561 2749 χαρίζεσθαι
3607 2680 3689 2749 τὴν
3727 2682 3785 2741 εἰς

2268 2768 2476 2837 ὑγίειαν
2506 2768 2780 2832 ἐπάνοδον,
2822 2769 2913 2821 καλ⁸
2969 2769 3042 2839 μὴ
3096 2770 3345 2840 μετέχειν
3392 2770 3490 2839 τῆς
3531 2770 3784 2841 ἀρρωστίας

2269 2859 2465 2927 φαμέν
2503 2858 2620 2911 ούδέ
2650 2857 2761 2928 γὰρ
2803 2858 3012 2911 ἐκείνου
3056 2859 3114 2911 τὸ
3142 2859 3337 2926 πάθος,
3364 2858 3494 2915 ἀλλὰ
3517 2860 3575 2914 τὸ
3599 2858 3784 2927 ἔμπαλιν

2268 2951 2469 3013 ἐκεῖνος
2488 2950 2588 3004 τοῦ
2617 2951 3041 3021 ἀρῤωστήματος
3075 2951 3328 3005 ἅπτεται.
3364 2952 3427 3006 Εἰ
3456 2948 3543 3007 οὖν
3568 2955 3595 3006 ὁ
3618 2952 3691 3004 διὰ
3712 2950 3785 3019 τῆς

2268 3040 2459 3109 τέχνης
2506 3040 2707 3108 ἀγαθόν
2750 3058 2799 3092 τι
2841 3043 2953 3103 τοῖς
3006 3039 3249 3109 σώμασιν
3283 3042 3538 3113 ἐνεργῶν,
3569 3042 3673 3111 οὐχὶ
3708 3058 3783 3092 vm-

598 3116 885 3184 mgrotanti
928 3118 1219 3188 gratificari
1258 3130 1311 3176 et
1346 3123 1637 3180 liberaliter
1667 3128 1731 3181 ad
1772 3132 2057 3191 sanitatem
2084 3150 2167 3189 re-

2272 3130 2399 3201 θρός
2439 3148 2496 3183 τε
2549 3132 2640 3186 καὶ
2689 3131 2987 3205 ἄρρωστος,
3023 3132 3158 3185 ἀλλὰ
3203 3133 3575 3206 φιλάνθρωπός
3617 3150 3667 3187 τε
3710 3132 3782 3184 καὶ

600 3204 770 3261 ditum
798 3209 1057 3275 praebere,
1096 3226 1204 3267 non
1253 3221 1430 3268 autem
1476 3219 1648 3272 morbi
1693 3222 2008 3292 participem
2053 3241 2177 3281 esse

600 3296 856 3365 dicimus,
891 3316 1063 3371 neque
1096 3305 1239 3357 enim
1266 3305 1417 3359 illum
1444 3308 1691 3375 all‘ectus,
1729 3314 1821 3367 sed
1861 3322 2047 3369 contra
2087 3318 2176 3372 ille

600 3387 851 3447 morbum
879 3392 1092 3471 tangit;
1123 3395 1170 3448 si
1200 3395 1366 3465 igitur
1391 3400 1482 3468 qui
1526 3417 1618 3470 per
1648 3415 1817 3458 artem
1848 3410 2175 3477 corporibus

601 3477 805 3539 bonum
835 3482 1051 3551 aliquod
1083 3494 1361 3554 Operatur,
1391 3505 1499 3545 non
1526 3492 1809 3561 languidus
1832 3506 1887 3552 et
1910 3508 2169 3569 tegrotus,

600 3568 699 3623 sed
729 3570 1020 3640 humanus,
1053 3586 1107 3631 et
1131 3577 1468 3643 benefactor,
1501 3590 1555 3636 et
1581 3583 1633 3637 id
1665 3602 1835 3654 genus
1864 3568 2174 3647 nominibus

602 3663 934 3731 appellatur:
969 3682 1066 3721 cur
1105 3677 1161 3722 ut
1190 3670 1468 3736 humilem.
1505 3674 1765 3744 ahjectam
1805 3690 1853 3735 et
1886 3680 2173 3749 ignobilem

602 3752 749 3812 circa
789 3770 887 3810 nos
928 3756 1387 3828 dispensationem
1440 3766 1849 3831 calumniantes,
1899 3786 1995 3841 per
2036 3772 2174 3827 hanc

601 3856 849 3915 prompte
879 3846 996 3902 Filii
1035 3853 1325 3909 essentiam
1358 3854 1696 3913 imminutam
1730 3875 1852 3916 esse
1899 3872 2173 3932 astruunt,

601 3939 743 4006 quod
794 3938 973 4001 Patris
1010 3945 1231 4014 quidam
1278 3956 1468 4004 natura
1512 3952 1583 4006 sit
1628 3956 2069 4023 perpessionibus
2120 3968 2176 4014 et

602 4028 977 4089 aitet-tionibus
1028 4038 1298 4105 superior,
1344 4038 1615 4112 Unigeniti
1667 4061 1796 4100 vero
1840 4062 1869 4100 a
1922 4050 2173 4118 passione

602 4137 710 4189 non
745 4124 916 4178 libera
940 4135 995 4179 et
1027 4130 1277 4197 pura?Si
1307 4134 1450 4186 enim
1500 4148 1700 4204 scopus
1751 4137 2173 4206 dispensationis

602 4227 698 4282 per
729 4229 971 4279 carnem,
1018 4234 1125 4273 non
1157 4229 1214 4273 ut
1248 4220 1507 4279 Dominus
1540 4229 1981 4296 perpessionibus
2020 4232 2174 4288 ﬁeret

601 4305 893 4370 obnoxius,
929 4309 1023 4363 sed
1059 4319 1116 4365 ut
1149 4313 1369 4368 humani
1407 4319 1623 4385 generis
1666 4331 1876 4375 amator
1916 4331 1969 4377 et
2008 4324 2173 4381 bene.

601 4394 759 4451 volus
788 4398 1203 4469 ostenderetur;
1251 4404 1516 4475 benignus
1548 4417 1728 4462 autem
1776 4420 1831 4465 et
1878 4414 2171 4471 benevolus

2276 3223 2584 3292 εὐεργέτης,
2637 3222 2731 3277 καὶ
2781 3223 2880 3274 ὃσα
2910 3222 3132 3277 τοιαῦτα
3164 3226 3611 3296 κατονομάζεται·
3651 3224 3693 3277 τί
3728 3223 3784 3284 ὡς

2274 3312 2526 3364 ταπεινόν
2552 3329 2609 3365 τε
2655 3314 2747 3373 καὶ
2794 3312 2977 3376 ἄδοξον
3021 3312 3118 3383 τὴν
3170 3314 3301 3384 περὶ
3349 3317 3491 3385 ἡμᾶς
3531 3314 3785 3383 οἰκονομίαν

2274 3401 2664 3465 διαϐάλλοντες,
2711 3401 2796 3455 διά
2826 3401 3025 3473 ταύτης
3053 3402 3114 3454 τὸ
3146 3403 3436 3474 πρόχειρον
3466 3402 3789 3475 παρηλλάχθαι

2274 3492 2364 3546 τοῦ
2401 3493 2528 3546 Υἱοῦ
2576 3494 2671 3565 τὴν
2710 3494 2895 3549 οὐσίαν
2945 3495 3458 3560 κατασκευάζουσιν,
3502 3496 3573 3560 ὡς
3598 3497 3681 3566 τῆς
3712 3493 3788 3547 τοῦ

2275 3584 2486 3655 Πατρὸς
2534 3586 2629 3655 μὲν
2660 3585 2870 3654 φύσεως
2906 3585 3181 3656 άνωτέρας
3227 3587 3340 3640 τῶν
3381 3587 3690 3658 παθημάτων
3717 3583 3786 3638 οὖν

2276 3694 2394 3749 σης,
2429 3679 2526 3748 τῆς
2567 3678 2624 3731 δέ
2670 3678 2764 3730 τοῦ
2807 3678 3142 3749 Μονογενοῦς
3183 3680 3244 3733 ού
3286 3681 3675 3753 καθαρευούσης
3713 3677 3785 3731 τοῦ

2274 3770 2497 3833 πάθους;
2524 3770 2586 3831 Ei
2615 3770 2722 3840 γάρ
2751 3772 2779 3823 6
2811 3770 3006 3833 σκοπὸς
3034 3771 3130 3841 τῆς
3158 3770 3245 3824 διὰ
3276 3772 3479 3843 σαρκὸς
3507 3769 3783 3833 οίκονομίας,

2273 3861 2334 3912 ού
2379 3859 2439 3911 τδ
2468 3857 2686 3927 ἐμπαθῆ
2723 3857 2970 3925 γενέσθαι
2998 3856 3087 3911 τὸν
3128 3857 3353 3928 Κύριον,
3386 3858 3517 3912 ἀλλὰ
3558 3857 3613 3910 τὸ
3638 3854 3784 3925 φιλάνο

2275 3950 2487 4021 θρωπον
2526 3949 2921 4018 ἐπιδειχθῆναι·
2953 3949 3332 4021 φιλάνθρωπος
3369 3950 3425 4003 δὲ
3468 3948 3555 4003 καὶ
3583 3952 3608 4001 ὁ
3635 3946 3783 4014 Πατὴρ

2275 4040 2411 4096 εἶναι
2440 4044 2537 4099 οὐκ
2566 4042 2980 4110 ἀμφιϐάλλεται·
3006 4042 3064 4093 ἐν
3091 4044 3201 4104 τοῖς
3236 4041 3420 4104 αὐτοῖς
3450 4041 3587 4093 ἐστιν
3613 4038 3704 4107 ἄρα
3726 4034 3783 4104 τῷ

2274 4135 2388 4205 Υἱῷ
2413 4136 2441 4190 6
2470 4134 2675 4204 Πατὴρ,
2704 4134 2751 4185 εί
2782 4132 2915 4201 πρὸς
2944 4132 3033 4185 τὸν
3067 4132 3264 4191 σκοπόν
3287 4149 3373 4194 τις
3399 4132 3563 4184 ἐθέλοι
3589 4128 3780 4199 βλέπειν.

2274 4230 2336 4281 Ei
2359 4228 2415 4282 δέ
2440 4228 2535 4295 οὐχ
2576 4228 2603 4277 6
2636 4224 2818 4294 Πατὴρ
2858 4224 3126 4293 ἐνήργησε
3153 4221 3248 4293 τὴν
3278 4222 3374 4276 τοῦ
3417 4221 3629 4276 θανάτου
3654 4216 3782 4271 κατά-

2272 4322 2443 4385 λυσιν,
2474 4318 2756 4388 θαυμάσῃς
2794 4315 2979 4386 μηδέν.
3012 4316 3120 4369 Καὶ
3159 4316 3264 4386 γὰρ
3288 4316 3384 4373 καὶ
3407 4316 3501 4385 τὴν
3530 4312 3684 4384 κρίσιν
3705 4310 3783 4360 πᾶ-

2276 4429 2374 4465 σαν
2400 4412 2565 4471 ἔδωκε
2584 4408 2660 4479 τῷ
2693 4406 2821 4476 Υίῷ,
2850 4405 3009 4469 αὐτὸς
3047 4405 3242 4476 κρίνων
3279 4405 3489 4467 οὐδένα,
3529 4406 3583 4457 ού
3620 4401 3685 4471 τῷ
3725 4398 3782 4467 μὴ

600 4500 728 4555 erga
772 4488 1069 4547 humanum
1099 4508 1269 4563 genus
1318 4496 1475 4555 Pater
1515 4514 1638 4555 esse
1687 4517 1794 4563 non
1840 4505 2166 4577 ambigitur:

2273 4500 2529 4566 δύνασθαι
2578 4498 2610 4567 ἢ
2668 4496 2835 4560 σῶσαι
2884 4495 2974 4549 τὸν
3024 4494 3387 4565 ἀπολόμενον,
3436 4498 3468 4565 ἢ
3512 4497 3671 4565 κρῖναι
3712 4490 3781 4540 τὸν

601 4572 657 4627 in
703 4575 893 4633 iisdem
929 4578 1094 4649 igitur
1133 4592 1217 4638 est
1266 4583 1425 4640 Pater
1465 4603 1587 4649 cum
1635 4589 1806 4649 Filio:
1844 4594 1902 4654 si.
1928 4572 2051 4665 quis
2102 4599 2167 4653 ad

599 4678 824 4733 scopum
856 4670 984 4731 velit
1025 4682 1294 4739 spectare,
1350 4678 1503 4745 Quod
1552 4680 1595 4733 si
1630 4679 1789 4740 Pater
1832 4688 2020 4747 mortis
2059 4688 2165 4745 dis-

599 4757 929 4815 solutionem
958 4779 1066 4825 non
1097 4776 1350 4833 Operatns
1376 4779 1479 4833 cst,
1511 4773 1646 4827 nihil
1679 4776 1916 4833 mireris.
1948 4779 2161 4835 Etenim

598 4849 763 4903 etiam
811 4866 970 4915 omne
1011 4856 1277 4923 judicium
1328 4860 1475 4919 dedit
1524 4860 1683 4928 Filio,
1732 4868 1848 4937 ipse
1895 4871 2164 4926 neminem

494 4930 503 4958 έ
596 4940 850 5013 judicans
882 4946 945 5011 ",
974 4962 1082 5005 non
1104 4950 1248 5018 quod
1280 4967 1388 5013 non
1435 4956 1606 5022 possit
1640 4958 1722 5017 vel
1752 4930 1988 5021 Iservare
2024 4964 2168 5030 quod

598 5033 866 5102 perierat,
919 5038 1003 5092 vel
1052 5039 1297 5107 judicare
1349 5060 1471 5103 eum
1536 5049 1628 5115 qui
1681 5062 2020 5116 peccaverat,
2078 5071 2171 5124 per

598 5122 791 5178 Filium
826 5127 937 5183 haec
979 5130 1206 5197 faciens,
1238 5137 1331 5187 sed
1372 5141 1498 5205 quia
1544 5154 1638 5213 per
1673 5156 1823 5198 suam
1871 5122 2165 5211 potentiam

597 5230 694 5283 per
732 5234 894 5286 quam
940 5223 1123 5275 omnia
1164 5234 1441 5293 Operatnr.
1474 5228 1585 5282 haec
1632 5231 1793 5289 etiam
1827 5232 2022 5300 faciat;
2074 5250 2167 5304 pu-

597 5310 765 5362 tentia
792 5323 967 5366 autcm
997 5313 1176 5370 Patris
1199 5328 1281 5371 est
1306 5317 1500 5374 Filius.
1525 5322 1701 5386 Quare
1728 5325 1816 5389 qui
1844 5341 1938 5393 per
1967 5324 2160 5379 Filimn

599 5402 735 5459 salvi
772 5402 896 5457 lacti
940 5416 1089 5467 sunt,
1144 5410 1378 5476 potentia
1428 5409 1609 5475 Patris
1656 5415 1852 5473 servati
1898 5427 2045 5471 sunt.
2097 5418 2162 5471 Et

598 5493 690 5565 qui
736 5493 802 5545 ab
845 5496 943 5549 huc
991 5498 1325 5565 judicantur,
1372 5500 1462 5555 Dei
1505 5503 1717 5571 justitia
1746 5507 2004 5574 judicium
2030 5510 2161 5571 sub-

599 5593 748 5641 cunt.
799 5584 1049 5641 Christus
1103 5591 1247 5647 enim
1297 5602 1379 5649 est
1435 5593 1527 5649 Dei
1593 5596 1825 5666 justitia,
1872 5616 1991 5670 quae
2068 5617 2161 5672 per

674 5764 716 5809 εν
754 5763 908 5829 Joau.
947 5785 995 5837 v,
1020 5769 1107 5825 22.

2271 4594 2679 4665 άμαρτήσᾳντα.
2726 4589 2815 4643 διὰ
2860 4587 2952 4641 τοῦ
2993 4586 3118 4640 Υἱοῦ
3149 4587 3321 4641 ταῦτα
3363 4588 3556 4650 ποιῶν,
3587 4584 3699 4638 ἀλλὰ
3724 4579 3780 4650 τῷ

2268 4687 2355 4739 διὰ
2379 4685 2477 4754 τῆς
2509 4683 2642 4744 ἰδίας
2670 4680 2969 4750 δυνάμεως,
3014 4680 3081 4733 δι’
3112 4675 3181 4751 ἦς
3209 4678 3277 4739 τὰ
3318 4681 3490 4739 πάντα
3520 4676 3777 4746 ἐργάζεται.

2270 4774 2557 4839 καὶταῦτα
2604 4774 2805 4826 ποιεῖν·
2854 4771 3076 4840 δύναμις
3121 4771 3176 4827 δὲ
3226 4770 3317 4823 τοῦ
3371 4771 3571 4840 Πατρός
3603 4767 3780 4821 ἐστινὸ

2271 4868 2416 4930 Υἱός.
2456 4863 2663 4919 Οὐκοῦν
2688 4866 2737 4917 οἱ
2776 4862 2862 4919 διὰ
2906 4861 2998 4927 τοῦ
3030 4860 3158 4925 Υίοῦ
3188 4862 3467 4925 σωθέντες,
3497 4864 3557 4931 τῇ
3597 4859 3777 4925 δυνάμει

2267 4959 2358 5012 τοῦ
2392 4958 2599 5028 Πατρὶς
2630 4954 2927 5023 ἐσώθησαν.
2957 4954 3061 5007 Καὶ
3103 4955 3153 5006 οί
3183 4955 3331 5024 παρὰ
3360 4953 3539 5005 τούτου
3571 4950 3777 5018 κρινόμεο

2265 5067 2365 5110 νοι,
2409 5051 2472 5120 τῇ
2517 5045 2824 5117 δικαιοσύνῃ
2875 5044 2969 5099 τοῦ
3003 5045 3136 5099 Θεοῦ
3183 5046 3279 5117 τὴν
3324 5046 3498 5116 κρίσιν
3544 5045 3774 5111 ὑπέχουσι.

2266 5141 2495 5212 Χριστὸς
2520 5137 2625 5209 γάρ
2658 5141 2803 5191 ἐστιν
2892 5138 2983 5193 τοῦ
3013 5137 3146 5197 Θεοῦ
3187 5139 3513 5209 δικαιοσύνη,
3545 5140 3573 5206 ἡ
3599 5136 3672 5188 διὰ
3702 5136 3774 5199 τῆς

2264 5232 2617 5301 εὐαγγελικῆς
2649 5228 3157 5301 ἁποκαλυπτομένη,
3193 5231 3370 5292 καθώς
3400 5246 3552 5300 φησιν
3580 5228 3606 5278 ὁ
3653 5222 3774 5277 Ἀπόσ

2270 5327 2474 5387 στολος,
2514 5322 2614 5376 κᾶν
2655 5323 2733 5384 εἰς
2782 5321 2871 5373 τὸν
2906 5320 3103 5390 κόσμον
3155 5322 3267 5392 ἴδῃς
3314 5322 3450 5385 ὅλον,
3499 5319 3589 5374 κᾶν
3623 5319 3690 5378 εἰς
3723 5310 3776 5364 τὰ

2273 5422 2409 5487 μέρη
2455 5415 2547 5467 τοῦ
2579 5414 2779 5482 κόσμου
2810 5412 2877 5465 τὰ
2926 5413 3342 5483 συμπληροῦντα
3379 5416 3439 5466 τὸ
3474 5414 3600 5473 ὅλον,
3632 5408 3774 5503 πάντα

2268 5508 2433 5561 ταῦτα
2461 5506 2551 5558 τοῦ
2595 5505 2801 5574 Πατρός
2847 5505 2991 5555 ἐστιν
3034 5503 3187 5574 ἔργα,
3221 5505 3318 5573 τῆς
3359 5505 3619 5575 δυνάμεως
3641 5500 3771 5553 αὑτοῦ

2269 5602 2403 5672 ἔργα
2435 5598 2714 5668 γενόμενα,
2746 5595 2837 5648 καὶ
2877 5594 3046 5660 οὕτως
3073 5596 3321 5666 ἀληθεύει
3351 5596 3417 5649 δι’
3446 5594 3723 5662 ἀμφοτέρων
3750 5588 3771 5638 ὸ
