3922 6462
116 429 198 486 725

1185 421 1463 478 CONTRA
1504 417 1888 489 EUNOMIUM,
1923 421 2051 477 LIB.
2088 419 2176 474 Vl.

3188 406 3291 461 726

113 549 264 615 λόγος’
309 541 396 595 καὶ
449 540 624 593 πάντα
654 539 744 592 τὸν
784 538 1006 609 Πατέρα
1056 537 1378 608 ἐργάξεσθαι
1423 538 1626 607 λέγων’

1748 539 2110 608 Evangelicam
2145 533 2448 590 doctrinam
2476 525 2940 591 revelatur,-sicut
2966 523 3040 577 ait
3074 522 3304 593 Aposto-

113 641 182 696 καὶ
204 638 352 710 χωρὶς
376 635 468 688 τοῦ
498 633 631 687 Υιοῦ
657 633 899 702 γίνεσθαι
929 633 1036 685 τῶν
1065 632 1232 686 ὄντων
1256 631 1406 685 οὐδέν
1425 649 1438 662 ·
1472 633 1504 701 ἡ
1528 633 1634 704 γὰρ

111 735 190 804 τῆς
222 729 484 797 δυνάμεως
520 726 788 797 ἐνέργεια,
818 726 896 787 είς
928 724 1018 777 τὸν
1046 719 1106 778 οὗ
1145 725 1290 777 ἐστιν
1331 726 1364 791 ἡ
1409 723 1634 794 δύναμις

110 818 455 896 τὴνάναξοράν
483 817 619 888 ἔχει.
667 816 818 870 Ἐπεὶ
854 812 947 870 οῦν
974 815 1200 887 δύναμις
1243 815 1336 869 τοῦ
1367 816 1578 887 Πατρὸς
1608 819 1636 870 ὁ

111 915 239 976 Τίός·
286 911 458 963 πάντα
497 909 567 962 τά
613 908 749 982 ἔργα
795 907 889 961 τοῦ
920 906 1070 971 Υίοῦ,
1112 907 1207 962 τοῦ
1251 907 1457 978 Πατρός
1491 909 1636 960 ἐστιν

112 1008 230 1076 ἔργα.
269 1002 380 1053 Ὀτι
407 999 516 1070 γάρ
545 1000 664 1070 οὐχὶ
695 999 909 1068 φύσεως
939 999 1210 1070 ἀσθενείᾳ,
1241 998 1376 1068 πρὸς
1419 998 1515 1069 τὴν
1541 998 1634 1051 τοῦ

113 1095 274 1155 πάθους
296 1089 623 1159 οἰκονομίαν,
659 1088 774 1142 ἀλλ’
804 1088 1022 1160 ἐξουσίᾳ
1055 1087 1357 1160 θελήματος
1393 1087 1634 1159 ἔρχεται,

113 1186 268 1257 μυρίας
297 1183 434 1235 ἔστιν
468 1184 537 1234 ἐκ
555 1181 646 1234 τοῦ
681 1181 1012 1249 Εὐαγγελίου
1058 1178 1400 1250 παραθέσθαι
1428 1177 1632 1248 φωνὰς,

111 1283 158 1344 ἃς
177 1277 408 1342 σιωπήσω
431 1273 524 1328 διὰ
554 1274 615 1326 τὸ
648 1273 930 1345 πρόδηλον,
957 1274 1032 1337 ὡς
1077 1272 1142 1326 ἂν
1179 1271 1252 1343 μὴ
1296 1273 1409 1334 τοῖς
1449 1269 1630 1339 ὁμολο-

111 1369 339 1441 γουμένοις
390 1365 763 1434 ἐνδιατρίϐων,
810 1366 839 1418 ὁ
885 1364 1044 1431 λόγος
1077 1363 1385 1434 μηκύνοιτο.
1442 1362 1506 1414 Εἰ
1538 1361 1636 1430 μὲν

114 1460 176 1514 οὖν
211 1457 362 1512 κακὸν
403 1457 464 1511 τὸ
494 1458 802 1527 γινόμενον,
831 1457 890 1509 ού
918 1457 1010 1509 τὸν
1043 1454 1259 1525 Πατέρα
1297 1453 1474 1523 μόνον,
1502 1451 1636 1505 ἀλλά

111 1550 273 1602 καὶτὸν
329 1547 455 1602 Υίδν
486 1546 583 1600 τοῦ
629 1546 798 1600 κακοῦ
831 1545 1144 1616 χωριστέον.
1179 1545 1240 1598 El
1269 1545 1324 1597 δὲ
1366 1543 1568 1611 ἀγαθὸν
1600 1543 1634 1609 ἡ

113 1641 303 1710 σωτηρία
328 1640 433 1693 τῶν
462 1638 942 1704 άπολωλότων,καὶ
965 1637 1025 1690 οὑ
1057 1635 1225 1698 πάθος
1244 1676 1258 1699 ,
1290 1635 1420 1689 ἀλλά
1452 1633 1637 1703 φιλαν-

111 1734 280 1803 θρωπία
323 1732 383 1785 τὸ
437 1730 808 1800 γεγενημένον
870 1728 1019 1781 ἐστί·
1076 1729 1130 1780 τί
1181 1727 1478 1798 ἀλλοτριοῖς
1546 1725 1636 1778 τὸν

111 1824 280 1894 Πατέρα
302 1823 396 1892 τῆς
427 1822 523 1875 ἐπὶ
552 1824 623 1892 τῇ
657 1819 899 1891 σωτηρίᾳ
941 1817 1096 1889 ἡμῶν
1124 1817 1474 1888 εὐχαριστίας
1493 1859 1508 1882 ,
1546 1815 1637 1868 τὸν

110 1917 171 1968 διὰ
192 1885 274 1986 της
304 1885 432 1978 ίδίας
461 1885 772 1985 δυνάμεως,
790 1885 930 1982 Ἶῆτίς
963 1885 1124 1964 ἐστὶν
1161 1885 1492 1982 ὁΠΧριστ-δς,
1531 1910 1630 1980 τὴν
1671 1885 1712 1939 Β

112 2011 156 2060 ὲκ
173 2006 246 2060 τοῦ
284 2007 512 2060 θανάτου
546 2005 860 2074 ἐλευθερίαν
886 2008 996 2067 τοῖς
1021 2003 1325 2074 ἀνθρώποις
1367 2020 1634 2073 κατεργα-

114 2099 331 2165 σάμενονς
379 2097 518 2150 Ἀλλ’
576 2096 860 2150 ἐπανιτέον
919 2094 1080 2148 πάλιν
1127 2095 1220 2147 ἐπὶ
1268 2095 1359 2148 τὸν
1409 2093 1635 2164 σφοδρὸν

112 2188 412 2260 λογογράφον,
465 2189 564 2242 καὶ
611 2189 709 2259 τὴν
758 2187 1006 2242 σύντονον
1054 2187 1267 2258 ἐκείνην
1316 2186 1434 2239 καθ’
1479 2186 1635 2257 ἡμῶν

117 2279 343 2348 ῥητορείαν
385 2279 730 2348 ἀναληπτέον
759 2279 910 2348 ἡμῖν.
949 2276 1198 2329 Αίτιᾶται
1241 2275 1303 2327 τὸ
1354 2274 1426 2345 μὴ
1456 2275 1633 2342 λέγειν

115 2371 380 2440 armti;th
421 2369 513 2424 τοῦ
546 2369 682 2423 Υίοῦ
709 2370 806 2440 τὴν
833 2368 1020 2421 οὐσίαν
1051 2367 1214 2437 ἡμᾶς,
1243 2365 1319 2428 ὼς
1356 2365 1632 2436 ἐναντιου-

118 2460 262 2529 μένους
283 2463 341 2531 τῇ
367 2463 517 2532 φωνῇ
552 2461 783 2531 Πέτρου,
810 2460 1027 2527 Κύριοι⁸
1053 2455 1238 2510 αὑτὸν
1255 2455 1353 2510 καὶ
1379 2455 1633 2524 Χριστὸν

115 2552 331 2618 ἐποίησε,
361 2552 580 2606 τοῦτον
619 2553 726 2604 τὸν
770 2550 1004 2618 Ἰησοῦν
1031 2549 1104 2602 ὃν
1139 2548 1306 2618 ὑμεῖς
1339 2547 1633 2616 ἐσταυρώ-

119 2661 241 2697 care.
276 2645 375 2698 Καὶ
412 2643 585 2708 πολύς
617 2646 764 2698 ἐστιν
808 2641 1128 2711 ἀγανακτῶν
1157 2643 1249 2694 ἐπὶ
1286 2640 1495 2703 τούτοις
1536 2642 1631 2693 καὶ

119 2736 478 2806 λοιδορούμενος,
541 2735 642 2790 καὶ
682 2733 1080 2797 κατασκευάζει
1127 2733 1194 2786 δι’
1239 2725 1312 2786 ὧν
1344 2733 1506 2786 οἴεται
1551 2735 1630 2789 δι-

121 2825 306 2895 εὶέγχειν
333 2825 419 2877 τὸν
453 2825 728 2896 ἡμέτερον
757 2824 931 2892 λόγον.

1734 631 1819 686 lus
1850 630 1916 691 ’°,
1958 631 2072 682 sive
2115 636 2286 680 totum
2335 623 2594 678 mundum
2638 618 2917 688 inspicias,
2961 616 3076 670 sive
3119 623 3302 684 partes

1733 723 1920 776 mundi
1949 736 2070 791 quae
2098 727 2268 773 totum
2303 715 2596 786 complent,
2628 713 2742 766 haec
2767 708 2946 763 omnia
2970 715 3097 760 sunt
3123 705 3308 762 Patris

1735 829 1920 886 opera,
1952 813 2208 884 potentiae
2235 809 2406 880 ipsius
2444 820 2608 877 opera
2653 803 2819 867 facta,
2855 801 3047 869 sicque
3077 799 3142 853 de
3173 815 3304 852 am—

1734 903 1908 958 bobus
1956 917 2080 956 vere
2127 901 2262 955 dicit
2308 912 2508 959 sermo,
2562 895 2691 950 dum
2738 893 2815 945 ait
2859 890 3072 943 Patrem
3121 889 3301 940 omnia

1735 993 1977 1063 operari.
2017 1001 2070 1046 et
2100 991 2218 1046 sine
2261 988 2398 1053 Filio
2425 986 2561 1042 nihil
2601 998 2788 1040 eorum
2831 996 2954 1052 quae
2983 987 3111 1034 sunt
3152 977 3302 1031 fieri:

1736 1084 1984 1153 potentia:
2033 1084 2179 1138 enim
2213 1080 2526 1143 ellicacitas,
2577 1075 2646 1130 ad
2698 1089 2822 1129 eum
2877 1071 3036 1140 cujus
3083 1079 3166 1126 est
3213 1085 3308 1138 po-

1735 1175 1905 1230 tentia
1953 1171 2270 1229 relationem
2335 1170 2517 1224 habet.
2581 1166 2848 1232 Quoniam
2906 1165 3071 1234 igitur
3128 1160 3311 1214 Patris

1734 1264 1978 1336 potentia
2009 1261 2179 1316 Filius
2214 1269 2320 1326 est,
2363 1258 2546 1313 omnia
2586 1269 2749 1325 opera
2791 1250 2913 1305 Filii
2959 1256 3092 1303 sunt
3125 1246 3315 1300 Patris

1735 1371 1918 1427 opera.
1951 1353 2109 1420 Quod
2134 1352 2278 1406 enim
2314 1365 2421 1404 non
2473 1355 2680 1400 natura;
2714 1340 3030 1397 infirmitate
3073 1338 3139 1392 ad
3182 1352 3307 1408 pas-

1737 1449 1908 1505 sionis
1961 1444 2452 1515 dispensationem,
2519 1437 2614 1493 sed
2679 1441 2949 1507 potestate
3011 1429 3307 1488 voluntatis

1737 1539 1906 1605 venit,
1936 1537 2178 1591 infinitas
2207 1549 2372 1588 voces
2401 1546 2466 1588 ex
2497 1527 2788 1598 Evangelio
2821 1521 3067 1594 proferre
3096 1520 3316 1577 liceret,

1736 1648 1873 1702 quas
1911 1631 2179 1690 omittam,
2233 1626 2361 1696 quia
2398 1620 2500 1676 hoc
2548 1619 2683 1675 satis
2717 1617 3062 1690 perspicuum
3108 1617 3309 1676 est,,nt‘.

1739 1725 1791 1778 iu
1839 1722 2004 1777 certis
2052 1729 2105 1775 et
2155 1716 2425 1772 confessis
2477 1716 2796 1772 immorans,
2858 1720 3038 1762 sermo
3093 1701 3308 1772 longius

1739 1817 2110 1887 protrahatur.
2134 1811 2290 1878 Quod
2321 1810 2366 1867 si
2395 1807 2598 1862 malum
2627 1803 2787 1860 estid
2805 1799 2947 1875 quod
2970 1797 3170 1852 factum
3200 1801 3306 1856 est,

1742 1929 1850 1967 non
1891 1910 2064 1966 solum
2113 1905 2348 1967 Patrem,
2390 1899 2484 1957 sed
2525 1899 2688 1954 etiam
2717 1893 2913 1948 Filium
2963 1905 2993 1942 a
3032 1887 3174 1944 malo
3221 1901 3309 1940 se-

1743 2017 1938 2074 parare
1963 2005 2196 2069 oportet.
2231 1993 2286 2048 Si
2325 2003 2503 2046 autem
2542 1991 2741 2046 bonum
2780 1997 2970 2039 eor-um
3003 1980 3096 2050 qui
3137 1977 3310 2048 peric-

1740 2102 1868 2148 runt
1915 2092 2100 2155 salus,
2150 2104 2258 2143 nou
2301 2084 2520 2156 passio,
2573 2079 2666 2136 sed
2719 2078 2774 2132 in
2812 2075 3090 2131 hominum
3139 2085 3310 2142 genus

1738 2200 1892 2239 amor
1924 2193 1977 2238 et
2005 2177 2378 2236 benevolentia
2409 2172 2552 2244 quod
2581 2170 2783 2224 factum
2814 2175 2933 2221 est:
2965 2177 3062 2218 cur
3093 2159 3312 2214 Patrem

1736 2456 2009 2514 Christus,
2045 2449 2346 2505 libertatem
2393 2459 2422 2497 a
2471 2451 2644 2496 morte
2697 2436 3014 2493 hominibus
3055 2442 3312 2503 cperatus
3397 2483 3406 2490 ,

1736 2547 1862 2603 est?
1889 2543 1997 2600 Sed
2017 2541 2084 2597 ad
2113 2539 2482 2595 vehementem
2517 2531 2825 2588 orationum
2861 2528 3188 2596 scriptorem
3232 2537 3314 2576 re-

1731 2634 2010 2694 deundum
2036 2641 2140 2700 est,
2171 2641 2225 2688 et
2249 2628 2519 2686 concitata
2545 2625 2633 2678 illa
2660 2630 2850 2676 contra
2879 2635 2981 2673 nos
3000 2613 3312 2687 eloquentia

1735 2728 2061 2787 resumenda
2102 2725 2260 2780 nobis
2294 2728 2396 2776 est.
2431 2720 2667 2772 Accusat
2697 2728 2816 2777 nos,
2843 2718 3126 2782 prepterea
3167 2705 3328 2776 quod,

1740 2838 1848 2876 non
1883 2819 2130 2874 dicamus
2167 2812 2459 2870 essentiam
2506 2805 2632 2861 Filii
2663 2804 2860 2859 factam
2905 2816 3048 2867 esse,
3085 2807 3142 2852 ut
3167 2796 3333 2866 Petri__

122 2915 206 2968 voci
229 2916 566 2971 adversantes
593 2916 850 2975 dicentis.
874 2914 1160 2968 Dominum
1184 2915 1354 2983 ipsum
1373 2923 1422 2968 et
1445 2911 1710 2986 Christum
1734 2914 1876 2982 fecit,
1896 2912 2031 2964 hunc
2051 2908 2084 2961 J
2089 2924 2233 2962 esum
2250 2921 2399 2976 quem
2417 2918 2504 2957 vos
2519 2896 2880 2967 cruciﬁxistis.
2903 2893 3210 2960 Multusquc
3231 2901 3318 2948 est,

122 3007 171 3061 ob
187 3007 280 3062 hac
305 3007 521 3079 indigne
556 3007 762 3072 ferens,
785 3019 838 3061 et
854 3007 1116 3061 conviciis
1133 3005 1513 3076 proscindens,
1538 3014 1591 3061 et
1619 2982 1888 3060 construit
1910 3017 1972 3057 ea
1991 3001 2192 3072 quibus
2212 3004 2366 3068 putat
2383 3010 2440 3050 se
2460 3000 2708 3047 nostrum
2731 3000 3033 3044 sermonem
3055 2982 3311 3036 refutare.

172 3102 364 3172 Ίδωμεν
409 3102 590 3155 τοίνυν
622 3100 729 3155 τῶν
755 3101 1197 3171 ἐπιχειρημάτων
1225 3101 1321 3171 τὴν
1370 3099 1594 3171 δύναμιν
1617 3117 1629 3129 ·
1661 3107 1703 3164 C

125 3190 202 3245 Kal
242 3193 340 3258 τίς,
382 3193 587 3265 φησιν,
636 3187 684 3246 ὦ
727 3191 967 3244 πάντων
1012 3188 1178 3258 ὑμεῖς
1222 3191 1639 3259 ῥᾳθυμότατοι,

125 3286 308 3354 μορφὴν
335 3288 490 3357 ἔχων
522 3287 774 3352 δούλου,
799 3284 1041 3354 μορφὴν
1077 3282 1479 3350 ἀναλαμϐάνει
1507 3283 1642 3337 δού-

129 3379 233 3441 Jov;
262 3378 431 3442 Οὐδεὶς
460 3379 575 3432 τῶν
611 3377 733 3431 νοῦν
763 3376 1013 3447 ἐχόντων,
1059 3373 1195 3444 πρὸς
1223 3374 1383 3426 αὐτὸν
1413 3374 1642 3445 ἐροῦμεν

127 3468 261 3536 ἡμεῖς,
285 3471 338 3522 τὸ
362 3471 607 3524 τοιοῦτον
635 3470 699 3524 ἂν
725 3469 903 3532 εἴποι,
942 3468 1080 3538 πλὴν
1108 3467 1156 3519 εί
1206 3467 1279 3536 μή
1329 3484 1471 3530 τινες
1511 3469 1646 3520 καθ-

129 3557 214 3612 ολου
226 3561 308 3630 τῆς
325 3561 533 3625 ἐλπίδος
563 3561 675 3613 τῶν
697 3559 1036 3631 Χριστιανῶν
1051 3558 1457 3633 ἠλλοτρίωνται.
1487 3552 1644 3612 Οὗτοι

130 3647 167 3700 δέ
185 3650 282 3704 ἐστε
306 3652 454 3722 ὑμεῖς
497 3654 549 3706 oi
582 3650 934 3719 ἐγκαλοῦντες
965 3650 1237 3722 ρᾳθυμίαν
1265 3653 1418 3724 ἡμῖν,
1446 3651 1527 3704 ὅτι
1569 3649 1644 3720 μὴ

131 3741 294 3793 πιστὸν
307 3743 389 3794 τὸν
404 3744 634 3811 κτίστην
651 3741 1072 3812 καταδεχόμεθα.
1093 3743 1156 3797 El
1172 3743 1280 3814 γάρ
1300 3744 1374 3814 μὴ
1390 3741 1642 3811 ψεύδεται

131 3828 192 3930 ίιά
218 3832 295 3886 τοῦ
335 3836 613 3930 προρρητου
640 3833 810 3930 λέγων
837 3833 898 3886 τὸ
925 3834 1146 3904 Πνεῦμα
1168 3836 1228 3888 τὸ
1258 3834 1429 3903 ἆγιον,
1460 3834 1540 3887 ὅτι
1568 3833 1646 3886 Τὰ

133 3921 365 3984 σύμπαντα
399 3923 564 3977 δοῦλα
614 3922 702 3987 ea,
753 3923 842 3975 καὶ
890 3924 1035 3976 πᾶσα
1084 3925 1117 3994 ἡ
1164 3923 1337 3987 κτίσις
1389 3921 1646 3985 δουλεύει,

135 4012 296 4077 κτιστὸς
312 4011 364 4067 δέ
382 4014 501 4068 καθ’
529 4015 676 4084 ὑμᾶς
706 4013 735 4064 ὁ
773 4013 894 4076 Υἱὸς
913 4053 928 4076 ,
975 4013 1262 4082 ὁμόδουλός
1289 4015 1404 4066 ἐστι
1433 4012 1650 4075 πάντως

135 4101 213 4162 τοῖς
249 4102 497 4172 σύμπασι,
549 4102 630 4174 τῷ
677 4105 948 4156 κοινωνεῖν
994 4104 1091 4174 τῆς
1149 4103 1411 4166 κτίσεως,
1463 4104 1542 4165 είς
1593 4102 1652 4155 τὸ

136 4194 354 4244 κοινωνεῖν
381 4210 473 4246 και
498 4193 604 4263 τῆς
631 4191 872 4254 δουλείας
899 4191 1419 4262 συγκαθελκόμενος.
1467 4189 1556 4261 Τῷ
1595 4189 1653 4242 δέ

135 4276 380 4336 acuis-1m,
426 4284 649 4345 πάντως
679 4283 836 4351 ὑμεῖς
873 4282 967 4334 καὶ
1001 4282 1098 4354 τὴν
1137 4282 1385 4353 δουλικὴν
1440 4283 1653 4354 μορφὴν

138 4371 422 4443 περιθήσετε.
451 4376 528 4428 Οὐ
558 4376 666 4445 γάρ
696 4375 776 4427 δεῖ
816 4373 998 4434 δοῦλον
1023 4373 1413 4444 δμολογοῦντας
1447 4377 1512 4445 τῇ
1553 4372 1654 4442 φύ-

1808 3097 2103 3152 Videamus
2135 3094 2301 3164 igitur
2327 3090 2434 3143 vim
2466 3090 2906 3157 argumentorum
2933 3098 2944 3132 :
2977 3076 3197 3148 Ecquid,
3231 3076 3316 3129 in.

1743 3190 1876 3259 quit,
1913 3206 1943 3242 ο
1988 3184 2294 3241 inertissimi
2342 3178 2619 3234 omnium!
2668 3175 2802 3230 servi
2848 3171 3075 3244 [orntum
3119 3167 3312 3221 habens

1742 3279 1970 3348 formam
2004 3275 2138 3330 servi
2177 3270 2407 3341 accipit?
2431 3269 2540 3324 Nos
2563 3267 2611 3322 ei
2637 3261 3104 3334 respondebimus,
3125 3253 3330 3310 Nullus.

1743 3347 1932 3426 eorum
1988 3369 2080 3438 qui
2126 3376 2306 3420 mente
2351 3369 2481 3418 sunt
2514 3357 2724 3430 praediti
2772 3354 2880 3409 tale
2925 3349 3053 3422 quid
3095 3347 3312 3409 dixerit,

1744 3463 1850 3517 nisi
1897 3475 2086 3516 eorum
2138 3457 2331 3527 aliqui,
2379 3457 2470 3524 qui
2523 3451 2749 3508 omnino
2797 3463 2826 3500 a
2878 3442 3317 3499 Christianorum

1746 3571 1844 3624 spe
1871 3552 2089 3607 alienati
2116 3549 2341 3603 fuerint.
2371 3545 2477 3601 Sed
2507 3559 2601 3599 vos
2633 3542 2721 3596 isti
2760 3537 2892 3594 estis
2925 3534 3018 3606 qui
3047 3548 3147 3587 nos
3170 3531 3320 3584 iner-

1744 3623 1834 3699 tiie
1867 3653 1920 3698 et
1951 3643 2194 3712 stuporis
2239 3637 2535 3700 accusatis,
2593 3633 2683 3702 qui
2723 3625 2967 3685 creatum
3005 3623 3323 3679 Creatorem

1745 3753 1854 3794 non
1906 3735 2266 3789 admittimus.
2317 3729 2375 3784 Si
2413 3730 2557 3783 enim
2597 3741 2703 3779 non
2758 3720 3017 3776 mentitur
3069 3715 3162 3785 qui
3225 3726 3323 3782 per

1746 3829 2063 3900 prophetam
2117 3824 2248 3878 dicit
2299 3819 2538 3891 Spiritus
2575 3822 2844 3872 sanctus:
2901 3806 3050 3879 quod
3102 3803 3315 3858 Cuncta

1746 3918 2008 3978 serviunt,
2045 3922 2097 3967 ct
2127 3911 2306 3967 omnis
2332 3917 2579 3964 creatura
2615 3903 2820 3968 servit;
2867 3904 3084 3955 creatus
3132 3905 3314 3947 autem

1749 4005 2046 4063 secundum
2095 4019 2191 4057 vos
2243 4001 2433 4063 Filius,
2488 4007 2789 4052 conservus
2832 3989 3048 4061 penitus
3081 3993 3165 4041 est
3193 3998 3318 4037 cum

1750 4101 2038 4159 universis,
2075 4097 2201 4167 quia
2257 4109 2380 4147 cum
2429 4099 2681 4145 creatura
2712 4081 3100 4144 communicat,
3146 4087 3200 4133 et
3251 4063 3336 4129 ad;

1750 4191 2027 4250 servitutis
2057 4185 2493 4244 communionem
2538 4178 2698 4235 simul
2737 4175 2991 4244 adigitur.
3139 4173 3318 4222 autem

1750 4283 1842 4353 qui
1881 4279 2050 4335 servit
2079 4291 2305 4347 prorsus
2331 4289 2430 4328 vos
2458 4269 2709 4326 servilem
2742 4265 2972 4320 formam
3009 4261 3322 4328 circumpo-

1752 4349 1904 4428 nitis.
1939 4370 2057 4426 Non
2085 4369 2230 4424 enim
2261 4366 2372 4436 jam
2403 4375 2622 4417 servum
2654 4364 2849 4412 natura
2879 4351 3224 4411 confitentes,
3254 4349 3325 4403 ob

140 4477 198 4514 σει
233 4465 297 4534 τῷ
341 4467 669 4537 προσωπείῳ
699 4467 796 4544 τῆς
827 4466 1065 4529 δουλείας
1109 4465 1647 4536 ἐπαισχυνθήσεσθαι.

1759 4461 2037 4520 servitutis
2076 4471 2361 4529 personam
2390 4453 2711 4510 erubescere
2758 4464 2858 4504 vos
2905 4453 3141 4517 oportet.
3189 4442 3331 4508 Quis

139 4551 207 4616 Τίς
233 4551 330 4622 οὖν,
371 4553 414 4610 ὦ
453 4558 775 4630 δριμύτατοι
821 4557 1084 4629 ρητόρων,
1117 4558 1145 4610 ὁ
1192 4558 1254 4610 ἐκ
1281 4558 1379 4628 τῆς
1408 4556 1655 4626 δουλικῆς

143 4647 310 4716 μορφῆς
334 4649 419 4701 τὸν
446 4649 578 4706 Υίδν
607 4651 686 4710 είς
731 4647 895 4717 ἄλλην
919 4646 1104 4700 δούλου
1129 4646 1504 4718 μεταϐιϐάζων
1535 4662 1660 4716 μορ-

142 4735 239 4800 φῆν,
263 4739 288 4790 6
323 4739 378 4792 τὸ
417 4740 673 4801 ἀκτιστον
713 4739 862 4810 αύτῷ
909 4738 1366 4810 προσμαρτυρῶν,
1411 4734 1454 4806 ᾧ
1479 4737 1573 4790 καὶ
1598 4737 1660 4790 τὸ

146 4824 201 4895 μὴ
234 4827 482 4888 δουλεύειν
533 4830 1044 4896 συναποδείκνυται;
1091 4829 1161 4881 Ἢ
1193 4829 1392 4899 μᾶλλον
1430 4829 1480 4880 οἱ
1511 4829 1661 4898 διαρ-

147 4915 274 4987 ρἠην
312 4919 535 4990 βοῶντες
583 4922 740 4991 ὑμεῖς
787 4920 970 4974 δοῦλον
1013 4915 1152 4973 εἶναι
1187 4917 1281 4972 τοῦ
1328 4917 1536 4988 Πατρὸς
1571 4917 1661 4970 τὸν

146 5003 258 5074 Υἱὸν,
285 5014 370 5066 καὶ
396 5015 497 5085 πρὸ
528 5015 627 5085 τῆς
654 5012 747 5066 τοῦ
780 5012 964 5066 δούλου
1008 5011 1219 5082 μορφῆς
1251 5011 1343 5064 καὶ
1368 5009 1458 5063 ὑπ’
1497 5008 1661 5062 αὑτοῦ

145 5101 475 5172 repetissem;
527 5108 601 5159 Οὐ
632 5105 822 5175 δέομαι
863 5103 1131 5158 δικαστῶν
1171 5104 1390 5174 ἐτέρων,
1435 5101 1519 5155 σοὶ
1565 5102 1664 5174 τὴν

149 5195 450 5260 περὶτούτων
472 5196 970 5269 ὲπιτρέπωψῆφον.
1004 5191 1170 5265 Οἶμαι
1196 5193 1301 5263 γάρ
1331 5194 1405 5264 μὴ
1436 5194 1501 5248 ἂν
1523 5193 1664 5246 οὕτω

150 5282 255 5352 πρὸς
289 5287 376 5359 τὴν
415 5277 682 5361 ἀλήθειαν
716 5287 947 5350 ἀναιδῶς
984 5304 1133 5348 τινας
1180 5285 1340 5356 ἔχειν,
1376 5284 1514 5338 ὥστε
1553 5286 1666 5346 τοῖς

152 5371 544 5468 ξιμολογουμένοις
585 5379 652 5434 δι’
675 5377 1052 5448 ἀναισχυντίας
1082 5377 1411 5431 ἐνίστασθαι.
1456 5375 1664 5451 Πρόδητ-

154 5457 222 5564 λον
274 5444 383 5538 γὰρ⁷
431 5470 596 5528 παντὶ,
639 5468 698 5521 τὸ
758 5444 1047 5538 λεγδμενον
1073 5508 1088 5532 ,
1140 5467 1221 5519 ὅτι
1273 5466 1331 5518 τὸ
1372 5444 1555 5518 δοῦλον

158 5555 300 5618 φύσει,
330 5561 433 5622 τοῖς
483 5559 727 5636 ίδιὼμασι
766 5559 865 5629 τῆς
903 5557 1142 5621 δουλείας
1185 5555 1664 5631 χαρακτηρίζεται,

161 5641 259 5697 ῐδιαν
287 5649 384 5719 γὰρ
431 5651 665 5715 δουλείας
707 5653 740 5722 ή
781 5650 979 5714 κτίσις.
1037 5650 1095 5702 '0
1141 5644 1234 5702 οὖν
1279 5647 1461 5700 δοῦλον
1510 5646 1670 5700 αὑτὸν

163 5732 262 5790 ιντα
318 5740 406 5812 τὴν
460 5745 730 5816 ἡμετέραν
797 5745 968 5813 λέγων
1021 5741 1416 5812 ὑπεληλυθέναι
1436 5739 1667 5811 μορφὴν,

218 5895 254 5929 ⁸⁸
288 5896 426 5957 llum.
451 5919 484 5971 I,
526 5903 608 5960 l8.

1758 4555 1944 4626 igitur,
1972 4571 2005 4609 ο
2035 4560 2312 4607 oratorum
2344 4546 2680 4607 acutissime,
2713 4557 2778 4599 ex
2820 4540 3006 4598 servili
3040 4537 3210 4592 forma
3238 4532 3326 4589 Fi-

1758 4623 1891 4698 lium
1927 4643 1981 4696 in
2018 4641 2176 4695 aliam
2214 4639 2443 4694 formam
2488 4635 2629 4690 servi
2675 4630 2954 4694 transfert,
3001 4644 3071 4683 an
3106 4627 3198 4682 ille
3231 4623 3326 4695 qui

1758 4737 1808 4792 ei
1862 4736 2154 4789 increatam
2212 4738 2474 4784 naturam.
2512 4725 2786 4789 attribuit,
2843 4739 2948 4790 qua
3000 4721 3162 4777 etiam
3217 4732 3326 4771 non

1762 4827 1967 4884 servire
2024 4824 2186 4880 simul
2233 4819 2680 4878 demonstratur?
2731 4832 2799 4870 an
2852 4814 3034 4886 potius
3086 4827 3184 4866 vos
3234 4808 3326 4879 qui

1761 4918 2058 4972 clamantes
2089 4912 2387 4984 propalatis
2408 4910 2587 4971 Patris
2629 4907 2828 4963 Filium
2857 4919 3072 4961 servum
3101 4915 3244 4965 esse,
3277 4906 3332 4952 et

1762 5017 1888 5062 ante
1937 5005 2079 5061 servi
2124 5004 2374 5066 formam,
2425 5003 2598 5072 ipsius
2656 4997 2885 5069 imperio
2932 4991 3162 5062 subjici?
3213 4987 3331 5043 Non

1763 5098 2135 5170 aliosjudices
2181 5095 2419 5174 postulo,
2448 5094 2545 5148 tibi
2587 5094 2655 5147 de
2693 5092 2760 5146 iis
2787 5085 3070 5144 committo
3109 5092 3332 5138 senten-

1763 5194 1918 5252 tiam.
1971 5173 2250 5251 Neminem
2301 5188 2446 5245 enim
2500 5184 2739 5240 arbitror
2775 5181 2855 5236 sic
2887 5179 3150 5233 adversus
3195 5173 3336 5229 veri-

1765 5291 1930 5342 tatem
1963 5281 2305 5358 impudeuter
2332 5278 2501 5341 affici,
2531 5283 2590 5330 ut
2616 5274 2782 5330 certis
2814 5279 2870 5327 ct
2905 5267 3186 5324 concessis
3227 5280 3338 5335 pra:

1767 5373 2101 5442 impudentia
2127 5372 2510 5425 incunctanter
2526 5364 2804 5421 adversari
2829 5362 2981 5416 velit.
3006 5358 3162 5425 Quod
3191 5357 3338 5411 enim

1767 5463 1970 5518 dicitur
2013 5461 2186 5516 cuivis
2227 5467 2417 5516 notum
2460 5466 2544 5512 est
2595 5462 2651 5510 et
2691 5453 3076 5524 perspicuum:
3111 5446 3259 5518 quod
3286 5445 3342 5500 id

1769 5557 1912 5632 quod
1961 5561 2155 5608 natura
2195 5565 2412 5607 servum
2451 5555 2557 5610 est,
2605 5543 2886 5600 servitutis
2919 5537 3344 5613 proprietatibus

1769 5630 1830 5704 et»
1859 5649 2003 5701 notis
2050 5646 2385 5715 insignitur;
2428 5639 2710 5712 proprium
2753 5637 2897 5693 enim
2950 5630 3228 5688 servitutis
3261 5635 3347 5681 est

1771 5749 2013 5796 creatum
2063 5751 2204 5794 esse.
2241 5735 2344 5801 Qui
2375 5734 2537 5805 igitur
2577 5732 2756 5806 ipsum
2807 5741 3024 5788 servum
3073 5725 3205 5783 dicit
3250 5737 3353 5780 ιιοε
