  <div class='ocr_page' id='page_1' title='image "/cluster/home/n/w/nwhite01/storage/ocr_20150623/45/hvd.32044019826437/369.png"; bbox 0 0 3922 6458; ppageno 0'>
   <div class='ocr_carea' id='block_1_1' title="bbox 623 356 723 414">
    <p class='ocr_par' dir='ltr' id='par_1_1' title="bbox 623 356 723 414">
     <span class='ocr_line' id='line_1_1' title="bbox 623 356 723 414; baseline -0.03 0"><span class='ocrx_word' id='word_1_1' title='bbox 623 356 723 414; x_wconf 75' lang='lat'><strong>727</strong></span> 
     </span>
    </p>
   </div>
   <div class='ocr_carea' id='block_1_2' title="bbox 1915 349 3794 414">
    <p class='ocr_par' dir='ltr' id='par_1_2' title="bbox 1915 349 3794 414">
     <span class='ocr_line' id='line_1_2' title="bbox 1915 349 3794 414; baseline -0.016 -2"><span class='ocrx_word' id='word_1_2' title='bbox 1915 358 1972 412; x_wconf 77' lang='lat' dir='ltr'><strong>S.</strong></span> <span class='ocrx_word' id='word_1_3' title='bbox 2014 352 2336 412; x_wconf 80' lang='lat' dir='ltr'><strong>GREGORII</strong></span> <span class='ocrx_word' id='word_1_4' title='bbox 2373 349 2666 406; x_wconf 76' lang='lat' dir='ltr'><strong>NYSSENI</strong></span> <span class='ocrx_word' id='word_1_5' title='bbox 3715 355 3794 414; x_wconf 62' lang='lat' dir='ltr'><strong>um</strong></span> 
     </span>
    </p>
   </div>
   <div class='ocr_carea' id='block_1_3' title="bbox 620 461 2175 543">
    <p class='ocr_par' dir='ltr' id='par_1_3' title="bbox 620 469 2175 543">
     <span class='ocr_line' id='line_1_3' title="bbox 620 469 2175 543; baseline 0 -20"><span class='ocrx_word' id='word_1_6' title='bbox 620 482 786 526; x_wconf 79' lang='lat' dir='ltr'><strong>stram</strong></span> <span class='ocrx_word' id='word_1_7' title='bbox 826 469 1061 528; x_wconf 85' lang='lat' dir='ltr'><strong>subiisse</strong></span> <span class='ocrx_word' id='word_1_8' title='bbox 1093 469 1346 534; x_wconf 85' lang='lat' dir='ltr'><strong>formam.</strong></span> <span class='ocrx_word' id='word_1_9' title='bbox 1379 471 1468 529; x_wconf 88' lang='lat' dir='ltr'><strong>ille</strong></span> <span class='ocrx_word' id='word_1_10' title='bbox 1495 481 1578 528; x_wconf 90' lang='lat' dir='ltr'><strong>est</strong></span> <span class='ocrx_word' id='word_1_11' title='bbox 1605 473 1764 543; x_wconf 87' lang='lat' dir='ltr'><strong>plane</strong></span> <span class='ocrx_word' id='word_1_12' title='bbox 1790 474 1882 543; x_wconf 85' lang='lat' dir='ltr'><strong>qui</strong></span> <span class='ocrx_word' id='word_1_13' title='bbox 1924 489 1987 528; x_wconf 80' lang='lat' dir='ltr'><strong>ex</strong></span> <span class='ocrx_word' id='word_1_14' title='bbox 2019 471 2175 528; x_wconf 82' lang='lat' dir='ltr'><strong>servi-</strong></span> 
     </span>
    </p>
   </div>
   <div class='ocr_carea' id='block_1_4' title="bbox 2276 461 3794 543">
    <p class='ocr_par' dir='ltr' id='par_1_4' title="bbox 2289 461 3794 530">
     <span class='ocr_line' id='line_1_4' title="bbox 2289 461 3794 530; baseline -0.005 -8"><span class='ocrx_word' id='word_1_15' title='bbox 2289 468 2498 530; x_wconf 74' lang='grc' dir='ltr'>ἐκεῖνός</span> <span class='ocrx_word' id='word_1_16' title='bbox 2531 467 2645 519; x_wconf 76' lang='grc' dir='ltr'>ἐστι</span> <span class='ocrx_word' id='word_1_17' title='bbox 2679 463 2892 528; x_wconf 84' lang='grc' dir='ltr'>πάντως</span> <span class='ocrx_word' id='word_1_18' title='bbox 2919 465 2947 517; x_wconf 99' lang='lat'><strong>6</strong></span> <span class='ocrx_word' id='word_1_19' title='bbox 2985 464 3049 517; x_wconf 81' lang='grc' dir='ltr'>ἐκ</span> <span class='ocrx_word' id='word_1_20' title='bbox 3087 461 3327 528; x_wconf 76' lang='grc' dir='ltr'><strong>δουλείας</strong></span> <span class='ocrx_word' id='word_1_21' title='bbox 3371 465 3448 528; x_wconf 79' lang='grc' dir='ltr'><strong>είς</strong></span> <span class='ocrx_word' id='word_1_22' title='bbox 3474 465 3690 521; x_wconf 80' lang='grc' dir='ltr'><strong>δουλείαν</strong></span> <span class='ocrx_word' id='word_1_23' title='bbox 3726 471 3794 522; x_wconf 63' lang='grc' dir='ltr'><strong>τὸν</strong></span> 
     </span>
    </p>
   </div>
   <div class='ocr_carea' id='block_1_5' title="bbox 619 561 2181 635">
    <p class='ocr_par' dir='ltr' id='par_1_5' title="bbox 619 561 2181 635">
     <span class='ocr_line' id='line_1_5' title="bbox 619 561 2181 635; baseline 0.001 -21"><span class='ocrx_word' id='word_1_24' title='bbox 619 569 732 616; x_wconf 90' lang='lat' dir='ltr'><strong>tute</strong></span> <span class='ocrx_word' id='word_1_25' title='bbox 763 561 816 614; x_wconf 91' lang='lat' dir='ltr'><strong>in</strong></span> <span class='ocrx_word' id='word_1_26' title='bbox 843 563 1158 617; x_wconf 90' lang='lat' dir='ltr'><strong>servitutem</strong></span> <span class='ocrx_word' id='word_1_27' title='bbox 1195 563 1539 634; x_wconf 81' lang='lat' dir='ltr'><strong>Unigenitum</strong></span> <span class='ocrx_word' id='word_1_28' title='bbox 1573 564 1868 635; x_wconf 83' lang='lat' dir='ltr'><strong>remigrare</strong></span> <span class='ocrx_word' id='word_1_29' title='bbox 1901 562 2050 618; x_wconf 85' lang='lat' dir='ltr'><strong>facit.</strong></span> <span class='ocrx_word' id='word_1_30' title='bbox 2077 561 2181 617; x_wconf 87' lang='lat' dir='ltr'><strong>Sed</strong></span> 
     </span>
    </p>
   </div>
   <div class='ocr_carea' id='block_1_6' title="bbox 615 650 2183 726">
    <p class='ocr_par' dir='ltr' id='par_1_6' title="bbox 615 650 2183 726">
     <span class='ocr_line' id='line_1_6' title="bbox 615 650 2183 726; baseline 0.002 -20"><span class='ocrx_word' id='word_1_31' title='bbox 615 651 777 706; x_wconf 90' lang='lat' dir='ltr'><strong>dictis</strong></span> <span class='ocrx_word' id='word_1_32' title='bbox 827 653 1166 720; x_wconf 76' lang='lat' dir='ltr'><strong>reluctatur,</strong></span> <span class='ocrx_word' id='word_1_33' title='bbox 1225 665 1279 709; x_wconf 91' lang='lat' dir='ltr'><strong>et</strong></span> <span class='ocrx_word' id='word_1_34' title='bbox 1312 655 1446 708; x_wconf 91' lang='lat' dir='ltr'><strong>dicit</strong></span> <span class='ocrx_word' id='word_1_35' title='bbox 1496 655 1776 726; x_wconf 86' lang='lat' dir='ltr'><strong>paululum</strong></span> <span class='ocrx_word' id='word_1_36' title='bbox 1832 655 1972 710; x_wconf 87' lang='lat' dir='ltr'><strong>infra</strong></span> <span class='ocrx_word' id='word_1_37' title='bbox 2006 673 2019 710; x_wconf 90' lang='lat'><strong>:</strong></span> <span class='ocrx_word' id='word_1_38' title='bbox 2055 650 2183 712; x_wconf 65' lang='lat' dir='ltr'><strong>Cum</strong></span> 
     </span>
    </p>
   </div>
   <div class='ocr_carea' id='block_1_7' title="bbox 615 743 2184 816">
    <p class='ocr_par' dir='ltr' id='par_1_7' title="bbox 615 743 2184 816">
     <span class='ocr_line' id='line_1_7' title="bbox 615 743 2184 816; baseline 0 -18"><span class='ocrx_word' id='word_1_39' title='bbox 615 743 761 798; x_wconf 86' lang='lat' dir='ltr'><strong>enim</strong></span> <span class='ocrx_word' id='word_1_40' title='bbox 788 743 1072 814; x_wconf 85' lang='lat' dir='ltr'><strong>interjecta</strong></span> <span class='ocrx_word' id='word_1_41' title='bbox 1103 753 1250 807; x_wconf 87' lang='lat' dir='ltr'><strong>sunt,</strong></span> <span class='ocrx_word' id='word_1_42' title='bbox 1271 746 1396 816; x_wconf 84' lang='lat' dir='ltr'><strong>quia</strong></span> <span class='ocrx_word' id='word_1_43' title='bbox 1425 745 1774 801; x_wconf 81' lang='lat' dir='ltr'><strong>mediocriter</strong></span> <span class='ocrx_word' id='word_1_44' title='bbox 1797 747 1847 800; x_wconf 92' lang='lat' dir='ltr'><strong>in</strong></span> <span class='ocrx_word' id='word_1_45' title='bbox 1878 744 2184 814; x_wconf 65' lang='lat' dir='ltr'><strong>praeceden-</strong></span> 
     </span>
    </p>
   </div>
   <div class='ocr_carea' id='block_1_8' title="bbox 613 835 2182 894">
    <p class='ocr_par' dir='ltr' id='par_1_8' title="bbox 613 835 2182 894">
     <span class='ocr_line' id='line_1_8' title="bbox 613 835 2182 894; baseline 0.001 -6"><span class='ocrx_word' id='word_1_46' title='bbox 613 835 762 889; x_wconf 85' lang='lat' dir='ltr'><strong>tibus</strong></span> <span class='ocrx_word' id='word_1_47' title='bbox 787 837 1095 892; x_wconf 82' lang='lat' dir='ltr'><strong>examinata</strong></span> <span class='ocrx_word' id='word_1_48' title='bbox 1128 845 1257 894; x_wconf 87' lang='lat' dir='ltr'><strong>sunt</strong></span> <span class='ocrx_word' id='word_1_49' title='bbox 1289 851 1433 892; x_wconf 91' lang='lat' dir='ltr'><strong>nunc</strong></span> <span class='ocrx_word' id='word_1_50' title='bbox 1478 837 1969 891; x_wconf 76' lang='lat' dir='ltr'><strong>transcendamzut</strong></span> <span class='ocrx_word' id='word_1_51' title='bbox 2006 835 2073 890; x_wconf 91' lang='lat' dir='ltr'><strong>ad</strong></span> <span class='ocrx_word' id='word_1_52' title='bbox 2100 836 2182 890; x_wconf 82' lang='lat' dir='ltr'><strong>di—</strong></span> 
     </span>
    </p>
   </div>
   <div class='ocr_carea' id='block_1_9' title="bbox 612 926 2184 998">
    <p class='ocr_par' dir='ltr' id='par_1_9' title="bbox 612 926 2184 998">
     <span class='ocr_line' id='line_1_9' title="bbox 612 926 2184 998; baseline 0.001 -19"><span class='ocrx_word' id='word_1_53' title='bbox 612 927 846 980; x_wconf 89' lang='lat' dir='ltr'><strong>cendum</strong></span> <span class='ocrx_word' id='word_1_54' title='bbox 897 935 950 980; x_wconf 92' lang='lat' dir='ltr'><strong>et</strong></span> <span class='ocrx_word' id='word_1_55' title='bbox 999 927 1338 982; x_wconf 89' lang='lat' dir='ltr'><strong>sentiendum</strong></span> <span class='ocrx_word' id='word_1_56' title='bbox 1391 927 1747 998; x_wconf 86' lang='lat' dir='ltr'><strong>impossibilia</strong></span> <span class='ocrx_word' id='word_1_57' title='bbox 1802 926 2036 981; x_wconf 81' lang='lat' dir='ltr'><strong>audaces</strong></span> <span class='ocrx_word' id='word_1_58' title='bbox 2083 941 2184 982; x_wconf 89' lang='lat' dir='ltr'><strong>nos</strong></span> 
     </span>
    </p>
   </div>
   <div class='ocr_carea' id='block_1_10' title="bbox 612 1017 2184 1090">
    <p class='ocr_par' dir='ltr' id='par_1_10' title="bbox 612 1017 2184 1090">
     <span class='ocr_line' id='line_1_10' title="bbox 612 1017 2184 1090; baseline 0.003 -24"><span class='ocrx_word' id='word_1_59' title='bbox 612 1017 976 1082; x_wconf 82' lang='lat' dir='ltr'><strong>ralumnians,</strong></span> <span class='ocrx_word' id='word_1_60' title='bbox 1012 1019 1359 1073; x_wconf 88' lang='lat' dir='ltr'><strong>miseratione</strong></span> <span class='ocrx_word' id='word_1_61' title='bbox 1399 1021 1559 1071; x_wconf 87' lang='lat' dir='ltr'><strong>etiam</strong></span> <span class='ocrx_word' id='word_1_62' title='bbox 1605 1018 1956 1090; x_wconf 76' lang='lat' dir='ltr'><strong>dignissimos</strong></span> <span class='ocrx_word' id='word_1_63' title='bbox 1998 1019 2184 1088; x_wconf 87' lang='lat' dir='ltr'><strong>appel-</strong></span> 
     </span>
    </p>
   </div>
   <div class='ocr_carea' id='block_1_11' title="bbox 613 1106 2183 1180">
    <p class='ocr_par' dir='ltr' id='par_1_11' title="bbox 613 1106 2183 1180">
     <span class='ocr_line' id='line_1_11' title="bbox 613 1106 2183 1180; baseline 0.002 -21"><span class='ocrx_word' id='word_1_64' title='bbox 613 1106 754 1171; x_wconf 84' lang='lat' dir='ltr'><strong>lans,</strong></span> <span class='ocrx_word' id='word_1_65' title='bbox 793 1108 904 1161; x_wconf 66' lang='lat' dir='ltr'><strong>haec</strong></span> <span class='ocrx_word' id='word_1_66' title='bbox 942 1108 1130 1178; x_wconf 86' lang='lat' dir='ltr'><strong>adjicit</strong></span> <span class='ocrx_word' id='word_1_67' title='bbox 1157 1126 1170 1161; x_wconf 91' lang='lat'><strong><em>:</em></strong></span> <span class='ocrx_word' id='word_1_68' title='bbox 1200 1107 1258 1161; x_wconf 79' lang='lat' dir='ltr'><strong>Si</strong></span> <span class='ocrx_word' id='word_1_69' title='bbox 1299 1111 1436 1163; x_wconf 86' lang='lat' dir='ltr'><strong>enim</strong></span> <span class='ocrx_word' id='word_1_70' title='bbox 1466 1127 1568 1162; x_wconf 83' lang='lat' dir='ltr'><strong>non</strong></span> <span class='ocrx_word' id='word_1_71' title='bbox 1601 1109 1664 1163; x_wconf 86' lang='lat' dir='ltr'><strong>de</strong></span> <span class='ocrx_word' id='word_1_72' title='bbox 1700 1109 1862 1164; x_wconf 76' lang='lat' dir='ltr'><strong>Verbo</strong></span> <span class='ocrx_word' id='word_1_73' title='bbox 1891 1109 2030 1180; x_wconf 85' lang='lat' dir='ltr'><strong>quod</strong></span> <span class='ocrx_word' id='word_1_74' title='bbox 2068 1118 2183 1164; x_wconf 87' lang='lat' dir='ltr'><strong>erat</strong></span> 
     </span>
    </p>
   </div>
   <div class='ocr_carea' id='block_1_12' title="bbox 612 1201 2183 1269">
    <p class='ocr_par' dir='ltr' id='par_1_12' title="bbox 612 1201 2183 1269">
     <span class='ocr_line' id='line_1_12' title="bbox 612 1201 2183 1269; baseline 0.002 -19"><span class='ocrx_word' id='word_1_75' title='bbox 612 1201 666 1250; x_wconf 88' lang='lat' dir='ltr'><strong>in</strong></span> <span class='ocrx_word' id='word_1_76' title='bbox 689 1201 942 1269; x_wconf 83' lang='lat' dir='ltr'><strong>principio</strong></span> <span class='ocrx_word' id='word_1_77' title='bbox 981 1211 1031 1253; x_wconf 91' lang='lat' dir='ltr'><strong>et</strong></span> <span class='ocrx_word' id='word_1_78' title='bbox 1052 1210 1165 1254; x_wconf 90' lang='lat' dir='ltr'><strong>erat</strong></span> <span class='ocrx_word' id='word_1_79' title='bbox 1189 1201 1354 1266; x_wconf 86' lang='lat' dir='ltr'><strong>Deus,</strong></span> <span class='ocrx_word' id='word_1_80' title='bbox 1383 1201 1563 1255; x_wconf 87' lang='lat' dir='ltr'><strong>beatus</strong></span> <span class='ocrx_word' id='word_1_81' title='bbox 1590 1201 1778 1255; x_wconf 79' lang='lat' dir='ltr'><strong>Petrus</strong></span> <span class='ocrx_word' id='word_1_82' title='bbox 1809 1201 2018 1256; x_wconf 80' lang='lat' dir='ltr'><strong>disserit</strong></span> <span class='ocrx_word' id='word_1_83' title='bbox 2044 1217 2062 1254; x_wconf 91' lang='lat'><strong><em>:</em></strong></span> <span class='ocrx_word' id='word_1_84' title='bbox 2091 1203 2183 1255; x_wconf 87' lang='lat' dir='ltr'><strong>sed</strong></span> 
     </span>
    </p>
   </div>
   <div class='ocr_carea' id='block_1_13' title="bbox 610 1287 2183 1359">
    <p class='ocr_par' dir='ltr' id='par_1_13' title="bbox 610 1287 2183 1359">
     <span class='ocr_line' id='line_1_13' title="bbox 610 1287 2183 1359; baseline 0.003 -20"><span class='ocrx_word' id='word_1_85' title='bbox 610 1287 674 1341; x_wconf 84' lang='lat' dir='ltr'><strong>de</strong></span> <span class='ocrx_word' id='word_1_86' title='bbox 707 1306 766 1342; x_wconf 88' lang='lat' dir='ltr'><strong>eo</strong></span> <span class='ocrx_word' id='word_1_87' title='bbox 803 1288 892 1359; x_wconf 87' lang='lat' dir='ltr'><strong>qui</strong></span> <span class='ocrx_word' id='word_1_88' title='bbox 919 1289 1213 1351; x_wconf 85' lang='lat' dir='ltr'><strong>videbatur,</strong></span> <span class='ocrx_word' id='word_1_89' title='bbox 1244 1299 1294 1343; x_wconf 87' lang='lat' dir='ltr'><strong>et</strong></span> <span class='ocrx_word' id='word_1_90' title='bbox 1321 1291 1411 1359; x_wconf 88' lang='lat' dir='ltr'><strong>qui</strong></span> <span class='ocrx_word' id='word_1_91' title='bbox 1445 1293 1674 1358; x_wconf 87' lang='lat' dir='ltr'><strong>seipsum</strong></span> <span class='ocrx_word' id='word_1_92' title='bbox 1703 1290 2011 1356; x_wconf 80' lang='lat' dir='ltr'><strong>exinanivit,</strong></span> <span class='ocrx_word' id='word_1_93' title='bbox 2046 1293 2183 1344; x_wconf 86' lang='lat' dir='ltr'><strong>sicut</strong></span> 
     </span>
    </p>
   </div>
   <div class='ocr_carea' id='block_1_14' title="bbox 611 1378 2181 1450">
    <p class='ocr_par' dir='ltr' id='par_1_14' title="bbox 611 1378 2181 1450">
     <span class='ocr_line' id='line_1_14' title="bbox 611 1378 2181 1450; baseline 0.003 -20"><span class='ocrx_word' id='word_1_94' title='bbox 611 1379 688 1432; x_wconf 97' lang='lat' dir='ltr'><strong>ait</strong></span> <span class='ocrx_word' id='word_1_95' title='bbox 715 1378 946 1434; x_wconf 77' lang='lat' dir='ltr'><strong>Basilius</strong></span> <span class='ocrx_word' id='word_1_96' title='bbox 967 1398 985 1445; x_wconf 86' lang='lat'><strong><em>;</em></strong></span> <span class='ocrx_word' id='word_1_97' title='bbox 1006 1382 1094 1450; x_wconf 87' lang='lat' dir='ltr'><strong>qui</strong></span> <span class='ocrx_word' id='word_1_98' title='bbox 1123 1392 1296 1435; x_wconf 88' lang='lat' dir='ltr'><strong>autem</strong></span> <span class='ocrx_word' id='word_1_99' title='bbox 1326 1381 1599 1434; x_wconf 76' lang='lat' dir='ltr'><strong>videbatur</strong></span> <span class='ocrx_word' id='word_1_100' title='bbox 1635 1382 1788 1434; x_wconf 83' lang='lat' dir='ltr'><strong>homo</strong></span> <span class='ocrx_word' id='word_1_101' title='bbox 1825 1383 2048 1450; x_wconf 86' lang='lat' dir='ltr'><strong>seipsum</strong></span> <span class='ocrx_word' id='word_1_102' title='bbox 2073 1383 2181 1436; x_wconf 70' lang='lat' dir='ltr'><strong>eati-</strong></span> 
     </span>
    </p>
   </div>
   <div class='ocr_carea' id='block_1_15' title="bbox 610 1471 2182 1544">
    <p class='ocr_par' dir='ltr' id='par_1_15' title="bbox 610 1471 2182 1544">
     <span class='ocr_line' id='line_1_15' title="bbox 610 1471 2182 1544; baseline 0.004 -22"><span class='ocrx_word' id='word_1_103' title='bbox 610 1471 806 1523; x_wconf 80' lang='lat' dir='ltr'><strong>uanivit</strong></span> <span class='ocrx_word' id='word_1_104' title='bbox 864 1472 918 1524; x_wconf 85' lang='lat' dir='ltr'><strong>in</strong></span> <span class='ocrx_word' id='word_1_105' title='bbox 970 1473 1104 1526; x_wconf 87' lang='lat' dir='ltr'><strong>servi</strong></span> <span class='ocrx_word' id='word_1_106' title='bbox 1159 1472 1387 1542; x_wconf 77' lang='lat' dir='ltr'><strong>formam</strong></span> <span class='ocrx_word' id='word_1_107' title='bbox 1404 1495 1422 1537; x_wconf 74' lang='lat'><strong>,</strong></span> <span class='ocrx_word' id='word_1_108' title='bbox 1473 1474 1562 1542; x_wconf 84' lang='lat' dir='ltr'><strong>qui</strong></span> <span class='ocrx_word' id='word_1_109' title='bbox 1621 1483 1796 1527; x_wconf 82' lang='lat' dir='ltr'><strong>autent</strong></span> <span class='ocrx_word' id='word_1_110' title='bbox 1845 1475 2074 1544; x_wconf 88' lang='lat' dir='ltr'><strong>seipsum</strong></span> <span class='ocrx_word' id='word_1_111' title='bbox 2127 1477 2182 1529; x_wconf 88' lang='lat' dir='ltr'><strong>in</strong></span> 
     </span>
    </p>
   </div>
   <div class='ocr_carea' id='block_1_16' title="bbox 609 1560 2181 1636">
    <p class='ocr_par' dir='ltr' id='par_1_16' title="bbox 609 1560 2181 1636">
     <span class='ocr_line' id='line_1_16' title="bbox 609 1560 2181 1636; baseline 0.004 -22"><span class='ocrx_word' id='word_1_112' title='bbox 609 1560 835 1626; x_wconf 74' lang='lat' dir='ltr'><strong>formam</strong></span> <span class='ocrx_word' id='word_1_113' title='bbox 887 1565 1021 1616; x_wconf 78' lang='lat' dir='ltr'><strong>servi</strong></span> <span class='ocrx_word' id='word_1_114' title='bbox 1069 1565 1379 1628; x_wconf 68' lang='lat' dir='ltr'><strong>exinauivit,</strong></span> <span class='ocrx_word' id='word_1_115' title='bbox 1428 1567 1484 1618; x_wconf 85' lang='lat' dir='ltr'><strong>in</strong></span> <span class='ocrx_word' id='word_1_116' title='bbox 1513 1565 1737 1618; x_wconf 75' lang='lat' dir='ltr'><strong>hominis</strong></span> <span class='ocrx_word' id='word_1_117' title='bbox 1795 1567 2181 1636; x_wconf 85' lang='lat' dir='ltr'><strong>generationem</strong></span> 
     </span>
    </p>
   </div>
   <div class='ocr_carea' id='block_1_17' title="bbox 607 1653 1169 1717">
    <p class='ocr_par' dir='ltr' id='par_1_17' title="bbox 607 1653 1169 1717">
     <span class='ocr_line' id='line_1_17' title="bbox 607 1653 1169 1717; baseline 0.007 -15"><span class='ocrx_word' id='word_1_118' title='bbox 607 1653 833 1717; x_wconf 76' lang='lat' dir='ltr'><strong>seipsum</strong></span> <span class='ocrx_word' id='word_1_119' title='bbox 864 1654 1169 1707; x_wconf 73' lang='lat' dir='ltr'><strong>exinanivit.</strong></span> 
     </span>
    </p>
   </div>
   <div class='ocr_carea' id='block_1_18' title="bbox 679 1739 2180 1818">
    <p class='ocr_par' dir='ltr' id='par_1_18' title="bbox 679 1739 2180 1818">
     <span class='ocr_line' id='line_1_18' title="bbox 679 1739 2180 1818; baseline 0.005 -24"><span class='ocrx_word' id='word_1_120' title='bbox 679 1739 932 1797; x_wconf 81' lang='lat' dir='ltr'><strong>Fortasse</strong></span> <span class='ocrx_word' id='word_1_121' title='bbox 981 1745 1198 1814; x_wconf 86' lang='lat' dir='ltr'><strong>quidem</strong></span> <span class='ocrx_word' id='word_1_122' title='bbox 1243 1747 1502 1800; x_wconf 88' lang='lat' dir='ltr'><strong>continuo</strong></span> <span class='ocrx_word' id='word_1_123' title='bbox 1541 1761 1609 1800; x_wconf 81' lang='lat' dir='ltr'><strong>ex</strong></span> <span class='ocrx_word' id='word_1_124' title='bbox 1662 1746 1730 1801; x_wconf 90' lang='lat' dir='ltr'><strong>iis</strong></span> <span class='ocrx_word' id='word_1_125' title='bbox 1783 1763 1903 1818; x_wconf 74' lang='lat' dir='ltr'><strong>qure</strong></span> <span class='ocrx_word' id='word_1_126' title='bbox 1945 1749 2180 1817; x_wconf 86' lang='lat' dir='ltr'><strong>perlecta</strong></span> 
     </span>
    </p>
   </div>
   <div class='ocr_carea' id='block_1_19' title="bbox 2283 554 3795 626">
    <p class='ocr_par' dir='ltr' id='par_1_19' title="bbox 2283 554 3795 626">
     <span class='ocr_line' id='line_1_19' title="bbox 2283 554 3795 626; baseline -0.001 -15"><span class='ocrx_word' id='word_1_127' title='bbox 2283 557 2561 626; x_wconf 81' lang='grc' dir='ltr'>Μονογενῆ</span> <span class='ocrx_word' id='word_1_128' title='bbox 2607 554 2946 626; x_wconf 75' lang='grc' dir='ltr'>μετοικίζων.</span> <span class='ocrx_word' id='word_1_129' title='bbox 3008 554 3147 607; x_wconf 81' lang='grc' dir='ltr'>Ἀλλ’</span> <span class='ocrx_word' id='word_1_130' title='bbox 3181 556 3569 622; x_wconf 77' lang='grc' dir='ltr'><strong>ἐπαγωνίζεται</strong></span> <span class='ocrx_word' id='word_1_131' title='bbox 3608 561 3704 621; x_wconf 82' lang='grc' dir='ltr'>τοῖς</span> <span class='ocrx_word' id='word_1_132' title='bbox 3739 564 3795 612; x_wconf 74' lang='grc' dir='ltr'><strong>εἱ-</strong></span> 
     </span>
    </p>
   </div>
   <div class='ocr_carea' id='block_1_20' title="bbox 2285 645 3794 724">
    <p class='ocr_par' dir='ltr' id='par_1_20' title="bbox 2285 645 3794 724">
     <span class='ocr_line' id='line_1_20' title="bbox 2285 645 3794 724; baseline 0.003 -24"><span class='ocrx_word' id='word_1_133' title='bbox 2285 649 2561 720; x_wconf 84' lang='grc' dir='ltr'>ρημένοις,</span> <span class='ocrx_word' id='word_1_134' title='bbox 2595 645 2689 700; x_wconf 82' lang='grc' dir='ltr'><strong>καί</strong></span> <span class='ocrx_word' id='word_1_135' title='bbox 2723 663 2855 719; x_wconf 85' lang='grc' dir='ltr'>φησι</span> <span class='ocrx_word' id='word_1_136' title='bbox 2901 646 3093 716; x_wconf 85' lang='grc' dir='ltr'>μικρὸν</span> <span class='ocrx_word' id='word_1_137' title='bbox 3135 647 3338 710; x_wconf 81' lang='grc' dir='ltr'>ὑποϐάς</span> <span class='ocrx_word' id='word_1_138' title='bbox 3359 664 3371 676; x_wconf 91' lang='grc'><strong>·</strong></span> <span class='ocrx_word' id='word_1_139' title='bbox 3405 647 3487 700; x_wconf 82' lang='grc' dir='ltr'>Τὰ</span> <span class='ocrx_word' id='word_1_140' title='bbox 3522 649 3620 720; x_wconf 78' lang='grc' dir='ltr'><strong>γὰρ</strong></span> <span class='ocrx_word' id='word_1_141' title='bbox 3657 652 3704 704; x_wconf 87' lang='grc' dir='ltr'>ὲν</span> <span class='ocrx_word' id='word_1_142' title='bbox 3737 654 3794 724; x_wconf 83' lang='grc' dir='ltr'>τῷ</span> 
     </span>
    </p>
   </div>
   <div class='ocr_carea' id='block_1_21' title="bbox 2287 735 3796 816">
    <p class='ocr_par' dir='ltr' id='par_1_21' title="bbox 2287 735 3796 816">
     <span class='ocr_line' id='line_1_21' title="bbox 2287 735 3796 816; baseline 0.001 -19"><span class='ocrx_word' id='word_1_143' title='bbox 2287 744 2456 814; x_wconf 82' lang='grc' dir='ltr'>μέσῳ,</span> <span class='ocrx_word' id='word_1_144' title='bbox 2491 741 2576 794; x_wconf 78' lang='grc' dir='ltr'>διὰ</span> <span class='ocrx_word' id='word_1_145' title='bbox 2610 741 2671 795; x_wconf 86' lang='grc' dir='ltr'>τὸ</span> <span class='ocrx_word' id='word_1_146' title='bbox 2696 735 2927 812; x_wconf 79' lang='grc' dir='ltr'><strong>μετρίως</strong></span> <span class='ocrx_word' id='word_1_147' title='bbox 2974 740 3032 791; x_wconf 87' lang='grc' dir='ltr'>ὲν</span> <span class='ocrx_word' id='word_1_148' title='bbox 3074 743 3185 802; x_wconf 84' lang='grc' dir='ltr'>τοῖς</span> <span class='ocrx_word' id='word_1_149' title='bbox 3216 741 3539 813; x_wconf 82' lang='grc' dir='ltr'><strong>προάγουσιν</strong></span> <span class='ocrx_word' id='word_1_150' title='bbox 3565 743 3796 816; x_wconf 77' lang='grc' dir='ltr'>ἐξετασθῆ-</span> 
     </span>
    </p>
   </div>
   <div class='ocr_carea' id='block_1_22' title="bbox 2284 831 3796 904">
    <p class='ocr_par' dir='ltr' id='par_1_22' title="bbox 2284 831 3796 904">
     <span class='ocr_line' id='line_1_22' title="bbox 2284 831 3796 904; baseline 0 -17"><span class='ocrx_word' id='word_1_151' title='bbox 2284 850 2391 896; x_wconf 86' lang='grc' dir='ltr'><strong>ναι,</strong></span> <span class='ocrx_word' id='word_1_152' title='bbox 2418 832 2513 886; x_wconf 85' lang='grc' dir='ltr'>νῦν</span> <span class='ocrx_word' id='word_1_153' title='bbox 2552 833 2964 904; x_wconf 78' lang='grc' dir='ltr'>ὑπερϐήσομαι·</span> <span class='ocrx_word' id='word_1_154' title='bbox 3009 832 3084 895; x_wconf 84' lang='grc' dir='ltr'>ὡς</span> <span class='ocrx_word' id='word_1_155' title='bbox 3114 831 3417 902; x_wconf 80' lang='grc' dir='ltr'>τολμηροὺς</span> <span class='ocrx_word' id='word_1_156' title='bbox 3458 834 3532 896; x_wconf 83' lang='grc' dir='ltr'><strong>είς</strong></span> <span class='ocrx_word' id='word_1_157' title='bbox 3581 834 3636 887; x_wconf 78' lang='grc' dir='ltr'>τὸ</span> <span class='ocrx_word' id='word_1_158' title='bbox 3657 835 3796 904; x_wconf 76' lang='grc' dir='ltr'>λέγειν</span> 
     </span>
    </p>
   </div>
   <div class='ocr_carea' id='block_1_23' title="bbox 2283 922 3796 996">
    <p class='ocr_par' dir='ltr' id='par_1_23' title="bbox 2283 922 3796 996">
     <span class='ocr_line' id='line_1_23' title="bbox 2283 922 3796 996; baseline 0.003 -18"><span class='ocrx_word' id='word_1_159' title='bbox 2283 926 2378 979; x_wconf 77' lang='grc' dir='ltr'>καὶ</span> <span class='ocrx_word' id='word_1_160' title='bbox 2427 926 2640 996; x_wconf 79' lang='grc' dir='ltr'>φρονεῖν</span> <span class='ocrx_word' id='word_1_161' title='bbox 2684 924 2941 994; x_wconf 83' lang='grc' dir='ltr'><strong>ἀμήχανα</strong></span> <span class='ocrx_word' id='word_1_162' title='bbox 2981 922 3299 987; x_wconf 79' lang='grc' dir='ltr'>διαϐάλλων,</span> <span class='ocrx_word' id='word_1_163' title='bbox 3352 923 3715 990; x_wconf 79' lang='grc' dir='ltr'>ὲλεεινοτάτους</span> <span class='ocrx_word' id='word_1_164' title='bbox 3751 946 3796 982; x_wconf 71' lang='grc' dir='ltr'><strong>τε</strong></span> 
     </span>
    </p>
   </div>
   <div class='ocr_carea' id='block_1_24' title="bbox 2283 1014 3796 1088">
    <p class='ocr_par' dir='ltr' id='par_1_24' title="bbox 2283 1014 3796 1088">
     <span class='ocr_line' id='line_1_24' title="bbox 2283 1014 3796 1088; baseline -0.001 -19"><span class='ocrx_word' id='word_1_165' title='bbox 2283 1014 2759 1087; x_wconf 80' lang='grc' dir='ltr'><strong>προσαγορεύσας,</strong></span> <span class='ocrx_word' id='word_1_166' title='bbox 2811 1015 2984 1068; x_wconf 73' lang='grc' dir='ltr'>ταῦτα</span> <span class='ocrx_word' id='word_1_167' title='bbox 3036 1014 3409 1087; x_wconf 82' lang='grc' dir='ltr'>προστίθησιν·</span> <span class='ocrx_word' id='word_1_168' title='bbox 3473 1017 3534 1068; x_wconf 70' lang='grc' dir='ltr'><strong>ει</strong></span> <span class='ocrx_word' id='word_1_169' title='bbox 3586 1017 3682 1086; x_wconf 62' lang='grc' dir='ltr'><strong>νὰρ</strong></span> <span class='ocrx_word' id='word_1_170' title='bbox 3731 1020 3796 1088; x_wconf 72' lang='grc' dir='ltr'>μὴ</span> 
     </span>
    </p>
   </div>
   <div class='ocr_carea' id='block_1_25' title="bbox 2281 1105 3796 1177">
    <p class='ocr_par' dir='ltr' id='par_1_25' title="bbox 2281 1105 3796 1177">
     <span class='ocr_line' id='line_1_25' title="bbox 2281 1105 3796 1177; baseline 0.002 -16"><span class='ocrx_word' id='word_1_171' title='bbox 2281 1108 2415 1177; x_wconf 72' lang='grc' dir='ltr'>περὶ</span> <span class='ocrx_word' id='word_1_172' title='bbox 2457 1108 2562 1162; x_wconf 88' lang='grc' dir='ltr'>τοῦ</span> <span class='ocrx_word' id='word_1_173' title='bbox 2592 1109 2662 1162; x_wconf 83' lang='grc' dir='ltr'>ἐν</span> <span class='ocrx_word' id='word_1_174' title='bbox 2699 1105 2855 1176; x_wconf 79' lang='grc' dir='ltr'>ἀρχῇ</span> <span class='ocrx_word' id='word_1_175' title='bbox 2886 1107 3060 1172; x_wconf 82' lang='grc' dir='ltr'>ὄντος</span> <span class='ocrx_word' id='word_1_176' title='bbox 3100 1109 3314 1176; x_wconf 74' lang='grc' dir='ltr'>Λόγου,</span> <span class='ocrx_word' id='word_1_177' title='bbox 3345 1106 3440 1159; x_wconf 75' lang='grc' dir='ltr'>καὶ</span> <span class='ocrx_word' id='word_1_178' title='bbox 3473 1108 3610 1162; x_wconf 84' lang='grc' dir='ltr'><strong>Θεοῦ</strong></span> <span class='ocrx_word' id='word_1_179' title='bbox 3643 1110 3796 1176; x_wconf 84' lang='grc' dir='ltr'>ὄντος,</span> 
     </span>
    </p>
   </div>
   <div class='ocr_carea' id='block_1_26' title="bbox 2281 1198 3798 1270">
    <p class='ocr_par' dir='ltr' id='par_1_26' title="bbox 2281 1198 3798 1270">
     <span class='ocr_line' id='line_1_26' title="bbox 2281 1198 3798 1270; baseline 0.001 -15"><span class='ocrx_word' id='word_1_180' title='bbox 2281 1203 2314 1255; x_wconf 88' lang='grc' dir='ltr'><strong><em>ό</em></strong></span> <span class='ocrx_word' id='word_1_181' title='bbox 2352 1198 2642 1270; x_wconf 80' lang='grc' dir='ltr'>μακάριος</span> <span class='ocrx_word' id='word_1_182' title='bbox 2691 1199 3018 1267; x_wconf 77' lang='grc' dir='ltr'><strong>διαλέγεται</strong></span> <span class='ocrx_word' id='word_1_183' title='bbox 3059 1199 3313 1266; x_wconf 82' lang='grc' dir='ltr'><strong>Πέτρος·</strong></span> <span class='ocrx_word' id='word_1_184' title='bbox 3364 1199 3520 1252; x_wconf 68' lang='grc' dir='ltr'><em>ἀλλὰ</em></span> <span class='ocrx_word' id='word_1_185' title='bbox 3559 1200 3678 1266; x_wconf 77' lang='grc' dir='ltr'>περὶ</span> <span class='ocrx_word' id='word_1_186' title='bbox 3716 1202 3798 1256; x_wconf 80' lang='grc' dir='ltr'>τοῦ</span> 
     </span>
    </p>
   </div>
   <div class='ocr_carea' id='block_1_27' title="bbox 2275 1289 3797 1362">
    <p class='ocr_par' dir='ltr' id='par_1_27' title="bbox 2275 1289 3797 1362">
     <span class='ocr_line' id='line_1_27' title="bbox 2275 1289 3797 1362; baseline -0.003 -16"><span class='ocrx_word' id='word_1_187' title='bbox 2275 1292 2658 1362; x_wconf 73' lang='grc' dir='ltr'><strong>βλεπομένου</strong></span> <span class='ocrx_word' id='word_1_188' title='bbox 2703 1289 2802 1344; x_wconf 79' lang='grc' dir='ltr'>καὶ</span> <span class='ocrx_word' id='word_1_189' title='bbox 2841 1290 3218 1354; x_wconf 84' lang='grc' dir='ltr'>κενώσαντος</span> <span class='ocrx_word' id='word_1_190' title='bbox 3250 1289 3487 1351; x_wconf 82' lang='grc' dir='ltr'>ἑαυτὸν,</span> <span class='ocrx_word' id='word_1_191' title='bbox 3523 1289 3694 1356; x_wconf 84' lang='grc' dir='ltr'>καθώς</span> <span class='ocrx_word' id='word_1_192' title='bbox 3715 1310 3797 1360; x_wconf 66' lang='grc' dir='ltr'>φη-</span> 
     </span>
    </p>
   </div>
   <div class='ocr_carea' id='block_1_28' title="bbox 2281 1377 3798 1445">
    <p class='ocr_par' dir='ltr' id='par_1_28' title="bbox 2281 1377 3798 1445">
     <span class='ocr_line' id='line_1_28' title="bbox 2281 1377 3798 1445; baseline -0.002 -8"><span class='ocrx_word' id='word_1_193' title='bbox 2281 1398 2385 1437; x_wconf 90' lang='grc' dir='ltr'><strong>σιν</strong></span> <span class='ocrx_word' id='word_1_194' title='bbox 2416 1385 2449 1436; x_wconf 82' lang='lat' dir='ltr'><strong>d</strong></span> <span class='ocrx_word' id='word_1_195' title='bbox 2489 1382 2826 1445; x_wconf 79' lang='grc' dir='ltr'>Βασίλειος,</span> <span class='ocrx_word' id='word_1_196' title='bbox 2877 1380 3178 1433; x_wconf 80' lang='grc' dir='ltr'><strong>ἐκένωσεν</strong></span> <span class='ocrx_word' id='word_1_197' title='bbox 3221 1377 3439 1432; x_wconf 77' lang='grc' dir='ltr'>ἑαυτὸν</span> <span class='ocrx_word' id='word_1_198' title='bbox 3471 1378 3536 1432; x_wconf 83' lang='grc' dir='ltr'>δὲ</span> <span class='ocrx_word' id='word_1_199' title='bbox 3567 1383 3597 1433; x_wconf 88' lang='grc' dir='ltr'><em>ὁ</em></span> <span class='ocrx_word' id='word_1_200' title='bbox 3618 1381 3798 1444; x_wconf 75' lang='grc' dir='ltr'><strong>,ϐλεπό-</strong></span> 
     </span>
    </p>
   </div>
   <div class='ocr_carea' id='block_1_29' title="bbox 2278 1466 3798 1540">
    <p class='ocr_par' dir='ltr' id='par_1_29' title="bbox 2278 1466 3798 1540">
     <span class='ocr_line' id='line_1_29' title="bbox 2278 1466 3798 1540; baseline 0.001 -15"><span class='ocrx_word' id='word_1_201' title='bbox 2278 1489 2458 1540; x_wconf 84' lang='grc' dir='ltr'>μενος</span> <span class='ocrx_word' id='word_1_202' title='bbox 2505 1470 2813 1538; x_wconf 77' lang='grc' dir='ltr'>ἆνθρωπος</span> <span class='ocrx_word' id='word_1_203' title='bbox 2858 1466 3116 1539; x_wconf 73' lang='grc' dir='ltr'>[ἑαυτὸν]</span> <span class='ocrx_word' id='word_1_204' title='bbox 3144 1470 3230 1533; x_wconf 83' lang='grc' dir='ltr'>εὶς</span> <span class='ocrx_word' id='word_1_205' title='bbox 3277 1467 3500 1522; x_wconf 72' lang='grc' dir='ltr'>δούλου</span> <span class='ocrx_word' id='word_1_206' title='bbox 3532 1469 3798 1539; x_wconf 65' lang='grc' dir='ltr'>μορφὴν-,ό</span> 
     </span>
    </p>
   </div>
   <div class='ocr_carea' id='block_1_30' title="bbox 2280 1557 3801 1628">
    <p class='ocr_par' dir='ltr' id='par_1_30' title="bbox 2280 1557 3801 1628">
     <span class='ocr_line' id='line_1_30' title="bbox 2280 1557 3801 1628; baseline -0.001 -14"><span class='ocrx_word' id='word_1_207' title='bbox 2280 1560 2348 1614; x_wconf 80' lang='grc' dir='ltr'>δὲ</span> <span class='ocrx_word' id='word_1_208' title='bbox 2393 1559 2662 1625; x_wconf 81' lang='grc' dir='ltr'>κενώσας</span> <span class='ocrx_word' id='word_1_209' title='bbox 2711 1559 2928 1613; x_wconf 81' lang='grc' dir='ltr'>ἑαυτὸν</span> <span class='ocrx_word' id='word_1_210' title='bbox 2955 1561 3040 1624; x_wconf 82' lang='grc' dir='ltr'>εις</span> <span class='ocrx_word' id='word_1_211' title='bbox 3073 1557 3296 1612; x_wconf 73' lang='grc' dir='ltr'>δούλου</span> <span class='ocrx_word' id='word_1_212' title='bbox 3337 1559 3590 1628; x_wconf 65' lang='grc' dir='ltr'>μορφὴν,</span> <span class='ocrx_word' id='word_1_213' title='bbox 3617 1563 3691 1626; x_wconf 78' lang='grc' dir='ltr'><strong>είς</strong></span> <span class='ocrx_word' id='word_1_214' title='bbox 3725 1563 3801 1615; x_wconf 82' lang='grc' dir='ltr'><strong>ἁν-</strong></span> 
     </span>
    </p>
   </div>
   <div class='ocr_carea' id='block_1_31' title="bbox 2280 1649 3375 1719">
    <p class='ocr_par' dir='ltr' id='par_1_31' title="bbox 2280 1649 3375 1719">
     <span class='ocr_line' id='line_1_31' title="bbox 2280 1649 3375 1719; baseline -0.002 -13"><span class='ocrx_word' id='word_1_215' title='bbox 2280 1653 2513 1719; x_wconf 73' lang='grc' dir='ltr'>θρώπου</span> <span class='ocrx_word' id='word_1_216' title='bbox 2535 1651 2779 1719; x_wconf 75' lang='grc' dir='ltr'>γένεσιν</span> <span class='ocrx_word' id='word_1_217' title='bbox 2812 1649 3110 1703; x_wconf 77' lang='grc' dir='ltr'><strong>ἐκένωσεν</strong></span> <span class='ocrx_word' id='word_1_218' title='bbox 3139 1649 3375 1704; x_wconf 85' lang='grc' dir='ltr'>ἑαυτόν.</span> 
     </span>
    </p>
   </div>
   <div class='ocr_carea' id='block_1_32' title="bbox 2355 1736 3800 1811">
    <p class='ocr_par' dir='ltr' id='par_1_32' title="bbox 2355 1736 3800 1811">
     <span class='ocr_line' id='line_1_32' title="bbox 2355 1736 3800 1811; baseline -0.003 -16"><span class='ocrx_word' id='word_1_219' title='bbox 2355 1741 2507 1811; x_wconf 83' lang='grc' dir='ltr'><strong>Τάχα</strong></span> <span class='ocrx_word' id='word_1_220' title='bbox 2585 1741 2683 1811; x_wconf 82' lang='grc' dir='ltr'>μὲν</span> <span class='ocrx_word' id='word_1_221' title='bbox 2756 1736 2848 1793; x_wconf 77' lang='grc' dir='ltr'>οὖν</span> <span class='ocrx_word' id='word_1_222' title='bbox 2908 1739 3068 1801; x_wconf 80' lang='grc' dir='ltr'>εὐθὺς</span> <span class='ocrx_word' id='word_1_223' title='bbox 3126 1742 3189 1792; x_wconf 81' lang='grc' dir='ltr'>ἐκ</span> <span class='ocrx_word' id='word_1_224' title='bbox 3257 1739 3374 1792; x_wconf 82' lang='grc' dir='ltr'>τῶν</span> <span class='ocrx_word' id='word_1_225' title='bbox 3435 1739 3800 1809; x_wconf 76' lang='grc' dir='ltr'>ἀνεγνωσμένων</span> 
     </span>
    </p>
   </div>
   <div class='ocr_carea' id='block_1_33' title="bbox 607 1831 2175 1907">
    <p class='ocr_par' dir='ltr' id='par_1_33' title="bbox 607 1835 2175 1907">
     <span class='ocr_line' id='line_1_33' title="bbox 607 1835 2175 1907; baseline 0.007 -24"><span class='ocrx_word' id='word_1_226' title='bbox 607 1840 757 1896; x_wconf 87' lang='lat' dir='ltr'><strong>sunt,</strong></span> <span class='ocrx_word' id='word_1_227' title='bbox 802 1835 1107 1888; x_wconf 87' lang='lat' dir='ltr'><strong>auditorum</strong></span> <span class='ocrx_word' id='word_1_228' title='bbox 1150 1836 1359 1903; x_wconf 79' lang='lat' dir='ltr'><strong>judicio</strong></span> <span class='ocrx_word' id='word_1_229' title='bbox 1418 1837 1757 1907; x_wconf 82' lang='lat' dir='ltr'><strong>deprehensa</strong></span> <span class='ocrx_word' id='word_1_230' title='bbox 1797 1848 1878 1893; x_wconf 91' lang='lat' dir='ltr'><strong>est</strong></span> <span class='ocrx_word' id='word_1_231' title='bbox 1923 1849 2175 1895; x_wconf 89' lang='lat' dir='ltr'><strong>constru-</strong></span> 
     </span>
    </p>
   </div>
   <div class='ocr_carea' id='block_1_34' title="bbox 2276 1831 3795 1907">
    <p class='ocr_par' dir='ltr' id='par_1_34' title="bbox 2283 1831 3795 1905">
     <span class='ocr_line' id='line_1_34' title="bbox 2283 1831 3795 1905; baseline 0 -20"><span class='ocrx_word' id='word_1_232' title='bbox 2283 1831 2706 1905; x_wconf 84' lang='grc' dir='ltr'>προπεφώραται</span> <span class='ocrx_word' id='word_1_233' title='bbox 2753 1835 2818 1903; x_wconf 80' lang='grc' dir='ltr'>τῇ</span> <span class='ocrx_word' id='word_1_234' title='bbox 2871 1831 3050 1902; x_wconf 88' lang='grc' dir='ltr'>κρίσει</span> <span class='ocrx_word' id='word_1_235' title='bbox 3089 1831 3198 1883; x_wconf 86' lang='grc' dir='ltr'><strong>τῶν</strong></span> <span class='ocrx_word' id='word_1_236' title='bbox 3245 1831 3567 1893; x_wconf 84' lang='grc' dir='ltr'>ἀκουόντων,</span> <span class='ocrx_word' id='word_1_237' title='bbox 3607 1832 3693 1901; x_wconf 76' lang='grc' dir='ltr'>τῆς</span> <span class='ocrx_word' id='word_1_238' title='bbox 3723 1831 3795 1885; x_wconf 80' lang='grc' dir='ltr'>τοῦ</span> 
     </span>
    </p>
   </div>
   <div class='ocr_carea' id='block_1_35' title="bbox 607 1924 2172 1994">
    <p class='ocr_par' dir='ltr' id='par_1_35' title="bbox 607 1924 2172 1994">
     <span class='ocr_line' id='line_1_35' title="bbox 607 1924 2172 1994; baseline 0.012 -24"><span class='ocrx_word' id='word_1_239' title='bbox 607 1924 807 1979; x_wconf 66' lang='lat' dir='ltr'><strong>«tionis</strong></span> <span class='ocrx_word' id='word_1_240' title='bbox 832 1926 996 1994; x_wconf 86' lang='lat' dir='ltr'><strong>hujus</strong></span> <span class='ocrx_word' id='word_1_241' title='bbox 1026 1931 1295 1983; x_wconf 83' lang='lat' dir='ltr'><strong>sermonis</strong></span> <span class='ocrx_word' id='word_1_242' title='bbox 1348 1931 1618 1986; x_wconf 85' lang='lat' dir='ltr'><strong>calliditas</strong></span> <span class='ocrx_word' id='word_1_243' title='bbox 1648 1931 1806 1985; x_wconf 86' lang='lat' dir='ltr'><strong>simul</strong></span> <span class='ocrx_word' id='word_1_244' title='bbox 1832 1941 1884 1986; x_wconf 90' lang='lat' dir='ltr'><strong>et</strong></span> <span class='ocrx_word' id='word_1_245' title='bbox 1918 1935 2172 1989; x_wconf 82' lang='lat' dir='ltr'><strong>amentia.</strong></span> 
     </span>
    </p>
   </div>
   <div class='ocr_carea' id='block_1_36' title="bbox 604 2015 2175 2097">
    <p class='ocr_par' dir='ltr' id='par_1_36' title="bbox 604 2015 2175 2097">
     <span class='ocr_line' id='line_1_36' title="bbox 604 2015 2175 2097; baseline 0.008 -28"><span class='ocrx_word' id='word_1_246' title='bbox 604 2015 973 2075; x_wconf 87' lang='lat' dir='ltr'><strong>Nihilominus</strong></span> <span class='ocrx_word' id='word_1_247' title='bbox 1006 2023 1194 2091; x_wconf 83' lang='lat' dir='ltr'><strong>paucis</strong></span> <span class='ocrx_word' id='word_1_248' title='bbox 1217 2023 1398 2076; x_wconf 80' lang='lat' dir='ltr'><strong>verbis</strong></span> <span class='ocrx_word' id='word_1_249' title='bbox 1417 2039 1603 2078; x_wconf 90' lang='lat' dir='ltr'><strong>eorum</strong></span> <span class='ocrx_word' id='word_1_250' title='bbox 1628 2041 1748 2094; x_wconf 61' lang='lat' dir='ltr'><strong>quae</strong></span> <span class='ocrx_word' id='word_1_251' title='bbox 1787 2026 1854 2080; x_wconf 85' lang='lat' dir='ltr'><strong>ab</strong></span> <span class='ocrx_word' id='word_1_252' title='bbox 1887 2026 2004 2097; x_wconf 88' lang='lat' dir='ltr'><strong>ipso</strong></span> <span class='ocrx_word' id='word_1_253' title='bbox 2033 2027 2175 2081; x_wconf 90' lang='lat' dir='ltr'><strong>dicta</strong></span> 
     </span>
    </p>
   </div>
   <div class='ocr_carea' id='block_1_37' title="bbox 605 2109 2173 2182">
    <p class='ocr_par' dir='ltr' id='par_1_37' title="bbox 605 2109 2173 2182">
     <span class='ocr_line' id='line_1_37' title="bbox 605 2109 2173 2182; baseline 0.009 -21"><span class='ocrx_word' id='word_1_254' title='bbox 605 2118 734 2161; x_wconf 88' lang='lat' dir='ltr'><strong>sunt</strong></span> <span class='ocrx_word' id='word_1_255' title='bbox 765 2109 1147 2167; x_wconf 84' lang='lat' dir='ltr'><strong>refutationem</strong></span> <span class='ocrx_word' id='word_1_256' title='bbox 1181 2115 1568 2182; x_wconf 84' lang='lat' dir='ltr'><strong>subjiciemus:</strong></span> <span class='ocrx_word' id='word_1_257' title='bbox 1601 2133 1707 2171; x_wconf 89' lang='lat' dir='ltr'><strong>non</strong></span> <span class='ocrx_word' id='word_1_258' title='bbox 1743 2116 1807 2170; x_wconf 87' lang='lat' dir='ltr'><strong>ad</strong></span> <span class='ocrx_word' id='word_1_259' title='bbox 1838 2119 2173 2174; x_wconf 80' lang='lat' dir='ltr'><strong>eversionem</strong></span> 
     </span>
    </p>
   </div>
   <div class='ocr_carea' id='block_1_38' title="bbox 604 2202 2174 2281">
    <p class='ocr_par' dir='ltr' id='par_1_38' title="bbox 604 2202 2174 2281">
     <span class='ocr_line' id='line_1_38' title="bbox 604 2202 2174 2281; baseline 0.008 -27"><span class='ocrx_word' id='word_1_260' title='bbox 604 2210 713 2254; x_wconf 86' lang='lat' dir='ltr'><strong>tam</strong></span> <span class='ocrx_word' id='word_1_261' title='bbox 748 2202 950 2256; x_wconf 86' lang='lat' dir='ltr'><strong>indocti</strong></span> <span class='ocrx_word' id='word_1_262' title='bbox 982 2215 1035 2258; x_wconf 89' lang='lat' dir='ltr'><strong>et</strong></span> <span class='ocrx_word' id='word_1_263' title='bbox 1057 2205 1240 2259; x_wconf 90' lang='lat' dir='ltr'><strong>insciti</strong></span> <span class='ocrx_word' id='word_1_264' title='bbox 1270 2209 1586 2273; x_wconf 90' lang='lat' dir='ltr'><strong>commenti,</strong></span> <span class='ocrx_word' id='word_1_265' title='bbox 1619 2209 1765 2279; x_wconf 91' lang='lat' dir='ltr'><strong>quod</strong></span> <span class='ocrx_word' id='word_1_266' title='bbox 1803 2210 1962 2264; x_wconf 88' lang='lat' dir='ltr'><strong>etiant</strong></span> <span class='ocrx_word' id='word_1_267' title='bbox 2000 2227 2095 2281; x_wconf 90' lang='lat' dir='ltr'><strong>per</strong></span> <span class='ocrx_word' id='word_1_268' title='bbox 2117 2227 2174 2267; x_wconf 80' lang='lat' dir='ltr'><strong>se</strong></span> 
     </span>
    </p>
   </div>
   <div class='ocr_carea' id='block_1_39' title="bbox 604 2294 2175 2363">
    <p class='ocr_par' dir='ltr' id='par_1_39' title="bbox 604 2294 2175 2363">
     <span class='ocr_line' id='line_1_39' title="bbox 604 2294 2175 2363; baseline 0.007 -17"><span class='ocrx_word' id='word_1_269' title='bbox 604 2294 745 2363; x_wconf 82' lang='lat' dir='ltr'><strong>apud</strong></span> <span class='ocrx_word' id='word_1_270' title='bbox 775 2303 977 2349; x_wconf 88' lang='lat' dir='ltr'><strong>attente</strong></span> <span class='ocrx_word' id='word_1_271' title='bbox 1019 2296 1302 2353; x_wconf 86' lang='lat' dir='ltr'><strong>audientes</strong></span> <span class='ocrx_word' id='word_1_272' title='bbox 1344 2313 1591 2354; x_wconf 89' lang='lat' dir='ltr'><strong>eversum</strong></span> <span class='ocrx_word' id='word_1_273' title='bbox 1651 2310 1780 2355; x_wconf 87' lang='lat' dir='ltr'><strong>est:</strong></span> <span class='ocrx_word' id='word_1_274' title='bbox 1835 2301 1926 2355; x_wconf 87' lang='lat' dir='ltr'><strong>sed</strong></span> <span class='ocrx_word' id='word_1_275' title='bbox 1976 2319 2045 2356; x_wconf 90' lang='lat' dir='ltr'><strong>ne</strong></span> <span class='ocrx_word' id='word_1_276' title='bbox 2095 2304 2175 2356; x_wconf 82' lang='lat' dir='ltr'><strong>vi-</strong></span> 
     </span>
    </p>
   </div>
   <div class='ocr_carea' id='block_1_40' title="bbox 605 2387 2176 2462">
    <p class='ocr_par' dir='ltr' id='par_1_40' title="bbox 605 2387 2176 2462">
     <span class='ocr_line' id='line_1_40' title="bbox 605 2387 2176 2462; baseline 0.007 -25"><span class='ocrx_word' id='word_1_277' title='bbox 605 2387 828 2440; x_wconf 83' lang='lat' dir='ltr'><strong>deamur</strong></span> <span class='ocrx_word' id='word_1_278' title='bbox 859 2395 1120 2455; x_wconf 65' lang='lat' dir='ltr'><strong>praetextu</strong></span> <span class='ocrx_word' id='word_1_279' title='bbox 1140 2397 1194 2443; x_wconf 89' lang='lat' dir='ltr'><strong>et</strong></span> <span class='ocrx_word' id='word_1_280' title='bbox 1223 2391 1404 2458; x_wconf 89' lang='lat' dir='ltr'><strong>specie</strong></span> <span class='ocrx_word' id='word_1_281' title='bbox 1426 2400 1772 2462; x_wconf 87' lang='lat' dir='ltr'><strong>contemptus</strong></span> <span class='ocrx_word' id='word_1_282' title='bbox 1803 2394 2029 2449; x_wconf 89' lang='lat' dir='ltr'><strong>vilitatis</strong></span> <span class='ocrx_word' id='word_1_283' title='bbox 2060 2410 2176 2450; x_wconf 89' lang='lat' dir='ltr'><strong>ser-</strong></span> 
     </span>
    </p>
   </div>
   <div class='ocr_carea' id='block_1_41' title="bbox 603 2477 2170 2552">
    <p class='ocr_par' dir='ltr' id='par_1_41' title="bbox 603 2477 2170 2552">
     <span class='ocr_line' id='line_1_41' title="bbox 603 2477 2170 2552; baseline 0.009 -25"><span class='ocrx_word' id='word_1_284' title='bbox 603 2477 805 2538; x_wconf 88' lang='lat' dir='ltr'><strong>monis.</strong></span> <span class='ocrx_word' id='word_1_285' title='bbox 834 2477 1111 2549; x_wconf 88' lang='lat' dir='ltr'><strong>despicere</strong></span> <span class='ocrx_word' id='word_1_286' title='bbox 1135 2480 1278 2550; x_wconf 92' lang='lat' dir='ltr'><strong>quod</strong></span> <span class='ocrx_word' id='word_1_287' title='bbox 1303 2483 1638 2552; x_wconf 78' lang='lat' dir='ltr'><strong>propositum</strong></span> <span class='ocrx_word' id='word_1_288' title='bbox 1685 2494 1768 2538; x_wconf 90' lang='lat' dir='ltr'><strong>est</strong></span> <span class='ocrx_word' id='word_1_289' title='bbox 1800 2486 2170 2541; x_wconf 83' lang='lat' dir='ltr'><strong>inexcussum.</strong></span> 
     </span>
    </p>
   </div>
   <div class='ocr_carea' id='block_1_42' title="bbox 521 2568 2176 2650">
    <p class='ocr_par' dir='ltr' id='par_1_42' title="bbox 521 2568 2176 2650">
     <span class='ocr_line' id='line_1_42' title="bbox 521 2568 2176 2650; baseline 0.009 -32"><span class='ocrx_word' id='word_1_290' title='bbox 521 2635 524 2640; x_wconf 28' lang='grc' dir='ltr'>ι</span> <span class='ocrx_word' id='word_1_291' title='bbox 607 2568 698 2621; x_wconf 83' lang='lat' dir='ltr'><strong>Sic</strong></span> <span class='ocrx_word' id='word_1_292' title='bbox 726 2569 890 2640; x_wconf 77' lang='lat' dir='ltr'><strong>igitur</strong></span> <span class='ocrx_word' id='word_1_293' title='bbox 915 2586 1220 2626; x_wconf 88' lang='lat' dir='ltr'><strong>sermonem</strong></span> <span class='ocrx_word' id='word_1_294' title='bbox 1271 2575 1719 2634; x_wconf 79' lang='lat' dir='ltr'><strong>consideremus:</strong></span> <span class='ocrx_word' id='word_1_295' title='bbox 1755 2577 2009 2642; x_wconf 72' lang='lat' dir='ltr'><strong>Quaenam</strong></span> <span class='ocrx_word' id='word_1_296' title='bbox 2047 2595 2176 2650; x_wconf 80' lang='lat' dir='ltr'><strong>apo-</strong></span> 
     </span>
    </p>
   </div>
   <div class='ocr_carea' id='block_1_43' title="bbox 605 2657 2175 2740">
    <p class='ocr_par' dir='ltr' id='par_1_43' title="bbox 605 2657 2175 2740">
     <span class='ocr_line' id='line_1_43' title="bbox 605 2657 2175 2740; baseline 0.008 -29"><span class='ocrx_word' id='word_1_297' title='bbox 605 2662 728 2714; x_wconf 87' lang='lat' dir='ltr'><strong>stoli</strong></span> <span class='ocrx_word' id='word_1_298' title='bbox 758 2657 1116 2716; x_wconf 66' lang='lat' dir='ltr'><strong>vox&#39;iNotum</strong></span> <span class='ocrx_word' id='word_1_299' title='bbox 1146 2665 1237 2729; x_wconf 88' lang='lat' dir='ltr'><strong>sit,</strong></span> <span class='ocrx_word' id='word_1_300' title='bbox 1269 2665 1467 2736; x_wconf 78' lang='lat' dir='ltr'><strong>inquit,</strong></span> <span class='ocrx_word' id='word_1_301' title='bbox 1512 2667 1650 2736; x_wconf 87' lang='lat' dir='ltr'><strong>quod</strong></span> <span class='ocrx_word' id='word_1_302' title='bbox 1693 2666 1968 2723; x_wconf 83' lang='lat' dir='ltr'><strong>Dominum</strong></span> <span class='ocrx_word' id='word_1_303' title='bbox 2006 2672 2175 2740; x_wconf 89' lang='lat' dir='ltr'><strong>ipsum</strong></span> 
     </span>
    </p>
   </div>
   <div class='ocr_carea' id='block_1_44' title="bbox 605 2752 2173 2830">
    <p class='ocr_par' dir='ltr' id='par_1_44' title="bbox 605 2752 2173 2830">
     <span class='ocr_line' id='line_1_44' title="bbox 605 2752 2173 2830; baseline 0.006 -23"><span class='ocrx_word' id='word_1_304' title='bbox 605 2752 874 2807; x_wconf 80' lang='lat' dir='ltr'><strong>Christum</strong></span> <span class='ocrx_word' id='word_1_305' title='bbox 901 2755 1022 2823; x_wconf 79' lang='lat' dir='ltr'><strong>fecit</strong></span> <span class='ocrx_word' id='word_1_306' title='bbox 1045 2755 1182 2810; x_wconf 90' lang='lat' dir='ltr'><strong>Deus</strong></span> <span class='ocrx_word' id='word_1_307' title='bbox 1213 2757 1277 2808; x_wconf 81' lang='lat'><strong>&quot;.</strong></span> <span class='ocrx_word' id='word_1_308' title='bbox 1309 2755 1511 2812; x_wconf 88' lang='lat' dir='ltr'><strong>Deinde</strong></span> <span class='ocrx_word' id='word_1_309' title='bbox 1543 2759 1692 2813; x_wconf 88' lang='lat' dir='ltr'><strong>velut</strong></span> <span class='ocrx_word' id='word_1_310' title='bbox 1723 2761 1768 2813; x_wconf 90' lang='lat' dir='ltr'><strong>si</strong></span> <span class='ocrx_word' id='word_1_311' title='bbox 1805 2762 1930 2830; x_wconf 89' lang='lat' dir='ltr'><strong>quis</strong></span> <span class='ocrx_word' id='word_1_312' title='bbox 1980 2764 2173 2817; x_wconf 84' lang='lat' dir='ltr'><strong>scisri-</strong></span> 
     </span>
    </p>
   </div>
   <div class='ocr_carea' id='block_1_45' title="bbox 603 2847 2173 2926">
    <p class='ocr_par' dir='ltr' id='par_1_45' title="bbox 603 2847 2173 2926">
     <span class='ocr_line' id='line_1_45' title="bbox 603 2847 2173 2926; baseline 0.008 -29"><span class='ocrx_word' id='word_1_313' title='bbox 603 2852 750 2899; x_wconf 81' lang='lat' dir='ltr'><strong>tatus</strong></span> <span class='ocrx_word' id='word_1_314' title='bbox 781 2855 927 2906; x_wconf 85' lang='lat' dir='ltr'><strong>esset</strong></span> <span class='ocrx_word' id='word_1_315' title='bbox 978 2847 1031 2904; x_wconf 91' lang='lat' dir='ltr'><strong>in</strong></span> <span class='ocrx_word' id='word_1_316' title='bbox 1079 2864 1188 2918; x_wconf 92' lang='lat' dir='ltr'><strong>quo</strong></span> <span class='ocrx_word' id='word_1_317' title='bbox 1242 2847 1384 2902; x_wconf 90' lang='lat' dir='ltr'><strong>facta</strong></span> <span class='ocrx_word' id='word_1_318' title='bbox 1442 2859 1588 2904; x_wconf 89' lang='lat' dir='ltr'><strong>esset</strong></span> <span class='ocrx_word' id='word_1_319' title='bbox 1638 2852 1764 2908; x_wconf 86' lang='lat' dir='ltr'><strong>talis</strong></span> <span class='ocrx_word' id='word_1_320' title='bbox 1819 2855 2013 2926; x_wconf 72' lang='lat' dir='ltr'><strong>gratia,</strong></span> <span class='ocrx_word' id='word_1_321' title='bbox 2075 2871 2173 2910; x_wconf 86' lang='lat' dir='ltr'><strong>cett</strong></span> 
     </span>
    </p>
   </div>
   <div class='ocr_carea' id='block_1_46' title="bbox 605 2937 2174 3015">
    <p class='ocr_par' dir='ltr' id='par_1_46' title="bbox 605 2937 2174 3015">
     <span class='ocr_line' id='line_1_46' title="bbox 605 2937 2174 3015; baseline 0.01 -29"><span class='ocrx_word' id='word_1_322' title='bbox 605 2937 774 3006; x_wconf 75' lang='lat' dir='ltr'><strong>digito</strong></span> <span class='ocrx_word' id='word_1_323' title='bbox 813 2938 1118 3006; x_wconf 80' lang='lat' dir='ltr'><strong>subjectum</strong></span> <span class='ocrx_word' id='word_1_324' title='bbox 1165 2943 1454 2999; x_wconf 86' lang='lat' dir='ltr'><strong>ostendit:</strong></span> <span class='ocrx_word' id='word_1_325' title='bbox 1499 2941 1680 3009; x_wconf 85' lang='lat' dir='ltr'><strong>llunc,</strong></span> <span class='ocrx_word' id='word_1_326' title='bbox 1737 2946 1946 3015; x_wconf 86' lang='lat' dir='ltr'><strong>inquit,</strong></span> <span class='ocrx_word' id='word_1_327' title='bbox 1991 2945 2174 3001; x_wconf 83' lang='lat' dir='ltr'><strong>Jesum</strong></span> 
     </span>
    </p>
   </div>
   <div class='ocr_carea' id='block_1_47' title="bbox 605 3033 2177 3109">
    <p class='ocr_par' dir='ltr' id='par_1_47' title="bbox 605 3033 2177 3109">
     <span class='ocr_line' id='line_1_47' title="bbox 605 3033 2177 3109; baseline 0.011 -30"><span class='ocrx_word' id='word_1_328' title='bbox 605 3045 753 3097; x_wconf 79' lang='lat' dir='ltr'><strong>quem</strong></span> <span class='ocrx_word' id='word_1_329' title='bbox 777 3047 863 3084; x_wconf 87' lang='lat' dir='ltr'><strong>vos</strong></span> <span class='ocrx_word' id='word_1_330' title='bbox 894 3033 1258 3095; x_wconf 80' lang='lat' dir='ltr'><strong>cruciﬁxistis.</strong></span> <span class='ocrx_word' id='word_1_331' title='bbox 1307 3033 1445 3098; x_wconf 81' lang='lat' dir='ltr'><strong>Quid</strong></span> <span class='ocrx_word' id='word_1_332' title='bbox 1487 3035 1654 3092; x_wconf 77' lang='lat' dir='ltr'><strong>deeo</strong></span> <span class='ocrx_word' id='word_1_333' title='bbox 1695 3040 1870 3109; x_wconf 90' lang='lat' dir='ltr'><strong>inquit</strong></span> <span class='ocrx_word' id='word_1_334' title='bbox 1908 3040 2177 3099; x_wconf 86' lang='lat' dir='ltr'><strong>Basilius?</strong></span> 
     </span>
    </p>
   </div>
   <div class='ocr_carea' id='block_1_48' title="bbox 604 3121 2172 3189">
    <p class='ocr_par' dir='ltr' id='par_1_48' title="bbox 604 3121 2172 3189">
     <span class='ocr_line' id='line_1_48' title="bbox 604 3121 2172 3189; baseline 0.009 -17"><span class='ocrx_word' id='word_1_335' title='bbox 604 3122 749 3189; x_wconf 89' lang='lat' dir='ltr'><strong>quod</strong></span> <span class='ocrx_word' id='word_1_336' title='bbox 775 3121 890 3175; x_wconf 67' lang='lat' dir='ltr'><strong>haec</strong></span> <span class='ocrx_word' id='word_1_337' title='bbox 915 3137 1018 3176; x_wconf 75' lang='lat' dir='ltr'><strong>vos</strong></span> <span class='ocrx_word' id='word_1_338' title='bbox 1052 3123 1320 3178; x_wconf 89' lang='lat' dir='ltr'><strong>sermonis</strong></span> <span class='ocrx_word' id='word_1_339' title='bbox 1349 3125 1776 3182; x_wconf 90' lang='lat' dir='ltr'><strong>demonstrativa</strong></span> <span class='ocrx_word' id='word_1_340' title='bbox 1802 3129 1945 3186; x_wconf 86' lang='lat' dir='ltr'><strong>hunc</strong></span> <span class='ocrx_word' id='word_1_341' title='bbox 1973 3130 2172 3186; x_wconf 89' lang='lat' dir='ltr'><strong>factum</strong></span> 
     </span>
    </p>
   </div>
   <div class='ocr_carea' id='block_1_49' title="bbox 603 3213 2176 3294">
    <p class='ocr_par' dir='ltr' id='par_1_49' title="bbox 603 3213 2176 3294">
     <span class='ocr_line' id='line_1_49' title="bbox 603 3213 2176 3294; baseline 0.008 -28"><span class='ocrx_word' id='word_1_342' title='bbox 603 3228 727 3267; x_wconf 89' lang='lat' dir='ltr'><strong>esse</strong></span> <span class='ocrx_word' id='word_1_343' title='bbox 753 3213 885 3268; x_wconf 86' lang='lat' dir='ltr'><strong>dicit</strong></span> <span class='ocrx_word' id='word_1_344' title='bbox 916 3214 1192 3270; x_wconf 85' lang='lat' dir='ltr'><strong>Christum</strong></span> <span class='ocrx_word' id='word_1_345' title='bbox 1223 3227 1277 3272; x_wconf 90' lang='lat' dir='ltr'><strong>et</strong></span> <span class='ocrx_word' id='word_1_346' title='bbox 1322 3218 1631 3284; x_wconf 86' lang='lat' dir='ltr'><strong>Dominum,</strong></span> <span class='ocrx_word' id='word_1_347' title='bbox 1674 3223 1765 3291; x_wconf 93' lang='lat' dir='ltr'><strong>qui</strong></span> <span class='ocrx_word' id='word_1_348' title='bbox 1803 3223 1869 3276; x_wconf 88' lang='lat' dir='ltr'><strong>ab</strong></span> <span class='ocrx_word' id='word_1_349' title='bbox 1912 3223 2046 3294; x_wconf 88' lang='lat' dir='ltr'><strong>ipsis</strong></span> <span class='ocrx_word' id='word_1_350' title='bbox 2079 3240 2176 3279; x_wconf 88' lang='lat' dir='ltr'><strong>au-</strong></span> 
     </span>
    </p>
   </div>
   <div class='ocr_carea' id='block_1_50' title="bbox 604 3303 2177 3376">
    <p class='ocr_par' dir='ltr' id='par_1_50' title="bbox 604 3303 2177 3376">
     <span class='ocr_line' id='line_1_50' title="bbox 604 3303 2177 3376; baseline 0.009 -19"><span class='ocrx_word' id='word_1_351' title='bbox 604 3303 880 3360; x_wconf 87' lang='lat' dir='ltr'><strong>dientibus</strong></span> <span class='ocrx_word' id='word_1_352' title='bbox 903 3308 1196 3364; x_wconf 80' lang='lat' dir='ltr'><strong>crucil‘txus</strong></span> <span class='ocrx_word' id='word_1_353' title='bbox 1229 3309 1422 3364; x_wconf 83' lang='lat' dir='ltr'><strong>fuerat.</strong></span> <span class='ocrx_word' id='word_1_354' title='bbox 1459 3311 1568 3367; x_wconf 90' lang='lat' dir='ltr'><strong>Vos</strong></span> <span class='ocrx_word' id='word_1_355' title='bbox 1615 3314 1781 3376; x_wconf 90' lang='lat' dir='ltr'><strong>enim,</strong></span> <span class='ocrx_word' id='word_1_356' title='bbox 1818 3315 1912 3376; x_wconf 89' lang='lat' dir='ltr'><strong>ait,</strong></span> <span class='ocrx_word' id='word_1_357' title='bbox 1961 3317 2177 3371; x_wconf 84' lang='lat' dir='ltr'><strong>cruciﬁ-</strong></span> 
     </span>
    </p>
   </div>
   <div class='ocr_carea' id='block_1_51' title="bbox 606 3397 2175 3476">
    <p class='ocr_par' dir='ltr' id='par_1_51' title="bbox 606 3397 2175 3476">
     <span class='ocr_line' id='line_1_51' title="bbox 606 3397 2175 3476; baseline 0.009 -29"><span class='ocrx_word' id='word_1_358' title='bbox 606 3397 783 3451; x_wconf 75' lang='lat' dir='ltr'><strong>‘sistis.</strong></span> <span class='ocrx_word' id='word_1_359' title='bbox 830 3397 894 3450; x_wconf 85' lang='lat' dir='ltr'><strong>Et</strong></span> <span class='ocrx_word' id='word_1_360' title='bbox 937 3400 1234 3456; x_wconf 85' lang='lat' dir='ltr'><strong>verisimile</strong></span> <span class='ocrx_word' id='word_1_361' title='bbox 1278 3413 1399 3456; x_wconf 85' lang='lat' dir='ltr'><strong>erat</strong></span> <span class='ocrx_word' id='word_1_362' title='bbox 1454 3419 1547 3457; x_wconf 80' lang='lat' dir='ltr'><strong>eos</strong></span> <span class='ocrx_word' id='word_1_363' title='bbox 1614 3405 1705 3472; x_wconf 90' lang='lat' dir='ltr'><strong>qni</strong></span> <span class='ocrx_word' id='word_1_364' title='bbox 1761 3415 1948 3459; x_wconf 80' lang='lat' dir='ltr'><strong>contra</strong></span> <span class='ocrx_word' id='word_1_365' title='bbox 1999 3408 2175 3476; x_wconf 88' lang='lat' dir='ltr'><strong>ipsutn</strong></span> 
     </span>
    </p>
   </div>
   <div class='ocr_carea' id='block_1_52' title="bbox 605 3488 2170 3560">
    <p class='ocr_par' dir='ltr' id='par_1_52' title="bbox 605 3488 2170 3560">
     <span class='ocr_line' id='line_1_52' title="bbox 605 3488 2170 3560; baseline 0.009 -20"><span class='ocrx_word' id='word_1_366' title='bbox 605 3488 804 3542; x_wconf 75' lang='lat' dir='ltr'><strong>caedem</strong></span> <span class='ocrx_word' id='word_1_367' title='bbox 857 3493 1283 3560; x_wconf 83' lang='lat' dir='ltr'><strong>postulaverant,</strong></span> <span class='ocrx_word' id='word_1_368' title='bbox 1332 3496 1612 3552; x_wconf 86' lang='lat' dir='ltr'><strong>auditores</strong></span> <span class='ocrx_word' id='word_1_369' title='bbox 1659 3497 1830 3553; x_wconf 89' lang='lat' dir='ltr'><strong>fuisse</strong></span> <span class='ocrx_word' id='word_1_370' title='bbox 1879 3501 2170 3555; x_wconf 87' lang='lat' dir='ltr'><strong>sermonis.</strong></span> 
     </span>
    </p>
   </div>
   <div class='ocr_carea' id='block_1_53' title="bbox 604 3579 2171 3646">
    <p class='ocr_par' dir='ltr' id='par_1_53' title="bbox 604 3579 2171 3646">
     <span class='ocr_line' id='line_1_53' title="bbox 604 3579 2171 3646; baseline 0.009 -14"><span class='ocrx_word' id='word_1_371' title='bbox 604 3579 722 3634; x_wconf 85' lang='lat' dir='ltr'><strong>Non</strong></span> <span class='ocrx_word' id='word_1_372' title='bbox 764 3582 906 3636; x_wconf 90' lang='lat' dir='ltr'><strong>enim</strong></span> <span class='ocrx_word' id='word_1_373' title='bbox 964 3599 994 3636; x_wconf 91' lang='lat' dir='ltr'><strong>a</strong></span> <span class='ocrx_word' id='word_1_374' title='bbox 1049 3599 1212 3640; x_wconf 91' lang='lat' dir='ltr'><strong>cruce</strong></span> <span class='ocrx_word' id='word_1_375' title='bbox 1265 3587 1331 3640; x_wconf 87' lang='lat' dir='ltr'><strong>ad</strong></span> <span class='ocrx_word' id='word_1_376' title='bbox 1384 3586 1527 3641; x_wconf 86' lang='lat' dir='ltr'><strong>Petri</strong></span> <span class='ocrx_word' id='word_1_377' title='bbox 1583 3590 1901 3645; x_wconf 87' lang='lat' dir='ltr'><strong>concionem</strong></span> <span class='ocrx_word' id='word_1_378' title='bbox 1945 3593 2171 3646; x_wconf 89' lang='lat' dir='ltr'><strong>multum</strong></span> 
     </span>
    </p>
   </div>
   <div class='ocr_carea' id='block_1_54' title="bbox 604 3671 2174 3748">
    <p class='ocr_par' dir='ltr' id='par_1_54' title="bbox 604 3671 2174 3748">
     <span class='ocr_line' id='line_1_54' title="bbox 604 3671 2174 3748; baseline 0.009 -24"><span class='ocrx_word' id='word_1_379' title='bbox 604 3671 790 3724; x_wconf 84' lang='lat' dir='ltr'><strong>aberat</strong></span> <span class='ocrx_word' id='word_1_380' title='bbox 831 3680 1064 3742; x_wconf 88' lang='lat' dir='ltr'><strong>tempus.</strong></span> <span class='ocrx_word' id='word_1_381' title='bbox 1105 3674 1244 3741; x_wconf 87' lang='lat' dir='ltr'><strong>Quid</strong></span> <span class='ocrx_word' id='word_1_382' title='bbox 1282 3676 1447 3746; x_wconf 84' lang='lat' dir='ltr'><strong>igitur</strong></span> <span class='ocrx_word' id='word_1_383' title='bbox 1489 3676 1555 3730; x_wconf 88' lang='lat' dir='ltr'><strong>ad</strong></span> <span class='ocrx_word' id='word_1_384' title='bbox 1595 3678 1696 3732; x_wconf 90' lang='lat' dir='ltr'><strong>hoc</strong></span> <span class='ocrx_word' id='word_1_385' title='bbox 1741 3679 1948 3748; x_wconf 88' lang='lat' dir='ltr'><strong>profert</strong></span> <span class='ocrx_word' id='word_1_386' title='bbox 1994 3680 2174 3737; x_wconf 85' lang='lat' dir='ltr'><strong>Euno-</strong></span> 
     </span>
    </p>
   </div>
   <div class='ocr_carea' id='block_1_55' title="bbox 604 3759 2170 3838">
    <p class='ocr_par' dir='ltr' id='par_1_55' title="bbox 604 3759 2170 3838">
     <span class='ocr_line' id='line_1_55' title="bbox 604 3759 2170 3838; baseline 0.009 -26"><span class='ocrx_word' id='word_1_387' title='bbox 604 3759 794 3814; x_wconf 88' lang='lat' dir='ltr'><strong>mius?</strong></span> <span class='ocrx_word' id='word_1_388' title='bbox 845 3761 964 3815; x_wconf 84' lang='lat' dir='ltr'><strong>Nisi</strong></span> <span class='ocrx_word' id='word_1_389' title='bbox 1013 3763 1076 3817; x_wconf 91' lang='lat' dir='ltr'><strong>de</strong></span> <span class='ocrx_word' id='word_1_390' title='bbox 1128 3783 1186 3818; x_wconf 90' lang='lat' dir='ltr'><strong>eo</strong></span> <span class='ocrx_word' id='word_1_391' title='bbox 1227 3767 1364 3836; x_wconf 87' lang='lat' dir='ltr'><strong>quod</strong></span> <span class='ocrx_word' id='word_1_392' title='bbox 1390 3778 1506 3822; x_wconf 87' lang='lat' dir='ltr'><strong>erat</strong></span> <span class='ocrx_word' id='word_1_393' title='bbox 1540 3769 1594 3820; x_wconf 86' lang='lat' dir='ltr'><strong>in</strong></span> <span class='ocrx_word' id='word_1_394' title='bbox 1623 3770 1883 3837; x_wconf 82' lang='lat' dir='ltr'><strong>principio</strong></span> <span class='ocrx_word' id='word_1_395' title='bbox 1925 3769 2170 3838; x_wconf 82' lang='lat' dir='ltr'><strong>Verbum,</strong></span> 
     </span>
    </p>
   </div>
   <div class='ocr_carea' id='block_1_56' title="bbox 601 3853 2170 3931">
    <p class='ocr_par' dir='ltr' id='par_1_56' title="bbox 601 3853 2170 3931">
     <span class='ocr_line' id='line_1_56' title="bbox 601 3853 2170 3931; baseline 0.01 -27"><span class='ocrx_word' id='word_1_396' title='bbox 601 3864 650 3906; x_wconf 80' lang='lat' dir='ltr'><strong>et</strong></span> <span class='ocrx_word' id='word_1_397' title='bbox 695 3853 831 3907; x_wconf 80' lang='lat' dir='ltr'><strong>Deus</strong></span> <span class='ocrx_word' id='word_1_398' title='bbox 861 3866 996 3922; x_wconf 82' lang='lat' dir='ltr'><strong>erat,</strong></span> <span class='ocrx_word' id='word_1_399' title='bbox 1027 3858 1238 3912; x_wconf 83' lang='lat' dir='ltr'><strong>disserit</strong></span> <span class='ocrx_word' id='word_1_400' title='bbox 1267 3859 1481 3923; x_wconf 82' lang='lat' dir='ltr'><strong>Petrus,</strong></span> <span class='ocrx_word' id='word_1_401' title='bbox 1524 3860 1613 3915; x_wconf 88' lang='lat' dir='ltr'><strong>sed</strong></span> <span class='ocrx_word' id='word_1_402' title='bbox 1658 3861 1721 3915; x_wconf 87' lang='lat' dir='ltr'><strong>de</strong></span> <span class='ocrx_word' id='word_1_403' title='bbox 1742 3879 1800 3916; x_wconf 92' lang='lat' dir='ltr'><strong>eo</strong></span> <span class='ocrx_word' id='word_1_404' title='bbox 1829 3864 1918 3931; x_wconf 88' lang='lat' dir='ltr'><strong>qui</strong></span> <span class='ocrx_word' id='word_1_405' title='bbox 1945 3865 2170 3931; x_wconf 83' lang='lat' dir='ltr'><strong>videtur,</strong></span> 
     </span>
    </p>
   </div>
   <div class='ocr_carea' id='block_1_57' title="bbox 601 3944 2171 4014">
    <p class='ocr_par' dir='ltr' id='par_1_57' title="bbox 601 3944 2171 4014">
     <span class='ocr_line' id='line_1_57' title="bbox 601 3944 2171 4014; baseline 0.008 -20"><span class='ocrx_word' id='word_1_406' title='bbox 601 3944 788 4012; x_wconf 85' lang='lat' dir='ltr'><strong>quique</strong></span> <span class='ocrx_word' id='word_1_407' title='bbox 856 3949 1084 4014; x_wconf 87' lang='lat' dir='ltr'><strong>seipsum</strong></span> <span class='ocrx_word' id='word_1_408' title='bbox 1143 3949 1466 4013; x_wconf 71' lang='lat' dir='ltr'><strong>exinanivit,</strong></span> <span class='ocrx_word' id='word_1_409' title='bbox 1527 3952 1662 4004; x_wconf 87' lang='lat' dir='ltr'><strong>sicut</strong></span> <span class='ocrx_word' id='word_1_410' title='bbox 1733 3953 1807 4005; x_wconf 89' lang='lat' dir='ltr'><strong>ait</strong></span> <span class='ocrx_word' id='word_1_411' title='bbox 1871 3953 2101 4008; x_wconf 82' lang='lat' dir='ltr'><strong>Basilius</strong></span> <span class='ocrx_word' id='word_1_412' title='bbox 2153 3970 2171 4006; x_wconf 91' lang='lat'><strong><em>:</em></strong></span> 
     </span>
    </p>
   </div>
   <div class='ocr_carea' id='block_1_58' title="bbox 603 4033 2173 4115">
    <p class='ocr_par' dir='ltr' id='par_1_58' title="bbox 603 4033 2173 4115">
     <span class='ocr_line' id='line_1_58' title="bbox 603 4033 2173 4115; baseline 0.008 -27"><span class='ocrx_word' id='word_1_413' title='bbox 603 4033 912 4091; x_wconf 74' lang='lat' dir='ltr'><strong>Exiuauivit</strong></span> <span class='ocrx_word' id='word_1_414' title='bbox 967 4049 1142 4093; x_wconf 87' lang='lat' dir='ltr'><strong>autem</strong></span> <span class='ocrx_word' id='word_1_415' title='bbox 1177 4043 1266 4110; x_wconf 89' lang='lat' dir='ltr'><strong>qui</strong></span> <span class='ocrx_word' id='word_1_416' title='bbox 1320 4043 1552 4096; x_wconf 88' lang='lat' dir='ltr'><strong>cernitur</strong></span> <span class='ocrx_word' id='word_1_417' title='bbox 1596 4043 1750 4096; x_wconf 84' lang='lat' dir='ltr'><strong>homo</strong></span> <span class='ocrx_word' id='word_1_418' title='bbox 1783 4045 1838 4097; x_wconf 85' lang='lat' dir='ltr'><strong>in</strong></span> <span class='ocrx_word' id='word_1_419' title='bbox 1881 4047 2014 4099; x_wconf 81' lang='lat' dir='ltr'><strong>servi</strong></span> <span class='ocrx_word' id='word_1_420' title='bbox 2063 4047 2173 4115; x_wconf 78' lang='lat' dir='ltr'><strong>for-</strong></span> 
     </span>
    </p>
   </div>
   <div class='ocr_carea' id='block_1_59' title="bbox 601 4127 2173 4205">
    <p class='ocr_par' dir='ltr' id='par_1_59' title="bbox 601 4127 2173 4205">
     <span class='ocr_line' id='line_1_59' title="bbox 601 4127 2173 4205; baseline 0.011 -27"><span class='ocrx_word' id='word_1_421' title='bbox 601 4143 760 4180; x_wconf 86' lang='lat' dir='ltr'><strong>mam.</strong></span> <span class='ocrx_word' id='word_1_422' title='bbox 816 4127 1090 4184; x_wconf 87' lang='lat' dir='ltr'><strong>Subsiste.</strong></span> <span class='ocrx_word' id='word_1_423' title='bbox 1135 4130 1270 4196; x_wconf 87' lang='lat' dir='ltr'><strong>Quis</strong></span> <span class='ocrx_word' id='word_1_424' title='bbox 1310 4133 1412 4188; x_wconf 86' lang='lat' dir='ltr'><strong>hoc</strong></span> <span class='ocrx_word' id='word_1_425' title='bbox 1441 4134 1613 4187; x_wconf 84' lang='lat' dir='ltr'><strong>dicit:</strong></span> <span class='ocrx_word' id='word_1_426' title='bbox 1652 4136 1795 4205; x_wconf 86' lang='lat' dir='ltr'><strong>quod</strong></span> <span class='ocrx_word' id='word_1_427' title='bbox 1846 4153 2040 4192; x_wconf 87' lang='lat' dir='ltr'><strong>rursus</strong></span> <span class='ocrx_word' id='word_1_428' title='bbox 2087 4155 2173 4194; x_wconf 89' lang='lat' dir='ltr'><strong>se-</strong></span> 
     </span>
    </p>
   </div>
   <div class='ocr_carea' id='block_1_60' title="bbox 601 4217 2169 4297">
    <p class='ocr_par' dir='ltr' id='par_1_60' title="bbox 601 4217 2169 4297">
     <span class='ocr_line' id='line_1_60' title="bbox 601 4217 2169 4297; baseline 0.009 -27"><span class='ocrx_word' id='word_1_429' title='bbox 601 4217 777 4286; x_wconf 80' lang='lat' dir='ltr'><strong>ipsum</strong></span> <span class='ocrx_word' id='word_1_430' title='bbox 801 4223 1102 4276; x_wconf 82' lang='lat' dir='ltr'><strong>exinanivit</strong></span> <span class='ocrx_word' id='word_1_431' title='bbox 1122 4223 1213 4292; x_wconf 91' lang='lat' dir='ltr'><strong>qui</strong></span> <span class='ocrx_word' id='word_1_432' title='bbox 1237 4225 1478 4278; x_wconf 90' lang='lat' dir='ltr'><strong>cernitur</strong></span> <span class='ocrx_word' id='word_1_433' title='bbox 1496 4225 1656 4280; x_wconf 85' lang='lat' dir='ltr'><strong>homo</strong></span> <span class='ocrx_word' id='word_1_434' title='bbox 1674 4226 1727 4279; x_wconf 89' lang='lat' dir='ltr'><strong>in</strong></span> <span class='ocrx_word' id='word_1_435' title='bbox 1746 4228 1886 4282; x_wconf 89' lang='lat' dir='ltr'><strong>servi</strong></span> <span class='ocrx_word' id='word_1_436' title='bbox 1910 4227 2169 4297; x_wconf 82' lang='lat' dir='ltr'><strong>formant;</strong></span> 
     </span>
    </p>
   </div>
   <div class='ocr_carea' id='block_1_61' title="bbox 601 4310 2169 4392">
    <p class='ocr_par' dir='ltr' id='par_1_61' title="bbox 601 4310 2169 4392">
     <span class='ocr_line' id='line_1_61' title="bbox 601 4310 2169 4392; baseline 0.006 -31"><span class='ocrx_word' id='word_1_437' title='bbox 601 4310 685 4362; x_wconf 75' lang='lat' dir='ltr'><strong>vel</strong></span> <span class='ocrx_word' id='word_1_438' title='bbox 708 4313 830 4378; x_wconf 90' lang='lat' dir='ltr'><strong>quis</strong></span> <span class='ocrx_word' id='word_1_439' title='bbox 855 4314 1073 4378; x_wconf 87' lang='lat' dir='ltr'><strong>astruit,</strong></span> <span class='ocrx_word' id='word_1_440' title='bbox 1097 4314 1240 4383; x_wconf 90' lang='lat' dir='ltr'><strong>quod</strong></span> <span class='ocrx_word' id='word_1_441' title='bbox 1259 4325 1387 4392; x_wconf 77' lang='lat' dir='ltr'><strong>ante</strong></span> <span class='ocrx_word' id='word_1_442' title='bbox 1405 4316 1796 4384; x_wconf 85' lang='lat' dir='ltr'><strong>apparitionem</strong></span> <span class='ocrx_word' id='word_1_443' title='bbox 1821 4333 1914 4387; x_wconf 90' lang='lat' dir='ltr'><strong>per</strong></span> <span class='ocrx_word' id='word_1_444' title='bbox 1929 4334 2169 4385; x_wconf 85' lang='lat' dir='ltr'><strong>carnem,</strong></span> 
     </span>
    </p>
   </div>
   <div class='ocr_carea' id='block_1_62' title="bbox 601 4403 2172 4478">
    <p class='ocr_par' dir='ltr' id='par_1_62' title="bbox 601 4403 2172 4478">
     <span class='ocr_line' id='line_1_62' title="bbox 601 4403 2172 4478; baseline 0.008 -24"><span class='ocrx_word' id='word_1_445' title='bbox 601 4403 781 4456; x_wconf 90' lang='lat' dir='ltr'><strong>crucis</strong></span> <span class='ocrx_word' id='word_1_446' title='bbox 835 4403 974 4458; x_wconf 83' lang='lat' dir='ltr'><strong>facta</strong></span> <span class='ocrx_word' id='word_1_447' title='bbox 1030 4415 1113 4460; x_wconf 90' lang='lat' dir='ltr'><strong>est</strong></span> <span class='ocrx_word' id='word_1_448' title='bbox 1167 4408 1388 4475; x_wconf 88' lang='lat' dir='ltr'><strong>passio?</strong></span> <span class='ocrx_word' id='word_1_449' title='bbox 1428 4406 1613 4478; x_wconf 78' lang='lat' dir='ltr'><strong>Neque</strong></span> <span class='ocrx_word' id='word_1_450' title='bbox 1660 4410 1804 4463; x_wconf 90' lang='lat' dir='ltr'><strong>enim</strong></span> <span class='ocrx_word' id='word_1_451' title='bbox 1859 4425 1990 4464; x_wconf 80' lang='lat' dir='ltr'><strong>crux</strong></span> <span class='ocrx_word' id='word_1_452' title='bbox 2046 4422 2172 4468; x_wconf 88' lang='lat' dir='ltr'><strong>ante</strong></span> 
     </span>
    </p>
   </div>
   <div class='ocr_carea' id='block_1_63' title="bbox 2275 1923 3796 1994">
    <p class='ocr_par' dir='ltr' id='par_1_63' title="bbox 2275 1923 3796 1994">
     <span class='ocr_line' id='line_1_63' title="bbox 2275 1923 3796 1994; baseline 0 -19"><span class='ocrx_word' id='word_1_453' title='bbox 2275 1923 2432 1992; x_wconf 84' lang='grc' dir='ltr'>λόγου</span> <span class='ocrx_word' id='word_1_454' title='bbox 2482 1925 2822 1993; x_wconf 79' lang='grc' dir='ltr'>κατασκευῆς</span> <span class='ocrx_word' id='word_1_455' title='bbox 2864 1923 2898 1992; x_wconf 81' lang='grc' dir='ltr'><strong>ἥ</strong></span> <span class='ocrx_word' id='word_1_456' title='bbox 2925 1939 2982 1974; x_wconf 87' lang='grc' dir='ltr'><strong>τε</strong></span> <span class='ocrx_word' id='word_1_457' title='bbox 3017 1924 3324 1993; x_wconf 83' lang='grc' dir='ltr'>κακουργία</span> <span class='ocrx_word' id='word_1_458' title='bbox 3382 1924 3474 1976; x_wconf 78' lang='grc' dir='ltr'>καὶ</span> <span class='ocrx_word' id='word_1_459' title='bbox 3503 1924 3557 1976; x_wconf 75' lang='grc' dir='ltr'>τὸ</span> <span class='ocrx_word' id='word_1_460' title='bbox 3587 1925 3796 1994; x_wconf 82' lang='grc' dir='ltr'>ἀνόητον·</span> 
     </span>
    </p>
   </div>
   <div class='ocr_carea' id='block_1_64' title="bbox 2277 2013 3797 2087">
    <p class='ocr_par' dir='ltr' id='par_1_64' title="bbox 2277 2013 3797 2087">
     <span class='ocr_line' id='line_1_64' title="bbox 2277 2013 3797 2087; baseline -0.001 -18"><span class='ocrx_word' id='word_1_461' title='bbox 2277 2016 2416 2087; x_wconf 79' lang='grc' dir='ltr'>πλὴν</span> <span class='ocrx_word' id='word_1_462' title='bbox 2463 2015 2530 2068; x_wconf 84' lang='grc' dir='ltr'><strong>δι’</strong></span> <span class='ocrx_word' id='word_1_463' title='bbox 2598 2014 2794 2082; x_wconf 80' lang='grc' dir='ltr'>ὀλίγων</span> <span class='ocrx_word' id='word_1_464' title='bbox 2851 2016 2945 2066; x_wconf 77' lang='grc' dir='ltr'>καὶ</span> <span class='ocrx_word' id='word_1_465' title='bbox 2979 2013 3108 2084; x_wconf 86' lang='grc' dir='ltr'>παρ’</span> <span class='ocrx_word' id='word_1_466' title='bbox 3140 2015 3296 2085; x_wconf 79' lang='grc' dir='ltr'>ἡμῶν</span> <span class='ocrx_word' id='word_1_467' title='bbox 3338 2017 3367 2066; x_wconf 91' lang='lat'><strong>6</strong></span> <span class='ocrx_word' id='word_1_468' title='bbox 3405 2015 3509 2068; x_wconf 86' lang='grc' dir='ltr'>τῶν</span> <span class='ocrx_word' id='word_1_469' title='bbox 3549 2017 3797 2086; x_wconf 74' lang='grc' dir='ltr'>εἰρημένων</span> 
     </span>
    </p>
   </div>
   <div class='ocr_carea' id='block_1_65' title="bbox 2275 2106 3795 2178">
    <p class='ocr_par' dir='ltr' id='par_1_65' title="bbox 2275 2106 3795 2178">
     <span class='ocr_line' id='line_1_65' title="bbox 2275 2106 3795 2178; baseline 0 -19"><span class='ocrx_word' id='word_1_470' title='bbox 2275 2107 2494 2176; x_wconf 70' lang='grc' dir='ltr'>ἔλεγχος</span> <span class='ocrx_word' id='word_1_471' title='bbox 2528 2106 2988 2176; x_wconf 86' lang='grc' dir='ltr'>προστεθήσεται·</span> <span class='ocrx_word' id='word_1_472' title='bbox 3021 2106 3122 2158; x_wconf 79' lang='grc' dir='ltr'>οὐκ</span> <span class='ocrx_word' id='word_1_473' title='bbox 3164 2107 3244 2168; x_wconf 82' lang='grc' dir='ltr'><strong>είς</strong></span> <span class='ocrx_word' id='word_1_474' title='bbox 3261 2107 3568 2178; x_wconf 84' lang='grc' dir='ltr'>ἀνατροπὴν</span> <span class='ocrx_word' id='word_1_475' title='bbox 3594 2107 3795 2159; x_wconf 73' lang='grc' dir='ltr'>τοσοῦτον</span> 
     </span>
    </p>
   </div>
   <div class='ocr_carea' id='block_1_66' title="bbox 2274 2194 3881 2266">
    <p class='ocr_par' dir='ltr' id='par_1_66' title="bbox 2274 2194 3881 2266">
     <span class='ocr_line' id='line_1_66' title="bbox 2274 2194 3881 2266; baseline -0.001 -16"><span class='ocrx_word' id='word_1_476' title='bbox 2274 2197 2367 2250; x_wconf 80' lang='grc' dir='ltr'><strong>τοῦ</strong></span> <span class='ocrx_word' id='word_1_477' title='bbox 2404 2196 2729 2250; x_wconf 81' lang='grc' dir='ltr'>ἀπαιδεύτου</span> <span class='ocrx_word' id='word_1_478' title='bbox 2769 2194 3122 2265; x_wconf 72' lang='grc' dir='ltr'>σοφίσματος,</span> <span class='ocrx_word' id='word_1_479' title='bbox 3178 2196 3206 2248; x_wconf 86' lang='grc' dir='ltr'><strong>ὃ</strong></span> <span class='ocrx_word' id='word_1_480' title='bbox 3250 2195 3317 2247; x_wconf 87' lang='grc' dir='ltr'><strong>δι’</strong></span> <span class='ocrx_word' id='word_1_481' title='bbox 3349 2195 3536 2248; x_wconf 78' lang='grc' dir='ltr'>ἑαυτοῦ</span> <span class='ocrx_word' id='word_1_482' title='bbox 3567 2195 3698 2266; x_wconf 78' lang='grc' dir='ltr'>παρὰ</span> <span class='ocrx_word' id='word_1_483' title='bbox 3715 2198 3797 2258; x_wconf 62' lang='lat' dir='ltr'><strong>soi;</strong></span> <span class='ocrx_word' id='word_1_484' title='bbox 3880 2229 3881 2232; x_wconf 60' lang='grc' dir='ltr'><strong>η</strong></span> 
     </span>
    </p>
   </div>
   <div class='ocr_carea' id='block_1_67' title="bbox 2275 2287 3795 2358">
    <p class='ocr_par' dir='ltr' id='par_1_67' title="bbox 2275 2287 3795 2358">
     <span class='ocr_line' id='line_1_67' title="bbox 2275 2287 3795 2358; baseline -0.002 -17"><span class='ocrx_word' id='word_1_485' title='bbox 2275 2289 2486 2358; x_wconf 80' lang='grc' dir='ltr'>ἔχουσιν</span> <span class='ocrx_word' id='word_1_486' title='bbox 2507 2289 2677 2358; x_wconf 79' lang='grc' dir='ltr'>ἀκοὴν</span> <span class='ocrx_word' id='word_1_487' title='bbox 2701 2287 3138 2355; x_wconf 80' lang='grc' dir='ltr'>ἀνατέτραπται·</span> <span class='ocrx_word' id='word_1_488' title='bbox 3164 2287 3280 2340; x_wconf 78' lang='grc' dir='ltr'>ἀλλ’</span> <span class='ocrx_word' id='word_1_489' title='bbox 3301 2287 3376 2350; x_wconf 84' lang='grc' dir='ltr'>ὡς</span> <span class='ocrx_word' id='word_1_490' title='bbox 3393 2287 3457 2340; x_wconf 83' lang='grc' dir='ltr'>ἂν</span> <span class='ocrx_word' id='word_1_491' title='bbox 3477 2287 3546 2358; x_wconf 82' lang='grc' dir='ltr'>μὴ</span> <span class='ocrx_word' id='word_1_492' title='bbox 3563 2287 3795 2357; x_wconf 80' lang='grc' dir='ltr'>δοκοίημεν</span> 
     </span>
    </p>
   </div>
   <div class='ocr_carea' id='block_1_68' title="bbox 2275 2377 3793 2450">
    <p class='ocr_par' dir='ltr' id='par_1_68' title="bbox 2275 2377 3793 2450">
     <span class='ocr_line' id='line_1_68' title="bbox 2275 2377 3793 2450; baseline -0.003 -16"><span class='ocrx_word' id='word_1_493' title='bbox 2275 2383 2332 2434; x_wconf 84' lang='grc' dir='ltr'>ὲν</span> <span class='ocrx_word' id='word_1_494' title='bbox 2371 2381 2715 2450; x_wconf 82' lang='grc' dir='ltr'>προσχήματι</span> <span class='ocrx_word' id='word_1_495' title='bbox 2760 2377 2855 2431; x_wconf 85' lang='grc' dir='ltr'>τοῦ</span> <span class='ocrx_word' id='word_1_496' title='bbox 2907 2381 3270 2448; x_wconf 84' lang='grc' dir='ltr'>καταφρονεῖν</span> <span class='ocrx_word' id='word_1_497' title='bbox 3313 2380 3411 2448; x_wconf 80' lang='grc' dir='ltr'>τῆς</span> <span class='ocrx_word' id='word_1_498' title='bbox 3449 2378 3696 2440; x_wconf 81' lang='grc' dir='ltr'>εὐτελείας</span> <span class='ocrx_word' id='word_1_499' title='bbox 3725 2378 3793 2429; x_wconf 81' lang='grc' dir='ltr'>τοῦ</span> 
     </span>
    </p>
   </div>
   <div class='ocr_carea' id='block_1_69' title="bbox 2275 2467 3793 2541">
    <p class='ocr_par' dir='ltr' id='par_1_69' title="bbox 2275 2467 3793 2541">
     <span class='ocr_line' id='line_1_69' title="bbox 2275 2467 3793 2541; baseline -0.005 -16"><span class='ocrx_word' id='word_1_500' title='bbox 2275 2473 2433 2540; x_wconf 81' lang='grc' dir='ltr'>λόγου</span> <span class='ocrx_word' id='word_1_501' title='bbox 2469 2471 2729 2541; x_wconf 80' lang='grc' dir='ltr'>περιορᾷν</span> <span class='ocrx_word' id='word_1_502' title='bbox 2779 2470 2840 2522; x_wconf 83' lang='grc' dir='ltr'>τὸ</span> <span class='ocrx_word' id='word_1_503' title='bbox 2897 2469 3158 2538; x_wconf 79' lang='grc' dir='ltr'>προτεθὲν</span> <span class='ocrx_word' id='word_1_504' title='bbox 3211 2469 3580 2533; x_wconf 80' lang='grc' dir='ltr'>ἀνεξέταστον.</span> <span class='ocrx_word' id='word_1_505' title='bbox 3624 2467 3793 2523; x_wconf 71' lang='grc' dir='ltr'>Οὑτωτὶ</span> 
     </span>
    </p>
   </div>
   <div class='ocr_carea' id='block_1_70' title="bbox 2275 2560 3791 2632">
    <p class='ocr_par' dir='ltr' id='par_1_70' title="bbox 2275 2560 3791 2632">
     <span class='ocr_line' id='line_1_70' title="bbox 2275 2560 3791 2632; baseline -0.004 -15"><span class='ocrx_word' id='word_1_506' title='bbox 2275 2566 2448 2617; x_wconf 81' lang='grc' dir='ltr'>τοίνυν</span> <span class='ocrx_word' id='word_1_507' title='bbox 2503 2563 2594 2616; x_wconf 82' lang='grc' dir='ltr'>τὸν</span> <span class='ocrx_word' id='word_1_508' title='bbox 2657 2563 2813 2631; x_wconf 83' lang='grc' dir='ltr'>λόγον</span> <span class='ocrx_word' id='word_1_509' title='bbox 2859 2561 3313 2632; x_wconf 73' lang='grc' dir='ltr'>ἐπισκεψώμεθα·</span> <span class='ocrx_word' id='word_1_510' title='bbox 3371 2562 3465 2624; x_wconf 87' lang='grc' dir='ltr'>Τίς</span> <span class='ocrx_word' id='word_1_511' title='bbox 3502 2562 3637 2614; x_wconf 78' lang='grc' dir='ltr'>ἐστιν</span> <span class='ocrx_word' id='word_1_512' title='bbox 3670 2560 3791 2630; x_wconf 77' lang='grc' dir='ltr'>ήτού</span> 
     </span>
    </p>
   </div>
   <div class='ocr_carea' id='block_1_71' title="bbox 2275 2655 3791 2725">
    <p class='ocr_par' dir='ltr' id='par_1_71' title="bbox 2275 2655 3791 2725">
     <span class='ocr_line' id='line_1_71' title="bbox 2275 2655 3791 2725; baseline -0.001 -17"><span class='ocrx_word' id='word_1_513' title='bbox 2275 2655 2570 2708; x_wconf 78' lang='grc' dir='ltr'>ἀποστόλου</span> <span class='ocrx_word' id='word_1_514' title='bbox 2635 2656 2824 2724; x_wconf 75' lang='grc' dir='ltr'>φωνῆς</span> <span class='ocrx_word' id='word_1_515' title='bbox 2868 2656 3153 2708; x_wconf 83' lang='grc' dir='ltr'>Γνωστὸν</span> <span class='ocrx_word' id='word_1_516' title='bbox 3211 2656 3388 2718; x_wconf 84' lang='grc' dir='ltr'>ἔστω,</span> <span class='ocrx_word' id='word_1_517' title='bbox 3421 2655 3791 2725; x_wconf 78' lang='grc' dir='ltr'>φησὶν,ὅτιΚὺ·</span> 
     </span>
    </p>
   </div>
   <div class='ocr_carea' id='block_1_72' title="bbox 2267 2739 3793 2815">
    <p class='ocr_par' dir='ltr' id='par_1_72' title="bbox 2267 2739 3793 2815">
     <span class='ocr_line' id='line_1_72' title="bbox 2267 2739 3793 2815; baseline -0.003 -16"><span class='ocrx_word' id='word_1_518' title='bbox 2267 2765 2404 2815; x_wconf 77' lang='grc' dir='ltr'>ριον</span> <span class='ocrx_word' id='word_1_519' title='bbox 2439 2748 2625 2801; x_wconf 81' lang='grc' dir='ltr'>αὑτὸν</span> <span class='ocrx_word' id='word_1_520' title='bbox 2650 2748 2745 2800; x_wconf 77' lang='grc' dir='ltr'>καὶ</span> <span class='ocrx_word' id='word_1_521' title='bbox 2783 2747 3041 2814; x_wconf 80' lang='grc' dir='ltr'>Χριστὸν</span> <span class='ocrx_word' id='word_1_522' title='bbox 3057 2747 3350 2813; x_wconf 81' lang='grc' dir='ltr'>ἐποίησεν</span> <span class='ocrx_word' id='word_1_523' title='bbox 3374 2750 3405 2801; x_wconf 87' lang='grc' dir='ltr'><em>ό</em></span> <span class='ocrx_word' id='word_1_524' title='bbox 3435 2748 3587 2812; x_wconf 81' lang='grc' dir='ltr'>Θεός.</span> <span class='ocrx_word' id='word_1_525' title='bbox 3613 2739 3721 2797; x_wconf 74' lang='grc' dir='ltr'>Εἶτα</span> <span class='ocrx_word' id='word_1_526' title='bbox 3739 2745 3793 2806; x_wconf 81' lang='grc' dir='ltr'><strong>ὡς</strong></span> 
     </span>
    </p>
   </div>
   <div class='ocr_carea' id='block_1_73' title="bbox 2277 2828 3789 2910">
    <p class='ocr_par' dir='ltr' id='par_1_73' title="bbox 2277 2828 3789 2910">
     <span class='ocr_line' id='line_1_73' title="bbox 2277 2828 3789 2910; baseline -0.002 -17"><span class='ocrx_word' id='word_1_527' title='bbox 2277 2840 2340 2894; x_wconf 85' lang='grc' dir='ltr'>ἂν</span> <span class='ocrx_word' id='word_1_528' title='bbox 2373 2828 2680 2910; x_wconf 81' lang='grc' dir='ltr'>πυθομένου</span> <span class='ocrx_word' id='word_1_529' title='bbox 2715 2839 2856 2902; x_wconf 83' lang='grc' dir='ltr'>τινὸς</span> <span class='ocrx_word' id='word_1_530' title='bbox 2879 2841 3008 2910; x_wconf 71' lang='grc' dir='ltr'>περὶ</span> <span class='ocrx_word' id='word_1_531' title='bbox 3041 2839 3160 2891; x_wconf 85' lang='grc' dir='ltr'>τίνα</span> <span class='ocrx_word' id='word_1_532' title='bbox 3183 2839 3408 2908; x_wconf 86' lang='grc' dir='ltr'>γέγονεν</span> <span class='ocrx_word' id='word_1_533' title='bbox 3433 2841 3463 2909; x_wconf 85' lang='grc' dir='ltr'>ἡ</span> <span class='ocrx_word' id='word_1_534' title='bbox 3495 2839 3694 2906; x_wconf 79' lang='grc' dir='ltr'>τοιαύτη</span> <span class='ocrx_word' id='word_1_535' title='bbox 3720 2838 3789 2906; x_wconf 82' lang='grc' dir='ltr'><strong>χά-</strong></span> 
     </span>
    </p>
   </div>
   <div class='ocr_carea' id='block_1_74' title="bbox 2278 2932 3790 3007">
    <p class='ocr_par' dir='ltr' id='par_1_74' title="bbox 2278 2932 3790 3007">
     <span class='ocr_line' id='line_1_74' title="bbox 2278 2932 3790 3007; baseline -0.003 -19"><span class='ocrx_word' id='word_1_536' title='bbox 2278 2953 2380 3007; x_wconf 88' lang='grc' dir='ltr'>ρις,</span> <span class='ocrx_word' id='word_1_537' title='bbox 2409 2935 2567 2988; x_wconf 79' lang='grc' dir='ltr'>οἱονεὶ</span> <span class='ocrx_word' id='word_1_538' title='bbox 2587 2933 2832 3003; x_wconf 84' lang='grc' dir='ltr'>δακτύλῳ</span> <span class='ocrx_word' id='word_1_539' title='bbox 2853 2932 2912 2986; x_wconf 80' lang='grc' dir='ltr'>τὸ</span> <span class='ocrx_word' id='word_1_540' title='bbox 2933 2933 3294 3004; x_wconf 84' lang='grc' dir='ltr'>ὑποκείμενον</span> <span class='ocrx_word' id='word_1_541' title='bbox 3324 2934 3548 2988; x_wconf 78' lang='grc' dir='ltr'>δεικνύει</span> <span class='ocrx_word' id='word_1_542' title='bbox 3568 2973 3580 2991; x_wconf 90' lang='grc'><strong>.</strong></span> <span class='ocrx_word' id='word_1_543' title='bbox 3602 2933 3790 2994; x_wconf 76' lang='grc' dir='ltr'>Τοῦτον,</span> 
     </span>
    </p>
   </div>
   <div class='ocr_carea' id='block_1_75' title="bbox 2277 3021 3791 3098">
    <p class='ocr_par' dir='ltr' id='par_1_75' title="bbox 2277 3021 3791 3098">
     <span class='ocr_line' id='line_1_75' title="bbox 2277 3021 3791 3098; baseline -0.005 -18"><span class='ocrx_word' id='word_1_544' title='bbox 2277 3027 2465 3090; x_wconf 86' lang='grc' dir='ltr'>εἰπὼν,</span> <span class='ocrx_word' id='word_1_545' title='bbox 2518 3027 2757 3093; x_wconf 78' lang='grc' dir='ltr'>Ἰησοῦν</span> <span class='ocrx_word' id='word_1_546' title='bbox 2788 3026 2860 3080; x_wconf 80' lang='grc' dir='ltr'>ὃν</span> <span class='ocrx_word' id='word_1_547' title='bbox 2907 3026 3076 3096; x_wconf 81' lang='grc' dir='ltr'>ὑμεῖς</span> <span class='ocrx_word' id='word_1_548' title='bbox 3123 3027 3556 3098; x_wconf 64' lang='grc' dir='ltr'>ἐσταιψὼσατε.</span> <span class='ocrx_word' id='word_1_549' title='bbox 3601 3023 3657 3077; x_wconf 91' lang='grc' dir='ltr'>Τί</span> <span class='ocrx_word' id='word_1_550' title='bbox 3699 3021 3791 3091; x_wconf 76' lang='grc' dir='ltr'>περὶ</span> 
     </span>
    </p>
   </div>
   <div class='ocr_carea' id='block_1_76' title="bbox 2276 3115 3791 3190">
    <p class='ocr_par' dir='ltr' id='par_1_76' title="bbox 2276 3115 3791 3190">
     <span class='ocr_line' id='line_1_76' title="bbox 2276 3115 3791 3190; baseline -0.004 -18"><span class='ocrx_word' id='word_1_551' title='bbox 2276 3119 2464 3173; x_wconf 75' lang='grc' dir='ltr'>τούτου</span> <span class='ocrx_word' id='word_1_552' title='bbox 2494 3120 2655 3190; x_wconf 82' lang='grc' dir='ltr'>φησὶν</span> <span class='ocrx_word' id='word_1_553' title='bbox 2683 3120 2710 3171; x_wconf 92' lang='lat'><strong>6</strong></span> <span class='ocrx_word' id='word_1_554' title='bbox 2737 3119 3048 3185; x_wconf 75' lang='grc' dir='ltr'>Βασίλειοςς</span> <span class='ocrx_word' id='word_1_555' title='bbox 3085 3117 3206 3172; x_wconf 85' lang='grc' dir='ltr'>Ὅτι</span> <span class='ocrx_word' id='word_1_556' title='bbox 3240 3121 3274 3190; x_wconf 86' lang='grc' dir='ltr'><strong>ή</strong></span> <span class='ocrx_word' id='word_1_557' title='bbox 3303 3118 3538 3188; x_wconf 74' lang='grc' dir='ltr'>δεικτικὴ</span> <span class='ocrx_word' id='word_1_558' title='bbox 3562 3117 3644 3169; x_wconf 84' lang='grc' dir='ltr'>τοῦ</span> <span class='ocrx_word' id='word_1_559' title='bbox 3671 3115 3791 3182; x_wconf 78' lang='grc' dir='ltr'>λόγου</span> 
     </span>
    </p>
   </div>
   <div class='ocr_carea' id='block_1_77' title="bbox 2278 3207 3789 3281">
    <p class='ocr_par' dir='ltr' id='par_1_77' title="bbox 2278 3207 3789 3281">
     <span class='ocr_line' id='line_1_77' title="bbox 2278 3207 3789 3281; baseline -0.005 -17"><span class='ocrx_word' id='word_1_560' title='bbox 2278 3211 2447 3281; x_wconf 74' lang='grc' dir='ltr'>φωνὴ,</span> <span class='ocrx_word' id='word_1_561' title='bbox 2485 3210 2672 3263; x_wconf 76' lang='grc' dir='ltr'>τοῦτον</span> <span class='ocrx_word' id='word_1_562' title='bbox 2701 3210 3031 3280; x_wconf 86' lang='grc' dir='ltr'>πεποιῆσθαι</span> <span class='ocrx_word' id='word_1_563' title='bbox 3058 3207 3294 3280; x_wconf 84' lang='grc' dir='ltr'>Χριστὸν</span> <span class='ocrx_word' id='word_1_564' title='bbox 3320 3211 3464 3279; x_wconf 78' lang='grc' dir='ltr'>λέγει</span> <span class='ocrx_word' id='word_1_565' title='bbox 3497 3211 3585 3262; x_wconf 72' lang='grc' dir='ltr'>καὶ</span> <span class='ocrx_word' id='word_1_566' title='bbox 3614 3207 3789 3276; x_wconf 80' lang='grc' dir='ltr'>Κύριον,</span> 
     </span>
    </p>
   </div>
   <div class='ocr_carea' id='block_1_78' title="bbox 2273 3299 3792 3376">
    <p class='ocr_par' dir='ltr' id='par_1_78' title="bbox 2273 3299 3792 3376">
     <span class='ocr_line' id='line_1_78' title="bbox 2273 3299 3792 3376; baseline -0.007 -18"><span class='ocrx_word' id='word_1_567' title='bbox 2273 3305 2364 3359; x_wconf 75' lang='grc' dir='ltr'><strong>τὸν</strong></span> <span class='ocrx_word' id='word_1_568' title='bbox 2392 3306 2520 3376; x_wconf 82' lang='grc' dir='ltr'>παρ’</span> <span class='ocrx_word' id='word_1_569' title='bbox 2551 3303 2728 3357; x_wconf 72' lang='grc' dir='ltr'>αὐτῶν</span> <span class='ocrx_word' id='word_1_570' title='bbox 2755 3303 2862 3355; x_wconf 83' lang='grc' dir='ltr'><strong>τῶν</strong></span> <span class='ocrx_word' id='word_1_571' title='bbox 2879 3303 3186 3356; x_wconf 83' lang='grc' dir='ltr'>ἀκουόντων</span> <span class='ocrx_word' id='word_1_572' title='bbox 3209 3301 3625 3372; x_wconf 76' lang='grc' dir='ltr'>ἐσταυρωμένον.</span> <span class='ocrx_word' id='word_1_573' title='bbox 3649 3299 3792 3368; x_wconf 77' lang='grc' dir='ltr'>Ὑμεῖς</span> 
     </span>
    </p>
   </div>
   <div class='ocr_carea' id='block_1_79' title="bbox 2274 3389 3790 3468">
    <p class='ocr_par' dir='ltr' id='par_1_79' title="bbox 2274 3389 3790 3468">
     <span class='ocr_line' id='line_1_79' title="bbox 2274 3389 3790 3468; baseline -0.007 -18"><span class='ocrx_word' id='word_1_574' title='bbox 2274 3397 2382 3468; x_wconf 76' lang='grc' dir='ltr'>γὰρ</span> <span class='ocrx_word' id='word_1_575' title='bbox 2431 3394 2833 3467; x_wconf 77' lang='grc' dir='ltr'>ἐσταυρώσατε,</span> <span class='ocrx_word' id='word_1_576' title='bbox 2865 3393 3032 3464; x_wconf 83' lang='grc' dir='ltr'>φησί·</span> <span class='ocrx_word' id='word_1_577' title='bbox 3070 3394 3164 3446; x_wconf 70' lang='grc' dir='ltr'>καὶ</span> <span class='ocrx_word' id='word_1_578' title='bbox 3193 3393 3341 3456; x_wconf 73' lang='grc' dir='ltr'>εἰκὸς</span> <span class='ocrx_word' id='word_1_579' title='bbox 3367 3389 3433 3464; x_wconf 78' lang='grc' dir='ltr'>ἦν</span> <span class='ocrx_word' id='word_1_580' title='bbox 3465 3395 3580 3455; x_wconf 76' lang='grc' dir='ltr'>τοὺς</span> <span class='ocrx_word' id='word_1_581' title='bbox 3611 3393 3790 3458; x_wconf 65' lang='lat' dir='ltr'><strong>aitqau-</strong></span> 
     </span>
    </p>
   </div>
   <div class='ocr_carea' id='block_1_80' title="bbox 2278 3478 3790 3559">
    <p class='ocr_par' dir='ltr' id='par_1_80' title="bbox 2278 3478 3790 3559">
     <span class='ocr_line' id='line_1_80' title="bbox 2278 3478 3790 3559; baseline -0.009 -17"><span class='ocrx_word' id='word_1_582' title='bbox 2278 3488 2470 3559; x_wconf 81' lang='grc' dir='ltr'>μένους</span> <span class='ocrx_word' id='word_1_583' title='bbox 2486 3488 2577 3540; x_wconf 86' lang='grc' dir='ltr'>τὸν</span> <span class='ocrx_word' id='word_1_584' title='bbox 2604 3489 2725 3540; x_wconf 78' lang='grc' dir='ltr'>κατ’</span> <span class='ocrx_word' id='word_1_585' title='bbox 2768 3485 2932 3539; x_wconf 82' lang='grc' dir='ltr'>αὑτοῦ</span> <span class='ocrx_word' id='word_1_586' title='bbox 2965 3485 3142 3554; x_wconf 89' lang='grc' dir='ltr'>φόνον,</span> <span class='ocrx_word' id='word_1_587' title='bbox 3172 3484 3448 3556; x_wconf 80' lang='grc' dir='ltr'>ἀκροατὰς</span> <span class='ocrx_word' id='word_1_588' title='bbox 3474 3480 3598 3536; x_wconf 78' lang='grc' dir='ltr'>εἶναι</span> <span class='ocrx_word' id='word_1_589' title='bbox 3625 3480 3701 3534; x_wconf 77' lang='grc' dir='ltr'>τοῦ</span> <span class='ocrx_word' id='word_1_590' title='bbox 3726 3478 3790 3530; x_wconf 82' lang='grc' dir='ltr'>λό-</span> 
     </span>
    </p>
   </div>
   <div class='ocr_carea' id='block_1_81' title="bbox 2273 3569 3788 3649">
    <p class='ocr_par' dir='ltr' id='par_1_81' title="bbox 2273 3569 3788 3649">
     <span class='ocr_line' id='line_1_81' title="bbox 2273 3569 3788 3649; baseline -0.009 -16"><span class='ocrx_word' id='word_1_591' title='bbox 2273 3597 2386 3648; x_wconf 90' lang='grc' dir='ltr'>γου.</span> <span class='ocrx_word' id='word_1_592' title='bbox 2409 3578 2661 3649; x_wconf 73' lang='grc' dir='ltr'>Οὑδὲγάρ</span> <span class='ocrx_word' id='word_1_593' title='bbox 2675 3577 2839 3639; x_wconf 83' lang='grc' dir='ltr'>πολὺς</span> <span class='ocrx_word' id='word_1_594' title='bbox 2858 3573 2924 3647; x_wconf 81' lang='grc' dir='ltr'>ἦν</span> <span class='ocrx_word' id='word_1_595' title='bbox 2943 3578 2972 3630; x_wconf 93' lang='lat'><strong>6</strong></span> <span class='ocrx_word' id='word_1_596' title='bbox 2988 3577 3092 3629; x_wconf 74' lang='grc' dir='ltr'>ἀπὸ</span> <span class='ocrx_word' id='word_1_597' title='bbox 3113 3575 3206 3628; x_wconf 85' lang='grc' dir='ltr'>τοῦ</span> <span class='ocrx_word' id='word_1_598' title='bbox 3227 3574 3460 3645; x_wconf 79' lang='grc' dir='ltr'>σταυροῦ</span> <span class='ocrx_word' id='word_1_599' title='bbox 3489 3573 3607 3645; x_wconf 78' lang='grc' dir='ltr'>πρὸς</span> <span class='ocrx_word' id='word_1_600' title='bbox 3629 3571 3705 3641; x_wconf 81' lang='grc' dir='ltr'>τὴν</span> <span class='ocrx_word' id='word_1_601' title='bbox 3721 3569 3788 3638; x_wconf 86' lang='grc' dir='ltr'>δη-</span> 
     </span>
    </p>
   </div>
   <div class='ocr_carea' id='block_1_82' title="bbox 2276 3663 3788 3742">
    <p class='ocr_par' dir='ltr' id='par_1_82' title="bbox 2276 3663 3788 3742">
     <span class='ocr_line' id='line_1_82' title="bbox 2276 3663 3788 3742; baseline -0.01 -16"><span class='ocrx_word' id='word_1_602' title='bbox 2276 3671 2542 3742; x_wconf 83' lang='grc' dir='ltr'>μηγορίαν</span> <span class='ocrx_word' id='word_1_603' title='bbox 2575 3670 2667 3723; x_wconf 75' lang='grc' dir='ltr'><strong>τοῦ</strong></span> <span class='ocrx_word' id='word_1_604' title='bbox 2691 3669 2895 3738; x_wconf 87' lang='grc' dir='ltr'>Πέτρου</span> <span class='ocrx_word' id='word_1_605' title='bbox 2923 3668 3130 3738; x_wconf 82' lang='grc' dir='ltr'>χρόνος.</span> <span class='ocrx_word' id='word_1_606' title='bbox 3153 3667 3218 3720; x_wconf 87' lang='grc' dir='ltr'>Τί</span> <span class='ocrx_word' id='word_1_607' title='bbox 3247 3663 3342 3722; x_wconf 74' lang='grc' dir='ltr'><strong>οὗν</strong></span> <span class='ocrx_word' id='word_1_608' title='bbox 3362 3666 3493 3737; x_wconf 81' lang='grc' dir='ltr'>πρὸς</span> <span class='ocrx_word' id='word_1_609' title='bbox 3521 3663 3671 3717; x_wconf 74' lang='grc' dir='ltr'>ταῦτα</span> <span class='ocrx_word' id='word_1_610' title='bbox 3689 3675 3788 3730; x_wconf 85' lang='grc' dir='ltr'>προ·</span> 
     </span>
    </p>
   </div>
   <div class='ocr_carea' id='block_1_83' title="bbox 2273 3747 3791 3833">
    <p class='ocr_par' dir='ltr' id='par_1_83' title="bbox 2273 3747 3791 3833">
     <span class='ocr_line' id='line_1_83' title="bbox 2273 3747 3791 3833; baseline -0.011 -17"><span class='ocrx_word' id='word_1_611' title='bbox 2273 3763 2427 3833; x_wconf 79' lang='grc' dir='ltr'>φέρει</span> <span class='ocrx_word' id='word_1_612' title='bbox 2454 3764 2481 3815; x_wconf 90' lang='lat'><strong>6</strong></span> <span class='ocrx_word' id='word_1_613' title='bbox 2511 3760 2798 3830; x_wconf 78' lang='grc' dir='ltr'>Εὐνόμιος;</span> <span class='ocrx_word' id='word_1_614' title='bbox 2835 3762 2904 3813; x_wconf 82' lang='lat' dir='ltr'><strong>El</strong></span> <span class='ocrx_word' id='word_1_615' title='bbox 2921 3757 3006 3827; x_wconf 81' lang='grc' dir='ltr'>μὴ</span> <span class='ocrx_word' id='word_1_616' title='bbox 3024 3756 3278 3825; x_wconf 72' lang='grc' dir='ltr'>περὶτοῦ</span> <span class='ocrx_word' id='word_1_617' title='bbox 3295 3757 3364 3809; x_wconf 87' lang='grc' dir='ltr'>ἐν</span> <span class='ocrx_word' id='word_1_618' title='bbox 3378 3752 3530 3822; x_wconf 76' lang='grc' dir='ltr'>ἀρχῇ</span> <span class='ocrx_word' id='word_1_619' title='bbox 3547 3753 3697 3815; x_wconf 83' lang='grc' dir='ltr'>ὄντος</span> <span class='ocrx_word' id='word_1_620' title='bbox 3713 3747 3791 3801; x_wconf 74' lang='lat' dir='ltr'><strong>Ad-</strong></span> 
     </span>
    </p>
   </div>
   <div class='ocr_carea' id='block_1_84' title="bbox 2272 3843 3786 3925">
    <p class='ocr_par' dir='ltr' id='par_1_84' title="bbox 2272 3843 3786 3925">
     <span class='ocr_line' id='line_1_84' title="bbox 2272 3843 3786 3925; baseline -0.007 -16"><span class='ocrx_word' id='word_1_621' title='bbox 2272 3872 2400 3925; x_wconf 72' lang='grc' dir='ltr'>του,</span> <span class='ocrx_word' id='word_1_622' title='bbox 2425 3854 2520 3907; x_wconf 73' lang='grc' dir='ltr'>καὶ</span> <span class='ocrx_word' id='word_1_623' title='bbox 2542 3853 2687 3908; x_wconf 86' lang='grc' dir='ltr'>Θεοῦ</span> <span class='ocrx_word' id='word_1_624' title='bbox 2705 3853 2877 3916; x_wconf 81' lang='grc' dir='ltr'>ὄντος</span> <span class='ocrx_word' id='word_1_625' title='bbox 2895 3853 2927 3904; x_wconf 83' lang='grc' dir='ltr'><em>ὁ</em></span> <span class='ocrx_word' id='word_1_626' title='bbox 2945 3849 3237 3920; x_wconf 78' lang='grc' dir='ltr'>μακάριος</span> <span class='ocrx_word' id='word_1_627' title='bbox 3253 3848 3572 3918; x_wconf 68' lang='grc' dir='ltr'>διαλέγεται</span> <span class='ocrx_word' id='word_1_628' title='bbox 3593 3843 3786 3909; x_wconf 70' lang='grc' dir='ltr'>Πέτρος,</span> 
     </span>
    </p>
   </div>
   <div class='ocr_carea' id='block_1_85' title="bbox 2269 3930 3784 4012">
    <p class='ocr_par' dir='ltr' id='par_1_85' title="bbox 2269 3930 3784 4012">
     <span class='ocr_line' id='line_1_85' title="bbox 2269 3930 3784 4012; baseline -0.013 -12"><span class='ocrx_word' id='word_1_629' title='bbox 2269 3945 2431 4000; x_wconf 77' lang='grc' dir='ltr'><em>ἀλλὰ</em></span> <span class='ocrx_word' id='word_1_630' title='bbox 2458 3945 2589 4012; x_wconf 79' lang='grc' dir='ltr'>περὶ</span> <span class='ocrx_word' id='word_1_631' title='bbox 2617 3945 2720 3996; x_wconf 87' lang='grc' dir='ltr'>τοῦ</span> <span class='ocrx_word' id='word_1_632' title='bbox 2751 3942 3154 4010; x_wconf 76' lang='grc' dir='ltr'>βλεπομένου,</span> <span class='ocrx_word' id='word_1_633' title='bbox 3184 3940 3279 3993; x_wconf 77' lang='grc' dir='ltr'>καὶ</span> <span class='ocrx_word' id='word_1_634' title='bbox 3309 3938 3660 3999; x_wconf 81' lang='grc' dir='ltr'>κενώσαντος</span> <span class='ocrx_word' id='word_1_635' title='bbox 3680 3930 3784 3984; x_wconf 85' lang='grc' dir='ltr'>ἐαυ-</span> 
     </span>
    </p>
   </div>
   <div class='ocr_carea' id='block_1_86' title="bbox 2270 4021 3784 4104">
    <p class='ocr_par' dir='ltr' id='par_1_86' title="bbox 2270 4021 3784 4104">
     <span class='ocr_line' id='line_1_86' title="bbox 2270 4021 3784 4104; baseline -0.012 -14"><span class='ocrx_word' id='word_1_636' title='bbox 2270 4036 2395 4100; x_wconf 83' lang='grc' dir='ltr'>τὸν,</span> <span class='ocrx_word' id='word_1_637' title='bbox 2415 4035 2603 4101; x_wconf 78' lang='grc' dir='ltr'>καθώς</span> <span class='ocrx_word' id='word_1_638' title='bbox 2618 4049 2804 4104; x_wconf 64' lang='grc' dir='ltr'>φησιν</span> <span class='ocrx_word' id='word_1_639' title='bbox 2816 4035 2847 4087; x_wconf 87' lang='grc' dir='ltr'><em>ὀ</em></span> <span class='ocrx_word' id='word_1_640' title='bbox 2861 4033 3194 4096; x_wconf 79' lang='grc' dir='ltr'>Βασίλειος·</span> <span class='ocrx_word' id='word_1_641' title='bbox 3229 4031 3552 4084; x_wconf 84' lang='grc' dir='ltr'>Ἐκένωσεν</span> <span class='ocrx_word' id='word_1_642' title='bbox 3566 4025 3625 4078; x_wconf 78' lang='grc' dir='ltr'>δὲ</span> <span class='ocrx_word' id='word_1_643' title='bbox 3638 4021 3784 4086; x_wconf 70' lang='grc' dir='ltr'>ὀβλεο</span> 
     </span>
    </p>
   </div>
   <div class='ocr_carea' id='block_1_87' title="bbox 2271 4114 3782 4195">
    <p class='ocr_par' dir='ltr' id='par_1_87' title="bbox 2271 4114 3782 4195">
     <span class='ocr_line' id='line_1_87' title="bbox 2271 4114 3782 4195; baseline -0.006 -14"><span class='ocrx_word' id='word_1_644' title='bbox 2271 4129 2526 4195; x_wconf 64' lang='grc' dir='ltr'>δεόμενος</span> <span class='ocrx_word' id='word_1_645' title='bbox 2559 4127 2864 4191; x_wconf 77' lang='grc' dir='ltr'>ἄνθρωπος</span> <span class='ocrx_word' id='word_1_646' title='bbox 2893 4125 2979 4189; x_wconf 80' lang='grc' dir='ltr'>εἰς</span> <span class='ocrx_word' id='word_1_647' title='bbox 3013 4121 3238 4175; x_wconf 79' lang='grc' dir='ltr'>δούλου</span> <span class='ocrx_word' id='word_1_648' title='bbox 3267 4119 3522 4191; x_wconf 57' lang='grc' dir='ltr'>μορφήν.</span> <span class='ocrx_word' id='word_1_649' title='bbox 3563 4114 3782 4181; x_wconf 74' lang='grc' dir='ltr'>Ἐπίσχες’</span> 
     </span>
    </p>
   </div>
   <div class='ocr_carea' id='block_1_88' title="bbox 2271 4199 3788 4304">
    <p class='ocr_par' dir='ltr' id='par_1_88' title="bbox 2271 4199 3788 4304">
     <span class='ocr_line' id='line_1_88' title="bbox 2271 4199 3788 4304; baseline -0.012 -34"><span class='ocrx_word' id='word_1_650' title='bbox 2271 4218 2353 4280; x_wconf 86' lang='grc' dir='ltr'><strong>τίς</strong></span> <span class='ocrx_word' id='word_1_651' title='bbox 2383 4217 2536 4270; x_wconf 82' lang='grc' dir='ltr'><strong>τοῦτὸ</strong></span> <span class='ocrx_word' id='word_1_652' title='bbox 2569 4233 2754 4286; x_wconf 77' lang='grc' dir='ltr'>φησιν,</span> <span class='ocrx_word' id='word_1_653' title='bbox 2787 4217 2867 4269; x_wconf 85' lang='grc' dir='ltr'>ὅτι</span> <span class='ocrx_word' id='word_1_654' title='bbox 2900 4214 3061 4267; x_wconf 79' lang='grc' dir='ltr'>πάλιν</span> <span class='ocrx_word' id='word_1_655' title='bbox 3092 4212 3283 4266; x_wconf 81' lang='grc' dir='ltr'>ἑαυτὸν</span> <span class='ocrx_word' id='word_1_656' title='bbox 3320 4212 3571 4265; x_wconf 78' lang='grc' dir='ltr'>ἐκένωσεν</span> <span class='ocrx_word' id='word_1_657' title='bbox 3596 4199 3788 4304; x_wconf 59' lang='lat'><strong>6319:6-</strong></span> 
     </span>
    </p>
   </div>
   <div class='ocr_carea' id='block_1_89' title="bbox 2276 4301 3785 4376">
    <p class='ocr_par' dir='ltr' id='par_1_89' title="bbox 2276 4301 3785 4376">
     <span class='ocr_line' id='line_1_89' title="bbox 2276 4301 3785 4376; baseline -0.012 -17"><span class='ocrx_word' id='word_1_658' title='bbox 2276 4323 2433 4376; x_wconf 89' lang='grc' dir='ltr'>μενος</span> <span class='ocrx_word' id='word_1_659' title='bbox 2461 4304 2740 4375; x_wconf 77' lang='grc' dir='ltr'>ἄνθρωπος</span> <span class='ocrx_word' id='word_1_660' title='bbox 2768 4305 2845 4368; x_wconf 87' lang='grc' dir='ltr'><strong>εἰς</strong></span> <span class='ocrx_word' id='word_1_661' title='bbox 2881 4303 3066 4356; x_wconf 86' lang='grc' dir='ltr'>δούλου</span> <span class='ocrx_word' id='word_1_662' title='bbox 3096 4301 3334 4374; x_wconf 77' lang='grc' dir='ltr'>μορφὴν,</span> <span class='ocrx_word' id='word_1_663' title='bbox 3359 4302 3389 4370; x_wconf 77' lang='grc' dir='ltr'>ἦ</span> <span class='ocrx_word' id='word_1_664' title='bbox 3411 4301 3490 4362; x_wconf 85' lang='grc' dir='ltr'><strong>τίς</strong></span> <span class='ocrx_word' id='word_1_665' title='bbox 3507 4301 3785 4349; x_wconf 78' lang='grc' dir='ltr'>κατασκευα-</span> 
     </span>
    </p>
   </div>
   <div class='ocr_carea' id='block_1_90' title="bbox 2273 4382 3782 4469">
    <p class='ocr_par' dir='ltr' id='par_1_90' title="bbox 2273 4382 3782 4469">
     <span class='ocr_line' id='line_1_90' title="bbox 2273 4382 3782 4469; baseline -0.011 -18"><span class='ocrx_word' id='word_1_666' title='bbox 2273 4398 2375 4462; x_wconf 78' lang='grc' dir='ltr'>ςει,</span> <span class='ocrx_word' id='word_1_667' title='bbox 2404 4399 2484 4450; x_wconf 81' lang='grc' dir='ltr'>ὅτι</span> <span class='ocrx_word' id='word_1_668' title='bbox 2519 4397 2622 4469; x_wconf 81' lang='grc' dir='ltr'>πρὸ</span> <span class='ocrx_word' id='word_1_669' title='bbox 2643 4396 2740 4465; x_wconf 80' lang='grc' dir='ltr'>τῆς</span> <span class='ocrx_word' id='word_1_670' title='bbox 2763 4396 2850 4448; x_wconf 87' lang='grc' dir='ltr'><strong>διά</strong></span> <span class='ocrx_word' id='word_1_671' title='bbox 2884 4395 3084 4463; x_wconf 78' lang='grc' dir='ltr'>σαρκὸς</span> <span class='ocrx_word' id='word_1_672' title='bbox 3127 4395 3465 4463; x_wconf 78' lang='grc' dir='ltr'>ἐπιφανείας,</span> <span class='ocrx_word' id='word_1_673' title='bbox 3494 4390 3551 4443; x_wconf 84' lang='grc' dir='ltr'>τὸ</span> <span class='ocrx_word' id='word_1_674' title='bbox 3579 4385 3694 4442; x_wconf 78' lang='grc' dir='ltr'>κατὰ</span> <span class='ocrx_word' id='word_1_675' title='bbox 3714 4382 3782 4433; x_wconf 80' lang='grc' dir='ltr'>τὸν</span> 
     </span>
    </p>
   </div>
   <div class='ocr_carea' id='block_1_91' title="bbox 603 4470 2175 4574">
    <p class='ocr_par' dir='ltr' id='par_1_91' title="bbox 603 4502 2168 4570">
     <span class='ocr_line' id='line_1_91' title="bbox 603 4502 2168 4570; baseline 0.008 -23"><span class='ocrx_word' id='word_1_676' title='bbox 603 4510 822 4563; x_wconf 82' lang='lat' dir='ltr'><strong>corpus,</strong></span> <span class='ocrx_word' id='word_1_677' title='bbox 881 4511 1056 4567; x_wconf 85' lang='lat' dir='ltr'><strong>neque</strong></span> <span class='ocrx_word' id='word_1_678' title='bbox 1123 4513 1324 4570; x_wconf 87' lang='lat' dir='ltr'><strong>corpus</strong></span> <span class='ocrx_word' id='word_1_679' title='bbox 1381 4509 1506 4556; x_wconf 88' lang='lat' dir='ltr'><strong>ante</strong></span> <span class='ocrx_word' id='word_1_680' title='bbox 1561 4502 1702 4555; x_wconf 89' lang='lat' dir='ltr'><strong>servi</strong></span> <span class='ocrx_word' id='word_1_681' title='bbox 1761 4502 2008 4558; x_wconf 84' lang='lat' dir='ltr'><strong>formam.</strong></span> <span class='ocrx_word' id='word_1_682' title='bbox 2061 4504 2168 4559; x_wconf 87' lang='lat' dir='ltr'><strong>Sed</strong></span> 
     </span>
    </p>
   </div>
   <div class='ocr_carea' id='block_1_92' title="bbox 2276 4470 3783 4574">
    <p class='ocr_par' dir='ltr' id='par_1_92' title="bbox 2276 4470 3783 4574">
     <span class='ocr_line' id='line_1_92' title="bbox 2276 4470 3783 4574; baseline -0.007 -32"><span class='ocrx_word' id='word_1_683' title='bbox 2276 4490 2503 4562; x_wconf 73' lang='grc' dir='ltr'>σταυρὸν</span> <span class='ocrx_word' id='word_1_684' title='bbox 2553 4490 2739 4557; x_wconf 85' lang='grc' dir='ltr'>γέγονε</span> <span class='ocrx_word' id='word_1_685' title='bbox 2775 4486 2980 4550; x_wconf 79' lang='grc' dir='ltr'>πάθοςς</span> <span class='ocrx_word' id='word_1_686' title='bbox 3037 4484 3173 4538; x_wconf 75' lang='grc' dir='ltr'>Οὔτε</span> <span class='ocrx_word' id='word_1_687' title='bbox 3228 4486 3337 4556; x_wconf 83' lang='grc' dir='ltr'><strong>γὰρ</strong></span> <span class='ocrx_word' id='word_1_688' title='bbox 3374 4488 3401 4538; x_wconf 98' lang='lat'><strong>6</strong></span> <span class='ocrx_word' id='word_1_689' title='bbox 3452 4479 3659 4574; x_wconf 75' lang='grc' dir='ltr'>σταυρὸς</span> <span class='ocrx_word' id='word_1_690' title='bbox 3704 4470 3783 4543; x_wconf 75' lang='grc' dir='ltr'><strong>πρὸ</strong></span> 
     </span>
    </p>
   </div>
   <div class='ocr_carea' id='block_1_93' title="bbox 604 4586 2174 4660">
    <p class='ocr_par' dir='ltr' id='par_1_93' title="bbox 604 4586 2174 4660">
     <span class='ocr_line' id='line_1_93' title="bbox 604 4586 2174 4660; baseline 0.008 -22"><span class='ocrx_word' id='word_1_691' title='bbox 604 4586 817 4654; x_wconf 85' lang='lat' dir='ltr'><strong>quidem</strong></span> <span class='ocrx_word' id='word_1_692' title='bbox 855 4587 992 4644; x_wconf 86' lang='lat' dir='ltr'><strong>Deus</strong></span> <span class='ocrx_word' id='word_1_693' title='bbox 1053 4591 1110 4646; x_wconf 91' lang='lat' dir='ltr'><strong>in</strong></span> <span class='ocrx_word' id='word_1_694' title='bbox 1157 4605 1323 4646; x_wconf 77' lang='lat' dir='ltr'><strong>carne</strong></span> <span class='ocrx_word' id='word_1_695' title='bbox 1369 4595 1787 4660; x_wconf 82' lang='lat' dir='ltr'><strong>manifestatur;</strong></span> <span class='ocrx_word' id='word_1_696' title='bbox 1830 4611 1958 4649; x_wconf 85' lang='lat' dir='ltr'><strong>caro</strong></span> <span class='ocrx_word' id='word_1_697' title='bbox 1997 4605 2174 4651; x_wconf 83' lang='lat' dir='ltr'><strong>autem</strong></span> 
     </span>
    </p>
   </div>
   <div class='ocr_carea' id='block_1_94' title="bbox 604 4680 2180 4758">
    <p class='ocr_par' dir='ltr' id='par_1_94' title="bbox 604 4680 2180 4758">
     <span class='ocr_line' id='line_1_94' title="bbox 604 4680 2180 4758; baseline 0.01 -29"><span class='ocrx_word' id='word_1_698' title='bbox 604 4695 725 4749; x_wconf 72' lang='lat' dir='ltr'><strong>qua:</strong></span> <span class='ocrx_word' id='word_1_699' title='bbox 757 4680 921 4737; x_wconf 90' lang='lat' dir='ltr'><strong>Deum</strong></span> <span class='ocrx_word' id='word_1_700' title='bbox 956 4683 1010 4736; x_wconf 90' lang='lat' dir='ltr'><strong>in</strong></span> <span class='ocrx_word' id='word_1_701' title='bbox 1065 4685 1242 4753; x_wconf 73' lang='lat' dir='ltr'><strong>seipse</strong></span> <span class='ocrx_word' id='word_1_702' title='bbox 1291 4685 1551 4750; x_wconf 89' lang='lat' dir='ltr'><strong>ostendit,</strong></span> <span class='ocrx_word' id='word_1_703' title='bbox 1599 4696 1884 4756; x_wconf 87' lang='lat' dir='ltr'><strong>postquam</strong></span> <span class='ocrx_word' id='word_1_704' title='bbox 1938 4689 2180 4758; x_wconf 87' lang='lat' dir='ltr'><strong>implevit</strong></span> 
     </span>
    </p>
   </div>
   <div class='ocr_carea' id='block_1_95' title="bbox 607 4772 2176 4849">
    <p class='ocr_par' dir='ltr' id='par_1_95' title="bbox 607 4772 2176 4849">
     <span class='ocr_line' id='line_1_95' title="bbox 607 4772 2176 4849; baseline 0.008 -26"><span class='ocrx_word' id='word_1_705' title='bbox 607 4786 701 4839; x_wconf 87' lang='lat' dir='ltr'><strong>per</strong></span> <span class='ocrx_word' id='word_1_706' title='bbox 725 4772 957 4840; x_wconf 88' lang='lat' dir='ltr'><strong>seipsam</strong></span> <span class='ocrx_word' id='word_1_707' title='bbox 979 4788 1232 4843; x_wconf 80' lang='lat' dir='ltr'><strong>magnum</strong></span> <span class='ocrx_word' id='word_1_708' title='bbox 1254 4775 1442 4831; x_wconf 84' lang='lat' dir='ltr'><strong>mortis</strong></span> <span class='ocrx_word' id='word_1_709' title='bbox 1467 4780 1808 4849; x_wconf 82' lang='lat' dir='ltr'><strong>mysterium,</strong></span> <span class='ocrx_word' id='word_1_710' title='bbox 1829 4779 1879 4832; x_wconf 93' lang='lat' dir='ltr'><strong>in</strong></span> <span class='ocrx_word' id='word_1_711' title='bbox 1901 4781 2176 4837; x_wconf 83' lang='lat' dir='ltr'><strong>excelsum</strong></span> 
     </span>
    </p>
   </div>
   <div class='ocr_carea' id='block_1_96' title="bbox 605 4864 2176 4937">
    <p class='ocr_par' dir='ltr' id='par_1_96' title="bbox 605 4864 2176 4937">
     <span class='ocr_line' id='line_1_96' title="bbox 605 4864 2176 4937; baseline 0.008 -22"><span class='ocrx_word' id='word_1_712' title='bbox 605 4871 658 4915; x_wconf 86' lang='lat' dir='ltr'><strong>et</strong></span> <span class='ocrx_word' id='word_1_713' title='bbox 683 4864 923 4918; x_wconf 88' lang='lat' dir='ltr'><strong>divinum</strong></span> <span class='ocrx_word' id='word_1_714' title='bbox 955 4882 1052 4935; x_wconf 87' lang='lat' dir='ltr'><strong>per</strong></span> <span class='ocrx_word' id='word_1_715' title='bbox 1094 4870 1540 4937; x_wconf 87' lang='lat' dir='ltr'><strong>tetnperationem</strong></span> <span class='ocrx_word' id='word_1_716' title='bbox 1586 4865 2004 4937; x_wconf 84' lang='lat' dir='ltr'><strong>transmutatur,</strong></span> <span class='ocrx_word' id='word_1_717' title='bbox 2035 4871 2176 4928; x_wconf 75' lang='lat' dir='ltr'><strong>facta</strong></span> 
     </span>
    </p>
   </div>
   <div class='ocr_carea' id='block_1_97' title="bbox 605 4953 2174 5022">
    <p class='ocr_par' dir='ltr' id='par_1_97' title="bbox 605 4953 2174 5022">
     <span class='ocr_line' id='line_1_97' title="bbox 605 4953 2174 5022; baseline 0.006 -16"><span class='ocrx_word' id='word_1_718' title='bbox 605 4953 854 5006; x_wconf 83' lang='lat' dir='ltr'><strong>Christus</strong></span> <span class='ocrx_word' id='word_1_719' title='bbox 901 4963 953 5008; x_wconf 90' lang='lat' dir='ltr'><strong>et</strong></span> <span class='ocrx_word' id='word_1_720' title='bbox 999 4953 1306 5022; x_wconf 89' lang='lat' dir='ltr'><strong>Dominus,</strong></span> <span class='ocrx_word' id='word_1_721' title='bbox 1358 4958 1412 5012; x_wconf 92' lang='lat' dir='ltr'><strong>in</strong></span> <span class='ocrx_word' id='word_1_722' title='bbox 1485 4960 1613 5014; x_wconf 92' lang='lat' dir='ltr'><strong>illud</strong></span> <span class='ocrx_word' id='word_1_723' title='bbox 1667 4961 2058 5016; x_wconf 86' lang='lat' dir='ltr'><strong>transformata</strong></span> <span class='ocrx_word' id='word_1_724' title='bbox 2120 4971 2174 5017; x_wconf 90' lang='lat' dir='ltr'><strong>et</strong></span> 
     </span>
    </p>
   </div>
   <div class='ocr_carea' id='block_1_98' title="bbox 607 5043 2163 5122">
    <p class='ocr_par' dir='ltr' id='par_1_98' title="bbox 607 5043 2163 5122">
     <span class='ocr_line' id='line_1_98' title="bbox 607 5043 2163 5122; baseline 0.005 -25"><span class='ocrx_word' id='word_1_725' title='bbox 607 5043 887 5098; x_wconf 80' lang='lat' dir='ltr'><strong>immutata</strong></span> <span class='ocrx_word' id='word_1_726' title='bbox 903 5047 1044 5114; x_wconf 89' lang='lat' dir='ltr'><strong>quod</strong></span> <span class='ocrx_word' id='word_1_727' title='bbox 1069 5046 1284 5116; x_wconf 84' lang='lat' dir='ltr'><strong>quidem</strong></span> <span class='ocrx_word' id='word_1_728' title='bbox 1310 5057 1426 5102; x_wconf 89' lang='lat' dir='ltr'><strong>erat</strong></span> <span class='ocrx_word' id='word_1_729' title='bbox 1445 5051 1535 5118; x_wconf 91' lang='lat' dir='ltr'><strong>qui</strong></span> <span class='ocrx_word' id='word_1_730' title='bbox 1559 5051 1610 5103; x_wconf 92' lang='lat' dir='ltr'><strong>in</strong></span> <span class='ocrx_word' id='word_1_731' title='bbox 1629 5051 1718 5103; x_wconf 87' lang='lat' dir='ltr'><strong>illa</strong></span> <span class='ocrx_word' id='word_1_732' title='bbox 1739 5066 1903 5105; x_wconf 88' lang='lat' dir='ltr'><strong>carne</strong></span> <span class='ocrx_word' id='word_1_733' title='bbox 1923 5053 2163 5122; x_wconf 89' lang='lat' dir='ltr'><strong>seipsum</strong></span> 
     </span>
    </p>
   </div>
   <div class='ocr_carea' id='block_1_99' title="bbox 608 5136 2174 5204">
    <p class='ocr_par' dir='ltr' id='par_1_99' title="bbox 608 5136 2174 5204">
     <span class='ocr_line' id='line_1_99' title="bbox 608 5136 2174 5204; baseline 0.006 -16"><span class='ocrx_word' id='word_1_734' title='bbox 608 5136 997 5190; x_wconf 85' lang='lat' dir='ltr'><strong>manifestavit.</strong></span> <span class='ocrx_word' id='word_1_735' title='bbox 1048 5138 1150 5193; x_wconf 91' lang='lat' dir='ltr'><strong>Sed</strong></span> <span class='ocrx_word' id='word_1_736' title='bbox 1197 5141 1242 5196; x_wconf 85' lang='lat' dir='ltr'><strong>si</strong></span> <span class='ocrx_word' id='word_1_737' title='bbox 1291 5156 1394 5194; x_wconf 91' lang='lat' dir='ltr'><strong>nos</strong></span> <span class='ocrx_word' id='word_1_738' title='bbox 1444 5156 1636 5196; x_wconf 84' lang='lat' dir='ltr'><strong>rursus</strong></span> <span class='ocrx_word' id='word_1_739' title='bbox 1673 5141 1786 5196; x_wconf 77' lang='lat' dir='ltr'><strong>lucc</strong></span> <span class='ocrx_word' id='word_1_740' title='bbox 1843 5141 2174 5204; x_wconf 89' lang='lat' dir='ltr'><strong>diceremus.</strong></span> 
     </span>
    </p>
   </div>
   <div class='ocr_carea' id='block_1_100' title="bbox 603 5229 2174 5295">
    <p class='ocr_par' dir='ltr' id='par_1_100' title="bbox 603 5229 2174 5295">
     <span class='ocr_line' id='line_1_100' title="bbox 603 5229 2174 5295; baseline 0.002 -14"><span class='ocrx_word' id='word_1_741' title='bbox 603 5243 726 5281; x_wconf 84' lang='lat' dir='ltr'><strong>enm</strong></span> <span class='ocrx_word' id='word_1_742' title='bbox 757 5229 847 5295; x_wconf 88' lang='lat' dir='ltr'><strong>qui</strong></span> <span class='ocrx_word' id='word_1_743' title='bbox 881 5229 935 5281; x_wconf 93' lang='lat' dir='ltr'><strong>in</strong></span> <span class='ocrx_word' id='word_1_744' title='bbox 963 5244 1126 5285; x_wconf 89' lang='lat' dir='ltr'><strong>cruce</strong></span> <span class='ocrx_word' id='word_1_745' title='bbox 1153 5230 1560 5286; x_wconf 89' lang='lat' dir='ltr'><strong>demonstratus</strong></span> <span class='ocrx_word' id='word_1_746' title='bbox 1597 5245 1680 5286; x_wconf 91' lang='lat' dir='ltr'><strong>est</strong></span> <span class='ocrx_word' id='word_1_747' title='bbox 1717 5233 1772 5285; x_wconf 91' lang='lat' dir='ltr'><strong>in</strong></span> <span class='ocrx_word' id='word_1_748' title='bbox 1815 5233 2040 5287; x_wconf 89' lang='lat' dir='ltr'><strong>alterius</strong></span> <span class='ocrx_word' id='word_1_749' title='bbox 2077 5233 2174 5285; x_wconf 83' lang='lat' dir='ltr'><strong>lm-</strong></span> 
     </span>
    </p>
   </div>
   <div class='ocr_carea' id='block_1_101' title="bbox 606 5319 2176 5392">
    <p class='ocr_par' dir='ltr' id='par_1_101' title="bbox 606 5319 2176 5392">
     <span class='ocr_line' id='line_1_101' title="bbox 606 5319 2176 5392; baseline 0.003 -20"><span class='ocrx_word' id='word_1_750' title='bbox 606 5319 769 5373; x_wconf 82' lang='lat' dir='ltr'><strong>minis</strong></span> <span class='ocrx_word' id='word_1_751' title='bbox 799 5322 1201 5389; x_wconf 77' lang='lat' dir='ltr'><strong>generationem</strong></span> <span class='ocrx_word' id='word_1_752' title='bbox 1231 5323 1570 5377; x_wconf 76' lang='lat' dir='ltr'><strong>exiuanitum</strong></span> <span class='ocrx_word' id='word_1_753' title='bbox 1610 5338 1752 5385; x_wconf 89' lang='lat' dir='ltr'><strong>esse,</strong></span> <span class='ocrx_word' id='word_1_754' title='bbox 1781 5322 1927 5392; x_wconf 92' lang='lat' dir='ltr'><strong>quod</strong></span> <span class='ocrx_word' id='word_1_755' title='bbox 1963 5339 2064 5378; x_wconf 91' lang='lat' dir='ltr'><strong>nos</strong></span> <span class='ocrx_word' id='word_1_756' title='bbox 2093 5324 2176 5378; x_wconf 87' lang='lat' dir='ltr'><strong>di-</strong></span> 
     </span>
    </p>
   </div>
   <div class='ocr_carea' id='block_1_102' title="bbox 606 5412 2174 5487">
    <p class='ocr_par' dir='ltr' id='par_1_102' title="bbox 606 5412 2174 5487">
     <span class='ocr_line' id='line_1_102' title="bbox 606 5412 2174 5487; baseline 0.004 -24"><span class='ocrx_word' id='word_1_757' title='bbox 606 5427 731 5466; x_wconf 82' lang='lat' dir='ltr'><strong>cere</strong></span> <span class='ocrx_word' id='word_1_758' title='bbox 785 5412 888 5467; x_wconf 89' lang='lat' dir='ltr'><strong>iste</strong></span> <span class='ocrx_word' id='word_1_759' title='bbox 942 5413 1186 5470; x_wconf 87' lang='lat' dir='ltr'><strong>veritatis</strong></span> <span class='ocrx_word' id='word_1_760' title='bbox 1243 5423 1614 5487; x_wconf 81' lang='lat' dir='ltr'><strong>propugnator</strong></span> <span class='ocrx_word' id='word_1_761' title='bbox 1662 5415 1893 5476; x_wconf 87' lang='lat' dir='ltr'><strong>astruit,</strong></span> <span class='ocrx_word' id='word_1_762' title='bbox 1960 5416 2062 5471; x_wconf 91' lang='lat' dir='ltr'><strong>hoc</strong></span> <span class='ocrx_word' id='word_1_763' title='bbox 2107 5416 2174 5470; x_wconf 88' lang='lat' dir='ltr'><strong>ad</strong></span> 
     </span>
    </p>
   </div>
   <div class='ocr_carea' id='block_1_103' title="bbox 608 5499 2168 5575">
    <p class='ocr_par' dir='ltr' id='par_1_103' title="bbox 608 5499 2168 5575">
     <span class='ocr_line' id='line_1_103' title="bbox 608 5499 2168 5575; baseline 0.003 -22"><span class='ocrx_word' id='word_1_764' title='bbox 608 5499 841 5556; x_wconf 84' lang='lat' dir='ltr'><strong>Verbum</strong></span> <span class='ocrx_word' id='word_1_765' title='bbox 873 5505 1178 5572; x_wconf 88' lang='lat' dir='ltr'><strong>composito</strong></span> <span class='ocrx_word' id='word_1_766' title='bbox 1227 5505 1424 5561; x_wconf 84' lang='lat' dir='ltr'><strong>cavillo</strong></span> <span class='ocrx_word' id='word_1_767' title='bbox 1459 5505 1559 5560; x_wconf 83' lang='lat' dir='ltr'><strong>:Si</strong></span> <span class='ocrx_word' id='word_1_768' title='bbox 1605 5507 1694 5575; x_wconf 89' lang='lat' dir='ltr'><strong>qui</strong></span> <span class='ocrx_word' id='word_1_769' title='bbox 1741 5503 1943 5558; x_wconf 83' lang='lat' dir='ltr'><strong>videtur</strong></span> <span class='ocrx_word' id='word_1_770' title='bbox 1995 5505 2168 5570; x_wconf 88' lang='lat' dir='ltr'><strong>homo,</strong></span> 
     </span>
    </p>
   </div>
   <div class='ocr_carea' id='block_1_104' title="bbox 606 5592 2175 5668">
    <p class='ocr_par' dir='ltr' id='par_1_104' title="bbox 606 5592 2175 5668">
     <span class='ocr_line' id='line_1_104' title="bbox 606 5592 2175 5668; baseline 0.004 -26"><span class='ocrx_word' id='word_1_771' title='bbox 606 5592 802 5661; x_wconf 82' lang='lat' dir='ltr'><strong>inquit,</strong></span> <span class='ocrx_word' id='word_1_772' title='bbox 851 5597 1140 5650; x_wconf 76' lang='lat' dir='ltr'><strong>exinanivit</strong></span> <span class='ocrx_word' id='word_1_773' title='bbox 1184 5599 1414 5668; x_wconf 87' lang='lat' dir='ltr'><strong>seipsum</strong></span> <span class='ocrx_word' id='word_1_774' title='bbox 1467 5599 1522 5654; x_wconf 84' lang='lat' dir='ltr'><strong>in</strong></span> <span class='ocrx_word' id='word_1_775' title='bbox 1573 5599 1706 5653; x_wconf 84' lang='lat' dir='ltr'><strong>servi</strong></span> <span class='ocrx_word' id='word_1_776' title='bbox 1752 5599 1974 5667; x_wconf 75' lang='lat' dir='ltr'><strong>formam</strong></span> <span class='ocrx_word' id='word_1_777' title='bbox 2027 5615 2044 5651; x_wconf 91' lang='lat'><em>:</em></span> <span class='ocrx_word' id='word_1_778' title='bbox 2086 5597 2175 5666; x_wconf 82' lang='lat' dir='ltr'><strong>qui</strong></span> 
     </span>
    </p>
   </div>
   <div class='ocr_carea' id='block_1_105' title="bbox 677 5764 1086 5839">
    <p class='ocr_par' dir='ltr' id='par_1_105' title="bbox 677 5764 1086 5839">
     <span class='ocr_line' id='line_1_105' title="bbox 677 5764 1086 5839; baseline 0.012 -19"><span class='ocrx_word' id='word_1_779' title='bbox 677 5764 722 5797; x_wconf 83' lang='lat'><strong>&quot;</strong></span> <span class='ocrx_word' id='word_1_780' title='bbox 752 5767 870 5824; x_wconf 76' lang='lat' dir='ltr'><strong>Act.</strong></span> <span class='ocrx_word' id='word_1_781' title='bbox 908 5787 964 5839; x_wconf 88' lang='grc' dir='ltr'><strong>ιι,</strong></span> <span class='ocrx_word' id='word_1_782' title='bbox 1000 5770 1086 5824; x_wconf 76' lang='grc'><strong>36.</strong></span> 
     </span>
    </p>
   </div>
   <div class='ocr_carea' id='block_1_106' title="bbox 2275 4571 3780 4649">
    <p class='ocr_par' dir='ltr' id='par_1_106' title="bbox 2275 4571 3780 4649">
     <span class='ocr_line' id='line_1_106' title="bbox 2275 4571 3780 4649; baseline -0.012 -15"><span class='ocrx_word' id='word_1_783' title='bbox 2275 4579 2372 4634; x_wconf 81' lang='grc' dir='ltr'>τοῦ</span> <span class='ocrx_word' id='word_1_784' title='bbox 2397 4579 2662 4649; x_wconf 74' lang='grc' dir='ltr'>σώματος,</span> <span class='ocrx_word' id='word_1_785' title='bbox 2693 4576 2816 4628; x_wconf 80' lang='grc' dir='ltr'>οὔτε</span> <span class='ocrx_word' id='word_1_786' title='bbox 2844 4575 2904 4628; x_wconf 83' lang='grc' dir='ltr'>τὸ</span> <span class='ocrx_word' id='word_1_787' title='bbox 2931 4575 3086 4646; x_wconf 81' lang='grc' dir='ltr'>σῶμα</span> <span class='ocrx_word' id='word_1_788' title='bbox 3116 4576 3223 4648; x_wconf 86' lang='grc' dir='ltr'>πρὸ</span> <span class='ocrx_word' id='word_1_789' title='bbox 3253 4578 3349 4646; x_wconf 82' lang='grc' dir='ltr'>τῆς</span> <span class='ocrx_word' id='word_1_790' title='bbox 3385 4574 3474 4627; x_wconf 78' lang='grc' dir='ltr'>τοῦ</span> <span class='ocrx_word' id='word_1_791' title='bbox 3494 4571 3654 4625; x_wconf 85' lang='grc' dir='ltr'>δούλου</span> <span class='ocrx_word' id='word_1_792' title='bbox 3678 4578 3780 4635; x_wconf 83' lang='grc' dir='ltr'>μορ-</span> 
     </span>
    </p>
   </div>
   <div class='ocr_carea' id='block_1_107' title="bbox 2280 4651 3780 4761">
    <p class='ocr_par' dir='ltr' id='par_1_107' title="bbox 2280 4651 3780 4761">
     <span class='ocr_line' id='line_1_107' title="bbox 2280 4651 3780 4761; baseline -0.009 -34"><span class='ocrx_word' id='word_1_793' title='bbox 2280 4675 2404 4744; x_wconf 85' lang='grc' dir='ltr'>φῆς·</span> <span class='ocrx_word' id='word_1_794' title='bbox 2438 4672 2549 4725; x_wconf 78' lang='grc' dir='ltr'>ἀλλ’</span> <span class='ocrx_word' id='word_1_795' title='bbox 2575 4672 2602 4724; x_wconf 90' lang='lat'><strong>6</strong></span> <span class='ocrx_word' id='word_1_796' title='bbox 2621 4671 2717 4740; x_wconf 81' lang='grc' dir='ltr'>μὲν</span> <span class='ocrx_word' id='word_1_797' title='bbox 2735 4669 2865 4732; x_wconf 82' lang='grc' dir='ltr'>Θεὸς</span> <span class='ocrx_word' id='word_1_798' title='bbox 2897 4669 2957 4720; x_wconf 82' lang='grc' dir='ltr'>ὲν</span> <span class='ocrx_word' id='word_1_799' title='bbox 2981 4670 3143 4740; x_wconf 82' lang='grc' dir='ltr'>σαρκὶ</span> <span class='ocrx_word' id='word_1_800' title='bbox 3179 4667 3524 4738; x_wconf 80' lang='grc' dir='ltr'>φανεροῦται,</span> <span class='ocrx_word' id='word_1_801' title='bbox 3557 4665 3585 4733; x_wconf 75' lang='grc' dir='ltr'>ἡ</span> <span class='ocrx_word' id='word_1_802' title='bbox 3599 4660 3654 4761; x_wconf 56' lang='grc' dir='ltr'>δὲ</span> <span class='ocrx_word' id='word_1_803' title='bbox 3678 4651 3780 4761; x_wconf 51' lang='grc' dir='ltr'>σὰρξ</span> 
     </span>
    </p>
   </div>
   <div class='ocr_carea' id='block_1_108' title="bbox 2278 4746 3767 4834">
    <p class='ocr_par' dir='ltr' id='par_1_108' title="bbox 2278 4746 3767 4834">
     <span class='ocr_line' id='line_1_108' title="bbox 2278 4746 3767 4834; baseline -0.013 -17"><span class='ocrx_word' id='word_1_804' title='bbox 2278 4766 2311 4834; x_wconf 86' lang='grc' dir='ltr'>ἠ</span> <span class='ocrx_word' id='word_1_805' title='bbox 2339 4764 2427 4816; x_wconf 75' lang='grc' dir='ltr'>τὸν</span> <span class='ocrx_word' id='word_1_806' title='bbox 2457 4763 2588 4815; x_wconf 80' lang='grc' dir='ltr'>Θεὸν</span> <span class='ocrx_word' id='word_1_807' title='bbox 2627 4763 2682 4813; x_wconf 82' lang='grc' dir='ltr'>ὲν</span> <span class='ocrx_word' id='word_1_808' title='bbox 2713 4761 2876 4830; x_wconf 76' lang='grc' dir='ltr'>ἑαυτῇ</span> <span class='ocrx_word' id='word_1_809' title='bbox 2924 4759 3165 4826; x_wconf 82' lang='grc' dir='ltr'>δείξασα,</span> <span class='ocrx_word' id='word_1_810' title='bbox 3195 4759 3332 4832; x_wconf 86' lang='grc' dir='ltr'><strong>μετά</strong></span> <span class='ocrx_word' id='word_1_811' title='bbox 3360 4759 3418 4811; x_wconf 87' lang='grc' dir='ltr'>τὸ</span> <span class='ocrx_word' id='word_1_812' title='bbox 3457 4753 3705 4826; x_wconf 82' lang='grc' dir='ltr'>πληρῶσαι</span> <span class='ocrx_word' id='word_1_813' title='bbox 3729 4746 3767 4798; x_wconf 89' lang='grc' dir='ltr'><strong>δι</strong></span> 
     </span>
    </p>
   </div>
   <div class='ocr_carea' id='block_1_109' title="bbox 2278 4843 3777 4928">
    <p class='ocr_par' dir='ltr' id='par_1_109' title="bbox 2278 4843 3777 4928">
     <span class='ocr_line' id='line_1_109' title="bbox 2278 4843 3777 4928; baseline -0.013 -17"><span class='ocrx_word' id='word_1_814' title='bbox 2278 4859 2474 4928; x_wconf 77' lang='grc' dir='ltr'>ἑαυτῆς</span> <span class='ocrx_word' id='word_1_815' title='bbox 2490 4856 2549 4909; x_wconf 80' lang='grc' dir='ltr'>τὸ</span> <span class='ocrx_word' id='word_1_816' title='bbox 2569 4855 2708 4926; x_wconf 84' lang='grc' dir='ltr'>μέγα</span> <span class='ocrx_word' id='word_1_817' title='bbox 2744 4853 2837 4906; x_wconf 78' lang='grc' dir='ltr'>τοῦ</span> <span class='ocrx_word' id='word_1_818' title='bbox 2861 4854 3092 4907; x_wconf 84' lang='grc' dir='ltr'>θανάτου</span> <span class='ocrx_word' id='word_1_819' title='bbox 3127 4853 3440 4925; x_wconf 85' lang='grc' dir='ltr'>μυστήριον,</span> <span class='ocrx_word' id='word_1_820' title='bbox 3467 4843 3777 4920; x_wconf 80' lang='grc' dir='ltr'>μεταποιεῖται</span> 
     </span>
    </p>
   </div>
   <div class='ocr_carea' id='block_1_110' title="bbox 2279 4929 3777 5022">
    <p class='ocr_par' dir='ltr' id='par_1_110' title="bbox 2279 4929 3777 5022">
     <span class='ocr_line' id='line_1_110' title="bbox 2279 4929 3777 5022; baseline -0.017 -18"><span class='ocrx_word' id='word_1_821' title='bbox 2279 4952 2412 5022; x_wconf 56' lang='grc' dir='ltr'>προς</span> <span class='ocrx_word' id='word_1_822' title='bbox 2438 4950 2497 5002; x_wconf 75' lang='grc' dir='ltr'>τὸ</span> <span class='ocrx_word' id='word_1_823' title='bbox 2519 4948 2717 5019; x_wconf 59' lang='grc' dir='ltr'>ὑψηλόν</span> <span class='ocrx_word' id='word_1_824' title='bbox 2737 4965 2797 5000; x_wconf 89' lang='grc' dir='ltr'><strong>τε</strong></span> <span class='ocrx_word' id='word_1_825' title='bbox 2814 4947 2907 5000; x_wconf 72' lang='grc' dir='ltr'>καὶ</span> <span class='ocrx_word' id='word_1_826' title='bbox 2930 4947 3068 5000; x_wconf 81' lang='grc' dir='ltr'>θεῖον</span> <span class='ocrx_word' id='word_1_827' title='bbox 3099 4945 3165 4998; x_wconf 88' lang='grc' dir='ltr'><strong>δι’</strong></span> <span class='ocrx_word' id='word_1_828' title='bbox 3199 4945 3561 5014; x_wconf 80' lang='grc' dir='ltr'>ἀνακράσεως,</span> <span class='ocrx_word' id='word_1_829' title='bbox 3596 4929 3777 5022; x_wconf 73' lang='grc' dir='ltr'>Χριστὸς</span> 
     </span>
    </p>
   </div>
   <div class='ocr_carea' id='block_1_111' title="bbox 2278 5018 3776 5113">
    <p class='ocr_par' dir='ltr' id='par_1_111' title="bbox 2278 5018 3776 5113">
     <span class='ocr_line' id='line_1_111' title="bbox 2278 5018 3776 5113; baseline -0.014 -18"><span class='ocrx_word' id='word_1_830' title='bbox 2278 5043 2539 5113; x_wconf 81' lang='grc' dir='ltr'>γενομένη</span> <span class='ocrx_word' id='word_1_831' title='bbox 2594 5041 2686 5093; x_wconf 77' lang='grc' dir='ltr'>καὶ</span> <span class='ocrx_word' id='word_1_832' title='bbox 2738 5037 2960 5109; x_wconf 85' lang='grc' dir='ltr'>Κύριος,</span> <span class='ocrx_word' id='word_1_833' title='bbox 3029 5040 3106 5100; x_wconf 88' lang='grc' dir='ltr'><strong>εἰς</strong></span> <span class='ocrx_word' id='word_1_834' title='bbox 3145 5039 3318 5089; x_wconf 85' lang='grc' dir='ltr'>ἐκεῖνο</span> <span class='ocrx_word' id='word_1_835' title='bbox 3364 5029 3679 5106; x_wconf 82' lang='grc' dir='ltr'>μετατεθεῖσα</span> <span class='ocrx_word' id='word_1_836' title='bbox 3708 5018 3776 5074; x_wconf 79' lang='grc' dir='ltr'>καὶ</span> 
     </span>
    </p>
   </div>
   <div class='ocr_carea' id='block_1_112' title="bbox 2278 5117 3774 5202">
    <p class='ocr_par' dir='ltr' id='par_1_112' title="bbox 2278 5117 3774 5202">
     <span class='ocr_line' id='line_1_112' title="bbox 2278 5117 3774 5202; baseline -0.016 -12"><span class='ocrx_word' id='word_1_837' title='bbox 2278 5136 2588 5202; x_wconf 77' lang='grc' dir='ltr'>ἀλλαγεῖσα,</span> <span class='ocrx_word' id='word_1_838' title='bbox 2616 5133 2751 5201; x_wconf 84' lang='grc' dir='ltr'>ὅπερ</span> <span class='ocrx_word' id='word_1_839' title='bbox 2777 5127 2843 5201; x_wconf 81' lang='grc' dir='ltr'>ἦν</span> <span class='ocrx_word' id='word_1_840' title='bbox 2874 5133 2901 5184; x_wconf 93' lang='lat'><strong>6</strong></span> <span class='ocrx_word' id='word_1_841' title='bbox 2931 5130 2986 5182; x_wconf 77' lang='grc' dir='ltr'>ἐν</span> <span class='ocrx_word' id='word_1_842' title='bbox 3026 5128 3207 5201; x_wconf 80' lang='grc' dir='ltr'>ἐκείνῃ</span> <span class='ocrx_word' id='word_1_843' title='bbox 3236 5131 3300 5199; x_wconf 84' lang='grc' dir='ltr'>τῇ</span> <span class='ocrx_word' id='word_1_844' title='bbox 3338 5127 3493 5198; x_wconf 82' lang='grc' dir='ltr'>σαρκὶ</span> <span class='ocrx_word' id='word_1_845' title='bbox 3519 5117 3680 5175; x_wconf 82' lang='grc' dir='ltr'>ἑαυτὸν</span> 
     </span>
    </p>
   </div>
   <div class='ocr_carea' id='block_1_113' title="bbox 2277 5200 3774 5298">
    <p class='ocr_par' dir='ltr' id='par_1_113' title="bbox 2277 5200 3774 5298">
     <span class='ocr_line' id='line_1_113' title="bbox 2277 5200 3774 5298; baseline -0.014 -18"><span class='ocrx_word' id='word_1_846' title='bbox 2277 5200 2539 5298; x_wconf 80' lang='grc' dir='ltr'>νερώσας.</span> <span class='ocrx_word' id='word_1_847' title='bbox 2578 5200 2730 5275; x_wconf 27' lang='grc' dir='ltr'>Ἀλλ(</span> <span class='ocrx_word' id='word_1_848' title='bbox 2767 5225 2814 5275; x_wconf 79' lang='grc' dir='ltr'><strong>εί</strong></span> <span class='ocrx_word' id='word_1_849' title='bbox 2853 5221 3022 5275; x_wconf 79' lang='grc' dir='ltr'>ταῦτα</span> <span class='ocrx_word' id='word_1_850' title='bbox 3061 5200 3312 5290; x_wconf 81' lang='grc' dir='ltr'>λέγοιμεν</span> <span class='ocrx_word' id='word_1_851' title='bbox 3350 5218 3502 5270; x_wconf 78' lang='grc' dir='ltr'>πάλιν</span> <span class='ocrx_word' id='word_1_852' title='bbox 3533 5200 3774 5298; x_wconf 35' lang='lat' dir='ltr'><strong>quassa?</strong></span> 
     </span>
    </p>
   </div>
   <div class='ocr_carea' id='block_1_114' title="bbox 2278 5295 3772 5398">
    <p class='ocr_par' dir='ltr' id='par_1_114' title="bbox 2278 5295 3772 5398">
     <span class='ocr_line' id='line_1_114' title="bbox 2278 5295 3772 5398; baseline -0.004 -26"><span class='ocrx_word' id='word_1_853' title='bbox 2278 5295 2368 5372; x_wconf 47' lang='grc' dir='ltr'>ἐπι</span> <span class='ocrx_word' id='word_1_854' title='bbox 2398 5317 2489 5370; x_wconf 77' lang='grc' dir='ltr'>τοῦ</span> <span class='ocrx_word' id='word_1_855' title='bbox 2512 5315 2742 5386; x_wconf 77' lang='grc' dir='ltr'>σταυροῦ</span> <span class='ocrx_word' id='word_1_856' title='bbox 2773 5313 3048 5383; x_wconf 81' lang='grc' dir='ltr'>δειχθέντα</span> <span class='ocrx_word' id='word_1_857' title='bbox 3077 5315 3154 5375; x_wconf 77' lang='grc' dir='ltr'><strong>εἰς</strong></span> <span class='ocrx_word' id='word_1_858' title='bbox 3186 5311 3342 5365; x_wconf 73' lang='grc' dir='ltr'>ἄλλου</span> <span class='ocrx_word' id='word_1_859' title='bbox 3370 5305 3629 5379; x_wconf 77' lang='grc' dir='ltr'>ἀνθρώπου</span> <span class='ocrx_word' id='word_1_860' title='bbox 3658 5295 3772 5398; x_wconf 68' lang='grc' dir='ltr'>γένε’</span> 
     </span>
    </p>
   </div>
   <div class='ocr_carea' id='block_1_115' title="bbox 2280 5390 3771 5472">
    <p class='ocr_par' dir='ltr' id='par_1_115' title="bbox 2280 5390 3771 5472">
     <span class='ocr_line' id='line_1_115' title="bbox 2280 5390 3771 5472; baseline -0.009 -9"><span class='ocrx_word' id='word_1_861' title='bbox 2280 5427 2362 5463; x_wconf 90' lang='grc' dir='ltr'><strong>σιν</strong></span> <span class='ocrx_word' id='word_1_862' title='bbox 2413 5406 2764 5470; x_wconf 76' lang='grc' dir='ltr'>κεκενῶσθαι,</span> <span class='ocrx_word' id='word_1_863' title='bbox 2792 5403 2820 5456; x_wconf 83' lang='grc' dir='ltr'>ὂ</span> <span class='ocrx_word' id='word_1_864' title='bbox 2856 5403 3034 5471; x_wconf 85' lang='grc' dir='ltr'>λέγειν</span> <span class='ocrx_word' id='word_1_865' title='bbox 3066 5405 3214 5472; x_wconf 82' lang='grc' dir='ltr'>ἡμᾶς</span> <span class='ocrx_word' id='word_1_866' title='bbox 3254 5405 3281 5455; x_wconf 89' lang='lat'><strong>6</strong></span> <span class='ocrx_word' id='word_1_867' title='bbox 3309 5390 3678 5472; x_wconf 77' lang='grc' dir='ltr'>προαγωνιστὴς</span> <span class='ocrx_word' id='word_1_868' title='bbox 3707 5401 3771 5472; x_wconf 63' lang='grc' dir='ltr'><strong>ουξ</strong></span> 
     </span>
    </p>
   </div>
   <div class='ocr_carea' id='block_1_116' title="bbox 2275 5470 3770 5569">
    <p class='ocr_par' dir='ltr' id='par_1_116' title="bbox 2275 5470 3770 5569">
     <span class='ocr_line' id='line_1_116' title="bbox 2275 5470 3770 5569; baseline -0.007 -19"><span class='ocrx_word' id='word_1_869' title='bbox 2275 5519 2366 5565; x_wconf 80' lang='grc' dir='ltr'><strong>τος</strong></span> <span class='ocrx_word' id='word_1_870' title='bbox 2393 5501 2490 5569; x_wconf 76' lang='grc' dir='ltr'>τῆς</span> <span class='ocrx_word' id='word_1_871' title='bbox 2516 5495 2769 5568; x_wconf 83' lang='grc' dir='ltr'>ἀληθείας</span> <span class='ocrx_word' id='word_1_872' title='bbox 2799 5493 3214 5558; x_wconf 74' lang='grc' dir='ltr'>κατασκευάζει,</span> <span class='ocrx_word' id='word_1_873' title='bbox 3243 5492 3448 5554; x_wconf 73' lang='grc' dir='ltr'>συνθεὶς</span> <span class='ocrx_word' id='word_1_874' title='bbox 3473 5483 3643 5542; x_wconf 75' lang='grc' dir='ltr'>οὑτωσὶ</span> <span class='ocrx_word' id='word_1_875' title='bbox 3667 5470 3770 5569; x_wconf 48' lang='lat' dir='ltr'><strong>“fi</strong></span> 
     </span>
    </p>
   </div>
   <div class='ocr_carea' id='block_1_117' title="bbox 2279 5564 3766 5664">
    <p class='ocr_par' dir='ltr' id='par_1_117' title="bbox 2279 5564 3766 5664">
     <span class='ocr_line' id='line_1_117' title="bbox 2279 5564 3766 5664; baseline -0.018 -18"><span class='ocrx_word' id='word_1_876' title='bbox 2279 5595 2375 5664; x_wconf 80' lang='grc' dir='ltr'>τὴν</span> <span class='ocrx_word' id='word_1_877' title='bbox 2399 5564 2538 5655; x_wconf 75' lang='grc' dir='ltr'>λέξιν</span> <span class='ocrx_word' id='word_1_878' title='bbox 2557 5564 2616 5642; x_wconf 71' lang='grc' dir='ltr'><strong>τδ</strong></span> <span class='ocrx_word' id='word_1_879' title='bbox 2643 5589 2900 5659; x_wconf 78' lang='grc' dir='ltr'>σόφισμα·</span> <span class='ocrx_word' id='word_1_880' title='bbox 2942 5587 3011 5641; x_wconf 86' lang='lat' dir='ltr'><strong>Ei</strong></span> <span class='ocrx_word' id='word_1_881' title='bbox 3044 5588 3076 5640; x_wconf 82' lang='grc' dir='ltr'>ό</span> <span class='ocrx_word' id='word_1_882' title='bbox 3099 5584 3483 5655; x_wconf 70' lang='grc' dir='ltr'><strong>βλεπόμενος,</strong></span> <span class='ocrx_word' id='word_1_883' title='bbox 3515 5575 3667 5648; x_wconf 72' lang='grc' dir='ltr'>φησὶν,</span> <span class='ocrx_word' id='word_1_884' title='bbox 3689 5564 3766 5619; x_wconf 75' lang='grc' dir='ltr'>ἄν·</span> 
     </span>
    </p>
   </div>
  </div>
