3922 6510
267 346 377 406 729

1409 342 1691 403 CONTRA
1722 342 2110 410 EUNOMIUM,
2151 343 2281 399 LIB.
2328 344 2410 399 Vl.

3431 349 3535 407 730

264 468 519 535 θρωπε-ς
564 463 863 519 ἐκένωσεν
892 464 1112 521 ἑαυτὸν
1147 466 1236 533 εις
1265 465 1491 522 δούλου
1512 467 1754 538 μορφήν
1773 484 1788 499 ο
1829 469 1862 520 ὁ

1971 475 2137 520 autem
2175 466 2469 521 exinanivit
2510 466 2738 537 seipsum
2782 468 2835 522 in
2882 470 3017 523 servi
3058 468 3305 539 formam,
3350 469 3403 523 in
3440 469 3534 524 ho-

264 556 336 609 δὲ
365 557 657 622 κενώσας
676 558 893 611 ἑαυτὸν
908 560 995 619 είς
1007 558 1228 614 δούλου
1246 561 1509 630 μορφὴν,
1539 564 1625 628 εὶς
1651 557 1870 628 ἀνθρώ-

263 663 391 702 πσυ
424 648 684 718 ⁴γένεσιν
707 648 1005 703 ἐκένωσεν
1018 649 1265 703 ἐαυτόνο
1303 654 1336 705 ὁ
1354 651 1732 720 βλεπόμενος
1763 648 1869 703 ἇν-

264 743 519 807 θρωπος
569 743 658 806 είς
703 739 1017 809 ἀνθρώπου
1041 740 1281 811 γένεσιν
1307 742 1603 796 ἐκένωσεν
1631 741 1867 798 ἑαυτόν.

342 832 414 882 Ὦ
440 832 576 895 πῶς
602 832 874 903 μέμνηται
912 834 1010 903 τῆς
1052 834 1418 905 προκειμένης
1454 834 1723 902 σπουδῆςί
1753 832 1871 895 πῶς

262 922 415 975 κατὰ
475 924 692 976 σκοπὸν
759 924 1115 995 συμπεραίνει
1158 926 1248 978 τὸν
1278 925 1470 994 λόγονί
1512 924 1743 996 Χριστὸν
1770 941 1868 976 πε-

263 1015 553 1085 ποιῆσθαι
584 1016 679 1070 καὶ
708 1017 851 1070 κατά
889 1017 979 1069 τὸν
1012 1016 1341 1087 βλεπόμενον
1371 1017 1673 1087 ἄνθρωπον,
1706 1017 1869 1087 φησὶν

259 1107 575 1176 εἰρηκέναι
626 1107 718 1160 τὸν
790 1103 1082 1161 ἀπόστολον
1128 1110 1157 1161 6
1206 1109 1514 1172 Βασίλειος’
1545 1111 1572 1163 6
1608 1109 1663 1162 δὲ
1700 1107 1870 1171 δεινὸς

259 1193 428 1260 οὗτος
483 1200 587 1252 καὶ
637 1201 888 1270 ἀγχίνους
915 1200 1024 1253 τῶν
1059 1202 1362 1272 εἰρημένων
1406 1200 1771 1270 ἀνατροπεύς’
1805 1200 1869 1253 Et

262 1290 342 1361 μὴ
374 1291 492 1361 τὴν
519 1291 732 1355 ούσίαν,
761 1292 915 1362 φησι,
939 1290 1030 1343 τοῦ
1078 1293 1136 1344 ὲν
1178 1293 1319 1363 ἀρχῇ
1364 1291 1514 1355 ὅντος
1544 1292 1868 1363 πεποιῆσθαι

258 1381 421 1451 λέγει
457 1383 491 1434 6
530 1383 759 1455 Πέτρος,
788 1384 1054 1437 ἐκένωσεν
1083 1384 1274 1437 ἑαυτὸν
1303 1383 1630 1454 βλεπόμενος
1661 1384 1869 1456 ἄνθρω-

257 1492 368 1538 πος
414 1477 509 1538 εἰς
546 1475 731 1528 δούλου
769 1476 1000 1546 μορφήν.
1047 1474 1107 1528 Ὀ
1139 1475 1196 1528 δὲ
1246 1473 1489 1539 κενώσας
1539 1476 1729 1528 ἑαυτὸν
1791 1475 1867 1538 είς

255 1566 469 1619 δούλου
508 1566 748 1638 μορφὴν,
774 1568 853 1630 εἰς
897 1566 1184 1638 ἀνθρώπου
1210 1567 1421 1634 γένεσιν
1449 1567 1715 1621 ἐκένωσεν
1748 1567 1868 1619 ἑαυ-

256 1660 379 1715 τόν.
427 1656 762 1731 Ἦττήμεθα
795 1659 893 1728 τῆς
912 1660 1123 1730 ἀμάχου
1145 1658 1349 1729 ταύτης
1378 1658 1588 1728 σοφίας,
1614 1661 1861 1729 Εὑνόμιε.

274 1750 736 1821 Ἀπελήλεγκται
766 1750 906 1803 κατὰ
928 1750 1129 1821 κράτος
1156 1748 1216 1801 τὸ
1241 1749 1314 1821 μὴ
1349 1750 1485 1820 πρὸς
1506 1751 1593 1804 τὸν
1623 1749 1682 1814 ἐξ
1704 1750 1865 1803 does-

1972 558 2128 611 minis
2168 559 2550 629 generationem
2600 561 2825 628 seipsum
2871 563 3156 615 exinanivit
3194 575 3211 613 :
3245 563 3334 624 qui
3370 563 3535 631 igitur

1972 648 2171 702 videtur
2197 653 2370 715 homo,
2402 650 2455 704 in
2476 650 2700 705 hominis
2738 654 3118 723 generationem
3164 654 3389 723 seipsum
3432 657 3537 709 exi.

1972 741 2197 795 nauivit.

2040 826 2084 882 Ο
2110 831 2383 897 quomodo
2413 832 2674 902 propositi
2699 830 2863 887 studii
2889 846 3097 888 memor
3124 834 3237 903 est!
3262 834 3537 903 quomodo

1971 923 2268 977 secundum
2291 937 2513 993 scopum
2542 924 2944 979 conclusionem
2977 924 3229 979 conﬁcitl
3258 924 3533 981 Christum

1971 1008 2174 1065 factum
2204 1027 2326 1067 esse
2368 1019 2421 1067 et
2459 1012 2757 1067 secundum
2812 1012 3084 1068 hominem
3131 1015 3224 1084 qui
3271 1016 3533 1079 cernitur,

1970 1105 2275 1173 apostolum
2321 1105 2522 1161 dixisse
2573 1107 2647 1159 ait
2692 1105 2963 1161 Basilius:
3008 1106 3097 1162 hic
3147 1116 3331 1163 autem
3369 1107 3534 1164 vehe-
3570 1129 3577 1181 ;

1970 1213 2124 1253 mens
2148 1208 2201 1252 et
2224 1198 2394 1252 solers
2421 1198 2685 1252 dictorum
2703 1214 2923 1253 eversor
2948 1218 2961 1253 :
2996 1199 3053 1254 Si
3083 1216 3189 1254 non
3218 1200 3534 1265 essentiam,

1971 1289 2164 1359 inquit,
2198 1289 2317 1359 ejus
2348 1288 2440 1359 qui
2465 1271 2601 1344 'erat
2640 1290 2695 1344 in
2724 1290 2988 1361 principio
3030 1290 3228 1355 factam
3255 1307 3380 1347 esse
3407 1293 3538 1347 dicit

1970 1373 2185 1440 Petrus,
2217 1376 2308 1446 qui
2343 1377 2517 1433 oculis
2546 1379 2790 1433 cernitur
2818 1378 2981 1433 homo
3010 1380 3065 1433 iu
3093 1380 3238 1434 servi
3276 1380 3529 1446 formam,

1971 1467 2208 1538 seipsum
2255 1468 2569 1523 exinanivit.
2620 1468 2722 1535 Qui
2772 1480 2951 1525 autem
2981 1472 3283 1527 exinanivit
3332 1484 3536 1528 semet-

1977 1563 2158 1633 ipsum
2198 1563 2253 1617 in
2302 1563 2444 1618 servi
2483 1561 2710 1617 formam
2760 1565 2814 1618 in
2847 1564 3083 1619 hominis
3135 1567 3537 1635 generationem

1970 1657 2210 1724 seipsum
2238 1655 2556 1709 exinanivit.
2598 1656 2641 1708 0
2676 1654 2927 1719 Eunomi,
2981 1657 3085 1711 hac
3132 1657 3539 1727 inexpugnabili

1971 1748 2233 1816 sapientia
2263 1749 2389 1804 victi
2421 1763 2630 1803 sumus.
2662 1747 2916 1803 Refutata
2949 1758 3078 1803 sunt
3124 1759 3392 1819 potenter,
3443 1763 3540 1819 per

258 1841 426 1903 νείας
480 1840 867 1912 σταυρωθέντα
901 1840 1115 1910 βλέπειν
1156 1840 1247 1893 τοῦ
1312 1840 1608 1894 ἀποστόλου
1660 1841 1750 1894 τὸν
1784 1840 1867 1894 λό-

1974 1854 2036 1891 ea
2074 1839 2273 1907 quibus
2321 1839 2634 1903 didicimus,
2672 1840 2900 1910 apostoli
2932 1855 3235 1896 sermonem
3292 1857 3404 1896 non
3449 1856 3538 1895 re-

262 1949 391 2002 γον,
417 1932 495 1985 δι’
521 1926 599 1987 ὧν
630 1931 926 2004 ἐμάθομεν.
958 1933 1080 1986 Ὀτι
1114 1932 1179 1987 ἂν
1208 1933 1363 1986 τοῦτο
1398 1933 1565 1997 οὕτως
1598 1933 1740 2005 ἔχειν
1779 1951 1869 1987 πι-

264 2023 636 2095 στεύσωμεν,
692 2024 855 2077 πάλιν
896 2026 924 2076 6
969 2023 1295 2094 βλεπόμενος
1349 2023 1630 2095 ἄνθρωπος
1686 2023 1869 2094 ἕτερος

263 2115 524 2183 γίνεται,
581 2116 662 2178 είς
722 2114 886 2184 ἄλλην
944 2112 1232 2184 ἀνθρώπου
1278 2112 1599 2183 κενούμενος
1633 2113 1865 2181 γένεσιν.

264 2206 345 2258 υύ
392 2204 595 2275 παύσῃ
636 2205 766 2256 ποτὲ
818 2203 1023 2268 παίζων
1068 2202 1208 2256 κατὰ
1242 2202 1349 2255 τῶν
1380 2202 1731 2273 ἁτολμήτων;
1757 2202 1871 2255 Οὐκ

264 2295 637 2367 ἐρυθριάσας
652 2296 707 2347 ὲν
720 2292 862 2347 οὕτω
896 2293 1121 2362 γελοίοις
1146 2294 1438 2363 σοφίσμασι
1467 2293 1558 2346 τὸν
1580 2293 1687 2346 τῶν
1711 2293 1868 2345 θείων

272 2388 613 2459 μυστηρίων
631 2386 836 2439 ἐκλύων
850 2385 1041 2455 φόϐονς
1059 2386 1562 2456 Ούκὲπιστραφήσῃ
1592 2385 1685 2437 νῦν
1714 2384 1866 2453 γοῦν,

267 2481 321 2531 εί
384 2481 491 2532 καὶ
543 2477 620 2549 μὴ
660 2479 917 2550 πρότερον
964 2478 1097 2549 πρὸς
1125 2477 1186 2529 τὸ
1208 2476 1408 2545 γνῶναι
1445 2478 1527 2530 ὅτι
1571 2479 1599 2530 6
1627 2477 1865 2545 Μονογε-

267 2571 371 2641 νὴς
413 2571 575 2633 Θεὸς,
605 2574 633 2623 6
655 2570 728 2624 ὣν
754 2571 811 2622 ὲν
831 2572 941 2632 τοῖς
974 2568 1194 2632 κόλποις
1224 2568 1316 2621 τοῦ
1348 2568 1579 2639 Πατρὸς,
1603 2568 1772 2635 Λόγος
1794 2566 1869 2619 ὣν

271 2665 374 2716 καὶ
423 2664 678 2733 βασιλεὺς
708 2663 800 2714 καὶ
836 2660 1062 2731 Κύριος,
1108 2660 1200 2713 καὶ
1229 2662 1336 2714 πᾶν
1374 2660 1575 2730 ὑψηλὸν
1612 2658 1783 2728 ὄνομά
1810 2674 1868 2710 τε

272 2752 375 2805 καὶ
408 2751 611 2821 νόημα,
642 2750 794 2801 οὐδὲν
839 2748 946 2802 τῶν
981 2748 1203 2817 ἀγαθῶν
1240 2748 1492 2817 γενέσθαι
1526 2748 1866 2819 προσδέεται,

274 2843 452 2904 αὐτὸς
472 2842 549 2893 ὢν
582 2841 693 2893 τῶν
716 2840 935 2909 ἀγαθῶν
973 2840 1188 2894 πάντων
1209 2840 1270 2892 τὸ
1297 2840 1587 2911 πλήρωμα.
1623 2841 1683 2893 Ὀ
1713 2840 1770 2893 δὲ
1792 2840 1871 2903 εἰς
1917 2842 1921 2847 ’

275 2935 331 2987 τί
390 2932 881 3003 μεταϐαλλόμενος,
916 2934 1090 2984 ἐκεῖνο
1104 2932 1308 3000 γίνεται
1332 2932 1360 2984 6
1391 2931 1463 3002 μὴ
1487 2932 1747 3003 πρότερον
1765 2927 1867 3001 ἦνς

281 3028 508 3096 Ὠσπερ
535 3020 628 3078 οὖν
661 3026 690 3077 6
730 3023 803 3095 μὴ
845 3025 1006 3092 γνοὺς
1045 3023 1337 3094 ἁμαρτίαν,
1369 3023 1609 3097 ἁμαρτία
1640 3023 1867 3091 γίνεται,

282 3119 375 3171 ἴνα
402 3118 516 3190 ἄρῃ
561 3117 659 3187 τὴν
707 3115 980 3186 ἁμαρτίαν
1026 3114 1120 3167 τοῦ
1160 3115 1387 3185 κόσμου,
1430 3114 1600 3178 οὕτως
1647 3115 1869 3186 πάλινη

281 3210 561 3281 δεξαμένη
595 3208 683 3261 τὸν
706 3206 909 3278 Κύριον
941 3206 1098 3277 σὰρξ,
1126 3207 1356 3277 Χριστὸς
1383 3208 1475 3259 καὶ
1503 3207 1709 3278 Κύριος
1734 3207 1873 3276 γίνε-

282 3323 398 3370 ται,
427 3303 456 3355 ὃ
494 3303 572 3372 μὴ
597 3297 664 3372 ἦν
708 3302 773 3371 τῇ
817 3299 973 3369 φύσει
1007 3301 1085 3361 είς
1131 3297 1287 3351 τοῦτο
1328 3300 1763 3370 μεταποιουμένη
1784 3300 1871 3353 διὰ

284 3400 382 3468 τῆς
409 3397 789 3466 ἀνακράσεως.
847 3393 925 3445 Δι’
964 3384 1038 3444 ὧν
1082 3390 1440 3461 μανθάνομεν,
1468 3392 1548 3444 ὅτι
1581 3390 1693 3444 οὔτ’
1716 3392 1782 3445 ἂν
1812 3394 1869 3445 ὲν

288 3490 455 3561 σαρκὶ
487 3491 516 3541 6
543 3488 676 3549 Θεὸς
693 3483 1032 3555 ἐφανερώθη,
1059 3487 1106 3537 εί
1126 3485 1199 3554 μὴ
1216 3486 1243 3537 6
1262 3484 1432 3552 Λόγος
1458 3484 1593 3556 σὰρξ
1619 3485 1832 3553 ἐγένετο
1851 3502 1864 3516 ⁸

286 3582 394 3636 οὔτ’
434 3581 505 3634 ἂν
541 3576 871 3650 μετεποιήθη
906 3576 1043 3646 πρὸς
1073 3576 1133 3628 τὸ
1180 3576 1335 3629 Θεῖον
1369 3579 1402 3648 ἡ
1431 3578 1560 3649 περὶ
1588 3577 1749 3631 αὐτὸν
1772 3577 1866 3630 τοῦ

287 3673 581 3746 ἀνθρώπου
609 3670 765 3740 σὰρξ,
795 3671 842 3722 εί
867 3668 939 3739 μὴ
967 3668 1027 3720 τὸ
1053 3668 1373 3738 φαινόμενον
1405 3669 1617 3736 ἐγένετο
1638 3670 1869 3740 Χριστός

286 3784 342 3820 τε
382 3766 483 3818 καὶ
508 3762 735 3833 Κύριος.
771 3757 1593 3834 Ἀλλάδιαπτύουσιτδνίδί...(α)
1613 3761 1706 3814 τοῦ
1734 3764 1868 3833 ἡμε-

286 3857 447 3928 τέρου
480 3854 858 3924 κηρύγματος,
883 3850 931 3903 οί
949 3852 1013 3922 τῇ
1042 3848 1201 3919 οὐσία
1221 3846 1316 3901 τοῦ
1333 3848 1467 3902 Θεοῦ
1495 3849 1584 3902 διὰ
1604 3850 1712 3903 τῶν
1744 3852 1867 3903 συλ-

286 3945 567 4016 λογισμῶν
596 3941 1009 4014 ἐμϐατεύοντες,
1040 3939 1135 3993 καὶ
1166 3939 1440 4010 βούλονται
1469 3940 1560 3993 τὸν
1597 3942 1772 3995 πάντα
1799 3943 1868 3995 τὰ

287 4042 415 4093 ὅντα
446 4035 857 4106 διαπαράγοντα
878 4034 958 4095 είς
986 4032 1219 4099 γένεσιν,
1236 4031 1398 4083 αὐτὸν
1413 4030 1684 4096 ἀποδεῖξαι
1703 4033 1767 4099 μέ
1778 4050 1867 4104 ρος

286 4135 412 4187 ὅντα
436 4131 539 4198 τῆς
578 4127 828 4191 κτίσεως,
855 4126 948 4179 καὶ
971 4124 1256 4196 σύμμαχον
1282 4125 1380 4195 τῆς
1410 4124 1665 4196 τοιαύτης
1700 4143 1867 4179 σπου-

286 4224 403 4292 ὃῆς,
458 4220 558 4291 τὴν
615 4218 799 4289 φωνὴν
836 4217 930 4271 τοῦ
969 4218 1176 4288 Πέτρου
1222 4217 1357 4289 πρὸς
1390 4216 1731 4288 κατασκευὴν
1766 4221 1865 4290 τῆς

290 4312 643 4384 βλασφημίας
669 4309 1006 4379 ἐφέλκοντες,
1029 4308 1121 4360 τοῦ
1144 4308 1276 4379 πρὸς
1296 4309 1421 4371 τοὺς
1459 4309 1742 4373 Ἰουδαίους
1769 4311 1865 4381 φή-

288 4424 502 4471 σαντος,
531 4405 613 4457 ὅτι
639 4400 926 4457 Γνωστὸν
953 4403 1108 4454 ἔστω
1128 4401 1304 4454 παντὶ
1330 4400 1409 4466 τῷ
1437 4403 1577 4468 οἴκῳ
1604 4402 1860 4470 Ἰσραὴλ.

1969 1931 2182 1999 spicere
2221 1932 2285 1985 ad
2311 1947 2433 1986 eum
2463 1934 2551 2002 qui
2589 1948 2655 1987 ex
2688 1933 3000 1987 inﬁrmitate
3028 1931 3321 1988 cruciﬁxus
3352 1939 3437 1987 est
3463 1934 3534 1986 ¹’.

1968 2023 2124 2089 Quod
2150 2025 2195 2079 si
2224 2025 2326 2080 hoc
2372 2026 2444 2079 ita
2497 2041 2620 2081 esse
2657 2025 3066 2089 crediderimus,
3096 2040 3293 2080 rursus
3334 2024 3427 2095 qui
3458 2023 3538 2077 vi-

1969 2115 2128 2170 detur
2159 2117 2340 2179 homo,
2368 2118 2507 2173 alius
2539 2119 2798 2189 gignitur,
2834 2121 2887 2173 in
2922 2119 3080 2172 aliam
3119 2117 3352 2171 hominis
3378 2131 3539 2186 gene-

1970 2207 2236 2262 rationem
2273 2210 2605 2264 exinanitus.
2630 2207 2747 2263 Non
2773 2208 3014 2266 cessabis
3037 2206 3328 2278 aliquando
3352 2206 3540 2260 ludere

1969 2307 2158 2353 contra
2180 2315 2287 2355 non
2316 2301 2602 2355 audenda?
2630 2315 2737 2355 non
2765 2302 3056 2357 erubesces
3075 2300 3129 2354 in
3150 2307 3263 2353 tam
3292 2297 3539 2352 ridiculis

1969 2389 2178 2445 cavillis
2193 2391 2496 2445 divinorum
2509 2391 2887 2462 mysteriorum
2901 2391 3179 2447 exsolvere
3195 2385 3539 2444 metuminon

1969 2482 2305 2538 converteris
2329 2498 2472 2536 nunc
2492 2493 2661 2548 certe,
2686 2483 2948 2553 siquidem
2963 2498 3069 2537 non
3095 2482 3244 2552 prius
3266 2482 3330 2536 ad
3351 2494 3540 2550 cogno-

1970 2574 2232 2628 scendum
2279 2575 2425 2645 quod
2461 2572 2788 2645 Unigenitus
2825 2576 2968 2630 Deus
3021 2574 3113 2644 qui
3148 2581 3265 2628 erat
3310 2574 3366 2627 in
3416 2573 3539 2627 sinu

1968 2661 2169 2727 Patris,
2222 2661 2480 2727 Verbum,
2516 2665 2679 2717 etiam
2734 2680 2827 2718 rex
2880 2674 2931 2719 et
2969 2662 3253 2727 Dominus,
3289 2670 3343 2716 et
3378 2676 3541 2716 omne

1969 2756 2242 2809 excelsum
2271 2770 2466 2809 nomen
2496 2762 2550 2808 et
2578 2755 2907 2823 eogitamen,
2952 2754 3083 2807 nihil
3114 2753 3379 2808 bonorum
3424 2750 3537 2806 ﬁeri

1972 2846 2196 2918 indiget,
2228 2846 2342 2916 ipse
2380 2862 2504 2900 cum
2537 2848 2608 2901 sit
2645 2847 2885 2901 omnium
2923 2848 3189 2901 honorum
3231 2845 3536 2916 plenitudo.

1972 2937 2069 2991 llic
2099 2948 2278 2992 autem
2310 2939 2365 2992 in
2399 2939 2527 3009 quid
2563 2938 2762 2992 mutari
2802 2947 2998 3008 potest,
3030 2947 3089 2992 ut
3113 2938 3203 2992 ﬂat
3229 2938 3361 2993 illud
3391 2937 3538 3009 quod

1971 3030 2122 3099 prius
2167 3045 2271 3083 non
2327 3030 2481 3083 erat?
2534 3030 3005 3096 Quemadmodum
3062 3030 3230 3101 igitur
3282 3032 3374 3100 qui
3429 3046 3537 3085 non

1973 3124 2123 3177 novit
2165 3133 2467 3192 peccatum,
2520 3131 2803 3191 peccatum
2836 3121 2913 3183 iit,
2953 3131 3012 3176 ut
3052 3123 3204 3176 tollat
3253 3131 3536 3193 peccatum

1977 3214 2202 3269 mundi:
2262 3215 2341 3268 sic
2389 3228 2581 3268 rursus
2627 3228 2755 3266 caro
2806 3228 2926 3282 quae
2977 3213 3264 3267 Dominum
3306 3215 3535 3284 accepit,

1974 3306 2225 3360 Christus
2276 3312 2328 3359 ct
2368 3302 2629 3358 Dominus
2662 3302 2909 3371 eliieitur,
2957 3304 3100 3373 quod
3140 3319 3246 3358 non
3287 3314 3401 3359 erat
3443 3319 3537 3358 na-

1974 3405 2096 3452 tura
2152 3396 2205 3449 in
2249 3395 2351 3448 hoc
2403 3401 2762 3448 transmutata
2807 3409 2905 3464 per
2958 3394 3423 3463 temperationem.
3461 3393 3535 3449 Ex

1975 3489 2174 3559 quibus
2204 3488 2491 3551 discimus,
2534 3488 2675 3557 quod
2709 3485 2850 3542 Deus
2891 3502 2999 3541 non
3032 3487 3084 3541 in
3112 3502 3278 3542 carne
3310 3487 3538 3541 manife-

1974 3591 2149 3635 status
2182 3588 2346 3644 esset,
2379 3580 2484 3634 nisi
2511 3578 2746 3633 Verbum
2780 3593 2911 3632 caro
2933 3578 3130 3632 factum
3154 3589 3327 3645 esset;
3365 3595 3538 3649 neque

1972 3687 2101 3726 caro
2127 3671 2361 3725 hominis
2387 3686 2503 3740 qme
2529 3668 2887 3725 circumdedit
2919 3669 3095 3739 ipsqu
3127 3669 3180 3723 in
3202 3670 3535 3724 divinitatem

1974 3768 2333 3815 transmutata
2372 3760 2585 3821 fuisset,
2648 3760 2751 3813 nisi
2807 3760 2951 3828 quod
2995 3759 3289 3829 apparebat
3335 3758 3537 3812 factum

1971 3861 2115 3909 esset
2136 3862 2190 3907 et
2218 3853 2469 3907 Christus
2498 3861 2550 3907 et
2580 3850 2857 3906 Dominus.
2937 3847 3041 3906 Sed
3102 3853 3372 3925 despuunt
3438 3866 3537 3904 no-

1972 3952 2099 3997 stra:
2120 3942 2541 4013 przedieutionis,
2566 3942 2658 4011 qui
2686 3957 2779 4010 per
2802 3941 3143 4011 syllogismos
3169 3940 3222 3994 in
3240 3946 3534 3996 essentiam

1972 4037 2063 4092 Dei
2090 4039 2327 4098 irruunt,
2355 4045 2408 4089 et
2440 4036 2627 4087 volunt
2659 4049 2780 4088 eum
2814 4034 2906 4102 qui
2941 4034 3121 4086 omnia
3158 4048 3279 4102 qua:
3308 4044 3436 4088 sunt
3466 4036 3533 4087 ad

1970 4136 2149 4184 ortum
2185 4128 2428 4193 adduxit,
2487 4127 2861 4180 demonstrare
2916 4124 3093 4193 ipsum
3151 4132 3355 4193 partem
3412 4140 3535 4181 esse

1970 4228 2253 4281 creatum,
2308 4227 2468 4287 atque
2514 4219 2568 4271 in
2602 4217 2863 4271 auxilium
2906 4216 3030 4270 talis
3079 4227 3307 4269 conatus
3344 4231 3531 4270 vocem

1970 4310 2116 4367 Petri
2159 4310 2225 4364 ad
2271 4310 2619 4380 blasphemiae
2669 4307 3134 4377 prmstructionem
3189 4308 3530 4377 pertrahunt,

1969 4405 2062 4474 qui
2092 4405 2156 4457 ad
2191 4402 2404 4457 Judzeos
2430 4403 2598 4455 dixit:
2637 4400 2839 4454 Notum
2867 4402 2936 4454 sit
2958 4402 3099 4454 omni
3126 4400 3309 4454 domui
3336 4400 3531 4465 Israel,

288 4500 377 4553 ότι
404 4498 629 4564 Κύριον
661 4494 847 4549 αὐτὸν
882 4493 980 4546 καὶ
1018 4493 1273 4561 Χριστὸν
1316 4494 1593 4559 ἐποίησε,
1651 4495 1864 4549 τοῦτον

1971 4496 2103 4567 quod
2138 4494 2419 4548 Dominum
2458 4495 2626 4560 ipsum
2655 4502 2704 4546 et
2734 4491 3002 4547 Christum
3031 4492 3152 4560 fecit
3183 4492 3320 4545 hunc
3350 4491 3533 4546 Iesum

287 4589 395 4641 τόν
429 4585 665 4653 Ἰησοῦν
709 4583 782 4637 ὃν
829 4580 998 4650 ὑμεῖς
1045 4580 1461 4649 ἐσταυρώσατε
1496 4594 1509 4609 ·
1534 4582 1735 4655 ταύτην
1771 4582 1863 4637 τοῦ

288 4679 517 4749 κτιστὴν
547 4654 686 4730 εἶναι
720 4674 815 4728 τοῦ
847 4673 1177 4742 Μονογενοῦς
1199 4672 1332 4725 Θεοῦ
1366 4674 1465 4744 τὴν
1483 4674 1687 4737 οὐσίαν,
1732 4693 1866 4747 προ-

291 4770 577 4824 ϐάλλονται
625 4768 725 4836 τὴν
769 4764 1060 4832 ἀπόδειξιν.
1104 4764 1169 4816 Τί
1226 4760 1336 4825 οὖν,
1374 4765 1493 4817 εἰπέ
1520 4783 1629 4835 μοι,
1658 4768 1731 4838 μὴ
1763 4768 1868 4839 πρὸ

292 4862 482 4923 αἰῶνος
506 4862 555 4912 oi
587 4858 827 4911 Ἰουδαῖοι
849 4855 984 4929 πρὸς
1012 4854 1105 4918 οὓς
1125 4858 1151 4908 6
1178 4855 1332 4924 λόγος
1361 4856 1605 4924 ὲγένετο;
1641 4858 1714 4929 μὴ
1736 4876 1869 4932 προ-

293 4956 519 5025 κόσμιος
554 4954 583 5004 6
624 4950 851 5022 σταυρός
878 4967 892 5015 ;
931 4948 1017 5018 Μὴ
1049 4947 1155 5019 πρὸ
1183 4949 1362 5019 πάσης
1392 4949 1618 5013 κτίσεως
1648 4951 1676 5002 6
1704 4950 1866 5004 Πιλά-

295 5064 409 5110 τος;
464 5045 558 5116 Μὴ
598 5043 813 5113 πρῶτον
852 5039 1078 5111 Ἰησοῦς,
1125 5040 1218 5093 καὶ
1272 5039 1408 5110 μετὰ
1454 5040 1624 5094 ταῦτα
1656 5042 1864 5109 Λόγος;

298 5140 369 5210 μὴ
407 5136 758 5212 πρεσϐυτέρα
811 5134 844 5203 ὴ
894 5131 1029 5202 σὰρξ
1068 5130 1166 5199 τῆς
1214 5130 1491 5201 θεότητος;
1522 5133 1613 5203 Μὴ
1645 5134 1749 5204 πρὸ
1773 5134 1867 5187 τοῦ

294 5233 497 5301 κόσμου
555 5228 585 5278 6
625 5224 864 5296 Γαϐριὴλ
905 5226 972 5295 τῇ
1008 5222 1196 5293 Μαρίᾳ
1230 5223 1669 5291 εὐαγγελίζεται;
1702 5226 1811 5295 Ούχ
1840 5228 1869 5279 6

296 5324 389 5393 μὲν
440 5319 584 5373 κατὰ
643 5316 879 5389 Χριστὸν
908 5315 1211 5386 ἄνθρωπος,
1237 5315 1327 5368 ἐπὶ
1358 5315 1633 5387 Καίσαρος
1657 5318 1868 5387 Αὐγού-

297 5433 413 5467 στου
444 5413 544 5481 τὴν
574 5409 748 5481 ἀρχὴν
762 5406 1028 5476 λαμϐάνει
1053 5405 1139 5458 διὰ
1158 5407 1525 5477 γεννήσεως,ό
1552 5409 1610 5462 δὲ
1634 5410 1691 5462 ἐν
1717 5411 1857 5484 ἀρχῇ

297 5505 362 5559 ὧν
384 5504 555 5572 Λόγος
585 5501 738 5563 Θεὸς,
764 5498 1014 5568 βασιλεὺς
1053 5497 1208 5568 ἡμῶν
1243 5498 1587 5568 προαιώνιος,
1624 5503 1805 5569 καθὼς
1831 5509 1859 5560 6

359 5647 403 5677 "
445 5643 489 5696 ll
519 5642 648 5697 Cor.
673 5656 790 5707 xm,
828 5640 883 5696 4.
944 5636 1007 5721 »⁸³
1044 5639 1164 5693 Act.
1194 5655 1251 5705 n,
1294 5639 1382 5694 56.

358 5794 434 5863 (a)
482 5790 620 5865 Lege
660 5790 967 5859 ίδιωτισμὸν
995 5807 1058 5847 ex
1084 5792 1271 5847 codice
1301 5789 1580 5846 Bavarico.

1965 4602 2114 4655 quem
2158 4602 2243 4639 vos
2294 4584 2636 4653 cruciﬁxistis
2656 4584 2877 4639 ":hac
2930 4599 3065 4639 voce
3116 4583 3387 4655 Unigeuiti
3439 4582 3533 4638 Dei

1964 4679 2257 4733 essentiam
2289 4684 2527 4732 creatam
2555 4691 2677 4731 esse
2705 4675 3080 4730 demonstrare
3111 4677 3530 4745 praetendentes.

1965 4771 2104 4838 Quid
2134 4771 2319 4841 igitur,
2353 4768 2439 4824 dic
2472 4767 2629 4830 mihi,
2660 4783 2787 4821 num
2823 4776 2949 4822 ante
2976 4769 3235 4824 saeculum
3266 4766 3436 4822 Judaei
3463 4767 3534 4822 ad

1964 4876 2103 4933 quos
2132 4860 2308 4914 factus
2335 4867 2418 4916 est
2459 4858 2678 4914 sermo?
2714 4873 2842 4913 num
2884 4868 3011 4912 ante
3059 4859 3319 4913 mundum
3362 4860 3534 4914 crux?

1964 4968 2095 5007 num
2130 4960 2255 5006 ante
2286 4966 2502 5005 omnem
2532 4959 2838 5006 creaturam
2871 4949 3112 5005 Pilatus?
3138 4966 3265 5005 num
3296 4951 3530 5021 primum

1964 5043 2145 5105 Jesus,
2175 5053 2229 5097 et
2266 5051 2451 5113 postea
2491 5042 2763 5097 Verbum?
2788 5057 2915 5096 num
2947 5042 3228 5096 divinitate
3255 5044 3529 5112 antiquior

1965 5135 2135 5190 caro?
2174 5151 2301 5189 num
2341 5144 2466 5188 ante
2517 5133 2775 5187 mundum
2820 5133 3035 5187 Gabriel
3070 5131 3252 5187 Mariae
3290 5134 3528 5189 faustum

1966 5228 2291 5281 annuntiat?
2343 5226 2460 5280 Non
2512 5225 2600 5281 hic
2650 5226 2867 5295 quidem
2908 5227 3209 5281 secundum
3252 5228 3527 5283 Christum

1966 5321 2148 5383 homo,
2178 5320 2479 5390 imperante
2499 5319 2713 5375 Caesare
2730 5318 2996 5390 Augusto,
3016 5318 3341 5389 principium
3366 5318 3526 5375 sumit

1967 5429 2065 5483 per
2112 5413 2538 5483 generationem,
2601 5411 2694 5465 sed
2736 5410 2823 5465 hic
2871 5411 2965 5480 qui
3012 5413 3066 5464 in
3115 5412 3382 5482 principio
3412 5420 3525 5466 eral

1968 5502 2203 5560 Verbum
2242 5502 2383 5559 Deus
2411 5501 2524 5557 Rex
2550 5512 2752 5566 noster,
2787 5510 2911 5558 ante
2944 5510 3201 5569 mternus,
3232 5507 3373 5560 sicut
3400 5503 3524 5558 Pro-
