3922 6510
438 392 536 450 731

1650 391 1709 450 S.
1750 392 2078 451 GilEGORll
2113 394 2410 456 NYSSENI

3579 401 3673 455 7'53

439 514 603 585 pheta
651 518 900 567 testatur.
942 508 1060 566 Non
1110 509 1262 566 vides
1307 511 1520 580 qualem
1573 511 1789 585 inducis
1835 513 2001 568 verbo

2114 518 2390 589 προφήτης
2459 518 2821 589 μαρτύρεται;
2868 518 2979 587 Οὑχ
3028 519 3157 589 ὁρᾷς
3194 517 3319 573 οἷαν
3360 516 3583 585 ἐπάγεις
3607 521 3673 591 τις)

440 604 840 668 confusionem,
906 602 1088 657 omnia
1138 618 1362 657 sursum
1429 602 1494 655 ad
1543 603 1794 659 deorsum
1847 603 2003 672 juxta

440 696 788 767 proverbium
815 694 1195 749 confundens?
1224 693 1718 764 Quinquagesimus
1741 704 1861 765 post
1886 710 2007 766 pas-

442 787 649 842 sionem
688 794 805 840 erat
848 784 986 849 dies,
1018 784 1237 854 quando
1264 784 1377 838 haec
1403 782 1604 839 Iudaeis
1635 783 1827 841 Petrus
1875 800 2005 839 con-

441 877 766 932 cionabatur
809 874 1211 944 dicens,-quod
1247 873 1313 926 Et
1339 873 1617 928 Dominum
1654 886 1701 927 et
1740 874 2003 928 Christum

442 971 615 1039 ipsum
646 968 780 1023 Deus
814 967 936 1036 fecit
965 968 1102 1019 hunc
1144 966 1311 1033 ipsum
1345 964 1529 1019 Jcsum
1569 982 1719 1035 quem
1754 982 1840 1020 vos
1884 982 2005 1019 cru—

442 1061 710 1130 ciﬁxistis.
760 1059 865 1115 Sed
896 1075 1045 1128 quem
1076 1075 1184 1119 vos,
1235 1058 1430 1126 inquit,
1466 1058 1831 1126 eruciﬁxistis,
1867 1058 2003 1110 hunc

441 1155 563 1222 fecit
596 1152 731 1205 Deus
762 1150 1028 1206 Christum
1064 1160 1109 1203 et
1130 1147 1333 1214 Iesum,
1369 1157 1424 1201 ut
1454 1165 1518 1203 ex
1542 1149 1625 1203 his
1655 1148 2003 1219 perspicuum

440 1254 620 1301 esset:
665 1244 807 1314 quod
841 1260 945 1297 non
980 1242 1109 1296 illud
1136 1242 1280 1311 quod
1311 1252 1435 1295 ante
1478 1242 1698 1304 saecula,
1737 1241 1831 1297 sed
1860 1241 2002 1311 quod

441 1347 565 1408 post
587 1336 1054 1407 dispensationem
1092 1334 1295 1391 factum
1326 1343 1410 1390 est
1439 1334 1691 1404 intelligit
1717 1333 1932 1390 Petrus.

513 1424 795 1491 Quomodo
853 1424 1019 1495 igitur
1049 1439 1157 1478 non
1192 1424 1344 1479 vides
1374 1432 1539 1477 totam
1567 1423 1619 1477 in
1650 1438 1713 1478 eo
1736 1424 1880 1494 quod
1911 1424 2007 1479 de-

441 1526 778 1573 monstratur
814 1516 1086 1571 sermonis
1117 1516 1322 1571 versari
1351 1515 1599 1569 notitiam
1627 1532 1641 1580 ;
1677 1515 1770 1569 sed
1804 1515 2009 1570 ridicu-

444 1609 529 1663 lus
551 1607 750 1662 videris
775 1608 829 1662 in
855 1607 1050 1677 puerili
1070 1607 1420 1678 sephismatis
1439 1606 1595 1676 plexu
1618 1606 1827 1671 dicens,
1861 1606 2006 1676 quod

441 1717 565 1755 eum
595 1700 687 1770 qui
722 1698 1006 1755 videbatur
1034 1708 1085 1753 et
1115 1692 1389 1752 Christum
1414 1704 1467 1750 et
1490 1695 1775 1750 Dominum
1806 1696 2003 1751 factum

439 1808 562 1850 esse
591 1809 621 1846 a
658 1793 765 1849 Deo
806 1791 1112 1847 credimus:
1151 1790 1522 1845 necessarium
1567 1804 1687 1844 esse
1717 1804 1907 1844 rursus
1948 1790 2004 1843 in

2105 608 2248 680 λόγῳ
2280 612 2379 681 τὴν
2415 611 2692 682 σύγχυσιν,
2742 611 2809 665 τὰ
2840 612 2949 665 ἄνω
2984 610 3132 665 κάτω
3178 609 3326 662 κατὰ
3360 611 3459 677 τὴν
3494 628 3675 681 παροιο

2108 700 2237 770 μίαν
2277 702 2490 767 κυκῶν;
2542 703 2885 772 Πεντηκοστὴ
2916 701 3053 768 μετὰ
3080 700 3140 753 τὸ
3174 700 3355 764 πάθος
3389 701 3572 771 ἡμέρα
3596 697 3675 773 ἦν,

2102 791 2192 845 ὅτε
2216 793 2388 847 ταῦτα
2418 796 2529 856 τοῖς
2546 793 2814 855 Ἰουδαίοις
2838 793 3169 863 ἐδημηγόρει
3201 793 3230 845 ὁ
3252 791 3463 859 Πέτρος
3485 792 3647 858 λέγων
3664 834 3676 855 ,

2097 890 2182 943 ὄτι
2216 887 2433 943 Τοῦτον
2445 887 2517 940 ὃν
2529 885 2695 954 ὑμεῖς
2714 866 3130 951 ἐσταυρώσατε
3152 878 3421 949 Χριστὸν
3454 878 3551 931 καὶ
3569 879 3673 931 Kci—

2095 997 2231 1049 ριον
2247 983 2278 1033 ό
2298 978 2441 1044 Θεὸς
2456 977 2764 1043 ἐποίησεν.
2784 974 2939 1027 Ἀλλὰ
2955 974 3026 1027 ὃν
3043 972 3228 1043 ὑμεῖς,
3252 970 3448 1042 φησὶν,
3476 969 3656 1021 ἐσταυ

2098 1070 2566 1140 ρώσατε,τοῦτον
2579 1068 2871 1136 ἐποίησεν
2886 1070 2916 1120 ὀ
2936 1065 3376 1133 Θεὸς-,Χριστόν
3389 1079 3453 1114 τε
3475 1061 3568 1113 καὶ
3583 1059 3681 1113 Κύο

2100 1180 2261 1232 ριον·
2295 1162 2370 1225 ὡς
2408 1162 2567 1232 δῆλον
2594 1163 2656 1213 ὲκ
2691 1159 2894 1213 τούτων
2929 1156 3090 1221 εἶναι,
3122 1161 3203 1211 ὃτι
3239 1158 3305 1209 οὑ
3344 1155 3406 1209 τὸ
3446 1154 3551 1224 πρὸ
3584 1153 3685 1204 τῶν
3702 1190 3737 1222 ,τ

2103 1253 2335 1315 αἰώνων,
2363 1252 2498 1308 ἀλλὰ
2520 1253 2580 1305 τὸ
2613 1252 2749 1323 μετὰ
2776 1253 2875 1321 τὴν
2906 1251 3213 1322 οἰκονομίαν
3241 1251 3271 1302 ὁ
3291 1248 3501 1319 Πέτρος
3521 1245 3679 1314 λέγει.

2180 1430 2303 1492 Πῶς
2331 1425 2423 1484 οὖν
2452 1428 2550 1498 οὐχ
2601 1429 2730 1499 ὁρᾷς
2765 1426 2891 1497 ὃλην
2920 1427 3047 1497 περὶ
3091 1425 3149 1478 τὸ
3168 1424 3528 1494 δεικνύμενον
3556 1425 3679 1477 ἁνα-

2112 1521 2480 1592 στρεφομένην
2508 1519 2600 1573 τοῦ
2638 1519 2794 1587 λόγου
2832 1519 2930 1588 τὴν
2958 1517 3185 1581 ἔννοιαν,
3218 1516 3360 1570 ἀλλὰ
3392 1514 3679 1583 γελοιάζεις

2110 1616 2167 1668 ὲν
2196 1617 2261 1685 τῇ
2299 1611 2646 1685 μειρακιώδει
2671 1611 2844 1681 πλοκῇ
2876 1609 2969 1663 τοῦ
3004 1610 3363 1679 σοφίσματος,
3394 1607 3585 1675 λέγων·
3622 1608 3678 1661 Et

2110 1708 2199 1761 τὸν
2228 1705 2548 1776 φαινόμενον
2596 1702 2827 1774 Χριστόν
2864 1718 2921 1754 τε
2965 1701 3058 1753 καὶ
3104 1699 3313 1772 Κύριον
3362 1698 3677 1768 πεποιῆσθαι

2112 1800 2263 1872 παρὰ
2286 1797 2378 1852 τοῦ
2411 1796 2544 1850 Θεοῦ
2574 1794 3036 1864 πεπιστεύκαμεν,
3076 1792 3329 1860 ἀνάγκην
3356 1786 3497 1843 εἶναι
3530 1789 3679 1842 πάλιν

441 1885 714 1940 hominem
767 1892 888 1955 post
933 1883 1200 1938 exinaniri
1252 1882 1560 1945 Dominum,
1604 1890 1657 1937 et
1709 1881 2003 1937 secundam

2114 1893 2191 1954 είς
2219 1889 2502 1960 ἄνθρωπον
2531 1884 2954 1959 μετακενοῦσθαι
2987 1885 3076 1938 τὸν
3110 1883 3350 1954 Κύριον,
3387 1882 3481 1934 καὶ
3516 1879 3657 1932 δευτέ

436 1979 627 2035 Subire
666 1974 1265 2047 generationem?Quid
1296 1976 1470 2045 magis
1494 1990 1588 2044 per
1614 1974 1728 2028 haec
1761 1980 2002 2028 vestrum

441 2072 634 2142 dogma
660 2068 1052 2125 confirmatur?
1084 2067 1357 2139 quomodo
1399 2083 1491 2137 per
1519 2066 1663 2121 dicta
1688 2068 1830 2137 regis
1853 2082 2004 2121 crea-

440 2172 577 2218 turae
600 2163 834 2218 essentia
861 2170 1043 2218 creata
1081 2160 1524 2216 demonstratur?
1556 2159 1665 2230 Ego
1708 2176 1835 2215 vero
1875 2175 2006 2214 con-

441 2256 671 2309 trarium
715 2252 859 2316 dico,
906 2263 1093 2309 nostra
1133 2267 1229 2323 per
1257 2268 1320 2307 ea
1350 2266 1470 2322 quae
1514 2251 1672 2305 nobis
1705 2258 2006 2321 repugnant

442 2344 683 2407 defendi,
732 2351 784 2398 et
814 2359 924 2413 prae
952 2344 1119 2399 nimia
1153 2343 1453 2397 attentione
1482 2341 1757 2412 egregium
1799 2342 2007 2395 locuto-

445 2452 560 2490 rem
593 2451 702 2490 non
732 2435 1029 2491 advertisse
1052 2435 1197 2505 quod
1227 2433 1294 2488 ad
1325 2433 1618 2488 absurdum
1643 2442 1791 2488 certe
1819 2432 2007 2503 dispu-

444 2527 706 2580 tationem
744 2525 1074 2595 propellens,
1106 2524 1307 2594 quibus
1339 2533 1570 2579 conatur
1604 2532 1864 2587 evertere,
1912 2540 2007 2594 per

443 2615 558 2670 haec
588 2615 672 2669 his
699 2615 897 2685 quibus
926 2616 1125 2672 bellum
1155 2614 1402 2681 infertur,
1430 2615 1749 2684 opitulatur.
1787 2615 1843 2669 Si
1860 2616 2006 2671 enim

442 2723 509 2762 ex
537 2722 601 2762 eo
625 2707 772 2777 quod
802 2707 1168 2777 supereminet
1193 2707 1259 2762 ad
1291 2706 1344 2764 id
1373 2706 1515 2778 quod
1546 2715 1629 2763 est
1655 2708 1856 2763 humile
1887 2724 2006 2763 cre-

442 2800 678 2855 dendum
705 2807 788 2855 est
825 2799 1019 2854 factam
1049 2814 1170 2854 esse
1198 2798 1327 2855 Jesu
1363 2799 1813 2870 demigrationem
1841 2817 1852 2851 :
1890 2801 2007 2854 sola

441 2900 622 2947 autem
655 2892 1023 2962 supereminet
1051 2902 1315 2947 creaturae
1344 2891 1528 2946 divina
1557 2900 1611 2946 et
1640 2892 1881 2949 increata
1916 2909 2003 2945 na-

335 2984 341 2991 ’
442 2993 586 3049 tura,
618 2991 833 3047 creatus
863 2994 1045 3039 autem
1075 2983 1273 3039 homo:
1316 2983 1548 3040 fortasse
1581 2985 1917 3055 perspiciens
1942 3000 2005 3038 ex

441 3075 661 3147 propria
709 3076 918 3131 ratione
965 3075 1033 3130 ad
1074 3076 1353 3130 veritatem
1394 3085 1761 3141 convertatur,
1816 3092 2007 3132 assen-

443 3169 587 3224 tiens
636 3178 857 3238 propter
894 3167 1327 3223 benevolentiam
1359 3176 1412 3221 et
1454 3167 1842 3239 benignitatem
1882 3182 2005 3237 erga

444 3260 715 3326 homines,
748 3258 893 3329 quod
915 3260 1213 3313 increatum
1244 3266 1326 3313 est
1348 3256 1552 3311 factum
1575 3273 1697 3312 esse
1729 3257 1782 3311 in
1805 3268 2006 3312 creato.

444 3348 601 3416 Quod
632 3351 677 3405 si
724 3357 877 3419 putat
908 3358 1148 3403 creatum
1196 3346 1485 3402 Dominum
1528 3365 1587 3403 se
1637 3349 2013 3403 demonstrare

447 3457 544 3514 per
570 3440 623 3495 id
656 3441 799 3510 quod
839 3440 1248 3506 demonstrarit,
1294 3455 1419 3494 eum
1453 3441 1547 3510 qui
1587 3451 1703 3495 erat
1732 3439 1872 3495 Deus
1905 3441 2011 3494 huc

447 3546 623 3587 mante
656 3540 863 3585 natura:
896 3530 1215 3600 participem
1246 3528 1450 3584 factum
1481 3545 1633 3589 esse:
1668 3532 1835 3585 multa
1866 3531 2014 3601 ejus-

446 3622 594 3679 modi
619 3621 687 3677 ad
704 3622 947 3678 eamdem
970 3622 1345 3693 probationem
1363 3622 1709 3679 astruendam
1733 3623 2014 3678 invenien-

447 3723 559 3780 tur,
593 3730 659 3771 ex
694 3714 861 3769 simili
900 3713 1262 3784 patrocinium
1286 3715 1524 3772 orationi
1585 3714 1882 3786 implentia.
1918 3716 2013 3772 Et—

446 3809 592 3866 enim
616 3808 871 3881 quoniam
914 3806 1151 3863 Verbum
1183 3816 1301 3863 erat
1334 3816 1388 3865 et
1420 3808 1562 3867 Deus
1588 3818 1733 3865 erat:
1775 3811 2014 3881 posthaec

448 3912 650 3967 autem,
686 3901 829 3956 sicut
850 3900 925 3954 ait
951 3900 1214 3971 propheta
1237 3900 1301 3966 “,
1338 3899 1404 3957 In
1436 3912 1578 3956 terra
1611 3903 1773 3967 visus,
1804 3914 1852 3957 et
1896 3921 2011 3959 cunt

443 3992 742 4048 hominibus
791 4003 1128 4047 conversatus
1194 4002 1293 4057 est,
1341 4010 1507 4048 unum
1544 4010 1610 4050 ex
1653 3996 1851 4065 creatis
1892 4012 2014 4051 esse

447 4100 546 4155 per
578 4084 692 4140 haec
717 4084 1204 4140 demonstrabitur.
1228 4083 1384 4151 Quod
1415 4085 1461 4140 si
1493 4086 1608 4142 haec
1637 4087 1797 4157 longe
1816 4087 2015 4143 absunt

447 4180 517 4232 ab
546 4178 633 4233 his
653 4192 774 4248 qua:
804 4185 1146 4248 quaeruntur,
1185 4192 1361 4250 neque
1393 4178 1591 4234 similia
1627 4180 1786 4248 plane
1819 4195 2015 4249 propo-

448 4269 570 4323 sitis
597 4269 1004 4324 accommodata
1051 4278 1199 4325 sunt.
1231 4270 1378 4325 idem
1409 4280 1492 4325 est
1532 4270 1676 4325 enim
1713 4271 2012 4327 secundum

449 4376 692 4421 sensum.
719 4378 841 4417 eum
873 4363 965 4432 qui
999 4371 1115 4417 erat
1154 4364 1209 4418 in
1242 4364 1509 4433 principio
1547 4363 1805 4428 Verbum,
1840 4365 2015 4418 mani-

448 4451 703 4507 festatum
740 4467 862 4507 esse
915 4455 1155 4522 posthaec
1205 4455 1520 4511 hominibus
1565 4456 1780 4523 dicere;
1819 4466 1872 4511 et
1920 4456 2012 4526 qui

2116 2001 2211 2055 ραν
2244 1980 2571 2035 ὑποδύεσθαι
2618 1980 2904 2047 γέννησιν;
2942 1976 3007 2029 Τί
3058 1975 3260 2046 μᾶλλον
3287 1973 3379 2027 διὰ
3406 1972 3606 2025 τούτων
3630 1971 3682 2023 τὸ

2111 2076 2233 2130 καθ’
2258 2077 2400 2147 ὑμᾶς
2423 2074 2598 2143 δόγμα
2645 2071 3005 2142 κρατύνεται;
3046 2069 3170 2132 Πῶς
3197 2067 3291 2121 διὰ
3324 2066 3437 2119 τῶν
3472 2065 3680 2136 εἰρημέ-

2111 2188 2216 2223 νων
2246 2171 2279 2239 ή
2306 2167 2399 2221 τοῦ
2427 2164 2687 2237 βασιλέως
2737 2165 2834 2235 τῆς
2885 2163 3114 2223 κτίσεως
3139 2159 3302 2213 οὑσία
3336 2156 3531 2227 κτιστὴ
3558 2158 3680 2209 ἀπο-

2110 2262 2415 2326 δείκνυται;
2458 2258 2597 2328 Ἐγὼ
2639 2259 2736 2329 μὲν
2774 2256 2883 2326 γὰρ
2920 2252 3226 2307 τούναντίον
3278 2250 3445 2322 φημὶ,
3471 2248 3538 2303 τὰ
3563 2248 3680 2319 ἡμέ-

2110 2373 2246 2427 τερα
2283 2354 2371 2408 διά
2399 2353 2507 2406 τῶν
2542 2349 2860 2422 μαχομένων
2889 2349 3020 2417 ἡμῖν
3076 2342 3561 2415 συναγορεύεσθαι,
3595 2341 3680 2392 καὶ

2114 2448 2217 2501 ὑπὸ
2243 2447 2343 2515 τῆς
2371 2445 2510 2513 ἄγαν
2538 2442 2807 2514 προσοχῆς
2832 2440 2906 2511 μὴ
2931 2434 3445 2507 συνεωρακέναιτδν
3464 2434 3674 2504 ῥήτορα,

2112 2541 2193 2593 ὅτι
2221 2537 2356 2611 πρὸς
2377 2536 2439 2589 τὸ
2485 2536 2683 2590 ἄτοπον
2725 2532 2882 2602 δῆθεν
2915 2529 3130 2597 ὲξωθῶν
3165 2527 3261 2581 τὸν
3308 2526 3488 2589 λόγον,
3515 2523 3581 2575 δι’
3608 2515 3674 2574 ὧν

2114 2629 2437 2701 ἀνατρέπειν
2464 2626 2747 2696 ἐπιχειρεῖ,
2772 2621 2859 2675 διὰ
2885 2620 3088 2673 τούτων
3117 2619 3228 2681 τοῖς
3260 2612 3675 2685 πολεμουμένοις

2115 2718 2553 2789 συναγωνίζεται.
2612 2718 2674 2770 Et
2722 2715 2829 2786 γὰρ
2855 2715 2919 2768 ὲκ
2938 2711 3031 2766 τοῦ
3075 2712 3443 2780 ὑπερέχοντος
3470 2707 3597 2777 πρὸς
3622 2705 3676 2757 τὸ

2112 2812 2363 2865 ταπεινὸν
2393 2806 2666 2862 πιστεύειν
2720 2803 2827 2876 χρὴ
2884 2801 3208 2871 γεγενῆσθαι
3236 2800 3337 2853 τοῦ
3377 2795 3548 2869 Ἰησοῦ
3588 2795 3674 2865 τὴν

2117 2904 2443 2975 μετάστασιν
2463 2919 2476 2932 ·
2515 2900 2650 2971 μόνη
2691 2898 2748 2951 δὲ
2782 2896 3099 2966 ὑπέρκειται
3125 2893 3223 2963 τῆς
3248 2892 3483 2953 κτίσεως
3507 2890 3539 2959 ἠ
3567 2886 3671 2941 θεία

2115 3013 2170 3050 τε
2196 2996 2288 3050 καὶ
2319 2994 2569 3055 ἄκτιστος
2597 2990 2777 3060 φύσις,
2816 2986 3029 3049 κτιστδς
3051 2984 3106 3039 δὲ
3138 2987 3165 3038 ὁ
3192 2984 3480 3053 ἄνθρωπος
3502 2998 3515 3011 ·
3548 2978 3671 3047 τάχα

2113 3088 2403 3157 διαϐλέψας
2449 3086 2535 3139 διὰ
2581 3083 2674 3136 τοῦ
2736 3081 2864 3135 ἰδίου
2906 3078 3065 3146 λόγου
3122 3078 3258 3147 πρὸς
3298 3074 3397 3146 τὴν
3432 3070 3673 3142 ἀλήθεια)

2119 3179 2493 3250 μετατάξεται,
2547 3174 2867 3244 συνθέμενος
2889 3172 2946 3223 ὲν
2981 3168 3059 3239 τῷ
3088 3167 3293 3238 κτιστῷ
3330 3164 3471 3219 κατὰ
3500 3163 3668 3233 φιλαν-

2115 3271 2359 3343 θρωπίαν
2403 3265 2728 3337 γεγενῆσθαι
2767 3264 2829 3316 τὸ
2872 3262 3144 3315 ἄκτιστον,
3178 3260 3241 3312 Εἰ
3285 3259 3343 3312 δὲ
3370 3258 3533 3310 οἴεται
3566 3270 3667 3306 κτι-

2115 3363 2237 3417 στὸν
2289 3358 2662 3415 ἀποδεικνύειν
2705 3355 2796 3408 τὸν
2841 3354 3067 3424 Κύριον,
3105 3349 3190 3403 διὰ
3231 3348 3328 3402 τοῦ
3360 3347 3522 3413 δεῖξαι
3548 3343 3665 3395 Θεὸν

2112 3456 2244 3509 ὄντα
2282 3454 2382 3525 τῆς
2431 3447 2775 3521 ἀνθρωπίνης
2812 3446 3025 3515 φύσεως
3071 3440 3484 3513 μετεσχηκέναι,
3514 3434 3665 3488 πολλὰ

2113 3545 2334 3599 τοιαῦτα
2364 3542 2498 3613 πρὸς
2524 3540 2620 3611 τὴν
2646 3538 2740 3592 τοῦ
2782 3539 2897 3590 ῐσου
2924 3532 3268 3604 κατασκευὴν
3308 3528 3664 3600 εὑρεθήσεται,

2113 3640 2178 3691 ὲκ
2226 3634 2318 3689 τοῦ
2367 3634 2552 3705 ὁμοίου
2595 3630 2692 3703 τὴν
2723 3628 3043 3700 συνηγορίαν
3076 3625 3391 3698 πληροῦνται
3418 3620 3492 3691 τῷ
3518 3618 3663 3686 λόγῳ.

2114 3730 2225 3785 Καὶ
2253 3728 2364 3799 γὰρ
2393 3725 2579 3795 ἐπειδὴ
2613 3723 2783 3792 Λόγος
2810 3717 2879 3792 ἦν
2908 3719 3002 3773 καλ⁵
3033 3719 3161 3781 Θεὸς
3196 3712 3265 3789 ἦν
3294 3734 3307 3747 ·
3354 3714 3487 3789 μετὰ
3511 3710 3664 3763 ταῦτα

2113 3822 2194 3884 δὲ,
2219 3798 2398 3882 καθώς
2415 3834 2576 3888 φησιν
2595 3816 2624 3869 ό
2644 3814 2951 3885 προφήτης,
2984 3810 3107 3863 Ἐπὶ
3134 3807 3246 3877 τῆς
3270 3805 3380 3877 γῆς
3399 3804 3557 3872 ὤφθη
3578 3798 3664 3855 καὶ

2114 3909 2236 3975 τοῖς
2267 3906 2595 3977 ἀνθρώποις
2623 3901 3107 3970 συνανεστρὰφη,
3134 3896 3196 3955 ἐν’
3231 3898 3340 3951 τῶν
3375 3895 3673 3963 κτισμάτων

2115 3999 2251 4055 εἶναι
2280 3999 2367 4053 διὰ
2397 3998 2601 4051 τούτων
2633 3994 3100 4065 ἀποδειχθήσεται.
3136 3991 3197 4047 Et
3225 3991 3282 4044 δὲ
3309 3987 3477 4043 ταῦτα
3495 3985 3663 4055 πόρρω

2112 4092 2220 4145 τῶν
2248 4089 2615 4160 ζητουμένων,
2647 4086 2768 4140 οὑδὲ
2814 4085 2880 4139 τὰ
2902 4085 3065 4154 ὅμοια
3090 4084 3309 4144 πάντως
3332 4080 3441 4141 τοῖς
3466 4089 3663 4145 προκει-

2119 4184 2298 4255 μένοις
2355 4180 2641 4252 ῲκείωται.
2673 4175 2818 4233 Ἷσον
2867 4176 2976 4248 γάρ
3020 4176 3136 4228 ἔστι
3177 4173 3321 4227 κατὰ
3356 4171 3449 4243 τὴν
3476 4164 3663 4221 ἔννοιαν

2114 4276 2203 4329 τὸν
2237 4277 2293 4327 ὲν
2325 4274 2465 4344 ἀρχῇ
2518 4271 2649 4323 ὄντα
2676 4269 2847 4336 Λόγον
2892 4266 3030 4338 μετὰ
3062 4263 3237 4319 ταῦτα
3271 4255 3661 4333 πεφανερῶσθαι

2113 4369 2224 4429 τοῖς
2253 4364 2556 4435 ἀνθρώποις
2572 4362 2659 4414 διὰ
2674 4359 2872 4430 σαρκὸς
2901 4358 3101 4425 λέγειν,
3132 4356 3229 4409 καὶ
3262 4357 3320 4410 ὲν
3350 4354 3521 4426 μορφῇ
3541 4344 3657 4435 Θεοῦ

2116 4458 2445 4530 ὑπάρχοντα,
2474 4456 2573 4523 τὴν
2615 4454 2708 4507 τοῦ
2731 4451 2912 4505 δούλου
2948 4450 3160 4521 μορφὴν
3210 4444 3542 4502 ὑποδύεσθαι.
3571 4433 3664 4492 Ὧν

449 4552 569 4597 erat
606 4544 662 4598 in
686 4542 861 4598 forma
896 4544 987 4600 Dei
1019 4545 1247 4602 formam
1285 4547 1427 4602 servi
1456 4547 1732 4604 habuisse.
1770 4546 2008 4614 Quorum

2118 4554 2166 4605 εί
2193 4551 2254 4604 τὸ
2286 4551 2470 4620 ἓτερον
2495 4550 2573 4610 είς
2617 4543 2960 4615 κατασκευὴν
2984 4542 3083 4611 τῆς
3111 4539 3456 4612 βλασφημίας

449 4637 496 4691 si
539 4636 770 4691 alterum
814 4637 881 4692 ad
918 4638 1267 4707 blasphemiae
1307 4640 1776 4708 praestructionem
1804 4651 1885 4697 est
1936 4642 2019 4695 in-

2112 4659 2225 4705 τον,
2272 4636 2658 4692 ωναποὸαλείν
2697 4634 2907 4703 ἀνάγκη
2939 4633 3029 4686 καὶ
3056 4630 3121 4683 τὸ
3148 4631 3479 4700 λειπόμενον.
3516 4619 3653 4676 Ἀλλὰ

452 4730 606 4793 utile,
642 4744 870 4785 necesse
896 4740 979 4785 est
1002 4738 1056 4784 et
1074 4731 1344 4800 reliquum
1369 4731 1626 4801 abjicere.
1654 4731 1759 4787 Sed
1786 4733 2008 4789 humane

2116 4729 2471 4803 συμϐουλεύει
2548 4724 2940 4796 φιλανθρώπως
3001 4725 3133 4794 ἡμῖν
3203 4718 3522 4793 μεταθέσθαι
3568 4709 3659 4803 τοῦη

451 4835 504 4878 ιιι
539 4823 796 4879 benevole
851 4822 1011 4877 nobis
1058 4823 1296 4878 consulit
1344 4822 1411 4877 ab
1454 4839 1641 4879 errore
1688 4823 2017 4889 desciscere,

451 4922 507 4969 et
536 4929 699 4985 quam
736 4915 853 4985 ipse
896 4915 1173 4985 praestruit
1202 4914 1435 4971 subinde
1464 4916 1669 4969 indicat
1696 4917 1977 4973 veritatem
2004 4936 2017 4972 :

452 5004 587 5059 Eum
618 5006 709 5076 qui
738 5014 855 5061 erat
884 5006 939 5061 in
969 5006 1259 5077 principio,
1291 5008 1484 5077 inquit.
1519 5006 1752 5063 Verbum
1775 5020 1828 5063 et
1851 5009 2016 5073 Deus,

451 5098 599 5154 hunc
626 5098 828 5154 factum
851 5114 974 5154 esse
1004 5099 1162 5155 docet
1190 5099 1383 5155 Petrus
1408 5101 1707 5170 apostolus.
1735 5100 2015 5171 Siquidem

452 5195 547 5250 ille
576 5194 733 5250 nobis
771 5194 982 5249 somnia
1029 5192 1256 5263 fingeret
1294 5200 1348 5247 et
1375 5209 1498 5263 qua:
1543 5193 1597 5247 in
1646 5196 1855 5248 somnis
1883 5210 2017 5249 con-

452 5286 613 5355 tingit
638 5284 1026 5339 divinationem
1052 5292 1325 5347 narraret,
1366 5285 1501 5339 nihil
1534 5284 1766 5341 fortasse
1795 5287 2019 5356 periculi

450 5383 598 5431 esset
639 5375 741 5443 ipsi
770 5375 1077 5430 concedere
1121 5375 1188 5429 ad
1219 5374 1439 5445 quidvis
1472 5392 1570 5445 pro
1601 5392 1700 5431 suo
1752 5377 2017 5431 arbitratu

453 5466 726 5525 adducere
751 5468 983 5525 visionis
1004 5468 1317 5536 aenigmata.
1341 5468 1445 5524 Sed
1472 5470 1599 5539 quia
1622 5470 1835 5525 divinas
1858 5485 2019 5526 voces

451 5557 583 5613 dicit
633 5560 750 5629 ipse
786 5577 843 5616 se
903 5574 1181 5624 enarrare,
1220 5577 1328 5615 non
1381 5570 1556 5615 tutum
1604 5570 1690 5617 est
1730 5562 1889 5618 nobis
1921 5577 2020 5632 pro

455 5665 553 5704 sua
584 5651 802 5706 licentia
831 5653 881 5706 ei
917 5651 1199 5722 indulgere
1226 5653 1389 5709 verba
1424 5669 1707 5725 perperam
1746 5654 2017 5728 interpre-

527 5826 571 5858 ³⁸
599 5822 806 5883 Baruch
836 5841 914 5893 ιιι,
956 5825 1044 5882 37.

2116 4824 2340 4887 πλάνου,
2400 4820 2493 4874 καὶ
2569 4818 2942 4875 ὑποδείκνυσιν
3002 4818 3067 4886 ἢν
3129 4815 3288 4877 αὑτὸς
3341 4801 3652 4866 κατασκευά-

2117 4919 2199 4982 {at
2252 4914 2527 4987 ἀλήθειαν,
2572 4912 2662 4964 τὸν
2704 4913 2760 4964 ὲν
2786 4911 2950 4981 ἀρχῇ,
2986 4908 3168 4979 φησὶν,
3217 4906 3345 4961 ὄντα
3386 4902 3544 4969 Λόγον
3574 4894 3653 4948 καὶ

2120 5010 2270 5072 Θεὸν,
2318 5008 2505 5061 τοῦτον
2540 5003 2865 5074 πεποιῆσθαι
2907 5001 3147 5059 διδάσκει
3182 5002 3209 5053 ό
3274 4994 3549 5056 ἀπόστολος
3570 4986 3652 5041 Πέο

2119 5118 2265 5172 τρος.
2324 5099 2455 5153 Ἀλλ’
2494 5100 2543 5151 εί
2590 5096 2685 5167 μὲν
2727 5094 2967 5166 ὀνείρους
3006 5095 3136 5164 ἡμῖν
3178 5089 3540 5161 ὑποκρίνεται,
3572 5076 3661 5172 ttat.

2121 5168 2219 5263 τίὴν
2263 5191 2509 5247 ἆνύπνιον
2555 5186 2919 5258 ἐπηγγέλλετο
2975 5185 3270 5257 μαντικὴν,
3321 5180 3545 5239 κίνδυνος
3588 5168 3645 5241 ἦν

2123 5288 2252 5349 ἴσως
2282 5284 2455 5348 οὐδεὶς
2479 5281 2615 5353 πρὸς
2640 5282 2701 5334 τὸ
2724 5280 2913 5335 δοκοῦν
2944 5282 3242 5351 συγχωρεῖν
3263 5276 3402 5345 αὑτῷ
3427 5282 3647 5340 παραγα-

2123 5383 2238 5449 γεῖν
2268 5380 2337 5433 τὰ
2354 5379 2450 5448 τῆς
2493 5374 2788 5447 φαντασίας
2812 5374 3126 5443 αἰνίγματα..
3163 5373 3307 5426 Ἐπεὶ
3331 5369 3385 5423 δὲ
3410 5365 3501 5426 τὰς
3519 5358 3652 5449 θείας

2122 5447 2304 5542 φωνὰς
2350 5447 2658 5540 ἐξήγεῖσθαί
2688 5484 2879 5537 φησιν,
2915 5465 3089 5519 οὐκέτ’
3126 5464 3359 5532 ἀσφαλὲς
3395 5458 3513 5527 ἡμῖν
3543 5447 3644 5503 κατ’

2120 5563 2364 5628 ἐξουσίαν
2415 5559 2559 5629 αὑτῷ
2604 5559 2800 5612 διδόναι
2847 5556 3276 5629 παρερμηνεύειν
3329 5551 3394 5605 τὰ
3430 5548 3636 5618 ῥήματα.

2120 5653 2185 5707 Τί
2211 5669 2371 5729 φησιν
2397 5628 2668 5723 ήΓραφής
2695 5650 2817 5703 Ὅτι
2843 5632 3061 5716 Κύριον
3088 5628 3184 5701 καί
3210 5639 3452 5715 Χριστὸν
3469 5628 3641 5692 ἐποίιΓ
