3922 6506
251 402 359 455 7'53

1366 395 1644 453 CONTRA
1685 394 2077 465 EUNOMIUM,
2118 397 2244 457 LIB.
2287 397 2367 453 Vl.

3381 408 3476 461 731

250 531 363 567 σεν
393 515 429 568 ὁ
463 512 608 576 Θεὸς
645 510 856 564 τοῦτον
884 510 988 564 τὸν
1029 510 1271 577 Ἰησοῦν
1307 509 1378 564 ὃν
1406 511 1572 579 ὑμεῖς
1604 512 1806 565 ἐσταυ-

1925 511 2049 567 tari.
2074 510 2211 577 Quid
2244 512 2318 565 ait
2349 509 2666 581 Scriptura?
2698 511 2975 568 Dominum
3003 525 3053 569 et
3072 516 3335 573 Christum
3362 523 3481 585 [erit

241 604 506 673 ρώσατε.
534 600 743 656 Οὐκοῦν
782 602 996 655 πάντων
1028 601 1147 655 κατ’
1189 600 1348 655 αὐτὸν
1379 602 1785 673 συνδραμόντων
1804 645 1818 669 ,

243 698 342 765 τῆς
372 694 657 764 ὣικτικῆς
683 693 866 763 φωνῆς
897 692 989 745 τοῦ
1024 691 1373 764 ἀνθρωπίνως
1401 693 1782 763 ὡνομασμένου
1801 735 1815 760 ,

240 786 343 854 τῆς
372 786 492 839 τῶν
528 786 995 857 μιαιφονησάντων
1037 784 1370 854 κατηγορίας
1389 823 1404 847 ,
1430 783 1523 837 τοῦ
1564 784 1705 837 κατά
1732 785 1822 837 τὸν

240 877 487 947 σταυρὸν
527 876 748 939 πάθους,
791 875 848 941 ἐξ
881 876 1123 944 ἀνάγκης
1154 876 1185 944 ἠ
1214 875 1416 927 διάνοια
1442 875 1579 944 πρὸς
1607 875 1666 928 τὸ
1693 893 1820 944 φαι-

236 971 473 1038 νόμενον
498 969 703 1039 βλέπει.
739 969 797 1022 Ὀ
818 968 873 1020 δέ
906 985 1035 1037 φησι
1058 967 1225 1020 ταῦτα
1253 968 1348 1036 μὲν
1380 967 1554 1036 λέγειν
1582 968 1783 1038 Πέτρον
1803 984 1842 1034 '_

232 1060 620 1113 ἐνδείκνυσθαι
635 1059 689 1112 δὲ
718 1058 805 1111 διὰ
831 1059 931 1127 τῆς
952 1059 1238 1125 ἐποίησεν
1254 1058 1448 1125 λέξεως
1472 1060 1568 1129 τὴν
1585 1059 1818 1130 προαιώ-

232 1168 343 1203 νιον
394 1151 615 1205 οὐσίαν,
659 1150 817 1204 Ἀλλά
854 1152 1060 1214 τίτθαις
1110 1150 1206 1221 μὲν
1240 1150 1271 1221 ἢ
1301 1150 1570 1221 γραϊδὶοις
1603 1151 1816 1204 ἀκίνδυο

230 1258 319 1295 νον
352 1244 673 1312 συγχωρεῖν
711 1242 928 1306 παίζειν
967 1243 1103 1313 πρὸς
1131 1244 1198 1297 τὰ
1240 1245 1497 1315 μειράκια
1518 1287 1531 1309 ,
1564 1246 1658 1298 καὶ
1685 1245 1819 1316 πρὸς

227 1334 297 1388 τὰ
322 1333 604 1387 δοκοῦντα
634 1333 887 1404 μετάγειν
932 1334 1031 1396 τὰς
1059 1335 1167 1387 τῶν
1211 1336 1475 1389 ἐνυπνίων
1521 1338 1813 1406 ἐμφάσεις·

226 1424 323 1493 τῆς
390 1422 455 1476 δὲ
509 1423 867 1477 θεοπνεύστου
919 1424 1099 1493 φωνῆς
1155 1425 1519 1496 προκειμένης
1565 1428 1693 1497 ἡμῖν
1738 1430 1817 1491 είς

226 1516 545 1585 ἐξήγησιν,
578 1513 775 1568 κωλύει
815 1517 838 1567 έ
873 1514 1042 1583 μέγας
1078 1515 1393 1579 Ἀπόστολος
1419 1516 1516 1578 τὰς
1553 1515 1815 1587 γραώδεις

224 1605 579 1671 κενοφωνίας
621 1603 955 1675 προσίεσθαι.
1003 1604 1239 1674 Σταυρὸν
1282 1603 1389 1675 γὰρ
1432 1604 1686 1668 ἀκούσας,
1726 1604 1815 1658 τὸν

226 1695 476 1766 σταυρὸν
507 1694 634 1759 νοῶ,
682 1695 776 1747 καὶ
808 1694 1144 1765 ἀνθρώπινον
1175 1694 1344 1765 ὄνομα
1377 1694 1637 1766 διδαχθεὶς
1657 1736 1670 1761 ,
1704 1695 1815 1766 ὁρῶ

222 1786 322 1857 τὴν
352 1785 703 1857 δηλουμένην
730 1785 834 1838 ὑπὸ
855 1785 948 1838 τοῦ
979 1785 1239 1856 ὀνόματος
1272 1785 1450 1855 φύσιν.
1486 1786 1682 1839 Τοῦτον
1718 1782 1811 1841 οὖν

226 1877 425 1947 μαθὼν
480 1875 808 1947 πεποιῆσθαι
861 1876 1009 1946 παρὰ
1063 1875 1157 1929 τοῦ
1212 1875 1418 1947 Πέτρου
1464 1876 1665 1947 Κύριον
1718 1879 1810 1932 καὶ

222 1966 521 2037 Χριστὸν,
558 1966 649 2019 τὸν
683 1968 740 2019 ὲν
782 1965 1073 2035 ὀφθαλμοῖς
1109 1964 1263 2036 ἡμῶν
1306 1968 1691 2037 γεγενημένον,
1724 1966 1812 2019 λέ-

222 2074 343 2125 γειν
375 2059 492 2111 οὐκ
529 2057 868 2128 ἀμφιϐάλλω.
917 2057 1131 2127 Ἐπειδὴ
1162 2058 1255 2109 καὶ
1288 2057 1633 2127 συμφωνοῦσι
1674 2058 1809 2128 πρὸς

223 2149 509 2219 ἀλλήλους
541 2149 591 2202 oi
642 2148 818 2217 ἅγιοι,
879 2150 991 2211 τοῖς
1035 2165 1094 2199 τε
1143 2147 1321 2211 ἄλλοις
1356 2149 1507 2212 πᾶσι,
1544 2150 1635 2201 καὶ
1681 2148 1809 2219 περὶ

221 2238 386 2292 τοῦτο
437 2239 506 2291 τὺ
540 2238 721 2309 μέρος.
762 2238 849 2301 Ὠς
893 2237 1001 2309 γὰρ
1050 2237 1209 2301 αὐτὸς
1259 2237 1349 2289 τὸν
1401 2238 1807 2309 ἐσταυρωμένον

226 2331 446 2402 Κύριον
498 2329 823 2400 πεποιῆσθαι
868 2329 1048 2398 λέγει,
1088 2328 1229 2382 οὕτω
1266 2329 1359 2382 καὶ
1404 2328 1613 2392 Παῦλός
1646 2346 1807 2400 φησιν

224 2423 392 2476 αὐτὸν
427 2420 821 2493 ὐπερυψῶσθαι
869 2420 1005 2490 μετά
1029 2420 1090 2473 τὸ
1124 2420 1292 2484 πάθος
1326 2422 1419 2475 καὶ
1445 2422 1541 2492 τὴν
1575 2422 1807 2476 ἀνάστα-

226 2531 329 2573 σιν,
361 2512 434 2565 οὐ
479 2512 612 2565 καθὸ
662 2511 793 2574 Θεός
836 2511 951 2563 ἐστι
1002 2510 1120 2563 κατ’
1144 2512 1315 2564 ἐκεῖνο
1359 2511 1677 2582 ύψούμενον·
1720 2513 1807 2584 (τί

223 2607 333 2676 γὰρ
365 2604 698 2676 ὑπέρκειται
721 2604 813 2657 τοῦ
836 2604 978 2657 θείου
1007 2602 1173 2673 ὕψους
1200 2603 1484 2675 ἀνώτερον,
1505 2605 1644 2659 ὥστε
1673 2606 1806 2677 πρὸς

226 2701 412 2753 ἐκεῖνο
447 2697 627 2765 λέγειν
655 2696 745 2749 τὸν
780 2694 912 2748 Θεὸν
942 2693 1238 2764 ὑψοῦσθαι;
1272 2695 1445 2763 )ἀλλά
1468 2695 1527 2749 τὸ
1557 2697 1807 2750 ταπεινὸν

226 2790 324 2859 τῆς
364 2788 723 2859 ἀνθρωπίνης
756 2786 967 2856 φύσεως
992 2786 1253 2858 ὑψοῦσθαι
1289 2786 1453 2855 λέγει,
1483 2786 1804 2853 δεικνύντος,

226 2879 408 2951 οἶμαι,
448 2880 543 2935 τοῦ
591 2879 748 2948 λόγου
790 2880 890 2950 τὴν
933 2879 1027 2933 τοῦ
1076 2878 1471 2950 ἀναληφθέντος
1520 2880 1805 2950 ἀνθρώπου

227 2973 367 3042 πρὸς
408 2972 475 3024 τὸ
519 2970 654 3041 ὕψος
688 2970 788 3040 τῆς
826 2968 973 3032 θείας
1016 2967 1229 3037 φύσεως
1274 2967 1588 3037 ὲξομοίωσίν
1612 2985 1671 3021 τε
1716 2969 1808 3021 καὶ¹

227 3061 454 3116 ἕνωσιν.
485 3060 654 3113 Τοῦτο
681 3060 858 3113 τοίνυν
888 3060 1167 3130 σημαίνειν
1193 3059 1286 3116 καὶ
1315 3059 1483 3129 μέγαν
1513 3058 1804 3111 πεπιστεύ-

229 3167 417 3220 καμεν
456 3148 690 3218 Πέτρον,
726 3150 783 3201 ἐν
824 3147 903 3218 τῷ
947 3148 1124 3217 λέγειν
1170 3149 1259 3202 τὸν
1314 3147 1516 3219 Κύριον
1564 3149 1657 3201 ἐπὶ
1711 3148 1804 3202 τοῦ
1834 3188 1881 3250 c

229 3240 477 3314 σταυροῦ
521 3240 880 3312 γεγενῆσθαι,
922 3241 1010 3295 διὰ
1036 3242 1134 3311 τῆς
1165 3240 1304 3294 κατὰ
1346 3240 1521 3294 πάντα
1567 3239 1702 3312 πρὸς
1742 3239 1805 3293 τὸ

222 3330 387 3382 Θεῖον
412 3333 677 3398 ἑνώσεως,
710 3334 884 3386 ἐκεῖνο
915 3332 1202 3404 γενόμενον
1234 3332 1263 3384 ὃ
1281 3331 1340 3386 τὸ
1361 3331 1515 3385 Θεῖόν
1544 3333 1710 3388 ἐστιν.
1742 3332 1804 3385 Ei

228 3423 284 3477 δέ
318 3441 404 3486 τις
444 3424 540 3476 καὶ
578 3424 920 3493 συγχωρήσει
960 3425 1017 3476 ὲν
1060 3421 1206 3493 αὐτῷ
1239 3419 1657 3494 παρεξηγεῖσθαι
1705 3421 1804 3492 τὴν

230 3514 387 3567 θείαν
423 3514 607 3584 φωνὴν
628 3552 643 3576 ,
688 3513 807 3565 ούδὲ
839 3512 1011 3576 οὕτως
1052 3512 1186 3581 πρὸς
1223 3513 1311 3566 τὸν
1343 3514 1541 3566 σκοπὸν
1591 3514 1686 3583 τῆς
1717 3515 1803 3566 αί-

234 3608 442 3677 ρέσεως
476 3606 505 3657 ὁ
531 3603 685 3672 λόγος
708 3602 1237 3675 συμπερανθήσεται.
1271 3604 1511 3659 Δεδόσθω
1539 3604 1645 3676 γὰρ
1677 3605 1804 3677 περὶ

230 3697 328 3750 τοῦ
361 3699 423 3751 ὲν
458 3696 602 3766 ἀρχῇ
640 3694 791 3759 ὄντος
833 3694 1008 3762 λέγειν
1046 3694 1137 3746 τὸν
1190 3694 1424 3765 Πέτρον,
1474 3696 1554 3748 ὅτι
1589 3694 1804 3763 Κύριον

228 3790 424 3843 αὑτὸν
461 3788 564 3841 καὶ
601 3787 857 3856 Χριστὸν
899 3786 1146 3853 ἐποίησε
1182 3786 1393 3840 τοῦτον
1426 3785 1531 3840 τὸν
1560 3785 1803 3853 Ἰησοῦν

232 3880 501 3952 ὅνὺμεῒς
520 3878 956 3948 ἐσταυρώσατε.
1008 3877 1343 3948 Εὑρίσκομεν
1392 3877 1499 3948 γὰρ
1548 3874 1670 3931 οὔτε
1715 3876 1803 3931 διά

231 3974 424 4029 τούτου
450 3973 550 4043 τὴν
582 3969 924 4042 βλασφημίαν
950 3967 1101 4037 ίσχύν
1120 3983 1239 4019 τινα
1261 3965 1403 4019 κατά
1421 3967 1520 4036 τῆς
1546 3965 1802 4036 ἀληθείας

232 4064 618 4137 λαμὸἀνουσαν
641 4078 653 4091 ’
697 4064 936 4130 Κύριον,
981 4058 1164 4129 φησὶν,
1196 4057 1380 4113 αὑτὸν
1411 4058 1508 4111 καὶ
1547 4058 1803 4125 Χριστὸν

233 4160 527 4225 ἐποίησεν
570 4158 603 4207 ό
649 4154 809 4219 Θεός.
862 4153 956 4215 Εἰς
999 4151 1051 4204 τί
1110 4150 1287 4204 τοίνυν
1335 4148 1442 4202 τῶν
1503 4150 1801 4221 εἰρημένων

233 4247 605 4317 ἐπαναφέρειν
652 4246 759 4316 χρὴ
797 4245 858 4297 τὸ
879 4244 1165 4309 ἐποίησεν
1180 4258 1201 4306 ;
1227 4241 1331 4295 τίνι
1348 4241 1454 4294 τῶν
1477 4242 1535 4294 ὲν
1564 4242 1630 4311 τῇ
1661 4237 1799 4311 φρά-

238 4360 316 4396 σει
358 4340 627 4410 κειμένων
670 4337 767 4408 τὴν
811 4335 991 4406 φωνὴν
1038 4333 1448 4405 ὲφαρμόσομεν;
1502 4332 1641 4401 Τρία
1693 4333 1798 4405 γάρ

234 4436 382 4488 ἐστιν
396 4431 469 4485 τά
490 4429 837 4501 προκείμενα⁹
856 4422 1050 4489 οὗτος,
1070 4426 1161 4478 καὶ
1187 4427 1399 4493 Κύριος
1420 4424 1511 4477 καὶ
1526 4425 1796 4492 Χριστός·

1924 599 2062 654 Deus
2107 600 2243 653 hunc
2272 599 2456 654 Jesum
2501 617 2651 671 quem
2700 619 2785 655 vos
2824 602 3185 674 cruci/histis.
3216 607 3479 667 Omnibus

1922 692 2087 760 igitur
2135 691 2188 745 in
2235 691 2485 746 eumdem
2515 696 2968 751 concurrentibus
3000 708 3051 752 et
3092 714 3222 755 voce
3259 702 3479 758 demon-

1922 790 2129 851 strante
2160 798 2280 837 eum
2312 784 2404 853 qui
2437 783 2676 840 humane
2701 788 3011 845 nominatus
3035 797 3139 851 est,
3171 799 3223 844 et
3255 808 3480 849 accusa-

1921 874 2068 929 tione
2104 890 2289 929 eorum
2325 876 2417 945 qui
2457 876 2601 931 caede
2651 893 2708 931 se
2755 880 3075 948 polluerant,
3126 891 3179 936 et
3227 887 3481 953 passione

1921 967 2219 1020 secundum
2246 982 2498 1021 crucem:
2542 970 2853 1024 necessario
2888 971 2952 1023 ad
3000 971 3051 1025 id
3078 974 3222 1042 quod
3259 988 3479 1045 apparet

1920 1056 2269 1127 intelligentia
2330 1058 2615 1112 verborum
2673 1059 2951 1114 referenda
3001 1071 3103 1117 est.
3152 1062 3250 1118 Hic
3297 1058 3510 1133 autem?

1919 1145 2216 1201 Eunomius
2263 1147 2337 1200 ait
2382 1147 2597 1202 Petrum
2651 1150 2763 1204 haec
2804 1152 3020 1220 quidem
3060 1155 3257 1220 dicere,
3295 1165 3347 1211 et
3383 1148 3509 1227 per?

1917 1239 2140 1291 verbum
2185 1238 2305 1306 fecit
2349 1254 2469 1306 qua:
2509 1249 2592 1293 est
2641 1249 2766 1295 ante
2809 1244 3007 1297 saecula
3055 1247 3344 1302 essentiam
3378 1230 3522 1309 dea:

1917 1339 2239 1391 monstrare,
2295 1329 2393 1383 sed
2441 1330 2750 1386 nutricibus
2793 1342 2846 1385 et
2896 1335 3126 1390 aniculis
3180 1304 3505 1395 concedere‘

1916 1433 2038 1473 cum
2069 1419 2351 1474 infantulis
2377 1427 2430 1474 et
2458 1422 2696 1488 parvulis
2738 1422 2923 1478 ludere
2954 1424 3087 1479 nihil
3138 1427 3295 1482 all‘ert
3333 1431 3475 1499 peri-

1916 1509 2043 1570 culi,
2076 1516 2129 1563 et
2153 1511 2217 1561 ad
2242 1512 2492 1579 quaelibet
2524 1527 2652 1566 suas
2681 1516 2733 1566 in
2766 1515 2991 1569 somniis
3018 1517 3254 1573 visiones
3287 1521 3474 1574 tradu-

1916 1614 2059 1653 cere.
2094 1598 2198 1655 Sed
2230 1618 2349 1655 cum
2380 1618 2410 1656 a
2435 1601 2542 1656 Deo
2572 1605 2833 1673 inspirata
2862 1621 2960 1660 vox
2986 1607 3052 1661 ad
3080 1612 3471 1679 expositionem

1916 1693 2261 1760 preponitur,
2299 1701 2443 1748 vetat
2484 1710 2713 1764 magnus
2750 1697 3040 1765 Apostolus
3068 1701 3238 1756 aniles
3268 1711 3319 1756 et
3351 1704 3471 1756 ina-

1916 1797 2012 1836 nes
2056 1797 2219 1837 voces
2262 1781 2535 1837 affectare.
2594 1785 2822 1840 Crucem
2862 1788 3004 1842 enim
3050 1793 3295 1855 audiens,
3345 1808 3470 1847 cru-

1916 1889 2033 1927 cem
2069 1873 2330 1944 intelligo,
2383 1883 2437 1929 et
2478 1875 2772 1932 humanum
2829 1895 3022 1935 nomen
3071 1880 3281 1948 doctus,
3316 1886 3470 1940 video

1914 1964 2239 2019 deelaratam
2267 1981 2361 2034 per
2384 1966 2433 2019 id
2463 1983 2657 2022 nomen
2688 1978 2959 2026 naturam.
2986 1970 3140 2026 liunc
3162 1974 3324 2044 igitur
3345 1990 3468 2029 cum

1914 2054 2078 2109 didici
2104 2070 2169 2109 ex
2200 2055 2358 2111 Petro
2382 2056 2584 2111 factum
2612 2074 2733 2115 esse
2764 2062 3048 2116 Dominum
3082 2069 3136 2118 et
3164 2064 3467 2131 Christum,

1912 2159 2035 2199 eum
2061 2146 2152 2216 qui
2186 2146 2239 2200 in
2273 2150 2473 2203 nostris
2493 2150 2664 2206 oculis
2694 2150 2866 2207 factus
2889 2162 2973 2208 est
2995 2152 3175 2210 dicere
3206 2172 3312 2211 non
3353 2170 3469 2211 am-

1912 2235 2061 2305 bigo,
2092 2238 2391 2306 praesertim
2427 2254 2549 2293 cum
2583 2242 2757 2295 sancti
2786 2243 2888 2297 sibi
2917 2246 3217 2301 concordes
3247 2248 3354 2302 sint
3386 2249 3469 2302 in-

1912 2326 2084 2381 vicem
2119 2327 2173 2381 in
2204 2329 2327 2382 aliis
2352 2330 2623 2395 omnibus,
2664 2338 2776 2385 tum
2812 2334 2864 2385 in
2898 2334 2997 2388 hac
3026 2343 3197 2404 parte.
3229 2336 3297 2391 Ut
3324 2341 3466 2393 enim

1913 2417 2030 2486 ipse
2057 2418 2377 2474 cruciﬁxum
2407 2419 2608 2473 factum
2640 2437 2760 2476 esse
2788 2423 2921 2477 dicit
2953 2424 3233 2481 Dominum
3262 2446 3275 2484 :
3306 2430 3386 2483 sic
3416 2441 3470 2485 et

1912 2506 2117 2563 Paulus
2155 2510 2230 2562 ait
2261 2510 2436 2579 ipsum
2473 2513 2930 2581 superexaltatum
2963 2531 3085 2572 esse
3111 2527 3232 2587 post
3257 2521 3465 2589 passio-
3504 2580 3519 2595 ,

1912 2616 2033 2656 nem
2067 2610 2122 2656 et
2155 2602 2634 2667 resurrectionem,
2680 2618 2785 2656 non
2817 2619 2923 2673 qua
2958 2604 3099 2661 Deus
3128 2618 3231 2672 est,
3271 2625 3467 2664 secun-

1912 2690 2039 2745 dum
2073 2692 2216 2746 illam
2248 2694 2509 2747 rationem
2535 2695 2866 2751 exaltatum:
2897 2697 3026 2765 quid
3052 2699 3197 2753 enim
3222 2698 3313 2755 Dei
3343 2703 3466 2755 alti-

1912 2783 2099 2837 tudine
2128 2785 2290 2840 altius
2316 2787 2703 2855 supereminet,
2739 2795 2797 2840 ut
2827 2788 2895 2841 ad
2926 2789 3057 2844 illud
3079 2790 3247 2845 Deum
3277 2794 3462 2847 extolli

1911 2874 2087 2928 dicat?
2123 2875 2216 2929 sed
2262 2876 2405 2945 quod
2452 2876 2697 2930 humana:
2744 2889 2950 2933 natura:
3000 2880 3200 2936 humile
3244 2891 3326 2937 est
3367 2899 3465 2936 ex-

1912 2962 2065 3015 altari
2084 2963 2234 3027 dicit,
2248 2964 2675 3030 demonstrante,
2696 2975 2751 3019 ut
2770 2976 2919 3036 puto,
2938 2984 3185 3026 sermone
3202 2974 3464 3042 assumpti

1912 3054 2149 3110 hominis
2186 3055 2251 3109 ad
2299 3056 2497 3110 divina:
2527 3067 2733 3111 natura:
2770 3060 3166 3129 celsitudinem,
3213 3064 3466 3118 similitu-

1912 3146 2199 3216 diuemque
2228 3154 2284 3201 et
2310 3148 2586 3203 unionem.
2619 3148 2732 3204 Hoc
2762 3152 2926 3221 igitur
2970 3168 3220 3224 magnum
3247 3155 3462 3211 Petrum

1911 3236 2217 3307 signiﬁcare
2243 3238 2536 3302 credimus,
2574 3240 2702 3294 dum
2741 3242 2872 3296 dicit
2905 3242 3185 3299 Dominum
3216 3246 3268 3300 in
3303 3263 3465 3302 cruce

1913 3325 2113 3380 factum
2159 3342 2300 3390 esse,
2350 3338 2572 3398 propter
2622 3331 2677 3384 in
2712 3333 2965 3389 omnibus
3015 3351 3135 3390 cum
3184 3337 3467 3394 divinitate

1909 3418 2206 3472 unitionem
2235 3420 2366 3474 illud
2403 3420 2602 3475 factum
2634 3425 2774 3492 quod
2800 3423 2941 3480 Deus
2969 3434 3071 3481 cst.
3097 3426 3249 3493 Quod
3273 3431 3316 3485 si
3339 3431 3465 3500 quis

1908 3509 2069 3562 etiam
2097 3511 2357 3566 concedet
2400 3512 2454 3565 in
2508 3514 2628 3583 ipso
2660 3525 2804 3570 recte
2851 3516 3192 3587 interpretari
3226 3520 3461 3575 divinam

1907 3615 2115 3665 vocem,
2151 3618 2331 3672 neque
2359 3605 2437 3658 sic
2460 3604 2524 3657 ad
2558 3621 2778 3677 scopum
2813 3607 3083 3664 haereseos
3113 3613 3466 3668 concludetur

1908 3692 2101 3745 oratio.
2139 3692 2305 3747 Detur
2330 3697 2472 3749 enim
2506 3695 2726 3752 Petrum
2762 3700 2907 3769 loqui
2953 3700 3021 3756 de
3044 3716 3110 3756 eo
3139 3704 3229 3772 qui
3258 3713 3375 3758 erat
3407 3704 3463 3760 in

1907 3782 2190 3850 principio,
2235 3786 2378 3854 quod
2414 3785 2691 3845 Dominum
2725 3791 2894 3857 ipsum
2936 3802 2985 3845 et
3032 3791 3299 3847 Christum
3340 3796 3465 3862 fecit

1907 3875 2040 3929 hunc
2053 3874 2235 3931 Iesum
2251 3894 2398 3948 quem
2417 3896 2504 3934 vos
2520 3881 2882 3948 cruciﬁxistis.
2907 3882 3281 3952 Comperimus
3316 3886 3461 3939 enim
3492 3912 3495 3914 ·

1906 3981 2083 4036 neque
2128 3983 2223 4037 per
2272 3969 2374 4023 hoc
2418 3970 2805 4040 blasphemiam
2847 3975 2953 4027 vim
2990 3975 3222 4043 aliquam
3273 3983 3464 4031 contra

1904 4059 2183 4113 veritatem
2223 4075 2534 4117 assumere:
2572 4063 2872 4125 Dominum,
2905 4066 2997 4128 ait,
3029 4066 3198 4134 ipsum
3227 4076 3276 4121 et
3310 4065 3463 4122 Chri-

1906 4160 2044 4204 stum
2078 4151 2201 4220 fecit
2232 4152 2391 4206 Deus.
2445 4153 2523 4206 Ad
2570 4154 2699 4224 quid
2749 4154 2911 4224 igitur
2957 4154 3146 4209 horum
3190 4155 3457 4213 dicturum

1904 4243 2125 4297 verbum
2150 4244 2271 4312 fecit
2297 4244 2636 4301 referendum
2669 4247 2786 4300 est?
2816 4244 2903 4299 cui
2932 4261 3119 4300 eorum
3148 4263 3266 4315 qua:
3288 4249 3339 4301 in
3358 4247 3460 4303 hac

1907 4334 2181 4388 locutione
2213 4335 2388 4404 posita
2419 4343 2545 4389 sunt
2572 4350 2757 4389 vocem
2789 4335 3132 4404 aptabimus?
3167 4337 3293 4391 Tria
3313 4337 3456 4391 enim

1906 4432 2033 4477 sunt
2059 4443 2072 4479 :
2098 4423 2204 4487 hic,
2232 4433 2286 4478 et
2306 4425 2563 4479 Dominus
2589 4434 2641 4479 et
2667 4421 2905 4478 Christus
2942 4441 3100 4480 :cum
3129 4442 3238 4497 quo
3266 4427 3458 4481 horum

231 4526 336 4578 τίνι
412 4523 620 4576 τούτων
693 4521 793 4590 τὴν
855 4517 1142 4583 ἐποίησεν
1204 4515 1522 4578 συσκευάζει
1582 4515 1795 4583 φωνήν;

1910 4514 2125 4569 verbum
2160 4514 2279 4582 fecit
2315 4515 2626 4568 construit?
2662 4512 2766 4569 Sed
2806 4515 2987 4570 nullus
3032 4524 3116 4571 est
3143 4528 3249 4570 tam
3281 4517 3458 4572 audax

243 4616 386 4670 Ἀλλ’
416 4614 595 4676 οὐδεὶς
636 4611 807 4674 οὔτως
846 4608 986 4663 κατά
1018 4608 1116 4677 τῆς
1158 4606 1408 4676 ἀληθείας
1450 4605 1681 4677 θρασὺς,
1728 4605 1802 4669 ὼς

232 4712 410 4763 είπῖν
443 4710 526 4760 ὅτι
564 4706 638 4777 μὴ
678 4704 812 4775 πρὸς
846 4702 938 4754 τὸν
987 4698 1214 4770 Χριστόν
1260 4714 1317 4750 τε
1368 4697 1460 4750 καὶ
1489 4696 1689 4768 Κύριον
1738 4696 1803 4749 τὸ

231 4802 530 4869 ἐποίησεν
566 4780 767 4867 βλέπει.
786 4795 951 4847 Ὄντα
976 4792 1086 4862 γὰρ
1117 4790 1275 4843 αὑτὸν
1296 4789 1324 4841 '0'
1343 4788 1395 4841 τί
1427 4804 1554 4840 ποτε
1568 4784 1654 4857 ἦν,
1670 4788 1802 4858 Χρι-

235 4894 361 4946 στὸν
414 4891 512 4944 καὶ
568 4888 770 4960 Κύριον
812 4884 1137 4953 γεγενῆσθαι
1185 4879 1334 4950 παρὰ
1381 4877 1475 4931 τοῦ
1521 4878 1730 4948 Πατρὸς
1772 4877 1800 4929 ό

232 4986 442 5054 Πέτρος
465 4980 644 5052 φησίν.
675 4978 788 5033 οὐκ
820 4976 950 5048 ἐμὸς
976 4979 1005 5029 ὁ
1048 4970 1222 5044 λόγος,
1257 4971 1367 5025 ἀλλ’
1393 4969 1555 5023 αὐτοῦ
1578 4969 1669 5022 τοῦ
1692 4986 1796 5040 μα-

232 5075 465 5148 χομένου
495 5070 573 5141 τῷ
593 5070 753 5141 λόγῳ.

256 5154 259 5157 ’
302 5164 445 5234 Φησὶ
470 5162 579 5231 γὰρ
604 5161 662 5213 ὲν
686 5160 865 5221 αὐτοῖς
895 5158 1005 5219 τοῖς
1030 5151 1402 5224 προκειμένοις
1431 5147 1635 5210 τούτοις
1665 5148 1794 5217 ἡμῖν

232 5260 311 5321 είς
338 5256 603 5325 ἐξέτασιν,
627 5251 823 5305 οὑτωσὶ
840 5252 948 5312 τοῖς
981 5248 1182 5320 ῥήμασι
1206 5244 1399 5312 λέγωνε
1430 5240 1567 5308 Περὶ
1594 5240 1699 5294 τοῦ
1727 5240 1798 5292 ἐν

234 5345 391 5416 ἀρχῇ
434 5345 608 5411 ὄντος
648 5341 745 5397 καὶ
798 5338 943 5394 Θεοῦ
986 5338 1157 5402 ὄντος
1176 5376 1191 5401 ,
1225 5337 1257 5388 ό
1283 5330 1571 5402 μακάριος
1597 5327 1795 5383 διαλέ-

236 5456 396 5503 γεται
439 5436 680 5503 Πέτρος,
712 5432 810 5487 καὶ
861 5429 1074 5484 τοῦτον
1121 5423 1458 5480 ἐκδιδάσκει
1494 5419 1797 5490 γεγονέναι

239 5530 460 5599 Κύριον
488 5528 584 5581 καὶ
616 5524 891 5593 Χριστόν.
926 5519 1133 5574 Ούκοῦν
1160 5518 1249 5569 τὸν
1268 5515 1392 5568 ὅντα
1418 5514 1513 5566 ὅτί
1546 5530 1673 5565 ποτε
1703 5514 1798 5567 καὶ

238 5620 324 5693 ἦν,
351 5620 582 5693 Χριστὸν
611 5617 887 5686 γεγονέναι
914 5615 1006 5666 καὶ
1041 5610 1242 5681 Κύριον
1269 5610 1297 5661 ὁ
1333 5606 1593 5675 Εύνόμιος
1624 5604 1792 5672 λέγει,

239 5712 323 5768 οἷα
347 5715 412 5784 δὴ
435 5712 529 5765 καὶ
555 5711 680 5781 περὶ
711 5706 805 5761 τοῦ
832 5705 992 5759 Δαόὶδ
1012 5702 1215 5772 ἱστορία
1242 5699 1436 5769 φησὶν,
1464 5697 1546 5749 ὅτι
1576 5696 1700 5759 Υἱὸς
1725 5696 1799 5750 ὢν

238 5808 327 5873 ⁸έοῦ
344 5806 558 5872 Ἰεσσαὶ,
586 5802 677 5858 καὶ
698 5800 804 5857 τῶν
835 5798 1095 5872 ποιμνίων
1126 5792 1449 5858 ἐπιστατῶν,
1471 5791 1548 5855 εἰς
1580 5786 1800 5858 βασιλέα

1900 4610 1954 4656 et
1983 4602 2305 4656 temerarius
2340 4602 2583 4656 veritatis
2616 4613 2976 4672 oppugnator,
3007 4605 3137 4674 quin
3168 4605 3314 4659 dicat
3335 4622 3457 4661 ver-

1899 4691 2025 4745 hum
2048 4692 2167 4760 fecit
2188 4692 2255 4746 ad
2277 4692 2551 4747 Christum
2575 4700 2628 4747 et
2654 4692 2938 4747 Dominum
2966 4696 3454 4764 respicerezipsum

1898 4782 2040 4837 enim
2078 4799 2200 4837 cum
2235 4792 2401 4846 esset,
2437 4783 2583 4853 quod
2614 4784 2831 4854 quidem
2870 4785 2982 4855 jam
3011 4795 3148 4847 erat,
3180 4787 3456 4839 Christum

1898 4884 1951 4927 et
2004 4873 2287 4929 Dominum
2329 4874 2529 4929 factum
2579 4891 2703 4931 esse
2754 4892 2784 4929 a
2838 4875 2948 4932 Deo
3000 4877 3191 4931 Petrus
3240 4878 3452 4932 asserit.

1901 4962 2017 5019 Non
2062 4982 2214 5022 meus
2260 4975 2344 5023 est
2386 4982 2585 5033 sermo,
2642 4967 2737 5023 sed
2769 4968 2889 5038 ejus
2919 4968 3009 5038 qui
3055 4983 3154 5023 nos
3182 4975 3458 5039 oppugnat

1898 5060 2161 5137 pratione.

1966 5155 2057 5208 Ait
2076 5154 2217 5209 enim
2251 5154 2302 5208 in
2330 5154 2418 5209 his
2457 5154 2590 5224 ipsis
2624 5170 2743 5225 qua:
2763 5150 3117 5208 examinanda
3145 5150 3301 5207 nobis
3332 5166 3457 5221 pro-

1896 5246 2196 5316 posuimus,
2223 5247 2301 5301 sic
2333 5247 2513 5301 verbis
2546 5246 2762 5301 dicens:
2804 5245 2880 5299 De
2910 5259 2969 5298 eo
2998 5243 3087 5313 qui
3111 5242 3165 5295 in
3200 5243 3455 5312 principio

1895 5349 2009 5394 erat
2042 5339 2200 5401 Deus,
2233 5338 2412 5392 beatus
2450 5338 2661 5393 disserit
2696 5337 2903 5402 Petrus,
2947 5345 2996 5390 et
3023 5321 3157 5388 hunc
3195 5334 3340 5387 docet
3368 5337 3455 5403 [a-

1898 5439 2038 5483 ctum
2093 5446 2204 5483 esse
2251 5429 2533 5482 Dominum
2569 5439 2617 5482 et
2651 5426 2937 5483 Christum.
2979 5426 3116 5495 Ergo
3165 5441 3286 5479 eum
3330 5439 3453 5479 cum

1895 5529 2042 5577 esset
2074 5520 2216 5591 quod
2262 5521 2532 5591 quondam
2564 5520 2724 5573 etiam
2757 5526 2896 5584 erat,
2946 5518 3220 5572 Christum
3252 5516 3451 5569 factum

1895 5629 2018 5669 esse
2047 5622 2101 5667 et
2124 5612 2434 5675 Dominum,
2471 5612 2546 5664 ait
2567 5610 2886 5671 Eunomius,
2914 5608 3093 5679 qualia
3115 5614 3262 5663 certe
3289 5607 3452 5661 etiam

1895 5706 1961 5760 de
1984 5704 2147 5759 David
2183 5704 2406 5758 historia
2426 5703 2586 5757 dicit:
2633 5704 2769 5772 quod
2794 5702 2937 5756 lihus
2955 5716 3077 5755 cum
3099 5712 3245 5756 esset
3260 5697 3451 5760 Iessze,

1898 5806 1950 5851 ct
1991 5794 2242 5867 gregibus
2292 5792 2595 5864 praefectus,
2634 5794 2686 5849 iu
2716 5809 2895 5866 regem
2945 5800 3138 5847 unctus
3167 5790 3304 5847 fuit:
3346 5805 3452 5845 non
