3922 6512
363 368 469 429 735

1578 368 1635 423 S.
1687 362 2015 422 GREGORII
2051 362 2345 419 NYSSENI

3488 362 3592 416 736

364 490 507 561 quod
540 486 720 542 unctio
761 494 891 541 tunc
921 484 1153 556 primum
1196 484 1373 555 ipsum
1404 485 1678 541 hominem
1712 484 1923 548 fecerit,

2036 483 2271 555 ἐχρίσθηθ
2314 484 2413 538 οὑκ
2446 484 2727 555 ἄνθρωπον
2770 482 2928 535 αὑτὸν
2994 478 3291 551 τηνικαῦτα
3334 478 3595 561 ποιούσης

364 582 462 638 sed
504 595 624 635 cum
665 585 809 635 esset
840 577 983 648 quod
1019 577 1238 646 quidem
1271 587 1388 632 erat
1433 580 1732 633 secundum
1775 592 1928 632 suam

365 681 635 734 naturam,
670 686 736 726 ex
763 672 976 741 privato
1010 671 1062 724 in
1103 685 1281 739 regem
1314 672 1621 725 mutaverit.
1658 669 1796 735 Quid
1830 669 1931 739 igi-

364 761 489 817 tur?
534 761 777 829 magisne
816 775 910 829 per
943 760 1056 814 hmo
1098 758 1218 813 Filii
1248 760 1540 814 essentiam
1583 758 1779 812 factam
1808 772 1932 812 esse

364 852 731 923 praestruitur,
780 851 846 916 si,
892 849 1345 920 quemadmodum
1395 850 1469 903 ait
1516 848 1837 911 Eunomius,
1874 848 1928 901 in

366 943 635 1014 principio
661 942 837 1012 ipsum
869 943 962 1010 qui
994 950 1129 999 erat.
1148 949 1200 996 et
1226 940 1369 997 Deus
1397 949 1534 1005 erat,
1564 948 1618 996 et
1645 940 1931 994 Dominum

365 1042 419 1087 et
439 1032 717 1087 Christum
750 1030 893 1086 Deus
928 1031 1089 1086 fecit?
1116 1031 1421 1085 Dominatio
1443 1032 1587 1086 enim
1618 1047 1725 1086 non
1753 1047 1933 1087 essen-

367 1125 458 1181 tize
484 1140 683 1180 nomen
725 1124 818 1179 sed
862 1124 1146 1193 potestatis
1175 1134 1281 1189 est,
1328 1131 1381 1178 et
1410 1123 1611 1180 Christi
1646 1124 1933 1194 appellatio

366 1233 598 1289 regnum
643 1216 903 1278 ostendit,
948 1216 1087 1270 alius
1115 1223 1294 1270 autem
1338 1215 1512 1285 regni,
1552 1216 1690 1271 alius
1727 1225 1934 1271 naturae

367 1326 569 1365 sermo.
627 1307 1017 1362 Verumtamen
1074 1308 1189 1363 hzec
1237 1308 1381 1363 circa
1424 1307 1620 1362 Filium
1666 1308 1761 1364 Dei
1792 1309 1931 1365 facta

366 1419 490 1457 esse
537 1402 612 1455 ait
633 1401 935 1470 Scriptura.
954 1400 1380 1456 Consideremus
1408 1400 1571 1471 igitur
1592 1402 1734 1471 quod
1763 1401 1934 1471 magis

366 1495 512 1564 pium
540 1500 1149 1548 estetconsentaneum.
1176 1491 1476 1558 Quemnam
1507 1508 1605 1563 per
1630 1491 1931 1563 profectum

365 1585 601 1654 alicujus
629 1586 891 1639 bonorum
921 1585 1283 1639 excelsiorum
1317 1584 1637 1654 participem
1683 1584 1799 1639 ﬁeri
1850 1584 1933 1639 fas

364 1684 452 1730 est
492 1685 546 1733 et
577 1676 724 1745 pium
777 1675 979 1740 dicere,
1025 1673 1191 1728 Deum
1245 1689 1314 1728 an
1348 1674 1664 1728 hominem?
1697 1673 1830 1740 Quis
1860 1674 1933 1728 ita

366 1776 548 1823 mente
569 1782 725 1838 puer,
756 1766 848 1837 qui
874 1774 1025 1833 putet
1045 1764 1212 1820 Deum
1243 1765 1553 1821 accessione
1568 1774 1619 1821 et
1647 1774 1934 1834 augmento

367 1860 437 1915 ad
463 1859 761 1929 perfectum
802 1858 969 1913 ferri?
1003 1857 1078 1911 De
1111 1858 1345 1911 humana
1388 1866 1566 1911 autem
1601 1865 1794 1911 natura
1827 1857 1933 1912 tale

367 1952 610 2022 cogitare
636 1966 743 2005 non
773 1956 856 2006 est
888 1949 1318 2013 dissentaneum,
1356 1948 1792 2019 quandoquidem
1833 1962 1932 2002 vox

367 2045 675 2115 evangelica
763 2042 1057 2097 manifesto
1159 2042 1460 2097 secundum
1542 2040 1930 2096 humanitatem

368 2136 597 2191 Domino
645 2134 895 2189 attribuit
946 2134 1362 2189 incrementum.
1419 2132 1577 2187 Iesus
1621 2132 1785 2196 enim,
1836 2132 1929 2194 ait,

366 2227 673 2298 proﬁciebat
725 2234 908 2287 (etate,
962 2232 1011 2277 et
1065 2223 1345 2292 sapientia,
1393 2230 1443 2277 et
1479 2221 1651 2292 gratia
1673 2220 1738 2275 ”.
1792 2220 1932 2285 Quid

366 2320 532 2390 igitur
582 2318 753 2387 magis
806 2324 1226 2371 consentaneum
1275 2323 1360 2369 est
1410 2330 1474 2369 ex
1526 2312 1753 2383 apostoli
1804 2326 1933 2366 voce

369 2426 672 2481 supponere
696 2409 862 2464 Deum
891 2409 983 2478 qui
1006 2419 1122 2463 erat
1144 2409 1200 2461 in
1228 2407 1493 2477 principio
1523 2422 1589 2460 ex
1614 2404 1932 2459 accessione

368 2515 422 2559 et
456 2501 698 2573 profectu
729 2499 1016 2553 Dominum
1062 2498 1263 2553 factum
1291 2513 1433 2562 esse,
1457 2512 1623 2566 quam
1658 2495 1801 2566 quod
1830 2496 1932 2550 hu-

369 2594 496 2649 mile
532 2602 615 2648 est
650 2574 896 2645 humanae
924 2599 1131 2643 natura:
1183 2604 1248 2643 ex
1276 2588 1657 2643 communione
1694 2602 1815 2641 cum
1850 2587 1934 2642 di-

368 2684 594 2740 vinitate
617 2681 683 2735 ad
715 2680 995 2751 dignitatis
1034 2677 1415 2734 celsitudinem
1443 2679 1691 2733 assumi?
1721 2677 1931 2732 Etenim

368 2775 536 2829 David
583 2772 841 2843 propheta
901 2787 969 2826 ex
1023 2784 1255 2839 persona
1315 2766 1526 2821 Domini
1565 2768 1783 2837 inquit:
1822 2767 1931 2837 Ego

369 2868 685 2923 constitutus
720 2882 833 2920 sum
872 2879 965 2918 rex
991 2862 1054 2916 ab
1076 2879 1135 2915 eo
1168 2861 1233 2913 “.
1280 2858 1507 2915 Perinde
1538 2876 1600 2915 ac
1629 2860 1677 2914 si
1706 2859 1929 2923 diceret,

367 2958 621 3013 Christus
649 2956 824 3011 factus
852 2968 995 3009 sum.
1049 2952 1115 3003 Et
1144 2964 1357 3014 rursus,
1414 2958 1672 3019 tanquam
1709 2964 1776 3004 ex
1812 2964 1934 3019 per-

369 3065 503 3105 sona
528 3046 706 3102 Patris
737 3046 804 3101 ad
837 3043 1031 3099 Filium
1058 3060 1071 3096 :
1096 3042 1385 3096 Dominare
1416 3043 1466 3095 in
1493 3041 1662 3096 medio
1692 3042 1933 3097 inimico-

2027 578 2125 647 τῆς
2159 577 2387 647 κρίσεως
2407 614 2423 640 ,
2455 575 2569 629 ἀλλ’
2607 575 2735 627 ὄντα
2777 573 2918 627 κατὰ
2946 572 3042 643 τὴν
3075 571 3235 626 αὑτοῦ
3272 570 3428 641 φύσιν
3455 571 3594 640 ὅπερ

2029 666 2355 737 ἐτύγχανεν,
2382 666 2440 732 ἐξ
2490 665 2695 722 ἰδιώτου
2740 664 2875 736 πρὸς
2918 663 3137 734 βασιλέα
3192 662 3591 733 μετατιθείσης.

2029 761 2094 814 Τί
2126 757 2216 814 οὖν
2263 760 2460 831 μᾶλλον
2490 759 2577 813 διὰ
2604 758 2805 814 τούτων
2840 757 2902 813 τὸ
2946 757 3272 828 πεποιῆσθαι
3318 756 3411 810 τοῦ
3456 754 3593 809 Υίοῦ

2028 852 2126 921 τὴν
2154 851 2339 904 οὐσίαν
2382 849 2881 913 κατασκευάζεται,
2918 849 2987 912 εἰ,
3027 847 3204 912 καθώς
3239 863 3401 919 φησιν
3424 846 3453 898 ὁ
3484 846 3593 898 Εὑ-

2028 944 2233 1015 νόμιος,
2265 945 2322 997 ἐν
2348 945 2487 1015 ἀρχῇ
2519 943 2679 998 αὑτὸν
2711 944 2858 1006 ὄντα,
2895 941 2986 995 καὶ
3014 940 3145 993 Θεὸν
3176 940 3333 1007 ὄντα,
3358 940 3453 994 καὶ
3482 937 3595 992 K6—

2031 1053 2145 1107 ριον
2163 1077 2175 1097 ,
2210 1036 2301 1090 xai
2328 1034 2556 1107 Χριστὸν
2576 1039 2604 1090 ὁ
2625 1035 2754 1098 Θεὸς
2792 1035 3072 1104 ἐποίησεν;
3107 1032 3171 1086 Ἥ
3196 1032 3304 1103 γὰρ
3335 1031 3595 1102 κυριότης

2028 1128 2153 1198 οὐχὶ
2199 1127 2383 1190 οὐσίας
2429 1128 2619 1198 ὄνομα,
2676 1126 2789 1180 ἀλλ’
2842 1126 3085 1193 ἐξουσίας
3112 1124 3259 1189 ἐστὶ,
3292 1124 3385 1178 καὶ
3416 1125 3451 1193 ἡ
3496 1122 3593 1176 τοῦ
3620 1155 3682 1168 οη

2030 1220 2264 1295 Χριστοῦ
2292 1222 2626 1291 προσηγορία
2646 1220 2742 1291 τὴν
2764 1220 3036 1291 βασιλείαν
3060 1218 3409 1282 ἐνδείκνυται,
3434 1217 3595 1282 ἄλλος

2029 1315 2087 1369 δὲ
2119 1314 2219 1383 τῆς
2253 1313 2555 1383 βασιλείας,
2601 1312 2693 1366 καὶ
2732 1312 2915 1384 ἓτερος
2962 1313 2990 1364 ὁ
3026 1310 3128 1380 τῆς
3160 1309 3371 1379 φύσεως
3410 1308 3590 1375 λόγος.

2042 1407 2203 1461 Ἀλλά
2233 1405 2337 1477 μὴν
2370 1404 2543 1458 ταῦτα
2570 1406 2696 1475 περ)⁵
2720 1405 2810 1457 τὸν
2836 1405 2962 1457 Υίὸν
2984 1403 3078 1477 τοῦ
3110 1400 3244 1455 Θεοῦ
3269 1400 3593 1471 γεγενῆσθαί

2031 1514 2194 1567 φησιν
2238 1476 2278 1567 δή
2322 1497 2532 1566 Γραφή.
2580 1495 2785 1549 Οὐκοῦν
2832 1476 3252 1565 ἐπισκεψώμεθα
3297 1493 3358 1545 τὸ
3392 1490 3593 1563 μᾶλλον

2030 1589 2251 1653 εὐσεϐὲς
2290 1590 2383 1642 καὶ
2422 1589 2729 1643 ἀκόλουθον.
2779 1589 2911 1641 Τίνα
2957 1587 3096 1641 κατὰ
3128 1584 3407 1659 προκοπὴν
3461 1601 3592 1656 μετ-

2032 1681 2174 1751 έχειν
2203 1682 2344 1742 τινὸς
2376 1682 2484 1735 τῶν
2514 1680 2853 1752 ὑψηλοτέρων
2886 1678 3075 1747 εὑαγές
3120 1680 3234 1731 ἔστι
3265 1677 3477 1745 λέγειν;
3500 1674 3593 1728 τὸν

2025 1773 2183 1834 Θεὸν,
2216 1772 2249 1841 ἢ
2279 1773 2370 1825 τὸν
2406 1772 2720 1842 ἄνθρωπον;
2755 1770 2849 1833 Τίς
2880 1769 3020 1823 οὕτω
3048 1771 3173 1831 παῖς
3206 1771 3305 1838 τὴν
3334 1767 3589 1830 διάνοιαν,

2033 1867 2109 1929 ὡς
2155 1864 2360 1920 οἴεσθαι
2410 1864 2470 1917 τὸ
2512 1856 2666 1917 Θεῖον
2712 1865 2777 1917 ὲκ
2821 1862 3133 1932 προσθήκης
3166 1860 3257 1912 ἐπὶ
3301 1859 3360 1911 τὸ
3390 1857 3591 1912 τέλειον

2034 1957 2323 2026 φέρεσθαι;
2353 1954 2487 2025 Περὶ⁵
2514 1953 2570 2008 δὲ
2597 1954 2695 2023 τῆς
2722 1952 3067 2022 ἀνθρωπίνης
3094 1951 3303 2017 φύσεως
3332 1949 3391 2002 τὸ
3419 1949 3595 2003 τοιοῦ-

2032 2065 2122 2101 τον
2159 2048 2434 2109 ὑπονοεῖν,
2478 2046 2577 2099 οὐκ
2623 2045 2727 2110 ἔξω
2755 2046 2848 2100 τοῦ
2894 2045 3097 2106 εἰκότος
3125 2044 3270 2108 ἐστὶ,
3305 2042 3489 2110 σαφῶς
3511 2040 3593 2111 τῷ

2032 2138 2222 2210 Κυρίῳ
2254 2139 2351 2209 τῆς
2375 2138 2468 2191 τοῦ
2517 2136 2846 2206 Εὑαγγελίου
2886 2139 3067 2206 φωνῆς
3092 2136 3189 2207 τὴν
3230 2134 3369 2186 κατὰ
3394 2134 3453 2186 τὸ
3494 2133 3592 2185 ἀν-

2033 2229 2299 2300 θρώπινον
2342 2228 2566 2299 αὔξησιν
2614 2226 3171 2299 προσμαρτυρούσης·
3218 2224 3443 2291 Ἰησοῦς
3484 2218 3605 2287 γὰρ·

2032 2320 2361 2388 προέκοπτε
2381 2362 2393 2383 ,
2423 2318 2606 2389 φησὶν,
2640 2319 2843 2386 ἡλικίᾳ
2883 2318 2981 2370 καί
3028 2317 3213 2387 σοφίᾳ
3256 2314 3352 2369 καὶ
3378 2313 3589 2384 χάριτι.

2032 2412 2099 2465 Τί
2128 2410 2709 2483 τοίνυνηεὺλογώτερόν
2745 2410 2891 2463 ὲστιν
2932 2412 2995 2463 ὲκ
3023 2409 3122 2479 τῆς
3171 2407 3264 2460 τοῦ
3300 2405 3591 2459 ἀποστόλου

2035 2502 2217 2571 φωνῆς
2248 2501 2629 2565 ὑποτίθεσθαι;
2663 2500 2753 2554 τὸν
2783 2501 2841 2554 ὲν
2871 2501 3011 2571 ἀρχῇ
3036 2500 3165 2552 ὂντα
3189 2497 3340 2559 Θεὸν,
3366 2498 3431 2548 ὲκ
3460 2512 3597 2565 προρ

2032 2595 2207 2664 κοπῆς
2237 2592 2439 2665 Κύριον
2464 2592 2733 2661 γενέσθαι,
2768 2591 2801 2663 ἢ
2833 2590 2892 2645 τὸ
2914 2589 3164 2643 ταπεινὸν
3193 2589 3286 2659 τῆς
3316 2586 3593 2659 ἀνθρωπί⁹

2031 2701 2129 2754 νης
2160 2682 2391 2751 φύσεως,
2426 2684 2489 2737 ὲκ
2525 2682 2624 2752 τῆς
2660 2681 2795 2752 πρὸς
2830 2681 2891 2735 τὸ
2917 2680 3067 2736 Θεῖον
3096 2678 3395 2745 κοινωνίας,
3430 2680 3508 2742 είς
3532 2679 3597 2731 τὸ

2034 2774 2162 2844 ὕψος,
2206 2775 2303 2844 τῆς
2347 2773 2503 2840 ἀξίας
2555 2773 3057 2843 ἀναλαμϐάνεσθαις
3091 2773 3200 2826 Καὶ
3239 2770 3347 2841 γὰρ
3383 2772 3413 2823 ὁ
3458 2787 3596 2840 προ-

2033 2870 2207 2939 φήτης
2246 2866 2410 2919 Δαϐὶδ
2449 2866 2524 2929 ὼς
2556 2869 2620 2919 ὲκ
2664 2864 2951 2937 προσώπου
2995 2864 3087 2918 τοῦ
3132 2865 3334 2934 Κυρίου
3394 2862 3593 2933 φησὶν,

2030 2961 2112 3013 ὅτι
2150 2957 2296 3029 Ἐγὼ
2321 2958 2389 3012 δὲ
2413 2958 2785 3025 κατεστάθην
2802 2956 3100 3023 ,βασιλεὺς
3121 2958 3221 3010 ὑπ’
3254 2955 3460 3011 αὐτοῦ·
3487 2973 3593 3007 πα-

2035 3050 2330 3124 ραπλήσιον
2370 3050 2542 3119 λέγων
2564 3050 2663 3120 τῷ,
2692 3050 2922 3121 Χριστὸς
2962 3050 3243 3121 ἐγενόμην.
3288 3048 3397 3102 Καὶ
3434 3047 3595 3102 πάλιν

367 3158 486 3194 rum
520 3151 731 3193 tuorum
758 3138 825 3192 ’⁷.
863 3135 1009 3191 Idem
1035 3149 1157 3188 cum
1209 3132 1369 3187 Petro
1397 3133 1605 3197 dicens,
1672 3132 1932 3188 Dominus

2036 3142 2111 3206 ὡς
2135 3143 2200 3195 ὲκ
2226 3140 2319 3194 τοῦ
2349 3140 2562 3212 Πατρὸς
2590 3140 2724 3213 πρὸς
2773 3140 2865 3193 τὸν
2911 3139 3141 3210 Κύριον,
3175 3137 3593 3205 Κατακυρίευε,

370 3233 468 3287 ﬁas
544 3230 885 3285 inimicorqu
962 3238 1199 3281 tuorum.
1260 3224 1721 3291 Quemadmodum
1772 3226 1936 3294 igitur

368 3323 522 3392 regni
556 3321 880 3377 constitutio
936 3334 1045 3373 non
1077 3318 1328 3373 essentia:
1365 3317 1636 3388 signiﬁcat
1683 3327 1938 3373 constru-

369 3415 625 3473 etionem.
664 3412 758 3468 sed
806 3412 874 3466 ad
916 3410 1235 3480 dignitatem
1285 3408 1712 3481 provectionem,
1751 3415 1806 3463 et
1843 3409 1935 3478 qui

365 3503 519 3573 jubet
552 3500 842 3565 dominari,
884 3515 995 3554 non
1026 3507 1157 3554 tunc
1190 3500 1328 3561 ﬁeri,
1362 3496 1506 3566 quod
1558 3512 1665 3551 non
1696 3508 1813 3551 erat
1847 3498 1936 3566 ju-

369 3593 483 3656 bet,
514 3591 607 3647 sed
637 3589 689 3645 ei
724 3590 817 3659 qui
847 3598 931 3645 est
960 3596 1149 3643 contra
1180 3589 1409 3644 rebelles
1456 3586 1552 3641 dat
1599 3587 1886 3657 imperium
1921 3605 1936 3642 :

372 3686 453 3741 sic
488 3684 680 3739 beatus
709 3681 901 3738 Petrus
922 3669 1222 3748 Christum,
1252 3682 1356 3735 hoc
1375 3686 1459 3735 est
1485 3694 1669 3750 regem
1697 3679 1937 3733 omnium

374 3778 580 3833 factum
612 3790 736 3831 esse
776 3789 900 3830 cum
922 3773 1080 3838 dicit,
1110 3773 1329 3843 adjecit,
1356 3773 1555 3841 ipsum,
1586 3780 1645 3825 ut
1670 3771 1737 3826 ab
1757 3786 1942 3827 essen-

372 3868 528 3934 tia,et
550 3866 635 3921 his
658 3879 779 3935 quae
811 3863 866 3918 in
889 3863 991 3918 hac
1023 3870 1341 3933 spectantur
1365 3869 1579 3931 separet
1610 3875 1937 3917 sermonem.

373 3974 496 4013 cum
522 3959 665 4013 enim
691 3965 835 4013 esset
867 3955 923 4011 id
980 3954 1125 4025 quod
1153 3964 1254 4017 est,
1286 3969 1408 4024 quae
1436 3954 1583 4009 dicta
1621 3961 1752 4009 sunt
1791 3953 1939 4009 fecit.

375 4050 431 4104 Si
472 4049 637 4121 igitur
672 4048 756 4104 fas
793 4054 938 4103 esset
971 4045 1025 4100 in
1075 4046 1511 4115 supereminente
1540 4054 1732 4099 natura
1762 4045 1944 4100 dicere

374 4140 580 4211 aliquid
612 4138 724 4195 ﬁeri
754 4154 849 4210 per
870 4136 1171 4208 profectum
1190 4146 1245 4192 et
1282 4145 1653 4207 augmentum,
1682 4138 1842 4207 quale
1874 4152 1938 4191 ex

375 4232 587 4303 privato
617 4246 820 4301 regem,
850 4245 918 4284 ex
956 4228 1144 4283 humili
1178 4229 1474 4290 excelsum,
1494 4233 1547 4280 et
1576 4244 1641 4281 ex
1664 4242 1821 4282 servo
1844 4227 1942 4281 do-

376 4321 582 4375 minum
614 4338 627 4373 :
670 4321 903 4373 fortasse
923 4319 1084 4373 etiam
1125 4332 1313 4372 vocem
1340 4314 1486 4371 Petri
1521 4316 1715 4371 divinae
1745 4317 1944 4386 Unige—

376 4411 476 4466 niti
512 4410 757 4465 essentia:
790 4410 1006 4465 deceret
1066 4408 1501 4463 accommodare.
1534 4406 1804 4473 Quoniam
1842 4424 1941 4462 au-

2034 3233 2217 3302 φησὶν,
2243 3231 2313 3284 ἐν
2337 3229 2500 3300 μέσῳ
2532 3229 2648 3283 τῶν
2677 3228 2905 3300 ἐχθρῶν
2929 3246 3044 3284 σου
3062 3246 3075 3260 ·
3109 3228 3300 3282 ταυτὸν
3330 3227 3500 3295 λέγων
3518 3225 3597 3296 τῷ

2033 3322 2246 3393 Πέτρῳ,
2271 3320 2350 3385 τὸ,
2369 3320 2570 3391 Κύριος
2591 3319 2736 3388 γίνου
2760 3320 2867 3372 τῶν
2890 3318 3097 3390 ἐχθρῶν
3119 3336 3233 3372 σου.
3264 3318 3472 3389 Ὠσπερ
3493 3318 3602 3370 τοί-

2033 3431 2126 3468 νυν
2157 3414 2190 3483 ἡ
2212 3412 2309 3482 τῆς
2333 3411 2604 3481 βασιλείας
2627 3410 2878 3480 σημαίνει
2900 3410 3251 3472 κατάστασις,
3274 3408 3332 3461 οὑ
3361 3407 3459 3480 τὴν
3495 3408 3596 3478 τῆς

2033 3506 2223 3568 οὐσίας
2244 3502 2605 3573 κατασκευὴν,
2635 3502 2769 3556 ἀλλά
2787 3503 2885 3574 τὴν
2912 3504 2991 3566 είς
3021 3501 3080 3555 τὸ
3108 3501 3322 3571 ἀξίωμα
3350 3500 3597 3569 πρόοδον,

2038 3598 2135 3650 καὶ
2159 3599 2187 3651 ό
2210 3594 2626 3666 κατακυριεύειν
2651 3594 3086 3664 ἐγκελευόμενος,
3115 3595 3175 3646 οὑ
3213 3593 3330 3647 τότε
3354 3594 3601 3663 γίνεσθαι

2036 3687 2097 3739 τὸ
2134 3687 2206 3757 μὴ
2230 3685 2289 3739 δν
2316 3684 2525 3740 κελεύει
2546 3723 2561 3748 ,
2589 3684 2724 3738 ἀλλά
2748 3683 2824 3755 τῷ
2844 3685 2956 3738 ὄντι
2986 3683 3167 3737 δίδωσι
3195 3683 3291 3754 τὴν
3322 3682 3463 3737 κατὰ
3490 3683 3601 3735 τῶν

2039 3775 2402 3831 ἀπειθούντων
2453 3776 2659 3847 ἀρχήν
2709 3774 2849 3829 οὕτω
2880 3778 2973 3830 καὶ
3008 3776 3037 3829 ὁ
3080 3775 3346 3846 μακάριος
3394 3777 3599 3846 Πέτρος

2039 3868 2296 3940 Χριστὸν,
2309 3866 2452 3921 τοῦτ’
2471 3868 2583 3921 ἔστι
2606 3867 2826 3938 βασιλέα
2842 3867 3055 3927 πάντων
3073 3866 3392 3937 γεγενῆσθαι
3407 3865 3598 3935 λέγων,

2039 3959 2343 4032 προσέθηκε
2384 3959 2466 4023 τὸ,
2494 3960 2652 4012 αὑτὸν
2671 4001 2686 4025 ,
2717 3960 2805 4014 ἵνα
2830 3959 3036 4030 χωρίσῃ
3070 3959 3169 4029 τῆς
3190 3975 3250 4011 τε
3282 3957 3465 4021 οὐσίας
3507 3960 3601 4011 καὶ

2037 4052 2149 4105 τῶν
2171 4052 2298 4122 περὶ
2327 4050 2528 4121 ταύτην
2568 4051 2951 4121 θεωρουμένων
2978 4050 3067 4104 τὸν
3090 4049 3263 4118 λόγον.
3302 4050 3465 4101 Ὄντα
3489 4048 3601 4117 γὰρ

2039 4141 2176 4212 ὅπερ
2204 4141 2338 4204 ἐστὶ,
2367 4141 2435 4194 τά
2467 4141 2731 4212 εἰρημένα
2769 4141 3042 4212 ἐποίησεν.
3071 4141 3137 4196 El
3167 4141 3265 4211 μὲν
3288 4136 3379 4193 οὑν
3406 4140 3602 4206 εὐαγὲς

2039 4230 2108 4307 ἦν
2140 4235 2232 4288 ἐπὶ
2275 4234 2374 4304 τῆς
2415 4233 2784 4305 ὑπερεχούσης
2811 4233 3022 4303 φύσεως
3058 4233 3119 4286 τὸ
3148 4232 3285 4286 κατὰ
3324 4232 3603 4303 προκοπήν

2039 4345 2092 4381 τι
2127 4325 2379 4395 γενέσθαι
2424 4325 2631 4393 λέγειν,
2664 4321 2775 4378 οἷον
2802 4325 2861 4389 eg
2891 4324 3095 4378 ἰδιώτου
3147 4323 3385 4394 βασιλέα,
3421 4324 3511 4377 καὶ
3538 4324 3601 4375 ἐκ

2041 4412 2297 4469 ταπεινοῦ
2336 4413 2569 4484 ὑψηλὸν,
2622 4414 2713 4468 καὶ
2761 4416 2824 4467 ὲκ
2868 4411 3053 4465 δούλου
3101 4412 3319 4484 κύριον,
3364 4411 3599 4482 ἔπρεπεν

377 4510 485 4555 tem
512 4500 691 4554 divina
710 4507 907 4553 natura
936 4497 1301 4568 quodcunque
1327 4512 1565 4567 unquam
1587 4512 1709 4553 esse
1738 4499 1936 4554 credita

2042 4506 2171 4570 ἴσως
2201 4506 2293 4560 καὶ
2320 4506 2420 4576 τὴν
2451 4503 2549 4558 τοῦ
2598 4505 2803 4573 Πέτρου
2843 4504 3025 4575 φωνὴν
3048 4506 3112 4574 τῇ
3145 4504 3263 4573 θείᾳ
3290 4502 3381 4555 τοῦ
3425 4504 3597 4556 Move-

377 4599 480 4653 est,
516 4604 730 4658 semper
781 4587 968 4642 eodem
1009 4589 1168 4642 modo
1197 4604 1255 4644 se
1289 4588 1472 4651 habet,
1529 4590 1675 4643 omni
1725 4590 1940 4659 quidem

382 4680 694 4735 accessione
744 4681 1013 4749 superior,
1071 4679 1467 4735 imminutionis
1522 4695 1654 4735 vero
1711 4696 1817 4734 non
1862 4691 1947 4735 est

380 4786 550 4841 capax
600 4785 825 4826 necesse
855 4770 1079 4826 omnino
1109 4778 1216 4833 est,
1268 4770 1333 4823 ad
1366 4770 1419 4825 id
1457 4771 1600 4840 quod
1648 4771 1942 4825 humanum

378 4871 482 4925 est,
534 4877 840 4918 sermonem
878 4874 1137 4917 revocare
1163 4876 1178 4926 ;
1210 4861 1302 4931 qui
1333 4862 1476 4916 enim
1506 4860 1648 4918 Deus
1679 4861 1940 4928 Verbum,

378 4954 522 5024 quod
568 4954 782 5022 quidem
834 4960 950 5009 erat
985 4953 1038 5006 in
1074 4952 1359 5022 principio,
1420 4952 1521 5008 hoc
1584 4954 1748 5008 etiam
1798 4968 1944 5009 nunc

378 5056 479 5109 est,
505 5054 558 5100 ct
582 5046 637 5099 in
685 5056 944 5100 aeternum
992 5056 1287 5115 permanet.
1325 5046 1551 5115 Semper
1574 5044 1707 5108 Rex,
1733 5062 1947 5117 semper

378 5137 660 5197 Dominus.
680 5135 990 5191 Altissimus
1032 5152 1245 5207 semper
1279 5146 1332 5190 et
1386 5134 1549 5199 Deus,
1585 5136 1720 5190 nihil
1750 5137 1942 5191 horum

378 5245 443 5284 ex
477 5227 719 5299 profectu
754 5227 953 5291 factus,
981 5228 1076 5284 sed
1107 5229 1290 5283 omnia
1313 5228 1405 5297 qui
1432 5234 1516 5282 est
1546 5229 1599 5281 in
1629 5231 1863 5297 potentia
1894 5238 1949 5285 et

377 5322 576 5376 virtute
604 5330 827 5384 naturae,
855 5334 1190 5390 quaecunque
1212 5321 1375 5375 etiam
1401 5319 1676 5374 dicuntur.
1704 5318 1947 5373 Humana

376 5429 506 5467 vero
556 5421 769 5474 natura,
828 5429 925 5483 per
988 5414 1415 5483 assumptionem
1476 5413 1541 5466 ad
1609 5412 1943 5467 divinitatem

378 5506 633 5567 exattata,
667 5504 811 5558 aliud
843 5505 971 5574 quid
1006 5520 1130 5558 cum
1171 5514 1337 5568 esset,
1371 5513 1424 5559 et
1448 5503 1593 5557 aliud
1624 5502 1750 5573 quid
1780 5503 1943 5565 facta,

380 5596 596 5667 proprie
624 5605 674 5651 et
702 5613 827 5653 vere
844 5597 1099 5653 Christus
1115 5604 1169 5652 et
1200 5596 1462 5652 Dominus
1492 5595 1631 5648 facta
1661 5609 1781 5649 esse
1808 5592 1946 5647 dici~

454 5776 500 5808 "
527 5775 657 5832 Luc.
699 5793 757 5843 It,
788 5778 875 5833 52.
953 5778 998 5811 ⁸⁸
1028 5776 1170 5832 Psal.
1208 5791 1269 5841 ll,
1302 5775 1355 5831 0.
1440 5776 1483 5805 ’⁷
1519 5773 1658 5829 Psal.
1688 5789 1799 5841 cn,
1840 5773 1891 5827 2.

2045 4594 2233 4664 γενοῦς
2264 4593 2590 4665 ἐφαρμόζειν
2607 4593 2783 4663 οὐσία.
2814 4593 2963 4645 Ἐπεὶ
2987 4594 3041 4647 δὲ
3063 4593 3122 4645 τὸ
3148 4593 3299 4646 Θεῖον
3330 4593 3361 4645 ὃ
3382 4591 3433 4645 τί
3471 4608 3599 4644 ποτε

2046 4684 2183 4741 εἶναι
2206 4686 2578 4748 πεπίστευται,
2608 4684 2835 4738 πάντοτε
2861 4682 3119 4747 ὡσαύτως
3148 4680 3602 4752 ἕχει,προσθήκης

2050 4776 2147 4846 μὲν
2197 4776 2375 4845 πάσης
2427 4773 2728 4843 ἀνώτερον,
2783 4772 3056 4843 μειώσεως
3108 4771 3165 4825 δὲ
3227 4770 3598 4835 ἀνεπίδεκτον,

2046 4866 2255 4936 ἀνάγκη
2287 4867 2436 4919 πᾶσα
2465 4864 2600 4935 πρὸς
2641 4865 2700 4917 τὸ
2744 4864 3078 4934 ἀνθρώπινον
3110 4863 3260 4932 ἄγειν
3286 4864 3376 4917 τὸν
3424 4864 3601 4933 λόγον.

2058 4956 2115 5009 Ὀ
2141 4955 2247 5025 γὰρ
2270 4954 2398 5016 Θεὸς
2428 4954 2626 5021 Λόγος,
2653 4955 2789 5025 ὅπερ
2809 4955 2868 5007 ὲν
2895 4954 3035 5025 ἀρχῇ
3079 4948 3168 5024 ἦν,
3197 4952 3355 5006 τοῦτο
3384 4954 3478 5007 καὶ
3509 4953 3606 5007 νῦν

2046 5046 2180 5107 ἐστι,
2212 5047 2304 5098 καὶ
2335 5048 2505 5099 είσαεὶ
2528 5045 2787 5116 διαμένει.
2828 5047 2936 5099 ’Δεὶ
2963 5046 3228 5115 βασιλεὺς,
3267 5045 3350 5099 ἀεὶ
3380 5044 3600 5116 Κύριος,

2049 5136 2307 5206 ’Ὑψιστος
2334 5137 2419 5189 ἀεὶ
2448 5136 2541 5190 καὶ
2568 5136 2718 5199 Θεὸς,
2745 5136 2895 5189 οὐδὲν
2917 5137 3119 5189 τούτων
3144 5138 3207 5191 ὲκ
3223 5138 3499 5207 προκοπῆς
3515 5151 3605 5203 γε-

2048 5229 2289 5299 νόμενος.
2328 5230 2460 5282 ἀλλά
2489 5228 2665 5282 πάντα
2700 5229 2774 5282 ὢν
2799 5231 2857 5282 ὲν
2880 5231 2944 5300 τῇ
2976 5229 3199 5299 δυνάμει
3238 5228 3335 5296 τῆς
3368 5226 3602 5295 φύσεως,

2048 5321 2149 5373 ὅσα
2180 5322 2273 5374 καὶ
2301 5320 2536 5387 λέγεται.
2578 5321 2638 5374 '0
2675 5321 2728 5374 δὲ
2760 5321 2816 5387 ἐξ
2853 5320 3136 5392 ἀνθρώπου
3166 5320 3252 5374 διὸ.
3281 5320 3377 5388 τῆς
3409 5317 3606 5388 ἀναλή-

2048 5410 2194 5481 ψεως
2222 5412 2356 5482 πρὸς
2374 5411 2434 5463 τὸ
2458 5412 2609 5465 Θεῖον
2632 5412 2883 5481 ὑψωθεὶς,
2905 5412 3031 5467 ἄλλο
3053 5430 3104 5464 τι
3131 5410 3225 5476 ὢν,
3256 5411 3348 5463 καί
3377 5408 3500 5463 ἄλλο
3520 5425 3604 5476 γι-

2051 5505 2313 5577 νόμενος.
2366 5506 2567 5577 κυρίως
2616 5509 2711 5561 και
2752 5507 2963 5577 ἀληθῶς
3004 5506 3235 5579 Χριστὸς
3273 5505 3367 5559 καὶ
3406 5502 3605 5570 Κύριος

2056 5598 2381 5667 γεγενῆσθαι
2412 5598 2647 5667 λέγεται.
2697 5599 2787 5653 Ἐκ
2818 5599 2999 5652 δούλου
3049 5598 3154 5669 γὰρ
3181 5595 3341 5651 αὑτὸν
3382 5593 3608 5663 Κύριον,
