3922 6436
413 274 516 329 159
1636 270 1693 326 S.
1729 270 2056 329 GltEGOlill
2098 273 2186 327 ΝΥ
2197 273 2391 330 SSENI
3532 278 3639 336 7i0

2158 397 2307 450 Ἐπεὶ
2339 397 2394 450 δέ
2428 415 2559 470 φησι
2597 398 2694 468 τὴν
2756 399 2965 466 Κύριος
2994 397 3134 462 λέξιν
3189 398 3287 468 τῆς
3317 399 3503 463 οὐσίας
3539 399 3636 455 τοῦ

2074 489 2437 557 Μονογενοῦς,
2492 491 2554 544 οὐ
2581 490 2679 560 τῆς
2721 489 2875 554 ἀξίας
2904 489 3354 561 κατηγορεῖσθαιο
3404 493 3498 545 καὶ
3543 491 3637 545 τὸν

2086 578 2400 632 Ἀπόστολον
2418 579 2626 644 τούτοις
2653 582 3074 653 ἐπιμαρτύρεται
3100 581 3321 650 λέγοντα
3355 589 3490 656 πρὸς
3525 587 3637 639 Κο-

2074 667 2326 739 ρινθίους·
2368 671 2430 723 '0
2459 669 2527 724 δὲ
2544 672 2778 739 Κύριος,
2802 672 2867 724 τὸ
2898 672 3136 742 Πνεῦμά
3160 674 3358 728 ἐστιν’
3385 675 3638 746 εὔκαιρον

2073 756 2139 808 ἂν
2195 757 2278 827 εἴη
2334 757 2468 830 μηδὲ
2514 758 2716 830 ταύτην
2773 758 2936 813 αὐτοῦ
2989 760 3087 830 τὴν
3140 760 3342 831 πλάνην
3377 755 3638 832 περιιδεῖν

2072 845 2414 919 ἀδιόρθωτον.
2434 848 2543 920 Τὴν
2563 850 2774 918 Κύριος
2795 847 2936 914 λέξιν
2958 850 3054 920 τῆς
3077 850 3262 914 οὐσίας
3279 847 3415 904 εἶναι
3433 868 3638 922 σημαν-

2068 936 2223 1008 τικὴν
2245 937 2568 1008 διορίζεται,
2612 940 2704 992 καὶ
2736 940 2816 1002 είς
2866 939 3135 1007 ἀπόδειξιν
3175 940 3276 1010 τῆς
3313 940 3636 1013 ὑπολήψεως

2069 1027 2270 1098 ταύτης
2299 1029 2490 1096 ἐπάγει
2517 1030 2606 1082 τὸν
2639 1028 2872 1100 ρηθέντα
2895 1029 3071 1099 λόγον.
3106 1030 3330 1100 Ἰδωμεν
3367 1032 3546 1084 τοίνυν
3581 1033 3636 1086 si

2067 1137 2120 1174 τι
2142 1122 2317 1175 κοινὸν
2349 1123 2506 1175 τοῦτο
2534 1124 2888 1193 προκείμενον
2917 1122 3048 1192 ἔχει.
3100 1122 3162 1176 '0
3190 1125 3399 1192 Κύριος
3419 1164 3434 1188 ,
3463 1124 3631 1195 φησὶ,

2067 1211 2133 1264 τὸ
2163 1212 2402 1282 Πνεῦμά
2418 1213 2605 1267 ἐστιν.
2651 1214 2708 1267 Ὀ
2733 1214 2790 1266 δὲ
2819 1213 2917 1285 τὴν
2943 1213 3162 1285 Γραφὴν
3193 1215 3325 1285 πρὸς
3352 1214 3412 1268 τὸ
3441 1215 3632 1269 δοκοῦν

2068 1305 2454 1376 ἐξηγούμενος,
2496 1308 2680 1361 οὐσίαν
2727 1305 2978 1379 ὀνομάζει
3017 1309 3115 1379 τὴν
3187 1309 3499 1379 κυριότητα,
3536 1309 3633 1362 καὶ

2067 1397 2155 1450 διὰ
2198 1398 2305 1450 τῶν
2346 1400 2644 1470 εἰρημένων
2701 1399 2868 1453 οἴεται
2907 1400 2997 1453 τὸν
3051 1399 3206 1466 λόγον
3238 1404 3317 1464 είς
3357 1400 3630 1465 ἀπόδειξιν

2068 1486 2236 1555 ἄγειν.
2283 1487 2421 1540 Ἀλλ’
2465 1489 2511 1540 εί
2554 1489 2651 1559 μὲν
2689 1491 2870 1560 εἴρητο
2901 1491 3050 1562 παρὰ
3082 1490 3174 1544 τοῦ
3217 1491 3444 1553 Παύλου,
3480 1491 3538 1544 Ὀ
3569 1491 3628 1544 δὲ

481 393 745 462 Quoniam
784 399 961 447 autem
989 391 1064 444 ait
1108 388 1424 453 Eunomius,
1460 405 1655 448 nomen
1709 394 1832 457 hoc,
1867 394 1974 448 Do-
2004 405 2050 456 Α

411 493 613 551 minus,
666 484 733 541 de
789 483 1022 540 essentia
1083 479 1379 552 Unigeniti,
1440 499 1546 539 non
1605 485 1670 540 de
1717 486 1975 556 dignitate

408 574 717 639 enuntiari,
777 584 939 642 atque
989 570 1308 640 Apostolum
1343 572 1409 625 ad
1442 574 1553 627 haec
1605 583 1798 628 testem
1846 575 1976 629 citat

406 675 676 730 dicentem
725 672 791 725 ad
826 670 1136 725 Corinthios
1169 688 1182 724 :
1236 668 1492 722 Dominus
1539 680 1715 724 autem
1742 669 1973 738 Spiritus

407 776 483 821 est
523 767 565 830 ί,
597 773 961 834 opportunum
990 761 1208 829 quidem
1263 759 1442 823 fuerit,
1472 775 1646 829 neque
1679 761 1822 814 hunc
1854 761 1973 829 ejus

405 870 645 912 errorem
675 855 1036 908 incorrectum
1065 851 1360 920 despicere.
1392 851 1686 906 Dictionem
1713 851 1972 906 Dominus

405 946 658 1002 essentia:
673 942 1086 1013 signiﬁcativam
1111 943 1326 1006 asserit,
1351 950 1403 996 et
1422 942 1488 996 ad
1516 942 1679 1012 hujus
1699 944 1972 1014 opinionis

405 1033 944 1095 demonstrationem,
1011 1032 1214 1086 dictum
1253 1046 1556 1085 sermonem
1617 1032 1855 1088 adducit.
1891 1033 1974 1086 Vi-

404 1127 630 1181 deamus
661 1125 826 1194 igitur
861 1123 907 1178 si
963 1121 1093 1192 quid
1147 1136 1434 1175 commune
1472 1121 1633 1177 habet
1686 1123 1789 1177 hoc
1825 1123 1970 1193 quod

404 1210 742 1281 proponitur.
776 1209 1053 1271 Dominus,
1081 1207 1275 1277 inquit,
1320 1207 1549 1276 Spiritus
1583 1202 1809 1265 est.'Hic
1841 1227 1971 1268 vero

406 1301 741 1371 Scripturam
772 1314 868 1369 pro
902 1314 1002 1353 suo
1053 1297 1281 1351 arbitrio
1325 1313 1620 1368 exponens,
1673 1303 1967 1356 essentiam

403 1393 645 1446 nominat
674 1393 1132 1457 dominationem;
1173 1401 1227 1446 et
1283 1409 1346 1447 ex
1389 1393 1456 1448 iis
1480 1408 1599 1461 qua:
1645 1393 1787 1447 dicta
1818 1402 1965 1458 sunt,

401 1490 555 1553 putat
587 1482 651 1536 ad
683 1483 1049 1552 probationem
1081 1491 1283 1537 certam
1303 1484 1446 1538 hunc
1469 1498 1773 1538 sermonem
1800 1484 1969 1539 addu-

400 1591 543 1632 cere.
573 1572 676 1630 Sed
708 1575 754 1629 si
783 1574 985 1628 dictum
1021 1585 1167 1632 esset
1196 1591 1226 1629 a
1257 1574 1446 1641 Paulo,
1492 1576 1748 1630 Dominus
1780 1591 1968 1632 essen-

2074 1574 2268 1646 Κύριος
2287 1576 2441 1629 οὐσία
2468 1578 2632 1642 ἐστὶν,
2661 1579 2753 1631 καὶ
2775 1581 2933 1651 ἡμεῖς
2964 1581 3074 1642 τοῖς
3095 1579 3402 1649 λεγομένοις
3419 1579 3484 1633 ἂν
3504 1597 3630 1632 συνι-

399 1669 474 1721 tia
502 1674 606 1728 est,
643 1680 746 1720 non
803 1666 964 1720 etiam
1011 1666 1172 1721 dictis
1228 1667 1640 1722 assentiremur.
1697 1664 1963 1732 Quoniam

2074 1665 2390 1736 εδράμομεν.
2449 1667 2595 1721 Ἐπεὶ
2639 1667 2695 1721 δὲ
2735 1670 2763 1721 6
2806 1670 2902 1739 μὲν
2949 1668 3301 1733 θεόπνευστος
3363 1670 3515 1739 λόγος
3565 1671 3627 1724 τὸ

398 1772 528 1812 vero
558 1772 589 1810 a
638 1754 744 1810 Deo
803 1757 1098 1826 inspiratus
1163 1771 1343 1810 sermo
1373 1756 1662 1811 Dominum
1700 1757 1964 1826 Spiritum

2074 1757 2289 1827 Πνεῦμα
2327 1775 2487 1829 φησιν
2532 1757 2669 1813 εἶναι
2711 1761 2799 1813 τὸν
2839 1760 3039 1833 Κύριον
3065 1777 3078 1791 ·
3110 1761 3137 1813 ὁ
3165 1761 3220 1815 δὲ
3246 1761 3502 1832 Εὐνόμιος
3532 1763 3627 1815 οὐ-

397 1863 520 1904 esse
567 1847 697 1903 dicit
744 1865 758 1902 :
815 1846 1114 1902 Eunomius
1162 1861 1292 1901 vero
1344 1846 1770 1901 dominationem
1829 1847 1963 1902 dicit

2074 1848 2188 1902 σίαν
2215 1847 2360 1918 λέγει
2402 1850 2500 1919 τὴν
2544 1851 2866 1923 κυριότητα·
2920 1852 3021 1904 οὐκ
3065 1846 3182 1905 οἶδα
3215 1851 3375 1904 πόθεν
3405 1853 3432 1903 ὁ
3473 1851 3627 1920 λόγος

397 1941 724 2007 essentiam;
777 1939 961 1994 nescio
1002 1937 1146 1994 unde
1199 1939 1305 1993 vim
1331 1950 1385 1994 et
1437 1939 1603 1993 robur
1627 1940 1746 2008 ejus
1784 1947 1967 1996 sermo

2074 1935 2212 2007 αὐτῷ
2235 1937 2332 2008 τὴν
2365 1938 2516 2008 ἱσχύν
2556 1939 2686 2009 ἔχει,
2724 1942 2770 1992 εί
2816 1939 2890 2012 μὴ
2922 1941 3059 2010 τάχα
3096 1941 3253 1995 πάλιν
3283 1941 3375 1996 καὶ
3404 1939 3502 2013 τὴν
3529 1941 3625 1995 τοῦ

397 2031 920 2104 possithabere,nisi
953 2030 1088 2086 forte
1120 2045 1312 2086 rursus
1333 2031 1495 2085 etiam
1515 2031 1738 2101 spiritus
1767 2031 1966 2087 dictio-

2074 2028 2377 2100 πνεύματος
2426 2030 2568 2096 λέξιν
2621 2032 2739 2085 ἀντὶ
2787 2032 2886 2103 τῆς
2941 2033 3127 2098 οὐσίας
3175 2033 3319 2102 λέγοι
3373 2034 3523 2105 παρὰ
3556 2037 3624 2106 τῇ

399 2138 521 2178 nem
554 2139 585 2178 a
637 2121 917 2193 Scriptura
947 2123 1073 2193 poni
1122 2136 1220 2193 pro
1251 2124 1491 2178 essentia
1541 2123 1705 2178 dicat.
1761 2123 1966 2190 Quam-

2074 2119 2252 2190 Γραφῇ
2285 2119 2516 2174 κεῖσθαι.
2563 2121 2932 2193 Ἑξετάσωμεν
2975 2123 3151 2176 τοίνυν
3183 2124 3235 2177 εῐ
3279 2141 3380 2177 που
3419 2127 3483 2194 τῇ
3527 2124 3625 2178 τοῦ

397 2213 586 2270 obrem
616 2213 956 2284 inquiramus
983 2215 1265 2282 diligenter
1290 2223 1470 2268 utrum
1516 2215 1712 2269 alicubi
1742 2215 1967 2285 spiritus

2074 2211 2401 2280 πνεύματος
2437 2211 2577 2278 λέξει
2604 2214 2942 2283 χρησάμενος
2975 2216 3003 2267 6
3039 2213 3376 2278 Ἀπόστολος,
3409 2216 3506 2287 τὴν
3533 2217 3626 2269 οὐ-

398 2307 634 2362 dictione
666 2321 797 2361 usus
829 2305 1136 2376 Apostolus,
1160 2306 1460 2361 essentiam
1491 2321 1587 2375 per
1612 2306 1751 2361 hanc
1775 2321 1965 2361 vocem

2074 2300 2185 2353 σίαν
2235 2300 2323 2355 διὰ
2373 2304 2471 2373 τῆς
2516 2306 2696 2374 φωνῆς
2750 2304 3059 2369 ἐνεδείξατο.
3107 2306 3290 2370 Αὐτὸ,
3345 2309 3505 2377 φησὶ,
3558 2308 3628 2362 τὸ

399 2396 675 2453 indicavit.
713 2396 852 2467 Ipse,
880 2398 1073 2467 inquit,
1123 2396 1351 2467 Spiritus
1401 2407 1719 2452 contestatur
1754 2398 1967 2468 spiritui

2074 2391 2305 2461 Πνεῦμα
2331 2394 2741 2462 συμμαρτυρεῖ
2758 2393 2837 2459 τῷ
2854 2395 3138 2464 πνεύματι
3162 2393 3346 2463 ήμῶν-ο
3379 2399 3492 2464 καὶ,
3510 2400 3628 2452 Οὐε-

397 2502 578 2544 nostro
601 2491 621 2521 ¹
645 2507 658 2556 ;
686 2497 760 2555 et,
792 2487 989 2542 Nullus
1016 2491 1156 2544 novit
1185 2505 1300 2560 qua:
1325 2499 1446 2544 sunt
1469 2490 1690 2542 hominis
1717 2491 1822 2544 nisi
1858 2491 1967 2558 spi-

2074 2482 2187 2548 Βείς
2233 2480 2354 2536 οἶδε
2392 2483 2462 2536 τὰ
2493 2484 2596 2538 τοῦ
2635 2485 2945 2552 ἀνθρώπου
2973 2489 3027 2539 εὶ
3058 2486 3143 2555 μὴ
3180 2488 3244 2540 τὸ
3294 2489 3527 2558 πνεῦμα
3558 2491 3626 2543 τὸ

396 2585 532 2636 ritus
560 2582 648 2651 qui
670 2591 744 2634 est
768 2583 821 2633 in
848 2597 958 2649 ipso
978 2580 1019 2645 ⁸;
1048 2589 1121 2643 et,
1145 2579 1346 2634 Littera
1375 2579 1581 2644 occidit,
1599 2579 1814 2647 spiritus
1840 2578 1967 2633 vivi-

2074 2575 2127 2628 ἐγ
2149 2575 2326 2641 αὐτῷ’
2357 2578 2469 2640 καὶ,
2496 2578 2564 2630 Τὸ
2589 2577 2817 2646 γράμμα
2837 2579 3189 2643 ἀποκτείνει,
3213 2579 3276 2632 τὸ
3299 2580 3366 2632 δὲ
3390 2580 3628 2650 πνεῦμα

395 2671 522 2739 ﬁcat
557 2669 610 2734 ‘;
653 2679 727 2734 et,
781 2668 840 2723 Si
885 2669 1072 2736 spiritu
1106 2668 1246 2737 facta
1274 2669 1450 2722 carnis
1498 2668 1961 2737 mortiﬁcaveritis,

2074 2665 2337 2727 ζωοποιεῖ·
2366 2668 2479 2732 καὶ,
2507 2669 2575 2719 Εἰ
2596 2668 2882 2736 πνεύματι
2909 2669 3015 2733 τὰς
3036 2667 3269 2736 πράξεις
3305 2669 3408 2724 τοῦ
3435 2669 3627 2740 σώμα-

394 2762 576 2817 uinetis
622 2761 681 2827 ';
739 2769 824 2822 et,
871 2761 929 2815 Si
975 2761 1164 2829 spiritu
1222 2761 1472 2824 rivinws,
1520 2759 1710 2829 spiritu
1756 2757 1965 2813 inceda-

2074 2773 2164 2824 τος
2210 2758 2552 2823 θανατοῦτε,
2592 2758 2815 2824 ζήσετεσ
2847 2761 2958 2824 καὶ,
2994 2761 3063 2812 El
3091 2758 3272 2828 ζῶμεν
3305 2762 3623 2829 πνεύματι,

395 2868 513 2907 ntus
551 2852 593 2905 ⁸.
647 2850 847 2920 Ecquis
901 2850 1142 2920 Apostoli
1200 2865 1360 2905 voces
1392 2850 1458 2912 de
1491 2851 1592 2904 hac
1641 2866 1700 2905 re
1741 2865 1966 2904 enume-

2074 2853 2348 2920 πνεύματι
2372 2852 2469 2906 καί
2499 2852 2848 2922 στοιχῶμεν.
2878 2855 2985 2906 Καὶ
3001 2854 3080 2916 τίς
3109 2852 3173 2906 ἂν
3201 2852 3624 2924 ἐξαριθμήσαιτο

393 2945 564 2999 rando
591 2950 909 3014 percenseat
942 2982 958 3008 ,
1019 2943 1072 2996 in
1098 2942 1294 3012 quibus
1323 2958 1417 3013 per
1485 2945 1624 3002 hanc
1665 2941 1960 2998 dictionem

2074 2943 2160 3004 τὰς
2194 2943 2287 2995 τοῦ
2339 2943 2655 2995 Ἀποστόλου
2691 2944 2818 3013 περὶ
2852 2941 3038 2995 τούτου
3072 2944 3250 3012 φωνάς
3273 2960 3287 2974 ο
3320 2946 3378 2996 ὲν
3413 2939 3498 3007 αἷς
3531 2946 3622 2996 οὐ·

391 3037 687 3092 essentiam
717 3036 1013 3108 signiﬁcari
1069 3051 1336 3106 nusquam
1385 3036 1791 3106 comperimits?
1825 3031 1958 3089 Nam

2074 3033 2233 3104 ςαμοῦ
2263 3033 2360 3104 τὴν
2393 3034 2577 3086 οὐσίαν
2624 3035 2710 3088 διὰ
2735 3038 2833 3104 τῆς
2876 3034 3068 3100 λέξεως
3113 3033 3312 3104 ταύτης
3365 3052 3624 3104 σημαινο-

391 3124 485 3195 qui
518 3125 673 3191 dicit,
706 3125 852 3196 quod
880 3126 989 3193 ipse
1012 3122 1236 3193 Spiritus
1261 3124 1610 3178 testimonium
1641 3122 1734 3176 dat
1755 3124 1959 3191 spiritui

2074 3129 2230 3196 μένην
2287 3126 2641 3198 εὐρίσκομενς
2697 3127 2755 3179 '0
2804 3127 2913 3197 γὰρ
2963 3126 3170 3194 λέγων,
3218 3128 3300 3179 δτι
3347 3126 3504 3180 Αὐτὸ
3552 3128 3622 3180 τὸ

393 3227 593 3283 nostro,
619 3217 754 3271 nihil
783 3216 930 3270 aliud
952 3216 1156 3271 indicat
1185 3223 1379 3285 praeter
1405 3215 1666 3284 Spiritum
1691 3225 1956 3278 sanctum,

2074 3199 2315 3286 Πνεῦμα
2363 3216 2776 3286 συμμαρτιίρεῖ
2799 3216 2877 3282 τῷ
2902 3219 3186 3286 πνεύματι
3240 3216 3407 3285 ἡμῶν
3425 3257 3439 3281 ,
3467 3218 3623 3272 οὐδὲν

393 3314 450 3366 in
483 3317 662 3364 mente
693 3308 927 3363 fidelium
960 3308 1204 3362 insitum.
1240 3308 1448 3361 Etenim
1480 3316 1711 3361 mentem
1737 3322 1960 3361 suorum

2074 3309 2240 3377 ἕτερον
2270 3309 2302 3380 ἢ
2335 3312 2394 3362 τὸ
2425 3312 2574 3376 ἅγιον
2601 3308 2924 3361 ἐνδείκνυται
2960 3310 3202 3380 Πνεῦμα,
3232 3310 3292 3362 τὸ
3317 3312 3381 3380 τῇ
3416 3309 3622 3382 διανοίᾳ

391 3415 704 3456 sermonum
753 3413 895 3466 saepe
944 3399 1196 3468 spiritmn
1255 3400 1521 3460 nominat,
1555 3413 1818 3466 quaecum
1852 3397 1959 3467 spi-

2074 3398 2166 3451 τῶν
2192 3399 2394 3451 πιστῶν
2429 3399 2787 3467 ἐγγινόμενον.
2823 3397 2928 3450 Καὶ
2965 3397 3072 3469 γὰρ
3105 3399 3197 3451 καὶ
3227 3399 3315 3451 τὸν
3335 3396 3459 3452 νοῦν
3492 3398 3622 3450 πολ-

390 3492 533 3546 ritus
570 3492 1006 3545 communionem
1067 3491 1297 3560 accepit,
1335 3491 1419 3544 his
1466 3490 1555 3560 qui
1616 3499 1958 3560 acceperunt,

2074 3489 2192 3560 λιαχῆ
2237 3489 2345 3542 τῶν
2403 3488 2594 3543 ἑαυτοῦ
2641 3490 2813 3558 λόγων
2855 3489 3072 3559 πνεῦμα
3125 3489 3506 3560 κατονομάζει,
3555 3481 3618 3542 οὗ

391 3581 699 3652 adoptionis
769 3581 1005 3652 dignitas
1072 3583 1282 3636 accedit
1347 3601 1360 3637 :
1414 3590 1464 3636 et.
1553 3583 1699 3647 hoc,
1765 3582 1958 3637 Nullus

2074 3581 2346 3650 ἲεξαμένου
2373 3581 2468 3653 τὴν
2489 3583 2766 3635 κοινωνίαν
2789 3581 2882 3634 τοῦ
2912 3582 3236 3652 πνεύματος,
3263 3579 3616 3652 παραγίνεται

389 3674 530 3727 nouit
555 3690 615 3727 ea
639 3689 754 3744 quia
769 3683 887 3726 sunt
911 3672 1160 3736 hominis,
1185 3675 1286 3728 nisi
1311 3674 1528 3742 spiritus
1546 3675 1632 3743 qui
1653 3684 1728 3728 est
1751 3675 1802 3727 in
1822 3675 1954 3743 ipso.

2074 3676 2169 3734 τοῖς
2218 3672 2523 3742 δεξαμένοις
2567 3674 2624 3726 τὸ
2670 3675 2767 3743 τῆς
2805 3673 3073 3736 υἱοθεσίας
3102 3673 3316 3742 ἀξίωμα
3347 3690 3359 3701 ·
3391 3671 3481 3724 καὶ
3529 3670 3611 3736 τὺ,

391 3761 447 3817 Si
483 3768 642 3818 etiam
700 3764 860 3818 homo
892 3764 958 3819 de
1015 3765 1270 3826 essentia,
1310 3773 1364 3820 et
1406 3765 1634 3832 spiritus
1685 3765 1955 3830 similiter,

2074 3763 2258 3828 ὶὺδεὶς
2283 3760 2405 3816 οἵδε
2426 3764 2497 3817 τὰ
2523 3761 2629 3816 τοῦ
2655 3762 2988 3831 ἀνθρώπου,
3009 3765 3062 3816 ει
3082 3762 3167 3832 μὴ
3199 3763 3262 3816 τὸ
3284 3761 3515 3830 πνεῦμα
3545 3761 3614 3815 τὸ

388 3855 525 3910 duas
565 3856 834 3911 essentias
877 3856 931 3910 in
984 3855 1204 3911 homine
1249 3871 1371 3911 esse
1428 3872 1489 3910 ex
1529 3857 1595 3912 iis
1650 3872 1770 3927 qua:
1812 3857 1956 3910 dicta

2074 3854 2125 3906 ἓν
2165 3853 2343 3918 αὐτῷ.
2381 3856 2441 3908 Εἰ
2475 3856 2566 3923 καὶ
2589 3857 2618 3908 ό
2647 3854 2926 3925 ἄνθρωπος
2967 3853 3104 3906 κατὰ
3139 3853 3237 3922 τῆς
3265 3852 3478 3917 οὐσίας,
3517 3853 3616 3906 καὶ

387 3955 536 4008 sunt,
566 3947 851 4002 astruitur.
906 3946 1009 4013 Qui
1036 3957 1214 4000 autem
1246 3947 1380 4001 dicit
1422 3947 1650 4002 litteram
1683 3947 1953 4010 occidere,

2074 3945 2115 3996 τὸ
2149 3945 2359 4014 πνεῦμα
2389 3946 2666 4009 ὡσαύτως,
2707 3944 2798 3999 δύο
2829 3946 3003 3998 οὐσίαι
3043 3947 3070 3997 6
3100 3944 3378 4013 ἄνθρωπος
3409 3947 3471 3998 ὲκ
3501 3943 3612 4006 τῶν

387 4040 636 4110 spiritum
669 4054 797 4095 vero
828 4037 1120 4102 viviﬁcare,
1143 4038 1326 4093 nescio
1361 4036 1630 4107 quomodo
1663 4037 1956 4092 essentiam

385 4131 579 4187 litterae
628 4132 850 4202 opponit
905 4152 916 4184 :
964 4130 1046 4185 vel
1097 4144 1291 4185 rursus
1323 4128 1594 4198 quomodo
1663 4129 1750 4183 hic
1803 4136 1957 4198 putat

385 4219 609 4274 Paulum
664 4221 954 4283 dicentem,
995 4219 1188 4289 spiritu
1237 4227 1490 4287 oportere
1531 4217 1669 4273 facta
1709 4221 1955 4290 corporis

2074 4216 2198 4277 imo;
2235 4215 2417 4268 οὐσίαν
2459 4215 2869 4268 ἁντιδιαστέλλει
2911 4215 2986 4286 τῷ
3028 4215 3344 4287 γράμματι·
3380 4215 3413 4286 ἢ
3452 4215 3613 4268 πάλιν

385 4312 597 4371 tollere,
627 4311 691 4364 ad
714 4311 1005 4365 essentiam
1033 4311 1312 4366 adducere
1328 4311 1553 4379 spiritus
1571 4311 1952 4380 signiﬁcatum.

2074 4305 2170 4369 τῶς
2199 4302 2346 4369 οὗτος
2371 4305 2538 4361 οἴεται
2565 4307 2786 4374 λέγοντα
2818 4309 2908 4360 τὸν
2943 4307 3180 4371 Παῦλον,
3207 4307 3470 4376 πνεύματι
3499 4308 3612 4360 δεῖν

385 4398 520 4454 Illud
553 4414 678 4452 vero
718 4399 898 4453 vivere
927 4399 1120 4467 spiritu
1173 4411 1227 4454 ct
1278 4399 1555 4453 ambulare
1584 4399 1798 4468 spiritu,
1851 4400 1954 4453 hoc

2074 4396 2150 4460 τὰς
2197 4396 2421 4467 πράξεις
2464 4397 2555 4450 τοῦ
2593 4398 2841 4467 σώματος
2885 4399 3143 4467 ἀναιρεῖν,
3182 4399 3270 4450 ἐπὶ
3299 4397 3396 4467 τὴν
3425 4396 3612 4450 οὐσίαν

382 4487 546 4543 etiam
613 4501 835 4556 prorsus
884 4497 1036 4541 extra
1091 4490 1500 4560 intelligentiam
1552 4490 1735 4560 fuerit.
1771 4492 1815 4546 si
1884 4492 1952 4545 ad

2074 4488 2206 4556 ἱγειν
2241 4490 2300 4541 τὸ
2324 4488 2415 4540 τοῦ
2462 4487 2766 4559 πνεύματος
2817 4489 3226 4559 σημαινόμενον.
3285 4489 3356 4540 Τὸ
3403 4488 3460 4541 δὲ
3513 4488 3612 4557 ζῇν

381 4575 672 4631 essentiam
700 4575 924 4644 spiritus
950 4576 1310 4644 signiﬁcatum
1356 4578 1640 4635 referatur.
1673 4578 1772 4633 Per
1804 4581 1951 4635 aliud

2074 4578 2342 4649 πνεύματι,
2377 4580 2468 4632 καὶ
2513 4583 2741 4650 στοιχεῖν
2784 4579 3072 4650 πνεύματι,
3097 4580 3251 4633 τοῦτο
3287 4581 3378 4632 καὶ
3410 4583 3613 4632 παντα-

380 4667 526 4723 enim
575 4665 832 4734 quidnam
887 4675 940 4719 et
972 4681 1076 4719 non
1119 4683 1213 4736 per
1259 4669 1575 4732 essentiam,
1609 4671 1728 4724 vita:
1759 4685 1950 4725 sumus

2074 4687 2215 4723 τασιν
2253 4669 2356 4737 ἔξω
2381 4670 2616 4734 διανοίας
2644 4671 2709 4724 ἂν
2739 4670 2844 4741 εἴη,
2875 4672 2924 4723 εί
2951 4671 3084 4742 πρὸς
3115 4670 3210 4741 τὴν
3230 4671 3416 4723 οὐσίαν
3437 4669 3495 4721 τὺ
3517 4669 3609 4722 τοῦ

339 4751 343 4756 ’
381 4756 673 4827 participes
701 4771 890 4810 omnes
918 4757 1007 4828 qtti
1034 4757 1086 4810 in
1121 4758 1227 4810 vita
1256 4764 1483 4815 sumus?
1505 4759 1719 4818 deinde.
1751 4761 1817 4815 de
1847 4759 1949 4815 hoc

2074 4761 2352 4832 πνεύματος
2386 4763 2776 4833 σημαινόμενον
2805 4763 3038 4835 φέροιτο.
3071 4763 3186 4816 Τίνι
3216 4761 3322 4833 γὰρ
3351 4761 3492 4831 ἄλλῳ
3519 4761 3609 4813 καὶ

381 4846 591 4902 scilicet
644 4846 933 4899 consilium
992 4846 1148 4899 nobis
1194 4845 1286 4900 dat
1330 4848 1620 4913 Apostolus
1656 4865 1668 4902 :
1705 4852 1946 4909 essentia

2074 4855 2168 4925 ιύχὶ
2198 4857 2263 4925 τῇ
2298 4854 2453 4926 οὐσίᾳ
2479 4853 2570 4908 τοῦ
2607 4854 2706 4925 ζῇν
2755 4855 3051 4926 μετέχομεν
3091 4855 3322 4915 ἅπαντες
3357 4855 3405 4906 οἱ
3436 4855 3492 4904 ὲν
3531 4851 3608 4919 τῷ

377 4935 592 5000 vivere;
623 4935 775 5006 quasi
805 4934 1007 4989 diceret
1031 4954 1040 4988 :
1068 4933 1170 4987 Per
1193 4951 1290 4989 vos
1317 4935 1464 5006 ipsos
1489 4946 1541 4992 et
1566 4953 1674 4992 non
1702 4955 1797 5008 per
1812 4941 1947 4995 alios

2074 4949 2145 5018 ’ᾖν
2198 4946 2380 5010 ὅντεςς
2439 4942 2568 4999 Εἶτα
2629 4947 2754 5017 περὶ
2805 4947 2992 5000 τούτου
3043 4943 3345 5015 συμϐουλὴν
3394 4946 3525 5013 ἡμῖν
3577 4945 3606 4993 6

376 5027 499 5083 vitae
541 5027 830 5096 participes
866 5027 1019 5080 estis.
1069 5024 1124 5079 Si
1157 5027 1317 5096 igitur
1349 5043 1614 5097 nusquam
1648 5029 1790 5085 hunc
1819 5047 1945 5101 pro-

2074 5038 2374 5101 Απόστολος
2399 5038 2776 5091 κατατίθεται·
2811 5039 2969 5109 οὐσίᾳ
2991 5037 3110 5107 ζῇν,
3136 5035 3208 5099 ὡς
3231 5035 3295 5088 ἂν
3326 5036 3372 5086 εἰ
3399 5034 3600 5100 ἔλεγεν,

376 5116 492 5188 prie
545 5115 670 5169 licet
697 5129 914 5168 sensum
954 5115 1264 5184 percipere,
1321 5118 1596 5184 quomodo
1631 5118 1718 5173 hic
1752 5135 1944 5174 rursus

2074 5142 2120 5182 τι
2141 5127 2386 5197 Δι’ὐμῶν
2411 5130 2588 5182 αὐτῶν
2612 5130 2705 5183 καὶ
2739 5129 2811 5199 μὴ
2841 5128 2907 5181 δι’
2937 5127 3138 5199 ἐτέρων
3168 5127 3262 5196 τῆς
3299 5125 3440 5195 ζωῆς
3474 5137 3602 5194 μετ·

376 5206 702 5262 onirocritas
748 5205 1084 5260 somniorum
1112 5206 1376 5269 imitatus,
1408 5223 1504 5278 pro
1528 5209 1766 5264 essentia
1785 5208 1940 5280 jubet

2074 5236 2212 5288 χετε.
2274 5213 2334 5272 Ei
2377 5217 2468 5274 οὖν
2524 5219 2756 5291 οὐδαμού
2803 5219 3004 5290 ταύτην
3052 5219 3254 5290 κυρίως
3295 5217 3410 5270 ἐστι
3451 5231 3602 5286 περι-

371 5299 852 5369 spiritumcapere;
886 5306 946 5350 ut
974 5298 1263 5353 concludat
1292 5300 1622 5370 syllogistice
1641 5301 1934 5358 dictionem

2074 5311 2309 5380 ηφθῆναι
2346 5311 2443 5382 τὴν
2475 5311 2699 5373 ἔννοιαν,
2732 5310 2849 5374 πῶς
2874 5309 3104 5363 ἐνταῦθα
3130 5310 3288 5364 πάλιν
3319 5309 3443 5372 τούς
3476 5310 3603 5361 ὑπο·-

371 5391 627 5445 Dominus
680 5388 747 5443 de
792 5389 1030 5443 essentia
1079 5389 1448 5459 exponendam
1490 5394 1654 5447 esse?
1691 5393 1748 5446 Si
1789 5395 1933 5447 enim

2074 5403 2234 5474 ιριτὰς
2267 5403 2372 5456 τῶν
2405 5403 2625 5475 ὀνείρων
2660 5403 2990 5474 μιμούμενος
3033 5403 3152 5456 ἀντὶ
3175 5401 3274 5471 τῆς
3298 5403 3481 5464 οὐσίας
3515 5417 3601 5454 κε-

369 5482 596 5552 spiritus
625 5479 860 5536 essentia
893 5488 996 5545 est,
1021 5489 1075 5536 ct
1097 5479 1354 5537 Dominus
1378 5491 1459 5538 est
1477 5485 1718 5554 spiritus,
1761 5483 1936 5541 Domi-

2078 5494 2188 5548 εύει
2221 5496 2281 5548 τὸ
2317 5494 2532 5566 πνεῦμα
2568 5495 3116 5567 παραλαμϐάνεσθαι,
3167 5495 3251 5546 ἵνα
3283 5493 3598 5562 συμπεράνῃ

1988 3092 2028 3150 C

2055 4036 2351 4107 εἰρημένων
2397 4032 2536 4091 εἶναι
2579 4036 3058 4102 κατασκευάζεται.
3097 4037 3155 4090 Ὀ
3188 4037 3242 4089 δὲ
3279 4037 3336 4088 τὸ
3379 4036 3613 4106 γράμμα

2055 4125 2224 4193 λέγων
2244 4123 2944 4190 ἀποκτεννύναι,ζωοποιεῖν
2967 4125 3023 4178 δὲ
3051 4125 3111 4178 τὸ
3142 4125 3371 4196 πνεῦμα,
3396 4126 3494 4178 οὐκ
3515 4123 3612 4178 οἷδ’

445 5660 462 5692 ⁸
490 5660 532 5714 ΙΙ
565 5661 690 5717 Cor.
752 5679 834 5731 ιιι,
873 5665 956 5719 17.
1059 5667 1079 5698 '
1110 5663 1265 5721 Rom.
1295 5679 1413 5729 vm,
1448 5667 1530 5719 16.
1608 5666 1673 5720 ³1
1706 5668 1830 5727 Cor.
1867 5683 1928 5735 ιι,
1958 5670 1974 5725 l

2140 5672 2160 5702 ⁸
2189 5669 2226 5725 ll
2259 5671 2384 5726 Cor.
2410 5687 2491 5735 ιιι,
2523 5671 2575 5728 6.
2673 5673 2694 5706 ⁵
2728 5671 2883 5727 Rern.
2919 5688 3034 5735 vin,
3075 5672 3157 5726 15.
3235 5672 3256 5702 ⁸
3289 5670 3403 5725 Gal.
3435 5687 3480 5734 v,
3505 5667 3596 5723 25.

2140 5672 2160 5702 ⁸
2189 5669 2226 5725 ll
2259 5671 2384 5726 Cor.
2410 5687 2491 5738 ιιι,
2523 5671 2575 5728 6.
2673 5673 2694 5706 ⁵
2728 5671 2883 5727 Rern.
2919 5688 3034 5736 vin,
3075 5672 3157 5726 15.
