3922 6468
324 257 419 313 7n
496 322 499 327 ,

1418 252 1693 313 CONTRA
1747 245 2133 312 EL'NOMIUM,
2176 250 2299 304 LIB.
2344 246 2455 305 VII.

3449 235 3551 295 7&2

322 375 737 442 συλλογιστικῶς
778 376 836 428 16
878 374 1016 429 κατά
1057 378 1153 445 τῆς
1209 375 1391 439 οὐσίας
1434 372 1747 443 συγκεῖσθαι
1788 370 1885 441 τὴν

2004 386 2092 423 ius
2124 370 2289 439 igitur
2321 382 2546 440 prorsus
2590 364 2824 422 essentia
2859 361 3149 420 invenizur.
3186 363 3230 417 Ο
3280 361 3552 433 quomodo

320 467 534 534 Κύριος
573 466 742 530 λέξιν;
770 468 831 520 Ei
857 469 963 539 γὰρ
1009 468 1068 521 16
1105 466 1316 538 πνεῦμα
1347 468 1502 521 οὐσία
1543 466 1711 527 ἐστὶν,
1753 466 1780 517 6
1825 464 1882 517 δὲ

320 560 521 629 Κύριος
564 558 625 610 16
678 559 893 630 πνεῦμά
923 562 1090 623 ἐστιν,
1142 561 1169 612 6
1222 560 1425 631 Κύριος
1469 558 1624 611 οὐσία
1669 556 1885 618 πάντως

319 647 647 718 εὑρίσκεται.
682 652 745 703 Ὢ
788 652 904 716 πῶς
943 651 1458 722 ἀνανταγώνιστοςή
1488 650 1582 703 τοῦ
1607 650 1884 720 ἐπιχειρή-

324 758 492 810 ματος
522 740 775 809 δύναμιςῑ
807 744 930 807 Πῶς
969 744 1113 797 ἔστιν
1140 744 1355 797 ὲκδύναι
1381 743 1470 797 καὶ
1501 741 1759 796 ἀναλῦσαι
1785 742 1884 812 τὴν

318 830 597 901 ἀμήχανον
619 834 820 902 ταύτην
844 833 949 886 τῶν
984 831 1306 898 ἀποδείξεων
1333 833 1573 903 ἀνάγκην
1593 849 1607 896 ;
1632 834 1660 884 6
1682 830 1884 901 Κύριος

320 922 463 974 κατά
488 922 585 993 τῆς
622 924 807 987 οὐσίας
832 924 1067 994 λέγεται,
1106 926 1221 990 πῶς
1245 925 1401 978 τοῦτο
1428 924 1881 988 κατασκευάζων;

324 1014 447 1066 ’Ὁτι
489 1016 651 1086 φησιν
681 1017 709 1068 6
749 1018 1089 1081 Ἀπόστολος,
1133 1019 1188 1070 '0
1222 1017 1289 1070 δὲ
1317 1019 1528 1085 Κύριος
1560 1016 1625 1070 τὸ
1653 1014 1888 1084 πνεῦμά

319 1106 470 1159 ἐστι.
488 1107 554 1158 Τί
579 1103 670 1161 οῦν
687 1106 841 1161 τοῦτο
861 1109 992 1180 πρὸς
1018 1111 1116 1180 τὴν
1136 1110 1352 1177 οὐσίαν;
1392 1108 1550 1161 Ἀλλά
1586 1109 1644 1161 16
1674 1107 1887 1177 πνεῦμα

321 1195 629 1250 κελεύουσιν
650 1198 770 1251 ἀντὶ
787 1199 882 1269 τῆς
899 1198 1082 1263 οὐσίας
1101 1199 1355 1268 τετάχθαι
1376 1198 1481 1251 τῶν
1497 1197 1886 1251 ἀποδεικτικῶν

322 1286 523 1353 ἐφόδων
548 1288 601 1339 αἱ
629 1287 831 1356 τέχναι.
876 1286 1058 1341 Ταῦτα
1093 1288 1193 1357 τῆς
1250 1288 1678 1358 Ἀριστοτελικῆς
1705 1303 1886 1357 τεχνο-

320 1378 504 1447 λογίας
522 1378 591 1431 τά
613 1379 1025 1450 κατορθώματα.
1062 1379 1158 1432 Διά
1182 1379 1337 1433 τοῦτο
1358 1378 1577 1432 ὲλεεινοὶ
1604 1380 1702 1448 μὲν
1730 1380 1887 1449 ἡμεῖς

322 1470 462 1523 κατὰ
502 1470 591 1523 16v
627 1471 717 1523 σὸν
752 1468 929 1538 λόγον,
962 1473 1010 1523 οἱ
1048 1472 1145 1541 τῆς
1188 1472 1375 1540 σοφίας
1418 1472 1619 1542 ταύτης
1656 1470 1889 1541 ἀμύητοι

326 1562 685 1633 (μακαριστὸς
712 1562 766 1615 δὲ
804 1564 864 1616 οὐ
896 1563 1110 1625 πάντως
1139 1565 1166 1616 6
1187 1563 1272 1615 διά
1294 1566 1390 1633 τῆς
1422 1563 1671 1633 τοιαύτης
1702 1563 1888 1631 ἐφόδου

323 1651 554 1720 τάληθὲς
596 1652 932 1723 ἀνιχνεύων),
963 1652 1103 1706 οὕτω
1138 1656 1276 1706 νοεῖν
1297 1653 1384 1705 τὸν
1431 1654 1776 1719 Ἀπόστολον,
1815 1653 1889 1717 ὡς

325 1744 445 1796 ἀντὶ
483 1743 583 1813 τῆς
622 1744 806 1807 οὐσίας
854 1743 947 1797 τοῦ
988 1742 1321 1813 Μονογενοῦς
1353 1743 1556 1797 οἴεσθαι
1592 1744 1652 1795 τὸ
1680 1742 1896 1815 πνεῦμα
1927 1727 1968 1787 Β

324 1834 455 1904 παρ’
488 1834 649 1887 αὐτοῦ
674 1835 951 1905 τετάχθαι.
1045 1842 1054 1852 ’

397 1947 519 2011 Πῶς
564 1944 655 2001 οὖν
708 1948 964 2019 άρμόσεις
1018 1946 1158 2001 κατά
1193 1949 1253 2002 16
1295 1951 1621 2012 ἀκόλουθον;
1669 1951 1743 2003 Οὐ
1791 1950 1899 2021 γάρ

326 2038 533 2102 τούτοις
553 2040 613 2092 16
640 2040 813 2111 νόημα
837 2041 1249 2111 περιγράφεται.
1274 2042 1451 2097 Είπὼν
1476 2045 1583 2114 γὰρ
1608 2045 1636 2096 6
1667 2042 1897 2105 Παῦλος,

336 2132 391 2182 '0
422 2130 490 2183 δὲ
532 2130 744 2199 Κύριος
785 2130 848 2183 τὸ
895 2131 1128 2201 πνεῦμά
1168 2134 1356 2197 ἐστιν,
1403 2135 1663 2205 ἐπήγαγε,
1710 2130 1790 2189 Οὗ
1833 2133 1901 2188 δὲ

325 2222 391 2277 τὸ
428 2224 660 2293 πνεῦμα
688 2226 932 2292 Κυρίου,
961 2225 1286 2294 ἐλευθερία.
1318 2227 1381 2279 ΕΙ
1408 2223 1499 2281 οὖν
1530 2227 1729 2298 Κύριός
1757 2229 1901 2279 ἐστιν

327 2317 360 2386 ὴ
394 2316 566 2377 οὐσία,
593 2316 747 2369 οὐσία
776 2317 832 2370 δὲ
858 2317 918 2370 16
954 2316 1165 2387 πνεῦμα
1183 2334 1194 2346 ⁸
1221 2319 1302 2381 τίς
1328 2319 1487 2371 πάλιν
1531 2321 1563 2388 ἡ
1593 2319 1691 2387 τῆς
1716 2319 1902 2381 οὐσίας

324 2408 517 2472 οὐσία;
553 2408 665 2461 Μία
692 2408 798 2480 γὰρ
825 2411 981 2464 οὐσία
1013 2410 1073 2464 τὸ
1103 2410 1319 2481 πνεῦμα
1351 2412 1489 2465 κατά
1521 2412 1610 2465 τὸν
1631 2411 1785 2479 λόγον
1811 2410 1902 2464 τὸν

328 2500 442 2562 σὺν,
464 2502 598 2573 ὅπερ
625 2503 769 2555 ἐστὶν
796 2503 823 2554 ὁ
857 2502 1074 2574 Κύριος.
1116 2504 1279 2557 Πάλιν
1312 2504 1404 2557 τοῦ
1438 2504 1662 2574 Κυρίου,
1697 2505 1754 2567 6;
1784 2504 1903 2555 ἐστι

329 2592 566 2665 πιεῦμα,
582 2594 765 2665 ἕτερον
779 2594 924 2662 λέγει
946 2594 1181 2664 πνεῦμα,
1194 2595 1334 2647 τοῦτ’
1349 2594 1492 2648 ἔστιν
1509 2595 1671 2663 ἄλλην
1691 2595 1901 2659 οὐσίαν,

330 2686 471 2739 κατά
486 2685 582 2755 τὴν
603 2685 699 2756 σὴν
721 2686 1030 2757 ἑρμηνείαν.
1047 2687 1212 2740 Οὐδὲν
1240 2683 1331 2740 οὖν
1353 2687 1479 2741 ἄλλο
1505 2687 1643 2740 κατά
1665 2687 1755 2740 τὸν
1774 2688 1905 2758 ὑμέ-

331 2795 488 2849 τερον
528 2778 702 2847 λόγον,
736 2777 769 2848 ἢ
808 2778 992 2831 οὐσίαν
1012 2777 1197 2841 οὐσίας
1223 2780 1331 2829 νοεῖ
1353 2779 1382 2829 6
1416 2777 1748 2841 Ἀπόστολος,
1787 2778 1902 2832 Κύ-

334 2887 448 2941 ριον
468 2868 705 2939 πνεῦμα,
732 2871 824 2922 καὶ
862 2870 1080 2939 πνεῦμα
1110 2869 1311 2941 Κυρίου
1345 2869 1635 2940 διαρρήδην
1657 2870 1902 2940 γράφων.

346 2962 483 3015 Ἀλλ’
516 2961 763 3032 Εὐνομίῳ
792 2961 890 3031 μὲν
934 2962 1105 3031 ἐχέτω
1149 2963 1217 3015 τά
1260 2964 1618 3032 γεγραμμένα
1664 2965 1803 3016 κατὰ
1848 2965 1907 3017 16

1990 460 2357 515 ineluctabilis
2414 466 2496 513 est
2554 458 2635 512 vis
2694 455 3203 528 argumentationis!
3269 449 3553 520 Quomodo

1989 553 2115 607 licet
2147 568 2346 606 exuere
2394 560 2447 605 et
2494 550 2765 604 resolvere
2794 549 2934 603 hanc
2964 546 3429 617 inexpugnabilem
3454 545 3553 601 de-

1990 644 2442 699 monstrationum
2482 643 2862 697 necessitatem
2888 638 3189 694 ?Dominus
3224 636 3289 693 de
3316 639 3553 693 essentia

1989 734 2221 789 dicitur:
2252 735 2522 804 quomodo
2558 735 2658 787 hoc
2690 730 3129 803 praastruit?quia
3151 729 3443 799 Apostolus
3471 730 3555 781 in-

1991 828 2389 897 quit,Dominus
2418 826 2635 893 spiritus
2650 825 2781 879 est".
2801 823 2939 890 Quid
2966 822 3128 892 igitur
3146 820 3248 874 hoc
3278 819 3342 873 ad
3366 834 3555 875 essen.

1992 920 2158 972 tiam?
2195 915 2300 970 Sed
2352 915 2602 982 spiritum
2657 928 2755 982 pro
2797 910 3030 966 essentia
3068 908 3193 979 poni
3228 907 3420 976 jubent
3457 905 3554 958 de-

1992 1008 2471 1065 monstrativarum
2524 1003 3050 1072 argumentationum
3080 1007 3244 1053 artes.
3278 994 3403 1051 "rec
3427 1004 3555 1051 sunt

1991 1096 2317 1152 Aristotelici
2343 1095 2556 1148 artificii
2581 1095 2839 1164 praeclara
2870 1093 3191 1146 documenta
3224 1109 3237 1145 :
3271 1096 3557 1160 propterea

1992 1205 2092 1244 nos
2131 1189 2223 1259 qui
2261 1190 2421 1259 hujus
2456 1188 2732 1259 sapientiae
2759 1186 2930 1240 sacris
2966 1200 3071 1237 non
3104 1198 3294 1239 sumus
3331 1182 3553 1245 initiati,

1993 1280 2330 1334 miserabiles
2354 1278 2651 1334 secundum
2684 1285 2833 1330 tuum
2858 1289 3164 1330 sermonem
3199 1274 3427 1340 (beatus
3461 1289 3557 1327 au-

1992 1379 2100 1424 tem
2134 1386 2240 1423 non
2268 1377 2447 1424 tamen
2482 1368 2705 1423 omnino
2742 1366 2833 1436 qui
2871 1381 2964 1434 per
2998 1365 3157 1417 talem
3214 1374 3557 1433 argumenta-

1996 1459 2197 1514 tionem
2228 1476 2412 1514 verum
2444 1452 2833 1529 pervestigat),
2875 1455 2954 1509 sic
2981 1454 3277 1524 intelligere
3326 1454 3557 1523 Apostoo

1996 1552 2128 1614 lum,
2163 1559 2223 1604 ut
2272 1566 2370 1620 pro
2398 1549 2637 1606 essentia
2698 1545 2989 1616 Unigeniti,
3055 1545 3306 1615 spiritum
3345 1545 3413 1599 ab
3438 1544 3557 1614 ipso

1998 1644 2125 1713 poni
2154 1644 2453 1700 existimet.

2067 1952 2351 2019 Quomodo
2389 1953 2553 2022 igitur
2582 1952 2726 2023 quod
2764 1952 3116 2023 consequitur
3149 1950 3410 2022 aptabis?
3443 1965 3553 2004 non

1997 2046 2142 2099 enim
2184 2044 2270 2098 his
2307 2044 2781 2099 circumscribitur
2811 2059 3025 2100 sensus.
3067 2042 3363 2114 Postquam
3412 2043 3557 2098 enim

1998 2138 2132 2191 dixit
2165 2136 2400 2200 Paulus,
2437 2135 2691 2190 Dominus
2757 2146 2931 2191 autem
2966 2137 3183 2205 spiritus
3232 2146 3330 2198 est,
3397 2135 3560 2190 indu-

2000 2230 2077 2282 xit
2099 2270 2112 2287 ,
2136 2223 2232 2281 Ubi
2260 2238 2430 2282 autem
2465 2229 2684 2297 spiritus
2715 2227 2962 2293 Domini,
3000 2228 3215 2282 libertas
3245 2238 3341 2282 est.
3373 2228 3430 2281 Si
3462 2229 3562 2300 igi-

2000 2328 2092 2373 tur
2120 2319 2383 2375 Dominus
2408 2328 2493 2375 est
2518 2321 2757 2375 essentia
2779 2362 2793 2384 ,
2824 2321 3062 2375 essentia
3089 2327 3269 2375 autem
3297 2320 3558 2390 spiritus,

2001 2427 2122 2481 quae
2155 2428 2347 2467 rursus
2383 2416 2619 2468 essentia
2656 2414 2949 2468 essentia?
2983 2429 3089 2467 una
3129 2414 3273 2467 enim
3315 2412 3561 2467 essentia

2002 2505 2232 2573 spiritus
2252 2545 2268 2567 ,
2305 2505 2603 2559 secundum
2635 2514 2785 2558 tuum
2834 2520 3139 2559 sermonem
3162 2544 3177 2569 ,
3209 2504 3298 2574 qui
3341 2504 3563 2573 quidem

2002 2604 2086 2652 est
2118 2596 2393 2651 Dominus.
2423 2595 2636 2651 Rursus
2667 2596 2916 2660 Domini,
2949 2598 3041 2665 qui
3073 2604 3158 2651 est
3191 2595 3421 2666 spiritus
3442 2635 3456 2659 ,
3485 2595 3566 2648 al-

2003 2698 2179 2743 terum
2209 2689 2342 2744 dicit
2371 2690 2623 2759 spiritum
2642 2734 2655 2753 .
2688 2690 2741 2744 id
2772 2697 2887 2756 est,
2925 2690 3085 2743 aliam
3113 2688 3403 2744 essentiam
3427 2726 3443 2751 ,
3472 2702 3562 2743 se-

2005 2782 2242 2836 cundum
2278 2790 2424 2836 tuam
2457 2782 2989 2852 interpretationem.
3020 2780 3167 2835 Nihil
3192 2781 3358 2851 igitur
3382 2781 3526 2835 aliud
3546 2818 3566 2845 ,

2006 2871 2303 2928 secundum
2337 2881 2576 2927 vestrum
2612 2887 3121 2942 sermonem,quam
3156 2874 3445 2927 essentiam
3480 2887 3569 2927 es-

2006 2962 2194 3015 sentia:
2227 2961 2474 3028 intelligit
2502 2960 2830 3031 Apostolus,
2865 2960 3149 3015 Dominum
3180 2962 3430 3028 spiritum
3452 3001 3466 3025 ,
3512 2970 3568 3016 et

333 3055 564 3127 ἀρέσκον
589 3053 766 3124 αὐτῷ’
798 3053 827 3105 ὃ
867 3052 921 3105 δὲ
946 3054 1104 3122 ἡμεῖς
1143 3055 1269 3125 περὶ⁸
1317 3053 1505 3107 τούτου
1545 3054 1900 3125 γινώσκομεν,

2009 3051 2258 3122 spiritum
2282 3051 2492 3106 Domini
2516 3062 2701 3121 aperte
2725 3053 2992 3108 scribens.
3024 3052 3130 3107 Sed
3154 3052 3417 3107 Eunomio
3444 3055 3571 3122 qui-

332 3145 569 3199 τοιοῦτόν
596 3148 761 3198 ἐστιν·
799 3144 862 3197 'H
887 3144 1236 3208 θεόπνευστος
1262 3145 1470 3216 Γραφὴ,
1506 3145 1686 3209 καθὼς
1714 3147 1742 3199 6
1769 3146 1907 3210 θεῖος

345 3236 661 3298 Ἀπόστολος
715 3235 883 3306 αὐτὴν
937 3237 1209 3306 ὀνομάζει,
1264 3236 1356 3289 τοῦ
1405 3238 1559 3304 ἁγίου
1598 3237 1909 3307 Πνεύματός

334 3329 450 3381 ἑστι
477 3328 684 3399 Γραφή.
716 3326 787 3379 Τὸ
806 3326 861 3379 δὲ
891 3325 1136 3396 βούλημα
1162 3328 1386 3397 ταύτης,
1414 3328 1445 3397 ἡ
1469 3326 1577 3379 τῶν
1611 3326 1909 3398 ἀνθρώπων

336 3420 481 3472 ἐστὶν
496 3419 747 3487 ὠφέλεια.
766 3416 937 3472 Πᾶσα
952 3421 1078 3488 γὰρ,
1097 3419 1251 3490 φησὶ,
1282 3418 1491 3487 Γραερὴ
1509 3418 1910 3486 θεόπνευστος

337 3511 433 3563 καὶ
459 3509 774 3579 ὠφέλιμος.
801 3510 1023 3579 Ποικίλη
1050 3510 1105 3561 δὲ
1145 3510 1235 3563 καὶ
1278 3510 1559 3581 πολυειδὴς
1600 3509 1906 3580 ἠώφέλεια,

338 3601 518 3665 καθὼς
552 3619 714 3672 φησιν
746 3603 773 3655 6
814 3600 1150 3663 Ἀπόστολος,
1196 3601 1333 3672 πρὸς
1374 3600 1737 3663 διδασκαλίαν,
1773 3603 1909 3673 πρὸς

339 3695 586 3765 ὲλεγμὺν,
624 3694 755 3763 πρὸς
807 3692 1196 3762 ἐπανόρθωσιν,
1242 3693 1377 3763 πρὸς
1426 3693 1673 3746 παιδείαν
1713 3693 1807 3765 τὴν
1851 3696 1908 3747 ὲν

336 3784 668 3854 δικαιοσύνῃ.
704 3784 775 3836 Τὸ
805 3783 861 3836 δὲ
901 3782 1111 3835 τοιοῦτο
1139 3783 1348 3853 κέρδος.
1382 3783 1482 3836 οὐκ
1525 3784 1589 3836 ἐκ
1631 3783 1723 3837 τοῦ
1775 3802 1909 3855 προ-

340 3877 519 3948 χείρου
570 3876 753 3930 λαϐεῖν
800 3874 913 3928 ἔστι
972 3876 1083 3937 τοῖς
1137 3874 1548 3942 ἐντυγχάνουσιν
1573 3891 1585 3905 ·
1638 3873 1750 3926 ἀλλ’
1801 3868 1911 3926 οἷον

341 3968 798 4040 παραπετάσματί
822 3984 927 4019 τινι
956 3965 1032 4037 τῷ
1057 3964 1266 4035 σώματι
1289 3965 1387 4035 τῆς
1421 3965 1639 4035 Γραφῆς
1666 3966 1725 4017 16
1758 3964 1911 4019 Θεῖον

339 4065 765 4137 ὑποκρύπτεται.
803 4103 816 4115 .
861 4102 876 4117 .
920 4103 934 4116 .
970 4060 1283 4131 νομοθεσίας
1315 4060 1455 4123 τινὸς
1477 4060 1511 4130 ἢ
1544 4059 1780 4130 ἱστορίας
1802 4058 1911 4111 τῶν

2009 3143 2128 3197 dem
2155 3144 2359 3211 scripta
2391 3143 2697 3198 habeantur
2721 3153 2879 3214 prout
2901 3144 2949 3197 ei
2979 3144 3187 3214 placet;
3213 3143 3355 3213 quod
3388 3155 3570 3199 autem

2010 3246 2109 3284 nos
2141 3232 2209 3285 de
2242 3232 2344 3287 hoc
2377 3234 2678 3299 sentimus,
2717 3235 2826 3288 tale
2850 3243 2969 3289 est:
3000 3234 3270 3289 Divinitus
3306 3236 3571 3307 inSpirata

2011 3318 2294 3392 Scriptura
2315 3363 2328 3386 ,
2357 3324 2501 3377 sicut
2526 3324 2697 3393 ipsam
2722 3324 2944 3379 divinus
2967 3325 3260 3394 Apostolus
3289 3326 3568 3391 nominat,

2010 3416 2183 3470 sancti
2219 3414 2459 3484 Spiritus
2490 3422 2574 3470 est
2607 3414 2913 3486 Scriptura.
2953 3414 3127 3484 llujus
3160 3423 3339 3470 autem
3376 3417 3574 3472 volun-

2011 3515 2093 3561 tas
2138 3514 2192 3561 et
2235 3506 2465 3560 intentio
2514 3507 2794 3562 hominum
2846 3518 2929 3564 est
2961 3509 3193 3564 utilitas.
3237 3509 3453 3576 Omnis,
3484 3511 3573 3564 in-

2009 3596 2165 3665 quit,
2199 3594 2474 3664 Scriptura
2508 3596 2761 3651 divinitus
2798 3599 3060 3667 inspirata
3112 3609 3161 3653 et
3196 3600 3347 3654 utilis
3381 3602 3443 3656 8:
3478 3616 3575 3654 va-

2009 3688 2090 3742 ria
2149 3698 2331 3743 autem
2384 3699 2439 3745 et
2493 3691 2778 3758 multiplex
2824 3693 3070 3757 utilitas,
3118 3693 3260 3748 sicut
3306 3694 3383 3747 ait
3430 3694 3573 3749 idem

2008 3781 2337 3850 Apostolus,
2391 3782 2457 3835 ad
2489 3781 2834 3847 doctrinam,
2872 3784 2937 3838 ad
2980 3785 3450 3853 redargutionem,
3504 3787 3574 3842 ad

2009 3874 2516 3944 reprehensionem,
2545 3875 2611 3928 ad
2638 3878 3069 3945 correptionem,
3097 3878 3165 3931 ad
3191 3878 3533 3947 disciplinam
3555 3918 3571 3941 ,

2011 3966 2124 4021 sive
2150 3967 2551 4022 institutionem
2587 3982 2707 4037 quae
2740 3975 2827 4022 est
2860 3968 2913 4021 in
2948 3968 3188 4037 iustitia.
3225 3966 3355 4023 Tale
3390 3978 3573 4025 autem

2011 4057 2223 4111 lucrum
2250 4074 2359 4112 non
2389 4059 2440 4112 in
2467 4066 2719 4128 promptu
2750 4066 2831 4113 est
2857 4058 3186 4127 quibuslibet
3210 4074 3449 4124 sumere.
3477 4062 3575 4117 sed

343 4158 483 4212 κατά
514 4157 602 4211 τὸν
631 4154 751 4210 νοῦν
785 4154 1167 4225 θεωρουμένων
1210 4151 1660 4222 προϐεϐλημένος.
1697 4151 1793 4204 Διά
1827 4167 1900 4203 τοι

2008 4148 2174 4202 veluti
2207 4148 2442 4217 quodam
2492 4148 2809 4213 involucro,
2840 4163 3068 4219 corpore
3103 4146 3399 4218 Scripturae
3427 4152 3577 4221 quod

342 4246 499 4304 10610
536 4252 660 4312 τοὺς
692 4246 827 4319 πρὸς
865 4247 926 4299 16
976 4244 1132 4316 σῶμα
1162 4245 1452 4315 βλέποντας
1487 4243 1585 4313 τῆς
1612 4244 1850 4314 Γραφῆς,
1881 4243 1900 4295 ἐ

2006 4236 2255 4291 divinum
2289 4245 2373 4294 est
2405 4238 2821 4293 suboccultatur
2856 4280 2872 4293 .
2912 4281 2925 4294 .
2963 4279 2976 4292 .
3011 4237 3088 4305 (a)
3136 4239 3265 4310 quia
3314 4241 3573 4298 videlicet

352 4341 669 4403 ’Λπόστολος
707 4338 968 4409 κάλυμμα
1014 4337 1106 4389 ἐπὶ
1159 4336 1255 4406 τῆς
1298 4334 1523 4405 καρδίας
1570 4334 1711 4404 ἔχειν
1755 4333 1900 4404 φησὶ,

2013 4328 2147 4399 legis
2183 4329 2414 4397 alicujus
2447 4330 2695 4396 sanctio,
2721 4331 2809 4385 vel
2842 4330 2919 4385 rei
2950 4339 3118 4401 gesta:
3150 4333 3397 4388 narratio
3430 4350 3574 4404 prae-

340 4435 437 4490 καὶ
463 4432 535 4504 μὴ
564 4430 816 4484 δύνασθαι
855 4427 990 4498 πρὸς
1017 4426 1112 4497 τὴν
1143 4425 1298 4489 δόξαν
1324 4424 1599 4493 διαϐλέψαι
1629 4424 1720 4477 τοῦ
1750 4440 1900 4476 πνευ-

2014 4421 2271 4475 tendatur
2324 4422 2392 4475 iis
2444 4424 2612 4477 rebus
2663 4438 2785 4491 quae
2843 4430 3025 4476 mente
3073 4422 3274 4478 debent
3325 4426 3573 4497 intelligi.

344 4525 573 4600 ματικοῦ
608 4524 793 4593 νόμου,
836 4517 1204 4588 κωλυομένους
1230 4518 1319 4569 διὰ
1358 4516 1448 4569 τοῦ
1486 4515 1900 4584 ὲπιὸεὸλημένου

2014 4510 2279 4576 Quocirca
2312 4512 2609 4582 Apostolus
2638 4514 2809 4574 dicit,
2845 4528 2942 4568 eos
2978 4514 3030 4567 in
3065 4515 3230 4569 corde
3260 4516 3439 4570 velum
3480 4518 3578 4570 lia-

340 4621 419 4691 τῷ
448 4616 771 4689 προσωπείῳ
800 4612 893 4665 τοῦ
923 4608 1210 4680 νομοθέτου
1243 4607 1610 4678 καλύμματος.
1642 4606 1733 4658 Διό
1757 4622 1900 4676 φησι·

2014 4601 2177 4663 bere,
2224 4616 2323 4655 nec
2367 4618 2528 4670 posse
2571 4604 2637 4657 ad
2685 4604 2818 4674 legis
2863 4605 3128 4673 spiritalis
3170 4606 3395 4674 gloriam
3446 4623 3580 4661 eon-

346 4712 418 4765 Τὸ
440 4708 673 4779 γράμμα
716 4702 1067 4765 ἀποκτείνει,
1114 4700 1181 4752 τὸ
1229 4698 1296 4751 δὲ
1343 4697 1575 4766 πνεῦμα
1617 4695 1905 4758 ζωοποιεῖ·

339 4804 551 4864 δεικνὺς
587 4802 666 4853 ὅτι
700 4794 938 4865 πολλαχῆ
978 4792 1083 4846 τῶν
1121 4789 1513 4860 γεγραμμένων
1550 4790 1583 4859 ἡ
1624 4788 1909 4859 πρόχειρος

341 4893 626 4967 ἑρμηνεία,
650 4892 695 4944 εί
721 4890 794 4960 μὴ
814 4887 955 4942 κατά
972 4887 1059 4939 16v
1088 4886 1425 4955 προσήκοντα
1445 4880 1567 4934 νοῦν
1594 4878 1910 4949 ὲκληφθείη,

341 4992 409 5058 τῇ
443 4986 530 5039 διά
564 4984 658 5037 τοῦ
694 4980 999 5051 πνεύματος
1030 4974 1455 5045 ὐποδεικνυμένῃ
1507 4972 1618 5042 ζωῇ
1661 4971 1721 5023 τὸ
1762 4972 1915 5025 ὲναν-

340 5079 454 5133 τίον
485 5077 646 5129 ποιεῖ.
688 5071 792 5126 Τοῦ
828 5071 945 5141 μὲν,
976 5067 1036 5121 16
1071 5066 1269 5119 τέλειον
1304 5065 1400 5135 τῆς
1447 5064 1644 5133 ἀρετῆς
1685 5064 1742 5115 ὲν
1772 5064 1915 5115 ἀπα-

348 5169 472 5239 θείᾳ
516 5168 650 5219 πᾶσι
680 5166 791 5223 τοῖς
816 5157 1120 5229 ἀνθρώποις
1165 5151 1581 5223 νομοθετοῦντος
1609 5168 1623 5183 ο
1680 5152 1779 5221 τῆς
1836 5150 1912 5217 δὲ,

346 5259 454 5313 τῶν
486 5252 883 5326 γεγραμμένων
931 5246 1187 5317 ἱστορίας,
1227 5243 1375 5297 ἐστιν
1418 5245 1550 5298 ὅπου
1596 5242 1691 5295 καὶ
1734 5242 1912 5311 ἀπεμ-

415 5465 438 5499 ¹¹
466 5462 511 5519 li
551 5461 679 5518 Cor.
708 5476 788 5515 ιιι.
822 5458 908 5513 Π.
984 5456 1005 5486 ⁸
1030 5452 1073 5508 ll
1111 5451 1254 5541 Tim.
1283 5453 1366 5517 iu,
1400 5448 1487 5505 i6.

405 5628 482 5694 (a)
523 5624 726 5695 Supple
751 5624 996 5695 βούλημα
1019 5640 1084 5695 ex
1102 5622 1511 5695 fcodiceiBoieo.
1538 5623 1645 5679 Lex
1674 5621 1905 5695 justitite

340 5692 471 5752 reos
495 5692 689 5753 statuit
717 5692 769 5751 et
816 5692 976 5750 morti
1011 5693 1253 5750 addicit:
1283 5694 1637 5756 EvanacIium
1676 5692 1903 5752 confert

2013 4693 2183 4758 tueri,
2216 4695 2305 4761 qui
2336 4694 2693 4763 prohibentur
2721 4712 2816 4766 per
2843 4696 3140 4751 obductum
3174 4696 3329 4751 faciei
3361 4698 3576 4769 legisla-

2013 4784 2149 4838 toris
2176 4785 2374 4839 velum.
2435 4785 2559 4841 Ideo
2606 4786 2811 4857 inquit,
2850 4785 3050 4841 Littera
3077 4788 3322 4855 perimit,
3358 4790 3576 4857 spiritus

2013 4883 2184 4927 autem
2221 4875 2483 4944 viviﬁcat.
2513 4878 2833 4942 ostendens,
2867 4878 3011 4948 quod
3043 4881 3184 4948 saepe
3221 4895 3408 4933 eorum
3456 4896 3576 4950 quas

2010 4967 2213 5035 scripta
2245 4976 2374 5021 sunt
2406 4970 2610 5037 primus
2647 4971 2741 5040 qui
2760 4970 3009 5025 occurrit
3038 4987 3258 5033 sensus,
3286 4971 3389 5025 nisi
3414 4970 3574 5040 juxta

2012 5058 2429 5113 convenientem
2471 5060 2974 5131 interpretationem
3030 5072 3302 5128 sumatur,
3347 5070 3574 5116 contra-

2011 5145 2153 5200 rium
2184 5156 2446 5218 operatur
2468 5149 2519 5205 ei
2543 5150 2668 5204 vitae
2692 5166 2814 5220 quas
2843 5166 2940 5220 per
2967 5151 3219 5225 spiritum
3246 5151 3573 5208 subdemon-

2013 5247 2219 5294 stratur
2245 5259 2260 5295 :
2292 5255 2416 5295 cum
2448 5241 2677 5312 spiritus
2706 5242 2925 5312 quidem
2946 5285 2963 5311 ,
3011 5242 3065 5298 id
3113 5250 3197 5298 est
3217 5281 3233 5306 ,
3270 5243 3576 5313 spiritualis

2008 5621 2279 5692 justitiam
2311 5629 2364 5676 et
2401 5620 2595 5692 vitam;
2637 5633 2747 5692 quo
2782 5616 2945 5672 etiam
2989 5617 3161 5673 tendit
3200 5616 3333 5688 legis
3380 5630 3574 5674 sensus

2011 5689 2294 5759 Spiritalis,
2343 5708 2467 5759 non,
2510 5689 2777 5746 litteralis.
