3922 6458
419 274 528 332 745

1679 285 1737 341 S.
1770 285 2094 344 GREGORII
2135 285 2439 343 NYSSENl

3548 303 3650 358 7M

421 388 720 461 Scriptura!
750 405 983 456 sensus,
1030 390 1421 461 perfectionem
1466 397 1691 456 virtutis
1737 402 1790 455 in
1827 418 1951 457 omn

2079 404 2372 472 φαινόντων
2401 410 2740 479 πραγμάτων
2782 414 2942 466 τινῶν
2988 417 3344 488 περιεχούσης
3376 420 3472 490 τὴν
3500 420 3649 474 ἔκθε-

418 481 709 539 ιιίῐρειιιιιιιι
774 484 1054 539 vacuitate
1107 485 1421 543 hominibus
1469 490 1735 560 imperet;
1793 494 1972 548 littera

416 592 566 635 vero.
595 574 1005 646 Scripturarum
1030 578 1289 633 historica
1306 583 1570 645 narratio,
1595 583 1788 638 alicubi
1811 586 1971 638 etiam

414 666 894 723 dissentanearum
925 670 1039 722 sive
1064 669 1473 725 abhorrentium
1502 675 1862 742 quarumdam
1892 692 1971 729 re-

412 774 536 814 rum
564 760 841 814 contineat
871 761 1271 829 expositionem
1304 779 1318 827 ;
1348 778 1410 817 ac
1440 764 1606 818 veluti
1638 774 1848 819 natura:
1881 765 1965 818 al-

413 849 746 906 fectionibus
794 865 1123 906 concurrere
1178 853 1446 916 videatur,
1498 855 1697 923 quibus
1748 856 1792 909 si
1847 857 1970 925 quis

412 952 665 1013 prompte
696 943 968 1007 attendat,
1015 944 1205 998 mortis
1245 944 1549 998 doctrinam
1605 947 1842 1001 litteram
1888 947 1966 1001 fa-

410 1033 537 1088 ciet.
574 1032 774 1088 Eorum
806 1034 971 1104 igitur
1008 1035 1097 1103 qui
1132 1035 1469 1105 corporalius
1500 1036 1556 1090 in
1591 1038 1792 1107 scripta
1828 1037 1967 1103 inci-

410 1125 548 1181 dunt
583 1125 748 1179 animi
787 1126 1056 1180 sentiendi
1092 1127 1471 1181 instrumentis
1504 1127 1801 1182 obductum
1844 1144 1967 1184 esse

409 1218 770 1272 velamentum
802 1216 977 1283 dicit;
1013 1216 1104 1285 qui
1139 1231 1267 1271 vero
1296 1216 1363 1270 ad
1398 1217 1450 1271 id
1485 1216 1630 1286 quod
1668 1227 1849 1274 mente
1882 1220 1966 1273 in-

409 1306 691 1377 telligitur,
764 1305 1189 1375 speculationem
1245 1315 1608 1370 convertunt,
1646 1308 1812 1361 veluti
1844 1323 1966 1377 per-

407 1414 540 1455 sona
577 1399 810 1469 quadam
848 1398 1105 1451 nudatam
1143 1399 1373 1453 revelari
1404 1399 1628 1468 gloriam
1666 1400 1843 1455 littera
1876 1400 1963 1455 in—

403 1494 663 1548 volutam.
685 1491 840 1557 Quod
875 1501 1054 1545 autem
1086 1491 1277 1545 altiore
1300 1492 1626 1560 cogitatione
1650 1493 1924 1547 invenitur
1944 1532 1959 1558 ,

404 1585 692 1639 Dominum
731 1600 852 1640 esse
886 1587 995 1649 ait,
1034 1584 1126 1653 qui
1162 1584 1381 1654 quidem
1414 1594 1500 1639 est
1534 1585 1759 1653 spiritus
1789 1604 1801 1640 :
1839 1601 1959 1640 cum

403 1678 549 1731 enim
583 1676 647 1729 ad
684 1674 975 1729 Dominum
1005 1691 1064 1729 se
1089 1676 1456 1740 converterit,
1486 1676 1726 1730 velamen
1756 1676 1957 1732 auferri

400 1767 565 1832 dicit,
607 1766 863 1821 Dominus
895 1776 1067 1819 autem
1106 1768 1318 1833 spiritus
1359 1778 1457 1822 est.
1499 1766 1614 1822 Hoc
1653 1776 1834 1823 autem
1875 1767 1958 1821 di-

400 1858 509 1921 cit,
548 1858 793 1910 servituti
830 1856 1026 1910 littera:
1060 1856 1493 1909 dominationem
1526 1857 1756 1926 spiritus
1788 1872 1958 1926 oppo-

399 1963 565 2014 nens;
598 1955 657 2001 ut
687 1947 833 2001 enim
866 1947 914 2000 ei
944 1947 1086 2016 quod
1121 1948 1416 2013 interﬁcit,
1463 1948 1687 2017 apponit
1721 1949 1776 2003 id
1810 1949 1956 2019 quod

395 2038 634 2096 viviﬁcat
662 2081 677 2104 ,
712 2038 794 2092 sic
846 2037 1134 2091 Dominum
1185 2039 1440 2093 servituti
1487 2040 1762 2094 adversari
1799 2040 1953 2098 facit.

400 2128 483 2185 Ac
536 2144 604 2182 ne
648 2128 1029 2183 confusionem
1065 2129 1302 2198 aliquam
1353 2131 1623 2199 patiamur
1655 2131 1721 2185 de
1749 2130 1955 2201 Spiritu

394 2229 590 2274 sancto
611 2261 624 2283 ,
657 2220 784 2273 dum
821 2220 1081 2274 docemur
1115 2235 1213 2290 per
1245 2236 1433 2275 vocem
1466 2220 1697 2287 Domini,
1727 2223 1792 2276 ad
1824 2224 1953 2279 Uni-

394 2311 562 2380 geniti
598 2310 910 2380 opinionem
942 2310 1199 2373 adducti,
1250 2320 1537 2380 propterea
1583 2315 1955 2382 resumptione

394 2416 703 2456 sermonem
750 2401 1086 2465 communit,
1131 2409 1185 2455 et
1234 2400 1521 2456 Dominum
1567 2401 1830 2471 Spiritum
1873 2405 1955 2457 di-

391 2509 523 2548 cens
544 2532 558 2556 ,
605 2502 658 2548 et
693 2492 955 2563 Spiritum
985 2492 1270 2547 Dominum
1319 2493 1594 2562 appellans
1615 2536 1628 2557 ,
1660 2503 1711 2547 ut
1746 2511 1839 2563 per
1870 2496 1954 2548 di-

388 2590 649 2657 gnitatem
711 2585 1136 2648 dominationis,
1171 2597 1381 2641 natura:
1427 2587 1798 2641 excellentiam
1855 2586 1952 2641 de-

388 2685 687 2743 monstret,
720 2686 771 2730 ct
809 2677 1166 2748 hypostaseos
1208 2680 1322 2732 sive
1354 2694 1598 2748 persona:
1644 2678 1951 2747 proprieta-

389 2779 497 2824 tem
532 2784 638 2822 non
675 2766 979 2822 confundat
1022 2782 1291 2823 sermone.
1328 2768 1429 2835 Qui
1481 2770 1622 2822 enim
1669 2776 1722 2823 et
1769 2767 1952 2821 Domi-

387 2877 516 2914 num
554 2848 725 2930 ipsum
764 2870 816 2913 et
860 2859 1126 2930 Spiritum
1176 2859 1385 2914 Domini
1443 2862 1607 2923 dicit,
1669 2859 1946 2929 proprium

385 2952 514 3022 quid
550 2965 744 3020 praeter
796 2950 1095 3020 Unigenam
1128 2952 1427 3021 intelligere
1458 2953 1613 3004 docet
1647 2970 1658 3004 :
1689 2950 1948 3019 quemad-

2077 509 2179 556 σιν,
2195 496 2287 549 καὶ
2310 499 2467 552 οἱονεὶ
2489 502 2793 571 συντρέχειν
2813 504 3169 577 νομιζομένης
3184 512 3292 570 τοῖς
3315 510 3413 578 τῆς
3432 510 3646 577 φύσεως

2074 585 2319 652 πάθεσιν,
2355 582 2434 653 οἷς
2467 590 2626 656 εἴτις
2662 595 2913 665 προσέχοι
2943 598 3082 651 κατά
3118 601 3177 652 τὸ
3210 602 3513 672 πρόχειρον,
3550 605 3645 658 θαο

2074 678 2232 759 νάτου
2277 680 2619 735 διδασκαλίαν
2663 686 2723 737 τὸ
2759 688 2991 758 γράμμα
3038 693 3340 762 ποιήσεται.
3382 696 3501 748 Τῶν
3544 698 3644 766 μὲν

2072 766 2164 822 οὗν
2199 772 2648 845 σωματικὼτερον
2683 779 2793 839 τοῖς
2836 781 3239 850 γεγραμμένοις
3288 786 3643 855 ἐντυγχανόν-

2070 877 2197 922 των,
2241 864 2637 935 προϐεϐλῆσθαί
2676 885 2805 936 φησι
2876 870 2982 922 τῶν
3025 872 3122 941 τῆς
3167 873 3341 945 ψυχῆς
3383 878 3645 949 αἰσθητη-

2072 954 2202 1023 ρίων
2239 954 2299 1008 τὸ
2348 957 2634 1028 κάλυμμα’
2677 960 2783 1014 τῶν
2825 961 2877 1013 δὲ
2917 964 2996 1026 είς
3030 964 3090 1016 τὸ
3136 968 3320 1035 νοητὸν
3364 968 3460 1039 τὴν
3507 971 3642 1024 θεω-

2073 1044 2192 1115 ρίαν
2223 1047 2548 1115 τρεπόντων,
2581 1043 2689 1102 οἷον
2723 1054 3063 1121 προσωπείου
3092 1057 3234 1117 τινὸς
3264 1062 3642 1129 γυμνωθείσαν

2068 1136 2534 1191 ἀνακαλύπτεσθαι
2561 1140 2656 1210 τὴν
2682 1143 3004 1215 ὲγκειμένην
3044 1146 3199 1213 δόξαν
3226 1148 3302 1219 τῷ
3330 1151 3636 1223 γράμματι.

2068 1226 2140 1279 Τὸ
2165 1227 2220 1280 δὲ
2245 1228 2329 1281 διὰ
2358 1229 2457 1298 τῆς
2481 1232 2812 1303 ὑψηλοτέρας
2832 1238 3204 1307 κατανοήσεως
3228 1241 3634 1312 εὑρισκόμενον,

2065 1317 2266 1389 Κύριον
2308 1316 2445 1374 εἶναί
2498 1340 2679 1392 φησιν,
2710 1325 2844 1393 ὅπερ
2871 1326 2984 1379 ἐστὶ
3028 1328 3261 1399 πνεῦμα.
3306 1332 3495 1385 Ἡνίκα
3529 1335 3639 1406 γάρ

2065 1408 2131 1462 ἂν
2169 1412 2467 1485 ἐπιστρέψῃ
2508 1415 2640 1483 πρὸς
2682 1416 2904 1486 Κύριον,
2948 1422 3343 1492 περιαιρεῖσθαι
3382 1423 3528 1491 λέγει
3574 1426 3636 1478 τὸ

2065 1502 2356 1573 κάλυμμα⁶
2403 1504 2453 1555 '0
2495 1504 2561 1557 δὲ
2600 1507 2811 1574 Κύριος
2849 1508 2914 1561 τὸ
2943 1510 3176 1580 πνεῦμά
3205 1513 3354 1567 ἐστι.
3390 1516 3550 1583 Λέγει
3575 1517 3633 1570 δὲ

2062 1592 2236 1654 τοῦτο,
2278 1598 2343 1665 τῇ
2393 1595 2603 1667 δουλεία
2649 1599 2741 1650 τοῦ
2795 1601 3117 1670 γράμματος
3162 1602 3259 1673 τὴν
3300 1603 3392 1657 τοῦ
3420 1607 3633 1676 Πατρὸς

2064 1686 2399 1754 άντιδιαιρῶν
2430 1690 2741 1760 κυριότητα.
2788 1693 2872 1754 Ὠς
2894 1693 3001 1763 γὰρ
3046 1693 3123 1764 τῷ
3160 1696 3541 1752 ἀποκτεννύντι
3569 1699 3632 1752 τὸ

2062 1778 2353 1841 ζωοποιοῦν
2411 1780 2758 1833 ἀντιτίθεται·
2825 1782 2996 1847 οὑτως
3066 1786 3478 1843 άντιδιαστέλλει
3539 1790 3630 1843 τὸν

2060 1868 2261 1937 Κύριον
2315 1873 2379 1941 τῇ
2426 1871 2656 1940 δουλείᾳ.
2705 1875 2810 1925 Καὶ
2847 1874 2922 1937 ὡς
2966 1876 3031 1929 ἂν
3084 1878 3156 1948 μή
3209 1896 3326 1931 τινα
3371 1880 3630 1951 σύγχυσιν

2060 1954 2324 2041 πάθοιμεν
2373 1958 2497 2028 περὶ
2547 1959 2639 2011 τοῦ
2690 1961 2843 2027 ἁγίου
2898 1963 3212 2033 Πνεύματος
3257 1968 3628 2041 διδασκόμενοι

2057 2039 2143 2091 διὰ
2170 2043 2266 2109 τῆς
2293 2041 2382 2093 τοῦ
2414 2044 2613 2113 Κυρίου
2648 2046 2845 2115 φωνῆς,
2883 2048 3018 2114 πρὸς
3045 2049 3140 2119 τὴν
3162 2050 3256 2102 τοῦ
3294 2039 3629 2122 Μονογενοῦς

2057 2129 2308 2182 ὑπόνοιαν
2346 2132 2688 2199 ἐναγόμενοι·
2722 2135 2807 2186 διὰ
2854 2136 3011 2191 τοῦτο
3054 2142 3119 2210 τῇ
3162 2142 3493 2214 ἐπαναλήψει
3537 2146 3630 2199 τὸν

2056 2218 2209 2287 λόγον
2243 2222 2716 2289 κατασφαλίζεται,
2752 2226 2845 2277 καὶ
2873 2227 3073 2299 Κύριον
3105 2228 3166 2281 τὸ
3189 2232 3409 2302 Πνεῦμα
3435 2235 3625 2301 εἰπὼν,

2055 2309 2148 2362 καὶ
2195 2310 2417 2381 Πνεῦμα
2448 2314 2648 2382 Κύριον
2695 2319 3164 2389 προσαγορεύσας,
3218 2321 3303 2373 ἵνα
3345 2321 3422 2391 τῷ
3462 2327 3629 2397 τιμίῳ

2052 2399 2152 2468 τῆς
2184 2402 2517 2471 κυριότητος,
2545 2403 2606 2454 τὸ
2633 2404 2726 2473 τῆς
2762 2404 2973 2472 φύσεως
3014 2408 3273 2479 ὑπερέχον
3305 2412 3626 2484 ἐνδείξηται,

2053 2492 2147 2543 καὶ
2171 2490 2229 2543 τὸ
2256 2493 2355 2561 τῆς
2384 2495 2730 2555 ὑποστάσεως
2762 2496 2959 2560 ἰδιάζον
3013 2499 3086 2569 μὴ
3121 2501 3322 2573 συγχέῃ
3350 2502 3427 2573 τῷ
3457 2504 3624 2576 λόγῳ.

2064 2580 2121 2631 ὐ
2154 2579 2262 2649 γάρ
2294 2581 2383 2633 καὶ
2408 2582 2608 2651 Κύριον
2634 2584 2813 2646 αὑτὸν,
2845 2586 2935 2637 καὶ
2960 2588 3159 2657 Κυρίου
3185 2591 3402 2662 Πνεῦμα
3433 2594 3625 2661 εἰπὼν,

2056 2668 2185 2723 ἴδιόν
2226 2687 2277 2723 τι
2311 2672 2459 2742 παρὰ
2508 2672 2598 2724 τὸν
2647 2672 2922 2745 Μονογενῆ
2963 2675 3200 2731 διδάσκει
3234 2683 3398 2733 νοεῖν*
3436 2681 3627 2756 ὥσπερ

2053 2759 2147 2812 καὶ
2185 2759 2409 2829 ἑτέρωθι
2458 2759 2695 2831 Χριστοῦ
2739 2762 2952 2832 πνεῦμα
2989 2763 3159 2831 λέγει·
3204 2767 3264 2818 τὸ
3307 2768 3436 2821 αὑτὸ
3469 2770 3626 2826 τοῦτο

2048 2849 2226 2911 καλῶς
2264 2851 2354 2902 καὶ
2397 2850 2691 2920 μυστικῶς,
2737 2851 2798 2902 τὸ
2844 2852 2983 2905 κατὰ
3032 2855 3131 2924 τὴν
3167 2856 3480 2910 ἀκολουθίαν
3528 2862 3622 2913 τοῦ

2045 2938 2310 3009 δόγματος
2338 2939 2558 3003 εὐσεϐὲς
2588 2942 2726 2993 κατά
2776 2941 2873 3013 τὴν
2924 2943 3281 3015 εύαγγελικὴν
3328 2948 3623 3017 παράδοσιν

383 3045 605 3098 modum
641 3052 693 3097 et
729 3044 853 3097 alibi
890 3043 1090 3097 Christi
1138 3044 1387 3113 spiritum
1434 3042 1567 3096 dicit
1600 3061 1613 3097 :
1662 3043 1763 3095 hoc
1802 3042 1940 3094 idem

2054 3028 2393 3098 ὑπογράφων.
2448 3029 2632 3093 υῦτως
2683 3033 2842 3101 ἡμεῖς
2902 3034 2949 3084 οί
3003 3034 3218 3087 πάντων
3272 3036 3621 3092 ὲλεεινότατοι

382 3138 641 3206 praeclare
675 3142 726 3189 et
761 3136 1020 3206 mystice,
1058 3136 1109 3189 id
1140 3143 1223 3188 est
1257 3149 1486 3199 arcane,
1524 3143 1574 3185 et
1616 3135 1760 3203 quod
1808 3149 1935 3187 con-

390 3235 650 3282 sentanee
685 3228 828 3295 pium
862 3235 977 3292 est,
1014 3228 1310 3281 secundum
1359 3226 1720 3294 evangelicam
1774 3226 1942 3277 tradi-

380 3319 584 3373 tionem
624 3318 938 3388 designans.
976 3318 1067 3373 Sic
1115 3334 1215 3372 nos
1271 3319 1361 3387 qui
1411 3319 1652 3371 omnium
1707 3318 1941 3371 maxime

381 3409 680 3464 miserandi
710 3408 980 3471 dicimur,
1009 3406 1078 3459 ab
1096 3405 1356 3477 Apostolo
1396 3408 1725 3471 instituti,ex
1762 3408 1939 3460 littera

380 3518 501 3571 quae
527 3502 765 3568 occidit,
806 3502 870 3554 ad
904 3501 1153 3569 spiritum
1184 3500 1571 3552 viviﬁcatorem
1603 3498 1935 3561 transimus,

378 3593 559 3647 edocti
595 3593 663 3646 ab
696 3608 762 3647 eo
793 3594 883 3661 qui
922 3594 973 3645 in
1010 3591 1261 3662 paradiso
1297 3606 1492 3643 arcana
1530 3591 1820 3645 ineﬂ‘abilia
1854 3590 1937 3643 di-

378 3683 512 3737 dicit
535 3725 548 3745 ,
575 3683 716 3751 quod
749 3698 1088 3752 quaecunque
1116 3697 1271 3739 sai-ra
1308 3680 1589 3747 Scriptura
1620 3684 1782 3747 dicit,
1813 3681 1936 3751 Spi-

377 3776 518 3829 ritus
563 3776 735 3829 sancti
773 3776 882 3828 sint
918 3789 1077 3830 voces
1128 3777 1239 3830 sive
1278 3774 1460 3828 ell‘ata.
1501 3773 1766 3827 Pra'clare
1802 3784 1938 3826 certe

377 3865 607 3935 Spiritus
645 3878 860 3920 sanctus
897 3866 1099 3919 locutus
1130 3876 1205 3919 est
1242 3883 1331 3930 per
1365 3865 1562 3918 Isaiam
1596 3865 1896 3934 prophetam
1918 3904 1932 3924 ,

373 3955 688 4024 prophetans
715 3955 955 4021 patribus
1020 3956 1214 4008 nostris
1245 3955 1285 4008 ’.
1333 3952 1447 4007 Hoc
1489 3954 1553 4006 ad
1594 3952 1809 4006 Judaeus
1843 3954 1932 4022 qui

373 4043 559 4097 Roma:
591 4053 749 4097 erant
784 4060 910 4097 cum
946 4043 1118 4106 dixit.
1158 4044 1309 4098 Isaia:
1345 4058 1506 4098 voces
1546 4042 1728 4096 infert.
1773 4041 1834 4095 Et
1869 4042 1934 4096 ad

374 4134 632 4190 Hebraeos
653 4150 773 4189 cum
799 4136 1183 4205 praeposuisset
1209 4136 1461 4204 spiritum
1481 4175 1495 4198 ,
1522 4136 1575 4188 in
1600 4134 1798 4203 quibus
1826 4135 1930 4198 ait,

374 4224 707 4294 Quapropter
735 4227 867 4278 sicut
896 4225 1024 4279 dicit
1059 4225 1288 4294 Spiritus
1320 4227 1365 4257 ¹⁰
1386 4268 1401 4291 ,
1434 4227 1521 4279 ille
1553 4233 1775 4280 sanctus
1808 4225 1935 4278 sub-

366 4314 489 4386 jicit
518 4318 710 4386 psalmi
744 4318 785 4347 “
817 4317 1010 4381 verba,
1043 4332 1107 4370 ex
1145 4331 1380 4385 persona
1426 4315 1517 4370 Dei
1566 4316 1684 4369 fuse
1728 4325 1781 4369 et
1827 4316 1934 4370 late

2042 3120 2190 3189 παρὰ
2219 3120 2312 3172 τοῦ
2352 3123 2669 3174 Ἀποστόλου
2700 3125 3233 3195 μυσταγωγούμενοι,
3262 3130 3323 3180 ἐκ
3353 3128 3445 3182 τοῦ
3484 3132 3621 3184 ἀπο-

2041 3211 2352 3276 κτεννύντος
2378 3213 2698 3283 γράμματος
2727 3214 2863 3283 πρὸς
2903 3215 2963 3268 τὸ
3011 3217 3304 3280 ζωοποιοῦν
3352 3222 3616 3289 μεταϐαί-

2039 3321 2199 3373 νομεν
2225 3303 2460 3373 πνεῦμα,
2485 3306 2743 3374 μαθόντες
2762 3308 2909 3376 παρά
2928 3307 3021 3360 τοῦ
3048 3309 3344 3379 μυηθέντος
3366 3313 3423 3362 ὲν
3449 3329 3618 3382 παραυ

2037 3394 2196 3464 δείσῳ
2218 3394 2285 3447 τά
2324 3397 2568 3466 ἀρρηταο
2596 3397 2677 3449 ὅτι
2707 3398 2807 3450 ὅσα
2842 3399 2874 3468 ἡ
2920 3399 3037 3453 θεία
3076 3400 3468 3471 Γραφὴλέγει,
3520 3404 3613 3457 τοῦ

2039 3486 2351 3555 Πνεύματός
2399 3489 2505 3539 είσι
2542 3487 2635 3539 τοῦ
2680 3490 2835 3556 ἁγίου
2883 3490 3301 3557 φωναί.Κιι.λὼς
3325 3493 3431 3560 γὰρ
3458 3510 3607 3560 προ-

2036 3577 2333 3646 εφήτευσε
2351 3578 2415 3631 τὸ
2434 3581 2673 3649 Πνεῦμα
2688 3583 2752 3633 τὸ
2769 3581 2938 3650 ἅγιον
2957 3598 2969 3610 ⁸
2989 3581 3142 3634 τοῦτο
3167 3582 3299 3653 πρὸς
3320 3584 3443 3645 τοὺς
3474 3585 3613 3638 κατά

2050 3669 2264 3740 Ῥώμην
2304 3670 2587 3734 Ἰουδαίους
2640 3672 2828 3729 εἰπὼν.
2862 3673 2959 3735 τάς
3000 3674 3218 3726 Ἡσαΐου
3260 3676 3441 3744 φωνάς
3493 3678 3611 3729 ἐπι-

1984 3778 1987 3781 ·
2038 3760 2210 3829 φέρειο
2238 3761 2329 3814 καὶ
2356 3762 2491 3833 πρὸς
2524 3762 2803 3833 Ἐϐραίους
2826 3763 2885 3815 τὸ
2906 3764 3120 3834 πνεῦμα
3141 3766 3430 3835 προτάξας,
3451 3769 3507 3819 ὲν
3530 3762 3612 3830 οἷς

2036 3868 2230 3919 φησιν,
2268 3855 2348 3906 ὅτι
2388 3854 2485 3907 Διὸ
2528 3855 2719 3920 καθὼς
2748 3854 2906 3922 λέγει
2941 3855 3007 3908 τὸ
3041 3856 3280 3925 Πνεῦμα
3319 3860 3381 3911 τὸ
3414 3858 3605 3927 ἅγιον,

2037 3944 2228 4011 ὲπάγει
2256 3945 2321 3997 τά
2347 3945 2446 4015 τῆς
2478 3946 2792 4016 ψαλμῳδίας
2824 3949 3060 4018 ῥήματα,
3103 3947 3172 4000 τά
3216 3950 3279 4001 ὲκ
3317 3950 3607 4018 προσώπου

2034 4035 2127 4088 τοῦ
2151 4036 2284 4088 Θεοῦ
2309 4036 2612 4100 διεξοδικῶς
2634 4039 2914 4108 εἰρημένα.
2954 4040 3063 4093 Καὶ
3093 4041 3220 4109 παρ’
3243 4041 3404 4092 αὑτοῦ
3429 4041 3486 4093 δὲ
3509 4041 3603 4093 τοῦ

2034 4128 2236 4199 Κυρίου
2275 4128 2334 4180 τὸ
2375 4123 2490 4183 ἴσον
2535 4130 2825 4199 ἐμάθομεν,
2857 4132 2938 4184 ὅτι
2978 4130 3139 4184 Δαϐὶδ
3184 4131 3282 4183 οὑκ
3322 4132 3380 4183 ὲν
3425 4132 3602 4201 ἑαυτῷ

2037 4220 2231 4289 μένων,
2280 4220 2419 4272 τοῦτ’
2454 4219 2597 4273 ἔστιν
2643 4224 2703 4273 οὑ
2750 4221 2892 4274 κατὰ
2928 4222 3027 4291 τὴν
3064 4221 3405 4291 ἀνθρωπίνην
3442 4222 3603 4289 φύσιν

2037 4309 2419 4381 φθεγγόμενος,
2447 4311 2512 4363 τὰ
2540 4311 2764 4381 οὐράνια
2789 4312 2983 4383 διεξῄει
3030 4314 3316 4383 μυστήρια.
3346 4313 3468 4376 Πῶς
3494 4314 3602 4384 γάρ

370 4406 537 4459 dicta.
593 4406 657 4459 Et
709 4407 777 4459 ab
820 4406 940 4474 ipso
989 4405 1216 4459 llonnino
1249 4406 1385 4460 idem
1420 4406 1749 4467 didicimus,
1785 4406 1928 4475 quod

2054 4402 2097 4455 iv
2147 4419 2228 4463 τις
2274 4401 2553 4472 ἄνθρωπος
2595 4404 2688 4467 ὢν,
2736 4403 2824 4455 τὸν
2870 4405 3188 4473 ἐπουράνιον
3236 4402 3477 4471 διάλογον
3508 4405 3599 4456 τοῦ

370 4494 543 4549 David
573 4511 682 4549 non
734 4496 788 4549 in
840 4512 900 4550 se
949 4510 1205 4557 manens,
1241 4496 1289 4548 id
1322 4503 1441 4559 est,
1478 4511 1584 4548 non
1633 4494 1929 4549 secundum

2054 4493 2240 4562 ἰατρὸς
2270 4494 2402 4564 πρὸς
2434 4493 2521 4545 τὸν
2557 4494 2681 4546 Υίὸν
2709 4494 2891 4565 γνοίη;
2938 4494 3076 4546 Ἀλλ’
3102 4494 3160 4546 ὲν
3190 4494 3466 4564 Πνεύματι
3501 4493 3596 4556 ὢν,

368 4589 667 4643 humanam
702 4598 950 4641 naturam
982 4602 1283 4656 personans
1308 4588 1547 4641 cmlestia
1576 4587 1932 4640 annuntiabat

2054 4586 2122 4636 παὶ
2158 4584 2358 4654 Κύριον
2396 4580 2515 4637 εἶπε
2544 4584 2622 4655 τῷ
2650 4587 2836 4656 Κυρίῳ
2861 4586 3038 4640 λαλεῖν
3064 4585 3099 4639 ἃ
3131 4585 3367 4656 εἴρηκεν.
3398 4589 3467 4641 Ei
3492 4588 3599 4656 γὰρ

368 4679 651 4749 mysteria.
689 4678 975 4744 Quomodo
1003 4680 1147 4732 enim
1183 4680 1309 4748 quis
1337 4678 1499 4731 homo
1527 4677 1798 4732 exsistens
1828 4690 1932 4730 ca:-

2054 4673 2202 4726 la6‘i6
2225 4674 2294 4727 ἑν
2317 4675 2627 4744 πνεύματι,
2651 4676 2802 4746 φησὶ,
2822 4676 2995 4730 καλεῖ
3016 4675 3200 4730 αὐτὸν
3218 4677 3455 4742 Κύριον,
3471 4675 3595 4741 πῶς

367 4770 505 4825 leste
553 4770 885 4839 colloquium
940 4768 1115 4824 Patris
1148 4786 1270 4823 cum
1307 4768 1443 4823 Filio
1494 4768 1784 4823 novisset?
1831 4767 1925 4821 sed

2054 4768 2166 4829 Γὶός
2182 4766 2366 4819 αὐτοῦ
2381 4766 2581 4833 ἐστιν;
2608 4767 2812 4821 Οὐκοῦν
2834 4771 2899 4839 τῇ
2929 4770 3151 4840 δυνάμει
3179 4769 3271 4822 τοῦ
3288 4770 3595 4839 Πνεύματος

369 4862 575 4933 Spiritu
627 4862 836 4916 aﬂlatus
891 4861 1059 4925 dixit,
1125 4863 1286 4916 etiam
1342 4860 1632 4914 Dominum
1697 4858 1926 4911 Domino

2057 4858 2071 4908 ί
2118 4857 2527 4927 θεοφορούμενοι
2582 4858 2688 4913 τῶν
2739 4859 2907 4926 ἁγίων
2963 4860 3305 4930 ἐμπνέονται.
3355 4859 3460 4913 Καὶ
3510 4860 3594 4912 διὰ

366 4956 513 5025 loqui
543 4971 664 5025 qua:
690 4956 850 5009 dixit.
881 4952 941 5008 Si
971 4955 1107 5007 enim
1145 4951 1308 5005 David
1343 4953 1393 5003 in
1454 4952 1673 5017 spiritu,
1720 4951 1922 5018 inquit.

2054 4945 2176 4998 οῦτο
2214 4947 2360 4998 πᾶσα
2408 4945 2596 5016 Γραφὴ
2630 4946 2978 5009 θεόπνευστος
3012 4947 3249 5015 λέγεται,
3279 4946 3364 4998 διὰ
3405 4945 3465 4997 τὸ
3496 4946 3591 5014 τῆς

364 5058 511 5099 vocnt
554 5062 671 5099 eum
721 5045 1035 5103 Dominum,
1084 5041 1342 5111 quomodo
1377 5040 1547 5094 Filius
1596 5044 1708 5109 ejus
1738 5050 1814 5094 est
1848 5038 1927 5091 "?

2054 5038 2168 5099 είας
2194 5037 2536 5107 ὲμπνεύσεως
2564 5034 2699 5091 εἶναι
2734 5038 3094 5091 διδασκαλίαν.
3129 5040 3189 5091 Ei
3222 5034 3590 5108 περιαιρεθείη

364 5138 506 5209 Ergo
537 5140 759 5192 numine
806 5137 967 5191 amati
1017 5135 1192 5191 sancti
1248 5142 1399 5187 vates
1444 5133 1643 5186 virtute
1688 5130 1924 5201 Spiritus

2054 5130 2079 5182 ὸ
2119 5129 2418 5198 σωματικὸν
2455 5129 2547 5182 τοῦ
2576 5130 2730 5197 λόγου
2757 5130 3148 5200 προκάλυμμα,
3181 5130 3242 5182 τὸ
3278 5128 3588 5197 λειπόμενον

364 5231 538 5284 sancti
576 5229 958 5299 inspirantur:
995 5235 1047 5282 et
1081 5226 1204 5280 ideo
1236 5225 1414 5279 omnis
1454 5222 1734 5290 Scriptura
1782 5222 1920 5275 divi-

2054 5221 2222 5291 ἱύριός
2247 5224 2378 5284 ἐστι,
2408 5224 2500 5275 καὶ
2522 5223 2634 5293 ζωὴ
2663 5224 2754 5276 καὶ
2781 5222 3017 5291 πνεῦμα,
3044 5223 3184 5274 κατά
3208 5238 3265 5273 τε
3301 5220 3389 5272 τὸν
3418 5219 3589 5287 μέγαν

363 5324 510 5375 nitus
545 5323 810 5390 inspirata
841 5320 1043 5374 dicitur
1077 5319 1150 5383 ",
1187 5317 1313 5387 quia
1352 5316 1423 5369 sit
1459 5315 1653 5368 divinae
1682 5314 1916 5381 inspira-

2054 5314 2252 5373 Ιαῦλον,
2280 5315 2370 5366 καὶ
2401 5314 2539 5366 κατά
2568 5313 2663 5384 τὴν
2685 5313 2779 5365 τοῦ
2816 5313 3139 5380 Εὑαγγελίου
3166 5313 3366 5381 φωνήν.
3407 5309 3465 5363 Ὀ
3492 5310 3586 5378 μὲν

362 5413 527 5467 tionis
560 5414 826 5467 doctrina.
878 5412 933 5466 Si
979 5423 1299 5480 corporeum
1337 5408 1674 5460 involucrum
1709 5405 1914 5456 circum

2054 5403 2128 5473 ’ἀρ
2155 5403 2356 5466 Παῦλος
2384 5404 2461 5474 τῷ
2496 5404 2875 5475 ἐπιστρέψαντι
2908 5406 2971 5457 ἐκ
2992 5404 3081 5456 τοῦ
3102 5404 3424 5473 γράμματος
3454 5402 3585 5472 πρὸς

361 5503 660 5569 auferatur,
694 5504 964 5574 reliquum
997 5501 1258 5556 Dominus
1287 5506 1393 5560 est,
1430 5497 1539 5550 vita
1564 5506 1616 5550 et
1649 5495 1876 5563 spiritus
1899 5535 1912 5559 ,

2054 5494 2079 5545 ὸ
2126 5494 2359 5565 πνεῦμα,
2409 5497 2587 5548 οὑκέτι
2635 5497 2730 5566 τὴν
2777 5494 3098 5567 ἀναιροῦσαν
3150 5494 3407 5563 δουλείαν,
3452 5490 3582 5549 ἀλλά

1540 5695 1579 5727 ¹¹
1605 5692 1749 5749 Psal.
1786 5706 1928 5758 χειν,
1955 5689 2007 5745 8.
2085 5691 2127 5723 η
2160 5689 2347 5745 Matth.
2385 5707 2517 5759 xm,
2546 5694 2633 5748 45.
2715 5694 2758 5725 ⁸³
2793 5691 2831 5747 ll
2860 5692 3000 5749 Tim.
3036 5706 3118 5757 ιιι,
3156 5692 3239 5749 l6.

432 5702 453 5733 ⁹
481 5700 598 5756 Act.
630 5714 823 5766 xxvut,
852 5698 942 5754 25.
1020 5698 1063 5731 ὀ
1097 5696 1260 5753 Hebr.
1296 5710 1379 5763 ιιι,
1407 5694 1461 5749 7.
