3922 6478
279 348 386 403 765

1369 344 1645 402 CONTRA
1680 341 2069 407 EUNOMIUM,
2108 336 2237 396 LIB.
2281 340 2391 395 VII.

3424 338 3536 396 766

276 461 483 531 Κύριον
522 454 640 513 εἷπε
668 456 1198 529 καταλαμϐάνεσθαι,
1227 458 1285 520 ὃς
1317 458 1377 512 τὸ
1409 458 1670 522 ζωοποιὸν
1694 456 1858 510 πνεῦ-

1972 458 2112 510 iuxta
2141 468 2395 525 magnum
2430 451 2659 505 Paulum
2711 458 2765 506 et
2811 449 3088 521 Evangelii
3136 464 3342 506 vocem.
3385 450 3522 507 Nam

279 551 359 620 μά
390 554 527 605 ἐστι.
554 552 627 603 T6
651 550 707 603 δὲ
736 551 938 622 ὑψηλὸν
970 550 1296 618 Εύαγγέλιον
1322 552 1453 621 φησί
1478 566 1491 580 ⁶
1529 552 1607 604 Τὰ
1621 549 1860 618 ῥήματα

276 644 318 697 d
338 642 453 713 ἐγὼ
483 643 652 696 λαλῶ
688 643 928 713 πνεῦμά
954 644 1081 697 ἐστι
1109 643 1205 697 καὶ
1250 642 1381 708 ζωὴ,
1425 643 1501 706 ὠς
1529 642 1710 712 γυμνὰ
1735 641 1861 694 ὄντα

274 734 371 788 τού
404 733 715 803 σωματικοῦ
747 735 1227 806 προκαλύμματος.
1260 734 1462 788 Οὐσίαν
1502 734 1559 786 δέ
1603 732 1697 786 τοῦ
1743 734 1859 788 Mo-

277 827 529 895 νογενοῦς
582 828 644 880 τὸ
706 826 922 898 πνεῦμα
973 831 1142 891 νοεῖν,
1200 828 1325 889 τοὺς
1383 826 1756 896 ὀνειροπόλους
1795 826 1862 878 ἂν

276 920 539 989 φήσωμεν
564 935 576 947 ·
629 918 827 988 μᾶλλον
878 918 934 971 δὲ
978 920 1118 972 κατά
1173 918 1482 990 περιουσίαν
1531 917 1731 988 πολλὴν
1769 916 1863 970 καὶ

276 1014 391 1074 τοῖς
445 1011 666 1064 ἐκείνων
727 1012 1041 1082 χρησόμεθα
1068 1052 1086 1077 ,
1123 1013 1215 1066 καὶ
1279 1010 1365 1064 διὰ.
1428 1009 1535 1064 τῶν
1608 1010 1863 1063 ἐναντίων

279 1102 449 1172 βελῶν
515 1101 913 1171 καθοπλίσομεν
965 1101 1064 1170 τὴν
1137 1100 1417 1172 ἀλήθειαν.
1474 1099 1689 1164 Ἔξεστι
1758 1098 1864 1169 γὰρ

277 1194 707 1263 συλαγωγεὴθαι
773 1194 926 1267 παρά
981 1194 1089 1248 τῶν
1158 1192 1504 1265 Ἰσραηλιτῶν
1558 1192 1649 1245 τὸν
1703 1191 1866 1259 Αἰγύ-

279 1304 459 1348 πτιον,
503 1286 594 1339 καὶ
645 1286 866 1354 ποιῆσαι
905 1285 997 1339 τὸν
1052 1286 1273 1339 ἐκείνων
1325 1284 1552 1338 πλοῦτον
1600 1284 1866 1355 ἡμέτερον

279 1378 503 1448 κόσμον.
538 1379 601 1431 Εἰ
634 1377 850 1446 πνεῦμα
876 1377 1089 1446 λέγεται
1116 1378 1207 1431 τοῦ
1233 1377 1356 1431 Υίοῦ
1384 1378 1416 1446 ἡ
1441 1378 1616 1439 οὐσία,
1653 1377 1868 1446 πνεῦμα

275 1469 334 1523 δὲ
362 1472 456 1524 καὶ
495 1471 524 1523 6
560 1469 725 1531 Θεός’
757 1470 897 1522 οὔτω
938 1469 1047 1537 γὰρ
1087 1469 1231 1537 λέγει
1280 1469 1372 1523 καὶ
1413 1469 1472 1522 τὸ
1517 1468 1867 1537 Εὑαγγιὲλιον⁹

279 1564 376 1615 καὶ
424 1564 455 1632 ἡ
514 1561 607 1615 τοῦ
656 1562 869 1632 Πατρός
909 1561 1064 1615 οὐσία
1107 1562 1322 1624 πάντως
1357 1562 1575 1629 λέγεται
1632 1559 1866 1629 πνεῦμα.

293 1654 454 1707 Ἀλλά
496 1654 654 1724 μόνον
692 1653 913 1707 ἐκείνων
953 1653 1109 1723 λόγος
1151 1654 1288 1717 ἐστὶ,
1323 1652 1391 1706 τά
1438 1652 1705 1723 ἀνομοίως
1732 1668 1868 1722 προ-

284 1743 579 1812 φερόμενοι,
615 1742 711 1795 καὶ
743 1743 884 1795 κατά
910 1741 1005 1812 τὴν
1032 1742 1193 1811 φύσιν
1237 1741 1505 1813 ἀνομοίως
1543 1740 1712 1810 ἔχειν’
1746 1756 1869 1791 συν-

282 1832 475 1900 άγεται
513 1833 746 1897 πάντως,
795 1832 863 1886 τά
907 1833 1167 1894 ὡσαύτως
1217 1831 1503 1901 λεγόμενα,
1547 1830 1681 1901 μηδὲ
1728 1829 1869 1884 κατά

279 1925 381 1994 τὴν
412 1924 573 1992 φύσιν
600 1924 989 1996 ἠλλοτριῶσθαι
1015 1923 1150 1995 πρὸς
1179 1923 1400 1993 ἄλληλα.
1433 1923 1584 1975 Ἐπεὶ
1607 1918 1698 1975 οὖν
1728 1920 1869 1975 κατὰ

279 2014 373 2067 τὸν
398 2014 556 2083 λόγον
599 2014 778 2067 αὐτῶν
825 2013 1041 2085 πνεῦμα
1085 2014 1300 2083 λέγεται
1336 2012 1430 2067 τοῦ
1476 2013 1606 2066 Υίοῦ
1648 2011 1867 2065 καὶτοῦ

282 2106 496 2176 Πατρὸς
525 2106 557 2177 ἡ
584 2106 775 2159 ούσία’
812 2106 874 2159 τὸ
900 2106 982 2176 μὴ
1027 2100 1166 2159 εἶναι
1210 2106 1310 2176 τῆς
1356 2104 1541 2168 οὐσίας
1585 2103 1867 2177 διαφορὰν,

278 2191 368 2244 διὰ
399 2191 603 2245 τούτων
636 2193 821 2262 σαφῶς
852 2193 1246 2246 ἀποδέδεικται.

1961 548 2164 602 Paulus
2200 547 2247 601 ei
2287 544 2383 615 qui
2416 559 2476 599 se
2503 558 2533 597 a
2569 543 2747 596 littera
2779 542 2843 595 ad
2873 542 3126 612 spiritum
3160 543 3528 603 converterit,

1962 656 2070 695 non
2103 639 2337 708 amplius
2378 636 2792 690 interticientem
2826 634 3181 695 servitutem,
3218 632 3309 688 sed
3349 633 3531 687 Domi-

1961 748 2091 786 num
2135 730 2277 784 dixit
2322 726 2742 795 comprehendi.
2798 742 2890 794 qui
2944 724 3192 783 viviﬁcus
3238 735 3320 779 est
3371 726 3535 795 spiri-

1963 831 2073 877 tus.
2119 821 2365 876 Sublime
2406 827 2588 873 autem
2636 816 2993 886 Evangelium
3019 816 3192 871 dicit:
3232 815 3397 869 Verba
3419 832 3537 886 quq:

1962 932 2054 985 ego
2078 915 2283 984 loquor,
2312 912 2529 979 spiritus
2559 919 2680 963 sunt
2706 919 2754 963 et
2783 910 2891 963 vita
2922 909 2986 973 ⁸⁵,
3017 917 3072 961 ut
3104 923 3224 978 quae
3255 908 3397 962 nuda
3426 909 3539 962 sint

1964 1014 2018 1058 et
2068 1018 2237 1058 vacua
2288 1000 2562 1070 corporali
2610 1000 2935 1053 velamento.
2984 996 3296 1052 Essentiam
3354 1006 3537 1050 autem

1966 1093 2245 1164 Unigeniti
2278 1093 2531 1163 spiritum
2561 1090 2866 1159 intelligere
2897 1089 3243 1143 somniorum
3278 1089 3540 1157 interpre-

1966 1196 2049 1242 tes
2082 1186 2407 1240 dixerimus.
2453 1184 2597 1249 Quin
2639 1182 2803 1237 etiam
2846 1197 2947 1251 pro
2991 1180 3283 1235 corollario
3322 1181 3541 1235 illorum

1965 1278 2278 1333 rationibus
2308 1284 2551 1338 utemur,
2585 1283 2640 1329 et
2685 1273 3119 1328 adversariorum
3171 1273 3292 1327 telis
3339 1272 3539 1325 verita-

1968 1378 2079 1424 tem
2132 1370 2494 1423 armabimus.
2549 1366 2700 1420 Licet
2746 1366 2891 1419 enim
2938 1364 3199 1419 lsraelitis
3244 1363 3541 1433 Egyptuni

1968 1461 2270 1531 depranlari
2297 1469 2349 1514 et
2380 1474 2570 1514 eorum
2612 1458 2833 1512 divitias
2875 1467 3130 1511 ornatum
3179 1455 3544 1509 nostrum'fa-

1968 1568 2095 1607 cere
2121 1562 2176 1607 et
2205 1560 2412 1608 nostra.
2451 1550 2508 1605 Si
2559 1551 2791 1621 spiritus
2838 1550 3044 1605 dicitur
3096 1547 3218 1601 Filii
3263 1548 3542 1609 essentia,

1970 1647 2193 1718 spiritus
2249 1651 2432 1697 autem
2490 1640 2677 1705 Deus,
2728 1642 2809 1696 sic
2858 1642 3004 1695 enim
3041 1641 3119 1694 ait
3150 1639 3542 1709 Evangelium,

1971 1742 2134 1802 atque
2177 1733 2341 1787 etiam
2391 1731 2575 1786 Patris
2625 1732 2863 1785 essentia
2909 1746 3137 1798 prorsus
3180 1730 3382 1784 dicitur
3429 1729 3543 1798 spi-

1901 1796 1944 1857 B
1973 1826 2135 1879 ritus.
2190 1824 2295 1880 Sed
2341 1825 2517 1879 solum
2563 1824 2779 1877 illorum
2816 1825 2955 1877 ratio
2990 1823 3104 1876 haec
3136 1834 3254 1887 est,
3288 1821 3433 1892 quod
3480 1836 3547 1875 ea

1974 1934 2095 1988 qua:
2124 1917 2469 1972 dissimiliter
2507 1916 2799 1980 dicuntur,
2830 1916 2994 1970 etiam
3027 1916 3326 1970 secundum
3380 1921 3545 1967 natu-

1974 2020 2089 2061 ram
2143 2006 2483 2060 dissimiliter
2528 2021 2588 2060 se
2633 2006 2869 2069 habent;
2921 2003 3269 2059 concluditur
3310 2020 3540 2074 prorsus

1976 2099 2121 2169 quod
2154 2116 2217 2153 ea
2247 2113 2368 2169 quae
2398 2098 2589 2152 eodem
2626 2096 2792 2151 modo
2823 2097 3099 2159 dicuntur,
3136 2111 3314 2166 neque
3344 2111 3543 2149 secun-

1984 2190 2111 2243 dum
2158 2199 2408 2243 naturam
2455 2199 2584 2243 sunt
2638 2190 2780 2243 inter
2819 2204 2877 2242 se
2927 2188 3163 2242 alienata
3204 2196 3259 2242 et
3300 2188 3541 2246 diversa.

280 2280 551 2346 Quoniam
591 2284 759 2352 igitur
788 2286 1089 2339 secundum
1120 2287 1385 2341 rationem
1418 2287 1700 2357 ipsorum,
1730 2283 1852 2339 Filii
1891 2290 1945 2336 et
2017 2282 2198 2338 Patris
2253 2283 2489 2338 essentia
2541 2284 2746 2337 dicitur
2811 2282 3072 2351 spiritus,
3130 2297 3239 2335 non
3293 2279 3549 2335 essentiae

280 2371 643 2428 differentiam
691 2390 847 2438 esse,
887 2392 980 2445 per
1015 2377 1130 2431 lucc
1174 2378 1469 2432 inanilesto
1503 2377 1938 2432 demonstratum
1973 2383 2078 2429 est.

354 2467 565 2535 Μικρὸν
612 2468 719 2538 γὰρ
771 2469 909 2539 μετά
956 2469 1129 2523 ταῦτά
1166 2488 1328 2541 φησιν
1375 2473 1404 2523 6
1456 2471 1752 2542 Εὐνόμιος,
1785 2472 1866 2524 ὅτι

289 2556 413 2611 Τῶν
476 2560 992 2629 παρηλλαγγιένων
1056 2561 1280 2615 οὐσιῶν
1302 2601 1320 2626 ,
1382 2562 1871 2632 παρηλλαγμέναι

282 2648 522 2713 πάντως
550 2651 643 2702 καί
675 2652 1124 2719 αι’σημαντικαὶ
1160 2651 1270 2721 τῆς
1299 2654 1512 2719 οὐσίας
1540 2654 1657 2707 εἰσὶ
1686 2666 1871 2721 προσ-

282 2742 536 2811 ηγορίαι.
593 2743 716 2811 Ἐφ’
748 2738 836 2796 ὦν
873 2742 940 2795 δὲ
979 2744 1212 2813 μίακαὶ
1264 2745 1301 2811 ἡ
1356 2745 1508 2813 αὐτὴ
1558 2744 1747 2814 φωνὴ,
1803 2744 1872 2798 ἐν

283 2831 522 2897 πάντως
551 2831 720 2885 ἔσται
754 2832 849 2884 καί
881 2832 944 2885 τὸ
971 2830 1045 2900 τῇ
1086 2833 1240 2901 αὐτῇ
1269 2836 1635 2904 προσηγορίᾳ
1658 2834 1874 2901 δηλού-

277 2941 486 2994 μενον.
515 2925 672 2977 Ὥστε
713 2924 799 2977 διὰ
827 2924 1040 2978 πάντων
1063 2928 1091 2980 6
1122 2927 1487 2997 δρασσόμενος
1512 2926 1636 2989 τοὺς
1678 2927 1873 2994 σοφοὺς

283 3013 345 3065 ἐν
394 3014 459 3081 τῇ
500 3013 805 3083 πανουργίᾳ
852 3013 1049 3076 αὐτῶν,
1092 3016 1219 3078 τοὺς
1265 3015 1509 3086 μακροὺς
1558 3015 1747 3078 πόνους
1780 3016 1873 3069 τοῦ

284 3103 651 3174 λογογράφου,
696 3106 787 3157 καὶ
832 3106 957 3169 τοὺς
1010 3105 1236 3176 μυρίους
1262 3107 1352 3159 ἐπὶ
1399 3109 1510 3169 τοῖς
1564 3106 1871 3177 πονηθεῖσιν

286 3195 541 3267 ἱδρῶτας,
573 3196 709 3266 πρὸς
740 3196 834 3267 τὴν
869 3197 1124 3250 σύστασιν
1149 3198 1241 3251 τοῦ
1281 3197 1400 3251 καθ’
1432 3199 1577 3268 ἡμᾶς
1608 3199 1873 3268 δόγματος

2034 2468 2207 2522 Paulo
2256 2476 2382 2535 post
2444 2482 2573 2528 vero
2616 2467 2690 2522 ait
2740 2466 3040 2521 Eunomius
3080 2483 3093 2518 :
3147 2465 3549 2536 Disjunctarum

1964 2564 2309 2614 essentiarum
2329 2559 2609 2629 disjunctw
2623 2569 2744 2613 sunt
2765 2576 2978 2628 prorsus
3005 2560 3244 2614 essentiw
3268 2561 3547 2629 signiﬁca-

1970 2653 2087 2705 tium
2123 2653 2528 2721 appellationes.
2591 2651 2655 2705 In
2695 2652 2884 2720 quibus
2924 2669 3041 2706 vero
3100 2670 3208 2706 una
3264 2654 3549 2722 eademque

1968 2758 2103 2804 uox,
2157 2741 2321 2795 unum
2370 2743 2578 2811 penitus
2633 2744 2733 2795 erit
2784 2742 2923 2811 quod
2962 2741 3144 2796 cadent
3193 2743 3548 2811 appellatione

1968 2834 2295 2889 declaratur.
2348 2833 2531 2901 Quare
2565 2850 2662 2905 per
2692 2834 2877 2887 omnia
2936 2835 3028 2903 qui
3065 2834 3298 2905 corripit
3331 2835 3550 2905 sapien-

1971 2935 2053 2982 tes
2092 2928 2146 2981 in
2188 2929 2387 2983 astutia
2436 2928 2720 2998 ipsorum,
2761 2928 2955 2997 longos
2999 2928 3214 2982 labores
3257 2928 3548 2998 scripturis

1971 3019 2133 3087 hujus
2177 3028 2231 3075 et
2277 3019 2523 3077 inﬁnitos
2574 3022 2646 3075 ob
2692 3020 2971 3076 elaborata
3006 3018 3238 3075 sudores
3274 3021 3340 3074 ad
3373 3021 3575 3101 nostri.

1971 3114 2244 3181 dogmatis
2268 3113 2797 3168 commendationem
2823 3112 3209 3166 circumduxit.
3239 3110 3296 3166 Si
3317 3112 3464 3167 enim
3492 3112 3548 3166 in

1975 3202 2270 3274 Evangelia
2318 3205 2547 3275 spiritus
2598 3203 2745 3258 Deus
2795 3202 3039 3269 dicitur;
3089 3203 3318 3272 spiritus
3363 3209 3549 3257 autem

286 3286 649 3357 περιήγαγεν.
675 3288 735 3338 Εἰ
760 3289 866 3356 γὰρ
896 3287 1108 3359 πνεῦμα
1138 3290 1235 3359 μὲν
1274 3290 1302 3341 6
1345 3289 1473 3352 Θεὸς
1508 3291 1565 3341 ἐν
1588 3289 1665 3360 τῷ
1695 3289 1869 3357 Εὐαγ-

1976 3293 2254 3364 Unigeniti
2279 3296 2522 3350 essentia
2544 3295 2613 3349 ab
2638 3294 2907 3349 Eunomio
2930 3299 3216 3359 astruitur,
3241 3309 3366 3349 cum
3400 3294 3551 3349 nulla

284 3376 453 3446 γελίῳ
487 3375 729 3444 λέγεται·
770 3378 985 3447 πνεῦμα
1028 3378 1084 3432 δὲ
1131 3373 1224 3432 τοῦ
1274 3379 1675 3451 Μονογενοῦςὴ
1718 3379 1873 3432 οὐσία

283 3462 441 3541 παρὰ
467 3468 559 3521 τοῦ
585 3470 849 3539 Εὑνομίου
874 3472 1358 3537 κατασκευάζεται,
1389 3473 1465 3544 τῷ
1489 3473 1711 3543 ὀνόματι
1738 3473 1873 3546 πρὸς

285 3560 350 3614 τὸ
382 3561 551 3632 ὄνομα
589 3562 855 3634 μηδεμιᾶς
903 3562 1144 3634 ὑπούσης
1186 3565 1469 3637 διαφορᾶς,
1500 3567 1618 3620 οὐδὲ
1658 3566 1724 3620 τά
1773 3584 1872 3638 ση-

287 3652 589 3723 μαινόμενα
636 3654 851 3718 πάντως
891 3654 995 3707 ύπὸ
1046 3655 1153 3707 τῶν
1187 3658 1464 3726 ὀνομάτων
1508 3658 1601 3711 ἀπ’
1630 3658 1875 3729 ἀλλήλων

284 3745 429 3799 κατά
481 3745 579 3817 τὴν
618 3747 777 3812 φύσιν
818 3746 1232 3818 διενεχθήσεται.
1289 3751 1470 3819 Κάμοὶ
1519 3751 1663 3804 δοκεῖ
1693 3752 1873 3816 καλῶς

286 3837 435 3907 ἔχειν
465 3837 562 3907 τὴν
595 3838 797 3909 ἀδρανῆ
841 3838 1044 3910 ταύτην
1091 3841 1185 3893 καὶ
1231 3840 1505 3911 ἄπληκτον
1548 3843 1872 3913 σκιομαχίαν

285 3930 387 4001 τὴν
426 3929 621 4001 ἐφεξῆς
649 3930 795 4002 αύτῷ
818 3933 1335 4004 συγγεγραμμένην,
1378 3934 1511 4004 πρὸς
1540 3936 1872 4006 κατηγορίαν

284 4023 397 4077 τῶν
420 4023 512 4077 τοῦ
539 4024 852 4077 διδασκάλου
884 4025 1076 4093 λόγων,
1100 4025 1477 4096 παραδραμεῖν
1498 4027 1867 4091 ἀνεξέταστον.

290 4114 555 4184 Ἔλεγχος
580 4115 687 4185 γὰρ
718 4114 897 4178 ίκανὸς
918 4116 1015 4183 τῆς
1046 4113 1153 4167 τῶν
1174 4115 1476 4186 εἰρημένων
1506 4117 1619 4169 ἐστί
1647 4117 1873 4187 ματαιό-

288 4223 474 4278 τητος,
508 4206 670 4269 αὐτὸς
702 4207 731 4259 6
760 4206 915 4277 λόγος
942 4205 1008 4260 δι’
1042 4208 1235 4261 ἑαυτοῦ
1275 4207 1411 4278 βοῶν
1445 4207 1540 4280 τὴν
1569 4209 1871 4267 ἀσθένειαν.

288 4296 363 4349 Ἰδ
408 4295 463 4349 δὲ
508 4298 619 4360 τοῖς
655 4296 914 4361 τοιούτοις
952 4298 1010 4351 ἐν
1055 4298 1262 4371 ἀγωνίᾳ
1305 4300 1728 4370 συμπλέκεσθαι,
1756 4297 1874 4356 ἶσόν

285 4389 405 4440 ἐστι
461 4386 539 4456 τῷ
583 4388 676 4440 καὶ
722 4391 934 4458 νεκροῖς
993 4390 1361 4461 ἐπεμϐαίνειν.
1399 4393 1719 4465 Ἑκθέμενος
1765 4394 1873 4467 γὰρ

286 4481 353 4532 ἐκ
385 4480 584 4549 πολλῆς
622 4481 994 4549 πεποιθήσεως
1034 4485 1190 4553 ῥῆσιν
1239 4484 1331 4537 τοῦ
1364 4486 1682 4539 διδασκάλου
1730 4487 1870 4554 τινα,

1976 3388 2154 3443 subsit
2184 3387 2491 3442 differentia
2528 3386 2776 3442 nominis
2806 3401 2931 3441 cum
2974 3387 3224 3449 nomine,
3261 3402 3439 3457 neque
3469 3387 3548 3440 si-

1976 3481 2235 3550 gniﬁcata
2286 3496 2518 3551 prorsus
2564 3479 2670 3536 sub
2714 3480 3031 3535 nominibus
3073 3480 3216 3533 inter
3264 3495 3325 3535 se
3349 3495 3550 3535 secun-.

1973 3570 2105 3624 dum
2151 3578 2404 3623 naturam
2445 3568 2723 3624 diil‘erent.
2754 3570 2831 3624 Ac
2869 3571 3003 3624 mihi
3037 3570 3256 3625 videtur
3283 3571 3550 3641 prazclare

1977 3661 2178 3717 habere
2229 3662 2371 3717 hanc
2421 3662 2696 3718 imbellem
2741 3672 2796 3718 et
2842 3663 3066 3718 minime
3111 3662 3394 3718 laedentem
3430 3680 3552 3717 um-

1976 3754 2226 3809 bratilem
2257 3770 2496 3825 pugnam
2546 3755 2812 3827 deinceps
2856 3755 2927 3810 ab
2972 3756 3091 3825 ipso
3138 3756 3547 3825 conscriptam,

1976 3848 2043 3900 ad
2096 3847 2342 3902 doctoris
2392 3862 2711 3902 sermonum
2763 3848 3216 3913 accusationem,
3275 3848 3548 3917 inexpun-

1976 3947 2120 3992 ctam
2150 3938 2267 3993 sive
2301 3929 2649 3992 inexcussam
2685 3945 3130 4008 praetercurrere.
3172 3937 3550 4008 Reprehensio

1974 4032 2120 4085 enim
2149 4031 2285 4086 satis
2313 4030 2495 4084 valida
2525 4040 2611 4086 est
2639 4038 2693 4084 et
2719 4029 2914 4084 idonea
2948 4030 3206 4084 vanitatis
3236 4029 3548 4095 dictorum,

1976 4123 2092 4193 ipse
2125 4137 2306 4177 sermo
2335 4137 2432 4192 per
2467 4136 2527 4177 se
2557 4121 2804 4177 clamans
2836 4121 3287 4176 imbecillitatem.
3322 4118 3549 4174 Talibus

1976 4225 2156 4270 autem
2202 4216 2255 4268 in
2295 4216 2442 4270 lucta
2476 4222 2531 4269 et
2581 4213 2883 4269 certamine
2933 4212 3291 4281 complicari,
3341 4213 3551 4282 aequale

1974 4315 2060 4362 est
2086 4307 2134 4362 ei
2164 4308 2309 4376 quod
2338 4308 2543 4362 dicitur
2570 4306 2625 4360 in
2654 4314 2904 4360 mortuos
2927 4305 3211 4359 insultare.
3240 4305 3375 4361 Cum
3402 4304 3548 4359 enim

1976 4396 2145 4448 multa
2176 4395 2509 4449 conﬁdentia
2552 4406 2606 4449 et
2637 4394 2997 4463 persuasione
3025 4393 3324 4449 dictionem
3356 4411 3551 4465 quam-

1975 4488 2100 4542 dam
2130 4487 2373 4542 doctoris
2401 4487 2784 4558 exposuisset,
2818 4494 2944 4541 ante
2972 4486 3343 4541 calumniatus
3375 4496 3429 4541 et
3458 4502 3552 4539 ex-

286 4572 384 4625 καὶ
416 4572 789 4643 προδιαϐαλὼν
821 4576 914 4628 καὶ
946 4576 1264 4640 διαπτύσας.
1306 4580 1398 4631 καὶ
1430 4580 1551 4633 ἀντὶ
1586 4580 1678 4634 τοῦ
1709 4582 1869 4651 μηδε-

1977 4590 2228 4635 secratus
2249 4619 2263 4642 ,
2294 4594 2349 4634 et
2379 4594 2476 4648 pro
2508 4579 2682 4632 nihilo
2714 4594 2837 4634 esse
2872 4593 2931 4633 se
2963 4587 3398 4634 monstraturum
3436 4578 3553 4648 pul-

288 4664 379 4727 νδς
404 4659 540 4718 εἶναι
573 4665 765 4732 δείξειν
795 4668 1279 4739 ἐπαγγειλάμενος,
1320 4670 1515 4724 ταύτὸν
1554 4672 1721 4726 ἔπαθε
1760 4676 1871 4737 τοῖς

286 4758 505 4827 νηπίοις
544 4758 652 4810 τῶν
692 4759 931 4813 παίδωνο
968 4755 1049 4824 οἷς
1093 4762 1155 4814 τὸ
1200 4762 1385 4826 ἀτελὲς
1432 4762 1526 4815 καὶ
1568 4765 1743 4834 ἄωρον
1776 4765 1875 4835 τῆς

287 4849 531 4913 διανοίας
580 4850 674 4904 καὶ
711 4851 771 4904 τὸ
808 4850 917 4905 τῶν
966 4853 1333 4925 αἰσθητηρίων
1369 4854 1716 4925 ἀγύμναστον
1774 4857 1875 4910 οὐκ

288 4941 496 5011 ἀκριϐῆ
528 4942 710 4995 δίδωσι
742 4943 851 4996 τῶν
884 4945 1221 5015 φαινομένων
1261 4945 1358 5016 τὴν
1404 4947 1750 5017 κατανόησιν.
1778 4948 1875 5002 Διά

289 5031 452 5085 τοῦτο
480 5033 734 5098 πολλάκις
766 5035 958 5104 πικρὸν
978 5035 1118 5109 ὑπὲρ
1142 5037 1382 5107 κεφαλῆς
1402 5032 1541 5092 εἶναι
1565 5040 1689 5101 τοὺς
1716 5040 1874 5093 ἀστέ-

292 5142 392 5196 ρας
440 5125 767 5196 νομίζοντες,
821 5126 1010 5196 βώλοις
1058 5131 1198 5182 τισὶν
1244 5130 1348 5183 ὑπὸ
1392 5131 1642 5202 παιδικῆς
1687 5132 1870 5196 ἀνοίας

292 5216 665 5285 προφανέντας
690 5217 1153 5281 καταλιθάζουσιν.
1185 5215 1316 5271 Εἶτα
1341 5220 1755 5284 καταπεσούσης
1774 5222 1871 5293 τῆς

292 5305 489 5376 βώλου,
522 5306 618 5358 σὺν
646 5308 823 5378 κρότῳ
863 5308 955 5360 καὶ
1000 5309 1192 5376 γέλωτι
1242 5310 1376 5380 πρὸς
1420 5312 1545 5374 τοὺς
1582 5311 1873 5383 ἡλικιώτας

294 5396 745 5466 μεγαλαυχοὼιν,
774 5398 848 5459 ὡς
878 5401 961 5451 ἐπ’
994 5400 1186 5464 αὐτοὺς
1237 5403 1361 5464 τοὺς
1387 5403 1620 5475 ἀστέρας
1662 5404 1759 5473 τῆς
1784 5405 1873 5475 βο-

294 5488 390 5556 λῆς
416 5487 743 5560 ἐνεχθείσης.
782 5490 1029 5555 Τοιοῦτος
1058 5495 1084 5543 ὁ
1116 5492 1190 5564 τῷ
1224 5493 1365 5564 βέλει
1408 5493 1513 5547 τῶν
1539 5495 1746 5564 νηπίων
1778 5496 1875 5566 τὴν

296 5577 551 5649 ἀλήθειαν
608 5578 809 5648 βαλών·
866 5582 923 5636 ὃς
980 5584 1227 5656 καθάπερ
1276 5586 1510 5658 ἀστέρας
1554 5586 1703 5650 τινὰς
1748 5589 1875 5652 τοὺς

371 5736 411 5766 ⁸³
445 5733 599 5789 Joan.
636 5753 710 5796 vr.
752 5737 841 5791 64.

618 5843 892 5903 Parnm”
952 5844 1069 5905 lin.
1099 5843 1288 5907 XLV.

1973 4671 2179 4729 licitus.
2209 4672 2351 4726 idem
2379 4670 2482 4740 ipsi
2510 4670 2712 4724 accidit
2738 4669 2886 4740 quod
2915 4671 3100 4726 stultis
3126 4679 3182 4725 et
3218 4670 3549 4733 infantibus,

1973 4764 2174 4833 quibus
2203 4762 2528 4833 imperlecta
2560 4771 2614 4818 et
2646 4762 2887 4817 nondum
2921 4774 3133 4817 matura
3162 4761 3549 4831 intelligentia,

1971 4864 2026 4909 et
2071 4855 2561 4909 instrumentorum
2605 4868 2866 4909 sensuum
2908 4851 3259 4907 imbecillitas
3296 4867 3406 4905 non
3454 4850 3551 4903 dat

1971 4956 2220 5004 exactam
2262 4962 2455 5000 eorum
2488 4962 2609 5015 qua:
2643 4956 2907 5016 apparent
2947 4944 3319 5016 cognitionem
3354 4961 3369 5019 ι
3417 4958 3551 5012 pro-

1974 5050 2160 5112 pterea
2202 5054 2346 5109 saepe
2387 5041 2644 5095 acerbum
2690 5054 2855 5108 supra
2900 5046 3061 5106 caput
3098 5051 3221 5091 esse
3261 5034 3450 5091 stellas
3481 5033 3551 5088 ab

1971 5131 2105 5201 ipsis
2134 5131 2393 5200 praevisas
2424 5138 2698 5201 putantes,
2719 5129 2892 5199 glebis
2921 5126 3250 5198 quibusdam
3281 5141 3391 5196 prae
3416 5140 3550 5194 pue-

1971 5223 2060 5277 rili
2097 5223 2337 5278 amentia
2368 5222 2638 5292 lapitlant.
2687 5221 2893 5277 Deinde
2938 5235 3062 5275 cum
3104 5219 3259 5291 gleba
3310 5218 3548 5282 cecidit,

1972 5329 2098 5368 cum
2136 5315 2333 5385 plausu
2366 5310 2422 5369 et
2468 5315 2586 5370 risu
2635 5313 2703 5366 ad
2758 5327 2887 5368 suos
2939 5312 3177 5381 aequales
3224 5310 3545 5382 gloriantur,

1973 5405 2208 5462 sublatis
2239 5406 2553 5462 cervicibus
2574 5446 2589 5467 ,
2627 5404 2857 5476 perinde
2889 5419 2952 5458 ac
2989 5404 3035 5457 si
3080 5404 3225 5459 ictus
3255 5403 3322 5457 ad
3359 5402 3549 5456 stellas

1983 5499 2131 5569 ipsas
2164 5500 2520 5569 pervenisset.
2553 5497 2705 5552 Talis
2737 5506 2823 5552 est
2852 5497 2945 5551 hic
2981 5497 3074 5567 qui
3106 5497 3217 5551 telo
3254 5493 3547 5550 infantium

1982 5594 2266 5649 veritatem
2300 5593 2602 5665 percussit,
2648 5589 2739 5660 qui
2774 5598 3033 5661 tanquam
3066 5590 3330 5661 quasdam
3365 5586 3549 5643 stellas

3159 5846 3238 5912 24
