3922 6462
440 277 543 333 747

1682 296 1740 354 S.
1770 299 2095 355 GREGORH
2123 302 2415 360 NYSSENI

3587 314 3693 370 τιὸ

439 402 849 472 superlucentes
880 401 1003 457 illos
1050 404 1294 464 doctoris
1340 425 1625 469 sermones
1675 432 1799 471 cum
1856 419 2009 488 prius

2122 422 2487 493 ὑπερλαμπεῖς
2520 428 2758 493 ἐκείνους
2797 430 2889 483 τοῦ
2933 431 3247 487 διδασκάλου
3292 434 3697 506 προεκθέμενος

418 495 819 567 exposuisset,
856 506 906 548 et
936 499 1250 565 proculcata
1283 510 1338 553 et
1369 504 1517 557 humi
1550 518 1774 577 repente
1803 512 2009 564 intelli-

437 586 649 655 gentia,
679 602 709 641 e
742 596 886 641 terra
934 598 1183 647 terrenos
1211 602 1265 647 et
1296 596 1585 654 instabiles
1617 604 1851 671 projecit
1895 622 2009 659 ser-

439 692 650 733 mones.
696 677 797 744 Qui
836 687 1046 734 tantum
1082 684 1399 750 sublimati,
1431 699 1698 758 quantum
1756 710 1863 748 non
1911 698 2004 750 ha-

438 770 599 824 beant
632 771 774 825 unde
799 773 1136 837 ceciderint,
1167 792 1299 831 casu
1330 788 1379 831 et
1412 789 1614 836 temere
1644 794 1843 855 suopte
1871 804 2012 857 pon-

438 860 566 913 dere
593 861 843 915 subversi
872 870 1022 916 sunt.
1054 864 1229 935 Magni
1258 868 1401 922 enim
1425 869 1613 927 Basilii
1640 874 1809 930 dictio
1833 878 1914 932 sic
1943 880 2011 933 ad

436 951 663 1004 verbum
691 952 943 1023 habet(a)
976 973 989 1009 :
1019 954 1224 1011 Etenim
1255 961 1369 1029 quis
1399 960 1519 1016 huic
1553 968 1784 1020 sermoni
1810 972 2000 1024 mentis

437 1059 648 1112 compos
695 1054 745 1098 et
796 1047 1002 1101 sobrius
1061 1054 1428 1116 consenserit,
1483 1072 1708 1125 quorum
1793 1064 2009 1114 no-nina

439 1154 563 1197 sunt
603 1144 938 1214 (li/ferentia,
980 1148 1166 1204 horum
1203 1153 1365 1205 etiam
1409 1155 1664 1206 essentias
1710 1153 2007 1218 dissidere,

440 1253 645 1290 necesse
666 1238 941 1293 est?Nam
978 1241 1144 1306 Petri,
1177 1254 1225 1297 et
1251 1244 1432 1310 Pauli,
1473 1254 1521 1299 et
1550 1254 1606 1297 ut
1640 1245 1798 1298 semel
1821 1246 2012 1308 dicam,

440 1326 672 1377 omnium
706 1326 976 1383 hominum
1016 1332 1392 1399 appellationes
1440 1334 1649 1404 quidem
1681 1344 1803 1387 sunt
1855 1333 2010 1401 diffe-

442 1427 611 1471 rentes
638 1434 658 1471 :
702 1422 935 1473 omnium
985 1432 1159 1477 tamen
1197 1426 1426 1478 essentia
1478 1441 1605 1478 una.
1658 1424 1919 1491 Quocirca
1958 1427 2013 1479 in

408 1507 685 1574 .plurimis
736 1508 893 1563 iidem
957 1513 1093 1565 inter
1126 1530 1219 1567 nos
1276 1531 1479 1580 sumus,
1510 1516 1638 1568 solis
1670 1524 1843 1568 autem
1890 1532 2013 1585 pio-

410 1664 413 1669 η
439 1600 752 1667 prietatibus
776 1617 893 1670 qua:
924 1604 980 1656 in
1002 1606 1223 1674 singulis
1241 1604 1646 1659 considerantur
1675 1606 1773 1659 alii
1802 1607 1865 1660 ab
1888 1608 2011 1661 aliis

440 1693 761 1763 di/j'erimus.
792 1694 1018 1765 Ideoque
1055 1698 1292 1767 sequitur
1326 1698 1859 1768 appellationes,quw
1904 1700 2013 1752 sin-

2111 514 2321 582 λόγους,
2354 518 2588 586 χαμόθεν
2629 521 2691 573 ἐκ
2726 522 2826 592 τῆς
2858 526 3250 595 πεπατημένης
3276 528 3369 580 καὶ
3394 532 3695 599 χαμαιρῤι-

2112 608 2244 671 ποῦς
2278 610 2531 673 διανοίας,
2571 613 2696 676 τοὺς
2732 612 2953 681 γεώδεις
2986 634 3046 669 τε
3086 619 3178 671 καὶ
3209 621 3475 684 ἀστάτους
3502 621 3693 692 seeae:

2087 701 2333 769 λόγους·
2390 702 2439 754 οἳ
2475 704 2724 757 τοσοῦτον
2750 705 3076 775 ὑψωθέντες,
3109 711 3232 763 ὅσον
3270 712 3343 782 μὴ
3392 713 3538 783 ἔχειν
3574 713 3695 768 ὅθεν

2114 794 2348 846 πέσωσιν
2381 795 2719 865 αὐτομάτως,
2766 797 2844 867 τῷ
2881 798 3089 852 ἑαυτῶν
3132 800 3286 872 βάρει
3318 804 3695 876 περιετράπη-

2114 901 2229 936 σαν.
2276 886 2336 936 Ἠ
2371 885 2469 954 μὲν
2497 886 2604 956 γὰρ
2628 887 2721 940 τοῦ
2751 889 2987 958 μεγάλου
3020 890 3299 945 Βασιλείου
3338 894 3495 963 ῥῆσις
3525 894 3698 956 οὕτως

2112 974 2252 1028 κατὰ
2285 977 2383 1047 τὴν
2409 977 2550 1041 λέξιν
2579 979 2709 1048 ἔχει·
2737 980 2936 1035 Καίτοι
2973 982 3066 1048 τίς
3094 982 3171 1035 ἂν
3204 983 3283 1048 τῷ
3313 987 3472 1052 λόγῳ
3509 989 3700 1053 τούτῳ

2111 1067 2438 1136 σωφρονῶν
2474 1070 2794 1138 πρόσθοιτο
2816 1089 2828 1102 ·
2875 1072 2964 1125 ὄτι
3005 1067 3094 1127 ὧν
3140 1077 3210 1128 τὰ
3252 1076 3515 1145 ὀνόματά
3565 1079 3699 1131 ἐστι

2112 1158 2395 1229 διάφορα,
2445 1163 2669 1216 τούτων
2710 1165 3127 1234 παρηλλάχθαι
3180 1168 3278 1220 καὶ
3325 1168 3431 1234 τὰς
3478 1172 3701 1235 οὐσίας

2111 1249 2374 1321 ἀνάγκης
2397 1251 2620 1320 Πέτρου
2645 1253 2754 1323 γὰρ
2781 1255 2879 1308 καὶ
2908 1258 3149 1311 Παύλου
3179 1257 3274 1311 καί
3298 1259 3696 1325 ἁπαξαπλῶς,

2112 1342 2435 1410 ἀνθρώπων
2474 1349 2863 1416 προσηγορίαι
2908 1348 3023 1418 μὲν
3062 1350 3363 1419 διάφοροι·
3416 1355 3600 1406 οὐσία
3630 1354 3703 1407 δὲ

2083 1433 2354 1488 -πάντων
2383 1437 2514 1506 μία.
2566 1439 2774 1507 Διόπερ
2814 1441 2883 1493 ἐν
2920 1442 3043 1508 τοῖς
3087 1445 3397 1510 πλείστοις
3439 1449 3491 1500 οἱ
3524 1448 3701 1500 αὐτοὶ

2113 1528 2409 1596 ἀλλήλοις
2457 1530 2665 1599 ἐσμὲν,
2716 1532 2838 1597 τοῖς
2884 1532 2952 1585 δὲ
3006 1533 3276 1602 ἱδιὼμασι
3316 1539 3526 1605 μόνοις
3570 1538 3704 1604 τοῖς

2113 1622 2243 1689 περὶ
2274 1622 2534 1676 ἕκαστον
2571 1624 3010 1693 θεωρουμένοις,
3041 1626 3240 1695 ἔτερος
3271 1628 3473 1697 ἑτέρου
3500 1630 3703 1697 διενη-

2112 1715 2395 1783 νόχαμεν.
2418 1717 2593 1770 Ὅθεν
2624 1717 2721 1769 καὶ
2746 1719 3133 1785 προσηγορίαι
3163 1720 3295 1788 οὐχὶ
3330 1719 3448 1772 τῶν
3471 1721 3705 1774 οὐσιῶν

441 1787 593 1855 gulos
626 1786 903 1856 designant
936 1798 985 1841 et
1012 1798 1217 1852 notant,
1256 1807 1359 1843 non
1391 1807 1504 1844 esse
1552 1791 1901 1845 essentiarum
1940 1792 2015 1844 si-

2122 1772 2232 1860 eld‘t
2262 1772 2657 1877 ’σημαντικαλ
2707 1772 2869 1864 ἀλλὰ
3088 1772 3431 1879 ἰδιωμάτων,
3482 1813 3546 1866 αἳ
3590 1813 3705 1866 τὸν

443 1880 818 1950 gniﬁcatrices,
846 1881 937 1935 sed
967 1884 1366 1951 proprietatum.
1414 1884 1545 1937 Cum
1585 1884 1751 1954 igitur
1781 1883 2015 1937 audieri-

446 1989 558 2025 mus
588 1972 683 2025 hoc
712 1989 898 2026 nomen
924 1972 1156 2037 Petrum,
1187 1991 1291 2026 non
1319 1975 1603 2028 essentiam
1642 1975 1756 2044 ejus
1796 1973 1891 2028 hoc
1926 1991 2015 2028 no-

447 2065 582 2117 mine
608 2074 776 2117 mente
810 2064 1130 2130 concipimus
1156 2080 1174 2126 ;
1200 2066 1482 2118 essentiam
1512 2076 1688 2119 autem
1730 2084 1865 2119 nunc
1896 2068 2014 2121 dico

445 2173 547 2210 non
571 2156 844 2210 materiale
890 2156 1205 2224 subjectum,
1245 2157 1334 2211 sed
1375 2159 1757 2226 proprietatum
1799 2177 1918 2228 qua:
1960 2163 2014 2213 in

442 2249 558 2314 ipso
596 2254 899 2314 spectantur
942 2249 1184 2300 notitiam
1232 2249 1606 2316 informamus.
1669 2248 1792 2303 ΙΙωο
1848 2251 2018 2320 igitur

447 2340 671 2408 Magnus
718 2338 870 2392 dicit.
924 2337 1025 2402 Qui
1071 2347 1251 2392 autem
1302 2339 1462 2395 dictis
1510 2349 1817 2410 repugnat,
1866 2342 2014 2411 quali

443 2438 636 2484 contra
663 2446 764 2483 nos
790 2432 964 2484 utitur
999 2432 1241 2491 solertia,
1273 2432 1362 2484 cui
1391 2432 1609 2487 abunde
1644 2443 1802 2486 vacat
1846 2434 2017 2487 inuti-

445 2519 589 2573 libus
618 2527 673 2573 et
705 2519 910 2575 frivolis
936 2529 1149 2589 tempus
1180 2533 1233 2574 et
1268 2522 1438 2577 otium
1470 2531 1772 2588 conterere,
1803 2540 1867 2579 ex
1898 2527 2017 2596 ipsa

446 2611 697 2667 Eunomii
734 2616 1141 2683 conscriptione
1167 2615 1292 2668 licet
1322 2630 1675 2685 cognoscere.

514 2703 631 2758 Non
663 2706 806 2759 enim
849 2706 980 2758 mihi
1018 2706 1211 2775 volupe
1239 2716 1324 2759 est
1365 2706 1502 2760 meis
1538 2707 1785 2761 inserere
1816 2708 2017 2763 labori-

446 2797 550 2851 bus
582 2812 907 2852 nauseosam
939 2797 1102 2866 hujus
1130 2797 1367 2851 oratoris
1402 2797 1811 2867 loquacitatem.
1846 2800 2016 2854 insci-

447 2891 686 2959 tiamque
740 2891 914 2959 ipsius
960 2901 1014 2945 et
1069 2892 1363 2945 amentiam
1429 2894 1483 2945 in
1532 2892 1712 2946 medio
1771 2909 2018 2948 meorum

447 2998 760 3035 sermonum
795 2993 984 3037 notare
1017 2991 1069 3037 et
1099 2985 1356 3038 insectari
1403 3003 1414 3037 :
1451 2986 1764 3038 encomium
1794 2987 1937 3039 cnim
1966 2995 2019 3041 et

449 3076 664 3131 laudem
692 3078 877 3131 nescio
907 3092 1069 3145 quam
1105 3079 1329 3146 exponit
1359 3093 1549 3133 eorum
1584 3080 1872 3133 verborum
1900 3095 2020 3149 qua:

450 3168 883 3239 significantiora
912 3176 1060 3231 sunt,
1085 3179 1139 3222 et
1164 3170 1476 3238 subjectum
1509 3171 1683 3241 magis
1712 3172 2015 3236 declarant,

449 3270 504 3312 et
554 3260 753 3314 usitata
808 3260 913 3315 sibi
950 3261 1191 3314 dictione
1228 3262 1505 3332 componit
1542 3271 1595 3315 et
1626 3264 1926 3333 compingit
1966 3266 2021 3319 in

450 3353 629 3407 triviis
669 3352 913 3421 quaedam
954 3354 1417 3408 dietiuncularum
1462 3354 1672 3421 abjecta
1728 3365 1783 3408 et
1840 3358 2019 3410 lacera

451 3444 800 3497 vestimenta.
839 3444 1163 3514 Rursusque
1197 3444 1381 3500 infelix
1417 3445 1685 3501 Isocrates
1709 3446 1783 3517 (ὁ)
1816 3464 2020 3504 consu-

451 3536 619 3588 mitur
652 3541 705 3589 et
738 3535 1069 3601 corroditur,
1106 3537 1269 3591 verba
1299 3546 1353 3591 et
1393 3539 1596 3607 liguras
1640 3539 1706 3593 ad
1751 3542 2022 3609 composi-

451 3628 655 3681 tionem
705 3627 998 3697 propositaz
1044 3629 1146 3682 sibi
1184 3629 1442 3683 dictionis
1479 3630 1726 3700 depilans
1754 3641 1808 3687 et
1838 3634 2019 3703 degla-

452 3719 638 3775 brans.
682 3721 961 3775 interdum
1008 3723 1174 3775 etiam
1212 3723 1355 3791 quod
1394 3721 1651 3779 Hebraeus
1692 3723 1848 3779 Philo
1879 3726 2021 3780 idem

453 3811 660 3879 patitur
682 3827 747 3866 ex
776 3812 1017 3881 propriis
1044 3811 1322 3866 laboribus
1347 3811 1715 3869 dictiunculas
1747 3816 1851 3871 sibi
1874 3831 2026 3869 com-

452 3904 682 3974 planans
712 3922 725 3957 :
761 3904 855 3958 sed
892 3920 1066 3974 neque
1096 3906 1176 3959 sic
1221 3906 1399 3961 adlmc
1449 3910 1684 3977 perfecte
1716 3910 2025 3966 elaboratus

451 4003 536 4050 est
574 3997 677 4066 ipsi
711 3996 882 4052 variis
910 3998 1190 4053 coloribus
1223 3999 1473 4069 depictus
1505 4009 1558 4055 et
1587 4003 1879 4058 distinctus
1907 4020 2018 4059 ser-

452 4103 675 4140 monum
714 4095 918 4151 textus,
957 4089 1053 4143 sed
1096 4104 1256 4144 omne
1302 4103 1706 4162 argumentum,
1745 4102 1798 4149 et
1846 4097 2026 4152 omnis

452 4181 663 4248 petitio,
710 4180 824 4234 sive
855 4181 1086 4235 intentio
1136 4184 1439 4248 notionum,
1484 4194 1646 4256 atque
1678 4188 1856 4243 omnis
1895 4190 2028 4244 arti-

455 4273 642 4326 tleiosa
693 4278 1032 4344 praestructio
1099 4276 1241 4346 ipsa,
1286 4280 1433 4332 circa
1480 4280 1715 4349 seipsam
1766 4282 2025 4339 defluxit:

455 4372 511 4416 et
536 4363 700 4432 quale
738 4366 867 4434 quid
902 4366 1047 4420 circa
1078 4366 1255 4421 bullas
1289 4370 1427 4423 solet
1456 4372 1790 4441 contingere,
1823 4388 1948 4427 cum
1972 4376 2025 4430 in

2115 1902 2242 1955 καθ’
2297 1901 2405 1955 ἕνα
2458 1901 3011 1970 χαρακτηρίζουσιν.
3048 1904 3235 1956 ’Ὄτον
3283 1899 3395 1959 οὖν
3430 1904 3705 1958 ἀκούσω-

2110 2011 2226 2063 μεν
2261 1994 2506 2061 Πέτρου,
2554 1996 2626 2048 οὐ
2675 1996 2788 2060 τὴν
2826 1995 3047 2047 οὐσίαν
3096 1995 3281 2049 αὐτοῦ
3327 1996 3586 2061 νοοῦμεν
3630 1997 3703 2051 ἐκ

2116 2088 2223 2140 τοῦ
2254 2088 2544 2155 ὀνόματος
2566 2104 2580 2119 ο
2634 2088 2854 2140 οὐσίαν
2889 2085 2957 2139 δὲ
3001 2087 3157 2156 ,λέγω
3198 2087 3336 2150 νῦν,
3363 2089 3435 2141 οὺ
3474 2090 3537 2141 τὸ
3566 2091 3702 2143 ὑλι-

2117 2177 2227 2231 κὸν
2257 2178 2668 2245 ὑποκείμενον,
2694 2176 2856 2230 ἀλλὰ
2902 2175 3021 2230 τῶν
3055 2176 3378 2246 ἰδιωμάτων
3422 2174 3541 2231 τῶν
3566 2181 3702 2246 περὶ

2117 2267 2305 2321 αὐτόν
2346 2268 2759 2337 θεωρουμένων
2817 2267 2932 2334 τὴν
2976 2268 3220 2322 ἔννοιαν
3265 2270 3702 2339 ἐντυπούμεθα.

2119 2357 2305 2411 Ταῦτα
2340 2357 2437 2427 μὲν
2466 2360 2494 2410 ό
2524 2358 2709 2425 Μέγας
2737 2358 2919 2427 φησίν.
2958 2359 3015 2411 '0
3048 2359 3103 2413 δὲ
3147 2359 3449 2430 μαχόμενος
3474 2365 3586 2423 τοῖς
3622 2362 3705 2413 εί-

2122 2452 2395 2523 ρημένοις,
2424 2450 2513 2520 οἵᾳ
2539 2449 2801 2519 κέχρηται
2825 2448 2944 2503 καθ’
2970 2450 3125 2521 ήμῶν
3166 2454 3230 2522 τῇ
3281 2452 3553 2522 εὐστοχίᾳ,
3594 2453 3706 2522 ὅτῳ

2122 2542 2284 2612 σχολὴ
2322 2543 2431 2604 τοῖς
2458 2542 2736 2611 ἀνονήτοις
2769 2544 3124 2613 ἐνευκαιρεῖν.
3157 2541 3217 2607 ἐξ
3262 2545 3430 2612 αὐτῆς
3467 2545 3559 2597 τοῦ
3593 2546 3708 2598 Εὑ-

2121 2634 2306 2704 νομίου
2332 2633 2428 2701 τῆς
2456 2634 2776 2704 συγγραφῆς
2800 2633 3179 2703 διδασκόμεθα.

2192 2728 2266 2780 Οὐ
2307 2726 2416 2795 γάρ
2465 2742 2554 2796 μοι
2597 2725 2748 2793 φίλον
2804 2726 2915 2788 τοῖς
2956 2728 3107 2796 ὲμοίς
3165 2726 3547 2797 παρεντιθέναι
3603 2727 3703 2781 πό·-

2122 2836 2231 2882 νοις
2268 2820 2365 2887 τὴν
2417 2817 2681 2889 ναυτιώδη
2728 2816 2996 2890 φλυαρίαν
3050 2818 3144 2871 τοῦ
3201 2820 3459 2890 ῥήτορος,
3501 2822 3595 2873 καὶ
3643 2822 3707 2874 τὸ

2123 2911 2332 2983 ἀμαθὲς
2365 2910 2528 2964 αὐτοῦ
2567 2911 2661 2963 καὶ
2692 2910 2852 2963 ἄνουν
2903 2910 2991 2963 διὰ
3022 2912 3189 2981 μέσου
3215 2912 3323 2963 τῶν
3350 2912 3497 2981 ὲμῶν
3528 2912 3704 2979 λόγων

2124 3002 2612 3071 ἐνστηλιτεύεσθαι.
2635 3002 2891 3054 Ἐπαινον
2908 3003 3015 3072 γάρ
3037 3018 3158 3054 τινα
3177 3001 3508 3073 διεξέρχεται
3529 3003 3705 3071 λόγων

2126 3099 2233 3152 τῶν
2268 3096 2638 3168 σημαντικῶν,
2676 3096 2736 3149 τὸ
2778 3095 3135 3164 ὑποκείμενον
3170 3094 3562 3165 φανερούντωνσ
3609 3096 3705 3147 καὶ

2121 3193 2208 3246 διὰ
2249 3193 2347 3261 τῆς
2380 3189 2641 3259 συνήθους
2678 3187 2869 3240 ἑαυτοῦ
2908 3187 3105 3253 λέξεως
3146 3186 3422 3257 συντίθησι
3454 3187 3549 3239 καὶ
3576 3187 3699 3239 δια-

2125 3285 2289 3355 κολλᾷ
2316 3284 2384 3337 τὰ
2413 3285 2469 3336 ἐν
2490 3282 2721 3353 τριόδοις
2749 3280 3139 3351 ἀπερριμμένα
3164 3280 3271 3332 τῶν
3304 3278 3574 3344 λεξειδίων
3608 3282 3707 3351 ῥα-

2124 3377 2375 3447 κώματα.
2400 3376 2505 3428 Καὶ
2533 3373 2693 3428 πάλιν
2731 3376 2759 3426 ὁ
2793 3373 3013 3443 τλήμων
3050 3373 3364 3443 Ἰσοκράτης
3396 3372 3707 3443 περιεσθίε-

2122 3489 2211 3523 ται
2261 3468 2482 3539 ῥήματά
2517 3486 2576 3520 τε
2620 3468 2712 3519 καὶ
2740 3468 2993 3537 σχήματα
3022 3466 3157 3539 πρὸς
3186 3466 3282 3536 τὴν
3323 3466 3571 3519 σύνθεσιν
3606 3469 3706 3536 τῆς

2128 3559 3014 3632 προκειμένης¹παρατιλλόμενος.
3076 3559 3231 3611 Ἔστι
3267 3558 3323 3611 δὲ
3360 3561 3491 3611 ὅπου
3543 3560 3638 3613 καὶ
3675 3562 3709 3614 6

2135 3654 2384 3724 Ἐϐραῖος
2421 3651 2594 3704 Φίλων
2631 3651 2698 3703 τὰ
2719 3646 2811 3703 ἶσα
2846 3652 3073 3718 πάσχει,
3112 3651 3176 3702 ἐκ
3207 3649 3314 3702 τῶν
3348 3651 3491 3702 ἰδίων
3524 3651 3707 3703 πόνων

2129 3746 2494 3817 συντρανίζων
2522 3743 2669 3814 αὐτῷ
2695 3744 2762 3796 τά
2791 3742 3041 3808 λεξείδιασ
3075 3743 3169 3795 καὶ
3188 3742 3305 3813 ορδὲ
3332 3740 3503 3804 οὕτως
3530 3742 3707 3811 ἐξειρ-

2126 3839 2300 3908 γάσθη
2334 3837 2394 3890 τό
2444 3836 2838 3906 πολυκέντητον
2882 3833 3040 3887 τοῦτο
3073 3836 3166 3887 καὶ
3208 3834 3563 3905 πολύχρωμον
3596 3834 3705 3886 τῶν

2126 3930 2299 4000 λόγων
2349 3929 2656 3998 ὲξύφασμα’
2692 3927 2839 3981 ,ἀλλὰ
2885 3930 2992 3981 πᾶν
3021 3927 3372 3996 ἐπιχείρημα,
3420 3927 3513 3978 καὶ
3552 3927 3705 3978 πᾶσα

2129 4019 2368 4093 προϐολὴ
2396 4021 2704 4091 νοημάτων,
2748 4022 2841 4073 καὶ
2884 4022 3032 4072 πᾶσα
3072 4019 3390 4091 παρασκευὴ
3438 4020 3660 4089 τεχνικὴ
3685 4062 3703 4083 ,

2128 4112 2267 4181 αὐτὴ
2296 4111 2423 4180 περὶ¹
2475 4110 2674 4179 ἑαυτὴν
2710 4109 3016 4180 κατερρύηι
3062 4110 3155 4162 καὶ
3181 4104 3292 4162 οἷόν
3335 4127 3388 4161 τι
3436 4110 3564 4179 περ)⁵
3607 4109 3706 4172 τὰς

2129 4201 2483 4272 πομφόλυγας
2518 4199 2830 4270 συμϐαίνειν
2870 4199 3075 4263 εἴωθεν,
3115 4201 3240 4253 ὅταν
3274 4201 3408 4269 πρός
3441 4218 3560 4253 τινα
3607 4199 3704 4252 σῦ-

2132 4310 2318 4346 στασιν
2352 4291 2557 4345 ὑδάτων
2596 4291 2797 4345 ἄνωθεν
2840 4295 2894 4345 αἱ
2930 4293 3187 4360 σταγόνες
3234 4294 3560 4364 φερόμεναι,
3605 4292 3705 4355 τὰς

2130 4382 2402 4454 άφρώδεις
2423 4381 2817 4445 ἐπαναστάσεις
2846 4382 3189 4452 ἐργάζονται,
3218 4383 3270 4435 αἳ
3298 4384 3432 4451 όμοῦ
3466 4401 3524 4435 τε
3578 4400 3701 4434 συν-

456 4455 693 4523 aliquam
760 4472 1025 4527 aquarum
1083 4460 1391 4528 congeriem
1451 4461 1688 4531 desuper
1752 4464 2018 4521 stillantes

2132 4476 2388 4545 έστησαν,
2416 4474 2512 4527 καὶ
2552 4473 2891 4545 παραχρῆμα
2937 4474 3201 4537 διέπεσον,
3252 4475 3416 4545 μηδὲν
3443 4475 3539 4543 τῆς
3570 4476 3704 4535 ἰδίας

459 4555 625 4617 gutta:
651 4548 931 4609 decidunt,
957 4565 1248 4618 spumosas
1271 4553 1583 4621 eruptiones
1612 4554 1873 4621 eﬂiciunt,
1905 4574 2027 4627 qua:

459 4640 623 4693 simul
665 4650 829 4709 atque
875 4642 1264 4703 extumuerint,
1304 4652 1523 4712 repente
1546 4645 1770 4714 dilapsae
1804 4649 2025 4713 cadunt,

459 4730 669 4786 nullum
726 4734 959 4801 propriae
1006 4734 1382 4788 consistentia:
1429 4735 1482 4789 in
1532 4739 1689 4806 aquis
1740 4741 2027 4809 vestigium

460 4824 697 4880 subinde
745 4824 1118 4892 relinquentes
1169 4841 1182 4877 :
1230 4825 1367 4879 tales
1418 4826 1582 4894 hujus
1640 4829 2029 4898 scriptitatoris

458 4918 744 4971 notionum
781 4916 1050 4984 ampulla}.
1076 4932 1197 4985 quaz
1224 4917 1385 4970 simul
1416 4927 1578 4987 atque
1613 4922 1869 4992 projecta:
1908 4926 2028 4982 fue-

459 5011 593 5070 rint,
642 5009 808 5062 nullis
859 5009 1212 5077 tangentibus
1255 5010 1701 5080 exstinguuntur.
1740 5014 1872 5068 Nam
1906 5028 2027 5086 post

461 5104 589 5156 illos
652 5102 977 5156 insolubiles
1036 5110 1335 5170 apparatus
1395 5110 1449 5156 et
1510 5104 1907 5174 philosophiam
1972 5113 2026 5164 in

428 5238 431 5247 .
459 5194 669 5248 somnis
700 5202 1077 5261 apparentem,
1123 5208 1217 5261 per
1253 5208 1416 5261 quam
1451 5196 1731 5249 nominum
1765 5198 2026 5254 dilTeren-

462 5286 555 5339 tiis
578 5284 814 5338 asseruit
840 5282 1073 5337 divisam
1098 5282 1395 5336 essentiam
1427 5286 1812 5353 comprehendi
1836 5329 1849 5351 ,
1881 5292 2026 5344 velut

463 5375 681 5443 quidam
715 5388 1010 5442 spumosus
1045 5381 1227 5425 tumor
1263 5388 1358 5441 per
1382 5370 1588 5426 ﬂuxum
1616 5375 1707 5444 qui
1740 5376 2031 5435 abducitur

464 5468 625 5521 alicui
651 5466 869 5533 corpori
896 5464 1103 5518 duriori
1132 5464 1279 5518 illius
1308 5464 1572 5519 dilabitur
1598 5484 1612 5519 :
1639 5468 1718 5523 sic
1746 5468 2026 5529 incassum

536 5626 612 5688 (α)
652 5621 828 5675 Verba
881 5619 946 5673 Ι).
1004 5620 1171 5675 Basil.
1226 5621 1497 5676 habentur
1544 5622 1682 5676 libro
1739 5639 1777 5677 rt
1839 5636 2018 5683 contra

472 5690 802 5744 Eunomium.

542 5764 615 5832 to)
646 5762 911 5817 Isocrates
945 5770 1056 5817 tres
1106 5776 1243 5833 pene
1285 5759 1640 5832 Olympiadas
1673 5768 2019 5837 consumpsit

2130 4567 2439 4628 συστάσεως
2464 4567 2575 4627 τοῖς
2597 4564 2780 4616 ὕδασιν
2806 4565 2947 4635 ἴχνος
2975 4566 3396 4635 ὑπολειπόμεναι
3421 4583 3432 4594 ·
3456 4566 3701 4618 τοιαῦται

2126 4656 2233 4709 τῶν
2273 4655 2367 4709 τοῦ
2414 4656 2749 4725 λογογράφου
2787 4660 3074 4727 νοημάτων
3107 4659 3159 4710 αἱ
3205 4658 3522 4727 φυσαλίδες,
3563 4656 3698 4727 ὁμοῦ

2126 4747 2204 4818 τῷ
2236 4746 2602 4818 προϐληθῆναι
2624 4746 2745 4816 δίχα
2776 4746 2882 4799 τῶν
2915 4748 3235 4816 ἁπτομένων
3258 4748 3695 4819 κατασϐεννύμε-

2126 4857 2234 4895 ναι.
2269 4840 2423 4892 Μετὰ
2454 4838 2563 4909 γὰρ
2595 4838 2693 4901 τὰς
2721 4838 2945 4902 ἀλύτους
2979 4840 3192 4901 ὲκείνας
3219 4839 3581 4904 κατασκευὰς,
3611 4841 3697 4892 καὶ

2127 4934 2227 5004 τὴν
2268 4931 2514 4984 ἐνύπνιον
2544 4930 2877 4999 φιλοσοφίαν,
2910 4932 2974 4984 δι’
3004 4928 3070 5003 ἦς
3114 4934 3233 4995 ταῖς
3282 4931 3386 4984 τῶν
3425 4932 3697 5000 όνομάιων

2128 5023 2506 5093 παραλλαγαῖς
2541 5020 2603 5073 τὸ
2651 5020 2977 5093 διῃρημένον
3019 5019 3138 5075 εἶπε
3173 5024 3270 5092 τῆς
3302 5022 3488 5083 οὐσίας
3536 5037 3701 5074 καταο

2126 5114 2527 5186 λαμϐάνεσθαι,
2556 5112 2802 5184 καθάπερ
2833 5132 2913 5177 τις
2941 5114 3197 5185 ἀφρώδης
3226 5116 3386 5183 ὄγκος
3411 5114 3552 5167 κατὰ
3576 5113 3698 5184 ῥοῦν

2126 5208 2487 5277 ἀπαγόμενος,
2512 5204 2757 5268 ἐνσείσας
2773 5206 2878 5257 τινὶ
2899 5204 3008 5257 τῶν
3031 5223 3120 5259 στε
3131 5209 3410 5279 ρεωτέρων
3432 5208 3693 5260 διέπεσεψ

2134 5301 2276 5352 οὓτω
2334 5298 2475 5351 κατὰ
2517 5296 2577 5349 τὸ
2628 5297 2929 5366 αὐτόματον
2963 5301 2990 5351 ὁ
3028 5297 3183 5366 λόγος
3232 5298 3564 5371 φερόμενος,
3610 5299 3695 5352 καὶ

2136 5387 2457 5459 ἀπροόπτως
2491 5389 2557 5456 τῇ
2587 5386 2813 5457 ἀληθείᾳ
2840 5388 3239 5457 προσενεχθεὶς,
3268 5390 3365 5459 τὴν
3403 5390 3695 5443 ἀνυπόστα-

2137 5495 2226 5531 τον
2254 5476 2455 5545 ταύτην
2488 5477 2580 5529 καὶ
2610 5477 3008 5548 πομφολυγώδη
3052 5478 3145 5531 τοῦ
3175 5478 3401 5547 ψεύδους
3444 5480 3694 5533 σύστασιν

2143 5639 2492 5761 ip’sicribenda
2510 5638 2755 5695 oratione
2772 5625 3258 5711 pimegyricaNide
3284 5638 3416 5693 Plat.
3441 5637 3515 5693 De
3533 5637 3694 5709 gloria

2232 5725 2331 5761 ten.

2232 5725 2331 5762 ιση.
