3922 6462
219 351 324 413 749

1292 359 1573 416 CONTRA
1610 362 1996 423 EUNUMIUM,
2045 360 2169 412 ιλιι.
2220 360 2322 411 VII.

3353 355 3457 418 τε)

212 472 298 534 είς
344 470 404 525 τό
448 470 523 541 μὴ
563 471 623 523 ὃν
665 472 1022 525 διεσκέδασεν.
1068 473 1227 539 Λέγει
1282 474 1387 543 γὰρ
1433 478 1542 537 τοῖς
1587 476 1793 546 ῥήμασι

1901 480 1950 526 et
1997 483 2198 525 temere
2233 470 2362 523 dum
2411 467 2582 521 fertur
2628 469 2825 532 oratio,
2864 479 2918 524 et
2966 485 3030 524 ex
3066 470 3362 541 improviso
3399 474 3457 528 iit

212 560 448 624 τούτοιςσ
482 563 578 625 Τίς
604 562 776 626 οὕτως
802 564 1027 632 ἠλίθιος,
1058 565 1149 616 καὶ
1180 564 1278 633 τῆς
1311 566 1657 636 ἀνθρωπίνης
1687 582 1788 619 κα-

211 653 531 716 ταστάσεως
560 654 715 717 ἐκτὸς
737 694 750 709 .
798 656 872 708 ὡς
900 657 1027 725 περὶ
1057 656 1356 727 ἀνθρώπων
1390 657 1788 727 διαλεγόμενος,

210 745 308 797 τὸν
333 744 431 814 μὲν
450 746 619 799 είπείν
636 745 937 816 ἄνθρωπον,
958 746 1044 799 τὸν
1063 746 1121 800 δὲ
1140 748 1318 814 ἵππον,
1344 747 1517 801 καλῶν
1531 754 1551 774 ‘
1569 748 1791 821 συγκρί-

214 852 357 897 νων;
390 834 613 904 Εἵποιμι
645 835 711 887 ἂν
759 834 893 905 πρὸς
923 836 1083 889 αὑτὸν
1113 836 1221 905 ἐγὼ
1241 854 1253 867 ’
1285 837 1479 901 Καλῶς
1508 839 1791 909 ὀνομάζεις

214 924 448 993 ἠλίθιον,
472 924 564 976 τὸν
590 924 763 988 οὕτως
788 927 916 996 περὶ
939 926 1034 989 τὰς
1054 927 1236 996 φωνὰς
1263 929 1663 999 ἁμαρτάνοντα,
1699 932 1793 984 καὶ

216 1017 501 1085 χρήσομαι
524 1016 660 1085 πρὸς
683 1019 1009 1087 συνηγορίαν
1030 1019 1127 1088 τῆς
1149 1020 1403 1091 ἀληθείας
1431 1022 1665 1093 μάρτυρι
1690 1022 1789 1080 σοί.

213 1106 280 1159 El
302 1107 412 1176 γὰρ
439 1110 537 1177 τῆς
560 1108 793 1177 ἐσχάτης
813 1109 959 1161 ἐστὶν
980 1109 1334 1182 ἠλιθιότητος,
1372 1112 1463 1165 τὸν
1486 1114 1583 1183 μὲν
1606 1115 1790 1178 ἵππον,

210 1197 307 1250 τὸν
331 1198 387 1250 δὲ
420 1198 704 1269 ἄνθρωπον
736 1199 933 1267 λέγειν,
964 1200 1123 1272 εἴπερ
1154 1201 1431 1275 ἄνθρωποι
1476 1205 1617 1259 κατά
1662 1206 1795 1278 ἀλή-

214 1285 368 1338 θειαν
397 1285 507 1339 εἷεν
539 1287 861 1358 ἀμφότερον
894 1290 993 1359 τῆς
1024 1290 1144 1359 ἴσης
1170 1292 1387 1357 πάντως
1412 1295 1794 1366 παραπληξίας

212 1378 353 1440 ἐστὶ,
394 1376 529 1430 Θεοῦ
562 1378 663 1448 μὲν
690 1379 783 1431 τοῦ
817 1380 1049 1451 Πατρὸς,
1090 1382 1224 1436 Θεοῦ
1273 1384 1331 1438 δὲ
1360 1386 1453 1440 τοῦ
1489 1387 1620 1441 Υἱοῦ
1653 1383 1794 1441 εἶναι

213 1466 688 1536 πεπιστευμένου,
737 1468 831 1521 τὸν
881 1470 979 1540 μὲν
1020 1472 1258 1537 κτιστδν,
1306 1474 1398 1527 τὸν
1442 1475 1497 1528 δὲ
1543 1477 1795 1531 ἅκτιστον

212 1555 416 1625 λέγειν,
440 1557 518 1620 ὡς
541 1560 657 1611 ἐκεῖ
684 1561 781 1629 τῆς
801 1559 1235 1632 ἀνθρωπότητος,
1258 1563 1429 1629 οὕτως
1448 1566 1539 1619 κα)⁸
1565 1566 1793 1622 ἐνταῦθα

211 1651 313 1720 τῆς
350 1649 600 1720 θεότητος
638 1652 741 1705 οὐκ
783 1652 1172 1725 ἐπιδεχομένης
1212 1654 1312 1726 τὴν
1345 1656 1483 1728 πρὸς
1519 1658 1579 1712 τὸ
1616 1660 1795 1731 ἑτερο-

211 1740 372 1807 γενὲς
413 1742 769 1813 παρατροπὴν
802 1744 893 1796 τοῦ
942 1744 1223 1815 ὀνόματος.
1279 1749 1345 1800 Ὀ
1384 1749 1494 1819 γάρ
1540 1750 1688 1803 ἐστιν
1736 1750 1797 1803 τὸ

211 1829 409 1899 ἄλογον
442 1832 577 1902 πρὸς
607 1833 699 1885 τὸν
732 1835 1038 1907 ἄνθρωπον,
1068 1837 1227 1891 τοῦτο
1254 1840 1347 1894 καὶ
1377 1842 1410 1910 ή
1446 1841 1624 1905 κτίσις
1661 1843 1797 1915 πρὸς

208 1923 316 1993 τὴν
352 1922 615 1993 θεότητα,
661 1925 802 1979 κατά
846 1927 905 1980 τὸ
938 1924 1052 1982 ἴσον
1095 1929 1169 1999 μὴ
1199 1931 1469 2003 δυναμένη
1515 1932 1607 1985 τὸν
1635 1934 1798 1988 αὐτὸν

210 2014 566 2078 ἐπιδέξασθαι
590 2016 669 2087 τῷ
700 2019 994 2088 προάγοντι
1043 2020 1220 2090 λόγον.
1266 2024 1376 2077 Καὶ
1407 2024 1483 2089 ὡς
1520 2027 1621 2079 οὐκ
1651 2025 1798 2079 ἔστιν

206 2106 307 2157 τὸν
337 2106 501 2159 αὑτὸν
540 2108 851 2179 ἐφαρμόσαι
875 2112 999 2181 ὅρον
1031 2111 1110 2183 τῷ
1144 2113 1345 2185 λογικῷ
1376 2132 1437 2169 τε
1471 2117 1564 2170 καὶ
1597 2116 1675 2188 τῷ
1707 2134 1796 2171 τε·-

210 2198 446 2267 τράποδι
494 2198 782 2267 (διίσταται
826 2203 935 2272 γάρ
968 2205 1209 2271 φυσικῶς
1252 2206 1511 2278 ἑκάτερον
1560 2208 1666 2264 ἀπὸ
1704 2208 1797 2262 τοῦ

209 2292 407 2361 ἑτέρου
439 2290 517 2361 τῷ
554 2291 850 2359 ἰδιάζοντι),
875 2294 1048 2359 οὕτως
1076 2297 1196 2351 οὐδὲ
1227 2298 1324 2369 τὴν
1354 2303 1581 2372 κτιστήν
1612 2319 1671 2355 τε
1706 2321 1800 2356 και

208 2382 470 2434 ἀκτιστον
503 2381 688 2435 οὐσίαν
733 2384 821 2438 διὰ
854 2385 959 2439 τῶν
1011 2388 1191 2440 αὐτῶν
1243 2390 1639 2460 ἑρμηνεύσεις,
1690 2394 1799 2445 τῶν

208 2472 308 2523 ἐπὶ
332 2470 536 2540 ταύτης
562 2471 866 2542 λεγομένων
897 2474 996 2545 τῆς
1025 2476 1246 2539 οὐσίας,
1272 2480 1373 2532 οὐκ
1404 2483 1798 2553 ὲφευρισκομέ-

211 2580 322 2613 νων
353 2565 419 2632 τῇ
448 2562 603 2631 ἄλλῃ⁸
649 2562 723 2625 ὡς
758 2565 864 2635 γάρ
897 2566 995 2635 οὐχ
1026 2566 1338 2637 εὑρίσκεται
1376 2571 1438 2623 τὸ
1481 2573 1696 2641 λογικὸν
1741 2577 1799 2628 ὲν

212 2651 391 2719 ἵππῳ,
417 2652 535 2703 οὐδὲ
559 2654 615 2704 ἐν
642 2653 914 2725 ἀνθρώπῳ
941 2657 1001 2708 τὸ
1031 2657 1353 2730 μονώνυχον·
1385 2661 1556 2726 οὕτως
1585 2663 1709 2717 οὔτε
1731 2670 1797 2737 τῇ

212 2741 394 2795 κτίσει
420 2745 452 2812 ἡ
479 2743 686 2814 θεότης,
714 2744 839 2799 οὔτε
864 2749 930 2818 τῇ
955 2746 1167 2820 θεότητι
1190 2753 1251 2805 τὸ
1273 2753 1360 2806 διά
1384 2754 1612 2820 κτίσεως
1640 2755 1794 2810 εἶναι·

212 2833 335 2885 ἀλλ’
359 2835 409 2886 εἰ
434 2834 566 2898 Θεὸς
587 2874 602 2898 ,
644 2837 861 2900 πάντως
890 2839 983 2891 καὶ
1007 2839 1279 2908 ἄκτιστος,
1309 2845 1357 2895 εἰ
1389 2844 1445 2897 δὲ
1476 2847 1713 2909 κτιστὸς,
1737 2849 1797 2900 οὐ

211 2928 371 2989 θεός.
404 2928 468 2981 Εἰ
502 2929 574 2998 μή
604 2946 687 2992 τις
713 2930 819 2999 ἄρα
841 2931 929 2983 διὰ
950 2933 1198 3003 χρήσεώς
1221 2952 1365 2999 τινος
1402 2938 1494 2991 καὶ
1517 2940 1801 3009 συνηθείας

212 3017 411 3083 λόγων,
454 3016 609 3078 ψιλὸν
651 3022 741 3072 ἐπὶ
788 3023 888 3093 τὴν
933 3025 1110 3077 κτίσιν
1155 3026 1278 3094 ἄγοι
1307 3029 1367 3080 τὸ
1419 3030 1518 3099 τῆς
1552 3031 1799 3102 θεότητος

210 3110 422 3179 ὄνομα,
456 3110 705 3182 καθάπερ
734 3116 827 3166 καὶ
851 3114 1035 3178 ἵπποις
1070 3117 1178 3169 τισὶ
1236 3120 1304 3172 τὰ
1338 3120 1651 3191 ἀνθρώπινα
1693 3125 1800 3176 τῶν

213 3200 503 3270 ὀνομάτων
562 3204 716 3274 παρά
769 3204 879 3259 τῶν
934 3208 1178 3262 ἱππικῶν
1244 3212 1628 3284 ἐπιϐέϐληται·
1684 3216 1798 3269 ἀλλ’

213 3291 344 3345 οὔτε
378 3295 406 3346 ό
440 3294 605 3357 ἵππος
634 3293 940 3366 ἄνθρωπος,
974 3298 1076 3351 κᾶν
1106 3300 1422 3374 ἀνθρωπίνῃ
1458 3309 1801 3379 προσηγορίᾳ

215 3385 672 3456 κατονομάζεται,
696 3387 818 3441 οὔτε
850 3390 911 3442 τὸ
935 3392 1141 3460 κτίσμα
1177 3393 1307 3458 Θεὸς
1327 3435 1341 3455 ,
1382 3396 1486 3450 κᾶν
1518 3415 1803 3469 προσμαρ-

213 3474 461 3544 τυρῶσιν
485 3475 635 3546 αὐτῷ
656 3494 798 3540 τινες
818 3479 917 3548 τὴν
948 3482 1130 3550 φωνὴν
1151 3486 1249 3552 τῆς
1278 3484 1549 3555 θεότητος,
1569 3488 1803 3556 φθόγγον

216 3565 467 3619 διάκενον
510 3569 566 3620 ἐν
605 3567 755 3621 δυάδι
792 3570 1070 3625 συλλαϐῶν
1109 3573 1473 3644 χαριζόμενοι.
1530 3579 1682 3631 Ἐπεὶ
1710 3576 1803 3633 οὗν

220 3657 526 3729 συνηνέχθη
563 3662 702 3713 κατὰ
732 3662 793 3713 τὸ
823 3662 1125 3733 αὐτόματον
1162 3668 1190 3717 ὁ
1215 3666 1314 3735 τῆς
1344 3669 1607 3738 αἱρέσεως
1647 3672 1802 3741 λόγος

221 3748 363 3819 πρὸς
391 3750 489 3821 τὴν
511 3750 790 3821 ἀλήθειαν,
822 3754 983 3818 αὐτὸς
1011 3756 1187 3826 ἑαυτῷ
1215 3759 1669 3828 συμϐουλευσάτω
1692 3766 1805 3828 τοῖς

218 3840 445 3905 οἰκείοις
495 3843 772 3913 ἐμμένειν·
821 3846 914 3898 καὶ
961 3847 1081 3917 μηδ’
1124 3849 1181 3899 ἐν
1225 3850 1410 3921 τρόπῳ
1463 3853 1559 3913 τὰς
1610 3853 1800 3907 ἑαυτοῦ

222 3932 412 4000 φωνὰς
455 3934 837 4000 ἀνατίθεσθαι,
882 3938 1021 3992 ἀλλά
1055 3939 1135 4009 τῷ
1182 3940 1293 3993 ὄντι
1328 3943 1566 4013 νομίζειν
1597 3944 1803 4013 ἠλίθιον

222 4019 367 4077 εἶναι
399 4026 492 4078 καὶ
522 4028 966 4098 παρεξεσηκότα
990 4070 1005 4095 ,
1032 4030 1122 4083 τὸν
1145 4032 1204 4085 τὸ
1237 4034 1592 4103 ὑποκείμενον
1626 4037 1701 4107 μὴ
1728 4037 1803 4101 ὡς

218 4112 373 4167 ἔστιν
418 4115 782 4185 ὀνομάζοντα,
826 4119 939 4171 ἀλλ’
985 4120 1106 4173 ἀντὶ
1150 4121 1434 4193 ἀνθρώπου
1481 4124 1666 4191 ἵππον,
1710 4129 1802 4180 καὶ

217 4205 344 4258 ἀντὶ
374 4205 607 4276 οὐρανοῦ
640 4208 933 4273 θάλασσαν,
972 4211 1066 4263 καὶ
1097 4211 1216 4264 ἀντὶ
1253 4212 1385 4266 Θεοῦ
1420 4210 1642 4283 λέγοντα
1688 4218 1802 4271 κτί-

221 4314 341 4366 σμα
363 4315 379 4328 ·
413 4298 506 4351 καὶ
542 4299 729 4370 μηδεὶς
756 4299 950 4353 οἰέσθω
980 4302 1137 4373 παρὰ
1161 4302 1315 4371 λόγον
1360 4305 1801 4377 ἀντιδιαιρεῖσθαι

218 4390 302 4460 τῷ
349 4388 470 4459 Θεῷ
516 4391 613 4461 τὴν
659 4393 858 4455 κτίσιν,
892 4394 1028 4447 ἀλλά
1068 4395 1203 4466 πρὸς
1229 4397 1355 4459 τοὺς
1400 4400 1682 4470 προφήτας
1708 4402 1802 4455 καὶ

1894 562 2173 614 veritatem
2208 559 2439 628 allapsa,
2476 556 2619 611 hanc
2657 558 2968 613 instabilem
3003 570 3054 613 et
3096 561 3453 629 ampullarem

1892 650 2160 708 mendacii
2192 650 2641 705 constitutionem
2670 648 2726 703 in
2756 649 2987 703 nihilum
3018 649 3327 719 dissipavit.
3357 651 3455 705 llis

1891 746 2036 800 enim
2068 744 2250 799 verbis
2280 742 2450 797 dicit:
2485 741 2622 808 Quis
2666 743 2739 795 ita
2785 739 3041 811 stupidus
3083 750 3137 796 et
3170 756 3367 797 vecors
3406 750 3462 797 et

1894 835 2248 891 humanitatis
2279 848 2492 898 exsors,
2547 841 2608 888 ut
2659 831 2725 887 de
2784 832 3097 887 [nominibus
3150 832 3455 893 disserens.

1894 927 2039 980 hunc
2069 926 2289 996 quidem
2319 926 2617 989 hominem,
2647 923 2800 977 illum
2835 939 2966 977 vero
3004 939 3206 995 equum
3238 925 3459 988 dixerit,

1895 1017 2144 1087 ipsorum
2177 1018 2584 1086 comparatione
2613 1014 2797 1069 facta?
2818 1016 2886 1068 At
2914 1031 3016 1085 ego
3052 1015 3154 1085 ipsi
3186 1015 3417 1069 dixerim
3445 1032 3457 1066 :

1895 1106 2164 1162 Praeclare
2196 1107 2448 1162 nominas
2484 1105 2740 1161 stolidum
2776 1118 2831 1160 et
2854 1105 3125 1173 hebetem,
3157 1116 3210 1161 et
3233 1106 3460 1161 bardum

1898 1200 1979 1255 sic
2004 1199 2151 1253 circa
2190 1213 2352 1253 voces
2382 1198 2727 1252 aberrantem
2766 1213 2779 1250 :
2810 1204 2864 1251 et
2899 1198 2963 1250 ad
2997 1197 3246 1252 veritatis
3276 1206 3462 1266 patro-

1895 1290 2098 1344 cinium
2133 1297 2186 1344 te
2217 1298 2341 1343 utar
2375 1296 2536 1344 teste.
2569 1287 2627 1341 Si
2659 1289 2802 1343 enim
2837 1296 2923 1342 est
2963 1298 3221 1342 extremae
3246 1288 3463 1343 stolidi-

1900 1383 2033 1436 tatis
2067 1390 2122 1437 et
2154 1381 2446 1443 fatuitatis,
2473 1381 2619 1435 hunc
2650 1379 2871 1449 quidem
2897 1394 3121 1449 equum,
3156 1380 3307 1434 illum
3334 1396 3463 1434 vero

1897 1471 2169 1527 hominem
2189 1472 2391 1531 dicere,
2417 1471 2462 1525 si
2489 1470 2705 1541 quidem
2729 1485 2855 1525 vere
2888 1470 3049 1524 ambo
3075 1480 3262 1524 essent
3293 1470 3465 1523 homi-

1897 1576 1994 1616 nes
2030 1582 2041 1614 :
2077 1562 2307 1632 aequalis
2337 1576 2567 1631 prorsus
2601 1560 2843 1631 stuporis
2878 1568 2963 1615 est
3000 1574 3125 1613 cum
3161 1559 3302 1614 Deus
3341 1564 3464 1629 qui-

1898 1652 2015 1707 dem
2044 1651 2225 1717 Patcr,
2278 1651 2419 1708 Deus
2460 1667 2589 1707 vero
2616 1651 2790 1706 Filius
2832 1666 2955 1706 esse
2996 1651 3270 1712 credatur,
3322 1652 3465 1703 hunc

1904 1743 2120 1813 quidem
2160 1752 2430 1811 creatum,
2480 1743 2633 1799 illum
2678 1756 2807 1797 vero
2835 1743 3140 1796 increatum
3174 1741 3462 1800 allii-mare,

1899 1849 2024 1889 cum
2064 1851 2165 1890 nec
2196 1835 2308 1889 illic
2355 1836 2691 1905 humanitas,
2713 1848 2816 1890 nec
2863 1834 2949 1888 hic
2992 1834 3273 1893 divinitas.
3310 1832 3374 1885 ad
3412 1834 3465 1887 id

1899 1927 2045 1996 quod
2102 1926 2306 1982 diversi
2359 1929 2577 1996 generis
2629 1934 2713 1980 est
2764 1924 3006 1979 nominis
3057 1924 3464 1993 perversionem

1901 2017 2075 2084 possit
2104 2017 2414 2071 admittere.
2441 2014 2597 2082 Quod
2628 2017 2775 2069 enim
2809 2023 2893 2070 est
2924 2015 3156 2069 rationis
3179 2030 3375 2083 expers
3400 2014 3468 2067 ad

1900 2107 2199 2173 hominem,
2230 2108 2334 2162 hoc
2361 2108 2525 2163 etiam
2556 2119 2807 2161 creatura
2835 2107 2903 2161 ad
2938 2106 3303 2169 divinitatem,
3342 2120 3467 2159 cum

1898 2216 1963 2255 ex
1991 2215 2149 2270 tequo
2181 2216 2287 2254 non
2322 2198 2497 2270 possit
2521 2200 2810 2255 admittere
2838 2196 3083 2253 eamdem
3111 2212 3234 2250 cum
3268 2198 3470 2267 produ-

1899 2300 2053 2347 cente
2127 2292 2409 2346 rationem.
2475 2293 2541 2345 Et
2612 2289 3068 2358 quemadmodum
3122 2302 3228 2341 non
3292 2296 3469 2358 potest

1899 2384 2087 2438 eadem
2138 2382 2381 2437 deﬁnitio
2430 2396 2737 2450 congruere
2800 2380 3033 2434 rationis
3095 2378 3370 2448 participi,
3416 2386 3470 2431 et

1900 2471 2234 2542 quadrupedi
2272 2490 2285 2526 :
2323 2472 2491 2527 distat
2513 2471 2661 2526 enim
2695 2470 2931 2523 alterum
2962 2468 3031 2521 ab
3055 2468 3227 2522 altero
3256 2477 3471 2520 natura-

1904 2564 2025 2617 liter
2058 2579 2155 2617 sua
2186 2562 2450 2632 peculiari
2487 2562 2819 2632 proprietate
2856 2579 2869 2613 :
2909 2560 2988 2615 sic
3023 2575 3197 2629 neque
3226 2568 3466 2612 creatam

1900 2666 1953 2708 et
1979 2656 2279 2707 increatam
2306 2655 2601 2709 essentiam
2637 2669 2735 2724 per
2763 2653 2955 2708 eadem
2996 2652 3466 2722 interpretaberis,

1901 2762 2024 2798 cum
2057 2761 2117 2798 ea
2149 2761 2271 2816 quae
2301 2750 2364 2798 ile
2405 2746 2508 2799 ista
2539 2743 2798 2799 dicuntur
2839 2742 3112 2805 essentia,
3160 2759 3265 2795 non
3319 2744 3472 2795 inve-

1901 2839 2122 2890 niantur
2171 2838 2224 2890 in
2263 2838 2366 2891 alia
2402 2855 2415 2889 :
2448 2838 2588 2891 sicut
2615 2839 2760 2891 enim
2788 2836 2842 2889 in
2873 2850 3015 2905 equo
3054 2835 3320 2887 rationale
3362 2850 3470 2888 non

1903 2927 2212 2994 invenitur;
2249 2944 2424 2998 neque
2460 2929 2512 2982 in
2548 2928 2784 2989 homine,
2828 2927 2969 2997 quod
3020 2941 3183 2980 unam
3215 2926 3471 2979 solidam-

1903 3034 2007 3087 que
2032 3018 2196 3073 habet
2227 3020 2486 3089 ungulam
2523 3037 2534 3071 :
2570 3019 2651 3073 sic
2680 3033 2857 3087 neque
2894 3018 2947 3070 in
2980 3027 3230 3070 creatura
3268 3017 3471 3070 divini-

1904 3118 2007 3169 tas,
2045 3124 2222 3178 neque
2261 3110 2313 3163 in
2358 3108 2639 3162 divinitate
2674 3109 2816 3177 quod
2855 3124 2950 3177 per
2982 3108 3310 3160 creationem
3353 3122 3471 3160 esse

1903 3202 2255 3270 comperitur.
2297 3200 2402 3255 Sed
2433 3200 2477 3255 si
2511 3199 2656 3254 Deus
2680 3212 2784 3260 est,
2811 3201 2972 3254 etiam
3006 3215 3231 3269 prorsus
3263 3199 3472 3251 increa-

1903 3302 1994 3347 tus
2028 3312 2041 3347 :
2078 3294 2125 3348 si
2170 3303 2392 3348 creatus
2441 3304 2546 3355 est,
2580 3309 2686 3346 non
2724 3303 2809 3347 est
2854 3291 3017 3346 Deus.
3050 3291 3166 3345 Nisi
3214 3292 3337 3358 quis
3369 3306 3471 3343 usu

1901 3387 2137 3456 quodam
2181 3396 2234 3441 et
2284 3386 2683 3441 consuetudine
2735 3385 2989 3455 loquendi
3056 3393 3220 3438 tenue
3273 3398 3470 3436 nomen

1902 3476 2207 3533 divinitatis
2242 3478 2310 3532 ad
2346 3478 2653 3532 creaturam
2696 3477 2900 3541 trahat,
2932 3476 3391 3546 quemadmodum
3421 3483 3474 3529 et

1902 3573 2061 3641 equis
2093 3570 2452 3639 quisbusdam
2486 3572 2723 3623 humana
2770 3571 2990 3623 nomina
3022 3569 3090 3622 ah
3121 3569 3475 3637 equestribus

1905 3670 2034 3716 sunt
2068 3663 2240 3717 indita
2268 3683 2283 3720 :
2317 3664 2409 3718 sed
2467 3679 2643 3732 neque
2672 3679 2846 3730 equus
2888 3663 3069 3723 homo,
3104 3664 3203 3715 etsi
3237 3664 3474 3717 humana

1904 3754 2264 3823 appellatione
2280 3754 2612 3818 nominatur,
2636 3769 2807 3824 neque
2829 3762 3077 3807 creatura
3102 3753 3263 3815 Deus,
3286 3769 3476 3822 quam-

1904 3847 1987 3900 vis
2024 3846 2071 3900 ei
2097 3847 2317 3916 quidam
2358 3863 2542 3905 vocem
2589 3848 2886 3901 divinitatis
2914 3847 3234 3909 attribuant,
3279 3860 3474 3898 sonum

1904 3938 2123 3991 inanem
2160 3939 2211 3991 in
2239 3938 2575 4006 syllabarum
2607 3938 2870 3992 dualitate
2897 3937 3291 4007 gratiﬁcantes.
3326 3936 3475 4001 Quo-

1905 4029 2050 4082 niam
2104 4029 2270 4099 igitur
2322 4024 2524 4083 temere
2577 4043 2630 4083 et
2684 4031 2908 4083 fortuito
2962 4030 3237 4085 haereseos
3291 4044 3480 4083 sermo

1911 4122 2127 4175 veritati
2162 4123 2468 4185 consensit,
2507 4123 2621 4193 ipse.
2655 4123 2759 4176 sibi
2798 4123 3053 4176 consulat
3083 4122 3320 4193 propriis
3366 4122 3475 4174 im-

1904 4228 2159 4274 manere;
2194 4229 2293 4268 nec
2325 4231 2420 4284 per
2464 4224 2681 4284 tropum
2719 4216 2833 4270 sive
2864 4213 3094 4285 ﬁguram
3133 4228 3262 4267 suas
3310 4227 3474 4266 voces

1901 4307 2220 4369 attribuere,
2258 4307 2351 4361 sed
2392 4322 2516 4360 vere
2542 4316 2594 4360 ct
2631 4307 2845 4361 realiter
2873 4306 3186 4361 existimare
3215 4306 3472 4361 stolidum

1903 4412 2049 4459 esse,
2102 4413 2279 4467 neque
2321 4399 2405 4453 sui
2458 4408 2787 4467 compotem,
2838 4413 2961 4453 eum
3011 4398 3104 4468 qui
3149 4413 3257 4451 non
3300 4409 3357 4452 ut
3388 4406 3474 4452 est

221 4480 362 4550 πρὸς
398 4483 521 4544 τοὺς
559 4484 885 4547 ἀποστόλους
921 4486 1179 4555 βλεπέτω.
1226 4488 1282 4539 Ὀ
1320 4490 1418 4559 μὲν
1453 4491 1557 4563 γάρ
1590 4496 1799 4565 προφή-

1909 4490 2221 4559 subjectum
2266 4492 2531 4553 nominat,
2591 4492 2686 4544 sed
2732 4507 2829 4561 pro
2878 4492 3097 4547 homine
3145 4508 3370 4560 equum,
3421 4499 3475 4546 et

218 4590 324 4643 της
370 4574 535 4643 φησὶν
573 4577 637 4629 ἐκ
670 4576 960 4648 προσώπου
1006 4578 1098 4631 τοῦ
1143 4581 1389 4651 Πατρός,
1425 4586 1505 4637 ὅτι
1564 4586 1628 4640 Ἡ
1671 4589 1799 4657 χείρ

218 4682 340 4732 μου
366 4664 618 4734 ἐποίησε
655 4667 851 4720 πάντα
889 4669 1092 4729 ταῦτα.
1120 4674 1276 4741 χεῖρα
1303 4672 1400 4742 τὴν
1433 4674 1529 4727 τοῦ
1565 4677 1801 4746 Mavors-

221 4756 352 4820 νοῦς
380 4757 606 4829 δύναμιν
648 4760 724 4829 τῷ
768 4762 1048 4831 αἰνίγματι
1080 4763 1282 4830 λέγων·
1318 4767 1344 4817 ὁ
1383 4765 1439 4817 δὲ
1486 4767 1802 4834 Ἀπόστολος

221 4853 290 4904 ὲκ
316 4849 413 4902 τοῦ
442 4852 650 4922 Πατρὸς
676 4847 814 4905 εἶναι
844 4854 913 4907 τά
961 4854 1156 4917 πάντα,
1203 4857 1294 4908 καὶ
1321 4855 1408 4908 διὰ
1444 4856 1535 4910 τοῦ
1570 4859 1697 4912 Υίοῦ
1735 4862 1804 4914 τὰ

222 4943 407 4996 πάντα
434 4941 600 5010 λέγει·
631 4961 693 4997 συ
702 4945 915 5014 μὸαίνει
940 4947 996 4998 δέ
1019 4965 1132 5010 πως
1155 4947 1214 4999 τὸ
1237 4950 1570 5020 προφητικὸν
1590 4951 1804 5023 πνεῦμα

222 5038 291 5106 τῇ
321 5036 654 5108 ἀποστολικῇ
680 5037 996 5107 διδασκαλίᾳ
1039 5041 1133 5092 καὶ
1160 5042 1331 5113 ταύτῃ
1369 5043 1456 5096 διὰ
1496 5045 1807 5116 πνεύματος

223 5129 512 5202 γενομένῃ.
553 5131 697 5184 Ἐκεῖ
716 5148 776 5183 τε
802 5131 909 5202 γάρ
936 5131 1003 5184 τά
1028 5132 1202 5186 πάντα
1231 5135 1328 5203 τῆς
1356 5135 1536 5205 χειρὸς
1559 5136 1692 5205 ἔργα
1713 5136 1805 5190 τοῦ

225 5221 321 5273 ἐπὶ
370 5221 586 5275 πάντων
622 5224 651 5276 ό
691 5226 977 5294 προφήτης
1010 5224 1197 5289 εἰπὼν,
1226 5225 1522 5280 διαστέλλει
1559 5227 1654 5298 τὴν
1699 5229 1807 5283 τῶν

226 5311 532 5380 γεγονότων
571 5313 731 5382 φύσιν
761 5315 894 5386 πρὸς
919 5316 1009 5368 τὸν
1034 5318 1352 5385 ποιήσαντα.
1400 5318 1457 5369 Ὀ
1484 5319 1539 5372 δὲ
1574 5322 1805 5391 ποιήσας

228 5402 349 5454 ἐστὶ
390 5401 478 5454 διὰ
523 5403 621 5473 τῆς
660 5404 792 5466 ἰδίας
824 5404 1003 5475 χειρὸς
1045 5406 1112 5457 τὰ
1149 5407 1345 5468 πάντα,
1387 5411 1414 5460 ὁ
1459 5409 1549 5461 ἐπὶ
1591 5410 1806 5462 πάντων

227 5492 363 5555 Θεός
387 5510 400 5523 -
434 5493 529 5564 τὴν
559 5496 656 5563 μὲν
703 5498 859 5566 χείρα
900 5496 1058 5567 ἔχων,
1108 5496 1176 5550 τά
1221 5498 1277 5550 δὲ
1322 5498 1499 5552 πάντα
1542 5500 1607 5553 δι’
1642 5501 1809 5571 αὐτῆς

230 5582 616 5655 ἐργαζόμενος.
651 5586 759 5639 Καὶ
791 5586 1025 5640 ἐνταῦθα
1061 5586 1222 5651 πάλιν
1263 5588 1293 5639 ὁ
1351 5590 1669 5655 Ἀπόστολος
1711 5593 1811 5663 τὴν

229 5676 400 5744 αὐτὴν
434 5680 664 5730 ποιεῖται
699 5677 805 5732 τῶν
830 5680 996 5733 ὄντων
1027 5681 1224 5750 τομήν·
1259 5682 1327 5734 τά
1375 5682 1547 5736 πάντα
1581 5685 1680 5754 μὲν
1712 5685 1812 5755 τῆς

309 5768 351 5798 ³⁸
388 5767 468 5823 lsa
523 5784 709 5838 XLHII,
748 5772 829 5824 l3.
909 5768 1142 5824 “lCor.
1183 5786 1300 5837 vui,
1333 5771 1385 5826 6.

1908 4598 2011 4650 pro
2046 4584 2188 4635 cmlo
2240 4599 2409 4645 mare,
2460 4591 2514 4637 et
2556 4600 2654 4653 pro
2685 4582 2793 4637 Deo
2844 4592 3152 4638 creaturam
3198 4584 3476 4639 dicendo:

1905 4682 1962 4729 et
1992 4692 2058 4729 ne
2087 4677 2211 4745 quis
2240 4676 2518 4731 existimet
2548 4717 2563 4743 ,
2604 4684 2799 4746 praeter
2849 4676 3116 4731 rationem
3163 4686 3473 4731 creaturam

1910 4766 2020 4822 Deo
2062 4783 2129 4822 ex
2181 4768 2411 4823 adverso
2440 4769 2663 4838 opponi,
2708 4770 2801 4825 sed
2846 4772 2911 4822 ad
2966 4770 3277 4839 prophetas.
3315 4777 3368 4822 et
3408 4770 3475 4821 ad

1913 4858 2192 4928 apostolos
2223 4858 2504 4929 respiciat.
2546 4858 2680 4913 Nam
2726 4860 2990 4930 propheta
3026 4860 3206 4929 inquit
3252 4875 3316 4913 ex
3352 4874 3475 4928 per-

1904 4967 2037 5006 soua
2076 4952 2253 5007 Patris
2286 4969 2303 5007 :
2344 4951 2540 5008 Manus
2586 4970 2704 5008 mea
2742 4955 2853 5008 Ιιαέ
2901 4954 3078 5006 omnia
3123 4952 3243 5021 fecit
3280 4953 3346 5016 ",
3382 4967 3481 5021 per

1903 5060 2146 5108 manum,
2194 5044 2473 5116 Unigeniti
2523 5045 2781 5101 virtutem
2843 5047 3075 5100 obscure
3132 5043 3473 5114 signiﬁcans.

1904 5135 2200 5206 Apostolus
2235 5150 2365 5191 vero
2388 5153 2456 5192 ex
2482 5136 2645 5193 Patre
2677 5151 2802 5193 esse
2826 5138 3034 5199 omnia,
3059 5144 3114 5190 et
3148 5152 3243 5206 per
3276 5134 3474 5189 Filium

1905 5228 2087 5283 omnia
2110 5228 2242 5283 dicit
2275 5229 2352 5295 “;
2380 5229 2735 5300 propheticus
2768 5238 2949 5284 autem
2981 5228 3206 5298 spiritus
3244 5242 3478 5282 consen-

1904 5320 1969 5372 tit
2002 5321 2320 5391 apostolica:
2357 5320 2642 5387 doctrinm,
2700 5337 2822 5392 qua:
2865 5322 3028 5376 etiam
3078 5336 3174 5389 per
3220 5318 3474 5374 eumdem

1905 5412 2157 5480 spiritum
2201 5410 2344 5467 facta
2376 5420 2483 5467 est.
2518 5413 2637 5467 lllic
2665 5414 2813 5469 enim
2847 5412 3027 5469 omnia
3076 5425 3244 5482 opera
3276 5425 3476 5465 manus

1908 5503 2033 5570 ejus
2063 5505 2156 5573 qui
2186 5513 2272 5559 est
2309 5506 2363 5558 in
2394 5506 2651 5560 omnibus
2680 5506 2944 5576 propheta
2976 5519 3101 5558 cum
3134 5502 3293 5565 dixit,
3317 5512 3475 5555 natu-

1912 5610 2027 5650 ram
2066 5611 2256 5651 eorum
2286 5612 2409 5669 qua:
2442 5598 2584 5652 facta
2618 5604 2767 5661 sunt,
2801 5598 2870 5653 ab
2902 5610 2968 5653 eo
2993 5596 3087 5666 qui
3126 5593 3254 5649 fecit
3280 5594 3478 5648 distin-

1918 5688 2034 5757 guit
2079 5704 2142 5743 ac
2182 5695 2421 5759 separat.
2477 5687 2581 5755 Qui
2627 5696 2807 5743 autem
2862 5701 3028 5743 manu
3074 5686 3295 5758 propria
3348 5684 3480 5740 fecit
