3922 6474
462 320 559 376 751

1735 323 1793 380 S.
1829 322 2159 381 GRlCGORIl
2198 324 2491 381 NYSSENI

3621 330 3726 393 752

458 433 671 499 omnia,
705 434 751 490 is
792 445 876 490 est
908 451 1075 506 super
1107 437 1292 493 omnia
1334 438 1517 504 Deus;
1548 455 1771 495 manum
1810 444 2033 513 quidem

2161 444 2431 514 ποιητικῆς
2480 443 2731 510 ἐξάπτων
2769 444 2968 509 αἰτίας,
3015 447 3117 501 οὐκ
3146 448 3207 502 ὲν
3241 454 3353 516 τοῖς
3389 454 3525 507 πᾶσι
3569 453 3629 508 δὲ
3666 457 3727 509 τὸ

463 524 697 588 habens,
751 526 936 581 omnia
983 543 1116 582 vero
1162 544 1258 599 per
1307 530 1481 600 ipsam
1518 540 1802 600 operatus.
1838 532 1903 585 Et
1948 533 2037 587 hic

463 620 685 691 quidem
705 620 1003 691 Apostolus
1024 623 1273 677 eamdem
1306 638 1495 677 eorum
1528 640 1649 694 quae
1676 632 1805 679 sunt
1835 626 2039 680 sectio-

462 726 589 767 nem
635 711 785 776 l‘acit,
818 714 1003 767 omnia
1048 713 1269 783 quidem
1313 730 1495 769 causa:
1534 714 1791 770 etfectricl
1838 718 2041 772 adnec-

463 814 611 866 tens,
654 819 763 859 non
796 806 850 859 in
883 808 1141 863 omnibus
1174 818 1351 863 autem
1401 809 1455 863 id
1487 810 1633 880 quod
1667 810 1830 866 efﬁcit
1864 828 2041 866 annu-

464 913 687 954 merans
728 916 741 952 :
785 898 858 952 ita
893 907 953 952 ut
996 899 1209 969 liquido
1243 908 1296 953 et
1347 901 1493 956 clare
1531 918 1626 971 per
1673 903 1787 957 haec
1830 914 2040 959 natura:

467 990 641 1044 creati
693 998 747 1045 et
804 990 1034 1046 increati
1104 990 1411 1045 diﬁerentia
1468 1002 1618 1047 recte
1669 993 1954 1059 doceatur,
1986 1003 2042 1050 et

468 1083 618 1138 aliud
653 1084 874 1155 quidem
911 1083 1056 1153 quod
1088 1082 1248 1140 cﬂicit
1292 1087 1594 1139 secundum
1631 1088 1910 1157 propriam
1947 1103 2043 1141 na~

467 1182 673 1239 turam,
731 1175 879 1229 aliud
944 1191 1074 1229 vero
1111 1176 1253 1244 quod
1304 1175 1553 1245 gignitur
1612 1178 2039 1234 demonstretur.

467 1268 738 1335 Quoniam
784 1267 951 1338 igitur
974 1268 1161 1321 omnia
1192 1283 1222 1321 a
1261 1267 1395 1330 Deo,
1433 1267 1576 1323 Deus
1621 1280 1799 1323 autem
1830 1269 2041 1337 Filius;

466 1361 729 1429 praeclare
756 1368 1013 1415 creatura
1044 1359 1323 1414 divinitati
1362 1375 1426 1413 ex
1461 1359 1696 1415 adverso
1719 1362 2048 1431 opponitur:

466 1448 743 1521 Unigeniti
774 1460 954 1505 autem
990 1460 1187 1506 natura
1224 1449 1374 1504 aliud
1398 1451 1657 1519 quiddam
1681 1460 1735 1505 ct
1764 1452 2040 1507 diversum

2139 533 2331 587 ποιοῦν
2376 531 2765 604 ἐξαριθμήσας
2798 534 2875 597 ὡς
2908 536 3095 604 σαφῶς
3136 538 3225 593 διὰ
3273 540 3480 595 τούτων
3530 543 3592 596 τὸ
3628 544 3725 613 τῆς

2142 626 2356 697 φύσεως
2390 625 2643 696 διάφορον
2683 626 2778 679 τοῦ
2816 627 3038 681 κτιστοῦ
3073 631 3209 701 πρὸς
3258 632 3317 687 τὸ
3358 634 3614 688 ἄκτιστον
3647 636 3729 688 δι-

2141 718 2420 789 δαχθῆναυ
2452 717 2544 771 καὶ
2594 718 2722 772 ἄλλο
2769 720 2867 789 μὲν
2915 720 2976 773 τὸ
3030 723 3217 776 ποιοῦν
3260 728 3401 780 κατὰ
3447 726 3546 798 τὴν
3594 728 3732 781 ἰδίαν

2144 809 2326 880 φύσιν,
2356 810 2540 881 ἕτερον
2574 810 2631 864 δὲ
2665 811 2725 863 τὸ
2754 813 3038 883 γινόμενον
3072 812 3401 872 δείκνυσθαι.
3451 820 3609 873 Ἐπεὶ
3634 816 3732 873 οὖν

2139 903 2209 958 τὰ
2235 904 2413 958 πάντα
2438 905 2500 957 ὲκ
2520 904 2611 956 τοῦ
2636 904 2791 969 Θεοῦ,
2820 907 2951 970 Θεὸς
2973 908 3028 961 δὲ
3056 911 3083 962 ό
3105 910 3251 971 Υἱόςο
3286 910 3464 974 καλῶς
3490 912 3523 981 ἡ
3551 912 3735 976 κτίσις

2137 996 2624 1051 ἀντιδιαστέλλεται
2666 1000 2732 1068 τῇ
2762 996 3002 1070 θεότητιο
3020 1001 3111 1054 τοῦ
3140 1000 3197 1055 δὲ
3229 1000 3569 1070 Μονογενοῦς
3603 1005 3737 1057 ἀλλο

2137 1105 2193 1142 τι
2230 1088 2381 1160 παρὰ
2413 1089 2510 1159 τὴν
2545 1088 2655 1142 τῶν
2685 1091 2904 1144 πάντων
2930 1092 3099 1145 ὄντων
3129 1093 3316 1161 φύσιν·
3343 1096 3438 1148 καὶ
3464 1096 3587 1149 οὐδὲ
3617 1096 3737 1148 τῶν

2145 1180 2466 1251 μαχομένων
2516 1183 2582 1251 τῇ
2643 1181 2873 1251 ἀληθεία
2936 1182 3073 1253 πρὸς
3121 1185 3281 1238 τοῦτο
3337 1185 3732 1255 ἐνισταμένων.

2156 1272 2394 1341 Ἀνάγκη
2424 1273 2575 1326 πᾶσα
2603 1274 2696 1325 καὶ
2724 1272 2805 1343 τῷ
2833 1273 2947 1343 Υἱῷ
2978 1275 3117 1328 κατά
3142 1275 3201 1329 τὸ
3224 1272 3343 1329 ἴσον
3382 1276 3737 1347 ἀντιδιαιρεῖ-

2147 1364 2271 1416 σθαι
2299 1362 2397 1433 τὴν
2423 1362 2621 1417 κτίσιν.
2657 1364 2828 1434 Εἴπερ
2864 1363 2939 1435 μὴ
2971 1364 3254 1434 ψεύδονται
3281 1368 3347 1420 δι’
3375 1366 3540 1421 αὐτοῦ
3570 1382 3741 1436 γεγε-

2145 1454 2338 1525 νῆσθαι
2371 1455 2441 1509 τὰ
2465 1455 2644 1508 πάντα
2676 1455 2782 1508 τῶν
2812 1457 2982 1524 ἁγίων
3003 1460 3059 1510 αἱ
3092 1460 3266 1525 φωναὶ
3296 1459 3738 1529 μαρτυρόμεναι.

464 1553 594 1593 vere
641 1546 727 1594 est
774 1539 845 1592 ab
878 1539 1123 1593 omnium
1174 1554 1296 1609 qua:
1340 1536 1483 1591 facta
1522 1548 1647 1592 sunt
1701 1547 1894 1593 natura
1929 1560 1940 1594 :
1974 1556 2099 1597 cum
2132 1560 2308 1613 neque
2340 1543 2393 1597 hi
2439 1545 2533 1613 qui
2575 1544 2791 1599 veritati
2839 1547 3204 1601 adversantur
3248 1550 3351 1603 hoc
3398 1551 3737 1603 inlicientur.

465 1630 699 1687 Necesse
734 1639 820 1687 est
860 1633 1085 1688 omnino
1119 1633 1370 1686 similiter
1416 1632 1555 1686 Filio
1594 1643 1900 1690 creaturam
1953 1655 2019 1693 ex
2058 1639 2294 1696 adverso
2323 1639 2548 1709 opponi.
2583 1637 2864 1709 Siquidem
2896 1657 3003 1695 non
3037 1642 3378 1696 mentiuntur
3410 1650 3740 1696 sanctorum

466 1740 630 1781 voces
668 1733 933 1782 testantes
960 1743 1057 1797 per
1098 1727 1274 1796 ipsum
1314 1726 1455 1780 facta
1483 1743 1609 1782 esse
1651 1730 1858 1783 omnia.

536 1816 674 1872 Cum
711 1818 880 1886 igitur
910 1818 1054 1874 Deus
1097 1818 1422 1888 Unigenitus
1467 1820 1522 1873 in
1554 1819 1757 1874 divinis
1787 1820 2040 1892 Scriptu-

2216 1825 2349 1879 Θεοῦ
2376 1827 2553 1881 τοίνυν
2581 1826 2675 1880 τοῦ
2705 1825 3048 1893 Μονογενοῦς
3081 1826 3138 1876 ἐν
3167 1827 3285 1887 ταῖς
3318 1824 3489 1887 θείαις
3523 1841 3741 1895 κηρυσ-

471 1911 553 1966 ris
583 1911 938 1982 praedicetur,
987 1925 1148 1965 suum
1192 1926 1504 1966 sermonem
1549 1911 1820 1983 intelligat
1862 1914 2048 1967 Euno-

472 2005 643 2067 mius,
668 2011 833 2073 atque
864 2002 1047 2058 omnis
1075 2002 1321 2071 stuporis
1342 2010 1397 2055 et
1417 2002 1688 2057 vecordia:
1718 2005 2048 2058 condemnet

473 2111 598 2152 eum
627 2096 724 2165 qui
760 2094 1100 2148 divinitatem
1132 2095 1185 2147 in
1214 2093 1266 2147 id
1302 2094 1448 2163 quod
1493 2107 1738 2149 creatum
1769 2104 1852 2151 est
1883 2107 1941 2150 et
1972 2098 2051 2150 in-

474 2204 723 2244 creatum
759 2188 1079 2254 distribuit;
1123 2187 1426 2243 secundum
1468 2188 1883 2244 similitudinem
1926 2190 2048 2257 ejus

474 2282 570 2352 qui
614 2280 812 2335 dividit
862 2280 1137 2335 hominem
1184 2281 1238 2333 in
1287 2295 1489 2349 equum
1525 2289 1578 2333 et
1609 2281 1665 2335 in
1719 2281 1995 2336 hominem
2033 2301 2047 2336 ι

474 2372 613 2426 dicit
634 2372 781 2426 enim
820 2372 936 2441 ipse
974 2381 1099 2440 post
1127 2372 1470 2441 nugatorium
1515 2373 1896 2442 loquacitatem
1929 2390 2051 2443 qua:

474 2470 560 2516 est
596 2462 649 2515 in
680 2461 882 2527 medio,
923 2462 1203 2530 paululum
1241 2476 1587 2530 progressus,
1625 2463 1763 2534 quod
1799 2464 2053 2515 immuta-

476 2554 599 2607 bilis
665 2554 939 2607 nominum
995 2563 1222 2624 cognata
1278 2570 1398 2606 cum
1454 2553 1609 2607 rebus
1661 2555 1867 2607 relatio.
1933 2557 2051 2609 Hoc

474 2645 641 2698 etiam
670 2646 786 2715 ipse
834 2646 1049 2701 ratione
1107 2648 1499 2716 comprobans,
1559 2648 1687 2714 quia
1738 2648 1811 2701 sit
1870 2648 2048 2713 ﬁrma,

476 2751 604 2791 vera
638 2737 1063 2806 appellationum
1115 2754 1238 2791 cum
1289 2738 1538 2806 subjecto
1571 2738 1937 2793 familiaritas.
1983 2739 2041 2793 Si

476 2828 646 2897 igitur
675 2843 874 2883 nomen
915 2830 1222 2883 divinitatis
1268 2829 1566 2898 l’nigenito
1598 2831 1705 2884 Deo
1752 2830 1971 2885 adhazse
2001 2842 2054 2885 et

477 2919 775 2988 conjuncte
809 2921 1130 2989 impositum
1176 2928 1285 2986 est,
1330 2922 1664 2975 assentietur
1708 2930 1890 2975 autem
1934 2937 2053 2976 om-

478 3013 634 3076 nino,
669 3022 722 3067 et
762 3014 807 3067 si
850 3014 981 3067 velit
1016 3013 1305 3067 nobiscum
1354 3012 1619 3068 dimicare
1652 3022 1705 3067 et
1740 3013 2051 3077 colluctari,

481 3122 589 3160 non
626 3106 844 3160 mentiri
876 3105 1243 3176 Scripturam,
1274 3121 1455 3175 neque
1482 3106 1858 3160 dissonantem
1893 3120 1921 3158 a
1954 3121 2051 3159 na-

2152 1919 2377 1989 σομένου
2401 1921 2667 1990 Γραφαῖς,
2695 1918 2945 1987 νοησάτω
2974 1916 3064 1968 τὸν
3092 1918 3221 1968 ἴδιον
3244 1916 3401 1984 λόγον
3431 1916 3699 1985 Εὐνόμιος
3721 1957 3739 1976 .

2151 2011 2244 2063 καὶ
2292 2010 2623 2080 καταγνώτω
2666 2010 2846 2062 πᾶσαν
2875 2008 3192 2078 ἠλιθιότητα
3243 2006 3336 2059 τοῦ
3376 2008 3437 2059 τὸ
3462 2008 3618 2060 Θείον
3652 2008 3742 2079 τῷ

2151 2102 2351 2173 κτιστῷ
2380 2103 2472 2155 καὶ
2499 2101 2738 2173 ἀκτίστῳ
2770 2100 3250 2171 καταμερίζοντοςο
3282 2099 3406 2152 καθ’
3439 2099 3741 2170 ὁμοιότητα

2149 2196 2243 2249 τοῦ
2276 2198 2367 2250 τὸν
2406 2196 2691 2264 ἄνθρωπον
2730 2196 2810 2257 εἰς
2843 2194 3008 2247 ἵππον
3036 2190 3372 2260 διαιροῦντος
3399 2192 3493 2244 καλ¹
3518 2191 3742 2262 avom-

2151 2304 2271 2341 πον·
2308 2288 2454 2356 λέγει
2482 2288 2592 2358 γὰρ
2632 2285 2792 2348 αὐτὸς
2832 2285 2970 2355 μετά
2997 2284 3094 2353 τὴν
3132 2282 3222 2335 διὰ
3263 2283 3429 2353 μέσου
3463 2283 3743 2354 φλυαρίαν

2155 2378 2347 2449 μικρὸν
2375 2377 2602 2439 ὑποὸὰς.
2637 2378 2719 2429 ὅτι
2772 2373 3145 2444 ’Δμετάθετος
3177 2374 3216 2440 ή
3251 2372 3578 2441 προσφυὴς
3615 2370 3746 2426 τῶν

2153 2468 2459 2537 ὀνομάτων
2496 2467 2646 2534 πρὸς
2674 2468 2748 2519 τὰ
2798 2465 3109 2533 πράγματα
3150 2460 3384 2531 σχέσις.
3432 2463 3606 2515 Τοῦτο
3642 2464 3745 2515 καὶ

2152 2558 2313 2619 αὐτὸς
2363 2554 2706 2626 ἐπιψηφίζων
2756 2555 2834 2624 τῷ
2887 2554 3052 2623 λόγῳ.
3092 2552 3171 2623 τῷ
3221 2554 3416 2620 πάγιον
3450 2548 3591 2605 εἶναι
3638 2551 3742 2622 τὴν

2152 2647 2328 2718 ἀληθῆ
2356 2645 2463 2699 τῶν
2492 2646 2870 2717 προσηγοριῶν
2895 2646 3032 2716 πρὸς
3062 2645 3122 2697 τὸ
3151 2644 3508 2711 ὑποκείμενον
3536 2642 3742 2695 οἰκειό-

2150 2757 2307 2812 τητα.
2346 2739 2409 2791 Εἰ
2439 2735 2535 2792 οὖν
2570 2739 2631 2791 τὸ
2661 2738 2940 2805 θεότητος
2980 2736 3152 2805 ὄνομα
3180 2734 3257 2806 τῷ
3297 2737 3596 2801 Μονογενεί
3618 2733 3745 2804 Θεῷ

2156 2831 2448 2903 προσφυῶς
2486 2830 2839 2900 ἐπικέκληται
2862 2871 2876 2893 ,
2911 2828 3233 2899 συνθήσεται
3273 2826 3330 2879 δὲ
3357 2826 3595 2890 πάντως,
3636 2826 3747 2880 κᾶν

2157 2924 2289 2995 πρὸς
2336 2925 2482 2992 ἡμᾶς
2520 2920 2676 2991 ὲθέλῃ
2714 2918 3216 2990 διαπληκτίζεσθαι,
3245 2918 3305 2972 τὸ
3349 2918 3422 2990 μὴ
3449 2917 3749 2988 ψεύδεσθαι

2153 3018 2250 3085 τὴν
2278 3016 2504 3086 Γραφὴν
2544 3014 2677 3086 μηδὲ
2717 3013 3027 3084 ἀπᾴδουσαν
3054 3013 3152 3082 τῆς
3180 3010 3395 3080 φύσεως
3430 3008 3746 3063 ἐπικεῖσθαι

2156 3110 2231 3180 τῷ
2262 3111 2556 3178 Μονογενεῑ
2586 3108 2683 3177 τὴν
2707 3106 2808 3175 τῆς
2844 3106 3094 3176 θεότητος
3127 3104 3340 3175 κλῆσιν,
3375 3103 3621 3155 πεισάτω
3651 3102 3746 3154 διὰ

480 3207 602 3251 tura
640 3196 936 3266 Unigenito
966 3197 1174 3268 imponi
1210 3197 1518 3252 divinitatis
1560 3198 2051 3266 nuncupationem,

2161 3171 2266 3256 τῶν
2294 3171 2435 3256 ἰδίων
2463 3171 2671 3254 ἑαυτόν.
2703 3171 2827 3253 ’Ότι
2845 3199 2893 3250 εἰ
2913 3171 3245 3268 ἀμετάθετος
3267 3199 3300 3266 ἡ
3330 3195 3613 3265 προσφυὴς
3634 3193 3750 3247 τῶν

481 3289 585 3345 sibi
620 3290 737 3352 ipse
772 3305 837 3343 ex
870 3289 988 3345 suis
1018 3289 1243 3360 scriptis
1278 3291 1628 3359 persuadeat.
1664 3290 1821 3354 Quod
1861 3290 1908 3343 si
1951 3290 2055 3343 im-

482 3383 769 3438 mutabilis
801 3383 1088 3438 adhzerens
1124 3384 1405 3438 nominum
1438 3382 1506 3437 ad
1533 3399 1621 3440 res
1658 3384 1880 3448 relatio,
1917 3383 2057 3440 Deus

485 3486 671 3530 autem
706 3483 761 3529 et
790 3474 1055 3531 Dominus
1089 3477 1313 3535 dicitur,
1344 3491 1454 3531 non
1482 3484 1664 3546 potest
1696 3475 2054 3530 diﬂ‘erentiam

486 3567 728 3636 aliquam
777 3567 1078 3622 secundum
1120 3567 1430 3623 divinitatis
1463 3570 1711 3622 notitiam
1749 3568 1802 3622 in
1833 3568 1972 3623 Filio
2006 3576 2060 3623 et

487 3658 543 3713 in
576 3658 736 3719 Patre
787 3667 970 3714 mente
1004 3660 1288 3731 percipere
1320 3680 1332 3714 :
1368 3660 1642 3730 siquidem
1695 3660 1749 3713 in
1792 3660 2059 3716 ambobus

486 3767 779 3808 commune
810 3761 895 3808 est
942 3753 1045 3807 hoc
1084 3768 1281 3808 nomen
1320 3773 1333 3806 :
1369 3753 1476 3806 imo
1510 3768 1645 3806 vero
1683 3768 1791 3807 non
1833 3754 1937 3807 hoc
1971 3768 2057 3807 so-

487 3847 626 3910 lum,
658 3847 752 3902 sed
784 3847 948 3917 longa
972 3856 1058 3902 est
1081 3847 1365 3900 nominum
1391 3846 1666 3910 recensio,
1693 3846 1895 3916 quibus
1924 3844 2061 3900 Uni-

486 3939 708 4008 genitus
750 3954 873 3993 cum
909 3938 1072 3993 Patre
1121 3938 1539 3991 immutabiliter
1582 3947 1638 3993 et
1680 3937 2063 3992 indifferenter

486 4031 831 4096 nominatur,
882 4030 1080 4093 bonus,
1127 4030 1581 4099 incorruptibilis,
1619 4029 1829 4099 justus,
1871 4029 2060 4098 iudex,

490 4123 849 4194 longanimis.
884 4123 1222 4188 misericors,
1266 4130 1526 4185 :eternus,
1579 4124 1972 4193 sempiternus.
2010 4131 2066 4178 et

490 4230 832 4286 quaecunque
874 4213 1181 4284 magniﬁca:
1211 4224 1426 4268 natura;
1469 4223 1525 4267 et
1562 4213 1821 4282 potentia:
1867 4212 2067 4284 signiﬁ-

490 4309 735 4361 cantiam
787 4306 1119 4369 ostendunt,
1155 4322 1280 4360 cum
1322 4306 1472 4359 nulla
1523 4305 1618 4359 tiat
1662 4305 1715 4359 in
1746 4320 1813 4359 eo
1852 4308 2069 4360 subtra-

493 4399 624 4459 ctio,
650 4398 949 4453 secundum
982 4397 1374 4451 sublimitatem
1406 4396 1782 4466 intelligentiae
1802 4396 1856 4449 in
1883 4396 2067 4465 aliquo

2158 3296 2436 3366 ὀνομάτων
2480 3293 2614 3365 πρὸς
2656 3292 2726 3345 τὰ
2757 3292 3059 3363 πράγματα
3091 3290 3295 3359 σχέσις,
3327 3289 3458 3350 Θεὸς
3489 3289 3544 3340 δὲ
3573 3291 3603 3341 ό
3630 3288 3748 3341 Κύ-

2165 3404 2279 3460 ριος
2303 3387 2536 3455 λέγεται,
2568 3385 2628 3437 οὐ
2655 3384 2875 3436 δύναται
2904 3380 3167 3451 διαφοράν
3206 3386 3330 3433 τινα
3354 3380 3492 3433 κατὰ
3518 3380 3619 3450 τὴν
3642 3381 3749 3450 τῆς

2164 3481 2414 3549 θεότητος
2434 3479 2640 3530 ἔννοιαν
2666 3476 2757 3529 ἐπὶ
2785 3474 2881 3527 τοῦ
2914 3472 3045 3526 Υἱοῦ
3069 3472 3281 3526 καὶτοῦ
3314 3474 3528 3543 Πατρὸς
3556 3474 3748 3542 ὲννοῆο

2164 3593 2273 3630 σαι·
2308 3576 2537 3645 ἐπείπερ
2576 3573 2753 3626 κοινὸν
2784 3573 2870 3624 ἐπ’
2913 3568 3239 3641 ἀμφοτέρων
3274 3566 3432 3620 τοῦτο
3462 3565 3521 3617 τὸ
3548 3565 3746 3633 ὖνομαο

2166 3669 2365 3740 μᾶλλον
2392 3667 2449 3719 δὲ
2492 3668 2612 3737 οὐχὶ
2653 3666 2809 3719 τοῦτο
2858 3665 3037 3735 μόνον,
3078 3660 3213 3714 ἀλλά
3242 3659 3407 3722 πολύς
3442 3661 3593 3711 ἐστιν
3629 3658 3749 3710 ὀνο-

2168 3763 2349 3833 μάτων
2370 3760 2688 3827 κατάλογος,
2710 3754 2792 3821 οἷς
2820 3756 3253 3827 ἀπαραλλάκτως
3281 3756 3310 3806 ό
3338 3751 3649 3822 Μονογενὴς
3670 3750 3752 3821 τῷ

2166 3853 2341 3925 Πατρὶ
2392 3849 2844 3918 συνονομάζεται,
2893 3848 3124 3916 ἀγαθὸς,
3167 3846 3468 3917 ἄφθαρτος,
3496 3843 3749 3905 δίκαιος,

2166 3945 2393 4018 κριτὴς,
2429 3942 2777 4015 μακρόθυμος
2797 3982 2811 4005 ,
2838 3940 3109 4011 ἐλεήμων,
3150 3939 3341 4001 ἀΐδιος,
3367 3936 3748 4004 ἀτελεύτητοςο

2166 4038 2342 4092 πάντα
2386 4037 2485 4089 ὃσα
2529 4031 2624 4086 τοῦ
2677 4031 2963 4103 μεγαλείου
3011 4031 3111 4101 τῆς
3167 4026 3381 4098 φύσεώς
3428 4044 3487 4079 τε
3515 4027 3613 4080 καὶ
3649 4026 3752 4095 τῆς

2165 4128 2447 4199 δυνάμεως
2473 4125 2570 4196 τὴν
2608 4123 2884 4194 σημασίαν
2924 4122 3285 4183 ἐνδείκνυται,
3315 4119 3572 4189 οὐδεμιᾶς
3617 4119 3753 4171 ὑπο-

2170 4219 2361 4289 στολῆς
2386 4216 2527 4270 κατὰ
2553 4214 2614 4268 τδ
2658 4213 2860 4284 ὑψηλὸν
2882 4214 2981 4284 τῆς
3018 4211 3227 4274 ἐννοίας
3254 4209 3311 4262 ἐν
3348 4226 3453 4262 τινι
3489 4208 3600 4261 τῶν
3639 4209 3755 4260 ὀνο-

2173 4311 2357 4382 μάτων
2395 4308 2480 4360 ὲπ’
2503 4304 2667 4359 αὐτοῦ
2699 4303 3020 4374 γινομένης·
3063 4301 3198 4355 ἀλλά
3222 4301 3316 4353 τὸν
3344 4300 3597 4354 τοσοῦτον
3631 4303 3755 4371 αρι-

2171 4403 2305 4473 θμὸν
2364 4398 2473 4453 τῶν
2534 4397 2693 4451 θείων
2742 4394 3120 4466 προσηγοριῶν
3182 4389 3295 4448 οἷον
3354 4393 3624 4464 μεμυκότι
3673 4392 3753 4462 τῷ

494 4490 799 4544 nominum.
860 4487 965 4543 Sed
1025 4497 1234 4543 tantum
1282 4488 1593 4543 divinarum
1641 4489 2057 4559 appellationum

2172 4489 2435 4563 ὀφθαλμῷ
2482 4486 2817 4559 παροδεύων,
2862 4486 2997 4557 πρὸς
3038 4484 3096 4539 ἓν
3149 4485 3306 4555 μόνον
3351 4483 3663 4548 διαδλέπει,
3691 4483 3755 4535 τὸ

495 4596 809 4644 numerum,
856 4581 1024 4635 veluti
1073 4580 1390 4635 conniventi
1426 4582 1588 4635 oculo
1623 4582 1962 4651 praeteriens,
2006 4582 2073 4637 ad

497 4689 669 4729 unum
699 4673 876 4729 solum
918 4674 1163 4742 respicit,
1194 4674 1440 4743 genitum
1480 4684 1535 4729 et
1567 4674 1894 4746 ingenitum,
1924 4674 2073 4729 tenui

496 4778 551 4824 et
586 4767 802 4822 inﬁrmo
834 4766 1101 4831 funiculo,
1141 4767 1286 4836 quod
1323 4766 1554 4821 ﬂuctuat
1588 4778 1643 4822 et
1686 4768 2076 4824 circumfertur

496 4862 703 4916 erroris
729 4859 970 4923 ﬂatibus,
1004 4858 1200 4929 dOgma
1231 4860 1603 4916 committens.

566 4955 708 5008 Dicit
736 4954 907 5014 enim,
941 4953 1220 5014 neminem,
1251 4953 1341 5019 qui
1370 4953 1610 5006 veritatis
1644 4968 1826 5005 curam
1857 4952 2068 5017 habeat,

498 5049 791 5118 genitorum
808 5045 1094 5116 quidquam
1116 5045 1390 5098 nominare
1413 5044 1724 5114 ingenitum,
1752 5060 1916 5113 neque
1930 5061 2067 5110 eum,

497 5138 588 5206 qui
622 5145 699 5191 est
740 5136 794 5188 in
826 5133 1068 5189 omnibus
1115 5132 1279 5194 Deus,
1333 5131 1531 5187 Filium
1567 5134 1645 5187 vel
1678 5135 1911 5202 genitum
1933 5134 2074 5189 :ltoc

500 5238 683 5283 autem
720 5243 827 5281 non
864 5227 1102 5296 amplius
1138 5225 1344 5281 nostris
1386 5224 1593 5294 indiget
1621 5225 1973 5279 sermonibus
2006 5226 2073 5279 ad

502 5318 977 5385 redargutionem;
1028 5332 1138 5370 non
1185 5314 1335 5371 enim
1371 5315 1699 5371 velamentis
1744 5315 2073 5385 quibusdam

502 5427 602 5481 pro
636 5426 739 5467 suo
767 5426 919 5465 more
939 5409 1137 5467 dolum,
1155 5409 1418 5478 contegit,
1444 5407 1541 5464 sed
1570 5408 1810 5463 absurdo
1841 5409 2077 5466 similem

505 5504 639 5557 facit
690 5502 1087 5565 inversionem,
1138 5500 1270 5555 dum
1325 5499 1482 5565 dicit,
1539 5516 1717 5571 neque
1764 5501 2076 5571 genitorum

504 5596 803 5667 quidquam
832 5594 943 5648 dici
986 5593 1313 5665 ingenitum,
1359 5607 1538 5664 neque
1577 5594 1670 5664 qui
1698 5601 1784 5649 est
1818 5595 1872 5648 in
1903 5596 2079 5648 omni-

508 5689 613 5742 bus
664 5685 832 5750 Deus,
883 5684 1105 5750 Filium,
1149 5686 1234 5741 vel
1287 5685 1530 5755 genitum
1587 5684 1906 5740 nominari:
1944 5686 2079 5740 nihil

511 5780 729 5850 proprie
770 5786 824 5834 et
861 5777 1215 5849 peculiariter
1251 5776 1529 5847 Unigeniti
1576 5776 1700 5834 Filii
1744 5778 2016 5835 divinitati
2049 5794 2079 5833 a

2170 4583 2425 4655 γεννητὸν
2471 4581 2564 4635 καὶ
2608 4579 2921 4649 ἀγέννητον,
2964 4576 3148 4646 λεπτῷ
3184 4593 3243 4628 τε
3278 4576 3371 4628 καὶ
3412 4575 3630 4629 ἀσθενεῖ
3672 4573 3756 4644 τῷ

2170 4676 2432 4745 πείσματι
2452 4714 2466 4736 ,
2498 4672 2559 4725 τὸ
2588 4669 3045 4738 κλυδωνιζόμενόν
3072 4684 3133 4722 τε
3162 4668 3257 4721 καὶ
3301 4666 3751 4738 περιφερόμενον,

2167 4769 2280 4831 τοῖς
2318 4763 2591 4834 πνεύμασι
2619 4763 2716 4833 τῆς
2746 4761 2953 4830 πλάνης
2988 4760 3166 4830 δόγμα
3194 4756 3510 4820 πιστεύσας.

2244 4948 2383 5018 Φησὶ
2437 4946 2545 5016 γὰρ
2601 4941 2833 5011 μηδένα
2887 4939 3007 4995 τῶν
3047 4939 3332 5006 ἀληθείης
3363 4936 3754 5005 πεφροντικό-

2177 5052 2315 5098 των,
2351 5033 2488 5087 οὔτε
2532 5029 2651 5085 τῶν
2687 5029 2989 5099 γεννητῶν
3015 5027 3196 5081 οὐδὲν
3234 5025 3540 5095 ὀνομάζειν
3579 5026 3751 5095 ἀγέν-

2179 5143 2383 5193 νητον,
2420 5125 2557 5179 οὔτε
2583 5122 2691 5176 τὸν
2715 5121 2813 5174 ἐπὶ
2842 5120 3084 5173 πάντων
3117 5119 3285 5180 Θεὸν,
3323 5119 3463 5172 my
3487 5117 3526 5186 ἣ
3555 5135 3753 5186 γεννη-

2180 5219 2306 5273 τόν.
2343 5216 2513 5270 Τοῦτο
2535 5215 2590 5269 δὲ
2618 5214 2801 5268 οὐκέτι
2837 5212 2945 5265 τῶν
2975 5212 3257 5282 ἡμετέρων
3281 5210 3553 5263 ἐπιδέεται
3583 5211 3752 5277 λόγων

2183 5312 2318 5384 πρὸς
2341 5311 2582 5381 ἔλεγχον.
2616 5308 2748 5362 Οὐδὲ
2780 5305 2891 5377 γὰρ
2925 5303 3353 5376 προκαλύμμασί
3378 5320 3487 5356 τισι
3520 5303 3662 5357 κατά
3691 5305 3756 5356 τὸ

2185 5403 2414 5473 σύνηθες
2438 5400 2585 5471 αὑτῷ
2622 5398 2946 5469 περισκεπει
2974 5396 3067 5449 τὸν
3095 5396 3263 5449 δόλον⁶
3300 5394 3415 5448 ἀλλ’
3442 5394 3564 5465 ἴσην
3584 5397 3750 5448 ποιεῖ-

2183 5512 2272 5549 ται
2297 5492 2389 5547 τοῦ
2424 5493 2623 5547 ἀτόπου
2649 5488 2747 5561 τὴν
2776 5486 3138 5558 ἀναστροφὴν,
3177 5488 3234 5541 ἐν
3264 5486 3342 5555 τῷ
3383 5484 3584 5553 λέγειν,
3619 5486 3751 5555 μήτε

2182 5587 2291 5641 τῶν
2328 5584 2600 5656 γεννητῶν
2628 5580 2879 5650 λέγεσθαι
2915 5598 2965 5633 τι
2994 5579 3309 5649 ἀγέννητον,
3353 5579 3490 5648 μήτε
3532 5577 3623 5629 τὸν
3663 5577 3751 5629 ἐπὶ

2181 5680 2398 5732 πάντων
2414 5674 2546 5728 Θεὸν
2565 5674 2692 5728 Υίδν
2712 5672 2745 5742 ἢ
2762 5671 3020 5742 γεννητὸν
3039 5668 3417 5740 ὀνομάζεσθαιο
3436 5668 3588 5721 οὐδὲν
3616 5666 3751 5720 κατὰ

2180 5776 2241 5829 τὸ
2272 5772 2469 5837 ἰδιάζον
2492 5773 2562 5842 τῇ
2600 5770 2876 5842 μονογενεῖ
2922 5765 3017 5820 τοῦ
3066 5762 3197 5819 Υἱοῦ
3240 5762 3455 5834 θεότητι
3498 5760 3645 5830 παρὰ
3686 5760 3750 5812 τὰ
