3922 6464
236 365 344 422 753

1328 369 1605 425 CONTRA
1649 369 2039 434 EUNUMIUM,
2082 372 2210 427 LIB.
2252 372 2364 427 νιι.

3386 361 3491 419 754

234 477 399 535 λοιπά
427 474 536 530 τῶν
563 478 836 548 γεννητῶν
863 478 1179 551 ἀποκρίνας,
1221 481 1335 533 ἀλλ’
1361 484 1635 553 ὀμοτίμως
1653 486 1816 535 ποιεῖ-

1920 483 2148 554 reliquis
2176 500 2299 553 qua:
2325 498 2421 553 per
2452 480 2786 535 creationem
2820 478 2963 533 facta
2988 485 3137 542 sunt,
3163 477 3411 535 tribuens
3436 487 3491 534 et

233 589 328 626 ται
356 569 455 641 τὴν
483 570 617 639 πρὸς
648 570 780 623 Θεὸν
807 571 1085 642 διαστολὴν
1112 574 1329 626 πάντων
1360 573 1468 627 τῶν
1489 575 1808 642 γεγονότων·

232 661 338 714 οὐκ
364 658 556 724 ἐξελὼν
596 658 687 713 τὸν
715 661 843 715 Υίὸν
883 662 990 715 τῶν
1021 662 1255 716 πάντων.
1295 664 1402 716 Καὶ
1430 663 1519 717 διά
1561 664 1662 731 τῆς
1705 664 1814 716 τῶν

234 753 456 805 ἀτόπων
495 751 656 821 δῆθεν
701 753 1079 823 ἀναστροφῆς,
1126 754 1374 824 φανερῶς
1422 754 1513 807 τὸν
1555 754 1681 807 Υίὸν
1714 753 1813 824 τῆς

238 841 393 904 θείας
424 840 679 910 ἀφίστησι
717 842 950 912 φύσεως,
975 844 1146 910 λέγων
1178 844 1314 914 μήτε
1340 862 1389 897 τι
1414 844 1522 897 τῶν
1544 844 1814 914 γεννητῶν

238 934 555 1003 ἀγέννητον,
589 935 721 1005 μήτε
745 935 835 988 τὸν
871 935 1000 989 Θεὸν
1038 936 1222 1007 Υἱὸνῆ
1255 937 1509 1005 γεννητὸν
1539 936 1812 1005 λέγεσθαι,

236 1026 308 1092 τῇ
340 1022 723 1094 ἀντιδιαιρέσει
752 1024 938 1092 σαφῶς
975 1025 1037 1077 τὸ
1067 1026 1290 1095 φρικτὸν
1328 1026 1682 1079 ὲκκαλύπτων
1714 1027 1815 1096 τῆς

240 1113 619 1183 βλασφημίας·
653 1113 958 1178 διαστείλας
1002 1114 1111 1187 γὰρ
1156 1117 1223 1170 τὰ
1275 1117 1537 1185 γεγονότα
1580 1118 1714 1188 πρὸς
1756 1119 1816 1171 τὸ

233 1204 554 1274 ἀγέννητον,
587 1206 645 1256 ὲν
675 1208 740 1274 τῇ
770 1206 908 1258 κατά
932 1206 990 1258 τὸ
1016 1206 1367 1277 ἀντίστροφον
1401 1210 1660 1278 ἐπαγωγῇ
1686 1209 1815 1261 ούκ-

233 1296 320 1349 ἐτι
341 1296 432 1349 τὸν
461 1297 773 1368 ἀγέννητον,
798 1298 932 1352 ἀλλά
952 1299 1044 1352 τὸν
1072 1299 1202 1353 Θεὸν
1228 1298 1381 1352 εἶπεν
1408 1301 1535 1353 Υἰὸν
1559 1301 1590 1371 ἢ
1625 1318 1811 1371 γεννη-

231 1386 329 1440 τὸν
355 1387 615 1439 ἀδύνατον
636 1385 773 1442 εἶναι
796 1389 997 1457 λέγειν,
1020 1390 1231 1453 δεικνὺς
1254 1390 1340 1443 διὰ
1360 1390 1465 1443 τῶν
1485 1392 1812 1461 εἰρημένων,

234 1480 319 1531 ὅτι
347 1478 410 1530 τὸ
439 1478 512 1549 μὴ
541 1478 837 1548 ἀγέννητον
861 1480 994 1543 Θεὸς
1015 1480 1114 1532 οὐκ
1151 1480 1263 1532 ἐστι
1282 1521 1297 1539 .
1331 1482 1425 1532 καὶ
1453 1480 1535 1532 ὅτι
1566 1480 1815 1533 τοσοῦτον

232 1570 430 1639 ἀπέχει
469 1571 497 1622 ὁ
533 1570 829 1640 μονογενὴς
864 1570 997 1633 Θεὸς
1033 1570 1119 1623 διά
1160 1570 1222 1622 τὸ
1259 1570 1515 1640 γεννητὸν
1546 1565 1683 1622 εἶναι
1720 1570 1815 1623 τοῦ

232 1659 376 1714 εἶναι
408 1660 561 1724 Θεὸς,
602 1663 725 1715 ὅσον
756 1663 849 1714 καί⁵
874 1664 902 1715 ό
927 1663 1221 1731 ἁγέννητος
1256 1662 1349 1715 τοῦ
1381 1662 1637 1731 γεννητὸς
1675 1659 1815 1716 εἶναι

231 1756 267 1823 ἢ
301 1753 574 1821 λέγεσθαι.
605 1756 679 1807 Οὐ
715 1756 822 1826 γὰρ
845 1756 1037 1827 ἀγνοίᾳ
1071 1757 1170 1827 τῆς
1208 1756 1349 1810 κατά
1375 1758 1464 1810 τὸν
1496 1757 1652 1826 λόγον
1681 1760 1813 1812 ἀκο-

1915 591 2232 638 secernens,
2266 578 2360 631 sed
2398 572 2663 644 aequalem
2700 571 2830 625 facit
2864 585 3054 625 eorum
3095 569 3341 624 omnium
3370 586 3491 641 quae

1914 682 2013 737 per
2037 666 2442 737 generationem
2474 665 2618 719 facta
2640 669 2773 718 sunt
2802 678 2928 717 cum
2959 661 3070 716 Deo
3096 660 3490 727 differentiam,

1915 760 1983 812 ab
2008 758 2267 813 omnibus
2299 772 2406 812 non
2436 765 2666 826 excepto
2698 754 2858 809 Filio.
2903 752 2969 808 Et
3000 768 3096 823 per
3124 753 3489 809 absurdorum

1914 858 2063 904 certe
2088 849 2456 904 inversionem
2488 848 2780 902 manifeste
2804 846 3003 899 Filium
3029 859 3059 897 a
3085 844 3268 898 divina
3294 855 3491 899 natura

1918 938 2210 1002 abstrahit,
2256 952 2383 991 eum
2419 936 2575 1001 dicit,
2622 950 2802 1004 neque
2844 934 3152 1003 genitorum
3193 932 3490 1002 quidquam

1916 1027 2245 1097 ingenitum,
2287 1041 2465 1097 neque
2496 1028 2689 1089 Deum,
2726 1024 2926 1077 Filium
2959 1026 3044 1077 vel
3076 1024 3319 1093 genitum
3360 1023 3490 1084 dici,

1917 1120 2021 1173 hac
2044 1120 2420 1189 oppositorum
2448 1119 2721 1174 divisione
2751 1116 3069 1171 horribilem
3096 1116 3493 1186 blasphemiam

1917 1220 2104 1279 aperte
2136 1212 2443 1265 recludens.
2481 1210 2617 1264 Cum
2647 1210 2791 1264 enim
2822 1223 2885 1263 ea
2920 1222 3042 1278 qua!
3085 1207 3226 1261 facta
3264 1215 3391 1262 sunt
3426 1205 3497 1259 ab

1917 1298 2163 1366 ingenito
2189 1298 2558 1362 distinxisset,
2596 1315 2721 1353 mox
2755 1299 2811 1351 in
2849 1314 2911 1352 ea
2943 1313 3064 1367 qua:
3096 1313 3193 1366 per
3223 1296 3496 1351 inversio-

1918 1404 2041 1443 nem
2087 1389 2145 1441 iit
2194 1388 2535 1453 inductione,
2584 1404 2689 1442 non
2744 1388 2980 1457 amplius
3030 1386 3353 1456 ingenitum,
3397 1385 3497 1441 sed.

1920 1479 2090 1534 Deum
2126 1478 2502 1545 dixii,Filium
2539 1481 2622 1534 vel
2660 1480 2900 1551 genitum
2938 1479 3090 1533 nullo
3140 1492 3303 1546 posse
3329 1477 3496 1532 modo

1917 1571 2050 1634 dici,
2096 1588 2193 1643 per
2243 1572 2357 1626 luce
2387 1574 2532 1627 dicta
2567 1572 2975 1635 demonstrans,
3005 1571 3149 1639 quod
3186 1569 3318 1624 illud
3348 1568 3499 1640 quod

1918 1677 2029 1716 non
2054 1671 2138 1717 est
2176 1663 2507 1732 ingenitum,
2537 1677 2647 1716 non
2683 1671 2766 1716 eSt
2794 1661 2957 1717 Deus.
2996 1660 3059 1714 Et
3100 1659 3246 1730 quod
3279 1667 3493 1713 tantum

1919 1751 2095 1816 abest,
2122 1758 2182 1805 ut
2210 1752 2522 1821 unigenitus
2555 1751 2699 1805 Deus
2738 1752 2811 1805 sit
2851 1751 3014 1812 Deus,
3062 1748 3190 1819 quia
3224 1748 3296 1802 sit
3342 1747 3495 1818 geni-

231 1846 456 1909 λουθίας
478 1845 806 1916 ἀσύμφωνόν
845 1865 902 1899 τε
954 1826 1044 1901 καὶ
1073 1826 1411 1919 ἀνάρμοστον
1445 1853 1676 1903 ποιεῖται
1706 1850 1813 1903 τῶν

1920 1849 2043 1908 tus,
2118 1852 2382 1913 quantum
2446 1844 2612 1898 etiam
2675 1842 2948 1912 ingenitus
3014 1850 3074 1895 ut
3143 1843 3215 1896 sit
3277 1839 3493 1909 genitus

231 1938 500 1990 τεθέντων
526 1937 623 2008 τὴν
653 1939 1018 2009 ἀναστροφὴν,
1042 1940 1174 1993 ἀλλὰ
1198 1940 1519 2013 κακουργῶν
1538 1942 1638 2010 τῆς
1658 1942 1812 1994 εὐσε-

232 2028 387 2092 σείας
413 2030 503 2082 τὸν
533 2028 710 2097 λόγον,
743 2031 1162 2086 ἀντιδιαστέλλει
1184 2032 1261 2103 τῷ
1294 2032 1539 2104 γεννητῷ
1568 2034 1666 2105 τὴν
1697 2034 1814 2087 θεόν

227 2137 392 2190 τητα,
436 2120 596 2174 τοῦτο
633 2122 700 2175 δι’
734 2118 807 2177 ὧν
843 2123 992 2192 λέγει
1032 2127 1475 2191 κατασκευάζων,
1526 2127 1607 2181 ὅτι
1638 2126 1699 2179 τὸ
1738 2126 1813 2198 μὴ

228 2212 527 2283 ἀγέννητον
552 2214 683 2279 Θεὸς
712 2216 810 2268 οὐκ
843 2215 1005 2270 ἔστιν.
1043 2213 1119 2269 Ἦ
1152 2218 1260 2289 γάρ
1293 2219 1495 2290 ἀληθὴς
1524 2220 1815 2274 ἀκολουθία

227 2302 329 2355 τοῦ
351 2303 511 2370 λόγου
542 2320 625 2365 τις
654 2299 743 2374 ἦν,
776 2305 998 2358 εἰπόντα
1040 2306 1203 2376 μηδὲν
1234 2306 1340 2358 τῶν
1378 2307 1650 2377 γεννητῶν
1676 2305 1814 2363 εἶναι

228 2396 549 2463 ἀγέννητον,
584 2396 881 2463 ἐπαγαγεῖν
901 2397 981 2448 ὄτι
1010 2397 1131 2449 οὐδὲ
1159 2399 1211 2451 εί
1240 2416 1291 2450 τι
1320 2398 1462 2451 κατὰ
1487 2398 1646 2467 φύσιν
1668 2400 1814 2453 ἐστὶν

228 2485 550 2556 ἀγέννητον,
586 2487 840 2554 γεννητὸν
872 2484 1010 2540 εἶναι
1035 2486 1274 2542 δύναται.
1324 2489 1384 2541 '0
1425 2489 1533 2561 γάρ
1576 2491 1813 2555 τοιοῦτος

226 2578 422 2643 λόγος,
448 2576 626 2629 καὶτὸ
656 2578 854 2648 ἀληθὲς
888 2577 998 2648 ἔχει
1021 2616 1035 2639 ,
1076 2579 1168 2631 καὶ¹
1200 2581 1299 2649 τῆς
1342 2580 1687 2652 βλασφημίας
1723 2599 1815 2634 κε-

227 2666 519 2738 χώρισται.
547 2665 660 2718 Νῦν
679 2667 737 2719 δὲ
762 2667 839 2737 τῷ
863 2667 1141 2739 προθεῖναι
1169 2669 1263 2738 μὲν
1285 2670 1365 2721 ὃτι
1396 2670 1502 2722 τῶν
1538 2669 1813 2741 γεννητῶν

228 2753 386 2807 οὐδέν
410 2754 557 2805 ὲστιν
576 2753 887 2823 ἀγέννητον,
906 2755 1205 2823 ἐπαγαγεῖν
1233 2756 1290 2807 δὲ
1312 2758 1393 2809 ὅτι
1417 2758 1536 2810 οὐδὲ
1558 2757 1814 2827 γεννητὸς

229 2850 262 2900 ὁ
306 2846 440 2908 Θεὸς
464 2886 479 2907 ,
525 2845 706 2914 σαφῶς
743 2846 838 2900 τοῦ
883 2842 1020 2900 εἶναι
1058 2848 1189 2901 Θεὸν
1218 2849 1309 2901 τὸν
1352 2849 1633 2919 Μονογενῆ
1681 2848 1813 2902 Θεὸν

229 2936 503 3008 ἀφορίζεν
542 2935 631 2989 διὰ
653 2936 748 2988 τοῦ
782 2937 854 3008 μὴ
880 2938 1172 3006 ἀγέννητον
1194 2940 1357 2992 αὑτὸν
1393 2937 1529 2993 εἶναι
1549 2982 1562 3003 ,
1590 2940 1651 2993 τὸ
1679 2940 1813 3010 μηδὲ

230 3028 367 3081 Θεὸν
398 3028 560 3080 αὑτὸν
592 3023 731 3080 εἶναι
757 3029 1200 3092 κατασκευάζων.
1228 3026 1353 3100 Ἆρ’
1384 3026 1476 3083 οὖν
1504 3032 1706 3102 ἑτέρων
1733 3031 1812 3084 ἔτι

232 3118 374 3189 πρὸς
399 3118 672 3184 ἀπόδειξιν
711 3120 809 3189 τῆς
833 3119 1065 3172 ὲκτόπου
1105 3120 1310 3189 ταύτης
1336 3121 1681 3192 βλασφημίας
1707 3122 1813 3174 τῶν

235 3210 477 3280 ἐλέγχων
500 3210 769 3279 δεόμεθα;
815 3211 922 3263 Καὶ
964 3212 1062 3263 οὐκ
1100 3214 1261 3283 ἀρκεῖ
1303 3212 1463 3265 τοῦτο
1501 3214 1657 3283 μόνον
1696 3215 1815 3266 ἀντὶ

236 3301 440 3372 στήλης
468 3301 721 3369 γενέσθαι
747 3301 825 3372 τῷ
846 3304 1232 3373 Χριστομάχῳ,
1256 3302 1333 3373 τῷ
1358 3302 1815 3367 κατασκευάζοντι

232 3394 326 3448 διὰ
363 3393 470 3445 τῶν
505 3394 808 3464 είρημένων
844 3395 917 3465 μὴ
958 3392 1097 3447 εἶναι
1136 3396 1266 3449 Θεὸν
1296 3396 1387 3448 τὸν
1424 3398 1481 3448 ὲν
1515 3396 1656 3466 ἀρχῇ
1689 3395 1817 3449 ὄντα

234 3486 411 3554 Λόγον
434 3486 595 3551 Θιόνς
615 3487 680 3539 Τί
702 3483 795 3540 οὖν
823 3488 902 3541 ἔτι
930 3488 1035 3559 χρὴ
1074 3488 1207 3558 πρὸς
1234 3490 1361 3550 τοὺς
1386 3488 1658 3549 τοιούτους
1689 3505 1819 3559 συμ-

235 3579 572 3642 πλέκεσθαις
611 3579 744 3632 esse
768 3580 875 3650 γὰρ
895 3583 1000 3642 τοῖς,
1031 3580 1157 3650 περὶ
1179 3580 1247 3632 τά
1277 3579 1468 3632 εἴδωλα
1497 3580 1589 3632 καὶ
1613 3579 1673 3631 τὸ
1700 3580 1817 3632 ἐπι-

235 3668 447 3740 ϐώμιον
467 3669 661 3741 λύθρον
691 3671 1103 3741 ἀσχολουμένοις
1134 3670 1558 3741 διαπλεκὸμεθα,
1593 3673 1712 3742 οὐχὶ
1742 3672 1819 3743 τῷ

238 3762 588 3817 συντίθεσθαι
616 3765 682 3833 τῇ
715 3762 958 3834 ἀπωλείᾳ.
990 3763 1099 3816 τῶν
1142 3763 1659 3834 εἰδωλομανούντων,
1687 3766 1820 3819 ἀλλά

236 3854 323 3925 τῷ
348 3853 651 3924 βαρυτέραν
685 3850 823 3906 εἶναι
846 3853 944 3924 τὴν
981 3854 1133 3905 νόσον
1170 3854 1348 3907 αὐτῶν
1378 3854 1479 3923 τῆς
1504 3858 1632 3926 παρ’
1662 3854 1820 3925 ἡμῶν

238 3944 564 4014 θεραπείας.
616 3943 824 4013 Ὥσπερ
868 3944 1049 3996 τοίνυν
1096 3944 1195 4015 τὴν
1241 3945 1649 4016 εἰδωλολατρίαν
1690 3947 1822 4000 αὐτὸ

239 4036 587 4107 καταμηνύει
636 4037 696 4089 τὸ
739 4037 917 4107 ἔργον,
944 4036 1037 4089 καὶ
1066 4037 1553 4108 προλαμϐανόντων
1582 4040 1688 4093 τῶν
1728 4059 1822 4092 κα-

237 4130 493 4199 τηγόρων
514 4129 603 4181 τὸν
626 4128 845 4198 ἔλεγχον
871 4127 930 4180 τὸ
966 4128 1132 4181 κακὸν
1158 4129 1212 4179 ὲν
1242 4130 1521 4201 παρρησία
1543 4130 1823 4201 τολμώμε-

240 4238 355 4274 νον·
383 4220 527 4272 οὕτω
560 4219 651 4272 καὶ
673 4217 904 4271 ἐνταῦθα
928 4220 1084 4289 σιγᾷν
1112 4214 1262 4290 οἶμαι
1292 4221 1401 4273 δεῖν
1424 4222 1515 4274 τὸν
1542 4223 1641 4292 τῆς
1670 4224 1824 4275 εὐσε-

240 4308 399 4371 ϐείας
427 4310 744 4378 συνήγορον,
771 4306 905 4377 πρὸς
929 4306 1019 4359 τὸν
1054 4307 1261 4377 βοῶντα
1293 4311 1413 4363 καθ’
1446 4312 1639 4364 ἑαυτοῦ
1668 4329 1822 4384 περι-

239 4398 431 4467 φανῶς
456 4397 553 4469 τὴν
578 4397 854 4450 ἀσέϐειαν.
886 4398 1151 4471 Καθάπερ
1188 4401 1283 4454 καὶ
1324 4404 1415 4454 ἐπὶ
1447 4403 1555 4455 τῶν
1586 4404 1662 4474 τῷ
1691 4422 1825 4475 καρ-

1915 1934 2000 1988 vel
2021 1934 2261 1988 dicatur.
2300 1932 2411 1990 Nec
2442 1935 2588 1988 enim
2630 1934 2971 2003 ignoratione
2998 1932 3120 1999 ejus
3151 1945 3274 2001 qua:
3299 1944 3496 1984 secun-

1914 2022 2045 2078 dum
2092 2025 2362 2079 rationem
2405 2031 2490 2078 est
2527 2024 2953 2093 consequentiae.
3004 2021 3393 2076 inconcinnam
3440 2026 3499 2075 et

1917 2116 2278 2187 incongruam
2318 2116 2448 2171 facit
2476 2115 2780 2187 positorum
2815 2114 3208 2177 inversionem,
3245 2110 3342 2166 sed
3375 2124 3495 2164 ma-

1916 2208 2097 2263 litiose
2149 2215 2206 2263 et
2255 2207 2446 2263 dolose
2502 2207 2725 2276 pietatis
2785 2220 3095 2261 sermonem
3158 2204 3492 2274 depravans.

1915 2300 2146 2370 opponit
2178 2300 2362 2370 genito
2402 2300 2771 2362 divinitatem,
2818 2298 2922 2353 hoc
2972 2312 3068 2366 per
3099 2312 3162 2351 ea
3200 2310 3324 2365 qua:
3361 2294 3495 2349 dicit

1916 2400 2255 2461 praestruens
2295 2410 2307 2445 :
2342 2390 2488 2461 quod
2538 2390 2671 2444 illud
2706 2388 2851 2459 quod
2886 2404 2994 2444 non
3045 2396 3130 2443 est
3166 2386 3497 2457 ingenitum,

1916 2498 2026 2537 non
2074 2493 2160 2537 est
2185 2482 2347 2536 Deus.
2378 2481 2513 2536 Nam
2556 2496 2680 2535 vera
2713 2479 2959 2550 quaedam
2995 2480 3109 2534 haec
3147 2486 3296 2534 esset
3331 2477 3494 2533 ratio-

1915 2577 2005 2630 nis
2034 2573 2445 2644 eonsequentia.
2462 2574 2642 2627 dicere
2657 2571 2801 2641 quod
2819 2572 2952 2625 nihil
2972 2585 3160 2625 eorum
3178 2584 3299 2640 quae
3314 2570 3503 2641 genita

1915 2675 2063 2729 sunt,
2086 2664 2510 2735 estingenitum,
2538 2679 2602 2717 ac
2634 2662 2861 2733 proinde
2879 2662 3105 2725 inferre,
3136 2662 3283 2732 quod
3316 2676 3495 2731 neque

1916 2760 1963 2814 si
2025 2758 2155 2828 quid
2188 2757 2492 2813 secundum
2525 2765 2776 2810 naturam
2829 2764 2914 2810 est
2974 2755 3274 2824 ingenitum
3335 2753 3493 2824 geni-

1915 2858 2029 2903 tum
2057 2866 2181 2905 esse
2222 2858 2418 2919 potest.
2454 2847 2604 2903 Talis
2637 2847 2783 2902 enim
2826 2846 3003 2901 oratio
3038 2855 3094 2900 et
3127 2860 3315 2900 verum
3346 2860 3483 2899 con-

1916 2947 2051 2997 tinet
2082 2950 2135 2997 et
2161 2958 2192 2995 a
2221 2941 2557 3010 blasphemia
2593 2948 2845 3010 separata
2882 2950 2985 2995 est.
3019 2940 3176 2994 Nunc
3200 2955 3329 2994 vero
3363 2955 3495 3009 pro-

1915 3041 2232 3102 ponentem,
2276 3032 2423 3102 quod
2466 3047 2659 3087 eorum
2700 3048 2822 3101 quae
2853 3033 3035 3102 genita
3080 3041 3207 3086 sunt
3239 3030 3377 3085 nihil
3411 3039 3500 3086 est

1918 3124 2242 3193 ingenitum,
2273 3124 2477 3179 inferre
2526 3122 2673 3194 quod
2709 3139 2887 3193 neque
2938 3122 3157 3194 genitus
3205 3132 3291 3178 est
3327 3122 3496 3187 Deus,

1918 3216 2215 3270 manifesto
2245 3216 2313 3269 ah
2344 3231 2409 3270 eo
2449 3214 2597 3285 quod
2634 3224 2720 3271 est
2761 3214 2905 3270 Deus
2934 3215 3292 3285 Unigenitum
3327 3213 3497 3269 Deum

1919 3306 2241 3361 abstrahere
2261 3314 2347 3361 est
2373 3325 2385 3359 :
2420 3307 2550 3361 dum
2577 3322 2645 3360 ex
2677 3320 2743 3360 eo
2768 3304 2914 3375 quod
2943 3305 3060 3374 ipse
3090 3319 3199 3358 non
3233 3310 3315 3359 est
3348 3303 3500 3372 inge-

1920 3398 2096 3458 nitus.
2131 3414 2313 3468 neque
2348 3398 2529 3468 ipsum
2571 3413 2695 3452 esse
2735 3396 2905 3452 Deum
2952 3396 3169 3451 astruit.
3207 3396 3290 3449 An
3330 3394 3504 3458 igitur

1919 3489 2046 3543 aliis
2068 3487 2137 3541 ad
2163 3489 2688 3543 demonstrationem
2718 3487 2882 3555 hujus
2905 3493 3014 3539 tam
3040 3484 3334 3540 insolentis
3353 3483 3503 3538 blasa

1920 3579 2149 3648 phemiaa
2178 3580 2520 3649 argumentis
2563 3578 2829 3647 egemus?
2870 3592 2973 3631 nec
3005 3575 3137 3629 illud
3172 3575 3353 3629 solum
3385 3572 3503 3627 suf-

1922 3672 2035 3726 ﬁcit
2066 3672 2244 3727 instar
2288 3672 2435 3741 cippi
2482 3670 2611 3725 huic
2641 3668 2848 3724 Christi
2877 3666 3264 3737 oppugnatori,
3298 3662 3391 3733 qui
3429 3677 3499 3717 ex

1922 3765 2087 3819 dictis
2138 3764 2418 3833 pra‘struit
2466 3779 2575 3817 non
2620 3778 2742 3818 esse
2773 3760 2966 3823 Deum,
3004 3760 3096 3829 qui
3130 3758 3186 3811 in
3226 3754 3503 3827 principio

1921 3865 2042 3911 erat
2096 3856 2334 3910 Verbum
2374 3853 2556 3909 Deus?
2589 3853 2731 3919 Quid
2782 3853 2951 3923 igitur
2977 3850 3217 3919 amplius
3269 3859 3501 3901 necesse

1922 3958 2008 4004 est
2045 3950 2308 4001 adversus
2355 3947 2671 4016 hujusmodi
2718 3945 3006 4000 haereticos
3059 3939 3367 4012 implicari?
3400 3953 3501 3994 ne-

1923 4056 2032 4110 que
2060 4039 2205 4092 enim
2245 4054 2370 4092 eum
2417 4038 2502 4091 his
2554 4037 2647 4106 qui
2692 4037 2839 4089 circa
2879 4034 3143 4100 idola,,et
3181 4045 3346 4101 super
3373 4042 3505 4083 aras

1924 4135 2155 4189 eﬂusum
2186 4146 2441 4186 cruorem
2476 4134 2837 4197 occupantur,
2883 4124 3044 4182 nobis
3075 4132 3156 4179 est
3192 4121 3497 4192 negotium,

1924 4242 2032 4280 non
2069 4224 2214 4294 quod
2251 4221 2498 4277 iuteritui
2529 4234 2744 4284 eorum,
2785 4218 2879 4288 qui
2923 4218 3119 4271 insano
3146 4214 3296 4269 cultu
3322 4210 3500 4265 idolo-

1926 4333 2048 4371 rum
2083 4324 2365 4376 tenentur,
2416 4312 2808 4374 assentiamur,
2863 4308 2959 4365 sed
3001 4308 3129 4378 quia
3160 4306 3381 4376 gravior
3426 4301 3507 4358 sit

1928 4425 2117 4463 eorum
2149 4407 2373 4462 morbus
2412 4419 2575 4473 quam
2608 4401 2790 4456 omnis
2821 4407 3010 4455 nostra
3038 4395 3295 4451 medendi
3332 4390 3495 4446 ratio.

242 4485 463 4541 κινώδει
507 4485 670 4539 πάθει
724 4486 1149 4555 κεκρατημένων
1204 4488 1485 4557 ἄπρακτος
1529 4492 1561 4559 ἡ
1617 4492 1818 4561 ἰατρεία

1930 4486 2397 4565 Quemadmodum
2454 4495 2620 4564 igitur
2676 4492 2944 4546 idolorum
2994 4489 3201 4543 cultum
3258 4485 3510 4541 declarat

244 4578 423 4649 μένει,
448 4577 536 4629 διὰ
556 4577 616 4629 τὸ
650 4578 996 4647 ὑπερισχύειν
1023 4578 1120 4648 τῆς
1143 4580 1338 4650 τέχνης
1362 4582 1459 4652 τὴν
1481 4584 1653 4637 νόσον.

1928 4592 2106 4659 ipsum
2135 4602 2293 4657 opus,
2325 4594 2383 4639 et
2411 4592 2799 4639 accusatorum
2826 4580 3095 4650 judicium
3121 4575 3365 4649 praeripit
3393 4574 3501 4628 cri-

240 4684 371 4722 men
402 4669 546 4737 quod
577 4672 629 4721 in
667 4669 833 4722 libera
868 4671 1211 4725 contumacia
1240 4672 1505 4727 audenter
1531 4679 1926 4735 committitur:
1955 4679 2035 4735 sic
2062 4678 2297 4732 arbitror
2332 4676 2420 4729 hic
2450 4683 2705 4743 oportere
2737 4672 2955 4742 pietatis
2986 4679 3279 4740 patronum
3317 4665 3497 4719 conti-

240 4776 469 4817 eescere
510 4762 774 4815 adversus
799 4776 922 4815 eum
960 4764 1053 4831 qui
1096 4772 1289 4817 contra
1316 4766 1557 4834 seipsum
1593 4768 1927 4838 impietatem
1958 4772 2013 4824 in
2042 4768 2329 4840 propatulo
2360 4765 2711 4821 vociferatur.
2744 4762 3215 4831 Quemadmodum
3245 4760 3408 4815 etiam
3441 4759 3497 4811 in

241 4851 334 4905 his
368 4850 461 4916 qui
492 4850 862 4903 carcinomate
895 4852 1275 4915 suntobsessi,
1296 4854 1442 4911 iners
1475 4865 1530 4911 et
1570 4858 1864 4916 inofliciosa
1890 4869 2072 4915 manet
2107 4858 2400 4918 medicina.
2430 4857 2558 4927 quia
2583 4857 2743 4910 docta
2783 4856 2903 4926 plus
2944 4854 3086 4909 valet
3113 4861 3232 4907 arte
3267 4852 3492 4905 malum.

316 4940 468 5012 Πλὴν
523 4941 706 5012 ἐπειδὴ
762 4958 813 4993 τι
855 4940 991 5010 μετά
1043 4942 1113 4995 τὰ
1146 4946 1413 5015 εἰρημένα
1467 4950 1559 5002 καὶ
1619 4952 1825 5023 ἰσχυρό-

240 5048 405 5104 τερον
431 5030 825 5098 ἐπαγγέλλεται
847 5031 1044 5099 λέγειν,
1080 5032 1153 5096 ὼς
1174 5032 1239 5086 ἂν
1265 5035 1338 5106 μὴ
1367 5037 1515 5107 φόϐῳ
1539 5039 1643 5093 τῶν
1668 5042 1824 5094 δυνα-
1852 5096 1853 5099 η

240 5122 501 5195 τωτέρων
531 5122 852 5191 καθυφιέναι
890 5124 1177 5193 δοκοίημεν
1215 5126 1313 5198 τὴν
1345 5129 1681 5202 ἀντίρρησιν,
1722 5136 1823 5186 κά-

246 5217 395 5267 κεῖνο
421 5216 533 5277 τοῖς
568 5214 878 5284 εἰρημένοις
914 5216 1415 5286 προσεξετάσωμεν.
1452 5221 1626 5283 Ἔδει,
1670 5227 1820 5292 φησὶ,

245 5302 491 5356 πάντων
518 5302 836 5371 ἀφέμενον,
868 5304 969 5356 ἐπὶ
1001 5305 1105 5365 τὸν
1133 5308 1521 5375 ἰσχυρότερον
1556 5312 1823 5378 χωρῆσαι

244 5396 455 5463 λόγον.
504 5395 727 5448 Ἐκεῖνα
743 5394 997 5465 φήσαιμι
1026 5396 1120 5459 ἂν,
1146 5398 1235 5452 ὅτι
1264 5400 1362 5453 καὶ
1381 5401 1499 5454 τῶν
1522 5404 1621 5456 ὑπ’
1639 5406 1823 5459 αὐτοῦ

246 5487 399 5555 πρὸς
428 5489 680 5556 ἔλεγχον
717 5489 1170 5556 προϐληθέντων
1214 5492 1510 5561 ὀνομάτων
1552 5495 1825 5561 πειραδειο

248 5580 536 5649 χθέντων,
580 5578 759 5633 οὐδὲν
798 5574 980 5648 ἧττον
1008 5580 1240 5649 ἀληθὴς
1273 5585 1306 5636 o'
1344 5585 1482 5652 παρ’
1512 5584 1679 5654 ἡμῶν
1715 5604 1824 5655 59a-

248 5671 649 5740 νερωθήσεται
674 5675 873 5743 λόγος.
902 5673 1084 5741 Εἴπερ
1112 5676 1151 5743 ἠ
1182 5676 1539 5744 παραλλαγὴ
1577 5678 1690 5733 τῶν
1718 5678 1823 5745 τὰς

250 5760 555 5830 ὶὸιότητας
591 5762 1007 5833 σημαινόντων
1038 5764 1343 5834 ὀνομάτων
1380 5765 1493 5835 τὴν
1525 5770 1825 5835 παραλλα-
1858 5770 1861 5773 λ

1996 4949 2388 5005 Verumtamen
2434 4949 2694 5017 quoniam
2745 4955 2869 5016 post
2913 4960 2976 5001 ea
3006 4960 3127 5015 qua:
3166 4944 3281 5013 jam
3313 4941 3382 4996 ab
3427 4956 3495 4996 eo

1920 5043 2064 5097 dicta
2092 5051 2239 5103 sunt,
2272 5026 2450 5094 adhuc
2480 5039 2687 5109 aliquid
2728 5039 2999 5095 valentius
3038 5037 3091 5091 in
3129 5036 3368 5089 medium
3402 5032 3501 5088 ad-

1920 5136 2213 5190 ducturum
2246 5149 2305 5189 se
2338 5148 2461 5187 esse
2494 5132 2807 5201 pollicetur,
2840 5144 2909 5184 ne
2949 5136 3095 5181 metu
3126 5126 3497 5196 potentiorum

1920 5226 2208 5280 videamur
2229 5225 2721 5279 contradictionem
2745 5222 3026 5276 remittere
3046 5230 3099 5273 et
3126 5217 3497 5289 praevaricari,

1921 5315 2057 5371 illud
2087 5316 2252 5370 etiam
2286 5314 2519 5369 subinde
2545 5313 3002 5369 examinabimus.
3056 5310 3366 5379 Oportebat,
3415 5308 3501 5363 in-

1923 5409 2061 5478 quit,
2116 5408 2355 5461 omnibus
2417 5408 2651 5469 omissis,
2704 5406 2773 5458 ad
2822 5404 3163 5458 valentiorem
3218 5406 3483 5458 rationem

1926 5500 2116 5554 venire.
2153 5498 2263 5553 Illa
2309 5502 2488 5569 utique
2533 5499 2780 5561 dixerim,
2812 5496 3234 5567 quandoquidem
3272 5513 3392 5550 cum
3435 5513 3498 5549 ea

1922 5608 2039 5661 qua:
2071 5591 2135 5643 ab
2171 5592 2283 5659 ipso
2314 5594 2383 5644 ad
2414 5593 2866 5657 reprehensionem
2889 5586 3129 5645 nostram
3158 5592 3500 5645 adducuntur

1926 5683 2139 5735 nomina
2160 5693 2294 5737 recte
2316 5684 2684 5737 demonstrata
2719 5684 2939 5753 fuerint,
2965 5683 3310 5738 nihilominus
3345 5700 3495 5738 verus

1928 5783 2103 5829 noster
2131 5774 2559 5845 manifestabitur
2580 5792 2771 5832 sermo.
2797 5775 3066 5849 Siquidem
3088 5777 3355 5835 nominum
3378 5791 3495 5848 qua:
