3922 6474
512 350 617 409 755

1782 358 1837 412 S.
1879 358 2206 414 GREGOBII
2234 357 2526 413 NYSSENI

3652 364 3754 420 736

511 467 850 534 proprietates
893 468 1196 539 signiﬁcant
1221 469 1539 539 differentia,
1574 489 1745 527 rerum
1786 477 1945 528 etiam
1980 476 2061 530 de-

2174 474 2290 544 γὴν
2333 476 2601 545 ἐμφαίνει
2642 475 2758 527 τῶν
2809 476 3186 545 πραγμάτων.
3231 476 3461 546 ἀνάγκη
3504 479 3582 547 δή
3632 497 3752 537 που

510 556 681 610 clarat
704 558 1136 626 discrepantiam,
1170 578 1373 617 necesse
1393 574 1470 618 est
1498 566 1683 633 procul
1710 566 1869 620 dubio
1893 584 2078 622 conce-

508 648 634 702 dere
670 651 829 703 etiam
860 667 952 719 per
990 651 1343 720 differentiam
1374 658 1642 710 nominum
1672 674 1788 726 qua:
1824 660 2079 714 essentias

509 740 1002 809 signiﬁcant,simul
1021 745 1375 799 demonstrari
1396 749 1741 801 essentiarum
1769 748 2076 805 discrimen.

510 834 679 901 Atque
704 833 801 886 hoc
825 837 878 887 in
909 837 1148 889 omnibus
1180 838 1258 889 ita
1283 854 1396 892 esse
1432 840 1549 909 quis
1589 842 1917 907 compererit,
1960 843 2078 895 dico

508 927 848 989 substantiis,
873 929 1192 986 actionibus.
1218 930 1506 993 coloribus,
1532 931 1717 1000 ﬁguris
1734 940 1786 985 et
1806 933 1927 985 aliis
1948 950 2080 1003 qua-

512 1017 779 1081 litatibus,
806 1021 975 1089 ignem
1015 1022 1173 1073 etiam
1199 1030 1249 1073 et
1279 1037 1471 1089 aquam
1503 1022 1800 1090 differentes
1824 1026 2077 1079 essentias

511 1110 775 1164 distinctis
815 1112 1255 1179 appellationibus
1300 1113 1683 1183 significamus,
1709 1132 1983 1185 aeremque
2027 1126 2075 1169 et

509 1211 726 1257 terram.
762 1202 1117 1273 [rigidumque
1138 1214 1185 1256 et
1204 1203 1460 1267 calidum,
1486 1215 1532 1258 et
1560 1208 1737 1259 album
1767 1218 1815 1260 et
1846 1208 2073 1276 nigrant,

507 1293 586 1346 vel
643 1294 965 1363 triangulum
1014 1304 1063 1347 et
1108 1297 1415 1351 rotundum.
1463 1296 1607 1363 Quid
1646 1299 1783 1351 enim
1833 1315 1963 1367 opus
1999 1312 2076 1352 est

506 1382 661 1437 verba
688 1383 867 1452 facere
899 1385 966 1439 de
1010 1387 1385 1454 spiritualibus
1430 1389 1695 1449 essentiis,
1737 1405 1869 1458 quas
1902 1405 2077 1443 recen-

504 1492 623 1529 sens
669 1478 949 1545 Apostolus
991 1494 1083 1546 per
1126 1479 1483 1548 differentiam
1530 1482 1823 1545 nominum,
1877 1481 2075 1535 discre-

502 1571 746 1637 pantiam
797 1575 1147 1626 essentiarum
1192 1574 1393 1641 pariter
1437 1572 1765 1627 declaravit?
1798 1572 1932 1637 Quis
1964 1589 2072 1627 non

505 1656 856 1726 obstupuerit
886 1660 1154 1715 attonitus
1189 1660 1256 1713 ad
1301 1660 1439 1714 hanc
1477 1660 1951 1731 inexpugnabilem
1987 1676 2071 1713 ar-

504 1746 750 1808 gumenti
807 1746 954 1800 vim?
1005 1747 1187 1802 hercle
1220 1749 1231 1799 ί
1264 1746 1684 1816 promissionem
1718 1757 1942 1816 superat
1985 1748 2074 1801 hic

2181 567 2512 634 συγχωρεῖν
2560 565 2657 617 καὶ
2710 562 2785 632 τῇ
2822 564 3183 633 παραλλαγῇ
3223 565 3338 617 τῶν
3393 569 3501 633 τὰς
3546 570 3760 635 οὐσίας

2181 663 2620 723 σημαινόντων,
2654 658 3164 725 συνεμφαίνεσίίιιι
3208 658 3321 723 τὴν
3366 660 3763 728 παραλλαγὴν

2179 747 2296 801 ⁴τῶν
2328 747 2573 801 οὐσιῶν.
2624 747 2733 800 Καὶ
2773 747 2946 801 τοῦτο
2982 749 3080 801 ἐπὶ
3115 749 3358 804 πάντων
3401 752 3588 817 οὕτως
3615 753 3763 821 ἕχον

2177 840 2336 905 εὕροι
2364 857 2452 904 τις
2482 839 2577 895 ἂν.
2609 838 2763 909 λέγω
2795 839 2863 891 δὲ
2891 839 3138 904 οὐσιῶν,
3173 840 3499 909 ἐνεργειῶν,
3526 861 3762 912 χρωμα-

2178 947 2316 994 των,
2357 929 2704 999 σχημάτων,
2752 931 2870 984 τῶν
2907 933 3111 985 ἄλλων
3141 934 3491 1001 ποιοτήτων.
3532 936 3658 1003 Πῦρ
3694 955 3763 990 τε

2177 1021 2286 1089 γὰρ
2311 1022 2409 1073 καὶ
2439 1021 2614 1089 ὕδωρ,
2642 1021 2966 1090 διαφόρους
2987 1024 3199 1088 οὐσίας
3228 1026 3764 1095 παρηλλαγμένως

2177 1110 2555 1177 σημαίνομεν
2582 1111 3031 1178 προσηγορίαις,
3066 1111 3213 1179 ἀέρα
3243 1130 3305 1166 τε
3333 1114 3429 1166 καὶ
3458 1113 3594 1182 γῆν,
3639 1118 3764 1182 ψυ-

2175 1200 2324 1268 χρόν
2364 1216 2426 1252 τε
2462 1194 2539 1254 αὗ
2579 1200 2675 1252 καί
2718 1200 2953 1267 θερμὸν,
2995 1203 3221 1255 ,λευκόν
3261 1220 3324 1256 τε
3348 1204 3445 1257 καὶ
3468 1205 3684 1272 μέλαν,
3721 1205 3762 1271 ἦ

2176 1290 2465 1358 τρίγωνον
2490 1291 2586 1342 καὶ
2616 1290 2945 1359 περιφερές.
2978 1290 3043 1344 Τί
3066 1293 3176 1361 γὰρ
3202 1294 3297 1347 δεῖ
3316 1296 3449 1361 περὶ
3478 1295 3598 1349 τῶν
3620 1314 3765 1364 νοη-

2172 1380 2293 1433 τῶν
2318 1381 2517 1449 λέγειν
2538 1381 2779 1443 οὐσιῶν,
2813 1381 2885 1448 ἂς
2908 1383 3251 1453 καταλέγων
3282 1388 3316 1438 ό
3364 1386 3762 1453 Ἀπόστολος,

2177 1470 2251 1538 τῇ
2285 1470 2537 1539 διαφορᾷ
2577 1469 2695 1525 τῶν
2733 1472 3037 1541 ὀνομάτων
3075 1476 3191 1541 τὴν
3222 1478 3620 1546 παραλλαγὴν
3652 1478 3762 1531 ἐμ

2172 1560 2357 1629 ἐφηνε
2392 1562 2509 1615 τῶν
2545 1562 2807 1628 οὐσιῶν;
2843 1564 2938 1627 Τίς
2963 1565 3061 1616 οὐκ
3096 1565 3161 1618 ἂν
3187 1567 3560 1638 καταπλαγείη
3618 1569 3765 1640 πρὸς

2171 1653 2269 1722 τὴν
2293 1652 2760 1722 ἀνανταγώνιστον
2784 1654 2988 1724 ταύτην
3015 1656 3108 1709 τοῦ
3142 1659 3569 1729 ἐπιχειρήματος
3600 1660 3763 1715 δυνα-

2175 1760 2299 1813 μιν;
2341 1744 2510 1815 Ὑπὲρ
2538 1746 2636 1816 τὴν
2661 1746 2992 1814 ἐπαγγελίαν
3016 1748 3043 1799 ὁ
3069 1748 3223 1815 λόγος
3240 1767 3253 1779 ⁸
3282 1750 3632 1822 φοϐερωτέρα
3654 1753 3761 1821 τῆς

503 1832 718 1885 sermo!
757 1833 1054 1887 terribilior
1098 1850 1231 1889 sane
1269 1835 1616 1888 ininitatione
1661 1834 1751 1888 hic
1798 1839 2061 1890 conatus'

2179 1834 2468 1905 άπειλῆςή
2511 1839 2698 1904 πεῖρα.
2748 1838 2871 1890 Ἐπὶ
2911 1837 3002 1891 τὸν
3039 1839 3399 1913 ἰσχυρότερον,
3433 1843 3615 1911 φησὶν,
3638 1844 3763 1914 ἥξω

500 1921 581 1974 Ad
620 1921 928 1985 fortiorem,
982 1924 1176 1993 inquit,
1208 1925 1421 1978 veniam
1473 1926 1759 1979 rationem.
1812 1924 2068 1990 Quanam

501 2011 617 2067 haec
659 2013 779 2067 est?
827 2012 971 2083 quod
1022 2030 1144 2068 cum
1202 2030 1298 2085 per
1326 2014 1507 2068 omnia
1557 2030 1680 2085 qua:
1711 2017 2070 2085 pr0prietates

498 2103 812 2171 signiﬁcant
869 2104 1264 2173 pr0prietatum
1316 2113 1688 2175 cognoscatur
1738 2105 2067 2169 differentia,

499 2207 729 2248 necesse
759 2201 877 2257 est,
930 2195 1127 2264 inquit,
1175 2197 1475 2251 concedere
1517 2199 1680 2251 etiam
1728 2198 2069 2253 differentias

512 2287 877 2342 essentiarum
936 2288 989 2343 in
1057 2291 1339 2343 nominum
1397 2291 1724 2348 dill‘erentiis
1795 2295 2065 2349 denotari.

498 2376 763 2442 Qumnam
802 2380 969 2449 igitur
999 2381 1081 2436 hae
1116 2391 1244 2435 sunt
1278 2384 1641 2439 essentiarum
1674 2386 2067 2455 appellationes

496 2470 700 2538 quibus
729 2472 781 2524 in
811 2470 971 2528 Patre
995 2483 1048 2527 et
1085 2472 1224 2526 Filio
1261 2483 1471 2529 natura:
1507 2476 1799 2530 dissidium
1844 2477 2068 2531 demon-

496 2570 728 2615 stratum
747 2564 866 2617 est?
894 2565 1071 2634 ignem
1097 2566 1229 2619 dicit
1258 2574 1310 2620 et
1335 2581 1530 2637 aquam
1553 2575 1606 2621 et
1648 2583 1850 2629 aerem,
1876 2578 1930 2621 et
1959 2577 2068 2623 ter-

496 2666 636 2715 ram,
667 2652 1033 2725 {rigidumque
1064 2664 1119 2709 et
1145 2656 1411 2721 calidum,
1446 2658 1627 2711 album
1657 2669 1709 2713 ct
1740 2659 1976 2729 nigrum,
2013 2672 2067 2715 ct

494 2743 834 2813 triangulum
869 2753 923 2800 et
957 2746 1227 2800 circulum
1261 2767 1273 2801 :
1309 2748 1440 2803 vicit
1469 2749 1757 2818 exemplis.
1789 2752 2067 2821 superavit

492 2835 673 2889 valida
708 2839 1028 2909 potentiqne
1074 2839 1309 2903 ratione,
1353 2855 1531 2910 neque
1568 2841 1683 2907 ipse
1716 2843 2061 2904 contradico,

492 2928 1075 2996 perincommutabilia
1104 2934 1324 2985 nomina
1351 2933 1711 2987 diﬂ‘erentiam
1740 2945 2061 2989 naturarum

490 3022 939 3076 commonstrari.
973 3020 1076 3077 Sed
1109 3023 1211 3076 hoc
1238 3025 1413 3077 solum
1442 3039 1551 3078 non
1578 3026 1715 3079 vidit
1749 3026 1835 3080 hic
1867 3037 2063 3082 acutus

491 3120 547 3165 et
574 3114 857 3181 perspicax
896 3113 961 3165 ad
993 3114 1409 3184 intelligendum
1447 3134 1460 3170 :
1494 3117 1645 3185 quod
1694 3117 1783 3171 hic
1823 3127 1876 3171 et
1904 3117 2064 3173 Pater

2171 1923 2278 1976 τῶν
2302 1923 2495 1993 λόγων.
2528 1926 2622 1989 Τίς
2654 1922 2803 1990 οὗτός
2826 1929 3027 1994 ἐστιν;’
3047 1930 3169 1981 Ὅτι
3193 1930 3290 1999 τῆς
3313 1930 3420 1982 τῶν
3449 1931 3763 2002 ἰδιωμάτων

2171 2013 2431 2084 διαφορᾶς
2456 2015 2543 2069 διὰ
2564 2017 2671 2071 τῶν
2696 2020 2976 2087 ὀνομάτων
2998 2022 3409 2091 γινωσκομένης
3430 2022 3539 2075 τῶν
3560 2040 3765 2094 σημαιο

2171 2106 2367 2158 νόντων
2407 2107 2505 2169 τὰς
2553 2108 2850 2178 ίδιότητας’
2902 2111 3115 2180 ἀνάγκη
3158 2110 3222 2181 δή
3270 2129 3372 2165 που
3426 2120 3758 2186 συγχωρεῖν,

2171 2198 2325 2266 φησι,
2357 2198 2569 2261 καὶτὰς
2607 2198 2713 2252 τῶν
2736 2201 2934 2253 οὐσιῶν
2960 2201 3224 2272 διαφορὰς
3262 2204 3321 2254 ἐν
3347 2206 3468 2267 ταῖς
3493 2205 3602 2259 τῶν
3629 2207 3756 2262 ὀνο-

2173 2288 2357 2357 μάτων
2391 2290 2768 2362 παραλλαγαῖς
2799 2293 3214 2363 ὲρμηνεύεσθαι.
3250 2295 3405 2359 Τίνες
3438 2293 3531 2350 οὗν
3566 2299 3759 2352 αἰτῶν

2168 2379 2365 2434 οὐσιῶν
2394 2384 2753 2453 προσηγορίαι
2777 2424 2790 2443 .
2819 2383 2884 2437 δι’
2926 2378 2998 2439 ὧν
3026 2386 3117 2438 ἐπὶ
3152 2386 3363 2457 Πατρδς
3389 2389 3483 2442 καὶ
3528 2389 3658 2443 Υίοῧ
3695 2392 3761 2447 τὸ

2171 2472 2626 2542 παρηλλαγμένον
2670 2475 2921 2547 ἐδιδάχθη
2983 2477 3231 2546 (priscam;
3279 2480 3398 2551 Πῦρ
3453 2480 3601 2549 λέγει
3652 2484 3759 2538 καὶ

2170 2562 2335 2634 ὕδωρ,
2366 2565 2462 2619 καὶ
2490 2565 2648 2636 ἀέρα,
2675 2569 2767 2621 καὶ
2793 2568 2916 2637 γῆν,
2946 2568 3151 2640 ψυχρόν
3180 2588 3238 2623 τε
3264 2574 3357 2625 καὶ
3387 2573 3607 2644 θερμὸν,
3632 2574 3759 2629 λευ-

2168 2652 2260 2703 κόν
2280 2669 2337 2704 τε
2364 2654 2456 2706 καὶ
2491 2653 2682 2723 μέλαν,
2708 2656 2973 2726 τρίγωνον
3005 2659 3097 2711 καὶ
3129 2660 3425 2732 περιφερές
3449 2676 3463 2691 ·
3497 2663 3756 2733 νενίκηκε

2165 2747 2277 2806 τοῖς
2319 2744 2731 2816 ὑποδείγμασιν·
2767 2747 3036 2818 ὑπερέσχε
3069 2751 3210 2803 κατὰ
3249 2753 3449 2821 κράτος
3469 2752 3547 2823 τῷ
3572 2754 3753 2825 λόγῳ,

2165 2836 2285 2889 οὐδὲ
2307 2837 2416 2906 γὰρ
2445 2837 2607 2903 αὐτὸς
2639 2838 2927 2907 ἀντιλέγω,
2953 2840 3023 2893 τὰ
3043 2840 3133 2894 διὰ
3164 2843 3375 2896 πάντων
3407 2844 3755 2917 ἀκοινώνητα

2163 2925 2271 2979 τῶν
2294 2927 2572 2995 ὀνομάτων
2594 2928 2691 3000 τὴν
2720 2930 2826 2983 τῶν
2848 2930 3063 2999 φύσεων
3084 2931 3348 3003 διαφοράν
3380 2936 3753 2989 συνενδείκνυ-

2167 3016 2309 3070 σθαι.
2384 3019 2540 3073 Ἀλλὰ
2595 3019 2771 3074 ταῦτα
2836 3022 2997 3092 μόνον
3043 3024 3143 3076 οὐκ
3196 3019 3335 3076 εἶδεν
3386 3027 3415 3079 6
3468 3026 3594 3092 ὀξὺς
3642 3028 3749 3082 καὶ

2163 3107 2467 3178 διορατικὸς
2499 3111 2595 3181 τὴν
2621 3110 2896 3171 διάνοιαν.
2955 3113 3035 3166 ὅτι
3088 3113 3321 3166 ἐνταῦθα
3364 3116 3392 3167 ὅ
3455 3134 3515 3169 τε
3559 3118 3753 3190 Πατὴρ

492 3204 659 3266 Deus.
699 3217 751 3260 et
806 3205 974 3261 Filius
1024 3206 1186 3265 Deus.
1237 3207 1533 3277 justusque
1578 3217 1632 3262 et
1682 3209 2058 3279 incorruptus,

2166 3177 2329 3262 Θεὸς,
2386 3202 2476 3253 καὶ
2515 3177 2700 3266 ὁτΥίὸς
2745 3203 2898 3268 Θεὸς,
2958 3205 3163 3269 δίκαιός
3206 3223 3262 3259 τε
3316 3209 3409 3261 καὶ
3445 3177 3750 3281 ἄφθαρτος,

491 3310 544 3351 et
580 3299 762 3353 omnia
809 3298 1096 3367 theologia:
1128 3300 1348 3352 nomina
1376 3300 1661 3368 mqualiter
1702 3302 1770 3355 «le
1808 3300 1966 3354 Patre
2008 3312 2063 3357 et

499 3388 640 3442 Filio
674 3389 966 3454 dicuntur;
999 3405 1168 3456 quare
1208 3389 1253 3442 si
1297 3390 1591 3443 discrimen
1631 3392 2059 3461 appellationum

493 3481 854 3535 dilTerentiam
880 3489 1198 3535 naturarum
1232 3482 1520 3550 signiﬁcat,
1544 3482 1912 3536 communitas
1940 3500 2053 3537 no-

490 3575 700 3626 minum
730 3573 978 3626 essentia:
1013 3574 1456 3626 communionem
1502 3588 1729 3643 prorsus
1775 3574 2056 3629 indicabit.

489 3665 558 3721 Et
589 3666 632 3719 si
661 3664 1070 3719 concedendum
1110 3673 1194 3719 est
1220 3665 1462 3718 divinam
1504 3666 1800 3720 essentiam
1835 3682 1931 3737 per
1961 3683 2061 3722 no-

488 3759 639 3812 mina
671 3758 994 3827 signiﬁcari,
1026 3758 1128 3813 has
1160 3758 1410 3813 excelsas
1442 3766 1497 3813 et
1528 3756 1639 3813 Deo
1669 3762 2061 3815 convenientes

487 3865 652 3906 voces
678 3849 875 3904 divinae
909 3860 1120 3904 natura:
1147 3851 1323 3920 magis
1351 3848 1597 3904 decuerit
1623 3851 2057 3915 accommodare,

485 3959 649 4013 quam
698 3942 864 4013 geniti
912 3951 964 3997 et
1013 3941 1239 4012 ingeniti
1301 3942 1860 4011 cognominationem.
1918 3943 2057 4010 Quia

486 4035 689 4087 bonum
729 4032 948 4102 quidem
979 4042 1032 4087 et
1060 4034 1467 4103 incorruptum,
1498 4033 1707 4101 justum
1735 4043 1789 4087 et
1810 4033 2054 4101 sapiens,

484 4134 540 4181 et
576 4140 916 4195 quaecunque
973 4134 1102 4177 sunt
1143 4125 1411 4194 ejusmodi
1449 4125 1550 4179 soli
1586 4125 1807 4193 proprie
1837 4130 1893 4178 et
1925 4140 2058 4179 con-

483 4217 766 4271 venienter
817 4217 1095 4285 superanti
1134 4232 1351 4270 omnem
1389 4224 1629 4270 mentem
1663 4224 1878 4270 natum
1917 4232 2053 4271 con-

485 4317 705 4379 gruunt.
761 4308 1016 4362 Genitum
1066 4322 1194 4361 vero
1244 4307 1405 4361 etiam
1440 4322 1564 4361 cum
1610 4307 1694 4361 bis
1742 4324 1864 4376 qua:
1912 4308 2056 4362 inter

485 4398 775 4472 inferiores
822 4407 1103 4451 creaturas
1162 4405 1290 4450 sunt
1337 4398 1550 4460 viliora,
1608 4398 1845 4452 nominis
1892 4398 2057 4454 habet

2167 3292 2261 3344 καὶ
2299 3292 2475 3345 πάντα
2507 3294 2575 3347 τὰ
2620 3295 2719 3364 τῆς
2780 3296 3057 3365 θεολογίας
3109 3298 3349 3366 ὀνόματα
3373 3303 3513 3354 κατὰ
3536 3302 3598 3354 τὸ
3628 3301 3752 3358 ἶσον

2163 3384 2255 3435 ἐπί
2285 3401 2341 3436 τε
2372 3385 2582 3456 Πατρὺς
2620 3388 2712 3439 καὶ
2749 3388 2878 3441 Υἱοῦ
2922 3388 3165 3457 λέγεται·
3189 3390 3330 3443 ὥστε
3362 3393 3410 3444 εί
3436 3394 3497 3446 τὸ
3527 3396 3747 3466 παρηλ-

2163 3474 2433 3545 λαγμένον
2499 3476 2606 3530 τῶν
2659 3479 3038 3553 προσηγοριῶν
3066 3482 3163 3551 τὴν
3191 3481 3455 3555 διαφορὰν
3488 3487 3749 3555 σημαίνει

2162 3566 2270 3619 τῶν
2304 3567 2518 3635 φύσεων
2536 3584 2550 3598 ο
2583 3570 2617 3639 ή
2647 3570 2891 3641 κοινότης
2913 3569 3020 3623 τῶν
3039 3570 3318 3640 ὀνομάτων
3338 3576 3401 3627 τὸ
3432 3577 3610 3630 κοινὸν
3638 3579 3745 3648 τῆς

2162 3658 2349 3721 οὐσίας
2401 3661 2616 3724 πάντως
2675 3660 2984 3726 ἐνδείξεται.
3041 3663 3149 3719 Καὶ
3202 3666 3250 3717 εί
3304 3664 3408 3736 χρὴ
3456 3667 3748 3723 συνθέσθαι

2162 3752 2258 3821 τὴν
2281 3751 2425 3804 θείαν
2452 3752 2638 3806 οὐσίαν
2666 3752 2730 3805 δι’
2757 3754 3037 3824 ὀνομάτων
3072 3754 3394 3827 μηνύεσθαι,
3430 3759 3641 3825 πρέπον
3678 3762 3749 3816 ἂν

2162 3844 2246 3915 εἴη
2271 3843 2369 3908 τὰς
2393 3844 2601 3915 ὑψηλὰς
2646 3844 2850 3907 ταύτας
2878 3846 2972 3899 καὶ
3011 3846 3329 3919 θεοπρεπεῖς
3356 3850 3538 3919 φωνὰς
3568 3853 3747 3925 ἐφαρ-

2164 3936 2349 4006 μόζειν
2369 3940 2435 4008 τῇ
2469 3938 2587 4008 θείᾳ
2609 3937 2768 4008 φύσει
2790 3938 3011 4008 μᾶλλον,
3039 3939 3071 4010 ἦ
3099 3940 3196 4013 τὴν
3224 3940 3316 3995 τοῦ
3344 3944 3606 4013 γεννητοῦ
3647 3948 3745 4000 καὶ

2159 4027 2454 4097 ἀγεννήτου
2506 4028 2840 4098 ἐπωνυμίαν.
2896 4029 3019 4083 Ὅτι
3077 4030 3139 4083 τὸ
3184 4032 3281 4102 μὲν
3325 4034 3525 4102 άγαθόν
3551 4053 3610 4088 τε
3647 4038 3744 4092 καὶ

2159 4120 2451 4189 ἄφθαρτον,
2488 4119 2695 4173 δίκαιόν
2711 4137 2770 4172 τε
2803 4120 2898 4173 καὶ
2928 4121 3111 4191 σοφὸν,
3146 4124 3237 4177 καὶ
3261 4124 3359 4180 ὅσα
3384 4127 3610 4181 τοιαῦτα
3642 4131 3737 4198 μό-

2162 4227 2227 4280 νῃ
2261 4209 2551 4280 προσφυῶς
2583 4213 2650 4280 τῇ
2692 4211 3032 4282 ὑπερεχούσῃ
3070 4214 3243 4268 πάντα
3269 4216 3394 4269 νοῦν
3430 4218 3741 4289 ἐφαρμόζε-

2161 4320 2250 4355 ται
2282 4301 2461 4371 φύσει.
2519 4302 2592 4355 Τὸ
2632 4301 2690 4354 δὲ
2716 4302 2971 4372 γεννητὸν
3003 4304 3098 4358 καὶ
3146 4306 3278 4376 πρὸς
3320 4306 3388 4360 τά
3415 4308 3607 4381 εὐτελῆ
3638 4311 3742 4380 τῆς

2162 4395 2311 4448 κάτω
2348 4394 2578 4456 κτίσεως
2620 4392 2719 4464 τὴν
2770 4396 3087 4466 ὁμωνυμίαν
3135 4397 3276 4467 ἔχει·
3323 4401 3579 4468 γεννητὸν
3627 4403 3739 4473 γάρ

488 4491 965 4553 communionem,
988 4490 1263 4558 siquidem
1286 4505 1473 4543 canem
1504 4498 1558 4543 et
1600 4506 1786 4543 ranam
1817 4491 2053 4559 genitam

2165 4504 2344 4556 φαμεν
2383 4485 2476 4538 καὶ
2539 4484 2677 4539 κύνα
2736 4488 2827 4539 καὶ
2870 4486 3158 4558 βάτραχον,
3199 4490 3292 4544 καὶ
3317 4491 3493 4545 πάντα
3522 4494 3621 4546 ὅσα
3647 4495 3737 4549 διὰ

484 4583 745 4645 dicimus,
771 4590 823 4636 et
859 4582 1039 4634 omnia
1080 4596 1200 4649 qua:
1230 4597 1326 4650 per
1357 4581 1760 4651 generationem
1791 4582 1842 4634 in
1879 4582 2053 4637 lucem

482 4673 740 4728 eduntur.
783 4672 926 4743 Quin
976 4673 1138 4727 etiam
1175 4672 1277 4726 hoc
1331 4688 1549 4731 nomen.
1576 4672 1902 4741 ingenitum,
1936 4688 2044 4727 non

490 4764 667 4819 solum
697 4764 763 4819 de
795 4780 861 4819 eo
892 4764 1036 4833 quod
1066 4766 1182 4817 sine
1216 4779 1381 4818 causa
1405 4764 1657 4819 subsistit
1691 4764 1917 4826 dicitur,
1955 4764 2048 4820 sed

487 4857 654 4910 etiam
690 4872 813 4910 cum
848 4871 913 4911 co
943 4855 1086 4925 quod
1131 4870 1235 4909 non
1270 4855 1507 4919 exsistit,
1542 4856 1703 4909 habet
1741 4856 2051 4911 necessitu-

478 4945 701 4999 dinem:
730 4945 1005 5014 ingenitus
1035 4945 1196 4998 etiam
1228 4944 1431 4997 dicitur
1465 4945 1885 5016 scindapsus(a)
1918 4968 1928 5000 :
1964 4946 2048 4999 in-

476 5037 693 5103 genitus
714 5042 766 5089 et
787 5034 1147 5097 Minotaurus,
1178 5033 1358 5105 Scylla
1380 5044 1434 5089 et
1456 5035 1744 5100 Chimaera,
1769 5052 1877 5091 non
1904 5038 2047 5106 quod

481 5127 728 5196 ingenito
768 5127 931 5180 modo
964 5144 1023 5181 se
1075 5126 1335 5189 habeant,
1387 5128 1482 5182 sed
1537 5128 1666 5194 quia
1718 5143 1786 5182 ne
1830 5128 2047 5197 quidem

476 5220 704 5272 omnino
746 5218 799 5271 in
847 5233 1029 5272 rerum
1070 5225 1265 5270 natura
1302 5218 1434 5272 sint.
1483 5216 1539 5270 Si
1574 5218 1740 5286 igitur
1777 5218 2048 5271 diviniora

476 5311 702 5364 nomina
732 5308 871 5363 Filio
905 5324 1029 5363 cum
1069 5308 1231 5363 Patre
1256 5317 1387 5363 sunt
1414 5309 1725 5361 communia
1744 5324 2039 5378 ,quaecun-

476 5417 586 5471 que
619 5410 798 5455 autem
834 5401 916 5455 vel
952 5416 1076 5454 cum
1116 5416 1182 5455 eo
1213 5400 1358 5470 quod
1406 5401 1630 5454 omnino
1669 5416 1775 5455 non
1807 5403 2045 5464 exsistit,

473 5494 560 5550 vel
589 5510 713 5546 cum
748 5493 1049 5549 humilibus
1080 5503 1133 5549 et
1156 5494 1387 5563 ahjectis
1412 5495 1648 5547 noriiinis
1675 5494 1873 5546 habent
1896 5510 2045 5547 com-

475 5588 817 5649 munionem,
864 5588 978 5641 hazc
1022 5588 1357 5657 discrepant.
1392 5586 1635 5641 llobusta
1681 5602 1813 5642 sane
1842 5596 2034 5641 contra

2165 4576 2468 4644 γεννήσεως
2491 4574 2603 4645 ἔχει
2626 4574 2723 4646 τὴν
2753 4577 3003 4647 πάροδον.
3021 4579 3179 4631 Ἀλλὰ
3205 4579 3376 4634 καὶτὸ
3401 4581 3739 4650 ἀγέννητον

2160 4667 2348 4736 ὄνομα,
2381 4667 2441 4718 ού
2463 4666 2621 4736 μόνον
2649 4666 2742 4719 ἐπὶ
2766 4667 2859 4719 τοῦ
2886 4667 3013 4721 ἄνευ
3040 4670 3219 4733 αἰτίας
3242 4671 3543 4737 ὑφεστῶτος
3574 4672 3730 4741 λέγε-

2158 4774 2269 4817 ται,
2301 4757 2435 4827 ἀλλὰ
2466 4759 2558 4810 καὶ
2612 4759 2748 4830 πρὸς
2796 4760 2856 4811 τὸ
2887 4760 3228 4831 ἀνύπαρκτον
3260 4762 3372 4831 ἔχει
3409 4763 3505 4832 τὴν
3531 4765 3728 4817 οἰκειό-

2157 4868 2293 4921 τητα
2311 4872 2324 4881 ·
2355 4852 2647 4920 άγέννητος
2683 4852 3015 4917 λέγεταικαὶ
3043 4856 3071 4906 6
3092 4853 3400 4922 σκινδαψός⁸
3436 4854 3729 4926 άγέννητος

2153 4944 2181 4995 ὀ
2215 4941 2585 5012 Μινώταυρος,
2614 4945 2647 5014 ἡ
2679 4943 2907 5006 Σκύλλα,
2934 4947 2966 5014 ἠ
3004 4945 3266 5015 Χίμαιρα,
3300 4947 3359 4997 οὐ
3382 4946 3460 5015 τῷ
3493 4949 3723 5018 ἀγεννή-

2152 5052 2257 5096 τως
2282 5032 2439 5097 εἶναι,
2468 5034 2602 5087 ἀλλὰ
2623 5034 2700 5104 τῷ
2736 5035 2808 5106 μὴ
2829 5034 3078 5103 γενέσθαι
3103 5036 3257 5099 ὅλως.
3284 5038 3342 5088 Εἰ
3366 5034 3459 5090 οὖν
3491 5038 3557 5090 τὰ
3587 5038 3723 5092 θειό-

2149 5144 2283 5196 τερα
2324 5128 2432 5182 τῶν
2464 5128 2740 5196 ὀνομάτων
2754 5128 2906 5181 κοινὰ
2940 5127 3016 5198 τῷ
3040 5127 3151 5197 Υίῷ
3173 5128 3307 5196 πρὸς
3342 5128 3433 5180 τὸν
3463 5130 3677 5200 Πατέρα
3698 5145 3718 5158 °

2150 5218 2219 5269 τὰ
2248 5219 2301 5270 δὲ
2326 5221 2422 5272 ὅσα
2447 5219 2479 5288 ἢ
2517 5219 2653 5289 πρὸς
2669 5220 2729 5271 τὸ
2765 5218 3129 5290 ἀνύπαρκτον,
3161 5220 3193 5289 ἢ
3223 5219 3357 5289 πρὸς
3386 5219 3455 5272 τά
3491 5220 3719 5273 ταπεινὰ

2150 5313 2247 5383 τὴν
2278 5314 2594 5383 ὁμωνυμίαν
2647 5314 2778 5383 ἔχει,
2808 5314 2979 5366 ταῦτα
3020 5311 3393 5384 παρήλλακται
3418 5328 3430 5340 '
3460 5316 3491 5382 ἡ
3525 5313 3715 5382 ισχυρὰ

2152 5407 2245 5460 τοῦ
2275 5407 2535 5476 Εύνομίου
2564 5406 2683 5459 καθ’
2710 5406 2865 5475 ἡμῶν
2909 5406 3263 5476 ἐπιχείρησις,
3298 5403 3433 5471 αὑτὴ
3464 5403 3714 5472 κρατύνει

2152 5499 2250 5565 τῆς
2303 5496 2556 5566 ἀληθείας
2610 5497 2671 5549 τὸ
2720 5497 2915 5566 δόγμα,
2969 5497 3236 5567 μηδεμίαν
3264 5491 3401 5547 εἶναι
3443 5495 3582 5547 κατὰ
3615 5495 3711 5563 τὴν

2154 5590 2312 5659 φύσιν
2348 5589 2608 5660 διαφορὰν
2668 5589 3033 5659 μαρτυροῦσα,
3059 5588 3147 5640 διὰ
3186 5587 3245 5641 τὸ
3281 5587 3413 5657 μηδέ
3453 5589 3562 5649 τοῖς
3604 5585 3711 5640 ὀνό-

549 5768 629 5838 (a)
664 5766 997 5842 Scindapsus
1043 5785 1145 5824 vox
1196 5770 1402 5835 ﬁctilia,
1452 5786 1572 5840 quae
1614 5774 1749 5829 nihil
1801 5789 1990 5829 revera
2032 5772 2303 5829 exsistcns
2335 5775 2627 5845 signiﬁcat,
2658 5781 2713 5828 ιιι
2736 5773 3103 5846 tragelaphus.
