3922 6478
452 352 553 411 759

1660 351 1720 408 S.
1753 349 2082 407 GREGORII
2117 344 2415 405 NYSSENI

3585 341 3694 399 τω

451 488 548 544 per
579 473 819 540 exempla
867 487 896 526 a
935 471 1100 528 rebus
1132 472 1508 528 materialibus
1562 481 1780 543 sumpta
1834 488 2022 528 essen-

2134 469 2245 522 κατ’
2265 468 2450 523 οὐσίαν
2467 466 2742 535 ἀλλότριον
2766 459 3228 525 κατασκευάζοντι
3256 456 3704 529 συγχωρήσομεν,

452 565 655 617 tiarum
684 561 1057 619 diversitatem
1086 564 1437 634 praestruenti
1460 564 1864 618 concedemus?
1919 563 2028 617 Nos

450 661 631 707 autem
668 654 762 724 qui
799 668 895 723 per
921 654 1167 723 exempla
1202 670 1324 723 quae
1363 668 1391 706 a
1425 652 1583 709 nobis
1621 654 1739 722 capi
1773 661 2027 723 possunt,

449 758 659 800 natura
681 746 1067 815 pr0prietatem
1102 754 1156 801 et
1199 746 1639 801 communionem
1689 744 2030 800 demonstra-

450 854 596 904 mus,
638 838 958 909 repudiandi
997 838 1231 893 sumus?

522 928 626 984 Sed
658 928 876 993 Petrus,
909 929 1105 998 inquit,
1143 936 1195 981 et
1231 925 1433 984 Paulus
1476 927 1546 982 ab
1576 927 1887 983 hominibus
1928 942 2029 980 no-

450 1021 642 1076 minati
672 1029 822 1083 sunt,
854 1030 1142 1091 propterea
1169 1021 1223 1075 in
1251 1021 1386 1090 ipsis
1421 1020 1819 1090 appellationes
1844 1031 2030 1090 potue-

450 1119 579 1165 runt
605 1111 904 1165 immutari.
955 1111 1226 1176 Quidnam
1257 1126 1446 1165 eorum
1476 1126 1597 1180 quae
1629 1116 1757 1163 sunt
1793 1125 1899 1164 non
1944 1117 2029 1165 est

449 1205 517 1258 ab
543 1203 854 1259 hominibus
876 1203 1317 1258 nominatum?te
1341 1203 1610 1257 sermonis
1638 1210 1828 1257 testem
1856 1199 2027 1254 addu-

448 1310 536 1349 co.
576 1295 634 1349 Si
663 1296 809 1350 enim
843 1295 1126 1349 nominum
1165 1295 1477 1350 immutatio
1509 1295 1724 1366 signum
1755 1303 1809 1349 et
1857 1309 2020 1365 argu-

447 1395 693 1444 mentum
743 1387 904 1453 l'acis,
941 1386 1086 1458 quod
1118 1387 1186 1441 ab
1208 1387 1523 1443 hominibus
1547 1404 1635 1442 res
1674 1386 1785 1441 sint
1842 1386 2019 1440 nomi-

447 1489 607 1544 natae,
639 1496 736 1551 per
774 1480 879 1534 hoc
913 1480 1137 1533 omnino
1164 1480 1510 1536 conﬁteberis
1554 1495 1715 1534 omne
1754 1493 1954 1533 nomen
1989 1492 2018 1529 a

448 1573 612 1628 nobis
662 1573 829 1627 rebus
859 1588 981 1642 quae
1009 1581 1139 1627 sunt
1174 1571 1404 1626 inditum
1440 1587 1582 1635 esse,
1640 1587 1707 1625 ex
1753 1587 1819 1626 eo
1877 1568 2023 1639 quod

448 1680 559 1719 non
591 1664 791 1720 eaedem
822 1682 985 1721 voces
1014 1673 1068 1721 et
1099 1665 1490 1735 appellationes
1522 1679 1704 1719 rerum
1739 1662 1880 1732 apud
1910 1678 2027 1715 om-

447 1767 546 1807 nes
583 1754 993 1823 prrevaluerint.
1029 1753 1097 1809 Ut
1127 1755 1271 1809 enim
1302 1753 1527 1819 Paulus,
1559 1754 1651 1824 qui
1692 1754 1843 1823 ptius
1883 1750 2023 1807 Sau-

2132 563 2292 631 ἠμείς
2339 560 2396 614 δὲ
2437 560 2525 613 διὰ
2560 558 2669 611 τῶν
2714 556 2977 628 χωρητῶν
3020 557 3150 625 ἡμῖν
3197 554 3611 623 ὑποδειγμάτων
3645 551 3707 605 τὸ

2129 655 2325 707 οἰκεῖον
2348 651 2447 722 τῆς
2483 652 2697 721 φύσεως
2725 647 3144 711 ἀποδεικνύντες
3166 646 3495 716 ἀπόϐλητοις

2208 912 2366 965 Ἀλλά
2419 912 2641 981 Πέτρος,
2703 912 2856 982 φησὶ,
2891 912 2985 964 καὶ
3033 910 3242 973 Παῦλος
3293 909 3445 980 παρὰ
3484 908 3697 980 ἀνθρὼ-

2128 1020 2247 1056 πων
2267 1002 2787 1073 κατωνομάσθησαν,
2813 1003 2906 1055 καὶ
2930 1002 3017 1054 διὰ
3043 1000 3200 1053 τοῦτο
3222 1000 3315 1053 καὶ
3347 999 3711 1070 μετατεθῆναι

2127 1094 2226 1157 τὰς
2274 1094 2642 1165 προσηγορίας
2690 1095 2774 1146 ἐπ’
2814 1093 2991 1146 αὐτῶν
3038 1093 3261 1146 δυνατὸν
3304 1092 3516 1161 γέγονε.
3556 1092 3621 1144 Τί
3652 1092 3711 1145 δὲ

2126 1186 2233 1238 τῶν
2262 1186 2429 1239 ὄντων
2465 1186 2527 1238 οὐ
2562 1186 2709 1256 παρὰ
2737 1183 3039 1255 ἀνθρώπων
3082 1184 3429 1253 ὼνόμασταις
3461 1184 3529 1235 Σὲ
3564 1185 3706 1254 μάρ-

2123 1296 2262 1349 τυρα
2298 1277 2391 1330 τοῦ
2426 1276 2588 1346 λόγου
2620 1277 2981 1349 προσάγομαι.
3023 1277 3085 1329 El
3109 1276 3219 1346 γάρ
3254 1275 3352 1347 τὴν
3377 1275 3488 1328 τῶν
3515 1276 3707 1346 ὀνομά-

2122 1386 2232 1421 των
2284 1367 2569 1439 μετάθεσιν
2618 1369 2845 1437 σημεῖον
2904 1368 3028 1437 ποιῇ
3076 1366 3170 1419 τοῦ
3222 1364 3373 1434 παρὰ
3406 1364 3710 1435 ἀνθρώπων

2125 1458 2542 1529 κατωνομάσθαι
2599 1457 2669 1511 τά
2722 1458 3043 1529 πράγματα.
3109 1455 3349 1527 συνθήσῃ
3387 1455 3476 1509 διά
3516 1454 3710 1509 τούτου

2125 1550 2345 1614 πάντως
2379 1551 2486 1603 πᾶν
2518 1549 2687 1619 ὄνομα
2711 1547 2835 1618 παρ’
2896 1548 3044 1619 ἡμῶν
3082 1547 3353 1601 τεθεῖσθαι
3385 1550 3498 1611 τοίς
3520 1543 3707 1609 οὖσιν,

2124 1643 2188 1695 ὲκ
2212 1641 2307 1695 τοῦ
2346 1643 2419 1712 μὴ
2450 1642 2548 1704 τὰς
2592 1640 2760 1704 αὑτὰς
2785 1640 2892 1694 τῶν
2936 1641 3310 1711 ὑποκειμένων
3342 1640 3714 1711 προσηγορίας

2124 1731 2275 1805 παρὰ
2307 1733 2439 1785 πᾶσι
2469 1731 2891 1802 κεκρατηκέναι.
2932 1732 3019 1794 Ὠς
3052 1731 3161 1803 γὰρ
3196 1731 3426 1795 Παῦλος,
3458 1732 3487 1783 ὁ
3513 1731 3711 1801 πρότε-

448 1843 555 1908 ltts,
589 1851 643 1897 et
674 1843 870 1898 Petrus
914 1859 979 1898 ex
1013 1842 1259 1907 Simone,
1295 1843 1376 1897 sic
1414 1849 1561 1897 terra
1600 1850 1653 1896 et
1704 1841 1926 1902 caelum,
1973 1848 2027 1894 et

2134 1841 2222 1896 ρον
2251 1824 2471 1889 Σαῦλος,
2496 1824 2589 1877 καὶ
2616 1824 2821 1895 Πέτρος
2852 1825 2916 1875 ὲκ
2958 1823 3221 1893 Σίμωνος,
3252 1822 3395 1876 οὕτω
3428 1823 3498 1893 γῆ
3532 1838 3593 1875 τε
3619 1821 3713 1875 καὶ

449 1951 578 1999 aer,
613 1945 667 1991 et
706 1951 855 1990 mare
876 1976 890 1999 ,
918 1943 974 1990 et
1011 1950 1203 1989 omnes
1232 1943 1494 1989 creatura:
1526 1942 1707 2003 partes
1733 1949 1841 1986 non
1873 1930 2027 1986 simi-

446 2028 572 2083 liter
603 2029 743 2098 apud
773 2044 967 2084 omnes
992 2028 1284 2082 nominata:
1307 2036 1454 2081 sunt.
1494 2024 1599 2080 Sed
1623 2025 1781 2081 aliter
1806 2023 2024 2093 quidem

447 2120 590 2189 apud
628 2120 907 2183 Hebraeos,
951 2121 1114 2174 aliter
1144 2121 1288 2189 apud
1328 2135 1449 2182 nos,
1495 2128 1548 2174 et
1582 2118 1725 2188 apud
1779 2116 2026 2186 singulos

449 2211 828 2267 diﬁ'ereutibus
855 2212 1164 2267 nominibus
1190 2212 1553 2281 appellantur.
1587 2209 1643 2265 Si
1673 2210 1839 2280 igitur
1886 2209 2025 2263 vali-

450 2303 578 2356 dum
602 2312 689 2358 est
727 2302 975 2358 Eunnmii
1036 2312 1439 2375 argumentum,
1491 2302 1563 2357 ob
1613 2301 1667 2356 id
1696 2301 1916 2356 Petrum
1968 2308 2023 2355 et

447 2392 678 2448 Paulum
708 2395 789 2450 sic
830 2406 1015 2465 postea
1043 2406 1262 2451 vocatos
1297 2411 1418 2450 esse
1450 2395 1848 2465 priestrnentis,
1882 2394 2014 2464 quia

450 2484 521 2538 ab
545 2484 862 2539 hominibus
905 2484 1126 2538 nomina
1162 2492 1288 2538 sunt
1323 2483 1456 2553 ipsis
1497 2482 1792 2553 imposita;
1833 2487 2025 2534 noster

449 2590 681 2646 prorsus
708 2577 1007 2631 invalescet
1038 2591 1221 2629 sermo
1244 2591 1309 2629 ex
1339 2574 1612 2630 similibus
1647 2574 2024 2644 progrediens,

446 2668 543 2737 qui
590 2668 777 2722 omnia
804 2683 834 2720 a
870 2666 1029 2721 nobis
1061 2682 1184 2721 esse
1220 2666 1501 2719 nominata
1546 2665 1700 2729 dicit,
1736 2676 2025 2735 propterea

447 2757 597 2831 quod
646 2759 1046 2829 appellationes
1074 2758 1375 2812 secundum
1407 2757 1649 2827 gentium
1690 2756 2026 2810 ditlerentias

448 2852 669 2924 penitus
699 2852 1077 2905 immutentur.
1112 2849 1267 2915 Quod
1300 2851 1345 2902 si
1377 2849 1558 2903 omnia
1592 2849 1671 2903 sic
1694 2863 1753 2903 se
1800 2848 2023 2912 habent,

450 2959 629 3014 neque
680 2943 920 3013 genitum
973 2957 1200 3010 prorsus
1248 2957 1425 3011 neque
1460 2941 1760 3010 ingenitum
1813 2940 2023 2995 aliter:

450 3036 717 3106 siquidem
748 3036 862 3091 haec
891 3036 1055 3090 etiam
1102 3043 1231 3088 sunt
1256 3051 1320 3089 ex
1358 3034 1442 3087 bis
1486 3048 1609 3102 quae
1643 3031 2018 3086 nominantur.

451 3127 667 3183 Etenim
701 3144 820 3183 eam
867 3143 989 3199 qua:
1018 3126 1083 3181 de
1110 3127 1357 3195 subjecto
1387 3126 1543 3180 nobis
1584 3125 1891 3179 innascitur
1914 3140 2014 3177 no-

452 3223 685 3284 tionem,
706 3221 849 3275 sicut
875 3220 1118 3275 nominis
1144 3220 1371 3274 formam
1394 3227 1759 3282 assumentes,
1787 3218 2030 3287 aliquan-

452 3315 524 3369 do
549 3313 727 3370 verbis
768 3313 892 3369 aliis
932 3312 1076 3383 quod
1120 3319 1302 3366 mente
1350 3320 1678 3382 conceptum
1722 3318 1808 3365 est
1857 3326 2031 3365 enun-

452 3409 772 3469 tiamus,res
806 3422 911 3457 non
955 3406 1329 3468 immutantes,
1367 3403 1462 3458 sed
1491 3418 1655 3457 voces
1692 3402 1893 3471 quibus
1940 3417 2030 3457 res

453 3497 827 3551 nominamus.
862 3495 997 3549 Nam
1041 3511 1126 3551 res
1166 3505 1222 3549 ut
1246 3510 1433 3550 earum
1468 3494 1569 3550 fert
1608 3502 1801 3549 natura
1851 3495 1907 3548 in
1938 3510 2026 3549 se-

457 3587 595 3656 ipsis
642 3594 890 3651 manent,
948 3586 1258 3640 intellectus
1298 3593 1477 3639 autem
1532 3600 1619 3639 res
1668 3584 1818 3654 ipsas
1857 3584 2027 3638 attin-

456 3694 619 3748 gens,
657 3678 858 3747 quibus
889 3684 1066 3748 potest
1090 3677 1273 3731 verbis
1300 3692 1522 3731 sensum
1551 3691 1709 3729 suum
1744 3674 1940 3745 aperit.
1968 3673 2032 3727 Et

454 3769 912 3840 quemadmodum
956 3770 1100 3825 Petri
1144 3770 1383 3825 essentia
1429 3785 1552 3823 cum
1601 3770 1901 3822 mutatione
1932 3783 2031 3822 no-

454 3861 618 3917 minis
650 3877 759 3916 non
791 3869 1193 3916 commutatur:
1225 3860 1305 3915 sic
1337 3877 1511 3931 neque
1536 3860 1682 3913 aliud
1732 3860 2026 3929 quidquam

450 3969 642 4010 eorum
699 3970 821 4025 qua:
866 3954 1289 4010 considerantur
1332 3954 1387 4008 in
1434 3953 1715 4008 nominum
1760 3951 2028 4006 differenti

452 4049 719 4102 varietate
759 4055 1123 4118 permutatur.
1174 4046 1538 4113 Quamobrem
1581 4054 1636 4099 et
1675 4046 1893 4114 ingeniti
1936 4061 2031 4098 vo-

452 4154 571 4193 cem
608 4155 637 4192 a
669 4139 824 4194 nobis
868 4140 1092 4193 inditam
1128 4154 1250 4194 esse
1300 4137 1534 4192 dicimus
1590 4136 1761 4202 Patri,
1796 4152 1926 4190 vero
1976 4146 2031 4191 et

453 4233 632 4302 primo
661 4233 1046 4287 universorum
1082 4232 1317 4294 auctori,
1352 4232 1673 4300 nullumque
1706 4232 1760 4283 in
1795 4230 2029 4298 subjecti

456 4326 855 4397 signiﬁcatione
902 4325 1019 4381 lieri
1064 4326 1494 4389 detrimentum,
1550 4326 1593 4378 si
1633 4341 1695 4378 ex
1741 4325 1846 4377 alia
1897 4340 2033 4379 voce

406 4486 407 4489 η
456 4418 599 4472 idem
649 4433 1069 4489 cognoscamus.
1136 4416 1237 4471 Fas
1290 4418 1433 4472 enim
1504 4424 1587 4471 est
1637 4417 1753 4470 loco
1808 4417 2031 4485 ingenili

2130 1919 2377 1989 οὐρανὸς,
2433 1917 2526 1970 καὶ
2551 1917 2680 1987 ἀὴρ,
2724 1916 2818 1969 καὶ
2850 1916 3115 1978 θάλασσα,
3167 1917 3260 1969 καὶ¹
3292 1916 3470 1969 πάντα
3507 1916 3575 1970 τὰ
3613 1916 3710 1985 τῆς

2129 2012 2358 2072 κτίσεως
2394 2010 2556 2080 μέρη,
2581 2010 2677 2078 οὐχ
2712 2007 2913 2078 ὁμοίως
2960 2007 3113 2079 παρὰ
3146 2009 3310 2061 πᾶσιν
3355 2007 3665 2076 ὠνόμασται
3694 2023 3710 2037 ·

2127 2101 2241 2156 ἀλλ’
2267 2101 2468 2169 ἑτέρως
2502 2101 2598 2170 μὲν
2620 2100 2750 2169 παρ’
2780 2099 3069 2170 Ἑϐραίοις,
3088 2100 3291 2171 ἑτέρως
3309 2100 3366 2152 δὲ
3385 2102 3516 2169 παρ’
3546 2099 3704 2169 ἡμῖν,

2127 2193 2222 2247 καὶ
2248 2192 2377 2263 παρ’
2404 2192 2653 2254 ἑκάστοις
2684 2191 2790 2243 τῶν
2811 2190 2979 2244 ἐθνῶν
3008 2191 3281 2262 διαφόροις
3304 2193 3422 2253 ταῖς
3446 2206 3716 2261 προσηγο-

2130 2284 2274 2355 ρίαις
2325 2284 2772 2354 κατονομάζεται.
2800 2284 2859 2335 Εἰ
2889 2279 2982 2337 οὖν
3013 2283 3183 2353 ἰσχύει
3222 2282 3314 2335 τοῦ
3358 2282 3627 2352 Εὑνομίου
3656 2283 3714 2335 τὸ

2128 2375 2484 2447 ἐπιχείρημα,
2528 2374 2729 2445 Πέτρον
2774 2375 2868 2427 καὶ
2911 2374 3122 2430 Παῦλον
3160 2375 3249 2427 διὰ
3290 2374 3447 2429 τοῦτο
3478 2393 3711 2447 μετακε-

2127 2462 2355 2533 κλῆσθαι
2411 2464 2930 2528 κατασκευάζοντος,
2984 2465 3073 2518 διά
3114 2465 3173 2517 τὸ
3211 2465 3362 2537 παρὰ
3411 2465 3714 2537 ἀνθρώπων

2128 2554 2312 2617 αὐτοῖς
2357 2556 2457 2618 τὰς
2506 2556 2880 2626 προσηγορίας
2919 2555 3213 2621 τεθεῖσθαι,
3251 2556 3458 2627 ἰσχύσει
3492 2560 3714 2620 πάντως

2128 2648 2223 2699 καὶ
2252 2648 2280 2699 ὁ
2304 2647 2569 2719 ἡμέτερος
2622 2648 2777 2716 λόγος
2825 2651 2888 2701 ὲκ
2918 2650 3025 2701 τῶν
3067 2650 3269 2719 ὁμοίων
3316 2649 3659 2721 ὁρμώμενος,
3688 2654 3713 2704 ὁ

2128 2740 2303 2792 πάντα
2330 2742 2459 2812 παρ’
2496 2741 2651 2810 ἡμῶν
2682 2742 3099 2811 κατωνομάσθαι
3132 2742 3306 2810 λέγων
3336 2781 3352 2806 ,
3381 2742 3460 2813 τῷ
3494 2742 3711 2796 πάντων

2126 2831 2227 2895 τὰς
2262 2834 2628 2905 προσηγορίας
2659 2835 2799 2887 κατὰ
2814 2836 2912 2897 τὰς
2934 2833 3044 2888 τῶν
3074 2834 3244 2888 ἐθνῶν
3262 2835 3525 2906 διαφορὰς
3555 2836 3710 2907 ἐνηλ-

2130 2926 2346 2997 λάχθαι.
2403 2928 2463 2980 Εί
2509 2927 2670 2980 δὲτὰ
2706 2927 2885 2981 πάντα
2940 2926 3134 2991 οὕτως,
3188 2928 3309 2981 οὐδὲ
3361 2928 3422 2982 τὸ
3458 2932 3713 2999 γεννητὸν

2131 3020 2348 3083 πάντως
2401 3020 2495 3073 καὶ
2544 3020 2838 3090 ἀγέννητον
2891 3019 3085 3082 ἄλλως.
3124 3021 3233 3074 Καὶ
3267 3020 3376 3091 γὰρ
3422 3021 3517 3074 καὶ
3542 3022 3714 3075 ταῦτα

2130 3112 2237 3165 τῶν
2268 3111 2787 3183 μετονομαζομένων
2821 3111 2957 3165 ἐστί.
2980 3112 3052 3165 Τὸ
3079 3112 3189 3184 γὰρ
3213 3112 3560 3183 ἐγγινόμενον
3586 3116 3714 3184 ἡμῖν

2133 3204 2261 3274 περὶ
2312 3203 2406 3256 τοῦ
2463 3202 2824 3273 ὑποκειμένου
2878 3202 3077 3273 νόημα,
3133 3200 3208 3265 ὡς
3253 3201 3517 3272 ὀνόματος
3542 3201 3713 3255 τύπον

2136 3295 2655 3365 μεταλαμϐάνοντες.
2710 3295 2897 3349 ἄλλοτε
2929 3294 3107 3358 ἄλλοις
3169 3296 3376 3365 ῥήμασι
3416 3295 3476 3347 τὸ
3524 3295 3713 3365 νοηθὲν

2130 3386 2543 3457 ἐξαγγέλλομεν,
2585 3387 2706 3456 οὐχὶ
2758 3386 3175 3457 μεταποιοῦντες
3206 3387 3265 3440 τὸ
3292 3389 3541 3458 πρᾶγμα,
3581 3388 3714 3441 ἀλλὰ

2130 3480 2199 3533 τά
2231 3480 2448 3550 ῥήματα
2476 3479 2540 3531 δι’
2558 3471 2633 3531 ὧν
2659 3478 3017 3549 ὀνομάζομεν.
3048 3479 3129 3532 Τὰ
3160 3480 3258 3549 μὲν
3278 3479 3387 3551 γὰρ
3418 3479 3714 3551 πράγματα

2130 3571 2312 3635 καθὼς
2347 3571 2412 3625 ἂν
2441 3571 2552 3640 ἔχοι
2581 3571 2793 3640 φύσεως
2824 3574 2906 3640 ἐφ’
2937 3571 3146 3624 ἑαυτῶν
3171 3571 3341 3641 μένειο
3372 3574 3405 3641 ὴ
3426 3571 3482 3624 δὲ
3509 3572 3713 3626 διάνοια

2130 3665 2238 3717 τῶν
2266 3664 2433 3716 ὄντων
2466 3664 2768 3733 ἁπτομένη,
2802 3662 2869 3716 δι’
2907 3656 2982 3715 ὧν
3013 3662 3079 3715 ἂν
3106 3663 3329 3731 γένηται
3354 3663 3578 3717 δυνατὸν
3614 3664 3711 3735 ρη-

2135 3756 2340 3827 μάτων,
2366 3754 2735 3809 ἀνακαλύπτει
2758 3754 2818 3807 τὸ
2839 3754 3035 3825 νόημα.
3069 3754 3179 3807 Καὶ
3204 3753 3392 3827 ῶσπερ
3422 3754 3482 3808 ού
3510 3772 3716 3825 συμμε-

2129 3847 2363 3918 τεϐλήθη
2392 3850 2456 3918 τῇ
2493 3846 2762 3918 μεταϐολῇ
2797 3845 2891 3899 τοῦ
2921 3847 3181 3915 ὀνόματος
3223 3848 3255 3917 ἡ
3302 3846 3459 3899 οὐσία
3486 3845 3582 3899 τοῦ
3609 3846 3714 3899 Πέο

2130 3959 2258 4012 τρου
2280 3958 2293 3972 ο
2318 3940 2489 4004 οὕτως
2510 3940 2629 3993 οὐδὲ
2648 3939 2775 3993 ἄλλο
2798 3957 2851 3993 τι
2878 3940 2986 3992 τῶν
3018 3939 3412 4011 θεωρουμένων
3437 3941 3496 3993 ὲν
3513 3942 3581 4011 τῇ
3607 3939 3714 3993 τῶν

2130 4033 2407 4103 ὀνομάτων
2454 4032 2731 4101 ἐπαλλαγῇ
2787 4031 3199 4101 μεταϐάλλεται.
3249 4031 3340 4083 Διὸ
3378 4032 3469 4084 καὶ
3482 4031 3589 4102 τὴν
3620 4032 3713 4085 τοῦ

2132 4126 2468 4197 ἀγεννήτων
2492 4125 2673 4217 φερνὴν
2698 4126 2828 4193 παρ’
2848 4122 3006 4193 ήμῶν
3033 4123 3398 4178 ἐπιτεθεῖσθαί
3433 4141 3613 4195 φαμεν
3637 4124 3714 4195 τῷ

2133 4217 2369 4287 ἀληθινῷ
2394 4219 2488 4270 καὶ
2522 4213 2720 4287 ἐτρὼτῳ
2744 4216 2916 4285 Πατρὶ
2942 4214 3021 4284 τῷ
3068 4213 3165 4266 τοῦ
3195 4215 3392 4277 παντὸς
3418 4214 3599 4285 αἰτίῳ,
3623 4219 3713 4269 καὶ

2140 4310 2408 4382 μηδεμίαν
2452 4312 2509 4363 ἐν
2536 4312 2599 4379 τῇ
2656 4307 2899 4378 σημασίᾳ
2946 4306 3038 4359 τοῦ
3075 4308 3435 4377 ὑποκειμένου
3467 4307 3712 4374 γίνεσθαι

2137 4402 2361 4473 βλάϐην,
2406 4403 2454 4453 εί
2494 4400 2551 4465 ἐξ
2609 4400 2804 4471 ἐτέρας
2847 4400 3029 4469 φωνῆς
3078 4400 3141 4452 τὸ
3162 4394 3281 4453 ἴσον
3322 4400 3710 4470 γνωρίσαιμεν.

458 4511 696 4579 primum
756 4510 933 4580 ipsum
980 4520 1258 4563 auctorem
1317 4509 1627 4579 appellare;
1683 4511 1763 4563 vel
1811 4507 2029 4563 Patrem

2139 4495 2356 4559 Ἔξεστι
2384 4492 2492 4563 γάρ
2508 4492 2628 4544 ἀντὶ⁴
2654 4490 2745 4544 τοῦ
2769 4493 2941 4545 εἰπεῖν
2964 4491 3276 4559 ἀγέννητον,
3312 4490 3523 4561 πρῶτον
3546 4492 3713 4544 αἴτιον

461 4602 762 4672 Unigeuiti,
804 4605 887 4658 vel
917 4620 1041 4657 eum
1083 4604 1176 4673 qui
1228 4603 1374 4656 nulla
1427 4618 1491 4656 ex
1530 4617 1698 4656 causa
1752 4601 2027 4663 subsistit,

459 4695 739 4761 multaque
773 4695 878 4748 alia
936 4710 1055 4763 quas
1086 4695 1151 4747 ad
1186 4693 1430 4749 eamdem
1467 4694 1874 4763 intelligentiam
1914 4707 2031 4762 per-

462 4787 659 4841 tinent.
705 4785 1052 4856 Quapropter
1089 4801 1182 4855 per
1225 4788 1442 4840 eosdem
1500 4800 1782 4840 sermones
1834 4784 2037 4853 quibus

460 4878 906 4947 adversum‘nos
960 4880 1360 4933 accusationem
1413 4877 1672 4941 instituit,
1750 4876 2040 4931 conﬁrmat

463 4982 654 5026 noSIra
704 4972 980 5041 dogmata,
1024 4987 1146 5025 cum
1190 4970 1343 5033 dicit,
1385 4986 1490 5024 non
1547 4968 1808 5023 didicisse
1840 4983 2038 5022 nomen

464 5062 610 5131 quod
649 5061 719 5113 sit
757 5061 957 5114 divinae
990 5071 1199 5114 naturae
1250 5060 1695 5129 signiﬁcativum.
1750 5057 1855 5112 Sed
1893 5056 2038 5127 quod

465 5154 683 5223 quidem
718 5154 833 5221 ipsa
881 5153 955 5208 sit
991 5153 1170 5207 edocti
1217 5168 1447 5218 sumus;
1508 5152 1617 5205 vim
1682 5159 1863 5205 autem
1923 5151 2040 5206 sive

467 5244 765 5315 potentiam
804 5245 926 5299 talis
967 5244 1369 5315 appellationis.
1402 5260 1508 5313 qua
1543 5242 1834 5299 ineﬁ'abilis
1863 5250 1916 5296 et
1952 5243 2040 5295 in-

469 5334 690 5389 deﬁnita
726 5344 923 5388 natura
954 5334 1458 5403 comprehenditur,
1506 5334 1589 5388 vel
1622 5349 1726 5387 non
1759 5349 1884 5388 esse
1923 5349 2043 5387 om-

473 5429 599 5479 nino
633 5427 954 5491 asserimus,
999 5427 1081 5479 vel
1110 5427 1268 5495 plane
1309 5427 1467 5481 nobis
1515 5441 1639 5480 esse
1686 5427 2041 5495 incognitam.

471 5522 651 5581 Quare
682 5518 979 5572 familiares
1023 5517 1127 5570 sibi
1161 5532 1334 5586 nugas
1364 5528 1415 5571 et
1456 5518 1667 5571 fabulas
1716 5517 2044 5585 praetermit-

470 5616 616 5668 tens.
645 5616 900 5665 ostendat
949 5608 1345 5678 signiﬁcativas
1392 5610 1757 5666 essentiarum
1808 5611 2047 5678 appella-

474 5701 653 5755 tiones
698 5711 751 5755 et
805 5717 899 5771 per
935 5702 1213 5757 nominum
1257 5703 1683 5773 discrepantiam
1732 5702 2044 5772 subjectum

473 5809 692 5864 quoque
720 5794 928 5849 dividat
954 5809 1017 5849 ac
1040 5794 1277 5851 divellat.
1310 5795 1414 5853 Sed
1448 5811 1733 5866 quousque
1773 5810 1936 5850 verus
1961 5800 2044 5849 cst

2138 4583 2298 4638 αὐτὸν
2331 4585 2644 4653 προσειπεῖν
2669 4596 2684 4611 ⁸
2732 4581 2765 4652 ἢ
2818 4581 3036 4651 Πατέρα
3068 4580 3160 4634 τοῦ
3196 4581 3547 4649 Μονογενοῦς,
3582 4583 3615 4653 ῆ
3649 4585 3712 4635 ἑκ

2140 4675 2405 4746 μηδεμιᾶς
2432 4673 2607 4736 αἰτίας
2642 4673 3001 4744 ύφεστηκότα,
3034 4672 3129 4725 καὶ
3157 4672 3327 4726 πολλὰ
3351 4673 3574 4728 τοιαῦτα
3614 4676 3713 4728 ὅσα

2139 4767 2271 4839 πρὸς
2295 4767 2394 4835 τὴν
2431 4766 2598 4838 αὐτὴν
2620 4765 2855 4819 διάνοιαν
2887 4764 3063 4836 φέρει.
3101 4764 3261 4817 Ὥστε
3296 4765 3391 4819 καὶ
3419 4764 3485 4817 δι’
3518 4758 3592 4819 ὧν
3621 4767 3712 4833 ὲγ-

2139 4861 2290 4915 καλεί
2312 4860 2505 4929 λόγων,
2523 4858 2776 4930 κρατύνει
2800 4859 2867 4912 τὰ
2893 4858 3134 4929 ἡμέτερα
3154 4857 3397 4927 δόγματα
3410 4874 3426 4889 ·
3445 4859 3525 4911 ὅτι
3545 4858 3710 4927 ὃνομα

2138 4950 2239 5021 τῆς
2273 4950 2420 5012 θείας
2449 4949 2661 5016 φύσεως
2700 4948 3032 5019 σημαντικὸν
3067 4948 3167 5001 οὐκ
3221 4948 3513 5018 ἐμάθομεν.
3555 4947 3709 5000 Ἀλλά

2140 5044 2202 5096 τὸ
2257 5044 2353 5115 μὲν
2403 5040 2540 5096 εἶναι
2570 5042 2739 5111 αὐτὴν
2778 5041 3152 5111 ἐδιδάχθημεν,
3188 5040 3415 5110 δύναμιν
3456 5040 3513 5093 δὲ
3545 5056 3707 5110 προσ-

2141 5138 2370 5208 ηγορίας
2400 5136 2654 5206 τοιαύτης
2687 5136 2754 5188 δι’
2799 5129 2867 5206 ἧς
2911 5133 3448 5205 ὲμπεριλαμϐάνεται
3490 5132 3711 5203 ήάφραο

2144 5232 2267 5295 στός
2314 5248 2373 5284 τε
2416 5232 2507 5283 καὶ
2538 5231 2784 5301 ἀόριστος
2832 5227 3012 5297 φύσις,
3049 5226 3081 5297 ἢ
3125 5229 3223 5279 οὐκ
3260 5222 3397 5279 εἶναι
3436 5224 3555 5279 καθ’
3593 5224 3707 5277 ὅλου

2145 5321 2391 5393 φαμὲν,ἢ
2418 5321 2631 5381 πάντως
2666 5322 2795 5390 ἡμῖν
2834 5320 3110 5386 ἄγνωστον
3144 5313 3302 5369 εἶναι.
3330 5316 3493 5369 ’Ὥστε
3520 5313 3709 5383 παρεὶς

2144 5418 2243 5487 τὴν
2282 5413 2482 5484 συνήθη
2528 5411 2871 5480 μυθολογίαν,
2930 5407 3190 5461 δεικνύτω
3242 5407 3341 5468 τὰς
3378 5402 3707 5474 σημαντικὰς

2147 5507 2253 5560 τῶν
2286 5503 2480 5557 οὐσιῶν
2514 5502 2902 5577 προσηγορίας,
2934 5501 3028 5552 καὶ¹
3055 5498 3130 5569 τῷ
3152 5497 3587 5569 παρηλλαγμένῳ
3606 5492 3707 5545 τῶν

2148 5598 2424 5669 ὀνομάτων
2458 5592 2872 5661 συνδιασχιζέτω
2901 5592 2963 5644 τὸ
2991 5591 3368 5661 ὑποκείμενον.
3413 5589 3556 5650 Ἕως
3580 5586 3621 5637 δ’
3645 5583 3706 5636 ἂν

2149 5695 2176 5744 ὁ
2194 5692 2288 5761 τῆς
2304 5688 2521 5759 Γραφῆς
2536 5683 2784 5756 ἀληθεύει
2800 5685 2978 5752 λόγος,
2996 5685 3076 5737 ὅτι
3108 5683 3354 5755 Ἀϐραὰμ
3375 5682 3469 5733 καὶ
3513 5677 3702 5743 Μωσῆς

2148 5787 2247 5841 οὐκ
2275 5782 2557 5855 ἐχώρησαν
2582 5782 2678 5835 τὶν
2707 5778 2796 5833 τού
2824 5778 3083 5849 ὀνόματος
3103 5775 3333 5845 γνῶσιν·
3364 5774 3455 5827 καὶ
3484 5773 3561 5825 ὅτι
3582 5767 3704 5821 θεὸν
