3922 6514
322 329 419 386 761

1416 328 1693 387 CONTRA
1731 326 2123 397 EUNOMIUM,
2161 327 2290 384 LIB.
2332 326 2447 385 Vll.
3469 333 3573 391 762

319 444 494 510 οὐδεὶς
522 444 734 516 ἑώρακε
768 444 1009 509 πώποτε,
1033 442 1128 497 καὶ
1148 438 1285 496 εἶδεν
1305 442 1469 497 αὑτὸν
1489 442 1790 515 ἀνθρώπων
1815 442 1894 496 ού-

2001 439 2300 512 Scripturz
2341 456 2522 499 sermo
2557 441 2653 512 qui
2686 439 2843 506 dicit,
2877 439 3021 511 quod
3051 441 3327 498 Abraham
3358 451 3414 498 et
3458 442 3571 497 Mo-

318 538 451 603 δεὶς,
477 536 601 591 οὔτε
659 538 785 591 ίδεῖν
832 537 1052 592 δύναται
1069 556 1084 570 ο
1117 538 1212 591 καὶ
1250 536 1333 590 ὅτι
1356 535 1420 589 τὸ
1448 536 1576 607 περὶ
1599 534 1760 588 αὐτὸν
1788 533 1904 605 φῶς

323 631 637 701 ἀπρόσιτον,
685 630 777 683 καὶ
817 631 917 700 τῆς
980 627 1369 700 μεγαλωσύνης
1400 626 1565 680 αὑτοῦ
1604 626 1776 696 πέρας
1803 627 1904 679 οὑκ

321 724 486 786 ἔστιν,
518 723 622 787 ἓως
653 722 719 777 ἂν
740 722 913 777 ταῦτα
937 719 1479 793 λαλῆταιπαρ⁹ήμῶν
1511 720 1606 773 καὶ
1640 716 1902 788 πιστεύη-

318 830 430 867 ται.
480 813 605 878 Πῶς
661 815 819 884 λόγος
856 817 886 868 ὁ
905 832 970 867 πε
981 814 1195 884 ρίληψίν
1218 829 1338 866 τινα
1365 811 1460 865 καὶ
1488 808 1783 881 ἑρμηνείαν
1804 810 1902 880 τῆς

320 905 573 976 ἀορίστου
597 906 809 975 φύσεως
828 907 915 961 διὰ
940 907 1039 977 τῆς
1058 905 1418 977 ὁνομαστικῆς
1435 903 1706 973 σημασίας
1730 903 1899 972 ἑπαγ-

319 996 662 1067 γελλόμενος,
699 999 882 1068 ὅμοιός
938 1002 1055 1052 ἑστι
1102 996 1181 1068 τῷ
1206 996 1295 1049 διὰ
1331 996 1431 1066 τῆς
1475 994 1609 1056 ιδίας
1642 990 1900 1062 παλάμης

319 1089 501 1141 πᾶσαν
534 1090 1024 1161 ἑκπεριλαμϐάνειν
1045 1090 1275 1162 οἰομένῳ
1293 1088 1391 1161 τὴν
1410 1087 1684 1141 θάλασσαν
1707 1104 1722 1153 ;
1742 1086 1770 1139 ὃ
1788 1087 1897 1157 γάρ

320 1180 436 1233 ἑστι
468 1182 648 1250 χειρὸς
696 1182 896 1253 κοτύλη
949 1182 1084 1254 πρὸς
1123 1182 1354 1249 πέλαγος
1399 1180 1537 1242 ὅλον,
1567 1178 1725 1232 τοῦτο
1748 1179 1895 1231 πᾶσα

316 1271 549 1342 δύναμις
579 1273 753 1342 λόγων
800 1275 935 1347 πρὸς
966 1275 1065 1347 τὴν
1098 1274 1375 1344 ἄφραστον
1407 1273 1502 1325 καὶ
1526 1270 1895 1341 ἀπερίληπτον

317 1378 498 1429 φυσιν.

2000 548 2091 589 ses
2125 548 2237 588 non
2276 534 2517 589 nominis
2568 533 2878 588 habuerunt
2911 534 3298 605 cognitionem,
3348 542 3402 590 et
3423 539 3567 606 quod

2000 625 2167 680 Deum
2199 641 2360 681 nemo
2396 626 2529 683 vidit
2555 643 2798 698 unquam
2834 628 2875 659 "
2902 668 2917 694 ,
2951 636 3006 682 et
3034 628 3185 683 novit
3212 629 3392 698 ipsum
3438 628 3570 683 nul-

1998 715 2086 771 lus
2122 716 2425 780 hominum,
2448 731 2625 786 neque
2655 715 2839 771 videre
2868 725 3047 786 potest
3074 718 3117 750 “
3145 737 3161 773 :
3190 718 3446 789 quodque
3459 719 3569 774 cir-

1998 823 2124 864 cum
2170 808 2348 877 ipsum
2400 808 2489 863 lux
2529 808 2931 864 inaccessibilis
2976 817 3032 863 et
3086 810 3387 879 majestatis
3445 810 3569 879 ejus

2000 898 2416 969 comprehensio
2465 913 2573 954 non
2604 909 2710 962 est,
2756 898 3002 971 quandiu
3045 897 3160 953 haec
3218 900 3570 969 proferuntur

1999 1007 2030 1047 a
2088 992 2251 1047 nubis
2301 1000 2467 1061 atque
2526 992 2844 1047 creduntur.
2901 991 3186 1057 Quomodo
3233 1005 3412 1045 sermo
3474 990 3567 1061 qui

1998 1085 2234 1156 aliquam
2265 1084 2334 1140 de
2363 1085 2578 1140 inﬁnita
2618 1093 2816 1139 natura
2848 1100 2945 1154 per
2985 1083 3224 1138 nominis
3254 1082 3570 1154 signiﬁcan-

1997 1176 2150 1241 tiatu,
2184 1173 2731 1245 comprehensionem
2781 1182 2835 1231 et
2864 1173 3366 1244 interpretationem
3412 1173 3571 1244 polli-

1986 1280 2175 1333 cetur,
2206 1268 2399 1325 similis
2420 1278 2505 1324 est
2537 1267 2589 1323 ei
2618 1268 2710 1339 qui
2744 1268 2967 1339 pr0pria
2998 1282 3162 1322 manu
3212 1281 3374 1321 omne
3413 1257 3605 1335 putati

2000 1359 2287 1430 complecti
2313 1362 2493 1415 mare?
2554 1359 2702 1431 quod
2745 1360 2888 1415 enim
2936 1369 3019 1414 est
3076 1374 3271 1430 manus
3316 1359 3438 1414 vola
3499 1356 3568 1412 ad

314 1453 493 1509 totum
518 1457 765 1528 pelagus,
806 1458 911 1514 hoc
953 1460 1134 1515 omnis
1191 1456 1464 1514 sermonis
1495 1456 1579 1512 vis
1624 1454 1742 1511 sive
1796 1453 2035 1524 potentia
2105 1452 2173 1507 ad
2240 1451 2569 1506 ineffabilem
2631 1458 2687 1507 et
2755 1450 3358 1522 iucomprehensibilem
3409 1460 3571 1506 natu-

316 1563 436 1603 ram
445 1587 460 1601 .

388 1640 575 1696 Ταῦτα
594 1640 653 1695 δέ
680 1656 882 1711 φαμεν,
925 1638 1023 1709 οὐχ
1046 1638 1120 1702 ὡς
1151 1638 1474 1710 ἀρνούμενοι
1498 1637 1559 1690 τὸ
1585 1635 1896 1706 άγεννὴτως

316 1732 457 1790 εἶναι
483 1734 575 1788 τὸν
606 1733 847 1804 Πατέρα,
882 1732 990 1785 οὐδ’
1019 1732 1095 1795 ὡς
1118 1730 1193 1803 μὴ
1222 1729 1590 1801 συντιθέμενοι
1610 1727 1687 1799 τῷ
1703 1743 1896 1796 γεννη-

2077 1625 2200 1681 llaec
2221 1641 2355 1681 vero
2385 1625 2642 1692 dicimus,
2682 1641 2793 1680 non
2839 1627 2983 1697 quod
3019 1628 3324 1686 inliciemur
3355 1631 3567 1689 Patrem

2007 1717 2170 1773 modo
2228 1718 2472 1788 ingenito
2520 1733 2678 1785 esse;
2720 1734 2895 1789 neque
2940 1729 3000 1774 ut
3051 1736 3162 1776 non
3205 1726 3570 1781 assentiamur

314 1827 409 1881 τὸν
438 1823 575 1881 εἶναι
601 1825 693 1879 τὸν
721 1800 999 1893 Μονογενῆ
1025 1800 1191 1877 Θεόν.
1219 1821 1377 1876 Ἀλλὰ
1399 1800 1490 1875 καὶ
1532 1814 1684 1883 οὗτος
1705 1817 1894 1888 γεγέν-

2005 1807 2353 1880 Unigeuitum
2383 1808 2571 1877 Deum,
2610 1811 2849 1880 genitum
2878 1826 3017 1866 esse.
3063 1810 3170 1868 Sed
3194 1824 3247 1868 et
3277 1815 3365 1869 hic
3405 1817 3559 1887 geni-

317 1935 497 1988 νηται,
530 1918 779 1979 κάκεῖνος
820 1916 881 1969 οὑ
908 1915 1252 1985 γεγέννηται.
1278 1915 1344 1967 Τί
1365 1914 1422 1967 δὲ
1450 1912 1592 1967 κατὰ
1611 1911 1709 1983 τὴν
1735 1910 1895 1981 φύσιν

316 2011 465 2063 ἐστὶν
494 2013 524 2064 ό
541 2010 664 2080 δίχα
693 2009 1002 2078 γεννήσεως
1021 2006 1095 2060 ὢν
1117 2007 1211 2060 καὶ
1226 2004 1583 2077 γεγεννῆσθαι
1607 2021 1897 2058 πεπιστευ-

318 2101 503 2170 μένος,
536 2103 599 2153 ἑκ
616 2100 719 2170 τῆς
746 2098 841 2152 τοῦ
874 2097 1202 2169 γεννηθῆναι
1230 2099 1325 2151 καὶ
1360 2096 1435 2169 μὴ
1460 2096 1783 2168 γεννηθῆναι
1802 2112 1897 2166 ση-

318 2192 521 2262 μασίας
575 2192 676 2244 οὑκ
724 2189 1098 2260 ἐδιδάχθημεν.
1136 2190 1396 2253 Είπόντες
1432 2189 1539 2260 γὰρ
1569 2190 1651 2242 ὅτι
1681 2182 1834 2251 οὗτος
1860 2187 1895 2257 ἢ

313 2283 661 2353 γεγέννηται,
680 2282 714 2352 ἢ
742 2282 801 2334 οὑ
825 2282 1164 2351 γεγέννηται,
1192 2280 1386 2351 διπλῆν
1412 2279 1783 2351 ἑντυπούμεθα
1808 2279 1897 2332 διὰ

312 2375 425 2427 τῶν
454 2374 758 2445 εἰρημένων
788 2374 1025 2427 διάνοιαν
1048 2388 1062 2403 ·
1098 2372 1176 2443 τῷ
1211 2374 1309 2443 μὲν
1336 2372 1593 2443 δεικτικῷ
1620 2372 1713 2426 τοῦ
1737 2372 1896 2441 λόγου

301 2464 453 2535 ’πρὸς
476 2465 537 2518 τὸ
563 2464 918 2535 ὑποκείμενον
954 2462 1263 2534 βλέποντες,
1286 2462 1367 2535 τῷ
1404 2464 1462 2517 δὲ
1498 2462 1894 2534 Γεγέννηται,ῆ

314 2557 393 2610 υὺ
425 2555 768 2627 γεγέννηται,
806 2555 865 2608 τὸ
905 2554 984 2626 τῷ
1016 2555 1361 2625 ὑποκειμένῳ
1390 2554 1897 2626 προσθεωρούμενον

311 2646 697 2717 διδασκόμεθα.
742 2646 829 2710 Ὠς
877 2646 1007 2700 ἄλλο
1055 2646 1153 2716 μέν
1182 2662 1235 2698 τι
1267 2646 1395 2715 περὶ
1424 2643 1517 2697 τοῦ
1549 2643 1701 2708 ὄντος
1735 2646 1895 2710 νοεῖν,

313 2738 446 2793 ἄλλο
473 2739 531 2791 δέ
577 2755 631 2792 τι
662 2738 791 2809 περὶ
828 2737 922 2792 τοῦ
958 2737 1424 2808 ἑπιθεωρουμένου
1460 2736 1539 2808 τῷ
1561 2736 1694 2790 ὄντι.
1739 2736 1897 2792 Ἀλλὰ

314 2833 412 2885 καὶ
432 2830 592 2886 παντὶ
618 2831 842 2902 ὀνόματι
865 2830 943 2902 τῷ
967 2832 1095 2901 περὶ
1116 2831 1214 2900 τὴν
1242 2830 1393 2884 θείαν
1414 2829 1687 2901 λεγομένῳ
1714 2830 1895 2900 φύσιν,

316 2924 380 2979 τὸ
414 2924 547 2978 ἐστι
574 2924 792 2987 πάντως
823 2923 1275 2988 συνυπακούεται,
1305 2918 1416 2977 οἷον
1438 2923 1662 2988 δίκαιος,
1684 2923 1895 2994 ἄφθαρ-

314 3032 429 3079 τος,
463 3015 727 3078 ἀθάνατός
747 3032 809 3068 τε
842 3015 937 3069 καὶ
964 3015 1279 3085 ἀγέννητος,
1323 3016 1417 3069 καὶ
1439 3015 1490 3067 εί
1514 3032 1569 3069 τι
1595 3014 1782 3088 ἓτερον
1803 3016 1895 3069 λέ·-

316 3124 497 3176 γεται,
529 3106 632 3160 κᾶν
663 3106 737 3178 μὴ
784 3109 852 3177 τῇ
910 3110 1058 3179 φωνῇ
1120 3107 1619 3179 συμπαρομαρτῶν
1650 3106 1788 3180 τύχῃ
1836 3107 1897 3162 τὸ

320 3199 474 3269 ῥῆμα
503 3198 677 3251 τοῦτο.
719 3198 855 3251 Ἀλλ’
888 3199 921 3268 ἡ
945 3199 1152 3252 διάνοια
1169 3198 1386 3263 πάντως
1406 3197 1498 3251 τοῦ
1528 3198 1896 3269 φθεγγομένου

317 3292 413 3345 καὶ
444 3287 540 3343 τοῦ
564 3289 873 3354 ἀκούοντος,
897 3290 973 3360 τῷ
996 3289 1129 3343 ἔστι
1163 3288 1593 3361 προσαπαρτίζει
1625 3289 1688 3342 τὸ
1706 3290 1896 3360 ὄνομα,

317 3380 398 3445 ὡς
417 3384 465 3434 εί
493 3382 568 3451 μὴ
603 3379 760 3435 τοῦτο
788 3380 1129 3451 προσκέοιτο,
1153 3381 1295 3434 κατὰ
1322 3379 1480 3433 κενοῦ
1505 3379 1603 3451 τὴν
1628 3397 1900 3451 προσηγο-

320 3473 445 3545 ρίαν
467 3474 705 3525 πίπτεινο
744 3466 850 3527 οἷον
874 3472 1253 3544 (κρεῖττονγὰρ
1272 3473 1329 3525 ἑν
1350 3471 1705 3540 ὑποδείγματι
1723 3489 1900 3543 παρα-

322 3565 517 3634 στῆσαι
556 3561 648 3614 τὸν
687 3561 887 3631 λόγον),
910 3561 1151 3624 εἰπόντος
1180 3560 1272 3614 τοῦ
1312 3559 1475 3614 Δαὸὶδ
1498 3600 1514 3626 ,
1543 3561 1625 3613 ὅτι
1663 3562 1724 3613 '0
1754 3562 1897 3627 Θεὸς

319 3651 527 3719 κριτὴς
556 3651 784 3717 δίκαιος
804 3655 900 3705 καὶ
925 3651 1285 3721 ἰσχυρὸς-καὶ
1304 3651 1715 3721 μακρόθυμοςο
1745 3652 1795 3703 εί
1822 3649 1896 3722 μὴ

322 3741 749 3795 συνυπακούοιτο
774 3742 881 3795 τῶν
909 3741 1356 3811 κατειλημμένων
1385 3740 1663 3812 ὀνομάτων
1682 3740 1896 3813 ἑκάστῳ

318 3833 382 3885 τὸ
414 3832 571 3896 ἐστὶ,
631 3833 835 3903 ματαία
881 3832 1008 3898 δόξα
1034 3835 1127 3886 καὶ
1155 3833 1522 3896 ἀνυπόστατος
1544 3835 1579 3904 ἡ
1607 3834 1715 3887 τῶν
1736 3851 1897 3906 προσ-

316 3926 560 3997 ηγοριῶν
593 3924 991 3997 ἁπαρίθμησις,
1037 3923 1173 3996 πρὸς
1204 3924 1356 3977 οὐδὲν
1382 3925 1735 3996 ὑποκείμενον
1754 3929 1894 3997 ἐρει-

316 4019 516 4090 δομένη
541 4036 555 4049 ·
596 4004 1195 4089 συνυπακουομένου’δὲ
1234 4015 1328 4069 τοῦ
1357 4016 1529 4071 ἐστίν
1551 4018 1765 4090 ἑκάστῳ
1785 4018 1894 4073 τῶν

317 4110 620 4181 ὀνομάτων,
678 4109 883 4180 ἰσχύσει
917 4108 1133 4172 πάντως
1163 4107 1231 4161 τὰ
1282 4108 1545 4179 εἰρημένα
1592 4111 1720 4181 περὶ
1751 4110 1811 4162 τὸ
1834 4110 1894 4164 ὃν

318 4200 692 4271 θεωρούμενα.
724 4200 932 4271 Ὥσπερ
959 4198 1135 4253 τοίνυν
1162 4198 1406 4261 εἰπόντες
1430 4200 1511 4252 ὅτι
1538 4205 1731 4271 κριτής
1755 4202 1890 4267 ἑστι,

314 4292 405 4346 διὰ
466 4291 563 4362 μὲν
616 4292 714 4362 τῆς
768 4292 1019 4363 κρίσεως,
1063 4292 1343 4363 ἑνέργειάν
1394 4308 1517 4345 τινα
1548 4293 1676 4363 περὶ
1733 4293 1892 4346 αὑτὸν

317 4384 643 4453 ἑνοήσειμεν⁹
694 4382 782 4435 διὰ
838 4382 895 4436 δὲ
939 4381 1033 4435 τοῦ
1088 4383 1219 4436 ἐστὶ
1283 4381 1361 4453 τῷ
1423 4382 1763 4454 ὑποκειμένῳ
1802 4386 1892 4438 τὸν

2001 1909 2090 1957 tus
2118 1910 2202 1956 est
2230 1907 2285 1955 et
2313 1900 2405 1955 ille
2448 1915 2557 1955 non
2587 1901 2824 1970 genitus.
2858 1900 3000 1968 Quid
3046 1912 3225 1960 autem
3270 1908 3570 1963 secundum

2001 2002 2251 2047 naturam
2278 1999 2364 2047 est
2392 1991 2539 2063 quod
2577 1993 2697 2048 sine
2727 1994 3081 2062 generatione
3101 2003 3155 2051 et
3174 1998 3415 2068 genitutn
3449 2014 3574 2055 esse

2002 2083 2263 2149 creditur,
2293 2098 2357 2138 ex
2390 2082 2789 2153 signiﬁcatione
2813 2085 2982 2155 geniti
3012 2094 3065 2141 et
3096 2103 3206 2142 non
3241 2090 3408 2159 geniti
3456 2105 3567 2146 non

2002 2191 2197 2232 sumus
2226 2175 2427 2229 edocti.
2462 2175 2597 2229 Cum
2638 2176 2782 2230 enim
2811 2177 3064 2244 dicimus,
3093 2178 3181 2233 hic
3218 2181 3301 2236 vel
3357 2182 3573 2252 genitus

2001 2274 2107 2332 est,
2141 2267 2226 2323 vel
2258 2282 2365 2321 non
2399 2275 2484 2323 est
2512 2267 2751 2338 genitus.
2788 2268 3059 2341 duplicem
3092 2272 3452 2331 informamus
3477 2291 3573 2346 per

2003 2359 2121 2414 baac
2172 2359 2318 2413 dicta
2364 2358 2820 2429 intelligentiam:
2867 2361 3300 2419 demonstrativo
3352 2366 3574 2435 quidem

2002 2451 2350 2522 pronomine,
2383 2450 2449 2504 ad
2485 2451 2792 2520 subjectum
2816 2454 3195 2524 reSpicientes.
3228 2457 3396 2512 verbo
3428 2450 3575 2512 vero

2002 2544 2222 2615 genitus
2244 2550 2349 2605 est,
2377 2542 2461 2598 vel
2492 2557 2600 2597 nou
2617 2543 2835 2614 genitus
2862 2554 2967 2611 est,
2997 2545 3048 2600 id
3082 2547 3224 2616 quod
3250 2548 3304 2602 in
3326 2547 3576 2619 subjecto

2004 2634 2392 2691 consideratur
2422 2632 2707 2689 docemur.
2742 2637 2819 2690 lta
2859 2645 2918 2690 ut
2972 2638 3105 2708 quid
3156 2639 3303 2694 aliud
3353 2641 3572 2712 quidem

2002 2727 2070 2782 de
2098 2743 2165 2782 eo
2188 2726 2335 2798 quod
2369 2734 2453 2780 est
2476 2726 2863 2797 intelligamus,
2891 2728 3038 2783 aliud
3068 2744 3196 2784 vero
3224 2728 3293 2785 de
3332 2745 3399 2785 eo
3427 2731 3574 2802 quod

2001 2817 2402 2882 consideratur.
2462 2817 2515 2872 in
2560 2832 2626 2871 eo
2661 2816 2808 2887 quod
2840 2825 2941 2872 est.
3001 2816 3311 2885 Quinetiam
3351 2820 3406 2875 in
3453 2837 3574 2877 οη]-

2017 2910 2073 2965 ni
2106 2911 2330 2964 nomine
2376 2910 2527 2979 quod
2571 2909 2639 2964 de
2681 2909 2865 2964 divina
2932 2919 3124 2965 natura
3167 2911 3387 2976 dicitur,
3427 2930 3575 2971 sem-

2002 3015 2098 3070 per
2135 3000 2461 3056 subauditur
2492 3002 2718 3056 omnino
2752 3001 2857 3056 hoc
2890 3002 3115 3057 verbum
3148 3014 3249 3069 est,
3281 3013 3339 3059 ut
3360 3006 3569 3076 justus.

2008 3092 2386 3166 incorruptus,
2402 3094 2727 3151 immortalis
2745 3102 2799 3149 et
2818 3093 3113 3165 ingenitus,
3131 3104 3184 3150 et
3201 3097 3249 3151 si
3269 3098 3400 3168 quid
3429 3100 3577 3155 aliud

2000 3184 2224 3251 dicitur,
2264 3186 2477 3241 etiamsi
2509 3186 2610 3241 hoc
2634 3186 2857 3241 verbum
2882 3227 2897 3252 ,
2929 3202 3121 3258 nempe
3149 3176 3263 3253 est,
3296 3204 3431 3246 vocc
3463 3206 3575 3246 non

1998 3279 2331 3333 enuntietur.
2376 3280 2483 3334 Sed
2521 3280 2877 3349 intelligentia
2917 3288 2973 3336 et
3014 3296 3169 3336 mens
3209 3282 3482 3352 loquentis
3521 3290 3577 3339 et

2003 3370 2279 3426 audientis
2314 3387 2515 3426 nomen
2544 3370 2766 3442 adaptat
2807 3371 2975 3426 verbo
3000 3381 3102 3434 est,
3136 3372 3209 3426 ita
3240 3383 3299 3426 ut
3336 3375 3442 3431 nisi
3473 3375 3578 3430 hoc

2005 3462 2273 3531 adjaceat,
2325 3464 2602 3519 incassum
2649 3464 2940 3534 appellatio
2979 3464 3159 3519 cadat.
3206 3464 3365 3522 Verbi
3402 3467 3577 3537 gratia

2003 3554 2248 3623 (prazstat
2294 3557 2438 3609 enim
2491 3556 2793 3609 orationem
2841 3558 3104 3627 exemplis
3153 3559 3334 3613 animo
3378 3574 3578 3630 repraac

1996 3656 2235 3721 sentare)
2270 3666 2396 3707 cum
2427 3650 2566 3705 dixit
2596 3651 2786 3717 David,
2827 3652 2972 3722 quod
3013 3651 3152 3707 Deus
3198 3652 3368 3723 judex
3394 3654 3577 3722 justus

1994 3754 2042 3797 et
2090 3743 2268 3813 fortis,
2322 3754 2374 3798 et
2429 3744 2744 3815 longanimis
2804 3746 2887 3813 ¹⁹;
2946 3744 3053 3800 nisi
3106 3746 3468 3801 subaudiatur
3518 3748 3576 3803 in

1994 3851 2211 3907 quoque
2258 3836 2540 3891 nominum
2585 3852 2710 3907 qua:
2755 3836 2860 3891 hoc
2903 3836 3175 3892 versiculo
3217 3839 3577 3909 comprehen-

1994 3925 2220 3991 duntur,
2264 3928 2489 3982 verbum
2532 3936 2641 3990 est,
2681 3941 2822 3981 vana
2869 3928 3084 3997 opinio,
3124 3939 3178 3981 et
3222 3944 3343 3998 qua:
3387 3930 3577 4002 nequit

1994 4018 2294 4073 subsistere
2353 4018 2774 4088 appellationum
2826 4019 3200 4084 enumeratio,
3251 4036 3374 4075 cum
3424 4021 3575 4076 nullo

1995 4110 2243 4179 subjecto
2276 4109 2348 4164 sit
2376 4108 2511 4163 [ulta
2536 4118 2590 4165 et
2623 4110 2831 4164 innixa.
2870 4109 2928 4163 Si
2952 4124 3082 4164 vero
3112 4109 3167 4163 in
3207 4110 3438 4180 singulis
3472 4125 3574 4165 no-

1958 4203 2233 4271 ,minibus
2279 4204 2365 4260 his
2411 4203 2770 4259 subaudiatur
2820 4203 3047 4257 verbum
3095 4210 3204 4266 est,
3259 4201 3367 4255 vim
3423 4211 3572 4258 certe

1993 4292 2270 4348 habebunt
2307 4308 2371 4347 ea
2406 4307 2529 4363 quae
2569 4292 2712 4348 dicta
2754 4302 2886 4346 sunt
2923 4308 3047 4346 cum
3094 4292 3149 4347 in
3200 4307 3268 4347 eo
3315 4295 3459 4363 quod
3486 4302 3571 4350 est

1991 4386 2429 4441 considerantur.
2459 4385 2926 4451 Quemadmodum
2956 4383 3101 4438 enim
3131 4398 3255 4437 cum
3289 4383 3527 4441 dicimus

316 4474 443 4527 νοῦν
493 4472 866 4544 ἐπεϐάλομεν,
909 4473 1094 4542 σαφῶς
1137 4473 1508 4545 διδασκόμενοι
1538 4473 1625 4529 διὰ
1663 4476 1887 4543 τούτων,

1996 4475 2135 4544 quod
2169 4474 2334 4543 judex
2375 4485 2479 4538 est,
2519 4490 2613 4544 per
2644 4474 2911 4544 judicium
2940 4473 3159 4545 quidem
3193 4476 3567 4545 operationem

320 4566 395 4637 μὴ
429 4565 519 4618 τὸν
546 4565 709 4618 αὑτὸν
749 4564 988 4636 νομίζειν
1010 4568 1076 4635 τῇ
1115 4564 1383 4636 ἐνεργείᾳ,
1405 4565 1497 4618 τὸν
1524 4566 1619 4618 τοῦ
1641 4563 1777 4619 εἶναι
1804 4567 1891 4621 λό-

316 4674 433 4726 γον.
463 4655 650 4719 Οὕτως
682 4657 775 4709 καὶ
806 4657 871 4709 ἑκ
894 4656 986 4708 τοῦ
1022 4658 1213 4720 εἰπεῖν,
1246 4655 1326 4709 ὅτι
1350 4656 1634 4723 γεννητὸς
1662 4656 1695 4730 ἦ
1722 4655 1895 4727 ἀγέν-

313 4749 500 4818 νητός
534 4752 644 4804 ἑστι
659 4789 672 4810 ,
699 4748 990 4819 μερίζομεν
1011 4747 1143 4819 πρὸς
1159 4748 1348 4816 διπλῆν
1368 4747 1631 4818 ὑπόληψιν
1652 4750 1746 4819 τὴν
1773 4749 1892 4804 διά-

313 4858 489 4896 νοιαν·
514 4840 601 4892 διὰ
627 4839 725 4910 μὲν
745 4839 837 4893 τοῦ
860 4840 992 4892 ἐστὶ
1021 4839 1264 4901 νοοῦντες
1291 4840 1350 4891 τὸ
1397 4841 1774 4910 ὑποκείμενον,
1802 4841 1892 4894 διὰ

314 4934 373 4986 δὲ
406 4933 499 4986 τοῦ
532 4930 822 5002 γεννητὸς
863 4931 896 5001 ἢ
930 4929 1276 4999 ἀγέννητος,
1316 4930 1376 4983 τὸ
1407 4930 1607 5000 προσὸν
1642 4930 1722 5001 τῷ
1758 4931 1889 4984 ὑπο-

315 5026 553 5096 κειμένῳ
580 5023 1108 5094 καταλαμϐάνοντες.
1143 5022 1408 5092 Καθάπερ
1432 5020 1607 5073 τοίνυν
1632 5021 1826 5092 κριτὴν
1851 5022 1886 5093 ἢ

318 5116 669 5189 μακρόθυμον
696 5115 846 5186 παρὰ
877 5115 971 5169 τοῦ
999 5115 1161 5167 Δαϐὶδ
1182 5112 1316 5166 εἶναι
1349 5115 1439 5167 τὸν
1462 5114 1591 5167 Θεὸν
1614 5115 1888 5185 διδαχθέν-

311 5223 424 5270 τες,
477 5207 537 5259 οὑ
583 5202 682 5274 τὴν
727 5203 875 5257 θείαν
924 5202 1131 5267 οὐσίαν,
1169 5203 1302 5256 ἀλλά
1334 5220 1385 5255 τι
1427 5203 1535 5255 τῶν
1566 5206 1692 5275 περὶ
1720 5207 1887 5276 αὑτὴν

313 5297 700 5367 θεωρουμένων
750 5295 1025 5367 ἑμάθομεν
1050 5315 1062 5327 ·
1115 5295 1285 5359 οὓτως
1320 5296 1412 5348 καὶ
1439 5296 1688 5361 ἐνταῦθα,
1719 5297 1780 5350 τὸ
1814 5299 1888 5369 μὴ

311 5391 667 5461 γεγεννῆσθαι
696 5390 1047 5453 ἀκούσαντες,
1094 5390 1155 5442 ού
1193 5389 1252 5442 τὸ
1283 5389 1639 5458 ὑποκείμενον
1667 5390 1753 5443 διὰ
1791 5390 1888 5460 τῆς

312 5482 679 5553 ἁπεμφάσεως
707 5482 949 5553 ἔγνωμεν
970 5499 983 5511 ·
1016 5481 1147 5535 ἀλλὰ
1185 5481 1238 5534 τί
1266 5482 1327 5535 ού
1361 5483 1465 5553 χρὴ
1500 5482 1630 5551 περὶ
1659 5482 1719 5534 τὸ
1752 5482 1887 5534 ὑπο-

320 5574 561 5645 ιιείμενον
597 5578 733 5631 νοεῖν
762 5575 1139 5648 ὼδηγήθημεν.
1170 5576 1243 5629 Τὸ
1269 5576 1326 5629 δὲ
1364 5577 1481 5628 κατ’
1513 5575 1702 5627 οὐσίαν
1732 5575 1759 5627 ὃ
1832 5568 1886 5627 τί

1993 4567 2281 4635 quamdam
2331 4568 2383 4621 in
2432 4569 2549 4637 ipso
2583 4566 2989 4631 intelleximus;
3029 4583 3124 4638 per
3169 4568 3393 4623 verbum
3439 4586 3567 4626 vero

1987 4668 2088 4720 est,
2129 4658 2195 4713 ad
2230 4659 2535 4729 subjectum
2581 4668 2817 4714 mentem
2869 4659 3200 4729 appulimus,
3236 4669 3420 4730 aperte
3473 4677 3568 4730 per

1990 4751 2102 4804 haec
2132 4751 2332 4813 edocti,
2376 4766 2482 4805 non
2522 4750 2766 4805 eamdem
2806 4765 2928 4806 esse
2971 4750 3288 4805 existimare
3330 4760 3485 4805 actus
3513 4760 3568 4806 et

1986 4840 2240 4895 essentia:
2271 4841 2559 4895 rationem.
2604 4839 2695 4896 Sic
2726 4842 2894 4896 etiam
2926 4858 2993 4896 ex
3036 4856 3103 4896 eo
3137 4842 3281 4911 quod
3311 4842 3567 4910 dicimus,

1988 4931 2134 5002 quod
2170 4932 2375 5001 genitus
2420 4943 2520 4997 est,
2570 4933 2656 4988 vel
2700 4934 2986 5000 ingenitus,
3041 4932 3097 4987 in
3150 4932 3421 5002 duplicem
3470 4949 3566 4986 uo-

1989 5024 2185 5077 tionem
2221 5022 2633 5094 intelligentiam
2674 5032 2917 5079 nostram
2949 5023 3254 5092 partimur;
3304 5038 3427 5078 nam
3473 5040 3567 5094 per

1988 5114 2212 5167 verbum
2245 5126 2346 5178 est,
2376 5116 2730 5185 intelligimus
2752 5116 3060 5183 subjectum
3088 5131 3103 5181 ;
3130 5124 3182 5169 et
3205 5128 3301 5184 per
3322 5114 3565 5183 genitum

1988 5207 2072 5260 vel
2106 5207 2425 5277 ingenitum,
2455 5207 2505 5261 id
2538 5207 2681 5276 quod
2728 5205 2882 5277 adest
2926 5205 3176 5274 subjecto
3216 5206 3566 5274 comprehen-

1988 5299 2190 5354 dimus.
2228 5298 2695 5365 Quemadmodum
2721 5296 3165 5368 igiturjudicem,
3198 5297 3280 5351 vel
3313 5296 3565 5367 longani-

1981 5403 2120 5442 mem
2138 5404 2260 5443 esse
2280 5388 2446 5444 Deum
2477 5405 2507 5443 a
2534 5389 2741 5445 Davide
2761 5405 2886 5443 cum
2912 5390 3057 5444 docti
3078 5405 3291 5455 sumus,
3308 5406 3414 5446 non
3428 5392 3562 5446 divi-

1936 5510 1939 5511 ν
1978 5495 2104 5534 nam
2127 5482 2446 5546 essentiam,
2470 5482 2565 5537 sed
2586 5496 2775 5537 eorum
2793 5483 2997 5554 aliquid
3018 5500 3139 5554 quae
3164 5484 3218 5538 in
3242 5483 3560 5553 ipsaconsi-

1978 5571 2245 5629 derantur
2295 5574 2589 5632 didicimus
2616 5592 2630 5630 :
2657 5576 2739 5632 sic
2772 5585 2825 5632 et
2873 5576 2958 5632 his
2985 5592 3097 5631 non
3151 5576 3391 5648 genitum
3435 5590 3558 5632 esse

383 5758 425 5789 "’
452 5756 611 5814 Joan.
650 5777 689 5824 ι,
735 5757 815 5813 18.
906 5758 999 5812 ⁸⁸1
1048 5756 1189 5815 Tim.
1231 5771 1307 5823 vl,
1346 5756 1431 5811 l6.
1512 5756 1553 5787 "
1605 5753 1751 5812 Psal.
1783 5766 1963 5817 CXLIV,
1995 5752 2046 5805 8.
