3922 6486
435 312 539 369 763

1683 314 1741 374 S.
1783 311 2105 370 GREGORII
2138 310 2422 367 NYSSENI

3540 344 3543 347 -
3583 312 3682 367 ἴθι

433 432 737 497 audientes,
780 445 888 485 non
933 429 1238 499 subjectum
1273 444 1369 501 per
1403 428 1543 482 banc
1582 427 2003 483 declarationem

2110 424 2239 476 ποτέ
2266 425 2433 489 ἐστιν,
2473 422 2625 477 οὐδὲν
2676 416 2840 494 ἦττον
2890 423 2951 475 ἐν
3212 422 3391 492 μένει·
3424 422 3567 476 οὕτω
3590 426 3685 479 καὶ

436 523 708 585 novimus,
744 520 835 575 sed
869 520 1070 590 aliquid
1106 518 1393 588 quod-non
1421 525 1637 588 oportet
1665 516 1731 571 de
1760 517 2006 585 subjecto

435 619 613 666 mente
645 611 934 679 concipere
978 608 1186 663 inducti
1234 623 1460 663 sumus:
1508 607 1654 677 quod
1689 614 1869 660 autem
1917 620 2007 659 se-

435 702 674 755 cundum
704 702 1000 755 essentiam
1028 700 1287 771 quidnam
1314 699 1532 753 tandem
1556 707 1637 753 est
1654 695 2009 751 nihilominus

435 810 488 851 in
519 794 755 849 obscuro
783 803 983 849 manet.
1017 793 1109 847 Sic
1150 793 1312 847 etiam
1342 808 1462 845 cum
1496 796 1684 846 saneta
1727 789 2009 858 Scriptura

436 885 644 953 reliqua
697 884 879 938 divina
931 885 1149 938 nomina
1193 883 1261 936 de
1306 898 1372 936 eo
1422 880 1568 951 quod
1617 888 1703 935 est
1743 882 2010 946 enuntiat,

436 976 614 1044 ipsum
646 989 777 1028 vero
820 973 1205 1028 innominabile
1235 971 1366 1026 Mosi
1408 972 1593 1025 tradit.
1623 970 1723 1036 Qui
1754 985 1886 1040 ergo
1913 984 2011 1023 ua-

436 1071 611 1117 turam
630 1063 748 1132 ejus
777 1062 921 1133 quod
942 1073 1025 1117 est
1054 1062 1266 1132 aperire
1288 1077 1347 1116 se
1366 1061 1667 1131 proﬁtetur,
1697 1060 2011 1129 neutiquam

436 1171 499 1208 ea
533 1169 653 1224 quae
687 1162 815 1209 sunt
836 1154 904 1209 de
954 1169 1019 1207 eo
1066 1153 1211 1222 quod
1261 1163 1345 1208 est
1387 1152 1639 1223 explicet,
1698 1150 1793 1207 sed
1838 1152 2011 1220 ipsam

436 1247 553 1300 suis
580 1246 760 1301 verbis
790 1246 835 1299 si
867 1253 1043 1315 potest
1064 1245 1223 1301 nobis
1250 1245 1501 1315 explanet
1533 1250 1805 1297 naturam.
1833 1241 2013 1308 Quod-

436 1354 652 1408 cunque
691 1338 836 1392 enim
880 1352 1076 1392 nomen
1105 1336 1331 1399 dixeris,
1363 1337 1546 1392 estde
1589 1351 1655 1391 eo
1700 1335 1845 1405 quod
1885 1342 2010 1399 est;

438 1445 545 1483 non
575 1429 705 1483 illud
738 1436 821 1483 est
870 1447 883 1483 :
930 1428 1129 1493 bonus,
1174 1428 1468 1497 ingenitus,
1528 1427 1624 1482 sed
1665 1427 1812 1496 quod
1856 1434 1941 1482 est
1981 1442 2012 1481 a

438 1521 587 1575 nullo
628 1522 821 1574 horum
849 1519 1138 1575 deseritur.
1176 1516 1351 1587 Hujus
1393 1518 1555 1588 igitur
1584 1518 1675 1588 qui
1714 1530 1796 1573 est
1834 1517 2012 1574 bonus

436 1619 491 1664 et
536 1610 628 1679 qui
673 1618 757 1665 est
808 1609 1103 1679 ingenitus,
1155 1609 1316 1663 sicuti
1370 1616 1453 1663 est
1497 1608 1865 1664 deﬁnitionem
1917 1607 2012 1678 qui

438 1701 776 1755 redditurum
806 1717 864 1756 se
894 1701 1197 1771 pollicetur,
1231 1716 1401 1756 vanus
1427 1702 1610 1765 fuerit,
1643 1702 1770 1755 dum
1802 1716 1863 1757 ea
1890 1717 2012 1771 qua:

2107 516 2206 587 τῆς
2233 517 2396 583 ἁγίας
2422 516 2642 585 Γραφῆς
2682 516 2749 568 τά
2779 514 2878 585 μὲν
2904 514 3064 567 λοιπά
3090 514 3194 567 τῶν
3220 514 3378 568 θείων
3403 515 3683 586 ὀνομάτων

2109 606 2249 661 κατὰ
2286 606 2380 659 τοῦ
2430 607 2585 670 ὄντος
2624 607 3053 678 κατηγορούοης,
3085 606 3216 660 αὐτὸ
3249 607 3304 660 δὲ
3341 609 3401 661 τὸ
3429 607 3487 660 ὃν
3524 609 3687 661 ἀκατ-

2108 699 2405 769 ονόμαστον
2428 699 2506 769 τῷ
2532 701 2702 769 Μωσῇ
2728 698 3109 770 παραδίδωσιν.
3128 701 3183 753 Ὀ
3207 699 3383 753 τοίνυν
3412 698 3504 751 τοῦ
3534 699 3685 763 ὄντος

2110 790 2465 845 ὲκκαλύπτων
2516 790 2614 862 τὴν
2651 790 2833 860 φύσιν,
2870 791 2945 862 μὴ
2988 792 3057 845 τά
3095 793 3223 862 περὶ
3246 790 3309 844 τὸ
3346 790 3405 844 ὃν
3420 788 3684 853 διεξιέτω,

2110 882 2222 936 ἀλλ’
2270 882 2438 953 αὐτὴν
2474 886 2605 953 ἡμῖν
2658 882 2971 955 φανερούτω
3000 884 3068 937 δι’
3093 876 3170 937 ὧν
3201 883 3348 951 λέγει
3378 884 3476 954 τὴν
3501 883 3685 952 φύσιν.

2112 976 2229 1029 Πᾶν
2259 975 2367 1045 γὰρ
2387 976 2416 1027 ὅ
2445 975 2499 1028 τί
2542 992 2644 1046 περ
2684 975 2749 1029 ἂν
2775 978 2935 1049 εἴπῃς
2961 976 3151 1047 ὄνομα,
3186 978 3314 1047 περὶ
3345 976 3406 1029 τὸ
3428 976 3487 1029 ὄν
3515 978 3684 1037 ἐστιν,

2110 1067 2211 1119 οὐκ
2248 1065 2424 1119 ἐκεῖνό
2454 1067 2598 1119 ἐστιν
2622 1083 2636 1096 ’
2662 1066 2880 1134 ἀγαθὸς.
2907 1068 3223 1137 άγέννητος,
3250 1066 3386 1120 ἀλλὰ
3414 1067 3476 1120 τὸ
3510 1066 3686 1127 ἐστὶν,

2112 1160 2343 1212 ἑκάστου
2376 1158 2579 1212 τούτων
2614 1160 2712 1211 οὐκ
2749 1159 3119 1213 ἀπολείπεται.
3151 1159 3353 1214 Τούτου
3381 1160 3571 1212 τοίνυν.
3589 1158 3687 1211 τοῦ

2111 1252 2262 1315 ὄντος
2307 1252 2531 1321 ἀγαθοῦ,
2565 1251 2658 1305 καὶ
2690 1252 2841 1315 ὄντος
2866 1252 3183 1322 ἁγεννήτου,
3211 1252 3391 1315 καθώς
3422 1253 3559 1317 ἐστι,
3593 1253 3688 1304 τὸν

2112 1344 2266 1413 λόγον
2288 1361 2370 1406 τις
2393 1341 2689 1397 ἀποδώσειν
2705 1344 3187 1414 ἐπαγγειλάμενος,
3215 1344 3441 1415 μάταιος
3473 1343 3540 1397 ἂν
3561 1342 3650 1413 εἴη
3672 1360 3685 1372 ·

2113 1434 2184 1488 τὰ
2214 1435 2310 1505 μὲν
2330 1434 2770 1506 ὲπιθεωρούμενα
2812 1435 2984 1503 λέγων
3006 1448 3020 1463 '
3056 1434 3228 1503 αὐτὴν
3255 1434 3312 1488 δὲ
3342 1434 3557 1487 σιωπῶν
3586 1433 3689 1504 τὴν

2112 1525 2297 1579 οὐσίαν
2318 1527 2384 1596 ἢν
2413 1525 2732 1597 ἑρμηνεύειν
2771 1525 2849 1597 τῷ
2884 1526 3026 1596 λόγῳ
3064 1524 3583 1593 κατεπαγγέλλεται.
3614 1524 3691 1576 Τὸ

2114 1617 2224 1688 γὰρ
2241 1619 2551 1689 ἀγεννήτως
2582 1613 2741 1679 εἶναι,
2794 1617 2851 1671 ἓν
2890 1616 2999 1670 τῶν
3050 1615 3535 1687 ὲπιθεωρουμένων
3569 1615 3690 1666 ἐστὶ

2113 1709 2191 1781 τῷ
2240 1711 2373 1763 ὄντι.
2410 1711 2599 1774 Ἀλλος
2638 1710 2693 1763 δὲ
2733 1709 2826 1763 τοῦ
2866 1706 3027 1773 εἶναι,
3077 1709 3172 1763 καὶ
3224 1708 3379 1771 ἄλλος
3433 1706 3526 1759 τοῦ
3568 1706 3690 1768 πῶς

438 1795 493 1847 in
529 1808 592 1846 eo
618 1791 759 1861 quod
806 1803 889 1846 est
931 1792 1368 1856 considerantur,
1405 1808 1656 1848 sermone
1693 1801 1914 1860 tractat,
1946 1792 2009 1849 de

2114 1797 2250 1856 εἶναι
2279 1805 2308 1856 ὁ
2335 1802 2511 1872 λόγος.
2534 1806 2599 1856 '0
2623 1803 2785 1874 μέχρι
2812 1802 2905 1855 τοῦ
2936 1802 3031 1855 νῦν
3056 1801 3291 1872 ἄρῤητόν
3318 1817 3377 1852 τε
3403 1800 3499 1852 καὶ
3526 1798 3687 1867 ἀνερο

440 1886 556 1954 ipsa
596 1899 724 1938 vero
745 1885 1005 1950 essentia,
1044 1899 1204 1954 quam
1262 1884 1512 1939 oratione
1551 1886 1823 1954 explicare
1854 1886 2009 1956 polli-

2112 1896 2375 1965 μήνευτον
2427 1896 2493 1947 ὲκ
2526 1893 2634 1947 τῶν
2668 1895 2968 1965 εἰρημένων
3011 1892 3176 1946 ἐστίν.
3206 1889 3414 1945 Οὐκοῦν
3440 1906 3688 1961 φανερωο

439 1984 595 2030 cetur
625 1992 691 2030 ne
718 1976 942 2030 verbum
976 1975 1217 2046 quidem.
1248 1973 1383 2029 Nam
1420 1977 1658 2045 ingenite
1692 1992 1814 2031 esse
1844 1992 2009 2032 unum

2110 1988 2258 2041 σάτω
2308 1988 2569 2058 πρότερον
2620 1988 2749 2057 ἡμῖν
2793 1988 2862 2041 τὰ
2901 1987 2998 2054 τῆς
3042 1984 3229 2049 οὐσίας
3276 1984 3554 2055 ὀνόματα*
3590 1982 3695 2035 καὶ

438 2078 523 2123 est
550 2085 736 2123 eorum
766 2084 887 2138 qua;
926 2068 980 2121 in
1023 2084 1088 2122 eo
1136 2068 1225 2138 qui
1276 2078 1359 2122 est
1405 2070 1840 2123 considerantur.
1894 2069 2009 2123 Alia

2110 2080 2229 2132 τότε
2256 2081 2321 2150 τῇ
2353 2078 2662 2150 παραλογίᾳ
2679 2078 2788 2131 τῶν
2823 2075 3200 2149 προσηγοριῶν
3231 2072 3562 2144 διατεμνέτω
3585 2073 3689 2142 τὴν

438 2162 581 2216 enim
623 2161 798 2213 oratio
843 2176 965 2230 quae
1013 2161 1147 2215 dicit
1192 2175 1315 2216 esse
1358 2178 1372 2227 ;
1428 2159 1533 2213 alia
1582 2175 1711 2215 vero
1766 2176 1887 2231 quae
1939 2162 2009 2217 ait

2111 2169 2291 2239 φύσιν.
2327 2170 2471 2233 Ἕως
2498 2170 2542 2222 δ’
2564 2169 2631 2224 ἂν
2654 2167 3032 2238 ἀνεκφὼνητον
3067 2168 3128 2220 τὸ
3161 2166 3490 2237 ζητούμενον
3525 2164 3689 2236 μένῃ,

437 2251 676 2321 quodam
697 2250 858 2306 modo
875 2268 1015 2307 esse.
1036 2252 1189 2318 Quod
1208 2252 1489 2321 hucusque
1503 2259 1585 2306 est
1600 2250 1887 2317 inetl‘abile,
1908 2269 2009 2308 nec

2117 2260 2293 2330 μάτην
2322 2258 2471 2329 αὐτῷ
2497 2258 2567 2312 τὰ
2599 2259 2729 2331 περὶ
2766 2258 2873 2311 τῶν
2907 2256 3184 2329 ὀνομάτων
3222 2252 3687 2324 τετεχνολόγηται,

439 2359 534 2414 per
554 2359 613 2398 ea
645 2356 765 2411 qua:
795 2342 939 2396 dicta
963 2343 1446 2412 suntexplicabile.
1472 2342 1630 2397 Prius
1654 2342 1820 2411 igitur
1850 2345 2007 2400 nobis

2111 2347 2221 2399 τῶν
2250 2346 2527 2417 ὀνομάτων
2568 2348 2667 2399 οὐκ
2691 2347 2881 2401 ὄντων.

438 2436 689 2490 essentia:
710 2438 929 2491 nomina
962 2434 1289 2489 manifestet:
1312 2443 1425 2489 tum
1444 2435 1661 2490 demum
1682 2436 2101 2505 appellationum
2120 2438 2348 2494 fallaciis
2366 2450 2616 2493 naturam
2636 2437 2865 2493 dividat.
2889 2437 3067 2493 Donec
3087 2436 3230 2491 enim
3248 2435 3391 2506 quod
3410 2435 3689 2505 quaeritur

439 2536 619 2582 manet
641 2544 747 2583 non
769 2542 1108 2597 expressum,
1132 2528 1407 2582 incassum
1426 2527 1540 2582 haec
1555 2526 1622 2582 de
1640 2529 1950 2583 nominibus
1966 2531 2033 2585 ab
2050 2533 2165 2601 ipso
2177 2531 2467 2586 artiﬁciose
2480 2532 2785 2602 excogitata
2809 2529 3158 2593 fuerint,euni
3178 2544 3285 2583 non
3313 2528 3422 2583 sint
3441 2530 3686 2583 nomina.

511 2619 659 2674 Talis
694 2620 857 2690 igitur
880 2618 1159 2673 robustior
1193 2619 1281 2671 illa
1317 2617 1567 2675 Eunomii
1594 2635 1726 2676 ansa
1746 2620 2009 2677 adversus

2187 2624 2252 2676 'H
2302 2625 2398 2694 μὲν
2439 2620 2530 2677 οὖν
2571 2622 2890 2695 ἰσχυροτέρα
2936 2622 3046 2674 τῶν
3096 2622 3360 2692 Εὐνομίου
3393 2621 3535 2675 κατὰ
3585 2621 3688 2692 τῆς

438 2715 761 2775 νενὶιειιεηιζ,
825 2726 950 2764 eum
1007 2711 1173 2763 multa
1230 2710 1283 2764 in
1337 2710 1439 2764 hac
1496 2722 1648 2782 parte
1697 2713 2009 2783 scriptionis

2110 2715 2363 2787 ἀληθείας
2417 2715 2575 2787 λαϐὴ,
2633 2713 2877 2784 τοιαύτη,
2906 2713 3116 2765 πολλῶν
3150 2712 3292 2765 κατὰ
3334 2713 3497 2783 μέρος
3528 2711 3689 2765 τοῦτο

437 2806 691 2875 dogmata
722 2804 939 2859 silentio
975 2804 1086 2858 sint
1124 2803 1413 2873 praeterita.
1448 2802 1583 2858 Nam
1622 2804 1756 2859 mihi
1794 2804 2009 2875 quidem

2110 2809 2207 2878 τῆς
2239 2806 2603 2879 λογογραφίας
2635 2805 3018 2876 σιωπηθέντων
3048 2804 3354 2875 δογμάτων.
3387 2806 3545 2858 Δοκεῖ
3576 2804 3685 2875 γάρ

437 2896 654 2951 videtur
681 2911 776 2951 eos
805 2895 1000 2950 decere
1033 2894 1127 2964 qui
1173 2894 1227 2947 in
1277 2896 1379 2948 hoc
1428 2910 1707 2951 armorum
1738 2896 2009 2951 curriculo

2116 2917 2204 2970 μοι
2233 2901 2462 2969 πρέπειν
2483 2902 2593 2962 τοῖς
2610 2899 2697 2951 τὸν
2726 2897 2968 2951 ἐνόπλιον
2992 2897 3177 2950 τοῦτον
3193 2896 3333 2951 κατὰ
3347 2896 3453 2950 τῶν
3476 2895 3687 2967 ὲχθρῶν

437 2996 731 3042 versantur
759 2986 1019 3041 adversus
1056 2986 1305 3040 veritatis
1336 2986 1540 3052 hostes,
1578 2996 1637 3040 ut
1680 2995 1869 3041 contra
1911 3002 2006 3041 eos

2110 2991 2208 3062 τῆς
2237 2990 2493 3060 ἀληθείας
2521 2989 2772 3060 τρέχουσι
2793 2988 3012 3058 δρόμον,
3043 2986 3178 3057 πρὸς
3206 2986 3332 3048 τούς
3363 2984 3685 3055 πεφραγμέ-

437 3080 655 3151 quidem
704 3085 986 3145 armentur
1028 3077 1119 3147 qui
1160 3078 1409 3147 speciosa
1458 3076 1692 3146 quadam
1739 3077 2006 3133 mendacii

2110 3099 2233 3144 νους
2261 3082 2440 3143 ποσῶς
2471 3084 2537 3151 τῇ
2590 3080 2903 3150 πιθανότητι
2940 3076 3037 3131 τοῦ
3078 3076 3301 3146 ψεύδους
3331 3076 3643 3141 ὁπλίζεσθαι
3664 3090 3679 3104 ’

440 3171 826 3243 probabilitate
877 3169 1069 3224 muniti
1118 3184 1238 3224 esse
1272 3169 1564 3237 videntur;
1607 3170 1830 3224 minime
1884 3185 2009 3224 vero

2114 3176 2222 3236 τοῖς
2241 3173 2295 3226 δὲ
2327 3174 2537 3242 νεκροῖς
2562 3173 2656 3226 καὶ
2687 3171 2905 3225 ὀδωδόσι
2942 3170 3050 3223 τῶν
3078 3170 3383 3240 νοημάτων,
3413 3168 3489 3239 μὴ
3516 3169 3686 3239 ἐμμο-

438 3275 747 3317 sermonem
796 3259 1172 3314 contaminare
1221 3260 1273 3313 in
1311 3259 1660 3315 cadaverosis
1704 3275 1766 3313 ae
1810 3260 2014 3330 putidis

440 3354 669 3407 aliorum
698 3349 1179 3406 notionibus.Nam
1210 3358 1398 3420 putare
1426 3352 1606 3405 omnia
1627 3366 1746 3421 qua:
1766 3352 2015 3406 essentia!

438 3444 653 3498 ratione
706 3442 859 3495 unita
916 3450 1044 3497 sunt
1084 3441 1306 3495 omnino
1352 3442 1514 3494 etiam
1565 3455 1839 3511 corporeae
1889 3457 2014 3495 eor-

439 3532 682 3602 ruptioni
725 3532 938 3600 alligata
979 3546 1102 3586 esse
1127 3549 1140 3584 :
1166 3530 1268 3584 hoc
1294 3530 1439 3584 enim
1462 3531 1607 3599 quod
1648 3534 1751 3584 hac
1779 3532 1833 3585 in
1863 3540 2014 3601 parte

442 3624 539 3687 ait,
566 3630 624 3674 ut
645 3620 1030 3675 eadaverosam
1074 3619 1497 3691 graveolentiam
1528 3621 1701 3677 libens
1736 3630 2013 3693 transgre-

442 3713 566 3768 diar
600 3731 613 3768 :
655 3712 901 3782 cujusvis
940 3720 1070 3781 puto
1099 3720 1334 3767 mentem
1368 3712 1638 3776 habentis,
1674 3714 1725 3767 in
1759 3727 2010 3785 promptu

442 3806 759 3876 conspicere
788 3812 892 3868 est,
923 3803 1067 3872 quod
1099 3816 1372 3858 mortuum
1409 3811 1493 3859 est
1525 3814 1576 3859 et
1626 3806 1924 3876 collapsum
1955 3807 2010 3860 in

439 3898 561 3968 ejus
616 3897 887 3951 oratione.
937 3894 1073 3962 Quis
1120 3896 1264 3951 enim
1314 3896 1527 3965 ignorat
1574 3896 1840 3951 intlnitam
1889 3913 2013 3954 esse

440 3992 800 4045 humanarum
850 3989 1154 4042 animarum
1195 3988 1633 4055 multitudinem,
1674 4005 1837 4043 unam
1882 4005 2012 4045 vero

439 4083 732 4137 essentiam
764 4080 1020 4135 omnibus
1070 4079 1305 4149 subjici;
1357 4088 1412 4134 et
1451 4079 1597 4149 quod
1648 4082 1702 4135 in
1748 4081 1885 4152 ipsis
1928 4091 2012 4136 est

441 4174 773 4243 subjectum,
810 4189 839 4227 a
868 4187 1157 4244 corporum
1182 4174 1301 4228 labe
1338 4180 1393 4227 et
1429 4173 1775 4243 corruptione
1809 4174 2012 4243 aliena-3

440 4274 555 4319 tum
590 4281 735 4332 esse,
782 4265 857 4318 lta
889 4274 948 4319 ut
994 4264 1438 4334 etiam'parvulis
1485 4271 1647 4318 notus
1691 4264 1762 4319 sit
1804 4268 2017 4321 sermo?

447 4353 589 4424 quod
631 4369 861 4423 corpora
910 4370 1018 4410 non
1068 4356 1194 4425 quia
1224 4356 1333 4411 sint
1363 4356 1503 4410 inter
1543 4372 1603 4411 se
1639 4355 1884 4426 ejusdem
1916 4371 2010 4410 es-

2113 3263 2290 3316 λύνειν
2317 3263 2406 3316 τὸν
2449 3262 2623 3329 λόγον.
2659 3262 2732 3315 Τὸ
2763 3261 2872 3333 γὰρ
2903 3261 3106 3315 οίεσθαι
3138 3261 3317 3314 πάντα
3340 3262 3441 3313 ὅσα
3467 3259 3550 3330 τῷ
3584 3259 3684 3329 τῆς

2112 3354 2301 3414 οὐσίας
2327 3354 2532 3423 ἥνωται
2561 3353 2723 3422 λόγῳ,
2743 3352 2958 3415 πάντως
2983 3351 3077 3405 καὶ
3107 3353 3164 3404 ὲν
3197 3352 3480 3421 σωματικῇ
3511 3349 3683 3421 φθορᾷ

2115 3442 2465 3513 συνεζεῦχθαι
2510 3443 2701 3512 (τοῦτο
2728 3443 2861 3515 γάρ,
2887 3445 2915 3498 ὃ
2936 3447 2993 3499 ὲν
3011 3443 3087 3514 τῷ
3109 3442 3265 3513 μέρει
3292 3440 3465 3511 τούτῳ
3499 3442 3682 3513 φησὶν,

2112 3536 2189 3597 ὡς
2221 3532 2465 3606 νεκρώδη
2501 3535 2793 3599 δυσωδίαν,
2831 3535 2971 3589 ἑκὼν
3012 3532 3438 3607 ὐπερὸήσομαι),
3483 3532 3682 3596 παντὸς

2112 3619 2265 3693 οἶμαι
2293 3622 2386 3676 τοῦ
2426 3622 2551 3676 νοῦν
2604 3623 2813 3693 ἔχοντος
2861 3627 2956 3680 ’ὲκ
2972 3623 3061 3677 τοῦ
3117 3625 3403 3696 προχείρου
3448 3624 3683 3677 κατιδεῖν

2110 3715 2406 3785 δυναμένου
2439 3716 2500 3767 τὸ
2516 3714 2772 3785 τεθνηκός
2804 3733 2862 3769 τε
2885 3716 2979 3769 κα)⁸
3001 3715 3377 3779 διαπεπτωκὸς
3391 3715 3483 3769 τοῦ
3500 3715 3678 3784 λόγου.

2112 3806 2207 3868 Τίς
2227 3806 2335 3876 γὰρ
2365 3807 2465 3858 οὐκ
2492 3802 2631 3858 οἶδεν
2658 3807 2739 3858 ὅτι
2760 3804 2960 3874 πλῆθος
2979 3805 3077 3875 μὲν
3100 3806 3319 3875 άπειρον
3344 3804 3451 3856 τῶν
3474 3804 3682 3874 ἁνθρω⁶

2111 3897 2282 3950 πίνων
2317 3898 2433 3951 ἐστὶ
2469 3898 2677 3967 ψυχῶν,
2708 3897 2864 3950 οὐσία
2912 3897 2968 3949 δὲ
3002 3896 3205 3961 πάσαις
3234 3896 3515 3949 ὑπόκειται
3546 3896 3675 3965 μία·

2110 3986 2204 4039 καὶ
2229 3986 2288 4039 τὸ
2309 3987 2656 4058 ὑποκείμενον
2676 3986 2730 4038 ὲν
2752 3985 2939 4049 αὐταῖς
2962 3988 2979 4006 ⁸
3000 3986 3100 4055 τῆς
3118 3985 3436 4056 σωματικῆς
3461 3985 3679 4053 διαφθο-

2111 4079 2212 4147 ρᾶς
2266 4076 2832 4149 ὴλλοτρίωται;”Ωστε
2893 4078 3105 4149 νηπίοις
3155 4078 3386 4149 φανερὸν
3417 4072 3556 4130 εἶναι
3590 4078 3681 4129 τὸν

2108 4170 2283 4238 λόγον,
2311 4171 2391 4223 ὅτι
2416 4170 2484 4223 τὰ
2506 4169 2730 4241 σώματα
2760 4171 2822 4224 οὐ
2844 4170 2933 4224 διὰ
2960 4171 3021 4223 τὸ
3063 4170 3327 4242 δμοούσια
3354 4167 3494 4225 εἶναι
3517 4171 3677 4241 ἀλλή-

2108 4262 2240 4326 λοις,
2292 4262 2661 4335 διαφθείρεται
2702 4280 2759 4315 τε
2815 4264 2907 4317 καὶ
2951 4262 3259 4317 διαλύεται·
3305 4262 3443 4315 ἀλλὰ
3486 4263 3572 4316 διὰ
3619 4262 3680 4315 τὺ

2111 4351 2365 4405 σύνθετον
2403 4353 2680 4423 εἰληφέναι
2733 4352 2832 4423 τὴν
2884 4350 3067 4419 φύσιν.
3113 4349 3304 4414 Ἀλλος
3347 4351 3402 4403 δὲ
3427 4349 3522 4403 τοῦ
3565 4366 3681 4405 συν-

441 4444 629 4499 εεηιὶιε
687 4453 1115 4514 corrumpuntur
1164 4454 1218 4501 et
1275 4446 1686 4511 dissolvuntur,
1740 4447 1835 4503 sed
1880 4449 2004 4518 quia

2112 4444 2290 4507 θέτου,
2326 4446 2420 4497 καὶ
2449 4444 2633 4514 ἕτερος
2662 4443 2756 4497 τοῦ
2785 4444 3143 4515 ὑποκειμένου
3164 4445 3259 4515 τῆς
3275 4444 3461 4507 οὐσίας
3489 4443 3676 4511 λόγος’

439 4536 797 4606 compositam
829 4538 1200 4606 indeptasunt
1232 4549 1502 4593 naturam.
1535 4538 1651 4592 Alia
1674 4539 1817 4593 enim
1858 4555 2010 4594 com-

438 4631 624 4701 positi,
674 4630 780 4683 alia
823 4628 1055 4699 subjecti
1098 4631 1349 4685 essentiae
1387 4632 1545 4684 ratio.
1601 4630 1781 4698 Quare
1826 4631 2011 4687 dicere

437 4719 585 4790 quod
622 4734 849 4789 corpora
892 4734 1011 4788 quae
1062 4728 1189 4773 sunt
1236 4719 1485 4788 ejusdrm
1528 4721 1845 4776 substantia:
1882 4736 2009 4775 eor-

437 4812 673 4881 ruptioni
708 4818 835 4866 sunt
858 4812 1113 4875 obnoxia,
1146 4826 1331 4865 verum
1364 4820 1469 4872 est,
1504 4814 1790 4867 conversio
1826 4820 2007 4867 autem

434 4918 622 4957 verum
674 4917 784 4957 non
855 4901 1033 4955 habet.
1103 4900 1256 4966 Quod
1312 4903 1577 4972 quidquid
1626 4914 1710 4958 est
1761 4904 2004 4973 ejusdem

436 4994 777 5054 substantiae,
815 4992 918 5045 hoc
951 4993 1023 5046 sit
1057 4993 1281 5046 omnino
1314 4994 1704 5063 curruptibile:
1744 4995 1886 5049 sicut
1910 5010 2003 5047 os-

435 5084 678 5138 tenditur
709 5085 762 5138 in
794 5084 1012 5148 animis,
1040 5099 1271 5154 quorum
1304 5100 1409 5137 una
1436 5093 1519 5138 est
1550 5086 1808 5151 essentia,
1850 5101 2003 5139 com-

435 5176 683 5231 munioni
711 5186 889 5231 tamen
921 5178 1174 5231 essentia:
1211 5177 1464 5230 interitus
1494 5192 1601 5230 non
1652 5180 1814 5231 inest.
1850 5176 2005 5242 Quod

434 5281 563 5319 vero
624 5264 695 5319 de
740 5265 935 5319 animis
984 5264 1367 5328 detinivimus,
1420 5266 1471 5319 id
1525 5266 1688 5320 etiam
1739 5266 1808 5320 de
1854 5268 2004 5320 omni

434 5354 787 5408 intellectuali
824 5356 1134 5411 substantia
1171 5372 1291 5425 quae
1323 5356 1375 5409 iu
1408 5366 1657 5411 creatura
1701 5366 2002 5427 spectatur,

431 5460 561 5501 vere
583 5454 638 5501 et
660 5450 873 5517 proprie
902 5449 1008 5503 diei
1042 5457 1240 5519 potest.
1274 5447 1391 5502 Non
1420 5450 1597 5515 enim,
1642 5456 1701 5503 ut
1748 5450 1863 5504 vult
1899 5449 2005 5503 Eu-

432 5539 670 5598 nomius.
698 5555 728 5593 a
762 5540 926 5595 Paulo
942 5542 1184 5595 collectae
1209 5557 1371 5596 voces
1399 5542 1659 5595 virtutum
1687 5550 2005 5596 transmun-

430 5628 697 5684 danarum
752 5642 975 5687 naturas
1032 5633 1246 5703 aliquas
1299 5634 1440 5687 inter
1488 5649 1545 5688 se
1596 5634 1908 5691 dill‘erentes
1948 5643 2003 5687 et

426 5721 682 5796 dispares
702 5724 1027 5796 signiﬁcant,
1062 5725 1157 5781 sed
1187 5726 1610 5796 appellationum
1638 5724 2001 5796 signiﬁcantia

2110 4536 2251 4588 ὥστε
2297 4536 2357 4587 τὸ
2413 4536 2511 4604 μὲν
2558 4536 2816 4605 ὁμοούσια
2853 4537 2921 4590 τὰ
2945 4536 3159 4607 φθαρτά
3205 4535 3434 4606 σώματα
3479 4534 3677 4603 λέγειν,

2109 4626 2305 4696 ἀληθές
2350 4628 2514 4684 ἐστιν.
2559 4628 2591 4697 ἡ
2637 4627 2694 4679 δὲ
2740 4628 3049 4699 ἀναστροφὴ
3086 4628 3147 4680 τὸ
3180 4626 3379 4697 ἀληθὲς
3414 4627 3512 4679 οὐκ
3532 4625 3681 4694 ἔχει*

2111 4720 2217 4771 πᾶν
2270 4719 2331 4771 τὸ
2385 4718 2689 4789 ὁμοούσιον,
2730 4720 2887 4772 τοῦτο
2935 4722 3026 4773 καί
3046 4718 3282 4790 φθαρτόν
3306 4720 3420 4771 ἐστι
3446 4718 3674 4779 πάντως.

2120 4812 2209 4874 Ὠς
2241 4812 2333 4864 ἐπὶ
2362 4812 2471 4864 τῶν
2493 4812 2679 4882 ψυχῶν
2707 4813 3106 4878 ἀποδείκνυται,
3137 4806 3213 4869 ὧν
3244 4813 3339 4865 καὶ
3370 4812 3528 4864 οὐσία
3558 4812 3673 4881 μία,

2109 4902 2203 4955 καὶ
2227 4902 2401 4973 φθορὰ
2435 4906 2499 4977 τῇ
2549 4904 2816 4975 κοινότητι
2855 4904 2956 4973 τῆς
2980 4905 3161 4968 οὐσίας
3188 4906 3249 4957 οὐ
3274 4903 3585 4973 πρόσεστιν.
3621 4902 3691 4955 ’ον

2107 4992 2164 5045 δέ
2204 4994 2459 5063 περὶτῶν
2481 4993 2666 5063 ψυχῶν
2698 4994 2979 5057 ὰποδοθεὶς
3022 4994 3197 5060 λόγος,
3226 4994 3320 5049 καὶ
3349 4994 3477 5064 περὶ
3500 4993 3677 5061 πάσης

2108 5088 2301 5156 νοερᾶς
2356 5086 2704 5149 ὑποστάσεως
2733 5087 2830 5156 τῆς
2875 5090 2931 5139 ὲν
2967 5089 3033 5157 τῇ
3073 5086 3247 5141 κτίσει
3300 5085 3676 5157 θεωρουμένης

2106 5177 2317 5242 οἰκείως
2347 5178 2413 5231 ἂν
2464 5178 2600 5248 ἔχοι.
2646 5179 2721 5231 υύ
2748 5178 2856 5249 γὰρ
2886 5176 3065 5240 καθὼς
3106 5179 3367 5248 Εὐνόμιος
3408 5177 3671 5248 βούλεται,

2106 5270 2173 5321 αίν
2193 5268 2344 5339 παρὰ
2366 5269 2459 5323 τοῦ
2482 5270 2692 5323 Παύλου
2734 5269 3144 5339 κατειλεγμέναι
3180 5271 3352 5338 φωναὶ
3378 5270 3487 5322 τῶν
3514 5270 3675 5340 ὐπερα

2107 5363 2346 5431 κοσμίων
2401 5361 2676 5431 δυνάμεων
2721 5360 2907 5430 φύσεις
2934 5361 3082 5424 τινάς
3114 5361 3356 5433 ἀλλήλων
3398 5360 3672 5432 παρηλλα-

2105 5456 2310 5525 γμένας
2345 5456 2697 5525 σημαίνουσιν
2718 5471 2730 5484 ·
2759 5454 2871 5508 ἀλλ’
2905 5457 2938 5525 ἡ
2966 5454 3071 5507 τῶν
3097 5454 3477 5525 προσηγοριῶν
3499 5470 3673 5523 σημα-

2107 5548 2196 5599 σία
2226 5547 2410 5615 σαφῶς
2432 5546 2781 5609 ἐνδείκνυται,
2811 5546 2873 5600 τὸ
2895 5548 2969 5616 μὴ
3002 5546 3215 5615 φύσεων
3241 5546 3522 5617 διαφορὰς,
3539 5543 3673 5601 ἀλλὰ

2104 5638 2205 5707 τῆς
2230 5639 2549 5709 ἐπουρανίου
2575 5641 2830 5709 στρατιᾶς
2864 5641 2959 5703 τὰς
2984 5640 3232 5704 ποικίλας
3252 5638 3358 5692 τῶν
3388 5637 3668 5707 ἐνεργειῶν

2109 5727 2373 5799 ἰδιότητας
2409 5727 2487 5800 τῷ
2528 5728 2669 5799 λόγῳ
2712 5728 3088 5803 παρίστασθαι.
3137 5731 3324 5801 Ἀρχαὶ
3354 5728 3483 5801 γὰρ,
3517 5728 3673 5798 φησὶ,
