4034 6488
346 352 448 409 769

1356 351 1635 410 CONTRA
1668 348 2029 410 EUNOMIUM
2053 390 2070 417 ,
2108 347 2239 408 LIB.
2280 350 2413 409 VIII.

3470 344 3573 403 770

346 483 529 538 ριστον
560 482 618 520 εν
638 466 718 536 τῷ
746 464 881 520 εἶναι
908 465 1412 537 καταλαμϐάνεται⁸
1454 469 1548 521 καὶ
1576 470 1684 522 πᾶν
1704 468 1762 523 τὸ
1785 469 1912 539 περὶ

2025 468 2237 521 nitatem
2265 467 2320 520 in
2342 480 2467 521 esse
2490 460 2950 535 deprehenditur:
2985 469 3039 517 et
3073 459 3333 532 quidquid
3364 457 3419 514 in
3456 458 3573 529 ipso

344 555 476 609 αὐτὸ
502 554 869 625 θεωρούμενον
897 557 982 609 ἀεὶ
1013 556 1270 619 ὡσαύτως
1298 555 1433 626 ἔχει,
1473 555 1595 609 οὒτε
1624 557 1908 628 προσγινό-

348 661 508 715 μενον
548 644 671 697 οὖτε
721 646 1125 717 ἀπογινόμενον.
1180 646 1343 699 Ὥστε
1380 648 1545 709 εἴτις
1586 647 1732 715 λέγοι
1780 647 1909 716 περὶ

343 735 476 789 Θεοῦ
500 778 514 801 ,
554 738 634 789 ὅτι
669 738 932 809 πρότερον
969 739 1065 809 μὲν
1093 733 1160 809 ῆν
1179 777 1194 800 ,
1228 737 1324 791 νῦν
1351 738 1407 791 δὲ
1440 738 1540 791 ούκ
1567 737 1733 800 ἐστιν,
1766 738 1800 809 ἢ
1828 738 1909 791 ὅτι

344 826 440 880 νῦν
477 829 576 897 μὲν
602 828 739 892 ἔστι,
771 830 1033 901 πρότερον
1065 830 1121 882 δὲ
1143 830 1242 883 οὐκ
1277 825 1365 900 ῆν,
1397 832 1588 901 ἐπίσης
1612 830 1767 884 ἄθεον
1791 830 1913 900 κρί-

343 934 506 989 νομεν
552 921 660 972 τῶν
726 921 1029 992 εἰρημένων
1082 922 1374 992 ἑκάτερον·
1434 922 1746 976 κολοϐοῦται
1801 922 1910 994 γὰρ

343 1010 543 1080 ὁμοίως
580 1011 647 1064 δι’
678 1013 1001 1083 ἀμφοτέρων
1030 1014 1058 1064 6
1106 1012 1205 1081 τῆς
1236 1013 1531 1083 ἀῖδιότητος
1567 1013 1722 1082 λόγος
1744 1055 1758 1079 ,
1790 1014 1909 1069 καθ’

345 1103 602 1172 ἑκάτερον
654 1104 815 1173 μέρος
848 1103 1050 1173 ὁμοίως
1083 1101 1160 1172 τῷ
1204 1103 1537 1173 ἀνυπάρκτῳ
1589 1104 1913 1174 περικοπτό-

347 1211 525 1264 μενος.
567 1195 627 1247 Et
667 1193 1036 1264 προσθεωροίη
1067 1212 1148 1258 τις
1173 1194 1231 1247 τὸ
1265 1192 1340 1264 μὴ
1385 1194 1444 1248 ὃν
1484 1194 1576 1248 τοῦ
1604 1194 1772 1259 ὄντος,
1802 1196 1911 1249 εἴτε

344 1286 672 1354 καταλήγειν
700 1286 760 1338 τὸ
790 1283 849 1338 ὃν
878 1288 957 1347 εἰς
986 1285 1046 1338 τὸ
1082 1285 1155 1355 μὴ
1188 1285 1247 1338 ’ὃν
1273 1286 1665 1354 ἀποφαίνεται,
1697 1288 1792 1340 καὶ
1819 1288 1914 1341 οὐ·-

343 1378 431 1430 δὲν
459 1378 864 1448 παραμυθεῖται
901 1377 999 1447 τὴν
1028 1378 1198 1447 ἀσεϐῆ
1222 1378 1350 1448 περὶ
1372 1378 1433 1431 τὸ
1451 1378 1603 1431 Θεῖον
1626 1378 1910 1449 ὑπόληψιν,

346 1472 404 1523 ὲν
441 1468 676 1539 πρώτοις
718 1468 750 1536 ἢ
790 1467 1119 1530 τελευταίοις
1162 1467 1648 1538 ὲπιθρυλλούμενον
1688 1468 1766 1539 τῷ
1794 1468 1914 1540 Θεῷ

344 1561 407 1614 τὸ
461 1560 827 1631 ἀνύπαρκτον.
883 1560 983 1612 Διά
1019 1559 1174 1612 τοῦτο
1209 1558 1308 1630 τὴν
1352 1559 1479 1629 περὶ
1522 1559 1615 1612 τοῦ
1658 1558 1731 1630 μὴ
1777 1557 1914 1612 εἷναί

345 1670 477 1706 ποτε
523 1654 614 1706 τὸν
656 1652 824 1715 ὄντως
867 1652 996 1704 ὄντα
1040 1652 1422 1723 κατασκευὴν,
1465 1652 1691 1722 ἀρνησίν
1732 1669 1791 1705 τε
1820 1653 1917 1706 καὶ

345 1743 601 1814 ἀθέτησιν
638 1743 738 1812 τῆς
767 1742 1022 1813 ἀληθινῆς
1067 1742 1315 1813 θεότητος
1352 1739 1493 1796 εἶναι
1541 1742 1912 1813 διοριζόμεθα.

2016 568 2295 629 spectatur
2328 572 2544 628 semper
2580 557 2771 612 eodem
2811 555 2975 611 modo
3007 570 3067 610 se
3094 553 3277 620 habet,
3308 566 3485 622 neque
3516 551 3574 605 in

2014 665 2080 705 eo
2126 652 2184 705 lit
2211 650 2507 720 quidquam
2536 649 2616 703 vel
2652 648 2803 717 prius
2833 648 2917 703 vel
2952 647 3245 717 posterius.
3297 643 3475 711 Quare
3525 642 3575 699 si

2015 742 2141 811 quis
2170 740 2317 797 dicat
2345 741 2414 795 de
2454 739 2562 794 Deo
2604 738 2749 809 quod
2784 738 2935 809 prius
2984 738 3201 808 quidem
3242 744 3379 800 erat,
3427 749 3575 789 nunc

2015 843 2196 890 autem
2230 849 2337 888 non
2368 841 2453 889 est
2491 870 2506 896 ,
2538 833 2620 886 vel
2654 832 2799 902 quod
2835 846 2979 885 nunc
3005 830 3223 900 quidem
3274 839 3378 891 est,
3422 826 3576 895 prius

2016 935 2195 981 autem
2227 942 2334 981 non
2350 935 2467 981 erat
2496 944 2509 980 :
2543 942 2606 980 ex
2637 939 2793 995 aquo
2823 924 3046 994 impiutn
3077 931 3367 989 utrumque
3398 919 3576 973 dicto-

2015 1034 2135 1073 rum
2171 1032 2488 1073 censemus:
2529 1017 2731 1086 pariter
2765 1016 2909 1071 enim
2942 1029 3036 1084 per
3079 1022 3371 1081 utrumque
3414 1017 3576 1063 aeter-

2016 1109 2204 1165 nitatis
2244 1110 2386 1163 ratio
2439 1109 2743 1171 mutilatur,
2786 1107 2852 1160 ab
2901 1114 3133 1174 utraque
3168 1110 3320 1173 parte
3379 1117 3410 1154 a
3464 1113 3577 1153 non

2015 1201 2313 1256 exsistente
2336 1199 2682 1255 circumcisa.
2715 1198 2770 1252 Si
2801 1198 2925 1266 quis
2953 1196 3263 1266 prospicere
3292 1192 3421 1247 velit
3467 1205 3577 1245 non

2016 1308 2114 1347 ens
2144 1294 2199 1346 in
2230 1300 2376 1357 ente,
2435 1291 2518 1346 vel
2552 1291 2783 1345 deiicere
2809 1304 2907 1343 ens
2962 1288 3018 1341 in
3067 1302 3177 1340 non
3207 1301 3306 1339 ens
3335 1299 3577 1353 pronun-

2016 1384 2136 1447 tiat,
2180 1383 2269 1438 hic
2301 1383 2520 1453 impiam
2555 1381 2622 1437 de
2644 1380 2754 1435 Deo
2786 1378 3094 1449 opinionem
3127 1377 3182 1429 in
3214 1376 3410 1429 animis
3438 1374 3578 1428 insi-

2019 1484 2129 1530 tam
2167 1476 2300 1529 nihil
2326 1475 2498 1544 juvat,
2534 1475 2587 1528 in
2628 1472 2820 1543 primis
2851 1486 2946 1525 seu
2971 1468 3286 1540 postremis,
3332 1466 3384 1519 id
3428 1463 3578 1534 quod

2020 1582 2129 1621 non
2165 1567 2383 1622 exsistit
2421 1567 2475 1621 in
2516 1564 2647 1627 Deo,
2689 1564 2889 1633 passim
2934 1575 3209 1616 asserens.
3235 1558 3578 1625 Quapropter

2020 1673 2143 1712 eum
2175 1659 2269 1726 qui
2301 1672 2434 1710 vere
2477 1663 2564 1711 est
2591 1670 2703 1709 non
2763 1668 2887 1708 esse
2926 1661 3192 1714 astruere,
3232 1650 3579 1719 negationem

2020 1757 2503 1817 contemptumque
2525 1761 2645 1802 esse
2667 1762 2806 1802 verte
2821 1745 3039 1800 deitatis
3057 1744 3258 1798 diserte
3279 1751 3333 1797 et
3352 1754 3579 1810 expres-

360 1834 577 1903 Ἐπειδὴ
606 1833 713 1903 γάρ
744 1836 772 1886 6
801 1834 898 1903 μὲν
942 1833 1029 1886 διὰ
1062 1833 1155 1886 τοῦ
1184 1834 1361 1903 φωτὸς
1402 1833 1591 1887 ἑαυτὸν
1636 1834 1711 1904 τῷ
1745 1837 1915 1906 Μωσῇ

2025 1858 2079 1897 se
2116 1842 2371 1896 dicimus.
2441 1838 2716 1910 Siquidem
2796 1839 2888 1894 ille
2932 1838 3025 1908 qui
3078 1836 3429 1905 semetipsum
3482 1846 3579 1903 per

346 1926 547 1992 δείξας,
573 1926 700 1978 ὄντα
723 1926 910 1979 ἑαυτὸν
938 1925 1213 1996 ὀνομάζει,
1243 1926 1592 1995 λέγων,Ἐγώ
1618 1929 1731 1997 ειμι
1751 1931 1785 1981 ὁ
1808 1926 1909 1981 ὧν.

361 2017 587 2079 Ἡσαΐας
607 2016 661 2069 δὲ
683 2015 932 2084 καθάπερ
948 2015 1176 2086 ὄργανον
1192 2015 1285 2069 τοῦ
1302 2018 1359 2068 ὲν
1379 2016 1524 2087 αύτῷ
1546 2017 1913 2086 φθεγγομένου

346 2106 637 2173 γενόμενος
658 2144 671 2165 ,
703 2106 767 2157 ὲκ
800 2104 1088 2175 προσώπου
1133 2106 1276 2174 λέγει
1308 2105 1401 2159 τοῦ
1430 2107 1613 2171 ὄντος,
1643 2110 1724 2161 ὅτι
1762 2107 1910 2177 Ἐγὼ

348 2198 599 2266 πρῶτος,
624 2196 720 2251 καὶ
745 2198 860 2266 ἐγὼ
874 2199 1022 2267 μετὰ
1038 2198 1241 2262 ταῦτα,
1265 2200 1341 2262 ὼς
1358 2200 1445 2254 διὰ
1473 2200 1663 2253 τούτου
1680 2200 1915 2255 νοεῖσθαι

347 2291 472 2345 καθ’
509 2292 774 2361 ἑκατέραν
807 2291 1014 2344 ἔννοιαν
1068 2292 1160 2344 ἐπὶ
1190 2291 1323 2345 Θεοῦ
1361 2293 1422 2346 τὸ
1446 2293 1633 2347 ἀΐδιον.
1689 2293 1917 2362 Ὁμοίως

343 2382 403 2438 ὣ
427 2384 522 2438 καὶ
550 2386 583 2454 ἡ
614 2384 748 2454 πρὸς
770 2382 858 2435 τὸν
891 2384 1087 2437 Μανωὲ
1116 2384 1379 2455 γενομένη
1423 2384 1596 2455 φωνὴ,
1634 2384 1695 2439 τὸ
1730 2384 1917 2454 ἀπερί-

347 2474 551 2545 ληπτον
574 2471 711 2528 εἶναι
736 2474 821 2527 διά
842 2475 938 2545 τῆς
964 2474 1059 2528 τοῦ
1088 2475 1349 2544 ὀνόματος
1377 2477 1651 2545 σημασίας
1679 2476 1739 2527 τὸ
1764 2474 1916 2528 Θεῖον

347 2565 696 2627 ἐνδείκνυται,
722 2565 807 2617 ὅτε
829 2565 1018 2634 μαθεῖν
1037 2564 1312 2628 ἀξιοῦντος
1333 2564 1424 2618 τοῦ
1447 2565 1643 2619 Μανωὲ
1662 2565 1723 2618 τὸ
1748 2564 1916 2633 ὄνομα

347 2656 424 2719 ὡς
449 2655 815 2726 προελθούσης
847 2658 926 2718 είς
954 2654 1111 2726 ἔργον
1130 2657 1227 2726 τῆς
1256 2656 1580 2725 ἐπαγγελίας
1602 2657 1689 2708 ἐπ’
1721 2655 1916 2724 ὀνόμα-

350 2762 441 2810 τος
465 2745 659 2818 δοξάσῃ
687 2747 775 2800 τὸν
797 2748 1109 2818 εὐεργέτην,
1136 2747 1282 2813 λέγει
1310 2746 1447 2817 πρὸς
1469 2747 1650 2801 αὐτόν·
1670 2748 1731 2800 Τί
1748 2745 1916 2799 τοῦτο

349 2836 570 2904 ἐρωτᾷς
600 2854 620 2901 ;
648 2837 745 2891 καί
781 2839 931 2891 αὑτό
962 2839 1092 2891 ἐστι
1126 2839 1487 2906 θαυμαστόν
1513 2836 1587 2898 ὡς
1613 2836 1699 2890 διά
1727 2838 1915 2890 τούτου

354 2926 564 2995 μαθεῖν,
607 2928 687 2980 ὃτι
728 2926 786 2979 ἓν
834 2928 948 2979 ὲστι
985 2927 1316 2996 σημαντικὸν
1362 2928 1458 2996 τῆς
1507 2926 1658 2990 θείας
1700 2925 1917 2995 φύσεως

350 3018 554 3087 ὄνομα,
595 3017 657 3071 τὸ
694 3019 950 3090 ἀρῤήτως
995 3018 1123 3087 ’περί¹
1172 3018 1339 3088 αὐτῆς
1373 3020 1504 3087 ἡμῖν
1537 3017 1724 3087 θαῦμα
1772 3017 1915 3070 κατά

349 3108 528 3179 ψυχὴν
558 3110 926 3178 ἐγγινόμενον.
979 3109 1246 3171 Ὡσαύτως
1267 3109 1324 3160 δὲ
1354 3109 1445 3163 καὶ
1464 3111 1493 3162 6
1529 3109 1700 3178 μέγας
1725 3107 1913 3174 Δαϐὶδ,

2020 1935 2198 1989 lucem
2232 1916 2367 1988 Ilos’i
2403 1931 2817 1995 demonstravit,
2838 1940 3031 2007 entem
3067 1929 3305 1997 seipsum
3334 1927 3580 1981 nominat

2020 2027 2242 2089 dicens,
2286 2023 2399 2095 Ego
2431 2038 2544 2076 sum
2568 2023 2657 2092 qui
2688 2039 2826 2076 sum.
2850 2021 3020 2076 Isaias
3054 2034 3183 2074 vero
3211 2027 3466 2087 tanquam
3491 2016 3580 2071 in-

2021 2124 2391 2172 strumentum
2419 2114 2561 2182 ejus,
2602 2112 2695 2182 qui
2737 2112 2790 2166 in
2831 2127 2897 2170 eo
2929 2110 3249 2181 loquebatur
3290 2108 3466 2163 factus
3512 2123 3580 2161 ex

2019 2224 2254 2278 persona
2290 2206 2411 2276 ejus
2438 2206 2528 2276 qui
2573 2213 2655 2260 est
2684 2204 2816 2259 dicit
2850 2222 2863 2257 :
2897 2201 3009 2272 Ego
3035 2202 3237 2271 primus
3264 2210 3312 2254 et
3342 2216 3432 2269 ego
3462 2207 3578 2268 post

2020 2299 2231 2365 Iure“,
2255 2306 2314 2350 ut
2360 2311 2454 2365 per
2505 2297 2609 2350 hoc
2664 2294 2960 2350 secundum
3009 2301 3294 2358 utramque
3331 2291 3576 2344 notitiam

2020 2388 2162 2455 quod
2191 2395 2451 2440 aeternum
2500 2392 2603 2446 est,
2666 2385 2722 2438 in
2754 2384 2864 2439 Deo
2913 2383 3268 2452 intelligatur.
3319 2379 3581 2435 Similiter

2021 2472 2181 2525 etiam
2207 2487 2306 2525 vos
2331 2470 2421 2524 illa
2434 2485 2554 2538 quae
2582 2470 2647 2525 ad
2663 2470 2852 2526 Manoe
2873 2469 3015 2524 facta
3037 2478 3143 2530 est,
3170 2467 3336 2523 Deum
3358 2482 3480 2523 esse
3495 2466 3581 2521 itt-

2020 2561 2583 2630 compreltensibilem,
2598 2576 2692 2630 per
2708 2561 2940 2616 nominis
2960 2559 3375 2630 signiﬁcantiam
3396 2566 3581 2612 osten-

2020 2653 2118 2716 dit,
2138 2668 2258 2722 qu:e
2272 2668 2396 2707 cum
2414 2653 2627 2709 discere
2644 2653 2801 2708 vellet
2816 2652 3005 2706 Manoe
3019 2665 3216 2706 nomen
3232 2650 3370 2720 ejus.
3386 2657 3445 2704 ut
3465 2664 3583 2719 pro-

2023 2745 2279 2800 missione
2301 2743 2593 2813 adimpleta
2618 2744 2941 2797 nominatim
2973 2741 3373 2797 benefactorem
3413 2741 3582 2812 glori-

2023 2833 2230 2898 θείη-ει,
2266 2834 2331 2886 ad
2353 2848 2477 2886 eum
2497 2833 2650 2900 dicit,
2687 2832 2827 2899 Quid
2854 2832 2948 2886 hoc
2977 2832 3269 2903 interrogas
3287 2832 3313 2886 .’
3335 2841 3385 2885 et
3412 2833 3585 2900 ipsum

2021 2935 2100 2979 est
2127 2925 2439 2978 admirabile
2471 2928 2514 2991 ί,
2545 2925 2619 2979 ita
2660 2934 2721 2979 ut
2756 2941 2822 2979 ex
2851 2926 2953 2980 hoc
2979 2926 3191 2982 discere
3216 2926 3395 2990 liceat,
3438 2924 3584 2996 quod

2024 3030 2191 3070 unum
2202 3016 2492 3071 estdivinm
2514 3024 2723 3071 natura:
2740 3015 3163 3087 signiﬁcativum
3181 3032 3404 3082 nomen,
3432 3016 3580 3084 quod

2024 3123 2220 3176 nempe
2245 3107 2312 3162 de
2346 3108 2466 3177 ipsa
2500 3107 2844 3162 inell‘abiliter
2873 3118 3106 3163 mentem
3152 3116 3395 3163 nostram
3440 3108 3587 3163 subit

352 3201 413 3252 ἐν
454 3202 564 3262 τοῖς
598 3199 716 3252 καθ’
751 3199 940 3252 ἑαυτοῦ
988 3198 1200 3268 λόγοις,
1227 3199 1290 3252 τὸ
1318 3196 1434 3252 ἴσον
1482 3198 1598 3270 βοᾷ,
1631 3200 1705 3262 ὡς
1741 3199 1921 3268 πάσης

2028 3198 2353 3271 admiratio._
2373 3197 2635 3253 Similiter
2657 3199 2821 3254 etiam
2857 3214 3090 3268 magnus
3120 3198 3288 3254 David
3338 3199 3490 3255 dum.
3520 3199 3588 3254 de

357 3290 459 3361 μὲν
482 3290 583 3359 τῆς
611 3290 839 3352 κτίσεως
863 3290 954 3342 ὑπ’
975 3289 1138 3344 αὑτοῦ
1169 3290 1538 3361 παραχθείσης
1570 3291 1648 3353 εἰς
1671 3289 1880 3356 γένεσιν
1903 3329 1919 3354 ,

362 3381 522 3451 μόνου
551 3381 607 3433 δὲ
634 3380 727 3432 τοῦ
774 3381 907 3433 Θεοῦ
948 3380 1209 3443 ὡσαύτως
1236 3381 1321 3433 ἀεί
1350 3397 1410 3433 τε
1434 3380 1606 3444 ὄντος,
1634 3381 1726 3432 καὶ
1752 3380 1925 3432 εἰσαεὶ

354 3472 699 3542 διαμένοντος
722 3487 735 3500 ·
771 3474 827 3524 ὲν
852 3469 932 3535 οἷς
966 3490 1097 3543 φησι
1114 3512 1129 3535 ,
1159 3472 1242 3526 Σὺ
1272 3472 1340 3524 δὲ
1361 3475 1394 3526 ό
1418 3472 1600 3538 αὐτὸς
1621 3470 1697 3538 εἶ,
1727 3473 1826 3526 καὶ
1850 3475 1923 3528 τὰ

357 3563 462 3630 ἐτη
510 3579 626 3616 σου
660 3564 770 3615 οὐκ
806 3562 1185 3630 ἐκλείψουσι.
1236 3561 1419 3615 Ταῦτα
1459 3563 1554 3616 καὶ
1595 3564 1663 3617 τά
1703 3565 1926 3620 τοιαῦτα

359 3653 511 3723 παρὰ
553 3652 659 3706 τῶν
691 3651 1129 3722 θεοφορουμένων
1160 3652 1445 3716 ἀκούοντες
1465 3692 1479 3715 ,
1512 3655 1627 3717 πῶς
1667 3656 1766 3725 οὐχ
1791 3655 1820 3708 ὃ
1850 3656 1925 3727 μὴ

359 3744 420 3809 ἐξ
444 3745 616 3797 ἀϊδίου
652 3745 797 3797 ἐστὶν
816 3784 831 3808 ,
864 3745 938 3809 ὡς
972 3745 1279 3813 πρόσφατόν
1313 3761 1374 3796 τε
1398 3746 1492 3798 καὶ
1524 3744 1802 3817 ἀλλότριον
1829 3748 1928 3817 τῆς

359 3835 623 3907 ἀληθινῆς
670 3836 964 3906 Θεότητος,
997 3839 1107 3898 τοῖς
1161 3822 1569 3906 εἰδωλολάτραις
1606 3841 1929 3908 προσκυνεῖν

361 3926 759 3997 καταλείπομεν
778 3943 791 3991 ς
819 3927 1007 3996 ’[’ὸγὰρ
1026 3926 1116 3977 νῦν
1130 3924 1210 3986 ὃν,
1230 3926 1488 3996 πρότερον
1502 3926 1557 3980 δὲ
1576 3927 1647 3998 μὴ
1666 3927 1744 3993 ὃν,
1764 3926 1929 3998 nptia—

361 4017 531 4084 φατόν
561 4019 677 4069 ἐστι
717 4017 931 4080 πάντως
957 4018 1048 4070 καὶ
1071 4018 1170 4069 οὐκ
1201 4017 1389 4069 ἀΐδιον·
1419 4019 1479 4069 τὸ
1499 4018 1553 4070 δὲ
1578 4014 1712 4089 πρός
1742 4036 1794 4071 τι
1814 4018 1930 4072 τῶν

363 4106 691 4177 προσφάτων
729 4108 878 4179 όρᾷν,
929 4108 1193 4176 δαιμόνων
1228 4107 1481 4180 λατρείαν
1517 4112 1544 4162 6
1580 4110 1785 4179 Μωσῆς
1811 4110 1929 4163 όνοο

367 4198 559 4269 μάζει,
604 4197 804 4265 λέγων·
848 4199 1115 4252 Ἕθυσαν
1159 4198 1487 4268 δαιμονίοις
1522 4201 1619 4253 καὶ
1654 4201 1725 4253 οὐ
1770 4200 1927 4265 Θεῷο

364 4285 521 4351 θεοῖς
538 4280 627 4351 οἷς
648 4288 758 4339 οὐκ
780 4286 1030 4354 ᾔδεισαν
1047 4290 1100 4341 οἱ
1122 4288 1374 4357 πατέρες
1391 4287 1605 4353 αὐτῶν,
1625 4289 1815 4343 καινοὶ
1836 4289 1934 4343 καὶ

362 4379 698 4445 πρόσφατοι
726 4376 967 4445 ἢχασιν.
996 4380 1057 4431 Εἰ
1090 4375 1183 4432 οῦν
1213 4379 1273 4431 τὸ
1331 4379 1641 4450 πρόσφατον
1672 4380 1730 4434 ὲν
1769 4380 1931 4432 σεϐά-

364 4482 552 4538 σματι,
575 4469 839 4538 δαιμόνων
866 4472 979 4522 ἐστὶ
999 4470 1244 4542 λατρεία,
1272 4472 1367 4525 καὶ
1391 4471 1491 4541 τῆς
1523 4470 1778 4542 ἀληθινῆς
1802 4471 1932 4525 Θεό-

362 4577 524 4631 τητος
551 4560 903 4629 ἠλλοτρίωται
926 4578 940 4592 ο
972 4563 1001 4617 ὃ
1037 4561 1093 4614 δὲ
1133 4561 1227 4614 νῦν
1269 4562 1367 4631 μέν
1416 4564 1592 4625 ἐστιν,
1628 4560 1796 4615 ἀεὶδὲ
1832 4561 1931 4614 οὐκ

362 4644 453 4718 ἦν,
483 4648 794 4720 πρόσφατόν
821 4649 936 4701 ἐστι
968 4650 1062 4702 καὶ
1088 4650 1188 4703 οὑκ
1226 4650 1417 4713 ἀΐδιον,
1445 4650 1755 4717 ἀναγκαίως
1795 4650 1932 4722 πρὸς

362 4741 425 4793 τὸ
458 4740 517 4793 ὃν
546 4740 833 4811 βλέποντες
856 4783 870 4807 ,
897 4744 1022 4804 τοὺς
1051 4742 1110 4794 τὸ
1137 4741 1211 4813 μὴ
1237 4741 1295 4795 δν
1317 4742 1395 4812 τῷ
1424 4743 1536 4795 ὄντι
1572 4741 1933 4814 συνθεωροῦν-

361 4848 464 4894 τας
497 4832 591 4884 καὶ
616 4831 890 4899 λέγοντας,
919 4835 1001 4885 ὅτι
1033 4833 1164 4885 ποτὲ
1196 4833 1296 4885 οὐκ
1326 4827 1415 4903 ῆν,
1435 4836 1545 4897 τοῖς
1572 4832 1934 4905 θεραπευταῖς

360 4923 473 4976 τῶν
495 4922 726 4976 εἰδώλων
755 4925 1210 4996 ἐγκαταλέγομεν.
1246 4927 1353 4980 Καὶ
1374 4926 1482 4995 γὰρ
1502 4927 1530 4978 6
1552 4925 1723 4996 μέγας
1755 4924 1931 4979 Ἰωάνα

363 5033 463 5085 νης
483 5016 573 5068 τὸν
606 5017 866 5086 μονογενῆ
892 5016 1022 5069 Θεὸν
1054 5016 1168 5087 ἰδίῳ
1190 5016 1571 5084 καταγγέλλων
1601 5016 1935 5087 κηρύγματι,

364 5107 635 5170 παντοίως
681 5110 770 5160 τὸν
810 5108 1003 5162 ἑαυτοῦ
1038 5108 1496 5177 κατασφαλίξεται
1533 5105 1708 5176 λόγον,
1744 5107 1819 5171 ὡς
1862 5110 1937 5179 μή

364 5214 487 5250 τινα
523 5199 756 5270 πάροδον
797 5199 893 5271 τὴν
933 5199 1025 5251 τοῦ
1063 5198 1137 5270 μὴ
1187 5195 1323 5252 εἶναι
1360 5199 1625 5268 ὑπόληψιν
1655 5200 1796 5252 κατά
1838 5198 1931 5251 τοῦ

365 5287 518 5351 ὄντος
545 5287 747 5343 λαϐεῖν.
774 5289 934 5357 Λέγει
974 5290 1080 5360 γὰρ
1100 5328 1113 5352 ,
1153 5290 1232 5343 ὅτι
1278 5288 1365 5341 Ἐν
1398 5290 1537 5359 ἀρχῇ
1561 5283 1649 5359 ἦν,
1683 5286 1936 5357 καὶπρὸς

366 5381 460 5434 τὸν
487 5381 620 5434 Θεὸν
644 5377 731 5452 ἦν,
762 5383 857 5435 καὶ
887 5381 1016 5444 Θεὸς
1039 5378 1129 5453 ἦν,
1168 5382 1262 5435 κα)⁵
1291 5382 1408 5450 φῶς
1439 5377 1530 5452 ῆν,
1565 5382 1659 5435 καὶ
1693 5381 1806 5452 ζωὴ
1838 5382 1936 5435 καὶ

369 5470 617 5540 ἀλήθεια,
648 5472 741 5524 καὶ
771 5471 949 5524 πάντα
978 5472 1044 5525 τά
1071 5472 1250 5540 ἀγαθά
1278 5470 1506 5525 πάντοτε
1534 5466 1625 5541 ἦν,
1655 5471 1750 5524 καὶ
1785 5470 1937 5525 οὐδὲν

354 5561 623 5616 ὀὐδέποτέ
655 5579 706 5614 τι
734 5562 840 5615 τῶν
871 5563 1049 5617 καλῶν
1077 5565 1176 5618 οὐκ
1206 5559 1305 5634 ἦν,
1341 5567 1371 5619 6
1397 5564 1612 5619 πάντων
1636 5563 1745 5619 τῶν
1790 5564 1929 5634 ἀγα-

2024 3303 2090 3342 eo
2116 3288 2373 3354 loquitur,
2420 3288 2561 3342 idem
2596 3289 2880 3344 clamitat:
2930 3304 3145 3344 omnem
3176 3289 3395 3359 quidem
3432 3304 3587 3344 crea-

2023 3387 2204 3432 turam
2236 3374 2305 3433 ab
2353 3380 2472 3448 ipso
2502 3378 2571 3432 ad
2624 3382 3034 3449 generationem
3061 3378 3351 3433 adductam
3394 3379 3585 3446 fuisse,

2024 3471 2202 3527 solum
2224 3485 2358 3525 vero
2397 3471 2568 3526 Deum
2599 3472 2793 3527 eodem
2830 3472 2992 3527 modo
3032 3487 3247 3542 semper
3274 3488 3591 3537 esse,eum—

2024 3564 2258 3635 demque
2291 3565 2346 3618 in
2373 3572 2693 3634 perpetuum
2725 3579 3069 3634 permanere.
3126 3564 3185 3622 In
3221 3565 3424 3633 quibus
3477 3566 3586 3619 ait:

2028 3655 2107 3710 Tu
2144 3665 2318 3709 autem
2345 3655 2481 3709 idem
2508 3672 2562 3709 es
2589 3695 2605 3719 ,
2644 3663 2693 3709 et
2725 3656 2853 3708 anni
2889 3656 2964 3708 tui
2994 3671 3097 3709 non
3132 3655 3371 3724 deﬁcient
3398 3655 3439 3708 ³.
3465 3654 3593 3710 Haec

2025 3757 2079 3801 et
2102 3746 2371 3815 ejusmodi
2407 3763 2473 3800 ex
2500 3745 2635 3800 viris
2676 3745 2769 3799 Dei
2804 3746 2998 3815 spiritu
3031 3746 3227 3801 amatis
3273 3762 3397 3801 cum
3442 3747 3595 3801 audi-

2027 3852 2175 3897 mus,
2211 3837 2486 3905 quomodo
2517 3836 2569 3889 id
2591 3836 2736 3905 quod
2767 3836 2834 3890 ab
2850 3847 3052 3891 aeterno
3065 3852 3173 3891 non
3194 3845 3300 3902 est,
3324 3847 3381 3892 ut
3399 3854 3593 3896 recens

2028 3935 2084 3981 et
2110 3928 2350 3982 alienum
2383 3943 2413 3980 a
2444 3942 2573 3981 vera
2630 3927 2861 3991 lleitate,
2897 3928 3220 3995 idololatris,
3271 3931 3322 3984 id
3377 3941 3480 3995 est,
3529 3933 3593 3986 li-

2022 4018 2309 4073 ctitiorum
2337 4019 2564 4073 deorum
2588 4018 2890 4075 cultoribus
2919 4018 3251 4075 adorandum
3291 4038 3400 4076 non
3428 4024 3593 4079 relin-

2030 4108 2290 4178 quimus?
2323 4108 2480 4174 Quod
2527 4109 2672 4163 enim
2723 4124 2870 4164 nunc
2931 4112 3213 4180 est,prius
3255 4123 3434 4169 autem
3480 4133 3593 4171 non

2030 4207 2166 4267 erat,
2229 4213 2421 4254 recens
2444 4206 2530 4254 est
2557 4200 2782 4254 omnino
2808 4215 2907 4255 nec
2935 4210 3198 4257 aeternum
3221 4221 3236 4271 ;
3270 4206 3471 4263 intueri
3492 4226 3595 4265 au-

2032 4298 2139 4343 tem
2172 4289 2225 4343 in
2259 4289 2465 4359 aliquid
2500 4290 2825 4357 recentium,
2851 4290 3159 4347 daemonum
3194 4296 3402 4353 cultum
3436 4310 3595 4355 vocat

2036 4379 2238 4446 Moses,
2289 4380 2479 4435 dicens
2522 4399 2536 4435 :
2600 4378 3014 4435 [inmolaverunt
3076 4382 3370 4452 daemoniis,
3400 4397 3450 4442 et
3491 4407 3596 4444 non

2035 4472 2144 4526 Deo
2186 4486 2205 4525 :
2255 4471 2358 4527 diis
2395 4489 2523 4541 quos
2569 4474 2883 4542 ignorarunt
2935 4484 3111 4543 patres
3155 4477 3425 4547 ipsorum,
3479 4483 3597 4536 novi

2034 4574 2361 4633 recentesque
2392 4560 2638 4621 venerunt
2688 4566 2731 4620 ‘.
2767 4563 2825 4619 Si
2853 4565 3019 4636 igitur
3041 4568 3187 4637 quod
3213 4585 3406 4626 recens
3434 4574 3597 4628 estin

2032 4656 2116 4710 his
2143 4671 2264 4726 quae
2293 4656 2569 4721 coluntur,
2599 4657 2904 4712 daemonum
2929 4666 3014 4713 est
3046 4660 3277 4726 cultura.
3317 4670 3373 4717 et
3418 4678 3448 4718 a
3471 4680 3598 4719 veta

2031 4744 2238 4800 Deitate
2282 4746 2519 4800 alienum
2550 4754 2673 4800 est:
2719 4746 2865 4817 quod
2899 4754 3081 4804 autem
3139 4765 3286 4804 nunc
3317 4757 3422 4813 est.
3457 4766 3601 4806 sem-

2033 4852 2128 4906 per
2154 4842 2333 4890 autem
2361 4851 2469 4890 non
2494 4843 2633 4899 erat,
2654 4850 2847 4891 recens
2874 4845 2959 4891 est
2997 4848 3053 4892 et
3076 4852 3181 4891 non
3204 4845 3600 4894 aeternumme-

2036 4927 2280 4982 cessario
2302 4941 2405 4983 nos
2432 4927 2526 4997 qui
2556 4926 2609 4981 id
2623 4925 2772 4996 quod
2801 4935 2885 4982 est
2916 4928 3207 4991 intuemur,
3227 4942 3323 4983 eos
3343 4929 3434 4998 qui
3452 4929 3600 4998 quod

2038 5034 2146 5073 non
2170 5024 2254 5073 est
2300 5033 2423 5072 cum
2448 5033 2513 5074 eo
2563 5018 2706 5089 quod
2733 5024 2814 5073 est
2846 5019 3301 5088 contemplantur,
3337 5028 3391 5073 et
3410 5018 3602 5075 dicunt

2036 5108 2182 5179 quod
2225 5107 2504 5179 quondam
2540 5122 2651 5162 non
2686 5116 2825 5171 erat,
2871 5107 3139 5161 idolorum
3165 5107 3465 5163 cultoribus
3502 5124 3603 5163 an-

2040 5214 2417 5256 numeramus.
2458 5198 2671 5255 Etenim
2712 5212 2942 5269 magnus
2980 5195 3218 5253 Joannes
3264 5200 3601 5269 unigenitum

2042 5292 2211 5350 Deum
2239 5306 2340 5349 suo
2388 5291 2662 5361 praeconio
2724 5289 3080 5353 annuntians,
3137 5305 3298 5344 suum
3348 5294 3603 5347 omnibus

2043 5383 2221 5438 modis
2248 5382 2537 5452 prtetnunit
2566 5393 2899 5444 sermonem,
2925 5387 2986 5433 ut
3018 5380 3201 5435 nullus
3229 5381 3302 5434 sit
3330 5381 3512 5436 aditus
3537 5380 3606 5435 ad

2048 5472 2356 5544 opinionem
2382 5464 2791 5540 concipiendam
2815 5477 3007 5525 contra
3046 5469 3098 5524 id
3129 5473 3271 5540 quod
3304 5481 3386 5526 est
3428 5472 3607 5541 ipsum

2041 5580 2153 5621 non
2184 5561 2479 5633 aliquando
2507 5560 2706 5619 fuisse:
2738 5560 2872 5617 dicit
2891 5561 3059 5630 enim,
3089 5562 3147 5619 1n
3182 5563 3451 5635 principio
3465 5570 3606 5631 erat,

438 5747 493 5777 ι’
519 5742 641 5798 lsai.
687 5757 810 5810 XLV,
859 5742 913 5797 5.
988 5744 1007 5774 ¹
1034 5741 1213 5798 Judic.
1246 5757 1365 5811 xm,
1395 5741 1484 5799 18.
1561 5742 1581 5775 ³
1606 5740 1752 5800 Psal.
1786 5756 1862 5810 cr,
1885 5742 1921 5797 2

2052 5744 2075 5778 ⁸
2109 5743 2266 5800 Deut.
2299 5759 2476 5812 χχιιι,
2506 5745 2592 5802 l7.
