4034 6500
464 428 467 429 ί
527 356 627 413 m

1757 352 1817 406 S.
1844 350 2072 408 GREGO

2208 349 2492 406 NYSSEM
3632 362 3720 420 ἐτξ

520 484 579 529 ct
607 470 749 543 apud
781 469 946 524 Deum
977 474 1115 531 erat.
1150 476 1205 522 et
1250 466 1390 522 Deus
1433 473 1574 527 erat,
1606 473 1660 519 et
1695 466 1785 519 lux
1857 476 1974 520 erat
1997 506 2011 528 .
2039 484 2068 520 e

2195 464 2302 517 θῶν
2330 467 2389 517 τὸ
2412 465 2681 534 πλήρωμα
2713 465 2805 529 ῶν,
2834 466 2927 520 καὶ
2956 468 3012 518 ὲν
3038 468 3148 529 τοῖς
3171 466 3389 547 κόλποις
3412 469 3500 523 τοῦ
3530 476 3720 547 Πατρὸς

521 567 631 622 vita
660 573 716 619 et
736 564 959 625 veritas,
980 570 1034 616 et
1059 560 1241 614 omnia
1272 560 1412 613 bona
1444 550 1659 629 semper
1687 570 1804 612 erat
1840 560 1892 612 ἐ
1926 571 1980 613 ει
2005 560 2087 611 ni-

522 654 597 709 hil
627 665 866 723 unquam
913 649 1215 720 quidquam
1250 648 1518 702 honorum
1554 662 1661 699 non
1687 656 1824 707 erat,
1866 647 1959 715 qui
2005 656 2086 698 est

521 747 762 803 omnium
807 744 1075 799 bonorum
1106 740 1409 810 plenitudo,
1442 749 1496 794 et
1543 739 1597 791 in
1649 738 1861 794 sinibus
1892 733 2081 791 Patris.

524 840 580 894 Si
644 839 811 909 igitur
858 835 1039 889 Moses
1069 834 1219 888 velut
1252 847 1395 886 verze
1432 830 1659 885 Deitatis
1713 829 2080 884 characterem

521 932 756 1000 aliquem
791 927 948 982 nobis
966 927 1080 994 lege
1101 923 1304 986 sanxit,
1335 921 1471 975 nihil
1497 935 1689 990 nempe
1716 920 1862 973 aliud
1885 920 1951 973 de
1974 919 2083 972 Deo

519 1034 850 1092 cognoscere
893 1032 1053 1087 quam
1085 1015 1187 1069 hoc
1212 1014 1388 1069 solum
1433 1012 1579 1081 quod
1618 1021 1700 1066 est
1732 1029 1745 1064 :
1788 1011 1892 1066 hoc
1937 1014 2078 1065 enim

519 1114 884 1172 demonstrat,
910 1108 1024 1179 Ego
1055 1122 1171 1159 sum
1200 1104 1287 1175 qui
1334 1120 1449 1157 sum
1502 1104 1541 1156 ⁸.
1567 1104 1738 1158 Isaias
1769 1110 1949 1157 autem
1976 1118 2079 1155 un-

519 1202 685 1271 dique
715 1200 1034 1254 inlinitatem
1066 1197 1207 1251 entis
1237 1209 1339 1250 suo
1386 1194 1665 1265 praeconio
1716 1193 2039 1264 pronuntiat
2062 1230 2078 1254 ,

518 1308 696 1363 neque
726 1294 777 1346 in
811 1289 1098 1360 principio,
1130 1302 1311 1357 neque
1331 1287 1387 1340 in
1423 1287 1527 1341 [ine
1556 1300 1654 1340 ens
1686 1285 1741 1338 in
1794 1285 1905 1341 Deo
1936 1283 2078 1340 limi-

518 1393 690 1439 tatum
720 1393 772 1437 et
801 1381 1080 1436 delinitum
1102 1380 1344 1434 intuens.
1385 1376 1519 1431 Nam
1556 1390 1678 1430 eum
1734 1373 1866 1427 dixit
1900 1390 1913 1426 :
1970 1370 2078 1442 Ego

517 1478 717 1547 primu:
743 1483 792 1527 et
819 1489 911 1542 ego
942 1479 1060 1541 post
1086 1468 1196 1524 haec
1249 1470 1293 1534 ",
1323 1469 1378 1523 in
1414 1475 1607 1521 neutro
1631 1463 1946 1519 aeternitatis
1981 1473 2082 1517 ter-

514 1568 724 1622 minum
759 1563 973 1620 statuit.
1002 1563 1078 1616 Ita
1112 1570 1171 1615 ut
1193 1575 1370 1629 neque
1397 1559 1465 1613 ad
1491 1558 1818 1629 principium
1848 1571 2080 1611 cernen-

513 1668 618 1723 tes,
658 1655 999 1711 inveniamus
1029 1652 1242 1723 signum
1278 1649 1494 1720 aliquod
1519 1664 1547 1702 a
1576 1663 1684 1718 quo
1728 1663 1849 1703 esse
1899 1662 2080 1714 caepe—

515 1749 607 1812 rit,
634 1757 687 1801 et
718 1755 839 1816 post
857 1744 1002 1815 quod
1034 1758 1144 1798 non
1164 1750 1283 1798 erat
1308 1760 1322 1797 :
1360 1756 1537 1809 neque
1564 1740 1632 1793 ad
1663 1738 1713 1791 id
1744 1736 1891 1807 quod
1920 1737 2077 1790 dein-

2192 554 2284 608 ῶν.
2328 557 2387 608 Ei
2421 557 2596 608 τοίνυν
2630 556 2823 627 Μωσῆς
2859 558 2956 627 μὲν
2997 552 3106 610 οἷόν
3136 575 3255 609 τινα
3304 544 3606 633 χαρακτῆρα
3635 544 3721 638 τῆς

2190 645 2444 716 ἀληθινῆς
2490 646 2749 718 Θεότητος
2798 650 2928 718 ἡμῖν
2978 648 3274 718 νομοθετεῖ,
3311 650 3369 702 τὸ
3419 654 3572 722 μηδὲν
3613 658 3722 712 ἄλλο

2193 740 2319 808 περὶ
2345 739 2478 791 Θεοῦ
2512 740 2818 807 γινώσκειν,
2852 741 2885 810 ἢ
2914 740 3069 793 τοῦτο
3109 741 3266 810 μόνον
3302 742 3381 793 ὅτι
3410 744 3537 796 ἐστί.
3574 747 3723 801 Τοῦτο

2189 830 2296 900 γὰρ
2337 830 2666 884 ἐνδείκνυται
2704 832 2784 894 τὸ,
2806 832 2943 902 Ἐγώ
2967 835 3080 901 εἰμι
3124 835 3157 886 ό
3195 832 3297 884 ῶν.
3350 833 3567 899 Ἡσαΐας
3595 837 3723 893 δὲτὸ

2191 921 2525 991 πανταχόθεν
2563 923 2807 991 ἀόριστον
2844 924 2936 976 τοῦ
2973 924 3121 986 ὄντος
3161 922 3259 993 βοᾷ
3292 922 3367 993 τῷ
3403 924 3721 996 κηρύγματι,

2191 1014 2327 1083 μήτε
2360 1013 2427 1065 δι’
2463 1013 2668 1084 ἀρχῆς,
2708 1014 2842 1084 μήτε
2887 1014 2974 1068 διὰ
3015 1014 3199 1077 τέλους
3232 1014 3438 1084 βλέπων
3478 1017 3534 1069 τὸ
3563 1018 3616 1070 ὃν
3644 1020 3723 1072 ἐπὶ

2186 1102 2279 1154 τοῦ
2310 1102 2441 1155 Θεοῦ
2471 1102 2798 1173 ὁριζόμενον.
2818 1105 2875 1157 '0
2901 1104 3007 1176 γὰρ
3029 1104 3216 1169 εἰπὼν,
3243 1105 3323 1157 ὅτι
3359 1105 3501 1175 Ἐγὼ
3516 1108 3725 1175 πρῶτος

2186 1194 2283 1247 καὶ
2312 1196 2461 1262 μετὰ
2491 1196 2673 1249 ταῦτα
2692 1236 2705 1261 ,
2743 1197 2799 1249 ἐν
2827 1196 3010 1250 οὐθετέ
3021 1194 3211 1268 ρῳ’τὸν
3238 1198 3360 1267 ὅρον
3388 1199 3484 1267 τῆς
3512 1201 3725 1271 ἀῖδιότη-

2184 1300 2274 1347 τος
2305 1285 2534 1354 ἵστησιν·
2560 1286 2636 1350 ὡς
2669 1289 2806 1356 μήτε
2833 1289 2968 1358 πρὸς
2989 1291 3087 1359 τὴν
3110 1289 3279 1360 ἀρχὴν
3309 1289 3543 1360 ὁρῶντας
3563 1292 3724 1361 εὑρεῖν

2185 1393 2237 1428 τι
2270 1379 2495 1446 σημεῖον
2540 1378 2631 1445 ἀφ’
2679 1372 2739 1430 οῦ
2777 1380 2891 1431 ἐστι
2914 1421 2928 1443 ,
2967 1383 3060 1432 καὶ
3107 1380 3222 1450 μεθ’
3258 1374 3316 1433 οῦ
3348 1380 3445 1431 οὐκ
3481 1376 3566 1450 ἦν,
3602 1384 3722 1453 μήτε

2186 1466 2321 1537 πρὸς
2368 1469 2428 1521 τὸ
2474 1470 2669 1539 ἐφεξῆς
2710 1472 2807 1542 τὴν
2846 1471 3082 1524 διάνοιαν
3133 1473 3461 1540 ἀνάγοντας,
3487 1474 3591 1543 ὅρῳ
3631 1475 3723 1527 τινὶ

2184 1557 2491 1611 διακόπτειν
2524 1559 2615 1612 τοῦ
2639 1560 2786 1625 ὄντος
2822 1562 2919 1632 τὴν
2959 1562 3048 1614 ἐπὶ
3077 1562 3136 1614 τὸ
3168 1562 3334 1615 ἀΐδιον
3369 1562 3610 1633 πρόοδον·
3642 1564 3721 1617 τοῦ

2183 1649 2239 1703 δὲ
2267 1652 2540 1721 προφήτου
2574 1653 2734 1705 Δαϐὶδ
2765 1654 3070 1724 πρόσφατόν
3099 1671 3149 1706 τι
3181 1656 3268 1706 καί
3314 1654 3582 1724 ἀλλότριον
3616 1654 3722 1707 θεὸν

2190 1744 2607 1811 προσκυνεῖσθαι
2635 1745 3065 1816 ἀπαγορεύοντος
3086 1787 3099 1805 ,
3135 1740 3210 1799 ὧν
3247 1746 3502 1816 ἑκάτερον
3531 1747 3586 1798 ἐν
3628 1749 3723 1807 τοῖς

515 1853 641 1908 ceps
676 1835 925 1906 sequitur
968 1833 1383 1903 intelligentiam
1425 1831 1781 1900 appellentes,
1847 1829 2072 1881 termino

2179 1832 2438 1902 δόγμασίν
2460 1837 2575 1888 ἐστι
2600 1836 2699 1905 τῆς
2731 1838 3009 1909 αἱρέσεως.
3054 1838 3141 1890 Ἐν
3175 1838 3270 1907 μὲν
3295 1836 3373 1907 τῷ
3398 1837 3468 1908 μὴ
3496 1838 3638 1907 άῖδίῳ
3670 1836 3722 1888 τὸ

514 1927 701 1997 aliquo
729 1926 849 1996 ejus
892 1923 1038 1995 quod
1079 1932 1164 1978 est
1210 1922 1604 1977 intercidamus
1660 1935 1973 1991 processum
2025 1918 2080 1972 in

511 2029 792 2075 aternum.
840 2018 975 2074 Cum
992 2014 1296 2087 praesertim
1326 2013 1493 2067 David
1522 2014 1782 2082 propheta
1808 2019 2078 2065 recentem

2187 1924 2517 1993 πρόσφατον,
2566 1929 2622 1979 ἐν
2648 1927 2703 1978 δὲ
2732 1928 2809 1997 τῷ
2833 1930 2931 1998 τῆς
2954 1928 3047 1980 τοῦ
3076 1928 3329 1999 ἀληθινοῦ
3364 1928 3495 1981 Θεοῦ
3530 1926 3723 1995 φύσεως

2186 2014 2573 2081 ἀπεξενῶσθαι,
2602 2018 2661 2071 τὸ
2681 2019 2956 2090 ἀλλότριον
2984 2020 3165 2090 σαφῶς
3198 2019 3569 2073 ἐπιδείκνυται.

509 2124 569 2170 et
580 2115 817 2170 alienum
856 2112 1014 2165 deutn
1034 2108 1259 2161 adorare
1286 2114 1430 2161 vetet
1458 2106 1478 2136 ⁸
1500 2124 1511 2158 :
1542 2105 1594 2158 in
1612 2119 1841 2173 quorum
1862 2118 2152 2173 utrumque
2168 2107 2470 2179 impingunt
2487 2111 2756 2166 hwreseos
2775 2112 3045 2181 dogmata.
3070 2110 3201 2165 Nam
3223 2112 3276 2166 in
3292 2127 3357 2166 eo
3375 2111 3513 2182 quod
3532 2110 3722 2174 dicunt,

515 2220 625 2261 non
666 2220 788 2260 esse
812 2212 1098 2264 aeternum,
1134 2209 1403 2255 recentem
1427 2238 1443 2263 ,
1480 2199 1535 2252 in
1563 2213 1629 2253 eo
1663 2196 1806 2267 quod
1839 2206 2081 2251 anatura
2100 2201 2209 2254 veri
2266 2201 2357 2256 Dei
2407 2204 2812 2268 abhorrentem,
2862 2206 3099 2259 alienum
3135 2216 3322 2276 aperte
3348 2206 3723 2260 demonstrant.

585 2296 709 2351 Haec
734 2297 900 2365 igitur
914 2310 1038 2348 cum
1068 2295 1141 2347 ita
1168 2308 1228 2349 se
1254 2291 1510 2354 habeant,
1528 2289 1792 2359 quidquid
1819 2287 2088 2357 ejusmodi

2256 2293 2475 2347 Τούτων
2517 2293 2611 2350 οὖν
2652 2297 2825 2361 οὕτως
2870 2298 3119 2368 ἐχόντων,
3162 2299 3343 2351 πᾶσαν
3377 2298 3473 2368 τὴν
3515 2297 3597 2350 διὰ
3632 2297 3725 2349 τῶν

513 2405 611 2461 per
652 2388 876 2445 cavillos
921 2392 1275 2456 prazstruuut,
1317 2381 1462 2451 quod
1500 2380 1751 2435 videlicet
1794 2380 2072 2448 aliquandc

2186 2386 2533 2455 σοφισμάτων
2562 2389 2903 2458 κατασκευὴν
2938 2388 3033 2459 τὴν
3063 2389 3190 2459 περὶ
3215 2388 3309 2442 τοῦ
3350 2388 3427 2458 μὴ
3452 2385 3581 2440 εἷναί
3612 2398 3724 2440 ποτε

513 2498 624 2540 non
655 2480 818 2535 fuerit
845 2480 935 2534 ille
963 2478 1057 2548 qui
1086 2492 1216 2531 vere
1239 2484 1345 2538 est,
1375 2474 1510 2528 nihil
1534 2473 1681 2527 aliud
1715 2488 1879 2543 quam
1907 2480 2089 2524 trans-

510 2575 847 2647 gressionem
878 2568 1312 2631 Christianismi,
1344 2576 1398 2622 et
1418 2565 1485 2619 ad
1521 2566 1789 2620 idolorum
1813 2565 2084 2619 culturam

511 2667 876 2721 reversionem
901 2675 1025 2715 esse
1047 2659 1359 2714 deﬁnimus.
1393 2656 1530 2710 Cum
1562 2656 1708 2710 enim
1747 2654 2083 2724 evangelista

511 2772 609 2828 per
636 2753 965 2823 theologiam
1000 2750 1240 2819 undique
1275 2763 1341 2803 ex
1381 2762 1447 2801 eo
1473 2746 1617 2817 quod
1645 2753 1752 2809 est,
1783 2745 1929 2815 quod
1967 2760 2074 2798 non

510 2859 595 2905 est
642 2843 1041 2907 exterminarit,
1101 2853 1153 2896 et
1204 2856 1300 2911 per
1352 2839 1667 2895 continuam
1713 2837 1890 2901 verbi,
1938 2847 2072 2899 erat,

510 2940 911 3012 repetitionem,
942 2934 1085 3006 quod
1118 2948 1227 2987 non
1263 2933 1355 2995 sit,
1381 2930 1696 3001 suspicandi
1725 2929 2072 2984 occasionem

508 3031 797 3102 diligenter
842 3024 1189 3097 expunxerit,
1224 3024 1405 3093 ipsum
1456 3036 1585 3076 vero
1618 3018 1996 3090 Uuigenitum,
2021 3028 2077 3074 et

510 3121 702 3187 Deum,
748 3127 803 3172 et
834 3117 1069 3174 Verbum
1110 3115 1222 3178 Dei,
1261 3123 1314 3168 et
1354 3112 1550 3166 Filium
1584 3111 1698 3173 Dei,
1729 3120 1781 3165 et
1812 3112 2071 3180 aqualem

509 3214 643 3279 Deo,
676 3223 731 3270 et
758 3213 938 3268 omnia
975 3226 1097 3281 quae
1123 3216 1251 3265 sunt
1296 3205 1612 3276 hujusmodi
1660 3205 1859 3274 ubique
1901 3204 2077 3257 nomi-

510 3306 744 3371 naverit,
788 3304 1005 3358 ﬁrmum
1038 3302 1304 3355 habemus
1353 3300 1459 3353 hoc
1505 3299 1557 3352 in
1593 3297 1889 3365 nobisipsis
1924 3294 2075 3364 judi-

508 3400 654 3453 cium
686 3406 848 3466 atque
881 3393 1237 3456 immutabile,
1275 3390 1419 3460 quod
1468 3390 1514 3444 si
1546 3388 1690 3442 Deus
1723 3397 1805 3443 est
1836 3388 2078 3457 unigeni-

507 3498 601 3547 tus
635 3490 799 3551 Deus,
830 3501 1043 3555 semper
1071 3484 1402 3539 credendum
1434 3491 1518 3538 est
1551 3482 1731 3551 ipsum
1759 3496 1882 3535 esse
1904 3479 2074 3535 Deum

508 3583 602 3654 qui
639 3580 882 3637 creditus
914 3585 1015 3632 est.
1049 3576 1359 3642 Quinetiam
1398 3575 1442 3629 si
1467 3590 1592 3629 vere
1617 3583 1699 3629 est
1734 3572 1898 3639 Deus,
1927 3588 2074 3628 sem-

508 3690 605 3746 per
635 3674 860 3728 omnino
889 3680 992 3733 est,
1024 3679 1078 3725 et
1106 3681 1384 3736 nunquam
1415 3680 1521 3719 non
1565 3680 1687 3719 esse
1715 3664 2073 3733 comprehen-

507 3770 676 3821 ditur.
736 3764 875 3819 Deus
921 3763 1088 3825 enim,
1144 3760 1287 3815 sicut
1335 3772 1478 3827 saepe
1528 3756 1790 3819 diximus,
1834 3756 1879 3811 si
1926 3769 2072 3809 nunc

505 3867 611 3923 est,
664 3866 718 3912 et
764 3867 982 3925 semper
1026 3852 1252 3907 omnino
1300 3850 1402 3903 fuit
1442 3847 1635 3918 :quod
1681 3848 1728 3903 si
1775 3846 2072 3918 aliquando

506 3968 610 4007 non
645 3948 769 4012 fuit,
801 3946 935 4001 nihil
976 3959 1122 3999 nunc
1151 3951 1232 3998 est
1258 3941 1525 3996 funditus.
1561 3940 1667 3995 Sed
1693 3940 1949 4010 quoniam
1983 3936 2073 3991 Fi-

505 4042 637 4095 lium
665 4054 790 4095 esse
828 4036 1166 4106 unigenitum
1204 4033 1369 4086 Deum
1404 4039 1455 4086 ct
1499 4030 1551 4083 in
1600 4037 1915 4100 perpetuum
1949 4044 2074 4099 per-

503 4145 750 4194 manere,
798 4129 960 4184 etiam
1005 4127 1074 4181 ab
1122 4124 1365 4178 inimicis
1405 4122 1653 4176 veritatis
1702 4121 2067 4176 conceditur:

504 4224 611 4279 hoc
656 4221 891 4276 dicimus
923 4217 1069 4288 quod
1104 4217 1199 4286 qui
1243 4230 1461 4285 semper
1492 4223 1577 4268 est
1618 4216 1673 4267 in
1725 4212 1907 4277 Patre,
1961 4227 2069 4266 non

503 4314 805 4372 secundum
842 4326 1010 4364 unum
1055 4309 1231 4362 solum
1265 4316 1348 4362 est
1380 4310 1431 4360 in
1466 4306 1605 4376 ipso,
1642 4305 1738 4359 sed
1767 4302 2066 4359 secundum

504 4407 688 4461 omnia
717 4418 838 4474 qua:
864 4402 1025 4456 Pater
1052 4416 1173 4455 esse
1197 4400 1537 4469 intelligitur,
1571 4413 1665 4467 per
1692 4398 1874 4451 omnia
1906 4404 1989 4450 est
2014 4396 2066 4449 in

508 4500 649 4567 ipso.
684 4492 1154 4561 Quemadmodum
1187 4490 1351 4559 igitur
1384 4490 1429 4543 is
1454 4491 1543 4559 qui
1577 4490 1629 4542 in
1657 4490 2067 4557 incorruptione

503 4587 684 4642 Patris
723 4594 831 4648 est,
873 4580 1310 4651 incorruptibilis
1372 4590 1455 4636 est
1504 4588 1557 4633 et
1602 4579 1657 4632 in
1686 4579 1931 4633 bonitate
1966 4578 2065 4631 bo-

501 4694 629 4743 nus,
663 4685 717 4733 et
760 4678 814 4730 in
863 4680 1130 4745 potestate
1178 4680 1388 4739 potens,
1422 4679 1474 4725 et
1526 4672 1582 4724 in
1611 4685 1828 4740 quoque
1876 4684 2065 4724 eorum

500 4784 623 4842 qua:
654 4765 1034 4838 praestantiora
1067 4762 1121 4816 in
1152 4760 1312 4815 Patre
1339 4760 1737 4830 intelliguntur,
1772 4758 1903 4813 illud
1933 4766 2017 4813 est
2047 4773 2061 4809 :

502 4863 585 4918 sic
635 4861 799 4915 etiam
847 4856 940 4927 qui
993 4856 1046 4909 in
1107 4854 1411 4908 aeternitate
1462 4852 1640 4908 Patris
1680 4862 1783 4917 est,
1841 4850 2065 4907 omnino

498 4962 739 5007 aeternus
787 4958 892 5003 est.
936 4946 1114 5001 Patris
1158 4954 1337 5000 autem
1384 4945 1664 4999 aeternitas
1697 4943 1825 4998 inde
1873 4943 2064 5014 digno-

500 5044 696 5104 scitur,
729 5039 874 5108 quod
907 5036 1161 5092 videlicet
1197 5052 1373 5106 neque
1412 5052 1473 5091 ex
1509 5020 1619 5090 non
1649 5044 1771 5089 ente
1813 5036 2061 5105 coeperit,

498 5148 674 5202 neque
724 5131 779 5185 in
818 5130 870 5185 id
916 5129 1062 5200 quod
1116 5142 1224 5183 non
1251 5139 1335 5183 est
1376 5128 1607 5181 desinat.
1649 5125 1788 5195 Ergo
1831 5127 1921 5180 ille
1970 5125 2062 5194 qui

496 5225 680 5281 omnia
708 5240 828 5295 quae
856 5231 984 5278 sunt
1012 5221 1189 5275 Patris
1225 5221 1406 5283 habet,
1439 5229 1603 5289 atque
1634 5218 1686 5272 in
1715 5220 1862 5273 omni
1890 5218 2061 5289 gloria

496 5312 676 5368 Patris
726 5313 1132 5374 consideratur,
1177 5309 1635 5379 quemadmodum
1679 5309 1952 5363 exsistens
2004 5312 2058 5361 in

498 5404 605 5457 vita
637 5403 815 5458 Patris
843 5403 946 5456 line
972 5400 1234 5462 carentis,
1261 5399 1419 5453 tinem
1452 5399 1574 5452 vine
1609 5414 1718 5451 non
1745 5399 1905 5452 habet
1938 5418 1949 5450 :
1980 5400 2059 5452 sic

496 5496 551 5550 in
586 5496 744 5551 Patre
773 5496 1037 5563 originem
1068 5509 1174 5548 non
1201 5492 1456 5553 habente,
1484 5492 1695 5545 dierum
1731 5492 2054 5560 principium

496 5604 602 5643 non
634 5587 812 5651 habet,
847 5587 990 5642 sicut
1018 5586 1194 5656 inquit
1223 5585 1518 5655 Apostolus
1563 5585 1609 5646 ’,
1646 5584 1739 5638 sed
1771 5593 1823 5637 et
1859 5600 1920 5637 ex
1959 5584 2057 5638 Pu-

2182 2474 2272 2526 τὸν
2304 2475 2471 2539 ὄντως
2499 2477 2627 2531 ὄντα
2653 2518 2667 2542 ,
2691 2478 2841 2530 οὐδὲν
2880 2478 3006 2531 ἀλλο
3043 2480 3074 2550 ἢ
3128 2479 3440 2549 παράϐασιν
3487 2476 3574 2530 τοῦ
3609 2476 3727 2548 Χριι

2185 2567 2524 2636 στιανισμοῦ,
2550 2569 2644 2621 καὶ
2669 2570 2872 2639 τροπὴν
2888 2572 2966 2633 εἰς
2996 2570 3400 2642 εἰδωλολατρίαν
3427 2567 3558 2622 εἶναι
3581 2568 3727 2638 διορι-

2180 2656 2408 2724 ζόμεθα.
2455 2658 2561 2710 Τοῦ
2610 2660 2717 2728 γάρ
2766 2659 3147 2727 εὐαγγελιστοῦ
3188 2660 3276 2714 διὰ
3326 2663 3429 2731 τῆς
3476 2657 3726 2725 θεολογίας

2184 2747 2517 2818 πανταχόθεν
2552 2749 2892 2819 ἐξορίσαντος
2921 2752 2982 2804 τὸ
3011 2751 3085 2822 μὴ
3117 2752 3176 2805 ὃν
3209 2754 3274 2805 ἐκ
3312 2751 3408 2805 τοῦ
3437 2751 3580 2812 ὄντος
3602 2789 3615 2813 ,
3645 2748 3724 2800 καὶ

2181 2835 2267 2891 διὰ
2304 2838 2403 2908 τῆς
2442 2841 2695 2911 συνεχοῦς
2726 2841 2819 2895 τοῦ
2852 2838 2932 2913 ἦν
2961 2844 3351 2914 ἐπαναλήψεως
3394 2843 3490 2915 τὴν
3530 2842 3617 2895 τοῦ
3661 2841 3725 2912 μὴ

2181 2926 2319 2982 εἶναι
2357 2932 2608 2985 ὑπόνοιαν
2651 2935 2925 3004 ἐπιμελῶς
2956 2936 3357 3006 ἐξαλείψαντος,
3401 2936 3645 3008 μονογενῆ
3675 2934 3724 2985 δὲ

2181 3020 2332 3081 Θεὸν,
2366 3024 2460 3075 καὶ
2479 3024 2646 3091 Λόγον
2668 3024 2821 3088 Θεοῦ,
2852 3026 2947 3079 καὶ
2979 3027 3105 3079 Υἱὸν
3137 3027 3295 3089 Θεοῦ,
3330 3028 3429 3081 καὶ
3450 3022 3564 3080 ἴσον
3595 3025 3719 3093 Θεῷ,

2180 3115 2273 3165 καὶ
2307 3115 2484 3168 πάντα
2508 3118 2577 3170 τά
2605 3117 2823 3171 τοιαῦτα
2851 3120 3338 3189 κατονομάσαντος,
3375 3117 3570 3187 παγίαν
3609 3116 3715 3185 ἕχο-

2181 3222 2281 3273 μεν
2314 3208 2517 3277 ταύτην
2552 3209 2609 3261 ὲν
2653 3210 2864 3272 ἑαυτοῖς
2906 3210 3006 3282 τὴν
3046 3211 3227 3281 κρίσιν
3259 3212 3356 3264 καὶ
3391 3207 3720 3281 ἀμετάθετον,

2177 3296 2257 3348 ὅτι
2281 3299 2328 3349 εί
2357 3297 2489 3360 Θεός
2516 3300 2661 3352 ἐστιν
2680 3302 2706 3353 ὁ
2738 3300 3032 3372 μονογενὴς
3054 3301 3205 3366 Θεὸς,
3229 3303 3315 3354 ἀεὶ
3344 3302 3450 3372 χρὴ
3473 3298 3722 3352 πιστεύειν

2176 3383 2337 3437 αὑτὸν
2383 3380 2521 3438 εἶναι
2567 3386 2658 3439 τὸν
2719 3388 2851 3442 Θεὸν
2905 3390 3354 3461 πεπιστευμένον.
3423 3391 3575 3443 Ἀλλά
3630 3387 3723 3458 μὴν

2177 3472 2389 3545 άληθῶς
2436 3476 2553 3529 ἐστι
2588 3478 2718 3542 Θεὸς
2737 3520 2750 3545 ,
2787 3480 2875 3533 ἀεὶ
2901 3482 3076 3535 πάντα
3102 3483 3238 3545 ἐστὶ,
3279 3484 3377 3537 καὶ
3404 3482 3642 3536 οὐδέποτε
3670 3480 3718 3531 ὲν

2176 3565 2252 3636 τῷ
2279 3566 2353 3637 μὴ
2382 3563 2520 3621 εἶναι
2552 3570 3039 3640 καταλαμϐάνεται.
3074 3574 3203 3638 Θεὸς
3233 3575 3366 3646 γάρ,
3398 3573 3575 3635 καθὼς
3606 3570 3722 3624 πολ-

2174 3653 2331 3720 λάκις
2363 3659 2680 3729 εἰρήκαμεν,
2718 3663 2767 3714 εἰ
2799 3663 2893 3716 νῦν
2923 3666 3060 3727 ἐστι,
3086 3667 3178 3718 καὶ
3207 3667 3293 3719 ἀεὶ
3324 3669 3540 3730 πάντως
3562 3662 3644 3738 ἦν,
3680 3664 3721 3715 εί

2173 3747 2230 3800 δέ
2259 3766 2388 3802 ποτε
2419 3752 2492 3823 μὴ
2519 3748 2608 3823 ἦν,
2629 3755 2748 3808 οὐδὲ
2769 3756 2861 3811 νῦν
2894 3760 3040 3810 ἐστιν
3070 3759 3222 3821 ὅλως.
3273 3761 3414 3813 Ἀλλ’
3446 3760 3624 3829 ἐπειδὴ
3642 3757 3722 3810 τὸν

2176 3841 2303 3895 Υῖὸν
2330 3839 2465 3896 εἶναι
2510 3847 2601 3898 τὸν
2636 3849 2901 3918 μονογενῆ
2945 3848 3077 3904 Θεὸν
3105 3852 3197 3904 καὶ
3247 3852 3422 3906 εἰσαεὶ
3449 3850 3721 3921 διαμένειν,

2174 3934 2267 3985 καὶ
2310 3935 2460 4005 παρὰ
2503 3938 2614 3991 τῶν
2649 3940 2856 4011 ἐχθρῶν
2908 3943 3005 4011 τῆς
3055 3941 3311 4013 ἀληθείας
3362 3944 3716 4014 ὁμολογεῖται·

2173 4025 2328 4080 τοῦτό
2385 4045 2581 4099 φαμεν,
2629 4032 2708 4083 ὅτι
2742 4034 2771 4084 ό
2809 4035 2865 4085 ὲν
2917 4032 2992 4103 τῷ
3034 4033 3211 4104 Πατρὶ
3269 4035 3379 4099 ῶν,
3422 4033 3483 4088 οὐ
3517 4032 3631 4087 καθ’
3670 4030 3721 4083 εν

2177 4117 2335 4187 μόνον
2366 4121 2513 4173 ἐστὶν
2544 4123 2602 4175 ὲν
2644 4123 2790 4193 αὐτῷ
2814 4163 2827 4184 ,
2871 4124 3004 4177 ἀλλά
3030 4127 3169 4179 κατά
3208 4125 3386 4181 πάντα
3415 4129 3512 4180 ὅσα
3543 4124 3720 4177 νοεῖται

2172 4206 2201 4258 ό
2233 4207 2438 4278 Πατὴρ,
2470 4211 2558 4263 διὰ
2602 4214 2816 4266 πάντων
2859 4214 3005 4267 ἐστὶν
3036 4216 3093 4269 ὲν
3132 4216 3298 4286 αὐτῷ.
3348 4218 3435 4281 Ὠς
3463 4212 3553 4269 οῦν
3580 4216 3632 4267 ὲν
3654 4209 3720 4279 τῷ

2174 4300 2432 4372 ἀφθάρτῳ
2462 4304 2553 4355 τοῦ
2600 4307 2809 4376 Πατρὸς
2848 4305 2943 4371 ῶν,
2975 4306 3247 4379 ἄφθαρτός
3283 4310 3429 4369 ἐστι,
3456 4308 3546 4361 καὶ
3580 4308 3632 4358 ὲν
3654 4302 3720 4372 τῷ

2174 4391 2363 4461 ἀγαθῷ
2410 4393 2638 4461 ἀγαθὸς,
2670 4398 2762 4448 καὶ
2806 4399 2861 4449 ὲν
2890 4395 2968 4467 τῷ
3006 4397 3217 4468 δυνατῷ
3258 4398 3512 4461 δυνατὸς.
3544 4396 3630 4450 καὶ
3670 4397 3721 4446 ἐν

2176 4482 2389 4554 ἑκάστῳ
2419 4484 2494 4536 ὢν
2524 4485 2630 4537 τῶν
2660 4488 2794 4556 πρὸς
2828 4489 2885 4540 τὸ
2915 4494 3161 4561 κρεῖττον
3191 4492 3247 4542 ἐν
3275 4492 3353 4563 τῷ
3389 4491 3559 4561 Πατρὶ
3586 4504 3719 4540 vosu-

2179 4573 2375 4640 μένων,
2403 4574 2577 4627 ἐκεῖνό
2614 4579 2759 4630 ἐστιν
2781 4594 2793 4607 ⁸
2821 4578 2991 4642 οὕτως
3025 4583 3116 4633 καὶ
3145 4580 3203 4632 ὲν
3228 4582 3305 4652 τῷ
3345 4582 3500 4652 ἀϊδίῳ
3524 4581 3720 4639 πάντως

2178 4665 2369 4729 ἀΐδιος.
2405 4666 2469 4718 Ἥ
2494 4668 2548 4719 δὲ
2574 4667 2666 4720 τοῦ
2708 4669 2916 4740 [ἰατρὸς
2943 4670 3181 4740 ἀϊδιότης
3207 4672 3263 4724 ὲν
3294 4672 3371 4743 τῷ
3397 4672 3528 4741 μήτε
3554 4671 3612 4721 ἐκ
3635 4665 3717 4719 τοῦ

2176 4758 2252 4826 μὴ
2309 4756 2459 4819 ὄντος
2502 4757 2802 4827 ἄρξασθαι,
2859 4762 2993 4831 μήτε
3048 4763 3129 4825 είς
3183 4763 3243 4815 τὸ
3289 4763 3361 4832 μὴ
3404 4763 3462 4815 ὃν
3506 4757 3719 4827 καταλή-

2173 4864 2290 4914 γειν
2340 4850 2677 4921 γνωρίζεται.
2725 4851 2933 4903 Οὐκοῦν
2965 4853 2992 4905 ό
3030 4853 3244 4915 πάντως
3275 4853 3343 4904 τά
3388 4853 3480 4905 τοῦ
3525 4846 3729 4917 Πατρὸς

2169 4937 2327 5008 ἔχων,
2378 4943 2472 4993 καὶ
2520 4943 2578 4994 ἐν
2626 4943 2773 5013 πάσῃ
2817 4945 2880 5013 τῇ
2931 4942 3056 5015 δόξῃ
3100 4943 3193 4995 τοῦ
3242 4944 3451 5014 nam;
3504 4937 3717 5011 Θεωρού-

2170 5048 2327 5100 μενος
2360 5075 2373 5095 ,
2431 5031 2617 5103 ῶσπερ
2664 5036 2721 5085 ὲν
2754 5033 2830 5103 τῷ
2878 5034 3215 5103 ἀτελευτήτῳ
3245 5034 3336 5087 τοῦ
3378 5032 3587 5103 Πατρός
3628 5030 3713 5086 ὢν.

2168 5122 2314 5191 ζωῆς
2350 5123 2500 5185 τέλος
2531 5125 2629 5176 οὐκ
2658 5124 2771 5193 ἔχει
2797 5142 2809 5154 ·
2858 5125 3000 5178 οὕτω
3038 5126 3132 5178 καὶ
3170 5127 3225 5179 ἐν
3258 5123 3337 5194 τῷ
3382 5124 3597 5194 άνάρχῳ
3631 5117 3715 5173 τοῦ

2171 5213 2383 5281 Πατρὸς
2414 5212 2508 5276 ῶν,
2540 5215 2711 5285 ἀρχὴν
2738 5216 2957 5287 ἡμερῶν
2995 5217 3093 5269 οὐκ
3118 5216 3229 5287 ἔχει
3255 5257 3270 5280 ,
3304 5216 3485 5281 καθώς
3510 5230 3662 5284 φησιν
3690 5211 3715 5260 '5

2182 5303 2517 5365 Ἀπόστολος.
2548 5305 2680 5357 ἀλλὰ
2711 5306 2800 5358 καὶ
2830 5308 2895 5359 ὲκ
2920 5307 3013 5358 τοῦ
3045 5307 3254 5377 Πατρός
3283 5308 3417 5369 ἐστι,
3451 5304 3541 5359 καὶ
3565 5304 3620 5355 ὲν
3655 5302 3714 5368 τῇ

2168 5392 2425 5460 ἀῖδιότητι
2446 5394 2538 5446 τοῦ
2578 5396 2787 5465 Πατρός
2822 5396 3137 5466 καθορᾶται,
3170 5395 3264 5449 καὶ
3291 5396 3463 5467 τούτῳ
3497 5393 3714 5464 μάλιστα

2166 5481 2244 5551 τῷ
2274 5483 2476 5553 τρόπῳ,
2500 5484 2559 5536 τὸ
2582 5484 2667 5536 διὰ
2696 5487 2909 5538 πάντων
2937 5486 3034 5555 τῆς
3059 5487 3262 5549 εἰκόνος
3293 5485 3710 5558 ἀπαράλλακτον.

2163 5572 2297 5641 πρὸς
2326 5572 2415 5624 τὸν
2447 5568 2506 5626 οῦ
2528 5574 2673 5626 ἐστνν
2693 5575 2872 5637 εἰκὼν,
2906 5574 3207 5645 θεωρεῖται.
3229 5577 3337 5629 Καὶ
3362 5576 3565 5647 ἀληθῖης
3582 5575 3608 5626 ὁ
3630 5569 3709 5623 λύε

560 5748 584 5780 '
619 5746 755 5802 Joan
787 5749 825 5813 Ι,
860 5746 885 5802 1
943 5763 1063 5815 sqq.
1141 5746 1162 5777 ⁸
1192 5744 1357 5803 Exod.
1395 5763 1479 5811 ιιι,
1523 5746 1601 5801 ιι.
1685 5749 1703 5778 ⁷
1758 5729 1884 5807 Ιεοὶς
1917 5767 2038 5820 XLV,

2207 5752 2226 5784 '
2262 5751 2407 5807 Psal.
2440 5766 2603 5817 Lxxx,
2644 5752 2698 5807 9.
2764 5754 2787 5785 ’
2828 5750 2991 5807 llebr.
3034 5768 3128 5816 vn,
3166 5754 3219 5808 ‘5.
