4034 6480
238 343 349 405 7⁸15

1324 352 1599 410 comm
1641 338 2021 419 suuomuu,
2065 352 2194 408 ua.
2239 350 2364 407 vni.

3394 353 3495 411 ττι

237 477 332 528 γος
362 461 421 512 ὲν
449 458 656 525 τούτοις
688 460 995 534 εὑρίσκεται
1016 505 1031 528 ,
1067 463 1096 517 6
1120 462 1309 527 εἰπὼν,
1341 466 1421 519 ὅτι
1453 467 1482 518 6
1520 462 1806 533 Ἑωρακὼς

1920 471 2002 517 tre
2035 472 2141 529 est,
2186 471 2237 517 ct
2274 464 2326 515 in
2379 460 2556 515 Patris
2585 462 2889 519 aeternitate
2917 464 3272 537 conspicitur,
3303 474 3359 522 et
3392 468 3496 525 hoc

235 553 340 621 ἐμὲ
353 550 574 620 ἑώρακε
588 553 697 606 τὸν
712 554 958 622 Πατέρα.
992 556 1149 610 Ἀλλά
1175 558 1268 611 καί
1287 557 1346 610 τὺ
1367 574 1441 611 πα
1449 556 1516 627 ρά
1544 556 1636 610 τοῦ
1655 559 1815 609 Ἀπό-

238 644 424 697 στόλου
449 646 739 715 εἰρημένον
794 645 965 708 οὕτως
1000 647 1067 700 ἂν
1102 647 1336 717 μάλιστα
1364 648 1576 718 νοηθείη
1595 690 1609 711 ,
1636 646 1816 711 καλῶς

234 738 329 789 καὶ
357 737 653 806 προσφυῶς
675 736 824 807 ἔχον,
857 736 917 790 τὸ
934 737 1272 809 ἀπαύγασμα
1292 734 1427 793 εἶναι
1446 740 1542 809 τῆς
1558 739 1711 811 δόξης
1724 740 1818 792 καὶ

243 828 575 899 χαρακτῆρα
600 827 703 898 τῆς
734 829 1087 894 ὑποστάσεως
1115 831 1206 884 τὸν
1236 830 1381 884 Υἰόν.
1410 832 1534 894 Τοῖς
1562 831 1669 902 γὰρ
1694 831 1819 885 ἀδυ-

235 920 491 973 νατοῦσιν
530 921 624 973 ἐπὶ
654 920 715 973 τὸ
747 918 881 990 ὕψος
923 922 1020 992 τῆς
1063 922 1396 990 θεογνωσίας
1436 924 1527 976 τὸν
1560 923 1816 993 λογισμὸν

232 1011 463 1078 ἀγαγεῖν
488 1010 576 1064 διὰ
596 1012 697 1081 τῆς
719 1012 828 1066 τῶν
854 1013 1060 1082 νοητῶν
1081 1013 1313 1084 θεωρίας
1333 1030 1346 1043 ·
1371 1013 1579 1076 τούτοις
1617 1015 1681 1065 ὲκ
1708 1013 1816 1066 τῶν

230 1106 301 1173 τῇ
333 1102 583 1172 αἰσθήσει
611 1106 1056 1175 προφαινομένων
1077 1107 1297 1176 ἐμποιεῖ
1322 1124 1442 1160 τινα
1462 1109 1571 1169 τοῖς
1590 1106 1818 1160 ἁκούου-

232 1212 318 1247 σιν
348 1197 377 1248 ό
417 1196 735 1259 Ἀπόστολος
754 1200 849 1251 τοῦ
876 1197 1110 1267 ἀληθοῦς
1143 1197 1466 1265 φαντασίαν.
1503 1198 1588 1262 Ὠς
1618 1199 1727 1269 γὰρ
1754 1198 1817 1251 τὸ

228 1284 457 1355 ἡλιακὸν
495 1286 654 1357 σῶμα
685 1288 790 1358 ὅλῳ
814 1289 892 1358 τῷ
920 1289 1228 1359 περιέχοντι
1261 1288 1444 1360 κύκλῳ
1471 1291 1816 1362 χαρακτηρί-

230 1378 409 1441 ζεται,
432 1379 526 1432 καὶ
558 1381 586 1432 6
606 1379 695 1432 τὸν
725 1379 923 1433 κύκλον
949 1379 1092 1442 ἰδὼν,
1117 1380 1239 1433 ὅλου
1265 1379 1360 1432 τοῦ
1391 1382 1532 1434 κατὰ
1558 1380 1618 1433 τὸ
1648 1380 1813 1451 βάθος

231 1468 600 1539 ὑποκειμένου
630 1471 728 1541 τὴν
768 1471 1067 1525 ὑπόστασιν
1106 1471 1196 1525 διὰ
1219 1472 1313 1525 τοῦ
1345 1472 1669 1543 φαινομένου
1730 1475 1817 1527 ἀν-

228 1560 515 1627 ελογίσατο
533 1578 546 1591 ·
576 1562 749 1626 οὕτως
765 1560 916 1616 εἶπεν
938 1566 995 1618 ὲν
1011 1563 1089 1634 τῷ
1109 1565 1328 1634 μεγέθει
1351 1566 1449 1636 τῆς
1475 1565 1567 1618 τοῦ
1584 1565 1713 1619 Υἱοῦ
1732 1567 1817 1621 δυο

226 1651 450 1720 νάμεως
470 1652 532 1704 τὸ
552 1652 645 1705 τοῦ
663 1654 876 1725 Πατρὸς
892 1655 1177 1725 μεγαλεῖον
1195 1658 1711 1728 χαρακτηρίζεσθαι,
1726 1660 1813 1713 ἵνα

224 1745 356 1797 ὅσον
383 1745 551 1808 ,τοῦτο
582 1746 917 1818 γινώσκηται
940 1787 957 1810 ,
999 1749 1250 1802 τοσοῦτον
1279 1744 1417 1803 εἶναι
1473 1750 1696 1804 κάκεῖνο
1722 1768 1813 1805 πιο

1920 556 2160 610 maxime
2209 556 2371 610 modo
2401 554 2545 624 quod
2581 572 2676 622 per
2698 558 3066 612 omnimodam
3107 567 3160 613 et
3196 560 3496 614 invariabi-
3602 576 3605 579 ‘

1919 641 2022 695 lem
2070 643 2323 713 imaginis
2366 645 2803 711 similitudinem,
2851 664 3014 717 quam
3066 649 3229 704 habet
3261 666 3387 704 cum
3427 666 3496 706 eo

1918 733 2079 801 cujus
2116 740 2201 788 est
2239 733 2441 802 imago,
2474 744 2775 803 spectatur.
2809 735 2873 789 Et
2902 752 3067 792 verus
3097 738 3151 791 in
3200 738 3286 793 his
3312 753 3496 796 sermo

1924 826 2223 890 invenitur,
2284 828 2375 897 qui
2430 827 2566 880 dixit
2599 846 2611 881 :
2641 826 2746 893 Qui
2789 828 2918 881 vidit
2976 847 3077 895 me,
3106 832 3233 884 vidit
3280 842 3328 885 et
3382 830 3493 886 Pa-
3566 851 3573 857 -

1920 926 2055 971 trem
2083 918 2146 971 ¹⁰.
2184 916 2290 973 Sed
2335 926 2390 971 et
2422 918 2525 971 hoc
2559 919 2702 987 quod
2746 920 2952 973 dictum
2982 930 3068 976 est
3111 922 3179 975 ab
3208 922 3493 991 Apostolo,

1918 1011 1997 1064 sic
2023 1010 2252 1079 intelligi
2287 1018 2488 1078 potest,
2518 1010 2779 1078 praeclare
2813 1020 2867 1065 et
2894 1012 3141 1082 apposite
3171 1028 3230 1066 se
3262 1013 3491 1081 habens,

1917 1102 2063 1172 quod
2100 1103 2356 1155 nimirum
2403 1101 2575 1156 Filius
2609 1103 2683 1157 sit
2707 1104 2966 1174 splendor
2995 1106 3201 1175 gloriae,
3234 1114 3289 1160 et
3320 1106 3495 1175 ﬁgura

1915 1193 2240 1249 substantia:
2269 1192 2450 1249 Patris
2482 1194 2545 1246 “.
2601 1193 2696 1249 llis
2723 1196 2868 1249 enim
2905 1197 2998 1266 qui
3048 1198 3275 1252 minime
3312 1199 3495 1251 valent

1917 1286 1986 1341 ad
2039 1286 2422 1341 celsitudinem
2478 1286 2809 1356 cognitionis
2857 1286 2951 1341 Dei
3012 1288 3492 1344 ratiocinationem

1916 1378 2152 1433 educere
2184 1393 2283 1447 per
2318 1379 2745 1451 intelligibilium
2791 1380 3225 1449 speculationem
3262 1399 3273 1434 :
3303 1396 3367 1435 ex
3406 1381 3493 1437 his

1914 1483 2037 1538 qua:
2080 1469 2335 1525 sensibus
2382 1478 2683 1525 occurrunt
2725 1469 3015 1540 quamdam
3060 1472 3170 1527 veri
3222 1472 3489 1527 visionem

1914 1562 2031 1617 sive
2059 1562 2502 1634 imaginationem
2534 1564 2833 1635 Apostolus
2876 1565 3228 1622 audientibus
3265 1567 3490 1637 ingene-

1914 1662 2019 1708 rat.
2065 1651 2136 1708 Ut
2177 1655 2322 1710 enim
2357 1656 2540 1711 solare
2582 1672 2786 1727 corpus
2838 1666 2953 1713 toro
3002 1659 3492 1730 circumplectente

1912 1744 2123 1799 circulo
2149 1744 2434 1814 figuratur,
2464 1754 2517 1801 et
2547 1746 2639 1817 qui
2667 1748 2934 1803 circulum
2961 1749 3115 1816 vidit,
3152 1753 3321 1807 totius
3355 1753 3490 1807 sub-

230 1836 511 1909 στεύηται.
534 1840 645 1892 Καὶ
671 1840 833 1894 πάλιν
854 1841 930 1905 ὡς
954 1842 1019 1894 ὲκ
1045 1842 1245 1905 παντὸς
1259 1841 1354 1895 τοῦ
1372 1842 1595 1913 ἡλιακοῦ
1612 1843 1806 1897 κύκλου

1914 1833 2047 1903 jecti
2096 1836 2514 1891 subsistentiam
2566 1838 2870 1892 secundum
2914 1841 3370 1909 profunditatem,
3417 1858 3489 1898 ex

227 1932 295 1999 τῇ
309 1928 404 1982 τοῦ
424 1931 599 1999 φωτὸς
620 1930 925 2001 λαμπηδόνι
939 1932 1315 1999 ἀωυγάζεται
1330 1949 1345 1965 ·
1361 1933 1421 1987 ού
1437 1933 1615 2004 γὰρτὸ
1640 1934 1738 2004 μέν
1756 1951 1806 1988 τι

1918 1935 2215 1996 apparente
2245 1927 2459 1981 circulo
2502 1928 2712 1998 colligit
2743 1947 2756 1983 :
2787 1929 2869 1983 sic
2905 1931 3071 1984 etiam
3101 1931 3242 1986 dixit
3269 1933 3324 1987 in
3370 1948 3489 1989 ma-

228 2015 459 2086 λάμπει.
495 2017 558 2070 τὸ
585 2018 642 2071 δὲ
668 2018 920 2089 ἁλαμπές
958 2021 1075 2073 ἐστι
1102 2020 1196 2073 τοῦ
1222 2019 1423 2073 κύκλου
1450 2036 1464 2050 ·
1500 2020 1674 2084 οὕτως
1712 2021 1806 2093 ὅλη

229 2105 264 2173 ἡ
299 2103 427 2170 δόξα
455 2105 576 2175 ἥτις
603 2106 769 2169 ἐστὶν,
809 2108 837 2158 6
867 2106 1053 2178 Πατὴρ
1077 2146 1091 2168 ,
1126 2106 1202 2177 τῷ
1228 2107 1287 2172 ἐξ
1325 2107 1521 2179 ἑαυτῆς
1558 2109 1810 2178 ἀπαυγά-

232 2211 401 2265 σματι
422 2237 437 2258 ,
473 2196 620 2251 τοῦτ’
656 2197 771 2251 ἔστι
802 2199 881 2269 τῷ
912 2198 1150 2269 ἀληθινῷ
1178 2200 1318 2269 φωτὶ
1344 2201 1680 2272 πανταχόθεν
1710 2220 1804 2256 πε-

229 2288 609 2357 ριαυγάζεται.
640 2291 749 2343 Καὶ
772 2289 846 2351 ὡς
878 2291 944 2343 ἐκ
974 2289 1067 2343 τοῦ
1109 2292 1260 2361 ἡλίου
1311 2291 1415 2361 μέν
1454 2294 1602 2345 ἐστιν
1628 2295 1661 2363 ὴ
1704 2294 1806 2346 ἀκ-

231 2378 321 2440 τίς
343 2396 355 2408 ·
392 2379 452 2431 ού
483 2380 592 2450 γὰρ
617 2378 681 2432 ἂν
709 2375 776 2450 ἦν
806 2382 962 2445 ἀκτὶς
990 2420 1003 2443 ,
1037 2383 1085 2434 εἰ
1132 2380 1205 2452 μὴ
1244 2382 1273 2433 6
1314 2382 1463 2453 ἥλιος
1493 2379 1579 2454 ἦν,
1608 2385 1668 2437 ού
1699 2386 1806 2455 μήν

222 2487 362 2522 ποτε
388 2472 556 2541 χωρὶς
583 2472 680 2542 τῆς
725 2472 1189 2544 ἀπαυγαζομένης
1225 2475 1443 2538 ἀκτῖνος
1484 2476 1569 2545 ἐφ’
1609 2476 1804 2531 ἑαυτοῦ

220 2566 428 2617 νοεῖται
450 2566 478 2616 6
505 2564 653 2634 ἥλιος
675 2583 687 2594 ·
718 2565 861 2619 οὕτω
890 2566 950 2619 τὸ
974 2566 1205 2634 συναφές
1227 2583 1285 2619 τε
1307 2567 1399 2621 καὶ
1429 2568 1597 2622 ἀΐδιον
1618 2570 1715 2640 τῆς
1741 2571 1806 2625 ὲκ

220 2655 323 2709 τοῦ
350 2656 565 2727 Πατρδς
592 2658 880 2728 ὑπάρξεως
914 2657 1009 2711 τοῦ
1050 2658 1393 2727 Μονογενοῦς
1420 2661 1749 2731 παραδιδοὺς
1776 2663 1806 2715 6

234 2746 585 2815 Ἀπόστολος,
613 2749 956 2820 ἀπαύγασμα
978 2750 1135 2821 δόξης
1155 2750 1246 2803 τὸν
1272 2750 1403 2803 Υἱὸν
1426 2752 1799 2823 κατωνόμασε.

1917 2019 2203 2088 gnitudine
2259 2020 2515 2089 potentia:
2572 2020 2731 2085 Filii,
2779 2018 2960 2078 Patris
3030 2025 3488 2094 magnificentiam

1914 2111 2168 2182 exprimi,
2208 2120 2269 2166 ut
2323 2122 2525 2181 quanta
2576 2114 2691 2168 haec.
2732 2123 3123 2184 cognoscatur,
3172 2125 3321 2171 tanta
3364 2132 3490 2173 esse

1913 2204 2078 2259 etiam
2105 2204 2193 2258 illa
2232 2205 2508 2260 credatur.
2540 2206 2617 2259 Ac
2647 2222 2841 2261 rursus
2867 2207 3013 2262 sicut
3037 2222 3103 2263 ex
3134 2209 3280 2263 omni
3320 2209 3488 2264 solari

1916 2297 2130 2352 circulo
2175 2297 2315 2352 lucis
2356 2296 2568 2367 fulgore
2623 2298 2971 2367 resplendet:
3010 2314 3121 2354 non
3162 2300 3308 2355 enim
3356 2316 3489 2371 pars

1913 2387 2095 2458 aliqua
2145 2388 2311 2453 lucet,
2362 2404 2491 2459 pars
2534 2404 2664 2444 vero
2710 2390 2904 2444 circuli
2950 2391 3057 2446 alia
3086 2392 3323 2447 obscura
3357 2390 3493 2448 est:

1914 2478 1993 2532 sic
2026 2487 2452 2549 quantacunque
2492 2488 2573 2535 est
2604 2481 2784 2534 omnis
2822 2480 2995 2550 gloria
3028 2487 3171 2550 ejus.
3205 2481 3389 2549 Pater,
3419 2499 3489 2538 ex

1913 2565 2205 2640 Splendore
2248 2572 2319 2627 ab
2361 2573 2479 2643 ipsa
2523 2581 2907 2642 promanante.
2959 2575 3063 2629 hoc
3106 2583 3190 2628 est
3221 2590 3351 2630 vero
3397 2577 3486 2629 lu-

1913 2663 2083 2727 mine,
2146 2663 2389 2735 undique
2437 2664 2647 2720 circum
2702 2666 3032 2721 illustratur.
3093 2665 3273 2737 Atque
3320 2677 3379 2722 ut
3420 2684 3490 2722 ex

1913 2754 2029 2809 sole
2058 2755 2277 2824 quidem
2300 2765 2384 2810 est
2408 2757 2629 2812 radius:
2655 2772 2764 2811 non
2786 2757 2930 2811 enim
2963 2767 3113 2813 esset
3138 2759 3348 2822 radius,
3380 2757 3489 2813 nisi

221 2844 311 2894 sol
344 2848 513 2905 esset,
546 2856 823 2910 nunquam
858 2842 1003 2894 enim
1052 2842 1172 2897 sine
1205 2842 1503 2912 refulgente
1548 2844 1703 2897 radio
1744 2844 1801 2897 iu
1840 2844 2025 2914 seipso
2056 2846 2138 2900 sol
2186 2846 2551 2917 intelligitur:
2584 2850 2664 2902 sic
2735 2848 3176 2918 conjunctionem
3243 2857 3299 2903 et
3342 2864 3487 2904 coxe-

221 2932 543 2987 ternitatem
595 2933 931 2987 exsistentiae
964 2933 1237 3004 Unigeniti
1278 2948 1309 2987 a
1356 2934 1516 2989 Patre
1559 2934 1783 2990 tradens
1839 2937 2135 3007 Apostolus
2162 2939 2239 3007 ",
2281 2938 2623 3009 splendorem
2686 2938 2871 3009 gloria:
2934 2936 3132 2993 Filium
3170 2939 3484 3008 appellavit.

296 3022 518 3077 Τούτων
551 3019 642 3076 οὖν
674 3026 803 3095 ἡμῖν
835 3024 977 3077 οὕτω
1002 3024 1378 3097 διῃρημένων,
1418 3026 1595 3079 οὐκέτ’
1624 3029 1688 3083 ἄν
1719 3044 1802 3091 τις

1976 3027 2072 3085 His
2121 3029 2288 3101 igitur
2328 3045 2358 3082 a
2398 3030 2557 3085 nobis
2607 3031 2680 3084 ita
2725 3029 3028 3093 distinctis,
3079 3046 3188 3084 non
3240 3030 3489 3099 amplius

217 3116 581 3187 ἀμφιϐάλλοι,
618 3117 733 3180 πῶς
768 3117 860 3170 καὶ
882 3120 945 3171 ὲκ
966 3118 1060 3170 τού
1086 3119 1298 3189 Πατρὸς
1326 3118 1631 3191 Μονογενὴς
1653 3114 1798 3173 εἶναι

219 3208 627 3274 πεπίστευται,
680 3209 775 3263 καὶ
820 3209 1006 3273 ἀϊδίως
1048 3211 1164 3263 ἐστὶ
1188 3252 1201 3275 ,
1232 3212 1334 3264 κᾶν
1367 3211 1495 3283 δοκῇ
1529 3213 1669 3266 κατά
1708 3212 1804 3283 τὴν

218 3300 517 3373 πρόχειρον
545 3301 751 3355 ἔννοιαν
794 3303 868 3373 μὴ
898 3303 1214 3373 συμϐαίνειν
1238 3306 1266 3357 6
1293 3304 1447 3373 λόγος
1466 3304 1545 3376 τῷ
1576 3305 1716 3374 λόγῳ
1734 3347 1748 3367 ,
1776 3308 1805 3359 6

218 3396 293 3446 ἐκ
325 3392 422 3447 τοῦ
476 3394 689 3466 Πατρὸς
719 3395 878 3447 αὑτὸν
924 3392 1061 3449 εἶναι
1098 3396 1293 3464 λέγων,
1324 3397 1403 3468 τῷ
1438 3398 1804 3470 μαρτυροῦντι

218 3484 381 3555 αύτῷ
408 3484 469 3537 τὸ
488 3484 676 3540 ἀΐδιον.
702 3486 763 3538 Εἰ
790 3486 845 3539 δὲ
865 3488 971 3557 χρὴ
1000 3488 1094 3541 καί
1114 3489 1284 3560 ἑτέρῳ
1304 3490 1394 3543 τὸν
1420 3490 1574 3559 λόγον
1603 3490 1806 3543 πιστώ-

220 3578 463 3641 σασθαι,
495 3578 718 3632 δυνατὸν
762 3579 827 3632 ἂν
868 3581 1079 3648 γένοιτο
1120 3582 1310 3651 νοῆσαι
1342 3582 1403 3634 τὸ
1440 3582 1568 3653 περὶ
1610 3582 1803 3636 τούτου

217 3670 406 3739 δόγμα
460 3670 551 3723 διά
580 3687 741 3724 τινων
774 3671 881 3724 τῶν
917 3674 1059 3725 κατὰ
1086 3673 1185 3742 τὴν
1225 3673 1475 3744 αἴσθησιν
1507 3676 1638 3745 ἡμῖν
1661 3692 1803 3744 γνω-

220 3762 552 3832 ριζομένων.
621 3762 826 3833 Μηδεὶς
867 3762 924 3816 δὲ
981 3764 1335 3836 ὲπηρεαζέτω
1378 3765 1457 3836 τῷ
1508 3765 1680 3833 λόγῳ,
1729 3766 1803 3836 μὴ

216 3853 514 3923 δυναμένῳ
546 3855 802 3925 τοιαύτην
837 3855 896 3907 ὲν
936 3857 1047 3919 τοῖς
1086 3851 1236 3909 οὖσιν
1270 3856 1451 3926 εὑρεῖν
1498 3856 1680 3908 εἰκόνα
1708 3856 1802 3908 τοῦ

217 3946 603 4017 ζητουμένου,
647 3948 682 4018 ἢ
728 3948 819 4001 διὰ
865 3948 1084 4001 πάντων
1126 3950 1349 4020 ἀρκέσει
1398 3948 1466 4002 δι’
1513 3948 1803 4017 ἀναλογίας

216 4040 371 4102 τινὸς
420 4040 515 4093 καὶ
577 4041 897 4109 ὁμοιότητος
948 4041 1084 4111 πρὸς
1128 4041 1226 4111 τὴν
1286 4040 1381 4094 τοῦ
1439 4040 1801 4112 προκειμένου

216 4131 592 4200 παράστασιν.
620 4130 930 4202 Βουλόμεθα
960 4132 1068 4203 γὰρ
1100 4135 1222 4195 τοὺς
1248 4132 1503 4200 λέγοντας
1533 4133 1800 4204 πρότερον

217 4221 591 4293 βεὸουλῆσθαι
629 4224 719 4277 τὸν
760 4225 1012 4296 Πατέρα,
1068 4222 1169 4278 εἷθ’
1205 4225 1377 4290 οὕτως
1406 4227 1576 4280 ἐλθεῖν
1608 4229 1700 4281 ἐπὶ
1740 4227 1800 4280 τὸ

214 4316 480 4383 γενέσθαι
517 4318 735 4389 Πατέρα
755 4357 770 4382 ,
800 4318 895 4371 καὶ
920 4318 1009 4372 διὰ
1040 4319 1228 4372 τούτου
1254 4320 1314 4373 τὸ
1343 4320 1799 4391 μεταγενέστερον

1903 3121 2193 3190 quisquam
2219 3120 2453 3184 dubitet,
2483 3120 2757 3189 quomodo
2786 3122 2950 3175 etiam
2981 3136 3045 3176 ex
3079 3120 3240 3176 Patre
3280 3119 3483 3193 Unige-

1904 3211 2055 3266 nitus
2084 3226 2208 3266 esse
2240 3212 2487 3266 creditur
2513 3219 2569 3266 et
2608 3222 2851 3268 aeternus
2883 3222 2989 3278 est,
3014 3212 3267 3283 quamvis
3294 3214 3485 3268 videa-

1905 3313 1998 3360 tur
2028 3307 2328 3362 secundum
2376 3321 2494 3360 eam
2524 3321 2646 3375 quae
2679 3306 2858 3375 primo
2903 3313 2958 3360 ct
2990 3306 3046 3359 in
3095 3314 3349 3375 promptu
3382 3323 3481 3377 ap-

1907 3405 2063 3466 paret
2093 3397 2369 3460 notitiam,
2410 3410 2592 3451 sermo
2622 3396 2861 3450 sermoni
2912 3410 3021 3448 non
3062 3396 3380 3475 convenire,
3428 3406 3484 3453 et

1905 3489 2096 3559 quies
2140 3487 2301 3543 Patre
2328 3489 2508 3558 ipsum
2539 3503 2661 3543 esse
2698 3488 2853 3552 dicit,
2900 3497 2955 3541 et
2980 3488 3074 3557 qui
3118 3489 3482 3543 aeternitatem

1904 3579 2010 3649 ipsi
2048 3579 2321 3634 attribuit.
2356 3578 2511 3646 Quod
2559 3579 2606 3635 si
2656 3579 2764 3633 alio
2803 3587 3130 3649 argumento
3170 3594 3481 3635 sermonem

1904 3680 2118 3742 oportet
2158 3672 2505 3738 conﬁrmare,
2536 3671 2765 3742 intelligi
2801 3682 2987 3742 posset
3021 3672 3188 3741 hujus
3212 3674 3483 3727 assertio-

1904 3764 1991 3818 nis
2034 3764 2236 3818 veritas
2281 3780 2347 3819 ex
2410 3764 2741 3832 quibusdam
2768 3779 2891 3833 quae
2940 3764 3198 3819 sensibus
3242 3780 3273 3817 a
3320 3764 3481 3819 nobis

1904 3856 2307 3926 percipiuntur.
2341 3856 2537 3911 Nullus
2569 3865 2751 3911 autem
2787 3872 3097 3912 sermonem
3148 3858 3263 3910 risu
3300 3866 3354 3911 et
3386 3872 3480 3910 ca-

1902 3949 2122 4004 chinnis
2167 3949 2427 4019 excipiat,
2456 3951 2603 4018 quod
2646 3958 2880 4019 nequeat
2924 3949 3172 4003 invenire
3222 3952 3384 4002 talem
3421 3951 3477 4002 in

1903 4040 1990 4096 his
2018 4055 2138 4110 quae
2171 4052 2299 4095 sunt
2328 4040 2382 4094 in
2411 4056 2595 4095 rerum
2634 4050 2853 4104 natura,
2876 4040 2997 4109 ejus
3030 4040 3175 4111 quod
3212 4041 3478 4109 quarritur

1903 4131 2220 4200 imaginem,
2273 4146 2394 4201 quae
2446 4146 2543 4201 per
2589 4133 2775 4186 omnia
2829 4129 3081 4197 sufﬁciat,
3125 4131 3478 4201 proportione

1901 4223 2134 4292 quadam
2180 4230 2235 4278 et
2277 4223 2637 4279 similitudine
2669 4224 3010 4294 propositum
3055 4232 3473 4293 repraascntare.

1905 4313 2172 4370 Volumus
2217 4316 2365 4370 enim
2398 4324 2455 4369 ut
2490 4316 2580 4371 isti
2610 4316 2704 4385 qui
2733 4315 2926 4369 dicunt
2954 4314 3109 4386 prius
3137 4314 3353 4370 Patrem
3389 4332 3479 4372 vo-

211 4408 299 4480 τῷ
326 4410 491 4481 Λόγῳ
514 4411 1052 4475 κατασκευάζοντας,
1073 4414 1258 4466 πεῖσαι
1287 4413 1351 4466 δι’
1381 4407 1457 4467 ὧν
1491 4412 1557 4467 ἂν
1587 4414 1800 4482 γένοιτο

1909 4408 2097 4471 luisse,
2132 4408 2329 4463 deinde
2357 4408 2437 4463 sic
2470 4408 2688 4463 venisse
2719 4406 2785 4461 ad
2811 4408 2887 4472 id,
2914 4418 2976 4461 ut
3013 4406 3175 4462 Pater
3208 4408 3386 4472 fieret,
3416 4418 3472 4463 et

210 4501 446 4555 δυνατὸν
474 4504 606 4573 ἡμῖν
641 4503 1074 4573 ὑποδειγμάτων.
1107 4506 1366 4575 μετάγειν
1402 4506 1539 4577 πρὸς
1562 4506 1623 4558 τὸ
1653 4506 1802 4559 εύσεο

212 4596 309 4657 εὲς
337 4594 440 4665 τὴν
464 4594 703 4649 διάνοιαν
725 4613 737 4626 ·
769 4596 891 4649 οὗτε
932 4597 1039 4667 γὰρ
1066 4599 1098 4668 ἡ
1136 4598 1338 4668 ἀμεσος
1366 4598 1503 4666 αὕτη
1535 4600 1798 4669 συνάφεια

209 4687 472 4740 ἐκϐάλλει
508 4688 605 4758 τὴν
637 4686 888 4758 βούλησιν
910 4687 1002 4741 τοῦ
1031 4689 1265 4759 Πατρὸς,
1283 4690 1358 4751 ὡς
1388 4691 1531 4743 κατά
1556 4708 1679 4744 τινα
1704 4693 1800 4761 φύ-

213 4796 358 4841 σεως
414 4780 660 4849 ἀνάγκην
712 4780 1090 4851 ἀπροαιρέτως
1140 4781 1230 4834 τὸν
1287 4782 1417 4834 Υἰδν
1469 4783 1794 4855 ἐσχηκότοςο

211 4870 342 4924 οὗτε
378 4872 412 4942 ἡ
439 4870 693 4942 βούλησις
720 4872 957 4944 διίστησι
987 4872 1077 4925 τοῦ
1111 4873 1321 4943 Πατρός
1350 4873 1441 4927 τὸν
1467 4876 1615 4941 Υίὺν,
1651 4876 1726 4940 ὦς
1745 4895 1797 4931 τι

209 4962 492 5031 διάστημα
534 4961 733 5031 μεταξὺ
782 4962 1265 5033 παρεμπίπτουσα.
1315 4964 1399 5027 Ὠς
1431 4966 1568 5036 μήτε
1598 4964 1796 5020 ἐκϐάλ-

209 5054 325 5105 λειν
352 5052 446 5105 τοῦ
475 5052 743 5123 δόγματος
778 5054 876 5125 τὴν
901 5053 993 5107 ἐπὶ
1022 5052 1099 5123 τῷ
1130 5054 1245 5125 Υἰῴ
1274 5054 1528 5127 βούλησιν
1558 5056 1653 5109 τοῦ
1677 5075 1799 5126 γεν-

1911 4515 2008 4570 per
2054 4500 2157 4554 hoc
2191 4500 2649 4569 posterioritatem
2690 4497 2869 4554 Verbo
2908 4507 3196 4566 astruunt,
3241 4517 3477 4572 persua-

1902 4608 2022 4645 sum
2051 4592 2285 4646 ha'beant
2325 4600 2383 4645 ut
2415 4607 2481 4647 ex
2523 4592 2609 4646 his
2642 4607 2763 4662 quae
2807 4607 3104 4662 possumus
3130 4594 3186 4648 in
3233 4595 3473 4649 medium

1900 4683 2146 4753 proferre
2174 4682 2461 4752 exemplis,
2501 4683 2891 4753 cogitationem
2933 4700 3089 4739 suam
3123 4685 3190 4739 ad
3235 4685 3286 4739 id
3325 4686 3475 4756 quod

1900 4777 2048 4846 pium
2065 4784 2150 4830 est
2167 4775 2235 4829 de
2256 4774 2366 4829 Deo
2384 4775 2587 4829 sentire
2605 4774 2939 4830 transferant
2959 4796 2974 4842 ;
2996 4792 3173 4847 neque
3192 4777 3338 4832 enim
3358 4777 3471 4831 haec

1899 4868 2217 4923 immediata
2258 4868 2576 4937 coujunctio
2614 4868 2795 4925 Patris
2827 4870 3162 4925 voluntatem
3191 4869 3469 4930 excludit.

1894 4967 1953 5013 ut
1980 4959 2217 5029 quadam
2249 4960 2576 5015 necessitate
2609 4969 2840 5024 naturae,
2873 4970 2928 5015 et
2968 4960 3341 5014 involuntarie
3373 4958 3470 5013 Fi-

1893 5052 2027 5105 lium
2062 5052 2300 5106 habeat:
2335 5067 2512 5121 neque
2542 5053 2797 5107 voluntas
2828 5051 3026 5105 Filium
3083 5068 3111 5105 a
3138 5050 3300 5105 Patre
3349 5051 3470 5105 dis-

208 5146 498 5215 νήσαντος,
536 5140 648 5196 οἷον
679 5146 1185 5216 στενοχωρουμένην
1212 5148 1270 5199 ὲν
1297 5149 1362 5218 τῇ
1400 5149 1665 5221 συναφεία
1695 5149 1797 5219 τῆς

1919 5143 2093 5213 ungit,
2130 5151 2190 5197 ut
2225 5143 2574 5198 intervallum
2626 5142 2901 5214 quoddam
2954 5141 3340 5197 intermedium
3380 5142 3469 5196 in-

207 5236 307 5289 τοῦ
338 5235 468 5288 Υἰοῦ
510 5237 646 5307 πρὸς
674 5236 765 5290 τὸν
808 5237 1024 5308 Πατέρα
1062 5238 1329 5308 ὲνότητος,
1371 5240 1510 5309 μήτε
1547 5240 1653 5311 μὴν
1691 5241 1791 5311 τὴν

1909 5235 2101 5291 :idens.
2139 5234 2322 5301 Quare
2353 5251 2532 5305 neque
2567 5236 2636 5290 ab
2666 5237 2768 5289 hoc
2800 5235 3053 5304 dogmate
3096 5235 3222 5288 licet
3279 5235 3471 5288 exclu-

208 5328 534 5381 ἀδιάστατον
572 5327 809 5381 διαλύειν
850 5328 1140 5395 συνάφειαν
1159 5368 1173 5390 ,
1207 5328 1335 5381 ὅταν
1366 5328 1697 5400 ὲνθεωρῆται
1724 5332 1790 5401 τῇ

1909 5324 2023 5381 lere
2058 5327 2113 5380 in
2142 5325 2265 5380 Filii
2298 5326 2652 5395 generatione
2704 5325 3038 5379 voluntatem
3086 5324 3207 5394 ejus
3241 5326 3334 5394 qui
3376 5341 3471 5393 ge—

208 5422 464 5488 γεννήσει
496 5418 769 5490 βούλησις.
801 5418 971 5471 Τοῦτο
994 5418 1103 5490 γάρ
1142 5420 1240 5489 τῆς
1264 5420 1485 5490 βαρείας
1507 5420 1663 5491 ήμῶν
1693 5421 1789 5475 καὶ

1909 5417 2039 5480 nuit,
2069 5417 2237 5473 veluti
2270 5419 2325 5472 in
2366 5418 2654 5489 angustias
2701 5418 2990 5471 adductam
3026 5418 3081 5471 iu
3137 5417 3469 5472 cohaerentia

207 5510 535 5579 δυσκινήτου
575 5509 789 5577 φύσεώς
817 5511 961 5562 ἐστιν
989 5508 1139 5574 ἴδιον,
1163 5510 1222 5562 τὺ
1247 5510 1321 5580 μὴ
1361 5512 1419 5564 ὲν
1459 5511 1640 5582 ταύτῷ
1666 5510 1789 5564 πολ-

1909 5510 2120 5567 unionis
2146 5509 2268 5565 Filii
2303 5526 2426 5565 cum
2456 5509 2635 5574 Patre,
2671 5525 2849 5579 neque
2898 5509 3287 5579 indisjunctam
3353 5510 3469 5564 dis‘

206 5601 337 5667 λοίδς
366 5604 621 5674 παρεῖναι
648 5605 799 5673 ἡμῖν,
820 5602 987 5655 καὶτὸ
1009 5601 1151 5672 ἔχειν
1177 5619 1251 5668 τι,
1272 5604 1364 5655 καί
1386 5603 1447 5656 τὸ
1468 5602 1749 5674 βούλεσθαι
1766 5616 1781 5633 ⁸

1909 5602 2520 5667 solverecohaesionem,
2548 5617 2670 5657 cum
2703 5602 2757 5656 in
2788 5602 3142 5673 generatione
3176 5600 3469 5673 inspicitur

284 5784 330 5817 ¹⁶
362 5780 517 5839 Joan.
550 5798 662 5852 xw,
700 5784 752 5839 9.
839 5784 878 5814 "
910 5780 1070 5839 llebr.
1112 5799 1149 5851 I,
1174 5783 1227 5838 ’5.
1305 5784 1349 5816 ι’
1384 5783 1519 5840 Ibid.
