4034 6502
592 356 695 415 775

1806 351 1864 408 S.
1895 349 2221 409 GREGORII
2264 350 2554 407 NYSSENI
3688 366 3773 420 776

588 471 865 526 voluntas.
900 468 1016 522 Hoc
1040 469 1185 522 enim
1218 473 1302 521 est
1337 473 1539 521 nostra;
1572 467 1754 536 gravis
1782 477 1834 521 ct
1869 475 2015 519 motu
2048 465 2148 521 dif-

2253 466 2386 519 ἀλλά
2415 465 2509 519 νῦν
2534 467 2631 537 μὲν
2653 466 2953 537 βουλόμεθά
2977 484 3026 519 τι
3053 466 3195 536 ἔχειν
3217 467 3296 521 ’ὼν
3312 469 3408 523 οὐκ
3432 471 3629 545 ἔχομεν,
3660 485 3775 549 μετὰ

590 563 754 618 ficilis
810 568 1020 616 naturae
1077 558 1381 630 proprium,
1416 574 1525 612 non
1570 559 1625 612 in
1678 558 1869 612 eodem
1923 559 2152 612 instanti

591 656 785 711 adesse
814 653 974 709 nobis
1033 652 1252 715 multos,
1290 660 1345 706 et
1393 649 1598 720 aliquid
1633 651 1831 705 habere
1867 659 1922 705 et
1972 650 2148 705 velle:

592 747 688 801 sed
723 745 887 801 modo
928 744 1137 814 aliquid
1183 758 1374 797 eorum
1408 756 1530 812 qua:
1559 756 1667 795 non
1706 740 1968 795 habemus
1996 740 2152 793 volu-

592 856 717 896 mus
747 840 969 902 habere,
1006 846 1127 907 post
1157 850 1286 889 vero
1322 834 1664 902 assequimur
1685 846 1747 885 ea
1782 846 1903 899 qua:
1935 831 2154 885 minime

592 934 879 989 vellemus.
908 930 967 983 In
997 926 1231 997 simplici
1261 933 1439 979 autem
1471 931 1526 977 et
1566 922 1925 991 omnipotenti
1960 930 2151 974 natura

593 1024 759 1090 simul
786 1022 969 1077 omnia
1001 1026 1055 1073 et
1086 1019 1139 1072 in
1178 1015 1367 1071 eodem
1408 1015 1629 1069 instanti
1662 1014 2058 1084 intelliguntur,
2100 1020 2153 1066 et

598 1116 739 1170 velle
765 1115 989 1177 bonum,
1028 1118 1082 1164 et
1110 1108 1309 1162 habere
1342 1105 1486 1175 quod
1518 1105 1708 1159 voluit.
1743 1103 1977 1159 Omnino
2008 1105 2151 1157 enim

592 1208 781 1264 efficax
814 1214 868 1261 et
895 1201 1274 1259 coessentialis
1302 1212 1537 1267 vereque
1570 1198 1876 1252 subsistens
1904 1198 1957 1250 in
2002 1206 2152 1251 aeter-

594 1316 662 1355 na
696 1306 889 1354 natura
939 1297 1082 1350 bona
1132 1291 1574 1362 sempiternaque
1632 1288 2014 1343 consideratur
2050 1301 2150 1340 vo-

591 1392 798 1452 luntas,
833 1401 1011 1457 neque
1039 1384 1106 1437 ab
1142 1383 1249 1436 alio
1281 1395 1556 1451 quoquam
1589 1385 1843 1448 separato
1877 1376 2151 1446 principio

592 1480 919 1542 innascitur.
956 1489 1134 1547 neque
1165 1474 1371 1542 absque
1417 1485 1482 1525 eo
1516 1470 1660 1539 quod
1701 1470 1753 1523 in
1814 1469 2148 1523 voluntatem

590 1572 757 1637 cadit,
784 1571 868 1625 vel
900 1570 1099 1624 bonam
1129 1565 1467 1621 voluntatem
1499 1576 1609 1616 non
1639 1576 1781 1625 esse,
1815 1559 1899 1615 vel
1948 1560 2149 1613 bonum

591 1663 754 1719 simul
799 1675 923 1716 cum
961 1659 1239 1713 voluitate
1274 1669 1383 1709 non
1419 1652 1648 1707 adesse:
1699 1665 1823 1704 cum
1880 1649 2027 1702 nulla
2078 1649 2150 1703 sit

590 1768 780 1814 causa,
817 1766 938 1821 qua!
969 1747 1111 1817 quod
1141 1746 1287 1799 Patri
1321 1742 1593 1806 convenit,
1639 1740 1933 1812 quominus
1976 1749 2145 1793 totum

2252 557 2424 610 ,η’ῦτα
2466 557 2523 610 δὲ
2560 560 2897 628 τυγχάνομεν
2928 551 3003 610 ὧν
3040 562 3223 627 τυχεῖν
3268 560 3367 613 οὐκ
3412 564 3776 640 ήδουλήθημεν.

2266 648 2386 700 Ἐπὶ
2417 648 2475 701 δὲ
2504 649 2602 719 τῆς
2643 650 2821 719 ἁπλῆς
2848 649 2940 703 καὶ
2971 650 3377 719 παντοδυνάμου
3406 653 3633 721 φύσεως,
3663 664 3777 730 ὁμοῦ

2255 742 2324 794 τὰ
2361 742 2537 794 πάντα
2583 742 2675 795 καὶ
2705 742 2845 795 κατά
2883 741 3076 795 ταύτὸν
3102 744 3319 802 νοεῖται,
3357 744 3449 794 καὶ
3476 745 3533 797 τὸ
3556 747 3710 801 θέλειν
3729 753 3779 805 τὸ

2254 835 2485 901 ἀγαθὸν,
2537 834 2629 887 καὶ
2682 834 2744 887 τὸ
2778 834 2921 903 ἔχειν
2967 835 3102 903 ὅπερ
3162 833 3409 902 ἠθέλησε.
3456 836 3629 890 Πάντα
3680 842 3772 912 γὰρ

2252 924 2469 996 ἐνεργὸν
2527 926 2622 978 καὶ
2680 924 2938 984 ὲνούσιον,
2988 925 3082 976 καὶ
3130 924 3486 977 ὲνυπόστατον
3541 932 3601 998 τῇ
3652 931 3780 1002 ἀϊδίῳ

2254 1013 2410 1082 φύσει
2440 1012 2500 1067 τὺ
2520 1012 2719 1081 ἀγαθόν
2739 1029 2795 1065 τε
2819 1012 2993 1066 καὶτὸ
3020 1012 3185 1065 ἀΐδιον
3214 1014 3549 1084 ὲνθεωρεῖται
3577 1018 3778 1088 θέλημα,

2250 1102 2372 1157 οὔτε
2405 1105 2510 1157 ἀπό
2545 1121 2686 1167 τινος
2734 1104 3039 1173 ίδιαζούσης
3078 1104 3249 1174 ἀρχῆς
3287 1107 3644 1175 ἐγγινόμενον,
3676 1109 3780 1165 οὔτε

2249 1192 2372 1263 δίχα
2402 1193 2495 1247 τοῦ
2526 1193 2745 1263 θελητοῦ
2779 1195 3031 1265 νοηθῆναι
3078 1194 3392 1264 δυνάμενον.
3427 1197 3555 1250 Οὐδὲ
3585 1200 3683 1269 γὰρ
3708 1205 3779 1255 ὲν-

2249 1283 2462 1353 δέχεται
2495 1285 2643 1354 παρὰ
2669 1284 2746 1355 τῷ
2768 1286 2905 1355 Θεῷ,
2939 1286 2971 1355 ἢ
2999 1286 3061 1337 τὸ
3089 1284 3292 1353 ἀγαθὸν
3320 1285 3525 1357 θέλημα
3556 1290 3624 1360 μή
3646 1290 3777 1354 εἶναι.

2249 1373 2281 1446 ἢ
2320 1374 2394 1445 μὴ
2429 1379 2664 1429 συνεῖναι
2697 1376 2775 1446 τῷ
2810 1377 3103 1447 θελήματι·
3138 1376 3391 1447 οὐδεμιᾶς
3416 1380 3587 1444 αἰτίας
3607 1384 3710 1437 οὐδὲ
3732 1386 3781 1439 τὸ

2252 1468 2456 1537 πρέπον
2476 1468 2553 1537 τῷ
2581 1470 2753 1537 [lar-pl.
2781 1468 2854 1538 μὴ
2875 1470 3047 1522 πάντα
3068 1465 3206 1522 εἶναι
3232 1470 3504 1541 μειούσης,
3530 1473 3643 1526 οὔτε
3666 1477 3780 1545 πρὸς

2248 1561 2308 1613 τὸ
2335 1559 2478 1628 ἔχειν
2505 1559 2564 1612 τὸ
2598 1559 2852 1629 βουλητὸν
2890 1559 3308 1629 ἐμποδιζούσης.
3355 1562 3504 1614 Ἐπεὶ⁵
3534 1556 3621 1616 οὖν
3648 1566 3781 1632 φύσει

2247 1647 2307 1700 τὸ
2335 1646 2553 1712 ἀγαθὸν,
2599 1647 2795 1717 μᾶλλον
2820 1648 2875 1699 δὲ
2906 1649 3103 1712 παντὸς
3140 1648 3345 1716 ἀγαθοῦ
3376 1650 3621 1704 ἐπέκεινα
3650 1655 3675 1705 ὁ
3704 1671 3781 1721 μο·

2248 1740 2470 1809 νογενὴς
2491 1740 2641 1804 Θεὸς,
2660 1724 2759 1793 οὐκ
2785 1740 3079 1811 ἀϐούλητον
3101 1741 3156 1794 δὲ
3188 1741 3267 1812 τῷ
3299 1742 3472 1813 Πατρὶ
3497 1743 3554 1795 τὸ
3575 1745 3778 1812 ἀγαθόν’

591 1860 699 1898 non
741 1808 905 1902 ads-it,
964 1808 1194 1901 minuat,
1235 1836 1319 1890 vel
1380 1808 1673 1903 quominus
1733 1830 1787 1885 id
1839 1828 1984 1901 quod
2032 1829 2147 1883 vult

2250 1828 2495 1898 φανερῶς
2540 1830 2922 1883 ἀποδείκνυται
2963 1831 3050 1883 διά
3101 1831 3324 1892 τούτων,
3359 1832 3438 1885 ὅτι
3476 1835 3565 1887 καὶ
3608 1836 3781 1904 ἅμεσὸς

591 1934 793 1989 habere
840 1930 1123 1999 impediat.
1181 1926 1449 1992 Quoniam
1486 1924 1653 1993 igitur
1706 1933 1896 1975 natura
1924 1921 2148 1984 bonum,

2249 1922 2365 1974 ἐστι
2394 1923 2488 1975 τοῦ
2516 1922 2645 1974 Υίοῦ
2676 1924 2708 1991 ή
2739 1923 2874 1994 πρὸς
2898 1924 2993 1975 τὸν
3023 1923 3241 1993 Πατέρα
3273 1923 3549 1991 συνάφεια,
3580 1926 3665 1978 καὶ
3701 1926 3781 1980 οὐκ

590 2025 699 2089 vel,
726 2034 788 2078 ut
819 2022 1025 2077 rectius
1057 2019 1259 2081 dicam,
1289 2031 1454 2086 supra
1501 2029 1663 2068 omne
1686 2014 1913 2075 bonum,
1949 2011 2148 2082 Unige-

2249 2013 2525 2077 ἐξωθεῖται
2549 2016 2669 2067 οὐδὲ
2703 2016 3003 2086 ὲξείργεται
3034 2014 3139 2067 ὑπὸ
3202 2018 3299 2085 τῆς
3347 2016 3649 2070 ἀδιαστάτου
3684 2034 3783 2070 συν·

589 2114 736 2169 nitus
768 2119 852 2167 est
883 2149 898 2174 ,
934 2117 990 2163 at
1046 2108 1193 2162 Patri
1252 2106 1452 2159 bonum
1489 2118 1599 2157 non
1656 2110 1741 2157 est
1796 2105 2064 2172 ingratum
2097 2108 2148 2156 et

2258 2108 2453 2176 αφείας
2494 2108 2553 2161 τὸ
2601 2109 2843 2179 βούλημα
2892 2108 2953 2162 re
2992 2111 3056 2178 τῇ
3090 2106 3265 2178 ἀγαθῇ
3301 2109 3464 2177 φύσει
3509 2111 3590 2163 διὰ
3617 2110 3783 2173 παντὸς

592 2212 786 2275 praeter
811 2202 1147 2257 voluntatem
1177 2217 1190 2252 :
1223 2193 1508 2249 manifeste
1533 2209 1628 2264 per
1652 2193 1767 2247 hzec
1817 2192 2148 2246 demonstra.

2248 2198 2568 2267 ἐνυπάρχον.
2604 2201 2664 2253 Εἰ
2684 2200 2740 2253 δέ
2762 2219 2845 2265 τις
2867 2199 3291 2270 ἀνεπηρεάστως
3334 2201 3520 2255 ἀκούει
3544 2204 3782 2270 τοῦλόγου

590 2307 699 2361 tur,
731 2294 873 2365 quod
931 2293 1094 2348 etiam
1142 2286 1449 2343 immediata
1502 2292 1586 2363 est
1616 2282 1739 2339 Filii
1794 2298 1918 2337 cum
1980 2283 2138 2338 Patre

2247 2289 2340 2341 καὶ
2371 2289 2608 2343 τοιοῦτόν
2634 2308 2686 2344 τι
2709 2294 2820 2355 τοῖς
2838 2292 3143 2363 εἰρημένοις
3172 2292 3486 2363 προσθεῖναι
3538 2294 3782 2364 βούλομαι.

590 2389 878 2451 connexio,
914 2399 1089 2454 neque
1116 2381 1421 2437 extruditur
1446 2390 1540 2435 aut
1568 2389 1786 2433 arcetur
1834 2377 1903 2430 ab
1940 2375 2220 2432 individua
2252 2381 2558 2437 coltmsione
2616 2384 2869 2439 voluntas
2933 2401 3056 2454 quae
3128 2387 3282 2440 bona!
3344 2397 3551 2442 natura:
3605 2403 3788 2457 semper

590 2485 755 2538 inest.
789 2480 942 2548 Quod
983 2479 1028 2534 si
1052 2478 1177 2548 quis
1201 2475 1464 2533 inoffenso
1494 2475 1677 2527 animo
1704 2471 1850 2525 hunc
1879 2471 2153 2525 auscultat
2191 2489 2519 2535 sermonem.
2557 2479 2663 2532 tale
2689 2478 2817 2547 quid
2847 2480 3007 2534 etiam
3048 2484 3210 2537 dirtis
3242 2483 3368 2537 volo
3397 2482 3644 2550 adjicere.

664 2570 1129 2643 Quemadmodum
1160 2570 1206 2625 si
1241 2570 1386 2639 quis,
1420 2567 1543 2621 dico
1572 2572 1753 2619 autem
1782 2578 1847 2618 ex
1887 2563 2144 2633 supposi-

2318 2568 2525 2639 Ὥσπερ
2545 2570 2598 2622 ετ
2620 2586 2723 2632 τις,
2754 2570 2896 2638 λέγω
2920 2572 2976 2626 δὲ
2997 2573 3117 2628 καθ’
3146 2574 3421 2635 ὑπόθεσιν.
3439 2574 3785 2645 προαιρετικὴν

589 2671 760 2731 tione,
795 2664 1077 2721 electivam
1103 2662 1221 2717 sive
1257 2658 1622 2714 voluntariam
1648 2656 1889 2723 aliquam
1919 2654 2148 2709 flammae

2248 2673 2371 2711 τινα
2421 2662 2485 2730 τῇ
2533 2659 2690 2728 φλογὶ
2720 2660 2945 2731 δύναμιν
2977 2664 3092 2734 δοίη
3114 2706 3128 2728 ,
3173 2666 3328 2735 δῆλον
3371 2667 3437 2720 ἂν
3463 2667 3544 2735 εἴη
3572 2666 3646 2718 ὅτι
3675 2665 3784 2734 ὁμοῦ

588 2760 903 2817 facultatem
930 2753 1165 2815 dederit,
1218 2752 1566 2821 perspicuum
1609 2747 1771 2801 fuerit
1814 2746 1959 2815 quod
1989 2745 2148 2801 simul

2247 2749 2327 2818 τῷ
2354 2746 2492 2805 εἷναι
2518 2753 2550 2821 ή
2583 2752 2712 2820 φλὸξ
2740 2755 2832 2807 καὶ
2859 2756 2958 2825 τὴν
2986 2755 3161 2827 αὐγὴν
3184 2757 3486 2829 ἐκλάμπειν
3510 2759 3597 2825 ἀφ’
3620 2757 3785 2824 ἑαυτῆς

590 2859 753 2920 atque
790 2860 911 2901 esse
946 2841 1199 2911 cmperit,
1244 2840 1460 2893 flarnma
1504 2836 1671 2891 etiam
1707 2849 1774 2889 ex
1826 2834 2009 2903 seipsa
2045 2832 2154 2886 ful-

589 2955 777 3013 gorem
809 2937 942 2992 velit
965 2936 1222 2990 elucere:
1253 2930 1438 2984 volens
1477 2935 1659 2981 autem
1693 2939 1799 2979 non
1842 2926 1946 2982 erit
1977 2924 2150 2995 impo-

590 3043 736 3095 tens,
764 3045 890 3084 cum
928 3024 1197 3081 naturalis
1222 3022 1343 3092 ejus
1375 3019 1604 3073 facultas
1637 3016 1690 3072 id
1715 3015 1926 3071 edicere
1956 3014 2147 3085 possit,

587 3131 649 3178 ut
675 3122 835 3179 simul
863 3134 927 3173 ac
978 3116 1196 3171 ﬂamma
1250 3110 1576 3173 constiterit,
1623 3108 1955 3163 voluntatem
1988 3106 2149 3161 etiam

591 3212 830 3284 fulgendi
877 3209 1073 3262 habeat
1108 3205 1226 3261 :ita
1266 3212 1325 3257 ut
1358 3203 1493 3256 citra
1547 3197 2055 3261 contradictionem,
2104 3196 2151 3252 si

591 3307 693 3361 hoc
720 3304 905 3358 datum
936 3300 1120 3359 fuerit,
1146 3294 1456 3349 voluntario
1481 3306 1676 3361 nempe
1704 3298 1853 3345 motu
1879 3288 2151 3344 ﬂammam

592 3393 818 3453 moveri,
849 3389 963 3449 haec
992 3386 1178 3441 omnia
1203 3397 1536 3437 concurrere
1566 3380 1731 3435 simul
1758 3378 2147 3447 intelligantur,

590 3491 644 3538 et
677 3481 817 3552 ignis
861 3477 1110 3532 accensio
1146 3484 1201 3530 ει
1235 3472 1471 3541 fulgeudi
1510 3471 1786 3534 voluntas,
1823 3484 1887 3523 ac
1918 3468 2152 3537 denique

594 3574 773 3643 fulgor
802 3572 939 3640 ipse,
991 3583 1116 3622 cum
1163 3565 1508 3620 voluntarius
1541 3562 1643 3618 iste
1688 3570 1865 3617 motus
1925 3560 2151 3631 fulgoris

592 3661 959 3718 subsistentia
981 3659 1303 3728 dignitatem
1342 3656 1491 3710 nullo
1524 3653 1689 3709 modo
1736 3651 1994 3722 impediat
2024 3670 2039 3705 :
2072 3652 2153 3707 sic

594 3770 690 3825 per
719 3756 821 3807 hoc
847 3750 992 3821 quod
1019 3765 1048 3803 a
1068 3748 1229 3803 nobis
1258 3748 1477 3800 allatum
1505 3753 1589 3800 est
1608 3744 1938 3813 exemplum,
1962 3741 2153 3797 etiam-

592 3845 639 3897 si
674 3842 818 3896 Patri
853 3841 1051 3894 bonam
1088 3838 1421 3891 voluntatem
1460 3835 1642 3889 inesse
1670 3833 2003 3899 confitearis,
2042 3846 2151 3886 non

595 3941 776 3985 tamen
807 3936 1032 4000 propter
1065 3926 1333 3998 ejusmodi
1371 3925 1702 3978 voluntatem
1736 3922 1930 3977 Filium
1966 3938 1996 3977 a
2049 3922 2153 3976 Pa-

590 4034 672 4079 tre
713 4022 1032 4093 separabis;
1092 4035 1269 4090 neque
1296 4019 1441 4073 enim
1473 4026 1897 4071 consentaneum
1952 4024 2054 4079 est,
2092 4023 2151 4071 ut

591 4115 723 4171 illud
755 4114 898 4184 quod
939 4112 1193 4167 videlicet
1226 4112 1340 4181 ipse
1371 4109 1541 4165 Filius
1567 4109 1846 4163 voluntate
1873 4107 2048 4163 Patris
2080 4110 2150 4164 sit

590 4204 829 4272 genitus,
873 4201 1261 4271 impedimento
1291 4200 1363 4254 sit
1392 4198 1686 4269 quominus
1721 4199 1866 4252 illico
1895 4213 2018 4252 cum
2052 4214 2148 4253 vo-

590 4298 799 4351 luntate
827 4295 899 4351 sit
932 4292 1166 4363 genitus.
1216 4290 1321 4346 Sed
1372 4290 1828 4361 quemadmodum
1884 4290 1937 4345 iu
1991 4290 2149 4345 oculo

589 4389 773 4443 videre
803 4396 859 4441 et
904 4385 1040 4443 velle
1077 4383 1289 4445 videre,
1351 4381 1486 4436 illud
1539 4381 1756 4452 quidem
1796 4394 1881 4437 est
1942 4390 2149 4437 natura:

588 4478 965 4549 operationis,
1030 4476 1164 4531 velle
1214 4482 1397 4529 autem
1452 4474 1704 4539 arbitrii;
1768 4484 2006 4529 attamen
2058 4473 2147 4529 hic

586 4570 887 4626 voluntatis
922 4580 1102 4624 motus
1131 4582 1239 4621 non
1270 4565 1733 4635 impedimentum,
1764 4566 1858 4621 sed
1894 4567 2143 4621 volunta-

587 4671 697 4719 tem
748 4669 873 4716 actu
908 4660 1129 4717 videndi
1183 4659 1248 4713 ad
1278 4660 1382 4715 hoc
1416 4660 1594 4730 ipsum
1644 4660 1961 4729 ingenerat;
2018 4675 2145 4714 nam

588 4753 869 4826 sigillatim
912 4760 966 4807 et
1026 4753 1319 4823 separatim
1382 4750 1576 4806 horum
1616 4752 2040 4821 unumquodque
2092 4752 2145 4805 in

584 4861 767 4916 seipse
797 4844 1196 4908 consideratur,
1234 4850 1288 4898 et
1326 4844 1554 4898 alterum
1583 4842 1742 4896 alteri
1776 4857 1885 4896 non
1922 4851 2006 4898 est
2043 4843 2146 4896 im-

585 4938 899 5010 pedimento
930 4946 989 4992 ut
1039 4937 1131 5001 sit,
1170 4936 1266 4991 sed
1318 4936 1433 4991 haec
1489 4934 1598 4989 duo
1633 4935 1774 4991 inter
1833 4950 1898 4989 se
1954 4944 2146 4989 mutuo

582 5028 990 5100 quodammodo
1016 5035 1178 5083 sunt:
1211 5041 1337 5080 nam
1366 5033 1421 5080 et
1450 5025 1713 5079 naturalis
1737 5024 1960 5079 videndi
1991 5035 2145 5079 actus

579 5123 915 5177 voluntatem
947 5120 1214 5188 sequitur,
1249 5127 1303 5172 et
1355 5132 1573 5171 rursum
1610 5118 1859 5170 voluntas
1914 5116 1983 5170 ab
2042 5116 2143 5170 hoc

582 5221 733 5267 motu
769 5210 986 5265 videndi
1027 5207 1118 5278 qui
1150 5216 1236 5262 est
1273 5204 1575 5262 secundum
1612 5212 1889 5271 naturam,
1922 5220 2027 5257 non
2049 5204 2143 5259 de-

580 5303 824 5357 seritur:
862 5307 921 5353 ut
950 5298 1115 5367 igitur
1143 5297 1303 5350 oculo
1334 5295 1601 5365 inspectio
1635 5310 1730 5349 seu
1764 5294 1905 5349 visio
1949 5305 2140 5349 natura

580 5394 743 5447 insita
777 5398 882 5456 est,
914 5400 968 5445 et
998 5388 1218 5443 videndi
1270 5388 1525 5441 voluntas
1588 5386 1791 5439 nullam
1827 5386 2140 5439 dilationem

579 5485 647 5537 ad
677 5484 852 5553 ipsum
886 5480 1105 5536 videndi
1139 5491 1319 5535 actum
1353 5478 1551 5542 attulit,
1582 5475 1675 5532 sed
1700 5477 1814 5531 vult
1849 5478 1899 5533 ei
1925 5479 2139 5543 adesse,

579 5586 633 5632 et
661 5575 804 5646 quod
835 5575 951 5627 vult
980 5582 1102 5629 est:
1130 5572 1206 5627 sic
1224 5580 1278 5625 et
1298 5570 1350 5623 in
1375 5569 1647 5633 inedabili,
1671 5584 1993 5640 omnemque
2048 5586 2141 5625 co-

580 5667 897 5738 gitationem
935 5671 1227 5733 superante
1258 5669 1475 5721 natura,
1505 5661 1687 5713 omnia
1734 5661 1895 5728 simul
1931 5668 1985 5715 et
2052 5676 2138 5714 se-

592 5758 830 5815 cundum
864 5755 1002 5811 idem
1033 5770 1155 5811 esse
1202 5753 1572 5825 intelligimus,
1610 5760 1662 5805 ct
1714 5754 1901 5807 :cterni
1964 5751 2140 5807 Patris

2251 2840 2465 2911 θελήσει
2490 2859 2503 2873 ’
2556 2844 2828 2916 θελήσασα
2869 2847 2925 2900 δὲ
2968 2849 3180 2912 πάντως
3211 2849 3310 2902 οὐκ
3354 2848 3675 2919 ἀδυνατήσει.
3705 2846 3783 2916 τῆς

2254 2935 2488 3003 φυσικῆς
2511 2935 2787 3007 δυνάμεως
2808 2940 3053 3003 ἐπιτελὲς
3082 2940 3343 3009 ποιούσης
3368 2940 3501 3012 δμοῦ
3526 2939 3599 3009 τῷ
3627 2940 3785 3005 συστῆ-

2253 3038 2343 3077 ναι
2386 3022 2484 3093 τὴν
2535 3024 2743 3093 φλόγα.
2788 3028 2848 3079 τὸ
2896 3028 3020 3098 περὶ
3064 3030 3160 3100 τῆς
3207 3029 3385 3101 αὐγῆς
3432 3029 3692 3100 βούλημα⁶
3726 3025 3785 3087 ὡς

2255 3116 2661 3187 ἀναπιρῤήτως
2694 3120 2742 3171 εί
2763 3118 2918 3173 τοῦτο
2945 3120 3122 3189 δοθείη
3149 3122 3208 3174 τὸ
3236 3120 3621 3193 προαιρετικῶς
3651 3119 3783 3171 κινεῖ-

2180 3175 2219 3232 C
2256 3205 2377 3259 σθαι
2536 3175 2727 3277 ιρλόγα,
2764 3212 2980 3264 πάντων
3003 3175 3142 3266 κοιτά
3174 3175 3377 3285 ταυτὴν
3400 3175 3494 3285 τὴν
3526 3175 3784 3281 συνδρομὴν

2253 3299 2509 3356 νοεῖσθαι.
2552 3300 2653 3370 τῆς
2685 3319 2741 3354 τε
2788 3302 2881 3355 τοῦ
2932 3304 3097 3375 πυρὸς
3137 3306 3400 3375 ἐξάψεως,
3451 3303 3653 3359 καὶτοῦ
3682 3301 3785 3370 περὶ

2252 3390 2351 3459 τὴν
2382 3391 2555 3461 αὐγὴν
2587 3393 2909 3464 θελήματος,
2939 3398 3032 3449 καὶ
3061 3398 3230 3467 αὐτῆς
3253 3399 3357 3467 τῆς
3389 3398 3574 3466 αὐγῆς.
3605 3395 3671 3457 ὡς
3699 3409 3783 3461 μη·

2251 3481 2340 3536 δὲν
2374 3484 2471 3554 τῆς
2516 3488 2902 3557 πρωιρετικῆς
2934 3491 3196 3558 κινήσεως
3240 3490 3377 3560 πρὸς
3414 3488 3509 3560 τὴν
3540 3489 3681 3553 ἀξίαν
3706 3487 3786 3553 τῆς

2252 3574 2425 3642 αὖγῆς
2459 3575 2753 3628 ὑπόστασιν
2783 3577 3177 3647 ἐμποδιζούσης
3206 3596 3219 3608 ·
3266 3578 3441 3643 οὕτως
3475 3576 3605 3631 κατά
3635 3576 3685 3627 τὸ
3708 3576 3785 3643 ρη-

2255 3664 2351 3717 θὲν
2381 3666 2510 3735 ἡμῖν
2531 3665 2847 3736 ὑπόδειγμα,
2873 3669 2966 3720 καὶ
2990 3668 3066 3737 τῷ
3095 3669 3268 3739 Πατρὶ
3291 3669 3354 3723 τὸ
3378 3668 3574 3737 ἀγαθὸν
3609 3665 3787 3731 θέλημα

2234 3754 2643 3824 ’συωμολογῶν,
2670 3758 2769 3810 οὐκ
2805 3759 3130 3830 ἀποστήσεις
3158 3761 3244 3813 διὰ
3280 3760 3377 3813 τοῦ
3410 3760 3690 3829 θελήματος
3708 3752 3783 3805 τοῦ

2252 3846 2463 3917 Πατρδς
2494 3847 2585 3900 τὸν
2630 3849 2778 3903 Υίόν.
2826 3851 2957 3903 Οὐδὲ
2986 3852 3094 3922 γὰρ
3131 3853 3276 3915 είκός
3310 3854 3425 3906 ἐστι
3461 3854 3520 3904 τὸ
3562 3847 3645 3902 τοῦ
3672 3842 3786 3898 εἶναι

2252 3938 2412 3991 αὑτὸν
2457 3937 2719 4009 βούλημα,
2769 3942 3021 4010 ἐμπόδιον
3063 3942 3156 3994 τοῦ
3196 3943 3361 4007 εὐθὺς
3392 3939 3528 3996 εἶναι
3554 3937 3783 4008 γίνεσθαι.

2266 4030 2397 4083 Ἀλλ’
2427 4030 2613 4102 ὥσπερ
2644 4034 2701 4085 ὲν
2732 4032 2810 4102 τῷ
2841 4034 3101 4105 ὀφθαλμῷ
3132 4036 3191 4088 τό
3250 4053 3309 4089 τε
3360 4036 3575 4106 βλέπειν
3624 4030 3704 4083 καὶ
3736 4026 3785 4077 τὸ

2251 4121 2425 4175 θέλειν
2456 4123 2691 4193 βλέπειν,
2726 4124 2785 4177 τὸ
2816 4125 2913 4195 μὲν
2938 4124 3036 4195 τῆς
3061 4125 3272 4194 φύσεώς
3292 4128 3443 4180 ἐστιν
3471 4125 3715 4195 ἐνέργεια,
3736 4115 3786 4168 τὸ

2249 4214 2307 4267 δὲ
2342 4214 2665 4285 ὁρμηθῆναι,
2718 4216 2815 4283 τῆς
2848 4217 3241 4286 προαιρέσεως,
3288 4220 3347 4270 οὐ
3405 4217 3510 4287 μὴν
3543 4211 3785 4285 ἐμπόδιον.

2251 4299 2386 4361 ἀλλά
2418 4298 2609 4369 βουλὴν
2640 4302 2857 4369 ἐμποιεῖ
2886 4305 2951 4372 τῇ
2998 4305 3246 4376 ἐνεργείᾳ
3284 4305 3378 4359 τοῦ
3419 4305 3628 4375 βλέπειν
3674 4296 3786 4367 πρὸς

2250 4390 2378 4443 αὐτὸ
2414 4388 2571 4441 τοῦτο
2616 4391 2712 4460 τῆς
2751 4392 3120 4464 προαιρέσεως
3169 4396 3201 4465 ή
3250 4396 3466 4466 κίνησις
3500 4412 3513 4425 ο
3568 4390 3663 4460 ἰδίᾳ
3699 4385 3787 4453 γὰρ

2178 4505 2222 4559 D
2250 4479 2452 4532 τούτων
2506 4478 2764 4550 ἑκάτερον
2814 4482 2908 4534 καὶ
2958 4481 3042 4551 ἐφ’
3092 4484 3281 4538 ἑαυτοῦ
3322 4485 3618 4555 θεωρεῖται,
3659 4476 3785 4532 οὐδὲν

2251 4571 2504 4640 ἐμπόδιον
2527 4571 2659 4641 πρὸς
2681 4572 2740 4625 τὸ
2762 4568 2902 4625 εἶναι
2921 4574 2981 4625 τὸ
3004 4574 3186 4644 ἕτερον
3209 4575 3285 4645 τῷ
3306 4576 3479 4646 έτέρῳ
3518 4572 3783 4642 γινόμενον.

2247 4660 2381 4714 ἀλλά
2393 4661 2459 4714 τὰ
2474 4662 2586 4727 δύο,
2600 4661 2796 4734 τρόπον
2814 4665 2932 4717 τινά
2952 4667 3066 4734 μετ’
3080 4666 3320 4735 ἀλλήλων
3336 4668 3472 4729 ἐστὶ,
3489 4666 3585 4734 τῆς
3596 4679 3650 4715 τε
3662 4674 3787 4728 auc:-

2250 4754 2351 4821 κῆς
2372 4754 2650 4824 ἐνεργείας
2681 4757 2747 4824 τῇ
2780 4756 3090 4825 προαιρέσει
3118 4758 3590 4830 παρομαρτούσης.
3610 4755 3693 4807 καί
3708 4750 3784 4819 τῆς

2248 4841 2613 4909 προαιρέσεως
2642 4842 2800 4895 πάλιν
2830 4841 2924 4895 τοῦ
2956 4845 3096 4899 κατά
3128 4846 3284 4914 φύσιν
3321 4849 3421 4900 οὑκ
3454 4846 3785 4914 ἀπολιμπανοι

2252 4932 2418 5001 μένης
2438 4935 2733 5002 κινήματος
2763 4951 2777 4964 ·
2825 4934 2898 4998 ὡς
2927 4931 3018 4989 οὖν
3049 4936 3125 5006 τῷ
3148 4937 3411 5009 ὀφθαλμῷ
3440 4941 3473 5008 ή
3495 4933 3783 5000 κατανόησις

2249 5026 2497 5095 συμφυής
2547 5027 2682 5091 ἐστι,
2733 5028 2825 5079 καὶ
2856 5029 2888 5095 ή
2921 5027 3014 5079 τοῦ
3081 5030 3211 5099 ὀρᾷν
3260 5030 3511 5100 βούλησις
3563 5023 3785 5092 οὐδεμίαν

2248 5112 2536 5183 ὑπέρθεσιν
2557 5114 2693 5185 πρὸς
2723 5116 2852 5168 αὐτὸ
2876 5117 3006 5189 δρᾷν
3034 5118 3368 5187 ἐνεποίησεν,
3390 5118 3525 5172 ἀλλά
3556 5116 3643 5168 καὶ
3663 5110 3781 5164 θέλει

2247 5208 2393 5278 αὐτῷ
2421 5205 2555 5263 εἶναι
2582 5212 2680 5279 τὴν
2708 5211 2923 5281 ὅρασιν,
2960 5212 3054 5264 καὶ
3080 5212 3107 5265 ὃ
3141 5212 3281 5265 θέλει
3326 5214 3473 5265 ἐστίν
3496 5226 3510 5239 ’
3556 5209 3687 5263 οὕτω
3710 5205 3784 5258 καὶ

2245 5302 2337 5352 ἐπὶ
2382 5301 2476 5368 τῆς
2526 5302 2762 5372 ἀρρήτου
2808 5302 2901 5355 καὶ
2931 5303 3070 5373 ὑπὲρ
3112 5306 3292 5356 πᾶσαν
3320 5304 3527 5357 ἔννοιαν
3570 5299 3781 5368 φύσεως.

2248 5392 2461 5444 πάντων
2484 5393 2598 5462 ἅμα
2644 5394 2784 5445 κατά
2814 5395 3008 5448 ταυτὸν
3036 5396 3307 5463 ἐγγίνεται
3338 5398 3471 5466 ήμίν
3516 5398 3547 5463 ή
3586 5392 3780 5445 διάνοια.

2244 5482 2343 5549 τῆς
2376 5498 2432 5533 τε
2462 5482 2629 5534 ἀϊδίου
2646 5481 2738 5534 τοῦ
2770 5485 2978 5554 Harpe;
2996 5486 3298 5555 ὑπάρξεως.
3328 5490 3419 5540 καὶ
3442 5488 3566 5558 περ)⁸
3582 5485 3663 5537 τὸν
3681 5478 3782 5533 Υίὸν

2249 5573 2563 5642 θελήματος,
2605 5578 2696 5626 καὶ
2723 5576 2882 5629 αὐτοῦ
2915 5576 3007 5629 τοῦ
3039 5578 3186 5641 Υίοῦ,
3232 5579 3346 5642 τοῦ,
3386 5578 3565 5640 καθώς
3593 5589 3734 5643 φησιν
3760 5570 3783 5620 6

2263 5666 2530 5733 Ἰωάννης,
2567 5668 2623 5717 ἐν
2654 5670 2719 5736 τῇ
2754 5668 2892 5737 ἀρχῇ
2925 5668 3097 5730 ὄντος,
3130 5672 3220 5721 καὶ
3252 5672 3311 5722 οὐ
3345 5668 3485 5739 μετὰ
3513 5669 3607 5736 τὴν
3635 5662 3781 5733 ἀρχὴν

2250 5753 2559 5821 νοουμένου.
2602 5754 2765 5826 Ἀρχὴ
2793 5756 2848 5808 δὲ
2880 5756 2971 5809 τοῦ
3000 5758 3196 5821 παντὸς
3222 5762 3248 5811 ὁ
3270 5760 3461 5830 Πατήρ
3486 5776 3495 5787 ·
3528 5756 3635 5812 ἀλλ’
3654 5756 3704 5809 ἑν
3724 5748 3777 5817 τῇ
