4034 6500
592 335 702 393 779

1860 339 1916 394 S.
1960 342 2285 398 GREGOIUI
2317 344 2604 402 NYSSENI
3666 354 3753 410 780

593 464 680 525 pta
712 456 1018 522 inciderint,
1048 458 1136 527 pia
1177 459 1397 515 notione
1422 474 1485 513 ac
1519 459 1875 529 intelligentia
1908 477 2138 530 praemu-

2252 468 2575 536 μονογενοῦς,
2610 468 2742 521 Θεοῦ
2780 469 2837 520 τὸ
2884 468 2955 539 μὴ
2992 462 3125 520 εἶναι
3175 466 3267 519 τοῦ
3296 462 3428 521 εἶναι
3458 484 3753 524 κατασκευα-

592 547 721 601 uitis
751 547 1086 602 manilestior
1116 548 1207 603 ﬁat
1227 550 1657 605 adversariorum
1679 552 2034 622 blasphemia,
2052 560 2143 625 qui

590 637 644 692 in
696 639 975 707 unigenito
1026 639 1136 695 Deo
1192 655 1302 696 non
1356 658 1477 697 esse
1510 658 1671 712 quam
1710 659 1830 700 esse
1893 653 2146 702 astruunt

587 730 882 799 antiquius.

658 821 845 889 Opera:
861 822 1092 891 pretium
1111 833 1288 879 autem
1317 826 1444 879 mihi
1479 827 1710 889 videtur,
1735 829 1865 898 quid
1905 845 2141 900 genera-

588 912 754 965 tionis
785 928 982 968 nomen
1012 915 1298 985 significet.
1355 919 1630 973 exactiore
1660 924 1907 976 examine
1955 924 2007 975 in
2042 923 2142 976 hac

588 1002 957 1071 disputatione
1009 1006 1361 1073 perpendere.
1401 1007 1558 1073 Quod
1629 1010 1793 1078 igitur
1844 1027 1911 1067 ex
1961 1014 2140 1082 aliqua

588 1107 753 1147 causa
785 1109 905 1149 esse
931 1110 1121 1149 nomen
1153 1096 1284 1151 illud
1327 1109 1695 1168 repraesentet,
1719 1103 1892 1157 cuivis
1926 1105 2132 1173 perspi-

588 1196 751 1236 cuum
775 1191 878 1248 est,
905 1200 1005 1237 nec
1036 1184 1134 1239 hac
1164 1184 1230 1241 de
1250 1202 1307 1241 re
1336 1186 1702 1243 dimicandum
1737 1206 1857 1246 esse
1884 1193 2135 1248 arbitror.

589 1271 694 1327 Sed
728 1276 981 1343 quoniam
1016 1291 1206 1330 eorum
1241 1293 1361 1347 qua:
1386 1294 1451 1333 ex
1507 1280 1687 1349 aliqua
1742 1296 1908 1338 causa
1955 1284 2138 1339 subsi—

586 1372 738 1417 stunt
782 1364 1035 1421 diﬂ‘erens
1064 1377 1147 1422 est
1179 1370 1337 1430 ratio,
1390 1370 1494 1425 hoc
1525 1371 1780 1426 existimo
1826 1375 2135 1438 convenire,

585 1453 632 1506 si
682 1453 977 1508 artificiosa
1014 1456 1192 1526 aliqua
1238 1457 1503 1512 divisione
1559 1463 1773 1530 planius
1814 1463 2134 1531 explicetur.

584 1539 779 1597 Eorum
816 1545 980 1613 igitur
1008 1562 1129 1616 qum
1160 1548 1227 1601 ab
1262 1549 1444 1617 aliquo
1480 1551 1643 1614 tiunt,
1676 1553 1775 1606 has
1806 1552 2136 1608 diﬂ‘erentias

583 1634 1118 1702 comprehendimus.
1149 1636 1407 1704 Qumdam
1452 1642 1595 1694 enim
1623 1658 1687 1697 ex
1737 1645 1961 1697 materia
2010 1651 2138 1698 sunt

581 1732 635 1777 et
663 1735 799 1789 arte,
840 1733 899 1779 ut
923 1727 1272 1783 aediﬁciorum
1302 1737 1355 1782 et
1390 1731 1719 1800 reliquorum
1770 1749 1993 1802 operum
2043 1750 2137 1789 ex-

2247 562 2442 625 ζὸντων
2474 561 2740 633 πρεσὸύτε
2748 579 2859 633 ρον.

2312 822 2467 872 Δοκεῖ
2490 819 2546 872 δέ
2578 836 2665 889 μοι
2711 817 2888 881 καλῶς
2932 818 3073 887 ἔχειν
3101 817 3232 871 αὑτὸ
3262 816 3360 884 τῆς
3402 817 3680 886 γεννήσεως
3705 819 3754 871 τὺ

2244 912 2660 982 σημαινόμενον,
2715 912 2777 963 δι’
2807 911 3229 981 ἐπιμελεστέρας
3257 909 3542 975 ἐξετάσεως
3571 909 3755 963 διασκο-

2242 1008 2408 1077 πῆσαι
2428 1004 2504 1074 τῷ
2528 1006 2685 1074 λόγῳ.
2718 1006 2837 1057 Ὅτι
2871 1006 2967 1075 μὲν
2995 1000 3085 1056 οὖν
3117 1002 3175 1054 τὸ
3205 1002 3260 1065 ἐξ
3284 1002 3457 1064 αἰτίας
3488 997 3615 1053 εἶναί
3635 1021 3755 1066 τινος

2240 1098 2298 1149 τὸ
2327 1097 2493 1166 ὄνομα
2521 1096 2673 1148 τοῦτο
2704 1095 3015 1166 παρίστησι,
3050 1094 3208 1147 παντί
3238 1092 3393 1161 δῆλον
3419 1094 3546 1155 ἐστι,
3577 1092 3659 1145 καὶ
3681 1095 3756 1145 οὑ-

2238 1188 2322 1241 δὲν
2350 1184 2501 1257 οἶμαι
2538 1189 2733 1259 χρῆναι
2767 1188 2892 1259 περὶ
2937 1186 3122 1240 τούτου
3167 1183 3581 1253 διαγωνίζεσθαι.
3638 1185 3757 1237 Ἀλλ’

2238 1279 2421 1348 ἐπειδὴ
2464 1279 2716 1349 διάφορος
2742 1277 2849 1331 τῶν
2876 1276 2936 1341 ἐξ
2968 1275 3141 1338 αίτίας
3173 1273 3545 1344 ὑφεστηκότων
3576 1275 3705 1328 ἐστὶν
3732 1278 3757 1328 ὁ

2236 1370 2390 1438 λόγος
2414 1413 2428 1435 ,
2472 1369 2617 1422 τοῦτ’
2658 1365 2814 1441 οἶμαι
2859 1368 3151 1437 προσήκειν
3203 1366 3292 1419 διά
3343 1382 3483 1428 τινος
3536 1367 3757 1435 τεχνικῆς

2236 1460 2547 1529 διαιρέσεως
2584 1459 2972 1530 σαφηνισθῆναι
3015 1457 3093 1525 τῷ
3137 1457 3297 1526 λόγῳ.
3347 1454 3466 1507 Τῶν
3502 1455 3665 1506 τοίνυν
3707 1456 3757 1508 ἐκ

2236 1567 2376 1612 τινος
2398 1553 2695 1622 γινομένων
2736 1551 2934 1613 ταύτας
2959 1549 3056 1612 τάς
3080 1545 3339 1618 διαφορὰς
3365 1546 3753 1615 κατειλήφαμεν.

2238 1643 2318 1695 Τὰ
2355 1644 2450 1711 μὲν
2484 1645 2589 1714 γὰρ
2621 1644 2678 1707 ἐξ
2709 1642 2839 1712 ὑλης
2866 1642 2983 1694 ἐστὶ
3012 1641 3104 1694 καὶ
3134 1640 3343 1709 τέχνης,
3388 1637 3463 1699 ὡς
3489 1638 3542 1691 αἱ
3570 1636 3667 1687 τῶν
3693 1638 3757 1688 οξ-

2238 1734 2624 1803 κοδομημάτων
2649 1734 2741 1786 καὶ
2767 1733 2872 1785 τῶν
2905 1732 3101 1784 λοιπῶν
3128 1729 3304 1799 ἔργων
3325 1727 3661 1787 κατασκευαὶ,
3685 1727 3757 1780 διὰ

581 1816 931 1879 structiones,
963 1833 1083 1886 qua:
1110 1833 1177 1873 ex
1203 1823 1610 1889 congrua.liunt
1646 1825 1892 1887 materia,
1936 1827 2134 1894 quibus

2237 1824 2331 1890 τῆς
2354 1823 2678 1892 καταλλήλου
2704 1822 2832 1890 ὑλης
2853 1823 3129 1891 γινόμεναι
3148 1837 3162 1851 ’
3191 1817 3508 1888 καθηγεῖται
3526 1833 3602 1879 τις
3619 1817 3755 1887 τέχνη

583 1915 777 1975 praeest
805 1923 895 1961 ars
927 1909 1129 1977 aliqua,
1161 1926 1280 1979 quat
1314 1912 1380 1966 ad
1422 1914 1703 1983 pmprium
1744 1930 1968 1986 scopum
2027 1918 2139 1973 sive

581 1998 741 2051 tinem
773 2000 1108 2068 propositum
1139 2002 1242 2057 sibi
1271 2002 1598 2073 subjectum,
1631 2021 1695 2061 ex
1722 2006 1789 2061 iis
1809 2021 1928 2075 quae
1985 2007 2136 2073 ﬁunt,

582 2086 830 2154 perducit
867 2102 930 2140 ac.
977 2088 1242 2143 absolvit:
1278 2092 1523 2160 quaedam
1571 2108 1637 2145 ex
1673 2097 1901 2149 materia
1948 2107 2001 2151 et
2042 2113 2140 2151 na-

581 2185 747 2244 tura;
806 2194 930 2233 nam
996 2182 1334 2236 successivas
1385 2184 1694 2238 animalium
1765 2189 2139 2255 generationes

583 2275 777 2321 natura
810 2271 1063 2334 exstruit,
1096 2288 1157 2324 ex
1199 2276 1457 2327 materiali
1499 2290 1789 2345 corporum
1847 2279 2141 2333 subsisten-

583 2359 657 2412 tia
682 2374 840 2413 suum
879 2376 1016 2430 Opus
1046 2363 1319 2418 eﬂiciens:
1352 2366 1453 2417 alia
1494 2383 1619 2420 vero
1652 2384 1715 2423 ex
1753 2371 2017 2424 materiali
2045 2371 2139 2424 dc-

582 2447 751 2514 ﬂnxu,
807 2451 864 2504 in
913 2453 1110 2521 quibus
1163 2464 1215 2508 et
1251 2456 1547 2523 principale
1598 2458 1902 2526 subjectum
1956 2468 2139 2515 manet

583 2542 741 2609 quale
774 2550 875 2603 est,
915 2553 969 2598 et
1005 2545 1148 2613 quod
1181 2546 1247 2599 ab
1292 2547 1384 2599 illo
1413 2546 1529 2601 ﬂuit
1573 2548 1626 2602 in
1675 2550 1855 2620 seipso
1887 2552 2140 2607 conside-

584 2641 759 2696 ratur,
786 2643 845 2686 ut
873 2635 924 2688 in
949 2637 1064 2690 sole
1083 2648 1130 2690 et
1166 2637 1339 2703 radio,
1371 2640 1454 2691 vel
1484 2641 1536 2693 in
1570 2641 1788 2695 lucerna
1818 2650 1871 2696 et
1905 2642 2132 2713 fulgore,

580 2723 664 2777 vel
696 2723 748 2776 in
778 2724 1148 2779 odoramentis
1176 2735 1228 2781 et
1263 2729 1576 2794 unguentis,
1609 2738 1662 2784 et
1688 2732 1812 2786 inde
1850 2743 2137 2801 evaporata

583 2813 847 2883 qualitate
878 2833 890 2867 :
922 2816 1034 2869 haec
1068 2819 1209 2869 enim
1246 2819 1371 2871 licet
1407 2819 1458 2871 in
1517 2820 1710 2888 seipsis
1744 2836 1849 2876 non
1875 2822 2137 2875 diminuta

580 2913 855 2965 maneant,
891 2907 1072 2959 statim
1110 2908 1306 2962 habent
1332 2911 1543 2974 singula
1585 2913 2038 2967 roncomitantem
2067 2929 2131 2967 ex

580 2996 775 3065 seipsis
799 3005 1136 3051 emanautem
1177 3001 1475 3055 naturalem
1504 3003 1909 3072 proprietatem,
1950 3013 2008 3057 ut
2053 3005 2134 3059 sol

580 3084 814 3147 radium,
839 3086 1057 3141 lucerna
1089 3087 1374 3157 fulgorem,
1397 3091 1746 3145 odoramenta
1780 3094 1833 3146 in
1858 3108 1983 3148 aere
2013 3108 2135 3147 sua-

580 3190 698 3229 vem
750 3192 816 3230 ex
849 3177 981 3245 ipsis
1037 3179 1237 3233 editam
1305 3178 1678 3250 fragrantiam.
1720 3181 1814 3237 Est
1874 3191 2138 3252 praeterea

580 3268 791 3337 species
824 3270 928 3323 alia
954 3272 1342 3339 generationis,
1376 3273 1533 3341 cujus
1562 3289 1730 3330 causa
1761 3275 1981 3345 quidem
2032 3276 2137 3329 im-

580 3360 882 3415 materialis
915 3373 998 3417 est
1035 3370 1089 3417 et
1114 3365 1459 3432 incorporea,
1510 3366 1786 3433 generatio
1816 3381 1942 3420 vero
1970 3368 2141 3423 sensi-

579 3452 706 3508 bilis
730 3460 783 3506 et
813 3454 1145 3522 corporalis:
1176 3454 1298 3509 dico
1327 3462 1505 3509 autem
1530 3472 1831 3512 sermonem
1862 3473 1930 3512 ex
1961 3464 2139 3513 mente

579 3553 1088 3615 generatum:cum
1117 3546 1261 3599 enim
1306 3547 1377 3600 sit
1429 3547 1751 3616 incorporea
1814 3564 1988 3614 mens,
2042 3565 2140 3618 per

581 3637 946 3692 instrumenta
989 3636 1265 3691 sensibilia
1319 3652 1625 3692 sermonem
1674 3641 1833 3708 parit.
1891 3638 2136 3694 Totidem

579 3729 948 3800 generationis
973 3727 1307 3783 differentias
1359 3728 1507 3782 velut
1548 3729 1600 3782 in
1622 3730 1866 3798 generali
1902 3730 2135 3800 quadam

581 3818 952 3890 speculatione
1006 3819 1379 3888 cognovimus.
1437 3817 1568 3872 Nam
1616 3834 1950 3889 quaecunque
1999 3821 2168 3892 miro.

578 3910 812 3981 quodam
845 3917 899 3965 et
949 3909 1263 3979 prodigioso
1294 3908 1458 3962 modo
1494 3924 1524 3962 a
1581 3921 1772 3963 natura
1820 3912 2136 3980 gignuntur,

578 4017 678 4058 seu
716 4018 838 4057 cum
892 4015 1123 4070 corpora
1164 4001 1520 4070 quorumdam
1583 4003 1899 4056 animalium
1934 4004 1987 4056 in
2033 4003 2139 4057 alia

579 4092 824 4162 quaedam
859 4092 1087 4147 diversae
1110 4093 1308 4161 speciei
1346 4100 1537 4155 mutat,
1571 4106 1667 4146 seu
1710 4108 1834 4146 cum
1864 4092 1932 4147 ab
1961 4094 2140 4163 aliqua

579 4185 929 4240 bumidorum
960 4185 1305 4244 alteratione,
1334 4184 1416 4236 vel
1448 4184 1720 4238 seminum
1767 4186 2135 4253 corruptione,

577 4276 665 4332 vel
695 4277 961 4347 lignorum
991 4276 1278 4346 putredine
1301 4275 1561 4328 animalia
1580 4275 1824 4343 quasdam
1846 4276 2095 4345 producit
2122 4293 2136 4340 ;

580 4370 664 4424 vel
695 4384 819 4422 cum
857 4386 920 4421 ex
955 4370 1096 4439 ignis
1128 4369 1555 4423 condensatione
1617 4368 1899 4422 humidum
1939 4385 2005 4422 ex
2036 4380 2140 4422 tor-

2241 1915 2375 1985 πρὸς
2422 1914 2511 1966 τὸν
2556 1914 2684 1966 ἴδιον
2733 1914 2930 1966 σκοπὸν
2970 1913 3076 1965 τῶν
3125 1911 3419 1980 γινομένων
3447 1908 3508 1962 τὸ
3533 1908 3758 1977 προτεθὲν

2240 2006 2698 2079 συμπεραίνουσα“
2730 2006 2798 2060 τά
2824 2006 2878 2058 δὲ
2907 2005 2964 2069 εξ
2994 2005 3124 2073 ’ύλης
3155 2005 3250 2057 καὶ
3281 2002 3492 2071 φύσεως
3514 2016 3528 2030 ·
3556 1999 3647 2061 τὰς
3669 1998 3758 2067 γὰρ

2239 2097 2295 2164 ἐξ
2315 2098 2553 2167 ἀλλήλων
2581 2097 2816 2165 γενέσεις
2840 2096 2945 2147 τῶν
2975 2096 3176 2165 ζώωνή
3208 2095 3369 2163 φύσις
3396 2092 3667 2161 οἰκοδομεῖ,
3687 2089 3759 2145 διὰ

2237 2190 2335 2258 τῆς
2366 2191 2421 2242 ὲν
2452 2192 2565 2253 τοῖς
2594 2188 2838 2259 σώμασιν
2870 2187 3055 2256 ὑλικῆς
3103 2186 3448 2247 ὑποστάσεως
3495 2183 3553 2235 τὸ
3588 2182 3757 2249 ἑαυτῆς

2239 2276 2529 2347 ὲνεργοῦσα
2553 2294 2566 2306 ⁸
2598 2277 2665 2329 τὰ
2688 2278 2746 2329 δὲ
2767 2274 2824 2340 ἐξ
2844 2275 3031 2343 ὑλικῆς
3057 2275 3373 2347 ἀπορροίας,
3412 2272 3492 2342 ἐφ’
3518 2266 3588 2325 ὧν
3609 2272 3690 2325 καὶ
3710 2270 3759 2322 τὸ

2239 2368 2642 2438 προηγούμενον
2682 2368 2827 2435 μένει
2872 2361 2981 2419 οἷόν
3019 2367 3153 2430 ἐστι,
3199 2367 3292 2418 καὶ
3341 2364 3404 2416 τὸ
3444 2364 3533 2415 ἀπ’
3578 2362 3759 2414 ἐκείνου

2241 2458 2363 2528 ρἐν
2404 2458 2488 2527 ἐφ’
2523 2457 2715 2510 ἑαυτοῦ
2769 2460 2984 2519 νοεῖται,
3011 2457 3087 2517 ὡς
3124 2456 3215 2507 ἐπὶ
3256 2453 3352 2506 τοῦ
3395 2454 3542 2523 ἡλίου
3571 2450 3758 2517 καὶτῆς

2238 2549 2469 2609 ἀκτῖνος,
2499 2547 2533 2619 ἢ
2563 2548 2655 2599 ἐπὶ
2686 2548 2783 2617 τῆς
2815 2546 3092 2616 λαμπάδος
3122 2545 3216 2599 καὶ
3258 2545 3360 2613 τῆς
3394 2542 3580 2611 αὐγῆς,
3618 2541 3648 2609 ἢ
3684 2539 3761 2591 ἐπὶ

2236 2639 2344 2691 τῶν
2366 2639 2668 2707 ἀρωμάτων
2699 2655 2758 2690 τε
2790 2638 2885 2691 καὶ¹
2929 2636 3133 2707 μύρων,
3182 2636 3274 2689 καὶ
3301 2635 3403 2704 τῆς
3426 2633 3622 2688 ἐκεῖθεν
3647 2629 3763 2683 ὲνδι·

2237 2729 2461 2798 δομένης
2502 2730 2780 2799 ποιότητος
2812 2746 2826 2759 θ
2866 2728 3035 2782 ταῦτα
3067 2727 3175 2799 γὰρ
3200 2730 3283 2796 ἐφ’
3316 2727 3522 2780 ἑαυτῶν
3548 2725 3760 2794 άμείωτα

2242 2818 2487 2887 μένοντα,
2520 2820 2680 2881 εὐθὺς
2719 2819 2830 2888 ἔχει
2864 2817 3433 2889 συμπαρομαρτοῦσαν
3458 2816 3657 2882 ἑκάστῳ
3679 2816 3762 2884 τὴν

2236 2909 2329 2961 ἀπ’
2360 2909 2537 2962 αὑτῶν
2572 2910 2917 2980 ἐκδεδομένην
2942 2909 3171 2979 φυσικὴν
3201 2910 3438 2978 ἰδιότητα
3460 2924 3475 2938 ·
3515 2902 3619 2959 οἷον
3637 2909 3662 2959 ὁ
3681 2906 3762 2975 μὲν

2237 3002 2385 3073 ἥλιος
2405 3002 2504 3072 τὴν
2528 3002 2736 3065 ἀκτῖνα,
2762 3003 2794 3070 ἡ
2827 3002 2882 3054 δὲ
2908 3002 3127 3069 λαμπὰς
3148 3001 3244 3071 τὴν
3270 3000 3466 3070 αὐγὴν,
3489 2999 3554 3051 τὰ
3571 2999 3623 3053 δὲ
3639 2994 3763 3068 ἀρώ-

2243 3110 2384 3161 ματα
2416 3092 2512 3163 τὴν
2536 3093 2614 3162 τῷ
2638 3093 2804 3163 ἀερίῳ
2832 3092 2892 3157 ἐξ
2917 3092 3090 3145 αὐτῶν
3127 3091 3509 3162 ὲντικτομένην
3535 3091 3751 3143 εὐωδίαν.

2159 3146 2206 3204 C
2243 3185 2396 3238 ’Ἐστι
2430 3184 2522 3236 καὶ
2564 3184 2745 3253 ἓτερον
2772 3180 2908 3246 εἶδος
2941 3182 3093 3253 παρὰ
3119 3183 3287 3237 ταῦτα
3308 3184 3627 3253 γεννήσεως,
3658 3172 3763 3247 οὗή

2241 3276 2337 3346 μὲν
2364 3276 2509 3328 αἰτία
2546 3275 2706 3338 ἄῦλός
2732 3277 2848 3328 ἐστι
2886 3276 2978 3327 καὶ
3011 3274 3297 3345 ἀσώματος
3320 3314 3336 3335 ,
3382 3276 3414 3344 ή
3463 3275 3516 3327 δὲ
3546 3275 3764 3341 γέννησις

2238 3367 2463 3437 αἰσθητή
2488 3385 2545 3420 τε
2568 3368 2659 3421 καὶ
2692 3366 2778 3418 διὰ
2817 3366 3090 3435 σώματος’
3124 3367 3265 3434 λέγω
3286 3366 3345 3418 δὲ
3374 3366 3467 3418 τὸν
3497 3366 3558 3417 ἐκ
3577 3364 3660 3415 τοῦ
3686 3361 3763 3413 νοῦ

2237 3459 2567 3530 γεννώμενον
2594 3460 2781 3528 λόγον’
2826 3462 3112 3532 ἀσώματος
3143 3461 3251 3532 γὰρ
3277 3461 3357 3513 ὢν
3401 3460 3521 3516 καθ’
3555 3457 3722 3512 ἑαυτὸν
3742 3457 3768 3507 ὁ

2238 3550 2378 3612 νοῦς,
2410 3533 2496 3603 διά
2536 3551 2644 3602 τῶν
2686 3550 2955 3623 αἰσθητῶν
3000 3551 3243 3622 ὀργάνων
3276 3552 3451 3605 τίκτει
3495 3550 3583 3603 τὸν
3612 3549 3764 3615 λόγον.

2237 3641 2514 3704 Τοσαύτας
2557 3645 2857 3712 γεννήσεως
2901 3644 3160 3714 διαφορὰς
3213 3641 3324 3697 οἷον
3375 3646 3432 3697 ἐν
3478 3646 3653 3712 γενικῇ
3679 3656 3767 3693 τίνι

2239 3727 2438 3800 θεωρία
2468 3733 2888 3800 κατενοήσαμεν.
2935 3732 3015 3783 Τά
3047 3730 3153 3799 γὰρ
3181 3733 3281 3785 ὅσα
3302 3731 3765 3803 θαυματουργεῖται

2240 3820 2388 3888 παρὰ
2412 3823 2510 3890 τῆς
2537 3820 2769 3888 φύσεως,
2796 3822 2892 3890 τῆς
2922 3820 3144 3891 σώματα
3167 3813 3320 3886 ζώων
3340 3824 3498 3878 τινῶν
3520 3825 3594 3886 είς
3618 3824 3770 3890 ἑτερο-

2239 3910 2344 3977 φυῆ
2392 3928 2512 3963 τινα
2547 3910 2998 3981 μεταϐαλλούσης,
3068 3913 3100 3982 ἢ
3139 3913 3245 3967 ἀπό
3290 3931 3433 3979 τινος
3477 3914 3582 3967 τῶν
3612 3910 3768 3982 ὑγρῶν

2240 4005 2588 4066 ἀλλοιώσεως,
2628 4004 2659 4075 ἢ
2697 4002 3023 4073 σπερμάτων
3061 4003 3285 4075 φθορᾶς,
3332 4007 3365 4076 ἢ
3417 4004 3583 4070 ξύλων
3626 4020 3770 4073 σηπε-

2238 4096 2384 4157 δόνος
2413 4093 2526 4158 ζῶά
2556 4111 2676 4146 τινα
2706 4093 3157 4163 δημιουργούσης,
3193 4094 3225 4165 ἢ
3266 4096 3330 4148 ἐκ
3371 4097 3471 4166 τῆς
3496 4095 3586 4149 τοῦ
3622 4093 3770 4163 πυρὸς

2246 4186 2625 4255 συμπιλήσεως
2676 4184 2767 4237 τὸν
2817 4184 3020 4255 ψυχρὸν
3071 4187 3135 4238 ὲκ
3176 4184 3283 4238 τῶν
3312 4186 3489 4239 δαλῶν
3516 4186 3674 4257 ἀτμὸν
3697 4186 3771 4236 ὲν-

2239 4275 2615 4345 αποληφθέντα
2678 4274 2757 4343 τῷ
2808 4274 2958 4343 βάθει
3010 4276 3141 4346 πρὸς
3188 4276 3326 4340 ζώου
3373 4278 3581 4344 γένεσιν
3629 4292 3771 4347 μετα-

2240 4368 2514 4437 ποιούσης,
2534 4368 2561 4419 ὂ
2582 4366 2959 4437 σαλαμάνδραν
2994 4368 3486 4439 προσαγορεύουσιν
3509 4410 3522 4431 ,
3570 4369 3664 4422 κᾶν
3684 4368 3772 4431 ἔξω

580 4461 736 4515 ribus
768 4461 995 4513 halitum
1026 4462 1080 4514 in
1114 4459 1283 4513 fundo
1319 4460 1586 4520 relictum,
1609 4457 1677 4512 ad
1703 4459 1953 4513 animalis
1977 4474 2135 4528 gene-

2240 4460 2345 4513 τῶν
2381 4458 2750 4528 διορισθέντων
2782 4453 2917 4510 εἶναι
2949 4459 3099 4529 δοκῇ,
3132 4458 3281 4512 οὐδὲν
3309 4454 3473 4532 ἦττον
3504 4462 3559 4513 ἐν
3584 4461 3685 4523 cui;
3709 4458 3772 4508 εἰο

582 4553 846 4606 rationem
886 4558 1235 4617 transmutat,
1288 4551 1455 4621 quod‘
1507 4550 1906 4604 salamandram
1957 4551 2139 4620 appel-

582 4642 730 4707 lant,
759 4642 969 4697 etiamsi
1002 4650 1153 4696 extra
1183 4658 1276 4697 eas
1305 4642 1715 4713 generationum
1749 4644 1957 4711 species
2002 4659 2139 4713 quas

581 4747 748 4804 supra
778 4732 1145 4796 deﬁnivimus,
1183 4749 1302 4788 esse
1333 4732 1638 4796 videantur,
1676 4733 2030 4789 nihilominus
2057 4744 2142 4789 ta-

580 4839 704 4878 men
736 4826 789 4880 in
820 4824 954 4894 ipsis
986 4832 1210 4894 possunt
1266 4824 1668 4893 comprehendi.
1722 4824 1925 4880 Natura
1978 4826 2125 4881 enim

580 4930 678 4985 per
711 4930 939 4985 corpora
970 4918 1117 4969 varia
1148 4917 1261 4970 hac
1288 4916 1599 4970 animalium
1630 4932 1827 4987 genera
1859 4917 2129 4988 producit;

580 5007 761 5076 qualis
793 5009 938 5062 enim
969 5009 1217 5078 corporis
1247 5010 1425 5063 versio
1460 5008 1641 5074 fuerit,
1671 5010 1851 5063 taliter
1884 5024 1913 5062 a
1946 5018 2141 5064 natura

582 5096 772 5153 aﬁecta
826 5098 951 5171 sive,
994 5098 1292 5169 disposita,
1330 5100 1489 5154 talem
1540 5099 1831 5169 quamdam
1887 5101 2141 5156 animalis

584 5189 820 5261 speciem
850 5190 1066 5246 ell‘ecit:
1100 5206 1220 5261 quae
1250 5191 1470 5262 quidem
1506 5208 1618 5247 non
1663 5193 1768 5247 alia
1813 5204 1896 5249 est
1919 5208 2142 5263 genera-

583 5283 751 5338 tionis
783 5285 1014 5353 Species,
1048 5292 1244 5354 praeter
1276 5300 1394 5340 eam
1429 5301 1548 5354 quae
1574 5302 1641 5341 ex
1687 5293 1883 5340 natura
1920 5293 1972 5340 et
2022 5300 2141 5338 ma-

585 5374 722 5430 teria
756 5374 1074 5430 absolvitur.
1110 5375 1249 5432 Cum
1282 5376 1447 5447 igitur
1487 5376 1541 5430 hi
1571 5377 1716 5432 modi
1778 5376 2142 5446 generationis

586 5466 902 5522 hominibus
940 5475 1125 5524 essent
1154 5469 1377 5539 cogniti,
1420 5470 1696 5523 hominum
1748 5469 1929 5539 generi
1982 5469 2142 5524 bene.

586 5559 709 5613 vola
738 5558 914 5614 sancti
944 5556 1183 5630 Spiritus
1211 5560 1546 5629 dispensatio
1579 5560 1738 5615 nobis
1763 5558 1982 5614 tradens
2006 5559 2142 5613 divi~

589 5666 659 5707 na
693 5653 971 5723 mysteria.
994 5668 1091 5723 per
1119 5667 1182 5709 ea
1215 5669 1335 5723 quae
1364 5667 1395 5707 a
1425 5652 1580 5709 nobis
1606 5652 1985 5723 comprehendi
2018 5667 2144 5720 pos-

592 5748 739 5803 sunt,
797 5740 1102 5797 doctrinam
1141 5740 1271 5799 facit
1293 5758 1479 5799 eorum
1515 5758 1636 5813 qure
1665 5756 1881 5799 omnem
1931 5758 2137 5799 sermo-

2243 4569 2305 4621 ρη
2317 4550 2492 4619 μένοις
2527 4550 2661 4601 ἐστί.
2692 4548 2789 4601 Διὰ
2814 4548 2921 4620 γὰρ
2952 4550 3215 4618 σωμάτων
3248 4550 3281 4618 ἡ
3306 4549 3468 4617 φύσις
3497 4550 3563 4602 τὰ
3582 4546 3772 4601 ποικίλα

2238 4640 2408 4694 ταῦτα
2451 4639 2559 4692 τῶν
2610 4639 2761 4703 ζώων
2793 4640 2906 4709 είδη
2951 4637 3266 4709 τεχνάζεται
3292 4656 3305 4669 °
3346 4642 3380 4711 ή
3416 4640 3522 4713 γὰρ
3551 4640 3670 4692 ποιὰ.
3691 4636 3770 4690 τοῦ

2241 4729 2485 4800 σώματος
2528 4730 2725 4800 τροπὴ,
2771 4728 2988 4781 τοιῶσδε
3034 4728 3181 4799 παρὰ
3230 4730 3328 4800 τῆς
3374 4729 3584 4799 φύσεως
3620 4728 3771 4781 διατε-

2241 4821 2412 4884 θεῖσα,
2460 4820 2522 4874 τδ
2558 4822 2614 4873 δέ
2654 4838 2705 4872 τι
2749 4819 2840 4873 τοῦ
2871 4820 3009 4884 ζώου
3056 4819 3116 4871 τὸ
3160 4816 3295 4884 εἶδος
3335 4821 3768 4893 ἐδημιούργησεν·

2239 4914 2374 4982 ὅπερ
2401 4912 2500 4965 οὑκ
2537 4912 2665 4965 ἄλλο
2687 4912 2739 4963 τί
2775 4913 2918 4963 ἐστιν
2944 4906 3081 4973 εἶδος
3115 4912 3440 4981 γεννήσεως,
3473 4911 3619 4982 παρὰ
3643 4912 3695 4963 τδ
3721 4912 3774 4961 ἐκ

2241 5004 2451 5074 φύσεως
2476 5005 2571 5056 καὶ
2614 5003 2744 5071 ὕλης
2769 5003 3215 5073 ἀποτελούμενον.
3248 5005 3463 5058 Τούτων
3493 5005 3661 5059 τοίνυν
3682 5001 3773 5054 τῶν

2240 5097 2337 5167 τῆς
2370 5098 2670 5167 γεννήσεως
2696 5097 2906 5166 τρόπων
2936 5097 3185 5168 φανερῶν
3220 5100 3330 5159 τοῖς
3371 5097 3672 5168 ἀνθρώποις
3703 5095 3774 5146 δν-

2239 5204 2369 5253 των,
2402 5189 2434 5256 ή
2468 5186 2843 5257 φιλάνθρωπος
2870 5187 2962 5239 τοῦ
2994 5188 3149 5254 ἁγίου
3181 5188 3496 5258 Πνεύματος
3525 5185 3774 5254 οἰκονσμῖα

2241 5276 2604 5347 παραδιδοῦσα
2648 5279 2777 5347 ἡμῖν
2820 5276 2888 5330 τὰ
2920 5277 3038 5331 θεῖα
3085 5282 3372 5350 μυστήρια,
3420 5278 3508 5331 διὰ
3537 5277 3640 5330 τῶν
3664 5275 3774 5342 ἡμῖν

2241 5370 2501 5442 χωρητῶν
2553 5370 2648 5439 τὴν
2683 5371 3025 5424 διδασκαλίαν
3054 5375 3284 5425 ποιεῖται
3316 5371 3424 5425 τῶν
3456 5370 3592 5441 ὑπὲρ
3619 5368 3772 5434 λόγον.

2240 5465 2314 5527 ώς
2346 5464 2439 5516 καὶ
2466 5464 2522 5515 ὲν
2551 5465 2663 5524 τοῖς
2700 5462 2876 5525 ἄλλοις
2907 5463 3075 5515 ἅπασι
3105 5462 3259 5516 τοῦτο
3281 5466 3439 5526 ποιεῖ,
3469 5463 3593 5516 ὅταν
3610 5474 3772 5529 σωμα-

2242 5554 2405 5616 τικῶς
2433 5554 2707 5624 διαγράφῃ
2755 5553 2815 5604 τὸ
2859 5552 3030 5616 Θείον,
3062 5552 3351 5623 ὀφθαλμὸν,
3398 5554 3492 5606 καὶ
3536 5550 3770 5621 βλέφαρα.

2243 5647 2335 5700 καὶ
2378 5642 2492 5709 οὖς,
2524 5646 2618 5699 καὶ
2655 5645 2966 5708 δακτύλους,
2998 5647 3086 5698 καὶ
3122 5648 3296 5716 χεῖρα,
3339 5645 3431 5697 καὶ
3475 5642 3665 5706 δεξιάν,
3696 5636 3774 5687 καὶ

2246 5738 2518 5809 βραχίονα,
2562 5738 2653 5791 καὶ
2681 5738 2831 5801 πόδα,
2871 5739 2962 5790 καὶ
3003 5737 3338 5808 ὑποδήματα,
3369 5735 3462 5789 καὶ
3487 5735 3553 5787 τὰ
3577 5728 3772 5786 τοιαῦτα
