4034 6490
193 382 297 439 781
1283 397 1560 454 CONTRA
1598 402 1985 472 EUNOMIUM,
2030 405 2160 460 ΜΒ.
2205 409 2339 464 Vill.
3330 429 3435 486 78?.

198 501 328 570 περὶ
376 490 507 556 Θεοῦ
536 504 824 572 διεξιοῦσα,
866 505 939 564 ὧν
984 511 1132 565 οἰδὲν
1176 516 1313 568 κατὰ
1347 518 1446 588 τὴν
1485 520 1740 592 πρόχειρο

1847 579 1849 590 λ
1879 540 2000 579 nem
2029 534 2082 579 et
2111 527 2375 581 rationem
2413 542 2690 599 superant,
2723 535 2864 588 sicut
2907 537 2961 590 in
3010 538 3131 594 aliis
3181 546 3434 602 omnibus

194 590 427 657 ἔννοιαν,
457 596 513 646 ἐν
553 599 616 666 τῇ
646 598 763 668 θεία
795 601 1262 672 καταλαμϐάνεται
1296 607 1472 675 φύσει.

204 685 248 698 ,ι
288 680 406 698 ...ΙκΔ
450 681 472 698 Ι»
529 697 533 698 ν
559 697 564 698 γ
849 695 858 698 ³
910 689 944 698 “¹
989 689 999 698 ⁸

1878 617 1984 672 hoc
2013 620 2162 682 facit,
2185 637 2305 674 cum
2332 625 2690 691 corporaliter
2717 625 2883 681 Deum
2910 629 3186 698 describit,
3215 638 3433 690 oculum

197 685 255 731 et
288 680 599 748 palpebras,
623 698 784 739 aures
813 695 865 741 et
893 689 1094 758 digitos
1123 699 1177 746 ct
1201 709 1418 749 manum
1449 699 1610 752 etiam
1639 701 1937 769 dexteram,
1970 714 2022 760 et
2085 680 2387 774 brachium,
2432 680 2507 764 ἐι
2572 715 2783 780 pedem,
2837 724 2893 770 et
2951 680 3312 778 calceanienta
3383 736 3436 781 et

191 787 316 840 quae
351 782 478 827 sunt
510 776 775 844 ejusmodi
807 780 874 836 de
897 782 1004 838 Deo
1033 800 1321 855 enarrans,
1388 808 1617 861 quorum
1670 797 1800 852 nihil
1843 801 2140 856 secundum
2173 815 2486 862 consuetam
2521 808 2934 881 intelligentiam
2980 815 3034 868 in
3107 817 3288 872 divina
3341 821 3435 877 de-

189 865 551 932 prehenditur
582 881 794 924 natura.

288 955 449 1010 Ἀλλὰ
504 960 638 1031 πρὸς
675 963 734 1017 τὸ
782 968 911 1036 ἡμῖν
960 969 1283 1026 εὐσύνοπτον
1303 975 1403 1046 τὴν
1425 977 1764 1032 διδασκαλίαν

187 1049 424 1115 ἄγουσα,
476 1054 592 1114 ταῖς
629 1056 1010 1125 τετριμμέναις
1047 1062 1104 1114 ὲν
1135 1066 1198 1133 τῇ
1243 1067 1497 1138 συνηθείᾳ
1528 1071 1635 1124 τῶν
1675 1073 1765 1125 άν-

189 1144 428 1214 θρώπων
477 1152 681 1214 φωναῖς
737 1151 802 1204 τά
877 1155 1011 1225 ὑπὲρ
1072 1163 1252 1214 πᾶσαν
1304 1168 1574 1235 σημασίαν
1624 1172 1764 1242 πρά-

183 1252 375 1304 γματα
416 1237 655 1306 διορίζει,
709 1243 1041 1313 ἀναλογικῶς
1074 1252 1248 1321 ἡμῶν,
1295 1255 1360 1308 δι’
1395 1259 1624 1313 ἑκάστου
1656 1263 1763 1315 τῶν

184 1329 316 1396 περὶ
343 1328 474 1382 Θεοῦ
505 1334 828 1406 λεγομένων,
868 1343 1002 1413 πρός
1033 1361 1152 1396 τινα
1190 1346 1538 1416 ἀναγομένων
1565 1352 1760 1422 ὑψηλο-

179 1418 354 1487 τέραν
397 1424 649 1479 ὑπόνοιαν
673 1469 686 1481 .
718 1430 906 1495 Οὕτως
950 1431 1043 1486 οὖν
1081 1436 1174 1487 καὶ
1218 1437 1285 1488 τά
1323 1439 1489 1493 πολλὰ
1517 1443 1615 1512 τῆς
1641 1461 1760 1512 γεν-

182 1511 396 1579 νήσεως
439 1516 550 1586 εἴδη
587 1521 736 1591 παρά
764 1527 861 1593 τῆς
910 1525 1267 1581 θεοπνεύστου
1309 1531 1652 1600 διδασκαλίας
1681 1541 1760 1601 εἰς

181 1604 531 1672 παράστασιν
550 1613 648 1680 τῆς
669 1615 908 1684 ἀρρήτου
932 1618 1024 1670 τοῦ
1055 1622 1108 1672 Μ
1115 1622 1394 1688 ονογενοῦς
1415 1625 1759 1692 ὑποστάσεως

178 1689 622 1762 παραλαμϐάνει,
639 1701 888 1755 τοσοῦτον
905 1706 994 1773 ἀφ’
1013 1708 1239 1760 ἑκάστου
1255 1709 1318 1762 λα
1326 1711 1618 1779 μϐάνουσα,
1637 1718 1758 1770 ὅσον

175 1779 377 1847 εὐαγές
399 1787 542 1838 ἐστιν
562 1791 638 1852 είς
655 1792 750 1856 τὰς
781 1798 903 1866 περὶ
917 1797 1051 1851 Θεοῦ
1083 1800 1372 1871 ὑπολήψεις
1403 1805 1760 1878 παραληφθῆ-

174 1888 290 1926 ναι.
309 1874 396 1936 Ὠς
413 1878 680 1948 γάρὴτῶν
696 1885 969 1942 δακτύλων
989 1894 1171 1964 μνήμη
1185 1898 1376 1951 ὲπὶτοῦ
1393 1874 1545 1961 Θεοῦ,
1559 1874 1762 1970 καῖτῆς

173 1966 362 2035 χειρὸς
376 1971 469 2022 καὶ
478 1972 570 2024 τοῦ
593 1975 888 2046 βραχίονος,
904 1985 961 2035 οὑ
980 1984 1074 2052 τὴν
1092 1986 1147 2050 ἐξ
1163 1988 1332 2043 ὀστῶν
1349 1992 1439 2044 καὶ
1452 1992 1652 2062 νεύρων
1670 1997 1762 2049 καὶ

174 2057 401 2122 σαρκῶν
415 2061 504 2112 καὶ
518 2066 824 2136 συνδέσμων
840 2071 931 2124 τοῦ
953 2073 1144 2142 μέλους
1160 2082 1501 2152 κατασκευὴν
1520 2085 1762 2154 ὑπογρά-

173 2165 269 2217 φει
306 2151 382 2220 τῷ
402 2153 541 2225 λόγῳ
559 2197 572 2219 ,
613 2159 747 2212 ἀλλὰ
766 2163 862 2231 τὴν
889 2170 1196 2238 πρακτικὴν
1231 2173 1393 2226 αὑτοῦ
1416 2151 1507 2228 καὶ
1532 2151 1757 2248 ἐνεργη-

169 2244 335 2314 τικὴν
355 2245 579 2317 δύναμιν
607 2252 681 2320 τῷ
701 2256 922 2326 τοιούτῳ
943 2259 1285 2330 διασημαίνει
1308 2267 1549 2337 ὀνόματι,
1572 2274 1663 2322 καὶ
1675 2273 1742 2324 δι’

170 2333 408 2388 ἑκάστου
460 2340 566 2393 τῶν
598 2342 770 2396 ἄλλων
841 2350 907 2402 τά
944 2353 1249 2425 κατάλληλα
1291 2357 1399 2409 τῶν
1449 2362 1574 2424 περὶ
1609 2363 1744 2416 Θεοῦ

168 2428 480 2496 νοουμένων
506 2433 852 2501 ἐνδείκνυται,
876 2442 936 2493 οὑ
965 2446 1506 2520 συμπαραδεχομένη*
1534 2453 1633 2522 τῆς
1659 2473 1757 2508 σω-

170 2520 415 2588 ματικῆς
441 2522 546 2575 τῶν
571 2525 848 2589 ὀνομάτων
870 2532 1155 2600 ἐμφάσεως
1172 2553 1186 2564 ³
1237 2539 1408 2596 οὕτως
1434 2545 1526 2596 καὶ
1552 2545 1618 2598 τὰ
1649 2547 1753 2599 τῶν

165 2610 448 2676 γενέσεων
485 2614 690 2670 τούτων
723 2620 836 2688 εἴδη
876 2620 1021 2690 λέγει
1063 2627 1161 2696 μὲν
1194 2631 1285 2681 ἐπὶ
1327 2635 1425 2702 τῆς
1461 2634 1609 2698 Θείας
1653 2639 1752 2703 φύ-

168 2718 337 2765 σεως,
368 2705 427 2756 οὐ
459 2705 564 2775 μὴν
590 2708 732 2762 οὕτω
765 2711 931 2780 λέγει,
957 2717 1030 2778 ὡς
1057 2722 1194 2772 νοεῖν
1229 2717 1366 2775 οἶδεν
1394 2726 1424 2794 ἡ
1457 2729 1577 2778 καθ’
1604 2733 1750 2798 ἡμᾶς

166 2793 452 2860 συνήθεια.
489 2797 591 2850 Τά⁴
623 2801 720 2868 μὲν
773 2805 880 2874 γὰρ
923 2809 1050 2878 περὶ
1095 2811 1195 2878 τῆς
1244 2824 1749 2891 κατασκευαστικῆς

162 2882 309 2956 λέγῃ
351 2886 650 2958 δυνάμεως,
680 2893 932 2964 γέννησιν
972 2900 1068 2966 μὲν
1095 2901 1350 2971 ὀνομάζει
1377 2908 1474 2979 τὴν
1496 2882 1746 2983 τοιαύτην

164 2975 476 3046 ἐνέργειαν,
509 2979 594 3034 διὰ
624 2983 685 3034 τὸ
727 2983 835 3037 δεῖν
884 2988 1020 3058 πρὸς
1066 2991 1124 3043 τὸ
1172 2975 1439 3049 ταπεινὸν-
1465 3000 1561 3070 τῆς
1599 2975 1747 3066 θείας

161 3064 454 3150 δυνάμεως
496 3071 796 3142 καταϐῆναι
824 3076 914 3129 τὸν
940 3078 1094 3147 λόγον
1121 3097 1136 3110 ’
1177 3082 1236 3134 οὑ
1271 3085 1374 3156 μὴν
1415 3064 1742 3146 ἐνδείκνυται

1948 977 2052 1032 Sed
2093 980 2159 1034 ad
2191 982 2242 1034 id
2282 983 2424 1052 quod
2458 999 2488 1037 a
2521 986 2677 1041 nobis
2701 990 2932 1058 perspici
2967 991 3196 1048 faciliter
3233 1004 3431 1065 potest,

1873 1069 2176 1125 doctrinam
2206 1073 2501 1140 adducens,
2531 1078 2674 1131 tritis
2709 1088 2762 1133 et
2793 1081 3022 1151 vulgatis
3065 1086 3118 1138 in
3154 1086 3433 1142 hominum

1872 1163 2268 1218 consuetudine
2299 1166 2544 1232 vocibus,
2590 1184 2677 1224 res
2705 1186 2822 1239 quae
2856 1187 3070 1228 omnem
3103 1192 3434 1247 exsuperant

1874 1254 2287 1324 signiﬁcantium
2319 1257 2666 1326 determinat,
2703 1263 2830 1316 dum
2864 1280 2959 1332 per
2989 1268 3288 1337 analogiam
3335 1287 3431 1325 seu

1871 1349 2281 1417 proportionem
2314 1353 2623 1421 quamdam,
2660 1373 2754 1425 per
2776 1373 2840 1413 ea
2867 1375 2986 1428 quae
3009 1361 3074 1415 de
3106 1361 3214 1418 Deo
3241 1364 3434 1420 dicun-

1867 1444 1974 1502 tur,
2006 1439 2069 1490 ad
2109 1441 2349 1510 aliquam
2383 1443 2754 1501 sublimiorem
2820 1451 3199 1519 cogitationem
3247 1457 3433 1512 suble-

1866 1545 2074 1583 vamur.
2113 1529 2204 1584 Sic
2243 1533 2407 1603 igitur
2443 1537 2643 1591 multas
2709 1542 3074 1608 generationis
3129 1547 3339 1614 species
3395 1563 3428 1602 a

1867 1619 1975 1675 Deo
2010 1623 2271 1691 inspirata
2303 1627 2551 1680 doctrina
2584 1631 2649 1683 ad
2699 1637 3231 1700 reprresentationcm
3292 1639 3430 1694 inef-

1870 1710 2050 1766 fabilis
2079 1714 2449 1771 subsistentia:
2481 1717 2754 1788 Unigeniti
2806 1725 3058 1790 assumit,
3094 1734 3304 1782 tantum
3357 1729 3427 1784 ab

1870 1817 2197 1873 unoquoque
2226 1820 2534 1873 assumens,
2565 1819 2826 1878 quantum
2858 1813 2926 1866 ad
2955 1829 3051 1869 cas
3079 1832 3199 1885 quae
3227 1818 3293 1872 de
3316 1818 3426 1874 Deo

1867 1901 1995 1946 sunt
2023 1895 2327 1964 opiniones,
2383 1899 2530 1966 pium
2593 1910 2676 1956 est
2706 1905 2932 1959 assumi.
2998 1905 3067 1960 Ut
3099 1909 3243 1960 enim
3299 1924 3425 1962 cum

1863 1984 2152 2054 digitorum
2183 1985 2240 2038 iit
2266 1989 2470 2042 mentio
2500 1990 2554 2042 in
2598 1991 2724 2055 Deo,
2756 2003 2810 2047 et
2861 2009 3056 2051 manus
3090 2005 3143 2050 et
3195 1998 3422 2064 brachii,

1862 2089 1972 2126 non
2005 2090 2072 2128 ex
2099 2076 2318 2130 ossibus
2345 2086 2399 2132 et
2450 2069 2632 2135 nervis
2683 2090 2736 2136 et;
2769 2085 3027 2140 carnibus
3083 2095 3138 2140 et
3189 2089 3424 2145 vinculis

1861 2167 2088 2220 membri
2158 2171 2604 2226 constitutionem
2663 2190 2913 2232 sermone
2968 2177 3267 2244 describit,
3326 2182 3422 2236 sed

1862 2258 2092 2311 activam
2124 2259 2296 2328 ipsius
2330 2271 2381 2316 et
2419 2263 2689 2320 efﬁcacem
2723 2267 2828 2320 vim
2872 2283 2935 2322 ac
2966 2277 3292 2339 potestatem
3321 2273 3420 2327 tali

1859 2351 2081 2404 nomine
2129 2353 2418 2421 signiﬁcat.
2458 2364 2512 2409 et
2563 2373 2656 2425 per
2701 2359 2929 2414 aliorum
2976 2363 3415 2433 unumquodque,

1859 2452 1977 2504 qua:
2015 2439 2080 2493 de
2124 2439 2230 2495 Deo
2259 2442 2660 2513 intelliguntur,
2707 2449 2795 2504 bis
2830 2452 3142 2509 nominibus
3191 2469 3420 2524 respon-

1857 2525 2064 2594 dentia,
2117 2529 2588 2598 demonstrantur,
2649 2552 2757 2592 non
2812 2547 2990 2594 tamen
3018 2541 3181 2596 simul
3219 2546 3415 2617 accipit

1857 2631 2170 2686 corpoream
2235 2625 2514 2679 nominum
2585 2627 3036 2695 signiﬁcandam:
3099 2633 3178 2686 sic
3251 2635 3414 2687 etiam

1854 2707 2050 2762 harum
2088 2718 2502 2780 generationum
2532 2720 2741 2787 species
2767 2720 2834 2774 de
2863 2721 3045 2776 divina
3074 2722 3290 2792 quidem
3321 2739 3417 2778 na-

1853 2808 1975 2852 tura
2002 2801 2157 2870 dicit,
2189 2821 2297 2860 non
2333 2815 2513 2864 tamen
2542 2809 2623 2864 sic
2658 2810 2812 2872 dicit,
2845 2822 2903 2865 ut
2945 2821 3132 2867 nostra
3183 2829 3417 2870 consue-

1851 2893 1982 2947 tudo
2011 2897 2160 2949 novit
2195 2897 2517 2969 intelligere.
2547 2901 2680 2955 Nam
2709 2919 2832 2957 cum
2867 2903 2933 2959 de
2959 2919 3024 2958 ea
3052 2905 3102 2959 vi
3135 2921 3199 2959 ac
3224 2916 3416 2975 poten-

1852 2984 1924 3037 tia
1959 3002 2067 3055 qua
2095 2999 2292 3044 cuncta
2322 2992 2590 3055 condidit,
2625 2994 2886 3064 loquitur,
2943 2996 3085 3051 hanc
3140 2998 3415 3067 operatio-

1848 3091 1972 3129 nem
2011 3083 2418 3150 generationem
2472 3084 2689 3154 qnidcm
2717 3087 2982 3152 nominat,
3041 3089 3258 3157 quando
3291 3088 3413 3158 qui-

162 3156 236 3209 τὰ
281 3157 384 3210 ὅσα
415 3163 544 3230 παρ’
576 3163 705 3233 ἡμῖν
743 3168 807 3236 τῇ
849 3179 1317 3246 κατασκευαστικῇ
1359 3181 1566 3245 γενέσει
1617 3202 1742 3239 συν-

1847 3171 1967 3225 dem
2010 3188 2235 3228 necesse
2281 3183 2364 3228 est
2427 3175 2494 3230 de
2524 3176 2708 3230 divina
2741 3178 2942 3232 virtute
2995 3194 3301 3234 sermonem
3341 3179 3410 3234 ad

169 3248 482 3319 θεωρεῖται,
514 3253 574 3304 οὑ
610 3254 793 3316 τόπον,
842 3259 901 3310 οὑ
939 3261 1147 3330 χρόνον,
1195 3267 1291 3336 οὑχ
1319 3271 1346 3320 ό
1375 3269 1528 3340 λόγος
1569 3293 1743 3347 παρα-

163 3339 393 3410 ςκευὴν,
436 3342 535 3395 οὑκ
564 3343 809 3412 ὀργάνων
842 3353 1149 3420 συνεργίαν,
1194 3357 1253 3408 οὑ
1281 3359 1370 3411 τὸν
1399 3362 1492 3414 ἐπὶ
1518 3367 1634 3429 τοῖς
1659 3384 1742 3434 γι-

161 3432 418 3500 νομένοις
464 3434 709 3504 θόρυϐον,
758 3438 893 3492 ἀλλά
924 3442 1094 3497 ταῦτα
1145 3447 1274 3517 ἡμῖν
1319 3432 1736 3520 καταλείπουσα,

165 3525 530 3595 μεγαλοφυῶς
571 3532 664 3582 καὶ
693 3529 908 3601 ὑψηλῶς
946 3534 1021 3604 τῷ
1047 3537 1165 3608 Θεῷ
1192 3551 1598 3617 προσμαρτυρεῖ
1628 3550 1732 3602 τῶν

158 3613 338 3667 ὄντων
401 3614 498 3686 τὴν
558 3617 844 3688 γέννησιν⁸
896 3623 970 3685 ὡς
1026 3626 1150 3680 ὅταν
1202 3629 1370 3697 λέγει,
1415 3635 1495 3687 ὅτι
1550 3639 1737 3703 Αὐτὸς

159 3700 340 3758 εἶπεν
359 3707 456 3762 καὶ
476 3708 868 3778 ἐγενήθησαν,
900 3715 1081 3781 αὐτὸς
1105 3717 1438 3776 ἐνετείλατο
1458 3727 1554 3778 καὶ
1581 3700 1735 3781 ἐκτίξ

160 3799 431 3864 οθησαν.
480 3801 646 3855 Πάλιν
691 3803 826 3857 ὅταν
864 3805 960 3877 τὴν
1015 3810 1325 3881 ἀπόρρητόν
1362 3832 1418 3867 τε
1463 3819 1556 3870 καὶ
1599 3821 1736 3891 ὑπὲρ

161 3887 326 3956 λόγον
374 3888 465 3941 τοῦ
511 3891 843 3959 Μονογενοῦς
892 3895 999 3948 ἀπὸ
1053 3897 1142 3950 τοῦ
1191 3901 1399 3972 [ἰατρὸς
1443 3887 1735 3961 ὑπόστασιν

161 3979 482 4048 ὲρμηνεύῃ,
526 3980 613 4033 διὰ
660 3982 722 4034 τὸ
767 3982 1050 4056 ἀχὼρητον
1086 3985 1221 4043 εἶναι
1263 3993 1361 4062 τὴν
1393 3995 1734 4068 ἀνθρωπίνην

160 4070 444 4139 πτωχείαν
474 4071 579 4124 τῶν
610 4073 747 4144 ὑπὲρ
769 4074 923 4143 λόγον
942 4095 1001 4129 τε
1031 4079 1122 4132 καὶ
1145 4082 1349 4136 ἔννοιαν
1373 4085 1730 4158 διδαγμάτων,

160 4161 288 4214 ἐκεῖ
302 4164 414 4218 τοῖς
454 4163 745 4235 ἡμετέροις
780 4169 1270 4241 συγκέχρηται,κα“ι
1303 4176 1428 4230 Υίὸν
1457 4180 1730 4250 ὀνομάζει,

158 4252 306 4320 ὅπερ
338 4251 370 4319 ἡ
410 4252 536 4322 παρ’
555 4253 685 4322 ἡμῖν
703 4256 953 4326 συνήθεια
974 4262 1086 4322 τοῖς
1119 4261 1225 4314 ἀπὸ
1243 4263 1373 4335 ὑλης
1402 4267 1495 4318 καὶ
1523 4268 1733 4336 φύσεως

159 4343 611 4413 ἀποτικτομένοις
622 4346 789 4416 ὄνομα
802 4348 1025 4407 τίθεται.
1055 4353 1190 4406 Ἀλλ’
1204 4355 1350 4410 ὥσπε
1357 4376 1389 4429 ρ
1403 4361 1498 4430 τὴν
1513 4362 1609 4432 τῆς
1629 4364 1733 4416 κτί-

161 4453 307 4500 σεως
338 4436 550 4503 γένεσιν
570 4439 661 4490 ἐπὶ
680 4439 771 4492 τοῦ
793 4440 924 4495 Θεοῦ
954 4445 982 4495 ὀ
1016 4443 1168 4512 λόγος
1186 4448 1371 4514 εἰπὼν,
1405 4452 1463 4504 τὸ
1483 4453 1570 4508 διά
1592 4472 1730 4519 τινος

1846 3265 2202 3321 humilitatem
2237 3277 2482 3322 nostram
2507 3269 2859 3337 descendere,
2886 3287 2994 3326 non
3021 3281 3201 3326 tamen
3223 3272 3406 3326 omnia

1843 3370 2179 3426 quaecunque
2208 3359 2351 3427 apud
2376 3374 2477 3413 nos
2515 3360 2568 3413 in
2599 3375 2661 3413 ea
2689 3363 3061 3427 generatione,
3111 3377 3217 3430 qua
3273 3360 3406 3431 quid

1842 3448 2202 3512 construitur,
2237 3457 2575 3518 spectantur,
2611 3451 2871 3517 ostendit,
2912 3467 3020 3505 non
3071 3451 3269 3516 locum,
3293 3467 3403 3508 non

1840 3547 2074 3608 tempus,
2105 3555 2211 3594 non
2249 3555 2430 3596 sermo
2481 3543 2965 3606 constitutionem,
3031 3559 3140 3597 non
3188 3544 3399 3599 instru-

1840 3640 2144 3685 mentorum
2174 3632 2495 3700 adiutricem
2527 3649 2772 3703 operam,
2804 3651 2912 3689 non
2941 3635 2994 3689 in
3021 3635 3104 3691 his
3143 3651 3264 3705 qua:
3295 3637 3401 3691 hu-

1839 3737 2001 3776 mano
2033 3739 2183 3777 more
2215 3723 2353 3778 ﬁunt
2385 3727 2698 3794 tumultum,
2739 3727 2835 3782 sed
2881 3728 2996 3782 haec
3024 3728 3182 3783 nobis
3233 3729 3402 3783 relin-

1838 3830 2031 3882 quens,
2078 3815 2296 3869 sublimi
2346 3816 2581 3886 quodam
2632 3827 2686 3872 et
2732 3820 3022 3890 magniﬁco
3069 3820 3248 3882 modo,
3286 3819 3397 3875 Deo

1837 3895 2086 3961 attribuit
2149 3924 2336 3963 eorum
2393 3925 2513 3980 qua:
2558 3918 2687 3964 sunt
2743 3913 3185 3981 generationem,
3243 3913 3396 3968 verbi

1835 4005 2008 4068 gratia
2041 4015 2163 4054 cum
2196 4002 2292 4067 ait,
2328 4001 2447 4070 Ipse
2479 4004 2615 4056 dixit
2637 4015 2685 4058 et
2717 4005 2861 4072 facta
2901 4017 3064 4068 sunt;
3096 4020 3206 4073 ipse
3243 4013 3397 4059 man-

1835 4091 1979 4144 davit
2017 4100 2066 4145 et
2095 4103 2272 4146 creata
2302 4104 2424 4149 sunt
2454 4095 2516 4148 ".
2551 4094 2764 4152 Rursus
2791 4113 2915 4150 cum
2975 4097 3394 4152 inenarrabilem

1835 4193 1888 4237 et
1936 4200 2152 4240 omnem
2205 4202 2512 4243 sermonem
2539 4197 2956 4258 exsuperantem
2995 4188 3270 4260 Unigeniti
3326 4206 3394 4245 ex

1834 4274 1992 4330 Patre
2022 4277 2434 4333 subsistentiam
2459 4278 2718 4344 declarat,
2770 4280 2894 4349 quia
2931 4295 3038 4333 non
3090 4287 3173 4334 est
3222 4293 3395 4350 capax

1835 4366 2069 4422 humana
2101 4379 2311 4439 egestas
2335 4380 2388 4425 et
2427 4371 2748 4426 mendicitas
2793 4370 3240 4426 documentorum
3273 4387 3395 4440 qua:

1837 4469 1964 4514 sunt
1997 4476 2160 4530 supra
2192 4477 2497 4516 sermonem
2540 4470 2593 4517 et
2627 4463 2877 4516 notitiam
2907 4472 3258 4533 exsuperant,
3303 4464 3396 4520 ille

160 4530 299 4600 ὕλης
346 4531 587 4596 γίνεσθαι
621 4533 787 4603 αὑτὴν
817 4535 876 4587 οὑ
918 4539 1254 4610 προσέθηκεν
1280 4583 1294 4606 ,
1347 4545 1530 4598 οὐσίαν
1579 4547 1727 4619 ὕλης,

1847 4552 2114 4609 vocabulis
2157 4555 2358 4609 nostris
2384 4555 2575 4618 utitur,
2606 4563 2659 4608 et
2686 4553 2883 4608 Filium
2946 4556 3210 4620 nominat,
3247 4555 3392 4625 quod

158 4620 260 4673 καὶ
306 4621 487 4682 τόπον,
527 4623 619 4675 καὶ
665 4623 876 4694 χρόνον,
924 4629 1018 4679 καὶ
1052 4629 1227 4682 πάντα
1265 4631 1331 4685 τὰ
1363 4635 1602 4702 τοιαῦτα,
1634 4640 1731 4708 τὴν

155 4711 257 4763 τοῦ
304 4711 605 4781 θελήματος
651 4714 875 4785 δύναμιν
922 4714 1056 4771 εἶναι
1103 4723 1513 4794 ἀποφηνάμενος
1539 4745 1551 4757 ·
1592 4728 1732 4782 οὑτω

156 4805 259 4856 καὶ
284 4803 515 4857 ἐνταῦθα
532 4804 656 4858 Υίὸν
687 4807 873 4870 εἰπὼν,
900 4811 1076 4880 ἀφῆκε
1108 4815 1284 4868 πάντα
1310 4834 1365 4869 τε
1389 4819 1455 4871 τὰ
1480 4819 1612 4873 ἄλλα
1634 4822 1730 4874 ὃσα

157 4895 292 4964 περὶ
345 4895 441 4962 τὴν
483 4897 632 4949 κάτω
679 4900 928 4970 γέννησιν
975 4904 1006 4973 ἡ
1054 4904 1360 4977 ἀνθρωπίνη
1411 4911 1568 4978 φύσις
1607 4916 1728 4984 ὁρᾷ,

157 4986 310 5056 πάθη
349 4987 490 5054 λέγω
516 4991 606 5041 καὶ
634 4990 898 5054 διαθέσεις
925 4997 1015 5048 καὶ
1051 4999 1148 5068 τὴν
1172 5002 1234 5052 ἐκ
1266 5003 1356 5054 τοῦ
1390 5005 1580 5074 χρόνου
1610 5023 1730 5060 συν-

156 5079 406 5148 ἐργειαν,
441 5082 531 5132 καὶ
575 5081 672 5152 τὴν
697 5083 790 5136 τοῦ
823 5087 986 5139 τόπου
1018 5091 1224 5159 χρείαν,
1262 5095 1352 5146 καὶ
1385 5094 1490 5164 πρὸ
1517 5097 1732 5150 πάντων

154 5169 260 5239 τὴν
288 5169 442 5239 ὕλην,
469 5164 542 5223 ὧν
569 5173 693 5227 ἄνευ
726 5177 978 5231 ἁπάντων
1032 5184 1064 5250 ἡ
1095 5182 1242 5234 κάτω
1268 5185 1515 5255 γέννησις
1543 5189 1606 5242 ὲκ
1636 5191 1733 5257 τῆς

155 5261 379 5327 φύσεως
424 5263 484 5314 οὐ
526 5266 851 5322 συνίσταται.
909 5271 1094 5341 Πάσης
1136 5275 1193 5327 δὲ
1242 5277 1493 5349 τοιαύτης
1527 5281 1731 5344 ἐννοίας

155 5353 354 5422 ὑλικῆς
381 5371 439 5406 τε
467 5358 560 5409 καὶ
588 5358 1013 5432 διαστηματικῆς
1056 5367 1128 5437 μὴ
1178 5373 1728 5446 συμπαραληφθείσης

153 5449 219 5497 ἐν
245 5445 313 5515 τῇ
360 5447 455 5498 τοῦ
490 5449 616 5501 Υἱοῦ
648 5454 903 5524 σημασίᾳ.
945 5456 1078 5526 μόνη
1130 5459 1420 5531 ὑπελείφθη
1452 5465 1484 5533 ἡ
1529 5464 1685 5532 φύσις
1709 5484 1724 5497 ·

152 5537 254 5588 καὶ
283 5536 371 5589 διὰ
401 5537 553 5591 τοῦτο
579 5544 642 5610 τῇ
672 5543 764 5594 τοῦ
800 5544 930 5597 Υἰοῦ
957 5551 1104 5618 φωνῇ
1153 5551 1210 5602 τὸ
1235 5553 1429 5605 οἰκεῖον
1459 5556 1550 5607 καὶ
1589 5557 1721 5627 γνη-

154 5647 276 5684 σιον
320 5629 420 5698 τῆς
463 5634 525 5683 ἐκ
569 5633 663 5686 τοῦ
694 5637 902 5706 Πατρὸς
935 5639 1250 5709 ἀναδείξεως
1288 5646 1379 5698 ἐπὶ
1423 5647 1516 5702 τοῦ
1554 5650 1724 5705 Μονο-

227 5805 272 5837 ¹³
302 5805 446 5863 Psal.
481 5825 702 5880 cxrvm,
754 5815 807 5869 5.

1833 4643 2049 4712 quidem
2077 4654 2261 4699 nostra
2309 4645 2644 4700 consuetudo
2685 4647 2771 4701 bis
2802 4647 2893 4716 qui
2923 4663 2987 4701 ex
3047 4647 3273 4702 materia
3328 4656 3383 4701 et

1832 4745 2026 4790 natura
2080 4738 2377 4806 gignuntur
2428 4752 2624 4791 nomen
2685 4739 2934 4808 imponit.
2965 4737 3068 4794 Sed
3124 4739 3390 4808 quemad-

1833 4827 2048 4880 modum
2081 4829 2374 4881 creationis
2407 4830 2812 4897 generationem
2843 4845 2967 4886 (mm
2998 4829 3217 4883 divinus
3276 4844 3391 4883 ser-

1833 4936 1920 4974 mo
1949 4919 2104 4981 dixit,
2129 4921 2259 4989 quia
2285 4937 2348 4974 ex
2401 4922 2582 4990 aliqua
2642 4923 2868 4978 materia
2919 4921 3060 4976 facta
3113 4927 3216 4985 est,
3270 4919 3388 4988 ipse

1833 5028 1940 5065 non
1974 5012 2187 5080 adjecit,
2222 5012 2314 5066 sed
2369 5018 2665 5068 essentiam
2713 5014 2955 5069 materia:
3007 5021 3062 5068 et
3097 5013 3275 5067 locum
3333 5021 3390 5066 et

1829 5112 2043 5174 tempus
2068 5112 2121 5158 et
2168 5121 2289 5174 qua:
2345 5113 2474 5160 sunt
2529 5105 2827 5174 ejusmodi,
2894 5105 3028 5159 nihil
3063 5104 3211 5158 aliud
3267 5119 3391 5159 esse

1829 5202 2022 5261 praeter
2049 5193 2245 5248 divina:
2289 5196 2586 5251 voluntatis
2637 5195 2934 5264 potentiam
2969 5194 3249 5249 declarat:
3307 5197 3388 5249 sic

1830 5286 1992 5339 etiam
2020 5287 2108 5340 hic
2141 5285 2336 5341 Filium
2385 5304 2509 5341 cum
2569 5287 2728 5349 dixit,
2782 5286 2965 5341 omisit
3017 5287 3196 5340 omnia
3261 5287 3388 5345 alia.

1831 5393 2168 5446 quaecunque
2209 5380 2263 5432 in
2296 5379 2482 5432 intima
2519 5378 2868 5448 generatione
2923 5376 3158 5430 humana
3191 5384 3387 5431 natura

1829 5480 2058 5540 spectat,
2089 5473 2210 5525 dico
2242 5473 2526 5541 passiones
2552 5480 2606 5526 et
2666 5470 3078 5540 dispositiones,
3145 5478 3198 5524 et
3262 5486 3381 5524 eam

1827 5579 1945 5631 qua:
1984 5562 2041 5616 iit
2079 5580 2144 5618 ex
2181 5577 2419 5633 tempore
2453 5564 2846 5632 operationem,
2879 5571 2931 5616 et
2984 5563 3088 5615 loci
3144 5564 3383 5618 necessi-

1825 5661 2012 5722 tatem,
2047 5663 2100 5711 et
2133 5662 2257 5710 ante
2289 5655 2467 5710 omnia
2496 5654 2800 5722 materiam,
2833 5655 2952 5712 sine
2968 5655 3167 5725 quibus
3197 5659 3376 5711 omni-
