4034 6508
625 406 730 463 785
1863 395 1921 448 S.
1977 391 2301 448 GllEGORll
2340 388 2626 444 NYSSENI
3721 395 3802 450 τῃ

629 520 732 574 bus
765 516 948 571 inﬁma
976 513 1255 586 generatio
1283 525 1402 581 quae
1428 518 1513 563 est
1553 523 1582 561 a
1616 516 1828 573 natura,
1895 521 2000 560 non
2046 521 2177 560 con-
2209 539 2222 567 λ

2209 513 2256 568 Α
2282 502 2470 573 γενοῦς
2521 500 2894 574 ἑρμηνεύεται.
2947 501 3055 551 Καὶ
3088 497 3271 566 ἐπειδὴ
3305 499 3400 568 οὑχ
3450 502 3622 552 ἰκανὸν
3661 499 3718 572 ἦν
3756 509 3801 560 τὸ

631 614 791 669 sistit.
828 612 962 666 Cum
989 619 1166 664 autem
1197 608 1250 662 in
1303 606 1652 676 generatione
1688 601 1809 654 Filii
1846 601 1959 655 haec
2002 599 2184 653 omnia

2286 597 2495 649 τοιοῦτο
2531 598 2628 666 τῆς
2653 594 2952 664 γεννήσεως
2985 587 3120 653 εἶδος
3148 589 3417 662 ἀρκοῦσαν
3447 593 3570 660 ἡμῖν
3608 595 3803 665 ἐμποιῆ-

631 720 752 774 qua:
794 703 861 758 de
897 702 1120 755 materia
1170 707 1222 754 et
1250 699 1493 752 locorum
1535 711 1629 749 seu
1677 703 1975 762 temporum
2018 692 2186 745 inter-

2289 704 2376 740 σαι
2410 687 2504 756 τῆς
2541 685 2776 755 ἀρρήτου
2812 679 3051 751 περὶτοῦ
3086 677 3419 746 Μονογενοῦς
3451 679 3712 751 ὑπάρξεως
3729 684 3807 754 τὴν

630 769 784 850 vallis
819 793 1218 863 intelliguntur,
1251 805 1356 843 non
1406 786 1928 857 comprehendisset,
1971 783 2026 836 in
2063 781 2188 836 Filii

2289 776 2603 847 φαντασίαν,
2641 770 3165 844 συμπαραλαμϐάνει
3201 771 3293 822 καὶ
3333 769 3514 840 ἕτερον
3540 775 3629 840 τῆς
3653 776 3808 842 γεννῆ.

631 861 1027 958 signiﬁcatione
1049 885 1164 940 sola
1190 882 1481 936 snbrelicta
1516 889 1598 932 est
1621 887 1810 932 natura
1838 897 1851 930 :
1883 883 2189 945 prepterea-

2292 888 2425 932 σεως
2457 865 2614 931 εἶδος,
2635 867 2766 937 πρὸς
2786 864 3054 935 σημασίαν
3097 864 3194 932 τῆς
3217 862 3308 914 τοῦ
3329 861 3480 913 Υἱοῦ⁸
3510 863 3745 931 θεολογία,
3761 867 3808 919 τὸ

631 995 736 1049 que
762 993 894 1033 voce
927 976 1044 1030 Filii
1098 975 1402 1045 proprietas
1423 979 1632 1026 natura:
1662 978 1714 1023 et
1745 969 1982 1036 legitima
2013 967 2185 1036 origo,

2291 965 2354 1016 ὲκ
2387 963 2484 1031 τῆς
2517 962 2703 1029 ὑλικῆς
2737 958 3050 1029 ἀπορροίας.
3087 956 3177 1008 καί
3208 971 3370 1025 φησιν
3395 953 3715 1024 ἀπαύγασμα

632 1085 752 1138 qua:
781 1077 864 1124 est
913 1070 964 1122 in
991 1082 1054 1121 ea
1085 1064 1434 1133 generatione
1458 1079 1578 1131 quae
1636 1077 1664 1114 a
1693 1060 1849 1113 Patre
1909 1058 2088 1114 editur
2133 1061 2188 1111 in

2291 1054 2407 1124 ξης,
2442 1054 2532 1105 καὶ
2560 1051 2730 1120 ὀσμὴν
2761 1050 2928 1120 μύρου
2977 1049 3067 1100 καὶ
3098 1047 3292 1115 ἀτμίδα.
3335 1045 3488 1104 Θεοῦ,
3530 1045 3660 1116 άπερ
3690 1049 3737 1099 ἐν
3757 1053 3806 1118 τῇ

636 1135 916 1230 unigenito
947 1157 1041 1211 Dei
1092 1155 1229 1210 Filio
1284 1155 1604 1223 explicatur.
1663 1151 1728 1204 Et
1775 1149 2033 1220 quoniam
2068 1149 2191 1204 talis

2293 1143 2682 1214 προεκτεοείσῃ
2733 1141 2858 1210 παρ’
2908 1138 3063 1209 ἡμῶν
3102 1135 3412 1206 τεχνολογία
3478 1136 3510 1204 ὴ
3554 1135 3662 1188 καθ’
3694 1139 3811 1206 ἡμᾶς

633 1251 996 1320 generationis
1027 1247 1234 1315 species
1263 1261 1370 1300 non
1399 1253 1514 1301 erat
1538 1244 1731 1298 idonea
1756 1243 1821 1295 ad
1852 1239 2190 1295 inferendam

2296 1234 2549 1304 συνήθεια
2578 1234 2766 1300 ὑλικὴν
2795 1231 3089 1302 ἀπόρροιαν
3118 1226 3385 1297 ὀνομάζει.
3425 1225 3558 1278 Ἀλλ’
3585 1227 3747 1295 ὧσπερ
3770 1231 3811 1279 ἐν

636 1319 794 1397 nobis
829 1339 1180 1396 suﬂicientem
1224 1337 1514 1392 ineﬂ'ahilis
1542 1335 1872 1391 exsistentize
1914 1333 2192 1403 Unigeniti

2293 1333 2403 1392 τοῖς
2429 1327 2840 1398 προειρημένοις
2890 1322 3011 1375 οὒτε
3103 1321 3200 1389 τῆς
3226 1319 3453 1379 κτίσεως
3483 1319 3697 1386 ποίησις,
3716 1319 3812 1369 οὔτε

637 1433 1112 1504 imaginationem,
1147 1431 1372 1485 alteram
1417 1427 1784 1496 generationis
1837 1428 2070 1494 speciem
2114 1425 2191 1479 si-

2297 1420 2449 1491 ἡτοῦ
2484 1418 2611 1471 Υἰοῦ
2671 1416 2910 1485 σημασία
2977 1412 3183 1483 χρόνον,
3231 1410 3264 1478 ἣ
3312 1407 3464 1476 ὓλην,
3509 1405 3540 1474 ἢ
3584 1407 3746 1465 κόπον,
3787 1408 3812 1476 ἦ

636 1524 749 1579 Inul
781 1523 1012 1578 assumit
1056 1523 1322 1590 theologia
1385 1519 1452 1572 ad
1488 1517 1897 1588 signiﬁcandam
1951 1514 2070 1570 Filii
2100 1531 2193 1585 ge-

2298 1513 2463 1574 πάθος
2489 1506 2925 1578 συμπαρεδέξατο
2950 1522 2963 1534 ⁸
2993 1503 3160 1555 οὑτως
3181 1501 3274 1553 καὶ
3310 1497 3536 1550 ἐνταῦθα
3563 1498 3720 1564 πάσης
3740 1497 3814 1564 τῆς

638 1618 998 1678 nerationem,
1028 1631 1147 1669 eam
1185 1628 1381 1682 nempe
1409 1628 1529 1681 qua:
1563 1611 1618 1663 ﬁt
1652 1626 1718 1664 ex
1773 1608 2039 1664 materiali
2095 1609 2194 1660 de-

2299 1603 2486 1671 ὑλικῆς
2521 1601 2724 1661 ἑννοίας
2783 1595 3092 1665 ἐκκαθάρας
3135 1593 3232 1663 τὴν
3290 1589 3384 1642 τοῦ
3438 1589 3816 1655 ἁπανγάσματος

637 1709 810 1773 ﬂuxu,
841 1717 894 1764 et
920 1708 1051 1762 dicit
1108 1681 1451 1776 Splendorem
1512 1705 1721 1774 glori-.c,
1758 1711 1812 1755 et
1865 1701 2195 1756 suavitatem

2299 1697 2390 1750 καὶ
2417 1694 2522 1748 τῶν
2550 1691 2746 1745 λοιπῶν
2781 1689 2888 1741 τῶν
2934 1684 3406 1758 μνημονευθέντων
3434 1681 3708 1750 σημασίαν.
3740 1681 3814 1747 μό-

639 1800 924 1871 unguenti,
957 1813 1210 1868 vaporem
1253 1797 1367 1858 Dei,
1399 1809 1540 1864 qum,
1577 1802 1634 1846 ut
1668 1792 1934 1861 superiori
1961 1800 2195 1845 tractatu

2299 1807 2385 1842 vov
2417 1788 2477 1841 τὸ
2515 1784 2810 1854 θεοπρεπὲς
2838 1781 2928 1834 τοῦ
2959 1778 3196 1832 τοιούτου
3228 1777 3326 1846 τῆς
3368 1775 3655 1844 γεννήσεως
3681 1773 3815 1833 εἴδους

639 1893 1018 1961 exposuimus,
1051 1897 1236 1943 nostra
1273 1886 1612 1941 consuetudo
1640 1885 1913 1939 delluxum
1943 1886 2197 1939 materia-
2229 1866 2232 1873 ‘

2229 1865 2270 1918 Β
2299 1882 2327 1933 ό
2367 1881 2520 1947 λόγος
2565 1873 2909 1948 παραλαϐὼν,
2947 1871 3270 1924 ἐνδείκνυται
3298 1868 3360 1919 τὸ
3393 1864 3450 1930 ἐξ
3492 1864 3642 1918 αὑτοῦ
3670 1881 3720 1915 τε
3745 1865 3816 1916 καὶ

641 1985 746 2039 lem
805 1983 1069 2036 nominat.
1132 1980 1237 2034 Sed
1293 1977 1744 2048 quemadmodum
1811 1977 1864 2028 in
1913 1977 1994 2032 his
2081 1992 2202 2042 qua:

2304 1972 2417 2040 μετ’
2448 1967 2607 2020 αὑτοῦ
2647 1964 2900 2026 νοεῖσθαι,
2935 1963 3024 2014 διὰ
3059 1962 3156 2030 τῆς
3189 1958 3333 2012 κατὰ
3367 1957 3462 2027 τὴν
3493 1956 3627 2018 λέξιν
3652 1954 3815 2021 ταύτην

642 2075 793 2145 prius
852 2076 1229 2129 recensuimus
1305 2086 1480 2140 neque
1543 2078 1807 2128 creatura:
1882 2069 2197 2138 generatio,

2301 2063 2606 2132 ἐμφάσεως.
2662 2057 2795 2111 Οὔτε
2834 2056 2941 2124 γὰρ
2971 2056 3004 2125 ὴ
3033 2053 3195 2123 ἀτμὶς
3228 2051 3325 2120 τὴν
3358 2051 3435 2110 είς
3463 2048 3592 2118 ἀέρα
3617 2047 3816 2116 διάχυσιν

642 2180 819 2235 neque
891 2161 1014 2216 Filii
1085 2138 1487 2232 signiﬁcantia,
1573 2169 1818 2230 tempus,
1873 2161 1956 2213 vel
2032 2168 2201 2212 male-

2300 2156 2364 2204 ἐκ
2411 2152 2509 2220 τῆς
2556 2147 2916 2217 ὑποκειμένης
2961 2144 3089 2212 ὑλης
3121 2142 3468 2212 παρίστησιν,
3516 2139 3628 2191 οὔτε
3655 2138 3814 2208 ήόσμὴ

642 2256 806 2316 riam,
833 2252 919 2305 vel
953 2251 1214 2310 laborem,
1248 2251 1330 2303 vel
1363 2250 1702 2303 aﬁectionem
1735 2249 1897 2303 simul
1943 2249 2200 2314 admisit;

2300 2246 2396 2316 τὴν
2430 2246 2491 2296 ἐκ
2519 2246 2614 2312 τῆς
2658 2241 2933 2308 ποιότητος
2962 2235 3051 2288 τοῦ
3087 2234 3258 2304 μύρου
3292 2231 3574 2300 γινομένου
3610 2230 3727 2298 πρὸς
3750 2230 3818 2280 τὸν

643 2343 725 2397 sic
763 2349 817 2396 et
840 2340 930 2394 hic
981 2339 1129 2394 omni
1183 2339 1452 2392 inateriali
1503 2337 1834 2405 cogitatione
1886 2351 2199 2406 expurgans

2301 2339 2436 2408 ἀέρα
2467 2336 2808 2407 μετάστασιν,
2844 2329 2964 2383 οὗτε
2991 2327 3331 2395 ἀπαύγασμα
3371 2324 3466 2394 τὴν
3499 2325 3559 2375 ὲκ
3586 2323 3669 2374 τοῦ
3697 2322 3817 2388 ἡλια-

645 2430 953 2502 Splendoris
982 2435 1034 2483 et
1066 2435 1385 2483 caeterorum
1419 2440 1653 2496 quorum
1695 2424 1895 2480 mentio
1923 2423 2065 2478 facta
2091 2432 2194 2486 est,

2303 2427 2397 2481 κοῦ
2444 2425 2688 2494 σώματος
2736 2422 2821 2473 διὰ
2861 2419 2967 2471 τῶν
3023 2415 3253 2468 ἀκτίνων
3311 2411 3623 2482 ἀπόρροιαν.
3693 2406 3818 2458 Ἀλλά

647 2497 1092 2597 signiﬁcantiam,
1129 2522 1304 2576 solum
1344 2519 1398 2573 id
1431 2519 1575 2588 quod
1605 2519 1715 2572 Deo
1743 2515 1993 2570 convenit
2022 2524 2075 2571 et
2109 2515 2203 2569 de-

2301 2520 2455 2572 τοῦτο
2501 2517 2657 2586 μόνον
2705 2515 2768 2565 ὲκ
2821 2511 3076 2572 πάντων,
3129 2504 3307 2566 καθὼς
3359 2505 3600 2572 εἴρηται,
3642 2500 3718 2551 διὰ
3749 2497 3818 2549 τοῦ

645 2634 837 2676 corum
858 2625 962 2683 est,
987 2617 1042 2672 in
1072 2616 1194 2670 talis
1226 2613 1592 2684 generationis
1619 2611 1820 2680 specie,
1863 2625 2043 2664 sermo
2077 2623 2200 2663 cum

2301 2611 2537 2663 τοιούτου
2559 2610 2654 2676 τῆς
2677 2608 2970 2674 γεννήσεως
2987 2603 3184 2673 τρόπου
3208 2596 3480 2669 δηλοῦται.
3501 2596 3557 2648 τὸ
3577 2594 3631 2657 ἐξ
3653 2593 3818 2646 ἐκείνου

646 2709 962 2778 assumpsit.
992 2722 1088 2777 per
1116 2703 1440 2776 emphasim,
1472 2719 1566 2758 seu
1593 2702 1793 2755 claram
1821 2700 1983 2768 hujus
2011 2699 2204 2753 dictio-

2303 2720 2360 2754 τε
2404 2697 2538 2752 εἶναι
2573 2700 2662 2750 καὶ
2695 2699 2806 2766 μετ’
2841 2695 3046 2747 ἐκείνου
3076 2692 3348 2746 νοεῖσθαι·
3408 2687 3622 2759 μηδενὸς
3645 2685 3819 2750 διαστή-

645 2801 734 2856 nis
761 2798 1198 2870 signiﬁcantiam,
1227 2811 1292 2850 ex
1329 2797 1448 2865 ipso
1476 2808 1600 2848 esse
1630 2799 1828 2846 etcum
1861 2791 1979 2860 ipso
2019 2797 2203 2858 aperte

2308 2809 2470 2862 ματος
2499 2789 2698 2860 μεταξὺ
2732 2786 2823 2840 τοῦ
2859 2775 3068 2856 Πατρδς
3102 2785 3193 2837 καὶ
3218 2783 3309 2836 τοῦ
3350 2781 3408 2841 ἐξ
3438 2779 3594 2832 αὑτοῦ
3621 2775 3818 2847 μεσιτεύ-

646 2892 903 2947 ostendit.
936 2890 1124 2961 Neque
1149 2876 1295 2943 enim
1326 2903 1494 2957 vapor
1525 2887 1640 2940 sive
1673 2883 1876 2938 halitus
1921 2884 1977 2936 in
2022 2895 2202 2936 aerem

2303 2899 2470 2944 οντος.
2509 2879 2658 2931 Ἐπεὶ
2754 2875 2839 2928 διὰ
2863 2874 3078 2926 πλείονα
3107 2871 3515 2942 φιλανθρωπίαν
3544 2869 3575 2936 ἡ
3596 2865 3679 2918 τοῦ
3701 2864 3819 2930 ἁγίου

647 2982 991 3038 dimisionem
1014 2997 1081 3036 ex
1107 2981 1350 3049 subjecta
1367 2978 1592 3034 materia
1622 2976 1802 3029 animo
1835 2978 2203 3045 repressentat,

2305 2977 2404 3028 Πνε
2414 2975 2439 3026 ύ
2449 2991 2610 3044 ματος
2626 2971 2778 3042 χάρις
2801 2967 3122 3037 πολλαχόθεν
3135 2968 3262 3035 ἡμῖν
3284 2961 3594 3031 ἐγγενέσθαι
3613 2959 3699 3022 τὰς
3709 2956 3821 3014 θείας

648 3090 824 3143 neque
851 3074 986 3127 odor
1023 3088 1090 3126 ex
1129 3070 1388 3140 qualitate
1422 3067 1683 3138 unguenti
1731 3067 1785 3119 in
1813 3081 1991 3119 aerem
2031 3073 2205 3117 trans-

2305 3085 2370 3120 πε
2381 3067 2430 3136 pi.
2453 3065 2542 3118 τοῦ
2568 3061 2898 3130 Μονογενοῦς
2923 3060 3215 3127 ὑπολήψεις
3243 3056 3622 3127 ιξ›κονομήσατο
3639 3068 3650 3078 ⁸
3702 3064 3823 3118 προσ-

650 3165 1030 3228 mutationem,
1091 3178 1269 3232 neque
1293 3160 1552 3232 splendor
1578 3175 1642 3214 ex
1673 3157 1835 3213 solari
1861 3171 2087 3226 corpore
2110 3171 2204 3224 per
2236 3201 2243 3240 ⁴

2236 3176 2284 3247 C‘
2312 3158 2473 3227 ἐθηκε
2503 3157 2593 3208 καὶ
2617 3153 2675 3205 τὸ
2699 3153 3013 3222 λειπόμενον
3032 3150 3136 3201 τῶν
3167 3150 3220 3200 ἐν
3255 3140 3824 3215 γενέσειθεωρουμένων

651 3256 837 3311 radios
865 3253 1163 3317 deﬂuxum,
1198 3253 1294 3307 sed
1325 3253 1427 3305 hoc
1460 3252 1633 3305 solum
1670 3265 1735 3303 ex
1771 3248 2047 3311 omnibus,
2069 3247 2209 3300 sicut
2237 3228 2244 3242 ¹

2237 3228 2277 3247 υ
2312 3246 2467 3313 εἶδος,
2521 3247 2580 3300 τὸ
2621 3249 2684 3298 ἐκ
2729 3245 2821 3297 τοῦ
2867 3243 2956 3296 νοῦ
3002 3259 3141 3312 φημι
3187 3241 3278 3291 καὶ
3329 3237 3424 3291 τοῦ
3474 3237 3643 3303 λόγου.
3700 3228 3824 3283 Ἀλλά

654 3349 858 3403 dictum
903 3357 1008 3410 est,
1051 3357 1143 3415 per
1188 3346 1348 3399 talem
1377 3343 1746 3414 generationis
1778 3341 1997 3394 modum
2033 3340 2212 3393 decla-

2312 3340 2512 3393 πλείονι
2547 3339 2740 3409 χρῆται
2770 3338 2836 3405 τῇ
2869 3332 3176 3405 προμηθείᾳ.
3202 3334 3230 3383 ὁ
3258 3329 3460 3399 ὑψηλὸς
3498 3325 3742 3391 Ἰωάννης,
3769 3320 3824 3378 ὼς

653 3447 826 3501 ratur,
853 3453 919 3492 ex
949 3412 1202 3491 illo—esse
1240 3445 1294 3491 et
1331 3412 1453 3490 cum
1492 3436 1587 3488 illo
1620 3433 1884 3502 intelligi,
1927 3432 2077 3485 nullo
2131 3431 2212 3484 in-

2315 3433 2520 3501 μήποτε
2557 3428 2659 3480 ὑπὸ
2690 3425 2905 3488 ἀτονίας
2937 3441 2994 3477 τε
3024 3423 3118 3477 καὶ
3151 3418 3512 3492 μικροψυχίας
3549 3412 3825 3470 καταπεσεῖν

658 3533 885 3586 tervallo
915 3532 1058 3585 inter
1084 3531 1298 3585 Patrem
1325 3539 1380 3584 et
1413 3543 1536 3584 eum
1561 3528 1652 3597 qni
1683 3542 1750 3580 ex
1781 3527 1898 3595 ipso
1921 3534 2003 3579 est
2045 3525 2213 3578 inter-

2310 3523 2400 3575 τὸν
2434 3520 2696 3574 ἀκούοντα
2724 3519 2857 3588 πρὸς
2889 3517 3071 3587 κοινὴν
3094 3515 3300 3567 ἔννοιαν
3331 3513 3510 3579 λόγου,
3539 3511 3608 3571 ὡς
3637 3506 3827 3575 φθόγγον

652 3621 817 3690 jecto.
847 3621 952 3675 Sed
980 3623 1234 3691 quoniam
1264 3621 1333 3672 ob
1368 3619 1626 3688 majorem
1661 3618 1716 3671 in
1759 3617 2005 3669 homines
2051 3611 2214 3668 bene-

2311 3614 2401 3665 τοῦ
2437 3611 2642 3680 Πατρὸς
2668 3612 2760 3662 τὸν
2788 3611 2908 3662 Υίὺν
2939 3607 3259 3677 νομισθῆναι
3285 3620 3298 3633 ⁸
3336 3604 3426 3657 διὰ
3453 3602 3602 3655 τοῦτο
3627 3601 3678 3652 ὲν
3705 3595 3827 3662 οὐσία

652 3713 942 3767 volentiam
998 3713 1171 3768 sancti
1223 3687 1465 3781 Spiritus
1511 3709 1683 3779 gratia
1724 3709 1908 3762 multis
1954 3724 2016 3760 ex
2079 3705 2213 3781 locis

2315 3707 2526 3776 βλέπειν
2565 3705 2654 3757 τὸν
2679 3705 2847 3771 Λόγον
2897 3700 3306 3772 παρασκευάζει
3353 3697 3429 3767 τῷ
3478 3694 3664 3765 πρώτῳ
3691 3687 3827 3758 κηρύ-

655 3804 815 3858 nobis
866 3804 1170 3875 ingenerari
1221 3804 1435 3857 divinas
1483 3802 1550 3856 de
1599 3799 1888 3870 Unigenito
1927 3776 2212 3866 epinio‘nes

2313 3814 2502 3867 γματι,
2531 3796 2623 3848 καὶ
2679 3796 2735 3846 ἐν
2767 3792 2922 3863 οὑσίᾳ
2955 3792 3054 3843 οὑκ
3081 3788 3465 3857 ἁπεξενωμένη
3503 3786 3602 3837 τινὶ
3629 3779 3828 3850 ἁπερῥη-

653 3895 1034 3965 dispensavit:
1075 3895 1160 3950 his
1213 3894 1375 3948 etiam
1432 3891 1638 3947 addidit
1698 3866 1959 3960 reliquam
2023 3905 2213 3943 eorum

2312 3889 2441 3958 γυίᾳ
2462 3887 2558 3954 τῆς
2585 3885 2704 3938 ὅθεν
2732 3884 2898 3944 ἐστὶν,
2929 3881 3040 3934 ἀλλ’
3071 3882 3128 3931 ὲν
3159 3880 3306 3948 αὑτῴ
3335 3878 3427 3930 καὶ⁵
3471 3879 3534 3946 τῇ
3565 3871 3734 3945 πρώτῃ
3759 3866 3829 3918 καὶ

653 4003 777 4056 quae
811 3988 865 4041 in
910 3986 1258 4056 generatione
1295 3984 1712 4039 considerantur
1765 3983 2019 4052 speciem,
2092 3980 2214 4033 dico

2317 3980 2561 4050 μακαρίᾳ
2609 3977 2786 4045 φύσει.
2831 3973 3013 4026 Ταῦτα
3064 3971 3170 4042 γὰρ
3220 3969 3480 4028 διδάσκει,
3529 3967 3720 4031 λέγων,
3769 3960 3829 4011 ὅτι

653 4093 772 4132 eam
804 4093 924 4148 quae
949 4094 1012 4132 ex
1041 4086 1218 4132 mente
1240 4085 1292 4130 et
1314 4090 1582 4131 sermone.
1613 4073 1719 4128 Sed
1745 4072 1948 4140 majore
1976 4086 2106 4124 usus
2129 4079 2215 4124 est

2321 4048 2420 4124 Ἔν
2475 4048 2635 4136 ἀρχῇ
2695 4063 2771 4136 ἦν
2807 4069 2838 4117 ὀ
2889 4066 3112 4133 Λόγος,
3161 4061 3257 4114 καὶ
3333 4058 3482 4127 πρὸς
3547 4054 3644 4108 τὸν
3686 4048 3827 4109 Θεὸν,

653 4169 990 4237 providentia
1020 4167 1272 4221 sublimis
1290 4165 1546 4228 Joannes,
1579 4172 1638 4216 ut
1663 4177 1936 4228 nunquam
1964 4176 2074 4232 pra!
2098 4161 2217 4214 lan-

2314 4163 2410 4217 καὶ
2433 4162 2594 4226 Θεὸς.
2619 4160 2713 4212 καὶ
2733 4158 2906 4211 πάντα
2931 4157 3030 4208 ὅσα
3056 4155 3205 4206 ἐστὶν
3228 4155 3262 4223 ἡ
3289 4151 3454 4222 ἀρχὴ,
3486 4149 3574 4201 καί
3596 4142 3735 4204 αὐτὸς
3753 4139 3827 4190 ὧν.

654 4273 821 4330 guore
877 4267 931 4313 et
961 4259 1126 4312 animi
1152 4259 1333 4328 pusilli
1377 4258 1655 4312 debilitate
1697 4254 1968 4308 audientis
2014 4253 2213 4307 intelli-

2314 4254 2497 4316 Οὕτως
2524 4252 2630 4322 γὰρ
2663 4251 2788 4320 περὶ
2827 4249 2924 4318 τῆς
2952 4246 3248 4314 ἁϊδιότητος
3275 4242 3371 4295 τοῦ
3404 4235 3716 4306 Μονογενοὺς
3741 4232 3830 4283 θεο-

656 4348 836 4418 gentia
873 4349 1088 4403 decidat
1115 4325 1184 4403 ad
1237 4364 1578 4404 communem
1623 4348 1871 4402 notitiam
1918 4346 2104 4410 verbi,
2157 4353 2216 4398 ut

2313 4345 2484 4414 λογῶν
2521 4343 2868 4415 διεξέρχεται.
2888 4339 3104 4392 Τούτων
3127 4337 3303 4388 τοίνυν
3334 4334 3440 4387 τῶν
3467 4331 3560 4401 τῆς
3578 4325 3829 4396 γεννήσεως

658 4439 826 4494 Filius
857 4438 1036 4495 Patris
1065 4456 1235 4496 sonus
1279 4441 1665 4495 existimetur:
1708 4446 1988 4509 prepterea
2028 4438 2083 4491 in
2128 4454 2214 4491 es-

2314 4438 2548 4508 τρόπων,
2585 4435 2700 4504 ἦτοι
2729 4432 2834 4486 τῶν
2871 4431 2929 4496 ἐξ
2960 4430 3136 4491 αἰτίας
3161 4426 3559 4497 ὑφεστηκότων,
3579 4423 3634 4472 ὲν
3656 4419 3714 4486 τῇ
3739 4412 3831 4465 καθ’

657 4532 834 4586 sentia
889 4540 1135 4602 spectare
1174 4532 1410 4587 Verbum
1458 4533 1677 4588 instruit
1716 4533 1890 4602 prima
1951 4529 2250 4614 praedicam

2244 4559 2288 4614 ι)
2315 4502 2459 4599 ἡμᾶς
2489 4502 2744 4596 συνηθείᾳ
2771 4522 3198 4592 γινωσκομένων,
3233 4515 3679 4587 παραληφθέντων
3759 4502 3831 4555 καὶ

657 4623 825 4687 tione,
861 4633 914 4677 et
945 4639 1054 4678 non
1072 4625 1127 4677 in
1141 4626 1376 4680 essentia
1405 4626 1583 4694 aliqua
1608 4597 1891 4693 peregrina
1908 4597 1964 4676 et
1982 4621 2210 4688 abrupta
2245 4597 2250 4614 λ

2245 4597 2286 4614 ν
2319 4597 2468 4693 τταρὰ
2493 4619 2590 4688 τῆς
2615 4617 2774 4685 ἁγίας
2801 4615 3021 4685 Γραφῆς
3050 4613 3182 4684 πρὸς
3211 4612 3307 4681 τὴν
3339 4609 3448 4661 τῶν
3474 4597 3829 4674 ὑπερκειμένων

656 4714 724 4768 ab
758 4729 820 4769 ea
851 4730 970 4783 qua:
999 4713 1140 4770 Deus
1170 4725 1274 4780 est,
1308 4717 1402 4772 sed
1434 4693 1638 4785 iniipso
1667 4722 1722 4769 et
1746 4715 1799 4767 in
1834 4713 2005 4782 prima
2028 4712 2213 4765 beata-

2318 4708 2658 4765 διδασκαλίαν
2678 4750 2692 4773 ,
2746 4707 2913 4770 οὕτως
2942 4707 3015 4769 ὡς
3044 4705 3188 4766 εἰκός
3215 4705 3330 4755 ἐστι
3366 4700 3502 4772 πρὸς
3539 4693 3830 4764 παράστασιν

656 4821 764 4876 que
791 4815 1006 4860 natura.
1039 4806 1161 4862 Haec
1188 4811 1332 4862 enim
1363 4780 1556 4871 docet;
1577 4809 1766 4862 dicens
1805 4780 1915 4858 ε-Ιη
1956 4803 2211 4873 principio

2318 4805 2423 4859 τῶν
2449 4805 2605 4856 θείων
2634 4800 2946 4871 ὑπολήψεων
2976 4798 3200 4850 ἕκαστον
3223 4793 3428 4847 τούτων
3453 4780 3829 4862 μεταληφθῆναιν

655 4907 770 4951 erat
818 4897 1062 4962 Verbum,
1084 4911 1133 4953 et
1171 4899 1309 4968 apud
1343 4899 1507 4953 Deum
1531 4939 1550 4966 ,
1576 4909 1626 4953 et
1657 4899 1794 4952 Deus
1816 4897 1880 4962 “,
1933 4869 1987 4950 et
2031 4894 2213 4949 omnia

2320 4896 2555 4968 κρινάτω
2579 4893 2790 4947 δικαίαν
2823 4891 2999 4961 κρίσιν
3025 4892 3054 4942 ὁ
3079 4887 3419 4956 ἐντυγχάνων
3445 4883 3520 4953 τῷ
3550 4880 3680 4946 λόγῳ
3697 4891 3709 4904 ”
3733 4869 3829 4922 εἴτι

657 5007 778 5062 qua:
817 4993 1140 5063 principium
1175 5003 1277 5058 est,
1311 5003 1367 5049 et
1399 4994 1513 5063 ipse
1547 5000 1650 5048 est.
1689 4992 1779 5044 Sic
1801 4989 1947 5044 enim
1974 4987 2040 5042 de
2062 4996 2216 5041 mter-

2319 4958 2424 5040 τῶν
2455 4987 2579 5056 περὶ
2614 4985 2711 5057 τῆς
2754 4958 3011 5054 αἱρέσεως
3046 4980 3357 5051 φερομένων
3411 4973 3561 5044 ἰσχύν
3590 4981 3700 5021 τινα
3725 4958 3831 5014 κατὰ

563 5080 573 5090 ’
656 5083 829 5138 nitate
861 5083 1131 5155 Unigeniti
1173 5085 1475 5154 theologica
1498 5083 2048 5155 disserensoexponit.
2078 5081 2154 5135 Cu

1267 5085 1475 5154 ologice
1498 5083 2048 5155 disserensoexponit.
2078 5081 2212 5135 Cum
2319 5082 2416 5150 τῆς
2440 5078 2694 5148 ἀληθείας
2729 5075 2858 5145 ἔχει.

661 5176 826 5245 igitur
854 5175 989 5232 tales
1009 5177 1121 5232 sint
1139 5175 1503 5246 generationis
1533 5174 1698 5237 modi,
1726 5189 1821 5227 seu
1853 5182 2002 5228 certe
2021 5186 2207 5225 eorum
2247 5187 2366 5240 qua:
2398 5187 2462 5224 ea
2501 5183 2668 5222 causa
2703 5168 3031 5225 subsistunt,
3061 5162 3154 5231 qui
3223 5159 3442 5232 quidem
3487 5159 3665 5210 nostra
3726 5155 3830 5195 €011-

656 5271 946 5328 suetudine
971 5280 1392 5342 cognoscuntur,
1413 5283 1551 5339 quos
1572 5266 1865 5336 assumpsit
1887 5279 2040 5320 sacra
2074 5263 2349 5333 Scriptura
2383 5263 2449 5316 ad
2498 5259 3014 5332 supereminentium
3055 5254 3356 5309 doctrinam
3395 5259 3623 5320 quorum
3676 5248 3832 5292 unum-

657 5365 912 5438 quodque
941 5365 1020 5421 sic
1041 5366 1234 5422 debeat
1267 5364 1471 5419 assumi
1502 5371 1561 5416 ut
1593 5371 2017 5416 consentaneum
2049 5365 2131 5414 est
2154 5358 2222 5412 ad
2261 5329 2636 5410 ﬁrmandas-et
2678 5351 3029 5408 stabiliendas
3105 5361 3286 5403 rerum
3351 5341 3646 5398 divinarum
3688 5329 3827 5425 notio:

660 5416 777 5525 nes,
803 5416 1012 5529 iudicet
1048 5416 1738 5528 ξδδι--ὦιιιιοῇιιόίοὶυω,
1788 5455 1878 5510 ille
1927 5454 2022 5524 qui
2073 5454 2215 5508 hunc
2251 5476 2253 5506 ς

2251 5465 2558 5508 sermonem
2608 5447 2776 5518 legit,
2862 5445 2908 5500 si
2963 5443 3091 5514 quid
3144 5453 3330 5497 eorum
3403 5449 3526 5505 quae
3575 5429 3638 5484 ab
3677 5416 3827 5478 haeresi

659 5551 1012 5622 proferuntur
1039 5551 1204 5606 robur
1229 5549 1446 5620 aliquod
1483 5549 1648 5605 habet
1682 5555 1873 5603 contra
1905 5548 2207 5602 veritatem.

731 5647 838 5705 Sed
874 5664 1068 5706 rursus
1105 5604 1357 5718 adjiciam
1381 5651 1551 5721 ipsam
1577 5649 1640 5704 ad
1670 5647 1890 5706 verbum
1919 5643 2213 5701 adversarii

2391 5632 2764 5708 Προ-σθήσωρὲ
2795 5629 2951 5684 πάλιν
2982 5628 3147 5699 αὐτὴν
3177 5625 3266 5681 ἐπὶ
3298 5621 3491 5690 λέξεως
3517 5617 3603 5672 τοῦ
3635 5604 3826 5666 ἐναντίου

734 5823 782 5860 ⁸⁵
816 5825 973 5882 Joan.
1024 5843 1042 5882 ι
1088 5828 1141 5881 1.
