4034 6494
201 342 304 397 785

1309 357 1583 414 CONTRA
1625 362 2012 434 EUNOMIUM,
2046 369 2173 422 LIB.
2221 369 2345 422 VIII.

3318 365 3418 424 786

201 451 299 520 τὴν
334 455 489 525 ῥῆσιν
525 455 748 528 ἔχουσαν
777 449 976 524 οῦτως·
1011 466 1142 532 Δύο,
1172 469 1333 538 φησὶν
1356 509 1370 534 ,
1420 473 1607 527 ὄντων
1644 474 1737 528 τῶι

1859 479 2178 544 orationem,
2206 496 2325 550 qua:
2358 479 2438 535 sic
2468 481 2667 536 habet:
2701 483 2839 546 Duo,
2877 484 3052 552 inquit
3077 523 3090 546 ,
3128 497 3245 536 cum
3267 484 3417 538 dixe-

197 547 332 613 παΙΫ
363 545 532 616 ἡμῶν
562 551 902 620 εἰρημένων,
936 558 1039 610 τοῦ
1069 575 1129 612 τε
1161 561 1274 629 πρὸ
1302 562 1410 631 τῆς
1435 564 1586 630 ιδίας
1619 583 1747 635 γεν-

194 635 430 725 νήσεως
460 638 545 706 μὴ
601 637 753 696 εἶναι
795 644 909 712 τὴν
948 649 1165 703 οὐσίαν
1212 653 1315 706 τοῦ
1363 657 1757 725 Μονογενοῦς,

195 723 294 776 καὶ
343 724 449 779 τοῦ
491 730 882 797 γεννηθεῖσαν
932 736 1044 803 πρὸ
1091 739 1330 794 πάντων
1378 738 1547 798 εἷναι.
1605 747 1758 800 Ποῖον

193 818 498 903 γεννήσεως
547 814 685 882 εἶδος
734 823 764 874 ὁ
804 823 1165 898 δογματιστὴς
1213 833 1344 900 ἡμῖν
1393 834 1755 903 προτείνεται;

197 897 341 978 Ἀρα
363 909 420 961 τὺ
448 910 649 981 πρέπον
672 914 761 966 ἐπὶ
783 915 914 970 Θεοῦ
948 923 1086 973 νοεῖν
1114 897 1171 973 τε
1198 897 1290 975 καὶ
1316 897 1520 990 λέγε-ιν;
1550 928 1655 979 Καὶ
1677 897 1758 990 τίς

190 997 364 1063 οὕτως
391 1001 547 1066 ἄθεος
575 1004 713 1058 ὥστε
741 1014 1076 1076 προεπινοεῖν
1117 1012 1208 1065 τοῦ
1237 1015 1368 1067 Θεοῦ
1389 1017 1448 1068 τὸ
1484 1018 1556 1087 μὴ
1589 1013 1752 1084 εἶναι;

204 1089 364 1144 Ἀλλά
414 1092 566 1163 δῆλον
611 1097 692 1149 ὅτι
740 1100 874 1166 πρὸς
921 1101 1017 1166 τὴν
1066 1104 1251 1176 ὑλικὴν
1301 1107 1502 1178 ταύτην
1548 1109 1755 1179 βλέπων

187 1181 430 1249 γένεσιν,
473 1185 572 1256 τὴν
622 1190 768 1241 κάτω
797 1191 954 1258 φύσιν
995 1194 1093 1263 τῆς
1139 1197 1263 1266 περὶ
1294 1197 1384 1251 τοῦ
1440 1202 1754 1268 μονογενοῦς

186 1273 326 1328 Θεοῦ
385 1277 700 1348 ὑπολήψεως
755 1286 982 1337 ποιεῖται
1031 1285 1342 1341 διδάσκοι).ον
1365 1305 1378 1319 ο
1430 1291 1524 1343 καὶ
1570 1293 1751 1362 ἐπειδὴ

188 1364 340 1434 βοῦς,
385 1367 418 1437 ἢ
457 1368 596 1438 ὄνος,
633 1371 665 1440 ἦ
711 1374 955 1444 κάμηλος
997 1375 1102 1448 πρὸ
1147 1379 1244 1448 τῆς
1283 1379 1418 1444 ιδίας
1451 1383 1753 1452 γεννήσεως

183 1453 290 1506 οὐκ
328 1453 505 1520 ἐστιν,
540 1457 695 1512 τοῦτο
738 1463 827 1514 καὶ
861 1464 955 1517 ἐπὶ
996 1463 1088 1518 τοῦ
1137 1468 1471 1537 Μονογενοῦς
1508 1471 1749 1540 βούλεται

181 1539 388 1609 λέγειν,
416 1544 445 1596 δ
472 1545 694 1601 ἐπὶτῶν
725 1551 876 1614 ζώων
910 1554 942 1622 ἡ
980 1554 1295 1610 ὰκολούθεια
1330 1559 1426 1626 τῆς
1467 1539 1613 1614 κάτω
1653 1561 1752 1629 φύε

183 1646 328 1695 σεως
374 1633 552 1688 δίδωσι
589 1637 840 1707 βλέπειν,
869 1644 989 1697 οὐδὲ
1018 1645 1173 1698 τοῦτο
1200 1648 1332 1700 νοῶν
1373 1651 1400 1702 ὁ
1448 1655 1750 1720 σωματικὺς

181 1721 453 1793 θεολόγος,
479 1727 560 1780 ὅτι
588 1729 648 1782 τὸ
689 1736 969 1802 μονογενὲς
993 1737 1083 1789 ἐπὶ
1108 1737 1242 1790 Θεοῦ
1272 1739 1575 1811 λεγόμενον,
1601 1744 1748 1813 αὐτῷ

1862 572 2058 636 rimus,
2091 582 2139 624 et
2172 582 2291 626 ante
2325 575 2712 642 generationem
2756 591 2870 643 qua:
2909 577 3009 644 ipsi
3057 576 3272 642 propria
3316 586 3414 641 est,

1860 677 1963 715 non
1989 679 2100 717 esse
2141 661 2402 733 Unigeniti
2439 668 2747 730 essentiam,
2790 676 2840 720 et
2882 676 3000 720 ante
3043 669 3221 719 omnia
3265 684 3415 736 gene—

1859 763 2032 806 ratam
2068 771 2192 809 esse.
2231 755 2534 822 Quamnam
2568 759 2932 825 generationis
2982 757 3213 826 speciem
3261 758 3417 814 nobis

1858 845 1961 900 iste
1996 848 2320 916 dogmatista
2349 848 2664 918 protendit?
2693 865 2823 903 num
2858 849 2925 903 de
2950 848 3058 902 Deo
3085 847 3228 918 quod
3265 849 3412 917 pium

1856 946 2012 992 estet
2039 939 2295 993 decorum
2325 939 2481 994 decet
2515 941 2814 1011 intelligere
2839 949 2894 994 et
2931 940 3148 994 dicere?
3189 939 3252 993 Et
3294 941 3416 1009 quis

1856 1029 2210 1097 adeoimpius
2243 1040 2294 1085 et
2333 1029 2423 1085 Dei
2459 1043 2704 1100 negator,
2755 1039 2815 1084 ut
2874 1046 2982 1085 non
3031 1047 3153 1086 esse
3207 1031 3260 1085 in
3308 1030 3414 1084 Deo

1856 1119 2005 1186 prius
2039 1118 2340 1189 intelligat?
2369 1118 2474 1175 Sed
2503 1121 2845 1189 perspicuum
2879 1121 3025 1190 quod
3057 1121 3122 1174 ad
3157 1121 3412 1174 materia-

1856 1211 1958 1264 lem
1990 1211 2127 1266 hanc
2160 1214 2456 1282 respiciens
2496 1215 2919 1281 generationem,
2962 1214 3200 1267 inﬁmam
3245 1227 3406 1267 natu-

1853 1314 1970 1352 rain
2010 1300 2078 1356 de
2123 1301 2403 1372 unigenito
2435 1302 2545 1356 Deo
2580 1303 2853 1371 opinionis
2905 1301 3035 1356 facit
3077 1303 3409 1374 magistram.

1852 1388 1918 1443 Et
1947 1392 2202 1460 quoniam
2230 1393 2348 1457 bos,
2381 1394 2466 1448 vel
2494 1393 2703 1456 asinus,
2729 1395 2811 1449 vel
2834 1395 3074 1448 camelos
3105 1401 3229 1448 ante
3258 1410 3409 1448 suam

1851 1480 2252 1545 generationem
2282 1497 2385 1535 non
2417 1493 2518 1546 est,
2550 1483 2651 1536 hoc
2672 1483 2835 1537 etiam
2865 1484 2918 1536 in
2961 1481 3249 1551 Unigenilo
3297 1483 3412 1536 vult

1851 1581 2114 1634 asserere,
2149 1570 2293 1638 quod
2327 1572 2378 1623 in
2403 1570 2728 1626 animalibus
2751 1572 2920 1626 series
2947 1579 3001 1626 et
3034 1572 3170 1626 ordo
3201 1580 3410 1626 natura:

1853 1657 2014 1727 hujus
2054 1660 2251 1714 inﬁmae
2280 1662 2372 1714 dat
2420 1661 2642 1729 videre,
2679 1678 2852 1732 neque
2888 1663 2992 1718 hoc
3023 1663 3409 1719 animadvertit

1848 1751 2082 1805 carnalis
2108 1751 2208 1805 iste
2231 1751 2529 1824 theologus,
2555 1755 2697 1823 quod
2725 1769 2849 1808 cum
2869 1753 3189 1826 Unigenitus
3222 1757 3277 1810 in
3299 1756 3408 1810 Deo

175 1814 262 1884 τῷ
286 1817 490 1887 ῥήματι
515 1819 575 1872 τὸ
598 1822 734 1891 πρὸς
761 1827 938 1878 πᾶσαν
961 1829 1170 1894 γένεσιν
1194 1830 1553 1902 ἀκοινώνητόν
1577 1850 1633 1885 τε
1656 1812 1737 1886 καλ

1847 1836 2065 1903 dicitur,
2084 1840 2185 1895 hoc
2211 1841 2329 1910 ipso
2353 1844 2698 1912 verbo,quod
2727 1859 2853 1898 cum
2881 1845 3027 1897 omni
3056 1844 3408 1914 generatione

181 1907 390 1972 ἰδιάζον
438 1911 818 1983 ἀποσημαίνει.
877 1917 998 1981 Πῶς
1043 1921 1148 1990 γάρ
1197 1921 1262 1974 ἂν
1308 1923 1391 1993 εἴη
1457 1926 1746 1996 μονογενὴς

174 1999 322 2069 αὕτη
357 2002 389 2070 ή
417 2003 644 2069 γένεσις,
675 2007 722 2058 εἰ
756 2006 1036 2060 κοινωνίαν
1066 2009 1204 2063 κατὰ
1232 2010 1328 2081 τὴν
1372 2011 1606 2082 ἔμφασιν
1655 2015 1747 2067 καὶ

172 2093 484 2165 ταυτότητα
520 2097 655 2166 πρὸς
690 2097 854 2168 ἄλλην
902 2099 1110 2167 γένεσιν
1149 2099 1292 2170 ἔχεις
1328 2103 1399 2155 Τὸ
1435 2105 1542 2173 γὰρ
1589 2104 1744 2173 μόνον

178 2181 559 2256 κατεξαίρετον
593 2186 677 2240 ἐπ’
707 2187 869 2240 αὑτοῦ
899 2193 1116 2254 νοεῖται,
1150 2191 1178 2243 ὃ
1210 2192 1309 2245 οὑκ
1352 2192 1497 2246 ἔστιν
1537 2196 1623 2247 ἐπ’
1655 2195 1746 2248 ἀλ-

171 2275 280 2346 λης
312 2279 642 2347 κατανοῆσαι
675 2281 996 2350 γεννήσεως,
1022 2282 1224 2352 κυρίως
1248 2300 1307 2335 τε
1336 2285 1427 2336 καὶ
1455 2286 1743 2354 προσφυῶς

169 2367 258 2439 τῷ
305 2370 652 2441 προσρήματι
683 2371 776 2424 τοῦ
817 2373 1147 2441 Μονογενοῦς
1179 2375 1531 2445 ἑρμηνεύεται
1551 2391 1563 2406 ·
1593 2377 1666 2440 ὡς
1696 2377 1749 2430 εῖ

169 2461 243 2527 γέ
268 2479 322 2514 τι
343 2463 443 2532 τῆς
470 2463 620 2516 κάτω
647 2465 948 2534 γεννήσεως
989 2468 1080 2519 καὶ
1123 2468 1212 2520 ἐπ’
1253 2469 1411 2522 αὑτοῦ
1442 2469 1740 2539 θεωρεῖται,

167 2552 365 2606 οὐκέτ’.
385 2552 452 2606 ἂν
484 2554 568 2624 εἴη
601 2556 927 2626 Μονογενὴς,
953 2559 980 2610 ὀ
1003 2560 1110 2611 τισὶ
1139 2560 1237 2628 τῆς
1265 2563 1564 2631 γεννήσεως
1598 2562 1742 2614 ἰδιώ-

171 2661 316 2714 μασι
351 2645 489 2715 πρὸς
515 2645 584 2698 τὰ
619 2645 780 2699 λοιπὰ
808 2647 915 2700 τῶν
942 2649 1307 2720 γεννηθέντων
1340 2651 1742 2722 κοινοποιούμε-

167 2753 299 2799 νοςο
329 2737 379 2789 εἰ
422 2735 529 2806 γὰρ
556 2735 623 2789 τὰ
659 2737 795 2791 αὑτᾶ
839 2739 932 2792 καὶ
965 2740 1054 2792 ἐπὶ
1097 2741 1282 2793 τούτου
1309 2742 1546 2810 λέγοιτο,
1575 2742 1610 2796 ἃ
1650 2745 1741 2795 καὶ

164 2827 271 2880 ἰπὶ
299 2826 411 2880 τῶν
445 2827 617 2882 ἄλλων
646 2829 752 2880 τῶν
789 2828 873 2882 διὰ
897 2833 1198 2899 γεννήσεως
1241 2835 1530 2904 προϊόντων
1571 2835 1650 2897 είς
1681 2835 1742 2886 τὸ

166 2912 317 2971 εἶναι
349 2918 598 2986 λέγεται,
633 2922 711 2982 είς
741 2921 1031 2992 ἀδελφικήν
1057 2939 1176 2975 τινα
1206 2924 1385 2993 σχέσιν
1417 2925 1480 2976 τὸ
1523 2926 1604 2978 τοῦ
1632 2927 1742 2978 Μο-

164 3009 426 3080 νογενοῦς
473 3013 862 3082 σημαινόμενον
899 3015 1285 3083 μετασκευάσει
1329 3017 1357 3068 ό
1395 3016 1568 3084 λόγος.
1601 3017 1740 3069 00x-

162 3104 260 3155 οῦν
304 3104 352 3155 εἰ
378 3102 438 3154 τὺ
459 3103 683 3172 ἀμικτόν
710 3119 768 3156 τε
801 3104 894 3156 καὶ
924 3104 1280 3175 ἀκοινώνητον
1305 3107 1441 3176 πρὸς
1467 3109 1534 3160 τὰ
1578 3107 1737 3161 λοιπὰ

161 3193 280 3246 τῶν
306 3193 607 3264 γινομένων
633 3195 959 3248 ἐνδείκνυται
980 3197 1042 3248 τὸ
1062 3196 1154 3249 τοῦ
1179 3199 1513 3266 Μονογενοῦς
1539 3217 1604 3268 ση
1614 3217 1736 3269 μαι-

156 3289 413 3354 νόμενον,
462 3285 611 3337 οὑδὲν
633 3285 744 3352 ,τῶν
784 3287 910 3355 περὶ
941 3288 1038 3358 τὴν
1064 3289 1210 3342 κάτω
1237 3289 1486 3360 γέννησιν
1525 3293 1738 3362 ὁρωμέ-

160 3395 296 3442 νων,
350 3379 445 3431 καὶ
485 3379 576 3430 ἐπὶ
619 3379 715 3447 τῆς
763 3379 824 3432 ἐκ
873 3379 965 3432 τοῦ
1004 3381 1213 3451 Πατρὺς
1262 3383 1607 3448 ὑποστάσεως
1641 3385 1734 3438 τοῦ

152 3467 300 3522 ,Υξοῦ
329 3467 560 3520 νοεῖσθαι
587 3469 1004 3539 καταδεξόμεθα.
1048 3470 1206 3525 Ἀλλά
1236 3471 1338 3542 μὴν
1365 3473 1492 3527 ἴδιον
1522 3476 1733 3528 πάντων

165 3557 284 3611 τῶν
322 3559 412 3612 διὰ
459 3560 759 3630 γεννήσεως
790 3561 1203 3630 ὑφεστηκότων,
1252 3564 1312 3616 τὸ
1347 3565 1421 3635 μὴ
1453 3562 1589 3618 εἶναι
1631 3567 1734 3637 πρὸ

157 3652 264 3722 τῆς
299 3652 627 3721 γεννήσεωςο
666 3651 939 3722 ἀλλότριον
986 3653 1092 3724 ἄρα
1130 3653 1285 3707 τοῦτο
1317 3655 1414 3724 τῆς
1438 3657 1529 3708 τοῦ
1561 3659 1732 3710 Μονο-

157 3739 358 3808 γενοῦς
406 3741 689 3811 ἰδιότητος,
812 3743 976 3812 μηδὲν
1031 3744 1122 3797 τοῦ
1165 3746 1366 3816 τρόπου
1407 3747 1506 3815 τῆς
1551 3748 1733 3818 κοινῆς

158 3829 472 3900 γεννήσεως
503 3831 673 3892 εἴδους
713 3830 773 3882 τὸ
805 3831 1214 3902 πεπλανημένον
1248 3837 1524 3905 προσεῖναι
1568 3839 1600 3908 ή
1637 3838 1730 3890 τοῦ

157 3920 501 3988 Μονογενοῦς
551 3923 830 3992 ἐπωνυμία
879 3923 1227 3993 μαρτύρεται.
1281 3925 1486 3978 Οὐκοῦν
1535 3944 1733 3984 πιστωέ

161 4012 317 4081 θήτω
343 4013 372 4064 ὁ
400 4011 578 4076 ὑλικὸς
609 4007 758 4074 οὗτος
790 4013 883 4065 καὶ
911 4015 974 4084 τῇ
1013 4014 1255 4085 αἰσθήσει
1291 4015 1468 4083 φίλος,
1511 4015 1599 4068 διὰ
1636 4016 1729 4068 τοῦ

159 4106 356 4174 ἑτέρου
400 4105 499 4176 τῆς
542 4106 841 4176 γεννήσεως
883 4107 1054 4169 εἴδους
1079 4106 1142 4159 τὸ
1178 4107 1586 4178 πεπλανημένον
1623 4107 1731 4161 τῶν

158 4195 484 4265 ὑπολήψεων
522 4195 683 4248 αὑτοῦ
731 4196 1139 4268 διορθώσασθαι.
1199 4198 1338 4251 Ἀλλ’
1382 4199 1513 4262 ἴσως
1558 4201 1726 4268 ὲρεῖς,

158 4283 292 4335 ὅταν
339 4281 677 4352 ἀπαύγασμα
723 4284 877 4354 δόξης
909 4285 1002 4337 καὶ
1043 4285 1216 4356 ὀσμὴν
1260 4285 1430 4357 μύρου
1469 4287 1726 4359 ἀκούσῃς,

159 4370 249 4426 ὅτι
271 4371 372 4423 οὑκ
396 4366 463 4441 ἦν
494 4370 552 4422 τὸ
588 4371 924 4441 ἀπαύγασμα
961 4372 1065 4442 πρὸ
1093 4375 1189 4444 τῆς
1225 4373 1357 4437 ἰδίας
1389 4376 1687 4445 γεννήσεως
1711 4393 1723 4404 ·

1847 1930 2052 1983 nullam
2093 1931 2255 1986 habet
2291 1947 2517 2001 prorsus
2546 1936 3005 1999 communionem,
3049 1943 3102 1988 et
3140 1935 3285 2005 quod
3338 1934 3406 1990 ab

1845 2035 1910 2075 ea
1940 2023 2286 2090 peculiariter
2313 2033 2582 2079 secretum
2616 2034 2699 2080 est
2732 2026 3089 2095 signiﬁcatur.
3124 2026 3405 2092 Quomodo

1845 2115 1990 2167 enim
2025 2113 2188 2170 fuerit
2226 2115 2565 2186 Unigenitus,
2587 2119 2631 2174 si
2666 2119 2778 2173 haec
2807 2121 2923 2189 ipsa
2954 2119 3228 2189 generatio
3251 2133 3430 2172 com»

1844 2204 2154 2259 munionem
2182 2208 2477 2261 secundum
2506 2209 2954 2280 signiﬁcationem
2981 2219 3036 2266 et
3053 2211 3395 2266 identitatem

1845 2307 1968 2346 cum
2004 2296 2108 2348 alia
2166 2300 2512 2367 generatione
2567 2300 2767 2355 habet?
2823 2301 3010 2355 Solum
3065 2303 3209 2356 enim
3257 2303 3400 2372 quod

1842 2385 2103 2440 eximium
2136 2395 2190 2441 et
2247 2388 2580 2458 prmeipuum
2617 2389 2670 2443 in
2704 2389 2822 2459 ipso
2853 2391 3173 2461 intelligitur
3198 2434 3212 2458 ,
3256 2393 3403 2461 quod

1842 2491 1950 2530 non
1978 2479 2031 2530 in
2063 2477 2166 2530 alia
2191 2479 2537 2548 generatione
2556 2483 2922 2551 cognoscitur,
2955 2483 3170 2552 proprie
3196 2492 3249 2538 et
3271 2499 3403 2538 con-

1844 2579 2100 2639 gruenter
2135 2561 2409 2643 Unigeniti
2456 2573 2675 2628 nomine
2724 2574 3108 2644 signiﬁcatur:
3147 2576 3219 2630 ita
3261 2585 3317 2630 ut
3354 2577 3399 2632 si

1843 2662 1973 2732 quid
2003 2678 2068 2718 ex
2100 2663 2168 2718 iis
2206 2679 2326 2734 quae
2365 2665 2564 2719 inﬁmae
2593 2666 2929 2734 generationi
2974 2667 3304 2721 conveniunt
3345 2667 3400 2721 in

1839 2754 1960 2823 ipso
1993 2763 2287 2822 spectetur,
2314 2771 2420 2809 non
2454 2755 2686 2825 amplius
2717 2757 2789 2810 sit
2839 2755 3178 2826 Unigenitus,
3217 2765 3402 2828 utpote

1839 2843 1932 2913 qui
1957 2844 2227 2913 aliquibus
2256 2845 2626 2916 generationis
2655 2847 3076 2915 proprietatibus
3113 2863 3235 2901 cum
3275 2847 3404 2902 reli-

1840 2935 1964 3002 quis
1995 2935 2191 3003 genitis
2221 2935 2581 2990 communicet
2609 2953 2623 2988 :
2653 2936 2700 2990 si
2730 2937 2873 2991 enim
2904 2936 3090 2991 eadem
3134 2938 3189 2991 in
3220 2951 3286 2992 eo
3320 2938 3400 2992 di-

1839 3035 2109 3091 cerentur,
2162 3042 2280 3096 qua:
2316 3026 2370 3080 in
2411 3027 2531 3082 aliis
2601 3043 2722 3098 qua:
2764 3044 2860 3098 per
2891 3029 3294 3098 generationem
3343 3030 3398 3083 in

1840 3133 2020 3171 rerum
2051 3129 2241 3172 natura
2264 3119 2551 3187 prodeunt,
2583 3119 2648 3174 ad
2685 3119 2981 3175 fraternam
3023 3121 3260 3189 aliquam
3312 3137 3398 3176 re-

1844 3208 2097 3263 lationem
2127 3208 2403 3280 Unigeniti
2451 3209 2813 3279 signiﬁcatum
2842 3226 3021 3265 sermo
3049 3211 3396 3266 transferret.

1837 3297 2016 3363 Quare
2066 3297 2113 3352 si
2161 3298 2306 3367 quod
2358 3312 2483 3352 cum
2533 3298 2654 3354 aliis
2699 3314 2819 3369 quae
2848 3305 3194 3368 generantur,
3226 3314 3399 3368 neque

1835 3387 2165 3452 mistionem,
2195 3403 2369 3457 neque
2395 3388 2830 3444 communionem
2866 3389 3087 3458 patitur,
3128 3387 3398 3460 Unigeniti
3478 3452 3489 3472 '

1835 3477 2196 3546 signiﬁcatum
2215 3480 2476 3546 ostendit,
2506 3479 2640 3533 nihil
2668 3487 2816 3534 certe
2847 3495 3032 3536 eorum
3059 3495 3180 3550 qua:
3207 3481 3261 3534 in
3291 3480 3398 3534 ima

1833 3570 2175 3636 generatione
2223 3578 2542 3636 cernuntur,
2583 3571 2636 3625 in
2675 3571 2950 3643 bypostasi
2979 3571 3136 3640 Filii,
3167 3589 3294 3643 quae
3329 3589 3398 3628 ex

1832 3658 1992 3714 Patre
2023 3668 2142 3724 est,
2195 3664 2423 3732 intelligi
2473 3664 2842 3719 admittemus.
2891 3664 3055 3734 Atqui
3117 3665 3396 3736 proprium

1831 3762 1913 3807 est
1947 3755 2190 3808 omnium
2221 3769 2343 3824 quae
2367 3771 2462 3824 per
2488 3757 2888 3826 generationem
2913 3757 3241 3822 subsistunt,
3275 3768 3398 3812 ante

1832 3845 2232 3912 generationem
2292 3861 2399 3901 non
2456 3863 2615 3907 esse:
2667 3847 2982 3917 hocigitur
3039 3849 3274 3903 alienum
3328 3849 3397 3902 ab

1835 3934 2112 4005 Unigeniti
2148 3937 2498 4007 proprietate,
2523 3939 2609 3994 cui
2640 3940 2775 3994 nihil
2803 3955 2995 4011 vagum
3029 3948 3083 3994 et
3106 3955 3394 3995 erroneum

1830 4026 1884 4080 in
1938 4027 2046 4081 ulla
2097 4028 2400 4083 communis
2467 4031 2834 4100 generationis
2895 4031 3078 4101 specie
3123 4039 3177 4086 et
3234 4030 3396 4085 modo

1830 4117 2019 4172 adesse
2053 4126 2106 4172 et
2139 4127 2447 4188 competere
2476 4122 2758 4190 Unigeniti
2811 4122 3099 4190 appellatio
3141 4129 3392 4177 testatur.

1829 4208 1968 4280 Ergo
2002 4210 2104 4264 iste
2149 4211 2443 4267 materialis
2486 4221 2538 4268 et
2583 4214 2766 4268 sensui
2816 4215 3020 4268 amicus
3049 4213 3241 4268 doctor
3269 4228 3394 4284 per-

1829 4302 2144 4367 suadeatur,
2178 4318 2273 4372 per
2302 4304 2464 4358 aliam
2503 4305 2868 4374 generationis
2898 4307 3129 4375 speciem
3173 4321 3396 4361 suarum

1828 4393 2143 4462 opinionum
2196 4410 2390 4464 vagum
2445 4411 2686 4452 errorem
2736 4397 3044 4454 emendare.
3101 4398 3206 4454 Sed
3259 4400 3397 4456 forte

155 4462 276 4516 ἀλλ⁸
318 4465 446 4516 ὅταν
474 4462 630 4515 τοῦτο
657 4463 812 4534 εἴπῃς
832 4505 846 4527 ,
877 4464 1024 4516 οὐδὲν
1053 4467 1151 4537 τὴν
1173 4465 1327 4530 δόξαν
1355 4468 1566 4530 πάντως
1589 4464 1726 4520 εἶναι

1838 4486 1998 4548 dices,
2023 4500 2145 4540 cum
2177 4487 2518 4555 splendorem
2554 4488 2738 4556 gloria:
2766 4503 2820 4543 et
2856 4491 3117 4560 unguenti
3169 4491 3390 4546 odorem

153 4555 384 4618 δώσεις’
416 4554 537 4608 οὔτε
563 4555 622 4608 τὸ
662 4556 851 4627 μύρον,
882 4559 942 4617 οὑ
974 4557 1078 4628 γὰρ
1116 4558 1292 4612 ἔστιν·
1327 4559 1359 4630 ἢ
1400 4561 1603 4633 τυφλὴν
1641 4562 1724 4631 ἐφ’

156 4649 362 4717 ἑαυτῆς
393 4650 486 4700 καὶ
515 4648 740 4718 ἀλαμπῆ
765 4667 890 4702 ποτε
921 4651 1234 4722 νομισθῆναι
1267 4653 1365 4719 τὴν
1388 4654 1540 4720 δόξαν
1564 4650 1721 4719 εἶναι,

154 4740 192 4811 ἢ
227 4741 288 4792 τὸ
323 4738 494 4809 μύρον
525 4741 620 4810 τῆς
662 4741 912 4804 εὐπνοίας
944 4743 1154 4810 ἄγονον.
1184 4746 1338 4798 Ὥστε
1369 4747 1415 4797 εἰ
1454 4745 1512 4798 τὸ
1545 4745 1724 4800 ἀπαύ-

152 4848 348 4901 γασμα
367 4832 464 4884 οὑκ
486 4827 572 4903 ἦν,
599 4832 717 4886 οὐδὲ
749 4836 782 4902 ἡ
812 4833 936 4898 δόξα
955 4830 1022 4904 ἦν
1047 4837 1278 4898 πάντως.
1308 4838 1414 4890 Καὶ
1433 4839 1529 4908 τῆς
1549 4841 1724 4910 ὀσμῆς

150 4922 256 4975 οὑκ
286 4920 474 4991 οὔσης,
509 4911 568 4975 τδ
600 4924 731 4993 μηδὲ
761 4925 821 4976 τὸ
849 4924 1015 4995 μῦρον
1046 4920 1182 4977 εἶναι
1221 4926 1627 4999 συναπεδείχθῃ.
1661 4930 1723 4981 Εἰ

147 5015 208 5067 δὲ
241 5013 400 5082 φοϐεῖ
422 5031 544 5068 τινα
571 5015 741 5068 ταῦτα
769 5015 915 5085 παρὰ
936 5017 1034 5086 τῆς
1063 5017 1282 5086 Γραιρῆς
1311 5018 1723 5088 παραληφθέντα

147 5108 225 5158 τὰ
259 5105 652 5178 ὑποδείγματα,
703 5108 777 5170 ὡς
809 5108 912 5182 οὐκ
950 5109 1188 5177 ἀκριϐῶς
1223 5109 1284 5161 τὸ
1319 5111 1600 5178 μεγαλεῖον
1628 5114 1722 5164 τοῦ

147 5197 495 5264 Μονογενοῦς
532 5197 896 5267 παριστῶντα,
930 5198 1016 5252 διὰ
1044 5200 1104 5251 τὸ
1138 5199 1210 5270 μὴ
1243 5199 1435 5253 ταύτὸν
1469 5198 1605 5253 εἶναι
1645 5200 1722 5272 τῷ

148 5289 500 5359 ὑποκειμένῳ
524 5290 663 5343 κατὰ
690 5291 786 5360 τὴν
817 5291 1020 5355 οὐσίαν,
1052 5292 1084 5363 ἢ
1117 5292 1205 5344 τὸν
1245 5294 1412 5362 ἀτμὸν
1441 5292 1516 5362 τῷ
1545 5294 1720 5363 μύρῳ,

145 5381 180 5450 ἢ
205 5381 308 5450 τὴν
338 5383 530 5434 ἀκτῖνα
553 5381 627 5451 τῷ
657 5381 810 5452 ἡλίῳ,
831 5384 858 5435 ό
887 5383 1134 5454 ἀληθινὸς
1148 5385 1316 5453 Λόγος
1339 5384 1722 5455 διορθωσὰσθω

142 5471 241 5523 τὺν
262 5469 444 5539 φόϐον,
470 5473 499 5523 0
528 5475 586 5525 ὲν
611 5476 674 5544 τῇ
700 5475 839 5545 ἀρχῇ
866 5475 958 5538 ὢν,
993 5477 1085 5529 καὶ
1115 5477 1286 5530 πάντα
1314 5475 1410 5542 ὢν,
1444 5479 1542 5530 ὅσα
1577 5479 1720 5531 ἐστὶν

144 5567 182 5632 ἡ
207 5566 378 5638 ἀρχὴ,
430 5565 523 5617 καὶ
562 5565 652 5618 τοῦ
680 5568 877 5631 παντὸς
925 5570 1306 5640 προῦπαρχων,
1360 5569 1530 5634 οὕτως
1560 5571 1617 5622 ὲν
1644 5569 1720 5640 τῷ

142 5653 469 5722 κηρύγματι
490 5655 579 5708 τοῦ
615 5658 857 5711 Ἰωάννου
882 5658 1188 5729 βοήσαντος,
1213 5664 1293 5714 ὅτι
1319 5663 1428 5716 Καὶ
1449 5665 1596 5731 πρὸς
1615 5664 1721 5717 τὸν

137 5742 296 5796 θεὸν
323 5741 404 5822 ἦν
427 5751 458 5802 ὀ
478 5753 684 5820 Λόγος,
708 5753 801 5806 καὶ
833 5753 974 5820 Θεὸς
992 5750 1069 5825 ἦν
1093 5758 1125 5809 o'
1154 5758 1358 5825 Λόγος.
1385 5758 1446 5813 Εἰ
1470 5755 1560 5812 οὖν
1589 5758 1718 5822 Θεὸς

1825 4573 2004 4637 audis,
2036 4574 2179 4644 quod
2206 4590 2310 4629 non
2343 4585 2459 4631 erat
2491 4578 2747 4646 splendor
2776 4588 2902 4633 ante
2926 4582 3195 4651 propriam
3231 4598 3393 4652 genev

1824 4669 2118 4735 rationem;
2150 4668 2243 4724 sed
2266 4685 2407 4723 cum
2443 4669 2544 4724 hoc
2573 4669 2800 4737 dixeris,
2836 4673 2973 4726 nihil
3004 4688 3228 4742 prorsus
3273 4688 3395 4728 esse

1825 4757 2051 4828 gloriam
2085 4757 2243 4814 dabis
2275 4800 2290 4824 ,
2323 4775 2500 4830 neque
2531 4770 2887 4831 unguentum,
2936 4778 3046 4817 non
3087 4765 3229 4818 enim
3262 4774 3347 4818 est
3378 4783 3392 4818 :

1823 4855 1908 4909 vel
1938 4869 2135 4907 cmcam
2171 4854 2226 4906 in
2274 4853 2455 4924 seipsa
2501 4863 2552 4910 et
2604 4854 2723 4910 luce
2777 4863 3053 4910 carentem
3101 4856 3394 4924 aliquando

1825 4944 1994 5000 fuisse
2030 4945 2259 5010 gloriam
2279 4945 2722 5014 existimandum,
2745 4949 2829 5003 vel
2853 4957 3182 5017 unguentum
3209 4947 3394 5002 suavis

1822 5037 2211 5106 exspirationis
2259 5039 2464 5093 sterile.
2514 5039 2693 5104 Quare
2734 5041 2779 5092 si
2829 5039 3087 5108 splendor
3111 5055 3220 5093 non
3252 5050 3392 5103 erat,

1824 5143 1998 5197 neque
2017 5129 2188 5197 gloria
2217 5138 2336 5184 erat
2361 5130 2605 5184 omnino.
2631 5132 2696 5184 Et
2717 5132 2762 5186 si
2790 5131 2925 5184 odor
2951 5147 3059 5184 non
3088 5140 3190 5194 est,
3217 5146 3394 5200 neque

1825 5225 2162 5286 unguentum
2185 5233 2308 5273 esse
2342 5236 2488 5274 nunc
2521 5221 2950 5275 demonstratum
2990 5229 3093 5274 est.
3143 5219 3301 5286 Quod
3343 5220 3390 5275 si

1821 5315 2030 5361 terrent
2073 5308 2308 5377 aliquem
2352 5311 2468 5364 haec
2495 5327 2617 5380 quae
2645 5325 2675 5363 a
2715 5308 2997 5380 Scriptura
3037 5320 3394 5366 assumuntur

1821 5403 2086 5467 exempla,
2125 5408 2187 5452 ut
2228 5416 2334 5454 non
2379 5411 2568 5456 exacte
2619 5399 2892 5471 Unigeniti
2936 5402 3391 5471 magniﬁcentiam

1821 5490 2200 5557 exprimentia,
2235 5493 2360 5560 quia
2393 5509 2499 5546 non
2533 5492 2675 5547 idem
2724 5493 2794 5548 sit
2828 5508 2952 5546 cum
3006 5493 3257 5561 subjecto
3303 5509 3391 5548 se-

1821 5582 2058 5634 cundum
2106 5584 2508 5644 substantiam.
2557 5585 2642 5638 vel
2670 5584 2867 5639 halitus
2911 5599 3034 5638 cum
3089 5593 3387 5656 unguento,

1820 5673 1903 5725 vel
1931 5673 2118 5726 radius
2141 5688 2262 5727 cum
2291 5675 2425 5737 sole,
2459 5665 2620 5729 verus
2653 5689 2832 5730 sermo
2859 5685 3059 5730 metum
3111 5677 3232 5746 ejus
3271 5677 3388 5733 cxi-

1823 5772 1951 5828 mat,
1978 5765 2068 5833 qui
2093 5765 2244 5828 dicit,
2281 5764 2422 5835 quod
2453 5773 2573 5821 crat
2600 5767 2653 5821 in
2686 5766 2972 5837 principio,
3004 5779 3058 5823 et
3096 5767 3240 5838 quod
3262 5784 3382 5824 om-
