4034 6500
639 323 746 381 737

1861 321 1916 378 S.
1955 323 2275 378 GllEGOlill
2313 325 2352 377 Ν
2367 324 2602 380 YSSEN-l

3718 329 3796 384 738

641 451 728 505 nia
764 457 865 510 est,
895 462 1229 516 quaecunque
1268 454 1350 501 est
1399 443 1726 516 principium
1781 454 1834 499 et
1875 444 2017 515 quod
2067 453 2189 500 ante
2220 477 2231 507 λ

2332 447 2390 498 ,ὲν
2413 460 2443 497 ο
2477 444 2678 516 Πατὴρ,
2713 443 2845 507 Θεὸς
2873 443 2925 495 δὲ
2957 444 3052 496 καὶ
3080 446 3106 494 ὁ
3135 431 3288 504 Υἱόξ·
3319 443 3398 505 τίς
3428 443 3502 495 ἔτι
3527 445 3796 501 καταλείπε-

641 541 822 592 omnia
850 538 1192 608 praeexsistit,
1226 537 1526 607 praesertim
1548 552 1668 589 cum
1700 535 1936 590 Joannes
1969 535 2022 589 in
2059 551 2192 604 pra:-

640 633 798 684 eonio
849 644 950 683 suo
984 630 1326 694 vociferetur,
1357 628 1500 698 quod
1554 626 1620 679 Et
1677 629 1816 695 apud
1870 627 2035 680 Deum
2082 637 2193 681 erat

650 721 892 788 Verbum,
920 731 966 776 et
997 722 1130 775 Deus
1159 732 1271 776 erat
1315 721 1556 775 Verbum.
1603 721 1658 774 Si
1705 722 1869 790 igitur
1908 720 2069 775 Pater
2114 728 2197 776 est

641 813 806 879 Deus,
824 823 877 868 et
898 812 1039 868 Deus
1057 822 1139 867 est
1161 815 1319 867 etiam
1354 813 1544 874 Filius,
1582 827 1824 880 quamam
1858 811 1925 865 ad
1952 821 2196 865 exactam

646 901 714 957 de
744 902 1032 973 Unigenito
1061 903 1384 972 theologiam
1431 902 1754 972 relinquitur
1786 902 2066 957 dubitandi
2114 917 2200 956 ra-

641 996 739 1058 tio,
801 1011 924 1050 enm
951 995 1073 1050 Filii
1105 996 1497 1065 signiﬁcatione
1535 996 1837 1065 proprietas
1866 1004 2073 1049 natura
2103 1011 2200 1050 no-

643 1087 913 1151 tilicetur,
948 1103 1043 1156 per
1078 1087 1414 1156 splendorem
1448 1101 1596 1152 vero,
1635 1087 1766 1140 unio
1794 1096 1848 1141 et
1887 1087 2199 1155 conjunctio

645 1178 810 1232 nullis
863 1177 1159 1230 intervallis
1213 1176 1404 1230 dissita
1462 1175 1816 1246 significetur,
1883 1175 1973 1229 Dei
2023 1184 2199 1230 autem

647 1266 937 1336 appellatio
967 1281 1086 1334 qua:
1121 1265 1264 1317 Patri
1295 1273 1349 1318 et
1381 1263 1516 1317 Filio
1568 1265 1847 1335 aequaliter
1896 1280 2201 1318 accommo-

645 1357 825 1418 datur,
854 1355 1077 1409 honoris
1110 1370 1206 1425 per
1227 1355 1406 1409 omnia
1435 1355 1791 1422 aequalitatem
1815 1354 2040 1408 indicet?
2061 1354 2206 1408 Cha-

2297 557 2383 592 ται
2414 540 2546 609 πρὸς
2576 540 2668 606 τὴν
2699 539 2894 608 ἀκριϐῆ
2923 538 3010 590 τοῦ
3035 534 3365 602 Μονογενοῦς
3388 534 3642 601 Θεολογίαν
3668 540 3803 608 ἀμφι-

2300 631 2479 693 ϐολία,
2517 632 2638 682 ὅταν
2694 633 2758 699 τῇ
2810 629 2904 698 μὲν
2933 628 3023 680 τοῦ
3064 628 3191 679 Υἱοῦ
3225 628 3458 697 σημασία
3489 627 3546 678 τὸ
3579 629 3701 680 κατὰ

2303 738 2386 773 σιν
2417 722 2608 773 οἰκεῖον
2634 718 2974 788 γνωρίζεται,
3005 718 3078 787 τῷ
3104 717 3159 769 δὲ
3193 717 3571 785 ἁπαυγάσματι
3597 719 3650 768 τὸ
3677 737 3805 772 σινα-

2303 812 2401 879 φές
2428 828 2486 862 τε
2526 811 2618 863 καὶ
2649 810 2960 862 ἀδιάστατον
2980 849 2993 870 ,
3040 811 3102 878 τῇ
3140 809 3194 860 δὲ
3227 807 3316 859 τοῦ
3355 807 3486 858 Θεοῦ
3519 812 3807 880 προσηγορίᾳ

2303 902 2440 955 κατὰ
2472 901 2532 953 τὸ
2556 897 2668 953 ἴσον
2706 899 3091 970 ὲφηρμοσμένῃ
3122 897 3289 963 Πατρὶ
3316 914 3372 948 τε
3403 899 3490 948 καὶ
3518 897 3638 966 Υἱῴ,
3667 899 3716 950 τὸ
3741 900 3809 952 διὰ

2304 996 2516 1048 πάντων
2542 994 2830 1064 ὁμότιμον;
2863 993 2922 1043 '0
2950 992 3006 1044 δὲ
3037 989 3315 1060 χαρακτὴρ
3348 989 3490 1059 πάσῃ
3520 993 3579 1058 τῇ
3611 991 3808 1044 ὑποστά-

2305 1103 2384 1138 σει
2433 1085 2526 1136 τοῦ
2582 1085 2790 1154 Πατρδς
2837 1081 3268 1153 ἐπιθεωρουμὲνῃ
3342 1081 3403 1132 τὸ
3442 1080 3700 1144 ἀνελλιπὲς
3736 1085 3808 1135 τοῦ

2308 1177 2432 1229 ἰδεου
2474 1176 2732 1244 μεγέθους
2767 1173 3127 1242 διασημαίνει,
3167 1173 3260 1224 καὶ
3291 1174 3324 1242 ἡ
3369 1172 3542 1240 μορφὴ
3584 1173 3665 1224 τοῦ
3703 1174 3810 1226 Θεοῦ

2304 1267 2401 1336 τὴν
2448 1267 2536 1319 διὰ
2580 1267 2791 1319 πάντων
2830 1262 3163 1333 καταμηνύει
3207 1261 3532 1331 ταυτότητα,
3567 1262 3636 1331 τῷ
3671 1263 3811 1315 πάντα

2304 1357 2562 1410 δεικνύειν
2601 1357 2684 1424 ἐφ’
2741 1355 2938 1424 ἑαυτῆς
2962 1353 3026 1406 δι’
3052 1348 3124 1406 ὧν
3147 1355 3178 1422 ὴ
3210 1352 3355 1416 Θὲσις
3382 1352 3811 1422 χαρακτηρίζεται.

646 1455 825 1502 racter
860 1461 988 1502 vero
1028 1445 1141 1500 sive
1174 1445 1340 1514 ﬁgura
1388 1445 1567 1497 omnis
1620 1444 1937 1500 substantia:
1987 1460 2106 1514 qua:
2153 1445 2208 1498 in
2246 1433 2404 1501 Pa'tre
2469 1446 2880 1506 consideratur.
2949 1433 3239 1514 perlectam
3287 1440 3657 1511 plenitudinem
3714 1457 3814 1510 pro-

646 1539 780 1610 pria:
810 1538 1197 1609 magnitudinis
1225 1535 1441 1605 penitus
1475 1535 1764 1606 signiﬁcat,
1809 1546 1862 1590 et
1897 1534 2070 1588 forma
2108 1534 2200 1590 Dei
2274 1552 2370 1606 per
2446 1538 2631 1592 omnia
2681 1535 2929 1592 ostendit.
2970 1533 3304 1588 identitatem
3330 1572 3360 1596 ,.
3402 1532 3576 1584 omnia
3630 1531 3814 1584 demon-

649 1633 872 1689 strando
906 1633 960 1686 in
993 1631 1174 1700 seipso
1203 1646 1296 1700 per
1327 1645 1446 1700 qua:
1483 1629 1682 1699 positio
1719 1629 2004 1699 ﬁguratur.

717 1725 932 1779 Rursus
966 1724 1129 1793 igitur
1185 1737 1550 1792 proponamus
1595 1721 1845 1775 Eunomii
1883 1735 2206 1776 sermonem.

2387 1718 2554 1774 Πάλιν
2587 1719 2782 1773 τοίνυν.
2821 1712 3108 1790 προθῶμεν
3174 1710 3267 1763 τοῦ
3291 1709 3547 1778 Εὐνομῐου
3567 1709 3648 1760 τὸν
3671 1708 3814 1793 λόγον.

652 1813 776 1870 Non
803 1823 936 1878 erat,
970 1813 1168 1882 inquit,
1203 1822 1324 1866 ante
1355 1812 1620 1880 propriam
1650 1811 2048 1880 generationem.
2073 1810 2205 1874 Quis

648 1909 739 1963 hic
763 1915 866 1972 est,
901 1922 1061 1977 quem
1095 1920 1203 1959 non
1236 1919 1359 1960 esse
1383 1904 1669 1957 autumat?
1697 1900 2000 1957 Recenseat
2022 1900 2204 1954 divina

649 1999 894 2064 nomina,
928 1997 1130 2067 quibus
1163 1996 1252 2050 ille
1287 1995 1378 2064 qui
1413 2009 1475 2048 ex
1510 1993 1760 2047 Eunomii
1807 1993 2063 2062 opinione
2111 1990 2211 2044 ali-

652 2089 868 2163 quando
915 2103 1022 2142 non
1070 2095 1228 2152 erat,
1261 2086 1593 2140 nominatur.
1637 2084 1787 2138 Dicet
1823 2099 1952 2154 ergo
1999 2083 2208 2146 lucem,

651 2177 1064 2240 beatitudinem,
1087 2177 1361 2244 vitamque
1412 2183 1466 2229 et
1507 2174 2110 2244 incorruptibilitatem,
2159 2181 2213 2226 et

656 2269 928 2338 justitiam
961 2276 1014 2323 et
1053 2267 1566 2330 sanctiﬁcationem,
1608 2252 1946 2319 et3virtutem
1989 2272 2041 2318 et
2077 2265 2213 2318 veri-

655 2368 847 2424 tatem,
877 2371 930 2415 et
959 2375 1079 2429 quae
1103 2366 1231 2413 sunt
1262 2358 1555 2427 ejusmodi.
1578 2356 1682 2412 Iste
1705 2357 1866 2426 igitur
1886 2358 1974 2426 qui
2000 2356 2073 2409 ait
2094 2367 2216 2410 ante

655 2453 1060 2524 generationem
1096 2451 1271 2521 ipsum
1321 2465 1434 2503 non
1475 2447 1663 2512 fuisse,
1694 2449 1868 2517 palam
1901 2447 2087 2517 procul
2126 2447 2216 2500 du-

658 2543 750 2598 hio
788 2543 1005 2607 clamat,
1037 2540 1184 2612 quod
1212 2555 1322 2594 non
1356 2548 1473 2595 erat
1501 2539 1724 2603 veritas,
1752 2538 1970 2608 quando
2002 2538 2089 2592 ille
2110 2553 2216 2591 non

659 2642 798 2698 erat,
839 2648 948 2688 non
981 2640 1100 2688 erat
1132 2632 1265 2694 vita,
1306 2645 1410 2684 non
1447 2638 1562 2684 erat
1590 2630 1703 2692 lux,
1741 2645 1845 2682 non
1876 2637 1992 2683 erat
2041 2629 2220 2682 incor-

660 2725 1017 2798 ruptibilitas,
1046 2738 1156 2778 non
1190 2723 1336 2777 aliud
1361 2721 1653 2792 quidquam
1677 2736 1864 2776 eorum
1895 2735 2013 2790 qua:
2037 2720 2089 2773 in
2115 2719 2221 2772 Deo

660 2817 1060 2890 intelliguntur.
1091 2815 1357 2870 Praeterea
1388 2813 1530 2883 quod
1575 2821 1658 2866 est
1705 2812 1995 2867 absurdius
2063 2819 2117 2865 et
2155 2809 2221 2862 ad

665 2911 995 2981 impietatem
1029 2908 1302 2970 acerbius,
1332 2921 1441 2960 non
1467 2913 1584 2959 erat
1616 2906 1871 2975 splendor
1891 2943 1904 2966 ,
1956 2918 2061 2957 non
2108 2911 2224 2958 erat

663 3001 968 3064 character,
1025 2999 1138 3054 sive
1182 2998 1371 3068 ﬁgura.
1423 2994 1558 3048 Dum
1607 2995 1751 3050 enim
1794 2994 1926 3048 dicit
1963 3009 2071 3048 non
2104 3009 2225 3047 esse

2315 1811 2433 1863 Οὺκ
2457 1805 2554 1878 ἦν,
2581 1807 2731 1876 φησι,
2765 1789 2877 1872 πρό
2907 1804 3013 1870 τῆς
3042 1802 3194 1866 ιδίας
3219 1798 3568 1870 γεννήσεως.
3593 1798 3678 1860 Τις
3698 1789 3820 1858 οὗτός

2313 1901 2474 1962 ἐστιν,
2515 1899 2572 1951 ὃν
2604 1898 2702 1951 οὐκ
2735 1892 2871 1948 εἶναι
2901 1893 3082 1961 λέγει;
3112 1890 3330 1945 Εἰπάτω
3367 1888 3436 1941 τὰ
3464 1889 3579 1941 θεῖα
3604 1888 3817 1956 ὀνόματα,

2313 1984 2392 2052 οἷς
2422 1989 2450 2040 6
2483 1987 2599 2040 κατ’
2627 1984 2884 2054 Εύνὸμιόν
2918 1999 3045 2035 ποτε
3081 1981 3153 2051 μὴ
3183 1980 3256 2032 ὢν
3288 1977 3618 2048 ὀνομάζεται.
3653 1975 3819 2028 Οὐκοῦν

2323 2081 2436 2148 φῶς
2471 2080 2582 2149 ἐρεῖ
2620 2078 2711 2130 καὶ
2740 2073 3132 2146 μακαριότητα,
3162 2071 3305 2140 ζωήν
3334 2087 3394 2122 τε
3425 2069 3515 2122 καὶ
3544 2066 3818 2137 ἀφθαρσίαν,

2318 2172 2410 2224 καὶ
2440 2168 2778 2237 δικαιοσύνην
2806 2167 2899 2220 καὶ
2930 2163 3214 2234 ἀγιασμὸν,
3251 2163 3347 2216 καὶ
3374 2161 3590 2231 δύναμιν
3620 2159 3703 2212 καὶ
3726 2158 3824 2227 ἁλήο

2321 2263 2489 2326 Θειαν,
2531 2261 2621 2314 καὶ
2654 2259 2719 2312 τὰ
2752 2257 2990 2311 τοιαῦτα.
3031 2257 3088 2309 '0
3110 2257 3286 2308 τοίνυν
3316 2251 3424 2323 πρὸ
3455 2251 3549 2319 τῆς
3572 2250 3823 2318 γεννήσεως

2319 2354 2490 2420 λέγων
2529 2351 2685 2404 αὑτὸν
2715 2349 2786 2420 μὴ
2816 2345 2974 2411 εἶναι,
3014 2346 3267 2415 ἄντικρυς
3296 2343 3466 2396 ταῦτα
3499 2341 3608 2411 βοᾷ,
3644 2340 3714 2392 ὅτι
3751 2338 3826 2389 οὐκ

2319 2442 2385 2516 ἦν
2419 2443 2661 2514 ἀλήθεια,
2695 2442 2782 2494 ὅτε
2811 2442 3012 2502 ἐκεῖνος
3043 2438 3140 2491 οὐκ
3166 2433 3252 2508 ἦν,
3290 2435 3390 2488 οὐκ
3417 2429 3484 2503 ἦν
3510 2431 3633 2500 ζωὴ,
3664 2429 3748 2482 οὐκ
3777 2423 3826 2496 ἦν

2322 2535 2454 2602 φῶς,
2489 2533 2586 2585 οὑκ
2609 2527 2676 2601 ἦν
2705 2530 2946 2599 δύναμις,
2981 2528 3080 2580 οὐκ
3117 2523 3183 2597 ἦν
3214 2524 3488 2595 ἀφθαρσία
3506 2562 3520 2584 ,
3548 2522 3641 2574 οὐκ
3667 2518 3770 2572 ἀλλο
3789 2533 3840 2566 τι

2321 2622 2388 2695 ἦν
2427 2623 2532 2677 τῶν
2562 2625 2618 2675 ὲν
2645 2621 2762 2691 Θεῷ
2802 2619 3102 2688 νοουμένων
3127 2616 3300 2670 οὐδέν.
3337 2615 3445 2668 Καὶ
3481 2613 3538 2664 τὸ
3563 2612 3636 2664 ἔτι
3667 2607 3840 2662 τούτων

2325 2712 2789 2785 παραλογώτερον,
2826 2710 2919 2762 καὶ
2948 2711 3025 2772 εἰς
3065 2707 3317 2762 ἀσέϐειαν
3353 2703 3733 2776 χαλεπώτερον,
3755 2698 3839 2749 οὐκ.

2325 2803 2391 2876 ἦν
2423 2804 2757 2873 ἀπαύγασμα
2781 2842 2795 2867 ,
2827 2803 2925 2854 οὐκ
2968 2796 3034 2871 ἦν
3079 2799 3385 2872 χαρακτήρ.
3441 2797 3525 2848 Ἐν
3554 2796 3652 2864 γὰρ
3681 2789 3745 2860 τῷ
3777 2786 3845 2857 μὴ,

2329 2895 2463 2950 εἶναι
2501 2896 2679 2964 λέγειν
2710 2895 3064 2963 ἀπαύγασμα,
3094 2890 3154 2942 τὸ
3185 2890 3319 2960 μηδὲ
3349 2889 3446 2957 τὴν
3473 2885 3843 2953 ἀπαυγάζουσανι

2329 2989 2549 3057 δύναμιν
2575 2982 2709 3040 εἶναι
2731 2979 3294 3052 συγκατασκευάξεται
3307 2980 3538 3041 πάντως,
3555 2976 3659 3038 πῶς
3674 2974 3750 3027 ἐπὶ
3763 2969 3830 3022 τοῦ

665 3093 1032 3164 splendorem,
1071 3106 1179 3145 non
1215 3103 1338 3144 esse
1385 3100 1600 3156 quoque
1639 3087 1746 3140 vim
1793 3083 2222 3155 resplendentcm

2333 3078 2471 3131 κατὰ
2494 3078 2583 3130 τὸν
2612 3077 2799 3146 λύχνον
2827 3074 2969 3126 ἐστὶν
3003 3071 3417 3140 ὑποδείγματος.
3461 3069 3515 3122 Ὀ
3540 3067 3635 3138 γὰρ
3659 3065 3741 3129 τὴν
3760 3061 3833 3114 αὺ-

2372 3170 2382 3176 .
2532 3169 2557 3176 ..
2595 3169 2608 3176 -
2641 3168 2651 3176 ι
2861 3167 2871 3176 ι
2932 3164 2942 3176 I
3081 3164 3094 3176 ι
3235 3163 3246 3176 \
3291 3161 3308 3176 ς
3338 3162 3350 3176 1
3593 3159 3606 3176 \
3638 3174 3643 3176 .
3685 3154 3833 3176 ’μ’μμλιι

666 3199 894 3255 prorsus
919 3183 1079 3238 simul
1108 3182 1323 3245 astruit,
1343 3188 1401 3233 ut
1436 3181 1490 3232 in
1517 3178 1762 3246 exemplo
1788 3177 2020 3231 lucerna:
2049 3175 2230 3229 videre

666 3288 769 3332 est.
806 3275 909 3342 Qui
960 3274 1105 3330 enim
1155 3274 1393 3327 lucerna:
1439 3271 1700 3339 fulgorem
1739 3269 1899 3333 dixit,
1953 3269 2230 3322 lucernam

670 3366 957 3438 splendere
983 3363 1142 3418 simul
1167 3362 1438 3424 ostendit;
1480 3370 1533 3416 et
1559 3359 1663 3430 qui
1687 3375 1793 3413 non
1824 3373 1944 3414 esse
1971 3357 2230 3428 fulgorem

671 3459 823 3521 dicit,
860 3457 1093 3511 lucerna:
1118 3454 1360 3509 ardentis
1386 3453 1807 3508 exstinctionem
1839 3449 2230 3520 consigniﬁca-

671 3552 770 3604 vit.
802 3549 981 3616 Quare
1005 3563 1128 3604 cum
1147 3547 1320 3603 Filius
1339 3563 1447 3602 non
1472 3561 1593 3602 esse
1621 3545 1842 3608 dicitur,
1871 3545 2029 3598 etiam
2057 3542 2235 3597 Patris

675 3657 785 3696 non
818 3640 1139 3697 exsistentia
1172 3639 1481 3695 necessaria
1525 3635 1911 3691 consecutione
1951 3637 2234 3688 astruitur.

675 3729 735 3786 Si
766 3732 912 3786 enim
943 3731 1170 3786 alterum
1205 3731 1355 3786 alteri
1384 3728 1617 3783 cohaeret
1662 3725 2023 3790 continenter,
2053 3742 2240 3781 secun-

677 3823 807 3878 dum
837 3823 1198 3894 apostolicum
1225 3821 1597 3876 testimonium
1619 3857 1633 3881 ,
1663 3826 1717 3872 et
1752 3817 2005 3888 splendor
2034 3818 2236 3887 gloriae,

677 3923 734 3972 et
763 3916 1048 3970 character
1079 3915 1422 3976 substantiae,
1459 3923 1513 3968 et
1542 3913 1810 3982 sapientia
1848 3911 1962 3974 Dei,
1987 3910 2077 3978 qui
2104 3909 2240 3963 alte-

680 4025 804 4064 rum
859 4007 1279 4078 coniunctorum
1335 4013 1494 4076 negat
1542 4021 1696 4065 esse,
1740 4004 1900 4057 unius
1939 4001 2242 4057 sublatione

680 4102 949 4170 reliquum
980 4099 1227 4154 funditus
1252 4098 1491 4152 sustulit.
1527 4097 1705 4162 Quare
1736 4095 1780 4150 si
1814 4110 1918 4148 non
1949 4101 2032 4148 est
2064 4092 2244 4162 splen-

683 4194 803 4258 dor,
836 4191 1200 4249 conﬁtendum
1232 4199 1337 4256 est,
1367 4205 1541 4258 neque
1584 4186 1953 4257 splendentem
1996 4193 2244 4238 naturam

684 4301 826 4347 esse,
870 4291 925 4339 et
951 4283 998 4338 si
1025 4282 1314 4336 character
1332 4295 1440 4334 non
1467 4279 1738 4342 subsistit,
1763 4292 1938 4346 neque
1963 4275 2245 4345 figuratam

686 4392 809 4431 esse
841 4389 1149 4444 personam.
1201 4371 1258 4426 Si
1311 4380 1567 4442 prieterea
1609 4385 1716 4423 non
1755 4375 1840 4422 est
1894 4367 2156 4444 sapientia
2195 4371 2248 4418 et

687 4467 865 4520 virtus
895 4465 1009 4527 Dei,
1045 4479 1219 4534 neque
1247 4463 1397 4516 illum
1427 4477 1546 4516 esse
1581 4474 1807 4529 prorsus
1839 4441 2114 4510 fatendum
2143 4461 2247 4520 est,

691 4557 782 4625 qni
815 4572 924 4611 non
953 4557 1159 4624 absque
1185 4554 1451 4624 sapientia
1479 4559 1533 4607 et
1556 4553 1752 4604 virtute
1796 4550 1848 4604 in
1879 4548 2059 4618 seipso
2087 4547 2247 4601 intel-

691 4646 897 4715 ligitur.
934 4643 990 4698 Si
1020 4645 1184 4715 igitur
1211 4659 1320 4698 non
1361 4653 1478 4698 erat
1526 4643 1834 4712 unigenitus
1874 4639 2035 4702 Deus,
2071 4638 2266 4708 prius--

693 4751 856 4805 quam
893 4735 1064 4799 ﬂeret,
1110 4736 1254 4790 sicut
1279 4734 1356 4788 ait
1397 4732 1720 4796 Eunomius,
1781 4731 2030 4785 Christus
2073 4736 2256 4782 autem

697 4827 791 4882 Dei
824 4833 908 4882 est
945 4827 1119 4881 virtus
1171 4833 1226 4881 et
1271 4824 1366 4880 Dei
1420 4823 1709 4894 sapientia,
1756 4821 2148 4883 el‘character,
2201 4825 2255 4871 et

698 4915 953 4987 splendor
984 4935 998 4970 :
1038 4917 1200 4986 igitur
1231 4930 1336 4969 non
1373 4923 1490 4970 erat
1524 4914 1744 4967 omnino
1777 4911 1955 4974 Pater,
1990 4910 2146 4978 cujus
2172 4907 2265 4959 Fi-.

699 5009 807 5064 lius
828 5015 911 5063 est
939 5007 1112 5062 virtus
1144 5013 1198 5061 et
1233 5005 1518 5076 sapientia,
1569 5013 1622 5058 et
1653 5005 1956 5062 character,
1985 5009 2037 5053 et
2076 5000 2258 5067 splen-

702 5100 805 5155 dor
840 5115 854 5152 :
890 5100 1038 5153 nullo
1073 5099 1273 5168 quippe
1321 5097 1483 5153 modo
1537 5097 1662 5151 licet
1711 5096 1921 5148 ratione
1954 5091 2258 5160 complecti,

704 5207 883 5262 neque
912 5191 1273 5246 substantiam
1303 5191 1450 5245 nullo
1480 5191 1795 5244 charactere
1825 5187 2124 5255 signatam,
2163 5197 2260 5236 ne—

705 5299 814 5354 que
839 5283 1068 5355 gloriam
1102 5297 1222 5352 quae
1246 5283 1362 5338 luce
1377 5291 1584 5345 careat,
1610 5297 1783 5350 neque
1803 5279 1967 5333 Deum
1997 5277 2264 5346 sapientia

707 5375 980 5439 orbatum,
1006 5390 1180 5444 neque
1202 5374 1448 5444 opiticem
1481 5375 1686 5442 absque
1718 5385 1902 5432 manu,
1932 5384 2104 5438 neque
2129 5368 2266 5436 prin-

711 5467 912 5537 cipium
941 5468 1170 5522 rationis
1207 5481 1400 5537 expers
1421 5505 1437 5530 ,
1482 5481 1656 5535 neque
1689 5464 1897 5517 Patrem
1967 5462 2084 5515 sine
2108 5459 2276 5513 Filio-

2329 3170 2428 3240 γὴν
2467 3169 2559 3222 τοῦ
2595 3168 2782 3237 λύχνου
2828 3164 2994 3218 εἰπὼν
3048 3164 3106 3216 τδ
3165 3163 3257 3215 καὶ
3291 3161 3525 3231 λάμπειν
3563 3159 3644 3210 τὸν
3685 3154 3834 3221 λύχνον

2332 3259 2662 3324 συνεδείξατο
2686 3297 2699 3320 ,
2736 3257 2828 3308 καλ¹
2870 3258 2898 3308 6
2944 3253 3018 3325 μὴ
3054 3247 3190 3305 εἶναι
3222 3249 3318 3320 τὴν
3387 3248 3551 3317 αὐγὴν
3583 3247 3732 3312 λέγων
3763 3241 3846 3308 τὴν.

2336 3352 2514 3404 σϐέσιν
2549 3349 2642 3401 τοῦ
2685 3347 3003 3418 φωτίζοντος
3053 3344 3442 3412 συνεσημανεν.
3493 3340 3641 3391 Ὥστε
3679 3336 3783 3388 ὃταν
3817 3333 3838 3382 ὁ

2334 3441 2460 3503 Υἱὸς
2490 3439 2562 3510 μὴ
2603 3436 2738 3492 εἶναι
2765 3439 3008 3508 λέγηται,
3037 3438 3128 3490 καὶ
3155 3438 3188 3505 ἡ
3216 3435 3304 3488 τοῦ
3350 3431 3557 3502 Πατρὸς
3588 3423 3840 3494 ἀνυπαρξίι

2336 3533 2453 3585 κατ’
2489 3530 2729 3600 ἀνάγκην
2757 3531 2817 3581 ὲκ
2851 3528 2941 3581 τοῦ
2977 3526 3266 3580 ἀκολούθου
3297 3519 3752 3582 κατασκευάζεται.
3795 3515 3852 3566 Εἰ.

2336 3623 2440 3692 γὰρ
2475 3621 2830 3690 συνημμένως
2859 3618 3049 3688 ἔχεται
3076 3617 3168 3670 τοῦ
3208 3615 3487 3685 ett-5906.16
3513 3613 3700 3682 ἕτερον,
3736 3606 3844 3659 κατὰ

2338 3715 2434 3785 τὴν
2468 3710 2824 3780 ἀποστολικὴν
2856 3709 3176 3780 μαρτυρίαν,
3211 3708 3302 3760 καὶ
3342 3708 3404 3760 τὸ
3441 3705 3748 3770 ἀπαύγασμα
3770 3696 3844 3762 τῆς

2340 3804 2514 3873 δόξης.
2542 3803 2634 3855 καὶ
2657 3803 2684 3854 ὁ
2713 3800 2992 3870 χαρακτὴρ
3026 3799 3122 3868 τῆς
3153 3797 3519 3858 ὑποστάσεως,
3549 3793 3635 3845 καὶ
3667 3792 3696 3858 ἡ
3724 3784 3848 3851 σοφία

2342 3897 2433 3949 τοῦ
2463 3894 2619 3959 Θεοῦ,
2654 3897 2682 3947 6
2721 3893 2780 3945 τὸ
2807 3892 2989 3962 ἕτερον
3016 3889 3122 3943 τῶν
3165 3887 3519 3957 συνημμένων
3551 3884 3618 3954 μὴ
3650 3875 3848 3933 εἷναιλέ-

2343 4005 2472 4056 γων,
2504 3989 2570 4057 τῇ
2601 3984 2694 4037 τοῦ
2734 3982 2848 4045 ἐνὸς
2886 3981 3157 4051 ἀναιρέσει
3185 3977 3458 4031 συνανεῐλε
3489 3975 3686 4032 πάντως
3711 3967 3786 4021 καὶ
3806 3963 3861 4014 τὸ.

2344 4078 2683 4147 λειπόμενονο
2715 4073 2851 4125 ὥστε
2881 4071 2974 4124 τοῦ
3011 4069 3438 4136 ἀπαυγάσματος
3475 4063 3545 4133 μὴ
3571 4061 3722 4120 ὄντος,
3755 4057 3851 4123 ὁμοσ

2346 4169 2613 4238 λογεῐσθαι
2649 4166 2724 4236 μὴ
2775 4161 2912 4216 εἶναι
2953 4161 3084 4231 μηδὲ
3114 4159 3212 4228 τὴν
3245 4153 3653 4223 ἀπαυγὰζουσαν
3687 4147 3844 4215 φύσιν,

2348 4261 2440 4313 καὶ
2476 4259 2569 4312 τοῦ
2608 4256 2947 4328 χαρακτῆρος
2989 4253 3064 4324 μὴ
3110 4251 3451 4320 ὑφεστῶτος,
3492 4247 3617 4316 μηδὲ
3658 4240 3742 4310 τὴν
3781 4251 3854 4328 χαί

2354 4349 2815 4424 ρακτηριζομὲνην
2879 4343 3012 4398 εἶναι
3075 4343 3395 4405 ὑπόστασιν,
3459 4337 3639 4406 σοφίας
3692 4331 3741 4382 δὲ
3775 4325 3858 4424 ,καὶ

2284 4451 2324 4502 D
2351 4442 2628 4510 δυνάμεως
2655 4436 2787 4490 Θεοῦ
2822 4436 2892 4506 μὴ
2918 4432 3103 4503 οὔσης,
3138 4430 3270 4500 μηδὲ
3301 4430 3502 4481 ἐκεῖνον
3541 4425 3732 4481 πάντως
3753 4411 3856 4466 εἶναι

2356 4515 2746 4602 ὁμολογεῖσθαι,
2783 4527 2870 4580 τὸν
2901 4525 3018 4594 δίχα
3067 4521 3254 4590 σοφίας
3286 4537 3344 4571 τε
3391 4519 3484 4571 καὶ
3515 4514 3762 4582 δυνάμεως
3793 4503 3856 4570 ἐφ’

2359 4622 2547 4676 ἑαυτοῦ
2580 4620 2654 4692 μὴ
2681 4618 2982 4688 νοούμενον.
3009 4617 3068 4667 Εἰ
3090 4610 3180 4666 οῦν
3200 4613 3298 4665 οὑκ
3321 4608 3390 4680 ἦν
3413 4613 3440 4662 6
3471 4602 3736 4679 μονογενὴς
3759 4597 3857 4692 θεὸς

2363 4716 2490 4783 πρὶν
2517 4682 2783 4781 γενέσθαι,
2807 4682 2993 4769 ’καθώς
3023 4723 3182 4774 φησιν
3215 4704 3242 4754 ὁ
3270 4703 3557 4770 Εὐνόμιοςο
3592 4688 3789 4783 Χριστὸς
3817 4682 3858 4783 5:5

2363 4806 2494 4859 Θεοῦ
2547 4805 2771 4872 δύναμις
2825 4800 2917 4853 καὶ
2957 4798 3090 4850 Θεοῦ
3140 4797 3330 4864 σοφία,
3371 4794 3462 4845 καὶ
3500 4782 3756 4872 χαρακξὴρ

2365 4897 2716 4964 ἀπαύγασμα·
2745 4893 2842 4944 οὐκ
2868 4887 2934 4960 ἦν
2963 4891 3173 4948 πάντως
3204 4885 3323 4938 οὑδὲ
3352 4886 3380 4936 6
3411 4880 3607 4947 Πατὴρ,
3641 4864 3694 4926 οὗ
3720 4871 3743 4920 ὁ
3766 4864 3858 4966 Υιὶξς

2366 4989 2590 5060 δύναμίς
2642 4991 2755 5040 ἐστι
2801 4985 2892 5038 καὶ
2927 4981 3105 5049 σοφία,
3151 4980 3243 5032 καλ⁸
3290 4973 3569 5047 χαρακτὴρ
3610 4966 3694 5019 καὶ
3729 4962 3888 5055 απαξ-ξ

2369 5096 2586 5151 γασμα’
2623 5080 2681 5132 οὐ
2714 5078 2820 5147 γὰρ
2847 5076 2990 5127 ἔστιν
3023 5071 3300 5140 ὲτῖινοῆσοιι
3330 5066 3404 5135 τῷ
3435 5066 3604 5132 λόγῳ,
3633 5055 3738 5108 οὔτε

2374 5189 2560 5227 στασιν
2608 5170 3099 5241 ἀχα-ρακτήριστον,
3146 5156 3523 5227 οῦτεάλαμπῆ
3573 5150 3740 5214 δόξειν⁸
3773 5151 3860 5241 cf":

2373 5269 2570 5336 ἄσοφον
2597 5265 2744 5326 Θεὸν,
2771 5264 2870 5314 οὐκ
2897 5260 3086 5328 ἄχειρα
3111 5252 3453 5324 δημιουργὸν,
3487 5248 3582 5300 οῦκ
3611 5243 3773 5306 ἄλογον

2376 5361 2502 5430 χὴν,
2532 5357 2629 5410 οὐκ
2678 5354 2878 5407 ἄπαιδα
2920 5349 3154 5419 Πατέρα.
3210 5344 3365 5397 Ἀλλὰ
3404 5343 3572 5394 πάντα
3603 5333 3662 5386 τὰ
3694 5334 3862 5417 rem?

2378 5451 2467 5503 ἐπί
2496 5467 2553 5501 τε
2583 5447 2688 5501 τῶν
2709 5441 3104 5514 ὁμολογούντων
3130 5437 3222 5489 καὶ
3245 5435 3334 5486 ἐπὶ
3355 5431 3458 5484 τῶν
3483 5420 3780 5514 ἀθετούντων
3801 5422 3862 5460 κα*

3684 5510 3732 5569 δς
3756 5505 3858 5556 ἀναι-

2378 5541 2622 5612 ἀλλήλοις
2660 5534 3121 5601 συναναφαίνεται.
3153 5528 3261 5581 Καὶ
3287 5525 3372 5577 διὰ
3396 5522 3490 5592 τῆς
3517 5515 3604 5570 τοῦ
3631 5515 3746 5612 ἐνδὶ
3756 5515 3855 5600 1‘”:

2383 5634 2580 5704 ρέσεως
2627 5630 2719 5683 καὶ
2760 5627 2819 5678 τὸ
2863 5622 3198 5692 συνημμένον
3235 5611 3653 5682 συναφανξξεται.
3692 5598 3865 5704 ἱεπειξῗ

2384 5684 2496 5704 r"'
2560 5684 2577 5695 σ
2981 5684 3011 5692 --
3043 5684 3054 5692 -
3796 5691 3816 5701 ,
3840 5687 3847 5699 ι

2383 5725 2556 5779 τοίνυν
2595 5716 3052 5781 κατασκευάζεται
3093 5711 3219 5782 παρ’
3255 5707 3426 5764 αὐτῶν
3473 5705 3528 5756 τίι
3564 5700 3630 5772 μὴ
3668 5684 3859 5746 εἶνα⁶ί¹²

716 5557 822 5614 Sed
847 5559 1028 5613 omnia
1053 5575 1171 5629 quae
1201 5567 1329 5615 sunt
1354 5557 1649 5629 ejusmodi,
1690 5564 1743 5610 et
1772 5555 1855 5610 his
1897 5553 1989 5622 qui
2038 5551 2272 5606 fatentur

716 5663 770 5706 ct
793 5652 884 5721 qui
917 5658 1300 5722 aspernantur,
1332 5652 1434 5708 sibi
1474 5650 1702 5706 invicem
1735 5647 1896 5704 simul
1918 5661 2040 5702 esse
2091 5644 2273 5699 deela-

725 5751 936 5797 rantnr.
973 5742 1030 5796 Et
1059 5760 1152 5814 per
1187 5746 1344 5801 Imius
1375 5744 1746 5822 sublatiorme
1791 5749 1842 5796 et
1868 5738 2013 5812 quod
2041 5735 2271 5806 conjun-
