4034 6486
285 353 385 410 789

1263 359 1538 415 CONTRA
1577 358 1964 425 EUROMIU‘M,
2019 359 2144 414 LIB.
2187 360 2314 416 VIII.

3403 361 3511 422 790

279 477 404 532 Υἱὸν
439 479 544 548 πρὸ
581 481 673 533 τοῦ
711 481 963 548 γενέσθαι
985 523 998 546 ,
1034 483 1061 534 ὃ
1122 484 1266 537 ἐστιν
1315 483 1652 554 ἀπαύγασμα
1687 483 1821 554 δόξῃ

1945 491 2092 534 ctum
2129 481 2176 535 ei
2213 481 2452 535 adhznret
2488 480 2648 535 simul
2688 482 2983 537 evanescit.
3037 481 3304 548 Quoniam
3349 483 3513 552 igitur

277 569 330 639 (ἡ
374 569 429 622 δὲ
482 569 796 624 ἀκολούθεια
839 575 1148 644 συναναιρεῖ
1186 577 1248 644 τῇ
1276 573 1368 627 τοῦ
1422 575 1846 642 άπαυγάσματος

275 660 579 734 ἀνυπᾳρξίᾳ
607 665 697 718 καὶ
728 665 825 734 τὴν
863 666 959 736 τῆς
995 665 1150 736 δόξης
1192 667 1466 734 άῖδιοτητα
1494 682 1506 694 ·
1556 665 1679 728 δόξα
1720 665 1774 716 δὲ
1819 667 1846 716 6

273 751 482 823 Πατὴρ,
501 754 620 811 ὅθεν
649 755 709 808 τὸ
733 759 1013 826 μονογενὲς
1042 758 1154 824 φῶς
1181 756 1550 828 ἀπηυγάσθη).
1571 757 1844 826 νοησάτω-

276 859 374 896 σαν
399 845 449 896 oi
480 847 722 917 περιττώ⁸
749 848 845 918 τὴν
884 849 1094 917 σοφίαν,
1124 850 1202 902 ὅτι
1244 849 1518 920 σύμμαχοι
1545 849 1654 900 τῶν
1692 850 1842 900 Ἑπι-

273 936 535 1005 κουρείων
567 937 848 1008 δογμάτων
881 940 1289 1011 ἀναπεφήνασιν
1312 982 1326 1004 ,
1373 943 1466 995 καὶ
1501 943 1841 1012 προσχήματι

271 1029 680 1099 χριστιανισμοῦ
735 1030 832 1100 τὴν
857 1029 1042 1085 ἁθεῖαν
1074 1032 1484 1102 πρεσϐεύοντες.
1515 1032 1714 1101 Διπλῆς
1741 1031 1844 1083 τοί·

269 1129 366 1166 νυν
403 1115 544 1167 κατά
575 1115 636 1168 τὸ
665 1117 954 1170 ἀκόλουθον
984 1121 1082 1190 τῆς
1114 1121 1337 1183 ἀτοπίας
1373 1121 1754 1190 ἁναφανείσης,
1805 1121 1836 1190 ἢ

268 1203 493 1258 καθόλου
521 1205 593 1278 μὴ
614 1203 750 1261 εἶναι
772 1210 861 1262 τὸν
886 1211 1016 1264 Θεὸν
1036 1211 1230 1279 λέγειν,
1256 1213 1286 1282 ἢ
1319 1213 1391 1284 μὴ
1414 1213 1659 1284 ἀνάρχως
1681 1207 1836 1276 εἶναι,

267 1293 568 1351 ὲλέσθωσαν
631 1299 690 1352 τὸ
721 1299 905 1354 δοκοῦν
945 1303 1010 1354 ἐκ
1045 1302 1150 1356 τῶν
1187 1304 1479 1371 φανέντων,
1512 1303 1543 1372 ἦ
1576 1301 1720 1356 ἄθεοι
1751 1301 1838 1353 λέ-

265 1386 478 1454 γεσθαι,
514 1390 546 1459 ἢ
587 1392 782 1462 μηκέτι
816 1393 1050 1463 ἄναρχον
1084 1389 1220 1446 εἶναι
1269 1393 1347 1463 τῷ
1395 1395 1567 1462 Πατρὶ
1605 1395 1702 1463 τὴν
1747 1394 1837 1445 οὑ-

266 1475 386 1528 σὶαν
437 1476 635 1544 λέγειν.
701 1479 860 1534 Ἀλλά
917 1483 1022 1553 μὴν
1077 1482 1297 1550 φεύγειν
1349 1484 1493 1546 εἰκὸς
1541 1483 1734 1545 αὐτοὺς
1777 1481 1837 1534 τὸ

262 1567 456 1630 ἀθέους
501 1569 834 1639 νομίζεσθαι.
891 1573 1098 1626 Οὐκοῦν
1148 1574 1422 1627 λείπονται
1469 1574 1528 1626 τὸ
1581 1574 1652 1644 μὴ
1697 1569 1834 1626 εἶναι

259 1656 431 1710 ἀΐδιον
465 1659 556 1712 τὸν
591 1659 722 1712 Θεὸν
763 1659 1210 1726 κατασκευάζειν.
1253 1662 1316 1714 Εἰ
1363 1661 1418 1714 δὲ
1457 1660 1613 1713 τοῦτο
1654 1662 1686 1730 ἡ
1725 1657 1834 1713 τῶν

259 1748 684 1818 ἀποδειχθέντων
714 1751 1030 1804 άκολούθεια
1065 1751 1476 1821 συναναγκάζει,
1501 1751 1608 1814 ¹ποῦ
1639 1752 1694 1804 αἱ
1721 1768 1834 1803 ποι-

1950 571 2016 625 ab
2055 573 2186 641 ipsis
2215 571 2384 627 Filius
2421 589 2526 626 non
2555 587 2678 628 esse
2707 573 2972 626 astruitur
3001 575 3314 643 priusquam
3363 577 3511 646 geni-

1949 673 2034 717 tus
2074 672 2256 730 esset,
2305 665 2398 734 qui
2445 673 2526 719 est
2573 665 2756 734 gloria:
2800 665 3052 734 splendor
3086 667 3510 735 (consequentia

1953 763 2130 809 autem
2167 757 2326 810 simul
2357 773 2476 809 eum
2508 757 2812 824 splendoris
2844 759 3300 812 non-easistentia
3368 760 3510 812 tollit

1944 846 2106 898 etiam
2141 846 2712 915 gloriae-mternitatem
2741 863 2755 911 ;
2801 845 2968 914 gloria
3003 855 3178 900 autem
3213 855 3294 901 est
3325 846 3506 911 Pater,

1945 938 2088 991 unde
2123 939 2400 1007 unigenita
2431 939 2514 990 lux
2551 935 3252 1006 resplenduit).intelligant
3280 939 3364 992 isti
3415 938 3506 1008 qui

1943 1033 2208 1100 sapientia
2248 1033 2587 1094 exuberant,
2632 1044 2690 1083 se
2735 1028 3120 1097 Epicureorum
3164 1030 3506 1084 decretorum

1941 1130 2203 1190 patronos
2233 1128 2284 1174 et
2313 1119 2628 1174 defensores
2657 1118 2976 1173 manifestos
2997 1136 3136 1184 esse,
3168 1129 3221 1174 et
3251 1121 3506 1176 christia-

1943 1211 2106 1264 nismi
2144 1219 2410 1280 praetextu
2443 1225 2504 1262 ac
2538 1210 2719 1278 specie
2751 1207 3093 1282 atheiam(id
3135 1219 3218 1264 est
3263 1211 3506 1279 impieta-

1943 1311 2078 1367 tem,
2134 1303 2246 1354 sive
2293 1301 2390 1354 Dei
2435 1300 3128 1370 abnegatiouem)asserere.
3163 1301 3300 1354 Cum
3337 1303 3505 1372 igitur

1943 1395 2013 1446 sit
2043 1391 2243 1462 duplex
2276 1408 2340 1447 ex
2365 1393 2750 1447 consecutione
2775 1391 3143 1445 demonstrata
3170 1394 3501 1459 absurditas,

1944 1485 2026 1538 vel
2053 1485 2276 1538 omnino
2299 1483 2465 1538 Deum
2493 1499 2602 1536 non
2633 1499 2758 1538 esse
2816 1492 2872 1536 ut
2901 1484 3108 1548 dicant,
3141 1485 3222 1538 vel
3255 1502 3358 1540 non
3383 1503 3505 1540 esse

1936 1577 2140 1645 absque
2173 1576 2482 1646 principio:
2521 1577 2664 1645 quod
2704 1592 2768 1630 ex
2803 1577 2885 1630 his
2931 1576 3214 1632 manifeste
3257 1579 3501 1648 probatis

1936 1669 2070 1736 ipsis
2109 1667 2383 1723 videbitur
2427 1668 2662 1737 eligant,
2705 1667 2786 1720 vel
2829 1677 2888 1720 ut
2930 1667 3226 1722 divinitatis
3274 1671 3504 1739 abnega-

1936 1767 2080 1815 tores
2121 1760 2399 1824 dicantur,
2435 1762 2519 1814 vel
2546 1771 2603 1815 ut
2630 1777 2736 1814 non
2766 1761 2996 1829 amplius
3021 1763 3310 1816 essentiam
3355 1763 3502 1832 prin-

263 1839 412 1893 κίλαι
446 1842 538 1894 καὶ
573 1841 830 1913 άστροφοι
858 1843 963 1896 τῶν
989 1843 1268 1912 ὀνομάτων
1304 1841 1688 1912 ἀντιστροφαίς
1719 1841 1821 1894 Ποῦ

1930 1850 2072 1918 cipio
2095 1859 2370 1905 carentem
2401 1851 2546 1904 Patri
2572 1867 2690 1905 esse
2720 1852 3000 1906 allirmcnt.
3046 1851 3333 1906 Enimvero
3362 1852 3501 1906 veri-

261 1933 298 2002 ἠ
330 1932 610 2001 ἀμήχανος
637 1933 744 1986 τῶν
786 1933 1156 2004 συλλογισμῶν
1204 1934 1436 2004 ἀνάγκη,
1480 1934 1566 1987 διὰ
1611 1934 1710 2004 τῆς
1741 1932 1832 1986 τοῦ

259 2023 556 2092 ἁγεννήτου
599 2023 736 2094 πρὸς
776 2024 836 2076 τὺ
863 2026 1117 2096 γεννηιτὸν
1143 2025 1424 2095 διαστολῆς
1448 2025 1545 2088 τὰς
1570 2025 1834 2098 γραώδεις

257 2114 430 2178 ἀκοὰς
465 2114 796 2186 περιϐομϐοῢ
805 2133 870 2170 σα
893 2134 906 2181 ;

1930 1942 2108 1996 simile
2156 1950 2240 1997 est
2280 1943 2428 2010 ipsos
2477 1942 2664 2014 fugere
2713 1941 2803 1998 Dei
2859 1956 3140 2014 negatores
3173 1945 3494 2000 existimari.

1935 2031 2221 2103 Reliquum
2263 2042 2348 2088 est
2387 2034 2551 2104 igitur
2583 2049 2681 2090 cos
2720 2043 2966 2090 astruere
3017 2036 3182 2090 Deum
3221 2051 3328 2091 non
3377 2051 3498 2092 esse

1932 2130 2215 2180 aeternum.
2263 2121 2416 2188 Quod
2468 2123 2513 2176 si
2577 2122 2678 2177 hoc
2724 2139 2910 2177 eorum
2961 2139 3080 2193 qua:
3128 2123 3498 2179 demonstrata

257 2217 388 2262 sunt
410 2211 797 2280 consequentia
825 2211 968 2280 cogit
999 2211 1333 2275 necessario,
1361 2212 1450 2265 ubi
1483 2211 1646 2267 variae
1675 2219 1728 2266 et
1750 2211 2016 2270 irretorta:
2047 2221 2327 2272 nominum
2371 2217 2670 2284 reciproca:
2733 2218 3158 2273 conversiones?
3221 2217 3312 2272 ubi
3381 2217 3499 2271 ine-

253 2301 534 2359 luctabilis
577 2303 1014 2374 syllogismorum
1061 2305 1398 2368 necessitas,
1445 2319 1542 2375 per
1600 2305 1828 2376 ingeniti
1870 2321 1990 2360 cum
2031 2309 2214 2378 genito
2247 2307 2606 2370 diﬂ'erentiam
2641 2307 2846 2362 circum
2877 2310 3048 2364 aniles
3109 2320 3268 2362 aures
3346 2308 3499 2362 bom-

251 2395 474 2452 hilaris?

338 2491 498 2545 Ἀλλά
534 2491 834 2563 ταῦταμὲν
865 2495 944 2557 είς
984 2493 1256 2548 τοσοῦτον.
1298 2493 1488 2559 Καλῶς
1531 2496 1576 2548 δ’
1622 2496 1687 2549 ἂν
1719 2495 1832 2566 ἔχει,

255 2580 394 2652 μηδὲ
421 2582 482 2634 τὸ
511 2583 706 2654 ἑφεξῆς
743 2585 987 2656 παριδεῖν
1025 2585 1380 2651 ἀνεξέταστον
1403 2603 1417 2616 ο
1445 2587 1737 2640 σιωπάσθω
1769 2587 1826 2640 δὲ

250 2673 323 2726 τὰ
343 2673 433 2727 διά
462 2674 627 2742 μέσου
657 2674 906 2744 παίγνια,
938 2675 1018 2740 οἷς
1051 2677 1080 2728 ὁ
1109 2676 1279 2740 δεινὸς
1308 2671 1464 2740 οὗτος
1493 2679 1674 2749 ῥήτωρ
1711 2695 1826 2746 μει-

253 2765 533 2838 ρακιωδῶς
555 2765 926 2836 ἐναϐρύνεται,
977 2769 1084 2820 εἴτε
1111 2769 1317 2832 παίζων
1338 2811 1352 2832 ,
1377 2769 1484 2820 εἴτε
1517 2768 1826 2832 σπουδάζων

251 2859 316 2910 ὲν
346 2859 466 2919 ταῖς
491 2857 612 2914 καθ’
641 2857 796 2928 ἡμῶν
824 2857 1130 2928 λοιδορίαις,
1152 2858 1224 2922 ὡς
1251 2859 1338 2912 διὰ
1359 2860 1546 2912 τούτου
1567 2859 1826 2929 κρείττων

247 2949 398 3002 κατά
449 2950 538 3001 τὸν
573 2949 726 3018 λόγον
775 2951 1048 3020 ἐσόμενος.
1091 2949 1166 3004 Οὐ
1211 2951 1318 3020 γὰρ
1350 2951 1420 3021 δὴ,
1466 2949 1707 3020 βιάσεταί
1743 2967 1826 3014 τις

247 3043 421 3112 ἡμᾶς,
464 3041 638 3110 ἢτοῖς
681 3043 851 3108 λοξοῖς
877 3043 944 3095 τὰ
992 3044 1212 3112 δμματα
1255 3041 1685 3111 συνδιαστρέφειν
1726 3039 1824 3103 τὰς

245 3133 474 3204 ﬁdem?)
497 3137 607 3198 τοῖς
625 3134 726 3188 ὑπὸ
744 3135 1022 3203 δαιμονίας
1043 3134 1196 3186 νόσου
1219 3131 1676 3203 παραπεπληγόσι
1695 3149 1818 3184 συν-

246 3225 752 3297 διαπρεὸλοῦσθαι,
791 3224 1199 3294 συνεξάλλεσθαι
1231 3223 1319 3275 καὶ
1360 3224 1818 3291 συγκαταπίπτειν

244 3319 331 3388 τῷ
375 3316 604 3386 σώματι.
655 3316 791 3368 Ἀλλ’
831 3317 1070 3378 ἐκείνους
1103 3315 1198 3386 μὲν
1225 3315 1536 3386 ὲλεήσομεν,
1577 3317 1734 3384 ἡμεῖς
1764 3314 1820 3366 δὲ

243 3407 344 3460 τοῦ
363 3405 756 3473 καθεστηκότος
777 3407 876 3459 οὐκ
897 3405 1288 3476 ἐκστησόμεθα.
1313 3406 1447 3475 Φησὶ
1465 3405 1640 3458 τοίνυν
1664 3405 1820 3473 στρέ-

244 3499 358 3567 ψας
389 3498 525 3569 πρὸς
553 3497 644 3550 τὸν
673 3497 986 3550 διδάσκαλον
1023 3495 1178 3566 ἡμῶν
1216 3497 1305 3549 τὸν
1339 3499 1394 3548 ἐν
1430 3496 1504 3566 τῷ
1539 3485 1816 3566 πράγματι

247 3590 406 3658 λόγον
427 3631 440 3655 ,
465 3591 539 3652 ὡς
563 3589 625 3660 δὴ
660 3589 799 3642 κατά
829 3588 1116 3659 πρόσωπον
1147 3587 1242 3656 τὴν
1280 3581 1454 3656 μάχην
1483 3587 1814 3654 ποιούμενος,

247 3683 330 3735 ὅτι
349 3684 458 3745 τοῖς
487 3681 633 3744 ἰδίοις
659 3681 838 3751 ἀλώσῃ
864 3681 1100 3750 πτεροῖς.
1137 3678 1371 3732 Ἐκείνου
1399 3679 1500 3747 γάρ
1518 3678 1818 3747 εἰρηκότος,

246 3775 310 3828 τὸ
339 3773 502 3828 καλὸν
533 3773 618 3826 ἀεὶ⁹
648 3775 898 3843 παρεῖναι
929 3769 1004 3839 τῷ
1031 3769 1122 3822 ἐπὶ
1153 3769 1366 3821 πάντων
1394 3767 1531 3837 Θεῷ,
1567 3768 1726 3820 καλὸν
1761 3767 1816 3819 δὲ

243 3867 310 3920 τὸ
342 3866 582 3918 τοιούτου
633 3864 817 3926 παιδὸς
853 3859 991 3914 εἶναι
1038 3861 1242 3932 πατέρα
1265 3879 1276 3889 ⁸
1323 3859 1516 3911 οὐκοῦν
1551 3860 1815 3929 μηδέποτε

242 3957 310 4014 τὸ
347 3957 508 4010 καλὸν
532 3958 748 4009 ἀπεῖναι
780 3955 966 4016 αὑτοῦ,
1005 3953 1138 4022 μηδὲ
1169 3952 1294 4005 ἄνευ
1327 3949 1455 4003 Υίοῦ
1483 3951 1571 4002 τὸν
1605 3952 1816 4021 Πατέρα

247 4047 510 4116 θελῆσαι·
540 4044 842 4113 θελήσαντα
871 4043 927 4094 δὲ
962 4041 1034 4112 μὴ
1068 4041 1415 4109 άδυνατῆσαι,
1443 4040 1734 4106 δυνάμενον
1759 4039 1814 4090 δὲ

243 4139 341 4196 καὶ
371 4135 718 4206 βουλόμενον,
762 4135 820 4186 ὲν
867 4132 944 4202 τῷ
994 4134 1131 4186 κατὰ
1173 4131 1395 4202 γνώμην
1439 4130 1576 4184 εἶναι
1609 4132 1700 4182 καὶ
1731 4131 1815 4182 ἀεὶ

243 4228 387 4296 ἔχειν
431 4227 523 4280 τὸν
561 4225 717 4286 Υἱὸν,
746 4223 835 4277 διὰ
876 4223 936 4275 τὸ
975 4225 1061 4278 άεί
1095 4223 1268 4277 θέλειν
1305 4224 1369 4276 τὸ
1406 4223 1634 4292 ἀγαθόν·
1680 4223 1814 4291 πρὸς

240 4320 402 4372 τοῦτο
428 4319 536 4389 γὰρ
559 4320 592 4388 ἡ
624 4317 830 4372 διάνοια
867 4316 973 4370 τῶν
1003 4316 1104 4369 ὑπὸ
1127 4313 1446 4387 τοῦπατρὸς
1479 4314 1632 4385 ἡμῶν
1665 4317 1814 4384 εἰρη-

244 4409 423 4477 μένων
459 4406 646 4476 βλέπει
669 4424 682 4437 ·
711 4406 884 4460 ταῦτα
904 4407 1268 4478 προδιασύρας
1291 4409 1318 4460 6
1347 4407 1605 4477 Εὐνόμιος
1625 4408 1687 4458 ἐκ
1715 4406 1813 4479 τῆς

2004 2491 2108 2550 Sed
2134 2493 2246 2549 bzec
2276 2493 2561 2548 hactenus.
2597 2493 2786 2564 Opera:
2811 2495 3042 2566 pretium
3079 2500 3260 2547 autem
3286 2491 3498 2546 videre-

1925 2594 2032 2650 tur,
2068 2586 2210 2655 quod
2240 2586 2497 2655 deinceps
2527 2586 2775 2654 sequitur
2809 2601 2916 2639 non
2950 2585 3318 2639 indiseussum
3355 2598 3496 2652 prae-

1931 2679 2110 2732 terire.
2142 2675 2246 2730 Sed
2279 2677 2483 2730 ludicra
2522 2677 2808 2746 interjecta
2847 2675 3065 2730 silentio
3129 2674 3494 2740 involvantur,

1924 2767 2124 2836 quibus
2165 2767 2250 2822 hic
2289 2767 2578 2822 vehemens
2613 2777 2800 2821 orator
2841 2765 3160 2836 juveniliter
3215 2765 3491 2827 exsultat,

1929 2861 2043 2914 sive
2068 2859 2280 2927 jocans,
2312 2860 2426 2914 sive
2449 2859 2590 2912 serio
2607 2873 2773 2928 agens
2805 2859 2857 2911 in
2880 2857 3358 2912 conviciiscontra
3381 2870 3482 2910 nos

1929 2950 2216 3020 conjectis,
2250 2950 2406 3020 quasi
2444 2965 2539 3018 per
2563 2949 2677 3004 ha’c
2723 2949 2933 3004 ratione
2971 2949 3221 3018 superior
3253 2948 3490 3002 futurus.
3551 2987 3556 2994 .

1927 3041 2120 3096 Nullus
2151 3042 2296 3095 enim
2334 3041 2380 3094 vi
2407 3057 2507 3095 nos
2531 3041 2748 3111 adiget,
2792 3056 2914 3094 cum
2967 3041 3107 3095 limis
3157 3048 3212 3094 et
3257 3040 3494 3110 obliquis

1925 3134 2114 3186 oculos
2149 3131 2330 3187 itidem
2370 3142 2728 3201 extorquere,
2779 3132 2862 3186 vel
2906 3147 3026 3185 cum
3071 3131 3262 3186 morbo
3289 3131 3490 3186 daemo-

1921 3225 2077 3278 niaco
2109 3225 2378 3294 perculsis
2405 3225 2568 3280 simul
2599 3225 2886 3295 exagitari,
2920 3241 3025 3277 una
3058 3225 3258 3278 saltare
3287 3233 3340 3277 et
3370 3239 3494 3278 cor-

1920 3327 2050 3384 pore
2083 3311 2390 3366 concidere.
2427 3311 2537 3366 Sed
2560 3311 2780 3365 illorum
2819 3313 3038 3381 quidem
3081 3311 3488 3376 miserebimur,

1921 3415 2021 3455 nos
2051 3410 2230 3456 autem
2268 3399 2335 3455 de
2368 3401 2670 3471 composito
2704 3402 2902 3457 mentis
2934 3409 3076 3456 statu
3113 3417 3224 3457 non
3251 3403 3491 3458 dimove-

1919 3493 2120 3547 bimur.
2155 3494 2246 3546 Ait
2293 3493 2456 3563 igitur
2498 3495 2553 3548 in
2603 3494 2923 3564 magistrum
2959 3501 3204 3548 nostrum
3241 3509 3490 3550 sermone

1919 3601 2202 3646 converso,
2227 3584 2384 3652 quasi
2419 3584 2597 3654 reipsa
2631 3593 2826 3640 contra
2859 3599 3146 3654 personam
3177 3585 3486 3650 decertans,

1917 3677 2060 3744 quod
2115 3678 2350 3746 propriis
2405 3677 2600 3746 pennis
2646 3687 2842 3748 captus
2895 3679 2986 3732 sit.
3035 3681 3170 3732 Cum
3220 3679 3491 3732 enimille

1917 3769 2164 3832 dixisset,
2201 3769 2344 3839 quod
2379 3772 2670 3839 pulchrum
2707 3779 2790 3826 est
2819 3772 2934 3826 sive
2954 3771 3241 3826 honestum
3273 3786 3491 3841 semper

1918 3860 2108 3914 adesse
2141 3859 2283 3924 Deo,
2323 3861 2416 3929 qui
2457 3863 2616 3915 estin
2643 3863 2917 3922 omnibus.
2955 3861 3275 3929 praeclarum
3304 3871 3486 3913 autem

1917 3953 2032 4005 sive
2071 3951 2362 4007 honestum
2400 3953 2523 4006 talis
2555 3953 2654 4006 ﬁlii
2685 3968 2806 4008 esse
2849 3963 3054 4022 patrem
3087 3971 3099 4005 :
3131 3951 3296 4022 igitur
3343 3967 3487 4005 nun-

1916 4058 2075 4111 quam
2120 4045 2410 4100 honestum
2456 4046 2650 4100 abesse
2695 4043 2761 4098 ab
2797 4043 2917 4114 ipso
2944 4083 2957 4106 ,
2993 4059 3167 4112 neque
3202 4044 3320 4098 sine
3347 4041 3488 4097 Filio

1915 4135 2130 4190 Patrem
2160 4151 2283 4192 esse
2305 4139 2546 4194 voluisse
2581 4155 2598 4192 :
2633 4138 2904 4192 volentem
2933 4145 3110 4190 autem
3150 4151 3256 4190 non
3311 4137 3486 4206 impo-

1917 4235 2113 4282 tentem
2137 4227 2304 4282 l'uisse
2330 4270 2345 4293 ,
2392 4227 2490 4284 sed
2533 4235 2808 4298 potentem
2849 4237 2903 4283 et
2934 4227 3203 4281 volentem
3253 4227 3363 4282 voti
3397 4226 3486 4280 sui

1916 4330 2218 4392 compotem
2279 4337 2437 4386 esse,
2480 4338 2802 4392 semperque
2857 4323 3056 4378 habere
3083 4320 3314 4384 Filium,
3356 4323 3486 4391 quia

1916 4427 2127 4482 semper
2155 4414 2267 4466 vult
2309 4415 2552 4468 bonum:
2585 4415 2652 4468 ad
2705 4414 2808 4468 hoc
2851 4414 2994 4468 enim
3046 4429 3234 4467 eorum
3282 4429 3402 4482 quae
3453 4427 3484 4466 a

239 4498 442 4566 ἔξωθεν
496 4498 684 4566 σοφίας
717 4499 1140 4568 ὲπεισαχθέντα,
1194 4499 1444 4569 τοιαύτην
1495 4498 1614 4551 τινὰ
1656 4499 1810 4569 ῥῆσιν

1924 4514 2070 4574 patre
2101 4515 2290 4560 nostro
2335 4506 2479 4559 dicta
2531 4514 2660 4560 sunt
2713 4505 2887 4560 tendit
2935 4505 3318 4576 intelligentia:
3371 4506 3484 4560 IIiBC

169 4575 180 4584 Σ
237 4590 378 4662 πρὸς
431 4590 740 4661 ἀνατροπὴν
777 4589 882 4642 τῶν
931 4589 1233 4660 εἰρημένων
1284 4589 1674 4660 προϐάλλεται,
1721 4589 1814 4641 καί

239 4699 395 4752 φησι,
427 4683 521 4748 Τίς
535 4680 832 4754 γεννήσῃς
856 4681 1102 4748 λέγοντός
1135 4697 1274 4744 τινος
1302 4681 1408 4733 τῶν
1433 4684 1542 4743 τοῖς
1556 4681 1816 4742 τοιούτοις

235 4773 419 4842 λόγοις
457 4773 1004 4844 ὲμμεμελετηκότωνο
1043 4773 1229 4842 ὥσπερ
1259 4774 1416 4843 εἴπερ
1464 4775 1524 4826 τὸ
1561 4776 1814 4844 δημιουρ-

235 4869 355 4934 γεῖν
386 4864 548 4918 καλὸν
597 4866 688 4918 καὶ
726 4867 930 4938 πρέπον
961 4864 1078 4934 Θεῷ
1097 4905 1111 4927 ,
1141 4865 1256 4927 πῶς
1286 4866 1383 4918 οὐκ
1418 4866 1634 4936 ἀνάρχῳ
1663 4865 1811 4936 αὐτῷ

233 4959 296 5010 τὸ
325 4957 486 5010 καλὸν
521 4957 614 5010 καὶ
654 4957 862 5028 πρέπον
896 4959 1094 5027 παρῆν,
1139 4957 1296 5028 εἴπερ
1321 4959 1550 5028 ἄναρχος
1580 4959 1608 5010 6
1639 4957 1805 5021 Θεός;

233 5047 344 5104 Καὶ
369 5047 540 5102 ταῦτα
577 5049 713 5120 μήτε
751 5048 970 5117 ἀγνοίας
996 5047 1328 5116 κωλυούσης,
1365 5050 1499 5120 μήτε
1527 5048 1808 5112 ἀσθενείας

233 5139 654 5209 ἐμποδιζούσης,
699 5141 732 5210 ἢ
765 5141 897 5210 πρὸς
949 5141 1010 5192 τὸ
1056 5141 1402 5211 δημιουργεῖν
1435 5141 1680 5212 ἡλικίας,
1715 5143 1806 5194 καὶ

231 5231 338 5282 ὅσα
375 5233 729 5301 συμφορήσας
772 5231 954 5294 κακῶς
991 5231 1198 5301 σεαυτῷ
1248 5233 1544 5302 κατέχεας·
1586 5233 1645 5285 ού
1698 5233 1804 5303 γὰρ

231 5321 300 5392 δὴ
326 5320 420 5374 τοῦ
455 5321 589 5374 Θεοῦ
625 5320 780 5392 θέμις
811 5324 1000 5375 εἰπεῖν.
1035 5325 1096 5374 ΕΞ
1130 5323 1225 5394 μὲν
1249 5319 1341 5376 οὖν
1366 5319 1432 5393 ἦν
1459 5325 1677 5378 δυνατὸν
1704 5325 1801 5377 αὑ-

227 5413 324 5467 τὸν
361 5412 451 5464 τὸν
476 5413 790 5467 διδάσκαλον
825 5414 960 5484 πρὸς
990 5415 1049 5468 τὸ
1077 5415 1346 5486 ἐρωτηθὲν
1381 5416 1797 5486 ἀποκρίνασθαι,

227 5505 432 5570 ἔδειξεν
461 5503 526 5559 ἂν
552 5504 630 5575 τῷ
655 5505 920 5575 Εὑνομίῳ,
952 5507 1034 5570 τίς
1078 5506 1143 5561 ἂν
1172 5508 1402 5575 ἐγένετο,
1441 5507 1620 5572 καθὼς
1651 5503 1800 5572 οὗτος

225 5592 480 5664 ἠρώτησε
516 5594 604 5647 διά
645 5598 742 5665 τῆς
769 5596 1145 5651 θεοπαιδεύτου
1180 5597 1422 5667 γλώττης
1442 5639 1456 5664 ,
1482 5595 1543 5650 τό
1567 5615 1626 5652 τε
1661 5597 1798 5650 θεῖον

225 5689 584 5746 ἐκκαλύπτων
628 5689 922 5759 μυστήριον
945 5730 957 5752 ,
992 5692 1082 5743 καὶ
1120 5691 1392 5760 μαστίζων
1421 5693 1530 5753 τοῖς
1561 5691 1798 5761 ἐλέγχοις

225 5783 354 5844 τοὺς
386 5781 480 5851 τῆς
513 5781 727 5850 ἀπάτης
765 5780 1089 5851 προστάτας,
1118 5783 1254 5840 ὥστε
1293 5785 1518 5856 φανερὸν
1551 5785 1795 5852 γενέσθαι

1918 4591 2216 4652 Eunomius
2250 4599 2398 4666 prius
2429 4598 2722 4653 traducens
2751 4607 2805 4652 et
2833 4613 3060 4665 carpens
3081 4640 3094 4662 ,
3146 4600 3368 4652 advecta
3415 4613 3482 4652 ex

1915 4685 2179 4754 sapientia
2233 4693 2490 4752 externa,
2539 4688 2722 4744 talem.
2751 4686 3041 4756 quamdam
3079 4685 3372 4742 dictionem
3413 4687 3478 4740 ad

1911 4776 2248 4831 eversionem
2289 4791 2474 4831 eorum
2502 4793 2622 4846 qua:
2650 4778 2794 4832 dicta
2821 4786 2946 4833 sunt
2983 4777 3255 4847 proponit,
3281 4785 3332 4832 et
3358 4777 3432 4829 ait
3461 4795 3477 4830 :

1913 4869 2043 4932 Quis
2095 4869 2542 4941 generabit?(cum
2579 4869 2807 4928 dixisset
2845 4871 3043 4940 aliquis
3073 4886 3262 4925 eorum
3297 4871 3388 4939 qui
3423 4871 3478 4924 in

1909 4961 2112 5015 talibus
2165 4964 2511 5016 sermonibus
2557 4964 2839 5016 exercitati
2893 4963 3476 5032 sunt:),quemadmo-

1908 5051 2058 5118 dum,
2097 5052 2366 5122 siquidem
2398 5051 2635 5107 condere
2667 5061 2719 5107 et
2753 5069 2939 5106 creare
2968 5053 3255 5106 honestum
3288 5063 3340 5105 et
3368 5051 3477 5106 Deo

1907 5141 2166 5197 decorum
2186 5151 2298 5196 est:
2330 5160 2439 5212 quo
2471 5145 2630 5197 modo
2663 5145 2762 5214 ipsi
2800 5145 3012 5212 origine
3043 5142 3251 5196 carenti
3302 5143 3476 5196 hone-

1906 5246 2044 5288 stum
2092 5245 2145 5288 et
2191 5237 2393 5290 decens
2431 5253 2538 5290 non
2579 5238 2796 5296 aderat,
2845 5235 3110 5304 siquidem
3166 5234 3376 5304 origine
3423 5243 3478 5290 et

1909 5327 2174 5396 principio
2213 5339 2362 5382 caret
2396 5327 2582 5382 Deus?
2611 5327 2749 5396 Ergo
2782 5330 2944 5396 etiam
2993 5329 3105 5381 lucc
3133 5343 3250 5397 qute
3277 5337 3460 5382 creata

1905 5427 2054 5481 sunt,
2089 5435 2209 5472 cum
2239 5435 2414 5489 neque
2447 5421 2750 5487 ignorantia
2783 5421 2854 5474 sit
2882 5435 3002 5488 quae
3041 5419 3346 5487 prohibeat,
3388 5435 3475 5473 ne-

1900 5527 2006 5580 que
2035 5511 2320 5567 inﬁrmitas
2341 5511 2736 5581 quaaimpediat
2759 5511 2840 5564 vel
2862 5519 2994 5566 tetas
3017 5512 3083 5565 ad
3115 5512 3468 5581 operandum,

1905 5617 1958 5663 et.
2007 5624 2344 5678 quaicunque
2390 5623 2690 5676 eongerens
2731 5608 2868 5660 male
2921 5609 2974 5660 in
3019 5617 3072 5662 te
3125 5608 3300 5676 ipsum
3335 5607 3470 5666 etin:

1899 5701 2024 5754 disti
2049 5719 2063 5766 ;
2093 5716 2216 5754 nam
2257 5701 2308 5753 in
2344 5699 2533 5760 Deum,
2571 5700 2752 5754 dicere
2785 5698 2959 5754 nefas.
2995 5699 3050 5752 Si
3081 5701 3244 5768 igitur
3280 5705 3468 5766 posset

1903 5791 2160 5861 magiStcr
2189 5789 2253 5844 ad
2283 5777 2673 5860 interrogatum
2709 5792 3057 5860 respondere,
3091 5789 3358 5845 Eunomio
3384 5803 3469 5841 os-
