4034 6504
622 325 719 385 73!

1840 328 1895 381 S.
1935 327 2255 383 GREGORII
2289 326 2578 382 NYSSEN!

3698 332 3782 388 τεν

621 443 893 504 tenderet,
921 443 1044 512 quis
1085 440 1299 510 genitus
1327 447 1446 506 est,
1486 441 1626 496 sicut
1674 440 1763 495 hic
1813 441 2165 510 interrogavit

2270 442 2432 492 πᾶσιν
2453 441 2574 492 ὅσον
2604 438 2662 492 τδ
2688 440 2849 510 μέσον
2876 439 2990 492 ἐστὶ
3022 439 3222 510 μεταξῦ
3246 439 3482 493 διακόνου
3511 447 3781 513 μυστηρίων

617 550 714 606 per
739 533 972 603 linguam
1006 550 1034 584 a
1076 531 1184 584 Deo
1214 531 1508 592 eruditam,
1557 538 1612 584 et
1643 540 1772 584 tunc
1804 529 2044 584 divinum
2081 543 2170 583 re-

617 625 802 678 velans
834 611 1173 694 mysterium.
1207 630 1260 676 et
1287 620 1700 676 ret‘utationihus
1728 620 2004 691 ﬁagellans
2028 634 2172 674 erro-

618 717 695 774 ris
717 715 996 786 praesides,
1022 721 1082 767 ut
1119 712 1372 781 omnibus
1405 715 1475 765 sit
1521 712 1864 766 manifestum
1908 720 2168 782 quantum

617 809 832 865 intersit
862 809 1003 868 inter
1037 807 1346 860 ministrum
1395 804 1776 874 mysteriorum
1824 801 2065 865 Christi,
2117 810 2170 856 et

615 899 840 952 mimum
875 897 1188 960 ridiculum,
1225 896 1306 948 vel
1347 894 1583 949 ﬁctorem
1609 909 1869 952 novorum
1899 902 1952 948 et
1982 893 2167 964 prodi-

616 989 894 1056 giosorum
944 987 1291 1056 placitorum.
1341 985 1446 1039 Sed
1480 985 1736 1052 quoniam
1778 985 1866 1038 ille
1909 983 2124 1052 quidem
2151 1023 2166 1046 ,

615 1080 846 1136 sicutait
871 1080 1180 1148 Apostolus.
1203 1086 1450 1132 mortuus
1480 1077 1584 1132 Deo
1611 1078 1868 1145 loquitur,
1905 1077 1992 1132 hic
2019 1093 2166 1139 vero,

614 1177 872 1237 tanquam
904 1184 1011 1221 non
1041 1169 1111 1221 sit
1136 1168 1227 1236 qui
1253 1165 1612 1230 contradicat,
1639 1166 1762 1219 talia
1791 1164 2035 1235 projicit:
2064 1167 2166 1220 etsi

612 1268 800 1314 nostra
841 1258 1123 1328 responsio
1161 1257 1346 1311 Basilii
1383 1255 1562 1326 magni
1595 1271 1778 1309 vocem
1825 1271 1930 1308 non
1972 1266 2166 1324 mquet,

611 1351 971 1406 nihilominus
1004 1352 1116 1405 haec
1150 1350 1215 1403 ad
1253 1365 1492 1420 prresens
1541 1349 1899 1417 interroganti
1944 1363 2170 1416 respon-

613 1439 888 1503 debimus,
917 1438 1060 1510 quod
1092 1437 1282 1496 Sermo
1309 1447 1456 1501 tuus,
1481 1453 1639 1508 quem
1673 1439 1736 1491 ad
1764 1439 2169 1492 subversionem

613 1537 921 1584 nostrorum
966 1531 1178 1597 prol'ers
1226 1543 1534 1583 sermonum
1567 1569 1582 1594 ,
1628 1529 1744 1598 ipse
1792 1537 2022 1583 testatur
2069 1544 2170 1586 nos

609 1634 738 1674 vera
760 1619 942 1674 dicere
967 1621 1022 1674 in
1055 1620 1122 1675 iis
1171 1620 1224 1674 in
1268 1620 1465 1689 quibus
1517 1619 1809 1689 impietatis
1844 1629 1948 1675 tua:
1976 1621 2169 1692 dogma

609 1711 929 1768 refellimus.
954 1709 1136 1781 Neque
1160 1713 1301 1767 enim
1327 1711 1471 1766 aliud
1494 1727 1594 1766 nos
1621 1720 1729 1764 tam
1749 1711 1986 1781 graviter
2007 1727 2167 1766 accu-

2269 531 2522 602 Χριστοῦ,
2550 531 2642 584 καὶ
2667 531 2830 601 μίμου
2863 530 3090 598 γελοίου,
3114 531 3147 601 ἢ
3178 530 3396 601 ποιητοῦ
3427 533 3614 586 καινῶν
3637 553 3686 588 τε
3707 540 3782 590 καὶ

2270 622 2568 676 ἀλλοκότων
2602 621 2902 690 δογμάτων.
2956 621 3104 674 Ἐπεὶ
3141 621 3198 674 δὲ
3234 623 3262 674 6
3299 624 3412 691 μὲν,
3443 623 3610 684 καθώς
3648 644 3783 694 φησιν

2267 716 2295 766 6
2337 715 2670 777 Ἀπόστολος,
2701 713 2982 766 ἀποθανὼν
3009 712 3087 783 τῷ
3125 713 3242 783 Θεῷ
3278 715 3443 776 λαλεῖ,
3474 718 3501 776 6
3537 715 3588 767 δὲ
3613 717 3679 779 ὼς
3704 721 3784 774 οὐκ

2267 807 2416 869 ὄντος
2441 806 2533 858 τοῦ
2561 808 2681 860 ἅντε
2693 805 2906 876 ροῦντος
2937 804 3156 857 τοιαῦτα
3187 805 3492 875 προϐάλλει,
3526 807 3620 860 κᾶν
3651 809 3713 879 μὴ
3738 811 3785 862 τὸ

2267 893 2381 970 ἴσον
2416 899 2448 967 ἡ
2485 898 2609 966 παρ’
2643 896 2795 966 ἡμῶν
2837 896 3124 965 ἀπόκρισις
3162 897 3279 968 ἔχῃ,
3314 897 3388 959 ὡς
3425 899 3553 966 πρὸς
3583 899 3669 968 τὴν
3708 902 3783 954 τοῦ

2273 989 2503 1060 μεγάλου
2547 987 2820 1040 Βασιλείου
2862 988 3074 1057 φωνὴν,
3109 988 3241 1056 πλὴν
3290 990 3346 1040 ἐν
3387 989 3602 1058 παρόντι
3643 991 3784 1043 ταῦτα

2271 1078 2403 1147 πρὸς
2446 1077 2536 1128 τὸν
2585 1077 2928 1145 ἐρωτήσαντα
2979 1079 3248 1145 φήσομεν,
3295 1077 3377 1128 ὅτι
3409 1079 3674 1149 Μαρτυρία
3710 1081 3783 1132 τοῦ

2270 1168 2546 1238 ἀληθεύειν
2578 1169 2720 1237 ἡμᾶς
2747 1169 2804 1219 ἐν
2835 1161 2913 1229 οἷς
2940 1167 2997 1218 τὸ
3017 1167 3187 1235 δόγμα
3213 1167 3312 1234 τῆς
3339 1167 3581 1231 ἀσεϐείας
3605 1171 3788 1238 ἐλέγχο-

2271 1275 2386 1328 μεν,
2418 1261 2445 1310 6
2470 1257 2558 1320 σὸς
2584 1257 2790 1325 γίνεται
2823 1258 2973 1325 λόγος
3003 1259 3029 1309 ὁ
3061 1257 3151 1309 ἐπὶ
3178 1259 3452 1326 ἀνατροπῇ
3492 1258 3592 1308 τῶν
3624 1260 3787 1328 ἡμετέ-

2273 1367 2377 1418 ρων
2413 1349 2812 1418 προφερόμενος
2834 1348 3022 1413 λόγων.
3057 1346 3189 1399 Οῦτε
3219 1346 3327 1413 γὰρ
3352 1347 3475 1400 ἄλλο
3498 1364 3546 1398 τι
3576 1348 3785 1399 τοσοῦτον

2269 1440 2427 1508 ἡμεῖς
2454 1437 2771 1508 αἰτιώμεθα,
2804 1439 2836 1505 ἢ
2864 1438 2923 1490 τὸ
2956 1437 3119 1508 μηδὲν
3148 1436 3354 1489 οἴεσθαι
3389 1437 3644 1506 διαφέρειν
3669 1440 3787 1507 ἡμᾶς

2267 1533 2360 1582 τοῦ
2402 1530 2578 1584 κοινοῦ
2607 1531 2706 1601 τῆς
2752 1532 2978 1592 κτίσεως
3024 1530 3112 1582 τὸν
3143 1529 3416 1598 Δεσπότην
3445 1529 3537 1598 τῆς
3566 1530 3783 1592 κτίσεως

2270 1622 2361 1673 καὶ
2386 1620 2447 1674 τὺ
2483 1624 2610 1693 παρ’
2645 1621 2795 1690 ὑμῶν
2836 1620 3240 1690 προτεινόμενον
3280 1618 3421 1672 κατὰ
3462 1618 3550 1672 τοῦ
3587 1621 3788 1686 Μονογε-

2269 1713 2390 1776 νοῦς
2441 1715 2598 1783 ἡμεῖς
2626 1711 2942 1781 αἰτιώμεθα.
2976 1711 3037 1763 Εἰ
3060 1711 3164 1780 γὰρ
3188 1712 3323 1782 ὅπερ
3358 1711 3448 1762 ἐπὶ
3475 1710 3568 1779 τῆς
3596 1710 3788 1772 κτίσεως

613 1816 819 1861 samus.
851 1817 1010 1872 quam
1060 1803 1202 1873 quod
1247 1801 1533 1858 contendis
1576 1802 1888 1858 existimare
1932 1819 2032 1858 nos
2073 1803 2168 1857 de-

2270 1776 2501 1872 βλέπεις,
2535 1803 2689 1856 τοῦτο
2717 1776 2824 1855 δείν
2853 1802 2952 1854 οἴει
2977 1776 3303 1875 ἐφαρμόζειν
3333 1802 3426 1854 καὶ
3458 1776 3537 1871 τῷ.
3557 1804 3790 1870 μονογενεῖ

611 1893 762 1958 bere,
795 1894 1082 1957 Dominum
1121 1905 1384 1951 creaturze
1427 1895 1561 1948 nihil
1595 1894 1812 1950 diﬁerre
1841 1897 1908 1950 ab
1952 1896 2020 1951 iis
2049 1912 2169 1965 qua:

611 1985 920 2039 communia
949 1992 1076 2039 sunt
1101 1993 1365 2039 creatura:
1392 2003 1404 2037 :
1433 1992 1485 2038 et
1527 1983 1669 2056 qupd
1697 1999 1727 2036 a
1755 1985 1907 2042 vobis
1935 1993 2168 2054 praeten-

609 2073 757 2130 ditur
791 2083 979 2148 contra
1015 2073 1361 2144 Unigenitum
1393 2074 1625 2129 omnino
1653 2073 2002 2127 damnamus.
2033 2073 2164 2128 Nam

610 2165 654 2219 si
687 2163 835 2241 quod
862 2165 917 2218 in
947 2172 1199 2219 creatura
1223 2164 1393 2227 vides,
1428 2171 1588 2234 putas
1609 2171 1858 2232 oportere
1881 2164 1983 2218 hoc
2005 2165 2164 2224 etiam

610 2252 888 2322 unigenito
935 2249 1047 2309 Deo
1091 2267 1429 2322 congruere,
1482 2254 1799 2308 conclusum
1853 2263 1973 2320 est,
2021 2255 2164 2324 quod

610 2357 958 2412 summopere
977 2344 1392 2411 contendimus;
1426 2361 1522 2415 per
1545 2353 1670 2400 tuos
1697 2346 1840 2399 enim
1889 2361 2166 2402 sermones

610 2437 882 2489 rationum
918 2444 1131 2489 tuarum
1161 2437 1469 2492 ahsurditas
1502 2437 1636 2492 satis
1683 2446 1762 2492 est
1797 2437 2164 2493 demonstrata

609 2524 974 2595 omnibusque
1008 2523 1150 2578 facta
1181 2524 1466 2594 perspicua
1492 2543 1506 2591 ;
1544 2535 1598 2580 et
1630 2527 1774 2596 quod
1804 2542 1905 2581 nos
1942 2527 1995 2580 in
2021 2527 2164 2582 veri~

608 2620 719 2672 tate
743 2630 1045 2670 sermonem
1083 2630 1304 2685 pravum
1341 2618 1669 2686 corrigimus
1707 2633 1770 2671 ac
1814 2618 2167 2686 reprehendi-

608 2721 768 2770 mus,
811 2707 1062 2776 quodque
1105 2707 1200 2762 tibi
1247 2705 1314 2762 de
1344 2709 1624 2778 unigenito
1668 2709 1777 2764 Deo
1821 2711 2004 2780 opinio
2041 2712 2164 2766 talis

606 2809 707 2858 est.
743 2813 805 2850 ac
835 2801 900 2852 de
928 2798 1157 2868 reliquis
1186 2800 1483 2867 creaturis;
1518 2802 1741 2870 perinde
1771 2817 1833 2857 ac
1872 2803 1918 2856 si
1961 2801 2028 2875 de
2065 2803 2164 2857 ali-

615 2887 1009 2959 quadubitatio
1043 2898 1220 2955 esset,
1263 2906 1371 2945 non
1411 2891 1479 2946 de
1513 2893 1796 2962 unigenito
1834 2891 2000 2958 Filio,
2031 2892 2159 2955 Deo,

607 2967 800 3048 opiﬁce
851 2979 1031 3034 omnis
1066 2989 1360 3044 creaturae,
1411 2981 1526 3037 sive
1562 2991 1685 3037 ante
1714 2992 1864 3047 erat,
1899 2984 2012 3038 sive
2042 2992 2163 3053 post

2267 1895 2403 1964 Θεῷ,
2443 1895 2614 1966 πέρας
2645 1895 2756 1964 ἔχει
2779 1894 2840 1946 τὸ
2869 1894 2995 1966 παρ’
3023 1893 3179 1964 ἡμῶν
3225 1892 3671 1961 σπουδαζόμενον
3701 1892 3786 1944 ὰπ-

2270 1985 2586 2055 ελήλεγκται
2619 1985 2727 2053 γὰρ
2761 1983 2847 2037 διὰ
2895 1984 3002 2037 τῶν
3045 1985 3152 2038 σῶν
3192 1983 3364 2051 λόγων
3390 1983 3450 2035 τὸ
3489 1983 3687 2045 ἄτοπον,
3713 1983 3790 2035 καὶ

2267 2078 2400 2128 πᾶσι
2427 2077 2614 2144 γέγονε
2651 2078 2958 2145 καταφανές
2980 2095 2994 2108 ”
3024 2079 3104 2131 ὃτι
3135 2095 3193 2129 τε
3219 2078 3379 2146 ἡμεῖς
3412 2078 3468 2127 ἐν
3494 2075 3698 2146 ἀληθείᾳ
3718 2075 3789 2126 τὸν

2266 2169 2418 2236 λόγον
2450 2169 2739 2238 εύθύνομεν
2759 2211 2772 2232 ,
2803 2169 2892 2221 καὶ
2921 2171 3000 2222 ὅτι
3037 2185 3115 2220 σοι
3167 2169 3192 2237 ἡ
3232 2167 3360 2238 περὶ
3393 2166 3484 2218 τοῦ
3515 2161 3789 2236 μονογενοῦς

2266 2257 2399 2310 Θεοῦ
2435 2259 2696 2328 ὑπόληψις
2730 2259 2951 2327 τοιαύτη
2983 2260 3146 2321 ἐστὶν,
3177 2259 3262 2310 οἵα
3295 2258 3392 2311 καὶ
3423 2257 3546 2326 περὶ
3571 2257 3634 2310 τὰ
3659 2257 3791 2309 λοιπὰ

2265 2348 2370 2400 τῶν
2404 2348 2744 2417 κτισμάτων,
2781 2348 2904 2420 περί
2931 2365 3072 2410 τινος
3112 2350 3144 2418 ἡ
3191 2347 3591 2417 ἀμφισϐήτησις
3629 2342 3705 2416 ἦν,
3741 2348 3789 2397 οὐ

2264 2439 2390 2508 περὶ
2415 2437 2508 2489 τοῦ
2542 2437 2858 2506 μονογενοῦς
2886 2436 3015 2489 Υἰοῦ
3043 2436 3135 2492 τοῦ
3166 2436 3299 2488 Θεοῦ
3321 2475 3336 2498 ,
3375 2436 3464 2488 τοῦ
3500 2435 3791 2506 δημιουργοῦ

2265 2531 2442 2598 πάσης
2471 2530 2565 2598 τῆς
2597 2529 2843 2590 κτίσεως,
2865 2528 2973 2581 εἴτε
3000 2528 3084 2580 ἀεὶ
3113 2523 3200 2598 ἦν,
3233 2527 3343 2580 εἴτε
3372 2528 3587 2599 ὕστερον
3611 2528 3679 2597 τῷ
3704 2529 3792 2580 Πα-

2263 2620 2352 2689 τρὶ⁵
2383 2621 2756 2692 προσεγένετο.
2803 2619 2866 2671 Τί
2908 2617 3000 2672 οῦν
3043 2620 3172 2690 περὶ⁸
3209 2619 3399 2674 τούτου
3443 2622 3598 2690 φησιν
3638 2621 3667 2687 ἡ
3717 2617 3790 2670 τοῦ

2263 2709 2574 2764 διδασκάλου
2601 2712 2785 2780 φωνή;
2813 2711 2930 2762 Ὅτι
2952 2710 3012 2762 τὸ
3036 2713 3100 2781 τῇ
3130 2709 3285 2775 φύσει
3315 2712 3496 2775 καλὸν,
3522 2713 3611 2762 οὑκ
3631 2710 3791 2775 εὐαγές

2263 2803 2378 2854 ἐστι
2429 2803 2502 2872 μὴ
2536 2801 2620 2854 ἀεὶ
2662 2804 2720 2854 ἐν
2762 2801 2838 2871 τῷ
2871 2801 2988 2872 Θεῷ
3037 2801 3308 2855 πιστεύειν
3342 2800 3497 2856 εἶναι.
3547 2802 3678 2871 Μηδὲ
3706 2804 3790 2869 γὰρ

2263 2893 2438 2946 αἰτίαν
2471 2894 2599 2966 ὀρᾷν
2631 2909 2752 2945 τινα
2795 2893 2914 2944 καθ’
2959 2895 3024 2963 ἢν
3073 2893 3218 2956 εἰκός
3263 2895 3379 2946 ἐστι
3419 2894 3477 2946 τὺ
3512 2893 3696 2960 ἀγαθὸν
3730 2893 3798 2960 τῷ¹

2263 2983 2449 3053 ἀγαθῷ
2481 2984 2554 3055 μὴ
2592 2986 2862 3054 παρεῖναι,
2906 2985 3039 3054 μήτε
3065 2985 3205 3036 κατὰ
3246 2984 3523 3054 δυνάμεως
3565 2985 3781 3053 ἔλλειψιν.

604 3069 750 3125 Patri
785 3070 988 3126 aderat.
1018 3070 1159 3138 Quid
1186 3073 1348 3142 igitur
1377 3072 1444 3127 ad
1471 3073 1585 3127 hare
1609 3073 1727 3127 inﬁt
1758 3089 1859 3128 vox
1888 3075 2165 3147 magistri?

2272 3077 2404 3146 μήτε
2435 3074 2575 3128 κατὰ
2607 3075 2701 3146 τὴν
2742 3075 2838 3145 τῆς
2879 3075 3070 3145 βουλῆς
3116 3077 3356 3144 ἀγονίαν.
3399 3077 3462 3129 Τί
3492 3077 3618 3147 πρὸς
3650 3074 3792 3128 ταῦτά

606 3161 762 3229 Quod
793 3171 984 3216 natura
1016 3163 1216 3216 bonum
1245 3171 1351 3229 est,
1377 3179 1485 3218 non
1513 3164 1661 3234 pium
1689 3173 1774 3220 est
1815 3181 1922 3219 non
1956 3181 2168 3236 semper

607 3254 662 3306 in
692 3253 946 3325 Deolcsse
979 3253 1224 3308 credere.
1254 3253 1470 3308 Nullam
1527 3255 1672 3309 enim
1715 3254 1900 3309 videre
1948 3270 2168 3310 causam

606 3355 831 3414 propter
851 3361 1015 3416 quam
1041 3355 1468 3400 consentaneum
1499 3354 1581 3402 est
1624 3347 1823 3402 bonum
1873 3347 2016 3402 bono
2058 3363 2167 3402 non

607 3435 802 3490 adesse
822 3478 836 3500 ,
870 3453 1048 3505 neque
1077 3445 1302 3506 propter
1329 3438 1610 3506 potestatis
1635 3438 1905 3492 defectum
1932 3480 1946 3504 ,
1994 3454 2169 3509 neque

605 3535 828 3594 propter
865 3527 1161 3581 voluntatis
1195 3528 1454 3598 inOpiam.
1489 3527 1629 3594 Quid
1663 3527 1730 3583 ad
1763 3527 1878 3582 hazc
1913 3528 2046 3583 dicit
2075 3529 2170 3598 qui

608 3612 696 3668 his
732 3615 1091 3670 adversatur?
1115 3615 1270 3683 Quod
1299 3617 1344 3672 si
1389 3615 1556 3672 Deum
1586 3617 1818 3671 Verbum
1857 3634 1923 3672 ex
1961 3630 2170 3674 aeterno

609 3691 935 3760 credendum
970 3723 1090 3762 esse
1114 3707 1353 3772 dederis,
1390 3718 1444 3763 et
1468 3708 1536 3764 de
1562 3709 1830 3764 creaturis
1858 3709 1998 3764 idem
2034 3709 2171 3765 fate-

608 3800 776 3855 beris.
814 3799 858 3855 O
886 3801 1160 3870 quomodo
1189 3802 1337 3855 novit
1370 3803 1579 3856 ratione
1601 3801 1912 3857 discernere
1952 3814 2169 3858 creatu-

609 3906 792 3945 rarum
822 3901 1076 3946 naturam
1130 3900 1183 3948 et
1209 3892 1446 3946 divinam
1487 3893 1851 3962 majestatem!
1889 3893 2171 3959 Quomodo

611 3985 717 4041 scit
743 3999 859 4054 qua:
891 3987 1137 4055 utrisque
1166 3994 1293 4040 sunt
1319 4001 1575 4054 congrua,
1606 4001 1833 4055 qumque
1870 3986 1937 4040 de
1973 3985 2083 4040 Deo
2112 3995 2164 4040 et

609 4092 730 4147 qua:
761 4075 827 4131 de
852 4085 1099 4131 creatura
1137 4077 1225 4146 pie
1251 4077 1332 4132 fas
1353 4087 1435 4132 est
1461 4077 1801 4132 existimare!
1842 4077 1920 4143 Si,
1954 4078 2153 4146 inquit,

2271 3184 2431 3238 φησιν
2451 3170 2478 3222 6
2501 3169 2612 3230 τοῖς
2633 3167 2937 3237 εἰρημένοις
2963 3167 3265 3238 μαχόμενος
3285 3183 3299 3233 ;
3328 3168 3450 3222 Ὅτι
3476 3167 3565 3220 ἐὰν
3584 3167 3664 3218 τὸν
3685 3164 3791 3216 Θεὸν

2268 3259 2436 3326 Λόγον
2467 3257 2570 3330 δῷς
2608 3257 2666 3322 ἐξ
2697 3259 2866 3311 ἀϊδίου
2908 3259 3270 3322 πιστεύεσθαι,
3305 3261 3401 3312 καὶ
3433 3262 3554 3328 περὶ
3591 3257 3688 3309 τῶν
3715 3256 3791 3325 δη-

2271 3366 2500 3419 μιουργη
2510 3350 2690 3418 μάτων
2713 3349 2774 3402 τὸ
2796 3345 2912 3402 ἴσον
2939 3348 3146 3412 δώσεις.
3180 3351 3243 3402 Ὦ
3276 3351 3396 3414 πῶς
3419 3349 3522 3403 οἶδε
3541 3348 3794 3418 διακρίνειν

2268 3439 2344 3509 τῷ
2365 3440 2505 3509 λόγῳ
2556 3439 2853 3512 δημιουργη
2864 3441 3044 3510 μάτων
3073 3441 3231 3508 φύσιν
3257 3444 3349 3493 καὶ
3381 3441 3525 3495 θείαν
3555 3438 3795 3510 μεγαλειό-

2268 3531 2433 3600 τηταί
2474 3530 2591 3592 πῶς
2628 3529 2911 3584 ἐπίσταται
2957 3531 3084 3601 περὶ
3126 3531 3388 3601 ἑκατέρου
3433 3533 3499 3584 τὰ
3530 3531 3791 3600 πρόσφορα,

2269 3621 2370 3671 ὅσα
2397 3637 2456 3673 τε
2493 3619 2620 3691 περὶ
2646 3620 2739 3672 τοῦ
2773 3621 2928 3684 Θεοῦ,
2963 3621 3054 3673 καὶ
3085 3622 3183 3673 ὅσα
3214 3623 3340 3690 περὶ
3369 3625 3464 3691 τῆς
3492 3621 3698 3681 κτίσεως
3724 3619 3794 3668 εὐ-

2271 3711 2439 3772 σεϐῶς
2473 3711 2616 3764 ἔστιν
2653 3711 2887 3766 οἴεσθαιί
2936 3713 2999 3764 Εἰ
3041 3714 3069 3764 6
3111 3712 3457 3783 δημιουργὸς,
3499 3713 3670 3782 φησιν,
3711 3709 3796 3761 ἀπὸ

2269 3803 2361 3858 τοῦ
2399 3803 2586 3874 χρόνου
2626 3806 2722 3874 τῆς
2747 3803 3103 3873 δημιουργίας
3137 3804 3384 3874 ἄρχεται.
3431 3803 3506 3855 υὺ
3544 3803 3644 3872 γὰρ
3678 3799 3794 3865 ἄλλῳ

2269 3893 2376 3946 τινὶ
2399 3892 2495 3964 τὴν
2524 3892 2630 3946 τῶν
2654 3893 2949 3962 γεγονότων
2971 3892 3141 3962 ἀρχὴν
3165 3891 3281 3944 ἔστι
3308 3909 3372 3962 ση
3384 3891 3714 3962 μειώσασθαι,
3737 3888 3794 3956 μὴ

2270 3988 2326 4038 ἐν
2367 3985 2442 4055 τῷ
2474 3985 2586 4055 ἰδίῳ
2611 3985 2931 4052 διαστήματι
2955 3982 3046 4035 τοῦ
3081 3983 3272 4053 χρόνου
3306 3983 3406 4045 τὰς
3437 3982 3602 4052 ἀρχὰς
3632 3981 3714 4033 καὶ
3745 3975 3799 4027 τὰ

2270 4075 2393 4143 τέλη
2426 4076 2536 4136 τοῖς
2558 4073 2863 4142 γινομένοις
2883 4071 3169 4142 ὁρίζοντος.

610 4168 789 4238 Opifex
820 4182 848 4221 a
879 4175 1118 4238 tempore
1151 4169 1426 4240 opiﬁcium
1462 4171 1798 4240 auspicatur.
1843 4169 1962 4225 Non
2008 4171 2155 4226 enim
2200 4171 2307 4222 alio
2339 4169 2522 4237 aliquo
2558 4183 2744 4221 eorum
2777 4182 2897 4234 qua:
2930 4173 3054 4219 sunt
3084 4163 3256 4230 facta,
3321 4162 3636 4234 principium
3697 4159 3802 4215 licet

611 4269 822 4324 notare,
888 4262 993 4317 nisi
1039 4269 1258 4332 tempus
1311 4263 1365 4316 in
1432 4265 1652 4334 proprio
1683 4264 1966 4320 intervallo
2022 4265 2286 4336 principia
2320 4271 2373 4317 et
2406 4270 2645 4316 extrema
2686 4261 2771 4314 his
2801 4275 2919 4330 qua!
2952 4259 3085 4313 ﬁunt
3115 4260 3404 4314 definierit.

680 4352 944 4418 Quocirca
975 4354 1171 4423 inquit,
1211 4363 1460 4424 Oportere
1488 4355 1749 4412 factorem
1797 4367 2100 4427 temporum
2140 4374 2170 4412 ιι

613 4444 882 4516 principio
903 4447 1063 4500 simili
1096 4462 1217 4502 esse
1247 4449 1502 4517 coepisse.
1540 4447 1644 4504 Sed
1672 4457 1924 4505 creatura
1952 4450 2168 4520 quidem

611 4523 939 4608 principium
957 4539 1117 4594 habet
1140 4540 1358 4605 saecula,
1394 4540 1614 4597 factoris
1643 4552 1820 4596 autem
1849 4544 2178 4610 saaculorum‘

611 4628 887 4698 quodnam
919 4628 1242 4698 principium
1284 4631 1586 4700 cogitabis?
1619 4630 1674 4686 Si
1701 4636 1823 4703 quis
1850 4634 2016 4692 dicat.
2039 4631 2171 4686 illud

612 4717 936 4789 principium
969 4734 1091 4773 esse
1123 4719 1265 4789 quod
1300 4727 1383 4774 est
1414 4721 1466 4773 in
1500 4720 1814 4792 Evangelio,
1859 4721 2002 4790 quod
2049 4719 2172 4788 qui-

613 4806 735 4862 dem
767 4818 850 4862 est
874 4808 1001 4861 illud
1038 4809 1180 4878 quod
1203 4809 1530 4873 declaratur,
1557 4826 1680 4865 cum
1708 4826 1816 4881 quo
1841 4812 2178 4865 cohaerenter

612 4897 732 4952 Filii
765 4899 1039 4954 confessio
1069 4900 1228 4955 simul
1251 4901 1674 4968 demonstratur,
1698 4919 1799 4977 nec
1818 4901 1899 4956 fas
1927 4910 2011 4957 est
2031 4917 2172 4965 eum,

613 4991 708 5062 qui
746 4999 828 5044 est
869 4993 922 5044 in
953 4991 1147 5055 Patre,
1199 4994 1340 5046 sicut
1375 4994 1508 5047 dicit
1555 4993 1813 5049 Dominus
1838 5035 1851 5056 ,
1888 4994 1956 5048 ab
1997 4995 2178 5063 aliquo

613 5089 817 5150 puncto
843 5081 1123 5149 temporali
1160 5084 1413 5152 cmpisse.
1452 5083 1548 5147 Sin
1585 5094 1766 5138 autent
1800 5084 1944 5137 aliud
1999 5082 2174 5152 quod-

613 5172 736 5228 dam
770 5183 963 5243 praater
989 5174 1118 5228 illud
1149 5175 1473 5246 principium
1505 5191 1627 5231 esse
1656 5177 1870 5243 asserit,
1902 5175 2047 5229 dicat
2077 5190 2170 5229 no-

614 5279 739 5317 men
774 5279 882 5334 quo
919 5265 1023 5318 tale
1050 5265 1377 5336 principium
1409 5267 1767 5337 signiﬁcatur,
1798 5282 1921 5320 cum
1963 5266 2171 5321 nullum

616 5367 743 5412 ante
795 5358 1117 5412 saeculorum
1172 5360 1611 5414 constitutionem
1662 5359 2169 5430 comprehendatur.

615 5446 758 5518 Ergo
797 5450 920 5504 talis
948 5466 1126 5504 sermo
1156 5467 1185 5503 a
1218 5452 1304 5521 pia
1337 5460 1390 5505 et
1442 5453 1694 5522 religiosa
1744 5451 1999 5520 opinione
2047 5464 2173 5520 erga

621 5539 960 5608 unigenitum
1021 5545 1186 5596 Deum
1251 5543 1400 5595 nullo
1466 5543 1624 5597 modo
1683 5556 1782 5596 nos
1841 5541 2172 5601 dimovebit.

620 5631 833 5684 tametsi
874 5647 1010 5688 anus
1050 5634 1377 5689 mulierculae
1427 5635 1552 5689 huic
1597 5633 1882 5709 qurestioni
1921 5641 2176 5703 tanquam

620 5721 809 5788 valida!
839 5723 1188 5803 applaudant,
1249 5727 1514 5798 siquidem
1551 5728 1602 5782 in
1641 5726 1725 5781 his
1765 5741 1882 5798 qum
1913 5727 1980 5782 ah
2024 5727 2177 5784 initio

2345 4355 2442 4409 Διὰ
2481 4353 2635 4407 τοῦτό
2679 4371 2810 4424 φησι
2837 4354 2945 4406 δεῖν
2975 4353 3069 4406 καὶ
3098 4352 3189 4405 τὸν
3234 4355 3462 4424 ποιητὴν
3485 4352 3588 4406 τῶν
3624 4348 3796 4421 χρόνων

2275 4447 2383 4500 ἀπὸ
2409 4447 2507 4514 τῆς
2547 4446 2734 4517 ὁμοίας
2767 4446 2936 4516 ἀρχῆς
2982 4445 3074 4498 τοῦ
3109 4441 3245 4498 εἶναι
3295 4445 3576 4516 ἄρξασθαι.
3614 4441 3733 4495 Ἀλλ’
3770 4438 3796 4505 ἡ

2278 4538 2375 4608 μὲν
2404 4536 2577 4597 κτίσις
2599 4536 2773 4607 ἀρχὴν
2804 4537 2928 4598 τοὺς
2962 4535 3162 4599 αἰῶνας
3207 4536 3337 4605 ἔχει,
3371 4536 3465 4589 τοῦ
3509 4535 3563 4587 δὲ
3611 4525 3794 4598 ποιητοῦ

2273 4627 2382 4679 τῷν
2410 4626 2616 4678 αἰώνων
2681 4623 2837 4676 ποίαν
2901 4625 3204 4695 ἐπινοήσεις
3236 4626 3450 4694 ἀρχὴν;
3485 4624 3545 4676 Ei
3591 4621 3677 4690 μὲν
3710 4616 3795 4684 γὰρ

2274 4717 2370 4788 τὴν
2403 4718 2460 4770 ὲν
2485 4716 2560 4787 τῷ
2589 4715 2900 4785 Εὑαγγελίῳ
2936 4733 3017 4778 τις
3045 4715 3173 4786 λέγῃ
3197 4757 3210 4780 ,
3244 4717 3378 4783 ὅπερ
3404 4717 3546 4768 ἐστὶν
3570 4715 3724 4766 ἐκεῖνο
3749 4707 3796 4758 τὸ

2271 4807 2613 4879 δηλούμενον,
2649 4801 2693 4874 ᾧ
2724 4809 3082 4878 συνημμένως
3109 4809 3201 4861 καὶ
3231 4809 3263 4878 ἠ
3290 4807 3380 4860 τοῦ
3412 4806 3540 4860 Υἱοῦ
3579 4799 3797 4874 ὁμολογίΖ

2275 4899 2767 4960 συναναδείκνυται,
2797 4899 2888 4951 καὶ
2909 4899 3008 4951 ούκ
3034 4898 3143 4950 ἔστι
3172 4898 3263 4950 τὸν
3293 4897 3348 4950 ἐν
3377 4897 3453 4968 τῷ
3483 4895 3646 4964 Πατρί
3673 4892 3794 4949 ὅντα,

2274 4989 2454 5053 καθώς
2491 5007 2651 5060 φησιν
2679 4993 2707 5042 ὁ
2739 4989 2932 5060 Κύριος
2953 5029 2968 5052 ς
3013 4989 3119 5042 ἀπό
3155 5006 3294 5052 τινος
3330 4987 3553 5058 σημείου
3583 4975 3796 5054 χρονικοῦ
3823 4995 3828 5060 ι

2274 5081 2551 5152 ἄρξασθαι.
2580 5083 2642 5133 EE
2685 5081 2740 5133 δὲ
2765 5080 2928 5150 ἄλλην
2959 5098 3041 5144 τις
3068 5081 3237 5151 ἀρχὴν
3273 5081 3399 5150 παρ’
3428 5077 3634 5146 ἐκείνην
3659 5074 3795 5137 λέγειν

2277 5175 2480 5228 εἰπάτω
2506 5174 2566 5226 τὸ
2604 5173 2770 5243 ὄνομα
2800 5167 2844 5240 ᾧ
2891 5172 3202 5243 σημιοῦται
3231 5171 3325 5241 τὴν
3358 5169 3604 5236 τοιαύτην
3632 5163 3796 5234 ἀρχὴν,

2282 5267 2502 5336 μηδενὸς
2529 5265 3097 5336 καταλαμϐανομένου,
3124 5265 3228 5334 πρὸ
3255 5265 3352 5334 τῆς
3382 5263 3488 5315 τῶν
3513 5258 3702 5313 αἰώνων
3722 5269 3791 5302 Gv-

2280 5360 2538 5421 στάσεως.
2564 5356 2771 5410 Οὐκοῦν
2803 5357 2954 5410 οὐδὲν
2993 5357 3137 5426 ἡμᾶς
3167 5355 3527 5425 παρακινήσει
3560 5351 3649 5420 τῆς
3675 5345 3777 5398 εὖσε

2279 5451 2408 5513 ϐοῦς
2435 5450 2562 5520 περὶ
2603 5449 2695 5502 τὸν
2731 5448 2989 5517 μονογενῆ
3023 5448 3154 5500 Θεδν
3184 5446 3499 5517 ὑπολήψεως
3534 5445 3561 5494 6
3597 5435 3798 5520 τοιοῦτος

2281 5543 2474 5607 λόγος,
2524 5542 2626 5595 κᾶν
2672 5541 3030 5612 ὲπικροτῶσιν
3083 5541 3138 5593 αἱ
3196 5539 3362 5610 γρᾶες
3412 5537 3488 5599 ὡς
3525 5528 3711 5602 ἰσχυρῷ
3738 5519 3798 5589 τῷ

2283 5635 2641 5703 προϐλήματι.
2671 5631 2920 5702 Μένομεν
2949 5630 3055 5700 γὰρ
3095 5631 3186 5682 ἐπὶ
3228 5629 3335 5681 τῶν
3366 5627 3422 5692 ἐξ
3467 5623 3634 5696 ἀρχῆς
3664 5622 3800 5703 ETW?"

2286 5727 2517 5798 σμὲνων,
2539 5723 2919 5798 ἐρηρεισμένον
2945 5722 3155 5794 ἔχοντες
3200 5722 3290 5774 ἐπὶ
3335 5719 3429 5789 τῆς
3464 5711 3698 5785 ἀληθείαε
3729 5701 3799 5756 τὸν
