4034 6486
315 314 420 370 793

1371 314 1640 370 CONTRA
1677 311 2072 378 EUNOMIUM,
2107 313 2234 371 LIB.
2271 313 2401 368 VIII.

3417 313 3518 372 τοι

315 422 500 490 λόγον’
530 423 611 496 δτι
663 423 760 476 ὅσα
799 423 924 492 περὶ
967 422 1060 478 τοῦ
1112 422 1425 492 μονογενοῦς
1475 423 1608 476 Θεοῦ
1648 423 1823 492 λέγειν
1845 426 1873 476 6

1978 431 2100 477 sunt
2149 423 2362 476 decreta
2417 436 2732 483 manemus,
2783 423 3042 478 ﬁrmatam
3078 431 3238 494 atque
3280 423 3516 479 innixam

313 514 414 583 τῆς
447 513 724 576 εὐσεϐείας
754 514 1059 567 ὑποτίθεται
1094 513 1272 580 λόγος,
1319 515 1569 584 οὐδεμίαν
1597 515 1707 584 ἔχει
1737 515 1870 585 πρὸς

313 605 411 676 τὴν
443 604 616 658 κτίσιν
642 603 739 675 τὴν
768 605 1091 673 οἰκειότητα,
1119 603 1256 658 ἀλλὰ
1281 605 1455 675 πολλῷ
1478 605 1554 676 τῷ
1583 607 1730 676 μέσῳ
1751 607 1872 659 διώ-

319 712 498 766 ρισται
535 694 626 748 τοῦ
671 712 731 747 τε
789 696 966 750 πάντα
1011 695 1366 764 πεποιηκότος
1389 735 1404 758 ,
1443 697 1536 748 κα¹ι
1563 697 1666 750 τῶν
1697 695 1872 766 ἔργων

313 783 479 837 αὑτοῦ
521 783 588 836 τὰ
631 784 1000 854 γνωρίσματα.
1037 785 1098 836 Ei
1141 785 1237 854 μὲν
1268 779 1358 836 οὖν
1407 787 1464 837 ἐν
1504 787 1706 856 ἑτέροις
1732 787 1871 838 τισὶν

315 871 428 944 εἶχέ
455 893 575 928 τινα
604 875 878 928 κοινωνίαν
908 878 934 928 6
967 876 1093 936 Υίὸς
1117 876 1250 946 πρὸς
1274 877 1371 944 τὴν
1391 877 1584 938 κτίσιν,
1615 875 1718 928 ἔδει
1745 875 1870 928 πάν-

312 986 421 1030 τως
467 968 598 1037 μηδὲ
627 969 768 1020 κατὰ
808 968 898 1020 τὸν
945 970 1040 1036 τῆς
1093 968 1372 1038 ὑπάρξεως
1413 969 1609 1038 τρόπον
1661 968 1868 1038 παρηλ-

311 1056 504 1126 λάχθαι
533 1056 726 1122 λέγειν.
765 1058 826 1108 Εἰ
869 1056 923 1108 δὲ
959 1059 1180 1127 ἄμοιρος
1211 1059 1243 1127 ἡ
1277 1059 1446 1120 κτίσις
1476 1057 1580 1110 τῶν
1617 1058 1869 1112 τοιούτων

311 1147 427 1198 ἐστὶ
457 1147 560 1198 τῶν
613 1148 710 1198 3:1
755 1147 882 1216 περὶ
929 1147 1018 1200 τὸν
1063 1147 1189 1200 Υίὸν
1238 1148 1668 1216 μεμαθήκαμεν·
1701 1147 1870 1214 ἀναγ-

313 1241 462 1290 καῖον
489 1238 700 1300 πάντως
719 1277 732 1300 ,
762 1239 895 1306 μηδὲ
919 1237 1057 1290 κατὰ
1082 1237 1235 1290 τοῦτο
1257 1238 1432 1304 λέγειν
1463 1239 1558 1306 τὴν
1589 1238 1868 1291 κοινωνίαν

311 1331 472 1399 ἔχειν.
497 1330 628 1383 Οὐδὲ
659 1331 766 1396 γὰρ
797 1331 852 1380 ὲν
883 1333 1020 1401 ἀρχῇ
1051 1326 1116 1399 ἦν
1149 1330 1182 1400 ἡ
1221 1329 1394 1392 κτίσις
1418 1369 1429 1388 ,
1461 1329 1580 1382 οὔτε
1617 1331 1749 1400 πρὸς
1781 1331 1868 1386 τὸν

311 1421 443 1474 Θεὸν
471 1417 537 1492 ἦν
559 1462 574 1484 ,
615 1419 736 1474 οὔτε
775 1420 905 1482 Θεὸς
949 1417 1036 1489 ἦν,
1071 1421 1131 1474 οὐ
1161 1421 1272 1490 ζωὴ
1293 1461 1306 1483 ,
1341 1423 1400 1473 οὐ
1432 1422 1576 1490 φῶς,
1618 1423 1715 1476 οὐκ
1739 1423 1868 1476 ἀνά-

313 1529 500 1572 στασις
523 1553 538 1576 ,
574 1511 632 1564 οὐ
665 1511 731 1564 τὰ
755 1511 915 1565 λοιπὰ
939 1512 1044 1565 τῶν
1072 1512 1385 1582 θεοπρεπῶν
1408 1513 1706 1582 ὀνομάτων,
1737 1508 1867 1577 οἷον,

310 1601 536 1671 ἀλήθεια
559 1640 575 1662 ,
613 1600 920 1671 δικαιοσύνη
942 1642 956 1664 ,
1006 1601 1272 1670 ἁγιασμὸς
1295 1641 1308 1664 ,
1358 1602 1578 1672 κριτὴς,
1625 1602 1828 1667 δίκαιος
1851 1643 1866 1668 ,

311 1692 540 1764 ποιητὴς
569 1691 662 1745 τοῦ
691 1692 920 1756 παντὸς,
955 1692 1212 1762 ὑπάρχων
1245 1691 1352 1763 πρὸ
1385 1691 1491 1746 τῶν
1521 1692 1746 1756 αἰώνων,
1774 1693 1871 1762 βαρ

313 1785 536 1836 σιλεύων
561 1785 650 1838 τὸν
679 1785 868 1847 αίῶνα,
900 1785 994 1836 καὶ
1022 1785 1105 1836 ἐπ’
1133 1783 1302 1837 αἰῶνα
1331 1783 1425 1836 καὶ
1454 1784 1552 1846 ἔτι,
1571 1784 1668 1837 οὐκ
1695 1783 1869 1836 ἀπαύ-

311 1892 500 1946 γασμα
547 1873 702 1943 δόξης
750 1873 1020 1944 ἡκτίσις,
1063 1873 1123 1925 οὑ
1157 1872 1436 1942 χαρακτὴρ
1486 1873 1870 1935 ὑποστάσεως,

313 1969 412 2030 οὐκ
463 1966 795 2035 ἀγαθότητος
838 1962 998 2016 εἰκὼν
1021 2004 1036 2028 ,
1067 1963 1126 2016 ού
1161 1965 1316 2036 χάρις
1341 2002 1354 2022 ,
1381 1963 1440 2014 οὐ
1487 1961 1710 2033 δύναμις
1729 2000 1742 2024 ,
1775 1963 1873 2018 οὐκ

313 2058 570 2127 ἀλήθεια,
615 2056 674 2108 οὐ
726 2055 1004 2124 σωτηρία,
1053 2055 1152 2106 οὐκ
1191 2053 1602 2124 ἀπολύτρωσις,
1653 2052 1773 2106 ούδὲ
1820 2071 1872 2105 τι

313 2145 550 2200 τοιοῦτον
580 2143 712 2206 ὅλως
756 2143 864 2196 τῶν
911 2144 988 2205 εἰς
1015 2142 1170 2208 δόξαν
1202 2141 1295 2194 τοῦ
1347 2140 1679 2210 Μονογενοῦς
1727 2141 1874 2212 παρὰ

312 2242 412 2308 τῆς
433 2239 655 2311 Γραφῆς
677 2237 1000 2308 λεγομένων,
1037 2238 1184 2290 οὐδὲν
1216 2237 1307 2289 ἐπὶ
1333 2239 1430 2306 τῆς
1459 2237 1686 2300 κτίσεως
1709 2279 1722 2302 ,
1750 2237 1874 2291 οὔτε

316 2335 462 2392 ἐστὶν
491 2374 504 2396 ,
534 2328 654 2388 οὔτε
683 2334 898 2402 λέγεται
923 2375 938 2400 ,
967 2336 1054 2388 ἴνα
1083 2333 1181 2396 τὰς
1212 2335 1541 2407 ὑψηλοτέρας
1573 2334 1873 2404 παρίστημι

315 2425 528 2496 φωνὰς,
553 2427 637 2490 τὸ,
687 2426 832 2494 Ἐγὼ
865 2426 936 2479 ἐν
981 2425 1058 2491 τῷ
1099 2427 1278 2495 Πατρὶ
1303 2469 1318 2490 ,
1343 2426 1441 2480 καὶ
1489 2430 1520 2480 ό
1561 2425 1760 2492 Πατὴρ
1807 2427 1876 2478 ἐν

314 2517 462 2587 ἐμοὶ,
497 2516 610 2578 καὶ,
639 2517 690 2570 Ὀ
708 2517 974 2584 ἑωρακὼς
1003 2518 1106 2586 ἐμὲ
1131 2517 1348 2584 ἑώρακε
1367 2517 1473 2570 τὸν
1489 2515 1737 2584 Πατέρα,
1759 2516 1870 2576 καὶ,

320 2607 531 2672 Οὐὸεὶς
557 2605 675 2661 εῒδε
707 2610 812 2661 τὸν
849 2607 984 2662 Υἱὸν
1033 2611 1086 2661 εὶ
1124 2607 1210 2676 μὴ
1251 2611 1282 2662 ό
1321 2607 1540 2673 Πατήρ.
1563 2611 1626 2661 El
1659 2609 1754 2677 μὲν
1784 2603 1875 2660 οὖν

316 2697 430 2770 εἶχε
463 2699 532 2750 τὰ
564 2698 784 2751 τοιαῦτα
811 2699 904 2751 καὶ
933 2697 1232 2768 τηλικαῦτα
1263 2701 1699 2769 προσμαρτυρεῖν
1729 2700 1756 2750 6
1787 2697 1876 2750 λό-

316 2807 410 2858 γος
443 2793 508 2860 τῇ
530 2790 722 2852 κτίσει,
753 2790 931 2852 καλῶς
954 2789 1018 2842 ἂν
1043 2788 1103 2841 τὸ
1131 2791 1260 2858 περὶ
1282 2790 1480 2858 ταύτην
1510 2787 1876 2858 θεωρούμενον

320 2879 414 2930 καὶ
435 2880 554 2940 ταῖς
585 2877 820 2948 περὶτοῦ
843 2877 1169 2946 Μονογενοῦς
1193 2879 1518 2948 ὑπολήψεσιν
1549 2877 1875 2947 ἐφαρμόζειν

318 2965 452 3036 {Eii-:10
474 2967 580 3020 δεῖν
603 3007 617 3030 ,
650 2969 713 3020 ἐκ
744 2966 850 3020 τῶν
878 2967 1160 3037 ὁμοφύλων
1185 2968 1320 3038 πρὸς
1347 2969 1406 3020 τὸ
1433 2967 1689 3034 συγγενὲς
1729 2982 1875 3033 γινο-

321 3057 488 3127 μένης
511 3057 606 3128 τῆς
639 3057 1006 3126 παραθέσεως.
1039 3060 1100 3111 Ei
1127 3059 1183 3111 δὲ
1215 3059 1385 3112 πάντα
1413 3058 1478 3111 τὰ
1505 3057 1724 3112 τοιαῦτα
1757 3057 1877 3126 νοή-

323 3146 473 3220 ματά
495 3164 554 3200 τε
587 3147 678 3200 xui.
706 3148 940 3218 ὀνόματα
968 3149 1099 3218 πρὸς
1147 3155 1242 3217 μὲν
1281 3149 1368 3200 τὸν
1395 3149 1610 3218 Πατέρα
1641 3151 1738 3218 τὴν
1766 3164 1876 3200 κοι-

319 3239 518 3300 νωνίαν
543 3237 654 3308 ἔχει
677 3277 692 3300 ,
720 3239 816 3301 τῆς
847 3239 901 3290 δὲ
932 3241 1056 3307 περὶ
1091 3240 1189 3308 τὴν
1234 3241 1405 3292 κτίσιν
1434 3239 1683 3300 ὑπονοίας
1712 3239 1878 3307 ὺπέρ-

319 3345 498 3382 κειται
525 3345 538 3358 °
589 3325 676 3399 ἆρ’
705 3330 762 3380 οὐ
797 3329 1110 3382 καταδύεται
1141 3331 1228 3382 ὑπ’
1263 3330 1519 3400 αἰσχύνης
1551 3333 1578 3382 6
1605 3330 1762 3398 σοφὸς
1787 3331 1880 3383 καὶ

319 3407 572 3488 ἀγχίνους
601 3418 686 3471 διὰ
705 3419 812 3471 τῶν
843 3423 898 3472 ὲν
929 3422 992 3490 τῇ
1026 3419 1196 3474 κτίσει
1228 3420 1608 3490 θεωρουμένων
1637 3421 1881 3488 φυσιολο-

319 3507 434 3576 -οιῶν
462 3508 558 3576 τῆς
584 3508 814 3570 κτίσεως
845 3507 1063 3578 Κύριον,
1091 3508 1242 3562 οὔπω
1267 3509 1464 3572 συνιεὶς
1503 3511 1584 3562 ὅτι
1622 3510 1755 3562 ἄλλα
1783 3510 1881 3579 τῆς

321 3599 550 3662 κτίσεώς
589 3600 705 3652 ἐστι
733 3600 802 3652 τὰ
826 3581 1214 3670 γνωρίσματα;
1257 3601 1376 3654 Τῶν
1406 3604 1512 3671 γάρ
1547 3602 1717 3656 ὄντων
1746 3601 1882 3654 πάν-

319 3709 430 3744 των
455 3693 490 3762 ἡ
519 3691 779 3745 ἀνωτάτω
799 3692 1058 3762 διαίρεσις
1086 3695 1164 3754 εἰς
1189 3693 1248 3744 τὸ
1273 3693 1485 3745 κτιστὸν
1514 3693 1605 3746 καὶ
1633 3693 1881 3744 ἄκτιστον

321 3777 420 3846 τὴν
453 3777 623 3848 τομὴν
679 3779 822 3848 ἔχει’
851 3780 910 3830 τὸ
953 3780 1047 3848 μὲν
1095 3780 1167 3843 ὡς
1223 3781 1392 3833 αἴτιον
1440 3780 1529 3833 τοῦ
1565 3781 1842 3848 γεγονότος
1865 3822 1880 3844 ,

323 3869 384 3922 τδ
409 3869 466 3922 δὲ
531 3869 604 3932 ὼς
644 3869 848 3924 ἐκεῖθεν
874 3870 1178 3939 γενόμενον.
1205 3871 1542 3942 Διῃρημένης
1583 3872 1757 3924 τοίνυν
1783 3871 1882 3941 τῆς

323 3979 382 4020 τε
410 3962 631 4032 κτιστῆς
677 3961 884 4030 φύσεως
916 3963 1008 4014 καὶ
1051 3961 1146 4031 τῆς
1188 3961 1332 4026 θείας
1355 3962 1569 4026 οὐσίας,
1610 3963 1702 4014 καὶ
1735 3963 1884 4014 οὐδε-

329 4055 460 4124 μίαν
502 4053 778 4124 ὲπιμιξίαν
812 4052 1038 4123 ἐχούσης
1075 4054 1214 4106 κατά
1251 4053 1351 4116 τὰς
1375 4055 1733 4124 γνωριστικὰς
1761 4053 1884 4105 ἰδιό-

323 4161 526 4216 τητας,
553 4147 764 4214 ἀνάγκη
813 4147 959 4196 πᾶσα
995 4145 1068 4214 μὴ
1113 4144 1198 4196 διὰ
1236 4143 1342 4196 τῶν
1383 4143 1582 4212 ὁμοίων
1623 4145 1884 4214 ἑκατέραν

325 4240 468 4291 νοεῖν
493 4279 507 4302 ,
550 4237 683 4308 μηδὲ
711 4239 779 4288 τὰ
811 4235 949 4288 αὐτὰ
995 4236 1346 4307 γνωρίσματα
1374 4235 1482 4288 τῶν
1529 4237 1884 4304 διεστηκότων

325 4327 470 4382 κατὰ
518 4327 609 4380 τον
661 4328 758 4396 τῆς
793 4327 1004 4393 φύσεως
1033 4326 1184 4394 λόγον
1217 4327 1518 4396 ἀναζητεῖν.
1561 4327 1669 4397 Τῆς
1709 4326 1884 4380 τοίνυν

1973 513 2184 567 veritati
2237 512 2498 566 habentes
2550 511 2854 566 rationem:
2901 513 3026 584 quia
3077 527 3409 582 qun-cunque
3453 515 3520 570 de

1971 603 2248 672 unigenito
2283 603 2389 656 Deo
2423 603 2602 656 dicere
2644 603 2860 671 pietatis
2899 619 3076 658 sermo
3103 605 3362 674 suggerit,
3397 607 3522 660 nul-

1971 695 2076 748 lam
2107 694 2305 748 habent
2335 709 2456 748 cum
2487 701 2734 748 creatura
2757 697 3228 756 necessitudinem,
3250 697 3342 754 sed
3364 698 3522 768 longo

1971 783 2280 845 intervallo,
2322 792 2376 836 et
2408 784 2526 851 ejus
2553 785 2644 852 qui
2680 785 2826 847 fecit,
2861 794 2910 838 et
2936 801 3156 853 operum
3191 787 3360 854 ipsius
3387 797 3524 842 notae

1971 885 2022 928 et
2055 873 2252 928 indicia
2284 885 2410 928 sunt
2449 875 2722 928 distincta.
2759 875 2815 928 Si
2856 877 3020 942 igitur
3053 878 3104 930 in
3147 879 3268 930 aliis
3297 879 3522 948 quibus-

1972 963 2098 1017 dam
2135 964 2354 1017 haberet
2405 965 2638 1033 aliquam
2693 968 3127 1040 communionem
3181 967 3350 1022 Filius
3401 984 3522 1022 cum

1971 1063 2246 1116 creatura,
2275 1065 2548 1124 oporteret
2573 1059 2794 1109 omnino
2837 1057 3016 1111 dicere
3059 1073 3178 1112 cum
3227 1059 3524 1112 secundum

1970 1145 2298 1200 exsistcntia:
2331 1145 2546 1200 modum
2577 1163 2682 1200 non
2713 1145 2948 1202 diﬂ‘errc.
2981 1147 3134 1214 Quod
3163 1152 3208 1202 si
3233 1165 3421 1204 exsors
3443 1157 3526 1204 est

1970 1244 2217 1290 creatura
2271 1237 2456 1290 talium
2509 1253 2843 1307 quaecunque
2896 1240 2950 1292 in
3001 1240 3138 1294 Filio
3188 1241 3519 1295 didicimus:
3607 1283 3614 1289 .

1969 1323 2339 1379 necessarium
2395 1326 2588 1394 plane,
2641 1343 2814 1396 neque
2858 1332 3154 1384 secundum
3207 1333 3308 1386 hoc
3347 1333 3526 1388 dicere

1967 1415 2166 1470 habere
2218 1418 2674 1472 communionem.
2731 1419 2914 1490 Neque
2969 1423 3111 1477 eni'm
3167 1423 3220 1476 in
3261 1424 3526 1492 principio

1968 1515 2080 1559 erat
2109 1515 2379 1570 creatura,
2407 1524 2582 1577 neque
2607 1509 2750 1578 apud
2787 1510 2954 1565 Deum
2985 1519 3128 1575 erat,
3161 1529 3336 1581 neque
3385 1514 3526 1568 Deus

1969 1606 2102 1660 erat,
2127 1613 2300 1668 neque
2327 1601 2458 1664 vita,
2481 1616 2653 1669 neque
2683 1603 2794 1668 lux,
2831 1619 2936 1656 non
2974 1605 3320 1663 resurrectio,
3352 1621 3528 1673 neque

1969 1693 2178 1761 reliqua
2205 1693 2422 1746 nomina
2445 1709 2564 1762 qua:
2595 1693 2759 1748 Deum
2794 1694 3004 1757 decent,
3050 1704 3104 1746 ιιι
3133 1696 3334 1749 veritas
3361 1733 3375 1757 ,
3434 1696 3526 1765 ju-

1977 1783 2148 1846 stitia,
2171 1784 2546 1848 sanctiﬁcatio,
2570 1784 2756 1852 judex,
2781 1785 2982 1852 justus,
3003 1785 3177 1854 opifex
3209 1788 3530 1856 molitorque

1974 1874 2235 1938 universi,
2262 1875 2354 1943 qui
2372 1885 2456 1930 est
2485 1885 2608 1928 ante
2629 1877 2846 1940 sarcula,
2879 1877 3165 1931 moderans
3193 1877 3448 1930 saeculum
3474 1886 3528 1932 et

1971 1980 2203 2034 regnans
2239 1967 2293 2020 in
2328 1968 2584 2020 szcculum
2617 1975 2671 2022 et
2703 1968 2866 2028 ultra,
2919 1983 3026 2020 non
3055 1969 3312 2035 splendor
3344 1968 3530 2036 gloria:

1971 2063 2254 2119 creaturae,
2286 2073 2395 2112 non
2433 2059 2734 2120 character,
2767 2059 2880 2112 sive
2913 2071 3168 2126 expressa
3201 2058 3370 2112 forma
3397 2059 3530 2112 sub-

1975 2147 2210 2210 stantiae,
2247 2163 2356 2200 non
2390 2149 2651 2204 bonitatis
2683 2148 2876 2218 imago,
2911 2164 3020 2202 non
3051 2149 3244 2218 gratia,
3273 2163 3380 2202 non
3419 2149 3532 2202 vir-

1973 2243 2083 2298 tus,
2113 2251 2220 2290 non
2248 2238 2472 2300 veritas,
2501 2253 2610 2290 non
2643 2237 2812 2298 salus,
2845 2253 2952 2290 non
2985 2237 3306 2306 redemptio,
3352 2252 3530 2306 neque

1973 2328 2100 2396 quid
2127 2327 2396 2396 ejusmodi
2421 2343 2608 2382 eorum
2634 2343 2752 2398 quae
2801 2329 2866 2382 ad
2913 2329 3138 2397 gloriam
3177 2327 3449 2398 Unigeniti
3502 2345 3535 2382 ει

1977 2414 2256 2486 Scriptura
2287 2418 2566 2480 dicuntur,
2593 2419 2724 2472 nihil
2761 2420 2814 2472 in
2845 2427 3092 2472 creatura
3118 2436 3290 2488 neque
3315 2429 3394 2473 est
3441 2435 3536 2473 ne-

1978 2523 2082 2576 que
2115 2507 2332 2570 dicitur,
2373 2515 2430 2560 ut
2463 2507 2804 2562 sublimiores
2833 2509 2953 2562 illas
2997 2524 3156 2564 voces
3209 2511 3536 2578 praetermit-

1975 2605 2110 2662 tam,
2159 2599 2498 2667 nempe;Ego
2535 2601 2586 2652 in
2623 2601 2781 2652 l’atre
2807 2611 2856 2653 et
2893 2600 3048 2654 Pater
3079 2604 3136 2654 in
3172 2619 3289 2660 me;
3323 2611 3396 2664 et,
3431 2603 3536 2666 Qui

1975 2688 2104 2744 cidit
2141 2705 2240 2752 me,
2289 2689 2416 2742 vidit
2459 2699 2510 2742 et
2553 2687 2786 2750 Patrem.
2835 2699 2912 2753 et,
2951 2689 3146 2744 Nullus
3173 2693 3298 2744 vidit
3333 2690 3536 2744 Filium

1978 2779 2081 2831 nisi
2123 2777 2372 2832 Pater”.
2410 2778 2466 2831 Si
2517 2779 2681 2847 igitur
2729 2780 2852 2832 talia
2899 2789 2953 2834 et
3002 2791 3148 2834 tanta
3191 2781 3258 2834 de
3288 2789 3536 2834 creatura

1977 2875 2160 2937 posset
2192 2883 2370 2922 sermo
2403 2870 2608 2930 testari,
2649 2879 2792 2923 recte
2843 2871 2943 2939 ipsi
2975 2872 3284 2925 viderentur
3311 2887 3430 2940 qua:
3483 2873 3538 2924 in

1979 2961 2098 3029 ipsa
2132 2967 2471 3028 spectantur,
2507 2961 2901 3014 accommodari
2930 2977 3088 3031 posse
3117 2963 3430 3016 nationibus
3453 2963 3540 3016 his

1979 3067 2115 3120 quas
2145 3053 2212 3104 de
2249 3049 2540 3120 Unigenito
2568 3051 2764 3106 habere
2811 3053 3090 3114 debemus,
3141 3054 3542 3122 comparatione

1979 3142 2120 3196 facta
2151 3158 2338 3196 eorum
2367 3157 2488 3209 qua:
2537 3153 2662 3196 sunt
2709 3143 2948 3212 ejusdem
2997 3145 3210 3213 generis
3263 3144 3404 3200 inter
3459 3160 3538 3202 se.

1979 3235 2132 3300 Quod
2161 3238 2204 3290 si
2235 3251 2422 3288 omnes
2455 3235 2537 3288 hae
2571 3235 2818 3290 notiones
2841 3246 2894 3290 et
2925 3238 3141 3290 nomina
3171 3253 3291 3306 qua:
3320 3240 3386 3292 de
3407 3237 3542 3292 Filio

1980 3323 2256 3385 dicuntur,
2290 3336 2412 3376 cum
2448 3320 2604 3374 Patre
2631 3321 2826 3376 habent
2860 3322 3294 3376 communionem
3317 3361 3332 3386 ,
3363 3321 3544 3376 notio-

1985 3429 2084 3470 nes
2115 3424 2292 3467 autem
2324 3429 2442 3483 qua
2467 3413 2533 3468 de
2568 3423 2814 3468 creatura
2841 3421 2970 3468 sunt
3009 3424 3306 3482 superant,
3359 3428 3540 3470 annon

1980 3506 2082 3560 iste
2111 3507 2324 3574 sapiens
2355 3513 2408 3559 et
2441 3505 2610 3559 solers
2641 3505 2846 3573 pudore
2878 3505 3251 3566 confunditur,
3280 3505 3407 3560 dum
3443 3520 3542 3574 per

1980 3612 2044 3652 ea
2077 3611 2198 3664 qua:
2225 3597 2278 3649 in
2307 3603 2554 3650 creatura
2590 3595 3021 3656 cmisiderantur,
3049 3593 3115 3648 de
3135 3593 3362 3648 Domino
3389 3609 3542 3649 crea-

1983 3697 2136 3750 turae,
2178 3690 2324 3742 velut
2355 3687 2584 3740 naturali
2621 3687 2826 3740 ratione
2873 3685 3133 3750 disserit,
3171 3685 3401 3738 necdum
3453 3685 3542 3738 in-

1985 3779 2232 3848 telligens
2257 3778 2361 3829 alia
2387 3792 2508 3832 esse
2538 3776 2691 3846 signa
2719 3782 2770 3829 et
2795 3774 2998 3828 indicia
3025 3789 3118 3843 per
3144 3789 3264 3841 qua:
3291 3781 3542 3828 creatura

1983 3867 2360 3936 dignoscitur?
2377 3865 2574 3918 Eorum
2597 3864 2741 3918 enim
2760 3865 2999 3918 omnium
3025 3878 3142 3932 qua!
3159 3869 3304 3924 sunt,
3329 3877 3540 3916 summa

1984 3958 2179 4012 divisio
2229 3958 2282 4010 in
2320 3956 2370 4010 id
2395 3957 2538 4026 quod
2572 3965 2812 4010 creatum
2845 3965 2944 4018 est,
2969 3963 3022 4010 et
3046 3953 3188 4022 quod
3217 3955 3534 4015 increatum,

1987 4049 2330 4118 partitionem
2387 4047 2586 4102 habet:
2620 4047 2722 4102 hoc
2773 4047 2990 4116 quidem
3043 4051 3102 4100 ut
3150 4059 3370 4100 causam
3417 4045 3536 4111 ejus

1985 4139 2130 4210 quod
2161 4139 2360 4194 factum
2400 4147 2504 4201 est,
2548 4138 2681 4192 illud
2713 4153 2840 4190 vero
2871 4143 2928 4189 ut
2961 4135 3108 4188 illinc
3139 4133 3364 4188 factum.
3402 4134 3537 4188 Cum

1985 4233 2151 4302 igitur
2181 4239 2376 4284 natura
2410 4239 2590 4283 creata
2623 4236 2675 4283 et
2711 4227 2892 4282 divina
2937 4226 3174 4282 essentia
3215 4227 3286 4282 sit
3331 4227 3404 4280 ita
3455 4226 3539 4278 di-

1987 4328 2222 4390 stincta,
2272 4322 2588 4388 nullamque
2639 4321 2950 4374 societatem
3001 4318 3196 4372 habeat
3237 4314 3534 4370 secundum

324 4422 384 4471 ὲν
417 4421 481 4490 τῇ
515 4417 684 4470 κτίσει
713 4417 952 4486 φύσεως,
984 4417 1165 4480 καθώς
1193 4435 1323 4487 φησι
1353 4419 1452 4486 τῆς
1476 4421 1776 4489 παναρέτου
1807 4417 1877 4471 Σο

1989 4415 2365 4484 proprietates,
2398 4413 2596 4481 quibus
2623 4411 3039 4480 dignoscantur;
3067 4409 3290 4463 omnino
3319 4421 3540 4462 necesse

327 4511 454 4578 φίας
483 4513 511 4564 ό
550 4510 732 4577 λόγος,
765 4507 936 4579 ἀρχὴν
967 4509 1059 4562 καὶ
1086 4509 1233 4572 τέλος
1262 4510 1353 4562 καὶ
1389 4511 1654 4580 μεσότητα
1683 4513 1886 4580 χρόνων

327 4604 412 4668 ἐφ’
439 4601 632 4672 ἑαυτῆς
650 4599 1013 4664 δεικνυούσης,
1041 4601 1134 4654 καὶ
1159 4603 1290 4654 πᾶσι
1317 4603 1886 4673 συμπαρατεινομένης

326 4694 440 4754 τοῖς
463 4694 728 4762 χρονικοῖς
757 4690 1110 4760 διαστήμασι,
1138 4692 1340 4762 ταύτην
1363 4694 1458 4760 τὴν
1490 4695 1740 4764 ἰδιότητα,
1775 4689 1885 4752 οἷόν

325 4799 449 4834 τινα
476 4781 798 4852 χαρακτῆρα
819 4779 912 4832 τοῦ
939 4782 1295 4852 ὑποκειμένου
1319 4782 1683 4852 λαμϐάνομεν,
1720 4787 1776 4838 ἐν
1809 4784 1885 4853 τῷ

327 4874 544 4934 πάντως
587 4871 886 4958 καὶκάρχὴν
915 4873 1079 4926 αὐτοῦ
1130 4891 1248 4928 τινα
1289 4875 1387 4944 τῆς
1435 4875 1739 4938 συστάσεως
1768 4876 1886 4946 βλέ-

329 4982 474 5025 πειν,
499 4963 740 5032 καὶπρὸς
763 4965 820 5016 τὸ
853 4964 1011 5034 μέσον
1037 4966 1190 5040 ὁρᾷν,
1215 4965 1307 5018 καὶ
1336 4967 1468 5032 πρὸς
1493 4967 1553 5018 τὸ
1574 4966 1744 5037 πέρας
1768 4970 1887 5030 ταῖς

328 5054 510 5107 ἐλπίσι
579 5053 1119 5124 συμπαρατείνεσθαι.
1169 5053 1578 5124 Μεμαθήκαμεν
1644 5055 1748 5125 γὰρ
1807 5056 1886 5109 ὅτι

328 5139 454 5200 οὔτε
485 5143 542 5212 ἐξ
575 5146 742 5200 ἀϊδίου
766 5143 832 5216 ἦν
860 5147 887 5198 6
930 5147 1152 5216 οὐρανὸς
1173 5187 1186 5209 ,
1226 5147 1317 5199 καὶ
1353 5149 1385 5216 ἡ
1419 5147 1520 5217 γῆ,
1566 5147 1690 5201 οὔτε
1719 5149 1798 5210 είς
1828 5148 1887 5200 τὸ

331 5237 501 5290 ἀΐδιον
535 5240 686 5290 ἔσται
711 5277 726 5301 ,
762 5238 836 5300 ὡς
867 5240 930 5291 ὲκ
955 5239 1138 5292 τούτου
1173 5239 1328 5308 δῆλον
1371 5235 1528 5304 εἶναι,
1559 5241 1638 5291 ὅτι
1665 5241 1754 5293 καὶ
1780 5239 1887 5292 ἀπὸ

327 5317 504 5397 ἀρχῆς
535 5347 676 5392 τινος
717 5329 785 5382 τὰ
807 5330 930 5383 ὄντα
959 5331 1159 5401 ἤρξατο
1179 5371 1194 5394 ,
1233 5333 1324 5382 καὶ
1351 5333 1428 5395 εἴς
1455 5349 1506 5384 τι
1541 5333 1752 5393 πάντως
1790 5347 1888 5384 κα-

327 5421 548 5489 ταλήξει
579 5421 769 5492 πέρας.
825 5423 890 5474 Ἠ
932 5423 987 5475 δὲ
1031 5423 1148 5475 θεία
1183 5423 1339 5491 φύσις
1383 5423 1501 5476 κατ’
1547 5423 1696 5476 οὐδὲν
1725 5423 1887 5494 μέρος

327 5511 710 5584 περατουμένη
735 5553 750 5580 ,
785 5514 920 5568 ἀλλὰ
959 5515 1284 5586 πανταχόθεν
1329 5518 1386 5570 ὲν
1413 5515 1490 5587 τῷ
1518 5515 1750 5588 ἀορίστῳ
1779 5517 1886 5574 πᾶν

427 5693 471 5726 ¹⁵
486 5691 642 5770 Joan.
679 5709 790 5760 xw,
819 5693 872 5748 9.

1980 4515 2202 4562 estnon
2259 4521 2352 4574 per
2407 4505 2603 4558 similia
2642 4513 2926 4571 utramque
2977 4502 3310 4572 intelligere,
3365 4517 3540 4571 neque

1981 4598 2195 4652 easdem
2225 4604 2382 4650 notas
2422 4610 2516 4649 seu
2573 4595 2899 4664 cognitionis
2933 4594 3166 4664 insignia
3195 4610 3383 4649 eorum
3421 4609 3542 4662 quae

1983 4689 2280 4745 secundum
2303 4697 2512 4742 naturae
2543 4689 2806 4742 rationem
2829 4686 3053 4748 distant,
3087 4690 3380 4758 inquirere.
3403 4683 3564 4740 Cum'

1981 4779 2146 4850 igitur
2173 4787 2368 4832 natura
2405 4785 2610 4840 creata,
2643 4776 2782 4832 sicut
2811 4777 2886 4830 ait
2909 4773 3295 4844 omnipotentis
3313 4777 3542 4843 Sapien-

1986 4875 2072 4926 tia:
2099 4886 2300 4934 sermo,
2329 4870 2650 4940 principium
2685 4876 2737 4922 et
2772 4868 2931 4923 ﬁnem
2960 4879 3012 4922 et
3054 4867 3288 4922 medium
3334 4877 3539 4935 tempo-

1987 4978 2106 5014 rum
2143 4963 2198 5016 in
2231 4961 2408 5030 seipsa
2430 4961 2787 5024 demonstret,
2818 4967 2872 5012 et
2899 4972 3022 5010 cum
3051 4956 3303 5010 omnibus
3333 4963 3542 5024 tempo-

1989 5052 2194 5112 ralibus
2238 5052 2537 5106 intervallis
2568 5049 2890 5104 extendatur
2911 5087 2928 5114 ,
2959 5047 3100 5100 hanc
3155 5045 3540 5115 proprietatem

1989 5144 2138 5198 velut
2166 5143 2532 5198 characterem
2563 5139 2871 5212 quemdam,
2901 5137 2952 5190 id
2983 5143 3066 5192 est
3101 5146 3280 5190 notam
3309 5135 3540 5204 subjecti

1989 5236 2278 5300 sumimus,
2311 5235 2366 5289 in
2398 5249 2463 5288 eo
2495 5233 2641 5303 quod
2661 5231 2880 5302 aliquod
2915 5228 3240 5300 principium
3273 5243 3384 5282 sua:
3407 5243 3542 5282 con-

1991 5329 2292 5386 stitutionis
2338 5326 2586 5382 videmus
2609 5365 2624 5390 ,
2659 5335 2712 5380 et
2746 5325 2980 5378 medium
3025 5321 3299 5376 cernimus
3322 5360 3336 5382 ,
3373 5327 3427 5374 et
3474 5318 3542 5374 ad

1989 5432 2290 5477 extremum
2321 5418 2608 5475 terminum
2634 5431 2728 5486 spe
2753 5417 2956 5486 pariter
2983 5413 3346 5468 cxtendimur.
3394 5410 3544 5466 Didi-

1988 5517 2165 5574 cimus
2214 5513 2358 5570 enim
2403 5513 2546 5584 quod
2593 5509 2789 5566 cmlum
2839 5521 2950 5562 non
2993 5515 3078 5562 est
3116 5505 3182 5559 ab
3215 5515 3448 5568 interno,
3487 5517 3542 5564 et
