4034 6528
565 325 666 383 795

1857 322 1913 376 s.
1947 308 2264 377 anGonu
2303 316 2592 374 NYSSENI

3661 318 3751 375 796

563 451 733 503 terra,
759 454 933 509 neque
961 438 1016 492 in
1050 446 1311 493 aeternum
1342 436 1467 503 erit,
1503 444 1562 489 ut
1589 450 1653 489 ex
1695 448 1763 489 eo
1796 435 1866 487 sit
1911 435 2118 505 perspi-

2220 433 2427 504 πέρας,
2467 431 2813 487 διαϐαίνουσα
2840 472 2854 496 ,
2896 429 3177 502 πόρρωθέν
3222 429 3334 481 ἐστι
3378 428 3485 483 τῶν
3535 432 3621 483 ἐπὶ
3668 435 3751 504 τῆς

561 546 746 591 cuum,
781 529 921 601 quod
956 529 1025 582 ab
1050 528 1234 597 aliquo
1260 527 1527 597 principio
1557 539 1675 595 quae
1703 532 1829 578 sunt
1856 525 1908 577 iu
1940 540 2117 577 rerum

562 630 756 676 natura
785 628 1087 689 ceperunt,
1114 627 1167 673 et
1194 622 1246 672 in
1284 618 1503 686 aliquod
1543 624 1846 670 extremum
1897 631 2120 683 prorsus

560 714 829 768 desinent.
861 710 1050 764 Divina
1087 718 1266 764 autem
1306 720 1499 763 natura
1542 709 1691 761 nulla
1738 717 1889 776 parte
1934 709 2119 759 termi-

561 812 710 867 nata,
742 802 835 857 sed
872 801 1108 871 undique
1155 802 1209 855 in
1258 800 1529 854 inﬁnitum
1582 814 1796 853 omnem
1832 798 2117 851 terminum

562 908 870 964 permeans,
906 893 1065 961 longe
1091 891 1242 947 abest
1269 891 1337 945 ab
1363 891 1448 944 his
1476 890 1646 958 signis
1669 899 1723 943 et
1751 889 1893 943 notis
1923 904 2041 958 quae
2066 889 2119 942 in

503 1028 513 1049 ,
562 992 816 1039 creatura
843 984 1215 1037 inveniuntur.
1253 980 1462 1035 Etenim
1495 980 1853 1034 dimensionis
1903 995 2118 1049 expers,

509 1054 515 1071 ’
561 1076 679 1131 sine
700 1076 997 1144 quantitate
1018 1082 1072 1128 et
1090 1072 1559 1141 incircumscripta
1586 1070 1844 1139 potentia,
1864 1070 1917 1123 in
1941 1073 2122 1140 seipsa

561 1167 928 1235 complectens
961 1164 1178 1226 saecula,
1215 1170 1267 1217 et
1293 1177 1506 1217 omnem
1534 1178 1655 1231 quae
1691 1162 1743 1215 in
1780 1161 1916 1232 ipsis
1943 1162 2122 1215 conti-

560 1264 722 1311 netur
755 1262 1084 1317 creaturam,
1115 1263 1275 1323 atque
1304 1254 1450 1306 omni
1478 1268 1543 1305 ex
1587 1261 1742 1321 parte
1791 1254 2115 1307 saeculorum

561 1347 880 1401 inﬁnitatem
908 1347 1141 1417 propria:
1169 1355 1373 1399 natura:
1416 1345 1717 1399 aeternitate
1764 1361 2118 1415 exsuperans,

561 1436 648 1491 vel
674 1436 882 1489 nullum
912 1436 1075 1489 habet
1101 1435 1313 1504 signum
1350 1433 1493 1504 quod
1522 1441 1773 1486 naturam
1802 1435 1921 1501 ejus
1960 1435 2124 1502 signi-

561 1525 706 1591 ﬁcet,
742 1527 829 1581 vel
855 1527 1002 1580 aliud
1030 1525 1286 1593 quiddam
1317 1524 1558 1588 omnino,
1590 1534 1642 1578 et
1687 1526 1827 1593 quod
1875 1533 2121 1578 creatura

559 1633 670 1673 non
697 1618 878 1673 habet.
912 1618 1176 1683 Quoniam
1208 1616 1373 1685 igitur
1398 1616 1677 1686 proprium
1712 1624 1980 1670 creaturae
2014 1623 2117 1676 est.

558 1710 889 1780 principium
937 1710 1174 1770 habere,
1226 1708 1460 1762 alienum
1506 1724 1728 1777 prorsus
1772 1709 1839 1760 ab
1882 1709 2120 1761 increata

2221 527 2447 587 κτίσεως
2475 522 2873 593 εὑρισκομένων
2908 520 3165 591 σημείων.
3217 518 3279 570 Ἠ
3316 518 3426 589 γὰρ
3464 519 3753 584 ἀδιάστατος

2220 616 2315 667 ml.
2335 615 2534 676 ἄποτος
2562 612 2652 665 καὶ
2677 614 2779 665 ἀπε
2788 613 3083 683 ρίγραπτος
3110 609 3332 677 δύναμις
3348 651 3362 672 ,
3388 612 3444 660 ὲν
3467 610 3621 679 ἑαυτῇ
3647 615 3753 674 τοὺς

2220 704 2417 767 αἰῶνας
2446 705 2538 757 καὶ
2577 705 2754 756 πᾶσαν
2781 702 2877 772 τὴν
2909 705 2964 753 ὲν
2991 701 3198 761 τούτοις
3228 700 3420 769 ἔχουσα
3443 699 3642 759 κτίσιν,
3672 702 3753 755 καὶ

2222 796 2551 865 πανταχόθεν
2585 796 2681 863 τῆς
2713 794 2819 847 τῶν
2858 793 3066 847 αἰώνων
3113 793 3365 862 ἀπειρίας
3408 794 3474 861 τῇ
3522 792 3752 863 ἀῖδιότητι

2220 887 2320 955 τῆς
2358 886 2488 948 ἰδίας
2514 885 2991 956 ὑπερεκπῖπτουσα
3016 883 3255 951 φύσεως,
3287 884 3318 951 ἢ
3364 883 3512 935 οὐδὲν
3545 883 3649 953 ἔχει
3672 901 3754 955 ση-

2225 980 2374 1048 μεῖον
2401 978 2462 1029 τὸ
2495 975 2840 1047 καταμηνύον
2869 973 3154 1044 τὴναφύσιν
3173 1013 3188 1035 ,
3231 972 3263 1041 ἢ
3298 972 3425 1025 ἄλλο
3462 990 3512 1024 τι
3543 974 3753 1038 πάντως,

2221 1071 2314 1122 καὶ
2338 1071 2435 1138 οὑχ
2454 1070 2587 1140 ὅπερ
2613 1071 2645 1138 ὴ
2671 1067 2843 1130 κτίσις
2882 1067 3014 1141 ἔχει.
3058 1066 3212 1118 Ἐπεὶ
3238 1060 3329 1117 οὖν
3368 1065 3498 1117 ἴδιον
3528 1065 3623 1135 τῆς
3654 1066 3754 1119 κτί-

2224 1177 2357 1222 σεως
2381 1160 2439 1212 τὸ
2465 1158 2637 1229 ἀρχὴν
2668 1156 2810 1227 ἔχειν
2827 1198 2842 1223 ,
2867 1157 3144 1227 ἀλλότριον
3171 1158 3237 1213 ἂν
3275 1154 3358 1225 εἴη
3399 1156 3496 1225 τῆς
3526 1156 3755 1209 ἀκτίστου

2222 1251 2434 1320 φύσεως
2459 1252 2518 1302 τὸ
2552 1250 2647 1315 τῆς
2676 1249 2900 1311 κτίσεως
2932 1247 3083 1300 ίδιον.
3112 1247 3174 1298 Ei
3202 1247 3308 1316 γὰρ
3337 1245 3459 1297 καθ’
3489 1246 3755 1315 ὁμοιότητα

2222 1342 2444 1403 κτίσεως
2497 1341 2590 1392 καὶ
2622 1340 2717 1409 τὴν
2755 1339 2847 1392 τοῦ
2888 1337 3220 1406 Μονογενοῦς
3273 1336 3502 1407 ὓπαρξιν
3547 1337 3607 1390 ἐκ
3633 1354 3754 1401 τινος

2223 1432 2772 1501 καταλαμϐανομένης
2799 1431 2970 1499 ἀρχῆς
3002 1429 3347 1482 ὑποτίθεσθαί
3389 1446 3471 1491 τις
3510 1429 3752 1495 ἀξιώσειε,

2222 1524 2342 1575 κατ’
2373 1522 2612 1591 ἀνάγκην
2661 1522 2837 1574 πάντα
2882 1520 3022 1573 κατά
3057 1520 3150 1590 τὴν
3190 1519 3297 1572 τῶν
3334 1518 3533 1571 λοιπῶν
3559 1519 3755 1572 ἀκολούο

2224 1615 2371 1669 θείαν
2414 1615 2491 1685 τῷ
2542 1614 2668 1682 περὶ
2711 1613 2897 1665 τούτου
2936 1613 3077 1683 λόγῳ
3109 1613 3529 1680 συνεφαρμόσει.
3559 1612 3628 1663 Οὐ
3663 1611 3755 1682 γὰρ

2223 1707 2339 1761 ἔστι
2370 1686 2485 1777 ’τῆς
2515 1707 2683 1778 ἀρχῆς
2714 1705 2958 1776 δοθείσης
3010 1705 3085 1775 μὴ
3129 1704 3553 1774 συνομολογῆσαι
3589 1705 3673 1757 καὶ
3703 1704 3753 1758 τὸ

558 1808 779 1864 natura,
804 1800 949 1870 quod
977 1808 1241 1855 creaturae
1276 1808 1360 1854 est
1414 1803 1713 1870 preprium.
1756 1799 1813 1853 Si
1862 1800 2005 1853 enim
2049 1798 2116 1852 ad

2218 1799 2500 1869 ἑπόμενον.

566 1892 980 1947 similitudinem
1013 1904 1274 1947 creaturae
1321 1893 1486 1947 etiam
1526 1892 1803 1963 Unigeniti
1854 1892 2236 1948 exsistentiam
2300 1892 2368 1945 ab
2431 1891 2615 1960 aliquo
2673 1887 3148 1959 compreliensibili
3212 1886 3482 1957 principio
3524 1885 3751 1955 cci-pisse,

559 1998 867 2054 supponere
921 1984 1043 2052 quis
1088 1983 1404 2047 censuerit,
1455 1984 1764 2039 necessario
1811 1993 1865 2039 et
1899 1984 2119 2052 reliqua
2145 1997 2266 2053 quas
2298 1982 2363 2036 in~
2399 1990 2652 2038 creatura
2716 1980 3092 2045 inveniuntur,
3136 1978 3338 2034 rationi
3378 1977 3499 2047 ejus
3561 1992 3755 2032 accom-

558 2075 885 2130 modaverit.
913 2073 1045 2128 Non
1065 2074 1209 2129 enim
1239 2075 1508 2145 integrum
1557 2082 1641 2130 est
1686 2075 1813 2129 dato
1856 2074 2121 2144 principio
2158 2089 2266 2128 non
2292 2074 2454 2128 simul
2480 2073 2724 2128 confiteri
2747 2071 2891 2141 quod
2921 2072 3184 2140 sequitur.

635 2164 1105 2231 Quemadmodum
1130 2165 1274 2219 enim
1300 2166 1344 2219 si
1374 2166 1499 2234 quis
1528 2166 1800 2220 hominem
1830 2180 1952 2219 esse
1984 2180 2117 2219 cou-

560 2258 816 2321 cesserit,
851 2271 974 2326 qua:
998 2264 1126 2311 sunt
1156 2266 1363 2311 natura:
1384 2257 1635 2311 humanae
1656 2273 1779 2311 eum
1805 2258 2003 2312 habere
2021 2272 2118 2326 per

562 2347 709 2402 hanc
737 2346 1144 2402 confessionem
1191 2347 1478 2408 annexuit,
1515 2354 1568 2401 et
1611 2347 1814 2400 animal
1859 2348 2036 2417 ipsum
2064 2354 2119 2402 et

559 2435 832 2491 rationale
860 2433 1071 2499 dicens,
1094 2436 1210 2489 etsi
1240 2435 1370 2505 quid
1396 2434 1547 2488 aliud
1573 2436 1629 2490 ii
1659 2436 1877 2491 homine
1917 2437 2118 2490 intelli—

558 2528 732 2599 gitur:
798 2525 987 2582 eadem
1025 2527 1237 2581 ratione
1287 2528 1333 2581 si
1380 2542 1548 2581 unum
1602 2527 1732 2595 quid
1769 2543 1958 2582 eorum
1997 2542 2118 2598 quae

559 2618 783 2691 proprie
809 2625 1074 2673 creatura:
1118 2619 1512 2683 attribuuntur,
1559 2618 1626 2672 inn
1651 2618 1834 2673 divina
1867 2620 2109 2675 essentia

559 2709 1012 2775 intellexerimus,
1057 2708 1171 2778 jam
1242 2724 1349 2764 non
1391 2709 1550 2764 nobis
1585 2709 1814 2764 liberum
1860 2710 1965 2765 erit
2005 2725 2120 2764 am-

566 2802 710 2873 plius
738 2802 1002 2854 rationem
1056 2815 1246 2854 eorum
1291 2814 1411 2869 qua:
1455 2800 1509 2852 in
1549 2800 1665 2869 ipsa
1707 2790 2122 2854 considerantur

567 2902 782 2947 natura:
820 2890 1112 2944 immortali
1153 2904 1259 2943 non
1295 2890 1585 2958 applicare.
1617 2888 1947 2959 Principium
1977 2889 2119 2944 enim

556 2984 799 3039 violente
831 2988 885 3037 et
922 2985 1239 3036 necessario
1306 2980 1451 3048 quod
1493 2989 1616 3049 post
1652 2981 1827 3048 ipsum
1878 2980 2121 3050 sequitur

558 3074 740 3145 exiget
787 3091 800 3126 :
849 3072 1178 3141 principium
1253 3070 1396 3123 enim
1448 3070 1592 3138 quod
1654 3071 1733 3123 sic
1783 3070 2120 3138 intelligitur,

558 3179 748 3219 eorum
776 3179 897 3233 quae
923 3173 1044 3232 post
1090 3163 1272 3232 ipsum
1303 3167 1431 3215 sunt
1460 3162 1785 3231 principium
1813 3173 1914 3217 est.
1944 3161 2123 3228 Quare

559 3256 607 3311 si
638 3256 728 3309 illa
763 3254 986 3316 fuerint,
1023 3264 1077 3308 et
1134 3254 1235 3307 hoc
1261 3268 1383 3308 esse
1407 3267 1631 3308 necesse
1651 3261 1734 3307 est
1760 3271 1774 3307 :
1808 3253 1853 3308 si
1876 3267 2005 3307 vero
2032 3253 2123 3307 illa

559 3347 771 3402 sublata
831 3345 1052 3407 fuerint,
1109 3360 1281 3414 neque
1342 3345 1484 3414 quod
1550 3344 1817 3398 antecedit
1880 3359 2118 3399 manere.

2293 2164 2502 2237 Ὥσπερ
2552 2163 2660 2234 γὰρ
2697 2163 2750 2215 εί
2783 2180 2867 2225 τις
2901 2161 3182 2232 ἄνθρωπον
3224 2157 3366 2215 εἷναι
3396 2161 3509 2232 δοίη
3530 2201 3544 2226 ,
3573 2160 3658 2214 τὸν
3694 2160 3754 2215 τὰ

2216 2254 2317 2324 τῆς
2361 2253 2572 2322 φύσεως
2612 2254 2700 2307 διά
2740 2254 2839 2322 τῆς
2877 2251 3164 2322 ὁμολογίας
3207 2252 3409 2320 ταύτης
3454 2254 3749 2323 συνήρτησε,

2217 2345 2311 2399 καὶ
2340 2343 2474 2407 ζῶον
2506 2342 2667 2396 αὑτὸν
2713 2342 2808 2395 καὶ
2850 2342 3062 2410 λογικὸν
3092 2337 3227 2394 εἶναι
3265 2342 3439 2410 λέγων
3459 2383 3473 2407 ,
3503 2343 3592 2394 καὶ
3627 2343 3675 2395 εί
3706 2358 3752 2394 τι

2216 2438 2343 2491 ἄλλο
2377 2440 2577 2490 νοεῖται
2625 2437 2753 2507 περὶ
2802 2436 2891 2489 τὸν
2941 2436 3247 2506 ἄνθρωπον*
3310 2434 3570 2490 κατὰ-τὸν
3611 2434 3752 2486 αὑτὸν

2216 2529 2371 2597 λόγον
2398 2568 2413 2592 ,
2441 2530 2490 2582 εί
2522 2527 2581 2581 ἔν
2612 2545 2663 2581 τι
2689 2526 2797 2581 τῶν
2824 2527 2952 2598 περὶ
2980 2528 3078 2598 τὴν
3119 2527 3294 2579 κτίσιν
3346 2526 3640 2595 ίδιωμάτων
3675 2525 3753 2577 ἐπὶ

2215 2620 2313 2690 τῆς
2362 2619 2511 2683 θείας
2558 2620 2741 2683 οὐσίας
2783 2620 3253 2689 κατανοήσαιμεν,
3293 2618 3473 2671 οὐκέτ’
3519 2618 3599 2685 ἐφ’
3639 2617 3753 2685 ημῖν

2217 2709 2367 2763 ἔσται
2392 2750 2407 2775 ,
2440 2710 2531 2764 τὸν
2555 2710 2710 2778 λόγον
2739 2710 2845 2763 τῶν
2883 2710 2970 2762 ἐπ’
3021 2708 3188 2779 αὑτῆς
3233 2707 3644 2779 θεωρουμένων,
3689 2705 3752 2774 μὴ

2218 2799 2521 2870 ἐφαρμόσαι
2562 2801 2627 2869 τῇ
2671 2797 2931 2868 ἀκηράτῳ
2959 2796 3137 2865 φύσει.
3181 2794 3244 2847 Ἦ
3289 2795 3401 2865 γὰρ
3425 2794 3562 2864 ἀρχὴ
3589 2791 3750 2862 βιαίως

2216 2907 2275 2942 τε
2299 2891 2392 2943 καὶ
2415 2887 2723 2956 ἀναγκαίως
2750 2888 2811 2941 τὸ
2838 2887 2952 2957 μεθ’
2980 2885 3175 2956 ἑαυτὴν
3207 2886 3496 2938 ἀκόλουθον
3524 2884 3753 2953 ἐπιζητή-

2221 2999 2322 3034 σει·
2351 2983 2383 3053 ἡ
2415 2982 2523 3052 γὰρ
2542 2979 2683 3033 οὕτω
2705 2980 2966 3050 νοουμένη
2998 2979 3139 3050 ἀρχὴ
3160 2979 3266 3031 τῶν
3295 2979 3415 3049 μετ’
3433 2978 3595 3047 αὑτήν
3621 2978 3752 3029 ἐστιν

2219 3074 2387 3146 ἀρχὴ,
2419 3073 2559 3126 ὥστε
2614 3075 2661 3125 εί
2690 3075 2871 3126 ἐκεῖνα
2894 3072 2977 3143 εἴη
3006 3113 3021 3137 ,
3056 3073 3150 3125 καὶ
3187 3072 3393 3142 ταύτην
3421 3067 3583 3125 εἶναι·
3622 3070 3665 3122 εί
3701 3068 3749 3122 δὲ

2218 3167 2489 3235 ἀναιροῖτο
2517 3163 2583 3216 τὰ
2612 3164 2951 3234 συνημμένα,
2985 3164 3117 3234 μηδὲ
3155 3164 3215 3217 τὸ
3245 3163 3641 3235 προηγούμενον
3666 3160 3750 3232 μέ-

2219 3269 2349 3306 νειν.
2374 3253 2483 3321 Τῆς
2511 3253 2685 3305 τοίνυν
2713 3253 2900 3321 σοφίας,
2948 3252 3042 3306 καὶ
3102 3252 3376 3324 μεσότητα
3412 3254 3500 3307 καὶ
3528 3251 3665 3314 τέλος
3691 3252 3746 3319 τῇ

2220 3345 2359 3414 ἀρχῇ
2390 3342 2737 3415 προτιθείσης
2756 3382 2772 3407 ,
2801 3344 2849 3396 εί
2892 3343 3146 3414 λάϐοιμεν
3171 3344 3263 3397 ἐπὶ
3289 3345 3390 3414 τῆς
3415 3342 3506 3397 τοῦ
3539 3343 3748 3408 Μονογε-

558 3438 697 3491 Cum
724 3438 890 3506 igitur
940 3436 1205 3505 sapientia
1263 3444 1316 3488 et
1344 3434 1684 3489 medietatem
1709 3443 1762 3489 et
1790 3434 1946 3488 ﬁnem
1974 3435 2118 3505 prin-

2222 3436 2345 3498 νοῦς
2370 3436 2582 3503 φύσεως
2620 3436 2794 3506 ἀρχὴν
2822 3452 2942 3489 τινα
2966 3437 3073 3489 ἀπό
3101 3454 3245 3500 τινος
3274 3436 3498 3508 σημείου
3529 3431 3749 3506 ὁριζομέ-

559 3530 707 3600 cipio
740 3535 1041 3598 praeponat,
1085 3527 1129 3581 si
1163 3526 1215 3579 in
1266 3524 1538 3595 Unigeniti
1568 3535 1756 3578 natura
1790 3527 2116 3595 principium

560 3618 781 3690 aliquod
809 3618 929 3687 ejus
961 3616 1325 3671 subsistentia:
1358 3616 1427 3670 ab
1474 3616 1655 3685 aliquo
1694 3624 1893 3684 puncto
1943 3617 2118 3671 deter-

560 3711 826 3766 minatum
859 3707 1273 3778 sumpserimus.
1327 3707 1469 3761 sicut
1509 3706 1845 3775 dogmatizat
1872 3707 2113 3771 lueresis,

562 3801 749 3873 procul
786 3798 953 3852 dubio
1002 3796 1264 3851 concedet
1286 3795 1568 3864 sapientia,
1596 3796 1669 3848 'et
1702 3794 1860 3849 ﬁnem
1904 3803 1958 3849 et
1998 3812 2115 3851 me-

562 3893 710 3946 dium
738 3887 1008 3961 principio
1045 3888 1327 3958 copulare.
1350 3886 1504 3952 Quod
1539 3886 1583 3941 si
1606 3885 1711 3939 hoc
1741 3885 1853 3951 ﬁat,
1877 3886 2118 3941 invenie.

559 3992 650 4040 tur
710 3982 869 4036 nobis
910 3980 1196 4048 theologus
1248 3980 1348 4032 iste
1380 3979 1713 4048 argumentis
1747 3978 2119 4034 demonstrare

561 4072 730 4128 Deum
776 4071 1064 4125 mortalem
1106 4083 1248 4124 esse.
1298 4066 1355 4123 Si
1405 4068 1546 4122 enim
1606 4069 1931 4138 principium
1988 4068 2113 4123 finis

561 4164 861 4221 secundum
890 4163 1156 4217 rationem
1187 4160 1468 4230 sapientiae
1496 4160 1807 4215 necessario
1848 4161 2115 4230 sequitur,

560 4255 800 4310 medium
849 4254 1010 4307 etiam
1062 4252 1205 4306 inter
1258 4259 1500 4305 extrema
1558 4250 1959 4305 consideratur:
2027 4249 2125 4319 qui

560 4360 731 4401 unum
761 4343 990 4407 dederit,
1011 4350 1279 4413 potestate
1310 4350 1364 4397 et
1393 4342 1498 4396 alia
1526 4343 1688 4398 simul
1712 4342 1931 4406 astruit,
1968 4357 2120 4396 men-

561 4453 721 4494 suras
742 4444 796 4491 et
820 4443 1121 4491 extremum
1148 4436 1271 4488 vita:
1300 4434 1458 4488 ﬁnem
1523 4443 1730 4488 natura:
1752 4434 1972 4489 inﬁnita:
2025 4435 2128 4489 de-

564 4529 884 4585 terminans.
933 4527 1090 4593 Quod
1124 4528 1171 4581 si
1204 4531 1309 4581 hoc
1339 4528 1560 4597 impium
1592 4535 1676 4581 est
1716 4537 1769 4581 et
1799 4527 2116 4591 absurdum,

560 4621 755 4689 aequali
816 4620 898 4673 vel
935 4618 1099 4672 etiam
1133 4617 1336 4687 majore
1367 4620 1716 4672 accusatione
1759 4618 1981 4688 dignum
2010 4626 2114 4681 est,

566 4709 900 4780 principium
935 4707 1064 4761 dare
1105 4708 1343 4760 sermoni
1370 4707 1425 4760 in
1459 4708 1785 4775 impietatem
1818 4709 2115 4762 desinenti:

2219 3546 2314 3596 νην
2344 3530 2441 3598 τῆς
2482 3529 2825 3589 ὑποστάσεως
2851 3567 2866 3591 ,
2898 3526 3077 3591 καθὼς
3128 3528 3440 3599 δογματίζει
3481 3530 3513 3596 ή
3546 3528 3747 3597 αἵρεσις,

2218 3619 2278 3671 οὑ
2308 3619 2648 3689 συγχωρήσει
2679 3619 2893 3680 πάντως
2928 3620 2960 3687 ἠ
3005 3618 3163 3686 σοφία
3188 3658 3203 3681 ,
3245 3619 3320 3690 μὴ
3373 3620 3464 3673 καὶ
3508 3618 3566 3671 τὸ
3601 3616 3748 3686 πέρας

2218 3709 2397 3762 καὶτὸ
2432 3709 2593 3779 μέσον
2621 3711 2686 3779 τῇ
2728 3711 2867 3780 ἀρχῇ
2903 3710 3254 3780 συναρτῆσαι.
3295 3712 3361 3765 Et
3392 3711 3449 3765 δὲ
3489 3708 3636 3763 τοῦτο
3672 3705 3747 3774 γέ.

2218 3817 2379 3863 νοιτο,
2407 3800 2762 3872 εὑρεθήσεται
2791 3802 2921 3871 ἡμῖν
2945 3801 2974 3852 ὁ
3004 3800 3245 3869 θεολόγος
3263 3839 3278 3864 ,
3312 3802 3500 3872 θνητὸν
3531 3802 3633 3862 τοῖς
3654 3799 3749 3849 ὲπι-

2217 3891 2543 3961 χειρήμασιν
2571 3889 2935 3944 ἀποδεικνύων
2973 3890 3035 3943 τὸ
3069 3889 3241 3945 Θεῖον.
3282 3893 3348 3945 Ei
3378 3892 3485 3962 γὰρ
3524 3892 3585 3959 τῇ
3623 3887 3746 3958 ἀρχῇ

2217 3981 2277 4033 τὸ
2298 3981 2447 4045 τέλος
2472 3981 2611 4034 κατὰ
2637 3981 2727 4035 τὸν
2762 3980 2864 4050 τῆς
2919 3981 3109 4050 σοφίας
3145 3981 3300 4050 λόγον
3337 3981 3634 4050 ἀναγκαίως
3669 3978 3749 4044 ἐφ-

2219 4074 2425 4135 έπεται,
2445 4075 2539 4127 καὶ
2568 4074 2628 4126 τὸ
2656 4073 2816 4144 μέσον
2844 4074 3184 4143 ὲνθεωρεῖται
3209 4078 3320 4139 τοῖς
3356 4075 3601 4146 πέρασιν·
3651 4071 3676 4123 ὁ
3696 4066 3748 4120 τὸ

2218 4163 2275 4216 ἓν
2319 4164 2440 4226 δοὺς
2462 4204 2476 4229 ,
2508 4166 2572 4234 τῇ
2609 4160 2832 4233 δυνάμει
2881 4166 2975 4217 καὶ
3020 4164 3089 4216 τὰ
3115 4164 3247 4219 ἄλλα
3283 4159 3744 4235 συγκατεσκεύασε,

2222 4255 2393 4325 μέτρα
2425 4256 2518 4308 καὶ
2549 4255 2719 4326 πέρας
2761 4255 2909 4325 ζωῆς
2955 4256 3150 4328 ὁρίζων
3193 4260 3273 4329 τῇ,
3308 4258 3539 4330 ἀορίστῳ
3589 4253 3744 4322 φύσει.

2219 4348 2282 4399 Εἰ
2318 4346 2374 4398 δὲ
2402 4346 2557 4398 τοῦτο
2580 4345 2774 4408 ἀσεϐές
2814 4362 2873 4398 τε
2903 4347 2995 4399 καὶ
3021 4348 3249 4414 ἄτοπον,
3283 4350 3383 4419 τῆς
3418 4340 3557 4416 ῐσης
3590 4343 3618 4412 ἦ
3666 4338 3746 4394 καὶ

2223 4436 2476 4507 μείζονος
2523 4437 2671 4503 ἄξιον
2717 4436 3049 4507 κατηγορίας
3085 4440 3199 4492 ἐστὶ
3225 4480 3240 4503 ,
3283 4441 3345 4493 τὸ
3376 4439 3544 4511 ἀρχὴν
3589 4432 3746 4488 δοῦναι

2218 4526 2295 4596 τῷ
2323 4525 2464 4596 λόγῳ
2489 4525 2565 4596 τῷ
2593 4524 2843 4579 ἀσέϐειαν
2866 4526 3079 4594 λέγοντι
3098 4543 3114 4556 ⁸
3151 4528 3292 4597 ἀρχὴ
3315 4528 3372 4581 δὲ
3404 4528 3501 4596 τῆς
3522 4521 3746 4589 τοιαύτης

2219 4618 2443 4679 ἀτοπίας
2476 4618 2679 4686 ἐφάνη,
2726 4618 2791 4671 τὸ·
2822 4619 2879 4669 ὲν
2921 4619 3061 4689 ἀρχῇ
3109 4636 3211 4671 τινι
3257 4612 3745 4691 περιγεγραμμένην

2219 4707 2311 4759 τοῦ
2352 4707 2480 4759 Ὶῖίοὺ
2514 4707 2610 4776 τὴν
2638 4706 2781 4779 ζωὴν
2812 4709 3047 4778 νομίσαι.
3083 4710 3243 4763 Ὥστε
3268 4711 3409 4763 δυοῖν
3443 4709 3653 4773 θάτερον
3674 4740 3687 4765 ν
3713 4696 3742 4766 ἦ

563 4779 733 4871 bujus
773 4809 953 4854 autem
989 4797 1349 4853 absurditatis
1384 4798 1711 4867 principium
1760 4799 1883 4852 inde
1914 4800 2113 4859 elucet,

2221 4799 2609 4868 μεταθήσονται
2644 4800 2779 4870 πρὸς
2819 4800 2908 4852 τὸν
2958 4800 3262 4868 ὑγιαίνοντα
3307 4802 3460 4869 λόγον
3512 4794 3609 4849 ὑπὸ
3648 4788 3741 4842 τῶν

563 4892 709 4962 quod
757 4889 1077 4943 existiment
1127 4887 1292 4939 vitam
1356 4885 1479 4940 Filii
1536 4887 1643 4941 alio
1702 4888 2119 4955 circumscripto

563 4980 835 5052 principio
868 4992 991 5032 esse
1014 4977 1355 5031 conclusam.
1386 4975 1567 5042 Quare
1598 4976 1828 5031 duorum
1862 4977 2115 5037 alterum,

565 5072 646 5124 vel
684 5069 1040 5122 mutabuntur
1074 5064 1141 5119 ad
1183 5081 1376 5119 sanum
1424 5081 1732 5121 sermonem
1769 5081 1866 5134 per
1902 5080 1965 5119 ea
1996 5081 2119 5135 qua:

563 5158 712 5211 dicta
760 5166 889 5210 sunt
936 5154 1133 5219 coacti,
1178 5165 1230 5209 et
1271 5170 1393 5208 cum
1435 5154 1613 5209 Patris
1645 5155 1951 5209 azteruitate
1995 5172 2116 5210 eum

561 5248 657 5316 qui
688 5262 753 5302 ex
789 5247 884 5299 illo
914 5256 1016 5309 est,
1044 5245 1595 5315 contemplabuntur;
1628 5248 1711 5301 vel
1752 5247 1859 5301 nisi
1892 5248 1995 5301 hoc
2031 5264 2127 5301 ve—

563 5341 688 5401 lint,
722 5345 957 5406 utroque
992 5344 1236 5392 extremo
1276 5338 1650 5393 terminabunt
1688 5337 1814 5392 Filii
1841 5338 2118 5393 aeternita-

566 5441 698 5492 tem,
756 5442 951 5498 nempe
998 5428 1271 5498 principio
1320 5439 1374 5484 et
1430 5431 1560 5492 line,
1624 5428 1947 5484 inﬁnitatem
1996 5429 2120 5483 vita:

562 5521 740 5591 ipsius
771 5519 839 5574 ad
875 5520 929 5573 id
964 5521 1108 5591 quod
1144 5536 1254 5575 non
1301 5520 1523 5576 exsistit
1564 5521 1916 5577 adducentes.
1962 5519 2118 5588 Quod

564 5613 610 5667 si
656 5619 709 5665 et
749 5612 1059 5667 animorum
1100 5623 1153 5668 et
1185 5612 1505 5682 angelorum
1561 5620 1757 5667 natura
1805 5611 1911 5667 ﬁne
1942 5621 2112 5678 caret,

565 5718 741 5773 neque
766 5702 1084 5772 prohibetur
1111 5704 1165 5759 in
1201 5711 1465 5762 aeternum
1499 5704 1832 5776 perpetuari,
1877 5704 2006 5778 quia
2042 5706 2113 5762 sit

2216 4887 2518 4958 εἰρημένων
2541 4888 2991 4958 ἀναγκαζόμενοι,
3024 4890 3117 4942 καὶ
3146 4891 3211 4960 τῇ
3242 4889 3335 4942 τοῦ
3362 4887 3569 4957 Πατρὸς
3602 4875 3742 4934 ἀῖδιό-

2215 4995 2335 5048 τητι
2387 4980 2474 5032 τὸν
2505 4978 2564 5043 ἐξ
2596 4980 2805 5032 ἐκείνου
2834 4980 3316 5050 συνθεωρήσουσιν⁹
3357 4982 3389 5052 ἢ
3422 4982 3467 5032 at
3512 4974 3581 5046 μὴ
3608 4966 3741 5023 τοῦτο

2217 5069 2486 5140 βούλοιντο
2507 5112 2521 5135 ,
2561 5071 2682 5124 καθ’
2714 5071 2968 5140 ἑκάτερον
3005 5071 3379 5143 περατώσουσι
3423 5061 3513 5122 τού
3543 5060 3658 5116 Υἱοὺ
3692 5055 3740 5109 τὸ

2216 5162 2380 5214 ἀΐδιον
2403 5201 2419 5224 ,
2459 5163 2524 5231 τῇ
2554 5161 2693 5232 ἀρχῇ
2728 5163 2822 5216 καί¹
2844 5162 2922 5231 τῷ
2959 5162 3099 5215 τέλει
3136 5164 3195 5215 τδ
3221 5163 3442 5234 ἄπειρον
3469 5152 3620 5211 αὑτοῦ
3654 5146 3738 5213 τῆς

2219 5252 2361 5322 ζωῆς
2388 5254 2465 5315 εἰς
2496 5253 2556 5305 τὸ
2591 5251 2932 5323 ἀνύπαρκτον
2971 5254 3211 5321 ἄγοντες.
3237 5253 3300 5306 Εἰ
3331 5254 3387 5306 δὲ
3421 5244 3740 5309 ἀτελεύτητος

2216 5342 2320 5396 καὶ.
2339 5343 2446 5396 τῶν
2478 5344 2663 5413 ψυχῶν
2690 5347 2783 5396 καὶ
2805 5343 2910 5396 τῶν
2932 5343 3176 5411 ἀγγέλων
3207 5345 3240 5414 ὴ
3269 5342 3429 5414 φύσις
3449 5379 3464 5404 ,
3490 5336 3578 5390 καὶ
3607 5325 3736 5414 οὐδὲν

2216 5433 2479 5488 κωλύεται
2512 5436 2591 5498 είς
2621 5435 2683 5486 τὸ
2710 5435 2874 5487 ἀΐδιον
2903 5436 3163 5506 προϊέναι,
3190 5413 3395 5488 διὰίτοῦ
3426 5431 3515 5486 καὶ
3542 5413 3737 5483 κτιστὴν

2215 5520 2373 5590 εἶναι,
2408 5525 2502 5578 καὶ
2537 5524 2644 5577 ἀπό
2670 5540 2812 5587 τινος
2835 5523 2930 5595 τὴν
2959 5524 3129 5595 ἀρχὴν
3155 5526 3251 5595 τῆς
3280 5521 3576 5578 συστάσεως
3596 5512 3737 5575 ἐσχη·

2167 5647 2170 5650 ~
2220 5616 2391 5680 κέναι,
2428 5616 2517 5678 ὡς.
2532 5615 2618 5668 διὰ
2649 5615 2834 5668 τούτου
2858 5614 3114 5668 δύνασθαι
3140 5614 3206 5668 ἂν
3244 5617 3336 5669 καὶ
3373 5611 3462 5667 ἐπὶ
3494 5602 3581 5659 τοῦ
3622 5597 3736 5680 Χριλ·

2223 5708 2346 5761 στοῦ
2387 5707 2447 5760 τὸ
2473 5702 2586 5759 ἴσον
2634 5707 2757 5769 τοὺς
2801 5706 3147 5771 ὑπεναντίους
3178 5707 3373 5764 εἰπεῖν·
3418 5703 3490 5764 ὡς
3538 5678 3751 5766 μήτεέί
