4034 6486
322 313 425 370 197

1425 309 1692 366 CONTRA
1724 309 2104 374 EUNONIUM,
2147 310 2271 364 LIB.
2315 309 2446 364 Vlll.

3439 315 3538 374 793

321 428 493 482 ἀῗδίου
522 428 671 490 ὄντος
709 429 801 482 καὶ
843 431 920 492 εἰς
962 429 1019 483 τὸ
1048 431 1398 501 ἀτελεύτητον
1449 431 1878 505 παρατείνοντος.

1989 439 2170 483 creata
2213 439 2265 483 et
2301 429 2368 483 ab
2404 429 2588 498 aliquo
2641 431 2968 500 principium
3012 448 3123 488 sua:
3166 433 3538 492 subsistentia:

336 521 394 573 '0
417 519 586 573 ταῦτα
615 521 900 592 προφέρων
939 525 1159 575 κάκεῖνα
1189 523 1498 590 λογιζέσθω,
1528 524 1649 576 ὅσον
1681 521 1877 592 μεταξὺ

323 610 424 682 τῆς
445 613 724 682 κτίσεωςὴ
756 612 941 683 θεότης
973 614 1167 684 ἕστηκε
1203 618 1310 678 τοῖς
1341 615 1610 685 ἰδιώμασι.
1647 615 1754 683 Τῆς
1784 615 1880 683 μὲν

323 705 430 774 γὰρ
463 705 709 774 θεότητος
741 705 869 756 ἴδιον
896 705 956 757 τὸ
985 707 1226 768 ἀνενδεὲς
1277 707 1475 768 παντὸς
1522 706 1613 758 τοῦ
1647 705 1784 758 κατά
1822 705 1881 757 τὸ

322 797 523 863 ἀγαθὸν
559 796 922 865 θεωρουμένου
964 799 1227 866 νοήματος
1249 816 1260 829 ·
1293 799 1406 868 ἠδὲ
1454 797 1623 860 κτίσις
1660 799 1722 849 ὲκ
1755 813 1883 866 μετ-

320 888 452 956 οχῆς
492 887 584 939 τοῦ
619 887 879 956 βελτίονος
905 889 961 940 ἐν
986 888 1065 956 τῷ
1096 889 1242 958 καλῴ
1286 889 1488 956 γίνεται
1509 907 1522 919 '
1551 889 1668 956 ἥτις
1702 889 1760 940 οὐ
1789 887 1880 956 μό-

323 994 412 1030 νον
444 976 536 1029 τοῦ
565 973 700 1029 εἶναι
728 976 948 1048 ἤρξατο,
983 978 1115 1030 ἀλλὰ
1141 979 1234 1031 καὶ
1259 978 1348 1030 τοῦ
1377 981 1434 1030 ἐν
1460 978 1536 1048 τῷ
1566 978 1710 1047 καλῷ
1746 973 1880 1030 εἶναι

322 1072 549 1122 πάντοτε
599 1068 684 1120 διὰ
713 1069 811 1136 τῆς
855 1069 989 1139 πρὸς
1022 1069 1081 1121 τὸ
1119 1072 1360 1138 κρεῖττον
1402 1069 1777 1135 ὲπαυξήσεως,
1825 1071 1881 1120 ἐν

323 1157 400 1228 τῷ
439 1157 698 1227 ἄρχεσθαι
747 1157 1232 1228 καταλαμβάνεται.
1302 1159 1445 1211 Διότι
1497 1158 1748 1210 οὐδέποτε
1793 1160 1882 1209 ἐπὶ

322 1250 416 1302 τοῦ
452 1249 880 1318 κατειλημμένου
909 1249 1150 1301 ἵσταταιο
1183 1249 1316 1301 ἁλλά
1346 1250 1450 1302 πᾶν
1477 1249 1537 1300 τὸ
1574 1247 1768 1318 κτηθὲν
1796 1247 1881 1300 διὰ

323 1341 422 1409 τῆς
475 1340 758 1409 μετουσίας
797 1340 934 1409 ἀρχὴ
959 1341 1054 1409 τῆς
1081 1340 1214 1410 πρὸς
1240 1339 1299 1392 τὸ
1325 1340 1504 1410 μεῖζον
1531 1339 1713 1392 ἀνόδου
1737 1340 1879 1406 γίνε-

322 1449 431 1484 ται.
464 1431 574 1484 Καὶ
600 1431 736 1484 κατά
763 1432 856 1501 τὴν
886 1430 1093 1482 Παύλου
1125 1431 1301 1499 φωνὴν
1324 1473 1338 1494 ,
1373 1431 1622 1483 οὐδέποτε
1653 1430 1880 1482 παύεται

321 1525 432 1585 τοῖς
461 1520 762 1591 ἔμπροσθεν
795 1521 1206 1590 ὲπεκτεινομένη
1231 1561 1244 1579 .
1275 1520 1364 1572 καὶ
1391 1520 1554 1590 λήθην
1585 1521 1880 1589 ποιουμένη

321 1615 430 1667 τῶν
460 1614 702 1667 ὄπισθεν.
757 1614 907 1666 Ἐπεὶ
935 1611 1025 1666 οῦν
1055 1616 1088 1683 ἠ
1117 1614 1212 1682 μὲν
1248 1613 1433 1682 θεότης
1468 1613 1706 1682 αύτοξωή
1744 1616 1877 1665 ἐστι’

323 1706 452 1769 Θεὸς
479 1706 533 1758 δὲ
573 1707 600 1758 6
646 1707 935 1776 μονογενὴς
961 1745 976 1768 ,
1023 1704 1152 1767 Θεὸς
1195 1705 1289 1756 καλ⁵
1319 1703 1464 1774 ζωὴ,
1498 1705 1589 1756 καὶ
1637 1704 1878 1774 ἀλήθεια,

322 1797 417 1850 καὶ
448 1797 552 1848 πᾶν
591 1795 716 1847 εἴτι
758 1795 955 1864 ὑψηλὸν
1003 1794 1094 1846 καὶ
1128 1793 1422 1864 θεοπρεπὲς
1462 1797 1574 1846 ἐστι
1615 1793 1818 1863 νόημαο
1847 1795 1880 1863 ἡ
1917 1771 1956 1824 Β

323 1887 380 1940 δὲ
414 1887 586 1949 κτίσις
636 1885 840 1938 ἐκεῖθεν
887 1885 993 1938 τῶν
1025 1885 1240 1954 ἀγαθῶν
1287 1885 1550 1953 λαμϐάνει
1590 1885 1686 1954 τὴν
1717 1901 1879 1953 χορη-

323 1978 466 2046 γίαν·
493 1977 720 2048 φανερὸν
745 1979 806 2029 ἐκ
831 1975 1032 2029 τούτων
1063 1975 1127 2028 ἂν
1159 1977 1263 2046 εἴη,
1286 1975 1366 2028 ὅτι
1397 1975 1552 2044 εἴπερ
1581 1974 1882 2044 μετέχουσα

321 2071 422 2140 τῆς
453 2069 635 2137 ζωῆς,
689 2070 746 2120 ὲν
779 2067 854 2137 τῷ
906 2069 1002 2138 ζῇν
1051 2071 1199 2120 ὲστιτ
1237 2068 1329 2119 καὶ
1378 2068 1426 2119 εί
1475 2065 1739 2118 παύσαιτο
1785 2065 1884 2133 τῆς

325 2147 643 2232 μετουσίας,
689 2160 782 2213 καὶ
811 2159 901 2212 τοῦ
937 2163 992 2212 ἐν
1025 2159 1100 2228 τῷ
1136 2159 1234 2229 ζῇν
1268 2155 1404 2212 εἶναι
1438 2157 1702 2211 παύσεται
1746 2157 1882 2209 πάν-

319 2269 446 2314 τως.
483 2251 541 2303 Εἰ
577 2251 674 2320 μὲν
702 2245 791 2302 οῦν
821 2250 912 2302 καὶ
945 2251 1070 2318 περὶ
1096 2250 1188 2302 τοῦ
1212 2248 1526 2320 μονογενοῦς
1550 2248 1680 2301 Θεοῦ
1714 2247 1884 2302 ταῦτα

320 2342 497 2410 λέγειν
525 2340 792 2411 τολμῶσιν
816 2379 830 2403 ,
861 2341 962 2393 ὅσα
987 2341 1114 2410 περὶ
1140 2343 1238 2410 τῆς
1278 2340 1503 2402 κτίσεως
1537 2338 1731 2408 ἀληθές
1773 2341 1892 2390 ἐστι

319 2433 535 2502 λέγειν,
588 2434 681 2488 καὶ
734 2432 888 2486 τοῦτο
943 2432 1080 2501 μετά
1143 2433 1360 2485 πάντων
1416 2432 1751 2500 λεγέτωσαν,
1805 2431 1893 2484 ὅτι.

319 2525 518 2595 ὁμοίως
546 2527 609 2594 τῇ
656 2524 826 2576 κτίσει
858 2525 950 2578 καὶ
975 2525 1068 2577 τοῦ
1101 2521 1238 2578 εἶναι
1283 2525 1509 2597 ἄρχεται
1535 2563 1550 2587 ,
1582 2526 1673 2577 καὶ
1704 2527 1760 2577 ὲν
1807 2524 1884 2593 τῷ

321 2615 425 2686 ζῇν
473 2613 598 2667 καθ’
648 2615 936 2684 ὁμοιότητα
976 2614 1084 2667 τῶν
1118 2616 1301 2685 ψυχῶν
1352 2616 1612 2686 διαμένει.
1651 2616 1710 2667 Εἰ
1756 2614 1811 2666 δὲ
1858 2615 1886 2664 6

323 2708 424 2779 μὲν
456 2705 696 2778 αὐτοζωή
729 2709 842 2759 ἐστι
863 2746 878 2770 ,
907 2709 1000 2760 καὶ
1027 2707 1120 2760 τοῦ
1157 2709 1473 2760 ἐπείσακτον
1506 2709 1646 2778 ἔχειν
1674 2709 1729 2758 ὲν
1765 2708 1888 2758 ἑαυ-

319 2798 398 2868 τῷ
419 2798 518 2868 τὴν
549 2799 689 2868 ζωὴν
721 2798 782 2850 ού
814 2798 1124 2869 προσὸέεται
1150 2816 1164 2829 ’
1206 2798 1272 2851 τὰ
1299 2799 1354 2851 δὲ
1385 2798 1517 2851 ἄλλα
1552 2798 1725 2850 πάντα
1769 2795 1887 2865 οὐχὶ

321 2888 434 2960 ζωή
467 2892 630 2952 ἐστιν,
663 2889 794 2967 ἀλλὰ
827 2889 1122 2959 μεθεκτικά
1155 2891 1253 2958 τῆς
1295 2891 1438 2959 ζωῆς
1465 2891 1690 2959 γίνεται.

1991 522 2210 583 haheat,
2248 523 2317 574 ita
2352 532 2409 574 ut
2434 538 2526 590 per
2554 523 2654 574 hoc
2682 523 2978 576 adversarii
3009 526 3221 593 possint
3247 527 3300 579 in
3324 527 3540 581 Christo

1996 611 2136 664 idem
2173 611 2376 673 dicere,
2408 612 2550 680 quod
2579 615 2823 680 quamvis
2849 627 2954 665 non
2982 613 3052 666 sit
3083 614 3152 667 ab
3181 624 3412 672 aeterno.
3454 625 3537 668 ta-

1986 715 2109 753 men
2137 700 2191 753 in
2222 708 2482 754 aeternum
2518 716 2576 754 se
2623 703 2925 770 protendat.
2981 702 3082 768 Qui
3132 704 3244 758 haec
3295 706 3534 774 profert,

1982 794 2144 845 etiam
2177 793 2266 845 illa
2298 807 2479 847 secum
2513 801 2757 862 reputet,
2788 803 3049 862 quantum
3081 795 3241 850 distet
3286 799 3538 854 divinitas

1983 899 2012 936 a
2044 895 2317 947 creatura,
2343 901 2437 953 per
2472 885 2831 954 pr0prietates
2860 902 2980 955 quae
3012 887 3064 941 in
3108 903 3171 942 ea
3209 899 3353 944 sunt.
3403 889 3537 943 Nam

1983 974 2284 1028 divinitatis
2315 975 2530 1044 quidem
2569 976 2846 1044 proprium
2905 986 2987 1032 est
3017 979 3160 1032 nulla
3188 996 3306 1049 qua:
3344 996 3540 1034 secun-

1983 1064 2110 1117 dum
2147 1064 2346 1118 bonum
2380 1074 2653 1133 spectetur
2703 1067 2924 1120 notione
2973 1067 3246 1138 indigere;
3289 1078 3538 1123 creatura

1988 1170 2118 1207 vero
2164 1155 2404 1208 melioris
2456 1155 2866 1224 participatione
2916 1157 2970 1210 in
3013 1159 3240 1226 pulchro
3275 1160 3363 1221 tit,
3421 1175 3539 1226 qua:

1983 1242 2198 1312 quidem
2232 1260 2340 1296 ιιοιι
2385 1245 2557 1298 solum
2591 1261 2707 1299 esse
2744 1249 2906 1315 cmpit
2934 1285 2948 1306 ,
2996 1247 3088 1300 sed
3122 1248 3280 1301 etiam
3329 1264 3540 1318 semper

1982 1335 2405 1403 deprehenditur
2439 1336 2675 1406 incipere
2705 1337 2758 1390 in
2791 1339 3015 1406 pulchro
3047 1356 3184 1402 esse,
3215 1348 3432 1409 propter
3457 1342 3539 1394 in-

1983 1437 2318 1481 crementum
2359 1444 2467 1497 quo
2517 1445 2731 1497 semper
2773 1430 2938 1484 tendit
2993 1431 3045 1484 in
3100 1433 3311 1485 melius.
3363 1431 3539 1496 Quare

1981 1531 2258 1584 nunquam
2297 1518 2353 1570 in
2383 1517 2865 1588 comprehensione
2897 1523 3063 1571 totius
3096 1519 3218 1571 boni
3253 1519 3534 1580 consistit,

1983 1607 2077 1661 sed
2123 1623 2284 1661 omne
2335 1609 2476 1676 quod
2536 1619 2746 1678 partum
2801 1618 2883 1664 est
2932 1625 3024 1679 per
3072 1610 3537 1679 participationem

1985 1701 2308 1769 principium
2340 1702 2396 1753 tit
2425 1715 2684 1756 ascensus
2713 1701 2778 1755 ad
2807 1701 2857 1755 id
2888 1702 3030 1770 quod
3079 1701 3271 1755 melius
3315 1709 3418 1757 est.
3473 1699 3539 1754 Et

1982 1792 2134 1860 juxta
2169 1790 2317 1845 Pauli
2361 1807 2582 1854 vocem,
2631 1809 2907 1862 nunquam
2952 1801 3131 1847 cessat
3169 1793 3235 1848 ad
3264 1793 3537 1846 anteriora

1984 1883 2276 1937 extendere
2318 1898 2375 1937 se
2405 1891 2458 1937 et
2497 1883 2740 1936 oblivisci
2775 1899 2961 1937 eorum
2989 1901 3109 1953 qua:
3146 1891 3271 1938 sunt
3302 1891 3446 1938 retro
3473 1882 3536 1936 ¹⁶.

1985 1972 2250 2034 Quoniam
2280 1973 2443 2040 igitur
2472 1971 2732 2027 divinitas
2787 1973 2902 2042 ipsa
2927 1974 3034 2026 vita
3061 1985 3159 2037 est,
3192 1973 3335 2028 Deus
3361 1983 3539 2028 autem

1987 2063 2301 2132 unigenitus
2336 2063 2476 2118 Deus
2510 2072 2563 2118 ct
2590 2065 2720 2124 vita,
2749 2073 2800 2117 et
2825 2065 3026 2118 veritas
3051 2105 3064 2127 ,
3097 2076 3148 2118 et
3181 2064 3542 2134 quodcunque

1985 2153 2264 2207 excelsum
2297 2161 2350 2208 et
2395 2153 2505 2209 Deo
2526 2154 2779 2208 decorum
2810 2155 3034 2224 cegitari
3066 2164 3264 2224 potest,
3293 2164 3541 2211 creatura

1989 2259 2116 2297 vero
2145 2243 2291 2296 illinc
2335 2244 2598 2299 bonorum
2639 2247 3198 2301 subministrationem
3257 2247 3422 2316 capit,
3474 2263 3543 2303 ex

1987 2334 2073 2389 his
2099 2333 2438 2389 manifestqu
2453 2350 2572 2390 esse
2596 2337 2788 2404 possit,
2806 2339 2947 2406 quod
2967 2337 3012 2391 si
3041 2337 3255 2407 quidem
3275 2343 3544 2408 particeps

1987 2435 2070 2478 est
2098 2426 2242 2490 vitm,
2267 2442 2452 2479 verum
2485 2435 2566 2480 est
2597 2443 2714 2481 eam
2748 2429 2922 2483 vivere
2949 2446 2964 2493 ;
3001 2431 3042 2484 si
3082 2432 3400 2500 participare
3425 2445 3544 2486 ces-

1989 2524 2158 2580 saret,
2187 2517 2543 2586 proculdubio
2572 2517 2842 2574 desineret
2867 2521 3026 2574 etiam
3055 2521 3254 2576 vivere.
3295 2520 3348 2574 Si
3380 2524 3544 2590 igitur

1980 2618 2034 2664 et
2059 2610 2126 2664 de
2173 2609 2451 2678 unigenito
2479 2609 2587 2664 Deo
2614 2611 2725 2664 lucc
2757 2611 2936 2666 dicere
2964 2614 3182 2678 audent,
3210 2630 3544 2683 quacunque

1986 2702 2054 2755 de
2081 2709 2326 2755 creatura
2358 2717 2542 2755 verum
2573 2712 2658 2756 est
2691 2701 2896 2766 dicere,
2932 2702 3062 2756 illud
3096 2705 3257 2757 etiam
3293 2705 3376 2757 bis
3427 2717 3547 2757 om-

1982 2794 2145 2847 nibus
2199 2785 2336 2862 qua!
2377 2793 2568 2846 dicunt
2625 2792 2866 2856 addant,
2921 2795 3063 2864 quod
3121 2796 3370 2850 similiter
3418 2811 3542 2851 cum

1983 2892 2234 2938 creatura
2267 2899 2389 2939 esse
2417 2885 2617 2954 coepit,
2650 2892 2704 2937 et
2747 2885 2802 2938 in
2852 2885 2956 2938 vita
3007 2886 3183 2942 instar
3238 2888 3544 2943 animarum

321 2993 622 3052 permanet.
669 2983 821 3049 Quod
873 2984 919 3038 si
970 2985 1060 3038 ille
1095 2985 1315 3054 quidem
1353 2994 1435 3037 est
1471 2986 1701 3054 ipsamet
1732 2981 1840 3033 vita
1866 3020 1890 3042 ,,
1920 2993 2023 3031 nec
2053 2993 2278 3032 necesse
2319 2986 2403 3034 est
2440 2994 2565 3034 eum
2591 2977 2810 3032 aliunde
2847 2977 2904 3031 in
2938 2993 2997 3032 se
3063 2979 3228 3034 vitam
3297 2981 3544 3034 adventi-

327 3077 452 3132 tfam
491 3079 724 3137 habere:
759 3079 861 3130 alia
899 3087 1077 3132 autem
1111 3078 1292 3131 omnia
1331 3093 1439 3131 non
1474 3079 1580 3131 vita
1613 3087 1759 3138 sunt,
1792 3073 1886 3129 sed
1923 3072 2045 3126 vita:
2077 3073 2360 3142 participia
2391 3073 2544 3127 ﬁunt.

393 3169 487 3231 Τίς
515 3169 724 3238 ἀνάγκη
765 3168 853 3222 διὰ
881 3168 985 3221 τῶν
1025 3170 1080 3220 ὲν
1106 3171 1168 3238 τῇ
1203 3169 1374 3220 κτίσει
1405 3167 1744 3236 βλεπομένων
1779 3183 1884 3217 πα-

2061 3162 2190 3228 Qua!
2215 3163 2380 3230 igitur
2396 3166 2696 3219 necessitas
2717 3167 2879 3234 cogit,
2906 3182 2968 3220 ex
2987 3167 3055 3222 iis
3074 3182 3192 3236 qua:
3217 3166 3270 3220 in
3295 3177 3545 3222 creatura

324 3257 694 3330 paypc'ttpsafiat
737 3257 810 3326 τῷ
861 3259 1150 3325 Μονογενεῖ
1183 3258 1241 3310 τὸ
1294 3258 1491 3324 ἀΐδιον;
1532 3257 1603 3309 Τὸ
1638 3258 1736 3327 μὲν
1779 3256 1885 3326 γὰρ

322 3351 412 3404 ἀεὶ
437 3349 694 3413 ὡσαύτως
725 3351 865 3404 κατά
891 3351 987 3421 τὴν
1016 3350 1174 3418 φύσιν
1203 3349 1344 3419 ἔχον,
1372 3349 1744 3418 ἀπαράδεκτόν
1769 3351 1883 3401 ἐστι

320 3441 414 3495 τοῦ
467 3441 703 3494 ἐναντίου
730 3483 744 3505 ,
795 3443 888 3493 καὶ
934 3444 1032 3511 τῆς
1077 3441 1213 3511 πρὸς
1261 3441 1320 3493 τὸ
1373 3441 1556 3512 ἕτερον
1587 3436 1905 3511 μεταϐολῆς⁹

321 3535 685 3588 ἀνεπίδεκτον.
717 3527 812 3595 Ui;
843 3533 898 3585 δὲ
923 3535 954 3602 ἡ
983 3533 1140 3600 φύσις
1168 3532 1414 3603 μεθόριος
1438 3573 1450 3594 ,
1479 3531 1684 3594 τούτοις
1712 3535 1884 3600 ἐπαμ-

323 3623 598 3694 φοτερίζει
625 3623 758 3693 πρὸς
785 3622 1093 3692 ὲκάτερονὴ
1132 3622 1270 3692 ῥοπὴ
1297 3662 1310 3684 ,
1351 3623 1469 3674 κατ’
1502 3621 1746 3685 ἐξουσίαν
1776 3623 1884 3684 τοῖς

321 3715 464 3768 κατά
495 3712 713 3782 γνώμην
743 3711 1242 3782 προσκινουμὲνοις.
1277 3712 1337 3763 Et
1379 3706 1470 3763 οῦν
1499 3711 1532 3779 ὴ
1568 3710 1737 3772 ὅντως
1771 3708 1882 3777 ζωὴ

321 3805 383 3856 ὲν
407 3806 472 3872 τῇ
509 3803 624 3872 θείᾳ
653 3819 709 3854 τε
751 3802 844 3854 καὶ
888 3800 1250 3868 ὑπερκειμένη
1300 3799 1584 3870 θεωρεῖται
1612 3799 1766 3867 φύσει
1791 3839 1804 3859 ,
1847 3801 1880 3867 ὴ

323 3897 638 3955 ἀπόπτωσις
691 3893 890 3961 ταύτης
954 3891 1086 3960 πρὸς
1149 3891 1208 3941 τὸ
1254 3889 1620 3958 ἀντικείμενον
1669 3891 1880 3952 πάντως

325 3986 468 4039 κατά
497 3985 556 4036 τὸ
603 3983 745 4044 εἰκὸς
799 3981 1107 4051 καταλήξει,
1148 3981 1462 4049 Πολύσῆμος
1493 3980 1548 4032 δὲ
1590 3980 1688 4050 τῆς
1739 3979 1882 4048 ζωῆς

326 4078 420 4130 καὶ.
451 4075 540 4128 τοῦ
575 4074 802 4128 θανάτου
857 4075 888 4142 ὴ
921 4073 1094 4126 ἔννοια
1117 4111 1130 4135 ,
1164 4071 1255 4123 καὶ
1300 4072 1359 4122 ού
1405 4070 1544 4123 κατά
1589 4071 1678 4123 τὸν
1724 4072 1881 4122 αὑτὸν

326 4169 587 4238 νοουμὲνη
617 4165 833 4236 τρόπον.
877 4164 998 4215 Ἐπὶ
1049 4163 1146 4232 μὲν
1184 4162 1290 4230 γὰρ
1325 4162 1420 4230 τῆς
1457 4161 1678 4232 σαρκὸς,
1713 4163 1744 4230 ἡ
1776 4161 1881 4212 τῶν

326 4258 651 4330 σωματικῶν
679 4257 980 4326 αἰσθήσεων
1022 4254 1266 4324 ἐνέργειά
1301 4270 1358 4305 τε
1395 4253 1489 4305 καὶ
1526 4253 1734 4323 κίνησις
1769 4252 1878 4321 ζωὴ

325 4352 574 4420 λέγεται·
619 4349 804 4402 καὶτὸ
849 4345 1078 4415 ἔμπαλιν
1105 4349 1138 4415 ἡ
1191 4347 1371 4408 σϐέσις
1420 4345 1594 4398 αὐτῶν
1627 4346 1718 4398 καὶ
1768 4345 1880 4397 διὰ-

326 4442 510 4505 λυσις,
539 4441 763 4500 θάνατος
803 4437 1151 4517 ὀνομάζεται..
1193 4437 1312 4489 Ἐπὶ
1341 4437 1396 4489 δὲ
1427 4439 1523 4506 τῆς
1571 4438 1759 4507 νοερᾶς
1784 4435 1881 4503 φύ-

327 4552 504 4597 σεως,
537 4535 570 4602 ἡ
626 4532 760 4602 πρὸς
796 4531 854 4582 τὸ
876 4533 1024 4587 Θείον
1074 4530 1373 4592 οἰκείωσις,
1432 4531 1464 4598 ή
1514 4529 1718 4599 ἀληθής
1769 4531 1882 4581 ἐστι

327 4629 480 4697 ζωή·
534 4627 624 4678 καὶ
669 4627 702 4695 ἡ
753 4624 939 4677 τούτου
992 4623 1336 4686 ἀπόπτωσις.
1392 4622 1617 4676 θάνατον
1667 4623 1778 4692 ἔχει
1825 4623 1883 4676 τὸ

324 4720 515 4788 ὄνομα.
540 4717 628 4768 Διὸ
662 4715 750 4768 καὶ
787 4714 848 4766 τὸ
883 4714 1176 4784 ἀρχέγονον
1214 4713 1380 4764 κακὸν
1423 4713 1450 4764 ὁ
1481 4713 1720 4774 διάϐολος
1741 4753 1754 4774 ,
1792 4714 1884 4765 καὶ

327 4810 556 4870 θάνατος
583 4807 792 4875 λέγεται
817 4847 831 4870 ,
879 4806 971 4858 καὶ
1022 4804 1243 4876 εὑρετὴς
1297 4804 1556 4857 θανάτου·
1608 4804 1739 4856 ἀλλά
1793 4806 1883 4858 καὶ

325 4902 528 4973 κράτος
561 4899 700 4968 ἔχειν
728 4898 952 4951 θανάτου
985 4897 1131 4965 παρά
1157 4895 1248 4947 τοῦ
1287 4895 1601 4949 Ἀποστόλου
1646 4897 1878 4962 λέγεται.

327 4993 540 5049 Οὐκοῦν
569 4991 755 5058 διπλῆς
775 5030 788 5052 ,
821 4987 1002 5050 καθὼς
1030 4987 1260 5057 εἴρηται.
1295 4987 1391 5056 τῆς
1417 4985 1506 5039 τοῦ
1538 4987 1763 5040 θανάτου
1792 5005 1886 5057 ση-

330 5078 530 5151 μασίας
569 5081 631 5130 ὲκ
660 5077 766 5129 τῶν
820 5075 1045 5146 Γραφῶν
1083 5075 1396 5146 νοουμένης,
1450 5077 1476 5127 6
1534 5075 1632 5144 μὲν
1675 5077 1887 5146 ἀληθῶς

327 5169 594 5243 ἄτρεπτός
636 5187 693 5221 τε
728 5169 820 5222 καὶ
853 5168 1200 5229 ἀναλλοίωτος
1228 5207 1242 5230 ,
1295 5169 1451 5238 μόνος
1485 5168 1594 5237 ἔχει
1622 5168 1720 5237 τὴν
1753 5171 1885 5223 ἀθα-

327 5262 520 5318 νασίαν
545 5303 560 5328 ,
593 5262 685 5314 καὶ
709 5259 822 5329 φῶς
850 5261 986 5312 οἰκεῖ
1012 5258 1089 5327 τῷ
1129 5257 1272 5328 ζόφῳ
1311 5259 1406 5328 τῆς
1439 5259 1632 5321 κακίας
1664 5261 1889 5330 ἀπρόσι-

326 5355 419 5409 τόν
438 5371 496 5404 τε
521 5354 612 5404 καὶ
640 5349 1098 5421 ἀπροσπέλαστον.
1129 5349 1266 5400 Ὅσα
1290 5348 1345 5399 δὲ
1374 5347 1466 5400 τοῦ
1493 5347 1717 5401 θανάτου
1759 5363 1890 5416 μετ-

329 5447 464 5515 έχει,
511 5445 608 5513 τῆς
639 5443 934 5505 ἀθανασίας
973 5441 1060 5494 διὰ
1093 5441 1191 5509 τῆς
1225 5441 1316 5491 ἐπὶ
1360 5439 1420 5491 τὺ
1448 5441 1686 5492 ἐναντίον
1718 5440 1889 5509 ῥοπῆς

329 5537 520 5608 πόρρω
567 5534 824 5603 γινόμενα
851 5551 862 5562 ·
909 5535 956 5584 εξ
1010 5532 1065 5584 δὲ
1116 5532 1360 5601 ἀπορρυῇ
1399 5531 1496 5600 τῆς
1545 5530 1638 5584 τοῦ
1685 5530 1887 5598 ἀγαθοῦ

439 5715 484 5748 ⁸⁵
517 5711 748 5783 Philipp.
785 5728 863 5778 ιιι,
897 5714 976 5768 i3.
1039 5711 1259 5769 "Hebr.
1287 5730 1344 5782 ιι,
1380 5715 1465 5770 Η.
1511 5714 1751 5770 ίθΙτὶιιι.
1790 5733 1859 5781 vl,
1895 5717 1972 5772 16.

1986 3264 2296 3309 cernuntur
2325 3259 2684 3311 aeternitatem
2713 3259 2836 3312 vita:
2863 3257 3148 3328 Unigenito
3165 3261 3546 3327 prtescribere?

1985 3342 2137 3408 Quod
2156 3344 2299 3398 enim
2321 3345 2726 3413 sempereodem
2749 3348 2906 3400 tuodo
2927 3358 3122 3401 natura
3139 3365 3198 3404 se
3221 3350 3374 3403 habet
3388 3391 3401 3409 .
3422 3366 3546 3404 con-

1985 3436 2139 3489 trarii
2179 3449 2352 3505 capax
2384 3453 2488 3489 non
2521 3446 2635 3498 est,
2680 3453 2857 3506 neque
2884 3441 2935 3491 in
2965 3440 3194 3494 alterum
3223 3442 3546 3497 mutationis

1984 3537 2068 3581 est
2102 3529 2396 3597 particeps.
2429 3528 2640 3593 Quibus
2664 3545 2792 3582 vero
2825 3541 3129 3586 natura-est
3166 3533 3542 3597 contermina,

1985 3634 2081 3673 seu
2127 3620 2180 3673 in
2229 3621 2467 3674 conﬁnio
2508 3621 2635 3674 boni
2685 3632 2737 3676 et
2781 3623 2909 3676 mali
2958 3626 3288 3686 constituta,
3340 3627 3536 3682 horum

1985 3712 2278 3778 propensio
2309 3726 2512 3781 anceps
2546 3713 2598 3765 in
2629 3714 2954 3768 alterutrum
2987 3717 3200 3786 vergit,
3229 3734 3328 3788 pro
3360 3719 3540 3773 libera

1985 3810 2256 3869 potestate
2282 3817 2469 3855 eorum
2498 3803 2592 3871 qui
2629 3819 2690 3857 ex
2726 3805 2892 3857 animi
2923 3807 3196 3860 sententia
3235 3817 3542 3862 moventur.

1987 3891 2042 3944 Si
2080 3893 2248 3962 igitur
2275 3908 2402 3947 vera
2436 3894 2544 3947 vita
2583 3895 2633 3947 in
2674 3895 2856 3949 divina
2893 3906 2947 3952 et
2980 3899 3412 3967 supereminenti
3445 3916 3546 3954 na-

1985 3992 2108 4037 tura
2140 3993 2443 4053 spectatur,
2487 3985 2652 4053 hujus
2691 3989 2926 4056 dilapsio
2963 3990 3028 4043 ad
3054 3990 3365 4060 oppositum
3396 4007 3547 4061 pror-

1985 4095 2079 4132 sus
2101 4116 2114 4138 ,
2150 4085 2209 4130 ut
2244 4090 2672 4133 consentaneum
2709 4089 2794 4134 est
2818 4121 2832 4143 ,
2865 4081 3097 4137 desinet.
3135 4083 3413 4152 Multiplex
3447 4099 3547 4138 au-

1985 4176 2091 4222 tem
2122 4169 2246 4223 vitre
2270 4177 2323 4224 et
2355 4169 2546 4224 mortis
2575 4172 2924 4241 significatio,
2955 4187 3133 4242 neque
3161 4175 3322 4228 modo
3354 4175 3542 4230 eodem

1985 4257 2326 4327 intelligitur.
2359 4257 2492 4311 Nam
2539 4261 2592 4313 in
2629 4275 2827 4323 carne,
2858 4276 3246 4331 corporeorum
3283 4279 3542 4320 sensuum

1985 4348 2199 4403 functio
2228 4359 2282 4404 et
2317 4351 2486 4404 motio
2521 4352 2629 4404 vita
2662 4351 2864 4405 dicitur
2893 4371 2906 4418 ;
2940 4360 3132 4407 contra
3169 4354 3412 4424 ipsorum
3448 4372 3544 4409 ex-

1987 4440 2208 4494 stinctio
2243 4451 2294 4495 et
2324 4442 2616 4497 dissolutio
2655 4459 2804 4497 mors
2837 4445 3179 4498 nominatur.
3231 4443 3286 4500 In
3326 4447 3542 4502 intelle-

1987 4532 2151 4585 ctuali
2181 4548 2308 4586 vero
2337 4541 2529 4587 natura
2561 4536 2962 4604 approximatio
2994 4536 3060 4589 ad
3099 4538 3266 4592 Deum
3299 4555 3423 4592 vera
3459 4547 3542 4593 est

1985 4620 2096 4672 vita
2118 4659 2132 4683 ,
2162 4622 2376 4675 aversio
2405 4631 2584 4677 autem
2619 4633 2673 4678 et
2709 4625 2896 4694 lapsus
2959 4641 2988 4678 a
3029 4625 3138 4681 Deo
3204 4631 3396 4684 mortis
3445 4645 3543 4684 no-

1987 4714 2132 4767 mine
2163 4715 2487 4782 appellatur.
2531 4715 2875 4784 Quapropter
2907 4717 3160 4787 princeps
3204 4720 3442 4783 malum,
3488 4720 3542 4774 id

1987 4811 2071 4856 est
2105 4804 2314 4871 primus
2346 4805 2475 4858 mali
2510 4815 2700 4859 auctor
2727 4807 2980 4860 diabolus
3002 4848 3016 4872 ,
3044 4816 3096 4862 et
3128 4824 3273 4863 mors
3321 4819 3543 4862 vocatur

1992 4904 2046 4949 et
2075 4897 2267 4950 mortis
2299 4896 2572 4960 inventor,
2598 4899 2690 4952 sed
2723 4906 2776 4952 et
2805 4900 2996 4953 mortis
3026 4899 3312 4968 imperium
3345 4899 3545 4955 habere

1991 4986 2061 5039 ab
2092 4988 2354 5055 Apostolo
2385 4989 2589 5041 dicitur
2629 4990 2690 5042 ¹⁷.
2738 4991 2873 5043 Cum
2919 4991 3105 5059 igitur,
3146 4991 3290 5044 sicut
3339 4991 3542 5044 dictum

1991 5085 2111 5141 est,
2148 5080 2341 5133 mortis
2369 5080 2563 5148 duplex
2600 5081 2926 5150 signiﬁcatio
2963 5083 3016 5134 in
3055 5082 3355 5151 Scripturis
3391 5085 3546 5138 intel-

1990 5169 2211 5238 ligatur,
2251 5170 2298 5224 is
2333 5172 2551 5240 quidem
2589 5173 2680 5242 qui
2713 5189 2838 5226 vere
2875 5173 3232 5228 immutabilis
3267 5183 3348 5228 est
3383 5185 3546 5245 atque

1987 5260 2378 5326 iualterabilis,
2425 5263 2578 5317 solus
2618 5263 2780 5316 habet
2827 5264 3331 5331 immortalitatem,
3363 5274 3416 5319 et
3463 5269 3546 5319 lu-

1989 5368 2105 5406 cem
2139 5353 2347 5407 habitat
2383 5355 2604 5424 caligini
2669 5355 2976 5408 vitiositatis
3010 5355 3342 5410 inaccessam
3377 5366 3428 5411 et
3463 5357 3545 5411 in-

1989 5447 2133 5499 viam
2178 5447 2240 5499 ".
2305 5446 2654 5516 Quaecunque
2700 5455 2877 5501 autem
2914 5449 3074 5501 morti
3112 5458 3238 5502 sunt
3272 5450 3508 5504 obnoxia
3533 5491 3545 5514 ,

1989 5554 2111 5594 cum
2157 5540 2225 5595 ab
2257 5541 2670 5596 immortalitate
2703 5541 2773 5620 ob
2807 5541 3228 5610 propensionem
3259 5557 3420 5612 quam
3454 5544 3544 5604 ha-
