4034 6482
464 331 568 389 805

1640 327 1697 383 S.
1739 327 2061 385 GREGORII
2098 330 2392 388 NYSSENI

3561 333 3669 396 804

459 443 629 510 tavit,
659 449 770 496 tum
799 442 1005 496 aridam
1022 438 1305 511 patefecit,
1334 452 1463 495 tunc
1501 455 1673 511 aquas
1714 450 1768 495 tn
1801 446 2005 495 carita-

2123 446 2194 497 ίτε
2221 446 2397 510 καλῶς
2439 446 2580 518 ἔχειν
2606 446 2759 519 ᾠήθη
2791 448 2946 502 τοῦτο
2975 447 3248 517 γενέσθαι,
3279 446 3396 500 τότε
3432 447 3669 516 ἀνέδειξε

462 536 607 587 tibus
656 534 883 588 seorsim
915 534 1169 593 inclusit;
1211 543 1340 588 tunc
1384 534 1708 587 exstiterunt
1753 536 2016 601 germina,

463 635 588 679 tunc
615 625 847 686 fructus,
879 633 1006 680 tunc
1040 625 1353 678 animalium
1389 634 1563 686 ortus,
1614 633 1744 678 tunc
1784 623 2018 676 hominis

462 716 642 778 ﬁctio,
683 716 900 784 quando
955 718 1145 769 horum
1185 716 1607 783 unumquodque
1654 721 2017 783 opportunum

460 807 744 861 videbatur
763 806 1042 875 sapientia:
1073 807 1191 875 ejus
1217 807 1311 874 qui
1345 807 1567 858 creavit.
1595 804 1696 869 Qui
1729 810 1909 855 autem
1944 802 2021 855 fe-

460 896 536 950 cit
570 896 747 949 omnia
780 899 991 962 (rursus
1042 896 1187 948 enim
1241 895 1486 947 eumdem
1530 908 1865 946 resumemus
1904 908 2019 946 ser-

461 990 701 1055 monem)
758 985 1083 1055 Unigcnitus
1131 997 1212 1040 est
1262 986 1421 1047 Deus,
1468 984 1558 1053 qui
1607 985 1732 1037 fecit
1784 984 2017 1044 saecula;

449 1077 746 1145 intervallo
767 1078 909 1130 enim
950 1077 1272 1130 smeulorum
1317 1075 1381 1127 iis
1411 1090 1531 1143 qme
1562 1075 1697 1127 facta
1734 1082 1856 1127 sunt
1887 1088 2023 1142 pra:-

463 1168 765 1237 supposito,
799 1183 905 1219 non
942 1176 1156 1235 tempus
1198 1166 1279 1219 fas
1320 1173 1403 1218 est
1447 1166 1625 1218 dicere
1673 1164 1776 1216 hoc
1810 1170 2020 1231 tempo-

440 1250 573 1311 ‘rale
620 1258 958 1318 adverbium,
996 1256 1215 1326 quando
1257 1255 1446 1318 voluit,
1492 1265 1621 1308 tunc
1668 1256 1827 1308 etiam
1873 1252 2017 1306 fecit.

462 1351 595 1403 Cum
634 1357 812 1400 autem
845 1362 949 1400 non
982 1356 1127 1402 esset
1165 1347 1442 1407 sarculum,
1474 1360 1650 1413 neque
1694 1344 1801 1395 ulla
1850 1342 2021 1395 inter-

462 1442 618 1495 vallis
647 1441 901 1495 distincta
939 1439 1085 1491 notio
1118 1437 1264 1490 circa
1302 1435 1540 1489 divinam
1569 1442 1817 1487 naturam
1851 1447 2023 1499 quan-

464 1532 634 1585 litatis
681 1537 977 1600 expertem,
1028 1536 1081 1583 et
1112 1527 1451 1581 dimensione
1486 1533 1761 1579 carentem
1810 1523 2012 1576 intelli-

462 1632 641 1695 gatur,
679 1637 904 1677 necesse
944 1629 1029 1677 est
1073 1620 1295 1673 omnino
1335 1618 1711 1671 adverbiorum
1760 1628 2021 1683 tempora-

466 1714 594 1767 lium
625 1712 1055 1782 signiﬁcationcs
1078 1711 1261 1778 jacere
1292 1709 1498 1761 otiosas
1526 1717 1580 1759 et
1606 1709 1813 1760 inanes.
1841 1705 2019 1770 Quare

2120 534 2215 605 τὴν
2247 535 2434 606 ξηράν,
2471 537 2592 590 τότε
2614 538 2684 589 τὰ
2725 536 2886 590 ὕδατα
2921 540 3032 599 τοῖς
3062 537 3261 600 κοίλοις
3289 536 3669 604 ὲγκατέκλεισε

2119 622 2346 695 χώροις·
2393 627 2511 678 τότε
2557 628 2648 680 καὶ
2694 627 3062 697 βλαστήματα.
3115 627 3231 680 τότε
3278 628 3493 698 καρποὶ,
3548 628 3668 681 τότε

2120 714 2271 779 ζώων
2303 715 2533 782 γένεσις,
2582 716 2701 770 τότε
2755 717 3037 786 ἀνθρώπου
3073 717 3295 780 πλάσις·
3342 718 3428 770 ὅτε
3464 717 3668 770 τούτων

2119 807 2343 860 ἕκαστον
2365 808 2614 880 εὔκαιρον
2647 808 2818 861 ἐδόκει
2853 811 2917 878 τῇ
2959 809 3118 877 σοφίᾳ
3147 808 3237 860 τοῦ
3268 808 3566 867 κτίσαντος.
3613 809 3671 861 '0

2118 900 2173 951 δὲ
2202 900 2269 952 τὰ
2299 900 2472 952 πάντα
2503 903 2725 968 ποιήσας
2756 898 2935 963 (πάλιν
2967 899 3074 969 γὰρ
3101 897 3190 950 τὸν
3218 898 3378 949 αὐτὸν
3407 897 3673 967 ἐπαναλή-

2118 992 2288 1060 ψομαι
2333 991 2508 1057 λόγον)
2547 993 2574 1042 ό
2610 989 2908 1061 Μονογενής
2952 992 3065 1042 ἐστι
3108 988 3257 1052 Θεὸς,
3283 989 3449 1050 ότοὺς
3473 988 3673 1051 αίῶνας

2120 1085 2369 1150 ποιήσας,
2400 1080 2490 1133 τοῦ
2513 1080 2617 1152 γὰρ
2637 1080 2730 1133 τοῦ
2766 1081 3139 1151 διαστήματος
3169 1081 3277 1133 τῶν
3301 1079 3508 1133 αἰώνων
3543 1096 3675 1150 προ-

2121 1172 2425 1242 καταϐεϐλη
2435 1172 2591 1242 μένου
2614 1171 2718 1224 τῶν
2743 1171 2929 1235 όντων,
2952 1172 3012 1224 οὐ
3040 1171 3223 1242 καιρός
3246 1168 3389 1225 ἐστιν
3417 1172 3585 1224 εἰπεῖν
3611 1171 3672 1223 τὸ

2120 1265 2364 1337 χρονικὸν
2416 1264 2571 1316 τοῦτο
2616 1263 2918 1334 ἐπίρρημα,
2969 1264 3050 1316 ὃτι
3093 1263 3213 1316 τότε
3262 1262 3521 1334 ἐϐουλήθη
3578 1265 3671 1316 καὶ

2118 1360 2239 1408 τότε
2262 1354 2530 1424 ἐποίησεν.
2565 1354 2767 1415 Αίῶνος
2804 1353 2861 1405 δὲ
2890 1354 2989 1406 οὐκ
3015 1353 3186 1418 ὄντος,
3220 1353 3339 1407 οὺδέ
3379 1370 3521 1415 τινος
3559 1354 3671 1406 δια-

2123 1446 2458 1517 στηματικῆς
2479 1445 2683 1508 ἑννοίας
2707 1446 2832 1516 περὶ
2874 1444 2969 1515 τὴν
2998 1444 3142 1498 Θείαν
3172 1444 3330 1513 φύσιν
3355 1446 3452 1514 τὴν
3471 1447 3669 1499 ἄποσόν

2118 1554 2177 1589 τε
2238 1538 2329 1590 καὶ
2386 1536 2701 1590 ἀδιάστατον
2759 1535 3165 1606 θεωρουμένηςο
3218 1536 3405 1605 ἀργεῖν
3463 1537 3669 1605 ἀνάγκη

2120 1630 2335 1691 πάντως
2372 1627 2469 1687 τὰς
2501 1628 2607 1680 τῶν
2648 1626 2909 1698 χρονικῶν
2957 1629 3342 1696 ἐπιρρημάτων
3386 1625 3668 1697 ἐμφάσεις.

2123 1720 2283 1771 Ὥστε
2314 1721 2377 1788 τῇ
2435 1719 2530 1789 μὲν
2574 1718 2743 1771 κτίσει
2780 1717 2877 1788 τὴν
2922 1717 3177 1788 χρονικὴν
3221 1717 3392 1788 ἀρχὴν
3436 1717 3577 1770 κατὰ
3612 1717 3670 1771 τὸ

462 1779 725 1859 creaturae
755 1803 972 1874 quidem
1005 1801 1302 1870 temporale
1335 1798 1681 1868 principium,
1724 1806 1783 1849 ut
1818 1797 2019 1865 placuit

2123 1810 2320 1881 ἀρέσαν
2435 1779 2599 1880 σοφίᾳ
2629 1809 2722 1862 τοῦ
2751 1779 3027 1863 “ra-nassa
3055 1779 3409 1881 πεποιηκότος
3431 1809 3670 1863 δεδόσθαι

463 1895 743 1965 sapientia:
769 1895 888 1964 ejus
917 1893 1008 1963 qui
1038 1891 1219 1946 omnia
1259 1890 1407 1953 fecit,
1439 1889 1623 1942 datum
1666 1903 1784 1942 esse
1815 1888 2015 1949 dicere,

465 2003 575 2043 non
622 1994 775 2041 extra
804 1982 1331 2039 verisimilitudinem
1363 1988 1466 2035 est.
1518 1979 1622 2033 Sed
1673 1979 1842 2048 ipsam
1883 1978 2020 2032 divi-

462 2097 587 2135 nam
650 2086 900 2133 naturam
957 2077 1011 2131 in
1075 2076 1257 2144 aliqua
1310 2074 1627 2128 extensione
1680 2072 2019 2125 intervallata

463 2170 754 2239 speculari,
799 2182 984 2222 eorum
1036 2173 1244 2218 tantum
1288 2173 1372 2218 est
1413 2163 1505 2232 qui
1568 2177 1761 2215 novam
1806 2163 2021 2231 sapien-

463 2263 594 2314 tiam
636 2260 812 2315 edocti
856 2268 1001 2311 sunt.
1050 2255 1219 2321 Quale
1245 2255 1385 2307 enim
1429 2262 1482 2307 et
1515 2254 1643 2307 illud
1677 2254 1819 2323 quod
1862 2254 2021 2307 dictis

464 2352 771 2421 appositum
800 2358 893 2405 .est
926 2356 1118 2418 sponte
1154 2353 1576 2417 Praztergressus
1603 2360 1744 2407 sum,
1780 2344 1844 2397 ad
1891 2360 2020 2414 pro.

463 2440 699 2510 positum
737 2437 1022 2499 festinans,
1053 2437 1195 2505 quod
1227 2450 1371 2487 nunc
1402 2435 1470 2486 ad
1501 2433 2018 2487 demonstrationem

467 2529 701 2583 solertia:
729 2526 1014 2596 scriptoris
1043 2532 1292 2594 repetens
1321 2524 1588 2577 recitabo.

542 2618 999 2673 Eminentissimus
1032 2618 1171 2670 enim
1196 2618 1303 2684 ipse
1336 2615 1473 2668 Deus
1495 2624 1615 2668 ante
1646 2615 1755 2667 alia
1780 2629 2023 2683 quaecun—

470 2728 570 2782 que
600 2720 721 2764 sunt
750 2709 945 2779 genita,
978 2708 1174 2776 inquit,
1204 2707 1287 2760 sui
1322 2706 1483 2776 ipsius
1511 2706 1813 2759 dominatur
1843 2715 2024 2771 poten-

468 2804 583 2855 tiae.
619 2799 809 2854 Sermo
841 2797 1058 2868 quidem
1091 2796 1157 2850 ad
1194 2797 1411 2850 verbum
1446 2812 1511 2849 ex
1542 2793 1768 2849 Philone
1802 2793 2025 2849 llebrseo

468 2893 766 2949 translatus
799 2898 883 2946 est
909 2905 941 2944 a
970 2890 1280 2959 scriptitore
1308 2889 1362 2942 in
1391 2888 1671 2958 proprium
1699 2902 2023 2942 sermonem.

470 2985 642 3039 Etcui
671 2983 824 3038 cordi
848 2989 951 3046 est,
991 2996 1056 3036 ex
1087 2982 1222 3052 ipsis
1254 2979 1494 3035 Philonis
1522 2979 1780 3050 operibus
1811 2978 2018 3032 furtum

471 3074 723 3131 Eunomii
754 3072 1101 3128 manifestum
1132 3072 1241 3126 lict.
1271 3072 1382 3142 Ego
1410 3079 1585 3125 autem
1622 3071 1722 3125 hoc
1762 3072 1941 3125 notavi
1971 3070 2025 3123 in

469 3179 732 3235 praesens,
776 3177 883 3216 non
924 3169 1130 3215 tantum
1173 3168 1231 3214 ut
1259 3160 1548 3214 verborum
1587 3160 1930 3229 propriorum
1974 3166 2027 3213 et

464 3256 755 3313 nationum
780 3252 1064 3324 penuriam
1089 3252 1342 3322 scriptori
1371 3251 1573 3321 probro
1600 3261 1825 3307 vertam.
1852 3265 2026 3319 quau-

469 3356 586 3401 tum
638 3344 941 3413 legentibus
984 3342 1271 3397 ostendere
1315 3342 1476 3411 cupio
1515 3341 1767 3396 Eunomii
1806 3342 2028 3412 dogma-

471 3447 588 3491 tum
632 3452 755 3489 cum
786 3432 1096 3489 Judmorum
1143 3434 1488 3490 sermonibus
1534 3432 1871 3498 allinitatem;
1918 3449 2025 3488 non

470 3530 619 3585 enim
666 3529 787 3597 ejus
834 3528 1009 3582 oratio
1060 3528 1374 3582 notionibus
1408 3527 1653 3582 Philonis
1686 3528 1751 3581 ad
1801 3527 2025 3582 verbum

472 3620 838 3688 congruisset,
867 3617 970 3672 nisi
1009 3617 1255 3687 quaedam
1300 3629 1446 3673 esset
1473 3618 1636 3673 etiam
1664 3617 2028 3687 intelligentiae

474 3709 640 3779 hujus
673 3724 797 3763 cum
833 3708 928 3763 illo
958 3708 1208 3779 cognatio
1237 3719 1292 3763 et
1331 3709 1586 3764 societas.
1620 3707 1712 3763 Sic
1750 3710 1894 3763 enim
1920 3724 2029 3763 sero

474 3818 688 3857 monent
745 3800 986 3856 invenire
1038 3801 1163 3855 licet
1230 3802 1466 3871 positum
1520 3800 1663 3869 apud
1721 3799 2025 3855 Hebraaum:

474 3894 614 3949 Deus
649 3905 768 3948 ante
812 3894 921 3947 alia
960 3909 1274 3964 quaecunque
1306 3893 1500 3962 genita.
1532 3892 1688 3958 Quod
1727 3899 1907 3944 autem
1938 3905 2028 3944 se-

473 3986 661 4053 quitur
718 4001 781 4037 ex
831 3999 1035 4053 nupera
1085 3982 1394 4038 Judaeorum
1437 3983 1683 4037 doctrina
1728 3982 2027 4051 projectum

472 4081 579 4133 est,
608 4086 800 4143 nempe
814 4075 1052 4143 Propria:
1080 4074 1386 4128 dominatur
1412 4074 1675 4143 potentiae.
1707 4071 1821 4127 Iloc
1849 4079 2035 4124 autem

472 4175 728 4234 quautam
756 4165 1144 4220 absurditatem
1169 4166 1352 4228 habet,
1382 4176 1567 4233 aperte
1587 4163 1832 4219 ostendet
1852 4177 2027 4217 sermo

473 4271 598 4310 eum
628 4256 908 4310 discussus
931 4256 1112 4311 fuerit.
1142 4255 1305 4318 Deus,
1338 4256 1432 4317 ait,
1461 4256 1687 4323 propria:
1725 4256 2028 4308 dominatur

478 4349 742 4415 potentiae.
792 4346 888 4401 Dic
928 4349 1059 4402 mihi
1091 4349 1216 4413 quid
1248 4348 1518 4403 exsistens
1559 4348 1647 4400 cui
1680 4346 2029 4401 dominatur?

2119 1900 2314 1967 λέγειν,
2361 1900 2461 1951 οὐκ
2504 1899 2607 1965 ἔξω
2645 1900 2737 1953 τοῦ
2782 1902 2988 1964 εἰκότος
3030 1902 3196 1955 ἐστίν.
3248 1901 3425 1971 Αὐτὴν
3474 1903 3532 1955 δὲ
3575 1902 3670 1973 τὴν

2121 1992 2266 2044 θείαν
2294 1991 2451 2061 φύσιν
2473 1994 2529 2044 ὲν
2564 1993 2865 2063 παρατάσει
2886 1993 2991 2045 τινὶ
3012 1993 3405 2064 διαστηματικῇ
3428 1992 3666 2065 θεωρεῖν,

2123 2084 2295 2153 μόνων
2338 2083 2444 2135 τῶν
2476 2082 2573 2153 τὴν
2618 2084 2741 2137 νέαν
2790 2084 2979 2153 σοφίαν
3025 2085 3465 2156 πεπαιδευμένων
3507 2084 3667 2141 ἐστίν.

2120 2170 2243 2227 υἶον
2280 2173 2388 2246 γάρ
2434 2177 2651 2229 κάκεῖνο
2680 2179 2790 2239 τοῖς
2834 2176 3141 2246 εἰρημένοις
3169 2177 3481 2248 ἐγκείμενον
3507 2179 3672 2249 ὑπερ-

2121 2265 2250 2333 έϐην
2282 2266 2440 2331 ἑκὼν,
2478 2267 2613 2338 πρὸς
2645 2268 2704 2319 τὸ
2736 2268 3092 2337 προκείμενον
3124 2268 3386 2334 σπεύδων,
3415 2270 3443 2322 ὃ
3473 2268 3565 2323 νῦν
3594 2271 3671 2335 είς

2122 2355 2390 2420 ἀπόδειξιν
2436 2356 2534 2426 τῆς
2574 2358 2847 2428 ἀγχινοίας
2892 2358 2984 2411 τοῦ
3030 2359 3366 2431 λογογράφου
3411 2362 3674 2417 ἐπαναλα-

2123 2445 2231 2498 6ὼν
2258 2446 2657 2517 ἀναγνώσομαι.

2205 2622 2266 2673 '0
2297 2621 2405 2690 γὰρ
2442 2620 2804 2690 ἐξοχώτατος
2852 2621 3032 2688 αὐτὸς
3076 2621 3211 2686 Θεὸς
3252 2620 3365 2689 πρὸ
3414 2618 3530 2673 τῶν
3580 2621 3682 2673 ἄλ-

2123 2712 2264 2770 λων,
2297 2709 2477 2780 φησὶν,
2508 2708 2624 2760 ὅσα
2660 2709 2936 2777 reward,
2976 2706 3084 2775 τῆς
3119 2707 3307 2773 αὐτῆς
3339 2704 3541 2772 κρατεῖ
3572 2705 3674 2756 δυ-

2123 2798 2368 2867 νάμεως.
2434 2798 2490 2851 '0
2542 2799 2638 2868 μὲν
2682 2797 2836 2865 λόγος
2878 2798 2964 2849 ἐπ’
3007 2796 3174 2865 αὐτῆς
3203 2796 3299 2864 τῆς
3334 2794 3526 2857 λέξεως
3573 2792 3678 2844 ἀπὸ

2124 2887 2217 2939 τοῦ
2266 2888 2495 2949 Φίλωνος
2533 2885 2627 2939 τοῦ
2684 2886 2931 2955 Ἐϐραίου
2982 2886 3361 2956 μετενήνεκται
3407 2884 3555 2953 παρὰ
3586 2880 3677 2935 τοῦ

2126 2980 2460 3047 λογογράφου
2492 2979 2583 3031 ἐπὶ
2614 2979 2704 3031 τὸν
2748 2979 2874 3031 ίδιον
2903 2977 3074 3046 λόγον.
3118 2978 3227 3029 Καὶ
3271 2976 3373 3044 ὅτῳ
3412 2976 3580 3045 φίλον,
3622 2973 3679 3038 ἐξ

2053 3112 2095 3170 C
2127 3074 2303 3127 αὐτῶν
2344 3074 2451 3125 τῶν
2493 3072 2884 3143 πεπονημένων
2924 3070 3001 3140 τῷ
3038 3069 3227 3123 Φίλωνι
3285 3070 3602 3140 κατάφωρος
3642 3069 3676 3138 ἠ

2129 3165 2299 3235 κλοπὴ
2327 3167 2421 3217 τοῦ
2468 3162 2730 3233 Εὐνομίου
2759 3163 3064 3230 γενήσεται.
3111 3159 3250 3228 Ἐγὼ
3272 3161 3329 3214 δὲ
3361 3160 3516 3213 τοῦτο
3542 3177 3679 3230 παρα

2127 3257 2484 3326 εσημηνάμην
2538 3256 2630 3308 ἐπὶ
2683 3252 2778 3307 τοῦ
2843 3254 3128 3324 παρόντος,
3176 3253 3236 3306 οὐ
3291 3252 3540 3306 τοσοῦτον
3584 3254 3676 3325 τήν

2118 3340 2397 3417 ’πτωχείαν
2424 3346 2531 3399 τῶν
2565 3346 2705 3398 ίδίων
2732 3345 2903 3412 λόγων
2934 3362 2991 3397 τε
3040 3344 3132 3398 καὶ
3163 3344 3445 3414 νοημάτων
3486 3344 3563 3414 τῷ
3589 3344 3676 3397 λο·

2126 3437 2383 3508 γογράφῳ
2409 3436 2764 3501 ὲπονειδίζων,
2794 3437 2915 3497 ὅσον
2942 3434 3108 3500 δεῖξαι
3145 3438 3257 3497 τοῖς
3302 3436 3676 3505 ἐντυγχάνουσι

2127 3526 2292 3580 θέλων
2338 3528 2435 3597 τὴν
2484 3528 2785 3595 οἰκειότητα
2835 3524 2969 3597 πρὸς
3003 3528 3129 3589 τοὺς
3189 3524 3449 3578 Ἰουδαίων
3493 3525 3676 3594 λόγους

2125 3619 2231 3673 τῶν
2279 3618 2541 3687 Εὑνομίου
2569 3618 2869 3688 δογμάτων.
2919 3619 2991 3669 Οὐ
3025 3618 3130 3687 γὰρ
3158 3617 3221 3671 ἂν
3254 3619 3339 3671 ἐπ’
3372 3618 3539 3686 αὐτῆς
3578 3618 3677 3688 τῆς

2125 3711 2319 3776 λέξεως
2351 3713 2461 3775 τοῖς
2514 3710 2700 3763 τούτου
2747 3712 3007 3780 νοήμασιν
3042 3710 3071 3761 ό
3115 3708 3208 3761 τοῦ
3245 3709 3474 3772 Φίλωνος
3524 3712 3677 3781 ἐνηρ-

2131 3804 2300 3874 μόσθη
2333 3802 2508 3870 λόγος,
2539 3803 2586 3853 εί
2633 3802 2705 3872 μή
2750 3818 2830 3863 τις
2873 3796 2940 3871 ἦν
2977 3802 3069 3853 καὶ
3098 3800 3194 3871 τῆς
3227 3800 3457 3861 διανοίας
3492 3800 3674 3853 τούτου

2128 3895 2261 3966 πρὸς
2290 3894 2386 3965 τὴν
2417 3894 2621 3946 ἐκείνου
2654 3892 2956 3960 συγγένεια.
2990 3891 3143 3945 οὕτω
3169 3891 3276 3963 γὰρ
3314 3892 3459 3945 ἔστιν
3502 3894 3675 3963 εὑρεῖν

2128 3986 2374 4055 κείμενον
2412 3985 2562 4056 παρὰ
2590 3983 2664 4054 τῷ
2703 3983 2934 4053 Ἑϐραίῳ
2967 3984 3055 4036 τὸν
3086 3983 3240 4051 λόγον
3263 4000 3275 4013 ·
3310 3984 3391 4048 τὸ,
3438 3986 3492 4037 '0
3536 3985 3674 4049 Θεὸς

2128 4076 2239 4143 πρὸ
2284 4073 2403 4127 τῶν
2446 4074 2647 4128 ἄλλων
2694 4074 2809 4127 ὅσα
2862 4073 3132 4142 γεννητά.
3182 4073 3255 4125 Τὸ
3298 4073 3355 4127 δὲ
3388 4070 3673 4144 ὲφεξῆςίὲκ

2126 4168 2223 4236 τῆς
2254 4166 2379 4227 νέας
2417 4165 2707 4234 Ἰουδαϊκῆς
2726 4168 2743 4186 ‘
2761 4166 3119 4237 προσερρίφη·
3146 4164 3225 4231 τὸ,
3260 4164 3376 4232 Τῆς
3404 4164 3554 4229 ιδίας
3580 4179 3673 4217 κα-

2127 4257 2403 4327 τακρατεῖ
2440 4257 2761 4325 δυνάμεως.
2809 4255 2977 4306 Τοῦτο
3026 4254 3081 4305 δὲ
3135 4255 3267 4325 ὅσην
3312 4253 3408 4325 τὴν
3453 4255 3671 4307 ἀτοπίαν

2128 4351 2258 4421 ἔχει,
2291 4348 2448 4415 δείξει
2493 4346 2673 4415 σαφῶς
2717 4348 2745 4398 ὁ
2782 4345 2934 4411 λόγος
2980 4344 3374 4414 ἐξεταζόμενος.
3432 4340 3676 4403 ὈΘεὸς,

475 4455 542 4492 an
594 4439 739 4493 aliud
797 4439 927 4508 quid
970 4448 1163 4508 prteter
1211 4439 1504 4507 potentiam
1555 4438 1675 4507 ipse
1726 4436 2024 4502 exsistens;

2132 4460 2203 4511 φη
2213 4441 2283 4502 σῖ.
2311 4439 2517 4510 ςφατεῖ
2531 4437 2641 4507 τῆς
2656 4437 3143 4507 ιδιαςδυνάμεως.
3179 4436 3244 4488 Τί
3276 4434 3370 4499 ὢν,
3410 4434 3527 4489 εἰπέ
3566 4450 3673 4503 μοι,

477 4534 707 4603 propria:
729 4529 1339 4599 dominatur'potentize,
1368 4543 1488 4597 qua:
1519 4527 1735 4596 quidem
1781 4530 1851 4582 sit
1882 4526 2028 4580 aliud

475 4623 605 4694 quid
640 4638 800 4692 quam
824 4621 966 4691 quod
1014 4622 1126 4689 ipse
1158 4621 1279 4674 est?
1305 4617 1446 4687 Ergo
1478 4618 1546 4670 ab
1576 4620 1891 4688 impotentia
1932 4633 2027 4671 su-

475 4721 696 4785 peratur
724 4713 984 4780 potentia.
1019 4709 1172 4773 Quod
1204 4709 1348 4761 enim
1381 4706 1525 4760 aliud
1565 4706 1694 4775 quid
1724 4715 1803 4760 est
1836 4714 2029 4773 prater

475 4804 795 4874 potentiam,
845 4810 1063 4857 nonest
1104 4802 1318 4870 penitus
1350 4799 1615 4869 potentia.
1662 4797 1728 4850 Et
1766 4799 1846 4853 sic
1876 4796 2029 4850 inve—

474 4898 623 4952 nitur
664 4904 933 4965 quatenus
984 4908 1092 4947 non
1136 4901 1217 4945 est
1260 4894 1519 4960 potentia,
1567 4890 1859 4945 secundum
1897 4888 2029 4943 illud

475 4989 728 5059 potentia:
769 4986 1063 5041 dominari.
1113 4984 1216 5039 Sed
1273 4982 1414 5037 Deus
1467 4998 1590 5037 cum
1649 4983 1722 5037 sit
1764 4982 2025 5052 potentia,

475 5095 669 5136 rursus
706 5079 867 5133 aliam
917 5078 970 5132 in
1005 5076 1186 5146 seipse
1220 5075 1514 5144 potentiam
1560 5074 1799 5136 haberet,
1853 5079 1905 5127 et
1935 5086 2030 5140 per

475 5173 617 5225 hanc
650 5170 803 5224 alteri
838 5170 1168 5224 dominatur.
1199 5166 1264 5219 Et
1295 5180 1415 5236 quae
1447 5179 1625 5234 pugna
1656 5172 1709 5217 et
1738 5163 2026 5227 dissensio,

476 5270 537 5314 ut
570 5260 711 5316 Deus
750 5260 805 5313 in
851 5260 1029 5328 seipso
1068 5258 1418 5312 exsistentem
1458 5252 1827 5308 fortitudinem
1863 5252 2031 5320 parti-

476 5362 586 5419 tus,
639 5367 749 5406 uno
801 5358 1077 5421 segmento
1116 5348 1372 5419 potentiae
1422 5345 1653 5398 alterum
1696 5344 2031 5413 prosternat?

476 5443 592 5498 Non
624 5444 766 5498 enim
801 5442 853 5496 in
882 5442 1063 5512 seipso
1094 5442 1349 5495 retineret
1375 5438 1690 5509 potentiam,
1725 5434 1829 5490 nisi
1861 5435 2033 5502 major

479 5537 655 5604 aliqua
705 5543 758 5589 et
812 5535 1099 5589 violentior
1144 5531 1382 5602 potentia
1436 5545 1557 5583 cum
1610 5529 1727 5596 ipso
1772 5526 2030 5580 adversus

476 5625 582 5679 hoc
619 5627 983 5694 prmliaretur.
1040 5623 1186 5678 Talis
1226 5622 1471 5677 Eunomii
1514 5623 1653 5673 Deus
1701 5619 1885 5672 nescio
1911 5619 2030 5687 quis

481 5715 728 5771 biformis
750 5717 865 5773 sive
903 5717 1134 5788 duplicis
1159 5723 1388 5779 naturae,
1429 5712 1513 5767 vel
1544 5712 1773 5766 multum
1810 5725 2031 5780 compo-

451 5948 472 5980 Α

2128 4532 2270 4595 τίνος
2298 4533 2516 4602 κρατεῖ;
2565 4526 2724 4581 Ἀλλο
2750 4546 2801 4580 τι
2834 4525 2983 4595 παρὰ
3012 4525 3108 4596 τὴν
3145 4524 3370 4594 δύναμιν
3403 4523 3477 4577 ὢν
3501 4524 3672 4585 αὐτὸς,

2128 4625 2254 4678 ἄλλο
2306 4642 2357 4678 τι
2417 4622 2580 4691 οῠσης
2638 4620 2970 4688 κατακρατεῖ
3029 4618 3125 4687 τῆς
3182 4618 3315 4680 ἰδίας
3369 4616 3673 4687 δυνάμεως;

2130 4715 2333 4769 Οὐκοῦν
2369 4716 2593 4785 ἡττᾶται
2637 4712 2738 4781 τῆς
2767 4710 3062 4780 ἀδυναμίας
3109 4711 3141 4779 ή
3187 4710 3433 4780 δύναμις.
3471 4708 3542 4760 Τὸ
3573 4710 3677 4777 γὰρ

2128 4807 2254 4861 ἄλλο
2295 4823 2346 4858 τι
2377 4804 2525 4875 παρά
2565 4803 2661 4874 τὴν
2690 4803 2914 4870 δύναμιν
2959 4801 3037 4864 ὃν,
3082 4800 3306 4870 δύναμις
3342 4800 3551 4862 πάντως
3583 4798 3677 4850 οὐκ

2130 4894 2293 4946 ἔστιν.
2350 4894 2458 4947 Καὶ
2513 4891 2684 4954 οὕτως
2745 4889 3049 4960 εὑρίσκεται
3112 4887 3244 4942 καθὸ
3308 4887 3531 4957 δύναμις
3583 4888 3678 4940 οὐκ

2128 4984 2292 5047 ἔστιν,
2328 4985 2445 5036 κατ’
2484 4986 2657 5037 ἐκεῖνο
2689 4982 2901 5054 κρατῶν
2937 4981 3036 5050 τῆς
3065 4979 3361 5050 δυνάμεως.
3408 4980 3565 5033 Ἀλλά
3592 4980 3676 5034 δύ-

2130 5094 2290 5146 ναμις
2332 5076 2407 5127 ὢν
2449 5077 2477 5127 ό
2524 5075 2672 5141 Θεὸς,
2726 5074 2884 5127 πάλιν
2932 5073 3096 5143 ἄλλην
3143 5074 3201 5125 ὲν
3250 5070 3424 5141 ἑαυτῷ
3460 5071 3678 5141 δύναμιν

2130 5168 2260 5238 ἔχοι,
2315 5168 2407 5219 καὶ
2436 5166 2607 5237 ταύτῃ
2653 5166 2983 5234 κατακρατεῖ
3019 5163 3118 5233 τῆς
3152 5162 3361 5231 ἐτέρας.
3392 5162 3502 5215 Καὶ
3531 5161 3613 5224 τίς
3644 5163 3675 5232 ἠ

2134 5255 2279 5326 μάχη
2323 5254 2419 5306 καὶ
2466 5255 2499 5322 ή
2550 5253 2841 5316 διάστασις,
2892 5251 3031 5305 ὥστε
3087 5253 3379 5323 μερίσαντα
3415 5251 3507 5304 τὸν
3552 5250 3678 5303 Θεὸν

2128 5348 2225 5419 τὴν
2285 5347 2688 5417 ἐνυπάρχουσαν
2738 5336 2888 5416 ἰσχὺν
2938 5344 3134 5416 ἑαυτῷ,
3185 5344 3262 5415 τῷ
3309 5344 3390 5397 ἐνὶ
3441 5345 3679 5414 τμήματι

2129 5440 2226 5506 τῆς
2261 5439 2535 5507 δυνάμεως
2583 5437 2969 5493 καταπαλαίειν
3004 5437 3065 5490 τὸ
3109 5436 3313 5511 ἓτερονς
3363 5436 3437 5489 Οὐ
3476 5435 3582 5505 γὰρ
3619 5433 3679 5487 ἂν

2133 5531 2416 5600 κρατήσειε
2469 5530 2565 5597 τῆς
2608 5528 2885 5598 δυνάμεως
2922 5527 3120 5597 ἐαυτῷ,
3174 5527 3249 5597 μὴ
3302 5529 3680 5597 συμμαχούσης

2130 5618 2273 5688 αὐτῴ
2309 5620 2441 5690 πρὸς
2473 5618 2625 5671 τοῦτο
2653 5620 2892 5688 μείζονάς
2912 5636 3053 5680 τινος
3083 5621 3176 5670 καὶ
3202 5617 3502 5687 βιαιοτέρας
3528 5616 3680 5668 δυνά-

2134 5727 2295 5781 μεως.
2327 5709 2573 5772 Τοιοῦτος
2595 5711 2623 5761 ό
2654 5708 2917 5780 Εὖνομίου
2944 5709 3096 5773 Θεὸς,
3125 5709 3317 5779 διφυής
3356 5725 3437 5771 τις
3470 5707 3501 5777 ἦ
3527 5706 3682 5760 7:03.9-
