4034 6526
270 372 380 430 805

1391 371 1666 427 CONTRA
1709 371 2098 437 EUNOMlU-M,
2139 371 2266 424 LIB.
2311 370 2397 424 IX.

3407 364 3510 420 805

271 489 548 554 σύνθετος,
571 487 728 552 αῦτδς
754 491 888 560 πρὸς
915 492 1104 544 ἑαυτὸν
1131 493 1504 564 μεριζόμενος,
1523 491 1850 561 ἀσύμφωνον

1958 492 2110 548 situs.
2179 489 2294 556 ipse
2347 499 2534 540 secum
2583 484 2636 536 in
2689 491 2871 554 partes
2927 483 3155 546 divisus,
3207 482 3509 534 discordem

273 577 414 644 ἔχων
439 583 505 649 τῇ
530 579 752 647 δυνάμει
769 580 866 648 τὴν
881 581 1104 651 δύναμιν
1125 599 1138 612 ·
1165 584 1240 644 ὡς
1261 584 1429 653 ταύτῃ
1452 584 1547 650 μὲν
1565 583 1699 653 πρὸς
1725 585 1850 634 ἀτα-

274 668 392 732 ξίαν
421 668 769 739 ἐκφέρεσθαι,
804 673 868 740 τῇ
901 671 956 724 δὲ
993 673 1154 744 ἑτέρᾳ.
1190 674 1415 727 κωλύειν
1443 675 1502 726 τὸ
1538 673 1850 743 πλημμελὲς

272 759 376 827 τῆς
393 761 678 830 κινήσεως.
700 761 762 812 Τί
781 760 836 814 δὲ
867 763 958 814 καὶ
989 763 1305 834 βουλόμενος
1325 767 1513 835 κρατεῖ
1540 764 1673 833 πρὸς
1700 763 1850 830 γένε-

274 865 360 900 σιν
381 849 640 920 ὁρμῶσαν
669 851 763 920 τὴν
793 850 1040 921 δύναμιν,
1061 857 1131 926 μή
1159 873 1209 907 τι
1233 855 1454 924 γένηται
1489 854 1653 907 κακὸν
1679 856 1741 905 ἐκ
1757 853 1848 905 τοῦ

275 939 353 1009 μὴ
381 939 687 1008 κωλυθῆναι
733 942 830 1010 τὴν
865 943 1136 1012 γέννησιν,
1173 947 1370 1014 μᾶλλον
1419 945 1473 996 δὲ
1513 944 1614 1014 προ
1659 944 1848 994 τούτου

271 1029 327 1080 τί
355 1031 422 1099 τῇ
455 1027 614 1095 φύσει
647 1029 705 1080 τὸ
753 1031 1116 1100 κρατούμενον
1147 1033 1737 1103 ἐστιν,ὲρμηνευσάτ‹ι›.
1780 1031 1851 1082 Τὸ

273 1118 385 1188 γὰρ
443 1119 750 1188 λεγόμενον,
807 1123 1111 1192 ὀρμητικήν
1161 1141 1280 1177 τινα
1335 1125 1424 1176 καὶ
1471 1122 1852 1194 προαιρετικὴν

273 1210 616 1262 ὑποδείκνυσι
653 1211 886 1281 κίνησιν,
923 1215 1004 1282 ἐφ’
1041 1216 1236 1284 ἑαυτῆς
1269 1215 1572 1278 ἰδιαζόντως
1613 1215 1850 1286 Θεωρου-

277 1301 476 1370 μένην*
501 1301 632 1355 ἄλλο
659 1303 766 1373 γάρ
793 1321 842 1356 τι
869 1303 928 1356 τὸ
967 1305 1218 1375 κρατοῦν,
1251 1308 1342 1359 καὶ
1370 1307 1554 1377 ἕτερον
1594 1304 1652 1370 ἐξ
1681 1307 1850 1373 ανάγ-

275 1407 380 1460 κης
435 1392 549 1443 ἐστὶ
601 1393 660 1446 τὸ
725 1395 1111 1466 κρατούμενον.
1169 1399 1376 1466 Κρατεῖ
1421 1397 1595 1449 τοίνυν
1645 1400 1671 1450 ὀ
1723 1397 1852 1458 Θεὸς

275 1484 376 1552 τῆς
413 1484 698 1553 δυνάμεώς
761 1504 812 1538 τι
850 1487 1013 1557 οὔσης
1080 1489 1532 1560 αὐτοπροαιρέτου
1579 1489 1720 1552 τινος
1755 1489 1851 1557 φύ-

279 1591 437 1638 σεως,
474 1577 506 1646 ἦ
541 1577 667 1629 ἄλλο
697 1597 750 1630 τι
803 1579 952 1650 παρὰ
997 1581 1172 1644 τοῦτο,
1223 1582 1476 1652 ὁρμώσης
1521 1584 1656 1652 προς
1707 1583 1856 1651 ἐνέρ-

281 1683 461 1734 γειαν,
491 1668 526 1738 ἢ
568 1670 929 1740 ἀτρεμούσης.
964 1673 1024 1724 Εἰ
1073 1673 1171 1744 μὲν
1211 1677 1316 1743 γὰρ
1349 1677 1572 1745 ἠρεμεῖν
1603 1675 1854 1727 ὑποτίθε-

278 1775 392 1820 ται,
427 1759 489 1811 τὸ
537 1762 804 1830 ἡσυχάζον
851 1763 944 1816 τοῦ
984 1766 1306 1836 κρατοῦντος
1335 1768 1434 1819 οὐκ
1466 1768 1754 1820 ἐπιδέεται.
1793 1769 1852 1820 ΕΞ

1953 579 2157 633 habens
2215 577 2471 648 potentiae
2522 577 2840 646 potentiam,
2901 585 2958 629 ut
3005 577 3106 628 hac
3175 575 3390 642 quidem
3443 575 3508 626 ad

1951 669 2332 724 confusionem
2396 677 2448 722 et
2489 667 2948 722 inordinationem
2995 665 3281 726 eli‘eratur,
3343 664 3512 716 altera

1950 778 2080 814 vero
2117 761 2400 830 prohibeat
2431 771 2608 814 motus
2649 773 2954 814 excessum.
2993 755 3132 820 Quid
3165 765 3341 806 autem
3368 753 3512 822 quod

1951 853 2138 906 volens
2173 853 2374 906 retim-t
2425 851 2490 903 ad
2545 849 2946 920 generationem
2993 853 3362 915 erumpentem
3415 859 3512 913 po—

1953 945 2201 1002 tentiam,
2237 959 2304 996 ne
2341 944 2468 1012 quid
2509 945 2634 996 mali
2678 951 2936 996 nascatur
2978 955 3042 992 ex
3081 939 3182 990 hoc
3225 937 3366 1006 quod
3406 949 3510 986 non

1953 1035 2224 1103 prohibita
2259 1036 2328 1088 sit
2367 1037 2666 1104 generatio,
2702 1038 2810 1088 imo
2839 1049 2970 1087 vero
2995 1044 3118 1085 ante
3147 1032 3248 1084 hoc
3280 1029 3406 1098 quid
3444 1031 3513 1082 sit

1953 1124 2096 1192 quod
2147 1133 2338 1176 natura
2381 1133 2598 1178 tenetur
2632 1125 2888 1192 explicet.
2942 1121 3094 1186 Quod
3131 1121 3274 1172 enim
3315 1118 3514 1172 dicitur

1955 1216 2318 1284 impultricem
2384 1216 2672 1284 quamdam
2746 1223 2799 1268 et
2859 1221 3210 1281 spontaneam
3275 1207 3516 1264 ostendit

1955 1309 2247 1360 motionem
2276 1322 2396 1378 quae
2423 1309 2474 1360 in
2510 1309 2686 1376 seipsa
2718 1305 3066 1375 peculiariter
3091 1302 3472 1356 consideretur
3499 1315 3514 1363 ;

1955 1397 2100 1450 aliud
2135 1397 2280 1450 enim
2315 1397 2445 1465 quid
2481 1397 2583 1450 hoc
2625 1397 2766 1465 quod
2806 1395 3024 1454 retinet,
3060 1402 3114 1446 et
3151 1393 3380 1445 alterum
3425 1405 3520 1442 ne-

1957 1487 2198 1539 cessario
2247 1488 2392 1555 quod
2443 1487 2728 1541 retinetur.
2773 1486 2986 1540 Retinet
3027 1485 3190 1554 igitur
3233 1482 3375 1536 Deus
3423 1495 3521 1550 po-

1957 1580 2182 1631 tentiam
2215 1594 2336 1646 quae
2367 1589 2444 1632 est
2480 1579 2683 1646 aliquid
2726 1579 2907 1632 liberae
2929 1587 2982 1632 et
3011 1591 3124 1631 sua:
3161 1575 3372 1644 spontis
3420 1587 3518 1626 na—

1957 1679 2110 1730 turm,
2154 1669 2238 1721 vel
2269 1687 2388 1738 qua:
2421 1670 2491 1724 sit
2527 1671 2673 1722 aliud
2716 1671 2846 1739 quid
2877 1679 3070 1738 prieter
3111 1668 3234 1732 hoc,
3275 1679 3394 1734 qua!
3437 1665 3518 1718 vel

1957 1769 2080 1813 ruat
2125 1760 2190 1813 ad
2240 1769 2440 1824 actum,
2475 1761 2556 1816 vel
2607 1778 2727 1830 qua:
2761 1762 3036 1830 quiescat;
3091 1760 3132 1814 si
3191 1759 3333 1814 enim
3367 1756 3520 1825 quieo

277 1851 336 1904 δὲ
365 1856 584 1923 κρατεῖν
617 1872 768 1924 φησι,
807 1856 1044 1926 δηλονότι
1082 1861 1397 1929 κινουμένου
1435 1878 1492 1912 τε
1521 1859 1612 1912 καὶ
1639 1859 1852 1930 ὁρμῶν-

1958 1869 2106 1908 scere
2149 1864 2505 1922 supponatur,
2543 1856 2684 1922 quod
2711 1855 2952 1922 quietum
2982 1863 3063 1906 est
3089 1867 3194 1904 non
3233 1859 3350 1919 eget
3395 1847 3522 1902 reti-

281 1961 372 2007 τος
412 1949 620 2016 κρατεῖ·
665 1947 834 2000 Τοῦτο
882 1949 938 2002 δὲ
985 1950 1110 2004 ἄλλο
1163 1969 1214 2004 τι
1269 1955 1334 2022 τῇ
1385 1952 1541 2021 φύσει
1583 1953 1732 2022 παρὰ
1763 1953 1852 2004 τὸν

280 2037 678 2108 ἐπικρατοῦντα
718 2040 934 2104 πάντως
977 2044 1109 2112 ἐρεῖ.
1143 2043 1206 2096 Τί
1251 2035 1342 2096 οὖν
1390 2048 1516 2108 νοεῖ,
1550 2045 1722 2114 τούτῳ
1753 2061 1856 2112 φα-

279 2127 574 2196 νερωσάτω
597 2126 674 2196 τῷ
699 2128 840 2198 λόγῳ
859 2147 870 2158 ·
911 2130 1038 2182 ἄλλο
1070 2149 1120 2182 τι
1157 2132 1309 2202 παρὰ
1344 2131 1433 2184 τὸν
1463 2133 1591 2184 Θεὸν
1637 2135 1694 2186 ἐν
1724 2135 1854 2185 ὐπο-

283 2221 470 2273 στάσει
497 2219 884 2291 θεωρούμενον.
920 2223 1029 2274 Καὶ
1057 2223 1175 2286 πῶς
1193 2223 1258 2277 ἂν
1275 2225 1358 2293 εἴη
1381 2227 1436 2276 ἐν
1455 2225 1532 2294 τῷ
1549 2225 1666 2295 Θεῷ
1685 2227 1742 2278 τὸ
1763 2225 1858 2278 ἀλ-

279 2309 523 2380 λότριον;
568 2313 638 2363 ’Ἡ
685 2312 796 2376 ἕξιν
830 2313 954 2366 τινὰ
1002 2314 1141 2368 κατὰ
1179 2316 1238 2367 τὸ
1273 2317 1640 2370 ἀνυπόστατον
1688 2320 1742 2370 ὲν
1789 2321 1852 2389 τῇ

282 2401 404 2474 Θείᾳ
438 2403 596 2471 φύσει
632 2403 1041 2476 θεωρουμένην;
1091 2407 1228 2459 Ἀλλ’
1262 2409 1361 2460 οὐκ
1395 2410 1459 2462 ἂν
1508 2409 1648 2462 εἴποι
1679 2410 1851 2462 τοῦτο.

281 2493 358 2546 Τὸ
385 2495 494 2565 γὰρ
531 2495 604 2566 μὴ
647 2497 897 2565 ὑφεστὼς
943 2499 1040 2552 οὐκ
1095 2499 1229 2564 ἐστι,
1279 2500 1338 2552 τὸ
1389 2500 1442 2553 δὲ
1491 2501 1564 2572 μὴ
1612 2501 1690 2560 ὃν.
1738 2502 1856 2554 οὐδὲ

281 2588 588 2656 κρατεῖται,
635 2585 758 2640 οὔτε
805 2587 1043 2656 dapis-cat;
1075 2589 1170 2652 Τίς
1199 2584 1290 2642 οὖν
1319 2591 1351 2659 ἡ
1387 2591 1730 2662 κρατουμένη
1769 2591 1857 2642 δύ-

279 2693 447 2747 ναμις
496 2679 676 2749 ἐκείνη
723 2679 822 2732 καὶ
863 2679 1174 2750 κωλυομένη
1217 2681 1350 2753 πρὸς
1383 2681 1480 2752 τὴν
1531 2683 1665 2735 ἰδίαν
1704 2685 1856 2752 ἐνερ-

279 2768 428 2838 γίαν,
459 2767 563 2831 ἓως
598 2767 819 2839 ἔμελλεν
856 2772 884 2822 ὁ
913 2770 1098 2840 καιρὸς
1139 2771 1236 2839 τῆς
1279 2769 1370 2822 τοῦ
1405 2771 1635 2840 Χριστοῦ
1671 2773 1858 2840 γεννή-

283 2877 424 2923 σεως
469 2861 696 2923 ἐπιστὰς
745 2860 1019 2913 ἀκώλυτον
1067 2861 1281 2929 ἀφιέναι
1314 2861 1410 2931 τὴν
1453 2862 1675 2932 δύναμιν
1723 2863 1857 2932 πρὸς

1138 2954 1148 2968 1

277 2952 382 3022 τὴν
409 2951 554 3006 κατὰ
586 2952 746 3020 φύσιν
775 2952 1054 3022 ἐνέργειαν
1085 2952 1363 3022 φέρεσθαι;
1403 2953 1499 3016 Τίς
1527 2955 1580 3006 δὲ
1613 2956 1644 3024 ἡ
1681 2957 1736 3007 ἐν
1779 2955 1858 3025 τῷ

281 3043 439 3114 μέσῳ
481 3046 579 3114 τῆς
625 3043 892 3113 ἀναϐολῆς
941 3045 1108 3105 αἰτία,
1143 3044 1207 3095 δι’
1253 3043 1318 3114 ἣν
1368 3046 1395 3096 ὀ
1447 3045 1579 3107 Θεὸς
1623 3045 1718 3116 τὴν
1762 3046 1868 3100 τοῦ,

279 3135 624 3203 Μονογενοῦς
663 3133 956 3205 ὑπερέθετο
1007 3135 1258 3203 γέννησιν
1312 3134 1462 3187 οὔπω
1511 3136 1674 3190 καλὸν
1721 3131 1856 3190 εἶναι

275 3227 524 3298 οἰόμενος
553 3227 612 3278 τὸ
643 3225 895 3294 γενέσθαι
937 3227 1150 3296 Πατήρ;
1192 3227 1256 3278 Τί
1284 3227 1340 3279 δὲ
1373 3227 1432 3280 τὸ
1465 3227 1626 3298 μέσον
1649 3227 1804 3281 τοῦτο
1829 3229 1857 3281 ὃ

282 3321 489 3391 μεταξὺ
523 3320 622 3388 τῆς
653 3318 746 3371 τοῦ
775 3319 985 3388 Πατρδς
1015 3319 1108 3370 καὶ
1139 3317 1232 3370 τοῦ
1267 3317 1392 3370 Υἰοῦ
1429 3317 1572 3388 ζωῆς
1602 3320 1856 3388 παρενεί-

289 3429 479 3480 pacat;
527 3412 599 3463 Οὐ
647 3411 853 3480 χρόνος,
901 3411 962 3462 οὐ
1009 3411 1188 3472 τόπος,
1236 3410 1296 3462 οὺ
1353 3411 1778 3480 διαστηματικόν
1807 3429 1856 3463 τι

277 3506 480 3574 νόημα,
535 3505 634 3556 οὐκ
682 3504 808 3556 ἄλλο
845 3502 1081 3554 τοιοῦτον
1121 3503 1289 3554 οὐδέν.
1345 3503 1486 3572 Πρὸς
1519 3502 1570 3555 τί
1613 3503 1786 3556 τοίνυν
1831 3504 1858 3555 ὁ

275 3595 410 3660 ὀξὺς
451 3595 544 3646 καὶ
588 3593 890 3664 διορατικὸς
932 3592 1202 3661 ὀφθαλμὸς
1247 3592 1524 3654 ἀτενίζων,
1573 3594 1733 3664 ἐνορᾷ
1761 3593 1859 3662 τῆς

279 3687 432 3758 ζωῆς
463 3686 554 3740 τοῦ
593 3687 718 3738 Υξοῦ
755 3687 887 3754 πρὸς
919 3687 1016 3755 τὴν
1049 3685 1138 3736 τοῦ
1175 3684 1384 3754 Πατρὶς
1429 3684 1590 3756 ζωὴν,
1619 3685 1715 3756 τὴν
1745 3685 1859 3738 διά-

283 3795 510 3844 στασιν;
587 3778 746 3831 Ἀλλὰ
801 3777 1134 3846 πανταχόθεν
1187 3775 1652 3844 συνελαυνόμενος,
1710 3778 1858 3828 οὐδὲν

283 3869 388 3940 μὲν
427 3863 566 3920 εἶναι
599 3867 659 3920 τὸ
710 3867 910 3938 μεταξὺ
957 3867 1050 3919 καὶ
1083 3865 1243 3928 αὐτὸς
1289 3865 1348 3928 ἐξ
1393 3865 1634 3936 ἀνάγκης
1683 3867 1858 3919 συντί-

287 3961 464 4014 θεται.

354 4137 597 4208 Μηδενδς
671 4137 728 4188 δὲ
803 4135 952 4198 ὄντος
1023 4133 1114 4186 τοῦ
1198 4135 1587 4204 μεσιτεύοντος,
1627 4129 1859 4206 ’ἄμεσον

283 4234 382 4287 καὶ
429 4231 638 4299 συναφῆ
692 4229 790 4298 τὴν
849 4228 1128 4280 κοινωνίαν
1176 4223 1310 4280 εἶναι
1365 4229 1426 4280 οὺ
1488 4228 1857 4298 καταδέχεται.

297 4325 437 4377 Ἀλλ’
469 4320 890 4375 ὑποκαταϐαἰνει
937 4320 1070 4390 πρὸς
1103 4319 1170 4372 τὰ
1211 4321 1454 4389 ἡμέτερα
1482 4319 1580 4389 τῆς
1609 4318 1860 4387 γνώσεως

287 4417 482 4486 μέτρα,
515 4420 608 4468 καὶ
633 4413 992 4484 ἀνθρωπικῶς
1022 4415 1149 4481 ἡμῖν
1184 4411 1258 4474 ὡς
1287 4409 1362 4474 εἷς
1393 4411 1548 4482 ἡμῶν
1579 4413 1671 4464 καὶ
1701 4413 1860 4474 αὐτὸς

1955 1953 2137 1998 nente.
2173 1944 2232 1996 Si
2273 1953 2452 1998 autem
2490 1947 2722 1998 retinere
2751 1945 2904 2010 dicit,
2937 1943 3190 1998 videlicet
3212 1941 3356 2012 quod
3402 1955 3520 1993 mo-

1955 2043 2112 2088 vetur
2141 2045 2194 2090 et
2224 2037 2354 2100 ruit,
2393 2043 2576 2102 tenet;
2611 2037 2710 2088 hoc
2745 2042 2925 2088 autem
2969 2035 3096 2104 quid
3133 2035 3278 2088 aliud
3327 2041 3520 2086 natura

1956 2143 2118 2197 quam
2150 2129 2241 2182 ille
2273 2130 2473 2182 retinet
2503 2143 2730 2198 prorsus
2757 2127 2922 2182 dicet.
2955 2127 3094 2192 Quid
3127 2127 3294 2196 igitur
3325 2125 3520 2180 intelli-

1957 2221 2052 2290 git,
2081 2221 2186 2276 hoc
2217 2223 2471 2290 explanet
2496 2235 2786 2285 sermone;
2825 2219 2950 2292 quid
2985 2220 3130 2274 aliud
3152 2234 3314 2288 quam
3347 2217 3519 2270 Deum

1958 2310 2048 2379 qui
2099 2309 2150 2362 in
2188 2310 2464 2380 hypostasi
2519 2311 2779 2380 cernitur.
2807 2308 3089 2378 Quomodo
3139 2310 3192 2360 in
3229 2307 3339 2361 Deo
3390 2305 3522 2376 quid

1957 2401 2058 2453 erit
2113 2401 2389 2454 alienum?
2443 2416 2510 2453 an
2569 2378 2815 2454 habitum
2856 2400 3090 2468 aliquem
3122 2398 3420 2453 secundum
3471 2397 3521 2450 id

1957 2491 2102 2560 quod
2136 2494 2322 2561 nequit
2373 2491 2673 2546 subsistere
2719 2492 2773 2544 in
2818 2491 3002 2543 divina
3039 2497 3233 2542 natura
3277 2489 3526 2542 conside-

1960 2586 2181 2636 ratum?
2219 2584 2312 2637 sed
2349 2599 2456 2636 non
2499 2584 2601 2636 hoc
2635 2583 2854 2637 dixerit.
2895 2581 3050 2646 Quod
3081 2581 3222 2634 enim
3259 2595 3366 2633 non
3395 2581 3526 2634 sub-

1960 2674 2124 2739 sistit,
2165 2690 2270 2728 non
2309 2683 2412 2728 est.
2453 2674 2606 2740 Quod
2642 2683 2821 2728 autem
2857 2689 2963 2726 non
3018 2680 3123 2735 est,
3165 2687 3340 2740 neque
3373 2679 3522 2725 tene-

1967 2775 2273 2836 tur,neque
2305 2767 2620 2820 dimittitur.
2657 2767 2787 2831 Quae
2820 2766 2984 2835 igitur
3013 2764 3253 2834 potentia
3285 2763 3374 2816 illa
3405 2777 3524 2831 quae

1961 2864 2178 2910 tenetur
2206 2863 2258 2909 et
2292 2871 2413 2925 qua?
2447 2857 2786 2924 prohibetur,
2829 2871 2894 2908 ne
2933 2853 2998 2906 ad
3037 2861 3220 2906 actum
3253 2861 3522 2922 erumpat,

1960 2945 2132 2999 donec
2159 2945 2526 3016 generationis
2556 2943 2756 2997 Christi
2795 2951 3008 3011 tempus
3039 2941 3228 3005 instet,
3255 2947 3308 2993 et
3337 2945 3525 3008 urgeat

1961 3038 2256 3107 potentiam
2306 3037 2531 3090 liberam
2587 3036 2922 3102 minimeque
2973 3031 3286 3102 impeditam
3341 3029 3522 3082 dimit-

1961 3138 2097 3188 tere.
2153 3139 2211 3182 ut
2257 3128 2322 3182 ad
2379 3127 2680 3181 naturalem
2715 3135 2897 3178 aetum
2947 3123 3184 3180 teratur?
3212 3123 3342 3190 Qua:
3394 3135 3526 3174 vero

1961 3221 2246 3290 interjecta
2279 3219 2560 3273 dilationis
2613 3233 2776 3272 causa
2813 3232 2910 3286 per
2939 3231 3099 3286 quam
3138 3215 3280 3270 Deus
3326 3210 3526 3282 Unige-

1959 3310 2060 3364 niti
2109 3309 2324 3364 distulit
2369 3309 2800 3379 generationem,
2853 3307 3094 3360 nomium
3139 3308 3346 3360 bonum
3403 3320 3526 3360 esse

1959 3410 2112 3455 ratus
2165 3401 2376 3454 Patrem
2419 3399 2576 3454 ﬁeri?
2619 3399 2902 3464 Quodnam
2953 3399 3056 3452 hoc
3103 3399 3340 3453 medium
3379 3399 3526 3452 inter

1959 3491 2137 3546 Patris
2183 3501 2235 3546 et
2277 3490 2402 3544 Filii
2447 3491 2611 3544 vitam
2655 3491 2952 3544 inseritur?
2997 3505 3104 3542 non
3149 3499 3380 3559 tempus,
3417 3504 3524 3544 non

1961 3591 2253 3652 locus,non
2290 3585 2396 3636 ulla
2429 3583 2767 3637 intervallata
2815 3583 2986 3648 notio,
3023 3584 3156 3636 nihil
3193 3583 3336 3637 aliud
3374 3584 3525 3653 ejus-

1963 3680 2127 3734 modi.
2161 3680 2239 3732 Ad
2263 3679 2392 3748 quid
2427 3679 2589 3748 igitur
2621 3685 2820 3730 acutus
2853 3677 2957 3731 iste
2989 3686 3043 3732 et
3075 3680 3358 3748 perspicax
3392 3695 3526 3734 ocu-

1961 3771 2044 3824 lus
2100 3781 2369 3826 contuens
2419 3771 2542 3824 vitaa
2573 3769 2696 3824 Filii
2747 3769 3062 3826 distantiam
3116 3786 3144 3823 a
3196 3771 3370 3825 Patris
3413 3775 3525 3827 vita

1959 3865 2270 3934 conspicit?
2298 3864 2402 3918 Sed
2437 3863 2679 3933 undique
2721 3862 2846 3917 dum
2881 3865 3224 3934 compellitur
3253 3877 3306 3920 et
3341 3869 3522 3936 perlu-

1961 3967 2119 4014 strat.
2159 3957 2296 4010 nihil
2327 3972 2450 4012 esse
2494 3957 2844 4026 interiectum
2877 3958 2992 4026 ipse
3043 3961 3355 4014 necessario
3391 3961 3526 4016 asti-

1959 4053 2196 4121 pulatur.

2031 4145 2162 4197 Cum
2235 4153 2412 4198 autem
2463 4147 2670 4200 nullum
2740 4157 2811 4202 snt
2871 4147 3210 4216 interiectum
3261 4149 3521 4216 medium,

1959 4235 2328 4290 immediatam
2395 4245 2448 4292 et
2526 4241 2836 4292 continuam
2897 4239 3332 4294 communionem
3403 4257 3526 4297 esse

1959 4341 2068 4378 non
2113 4325 2386 4390 admittit,
2449 4327 2544 4382 sed
2601 4328 2664 4380 ad
2729 4327 2948 4381 nostras
2993 4327 3319 4397 cognitionis
3373 4343 3525 4382 men-

1962 4431 2122 4470 suras
2185 4417 2506 4480 descendit,
2587 4427 2640 4472 et
2718 4419 2958 4472 humano
3029 4433 3178 4472 more
3252 4427 3310 4472 ut
3381 4437 3524 4474 unus

281 4506 620 4574 διαλέγεται·
673 4503 1021 4574 ὑφομολογῶν
1065 4503 1245 4572 ἠρέμα
1293 4503 1397 4554 τῶν
1447 4503 1718 4574 λογισμῶν
1759 4505 1855 4574 τὴν

1964 4513 2206 4588 nostrum
2280 4515 2332 4558 et
2391 4506 2505 4572 ipse
2565 4507 2825 4570 disserit,
2891 4509 3256 4581 subcqntitens
3315 4513 3518 4564 sensim

281 4599 588 4660 ἀσθένειαν,
630 4599 724 4650 καὶ
767 4595 1121 4663 καταφεύγων
1157 4595 1248 4646 ἐπὶ
1281 4596 1370 4647 τὸν
1399 4596 1574 4664 λόγον,
1609 4597 1666 4649 ὃν
1717 4599 1858 4668 Ἀρι-

283 4691 543 4760 στοτέλης
574 4707 630 4741 τε
669 4689 760 4741 καὶ
805 4691 852 4740 οἰ
899 4690 1018 4740 κατ’
1046 4689 1206 4739 αὑτδν
1254 4689 1352 4740 οὐκ
1403 4688 1664 4754 ἐδίδαξαν.
1725 4692 1858 4742 Τότε

283 4785 415 4853 γὰρ,
447 4783 598 4850 φησι,
635 4781 824 4834 καλὸν
855 4781 950 4832 καὶ
981 4779 1210 4846 πρέπον
1249 4779 1537 4848 γεννῆσαι
1577 4781 1682 4834 τὸν
1723 4783 1858 4835 Υἱὸν

283 4877 384 4928 ὅτε·
439 4875 736 4926 ἐϐούλετο.
793 4869 1095 4940 Μηδεμιᾶς
1153 4872 1220 4924 ἐκ
1289 4873 1498 4924 τούτου
1561 4871 1858 4941 ζητήσεως

281 4969 432 5036 sum.“
453 4965 672 5034 σμένης
699 4963 822 5026 τοῖς
850 4963 1156 5029 σώφροσιν
1175 4979 1188 4992 ·
1233 4962 1360 5026 τοῦ,
1397 4963 1496 5016 Διά
1527 4965 1582 5015 τί
1607 4965 1692 5032 μὴ
1715 4966 1857 5031 πρίτ-

279 5074 476 5125 τερονς
523 5055 586 5107 Τί
633 5053 821 5108 ταῦτα.
873 5053 1120 5122 Εὐνόμιε;
1172 5054 1264 5107 καὶ
1309 5055 1372 5108 σὺ
1426 5051 1671 5117 πεζεύεις
1719 5056 1857 5108 κατὰ

279 5153 408 5212 τοὺς
465 5147 678 5210 ἰδιώτας
723 5147 891 5216 ἡμᾶς,
947 5146 1038 5199 καὶ
1098 5146 1407 5200 καταλιπὼν
1459 5147 1558 5210 τὰς
1607 5149 1856 5218 τεχνικὰς

285 5239 588 5308 περιόδους,
624 5238 714 5290 ἐπὶ
739 5237 836 5305 τὴν
888 5235 1077 5302 ἄλογον
1128 5235 1516 5303 συγκατάθεσιν
1553 5238 1646 5288 καὶ
1696 5238 1856 5300 αὐτὸς

283 5329 670 5399 καταφεύγεις,
707 5330 735 5382 ὁ
767 5327 936 5380 πολλὰ
979 5330 1089 5390 τοῖς
1133 5325 1260 5379 ἄνευ
1291 5326 1511 5397 λογικῆς
1549 5327 1856 5398 ἐντρεχείας

283 5421 618 5494 ἐπιχειροῦσι
647 5421 724 5491 τῷ
763 5420 994 5492 γράφειν
1023 5419 1387 5486 ὲπονειδίσας;
1434 5421 1490 5472 Ὀ
1523 5421 1658 5488 πρὸς
1697 5421 1857 5474 Βασί-

283 5517 427 5569 λειον
479 5514 672 5582 λέγων,
711 5514 793 5566 ὅτι
846 5513 912 5566 δι’
957 5503 1031 5565 ὧν
1079 5511 1336 5564 ἀδύνατον
1384 5515 1496 5576 τοῖς
1554 5513 1856 5584 ἀνθρώποις

283 5602 429 5661 εἶναι
456 5605 634 5674 λέγεις
661 5603 758 5668 τὰς
790 5604 927 5676 ὑπὲρ
953 5603 1062 5657 τῶν
1095 5604 1472 5674 πνευματικῶν
1502 5604 1672 5676 λόγων
1704 5609 1858 5661 εὐθύ-

285 5713 406 5762 νας,
437 5695 536 5766 τὴν
569 5693 700 5747 ἰδίαν
733 5693 972 5765 ἐλέγχεις
1015 5693 1255 5762 ἄγνοιαν.
1289 5695 1394 5748 Καὶ
1427 5696 1585 5750 πάλιν
1632 5698 1855 5769 ἑτέρωθι

285 5783 348 5834 τὸ
369 5777 488 5837 ἴσον
549 5785 872 5859 προφέρων·
933 5785 1010 5838 ὅτι
1038 5784 1135 5856 τὴν
1185 5786 1314 5840 ἰδὲαν
1353 5787 1635 5842 ἀσθένειαν
1685 5806 1856 5844 κοινο-

1961 4597 2436 4649 ratiocinationum
2477 4599 2904 4652 imbecillitatem
2933 4641 2947 4663 ,
3016 4609 3070 4655 et
3116 4603 3522 4674 subterfugicns

1961 4687 2026 4740 ad
2082 4689 2347 4742 rationem
2401 4706 2562 4758 quam
2613 4693 2938 4748 Aristoteles
3007 4705 3060 4748 et
3109 4693 3228 4762 ejus
3295 4703 3526 4749 sectato-

1961 4795 2046 4834 res
2105 4795 2211 4834 non
2259 4779 2580 4835 docuerunt.
2650 4782 2795 4837 Tum:
2838 4787 3014 4851 enim,
3073 4787 3286 4856 inquit,
3335 4789 3523 4854 bonum

1958 4881 2006 4924 et
2045 4875 2228 4925 decens
2286 4889 2534 4943 generare
2593 4873 2829 4941 Filium,
2887 4878 3096 4948 quando
3175 4879 3354 4931 voluit.
3411 4875 3520 4931 Ne-

1959 4979 2056 5031 quc
2109 4963 2220 5015 ulla
2295 4965 2433 5035 apud
2487 4966 2766 5028 prudentes
2823 4969 2886 5022 de
2918 4986 2978 5021 ea
3047 4985 3102 5022 re
3144 4971 3203 5036 ﬁt
3261 4969 3520 5038 quaestio,

1960 5055 2068 5110 Cur
2085 5071 2186 5108 non
2207 5057 2352 5123 prius
2383 5059 2408 5112 ?
2435 5057 2706 5124 Quorsum
2749 5057 2850 5112 ista
2871 5097 2885 5118 ,
2919 5073 2952 5111 ο
2985 5055 3210 5110 Eunomi
3232 5057 3253 5110 ?
3275 5067 3328 5111 tu
3355 5059 3518 5111 etiam

1960 5147 2189 5216 pedibus
2239 5149 2450 5203 incedis
2493 5149 2754 5206 adversus
2799 5165 2898 5203 nos
2943 5149 3106 5204 rudes
3140 5159 3186 5202 et
3227 5149 3520 5213 indoctos.

1959 5248 2012 5292 et
2055 5240 2260 5294 relictis
2307 5241 2622 5296 artiﬁciosis
2666 5241 2986 5296 circ-uitibus
3033 5241 3096 5294 ad
3147 5241 3521 5296 assensionem

1961 5331 2178 5384 ratione
2215 5341 2493 5386 carentem
2529 5343 2580 5387 et
2613 5333 2728 5401 ipse
2757 5331 3052 5402 confugis,
3086 5335 3178 5400 qui
3227 5333 3393 5385 multa
3439 5333 3524 5386 his

1959 5421 2048 5490 qui
2093 5423 2299 5491 absque
2331 5424 2588 5476 rationali
2619 5423 2900 5492 diligentia
2931 5423 3170 5478 scribere
3201 5423 3525 5494 aggrediun-

1959 5527 2067 5578 tur,
2095 5518 2294 5586 probra
2317 5516 2610 5584 objecisti?
2646 5515 2748 5581 Qui
2781 5514 2848 5568 ad
2875 5514 3135 5570 Basilium
3169 5515 3328 5576 dicis,
3377 5516 3522 5584 quod

1959 5623 2056 5677 per
2083 5624 2206 5677 quae
2237 5607 2376 5664 dicis
2405 5609 2520 5662 fieri
2557 5623 2664 5662 non
2699 5621 2888 5678 posse,
2923 5614 2980 5660 ut
3005 5607 3254 5662 homines
3289 5623 3386 5676 pro
3415 5609 3524 5678 spi-

1961 5701 2254 5757 ritualibus
2291 5701 2640 5758 sermonibus
2673 5700 2917 5756 rationes
2946 5699 3208 5762 reddant,
3247 5699 3520 5770 propriam

1962 5795 2146 5866 arguis
2181 5792 2560 5865 ignorantiam.
2606 5797 2683 5850 Ac
2733 5809 2928 5850 rursus
2978 5793 3106 5848 alibi
3159 5793 3338 5848 simile
3391 5795 3522 5864 quid
