4034 6486
543 352 647 409 807

1802 338 1861 394 s.
1901 335 2223 393 caeconu
2249 318 2541 393 nassam

3664 337 3769 395 808

545 467 851 538 proferens.
879 462 1033 529 Quod
1067 460 1340 533 propriam
1366 442 1734 513 inﬁrmitatem
1761 468 2104 511 communem

2222 456 2405 515 ποιεῖς,
2435 452 2492 506 τό
2516 468 2597 506 σοι
2632 453 2706 524 μὴ
2738 450 2978 516 δυνατὸν,
3001 454 3165 507 πᾶσιν
3194 450 3449 506 ἀδύνατον
3479 451 3768 519 ἀποφαινοο

544 555 871 622 Iaeis,dum
904 556 1045 625 quod
1076 555 1172 609 tibi
1223 552 1484 623 possibile
1533 566 1639 605 non
1686 559 1802 611 est,
1853 546 2105 601 omnibus

547 647 885 718 impossibile
910 646 1250 716 pronuntias.
1276 644 1379 710 Qui
1411 643 1527 696 haec
1564 650 1620 696 et
1654 640 1783 694 talia
1813 639 1949 693 dicis
1974 676 1990 701 ,
2026 637 2106 691 sic

547 740 791 794 auditum
837 737 1012 791 allicis
1056 737 1175 803 ejus
1209 735 1301 805 qui
1336 747 1557 787 causam
1590 730 1852 800 inquirit,
1889 738 2106 798 propter

548 850 712 905 quam
745 831 910 886 Pater
941 828 1127 885 diﬂ‘crt
1157 835 1215 881 ut
1266 826 1391 880 talis
1432 823 1553 878 Filii
1611 824 1680 877 sit
1739 829 1913 887 pater:
1961 817 2107 873 solli-

548 940 674 978 cere
734 934 895 992 putas
953 919 1019 973 ad
1073 915 1634 977 demonstrationem,
1692 909 1894 971 dicere,
1964 907 2109 977 quod

551 1013 695 1067 Tunc
752 1013 959 1082 genuit,
1008 1007 1218 1079 quando
1262 1003 1464 1068 voluit,
1538 1017 1603 1056 ac
1667 1001 1736 1056 de
1781 1014 1847 1055 eo
1890 998 2105 1069 quidem

531 1102 700 1199 piulla
744 1101 817 1155 sit
864 1098 1115 1169 quaestio.
1163 1095 1255 1150 Sic
1299 1095 1395 1149 tibi
1448 1094 1515 1147 ad
1559 1093 1873 1161 dogmatum
1931 1096 2110 1144 astru-

528 1179 793 1257 fctionem
858 1190 1077 1243 inlirma
1142 1193 1229 1242 est
1287 1183 1738 1253 comprehensiva
1799 1180 1940 1234 visio
1994 1179 2108 1232 sive

549 1280 917 1353 imaginatio?
946 1280 1067 1346 Quo
1100 1277 1505 1348 propositiones
1536 1276 1794 1341 utrinque
1825 1272 2109 1325 vincentes

548 1383 603 1430 et
647 1360 1121 1442 constringentes?
1159 1368 1279 1435 Quo
1327 1367 1581 1421 violentae
1618 1360 2109 1434 praestruction'es?

549 1468 669 1535 Quo
703 1466 800 1519 tibi
831 1462 1075 1518 evanidae
1109 1470 1164 1516 et
1200 1476 1307 1515 non
1354 1460 1721 1515 subsistentes
1754 1456 1977 1524 dilapsa:
2009 1453 2105 1508 ab-

548 1568 680 1614 eunt
724 1558 864 1611 artis
911 1553 1289 1609 formidabiles
1332 1559 1387 1606 et
1428 1549 1772 1605 inevitabiles
1813 1545 2111 1600 ratiocina-

548 1652 758 1704 tionum
787 1646 1167 1704 conclusiones
1199 1644 1222 1697 ?
1251 1642 1405 1697 Tunc
1440 1643 1629 1711 genuit
1661 1638 1858 1692 Filium
1889 1636 2110 1706 quando

2212 557 2390 609 μενος,
2403 542 2430 592 ὁ
2441 540 2610 593 ταῦτα
2627 543 2719 595 καὶ
2734 542 2799 594 τὰ
2811 541 3033 595 τοιαῦτα
3048 540 3238 609 λέγων,
3256 540 3397 593 οὕτω
3412 540 3659 611 προσάγῃ
3674 541 3773 609 τὴν

2211 630 2377 702 ἀκοὴν
2395 632 2489 685 τοῦ
2506 632 2884 703 ἐπιζητοῦντος
2914 633 3014 705 τὴν
3041 634 3238 696 αἰτίαν,
3253 632 3373 687 καθ’
3399 632 3465 703 ἦν
3488 632 3775 685 ἁναὸἁλλε-

2208 740 2297 777 ται
2314 724 2552 777 τοιούτου
2570 725 2689 792 γενέ
2698 726 2817 778 σθαι
2841 726 3025 795 πατὴρ
3040 728 3069 779 ὁ
3084 726 3270 796 Πατήρ
3286 743 3298 755 ·
3318 726 3507 795 ἀρκεῖν
3520 725 3618 777 οίει
3637 725 3775 793 πρὸς

2210 813 2482 878 ἀπόδειξιν
2514 814 2573 867 τὸ
2603 817 2796 878 εἰπεῖν,
2832 816 2912 868 ὅτι
2952 820 3085 870 Τότε
3124 817 3450 885 ἐγέννησεν
3478 817 3574 870 ὅτε
3607 818 3775 871 ἐϐούο

2213 906 2375 967 λετο,
2395 905 2489 956 καὶ
2513 905 2747 975 μηδεμία
2782 907 2921 960 ἔστω
2944 909 3069 979 περὶ
3096 908 3283 961 τούτου
3314 908 3557 979 ζήτησις.
3590 910 3778 973 Οὕτως

2214 1014 2296 1050 σοι
2320 997 2455 1069 πρὸς
2482 998 2578 1068 τὴν
2615 998 2955 1068 κατασκευὴν
2997 999 3106 1052 τῶν
3150 999 3433 1069 δογμάτων
3477 999 3778 1071 ἠσθένησεν

2207 1089 2240 1155 ἠ
2284 1089 2661 1160 καταληπτικὴ
2697 1091 2997 1158 φαντασίας
3044 1091 3153 1145 Ποῦ
3188 1093 3244 1144 αί
3273 1091 3599 1161 διλήμματοι
3642 1110 3781 1163 προσ

2207 1177 2423 1243 τάσεις;
2455 1178 2563 1231 Ποῦ
2606 1181 2661 1232 αἰ
2706 1179 2868 1246 βίαιοι
2893 1182 3257 1247 κατασκευαί;
3298 1181 3422 1245 Πῶς
3462 1198 3542 1235 σοι
3571 1182 3780 1254 φροῦδα

2210 1269 2304 1320 καὶ
2335 1269 2678 1324 ἀνυπόστατα
2721 1271 3044 1342 διαρρυέντα
3076 1272 3174 1342 τῆς
3219 1273 3416 1344 τέχνης
3460 1274 3662 1344 οἴχεται
3705 1277 3777 1330 τὰ

2210 1359 2416 1432 φοϐερά
2444 1378 2502 1413 τε
2538 1364 2630 1416 καὶ
2672 1364 2889 1431 ἄφυκτα
2924 1363 3031 1419 τῶν
3079 1363 3450 1435 συλλογισμῶν
3501 1367 3783 1439 συμπερά-

2211 1468 2420 1521 σματα;
2479 1452 2611 1505 Τότε
2656 1454 2910 1522 ἐγέννησε
2955 1455 3046 1507 τὸν
3093 1453 3220 1508 Υίὸν
3252 1457 3338 1508 ὅτε
3382 1456 3650 1523 ἐδούλετο,
3683 1454 3781 1512 καὶ

2212 1542 2344 1611 μηδὲ
2378 1542 2516 1596 ἔστω
2548 1546 2675 1613 περὶ
2707 1545 2897 1598 τούτου
2929 1547 3174 1616 ζήτησις.
3208 1545 3392 1601 Ταῦτα
3434 1549 3539 1601 τῶν
3569 1548 3781 1605 πολλῶν

2212 1632 2468 1703 ἱδρώτων,
2501 1635 2671 1690 ταῦτα
2702 1637 2808 1689 τῶν
2841 1638 3156 1708 ὑπερόγκων
3185 1639 3611 1709 ὲπαγγελμάτων
3641 1641 3779 1694 ἀπο-

546 1743 755 1806 voluit,
792 1756 970 1810 neque
1012 1738 1083 1793 sit
1111 1737 1179 1791 de
1215 1736 1317 1790 hoc
1350 1733 1622 1804 quasstio:
1662 1731 1779 1783 lirec
1815 1728 2107 1781 multorum

2222 1724 2545 1794 τελέσματας
2594 1727 2657 1779 Τί
2693 1726 2752 1779 τὸ
2784 1727 3043 1797 ἐρώτημα
3068 1723 3170 1797 iw;
3220 1730 3283 1781 El
3334 1729 3495 1783 καλὸν
3523 1730 3619 1782 xal
3644 1729 3782 1801 πρέ-

548 1834 845 1897 sudorum,
893 1832 1006 1884 haec
1051 1826 1494 1899 praetumidornm
1545 1824 1937 1892 promissorum
1981 1817 2109 1874 eﬂ'e-

2222 1831 2310 1867 πον
2337 1815 2473 1885 Θεῷ,
2501 1816 2734 1869 τοιοῦτον
2764 1817 2905 1888 ἔχειν
2932 1818 3076 1884 Υίὸν,
3111 1820 3197 1872 διὰ
3228 1819 3280 1872 τί
3316 1820 3391 1889 μὴ
3421 1821 3507 1873 ἀεὶ
3529 1820 3592 1874 τὸ
3617 1820 3781 1874 καλὸν

549 1925 685 1981 cta?
716 1924 975 1990 Quamam
1007 1928 1125 1976 erat
1157 1914 1555 1987 interrogatio?
1604 1913 1660 1967 Si
1705 1912 1905 1965 honutn
1934 1917 1987 1962 et
2017 1909 2110 1963 de-

550 2026 739 2073 corum
768 2015 874 2069 Deo
900 2014 1063 2067 talem
1111 2010 1315 2064 habere
1352 2005 1548 2059 Filium
1572 2042 1587 2068 ,
1619 2018 1719 2057 cur
1750 2017 1857 2055 non
1893 2012 2110 2069 semper

550 2110 753 2164 bonum
778 2120 901 2161 cum
930 2104 1052 2173 ipso
1102 2116 1225 2156 esse
1268 2094 1556 2153 creditur?
1602 2094 1734 2160 Quae
1783 2090 2107 2161 responsio,

551 2213 715 2271 quam
752 2212 821 2251 ex
867 2195 1001 2265 ipsis
1048 2192 1226 2261 adytis
1273 2192 1389 2244 sive
1436 2187 1693 2243 sacrariis
1744 2182 2105 2255 philosophia:

550 2292 713 2347 nobis
750 2288 921 2354 fecit;
964 2281 1351 2341 insolubilibus
1393 2279 1813 2335 necessitatibus
1839 2275 2114 2331 constrin-

548 2392 680 2446 gens
729 2373 1078 2431 sermonem?
1127 2374 1269 2428 Tunc
1324 2374 1444 2443 fecit
1496 2372 1695 2427 Filium
1745 2387 1863 2425 cum
1919 2368 2107 2432 voluit,

549 2487 709 2537 neque
759 2469 822 2524 de
868 2468 962 2523 hoc
1020 2469 1133 2522 ulla
1183 2469 1252 2522 sit
1301 2467 1558 2536 qumslio,
1612 2463 1720 2519 Cur
1765 2480 1868 2519 non
1924 2461 2113 2532 prius?

554 2560 712 2627 Quod
740 2558 785 2615 si
815 2558 883 2613 de
916 2558 1102 2625 aliquo
1133 2569 1321 2611 eorum
1352 2567 1472 2623 qum
1503 2549 1732 2605 rationis
1763 2555 1895 2603 sunt
1923 2561 2114 2616 exper-

558 2652 638 2706 tia
658 2693 672 2717 ,
704 2664 827 2722 quae
858 2648 1098 2704 naturali
1128 2644 1458 2716 impulsione
1489 2651 1807 2713 operantur,
1841 2652 2115 2709 propone-

552 2752 708 2799 retur
757 2739 1165 2802 consideratio,
1223 2751 1387 2806 quam
1432 2736 1503 2790 ob
1547 2748 1769 2788 causam
1811 2746 1921 2785 non
1965 2729 2116 2800 prius

553 2832 699 2905 quod
757 2831 964 2886 libebat
1016 2828 1234 2889 ell'ecit,
1268 2828 1353 2881 vel
1409 2840 1610 2879 aranea
1658 2824 1833 2885 telas,
1868 2821 1953 2876 vel
2000 2820 2118 2888 apis

553 2923 769 2988 favum,
803 2923 884 2977 vel
922 2929 1103 2976 turtur
1132 2920 1342 2986 nidum,
1385 2916 1513 2990 quid
1544 2916 1687 2970 aliud
1720 2912 1976 2969 diceres?
2000 2911 2120 2964 Non

554 3023 675 3080 hac
706 3023 761 3077 in
791 3029 1043 3092 promptu
1074 3027 1225 3074 esset
1266 3017 1590 3087 responsio,
1648 3016 1793 3085 quod
1822 3028 1950 3070 tunc
1993 3014 2121 3068 fecit
2162 2998 2165 3001 Α

553 3131 684 3173 cum
723 3113 930 3178 voluit,
962 3113 1222 3177 nullaque
1275 3111 1346 3165 sit
1377 3109 1445 3164 de
1485 3124 1548 3164 eo
1592 3107 1905 3179 inquisitio?
1944 3105 2118 3173 Quin-

560 3206 727 3261 etiam
764 3203 831 3259 de
860 3203 1050 3257 ﬁctore
1086 3202 1269 3270 aliquo
1299 3200 1383 3253 vel
1413 3200 1642 3268 pictore,
1676 3214 1771 3268 per
1802 3206 1973 3252 artem
2000 3197 2121 3251 imi-

558 3296 817 3351 tatricem
846 3292 1129 3363 quodlibet
1176 3300 1467 3362 operante,
1496 3290 1581 3343 vel
1624 3289 1679 3343 in
1725 3289 1987 3359 picturis,
2034 3288 2119 3342 vel

559 3385 838 3458 ﬁgmentis
866 3384 972 3438 dici
1007 3391 1215 3453 potest,
1246 3384 1341 3452 qui
1372 3396 1497 3436 cum
1527 3397 1637 3436 non
1670 3382 1743 3436 sit
1770 3380 1933 3436 alicui
1970 3389 2121 3451 pote-

560 3479 692 3537 stati
721 3474 1066 3545 mancipatus
1092 3483 1146 3527 et
1173 3473 1426 3528 addictus
1456 3474 1523 3527 ad
1551 3474 1922 3543 operationem
1950 3483 2120 3528 artem

563 3570 801 3641 impellit
831 3587 844 3623 :
874 3568 1015 3622 hanc.
1045 3566 1204 3621 talem
1237 3578 1426 3621 vocem
1457 3567 1619 3621 etiam
1651 3581 1951 3637 congruere
1980 3567 2124 3622 arbi-

560 3672 680 3718 tror
708 3658 849 3730 apud
882 3672 1005 3713 eum
1034 3656 1125 3726 qui
1160 3656 1271 3709 vult
1296 3655 1546 3720 discere,
1580 3670 1677 3710 cur
1710 3671 1819 3710 non
1853 3656 2002 3725 prius
2033 3670 2121 3709 ar-

563 3762 675 3810 tem
701 3748 974 3808 eﬂicacem
1005 3747 1152 3802 fecit.
1177 3747 1314 3813 Quia
1340 3748 1488 3801 nulla
1521 3748 1849 3803 necessitate
1878 3758 2121 3809 coactus,

562 3843 899 3918 operationis
946 3848 1191 3908 tempus,
1246 3838 1563 3893 electionem
1615 3839 1729 3893 sive
1781 3839 2119 3909 propositum

563 3937 697 3993 fecit
725 3952 741 4003 ;
775 3932 1026 3987 homines
1059 3930 1204 3984 enim
1234 3937 1520 3998 propterea
1571 3929 1717 4000 quod
1764 3930 1871 3982 neu
1913 3941 2125 3996 semper

563 4028 750 4083 eadem
782 4024 1007 4083 volunt,
1044 4034 1219 4089 neque
1265 4020 1585 4090 plerumque
1640 4020 1843 4075 habent
1892 4018 2125 4073 faculta-

563 4126 669 4177 tem
714 4132 838 4171 cum
890 4114 1168 4167 voluntate
1217 4120 1572 4182 operantem,
1620 4120 1753 4165 tunc
1794 4110 2000 4180 aliquid
2056 4126 2125 4164 ex

564 4207 838 4265 sententia
865 4202 1139 4264 elliciunt,
1172 4217 1299 4257 cum
1337 4201 1471 4271 ipsis
1505 4202 1845 4270 propositum
1874 4208 1928 4256 et
1956 4200 2125 4255 libera

565 4299 820 4351 voluntas
846 4295 913 4349 ad
944 4309 1083 4363 opus
1129 4291 1467 4362 propendet,
1504 4291 1750 4361 nihilque
1780 4292 2124 4347 extrinsecus

567 4388 841 4460 prohibet.
877 4384 1032 4451 Quod
1062 4393 1242 4438 autem
1274 4396 1489 4453 semper
1515 4382 1703 4436 eodem
1735 4383 1897 4436 modo
1929 4381 2126 4449 habet,

566 4482 768 4552 cuique
800 4478 936 4532 nihil
964 4477 1233 4531 honorum
1265 4475 1621 4531 adventitium
1646 4481 1763 4541 est,
1796 4474 1852 4528 in
1878 4490 1987 4544 quo
2010 4489 2128 4530 om-
2158 4508 2202 4563 Β

568 4574 657 4629 nis
689 4568 997 4627 diﬁerentia
1028 4567 1383 4623 consiliorum
1406 4604 1422 4630 ,
1453 4580 1574 4634 quae
1606 4564 1660 4619 in
1691 4566 2028 4619 contrarium
2059 4566 2128 4620 ob

569 4664 807 4734 aliquem
839 4673 1087 4716 errorem
1134 4658 1220 4712 vel
1261 4656 1625 4726 ignorantiam
1668 4656 1997 4721 innascitur,
2050 4658 2132 4711 lo-

567 4772 693 4812 cum
729 4768 839 4809 non
878 4751 1084 4816 habet;
1112 4749 1201 4803 cui
1232 4748 1364 4803 nihil
1413 4763 1479 4803 ex
1518 4748 1820 4802 mutatione
1856 4746 1948 4811 lit,
1982 4747 2128 4817 quod

568 4862 601 4905 a
628 4846 899 4920 principio
931 4858 1041 4898 non
1084 4850 1145 4896 ut
1173 4842 1373 4895 bonum
1408 4841 1655 4905 noverit,
1691 4839 1760 4894 de
1804 4842 1906 4895 hoc
1949 4841 2133 4895 dicere

571 4953 683 4993 non
716 4950 931 5006 semper
960 4935 1138 5003 ipsum
1184 4931 1477 4986 honestum
1517 4930 1756 4995 habere,
1802 4931 1894 4986 sed
1945 4942 2131 5000 postea

565 5027 805 5100 elegisse
835 5024 1047 5095 aliquid
1079 5022 1280 5077 habere
1311 5020 1454 5091 quod
1500 5035 1609 5075 non
1658 5023 1811 5092 prius
1857 5022 2129 5091 elegerat:

570 5123 687 5178 haec
732 5128 861 5176 sunt
911 5116 1192 5187 sapientia:
1244 5128 1344 5169 nos
1390 5115 1702 5184 superantis
1731 5114 1972 5183 propria.
2023 5112 2133 5169 Nos

573 5214 721 5269 enim
753 5211 1074 5270 didicimus,
1106 5207 1278 5261 Deum
1316 5220 1531 5276 semper
1557 5206 1703 5260 omni
1741 5207 1883 5260 bono
1912 5206 2131 5274 plenum

569 5319 739 5367 esse,
796 5303 908 5356 imo
960 5313 1091 5353 vero
1148 5298 1321 5367 ipsam
1375 5297 1640 5355 bonorum
1700 5296 2131 5366 plenitudinem,

587 5393 801 5452 etiamsi
830 5393 982 5448 nulla
1011 5391 1326 5445 accessione
1349 5389 1415 5443 ad
1443 5387 1826 5458 perfectionem
1854 5397 2004 5459 eget,
2038 5390 2133 5444 sed

577 5490 696 5557 ipse
746 5494 830 5541 est
884 5484 968 5540 sui
1016 5491 1215 5537 natura
1244 5481 1375 5536 boni
1422 5479 1706 5550 perfectio.
1755 5480 1909 5545 Quod
1953 5490 2132 5537 autem

578 5576 879 5647 perfectum
905 5583 989 5629 est
1012 5613 1027 5637 ,
1063 5587 1128 5629 ex
1173 5586 1330 5641 aequo
1375 5572 1443 5625 ab
1484 5571 1821 5625 incremento
1854 5579 1909 5627 et
1949 5571 2136 5628 decre-

581 5677 763 5722 mento
790 5665 1024 5721 alienum
1059 5673 1176 5727 est,
1205 5677 1435 5732 eamque
1459 5660 1532 5716 ob
1561 5675 1783 5718 causam
1818 5678 1938 5731 quae
1966 5664 2019 5719 in
2052 5663 2137 5719 di-

586 5756 712 5811 vina
739 5767 931 5813 natura
973 5754 1375 5820 consideratur,
1422 5752 1687 5808 bonorum
1738 5752 2127 5824 perfectionem

545 5942 567 5980 ,ι

2215 1910 2329 1978 μετ’
2374 1909 2537 1962 αὑτοῦ
2576 1905 2713 1963 εἶναι
2743 1909 3087 1976 πιστεύεταις
3117 1912 3212 1973 Τίς
3244 1914 3277 1982 ὴ
3305 1914 3594 1982 ἀπόκρισις
3630 1914 3695 1981 ἦν
3719 1911 3783 1978 ἐξ

2211 1999 2389 2052 αὐτῶν
2432 2003 2562 2070 ἡμῖν
2607 2002 2714 2054 τῶν
2752 2001 2957 2056 ἀδύτων
3002 2003 3101 2073 τῆς
3128 2003 3439 2073 φιλοσοφίας
3467 2004 3781 2076 πεποίηται,

2210 2095 2329 2155 ταῖς
2363 2093 2575 2155 ἀλύτοις
2602 2094 2865 2163 ἀνάγκαις
2912 2096 3233 2164 διασφίγξας
3275 2098 3366 2150 τὸν
3409 2098 3600 2165 λόγον;
3644 2100 3786 2152 Τότε

2212 2185 2461 2252 ἐποίησε
2484 2185 2592 2239 τὸν
2626 2187 2761 2240 Υιὸν
2795 2186 2894 2242 ὅτε
2924 2188 3221 2251 ἐϐούλετο,
3249 2189 3347 2242 καὶ
3366 2188 3624 2258 μηδεμία
3647 2193 3787 2261 περὶ

2212 2274 2425 2327 τούτου
2451 2272 2691 2342 ζήτησις
2708 2276 2990 2339 Eanum}
3003 2276 3157 2345 τίμὴ
3173 2280 3455 2347 πρότερον
3472 2297 3490 2342 ;
3508 2281 3570 2332 Et
3582 2280 3638 2333 δὲ
3657 2283 3790 2353 περὶ

2213 2363 2321 2417 τῶν
2344 2363 2550 2432 ἀλόγων
2584 2366 2725 2429 τινὸς
2752 2369 2785 2437 ἡ
2820 2367 3010 2436 σκέψις
3034 2372 3336 2439 προέκειτο,
3368 2372 3475 2423 τῶν
3499 2372 3640 2426 κατὰ
3665 2389 3791 2426 τινα

2217 2456 2448 2527 φυσικὴν
2496 2458 2672 2528 ὁρμὴν
2703 2458 3195 2528 ἐνεργούντων.διὰ
3226 2462 3279 2513 τί
3314 2461 3389 2533 μὴ
3431 2464 3695 2534 πρότερον
3725 2464 3792 2517 τὸ

2216 2547 2404 2600 δοκοῦν
2419 2549 2882 2621 κατειργάσατο,ἢ
2906 2551 3116 2621 ἁράχνη
3138 2551 3207 2605 τὰ
3226 2554 3288 2622 νή
3300 2557 3501 2627 ματα,ἢ
3521 2556 3583 2608 τὸ
3598 2558 3793 2627 κηρίον

2218 2639 2250 2707 ή
2287 2637 2529 2706 μέλιττα.
2557 2638 2591 2708 ἢ
2610 2638 2706 2709 τὴν
2723 2639 2913 2692 καλιὰν
2930 2643 2962 2711 ὴ
2993 2641 3228 2713 τρυγώνς
3256 2638 3319 2696 Τί
3337 2645 3402 2698 ἂν
3421 2646 3505 2698 ἕτε
3514 2663 3602 2716 ρον
3617 2650 3793 2700 εἰπεῖν

2219 2723 2362 2798 εἶχες
2379 2745 2394 2793 ;
2412 2730 2524 2782 Οὐκ
2539 2731 2672 2800 αὑτὴ
2686 2732 2969 2803 πρόχειρος
2985 2733 3049 2787 ἂν
3064 2730 3177 2806 ἧνή
3193 2723 3478 2808 ἀπόκρισις
3497 2778 3512 2803 ,
3571 2736 3653 2791 ὅτι
3669 2737 3793 2792 τότε

2220 2818 2472 2889 ἐποίησεν
2491 2821 2579 2873 ὅτε
2608 2821 2874 2886 ἐϐούλετο,
2902 2824 2996 2877 καὶ
3020 2826 3257 2897 μηδεμία
3283 2826 3422 2880 ἔστω
3446 2837 3572 2897 περι
3598 2829 3794 2884 τούτου

2222 2908 2470 2980 ζήτησις
2515 2911 2673 2966 Ἀλλὰ
2715 2914 2807 2968 καὶ
2837 2916 2960 2987 περὶ
2995 2917 3229 2971 πλάστου
3260 2918 3465 2988 τινὸςῆ
3503 2920 3792 2991 ζωγράφου

2222 3001 2284 3053 τὸ
2308 3001 2497 3055 δοκοῦν
2533 3002 2621 3057 διὰ
2652 3005 2750 3075 τῆς
2784 3008 3083 3079 μιμητικῆς
3125 3010 3470 3080 ἐνεργοῦντος
3514 3012 3728 3082 τέχνης,
3755 3014 3794 3086 ἢ

2225 3094 2283 3145 ὲν
2307 3096 2561 3164 γραφαῖς,
2588 3095 2621 3166 ἢ
2650 3096 2708 3149 ὲν
2737 3097 3068 3166 πλάσμασιν,
3099 3101 3227 3155 ὅταν
3260 3101 3335 3173 μὴ
3375 3102 3683 3174 ὑποχείριος
3714 3104 3796 3161 ὢν

2223 3182 2441 3254 ἐξουσία
2466 3186 2572 3238 τινὶ
2621 3186 2756 3258 πρὸς
2793 3188 3071 3260 ἐνέργειαν
3095 3192 3203 3264 ἄγῃ
3230 3192 3330 3264 τὴν
3363 3195 3554 3265 τέχνην
3573 3211 3586 3224 ·
3630 3195 3796 3267 ἁρμό-

2223 3272 2335 3338 ζειν
2370 3270 2523 3344 οἶμαι
2546 3276 2642 3347 τὴν
2681 3278 2937 3349 τοιαύτην
2962 3281 3144 3351 φωνὴν
3174 3282 3266 3334 ἐπὶ
3316 3281 3409 3335 τοῦ
3458 3283 3647 3353 μαθεῖν
3671 3283 3794 3337 ἐθέ-

2222 3364 2422 3430 λοντος,
2452 3366 2540 3420 διὰ
2569 3369 2622 3420 τί
2651 3369 2712 3421 ού
2742 3371 3001 3440 πρότερον
3030 3373 3249 3443 ἐνεργὸν
3273 3373 3371 3445 τὴν
3395 3376 3592 3446 τέχνην
3616 3376 3795 3447 ἐποίη-

2224 3472 2348 3511 σεν·
2402 3458 2483 3511 ὅτι
2526 3458 2624 3511 οὐκ
2658 3458 2794 3528 ἔχων
2843 3461 3107 3531 ἀνάγκην,
3138 3464 3326 3533 καιρὸν
3367 3468 3465 3536 τῆς
3517 3466 3796 3537 ἐνεργείας

2224 3546 2516 3618 πεποίηται
2568 3548 2667 3618 τὴν
2719 3549 3052 3620 προαίρεσιν.
3092 3550 3402 3623 ⁸Ἄνθρωποι
3450 3553 3559 3624 γὰρ
3600 3555 3688 3609 διὰ
3729 3557 3794 3609 τὸ

2227 3637 2366 3706 μήτε
2403 3638 2489 3690 ἀεὶ
2520 3636 2691 3692 ταῦτα
2728 3637 3031 3708 βούλεσθαι,
3062 3626 3223 3712 μήτέ
3253 3644 3618 3715 συνεργοῦσαν
3651 3645 3794 3715 ἔχειν

2224 3728 2300 3791 ὡς
2336 3730 2402 3781 τὰ
2432 3729 2601 3782 πολλὰ
2644 3732 2710 3801 τῇ
2753 3729 3000 3803 βουλήσει
3024 3731 3124 3804 τὴν
3152 3733 3403 3804 δύναμιν,
3433 3736 3553 3788 τότε
3584 3737 3792 3791 ποιοῦσί

2225 3837 2278 3874 τι
2309 3821 2417 3872 τῶν
2450 3821 2589 3874 κατὰ
2637 3821 2879 3894 γνώμην,
2909 3825 3038 3877 ὅταν
3083 3825 3265 3889 αὐτοῖς
3308 3827 3344 3895 ἤ
3390 3844 3451 3880 τε
3481 3830 3793 3899 προαίρεσις
3866 3890 3875 3901 ρ

2225 3913 2361 3981 πρὸς
2388 3914 2446 3965 τὸ
2489 3912 2646 3985 ἔργον
2684 3914 2839 3986 ρἐῃ,
2882 3917 2974 3968 καὶ
3009 3916 3174 3988 μηδὲν
3203 3918 3384 3991 κωλύῃ
3430 3921 3537 3975 τῶν
3573 3922 3789 3988 ἔξωθεν.

2227 4004 2300 4057 Τὸ
2339 4005 2395 4058 δὲ
2432 4007 2518 4058 del.
2552 4006 2810 4071 ὡσαύτως
2852 4007 2993 4078 ἔχον,
3023 4003 3068 4077 ᾧ
3106 4011 3395 4082 ἐπίκτητον
3431 4015 3539 4069 τῶν
3574 4016 3793 4085 ἀγαθῶν

2229 4094 2377 4147 ἐστιν
2425 4095 2596 4159 οὐδὲν,
2648 4098 2705 4149 ὲν
2751 4089 2796 4165 ᾧ
2843 4099 2993 4151 πᾶσα
3037 4098 3267 4173 διαφορὰ
3313 4102 3706 4175 βουλευμάτων,
3752 4106 3789 4178 ἡ

2228 4185 2369 4238 κατὰ
2396 4185 2456 4237 τὸ
2483 4186 2720 4240 ἐναντίον
2746 4188 2889 4241 κατά
2928 4205 3048 4244 τινα
3094 4190 3299 4263 πλάνην
3326 4194 3416 4246 καὶ
3444 4194 3662 4262 ἄγνοιαν
3701 4198 3792 4265 ὲγ-

2228 4275 2505 4345 γινομένη,
2532 4274 2713 4347 χώραν
2740 4277 2839 4331 οὐκ
2874 4278 3008 4349 ἔχει,
3037 4274 3083 4348 ᾧ
3110 4283 3259 4336 οὐδὲν
3289 4286 3353 4337 ἐκ
3382 4287 3677 4358 μεταϐολῆς
3706 4290 3789 4357 γί-

2230 4382 2396 4428 νεται,
2444 4366 2473 4419 ὃ
2520 4368 2595 4437 μὴ
2626 4367 2685 4432 ἐξ
2722 4368 2897 4441 ἀρχῆς
2927 4372 3002 4435 ὡς
3054 4372 3253 4441 ἀγαθὸν
3299 4378 3611 4449 κατενόησε,
3659 4381 3783 4450 περὶ

2230 4456 2417 4510 τούτου
2452 4457 2627 4525 λέγειν
2657 4458 2733 4531 μὴ
2780 4462 2864 4514 ἀεὶ
2908 4461 2971 4515 τὸ
3009 4465 3169 4518 καλὸν
3207 4466 3369 4535 ἔχειν,
3419 4468 3531 4522 ἀλλ’
3568 4469 3785 4542 ὕστερον

2231 4547 2444 4601 ἑλέσθαι
2488 4567 2539 4602 τι
2572 4550 2736 4620 ἔχειν,
2783 4552 2812 4604 ὃ
2842 4552 2917 4623 μὴ
2946 4555 3207 4624 πρότερον
3242 4557 3444 4610 εἵλετο·
3490 4559 3660 4614 ταῦτα
3690 4560 3786 4630 τῆς

2233 4639 2671 4712 ὑπερϐαλλούσης
2701 4644 2844 4712 ἡμᾶς
2877 4645 3065 4713 σοφίας
3091 4647 3255 4700 ἐστίν.
3300 4647 3488 4717 Ἡμεῖς
3518 4650 3623 4721 γὰρ
3651 4652 3781 4721 ἐμά-

2232 4730 2396 4801 θομεν
2428 4734 2512 4786 ὅτι
2537 4734 2598 4788 τὸ
2617 4734 2768 4789 Θεῑον
2794 4734 2879 4786 ἀεὶ
2905 4735 3101 4799 παντὸς
3134 4736 3337 4804 ἀγαθοῦ
3370 4739 3571 4810 πλῆρες
3607 4741 3778 4794 ἐστίν’

2235 4823 2436 4893 μᾶλλον
2477 4822 2534 4876 δὲ
2569 4823 2702 4877 αὐτὸ
2739 4824 2847 4877 τῶν
2894 4826 3111 4894 ἀγαθῶν
3158 4830 3273 4881 ἐστι
3314 4830 3375 4883 τὸ
3424 4831 3706 4904 πλήρωμα,
3734 4836 3778 4887 εἰ

2233 4918 2328 4970 καὶ
2363 4917 2615 4987 οὐδεμιᾶς
2641 4916 2958 4989 προσθήκης
2998 4921 3080 4982 είς
3124 4921 3399 4975 τελείωσιν
3444 4923 3633 4987 δεῖται,
3675 4925 3779 4978 ἀλλ’

2234 5008 2364 5061 αὐτὸ
2402 5012 2468 5079 τῇ
2512 5007 2702 5061 ἑαυτοῦ
2728 5007 2906 5078 φύσει,
2940 5009 2974 5079 ἡ
2999 5009 3095 5063 τοῦ
3130 5011 3332 5079 ἀγαθοῦ
3358 5011 3629 5085 τελειότης
3654 5016 3777 5070 ἐστί.
3807 5036 3817 5085 ί

2234 5101 2308 5152 Τὸ
2339 5101 2395 5154 δὲ
2421 5052 2624 5153 τελειον
2652 5052 2846 5170 ὲπῖσης
2872 5052 3149 5173 αύέήσεώς
3173 5052 3231 5156 τε
3260 5104 3354 5157 καὶ
3387 5052 3661 5176 patinas);
3697 5056 3783 5175 i1):
3807 5052 3818 5125 ι

2234 5191 2539 5263 λοτρίωται.
2590 5194 2700 5246 Kal
2742 5193 2829 5246 διὰ
2877 5194 3031 5247 τοῦτο
3076 5193 3173 5265 τὴν
3219 5192 3687 5269 ἐπιθεωρουμὲνην
3722 5199 3782 5267 τῇ

2241 5284 2360 5356 θείᾳ
2393 5283 2551 5353 φύσει
2581 5284 2687 5337 τῶν
2732 5283 2951 5353 ἀγαθῶν
2979 5285 3307 5355 τελειότητα,
3349 5286 3579 5341 πάντοτὲ
3619 5304 3784 5357 φαμεν

2236 5378 2332 5449 τὴν
2360 5377 2528 5449 αὐτὴν
2554 5374 2690 5432 εἶναι
2712 5395 2727 5409 ο
2756 5377 2878 5431 καθ’
2920 5379 3055 5450 ὅπερ
3092 5379 3157 5433 ἂν
3184 5380 3282 5452 τὴν
3315 5379 3549 5436 διάνοιαν
3593 5381 3784 5435 ἑαυτῶν

2238 5473 2658 5543 ἐπεκτείνωμεν,
2688 5474 2801 5525 ἐκεῖ
2829 5472 3080 5543 τοιαύτην
3109 5472 3631 5543 καταλαμϐάνοντες.
3662 5472 3785 5526 002-

2238 5563 2330 5616 οῦν
2375 5564 2627 5617 οὐδέποτε
2694 5565 2847 5617 κενὸν
2896 5564 3098 5632 ἀγαθοῦ
3148 5565 3209 5617 τὸ
3263 5564 3431 5618 Θείον.
3494 5565 3648 5618 Ἀλλὰ
3701 5566 3783 5634 μὲν

2237 5655 2444 5724 ἀγαθοῦ
2471 5655 2669 5719 παντὸς
2693 5656 2965 5727 πλήρωμα
2992 5659 3020 5711 ὁ
3041 5656 3164 5720 Υἱός
3181 5673 3196 5690 ⁸
3225 5657 3450 5712 πάντοτε
3476 5656 3584 5727 ἄρα
3618 5658 3674 5709 ἐν
3718 5655 3781 5723 τῷ

2238 5750 2416 5823 Πατρὶ
2438 5748 2743 5821 θεωρεῖται,
2783 5745 2829 5821 ᾧ
2874 5749 3031 5822 φύσις
3073 5752 3108 5825 η
3135 5752 3192 5807 ὲν
3220 5748 3382 5806 παντὶ
3412 5744 3779 5818 ἀγαθῷτελει-
