4034 6482
233 365 336 422 809

1357 378 1638 436 CONTRA
1672 381 2058 448 EUNOSIIUM,
2109 384 2234 438 LIB.
2275 383 2369 439 1X.

3387 387 3496 441 Siti

230 473 378 550 δτης.
423 480 601 546 Ἀλλὰ,
636 486 786 554 φησι,
819 487 1054 558 μηδεμία
1097 487 1236 544 ἔστω
1265 489 1608 563 ζήτησις,διά
1638 495 1688 547 τί
1735 495 1808 566 μὴ

1944 499 2129 568 etnper
2159 497 2408 553 eamdem
2431 509 2552 550 esse
2575 495 2930 562 dicimus;ad
2982 499 3351 569 quodcunque
3407 518 3498 553 no-

238 571 521 642 πρότερον.
556 574 699 646 Πρὸς
728 577 786 630 δν
812 578 1042 651 ἐροῦμεν
1068 583 1253 652 ἡμεῖς·
1281 576 1364 632 ὅτι
1385 581 1546 640 Ἀλλο
1576 587 1743 654 ἐστὶν,
1771 583 1816 642 ὧ

233 661 537 730 σοφώτατε,
584 666 893 736 νομοθετεῖν
940 688 992 724 τι
1036 671 1144 726 τῶν
1182 675 1559 747 καταγνωμῶν
1607 678 1666 744 ἐξ
1697 680 1817 731 ἐπι-

234 751 534 823 τάγματος,
566 758 660 809 καὶ
689 758 874 830 ἕτερον
903 761 965 815 τὸ
1007 762 1150 834 λόγῳ
1179 765 1306 837 περὶ
1352 767 1458 821 τῶν
1483 769 1816 838 ἀμφιϐαλλο-

233 844 413 915 μένων
443 847 831 916 προσάγεσθαι.
879 853 1025 918 Ἕως
1054 855 1120 909 ἂν
1148 857 1327 910 τοίνυν
1373 858 1643 928 μηδεμίαν
1687 858 1816 931 ἔχῃς

233 937 413 990 αἰτίαν
461 939 653 1004 είπεῖν,
703 943 825 996 καθ’
868 946 933 1016 ἣν
987 946 1210 1010 εὐσεϐές
1263 951 1408 1002 ἐστιν
1458 949 1683 1021 ὓστερον
1738 951 1815 1022 τῷ

235 1029 410 1098 [Iath
437 1029 527 1082 τὸν
553 1031 680 1085 Υίδν
709 1037 1173 1107 προσγεγενῆσθαι
1213 1039 1414 1109 λέγειν,
1457 1043 1690 1113 ἀργήσει
1726 1061 1806 1098 σοι

1925 601 2095 644 stram
2138 590 2526 658 cogitationem
2580 588 3031 651 extenderitnus,
3080 589 3192 642 illic
3247 590 3497 644 eamdem

1925 678 2317 748 perfectionem
2372 679 2916 747 compreliendentes.
2970 679 3280 749 Numquam
3330 681 3502 750 igitur

1925 771 2071 826 bono
2121 786 2362 824 vacuum
2392 770 2604 824 Numen
2655 779 2858 824 manet.
2915 771 3079 840 Atqui
3133 773 3314 826 omnis
3369 772 3498 826 boni

1925 861 2207 931 plenitudo
2243 870 2326 917 est
2359 861 2532 916 Filius
2565 881 2578 926 ;
2611 878 2825 930 semper
2853 862 3019 932 igitur
3051 861 3224 918 Filius
3252 863 3307 916 in
3342 862 3502 916 Patre

1924 954 2194 1014 cernitur,
2229 953 2316 1005 cui
2348 961 2544 1004 natura
2580 959 2664 1004 est
2687 992 2700 1013 ,
2738 952 2792 1004 in
2836 953 2986 1006 omni
3027 955 3174 1007 bono
3211 953 3498 1022 perfectio.

1924 1039 2062 1104 Sed,
2093 1041 2299 1110 inquit,
2337 1041 2486 1094 nulla
2515 1043 2584 1095 sit
2618 1041 3037 1110 inquisitio,cur
3068 1059 3176 1095 non
3213 1044 3385 1112 prius.
3422 1041 3502 1093 Ad

242 1117 295 1169 τὸ
321 1119 596 1191 ἐπίταγμα
634 1125 785 1195 παρὰ
813 1129 924 1190 τοῖς
956 1129 1340 1200 σωφρονοῦσιν.

1943 1148 2083 1202 luem
2113 1148 2208 1187 nos
2243 1132 2521 1187 dicemus:
2548 1131 2712 1187 Aliud
2744 1140 2859 1196 est,
2890 1150 2922 1188 ο
2954 1133 3398 1204 sapientissime,
3435 1148 3503 1186 ex

235 1213 496 1266 mandato
536 1214 743 1283 aliquid
773 1232 963 1272 eorum
1004 1237 1127 1290 quae
1159 1221 1263 1277 fert
1294 1223 1552 1291 animus,
1594 1226 1711 1296 lege
1759 1226 1975 1282 sancire
2026 1236 2081 1280 et
2134 1226 2391 1280 edicere:
2440 1225 2592 1281 aliud
2644 1240 2776 1280 vero
2826 1227 3040 1280 ratione
3090 1227 3155 1280 de
3206 1226 3388 1281 dubiis
3449 1237 3507 1279 et

233 1303 609 1358 controversis
663 1304 824 1362 ﬁdem
876 1307 1078 1366 facere.
1128 1312 1384 1378 Quandiu
1432 1330 1563 1386 ergo
1619 1317 1825 1371 nullam
1855 1331 2080 1371 causam
2116 1316 2324 1386 poteris
2393 1316 2659 1381 reddere,
2732 1327 2952 1386 propter
2993 1332 3156 1385 quam
3208 1317 3360 1386 pium
3423 1330 3507 1373 est

238 1393 426 1534 dice're
481 1393 678 1451 Filium
742 1403 1017 1469 posterius
1071 1418 1100 1456 a
1160 1405 1324 1463 Patre
1377 1410 1620 1479 genitum
1675 1423 1830 1474 esse,
1864 1408 2013 1463 iners
2061 1417 2116 1461 et
2167 1407 2383 1461 irritum
2424 1409 2529 1460 erit
2579 1408 2674 1462 tibi
2719 1409 2980 1472 edictum,
3018 1408 3162 1477 apud
3196 1408 3412 1464 sobrios
3451 1421 3507 1465 ct

239 1497 364 1534 nrut
388 1491 563 1534 entes.

239 1491 563 1550 prudentes.

311 1573 468 1626 Οὕτω
511 1575 606 1644 μὲν
651 1572 742 1631 οὖν
785 1580 914 1649 ἡμῖν
951 1582 1014 1636 ἐκ
1058 1584 1158 1654 τῆς
1199 1591 1452 1659 τεχνικῆς
1490 1590 1675 1659 ἐφόδου
1719 1590 1819 1660 τὴν

1998 1582 2088 1636 Sic
2120 1582 2284 1653 igitur
2311 1581 2468 1637 nobis
2491 1581 2785 1636 artiﬁciosa
2816 1583 3186 1638 insinuatione
3211 1584 3498 1638 veritatem

237 1663 498 1734 ἀλήθειαν
538 1666 802 1739 Εὐνόμιος
836 1673 915 1735 εἰς
957 1673 1016 1726 τὺ
1062 1676 1301 1745 ἐμφανὲς
1345 1680 1488 1748 ἄγει.
1532 1682 1722 1752 Ἡμεῖς
1763 1680 1818 1732 δέ

1951 1696 1982 1731 ιι
2032 1678 2206 1730 lucem
2254 1674 2462 1745 profert
2492 1673 2817 1728 Eunomius.
2860 1672 2970 1728 Nos
3013 1683 3194 1728 autent
3246 1675 3390 1730 sicut
3421 1683 3507 1730 cst

237 1755 382 1809 γατά
415 1757 475 1809 τὸ
509 1757 734 1829 σύνηθες
772 1764 906 1834 ἡμῖν
928 1766 1018 1818 τὸν
1052 1767 1261 1823 ἐκείνου
1301 1772 1456 1841 λόγον
1495 1773 1631 1845 πρὸς
1656 1791 1822 1826 κατα-

1943 1770 2098 1824 moris
2126 1772 2300 1824 nostri
2328 1767 2472 1822 illius
2495 1782 2802 1822 sermonem
2818 1767 2883 1820 ad
2901 1768 3324 1822 exstructionem
3341 1767 3507 1822 docu-

241 1847 444 1918 σκευὴν
483 1848 590 1902 τῶν
642 1852 740 1921 τῆς
781 1853 1037 1925 ἀληθείας
1081 1857 1365 1929 δογμάτων
1412 1863 1823 1933 οἰκειωσόμεοα.

251 1937 342 2000 Ὠς
375 1938 442 1991 ἂν
473 1941 566 1992 καὶ
607 1940 695 1994 διὰ
736 1943 927 1997 τούτου
966 1945 1192 2019 γένηται
1223 1950 1398 2022 δῆλον,
1435 1953 1516 2006 ὅτι
1554 1951 1824 2023 πανταχοῦ

242 2029 389 2082 κατὰ
409 2029 471 2082 τὸ
503 2031 753 2087 ἑκούσιον
783 2035 873 2088 ὑπ’
902 2036 1077 2109 αὐτῆς
1102 2039 1203 2110 τῆς
1231 2042 1487 2112 ἀληθείας
1517 2043 1823 2112 ἀναγκαζό-

243 2136 421 2189 μενοι,
454 2121 531 2193 τῷ
559 2123 682 2178 καθ’
698 2126 844 2197 ἡμᾶς
863 2130 1277 2201 συναγορεύουσι
1312 2133 1473 2204 λόγῳ.
1494 2135 1555 2186 Et
1580 2135 1686 2205 γὰρ
1704 2135 1824 2187 τότε

241 2211 503 2284 ἐγέννησε
535 2214 626 2268 τὸν
644 2214 792 2281 Υίὸν,
821 2217 909 2270 ὅτε
940 2218 1210 2286 ἐϐούλετο,
1235 2223 1414 2286 καθώς
1445 2241 1610 2295 φησιν
1630 2226 1657 2276 ὁ
1680 2224 1829 2276 ἀντί⁸

243 2304 436 2370 παλος,
465 2305 716 2361 ἐϐούλετο
763 2308 821 2362 δέ
855 2313 915 2362 τὸ
947 2311 1149 2380 ἀγαθὸν
1176 2315 1262 2367 ἀεὶ
1285 2355 1300 2379 ,
1332 2314 1626 2387 σύνδρομος
1666 2315 1723 2367 δὲ
1760 2319 1824 2386 τῇ

243 2396 552 2468 βουλήσειή
581 2397 828 2471 δύναμις,
857 2401 946 2455 ἀεὶ
972 2403 1080 2474 ἄρα
1106 2405 1136 2456 ὁ
1161 2404 1286 2468 Υἱὸς
1319 2406 1454 2476 μετά
1485 2405 1577 2460 τοῦ
1619 2403 1829 2478 Πατρὸς

243 2487 592 2559 νοηθήσεται,
631 2491 726 2543 τοῦ
765 2491 854 2545 ἀεὶ¹
906 2493 1002 2547 καὶ
1043 2493 1365 2565 βουλομένου
1396 2495 1457 2548 τὺ
1497 2496 1657 2549 καλὸν
1681 2536 1695 2558 ,
1737 2496 1830 2548 καὶ

241 2579 546 2651 δυναμένου
580 2580 723 2652 ἔχειν
746 2581 774 2634 ὂ
806 2581 1074 2653 βούλεται.
1098 2585 1160 2638 Εἰ
1191 2585 1247 2639 δέ
1267 2587 1373 2657 χρὴ
1396 2586 1488 2639 καὶ
1517 2586 1604 2639 τὸν
1635 2585 1831 2656 ἐφεξῆς

245 2671 416 2725 αὔτοῦ
442 2672 599 2739 λόγον
623 2679 994 2746 προσαγαγεῖν
1018 2679 1084 2750 τῇ
1111 2677 1359 2750 ἀληθείᾳ,
1388 2680 1570 2750 ῥᾴδιόν
1597 2683 1710 2734 ἐστι
1740 2679 1832 2733 καὶ

244 2760 440 2815 τοῦτον
468 2763 544 2833 τῷ
583 2764 702 2816 καθ’
736 2766 882 2835 ἡμᾶς
934 2769 1272 2840 συναρμόσαι
1306 2769 1570 2839 δόγματι,
1602 2771 1684 2822 ὅτι
1729 2789 1835 2840 μη-

244 2851 412 2922 δεμία
451 2855 577 2924 περὶ
627 2856 813 2909 τούτου
842 2857 1067 2930 ζήτησις
1094 2859 1234 2914 ἔστω
1265 2863 1379 2925 τοῖς
1425 2859 1715 2932 σώφροσιν,
1738 2861 1835 2918 Διά

245 2943 300 2998 τί
332 2945 407 3016 μὴ
440 2947 737 3018 πρότερον;
775 2948 839 3001 Ἡ
883 2949 992 3022 γὰρ
1034 2950 1127 3004 τοῦ
1176 2952 1440 3025 πρότερον
1480 2953 1622 3018 λέξις
1657 2971 1832 3024 χρονι-

249 3037 356 3104 κήν
381 3053 502 3088 τινα
524 3037 621 3108 την
649 3038 869 3106 ἔνδειξιν
897 3040 1027 3112 ἔχει,
1052 3042 1591 3116 ἀντιδιαστελλομένη
1619 3046 1752 3116 πρὸς
1774 3045 1834 3098 τὸ

251 3125 394 3195 μετά
424 3126 596 3180 ταῦτα
624 3129 716 3182 καὶ
753 3128 977 3202 ὕστερον
1006 3149 1020 3163 ·
1059 3134 1188 3187 ὅταν
1214 3135 1269 3188 δὲ
1298 3136 1486 3206 χρόνος
1519 3138 1592 3207 μὴ
1621 3133 1678 3209 ᾖ,
1714 3154 1836 3189 συν-

249 3219 491 3287 αιρεῖται
519 3219 735 3283 πάντως
758 3222 852 3274 καὶ
873 3222 969 3293 τῆς
1005 3225 1263 3297 χρονικῆς
1285 3227 1616 3292 διαστάσεως
1638 3227 1706 3281 τά
1724 3228 1837 3281 ὀνό-

254 3327 426 3380 ματα.
445 3311 604 3366 Ἀλλὰ
624 3313 730 3384 μὴν
748 3313 853 3384 πρὸ
871 3315 1080 3386 χρόνων
1095 3318 1188 3372 καὶ
1208 3319 1312 3388 πρὸ
1329 3319 1539 3373 αἰώνων
1557 3320 1584 3372 ό
1601 3319 1801 3391 Κύριος
1820 3336 1834 3350 ⁸

251 3403 528 3473 ἄχρηστος
558 3405 665 3474 ἄρα
695 3409 806 3469 τοῖς
835 3407 955 3460 νοῦν
983 3407 1196 3478 ἔχουσιν
1235 3411 1325 3463 ἐπὶ
1355 3411 1446 3465 τοῦ
1479 3410 1700 3482 ποιητοῦ
1733 3408 1838 3463 τῶν

252 3495 561 3567 αἰώνων,ἡ
590 3496 682 3549 τοῦ
723 3499 985 3570 πρότερον
1024 3502 1116 3553 καὶ¹
1151 3501 1376 3573 ὕστερον
1407 3505 1652 3574 ζήτησις.
1693 3502 1840 3556 Κενά

254 3585 369 3656 γὰρ
403 3586 582 3657 πάσης
628 3587 862 3652 διανοίας
905 3591 1020 3642 ἐστὶ
1059 3590 1128 3644 τὰ
1173 3593 1396 3646 τοιαῦτα
1424 3594 1531 3645 τῶν
1561 3594 1839 3664 ὀνομάτων

260 3678 341 3750 μὴ
366 3679 460 3731 ἐπὶ
499 3681 691 3754 χρόνου
740 3681 1028 3753 λεγόμενα.
1074 3683 1228 3738 Ἐπεὶ
1256 3681 1349 3739 οὖν
1370 3686 1474 3756 πρὸ
1503 3686 1608 3739 τῶν
1635 3687 1839 3756 χρόνων

253 3773 286 3824 ὁ
336 3771 562 3843 Κύριος,
598 3773 660 3827 τὸ
709 3775 971 3845 πρότερον
1013 3775 1228 3840 πάντως
1262 3778 1357 3830 καὶ
1391 3777 1451 3830 τὸ
1486 3777 1708 3849 ὕστερον
1750 3777 1843 3830 ἐπὶ

255 3861 430 3917 αὑτοῦ
463 3861 647 3935 χώραν
687 3866 788 3919 οὐκ
815 3865 948 3936 ἔχει.
989 3866 1141 3938 Τάχα
1175 3869 1273 3937 μὲν
1306 3868 1520 3940 ἀπόχρη
1545 3871 1639 3922 καὶ
1673 3868 1844 3922 ταῦτα

257 3956 403 4028 πρὸς
432 3956 743 4030 ἀνατροπὴν
773 3957 882 4012 τῶν
921 3958 982 4011 οὐ
1018 3959 1285 4029 δεομένων
1323 3959 1415 4012 τοῦ
1458 3960 1845 4032 προσπαλαίον-

256 4065 375 4114 τος,
409 4046 522 4101 ἀλλ’
552 4048 656 4102 ὑπὸ
692 4050 792 4120 τῆς
838 4050 972 4114 ίδίας
1013 4049 1191 4104 αὐτῶν
1227 4052 1443 4116 ἀτονίας
1476 4053 1841 4105 καταπιπτόν-

258 4156 394 4193 των.
444 4139 540 4203 Τίς
589 4139 698 4212 γάρ
741 4141 994 4196 τοσοῦτον
1026 4141 1278 4214 εῠσχολος
1331 4147 1394 4197 ἐκ
1439 4143 1546 4196 τῶν
1586 4143 1678 4196 τοῦ
1727 4144 1843 4215 βίου

260 4231 589 4302 φροντίδων,
613 4231 688 4296 ὡς
715 4233 808 4286 ἐπὶ
838 4233 1088 4288 τοσοῦτον
1120 4235 1310 4289 ἐαυτὸν
1337 4235 1518 4290 δοῦναι
1549 4239 1614 4308 τῇ
1645 4235 1846 4306 ἀκροά-

262 4336 350 4372 σει
389 4321 487 4391 τῆς
522 4337 579 4372 τε
618 4321 975 4392 ματαιότητος
1008 4323 1116 4376 τῶν
1149 4323 1479 4378 ὑπεναντίων
1513 4323 1709 4393 λόγων,
1753 4327 1846 4378 καὶ

1928 1869 2236 1915 mentorum
2271 1859 2515 1914 veritatis
2563 1857 2979 1927 applicabimus.
3017 1856 3083 1911 ω
3114 1858 3275 1912 etiam
3305 1873 3371 1912 ex
3404 1859 3508 1911 lioe

1927 1952 2274 2020 perspicuum
2315 1951 2407 2014 sit,
2453 1966 2550 2006 eos
2580 1950 2781 2019 ubique
2821 1951 2984 2004 etiam
3033 1959 3251 2019 sponte,
3289 1951 3357 2004 ab
3389 1951 3508 2020 ipsa

1927 2043 2154 2098 veritate
2205 2049 2448 2106 coactos,
2507 2050 2700 2098 nostra
2741 2044 3079 2112 patrocinari
3131 2045 3398 2098 sermoni.
3450 2044 3507 2096 Si

1927 2135 2082 2189 enim
2133 2141 2264 2187 tunc
2290 2132 2477 2200 genuit
2497 2135 2832 2190 “iunicum
2856 2134 3053 2196 voluit,
3091 2135 3235 2189 sicut
3265 2135 3396 2188 dicit
3430 2151 3509 2188 re-

1929 2223 2240 2288 fractarios,
2289 2222 2461 2276 voluit
2491 2231 2670 2275 autem
2719 2238 2934 2292 semper
2967 2223 3192 2288 bonum,
3229 2224 3510 2278 concurrit

1928 2323 2112 2372 autem
2139 2314 2404 2369 voluntati
2437 2314 2703 2385 potentia,
2737 2329 2956 2384 semper
2995 2315 3161 2385 igitur
3192 2314 3364 2368 Filius
3383 2330 3506 2368 cum

1931 2407 2088 2459 l‘atre
2114 2406 2466 2475 intelligetur,
2500 2406 2592 2475 qui
2619 2421 2834 2475 semper
2858 2407 2969 2460 vult
2999 2407 3224 2468 bonum,
3257 2414 3310 2458 et
3333 2413 3511 2475 potest

1930 2497 2133 2551 habere
2179 2497 2324 2567 quod
2360 2498 2490 2551 vult.
2523 2497 2678 2562 Quod
2725 2497 2771 2550 si
2802 2507 3012 2566 oportet
3041 2508 3356 2566 sequentem
3389 2497 3509 2565 ejus

1933 2603 2237 2642 sermonem
2268 2586 2332 2641 ad
2372 2588 2652 2641 veritatem
2701 2588 2993 2654 adducere,
3029 2605 3136 2644 non
3167 2597 3248 2644 est
3278 2589 3508 2644 arduum

1931 2681 2093 2732 etiam
2126 2679 2271 2731 hunc
2298 2685 2487 2732 nostro
2513 2677 2749 2748 dogmati
2778 2679 3057 2750 adaptare.
3085 2682 3227 2752 quod
3255 2681 3405 2734 nulla
3441 2681 3510 2734 de

1936 2772 2036 2824 hoc
2058 2773 2202 2840 apud
2227 2773 2504 2826 modestos
2533 2771 2605 2826 sit
2636 2772 3030 2836 contr0versia,
3049 2770 3162 2825 Cur
3182 2788 3290 2827 non
3323 2771 3513 2841 prius?

1936 2858 2114 2912 Dictio
2143 2860 2287 2913 enim
2323 2859 2495 2930 prius,
2531 2859 2885 2929 temporalem
2922 2859 3210 2931 quemdam
3241 2860 3402 2916 liabet
3433 2861 3512 2914 in-

1936 2951 2288 3016 dicationem,
2337 2967 2458 3021 qua:
2499 2952 2796 3021 opponitur
2828 2952 2911 3006 bis
2943 2953 3190 3016 vocibus,
3224 2960 3412 3023 postea
3460 2959 3516 3006 et

1937 3041 2229 3110 posterius.
2263 3041 2399 3094 Cum
2433 3048 2612 3094 autem
2650 3047 2863 3110 tempus
2895 3058 3003 3096 non
3030 3041 3213 3108 fuerit,
3243 3051 3515 3112 tempora-

1941 3137 2006 3190 lis
2040 3133 2389 3188 discretionis
2444 3134 2666 3187 nomina
2715 3148 2942 3202 prorsus
3000 3135 3164 3189 simul
3225 3135 3514 3190 tolluntur.

1939 3227 2103 3297 Atqui
2138 3234 2263 3282 ante
2295 3234 2542 3296 tempora
2584 3232 2638 3280 et
2692 3235 2819 3281 ante
2861 3228 3058 3281 sacula
3095 3225 3389 3284 Dominus:
3435 3231 3519 3282 in-

1941 3318 2092 3373 utilis
2133 3317 2300 3388 igitur
2346 3323 2528 3372 mente
2560 3315 2804 3386 prazditis
2847 3317 2900 3370 in
2941 3316 3149 3372 factore
3194 3321 3519 3374 saeculorum

1942 3407 2142 3477 prioris
2189 3415 2244 3460 et
2297 3405 2619 3476 posterioris
2672 3406 2922 3476 quiestio.
2971 3404 3112 3460 Sunt
3152 3407 3298 3463 enim
3342 3410 3522 3462 omnis

1943 3497 2314 3567 intelligentiae
2344 3496 2528 3550 inania
2577 3497 2703 3550 talia
2752 3496 2992 3562 nomina,
3025 3512 3151 3551 cum
3179 3497 3246 3552 de
3282 3507 3525 3568 tempore

1944 3606 2053 3644 non
2083 3590 2360 3642 dicuntur.
2395 3589 2663 3653 Quoniam
2699 3588 2862 3659 igitur
2891 3596 3016 3643 ante
3048 3596 3291 3658 tempora
3336 3589 3521 3645 Domi-

1946 3700 2070 3746 nus,
2103 3683 2256 3752 prius
2284 3689 2432 3736 certe
2457 3687 2509 3735 et
2537 3680 2812 3750 posterius
2833 3680 3041 3734 nullum
3067 3695 3294 3750 prorsus
3323 3682 3376 3736 in
3407 3683 3525 3752 ipso

1945 3776 2123 3828 locum
2155 3773 2375 3827 habent.
2419 3769 2677 3827 Fortasse
2723 3771 2837 3825 haec
2875 3771 3152 3826 sumciunt
3183 3772 3250 3826 ad
3289 3775 3527 3828 eversio-

1946 3877 2068 3916 nem
2091 3876 2278 3914 eorum
2309 3875 2432 3929 qua:
2457 3859 2818 3914 colluctatore
2848 3875 2956 3913 non
2986 3859 3246 3929 indigent,
3282 3862 3376 3915 sed
3407 3878 3529 3932 qua:

1947 3969 2042 4008 sua
2073 3953 2442 4006 imbecillitate
2472 3960 2759 4006 corruunt.
2793 3951 2894 4006 Cui
2927 3951 3071 4007 enim
3101 3960 3310 4006 tantum
3345 3953 3445 4010 abs
3466 3971 3529 4008 re

1947 4057 2043 4098 sua
2066 4051 2117 4097 et
2147 4043 2296 4097 curis
2323 4042 2420 4096 otii
2445 4053 2550 4106 est,
2589 4051 2646 4095 ut
2681 4042 2924 4111 seipsum
2957 4042 3263 4096 auditorem
3291 4044 3530 4111 praebeat

1947 4134 2205 4190 vanitatis
2229 4148 2543 4190 sermonum
2577 4133 2683 4188 sibi
2707 4134 3148 4204 repugnantium,
3177 4143 3343 4203 atque
3364 4135 3528 4191 etiam

1948 4236 2148 4282 nostra:
2179 4233 2371 4280 contra
2401 4241 2488 4281 res
2513 4239 2683 4280 vanas
2703 4233 2757 4280 et
2791 4224 2976 4279 futiles
3008 4239 3199 4295 pugnae
3223 4242 3319 4282 seu
3349 4226 3531 4298 dispu-

1949 4317 2203 4373 tationis?
2231 4315 2338 4372 Sed
2360 4317 2620 4388 quoniam
2649 4317 2924 4386 impietate
2944 4300 3362 4387 praeoccupatis,
3384 4319 3531 4372 velut

259 4409 364 4480 τῆς
399 4409 670 4482 ἡμετέρας
690 4412 826 4483 πρὸς
847 4411 914 4465 τά
937 4412 1140 4484 μάταια
1170 4415 1468 4485 πράγματα
1503 4415 1681 4487 μάχης
1701 4435 1714 4479 ;
1733 4415 1837 4468 ἀλλ

1954 4408 2199 4482 quaedam
2230 4424 2350 4480 quae
2382 4423 2488 4464 non
2521 4413 2698 4478 potest
2725 4407 2832 4462 elui
2863 4408 3124 4474 tinctura,
3158 4417 3212 4463 et
3249 4408 3401 4465 fraus
3451 4411 3534 4464 in-

263 4504 459 4575 ἐπειδὴ
487 4508 596 4568 τοῖς
626 4505 1082 4576 προειλημμένοις
1112 4508 1177 4576 τῇ
1209 4506 1452 4576 ἀσεϐείᾳ,
1486 4507 1736 4577 καθάπερ
1769 4525 1852 4572 τις

261 4596 581 4660 δευσοποιὸς
615 4595 796 4667 βαφὴ,
823 4597 916 4650 καὶ⁹
945 4595 1293 4660 δυσέκνιπτος
1319 4600 1351 4668 ἡ
1383 4599 1563 4669 ἀπάτη
1585 4639 1599 4662 ,
1635 4598 1728 4652 καὶ
1764 4598 1851 4653 διά

267 4687 471 4758 βάθους
514 4690 636 4751 ταῖς
685 4688 934 4760 καρδίαις
988 4688 1352 4757 ἐγκέκαυται,
1397 4691 1591 4760 μικρὸν
1643 4690 1722 4744 ἔτι
1775 4689 1852 4761 τῷ

265 4780 415 4849 λόγῳ
437 4778 964 4853 προσδιατρίψωμεν,
985 4783 1036 4836 εί
1057 4800 1173 4846 πως
1197 4781 1554 4853 δυνηθείημεν
1571 4781 1668 4853 τῆς
1689 4800 1853 4853 πονη-

272 4874 374 4943 ρᾶς
426 4870 628 4942 ταύτης
677 4871 890 4943 κηλίδος
929 4873 1108 4927 αὐτῶν
1153 4873 1252 4937 τὰς
1303 4873 1480 4944 ψυχάς
1517 4875 1850 4945 άπορῤύψαι.

269 4961 457 5018 Εἰπὼν
508 4962 616 5034 γὰρ
667 4962 736 5016 τὰ
776 4964 1070 5035 είρημένα,
1119 4966 1213 5018 καὶ
1259 4965 1552 5034 ἐπαγαγὼν
1608 4966 1851 5032 τούτοις,

269 5054 418 5108 κατά
448 5053 536 5106 τὸν
563 5053 849 5126 παιδευτὴν
887 5054 1050 5110 αὐτοῦ
1091 5055 1408 5128 Προύνικον,
1450 5059 1856 5131 ἀσυναρτὴτους

270 5145 426 5209 τινὰς
457 5144 552 5199 καὶ
594 5145 968 5216 ἀναρμόστους
1001 5144 1209 5216 ὖϐρεών
1231 5164 1291 5199 τε
1321 5147 1415 5200 καὶ
1453 5147 1856 5220 λοιδορημὸπων

271 5236 527 5304 ὀκτάδας,
546 5237 639 5291 ἐπὶ
651 5237 743 5290 τὸν
766 5237 1046 5308 κολοφῶνα
1075 5237 1183 5292 τῶν
1199 5238 1644 5310 ἐπιχειρημάτων
1665 5239 1855 5310 μετέρ-

273 5347 456 5401 χεται,
484 5330 578 5385 καὶ
599 5329 913 5384 καταλιπὼν
944 5332 1042 5401 τὴν
1078 5331 1461 5400 ἀσυλλόγιστον
1497 5332 1595 5402 τῆς
1632 5333 1855 5402 ματαιό-

273 5438 440 5492 τητος
469 5420 701 5485 ἔκθεσιν,
735 5420 896 5476 πάλιν
925 5424 1038 5484 τοῖς
1086 5422 1332 5493 κέντροις
1369 5421 1468 5492 τῆς
1511 5421 1854 5493 διαλεκτικῆς

275 5511 616 5576 καθοπλίσας
638 5513 728 5567 τὸν
755 5513 935 5582 λόγον,
958 5513 1397 5584 συλλογιστικῶς,
1414 5513 1486 5578 ὡς
1516 5515 1703 5582 οἴεται,
1738 5514 1858 5568 καθ’

277 5605 437 5678 ἡμῶν
459 5605 858 5671 κατασκευάζει
889 5605 951 5660 τὸ
980 5605 1198 5660 ἄτοπον.

352 5696 506 5766 Ἔχει
549 5695 605 5749 δὲ
655 5696 827 5761 οὕτως
883 5699 916 5767 ἡ
973 5696 1114 5762 λέξις
1179 5713 1194 5727 ⁸
1255 5698 1466 5768 Πάσης
1523 5698 1862 5769 γεννήσεως

278 5789 391 5843 οὐκ
428 5786 522 5840 ἐπ’
552 5785 798 5855 ἄπειρον
823 5789 1261 5858 ἐκτεινομένης,
1301 5791 1439 5846 ἀλλ’
1470 5790 1558 5858 εις
1588 5808 1640 5845 τι
1675 5789 1858 5846 ’τέλει’

521 5881 794 5943 Ρηιιοι..
834 5883 950 5946 Gn.
993 5883 1182 5944 XLV.

1956 4487 2246 4572 expiabilis
2286 4509 2340 4556 et
2380 4497 2716 4571 profundum
2757 4500 3017 4556 cordibus
3045 4501 3228 4556 inusta
3271 4509 3376 4566 est,
3432 4518 3532 4558 nos

1954 4594 2233 4665 paululum
2264 4593 2444 4647 adhuc
2471 4592 2524 4645 in
2564 4592 2666 4645 hoc
2703 4606 2956 4647 sermone
3003 4593 3436 4660 immorabimur,
3485 4594 3532 4648 si

1952 4697 2063 4753 quo
2104 4680 2265 4736 modo
2306 4681 2374 4736 ab
2427 4681 2528 4735 hac
2559 4680 2682 4734 labe
2719 4681 2964 4750 ipsorum
3008 4681 3224 4736 animas
3256 4683 3532 4752 possimus

1953 4773 2135 4829 eluere
2182 4777 2236 4828 et
2269 4772 2570 4842 detergere.
2607 4771 2742 4825 Cum
2779 4771 2922 4825 enim
2967 4772 3288 4842 protulisset
3314 4787 3377 4826 ea
3415 4789 3535 4839 qua:

1955 4874 2084 4921 sunt
2115 4864 2280 4930 dicta,
2314 4874 2478 4934 atque
2511 4863 2672 4919 etiam
2711 4863 3052 4933 subjungens
3087 4862 3417 4928 induxisset,
3452 4881 3537 4914 so.-

1955 4956 2194 5012 cundum
2225 4955 2593 5010 institutorem
2624 4970 2784 5010 suum
2821 4952 3136 5020 Prunicum,
3177 4953 3536 5007 inconcinnas

1957 5048 2220 5120 quasdam
2258 5051 2599 5118 ineptasque,
2632 5054 2683 5102 et
2711 5048 3048 5116 incongruas
3081 5044 3536 5100 contumeliarmet

1958 5155 2012 5201 et
2036 5143 2415 5200 conviciorum
2433 5140 2678 5206 octadas,
2706 5149 2820 5195 tum
2841 5139 3061 5196 demum
3085 5139 3153 5195 ad
3178 5139 3537 5211 colophonem

1961 5233 2496 5306 argumentationum
2536 5231 2756 5297 transit,
2797 5239 2852 5287 et
2895 5229 3082 5287 relicta
3123 5230 3539 5284 ratiocinatione

1961 5335 2180 5382 carente
2225 5325 2482 5381 vanitatis
2523 5324 2884 5394 expositione,
2935 5337 3128 5377 rursus
3178 5323 3384 5378 aculeis
3425 5323 3540 5376 dia-

1961 5418 2166 5474 lectica:
2229 5431 2482 5473 sermone
2535 5422 2768 5481 armato,
2829 5414 3184 5485 syllogistice,
3246 5423 3307 5468 ut
3366 5422 3540 5483 putat,

1961 5523 2157 5570 contra
2191 5529 2291 5569 nos
2321 5512 2424 5567 hoc
2452 5509 2748 5565 absurdum
2783 5509 3082 5579 prmstruit.

2030 5697 2122 5755 Sic
2159 5698 2303 5754 enim
2343 5696 2505 5752 habet
2538 5693 2703 5748 dictio
2739 5713 2751 5747 :
2784 5691 2916 5749 Cum
2949 5693 3117 5747 omnis
3147 5690 3410 5762 generatio
3441 5703 3545 5743 non

1964 5789 2280 5847 extendatur
2313 5789 2363 5844 in
2395 5787 2686 5852 inﬁnitum,
2739 5786 2829 5842 sed
2862 5785 2917 5841 in
2950 5784 3177 5857 aliquem
3211 5785 3365 5853 ﬁnem
3399 5780 3544 5835 desi-

3112 5882 3189 5937 ‘26
