4034 6496
578 235 674 290 8H

1814 237 1870 289 ε.
1903 234 2228 292 GttEGORIl
2266 230 2558 287 NYSSENI
3686 250 3767 306 sn

580 363 710 407 nat:
746 371 949 410 necesse
993 367 1070 409 est
1105 355 1314 408 omnino
1359 371 1445 409 eos
1473 357 1560 425 qui
1602 356 1725 409 Filii
1769 358 2147 426 generationem

2255 353 2738 423 καταληγούσης,
2769 352 2999 422 ἀνάγκη
3052 351 3219 408 πᾶσα
3248 355 3340 410 καὶ
3381 361 3516 426 τοὺς
3556 367 3767 431 παραὸε.

581 446 931 511 admiserant,
965 455 1088 499 tunc
1115 463 1348 500 cessasse
1389 448 1651 516 generari,
1694 464 1854 517 neque
1888 447 1974 512 ad.
2005 448 2153 515 prin-

581 539 775 606 cipium
803 538 1184 593 incredibiliter
1216 555 1271 592 se
1296 538 1484 594 habere
1512 556 1712 603 eorum,
1747 556 1862 608 qua:
1887 538 2150 592 desierunt

579 630 843 697 generari.
873 646 1018 699 quies
1043 630 1224 699 ﬁrmat
1255 629 1604 699 generationis
1630 639 1676 682 et
1706 627 1991 698 generandi
2013 628 2151 694 prin-

578 722 804 788 cipium:
846 737 938 774 nec
981 722 1062 774 his
1099 720 1255 790 ﬁdem
1285 719 1556 773 detrahere
1585 719 1724 778 licet,
1771 735 1888 773 cum
1931 733 1997 772 ex
2036 720 2151 785 ipsa

579 824 793 875 natura,
820 823 929 865 tum
954 813 1113 866 etiam
1138 828 1203 867 ex
1226 813 1417 866 divinis
1447 813 1665 882 legibus.
1696 811 1964 877 Quoniam
1988 811 2152 880 igitur

577 904 878 958 secundum
913 905 1232 973 sapientiam
1263 919 1452 958 eorum
1477 903 1566 972 qui
1598 903 1784 956 talium
1818 902 1973 970 periti
2000 909 2146 962 sunt,

574 994 819 1049 universi
867 996 1240 1064 propositione
1293 993 1593 1064 praemissa,
1638 1008 1731 1062 per
1779 990 2147 1045 inductionem

577 1095 900 1151 przestruere
951 1095 1180 1139 conatur
1226 1085 1281 1139 id
1323 1083 1469 1154 quod
1518 1083 1862 1154 proponitur,
1911 1079 2148 1149 generali

578 1175 952 1242 propositione
1004 1176 1386 1244 particularem
1432 1173 1955 1229 demonstrationem
1999 1185 2151 1225 com-

575 1263 948 1330 prehenderis:
977 1265 1130 1334 prius
1154 1266 1295 1333 quod
1322 1263 1629 1319 universale
1649 1271 1734 1317 est
1758 1261 2144 1330 intelligamus:

573 1355 770 1409 deinde
793 1357 871 1410 sic
899 1371 1087 1410 eorum
1117 1373 1236 1426 qua:
1259 1357 1594 1411 inducuntur
1616 1355 1722 1408 vim
1751 1352 2144 1408 examinemus.

572 1444 654 1498 An
690 1445 838 1513 pium
877 1453 959 1499 est
988 1460 1052 1499 ex
1085 1447 1232 1499 omni
1263 1445 1612 1514 generatione
1643 1445 1804 1497 etiam
1832 1441 1954 1494 Filii
1995 1449 2148 1494 ante-

572 1546 827 1590 aeternam
853 1537 1256 1606 generationem
1281 1535 1555 1589 indicare?
1579 1535 1661 1588 An
1685 1535 1848 1588 etiam
1874 1531 2147 1602 Unigeniti

572 1627 906 1681 exsistentizr.
927 1643 1275 1682 communem
1307 1635 1556 1681 naturam
1595 1625 1910 1696 magistram
1951 1638 2148 1692 propo-

574 1732 701 1772 nere
721 1719 973 1786 oportet?
1002 1719 1113 1788 Ego
1134 1717 1350 1788 quidem
1382 1717 1656 1772 neminem
1682 1730 1746 1770 eo
1771 1716 1998 1770 insaniae
2027 1730 2148 1769 vcn-
2181 1699 2220 1752 Β

573 1817 756 1862 turum
789 1825 911 1864 esse
936 1811 1290 1878 spcraverim,
1328 1808 1522 1863 ut‘tale
1543 1807 1672 1877 quid
1693 1814 1883 1861 contra
1906 1806 2146 1860 divinam

569 1901 978 1969 generationem
1015 1901 1345 1970 cogitatione
1376 1899 1650 1953 informet.
1695 1896 1909 1965 Omnis,
1946 1897 2144 1967 inquit,

570 1991 852 2060 generatio
898 1992 951 2044 in
1007 1989 1277 2045 infinitum
1324 2005 1434 2045 non
1479 1991 1812 2046 extenditur.
1861 1989 2148 2055 Quodnam

566 2087 654 2135 est
689 2081 1060 2150 generationis
1100 2077 1508 2150 signiﬁcatum?
1537 2080 1621 2133 An
1649 2094 1906 2133 carneam
1938 2087 1989 2131 et
2023 2093 2145 2131 cor-

568 2182 790 2238 poream
823 2169 1236 2240 conceptionem
1267 2169 1420 2234 dicit,
1456 2169 1541 2224 vel
1574 2170 1997 2222 inanimatorum
2025 2183 2148 2221 con-

568 2260 968 2314 structionem?
999 2259 1091 2314 sed
1125 2260 1491 2330 corporalium
1525 2261 1936 2330 generationum
1978 2259 2147 2312 inani-

570 2348 692 2405 festi
720 2359 848 2404 sunt
872 2349 1108 2406 affectus
1134 2367 1273 2421 quos
1296 2351 1479 2407 nullus
1500 2351 1565 2405 ad
1595 2350 1835 2405 divinam
1871 2349 2146 2419 operatio-

568 2457 692 2496 nem
719 2442 1060 2496 transferret.
1087 2443 1265 2511 Atque
1285 2453 1342 2497 ut
1366 2458 1473 2496 non
1501 2451 1712 2497 naturae
1747 2456 1912 2512 opera
1940 2440 2148 2496 descri-

568 2533 747 2588 bendo
764 2547 945 2587 sermo
967 2548 1410 2603 supervacaneus
1428 2549 1551 2588 esse
1573 2533 1841 2594 videatur,
1868 2536 1982 2586 haec
2017 2533 2146 2586 talia

565 2626 782 2680 silentio
817 2625 1053 2680 involuta
1077 2627 1502 2695 prtcteribimus:
1529 2627 1770 2694 cujusvis
1795 2627 1938 2678 enim
1969 2634 2146 2678 metite

566 2716 781 2787 ιιι-φοίιί
821 2732 946 2772 esse
977 2719 1236 2782 arbitror,
1288 2733 1317 2770 a
1352 2719 1534 2788 seipse
1565 2732 1894 2788 cognoscere
1923 2732 2143 2780 causas,

567 2810 869 2865 secundum
900 2826 1038 2880 quas
1061 2813 1340 2881 generatio
1364 2811 1696 2874 extenditur,
1721 2827 1782 2866 ea
1807 2827 2000 2880 nempe
2027 2827 2148 2881 qua:

567 2904 758 2973 incipit
783 2911 835 2957 et
861 2904 1096 2957 desinit:
1137 2903 1359 2972 longum
1386 2904 1530 2959 enim
1557 2912 1703 2959 esset
1733 2913 1786 2958 et
1810 2904 2145 2973 superfluum

2253 444 2551 514 ξαμένους
2585 443 2692 497 τοῦ
2753 442 2889 496 Υιοῦ
2937 441 3052 510 τὴν
3103 444 3342 512 γένεσιν
3365 487 3379 509 ,
3411 449 3536 501 τότε
3581 457 3768 509 aenae.

2251 539 2390 589 σθαι
2420 535 2636 589 τοῦτον
2669 533 3072 605 γεννώμενον,
3101 533 3258 603 μηδὲ
3295 535 3441 602 πρὸς
3473 537 3580 606 τὴν
3611 543 3770 611 ἀρχὴν

2251 626 2517 692 ἀπιστως
2540 625 2705 695 ἔχειν
2735 624 2856 679 τῶν
2879 623 3281 693 παυσαμένων
3317 625 3418 678 τοῦ
3465 629 3762 698 γεννᾶσθαι,

2251 715 2455 770 παῦλα
2479 717 2795 770 πιστοῦται
2829 715 2940 786 τῆς
2975 733 3038 769 τε
3072 713 3408 784 γεννήσεως
3429 717 3637 773 καὶτοῦ
3661 740 3771 790 τεν.

2251 807 2467 862 νᾶσθαι
2521 809 2637 876 τὴν
2669 808 2866 877 ἀρχὴν
2895 851 2909 874 ,
2963 807 3062 863 καὶ
3115 808 3345 874 τούτοις
3387 809 3642 865 ἀπιστεῖν
3683 818 3769 870 οὐκ

2249 899 2439 962 ἐστιν,
2469 900 2537 953 ἐκ
2578 917 2642 954 τε
2673 899 2782 966 τῆς
2818 901 3056 970 φύσεως
3093 899 3315 968 αὐτῆς,
3337 899 3423 954 ἔτι
3458 901 3521 953 δὲ
3556 905 3644 957 καὶ
3677 905 3772 960 τῶν

2251 990 2424 1043 θείων
2450 993 2666 1061 νόμων.
2716 993 2934 1064 Ἐπειδὴ
2966 992 3145 1045 τοίνυν
3191 991 3330 1044 κατὰ
3361 990 3454 1061 τὴν
3485 994 3656 1061 σοφίαν
3686 997 3770 1049 τῶν

2250 1082 2317 1132 τὰ
2345 1081 2565 1136 τοιαῦτα
2601 1081 2820 1145 δεινῶν,
2851 1083 2910 1134 τὸ
2954 1081 3178 1135 καθόλου
3227 1081 3504 1152 προσθεὶς,
3541 1084 3772 1154 ὲπαγωγι-

2250 1171 2362 1234 κῶς
2383 1170 2809 1236 κατασκευάζειν
2825 1171 3091 1241 ἐπιχειρεῖ
3117 1170 3178 1222 τὸ
3199 1170 3562 1240 προκείμενον,
3579 1173 3771 1245 ἐμπερι.

2249 1259 2540 1330 λαμϐάνων
2581 1262 2648 1331 τῇ
2689 1262 2878 1331 γενικῇ
2908 1259 3166 1328 προτάσει
3200 1258 3297 1327 τὴν
3342 1258 3432 1309 ἐπὶ
3464 1257 3641 1327 μέρους
3663 1262 3770 1316 ἀπό-

2249 1351 2448 1415 δειξιν,
2498 1353 2762 1422 πρότερον
2805 1352 2866 1404 τὺ
2924 1351 3148 1404 καθόλου
3215 1350 3624 1420 κατανοήσωμεν
3658 1347 3770 1405 ἐἶθ’

2249 1441 2419 1506 οὕτως
2466 1442 2562 1512 τὴν
2605 1441 2713 1494 τῶν
2768 1439 3122 1511 ἐπαγομένων
3179 1439 3516 1509 ἐξετάσωμεν
3563 1439 3769 1510 δύναμιν.

2248 1527 2373 1602 Ἆρ’
2409 1533 2628 1596 εὐσεϐές
2683 1535 2828 1586 ἐστιν
2889 1534 2952 1584 ὲκ
3010 1532 3187 1601 πάσης
3227 1531 3524 1600 γεννήσεως
3569 1531 3649 1582 καὶ
3699 1529 3771 1582 τοῦ

2251 1624 2384 1678 γ’ἱοῦ
2427 1623 2804 1694 τεκμήρασθαι
2829 1624 2928 1694 τὴν
2956 1624 3274 1694 προαιιὶΝιον
3313 1622 3517 1690 γένεσιν
3541 1639 3554 1686 ;
3585 1621 3676 1672 Kal
3696 1621 3772 1689 τὴν

2249 1717 2432 1785 κοινὴν
2465 1715 2625 1782 φύσιν
2657 1713 2970 1768 διδάσκαλον
2999 1713 3098 1783 τῆς
3127 1713 3220 1765 τοῦ
3269 1710 3597 1778 Μονογενοῦς
3636 1711 3774 1780 ὑπάρ-

2251 1806 2385 1872 ξεως
2418 1804 2815 1876 προϐάλλεσθαι
2854 1806 2998 1875 χρή;
3047 1802 3186 1871 Ἐγὼ
3218 1801 3316 1872 μὲν
3350 1803 3448 1854 οὐκ
3473 1799 3535 1853 ἂν
3563 1801 3645 1852 ἐπὶ
3675 1815 3772 1851 τοσ-

2248 1896 2402 1950 οῦτον
2442 1897 2615 1950 ἐλθεῖν
2643 1913 2762 1949 τινα
2812 1895 3009 1966 μανίας
3057 1893 3362 1964 ὲλπίσαιμι,
3395 1894 3466 1956 ὡς
3508 1892 3716 1945 τοιοῦτόν
3735 1909 3774 1944 τι

2249 1991 2390 2045 κατά
2421 1992 2522 2062 τῆς
2569 1990 2720 2055 θείας
2756 1991 2850 2044 καὶ
2895 1990 3171 2060 ἀκηράτου
3220 1987 3582 2058 φαντασθῆναι
3616 1987 3773 2055 γεννήρ

2251 2100 2404 2146 σεως.
2437 2083 2619 2146 Πᾶσα,
2649 2081 2814 2151 φησὶ,
2841 2081 3091 2150 γέννησις
3138 2077 3238 2131 οὐκ
3271 2078 3357 2129 ἐπ’
3401 2078 3612 2145 ἄπειρον
3638 2075 3777 2127 ἐκτεί-

2249 2191 2417 2227 νεται.
2450 2172 2515 2225 Τί
2543 2173 2602 2225 τὸ
2631 2172 2730 2242 τῆς
2773 2169 3075 2242 γεννήσεως
3101 2171 3214 2222 ἐστι
3256 2167 3666 2238 σημαινόμενονς
3690 2166 3774 2235 Τὴν

2251 2265 2500 2339 σαρκώδη
2549 2266 2644 2320 καὶ
2702 2265 3014 2336 σωματικὴν
3067 2262 3374 2334 ἀποκύησιν
3431 2260 3662 2330 λέγει,ἢ
3701 2259 3777 2327 τὴν

2249 2358 2590 2430 κατασκευὴν
2623 2358 2731 2412 τῶν
2753 2357 3003 2428 ἀψύχωνς
3039 2356 3198 2410 Ἀλλὰ
3226 2356 3336 2408 τῶν
3369 2355 3464 2426 μὲν
3498 2352 3777 2424 σωματικῶν

2249 2451 2552 2521 γεννήσεων
2586 2449 2794 2518 φανερὰ
2823 2449 2890 2502 τὰ
2945 2448 3264 2518 παθήματα,
3295 2445 3440 2516 ᾇπερ
3481 2445 3576 2498 οὐκ
3620 2445 3676 2497 ἄν
3715 2458 3779 2502 τις

2248 2543 2341 2596 ἐπὶ
2369 2544 2465 2615 τὴν
2496 2542 2645 2597 θείαν
2675 2542 2923 2612 γέννησιν
2961 2541 3276 2613 μεταφέροι.
3310 2539 3413 2593 Καὶ
3449 2539 3520 2604 ὡς
3548 2536 3606 2591 ἂν
3636 2537 3699 2607 μὴ
3728 2535 3781 2588 τὰ

2248 2633 2344 2703 τῆς
2375 2633 2587 2701 φύσεως
2635 2632 2770 2703 ἔργα
2815 2631 3130 2702 διαγράφων
3154 2633 3182 2684 ὁ
3214 2630 3373 2698 λόγος
3420 2628 3689 2700 παρέλκειν
3712 2626 3780 2678 50-

2249 2727 2394 2796 κοίη,
2419 2728 2595 2796 σιωπῇ
2630 2725 2696 2776 τὰ
2741 2723 2960 2776 τοιαῦτα
3005 2721 3454 2794 παρελευσόμεθα
3474 2735 3487 2748 '
3513 2719 3696 2780 παντὸς
3725 2713 3782 2768 ol-

2253 2836 2349 2889 μαι
2371 2817 2464 2870 τοῦ
2489 2834 2550 2884 γε
2594 2815 2714 2868 νοῦν
2745 2816 3083 2886 ἔχοντος,ἀφ⁹
3118 2813 3312 2867 ἑαυτοῦ
3345 2811 3682 2882 γινώσκοντος
3707 2807 3781 2869 τὰς

2249 2909 2426 2972 αἰτίας
2448 2908 2568 2962 καθ’
2586 2907 2652 2971 ἃς
2680 2909 2712 2978 ἡ
2743 2906 2994 2978 γέννησις
3015 2905 3423 2978 παρατείνεται,
3439 2904 3530 2958 καὶ
3550 2900 3782 2972 ἀρχομένη

567 2994 733 3049 simul
766 2995 949 3049 omnia
983 3003 1242 3049 accurata
1281 2995 1583 3050 subtilitate
1633 3004 1686 3050 et
1738 2995 2017 3066 diligentia
2052 3012 2147 3052 ex-

2251 3002 2342 3056 καὶ
2382 3001 2655 3072 λήγουσαν
2683 2999 2890 3070 μακρὸν
2924 2998 3032 3069 γὰρ
3059 2999 3123 3052 ἂν
3165 2999 3246 3068 εἴη
3293 2997 3388 3052 καὶ
3437 2993 3671 3066 περιττὸν
3694 2991 3784 3060 ἅμα

569 3101 791 3156 ponere,
825 3087 1202 3156 generanlium
1229 3101 1605 3156 congressum,
1639 3093 1693 3141 et
1732 3086 1790 3140 in
1824 3086 2146 3149 visceribus,

566 3179 686 3248 ejus
738 3179 831 3249 qui
870 3186 1162 3250 generatur
1215 3178 1617 3242 formationem,
1673 3193 1836 3234 acres
1890 3177 2150 3249 parientis

566 3268 809 3334 dolores,
846 3277 1083 3340 partum,
1128 3268 1333 3334 locum,
1367 3276 1603 3338 tempus,
1652 3268 1771 3323 sine
1799 3267 1998 3338 quibus
2029 3281 2151 3322 cor-

565 3361 717 3431 poris
751 3363 1030 3430 generatio
1087 3368 1344 3416 constare
1370 3375 1480 3414 non
1523 3367 1728 3428 potest.
1785 3357 1917 3424 Quae
1964 3359 2149 3413 omnia

567 3451 850 3522 aequaliter
902 3450 971 3504 ab
1018 3449 1296 3520 Unigeniti
1355 3451 1711 3520 generatione
1774 3448 1957 3504 divina
2022 3457 2149 3503 sunt

569 3545 770 3598 aliena.
804 3540 862 3596 Si
892 3543 1036 3596 enim
1089 3557 1257 3596 unum
1311 3540 1445 3612 quid
1498 3541 1696 3595 horum
1745 3541 1933 3596 datum
1978 3549 2147 3605 esset,

570 3632 783 3701 reliqua
826 3630 1010 3684 omnia
1050 3631 1368 3686 necessario
1415 3637 1846 3700 consequentur.
1879 3629 1949 3686 Ut
1985 3629 2150 3700 igitur

570 3723 716 3779 omni
749 3721 1082 3792 cogitatione
1109 3720 1393 3776 affectibus
1429 3722 1682 3776 immersa
1714 3729 2046 3792 expurgetur
2074 3721 2149 3774 di-

571 3815 695 3869 vina
723 3814 1039 3884 generatio,
1083 3829 1261 3884 neque
1288 3813 1588 3868 intervallis
1616 3812 1927 3868 distinctam
1967 3814 2020 3868 in
2056 3813 2145 3866 illa

569 3904 944 3961 extensionem
979 3906 1366 3975 intelligamus.
1401 3903 1557 3969 Quod
1581 3905 1723 3958 enim
1756 3905 1946 3974 incipit
1973 3916 2026 3960 et
2058 3905 2148 3960 de-

569 3997 720 4062 sinit,
776 3996 831 4050 in
887 3997 1123 4066 quadam
1179 3996 1499 4051 extensione
1552 4011 1778 4066 prorsus
1841 4004 2142 4066 spectatur.

568 4087 763 4144 Omnis
801 4095 980 4143 autem
1013 4088 1262 4143 extensio
1303 4086 1566 4158 temporis
1601 4102 1858 4142 mensura
1895 4102 2144 4156 compre-

569 4181 848 4236 henditur.
881 4179 1017 4234 Cum
1050 4187 1233 4233 autem
1253 4186 1479 4248 tempus
1507 4193 1614 4232 non
1644 4178 1737 4240 sit,
1773 4194 1884 4248 quo
1907 4186 1960 4233 et
1985 4178 2144 4233 tinent

568 4281 623 4327 et
652 4273 982 4343 principium
1009 4279 1199 4340 partus
1228 4279 1507 4334 notamus,
1543 4285 1743 4324 vanum
1778 4268 1943 4324 fuerit
1983 4270 2142 4324 finem

2253 3091 2430 3147 πάντα
2479 3092 2544 3144 δι’
2579 3090 2860 3162 ἀκριϐείας
2909 3087 3248 3151 ἐκτίθεσθαι,
3302 3089 3403 3159 τὴν
3459 3086 3659 3140 σύνοδον
3699 3083 3784 3134 τῶν

2251 3183 2584 3253 γεννώντων,
2618 3183 2718 3252 τὴν
2757 3183 2814 3234 ὲν
2841 3184 2950 3244 τοῖς
3001 3181 3330 3250 σπλάγχνοις
3353 3178 3446 3233 τοῦ
3487 3175 3784 3246 γεννωμένου

2249 3275 2556 3340 διάπλασιν,
2586 3274 2687 3346 τὴν
2720 3273 2904 3337 ὠδῖνα,
2930 3274 3020 3326 τὸν
3045 3273 3224 3339 τόκον,
3249 3272 3344 3325 τὸν
3374 3273 3553 3335 τόπον,
3581 3270 3664 3323 τὸν
3686 3269 3787 3339 χρό-

2249 3388 2361 3436 νον,
2384 3361 2459 3422 ὧν
2487 3369 2614 3423 ἄνευ
2653 3367 2752 3420 οὐκ
2799 3365 2913 3420 ἔστι
2957 3363 3214 3435 συστῆναι
3258 3363 3513 3436 σώματος
3553 3363 3785 3432 γέννησιν.

2253 3457 2432 3526 Ἂπερ
2465 3455 2659 3522 ἐπίσης
2685 3454 2864 3507 πάντα
2894 3451 2996 3522 τῆς
3027 3453 3175 3512 θείας
3200 3455 3510 3524 γεννήσεως
3535 3451 3622 3505 τοῦ
3647 3453 3790 3504 Μονο-

2249 3546 2441 3616 γενοῦς
2481 3545 2853 3617 ἠλλοτρίωται.
2874 3545 2935 3597 Et
2962 3542 3070 3615 γὰρ
3104 3543 3163 3596 ἓν
3195 3560 3246 3597 τι
3279 3545 3484 3597 τούτων
3520 3540 3789 3613 δοθείη.καὶ

2249 3636 2318 3690 τὰ
2363 3635 2525 3690 λοιπὰ
2563 3633 2706 3688 κατὰ
2745 3633 2922 3687 πάντα
2959 3634 3170 3704 ἀνάγκη
3217 3632 3686 3686 συνεισελεύσεται.
3721 3630 3792 3692 Ὦς

2251 3729 2317 3782 ἂν
2349 3723 2440 3780 οὖν
2471 3724 2765 3795 καθαρεύοι
2806 3723 2982 3794 πάσης
3020 3722 3301 3794 ὲμπαθοῢς
3352 3724 3586 3786 διανοίας
3629 3723 3657 3791 ἡ
3694 3719 3790 3772 θεία

2249 3820 2520 3888 γέννησις,
2575 3816 2695 3869 οὐδὲ
2751 3815 2850 3885 τὴν
2903 3813 3337 3885 διαστηματικὴν
3387 3815 3680 3884 παράτασιν
3724 3809 3791 3861 ἐπ’

2249 3912 2461 3980 ἐκείνης
2490 3910 2789 3982 νοήσωμεν.
2824 3907 2897 3959 Τὸ
2927 3905 3032 3975 γὰρ
3065 3907 3366 3978 ἀρχόμενον
3400 3909 3494 3960 καὶ
3525 3907 3792 3973 παυόμενον

2249 4004 2307 4056 ὲν
2337 4001 2642 4073 παρατάσει
2667 4001 2774 4052 τινὶ
2804 4001 3084 4071 θεωρεῖται
3107 4000 3344 4062 πάντως.
3385 4001 3542 4052 Πᾶσα
3569 3998 3619 4050 δὲ
3648 3994 3795 4064 παρὰ.

2246 4111 2401 4158 τασις
2451 4093 2627 4164 χρόνῳ
2668 4093 3072 4162 διαμετρεῖται·
3114 4091 3307 4161 χρόνου
3353 4091 3410 4143 δὲ
3459 4090 3533 4160 μὴ
3577 4077 3793 4150 δντος,ᾧ

2247 4188 2340 4240 καὶ
2379 4186 2530 4248 τέλος
2559 4183 2654 4236 τοῦ
2682 4183 2840 4236 τόκου
2866 4185 2958 4235 καὶ
2987 4181 3158 4252 ἀρχὴν
3188 4181 3584 4252 σημειούμεθα,
3601 4178 3794 4249 μάταιον

2249 4279 2312 4331 ἂν
2336 4278 2419 4347 εἴη
2446 4276 2594 4338 τέλος
2617 4275 2708 4328 καὶ
2737 4273 2907 4347 ἀρχὴν
2929 4273 3019 4326 ἐπὶ
3039 4273 3139 4343 τῆς
3167 4272 3494 4328 ἀδιαστάτου
3525 4270 3794 4340 γεννήσεως

568 4373 623 4419 ct
676 4363 1004 4434 principium
1056 4362 1109 4416 in
1145 4363 1513 4434 generatione
1555 4361 1896 4416 dimensione
1925 4369 2146 4416 carente

2249 4366 2692 4428 ὲννοεῖν,οὐδενὸς
2721 4363 3106 4434 εὑρισκομένου
3136 4362 3507 4433 σημειωτικοῦ
3536 4363 3793 4431 νοήματος,

571 4457 895 4526 intelligere,
923 4469 1047 4509 cum
1081 4454 1231 4509 nulla
1260 4455 1568 4510 inveniatur
1603 4469 1722 4524 quae
1752 4454 1931 4525 signet
1969 4455 2143 4522 notio,

571 4567 748 4621 neque
779 4551 832 4603 in
864 4565 972 4618 quo
1004 4549 1216 4618 incipit,
1251 4563 1429 4618 neque
1455 4548 1522 4602 ad
1554 4548 1702 4618 quod
1735 4547 1958 4603 desinit.
1990 4546 2146 4614 Quod

569 4644 615 4697 si
651 4642 717 4695 ad
750 4641 1079 4695 inanimatas
1108 4646 1389 4695 creaturas
1421 4639 1622 4702 cernit,
1651 4647 1704 4694 et
1739 4639 1792 4693 in
1823 4639 1927 4694 illis
1956 4640 2145 4694 eodem

568 4731 732 4785 modo
759 4739 814 4785 et
843 4731 1018 4793 locus,
1041 4736 1094 4783 et
1127 4737 1364 4799 tempus,
1394 4736 1447 4784 et
1480 4731 1727 4794 materia,
1754 4737 1806 4784 et
1827 4738 2145 4800 apparatus,

567 4832 622 4878 et
661 4822 892 4878 facultas
928 4831 1045 4876 arte
1075 4820 1379 4891 operantis,
1412 4822 1689 4890 multaque
1728 4821 1854 4875 talia
1911 4837 2148 4876 concur-

569 4915 766 4978 rentia,
810 4913 864 4968 id
911 4913 1056 4984 quod
1101 4915 1157 4968 fit
1194 4913 1258 4967 ad
1311 4911 1700 4984 perfectionem
1751 4915 2046 4968 adducunt.
2080 4914 2148 4968 Et

568 5006 827 5075 quoniam
864 5022 988 5060 cum
1011 5006 1268 5060 omnibus
1289 5021 1533 5075 quaepcr
1555 5005 1957 5076 generationem
1987 5005 2143 5068 fiunt,

567 5098 795 5151 omnino
835 5097 996 5150 simul
1037 5096 1349 5150 extenditur
1382 5103 1617 5164 tempus,
1659 5103 1712 5150 et
1751 5096 2146 5164 praestructiva:

566 5188 731 5243 etiam
767 5187 835 5242 ad
884 5188 936 5242 id
974 5187 1119 5257 quod
1149 5187 1376 5242 efficitur
1409 5189 1729 5242 occasiones
1776 5187 1936 5240 simul
1981 5187 2145 5240 intel-

568 5279 834 5349 liguntur,
859 5295 981 5331 eum
1013 5294 1078 5332 eo
1095 5278 1238 5347 quod
1268 5288 1505 5343 creatur,
1535 5279 1649 5333 sive
1665 5277 1794 5346 quid
1817 5277 2140 5342 animatum,

568 5369 685 5423 sive
702 5369 1061 5422 inanimatam
1077 5369 1168 5433 sit,
1195 5367 1483 5422 manifesta
1501 5367 1622 5421 licet
1642 5366 1906 5430 invenire,
1931 5377 1983 5421 et
2000 5368 2147 5435 prin-

568 5460 708 5531 cipia
734 5477 792 5515 tn
820 5462 1254 5526 liis,etextrema
1273 5459 1703 5515 constitutionis.
1735 5459 1946 5514 Etenim
1969 5469 2141 5516 mate-

570 5553 662 5606 rim
679 5553 857 5622 cepis,
879 5552 1207 5622 principium
1225 5553 1345 5621 ejus
1362 5551 1503 5622 quod
1523 5551 1863 5605 construitur
1881 5551 2133 5618 etlicitur,

563 5643 811 5698 etlocale
849 5643 1121 5713 quoddam
1161 5644 1375 5714 signum
1419 5643 1566 5714 quod
1601 5650 1815 5712 tempus
1851 5645 2135 5714 consequi-

2247 4459 2366 4512 οὗτε
2402 4460 2459 4512 ὲν
2479 4452 2524 4526 ᾧ
2553 4456 2799 4528 ἄρχεται,
2835 4455 2958 4508 οὔτε
2994 4457 3073 4518 είς
3100 4455 3128 4508 ὃ
3153 4455 3476 4525 καταλήγει.
3516 4455 3576 4506 Εἰ
3605 4452 3656 4504 δὲ
3682 4447 3794 4517 πρὸς

2246 4551 2314 4604 τὰ
2368 4550 2548 4619 ἄψυχα
2603 4547 2711 4600 τῶν
2763 4546 3077 4618 κτισμάτων
3136 4547 3272 4618 ὁρᾷ,
3323 4547 3422 4599 καὶ
3480 4545 3564 4598 ἐπ’
3604 4539 3794 4594 ἐκείνων

2247 4640 2524 4703 ὡσαύτως,
2553 4639 2646 4692 καὶ
2677 4637 2859 4702 τόπος,
2892 4638 2984 4691 καὶ
3012 4638 3221 4709 χρόνος,
3244 4637 3339 4691 καὶ
3385 4636 3509 4707 ὕλη,
3531 4633 3620 4688 καὶ
3646 4646 3795 4700 παραο

2249 4733 2450 4803 σκευὴ,
2479 4733 2570 4785 καιὶ
2599 4731 2826 4802 δύναμις
2873 4729 2968 4783 τοῦ
3019 4730 3456 4802 τεχνιτεύοντος,
3505 4729 3597 4783 καὶ
3654 4719 3794 4778 πολἙὰ

2245 4823 2468 4876 τοιαῦτα
2495 4822 2866 4893 συνδραμόντα
2886 4821 3255 4892 τελεσιουργεῖ
3286 4822 3348 4875 τὸ
3387 4823 3682 4892 γινόμενον.
3705 4816 3795 4868 Kal

2247 4914 2369 4967 ἐπεὶ
2414 4915 2546 4965 πᾶσι
2588 4914 2701 4974 τοῖς
2732 4910 3032 4982 γινομένοις
3065 4911 3566 4982 συμπαρατείνεται
3609 4906 3792 4962 πάντως

2245 5011 2272 5061 ὁ
2293 5007 2502 5077 χρόνος,
2535 5007 2627 5059 καὶ
2655 5006 2711 5058 αἱ
2746 5005 3243 5057 κατασκευαστικά).
3267 5005 3406 5076 πρὸς
3445 5004 3506 5056 τὸ
3544 4999 3794 5070 γινόμενον

2246 5097 2492 5169 ἀφορμαὶ
2522 5095 2955 5149 συνεπινοοῦνται
2996 5093 3159 5147 παντὶ
3207 5095 3285 5165 τῷ
3339 5093 3672 5164 κτιζομένῳ·
3709 5085 3793 5140 κᾶν

2246 5188 2486 5258 ἔμψυχόν
2516 5205 2589 5250 τι,
2620 5187 2719 5240 κᾶν
2748 5186 2948 5255 ἄψυχον
2977 5181 3035 5260 ᾖ,
3072 5189 3308 5254 φανερὰς
3347 5183 3500 5237 ἔστιν
3523 5184 3693 5254 εὑρεῖν
3721 5177 3796 5229 καὶ

2243 5283 2340 5345 τὰς
2371 5281 2546 5351 ἀρχὰς
2578 5279 2668 5331 ἐπὶ
2694 5277 2895 5331 τούτων
2934 5277 3026 5329 καὶ
3061 5277 3159 5340 τὰς
3211 5276 3476 5339 τελευτὰς
3512 5277 3608 5345 τῆς
3637 5267 3792 5324 συστά-

2245 5389 2400 5435 σεως.
2447 5371 2555 5424 Καὶ
2599 5371 2709 5440 γὰρ
2749 5367 2841 5421 καὶ⁹
2871 5367 3000 5437 ὕλης
3032 5366 3296 5438 πορισμὸς
3335 5365 3484 5437 ἀρχὴ
3527 5363 3616 5417 τοῦ
3652 5375 3793 5413 κατα-

2245 5464 2618 5533 σκευάσματος
2669 5460 2895 5530 γίνεται,
2945 5459 3037 5512 καὶ
3074 5459 3294 5512 τοπικόν
3346 5475 3400 5510 τι
3458 5458 3676 5526 σημεῖον
3722 5445 3795 5501 καὶ

2247 5555 2534 5611 ἀκόλουθον
2567 5553 2772 5624 χρόνου.
2821 5551 3006 5604 Πάντα
3042 5548 3212 5604 ταῦτα
3255 5549 3354 5613 τὰς
3399 5551 3578 5622 ἀρχὰς
3625 5544 3710 5598 καὶ
3741 5539 3795 5590 τὰ

2243 5647 2368 5720 τέλη
2400 5648 2509 5710 τοῖς
2537 5643 2841 5715 γινομένοις
2869 5640 3060 5715 ὁρίζει,
3099 5641 3190 5695 καὶ
3209 5641 3307 5695 οὐκ
3337 5639 3405 5694 ἄν
3425 5655 3512 5702 τις
3535 5637 3669 5691 εῐποι
3699 5645 3795 5684 κοιο
