4034 6476
279 294 406 357 ’815
1419 306 1701 367 CONTRA
1734 310 1872 368 ΕΒΗ

1957 311 2127 377 ιιωι,
2171 309 2301 364 LIB.
2331 308 2418 363 ιχ.
3446 296 3550 354 811

265 414 495 472 ’νωνίαν
548 414 691 485 ἔχειν
725 415 847 469 τινὰ
876 416 1049 474 ταῦτα
1085 419 1219 491 πρὸς
1264 418 1364 492 τὴν
1402 425 1727 495 προαιὼνιον
1768 425 1858 480 τοῦ

1977 437 2091 482 tur.
2115 425 2239 481 llaec
2263 422 2444 479 omnia
2463 417 2727 492 principia
2743 427 2796 473 et
2820 417 2957 471 ﬁnes
2979 414 3064 470 his
3081 428 3199 484 quae
3218 411 3352 467 ﬁunt
3372 412 3552 468 deter-

299 505 622 579 μονογενοῦς
662 506 797 561 Θεοῦ
830 507 1084 579 ὓπαρξιν.
1123 511 1284 564 Ὥστε
1316 512 1406 567 διά
1451 514 1561 569 τῶν
1591 509 1691 570 ὧδε
1731 517 1865 571 θεω-

1969 518 2202 581 minant,
2222 516 2513 584 nullusque
2540 511 2758 572 dixerit,
2782 510 2897 563 haec
2921 508 3157 577 aliquam
3182 504 3381 559 habere
3403 520 3554 559 com-

301 598 599 670 ρουμένων,
630 598 803 670 ἀρχήν
833 616 954 653 τινα
996 600 1089 654 καὶ
1118 600 1271 666 τέλος
1301 604 1393 658 ἐπὶ
1430 606 1531 678 τῆς
1567 609 1868 680 γεννήσεως

1970 608 2284 663 munionem
2328 621 2457 661 cum
2495 610 2822 659 antemterna
2866 597 3141 669 Uuigeniti
3175 596 3555 651 subsistentia.

296 686 514 757 δκείνης
548 686 983 755 ἀναλογίζεσθαι.

1969 698 2047 753 lta
2072 710 2126 753 ut
2144 714 2239 769 per
2273 699 2387 753 haec
2401 712 2521 766 qua:
2537 694 2619 752 sic
2644 699 2963 763 spectantur
2990 688 3316 759 principium
3339 687 3559 757 aliquod

1971 797 2027 843 et
2050 787 2211 844 ﬁnem
2239 788 2291 841 in
2321 788 2409 840 illa
2435 784 2788 856 generatione
2813 786 3063 851 oporteat
3089 777 3271 831 animo
3296 776 3560 846 cogitare.

365 867 587 923 Τούτων
612 866 704 924 οῦν
738 871 869 941 ἡμῖν
896 870 1039 927 οὕτω
1067 872 1429 946 διῃρημένων,
1461 875 1621 928 πάλιν
1664 876 1753 930 τὸν
1782 877 1870 930 λό-

2042 886 2140 941 His
2166 886 2332 957 igitur
2364 900 2394 938 a
2418 882 2583 938 nobis
2610 881 2691 935 sic
2718 876 3019 937 distinctis,
3057 890 3254 930 rursus
3292 873 3558 929 refracta-

296 977 390 1029 γον
420 960 527 1013 τῶν
554 960 807 1016 ἐναντίων
830 965 1269 1036 κατανοήσωμεν.
1290 966 1495 1037 Πάσης,
1514 968 1664 1038 φησὶ,
1683 969 1871 1040 γεννή-

1970 980 2177 1034 riorum
2206 988 2514 1032 sermonem
2548 970 2914 1041 pensitemus.
2948 965 3082 1020 Cum
3118 962 3319 1025 omnis,
3355 962 3555 1032 inquit.

301 1069 439 1116 σεως
471 1052 569 1106 οὐκ
590 1054 677 1105 ἐπ’
699 1054 922 1125 ἄπειρον
959 1057 1358 1128 ὲκτεινομένης,
1380 1056 1494 1111 ἀλλ’
1535 1058 1616 1123 εῐς
1642 1077 1696 1112 τι
1720 1059 1873 1124 τέλος

1973 1068 2254 1141 generatio
2284 1080 2393 1120 non
2429 1064 2483 1118 in
2519 1060 2791 1116 inﬁnitum
2836 1055 3184 1117 extendatur,
3240 1054 3335 1109 sed
3374 1054 3427 1107 in
3459 1053 3558 1106 ali-

300 1142 737 1215 καταληγούσης.
778 1145 994 1217 Ἐπειδὴ
1047 1147 1225 1202 τοίνυν
1266 1148 1511 1227 νενόηται
1534 1149 1595 1202 τὸ
1622 1148 1721 1220 τῆς
1752 1167 1875 1218 γεν-

1975 1174 2136 1229 quem
2190 1159 2350 1211 tinem
2391 1154 2625 1210 desinat.
2659 1149 2930 1217 Quoniam
2981 1147 3147 1217 igitur
3181 1144 3556 1216 generationis

302 1236 508 1305 νήσεως
553 1235 969 1305 σημαινόμενον,
997 1236 1119 1291 καθ’
1158 1238 1423 1308 ἑκατέραν
1463 1238 1705 1307 ἔννοιαν,
1764 1243 1874 1295 εἴτε

1976 1248 2341 1320 signiﬁcatum
2374 1246 2431 1300 in
2463 1256 2697 1315 utroque
2720 1258 2888 1299 sensu
2918 1240 3256 1294 intellectum
3294 1247 3399 1301 est,
3444 1237 3560 1293 sive

299 1325 395 1399 τὴν
417 1326 719 1396 ἀποκύησιν
738 1327 846 1381 τῶν
874 1329 1216 1399 σωματικῶν,
1247 1334 1359 1388 εἶτε
1415 1330 1513 1402 τὴν
1535 1334 1876 1401 κατασκευήν

1977 1339 2345 1410 corporalium
2377 1343 2727 1407 conceptum,
2759 1335 2876 1391 sive
2897 1347 3091 1388 eorum
3114 1347 3237 1401 quae
3258 1338 3373 1385 arte
3399 1330 3554 1393 ﬁunt.

299 1417 474 1471 ἐθέλοι
504 1418 611 1471 τῶν
636 1418 950 1487 κτισμάτων
971 1419 1047 1491 τῷ
1068 1420 1293 1492 τοιούτῳ
1314 1422 1595 1492 σημαίνειν
1618 1423 1840 1493 ὀνόματι
1859 1437 1874 1453 ⁸

1977 1430 2105 1485 velit
2157 1428 2262 1483 hoc
2296 1428 2389 1482 tali
2437 1427 2659 1482 nomine
2707 1422 3177 1480 constructionem
3214 1420 3553 1490 signiﬁcare:

297 1503 375 1565 ὧν
413 1509 693 1579 οὐδέτερον
734 1511 828 1564 ἐπὶ
867 1511 967 1581 τῆς
999 1512 1278 1583 ἀκηράτου
1307 1513 1521 1582 φύσεως
1559 1513 1657 1585 τὴν
1688 1531 1879 1567 κοινω-

1978 1534 2210 1589 quorum
2244 1524 2501 1573 neutrum
2547 1517 2603 1570 in
2638 1512 2930 1569 immortali
2964 1522 3157 1566 natura
3206 1511 3558 1565 communio-

300 1601 418 1656 νίαν
448 1602 580 1671 ἔχει,
602 1601 858 1673 ἀλλοτρία
879 1602 1142 1655 δέδεικται
1172 1602 1264 1656 τοῦ
1297 1603 1656 1676 προκειμένου
1683 1605 1716 1675 ή
1743 1604 1878 1676 πρό-

1978 1624 2103 1664 nem
2130 1607 2311 1671 habet,
2343 1606 2521 1661 aliena
2552 1618 2779 1674 prorsus
2809 1618 2839 1656 a
2870 1602 3123 1672 subjecto
3151 1599 3455 1670 propositio
3474 1606 3561 1653 est

300 1706 483 1753 τασις’
515 1690 577 1743 ού
603 1690 710 1762 γάρ
731 1691 920 1763 ἐπειδὴ
963 1694 1114 1745 πᾶσα
1156 1693 1371 1764 ποίησίς
1402 1711 1461 1746 τε
1503 1694 1597 1746 καὶ
1630 1694 1879 1765 γέννησις

1981 1701 2383 1756 demonstrata:
2421 1713 2532 1752 non
2562 1696 2707 1751 enim
2737 1697 2997 1767 quoniam
3040 1694 3223 1748 omnis
3257 1691 3471 1747 eﬂ‘ectio
3505 1700 3562 1745 ct

299 1780 382 1843 εἷς
400 1743 453 1832 τί
478 1743 772 1853 καταλήγει
809 1743 1241 1855 attigissem},
1256 1743 1654 1847 5.4.5.1.;
1671 1743 1880 1848 ὲέέὲᾁτᾷξ

1983 1743 2383 1756 ...........-........
2423 1743 2532 1752 υ-.-
2565 1743 2707 1751 η..--
2739 1743 2997 1767 ,-----_-_-
3047 1743 3220 1748 cm---
3263 1743 3409 1747 ---η
3447 1743 3462 1746 ,
3515 1743 3557 1745 _,

1983 1793 2259 1865 generatio
2307 1793 2359 1846 in
2398 1791 2633 1861 aliquem
2664 1788 2923 1843 desinunt
2963 1786 3281 1845 terminum.
3335 1783 3561 1838 omnino

300 1870 728 1934 κατασκευάζει,
746 1872 984 1935 καὶτοὺς
1012 1873 1486 1944 παραδεξαμένους
1510 1873 1602 1927 τοῦ
1634 1873 1762 1927 Υίοῦ
1785 1875 1881 1944 τὴν

1983 1901 2206 1942 necesse
2223 1892 2329 1946 est,
2353 1883 2494 1937 sicut
2521 1881 2612 1936 ille
2631 1880 2928 1950 prmstruit,
2954 1885 3008 1931 et
3032 1892 3125 1931 eos
3150 1875 3239 1945 qui
3267 1873 3389 1928 Filii
3409 1890 3562 1945 gene-

300 1961 579 2031 γέννησιν,
608 1961 814 2025 διπλοῖς
842 1962 1011 2034 αὐτὴν
1048 1963 1248 2034 πέρασι
1296 1964 1677 2035 περιγράφειν,
1709 1964 1882 2034 ἀρχὴν

1983 1975 2249 2029 rationem
2284 1972 2678 2042 approbaruut,
2711 1968 2927 2023 duobus
2964 1968 3137 2037 ipsam
3174 1964 3424 2018 terminis
3454 1964 3563 2016 cir-

305 2054 403 2106 xa‘t
432 2054 584 2117 τέλος
600 2055 687 2107 ἐπ’
711 2056 881 2126 αὐτῆς
901 2054 1231 2121 ἐννοοῦντας.
1255 2056 1407 2110 Μόνα
1430 2056 1538 2128 γάρ
1564 2057 1631 2110 τὰ
1660 2055 1884 2126 πηλικό-

1983 2066 2373 2131 cumscribere,
2414 2063 2745 2133 principium
2777 2071 2831 2116 et
2866 2060 3025 2115 ﬁnem
3054 2065 3236 2113 mente
3252 2058 3562 2127 concipien-

303 2161 429 2215 τητι
458 2146 820 2217 γεγραμμένα
842 2147 969 2212 τινὶ,
1003 2148 1097 2200 καὶ
1121 2148 1343 2220 ἄρχεται
1372 2148 1647 2219 γινόμενα,
1681 2149 1773 2201 καὶ
1806 2149 1884 2210 είς

1984 2163 2087 2210 tes.
2128 2156 2203 2210 Ea
2252 2154 2398 2210 enim
2449 2154 2564 2208 sola
2598 2167 2720 2222 quze
2748 2152 3053 2222 quantitate
3095 2150 3277 2218 aliqua
3326 2150 3563 2203 circum-

305 2236 482 2308 πέρας
509 2236 683 2307 λήγει.
710 2238 819 2291 Καὶ
855 2239 915 2292 τὸ
944 2240 1007 2292 ὲκ
1038 2237 1132 2292 τοῦ
1160 2240 1351 2310 χρόνου
1395 2236 1589 2310 μέτρον
1620 2238 1696 2309 τῷ
1734 2238 1884 2308 ποσῷ

1984 2248 2325 2311 scribuntur,
2358 2254 2412 2301 et
2444 2245 2716 2314 incipiunt
2740 2242 2888 2307 ﬁeri,
2918 2251 2972 2298 et
3007 2242 3061 2295 in
3092 2241 3388 2297 terminum
3418 2238 3566 2294 desi-

304 2326 401 2381 τοῦ
428 2327 767 2398 γεννωμένου
792 2330 1269 2400 παρατεινόμενον,
1299 2329 1396 2402 τὴν
1420 2330 1594 2402 ἀρχὴν
1621 2330 1770 2401 παρὰ
1789 2328 1882 2382 τοῦ

1984 2347 2141 2392 nunt.
2169 2337 2233 2392 Et
2256 2353 2376 2408 qua:
2398 2347 2639 2407 tempore
2662 2344 2879 2390 constat
2900 2348 3176 2399 mensura.
3203 2331 3333 2387 dum
3359 2340 3565 2402 quanto

304 2417 494 2481 τέλους
520 2419 751 2488 διῖστησι
783 2419 861 2490 τῷ
896 2420 1096 2491 μεταξὺ
1120 2421 1468 2493 διαστήματι.
1497 2421 1570 2474 Τὸ
1596 2421 1657 2474 δὲ
1685 2420 1885 2474 ἄποσον

1984 2430 2105 2499 ejus
2159 2428 2305 2499 quod
2378 2435 2692 2498 generatur,
2751 2425 3087 2488 extenditur,
3146 2424 3478 2495 principium
3535 2440 3563 2476 a

306 2510 405 2563 καὶ
427 2511 764 2575 ἀδιάστατον,
783 2511 900 2575 πῶς
914 2513 979 2567 ἄν
997 2530 1077 2578 τις
1094 2514 1126 2585 ἢ
1144 2512 1505 2585 μετρήσειενῆ
1526 2513 1882 2582 διαστήσειενς

1987 2520 2093 2575 ﬁne
2136 2519 2460 2575 intermedio
2506 2518 2797 2573 intervallo
2836 2516 3142 2587 distinguit.
3184 2516 3341 2583 Quod
3379 2525 3563 2570 autem

308 2603 471 2656 Ποῖον
502 2603 593 2655 ἐπὶ
618 2602 712 2656 τοῦ
743 2604 948 2658 ἀπόσου
986 2605 1183 2678 μέτρον
1210 2604 1454 2676 εύρὼν,ἢ
1482 2608 1628 2657 ποῖον
1663 2604 1754 2656 ἐπὶ
1790 2602 1883 2656 τοῦ

1987 2611 2308 2681 quantitatis
2355 2618 2440 2667 est
2490 2623 2712 2680 expers,
2753 2618 2810 2664 et
2841 2609 3183 2664 dimensione
3226 2615 3398 2669 caret,
3430 2622 3568 2676 quo-

307 2692 627 2746 ἀδιαστάτου
640 2693 940 2766 διάστημα;
959 2695 1084 2758 Πῶς
1104 2696 1162 2749 δέ
1182 2713 1265 2760 τις
1283 2696 1341 2749 τὸ
1361 2696 1611 2765 ἀόριστον
1634 2694 1772 2747 τέλει
1794 2695 1886 2746 καὶ

1987 2704 2147 2758 modo
2190 2702 2313 2773 quis
2361 2701 2444 2758 vel
2477 2701 2730 2756 metietur
2766 2700 2853 2756 vel
2879 2699 3217 2770 distinguet?
3259 2699 3563 2765 Quamnam

307 2785 450 2855 ἀρχῇ
480 2785 833 2856 διαλήψεται;
878 2787 1042 2858 Ἀρχὴ
1076 2786 1184 2856 γὰρ
1218 2788 1311 2841 καὶ
1337 2788 1506 2851 τέλος,
1532 2787 1639 2839 τῶν
1666 2786 1885 2855 διαστηο

1986 2796 2040 2848 in
2076 2810 2183 2849 non
2215 2802 2424 2865 quanto
2461 2807 2796 2857 mensuram,
2834 2792 2916 2847 vel
2947 2792 3221 2863 quodnam
3249 2792 3304 2845 in
3332 2806 3397 2846 co
3422 2790 3566 2861 quod

308 2876 560 2945 ματικῶν
588 2877 838 2947 περάτων
854 2877 950 2949 (α).
963 2880 1303 2941 Διαστάσεως
1317 2878 1373 2931 δὲ
1388 2874 1463 2949 μὴ
1477 2876 1535 2930 οῦ
1544 2888 1666 2948 σης,
1684 2875 1803 2930 οὐδὲ
1827 2876 1887 2929 τὸ

1987 2884 2188 2937 nullam
2221 2882 2383 2938 habet
2421 2881 2839 2944 dimensionem,
2877 2881 3226 2936 intervallum
3257 2878 3568 2937 invenerit!

309 2966 485 3036 πέρας
541 2967 717 3019 ἐστίν’
746 2968 883 3021 ἀλλά
944 2966 1047 3038 μὴν
1077 2967 1393 3032 ἀδιάστατος
1437 2970 1470 3039 ή
1518 2968 1635 3021 θεία
1690 2968 1885 3037 φύσις·

1988 2970 2269 3038 Quomodo
2296 2972 2441 3042 quod
2475 2970 2745 3026 inﬁnitum
2782 2977 2887 3033 est,
2925 2971 3033 3024 ﬁne
3065 2978 3118 3025 et
3149 2970 3425 3041 principio
3456 2971 3568 3024 dis-

307 3057 631 3121 ἀδιάστατος
650 3058 707 3111 δὲ
737 3054 891 3123 οῦσα,
918 3058 1088 3129 πέρας
1119 3060 1219 3111 οὐκ
1245 3058 1376 3130 ἔχει.
1410 3060 1483 3112 To
1512 3060 1568 3113 δὲ
1597 3060 1883 3131 ἀπεράτω-

1990 3062 2213 3131 pescet?
2256 3060 2389 3117 Nam
2436 3062 2767 3134 principium
2797 3069 2850 3115 et
2898 3062 3042 3127 ﬁnis,
3094 3070 3223 3117 sunt
3269 3060 3337 3116 de
3367 3076 3569 3129 genere

305 3168 424 3213 τον,
456 3151 683 3220 ἀπειρόν
731 3151 848 3204 ἐστί
892 3168 952 3204 τε
1002 3152 1096 3204 καὶ
1146 3151 1380 3221 λέγεται.
1404 3151 1648 3207 Μάταιον
1686 3153 1796 3224 ἄρα
1830 3152 1890 3205 τὸ

1993 3154 2348 3208 terminorum
2378 3169 2500 3224 quae
2531 3152 2834 3209 intervallis
2864 3152 3299 3225 distinguuntur.
3338 3152 3443 3210 Ubi
3469 3170 3570 3209 au-

309 3243 536 3313 ἇπειρον
565 3244 704 3314 ἀρχῇ
733 3242 826 3296 καὶ
851 3242 1072 3315 τελευτῇ
1100 3245 1463 3316 περιγράφειν
1486 3260 1499 3273 ⁸
1522 3245 1583 3297 τὸ
1611 3245 1719 3317 γάρ
1741 3262 1894 3317 περι-

1992 3254 2102 3300 tem
2132 3238 2278 3299 nulla
2303 3253 2387 3301 est
2419 3246 2708 3311 dimensio,
2742 3260 2920 3315 neque
2952 3246 3218 3302 terminus
3264 3257 3389 3308 est:
3416 3250 3571 3320 atqui

309 3334 693 3404 γεγραμμένον
732 3333 957 3406 ἄπειρον
994 3330 1137 3388 εἶναι
1174 3336 1235 3389 οὐ
1276 3333 1517 3389 δύναται.
1542 3335 1710 3389 Πόθεν
1738 3331 1832 3389 οὖν
1865 3338 1893 3389 ὁ

1991 3324 2173 3392 divina
2208 3346 2401 3392 natura
2432 3347 2580 3392 caret
2609 3337 2970 3393 dimensione.
3002 3337 3138 3392 Cum
3167 3346 3351 3392 autem
3383 3338 3457 3394 sit
3487 3340 3573 3393 in-

308 3425 654 3489 Πλατωνικὸς
683 3418 838 3490 οὗτος
864 3427 1109 3496 Φαῖδρος,
1137 3427 1207 3479 τὰ
1233 3428 1361 3498 περὶ
1403 3427 1578 3498 ψυχῆς
1597 3429 1713 3481 ἐκεῖ
1744 3427 1894 3497 φιλοο

1993 3428 2284 3483 terminata
2312 3434 2369 3484 et
2396 3427 2755 3483 dimensionis
2791 3443 3009 3497 expers,
3051 3427 3211 3483 ﬁnem
3241 3442 3355 3483 non
3382 3429 3569 3484 habet.

311 3515 615 3587 σοφηθέντα
634 3515 710 3587 τῷ
738 3517 984 3570 Πλάτωνι
1011 3520 1121 3580 τοῖς
1171 3518 1319 3581 ίδίοις
1348 3517 1608 3587 δόγμασιν
1651 3520 1889 3589 ἀσυναρ-

1994 3518 2150 3587 Quod
2182 3521 2325 3575 enim
2359 3520 2766 3575 interminatum
2792 3527 2896 3581 est.
2928 3518 3201 3575 inﬁnitum
3235 3528 3321 3575 est
3350 3531 3407 3575 et
3435 3520 3574 3576 dici-

306 3610 487 3678 τήτως
517 3609 815 3678 ὲκράπτει;
859 3609 944 3672 Ὠς
976 3608 1083 3679 γάρ
1115 3610 1318 3671 ἐκεῖνος
1361 3609 1477 3661 ἐκεῖ
1523 3608 1739 3662 παῦσαν
1770 3607 1890 3662 εἷπε

1994 3622 2102 3666 tur.
2134 3609 2346 3666 Vanum
2381 3618 2464 3669 est
2492 3611 2657 3683 igitur
2686 3610 2957 3681 principio
2983 3620 3037 3665 et
3065 3611 3171 3666 line
3204 3609 3353 3681 quod
3386 3610 3573 3666 inﬁni-

308 3702 598 3771 κινήσεως,
633 3699 774 3753 οὕτω
823 3698 1036 3753 παῦσαν
1076 3700 1169 3752 καὶ
1198 3691 1351 3762 οὗτος
1384 3700 1684 3769 γεννήσεως
1720 3701 1890 3753 εἰπεῖν

1995 3712 2109 3757 tum
2157 3711 2242 3756 est
2278 3703 2754 3758 circumscribere.
2802 3700 2958 3769 Quod
3011 3703 3158 3758 enim
3215 3705 3571 3761 circumscri-

307 3792 680 3862 ἐπεθύμησεν,
711 3792 785 3855 ὠς
808 3791 871 3845 ἂν
906 3791 1029 3854 τοὺς
1072 3790 1331 3860 ἀπείρους
1360 3788 1563 3842 τούτων
1587 3793 1705 3853 ταῖς
1745 3792 1890 3843 Πλα-

1993 3803 2146 3864 pttun
2190 3800 2293 3857 est,
2348 3793 2620 3847 inﬁnitum
2659 3808 2780 3849 esse
2812 3809 2920 3848 non
2963 3800 3163 3863 potest.
3212 3792 3367 3849 Unde
3401 3795 3570 3864 igitur

308 3888 569 3949 τωνικαῖς
597 3885 984 3953 καλλιφωνίαις
1025 3883 1498 3955 περιὸομὸήσειεν.
1534 3885 1641 3936 Καὶ
1683 3882 1891 3945 τούτοις

1992 3881 2083 3935 hic
2109 3879 2370 3935 Phaedrus
2404 3879 2743 3944 Platonicus,
2775 3897 2897 3952 qua:
2925 3882 2992 3937 de
3023 3883 3206 3936 animo
3248 3883 3362 3938 illic
3392 3884 3571 3954 philo-

310 3980 561 4032 ἀπιστεῖν
602 3979 702 4031 οὐκ
740 3975 856 4029 ἔστι
881 4016 895 4039 ,
932 3976 1114 4044 φησὶν,
1150 3973 1213 4027 ἐκ
1245 3991 1305 4026 τε
1329 3973 1427 4041 τῆς
1458 3973 1671 4041 φύσεως
1699 3973 1887 4043 αὐτῆς,

1992 3973 2218 4043 sophice
2249 3980 2480 4026 tractata
2510 3982 2638 4028 sunt
2660 3988 2689 4026 a
2711 3972 2959 4040 Platone,
2992 3973 3109 4029 suis
3134 3972 3369 4030 decretis
3391 3974 3574 4045 inepte

307 4072 393 4124 ἔτι
424 4071 481 4124 δὲ
506 4071 600 4123 καὶ
626 4068 734 4122 τῶν
767 4067 925 4121 θείων
949 4066 1247 4137 ὀνομάτων.
1285 4064 1423 4117 Ἀλλ’
1449 4066 1481 4136 ή
1508 4064 1606 4135 μὲν
1633 4065 1794 4134 φύσις
1828 4066 1891 4119 ὲκ

1990 4075 2044 4120 et
2076 4064 2498 4132 incongruenter
2528 4064 2747 4118 assuit?
2781 4074 2838 4119 ut
2868 4065 3012 4119 enim
3044 4065 3136 4119 ille
3158 4066 3416 4122 motionis
3447 4081 3574 4137 pau-

308 4163 421 4217 τῶν
465 4162 769 4235 εἰρημένων
799 4161 899 4213 οὐκ
950 4159 1257 4223 ἀξιόπιστος
1287 4160 1365 4220 είς
1403 4155 1749 4209 διδασκαλίαν
1792 4155 1892 4225 τῆς

1993 4168 2133 4215 sam,
2172 4150 2352 4217 idest,
2380 4152 2617 4222 quietem
2649 4153 2759 4206 illic
2787 4152 2946 4216 dixit,
2976 4153 3056 4207 sic
3084 4153 3247 4206 etiam
3279 4152 3382 4207 iste
3406 4168 3573 4223 gene-

312 4255 467 4316 θείας
498 4253 803 4324 γεννήσεως
853 4253 983 4323 ἡμῖν
1026 4249 1392 4319 ἀναπέφηνεν.
1444 4247 1577 4302 Οὐδὲ
1618 4248 1665 4299 εἰ
1690 4246 1781 4299 τὸν
1806 4245 1893 4299 κό-

1992 4245 2227 4301 rationis
2277 4245 2518 4314 requiem
2556 4245 2670 4300 sive
2724 4245 2882 4299 ﬁnem
2919 4244 3101 4300 dicere
3145 4246 3481 4315 concupivit,
3516 4256 3576 4302 ut

316 4361 453 4415 σμον
484 4359 568 4405 τις
599 4341 762 4394 αὑτὸν
791 4343 871 4403 είς
907 4338 1207 4407 ὑπόδειγμα
1247 4338 1400 4410 φέρει
1425 4337 1518 4390 τοῦ
1545 4336 1732 4404 λόγου·
1772 4336 1893 4388 ἐπεὶ

1994 4339 2189 4393 horum
2230 4336 2397 4391 rudes
2428 4344 2482 4391 et
2525 4336 2745 4407 ignaros
2770 4334 2859 4390 bis
2902 4335 3242 4405 elegantibus
3277 4334 3574 4391 Platonicis

312 4435 407 4489 καὶ
432 4436 496 4505 τῇ
526 4432 716 4486 τούτου
747 4432 921 4484 κτίσει
946 4428 1126 4493 καθὼς
1159 4430 1216 4482 ὲν
1245 4432 1311 4499 τῇ
1339 4428 1713 4500 Κοσμογενείᾳ
1743 4428 1894 4499 παρὰ

2001 4430 2228 4485 vocibus
2257 4428 2605 4486 bombilaret.
2637 4430 2814 4499 Atque
2858 4428 2945 4484 his
2978 4427 3136 4483 ﬁdem
3164 4428 3427 4501 derogare
3464 4444 3576 4487 non

309 4526 407 4579 τοῦ
449 4525 694 4588 Μωσέως
732 4522 1029 4595 ἐμάθομεν.
1059 4520 1354 4592 συνδιεξῄει
1383 4521 1443 4573 τὸ
1475 4522 1540 4573 ὲκ
1572 4519 1664 4573 τοῦ
1702 4520 1893 4590 χρόνου

1993 4523 2142 4586 licet,
2188 4522 2390 4594 inquit,
2422 4537 2545 4575 cum
2575 4536 2639 4577 ex
2682 4521 2799 4591 ipsa
2846 4529 3062 4584 natura,
3118 4528 3234 4575 tum
3281 4538 3344 4577 ex
3375 4521 3577 4578 divinis

316 4619 534 4691 μέτρον,
589 4619 778 4688 ῥηταῖς
811 4617 1044 4687 ἡμέραις
1088 4630 1147 4666 τε
1201 4615 1294 4668 καὶ
1337 4612 1485 4678 νυξὶν
1525 4612 1740 4683 ἑκάστῳ
1789 4612 1895 4664 τῶν

1994 4616 2222 4686 legibus.
2258 4614 2367 4671 Sed
2397 4623 2613 4677 natura,
2664 4630 2727 4667 ex
2766 4613 2849 4668 his
2880 4629 3001 4684 qua:
3049 4612 3198 4669 dicta
3230 4622 3382 4680 sunt,
3418 4614 3575 4671 testis

312 4712 614 4782 γινομένων
660 4709 800 4763 κατά
824 4725 945 4761 τινα
983 4707 1135 4771 τάξιν
1165 4706 1258 4758 καὶ
1296 4703 1616 4757 ἀκολουθίαν
1644 4720 1897 4774 παραμε-

1996 4719 2104 4758 non
2131 4704 2235 4759 ﬁde
2260 4704 2426 4775 digna
2456 4703 2521 4758 ad
2559 4704 2756 4759 divinae
2788 4713 2996 4759 natura:
3020 4704 3326 4759 doctrinam
3348 4719 3385 4759 a
3416 4704 3575 4760 nobis

311 4805 631 4877 τρούμενον.
665 4805 841 4872 Ὅπερ
862 4802 962 4854 ἐπὶ
997 4801 1094 4870 τῆς
1139 4798 1229 4851 τοῦ
1275 4795 1611 4864 Μονογενοῦς
1665 4796 1900 4851 ὑποστά-

1996 4794 2373 4850 demonstrata
2424 4802 2531 4850 est.
2562 4794 2753 4864 Neque
2800 4794 2846 4848 si
2899 4793 3023 4863 quis
3076 4793 3340 4848 mundum
3394 4794 3575 4863 ipsum

315 4913 458 4957 σεως
510 4895 629 4947 οὐδὲ
686 4892 847 4954 αὐτὸς
889 4894 917 4944 ὁ
961 4889 1068 4942 τῶν
1121 4887 1378 4940 ἐναντίων
1428 4885 1640 4955 δέχεται
1692 4885 1847 4954 λόγος
1877 4904 1891 4917 -

322 4991 336 5001 ι
420 4987 437 5001 ε
527 4986 552 4997 -
715 4984 729 5001 \
854 4982 901 5001 -I
1070 4978 1293 5001 _.r-___!_,-.
1338 4975 1467 5001 -Y-....
1521 4976 1612 5001 ,λη
1669 4976 1869 5001 ν.ἰ-.-.

2025 4885 2190 4940 ιίῐετει
2239 4885 2297 4940 in
2344 4886 2650 4955 exemplum
2685 4886 2879 4940 horum
2928 4885 2996 4940 de
3024 4886 3223 4955 quibus
3254 4892 3338 4941 est
3372 4898 3618 5001 sermo.(

2025 4980 2254 5001 .--Α-2-...
2296 4994 2411 5001 ---μ
2446 4978 2609 5001 ι---ε---
2646 4979 2914 5001 ----ιῑ....-
2976 4977 3112 5001 ,ΖΑ-,ι
3146 4976 3191 5001 ἓ...
3236 4976 3374 5001 In.--
3402 4975 3547 5001 ΡΑ--

313 4986 593 5056 ὁμολογῶν
636 4984 741 5055 πρὸ
806 4982 1011 5054 χρόνων
1065 4978 1293 5033 αίωνίων
1336 4975 1473 5031 εἶναι
1520 4976 1612 5029 τὸν
1667 4976 1891 5048 Κύριον.

2000 4980 2261 5049 quoniam
2292 4994 2414 5033 cum
2446 4978 2611 5049 hujus
2639 4979 2938 5044 creatione,
2974 4977 3118 5033 sicut
3146 4976 3200 5031 in
3236 4976 3376 5031 libro
3402 4975 3577 5032 Gene—

315 5100 444 5141 seos
484 5100 515 5139 a
561 5081 709 5137 Μοεε
745 5079 1058 5142 didicimus,
1103 5075 1366 5145 temporis
1418 5087 1677 5127 mensura
1705 5072 1866 5128 simul
1890 5075 2133 5129 excurrit
2167 5075 2333 5132 dictis
2360 5075 2554 5131 diebus
2585 5082 2640 5131 et
2673 5073 2929 5129 noctibus
2986 5072 3189 5142 cuique
3227 5073 3574 5128 nascentium

317 5178 629 5241 attributis,
691 5174 927 5246 quodam
980 5171 1174 5226 ordine
1221 5176 1277 5224 et
1321 5165 1713 5236 consequentia
1770 5166 2087 5223 distributa.
2136 5167 2297 5235 Quod
2341 5168 2397 5222 in
2428 5167 2706 5239 llnigeniti
2768 5165 3151 5228 subsistentia,
3206 5180 3389 5234 neque
3458 5165 3577 5235 ipse

319 5267 769 5325 adversariorum
812 5263 1047 5318 admittit
1082 5275 1303 5316 sermo:
1340 5257 1607 5313 conﬁtens
1640 5265 1766 5311 ante
1799 5264 2044 5328 tempora
2074 5259 2362 5317 saecularia
2393 5258 2681 5312 Dominum
2715 5272 2854 5312 esse.

402 5404 725 5458 Ὑπόλοιπον
761 5400 804 5452 δ’
827 5399 891 5452 ἂν
908 5400 997 5467 εἴη
1020 5396 1120 5467 τὴν
1153 5399 1217 5448 ὲκ
1245 5394 1356 5447 τῶν
1384 5393 1542 5447 θείων
1572 5391 1750 5462 νόμων
1780 5407 1900 5443 συν⁸

2076 5397 2270 5453 Restat
2318 5402 2377 5448 ut
2422 5391 2785 5463 patrocinium
2818 5389 2963 5459 quod
3002 5404 3068 5443 ex
3115 5388 3316 5445 divinis
3366 5389 3576 5460 legibus

318 5498 551 5569 ηγορίαν
596 5492 694 5548 τοῦ
731 5490 1096 5562 προκειμένου
1128 5488 1479 5555 κατανοῆσαι,
1510 5484 1575 5537 δι’
1613 5481 1681 5556 ἧς
1728 5485 1900 5551 ἐπαγ-

2005 5487 2073 5543 ad
2121 5486 2498 5558 probationem
2530 5488 2609 5539 rei
2658 5480 2952 5553 proposita:
2999 5477 3273 5535 adducere
3320 5492 3574 5549 conatur,

320 5568 573 5661 γέλλεται
593 5586 688 5640 καὶ
706 5584 856 5647 τέλος
878 5582 969 5635 καὶ
986 5581 1159 5652 ἀρχὴν
1180 5581 1278 5649 τῆς
1302 5578 1396 5632 τοῦ
1420 5578 1550 5631 Υίοῦ
1572 5577 1895 5645 γεννήσεως.

2002 5580 2417 5650 dignoscamus,
2447 5591 2557 5646 quo
2587 5574 2872 5645 pollicetur
2891 5578 2947 5626 et
2977 5568 3136 5624 ﬁnem
3168 5579 3221 5627 et
3246 5572 3574 5643 principium

332 5683 581 5754 Ἠμέραν
600 5679 681 5744 τῷ
708 5679 865 5732 τέλει
892 5676 998 5743 τῆς
1024 5674 1407 5743 δημιουργίας
1440 5671 1773 5734 ἐναπέθετο,
1799 5671 1898 5724 καὶ

2004 5671 2128 5727 Filii
2157 5668 2525 5741 generationis
2549 5666 2939 5722 demonstrare.
2974 5660 3141 5727 Diem,
3173 5660 3369 5734 inquit,
3404 5667 3573 5736 ορσῂ

394 5773 478 5845 (α)
524 5772 705 5827 Ἐστὶν
738 5774 1000 5845 ὀνόματα.
1050 5773 1142 5832 Sic
1172 5774 1447 5833 delectum
1481 5773 1695 5844 supplet
1751 5770 1925 5830 codex
1954 5770 2180 5832 Boicus.

2543 5872 2675 5883 ..ι’-κς.-
