4034 6498
525 338 631 397 815

1821 346 1878 403 S.
1917 344 2249 402 GREGORII
2288 342 2583 401 NYSSENI
3643 350 3727 407 6M

525 461 608 516 sui
635 458 1074 513 consuntmationi
1115 456 1374 527 deposuit,
1423 469 1477 512 ut
1518 470 1651 514 esset
1682 462 1931 530 principii
1963 464 2076 533 ﬁde:

2198 462 2306 532 τῆς
2334 463 2527 533 ἀρχῆς
2571 460 2686 529 τὴν
2712 462 2937 514 πίστιν.
2977 462 3058 514 οὐ
3090 459 3200 530 γὰρ
3239 457 3353 526 τὴν
3391 459 3609 527 πρώτην
3640 463 3728 533 τῆς

524 560 572 604 et
591 547 980 604 documentum.
1002 545 1126 600 Non
1152 548 1289 601 enim
1307 549 1536 615 primunt
1554 553 1911 624 generationis
1934 553 2093 618 diem,

524 639 615 694 sed
644 640 941 707 septimum,
987 639 1043 691 in
1071 653 1172 707 quo
1211 637 1277 691 ab
1308 639 1548 707 operibus
1576 642 1790 709 quievit,
1822 646 1876 698 in
1903 662 2083 700 memo-

522 731 659 785 riam
693 733 876 785 mundi
904 732 1181 787 creationis
1209 732 1371 788 dedit.
1413 733 1495 788 An
1522 735 1719 806 aliquis
1744 737 2099 807 persuadebi-

520 832 610 878 tur
628 824 697 879 ab
720 823 812 879 illo
838 824 951 879 haec
975 826 1176 896 scripta
1198 841 1340 893 esse,
1362 833 1416 879 et
1440 840 1548 881 non
1572 843 1600 881 a
1624 828 1781 883 nobis
1809 827 1862 881 in
1885 828 2096 882 calum-

520 917 667 970 niam
698 916 886 986 scripti
918 917 1240 987 interposita
1270 932 1392 973 esse
1420 918 1507 971 illa
1540 919 1703 983 dicta,
1735 925 1794 972 ut
1821 917 2097 973 videretur

520 1008 783 1063 ridiculus
812 1008 1106 1063 lectoribus
1125 1048 1139 1070 ,
1182 1009 1310 1064 dum
1350 1025 1471 1079 qua:
1499 1011 1702 1064 nullam
1733 1010 1935 1065 habent
1956 1024 2096 1064 com-

519 1097 855 1159 munionem,
894 1112 1017 1151 cum
1051 1099 1135 1152 bis
1170 1113 1289 1165 quae
1323 1099 1376 1152 in
1418 1099 1772 1168 quaestionem
1802 1108 2091 1163 vocantur,

518 1186 586 1241 ad
618 1188 1136 1242 demonstrationem
1188 1188 1485 1257 pertrahit?
1510 1188 1721 1243 Etenim
1754 1190 1899 1259 quod
1945 1206 2093 1261 quaa-

517 1274 742 1329 rebatur
772 1275 876 1330 hoc
898 1286 1033 1342 erat,
1065 1284 1123 1329 ut
1148 1292 1339 1347 nempe
1370 1274 1773 1334 demonstraret
1803 1280 1944 1335 sicut
1978 1282 2094 1351 ipse

518 1368 800 1437 professus
842 1369 1035 1433 fuerat,
1065 1367 1260 1421 Filium
1312 1383 1433 1422 cum
1481 1384 1586 1423 non
1630 1378 1796 1434 esset,
1852 1372 2091 1441 genitum

514 1474 654 1525 esse.
679 1462 774 1516 scd
798 1462 1162 1532 generationis
1182 1462 1510 1533 principium
1525 1461 1821 1531 accepisse,
1840 1470 1893 1517 et
1914 1476 2087 1518 cessa-

515 1552 682 1607 tionis
715 1566 838 1606 cum
878 1553 1096 1622 genitus
1127 1561 1233 1617 est,
1288 1552 1451 1608 veluti
1503 1553 1735 1621 quodam
1787 1563 1941 1621 partu
1996 1552 2087 1622 qui

514 1645 915 1711 generationem
970 1653 1209 1713 tempore
1243 1643 1544 1714 protrahat.
1579 1643 1657 1697 Ad
1704 1643 1756 1698 id
1789 1658 1915 1697 vero
1965 1658 2090 1712 pro-

514 1734 750 1788 bandum
785 1735 909 1791 talis
946 1744 1030 1791 est
1078 1736 1196 1804 ejus
1247 1736 1618 1805 pra‘structio:
1641 1733 1905 1804 Populum
1940 1733 2090 1787 vide—

2200 554 2540 623 γεννήσεως
2562 550 2809 620 ἡμέραν,
2837 549 2996 603 ἀλλὰ
3022 548 3138 615 τὴν
3174 548 3428 617 ἑϐδόμην
3448 551 3511 603 ἐν
3533 545 3567 621 ᾗ
3590 556 3729 609 κατέ.

2199 659 2439 697 παυσεν
2476 642 2595 697 ἀπὸ
2644 639 2764 694 τῶν
2801 639 3021 709 ἔργων,
3049 638 3234 693 ἔδωκε
3274 641 3387 707 τὴν
3432 642 3729 711 ὑπόμνησιν

2198 732 2308 802 τῆς
2337 733 2741 804 δημιουργίας.
2781 733 2921 803 Ἀρα
2953 732 3034 796 τίς
3086 732 3437 802 πεισθήσεται
3470 736 3585 805 παρ’
3611 738 3730 791 ὲκεί-

2198 844 2290 880 νου
2328 824 2501 879 ταῦτα
2545 824 2874 896 γεγράφθαι,
2904 824 2999 877 καὶ
3038 824 3159 893 οὐχὶ
3194 824 3322 894 παρ’
3350 824 3500 893 ήμῶν
3531 826 3612 879 ἐπὶ
3635 828 3731 882 δια-

2199 914 2327 985 ϐολῇ
2357 914 2449 968 τοῦ
2476 913 2902 985 συγγράμματος
2931 911 3380 983 παρεντεθεῖσθαι
3398 912 3462 965 τὰ
3482 915 3730 985 εἰρημένα,

2195 1007 2270 1070 ὡς
2296 1006 2363 1060 ἂν
2402 1007 2802 1074 καταγέλαστος
2836 1004 3015 1074 δοκοίη
3052 1005 3164 1067 τοῖς
3203 1002 3635 1074 ἐντυγχάνουσιν,
3676 1008 3732 1061 τὰ

2199 1098 2366 1169 μηδὲν
2414 1097 2773 1151 κοινωνοῦντα
2816 1099 2927 1159 τοῖς
2971 1095 3320 1167 ζητουμένοις
3360 1096 3439 1157 είς
3494 1096 3733 1161 ἀπόδειξιν

2194 1188 2303 1242 τῶν
2347 1188 2718 1259 προκειμένων
2753 1186 3259 1257 ὲπισυρόμενος;Τὸ
3306 1186 3413 1256 γὰρ
3444 1184 3733 1256 ζητούμενον

2192 1277 2279 1352 ἦν,
2319 1280 2486 1345 δεῖξαι
2517 1278 2696 1342 καθὼς
2727 1277 3088 1348 ἐπηγγείλατο
3126 1287 3199 1348 μη
3233 1277 3361 1330 ὄντα
3394 1281 3480 1329 τὸν
3509 1277 3624 1331 Υίὸν
3662 1296 3734 1346 γε·

2193 1369 2451 1440 γενῆσθαι
2470 1384 2484 1400 ·
2515 1368 2629 1421 ἀλλ’
2662 1367 2837 1439 ἀρχήν
2868 1384 2928 1419 τε
2974 1365 3157 1420 λαόεἶν
3198 1368 3500 1433 γεννήσεως
3542 1367 3625 1419 καὶ
3656 1366 3734 1437 λή-

2194 1463 2327 1529 ξεως
2348 1503 2361 1526 ,
2392 1459 2729 1529 γεννώμενον
2749 1498 2763 1523 ,
2798 1452 2909 1511 οἷόν
2959 1474 3104 1521 τινος
3156 1457 3343 1520 ὠδῖνος
3386 1457 3557 1528 χρόνῳ
3587 1476 3733 1529 παρα·

2193 1552 2469 1622 τεινούσης
2497 1552 2594 1622 τὴν
2620 1550 2889 1620 γέννησιν.
2927 1546 2990 1601 Ἦ
3028 1548 3083 1602 δὲ
3117 1550 3196 1613 είς
3247 1547 3403 1601 τοῦτο
3456 1549 3732 1619 κατασκευὴ

2191 1643 2272 1705 τίς
2296 1660 2311 1706 ;
2345 1642 2418 1694 Τὸ
2442 1638 2783 1704 σαϐϐατίζειν
2808 1641 2872 1692 ὲκ
2901 1638 3064 1709 νόμου
3089 1639 3227 1692 κατὰ
3252 1638 3350 1711 τὴν
3378 1638 3600 1709 ἑϐδόμην
3620 1639 3733 1710 ἠμέ-

2194 1752 2291 1806 ραν
2318 1734 2407 1787 τὸν
2449 1734 2712 1804 Ἐϐραίων
2731 1732 2880 1787 λαόν.
2909 1727 2979 1784 Ὦ
3012 1732 3157 1801 πόσην
3178 1731 3468 1800 συμφωνία
3495 1731 3587 1801 τῆς
3619 1748 3733 1800 μαρ-

512 1822 638 1880 licet
664 1826 971 1888 Hebraeum,
1005 1840 1069 1879 ex
1100 1826 1217 1895 lege
1245 1826 1476 1894 septimo
1514 1840 1731 1894 quoque
1769 1826 1855 1878 die
1888 1825 2076 1879 sabba-

2190 1826 2378 1897 τυρίας
2427 1825 2562 1895 πρὸς
2609 1824 2672 1877 τὸ
2720 1825 3107 1895 προκείμενονί
3157 1822 3372 1893 Ἐπειδὴ
3420 1824 3632 1892 τιμᾶται
3678 1823 3731 1891 τῇ

511 1918 700 1969 tizare.
736 1914 780 1969 Ο
808 1925 1010 1985 quanta
1052 1923 1135 1969 est
1161 1917 1227 1968 ad
1272 1917 1323 1970 id
1363 1918 1505 1985 quod
1561 1916 1901 1985 probandum
1955 1930 2083 1983 pro-

511 2008 755 2077 ponitur,
813 2006 1115 2061 testimonii
1179 2007 1574 2062 consonantia!
1645 2006 2082 2078 quandoquidem

509 2099 690 2169 quiete
711 2105 762 2152 et
788 2103 899 2152 otio
920 2098 1214 2153 Sabbatum
1246 2115 1275 2154 a
1295 2097 1482 2153 Judazo
1505 2098 1828 2162 celebratur,
1861 2098 2084 2152 demon-

510 2197 742 2245 stratum
801 2196 908 2252 est,
967 2198 1025 2243 ut
1082 2190 1183 2246 iste
1237 2198 1503 2255 autumat,
1551 2188 1837 2243 Dominum
1897 2197 2084 2259 partus

508 2280 839 2349 principium
879 2279 1161 2345 habuisse,
1217 2288 1271 2335 et
1328 2288 1542 2351 partum
1599 2280 1895 2350 quievisse.
1942 2280 2085 2345 Quot

507 2371 614 2425 alia
646 2371 711 2425 ad
744 2371 847 2425 hoc
897 2371 1208 2426 testimonia
1241 2372 1369 2427 huic
1415 2373 1670 2444 scriptori
1711 2371 2079 2442 praetermissa

506 2468 653 2524 sunt,
684 2461 857 2516 nihilo
890 2476 956 2516 eo
986 2462 1127 2531 quod
1154 2461 1361 2516 dictum
1400 2470 1483 2518 est
1518 2464 1583 2518 ad
1625 2463 1835 2534 quaesiti
1876 2463 2083 2518 consti-

504 2553 766 2607 tutionem
797 2551 1100 2608 inferiora?
1134 2569 1255 2625 quae
1287 2560 1482 2609 octavo
1522 2553 1610 2609 die
1650 2554 1697 2608 ﬁ«
1720 2555 1811 2609 bat
1846 2558 2080 2609 circum-

502 2644 678 2698 cisio:
720 2657 1054 2714 azymorum,
1088 2644 1139 2699 id
1180 2654 1283 2711 est,
1327 2644 1834 2701 iniermentatorum
1876 2660 2077 2715 panum

502 2734 837 2801 hebdomas;
882 2736 1199 2806 mysterium
1246 2732 1387 2804 quod
1421 2736 1827 2806 decimaquarta
1871 2736 2079 2790 lunaris

501 2838 698 2879 cursus
732 2825 1139 2880 celebrabatur:
1180 2826 1516 2895 purgationis
1566 2825 1871 2891 sacriﬁcia;
1912 2828 2080 2896 lepra-

502 2932 621 2969 rnm
678 2917 1009 2980 observatio.
1070 2918 1234 2980 aries,
1293 2918 1516 2982 vitulus,
1568 2918 1827 2988 juvenca,
1891 2918 2078 2973 hircus

500 3008 842 3071 emissarius,
890 3022 1072 3079 caper.
1104 3007 1258 3073 Quod
1292 3008 1338 3063 si
1373 3008 1487 3062 haec
1516 3024 1547 3062 a
1595 3008 1873 3078 proposito
1918 3007 2076 3077 longe

502 3111 709 3157 remota
740 3110 888 3166 sunt,
918 3102 1193 3171 quomodo
1232 3101 1365 3157 illud
1391 3102 1532 3156 intra
1554 3102 1863 3172 quaesitum,
1888 3100 2074 3155 dicant

2188 1918 2356 1988 dmi;
2384 1916 2533 1987 παρὰ
2557 1915 2649 1969 τοῦ
2692 1915 2944 1968 Ἰουδαίου
2969 1916 3028 1967 τὸ
3064 1912 3359 1980 Σάϐὄατον,
3393 1910 3735 1966 ἀποδέδεικται

2186 2003 2245 2054 τὸ
2282 2004 2369 2055 τον
2410 2004 2629 2074 Κύριον,
2663 2001 2844 2066 καθὼς
2881 1996 3031 2061 οὗτος
3072 2002 3240 2070 λέγει,
3271 2003 3446 2073 ἀρχήν
3485 2018 3541 2054 τε
3576 2001 3734 2055 λαϐεῖν

2185 2094 2278 2147 τοῦ
2315 2094 2493 2155 τόκου,
2526 2095 2618 2148 καὶ
2636 2094 2951 2166 τικτόμενον
2985 2091 3316 2146 παύσασθαι.
3344 2092 3515 2145 Πόσαι
3544 2096 3630 2144 καὶ
3655 2091 3734 2144 άλ-

2186 2184 2272 2238 λαι
2292 2185 2424 2257 πρὸς
2443 2186 2600 2239 τοῦτο
2635 2185 2931 2257 μαρτυρίαι
2959 2184 3034 2256 τῷ
3055 2185 3376 2255 λογογράφῳ
3405 2185 3734 2256 παρείθησαν.

2184 2276 2334 2328 οὐδὲν
2368 2277 2466 2347 τῆς
2498 2277 2793 2348 εἰρημένης
2839 2277 2973 2346 πρὸς
3014 2276 3271 2330 σύστασιν
3304 2276 3398 2329 τοῦ
3429 2273 3734 2347 ζητουμένου

2184 2368 2499 2439 λειπόμεναι
2532 2387 2547 2435 ;
2591 2370 2655 2421 Ἦ
2696 2368 2838 2422 κατὰ
2866 2370 2964 2438 τὴν
3009 2369 3200 2441 ὀγδόην
3251 2371 3519 2440 περιτομή
3543 2388 3555 2400 ·
3587 2372 3616 2440 ἡ
3645 2369 3736 2423 τῶν

2185 2460 2407 2531 ἀζύμων
2437 2461 2665 2532 έόδομάς
2686 2478 2699 2493 ·
2727 2460 2787 2513 τὸ
2841 2460 2899 2514 ὲν
2928 2461 3495 2532 τεσσαρεσκαιδεκάτῃ
3527 2460 3615 2514 τοῦ
3660 2478 3736 2513 σε·

2184 2552 2395 2623 ληνείου
2415 2552 2613 2622 δρόμου
2645 2552 2939 2623 μυστήριον
2957 2568 2970 2582 ·
2989 2553 3043 2604 αἱ
3066 2551 3155 2605 τοῦ
3181 2551 3525 2623 καθαρισμοῦ
3556 2551 3734 2614 θυσίαι,

2182 2644 2215 2715 ή
2244 2642 2369 2715 περὶ
2398 2642 2505 2696 τῶν
2552 2643 2766 2714 λεπρῶν
2796 2645 3195 2714 παρατήρησις,
3223 2646 3251 2696 ό
3280 2644 3456 2715 κριὸς,
3481 2646 3508 2697 ὁ
3542 2643 3736 2713 μόσχος,

2182 2734 2214 2803 ή
2244 2731 2493 2803 δάμαλις,
2528 2732 2555 2783 ὁ
2602 2733 3000 2801 άποπομπαίος,
3032 2734 3060 2783 ὁ
3100 2730 3353 2802 χίμαρος.
3393 2730 3456 2783 Ei
3486 2729 3540 2783 δὲ
3584 2727 3737 2781 ταῦτα

2181 2824 2369 2895 πόρρω
2410 2824 2518 2877 τῶν
2543 2822 2915 2894 προκειμένων
2947 2823 3113 2885 ἐστὶν,
3151 2822 3269 2886 πῶς
3294 2822 3446 2886 ἐντὸς
3471 2823 3636 2875 έκεῖνο
3654 2818 3734 2871 τοῦ

2181 2915 2533 2986 ζητουμένου,
2573 2914 2879 2982 λεγέτωσαν
2924 2915 2973 2966 οἱ
3026 2914 3262 2985 ζηλωταὶ
3297 2913 3408 2967 τῶν
3458 2910 3737 2967 Ἰουδαϊκῶν

2184 3007 2529 3078 μυστηρίων..
2572 3006 2765 3077 Ἡμεῖς
2818 3008 2924 3077 γὰρ
2970 3007 3346 3077 μικροπρεπές
3379 3023 3440 3060 τε
3477 3006 3566 3059 καὶ
3606 3004 3739 3058 ἀναν·

2177 3100 2301 3170 δρον
2344 3100 2406 3153 τὸ
2454 3101 2566 3163 τοῖς
2613 3096 2989 3170 προκειμένοις
3024 3097 3377 3169 ἐπεμϐαίνειν
3429 3098 3736 3168 νομίζοντες,

497 3195 843 3250 :emulatores
886 3193 1237 3249 Judaicorum
1292 3195 1701 3264 mysteriorum.
1762 3192 1873 3249 Nos
1928 3194 2073 3248 enim

2181 3190 2591 3262 άναζητήσομεν
2618 3190 2681 3241 ἐκ
2709 3188 2806 3260 τῆς
2835 3187 2943 3242 τῶν
2981 3189 3381 3259 γεγραμμένων
3413 3188 3734 3251 ἀκολουθίας,

499 3293 689 3354 parum
734 3283 993 3338 decorum
1050 3290 1102 3338 et
1148 3283 1282 3338 viris
1337 3282 1616 3354 indignum
1668 3283 2071 3351 existimantes,

498 3375 793 3445 prepositis
847 3374 1085 3429 insidere
1123 3391 1138 3428 :
1174 3388 1241 3428 ex
1296 3374 1627 3443 scriptorum
1678 3373 2073 3428 consecutione

498 3465 859 3541 inquiremus,
893 3465 937 3520 si
969 3465 1102 3535 quid
1131 3464 1240 3520 tale
1274 3475 1379 3530 est,
1410 3465 1570 3535 quale
1599 3464 1775 3535 possit
1812 3464 2073 3518 collucta-

496 3562 601 3611 tori
639 3558 897 3613 sudorem
945 3571 1184 3612 movere.
1218 3555 1351 3624 Quze
1392 3558 1557 3628 igitur
1602 3558 1658 3612 in
1693 3557 2069 3626 sequentibus,

496 3650 562 3703 de
589 3666 656 3705 eo
697 3649 840 3719 quod
888 3665 995 3703 non
1047 3655 1298 3720 oporteat
1348 3650 1605 3721 quiddam
1659 3649 1893 3704 medium
1929 3648 2072 3702 inter

496 3740 713 3795 Patrem
745 3747 797 3795 et
822 3739 1017 3794 Filium
1048 3743 1311 3811 cogitare,
1340 3751 1669 3811 praestruens
1700 3739 2068 3810 persequitur,

497 3839 558 3884 ut
585 3829 823 3900 quodam
850 3829 1012 3885 modo
1042 3839 1238 3887 nostro
1260 3832 1498 3902 dogmati
1532 3831 1913 3886 convenientia
1934 3845 2066 3901 prte-

495 3924 690 3979 teribo.
726 3921 885 3978 Esset
922 3924 1065 3977 enim
1097 3922 1297 3979 mentis
1327 3923 1745 3979 inconsiderata:
1784 3930 1837 3977 et
1871 3922 2071 3993 iniquae

495 4014 657 4070 simul
683 4019 735 4069 et
764 4028 943 4080 saevae,
975 4013 1029 4068 in
1060 4013 1148 4070 his
1179 4030 1300 4085 quae
1320 4015 1598 4078 dicuntur,
1625 4029 1731 4068 non
1758 4013 2071 4069 discernere

492 4108 639 4177 quod
667 4107 948 4162 innoxium
980 4115 1064 4162 est
1102 4115 1155 4161 et
1192 4108 1311 4162 sine
1343 4108 1590 4173 crimine,
1621 4112 1674 4161 et
1713 4106 1856 4175 quod
1884 4105 2070 4159 crimi-

492 4216 689 4256 nosum
737 4208 841 4255 est.
881 4198 1160 4269 Siquidem
1217 4214 1341 4254 cum
1378 4196 1579 4253 Judmis
1632 4212 1881 4268 pugnans
1932 4212 2068 4250 con-

493 4290 669 4347 cessis
710 4304 819 4344 non
858 4289 1181 4363 acquiescit,
1216 4289 1586 4345 immediatum
1613 4287 1822 4353 dicens,
1855 4297 1910 4343 et
1937 4304 2068 4343 con-

492 4393 691 4433 nexum
742 4394 850 4434 non
900 4380 1215 4448 admittens,
1266 4387 1319 4436 et
1370 4394 1480 4435 non
1511 4393 1635 4434 esse
1686 4377 1891 4447 aliquid
1943 4384 2069 4430 ante

492 4470 838 4542 Unigenitum
863 4475 1130 4547 cegitans,
1148 4478 1199 4527 et
1215 4485 1336 4529 esse
1350 4471 1543 4528 Filium
1562 4474 1868 4543 suspicans,
1888 4472 1980 4527 sed
2001 4472 2068 4527 de

2178 3281 2234 3334 εἴ
2262 3298 2314 3334 τι
2357 3280 2598 3333 τοιοῦτόν
2631 3281 2796 3342 ἐστιν,
2830 3276 2941 3332 οἷον
2989 3280 3188 3351 ἱδρῶτα
3226 3280 3447 3352 κινῆσαι
3481 3282 3555 3350 τῷ
3590 3298 3740 3352 προσ·

2176 3372 2479 3426 παλαίοντι.
2516 3372 2656 3425 Ὅσα
2689 3370 2867 3425 τοίνυν
2896 3373 2953 3425 ὲν
2980 3373 3092 3435 τοῖς
3135 3372 3330 3443 ἑφεξῆς
3362 3373 3493 3445 περὶ
3518 3371 3608 3425 τοῦ
3651 3389 3740 3441 μη-

2176 3464 2264 3518 δὲν
2294 3462 2457 3534 μέσον
2473 3480 2525 3515 τι
2552 3461 2646 3515 τοῦ
2673 3461 2804 3515 Υίοῦ
2836 3464 2927 3515 καὶ
2951 3462 3162 3533 Πατρδς
3186 3464 3409 3524 ἐννοεῖν,
3427 3462 3741 3517 κατασκευά-

2177 3555 2284 3620 ζων
2322 3552 2605 3620 διέξεισιν,
2637 3552 2713 3615 ὡς
2756 3551 3120 3622 ωμὸαίνοντά
3168 3570 3286 3618 πως
3325 3553 3408 3625 τῷ
3452 3555 3573 3608 καθ’
3609 3556 3741 3625 ἡμᾶς

2172 3648 2420 3717 δόγματι,
2454 3644 2882 3717 παρελεύσομεν.
2923 3645 3291 3717 Ἀδιακρισίας
3313 3646 3426 3719 γὰρ
3458 3647 3524 3700 ἂν
3554 3646 3632 3716 εἴη
3661 3644 3741 3698 καὶ

2173 3738 2562 3809 ἀγνωμοσύνης
2601 3738 2736 3808 ἅμα,
2774 3737 2847 3808 μὴ
2878 3737 3173 3808 διακρίνειν
3202 3739 3259 3790 ὲν
3299 3742 3414 3801 τοῖς
3445 3737 3740 3808 λεγομένοις

2171 3832 2231 3884 τὸ
2258 3830 2543 3884 ἀνεύθυνόν
2572 3847 2631 3883 τε
2674 3830 2767 3882 καὶ
2810 3829 2873 3882 τὸ
2913 3830 3183 3883 ὑπαίτιον.
3229 3830 3452 3901 Ἐπειδὴ
3473 3833 3581 3893 τοῖς
3621 3830 3739 3895 Ἰου-

2171 3923 2341 3986 δαίοις
2398 3921 2702 3993 μαχόμενος
2724 3960 2739 3986 ,
2773 3920 2873 3974 οὐκ
2902 3921 3208 3974 ἀκολουθῶν
3232 3924 3343 3986 τοῖς
3383 3919 3737 3993 ὁμολογουμέ-

2171 4030 2302 4076 νοις,
2344 4010 2441 4065 ml.
2469 4011 2529 4063 τὸ
2568 4010 2771 4081 ἄμεσον
2802 4011 2996 4079 λέγων,
3030 4012 3123 4064 καὶ
3154 4012 3216 4065 τὸ
3255 4014 3494 4082 συναφὲς
3522 4012 3581 4065 ού
3605 4010 3741 4080 δεχό-

2174 4121 2351 4175 μενος,
2388 4102 2570 4157 καὶτὸ
2610 4102 2684 4174 μὴ
2715 4099 2855 4156 εῐναί
2898 4120 2946 4155 τι
3000 4104 3103 4173 πρὸ
3147 4103 3238 4157 τοῦ
3281 4103 3621 4173 Μονογενοῦς
3660 4105 3736 4153 ὲνο

2169 4195 2324 4261 νοῶν,
2356 4194 2451 4248 καὶ
2480 4194 2539 4247 τὸ
2572 4188 2711 4248 εἶναι
2740 4194 2869 4248 Υίὸν
2916 4193 3175 4259 ὑπονοῶν,
3207 4195 3342 4249 ἀλλὰ
3388 4194 3630 4267 περὶτοῦ
3673 4192 3737 4264 μὴ

2168 4285 2295 4339 ὄντα
2336 4284 2662 4356 γεγενῆσθαι
2708 4285 3128 4355 διαμαχόμενος.
3176 4287 3391 4359 Μικρὸν
3435 4289 3495 4340 ὲν
3543 4284 3739 4345 τούτοις

2169 4377 2576 4447 άσχοληθέντες,
2603 4376 2691 4429 διὰ
2719 4377 2779 4430 τὸ
2808 4380 2917 4441 τοῖς
2959 4378 3223 4447 φθάσασιν
3255 4378 3456 4443 ἱκανῶς
3482 4378 3583 4449 ⁸ήδη
3614 4392 3739 4447 προ-

2170 4469 2599 4525 κατεσκευόωθαι
2633 4468 2722 4523 τὸν
2744 4469 2920 4537 λόγον,
2942 4470 3049 4523 τῶν
3079 4472 3455 4543 προκειμένων
3490 4470 3733 4542 ἑξόμεθα.

489 4565 673 4633 coqui
706 4580 814 4619 non
842 4574 959 4620 erat
985 4568 1228 4639 genitum
1256 4578 1377 4619 esse
1416 4564 1726 4619 decertans.
1789 4560 1990 4615 Parum
2050 4561 2104 4615 in
2149 4559 2233 4616 his
2290 4560 2666 4622 immorantes,
2720 4556 2848 4627 quia
2906 4557 2960 4611 in
3018 4561 3468 4617 antecedentibus
3541 4555 3740 4615 abunde

489 4658 621 4712 satis
679 4657 789 4726 jam
851 4673 1032 4713 sermo
1087 4662 1443 4728 przestructus
1489 4662 1593 4719 est,
1661 4656 1714 4709 in
1770 4655 2061 4725 propositis
2094 4653 2440 4710 haerebimus.

558 4747 673 4802 Non
719 4756 801 4803 est
835 4748 1079 4817 ejusdem
1124 4757 1178 4803 et
1228 4746 1363 4801 nihil
1413 4746 1665 4815 superius
1704 4746 2060 4802 subsistentia

2235 4746 2347 4798 Οὐκ
2394 4744 2507 4797 ἔστι
2552 4743 2644 4797 τοῦ
2703 4743 2869 4798 αὑτοῦ
2918 4744 3013 4799 καὶ
3057 4745 3220 4815 μηδὲν
3261 4744 3610 4816 ὑπερτιθέναι
3649 4744 3737 4814 τῆς

488 4838 759 4911 Unigeuiti
792 4854 1018 4909 ponere,
1079 4845 1132 4891 et
1184 4848 1307 4891 ante
1347 4836 1751 4905 generationem
1804 4852 1907 4889 non
1941 4852 2063 4891 esse

484 4932 686 4997 dicere,
736 4929 829 4985 sed
877 4938 1006 4983 tunc
1035 4928 1274 4999 genitum
1317 4926 1483 4981 fuisse
1514 4942 1637 4980 cum
1674 4928 1829 4981 Pater
1870 4927 2056 4980 voluit.

485 5018 609 5074 Haec
640 5018 784 5074 enim
815 5019 1067 5089 adverbia
1099 5026 1230 5072 tunc
1256 5028 1310 5072 et
1332 5018 1570 5086 quando,
1607 5018 1671 5071 ad
1708 5017 2057 5085 temporalem

487 5108 1001 5164 demonstrationem
1048 5104 1264 5178 preprie
1295 5116 1348 5164 et
1379 5108 1703 5163 naturaliter
1742 5108 2058 5178 signiﬁcan-

481 5200 611 5252 tiam
657 5197 922 5265 referunt,
954 5199 1252 5254 secundum
1284 5214 1629 5254 communem
1672 5214 1802 5254 sane
1835 5201 2060 5269 loquen-

481 5292 617 5345 tium
673 5292 1149 5358 consuetudinem,
1214 5300 1268 5347 et
1323 5292 1624 5347 secundum
1682 5293 1940 5345 usitata-tn
2004 5294 2058 5347 in

483 5380 768 5452 Scriptura
796 5382 1275 5452 signiﬁcationem.
1317 5383 1461 5436 Tunc
1505 5383 1674 5436 dicent
1707 5384 1758 5436 in
1787 5382 2058 5455 gentibus:

480 5483 552 5539 et,
586 5473 811 5539 Quando
840 5474 959 5525 misi
985 5490 1111 5537 vos;
1150 5481 1224 5534 et,
1261 5472 1404 5526 Tunc
1428 5474 1816 5527 assimilobitur
1846 5489 2059 5543 regnum

478 5567 745 5621 extorum.
782 5564 847 5617 Et
874 5573 1127 5619 sexcenta
1148 5585 1161 5611 ι
1177 5564 1416 5633 jusmodi
1449 5582 1543 5634 per
1575 5580 1789 5619 onmem
1819 5565 2059 5635 Scriptu-

480 5670 595 5710 ram
622 5657 691 5711 ad
718 5656 985 5726 propositi
1005 5653 1474 5711 conﬁrmationem
1504 5658 1625 5711 licet
1651 5670 1887 5719 sumere,
1913 5657 2057 5724 quod

481 5749 684 5805 talibus
733 5747 1003 5803 orationis
1060 5747 1346 5817 particulis
1382 5748 1679 5821 Scriptum
1718 5749 2057 5806 consuetudo

2165 4833 2259 4887 τοῦ
2293 4836 2627 4903 Μονογενοῦς
2658 4836 3027 4900 ὑποστάσεως,
3047 4837 3141 4890 καὶ
3165 4837 3239 4909 μὴ
3272 4832 3409 4890 εῖναι
3441 4838 3620 4906 λέγειν
3643 4835 3737 4907 πρὸ

2165 4926 2264 4995 τῆς
2294 4927 2617 4996 γεννήσεως,
2643 4927 2777 4981 ἀλλά
2821 4929 2939 4983 τότε
2968 4928 3345 5000 γεγεννῆσθαι,
3378 4930 3469 4982 ὅτε
3508 4930 3537 4981 ὁ
3565 4926 3737 4997 Πατὴρ

2165 5014 2439 5087 ἦεουλήθη
2464 5035 2476 5046 ’
2506 5017 2565 5070 τὸ
2589 5018 2696 5088 γὰρ
2743 5023 2879 5077 τότε
2923 5026 3015 5080 καὶ
3059 5021 3178 5082 ὅτε,
3219 5020 3425 5091 κυρίως
3457 5021 3553 5073 καὶ
3583 5034 3738 5089 προσ-

2167 5107 2316 5176 φυῶς
2351 5110 2441 5162 ἐπὶ
2479 5110 2574 5181 τὴν
2629 5110 2886 5181 χρονικὴν
2927 5111 3089 5177 δεῖξιν
3129 5110 3228 5183 τὴν
3264 5113 3544 5182 σημασίαν
3575 5114 3735 5181 φέρει,

2166 5202 2309 5253 κατὰ
2342 5201 2437 5269 τὴν
2470 5200 2653 5272 κοινὴν
2686 5199 2793 5253 τῶν
2816 5201 2985 5270 ὑγιῶς
3016 5202 3399 5272 φθεγγομένων
3437 5202 3735 5273 συνήθειαν,

2168 5292 2424 5346 καὶκατὰ
2456 5292 2553 5361 τὴν
2586 5294 2643 5345 ὲν
2675 5295 2742 5364 τῇ
2781 5295 2968 5365 Γραφῇ
2996 5296 3296 5365 σημασίαν⁸
3335 5298 3476 5349 Τότε
3505 5294 3740 5363 ἐροῦσιν

2163 5383 2233 5435 ἐν
2272 5382 2395 5447 τοῖς
2459 5382 2682 5447 ἔθνεσι,
2722 5386 2836 5447 καὶ,
2872 5386 3009 5439 Ὅτε
3049 5385 3377 5439 ἀπέστειλα
3423 5385 3607 5456 ὑμᾶς,
3634 5384 3735 5444 καὶ,

2170 5476 2306 5528 Τότε
2333 5477 2755 5543 ὁμοιωθήσεται
2783 5477 2819 5542 ὴ
2838 5478 3144 5540 βασιλεία.
3183 5481 3291 5533 Καὶ
3320 5481 3492 5551 μυρία
3528 5477 3737 5533 τοιαῦτα.

2163 5567 2250 5620 διὰ
2291 5566 2466 5636 πάσης
2514 5570 2628 5623 ἔστι
2666 5569 2885 5637 Γραφῆς
2912 5571 2988 5631 εἰς
3030 5570 3299 5636 ἀπόδειξιν
3334 5569 3423 5623 τοῦ
3452 5566 3739 5640 προκειμὲο

2159 5676 2251 5711 νου
2292 5659 2508 5723 λαϐεῖν,
2535 5659 2613 5711 ὅτι
2658 5662 2771 5723 τοῖς
2818 5661 3075 5723 τοιούτοις
3098 5662 3190 5715 τοῦ
3224 5662 3380 5731 λόγου
3411 5662 3629 5732 μορίοις
3655 5658 3736 5712 τὸν

2160 5753 2351 5823 χρόνον
2407 5751 2823 5824 ἐπωημειοῦται
2869 5754 2967 5823 τῆς
3010 5755 3048 5807 Γ
3050 5753 3233 5825 ραφῆς
3282 5754 3632 5826 ήσυνήθεια.
3680 5750 3737 5828 βί
