4034 6486
350 412 458 471 817

1484 432 1763 489 CONTRA
1798 436 2185 508 EUNOMIUM,
2223 441 2347 498 LIB.
2388 445 2477 500 IX.

3507 457 3606 517 818

350 527 446 585 οὖν
471 529 660 638 χρόνος
695 528 938 638 οὐκ.ἦν,
1178 539 1208 591 ὁ
1247 541 1544 611 ἀντιλέγων
1591 548 1916 614 συντίθεται,

2030 558 2245 623 tempus
2288 556 2530 612 denotat.
2575 557 2634 613 Si
2673 560 2839 632 igitur
2880 570 3097 637 tempus
3141 582 3248 623 non
3279 578 3419 638 erat,
3462 574 3609 628 sicut

354 623 722 717 συνανῄρηται
752 626 968 691 πάντως
995 630 1140 702 καὶὴ
1161 648 1384 707 χρονικη
1419 639 1663 708 σημασία
1686 658 1699 670 ’
1725 641 1916 714 ταύτης

2028 645 2382 701 refractarios
2410 623 2723 717 assentitur:
2754 623 3011 710 funditus
3036 657 3196 712 simul
3225 623 3434 716 tollitur
3464 669 3602 717 tem-

350 712 410 767 δὲ
438 715 513 785 μὴ
543 715 729 787 οὔσης,
758 719 819 771 τὸ
843 719 1012 775 άῖδιον
1035 723 1133 792 τῆς
1157 725 1365 789 ἐννοίας
1389 731 1531 783 κατὰ
1559 733 1738 785 πᾶσαν
1760 712 1925 803 ἀνάγ-

306 822 455 899 δκην
510 808 999 899 άντεισελεύσεταιο
1030 818 1096 886 τῇ
1141 817 1249 888 γὰρ
1289 818 1385 873 τοῦ
1432 821 1518 892 μὴ
1557 820 1708 879 εἶναι
1751 831 1922 899 φωνῇ,

349 894 444 950 καὶ
479 894 546 949 τὸ
586 899 733 953 ποτὲ
780 901 998 966 πάντως
1034 909 1487 966 συνυπακούεται.
1528 913 1589 965 Et
1623 915 1730 986 γὰρ
1757 894 1926 988 χωρίς

346 988 443 1042 τοῦ
481 991 618 1045 ποτὲ
656 992 717 1045 τὸ
748 993 835 1062 μὴ
866 990 1019 1049 εἶναι
1065 996 1234 1066 λέγοι,
1266 1001 1387 1056 οὐδὲ
1434 1002 1529 1057 νῦν
1566 1000 1704 1058 εἶναι
1741 1006 1921 1062 δώσει.

346 1082 413 1135 Εἰ
442 1082 499 1135 δὲ
530 1084 591 1137 τὸ
620 1084 715 1137 νῦν
735 1086 911 1151 διδοὺς
940 1089 1075 1159 πρὸς
1103 1091 1166 1144 τὸ
1187 1091 1356 1146 ἀΐδιον
1389 1098 1672 1165 μάχονται,
1709 1099 1926 1162 πάντως

345 1175 410 1228 οὐ
430 1174 490 1229 τὸ
516 1176 743 1230 καθόλου
776 1178 851 1250 μὴ
894 1176 1053 1247 εἶναι,
1093 1183 1228 1238 ἀλλὰ
1265 1188 1324 1239 τό
1353 1204 1484 1240 ποτε
1536 1188 1607 1260 μὴ
1637 1185 1778 1243 εἶναι
1816 1191 1925 1246 δια-

345 1265 611 1337 νενόηται.
639 1268 753 1339 Τῆς
785 1270 843 1324 δὲ
875 1272 1060 1342 φωνῆς
1094 1276 1298 1346 ταύτης
1321 1278 1690 1335 ἁνυποστάτου
1718 1284 1925 1337 παντά-

346 1375 513 1412 πασιν
553 1359 739 1432 οὔσης,
788 1365 836 1417 εί
870 1365 943 1435 μὴ
985 1366 1120 1436 πρὸς
1149 1367 1246 1438 τὴν
1286 1369 1382 1423 τοῦ
1412 1372 1603 1441 χρόνου
1649 1376 1924 1444 σημασίαν

342 1449 619 1519 ὲρείδοιτο,
644 1453 868 1523 ἀνόητον
896 1454 963 1509 ἂν
990 1458 1075 1527 εἴη
1105 1460 1199 1512 καὶ
1222 1460 1449 1530 μάταιον
1476 1462 1537 1515 τὸ
1564 1465 1702 1535 μήτε
1734 1484 1788 1518 τι
1819 1468 1924 1536 πρὸ

340 1541 438 1594 τοῦ
470 1541 599 1594 Υἱοῦ
647 1539 787 1598 εἶναι
819 1546 1019 1616 λέγειν,
1059 1551 1194 1622 μήτε
1231 1552 1322 1605 τὸν
1353 1554 1583 1609 πάντοτε
1627 1556 1754 1610 Υίὸν
1782 1554 1923 1612 εἶναι

341 1636 794 1700 κατασκευάζειν.
841 1638 903 1692 El
941 1639 1051 1710 γὰρ
1103 1642 1243 1713 μήτε
1276 1644 1479 1715 οτόπος,
1518 1648 1653 1718 μήτε
1710 1649 1920 1720 χρόνος,

342 1725 482 1795 μήτε
521 1742 603 1789 τις
642 1727 803 1797 ἑτέρα
858 1731 1035 1795 κτίσις
1075 1734 1254 1798 ἐστὶν,
1287 1736 1346 1789 ὲν
1463 1739 1565 1791 οὐκ
1606 1740 1753 1794 ἔστιν
1793 1743 1821 1794 ὀ
1864 1748 1923 1798 έν

338 1817 485 1887 ἀρχῇ
507 1816 581 1870 ὢν
603 1819 775 1887 Λόγος
797 1859 812 1885 ,
840 1824 1174 1895 πανταχόθεν
1210 1827 1302 1880 τοῦ
1334 1829 1604 1900 δόγματος
1636 1832 1738 1903 τῆς
1772 1835 1918 1887 εύσε-

2026 739 2230 808 poralis
2282 740 2627 810 signiﬁcatio,
2676 759 2783 814 qua
2813 747 3049 815 sublata,
3086 753 3363 809 aeternitas
3415 769 3609 809 neces-

2025 830 2175 884 sario
2223 831 2447 886 omnino
2480 833 2648 887 menti
2682 842 2737 889 et
2780 836 3095 906 cogitationi
3149 853 3421 897 occurret.
3466 841 3602 898 Voci

2026 923 2192 981 enim,
2237 937 2339 975 non
2378 938 2509 988 esse,
2549 938 2650 978 vox
2690 925 2805 990 illa,
2853 930 3091 998 quando,
3142 947 3367 1001 prorsus
3406 936 3609 989 subau-

2026 1012 2192 1065 ditur.
2224 1011 2280 1066 Si
2300 1015 2444 1068 enim
2472 1015 2678 1086 absque
2702 1017 2804 1072 hac
2827 1021 3095 1088 particula
3120 1024 3331 1091 quando
3356 1040 3463 1079 non
3485 1041 3607 1080 esse

2025 1101 2252 1167 diceret,
2287 1118 2464 1173 neque
2486 1121 2634 1161 nunc
2677 1122 2801 1162 esse
2829 1107 3007 1164 daret.
3043 1108 3100 1163 Si
3124 1112 3269 1166 enim
3303 1128 3447 1167 nunc
3467 1113 3605 1168 dans

2026 1202 2150 1242 cum
2180 1199 2385 1245 aeterno
2417 1204 2640 1261 pugnat,
2668 1210 2897 1264 prorsus
2929 1213 3042 1251 non
3069 1200 3125 1253 in
3156 1201 3473 1256 universum
3496 1217 3605 1257 non

2024 1294 2166 1345 esse,
2222 1282 2318 1336 sed
2352 1283 2645 1353 aliquando
2678 1303 2785 1341 non
2828 1287 3023 1355 fuisse,
3080 1292 3429 1362 intelligitur.
3468 1293 3605 1349 Cum

2024 1380 2203 1425 autem
2242 1372 2359 1427 hate
2391 1389 2493 1427 vox
2526 1377 2678 1430 nullo
2704 1378 2866 1433 modo
2896 1381 3070 1451 possit
3117 1382 3441 1449 subsistere,
3498 1384 3605 1439 nisi

2024 1464 2287 1532 temporis
2318 1465 2687 1535 signiﬁcantia
2735 1470 2925 1525 innixa
2957 1471 3224 1538 ﬁrmetur,
3279 1475 3506 1530 stultum
3552 1483 3607 1528 et

2024 1573 2222 1612 vanum
2255 1573 2430 1627 neque
2460 1560 2591 1628 quid
2638 1568 2767 1616 ante
2793 1560 2991 1617 Filium
3019 1578 3142 1621 esse
3186 1564 3393 1628 dicere,
3430 1582 3607 1635 neque

2024 1663 2236 1719 semper
2262 1647 2459 1704 Filium
2501 1665 2625 1706 esse
2659 1662 2927 1708 astruere.
2968 1653 3105 1709 Nam
3147 1656 3195 1711 si
3220 1670 3401 1726 neque
3428 1657 3604 1721 locus,

2024 1754 2199 1809 neque
2238 1749 2471 1810 tempus.
2511 1756 2687 1811 neque
2714 1743 2823 1797 ulla
2853 1753 3107 1800 creatura
3152 1754 3238 1802 est
3266 1747 3374 1801 alia
3402 1748 3457 1801 in
3497 1763 3604 1816 qua

2026 1847 2134 1885 non
2180 1840 2265 1888 est
2303 1836 2393 1903 qui
2441 1835 2495 1889 in
2542 1836 2813 1906 principio
2853 1847 2972 1891 erat
3009 1836 3264 1903 Verbum,
3299 1839 3538 1909 undique
3574 1854 3605 1892 e

339 1885 493 1971 σειάξ
528 1885 808 1979 ἐξῄρηται,
832 1912 891 1965 τό
922 1885 1053 1967 ποτε
1086 1916 1161 1987 μὴ
1188 1912 1326 1971 εἶναι
1504 1885 1734 1992 Κύριονῖ
1772 1885 1915 1977 οὖῷ

2023 1922 2277 1992 dogmate
2310 1885 2571 1992 1pietatisr
2601 1885 2911 1994 exenriptum
2947 1934 3031 1980 est
3080 1926 3204 1992 hoc,
3250 1885 3469 1998 ,nempel
3500 1930 3603 1984 ali-

336 1998 433 2052 οὗν
458 2000 553 2069 οὐχ
575 2004 728 2072 ἡμῖν,
760 2002 875 2057 ἀλλ’
907 2006 1083 2077 ἑαυτῷ
1102 2008 1446 2080 διαμάχεται,
1472 2014 1500 2065 ό
1525 2013 1618 2066 καὶ
1665 2012 1737 2084 μὴ
1781 2010 1919 2070 εἶναι

336 2089 435 2144 καὶ
486 2087 625 2145 εἶναι
677 2094 767 2148 τὸν
801 2096 1080 2169 Μονογενῆ
1124 2099 1483 2171 δογματίζων.
1542 2105 1633 2158 Ἐν
1683 2106 1791 2177 γὰρ
1842 2109 1920 2179 τῷ

334 2182 619 2252 ὁμολογεῖν
638 2185 827 2256 μηδενὶ
852 2188 950 2259 τὴν
970 2190 1062 2242 τοῦ
1093 2190 1223 2244 Υίοῦ
1253 2193 1390 2263 πρὸς
1409 2194 1501 2249 τὸν
1530 2197 1754 2269 Πατέρα
1783 2198 1920 2253 διαι-

338 2274 551 2345 ρεῖσθαι
594 2277 908 2346 συνάφειαν,
936 2279 997 2333 τὸ
1032 2282 1208 2337 ἀΐδιον
1240 2283 1389 2355 αὑτῷ
1425 2285 1643 2351 πάντως
1679 2306 1923 2361 προσμε-

276 2387 285 2398 ο
336 2367 712 2438 μαρτύρηκεν.
744 2370 805 2423 Εἰ
840 2370 896 2422 δὲ
926 2372 985 2425 ὲν
1019 2373 1130 2445 τῷ.
1147 2375 1323 2446 Πατρὶ
1354 2375 1502 2446 λέγοι
1544 2379 1619 2450 μὴ
1649 2376 1789 2436 εἶναι
1827 2383 1919 2436 τὸν

335 2457 488 2523 Υἱὸν,
513 2458 590 2530 τῷ
623 2461 849 2532 τοιούτῳ
889 2462 1031 2534 λόγῳ
1060 2464 1159 2517 ούκ
1206 2467 1541 2539 ἁντεροῦμεν
1571 2471 1745 2537 αὐτοὶ,
1782 2473 1917 2529 ἀλλὰ

330 2553 434 2620 τὴν
480 2551 705 2622 Γραφὴν
756 2553 1138 2625 ἁντιθήσομεν,
1161 2558 1195 2627 ἦ
1237 2576 1420 2629 φησιν,
1447 2563 1504 2613 ὲν
1536 2562 1614 2633 τῷ
1653 2564 1828 2636 Πατρί
1857 2583 1916 2619 τε

332 2638 477 2696 εἶναι
510 2642 602 2697 τὸν
627 2645 776 2709 Υίὸν,
808 2648 899 2699 καὶ
929 2650 985 2700 έν
1022 2647 1101 2719 τῷ
1136 2648 1251 2720 Υίῷ
1289 2651 1378 2703 τὸν
1409 2653 1662 2724 Πατέρα·
1696 2657 1759 2711 τὸ
1785 2655 1917 2710 ποτε

332 2732 368 2803 ἢ
406 2735 529 2799 ὅτε,
570 2735 601 2805 ἢ
640 2735 760 2789 τότε
782 2779 797 2802 ,
842 2738 935 2811 μὴ-
961 2737 1313 2808 προστιθεῖσα
1350 2741 1429 2811 τῷ
1459 2743 1633 2814 λόγῳ,
1664 2745 1801 2799 ἀλλὰ
1847 2750 1914 2819 τῇ

331 2828 648 2897 ἀποφατικῇ
676 2827 849 2899 ταύτῃ
880 2829 973 2882 καὶ
1015 2831 1265 2903 ἀπολύτῳ
1300 2836 1473 2904 φωνῇ,
1508 2835 1569 2888 τὸ
1616 2836 1785 2891 ἀΐδιον
1818 2840 1914 2892 αύ-

328 2919 410 2990 τῷ
453 2922 867 2992 μαρτυρήσασα.
896 2922 969 2974 Τὸ
997 2921 1053 2975 δὲ
1101 2925 1526 2991 κατασκευάζειν
1557 2927 1717 2981 αὐτὸν
1758 2930 1915 2998 ἀγέν-

328 3029 491 3082 νητον
524 3015 654 3083 παρ’
676 3012 833 3084 ἡμῶν
869 3013 1118 3082 λέγεσθαι
1159 3015 1247 3068 τὸν
1290 3017 1570 3087 Μονογενῆ
1601 3018 1766 3083 Θεὸν,
1797 3015 1915 3073 ἶσόν

328 3105 448 3156 ἐστι
485 3101 562 3172 τῷ
593 3101 770 3169 λέγειν
819 3103 901 3154 ὅτι
956 3103 1050 3155 καὶ
1080 3102 1335 3173 γεννητὸν
1369 3098 1506 3157 εἶναι
1551 3106 1644 3159 τὸν
1692 3106 1913 3175 Πατέρα

2022 2012 2243 2084 quando
2278 2028 2388 2068 non
2418 2013 2589 2071 fuisse
2616 2013 2928 2071 Dominum.
2960 2016 3081 2071 Non
3106 2018 3274 2088 igitur
3298 2019 3477 2083 nobis,
3506 2024 3603 2078 sed

2022 2106 2126 2161 sibi
2174 2106 2278 2176 ipsi
2304 2114 2592 2177 repugnat,
2634 2107 2729 2177 qui
2762 2116 2816 2162 et
2854 2122 2964 2162 non
2994 2123 3139 2172 esse,
3172 2115 3227 2163 et
3266 2124 3389 2166 esse
3415 2111 3598 2167 docet.

2018 2198 2157 2253 Nam
2195 2198 2326 2253 dum
2367 2200 2682 2264 conﬁtetur,
2734 2200 2887 2254 nullo
2915 2200 3096 2257 medio
3122 2199 3248 2257 Filii
3285 2216 3411 2258 cum
3442 2202 3604 2260 Patre

2019 2293 2416 2349 connexionem
2474 2292 2667 2359 dividi,
2718 2294 2771 2350 ei
2835 2292 3061 2348 omnino
3124 2308 3227 2363 suo
3284 2295 3602 2349 testimonio

2018 2393 2281 2441 aeternum
2310 2385 2577 2440 attribuit.
2620 2384 2773 2450 Quod
2802 2385 2848 2440 si
2885 2385 2940 2439 in
2974 2383 3137 2440 Patre
3163 2384 3309 2439 dicat
3348 2401 3455 2440 non
3480 2400 3604 2441 csso

2021 2475 2239 2540 Filium,
2283 2477 2377 2531 tali
2414 2478 2655 2533 sermoni
2702 2493 2811 2532 non
2844 2477 2946 2546 ipsi
2984 2489 3087 2530 nos
3133 2475 3598 2540 contradiccmus,

2019 2570 2114 2626 sed
2146 2568 2486 2639 Scripturam
2540 2584 2900 2637 Opponemus,
2938 2581 3060 2637 qua:
3105 2568 3303 2622 asserit
3356 2567 3410 2620 io
3442 2564 3601 2620 Patre

2016 2678 2140 2718 esse
2169 2661 2388 2724 Filium,
2428 2669 2481 2717 et
2531 2662 2584 2714 in
2632 2660 2771 2715 Filio
2813 2660 3066 2715 Patrem:
3120 2660 3446 2730 particulam
3501 2661 3601 2713 ali-

2017 2753 2254 2824 quando,
2296 2754 2378 2807 vel
2425 2753 2666 2821 quando,
2715 2754 2799 2806 vel
2833 2761 2984 2813 tunc,
3020 2752 3257 2805 orationi
3301 2766 3411 2804 non
3454 2750 3595 2820 adji-

2017 2845 2191 2906 ciens.
2213 2846 2306 2898 sed
2341 2846 2440 2898 hac
2469 2842 2787 2896 atlirmativa
2814 2849 2870 2898 et
2900 2841 3152 2897 absoluta
3181 2852 3311 2896 voce
3334 2850 3598 2895 aeternum

2019 2937 2120 3006 ipsi
2149 2938 2459 3007 assignans.
2488 2934 2644 3000 Quod
2668 2940 2849 2987 autem
2872 2932 2991 3002 ipse
3046 2933 3267 2997 astruit,
3296 2931 3598 3003 ingenitum

2017 3045 2046 3081 a
2096 3029 2254 3082 nobis
2291 3026 2642 3096 Unigcuitum
2678 3024 2846 3079 Deum
2893 3024 3027 3087 dici,
3058 3025 3270 3093 aequale
3304 3031 3389 3078 est
3436 3037 3500 3077 ac
3552 3023 3598 3077 si

2017 3120 2183 3183 dicat,
2231 3120 2372 3189 quod
2416 3121 2579 3172 etiam
2615 3117 2829 3171 Patrem
2862 3118 3105 3188 genitum
3134 3132 3253 3171 esse
3284 3117 3596 3171 deﬁnimus.

326 3194 697 3265 διοριζόμεθα.
759 3195 869 3265 Τῆς
910 3193 1016 3266 γὰρ
1073 3194 1242 3265 αὐτῆς
1295 3195 1543 3261 ἀτοπίας,
1600 3196 1799 3265 μᾶλλον
1856 3196 1912 3249 δὲ

2022 3210 2275 3278 Ejusdem
2315 3209 2460 3263 enim
2495 3207 2875 3273 absurditatis,
2910 3207 2993 3261 vel
3035 3208 3218 3276 potius
3249 3206 3601 3276 blasphemia:

312 3283 681 3356 ,βλασφημίας
736 3284 1016 3355 ἑκάτερον.
1074 3283 1237 3337 Ὥστε
1293 3285 1341 3337 εἰ
1410 3284 1507 3354 μὲν
1563 3288 1913 3354 συκοφαντεῖν

326 3376 556 3445 εγνωκε,
590 3373 926 3445 προστιθέτω
963 3373 1057 3427 καὶ
1106 3373 1166 3427 τὸ
1198 3373 1382 3444 ἕτερον
1417 3373 1701 3445 έγκλημα,
1748 3375 1913 3445 μηδε-

329 3470 422 3531 νὸς
450 3468 782 3539 φειδόμενος,
800 3468 865 3521 δι’
898 3460 972 3523 ὧν
1008 3467 1074 3522 ἂν
1167 3466 1390 3521 δυνατὸν
1419 3466 1799 3539 χαλεπώτερον
1825 3470 1915 3521 ὲκ-

325 3564 617 3632 τραχύνειν
645 3560 762 3614 καθ’
790 3560 944 3631 ἡμῶν
969 3560 1098 3623 τοὺς
1134 3560 1449 3623 ἀκούοντας.
1476 3561 1539 3613 El
1568 3561 1624 3613 δὲ
1653 3561 1710 3613 τὸ
1728 3561 1912 3630 ἕτερον

326 3654 533 3709 τούτων
554 3652 642 3707 διὰ
671 3652 731 3705 τὸ
762 3650 1059 3721 περιφανὲς
1083 3651 1181 3722 τῆς
1211 3650 1569 3718 συκοφαντίας
1598 3650 1698 3704 οὐκ
1732 3651 1912 3703 αἰτιᾶ-

328 3764 443 3810 ται,
478 3744 682 3814 ἀφιέτω
728 3745 822 3797 καὶ
869 3743 930 3796 τὸ
968 3743 1285 3812 λειπόμενον
1310 3760 1322 3772 ·
1347 3736 1465 3794 ἴσον
1510 3742 1618 3811 γὰρ
1668 3743 1746 3805 εἰς
1786 3742 1914 3795 ἀσέ-

331 3840 487 3891 ϐειαν
520 3836 700 3899 καθὼς
736 3838 948 3906 εἴρηται
977 3836 1070 3888 καὶ
1096 3834 1185 3887 τὸν
1216 3833 1340 3886 Υἰδν
1375 3834 1668 3903 ἀγέννητον
1707 3832 1909 3901 λέγειν,

329 3932 365 4001 ἢ
409 3930 505 3983 καὶ
526 3926 782 3998 γεννητὸν
806 3927 895 3980 τὸν
926 3927 1166 3997 Πατέρα.

405 4023 468 4076 El
502 4021 599 4092 μὲν
630 4016 723 4074 οὖν
765 4018 1074 4089 εὑρίσκεταί
1098 4034 1182 4080 τις
1221 4018 1277 4069 ἐν
1318 4018 1429 4079 τοῖς
1456 4018 1584 4088 παρ’
1628 4016 1784 4087 ἡμῶν
1816 4032 1911 4084 γε-

333 4114 675 4185 γραμμένοις
702 4110 852 4183 φωνὴ
899 4111 1144 4181 τοιαύτη,
1184 4110 1250 4163 δι’
1281 4103 1348 4180 ἦς
1391 4109 1683 4180 ἀγέννητος
1727 4111 1755 4161 ό
1785 4109 1914 4172 Υίὸς

331 4204 679 4275 ὀνομάζεται,
727 4202 850 4257 καθ’
890 4199 1045 4273 ἡμῶν
1085 4202 1262 4254 αὐτῶν
1306 4201 1404 4273 τὴν
1455 4202 1691 4272 ἐσχάτην
1732 4201 1913 4271 ψῆφον

331 4299 636 4367 ἐξοίσομεν.
663 4297 724 4350 Εἰ
750 4296 807 4349 δὲ
832 4294 1046 4364 ψευδεῖς
1090 4296 1269 4357 αἰτίας
1295 4312 1352 4347 τε
1404 4296 1499 4347 καὶ
1541 4295 1913 4364 συκοφαντίας

331 4391 455 4444 κατ’
476 4387 723 4452 ἐξουσίαν
752 4386 1115 4456 συμπλάσσει,
1142 4385 1204 4438 τὸ
1228 4384 1415 4439 δοκοῦν
1445 4386 1537 4438 ἐπὶ
1562 4384 1782 4458 διαϐολῇ
1802 4386 1911 4439 τῶν

332 4482 455 4536 καθ’
490 4481 639 4551 ἡμᾶς
666 4480 951 4549 δογμάτων
974 4478 1292 4547 λογοποιῶν,
1325 4478 1522 4546 γένοιτ’
1549 4478 1615 4532 ἂν
1640 4476 1770 4542 ἴσως
1798 4480 1910 4544 τοῖς

2020 3314 2331 3371 utrumque.
2379 3302 2561 3367 Quare
2588 3300 2875 3371 siquidem
2921 3301 3072 3354 novit
3112 3300 3459 3362 calumniari,
3498 3298 3599 3351 ad-

2015 3398 2171 3467 jiciat
2193 3405 2246 3449 et
2280 3397 2511 3450 alterum
2541 3396 2749 3450 crimen
2778 3393 2915 3448 ηίίιίι
2949 3394 3246 3463 parcendo,
3287 3409 3397 3462 quo
3427 3393 3600 3463 possit

2022 3489 2276 3543 acerbius
2306 3502 2633 3556 exasperare
2663 3496 2853 3541 contra
2887 3501 2986 3541 nos
3025 3485 3325 3541 auditores.
3365 3485 3519 3552 Quod
3549 3486 3597 3540 si

2021 3578 2214 3633 horum
2230 3578 2478 3639 alterius,
2496 3576 2623 3645 quia
2649 3576 2720 3632 sit
2737 3576 3023 3631 manifesta
3046 3577 3341 3640 calumnia,
3365 3590 3468 3630 nos
3490 3589 3600 3629 non

2021 3674 2262 3731 accusat,
2323 3666 2555 3719 alterum
2616 3666 2779 3722 etiam
2837 3666 2985 3734 quod
3036 3674 3290 3735 superest
3337 3666 3597 3719 dimittat.

2019 3756 2271 3826 Equalis
2294 3758 2439 3811 enim
2470 3765 2551 3811 est
2574 3756 2847 3825 impietas,
2882 3759 3024 3811 sicut
3046 3758 3247 3809 dictum
3277 3754 3599 3816 est.Filium

2020 3848 2320 3916 ingenitum
2358 3847 2563 3909 dicere,
2598 3846 2678 3900 vel
2714 3846 2878 3898 etiam
2913 3844 3127 3900 Patrem
3156 3848 3417 3915 genitum.

2092 4021 2153 4077 Si
2181 4022 2345 4093 igitur
2378 4022 2559 4090 aliqua
2610 4021 2663 4073 in
2698 4022 2901 4075 nostris
2937 4020 3160 4089 scriptis
3212 4035 3316 4074 vox
3349 4020 3473 4075 talis
3508 4020 3596 4074 in-

2017 4122 2253 4183 venitur,
2299 4134 2407 4187 qua
2461 4116 2634 4171 Filius
2688 4118 2967 4187 ingenitus
3014 4116 3350 4182 nominetur,
3398 4123 3596 4170 contra

2019 4226 2119 4266 nos
2157 4218 2459 4264 extremum
2492 4207 2761 4263 calculum
2792 4207 3132 4261 emittemus.
3166 4204 3323 4271 Quod
3349 4205 3394 4260 si
3416 4203 3588 4260 falsas

2019 4300 2402 4354 accusationes
2462 4306 2517 4352 et
2554 4297 2862 4350 calumnias
2924 4296 2993 4349 ad
3050 4295 3263 4349 libitum
3307 4294 3589 4363 contingit,

2020 4391 2288 4462 quidlibet
2343 4392 2398 4444 in
2473 4399 2789 4445 nostrorum
2857 4387 3206 4443 decretorum
3260 4387 3592 4442 calumniam

2018 4484 2400 4545 conscribens,
2435 4481 2670 4536 fortasse
2705 4480 2846 4550 apud
2887 4480 3208 4548 prudentes,
3256 4487 3311 4534 et
3343 4478 3458 4533 haec
3492 4494 3595 4535 no-

330 4594 396 4644 γε
424 4574 548 4628 νοῦν
578 4574 759 4643 έχουσι
801 4575 894 4627 καὶ
924 4572 1063 4642 αὕτη
1097 4573 1194 4643 τῆς
1219 4572 1276 4624 ἐν
1315 4574 1447 4642 ἡμῖν
1472 4570 1754 4634 εὐσεϐείας
1777 4570 1911 4624 ἀπό-

2020 4585 2147 4632 stra:
2179 4577 2396 4646 pietatis
2426 4574 2589 4628 fuerit
2615 4572 3033 4627 demonstratio.
3061 4571 3201 4638 Quia
3221 4572 3453 4626 veritate
3489 4586 3586 4640 pro

329 4668 518 4735 δειξις.
556 4668 679 4720 ’Ότι
716 4668 815 4736 τῆς
859 4665 1115 4736 ἀληθείας
1163 4664 1319 4735 ἡμῶν
1366 4662 1808 4734 ὑπερμαχούσης,
1854 4662 1915 4715 τὸ

330 4756 527 4827 ψεῦδος
560 4758 640 4819 είς
668 4756 999 4829 κατηγορίαν
1027 4756 1120 4810 τοῦ
1157 4755 1425 4827 δόγματος
1468 4758 1623 4827 ἡμῶν
1649 4759 1916 4829 προεστή-

333 4866 487 4914 σατο,
522 4847 808 4918 ἀλλοτρίαν
855 4846 949 4901 τοῦ
981 4848 1249 4919 ἡμετέρου
1298 4848 1455 4915 λόγου
1490 4849 1915 4912 κατασκευάζων

331 4941 431 5011 τὴν
479 4940 577 5009 τῆς
622 4939 874 5003 ἀσεϐείας
921 4940 1155 5011 γραφήν.
1199 4940 1335 4993 Ἀλλ’
1370 4940 1517 4993 ἔστιν
1562 4942 1620 4993 έν
1663 4943 1914 5013 συντόμῳ

334 5034 471 5103 πρὸς
495 5032 591 5095 τὰς
612 5031 789 5095 αἰτίας
806 5031 1006 5094 ταύτας
1026 5032 1485 5103 ἀπολογήσασθαι.
1515 5034 1604 5096 Ὠς
1622 5034 1731 5106 γὰρ
1752 5036 1915 5106 ἡμεῖς

330 5125 425 5176 τὸν
450 5124 744 5193 ἀγέννητον
770 5118 909 5177 εἶναι
952 5123 1177 5191 λέγοντα
1205 5126 1296 5177 τὸν
1333 5126 1591 5196 μονογενῆ
1627 5125 1760 5179 Θεὸν
1788 5128 1916 5181 sua-

335 5232 498 5287 ρατον
546 5215 827 5286 κρίνομεν,
877 5215 1020 5270 οὕτω
1072 5217 1318 5275 κάκεῖνος
1363 5216 1657 5285 ἐπαράσθω
1689 5217 1780 5270 τὸν
1839 5218 1915 5289 μὴ

334 5306 478 5362 εἷναί
521 5326 652 5361 ποτε
674 5308 766 5362 τὸν
811 5309 869 5361 ὲν
911 5310 1050 5379 ἀρχῇ
1079 5310 1209 5361 ὄντα
1256 5308 1637 5379 διοριζόμενος.
1681 5308 1775 5362 Ἐκ
1804 5309 1913 5381 γὰρ

332 5399 428 5453 τοῦ
452 5399 694 5454 τοιούτου
719 5399 1059 5470 δειχθήσεται
1078 5399 1301 5471 τρόπου,
1330 5401 1358 5453 ὃ
1378 5416 1440 5452 τε
1470 5400 1611 5452 κατὰ
1630 5398 1909 5467 ἀλήθειαν,

336 5492 432 5547 καὶ
460 5493 490 5544 ό
517 5492 927 5561 συκοφαντικῶς
951 5492 1050 5556 τὰς
1083 5492 1263 5555 αἰτίας
1290 5491 1531 5559 ὲπάγων.
1566 5492 1630 5544 Εί
1664 5490 1721 5543 δὲ
1750 5493 1912 5561 ἡμεῖς

336 5583 648 5653 ἀρνούμεθα
673 5583 743 5636 τὰ
761 5583 1101 5653 ἐγκλήματα,
1131 5583 1225 5637 καὶ
1250 5582 1465 5654 Πατέρα
1492 5582 1763 5650 λέγοντες,
1786 5582 1912 5635 Υἱὸν

334 5676 401 5744 τῇ
435 5676 585 5746 φωνῇ
620 5674 1057 5747 συνεπινοοῦμεν,
1088 5676 1181 5728 καὶ
1228 5676 1353 5729 Υίὸν
1376 5676 1762 5744 ὀνομάσαντες,
1787 5674 1915 5747 ἀλη-

341 5762 445 5829 θῶς
481 5762 620 5820 εἷναί
659 5784 838 5837 φαμεν
874 5768 903 5820 δ
943 5767 1180 5836 λέγεται,
1208 5767 1478 5838 γεννητῶς
1504 5770 1567 5821 ὲκ
1610 5767 1705 5820 τοῦ
1748 5769 1909 5836 ἀγεν-

337 5859 498 5930 νὴτου
527 5857 701 5927 φωτὸς
738 5859 1179 5944 ἀπαυγασθέντα,
1215 5860 1331 5926 πῶς
1370 5861 1431 5916 ού
1464 5859 1727 5944 πρόδηλος
1756 5861 1790 5932 ἡ
1821 5877 1913 5914 συ-

2018 4670 2174 4725 nobis
2206 4674 2604 4739 propugnante,
2640 4666 2989 4720 mendacium
3020 4667 3074 4720 in
3108 4667 3284 4720 nostri
3319 4665 3593 4734 dogmatis

2017 4763 2422 4818 accusationem
2456 4762 2509 4814 iu
2540 4761 2777 4815 medium
2802 4760 3054 4829 protulit,
3076 4760 3308 4813 alienam
3337 4775 3366 4811 a
3400 4766 3594 4811 nostro

2016 4871 2271 4914 sermone
2328 4852 2630 4923 impietatis
2687 4853 3019 4924 scripturam
3083 4861 3433 4907 construens.
3486 4851 3591 4905 Sed

2018 4952 2283 5005 adversus
2319 4950 2417 5003 has
2446 4947 2865 5002 criminationes
2911 4945 3101 5015 paucis
3136 4945 3317 4999 verbis
3346 4942 3474 4999 licet
3500 4944 3596 4997 de-

2018 5041 2260 5097 fendere.
2289 5039 2360 5095 Ut
2390 5041 2535 5095 enim
2585 5054 2687 5093 nos
2718 5038 3019 5107 ingenitum
3074 5051 3195 5091 esse
3239 5033 3592 5103 Unigenitum

2018 5135 2188 5189 Deum
2222 5132 2315 5204 qui
2357 5138 2625 5193 autumat,
2658 5145 2782 5187 eum
2817 5127 3214 5184 exsecrabilem
3256 5126 3592 5196 iudicamus.

2018 5230 2098 5284 sic
2116 5236 2169 5284 et
2187 5228 2276 5283 ille
2294 5225 2678 5281 abominabilis
2694 5232 2834 5288 esto,
2852 5222 2948 5292 qui
2974 5237 3084 5277 non
3116 5221 3288 5277 fuisse
3300 5219 3596 5289 aliquando

2016 5337 2141 5377 eum
2176 5319 2269 5391 qui
2299 5328 2417 5375 erat
2445 5319 2498 5372 in
2533 5316 2804 5386 principio
2838 5312 3189 5370 determinat.
3237 5310 3372 5365 Nam
3403 5311 3595 5365 eodem

2017 5410 2177 5463 modo
2201 5407 2684 5469 demoustrabitur,
2716 5404 2919 5473 quique
2952 5402 3255 5456 secundum
3287 5400 3596 5462 veritatem,

2016 5509 2070 5556 et
2101 5501 2194 5570 qui
2227 5499 2565 5554 calumniose
2599 5495 3014 5550 criminationes
3060 5493 3299 5548 inducit.
3342 5493 3501 5559 Quod
3548 5493 3594 5548 si

2016 5608 2119 5649 nos
2149 5592 2457 5647 inﬁciamur
2490 5588 2745 5651 crimina,
2789 5596 2845 5643 et
2874 5587 3088 5641 Patrem
3124 5587 3391 5652 dicentes,
3429 5586 3595 5641 simul

2016 5686 2182 5741 etiam
2214 5684 2409 5738 Filium
2434 5684 2537 5738 hac
2568 5696 2700 5738 voce
2722 5690 2902 5735 mente
2925 5680 3289 5748 concipimus,
3312 5687 3366 5730 et
3396 5676 3592 5731 Filium

2017 5779 2387 5841 nominantes,
2452 5791 2581 5831 vere
2611 5789 2735 5830 esse
2776 5772 3013 5829 dicimus
3076 5774 3126 5827 id
3172 5771 3319 5843 quod
3364 5772 3591 5836 dicitur,

2022 5883 2116 5930 per
2153 5865 2372 5923 modum
2400 5864 2767 5934 generationis
2796 5863 2862 5919 ab
2898 5863 3139 5933 ingenita
3173 5862 3296 5920 luce
3324 5860 3588 5929 effulgen-
