4034 6496
505 436 608 490 διο

1833 433 1890 490 3.
1922 430 2249 489 GRECORII
2289 428 2591 486 NYSSEN‘I

3655 422 3747 481 890

506 565 635 616 tum,
662 551 940 622 quomodo
977 565 1085 605 non
1113 553 1433 623 propalatur
1465 552 1738 607 calumnia
1769 566 1959 607 eorum
1987 551 2079 622 qui

2207 550 2451 620 ιοφαντία
2483 548 2595 601 τῶν
2635 546 2931 618 ἀγέννητον
2960 542 3141 612 λέγειν
3174 542 3324 612 ἡμᾶς
3362 539 3454 593 τδν
3491 540 3744 612 Μονογενῆ

509 641 855 712 Unigeuitum
894 643 1196 714 ingenitum
1241 659 1343 700 nos
1392 643 1578 701 dicere
1617 643 2083 715 dinilganthon

506 746 686 789 tamen
741 736 1001 804 quoniam
1058 750 1155 807 per
1202 736 1425 791 modum
1476 737 1846 808 generationis
1906 738 2084 807 ipsum

503 833 627 874 esse
659 818 921 886 dicimus,
959 836 1084 874 eum
1118 835 1227 874 non
1264 820 1435 877 fuisse
1480 820 1778 891 aliquando
1837 837 1934 892 per
1983 823 2086 877 hoc

506 911 958 980 approbabimus.
992 910 1129 977 Quis
1150 912 1296 967 enim
1334 911 1513 967 nescit
1553 910 1929 966 immediatam
1962 927 2086 967 esse

506 1004 810 1059 secundum
851 1004 1219 1075 signiﬁcatum
1254 1006 1705 1061 contrarietatem
1731 1006 1875 1061 entis
1894 1014 1947 1061 et
1978 1021 2085 1061 non

507 1095 788 1151 entis?lta
821 1105 879 1152 ut
904 1098 1134 1154 alterius
1191 1098 1459 1155 dictorum
1490 1099 1785 1154 aﬂirmatio
1822 1101 2085 1154 contrarii

510 1202 742 1255 prorsus
770 1189 842 1244 sit
872 1191 1115 1259 negatio.
1158 1188 1224 1243 Et
1253 1189 1716 1260 quemadmodum
1750 1205 1897 1254 esse,
1943 1191 2086 1246 idem

511 1288 614 1340 est,
653 1296 746 1349 per
774 1296 937 1335 omne
964 1289 1203 1351 tempus,
1245 1282 1300 1335 in
1331 1296 1441 1351 quo
1470 1282 1692 1351 quidem
1724 1281 1925 1351 aliquis
1959 1282 2088 1337 sub-

514 1372 713 1427 sistere
758 1371 892 1442 quid
934 1387 1125 1428 eorum
1174 1388 1298 1443 quae
1340 1381 1489 1435 sunt,
1542 1374 1936 1443 suppusuerit:
1975 1386 2087 1428 non

513 1466 657 1519 enim
694 1466 864 1536 magis
906 1480 1052 1520 nunc
1091 1473 1175 1520 est
1223 1465 1424 1520 crelum
1468 1476 1522 1519 et
1549 1467 1757 1531 sidera,
1792 1475 1848 1521 et
1879 1466 1985 1531 sol,
2035 1476 2090 1522 et

514 1558 721 1629 reliqua
750 1573 942 1614 eorum
973 1574 1095 1629 quae
1128 1566 1278 1623 sunt,
1310 1573 1472 1628 quam
1522 1559 1635 1614 heri
1671 1567 1727 1612 et
1770 1560 2088 1615 nudiuster-

515 1650 644 1713 tius,
674 1650 923 1720 atquein
973 1649 1123 1704 omni
1167 1649 1529 1705 antecedente
1576 1659 1849 1721 tempore:
1898 1650 2089 1706 eodem

514 1740 677 1796 modo
724 1742 1094 1812 signiﬁcatum
1149 1743 1273 1813 ejus
1336 1743 1483 1813 quod
1533 1744 1735 1797 dicitur
1784 1760 1892 1799 non
1944 1758 2089 1811 esse,

514 1835 808 1904 semperin
835 1836 984 1890 omni
1016 1850 1083 1891 ex
1116 1850 1274 1907 atquo
1308 1836 1362 1891 id
1388 1837 1535 1907 quod
1562 1853 1669 1891 non
1706 1838 1929 1892 exsistit
1956 1853 2091 1892 con-

2189 642 2591 714 θρυλλού’ντων;
2620 641 2694 695 ού
2740 637 2849 709 μὴν
2886 635 3075 707 ἐπειδὴ
3105 632 3379 704 γεννητῶς
3425 632 3585 685 αὑτὸν
3626 627 3746 686 εἷναί

2188 753 2387 807 φαμεν,
2414 734 2475 788 rb
2506 733 2580 806 μὴ
2611 729 2751 788 εἶναι
2782 730 2947 785 αὐτόν
2981 744 3133 791 ποτε,
3160 725 3249 778 διὰ
3291 724 3449 778 τοῦτο
3476 723 3750 795 παραδεξό-

2192 827 2350 897 μεθα.
2385 825 2483 889 Τίς
2505 826 2621 896 γὰρ
2644 824 2745 877 οὐκ
2771 818 2913 876 οἶδεν
2945 821 3029 874 ὅτι
3074 816 3277 888 ἄμεσός
3301 817 3449 868 ἐστιν
3476 816 3508 886 ή
3540 816 3673 868 κατὰ
3698 814 3751 867 rb

2189 918 2585 989 σημαινόμενον
2606 917 2923 977 ἐναντίωσις
2946 910 3046 965 τοῦ
3067 910 3219 972 ὄντος
3240 908 3334 961 καὶ
3360 905 3455 960 τοῦ
3490 906 3562 978 μὴ
3585 906 3747 971 ὄντοςς

2192 1011 2353 1063 Ὥστε
2389 1008 2484 1080 τὴν
2515 1007 2610 1061 τοῦ
2640 1008 2831 1078 ἐτέρου
2854 1006 2962 1058 τῶν
3007 1001 3317 1073 εἰρημένων
3353 997 3524 1061 θέσιν,
3554 996 3749 1067 ἀναίρε-

2190 1118 2276 1154 σιν
2308 1098 2401 1153 τοῦ
2428 1099 2669 1153 ἐναντίου
2708 1096 2963 1166 γενέσθαι
3000 1094 3239 1156 πάντως.
3272 1091 3384 1145 Καὶ
3413 1091 3495 1144 ὃτι
3525 1088 3750 1161 καθάπερ

2187 1191 2250 1244 τὸ
2285 1186 2423 1244 εἶναι
2449 1188 2593 1243 κατά
2638 1187 2837 1250 παντὸς
2875 1188 3068 1257 χρόνου
3102 1183 3297 1237 ταύτόν
3326 1182 3495 1247 ἐστιν,
3522 1181 3578 1235 ὲν
3617 1176 3751 1252 ᾧπερ

2190 1284 2254 1339 ἄν
2282 1300 2366 1346 τις
2409 1283 2706 1351 ὑφεστάναι
2751 1298 2806 1334 τι
2854 1279 2963 1332 τῶν
3009 1278 3178 1331 ὄντων
3212 1274 3481 1345 ὑπόθηται
3505 1290 3517 1303 ·
3557 1273 3616 1326 ού
3656 1274 3750 1346 γάρ

2194 1376 2395 1448 μᾶλλον
2427 1372 2523 1427 νῦν
2560 1375 2706 1427 ἐστιν
2735 1372 2961 1443 οὐρανὸς
2989 1371 3082 1424 καὶ
3114 1370 3310 1439 ἄστρα,
3348 1367 3444 1421 καὶ
3478 1365 3639 1435 ἥλιος,
3669 1366 3751 1419 καὶ

2189 1468 2260 1521 τά
2282 1465 2445 1520 λοιπά
2469 1466 2577 1519 τῶν
2602 1465 2772 1519 ὄντων
2798 1465 2831 1536 ἦ
2863 1462 2990 1535 χθὲς
3025 1462 3117 1515 κα)⁸
3139 1460 3351 1532 πρώην,
3385 1458 3479 1513 καὶ
3506 1457 3657 1512 παντὶ
3686 1457 3751 1528 τῷ

2192 1560 2487 1633 προάγοντι
2518 1558 2695 1629 χρόνῳ
2715 1574 2729 1588 ο
2758 1556 2852 1610 τὸν
2875 1554 3037 1608 αὑτὸν
3066 1554 3267 1624 τρόπον
3298 1550 3511 1605 καὶτοῦ
3539 1549 3608 1621 μὴ
3632 1545 3750 1603 εἶναι

2191 1652 2253 1704 rb
2279 1650 2675 1722 σημαινόμενον
2700 1648 2895 1718 ἐπίσης
2920 1647 2977 1697 ἐν
3002 1644 3167 1697 παντὶ
3188 1644 3250 1698 rb
3272 1642 3612 1712 ἀνύπαρκτον
3636 1642 3747 1710 ἔχει.

2194 1743 2317 1796 Εἴτε
2347 1742 2488 1796 κατά
2519 1740 2579 1795 τὸ
2609 1739 2873 1811 πρότερόν
2901 1755 3004 1802 τις,
3036 1737 3145 1790 εἴτε
3169 1735 3309 1790 κατὰ
3334 1735 3396 1787 rb
3436 1733 3650 1804 ὕστερον
3675 1733 3750 1785 λέ-

2193 1852 2299 1903 γοι.
2326 1834 2401 1889 Ού
2428 1833 2537 1904 γάρ
2570 1832 2770 1903 μᾶλλον
2792 1829 2888 1883 νῦν
2910 1846 2963 1881 τι
2990 1829 3097 1883 τῶν
3128 1827 3458 1897 ὑφεστώτων
3486 1826 3582 1879 οὐκ
3607 1825 3748 1891 ἐστιν,

516 1928 675 1993 ιίυει.
708 1928 836 1983 Sive
866 1928 993 1998 quis
1042 1927 1348 1983 secundum
1386 1929 1561 1999 prius,
1616 1929 1733 1985 sive
1784 1930 2089 1985 secundum

2207 1929 2231 1999 ἢ
2263 1930 2312 1981 εί
2341 1927 2605 1998 πρότερον
2630 1922 2978 1996 ἀνύπαρκτον
2998 1918 3086 1994 ἦν,
3114 1920 3251 1974 ἀλλά
3270 1914 3350 1983 εἷς
3367 1922 3396 1973 ὁ
3416 1918 3509 1972 τοῦ
3541 1917 3609 1988 μὴ
3633 1912 3755 1969 εἶναι

517 2018 791 2087 posterius
817 2019 984 2073 dicat.
1044 2017 1161 2073 Non
1193 2021 1340 2075 enim
1400 2022 1572 2091 magis
1612 2038 1777 2085 nunc,
1829 2022 1961 2093 quid
2004 2039 2097 2078 eo-

518 2123 637 2162 rum
666 2123 791 2178 qute
821 2110 1209 2173 substiterunt,
1236 2127 1346 2166 non
1373 2122 1477 2178 est,
1512 2129 1675 2183 quam
1719 2114 1765 2169 si
1798 2116 1955 2183 prius
1984 2131 2096 2171 non

516 2197 842 2261 exstitisset,
876 2198 971 2253 sed
1003 2216 1111 2254 una
1145 2200 1449 2272 eademque
1478 2212 1562 2259 est
1602 2205 1823 2259 essendi
1865 2206 2007 2261 ratio
2040 2207 2095 2261 in

516 2303 590 2342 co
612 2288 760 2359 quod
793 2304 903 2345 non
959 2300 1067 2356 est,
1131 2293 1189 2347 in
1249 2293 1399 2348 omni
1454 2296 1741 2365 temporali
1785 2298 2093 2351 intervallo.

518 2379 789 2447 Quocirca
819 2383 873 2437 in
930 2384 1262 2441 animalibus
1313 2386 1431 2454 ejus
1460 2387 1604 2456 quod
1656 2387 1758 2441 fuit
1799 2390 1852 2443 in
1912 2404 2095 2444 rerum

518 2483 715 2529 natura
742 2475 796 2529 in
830 2475 884 2530 id
916 2476 1066 2546 quod
1112 2491 1226 2532 non
1277 2486 1362 2534 est
1412 2479 1832 2544 resolutionem,
1890 2489 1947 2537 et
1975 2482 2098 2552 ejus

518 2568 665 2637 quod
698 2569 946 2624 nondum
972 2570 1027 2624 in
1068 2585 1250 2624 rerum
1277 2578 1530 2625 naturam
1566 2587 1850 2628 accessum
1877 2575 2091 2640 habuit,

521 2660 838 2715 nominibus
864 2660 1084 2730 quidem
1126 2658 1529 2727 diﬂ'erentibns,
1568 2677 1676 2716 non
1718 2663 2097 2720 exsistentiam

522 2748 924 2819 signiﬁcamus,
960 2749 1044 2804 vel
1069 2763 1181 2803 non
1214 2750 1456 2819 genitum
1509 2749 1685 2805 fuisse
1718 2766 1749 2804 ιι
1807 2752 2097 2822 principio,

522 2840 608 2894 vel
662 2848 936 2894 mortuum
1005 2854 1131 2894 esse
1175 2839 1419 2909 genitum
1485 2838 1775 2893 dicentes:
1817 2841 2103 2909 aequaliter

523 2940 705 2985 autem
738 2945 834 3001 per
880 2940 1173 3000 utramque
1198 2946 1410 2996 vocem,
1438 2946 1547 2984 non
1572 2931 1945 2985 cxsistentiam
1972 2946 2099 2987 ora-

525 3026 676 3080 tione
722 3032 1204 3094 reprazsentamus.
1264 3020 1741 3089 Quemadmodum
1790 3023 1933 3076 enim
1984 3022 2103 3078 dies

524 3124 687 3171 nocte
722 3116 1061 3181 continetur,
1094 3116 1163 3170 ab
1198 3124 1430 3184 utraque
1455 3124 1630 3183 parte,
1664 3129 1772 3169 non
1806 3126 1986 3169 autem
2012 3117 2103 3168 di-

525 3216 729 3263 cuntur
754 3209 943 3264 eodem
975 3209 1136 3263 modo
1163 3217 1344 3277 partes
1379 3223 1501 3277 quae
1536 3208 1842 3272 continent,
1882 3207 1978 3262 sed
2003 3208 2103 3262 hoc

525 3301 749 3371 quidem
794 3308 919 3371 post
950 3316 1252 3370 vesperam,
1289 3300 1419 3354 illud
1452 3314 1582 3354 vero
1618 3308 1745 3354 ante
1778 3300 2105 3364 diluculum,

528 3406 638 3447 nox
668 3400 847 3447 autem
873 3397 960 3446 est
988 3389 1133 3458 quod
1152 3390 1466 3443 declaratur
1500 3390 1806 3445 secundum
1842 3399 2106 3459 utraque:

533 3484 729 3537 eodem
768 3483 954 3546 modo,
993 3484 1037 3537 si
1072 3482 1197 3551 quis
1236 3498 1302 3535 ex
1334 3490 1523 3536 mutua
1558 3482 1705 3536 inter
1730 3497 1788 3538 se
1830 3497 2111 3552 compara-

529 3575 681 3629 tione
715 3589 840 3628 cum
867 3589 932 3629 eo
961 3573 1109 3644 quod
1132 3573 1405 3641 est,quod
1441 3589 1553 3628 non
1585 3583 1671 3629 est
1698 3575 1942 3631 vicissim
1974 3590 2112 3629 con-

532 3666 757 3733 sideret,
786 3664 1094 3720 nominabit
1148 3665 1370 3734 quidem
1417 3665 1755 3730 diderenter,
1797 3666 1945 3736 quod
1984 3676 2112 3722 ante

532 3758 983 3815 constitutionem
1035 3766 1092 3814 et
1145 3757 1290 3828 quod
1348 3768 1470 3827 post
1524 3759 1939 3815 dissolutionem
1990 3760 2112 3830 ejus

532 3852 680 3922 quod
714 3852 770 3907 in
809 3865 992 3907 rerum
1024 3844 1221 3905 natura
1250 3850 1607 3918 substiterat;
1638 3852 1734 3906 sed
1762 3867 1925 3906 unum
1956 3867 2113 3922 pror-

533 3959 631 3998 sus
658 3942 913 4013 idemque
945 3940 1310 4012 signiﬁcatum
1340 3956 1436 4011 per
1459 3950 1695 4011 utraque
1737 3942 2022 4014 intelliget,
2057 3952 2113 4000 et

531 4035 679 4106 quod
711 4043 836 4090 ante
860 4034 1335 4096 constitutionem,
1371 4040 1426 4088 et
1452 4033 1596 4100 quod
1619 4042 1744 4105 post
1786 4033 2112 4091 dissolutio-

532 4144 657 4185 nem
679 4128 798 4198 ejus
827 4128 972 4199 quod
1006 4127 1356 4183 substiterat.
1418 4124 1554 4180 Nam
1592 4140 1705 4181 non
1737 4140 1860 4181 esse
1888 4134 1944 4182 et
1992 4126 2113 4197 ejus

532 4223 678 4292 quod
708 4236 990 4289 nunquam
1022 4219 1144 4285 fuit,
1208 4226 1264 4274 et
1310 4219 1434 4288 ejus
1490 4219 1636 4289 quod
1689 4229 1964 4274 mortuum
2006 4228 2112 4286 est,

533 4310 680 4367 idem
708 4319 812 4372 est,
845 4318 1069 4379 excepta
1110 4317 1324 4365 tantum
1362 4310 1642 4366 nominum
1687 4309 2015 4373 diﬁ‘erentia,
2065 4309 2113 4365 si

535 4408 720 4457 tamen
770 4402 1051 4470 exceperis
1085 4414 1204 4455 eam
1236 4414 1358 4470 quae
1397 4400 1450 4453 in
1493 4414 1592 4469 spe
1638 4409 1723 4455 est
1752 4400 2117 4455 resurrectio—

536 4508 683 4548 nem.
714 4492 982 4558 Quoniam
1021 4493 1186 4562 igitur
1219 4492 1348 4547 vita:
1388 4492 1691 4561 principem
1740 4501 1793 4546 et
1823 4493 2115 4562 ipsammet

2197 2016 2351 2086 λόγος
2368 2016 2462 2071 ἐπὶ
2487 2014 2581 2069 τοῦ
2606 2014 2681 2087 μὴ
2707 2014 2859 2078 ὄντος
2892 2014 2950 2066 ἐν
2975 2013 3139 2067 παντὶ
3164 2011 3401 2082 χρονικῷ
3429 2010 3750 2077 διαστήματι.

2196 2109 2287 2162 Διὸ
2324 2109 2418 2163 καὶ
2446 2108 2539 2161 ἐπὶ
2582 2106 2691 2161 τῶν
2733 2104 2888 2171 ζώων
2926 2106 3027 2176 τήν
3061 2122 3119 2158 τε
3150 2103 3245 2157 τοῦ
3277 2102 3560 2172 γεγονότος
3595 2101 3667 2162 είς
3701 2097 3756 2151 τὸ

2201 2199 2275 2271 μὴ
2294 2200 2353 2254 ὃν
2382 2200 2661 2262 ἀνάλυσιν,
2690 2198 2786 2251 καὶ
2817 2195 2915 2250 τοῦ
2948 2196 3174 2268 μηδέπω
3202 2195 3300 2265 τὴν
3341 2195 3420 2257 είς
3446 2192 3507 2246 rb
3532 2189 3754 2260 γενέσθαι

2198 2295 2431 2364 πάροδον
2469 2292 2784 2365 ἐσχηκότος,
2829 2291 3056 2362 ὀνόμασι
3094 2290 3193 2361 μὲν
3230 2288 3510 2359 διαφόροις
3546 2286 3640 2355 τὴν
3682 2286 3757 2336 ἀνά

2198 2385 2470 2457 υπαρξίαν
2501 2385 2858 2456 σημαίνομεν,
2885 2383 2918 2453 ἦ
2955 2382 3028 2455 μή
3052 2380 3383 2452 γεγενῆσθαι
3409 2380 3507 2449 τήν
3525 2377 3701 2449 ἀρχὴν,
3726 2376 3755 2446 ἢ

2197 2475 2451 2528 τεθνάναι
2497 2475 2557 2528 rb
2617 2473 2955 2543 γεννώμενον
3005 2472 3275 2540 λέγοντες.
3329 2471 3554 2540 Ἐπίσης
3602 2468 3654 2520 δὲ
3700 2465 3756 2518 δι’

2200 2568 2465 2638 ἑκατέρας
2490 2571 2673 2639 φωνῆς
2693 2568 2755 2621 rb
2778 2567 3127 2638 ἀνύπαρκτον
3148 2581 3223 2617 πα
3233 2561 3400 2635 ριστῶ
3408 2579 3506 2633 μεν
3524 2560 3597 2629 τῷ
3614 2559 3756 2629 λόγῳ.

2203 2662 2414 2733 Ὥσπερ
2440 2661 2548 2733 γὰρ
2584 2663 2617 2733 ἡ
2661 2662 2845 2732 ήμέρα
2878 2661 3033 2715 νυκτὶ
3066 2660 3381 2730 περιέχεται
3438 2656 3558 2710 καθ’
3591 2656 3759 2709 ἑκάτε-

2205 2771 2296 2824 ρον
2330 2753 2516 2823 μέρος,
2561 2752 2776 2820 λέγεται
2803 2752 2858 2804 δὲ
2891 2752 2988 2820 οὐχ
3036 2749 3300 2812 ὡσαύτως
3336 2748 3405 2801 τὰ
3448 2746 3759 2817 περιέχοντα,

2203 2844 2339 2898 ἀλλά
2364 2846 2424 2897 τὸ
2454 2845 2552 2915 μὲν
2576 2844 2714 2914 μετά
2743 2844 2841 2913 τὴν
2866 2842 3126 2914 ἑσπέραν,
3154 2842 3213 2893 τὸ
3236 2840 3293 2893 δὲ
3319 2838 3429 2911 πρὸ
3448 2838 3540 2892 τοῦ
3567 2837 3759 2908 ὄρθρου,

2203 2938 2299 3005 νὺξ
2326 2938 2382 2991 δὲ
2412 2940 2473 2990 rb
2505 2936 2834 3009 δηλούμενόν
2863 2937 2979 2989 ἐστι
3006 2936 3125 2989 κατ’
3156 2933 3446 3004 ἀμφότερα
3465 2948 3477 2961 '
3507 2931 3596 2985 τὸν
3625 2928 3763 2983 αὑτὸν

2203 3030 2406 3101 τρόπον
2436 3031 2484 3082 εί
2510 3031 2574 3083 ὲκ
2599 3028 2693 3082 τοῦ
2726 3026 3072 3100 παραλλήλου
3100 3025 3237 3097 πρὸς
3264 3025 3324 3078 rb
3344 3023 3409 3077 ὄν
3443 3020 3759 3092 ἀντιθεωροὲη

2206 3138 2289 3185 τις
2321 3121 2380 3174 rb
2410 3120 2485 3192 μή
2533 3120 2616 3185 ὃν,
2654 3118 3020 3189 κατονομάσει
3053 3118 3149 3187 μὲν
3182 3115 3460 3186 διαφόρως
3502 3113 3559 3166 τό
3587 3129 3642 3164 τε
3674 3109 3762 3178 πρὸ

2208 3218 2306 3286 τῆς
2339 3215 2649 3277 συστάσεως
2697 3212 2791 3265 καὶ
2819 3211 2880 3264 rb
2931 3208 3069 3279 μετά
3110 3207 3209 3278 τήν
3236 3205 3330 3259 τοῦ
3361 3204 3645 3267 συστάντος
3669 3201 3763 3255 διά-

2210 3309 2383 3371 λυσιν,
2413 3308 2474 3360 ἐν
2510 3305 2568 3360 δὲ
2595 3305 2777 3375 νοήσει
2807 3303 2874 3355 δι’
2907 3299 3233 3372 ἀμφοτέρων
3277 3299 3338 3352 τὸ
3373 3296 3761 3368 σημαινόμενον,

2210 3398 2271 3451 τό
2300 3414 2359 3449 τε
2390 3394 2497 3466 πρὸ
2543 3393 2644 3464 τῆς
2676 3392 3012 3455 συστάσεως,
3047 3390 3141 3443 καὶ
3170 3388 3231 3442 τὸ
3265 3389 3403 3460 μετὰ
3451 3387 3547 3459 τήν
3572 3386 3656 3441 τοῦ
3683 3404 3761 3440 συ-

2213 3492 2437 3553 στάντος
2474 3486 2736 3542 διάλυσιν.
2772 3484 2845 3538 Τὸ
2874 3486 2983 3555 γάρ
3017 3481 3092 3554 μὴ
3126 3476 3286 3546 εἶναι,
3327 3480 3423 3535 τοῦ
3457 3498 3515 3534 τε
3564 3478 3633 3551 μὴ
3659 3495 3764 3547 γεν⁸

2211 3581 2469 3652 νηθέντος
2503 3579 2598 3634 καὶ
2621 3576 2715 3631 τοῦ
2748 3575 3072 3645 τεθνηκότος
3106 3573 3246 3644 πλὴν
3274 3574 3372 3643 τῆς
3396 3573 3652 3641 διαφορᾶς
3676 3571 3768 3623 τῶν

2212 3674 2511 3745 ὀνομάτων,
2541 3667 2656 3724 ἶσόν
2690 3671 2858 3735 ἐστιν,
2915 3667 3332 3741 ύπεξῃρημένου
3375 3665 3473 3719 τοῦ
3518 3665 3647 3719 κατὰ
3682 3663 3768 3731 τήν

2213 3766 2403 3820 ἐλπίδα
2430 3765 2528 3835 τῆς
2557 3762 2903 3823 ἀναστάσεως
2932 3760 3112 3830 λόγου.
3163 3758 3379 3828 Ἐπειδὴ
3413 3758 3591 3811 τοίνυν
3620 3757 3767 3825 ἀρχη-

2213 3858 2306 3926 γὸν
2326 3856 2471 3926 ζωῆς
2494 3855 2589 3908 καὶ
2634 3853 2912 3923 αύτοξωὴν
2955 3852 3047 3907 τὸν
3083 3853 3344 3922 μονογενῆ
3370 3850 3503 3903 Θεὸν
3523 3847 3663 3918 παρά
3680 3846 3767 3915 τῆς

2213 3950 2438 4021 Γραφῆς
2489 3946 2908 4018 μεμαθήκαμεν,
2939 3944 3035 3997 καὶ
3071 3942 3207 4012 φῶς,
3248 3943 3344 3996 καὶ
3386 3942 3656 4012 ἀλήθειαν,
3690 3937 3767 3992 καὶ

2214 4043 2321 4095 πᾶν
2350 4040 2541 4110 ὃτιπέρ
2566 4040 2713 4091 ἐστιν
2740 4038 2798 4090 ἐν
2823 4036 3047 4107 ὀνόματι
3074 4034 3167 4089 καὶ
3187 4035 3423 4104 νοήματι
3444 4034 3632 4105 τίμιον,
3662 4033 3767 4087 ἄτο-

2214 4151 2316 4189 πον
2349 4135 2443 4188 καὶ
2487 4131 2740 4194 δυσσεϐὲς
2767 4126 2906 4184 εἶναί
2948 4146 3150 4200 φαμεν,
3192 4126 3270 4197 τῷ
3305 4126 3479 4192 ὄντως
3510 4128 3617 4182 ὄντι
3660 4142 3768 4179 συν·

2215 4222 2442 4294 θεωρεῖν
2479 4221 2541 4274 τὸ
2591 4219 2651 4284 ἐξ
2694 4218 2939 4273 ἐναντίου
2993 4217 3305 4289 νοούμενον,
3352 4219 3385 4291 ἢ
3432 4218 3660 4273 διάλυσιν
3700 4215 3767 4276 είς

2216 4315 2441 4387 φθορὰν,
2473 4313 2505 4383 ἢ
2531 4310 2869 4381 ἀνυπαρξίαν
2894 4309 2999 4381 πρὸ
3026 4310 3124 4381 τῆς
3148 4311 3478 4377 συστάσεως,
3508 4307 3634 4363 ἀλλὰ
3653 4323 3768 4360 παν-

2214 4406 2439 4476 ταχόθεν
2471 4403 2608 4473 πρὸς
2651 4401 2713 4453 rb
2772 4398 3103 4470 προαιώνιον
3142 4401 3542 4464 ἐπεκτείνοντες
3586 4393 3767 4453 ἑαυτῶν

2215 4498 2313 4567 τὴν
2340 4497 2600 4558 διάνοιαν,
2644 4490 2882 4562 οὐδαμοῦ
2914 4492 3051 4563 πρὸς
3080 4493 3140 4546 rb
3189 4494 3264 4565 μὴ
3306 4492 3366 4547 ὃν
3409 4496 3528 4555 ταῖς
3565 4488 3766 4549 ἐννοίαις

532 4585 702 4638 vitam
738 4581 1092 4654 Unigenitum
1136 4584 1305 4639 Deum
1354 4598 1421 4640 ex
1466 4584 1751 4653 Scriptura
1791 4583 2103 4651 didicimus,

2218 4591 2452 4660 λήγομεν
2473 4604 2486 4618 ⁸
2508 4584 2625 4640 ἴσον
2645 4587 2724 4649 είς
2740 4583 2996 4637 ἀσέϐειαν
3016 4584 3290 4653 κρίνοντες
3307 4586 3597 4657 οίῳδήποτε
3618 4581 3767 4654 χρόνῳ

532 4684 589 4731 et
620 4676 814 4741 lucem,
854 4682 907 4730 et
937 4676 1247 4742 veritatem,
1291 4684 1347 4731 et
1379 4676 1648 4747 quidquid
1685 4685 1770 4732 est
1822 4678 2110 4731 nominatu

441 4826 453 4839 ε
533 4777 587 4822 et
618 4768 895 4823 intellectu
926 4766 1149 4839 dignum
1201 4775 1256 4821 et
1300 4768 1645 4834 honorabile,
1691 4767 1993 4823 absurdum
2038 4779 2115 4823 at-

534 4878 641 4932 que
670 4861 896 4933 impium
933 4859 1173 4915 dicimus
1220 4875 1366 4925 esse,
1423 4875 1550 4914 cum
1587 4874 1654 4915 eo
1703 4861 1796 4931 qui
1834 4877 1965 4917 vere
2005 4868 2111 4925 est,

533 4953 894 5023 contemplari
931 4953 1096 5007 etiam
1159 4952 1304 5022 quod
1352 4968 1383 5007 e
1431 4953 1717 5007 contrario
1768 4954 2112 5025 intelligitur,

532 5049 621 5101 Vel
657 5046 1071 5102 dissolutionem
1105 5047 1157 5100 in
1212 5046 1520 5108 interitum,
1579 5046 1664 5099 vel
1705 5061 1813 5100 non
1846 5047 2117 5101 exsisten-

534 5138 665 5193 tiam
707 5147 833 5192 ante
868 5138 1340 5198 constitutionem,
1405 5136 1503 5192 sed
1533 5137 1775 5206 undique
1824 5136 2117 5206 cogitatio—

537 5248 659 5288 nem
718 5233 784 5286 ad
845 5231 896 5287 id
947 5231 1095 5301 quod
1145 5230 1343 5286 saecula
1405 5230 1687 5299 praecessit
1733 5230 2115 5294 extendentes,

534 5344 806 5399 nusquam
837 5328 904 5382 ad
954 5328 1009 5383 id
1041 5325 1190 5398 quod
1235 5340 1349 5380 non
1384 5333 1471 5380 est
1516 5323 1945 5393 cogitationibus
1985 5323 2117 5379 dell-

534 5421 742 5481 nimus,
794 5418 1059 5488 aequalem
1118 5415 1458 5487 impietatem
1493 5413 1831 5482 iudicantes,
1876 5429 2115 5483 quonam

533 5513 757 5567 tandem
788 5520 1036 5581 tempore
1061 5526 1159 5580 per
1181 5526 1291 5563 non
1333 5508 1713 5564 exsistentiam
1738 5507 1980 5562 divinam
2021 5525 2118 5561 na-

536 5614 716 5659 turam
750 5605 1168 5659 circumcidere.
1216 5602 1359 5657 Idem
1393 5618 1540 5657 enim
1572 5610 1656 5657 est
1699 5609 1755 5656 et
1788 5602 2018 5658 mortale
2044 5602 2121 5655 di-

537 5710 665 5749 cere
721 5696 1084 5749 immortalem
1140 5696 1330 5756 vitam,
1393 5702 1447 5749 et
1482 5692 1674 5748 falsam
1721 5693 2006 5748 veritatem
2062 5701 2120 5748 et

537 5776 884 5843 tenebrosam
918 5788 1113 5851 lucem,
1153 5796 1207 5842 et
1238 5802 1352 5865 non
1396 5801 1521 5843 esse
1578 5786 1628 5840 id
1672 5784 1816 5855 quod
1853 5793 1959 5841 est.
2016 5786 2121 5852 Qui

543 5881 708 5952 igitur
759 5895 867 5937 non
910 5880 1026 5937 fore
1086 5880 1382 5951 aliquando
1443 5890 1555 5936 non
1613 5878 1890 5945 concedit,
1946 5894 2122 5949 neque

2218 4682 2286 4735 δι’
2312 4678 2652 4750 ἀνυπαρξίας
2682 4676 3037 4749 περικόπτειν
3067 4677 3127 4730 rb
3142 4674 3316 4732 Θεῖον.
3348 4678 3525 4731 Ταύτὸ
3549 4676 3648 4745 γάρ
3670 4675 3764 4725 ἐστι

2221 4773 2314 4828 καὶ
2342 4772 2544 4843 θνητὴν
2566 4772 2738 4824 εἰπεῖν
2764 4770 2863 4841 τὴν
2895 4769 3160 4823 ἀθάνατον
3181 4769 3343 4839 ζωὴν,
3379 4769 3472 4823 καὶ
3507 4766 3660 4837 ψευδῆ
3684 4760 3765 4831 τήν

2218 4864 2493 4934 ἀλήθειαν,
2532 4863 2622 4916 καὶ
2649 4860 2921 4915 σκοτεινὸν
2954 4859 3014 4912 τὸ
3036 4859 3170 4927 φῶς,
3213 4859 3306 4912 καὶ
3350 4859 3425 4931 μὴ
3457 4855 3588 4911 εἶναι
3615 4855 3670 4906 τὸ
3697 4852 3762 4904 ὄν.

2233 4956 2291 5009 '0
2318 4955 2495 5007 τοίνυν
2521 4954 2581 5007 rb
2612 4953 2684 5024 μὴ
2720 4952 2939 5005 ἔσεσθαί
2969 4968 3099 5004 ποτε
3128 4949 3203 5021 μὴ
3247 4950 3442 5016 διδοὺς,
3474 4948 3588 5003 οὐδὲ
3626 4944 3678 4998 τὸ
3702 4939 3765 5012 μὴ

2222 5047 2359 5102 εἷναί
2385 5065 2512 5100 ποτε
2537 5046 2880 5115 συνθήσεται,
2908 5044 3049 5098 κατά
3076 5045 3167 5097 τὸν
3195 5043 3458 5114 ἡμέτερον
3494 5040 3658 5107 λόγον,
3684 5032 3765 5102 τήν

2222 5139 2390 5210 αὐτὴν
2416 5138 2645 5191 ἀτοπίαν
2675 5137 2891 5206 φεύγων
2924 5137 3043 5191 καθ’
3076 5136 3336 5207 ἑκάτερον
3374 5135 3559 5205 μέρος·
3582 5131 3650 5191 ώς
3674 5124 3766 5195 γὰρ

2222 5232 2283 5285 rb
2314 5230 2666 5283 ἁτελέστατον
2700 5227 2798 5299 τῆς
2841 5228 2987 5297 ζωῆς
3028 5226 3123 5280 τοῦ
3162 5224 3496 5293 Μονογενοῦς
3533 5224 3628 5276 οὐκ
3662 5220 3762 5273 ἑπι-

2225 5325 2413 5378 κόπτει
2444 5322 2693 5384 θάνατος,
2729 5319 2901 5381 οὕτως
2946 5319 3066 5372 οὐδὲ
3097 5319 3237 5372 κατὰ
3265 5319 3324 5372 τὸ
3352 5318 3463 5371 ἄνω
3497 5317 3764 5389 ήάνυπαρο

2225 5416 2311 5484 Eia
2335 5416 2521 5486 στήσει
2550 5412 2684 5482 πρὸς
2713 5411 2774 5464 rb
2798 5410 2965 5463 ἀΐδιον
2988 5410 3153 5463 αὐτοῦ
3180 5409 3276 5479 τὴν
3299 5410 3444 5481 ζωὴν
3470 5405 3733 5479 προϊοῦσαν
3749 5416 3760 5429 '

2224 5506 2298 5569 ὡς
2326 5505 2391 5559 ἂν
2427 5502 2759 5573 πανταχόθεν
2793 5500 3086 5571 καθαρεύοι
3122 5499 3183 5553 rb
3226 5500 3395 5565 ὄντως
3436 5500 3493 5554 ὃν
3522 5498 3615 5567 τῆς
3651 5492 3764 5564 πρὸς

2224 5598 2285 5650 rb
2309 5596 2384 5670 μὴ
2421 5596 2588 5659 ὄντως
2619 5593 2677 5647 ὃν
2700 5592 3002 5655 κοινωνίας.
3032 5591 3130 5644 Διά
3156 5591 3312 5645 τοῦτο
3338 5593 3522 5663 πόρρω
3550 5584 3759 5658 γίνεσθαι

2226 5689 2325 5760 τῆς
2359 5686 2614 5757 τοιαύτης
2644 5684 2850 5755 πλάνης
2881 5683 3005 5746 τοὺς
3031 5681 3279 5753 μαθητὰς
3308 5682 3476 5737 θέλων
3511 5682 3537 5733 ὁ
3561 5677 3750 5760 Κύριοςξ

2226 5758 2300 5847 ὡς
2327 5782 2395 5836 ἂν
2432 5780 2505 5849 μή
2556 5794 2707 5840 ποτε,
2736 5776 2829 5833 καὶ
2873 5774 3026 5829 αὐτοὶ
3067 5773 3130 5827 rb
3162 5774 3522 5845 πρεσϐύτερον
3557 5770 3644 5838 τῆς
3683 5758 3781 5826 rei!

2228 5872 2566 5945 Μονογενοῦς
2618 5870 2966 5937 ὑποστάσεως
2992 5866 3407 5942 ἀναζητοῦντες,
3440 5864 3569 5939 πρὸς
3598 5860 3651 5914 τὸ
3682 5854 3759 5913 ἂν·
