4034 6476
260 427 354 483 821

1370 445 1649 501 CONTRA
1694 449 2081 517 EUNOMIUM,
2126 453 2254 507 LIB.
2297 453 2384 507 IX.

3402 450 3506 503 8‘22

261 545 541 618 ύπαρκτον
573 553 684 613 τοῖς
716 551 990 624 λογισμοῖς
1026 557 1393 629 ἀπενεχθεῖενο
1426 564 1594 631 Ἐγὼ,
1632 567 1817 635 φησὶν,

1953 570 2091 622 :tiani
2146 569 2441 638 aliquando
2496 583 2602 623 non
2645 583 2768 622 esse
2818 567 3146 631 consentiet,
3202 570 3505 622 secundum

260 638 331 691 ἐν
362 637 443 703 τῷ
466 643 669 709 Πατρὶ,
702 645 799 697 καὶ
836 649 868 698 ό
898 647 1099 715 Πατὴρ
1121 649 1191 703 ἐν
1213 651 1365 719 ἐμοὶ,
1392 653 1467 717 ὡς
1490 653 1614 707 οὔτε
1637 657 1729 709 τοῦ
1760 657 1835 726 μὴ

260 729 415 794 ὄντος
442 732 499 783 ὲν
528 732 608 802 τῷ
633 735 764 799 ὅντι,
814 738 923 790 εἴτε
960 742 1051 794 τοῦ
1085 743 1237 806 ὄντος
1276 745 1334 797 ὲν
1362 746 1438 817 τῷ
1470 746 1543 817 μὴ
1569 748 1701 800 ὄντι.
1728 751 1837 802 Καὶ

260 820 400 893 αὐτὴ
426 824 483 875 δὲ
511 827 543 895 ἠ
572 826 666 878 τοῦ
696 828 853 896 λόγου
879 831 1051 898 τάξις,
1085 834 1146 888 τὸ
1178 837 1398 901 εὐσεϐὲς
1426 840 1716 909 ἐρμηνεύει
1744 842 1836 894 τοῦ

261 909 547 981 δῖγματος.
594 916 806 990 Ἐπειδὴ
853 921 961 991 γὰρ
1003 924 1102 976 οὐκ
1146 925 1211 978 ὲκ
1246 926 1337 979 τοῦ
1383 927 1509 980 Υίοῦ
1541 931 1569 981 6
1616 931 1832 1001 Πατήρ³

262 1003 378 1055 ἀλλ’
406 1006 468 1057 ὲκ
494 1006 587 1059 τοῦ
620 1010 830 1081 Πατρδς
860 1014 887 1065 6
915 1012 1041 1079 Υἱός
1059 1036 1074 1050 ο
1095 1016 1181 1070 διὰ
1212 1017 1368 1071 τοῦτο
1396 1019 1610 1090 πρῶτον
1633 1022 1795 1090 φησίν
1823 1040 1837 1055 ο

278 1094 418 1163 Ἐγὼ
445 1096 515 1149 ἐν
540 1098 622 1164 τῷ
664 1104 846 1169 Harp!
866 1121 877 1133 '
910 1104 1121 1171 δεικνὺς
1142 1110 1203 1162 τὸ
1236 1109 1309 1181 μὴ
1345 1110 1402 1176 ἐξ
1431 1111 1610 1177 ἄλλου,
1639 1114 1750 1166 ἀλλ’
1783 1114 1841 1181 ἐξ

263 1184 473 1238 ἐκείνου
506 1184 672 1241 εἶναι·
708 1189 821 1245 εἶτα
856 1196 1181 1268 ἀναστρέφει
1225 1200 1314 1252 τὸν
1342 1201 1516 1269 λόγον,
1544 1204 1629 1256 ὅτι
1662 1205 1771 1257 Καὶ
1809 1208 1841 1259 ό

262 1279 468 1347 Πατὴρ
498 1282 568 1334 ἐν
610 1284 773 1351 ἐμοί·
809 1289 1088 1358 σημαίνων
1120 1291 1199 1343 ὄτι
1238 1294 1266 1345 6
1303 1294 1548 1364 ὑπερϐάς
1580 1294 1671 1348 τὸν
1716 1296 1842 1348 Υίὸν

260 1373 329 1440 τῇ
366 1372 886 1449 πολυπραγμοσύνῃ,
910 1381 1000 1431 καὶ
1031 1382 1125 1451 τὴν
1147 1385 1384 1454 περὶτοῦ
1405 1387 1614 1457 Πατρός
1634 1388 1843 1443 ἔννοιαν

263 1465 732 1535 συμπαρέρχεται.
775 1470 829 1521 '0
848 1472 955 1541 γὰρ
977 1472 1031 1523 ἒν
1057 1490 1159 1525 τινι
1183 1475 1278 1539 ὢν,
1309 1475 1412 1541 ἔξω
1437 1477 1526 1530 τοῦ
1551 1481 1607 1531 ὲν
1631 1472 1673 1546 ᾧ
1698 1482 1843 1534 ἐστιν

261 1554 548 1624 εὑρεθῆναι
569 1559 630 1610 οὐ
660 1559 899 1613 δύναται.
932 1563 1093 1616 Ὥστε
1123 1565 1348 1634 μάταιος
1373 1570 1400 1620 6
1423 1570 1479 1620 ἐν
1505 1569 1581 1639 τῷ
1608 1570 1719 1640 Υίῴ
1745 1572 1843 1641 μὲν

262 1642 403 1698 εἶναι
437 1648 529 1699 τὸν
587 1651 805 1723 Πατέρα
857 1654 929 1723 μὴ
978 1656 1297 1725 ἁντιλέγων’
1333 1659 1437 1723 ἔξω
1473 1661 1530 1714 δὲ
1584 1662 1678 1714 τοῦ
1714 1664 1841 1717 Υίοῦ

262 1737 649 1807 κατειληφέναι
690 1759 741 1795 τι
768 1743 859 1795 τοῦ
894 1745 1106 1817 Πατρός
1136 1748 1574 1819 φανταζόμενος·
1606 1755 1696 1807 καὶ
1742 1756 1845 1825 μά·

260 1847 367 1898 την
405 1830 760 1887 διαπλανᾶται
804 1836 913 1889 τῶν
964 1839 1339 1909 πολεμούντων
1377 1844 1566 1914 ήμῖνή
1617 1847 1744 1916 περὶ
1782 1848 1844 1899 τὸ

1939 670 2185 716 nostrum
2221 677 2551 725 sermonem,
2586 663 2677 731 qui
2709 661 2955 716 eamdem
3002 660 3202 729 refugit
3256 661 3509 714 absurdi-

1938 761 2107 807 tatem
2141 754 2209 807 ab
2241 765 2473 822 utraque
2513 761 2707 821 parte:
2745 759 2803 805 ut
2833 755 2977 807 enim
3014 752 3136 805 vitae
3179 753 3510 821 perpetuita-

1939 852 2046 898 tem
2079 852 2132 897 et
2156 845 2520 898 :eternitatem
2554 842 2830 913 Unigeniti
2873 859 3023 896 mors
3058 858 3166 896 non
3210 842 3506 904 abscindit,

1941 937 2021 990 sic
2055 951 2231 1005 neque
2255 951 2418 1004 supra
2451 951 2559 989 non
2586 935 2908 990 exsisteutia
2957 944 3109 988 stare
3145 935 3308 988 faciet
3342 934 3507 987 vitam

1940 1027 2060 1095 ejus
2088 1028 2141 1080 in
2165 1035 2426 1081 aeternum
2461 1027 2917 1096 progredientem.
2959 1023 3026 1081 Ut
3061 1023 3303 1093 undique
3361 1024 3508 1094 quod

1942 1132 2067 1170 vere
2104 1124 2205 1177 est,
2251 1132 2444 1185 purum
2482 1117 2555 1171 sit
2584 1130 2613 1168 a
2648 1115 3036 1169 communione
3066 1116 3187 1184 ejus
3223 1115 3368 1184 quod
3401 1130 3508 1168 non

1941 1214 2022 1259 est
2069 1222 2212 1259 vere.
2254 1204 2547 1274 Propterea
2588 1203 2850 1258 Dominus
2881 1205 3070 1259 volens
3104 1204 3405 1275 discipulos
3446 1207 3512 1257 ab

1943 1294 2046 1346 llOC
2109 1310 2300 1348 errore
2357 1296 2546 1363 procul
2601 1295 2814 1357 abesse,
2881 1306 2937 1349 ut
2997 1312 3280 1365 nunquam
3316 1306 3370 1350 et
3406 1296 3511 1365 ipsi

1943 1384 2085 1453 quod
2121 1394 2206 1439 cst
2233 1385 2513 1455 antiquius
2546 1384 2819 1456 Unigeniti
2845 1387 3205 1442 subsistentia
3232 1388 3513 1458 inquiren-

1946 1486 2046 1536 les,
2082 1475 2147 1528 ad
2188 1476 2238 1528 id
2284 1476 2430 1545 quod
2462 1492 2567 1529 non
2599 1478 2817 1532 exsistit
2860 1478 3287 1547 cogitationibus
3331 1488 3512 1531 trans-

1946 1564 2255 1619 ferrentur:
2296 1564 2423 1634 Ego,
2455 1567 2650 1635 inquit,
2684 1568 2737 1620 in
2773 1565 2953 1630 Patre,
2983 1578 3032 1621 et
3068 1567 3230 1622 Pater
3270 1571 3325 1622 in
3367 1586 3444 1622 me
3472 1571 3509 1631 ',

1946 1672 2052 1708 non
2086 1666 2346 1725 tanquam
2386 1672 2493 1711 non
2526 1672 2625 1711 ens
2652 1657 2704 1711 in
2737 1667 2883 1722 ente,
2913 1660 2996 1713 vel
3019 1675 3118 1714 ens
3144 1660 3195 1711 in
3229 1675 3337 1713 non
3364 1670 3510 1715 entc.

1944 1750 2007 1800 Et
2046 1749 2133 1801 hic
2163 1751 2433 1803 sermonis
2469 1749 2606 1804 ordo
2633 1751 2887 1820 pietatem
2920 1748 3199 1820 dogmatis
3230 1751 3508 1820 explanat.

1945 1837 2395 1907 Quandoquidem
2423 1840 2567 1893 enim
2621 1855 2730 1893 non
2778 1856 2845 1894 ex
2874 1838 3013 1893 Filio
3059 1839 3241 1904 Pater,
3293 1841 3389 1896 sed
3446 1859 3508 1897 ex

264 1922 418 1991 ῥῆμα
439 1923 535 1990 τῆς
564 1926 886 1997 ἀγεννησίας
910 1932 1222 1999 σκιομαχία,
1245 1931 1331 1984 διὰ
1352 1934 1457 1986 τῶν
1484 1935 1843 2007 ἀνυπάρκτων

1953 1929 2107 1984 Patre
2147 1931 2338 1996 Filius,
2363 1941 2647 2002 propterea
2678 1922 2923 2001 primum
2950 1935 3025 1986 ait
3054 1953 3066 1986 :
3106 1932 3214 2002 Ego
3240 1935 3293 1987 in
3326 1932 3512 1997 Patre,

262 2015 676 2084 κενεμὸατοῦσα
696 2034 707 2046 °
736 2020 933 2089 μᾶλλον
951 2022 1005 2074 δὲ
1030 2024 1143 2090 εἴγε
1165 2024 1269 2095 χρὴ
1298 2026 1476 2079 πᾶσαν
1496 2028 1574 2090 είς
1589 2028 1649 2080 τὸ
1677 2030 1700 2079 ὲ
1708 2046 1846 2099 μφα-

263 2104 356 2167 νὲς
379 2106 607 2174 ἀγαγεῖν
636 2108 734 2178 τὴν
770 2110 998 2164 ἀτοπίαν
1046 2112 1138 2166 τοῦ
1172 2114 1349 2180 λόγου,
1377 2117 1572 2188 μικρὸν
1605 2117 1683 2170 ἔτι
1714 2135 1843 2187 συγ-

262 2195 569 2267 χωρηθήτω
626 2201 1046 2272 προσδιατρίψαι
1085 2203 1165 2275 τῷ
1218 2203 1553 2277 θεωρήματι.
1597 2208 1703 2261 Τοῦ
1737 2209 1845 2280 γάρ

266 2287 592 2355 μονογενοῦς
621 2290 755 2344 Θεοῦ
808 2291 1031 2364 ὕστερον
1063 2295 1198 2365 μετά
1233 2296 1324 2351 τὸν
1363 2298 1580 2369 Πατέρα
1621 2300 1847 2371 γεγενῆ-

264 2378 395 2431 σθαι
418 2381 547 2451 παρ’
572 2381 750 2435 αὐτῶν
773 2382 1065 2454 λεγομένου
1088 2402 1101 2415 ·
1127 2387 1437 2457 εὑρίσκεται
1459 2393 1578 2444 κατ’
1602 2392 1847 2463 ἀνάγκην

260 2469 329 2521 τὸ
361 2472 655 2543 ἀγέννητον
683 2474 865 2539 αὐτὸν,
889 2480 917 2533 ὃ
937 2478 989 2531 τί
1024 2496 1151 2531 ποτε
1180 2482 1273 2533 καὶ
1302 2479 1439 2534 εἶναι
1468 2485 1845 2552 φαντάζονται,

262 2561 378 2614 τῶν
406 2562 593 2615 κακῶν
618 2566 715 2636 τὴν
764 2565 975 2620 ἔννοιαν
1014 2572 1557 2643 συναναφαινόμενον.
1607 2575 1703 2638 Τίς
1739 2576 1847 2648 γὰρ

263 2652 369 2705 οὐκ
396 2653 536 2706 οἶδεν
563 2655 646 2707 ὅτι
673 2655 861 2728 ὥσπερ
897 2658 975 2728 τῷ
1002 2658 1113 2712 ὄντι
1138 2660 1198 2713 τὸ
1227 2660 1301 2732 μὴ
1335 2662 1392 2715 ὃν
1420 2664 1845 2737 ἀντιδιαιρείται,

262 2745 411 2798 οῦτω
445 2748 534 2799 καὶ
564 2749 723 2801 παντὶ
754 2750 945 2821 ἀγαθῷ
980 2752 1261 2822 πράγματί
1298 2771 1357 2806 τε
1397 2756 1487 2808 καὶ
1513 2755 1756 2826 ὀνόματι,
1789 2759 1849 2812 τὸ

263 2834 330 2898 ἐξ
369 2836 610 2889 ἐναντίου
657 2838 965 2908 νοούμενον,
995 2836 1106 2892 οἷον
1139 2841 1217 2911 τῷ
1251 2842 1401 2912 καλῷ
1437 2844 1495 2896 τὸ
1532 2846 1718 2910 κακὸν,
1756 2848 1850 2901 καὶ

262 2930 334 2997 τῇ
366 2928 593 2999 ἀληθείᾳ
621 2931 681 2981 τὸ
709 2930 920 2999 ψεῦδος,
950 2931 1028 3003 τῷ
1057 2934 1194 3000 φωτὶ
1224 2934 1282 2985 τὸ
1313 2936 1522 2999 σκότος,
1551 2938 1643 2990 καὶ
1672 2939 1849 2994 πάντα

263 3019 370 3072 ὅσα
401 3019 614 3083 τούτοις
649 3023 1017 3093 ὁμοιοτρόπως
1050 3024 1184 3093 πρὸς
1228 3026 1288 3077 τὸ
1331 3027 1569 3080 ἐναντίον
1603 3029 1849 3099 ἀλλήλοις

266 3110 733 3175 ἀντικαθίσταται,
782 3112 866 3180 ἐφ’
895 3106 969 3165 ὧν
1008 3112 1210 3182 ἀμεσός
1241 3114 1389 3167 ἐστιν
1420 3118 1453 3185 ή
1513 3118 1848 3187 ἐναντίωσις,

278 3200 382 3253 καὶ
410 3201 511 3255 οὐκ
539 3202 811 3273 ἐνδέχεται
840 3205 979 3256 κατά
1006 3204 1200 3258 ταύτὸν
1239 3205 1305 3258 τά
1332 3206 1424 3258 δύο
1461 3210 1577 3277 μετ’
1607 3207 1849 3279 ἀλλήλων

267 3289 411 3346 εἶναι
437 3305 451 3318 ·
481 3289 656 3362 ἀλλ’ἢ
686 3312 746 3347 τε
787 3296 1059 3365 παρουσία
1092 3297 1185 3349 τοῦ
1221 3297 1338 3361 ἐνὸς
1373 3298 1658 3370 ὑπεξαιρεί
1674 3300 1733 3353 τὸ
1758 3301 1851 3353 ἀν-

266 3384 503 3451 τίθετον,
535 3386 629 3438 καὶ
678 3386 736 3437 ὲν
774 3388 840 3455 τῇ
876 3386 968 3439 τοῦ
1017 3387 1205 3458 ἑτέρου
1240 3388 1602 3461 ὑποχωρήσει,
1643 3390 1850 3459 γίνεται

267 3475 367 3528 ¹ιοῦ
399 3476 641 3529 ἐναντίου
673 3478 705 3547 ἡ
732 3477 978 3545 γένεσις;
1726 3498 1757 3515 ἰ

1947 2019 2197 2074 indicans
2223 2036 2329 2074 non
2359 2037 2423 2075 ex
2453 2023 2583 2083 alio,
2631 2022 2725 2077 sed
2756 2037 2822 2076 ex
2855 2022 2948 2077 illo
2980 2038 3121 2078 esse.
3160 2024 3363 2079 Deinde
3389 2041 3512 2079 ser-

1948 2125 2163 2165 monem
2200 2112 2443 2175 invertit,
2490 2111 2556 2165 Et
2589 2112 2754 2167 Pater
2783 2114 2838 2166 in
2866 2130 2970 2177 me,
3022 2115 3342 2184 significans
3390 2133 3513 2170 eum

1946 2202 2041 2270 qui
2092 2202 2416 2259 curiositate
2450 2204 2647 2260 Filium
2702 2205 3122 2276 transgreditur,
3173 2207 3336 2262 simul
3370 2208 3517 2263 etde

1948 2291 2113 2347 Patre
2141 2293 2390 2347 notitiam
2417 2295 2735 2362 praeterire;
2787 2296 2881 2365 qui
2921 2296 3066 2348 enim
3099 2296 3152 2348 in
3189 2296 3374 2365 aliquo
3406 2304 3511 2356 est,

1947 2396 2103 2440 extra
2135 2401 2258 2440 eum
2282 2386 2335 2440 in
2367 2401 2476 2456 quo
2508 2394 2614 2448 est,
2651 2386 2885 2441 inveniri
2933 2398 3043 2441 non
3090 2394 3291 2456 potest.
3335 2386 3515 2452 Quare

1947 2491 2123 2529 vanus
2152 2476 2243 2545 qui
2276 2476 2328 2528 λι
2366 2474 2505 2528 Filio
2522 2475 2745 2543 quidem
2774 2474 2987 2530 Patrem
3012 2491 3135 2531 esse
3163 2491 3269 2530 non
3291 2493 3513 2547 negans,

1947 2575 2099 2622 extra
2142 2564 2335 2620 Filium
2370 2568 2577 2638 aliquid
2604 2566 2779 2621 Patris
2804 2566 3298 2635 comprehendisse
3332 2570 3517 2622 animo

1951 2657 2122 2728 fingit.
2160 2657 2473 2723 Quinetiam
2527 2657 2730 2712 frustra
2791 2657 2951 2712 nobis
2994 2658 3401 2712 adversantium
3453 2660 3519 2713 de

1947 2750 2115 2805 verbo
2162 2748 2488 2819 ἀγεννησίας
2540 2748 2851 2803 umbratilis
2903 2763 3083 2819 pugna
3141 2748 3379 2811 oberrat,
3424 2765 3519 2818 per
3558 2770 3559 2773 η

1950 2855 2014 2894 ea
2074 2856 2197 2910 qua:
2247 2849 2526 2909 nequeunt
2581 2840 2907 2901 subsistere,
2954 2839 3191 2893 inaniter
3238 2839 3516 2895 incedens.

1947 2930 2062 2985 lmo
2103 2946 2231 2985 vero
2262 2932 2307 2986 si
2332 2947 2547 2985 omnem
2579 2932 2631 2985 iu
2663 2938 2911 3000 apertum
2947 2930 3200 3000 proferre
3236 2932 3519 2986 sermonis

1950 3024 2345 3078 absurditatem
2393 3031 2631 3093 oportet,
2677 3023 2956 3093 paulisper
3009 3021 3192 3075 adhuc
3234 3019 3518 3082 concedat,

1950 3132 2051 3171 nos
2082 3117 2136 3169 in
2169 3116 2272 3169 hoc
2302 3116 2679 3184 speculamine
2726 3128 2936 3168 moram
2970 3113 3169 3165 facere.
3211 3110 3346 3165 Cum
3374 3112 3519 3165 enim

1959 3205 2286 3276 Unigenitus
2318 3205 2461 3260 Deus
2497 3207 2564 3260 ab
2597 3206 2732 3276 ipsis
2770 3205 2977 3259 dicitur
3022 3213 3144 3274 post
3175 3202 3393 3257 Patrem
3429 3219 3521 3273 ge-

1956 3299 2105 3354 nitus
2138 3314 2283 3361 esse,
2332 3300 2645 3352 necessario
2686 3298 2965 3352 invenitur
2996 3296 3173 3365 ipsum
3202 3295 3522 3365 ingenitum,

1956 3393 2071 3446 sive
2103 3392 2216 3444 liazc
2253 3390 2498 3459 ingenita
2534 3397 2755 3454 natura,
2814 3386 3085 3458 quidquid
3136 3386 3357 3440 tandem
3405 3400 3527 3440 esse

1959 3481 2061 3536 sibi
2083 3482 2351 3548 tingantet
2369 3478 2675 3543 somnient;
2708 3476 2997 3539 invenitur,
3018 3476 3263 3544 inquam,
3285 3473 3527 3527 omnium

271 3569 543 3623 malorum
568 3568 843 3622 notionem
872 3584 977 3623 una
1006 3583 1191 3623 secum
1228 3569 1635 3626 demonstrans.
1685 3569 1820 3636 Quis
1857 3571 2004 3626 enim
2071 3571 2311 3641 ignorat,
2371 3569 2515 3639 quod
2559 3566 3020 3638 quemadmodum
3068 3566 3207 3633 enti,
3256 3579 3367 3635 non
3431 3580 3529 3637 ens

270 3661 590 3729 opponitur,
616 3660 695 3716 sic
754 3662 917 3715 etiam
967 3661 1114 3715 omni
1165 3662 1244 3717 rei
1306 3664 1464 3717 bona:
1526 3674 1581 3718 et
1675 3663 1905 3728 nomini,
1948 3663 2090 3735 quod
2120 3681 2149 3719 e
2180 3663 2463 3719 contrario
2509 3662 2855 3733 intelligitur,
2921 3670 2978 3713 ut
3005 3660 3152 3713 bono
3196 3659 3422 3723 malum,
3470 3668 3527 3711 et

273 3751 492 3805 veritati
525 3751 887 3815 mendacium,
948 3752 1053 3807 luci
1080 3755 1340 3819 tenebrze,
1399 3762 1453 3809 et
1498 3771 1843 3825 quaecunque
1882 3757 2141 3811 similiter
2172 3757 2315 3808 inter
2350 3768 2411 3807 se
2449 3752 2735 3807 contrario
2782 3751 2945 3805 modo
3017 3759 3391 3819 opponuntur,
3473 3746 3530 3803 in

274 3841 480 3910 quibus
505 3842 868 3895 contrarietas
915 3850 1066 3895 caret
1113 3844 1312 3908 medio,
1354 3859 1532 3913 neque
1578 3844 1845 3913 contingit
1880 3844 1989 3898 duo
2025 3844 2191 3897 simul
2236 3845 2289 3897 in
2320 3841 2513 3896 eodem
2569 3857 2694 3897 esse
2772 3841 3021 3909 subjecto
3096 3838 3286 3894 eodem
3338 3836 3526 3893 modo:

277 3934 371 3989 sed
402 3933 568 3988 unius
598 3934 889 4003 praesentia
919 3936 1228 4004 oppositum
1257 3938 1494 4006 perimit,
1541 3945 1596 3992 et
1624 3938 1678 3991 in
1710 3938 1938 3992 alterius
1977 3938 2231 3991 cessione
2264 3937 2494 3990 alterius
2522 3934 2786 3989 contrarii
2820 3932 2878 3985 ﬁt
2913 3930 3239 4001 generatio?

347 4026 566 4080 Τούτων
611 4028 669 4080 δὲ
716 4029 848 4098 ἡμῖν
898 4028 1037 4080 οῦτω
1086 4028 1593 4099 διωμολογημένων,
1632 4030 1849 4081 κάκεῖνο

2020 4028 2116 4083 His
2145 4038 2323 4083 autem
2354 4028 2514 4082 nobis
2555 4026 2630 4079 ita
2665 4024 2968 4085 concessis,
2988 4023 3155 4075 etiam
3191 4020 3324 4076 illud
3351 4020 3531 4075 cuivis

278 4120 443 4171 παντὶ
474 4118 633 4188 δῆλόν
661 4120 826 4183 ἐστιν,
871 4120 952 4171 ὅτι
987 4119 1174 4190 ὥσπερ
1206 4120 1338 4190 φησὶ
1370 4119 1621 4190 Μωῦσῆς,
1666 4120 1849 4182 σκότος

1954 4119 2304 4189 perspicuum
2349 4126 2453 4181 est,
2507 4116 2677 4186 quod,
2726 4106 3192 4184 quemadmodum
3238 4113 3315 4166 ait
3358 4110 3535 4167 Moses

278 4206 419 4264 εἶναι
450 4210 555 4281 πρὸ
578 4210 679 4280 τῆς
705 4209 801 4263 τοῦ
845 4210 1015 4278 φωτὸς
1045 4212 1273 4276 κτίσεως
1294 4227 1307 4240 ’
1339 4210 1481 4265 οὕτω
1518 4213 1610 4264 καὶ
1642 4211 1733 4263 ἐπὶ
1760 4208 1849 4262 τοῦ

1955 4208 2215 4262 tenebras
2249 4206 2419 4260 fuisse
2467 4212 2594 4258 ante
2644 4204 2787 4258 lucis
2841 4200 3295 4271 productionem:
3347 4199 3430 4255 sic
3475 4207 3534 4254 et

279 4301 436 4363 Υιοῦ,
476 4303 525 4353 εί
557 4300 696 4354 κατά
720 4301 811 4353 τὸν
836 4300 990 4369 λόγον
1016 4302 1113 4371 τῆς
1146 4301 1409 4372 αἱρέσεως
1447 4302 1567 4355 τότε
1603 4301 1849 4370 ἐποίησεν

1955 4300 2009 4353 in
2042 4297 2209 4364 Filio,
2240 4298 2282 4352 si
2325 4295 2627 4352 secundum
2666 4294 2935 4348 haereseos
2976 4292 3244 4345 rationem
3279 4300 3411 4346 tunc
3448 4289 3532 4345 fe-

278 4394 444 4447 αὐτὸν
469 4393 497 4444 6
526 4392 736 4462 Πατὴρ,
776 4392 864 4444 ὅτε
895 4391 1145 4461 ἠθέλησε.
1178 4392 1307 4463 πρὶν
1334 4393 1554 4462 ποιῆσαι
1578 4393 1738 4445 αὑτὸν
1760 4392 1849 4443 οὐκ

1966 4392 2042 4444 cit
2077 4392 2253 4459 ipsum
2306 4389 2470 4442 Pater
2502 4402 2627 4442 cum
2683 4386 2881 4448 voluit,
2934 4385 3259 4454 priusquam
3316 4382 3537 4438 fecisset

277 4481 348 4555 ἦν
379 4486 551 4536 ἐκεῖνο
581 4484 647 4536 τι
667 4483 782 4551 φῶς
815 4484 950 4553 ὅπερ
981 4484 1125 4534 ἐστὶν
1147 4485 1175 4535 6
1209 4483 1334 4546 Υἱός
1353 4500 1366 4513 ο
1396 4484 1573 4552 φωτὸς
1603 4482 1657 4536 δὲ
1697 4484 1849 4553 μήπα

1969 4490 2170 4553 ipsum,
2202 4498 2305 4534 non
2332 4488 2449 4534 erat
2473 4481 2565 4533 lux
2601 4479 2693 4533 illa
2719 4492 2842 4547 qua:
2869 4484 2953 4530 est
2982 4473 3178 4531 Filius:
3198 4488 3323 4529 cum
3356 4481 3535 4528 autem

279 4576 454 4637 ὄντος,
498 4574 598 4625 οὐκ
636 4573 905 4642 ἐνδέχεται
947 4573 1019 4642 μὴ
1053 4572 1114 4624 τὸ
1146 4573 1520 4643 ἀντικείμενον
1560 4572 1716 4626 εἶναι.
1754 4573 1849 4627 Kal

1967 4578 2208 4631 nondum
2264 4582 2409 4629 esset
2441 4574 2557 4637 lux,
2616 4587 2726 4625 non
2760 4570 3029 4639 contingit
3070 4568 3383 4637 oppositum
3429 4580 3537 4619 non

280 4666 392 4735 γὰρ
428 4664 514 4717 διὰ
546 4663 655 4715 τῶν
711 4663 882 4717 ἄλλων
932 4662 1227 4733 ἐμάθομεν,
1280 4664 1361 4715 ὅτι
1393 4664 1543 4716 οὐδὲν
1582 4666 1701 4735 εἰκῆ
1754 4666 1849 4719 τῶι

1962 4686 2106 4725 esse.
2167 4667 2379 4720 Etenim
2420 4681 2517 4735 per
2565 4664 2673 4718 alia
2720 4662 3036 4726 didicimus,
3082 4660 3227 4730 quod
3276 4658 3414 4713 nihil
3452 4665 3534 4711 est

282 4756 437 4825 παρὰ
463 4755 557 4807 τοῦ
588 4753 919 4824 δημιουργοῦ
961 4754 1261 4821 γεγονότων
1299 4756 1466 4817 ἐστὶν,
1502 4755 1638 4807 ἀλλά
1672 4757 1732 4807 τὸ
1760 4756 1849 4809 λεῖα

1964 4758 2169 4811 frustra
2195 4772 2381 4809 eorum
2416 4769 2537 4825 qua:
2566 4753 2634 4807 ab
2663 4752 2861 4821 Opifice
2890 4751 3033 4805 facta
3066 4759 3217 4809 sunt.
3250 4748 3345 4803 sed
3383 4746 3530 4815 quod

282 4864 386 4899 πον
425 4846 775 4913 ὲπεισάγεται
814 4846 929 4905 τοῖς
976 4839 1094 4897 οὖσι
1141 4844 1230 4897 διά
1276 4845 1374 4915 τῆς
1418 4845 1665 4908 κτίσεως.
1702 4847 1849 4916 Δῆλοπ

1966 4849 2168 4905 deficit.
2202 4846 2458 4913 adjicitur
2490 4844 2657 4898 rebus
2672 4858 2766 4912 per
2786 4840 3140 4895 creationem.
3169 4835 3530 4905 Perspicuum

281 4937 382 4993 οὖν
410 4940 525 4991 ἐστι
555 4938 791 5001 πάντως,
822 4937 901 4989 ὅτι
945 4937 1103 5007 εἴπερ
1133 4939 1353 5007 ἐποίησε
1380 4937 1469 4990 τὸν
1505 4937 1631 4990 Υἱὺν
1660 4941 1687 4991 6
1714 4939 1868 5005 Θεὸς,

282 5031 374 5085 διὰ
397 5031 459 5082 τὸ
495 5030 678 5081 λεῖπον
707 5031 773 5098 τῇ
816 5027 974 5095 φύσει
1000 5027 1108 5080 τῶν
1147 5028 1314 5081 ὄντων
1349 5029 1623 5099 ἐποίησεν.
1657 5030 1866 5102 Ὥσπερ

283 5117 379 5176 οὖν
411 5119 511 5173 τοῦ
541 5116 799 5186 αἰσθητοῦ
835 5117 1011 5186 φωτὸς
1038 5117 1315 5179 λείποντος
1354 5118 1543 5182 σκότος
1566 5113 1634 5188 ἦν
1652 5134 1665 5149 ’
1703 5120 1796 5172 καὶ
1820 5122 1865 5172 εἰ

289 5214 366 5284 μὴ
413 5210 657 5278 ἐγεγόνει
701 5209 761 5261 τὸ
796 5208 932 5275 φῶς,
975 5208 1266 5277 ἐπεκράτει
1302 5210 1519 5272 πάντως
1549 5210 1611 5262 τὸ
1656 5212 1865 5276 σκότος,

284 5305 461 5366 οῦτως
493 5303 587 5357 καὶ
610 5300 703 5354 τοῦ
740 5300 869 5353 Υἱοῦ
903 5300 1066 5370 μήπω
1105 5300 1411 5370 ὅντος,αὐτό
1437 5318 1494 5353 τε
1532 5302 1591 5355 τὸ
1619 5302 1868 5372 ἀληθινὸν

289 5399 426 5467 φῶς,
463 5398 555 5450 καὶ
584 5396 760 5449 πάντα
786 5394 886 5446 ὃσα
919 5393 1063 5444 ἐστὶν
1080 5394 1107 5445 6
1123 5391 1272 5456 Υιδς,
1298 5392 1449 5445 οῦπω
1467 5388 1554 5463 ἦν.
1586 5393 1658 5445 Τὸ
1678 5394 1784 5463 γάρ
1811 5392 1870 5445 ὂν

288 5491 384 5543 καὶ
404 5488 543 5542 κατά
556 5488 655 5559 τὴν
671 5488 770 5557 τῆς
794 5484 1058 5555 αἱρέσεως
1090 5484 1413 5556 μαρτυρίαν,
1427 5484 1521 5537 τοῦ
1537 5484 1786 5553 γενέσθαι
1808 5485 1869 5537 ού

288 5583 489 5635 δέεται.
522 5578 730 5632 Οὐκοῦν
750 5579 798 5630 εί
829 5576 1071 5646 ἐποίησε,
1103 5576 1165 5629 τὸ
1188 5575 1261 5647 μὴ
1295 5574 1354 5628 ὃν
1380 5574 1595 5638 πάντως
1625 5577 1867 5647 ἐποίησε.

294 5671 431 5743 Πρὶν
462 5667 555 5725 οὖν
580 5669 833 5738 γενέσθαι
861 5671 979 5723 κατ’
1006 5670 1201 5734 αὐτοὺς
1229 5670 1320 5723 τὸν
1352 5670 1496 5735 Υίὸν,
1525 5669 1643 5722 οὐδὲ
1674 5672 1708 5739 ἡ
1743 5669 1875 5741 ἀλή-

370 5852 383 5881 ¹
426 5846 587 5902 Joan.
624 5861 735 5910 xw,
775 5844 857 5899 Ιθ.

1970 4940 2137 5009 igitur
2166 4938 2412 4999 omnino,
2441 4935 2585 5006 quod
2623 4935 2667 4991 si
2706 4934 2908 4987 Filium
2940 4931 3081 4986 Deus
3116 4930 3267 4992 fecit,
3318 4936 3540 4997 prepter

1976 5032 2027 5085 id
2060 5030 2203 5100 quod
2238 5029 2525 5083 deficiebat
2559 5027 2613 5080 in
2644 5034 2840 5080 natura
2865 5037 3052 5077 eorum
3084 5036 3203 5090 qua:
3227 5016 3537 5079 sunt,fecit.

1976 5119 2440 5188 Quemadmodum
2474 5118 2638 5188 igitur
2669 5114 2920 5171 sensibili
2957 5115 3077 5167 luce
3110 5109 3422 5173 deficiente,
3471 5118 3544 5162 te-

1976 5214 2159 5268 nebrat
2203 5219 2361 5267 erant
2440 5225 2503 5263 ac
2549 5209 2654 5263 nisi
2718 5208 2859 5260 facta
2902 5204 3101 5258 fuisset
3147 5202 3263 5265 lux,
3306 5199 3544 5253 tenebrae

1978 5306 2202 5358 omnino
2225 5302 2643 5371 praevaluissent
2674 5316 2684 5350 :
2710 5298 2791 5351 sic
2822 5303 2875 5349 et
2912 5293 3087 5347 Filius
3129 5306 3253 5345 cum
3302 5288 3542 5343 nondum

1978 5402 2145 5457 esset,
2183 5394 2299 5461 ipsa
2328 5405 2452 5444 vera
2483 5390 2595 5451 lux,
2620 5396 2674 5441 et
2710 5385 2891 5438 omnia
2918 5397 3039 5453 qua:
3079 5379 3255 5434 Filius
3280 5386 3364 5433 est
3408 5393 3545 5430 non-

1978 5485 2107 5538 dum
2143 5488 2321 5537 erant.
2359 5478 2510 5543 Quod
2542 5476 2686 5530 enim
2717 5467 3160 5535 est,testiinonio
3180 5465 3348 5520 etiam
3370 5462 3545 5516 hatre-

1980 5590 2127 5638 seos,
2168 5572 2418 5643 generari
2452 5582 2558 5622 non
2616 5566 2841 5634 indiget.
2893 5560 3065 5630 Igitur
3096 5558 3143 5613 si
3195 5556 3343 5618 fecit,
3396 5552 3545 5624 quod

1986 5684 2093 5722 non
2131 5674 2245 5720 erat
2274 5662 2463 5735 procul
2483 5658 2651 5715 dubio
2681 5654 3161 5723 fecit.Priusquam
3186 5649 3354 5721 igitur
3371 5645 3547 5701 faetus
