4034 6526
562 293 664 344 £23

1763 295 1819 352 S.
1869 292 2191 351 GREGORII
2226 291 2516 350 NYSSENI
3705 299 3791 355 εει

563 415 709 458 esset
745 403 934 469 Filius,
968 406 1274 462 secundum
1303 409 1476 478 ipsos,
1524 427 1700 480 neque
1747 415 1946 465 veritas
1973 413 2135 465 nimi-

2260 417 2357 464 lsta
2387 413 2627 482 δηλονότι
2673 415 2932 483 ἐγεγόνει,
2966 413 3088 467 οὔτε
3131 415 3190 466 τὸ
3224 415 3412 485 νοητὸν
3459 415 3593 483 φῶς,
3629 414 3738 469 οὗτε
3767 420 3793 488 ἡ

568 513 688 549 rum
741 495 943 562 fuerat,
1005 513 1184 568 neque
1232 499 1324 553 lux
1367 512 1548 556 mente
1590 503 1918 570 cogitabilis,
1969 519 2143 571 neque

567 589 694 644 fons
727 589 868 656 vitze,
905 604 1084 660 neque
1131 594 1182 644 in
1237 593 1558 646 universum
1623 595 1796 648 ullius
1831 594 2046 648 honesti
2092 604 2145 648 et

568 679 697 733 boui
733 687 950 733 natura.
1002 681 1167 751 Atqui
1231 684 1424 736 horum
1479 684 1916 753 uniuscujusque
1954 699 2140 739 exem-

567 773 929 844 ptione-quod
974 789 1006 829 e
1035 776 1316 830 contrario
1376 776 1722 847 intelligitur,
1760 776 2038 832 subsistit.
2084 775 2146 828 Et

571 865 619 918 si
653 864 748 918 lux
787 881 897 920 non
926 874 1032 932 est,
1064 882 1174 920 non
1217 876 1396 937 potest
1419 867 1532 922 ﬁeri
1562 869 1694 938 quin
1724 869 1833 921 sint
1879 868 2144 932 tenebrae,

572 957 708 1010 etin
743 957 1078 1013 aliiseodem
1113 960 1295 1024 modo,
1349 961 1470 1013 loco
1498 975 1685 1014 eorum
1717 976 1840 1029 quae
1884 970 2147 1028 praestan-

573 1046 712 1100 tiora
752 1047 1155 1116 intelliguntur,
1189 1067 1312 1104 cum
1347 1051 1539 1104 horum
1569 1051 1789 1120 aliquod
1821 1067 1929 1104 non
1965 1050 2142 1111 adest,

577 1156 686 1193 non
720 1141 992 1210 contingit
1049 1143 1388 1196 contrarium
1443 1158 1672 1212 prorsus
1707 1159 1816 1196 non
1858 1157 1981 1198 esse
2027 1143 2147 1197 loco

575 1230 898 1286 deficientis.
927 1231 1068 1302 Ergo
1111 1249 1343 1289 necesse
1373 1245 1457 1288 est
1514 1237 1760 1298 omnino,
1804 1236 1852 1290 si
1898 1237 2150 1289 volunta-

574 1331 683 1378 tem
716 1333 862 1380 esset
887 1326 1177 1381 habiturus
1213 1326 1375 1382 Pater
1417 1327 1652 1384 faciendi
1707 1327 1903 1382 Filium
1955 1344 2150 1383 secun-

575 1417 704 1469 dum
731 1418 1000 1472 haereseos
1036 1433 1367 1482 sermonem,
1412 1435 1536 1475 cum
1597 1423 1731 1475 nihil
1761 1431 1909 1476 esset
1958 1438 2146 1477 eorum

575 1522 697 1576 quae
726 1507 896 1562 Filius
929 1516 1034 1570 est,
1072 1509 1253 1562 omnia
1295 1511 1572 1564 contraria
1615 1512 1670 1564 in
1709 1511 1831 1580 ipso
1857 1510 2029 1565 fuisse
2051 1526 2149 1563 au-

577 1609 824 1666 tumare;
864 1615 962 1669 pro
994 1601 1114 1655 luce
1167 1602 1446 1665 tenebras,
1501 1617 1598 1671 pro
1639 1603 1868 1657 veritate
1918 1603 2146 1656 menda-

575 1689 744 1752 cium,
779 1705 878 1759 pro
904 1692 1015 1745 vita
1039 1703 1291 1757 mortem,
1312 1708 1409 1762 pro
1433 1694 1574 1748 bene
1603 1696 1826 1750 malum.
1863 1695 1965 1760 Qui
1997 1698 2144 1748 enim

575 1789 748 1844 creat,
789 1797 910 1851 quae
943 1798 1051 1837 non
1076 1791 1205 1839 sunt
1239 1791 1391 1838 creat
1420 1802 1434 1850 ;
1475 1785 1748 1855 siquidem
1791 1788 1837 1839 ei
1859 1785 2004 1856 quod
2037 1794 2146 1846 est,

576 1889 683 1926 non
716 1889 858 1944 opus
881 1885 988 1940 est,
1023 1885 1083 1931 ut
1113 1879 1189 1932 ait
1232 1878 1557 1939 Eunomius,
1615 1889 1673 1932 ut
1729 1887 2040 1949 generetur.
2082 1880 2150 1934 lis

575 1980 708 2019 vero
765 1981 887 2035 qua:
935 1982 1031 2036 per
1083 1972 1491 2039 oppositionem
1543 1971 1988 2036 considerantur,
2041 1987 2148 2025 non

577 2057 798 2113 aliunde
825 2060 1097 2129 contingit
1147 2062 1374 2115 meliora
1433 2077 1540 2115 non
1584 2077 1726 2128 esse,
1781 2077 1944 2132 quam
1977 2079 2044 2117 ex
2087 2078 2152 2116 eo

577 2149 722 2218 quod
758 2151 869 2205 sint
909 2151 1200 2207 deteriora.
1240 2152 1366 2207 "ate
1390 2154 1575 2224 itaque
1620 2155 1894 2210 haereseos
1929 2154 2153 2223 sapien-

577 2240 652 2291 tia
681 2239 826 2295 Patri
861 2241 1008 2296 dono
1042 2241 1167 2303 fert,
1217 2259 1312 2313 per
1339 2260 1460 2314 quze
1493 2245 1786 2298 dedecorat
1833 2245 1951 2298 Filii
1988 2256 2152 2299 aeter-

578 2333 827 2394 nitatem,
862 2334 1129 2388 malorum
1163 2337 1466 2406 catalogum
1504 2349 1626 2391 ante
1645 2337 1766 2391 Filii
1800 2337 2146 2394 demonstra-

580 2421 781 2476 tionem
820 2421 968 2476 Patri
997 2416 1104 2478 Deo
1146 2425 1445 2480 adveheus.

650 2515 730 2568 Ac
763 2512 984 2583 quidem
1038 2515 1224 2569 nullus
1273 2517 1572 2581 existimet,
1623 2521 1692 2572 ab
1747 2519 1852 2572 alia
1897 2529 2154 2575 creatura

581 2605 788 2660 scilicet
818 2607 990 2676 petito
1014 2615 1362 2676 argumento,
1401 2625 1463 2663 ex
1499 2610 1599 2664 hac
1639 2613 2030 2666 consecutione
2053 2613 2154 2666 do-

581 2697 777 2766 gmatis
808 2697 1205 2753 absurditatem
1255 2699 1684 2755 demonstratam
1728 2710 1993 2757 evertere.
2018 2702 2152 2755 Nam

580 2789 880 2846 fortedicet
908 2792 1131 2862 aliquis,
1155 2793 1301 2862 quod
1325 2793 1782 2862 quemadmodum
1805 2796 2003 2848 cmlum
2028 2810 2151 2846 eum

578 2898 690 2938 non
745 2891 914 2948 esset,
951 2885 1086 2937 nihil
1116 2891 1234 2939 erat
1271 2885 1346 2937 illi
1386 2885 1767 2938 contrarium:
1821 2887 1898 2940 sic
1929 2893 1980 2940 et
2015 2885 2155 2941 Filio

581 2975 819 3031 nondum
847 2976 1048 3046 genito,
1082 2977 1174 3046 qui
1206 2984 1287 3031 est
1318 2977 1540 3038 veritas,
1578 2989 1682 3029 non
1723 2977 1882 3046 plane
1905 2978 2157 3048 cogimur

2249 505 2396 574 πηγὴ
2431 504 2532 574 τῆς
2575 507 2740 576 ζωῆς,
2775 507 2898 560 οὔτε
2948 507 3093 571 τινὸς
3141 507 3367 562 καθόλου
3415 507 3582 561 καλοῦ
3618 526 3674 560 τε
3718 514 3796 564 καὶ

2247 595 2450 663 ἀγαθοῦ
2486 595 2644 664 φύσις
2665 613 2678 626 ⁸
2707 597 2844 650 ἀλλά
2874 598 2978 669 μὴν
3005 597 3204 652 τούτων
3236 598 3468 652 ἑκάστου
3494 602 3562 669 τῇ
3594 600 3795 672 ὑπεραι-

2249 686 2396 755 ρέσει
2421 687 2480 738 τὸ
2496 687 2554 751 ἐξ
2574 689 2813 742 ἐναντίου
2837 689 3125 760 νοούμενον
3147 690 3685 761 παρυφίσταται.Καὶ
3703 710 3794 760 ipen-

2246 777 2335 840 τὸς
2368 777 2440 847 μὴ
2475 778 2624 840 ὄντος
2657 779 2756 833 οὐκ
2789 778 2901 832 ἔστι
2933 781 3006 851 μὴ
3043 780 3230 845 σκότος
3263 775 3423 846 εἶναι,
3468 782 3562 833 καὶ
3593 783 3682 834 ἐπὶ
3709 782 3798 835 τῶν

2248 869 2421 922 ἄλλων
2444 869 2722 936 ὡσαύτως,
2751 871 2866 925 ἀνθ’
2894 872 3122 927 ἑκάστου
3169 873 3277 926 τῶν
3315 873 3454 944 πρὸς
3485 873 3545 926 τὸ
3583 875 3799 944 κρεῖττον

2249 960 2572 1028 νοουμένων,
2603 961 2729 1014 ὅταν
2760 965 2833 1034 μὴ
2880 967 3029 1036 παρῇ
3068 981 3122 1016 τι
3153 964 3378 1029 τούτων,
3407 965 3510 1018 οὐκ
3553 965 3800 1034 ἐνδέχεται

2252 1051 2326 1122 μὴ
2376 1051 2436 1104 τὸ
2475 1052 2717 1107 ἐναντίον
2767 1055 2983 1119 πάντως
3029 1051 3166 1108 εἶναι
3215 1057 3336 1110 ἀντὶ
3378 1054 3474 1108 τοῦ
3531 1055 3795 1121 λείποντος.

2263 1141 2497 1215 Ἀνάγκη
2529 1140 2621 1197 οὖν
2648 1146 2794 1198 πᾶσα
2821 1146 2895 1208 ὡς
2915 1146 3105 1216 ἔμελλε
3136 1147 3308 1200 θέλειν
3327 1149 3354 1200 6
3379 1147 3566 1217 Πατὴρ
3587 1148 3672 1200 τὸν
3696 1149 3799 1202 Υἱὸν

2251 1235 2476 1305 ποιῆσαι
2511 1236 2651 1290 κατά
2680 1237 2769 1291 τὸν
2794 1239 2892 1307 τῆς
2918 1239 3180 1307 αἱρέσεως
3206 1237 3384 1306 λόγον.
3419 1238 3645 1308 μηδενὸς
3675 1240 3800 1303 ὄντος

2251 1327 2358 1380 τῶν
2396 1328 2493 1381 ὅσα
2521 1331 2548 1380 6
2581 1328 2709 1392 Υἱός
2754 1330 2921 1391 ἐστιν,
2957 1330 3133 1384 πάντα
3161 1328 3228 1382 τὰ
3263 1329 3484 1382 ἐναντία
3511 1331 3635 1400 περὶ
3666 1331 3801 1384 αὐτὸν

2253 1415 2388 1473 εἶναι
2436 1419 2616 1488 λέγειν
2639 1437 2652 1450 ·
2685 1422 2805 1474 ἀντὶ
2861 1421 2953 1474 τοῦ
3001 1421 3176 1491 φωτὸς
3215 1421 3276 1474 1-6
3325 1421 3540 1485 σκότος,
3576 1422 3688 1474 ἀντὶ
3719 1425 3801 1492 τῆς

2252 1510 2507 1581 ἀληθείας
2537 1511 2592 1564 τὸ
2622 1510 2835 1580 ψεῦδος,
2863 1512 2982 1565 ἀντῖ⁹
3005 1511 3102 1581 τῆς
3135 1512 3280 1579 ζωῆς
3309 1511 3398 1563 τὸν
3424 1510 3670 1573 θάνατον,
3701 1513 3801 1565 ἀντὶ

2253 1599 2346 1652 τοῦ
2376 1600 2539 1654 καλοῦ
2568 1601 2625 1654 τὸ
2657 1601 2842 1654 κακόν.
2889 1601 2946 1655 '0
2971 1601 3080 1672 γὰρ
3107 1601 3324 1664 κτίζων,
3361 1599 3429 1652 τά
3456 1601 3532 1671 μὴ
3561 1601 3681 1653 ὄντα
3702 1601 3800 1654 κτί-

2257 1693 2366 1758 ζει·
2397 1693 2474 1764 τῷ
2513 1693 2621 1764 γάρ
2654 1693 2788 1754 ὄντι,
2837 1692 3015 1754 καθώς
3045 1701 3220 1762 ’φησιν
3255 1694 3282 1744 6
3325 1692 3612 1762 Εὑνόμιος,
3654 1694 3707 1745 οὐ
3739 1693 3802 1744 δεῖ

2254 1787 2575 1856 γεννήσεως.
2603 1785 2723 1838 Τῶν
2751 1785 2807 1838 δὲ
2835 1784 2974 1838 κατά
2997 1783 3268 1837 ἀντίθεσιν
3301 1783 3703 1854 θεωρουμένων,
3722 1782 3802 1834 οὐκ

2253 1880 2522 1950 ἐνδέχεται
2560 1879 2734 1943 άλλως
2771 1877 2840 1931 τὰ
2887 1877 3121 1948 κρείττω
3158 1875 3232 1947 μὴ
3267 1873 3428 1936 εἶναι,
3473 1877 3505 1946 ἦ
3553 1876 3615 1927 ἐκ
3644 1874 3801 1927 τοῦτὰ

2253 1974 2470 2044 χείρονα
2523 1967 2680 2024 εἶναι.
2723 1969 2910 2024 Ταῦτα
2947 1969 3124 2021 τοίνυν
3160 1969 3194 2039 ἡ
3225 1967 3385 2037 σοφία
3434 1966 3536 2036 τῆς
3577 1965 3801 2036 αἱρέσεως

2253 2065 2552 2136 δωροφορεῖ
2599 2063 2677 2133 τῷ
2708 2063 2903 2133 Πατρὶ,
2953 2061 3018 2114 δι’
3065 2054 3141 2114 ὧν
3177 2059 3436 2132 ἀτιμάζει
3488 2061 3580 2113 τοῦ
3616 2058 3732 2112 Υίοῦ
3754 2060 3803 2111 τὺ

2253 2157 2443 2217 ἀΐδιον,
2474 2158 2563 2210 τὸν
2592 2155 2701 2208 τῶν
2741 2154 2928 2208 κακῶν
2966 2153 3264 2220 κατάλογον
3300 2152 3406 2224 πρὸ
3441 2152 3541 2221 τῆς
3579 2150 3666 2204 τοῦ
3697 2151 3802 2204 Υἱοῦ

2254 2251 2572 2316 ἀναδείξεως
2609 2250 2958 2320 προσάγουσα
2988 2247 3064 2316 τῷ
3095 2245 3214 2316 Θεῷ
3245 2246 3338 2298 καὶ
3365 2245 3564 2315 Πατρί.

2327 2516 2432 2570 Καὶ
2495 2514 2681 2585 μηδεὶς
2732 2514 2796 2565 ὲκ
2849 2510 2948 2581 τῆς
3000 2509 3167 2580 άλλης
3224 2509 3460 2572 κτίσεως
3510 2508 3804 2578 ἀνατρέπειν

2255 2602 2447 2656 οἰέσθω
2479 2601 2575 2671 τὴν
2609 2602 2672 2653 ἐκ
2699 2599 2799 2668 τῆς
2835 2597 3154 2660 ἀκολουθίας
3187 2597 3390 2668 ταύτης
3429 2597 3802 2667 ἀναδειχθείσαν

2257 2694 2487 2747 ἀτοπίαν
2506 2692 2600 2745 τοῦ
2623 2691 2911 2761 δόγματος.
2947 2690 3091 2760 Ἐρεί
3116 2690 3223 2760 γάρ
3250 2707 3334 2752 τις
3362 2690 3516 2760 ἴσως,
3542 2691 3620 2744 ὅτι
3643 2691 3806 2760 ὥσπερ

2258 2786 2350 2838 τοῦ
2377 2783 2606 2857 οὐρανοῦ
2643 2783 2718 2855 μὴ
2761 2783 2914 2846 ὄντος
2952 2782 3102 2836 οὐδὲν
3137 2783 3376 2835 ἐναντίον
3420 2784 3620 2853 τούτιιν
3659 2783 3802 2846 οὕτως

2260 2879 2352 2930 καὶ
2383 2876 2473 2929 τοῦ
2521 2875 2649 2928 Υἱοῦ
2689 2876 2854 2946 μήπω
2885 2873 3196 2944 γενομένου,
3228 2876 3285 2937 ὃς
3323 2876 3474 2928 ἐστιν
3504 2874 3729 2947 ἀλήθεια,
3751 2876 3800 2926 οὗ

2261 2972 2475 3032 πάντως
2497 2968 2916 3038 ἀναγκαζόμεθα
2938 2968 2998 3020 τὸ
3031 2968 3271 3021 ἐναντίον
3296 2963 3440 3020 εἶναι
3475 2966 3800 3021 συντίθεσθαι.

582 3070 923 3124 contrarium
952 3066 1128 3124 fuisse
1157 3069 1426 3123 conﬁteri.
1463 3067 1562 3123 Cui
1595 3069 2038 3137 respondendum
2067 3079 2152 3125 est

2265 3062 2401 3132 Πρὸς
2432 3061 2489 3114 ὃν
2522 3060 2664 3113 ἔστιν
2691 3061 2890 3112 εἰπεῖν·
2930 3059 3009 3112 ὃτι
3042 3058 3254 3130 οὐρανῷ
3289 3060 3408 3130 μὲν,
3444 3059 3503 3114 τὸ
3526 3058 3801 3128 ἀντικείμε-

580 3160 724 3229 quod
759 3160 897 3216 caelo
927 3160 1143 3229 quidem
1197 3160 1331 3213 nihil
1361 3169 1444 3214 est
1478 3159 1809 3228 oppositum.
1849 3159 1955 3212 nisi
2007 3158 2147 3216 forte

581 3253 708 3323 quis
739 3254 917 3316 ipsum
951 3267 1060 3305 non
1101 3267 1223 3306 esse
1265 3253 1439 3321 ipsius
1470 3267 1592 3306 esse
1635 3251 1945 3321 oppositum
1988 3252 2156 3305 dicat.

582 3345 786 3398 Virtuti
824 3351 1028 3407 autem,
1054 3341 1198 3412 quod
1231 3342 1531 3398 secundum
1568 3343 1756 3396 vitium
1793 3352 1878 3396 est
1929 3357 2159 3410 prorsus

586 3435 926 3490 adversatur.
963 3433 1150 3488 Virtus
1179 3442 1361 3488 autem
1390 3432 1676 3486 Dominus.
1728 3430 1910 3498 Quare
1955 3433 2156 3487 caelum

584 3528 631 3584 si
663 3541 770 3580 non
801 3534 940 3588 erat,
971 3523 1109 3577 nihil
1141 3531 1278 3587 erat,
1319 3523 1523 3577 bonum
1575 3531 1756 3578 autem
1807 3525 1851 3579 si
1897 3539 2004 3579 non
2043 3536 2162 3580 erat

585 3615 921 3672 contrarium
961 3621 1099 3668 erat.
1133 3612 1238 3678 Qui
1274 3612 1441 3682 igitur
1477 3613 1676 3666 bonum
1712 3628 1820 3667 non
1853 3629 1978 3669 esse
2007 3629 2159 3670 asse—

583 3709 681 3773 rit,
712 3705 912 3759 malum
958 3719 1081 3759 esse
1132 3703 1336 3758 invitus
1381 3703 1655 3758 fatebitur.
1714 3704 1882 3775 Atqui
1972 3703 2158 3770 Pater,

587 3799 787 3870 inquit,
826 3797 1052 3851 omnino
1078 3796 1318 3868 perfecta
1352 3805 1435 3850 est
1470 3797 1669 3862 virtus,
1720 3805 1773 3852 et
1807 3800 1937 3866 vita,
1986 3808 2038 3855 et
2070 3799 2159 3851 lux

588 3892 891 3954 inaccessa,
929 3891 1219 3960 omniaque
1264 3889 1479 3943 excelsa
1529 3890 1728 3944 mentis
1777 3906 1935 3946 sensa
1972 3899 2024 3946 et
2067 3907 2162 3944 no-

589 3982 734 4035 mina
767 4000 780 4034 :
809 3982 882 4035 ita
927 3989 986 4035 ut
1016 3995 1125 4034 non
1156 3981 1224 4034 sit
1270 3981 1667 4044 necessarium,
1711 3984 1931 4050 quando
1975 3985 2162 4054 unige-

589 4073 702 4127 nita
749 4073 842 4126 lux
889 4073 1133 4126 nondum
1166 4083 1304 4138 erat,
1359 4071 1502 4142 quod
1539 4087 1602 4126 ex
1654 4073 1884 4128 adverso
1923 4081 2164 4132 occurrit

591 4182 655 4221 ex
706 4165 985 4218 contrario
1031 4163 1283 4233 intelligi,
1340 4179 1535 4234 nempe
1586 4165 1861 4220 tenebras.
1912 4165 2018 4222 Sed
2078 4170 2164 4222 hic

591 4272 748 4312 meus
803 4264 888 4310 est
945 4270 1150 4317 sermo,
1207 4255 1350 4324 quod
1402 4271 1581 4326 neque
1625 4273 1867 4326 unquam
1927 4259 2165 4312 tenehrze

593 4353 768 4402 erant.
812 4344 998 4414 Neque
1045 4345 1189 4400 enim
1223 4360 1461 4415 unquam
1513 4362 1623 4417 non
1655 4345 1756 4400 fuit
1788 4347 1880 4401 lux
1911 4365 1922 4401 :
1949 4363 2165 4416 semper

2259 3157 2347 3207 νόν
2371 3157 2518 3206 ἐστιν
2541 3151 2711 3213 οὐδὲν,
2746 3152 2792 3204 εί
2817 3151 2888 3222 μὴ
2919 3150 3026 3220 ἄρα
3047 3150 3122 3221 τῷ
3149 3147 3282 3204 εῖναι
3311 3151 3495 3218 αὐτὸν,
3520 3151 3579 3204 τὸ
3602 3150 3670 3222 μὴ
3690 3146 3804 3202 εἷναί

2260 3263 2342 3309 τις
2384 3244 2528 3311 λέγοι
2583 3243 2877 3296 ἀντίθετον.
2911 3243 2989 3314 Τῇ
3039 3242 3096 3296 δὲ
3134 3243 3299 3314 ἀρετῇ
3345 3243 3406 3296 τὸ
3463 3243 3601 3296 κατά
3637 3241 3804 3296 κακίαν

2263 3339 2480 3398 πάντως
2526 3335 3004 3406 ἀντικαθέστηκεν.
3052 3336 3243 3405 Ἀρετὴ
3285 3336 3341 3388 δὲ
3368 3337 3397 3388 6
3432 3335 3656 3406 Κύριος·
3686 3334 3801 3387 ὥστε

2261 3429 2489 3503 οὐρανοῦ
2523 3431 2621 3500 μὲν
2658 3429 2730 3500 μὴ
2758 3428 2930 3491 ὄντος,
2958 3427 3108 3479 οὐδὲν
3131 3423 3218 3496 ἦν,
3253 3426 3462 3494 ἀγαθοῦ
3488 3427 3543 3480 δὲ
3571 3427 3639 3498 μὴ
3659 3427 3803 3488 ὄντος,

2261 3522 2321 3575 τὸ
2359 3519 2596 3574 ἐναντίον
2625 3515 2711 3590 ἦν.
2763 3519 2820 3570 ’0
2844 3513 2936 3571 οὖν
2968 3517 3027 3570 τὸ
3057 3516 3260 3586 ἀγαθὸν
3290 3517 3465 3586 λέγων
3500 3518 3574 3590 μὴ
3597 3515 3737 3580 εἶναι,
3757 3515 3805 3568 τὸ

2263 3613 2431 3668 κακὸν
2473 3610 2730 3667 εἶναικαὶ
2761 3612 2834 3683 μὴ
2879 3611 3201 3682 βουλόμενος
3244 3610 3461 3674 πάντως
3497 3611 3802 3680 συνθήσεται.

2277 3705 2436 3759 Ἀλλά
2463 3707 2555 3758 καὶ
2583 3706 2610 3757 6
2642 3703 2851 3775 Πατὴρ,
2882 3702 3034 3773 φησὶ,
3069 3703 3162 3755 καὶ
3186 3701 3459 3774 παντελής
3492 3697 3805 3770 ἐστιν-ἀρετὴ

2265 3798 2357 3851 καὶ
2397 3796 2530 3867 ζωὴ,
2583 3795 2676 3848 καὶ
2715 3793 3008 3865 ἀπρόσιτον
3041 3792 3175 3863 φῶς,
3214 3794 3308 3846 καὶ
3351 3794 3528 3846 πάντα
3560 3792 3622 3846 τὰ
3656 3789 3804 3860 ὑψηλά

2266 3889 2512 3962 νοήματά
2543 3905 2601 3940 τε
2635 3887 2729 3940 καὶ
2775 3885 3122 3956 ὀνόματα·ὠς
3166 3885 3239 3958 μὴ
3275 3881 3411 3939 εἶναι
3451 3887 3701 3954 ἀνάγκην,
3733 3883 3803 3933 ὅτε

2265 3982 2324 4034 τὸ
2373 3980 2656 4050 μονογενὲς
2694 3977 2808 4046 φῶς
2841 3975 2993 4030 οὔπω
3037 3971 3126 4047 ἦν,
3168 3975 3228 4028 τὸ
3273 3974 3600 4046 κατάλληλον
3640 3975 3697 4025 ἐκ
3727 3968 3804 4021 τοῦ

2267 4073 2505 4128 ἐναντίου
2540 4070 2776 4125 νοεῖσθαι
2811 4069 3018 4132 σκότος.
3056 4068 3192 4121 Ἀλλ’
3215 4063 3367 4131 οὗτος
3398 4070 3426 4121 6
3455 4054 3590 4130 ἐμός
3617 4061 3803 4118 ἐστιλό-

2267 4183 2382 4235 γος,
2411 4165 2492 4217 ὅτι
2514 4161 2633 4216 οὐδέ
2663 4178 2793 4214 ποτε
2830 4161 3020 4222 σκότος
3041 4154 3129 4230 ἦν.
3163 4157 3297 4210 Οὐδὲ
3327 4158 3436 4228 γάρ
3477 4173 3600 4210 ποτε
3630 4156 3683 4207 τὸ
3710 4151 3802 4222 φῶς

2267 4260 2365 4312 οὐκ
2395 4253 2484 4328 ἦν,
2514 4255 2598 4308 ἀεὶ
2623 4252 2731 4323 γὰρ
2766 4256 2824 4306 ὲν
2858 4251 2935 4322 τῷ
2962 4253 3101 4320 φωτὶ
3126 4250 3302 4303 πάντα
3331 4250 3448 4303 ἐστὶ
3474 4249 3533 4302 τὸ
3568 4246 3690 4316 φῶς,
3721 4258 3801 4295 κα-

2269 4348 2374 4412 θὼς
2405 4350 2438 4418 ἡ
2469 4345 2773 4417 προφητεία
2794 4343 2960 4411 λέγει.
2985 4344 3048 4395 Et
3071 4343 3128 4396 δὲ
3161 4341 3301 4396 κατὰ
3326 4341 3416 4395 τὸν
3441 4341 3594 4409 λόγον
3619 4339 3708 4407 τῆς
3735 4333 3804 4388 al-

592 4442 738 4494 enim
771 4440 824 4492 in
858 4439 977 4493 luce
1003 4439 1185 4492 omnia
1214 4446 1342 4493 sunt
1380 4439 1492 4502 lux,
1528 4439 1673 4494 sicut
1703 4439 1982 4508 prophetia
2012 4438 2156 4494 dicit.

2277 4439 2496 4509 ρέσεως,
2532 4434 2661 4489 ἀλλο
2689 4434 2750 4486 τὸ
2787 4431 3078 4503 ἀγέννητόν
3117 4433 3233 4485 ἐστι
3267 4431 3398 4501 φῶς,
3443 4430 3616 4486 καὶτὸ
3650 4427 3735 4499 μὲν
3755 4423 3802 4487 ἐξ

594 4530 748 4596 Quod
795 4532 840 4584 si
889 4530 1188 4584 secundum
1225 4545 1532 4585 sermonem
1574 4531 1843 4586 haereseos
1895 4531 1998 4586 alia
2044 4532 2168 4601 qui-

595 4623 717 4675 dem
757 4630 840 4676 est
865 4622 956 4675 lux
1001 4622 1261 4690 ingenita,
1292 4629 1346 4675 et
1385 4621 1498 4676 hac
1544 4622 1612 4676 ab
1641 4630 1868 4685 aeterno,
1906 4623 2010 4676 alia
2039 4639 2168 4677 vero

595 4729 717 4783 quae
752 4722 938 4784 postea
969 4723 1540 4784 generaturmecesse
1582 4723 1666 4769 est
1705 4716 1926 4786 penitus
1951 4721 2169 4770 aeterna:

601 4805 709 4857 luci
751 4818 1031 4872 nunquam
1085 4804 1264 4856 locum
1303 4805 1550 4860 invenire
1597 4804 1901 4860 adversarii
1947 4809 2170 4875 opposi-

597 4905 712 4948 tum
739 4911 752 4959 ;
783 4909 995 4966 semper
1024 4895 1168 4948 enim
1200 4895 1324 4948 luce
1363 4895 1597 4959 lucente,
1638 4895 1690 4949 in
1723 4912 1785 4951 ea
1819 4897 2166 4953 tenebrarum

598 4989 842 5051 operatio
868 4994 1082 5055 tempus
1104 5002 1210 5041 non
1233 4987 1416 5040 habet.
1450 4987 1506 5040 ιη
1537 5003 1599 5041 ea
1632 4996 1811 5042 autem
1840 5005 1959 5058 qua:
1984 4997 2168 5059 postea

598 5080 740 5130 facta
777 5084 878 5142 est,
931 5076 1073 5130 sicut
1119 5077 1193 5130 illi
1245 5077 1420 5143 aiunt,
1459 5093 1564 5132 non
1599 5094 1758 5147 posse
1789 5077 1926 5141 ﬁeri,
1965 5096 2071 5133 non
2105 5096 2168 5133 ex

595 5168 839 5223 tenebris
883 5169 1062 5224 lucem
1115 5170 1436 5239 splendere;
1489 5168 1583 5223 sed
1630 5171 1832 5238 passim
1863 5180 1916 5224 et
1946 5171 2171 5224 omnino

597 5269 814 5312 aeternae
845 5257 954 5313 luci
983 5267 1038 5312 et
1070 5259 1117 5313 ei
1159 5274 1282 5329 quae
1329 5259 1603 5329 posterior
1632 5259 1778 5313 facta
1812 5268 1917 5326 est,
1963 5260 2171 5317 medias

598 5351 983 5406 intercessisse
1025 5352 1281 5406 tenebras
1330 5351 1790 5421 deprehendetur.
1853 5350 1970 5406 Non
2025 5351 2170 5405 enim

595 5458 737 5513 opus
776 5442 970 5499 fuisset
1001 5444 1362 5513 posteriorem
1390 5445 1532 5498 hanc
1563 5445 1738 5499 lucem
1775 5445 2034 5507 condere,
2066 5444 2172 5500 nisi

599 5537 666 5588 ad
705 5537 944 5606 aliquam
987 5536 1276 5591 utilitatem
1318 5546 1695 5608 comparatum
1740 5546 1886 5593 esset
1930 5536 1982 5593 id
2027 5537 2170 5608 quod

600 5634 838 5681 creatur.
872 5627 988 5682 Una
1025 5637 1205 5683 autem
1240 5628 1381 5683 lucis
1415 5629 1644 5693 utilitas,
1680 5635 1736 5682 ut
1776 5628 1951 5697 caligo
1976 5644 2177 5699 prteva-

601 5720 719 5775 lens
752 5721 819 5775 ab
865 5722 982 5794 ipsa
1018 5721 1318 5794 dissipetur
1343 5761 1357 5786 ,
1392 5721 1483 5777 sed
1526 5723 1619 5776 lux
1649 5722 1871 5793 quidem.
1909 5722 2171 5791 increata,

2270 4527 2460 4589 ἀϊδίου,
2485 4527 2641 4580 τοῦτο
2667 4525 2724 4578 δὲ
2758 4523 2894 4596 μετά
2915 4523 3086 4578 ταῦτα
3117 4523 3430 4592 γενόμενον,
3453 4521 3654 4590 ἀνάγκη
3679 4518 3802 4570 πᾶσα

2268 4621 2344 4691 τῷ
2387 4620 2485 4691 μὲν
2511 4620 2666 4695 ἀϊδίῳ
2695 4619 2854 4687 φωτὶ,
2892 4615 3161 4687 μηδέποτε
3198 4613 3382 4686 χώραν
3411 4617 3586 4687 εὑρεῖν
3615 4615 3801 4667 ἀντικα-

2267 4712 2528 4781 ταστῆναι
2559 4712 2620 4763 τὸ
2664 4709 3070 4779 ἀντικείμενονσ
3119 4707 3208 4761 ἀεὶ
3254 4705 3364 4778 γὰρ
3395 4705 3685 4777 λάμποντος
3724 4697 3800 4753 τοῦ

2270 4807 2461 4874 φωτὸς,
2497 4807 2532 4876 ὴ
2552 4803 2801 4875 ἐνέργεια
2829 4799 2924 4854 τοῦ
2953 4800 3180 4863 σκότους
3213 4800 3299 4855 ἐπ’
3330 4797 3494 4852 αὐτοῦ
3523 4796 3696 4867 καιρὸν
3719 4792 3799 4844 οὐκ

2270 4902 2399 4972 ἔχει.
2444 4899 2567 4952 Ἐπὶ
2610 4896 2664 4948 δὲ
2704 4893 2796 4948 τοῦ
2831 4893 2970 4964 μετὰ
3005 4891 3202 4955 ταῦτα,
3234 4890 3419 4954 καθὼς
3459 4887 3645 4944 ἐκεῖνοί
3674 4899 3797 4955 φασι,

2269 4990 2567 5060 γεγονότος,
2602 4989 2880 5059 ἀμήχανον
2937 4983 3076 5039 εἶναι
3131 4982 3206 5055 μὴ
3239 4985 3304 5037 ὲκ
3338 4983 3559 5043 σκότους
3607 4980 3665 5032 τὸ
3705 4975 3797 5044 φῶς

2269 5081 2501 5151 λάμψαι,
2529 5077 2664 5131 ἀλλὰ
2687 5077 2862 5146 πάντη
2885 5077 2979 5130 καὶ
3012 5075 3226 5136 πάντως
3253 5072 3346 5127 τοῦ
3376 5090 3433 5126 τε
3471 5071 3630 5126 ἀϊδίου
3652 5063 3797 5137 φωτὸς

2269 5173 2364 5225 καὶ
2394 5170 2487 5224 τοῦ
2530 5170 2754 5240 ὕστερον
2808 5166 3095 5236 γενομένου
3140 5166 3364 5228 σκότους
3407 5165 3469 5218 τὸ
3507 5163 3661 5235 μέσον
3697 5157 3794 5211 διαο

2269 5263 2622 5335 ληφθήσεται.
2672 5261 2747 5315 Οὐ
2782 5259 2891 5329 γὰρ
2928 5258 2993 5312 ἂν
3026 5260 3125 5329 τῆς
3172 5257 3512 5327 κατασκευῆς
3557 5253 3640 5308 τοῦ
3683 5246 3796 5321 μετὰ

2269 5355 2441 5410 ταῦτα
2477 5354 2653 5424 φωτὸς
2701 5350 2858 5423 χρεία
2893 5349 3122 5418 ἐγίνετο,
3156 5349 3204 5402 εί
3246 5349 3323 5420 μὴ
3360 5348 3494 5419 πρός
3536 5363 3586 5399 τι
3631 5341 3792 5413 χρήσι-

2275 5467 2372 5518 μον
2408 5443 2476 5519 ἦν
2518 5447 2579 5500 τὸ
2625 5444 2962 5515 κτιζόμενον.
2987 5443 3108 5499 Μία
3155 5443 3213 5496 δὲ
3263 5442 3438 5512 φωτὸς
3487 5439 3673 5512 χρῆσις
3719 5427 3792 5482 τοῦ

2271 5540 2493 5594 λύεσθαι
2524 5539 2616 5591 ἀπ’
2665 5536 2829 5591 αὑτοῦ
2857 5535 2949 5590 τὸν
2983 5533 3355 5606 έκκρατοῦντα
3401 5533 3580 5600 ζόφον.
3609 5525 3675 5579 T6
3715 5519 3791 5592 μὲν

2273 5628 2365 5685 οὖν
2401 5629 2664 5692 ἀκτίστως
2709 5623 2776 5698 ἧν
2813 5625 2952 5695 φῶς,
2988 5624 3121 5680 αὐτὸ
3155 5624 3222 5677 δι’
3272 5622 3462 5677 ἑαυτοῦ
3507 5623 3646 5674 ἐστιν
3683 5615 3791 5678 ὅπερ

2275 5720 2390 5776 ἐστὶ
2424 5723 2490 5793 τῇ
2517 5718 2694 5788 φύσει.
2719 5716 2791 5770 T6
2820 5715 2877 5770 δὲ
2932 5712 3244 5785 κτιζόμενον
3268 5712 3356 5768 διά
3387 5730 3439 5765 τι
3465 5711 3657 5780 γίνεται
3683 5700 3769 5755 πάν
