  <div class='ocr_page' id='page_1' title='image "/cluster/home/n/w/nwhite01/storage/ocr_20150623/45/hvd.32044019826437/419.png"; bbox 0 0 4034 6526; ppageno 0'>
   <div class='ocr_carea' id='block_1_1' title="bbox 535 422 640 479">
    <p class='ocr_par' dir='ltr' id='par_1_1' title="bbox 535 422 640 479">
     <span class='ocr_line' id='line_1_1' title="bbox 535 422 640 479; baseline -0.048 0"><span class='ocrx_word' id='word_1_1' title='bbox 535 422 640 479; x_wconf 68' lang='lat'><strong>897</strong></span> 
     </span>
    </p>
   </div>
   <div class='ocr_carea' id='block_1_2' title="bbox 1774 406 2529 468">
    <p class='ocr_par' dir='ltr' id='par_1_2' title="bbox 1774 406 2529 468">
     <span class='ocr_line' id='line_1_2' title="bbox 1774 406 2529 468; baseline -0.004 -3"><span class='ocrx_word' id='word_1_2' title='bbox 1774 409 1832 465; x_wconf 94' lang='lat' dir='ltr'><strong>S.</strong></span> <span class='ocrx_word' id='word_1_3' title='bbox 1873 406 2199 465; x_wconf 78' lang='lat' dir='ltr'><strong>GREGORII</strong></span> <span class='ocrx_word' id='word_1_4' title='bbox 2234 408 2529 468; x_wconf 78' lang='lat' dir='ltr'><strong>NYSSENI</strong></span> 
     </span>
    </p>
   </div>
   <div class='ocr_carea' id='block_1_3' title="bbox 3672 405 3761 459">
    <p class='ocr_par' dir='ltr' id='par_1_3' title="bbox 3672 405 3761 459">
     <span class='ocr_line' id='line_1_3' title="bbox 3672 405 3761 459; baseline -0.011 0"><span class='ocrx_word' id='word_1_5' title='bbox 3672 405 3761 459; x_wconf 70' lang='lat'><strong>89.8</strong></span> 
     </span>
    </p>
   </div>
   <div class='ocr_carea' id='block_1_4' title="bbox 533 523 2122 601">
    <p class='ocr_par' dir='ltr' id='par_1_4' title="bbox 533 528 2106 601">
     <span class='ocr_line' id='line_1_4' title="bbox 533 528 2106 601; baseline -0.006 -11"><span class='ocrx_word' id='word_1_6' title='bbox 533 536 729 598; x_wconf 74' lang='lat' dir='ltr'><strong>videat,</strong></span> <span class='ocrx_word' id='word_1_7' title='bbox 764 531 963 586; x_wconf 83' lang='lat' dir='ltr'><strong>idcirco</strong></span> <span class='ocrx_word' id='word_1_8' title='bbox 991 545 1308 601; x_wconf 75' lang='lat' dir='ltr'><strong>consequens</strong></span> <span class='ocrx_word' id='word_1_9' title='bbox 1339 538 1439 596; x_wconf 73' lang='lat' dir='ltr'><strong>est,</strong></span> <span class='ocrx_word' id='word_1_10' title='bbox 1477 544 1638 599; x_wconf 85' lang='lat' dir='ltr'><strong>neque</strong></span> <span class='ocrx_word' id='word_1_11' title='bbox 1683 529 1747 582; x_wconf 85' lang='lat' dir='ltr'><strong>ab</strong></span> <span class='ocrx_word' id='word_1_12' title='bbox 1784 529 1906 582; x_wconf 80' lang='lat' dir='ltr'><strong>aliis</strong></span> <span class='ocrx_word' id='word_1_13' title='bbox 1933 528 2106 582; x_wconf 84' lang='lat' dir='ltr'><strong>homi-</strong></span> 
     </span>
    </p>
   </div>
   <div class='ocr_carea' id='block_1_5' title="bbox 2222 523 3763 601">
    <p class='ocr_par' dir='ltr' id='par_1_5' title="bbox 2222 523 3763 596">
     <span class='ocr_line' id='line_1_5' title="bbox 2222 523 3763 596; baseline -0.003 -13"><span class='ocrx_word' id='word_1_14' title='bbox 2222 528 2323 583; x_wconf 64' lang='grc' dir='ltr'>τῶν</span> <span class='ocrx_word' id='word_1_15' title='bbox 2363 528 2553 582; x_wconf 80' lang='grc' dir='ltr'>ὄντων</span> <span class='ocrx_word' id='word_1_16' title='bbox 2583 526 2845 596; x_wconf 83' lang='grc' dir='ltr'><strong>εὕρεσιν.</strong></span> <span class='ocrx_word' id='word_1_17' title='bbox 2889 526 3026 580; x_wconf 76' lang='grc' dir='ltr'>Ἀλλ’</span> <span class='ocrx_word' id='word_1_18' title='bbox 3070 525 3274 595; x_wconf 76' lang='grc' dir='ltr'>εἴποιμ’</span> <span class='ocrx_word' id='word_1_19' title='bbox 3314 523 3378 578; x_wconf 81' lang='grc' dir='ltr'><strong>ἂν</strong></span> <span class='ocrx_word' id='word_1_20' title='bbox 3418 524 3557 595; x_wconf 73' lang='grc' dir='ltr'>πρὸς</span> <span class='ocrx_word' id='word_1_21' title='bbox 3598 524 3763 591; x_wconf 76' lang='grc' dir='ltr'>αὑτὸν,</span> 
     </span>
    </p>
   </div>
   <div class='ocr_carea' id='block_1_6' title="bbox 535 621 2102 694">
    <p class='ocr_par' dir='ltr' id='par_1_6' title="bbox 535 621 2102 694">
     <span class='ocr_line' id='line_1_6' title="bbox 535 621 2102 694; baseline -0.006 -12"><span class='ocrx_word' id='word_1_22' title='bbox 535 628 690 682; x_wconf 75' lang='lat' dir='ltr'><strong>nibus</strong></span> <span class='ocrx_word' id='word_1_23' title='bbox 732 641 915 680; x_wconf 83' lang='lat' dir='ltr'><strong>eorum</strong></span> <span class='ocrx_word' id='word_1_24' title='bbox 968 639 1085 694; x_wconf 76' lang='lat' dir='ltr'><strong>qua:</strong></span> <span class='ocrx_word' id='word_1_25' title='bbox 1131 631 1254 676; x_wconf 81' lang='lat' dir='ltr'><strong>sunt</strong></span> <span class='ocrx_word' id='word_1_26' title='bbox 1297 622 1647 675; x_wconf 78' lang='lat' dir='ltr'><strong>inventionem</strong></span> <span class='ocrx_word' id='word_1_27' title='bbox 1696 621 1889 691; x_wconf 80' lang='lat' dir='ltr'><strong>attingi</strong></span> <span class='ocrx_word' id='word_1_28' title='bbox 1932 636 2102 689; x_wconf 75' lang='lat' dir='ltr'><strong>posse.</strong></span> 
     </span>
    </p>
   </div>
   <div class='ocr_carea' id='block_1_7' title="bbox 536 712 2104 783">
    <p class='ocr_par' dir='ltr' id='par_1_7' title="bbox 536 712 2104 783">
     <span class='ocr_line' id='line_1_7' title="bbox 536 712 2104 783; baseline -0.007 -9"><span class='ocrx_word' id='word_1_29' title='bbox 536 718 738 775; x_wconf 78' lang='lat' dir='ltr'><strong>Verum</strong></span> <span class='ocrx_word' id='word_1_30' title='bbox 782 717 910 772; x_wconf 86' lang='lat' dir='ltr'><strong>huic</strong></span> <span class='ocrx_word' id='word_1_31' title='bbox 950 715 1276 778; x_wconf 83' lang='lat' dir='ltr'><strong>dixerimus,</strong></span> <span class='ocrx_word' id='word_1_32' title='bbox 1309 713 1453 782; x_wconf 89' lang='lat' dir='ltr'><strong>quod</strong></span> <span class='ocrx_word' id='word_1_33' title='bbox 1504 714 1597 783; x_wconf 89' lang='lat' dir='ltr'><strong>qui</strong></span> <span class='ocrx_word' id='word_1_34' title='bbox 1649 712 1870 778; x_wconf 78' lang='lat' dir='ltr'><strong>asserit,</strong></span> <span class='ocrx_word' id='word_1_35' title='bbox 1922 725 2104 767; x_wconf 89' lang='lat' dir='ltr'><strong>rerum</strong></span> 
     </span>
    </p>
   </div>
   <div class='ocr_carea' id='block_1_8' title="bbox 536 801 2109 874">
    <p class='ocr_par' dir='ltr' id='par_1_8' title="bbox 536 801 2109 874">
     <span class='ocr_line' id='line_1_8' title="bbox 536 801 2109 874; baseline -0.006 -11"><span class='ocrx_word' id='word_1_36' title='bbox 536 808 911 864; x_wconf 89' lang='lat' dir='ltr'><strong>inventionem</strong></span> <span class='ocrx_word' id='word_1_37' title='bbox 953 802 1342 874; x_wconf 84' lang='lat' dir='ltr'><strong>comprehendi</strong></span> <span class='ocrx_word' id='word_1_38' title='bbox 1391 816 1589 872; x_wconf 87' lang='lat' dir='ltr'><strong>posse,</strong></span> <span class='ocrx_word' id='word_1_39' title='bbox 1633 802 1722 855; x_wconf 92' lang='lat' dir='ltr'><strong>via</strong></span> <span class='ocrx_word' id='word_1_40' title='bbox 1771 801 2005 871; x_wconf 90' lang='lat' dir='ltr'><strong>quadam</strong></span> <span class='ocrx_word' id='word_1_41' title='bbox 2053 807 2109 855; x_wconf 88' lang='lat' dir='ltr'><strong>et</strong></span> 
     </span>
    </p>
   </div>
   <div class='ocr_carea' id='block_1_9' title="bbox 537 894 2107 963">
    <p class='ocr_par' dir='ltr' id='par_1_9' title="bbox 537 894 2107 963">
     <span class='ocr_line' id='line_1_9' title="bbox 537 894 2107 963; baseline -0.008 -7"><span class='ocrx_word' id='word_1_42' title='bbox 537 898 943 957; x_wconf 83' lang='lat' dir='ltr'><strong>oonsecutionis</strong></span> <span class='ocrx_word' id='word_1_43' title='bbox 998 896 1140 951; x_wconf 86' lang='lat' dir='ltr'><strong>serie</strong></span> <span class='ocrx_word' id='word_1_44' title='bbox 1178 910 1274 963; x_wconf 90' lang='lat' dir='ltr'><strong>per</strong></span> <span class='ocrx_word' id='word_1_45' title='bbox 1306 910 1489 949; x_wconf 87' lang='lat' dir='ltr'><strong>rerum</strong></span> <span class='ocrx_word' id='word_1_46' title='bbox 1526 894 1913 963; x_wconf 88' lang='lat' dir='ltr'><strong>cognitionem,</strong></span> <span class='ocrx_word' id='word_1_47' title='bbox 1951 906 2107 946; x_wconf 89' lang='lat' dir='ltr'><strong>suam</strong></span> 
     </span>
    </p>
   </div>
   <div class='ocr_carea' id='block_1_10' title="bbox 537 984 2109 1063">
    <p class='ocr_par' dir='ltr' id='par_1_10' title="bbox 537 984 2109 1063">
     <span class='ocr_line' id='line_1_10' title="bbox 537 984 2109 1063; baseline -0.006 -16"><span class='ocrx_word' id='word_1_48' title='bbox 537 991 952 1063; x_wconf 76' lang='lat' dir='ltr'><strong>intelligentiam</strong></span> <span class='ocrx_word' id='word_1_49' title='bbox 1003 987 1273 1058; x_wconf 79' lang='lat' dir='ltr'><strong>provexit.</strong></span> <span class='ocrx_word' id='word_1_50' title='bbox 1328 985 1395 1041; x_wconf 91' lang='lat' dir='ltr'><strong>Et</strong></span> <span class='ocrx_word' id='word_1_51' title='bbox 1447 1001 1544 1055; x_wconf 90' lang='lat' dir='ltr'><strong>per</strong></span> <span class='ocrx_word' id='word_1_52' title='bbox 1588 1001 1649 1040; x_wconf 91' lang='lat' dir='ltr'><strong>ea</strong></span> <span class='ocrx_word' id='word_1_53' title='bbox 1705 1000 1828 1055; x_wconf 65' lang='lat' dir='ltr'><strong>quae</strong></span> <span class='ocrx_word' id='word_1_54' title='bbox 1892 984 2109 1038; x_wconf 82' lang='lat' dir='ltr'><strong>facilius</strong></span> 
     </span>
    </p>
   </div>
   <div class='ocr_carea' id='block_1_11' title="bbox 538 1077 2107 1155">
    <p class='ocr_par' dir='ltr' id='par_1_11' title="bbox 538 1077 2107 1155">
     <span class='ocr_line' id='line_1_11' title="bbox 538 1077 2107 1155; baseline -0.006 -16"><span class='ocrx_word' id='word_1_55' title='bbox 538 1084 748 1155; x_wconf 85' lang='lat' dir='ltr'><strong>percipi</strong></span> <span class='ocrx_word' id='word_1_56' title='bbox 776 1086 1010 1153; x_wconf 88' lang='lat' dir='ltr'><strong>possunt</strong></span> <span class='ocrx_word' id='word_1_57' title='bbox 1037 1088 1091 1133; x_wconf 89' lang='lat' dir='ltr'><strong>et</strong></span> <span class='ocrx_word' id='word_1_58' title='bbox 1120 1079 1331 1132; x_wconf 90' lang='lat' dir='ltr'><strong>minora</strong></span> <span class='ocrx_word' id='word_1_59' title='bbox 1370 1077 1703 1132; x_wconf 81' lang='lat' dir='ltr'><strong>exercitatus</strong></span> <span class='ocrx_word' id='word_1_60' title='bbox 1738 1092 1833 1145; x_wconf 91' lang='lat' dir='ltr'><strong>per</strong></span> <span class='ocrx_word' id='word_1_61' title='bbox 1858 1091 2107 1144; x_wconf 85' lang='lat' dir='ltr'><strong>compre-</strong></span> 
     </span>
    </p>
   </div>
   <div class='ocr_carea' id='block_1_12' title="bbox 542 1166 2111 1236">
    <p class='ocr_par' dir='ltr' id='par_1_12' title="bbox 542 1166 2111 1236">
     <span class='ocr_line' id='line_1_12' title="bbox 542 1166 2111 1236; baseline -0.006 -9"><span class='ocrx_word' id='word_1_62' title='bbox 542 1175 859 1229; x_wconf 88' lang='lat' dir='ltr'><strong>hensionem</strong></span> <span class='ocrx_word' id='word_1_63' title='bbox 891 1189 905 1226; x_wconf 91' lang='lat'><strong>:</strong></span> <span class='ocrx_word' id='word_1_64' title='bbox 938 1170 1019 1225; x_wconf 90' lang='lat' dir='ltr'><strong>sic</strong></span> <span class='ocrx_word' id='word_1_65' title='bbox 1065 1168 1282 1223; x_wconf 85' lang='lat' dir='ltr'><strong>tandem</strong></span> <span class='ocrx_word' id='word_1_66' title='bbox 1323 1177 1376 1222; x_wconf 92' lang='lat' dir='ltr'><strong>et</strong></span> <span class='ocrx_word' id='word_1_67' title='bbox 1418 1166 1505 1222; x_wconf 88' lang='lat' dir='ltr'><strong>his</strong></span> <span class='ocrx_word' id='word_1_68' title='bbox 1550 1182 1673 1236; x_wconf 66' lang='lat' dir='ltr'><strong>quae</strong></span> <span class='ocrx_word' id='word_1_69' title='bbox 1710 1182 1925 1221; x_wconf 88' lang='lat' dir='ltr'><strong>omnem</strong></span> <span class='ocrx_word' id='word_1_70' title='bbox 1967 1166 2111 1219; x_wconf 84' lang='lat' dir='ltr'><strong>noti-</strong></span> 
     </span>
    </p>
   </div>
   <div class='ocr_carea' id='block_1_13' title="bbox 540 1257 2105 1333">
    <p class='ocr_par' dir='ltr' id='par_1_13' title="bbox 540 1257 2105 1333">
     <span class='ocr_line' id='line_1_13' title="bbox 540 1257 2105 1333; baseline -0.006 -14"><span class='ocrx_word' id='word_1_71' title='bbox 540 1266 670 1320; x_wconf 87' lang='lat' dir='ltr'><strong>tiam</strong></span> <span class='ocrx_word' id='word_1_72' title='bbox 736 1268 1018 1333; x_wconf 85' lang='lat' dir='ltr'><strong>superant,</strong></span> <span class='ocrx_word' id='word_1_73' title='bbox 1067 1275 1223 1316; x_wconf 87' lang='lat' dir='ltr'><strong>suam</strong></span> <span class='ocrx_word' id='word_1_74' title='bbox 1278 1258 1783 1328; x_wconf 89' lang='lat' dir='ltr'><strong>comprehensivam</strong></span> <span class='ocrx_word' id='word_1_75' title='bbox 1842 1257 2105 1312; x_wconf 85' lang='lat' dir='ltr'><strong>visionem</strong></span> 
     </span>
    </p>
   </div>
   <div class='ocr_carea' id='block_1_14' title="bbox 542 1347 2109 1426">
    <p class='ocr_par' dir='ltr' id='par_1_14' title="bbox 542 1347 2109 1426">
     <span class='ocr_line' id='line_1_14' title="bbox 542 1347 2109 1426; baseline -0.009 -13"><span class='ocrx_word' id='word_1_76' title='bbox 542 1358 657 1413; x_wconf 87' lang='lat' dir='ltr'><strong>sive</strong></span> <span class='ocrx_word' id='word_1_77' title='bbox 692 1354 1131 1426; x_wconf 81' lang='lat' dir='ltr'><strong>imaginationem</strong></span> <span class='ocrx_word' id='word_1_78' title='bbox 1174 1351 1457 1423; x_wconf 86' lang='lat' dir='ltr'><strong>applicuit.</strong></span> <span class='ocrx_word' id='word_1_79' title='bbox 1492 1349 1596 1415; x_wconf 86' lang='lat' dir='ltr'><strong>Qui</strong></span> <span class='ocrx_word' id='word_1_80' title='bbox 1644 1349 1806 1420; x_wconf 82' lang='lat' dir='ltr'><strong>igitur</strong></span> <span class='ocrx_word' id='word_1_81' title='bbox 1848 1347 2109 1417; x_wconf 80' lang='lat' dir='ltr'><strong>gloriatur</strong></span> 
     </span>
    </p>
   </div>
   <div class='ocr_carea' id='block_1_15' title="bbox 536 1438 2111 1519">
    <p class='ocr_par' dir='ltr' id='par_1_15' title="bbox 536 1438 2111 1519">
     <span class='ocr_line' id='line_1_15' title="bbox 536 1438 2111 1519; baseline -0.006 -18"><span class='ocrx_word' id='word_1_82' title='bbox 536 1445 926 1519; x_wconf 90' lang='lat' dir='ltr'><strong>jactabundus,</strong></span> <span class='ocrx_word' id='word_1_83' title='bbox 982 1460 1041 1500; x_wconf 91' lang='lat' dir='ltr'><strong>se</strong></span> <span class='ocrx_word' id='word_1_84' title='bbox 1077 1458 1267 1499; x_wconf 90' lang='lat' dir='ltr'><strong>eorum</strong></span> <span class='ocrx_word' id='word_1_85' title='bbox 1309 1457 1430 1510; x_wconf 65' lang='lat' dir='ltr'><strong>quae</strong></span> <span class='ocrx_word' id='word_1_86' title='bbox 1478 1451 1609 1496; x_wconf 88' lang='lat' dir='ltr'><strong>sunt</strong></span> <span class='ocrx_word' id='word_1_87' title='bbox 1651 1440 1936 1494; x_wconf 86' lang='lat' dir='ltr'><strong>scientiam</strong></span> <span class='ocrx_word' id='word_1_88' title='bbox 1984 1438 2111 1491; x_wconf 85' lang='lat' dir='ltr'><strong>ade-</strong></span> 
     </span>
    </p>
   </div>
   <div class='ocr_carea' id='block_1_16' title="bbox 540 1530 2109 1610">
    <p class='ocr_par' dir='ltr' id='par_1_16' title="bbox 540 1530 2109 1610">
     <span class='ocr_line' id='line_1_16' title="bbox 540 1530 2109 1610; baseline -0.006 -17"><span class='ocrx_word' id='word_1_89' title='bbox 540 1547 694 1610; x_wconf 89' lang='lat' dir='ltr'><strong>ptum</strong></span> <span class='ocrx_word' id='word_1_90' title='bbox 735 1552 876 1600; x_wconf 87' lang='lat' dir='ltr'><strong>esse,</strong></span> <span class='ocrx_word' id='word_1_91' title='bbox 911 1536 1057 1606; x_wconf 91' lang='lat' dir='ltr'><strong>quod</strong></span> <span class='ocrx_word' id='word_1_92' title='bbox 1104 1535 1387 1588; x_wconf 91' lang='lat' dir='ltr'><strong>minimum</strong></span> <span class='ocrx_word' id='word_1_93' title='bbox 1428 1541 1512 1586; x_wconf 90' lang='lat' dir='ltr'><strong>est</strong></span> <span class='ocrx_word' id='word_1_94' title='bbox 1554 1548 1743 1587; x_wconf 89' lang='lat' dir='ltr'><strong>eorum</strong></span> <span class='ocrx_word' id='word_1_95' title='bbox 1794 1546 1914 1600; x_wconf 72' lang='lat' dir='ltr'><strong>quae</strong></span> <span class='ocrx_word' id='word_1_96' title='bbox 1952 1530 2109 1584; x_wconf 80' lang='lat' dir='ltr'><strong>nobis</strong></span> 
     </span>
    </p>
   </div>
   <div class='ocr_carea' id='block_1_17' title="bbox 541 1620 2111 1696">
    <p class='ocr_par' dir='ltr' id='par_1_17' title="bbox 541 1620 2111 1696">
     <span class='ocr_line' id='line_1_17' title="bbox 541 1620 2111 1696; baseline -0.005 -13"><span class='ocrx_word' id='word_1_97' title='bbox 541 1636 669 1684; x_wconf 83' lang='lat' dir='ltr'><strong>ante</strong></span> <span class='ocrx_word' id='word_1_98' title='bbox 701 1628 892 1684; x_wconf 91' lang='lat' dir='ltr'><strong>oculos</strong></span> <span class='ocrx_word' id='word_1_99' title='bbox 934 1635 1218 1696; x_wconf 87' lang='lat' dir='ltr'><strong>apparent,</strong></span> <span class='ocrx_word' id='word_1_100' title='bbox 1264 1639 1385 1693; x_wconf 64' lang='lat' dir='ltr'><strong>quae</strong></span> <span class='ocrx_word' id='word_1_101' title='bbox 1418 1624 1489 1677; x_wconf 88' lang='lat' dir='ltr'><strong>sit</strong></span> <span class='ocrx_word' id='word_1_102' title='bbox 1530 1623 1651 1691; x_wconf 87' lang='lat' dir='ltr'><strong>ejus</strong></span> <span class='ocrx_word' id='word_1_103' title='bbox 1698 1632 1898 1676; x_wconf 89' lang='lat' dir='ltr'><strong>natura</strong></span> <span class='ocrx_word' id='word_1_104' title='bbox 1950 1620 2111 1675; x_wconf 90' lang='lat' dir='ltr'><strong>nobis</strong></span> 
     </span>
    </p>
   </div>
   <div class='ocr_carea' id='block_1_18' title="bbox 540 1713 2109 1788">
    <p class='ocr_par' dir='ltr' id='par_1_18' title="bbox 540 1713 2109 1788">
     <span class='ocr_line' id='line_1_18' title="bbox 540 1713 2109 1788; baseline -0.007 -14"><span class='ocrx_word' id='word_1_105' title='bbox 540 1719 818 1788; x_wconf 79' lang='lat' dir='ltr'><strong>explanet,</strong></span> <span class='ocrx_word' id='word_1_106' title='bbox 861 1724 919 1770; x_wconf 93' lang='lat' dir='ltr'><strong>ut</strong></span> <span class='ocrx_word' id='word_1_107' title='bbox 967 1733 1032 1771; x_wconf 87' lang='lat' dir='ltr'><strong>ex</strong></span> <span class='ocrx_word' id='word_1_108' title='bbox 1063 1732 1128 1770; x_wconf 91' lang='lat' dir='ltr'><strong>eo</strong></span> <span class='ocrx_word' id='word_1_109' title='bbox 1167 1714 1311 1785; x_wconf 91' lang='lat' dir='ltr'><strong>quod</strong></span> <span class='ocrx_word' id='word_1_110' title='bbox 1355 1721 1541 1768; x_wconf 91' lang='lat' dir='ltr'><strong>notum</strong></span> <span class='ocrx_word' id='word_1_111' title='bbox 1590 1720 1675 1768; x_wconf 86' lang='lat' dir='ltr'><strong>est</strong></span> <span class='ocrx_word' id='word_1_112' title='bbox 1716 1713 1783 1768; x_wconf 92' lang='lat' dir='ltr'><strong>de</strong></span> <span class='ocrx_word' id='word_1_113' title='bbox 1833 1728 1899 1768; x_wconf 86' lang='lat' dir='ltr'><strong>eo</strong></span> <span class='ocrx_word' id='word_1_114' title='bbox 1945 1713 2109 1766; x_wconf 88' lang='lat' dir='ltr'><strong>etiam</strong></span> 
     </span>
    </p>
   </div>
   <div class='ocr_carea' id='block_1_19' title="bbox 541 1803 2107 1880">
    <p class='ocr_par' dir='ltr' id='par_1_19' title="bbox 541 1803 2107 1880">
     <span class='ocr_line' id='line_1_19' title="bbox 541 1803 2107 1880; baseline -0.006 -15"><span class='ocrx_word' id='word_1_115' title='bbox 541 1810 688 1880; x_wconf 88' lang='lat' dir='ltr'><strong>quod</strong></span> <span class='ocrx_word' id='word_1_116' title='bbox 746 1809 1023 1864; x_wconf 90' lang='lat' dir='ltr'><strong>occultum</strong></span> <span class='ocrx_word' id='word_1_117' title='bbox 1083 1816 1169 1863; x_wconf 85' lang='lat' dir='ltr'><strong>est</strong></span> <span class='ocrx_word' id='word_1_118' title='bbox 1218 1817 1269 1861; x_wconf 91' lang='lat' dir='ltr'><strong>et</strong></span> <span class='ocrx_word' id='word_1_119' title='bbox 1314 1805 1650 1875; x_wconf 81' lang='lat' dir='ltr'><strong>incognitum</strong></span> <span class='ocrx_word' id='word_1_120' title='bbox 1719 1803 1875 1857; x_wconf 88' lang='lat' dir='ltr'><strong>fidem</strong></span> <span class='ocrx_word' id='word_1_121' title='bbox 1925 1803 2107 1856; x_wconf 82' lang='lat' dir='ltr'><strong>faciat.</strong></span> 
     </span>
    </p>
   </div>
   <div class='ocr_carea' id='block_1_20' title="bbox 2206 614 3762 692">
    <p class='ocr_par' dir='ltr' id='par_1_20' title="bbox 2206 614 3762 692">
     <span class='ocr_line' id='line_1_20' title="bbox 2206 614 3762 692; baseline -0.004 -17"><span class='ocrx_word' id='word_1_122' title='bbox 2206 623 2288 675; x_wconf 80' lang='grc' dir='ltr'><strong>ὅτι</strong></span> <span class='ocrx_word' id='word_1_123' title='bbox 2315 624 2344 675; x_wconf 85' lang='grc' dir='ltr'>ὁ</span> <span class='ocrx_word' id='word_1_124' title='bbox 2372 620 2597 692; x_wconf 83' lang='grc' dir='ltr'>ἐφικτὴν</span> <span class='ocrx_word' id='word_1_125' title='bbox 2639 615 2779 672; x_wconf 77' lang='grc' dir='ltr'>εἶναι</span> <span class='ocrx_word' id='word_1_126' title='bbox 2826 619 2997 686; x_wconf 90' lang='grc' dir='ltr'>λέγων</span> <span class='ocrx_word' id='word_1_127' title='bbox 3049 617 3157 670; x_wconf 79' lang='grc' dir='ltr'><strong>τῶν</strong></span> <span class='ocrx_word' id='word_1_128' title='bbox 3192 618 3358 671; x_wconf 75' lang='grc' dir='ltr'>ὄντων</span> <span class='ocrx_word' id='word_1_129' title='bbox 3409 617 3513 687; x_wconf 82' lang='grc' dir='ltr'>τὴν</span> <span class='ocrx_word' id='word_1_130' title='bbox 3544 614 3762 685; x_wconf 77' lang='grc' dir='ltr'>εὕρεσιν,</span> 
     </span>
    </p>
   </div>
   <div class='ocr_carea' id='block_1_21' title="bbox 2207 706 3765 782">
    <p class='ocr_par' dir='ltr' id='par_1_21' title="bbox 2207 706 3765 782">
     <span class='ocr_line' id='line_1_21' title="bbox 2207 706 3765 782; baseline -0.001 -18"><span class='ocrx_word' id='word_1_131' title='bbox 2207 710 2310 782; x_wconf 82' lang='grc' dir='ltr'><strong>ὁδῷ</strong></span> <span class='ocrx_word' id='word_1_132' title='bbox 2336 729 2441 764; x_wconf 89' lang='grc' dir='ltr'>τινι</span> <span class='ocrx_word' id='word_1_133' title='bbox 2498 712 2714 774; x_wconf 82' lang='grc' dir='ltr'>πάντως</span> <span class='ocrx_word' id='word_1_134' title='bbox 2741 711 2834 763; x_wconf 81' lang='grc' dir='ltr'><strong>καὶ</strong></span> <span class='ocrx_word' id='word_1_135' title='bbox 2868 709 3155 778; x_wconf 72' lang='grc' dir='ltr'><strong>ἀκολουθίᾳ</strong></span> <span class='ocrx_word' id='word_1_136' title='bbox 3199 708 3287 761; x_wconf 85' lang='grc' dir='ltr'>διὰ</span> <span class='ocrx_word' id='word_1_137' title='bbox 3331 708 3429 778; x_wconf 82' lang='grc' dir='ltr'>τῆς</span> <span class='ocrx_word' id='word_1_138' title='bbox 3460 706 3571 760; x_wconf 84' lang='grc' dir='ltr'><strong>τῶν</strong></span> <span class='ocrx_word' id='word_1_139' title='bbox 3614 706 3765 762; x_wconf 76' lang='grc' dir='ltr'>ὄντων</span> 
     </span>
    </p>
   </div>
   <div class='ocr_carea' id='block_1_22' title="bbox 2207 799 3766 874">
    <p class='ocr_par' dir='ltr' id='par_1_22' title="bbox 2207 799 3766 874">
     <span class='ocr_line' id='line_1_22' title="bbox 2207 799 3766 874; baseline -0.002 -19"><span class='ocrx_word' id='word_1_140' title='bbox 2207 804 2462 872; x_wconf 84' lang='grc' dir='ltr'>γνώσεως</span> <span class='ocrx_word' id='word_1_141' title='bbox 2517 805 2832 874; x_wconf 82' lang='grc' dir='ltr'><strong>προήγαγεν</strong></span> <span class='ocrx_word' id='word_1_142' title='bbox 2865 801 3057 855; x_wconf 79' lang='grc' dir='ltr'>ἑαυτοῦ</span> <span class='ocrx_word' id='word_1_143' title='bbox 3101 802 3199 871; x_wconf 84' lang='grc' dir='ltr'>τὴν</span> <span class='ocrx_word' id='word_1_144' title='bbox 3227 801 3490 854; x_wconf 84' lang='grc' dir='ltr'>διάνοιαν.</span> <span class='ocrx_word' id='word_1_145' title='bbox 3521 799 3629 852; x_wconf 69' lang='grc' dir='ltr'>Καὶ</span> <span class='ocrx_word' id='word_1_146' title='bbox 3669 803 3766 863; x_wconf 87' lang='grc' dir='ltr'>τοῖς</span> 
     </span>
    </p>
   </div>
   <div class='ocr_carea' id='block_1_23' title="bbox 2208 891 3767 966">
    <p class='ocr_par' dir='ltr' id='par_1_23' title="bbox 2208 891 3767 966">
     <span class='ocr_line' id='line_1_23' title="bbox 2208 891 3767 966; baseline -0.002 -18"><span class='ocrx_word' id='word_1_147' title='bbox 2208 895 2493 966; x_wconf 76' lang='grc' dir='ltr'>εὑλήπτοις</span> <span class='ocrx_word' id='word_1_148' title='bbox 2528 912 2585 948; x_wconf 89' lang='grc' dir='ltr'><strong>τε</strong></span> <span class='ocrx_word' id='word_1_149' title='bbox 2619 897 2710 949; x_wconf 74' lang='grc' dir='ltr'><strong>καὶ</strong></span> <span class='ocrx_word' id='word_1_150' title='bbox 2760 894 3101 964; x_wconf 83' lang='grc' dir='ltr'><strong>μικροτέροις</strong></span> <span class='ocrx_word' id='word_1_151' title='bbox 3136 892 3535 963; x_wconf 72' lang='grc' dir='ltr'>ἐγγυμνασθεὶς</span> <span class='ocrx_word' id='word_1_152' title='bbox 3564 891 3648 945; x_wconf 79' lang='grc' dir='ltr'>διὰ</span> <span class='ocrx_word' id='word_1_153' title='bbox 3680 892 3767 960; x_wconf 78' lang='grc' dir='ltr'>τῆς</span> 
     </span>
    </p>
   </div>
   <div class='ocr_carea' id='block_1_24' title="bbox 2208 982 3765 1055">
    <p class='ocr_par' dir='ltr' id='par_1_24' title="bbox 2208 982 3765 1055">
     <span class='ocr_line' id='line_1_24' title="bbox 2208 982 3765 1055; baseline -0.003 -17"><span class='ocrx_word' id='word_1_154' title='bbox 2208 985 2565 1055; x_wconf 78' lang='grc' dir='ltr'>καταλήψεως</span> <span class='ocrx_word' id='word_1_155' title='bbox 2586 1001 2600 1015; x_wconf 89' lang='grc'><strong>·</strong></span> <span class='ocrx_word' id='word_1_156' title='bbox 2631 985 2803 1047; x_wconf 79' lang='grc' dir='ltr'>οὕτως</span> <span class='ocrx_word' id='word_1_157' title='bbox 2831 984 2923 1037; x_wconf 76' lang='grc' dir='ltr'>καὶ</span> <span class='ocrx_word' id='word_1_158' title='bbox 2949 986 3061 1046; x_wconf 85' lang='grc' dir='ltr'>τοῖς</span> <span class='ocrx_word' id='word_1_159' title='bbox 3092 983 3345 1035; x_wconf 85' lang='grc' dir='ltr'>ἐπέκεινα</span> <span class='ocrx_word' id='word_1_160' title='bbox 3373 982 3556 1051; x_wconf 80' lang='grc' dir='ltr'>πάσης</span> <span class='ocrx_word' id='word_1_161' title='bbox 3582 982 3765 1043; x_wconf 79' lang='grc' dir='ltr'>ἐννοίας</span> 
     </span>
    </p>
   </div>
   <div class='ocr_carea' id='block_1_25' title="bbox 2208 1073 3769 1148">
    <p class='ocr_par' dir='ltr' id='par_1_25' title="bbox 2208 1073 3769 1148">
     <span class='ocr_line' id='line_1_25' title="bbox 2208 1073 3769 1148; baseline -0.003 -16"><span class='ocrx_word' id='word_1_162' title='bbox 2208 1079 2472 1132; x_wconf 74' lang='grc' dir='ltr'>ἐπέϐαλεν</span> <span class='ocrx_word' id='word_1_163' title='bbox 2498 1078 2692 1132; x_wconf 83' lang='grc' dir='ltr'>ἐαυτοῦ</span> <span class='ocrx_word' id='word_1_164' title='bbox 2739 1077 2837 1148; x_wconf 87' lang='grc' dir='ltr'><strong>τὴν</strong></span> <span class='ocrx_word' id='word_1_165' title='bbox 2878 1076 3287 1148; x_wconf 79' lang='grc' dir='ltr'>καταληπτικὴν</span> <span class='ocrx_word' id='word_1_166' title='bbox 3319 1073 3634 1143; x_wconf 85' lang='grc' dir='ltr'>φαντασίαν.</span> <span class='ocrx_word' id='word_1_167' title='bbox 3680 1074 3769 1127; x_wconf 67' lang='grc' dir='ltr'>Οὑε-</span> 
     </span>
    </p>
   </div>
   <div class='ocr_carea' id='block_1_26' title="bbox 2208 1165 3767 1241">
    <p class='ocr_par' dir='ltr' id='par_1_26' title="bbox 2208 1165 3767 1241">
     <span class='ocr_line' id='line_1_26' title="bbox 2208 1165 3767 1241; baseline -0.004 -18"><span class='ocrx_word' id='word_1_168' title='bbox 2208 1171 2337 1223; x_wconf 80' lang='grc' dir='ltr'>κοῦν</span> <span class='ocrx_word' id='word_1_169' title='bbox 2367 1173 2395 1223; x_wconf 85' lang='grc' dir='ltr'><strong>ό</strong></span> <span class='ocrx_word' id='word_1_170' title='bbox 2422 1170 2520 1241; x_wconf 80' lang='grc' dir='ltr'>τὴν</span> <span class='ocrx_word' id='word_1_171' title='bbox 2545 1170 2670 1240; x_wconf 75' lang='grc' dir='ltr'>περὶ</span> <span class='ocrx_word' id='word_1_172' title='bbox 2700 1168 2809 1223; x_wconf 85' lang='grc' dir='ltr'><strong>τῶν</strong></span> <span class='ocrx_word' id='word_1_173' title='bbox 2831 1169 2998 1222; x_wconf 76' lang='grc' dir='ltr'>ὄντων</span> <span class='ocrx_word' id='word_1_174' title='bbox 3026 1168 3230 1239; x_wconf 75' lang='grc' dir='ltr'>εἴδησιν</span> <span class='ocrx_word' id='word_1_175' title='bbox 3276 1165 3658 1236; x_wconf 73' lang='grc' dir='ltr'><strong>κατειληφέναι</strong></span> <span class='ocrx_word' id='word_1_176' title='bbox 3686 1183 3767 1233; x_wconf 86' lang='grc' dir='ltr'>με-</span> 
     </span>
    </p>
   </div>
   <div class='ocr_carea' id='block_1_27' title="bbox 2208 1256 3766 1333">
    <p class='ocr_par' dir='ltr' id='par_1_27' title="bbox 2208 1256 3766 1333">
     <span class='ocr_line' id='line_1_27' title="bbox 2208 1256 3766 1333; baseline -0.004 -19"><span class='ocrx_word' id='word_1_177' title='bbox 2208 1261 2669 1333; x_wconf 86' lang='grc' dir='ltr'>γαλαυχούμενος,</span> <span class='ocrx_word' id='word_1_178' title='bbox 2702 1261 2764 1314; x_wconf 82' lang='grc' dir='ltr'><strong>τὸ</strong></span> <span class='ocrx_word' id='word_1_179' title='bbox 2814 1260 3138 1331; x_wconf 80' lang='grc' dir='ltr'><strong>μικρότατον</strong></span> <span class='ocrx_word' id='word_1_180' title='bbox 3184 1258 3291 1311; x_wconf 88' lang='grc' dir='ltr'>τῶν</span> <span class='ocrx_word' id='word_1_181' title='bbox 3339 1256 3766 1329; x_wconf 83' lang='grc' dir='ltr'>προφαινομένων</span> 
     </span>
    </p>
   </div>
   <div class='ocr_carea' id='block_1_28' title="bbox 2210 1347 3768 1423">
    <p class='ocr_par' dir='ltr' id='par_1_28' title="bbox 2210 1347 3768 1423">
     <span class='ocr_line' id='line_1_28' title="bbox 2210 1347 3768 1423; baseline -0.003 -17"><span class='ocrx_word' id='word_1_182' title='bbox 2210 1356 2360 1423; x_wconf 75' lang='grc' dir='ltr'>ἡμῖν,</span> <span class='ocrx_word' id='word_1_183' title='bbox 2405 1353 2554 1416; x_wconf 85' lang='grc' dir='ltr'>ὅπως</span> <span class='ocrx_word' id='word_1_184' title='bbox 2586 1354 2699 1423; x_wconf 77' lang='grc' dir='ltr'>ἔχοι</span> <span class='ocrx_word' id='word_1_185' title='bbox 2750 1352 2963 1418; x_wconf 84' lang='grc' dir='ltr'>φύσεως</span> <span class='ocrx_word' id='word_1_186' title='bbox 3011 1350 3421 1421; x_wconf 80' lang='grc' dir='ltr'>ἐρμηνευσάτω.</span> <span class='ocrx_word' id='word_1_187' title='bbox 3469 1350 3556 1413; x_wconf 84' lang='grc' dir='ltr'>Ὠς</span> <span class='ocrx_word' id='word_1_188' title='bbox 3604 1347 3665 1400; x_wconf 80' lang='grc' dir='ltr'><strong>ἂν</strong></span> <span class='ocrx_word' id='word_1_189' title='bbox 3694 1349 3768 1402; x_wconf 77' lang='grc' dir='ltr'><strong>διὰ</strong></span> 
     </span>
    </p>
   </div>
   <div class='ocr_carea' id='block_1_29' title="bbox 2208 1439 3766 1514">
    <p class='ocr_par' dir='ltr' id='par_1_29' title="bbox 2208 1439 3766 1514">
     <span class='ocr_line' id='line_1_29' title="bbox 2208 1439 3766 1514; baseline -0.003 -17"><span class='ocrx_word' id='word_1_190' title='bbox 2208 1444 2302 1497; x_wconf 79' lang='grc' dir='ltr'>τοῦ</span> <span class='ocrx_word' id='word_1_191' title='bbox 2328 1443 2605 1514; x_wconf 83' lang='grc' dir='ltr'>γνωρίμου</span> <span class='ocrx_word' id='word_1_192' title='bbox 2628 1443 2721 1495; x_wconf 71' lang='grc' dir='ltr'><strong>καὶ</strong></span> <span class='ocrx_word' id='word_1_193' title='bbox 2750 1442 2878 1512; x_wconf 73' lang='grc' dir='ltr'>περὶ</span> <span class='ocrx_word' id='word_1_194' title='bbox 2903 1440 2997 1494; x_wconf 81' lang='grc' dir='ltr'>τοῦ</span> <span class='ocrx_word' id='word_1_195' title='bbox 3021 1440 3402 1511; x_wconf 82' lang='grc' dir='ltr'>κεκρυμμένου</span> <span class='ocrx_word' id='word_1_196' title='bbox 3435 1439 3766 1493; x_wconf 85' lang='grc' dir='ltr'>πιστώσαιτο.</span> 
     </span>
    </p>
   </div>
   <div class='ocr_carea' id='block_1_30' title="bbox 2209 1531 3768 1605">
    <p class='ocr_par' dir='ltr' id='par_1_30' title="bbox 2209 1531 3768 1605">
     <span class='ocr_line' id='line_1_30' title="bbox 2209 1531 3768 1605; baseline -0.004 -17"><span class='ocrx_word' id='word_1_197' title='bbox 2209 1536 2320 1589; x_wconf 80' lang='lat' dir='ltr'><strong>Kal.</strong></span> <span class='ocrx_word' id='word_1_198' title='bbox 2366 1535 2450 1598; x_wconf 87' lang='grc' dir='ltr'><strong>τίς</strong></span> <span class='ocrx_word' id='word_1_199' title='bbox 2494 1536 2528 1605; x_wconf 80' lang='grc' dir='ltr'>ἠ</span> <span class='ocrx_word' id='word_1_200' title='bbox 2563 1534 2659 1587; x_wconf 82' lang='grc' dir='ltr'>τοῦ</span> <span class='ocrx_word' id='word_1_201' title='bbox 2718 1532 3006 1605; x_wconf 83' lang='grc' dir='ltr'>μύρμηκος</span> <span class='ocrx_word' id='word_1_202' title='bbox 3054 1532 3215 1601; x_wconf 73' lang='grc' dir='ltr'>φύσις</span> <span class='ocrx_word' id='word_1_203' title='bbox 3272 1532 3659 1603; x_wconf 78' lang='grc' dir='ltr'>ἐρμηνευσάτω</span> <span class='ocrx_word' id='word_1_204' title='bbox 3705 1531 3768 1600; x_wconf 81' lang='grc' dir='ltr'>τῷ</span> 
     </span>
    </p>
   </div>
   <div class='ocr_carea' id='block_1_31' title="bbox 2210 1622 3767 1697">
    <p class='ocr_par' dir='ltr' id='par_1_31' title="bbox 2210 1622 3767 1697">
     <span class='ocr_line' id='line_1_31' title="bbox 2210 1622 3767 1697; baseline -0.003 -19"><span class='ocrx_word' id='word_1_205' title='bbox 2210 1626 2371 1697; x_wconf 84' lang='grc' dir='ltr'>λόγῳ,</span> <span class='ocrx_word' id='word_1_206' title='bbox 2415 1627 2463 1679; x_wconf 77' lang='grc' dir='ltr'><strong>εί</strong></span> <span class='ocrx_word' id='word_1_207' title='bbox 2510 1624 2780 1696; x_wconf 90' lang='grc' dir='ltr'>πνεύματι</span> <span class='ocrx_word' id='word_1_208' title='bbox 2821 1624 2916 1677; x_wconf 77' lang='grc' dir='ltr'><strong>καὶ</strong></span> <span class='ocrx_word' id='word_1_209' title='bbox 2953 1623 3188 1692; x_wconf 83' lang='grc' dir='ltr'>ἄσθματι</span> <span class='ocrx_word' id='word_1_210' title='bbox 3234 1623 3517 1693; x_wconf 82' lang='grc' dir='ltr'>συνέχεται</span> <span class='ocrx_word' id='word_1_211' title='bbox 3560 1622 3767 1693; x_wconf 73' lang='grc' dir='ltr'>αὑτοῦῄ</span> 
     </span>
    </p>
   </div>
   <div class='ocr_carea' id='block_1_32' title="bbox 2210 1713 3767 1788">
    <p class='ocr_par' dir='ltr' id='par_1_32' title="bbox 2210 1713 3767 1788">
     <span class='ocr_line' id='line_1_32' title="bbox 2210 1713 3767 1788; baseline -0.003 -18"><span class='ocrx_word' id='word_1_212' title='bbox 2210 1717 2345 1788; x_wconf 82' lang='grc' dir='ltr'>ζωὴ,</span> <span class='ocrx_word' id='word_1_213' title='bbox 2378 1719 2426 1771; x_wconf 82' lang='grc' dir='ltr'><strong>εί</strong></span> <span class='ocrx_word' id='word_1_214' title='bbox 2471 1717 2799 1787; x_wconf 82' lang='grc' dir='ltr'><strong>σπλάγχνοις</strong></span> <span class='ocrx_word' id='word_1_215' title='bbox 2848 1717 3207 1787; x_wconf 80' lang='grc' dir='ltr'>οἰκονομεῖται</span> <span class='ocrx_word' id='word_1_216' title='bbox 3248 1713 3641 1785; x_wconf 81' lang='grc' dir='ltr'>παραπλησίως</span> <span class='ocrx_word' id='word_1_217' title='bbox 3673 1717 3767 1775; x_wconf 81' lang='grc' dir='ltr'>τοῖς</span> 
     </span>
    </p>
   </div>
   <div class='ocr_carea' id='block_1_33' title="bbox 2211 1803 3769 1876">
    <p class='ocr_par' dir='ltr' id='par_1_33' title="bbox 2211 1803 3769 1876">
     <span class='ocr_line' id='line_1_33' title="bbox 2211 1803 3769 1876; baseline -0.006 -13"><span class='ocrx_word' id='word_1_218' title='bbox 2211 1810 2392 1872; x_wconf 81' lang='grc' dir='ltr'>ἄλλοις</span> <span class='ocrx_word' id='word_1_219' title='bbox 2434 1808 2592 1872; x_wconf 78' lang='grc' dir='ltr'>ζώοις</span> <span class='ocrx_word' id='word_1_220' title='bbox 2625 1825 2640 1839; x_wconf 90' lang='grc'><strong>·</strong></span> <span class='ocrx_word' id='word_1_221' title='bbox 2678 1809 2728 1861; x_wconf 84' lang='grc' dir='ltr'>εἰ</span> <span class='ocrx_word' id='word_1_222' title='bbox 2765 1807 2971 1869; x_wconf 81' lang='grc' dir='ltr'>ὀστέοις</span> <span class='ocrx_word' id='word_1_223' title='bbox 2997 1805 3057 1859; x_wconf 87' lang='grc' dir='ltr'>τὸ</span> <span class='ocrx_word' id='word_1_224' title='bbox 3096 1805 3252 1876; x_wconf 85' lang='grc' dir='ltr'>σῶμα</span> <span class='ocrx_word' id='word_1_225' title='bbox 3284 1804 3660 1876; x_wconf 83' lang='grc' dir='ltr'>περιείληπται</span> <span class='ocrx_word' id='word_1_226' title='bbox 3682 1817 3695 1832; x_wconf 77' lang='grc'><strong><em>³</em></strong></span> <span class='ocrx_word' id='word_1_227' title='bbox 3729 1803 3769 1854; x_wconf 87' lang='grc' dir='ltr'><strong>εί</strong></span> 
     </span>
    </p>
   </div>
   <div class='ocr_carea' id='block_1_34' title="bbox 542 1876 2122 1972">
    <p class='ocr_par' dir='ltr' id='par_1_34' title="bbox 542 1895 2107 1972">
     <span class='ocr_line' id='line_1_34' title="bbox 542 1895 2107 1972; baseline -0.006 -17"><span class='ocrx_word' id='word_1_228' title='bbox 542 1903 870 1972; x_wconf 67' lang='lat' dir='ltr'><strong>Ecquaanam</strong></span> <span class='ocrx_word' id='word_1_229' title='bbox 922 1900 993 1955; x_wconf 87' lang='lat' dir='ltr'><strong>sit</strong></span> <span class='ocrx_word' id='word_1_230' title='bbox 1032 1898 1275 1952; x_wconf 68' lang='lat' dir='ltr'><strong>formicae</strong></span> <span class='ocrx_word' id='word_1_231' title='bbox 1320 1906 1515 1951; x_wconf 90' lang='lat' dir='ltr'><strong>natura</strong></span> <span class='ocrx_word' id='word_1_232' title='bbox 1552 1911 1805 1951; x_wconf 86' lang='lat' dir='ltr'><strong>sermone</strong></span> <span class='ocrx_word' id='word_1_233' title='bbox 1851 1895 2107 1963; x_wconf 81' lang='lat' dir='ltr'><strong>explicet,</strong></span> 
     </span>
    </p>
   </div>
   <div class='ocr_carea' id='block_1_35' title="bbox 2222 1876 3769 1972">
    <p class='ocr_par' dir='ltr' id='par_1_35' title="bbox 2222 1893 3769 1971">
     <span class='ocr_line' id='line_1_35' title="bbox 2222 1893 3769 1971; baseline -0.006 -17"><span class='ocrx_word' id='word_1_234' title='bbox 2222 1900 2396 1971; x_wconf 82' lang='grc' dir='ltr'>μυελῷ</span> <span class='ocrx_word' id='word_1_235' title='bbox 2428 1901 2496 1954; x_wconf 82' lang='grc' dir='ltr'>τὰ</span> <span class='ocrx_word' id='word_1_236' title='bbox 2522 1900 2675 1954; x_wconf 88' lang='grc' dir='ltr'>κοῖλα</span> <span class='ocrx_word' id='word_1_237' title='bbox 2723 1900 2831 1953; x_wconf 84' lang='grc' dir='ltr'><strong>τῶν</strong></span> <span class='ocrx_word' id='word_1_238' title='bbox 2864 1898 3067 1953; x_wconf 82' lang='grc' dir='ltr'>ὀστέων</span> <span class='ocrx_word' id='word_1_239' title='bbox 3096 1900 3237 1951; x_wconf 82' lang='grc' dir='ltr'><strong>κατὰ</strong></span> <span class='ocrx_word' id='word_1_240' title='bbox 3281 1896 3341 1949; x_wconf 77' lang='grc' dir='ltr'>τὸ</span> <span class='ocrx_word' id='word_1_241' title='bbox 3375 1895 3550 1959; x_wconf 85' lang='grc' dir='ltr'>ἐντὸς,</span> <span class='ocrx_word' id='word_1_242' title='bbox 3591 1894 3638 1946; x_wconf 90' lang='grc' dir='ltr'><strong>εί</strong></span> <span class='ocrx_word' id='word_1_243' title='bbox 3667 1893 3769 1947; x_wconf 81' lang='grc' dir='ltr'>νεύ·</span> 
     </span>
    </p>
   </div>
   <div class='ocr_carea' id='block_1_36' title="bbox 542 1989 2108 2062">
    <p class='ocr_par' dir='ltr' id='par_1_36' title="bbox 542 1989 2108 2062">
     <span class='ocr_line' id='line_1_36' title="bbox 542 1989 2108 2062; baseline -0.005 -15"><span class='ocrx_word' id='word_1_244' title='bbox 542 2004 726 2049; x_wconf 85' lang='lat' dir='ltr'><strong>utrum</strong></span> <span class='ocrx_word' id='word_1_245' title='bbox 754 1992 948 2062; x_wconf 89' lang='lat' dir='ltr'><strong>spiritu</strong></span> <span class='ocrx_word' id='word_1_246' title='bbox 976 2000 1029 2046; x_wconf 92' lang='lat' dir='ltr'><strong>et</strong></span> <span class='ocrx_word' id='word_1_247' title='bbox 1062 1990 1231 2044; x_wconf 88' lang='lat' dir='ltr'><strong>halitu</strong></span> <span class='ocrx_word' id='word_1_248' title='bbox 1272 1989 1392 2058; x_wconf 91' lang='lat' dir='ltr'><strong>ejus</strong></span> <span class='ocrx_word' id='word_1_249' title='bbox 1427 1990 1534 2042; x_wconf 89' lang='lat' dir='ltr'><strong>vita</strong></span> <span class='ocrx_word' id='word_1_250' title='bbox 1562 1989 1894 2051; x_wconf 89' lang='lat' dir='ltr'><strong>continetur,</strong></span> <span class='ocrx_word' id='word_1_251' title='bbox 1925 1994 2108 2041; x_wconf 90' lang='lat' dir='ltr'><strong>utrum</strong></span> 
     </span>
    </p>
   </div>
   <div class='ocr_carea' id='block_1_37' title="bbox 541 2079 2113 2153">
    <p class='ocr_par' dir='ltr' id='par_1_37' title="bbox 541 2079 2113 2153">
     <span class='ocr_line' id='line_1_37' title="bbox 541 2079 2113 2153; baseline -0.004 -14"><span class='ocrx_word' id='word_1_252' title='bbox 541 2087 844 2142; x_wconf 85' lang='lat' dir='ltr'><strong>visceribus</strong></span> <span class='ocrx_word' id='word_1_253' title='bbox 869 2085 1237 2153; x_wconf 87' lang='lat' dir='ltr'><strong>dispensatur,</strong></span> <span class='ocrx_word' id='word_1_254' title='bbox 1269 2081 1523 2136; x_wconf 85' lang='lat' dir='ltr'><strong>similiter</strong></span> <span class='ocrx_word' id='word_1_255' title='bbox 1554 2091 1715 2150; x_wconf 89' lang='lat' dir='ltr'><strong>atque</strong></span> <span class='ocrx_word' id='word_1_256' title='bbox 1753 2081 1873 2134; x_wconf 90' lang='lat' dir='ltr'><strong>aliis</strong></span> <span class='ocrx_word' id='word_1_257' title='bbox 1902 2079 2113 2133; x_wconf 86' lang='lat' dir='ltr'><strong>anima-</strong></span> 
     </span>
    </p>
   </div>
   <div class='ocr_carea' id='block_1_38' title="bbox 542 2173 2107 2242">
    <p class='ocr_par' dir='ltr' id='par_1_38' title="bbox 542 2173 2107 2242">
     <span class='ocr_line' id='line_1_38' title="bbox 542 2173 2107 2242; baseline -0.005 -12"><span class='ocrx_word' id='word_1_258' title='bbox 542 2176 723 2238; x_wconf 77' lang='lat' dir='ltr'><strong>libus,</strong></span> <span class='ocrx_word' id='word_1_259' title='bbox 779 2182 964 2228; x_wconf 90' lang='lat' dir='ltr'><strong>utrum</strong></span> <span class='ocrx_word' id='word_1_260' title='bbox 1015 2173 1237 2227; x_wconf 88' lang='lat' dir='ltr'><strong>ossibus</strong></span> <span class='ocrx_word' id='word_1_261' title='bbox 1305 2186 1504 2242; x_wconf 92' lang='lat' dir='ltr'><strong>corpus</strong></span> <span class='ocrx_word' id='word_1_262' title='bbox 1558 2179 1934 2227; x_wconf 91' lang='lat' dir='ltr'><strong>constructum</strong></span> <span class='ocrx_word' id='word_1_263' title='bbox 1993 2176 2107 2233; x_wconf 89' lang='lat' dir='ltr'><strong>est,</strong></span> 
     </span>
    </p>
   </div>
   <div class='ocr_carea' id='block_1_39' title="bbox 544 2262 2110 2331">
    <p class='ocr_par' dir='ltr' id='par_1_39' title="bbox 544 2262 2110 2331">
     <span class='ocr_line' id='line_1_39' title="bbox 544 2262 2110 2331; baseline -0.004 -11"><span class='ocrx_word' id='word_1_264' title='bbox 544 2274 728 2321; x_wconf 90' lang='lat' dir='ltr'><strong>utrum</strong></span> <span class='ocrx_word' id='word_1_265' title='bbox 760 2264 999 2320; x_wconf 87' lang='lat' dir='ltr'><strong>medulla</strong></span> <span class='ocrx_word' id='word_1_266' title='bbox 1036 2263 1244 2318; x_wconf 87' lang='lat' dir='ltr'><strong>ossium</strong></span> <span class='ocrx_word' id='word_1_267' title='bbox 1284 2262 1547 2317; x_wconf 88' lang='lat' dir='ltr'><strong>cavitates</strong></span> <span class='ocrx_word' id='word_1_268' title='bbox 1577 2262 1727 2316; x_wconf 90' lang='lat' dir='ltr'><strong>intus</strong></span> <span class='ocrx_word' id='word_1_269' title='bbox 1757 2262 1928 2331; x_wconf 68' lang='lat' dir='ltr'><strong>plena:</strong></span> <span class='ocrx_word' id='word_1_270' title='bbox 1957 2269 2110 2325; x_wconf 91' lang='lat' dir='ltr'><strong>sunt,</strong></span> 
     </span>
    </p>
   </div>
   <div class='ocr_carea' id='block_1_40' title="bbox 546 2355 2113 2424">
    <p class='ocr_par' dir='ltr' id='par_1_40' title="bbox 546 2355 2113 2424">
     <span class='ocr_line' id='line_1_40' title="bbox 546 2355 2113 2424; baseline -0.003 -13"><span class='ocrx_word' id='word_1_271' title='bbox 546 2373 614 2412; x_wconf 91' lang='lat' dir='ltr'><strong>an</strong></span> <span class='ocrx_word' id='word_1_272' title='bbox 651 2358 835 2412; x_wconf 88' lang='lat' dir='ltr'><strong>nervis</strong></span> <span class='ocrx_word' id='word_1_273' title='bbox 879 2365 932 2412; x_wconf 90' lang='lat' dir='ltr'><strong>et</strong></span> <span class='ocrx_word' id='word_1_274' title='bbox 974 2355 1212 2410; x_wconf 86' lang='lat' dir='ltr'><strong>vinculis</strong></span> <span class='ocrx_word' id='word_1_275' title='bbox 1249 2369 1541 2424; x_wconf 83' lang='lat' dir='ltr'><strong>compages</strong></span> <span class='ocrx_word' id='word_1_276' title='bbox 1572 2360 1828 2409; x_wconf 89' lang='lat' dir='ltr'><strong>contenta</strong></span> <span class='ocrx_word' id='word_1_277' title='bbox 1878 2361 1995 2410; x_wconf 87' lang='lat' dir='ltr'><strong>est:</strong></span> <span class='ocrx_word' id='word_1_278' title='bbox 2043 2368 2113 2407; x_wconf 87' lang='lat' dir='ltr'><strong>an</strong></span> 
     </span>
    </p>
   </div>
   <div class='ocr_carea' id='block_1_41' title="bbox 543 2442 2115 2513">
    <p class='ocr_par' dir='ltr' id='par_1_41' title="bbox 543 2442 2115 2513">
     <span class='ocr_line' id='line_1_41' title="bbox 543 2442 2115 2513; baseline -0.004 -11"><span class='ocrx_word' id='word_1_279' title='bbox 543 2448 920 2503; x_wconf 84' lang='lat' dir='ltr'><strong>musculorum</strong></span> <span class='ocrx_word' id='word_1_280' title='bbox 970 2445 1263 2500; x_wconf 84' lang='lat' dir='ltr'><strong>amictibus</strong></span> <span class='ocrx_word' id='word_1_281' title='bbox 1297 2452 1350 2497; x_wconf 89' lang='lat' dir='ltr'><strong>et</strong></span> <span class='ocrx_word' id='word_1_282' title='bbox 1393 2443 1627 2498; x_wconf 89' lang='lat' dir='ltr'><strong>adenum</strong></span> <span class='ocrx_word' id='word_1_283' title='bbox 1675 2446 1789 2498; x_wconf 85' lang='lat' dir='ltr'><strong>sive</strong></span> <span class='ocrx_word' id='word_1_284' title='bbox 1830 2442 2115 2513; x_wconf 88' lang='lat' dir='ltr'><strong>glandula-</strong></span> 
     </span>
    </p>
   </div>
   <div class='ocr_carea' id='block_1_42' title="bbox 545 2534 2113 2599">
    <p class='ocr_par' dir='ltr' id='par_1_42' title="bbox 545 2534 2113 2599">
     <span class='ocr_line' id='line_1_42' title="bbox 545 2534 2113 2599; baseline -0.004 -7"><span class='ocrx_word' id='word_1_285' title='bbox 545 2554 667 2593; x_wconf 88' lang='lat' dir='ltr'><strong>rum</strong></span> <span class='ocrx_word' id='word_1_286' title='bbox 699 2552 989 2593; x_wconf 89' lang='lat' dir='ltr'><strong>nervorum</strong></span> <span class='ocrx_word' id='word_1_287' title='bbox 1018 2537 1156 2590; x_wconf 88' lang='lat' dir='ltr'><strong>situs</strong></span> <span class='ocrx_word' id='word_1_288' title='bbox 1179 2535 1526 2599; x_wconf 86' lang='lat' dir='ltr'><strong>continetur;</strong></span> <span class='ocrx_word' id='word_1_289' title='bbox 1560 2548 1627 2586; x_wconf 90' lang='lat' dir='ltr'><strong>an</strong></span> <span class='ocrx_word' id='word_1_290' title='bbox 1661 2534 1968 2588; x_wconf 87' lang='lat' dir='ltr'><strong>dorsalibus</strong></span> <span class='ocrx_word' id='word_1_291' title='bbox 1992 2548 2113 2585; x_wconf 78' lang='lat' dir='ltr'><strong>ver-</strong></span> 
     </span>
    </p>
   </div>
   <div class='ocr_carea' id='block_1_43' title="bbox 544 2625 2111 2697">
    <p class='ocr_par' dir='ltr' id='par_1_43' title="bbox 544 2625 2111 2697">
     <span class='ocr_line' id='line_1_43' title="bbox 544 2625 2111 2697; baseline -0.005 -13"><span class='ocrx_word' id='word_1_292' title='bbox 544 2631 715 2686; x_wconf 88' lang='lat' dir='ltr'><strong>tebris</strong></span> <span class='ocrx_word' id='word_1_293' title='bbox 740 2644 770 2684; x_wconf 91' lang='lat' dir='ltr'><strong>e</strong></span> <span class='ocrx_word' id='word_1_294' title='bbox 797 2630 1075 2697; x_wconf 84' lang='lat' dir='ltr'><strong>hregmate</strong></span> <span class='ocrx_word' id='word_1_295' title='bbox 1103 2626 1170 2680; x_wconf 91' lang='lat' dir='ltr'><strong>ad</strong></span> <span class='ocrx_word' id='word_1_296' title='bbox 1200 2626 1430 2679; x_wconf 78' lang='lat' dir='ltr'><strong>caudam</strong></span> <span class='ocrx_word' id='word_1_297' title='bbox 1469 2626 1701 2679; x_wconf 85' lang='lat' dir='ltr'><strong>medulla</strong></span> <span class='ocrx_word' id='word_1_298' title='bbox 1735 2625 2111 2694; x_wconf 85' lang='lat' dir='ltr'><strong>protenditur;</strong></span> 
     </span>
    </p>
   </div>
   <div class='ocr_carea' id='block_1_44' title="bbox 543 2717 2114 2790">
    <p class='ocr_par' dir='ltr' id='par_1_44' title="bbox 543 2717 2114 2790">
     <span class='ocr_line' id='line_1_44' title="bbox 543 2717 2114 2790; baseline -0.004 -13"><span class='ocrx_word' id='word_1_299' title='bbox 543 2740 613 2777; x_wconf 92' lang='lat' dir='ltr'><strong>an</strong></span> <span class='ocrx_word' id='word_1_300' title='bbox 662 2721 948 2790; x_wconf 81' lang='lat' dir='ltr'><strong>complexu</strong></span> <span class='ocrx_word' id='word_1_301' title='bbox 1007 2734 1254 2773; x_wconf 72' lang='lat' dir='ltr'><strong>nervosa:</strong></span> <span class='ocrx_word' id='word_1_302' title='bbox 1306 2718 1635 2771; x_wconf 70' lang='lat' dir='ltr'><strong>membranae</strong></span> <span class='ocrx_word' id='word_1_303' title='bbox 1688 2717 1947 2771; x_wconf 88' lang='lat' dir='ltr'><strong>membris</strong></span> <span class='ocrx_word' id='word_1_304' title='bbox 1994 2734 2114 2786; x_wconf 75' lang='lat' dir='ltr'><strong>qua:</strong></span> 
     </span>
    </p>
   </div>
   <div class='ocr_carea' id='block_1_45' title="bbox 547 2808 2117 2879">
    <p class='ocr_par' dir='ltr' id='par_1_45' title="bbox 547 2808 2117 2879">
     <span class='ocr_line' id='line_1_45' title="bbox 547 2808 2117 2879; baseline -0.006 -9"><span class='ocrx_word' id='word_1_305' title='bbox 547 2822 835 2870; x_wconf 85' lang='lat' dir='ltr'><strong>moventur</strong></span> <span class='ocrx_word' id='word_1_306' title='bbox 863 2813 971 2865; x_wconf 87' lang='lat' dir='ltr'><strong>vim</strong></span> <span class='ocrx_word' id='word_1_307' title='bbox 1006 2810 1368 2879; x_wconf 88' lang='lat' dir='ltr'><strong>impultriccm</strong></span> <span class='ocrx_word' id='word_1_308' title='bbox 1412 2809 1631 2874; x_wconf 87' lang='lat' dir='ltr'><strong>inserit;</strong></span> <span class='ocrx_word' id='word_1_309' title='bbox 1678 2824 1746 2861; x_wconf 87' lang='lat' dir='ltr'><strong>an</strong></span> <span class='ocrx_word' id='word_1_310' title='bbox 1792 2809 1843 2860; x_wconf 93' lang='lat' dir='ltr'><strong>in</strong></span> <span class='ocrx_word' id='word_1_311' title='bbox 1886 2808 1999 2875; x_wconf 84' lang='lat' dir='ltr'><strong>ipsa</strong></span> <span class='ocrx_word' id='word_1_312' title='bbox 2032 2816 2117 2863; x_wconf 81' lang='lat' dir='ltr'><strong>est</strong></span> 
     </span>
    </p>
   </div>
   <div class='ocr_carea' id='block_1_46' title="bbox 540 2900 2118 2977">
    <p class='ocr_par' dir='ltr' id='par_1_46' title="bbox 540 2900 2118 2977">
     <span class='ocr_line' id='line_1_46' title="bbox 540 2900 2118 2977; baseline -0.004 -16"><span class='ocrx_word' id='word_1_313' title='bbox 540 2909 701 2977; x_wconf 89' lang='lat' dir='ltr'><strong>jecur</strong></span> <span class='ocrx_word' id='word_1_314' title='bbox 740 2913 794 2958; x_wconf 87' lang='lat' dir='ltr'><strong>et</strong></span> <span class='ocrx_word' id='word_1_315' title='bbox 842 2902 1117 2957; x_wconf 85' lang='lat' dir='ltr'><strong>folliculus</strong></span> <span class='ocrx_word' id='word_1_316' title='bbox 1168 2900 1328 2965; x_wconf 78' lang='lat' dir='ltr'><strong>fellis,</strong></span> <span class='ocrx_word' id='word_1_317' title='bbox 1380 2900 1432 2953; x_wconf 92' lang='lat' dir='ltr'><strong>id</strong></span> <span class='ocrx_word' id='word_1_318' title='bbox 1472 2907 1578 2963; x_wconf 88' lang='lat' dir='ltr'><strong>est,</strong></span> <span class='ocrx_word' id='word_1_319' title='bbox 1624 2908 1934 2970; x_wconf 63' lang='lat' dir='ltr'><strong>expurgatae</strong></span> <span class='ocrx_word' id='word_1_320' title='bbox 1977 2916 2006 2954; x_wconf 74' lang='grc' dir='ltr'><strong>ε</strong></span> <span class='ocrx_word' id='word_1_321' title='bbox 2035 2901 2118 2969; x_wconf 88' lang='lat' dir='ltr'><strong>je-</strong></span> 
     </span>
    </p>
   </div>
   <div class='ocr_carea' id='block_1_47' title="bbox 545 2992 2120 3060">
    <p class='ocr_par' dir='ltr' id='par_1_47' title="bbox 545 2992 2120 3060">
     <span class='ocr_line' id='line_1_47' title="bbox 545 2992 2120 3060; baseline -0.004 -8"><span class='ocrx_word' id='word_1_322' title='bbox 545 3014 671 3054; x_wconf 82' lang='lat' dir='ltr'><strong>corc</strong></span> <span class='ocrx_word' id='word_1_323' title='bbox 695 2996 846 3049; x_wconf 70' lang='lat' dir='ltr'><strong>ﬂavm</strong></span> <span class='ocrx_word' id='word_1_324' title='bbox 884 2994 1011 3047; x_wconf 85' lang='lat' dir='ltr'><strong>bilis</strong></span> <span class='ocrx_word' id='word_1_325' title='bbox 1044 2992 1482 3060; x_wconf 84' lang='lat' dir='ltr'><strong>receptaculum;</strong></span> <span class='ocrx_word' id='word_1_326' title='bbox 1523 3006 1791 3059; x_wconf 85' lang='lat' dir='ltr'><strong>rcncsque</strong></span> <span class='ocrx_word' id='word_1_327' title='bbox 1821 3003 1871 3045; x_wconf 89' lang='lat' dir='ltr'><strong>ct</strong></span> <span class='ocrx_word' id='word_1_328' title='bbox 1901 3008 2020 3057; x_wconf 90' lang='lat' dir='ltr'><strong>cor,</strong></span> <span class='ocrx_word' id='word_1_329' title='bbox 2066 3001 2120 3047; x_wconf 90' lang='lat' dir='ltr'><strong>et</strong></span> 
     </span>
    </p>
   </div>
   <div class='ocr_carea' id='block_1_48' title="bbox 548 3084 2122 3153">
    <p class='ocr_par' dir='ltr' id='par_1_48' title="bbox 548 3084 2122 3153">
     <span class='ocr_line' id='line_1_48' title="bbox 548 3084 2122 3153; baseline -0.003 -9"><span class='ocrx_word' id='word_1_330' title='bbox 548 3090 760 3145; x_wconf 72' lang='lat' dir='ltr'><strong>arteriae</strong></span> <span class='ocrx_word' id='word_1_331' title='bbox 782 3096 835 3143; x_wconf 92' lang='lat' dir='ltr'><strong>et</strong></span> <span class='ocrx_word' id='word_1_332' title='bbox 868 3103 1038 3149; x_wconf 65' lang='lat' dir='ltr'><strong>venae,</strong></span> <span class='ocrx_word' id='word_1_333' title='bbox 1082 3086 1525 3153; x_wconf 74' lang='lat' dir='ltr'><strong>membranaeque</strong></span> <span class='ocrx_word' id='word_1_334' title='bbox 1565 3092 1618 3137; x_wconf 89' lang='lat' dir='ltr'><strong>et</strong></span> <span class='ocrx_word' id='word_1_335' title='bbox 1651 3084 1969 3153; x_wconf 75' lang='lat' dir='ltr'><strong>praecordia,</strong></span> <span class='ocrx_word' id='word_1_336' title='bbox 2004 3084 2122 3139; x_wconf 86' lang='lat' dir='ltr'><strong>sive</strong></span> 
     </span>
    </p>
   </div>
   <div class='ocr_carea' id='block_1_49' title="bbox 2216 1988 3769 2064">
    <p class='ocr_par' dir='ltr' id='par_1_49' title="bbox 2216 1988 3769 2064">
     <span class='ocr_line' id='line_1_49' title="bbox 2216 1988 3769 2064; baseline -0.003 -20"><span class='ocrx_word' id='word_1_337' title='bbox 2216 2009 2328 2064; x_wconf 85' lang='grc' dir='ltr'>ροις</span> <span class='ocrx_word' id='word_1_338' title='bbox 2378 1992 2470 2045; x_wconf 77' lang='grc' dir='ltr'><strong>καὶ</strong></span> <span class='ocrx_word' id='word_1_339' title='bbox 2522 1992 2838 2062; x_wconf 85' lang='grc' dir='ltr'>συνδέσμοις</span> <span class='ocrx_word' id='word_1_340' title='bbox 2880 1990 2978 2053; x_wconf 78' lang='grc' dir='ltr'>τὰς</span> <span class='ocrx_word' id='word_1_341' title='bbox 3033 1990 3300 2060; x_wconf 84' lang='grc' dir='ltr'>ἁρμονίας</span> <span class='ocrx_word' id='word_1_342' title='bbox 3352 1989 3674 2041; x_wconf 76' lang='grc' dir='ltr'>τετόνωται’</span> <span class='ocrx_word' id='word_1_343' title='bbox 3728 1988 3769 2039; x_wconf 83' lang='grc' dir='ltr'><strong>εί</strong></span> 
     </span>
    </p>
   </div>
   <div class='ocr_carea' id='block_1_50' title="bbox 2216 2080 3771 2158">
    <p class='ocr_par' dir='ltr' id='par_1_50' title="bbox 2216 2080 3771 2158">
     <span class='ocr_line' id='line_1_50' title="bbox 2216 2080 3771 2158; baseline -0.004 -19"><span class='ocrx_word' id='word_1_344' title='bbox 2216 2084 2366 2157; x_wconf 85' lang='grc' dir='ltr'>μυῶν</span> <span class='ocrx_word' id='word_1_345' title='bbox 2394 2084 2730 2158; x_wconf 79' lang='grc' dir='ltr'>περιϐολαῖς,</span> <span class='ocrx_word' id='word_1_346' title='bbox 2756 2083 2848 2138; x_wconf 82' lang='grc' dir='ltr'>καὶ</span> <span class='ocrx_word' id='word_1_347' title='bbox 2878 2082 3078 2138; x_wconf 87' lang='grc' dir='ltr'>ἀδένων</span> <span class='ocrx_word' id='word_1_348' title='bbox 3109 2084 3142 2154; x_wconf 85' lang='grc' dir='ltr'><strong>ή</strong></span> <span class='ocrx_word' id='word_1_349' title='bbox 3167 2082 3274 2137; x_wconf 76' lang='grc' dir='ltr'>τῶν</span> <span class='ocrx_word' id='word_1_350' title='bbox 3294 2080 3504 2154; x_wconf 87' lang='grc' dir='ltr'>νεύρων</span> <span class='ocrx_word' id='word_1_351' title='bbox 3537 2096 3771 2152; x_wconf 81' lang='grc' dir='ltr'>περικρα·</span> 
     </span>
    </p>
   </div>
   <div class='ocr_carea' id='block_1_51' title="bbox 2212 2171 3769 2242">
    <p class='ocr_par' dir='ltr' id='par_1_51' title="bbox 2212 2171 3769 2242">
     <span class='ocr_line' id='line_1_51' title="bbox 2212 2171 3769 2242; baseline -0.004 -11"><span class='ocrx_word' id='word_1_352' title='bbox 2212 2182 2384 2232; x_wconf 87' lang='grc' dir='ltr'>τεῖται</span> <span class='ocrx_word' id='word_1_353' title='bbox 2431 2178 2610 2242; x_wconf 76' lang='grc' dir='ltr'>θέσιςο</span> <span class='ocrx_word' id='word_1_354' title='bbox 2662 2179 2710 2231; x_wconf 79' lang='grc' dir='ltr'>εἰ</span> <span class='ocrx_word' id='word_1_355' title='bbox 2758 2180 2873 2240; x_wconf 87' lang='grc' dir='ltr'>τοῖς</span> <span class='ocrx_word' id='word_1_356' title='bbox 2909 2177 3179 2239; x_wconf 85' lang='grc' dir='ltr'>νωτιαίοις</span> <span class='ocrx_word' id='word_1_357' title='bbox 3231 2175 3545 2238; x_wconf 77' lang='grc' dir='ltr'>σπονδύλοις</span> <span class='ocrx_word' id='word_1_358' title='bbox 3592 2176 3653 2227; x_wconf 86' lang='grc' dir='ltr'>ὲκ</span> <span class='ocrx_word' id='word_1_359' title='bbox 3690 2171 3769 2226; x_wconf 77' lang='grc' dir='ltr'>τοῦ</span> 
     </span>
    </p>
   </div>
   <div class='ocr_carea' id='block_1_52' title="bbox 2216 2265 3769 2339">
    <p class='ocr_par' dir='ltr' id='par_1_52' title="bbox 2216 2265 3769 2339">
     <span class='ocr_line' id='line_1_52' title="bbox 2216 2265 3769 2339; baseline -0.003 -18"><span class='ocrx_word' id='word_1_360' title='bbox 2216 2268 2521 2339; x_wconf 83' lang='grc' dir='ltr'>βρέγματος</span> <span class='ocrx_word' id='word_1_361' title='bbox 2547 2268 2639 2321; x_wconf 74' lang='grc' dir='ltr'><strong>ἐπὶ</strong></span> <span class='ocrx_word' id='word_1_362' title='bbox 2669 2267 2730 2320; x_wconf 82' lang='grc' dir='ltr'><strong>τὸ</strong></span> <span class='ocrx_word' id='word_1_363' title='bbox 2758 2268 2977 2337; x_wconf 86' lang='grc' dir='ltr'>οὐραῖον</span> <span class='ocrx_word' id='word_1_364' title='bbox 3003 2268 3032 2320; x_wconf 85' lang='grc' dir='ltr'>ὁ</span> <span class='ocrx_word' id='word_1_365' title='bbox 3067 2266 3259 2337; x_wconf 80' lang='grc' dir='ltr'>μυελὸς</span> <span class='ocrx_word' id='word_1_366' title='bbox 3284 2266 3691 2337; x_wconf 73' lang='grc' dir='ltr'><strong>παρςιτείνειται⁸</strong></span> <span class='ocrx_word' id='word_1_367' title='bbox 3728 2265 3769 2316; x_wconf 83' lang='grc' dir='ltr'><strong>εί</strong></span> 
     </span>
    </p>
   </div>
   <div class='ocr_carea' id='block_1_53' title="bbox 2210 2353 3771 2428">
    <p class='ocr_par' dir='ltr' id='par_1_53' title="bbox 2210 2353 3771 2428">
     <span class='ocr_line' id='line_1_53' title="bbox 2210 2353 3771 2428; baseline -0.004 -19"><span class='ocrx_word' id='word_1_368' title='bbox 2210 2359 2277 2427; x_wconf 86' lang='grc' dir='ltr'>τῇ</span> <span class='ocrx_word' id='word_1_369' title='bbox 2310 2358 2537 2428; x_wconf 81' lang='grc' dir='ltr'>περιοχῇ</span> <span class='ocrx_word' id='word_1_370' title='bbox 2576 2354 2667 2409; x_wconf 83' lang='grc' dir='ltr'>τοῦ</span> <span class='ocrx_word' id='word_1_371' title='bbox 2702 2355 3001 2426; x_wconf 78' lang='grc' dir='ltr'>νευρώδους</span> <span class='ocrx_word' id='word_1_372' title='bbox 3049 2353 3262 2425; x_wconf 82' lang='grc' dir='ltr'>ὑμένος,</span> <span class='ocrx_word' id='word_1_373' title='bbox 3300 2357 3417 2416; x_wconf 89' lang='grc' dir='ltr'>τοῖς</span> <span class='ocrx_word' id='word_1_374' title='bbox 3460 2353 3771 2422; x_wconf 83' lang='grc' dir='ltr'>κινουμένοις</span> 
     </span>
    </p>
   </div>
   <div class='ocr_carea' id='block_1_54' title="bbox 2218 2445 3771 2521">
    <p class='ocr_par' dir='ltr' id='par_1_54' title="bbox 2218 2445 3771 2521">
     <span class='ocr_line' id='line_1_54' title="bbox 2218 2445 3771 2521; baseline -0.003 -20"><span class='ocrx_word' id='word_1_375' title='bbox 2218 2449 2401 2519; x_wconf 87' lang='grc' dir='ltr'>μέλεσι</span> <span class='ocrx_word' id='word_1_376' title='bbox 2432 2449 2530 2519; x_wconf 85' lang='grc' dir='ltr'>τὴν</span> <span class='ocrx_word' id='word_1_377' title='bbox 2562 2449 2866 2521; x_wconf 75' lang='grc' dir='ltr'>όρμητικὴν</span> <span class='ocrx_word' id='word_1_378' title='bbox 2903 2446 3143 2501; x_wconf 75' lang='grc' dir='ltr'>ἐνδίδωσι</span> <span class='ocrx_word' id='word_1_379' title='bbox 3178 2446 3440 2515; x_wconf 88' lang='grc' dir='ltr'>δύναμιν·</span> <span class='ocrx_word' id='word_1_380' title='bbox 3477 2446 3525 2498; x_wconf 82' lang='grc' dir='ltr'>εἰ</span> <span class='ocrx_word' id='word_1_381' title='bbox 3563 2445 3697 2498; x_wconf 78' lang='grc' dir='ltr'>ἔστιν</span> <span class='ocrx_word' id='word_1_382' title='bbox 3725 2446 3771 2496; x_wconf 84' lang='grc' dir='ltr'><strong>ἐν</strong></span> 
     </span>
    </p>
   </div>
   <div class='ocr_carea' id='block_1_55' title="bbox 2215 2535 3775 2613">
    <p class='ocr_par' dir='ltr' id='par_1_55' title="bbox 2215 2535 3775 2613">
     <span class='ocr_line' id='line_1_55' title="bbox 2215 2535 3775 2613; baseline -0.004 -18"><span class='ocrx_word' id='word_1_383' title='bbox 2215 2541 2363 2612; x_wconf 84' lang='grc' dir='ltr'>αὑτῷ</span> <span class='ocrx_word' id='word_1_384' title='bbox 2390 2540 2451 2594; x_wconf 84' lang='grc' dir='ltr'><strong>τὸ</strong></span> <span class='ocrx_word' id='word_1_385' title='bbox 2489 2535 2664 2613; x_wconf 75' lang='grc' dir='ltr'>ἧπαρ,</span> <span class='ocrx_word' id='word_1_386' title='bbox 2721 2540 2814 2594; x_wconf 80' lang='grc' dir='ltr'><strong>καὶ</strong></span> <span class='ocrx_word' id='word_1_387' title='bbox 2846 2538 3131 2609; x_wconf 86' lang='grc' dir='ltr'>χοληδόχον</span> <span class='ocrx_word' id='word_1_388' title='bbox 3171 2539 3387 2607; x_wconf 78' lang='grc' dir='ltr'>ἀγγεῖον</span> <span class='ocrx_word' id='word_1_389' title='bbox 3419 2539 3511 2591; x_wconf 72' lang='grc' dir='ltr'><strong>ἐπὶ</strong></span> <span class='ocrx_word' id='word_1_390' title='bbox 3540 2536 3628 2590; x_wconf 81' lang='grc' dir='ltr'>τοῦ</span> <span class='ocrx_word' id='word_1_391' title='bbox 3650 2537 3775 2606; x_wconf 79' lang='grc' dir='ltr'>ἥπα-</span> 
     </span>
    </p>
   </div>
   <div class='ocr_carea' id='block_1_56' title="bbox 2214 2624 3769 2701">
    <p class='ocr_par' dir='ltr' id='par_1_56' title="bbox 2214 2624 3769 2701">
     <span class='ocr_line' id='line_1_56' title="bbox 2214 2624 3769 2701; baseline -0.006 -16"><span class='ocrx_word' id='word_1_392' title='bbox 2214 2650 2326 2697; x_wconf 88' lang='grc' dir='ltr'>τος,</span> <span class='ocrx_word' id='word_1_393' title='bbox 2359 2631 2543 2701; x_wconf 84' lang='grc' dir='ltr'>νεφροί</span> <span class='ocrx_word' id='word_1_394' title='bbox 2569 2648 2628 2682; x_wconf 88' lang='grc' dir='ltr'><strong>τε</strong></span> <span class='ocrx_word' id='word_1_395' title='bbox 2659 2630 2753 2682; x_wconf 75' lang='grc' dir='ltr'>καὶ</span> <span class='ocrx_word' id='word_1_396' title='bbox 2782 2628 2997 2699; x_wconf 84' lang='grc' dir='ltr'>καρδία,</span> <span class='ocrx_word' id='word_1_397' title='bbox 3040 2628 3133 2681; x_wconf 79' lang='grc' dir='ltr'><strong>καὶ</strong></span> <span class='ocrx_word' id='word_1_398' title='bbox 3166 2627 3426 2699; x_wconf 83' lang='grc' dir='ltr'>ἀρτηρίαι</span> <span class='ocrx_word' id='word_1_399' title='bbox 3457 2627 3551 2680; x_wconf 75' lang='grc' dir='ltr'><strong>καὶ</strong></span> <span class='ocrx_word' id='word_1_400' title='bbox 3582 2624 3769 2695; x_wconf 80' lang='grc' dir='ltr'>φλέὸες,</span> 
     </span>
    </p>
   </div>
   <div class='ocr_carea' id='block_1_57' title="bbox 2218 2716 3773 2793">
    <p class='ocr_par' dir='ltr' id='par_1_57' title="bbox 2218 2716 3773 2793">
     <span class='ocr_line' id='line_1_57' title="bbox 2218 2716 3773 2793; baseline -0.005 -18"><span class='ocrx_word' id='word_1_401' title='bbox 2218 2723 2415 2793; x_wconf 84' lang='grc' dir='ltr'>ὑμένες</span> <span class='ocrx_word' id='word_1_402' title='bbox 2438 2739 2496 2774; x_wconf 91' lang='grc' dir='ltr'><strong>τε</strong></span> <span class='ocrx_word' id='word_1_403' title='bbox 2528 2722 2622 2774; x_wconf 76' lang='grc' dir='ltr'><strong>καὶ</strong></span> <span class='ocrx_word' id='word_1_404' title='bbox 2647 2721 2855 2791; x_wconf 83' lang='grc' dir='ltr'>φρένες,</span> <span class='ocrx_word' id='word_1_405' title='bbox 2883 2721 2977 2773; x_wconf 72' lang='grc' dir='ltr'><strong>καὶ</strong></span> <span class='ocrx_word' id='word_1_406' title='bbox 3003 2719 3395 2789; x_wconf 74' lang='grc' dir='ltr'>διαφράγματα</span> <span class='ocrx_word' id='word_1_407' title='bbox 3422 2735 3435 2748; x_wconf 77' lang='grc'><strong><em>⁸</em></strong></span> <span class='ocrx_word' id='word_1_408' title='bbox 3468 2718 3560 2771; x_wconf 75' lang='grc' dir='ltr'><strong>καὶ</strong></span> <span class='ocrx_word' id='word_1_409' title='bbox 3578 2720 3623 2770; x_wconf 84' lang='grc' dir='ltr'><strong>εί</strong></span> <span class='ocrx_word' id='word_1_410' title='bbox 3643 2716 3773 2786; x_wconf 77' lang='grc' dir='ltr'>ψιλόν</span> 
     </span>
    </p>
   </div>
   <div class='ocr_carea' id='block_1_58' title="bbox 2218 2808 3774 2883">
    <p class='ocr_par' dir='ltr' id='par_1_58' title="bbox 2218 2808 3774 2883">
     <span class='ocr_line' id='line_1_58' title="bbox 2218 2808 3774 2883; baseline -0.004 -16"><span class='ocrx_word' id='word_1_411' title='bbox 2218 2817 2383 2879; x_wconf 81' lang='grc' dir='ltr'>ἐστιν,</span> <span class='ocrx_word' id='word_1_412' title='bbox 2417 2813 2448 2883; x_wconf 77' lang='grc' dir='ltr'><strong>ἢ</strong></span> <span class='ocrx_word' id='word_1_413' title='bbox 2505 2812 2847 2883; x_wconf 81' lang='grc' dir='ltr'>τετρίχωται,</span> <span class='ocrx_word' id='word_1_414' title='bbox 2890 2811 2983 2865; x_wconf 74' lang='grc' dir='ltr'><strong>καὶ</strong></span> <span class='ocrx_word' id='word_1_415' title='bbox 3031 2812 3079 2865; x_wconf 83' lang='grc' dir='ltr'><strong>εί</strong></span> <span class='ocrx_word' id='word_1_416' title='bbox 3114 2811 3249 2882; x_wconf 79' lang='grc' dir='ltr'>πρὸς</span> <span class='ocrx_word' id='word_1_417' title='bbox 3281 2812 3343 2863; x_wconf 81' lang='grc' dir='ltr'><strong>τὸ</strong></span> <span class='ocrx_word' id='word_1_418' title='bbox 3392 2810 3561 2882; x_wconf 74' lang='grc' dir='ltr'>ἄρρεν</span> <span class='ocrx_word' id='word_1_419' title='bbox 3603 2826 3658 2862; x_wconf 88' lang='grc' dir='ltr'><strong>τε</strong></span> <span class='ocrx_word' id='word_1_420' title='bbox 3696 2808 3774 2862; x_wconf 74' lang='grc' dir='ltr'>καὶ</span> 
     </span>
    </p>
   </div>
   <div class='ocr_carea' id='block_1_59' title="bbox 2220 2900 3775 2976">
    <p class='ocr_par' dir='ltr' id='par_1_59' title="bbox 2220 2900 3775 2976">
     <span class='ocr_line' id='line_1_59' title="bbox 2220 2900 3775 2976; baseline -0.004 -17"><span class='ocrx_word' id='word_1_421' title='bbox 2220 2907 2351 2976; x_wconf 83' lang='grc' dir='ltr'>θῆλυ</span> <span class='ocrx_word' id='word_1_422' title='bbox 2375 2905 2767 2975; x_wconf 79' lang='grc' dir='ltr'>διαμερίζεται,</span> <span class='ocrx_word' id='word_1_423' title='bbox 2811 2905 2867 2956; x_wconf 90' lang='grc' dir='ltr'><strong>ἐν</strong></span> <span class='ocrx_word' id='word_1_424' title='bbox 2895 2905 2997 2956; x_wconf 91' lang='grc' dir='ltr'>τίνι</span> <span class='ocrx_word' id='word_1_425' title='bbox 3027 2921 3087 2956; x_wconf 91' lang='grc' dir='ltr'><strong>τε</strong></span> <span class='ocrx_word' id='word_1_426' title='bbox 3134 2903 3287 2973; x_wconf 84' lang='grc' dir='ltr'>μέρει</span> <span class='ocrx_word' id='word_1_427' title='bbox 3320 2902 3416 2956; x_wconf 80' lang='grc' dir='ltr'>τοῦ</span> <span class='ocrx_word' id='word_1_428' title='bbox 3452 2903 3687 2973; x_wconf 85' lang='grc' dir='ltr'>σώματος</span> <span class='ocrx_word' id='word_1_429' title='bbox 3726 2900 3775 2953; x_wconf 78' lang='grc' dir='ltr'>τὸ</span> 
     </span>
    </p>
   </div>
   <div class='ocr_carea' id='block_1_60' title="bbox 2219 2995 3776 3066">
    <p class='ocr_par' dir='ltr' id='par_1_60' title="bbox 2219 2995 3776 3066">
     <span class='ocr_line' id='line_1_60' title="bbox 2219 2995 3776 3066; baseline -0.002 -16"><span class='ocrx_word' id='word_1_430' title='bbox 2219 2996 2441 3051; x_wconf 76' lang='grc' dir='ltr'>ὀπτικδν</span> <span class='ocrx_word' id='word_1_431' title='bbox 2481 2995 2886 3066; x_wconf 85' lang='grc' dir='ltr'>ἐγκαθίδρυται.</span> <span class='ocrx_word' id='word_1_432' title='bbox 2931 2996 3040 3047; x_wconf 75' lang='grc' dir='ltr'><strong>Καὶ</strong></span> <span class='ocrx_word' id='word_1_433' title='bbox 3086 2996 3133 3047; x_wconf 87' lang='grc' dir='ltr'><strong>εί</strong></span> <span class='ocrx_word' id='word_1_434' title='bbox 3172 2995 3271 3065; x_wconf 83' lang='grc' dir='ltr'>τῆς</span> <span class='ocrx_word' id='word_1_435' title='bbox 3310 2995 3671 3066; x_wconf 78' lang='grc' dir='ltr'>όσφραντικῆς</span> <span class='ocrx_word' id='word_1_436' title='bbox 3697 3010 3776 3062; x_wconf 83' lang='grc' dir='ltr'>με·</span> 
     </span>
    </p>
   </div>
   <div class='ocr_carea' id='block_1_61' title="bbox 2221 3086 3776 3159">
    <p class='ocr_par' dir='ltr' id='par_1_61' title="bbox 2221 3086 3776 3159">
     <span class='ocr_line' id='line_1_61' title="bbox 2221 3086 3776 3159; baseline -0.004 -17"><span class='ocrx_word' id='word_1_437' title='bbox 2221 3090 2368 3159; x_wconf 83' lang='grc' dir='ltr'>τέχει</span> <span class='ocrx_word' id='word_1_438' title='bbox 2406 3088 2709 3158; x_wconf 79' lang='grc' dir='ltr'>αἰσθήσεως</span> <span class='ocrx_word' id='word_1_439' title='bbox 2731 3105 2744 3116; x_wconf 90' lang='grc'><strong>·</strong></span> <span class='ocrx_word' id='word_1_440' title='bbox 2784 3089 2832 3140; x_wconf 78' lang='grc' dir='ltr'>εἰ</span> <span class='ocrx_word' id='word_1_441' title='bbox 2865 3087 3150 3158; x_wconf 85' lang='grc' dir='ltr'>μονόνυχόν</span> <span class='ocrx_word' id='word_1_442' title='bbox 3191 3089 3250 3139; x_wconf 90' lang='grc' dir='ltr'><strong>τέ</strong></span> <span class='ocrx_word' id='word_1_443' title='bbox 3280 3088 3448 3152; x_wconf 81' lang='grc' dir='ltr'>ἐστιν,</span> <span class='ocrx_word' id='word_1_444' title='bbox 3476 3087 3509 3159; x_wconf 84' lang='grc' dir='ltr'>ἢ</span> <span class='ocrx_word' id='word_1_445' title='bbox 3553 3086 3776 3155; x_wconf 79' lang='grc' dir='ltr'>πολυσχι-</span> 
     </span>
    </p>
   </div>
   <div class='ocr_carea' id='block_1_62' title="bbox 547 3173 2122 3272">
    <p class='ocr_par' dir='ltr' id='par_1_62' title="bbox 547 3173 2120 3252">
     <span class='ocr_line' id='line_1_62' title="bbox 547 3173 2120 3252; baseline -0.008 -13"><span class='ocrx_word' id='word_1_446' title='bbox 547 3193 759 3252; x_wconf 76' lang='lat' dir='ltr'><strong>septum</strong></span> <span class='ocrx_word' id='word_1_447' title='bbox 809 3187 1220 3242; x_wconf 87' lang='lat' dir='ltr'><strong>transversum;</strong></span> <span class='ocrx_word' id='word_1_448' title='bbox 1277 3184 1457 3230; x_wconf 91' lang='lat' dir='ltr'><strong>utrum</strong></span> <span class='ocrx_word' id='word_1_449' title='bbox 1508 3174 1696 3245; x_wconf 78' lang='lat' dir='ltr'><strong>glabra</strong></span> <span class='ocrx_word' id='word_1_450' title='bbox 1740 3174 1824 3226; x_wconf 90' lang='lat' dir='ltr'><strong>vel</strong></span> <span class='ocrx_word' id='word_1_451' title='bbox 1868 3174 1989 3242; x_wconf 87' lang='lat' dir='ltr'><strong>pilis</strong></span> <span class='ocrx_word' id='word_1_452' title='bbox 2025 3173 2120 3226; x_wconf 89' lang='grc' dir='ltr'>οι)-</span> 
     </span>
    </p>
   </div>
   <div class='ocr_carea' id='block_1_63' title="bbox 2222 3173 3777 3272">
    <p class='ocr_par' dir='ltr' id='par_1_63' title="bbox 2222 3173 3777 3249">
     <span class='ocr_line' id='line_1_63' title="bbox 2222 3173 3777 3249; baseline -0.003 -18"><span class='ocrx_word' id='word_1_453' title='bbox 2222 3178 2330 3241; x_wconf 86' lang='grc' dir='ltr'>δεῖς</span> <span class='ocrx_word' id='word_1_454' title='bbox 2356 3178 2467 3249; x_wconf 80' lang='grc' dir='ltr'>ἔχει</span> <span class='ocrx_word' id='word_1_455' title='bbox 2496 3177 2593 3241; x_wconf 75' lang='grc' dir='ltr'>τὰς</span> <span class='ocrx_word' id='word_1_456' title='bbox 2639 3176 2851 3246; x_wconf 81' lang='grc' dir='ltr'>βάσεις·</span> <span class='ocrx_word' id='word_1_457' title='bbox 2881 3176 3043 3230; x_wconf 87' lang='grc' dir='ltr'>πόσον</span> <span class='ocrx_word' id='word_1_458' title='bbox 3068 3178 3125 3231; x_wconf 83' lang='grc' dir='ltr'>δὲ</span> <span class='ocrx_word' id='word_1_459' title='bbox 3170 3176 3273 3247; x_wconf 82' lang='grc' dir='ltr'>βιοῖ</span> <span class='ocrx_word' id='word_1_460' title='bbox 3316 3177 3507 3249; x_wconf 88' lang='grc' dir='ltr'>χρόνον</span> <span class='ocrx_word' id='word_1_461' title='bbox 3536 3195 3549 3208; x_wconf 88' lang='grc'><strong>·</strong></span> <span class='ocrx_word' id='word_1_462' title='bbox 3596 3177 3680 3230; x_wconf 73' lang='grc' dir='ltr'>καὶ</span> <span class='ocrx_word' id='word_1_463' title='bbox 3706 3173 3777 3234; x_wconf 84' lang='grc' dir='ltr'><strong>τίς</strong></span> 
     </span>
    </p>
   </div>
   <div class='ocr_carea' id='block_1_64' title="bbox 546 3262 2120 3337">
    <p class='ocr_par' dir='ltr' id='par_1_64' title="bbox 546 3262 2120 3337">
     <span class='ocr_line' id='line_1_64' title="bbox 546 3262 2120 3337; baseline -0.008 -8"><span class='ocrx_word' id='word_1_464' title='bbox 546 3274 745 3337; x_wconf 81' lang='lat' dir='ltr'><strong>ducta;</strong></span> <span class='ocrx_word' id='word_1_465' title='bbox 784 3286 851 3323; x_wconf 90' lang='lat' dir='ltr'><strong>an</strong></span> <span class='ocrx_word' id='word_1_466' title='bbox 890 3270 945 3324; x_wconf 92' lang='lat' dir='ltr'><strong>in</strong></span> <span class='ocrx_word' id='word_1_467' title='bbox 1000 3282 1203 3321; x_wconf 89' lang='lat' dir='ltr'><strong>marem</strong></span> <span class='ocrx_word' id='word_1_468' title='bbox 1245 3275 1297 3320; x_wconf 88' lang='lat' dir='ltr'><strong>et</strong></span> <span class='ocrx_word' id='word_1_469' title='bbox 1345 3264 1598 3318; x_wconf 87' lang='lat' dir='ltr'><strong>feminam</strong></span> <span class='ocrx_word' id='word_1_470' title='bbox 1641 3263 2021 3335; x_wconf 76' lang='lat' dir='ltr'><strong>distinguitur;</strong></span> <span class='ocrx_word' id='word_1_471' title='bbox 2067 3262 2120 3316; x_wconf 88' lang='lat' dir='ltr'><strong>in</strong></span> 
     </span>
    </p>
   </div>
   <div class='ocr_carea' id='block_1_65' title="bbox 546 3354 2126 3436">
    <p class='ocr_par' dir='ltr' id='par_1_65' title="bbox 546 3354 2126 3436">
     <span class='ocr_line' id='line_1_65' title="bbox 546 3354 2126 3436; baseline -0.006 -18"><span class='ocrx_word' id='word_1_472' title='bbox 546 3380 654 3436; x_wconf 89' lang='lat' dir='ltr'><strong>qua</strong></span> <span class='ocrx_word' id='word_1_473' title='bbox 697 3372 853 3434; x_wconf 90' lang='lat' dir='ltr'><strong>parte</strong></span> <span class='ocrx_word' id='word_1_474' title='bbox 901 3360 1149 3428; x_wconf 87' lang='lat' dir='ltr'><strong>corporis</strong></span> <span class='ocrx_word' id='word_1_475' title='bbox 1197 3359 1279 3411; x_wconf 91' lang='lat' dir='ltr'><strong>vis</strong></span> <span class='ocrx_word' id='word_1_476' title='bbox 1329 3356 1547 3410; x_wconf 88' lang='lat' dir='ltr'><strong>videndi</strong></span> <span class='ocrx_word' id='word_1_477' title='bbox 1597 3354 1833 3417; x_wconf 89' lang='lat' dir='ltr'><strong>insidet;</strong></span> <span class='ocrx_word' id='word_1_478' title='bbox 1886 3370 1950 3408; x_wconf 88' lang='lat' dir='ltr'><strong>au</strong></span> <span class='ocrx_word' id='word_1_479' title='bbox 1994 3355 2126 3409; x_wconf 87' lang='lat' dir='ltr'><strong>odo-</strong></span> 
     </span>
    </p>
   </div>
   <div class='ocr_carea' id='block_1_66' title="bbox 548 3449 2124 3524">
    <p class='ocr_par' dir='ltr' id='par_1_66' title="bbox 548 3449 2124 3524">
     <span class='ocr_line' id='line_1_66' title="bbox 548 3449 2124 3524; baseline -0.007 -12"><span class='ocrx_word' id='word_1_480' title='bbox 548 3458 704 3513; x_wconf 88' lang='lat' dir='ltr'><strong>randi</strong></span> <span class='ocrx_word' id='word_1_481' title='bbox 741 3471 907 3511; x_wconf 88' lang='lat' dir='ltr'><strong>sensu</strong></span> <span class='ocrx_word' id='word_1_482' title='bbox 940 3453 1169 3524; x_wconf 65' lang='lat' dir='ltr'><strong>prmdita</strong></span> <span class='ocrx_word' id='word_1_483' title='bbox 1203 3460 1323 3515; x_wconf 87' lang='lat' dir='ltr'><strong>est;</strong></span> <span class='ocrx_word' id='word_1_484' title='bbox 1354 3466 1420 3503; x_wconf 88' lang='lat' dir='ltr'><strong>an</strong></span> <span class='ocrx_word' id='word_1_485' title='bbox 1454 3465 1615 3502; x_wconf 89' lang='lat' dir='ltr'><strong>unam</strong></span> <span class='ocrx_word' id='word_1_486' title='bbox 1644 3449 1841 3502; x_wconf 83' lang='lat' dir='ltr'><strong>habeat</strong></span> <span class='ocrx_word' id='word_1_487' title='bbox 1868 3449 2124 3517; x_wconf 87' lang='lat' dir='ltr'><strong>ungulam</strong></span> 
     </span>
    </p>
   </div>
   <div class='ocr_carea' id='block_1_67' title="bbox 549 3541 2127 3611">
    <p class='ocr_par' dir='ltr' id='par_1_67' title="bbox 549 3541 2127 3611">
     <span class='ocr_line' id='line_1_67' title="bbox 549 3541 2127 3611; baseline -0.006 -5"><span class='ocrx_word' id='word_1_488' title='bbox 549 3551 635 3606; x_wconf 91' lang='lat' dir='ltr'><strong>vel</strong></span> <span class='ocrx_word' id='word_1_489' title='bbox 690 3548 1007 3609; x_wconf 82' lang='lat' dir='ltr'><strong>multiﬁdas,</strong></span> <span class='ocrx_word' id='word_1_490' title='bbox 1061 3546 1177 3599; x_wconf 87' lang='lat' dir='ltr'><strong>sive</strong></span> <span class='ocrx_word' id='word_1_491' title='bbox 1230 3545 1283 3598; x_wconf 92' lang='lat' dir='ltr'><strong>in</strong></span> <span class='ocrx_word' id='word_1_492' title='bbox 1347 3543 1548 3597; x_wconf 91' lang='lat' dir='ltr'><strong>multos</strong></span> <span class='ocrx_word' id='word_1_493' title='bbox 1598 3542 1799 3611; x_wconf 79' lang='lat' dir='ltr'><strong>digitos</strong></span> <span class='ocrx_word' id='word_1_494' title='bbox 1857 3541 2127 3597; x_wconf 82' lang='lat' dir='ltr'><strong>discretas</strong></span> 
     </span>
    </p>
   </div>
   <div class='ocr_carea' id='block_1_68' title="bbox 550 3633 2128 3708">
    <p class='ocr_par' dir='ltr' id='par_1_68' title="bbox 550 3633 2128 3708">
     <span class='ocr_line' id='line_1_68' title="bbox 550 3633 2128 3708; baseline -0.005 -12"><span class='ocrx_word' id='word_1_495' title='bbox 550 3643 749 3696; x_wconf 86' lang='lat' dir='ltr'><strong>bases:</strong></span> <span class='ocrx_word' id='word_1_496' title='bbox 784 3638 1025 3708; x_wconf 89' lang='lat' dir='ltr'><strong>quandiu</strong></span> <span class='ocrx_word' id='word_1_497' title='bbox 1057 3636 1229 3699; x_wconf 87' lang='lat' dir='ltr'><strong>vivit;</strong></span> <span class='ocrx_word' id='word_1_498' title='bbox 1273 3643 1326 3689; x_wconf 91' lang='lat' dir='ltr'><strong>et</strong></span> <span class='ocrx_word' id='word_1_499' title='bbox 1348 3634 1473 3703; x_wconf 86' lang='lat' dir='ltr'><strong>quis</strong></span> <span class='ocrx_word' id='word_1_500' title='bbox 1506 3650 1571 3686; x_wconf 81' lang='lat' dir='ltr'><strong>ex</strong></span> <span class='ocrx_word' id='word_1_501' title='bbox 1605 3649 1727 3688; x_wconf 90' lang='lat' dir='ltr'><strong>sese</strong></span> <span class='ocrx_word' id='word_1_502' title='bbox 1758 3633 2128 3703; x_wconf 83' lang='lat' dir='ltr'><strong>generationis</strong></span> 
     </span>
    </p>
   </div>
   <div class='ocr_carea' id='block_1_69' title="bbox 551 3725 2129 3800">
    <p class='ocr_par' dir='ltr' id='par_1_69' title="bbox 551 3725 2129 3800">
     <span class='ocr_line' id='line_1_69' title="bbox 551 3725 2129 3800; baseline -0.008 -10"><span class='ocrx_word' id='word_1_503' title='bbox 551 3733 748 3790; x_wconf 87' lang='lat' dir='ltr'><strong>modus</strong></span> <span class='ocrx_word' id='word_1_504' title='bbox 787 3741 883 3786; x_wconf 90' lang='lat' dir='ltr'><strong>:ct</strong></span> <span class='ocrx_word' id='word_1_505' title='bbox 939 3740 1143 3800; x_wconf 89' lang='lat' dir='ltr'><strong>quanto</strong></span> <span class='ocrx_word' id='word_1_506' title='bbox 1204 3737 1445 3796; x_wconf 88' lang='lat' dir='ltr'><strong>tempore</strong></span> <span class='ocrx_word' id='word_1_507' title='bbox 1495 3725 1638 3781; x_wconf 87' lang='lat' dir='ltr'><strong>fctus</strong></span> <span class='ocrx_word' id='word_1_508' title='bbox 1687 3726 2021 3795; x_wconf 86' lang='lat' dir='ltr'><strong>concipitur,</strong></span> <span class='ocrx_word' id='word_1_509' title='bbox 2075 3731 2129 3780; x_wconf 90' lang='lat' dir='ltr'><strong>et</strong></span> 
     </span>
    </p>
   </div>
   <div class='ocr_carea' id='block_1_70' title="bbox 551 3816 2130 3896">
    <p class='ocr_par' dir='ltr' id='par_1_70' title="bbox 551 3816 2130 3896">
     <span class='ocr_line' id='line_1_70' title="bbox 551 3816 2130 3896; baseline -0.006 -17"><span class='ocrx_word' id='word_1_510' title='bbox 551 3823 826 3896; x_wconf 88' lang='lat' dir='ltr'><strong>quomodo</strong></span> <span class='ocrx_word' id='word_1_511' title='bbox 866 3836 1043 3891; x_wconf 87' lang='lat' dir='ltr'><strong>neque</strong></span> <span class='ocrx_word' id='word_1_512' title='bbox 1091 3819 1332 3873; x_wconf 84' lang='lat' dir='ltr'><strong>formicae</strong></span> <span class='ocrx_word' id='word_1_513' title='bbox 1375 3833 1567 3873; x_wconf 90' lang='lat' dir='ltr'><strong>omnes</strong></span> <span class='ocrx_word' id='word_1_514' title='bbox 1614 3816 1916 3888; x_wconf 88' lang='lat' dir='ltr'><strong>pedestres,</strong></span> <span class='ocrx_word' id='word_1_515' title='bbox 1951 3832 2130 3888; x_wconf 84' lang='lat' dir='ltr'><strong>neque</strong></span> 
     </span>
    </p>
   </div>
   <div class='ocr_carea' id='block_1_71' title="bbox 552 3908 2131 3978">
    <p class='ocr_par' dir='ltr' id='par_1_71' title="bbox 552 3908 2131 3978">
     <span class='ocr_line' id='line_1_71' title="bbox 552 3908 2131 3978; baseline -0.007 -7"><span class='ocrx_word' id='word_1_516' title='bbox 552 3918 803 3973; x_wconf 90' lang='lat' dir='ltr'><strong>volucres</strong></span> <span class='ocrx_word' id='word_1_517' title='bbox 856 3928 1076 3976; x_wconf 86' lang='lat' dir='ltr'><strong>omnes,</strong></span> <span class='ocrx_word' id='word_1_518' title='bbox 1136 3909 1230 3964; x_wconf 85' lang='lat' dir='ltr'><strong>sed</strong></span> <span class='ocrx_word' id='word_1_519' title='bbox 1292 3909 1411 3963; x_wconf 75' lang='lat' dir='ltr'><strong>aliae</strong></span> <span class='ocrx_word' id='word_1_520' title='bbox 1468 3910 1619 3963; x_wconf 91' lang='lat' dir='ltr'><strong>humi</strong></span> <span class='ocrx_word' id='word_1_521' title='bbox 1679 3916 1946 3978; x_wconf 88' lang='lat' dir='ltr'><strong>reptant,</strong></span> <span class='ocrx_word' id='word_1_522' title='bbox 2010 3908 2131 3961; x_wconf 67' lang='lat' dir='ltr'><strong>alite</strong></span> 
     </span>
    </p>
   </div>
   <div class='ocr_carea' id='block_1_72' title="bbox 554 4002 2123 4073">
    <p class='ocr_par' dir='ltr' id='par_1_72' title="bbox 554 4002 2123 4073">
     <span class='ocr_line' id='line_1_72' title="bbox 554 4002 2123 4073; baseline -0.008 -8"><span class='ocrx_word' id='word_1_523' title='bbox 554 4009 714 4064; x_wconf 72' lang='lat' dir='ltr'><strong>aeria:</strong></span> <span class='ocrx_word' id='word_1_524' title='bbox 760 4006 1034 4060; x_wconf 87' lang='lat' dir='ltr'><strong>videntur.</strong></span> <span class='ocrx_word' id='word_1_525' title='bbox 1087 4003 1189 4069; x_wconf 88' lang='lat' dir='ltr'><strong>Qui</strong></span> <span class='ocrx_word' id='word_1_526' title='bbox 1242 4002 1404 4073; x_wconf 82' lang='lat' dir='ltr'><strong>igitur</strong></span> <span class='ocrx_word' id='word_1_527' title='bbox 1442 4017 1500 4057; x_wconf 89' lang='lat' dir='ltr'><strong>se</strong></span> <span class='ocrx_word' id='word_1_528' title='bbox 1546 4002 1718 4071; x_wconf 86' lang='lat' dir='ltr'><strong>jactat</strong></span> <span class='ocrx_word' id='word_1_529' title='bbox 1770 4016 1957 4054; x_wconf 90' lang='lat' dir='ltr'><strong>eorum</strong></span> <span class='ocrx_word' id='word_1_530' title='bbox 2002 4015 2123 4069; x_wconf 80' lang='lat' dir='ltr'><strong>qua:</strong></span> 
     </span>
    </p>
   </div>
   <div class='ocr_carea' id='block_1_73' title="bbox 554 4092 2130 4166">
    <p class='ocr_par' dir='ltr' id='par_1_73' title="bbox 554 4092 2130 4166">
     <span class='ocr_line' id='line_1_73' title="bbox 554 4092 2130 4166; baseline -0.006 -9"><span class='ocrx_word' id='word_1_531' title='bbox 554 4112 681 4157; x_wconf 88' lang='lat' dir='ltr'><strong>sunt</strong></span> <span class='ocrx_word' id='word_1_532' title='bbox 713 4107 963 4154; x_wconf 89' lang='lat' dir='ltr'><strong>naturam</strong></span> <span class='ocrx_word' id='word_1_533' title='bbox 989 4096 1242 4166; x_wconf 82' lang='lat' dir='ltr'><strong>adeptum</strong></span> <span class='ocrx_word' id='word_1_534' title='bbox 1264 4110 1407 4157; x_wconf 88' lang='lat' dir='ltr'><strong>esse,</strong></span> <span class='ocrx_word' id='word_1_535' title='bbox 1435 4095 1593 4149; x_wconf 90' lang='lat' dir='ltr'><strong>nobis</strong></span> <span class='ocrx_word' id='word_1_536' title='bbox 1622 4096 1857 4163; x_wconf 90' lang='lat' dir='ltr'><strong>primum</strong></span> <span class='ocrx_word' id='word_1_537' title='bbox 1887 4092 2130 4147; x_wconf 62' lang='lat' dir='ltr'><strong>formica:</strong></span> 
     </span>
    </p>
   </div>
   <div class='ocr_carea' id='block_1_74' title="bbox 555 4186 2133 4257">
    <p class='ocr_par' dir='ltr' id='par_1_74' title="bbox 555 4186 2133 4257">
     <span class='ocr_line' id='line_1_74' title="bbox 555 4186 2133 4257; baseline -0.004 -10"><span class='ocrx_word' id='word_1_538' title='bbox 555 4201 807 4247; x_wconf 89' lang='lat' dir='ltr'><strong>naturam</strong></span> <span class='ocrx_word' id='word_1_539' title='bbox 838 4188 1098 4244; x_wconf 89' lang='lat' dir='ltr'><strong>declaret.</strong></span> <span class='ocrx_word' id='word_1_540' title='bbox 1132 4186 1335 4242; x_wconf 86' lang='lat' dir='ltr'><strong>Deinde</strong></span> <span class='ocrx_word' id='word_1_541' title='bbox 1359 4187 1657 4257; x_wconf 87' lang='lat' dir='ltr'><strong>potentiam</strong></span> <span class='ocrx_word' id='word_1_542' title='bbox 1683 4187 1830 4240; x_wconf 89' lang='lat' dir='ltr'><strong>illam</strong></span> <span class='ocrx_word' id='word_1_543' title='bbox 1860 4202 1980 4257; x_wconf 77' lang='lat' dir='ltr'><strong>quae</strong></span> <span class='ocrx_word' id='word_1_544' title='bbox 2013 4202 2133 4242; x_wconf 87' lang='lat' dir='ltr'><strong>om-</strong></span> 
     </span>
    </p>
   </div>
   <div class='ocr_carea' id='block_1_75' title="bbox 557 4280 2129 4350">
    <p class='ocr_par' dir='ltr' id='par_1_75' title="bbox 557 4280 2129 4350">
     <span class='ocr_line' id='line_1_75' title="bbox 557 4280 2129 4350; baseline -0.003 -11"><span class='ocrx_word' id='word_1_545' title='bbox 557 4299 681 4339; x_wconf 89' lang='lat' dir='ltr'><strong>nem</strong></span> <span class='ocrx_word' id='word_1_546' title='bbox 719 4281 1059 4335; x_wconf 85' lang='lat' dir='ltr'><strong>intellectum</strong></span> <span class='ocrx_word' id='word_1_547' title='bbox 1091 4287 1333 4349; x_wconf 88' lang='lat' dir='ltr'><strong>superat,</strong></span> <span class='ocrx_word' id='word_1_548' title='bbox 1372 4280 1598 4350; x_wconf 83' lang='lat' dir='ltr'><strong>physice</strong></span> <span class='ocrx_word' id='word_1_549' title='bbox 1645 4286 1863 4335; x_wconf 87' lang='lat' dir='ltr'><strong>tractet.</strong></span> <span class='ocrx_word' id='word_1_550' title='bbox 1903 4281 2056 4346; x_wconf 82' lang='lat' dir='ltr'><strong>Quod</strong></span> <span class='ocrx_word' id='word_1_551' title='bbox 2083 4281 2129 4335; x_wconf 91' lang='lat' dir='ltr'><strong>si</strong></span> 
     </span>
    </p>
   </div>
   <div class='ocr_carea' id='block_1_76' title="bbox 558 4368 2131 4438">
    <p class='ocr_par' dir='ltr' id='par_1_76' title="bbox 558 4368 2131 4438">
     <span class='ocr_line' id='line_1_76' title="bbox 558 4368 2131 4438; baseline -0.003 -11"><span class='ocrx_word' id='word_1_552' title='bbox 558 4372 894 4428; x_wconf 67' lang='lat' dir='ltr'><strong>brevissima:</strong></span> <span class='ocrx_word' id='word_1_553' title='bbox 915 4368 1158 4423; x_wconf 64' lang='lat' dir='ltr'><strong>formica:</strong></span> <span class='ocrx_word' id='word_1_554' title='bbox 1185 4368 1551 4438; x_wconf 81' lang='lat' dir='ltr'><strong>cognitionem</strong></span> <span class='ocrx_word' id='word_1_555' title='bbox 1582 4368 1823 4422; x_wconf 91' lang='lat' dir='ltr'><strong>nondum</strong></span> <span class='ocrx_word' id='word_1_556' title='bbox 1855 4369 1909 4422; x_wconf 92' lang='lat' dir='ltr'><strong>in</strong></span> <span class='ocrx_word' id='word_1_557' title='bbox 1936 4378 2131 4423; x_wconf 84' lang='lat' dir='ltr'><strong>natura</strong></span> 
     </span>
    </p>
   </div>
   <div class='ocr_carea' id='block_1_77' title="bbox 559 4460 2129 4531">
    <p class='ocr_par' dir='ltr' id='par_1_77' title="bbox 559 4460 2129 4531">
     <span class='ocr_line' id='line_1_77' title="bbox 559 4460 2129 4531; baseline -0.004 -11"><span class='ocrx_word' id='word_1_558' title='bbox 559 4471 890 4520; x_wconf 86' lang='lat' dir='ltr'><strong>consecutus</strong></span> <span class='ocrx_word' id='word_1_559' title='bbox 929 4471 1031 4527; x_wconf 89' lang='lat' dir='ltr'><strong>est,</strong></span> <span class='ocrx_word' id='word_1_560' title='bbox 1070 4460 1345 4531; x_wconf 83' lang='lat' dir='ltr'><strong>quomodo</strong></span> <span class='ocrx_word' id='word_1_561' title='bbox 1389 4476 1513 4515; x_wconf 92' lang='lat' dir='ltr'><strong>eum</strong></span> <span class='ocrx_word' id='word_1_562' title='bbox 1546 4461 1639 4530; x_wconf 90' lang='lat' dir='ltr'><strong>qui</strong></span> <span class='ocrx_word' id='word_1_563' title='bbox 1678 4460 1733 4514; x_wconf 91' lang='lat' dir='ltr'><strong>in</strong></span> <span class='ocrx_word' id='word_1_564' title='bbox 1784 4460 1965 4529; x_wconf 90' lang='lat' dir='ltr'><strong>seipso</strong></span> <span class='ocrx_word' id='word_1_565' title='bbox 2009 4475 2129 4513; x_wconf 84' lang='lat' dir='ltr'><strong>om-</strong></span> 
     </span>
    </p>
   </div>
   <div class='ocr_carea' id='block_1_78' title="bbox 559 4551 2132 4627">
    <p class='ocr_par' dir='ltr' id='par_1_78' title="bbox 559 4551 2132 4627">
     <span class='ocr_line' id='line_1_78' title="bbox 559 4551 2132 4627; baseline -0.004 -15"><span class='ocrx_word' id='word_1_566' title='bbox 559 4571 686 4612; x_wconf 89' lang='lat' dir='ltr'><strong>nem</strong></span> <span class='ocrx_word' id='word_1_567' title='bbox 733 4554 1118 4627; x_wconf 90' lang='lat' dir='ltr'><strong>complectitur</strong></span> <span class='ocrx_word' id='word_1_568' title='bbox 1177 4558 1485 4607; x_wconf 88' lang='lat' dir='ltr'><strong>creaturam</strong></span> <span class='ocrx_word' id='word_1_569' title='bbox 1543 4551 1991 4620; x_wconf 87' lang='lat' dir='ltr'><strong>comprehensiva</strong></span> <span class='ocrx_word' id='word_1_570' title='bbox 2045 4569 2132 4605; x_wconf 84' lang='lat' dir='ltr'><strong>ra-</strong></span> 
     </span>
    </p>
   </div>
   <div class='ocr_carea' id='block_1_79' title="bbox 2223 3266 3775 3342">
    <p class='ocr_par' dir='ltr' id='par_1_79' title="bbox 2223 3266 3775 3342">
     <span class='ocr_line' id='line_1_79' title="bbox 2223 3266 3775 3342; baseline -0.004 -19"><span class='ocrx_word' id='word_1_571' title='bbox 2223 3273 2252 3323; x_wconf 89' lang='grc' dir='ltr'><strong>ό</strong></span> <span class='ocrx_word' id='word_1_572' title='bbox 2286 3271 2484 3342; x_wconf 84' lang='grc' dir='ltr'>τρόπος</span> <span class='ocrx_word' id='word_1_573' title='bbox 2512 3270 2679 3341; x_wconf 81' lang='grc' dir='ltr'>αὑτῆς</span> <span class='ocrx_word' id='word_1_574' title='bbox 2709 3270 2808 3339; x_wconf 85' lang='grc' dir='ltr'>τῆς</span> <span class='ocrx_word' id='word_1_575' title='bbox 2831 3269 2889 3336; x_wconf 80' lang='grc' dir='ltr'>ἐξ</span> <span class='ocrx_word' id='word_1_576' title='bbox 2923 3270 3163 3340; x_wconf 80' lang='grc' dir='ltr'>ἀλλήλων</span> <span class='ocrx_word' id='word_1_577' title='bbox 3195 3270 3490 3337; x_wconf 86' lang='grc' dir='ltr'>γενέσεως·</span> <span class='ocrx_word' id='word_1_578' title='bbox 3522 3269 3609 3321; x_wconf 76' lang='grc' dir='ltr'>ἐπὶ</span> <span class='ocrx_word' id='word_1_579' title='bbox 3637 3266 3775 3319; x_wconf 83' lang='grc' dir='ltr'>πόσον</span> 
     </span>
    </p>
   </div>
   <div class='ocr_carea' id='block_1_80' title="bbox 2223 3360 3779 3435">
    <p class='ocr_par' dir='ltr' id='par_1_80' title="bbox 2223 3360 3779 3435">
     <span class='ocr_line' id='line_1_80' title="bbox 2223 3360 3779 3435; baseline -0.001 -19"><span class='ocrx_word' id='word_1_580' title='bbox 2223 3363 2279 3416; x_wconf 82' lang='grc' dir='ltr'>δὲ</span> <span class='ocrx_word' id='word_1_581' title='bbox 2307 3364 2589 3417; x_wconf 86' lang='grc' dir='ltr'>κυίσκεται</span> <span class='ocrx_word' id='word_1_582' title='bbox 2617 3364 2678 3416; x_wconf 83' lang='grc' dir='ltr'><strong>τὸ</strong></span> <span class='ocrx_word' id='word_1_583' title='bbox 2703 3366 3016 3435; x_wconf 84' lang='grc' dir='ltr'>τικτόμενον</span> <span class='ocrx_word' id='word_1_584' title='bbox 3047 3380 3060 3394; x_wconf 75' lang='grc'><strong><em>³</em></strong></span> <span class='ocrx_word' id='word_1_585' title='bbox 3093 3363 3188 3418; x_wconf 75' lang='grc' dir='ltr'>καὶ</span> <span class='ocrx_word' id='word_1_586' title='bbox 3210 3363 3325 3427; x_wconf 85' lang='grc' dir='ltr'><strong>πῶς</strong></span> <span class='ocrx_word' id='word_1_587' title='bbox 3349 3362 3475 3416; x_wconf 76' lang='grc' dir='ltr'>οὔτε</span> <span class='ocrx_word' id='word_1_588' title='bbox 3501 3361 3645 3426; x_wconf 79' lang='grc' dir='ltr'>πεζοὶ</span> <span class='ocrx_word' id='word_1_589' title='bbox 3670 3360 3779 3414; x_wconf 80' lang='grc' dir='ltr'>πᾶν·</span> 
     </span>
    </p>
   </div>
   <div class='ocr_carea' id='block_1_81' title="bbox 2224 3453 3773 3529">
    <p class='ocr_par' dir='ltr' id='par_1_81' title="bbox 2224 3453 3773 3529">
     <span class='ocr_line' id='line_1_81' title="bbox 2224 3453 3773 3529; baseline -0.003 -20"><span class='ocrx_word' id='word_1_590' title='bbox 2224 3475 2317 3520; x_wconf 88' lang='grc' dir='ltr'><strong>τες</strong></span> <span class='ocrx_word' id='word_1_591' title='bbox 2348 3459 2395 3510; x_wconf 90' lang='grc' dir='ltr'><strong>οί</strong></span> <span class='ocrx_word' id='word_1_592' title='bbox 2432 3456 2740 3529; x_wconf 89' lang='grc' dir='ltr'>μύρμηκες,</span> <span class='ocrx_word' id='word_1_593' title='bbox 2782 3456 2904 3510; x_wconf 75' lang='grc' dir='ltr'>οὕτε</span> <span class='ocrx_word' id='word_1_594' title='bbox 2950 3456 3247 3528; x_wconf 74' lang='grc' dir='ltr'>ὑπόπτεροι</span> <span class='ocrx_word' id='word_1_595' title='bbox 3294 3455 3535 3520; x_wconf 78' lang='grc' dir='ltr'>πάντεςο</span> <span class='ocrx_word' id='word_1_596' title='bbox 3593 3454 3696 3507; x_wconf 80' lang='grc' dir='ltr'>ἀλλ’</span> <span class='ocrx_word' id='word_1_597' title='bbox 3733 3453 3773 3505; x_wconf 77' lang='lat' dir='ltr'><strong>oi</strong></span> 
     </span>
    </p>
   </div>
   <div class='ocr_carea' id='block_1_82' title="bbox 2230 3543 3773 3619">
    <p class='ocr_par' dir='ltr' id='par_1_82' title="bbox 2230 3543 3773 3619">
     <span class='ocr_line' id='line_1_82' title="bbox 2230 3543 3773 3619; baseline -0.005 -18"><span class='ocrx_word' id='word_1_598' title='bbox 2230 3549 2348 3619; x_wconf 80' lang='grc' dir='ltr'>μὲν,</span> <span class='ocrx_word' id='word_1_599' title='bbox 2373 3548 2482 3601; x_wconf 84' lang='grc' dir='ltr'><strong>τῶν</strong></span> <span class='ocrx_word' id='word_1_600' title='bbox 2514 3550 2689 3618; x_wconf 73' lang='grc' dir='ltr'>χαμαὶ</span> <span class='ocrx_word' id='word_1_601' title='bbox 2723 3548 3029 3618; x_wconf 77' lang='grc' dir='ltr'>ἐρχομένων</span> <span class='ocrx_word' id='word_1_602' title='bbox 3055 3548 3194 3602; x_wconf 80' lang='grc' dir='ltr'>εἰσὶν</span> <span class='ocrx_word' id='word_1_603' title='bbox 3216 3587 3229 3611; x_wconf 97' lang='grc'><strong>,</strong></span> <span class='ocrx_word' id='word_1_604' title='bbox 3261 3550 3307 3601; x_wconf 79' lang='grc' dir='ltr'>οἱ</span> <span class='ocrx_word' id='word_1_605' title='bbox 3333 3548 3390 3601; x_wconf 86' lang='grc' dir='ltr'><strong>δὲ</strong></span> <span class='ocrx_word' id='word_1_606' title='bbox 3430 3547 3644 3619; x_wconf 88' lang='grc' dir='ltr'>διαέριοι</span> <span class='ocrx_word' id='word_1_607' title='bbox 3669 3543 3773 3611; x_wconf 78' lang='grc' dir='ltr'>φαί-</span> 
     </span>
    </p>
   </div>
   <div class='ocr_carea' id='block_1_83' title="bbox 2228 3635 3775 3710">
    <p class='ocr_par' dir='ltr' id='par_1_83' title="bbox 2228 3635 3775 3710">
     <span class='ocr_line' id='line_1_83' title="bbox 2228 3635 3775 3710; baseline -0.005 -16"><span class='ocrx_word' id='word_1_608' title='bbox 2228 3657 2429 3695; x_wconf 90' lang='grc' dir='ltr'>νονται.</span> <span class='ocrx_word' id='word_1_609' title='bbox 2465 3640 2522 3692; x_wconf 81' lang='grc'><strong>’0</strong></span> <span class='ocrx_word' id='word_1_610' title='bbox 2550 3640 2726 3693; x_wconf 89' lang='grc' dir='ltr'>τοίνυν</span> <span class='ocrx_word' id='word_1_611' title='bbox 2752 3640 2857 3693; x_wconf 81' lang='grc' dir='ltr'><strong>τῶν</strong></span> <span class='ocrx_word' id='word_1_612' title='bbox 2886 3639 3052 3693; x_wconf 77' lang='grc' dir='ltr'>ὄντων</span> <span class='ocrx_word' id='word_1_613' title='bbox 3075 3639 3461 3710; x_wconf 77' lang='grc' dir='ltr'>κατειληφέναι</span> <span class='ocrx_word' id='word_1_614' title='bbox 3488 3640 3582 3709; x_wconf 85' lang='grc' dir='ltr'>τὴν</span> <span class='ocrx_word' id='word_1_615' title='bbox 3601 3635 3775 3707; x_wconf 85' lang='grc' dir='ltr'>γνῶσιν</span> 
     </span>
    </p>
   </div>
   <div class='ocr_carea' id='block_1_84' title="bbox 2228 3729 3775 3802">
    <p class='ocr_par' dir='ltr' id='par_1_84' title="bbox 2228 3729 3775 3802">
     <span class='ocr_line' id='line_1_84' title="bbox 2228 3729 3775 3802; baseline -0.003 -18"><span class='ocrx_word' id='word_1_616' title='bbox 2228 3729 2547 3802; x_wconf 76' lang='grc' dir='ltr'>κομπάζων,</span> <span class='ocrx_word' id='word_1_617' title='bbox 2576 3730 2713 3793; x_wconf 88' lang='grc' dir='ltr'>τέως</span> <span class='ocrx_word' id='word_1_618' title='bbox 2741 3732 2870 3800; x_wconf 77' lang='grc' dir='ltr'>ἡμῖν</span> <span class='ocrx_word' id='word_1_619' title='bbox 2898 3730 2993 3800; x_wconf 83' lang='grc' dir='ltr'>τὴν</span> <span class='ocrx_word' id='word_1_620' title='bbox 3022 3729 3116 3782; x_wconf 79' lang='grc' dir='ltr'>τοῦ</span> <span class='ocrx_word' id='word_1_621' title='bbox 3143 3730 3433 3801; x_wconf 89' lang='grc' dir='ltr'>μύρμηκος</span> <span class='ocrx_word' id='word_1_622' title='bbox 3462 3730 3616 3801; x_wconf 84' lang='grc' dir='ltr'>φύσιν</span> <span class='ocrx_word' id='word_1_623' title='bbox 3634 3744 3775 3797; x_wconf 84' lang='grc' dir='ltr'>φανε-</span> 
     </span>
    </p>
   </div>
   <div class='ocr_carea' id='block_1_85' title="bbox 2230 3818 3774 3893">
    <p class='ocr_par' dir='ltr' id='par_1_85' title="bbox 2230 3818 3774 3893">
     <span class='ocr_line' id='line_1_85' title="bbox 2230 3818 3774 3893; baseline -0.004 -17"><span class='ocrx_word' id='word_1_624' title='bbox 2230 3823 2479 3893; x_wconf 84' lang='grc' dir='ltr'>ρωσάτω.</span> <span class='ocrx_word' id='word_1_625' title='bbox 2529 3818 2641 3874; x_wconf 79' lang='grc' dir='ltr'><strong>Εἴθ’</strong></span> <span class='ocrx_word' id='word_1_626' title='bbox 2698 3821 2839 3874; x_wconf 72' lang='grc' dir='ltr'>οὕτω</span> <span class='ocrx_word' id='word_1_627' title='bbox 2890 3821 3274 3889; x_wconf 86' lang='grc' dir='ltr'>φυσιολογείτω</span> <span class='ocrx_word' id='word_1_628' title='bbox 3314 3822 3412 3893; x_wconf 82' lang='grc' dir='ltr'><strong>τὴν</strong></span> <span class='ocrx_word' id='word_1_629' title='bbox 3461 3822 3630 3876; x_wconf 85' lang='grc' dir='ltr'>πάντα</span> <span class='ocrx_word' id='word_1_630' title='bbox 3670 3818 3774 3872; x_wconf 77' lang='grc' dir='ltr'>νοῦν</span> 
     </span>
    </p>
   </div>
   <div class='ocr_carea' id='block_1_86' title="bbox 2229 3908 3778 3982">
    <p class='ocr_par' dir='ltr' id='par_1_86' title="bbox 2229 3908 3778 3982">
     <span class='ocr_line' id='line_1_86' title="bbox 2229 3908 3778 3982; baseline -0.001 -18"><span class='ocrx_word' id='word_1_631' title='bbox 2229 3911 2597 3982; x_wconf 83' lang='grc' dir='ltr'>ὑπερέχουσαν</span> <span class='ocrx_word' id='word_1_632' title='bbox 2629 3910 2876 3979; x_wconf 87' lang='grc' dir='ltr'>δύναμιν.</span> <span class='ocrx_word' id='word_1_633' title='bbox 2909 3911 2971 3962; x_wconf 87' lang='grc' dir='ltr'>Εἰ</span> <span class='ocrx_word' id='word_1_634' title='bbox 3000 3909 3055 3962; x_wconf 87' lang='grc' dir='ltr'><strong>δέ</strong></span> <span class='ocrx_word' id='word_1_635' title='bbox 3085 3910 3181 3963; x_wconf 80' lang='grc' dir='ltr'>τοῦ</span> <span class='ocrx_word' id='word_1_636' title='bbox 3214 3908 3552 3982; x_wconf 80' lang='grc' dir='ltr'>βραχυτάτου</span> <span class='ocrx_word' id='word_1_637' title='bbox 3591 3910 3778 3982; x_wconf 78' lang='grc' dir='ltr'>μύρμη-</span> 
     </span>
    </p>
   </div>
   <div class='ocr_carea' id='block_1_87' title="bbox 2230 3999 3774 4075">
    <p class='ocr_par' dir='ltr' id='par_1_87' title="bbox 2230 3999 3774 4075">
     <span class='ocr_line' id='line_1_87' title="bbox 2230 3999 3774 4075; baseline -0.005 -18"><span class='ocrx_word' id='word_1_638' title='bbox 2230 4021 2324 4066; x_wconf 86' lang='grc' dir='ltr'><strong>κος</strong></span> <span class='ocrx_word' id='word_1_639' title='bbox 2354 4002 2506 4058; x_wconf 77' lang='grc' dir='ltr'>οὑπω</span> <span class='ocrx_word' id='word_1_640' title='bbox 2546 4002 2833 4073; x_wconf 76' lang='grc' dir='ltr'>περιέλαϐε</span> <span class='ocrx_word' id='word_1_641' title='bbox 2876 4005 2941 4073; x_wconf 82' lang='grc' dir='ltr'>τῇ</span> <span class='ocrx_word' id='word_1_642' title='bbox 2985 4002 3141 4071; x_wconf 78' lang='grc' dir='ltr'>φύσει</span> <span class='ocrx_word' id='word_1_643' title='bbox 3176 4004 3275 4075; x_wconf 83' lang='grc' dir='ltr'>τὴν</span> <span class='ocrx_word' id='word_1_644' title='bbox 3311 4004 3533 4072; x_wconf 84' lang='grc' dir='ltr'>γνῶσιν,</span> <span class='ocrx_word' id='word_1_645' title='bbox 3569 4002 3673 4064; x_wconf 85' lang='grc' dir='ltr'>πῶς</span> <span class='ocrx_word' id='word_1_646' title='bbox 3701 3999 3774 4053; x_wconf 77' lang='grc' dir='ltr'><strong>τὸν</strong></span> 
     </span>
    </p>
   </div>
   <div class='ocr_carea' id='block_1_88' title="bbox 2230 4094 3775 4166">
    <p class='ocr_par' dir='ltr' id='par_1_88' title="bbox 2230 4094 3775 4166">
     <span class='ocr_line' id='line_1_88' title="bbox 2230 4094 3775 4166; baseline -0.005 -17"><span class='ocrx_word' id='word_1_647' title='bbox 2230 4098 2287 4149; x_wconf 84' lang='grc' dir='ltr'><strong>ἐν</strong></span> <span class='ocrx_word' id='word_1_648' title='bbox 2312 4096 2488 4166; x_wconf 80' lang='grc' dir='ltr'>ἐαυτῷ</span> <span class='ocrx_word' id='word_1_649' title='bbox 2523 4097 2699 4149; x_wconf 85' lang='grc' dir='ltr'>πᾶσαν</span> <span class='ocrx_word' id='word_1_650' title='bbox 2728 4094 3161 4165; x_wconf 84' lang='grc' dir='ltr'>περικρατοῦντα</span> <span class='ocrx_word' id='word_1_651' title='bbox 3189 4096 3285 4165; x_wconf 73' lang='grc' dir='ltr'>τὴν</span> <span class='ocrx_word' id='word_1_652' title='bbox 3319 4094 3497 4147; x_wconf 68' lang='grc' dir='ltr'>κτίσιν</span> <span class='ocrx_word' id='word_1_653' title='bbox 3530 4094 3602 4165; x_wconf 83' lang='grc' dir='ltr'><strong>τῷ</strong></span> <span class='ocrx_word' id='word_1_654' title='bbox 3636 4107 3775 4146; x_wconf 71' lang='grc' dir='ltr'>κατασ</span> 
     </span>
    </p>
   </div>
   <div class='ocr_carea' id='block_1_89' title="bbox 2231 4183 3775 4260">
    <p class='ocr_par' dir='ltr' id='par_1_89' title="bbox 2231 4183 3775 4260">
     <span class='ocr_line' id='line_1_89' title="bbox 2231 4183 3775 4260; baseline -0.006 -16"><span class='ocrx_word' id='word_1_655' title='bbox 2231 4188 2479 4260; x_wconf 82' lang='grc' dir='ltr'>ληπτικῷ</span> <span class='ocrx_word' id='word_1_656' title='bbox 2529 4188 2940 4260; x_wconf 85' lang='grc' dir='ltr'>περιειληφέναι</span> <span class='ocrx_word' id='word_1_657' title='bbox 2993 4188 3135 4258; x_wconf 82' lang='grc' dir='ltr'>λόγῳ</span> <span class='ocrx_word' id='word_1_658' title='bbox 3193 4188 3641 4258; x_wconf 85' lang='grc' dir='ltr'>μεγαλαυχεῖται;</span> <span class='ocrx_word' id='word_1_659' title='bbox 3686 4183 3775 4237; x_wconf 79' lang='grc' dir='ltr'><strong>Καὶ</strong></span> 
     </span>
    </p>
   </div>
   <div class='ocr_carea' id='block_1_90' title="bbox 2230 4272 3773 4351">
    <p class='ocr_par' dir='ltr' id='par_1_90' title="bbox 2230 4272 3773 4351">
     <span class='ocr_line' id='line_1_90' title="bbox 2230 4272 3773 4351; baseline -0.007 -17"><span class='ocrx_word' id='word_1_660' title='bbox 2230 4281 2356 4344; x_wconf 82' lang='grc' dir='ltr'>τοὺς</span> <span class='ocrx_word' id='word_1_661' title='bbox 2388 4282 2451 4333; x_wconf 84' lang='grc' dir='ltr'>τὸ</span> <span class='ocrx_word' id='word_1_662' title='bbox 2490 4279 2711 4343; x_wconf 84' lang='grc' dir='ltr'>ἀσθενὲς</span> <span class='ocrx_word' id='word_1_663' title='bbox 2740 4281 2837 4349; x_wconf 80' lang='grc' dir='ltr'>τῆς</span> <span class='ocrx_word' id='word_1_664' title='bbox 2871 4278 3214 4351; x_wconf 82' lang='grc' dir='ltr'>ἀνθρωπίνης</span> <span class='ocrx_word' id='word_1_665' title='bbox 3246 4278 3458 4348; x_wconf 85' lang='grc' dir='ltr'>φύσεως</span> <span class='ocrx_word' id='word_1_666' title='bbox 3493 4280 3573 4348; x_wconf 75' lang='grc' dir='ltr'><strong>ἐφ’</strong></span> <span class='ocrx_word' id='word_1_667' title='bbox 3599 4272 3773 4331; x_wconf 79' lang='grc' dir='ltr'>ἑαυτῶν</span> 
     </span>
    </p>
   </div>
   <div class='ocr_carea' id='block_1_91' title="bbox 2233 4365 3772 4443">
    <p class='ocr_par' dir='ltr' id='par_1_91' title="bbox 2233 4365 3772 4443">
     <span class='ocr_line' id='line_1_91' title="bbox 2233 4365 3772 4443; baseline -0.005 -18"><span class='ocrx_word' id='word_1_668' title='bbox 2233 4372 2625 4443; x_wconf 84' lang='grc' dir='ltr'>ὁμολογοῦντας</span> <span class='ocrx_word' id='word_1_669' title='bbox 2653 4371 2984 4424; x_wconf 77' lang='grc' dir='ltr'>ἐσκοτῶσθαι</span> <span class='ocrx_word' id='word_1_670' title='bbox 3016 4370 3163 4439; x_wconf 89' lang='grc' dir='ltr'>λέγει</span> <span class='ocrx_word' id='word_1_671' title='bbox 3190 4370 3259 4424; x_wconf 82' lang='grc' dir='ltr'>τὰ</span> <span class='ocrx_word' id='word_1_672' title='bbox 3279 4371 3377 4440; x_wconf 82' lang='grc' dir='ltr'>τῆς</span> <span class='ocrx_word' id='word_1_673' title='bbox 3411 4372 3583 4441; x_wconf 75' lang='grc' dir='ltr'>ψυχῆς</span> <span class='ocrx_word' id='word_1_674' title='bbox 3612 4365 3772 4432; x_wconf 79' lang='grc' dir='ltr'>αἰσθη-</span> 
     </span>
    </p>
   </div>
   <div class='ocr_carea' id='block_1_92' title="bbox 2232 4455 3773 4536">
    <p class='ocr_par' dir='ltr' id='par_1_92' title="bbox 2232 4455 3773 4536">
     <span class='ocr_line' id='line_1_92' title="bbox 2232 4455 3773 4536; baseline -0.006 -19"><span class='ocrx_word' id='word_1_675' title='bbox 2232 4466 2417 4536; x_wconf 83' lang='grc' dir='ltr'>τήρια,</span> <span class='ocrx_word' id='word_1_676' title='bbox 2450 4465 2543 4517; x_wconf 78' lang='grc' dir='ltr'><strong>καὶ</strong></span> <span class='ocrx_word' id='word_1_677' title='bbox 2593 4464 2728 4534; x_wconf 84' lang='grc' dir='ltr'>μήτε</span> <span class='ocrx_word' id='word_1_678' title='bbox 2760 4463 2906 4527; x_wconf 76' lang='grc' dir='ltr'>τινος</span> <span class='ocrx_word' id='word_1_679' title='bbox 2950 4462 3059 4515; x_wconf 86' lang='grc' dir='ltr'><strong>τῶν</strong></span> <span class='ocrx_word' id='word_1_680' title='bbox 3094 4462 3300 4534; x_wconf 82' lang='grc' dir='ltr'>πρόσω,</span> <span class='ocrx_word' id='word_1_681' title='bbox 3350 4464 3486 4532; x_wconf 74' lang='grc' dir='ltr'>μήτε</span> <span class='ocrx_word' id='word_1_682' title='bbox 3531 4460 3630 4514; x_wconf 87' lang='grc' dir='ltr'><strong>τῶν</strong></span> <span class='ocrx_word' id='word_1_683' title='bbox 3660 4455 3773 4523; x_wconf 78' lang='grc' dir='ltr'>ὑπὲρ</span> 
     </span>
    </p>
   </div>
   <div class='ocr_carea' id='block_1_93' title="bbox 2234 4556 2859 4627">
    <p class='ocr_par' dir='ltr' id='par_1_93' title="bbox 2234 4556 2859 4627">
     <span class='ocr_line' id='line_1_93' title="bbox 2234 4556 2859 4627; baseline 0.002 -18"><span class='ocrx_word' id='word_1_684' title='bbox 2234 4558 2474 4627; x_wconf 75' lang='grc' dir='ltr'>κεφαλῆς</span> <span class='ocrx_word' id='word_1_685' title='bbox 2504 4556 2859 4625; x_wconf 77' lang='grc' dir='ltr'>ἐφικνεῖσθαι.</span> 
     </span>
    </p>
   </div>
   <div class='ocr_carea' id='block_1_94' title="bbox 560 4641 3769 4718">
    <p class='ocr_par' dir='ltr' id='par_1_94' title="bbox 560 4641 3769 4718">
     <span class='ocr_line' id='line_1_94' title="bbox 560 4641 3769 4718; baseline -0.005 -14"><span class='ocrx_word' id='word_1_686' title='bbox 560 4650 707 4705; x_wconf 89' lang='lat' dir='ltr'><strong>tione</strong></span> <span class='ocrx_word' id='word_1_687' title='bbox 740 4664 800 4705; x_wconf 90' lang='lat' dir='ltr'><strong>se</strong></span> <span class='ocrx_word' id='word_1_688' title='bbox 838 4649 1180 4718; x_wconf 82' lang='lat' dir='ltr'><strong>complexum</strong></span> <span class='ocrx_word' id='word_1_689' title='bbox 1229 4658 1352 4698; x_wconf 90' lang='lat' dir='ltr'><strong>esse</strong></span> <span class='ocrx_word' id='word_1_690' title='bbox 1383 4642 1776 4712; x_wconf 81' lang='lat' dir='ltr'><strong>gloriabundus</strong></span> <span class='ocrx_word' id='word_1_691' title='bbox 1807 4643 2057 4711; x_wconf 80' lang='lat' dir='ltr'><strong>jactitat?</strong></span> <span class='ocrx_word' id='word_1_692' title='bbox 2092 4657 2145 4702; x_wconf 90' lang='lat' dir='ltr'><strong>et</strong></span> <span class='ocrx_word' id='word_1_693' title='bbox 2181 4663 2277 4704; x_wconf 89' lang='lat' dir='ltr'><strong>eos</strong></span> <span class='ocrx_word' id='word_1_694' title='bbox 2349 4650 2565 4703; x_wconf 89' lang='lat' dir='ltr'><strong>interim</strong></span> <span class='ocrx_word' id='word_1_695' title='bbox 2621 4649 2712 4717; x_wconf 91' lang='lat' dir='ltr'><strong>qui</strong></span> <span class='ocrx_word' id='word_1_696' title='bbox 2774 4648 3027 4703; x_wconf 68' lang='lat' dir='ltr'><strong>humana:</strong></span> <span class='ocrx_word' id='word_1_697' title='bbox 3080 4657 3289 4703; x_wconf 83' lang='lat' dir='ltr'><strong>naturae</strong></span> <span class='ocrx_word' id='word_1_698' title='bbox 3341 4649 3687 4703; x_wconf 82' lang='lat' dir='ltr'><strong>infirmitatem</strong></span> <span class='ocrx_word' id='word_1_699' title='bbox 3729 4641 3769 4693; x_wconf 89' lang='lat' dir='ltr'><strong>iu</strong></span> 
     </span>
    </p>
   </div>
   <div class='ocr_carea' id='block_1_95' title="bbox 560 4731 3769 4811">
    <p class='ocr_par' dir='ltr' id='par_1_95' title="bbox 560 4731 3769 4811">
     <span class='ocr_line' id='line_1_95' title="bbox 560 4731 3769 4811; baseline -0.005 -13"><span class='ocrx_word' id='word_1_700' title='bbox 560 4740 866 4811; x_wconf 87' lang='lat' dir='ltr'><strong>semetipsis</strong></span> <span class='ocrx_word' id='word_1_701' title='bbox 917 4738 1159 4795; x_wconf 89' lang='lat' dir='ltr'><strong>sentiunt</strong></span> <span class='ocrx_word' id='word_1_702' title='bbox 1191 4742 1245 4790; x_wconf 89' lang='lat' dir='ltr'><strong>et</strong></span> <span class='ocrx_word' id='word_1_703' title='bbox 1292 4733 1552 4796; x_wconf 88' lang='lat' dir='ltr'><strong>fatentur,</strong></span> <span class='ocrx_word' id='word_1_704' title='bbox 1587 4731 1752 4785; x_wconf 87' lang='lat' dir='ltr'><strong>animi</strong></span> <span class='ocrx_word' id='word_1_705' title='bbox 1793 4735 2061 4790; x_wconf 89' lang='lat' dir='ltr'><strong>sentiendi</strong></span> <span class='ocrx_word' id='word_1_706' title='bbox 2099 4738 2461 4792; x_wconf 86' lang='lat' dir='ltr'><strong>instrumenta</strong></span> <span class='ocrx_word' id='word_1_707' title='bbox 2503 4738 2747 4792; x_wconf 89' lang='lat' dir='ltr'><strong>tenebris</strong></span> <span class='ocrx_word' id='word_1_708' title='bbox 2798 4746 2853 4792; x_wconf 89' lang='lat' dir='ltr'><strong>et</strong></span> <span class='ocrx_word' id='word_1_709' title='bbox 2903 4738 3138 4806; x_wconf 85' lang='lat' dir='ltr'><strong>caligine</strong></span> <span class='ocrx_word' id='word_1_710' title='bbox 3188 4738 3364 4791; x_wconf 88' lang='lat' dir='ltr'><strong>obsita</strong></span> <span class='ocrx_word' id='word_1_711' title='bbox 3405 4748 3458 4792; x_wconf 90' lang='lat' dir='ltr'><strong>et</strong></span> <span class='ocrx_word' id='word_1_712' title='bbox 3498 4738 3656 4792; x_wconf 73' lang='lat' dir='ltr'><strong>oﬂusa</strong></span> <span class='ocrx_word' id='word_1_713' title='bbox 3698 4734 3769 4786; x_wconf 86' lang='lat' dir='ltr'><strong>ha-</strong></span> 
     </span>
    </p>
   </div>
   <div class='ocr_carea' id='block_1_96' title="bbox 560 4829 3267 4905">
    <p class='ocr_par' dir='ltr' id='par_1_96' title="bbox 560 4829 3267 4905">
     <span class='ocr_line' id='line_1_96' title="bbox 560 4829 3267 4905; baseline -0.006 -11"><span class='ocrx_word' id='word_1_714' title='bbox 560 4838 690 4894; x_wconf 86' lang='lat' dir='ltr'><strong>bere</strong></span> <span class='ocrx_word' id='word_1_715' title='bbox 722 4835 875 4901; x_wconf 89' lang='lat' dir='ltr'><strong>dicit,</strong></span> <span class='ocrx_word' id='word_1_716' title='bbox 905 4846 1082 4901; x_wconf 89' lang='lat' dir='ltr'><strong>neque</strong></span> <span class='ocrx_word' id='word_1_717' title='bbox 1118 4829 1414 4901; x_wconf 86' lang='lat' dir='ltr'><strong>quidquam</strong></span> <span class='ocrx_word' id='word_1_718' title='bbox 1445 4840 1634 4881; x_wconf 91' lang='lat' dir='ltr'><strong>eorum</strong></span> <span class='ocrx_word' id='word_1_719' title='bbox 1674 4840 1793 4894; x_wconf 68' lang='lat' dir='ltr'><strong>quae</strong></span> <span class='ocrx_word' id='word_1_720' title='bbox 1825 4834 1950 4905; x_wconf 88' lang='lat' dir='ltr'><strong>sunt</strong></span> <span class='ocrx_word' id='word_1_721' title='bbox 1999 4838 2122 4883; x_wconf 88' lang='lat' dir='ltr'><strong>ante</strong></span> <span class='ocrx_word' id='word_1_722' title='bbox 2156 4830 2341 4898; x_wconf 90' lang='lat' dir='ltr'><strong>pedes,</strong></span> <span class='ocrx_word' id='word_1_723' title='bbox 2376 4844 2555 4898; x_wconf 89' lang='lat' dir='ltr'><strong>neque</strong></span> <span class='ocrx_word' id='word_1_724' title='bbox 2586 4843 2753 4897; x_wconf 92' lang='lat' dir='ltr'><strong>supra</strong></span> <span class='ocrx_word' id='word_1_725' title='bbox 2788 4838 2952 4898; x_wconf 91' lang='lat' dir='ltr'><strong>caput</strong></span> <span class='ocrx_word' id='word_1_726' title='bbox 2983 4829 3267 4898; x_wconf 84' lang='lat' dir='ltr'><strong>attingere.</strong></span> 
     </span>
    </p>
   </div>
   <div class='ocr_carea' id='block_1_97' title="bbox 632 4920 2203 4997">
    <p class='ocr_par' dir='ltr' id='par_1_97' title="bbox 632 4920 2203 4997">
     <span class='ocr_line' id='line_1_97' title="bbox 632 4920 2203 4997; baseline -0.008 -13"><span class='ocrx_word' id='word_1_727' title='bbox 632 4928 739 4984; x_wconf 90' lang='lat' dir='ltr'><strong>Sed</strong></span> <span class='ocrx_word' id='word_1_728' title='bbox 774 4928 867 4997; x_wconf 89' lang='lat' dir='ltr'><strong>qui</strong></span> <span class='ocrx_word' id='word_1_729' title='bbox 891 4939 1077 4982; x_wconf 88' lang='lat' dir='ltr'><strong>eorum</strong></span> <span class='ocrx_word' id='word_1_730' title='bbox 1109 4938 1227 4992; x_wconf 82' lang='lat' dir='ltr'><strong>quae</strong></span> <span class='ocrx_word' id='word_1_731' title='bbox 1260 4928 1387 4976; x_wconf 85' lang='lat' dir='ltr'><strong>sunt</strong></span> <span class='ocrx_word' id='word_1_732' title='bbox 1422 4920 1783 4988; x_wconf 87' lang='lat' dir='ltr'><strong>cognitionem</strong></span> <span class='ocrx_word' id='word_1_733' title='bbox 1818 4920 1999 4983; x_wconf 84' lang='lat' dir='ltr'><strong>habet,</strong></span> <span class='ocrx_word' id='word_1_734' title='bbox 2049 4920 2127 4973; x_wconf 85' lang='lat' dir='ltr'><strong>vi-</strong></span> <span class='ocrx_word' id='word_1_735' title='bbox 2160 4926 2203 4980; x_wconf 80' lang='grc' dir='ltr'><strong>Ι)</strong></span> 
     </span>
    </p>
   </div>
   <div class='ocr_carea' id='block_1_98' title="bbox 560 5010 2133 5084">
    <p class='ocr_par' dir='ltr' id='par_1_98' title="bbox 560 5010 2133 5084">
     <span class='ocr_line' id='line_1_98' title="bbox 560 5010 2133 5084; baseline -0.005 -9"><span class='ocrx_word' id='word_1_736' title='bbox 560 5021 790 5075; x_wconf 87' lang='lat' dir='ltr'><strong>deamus</strong></span> <span class='ocrx_word' id='word_1_737' title='bbox 836 5015 964 5084; x_wconf 87' lang='lat' dir='ltr'><strong>quid</strong></span> <span class='ocrx_word' id='word_1_738' title='bbox 1009 5029 1173 5083; x_wconf 87' lang='lat' dir='ltr'><strong>supra</strong></span> <span class='ocrx_word' id='word_1_739' title='bbox 1220 5012 1357 5065; x_wconf 90' lang='lat' dir='ltr'><strong>alios</strong></span> <span class='ocrx_word' id='word_1_740' title='bbox 1414 5011 1537 5063; x_wconf 89' lang='lat' dir='ltr'><strong>scit.</strong></span> <span class='ocrx_word' id='word_1_741' title='bbox 1588 5010 1717 5078; x_wconf 86' lang='lat' dir='ltr'><strong>Ejus</strong></span> <span class='ocrx_word' id='word_1_742' title='bbox 1761 5010 2023 5064; x_wconf 85' lang='lat' dir='ltr'><strong>tumidam</strong></span> <span class='ocrx_word' id='word_1_743' title='bbox 2079 5022 2133 5067; x_wconf 87' lang='lat' dir='ltr'><strong>et</strong></span> 
     </span>
    </p>
   </div>
   <div class='ocr_carea' id='block_1_99' title="bbox 565 5098 2133 5170">
    <p class='ocr_par' dir='ltr' id='par_1_99' title="bbox 565 5098 2133 5170">
     <span class='ocr_line' id='line_1_99' title="bbox 565 5098 2133 5170; baseline -0.007 -5"><span class='ocrx_word' id='word_1_744' title='bbox 565 5110 805 5165; x_wconf 85' lang='lat' dir='ltr'><strong>inﬂatam</strong></span> <span class='ocrx_word' id='word_1_745' title='bbox 843 5121 1031 5160; x_wconf 89' lang='lat' dir='ltr'><strong>vocem</strong></span> <span class='ocrx_word' id='word_1_746' title='bbox 1062 5101 1367 5156; x_wconf 87' lang='lat' dir='ltr'><strong>audiamus.</strong></span> <span class='ocrx_word' id='word_1_747' title='bbox 1412 5098 1521 5162; x_wconf 77' lang='lat' dir='ltr'><strong>l&#39;et,</strong></span> <span class='ocrx_word' id='word_1_748' title='bbox 1560 5100 1758 5170; x_wconf 86' lang='lat' dir='ltr'><strong>inquit,</strong></span> <span class='ocrx_word' id='word_1_749' title='bbox 1787 5101 1995 5169; x_wconf 80' lang='lat' dir='ltr'><strong>frustra</strong></span> <span class='ocrx_word' id='word_1_750' title='bbox 2027 5101 2133 5154; x_wconf 85' lang='lat' dir='ltr'><strong>Do-</strong></span> 
     </span>
    </p>
   </div>
   <div class='ocr_carea' id='block_1_100' title="bbox 564 5192 2133 5266">
    <p class='ocr_par' dir='ltr' id='par_1_100' title="bbox 564 5192 2133 5266">
     <span class='ocr_line' id='line_1_100' title="bbox 564 5192 2133 5266; baseline -0.006 -12"><span class='ocrx_word' id='word_1_751' title='bbox 564 5202 734 5255; x_wconf 85' lang='lat' dir='ltr'><strong>minus</strong></span> <span class='ocrx_word' id='word_1_752' title='bbox 776 5197 1003 5266; x_wconf 81' lang='lat' dir='ltr'><strong>seipsum</strong></span> <span class='ocrx_word' id='word_1_753' title='bbox 1033 5194 1224 5247; x_wconf 81' lang='lat' dir='ltr'><strong>ostium</strong></span> <span class='ocrx_word' id='word_1_754' title='bbox 1264 5192 1551 5246; x_wconf 83' lang='lat' dir='ltr'><strong>nominavit</strong></span> <span class='ocrx_word' id='word_1_755' title='bbox 1580 5208 1593 5245; x_wconf 92' lang='lat'><strong>:</strong></span> <span class='ocrx_word' id='word_1_756' title='bbox 1654 5192 1700 5244; x_wconf 78' lang='lat' dir='ltr'><strong>si</strong></span> <span class='ocrx_word' id='word_1_757' title='bbox 1735 5192 1911 5245; x_wconf 82' lang='lat' dir='ltr'><strong>nullus</strong></span> <span class='ocrx_word' id='word_1_758' title='bbox 1938 5202 2013 5246; x_wconf 84' lang='lat' dir='ltr'><strong>est</strong></span> <span class='ocrx_word' id='word_1_759' title='bbox 2044 5194 2133 5261; x_wconf 88' lang='lat' dir='ltr'><strong>qui</strong></span> 
     </span>
    </p>
   </div>
   <div class='ocr_carea' id='block_1_101' title="bbox 563 5285 2139 5362">
    <p class='ocr_par' dir='ltr' id='par_1_101' title="bbox 563 5285 2139 5362">
     <span class='ocr_line' id='line_1_101' title="bbox 563 5285 2139 5362; baseline -0.006 -15"><span class='ocrx_word' id='word_1_760' title='bbox 563 5291 890 5362; x_wconf 83' lang='lat' dir='ltr'><strong>ingrediatur</strong></span> <span class='ocrx_word' id='word_1_761' title='bbox 926 5287 994 5341; x_wconf 84' lang='lat' dir='ltr'><strong>ad</strong></span> <span class='ocrx_word' id='word_1_762' title='bbox 1036 5285 1217 5340; x_wconf 78' lang='lat' dir='ltr'><strong>Patris</strong></span> <span class='ocrx_word' id='word_1_763' title='bbox 1267 5285 1607 5355; x_wconf 77' lang='lat' dir='ltr'><strong>cognitionem</strong></span> <span class='ocrx_word' id='word_1_764' title='bbox 1646 5293 1695 5339; x_wconf 90' lang='lat' dir='ltr'><strong>et</strong></span> <span class='ocrx_word' id='word_1_765' title='bbox 1744 5286 2139 5354; x_wconf 83' lang='lat' dir='ltr'><strong>contemplatio-</strong></span> 
     </span>
    </p>
   </div>
   <div class='ocr_carea' id='block_1_102' title="bbox 560 5378 2135 5452">
    <p class='ocr_par' dir='ltr' id='par_1_102' title="bbox 560 5378 2135 5452">
     <span class='ocr_line' id='line_1_102' title="bbox 560 5378 2135 5452; baseline -0.004 -12"><span class='ocrx_word' id='word_1_766' title='bbox 560 5402 723 5441; x_wconf 86' lang='lat' dir='ltr'><strong>nem:</strong></span> <span class='ocrx_word' id='word_1_767' title='bbox 759 5384 959 5452; x_wconf 79' lang='lat' dir='ltr'><strong>frustra</strong></span> <span class='ocrx_word' id='word_1_768' title='bbox 982 5380 1141 5434; x_wconf 86' lang='lat' dir='ltr'><strong>etiam</strong></span> <span class='ocrx_word' id='word_1_769' title='bbox 1171 5378 1501 5445; x_wconf 79' lang='lat' dir='ltr'><strong>via,nullam</strong></span> <span class='ocrx_word' id='word_1_770' title='bbox 1543 5378 1777 5445; x_wconf 69' lang='lat' dir='ltr'><strong>praebens</strong></span> <span class='ocrx_word' id='word_1_771' title='bbox 1822 5379 2135 5447; x_wconf 71' lang='lat' dir='ltr'><strong>facilitate»:</strong></span> 
     </span>
    </p>
   </div>
   <div class='ocr_carea' id='block_1_103' title="bbox 565 5466 2141 5537">
    <p class='ocr_par' dir='ltr' id='par_1_103' title="bbox 565 5466 2141 5537">
     <span class='ocr_line' id='line_1_103' title="bbox 565 5466 2141 5537; baseline -0.004 -9"><span class='ocrx_word' id='word_1_772' title='bbox 565 5472 853 5529; x_wconf 74' lang='lat' dir='ltr'><strong>uolentibus</strong></span> <span class='ocrx_word' id='word_1_773' title='bbox 881 5471 948 5523; x_wconf 84' lang='lat' dir='ltr'><strong>ad</strong></span> <span class='ocrx_word' id='word_1_774' title='bbox 987 5467 1197 5522; x_wconf 86' lang='lat' dir='ltr'><strong>Patrem</strong></span> <span class='ocrx_word' id='word_1_775' title='bbox 1227 5467 1431 5521; x_wconf 74' lang='lat' dir='ltr'><strong>venire:</strong></span> <span class='ocrx_word' id='word_1_776' title='bbox 1460 5466 1717 5537; x_wconf 80' lang='lat' dir='ltr'><strong>quomodo</strong></span> <span class='ocrx_word' id='word_1_777' title='bbox 1756 5477 1886 5521; x_wconf 79' lang='lat' dir='ltr'><strong>esset</strong></span> <span class='ocrx_word' id='word_1_778' title='bbox 1917 5468 2010 5520; x_wconf 76' lang='lat' dir='ltr'><strong>tua:</strong></span> <span class='ocrx_word' id='word_1_779' title='bbox 2038 5487 2141 5523; x_wconf 87' lang='lat' dir='ltr'><strong>non</strong></span> 
     </span>
    </p>
   </div>
   <div class='ocr_carea' id='block_1_104' title="bbox 566 5555 2141 5624">
    <p class='ocr_par' dir='ltr' id='par_1_104' title="bbox 566 5555 2141 5624">
     <span class='ocr_line' id='line_1_104' title="bbox 566 5555 2141 5624; baseline -0.003 -7"><span class='ocrx_word' id='word_1_780' title='bbox 566 5564 738 5617; x_wconf 84' lang='lat' dir='ltr'><strong>minus</strong></span> <span class='ocrx_word' id='word_1_781' title='bbox 769 5562 1068 5624; x_wconf 79' lang='lat' dir='ltr'><strong>illustrem,</strong></span> <span class='ocrx_word' id='word_1_782' title='bbox 1121 5574 1221 5611; x_wconf 87' lang='lat' dir='ltr'><strong>non</strong></span> <span class='ocrx_word' id='word_1_783' title='bbox 1266 5555 1574 5611; x_wconf 78' lang='lat' dir='ltr'><strong>illuminans</strong></span> <span class='ocrx_word' id='word_1_784' title='bbox 1621 5557 1784 5611; x_wconf 86' lang='lat' dir='ltr'><strong>animi</strong></span> <span class='ocrx_word' id='word_1_785' title='bbox 1824 5558 2035 5612; x_wconf 81' lang='lat' dir='ltr'><strong>oculum</strong></span> <span class='ocrx_word' id='word_1_786' title='bbox 2071 5560 2141 5613; x_wconf 79' lang='lat' dir='ltr'><strong>ad</strong></span> 
     </span>
    </p>
   </div>
   <div class='ocr_carea' id='block_1_105' title="bbox 567 5647 2139 5724">
    <p class='ocr_par' dir='ltr' id='par_1_105' title="bbox 567 5647 2139 5724">
     <span class='ocr_line' id='line_1_105' title="bbox 567 5647 2139 5724; baseline 0 -18"><span class='ocrx_word' id='word_1_787' title='bbox 567 5654 912 5724; x_wconf 83' lang='lat' dir='ltr'><strong>cognitionem</strong></span> <span class='ocrx_word' id='word_1_788' title='bbox 938 5651 1118 5721; x_wconf 83' lang='lat' dir='ltr'><strong>suique</strong></span> <span class='ocrx_word' id='word_1_789' title='bbox 1142 5659 1190 5703; x_wconf 88' lang='lat' dir='ltr'><strong>et</strong></span> <span class='ocrx_word' id='word_1_790' title='bbox 1215 5647 1821 5717; x_wconf 79' lang='lat' dir='ltr'><strong>supereminentislucis?</strong></span> <span class='ocrx_word' id='word_1_791' title='bbox 1835 5647 1892 5704; x_wconf 91' lang='lat' dir='ltr'><strong>Si</strong></span> <span class='ocrx_word' id='word_1_792' title='bbox 1920 5652 2139 5720; x_wconf 87' lang='lat' dir='ltr'><strong>quidem</strong></span> 
     </span>
    </p>
   </div>
   <div class='ocr_carea' id='block_1_106' title="bbox 569 5738 2140 5814">
    <p class='ocr_par' dir='ltr' id='par_1_106' title="bbox 569 5738 2140 5814">
     <span class='ocr_line' id='line_1_106' title="bbox 569 5738 2140 5814; baseline -0.002 -18"><span class='ocrx_word' id='word_1_793' title='bbox 569 5742 834 5814; x_wconf 85' lang='lat' dir='ltr'><strong>quasdam</strong></span> <span class='ocrx_word' id='word_1_794' title='bbox 888 5739 1335 5795; x_wconf 82' lang='lat' dir='ltr'><strong>ratiocinationes</strong></span> <span class='ocrx_word' id='word_1_795' title='bbox 1391 5738 1553 5792; x_wconf 89' lang='lat' dir='ltr'><strong>domo</strong></span> <span class='ocrx_word' id='word_1_796' title='bbox 1598 5738 1796 5792; x_wconf 83' lang='lat' dir='ltr'><strong>allatas</strong></span> <span class='ocrx_word' id='word_1_797' title='bbox 1840 5740 2140 5808; x_wconf 74' lang='lat' dir='ltr'><strong>explicaret</strong></span> 
     </span>
    </p>
   </div>
   <div class='ocr_carea' id='block_1_107' title="bbox 570 5833 2137 5907">
    <p class='ocr_par' dir='ltr' id='par_1_107' title="bbox 570 5833 2137 5907">
     <span class='ocr_line' id='line_1_107' title="bbox 570 5833 2137 5907; baseline -0.001 -13"><span class='ocrx_word' id='word_1_798' title='bbox 570 5837 871 5894; x_wconf 78' lang='lat' dir='ltr'><strong>subtilitate</strong></span> <span class='ocrx_word' id='word_1_799' title='bbox 888 5853 984 5892; x_wconf 89' lang='lat' dir='ltr'><strong>sua</strong></span> <span class='ocrx_word' id='word_1_800' title='bbox 1007 5834 1337 5890; x_wconf 86' lang='lat' dir='ltr'><strong>audientium</strong></span> <span class='ocrx_word' id='word_1_801' title='bbox 1363 5834 1772 5905; x_wconf 83' lang='lat' dir='ltr'><strong>intelligentiam</strong></span> <span class='ocrx_word' id='word_1_802' title='bbox 1798 5833 2137 5907; x_wconf 71' lang='lat' dir='ltr'><strong>ell‘ugicntcs,</strong></span> 
     </span>
    </p>
   </div>
   <div class='ocr_carea' id='block_1_108' title="bbox 2313 4911 3772 4993">
    <p class='ocr_par' dir='ltr' id='par_1_108' title="bbox 2313 4911 3772 4993">
     <span class='ocr_line' id='line_1_108' title="bbox 2313 4911 3772 4993; baseline -0.006 -17"><span class='ocrx_word' id='word_1_803' title='bbox 2313 4923 2450 4976; x_wconf 79' lang='grc' dir='ltr'>Ἀλλ’</span> <span class='ocrx_word' id='word_1_804' title='bbox 2474 4926 2501 4976; x_wconf 89' lang='grc' dir='ltr'>ὁ</span> <span class='ocrx_word' id='word_1_805' title='bbox 2523 4923 2620 4993; x_wconf 82' lang='grc' dir='ltr'><strong>τὴν</strong></span> <span class='ocrx_word' id='word_1_806' title='bbox 2645 4921 2844 4990; x_wconf 85' lang='grc' dir='ltr'>γνῶσιν</span> <span class='ocrx_word' id='word_1_807' title='bbox 2866 4921 3002 4992; x_wconf 79' lang='grc' dir='ltr'>ἔχων</span> <span class='ocrx_word' id='word_1_808' title='bbox 3025 4921 3127 4974; x_wconf 81' lang='grc' dir='ltr'>τῶν</span> <span class='ocrx_word' id='word_1_809' title='bbox 3150 4922 3337 4984; x_wconf 80' lang='grc' dir='ltr'>ὄντων,</span> <span class='ocrx_word' id='word_1_810' title='bbox 3369 4921 3562 4991; x_wconf 73' lang='grc' dir='ltr'>ἴδωμεν</span> <span class='ocrx_word' id='word_1_811' title='bbox 3584 4919 3632 4972; x_wconf 84' lang='grc' dir='ltr'><strong>τί</strong></span> <span class='ocrx_word' id='word_1_812' title='bbox 3652 4911 3772 4983; x_wconf 71' lang='grc' dir='ltr'><strong>παρᾶ</strong></span> 
     </span>
    </p>
   </div>
   <div class='ocr_carea' id='block_1_109' title="bbox 2235 5009 3771 5081">
    <p class='ocr_par' dir='ltr' id='par_1_109' title="bbox 2235 5009 3771 5081">
     <span class='ocr_line' id='line_1_109' title="bbox 2235 5009 3771 5081; baseline -0.004 -13"><span class='ocrx_word' id='word_1_813' title='bbox 2235 5014 2362 5077; x_wconf 85' lang='grc' dir='ltr'>τοὺς</span> <span class='ocrx_word' id='word_1_814' title='bbox 2406 5013 2597 5077; x_wconf 81' lang='grc' dir='ltr'>ἄλλους</span> <span class='ocrx_word' id='word_1_815' title='bbox 2643 5014 2950 5067; x_wconf 86' lang='grc' dir='ltr'>ἐπίσταται.</span> <span class='ocrx_word' id='word_1_816' title='bbox 2988 5011 3333 5081; x_wconf 82' lang='grc' dir='ltr'>Ἀκούσωμεν</span> <span class='ocrx_word' id='word_1_817' title='bbox 3370 5012 3469 5081; x_wconf 74' lang='grc' dir='ltr'>τῆς</span> <span class='ocrx_word' id='word_1_818' title='bbox 3514 5009 3771 5079; x_wconf 67' lang='grc' dir='ltr'>ὑπερόγκευ</span> 
     </span>
    </p>
   </div>
   <div class='ocr_carea' id='block_1_110' title="bbox 2238 5103 3773 5175">
    <p class='ocr_par' dir='ltr' id='par_1_110' title="bbox 2238 5103 3773 5175">
     <span class='ocr_line' id='line_1_110' title="bbox 2238 5103 3773 5175; baseline -0.005 -15"><span class='ocrx_word' id='word_1_819' title='bbox 2238 5105 2449 5175; x_wconf 74' lang='grc' dir='ltr'>φωνῆς’</span> <span class='ocrx_word' id='word_1_820' title='bbox 2489 5107 2558 5160; x_wconf 83' lang='grc' dir='ltr'><strong>Ἦ</strong></span> <span class='ocrx_word' id='word_1_821' title='bbox 2596 5104 2795 5174; x_wconf 80' lang='grc' dir='ltr'>μάτην</span> <span class='ocrx_word' id='word_1_822' title='bbox 2841 5104 2917 5158; x_wconf 84' lang='grc' dir='ltr'>ἂν</span> <span class='ocrx_word' id='word_1_823' title='bbox 2962 5107 2994 5157; x_wconf 86' lang='grc' dir='ltr'><strong>ό</strong></span> <span class='ocrx_word' id='word_1_824' title='bbox 3029 5105 3239 5172; x_wconf 81' lang='grc' dir='ltr'>Κύριος</span> <span class='ocrx_word' id='word_1_825' title='bbox 3291 5104 3503 5158; x_wconf 83' lang='grc' dir='ltr'>ἑαυτὸν</span> <span class='ocrx_word' id='word_1_826' title='bbox 3542 5103 3773 5169; x_wconf 78' lang='grc' dir='ltr'>ὠνόμασε</span> 
     </span>
    </p>
   </div>
   <div class='ocr_carea' id='block_1_111' title="bbox 2238 5188 3775 5269">
    <p class='ocr_par' dir='ltr' id='par_1_111' title="bbox 2238 5188 3775 5269">
     <span class='ocr_line' id='line_1_111' title="bbox 2238 5188 3775 5269; baseline -0.001 -18"><span class='ocrx_word' id='word_1_827' title='bbox 2238 5199 2444 5267; x_wconf 86' lang='grc' dir='ltr'>θύραν,</span> <span class='ocrx_word' id='word_1_828' title='bbox 2478 5199 2643 5269; x_wconf 81' lang='grc' dir='ltr'>φησὶ,</span> <span class='ocrx_word' id='word_1_829' title='bbox 2679 5197 2941 5267; x_wconf 83' lang='grc' dir='ltr'>μηδενὸς</span> <span class='ocrx_word' id='word_1_830' title='bbox 2993 5198 3167 5261; x_wconf 79' lang='grc' dir='ltr'>ὄντος</span> <span class='ocrx_word' id='word_1_831' title='bbox 3214 5197 3320 5250; x_wconf 80' lang='grc' dir='ltr'>τοῦ</span> <span class='ocrx_word' id='word_1_832' title='bbox 3368 5196 3614 5259; x_wconf 78' lang='grc' dir='ltr'>διτόντος</span> <span class='ocrx_word' id='word_1_833' title='bbox 3655 5188 3775 5255; x_wconf 73' lang='grc' dir='ltr'><strong>πρὸς</strong></span> 
     </span>
    </p>
   </div>
   <div class='ocr_carea' id='block_1_112' title="bbox 2240 5275 3777 5358">
    <p class='ocr_par' dir='ltr' id='par_1_112' title="bbox 2240 5275 3777 5358">
     <span class='ocr_line' id='line_1_112' title="bbox 2240 5275 3777 5358; baseline -0.008 -14"><span class='ocrx_word' id='word_1_834' title='bbox 2240 5291 2611 5358; x_wconf 78' lang='grc' dir='ltr'>κατανόησιν</span> <span class='ocrx_word' id='word_1_835' title='bbox 2638 5290 2734 5343; x_wconf 75' lang='grc' dir='ltr'><strong>καί</strong></span> <span class='ocrx_word' id='word_1_836' title='bbox 2760 5289 3006 5357; x_wconf 81' lang='grc' dir='ltr'>θεωρίαν</span> <span class='ocrx_word' id='word_1_837' title='bbox 3036 5287 3140 5341; x_wconf 83' lang='grc' dir='ltr'>τοῦ</span> <span class='ocrx_word' id='word_1_838' title='bbox 3164 5287 3410 5354; x_wconf 85' lang='grc' dir='ltr'>Πατρὸς,</span> <span class='ocrx_word' id='word_1_839' title='bbox 3442 5287 3627 5356; x_wconf 80' lang='grc' dir='ltr'>μάτην</span> <span class='ocrx_word' id='word_1_840' title='bbox 3654 5280 3695 5332; x_wconf 82' lang='grc' dir='ltr'>δ’</span> <span class='ocrx_word' id='word_1_841' title='bbox 3718 5275 3777 5328; x_wconf 78' lang='grc' dir='ltr'>ἂν</span> 
     </span>
    </p>
   </div>
   <div class='ocr_carea' id='block_1_113' title="bbox 2242 5368 3776 5452">
    <p class='ocr_par' dir='ltr' id='par_1_113' title="bbox 2242 5368 3776 5452">
     <span class='ocr_line' id='line_1_113' title="bbox 2242 5368 3776 5452; baseline -0.007 -15"><span class='ocrx_word' id='word_1_842' title='bbox 2242 5384 2403 5449; x_wconf 82' lang='grc' dir='ltr'>ὁδὸς,</span> <span class='ocrx_word' id='word_1_843' title='bbox 2440 5384 2738 5452; x_wconf 80' lang='grc' dir='ltr'>μηδεμίαν</span> <span class='ocrx_word' id='word_1_844' title='bbox 2783 5382 3057 5451; x_wconf 81' lang='grc' dir='ltr'>παρέχων</span> <span class='ocrx_word' id='word_1_845' title='bbox 3100 5379 3418 5450; x_wconf 82' lang='grc' dir='ltr'>εὐμάρειαν</span> <span class='ocrx_word' id='word_1_846' title='bbox 3463 5378 3580 5443; x_wconf 82' lang='grc' dir='ltr'>τοῖς</span> <span class='ocrx_word' id='word_1_847' title='bbox 3617 5368 3776 5427; x_wconf 77' lang='grc' dir='ltr'>ἐλθεῖν</span> 
     </span>
    </p>
   </div>
   <div class='ocr_carea' id='block_1_114' title="bbox 2243 5458 3774 5542">
    <p class='ocr_par' dir='ltr' id='par_1_114' title="bbox 2243 5458 3774 5542">
     <span class='ocr_line' id='line_1_114' title="bbox 2243 5458 3774 5542; baseline -0.005 -17"><span class='ocrx_word' id='word_1_848' title='bbox 2243 5472 2390 5541; x_wconf 81' lang='grc' dir='ltr'>πρὸς</span> <span class='ocrx_word' id='word_1_849' title='bbox 2442 5472 2550 5525; x_wconf 79' lang='grc' dir='ltr'>τὸν</span> <span class='ocrx_word' id='word_1_850' title='bbox 2580 5472 2810 5542; x_wconf 85' lang='grc' dir='ltr'>Πατέρα</span> <span class='ocrx_word' id='word_1_851' title='bbox 2850 5471 3266 5542; x_wconf 76' lang='grc' dir='ltr'>βουλομένοις.</span> <span class='ocrx_word' id='word_1_852' title='bbox 3328 5469 3460 5536; x_wconf 84' lang='grc' dir='ltr'><strong>Πῶς</strong></span> <span class='ocrx_word' id='word_1_853' title='bbox 3503 5469 3554 5523; x_wconf 78' lang='grc' dir='ltr'>δ’</span> <span class='ocrx_word' id='word_1_854' title='bbox 3600 5463 3667 5518; x_wconf 84' lang='grc' dir='ltr'>ἂν</span> <span class='ocrx_word' id='word_1_855' title='bbox 3704 5458 3774 5519; x_wconf 72' lang='grc' dir='ltr'><strong>εἴη</strong></span> 
     </span>
    </p>
   </div>
   <div class='ocr_carea' id='block_1_115' title="bbox 2242 5548 3775 5640">
    <p class='ocr_par' dir='ltr' id='par_1_115' title="bbox 2242 5548 3775 5640">
     <span class='ocr_line' id='line_1_115' title="bbox 2242 5548 3775 5640; baseline -0.013 -17"><span class='ocrx_word' id='word_1_856' title='bbox 2242 5563 2399 5632; x_wconf 69' lang='grc' dir='ltr'>φῶς,</span> <span class='ocrx_word' id='word_1_857' title='bbox 2426 5563 2512 5633; x_wconf 75' lang='grc' dir='ltr'>μὴ</span> <span class='ocrx_word' id='word_1_858' title='bbox 2547 5562 2804 5632; x_wconf 61' lang='grc' dir='ltr'>φωτίζων</span> <span class='ocrx_word' id='word_1_859' title='bbox 2834 5564 2975 5640; x_wconf 57' lang='lat' dir='ltr'><strong>toi};</strong></span> <span class='ocrx_word' id='word_1_860' title='bbox 3010 5561 3375 5629; x_wconf 82' lang='grc' dir='ltr'>ἀνθρώπους,</span> <span class='ocrx_word' id='word_1_861' title='bbox 3410 5561 3496 5631; x_wconf 81' lang='grc' dir='ltr'>μὴ</span> <span class='ocrx_word' id='word_1_862' title='bbox 3530 5548 3775 5640; x_wconf 48' lang='grc' dir='ltr'>καταλάμς</span> 
     </span>
    </p>
   </div>
   <div class='ocr_carea' id='block_1_116' title="bbox 2244 5634 3776 5723">
    <p class='ocr_par' dir='ltr' id='par_1_116' title="bbox 2244 5634 3776 5723">
     <span class='ocr_line' id='line_1_116' title="bbox 2244 5634 3776 5723; baseline -0.006 -17"><span class='ocrx_word' id='word_1_863' title='bbox 2244 5668 2375 5709; x_wconf 83' lang='grc' dir='ltr'><strong>πων</strong></span> <span class='ocrx_word' id='word_1_864' title='bbox 2399 5655 2464 5708; x_wconf 85' lang='grc' dir='ltr'>τὸ</span> <span class='ocrx_word' id='word_1_865' title='bbox 2490 5654 2603 5723; x_wconf 80' lang='grc' dir='ltr'>τῆς</span> <span class='ocrx_word' id='word_1_866' title='bbox 2624 5654 2831 5723; x_wconf 67' lang='grc' dir='ltr'>ψυχῆς</span> <span class='ocrx_word' id='word_1_867' title='bbox 2859 5634 3014 5723; x_wconf 58' lang='grc' dir='ltr'>ὄμμα</span> <span class='ocrx_word' id='word_1_868' title='bbox 3041 5654 3191 5721; x_wconf 82' lang='grc' dir='ltr'>πρὸς</span> <span class='ocrx_word' id='word_1_869' title='bbox 3215 5656 3573 5721; x_wconf 83' lang='grc' dir='ltr'>κατανόησιν</span> <span class='ocrx_word' id='word_1_870' title='bbox 3601 5634 3776 5700; x_wconf 83' lang='grc' dir='ltr'><strong>ἑαυτοῦ</strong></span> 
     </span>
    </p>
   </div>
   <div class='ocr_carea' id='block_1_117' title="bbox 2244 5727 3772 5817">
    <p class='ocr_par' dir='ltr' id='par_1_117' title="bbox 2244 5727 3772 5817">
     <span class='ocr_line' id='line_1_117' title="bbox 2244 5727 3772 5817; baseline -0.009 -15"><span class='ocrx_word' id='word_1_871' title='bbox 2244 5764 2307 5799; x_wconf 79' lang='grc' dir='ltr'><strong>τε</strong></span> <span class='ocrx_word' id='word_1_872' title='bbox 2364 5747 2459 5801; x_wconf 80' lang='grc' dir='ltr'>καὶ</span> <span class='ocrx_word' id='word_1_873' title='bbox 2513 5747 2939 5817; x_wconf 58' lang='grc' dir='ltr'>ὑπερκειμένου</span> <span class='ocrx_word' id='word_1_874' title='bbox 2970 5748 3197 5816; x_wconf 74' lang='grc' dir='ltr'>φωτότ,·;</span> <span class='ocrx_word' id='word_1_875' title='bbox 3237 5747 3299 5799; x_wconf 82' lang='lat' dir='ltr'><strong>Ei</strong></span> <span class='ocrx_word' id='word_1_876' title='bbox 3338 5745 3436 5815; x_wconf 81' lang='grc' dir='ltr'>μὲν</span> <span class='ocrx_word' id='word_1_877' title='bbox 3483 5739 3569 5799; x_wconf 76' lang='grc' dir='ltr'><strong>οὖν</strong></span> <span class='ocrx_word' id='word_1_878' title='bbox 3604 5727 3772 5791; x_wconf 81' lang='grc' dir='ltr'>οίκοθέν</span> 
     </span>
    </p>
   </div>
   <div class='ocr_carea' id='block_1_118' title="bbox 2245 5830 3791 5921">
    <p class='ocr_par' dir='ltr' id='par_1_118' title="bbox 2245 5830 3791 5921">
     <span class='ocr_line' id='line_1_118' title="bbox 2245 5830 3791 5921; baseline -0.025 -2"><span class='ocrx_word' id='word_1_879' title='bbox 2245 5856 2394 5903; x_wconf 53' lang='grc' dir='ltr'>τιναῖ</span> <span class='ocrx_word' id='word_1_880' title='bbox 2432 5839 2722 5911; x_wconf 65' lang='grc' dir='ltr'>λογισμοὺς</span> <span class='ocrx_word' id='word_1_881' title='bbox 2765 5840 2980 5911; x_wconf 73' lang='grc' dir='ltr'>διεξῄει,</span> <span class='ocrx_word' id='word_1_882' title='bbox 3012 5839 3375 5909; x_wconf 64' lang='grc' dir='ltr'>ἐκφεύγοντας</span> <span class='ocrx_word' id='word_1_883' title='bbox 3422 5842 3487 5911; x_wconf 74' lang='grc' dir='ltr'>τῇ</span> <span class='ocrx_word' id='word_1_884' title='bbox 3537 5830 3791 5921; x_wconf 34' lang='lat' dir='ltr'><strong>intremit,</strong></span> 
     </span>
    </p>
   </div>
  </div>
