4034 6486
244 401 349 457 829

1351 402 1631 461 CONTRA
1672 404 2058 470 EUNOMlUM,
2100 405 2226 459 LIB.
2270 405 2335 458 Χ.

3391 404 3497 460 830

245 522 342 593 sip:
400 522 508 575 τῶν
556 522 858 578 ἀκουόντων
900 524 1157 591 διάνοιαν,
1201 525 1425 581 δυνατὸν
1465 528 1531 581 ἂν
1575 524 1642 599 ἦν
1694 528 1823 589 ἴσως

1927 526 2157 580 fortasse
2182 526 2359 594 decipi
2381 533 2435 577 et
2463 524 2571 578 falli
2597 524 2935 595 contingeret
2965 525 3184 581 solertia
3209 525 3497 592 sermonis,

243 612 725 683 παρακρουσθῆναι
776 616 843 684 τῇ
888 614 1134 685 περινοίᾳ
1177 613 1267 667 τοῦ
1317 614 1509 683 λόγου,
1553 615 1822 686 διαδιδρά-

242 720 465 766 σκοντος
533 704 789 768 πολλάκις
858 704 953 757 τοῦ
1016 705 1333 776 ἐγκειμένου
1401 708 1671 776 νοήματος
1731 706 1822 757 τὸν

240 793 530 846 ἀκούοντα.
578 794 730 846 Ἐπεὶ
772 794 830 846 δὲ
882 794 951 847 τὰ
1005 795 1123 847 θεῖα
1168 795 1528 865 προϐάλλεται
1583 798 1820 866 ῥήματα,

239 882 460 944 πάντως
512 882 686 945 οὐδεὶς
732 883 1150 954 καταμέμφεται
1182 885 1305 947 τοὺς
1347 884 1442 955 τὴν
1473 883 1823 937 θεόπνευστον

235 972 583 1026 διδασκαλίαν
621 974 757 1026 πᾶσι
793 973 975 1045 κοινὴν
1019 974 1336 1043 προκεῖσθαι
1369 975 1818 1037 πεπιστευκότας.

251 1063 469 1134 Ἐπειδὴ
504 1064 681 1118 τοίνυν
713 1063 873 1135 θύρα,
902 1066 1088 1136 φησιν,
1118 1066 1408 1137 ὠνομάσθη
1436 1068 1463 1120 ό
1497 1066 1717 1136 Κύριος,
1759 1067 1824 1119 ἐκ

234 1155 431 1209 τούτου
488 1157 957 1221 κατασκευάζεται
1010 1159 1071 1211 τὸ
1127 1159 1480 1228 καταληπτὴν
1539 1157 1675 1213 εἶναι
1730 1158 1822 1212 τοῦ

234 1247 375 1302 Θεοῦ
405 1248 504 1320 τὴν
528 1248 713 1303 οὐσίαν
731 1266 745 1279 ο
772 1249 887 1303 ἀλλ’
906 1250 968 1304 οὐ
998 1251 1208 1320 δέχεται
1238 1250 1335 1321 τὴν
1358 1250 1596 1303 διάνοιαν
1620 1249 1823 1320 ταύτην

229 1340 297 1393 τὸ
347 1339 696 1409 Εὐαγγέλιον.
746 1342 925 1412 Αὐτῆς
973 1342 1082 1413 γὰρ
1140 1341 1460 1411 ἀκούσωμεν
1517 1342 1613 1412 τῆς
1677 1341 1825 1403 Θείας

232 1430 457 1499 φωνῆς’
508 1429 656 1498 Ἐγὼ
692 1431 832 1500 εἰμί,
875 1431 1058 1501 φησὶν,
1104 1431 1143 1498 ἡ
1190 1431 1369 1497 θύρα·
1413 1430 1486 1482 δι’
1524 1429 1670 1499 ἐμοῦ
1716 1428 1827 1483 ἐάν

230 1537 326 1586 τις
369 1521 634 1590 εἰσέλθῃ,
696 1522 1058 1591 σωθήσεται,
1106 1520 1202 1575 καί
1250 1522 1676 1584 εἰσελεύσεται,
1726 1520 1825 1574 καὶ

230 1610 656 1675 ἐξελεύσεται,
714 1612 815 1667 καὶ
863 1613 1057 1681 νομὴν
1102 1612 1367 1681 εὑρήσει.
1428 1611 1492 1663 Τί
1534 1612 1710 1663 τοίνυν
1762 1612 1826 1664 ἐκ

229 1702 443 1756 τούτων
476 1704 509 1773 ή
544 1703 746 1772 γνῶσις
790 1703 889 1774 τῆς
937 1702 1121 1766 οὐσίας
1169 1704 1351 1765 ἐστίνς
1407 1702 1672 1756 Πλειόνων
1718 1702 1826 1772 γὰρ

230 1795 406 1848 όντων
455 1793 566 1847 τῶν
613 1794 937 1865 είρημένων,
984 1797 1077 1848 καὶ
1127 1794 1262 1848 ἰδίαν
1306 1796 1536 1850 ἑκάστου
1586 1795 1823 1849 διάνοιαν

232 1885 382 1940 κατὰ
417 1886 477 1940 τὸ
510 1886 905 1957 σημαινόμενον
949 1886 1194 1955 ἔχοντος·
1228 1885 1351 1939 οὐτε
1397 1888 1575 1941 πάντα
1603 1886 1825 1941 δυνατόν

232 1979 355 2032 ἐστι
383 1977 459 2049 τῷ
485 1978 586 2048 τῆς
610 1979 797 2041 οὐσίας
830 1979 1129 2033 ἐντίθεσθαι
1172 1979 1336 2049 λόγῳ,
1372 1980 1446 2043 ὡς
1484 1980 1549 2034 ἂν
1578 1980 1653 2050 μὴ
1684 1980 1825 2051 σύμ-

238 2086 433 2142 μικτον
462 2070 527 2123 ἐκ
561 2070 831 2141 διαφόρων
860 2071 1073 2142 νοηθείη
1111 2072 1171 2125 τὸ
1191 2074 1363 2127 Θεῖον.
1395 2073 1506 2127 Καὶ
1532 2071 1593 2125 τὸ
1625 2072 1825 2142 μᾶλλον

234 2161 444 2233 κυρίως
500 2162 809 2234 ἐφαρμόσαι
857 2162 934 2233 τῷ
990 2164 1332 2235 προκειμένῳ
1376 2164 1694 2234 δυνάμενον,
1725 2164 1825 2216 οὐκ

233 2251 384 2306 εστιν
414 2252 650 2317 εὐκόλως
682 2256 746 2308 ἐκ
775 2255 884 2308 τῶν
907 2256 1340 2327 κατειλεγμένων
1380 2256 1556 2327 εὑρεῖν
1574 2273 1587 2286 ·
1616 2258 1648 2327 ἡ
1686 2255 1824 2326 θύρα

228 2343 259 2395 ό
287 2341 496 2413 Κύριος
514 2359 527 2372 ’
559 2342 639 2395 Δι’
674 2343 843 2409 ἐμοῦ,
873 2345 1058 2415 φησὶν,
1088 2345 1197 2399 ἐάν
1220 2364 1307 2412 τις
1334 2347 1601 2417 εἰσέλθῃ,
1630 2347 1823 2413 σωθή-

227 2448 427 2497 σεται,
471 2432 569 2485 καί
628 2435 1058 2501 εἰσελεύσεται,
1121 2438 1219 2491 και
1274 2436 1678 2500 ἐξελεύσεται,
1726 2438 1825 2491 καί

230 2522 436 2592 νομὴν
458 2522 729 2592 εὑρήσει·
758 2525 856 2597 τὴν
872 2526 1076 2581 εἴσοδον
1100 2528 1341 2598 εἴπωμεν
1364 2528 1485 2582 ἀντὶ¹
1511 2531 1608 2600 τῆς
1639 2530 1824 2594 οὐσίας

227 2612 417 2681 λέγειν
458 2614 642 2677 αὐτὸν,
674 2615 705 2685 ἢ
742 2616 840 2688 τὴν
886 2619 1155 2689 σωτηρίαν
1198 2620 1305 2672 τῶν
1332 2621 1626 2683 εἰσιόντων,
1658 2622 1691 2692 ἢ
1727 2622 1824 2692 τὴν

229 2703 467 2775 νομὴν,ῆ
490 2704 587 2775 τὴν
607 2705 803 2771 ἔξοδον,
835 2707 980 2780 ῆτὴν
1012 2707 1256 2780 εὐρεσιν;
1281 2710 1553 2765 Ἔκαστον
1573 2711 1681 2782 γὰρ
1704 2712 1825 2765 τού-

227 2814 347 2849 των
390 2796 579 2860 ίδιάζει
608 2796 687 2867 τῷ
718 2800 1120 2870 σημαινομένῳ,
1151 2803 1244 2855 καὶ
1268 2803 1330 2855 οὐ
1362 2806 1642 2872 συμφωνεῖ
1686 2804 1823 2873 πρὸς

226 2888 299 2941 τὸ
317 2888 521 2959 ἕτερον.
549 2889 621 2941 Τὸ
645 2888 754 2959 γὰρ
776 2890 925 2953 ἐντὸς
956 2892 1205 2958 γενέσθαι
1230 2892 1305 2963 τῷ
1320 2893 1553 2958 ἐξελθεῖν
1583 2895 1823 2947 ἐναντίον

226 2979 301 3031 ἐκ
349 2977 444 3031 τοῦ
496 2980 785 3051 προχείρου
840 2980 1005 3044 δοκεῖ,
1071 2983 1163 3034 καὶ
1222 2985 1291 3035 τὰ
1347 2982 1482 3036 ἄλλα
1540 2984 1819 3048 ὡσαύτως.

232 3069 403 3123 Ἀλλο
433 3069 541 3141 γάρ
574 3088 625 3123 τι
662 3070 739 3140 τῷ
782 3070 897 3141 ἰδίῳ
943 3071 1085 3143 λόγῳ
1118 3073 1319 3143 ἐστὶνή
1351 3073 1508 3144 νομὴ,
1548 3075 1733 3144 ἕτερον
1766 3074 1824 3127 δέ

224 3181 289 3216 τι
336 3164 488 3235 παρὰ
529 3164 688 3217 τοῦτο
736 3165 769 3235 ή
816 3163 1049 3236 εὕρεσις.
1088 3166 1153 3218 Τί
1198 3162 1291 3221 οὖν
1335 3168 1399 3219 ἐκ
1434 3169 1637 3220 τούτων
1668 3169 1700 3237 ή
1732 3166 1823 3220 τοῦ
1853 3206 1895 3262 C

227 3253 449 3325 Πατρὸς
488 3254 647 3307 οὐσία
682 3255 999 3325 νομίζεται;
1042 3257 1117 3310 Οὐ
1166 3256 1274 3328 γὰρ
1317 3257 1380 3327 δὴ
1425 3258 1493 3311 τὰ
1535 3258 1710 3311 πάντα
1742 3276 1822 3322 τις

226 3344 406 3398 ιίπὼν
458 3343 533 3415 μὴ
585 3345 974 3415 συμφωνοῦντα
1020 3350 1089 3418 τῇ
1148 3349 1391 3420 σημασίᾳ
1426 3350 1559 3420 πρὸς
1596 3351 1822 3421 ἄλληλα,

226 3434 334 3506 τὴν
360 3434 536 3506 ἁπλῆν
571 3453 629 3489 τε
658 3437 750 3490 καὶ
777 3437 1066 3493 ἀσύνθετον
1095 3439 1282 3492 οὐσίαν
1313 3440 1400 3493 διὰ
1425 3442 1532 3493 τῶν
1562 3441 1826 3512 ἀσυμφώ-

226 3544 342 3581 νων
392 3525 705 3592 ἐνδείξεται.
764 3529 887 3592 Πῶς
929 3529 973 3583 δ’
1024 3529 1091 3582 ἂν
1146 3530 1397 3602 άληθεύοι
1444 3534 1471 3584 ὁ
1517 3532 1705 3599 Λόγος,
1743 3534 1823 3588 ὅτι

231 3618 391 3673 Θεὸν
422 3618 617 3685 οὐδεὶς
662 3618 880 3688 ἑώρακε
925 3621 1190 3675 πώποτεο
1244 3623 1357 3686 καὶ,
1393 3624 1494 3675 “Or
1527 3618 1686 3677 εἶδεν
1719 3625 1825 3678 ἀν·

228 3709 483 3779 ορώπων
514 3709 733 3775 οὐδεὶς,
765 3711 903 3765 οὔτε
944 3710 1093 3764 ἰδεῖν
1137 3711 1412 3766 δύναται·
1442 3712 1568 3776 καὶ,
1593 3713 1675 3766 ὅτι
1702 3715 1822 3766 Οὐκ

228 3799 427 3865 ἐστιν,
459 3796 527 3865 ὃς
558 3798 768 3867 ὄψεται
813 3800 1139 3868 πρόσωπον
1178 3801 1399 3869 Κυρίου
1425 3803 1521 3855 καὶ
1551 3800 1787 3867 (noenu
1807 3821 1822 3835 ·

228 3890 397 3961 εἴπερ
430 3889 464 3961 ἢ
496 3890 557 3943 τὸ
598 3890 749 3953 ἐντὸς
780 3891 877 3961 τῆς
911 3892 1080 3964 θύρας
1109 3893 1141 3963 ἢ
1180 3893 1240 3946 τὸ
1286 3895 1440 3957 ἐκτὸς
1464 3893 1563 3964 τῆς
1592 3899 1763 3965 νομῆς
1788 3898 1821 3965 ἡ

230 3980 486 4063 εὕρεσις,
537 3980 693 4035 οὐσία
742 3982 953 4053 Πατρὸς
1002 3983 1317 4053 νομίζεταις
1355 3985 1428 4036 Οὐ
1475 3985 1581 4055 μὴν
1638 3985 1824 4056 ἐπειδὴ

230 4070 398 4125 τοῦτο
431 4070 532 4124 οὐκ
566 4070 732 4133 ἐστιν,
766 4070 933 4141 ἀργόν
980 4088 1039 4123 τε
1087 4072 1181 4124 καὶ
1226 4070 1437 4143 ἄσημον
1470 4073 1563 4126 ἐπὶ
1589 4072 1681 4126 τοῦ
1715 4076 1826 4127 Κυ-

235 4162 358 4235 ρίου
387 4162 447 4215 τὸ
471 4162 643 4233 δνομα
680 4163 779 4233 τῆς
807 4162 977 4233 θύρας
1024 4163 1412 4234 ὐπονοήσομεν.
1453 4165 1690 4235 Ἀληθῶς
1728 4166 1827 4238 γὰρ

229 4254 265 4308 ὁ
309 4253 470 4318 αὐτός
499 4254 615 4306 ἐστι
649 4254 742 4307 καὶ
794 4254 931 4325 θύρα
976 4254 1257 4326 περιοχῆς,
1309 4256 1402 4309 καὶ
1470 4249 1618 4318 οἶκος
1653 4270 1825 4309 κατα-

236 4349 424 4421 φυγῆς
442 4391 459 4418 ,
491 4346 673 4411 καθὼς
701 4349 729 4401 ὁ
753 4347 917 4401 Δαὸὶδ
941 4348 1215 4420 ὀνομάζει,
1246 4350 1341 4403 καὶ
1386 4348 1454 4402 δι’
1477 4348 1672 4403 ἐαυτοῦ
1702 4351 1826 4413 τούς

232 4440 506 4504 είσιόντας
547 4440 778 4512 δέχεται,
826 4441 920 4494 καὶ
969 4443 1027 4494 ἐν
1067 4441 1244 4512 ἐαυτῷ
1282 4444 1406 4507 τοὺς
1434 4442 1579 4496 ἔνδον
1610 4444 1827 4513 γενομέ-

233 4548 361 4595 νους
396 4529 579 4596 σώζει,
604 4530 699 4583 καὶ
728 4530 890 4584 πάλιν
918 4529 983 4583 δι’
1010 4530 1201 4583 ἐαυτοῦ
1233 4532 1369 4602 πρὸς
1396 4531 1493 4602 τὴν
1518 4532 1691 4602 νομὴν
1720 4532 1826 4584 τῶν

233 4620 450 4692 ἀρετῶν
486 4620 737 4691 προάγει.
780 4620 889 4673 Καὶ
939 4620 1116 4674 πάντα
1156 4621 1363 4689 γίνεται
1431 4624 1542 4685 τοῖς
1584 4621 1825 4692 σωζομέ-

234 4728 371 4776 νοις,
430 4710 518 4765 ἴνα
574 4710 788 4780 ἑκάστῳ
833 4710 1139 4781 πρόσφορον
1191 4710 1384 4762 ἐαυτὸν
1444 4711 1674 4779 ποιήσῃο
1736 4710 1827 4761 καὶ

234 4802 377 4867 ὁδὸς,
409 4801 504 4855 καὶ
528 4801 739 4873 όδηγὸς,
764 4802 857 4854 καὶ
881 4800 1017 4871 θύρα
1054 4801 1331 4871 περιοχῆς,
1366 4801 1458 4853 καὶ
1488 4794 1633 4863 οἶκος
1660 4816 1829 4852 κατα-

235 4895 440 4966 φυγῆς,
479 4893 573 4947 καὶ
611 4894 754 4966 ὓδωρ
787 4892 1166 4956 ἀναπαύσεως.
1207 4894 1301 4945 καὶ
1346 4893 1509 4955 τόπος
1552 4893 1735 4963 χλόης,
1763 4894 1828 4962 ἢν

233 4988 296 5041 ἐν
332 4986 412 5057 τῷ
444 4986 757 5057 Εὐαγγελίῳ
785 4985 952 5057 νομὴν
978 4984 1229 5056 ὀνομάζει
1251 5001 1264 5015 ·
1305 4988 1333 5038 ὁ
1375 4985 1431 5038 δὲ
1479 4985 1661 5049 καινὸς
1710 4984 1828 5038 θεο-

234 5079 419 5147 λόγος,
446 5078 533 5132 διά
573 5077 670 5149 τὴν
699 5076 899 5147 γνῶσιν
924 5080 1022 5147 τῆς
1061 5076 1154 5129 τοῦ
1185 5076 1396 5149 Πατρὸς
1420 5077 1627 5141 οὐσίας,
1658 5076 1827 5148 θύραν

233 5171 405 5242 φησὶν
428 5168 742 5240 ὠνομάσθαι
788 5169 879 5222 τὸν
930 5168 1152 5239 Κύριον.
1195 5168 1259 5220 Τί
1306 5164 1398 5221 οὐν
1440 5169 1559 5237 οὐχὶ
1600 5170 1694 5221 καὶ
1728 5170 1825 5239 τὴν

233 5265 468 5335 πέτραν,
501 5263 595 5316 καὶ
622 5261 711 5316 τὸν
747 5260 914 5326 λίθον,
944 5262 1037 5313 καὶ
1065 5260 1163 5332 τὴν
1198 5261 1401 5331 πηγὴν,
1429 5264 1523 5314 καὶ
1555 5262 1613 5314 τὸ
1647 5261 1822 5326 ξύλον,

233 5353 335 5408 καὶ
387 5352 457 5407 τὰ
504 5351 667 5406 λοιπὰ
710 5351 817 5405 τῶν
855 5351 1133 5422 ὀνομάτων
1158 5352 1295 5422 πρὸς
1330 5353 1429 5423 τὴν
1467 5353 1634 5423 αὐτὴν
1677 5353 1824 5406 ἕλκει

231 5448 506 5511 διάνοιαν,
569 5444 647 5508 ὡς
687 5442 756 5499 ἂν
804 5442 882 5514 τῷ
924 5442 1118 5513 πλήθει
1175 5442 1282 5498 τῶν
1341 5443 1642 5497 ἀλλοκότων
1685 5461 1824 5515 μαρ-

233 5538 443 5612 τυριῶν
501 5536 564 5591 τὸ
627 5535 822 5591 ἐαυτοῦ
879 5536 1055 5607 δόγμα
1108 5534 1475 5601 πιστώσαιτο,
1524 5536 1820 5607 δυνάμενος

1922 618 2144 673 notione
2198 617 2447 685 subjecta
2504 616 2809 671 auditorem
2863 631 3005 685 saepe
3066 614 3497 685 praetervolantia.

1924 706 2031 763 Sed
2087 710 2347 777 quoniam
2414 706 2601 760 divina
2661 708 2917 776 proponit
2971 706 3255 769 vocabula,
3316 705 3500 759 nullus

1924 796 2170 868 profecto
2203 798 2387 865 culpat
2417 811 2515 851 eos
2552 796 2648 867 qui
2686 795 2990 849 doctrinam
3037 795 3297 849 divinitus
3331 794 3500 861 inspi-

1924 897 2098 943 ratam
2156 888 2410 943 omnibus
2459 902 2803 941 communem
2854 885 3085 956 proponi
3129 884 3498 940 crediderunt.

1923 980 2191 1046 Quoniam
2221 980 2405 1049 igitur,
2429 979 2525 1043 ait,
2554 977 2815 1033 Dominus
2832 978 3144 1033 nominatus
3167 984 3251 1032 est
3273 976 3498 1037 ostium,

1922 1085 1988 1124 ex
2035 1084 2100 1123 eo
2140 1068 2417 1136 praestruit
2445 1066 2985 1137 compreliensibilem
3033 1082 3156 1122 esse
3183 1065 3278 1120 Dei
3314 1080 3503 1118 essen-

1924 1158 2079 1212 tiam.
2116 1156 2220 1212 Sed
2259 1155 2609 1227 Evangelium
2646 1156 2792 1210 hunc
2835 1170 3056 1210 sensum
3088 1169 3198 1209 non
3246 1152 3498 1207 admittit.

1924 1244 2101 1314 Ipsam
2148 1245 2292 1299 enim
2341 1244 2579 1298 divinam
2620 1259 2807 1298 vocem
2859 1243 3166 1296 audiamus.
3218 1239 3328 1309 Ego
3360 1255 3498 1302 sum,

1925 1336 2123 1405 inquit,
2175 1336 2409 1389 ostium:
2448 1352 2539 1404 per
2585 1350 2665 1388 me
2706 1335 2753 1389 si
2806 1335 2922 1403 quis
2978 1332 3272 1389 intraverit.
3324 1330 3500 1383 salvus

1925 1425 2070 1477 erit:
2102 1433 2150 1476 et
2194 1421 2535 1493 ingredietur,
2582 1433 2630 1476 et
2670 1422 2983 1492 egredietur,
3032 1431 3078 1474 et
3125 1436 3322 1485 pascua
3364 1421 3504 1473 inve-

1926 1512 2032 1565 niet
2067 1512 2107 1564 ⁸.
2158 1512 2237 1564 Ex
2283 1511 2369 1566 liis
2413 1525 2661 1580 quaenam
2717 1510 2914 1564 divinae
2961 1510 3215 1563 essentia:
3264 1508 3503 1578 cognitio

1926 1602 2189 1657 elicitur?
2242 1618 2364 1656 cum
2413 1602 2556 1656 enim
2617 1601 2770 1670 plura
2818 1604 2928 1654 sint
2977 1600 3142 1660 dicta,
3201 1607 3254 1653 et
3310 1598 3503 1651 horum

1926 1694 2179 1762 quodque
2205 1695 2501 1747 secundum
2527 1707 2685 1746 suum
2708 1690 3070 1761 signiﬁcatum
3104 1690 3374 1759 propriam
3401 1687 3502 1739 lia-

1928 1785 2053 1839 beat
2085 1783 2533 1853 intelligentiam;
2563 1798 2737 1851 neque
2772 1783 2953 1837 omnia
2995 1790 3224 1851 possunt
3255 1781 3507 1834 substan-

1859 1868 1898 1924 Β
1929 1875 2015 1927 tize
2047 1873 2247 1926 rationi
2271 1871 2556 1941 applicari,
2587 1886 2656 1925 ne
2689 1871 2821 1941 qttid
2860 1870 3206 1924 commistum
3243 1883 3311 1922 ex
3345 1864 3504 1920 diﬂ‘e-

1928 1964 2179 2018 rentibus
2209 1972 2403 2017 natura
2434 1961 2619 2016 divina
2649 1961 3003 2033 intelligatur.
3032 1958 3097 2014 Et
3118 1959 3261 2029 quod
3288 1957 3506 2029 proprie

1929 2056 2103 2125 magis
2154 2056 2231 2108 rei
2280 2056 2568 2125 propositae
2621 2069 2922 2124 congruere
2971 2061 3169 2124 potest,
3218 2066 3324 2105 non
3380 2050 3507 2103 licet

1926 2144 2086 2199 facile
2122 2161 2187 2199 ex
2218 2145 2461 2200 collectis
2505 2144 2769 2199 invenire.
2843 2143 3105 2198 Dominus
3148 2143 3371 2197 ostium.
3402 2138 3509 2194 Per

1926 2250 2026 2297 me,
2066 2234 2261 2302 inquit,
2297 2236 2344 2286 si
2384 2232 2498 2303 quis
2539 2232 2837 2299 intraverit,
2886 2231 3199 2292 servabitur,
3244 2238 3292 2283 et
3338 2230 3510 2298 ingre-

1925 2326 2121 2391 dietur,
2164 2336 2213 2379 et
2258 2327 2573 2395 egredietur,
2605 2335 2654 2379 et
2677 2341 2876 2393 pascua
2920 2325 3173 2387 inveniet;
3201 2325 3507 2392 ingressum

1927 2417 2227 2472 dixerimus
2257 2431 2358 2487 pro
2398 2417 2635 2471 essentia
2680 2418 2857 2486 ipsum
2906 2415 3112 2478 dicere,
3153 2431 3221 2469 an
3276 2414 3506 2470 salutem

1925 2507 2369 2578 ingredientium,
2404 2509 2487 2562 vel
2523 2523 2807 2577 egressum
2870 2508 2951 2561 vel
2988 2522 3271 2577 pascuum,
3302 2507 3383 2559 vel
3424 2506 3508 2559 in-

1925 2598 2279 2653 ventionem?
2317 2600 2510 2652 horum
2536 2600 2677 2651 enim
2715 2600 2968 2668 quodque
3018 2599 3276 2667 peculiari
3301 2606 3354 2652 et
3386 2613 3511 2667 pro—

1926 2690 2045 2758 prio
2082 2689 2390 2758 signiﬁcatu
2434 2690 2808 2758 distinguitur,
2847 2705 3023 2759 neque
3070 2704 3191 2743 cum
3234 2690 3341 2741 alio
3378 2704 3510 2742 con-

1927 2787 2104 2831 sonat.
2126 2776 2259 2831 Nam
2287 2779 2434 2833 intus
2452 2794 2592 2843 esse,
2615 2780 2664 2833 ei
2697 2780 2839 2847 quod
2872 2790 2953 2834 est
2973 2780 3141 2843 exire,
3174 2780 3508 2834 contrarium

1924 2882 1990 2922 ex
2046 2868 2221 2937 primo
2280 2878 2607 2924 occurrente
2658 2870 2963 2938 signiﬁcatu
3018 2868 3255 2933 videtur,
3301 2877 3355 2923 et
3405 2870 3510 2923 alia

1927 2958 2198 3014 similiter.
2232 2960 2393 3014 Aliud
2418 2962 2561 3015 enim
2588 2972 2671 3015 est
2694 2964 2915 3030 pr0prio
2938 2978 3189 3017 sermone
3222 2977 3507 3031 pascuum,

1928 3051 2075 3105 aliud
2102 3068 2231 3108 vero
2252 3053 2512 3123 quiddam
2544 3064 2735 3123 praeter
2760 3056 2861 3108 hoc
2892 3056 3149 3109 inventio.
3178 3055 3317 3119 Quid
3345 3056 3513 3126 igitur

1929 3161 1994 3199 ex
2017 3146 2101 3200 his
2129 3146 2306 3202 Patris
2334 3149 2574 3202 essentia
2605 3151 2901 3202 censetur?
2928 3147 3109 3218 Neque
3142 3148 3284 3202 enim
3322 3148 3505 3201 omnia

1930 3240 1975 3294 si
2000 3241 2123 3309 quis
2151 3239 2373 3303 dixerit,
2420 3254 2527 3292 non
2570 3239 2712 3292 inter
2753 3255 2811 3293 se
2839 3240 3234 3308 signiﬁcatione
3279 3254 3511 3293 concor-

1931 3333 2137 3397 dantia,
2180 3333 2477 3401 simplicem
2528 3341 2579 3386 et
2606 3332 3022 3398 incompositam
3077 3331 3373 3385 essentiam
3417 3347 3513 3402 per

1932 3426 2046 3479 lirec
2074 3426 2402 3478 inconcinna
2427 3432 2481 3477 ct
2505 3424 2879 3478 discordantia
2913 3424 3176 3477 indicabit
3227 3424 3514 3488 Quomodo

1932 3528 2113 3572 autem
2135 3535 2318 3571 verum
2340 3518 2546 3571 diceret
2570 3533 2771 3581 sermo,
2799 3517 2940 3585 quod
2960 3517 2978 3545 ’
3001 3514 3168 3569 Nemo
3196 3514 3352 3568 Deum
3386 3517 3514 3569 vidit

1932 3626 2206 3680 unquam;
2234 3608 2364 3674 et',
2401 3609 2566 3675 Quem
2620 3609 2885 3663 hominum
2938 3608 3117 3661 nullus
3166 3608 3315 3668 vidit,
3356 3624 3517 3676 neque

1930 3702 2322 3774 potestvidere:
2353 3712 2403 3756 et
2427 3703 2570 3771 qttod
2594 3703 2615 3733 ⁸
2648 3700 2843 3755 Nullus
2868 3704 3013 3763 vivet,
3038 3712 3083 3756 et
3107 3702 3296 3755 videbit
3329 3702 3514 3769 faciem

1932 3797 2191 3851 Domini:
2237 3793 2508 3863 siquidem
2558 3795 2641 3849 vel
2688 3795 2832 3863 quod
2877 3794 3018 3847 intra
3060 3793 3259 3846 ostium
3308 3803 3392 3846 est
3433 3794 3514 3846 vel

1930 3897 2105 3946 extra.
2158 3894 2213 3941 et
2260 3886 2505 3941 inventio
2556 3888 2767 3955 pascui,
2810 3885 3048 3939 essentia
3100 3882 3276 3937 Patris
3326 3882 3516 3936 existi-

1933 3982 2147 4034 matur?
2171 3978 2279 4033 Sed
2316 3978 2572 4047 quoniam
2607 3978 2709 4030 hoc
2743 3991 2849 4029 non
2900 3983 3003 4038 est,
3046 3989 3153 4027 non
3195 3982 3373 4027 tamen
3411 3972 3513 4026 lioc

1938 4086 2137 4125 nomen
2165 4070 2291 4124 ostii
2338 4070 2391 4124 in
2435 4067 2663 4123 Domino
2719 4068 2955 4122 otiosum
2998 4073 3050 4119 et
3097 4063 3513 4134 signiﬁcationis

1933 4176 2129 4231 expers
2161 4160 2584 4230 suspicabimur.
2626 4160 2763 4213 Vere
2793 4159 2937 4213 enim
2971 4158 3089 4227 ipse
3117 4166 3201 4211 est
3229 4165 3282 4211 et
3308 4156 3513 4211 ostium

1933 4253 2384 4316 circumstantiae,
2432 4259 2486 4307 et
2532 4250 2729 4307 domus
2776 4250 2994 4320 refugii,
3026 4250 3167 4305 sicut
3208 4247 3374 4303 David
3416 4263 3515 4303 no-

1935 4345 2163 4407 minat“,
2194 4354 2247 4399 et
2273 4359 2367 4413 per
2396 4358 2457 4397 se
2483 4344 2658 4413 ipsum
2693 4342 3059 4412 ingredientes
3102 4339 3356 4405 admittit,
3383 4348 3436 4394 et
3458 4340 3514 4394 in

1934 4436 2242 4506 seipsohos
2289 4436 2379 4504 qui
2429 4445 2557 4490 sunt
2605 4435 2753 4490 intus
2802 4440 3000 4494 servat.
3058 4442 3111 4488 et
3168 4447 3361 4487 rursus
3418 4447 3515 4502 per

1934 4530 2112 4597 ipsum
2148 4528 2213 4582 ad
2243 4528 2505 4581 virtutum
2531 4541 2734 4597 pascua
2766 4526 2970 4581 educit.
3018 4524 3082 4577 Et
3122 4525 3207 4579 liis
3244 4525 3336 4594 qui
3377 4523 3512 4579 salvi

1940 4624 2097 4684 liunt,
2122 4620 2305 4673 omnia
2338 4619 2416 4681 lit,
2450 4626 2509 4673 ut
2552 4618 2844 4688 unicuique
2888 4619 3129 4688 seipsqu
3166 4618 3512 4672 commodum

1928 4722 1981 4768 et
2010 4712 2267 4766 idoneum
2296 4712 2521 4766 reddat:
2557 4721 2612 4766 et
2638 4712 2747 4773 via.
2795 4719 2850 4765 et
2894 4712 2995 4764 vim
3032 4710 3163 4776 dux,
3211 4718 3265 4764 et
3308 4712 3511 4765 ostium

1928 4803 2375 4867 circumstantiae,
2406 4814 2459 4858 et
2488 4802 2683 4857 domus
2706 4803 2921 4873 refugii,
2944 4812 2999 4857 et
3028 4818 3165 4873 aqua
3192 4803 3420 4872 requiei,
3454 4810 3511 4854 et

1931 4897 2083 4951 locus
2116 4896 2294 4950 herbae
2342 4896 2551 4960 viridis,
2602 4910 2764 4966 quam
2803 4896 2857 4949 in
2901 4894 3194 4964 Evangelio
3246 4908 3507 4963 pascuum

1932 4988 2221 5041 nominat:
2268 4987 2356 5042 ltic
2397 4995 2576 5040 autem
2633 4987 2875 5041 novitius
2923 4986 3234 5055 theologus,
3285 4994 3509 5055 propter

1931 5080 2291 5150 cognitionem
2336 5081 2590 5134 essentia:
2622 5078 2817 5141 Patris,
2849 5079 2924 5131 ait
2971 5078 3257 5131 Dominum
3304 5077 3506 5131 ostium

1932 5174 2222 5227 nominari.
2253 5175 2363 5227 (iur
2388 5173 2683 5227 nonetiam
2717 5186 2902 5239 rupem
2927 5178 2982 5224 et
3014 5170 3266 5239 lapidem,
3298 5179 3351 5223 ct
3387 5168 3510 5221 fon-

1932 5272 2061 5327 tem,
2118 5272 2173 5317 et
2230 5263 2456 5333 lignum,
2508 5273 2560 5317 et
2601 5263 2807 5331 reliqua
2867 5262 3089 5314 nomina
3148 5260 3215 5315 ad
3263 5260 3509 5315 eamdem

1929 5356 2097 5409 trahit
2139 5354 2598 5424 intelligentiam,
2653 5362 2713 5407 ut
2763 5360 3202 5423 portentosorum
3258 5354 3510 5407 testimo-

1926 5447 2143 5501 niorum
2193 5447 2541 5501 multitudine
2591 5461 2750 5500 suum
2798 5445 3055 5515 placitum
3102 5443 3324 5514 probet,
3380 5460 3505 5498 cum

1925 5538 2101 5608 possit
2128 5538 2325 5606 cuique
2365 5537 2556 5591 lioruin
2612 5537 2857 5592 eamdem
2907 5536 3174 5591 rationem
3223 5536 3504 5606 adaptare,

242 5632 465 5701 ἑκάστῳ
484 5630 692 5683 τούτων
720 5628 813 5683 τὸν
836 5628 999 5682 αὐτὸν
1037 5628 1350 5701 ἐφαρμόσαι
1386 5630 1566 5699 λόγον,
1598 5630 1657 5685 ὃν
1698 5631 1825 5702 περὶ

1927 5645 2089 5700 quam
2115 5628 2181 5684 de
2206 5630 2289 5684 via
2318 5638 2372 5686 et
2395 5629 2537 5684 ostio
2565 5637 2618 5685 et
2645 5630 2764 5683 luce
2788 5628 3067 5683 recensuit
3089 5627 3112 5681 ἰ

241 5725 343 5795 τῆς
372 5722 496 5779 ὁδοῦ
543 5722 768 5795 καὶτῆς
796 5719 990 5791 θύρας,
1028 5722 1124 5775 καὶ
1166 5721 1261 5777 τοῦ
1296 5722 1473 5792 φωτὸς
1513 5723 1823 5794 διεξῆλθεν;

130 5866 272 6023 ’ξ

318 5822 339 5859 ¹
370 5823 531 5883 Joan.
556 5840 614 5898 ι,
645 5825 699 5883 9.
773 5828 793 5861 ³
824 5825 981 5887 Joan.
1014 5843 1056 5897 ι,
1089 5824 1176 5882 18.
1236 5823 1547 5898 'l’l‘imoth.
1577 5840 1651 5892 vr,
1690 5825 1775 5880 16.

1927 5824 2051 5881 Exod
2109 5838 2301 5884 xum,
2336 5819 2421 5875 ‘20.
2502 5820 2520 5848 "
2558 5817 2679 5873 Psal
2729 5819 2938 5885 cxn,6.
