4034 6476
650 306 750 361 851

643 508 870 565 edoctus
927 510 1197 571 amrmare
1259 518 1455 584 audeo,
1510 522 1658 590 quod
1717 525 1809 593 qui
1843 540 2010 595 supra
2070 543 2234 583 omne

643 605 729 650 est
763 612 987 666 nomen,
1020 604 1183 661 nobis
1225 606 1415 663 multis
1448 611 1765 666 nominibus
1796 613 2000 667 dicitur
2030 630 2231 670 secum

641 684 771 740 dum
810 691 991 745 varias
1056 700 1110 747 et
1163 696 1364 753 multas
1429 698 1818 756 beneﬁciorum
1869 704 2226 770 diﬂ‘ereutias,

639 775 769 829 dum
800 780 1135 846 nominatur,
1171 783 1266 837 lux
1295 786 1515 855 quidem
1547 804 1671 843 cum
1725 792 2046 861 ignorantiae
2097 796 2229 851 cali-

637 867 818 936 ginem
854 870 1091 940 dispellit
1116 882 1171 927 et
1201 875 1426 931 discutit
1458 896 1473 945 ;
1498 880 1607 934 vita
1634 898 1763 937 vero
1786 898 1909 937 cum
1943 887 2224 943 immorta-

635 956 842 1012 litatem
877 963 1233 1031 gratificatur,
1258 969 1368 1031 via,
1398 983 1519 1022 cum
1547 973 1615 1027 ab
1637 987 1825 1029 errore
1850 977 1914 1030 ad
1942 979 2222 1033 veritatem

634 1058 896 1119 tanquam
930 1067 1093 1108 manu
1118 1056 1304 1126 ducit;
1342 1060 1421 1114 sic
1447 1063 1611 1116 etiam
1646 1067 1814 1120 turris
1856 1067 2221 1134 fortitudinis,

633 1147 688 1194 et
710 1142 903 1198 civitas
936 1147 1355 1216 compiexionis,
1384 1160 1434 1206 et
1491 1154 1634 1218 fons,
1667 1164 1721 1209 et
1754 1173 1940 1228 rupes,
1986 1170 2040 1215 et
2068 1163 2220 1229 vitis,

631 1237 688 1284 et
717 1233 986 1302 medicus,
1042 1245 1095 1291 et
1156 1244 1512 1309 resurrectio,
1542 1255 1597 1299 et
1641 1249 1827 1301 omnia
1880 1250 2009 1303 talia
2043 1253 2221 1307 nostri

630 1324 844 1380 ratione
874 1329 1231 1398 nominatur;
1267 1333 1423 1387 vario
1450 1336 1612 1390 modo
1669 1339 1908 1409 seipsum
1944 1342 2060 1398 suis
2091 1359 2219 1415 erga

628 1428 731 1469 nos
767 1414 1049 1474 beneficiis
1082 1420 1447 1479 distribuens.
1483 1425 1549 1480 lli
1586 1444 1717 1485 vero
1742 1447 1839 1501 per
1862 1433 1976 1490 haec
1998 1436 2219 1491 nomina

626 1507 897 1562 essentias
924 1509 1381 1583 interpretantur,
1414 1520 1506 1587 qui
1539 1534 1706 1590 super
1733 1522 2025 1578 humanam
2057 1537 2215 1582 natu-

625 1610 740 1650 ram
772 1606 936 1656 acute
955 1616 1209 1669 cernunt,
1245 1609 1338 1677 qui
1372 1610 1518 1679 quod
1542 1621 1627 1667 est
1662 1613 2217 1685 incomprehensibile

625 1686 831 1756 vident,
891 1699 946 1746 et
1011 1696 1156 1763 quod
1210 1708 1389 1767 potest
1438 1704 1828 1773 comprehendi
1893 1709 2207 1779 dispiciunt.

621 1777 792 1844 Quem
818 1783 961 1837 enim
980 1801 1156 1855 neque
1178 1788 1460 1846 hominum
1480 1795 1769 1865 quisquam
1790 1798 1925 1852 vidit
1944 1815 2204 1870 unquam,
2239 1784 2284 1841 Β

620 1880 797 1935 neque
848 1880 1029 1941 potest
1064 1876 1266 1944 videre,
1307 1879 1450 1935 hunc
1498 1899 1608 1939 non
1660 1886 1837 1941 solum
1871 1904 1931 1944 se
1985 1891 2204 1958 intueri,

619 1960 715 2013 sed
750 1959 915 2016 etiam
954 1967 1134 2021 metiri
1177 1968 1445 2026 afﬁrmant
1472 1991 1486 2041 ;
1512 1974 1667 2030 fidem
1702 1992 1834 2034 vero
1871 1995 1979 2035 non
2014 1984 2206 2038 anima:

619 2053 781 2107 oculo
803 2064 1053 2122 cernunt,
1079 2062 1224 2129 quod
1251 2062 1468 2133 quidem
1494 2068 1671 2122 solum
1705 2078 1757 2124 et
1790 2080 1988 2127 nostra:
2011 2081 2202 2147 cognt-

615 2140 753 2195 tioni
784 2157 1158 2202 commensum
1182 2158 1235 2206 et
1254 2157 1721 2213 accommodatum
1743 2166 2201 2235 :etcognitionem

616 2238 737 2298 qua:
770 2247 836 2287 ex
864 2237 1168 2294 rationibus
1202 2244 1466 2311 procedit,
1499 2247 1624 2303 huic
1644 2264 1962 2321 praeponunt
1999 2265 2053 2311 et
2084 2257 2202 2327 plu-

611 2321 693 2374 ris
731 2319 957 2378 faciunt.
1018 2325 1109 2381 Sic
1158 2331 1341 2386 audivi
1405 2334 1688 2393 historiam
1723 2319 1861 2399 ﬁlios
1918 2319 2199 2416 Benjamin

612 2424 989 2483 accusantem,
1019 2422 1111 2488 qui
1142 2423 1358 2492 quidem
1384 2427 1449 2481 ad
1483 2430 1652 2499 legem
1682 2448 1789 2487 non
1809 2438 2196 2507 respiciebant,

612 2503 680 2556 ad
736 2507 991 2575 capillum
1051 2519 1229 2566 autem
1290 2518 1485 2585 capitis
1514 2519 1679 2575 funda
1706 2503 2095 2592 jaculabantur
2139 2503 2194 2601 ’ξ

613 2607 890 2661 sermone,
947 2601 1160 2670 Opinor,
1201 2605 1519 2665 dcclarante
1571 2612 1624 2665 in
1675 2629 1734 2669 re
1783 2632 1921 2671 vana
1960 2629 2013 2675 et
2054 2622 2195 2680 futili

610 2684 852 2754 ipsorum
888 2695 1283 2761 occupationen
1319 2700 1505 2768 :quod
1546 2702 1815 2760 inutilium
1848 2719 1901 2764 et
1926 2712 2193 2781 inanium,

608 2793 786 2847 neque
823 2782 1239 2841 subsistentium
1291 2790 1626 2858 jaculatores
1681 2800 1901 2869 quidam
1957 2817 2114 2862 erant
2140 2819 2194 2864 et

614 2870 780 2936 periti
814 2871 1215 2945 collimatores;
1287 2884 1503 2939 utilium
1556 2903 1683 2943 vero
1710 2900 1764 2946 et
1796 2896 2191 2971 manifesteju-

602 2962 847 3016 vantium
884 2965 1120 3037 imperiti
1152 2980 1205 3027 et
1240 2975 1577 3045 neglectores
1632 2999 1646 3035 :
1701 2983 1861 3041 dictis
1889 2992 2031 3044 enim
2060 2962 2192 3049 sub-

604 3051 735 3108 inde
760 3054 910 3111 addit
945 3059 1169 3117 historia
1225 3068 1590 3126 calamitatem
1632 3090 1752 3144 qua:
1797 3079 1933 3150 ipsis
1967 3086 2187 3148 accidit.

597 3146 743 3213 quod
785 3148 853 3203 ad
894 3148 1289 3212 Sodomiticum
1336 3163 1516 3218 scelus
1570 3166 1722 3222 rabie
1782 3146 2063 3237 concitati,
2120 3179 2187 3233 ab

599 3241 875 3300 universis
892 3246 1066 3318 copiis
1090 3248 1373 3307 lsraelitici
1401 3258 1583 3325 populi
1601 3270 1791 3315 contra
1814 3265 1962 3333 ipsos
1989 3273 2184 3325 armati

598 3326 844 3388 funditus
867 3338 1041 3391 eversi
1062 3346 1213 3394 sunt.
1242 3341 1321 3394 Ac
1346 3343 1473 3397 mihi
1500 3346 1711 3401 videtur
1745 3350 2041 3408 humanum
2064 3373 2186 3415 esse

592 3416 906 3487 junioribus
936 3429 1236 3496 sagittariis
1262 3434 1516 3502 suadere,
1554 3454 1623 3493 ne
1648 3452 1837 3496 contra
1887 3446 2053 3514 pilum
2087 3467 2180 3507 ve-

595 3508 697 3563 lint
723 3514 971 3582 sagittam
1011 3531 1141 3572 arcu
1180 3521 1490 3590 immittere,
1523 3530 1724 3583 ostium
1762 3550 1890 3589 vero
1920 3538 2040 3594 fidei
2072 3558 2177 3598 non

596 3600 798 3667 videre,
838 3606 932 3660 sed
981 3617 1040 3662 ut
1070 3611 1259 3668 relicto
1288 3631 1427 3671 vano
1480 3619 1574 3672 illo
1607 3621 1810 3688 labore,
1839 3642 1997 3696 quem
2038 3632 2088 3687 in
2117 3652 2181 3692 eo

594 3692 740 3759 quod
778 3710 885 3750 non
922 3710 1098 3767 potest
1120 3708 1503 3775 comprehendi
1531 3711 1834 3782 insumunt,
1877 3720 2022 3778 illius
2050 3728 2183 3784 lucri
2227 3734 2371 3803 quod
2404 3735 2457 3789 in
2488 3692 2740 3805 promptu
2769 3740 2950 3807 parari
2969 3749 3450 3814 potest,Jacturam
3499 3766 3601 3805 non
3645 3751 3813 3805 faciant

594 3780 736 3814 "una!
769 3798 864 3814 nm-
901 3789 1068 3814 οΛΙη...
1113 3790 1263 3814 ﬂ-l__--
1306 3796 1336 3814 9,
1413 3813 1418 3814 ,
1475 3799 1504 3814 -.

591 3780 736 3849 quod
769 3798 864 3851 per
901 3789 1069 3841 solam
1110 3790 1267 3846 ﬁdem
1306 3796 1599 3856 invenitur.

666 3872 773 3929 Sed
804 3878 1005 3948 reliqua
1029 3882 1207 3940 inanis
1238 3888 1383 3944 illius
1409 3894 1595 3963 scripti
1618 3900 1998 3969 considerans,
2025 3910 2171 3979 piget

588 3982 676 4021 me
715 3983 1021 4026 sermonem
1052 3976 1283 4035 ulterius
1320 3988 1640 4056 provehere,
1678 3992 1904 4051 horrore
1936 4002 2167 4067 quodam

586 4074 651 4112 ex
684 4060 770 4115 his
800 4078 921 4131 qua:
967 4066 1227 4124 dicuntur
1271 4088 1369 4128 cor
1398 4092 1577 4134 meum
1624 4098 2013 4156 procurrente;
2058 4094 2168 4147 vult

584 4150 728 4203 enim
765 4152 909 4207 aliud
944 4156 1200 4225 quiddam
1257 4168 1543 4224 ostendere
1588 4150 1785 4242 prmter
1820 4179 1985 4233 vitam
2013 4190 2169 4237 mter-

583 4257 707 4293 nam
739 4259 858 4298 esse
901 4243 1115 4307 Filium.
1161 4269 1280 4323 qum.
1340 4260 1559 4328 quidem
1621 4266 1726 4319 nisi
1766 4268 1821 4321 in
1877 4271 2167 4342 Unigenito

582 4342 874 4399 spectetur,
916 4353 1051 4391 vana
1082 4342 1212 4397 ﬁdes
1260 4346 1746 4423 demonstrabitur,
1777 4359 1954 4417 inanis
1975 4368 2167 4433 praedi-

581 4421 746 4485 catio,
793 4427 1127 4493 superfluum
1178 4435 1469 4506 baptisma,
1507 4421 1807 4515 martyrum
1858 4421 2067 4511 labores
2114 4465 2168 4512 et
2200 4480 2243 4535 ι)

578 4514 854 4569 cruciatus
889 4518 1167 4576 incassum
1214 4532 1454 4599 suscepti
1506 4541 1559 4587 et
1589 4538 1826 4603 tolerati,
1863 4541 2083 4599 inutiles
2111 4557 2165 4603 et
2202 4514 2241 4535 ν
2270 4554 2418 4606 οὐδὲν
2456 4555 2513 4607 δὲ
2559 4556 2668 4609 τῶν

580 4600 905 4661 infructuosi
964 4611 1245 4670 hominum
1309 4622 1431 4676 vitae
1487 4632 1857 4697 apostolorum
1910 4636 2159 4693 sudores.

576 4692 687 4745 Cur
714 4696 857 4749 enim
891 4698 1167 4759 Christum
1226 4714 1646 4786 annuntiarunt,
1690 4723 1744 4776 in
1801 4740 1908 4793 quo
1944 4737 2161 4784 αξιοι-[ιω

574 4784 718 4848 vine,
749 4794 808 4840 ut
833 4802 1022 4847 censet
1066 4794 1387 4869 Eunomius,
1422 4822 1531 4862 non
1558 4819 1640 4866 est
1670 4819 1952 4883 potestas?
1986 4819 2157 4886 Quor-

573 4889 695 4931 sum
720 4894 817 4937 eos
843 4886 938 4953 qui
982 4890 1352 4960 crediderunt,
1385 4897 1590 4956 Christi
1618 4908 1834 4964 nomine
1857 4913 2149 4981 appellant,

572 4969 617 5024 si
645 4986 753 5027 non
784 4991 879 5045 per
916 4979 1062 5035 hunc
1085 4984 1250 5039 vitam
1303 4997 1557 5046 aeternam
1599 5003 1949 5056 consecuturi
1987 5008 2153 5063 sunt?

576 5058 726 5115 Mens
759 5066 919 5132 enim,
965 5072 1059 5125 ait.
1089 5090 1269 5128 eorum
1296 5081 1387 5147 qui
1414 5082 1469 5135 in
1500 5081 1783 5141 Dominum
1819 5094 2151 5151 crediderunt

569 5166 727 5217 super
763 5171 967 5213 omnem
1019 5165 1315 5221 sensibilem
1361 5178 1410 5223 et
1450 5174 1831 5247 intelligibilem
1871 5189 2151 5242 essentiam

569 5428 738 5493 primo
791 5448 1061 5492 occurrere
1134 5446 1295 5510 potiri
1356 5451 1585 5517 cupiens.
1635 5453 1775 5521 Quid
1850 5462 2022 5533 magis
2086 5466 2140 5521 in

567 5514 652 5573 his
681 5520 840 5578 dictis
868 5526 1179 5599 deplorem?
1231 5552 1297 5591 an
1339 5514 1484 5610 quod
1534 5544 1589 5599 in
1622 5514 1759 5605 Filio
1783 5514 1969 5607 vitam”
1983 5514 2140 5611 teter:

637 5694 859 5757 ‘Judic.
900 5719 991 5773 ιι,
1037 5707 1125 5765 t6.

1867 319 1925 373 s.
1970 317 2297 375 cannon"
2333 318 2627 379 NYSSENI
3778 347 3854 404 εει

717 418 829 489 Ego
858 428 1037 475 autem
1078 438 1109 477 a
1157 423 1444 496 Scriptura
1506 428 1772 488 divinitus
1831 433 2096 504 inspirata
2126 437 2228 492 hoc
2259 442 2307 499 Α

2416 436 2557 506 Ἐγὼ
2594 435 2650 491 δὲ
2693 437 2847 492 τοῦτο
2895 441 3045 512 παρά
3075 443 3170 513 τῆς
3207 442 3556 501 θεοπνεύστου
3590 448 3781 523 Γραφῆς
3798 458 3855 512 ει.

2333 526 2568 596 δαχθεὶς,
2592 528 2807 600 θαρσῶν
2832 531 3201 602 ἀποφαίνομαι
3221 549 3235 563 ·
3269 534 3351 587 ὅτι
3378 538 3406 589 ό
3443 536 3581 608 ὑπὲρ
3607 543 3701 594 πᾶν
3724 544 3853 617 ὗνομα

2331 616 2425 682 ὢν,
2463 620 2592 689 ἡμῖν
2631 620 2979 692 πολυώνυμος
3031 624 3257 691 γίνεται,
3290 628 3429 681 κατά
3473 630 3571 694 τὰς
3601 634 3700 687 τῶν
3738 616 3851 710 εὐερ-

2329 711 2526 775 γεσιῶν
2579 714 2849 778 ποικιλίας
2893 717 3321 787 ὀνομαζόμενος*
3363 720 3477 789 φῶς
3518 722 3631 792 μὲν,
3658 726 3769 779 ὅταν
3790 730 3852 797 ἑξ-

2328 802 2575 868 αφανίζει
2612 805 2709 874 τῆς
2738 806 2959 873 ἀγνοίας
2987 808 3076 861 τὸν
3119 810 3311 878 ζόφον·
3349 812 3467 885 ζωὴ
3512 816 3587 879 δὲ,
3631 820 3746 872 ὅταν
3780 823 3851 893 τὴν

2326 891 2626 947 ἀθανασίαν
2650 897 2950 966 χαρίζεται·
2975 900 3093 963 ὁδὸς
3111 901 3186 963 δὲ,
3220 904 3347 956 ὅταν
3373 907 3504 975 πρὸς,
3525 907 3619 978 τὴν
3646 891 3849 980 ἀλήθειαν

2324 983 2433 1036 ἀπὸ
2490 986 2589 1056 τῆς
2640 988 2846 1058 πλάνης
2890 995 3319 1067 χειραγωγήσῃί
3359 996 3499 1050 οὕτω
3550 1002 3640 1053 καὶ
3687 1005 3851 1075 πύργος

2327 1077 2528 1147 ἰσχύος,
2562 1081 2654 1133 καὶ
2692 1082 2847 1144 πόλις
2893 1086 3171 1154 περιοχῆς,
3225 1088 3318 1141 καὶ
3373 1090 3543 1160 πηγὴ,
3578 1094 3664 1147 καὶ
3696 1098 3847 1169 πέτρα,

2320 1167 2416 1219 καὶ
2444 1168 2703 1237 ἄμπελος,
2750 1174 2845 1226 καὶ
2892 1174 3092 1245 ίατρὸς,
3135 1177 3227 1230 καὶ
3261 1180 3571 1246 ἀνάστασις.
3601 1188 3686 1240 καὶ
3716 1167 3849 1247 πάντα

2322 1258 2389 1310 τὰ
2413 1260 2635 1313 τοιαῦτα
2678 1264 2815 1334 πρὸς
2847 1268 2993 1337 ἡμᾶς
3034 1269 3383 1341 ὀνομάζεται·
3419 1280 3666 1346 ποικίλως
3700 1287 3847 1342 ἑαυτὸν

2322 1351 2443 1412 ταῖς
2496 1351 2791 1423 ἡμετέραις
2840 1357 3177 1428 εὐεργεσίαις
3232 1369 3626 1437 καταμερίζων.
3673 1374 3767 1439 Τὰς
3806 1380 3847 1432 δὲ

2316 1438 2503 1502 οὐσίας
2533 1441 2620 1494 διὰ
2651 1442 2759 1496 τῶν
2794 1446 3073 1515 ὀνομάτων
3102 1453 3490 1525 ἐρμηνεύονται
3534 1460 3582 1512 οὶ
3624 1462 3745 1535 ὑπὲρ
3774 1467 3847 1538 τὴν

2315 1532 2662 1606 ἀνθρωπίνην
2711 1536 2870 1606 φύσιν
2912 1541 3319 1611 όξυωποῦντες,
3378 1550 3429 1603 οἱ
3477 1553 3538 1606 τὸ
3572 1556 3663 1624 μὲν
3686 1532 3846 1613 ἀκατά-

2313 1622 2516 1693 ληπτον
2546 1626 2850 1698 βλέποντες,
2885 1632 2945 1685 τὸ
2976 1634 3032 1687 δὲ
3066 1638 3410 1711 καταληπτὸν
3436 1622 3842 1717 παραϐλέποντες.

2319 1716 2414 1769 Ὃν
2442 1718 2550 1790 γὰρ
2575 1719 2698 1774 οὔτε
2733 1718 2839 1776 εἶδέ
2868 1742 2953 1789 τις
2994 1727 3312 1797 ἀνθρώπων,
3344 1733 3469 1788 οὔτε
3505 1738 3627 1792 ίδεῖν
3650 1741 3842 1812 δύναται,

2313 1806 2501 1861 τοῦτον
2528 1811 2589 1863 οὐ
2627 1812 2785 1881 μόνον
2809 1817 2962 1886 όρᾷν,
2989 1818 3123 1874 ἀλλὰ
3150 1821 3244 1875 καὶ
3291 1831 3511 1898 μετρεῖν
3535 1806 3845 1891 διαϐεϐαιοῦῷ

2308 1911 2430 1947 ται·
2461 1899 2559 1969 τὴν
2582 1899 2638 1953 δὲ
2670 1902 2852 1955 πίστιν
2877 1905 2937 1958 οὐ
2965 1905 3220 1976 βλέπουσι
3251 1912 3329 1983 τῷ
3366 1918 3468 1987 τῆς
3491 1918 3658 1992 ψυχῆς
3684 1926 3844 1993 ὀφθαλ-

2310 1989 2416 2059 μῷ,
2471 1992 2608 2063 ὅπερ
2655 1993 2719 2064 δὴ
2767 1995 2924 2065 μόνον
2985 2000 3295 2075 σύμμετρόν
3353 2008 3472 2062 ἐστι
3527 2015 3587 2084 τῇ
3620 1989 3841 2092 τὴμετέρᾳ

2306 2082 2628 2151 κατανοήσει
2651 2100 2663 2113 ·
2698 2084 2796 2156 τὴν
2842 2088 2908 2141 ὲκ
2964 2090 3073 2144 τῶν
3126 2092 3399 2167 λογισμῶν
3442 2082 3718 2171 ἐπίγνωσιν
3753 2082 3841 2163 ιτὶίί

2304 2171 2538 2240 προσθεν
2580 2173 2782 2244 ταύτης
2807 2178 3137 2249 ποιούμενοι.
3172 2183 3357 2250 Οὕτως
3394 2188 3600 2260 ἥκουσα
3622 2188 3710 2263 τῆς
3735 2198 3841 2252 ἱστο-

2304 2261 2428 2330 ρίας
2456 2262 2565 2315 τῶν
2597 2264 2727 2317 υἱῶν
2783 2267 3040 2340 Βενιαμὶν
3078 2277 3512 2349 κατηγορούσης,
3552 2283 3598 2334 οἳ
3626 2261 3745 2354 πρὸς
3768 2290 3839 2359 μὲν

2301 2354 2392 2406 τὸν
2425 2355 2589 2425 νόμον
2618 2357 2717 2411 οὐκ
2744 2358 2991 2426 ἔϐλεπον,
3032 2365 3171 2418 κατά
3215 2365 3272 2420 δὲ
3308 2371 3497 2441 τριχὸς
3544 2354 3837 2437 ὲτοξάζοντοο

2298 2446 2603 2514 δηλοῦντος,
2651 2446 2825 2520 οἶμαι,
2874 2453 2966 2506 τοῦ
3017 2454 3173 2525 λόγου
3228 2458 3326 2535 τὴν
3377 2464 3509 2535 περὶ
3545 2463 3603 2517 τὸ
3654 2468 3837 2536 μάταιον

2298 2538 2474 2593 αὐτῶν
2502 2539 2756 2609 ἀσχολίαν
2777 2557 2793 2572 ⁸
2826 2544 2907 2596 ὅτι
2940 2545 3051 2598 τῶν
3081 2548 3179 2617 μὲν
3217 2549 3511 2619 ἀνωφελῶν
3546 2556 3633 2608 καὶ
3676 2558 3836 2611 ἀνυπο-

2302 2632 2530 2698 στάτων,
2558 2634 2808 2704 ἐκηδόλοι
2838 2637 2982 2701 τινὲς
3023 2637 3163 2711 ἦσαν
3210 2643 3302 2697 καὶ
3331 2643 3547 2715 εὐφυεῖς
3566 2653 3835 2721 στοχασταί·

2295 2724 2403 2777 τῶν
2435 2724 2489 2777 δὲ
2526 2725 2806 2798 προδήλως
2846 2728 3217 2801 ὠφελούντων,
3263 2736 3498 2807 ἀμαθεῖς
3530 2758 3585 2794 τε
3624 2743 3707 2798 καὶ
3732 2746 3837 2814 ἀμε-

2294 2813 2502 2885 λέτητοι
2523 2832 2537 2845 ο
2570 2817 2765 2886 ὲπάγει
2790 2818 2899 2891 γὰρ
2926 2823 3040 2886 τοῖς
3066 2825 3374 2898 είρημένοις
3404 2833 3611 2906 ἱστορία
3637 2835 3723 2908 τὴν
3745 2813 3836 2890 κατ’

2294 2906 2490 2969 αὐτοὺς
2518 2910 2823 2981 συμφορὰν,
2847 2911 2995 2977 ὅπως
3034 2915 3170 2985 πρὸς
3200 2918 3297 2989 τὴν
3331 2906 3837 2999 Σοδομιτικὴνήπαρσ-

2293 2998 2484 3069 νομίαν
2535 2999 2939 3073 λυσσήσαντες,
3007 3012 3347 3081 πανστρατιᾷ
3394 3013 3490 3067 τοῦ
3552 2998 3835 3089 Ἰσραηλίτου

2292 3090 2420 3146 λαοῦ
2467 3093 2588 3146 κατ’
2636 3094 2815 3149 αὐτῶν
2866 3096 3234 3166 όπλισθέντος,
3282 3102 3739 3180 ὲξεπορθήθησανο
3766 3112 3836 3163 καί

2296 3203 2384 3256 μοι
2415 3185 2562 3238 δοκεῖ
2594 3185 2980 3259 φιλάνθρωπον
3029 3185 3168 3245 εἶναι
3218 3194 3447 3268 γνώμην
3491 3200 3836 3272 εἰσηγήσασθαι

2290 3278 2400 3339 τοῖς
2424 3276 2562 3340 νέοις
2588 3277 2852 3343 τοξόταις,
2896 3279 2972 3351 μὴ
3022 3282 3161 3337 κατὰ
3192 3286 3376 3356 τριχὸς
3428 3289 3626 3345 ἐθέλειν
3655 3294 3835 3358 τοξάζε-

2289 3366 2432 3433 σθαι,
2468 3369 2567 3436 τὴν
2612 3367 2669 3420 δὲ
2720 3368 2889 3440 Θύραν
2936 3371 3010 3442 μὴ
3058 3373 3277 3442 βλέπειν
3329 3380 3431 3451 τῆς
3466 3384 3702 3449 πίστεως,
3728 3384 3835 3439 ἀλλὰ

2286 3458 2560 3529 παρέντας
2611 3458 2710 3530 τὴν
2762 3461 2890 3533 περὶ
2940 3464 3002 3516 τὸ
3047 3464 3286 3537 ἄληπτον
3343 3476 3734 3540 ματαιοπονίαν,
3777 3479 3833 3546 μὴ

2272 3548 2614 3620 «ζημιοῦσθαι
2653 3552 2714 3604 τὸ
2762 3553 3049 3627 πρόχειρον
3095 3557 3303 3630 κέρδος,
3333 3563 3399 3616 τὸ
3446 3564 3533 3619 διὰ
3574 3567 3727 3637 μόνης
3757 3567 3833 3635 τῆς

2290 3642 2525 3705 πίστεως
2560 3641 2971 3715 εὑρισκόμενον.

2353 3912 2513 3966 Ἀλλά
2563 3914 2632 3967 τά
2680 3914 2976 3986 λειπόμενα
3018 3924 3116 3991 τῆς
3157 3922 3520 3997 λογογραφίας
3570 3932 3828 4003 ἐπισκεψά-

2272 4022 2455 4075 μενος,
2491 4004 2635 4058 ὀκνῶ
2666 4012 3003 4078 προαγαγεῖν
3046 4016 3351 4087 περαιτέρω
3400 4020 3492 4072 τὸν
3525 4021 3689 4091 λόγον,
3725 4024 3826 4096 (pp!-

2268 4112 2370 4165 κης
2414 4098 2557 4159 τινὸς
2609 4100 2673 4150 ἐκ
2718 4097 2828 4151 τῶν
2871 4100 3180 4173 λεγομένων
3220 4109 3319 4179 τὴν
3368 4113 3593 4184 καρδίαν
3630 4116 3826 4189 ὑποδρα-

2270 4190 2492 4260 μούσης.
2526 4190 2781 4246 Βούλεται
2820 4194 2928 4268 γὰρ
2962 4196 3088 4250 ἄλλο
3125 4218 3177 4252 τι
3207 4200 3375 4268 δεῖξαι
3424 4207 3572 4277 παρὰ
3608 4210 3699 4280 τὴν
3721 4209 3824 4261 αἰω-

2274 4280 2390 4334 νίαν
2416 4280 2560 4353 ζωὴν
2591 4284 2680 4337 τὸν
2710 4285 2841 4339 Υίὸν
2866 4287 3015 4354 ὄντα,
3055 4290 3176 4361 ἥτις
3198 4294 3246 4345 εί
3283 4294 3355 4365 μὴ
3406 4297 3465 4351 ἐν
3512 4298 3588 4369 τῷ
3621 4300 3823 4367 Μονογε-

2274 4375 2353 4424 νεῖ
2384 4371 2656 4444 θεωροῖτο,
2689 4379 2893 4447 ματαία
2951 4383 3050 4452 μὲν
3091 4386 3123 4454 ὴ
3176 4385 3356 4451 πίστις
3388 4390 3816 4465 ἀποδειχθήσεται,

2274 4464 2426 4517 κενὸν
2480 4466 2534 4518 δὲ
2585 4468 2645 4519 τὸ
2693 4470 2974 4542 κήρυγμα,
3027 4476 3279 4546 περιττὸν
3328 4478 3384 4532 δὲ
3437 4464 3719 4553 βάπτισμα,
3756 4484 3818 4544 εἰς

2714 4560 3005 4631 μαρτύρων
3059 4567 3107 4616 οἱ
3145 4566 3315 4631 πόνοι,
3359 4568 3614 4641 ἄχρηστοι
3647 4570 3697 4624 δὲ
3742 4570 3815 4623 καὶ

2265 4645 2511 4713 ἀνόνητοι
2557 4649 2623 4719 τῇ
2668 4648 2779 4720 ζωῇ
2829 4651 2936 4703 τῶν
2975 4654 3274 4726 ἀνθρώπων
3307 4661 3355 4712 οἱ
3385 4662 3495 4713 τῶν
3543 4663 3814 4717 ἀποστόλων

2264 4734 2503 4804 ἱδρῶτες.
2536 4738 2601 4789 Τί
2628 4740 2736 4809 γὰρ
2766 4743 3129 4813 κατήγγειλαν
3158 4747 3249 4800 τὸν
3273 4749 3527 4820 Χριστὸν,
3568 4755 3623 4807 ὲν
3659 4748 3697 4822 ᾧ
3734 4753 3813 4825 τῆς

2256 4827 2476 4891 αίωνίας
2510 4829 2654 4902 ζωῆς
2688 4835 2807 4885 κατ’
2856 4835 3121 4908 Εὐνόμιον
3164 4841 3262 4893 οὐκ
3308 4843 3454 4897 ἔστιν
3502 4847 3534 4917 ἡ
3576 4847 3807 4917 δύναμις;

2254 4916 2347 4981 Εἰς
2383 4919 2522 4972 τίδὲ
2568 4921 2646 4992 τῷ
2673 4924 2894 4995 ὀνόματι
2947 4929 3184 4999 Χριστοῦ
3231 4934 3357 4998 τοὺς
3418 4916 3808 4996 πεπιστευκότας

2250 5011 2728 5079 κατονομάζουσιν,
2771 5017 2820 5068 εί
2860 5015 3054 5088 μὴδιά
3100 5021 3290 5077 τούτου
3326 5026 3426 5097 τῆς
3465 5029 3680 5090 αίωνίας
3703 5024 3807 5099 μὲλ-

2249 5098 2389 5151 λοιεν
2429 5102 2677 5174 μετέχειν
2718 5105 2901 5178 ζωῆς;
2946 5108 2999 5162 '0
3040 5110 3149 5181 γὰρ
3178 5113 3341 5182 νοῦς,
3392 5120 3553 5189 φησι,
3584 5119 3691 5171 τῶν
3729 5120 3799 5180 είς

2250 5191 2354 5245 τὸν
2390 5195 2607 5261 Κύριον
2639 5203 3140 5268 πεπιστευκότων,
3175 5204 3382 5261 πᾶσαν
3412 5209 3694 5279 αἰσθητὴν
3716 5208 3793 5262 καὶ

2248 5284 2477 5353 νοητὴν
2522 5288 2742 5341 οὐσίαν
2798 5290 3182 5362 ὑπερκύψας,
3228 5298 3370 5377 οὐδὲ
3404 5300 3502 5354 ἐπὶ
3550 5300 3654 5369 τῆς
3714 5296 3800 5353 τοῦ

2260 5376 2396 5429 ΥΙοῦ
2427 5378 2769 5446 γεννήσεως
2801 5384 3085 5440 ἵστασθαι
3126 5376 3423 5465 πέφυκεν
3462 5393 3722 5447 ἐπέκεινα
3746 5389 3799 5442 δὲ

2248 5468 2468 5537 ταύτης
2513 5470 2657 5527 ἵεται
2713 5477 2877 5540 πόθῳ
2916 5475 3025 5547 τῆς
3074 5474 3315 5537 αἰωνΙου
3362 5483 3510 5553 ζωῆς
3554 5479 3798 5551 ἐντυχεῖν

2249 5559 2330 5627 τῷ
2370 5562 2577 5631 πρώτῳ
2617 5567 2992 5638 γλιχόμενος.
3048 5573 3118 5625 Τί
3158 5574 3266 5630 τῶν
3314 5572 3796 5649 εἰρημένωνπλέον
