4034 6490
239 340 347 394 833

1374 300 1655 388 CONTRA
1696 282 2084 396 nuncium,
2126 326 2253 384 LIB.
2296 328 2361 381 Χ.

2528 276 2565 301 (ἰ)

3388 335 3491 390 854

235 454 539 526 ὀδύρωμαι,
570 448 640 505 τὸ
662 451 739 525 μὴ
775 446 916 507 εἶναι
949 451 1049 523 τὴν
1077 449 1300 508 αίωνίαν
1330 449 1474 519 ζωὴν
1501 450 1560 503 ἐν
1595 448 1674 521 τῷ
1709 446 1823 518 Υίῷ

1934 463 2051 517 nam
2075 464 2183 504 non
2212 463 2336 504 esse
2364 446 2547 503 miseri
2578 457 2826 519 censent,
2844 465 2912 505 an
2936 450 3079 521 quod
3106 450 3188 508 sic
3236 453 3493 513 humilem

1891 618 1896 625 ι
1925 549 1979 593 et
2006 539 2356 608 abjectam,et
2384 547 2695 595 terrestrem
2728 542 3024 611 respiciant
3056 541 3331 613 Unigeniti
3358 548 3496 601 sub-

236 549 365 611 τοὺς
396 545 660 612 δειλαίους
706 544 966 617 νομίζειν,
1015 543 1049 615 ἢ
1103 542 1164 613 τὸ
1218 541 1500 614 χθαμαλὴν
1548 540 1691 595 οὓτω
1729 544 1824 597 καὶ

235 639 527 711 πρόσγειον
566 636 783 707 βλέπειν
828 635 926 705 τὴν
974 633 1070 687 τοῦ
1124 631 1458 701 Μονογενοῦς
1508 632 1821 697 ὑπόστασιν,

235 730 380 783 ὥστε
428 729 529 799 τῆς
591 729 765 799 ἀρχῆς
816 725 980 782 αὐτοῦ
1029 729 1141 789 τοῖς
1194 724 1472 796 λογισμοῖς
1509 724 1820 791 ἐπιϐάντας,

237 817 611 889 ὑπερκύπτειν
648 818 761 873 ἀνω
785 818 884 884 τῆς
906 815 1002 869 τοῦ
1035 815 1166 869 Υἱοῦ
1201 814 1346 885 ζωῆς
1376 819 1440 885 τῇ
1482 816 1687 869 ἑαυτῶν
1716 814 1825 869 δια·

236 912 361 983 vei;
387 909 773 981 φαντάζεσθαι.
824 909 917 963 καὶ⁵
960 908 1355 972 καταλιπόντας
1387 909 1537 960 κάτω
1590 923 1693 961 που
1729 906 1823 959 τοῦ

237 1002 452 1071 Κυρίου
485 1001 583 1071 τὴν
611 1000 883 1071 γέννησιν,
918 1000 1174 1053 ἐπέκεινα
1229 998 1430 1069 ταύτης
1479 997 1650 1051 ἵεσθαι
1676 997 1824 1069 πόθῳ

237 1096 342 1166 τῆς
372 1092 589 1145 αἰωνίου
622 1091 791 1162 ζωῆς
814 1090 1026 1161 Ταύτην
1056 1090 1164 1161 γὰρ
1200 1090 1268 1142 τὰ
1289 1088 1555 1159 εἰρημένα
1581 1088 1678 1158 τὴν
1706 1089 1821 1143 διά-

238 1200 393 1237 νοιαν
428 1182 561 1253 ἔχει,
596 1183 676 1234 ὅτι
724 1180 753 1232 6
822 1178 1158 1251 ἀνθρώπινος
1208 1179 1327 1242 νοῦς
1378 1179 1477 1250 τὴν
1518 1178 1626 1232 τῶν
1659 1179 1824 1233 ὄντων

238 1274 446 1341 γνῶσιν
473 1270 906 1343 διερευνώμενος,
938 1271 1031 1324 καὶ
1059 1270 1158 1340 τῆς
1194 1269 1455 1341 αἰσθητῆς
1493 1288 1550 1322 τε
1583 1271 1672 1324 καὶ
1702 1288 1825 1341 νοη-

236 1368 347 1435 τῆς
401 1368 632 1430 κτίσεως
687 1366 877 1420 ἑαυτὸν
925 1363 1158 1434 ὑπάρας,
1217 1363 1339 1417 καθ’
1374 1364 1666 1434 ὁμοιότητα
1715 1363 1823 1415 τῶν

237 1459 467 1524 λοιπῶν,
501 1456 806 1528 κατώτερον
839 1454 1015 1524 ἐαυτῷ
1060 1453 1151 1507 τὸν
1194 1454 1252 1507 ὲν
1289 1454 1428 1525 ἀρχῇ
1481 1455 1608 1508 ὄντα
1654 1455 1823 1523 Λόγον

238 1555 378 1606 Θεὸν
408 1549 720 1619 καταλείψει
742 1567 755 1579 ο
788 1548 883 1601 καὶ
921 1548 977 1600 ἐν
1005 1539 1052 1614 ᾧ
1074 1546 1174 1599 οὐκ
1207 1541 1274 1616 ἦν
1310 1548 1339 1598 6
1368 1546 1498 1610 Θεὸς
1543 1547 1733 1615 Λόγος,
1765 1549 1823 1600 ἐν

240 1644 442 1713 ἐκείνῳ
476 1642 638 1703 αὐτὸς
665 1640 871 1709 γίνεται
904 1637 989 1692 διὰ
1021 1639 1121 1710 τῆς
1162 1639 1690 1710 πολυπραγμοσύνης
1727 1639 1820 1692 τοῦ

240 1738 336 1790 νοῦ
360 1738 471 1798 τοῖς
493 1733 905 1802 ύπερκειμένοις
924 1731 1018 1802 τῆς
1050 1730 1142 1784 τοῦ
1167 1731 1297 1803 Υἱοῦ
1319 1732 1461 1800 ζωῆς
1484 1730 1817 1801 ἐμϐατεύων,

1927 630 2251 695 sistentiam,
2281 631 2358 685 ita
2385 638 2448 685 ut
2492 630 2821 701 principium
2854 634 3040 704 ipsius
3091 636 3289 692 mentis
3320 637 3499 706 agita-

1926 723 2169 778 tionibus
2193 724 2558 794 supergressi,
2581 739 2702 781 sese
2726 725 2983 780 extollere
3009 742 3169 795 supra
3188 725 3310 780 Filii
3332 729 3496 782 vitam

1926 830 2023 870 sua
2056 816 2297 885 ipsorum
2327 815 2657 886 cogitatione
2685 815 2889 886 ﬁngant
2920 825 2973 871 et
3004 818 3293 881 somnient,
3325 825 3378 873 et
3412 835 3499 873 re-

1929 905 2056 959 licta
2106 905 2295 960 nescio
2355 920 2465 975 quo
2527 906 2782 961 deorsum
2857 905 3070 960 Domini
3129 909 3493 976 generatione,

1926 1011 2092 1066 supra
2141 997 2282 1050 hanc
2339 996 2521 1051 θίγω-νε
2585 996 2857 1052 desiderio
2895 998 3020 1051 vitae
3079 998 3332 1053 aeternae?
3369 1001 3501 1068 Qua:

1925 1088 2069 1143 enim
2103 1088 2172 1144 ab
2224 1103 2289 1143 eo
2346 1088 2493 1143 dicta
2544 1098 2673 1144 sunt
2706 1090 2846 1144 hanc
2894 1090 3096 1145 habent
3149 1093 3496 1159 sententiam,

1928 1174 2073 1245 quod
2109 1179 2345 1234 humana
2378 1196 2532 1236 mens
2579 1196 2768 1235 eorum
2797 1197 2918 1251 quze
2960 1188 3088 1238 sunt
3135 1184 3498 1253 cognitionem

1886 1328 1889 1331 λ
1927 1279 2301 1340 perscrutans,
2335 1280 2389 1325 et
2417 1287 2580 1341 supra
2640 1272 2959 1327 sensibilem
3000 1280 3054 1327 et
3104 1274 3497 1344 intelligibilem

1925 1369 2229 1415 creaturam
2257 1376 2377 1417 sese
2403 1377 2525 1417 cum
2560 1362 2772 1428 extulit,
2807 1364 2977 1417 instar
3023 1366 3375 1434 reliquorum,
3408 1366 3497 1419 in-

1924 1450 2174 1505 feriorem
2204 1453 2380 1521 seipse
2406 1470 2527 1507 eum
2574 1454 2667 1521 qui
2711 1455 2765 1507 in
2796 1456 3063 1524 principio
3091 1463 3208 1509 erat
3238 1453 3497 1519 Verbum,

1926 1540 2092 1595 Deum
2132 1544 2400 1612 relinquet
2437 1561 2451 1597 :
2493 1552 2546 1598 et
2570 1543 2622 1596 in
2646 1560 2753 1612 quo
2788 1561 2894 1599 non
2929 1553 3046 1599 erat
3070 1545 3209 1601 Deus
3242 1545 3498 1609 Verbum,

1926 1634 1977 1688 in
2015 1635 2105 1687 illo
2136 1634 2251 1704 ipse
2283 1634 2512 1690 eﬂieitur
2542 1652 2639 1704 per
2668 1638 3042 1691 curiositatem
3077 1638 3295 1699 mentis,
3327 1638 3381 1690 in
3414 1637 3499 1691 his

1925 1740 2043 1793 quae
2072 1722 2191 1777 Filii
2233 1726 2397 1778 vitam
2432 1728 2836 1795 superemineat
2874 1727 3151 1791 incedens,
3198 1729 3306 1782 illic
3342 1737 3501 1781 teter-

239 1831 364 1884 ἐκεί
405 1826 503 1897 τὴν
555 1822 765 1877 αἰώνιον
809 1823 951 1893 ζωὴν
993 1822 1379 1894 ἐρευνώμενος,
1413 1824 1544 1875 ὅπου
1591 1825 1620 1876 6
1655 1824 1825 1876 Μονο-

1934 1830 2056 1869 nam
2091 1816 2251 1870 vitam
2282 1825 2557 1882 scrutaris,
2600 1819 2691 1871 ubi
2728 1816 3049 1888 Unigenitus
3080 1818 3218 1873 Deus
3249 1834 3356 1873 non
3395 1825 3501 1873 est.

239 1918 409 1990 γενὴς
437 1917 570 1979 Θεὸς
600 1915 698 1967 οὐκ
732 1913 898 1967 ἔστιν.
930 1914 1085 1984 Πόθῳ
1122 1913 1229 1985 γὰρ
1263 1917 1363 1984 τῆς
1400 1914 1641 1978 αίωνίας,
1674 1915 1825 1985 φησὶ,

240 2011 391 2079 ζωῆς
428 2009 508 2071 εἰς
533 2006 601 2060 τά
626 2005 879 2060 ἐπέκεινα
912 2004 1005 2059 τοῦ
1036 2004 1164 2057 Υίοῦ
1187 2004 1267 2075 τῷ
1296 2004 1372 2074 νῷ
1400 2003 1642 2076 φέρεται,
1664 2004 1739 2068 ὡς
1772 2006 1828 2057 ἐν

240 2101 324 2172 τῷ
351 2099 465 2169 Υίῷ
491 2097 707 2161 πάντως
740 2097 813 2168 μὴ
852 2095 1026 2166 εὑρὼν
1054 2096 1115 2149 τὸ
1147 2095 1309 2167 ζητού
1318 2112 1494 2165 μενον.
1525 2097 1589 2149 El
1617 2093 1710 2150 οὖν
1729 2096 1830 2150 οὔκ

242 2192 395 2245 ἔστιν
420 2193 479 2244 ἐν
508 2188 585 2260 τῷ
617 2188 733 2259 Υίῷ
773 2190 806 2259 ἡ
855 2187 1070 2252 αἰώνιος
1099 2186 1232 2257 ζωὴ,
1267 2188 1375 2257 ἄρα
1409 2187 1603 2260 ψευδὴς
1622 2187 1829 2244 ἀλῶται

241 2280 485 2345 ὁείπὼν,
524 2280 605 2333 ὃτι
648 2278 795 2349 Ἔνώ
832 2282 949 2348 ειμι
998 2281 1037 2347 ἡ
1086 2276 1227 2348 ζωή·
1274 2279 1308 2350 ἢ
1360 2277 1471 2350 ζωὴ
1521 2279 1618 2349 μὲν
1662 2278 1826 2347 ἔστιν,

242 2374 350 2427 οὐκ
397 2370 612 2435 αἰώνιος
661 2371 738 2425 δέ.
779 2370 940 2424 Ἀλλά
993 2371 1056 2424 τὸ
1111 2369 1186 2441 μὴ
1233 2369 1466 2431 αἰώνιον,
1500 2360 1853 2443 πρόσκαιρον

246 2465 487 2527 πάντως.
521 2462 593 2517 Τὸ
628 2462 686 2517 δὲ
722 2462 933 2517 τοιοῦτο
979 2462 1076 2532 τῆς
1119 2461 1263 2534 ζωῆς
1313 2459 1470 2525 εἶδος.
1517 2464 1690 2516 κοινὸν
1734 2463 1830 2516 καὶ

243 2552 358 2605 τῶν
388 2551 596 2618 ἀλόγων
628 2551 795 2606 ἐστίν.
830 2550 939 2604 Ποῦ
964 2552 1140 2605 τοίνυν
1170 2551 1233 2603 τὸ
1280 2552 1561 2622 μεγαλεῖον
1595 2552 1695 2622 τῆς
1740 2552 1830 2605 6v-

246 2661 359 2706 τως
396 2642 561 2715 ζωῆς,
598 2643 645 2695 εί
678 2645 892 2713 μετέχοι
925 2641 1128 2712 ταύτης
1182 2644 1279 2696 καὶ
1322 2644 1355 2714 ὴ
1403 2642 1595 2712 ἄλογος
1637 2644 1828 2712 φύσις;

249 2735 377 2799 Πῶς
410 2735 465 2789 δὲ
500 2734 692 2788 ταύτὸν
733 2733 882 2788 ἔσται
913 2738 977 2805 τῇ
1018 2733 1128 2805 ζωῇ
1170 2736 1199 2788 6
1242 2735 1418 2803 λόγος,
1455 2737 1504 2788 εί
1541 2738 1606 2807 τῇ
1654 2735 1832 2805 ἀλόγῳ

250 2824 415 2895 φύσει
441 2824 527 2877 διὰ
559 2823 658 2895 τῆς
691 2824 1022 2896 προσκαίρου
1047 2824 1191 2896 ζωῆς
1225 2825 1601 2892 είσοικίζοιτο;
1636 2828 1698 2880 Et
1724 2828 1833 2899 γὰρ

250 2917 396 2973 κατὰ
420 2917 510 2971 τὸν
536 2917 768 2988 μεγάλον
810 2917 1083 2987 Ἰωάννην,
1116 2917 1228 2989 ζωὴ
1275 2919 1374 2989 μέν
1405 2918 1551 2973 ἐστιν
1574 2921 1603 2973 6
1640 2920 1830 2988 Λόγος,

251 3008 589 3079 πρόσκαιρος
615 3007 673 3060 δέ
702 3006 837 3078 αὕτη
865 3009 958 3061 καὶ
982 3008 1081 3062 οὐκ
1117 3009 1349 3072 αἰώνιος,
1377 3009 1558 3074 καθὼς
1584 3013 1649 3081 τῇ
1682 3012 1832 3081 αἰρέ-

253 3116 340 3153 σει
387 3099 558 3153 δοκεῖ·
590 3100 798 3165 γίνεται
824 3100 880 3153 δὲ
918 3100 1013 3153 καὶ
1053 3103 1111 3155 ἐν
1152 3104 1264 3165 τοῖς
1294 3102 1473 3166 ἄλλοις
1506 3105 1539 3174 ή
1570 3103 1832 3174 πρόσκαι-

256 3208 369 3261 ρος,
402 3189 456 3243 τί
493 3190 633 3244 κατά
664 3190 726 3244 τὸ
766 3190 1055 3246 ἀκόλουθον
1098 3193 1553 3265 συμπεραίνεταις
1584 3195 1616 3266 ἢ
1648 3196 1838 3263 λογικά

252 3276 397 3334 εἷναι
437 3278 507 3334 τὰ
551 3279 800 3351 ἀλογα,ἢ
849 3280 1040 3350 ἄλογον
1089 3282 1462 3353 ὁμολογεῖσθαι
1510 3283 1600 3336 τὸν
1645 3284 1835 3351 Λόγον.

253 3370 405 3444 ’Δρα
431 3372 512 3426 ἔτι
540 3372 713 3441 λόγων
742 3372 879 3443 πρὸς
907 3371 1124 3442 ἔλεγχον
1163 3373 1262 3443 τῆς
1307 3372 1589 3441 ἐξαγίστου
1622 3374 1715 3426 καὶ
1746 3390 1839 3426 πο-

251 3464 429 3533 νηρᾶς
461 3463 640 3517 αὐτῶν
679 3462 1023 3533 βλασφημίας
1049 3462 1314 3531 δεόμεθα;
1349 3463 1439 3533 Μὴ
1466 3463 1572 3534 γὰρ
1615 3462 1839 3515 τοιαῦτα

250 3555 543 3626 λεγόμενα,
588 3554 663 3619 ὡς
695 3555 1081 3626 κεκρυμμένην
1105 3553 1246 3623 ἔχειν
1278 3554 1377 3624 τὴν
1410 3552 1717 3623 συμϐουλὴν
1741 3554 1839 3623 τῆς

250 3648 351 3702 τοῦ
378 3647 583 3719 Κυρίου
616 3647 933 3719 ἀρνήσεωςς
972 3646 1033 3697 Εἰ
1073 3644 1181 3715 γὰρ
1213 3645 1459 3715 φανερῶς
1492 3645 1588 3714 μὲν
1615 3646 1644 3697 6
1678 3645 1838 3698 Ἀπό-

255 3740 442 3804 στολος
466 3739 643 3807 λέγει·
667 3742 746 3797 Τὸ
771 3738 845 3810 μὴ
868 3738 1092 3803 ,αἰώνιον
1134 3737 1461 3807 πρόσκαιρον
1482 3752 1496 3766 ’
1527 3728 1671 3789 οὗτοι
1697 3736 1751 3789 δὲ
1780 3737 1838 3789 ἐν

256 3832 396 3904 μόνῃ
424 3834 490 3902 τῇ
514 3831 671 3902 οὐσίᾳ
701 3829 792 3883 τοῦ
822 3829 1034 3899 Πατρὸς
1080 3828 1178 3899 τὴν
1223 3826 1438 3880 αἰώνιον
1464 3826 1631 3896 ὁρῶσι
1673 3826 1834 3897 ζωὴν,

252 3922 345 3975 τὸν
373 3922 430 3974 δὲ
471 3920 597 3974 Υξὸν
635 3920 739 3989 τῆς
783 3919 877 3973 τοῦ
920 3918 1131 3989 Πατρὸς
1164 3917 1376 3986 φύσεως
1407 3917 1835 3987 ἀλλοτριοῦντες,

255 4010 720 4082 συναποτέμνουσι
762 4010 856 4064 καὶ
900 4010 999 4079 τῆς
1050 4008 1267 4062 αἰωνίου
1295 4007 1469 4079 ζωῆς·
1505 4008 1559 4060 τί
1594 4007 1718 4061 ἄλλο
1747 4009 1839 4061 καὶ

252 4106 377 4175 οὐχὶ
404 4104 631 4176 ἄρνησίς
662 4104 778 4156 ἐστι
817 4100 1139 4173 περιφανὴς,
1188 4102 1282 4154 καὶ
1327 4099 1582 4171 ἀθέτησις
1612 4099 1713 4170 τῆς
1760 4101 1839 4163 είς

253 4199 349 4253 τὸν
382 4198 583 4269 Κύριον
617 4197 853 4260 πίστεως
878 4229 893 4254 ,
945 4195 1129 4262 σαφῶς
1170 4192 1263 4247 τοῦ
1298 4192 1620 4246 Ἀποστόλου
1659 4193 1841 4261 λέγον-

254 4309 369 4355 τος,
396 4291 521 4353 τοὺς
548 4289 606 4344 ἐν
632 4291 697 4359 τῇ
726 4287 837 4357 ζωῇ
868 4289 1041 4358 ταύτῃ
1092 4286 1250 4357 μόνον
1277 4286 1334 4338 ἐν
1367 4283 1584 4355 Χριστῷ
1614 4284 1844 4355 ἠλπικό-

1862 3151 1905 3209 C

1932 1907 2211 1962 Desiderio
2264 1908 2431 1971 enim,
2480 1911 2575 1972 ait,
2635 1910 2759 1964 vitae
2798 1920 3012 1967 aeterna:
3064 1926 3225 1981 supra
3258 1920 3310 1966 et
3359 1912 3502 1965 ultra

1932 1996 2126 2051 Filium
2162 2008 2343 2054 mente
2375 1998 2567 2065 fertur,
2604 2011 2663 2054 ut
2700 2002 2788 2069 qui
2828 2004 2881 2055 in
2915 2001 3049 2055 Filio
3082 2018 3306 2071 prorsus
3356 2000 3500 2071 quod

1932 2093 2209 2158 quau-itur.
2237 2108 2346 2146 non
2390 2094 2680 2148 invenerit.
2727 2093 2783 2147 Si
2810 2093 2975 2163 igitur
3009 2108 3113 2147 non
3158 2102 3243 2147 est
3283 2093 3339 2147 in
3366 2091 3502 2146 Filio

1930 2182 2040 2233 vita
2066 2190 2292 2245 aeterna,
2341 2183 2571 2238 mendax
2611 2183 3031 2254 deprehenditur
3087 2186 3175 2240 ille
3216 2186 3307 2255 qui
3343 2185 3499 2246 dixit,

1936 2270 2043 2342 Ego
2113 2289 2228 2328 sum
2287 2275 2393 2327 vita
2425 2276 2480 2340 ’ς
2553 2277 2635 2330 vel
2693 2277 2803 2329 vita
2857 2276 3073 2347 quidem
3125 2286 3231 2339 est,
3265 2277 3358 2333 sed
3395 2293 3504 2331 non

1932 2373 2150 2419 aeterna.
2180 2364 2248 2418 At
2274 2365 2417 2434 quod
2453 2381 2561 2422 non
2610 2375 2872 2421 aeternum
2903 2378 3007 2432 est,
3035 2369 3223 2437 procul
3244 2368 3409 2423 dubio
3436 2369 3506 2421 ad

1933 2464 2147 2524 tempus
2184 2464 2269 2511 est
2325 2464 2380 2512 et
2441 2467 2902 2516 momentaneum.
2938 2458 3087 2515 Talis
3137 2466 3318 2515 autem
3380 2462 3511 2515 vita?

1933 2548 2143 2616 Species
2165 2549 2473 2603 communis
2492 2559 2573 2603 est
2596 2550 2916 2605 helluarum.
2941 2550 3172 2606 Ubinam
3204 2552 3368 2621 igitur
3381 2555 3506 2608 vitae

1933 2652 2073 2691 verae
2138 2639 2513 2708 praerogativa,
2576 2640 2621 2695 si
2654 2640 2773 2709 ejus
2824 2643 3097 2710 particeps
3150 2651 3234 2698 est
3275 2643 3507 2699 rationis

1933 2738 2128 2792 expers
2151 2725 2369 2779 natura?
2395 2727 2666 2796 quomodo
2690 2727 2924 2783 Verbum
2946 2731 3084 2784 idem
3108 2732 3344 2787 eritcum
3362 2735 3468 2788 vita
3486 2752 3504 2789 :

1935 2814 1980 2869 si
2010 2830 2133 2869 cum
2166 2817 2392 2872 rationis
2420 2828 2637 2887 experte
2691 2829 2905 2885 natura,
2942 2836 3037 2891 per
3069 2822 3233 2877 vitam
3273 2839 3394 2893 qua:
3422 2835 3506 2880 est

1936 2906 2000 2959 ad
2054 2914 2270 2977 tempus
2318 2909 2371 2961 in
2426 2908 2669 2964 eamdem
2696 2910 2914 2965 domum
2971 2913 3391 2970 iutroducatur?
3447 2916 3505 2971 Si

1934 2998 2101 3062 enim,
2137 3009 2195 3053 ut
2233 2998 2310 3052 ait
2342 3014 2571 3070 magnus
2598 3000 2838 3057 Joannes
2869 3004 2891 3035 ⁸
2922 3041 2938 3066 ,
2976 3004 3085 3057 vita
3140 3006 3359 3073 quidem
3424 3018 3510 3063 est

1939 3086 2195 3154 Verbum,
2247 3091 2561 3160 temporalis
2588 3102 2767 3147 autem
2802 3094 2916 3148 haec
2964 3110 3065 3149 nec
3097 3104 3319 3162 interna,
3366 3098 3508 3153 sicut

1940 3180 2131 3235 haeresi
2160 3180 2376 3236 videtur
2412 3200 2426 3236 :
2456 3182 2695 3252 gignitur
2736 3192 2915 3239 autem
2963 3186 3125 3239 etiam
3149 3186 3205 3240 in
3246 3187 3368 3242 aliis
3397 3190 3508 3243 vita

1941 3272 2007 3325 ad
2066 3282 2299 3341 tempus,
2332 3273 2464 3342 quid
2510 3289 2573 3328 ex
2636 3285 3004 3343 consequente
3059 3278 3508 3335 coniicitur?vel

1940 3364 2098 3418 bruta
2163 3380 2285 3420 esse
2333 3365 2562 3421 rationis
2593 3368 2833 3436 capacia,
2866 3370 2952 3422 vel
2994 3366 3229 3424 Verbum
3260 3372 3509 3427 conliteri

1940 3454 2166 3511 ratimiis
2198 3470 2414 3525 expers.
2471 3455 2553 3510 An
2583 3456 2762 3511 adhuc
2805 3459 3108 3514 rationibus
3132 3458 3199 3512 ad
3226 3461 3512 3515 refutatio-

1940 3560 2061 3599 nem
2090 3560 2277 3599 eorum
2309 3545 2568 3614 improba:
2599 3554 2653 3600 et
2684 3547 2964 3602 sceleratae
3014 3549 3363 3619 blasphemiae
3382 3552 3514 3607 indi-

1939 3635 2432 3707 gemus?Nunquid
2455 3637 2596 3691 enim
2624 3638 2751 3692 talia
2779 3654 2903 3693 cum
2931 3640 3209 3707 dicuntur,
3232 3643 3312 3698 sic
3336 3646 3514 3698 occul-

1942 3738 2051 3782 tum
2113 3730 2314 3784 habent
2365 3731 2655 3785 consilium
2713 3731 3089 3800 abnegationis
3145 3732 3405 3789 Domini?
3452 3735 3511 3790 Si

1939 3821 2084 3873 enim
2130 3832 2314 3890 aperte
2361 3822 2576 3892 quidem
2611 3822 2745 3876 dicit
2795 3822 3089 3892 Apostolus
3127 3843 3139 3879 :
3196 3825 3351 3891 Quod
3402 3842 3512 3880 non

1939 3919 2199 3965 aeternum
2247 3920 2331 3967 est
2378 3920 2820 3969 momentaueum
2891 3923 2975 3969 est
3035 3933 3047 3969 :
3086 3917 3176 3972 isti
3219 3925 3395 3972 autem
3454 3920 3511 3972 in

1941 4004 2055 4059 sola
2094 4002 2270 4057 Patris
2299 4005 2536 4060 essentia
2569 4006 2733 4060 vitam
2767 4014 3026 4062 aeternam
3060 4008 3276 4075 vident;
3314 4009 3509 4064 Filium

1938 4112 2067 4151 vero
2106 4112 2134 4149 a
2156 4095 2334 4151 Patris
2361 4105 2553 4150 natura
2581 4098 2709 4151 dum
2750 4100 3062 4153 abalienant
3092 4108 3145 4153 et
3203 4100 3273 4154 ab
3304 4113 3510 4157 aeterna

1938 4188 2047 4241 vita
2078 4187 2439 4242 abscindunt:
2473 4190 2599 4260 quid
2630 4188 2731 4244 hoc
2759 4190 3004 4244 alludest
3036 4206 3200 4261 quam
3222 4192 3514 4249 manifesta

1941 4281 2155 4351 negatio
2182 4289 2235 4333 et
2294 4287 2641 4351 contemptus
2683 4280 2805 4334 ﬁdei
2860 4282 2912 4335 in
2972 4282 3259 4337 Dominum
3297 4318 3312 4343 ,
3387 4298 3515 4340 cum

256 4398 359 4445 τας
391 4380 785 4442 ὲλεεινοτάτους
836 4378 1087 4431 ἀπάντων
1130 4373 1298 4448 alvom;
1344 4377 1403 4429 El
1446 4372 1538 4430 οὖν
1584 4376 1695 4449 ζωὴ
1744 4377 1832 4447 μὲν

1941 4383 2124 4442 aperte
2145 4372 2286 4427 dicat
2309 4373 2600 4442 Apostolus
2624 4373 2643 4403 ’
2680 4411 2695 4435 ,
2737 4388 2832 4428 eos
2860 4374 2953 4443 qui
2982 4375 3035 4428 in
3067 4375 3167 4429 hac
3205 4376 3314 4430 vita
3336 4376 3516 4431 solum

258 4472 484 4545 Κύριος,
513 4472 613 4525 οὐκ
644 4469 858 4532 αἰώνιος
902 4469 982 4533 δὲ,
1017 4469 1345 4539 πρόσκαιρος
1379 4469 1595 4532 πάντως
1631 4470 1776 4522 ἐστὶν
1805 4471 1832 4540 ἡ

1944 4464 1997 4517 iu
2024 4464 2241 4520 Christo
2294 4473 2670 4535 speraveruut,
2716 4466 2957 4520 omnium
2999 4483 3121 4522 esse
3154 4469 3523 4525 miserrimos?

258 4559 375 4630 ζωὴ
402 4562 494 4614 καὶ
508 4562 541 4630 ή
562 4560 856 4630 ἐφήμερος,
884 4559 918 4628 ἡ
947 4557 1090 4611 κατά
1116 4557 1207 4610 τὸν
1227 4557 1467 4627 παρόντα
1488 4556 1677 4629 χρόνον
1694 4560 1832 4630 ἐνερ-

1947 4554 2003 4609 Si
2060 4556 2223 4626 igitur
2278 4557 2385 4610 vita
2438 4556 2655 4625 quidem
2708 4567 2792 4611 est
2838 4557 3121 4623 Dominus,
3172 4576 3281 4615 non
3336 4570 3518 4615 autem

258 4650 522 4724 γουμένη,
555 4652 590 4724 ἢ
635 4652 760 4713 τοὺς
804 4650 1117 4715 ἐλπίζοντας
1144 4651 1172 4702 6
1211 4649 1529 4713 Ἀπόστολος
1573 4649 1841 4704 κατοικτίο

260 4744 435 4809 ζεται,
459 4742 536 4807 ὡς
563 4745 659 4813 τῆς
686 4741 946 4812 ἀληθινῆς
983 4741 1403 4812 ἀφαμαρτόντας
1428 4741 1591 4812 ζωῆς.

345 5007 507 5061 Ἀλλά
542 5006 648 5078 μὴν
674 5003 861 5059 τοῦτον
902 5002 1183 5079 διαϐάντες
1207 5003 1258 5056 οἱ
1295 5004 1412 5057 κατ’
1445 5003 1710 5075 Εὐνόμιον
1737 5022 1837 5057 περ

261 5099 615 5170 φωτισμένοι,
644 5099 723 5160 εἰς
749 5097 840 5151 τὸν
868 5095 1133 5153 ἐπέκεινα
1152 5095 1245 5149 τοῦ
1269 5094 1400 5149 Υἱοῦ
1425 5098 1537 5159 τοῖς
1563 5095 1840 5166 λογισμοῖς

261 5193 550 5264 φέρονται,
586 5191 644 5243 ἐν
689 5188 768 5260 τῷ
809 5187 929 5255 ἔξω
958 5186 1052 5240 τοῦ
1097 5185 1432 5255 Μονογενοῦς
1486 5186 1840 5259 θεωρουμένῳ

260 5283 362 5352 τὴν
392 5280 607 5334 αἰώνιον
656 5276 1048 5348 ἀναζητοῦντες
1090 5274 1259 5347 ζωήν.
1288 5278 1352 5331 Τί
1386 5277 1490 5349 χρὴ
1522 5278 1699 5347 λέγειν
1747 5280 1839 5332 ἐπὶ

263 5373 373 5427 τῶν
413 5372 669 5426 τοιούτων
700 5368 887 5425 κακῶν
943 5368 1068 5422 ἄλλο
1110 5368 1246 5439 πλὴν
1275 5368 1324 5421 εί
1350 5385 1403 5422 τι
1446 5368 1637 5440 θρῆνον
1680 5372 1843 5423 ἐκκα-

262 5464 437 5517 λεῖται
463 5464 556 5517 καὶ
572 5463 835 5534 δάκρυον;
860 5463 924 5514 Ὢ
950 5460 1066 5523 πῶς
1087 5459 1151 5512 ἂν
1183 5459 1633 5530 ἐπιστενάξαιμεν
1652 5466 1716 5532 τῇ
1740 5462 1844 5516 δει-

262 5556 394 5627 λαίᾳ
424 5554 596 5627 ταύτῃ
629 5552 723 5608 καὶ
751 5553 957 5623 ἐλεεινῇ
990 5540 1171 5621 γενεᾷ,
1205 5550 1460 5603 τοιούτων
1491 5552 1675 5605 κακῶν
1708 5553 1848 5621 ἐξεν-

342 5735 361 5767 ⁷
390 5733 552 5790 Joan.
586 5748 729 5805 xuii,
756 5732 809 5789 6.
885 5733 906 5766 ⁸
935 5730 1091 5787 Joan.
1127 5748 1165 5795 i,
1202 5733 1255 5788 4.
1333 5732 1353 5764 ⁹
1381 5731 1401 5785 ι
1428 5731 1554 5787 Cor.
1596 5746 1687 5799 xv,
1724 5730 1809 5788 i9.

1942 4658 2165 4709 :eterna,
2224 4648 2379 4715 plane
2424 4656 2508 4703 est
2569 4656 2953 4703 momentanea
2986 4650 3092 4703 vita
3138 4652 3303 4706 etiam
3353 4654 3516 4706 unius

1943 4738 2074 4803 diei,
2103 4754 2225 4807 quae
2253 4739 2552 4793 secundum
2589 4754 2830 4810 praesens
2887 4749 3098 4810 tempus
3148 4758 3373 4797 munere
3416 4758 3518 4798 suo

1945 4830 2205 4899 fungitur,
2239 4832 2320 4886 vel
2371 4840 2659 4902 sperantes
2686 4834 2982 4901 Apostolus
3024 4832 3225 4888 misere
3246 4832 3515 4903 deplorat,

1946 4930 2004 4975 ut
2034 4922 2125 4990 qui
2158 4937 2284 4977 vera
2314 4924 2424 4976 vita
2442 4922 2762 4978 exciderint.

2016 5012 2404 5068 Verumtamen
2471 5014 2563 5083 qui
2620 5016 2922 5070 secundum
2980 5014 3310 5069 Eunomium
3392 5013 3518 5066 illu-

1946 5103 2134 5157 minati
2165 5111 2315 5169 sunt,
2359 5104 2504 5158 hunc
2554 5106 2917 5175 supergressi,
2953 5105 3019 5158 ad
3079 5104 3171 5158 illa
3216 5117 3338 5173 qua:
3392 5111 3521 5157 sunt

1947 5210 2111 5263 supra
2163 5193 2361 5249 Filium
2403 5198 2599 5251 mentis
2656 5196 2775 5250 acie
2817 5194 3135 5261 eﬂ'eruntur,
3157 5194 3211 5248 in
3261 5208 3326 5248 eo
3373 5196 3519 5264 quod

1948 5295 2104 5339 extra
2133 5283 2488 5356 Unigenitum
2546 5294 2847 5356 spectatur,
2899 5294 3160 5340 mternam
3209 5293 3520 5357 quzerentcs

1951 5381 2134 5432 vitam.
2172 5378 2311 5445 Quid
2351 5379 2405 5433 in
2436 5379 2635 5434 talibus
2693 5379 2853 5433 malis
2907 5378 3051 5433 aliud
3089 5386 3173 5433 est
3227 5378 3519 5433 dicendum

1953 5483 2116 5536 quam
2160 5468 2205 5523 si
2256 5466 2388 5540 quid
2416 5467 2482 5522 ad
2542 5468 2840 5521 lamentum
2874 5476 2927 5521 et
2973 5467 3245 5538 lacrymas
3289 5465 3524 5519 excitat?

1956 5558 1999 5613 Ο
2032 5560 2309 5629 quomodo
2346 5557 2797 5631 ingemuerimus,
2826 5559 2881 5613 in
2912 5559 3013 5615 hac
3042 5554 3243 5614 infelici
3269 5562 3323 5613 et
3350 5553 3531 5612 mise—
