4034 6472
599 242 708 299 835
1546 254 1609 292 ο

1832 244 1889 299 S.
1929 238 2258 299 GREGORII
2294 239 2584 298 NYSSENI
3722 254 3803 311 εκ

602 358 758 413 rabili
788 358 1161 429 generatione,
1202 374 1323 430 qam
1369 360 1490 415 .alia
1531 358 1739 415 invexit
1769 359 1939 415 mala!
1975 358 2165 425 Quon-

2276 357 2511 429 εγκούσῃ
2567 355 2785 428 φοράνί
2825 354 3123 428 Ἐθρήνησέ
3167 373 3296 411 ποτε
3349 360 3442 414 τὸν
3508 363 3806 439 ἰσραηλίτην

601 452 723 504 dam
746 449 1012 505 Jeremias
1038 452 1154 505 zelo
1192 465 1481 517 accensus,
1523 450 1882 507 lsraeliticum
1910 451 2168 521 populum

601 540 905 610 deploravit
947 541 1287 605 lamentans,
1342 557 1465 596 cum
1516 540 1791 596 Jechonia:
1848 539 2171 595 idololatria

602 631 728 686 duci
758 631 1061 696 consensit,
1108 639 1164 686 et
1208 647 1311 703 pro
1349 632 1549 686 violata
1608 631 1876 685 scelerate
1909 631 2172 700 religione

604 723 657 777 in
693 724 1064 792 captivitatem
1105 722 1171 777 ad
1204 722 1460 793 Assyrios
1489 722 1839 777 condemnati
1892 728 2042 784 sunt,
2075 736 2171 775 ex-

602 822 780 869 torres
811 830 841 868 e
890 814 1225 877 sanctuario,
1267 821 1321 868 et
1372 822 1591 882 patrum
1622 814 1941 866 haereditate
1980 811 2169 881 procul

603 906 819 974 dejecti.
863 905 984 960 llaec
1003 906 1239 959 lamenta
1276 905 1408 958 mihi
1440 919 1587 958 nunc
1617 906 1877 959 videntur
1916 905 2170 973 proprius

603 1010 657 1053 et
685 999 1095 1053 convenientius
1124 1006 1364 1059 cantare,
1393 998 1611 1067 quando
1641 996 1913 1053 Jecbonia:
1935 997 2171 1051 imitator

604 1092 671 1145 ad
708 1092 847 1144 hanc
880 1106 1071 1145 novam
1119 1089 1441 1143 idololatriae
1476 1090 1715 1159 speciem
1745 1088 2005 1143 delinitos
2041 1088 2169 1143 abs-

605 1182 805 1243 trahit,
860 1196 888 1234 a
939 1189 1161 1249 paterna
1209 1181 1545 1243 haereditate,
1589 1180 1641 1232 id
1693 1188 1779 1233 est
1820 1179 1946 1240 ﬁde,
1992 1186 2173 1232 exter-

604 1273 841 1326 minans.
878 1270 1084 1337 Quibus
1113 1270 1404 1325 admodum
1443 1269 1748 1324 secundum
1784 1268 2067 1322 historiam
2103 1266 2170 1320 ad

605 1362 926 1432 Babylonios
945 1362 1001 1414 lit
1022 1361 1453 1430 transmigratio,
1512 1376 1540 1412 a
1583 1375 1820 1429 superna
1849 1357 2169 1421 Jerusalem,

607 1454 709 1506 hoc
739 1461 842 1513 est,
876 1467 904 1504 a
948 1452 1037 1504 Dei
1094 1451 1340 1506 Erclesia
1372 1451 1437 1505 ad
1470 1451 1610 1506 hanc
1644 1450 2023 1505 confusionem
2057 1466 2174 1505 sce-

607 1539 901 1593 leratorum
937 1540 1261 1608 placitorum
1310 1540 1854 1609 transmigrantibus.
1905 1539 2171 1595 Co'nfusio

605 1630 751 1683 enim
793 1630 1033 1700 Babylon
1087 1631 1539 1699 interpretatione
1591 1634 1934 1701 explicatur:
1984 1642 2038 1689 et
2084 1651 2172 1689 sc-

607 1720 846 1775 cundum
880 1722 1189 1775 mutilatum
1229 1720 1571 1791 Jechoniam,
1622 1732 1675 1777 et
1721 1725 1807 1778 hic
1845 1734 2037 1793 sponte
2075 1739 2173 1780 sua

608 1810 749 1866 lucis
783 1812 1015 1866 veritate
1042 1812 1307 1881 privatus,
1340 1813 1516 1868 factus
1544 1823 1626 1868 est
1648 1816 1826 1884 praeda
1858 1823 1909 1869 et
1937 1815 2172 1886 spolium

605 1900 887 1973 Babylonii
930 1905 1175 1973 tyranni:
1230 1906 1355 1973 quia
1402 1921 1507 1957 non
1556 1906 1747 1960 didicit
1799 1906 1985 1968 miser,
2029 1905 2173 1975 quod

604 1994 771 2047 vitam
801 2003 1059 2047 aeternam
1094 2010 1158 2049 ex
1188 2010 1343 2064 tequo
1364 1997 1416 2049 in
1446 1995 1605 2051 Patre
1629 2008 1681 2051 et
1715 1996 1851 2051 Filio
1874 2007 1927 2052 et
1959 1997 2170 2068 Spiritu

607 2094 797 2138 saneto
840 2086 1106 2155 inspicere
1130 2086 1288 2140 docet
1330 2086 1705 2157 Evangelium;
1743 2089 1810 2143 de
1850 2088 2013 2144 Patre
2043 2089 2170 2158 qui-

606 2174 729 2229 dem
754 2177 835 2231 sic
864 2177 1078 2231 dicente
1118 2194 1391 2243 sermone,
1430 2178 1576 2248 quod
1626 2180 1803 2248 ipsum
1838 2194 2176 2249 cognoscere

607 2275 811 2321 :eterna
850 2275 933 2322 est
959 2269 1065 2321 vita
1098 2269 1174 2335 ‘°;
1213 2269 1280 2323 de
1311 2269 1449 2323 Filio
1480 2278 1684 2335 autem,
1712 2270 1853 2340 quod
1884 2272 2061 2325 omnis
2082 2272 2175 2339 qui

605 2360 781 2414 credit
817 2360 869 2413 in
901 2360 1077 2428 ipsum
1108 2360 1271 2413 habet
1313 2362 1480 2414 vitam
1513 2370 1772 2416 aeternam
1819 2362 1899 2427 ¹¹;
1950 2362 2016 2415 de
2050 2362 2175 2430 Spi-

606 2452 713 2505 ritu
740 2459 950 2514 sancto,
1001 2451 1148 2521 quod
1179 2453 1229 2506 ei
1269 2453 1361 2522 qui
1392 2454 1623 2522 gratiam
1654 2454 1887 2522 accepit,
1915 2455 2021 2507 erit
2055 2454 2177 2507 fons

606 2559 762 2613 aqua:
808 2545 1052 2600 salientis
1093 2544 1147 2598 in
1180 2545 1345 2598 vitam
1401 2553 1657 2598 mternam
1714 2547 1775 2598 ¹¹.
1810 2546 1949 2615 Ergo
1998 2548 2177 2601 omnis

606 2636 698 2705 qui
750 2634 1023 2687 desiderat
1075 2634 1241 2687 vitam
1314 2645 1595 2700 aeternam,
1643 2646 1932 2707 postquam
1982 2648 2177 2693 nactus

606 2724 710 2778 erit
736 2722 952 2786 Filium,
974 2738 1160 2777 verum
1187 2724 1311 2778 dico
1342 2734 1519 2779 etnon
1549 2725 1976 2789 falsinominem,
2005 2738 2175 2782 totum

608 2816 810 2869 invenit
863 2818 916 2868 in
960 2816 1081 2885 ipso
1128 2817 1273 2886 quod
1333 2818 1553 2886 quidem
1614 2817 1992 2886 desideravit;
2052 2823 2177 2888 quia

604 2914 659 2961 et
694 2907 807 2975 ipse
839 2915 923 2960 est
964 2908 1095 2970 vita,
1124 2919 1179 2962 et
1223 2908 1275 2961 in
1312 2909 1497 2978 seipso
1535 2911 1703 2963 vitam
1736 2910 1917 2965 habet.
1952 2909 2056 2965 Sed
2092 2912 2179 2966 hic

606 2999 794 3053 subtili
816 3005 995 3053 mente
1019 3001 1279 3069 przeditus
1300 3007 1351 3052 et
1380 3002 1544 3055 corde
1586 3002 1885 3070 perspicaci
1922 3003 2174 3072 insignis.
2205 3030 2250 3091 ο

606 3106 717 3161 prae
748 3091 918 3145 multa
953 3092 1171 3146 videndi
1209 3093 1324 3146 acie
1366 3092 1418 3145 in
1460 3091 1603 3147 Filio
1636 3109 1745 3147 non
1781 3095 1983 3163 reperit
2011 3096 2174 3148 vitam

604 3190 886 3245 aeternam,
921 3183 1012 3237 sed
1068 3198 1485 3254 supergressus,
1541 3194 1593 3241 et
1653 3187 1797 3241 hunc
1860 3188 2175 3259 relinquens

604 3273 753 3326 velut
801 3271 1074 3340 quoddam
1107 3273 1580 3342 impedimentum,
1627 3277 1694 3329 ad
1753 3278 1804 3331 id
1846 3280 1989 3349 quod
2031 3297 2179 3349 qua:-

605 3363 767 3425 ritur,
822 3363 931 3417 illic
986 3372 1365 3432 perscrutatur
1401 3367 1563 3419 vitam
1610 3376 1891 3431 aeternam,
1931 3372 2021 3425 ubi
2068 3388 2176 3425 non

604 3469 727 3509 esse
790 3462 943 3523 putat
999 3470 1185 3509 veram
1251 3457 1441 3513 vitam.
1482 3458 1752 3524 Quidnam
1806 3462 2000 3515 horum
2054 3466 2178 3533 quis

605 3544 944 3614 cogitaverit,
991 3546 1075 3599 vel
1130 3546 1197 3599 ad
1252 3547 1641 3618 blasphemiam
1698 3551 2038 3616 horribilius,
2094 3554 2177 3607 vel

608 3638 672 3690 ad
694 3637 1141 3691 lamentationum
1163 3640 1506 3695 occasionem
1528 3643 1769 3698 tristius?
1790 3643 2175 3701 Verumtamen

608 3729 652 3783 si
686 3729 809 3797 quis
844 3729 1043 3783 dixerit
1081 3730 1277 3800 dogma
1311 3730 1534 3787 Sabellii
1577 3742 1631 3788 et
1684 3735 1920 3789 Montani
1972 3739 2176 3791 nostris

608 3821 840 3873 decretis
870 3820 1159 3889 invulgari,
1204 3822 1431 3891 perinde
1477 3832 1560 3878 est
1620 3840 1684 3880 ac
1741 3827 1785 3880 si
1838 3828 1961 3896 quis
2012 3830 2174 3882 etiam

610 3912 860 3965 Eunomii
891 3913 1282 3983 blasphemiam
1313 3918 1469 3972 nobis
1499 3916 1790 3972 all'ricaret.
1817 3918 1948 3973 Nam
1975 3923 2018 3975 si
2054 3922 2176 3990 quis

610 4010 865 4057 accurate
937 4005 1278 4072 perspexerit
1344 4006 1485 4060 hanc
1540 4007 1818 4063 hiereseon
1884 4010 2174 4079 fallaciam,

611 4110 861 4164 magnam
889 4109 1012 4148 cum
1064 4094 1319 4150 Eunomii
1360 4112 1551 4153 errore
1602 4098 2026 4157 familiaritatem
2080 4104 2179 4156 ha—

610 4186 738 4240 bere
766 4186 1027 4240 inveniet:
1050 4194 1281 4256 uterque
1304 4188 1448 4242 enim
1487 4188 1730 4258 judaizat
1757 4193 1872 4261 ipso
1904 4194 2177 4264 degmate,

609 4293 789 4347 neque
815 4278 1149 4347 unigenitum
1178 4278 1371 4342 Deum,
1406 4296 1582 4351 neque
1613 4281 1877 4352 Spiritum
1929 4296 2175 4340 sanctum

2276 448 2403 500 λαὸν
2427 448 2457 500 6
2496 446 2740 518 ζηλωτὴς
2796 447 3098 518 Ἱερεμίας,
3134 448 3222 502 ὅτε
3253 449 3332 520 τῷ
3376 452 3593 523 Ἰεχονίᾳ
3639 458 3725 528 τῆς
3746 462 3809 512 εἱ.

2276 539 2639 611 δωλολατρίας
2689 538 3083 610 καθηγουμένῳ
3131 541 3267 612 πρὸς
3292 542 3353 595 τὸ
3393 544 3555 597 κακὸν
3587 552 3807 617 συνεφρό.

2276 648 2445 701 νησαν
2466 648 2480 662 ·
2513 631 2608 684 καὶ
2653 630 2774 711 άντὶ
2800 633 2899 701 τῆς
2924 632 3003 694 είς
3030 631 3131 703 τὴν
3161 632 3451 703 θρησκείαν
3481 642 3806 708 παρανομίας,

2274 720 2373 790 τὴν
2439 722 2519 783 είς
2576 719 2889 791 Ἀσσυρίους
2936 722 3309 791 αἰχμαλωσίαν
3364 726 3807 799 κατεδικάσθησαν,

2277 810 2665 875 ἐξοικισθέντες
2713 810 2805 864 τοῦ
2838 813 3209 883 άγιάσματος,
3240 817 3337 869 καὶ
3381 817 3566 887 πόρῤω
3611 819 3701 882 τῆς
3723 822 3809 873 τῶν

2276 903 2527 974 πατέρων
2567 902 2927 973 κληρονομίας
2969 905 3269 974 γενόμενοι.
3322 906 3554 971 Τούτους
3586 926 3668 978 μοι
3694 911 3811 964 δοκεῖ

2275 994 2369 1047 νῦν
2394 996 2519 1057 τοὺς
2545 993 2775 1064 θρήνους
2802 994 3126 1065 οίκειότερον
3156 995 3396 1067 ᾄδεσθαι,
3424 999 3510 1051 ὅτε
3555 1002 3583 1052 6
3604 1002 3811 1071 μιμητὴς

2273 1086 2368 1140 τοῦ
2412 1086 2659 1156 Ἰεχονίου
2705 1086 2842 1156 πρὸς
2877 1086 2939 1139 τὸ
2991 1086 3175 1140 καινὸν
3224 1088 3381 1141 τοῦτο
3419 1090 3519 1159 τῆς
3568 1092 3812 1147 είδωλολα-

2274 1177 2427 1247 τρίας
2458 1172 2597 1238 εἶδος
2678 1176 2804 1239 τοὺς
2838 1176 3213 1245 ἀπαγομένους
3260 1178 3564 1246 ἐφέλκεται,
3615 1181 3705 1250 τῆς
3730 1199 3813 1235 πα-

2274 1267 2466 1336 τρικῆς
2511 1266 2789 1330 ἐξοικίζων
2840 1265 3234 1337 κληρονομίας,
3271 1268 3369 1337 τῆς
3412 1269 3642 1332 πίστεως
3672 1270 3805 1339 λέγω.

2277 1349 2371 1418 Οἷς
2405 1355 2641 1424 άτεχνῶς
2688 1355 2827 1409 κατὰ
2871 1355 2970 1424 τὴν
3002 1354 3242 1425 ἱστορίαν
3285 1356 3366 1418 είς
3396 1356 3746 1422 Βαϐυλωνίους
3785 1363 3811 1431 ἡ

2280 1446 2673 1515 μετανάστασις
2705 1445 2946 1513 γίνεται,
3000 1444 3107 1497 άπὸ
3146 1444 3245 1514 τῆς
3292 1445 3403 1499 ἄνω
3464 1447 3810 1521 Ἰερουσαλὴμ,

2275 1537 2579 1601 τουτέστιν,
2614 1536 2721 1589 ἀπὸ
2773 1536 2875 1606 τῆς
2921 1536 3012 1589 τοῦ
3067 1537 3202 1590 θεοῦ
3260 1538 3584 1609 Ἐκκλησίας
3615 1543 3699 1594 ἐπὶ
3734 1546 3811 1613 τὴν

2280 1626 2534 1696 σύγχυσιν
2560 1626 2763 1697 ταύτην
2788 1626 2895 1679 τῶν
2931 1627 3179 1697 πονηρῶν
3206 1628 3493 1698 δογμάτων
3522 1631 3813 1701 μεθισταμέ-

2207 1695 2248 1753 Β
2276 1695 2406 1776 νοις.
2433 1712 2697 1785 Σύγχυσις
2720 1695 2830 1785 γὰρ
2852 1716 2885 1785 ἡ
2910 1695 3162 1768 Βαϐυλὼν
3186 1695 3559 1787 ἑρμηνεύεται·
3592 1722 3677 1774 καὶ
3699 1695 3815 1776 κατὰ

2284 1804 2374 1857 τὸν
2411 1803 2734 1874 πηρωθέντα
2772 1804 3045 1874 Ἰεχονίαν,
3076 1807 3169 1860 καὶ
3193 1800 3346 1870 οὗτος
3370 1809 3563 1862 ἐαυτὸν
3587 1811 3812 1877 ἑκουσίως

2275 1894 2368 1948 τοῦ
2416 1894 2592 1964 φωτὸς
2616 1895 2717 1964 τῆς
2758 1896 3013 1966 ἀληθείας
3052 1899 3349 1967 στερήσας,
3377 1898 3615 1970 λάφυρον
3656 1905 3814 1969 γέγονε

2274 1984 2366 2037 τοῦ
2388 1984 2724 2038 Βαϐυλωνίου
2751 1986 3036 2055 τυράννου,
3064 1986 3137 2057 μὴ
3176 1988 3506 2058 καταμαθὼν
3538 1992 3567 2043 6
3603 1992 3813 2057 δείλαιος,

2275 2076 2356 2129 ὅτι
2389 2076 2489 2146 τὴν
2535 2075 2751 2129 αἰώνιον
2777 2076 2919 2147 ζωὴν
2965 2079 3160 2149 ἐπίσης
3192 2078 3364 2150 Πατρί
3393 2098 3451 2133 τε
3480 2082 3577 2134 καὶ
3612 2083 3715 2153 Υἱῷ
3742 2087 3816 2138 καὶ

2276 2165 2551 2235 Πνεύματι
2597 2165 2735 2235 άγίῳ
2784 2166 2845 2219 τὸ
2888 2167 3217 2236 Εὑαγγέλιον
3264 2169 3458 2239 ἐνορᾷν
3511 2170 3814 2241 δογματίζει.

2277 2258 2409 2328 Περὶ
2445 2257 2542 2327 μέν
2571 2256 2664 2309 τοῦ
2690 2257 2921 2327 Πατρδς,
2960 2258 3133 2321 οὕτως
3163 2259 3405 2322 είπόντος
3430 2260 3525 2313 τοῦ
3564 2263 3725 2331 Λόγου
3753 2266 3816 2318 ὅτι

2278 2347 2352 2399 Τὸ
2376 2346 2661 2416 γινώσκειν
2695 2347 2856 2400 αὐτὸν
2882 2350 2916 2419 ἡ
2944 2347 3155 2411 αἰώνιός
3178 2352 3291 2403 ἐστι
3324 2348 3435 2419 ζωή
3458 2366 3472 2381 ·
3513 2353 3643 2422 περὶ
3670 2354 3721 2406 δέ
3743 2354 3816 2407 τοῦ

2278 2437 2435 2502 Υίοῦ,
2472 2438 2553 2490 ὅτι
2597 2438 2711 2501 Πᾶς
2735 2439 2763 2490 6
2786 2438 3054 2493 πιστεύων
3079 2442 3157 2502 εἰς
3180 2439 3342 2491 αὐτὸν
3372 2440 3471 2509 τὴν
3492 2440 3701 2497 αἰώνιον
3730 2444 3819 2514 ἔχει

2278 2529 2440 2598 ζωήνο
2474 2530 2599 2597 περὶ
2624 2528 2680 2581 δὲ
2702 2528 2795 2582 τοῦ
2818 2529 2958 2582 Πνεύ
2966 2547 3131 2600 ματος
3154 2530 3247 2584 τοῦ
3275 2533 3451 2601 ἁγίου,
3482 2533 3667 2604 ὃτιΤῷ
3690 2534 3817 2600 δεξα-

2282 2619 2428 2689 μένῳ
2459 2618 2742 2688 τὴνχάριν
2794 2618 2946 2672 ἐσται
2992 2620 3139 2690 πηγὴ
3190 2621 3378 2684 ὓδατος
3429 2622 3717 2694 ἁλλομένου
3758 2626 3820 2687 είς

2279 2710 2421 2780 ζωὴν
2471 2710 2721 2763 αἰώνιον.
2772 2708 2980 2764 Οὐκοῦν
3045 2714 3152 2774 πᾶς
3200 2714 3231 2765 6
3285 2713 3463 2767 ποθῶν
3490 2716 3593 2786 τὴν
3639 2716 3819 2769 αἰώνιον

2281 2798 2444 2868 ζωὴν,
2480 2800 2696 2853 ἐπειδὰν
2719 2799 2854 2873 εὕρῃ
2882 2802 2969 2855 τὸν
2992 2802 3138 2865 Υίον,
3165 2804 3254 2857 τὸν
3286 2804 3453 2875 ἀληθῆ
3489 2806 3637 2874 λέγω
3668 2808 3751 2861 καὶ
3771 2808 3817 2860 οὗ

2280 2888 2654 2959 ψευδώνυμον,
2700 2890 2818 2943 ὅλον
2866 2883 3023 2961 εὗρεν
3052 2895 3109 2943 ἐν
3136 2893 3311 2963 ἐαυτῷ
3347 2896 3480 2966 ὅπερ
3522 2897 3817 2966 ἐπεπόθησε.

2282 2980 2425 3032 Διότι
2451 2981 2543 3034 καὶ
2575 2980 2737 3043 αὑτός
2760 2981 2905 3034 ἐστιν
2935 2983 2967 3051 ἠ
3002 2982 3134 3052 ζωὴ,
3169 2984 3263 3037 καὶ
3288 2987 3345 3037 ἐν
3375 2986 3557 3057 ἐαυτῷ
3581 2989 3675 3060 τὴν
3702 2988 3821 3061 ζωὴν

2279 3071 2411 3140 ἔχει.
2459 3070 2593 3122 Ἀλλ’
2641 3071 2669 3123 6
2715 3072 2907 3135 λεπτὸς
2936 3068 3089 3135 οὗτος
3130 3075 3222 3128 τὸν
3254 3077 3397 3141 νοῦν,
3427 3080 3519 3131 καὶ
3548 3079 3821 3150 διορατικδς

2276 3161 2373 3231 τὴν
2399 3162 2645 3231 καρδίαν,
2688 3163 2792 3216 ὑπὸ
2830 3163 3029 3233 πολλῆς
3057 3166 3327 3231 όξυωπίας
3351 3169 3429 3239 τῷ
3454 3170 3573 3238 Υίῷ
3598 3172 3691 3243 τὴν
3716 3175 3823 3227 αίω-

2278 3252 2396 3305 νίαν
2426 3254 2524 3304 οὐκ
2566 3253 2867 3324 ἐνευρίσκει
2894 3253 3037 3326 ζωήν
3062 3271 3075 3284 ·
3125 3256 3238 3309 ἀλλ’
3266 3259 3507 3330 ὑπερϐάς
3537 3262 3716 3316 τοῦτον
3744 3263 3823 3315 καὶ

2278 3342 2623 3409 καταλιπὼν,
2655 3340 2768 3398 οἷον
2810 3346 3064 3414 ἐμπόδιόν
3114 3364 3165 3401 τι
3204 3350 3339 3419 πρὸς
3369 3351 3430 3403 τὸ
3483 3352 3820 3424 ζητούμενον,

2278 3436 2394 3486 ἐκεῖ
2439 3435 2778 3503 διερευνᾶται
2814 3436 2912 3506 τὴν
2964 3436 3180 3493 αἰώνιον
3218 3440 3393 3512 ζωὴν,
3422 3444 3560 3497 ὅπου
3601 3445 3671 3517 μὴ
3704 3441 3822 3499 εἶναι

2277 3522 2445 3576 οἴεται
2488 3525 2587 3594 τὴν
2631 3524 2797 3589 ὅντως
2826 3526 2988 3597 ζωήν.
3017 3529 3084 3582 Τί
3118 3531 3184 3584 άν
3206 3548 3287 3594 τις
3316 3535 3619 3605 ἐπινοήσειε
3646 3535 3823 3590 τούτων

2277 3614 2310 3684 ἢ
2346 3616 2425 3678 εἰς
2473 3614 2818 3686 βλασφημίαν
2855 3620 3225 3691 φρικτότερον,
3264 3624 3297 3694 ἢ
3327 3626 3407 3687 είς
3440 3624 3652 3697 θρήνων
3681 3628 3824 3698 ἀφορο

2282 3703 2387 3774 μὴν
2452 3705 2925 3778 σκυθρωπότερον;
2988 3710 3147 3764 Ἀλλά
3195 3713 3302 3784 μὴν
3333 3714 3395 3766 τὸ
3442 3716 3727 3771 Σαϐέλλιόν
3772 3733 3823 3771 τε

2278 3794 2376 3849 καὶ
2430 3796 2731 3859 Μοντανδν,
2776 3800 2889 3861 τοῖς
2932 3800 3222 3873 ἡμετέροις
3281 3803 3540 3875 δόγμασιν
3592 3807 3821 3879 ἐπιθρυλ-

2278 3883 2518 3946 λεῖσθαι,
2560 3885 2798 3939 τοιοῦτόν
2849 3889 3027 3956 ἐστιν,
3072 3888 3184 3944 οἷον
3224 3894 3277 3945 ετ
3312 3911 3396 3958 τις
3447 3896 3541 3949 καὶ
3584 3899 3681 3970 τὴν
3721 3898 3822 3953 κατ’

2278 3978 2541 4047 Εὐνόμιον
2596 3978 2725 4047 ἡμῖν
2778 3978 3120 4051 βλασφημίαν
3176 3986 3573 4057 προστρίϐοιτο.
3636 3992 3693 4043 El
3732 3990 3823 4061 γάρ

2280 4086 2363 4132 τις
2412 4070 2818 4139 ἐπεσκεμμένος
2869 4072 2966 4142 τὴν
3012 4074 3121 4127 τῶν
3158 4078 3421 4147 αίρέσεων
3455 4081 3661 4152 ταύτην
3701 4084 3823 4137 άπάο

2279 4179 2377 4229 την
2406 4160 2791 4227 διεξετάσειεν,
2843 4164 3065 4236 εὑρήσει
3097 4169 3295 4239 πολλὴν
3340 4170 3531 4242 ἔχοντα
3584 4176 3713 4245 πρὸς
3740 4175 3823 4244 τὴν

2280 4255 2401 4307 κατ’
2450 4254 2713 4325 Εὐνόμιον
2764 4256 3005 4328 πλάνην,
3045 4258 3145 4330 τὴν
3197 4262 3519 4334 οἰκειότητα.
3574 4267 3822 4331 Ἰουδαΐζει

611 4342 955 4422 δύ’ᾱείιοιῖς
1003 4369 1449 4423 communionem
1494 4342 1682 4439 inagn-i
1730 4373 1874 4442 apud
1933 4375 2081 4444 ipsos
2123 4383 2175 4429 et

2282 4342 2388 4414 γάρ
2412 4344 2569 4397 ἐκάτε
2578 4362 2670 4415 ρος
2691 4346 2839 4417 αὐτῷ
2868 4348 3115 4420 δόγματι,
3146 4351 3267 4406 οὗτε
3291 4354 3378 4407 τὸν
3406 4360 3665 4429 μονογενῆ
3689 4359 3820 4421 Θεὸν,

608 4454 770 4523 primi
803 4454 934 4507 dicti
982 4454 1077 4509 Dei
1134 4456 1453 4512 admittens.
1497 4456 1669 4522 Quem
1703 4462 1850 4515 enim
1905 4461 2177 4519 Sabellius

610 4544 745 4597 dicit
789 4545 1161 4609 trinominem,
1202 4546 1347 4600 hunc
1385 4546 1690 4603 Eunomius
1735 4552 1980 4605 nominat
2029 4553 2182 4622 iugc-

610 4635 808 4687 uitum.
847 4634 1052 4689 llorum
1100 4643 1285 4690 autem
1336 4646 1532 4692 neuter
1566 4639 1620 4692 in
1664 4637 1934 4696 Trinitate
1983 4658 2176 4712 perso-

610 4739 802 4778 narum
836 4726 1234 4795 contemplatur
1291 4726 1569 4783 deitatem.
1603 4730 1737 4795 Quis
1790 4732 1953 4802 igitur
1996 4734 2179 4788 adlue-

608 4828 725 4873 reat
761 4816 1017 4879 Sabellio,
1061 4832 1247 4871 eorum
1274 4820 1369 4888 qui
1416 4820 1562 4875 hunc
1587 4837 1892 4877 sermonem
1926 4825 2175 4893 legerint,

602 4907 869 4980 judicium
906 4907 1148 4962 deﬁniat.
1183 4908 1288 4965 Sed
1328 4911 1441 4967 haec
1470 4913 1691 4982 quidem
1743 4915 2033 4971 hactenus.

676 5144 941 5212 Quoniam
968 5160 1095 5199 vero
1119 5145 1367 5215 prolixus
1384 5152 1468 5200 est
1497 5144 1941 5218 insequentibus,
1968 5154 2179 5207 abomi-

606 5239 867 5292 nabilium
896 5247 1340 5307 argumentorum
1366 5248 1561 5292 tetrum
1586 5254 1932 5295 commovens
1956 5243 2174 5298 odorem

605 5331 807 5399 quibus
885 5330 1221 5399 unigenitum
1281 5329 1443 5383 Deum
1503 5346 1613 5384 non
1666 5333 1960 5402 aliquando
2009 5334 2180 5392 fuisse

604 5421 875 5476 adstruit:
904 5422 1161 5489 praeclare
1191 5422 1391 5476 habere
1419 5422 1559 5489 dico,
1591 5439 1717 5478 cum
1743 5425 1854 5494 jam
1877 5441 1942 5480 ex
1968 5428 2032 5483 iis
2056 5445 2177 5499 quae

678 5597 723 5628 “
751 5596 910 5652 Joan.
948 5616 1077 5663 xvn,
1109 5600 1162 5653 5.

1243 5599 1462 5655 “Joan.
1500 5617 1550 5663 v,
1606 5603 1697 5658 40.
1778 5602 2002 5661 "Joan.
2037 5611 2207 5677 tr,M.

2277 4435 2400 4489 οὔτε
2426 4436 2485 4489 τὸ
2526 4437 2748 4508 Πνεῦμα
2778 4440 2841 4493 τὸ
2872 4442 3027 4511 ἅγιον
3056 4445 3135 4507 είς
3160 4447 3442 4501 κοινωνίαν
3475 4450 3573 4520 τῆς
3601 4450 3822 4519 θεότητος

2276 4528 2369 4581 τοῦ
2406 4528 2643 4598 μεγάλου
2674 4532 2804 4603 παρ’
2829 4533 3011 4599 αὐτοῖς
3036 4537 3130 4589 καὶ
3158 4538 3369 4608 πρώτου
3393 4542 3680 4613 λεγομένου
3706 4543 3819 4597 Θεοῦ

2278 4617 2714 4689 προσδεχόμενος.
2737 4624 2835 4677 Ὃν
2871 4624 2979 4695 γάρ
3010 4627 3292 4692 Σαϐέλλιος
3337 4629 3482 4699 λέγει
3523 4634 3818 4705 τριώνυμον,

2276 4708 2464 4763 τοῦτον
2501 4711 2763 4783 Εὑνόμιος
2792 4714 3047 4787 ὀνομάζει
3096 4718 3406 4790 ἀγέννητον.
3449 4724 3733 4796 Οὐθέτερος
3772 4725 3820 4778 δὲ

2275 4802 2478 4857 τούτων
2528 4805 2586 4857 ἐν
2635 4808 2701 4877 τῇ
2736 4808 2924 4879 Τριάδι
2960 4809 3067 4864 τῶν
3108 4812 3455 4868 ὑποστάσεων
3500 4815 3690 4887 θεωρεῖ
3738 4817 3819 4886 τὴν

2277 4893 2522 4963 θεότητα.
2558 4894 2653 4959 Τίς
2678 4896 2855 4951 τοίνυν
2882 4900 3095 4963 οἰκείως
3126 4901 3239 4971 ἔχει
3263 4905 3397 4975 πρὸς
3424 4906 3516 4959 τὸν
3540 4907 3816 4969 Σαϐέλλιον,

2274 4985 2307 5054 ἡ
2338 4983 2443 5037 τῶν
2485 4986 2913 5057 ἐντυγχανόντων
2955 4991 3033 5061 τῷ
3064 4992 3206 5064 λόγῳ
3236 4996 3413 5066 κρίσις
3456 4998 3817 5069 ἀποφηνάσθω.

2288 5074 2446 5129 Ἀλλὰ
2473 5077 2645 5131 ταῦτα
2676 5080 2773 5149 μὲν
2810 5083 2889 5145 είς
2919 5084 3189 5137 τοσοῦτον.

2362 5168 2516 5220 Ἐπεὶ
2563 5167 2619 5221 δὲ
2668 5171 2832 5235 πολύς
2880 5174 3026 5227 ἐστιν
3064 5177 3121 5228 ἐν
3162 5178 3274 5240 τοῖς
3319 5178 3534 5249 ἐφεξῆς,
3580 5180 3686 5232 τῶν
3728 5180 3823 5248 βδε-

2278 5257 2454 5327 λυρῶν
2484 5259 2927 5332 ἐπιχειρημάτων
2955 5266 3221 5320 ἀνακινῶν
3258 5268 3356 5339 τὴν
3380 5269 3636 5341 δυσωδὴν,
3660 5272 3721 5325 δι’
3761 5264 3821 5321 ὧν

2280 5349 2355 5419 μὴ
2387 5343 2523 5399 εἶναί
2557 5367 2683 5402 ποτε
2724 5353 2814 5405 τὸν
2838 5356 3096 5425 μονογενῆ
3130 5358 3526 5424 κατασκευάζει
3556 5361 3704 5423 Θεὸν,
3738 5378 3820 5411 κα-

2276 5435 2381 5499 λῶς
2432 5435 2571 5506 ἔχειν
2602 5441 2741 5511 φημὶ⁸
2772 5442 2857 5496 διὰ
2897 5445 3005 5499 τῶν
3056 5445 3431 5516 προλαϐόντων
3481 5451 3710 5521 μετρίως
3737 5448 3820 5517 τῆς
