4034 6484
286 251 390 309 8'57

1418 242 1695 298 CONTRA
1736 237 2123 305 EUNOMIUM,
2160 240 2288 296 LIB.
2334 240 2397 294 Χ.
2498 278 2527 295 η

3424 237 3528 295 838

288 365 417 435 περὶ
461 360 664 416 τούτων
705 361 835 431 ἡμῖν
871 358 1113 421 διανοίας
1169 355 1623 425 ἐκκαθαρθείσης,
1676 352 1859 423 μηκέτ‹

1978 361 2373 422 praecesserunt
2411 354 2480 409 ab
2506 354 2734 409 istorum
2759 354 2846 409 lue
2874 354 3010 409 satis
3031 352 3408 425 sitexpurgata
3432 369 3532 411 no-

285 448 759 513 συνδιαϐαπτίζειν
795 449 886 501 τὸν
912 448 1067 516 λόγον
1100 447 1209 508 τοῖς
1239 444 1441 515 ὁμοίοις
1482 445 1691 506 κακοῖς,
1723 441 1862 511 πλὴν

282 542 445 597 τοῦτο
471 541 629 613 μόνον
649 541 748 593 οὐκ
771 539 995 609 ἄκαιρον
1025 539 1153 598 ἴσως
1180 534 1491 607 προσθεῖναι
1522 534 1629 588 τῶν
1653 532 1861 586 πολλῶν

284 633 670 704 ἐκλεξάμενον
696 632 833 700 Φησὶ
860 629 999 682 κατά
1031 627 1091 680 τὸ
1116 622 1255 693 ἴσον,
1292 627 1385 679 καὶ
1424 628 1488 696 τῇ
1523 624 1614 677 τοῦ
1649 622 1862 694 Πατρὸς

284 728 447 797 οὐσίᾳ
505 721 851 792 συνεζεῦχθαι
892 737 1033 782 τινος
1070 719 1166 790 τὴν
1214 718 1535 787 ἀγεννησίαν
1593 716 1856 777 εἰπόντος.

283 819 383 872 Δ.ιά
410 816 519 870 τῶν
549 816 748 886 ὁμοίων
795 816 822 866 ὁ
853 813 1006 881 λόγος
1037 812 1395 883 προέρχεται,
1432 808 1613 872 καθὼς
1650 808 1741 862 ἐπὶ
1765 807 1858 861 τοῦ

284 910 419 963 Υἱοῦ
458 909 815 978 συνεπέρανεν
849 905 1034 974 σαφῶς
1068 905 1155 958 διὰ
1190 904 1287 974 τῆς
1325 903 1433 955 τῶν
1466 901 1721 955 ἐναντίων
1758 917 1860 953 κα-

286 1001 589 1070 τασκευῆς,
634 1000 694 1051 τὸ
735 998 908 1067 δόγμα
948 997 1046 1067 τῆς
1096 995 1375 1056 εὐσεϐείας
1416 993 1764 1067 κρατύνεται,
1799 992 1860 1044 τὸ

291 1094 365 1163 μὴ
393 1091 588 1145 ταύτὸν
621 1090 834 1142 οἴεσθαι
877 1084 1015 1142 εἶναι
1041 1090 1106 1158 τῇ
1135 1087 1291 1157 οὐσία
1318 1085 1412 1157 τὴν
1444 1085 1766 1155 ἀγεννησίαν
1797 1101 1857 1137 τε

286 1180 383 1234 καὶ
406 1182 503 1250 τὴν
530 1181 778 1248 γέννησιν
798 1194 811 1207 ⁸
850 1177 965 1231 ἀλλ’
1008 1175 1423 1247 ἐπιθεωρεῖσθαι
1455 1175 1551 1244 μὲν
1579 1173 1750 1227 ταῦτα
1782 1172 1859 1243 τῷ

286 1270 650 1341 ὑποκειμένῳ,
688 1269 814 1323 ἄλλο
855 1268 911 1321 δέ
944 1286 995 1321 τι
1037 1267 1185 1338 παρά
1231 1266 1399 1319 ταῦτα
1439 1261 1577 1318 εἶναι
1617 1264 1694 1334 τῷ
1745 1264 1859 1333 ἰδίῳ

284 1364 428 1434 λόγῳ
449 1364 509 1415 τὸ
539 1361 911 1429 ὑποκείμενον,
941 1359 1025 1426 ἐφ’
1052 1351 1112 1410 οὗ
1142 1359 1411 1429 μηδεμιᾶς
1430 1358 1689 1428 διαφορᾶς
1713 1357 1857 1427 εὑρι-

287 1453 579 1523 σκομένης,
604 1450 690 1503 διά
717 1448 779 1501 τὸ
810 1446 1138 1517 κεχωρίσθαι
1175 1448 1271 1516 τῆς
1297 1447 1483 1509 οὐσίας
1510 1447 1609 1517 τὴν
1636 1444 1778 1498 κατά
1799 1444 1859 1496 τὸ

284 1543 541 1612 γεννητόν
569 1558 628 1593 τε
669 1539 764 1592 καὶ
803 1539 1094 1607 ἀγέννητον
1116 1537 1375 1608 διαφοράν
1400 1552 1413 1565 °
1446 1536 1687 1589 λείπεται
1717 1535 1856 1589 κατά

284 1634 466 1685 πᾶσαν
496 1629 739 1698 ἀνάγκην
763 1627 824 1679 τὸ
853 1626 1269 1696 ἀπαράλλακτον
1311 1625 1396 1679 ἐπ’
1417 1628 1618 1696 ἀμφοῖν
1638 1624 1735 1696 τὴν
1764 1625 1853 1677 οὐ·

286 1725 409 1778 σίαν
461 1721 817 1776 συντίθεσθαι.
881 1720 1000 1772 Ἔτι
1049 1718 1144 1772 κα)⁸
1191 1718 1348 1771 τοῦτο
1386 1720 1495 1781 τοῖς
1547 1718 1853 1787 είρημένοις

283 1811 797 1887 προσεξετάσωμενο
832 1808 953 1870 Πῶς
987 1806 1317 1878 κεχωρίσθαι
1341 1807 1433 1860 τοῦ
1461 1807 1672 1876 Πατρδς
1706 1805 1855 1874 λέγει

282 1910 384 1977 τὴν
411 1905 691 1974 γέννησιν,
716 1900 899 1954 οὐσίαν
926 1899 1092 1968 αὐτὴν
1122 1898 1279 1962 νοῶν,
1312 1898 1344 1968 ἦ
1376 1898 1687 1969 ἐνέργειαν;
1717 1897 1854 1951 Ἀλλ’

288 2000 338 2051 εἰ
369 1998 466 2068 μὲν
502 1995 777 2066 ἐνέργειαν
798 1992 963 2045 οἴεται
989 1991 1210 2060 ταύτην,
1231 1990 1426 2059 ἐπίσης
1450 1990 1666 2053 πάντως
1696 1989 1774 2058 τῷ
1796 2006 1855 2041 τε

282 2084 651 2157 ἐνεργηθέντι,
686 2083 780 2135 καὶ
806 2081 884 2151 τῷ
926 2078 1239 2151 ἐνεργοῦντι
1268 2079 1633 2132 συνάπτεται·
1667 2078 1855 2149 ὥσπερ

280 2180 381 2233 ἐπι
410 2178 587 2245 πάσης
615 2173 978 2241 κατασκευῆς,
1013 2171 1211 2241 ὁμοίως
1238 2170 1328 2223 ἐπί
1354 2186 1410 2222 τε
1456 2168 1548 2223 τοῦ
1575 2170 1853 2240 γινομένου

282 2270 378 2324 καὶ
424 2267 517 2321 τοῦ
559 2265 833 2329 ποιοῦντος
878 2263 1023 2318 ἐςτιν
1057 2264 1185 2317 ἰδεῖν
1221 2261 1317 2334 τὴν
1348 2262 1655 2334 ἐνέργειαν,
1722 2264 1854 2335 μήτε

278 2361 376 2415 τοῦ
409 2356 805 2429 τεχνιτεύοντος
846 2355 1237 2427 χωριζομένην,
1287 2354 1382 2407 καὶ
1426 2357 1491 2425 τῇ
1542 2356 1854 2425 κατασκευῇ

278 2453 389 2506 τῶν
413 2449 862 2519 ἀποτελεσμάτων
898 2446 1321 2516 ἐμφαινομένην.
1354 2446 1417 2498 Ei
1440 2445 1495 2497 δὲ
1529 2444 1714 2497 οὐσίαν
1754 2446 1852 2498 αὐ-

278 2546 379 2616 τὴν
404 2545 547 2612 λέγοι
596 2542 696 2611 τῆς
730 2541 823 2593 τοῦ
858 2540 1066 2609 Πατρὸς
1108 2538 1291 2603 οὐσίας
1328 2536 1757 2608 κεχωρισμένην,
1792 2539 1856 2591 ἐκ

278 2636 481 2705 ταύτης
504 2631 777 2702 ὁμολογῶν
799 2625 936 2682 εἶναι
956 2629 1045 2681 τὸν
1069 2628 1290 2699 Κύριον,
1313 2627 1467 2696 δῆλός
1505 2628 1619 2680 ἐστι
1656 2625 1856 2695 ταύτην

278 2728 403 2780 ἀντὶ
431 2725 520 2777 τοῦ
562 2721 775 2791 Harpe;
798 2722 888 2773 ἐπὶ
918 2720 1010 2772 τοῦ
1038 2719 1371 2788 Μονογενοῦς
1394 2719 1622 2789 βλέπων,
1667 2719 1741 2781 ὡς
1764 2718 1857 2771 δύο

275 2814 528 2885 Πατέρας
552 2813 647 2869 ἐπὶ
684 2813 776 2866 τοῦ
810 2812 939 2866 Υίοῦ
973 2813 1203 2867 νοεῖσθαι
1227 2831 1239 2844 ’
1272 2812 1363 2865 τὸν
1403 2812 1499 2883 μὲν
1525 2811 1856 2881 ὀνομαζόμε-

280 2925 371 2960 νον
401 2907 580 2977 μόνον,
605 2907 661 2959 δν
687 2906 750 2977 δὴ
771 2907 863 2959 καὶ
892 2905 1181 2975 ἀγέννητον
1204 2905 1373 2973 λέγει,
1402 2905 1477 2975 μὴ
1498 2904 1857 2957 κοινωνοῦντα

277 3001 337 3053 δὲ
378 2999 474 3069 τῆς
515 2998 847 3067 γεννήσεως·
898 2997 994 3067 τὴν
1045 2997 1133 3064 δὲ,
1171 2997 1240 3049 τὰ
1270 2996 1363 3049 τοῦ
1397 2994 1608 3067 Πατρὸς
1639 2996 1732 3048 ἐπὶ
1761 2994 1855 3049 τοῦ

278 3088 623 3157 Μονογενοῦς
651 3087 996 3159 ἐνεργοῦσαν,
1034 3088 1100 3159 ἢν
1139 3087 1387 3157 γέννησιν
1437 3087 1709 3157 ὀνομάζει.
1748 3086 1858 3139 Καὶ

280 3180 443 3234 τοῦτο
476 3179 674 3248 μᾶλλον
710 3179 776 3232 δι’
808 3178 987 3231 αὐτῶν
1029 3178 1137 3232 τῶν
1176 3178 1442 3250 Εὑνομίου
1474 3178 1667 3248 λόγων,
1696 3178 1729 3248 ἦ
1770 3176 1859 3232 διὰ

283 3271 393 3325 τῶν
420 3269 700 3342 ἡμετέρων
729 3268 1025 3339 ἐλέγχεται.

355 3445 517 3514 Λέγει
556 3445 662 3516 γὰρ
692 3445 749 3496 ἐν
780 3446 890 3507 τοῖς
931 3443 1153 3514 ἐφεξῆς²
1205 3440 1265 3499 ’0
1291 3444 1357 3499 δὲ
1380 3445 1522 3512 Θεὸς
1543 3446 1716 3516 χωρίς
1730 3464 1861 3518 γεν-

280 3538 521 3603 νήσεως
536 3534 639 3599 ὢν,
662 3536 759 3590 καὶ
778 3536 891 3604 πρὸ
910 3536 1018 3588 τοῦ
1034 3536 1424 3605 γεννηθέντος
1436 3538 1586 3591 ἐστί’
1606 3539 1698 3591 καὶ
1739 3542 1858 3609 μετ’

281 3631 482 3699 ὀλίγον·
507 3624 579 3699 ⁷ῼ
620 3631 726 3699 γὰρ
755 3629 824 3682 ἐκ
859 3627 969 3681 τοῦ
1000 3627 1361 3698 γεννηθῆναι
1385 3629 1449 3681 τὸ
1477 3626 1649 3695 εἶναι,
1683 3627 1860 3697 οὗτος

282 3722 429 3791 πρὶν
451 3720 807 3790 γεννηθῆναι
828 3722 935 3773 οὐκ
956 3719 1051 3787 ἦν.
1071 3719 1309 3773 Οὐκοῦν
1320 3722 1371 3772 εὶ
1394 3720 1430 3787 ἡ
1449 3719 1733 3788 γέννησις
1742 3721 1861 3789 μὲν

284 3812 634 3882 κεχώρισται
652 3812 757 3865 τοῦ
772 3810 1018 3878 Πατρός,
1034 3810 1113 3875 τῷ
1127 3810 1193 3863 δὲ
1218 3809 1326 3875 Υιῷ
1347 3811 1413 3863 ἐκ
1442 3812 1548 3865 τοῦ
1568 3811 1859 3881 γεννηθῆ-

284 3923 302 3958 t
323 3922 381 3958 αι
400 3906 463 3957 τὸ
477 3899 631 3956 εἶναί
645 3902 833 3955 ἐστιν’
851 3901 964 3969 ἄρα
975 3902 1365 3971 ἀνενέργητος
1377 3907 1409 3956 ὀ
1423 3904 1622 3972 Πατὴρ
1637 3906 1733 3958 ἐπὶ
1750 3905 1860 3973 τῆς

284 3997 393 4050 τοῦ
420 3994 794 4065 Μονογενοῦς
818 3992 1231 4059 ὑποστάσεως,
1250 3997 1282 4047 ό
1302 3998 1737 4064 κεχωρισμένος
1752 3999 1861 4068 τῆς

286 4086 646 4156 γεννήσεως,
667 4080 852 4155 ἀφ’ἦς
870 4088 902 4137 ό
925 4084 1052 4147 Υἱὸς
1073 4088 1135 4137 τὸ
1155 4085 1305 4140 εἶναι
1339 4086 1483 4155 ἔχει.
1504 4089 1565 4141 Εἰ
1589 4084 1679 4142 οὖν
1708 4090 1862 4159 ἠλλο-

281 4179 511 4250 τρίωται
548 4177 648 4247 τῆς
692 4176 786 4229 τοῦ
837 4174 967 4229 Υίοῦ
996 4179 1299 4247 γεννήσεως
1332 4178 1358 4229 ὁ
1396 4178 1607 4251 Πατὴρ,
1639 4179 1670 4250 ἢ
1704 4180 1861 4233 ἄλλον

280 4264 405 4325 τινὰ
426 4264 640 4339 Πατέρα
669 4269 761 4320 τοῦ
784 4266 914 4319 Υίοῦ
936 4266 1023 4319 διὰ
1042 4266 1133 4319 τοῦ
1154 4268 1251 4338 τῆς
1280 4270 1579 4340 γεννήσεως
1605 4271 1863 4342 ὀνόματος

282 4358 741 4423 ἀναπλάσσουσιν,
783 4358 815 4428 ἢ
859 4357 1247 4429 αὐτογέννητόν
1292 4376 1414 4413 τινα
1455 4361 1548 4414 καὶ
1575 4361 1856 4430 αὑτογένε-
1889 4362 1931 4415 ι)

282 4452 407 4505 Θλον
451 4451 540 4504 τὸν
580 4450 708 4503 Υίὸν
754 4452 801 4502 οἱ
861 4450 1013 4517 σοφοὶ
1050 4449 1136 4502 διὰ
1172 4452 1280 4504 τῶν
1311 4452 1614 4523 εἰρημένων
1647 4454 1858 4507 ἀποδει-

283 4543 559 4596 κνύουσιν.
617 4543 778 4611 Ὁρᾷς
810 4540 871 4593 τὸ
903 4557 1132 4610 πεφωρα
1152 4541 1312 4610 μένον
1334 4544 1431 4613 τῆς
1474 4544 1710 4608 διανοίας
1764 4545 1855 4599 τοῦ

281 4633 382 4704 τὴν
416 4631 652 4702 ἀμαθίαν
689 4632 818 4701 ἡμῖν
846 4631 957 4684 ἄνω
984 4632 1075 4684 καὶ
1104 4639 1253 4684 κάτω
1274 4632 1359 4684 διὰ
1388 4633 1494 4686 τῶν
1527 4634 1668 4687 ἰδίων
1688 4635 1858 4703 λόγων

251 4727 680 4797 ’προφέροντοςο
710 4724 784 4787 ὡς
828 4724 1181 4778 διαπλανᾶται
1210 4727 1329 4787 ταῖς
1364 4726 1688 4791 πολυοδίαις,
1728 4729 1861 4798 μᾶλ-

283 4821 377 4872 λον
410 4818 467 4871 δὲ
493 4820 611 4880 ταῖς
633 4817 867 4880 ἀνοδίαις
895 4818 926 4887 ἡ
952 4816 1283 4886 βλασφημία,
1314 4815 1377 4869 δι’
1407 4818 1615 4881 οὐδενὸς
1640 4819 1857 4889 βεϐαίου

287 4912 425 4982 πρὸς
454 4911 543 4961 τὸν
569 4908 769 4961 σκοπὸν
802 4911 998 4978 ἑαυτῆς
1030 4907 1312 4980 προϊοῦσα.
1344 4909 1453 4960 Καὶ
1485 4908 1560 4972 ὡς
1594 4909 1738 4963 ἔστιν
1770 4912 1861 4965 ἐπὶ⁵

284 5001 395 5054 τῶν
442 5000 647 5069 νηπίων
692 4999 838 5064 ἰδεῖν,
883 5001 1011 5053 ὅταν
1060 5002 1148 5069 ὑφ’
1195 5001 1407 5071 ἡλικίας
1458 5001 1768 5073 ἀθύροντες,
1804 5006 1860 5059 ἐν

284 5093 499 5163 ψάμμῳ
520 5093 623 5144 τινὶ
657 5092 927 5162 μιμῶνται
954 5094 1049 5156 τὰς
1075 5094 1182 5148 τῶν
1209 5092 1655 5166 οἰκοδομημάτων
1692 5114 1860 5149 κατα-

287 5188 517 5245 σκευάς·
540 5178 620 5247 οἷς
647 5184 707 5236 οῦ
732 5184 871 5237 κατά
895 5186 1091 5237 σκοπὸν
1115 5189 1145 5256 ἡ
1182 5187 1410 5258 μίμησις
1446 5189 1701 5258 τεχνικῶς
1728 5190 1860 5261 πρὸς

284 5276 350 5327 τὸ
391 5274 698 5343 ἀρχέτυπον
744 5273 1048 5343 ὁμοιοῦται’
1099 5274 1240 5329 ἀλλὰ
1268 5277 1528 5349 πρότερον
1558 5279 1648 5330 ὑπ’
1680 5281 1863 5341 ἀνοίας

285 5383 343 5420 τι
362 5366 502 5418 κατᾶ
527 5365 587 5418 τὸ
608 5368 820 5437 συμϐὰν
843 5369 1222 5438 ἐξειργάσαντο
1240 5386 1253 5398 ·
1293 5367 1410 5423 εἶτα
1439 5370 1778 5439 βουλεύονται
1810 5375 1861 5427 τί

287 5458 396 5531 χρὴ
437 5460 699 5529 ὀνομάσαι
745 5462 805 5514 τὺ
856 5460 1306 5531 κατασκεύασμα.
1365 5461 1582 5531 Ταύτην
1630 5464 1722 5516 καὶ
1770 5466 1862 5519 ἐπὶ

285 5549 383 5602 τοῦ
410 5550 749 5621 λογογράφου
792 5553 890 5623 τὴν
925 5553 1202 5622 ἀγχίνοιαν
1233 5552 1432 5621 βλέπω.
1460 5548 1584 5605 Οἷον
1613 5555 1719 5625 γάρ
1745 5573 1862 5609 τινα

286 5640 519 5711 ψάμμου
554 5642 783 5711 σωρείαν
822 5643 962 5698 κατά
1002 5644 1057 5697 τὸ
1088 5644 1309 5699 ἐπελθὸν
1344 5644 1489 5716 αὐτῷ
1518 5646 1586 5699 τὰ
1612 5647 1709 5711 τῆς
1738 5648 1861 5701 ἀσε-

1965 453 2079 497 stra
2108 460 2281 510 mens,
2306 445 2352 498 si
2382 459 2489 497 non
2506 444 2740 514 amplius
2756 443 3026 499 similibus
3050 444 3206 499 malis
3223 458 3529 500 sermonem

1962 544 2211 593 nostrum
2250 538 2548 607 tingamus,
2583 545 2783 607 praeter
2807 536 2912 590 hoc
2935 536 3111 591 solum
3135 536 3361 605 quodex
3392 536 3529 589 mul-

1961 627 2031 682 tis
2058 627 2316 682 selectum
2330 628 2599 696 adjecisse
2617 628 2866 695 fortasse
2888 641 2996 680 non
3014 626 3117 680 erit
3132 626 3525 696 importunum:

1962 720 2104 773 Idem
2139 720 2273 774 dicit
2304 720 2589 789 aequaliter
2613 735 2736 775 cum
2761 735 2828 775 eo
2851 719 2943 789 qui
2979 719 3176 774 asserit
3200 734 3321 773 cum
3350 717 3528 773 Patris

1960 809 2197 863 essentia
2257 810 2566 878 capulatam
2614 822 2737 863 esse
2802 805 3161 876 ἀγεννησίανζ
3208 821 3301 875 per
3328 804 3526 860 similia

1961 914 2143 953 sermo
2175 900 2440 968 procedit,
2466 900 2609 955 sicut
2640 900 2697 953 in
2730 898 2870 953 Filio
2889 898 3155 953 conclusit
3184 911 3198 950 :
3226 904 3409 966 aperte
3430 910 3528 966 per

1959 1005 2022 1045 ea
2045 1006 2165 1060 quae
2191 990 2488 1046 adversarii
2511 990 2822 1055 adstruunt,
2843 989 3061 1059 pietatis
3084 989 3358 1043 decretum
3388 1002 3525 1042 con-

1961 1082 2244 1149 ﬁrmatur;
2285 1097 2393 1136 non
2438 1081 2574 1137 idem
2609 1089 2801 1151 putare
2847 1096 2972 1136 cum
3010 1081 3248 1135 essentia
3301 1077 3527 1149 ingeniti

1958 1173 2227 1227 rationem
2255 1182 2309 1227 et
2363 1173 2789 1243 generationem,
2820 1172 2915 1227 sed
2954 1173 3069 1227 haec
3095 1172 3148 1225 in
3178 1171 3366 1227 eodem
3396 1172 3527 1227 sub-

1954 1262 2101 1332 jecto
2139 1264 2497 1319 considerari.
2521 1263 2837 1334 Subjectum
2861 1273 3038 1318 autem
3067 1263 3286 1333 propria
3318 1263 3527 1318 ratione

1957 1371 2079 1411 esse
2108 1355 2238 1424 quid
2270 1356 2416 1410 aliud
2471 1366 2667 1425 praeter
2707 1355 2833 1417 ista,
2871 1356 2925 1408 in
2953 1370 3063 1424 quo
3098 1369 3223 1409 cum
3260 1355 3407 1409 nulla
3440 1355 3526 1409 in-

1957 1447 2208 1501 veniatur
2241 1447 2564 1512 dill‘erentia,
2594 1461 2700 1517 qua
2748 1446 2816 1500 ab
2845 1445 3080 1501 essentia
3113 1454 3396 1514 separetur
3421 1445 3524 1499 dif-

1958 1539 2187 1595 ferentia
2223 1555 2344 1608 qnae
2371 1549 2455 1595 est
2488 1540 2785 1595 secundum
2819 1539 3060 1610 genitum
3094 1548 3147 1592 et
3176 1537 3477 1607 ingenitum
3505 1553 3523 1594 :

1958 1641 2129 1686 restat
2149 1631 2460 1686 necessario
2491 1633 2541 1685 iu
2565 1632 2834 1686 ambobus
2863 1631 3156 1686 essentiam
3196 1631 3443 1685 eamdem
3470 1637 3526 1683 et

1957 1721 2181 1775 minime
2206 1722 2540 1776 dimerentem
2574 1736 2696 1775 esse
2727 1720 2994 1774 conﬁteri.
3029 1720 3163 1775 lllud
3191 1720 3354 1774 etiam
3387 1734 3526 1790 pra:-

1956 1816 2121 1863 terea
2150 1810 2399 1878 quazjam
2431 1810 2573 1864 dicta
2622 1818 2770 1872 sunt,
2806 1811 3176 1865 examinemus
3203 1807 3524 1876 :Quomodo

1958 1900 2045 1953 hic
2083 1901 2281 1955 asserit
2320 1915 2349 1953 a
2380 1900 2541 1954 Patre
2589 1902 2987 1970 generationem
3053 1908 3360 1970 separatam
3381 1914 3527 1968 esse,

1957 1992 2255 2045 essentiam
2291 1993 2463 2060 ipsam
2498 1991 2803 2063 intelligens
2848 2007 2915 2044 an
2948 2004 3078 2045 vero
3133 1990 3532 2060 operationem?

1960 2084 2063 2140 Sed
2083 2086 2128 2140 si
2160 2088 2530 2155 Operationem
2562 2101 2682 2141 eam
2731 2100 2851 2140 esse
2901 2093 3069 2154 putat,
3101 2085 3241 2140 hanc
3273 2101 3338 2140 ex
3370 2100 3525 2156 aequo

1956 2190 2181 2244 prorsus
2214 2192 2335 2231 cum
2364 2187 2588 2246 operato
2613 2186 2665 2232 et
2695 2184 2952 2246 operante
2983 2178 3299 2248 conjungit:
3334 2192 3528 2246 quem-

1958 2266 2251 2321 admodum
2301 2268 2355 2322 in
2421 2269 2567 2321 omni
2624 2269 2802 2339 operis
2834 2277 3130 2331 structura,
3170 2269 3422 2323 similiter
3470 2269 3525 2323 in

1958 2372 2023 2412 eo
2052 2357 2197 2426 quod
2222 2357 2281 2411 ﬁt
2308 2366 2361 2412 et
2394 2358 2448 2412 in
2476 2358 2740 2413 elIiciente
2770 2362 3139 2429 operationem
3174 2360 3300 2415 licet
3326 2359 3524 2425 videre,

1958 2463 2133 2517 neque
2162 2447 2231 2503 ab
2268 2447 2477 2503 artiﬁce
2497 2456 2799 2518 separatam
2828 2457 2879 2503 et
2906 2450 2958 2503 in
2992 2465 3215 2519 operum
3246 2458 3524 2505 structura

1956 2549 2324 2611 apparentem.
2351 2539 2506 2605 Quod
2541 2540 3017 2611 si(generationcm
3038 2542 3309 2618 videlicet)
3337 2556 3526 2596 essen-

1957 2632 2086 2685 tiam
2118 2631 2290 2700 ipsam
2330 2629 2497 2695 dicat,
2531 2630 2599 2684 ab
2633 2632 2870 2685 essentia
2900 2631 3074 2685 Patris
3107 2642 3432 2701 separatam,
3461 2648 3526 2686 ex

1958 2722 2061 2777 hac
2091 2719 2381 2775 Dominum
2410 2735 2536 2775 esse
2574 2720 2840 2776 conﬁtens
2870 2740 2882 2775 :
2916 2721 3055 2775 hanc
3091 2720 3381 2777 manifesto
3408 2723 3529 2777 loco

1957 2811 2137 2866 Patris
2178 2812 2233 2865 in
2264 2810 2403 2864 Filio
2434 2812 2678 2880 respicit,
2714 2814 2790 2865 ita
2842 2821 2897 2864 ut
2933 2812 3069 2867 duos
3106 2811 3287 2868 Patres
3312 2814 3364 2867 in
3391 2811 3530 2868 Filio

1959 2902 2246 2973 intelligat,
2276 2902 2430 2956 illum
2455 2901 2676 2972 quidem
2704 2902 2922 2956 nomine
2948 2904 3146 2965 solum,
3177 2920 3335 2973 quem
3365 2905 3531 2960 etiam

1884 3022 1930 3084 ο
1964 2995 2263 3065 ingenitum
2291 2996 2444 3058 dicit,
2487 3011 2611 3050 cum
2673 2997 3019 3066 generatione
3046 2996 3246 3050 nullam
3284 3011 3531 3051 commu-

1959 3090 2177 3143 nionem
2233 3089 2518 3143 habentem
2556 3130 2571 3155 ,
2611 3088 2753 3142 hanc
2777 3102 2906 3142 vero
2927 3102 3045 3157 quae
3073 3097 3201 3142 sunt
3245 3086 3422 3145 Patris
3471 3090 3529 3145 in

1960 3179 2247 3251 Uuigenito
2264 3190 2581 3250 operantem
2610 3198 2623 3234 :
2650 3194 2811 3250 quam
2836 3181 3236 3250 generationem
3261 3182 3527 3235 nominat.

1958 3272 2135 3342 Atque
2160 3272 2263 3328 hoc
2300 3272 2473 3341 magis
2526 3287 2594 3327 ex
2650 3272 2786 3342 ipsis
2820 3272 3072 3327 Eunomii
3130 3273 3311 3328 verbis
3362 3289 3528 3344 quam

1958 3362 2165 3418 nostris
2194 3361 2638 3432 deprehenditur.

2028 3454 2170 3509 Dicit
2204 3455 2346 3510 enim
2394 3456 2447 3509 in
2494 3456 2891 3525 sequentibus:
2943 3456 3085 3511 Deus
3138 3469 3308 3511 autem
3336 3459 3426 3528 qui
3452 3465 3530 3513 est

1960 3547 2069 3600 sine
2108 3546 2479 3617 generatione,
2520 3547 2678 3600 etiam
2715 3556 2791 3599 est
2849 3558 2969 3601 ante
3017 3548 3070 3600 id
3117 3547 3254 3618 quod
3294 3549 3527 3618 genitum

1959 3645 2078 3701 est;
2139 3646 2192 3690 et
2242 3638 2401 3706 paulo
2461 3644 2619 3705 post:
2653 3635 2751 3690 Cui
2788 3638 2926 3691 enim
2955 3648 3028 3691 est
3062 3656 3166 3693 esse
3194 3656 3257 3693 e1:
3307 3656 3364 3693 eo
3392 3644 3528 3711 quod

1959 3731 2025 3781 sit
2064 3730 2286 3799 genitus.
2341 3729 2422 3781 hic
2467 3730 2773 3799 priusquam
2829 3740 2955 3783 esset
2996 3732 3197 3800 genitus
3245 3749 3345 3786 non
3390 3743 3523 3787 erat.

1962 3821 2102 3892 Ergo
2130 3840 2172 3875 si
2209 3824 2479 3892 generatio
2511 3840 2541 3875 (ι
2578 3824 2740 3877 Patre
2769 3834 2841 3876 cst
2868 3835 3115 3893 separata
3144 3842 3161 3883 .'
3192 3826 3323 3879 Filio
3350 3838 3529 3881 autem

1962 3931 2069 3967 esse
2115 3924 2189 3967 est
2254 3931 2317 3966 ex
2372 3931 2430 3965 co
2486 3916 2621 3985 quod
2681 3915 2747 3967 sit
2804 3916 3237 3984 grnitus:igitur
3281 3916 3443 3969 Pater
3470 3919 3527 3970 in

1968 4005 2235 4076 Unigcniti
2289 4006 2621 4059 subsistentia
2658 4007 2853 4059 otiosus
2891 4016 2987 4069 est,
3024 4007 3253 4076 nihilque
3282 4024 3523 4078 operam,

1963 4118 2078 4155 cum
2108 4103 2174 4154 sit
2219 4118 2249 4153 a
2299 4100 2633 4170 generatione
2683 4110 2958 4170 separatus
2988 4117 3019 4152 a
3068 4115 3172 4170 qua
3216 4101 3381 4155 Filius
3418 4120 3526 4157 esse

1962 4193 2130 4246 habet.
2168 4191 2222 4244 Si
2257 4192 2421 4260 igitur
2448 4190 2608 4245 Pater
2638 4206 2665 4244 a
2707 4191 2826 4244 Filii
2876 4195 3225 4261 generatione
3260 4194 3526 4252 alienatus

1962 4292 2065 4347 est,
2119 4285 2201 4336 vel
2258 4282 2421 4337 alium
2466 4284 2749 4351 quemdam
2794 4281 2911 4337 Filii
2944 4282 3156 4338 Patrem
3209 4300 3302 4354 per
3331 4301 3523 4342 nomen

1963 4375 2329 4445 generationis
2361 4376 2699 4445 conﬁngunt,
2736 4376 2816 4429 vel
2846 4392 2910 4430 ex
2938 4393 2995 4431 se
3031 4379 3269 4447 genitum
3292 4380 3527 4449 aliquem

1964 4474 2016 4520 et
2050 4466 2137 4520 cui
2170 4466 2271 4535 ipsi
2300 4482 2327 4518 a
2359 4466 2540 4535 seipso
2564 4482 2735 4536 genus
2754 4476 2857 4528 est,
2888 4466 3082 4522 Filium
3127 4470 3213 4524 isti
3255 4472 3530 4540 sapientes

1964 4574 2059 4627 per
2080 4572 2142 4612 ea
2177 4574 2296 4627 quae
2321 4558 2604 4612 suntdicta
2627 4559 3004 4615 demonstrant
3032 4580 3044 4615 :
3069 4562 3216 4618 vides
3240 4564 3536 4635 intelligen—

1966 4651 2094 4704 tiam
2124 4652 2269 4706 velut
2300 4652 2353 4704 in
2411 4652 2556 4706 furto
2600 4652 2992 4722 deprehensam
3040 4656 3179 4727 ejus.
3238 4658 3329 4727 qui
3373 4660 3533 4716 nobls

1965 4743 2236 4798 inscitiam
2274 4759 2489 4799 sursum
2529 4752 2582 4797 et
2607 4744 2861 4799 deorsum
2889 4748 3005 4803 suis
3023 4750 3368 4805 sermonibus
3402 4766 3531 4820 pro-

1968 4833 2068 4888 fert
2092 4843 2146 4886 et
2166 4833 2373 4902 objicit,
2406 4849 2564 4903 quam
2602 4836 2788 4890 multis
2832 4838 2935 4892 viis
2962 4839 3199 4901 oberrat,
3234 4842 3317 4894 vel
3349 4844 3531 4910 potius

1966 4924 2125 4979 inviis
2151 4924 2264 4979 sive
2312 4924 2484 4981 deviis
2526 4926 2662 4981 locis
2694 4928 3027 4997 blasphemia
3068 4931 3217 4985 nullo
3270 4931 3423 4987 ﬁrmo
3476 4942 3532 4988 et

1968 5025 2118 5071 certo
2142 5018 2309 5086 gradu
2362 5018 2428 5071 ad
2462 5034 2619 5073 suum
2672 5035 2895 5089 scopum
2933 5022 3303 5091 progrediens.
3355 5025 3534 5093 Atque

1969 5109 2106 5162 utin
2141 5106 2441 5163 infantibus
2488 5110 2612 5163 licet
2651 5110 2854 5174 videre,
2881 5127 3001 5164 cum
3041 5127 3149 5181 prae
3196 5121 3353 5168 aetate
3401 5116 3535 5171 lusi—

1968 5209 2147 5255 tantes
2169 5200 2223 5254 in
2254 5216 2418 5254 arena
2444 5201 2675 5271 quadam
2700 5202 3051 5256 aediﬁciorum
3085 5212 3389 5262 structuras
3412 5208 3536 5261 imi-

1969 5300 2174 5354 tantur,
2218 5293 2419 5361 quibus
2476 5312 2582 5348 non
2622 5294 2685 5347 ad
2718 5296 2950 5364 aliquem
3003 5312 3226 5365 scopum
3284 5300 3532 5364 imitatio,

1970 5383 2269 5439 secundum
2307 5385 2439 5439 artis
2469 5384 2679 5453 regulas
2708 5386 2770 5438 ad
2795 5386 3143 5456 archetypum
3161 5391 3532 5458 assimilatnr;

1970 5469 2064 5524 sed
2105 5471 2256 5539 prius
2292 5487 2400 5540 prae
2447 5470 2680 5523 amentia
2712 5488 2776 5525 ex
2801 5481 2991 5525 eventu
3025 5474 3227 5543 aliquid
3255 5488 3538 5532 exstruxe-

1969 5570 2095 5614 runt
2128 5579 2140 5614 :
2173 5559 2370 5614 deinde
2422 5559 2727 5613 deliberant
2763 5562 2893 5628 quid
2954 5566 3238 5622 nominare
3289 5579 3537 5639 oporteat

1971 5650 2113 5723 quod
2139 5658 2472 5706 exstructum
2509 5661 2585 5705 est
2617 5670 2630 5708 :
2659 5653 2901 5709 eamdem
2961 5657 3012 5711 in
3041 5658 3309 5730 scriptore
3360 5662 3535 5718 soler-
