4034 6492
543 354 653 414 839
1745 350 1804 407 S.
1844 346 2170 406 GREGORII
2208 344 2251 399 Ν
2258 344 2498 401 YSSENI
3667 351 3753 410 διο

546 470 680 524 tiam
709 465 981 539 perspicio
1009 481 1028 534 ;
1056 464 1203 522 velut
1245 468 1389 522 enim
1430 482 1609 525 arena:
1632 482 1910 527 acervum,
1949 471 2112 536 prout

2159 468 2187 523 ι
2214 461 2364 526 ϐείας
2389 462 2609 533 ῥήματα
2632 462 3008 531 συμφορήσας,
3038 460 3181 531 μετά
3204 459 3368 513 ταῦτα
3403 460 3653 530 λογίζεται
3676 470 3752 537 τῃ

547 561 599 617 ei
625 561 679 617 in
732 570 970 615 mentem
1020 558 1191 623 venit,
1242 558 1537 630 impietatis
1587 560 1750 616 verba
1796 573 2119 629 congerens,

2226 553 2542 623 ἀδιανόητον
2577 550 2945 621 βλασφημίαν,
2970 550 3105 623 πρὸς
3134 552 3162 604 ὅ
3192 569 3244 604 τι
3278 551 3479 621 βλέπει,
3501 552 3614 623 δίχα
3639 560 3755 623 τινὸς

549 657 739 722 postea
798 650 1049 705 insanam
1087 648 1484 719 blasphemiam
1545 666 1656 706 non
1711 646 2120 711 animadvertit,

2224 644 2450 714 λογικῆς
2482 644 2799 707 ἀκολουθίας
2836 646 2901 697 ὲκ
2940 642 3034 697 τοῦ
3070 644 3380 714 αὐτομάτου
3402 645 3487 698 διὰ
3516 645 3616 699 τῶν
3633 650 3755 718 είρη-

550 743 755 813 absque
773 743 882 797 ulla
915 741 1165 797 rationali
1208 743 1602 798 consecutione
1650 742 1878 797 fortuito
1912 749 1966 797 et
1987 756 2121 796 casu

2228 738 2402 807 μένων
2423 739 2524 791 ἀνα
2534 739 2774 803 φυεῖσαν.
2808 737 2881 789 υὺ
2903 736 3011 808 γὰρ
3033 733 3183 807 οἶμαι
3210 736 3346 790 κατά
3374 738 3615 807 πρόθεσιν
3634 742 3755 813 αὐτῷ

550 848 645 906 per
663 849 725 889 ea
753 848 874 904 qua!
894 832 961 888 ab
988 848 1055 888 eo
1081 840 1209 887 sunt
1252 833 1397 889 dicta
1428 834 1803 905 pullulantem.
1830 833 1949 889 Non
1976 833 2122 888 enim

2224 830 2322 899 τὴν
2374 830 2473 900 τῆς
2512 829 2778 897 γενέσεως
2836 828 3131 882 ὑπόστασιν
3178 830 3611 895 ἀναπεπλάσθαι,
3656 836 3756 890 ἀντὶ

550 926 786 981 arbitror
805 940 871 979 ex
898 925 1177 995 proposito
1199 927 1569 994 generationis
1599 925 2015 981 subsistentiam
2048 924 2119 980 ab

2225 919 2437 990 Πατρὸς
2481 924 2547 991 τῇ
2590 922 2748 992 οὐσίᾳ
2785 920 2877 974 τοῦ
2926 919 3057 973 Υίοῦ
3099 921 3404 993 γινομένην.
3442 921 3571 977 Οὐδὲ
3604 925 3658 977 τὸ
3680 926 3755 979 ἀλ-

549 1020 669 1088 ipso
696 1018 982 1072 contictam
1006 1032 1148 1080 esse,
1179 1016 1298 1071 loco
1329 1015 1508 1072 Patris
1534 1018 1787 1072 essentia:
1816 1016 1938 1071 Filii
1966 1031 2124 1072 acce-

2224 1009 2432 1082 λότριον
2472 1010 2854 1081 ἀποδειχθῆναι
2897 1011 2995 1081 τῆς
3046 1010 3349 1081 γεννήσεως
3394 1011 3485 1064 τοῦ
3533 1011 3651 1067 Υίοῦ
3684 1017 3757 1070 τὸν

547 1110 782 1164 dentem.
816 1106 997 1177 Neque
1026 1105 1236 1161 Patrem
1270 1122 1300 1160 a
1338 1106 1459 1161 Filii
1490 1109 1841 1179 generatione
1876 1109 2118 1163 alienum

2225 1103 2462 1174 Πατέρα,
2502 1107 2531 1157 6
2574 1108 2773 1168 σκοπὸς
2812 1099 2912 1175 ἦν,
2947 1106 3022 1165 ὡς
3040 1101 3214 1176 οἶμαι,
3252 1104 3331 1175 τῷ
3373 1106 3573 1178 ῥήτορι,
3603 1109 3757 1181 οὑδὲή

545 1200 945 1261 demonstrare,
988 1196 1089 1251 fuit
1135 1198 1246 1262 hic,
1278 1199 1424 1253 sicut
1453 1214 1596 1262 reor,
1656 1214 1859 1269 scopus
1917 1200 2123 1253 oratori

2225 1195 2607 1263 αὑτογένεθλος
2662 1194 2944 1267 τερατεία,
3012 1197 3101 1250 διά
3161 1214 3305 1260 τινος
3361 1198 3758 1268 προόουλεύσεως

548 1291 899 1362 propositus;
931 1304 1109 1357 neque
1147 1289 1250 1344 hoc
1275 1305 1303 1343 a
1334 1291 1516 1360 seipso
1553 1306 1724 1361 genus
1752 1291 1957 1345 habens
1994 1308 2121 1361 por-

2225 1287 2605 1357 ὲπεισηνέχθη.
2657 1289 2816 1342 Ἀλλὰ
2842 1288 3015 1341 πάντα
3042 1287 3108 1340 τὰ
3132 1288 3352 1340 τοιαῦτα
3373 1289 3598 1353 διανοίας
3621 1294 3759 1362 χωρὶς

546 1392 777 1443 tentnm,
810 1397 905 1451 per
933 1382 1170 1450 aliquam
1199 1382 1612 1436 antecedentem
1669 1382 2120 1437 deliberationem

2223 1382 2516 1455 ἀπημέσθη
2547 1381 2624 1451 τῷ
2670 1382 3125 1452 λογογράφῳ,ὼς
3158 1381 3290 1452 μηδὲ
3332 1382 3527 1451 πολλῆς
3563 1382 3692 1447 ἀξιον
3714 1389 3758 1439 έν

546 1474 753 1527 illatum
781 1483 881 1527 est.
921 1470 1026 1527 Sed
1059 1473 1243 1526 omnia
1284 1474 1415 1527 talia
1446 1474 1654 1544 absque
1703 1490 1867 1529 sensu
1903 1490 1998 1545 per
2032 1491 2124 1527 vo-

2222 1474 2428 1538 τούτοις
2456 1475 2786 1545 κατηγορίας
2833 1472 2991 1536 εἶναι,
3020 1475 3110 1527 τὸν
3151 1474 3569 1544 πλημμελοῦντα
3604 1477 3690 1546 μὲν
3714 1481 3759 1531 ἐν

543 1568 735 1622 mitum
761 1567 830 1620 ab
874 1565 976 1619 hoc
1021 1565 1394 1634 scriptitatore
1433 1574 1560 1618 sunt
1587 1574 1794 1635 egesta,
1826 1573 1884 1619 ut
1936 1566 1988 1619 in
2041 1566 2123 1620 his

2222 1569 2334 1629 τοῖς
2359 1567 2651 1636 δόγμασιν,
2694 1567 2792 1618 οὑκ
2820 1565 2993 1618 εἰδότα
3018 1566 3074 1619 δὲ
3094 1607 3108 1630 ,
3156 1566 3337 1629 καθώς
3378 1584 3537 1637 φησιν
3568 1572 3594 1622 6
3633 1572 3762 1623 Ἀπό-

544 1673 652 1711 non
684 1656 844 1725 longa
870 1656 941 1709 sit
962 1655 1313 1709 accusatione
1348 1655 1546 1725 dignus
1575 1656 1669 1725 qui
1701 1665 1848 1711 errat
1880 1657 2122 1711 indecu-

2226 1658 2437 1720 στολος,
2465 1656 2588 1709 οὕτε
2617 1657 2644 1709 ὃ
2672 1656 2852 1725 λέγει,
2882 1656 3001 1709 οὑτε
3038 1657 3165 1729 περὶ
3190 1658 3347 1711 τίνων
3375 1658 3757 1717 διαϐεϐαιοῦται.

546 1750 760 1812 mentis,
794 1763 970 1815 neque
1018 1748 1175 1809 sciat,
1205 1748 1347 1802 sicut
1394 1748 1634 1816 loquitur
1673 1749 1990 1819 Apostolus,
2029 1767 2122 1803 ne-

543 1856 651 1910 que
689 1807 833 1909 quod
867 1807 1021 1901 dicit,
1045 1807 1222 1907 neque
1243 1838 1309 1892 de
1339 1807 1536 1907 quib-ns
1571 1807 1799 1892 allirniat
1832 1841 1896 1894 ¹⁸.
1981 1807 1988 1811 Π
2159 1807 2199 1861 Β

613 1930 711 1985 Cui
743 1930 911 1993 enim,
940 1930 1135 1999 inquit,
1161 1946 1283 1985 esse
1336 1930 1604 2000 contingit
1650 1946 1716 1984 ex
1749 1947 1814 1985 eo
1857 1933 2002 2002 quod
2051 1934 2119 1989 sit

2294 1914 2364 1992 ᾯ
2396 1920 2503 1990 γάρ
2532 1920 2595 1972 ἐκ
2633 1918 2723 1972 τοῦ
2774 1918 3138 1988 γεννηθῆναι,
3169 1919 3320 1988 φησὶ,
3355 1921 3419 1972 τὸ
3445 1917 3599 1985 εἶναι,
3630 1916 3756 1985 οὗτος

544 2026 780 2098 genitus,
814 2025 901 2079 hic
948 2032 1074 2078 ante
1110 2024 1520 2094 generationem
1567 2040 1675 2078 non
1724 2033 1843 2079 erat
1875 2043 1891 2081 :
1928 2026 1973 2081 si
2026 2044 2122 2095 pro

2224 2012 2328 2080 πρὸ
2363 2013 2459 2081 τῆς
2490 2013 2794 2081 γεννήσεως
2828 2012 2929 2063 οὑκ
2947 2006 3035 2081 ἦν.
3069 2010 3131 2063 Ei
3158 2012 3279 2064 dunt
3302 2010 3397 2064 τοῦ
3430 2011 3628 2081 Πατρός
3653 2014 3762 2065 νοῶν

544 2114 705 2171 Patre
750 2115 1064 2185 intelligens
1113 2114 1521 2182 generationem
1567 2114 1720 2175 dicit,
1766 2130 1866 2184 ego
1905 2132 2122 2186 quoque

2223 2102 2319 2173 τὴν
2353 2102 2602 2172 γέννησιν
2624 2102 2790 2170 λέγει,
2818 2102 2972 2171 κάγὼ
3005 2102 3437 2172 συντίθεμαι,καὶ
3456 2105 3482 2156 6
3510 2103 3763 2170 ἀντιλέγων

547 2208 839 2273 assentior,
874 2215 928 2262 et
962 2224 1069 2261 non
1124 2216 1209 2261 est
1250 2205 1342 2275 qui
1387 2206 1765 2261 contradicat:
1802 2208 1942 2261 idem
1976 2211 2120 2264 enim

2223 2197 2323 2247 οὐκ
2372 2194 2539 2248 ἐστιν.
2585 2194 2763 2247 Ταύτὸ
2810 2189 2930 2265 γάρ’
2968 2197 3084 2247 ἐστι
3133 2195 3200 2248 δι’
3249 2194 3515 2266 ἑκατέρας
3560 2196 3763 2265 σημῆναι

547 2315 643 2368 per
672 2308 961 2368 utramque
990 2298 1286 2352 dictionem
1318 2298 1444 2351 licet
1479 2298 1790 2369 signiﬁcare
1819 2317 1833 2366 ;
1867 2310 1919 2354 et
1958 2317 2024 2355 ex
2056 2317 2122 2355 eo

2223 2285 2319 2353 τῆς
2344 2283 2559 2349 λέξεως,
2592 2285 2655 2338 εκ
2686 2303 2745 2339 τε
2776 2286 2870 2339 τοῦ
2902 2288 3098 2351 εἰπεῖν,
3140 2288 3221 2340 ὅτι
3270 2286 3518 2358 ’Δόραάμ
3547 2288 3764 2357 ἐγέννησε

546 2392 691 2461 quod
731 2391 856 2460 quis
894 2390 1062 2452 dicat,
1100 2390 1247 2459 quod
1294 2388 1571 2444 Abraham
1606 2392 1792 2460 genuit
1832 2391 2021 2461 Isaac;
2070 2404 2123 2449 et

2223 2378 2313 2429 τὸν
2339 2378 2545 2441 Ἰσαὰκ,
2573 2380 2667 2432 κα)⁵
2699 2380 2819 2432 ἀντὶ
2845 2378 2937 2432 τοῦ
2974 2380 3281 2450 ἐγέννησεν,
3306 2382 3388 2433 ὅτι
3424 2382 3599 2453 πατὴρ
3617 2381 3767 2447 ἐγένε-

548 2498 647 2554 pro
691 2484 891 2552 genuit,
923 2482 1065 2552 quod
1100 2491 1252 2549 pater
1287 2480 1389 2535 fuit
1434 2481 1617 2537 lsaac:
1653 2485 1910 2553 quoniam
1959 2488 2123 2556 igitur

2223 2485 2284 2521 το
2335 2468 2427 2521 τοῦ
2471 2468 2670 2523 Ἰσαάκ.
2718 2471 2871 2524 Ἐπεὶ
2893 2467 2984 2523 οὖν
3010 2472 3204 2524 ταύτόν
3233 2473 3347 2524 ἐστι
3375 2473 3453 2544 τῷ
3483 2474 3768 2543 γεγεννηκέ·

547 2572 692 2629 idem
721 2582 803 2627 est
835 2572 1089 2643 genuisse
1120 2578 1172 2625 et
1208 2579 1416 2640 patrem
1445 2587 1586 2633 esse,
1613 2574 1659 2627 si
1694 2576 1818 2643 quis
1847 2576 1899 2629 in
1946 2577 2113 2631 altera

2225 2576 2309 2611 ναι
2341 2561 2401 2612 τὺ
2426 2561 2637 2631 πατέρα
2670 2558 2825 2625 εἶναι,
2863 2563 3023 2625 εἴτις
3056 2562 3191 2632 πρὸς
3215 2563 3399 2632 ἕτερον
3433 2562 3594 2615 τύπον
3631 2578 3766 2632 μετα-

547 2665 725 2719 forma
777 2665 1009 2734 accipiat
1037 2665 1223 2728 verba,
1268 2665 1409 2718 idem
1439 2679 1563 2718 esse
1610 2680 1735 2719 cum
1773 2670 2123 2738 generatione

2224 2648 2375 2701 λάϐοι
2409 2651 2479 2703 τὰ
2511 2652 2747 2720 ῥήματα,
2772 2652 2968 2704 ταὺτδν
3002 2648 3133 2705 οὖσα
3162 2656 3227 2723 τῇ
3255 2655 3502 2723 γεννήσει
3535 2656 3565 2723 ὴ
3596 2655 3767 2724 πατρό·

547 2756 852 2827 paternitas
884 2755 1369 2810 demonstrabitur.
1424 2756 1480 2809 Si
1547 2758 1712 2828 igitur
1743 2761 1821 2814 sic
1879 2760 2124 2831 IOquitur

2223 2756 2322 2811 της
2353 2742 2815 2813 ἀναδειχθήσεται.
2854 2744 2916 2797 Ei
2955 2741 3046 2797 οὖν
3078 2744 3218 2796 οὕτω
3251 2746 3415 2814 φησὶν
3447 2747 3475 2798 6
3516 2746 3768 2815 Εόνόμιος,

549 2848 851 2903 Eunomius
877 2863 891 2900 :
920 2846 1063 2916 quod
1113 2846 1203 2899 cui
1236 2860 1302 2901 ex
1344 2847 1501 2903 Patre
1548 2857 1631 2902 est
1688 2866 1830 2913 esse,
1868 2851 1957 2905 hic
1998 2862 2124 2907 ante

2225 2827 2399 2905 an'n
2438 2835 2546 2905 γὰρ
2596 2836 2659 2887 ὲκ
2701 2832 2794 2887 τοῦ
2834 2836 3045 2906 Πατρός
3074 2835 3133 2888 τὸ
3174 2832 3346 2901 εἶναι,
3397 2830 3547 2901 οὗτος
3576 2837 3670 2907 πρὸ
3695 2837 3768 2890 τοῦ

549 2939 764 2994 Patrem
825 2954 935 2992 non
988 2945 1127 2999 erat,
1161 2953 1332 2993 sanus
1367 2950 1450 2993 est
1487 2955 1689 3005 sermo,
1725 2950 1780 2996 et
1819 2958 1918 2998 nos
1954 2943 2119 3000 dictis

2228 2931 2439 3001 Πατρός
2470 2933 2568 2985 οὑκ
2601 2928 2686 3004 ἦν,
2720 2933 2953 3001 ὑγιαίνει
2984 2934 3012 2985 6
3055 2931 3230 2999 λόγος,
3268 2936 3360 2985 καὶ
3391 2936 3550 3004 ἡμεῖς
3584 2936 3683 2996 τοῖς
3712 2934 3770 2985 εἰ·

546 3031 817 3086 calculum
849 3032 1033 3083 album
1064 3028 1373 3098 adjicimus.
1406 3028 1563 3097 Quod
1595 3032 1641 3087 si
1682 3035 1748 3087 ad
1810 3037 1957 3090 illam
2006 3054 2123 3092 ser-

2232 3027 2483 3097 ρημένοις
2523 3025 2940 3096 ἐπιψηφίζομεν.
2980 3024 3040 3078 Εί
3070 3025 3124 3077 δὲ
3172 3026 3305 3096 πρὸς
3338 3027 3551 3099 ἐκείνην
3581 3026 3772 3097 ἀνατρέ-

550 3137 711 3177 mone
737 3122 971 3175 recurrit
1019 3122 1445 3192 generationem,
1508 3132 1561 3178 et
1593 3134 1899 3194 separatam
1934 3144 2058 3183 esse
2093 3144 2124 3182 a

2179 3175 2193 3193 η
2228 3132 2311 3185 χει
2347 3114 2424 3184 τῷ
2452 3115 2593 3185 λόγῳ
2623 3116 2722 3185 τὴν
2756 3116 3028 3185 γέννησιν,
3059 3115 3153 3168 καὶ
3184 3117 3516 3186 κεχωρίσθαι
3548 3118 3637 3189 μέν
3664 3133 3772 3187 φησι

550 3214 714 3268 Patre
748 3212 1051 3277 contendit,
1088 3223 1281 3269 etcum
1315 3214 1450 3270 Filio
1481 3217 1811 3286 copulatam,
1846 3237 2044 3274 vanum
2072 3231 2124 3275 et

2180 3175 2196 3231 Ξ
2230 3175 2320 3260 τοῦ
2365 3175 2595 3277 Ιίατρδς,
2620 3175 2970 3277 συνεζεῦχθαι
3011 3175 3066 3260 δὲ
3102 3206 3178 3278 τῷ
3206 3175 3319 3278 1⁸ἓῷ
3333 3175 3357 3274 Ι,
3387 3175 3608 3279 μάταιον

552 3318 774 3360 cassum
804 3320 927 3359 esse
953 3304 1187 3360 arbitror
1210 3307 1266 3361 in
1284 3322 1465 3361 rerum
1506 3308 1750 3365 inanium
1802 3319 1855 3364 et
1885 3311 2121 3367 {utilium

2235 3317 2333 3370 μαι
2356 3302 2422 3370 τῇ
2454 3298 2560 3350 τῶν
2598 3298 2926 3369 ἀδιανοήτων
2960 3298 3347 3371 ἐμφιλοχωρεῖν
3392 3302 3615 3374 θεωρίᾳ.
3660 3304 3771 3357 Οὔτε

551 3406 605 3451 et
653 3412 684 3451 a
745 3397 956 3452 ratione
996 3397 1278 3452 deviarum
1338 3401 1710 3469 speculatione
1759 3401 1966 3459 diutius
2022 3405 2125 3458 im-

2232 3397 2338 3462 γὰρ
2381 3393 2428 3443 εί
2472 3392 2700 3462 πρᾶγμα
2733 3392 2852 3444 κατ’
2905 3392 3039 3446 ίδίαν
3073 3393 3369 3446 ὑπόστασιν
3416 3396 3772 3467 θεωρούμενον,

553 3487 777 3541 morari.
826 3484 1010 3557 Neque
1040 3488 1182 3543 enim
1222 3488 1336 3544 sive
1393 3506 1507 3544 rem
1559 3491 1613 3545 in
1663 3494 1880 3563 pr0pria
1941 3496 2126 3551 subsi-

2231 3482 2329 3552 τὴν
2380 3481 2629 3552 γέννησιν
2675 3481 2872 3545 οἴεται,
2904 3482 3028 3535 οὔτε
3070 3485 3117 3535 εί
3169 3484 3305 3554 πρὸς
3349 3486 3410 3538 τὸ
3443 3488 3776 3540 ἀνυπόστατον

555 3581 755 3636 stentia
792 3587 1088 3649 spectatam
1136 3582 1539 3649 generationem
1572 3591 1745 3653 putat,
1781 3603 1955 3655 neque
1979 3589 2024 3643 si
2056 3589 2124 3643 ad

2232 3577 2349 3637 ταῖς
2376 3574 2605 3637 ἐννοίαις
2629 3573 2715 3627 διὰ
2745 3573 2837 3627 τοῦ
2865 3576 3122 3645 ὀνόματος
3148 3576 3499 3648 ὑποσύρεται,
3531 3580 3674 3649 μέχρι
3699 3577 3775 3631 τοῦ

552 3672 759 3740 aliquid
798 3669 944 3740 quod
979 3685 1084 3724 non
1114 3671 1378 3727 subsistat
1409 3675 1724 3730 notionibus
1762 3692 1858 3745 per
1890 3678 1993 3732 hoc
2022 3696 2121 3732 no-

2234 3666 2327 3719 νῦν
2352 3668 2416 3719 ἐκ
2448 3666 2558 3719 τῶν
2586 3666 2892 3737 είρημένων
2933 3667 3166 3719 κατιδεῖν
3195 3668 3548 3739 δεδυνήμεθα.
3580 3671 3776 3739 Φέρεται

554 3779 677 3818 men
740 3763 1096 3832 pertrahitur,
1148 3762 1416 3819 hactenus
1464 3780 1532 3820 ex
1589 3766 1753 3823 dictis
1805 3770 2127 3840 conspicere

2233 3759 2342 3830 γὰρ
2368 3759 2568 3829 ὁμοίως
2594 3759 2730 3830 πρὸς
2763 3760 3029 3831 ἑκατέραν
3060 3758 3168 3813 τῶν
3200 3760 3520 3831 ὑπολήψεων
3566 3762 3622 3816 τὸ
3656 3764 3778 3816 ἀπα-

552 3853 862 3925 potuimus:
902 3853 1073 3908 fertur
1097 3854 1243 3908 enim
1278 3854 1333 3908 in
1360 3862 1649 3926 utramque
1677 3859 1991 3927 opinionem
2016 3877 2125 3916 non

2234 3854 2327 3922 γὲς
2352 3851 2443 3905 τοῦ
2473 3852 2631 3920 λόγου
2658 3852 2750 3906 καὶ
2782 3850 2989 3924 ἀριζον,
3021 3854 3157 3926 πρὸς
3185 3856 3246 3908 τὸ
3270 3855 3461 3910 δοκοῦν
3485 3855 3563 3927 τῷ
3598 3854 3777 3910 νοοῦντι

554 3946 694 4001 bene
724 3954 1040 4015 compactus
1062 3960 1163 4000 nec
1183 3944 1352 4001 firmis
1376 3948 1652 4005 radicibus
1669 3950 1891 4007 innixus
1916 3970 2125 4022 sermo,

1105 3960 1163 4000 cc
1183 3944 1352 4001 firmis
1376 3948 1652 4005 radicibus
1669 3950 1891 4007 innixus
1916 3970 2125 4022 sermo,
2236 3944 2698 4014 περικλινόμενον·

554 4035 828 4092 inclinans
850 4036 917 4090 ad
963 4037 1016 4091 id
1046 4036 1191 4107 quod
1223 4038 1545 4110 intelligenti
1583 4044 1757 4113 magis
1788 4045 2086 4113 placuerit.

630 4126 735 4181 Sed
769 4124 1011 4179 nondum
1053 4127 1403 4195 blasphemia:
1447 4132 1773 4187 acerbitates
1803 4137 2128 4191 examinata:

2318 4125 2455 4179 Ἀλλ’
2480 4123 2630 4179 οὑπω
2654 4123 2722 4178 τὰ
2751 4123 2960 4195 χαλεπὰ
2988 4124 3088 4195 τῆς
3118 4124 3465 4196 βλασφημίας
3497 4126 3773 4197 ἐξήτασται·

558 4224 716 4279 sunt,
779 4231 916 4286 quas
946 4217 1001 4271 in
1037 4218 1395 4288 sequentibus
1456 4222 1683 4291 scriptis
1744 4224 1975 4293 adjicit;
2032 4228 2125 4281 sed

2236 4221 2379 4290 ἆπερ
2404 4220 2505 4291 ἤδη
2529 4219 2636 4272 τῶν
2659 4218 3105 4289 γεγραμμένωνή
3128 4218 3414 4273 ἀκολουθία
3450 4218 3775 4291 προστίθησι,

554 4309 667 4378 iam
694 4309 808 4375 ejus
839 4310 984 4364 dicta
1013 4310 1079 4364 ad
1112 4312 1341 4366 verbum
1370 4313 1801 4372 consideremus.
1834 4318 1987 4373 llaud
2012 4321 2127 4376 scio

2236 4312 2328 4363 καὶ
2357 4311 2420 4382 δὴ
2454 4310 2523 4363 τὰ
2551 4311 2816 4382 εἰρημένα
2848 4310 2988 4364 κατά
3026 4310 3170 4377 λέξιν
3201 4301 3779 4383 διασκεψώμεθα.’οίδα

554 4414 694 4455 sane
749 4400 1020 4468 quomodo
1048 4398 1359 4455 horriﬁcam
1408 4412 1463 4457 et
1514 4404 1735 4474 impiam
1779 4408 1987 4464 Christi
2032 4427 2128 4481 op-

2234 4402 2289 4455 δὲ
2332 4402 2447 4466 πῶς
2498 4402 2610 4454 ἔστι
2661 4400 2929 4471 τολμῆσαι
2977 4403 3360 4471 προσενεγκεῖν
3408 4401 3496 4456 διὰ
3543 4402 3778 4470 στόματος

555 4490 881 4560 pugnatoris
919 4489 1158 4543 lizeretici
1207 4491 1564 4560 scriptionem
1601 4496 1803 4551 audere
1859 4499 1987 4552 licet
2032 4518 2126 4555 ore

2185 4539 2205 4592 )
2236 4493 2333 4565 τὴν
2362 4492 2604 4565 φρικώδη
2634 4508 2693 4543 τε
2729 4491 2822 4544 καὶ
2850 4491 3005 4545 ἄθεον
3031 4490 3123 4544 τοῦ
3151 4494 3518 4565 χριπομάχου
3546 4492 3778 4561 λογογρα-

557 4579 839 4650 proferre;
873 4596 1064 4634 vereor
1104 4596 1170 4635 ne
1205 4580 1287 4634 ori
1318 4598 1412 4652 per
1445 4585 1589 4653 quod
1620 4588 1844 4641 verbum
1906 4594 2126 4656 transit,

2186 4579 2199 4592 ⁷
2232 4586 2380 4655 φίαν.
2413 4584 2635 4636 Δέδοικα
2666 4583 2776 4654 γὰρ
2805 4585 3015 4655 μήποτε
3043 4584 3163 4638 καθ’
3192 4585 3487 4657 ὁμοιότητα
3513 4585 3616 4638 τῶν
3641 4584 3779 4651 δηλη-

556 4669 802 4724 letalitnn
838 4685 1167 4724 venenorum
1198 4687 1353 4727 more
1411 4674 1707 4730 mortifera:
1747 4681 2131 4737 amaritudinis

2230 4674 2430 4746 τηρίων
2449 4674 2751 4745 φαρμάκων
2782 4675 3109 4745 ἐναπόθηται
3148 4675 3224 4746 τῷ
3263 4676 3528 4746 στόματι,
3559 4676 3622 4728 δι’
3652 4667 3706 4727 οὑ
3731 4672 3778 4725 τὸ

555 4760 818 4831 reliquias
875 4762 1044 4815 indat.
1111 4761 1349 4829 Oportet,
1402 4765 1577 4834 inquit
1625 4768 1944 4837 Apostolus,
1981 4789 2130 4826 acce-

2234 4766 2383 4836 ῥῆμα
2418 4765 2789 4835 παρέρχεται,
2828 4766 2927 4835 τῆς
2974 4766 3295 4838 φθοροποιοῦ
3345 4769 3568 4840 πικρίας
3596 4768 3651 4820 τὸ
3690 4764 3780 4819 λεί-

555 4852 764 4906 dentem
794 4852 862 4905 ad
901 4852 1064 4906 Deum
1094 4854 1303 4909 credere
1331 4858 1457 4925 quia
1487 4867 1564 4909 est
1596 4858 1660 4913 υ.
1711 4858 1878 4930 Igitur
1906 4862 2131 4917 deitatis

2227 4857 2414 4926 ψανον.
2469 4857 2799 4911 Πιστεῦσαι
2850 4857 2944 4911 δεῖ
2981 4859 3087 4912 τὸν
3130 4862 3613 4929 προσερχόμενον
3657 4856 3776 4921 Θεῷ,

560 4945 838 5014 pr0prium
884 4943 1143 4999 indicium
1177 4953 1260 5000 est
1299 4964 1425 5003 vere
1456 4965 1599 5005 esse.
1636 4950 1736 5005 llic
1768 4965 1947 5007 autem
2005 4971 2127 5009 eum

2236 4950 2397 5021 φησὶν
2437 4952 2465 5003 6
2516 4950 2863 5014 Ἀπόστολος,
2891 4951 2979 5005 ὅτι
3001 4951 3189 5009 ἐστιν.
3220 4953 3427 5006 Οὐκοῦν
3462 4954 3588 5006 ἴδιον
3617 4951 3778 5017 θεότη-

559 5036 655 5106 qui
694 5051 818 5090 vere
862 5044 967 5099 est,
1005 5036 1241 5091 adstruit
1296 5038 1375 5091 vel
1424 5054 1529 5094 non
1578 5044 1796 5111 preprie
1845 5060 2000 5107 esse,
2046 5045 2130 5098 vel

2236 5060 2325 5106 τος
2353 5041 2661 5114 γνώρισμια
2680 5083 2693 5108 ,
2724 5043 2784 5096 τὸ
2825 5043 3037 5113 ἀληθῶς
3068 5040 3225 5098 εἶναι·
3263 5047 3289 5098 6
3328 5045 3383 5097 δὲ
3414 5041 3778 5104 κατασκευάζει

558 5143 665 5185 non
699 5129 754 5183 in
783 5129 1098 5185 universum
1139 5144 1298 5185 esse:
1330 5133 1476 5201 quod
1532 5134 1675 5189 idem
1702 5143 1785 5189 est
1815 5151 1878 5190 ac
1908 5139 1953 5191 si
1984 5138 2130 5192 dicat

2236 5136 2325 5189 τὸν
2368 5136 2581 5208 ἀληθῶς
2607 5135 2737 5189 ὄντα
2760 5178 2773 5200 ,
2805 5136 2837 5207 ἢ
2881 5138 2956 5209 μὴ
2991 5138 3195 5208 κυρίως
3227 5134 3383 5199 εἶναι,
3413 5140 3445 5210 ἢ
3481 5139 3555 5210 μὴ
3578 5135 3778 5190 καθόλου

558 5222 704 5290 quis,
730 5221 953 5276 omnino
980 5232 1032 5277 et
1080 5222 1297 5292 penitus
1340 5239 1447 5278 non
1477 5241 1630 5291 esse;
1679 5227 1773 5295 qui
1817 5229 1961 5282 enim
2002 5246 2129 5299 pro-

2238 5224 2372 5281 εἶναι
2391 5272 2406 5294 ,
2431 5228 2566 5300 ὅπερ
2591 5224 2707 5282 ῐσόν
2736 5230 2852 5282 ἐστι
2879 5228 2956 5299 τῷ
2987 5229 3119 5299 μηδὲ
3139 5228 3275 5294 ὅλως
3310 5225 3472 5285 εἶναι.
3510 5232 3567 5283 '0
3587 5228 3688 5299 γὰρ
3718 5224 3778 5297 μὴ

558 5314 675 5384 prie
710 5330 817 5369 non
864 5322 968 5381 est,
1017 5330 1196 5385 neque
1224 5323 1309 5369 est
1357 5315 1623 5373 funditus.
1659 5320 2126 5384 Quemadmodum

2235 5321 2438 5393 κυρίως
2482 5320 2576 5387 ὣν,
2635 5321 2754 5375 οὑδέ
2788 5323 2933 5375 ἐστιν
2970 5321 3127 5384 ὅλως.
3169 5318 3293 5377 Οἷον
3340 5324 3551 5394 τρέχειν
3592 5321 3779 5388 λέγεται

558 5406 605 5459 is
640 5405 841 5461 dicitur
873 5424 966 5478 per
1003 5408 1368 5478 phantasiam,
1416 5411 1529 5463 sive
1589 5410 2032 5481 imaginationem
2072 5414 2127 5468 in

2236 5412 2377 5467 κατὰ
2409 5412 2505 5484 τὴν
2536 5413 2782 5467 ἐνύπνιον
2811 5412 3108 5483 φαντασίαν
3164 5414 3192 5466 6
3231 5416 3293 5484 τῇ
3334 5413 3531 5483 σπουδῇ
3561 5410 3651 5464 τοῦ
3677 5407 3779 5478 δρό-

559 5498 764 5552 εοιιιηίε
793 5514 1034 5565 currere,
1069 5500 1161 5569 qui
1209 5515 1403 5554 cursus
1441 5500 1621 5555 studio
1674 5518 1893 5558 currere
1943 5505 2133 5576 imagi-

2243 5525 2339 5578 μου
2362 5507 2858 5579 ἐμφανταζόμενος.
2904 5508 3040 5562 Ἀλλ’
3072 5509 3258 5578 ἐπειδὴ
3287 5507 3495 5577 ψευδῶς
3528 5507 3621 5576 τὴν
3652 5504 3778 5566 δόκη·

562 5598 737 5643 natur.
766 5589 868 5644 Sed
900 5592 1158 5661 quoniam
1182 5592 1317 5648 falso
1339 5594 1446 5649 veri
1469 5610 1664 5650 cursus
1692 5596 2127 5668 imaginationem

2241 5618 2324 5653 σιν
2370 5599 2463 5651 τοῦ
2504 5599 2735 5670 ἀληθοῦς
2774 5601 3120 5672 ὑποκρίνεται
3166 5600 3398 5671 δρόμου,
3448 5598 3538 5653 διὰ
3573 5593 3715 5650 τοῦτο
3754 5592 3780 5660 ἡ

630 5767 731 5823 ιιι
771 5769 911 5827 Tim.
954 5789 992 5842 ι,
1024 5773 1077 5832 7.
1154 5772 1378 5830 “Hebr.
1424 5788 1498 5842 ιι,
1527 5772 1582 5830 6.
