4034 6504
576 367 681 414 διδ

1794 366 1853 422 S.
1892 366 1932 419 G
1948 368 2222 423 REGORII
2261 369 2547 427 NYSSENI

3689 393 3777 447 836

575 491 679 534 est.
719 480 772 531 Si
812 481 953 533 enim
981 483 1049 534 ob
1082 498 1198 535 eam
1234 497 1455 537 causam
1498 484 1820 552 Unigcnitus
1849 483 1991 539 Deus
2016 502 2143 555 pre-

2261 491 2458 553 τὰντως
2493 492 2769 562 ὲξῆρηται.
2818 491 2976 547 Ἀλλά
3008 500 3111 564 μὴν
3138 501 3193 551 ἐν
3227 501 3307 552 σοὶ
3342 502 3375 569 ἡ
3403 503 3587 573 καρδία
3614 508 3698 559 καὶ
3725 511 3776 563 οὗ

581 576 693 641 prie
726 586 831 625 non
864 583 965 633 est,
1021 575 1146 641 quia
1184 574 1235 625 in
1270 573 1446 628 Patris
1485 583 1569 627 est
1615 573 1847 637 sinibus,
1879 575 2143 644 quidquid

578 673 661 715 est
690 666 741 716 in
771 664 972 735 aliquo,
1005 666 1247 719 funditus
1274 682 1303 718 c
1332 681 1510 717 rerum
1536 674 1727 717 natura
1751 666 2018 719 sublatum
2039 677 2143 721 est.

580 756 744 825 Atqui
779 756 831 809 in
874 766 923 811 te
954 772 1049 810 cor
1080 767 1165 812 est
1196 766 1250 810 et
1288 773 1395 810 non
1426 774 1519 826 per
1544 774 1621 814 se.
1662 758 1824 827 igitur
1845 758 2143 812 secundum

581 856 727 899 tuam
776 849 1041 901 rationem
1070 848 1151 901 vel
1198 849 1421 901 omnino
1450 847 1737 901 dicendum
1769 856 1853 903 est
1886 866 1992 902 non
2026 865 2147 903 esse

584 938 782 1005 ipsum,
825 939 908 992 vel
958 955 1064 991 non
1106 940 1321 1008 proprie
1363 954 1505 992 esse.
1546 937 1650 991 Sed
1689 939 1830 1007 quod
1869 939 2147 992 indoctum

582 1039 636 1083 et
659 1030 1057 1103 blasphemum,
1093 1032 1143 1084 id
1173 1039 1257 1085 est
1289 1031 1451 1099 impie
1480 1040 1532 1083 et
1562 1031 1823 1083 scelerate
1852 1032 2146 1098 prolatum,

582 1125 637 1177 in
664 1124 783 1191 ejus
817 1124 977 1178 dictis
1017 1133 1222 1177 tantum
1254 1133 1333 1176 est
1371 1132 1424 1177 et
1454 1125 1579 1187 tale,
1610 1131 1666 1175 ut
1696 1124 1859 1177 etiam
1891 1132 2019 1175 ante
2052 1138 2151 1176 no-

583 1224 727 1269 stros
775 1230 1053 1269 sermones
1093 1225 1272 1268 mente
1306 1216 1546 1285 praeditis
1598 1218 1667 1267 sit
1716 1216 2061 1284 perspicuum
2098 1223 2151 1267 et

585 1309 970 1373 manifestum;
1027 1317 1083 1362 ut
1114 1320 1293 1362 autem
1344 1310 1515 1379 magis
1545 1309 1665 1378 ejus
1703 1325 1826 1361 cum
1877 1309 2151 1377 impietate

583 1400 876 1468 conjuncta
907 1402 1176 1455 dementia
1221 1402 1550 1459 innotescat.
1607 1401 1707 1453 hoc
1763 1400 1828 1452 iis
1859 1415 1978 1469 qua:
2026 1407 2153 1452 ante

582 1490 820 1549 diximus
863 1492 1184 1562 adjiciemus
1218 1492 1312 1545 :Si
1366 1494 1542 1545 solum
1594 1492 1809 1561 proprie
1851 1506 1973 1546 esse
2028 1492 2152 1544 licet

584 1586 785 1649 dicere,
816 1587 904 1641 cui
934 1586 1229 1655 Scriptura:
1267 1601 1447 1639 sermo
1495 1586 1803 1638 absolutum
1840 1595 1892 1639 et
1925 1584 2150 1638 liberum

583 1679 831 1731 attribuit
863 1692 1003 1736 esse.
1039 1677 1394 1745 quamobrem
1440 1676 1602 1729 veluti
1650 1675 1858 1745 aquarii
1895 1674 2153 1728 habentes

583 1777 904 1839 potestatem
931 1768 1167 1829 bibendi,
1202 1768 1291 1821 siti
1323 1766 1658 1821 cnecantur?
1692 1775 1745 1820 et
1769 1766 1854 1818 hic
1882 1766 1936 1819 in
1974 1782 2155 1834 prom-

580 1870 677 1930 ptu
727 1861 932 1915 habens
980 1860 1241 1913 adversus
1270 1859 1657 1927 blasphemiam
1697 1858 1749 1910 in
1792 1857 1987 1911 Filium
2020 1873 2156 1925 prae-

585 1961 900 2005 si-ntaneum
933 1950 1248 2012 remedium,
1274 1950 1573 2003 connivens
1595 1948 1985 2018 prtetercnrrit.
2011 1949 2158 2001 velut

585 2044 792 2097 servari
854 2050 1121 2096 metuens.
1178 2041 1241 2094 Et
1280 2041 1536 2094 Basilium
1592 2042 1735 2109 turpi
1790 2042 1926 2093 fama
1974 2039 2155 2092 differt

584 2136 729 2204 quod
754 2134 1138 2188 distinctiones
1156 2133 1371 2187 silentio
1393 2133 1589 2185 tacitus
1614 2134 1949 2201 prtetcriens,
1981 2133 2154 2185 solum

580 2230 638 2282 in
672 2244 731 2283 se
765 2229 882 2296 ipso
920 2227 1144 2281 verbum
1193 2235 1307 2279 erat
1340 2227 1392 2277 in
1425 2224 1714 2293 Unigenito
1757 2225 2030 2293 exposuit.
2061 2225 2157 2275 At-

584 2324 677 2394 qui
712 2328 945 2391 poterat.
998 2334 1116 2389 quae
1162 2319 1251 2373 ille
1299 2318 1453 2378 vidit,
1502 2326 1556 2371 et
1603 2332 1790 2371 eorum
1823 2317 1913 2385 qui
1958 2316 2160 2368 habent

586 2414 777 2468 oculos
842 2414 1221 2480 unusquisque
1276 2410 1444 2472 videt,
1501 2418 1555 2463 et
1607 2410 1694 2463 hic
1741 2410 1902 2463 etiam
1954 2408 2155 2462 videre.

580 2506 741 2572 Quod
776 2506 904 2559 mihi
939 2505 1151 2558 videtttr
1180 2503 1365 2557 divino
1417 2502 1678 2555 instinctu
1712 2501 2001 2570 alliatuque
2028 2516 2159 2554 con-

585 2600 785 2653 citatus
825 2598 1079 2652 excelsus
1105 2594 1366 2656 Joannes,
1406 2605 1466 2648 ut
1503 2610 1597 2648 ora
1625 2610 1816 2647 eorum
1862 2594 1953 2662 qui
1994 2593 2158 2646 Chri-

588 2700 730 2744 stum
783 2696 1099 2757 oppugnant
1146 2688 1479 2747 Obstrueret,
1534 2684 1736 2754 quique
1791 2695 2012 2752 propter
2060 2683 2159 2737 has

585 2780 952 2839 accessiones.
982 2776 1184 2832 Christi
1210 2792 1393 2831 verum
1417 2791 1537 2829 esse
1559 2786 1611 2829 et
1632 2774 1912 2843 proprium
1943 2773 2157 2826 irritum

591 2874 767 2927 facere
799 2881 1157 2936 conarentur,
1194 2870 1540 2939 simpliciter,
1586 2869 1864 2929 absolute,
1897 2875 1950 2919 et
1994 2866 2161 2920 inter-

590 2965 792 3016 minale
827 2962 1051 3023 dixisse,
1085 2961 1225 3015 Deus
1252 2968 1370 3015 erat
1411 2958 1646 3013 Verbum
1668 2999 1682 3019 .
1710 2966 1763 3012 et
1797 2958 1904 3010 vita
1936 2968 2073 3017 erat,
2107 2966 2160 3011 et

590 3057 677 3108 lux
711 3062 849 3117 erat,
879 3062 931 3107 et
963 3069 1067 3107 non
1097 3053 1272 3106 solum
1305 3052 1398 3121 qui
1426 3060 1507 3109 est
1540 3051 1591 3103 in
1623 3049 1908 3118 principio.
1942 3056 1995 3102 et
2016 3047 2157 3117 apud

2186 1827 2227 1882 Β

2246 582 2365 633 καθ’
2405 583 2603 652 ἑαυτήν
2630 585 2794 636 ἐστιν.
2833 586 2973 653 ’Λρα
3006 585 3146 636 κατά
3168 590 3255 639 τὴν
3297 590 3385 642 σὸν
3406 591 3558 659 λόγον
3594 594 3626 664 ἢ
3666 598 3778 650 καθ.

2246 674 2366 726 όλου
2410 676 2513 745 χρὴ
2560 675 2631 745 μὴ
2660 672 2793 728 εἶναι
2822 676 3001 744 λέγειν
3028 676 3215 747 αὐτὴν,
3244 677 3276 745 ἢ
3320 683 3392 753 μὴ
3423 686 3618 753 κυρίως
3640 684 3776 744 εῖναι.

2261 765 2417 818 Ἀλλά
2463 767 2523 818 τὸ
2571 766 2668 835 μὲν
2707 768 3028 821 ἀπαίδευτον
3074 771 3131 820 ὲν
3173 771 3284 830 τοῖς
3328 771 3626 840 εἰρημένοις
3671 784 3780 850 παρ’

2249 858 2411 911 αὑτοῦ
2445 858 2538 911 καὶ
2578 860 2637 911 τὸ
2662 860 2997 929 βλάσφημον,
3040 860 3290 911 τοσοῦτόν
3327 878 3381 911 τε
3420 863 3509 912 καὶ
3545 868 3779 929 τοιοῦτον,

2249 953 2323 1014 ὡς
2364 954 2457 1005 καὶ
2498 954 2602 1023 πρὸ
2644 955 2751 1006 τῶν
2788 956 3070 1025 ἡμετέρων
3110 957 3281 1023 λόγων
3328 961 3628 1025 καταιβανὲς
3666 963 3782 1019 εἶναι

2249 1045 2358 1104 τοῖς
2391 1043 2511 1095 νοῦν
2554 1044 2785 1112 ἔχουσιν·
2817 1044 2890 1107 ὼς
2928 1046 2971 1098 δ’
3020 1046 3085 1099 ἂν
3128 1047 3323 1115 μᾶλλον
3364 1048 3604 1116 ἐπίδηλος
3646 1056 3782 1109 αὐτοῦ

2250 1134 2457 1198 γένοιτο
2484 1135 2619 1204 μετά
2646 1137 2743 1205 τῆς
2773 1138 3023 1200 ἀσεϐείας
3045 1141 3077 1207 ἡ
3111 1139 3283 1197 ἄνοια,
3311 1139 3467 1191 τοῦτο
3492 1143 3599 1202 τοῖς
3626 1162 3785 1215 προει-

2255 1226 2507 1293 ρημένοις
2549 1226 2954 1297 προσθήσομεν*
2982 1229 3041 1280 Ei
3084 1228 3241 1298 μόνον
3283 1231 3397 1282 ἔστι
3436 1231 3634 1299 κυρίως
3668 1233 3785 1291 εἶναι

2252 1316 2445 1383 λέγειν,
2551 1318 2649 1388 τῆς
2680 1318 2901 1389 Γραφῆς
2934 1321 2962 1371 6
2993 1319 3148 1388 λόγος
3187 1320 3581 1390 ἀπολελυμένον
3622 1340 3676 1375 τε
3709 1332 3785 1382 καὶ

2253 1406 2476 1477 ἄσχετον
2508 1411 2772 1479 μαρτυρεῖ
2808 1414 2867 1462 τὸ
2900 1405 3036 1464 εἶναι
3058 1453 3072 1474 ,
3104 1411 3190 1464 διὰ
3230 1410 3284 1464 τί
3319 1412 3570 1481 καθάπερ
3593 1416 3639 1465 οἱ
3662 1414 3787 1483 ὑδρο»

2254 1501 2543 1570 φοροῦντες
2575 1503 2633 1554 ὲν
2676 1501 2891 1573 ἐξουσίᾳ
2921 1503 3012 1555 τοῦ
3052 1507 3193 1555 πιεῖν
3228 1507 3293 1575 τῇ
3318 1503 3447 1576 δίψῃ
3480 1505 3790 1574 φθείρονταις

2253 1594 2362 1645 Καὶ
2388 1589 2539 1655 οὗτος
2562 1594 2846 1664 πρόχειρον
2876 1595 3011 1665 έχων
3029 1596 3124 1665 τῆς
3150 1596 3289 1649 κατά
3316 1596 3407 1648 τοῦ
3434 1595 3563 1649 Υἱοῦ
3583 1597 3792 1669 βλασφη-

2258 1684 2383 1754 μίας
2405 1684 2465 1736 τὸ
2487 1686 2918 1756 ἀντιφάρμακον,
2941 1682 3212 1755 ἐπιμύσας
3236 1686 3607 1756 παρέδραμεν,
3636 1686 3795 1758 ὥσπερ

2255 1776 2314 1829 τὸ
2348 1776 2584 1846 σωθῆναι
2626 1776 2975 1847 φοϐούμενος.
3007 1780 3113 1831 Καὶ
3145 1777 3349 1830 ἀδικεῖν
3382 1779 3619 1831 αἰτιᾶται
3658 1777 3795 1833 Basi-

2258 1868 2417 1930 λειον,
2447 1870 2527 1921 ὅτι
2556 1870 2680 1934 τοὺς
2712 1869 3161 1940 προσδιορισμοὺς
3189 1871 3465 1940 σιωπήσας
3485 1910 3500 1930 ,
3548 1869 3695 1939 μόνον
3727 1872 3796 1939 ἐφ’

2259 1957 2446 2012 ἑαυτοῦ
2475 1958 2535 2010 τὸ
2556 1955 2634 2026 ἦν
2662 1960 2751 2011 ἐπὶ
2781 1957 2873 2012 τοῦ
2902 1958 3231 2027 Μονογενοῦς
3284 1956 3597 2028 διηγήσατο.
3632 1959 3796 2011 Καίτοι

2259 2066 2321 2117 γε
2345 2049 2565 2102 δυνατὸν
2584 2046 2672 2120 ἦν,
2697 2049 2731 2103 ἂ
2752 2052 2955 2113 ἐκεῖνος
2976 2046 3103 2113 οἶδε,
3128 2050 3221 2103 καὶ
3245 2050 3475 2112 ἕκαστος
3498 2048 3608 2101 τῶν
3629 2048 3798 2117 ὀφθαλ-

2264 2141 2396 2210 μοὺς
2444 2142 2672 2210 ἐχόντων
2725 2142 2845 2214 ὁρᾷ.
2898 2142 2993 2195 καὶ
3030 2142 3216 2193 τοῦτον
3245 2141 3391 2195 ἰδεῖν,
3435 2140 3503 2193 '0
3556 2158 3641 2210 μοι
3676 2141 3799 2194 δοκεῖ

2262 2233 2609 2303 προφητικῶς
2630 2232 2867 2303 κινηθεὶς
2894 2235 2923 2286 6
2952 2233 3150 2303 ὑψηλὸς
3189 2232 3439 2301 Ἰωάννης
3461 2271 3475 2293 ,
3520 2230 3597 2294 ὠς
3628 2233 3687 2284 ἂν
3719 2234 3797 2302 ἑμ-

2261 2325 2495 2395 φραγείη
2530 2325 2598 2377 τὰ
2636 2326 2877 2395 στόματα
2912 2324 3016 2377 τῶν
3056 2323 3561 2395 χριστομαχουντων
3601 2322 3681 2375 διὰ
3718 2325 3797 2385 τὰς

2261 2416 2573 2485 προσθήκας
2608 2416 2808 2476 ταύτας
2846 2415 3173 2468 ἀθετούντων
3206 2414 3298 2466 τοῦ
3347 2412 3585 2483 Χριστοῦ
3625 2413 3680 2465 τὸ
3716 2431 3796 2467 κυο

2265 2510 2392 2580 ρίως
2436 2505 2571 2560 εἶναι
2592 2547 2607 2568 ,
2642 2508 2825 2570 ἁπλῶς
2857 2508 2949 2559 καὶ
2995 2506 3309 2575 ἀδιορίστως
3344 2507 3541 2567 εἰπεῖν,
3582 2505 3660 2556 ὅτι
3692 2504 3799 2567 Θεὸς

2260 2597 2326 2671 ἦν
2353 2604 2379 2654 6
2402 2602 2592 2669 Λόγος,
2626 2602 2719 2653 καὶ
2745 2600 2855 2670 ζωὴ
2876 2596 2963 2670 ἦν,
2988 2598 3081 2652 καὶ
3104 2596 3216 2666 φῶς
3239 2592 3326 2668 ἦν,
3360 2599 3419 2649 οὐ
3448 2598 3557 2667 μὴν
3584 2598 3638 2649 ὲν
3658 2596 3795 2666 ἀρχῇ.

2260 2694 2355 2746 καὶ
2386 2692 2521 2763 πρὸς
2549 2694 2639 2745 τὸν
2666 2694 2816 2754 Θεὸν,
2865 2693 2959 2745 καὶ
2991 2694 3048 2745 ὲν
3082 2692 3300 2753 κόλποις
3342 2688 3435 2742 τοῦ
3484 2688 3689 2758 [ἰατρὸς
3717 2686 3791 2739 ὧν·

2260 2782 2398 2835 ὥστε
2431 2780 2518 2835 διὰ
2550 2782 2648 2852 τῆς
2678 2782 2926 2852 τοιαύτης
2952 2782 3185 2851 σχέσεως
3213 2778 3553 2850 ἀναιρεῖσθαι
3584 2777 3671 2829 τοῦ
3706 2778 3797 2828 Κυ-

2263 2872 2380 2943 ρίου
2419 2873 2479 2926 τὸ
2516 2873 2717 2944 κυρίως
2761 2870 2919 2925 εἶναι*
2956 2873 3089 2926 ἀλλὰ
3138 2874 3196 2925 τὸ
3231 2874 3401 2925 εἰπεῖν
3446 2873 3529 2923 ὅτι
3572 2870 3693 2932 Θεὸς
3726 2864 3795 2939 ἦν.

2260 2965 2324 3034 τῇ
2358 2964 2570 3033 ἀσχέτῳ
2608 2964 2776 3034 ταύτῃ
2820 2965 2913 3017 καὶ
2952 2964 3202 3034 ἀπολύει-ῳ
3239 2966 3389 3033 φωνῇ
3411 3001 3425 3024 ,
3456 2965 3636 3015 πᾶσαν
3674 2977 3801 3030 περι-

2260 3052 2463 3124 δρομὴν
2497 3053 2602 3106 τῶν
2643 3056 2721 3112 είς
2754 3054 3007 3107 ἀσέϐειαν
3050 3055 3351 3124 τρεχόντων
3397 3055 3511 3116 τοῖς
3558 3051 3799 3120 λογισμοῖς

593 3145 781 3205 Deum,
813 3152 866 3198 et
900 3145 951 3197 in
997 3144 1210 3198 sinibus
1240 3143 1416 3197 Patris
1450 3162 1460 3195 :
1500 3143 1570 3195 ita
1605 3151 1661 3193 ut
1692 3157 1787 3210 per
1817 3142 1977 3193 talem
2016 3141 2158 3193 rela-

2261 3142 2641 3213 ὑποτέμνεται.
2672 3144 2777 3196 Καὶ
2806 3144 2883 3196 ἔτι
2915 3145 3047 3214 πρὸς
3072 3142 3320 3206 τούτοιςδ
3350 3144 3443 3197 καὶ
3462 3142 3659 3213 μᾶλλον
3677 3140 3803 3207 ὲλέγ·

589 3236 792 3288 tionem
842 3234 1058 3303 proprie
1104 3248 1225 3287 esse
1270 3232 1481 3286 Domini
1522 3232 1744 3285 tollatur
1770 3246 1779 3279 :
1807 3229 1900 3284 sed
1929 3230 2161 3284 dicendo

591 3326 736 3396 quod
784 3324 927 3379 Deus
961 3333 1098 3387 crat,
1135 3325 1235 3378 hac
1279 3325 1447 3378 libera
1482 3332 1534 3377 et
1576 3324 1751 3377 soluta
1782 3337 1915 3377 voce
1945 3337 2161 3375 onmem

594 3416 879 3469 circuitum
921 3415 987 3468 ad
1020 3414 1349 3483 impietatem
1379 3413 1713 3468 currentium
1741 3412 2162 3483 cogitationibus

595 3506 891 3561 intercidit.
925 3505 1194 3561 Prteterea
1224 3511 1367 3575 quod
1408 3507 1570 3560 etiam
1616 3505 1789 3575 magis
1822 3503 2164 3559 adversario-

598 3614 715 3651 rum
751 3598 1137 3667 malignitatcm
1187 3595 1382 3649 refellit
1412 3610 1422 3644 :
1456 3595 1501 3647 si
1546 3594 1688 3648 enim
1744 3594 1793 3645 in
1829 3593 2012 3661 aliquo
2044 3607 2164 3646 esse

597 3698 976 3759 argumentum
1014 3687 1239 3748 faciunt,
1276 3686 1420 3756 quod
1454 3701 1561 3738 non
1598 3687 1668 3739 sit
1704 3684 1941 3755 proprie,
1988 3700 2163 3753 neque

596 3779 812 3833 Patrem
875 3779 1092 3849 proprie
1152 3792 1275 3831 esse
1327 3776 1549 3829 omnino
1598 3776 1925 3829 conﬁtentur
1975 3776 2065 3843 qui
2110 3775 2163 3828 in

599 3871 888 3941 Evangelio
915 3871 1237 3929 didicerunt.
1268 3867 1409 3937 quod
1436 3867 1892 3937 quemadmodum
1923 3865 2089 3919 Filius
2111 3868 2162 3921 in

596 3963 780 4025 Patre,
824 3963 903 4015 sic
931 3970 984 4016 et
1012 3960 1172 4015 Pater
1213 3962 1265 4013 in
1304 3959 1443 4013 Filio
1473 3968 1675 4019 manet,
1714 3959 2010 4013 secundum
2062 3959 2166 4011 Do-

599 4056 728 4109 mini
753 4071 959 4108 rorem.
994 4054 1228 4122 Equale
1254 4060 1336 4106 est
1360 4052 1505 4105 enim
1533 4050 1585 4103 in
1615 4051 1823 4104 sinibus
1846 4048 2024 4104 Patris
2046 4066 2167 4104 esse

599 4148 816 4206 Filium.
846 4154 899 4200 et
930 4148 981 4200 in
1016 4144 1155 4199 Filio
1183 4144 1395 4198 Patrem
1421 4158 1542 4198 esse
1565 4142 1766 4196 dicere.
1790 4140 1977 4196 Obiter
2003 4142 2166 4195 etiam

602 4240 699 4290 hoc.
730 4238 1105 4291 examinemus
1136 4257 1147 4291 :
1173 4235 1420 4301 Quando,
1478 4241 1536 4287 ut
1584 4234 1855 4302 inquiunt,
1904 4249 2009 4285 non
2052 4239 2168 4285 erat

598 4328 792 4390 Filius,
835 4330 962 4397 quid
991 4328 1303 4380 continebat
1333 4325 1514 4378 Patris
1544 4322 1739 4379 sinus?
1768 4324 1998 4376 Prorsus
2022 4322 2167 4375 enim

602 4422 681 4471 vel
703 4428 917 4490 ριυιιιιηι
941 4420 1149 4473 dabunt
1177 4420 1351 4487 ipsum
1384 4417 1573 4478 fuisse,
1603 4416 1683 4468 vel
1707 4417 1921 4470 inanem
1945 4425 2165 4485 ponent.

2264 3252 2348 3305 χει
2392 3236 2492 3305 τὴν
2538 3235 2646 3287 τῶν
2690 3235 3077 3304 ἀντικειμένων
3110 3235 3397 3288 κακόνοιαν
3420 3244 3434 3260 ⁸
3467 3234 3518 3287 εί
3549 3232 3652 3302 γὰρ
3678 3230 3731 3283 τὸ
3756 3227 3803 3281 ἓν

2264 3344 2369 3379 τινι
2412 3322 2549 3379 εἶναι
2594 3330 2814 3397 σημεῖον
2860 3327 3136 3379 ποιοῦνται
3168 3326 3260 3379 τοῦ
3299 3326 3372 3396 μὴ
3406 3324 3611 3395 κυρίως
3649 3317 3799 3383 εἶναι,

2263 3417 2383 3470 οὐδὲ
2415 3418 2509 3471 τὸν
2543 3419 2757 3488 Πατέρα
2802 3418 3002 3487 κυρίως
3040 3414 3179 3471 εῖναι
3213 3418 3425 3479 πάντως
3460 3416 3800 3471 συντίθενται.

2268 3508 2645 3579 μεμαθηκότες
2677 3512 2733 3561 έν
2763 3510 2840 3579 τῷ
2874 3508 3204 3579 Εὐαγγελίῳ,
3239 3510 3320 3561 ὃτι
3345 3506 3534 3577 ὥσπερ
3561 3509 3588 3560 6
3620 3506 3733 3567 Tib;
3758 3505 3805 3555 ὲν

2263 3597 2341 3667 τῷ
2372 3600 2561 3669 Πατρὶ,
2588 3599 2728 3651 οὕτω
2754 3599 2847 3651 καὶ
2876 3602 2904 3652 6
2931 3600 3119 3667 Πατὴρ
3145 3600 3203 3650 ἐν
3232 3597 3309 3668 τῷ
3340 3598 3454 3668 Υἱῷ
3487 3598 3656 3665 μένει,
3686 3594 3803 3647 κατὰ

2264 3690 2363 3760 τὴν
2397 3690 2488 3744 τοῦ
2518 3692 2716 3761 Κυρίου
2749 3690 2948 3761 φωνὴν.
2978 3686 3127 3743 Ἷσον
3158 3690 3265 3761 γάρ
3291 3692 3403 3741 ἐστι
3432 3688 3510 3757 τῷ
3538 3691 3591 3740 ὲν
3620 3687 3805 3745 κόλποις

2266 3776 2400 3835 εἶναι
2436 3782 2528 3835 τοῦ
2551 3782 2759 3853 Πατρὸς
2782 3782 2871 3834 τὸν
2903 3782 3046 3843 Υἱὸν,
3082 3781 3142 3834 τὸ
3168 3783 3223 3833 ἐν
3254 3780 3329 3850 τῷ
3357 3779 3468 3849 Υίῷ
3500 3780 3590 3831 τὸν
3622 3776 3805 3845 Πατέρα

2266 3872 2403 3929 εἶναι
2430 3876 2627 3943 λέγειν.
2680 3875 2767 3927 Ἐν
2796 3874 3010 3945 παρόδῳ
3037 3873 3093 3925 δὲ
3126 3874 3217 3926 καὶ
3241 3873 3395 3926 τοῦτο
3429 3869 3805 3940 προσεξετάσω·

2271 3966 2526 4039 μεν-Ὅτε
2542 3966 2639 4017 οὐκ
2669 3960 2759 4035 ἦν,
2800 3964 2874 4028 ὦς
2904 3982 3083 4033 φασιν,
3132 3967 3160 4018 6
3190 3965 3313 4028 Tib;
3335 4006 3350 4029 ,
3383 3962 3434 4016 τί
3468 3964 3701 4031 περιεῖχε
3728 3955 3804 4009 τοῦ

2268 4058 2477 4129 Πατρὸς
2502 4060 2528 4110 ὀ
2550 4057 2777 4119 κόλπος;
2802 4058 3023 4118 Πάντως
3046 4056 3152 4127 γὰρ
3178 4056 3217 4126 ἦ
3239 4056 3416 4125 πλήρη
3448 4053 3700 4105 δώσουσιν
3724 4049 3803 4101 αὺ-

2267 4147 2357 4199 τὸν
2397 4143 2552 4206 εἶναι,
2585 4146 2617 4215 ἧ
2650 4145 2803 4198 κενὸν
2835 4145 3210 4215 ὑποθήσονται.
3251 4145 3314 4197 Ei
3360 4144 3457 4215 μὲν
3493 4138 3585 4196 οὖν
3624 4140 3805 4208 πλήρης

2267 4233 2334 4309 ἦν
2361 4240 2389 4290 6
2417 4237 2635 4299 κόλπος,
2670 4237 2697 4287 6
2738 4234 2864 4299 Tib;
2910 4235 3124 4297 πάντως
3152 4230 3218 4305 ἦν
3246 4234 3340 4286 τοῦ
3380 4233 3579 4286 κόλπου
3610 4232 3666 4284 τὸ
3689 4228 3805 4296 πλή-

2274 4347 2449 4400 ρωμα.
2490 4330 2553 4381 Εἰ
2580 4327 2634 4379 δέ
2665 4344 2785 4381 τινα
2826 4328 3085 4397 κενότητα
3126 4328 3237 4388 τοῖς
3266 4324 3358 4379 τοῦ
3395 4324 3604 4393 [ἰατρὸς
3634 4320 3805 4373 ὲνθεω-

2273 4420 2426 4493 ροῦσι
2459 4418 2695 4482 κόλποις,
2726 4417 2875 4469 οὐδὲν
2912 4417 3153 4487 ἓτερονῆ
3185 4417 3247 4469 ὲκ
3275 4414 3661 4486 παραυξήσεως
3681 4406 3806 4474 αὐτῷ

602 4510 657 4561 Si
716 4510 881 4578 igitur
928 4509 1120 4577 plenus
1166 4518 1282 4561 erat
1340 4508 1534 4566 sinus:
1574 4505 1744 4560 Filius
1792 4507 2017 4560 omnino
2051 4517 2159 4561 eral

2274 4512 2752 4585 προσμαρτυροῖκτι
2784 4510 2880 4579 τὴν
2917 4508 3229 4579 τελειότητα
3252 4550 3266 4573 ,
3311 4509 3418 4562 ἀπὸ
3454 4507 3547 4559 τοῦ
3588 4503 3730 4557 κενοῦ
3758 4517 3804 4552 τε

600 4603 757 4655 sinus
788 4600 1086 4669 plenitudo.
1117 4598 1268 4664 Quod
1300 4598 1345 4652 si
1379 4599 1613 4668 aliquam
1665 4599 1718 4652 in
1750 4598 1926 4653 Patris
1956 4599 2166 4654 sinibus

602 4702 849 4766 spectant
869 4694 1209 4753 inanitatem.
1232 4693 1363 4745 nihil
1389 4692 1532 4745 aliud
1558 4706 1717 4761 quam
1745 4707 1807 4745 ex
1836 4692 2167 4745 incremento

603 4790 987 4860 perfectionem
1023 4786 1071 4838 ci
1118 4785 1420 4854 assignant,
1469 4785 1597 4852 quia
1646 4785 1713 4837 ab
1762 4783 1907 4836 inani
1957 4794 2009 4837 et
2036 4784 2169 4837 deli-

601 4881 779 4933 ciente
815 4878 877 4931 ad
920 4878 1135 4946 plenum
1183 4883 1236 4927 et
1288 4876 1582 4943 perlectum
1637 4872 2008 4942 transmigret.
2063 4872 2167 4926 Sed

602 4987 710 5025 non
742 4974 1136 5037 cognoverunt,
1170 4981 1344 5034 neque
1383 4964 1783 5027 intellexerunt,
1817 4964 1891 5015 ait
1913 4962 2079 5015 David
2103 4963 2171 5017 de

601 5064 687 5115 his
725 5063 815 5130 qui
846 5067 899 5113 in
937 5059 1173 5113 tenebris
1212 5056 1527 5118 ambulant;
1579 5056 1673 5124 qui
1714 5055 1857 5108 enim
1894 5070 2032 5109 verte
2062 5056 2165 5108 luci

603 5156 801 5208 bellum
834 5153 1034 5212 intulit,
1064 5152 1116 5203 in
1157 5152 1274 5203 luce
1308 5149 1548 5201 animum
1584 5148 1780 5200 habere
1818 5162 1922 5200 non
1967 5156 2163 5215 potem.

603 5248 725 5299 Ιιιοο
756 5244 966 5311 adjacet
998 5259 1059 5295 ex
1090 5240 1465 5310 consequenti.
1503 5237 1649 5308 quod
1677 5238 1816 5291 hanc
1844 5237 2170 5307 impietatem

604 5356 711 5393 nou
748 5338 1147 5391 intellexerunt.

674 5431 982 5499 Quinetiam
1024 5445 1051 5481 a
1088 5427 1247 5481 Patre
1277 5426 1395 5481 Filii
1443 5425 1736 5480 essentiam
1788 5422 2015 5493 imperio
2062 5425 2171 5492 regi

606 5528 719 5580 sive
744 5525 923 5578 Patris
953 5522 1197 5575 dominio
1230 5519 1425 5588 subjici
1473 5524 1738 5576 autumat.
1772 5516 1851 5569 sic
1878 5517 2065 5569 dicens
2106 5516 2170 5568 ad

606 5621 869 5670 verbum:
902 5613 1023 5668 Non
1063 5614 1200 5666 enim
1244 5612 1377 5664 hanc
1418 5611 1519 5664 sibi
1554 5619 1609 5663 ut
1642 5609 1909 5677 propriam
1939 5607 2172 5661 vindicat

608 5709 939 5777 dignitatem,
987 5706 1073 5774 qui
1118 5721 1207 5773 per
1254 5702 1465 5757 Patrem
1494 5712 1570 5757 est
1602 5712 1649 5755 el
1680 5702 1820 5765 rivit,
1864 5716 1980 5753 cum
2011 5700 2170 5752 etiam

613 5800 765 5866 huius
808 5798 1133 5850 dominatrix
1178 5796 1403 5849 essentia
1448 5794 1515 5847 ad
1552 5795 1777 5846 seivsam
1816 5791 1988 5844 trahat
2036 5791 2169 5844 entia

2275 4605 2367 4656 καὶ
2386 4604 2658 4666 λείποντος
2678 4602 2842 4653 ὲπὶτὸ
2862 4603 3060 4671 πλῆρες
3084 4601 3473 4671 μεθισταμένου
3496 4602 3587 4652 καὶ
3609 4598 3803 4650 τέλειον.

2286 4695 2420 4748 Ἀλλ’
2448 4694 2546 4746 οὐκ
2580 4694 2817 4762 ἔγνωσαν
2842 4694 2958 4745 οὐδὲ
2988 4696 3242 4763 συνῆκαν,
3278 4695 3437 4763 φησιν
3466 4696 3494 4745 6
3520 4690 3676 4745 Aa6‘t6
3702 4684 3805 4754 περὶ

2275 4784 2380 4835 τῶν
2404 4785 2458 4834 ὲν
2476 4784 2655 4835 σκότει
2671 4782 3157 4852 διαπορευομένων.
3192 4784 3250 4835 Ὀ
3264 4784 3367 4853 γὰρ
3388 4775 3805 4849 ἐκπεπολεμωμέ-

2275 4891 2363 4937 νος
2394 4874 2471 4944 τῷ
2492 4873 2727 4943 ἀληθινῷ
2757 4875 2913 4941 φωτὶ,
2933 4876 2989 4926 ὲν
3010 4876 3143 4942 φωτὶ
3171 4875 3266 4946 τὴν
3293 4875 3467 4945 ψυχὴν
3494 4875 3634 4943 ἔχειν
3659 4872 3712 4924 οὐ
3728 4868 3802 4921 δύ-

2276 4983 2449 5021 ναται’
2478 4966 2563 5019 διὰ
2592 4966 2747 5018 τοῦτο
2792 4967 3180 5037 προσκείμενον
3219 4969 3282 5018 ὲκ
3317 4965 3408 5018 τοῦ
3444 4963 3720 5018 ἀκολούθου
3758 4956 3805 5009 τὸ

2274 5056 2372 5128 τὴν
2408 5056 2659 5110 ἀσέϐειαν
2689 5056 2891 5125 ταύτην
2929 5055 3413 5126 ἐπανορθούμενον,
3445 5054 3630 5124 ὥσπερ
3664 5053 3803 5117 609a-

2278 5151 2366 5221 σίᾳ
2395 5149 2686 5219 πληγέντες
2714 5148 2851 5201 κατά
2877 5148 3001 5211 τοὺς
3025 5146 3315 5217 Σοδομίτας
3349 5147 3407 5197 οὐ
3437 5145 3762 5213 κατενόησαν.

2211 5244 2462 5311 castigat,
2494 5251 2751 5311 tauquam
2779 5240 3022 5295 caecitate
3045 5238 3278 5310 perculsi
3346 5240 3490 5291 velut
3547 5232 3803 5289 Sodomita!

2352 5420 2513 5472 Ἀλλὰ
2538 5421 2631 5473 καὶ
2657 5420 2999 5491 κυριευεσθαι
3032 5418 3177 5483 λέγει
3210 5417 3362 5485 παρά
3383 5416 3475 5469 τοῦ
3507 5414 3705 5486 [ἰατρὸς
3726 5412 3799 5465 τοῦ

2272 5513 2403 5566 Tim?
2461 5514 2558 5581 τὴν
2606 5513 2812 5574 οὐσίαν,
2847 5510 2987 5561 οὕτω
3019 5511 3189 5576 λέγων
3231 5510 3307 5579 τῷ
3340 5512 3539 5581 ῥήματι
3568 5524 3579 5536 ·
3616 5510 3691 5561 Οὐ
3715 5505 3799 5574 γὰρ

2270 5603 2581 5656 οἰκειοῦται
2610 5602 2835 5666 ταύτην
2863 5600 2973 5666 τὴν
2992 5600 3171 5663 ἀξίαι·
3202 5603 3232 5653 o'
3259 5600 3355 5653 διὰ
3373 5600 3477 5654 τὸν
3500 5599 3713 5666 Πατέρα
3733 5593 3799 5646 ὢν·

2270 5696 2366 5747 καὶ
2394 5686 2522 5758 ζῶν,
2558 5691 2665 5761 τῆς
2684 5692 2780 5745 καὶ
2808 5693 3018 5745 τούτου
3043 5692 3437 5759 κυριευούσης
3458 5693 3659 5755 οὐσίας
3677 5683 3797 5754 πρὸς

2270 5785 2491 5853 ἑαυτὴν
2518 5786 2820 5852 ἑλκούσης
2860 5783 2972 5851 τὴν
3012 5785 3114 5839 τοῦ
3142 5785 3313 5852 ὄντος
3339 5785 3592 5839 ἔννοιαν.
3630 5773 3683 5834 Ei
3715 5776 3792 5847 μὲν
