4034 6490
291 408 397 463 845

1400 405 1677 464 CONTRA
1719 406 2106 471 EUNDMIUM,
2147 406 2274 461 LIB.
2316 406 2381 460 Χ.

3442 403 3546 457 8ὗὸ

293 525 389 583 οὖν
426 528 531 581 τινὶ
554 527 660 578 τῶν
693 524 798 591 ἔξω
832 525 1009 593 σοφῶν
1036 526 1209 579 ταῦτα
1237 527 1411 585 δοκεῖ.
1447 529 1610 601 μηδὲν
1638 529 1873 600 ἐνοχλεῖ-

1997 529 2261 581 tationem.
2297 525 2597 596 Siquidem
2637 524 2797 578 alicui
2845 534 3192 579 externorum
3242 522 3547 592 sapientum

294 619 407 671 σθω
446 616 515 669 τὰ
546 615 876 683 Εὑαγγέλια,
913 616 1046 685 μηδὲ
1093 618 1126 686 ἠ
1167 617 1328 687 λοιπὴ
1374 618 1474 687 τῆς
1513 618 1870 672 θεοπνεύστου

294 708 515 780 Γραφῆς
551 704 883 759 διδασκαλία.
914 706 1007 769 Τίς
1038 706 1146 778 γὰρ
1178 709 1427 760 κοινωνία
1456 708 1534 779 τῷ
1565 708 1873 779 Χριστιανῷ

294 800 437 868 λόγῳ
468 798 601 869 πρὸς
623 796 719 865 τὴν
749 795 1121 866 μωρανθεῖσαν
1155 798 1378 865 σοφίαν;
1412 797 1475 851 Ei
1506 798 1562 850 δὲ
1593 801 1704 861 τοῖς
1734 815 1872 868 γρα-

298 892 474 958 φικοῖς
500 886 867 957 ἐπερείδεται,
899 887 1125 953 δειξάτω
1158 888 1411 959 τοιαύτην
1448 892 1510 941 ἐκ
1551 890 1661 942 τῶν
1707 889 1873 958 ἁγίων

296 980 499 1048 φωνὴν,
540 976 633 1028 καὶ
677 978 837 1045 ἡμεῖς
870 980 1237 1048 σιωπήσομεν.
1292 979 1529 1042 Βοῶντος
1564 980 1749 1033 ἀκούω
1779 978 1873 1032 τοῦ

297 1069 532 1132 Παύλου,
579 1068 660 1119 ὃτι
710 1063 814 1133 Εἷς
860 1070 1073 1135 Κύριος
1132 1069 1371 1137 Ἰησοῦς
1420 1073 1696 1139 Χριστός.
1737 1073 1874 1125 Ἀλλ’

297 1162 517 1229 ἀντιεοᾷ
556 1158 634 1229 τῷ
678 1160 872 1229 Παύλῳ
912 1162 1173 1232 Εὐνόμιος
1197 1204 1210 1227 ,
1241 1162 1423 1215 δοῦλον
1454 1161 1736 1233 ὀνομάζων
1786 1164 1876 1216 τὸν

299 1252 551 1324 Χριστόν.
598 1250 759 1303 Ἀλλο
786 1252 893 1321 γάρ
920 1269 971 1303 τι
1002 1251 1242 1315 δουλείας
1289 1255 1451 1323 ἡμεῖς
1494 1254 1594 1306 ούκ
1625 1253 1878 1321 ἐπιγινώ-

304 1354 502 1407 σκομεν
530 1337 833 1409 γνώρισμα,
868 1340 1003 1409 πλὴν
1037 1340 1095 1393 τὸ
1129 1342 1437 1412 ὑποχείριον
1467 1337 1604 1395 εἶναι
1644 1344 1738 1395 καὶ
1783 1360 1879 1396 κυ-

299 1429 811 1499 ριεύεσθαι,“δοῦλος
842 1432 1057 1496 πάντως
1086 1434 1253 1487 ἐστίν.
1298 1434 1359 1488 Ὀ
1380 1435 1437 1487 δὲ
1468 1435 1653 1497 δοῦλος
1679 1439 1744 1507 τῇ
1775 1436 1876 1503 φύ-

297 1538 382 1573 σει
427 1520 629 1590 Κύριος
674 1518 814 1575 εἶναι
858 1524 916 1575 ού
964 1523 1205 1589 δύναται,
1254 1524 1353 1579 κᾶν
1391 1526 1455 1578 ἐκ
1482 1528 1879 1597 καταχρήσεως

294 1613 541 1681 λέγηται.
582 1611 682 1666 Καὶ
717 1614 768 1666 τί
800 1631 890 1683 μοι
937 1614 1121 1685 φέρειν
1164 1619 1243 1679 εἰς
1294 1618 1600 1690 μαρτυρίαν
1644 1618 1741 1690 τὴν
1785 1616 1878 1670 τοῦ

294 1705 503 1775 Κυρίου
538 1705 832 1777 κυριότητα
865 1709 943 1770 είς
980 1707 1077 1770 τὰς
1106 1708 1199 1760 τοῦ
1240 1708 1455 1762 Παύλου
1502 1712 1723 1778 φωνάς;
1782 1711 1881 1763 Δύο

296 1799 390 1861 τὸς
438 1798 547 1867 γὰρ
600 1800 628 1851 ὁ
672 1797 883 1851 Παύλου
934 1801 1211 1871 Δεσπότης
1269 1803 1407 1873 πρὸς
1456 1804 1581 1868 τοὺς
1636 1803 1883 1874 μαθητάς

1974 623 2089 675 hate
2117 621 2440 691 probantur,
2478 618 2614 672 nihil
2643 616 3075 671 interturhentur
3105 614 3420 686 Evangelia,
3458 629 3549 667 ne-

1974 728 2082 774 que
2114 712 2322 780 reliqua
2350 709 2613 763 divinitus
2638 706 2917 775 inspirata:
2950 704 3248 775 Scriptum
3275 704 3547 759 doctrina.

1975 803 2104 868 Quae
2146 804 2289 856 enim
2327 800 2751 854 communicatio
2798 798 3234 853 Christianorum
3292 795 3550 857 sermoni,

1976 911 2100 948 cum
2135 895 2298 948 stulta
2337 903 2391 946 et
2418 893 2563 946 fatua
2597 889 2895 960 sapientia?
2927 888 3082 955 Quod
3117 890 3162 943 si
3213 887 3432 958 scriptis
3464 887 3549 941 in-

1977 989 2188 1047 nititur,
2220 985 2469 1040 ostendat
2497 984 2656 1038 talem
2684 1000 2749 1037 ex
2781 984 2987 1038 sanctis
3018 981 3320 1050 Scripluris
3341 995 3549 1037 vocem.

1976 1090 2031 1134 et
2059 1095 2157 1133 nos
2182 1077 2508 1132 tacebimns.
2537 1076 2872 1130 Clamanteln
2902 1073 3064 1126 audio
3095 1072 3349 1136 Paulum,
3407 1071 3548 1140 quod

1991 1170 2135 1224 Unus
2154 1171 2405 1226 Dominus
2435 1167 2591 1220 Iesus
2622 1166 2884 1221 Christus.
2932 1165 3036 1219 Sed
3077 1163 3246 1218 Paulo
3294 1163 3553 1217 reclamat

1978 1272 2033 1317 et
2064 1263 2386 1317 adversatur
2432 1260 2753 1320 Eunomius,
2801 1258 3082 1312 Christum
3127 1272 3345 1312 servum
3378 1256 3553 1310 nomi-

1980 1370 2139 1409 nans.
2173 1352 2289 1407 Non
2342 1353 2488 1407 enim
2530 1351 2678 1405 aliud
2729 1365 2830 1405 nos
2888 1349 3169 1404 servitutis
3206 1348 3467 1403 indicium
3502 1355 3558 1401 et

1979 1455 2192 1501 certum
2240 1445 2455 1515 signum
2490 1444 2861 1513 agnoscimus,
2909 1457 3071 1511 quam
3120 1440 3396 1495 subditum
3434 1454 3557 1494 esse

1981 1541 2035 1584 et
2064 1531 2353 1600 imperium
2380 1530 2525 1601 pati;
2573 1530 2665 1599 qui
2715 1530 2840 1584 talis
2881 1541 2984 1590 est,
3041 1538 3188 1584 certe
3218 1544 3406 1585 servus
3452 1537 3556 1582 est.

1985 1621 2190 1677 Servus
2232 1631 2413 1677 autem
2474 1630 2668 1675 natura
2712 1619 2975 1674 Dominus
3025 1636 3148 1676 esse
3197 1637 3304 1674 non
3354 1628 3556 1690 potest,

1982 1715 2236 1783 quamvis
2277 1713 2544 1767 abusione
2584 1712 2819 1766 dicatur.
2856 1711 2997 1777 Quid
3035 1712 3165 1765 mihi
3223 1727 3446 1767 necesse
3476 1720 3560 1766 est

1983 1804 2139 1859 Pauli
2166 1820 2328 1860 voces
2358 1806 2423 1858 ad
2457 1803 2939 1859 demonstrandam
2978 1803 3194 1858 Domini
3226 1803 3559 1859 dominatio-

298 1906 463 1957 φησιν
493 1888 705 1959 ἀληθῶς
745 1886 881 1942 εἶναι
915 1891 1117 1961 Κύριος
1140 1933 1156 1957 ,
1186 1894 1580 1964 ἀποδεχόμενος
1610 1895 1707 1967 τὴν
1753 1895 1882 1965 ὁμο-

1997 1912 2105 1950 lem
2141 1895 2197 1948 in
2232 1894 2609 1949 testimonium
2653 1892 2886 1947 afferre?
2916 1890 3037 1962 ipse
3079 1892 3223 1946 enim
3276 1891 3425 1944 Pauli
3457 1890 3561 1944 Do-

295 1978 485 2047 λογίαν
503 1979 610 2031 τῶν
633 1979 951 2032 διδάσκαλον
966 1982 1126 2033 αὐτὸν
1147 1982 1240 2034 καὶ
1263 1982 1465 2054 Κύριον
1485 1983 1879 2054 ὀνομαζόντων,

298 2070 448 2138 λέγει
476 2070 604 2141 γὰρ,
638 2072 717 2124 ὅτι
769 2072 967 2141 ’Υμεῖς
1013 2073 1249 2127 καλεῖτέ
1297 2092 1369 2144 με
1407 2076 1627 2143 Κύριον
1657 2076 1754 2129 καί
1799 2074 1886 2128 δι-

298 2163 634 2225 δάσκαλον.
666 2164 763 2216 καὶ
799 2163 996 2231 καλῶς
1015 2165 1240 2234 λέγετε·
1267 2165 1384 2237 εἰμί
1410 2166 1543 2236 γάρ·
1584 2166 1645 2219 τὸ
1672 2166 1727 2219 δὲ
1752 2166 1884 2219 αὐτὸ

299 2254 459 2307 τοῦτο
498 2253 593 2306 καὶ
620 2251 710 2305 τὸν
737 2254 955 2324 Πατέρα
991 2254 1122 2325 παρ’
1150 2254 1328 2308 αὐτῶν
1360 2255 1716 2327 ἐνομοθέτησε
1742 2255 1886 2322 λέγε-

302 2346 427 2400 σθαι
444 2346 732 2414 εἰπών’Μὴ
752 2346 1049 2414 καλέσητε
1062 2346 1408 2416 καθηγητὴν
1422 2347 1519 2401 ἐπὶ
1533 2347 1781 2418 τῆςγῆς·
1798 2343 1887 2414 εἷς

300 2437 413 2508 γὰρ
431 2435 597 2506 ὑμῶν
616 2438 980 2507 καθηγητὴς,
1005 2442 1037 2493 ό
1058 2440 1262 2509 Πατὴρ
1286 2443 1318 2493 ό
1345 2440 1415 2493 ἐν
1440 2441 1558 2504 τοῖς
1588 2441 1883 2510 οἰιρανοῖς.

301 2530 422 2583 Τίνι
468 2530 646 2583 τοίνυν
677 2532 1004 2602 προσεκτέον
1033 2535 1167 2602 ἡμῖν
1202 2534 1260 2585 ὲν
1307 2533 1458 2604 μέσῳ
1494 2533 1697 2587 τούτων
1729 2535 1888 2587 ἀπει-

302 2623 623 2693 λημμένοις
658 2623 893 2676 Ἐκεῖθεν
914 2624 1075 2687 αὐτός
1098 2642 1156 2677 τε
1175 2626 1203 2677 ὁ
1228 2624 1447 2694 Κύριος,
1471 2628 1562 2678 καὶ
1583 2626 1889 2680 ὁλαλοῦντα

304 2714 444 2783 έχων
483 2716 541 2767 ἐν
581 2713 755 2783 ἑαυτῷ
800 2714 891 2767 τὸν
938 2716 1192 2787 Χριστὸν,
1240 2716 1299 2769 τὺ
1351 2718 1425 2788 μὴ
1471 2718 1664 2789 χρῆναι
1705 2718 1889 2772 δοῦλον

304 2806 467 2858 αὑτὸν
497 2808 697 2859 ἐννοεῖν
732 2806 1079 2874 ὲγκελεύεται
1102 2848 1117 2870 ,
1164 2808 1278 2862 ἀλλ’
1311 2808 1454 2862 οὕτω
1496 2811 1663 2881 τιμᾷν
1704 2811 1887 2876 αὐτὸν,

307 2896 492 2961 καθὼς
515 2900 738 2967 τιμᾶται
765 2901 792 2951 ὁ
812 2900 1020 2971 Πατήρ.
1059 2900 1339 2953 Ἐντεῦθεν
1364 2901 1627 2970 Εὐνόμιος
1651 2902 1891 2966 δουλείας

307 2990 503 3058 ἐπάγει
536 2989 611 3060 τῷ
633 2989 816 3062 Κυρίῳ
844 2991 1078 3063 γραφὴν,
1111 2994 1459 3064 κυριεύεσθαι
1497 2993 1668 3062 λέγων
1692 2995 1776 3048 τὸν
1796 2996 1890 3049 τού

306 3083 509 3146 παντὸς
548 3083 851 3154 ἐξημμένον
890 3085 951 3137 τὸ
978 3085 1201 3155 κράτος.
1236 3081 1384 3157 Ἀρα
1432 3086 1729 3156 ἀμφίϐολος
1762 3088 1892 3157 ἡμῖν

306 3177 402 3229 τοῦ
428 3173 699 3247 πρακτέου
726 3178 759 3247 ἡ
791 3177 1038 3248 αἴρεσις;
1073 3178 1144 3229 Ἢ
1180 3180 1309 3249 παρ’
1350 3177 1527 3246 ὀλίγον
1550 3180 1697 3231 ἐστὶν
1725 3181 1757 3248 ἡ
1797 3178 1889 3231 τοῦ

307 3267 746 3338 λυσιτελεστέρου
799 3268 1102 3340 διάκρισις;
1181 3270 1460 3340 Ἀτιμάσω
1528 3269 1741 3323 Παύλου
1796 3269 1892 3341 τὴν

312 3359 646 3431 συμϐουλὴν,
670 3354 714 3412 ὦ
738 3361 999 3430 Εὐνόμιε;
1026 3360 1118 3432 Μὴ
1146 3362 1468 3430 πιστοτέραν
1488 3362 1768 3433 ἡγήσομαι
1798 3361 1895 3430 τῆς

312 3454 415 3522 σῆς
448 3453 661 3522 ἀπάτης
697 3452 793 3521 τὴν
826 3453 924 3522 τῆς
966 3453 1225 3522 ἀληθείας
1272 3454 1495 3524 φωνήνς
1554 3452 1717 3506 Ἀλλ’
1743 3452 1895 3522 εἰμὴ

309 3544 507 3616 ἦλθον
530 3545 626 3598 καί
654 3544 958 3611 ἐλάλησα,
994 3545 1177 3614 φησὶν,
1205 3544 1430 3609 αὐτοῖς,
1464 3544 1757 3612 ἁμαρτίαν
1787 3547 1899 3598 οὐκ

316 3634 509 3705 εἶχον.
554 3636 710 3689 Ἐπεὶ
730 3631 822 3689 οὖν
852 3635 1011 3699 αὐτὸς
1050 3635 1311 3705 ἐλάλησεν
1344 3636 1525 3695 αύτοῖς
1557 3636 1770 3707 ἀληθῶς
1810 3636 1898 3689 λέ-

315 3747 432 3798 γων
471 3728 660 3783 ἑαυτὸν
701 3725 836 3782 εἶναι
879 3728 1101 3797 Κύριον,
1129 3728 1251 3798 οὐχὶ
1277 3727 1485 3796 ψευδῶς
1518 3728 1897 3798 ὀνομάζεσθαιο

320 3822 614 3893 Εἰμὶγάρ,
660 3822 844 3892 φησὶν,
890 3821 1010 3891 ουχὶ
1049 3819 1454 3890 ὀνομάζομαι...
1496 3819 1549 3871 τί
1595 3820 1892 3886 ἀναγκαῖον

320 3918 517 3977 ποιεῖν,
553 3909 596 3982 ᾧ
644 3913 1045 3985 ἀναπόδραστός
1090 3915 1238 3965 ἐστιν
1279 3914 1342 3965 ἐκ
1382 3911 1475 3965 τοῦ
1514 3912 1823 3983 προγνῶναι
1868 3913 1902 3983 ἠ

319 4025 562 4080 τιμωρία
587 4024 603 4073 ;

424 4189 564 4243 Ἀλλ’
620 4191 752 4250 ἴσως
811 4183 970 4237 πάλιν
988 4185 1116 4255 ἡμῖν
1132 4183 1267 4255 πρὸς
1282 4182 1453 4237 ταῦτα
1466 4183 1565 4254 τὴν
1588 4181 1793 4254 συνήθη
1820 4200 1907 4236 σο-

326 4278 457 4347 φίαν
488 4276 971 4348 ἀντιπροὸάλλεται
990 4316 1005 4341 ,
1053 4275 1149 4329 καὶ
1194 4275 1334 4340 λέξει
1362 4275 1452 4328 τὸν
1476 4275 1637 4328 αὐτὸν
1666 4274 1760 4328 καὶ
1790 4276 1907 4328 δου-

326 4368 505 4422 λεύειν
531 4369 623 4421 καὶ
652 4367 855 4437 Κύριον
882 4362 1040 4431 εἶναι,
1071 4366 1176 4419 ὑπὸ
1211 4365 1312 4436 μὲν
1332 4364 1426 4418 τοῦ
1455 4364 1786 4435 κρατοῦντος
1814 4382 1908 4417 κυο

333 4461 665 4534 ριευόμενον,
687 4458 796 4512 τῶν
823 4458 877 4511 δὲ
909 4456 1110 4510 λοιπῶν
1132 4457 1471 4530 κυριεύοντα.
1502 4458 1735 4525 Λέγεται
1767 4456 1823 4509 δὲ
1841 4456 1910 4509 τὰ

332 4553 473 4621 σοφά
513 4553 685 4605 ταῦτα
730 4551 869 4604 κατά
901 4550 999 4612 τὰς
1044 4550 1282 4619 τριόδους
1320 4550 1469 4621 παρά
1508 4549 1614 4601 τῶν
1666 4548 1909 4620 ἐραστῶν

328 4648 431 4716 τῆς
468 4647 683 4713 ἀπάτης
725 4642 1160 4714 περιφερόμενα,
1201 4642 1251 4694 οἳ
1296 4642 1382 4695 διὰ
1414 4641 1522 4694 τῶν
1553 4641 1909 4712 ἀνθρωπίνων

332 4736 707 4807 περιστάσεων
736 4735 831 4796 τὰς
868 4732 1099 4803 ματαίας
1127 4731 1333 4785 ἑαυτῶν
1374 4733 1829 4803 ὑπολήψειςπερὶ
1849 4730 1910 4782 τὸ

333 4830 491 4884 Θεῖον
518 4824 892 4896 κρατύνουσιν.
972 4822 1186 4892 Ἐπειδὴ
1226 4822 1334 4893 γάρ
1387 4824 1443 4876 αί
1482 4824 1621 4876 κατά
1663 4824 1752 4875 τὸν
1799 4822 1911 4892 βίον

332 4916 522 4969 τοῦτον
550 4916 847 4987 συντυχίαι,
886 4914 993 4967 τῶν
1021 4913 1278 4967 τοιούτων
1308 4915 1439 4985 ἡμῖν
1472 4915 1812 4985 πραγμάτων
1842 4914 1911 4966 τά

335 5007 708 5075 ὑποδείγματα
742 5007 1027 5077 φέρουσιν,¹
1050 5000 1159 5058 οἷον
1186 5004 1271 5057 ἐπ’
1295 5005 1468 5069 οἰκίας
1499 5003 1642 5058 ἔστιν
1670 5006 1914 5077 εὐπορω-

335 5102 503 5173 τέρας
538 5100 679 5158 ἰδεῖν.
727 5099 817 5151 τὸν
866 5096 1296 5170 δραστικώτερόν
1339 5116 1396 5151 τε
1427 5098 1521 5151 καὶ
1562 5096 1913 5168 εὐνούστερον

335 5196 449 5248 τῶν
492 5192 796 5263 ὁμοδούλων
844 5191 1279 5263 προτεταγμένον
1323 5191 1431 5244 τῶν
1480 5191 1914 5260 προσταγμάτων

338 5285 434 5339 τοῦ
463 5286 742 5347 δεσπότου,
773 5283 870 5354 τὴν
911 5283 1052 5336 κατά
1085 5282 1193 5335 τῶν
1223 5283 1497 5352 ὁμοτίμων
1520 5283 1789 5352 ὑπεροχὴν
1820 5282 1916 5336 λα·-

343 5379 528 5449 χόντα.
569 5376 773 5446 ταύτην
821 5376 1145 5446 μετάγουσιν
1181 5376 1273 5427 ἐπὶ
1299 5373 1368 5427 τὰ
1405 5374 1521 5427 θεῖα
1551 5374 1793 5443 δόγματα
1820 5377 1918 5443 τὴν

342 5470 583 5524 διάνοιαν
604 5484 618 5496 ·
649 5468 789 5520 ὥστε
831 5467 921 5520 τὸν
960 5466 1219 5536 μονογενῆ
1252 5466 1383 5519 Θεὸν
1412 5464 1814 5535 ὐπεζευγμένον
1848 5468 1916 5536 τῇ

342 5560 632 5631 δυναστείᾳ
668 5558 760 5613 τού
809 5559 1189 5630 ὑπερέχοντος,
1238 5558 1400 5631 μηδὲν
1441 5555 1824 5628 ἐμποδίζεσθαι
1850 5561 1915 5628 τῇ

419 5771 462 5802 ’⁸
504 5767 662 5825 Joan.
705 5782 831 5831 xm,
864 5766 946 5820 13.
1031 5766 1073 5796 ¹⁶
1109 5763 1296 5821 Matth.
1328 5779 1483 5831 unt,
1513 5764 1565 5820 9.

1940 4592 1986 4649 Ι)

1984 1990 2166 2043 minus
2200 1987 2267 2042 ad
2295 1986 2600 2056 discipulos
2631 1985 2707 2039 ait
2729 2000 2788 2039 se
2818 1999 2945 2039 vere
2979 1982 3267 2038 Dominum
3295 1997 3443 2047 esse,
3469 1997 3564 2053 ap-

1987 2082 2227 2153 prohans
2255 2080 2449 2134 horum
2479 2077 2881 2132 confessionem
2906 2078 3001 2146 qui
3034 2076 3212 2146 ipsum
3244 2076 3561 2147 magistrum

1985 2184 2037 2226 et
2072 2171 2357 2225 Dominum
2404 2169 2781 2233 nominabant;
2813 2168 2944 2222 dicit
2989 2168 3133 2221 enim
3170 2186 3182 2221 :
3242 2166 3338 2220 Vos
3370 2169 3564 2220 vocatis

1988 2277 2069 2315 me
2106 2260 2386 2314 Dominum
2418 2268 2467 2312 et
2506 2260 2843 2329 magistrum,
2881 2267 2931 2313 et
2958 2258 3081 2313 bene
3117 2259 3324 2328 quidem
3350 2258 3564 2311 dicitis:

1988 2367 2106 2405 sum
2154 2352 2295 2404 enim
2320 2350 2383 2403 ³⁸.
2419 2348 2531 2404 Hoc
2581 2350 2721 2404 idem
2768 2340 2824 2404 Et
2851 2348 3072 2404 Patrem
3111 2349 3181 2405 ab
3231 2349 3365 2420 ipsis
3399 2347 3568 2417 jussit

1989 2442 2269 2513 appellari,
2299 2456 2425 2496 cum
2452 2441 2622 2496 dixit:
2648 2441 2828 2511 Neque
2848 2442 3156 2495 voeaveritis
3184 2442 3491 2511 magistrum
3512 2441 3567 2494 in

1991 2547 2166 2596 terra;
2209 2549 2346 2587 unus
2384 2534 2521 2588 enim
2561 2534 2813 2603 magister
2853 2542 3033 2598 vester,
3076 2531 3238 2586 Pater
3264 2549 3353 2602 qut
3382 2534 3440 2586 in
3465 2547 3568 2585 crt-

1992 2625 2057 2679 lis
2081 2625 2147 2679 ¹⁶.
2178 2622 2410 2680 Cuinam
2462 2625 2626 2695 igitur
2656 2624 2813 2680 nobis
2862 2626 2917 2679 in
2957 2624 3134 2679 medio
3165 2624 3359 2679 borum
3398 2625 3568 2680 inter-

1990 2718 2164 2788 ceptis
2190 2716 2575 2773 adhazrendum
2604 2727 2688 2771 est
2713 2717 2735 2770 ?
2756 2715 2910 2771 Illinc
2941 2717 3056 2787 ipse
3088 2716 3369 2782 Dominus,
3395 2723 3450 2770 et
3471 2716 3567 2787 qui

1993 2811 2048 2864 in
2079 2811 2259 2879 seipso
2287 2811 2451 2867 habet
2481 2811 2790 2881 loquentem
2820 2808 3122 2874 Christum,
3169 2825 3277 2864 non
3318 2817 3572 2879 oportere

1994 2902 2172 2972 ipsum
2209 2918 2429 2959 servum
2460 2906 2642 2958 animo
2683 2902 2973 2973 concipere
3022 2903 3288 2974 praecipit,
3343 2903 3439 2957 sed
3492 2902 3574 2957 sic

1995 2994 2172 3063 ipsqu
2208 2993 2393 3048 colere
2441 2994 2584 3047 sicut
2614 2993 2814 3047 colitur
2839 2991 3019 3046 Pater.
3057 2992 3228 3047 Istinc
3271 2989 3573 3045 Eunomius

1994 3083 2224 3138 Domino
2259 3082 2542 3139 servitutis
2576 3084 2848 3137 actionem
2896 3082 3149 3147 intendit,
3199 3081 3328 3135 dum
3376 3080 3575 3136 asserit

1999 3192 2121 3233 eum
2160 3176 2253 3245 qui
2299 3175 2537 3231 universi
2572 3175 2857 3245 imperium
2903 3173 3132 3244 adeptus
3175 3182 3280 3234 est,
3324 3171 3575 3227 domina-

2003 3270 2135 3323 tioni
2165 3269 2384 3339 subjici.
2415 3270 2496 3322 An
2528 3268 2783 3337 ambigua
2811 3267 2972 3322 nobis
2990 3267 3111 3336 ejus
3133 3264 3280 3337 quod
3307 3265 3573 3336 agendum

1997 3370 2080 3416 est
2109 3361 2340 3416 electio?
2382 3377 2448 3415 an
2483 3376 2675 3431 parum
2726 3360 2954 3415 interest
3005 3359 3242 3413 utilioris
3270 3357 3574 3412 discretio?

1998 3454 2301 3509 Consilium
2344 3453 2522 3518 Pauli,
2558 3468 2591 3507 ο
2624 3452 2877 3517 Ειιιιοιιιὶ,
2908 3449 3290 3506 contemnam?
3318 3448 3576 3504 Veritatis

2001 3562 2188 3601 vocem
2239 3554 2334 3599 tuo
2386 3561 2575 3600 errore
2619 3544 3021 3600 credibiliorem
3076 3557 3185 3598 non
3231 3540 3581 3598 arbitrabor?

2005 3637 2129 3692 Nisi
2158 3643 2436 3700 venissem,
2470 3638 2566 3701 ait,
2596 3647 2647 3692 et
2676 3654 2764 3692 eos
2788 3637 3052 3691 allocutus
3081 3652 3270 3698 essent,
3311 3644 3578 3704 peccatum

2004 3748 2107 3784 non
2168 3730 2411 3785 haberent
2436 3732 2499 3785 ".
2537 3729 2806 3796 Quoniam
2854 3729 3022 3799 igitur
3068 3729 3187 3798 ipse
3231 3729 3448 3784 locutus
3497 3736 3582 3782 est

2004 3822 2160 3892 ipsis.
2187 3838 2314 3877 vere
2337 3822 2526 3877 dicens
2558 3822 2799 3891 seipsum
2826 3835 2951 3875 esse
2970 3819 3279 3879 Dominum,
3316 3834 3425 3871 non
3444 3816 3583 3872 falso

2004 3914 2278 3969 nominari
2308 3911 2470 3967 :Sum
2493 3912 2661 3974 enim,
2688 3912 2886 3981 inquit,
2968 3927 3073 3966 non
3127 3912 3415 3976 nominor,
3450 3909 3579 3978 quid

2007 4020 2233 4060 necesse
2264 4014 2349 4060 est
2384 4003 2588 4067 facere,
2628 4003 2719 4057 cui
2745 4019 2811 4058 ex
2834 4018 2900 4058 eo
2925 4002 3071 4072 quod
3116 4001 3379 4071 prae-novit
3408 4000 3583 4055 inevi-

2005 4098 2172 4152 tabile
2197 4105 2280 4151 est
2310 4095 2679 4166 supplicium?

2082 4187 2188 4242 Sed
2224 4186 2459 4241 fortasse
2488 4186 2556 4239 ad
2587 4184 2702 4238 haec
2729 4198 2924 4238 rursus
2958 4182 3218 4237 usitatam
3254 4181 3582 4253 sapientiam

2008 4280 2169 4334 nobis
2195 4276 2551 4333 refractarios
2581 4282 2840 4345 opponet,
2858 4283 2912 4328 et
2937 4274 3085 4328 dicet
3106 4276 3356 4329 eumdem
3386 4284 3440 4328 et
3470 4290 3587 4329 ser-

2007 4370 2125 4422 vire
2160 4374 2215 4422 et
2248 4366 2536 4423 Dominum
2563 4380 2686 4419 esse
2713 4383 2727 4431 ;
2755 4365 3075 4433 praepotenti
3109 4365 3329 4434 quidem
3375 4365 3587 4432 subjec-

2009 4468 2149 4523 tum,
2180 4457 2408 4527 reliquis
2448 4470 2581 4511 vero
2608 4454 2999 4509 dominantem.
3034 4451 3160 4509 Hzec
3204 4464 3383 4508 autem
3429 4453 3589 4508 docte

2013 4550 2277 4604 dicuntur
2314 4549 2369 4603 in
2397 4546 2575 4602 triviis
2612 4547 2681 4600 ab
2719 4543 3062 4599 amatoribus
3103 4544 3314 4600 erroris
3347 4545 3586 4600 circum-

2014 4642 2169 4707 ferri,
2209 4641 2304 4712 qui
2331 4656 2427 4711 per
2461 4641 2732 4695 humanas
2759 4638 3206 4694 circumstantias
3235 4652 3408 4693 vanas
3458 4652 3589 4691 suas

2013 4735 2082 4789 de
2116 4733 2224 4789 Deo
2247 4734 2538 4804 opiniones
2561 4732 2910 4788 conﬁrmant.
2953 4731 3410 4800 Quandoquidem
3440 4728 3585 4784 enim

2015 4827 2106 4896 qui
2138 4829 2195 4879 in
2233 4830 2334 4880 hac
2363 4828 2471 4879 vita
2505 4826 2831 4896 contingunt
2861 4839 3027 4879 casus
3052 4823 3242 4877 talium
3275 4837 3456 4877 rerum
3489 4835 3587 4873 no-

2017 4919 2101 4973 bis
2146 4920 2393 4989 exempla
2425 4916 2682 4982 afferunt.
2724 4916 3036 4987 eujusmodi
3063 4915 3117 4968 in
3157 4913 3361 4967 iarnilia
3402 4912 3590 4981 c0pio-

2018 5013 2166 5067 siore
2190 5012 2314 5066 licet
2338 5012 2541 5076 videre,
2566 5027 2634 5067 ex
2661 5010 2943 5065 conservis
2975 5008 3042 5062 ad
3083 5004 3352 5075 agendum
3399 5019 3585 5072 prom-

2020 5101 2249 5170 ptiorem
2265 5101 2546 5172 magisque
2564 5102 2909 5163 benevolum,
2924 5099 3088 5153 rebus
3111 5098 3192 5151 sui
3228 5095 3433 5163 domini
3457 5109 3585 5163 prae.

2021 5192 2247 5256 fectum,
2278 5202 2471 5248 contra
2494 5195 2735 5263 aequales
2767 5191 2991 5264 gradum
3021 5190 3269 5243 altiorem
3298 5184 3549 5240 sortitum
3574 5200 3589 5247 ;

2024 5284 2170 5338 hunc
2200 5286 2267 5338 ad
2305 5285 2489 5339 divina
2514 5287 2767 5355 dogmata
2784 5290 3106 5352 conceptum
3129 5276 3489 5337 transferunt,
3518 5275 3593 5327 ita

2023 5385 2084 5431 ut
2106 5377 2446 5447 unigenitum
2480 5377 2647 5434 Deum
2680 5376 2937 5446 potestati
2976 5368 3441 5445 superemineutis
3466 5368 3590 5421 sub-

2019 5468 2268 5540 jugatum
2301 5469 2432 5523 nihil
2459 5476 2544 5523 est
2575 5468 2721 5538 quod
2771 5465 3049 5535 impediat,
3092 5465 3227 5534 quin
3256 5458 3592 5516 dominantis

2026 5561 2353 5617 auctoritate
2402 5559 2724 5616 inferiorum
2770 5556 3148 5629 praefecturam
3176 5554 3441 5611 obtineat.
3482 5550 3589 5605 Sed

1648 5762 1688 5793 "
1718 5758 1872 5814 Joan.
1900 5774 1990 5825 xv,
2019 5759 2107 5814 22.
