4034 6480
540 397 645 454 847

1753 401 1809 456 S.
1845 400 2176 457 GREGURII
2217 399 2508 456 NYSSENI
3671 402 3756 459 888

541 537 644 578 nos
670 521 762 576 tali
785 519 1065 589 sapientiai
1095 535 1218 574 cum
1251 521 1552 579 dixerimus
1581 524 1896 595 valere,pro
1925 533 2114 578 nostra

2235 523 2310 578 τοῦ
2338 523 2748 586 δυναστεύοντος
2771 521 2984 593 ἐξουσία
3009 521 3143 593 πρὸς
3177 520 3274 591 τὴν
3305 520 3410 574 τῶν
3436 523 3758 579 καταδεεστέ-

541 614 914 683 intelligentia:
987 612 1365 668 mediocritate
1432 613 1500 668 de
1557 615 1658 668 hac
1699 631 1757 670 re
1809 631 2116 670 sermonem

540 706 978 760 consideremus.
1044 705 1124 758 Αιι
1166 704 1378 759 Patrem
1420 716 1616 760 natura
1654 706 1945 760 Dominum
1981 721 2118 759 con-

543 799 786 860 litentur,
824 812 891 850 an
929 797 1165 866 alicujus
1205 797 1464 867 suﬂ‘ragio
1503 799 1568 852 ad
1599 799 1700 852 hoc
1730 800 1986 853 venisse?
2013 797 2118 851 Sed

543 892 812 943 neminem
849 905 914 943 eo
954 889 1206 942 amentiae
1235 898 1290 943 et
1323 889 1563 944 infamia:
1602 894 1942 959 processisse
1975 890 2118 943 arbio

543 995 682 1049 tror,
727 984 820 1053 qui
855 984 1016 1038 modo
1045 998 1373 1053 quocunque
1422 983 1620 1036 mentis
1653 991 1708 1037 et
1746 983 2121 1051 intelligentia:

542 1078 614 1130 sit
659 1092 906 1146 compos.
939 1084 996 1128 ut
1033 1093 1140 1129 non
1189 1074 1298 1128 Deo
1347 1076 1732 1129 universorum
1785 1075 2120 1129 dominatio-

543 1183 668 1221 nem
711 1177 903 1222 natura
933 1169 1391 1222 incssetestetur.
1427 1165 1584 1231 Quod
1619 1167 1765 1222 enim
1804 1175 1999 1220 natura
2036 1173 2120 1221 est

543 1261 770 1330 simplex
806 1271 861 1316 et
893 1262 1126 1331 partium
1157 1275 1355 1328 expers
1399 1269 1454 1314 et
1491 1260 1937 1329 incompositum,
1972 1259 2116 1328 quod

542 1355 764 1424 quidem
817 1355 1001 1418 fuerit,
1034 1362 1206 1407 totum
1253 1368 1348 1423 per
1378 1363 1550 1406 totum
1604 1352 1707 1406 hoc
1750 1361 1852 1415 est,
1897 1367 2005 1405 non
2053 1368 2119 1405 ex

543 1444 844 1498 mutatione
868 1443 1107 1510 alicujus
1156 1443 1385 1496 alterius
1451 1441 1699 1494 factum:
1761 1440 1858 1495 sed
1902 1441 1956 1494 in
2010 1458 2120 1510 quo

541 1543 648 1594 est,
692 1550 1020 1604 permanens
1046 1534 1100 1586 in
1127 1540 1414 1586 :eternum.
1449 1530 1589 1598 Quid
1628 1531 1793 1602 igitur
1828 1533 1961 1586 etde
1988 1529 2119 1584 Uni-

542 1626 723 1694 ιςεηίιο
740 1625 1152 1679 existimarunt?
1179 1632 1360 1676 utrum
1386 1624 1693 1693 simplicem
1713 1631 1767 1676 et
1795 1623 1914 1692 ejus
1931 1639 2120 1678 essen-

543 1715 675 1768 tiam
704 1713 1056 1773 eonlitentur.
1093 1729 1162 1766 an
1193 1714 1431 1779 aliquam
1488 1715 1542 1767 in
1575 1729 1637 1767 ea
1666 1713 2119 1783 compositionem

545 1805 896 1876 intelligunt?
927 1803 982 1859 Si
1021 1805 1188 1874 igitur
1230 1805 1435 1877 aliquid
1469 1805 1683 1858 varium
1731 1812 1785 1858 ct
1838 1805 2119 1873 multiplex

545 1899 838 1970 multisque
863 1898 1108 1969 partibus
1137 1905 1399 1952 constans
1432 1899 1574 1951 hunc
1601 1913 1721 1952 esse
1762 1898 2120 1965 arbitrantur;

546 2007 719 2060 neque
748 1993 910 2060 plane
951 1989 1173 2044 deitatis
1207 2005 1403 2043 nomen
1443 1989 1493 2044 ei
1523 1989 1847 2053 concedent,
1904 1991 1970 2043 ad
2007 2006 2123 2043 ma-

544 2075 769 2130 teriales
813 2074 1080 2143 quasdam
1122 2082 1178 2128 et
1225 2074 1547 2141 corporales
1596 2073 1884 2142 opiniones
1932 2075 2124 2127 decre-

545 2175 661 2220 tum
691 2167 760 2221 de
787 2166 1008 2222 Christo
1023 2167 1396 2221 traducentes.
1414 2164 1568 2230 Quod
1605 2165 1652 2219 si
1672 2167 1974 2234 simplicem
2000 2182 2125 2222 esse

546 2259 922 2319 consentiunt,
953 2257 1229 2328 quomodo
1254 2256 1308 2309 in
1342 2255 1694 2325 simplicitate
1720 2255 2125 2324 subjecti,con-

547 2349 845 2403 trariorum
877 2365 1206 2404 concursum
1256 2348 1384 2402 licet
1417 2348 1656 2402 intueri?
1690 2357 1750 2401 ut
1806 2348 1952 2402 enim
2002 2349 2126 2403 vita;

546 2449 600 2494 rt
632 2441 827 2497 mortis
861 2443 915 2495 iu
945 2441 1283 2496 contrarium
1321 2439 1634 2495 immediate
1686 2448 1770 2495 est
1822 2441 2123 2511 oppositio,

547 2534 629 2588 sic
655 2549 778 2588 cum
815 2535 1082 2590 servitute
1107 2534 1411 2589 dominatio
1440 2535 1651 2588 nullum
1694 2534 1858 2588 habet
1891 2549 2125 2588 consor-

546 2627 706 2689 tium,
733 2634 786 2681 et
819 2627 1057 2697 propriis
1089 2626 1471 2682 aii‘ectiouibus
1498 2626 1732 2680 alienata
1759 2634 1863 2680 est.
1909 2626 1970 2680 Si
2002 2627 2127 2695 quis

547 2718 691 2772 enim
720 2718 917 2772 horum
945 2725 1243 2788 utrumque
1278 2718 1331 2771 in
1373 2717 1569 2786 seipsis
1620 2717 1965 2781 consideret,
2015 2732 2126 2771 non

546 2811 807 2881 aequalem
831 2811 1098 2866 ainbobus
1130 2809 1401 2880 optaverit
1430 2807 1824 2863 deﬁnitionem.
1877 2809 2125 2873 Quorum

547 2913 728 2958 autem
746 2901 986 2958 deﬁnitio
1001 2920 1109 2959 non
1125 2904 1338 2969 eadem,
1353 2902 1548 2956 horum
1561 2903 1728 2956 etiam
1745 2913 1937 2956 natura
1957 2903 2131 2957 omni-

549 2992 838 3048 nodiﬂ‘ert.
878 2994 934 3048 Si
972 2996 1139 3064 igitur
1167 2995 1402 3064 simplex
1425 2993 1728 3050 secundum
1747 3001 1995 3047 naturam
2024 2993 2131 3048 Do-

551 3086 753 3147 minus,
782 3085 1059 3154 quomodo
1086 3085 1140 3138 in
1177 3085 1429 3153 subjecto
1459 3084 1866 3140 contrariorum
1893 3084 2129 3153 duplici-

550 3184 637 3229 tas
681 3191 806 3230 esse
848 3179 1040 3246 possit,
1089 3175 1351 3230 servitute
1402 3175 1658 3229 nimirum
1715 3191 1838 3228 eum
1883 3175 2132 3230 domina-
2163 3209 2204 3265 ε

553 3268 704 3322 tione
748 3267 1205 3337 contemperata?
1258 3266 1364 3321 Sed
1413 3267 1461 3323 si
1514 3265 1781 3321 Dominus
1831 3270 2134 3323 secundum

551 3367 872 3412 sanctorum
901 3358 1207 3410 doctrinam
1251 3357 1597 3422 conceditur,
1646 3357 1825 3426 ipsum
1852 3365 2133 3427 expertem

553 3465 676 3505 esse
695 3450 958 3504 contrarii
981 3449 1304 3518 simplicitas
1331 3447 1568 3518 subjecti
1602 3457 1856 3503 tesmtur.
1911 3449 2068 3514 Quod
2092 3449 2138 3506 si

557 3544 734 3612 ipsum
789 3541 999 3595 servire
1047 3539 1396 3604 denuntiant,
1440 3540 1645 3593 frustra
1688 3542 1736 3594 ei
1801 3556 2000 3595 nomen
2041 3542 2139 3595 do-

559 3631 881 3688 minationis
931 3631 1262 3685 attribuunt.
1296 3630 1452 3698 Quod
1487 3631 1634 3686 enim
1685 3631 1914 3702 simplex
1939 3641 1992 3687 et
2025 3635 2140 3688 sin-

556 3739 744 3780 cerum
779 3731 997 3788 natura,
1033 3723 1101 3776 ad
1136 3723 1448 3778 contrarias
1498 3725 1868 3793 proprietates
1900 3741 2025 3780 non-
2055 3726 2140 3780 di-

556 3817 852 3873 scinditur.
883 3815 1037 3882 Quod
1069 3819 1114 3871 si
1157 3817 1289 3871 illud
1314 3816 1533 3887 quidem
1567 3817 1746 3886 ipsqu
1776 3833 1901 3873 esse
1923 3819 2137 3883 dicunt,

557 3910 666 3964 hoc
715 3924 846 3963 vero
895 3907 1001 3963 dici
1049 3927 1064 3963 ι
1103 3917 1299 3962 natura
1349 3908 1570 3979 quidem
1629 3923 1871 3970 servum,
1919 3909 2140 3964 nomine

559 4016 689 4056 vero
716 3999 1000 4055 dominum
1030 3999 1354 4054 :ostendant
1400 3999 1570 4054 libere
1615 3998 1887 4069 ejusmodi
1924 4015 2136 4064 vocem,

558 4099 613 4144 et
630 4106 733 4145 nos
753 4105 783 4142 a
801 4087 1259 4143 contradictionis
1276 4089 1560 4143 laboribus
1588 4088 1766 4158 longis
1793 4089 2139 4158 requiescere

561 4183 782 4237 facient.
819 4180 953 4247 Quis
979 4181 1125 4235 enim
1155 4181 1210 4233 in
1242 4181 1394 4236 vanis
1425 4188 1534 4233 tam
1565 4180 1678 4233 otio
1701 4181 1987 4234 abundans
2027 4188 2134 4243 est,

562 4283 622 4328 ut
651 4281 868 4344 aperta.
903 4273 1054 4327 clara
1078 4283 1131 4327 et
1150 4273 1454 4328 indubitata
1477 4273 1786 4326 rationibus
1808 4273 2138 4343 redarguat?

561 4365 750 4436 Neque
769 4365 916 4420 enim
935 4365 981 4419 si
998 4364 1124 4435 quis
1149 4365 1235 4420 sui
1258 4365 1434 4435 ipsius
1461 4364 1626 4418 caedis
1649 4365 1829 4419 scelus
1860 4365 2140 4420 indicave-

562 4457 653 4521 rit,
685 4457 1102 4510 accusatoribus
1150 4457 1306 4510 labor
1335 4455 1685 4525 relinquitur,
1730 4457 1897 4510 certis
1929 4463 1989 4509 ut
2040 4456 2139 4512 de-

2224 633 2332 686 ρων
2355 615 2670 686 ἠγεμονίαν.
2734 613 2869 666 Ἀλλ’
2899 615 3061 682 ἡμεῖς
3092 611 3366 682 ἐρρῶσθαι
3392 612 3679 680 φράσαντες
3703 619 3758 686 τῇ

2220 708 2438 777 τοιαύτῃ
2472 707 2650 778 σοφίᾳ,
2683 705 2822 758 κατὰ
2847 705 2905 757 τὸ
2932 704 3197 774 ἡμέτερον
3219 704 3315 770 τῆς
3342 703 3568 768 διανοίας
3593 706 3759 776 μέτρον

2221 798 2310 849 τὸν
2342 797 2467 868 περὶ
2506 796 2691 849 τούτου
2725 796 2881 862 λόγον
2913 791 3349 862 διασκεψώμεθα.
3401 789 3540 862 Ἀρα
3564 795 3760 847 16v“:-

2220 889 2354 959 τέρα
2404 888 2560 957 φύσει
2589 888 2790 958 Κύριον
2835 883 3221 955 ὁμολογοῦσιν,
3273 884 3305 952 ἢ
3350 883 3437 935 διὰ
3465 888 3760 954 χειροτονίας

2220 983 2365 1044 τινὸς
2395 982 2528 1052 πρὸς
2561 981 2716 1032 τοῦτο
2744 979 2950 1041 ἐλοείνς
2999 977 3160 1029 Ἀλλὰ
3188 978 3287 1030 ούκ
3321 973 3471 1046 οἶμαι
3526 980 3600 1041 εἰς
3635 980 3764 1033 τοῦτο

2226 1074 2418 1142 μανίας
2451 1073 2624 1125 ἐλθεῖν
2663 1072 2755 1123 τὸν
2799 1071 2892 1124 καὶ
2919 1070 3165 1124 ὁπωσοῦν
3194 1069 3427 1130 διανοίας
3468 1069 3760 1139 μετέχονται

2221 1163 2294 1224 th;
2321 1163 2394 1232 μὴ
2419 1166 2485 1232 τῇ
2517 1161 2675 1230 φύσει
2707 1162 3147 1231 προσμαρτυρεῖν
3176 1159 3252 1228 τῷ
3273 1159 3391 1229 Θεῷ
3418 1159 3524 1210 τῶν
3543 1159 3664 1213 ὅλων
3684 1164 3764 1231 τὴν

2222 1255 2546 1324 κυριότητα.
2593 1251 2660 1305 Ὃ
2688 1252 2795 1321 γὰρ
2827 1252 3028 1305 ἁπλοῦν
3067 1254 3131 1321 τῇ
3172 1251 3330 1319 φύσει
3361 1250 3454 1304 καὶ
3485 1251 3672 1320 ἀμερὲς
3690 1257 3765 1307 καὶ

2223 1345 2532 1405 ἀσύνθετον,
2564 1345 2698 1413 ὅπερ
2733 1342 2798 1395 ἂν
2825 1342 2962 1412 τύχῃ
2989 1342 3068 1403 ὃν,
3092 1343 3211 1394 ὅλον
3233 1342 3405 1394 διόλου
3440 1339 3592 1393 τοῦτό
3619 1344 3760 1405 ἐστιν,

2222 1437 2320 1489 οὐκ
2355 1438 2418 1488 ἐκ
2455 1434 2755 1507 μεταϐολῆς
2787 1451 2931 1498 τινος
2978 1434 3162 1505 ἐτέρου
3218 1432 3498 1501 γινόμενον
3521 1449 3534 1463 ·
3585 1432 3686 1485 ἀλλ’
3716 1434 3761 1484 ἐν

2221 1521 2265 1594 ᾧ
2288 1531 2452 1589 ἐστιν,
2483 1526 2732 1596 διαμένον
2751 1526 2884 1596 πρὸς
2907 1527 2968 1578 τὸ
2995 1527 3181 1579 ἀΐδιον.
3211 1525 3275 1577 Τί
3303 1522 3398 1578 οὖν
3428 1525 3522 1576 καὶ
3552 1525 3669 1594 περὶ
3693 1525 3770 1578 τοῦ

2223 1619 2558 1687 Μονογενοῦς
2589 1619 2978 1689 ύπειλήφασινς
3033 1615 3139 1686 ἆρα
3175 1618 3349 1687 ἁπλῆν
3385 1617 3548 1670 αὐτοῦ
3579 1616 3667 1686 τὴν
3698 1617 3772 1668 οὐ·

2225 1713 2344 1764 σίαν
2369 1710 2743 1780 ὁμολογοῦσιν,
2775 1711 2808 1779 ἦ
2831 1727 2949 1762 τινα
2977 1711 3070 1763 καὶ
3096 1710 3341 1763 σύνθεσιν
3369 1709 3498 1778 περὶ
3523 1708 3676 1779 αὐτὴν
3701 1711 3771 1761 ὲν-

2225 1806 2459 1870 νοοῦσινς
2489 1806 2552 1857 Εἰ
2583 1804 2680 1875 μὲν
2701 1800 2793 1856 οὖν
2827 1804 3066 1856 ποικίλον
3088 1821 3139 1855 τι
3172 1803 3358 1874 χρῆμα
3391 1801 3482 1854 καὶ
3509 1799 3775 1870 πολυμερὲς

2229 1895 2365 1952 εἶναι
2397 1897 2585 1950 τοῦτον
2620 1895 2949 1966 νομίζουσιν,
2979 1896 3097 1948 οὐδὲ
3143 1895 3202 1948 τὸ
3247 1894 3420 1964 ὄνομα
3467 1893 3669 1953 πάντως
3696 1892 3776 1959 τῆς

2228 1991 2479 2060 θεότητος
2508 1989 2657 2061 αὐτῷ
2681 1990 3144 2059 συγχωρήσουσιν,
3174 1988 3252 2049 εἰς
3283 1985 3508 2049 ὑλώδεις
3537 1983 3676 2046 τινὰς
3701 1983 3776 2035 καὶ

2231 2081 2545 2152 σωματικὰς
2563 2080 2856 2153 ὑπολήψεις
2883 2080 2943 2131 τὸ
2965 2079 3090 2149 περὶ
3112 2078 3202 2132 τοῦ
3227 2076 3468 2148 Χριστοῦ
3487 2075 3652 2145 δόγμα
3671 2089 3776 2144 μετ-

2228 2175 2468 2243 άγοντες.
2498 2174 2558 2226 Εἰ
2587 2173 2642 2226 δὲ
2665 2171 2867 2227 ἁπλοῦν
2891 2169 3027 2224 εἶναι
3064 2169 3418 2233 συντίθενται,
3455 2168 3568 2230 πῶς
3603 2160 3775 2234 ἔστιτῇ

2231 2266 2489 2337 ἁπλότητι
2522 2267 2614 2320 τοῦ
2647 2267 3012 2336 ὑποκειμένου
3048 2264 3143 2335 τὴν
3166 2263 3274 2316 τῶν
3313 2261 3568 2315 ἐναντίων
3596 2258 3780 2328 συνδρο-

2233 2358 2340 2430 μὴν
2379 2359 2713 2430 ὲνΟεωρῆσαι
2738 2375 2752 2424 ;
2785 2359 2872 2421 Ὡς
2901 2357 3009 2428 γὰρ
3029 2357 3130 2426 τῆς
3158 2355 3300 2424 ζωῆς
3327 2353 3421 2407 καὶ
3462 2352 3553 2406 τοῦ
3579 2352 3776 2405 Θανάτου

2230 2450 2431 2520 ἄμεσός
2463 2451 2606 2502 ἐστιν
2652 2450 2685 2519 ἡ
2729 2447 2865 2520 πρὸς
2893 2447 2952 2500 τὸ
2987 2446 3225 2499 ἐναντίον
3253 2442 3669 2504 ἀντιδιάστασις,
3707 2438 3781 2491 οὒ-

2228 2560 2336 2605 τως
2374 2544 2407 2613 ἡ
2447 2541 2702 2611 κυριότης
2744 2539 2878 2610 πρὸς
2909 2539 3003 2608 τὴν
3037 2537 3276 2590 δουλείαν
3315 2535 3545 2606 ἄμικτός
3579 2533 3781 2586 ἐστικαὶ

2230 2634 2630 2707 ἠλλοτριωμένη
2657 2636 2766 2695 τοῖς
2801 2631 3107 2694 ίδιάζουσιν.
3136 2629 3208 2682 Ού
3233 2628 3341 2698 γὰρ
3365 2627 3432 2680 ἄν
3457 2643 3542 2689 τις
3557 2625 3779 2694 ἑκάτερον

2229 2729 2433 2782 τούτων
2465 2727 2548 2794 ἐφ’
2583 2725 2788 2778 ἑαυτῶν
2814 2721 3054 2793 Θεωρῶν,
3081 2721 3172 2773 τὸν
3199 2715 3317 2772 ἴσον
3348 2717 3669 2787 ἀμφοτέρας
3699 2714 3781 2782 6.9-

2235 2821 2414 2890 μόσειε
2451 2819 2625 2886 λόγον.
2651 2811 2750 2868 Ὧν
2779 2816 2836 2868 δὲ
2865 2816 2892 2866 6
2925 2814 3081 2882 λόγος
3107 2813 3205 2881 οὐχ
3239 2813 3266 2864 6
3295 2810 3482 2871 αὐτὸς,
3506 2803 3782 2860 τούτωνκαὶ

2232 2914 2266 2981 ἡ
2296 2909 2454 2980 φύσις
2484 2908 2700 2969 πάντως
2724 2906 2996 2975 διάφορος.
3055 2903 3118 2955 Et
3146 2899 3239 2955 οὖν
3278 2899 3484 2962 ἁπλοῦς
3534 2895 3666 2950 κατὰ
3705 2894 3784 2961 τὴν

2234 3003 2394 3074 φύσιν
2423 3004 2450 3056 6
2471 3003 2691 3072 Κύριος,
2732 2998 2849 3062 πῶς
2881 2999 2944 3051 ἂν
2969 2996 3180 3064 γένοιτο
3212 3011 3276 3047 πε
3288 2993 3339 3064 ρὶ
3361 2993 3423 3045 τὸ
3460 2989 3782 3056 ὑποκείμενον

2232 3100 2266 3167 ἡ
2305 3096 2412 3149 τῶν
2442 3095 2695 3147 ἐναντίων
2734 3092 2945 3160 διπλόη,
2991 3089 3229 3151 δουλείας
3267 3081 3784 3160 συνανακιρνωμένης

2237 3193 2304 3261 τῇ
2339 3189 2656 3260 κυριότητις
2703 3185 2838 3238 Ἀλλ’
2873 3187 2921 3236 εἰ
2959 3180 3164 3254 Κύριος
3193 3179 3334 3234 κατὰ
3377 3179 3480 3247 τὴν
3506 3175 3611 3228 τῶν
3643 3171 3786 3239 ἁγίων

2240 3258 2585 3334 διδασκαλίαν
2635 3271 3288 3346 ὁμολογεῖται,άμέτοχον
3329 3267 3494 3322 αὐτὸν
3541 3261 3672 3318 εἶναι
3708 3258 3784 3312 τοῦ

2241 3372 2482 3426 ἐναντίου
2525 3371 2558 3441 ἠ
2613 3367 2847 3436 ἁπλότης
2897 3364 2991 3418 τοῦ
3047 3361 3406 3432 ὑποκειμένου
3461 3356 3782 3430 μαρτύρεται.

2241 3468 2303 3520 Ei
2332 3466 2387 3518 δὲ
2413 3462 2679 3517 δουλεύειν
2736 3459 2897 3514 αὑτὸν
2927 3457 3333 3526 ἀποφαίνονται,
3364 3453 3543 3524 μάτην
3575 3447 3708 3515 αὐτῷ
3739 3443 3789 3496 τὸ

2238 3561 2409 3630 ὄνομα
2427 3550 2907 3628 προσμαρτυροῦσι
2929 3550 3023 3620 τῆς
3040 3548 3373 3618 κυριότητος.
3396 3545 3472 3597 Τὸ
3493 3544 3598 3613 γὰρ
3613 3537 3787 3630 ἁπλούν

2239 3651 2304 3719 τῇ
2339 3629 2496 3714 φύσει
2531 3644 2665 3716 πρὸς
2699 3642 2766 3695 τὰ
2797 3641 3012 3694 ἐναντία
3056 3639 3164 3692 τῶν
3199 3636 3507 3707 ἰδιωμάτων
3535 3635 3593 3686 οὐ
3612 3629 3789 3698 6:167}-

2241 3737 2408 3802 ζεται.
2452 3735 2513 3788 Εἰ
2535 3735 2591 3788 δὲ
2614 3735 2675 3786 τὸ
2701 3731 2800 3802 μὲν
2819 3726 2955 3784 εἷναί
2984 3746 3145 3798 φασιν
3168 3725 3423 3789 αὐτὸν,τδ
3446 3725 3502 3778 δὲ
3531 3721 3786 3790 λέγεσθαι·

2239 3832 2302 3901 τῇ
2329 3827 2485 3898 φύσει
2519 3826 2614 3896 μὲν
2640 3824 2843 3886 δοῦλον,
2873 3821 2950 3892 τῷ
2996 3821 3217 3891 ὀνόματι
3256 3818 3311 3870 δὲ
3340 3816 3546 3888 Κύριον
3569 3833 3582 3845 ο
3640 3810 3790 3875 δειξά-

2240 3937 2417 3974 τωσαν
2443 3920 2500 3970 έν
2535 3915 2818 3988 παρρησία
2843 3913 3098 3984 τοιαύτην
3129 3911 3330 3982 φωνὴν,
3353 3911 3447 3963 καὶ
3476 3905 3789 3962 ἀναπαύσον-

2243 4032 2325 4067 σιν
2355 4013 2500 4083 ἡμᾶς
2528 4009 2635 4062 τῶν
2688 4006 2913 4079 μακρῶν
2957 4005 3084 4075 περὶ
3117 4005 3213 4076 τὴν
3255 4003 3574 4074 ἀντίρρησιν
3615 3998 3786 4052 πόνων.

2241 4107 2333 4169 Τίς
2367 4106 2473 4174 γάρ
2497 4103 2667 4166 οὕτως
2695 4103 2750 4153 ὲν
2781 4104 2894 4164 τοῖς
2935 4100 3180 4170 ματαίοις
3219 4096 3490 4166 εὖσχολος.
3522 4095 3595 4157 ὡς
3625 4094 3686 4146 τὰ
3707 4107 3790 4158 φα-

2241 4200 2372 4271 νερά
2411 4215 2469 4251 τε
2504 4197 2597 4250 καὶ
2638 4193 2979 4265 ἀναμφίϐολα
3031 4193 3116 4245 διὰ
3163 4189 3437 4260 λογισμῶν
3481 4186 3790 4255 ἐξελέγχειν;

2241 4291 2373 4344 Οὐδὲ
2406 4289 2514 4360 γὰρ
2556 4288 2711 4349 εἴτις
2751 4285 2944 4339 ἑαυτοῦ
2975 4284 3374 4354 καταμηνύσειε
3415 4281 3510 4334 τοῦ
3556 4279 3704 4348 φόνου
3742 4273 3794 4326 τὺ

2245 4382 2472 4451 μίασμα,
2523 4380 2681 4440 πόνος
2720 4395 2802 4438 τις
2832 4375 3181 4430 ὑπολείπεται
3217 4377 3328 4436 τοῖς
3376 4372 3711 4442 κατηγόροις,
3737 4365 3791 4418 δι’

2243 4469 2565 4534 ἀποδείξεών
2616 4487 2775 4521 τινων
2801 4469 2951 4536 ἄγειν
2998 4467 3094 4537 τὴν
3129 4464 3433 4536 μιαιφονίαν
3470 4466 3550 4525 εἰς
3580 4462 3788 4528 ἔλεγχον.

563 4548 1058 4604 monstrationibus
1083 4548 1282 4602 eadem
1316 4548 1384 4602 ad
1409 4547 1788 4618 probationem
1835 4547 2130 4612 adducant,

2241 4563 2396 4615 Οὕτω
2423 4562 2515 4615 καὶ
2545 4562 2701 4630 ἡμεῖς
2729 4558 2910 4612 οὐκέτι
2936 4558 3027 4610 τὸν
3052 4559 3117 4610 ὲκ
3144 4557 3241 4627 τῆς
3269 4555 3570 4622 ἐξετάσεως
3594 4553 3787 4620 ἔλεγχον

564 4655 798 4712 eamque
830 4638 1029 4694 factam
1055 4655 1179 4694 esse
1211 4640 1560 4695 convineant.
1600 4639 1693 4692 Sic
1733 4654 1835 4694 nos
1875 4654 1983 4693 non
2024 4655 2141 4693 am-

565 4733 710 4805 plius
740 4731 1081 4802 argumentis
1112 4737 1263 4786 certa
1308 4731 1524 4785 ratione
1550 4730 1841 4801 exquisitis
1885 4729 2141 4786 adversa-

564 4823 683 4877 rios
707 4821 1194 4894 reprehendemus,
1221 4836 1346 4875 cum
1378 4821 1664 4891 hucusque
1697 4820 1973 4891 impietate
2015 4836 2143 4890 pro-

565 4916 863 4976 cesserint.
885 4913 990 4982 Qui
1015 4914 1161 4970 enim
1177 4915 1524 4986 unigenitum.
1549 4914 1718 4970 Deum
1744 4932 1962 4971 servum
1979 4923 2144 4970 natu-

565 5024 627 5064 ra
652 5010 872 5073 asserit,
897 5011 1046 5064 hunc
1063 5007 1168 5065 sibi
1185 5023 1514 5064 conservum
1533 5023 1632 5078 per
1658 5024 1783 5079 qua
1797 5009 1870 5062 ait
1885 5009 2140 5064 adstruit:

567 5116 634 5156 ex
669 5113 846 5173 eoque
885 5101 1087 5172 duplex
1135 5102 1448 5158 absurditas
1483 5103 1796 5158 necessario
1837 5101 2142 5168 inferetur;

567 5193 653 5250 vel
681 5193 830 5249 enim
863 5208 1191 5249 conservum
1235 5201 1552 5248 contemnet
1587 5200 1644 5247 et
1682 5194 1849 5248 ﬁdem
1899 5193 2142 5264 negabit,

564 5285 702 5357 iugo
727 5285 1118 5341 dominationis
1146 5285 1354 5343 Christi
1383 5299 1654 5353 excusso;
1680 5285 1765 5340 vel
1794 5300 2012 5340 servum
2050 5303 2144 5341 ve-

569 5377 873 5462 nerabitur,
904 5385 960 5433 et
989 5389 1243 5432 naturam
1279 5378 1364 5433 sui
1414 5377 1557 5448 juris
1585 5385 1640 5432 et
1669 5377 1897 5433 liberam
1923 5393 2141 5433 aversa-

569 5476 682 5532 tus,
711 5469 950 5538 quodam
982 5468 1146 5524 modo
1181 5469 1424 5539 seipsum
1455 5485 1558 5540 pro
1588 5469 1700 5525 Deo
1730 5469 1894 5524 colet.
1921 5468 1976 5524 Si
1999 5469 2146 5525 enim

571 5558 628 5612 in
660 5560 928 5614 servitute
968 5558 1194 5628 quidem
1235 5560 1497 5630 seipsum,
1543 5560 1616 5616 .in
1647 5559 1912 5616 servitute
1964 5569 2146 5616 autem

571 5650 723 5705 videt
747 5649 910 5706 etiam
939 5650 994 5706 id
1022 5650 1168 5720 quod
1182 5651 1402 5716 colitur,
1427 5652 1482 5707 in
1513 5653 1754 5722 seipsum
1781 5653 1943 5722 plane
1966 5653 2147 5707 intue-

573 5749 686 5806 tur,
716 5744 809 5811 qui
841 5743 1009 5797 alium
1050 5745 1292 5813 seipsum
1329 5744 1385 5798 in
1414 5759 1480 5800 eo
1501 5745 1648 5814 quod
1684 5744 1947 5800 adorator
1978 5746 2148 5801 videt.

577 5834 869 5893 Enimvero
901 5836 1005 5890 alia
1036 5836 1218 5891 omnia
1251 5852 1371 5906 qua:
1401 5838 1714 5894 necessario
1742 5839 1797 5893 in
1830 5839 1994 5909 hujus
2017 5838 2149 5911 dog-

2243 4654 2355 4713 τοῖς
2382 4649 2644 4712 ἐναντίοις
2677 4648 2987 4718 ἐποίσομεν,
3019 4647 3145 4700 ὅταν
3177 4645 3336 4716 μέχρι
3374 4643 3564 4698 τούτου
3595 4646 3654 4713 τῇ
3682 4644 3790 4694 ἀσε-

2243 4739 2365 4810 ϐείᾳ
2395 4737 2746 4810 προέλθωσιν.
2812 4736 2871 4789 '0
2894 4736 3001 4806 γάρ
3025 4735 3208 4789 δοῦλον
3246 4738 3312 4807 τῇ
3341 4734 3502 4804 φύσει
3529 4733 3691 4801 λέγων
3716 4728 3791 4781 τὸν

2247 4831 2509 4902 μονογενῆ
2539 4829 2690 4894 Θεὸν,
2731 4829 3015 4900 ὁμόδουλον
3064 4828 3242 4898 ἑαυτῷ
3270 4827 3454 4880 τοῦτον
3475 4827 3541 4880 δι’
3569 4821 3641 4879 ὧν
3669 4825 3790 4890 λέγει

2243 4922 2662 4988 κατασκευάζει,
2683 4923 2747 4974 ὲκ
2766 4921 2823 4974 δὲ
2844 4920 3034 4974 τούτου
3051 4920 3212 4988 διπλῆ
3233 4922 3266 4988 ἠ
3295 4919 3492 4972 ἀτοπία
3516 4920 3631 4971 κατ’
3658 4915 3792 4979 ἀνάγ·

2245 5036 2346 5089 κην
2365 5015 2824 5086 συνενεχθήσεται.
2847 5015 2917 5066 Ἢ
2944 5015 3052 5084 γὰρ
3073 5014 3470 5084 καταφρονήσει
3490 5012 3582 5064 τοῦ
3594 5007 3790 5080 ὁμοδού-

2245 5111 2338 5164 λου
2368 5110 2460 5163 καὶ
2483 5110 2582 5179 τὴν
2601 5107 2784 5160 πίστιν
2806 5107 3123 5178 ἀρνήσεται,
3144 5105 3233 5158 τὸν
3262 5104 3425 5174 ζυγὸν
3445 5107 3543 5174 τῆς
3568 5103 3656 5156 τοῦ
3681 5102 3790 5171 Χρι-

2247 5200 2373 5254 στοῦ
2391 5199 2705 5261 δεσποτείας
2727 5194 3224 5267 ἀποσεισάμενοςυῆ
3251 5194 3514 5264 ὑποκύψει
3538 5194 3613 5264 τῷ
3626 5191 3788 5259 δούλῳ,

2246 5293 2340 5345 καὶ
2360 5291 2728 5362 ἀποστραφεὶς
2748 5290 2845 5361 τὴν
2867 5288 3176 5360 αὐτοκρατῆ
3199 5306 3258 5341 τε
3283 5289 3374 5341 καὶ
3407 5287 3690 5341 ἀδέσποτον
3709 5283 3790 5351 φύ-

2249 5402 2352 5448 σιν,
2379 5384 2577 5456 τρόπον
2609 5384 2728 5436 τινὰ
2755 5383 2943 5436 ἑαυτὸν
2976 5383 3095 5436 ἀντὶ
3119 5380 3254 5434 Θεοῦ
3286 5380 3688 5451 σεϐασθήσεται.
3739 5376 3789 5429 ΕΞ

2247 5475 2356 5545 γὰρ
2377 5477 2434 5528 ὲν
2462 5475 2674 5546 δουλείᾳ
2707 5474 2806 5546 μὲν
2835 5473 3044 5538 ἑαυτὸν,
3086 5474 3143 5525 ὲν
3181 5472 3391 5543 δουλείᾳ
3427 5471 3481 5524 δὲ
3506 5472 3606 5541 όρᾷ
3637 5467 3718 5522 καὶ
3743 5463 3792 5516 τὸ

2251 5567 2518 5638 σέϐασμα,
2539 5569 2672 5638 πρὸς
2700 5567 2889 5621 ἑαυτὸν
2905 5565 3142 5637 ἀτεχνῶς
3170 5565 3376 5635 βλέπει,
3400 5566 3427 5617 6
3448 5563 3602 5618 ἄλλον
3627 5557 3791 5614 ἑαυτὸν

2250 5660 2308 5712 ὲν
2339 5658 2417 5729 τῷ
2441 5660 2741 5728 σεϐάσματι
2774 5658 3008 5728 βλέπων.
3067 5657 3226 5710 Ἀλλὰ
3261 5657 3366 5726 μὴν
3394 5655 3461 5707 τὰ
3484 5653 3617 5706 ἄλλα
3642 5650 3789 5702 πάντα

2251 5752 2349 5803 ὅσα
2378 5752 2497 5802 κατ’
2527 5753 2770 5821 ἀνάγκην
2801 5753 2865 5821 τῇ
2902 5749 3070 5820 κακία
3097 5747 3268 5820 ταύτῃ
3307 5746 3674 5815 συνθεωρεῖται
3713 5736 3788 5791 τοῦ

2251 5843 2538 5912 δόγματος,
2567 5843 2650 5908 τίς
2677 5843 2742 5899 ἂν
2770 5843 3197 5926 ἐξαριθμήσαιτο
3223 5841 3377 5909 λόγος
3402 5857 3416 5907 ;
3463 5838 3557 5901 Τίς
3578 5837 3678 5905 γὰρ
3707 5832 3790 5886 cev,
