4034 6468
305 349 410 402 849

1404 353 1681 410 CONTRA
1720 355 2102 426 EUNOMIUM,
2147 359 2272 416 LIB.
2318 364 2384 418 Χ.
2457 359 2471 374 ’

3446 359 3548 413 850

306 455 447 507 οἶδεν
470 456 551 508 ὅτι
571 457 599 508 6
625 455 807 520 δοῦλος
827 461 890 529 τῇ
921 458 1075 527 φύσει
1097 462 1190 514 καὶ
1214 463 1342 532 πρὸς
1367 463 1687 536 δεσποτικὴν
1709 467 1874 534 ἀνάγ-

1984 474 2140 527 matis
2159 475 2516 544 perversitate
2532 483 2870 546 spectantur,
2909 487 3033 542 quis
3049 484 3227 526 sermo
3254 485 3547 525 enumera-

308 563 412 616 κην
457 547 844 618 ἠσχολημένος.
898 551 1016 602 οὐδὲ
1057 550 1149 604 τοῦ
1183 554 1319 606 κατά
1359 555 1448 607 τὸν
1486 558 1645 623 φόϐον
1681 556 1880 620 πάθους

309 639 465 700 ἐκτὸς
490 638 555 692 ἂν
585 639 705 710 εἴης
770 642 1116 706 συνέζευκται
1157 647 1263 717 γάρ
1306 665 1418 710 πως
1468 653 1532 722 τῇ
1586 651 1744 720 φύσει
1783 653 1881 721 τῆς

307 730 551 794 δουλείας
583 731 611 781 6
646 731 826 799 φόϐος.
878 734 987 787 Καὶ
1015 734 1201 789 τούτου
1235 737 1443 808 μάρτυς
1467 744 1494 793 6
1533 741 1672 806 θεῖος
1717 744 1880 796 Ἀπό-

311 822 496 900 στολος
545 821 742 884 εἰπὼν,
787 822 868 877 ὅτι
908 827 1029 878 Οὐκ
1060 826 1300 881 ἐλάϐετε
1329 831 1564 901 πνεῦμα
1603 832 1880 900 δουλείας

311 912 500 966 πάλιν
524 915 610 978 εἰς
631 915 838 982 φόϐον.
887 916 1046 969 Ὥστε
1075 917 1195 970 καθ’
1222 921 1512 991 ὁμοιότητα
1535 923 1640 976 τῶν
1665 925 1872 996 ἀνθρώ-

312 1022 428 1056 πων
458 1004 630 1056 καὶτὸ
656 1005 794 1058 κατὰ
821 1006 911 1060 τὸν
941 1009 1104 1077 φόϐον
1130 1011 1298 1075 πάθος
1329 1014 1776 1085 ἐπιθρυλλήσουσι
1799 1015 1875 1087 τῷ

311 1093 582 1164 ὁμοδούλῳ
611 1095 746 1166 Θεῷ.

396 1359 535 1411 Ἀλλ’
563 1361 590 1412 6
623 1360 721 1430 μὲν
756 1361 853 1430 τῆς
890 1363 1150 1433 αἱρέσεως
1187 1363 1338 1429 Θεὸς,
1377 1365 1646 1419 τοσοῦτον.
1695 1367 1880 1435 Ἡμεῖς

307 1451 365 1504 δὲ
391 1453 440 1504 οἱ
469 1451 610 1503 κατὰ
637 1452 726 1505 τὸν
772 1453 1106 1518 Ἀπόστολον,
1147 1456 1232 1507 ἐπ’
1262 1454 1538 1528 ἐλευθερίᾳ
1584 1458 1732 1526 παρά
1753 1459 1882 1529 Χρι-

313 1542 440 1595 στοῦ
472 1543 760 1612 κληθέντες
795 1543 887 1596 τοῦ
909 1546 1005 1613 τῆς
1031 1546 1272 1610 δουλείας
1306 1550 1450 1618 ἡμᾶς
1485 1549 1880 1621 ἐλευθερώσαν-

308 1650 430 1695 τος.
487 1635 585 1686 ὅσα
633 1637 844 1705 φρονεῖν
885 1637 1034 1706 παρὰ
1079 1637 1186 1690 τῶν
1234 1639 1462 1710 Γραφῶν
1505 1640 1878 1712 ἐδιδάχθημεν,

309 1725 379 1778 δι’
416 1725 612 1794 ὀλίγων
640 1727 958 1798 ἐκθήσομαι.
1019 1730 1158 1797 Ἐγὼ
1199 1730 1306 1800 γὰρ
1331 1733 1392 1783 ἐκ
1418 1731 1517 1800 τῆς
1561 1733 1708 1796 θείας
1733 1733 1882 1785 διδα-

315 1815 540 1878 σκαλίας
576 1816 912 1887 ὁρμώμενος,
951 1818 1165 1890 θαρσῶν
1209 1822 1594 1893 ἀποφαίνομαι,
1641 1825 1722 1878 ὅτι
1763 1824 1882 1876 οὐδὲ

313 1909 461 1976 ἡμᾶς
472 1907 684 1970 δούλους
701 1911 727 1960 6
747 1909 886 1973 θεῖος
907 1910 1150 1979 βούλεται
1165 1912 1339 1981 λόγος,
1357 1918 1883 1988 μετασκευασθείσης

315 2002 445 2068 ἡμῖν
464 2002 595 2071 πρὸς
615 2001 674 2054 τὺ
689 2006 932 2073 κρεῖττον
954 2005 1050 2075 τῆς
1075 2005 1305 2074 φύσεως.
1330 2007 1437 2060 Καὶ
1462 2010 1490 2060 6
1513 2009 1688 2062 πάντα
1701 2009 1879 2062 λαϐὼν

313 2095 382 2145 τὰ
414 2094 656 2164 ἡμέτερα
675 2136 688 2158 ,
725 2098 807 2164 ἐφ’
849 2094 953 2165 ᾧτε
1003 2098 1302 2153 ἀντιδοῦναι
1331 2101 1399 2152 τὰ
1427 2100 1554 2166 ίδια,
1581 2102 1654 2166 ῶς
1673 2103 1772 2167 τὰς
1797 2102 1885 2156 νό-

314 2201 463 2248 σους,
484 2187 685 2239 καὶτὸν
708 2185 954 2252 θάνατον,
983 2190 1075 2242 καὶ
1094 2191 1190 2260 τὴν
1208 2192 1572 2263 κατάραν,καὶ
1583 2197 1686 2269 τὴν
1708 2196 1885 2265 ἀμαρ-

311 2276 451 2339 τῖαν,
485 2276 624 2329 οὕτω
676 2280 766 2331 καὶ
804 2280 900 2348 τὴν
938 2279 1178 2334 δουλείαν
1216 2282 1404 2336 ἐλαϐεν
1429 2300 1442 2314 ·
1492 2286 1588 2354 οὐχ
1617 2287 1692 2350 ὼς
1724 2287 1886 2341 αὐτὸν

315 2369 460 2437 ἔχειν
489 2368 524 2422 ἀ
547 2369 757 2432 ἔλαϐεν,
791 2371 902 2422 ἀλλ’
929 2370 1002 2434 ὡς
1046 2372 1342 2444 ὲκκαθάραι
1369 2374 1476 2427 τῶν
1508 2376 1761 2430 τοιούτων
1787 2378 1886 2450 τὴν

314 2461 497 2530 φύσιν,
547 2461 1006 2530 ἑξαφανισθέντων
1059 2466 1114 2516 ἐν
1156 2467 1219 2536 τῇ
1273 2466 1532 2538 ἀκηράτῳ
1584 2469 1740 2536 φύσει
1777 2470 1885 2525 τῶν

312 2557 615 2626 ἡμετέρων.
688 2557 773 2618 Ὠς
803 2552 892 2608 οὖν
929 2557 1026 2609 οὐκ
1057 2557 1206 2609 ἔσται
1235 2558 1377 2610 κατὰ
1403 2561 1499 2628 τὴν
1531 2559 1885 2632 ἐλπιζομένην

313 2649 459 2718 ζωὴν
483 2649 545 2700 οὐ
571 2647 743 2710 νόσος,
773 2647 832 2699 οὐ
855 2648 1090 2717 κατάρα,
1123 2649 1219 2718 οὐχ
1256 2649 1517 2719 ἁμαρτία,
1552 2650 1611 2702 οὐ
1637 2650 1883 2715 θάνατος,

310 2739 485 2802 οὕτως
511 2741 587 2802 εἰς
627 2739 930 2808 ἀφανισμδν
971 2739 1063 2791 καὶ
1093 2740 1126 2808 ἡ
1168 2739 1377 2793 δουλεία
1409 2744 1544 2811 μετὰ
1577 2743 1780 2795 τούτων
1806 2744 1885 2796 δι-

311 2830 610 2884 ελεύσεται.
672 2831 779 2883 Καὶ
809 2830 890 2883 ὄτι
918 2830 1088 2883 ταῦτα
1121 2831 1293 2902 ἀληθῆ
1324 2832 1496 2900 λέγω,
1544 2833 1712 2902 αὐτὴν
1751 2834 1885 2903 πρὸς

315 2921 617 2993 μαρτυρίαν
645 2921 792 2974 καλῶ
812 2923 910 2993 τὴν
944 2922 1216 2995 ἀλήθειαν,
1247 2924 1280 2994 ἦ
1309 2941 1438 2994 φησι
1469 2925 1604 2996 πρὸς
1635 2928 1760 2989 τοὺς
1781 2945 1884 2996 μα-

1979 567 2159 620 verit?
2208 566 2342 632 Quis
2374 569 2520 622 enim
2575 568 2790 637 ignorat
2840 565 2987 634 quod
3023 570 3218 616 natura
3266 577 3462 618 servus
3494 570 3544 616 et

1981 654 2191 710 Domini
2221 658 2549 712 necessitate
2597 667 2920 726 occupatus,
2963 669 3142 723 neque
3178 652 3545 723 perturbatio-

1978 750 2064 803 nis
2095 758 2274 803 metus
2306 761 2359 804 et
2391 750 2602 804 timoris
2620 748 2782 803 fuerit
2805 745 3228 815 expers‘itimor
3247 746 3389 800 enim
3409 757 3548 812 quo-

1977 839 2101 894 dam
2149 839 2311 894 modo
2353 856 2478 895 eum
2533 849 2730 895 natura
2755 839 3041 895 servitutis
3089 839 3418 906 conjunctns
3463 841 3549 889 est

1979 938 2033 984 et
2052 931 2293 1000 iugatas.
2326 931 2499 1002 llujus
2547 934 2622 988 rei
2647 933 2803 988 testis
2823 932 3043 986 divinus
3073 927 3386 999 Apostolus.
3421 941 3542 978 cum

1980 1021 2156 1076 dixit:
2192 1022 2315 1076 Non
2339 1026 2612 1090 accepistis
2641 1025 2889 1092 spiritum
2936 1021 3209 1076 servitutis
3247 1019 3439 1071 iterum
3488 1015 3543 1069 in

1982 1116 2223 1168 timorem
2250 1115 2312 1167 “.
2367 1113 2444 1168 Ita
2472 1125 2530 1168 ut
2555 1114 2623 1168 ad
2653 1112 3073 1168 similitudinem
3107 1109 3438 1176 hominum,
3465 1115 3548 1161 at-

1974 1223 2081 1275 que
2120 1206 2371 1260 alfectum
2425 1207 2640 1262 timoris
2690 1206 2758 1262 de
2817 1216 3087 1262 conservo
3142 1203 3253 1258 Deo
3295 1201 3549 1274 prmdica-

1976 1299 2180 1353 verint.

2053 1386 2160 1442 Sed
2192 1388 2463 1442 lnereseos
2494 1386 2714 1456 quidem
2747 1387 2908 1448 Deus,
2954 1384 3244 1438 hactenus.
3295 1380 3404 1435 Nos
3455 1395 3547 1430 an-

1982 1487 2094 1532 tem
2151 1478 2452 1534 secundum
2502 1477 2846 1546 Apostolum,
2905 1475 3009 1546 qui:
3053 1477 3106 1529 in
3158 1476 3462 1528 libertatem
3518 1487 3569 1522 ιιι

1985 1569 2207 1626 Christo
2236 1586 2425 1624 smnus
2469 1571 2672 1634 vocati,
2704 1571 2795 1639 qui
2843 1584 2944 1624 nos
2996 1567 3309 1622 ascrvitule
3353 1565 3549 1618 libera-

1911 1698 1954 1754 Β
1987 1663 2063 1716 vit
2091 1664 2155 1727 ¹⁹,
2204 1678 2324 1732 qua:
2365 1678 2557 1732 sapere
2585 1672 2639 1716 et
2675 1664 2877 1716 sentire
2906 1676 2972 1715 ex
3023 1657 3322 1728 Seriptnris
3369 1653 3546 1709 edocti

1983 1769 2195 1817 sumus,
2231 1754 2419 1823 paucis
2445 1768 2730 1821 exponam.
2777 1751 2884 1820 Ego
2917 1749 3060 1803 enim
3087 1764 3150 1802 ex
3199 1746 3379 1800 divina
3418 1743 3547 1796 doc-

1984 1845 2126 1898 trina
2158 1844 2424 1913 impulsus
2462 1842 2744 1896 confidens
2792 1840 3111 1910 pronuntio,
3174 1835 3319 1906 quod
3372 1849 3552 1903 neque

1984 1949 2082 1988 nos
2105 1933 2324 1987 divinus
2358 1947 2538 1987 sermo
2568 1946 2758 1985 servos
2776 1944 2896 1984 esse
2927 1928 3060 1990 vult,
3089 1941 3212 1980 eum
3244 1931 3430 1978 nostra
3480 1922 3552 1975 sit

1985 2026 2038 2078 in
2083 2025 2276 2079 melius
2331 2030 2579 2092 reparata
2633 2029 2849 2073 natura.
2902 2017 2968 2071 Et
2994 2016 3087 2086 qui
3137 2015 3321 2068 omnia
3362 2016 3550 2069 nostra

1985 2117 2237 2187 sumpsit,
2283 2124 2344 2170 ut
2387 2130 2485 2169 sua
2520 2114 2678 2167 nobis
2725 2110 3058 2171 refunderet,
3092 2114 3151 2160 ut
3213 2106 3456 2165 morbos,
3499 2109 3552 2155 et

1987 2220 2237 2274 mortem,
2265 2220 2320 2264 et
2349 2206 2812 2266 maledictionem,
2835 2210 2888 2256 et
2927 2207 3231 2271 peccatum,
3252 2196 3330 2250 sic
3360 2201 3413 2249 et
3439 2209 3554 2247 ser-

1984 2302 2208 2355 vitutem
2237 2301 2410 2370 cepit:
2443 2314 2554 2352 non
2583 2295 2729 2364 quod
2766 2295 2882 2365 ipse
2909 2293 3132 2346 haberet
3151 2306 3212 2343 ea
3241 2303 3361 2357 quae
3387 2285 3552 2354 cepit.

1985 2391 2078 2446 sed
2115 2398 2172 2443 ut
2197 2399 2451 2443 naturam
2481 2386 2682 2440 talibus
2723 2384 2990 2453 expiaret,
3041 2377 3306 2434 obsoletis
3348 2383 3403 2429 et
3455 2389 3552 2427 ex-

1984 2485 2206 2554 punctis
2272 2482 2326 2534 in
2383 2487 2584 2534 natura
2635 2473 3030 2544 incorruptibili
3090 2472 3158 2527 iis
3212 2484 3331 2540 quae
3369 2477 3570 2522 nostra-

1985 2586 2132 2632 suut.
2163 2574 2320 2628 Sicut
2374 2573 2540 2642 igitur
2570 2569 2625 2623 in
2660 2567 2767 2622 vita
2806 2583 2927 2636 qua:
2974 2576 3246 2634 speratur,
3298 2575 3405 2614 non
3454 2556 3555 2612 erit

1986 2665 2230 2724 morbus,
2262 2646 2370 2715 non
2392 2658 2764 2723 maledictum,
2790 2671 2896 2709 non
2916 2663 3220 2724 peccatum,
3242 2665 3349 2703 non
3369 2661 3516 2700 mors
3537 2661 3553 2700 ε

1985 2760 2064 2811 sic
2094 2757 2158 2810 ad
2193 2754 2546 2809 abolitionem
2577 2765 2701 2804 cum
2731 2749 2815 2804 his
2847 2750 3010 2802 etiam
3035 2745 3270 2800 servitus
3284 2739 3553 2796 deveniet.

1984 2845 2140 2913 Quod
2173 2853 2350 2898 autem
2379 2842 2493 2896 lucc
2525 2856 2650 2896 vera
2685 2839 2829 2899 dico,
2864 2838 3036 2907 ipsam
3071 2835 3137 2889 ad
3179 2831 3555 2888 testimonium

1987 2939 2266 2993 veritatem
2297 2950 2452 3001 voco,
2480 2948 2603 3003 quae
2625 2933 2698 2985 ait
2728 2931 2793 2985 ad
2838 2921 3321 2998 discipuloszlam
3353 2940 3455 2977 non
3474 2923 3557 2976 di-

307 3015 481 3084 θητάς
503 3054 517 3077 ,
565 3015 646 3066 ὅτι
680 3013 886 3066 Οὐκέτι
919 3014 1082 3067 καλῶ
1111 3015 1264 3084 ὑμᾶς
1285 3013 1558 3082 δούλους,
1588 3017 1748 3070 ἀλλὰ
1786 3021 1880 3087 φί-

1985 3047 2099 3082 cam
2133 3046 2219 3082 vos
2252 3044 2447 3090 servas,
2476 3023 2566 3080 sed
2595 3024 2791 3077 amicos
2825 3023 2871 3054 ²⁰
2900 3063 2910 3075 .
2945 3019 3000 3074 Si
3023 3022 3189 3090 igitur
3217 3018 3270 3073 id
3297 3017 3446 3087 quod
3464 3028 3554 3070 se-

309 3110 481 3170 .lovc.
537 3104 595 3158 Ei
627 3101 719 3158 οὖν
749 3106 808 3158 τὸ
846 3105 968 3158 καθ’
996 3107 1142 3176 ἡμᾶς
1179 3106 1328 3159 ἔσται
1358 3107 1484 3159 ποτὲ
1517 3107 1609 3159 τοῦ
1640 3109 1738 3177 τῆς
1762 3108 1883 3162 δου-

308 3197 459 3260 λείας
485 3195 717 3259 ὀνείδους
733 3195 1034 3266 ἐλεύθερον,
1067 3195 1182 3258 πῶς
1208 3195 1236 3247 ὁ
1261 3194 1354 3248 τοῦ
1385 3197 1585 3257 παντὸς
1610 3198 1884 3269 Δεσπότης

307 3291 463 3360 παρά
499 3289 595 3358 τῆς
629 3287 1010 3360 παραπληξίας
1049 3305 1108 3340 τε
1140 3291 1232 3341 καὶ
1274 3288 1467 3358 μανίας
1517 3289 1624 3341 τῶν
1659 3289 1880 3362 ἐξεστη-

309 3380 483 3432 κότων
512 3379 714 3433 τούτων
753 3379 1204 3444 καταδουλοῦται;
1246 3378 1310 3434 Οἳ
1343 3381 1482 3433 κατά
1505 3381 1565 3432 τὸ
1594 3381 1882 3435 ἀκόλουθον

308 3475 550 3536 πάντως,
594 3472 713 3526 οὐδὲ
745 3469 1032 3538 γινώσκειν
1058 3471 1218 3523 αὐτὸν
1248 3469 1315 3524 τά
1347 3471 1441 3523 τοῦ
1468 3472 1680 3545 Πατρὸς
1719 3472 1884 3542 διορί-

306 3565 514 3629 ζονται,
542 3563 628 3616 διὰ
656 3564 754 3635 τὴν
789 3563 913 3632 περὶ
941 3563 1049 3615 τῶν
1083 3562 1283 3615 δούλων
1311 3563 1603 3632 ἀπόφασιν,
1635 3565 1669 3634 ἡ
1697 3582 1881 3632 φησιν,

305 3661 390 3712 ὅτι
425 3659 454 3710 ὁ
487 3657 667 3720 δοῦλος
706 3657 803 3709 οὐκ
833 3652 938 3710 οἶδε
968 3657 1019 3708 τί
1050 3659 1190 3708 ποιεῖ
1223 3659 1250 3709 6
1299 3657 1483 3727 κύριος
1517 3657 1701 3711 αὐτοῦ.
1745 3657 1885 3709 Ἀλλ’

305 3755 438 3805 ὅταν
469 3750 640 3803 ταῦτα
668 3749 917 3817 λέγωσιν,
944 3750 1328 3802 ἀκουσάτωσαν
1354 3752 1434 3802 ὅτι
1466 3749 1642 3802 πάντα
1671 3751 1728 3800 ὲν
1760 3751 1885 3802 ἑαυ-

306 3842 388 3912 τῷ
416 3842 482 3896 τὰ
509 3841 600 3893 τοῦ
631 3842 840 3911 Πατρός
861 3843 888 3894 6
928 3840 1054 3903 Υἱὸς
1086 3839 1216 3909 ἔχει,
1253 3843 1344 3893 καὶ
1379 3841 1551 3893 πάντα
1577 3839 1760 3910 βλέπει
1785 3841 1884 3893 ὅσα

307 3938 338 3988 ὁ
367 3935 556 4004 Πατὴρ
596 3936 755 3996 ποιεῖ,
785 3934 877 3985 καὶ
908 3932 1056 3985 οὐδὲν
1085 3931 1191 3984 τῶν
1231 3932 1508 4004 πατρικῶν
1539 3933 1754 4001 ἀγαθῶν
1781 3933 1885 4000 ἔξω

305 4026 409 4098 τῆς
463 4025 556 4078 τοῦ
585 4023 916 4092 Μονογενοῦς
968 4026 1082 4076 ἐστι
1109 4023 1375 4091 γνώσεως.
1442 4024 1566 4088 Πῶς
1599 4025 1706 4096 γὰρ
1739 4026 1802 4078 ἄν
1833 4043 1884 4077 τι

309 4116 404 4173 τοῖ
431 4117 640 4187 Πατρὸς
667 4118 740 4186 μὴ
769 4116 899 4186 ἔχοι,
927 4116 1044 4168 ὅλον
1080 4115 1215 4185 ἔχων
1246 4118 1302 4168 ἐν
1328 4117 1502 4186 ἑαυτῴ
1529 4117 1620 4170 τὸν
1647 4117 1883 4185 Πατέρα;

309 4208 522 4262 οὐκοῦν
555 4211 602 4260 εἰ
635 4207 818 4270 δοῦλος
868 4207 965 4277 μὲν
993 4208 1053 4259 οὐ
1082 4206 1338 4274 γινώσκει
1379 4206 1430 4258 τί
1466 4209 1606 4259 ποιεῖ
1642 4210 1669 4260 ὁ
1699 4207 1887 4260 δεσπό-

310 4319 432 4372 της,
462 4300 490 4352 6
521 4299 576 4353 δὲ
600 4300 773 4352 πάντα
799 4300 855 4352 ὲν
883 4297 1060 4368 ἑαυτῷ
1087 4297 1155 4350 τά
1182 4296 1274 4349 τοῦ
1307 4298 1518 4370 Πατρὸς
1555 4297 1686 4367 ἔχει,
1714 4297 1885 4367 νηφά-

310 4392 493 4446 τωσάν
523 4407 652 4442 ποτε
685 4391 733 4441 οἱ
764 4390 828 4460 τῇ
860 4388 996 4459 μέθῃ
1027 4389 1352 4459 παράφοροι,
1378 4389 1472 4441 καὶ
1501 4388 1884 4458 ἀναόλεψάτω-
1917 4374 1961 4430 D

313 4501 416 4537 σαν
435 4481 528 4536 νῦν
543 4480 672 4548 γοῦν
691 4481 826 4552 πρὸς
841 4480 936 4550 τὴν
959 4480 1233 4552 ἀλήθειαν.
1254 4482 1373 4533 ’Ότι
1396 4482 1423 4532 6
1449 4482 1622 4534 πάντα
1641 4480 1777 4551 ἔχων
1799 4481 1884 4548 ἐφ’

313 4575 508 4630 ἑαυτοῦ
538 4573 881 4644 χαρακτῆρα,
917 4573 1010 4626 καὶ
1035 4576 1063 4626 6
1091 4573 1183 4627 τοῦ
1214 4573 1412 4635 παντὸς
1459 4573 1776 4643 βασιλεύων,
1811 4576 1886 4645 μὴ

312 4665 573 4734 ὁμότιμον
602 4663 712 4732 ἔχει
744 4662 919 4733 ἐαυτῷ
957 4662 1054 4733 τὴν
1103 4663 1337 4733 μορφήν.
1375 4664 1444 4714 ’Ἡ
1478 4664 1594 4727 πῶς
1631 4667 1667 4734 ἡ,
1694 4665 1886 4736 ἀτιμία

312 4759 414 4828 τῆς
447 4757 705 4828 ἀληθινῆς
729 4756 1100 4823 ἀπαυγάζεται
1129 4755 1286 4822 δόξης
1312 4775 1326 4822 ;
1365 4756 1581 4823 Ἀτιμία
1609 4758 1716 4829 γάρ
1740 4759 1887 4811 ἐστιν

314 4853 348 4921 ἡ
377 4849 608 4902 δουλεία.
667 4847 786 4912 [Ιῶς
815 4848 871 4900 δὲ
894 4849 922 4900 6
951 4845 1042 4899 τοῦ
1077 4845 1338 4916 βασιλέως
1371 4847 1495 4910 Υἱὸς
1535 4850 1615 4909 είς
1641 4848 1884 4902 δουλείαν

313 4943 604 5012 γεννᾶταις
643 4942 742 4993 οὐκ
768 4939 881 4991 ἐστι
910 4937 1099 5001 ταῦτα,
1135 4939 1233 4991 οὐκ
1255 4938 1421 4991 ἔστιν.
1489 4938 1626 4991 Ἀλλ’
1659 4940 1734 5002 ῶς
1770 4942 1884 5010 φῶς

227 5066 232 5071 .
314 5037 380 5087 ἐκ
425 5029 622 5100 φωτὸς,
663 5031 756 5082 καὶ
803 5027 914 5098 ζωὴ
954 5027 1018 5078 ὲκ
1048 5025 1210 5098 ζωῆς,
1253 5027 1310 5093 ἐξ
1352 5027 1607 5098 ἀληθείας
1635 5029 1882 5101 ἀλήθεια,

312 5123 461 5178 οὕτω
487 5122 580 5175 καὶ
609 5123 673 5173 ἐκ
704 5121 907 5190 Κυρίου
947 5118 1166 5190 Κύριος,
1206 5119 1458 5188 βασιλεὺς
1503 5121 1567 5172 ἐκ
1602 5120 1887 5189 βασιλέως,

315 5220 381 5270 ὲκ
423 5213 559 5268 Θεοῦ
593 5212 745 5276 Θεὸς,
801 5211 858 5278 eg
904 5211 1194 5264 ἀδεσπότου
1233 5211 1562 5275 ἀςὲσποτοςο
1613 5213 1731 5265 ὅλον
1781 5214 1890 5285 γὰρ

318 5308 457 5379 ἔχων
494 5308 550 5359 ὲν
589 5305 764 5374 ἑαυτῷ
806 5304 895 5356 τὸν
926 5303 1162 5371 Πατέρα,
1200 5303 1250 5355 εί
1288 5319 1338 5354 τι
1368 5304 1397 5355 6
1425 5304 1614 5374 Πατὴρ
1672 5304 1784 5374 ἔχει
1833 5309 1892 5359 ὲν

316 5398 518 5468 ἑαυτῷ,
568 5398 783 5459 πάντως
827 5395 958 5465 ἔχει,
1003 5399 1096 5446 καὶ
1123 5394 1306 5463 ἐπειδὴ
1351 5395 1527 5447 πάντα
1555 5394 1649 5447 τοῦ
1679 5397 1890 5467 Πατρός

317 5493 497 5552 ἐστιν,
543 5487 642 5541 ὅσα
671 5488 764 5540 καὶ
801 5488 829 5539 6
853 5485 978 5548 Υἱὸς
1015 5483 1147 5554 ἔχει,
1187 5484 1396 5554 ἀνάγκη
1432 5487 1577 5538 πᾶσα
1608 5487 1756 5556 παρά
1783 5487 1889 5540 τῶν

318 5579 528 5652 ἐχθρῶν
555 5580 653 5650 τῆς
673 5575 767 5631 τοῦ
797 5577 930 5631 Θεοῦ
963 5577 1140 5647 δόξης,
1176 5576 1333 5648 εἴπερ
1355 5579 1382 5630 6
1408 5576 1533 5640 Υἱὸς
1559 5576 1759 5641 δοῦλος,
1797 5579 1890 5631 καὶ

397 5762 441 5793 ⁸³
489 5759 646 5816 Rern.
711 5776 829 5827 vni,
863 5760 947 5814 l3.

1987 3116 2224 3169 cundum
2262 3129 2362 3170 nos
2410 3123 2492 3168 est
2532 3112 2824 3182 aliquando
2875 3125 2903 3163 a
2953 3109 3231 3164 servitutis
3269 3105 3572 3177 Opprobrio.

1983 3206 2087 3261 erit
2116 3205 2368 3269 liberum,
2404 3203 2676 3274 quomodo
2709 3201 2946 3256 universi
2983 3199 3245 3254 Dominus
3277 3213 3305 3250 a
3338 3197 3556 3266 percul~

1983 3295 2137 3349 sione
2160 3301 2214 3347 et
2244 3293 2459 3347 insania
2490 3293 2683 3346 borum
2723 3290 3056 3345 furiosorum
3091 3295 3146 3343 et
3196 3289 3394 3342 mentis
3453 3287 3552 3338 im-

1983 3395 2169 3454 potum
2212 3384 2266 3438 in
2308 3383 2626 3438 servitutem
2685 3380 2980 3450 redigitur?
3009 3378 3099 3448 qui
3153 3376 3450 3431 secundum
3502 3375 3557 3427 id

1983 3477 2126 3546 quod
2181 3475 2538 3544 consequitur
2569 3486 2797 3544 prorsus
2848 3472 3025 3540 ipsum
3065 3485 3175 3524 non
3222 3482 3557 3538 cognoscere

1985 3583 2105 3638 qua:
2145 3574 2273 3622 sunt
2329 3565 2510 3620 Patris
2557 3563 2962 3628 determinaut;
3023 3571 3244 3632 propter
3283 3560 3432 3614 illam
3490 3559 3558 3612 de

1985 3661 2160 3716 Servis
2187 3659 2515 3714 sententiam
2549 3671 2669 3727 qua:
2699 3657 2793 3716 ait,
2818 3655 2963 3724 quod
2996 3667 3188 3708 servus
3217 3651 3391 3706 nescit
3427 3649 3556 3719 quid

1984 3751 2238 3804 dominus
2272 3765 2406 3803 suus
2445 3746 2612 3800 facit:
2654 3745 2747 3799 sed
2782 3759 2906 3799 cum
2939 3743 3051 3795 lucc
3075 3742 3286 3801 dicunt.
3335 3739 3559 3793 audiant

1984 3843 2128 3912 quod
2165 3841 2349 3896 omnia
2381 3840 2435 3894 in
2463 3839 2647 3908 seipse
2682 3852 2803 3907 qua:
2846 3844 2973 3890 sunt
3003 3833 3204 3892 Patris,
3248 3831 3421 3885 Filius
3463 3831 3560 3884 ba-

1986 3936 2094 3996 bet,
2138 3941 2193 3988 et
2237 3934 2420 3985 omnia
2453 3930 2677 3999 respicit
2728 3942 2849 3997 qua:
2899 3927 3058 3980 Pater
3112 3925 3263 3986 facit,
3316 3923 3560 3986 nihilque

1989 4035 2340 4095 paternorum
2367 4022 2633 4074 bonorum
2669 4025 2752 4072 est
2780 4025 2934 4070 extra
2965 4013 3242 4084 Unigeniti
3291 4011 3561 4081 cognitio-

1988 4131 2130 4170 nem.
2178 4111 2464 4180 Quotnodo
2501 4111 2647 4165 enim
2708 4109 2914 4176 aliquid
2969 4107 3142 4160 Patris
3195 4119 3303 4158 non
3339 4103 3556 4161 habeat.

1987 4210 2081 4278 qui
2111 4217 2282 4261 totum
2310 4205 2363 4258 in
2391 4204 2570 4273 seipso
2611 4199 2828 4255 Patrem
2855 4199 3060 4253 habet?
3096 4197 3233 4266 Ergo
3273 4196 3318 4250 si
3364 4209 3569 4249 servus

1989 4316 2096 4355 non
2137 4295 2419 4367 cognoscit
2456 4293 2585 4364 quid
2619 4293 2778 4346 faciat
2807 4291 3086 4351 dominus,
3113 4288 3201 4341 hic
3233 4293 3412 4364 autem
3439 4300 3559 4338 om-

1990 4393 2078 4447 nia
2113 4393 2166 4444 in
2196 4390 2383 4459 seipse
2421 4401 2541 4457 quae
2571 4392 2699 4441 sunt
2739 4382 2919 4437 Patris
2971 4380 3174 4436 habet:
3228 4379 3394 4433 sobrii
3445 4378 3559 4432 sint

1991 4482 2209 4538 tandem
2243 4480 2336 4550 qui
2385 4479 2649 4534 ebrietate
2677 4476 2822 4545 capti
2863 4474 3161 4537 insaniunt,
3208 4479 3263 4526 et
3306 4487 3454 4526 nunc
3495 4471 3559 4524 in

1991 4574 2274 4628 veritatem
2298 4570 2490 4624 oculos
2513 4575 2860 4622 convertant.
2899 4563 3054 4631 Quod
3095 4563 3186 4632 qui
3221 4577 3437 4616 omnem
3466 4561 3562 4614 ha-

1991 4666 2082 4720 bet
2117 4665 2172 4718 in
2207 4663 2390 4732 seipso
2418 4661 2815 4722 characterem,
2840 4665 2892 4710 et
2925 4656 3016 4726 qui
3053 4656 3291 4709 universi
3319 4669 3413 4707 rex
3453 4660 3559 4709 est.

1995 4772 2105 4812 non
2151 4756 2359 4808 honore
2403 4766 2586 4822 parem
2638 4750 2801 4803 habet
2835 4749 2890 4802 in
2940 4749 3123 4816 seipse
3171 4747 3434 4810 formam;
3477 4745 3560 4796 vel

1993 4849 2268 4924 quomodo
2292 4846 2587 4918 ignominia
2616 4858 2644 4896 a
2675 4858 2801 4895 vera
2833 4841 3005 4910 gloria
3040 4838 3326 4910 splendere
3350 4839 3564 4906 potest?

1989 4940 2288 5016 Ignominia
2307 4938 2452 4992 enim
2475 4945 2559 4992 est
2591 4935 2848 4989 servitus.
2879 4929 3167 4998 Qumuodo
3193 4937 3373 4983 autem
3416 4926 3564 4996 regis

1992 5031 2232 5089 Filiusin
2255 5027 2568 5083 servitutem
2607 5022 2899 5095 gignitur?
2937 5021 3052 5075 haec
3099 5033 3206 5073 non
3253 5027 3401 5080 sunt,
3448 5031 3566 5071 non-

1988 5131 2115 5182 sunt
2141 5124 2278 5185 haec,
2301 5121 2395 5176 sed
2423 5128 2483 5174 ut
2507 5120 2597 5172 lux
2627 5119 2695 5173 de
2715 5119 2853 5178 lure,
2887 5118 2995 5170 vita
3022 5115 3088 5168 de
3119 5114 3251 5172 vita,
3283 5121 3338 5165 et
3373 5127 3437 5164 ex
3463 5124 3556 5162 ve-

1989 5217 2149 5269 ritate
2174 5214 2376 5268 veritas
2402 5231 2416 5266 :
2447 5213 2527 5266 sic
2549 5225 2614 5264 ex
2643 5209 2870 5261 Domino
2899 5206 3182 5262 Dominus.
3216 5217 3310 5256 rex
3353 5216 3426 5255 ex
3470 5215 3560 5254 re-

1989 5323 2074 5378 ge,
2106 5323 2169 5361 ex
2199 5305 2309 5360 Deo
2344 5304 2510 5362 Deus.
2547 5319 2614 5357 ex
2658 5302 2827 5355 libero
2865 5300 3021 5355 liber.
3064 5304 3236 5350 totum
3279 5293 3426 5348 enim
3461 5292 3562 5346 lm-

1988 5399 2126 5452 bens
2147 5399 2203 5449 in
2234 5396 2416 5465 seipse
2444 5393 2684 5448 Patrem.
2719 5392 2766 5443 si
2798 5387 2926 5457 quid
2961 5386 3120 5441 Pater
3146 5386 3198 5439 in
3253 5385 3436 5452 seipse
3462 5382 3559 5435 ha-

1991 5490 2101 5552 bet,
2132 5502 2360 5558 prorsus
2382 5487 2563 5540 omnia
2592 5484 2771 5537 habet.
2813 5479 3160 5548 thuoniam
3207 5476 3392 5530 omnia
3433 5483 3562 5530 sum

1995 5579 2176 5635 Patris
2205 5593 2542 5650 quazcunquc
2573 5574 2735 5629 habet
2780 5571 2973 5636 Filius,
3007 5585 3233 5626 necesse
3257 5577 3342 5624 est
3383 5567 3562 5622 omni-

1025 5760 1065 5792 "
1098 5759 1216 5816 Gal.
1247 5777 1296 5826 ν,
1331 5760 1420 5815 215.
1453 5776 1605 5830 sqq_.-
1669 5760 1714 5789 ¹⁰
1738 5757 1893 5813 Joan.
1926 5773 2018 5822 ιν,
2079 5757 2167 5812 15.
