  <div class='ocr_page' id='page_1' title='image "/cluster/home/n/w/nwhite01/storage/ocr_20150623/45/hvd.32044019826437/431.png"; bbox 0 0 4034 6504; ppageno 0'>
   <div class='ocr_carea' id='block_1_1' title="bbox 504 391 598 446">
    <p class='ocr_par' dir='ltr' id='par_1_1' title="bbox 504 391 598 446">
     <span class='ocr_line' id='line_1_1' title="bbox 504 391 598 446; baseline -0.011 0"><span class='ocrx_word' id='word_1_1' title='bbox 504 391 598 446; x_wconf 75' lang='grc'><strong>851</strong></span> 
     </span>
    </p>
   </div>
   <div class='ocr_carea' id='block_1_2' title="bbox 1743 384 2503 445">
    <p class='ocr_par' dir='ltr' id='par_1_2' title="bbox 1743 384 2503 445">
     <span class='ocr_line' id='line_1_2' title="bbox 1743 384 2503 445; baseline -0.008 -1"><span class='ocrx_word' id='word_1_2' title='bbox 1743 393 1800 444; x_wconf 74' lang='lat' dir='ltr'><strong>b.</strong></span> <span class='ocrx_word' id='word_1_3' title='bbox 1841 386 2167 445; x_wconf 68' lang='lat' dir='ltr'><strong>GBEGORII</strong></span> <span class='ocrx_word' id='word_1_4' title='bbox 2210 386 2251 439; x_wconf 83' lang='grc' dir='ltr'><strong>Ν</strong></span> <span class='ocrx_word' id='word_1_5' title='bbox 2260 384 2434 441; x_wconf 73' lang='lat' dir='ltr'><strong>YSSE</strong></span> <span class='ocrx_word' id='word_1_6' title='bbox 2445 386 2503 439; x_wconf 70' lang='lat' dir='ltr'><strong>Nl</strong></span> 
     </span>
    </p>
   </div>
   <div class='ocr_carea' id='block_1_3' title="bbox 3635 389 3725 445">
    <p class='ocr_par' dir='ltr' id='par_1_3' title="bbox 3635 389 3725 445">
     <span class='ocr_line' id='line_1_3' title="bbox 3635 389 3725 445; baseline 0 -1"><span class='ocrx_word' id='word_1_7' title='bbox 3635 389 3725 445; x_wconf 62' lang='lat'><strong>852</strong></span> 
     </span>
    </p>
   </div>
   <div class='ocr_carea' id='block_1_4' title="bbox 506 502 2106 578">
    <p class='ocr_par' dir='ltr' id='par_1_4' title="bbox 506 504 2077 578">
     <span class='ocr_line' id='line_1_4' title="bbox 506 504 2077 578; baseline -0.001 -17"><span class='ocrx_word' id='word_1_8' title='bbox 506 525 574 561; x_wconf 90' lang='lat' dir='ltr'><strong>uo</strong></span> <span class='ocrx_word' id='word_1_9' title='bbox 602 508 668 562; x_wconf 91' lang='lat' dir='ltr'><strong>ab</strong></span> <span class='ocrx_word' id='word_1_10' title='bbox 706 508 938 562; x_wconf 86' lang='lat' dir='ltr'><strong>inimicis</strong></span> <span class='ocrx_word' id='word_1_11' title='bbox 963 509 1148 578; x_wconf 77' lang='lat' dir='ltr'><strong>gloria:</strong></span> <span class='ocrx_word' id='word_1_12' title='bbox 1184 507 1299 567; x_wconf 86' lang='lat' dir='ltr'><strong>Dei.</strong></span> <span class='ocrx_word' id='word_1_13' title='bbox 1330 510 1374 563; x_wconf 90' lang='lat' dir='ltr'><strong>si</strong></span> <span class='ocrx_word' id='word_1_14' title='bbox 1407 508 1622 577; x_wconf 69' lang='lat' dir='ltr'><strong>quidtm</strong></span> <span class='ocrx_word' id='word_1_15' title='bbox 1663 504 1836 563; x_wconf 84' lang='lat' dir='ltr'><strong>Filius</strong></span> <span class='ocrx_word' id='word_1_16' title='bbox 1885 522 2077 562; x_wconf 84' lang='lat' dir='ltr'><strong>servus</strong></span> 
     </span>
    </p>
   </div>
   <div class='ocr_carea' id='block_1_5' title="bbox 2212 502 3723 578">
    <p class='ocr_par' dir='ltr' id='par_1_5' title="bbox 2212 502 3723 575">
     <span class='ocr_line' id='line_1_5' title="bbox 2212 502 3723 575; baseline 0.003 -18"><span class='ocrx_word' id='word_1_17' title='bbox 2212 505 2270 557; x_wconf 83' lang='grc' dir='ltr'><strong>ὸν</strong></span> <span class='ocrx_word' id='word_1_18' title='bbox 2296 504 2513 575; x_wconf 84' lang='grc' dir='ltr'>Πατέρα</span> <span class='ocrx_word' id='word_1_19' title='bbox 2546 505 2624 567; x_wconf 88' lang='grc' dir='ltr'><strong>εἰς</strong></span> <span class='ocrx_word' id='word_1_20' title='bbox 2651 503 2892 556; x_wconf 79' lang='grc' dir='ltr'>δουλείαν</span> <span class='ocrx_word' id='word_1_21' title='bbox 2920 502 3273 570; x_wconf 75' lang='grc' dir='ltr'><strong>κατάγεσθαι.</strong></span> <span class='ocrx_word' id='word_1_22' title='bbox 3308 502 3470 556; x_wconf 74' lang='grc' dir='ltr'>Οὕδὲν</span> <span class='ocrx_word' id='word_1_23' title='bbox 3500 503 3602 574; x_wconf 87' lang='grc' dir='ltr'><strong>γάρ</strong></span> <span class='ocrx_word' id='word_1_24' title='bbox 3623 509 3723 561; x_wconf 80' lang='grc' dir='ltr'>ἐστι</span> 
     </span>
    </p>
   </div>
   <div class='ocr_carea' id='block_1_6' title="bbox 503 598 2069 669">
    <p class='ocr_par' dir='ltr' id='par_1_6' title="bbox 503 598 2069 669">
     <span class='ocr_line' id='line_1_6' title="bbox 503 598 2069 669; baseline -0.003 -16"><span class='ocrx_word' id='word_1_25' title='bbox 503 608 610 662; x_wconf 87' lang='lat' dir='ltr'><strong>est,</strong></span> <span class='ocrx_word' id='word_1_26' title='bbox 643 600 807 652; x_wconf 89' lang='lat' dir='ltr'><strong>etiam</strong></span> <span class='ocrx_word' id='word_1_27' title='bbox 844 598 1058 653; x_wconf 86' lang='lat' dir='ltr'><strong>Patrem</strong></span> <span class='ocrx_word' id='word_1_28' title='bbox 1095 602 1147 653; x_wconf 89' lang='lat' dir='ltr'><strong>in</strong></span> <span class='ocrx_word' id='word_1_29' title='bbox 1185 600 1500 654; x_wconf 83' lang='lat' dir='ltr'><strong>servitutem</strong></span> <span class='ocrx_word' id='word_1_30' title='bbox 1532 599 1719 669; x_wconf 78' lang='lat' dir='ltr'><strong>redigi.</strong></span> <span class='ocrx_word' id='word_1_31' title='bbox 1756 598 1899 651; x_wconf 78' lang='lat' dir='ltr'><strong>Nihil</strong></span> <span class='ocrx_word' id='word_1_32' title='bbox 1922 602 2069 653; x_wconf 89' lang='lat' dir='ltr'><strong>enim</strong></span> 
     </span>
    </p>
   </div>
   <div class='ocr_carea' id='block_1_7' title="bbox 505 690 2074 762">
    <p class='ocr_par' dir='ltr' id='par_1_7' title="bbox 505 690 2074 762">
     <span class='ocr_line' id='line_1_7' title="bbox 505 690 2074 762; baseline -0.001 -18"><span class='ocrx_word' id='word_1_33' title='bbox 505 699 589 745; x_wconf 85' lang='lat' dir='ltr'><strong>est</strong></span> <span class='ocrx_word' id='word_1_34' title='bbox 621 707 807 745; x_wconf 85' lang='lat' dir='ltr'><strong>eorum</strong></span> <span class='ocrx_word' id='word_1_35' title='bbox 843 707 963 759; x_wconf 75' lang='lat' dir='ltr'><strong>quae</strong></span> <span class='ocrx_word' id='word_1_36' title='bbox 996 694 1047 745; x_wconf 90' lang='lat' dir='ltr'><strong>in</strong></span> <span class='ocrx_word' id='word_1_37' title='bbox 1088 691 1246 752; x_wconf 84' lang='lat' dir='ltr'><strong>Filio.</strong></span> <span class='ocrx_word' id='word_1_38' title='bbox 1280 701 1618 762; x_wconf 71' lang='lat' dir='ltr'><strong>spectantur,</strong></span> <span class='ocrx_word' id='word_1_39' title='bbox 1672 690 1816 759; x_wconf 90' lang='lat' dir='ltr'><strong>quod</strong></span> <span class='ocrx_word' id='word_1_40' title='bbox 1848 706 2074 758; x_wconf 87' lang='lat' dir='ltr'><strong>prorsus</strong></span> 
     </span>
    </p>
   </div>
   <div class='ocr_carea' id='block_1_8' title="bbox 508 782 2075 847">
    <p class='ocr_par' dir='ltr' id='par_1_8' title="bbox 508 782 2075 847">
     <span class='ocr_line' id='line_1_8' title="bbox 508 782 2075 847; baseline -0.001 -11"><span class='ocrx_word' id='word_1_41' title='bbox 508 798 613 837; x_wconf 87' lang='lat' dir='ltr'><strong>non</strong></span> <span class='ocrx_word' id='word_1_42' title='bbox 639 784 708 837; x_wconf 88' lang='lat' dir='ltr'><strong>sit</strong></span> <span class='ocrx_word' id='word_1_43' title='bbox 738 782 933 836; x_wconf 85' lang='lat' dir='ltr'><strong>Patris.</strong></span> <span class='ocrx_word' id='word_1_44' title='bbox 969 784 1161 838; x_wconf 83' lang='lat' dir='ltr'><strong>Omnia</strong></span> <span class='ocrx_word' id='word_1_45' title='bbox 1199 785 1365 847; x_wconf 90' lang='lat' dir='ltr'><strong>enim,</strong></span> <span class='ocrx_word' id='word_1_46' title='bbox 1408 787 1505 847; x_wconf 88' lang='lat' dir='ltr'><strong>ait,</strong></span> <span class='ocrx_word' id='word_1_47' title='bbox 1552 802 1665 837; x_wconf 86' lang='lat' dir='ltr'><strong>mea</strong></span> <span class='ocrx_word' id='word_1_48' title='bbox 1706 793 1795 835; x_wconf 86' lang='lat' dir='ltr'><strong>tua</strong></span> <span class='ocrx_word' id='word_1_49' title='bbox 1833 795 1974 845; x_wconf 80' lang='lat' dir='ltr'><strong>sunt,</strong></span> <span class='ocrx_word' id='word_1_50' title='bbox 2027 792 2075 835; x_wconf 82' lang='lat' dir='ltr'><strong>et</strong></span> 
     </span>
    </p>
   </div>
   <div class='ocr_carea' id='block_1_9' title="bbox 509 876 2079 946">
    <p class='ocr_par' dir='ltr' id='par_1_9' title="bbox 509 876 2079 946">
     <span class='ocr_line' id='line_1_9' title="bbox 509 876 2079 946; baseline 0 -18"><span class='ocrx_word' id='word_1_51' title='bbox 509 887 601 929; x_wconf 64' lang='lat' dir='ltr'><strong>tua</strong></span> <span class='ocrx_word' id='word_1_52' title='bbox 631 894 741 929; x_wconf 85' lang='lat' dir='ltr'><strong>mea</strong></span> <span class='ocrx_word' id='word_1_53' title='bbox 774 878 841 930; x_wconf 80' lang='lat'><strong>&quot;.</strong></span> <span class='ocrx_word' id='word_1_54' title='bbox 874 878 1015 939; x_wconf 80' lang='lat' dir='ltr'><strong>Quid</strong></span> <span class='ocrx_word' id='word_1_55' title='bbox 1051 881 1214 945; x_wconf 75' lang='lat' dir='ltr'><strong>igitur</strong></span> <span class='ocrx_word' id='word_1_56' title='bbox 1242 879 1431 931; x_wconf 87' lang='lat' dir='ltr'><strong>miselli</strong></span> <span class='ocrx_word' id='word_1_57' title='bbox 1468 878 1699 931; x_wconf 86' lang='lat' dir='ltr'><strong>dicent?</strong></span> <span class='ocrx_word' id='word_1_58' title='bbox 1740 876 1882 941; x_wconf 84' lang='lat' dir='ltr'><strong>Quid</strong></span> <span class='ocrx_word' id='word_1_59' title='bbox 1914 877 2079 946; x_wconf 82' lang='lat' dir='ltr'><strong>igitur</strong></span> 
     </span>
    </p>
   </div>
   <div class='ocr_carea' id='block_1_10' title="bbox 510 964 2081 1036">
    <p class='ocr_par' dir='ltr' id='par_1_10' title="bbox 510 964 2081 1036">
     <span class='ocr_line' id='line_1_10' title="bbox 510 964 2081 1036; baseline 0.002 -19"><span class='ocrx_word' id='word_1_60' title='bbox 510 965 682 1032; x_wconf 81' lang='lat' dir='ltr'><strong>magis</strong></span> <span class='ocrx_word' id='word_1_61' title='bbox 712 976 1141 1020; x_wconf 86' lang='lat' dir='ltr'><strong>consentaneum</strong></span> <span class='ocrx_word' id='word_1_62' title='bbox 1168 965 1358 1020; x_wconf 82' lang='lat' dir='ltr'><strong>Filium</strong></span> <span class='ocrx_word' id='word_1_63' title='bbox 1412 970 1558 1036; x_wconf 81' lang='lat' dir='ltr'><strong>regia</strong></span> <span class='ocrx_word' id='word_1_64' title='bbox 1598 964 1773 1021; x_wconf 82' lang='lat' dir='ltr'><strong>Patris</strong></span> <span class='ocrx_word' id='word_1_65' title='bbox 1816 975 2081 1036; x_wconf 79' lang='lat' dir='ltr'><strong>potestate</strong></span> 
     </span>
    </p>
   </div>
   <div class='ocr_carea' id='block_1_11' title="bbox 511 1055 2077 1125">
    <p class='ocr_par' dir='ltr' id='par_1_11' title="bbox 511 1055 2077 1125">
     <span class='ocr_line' id='line_1_11' title="bbox 511 1055 2077 1125; baseline -0.001 -16"><span class='ocrx_word' id='word_1_66' title='bbox 511 1055 822 1116; x_wconf 72' lang='lat' dir='ltr'><strong>clat&#39;ilicari,</strong></span> <span class='ocrx_word' id='word_1_67' title='bbox 848 1057 939 1125; x_wconf 90' lang='lat' dir='ltr'><strong>qui</strong></span> <span class='ocrx_word' id='word_1_68' title='bbox 964 1057 1133 1110; x_wconf 78' lang='lat' dir='ltr'><strong>dixit:</strong></span> <span class='ocrx_word' id='word_1_69' title='bbox 1161 1055 1352 1110; x_wconf 84' lang='lat' dir='ltr'><strong>Omnia</strong></span> <span class='ocrx_word' id='word_1_70' title='bbox 1385 1066 1475 1109; x_wconf 87' lang='lat' dir='ltr'><strong>tua</strong></span> <span class='ocrx_word' id='word_1_71' title='bbox 1513 1072 1627 1109; x_wconf 87' lang='lat' dir='ltr'><strong>mea</strong></span> <span class='ocrx_word' id='word_1_72' title='bbox 1654 1065 1801 1118; x_wconf 86' lang='lat' dir='ltr'><strong>sunt,</strong></span> <span class='ocrx_word' id='word_1_73' title='bbox 1826 1067 1880 1109; x_wconf 82' lang='lat' dir='ltr'><strong>et</strong></span> <span class='ocrx_word' id='word_1_74' title='bbox 1912 1056 2077 1109; x_wconf 86' lang='lat' dir='ltr'><strong>clari-</strong></span> 
     </span>
    </p>
   </div>
   <div class='ocr_carea' id='block_1_12' title="bbox 514 1147 2080 1217">
    <p class='ocr_par' dir='ltr' id='par_1_12' title="bbox 514 1147 2080 1217">
     <span class='ocr_line' id='line_1_12' title="bbox 514 1147 2080 1217; baseline -0.001 -16"><span class='ocrx_word' id='word_1_75' title='bbox 514 1148 706 1202; x_wconf 88' lang='lat' dir='ltr'><strong>licatus</strong></span> <span class='ocrx_word' id='word_1_76' title='bbox 737 1164 857 1202; x_wconf 92' lang='lat' dir='ltr'><strong>sum</strong></span> <span class='ocrx_word' id='word_1_77' title='bbox 886 1149 937 1201; x_wconf 91' lang='lat' dir='ltr'><strong>in</strong></span> <span class='ocrx_word' id='word_1_78' title='bbox 974 1149 1227 1217; x_wconf 87' lang='lat' dir='ltr'><strong>ipsis,vel</strong></span> <span class='ocrx_word' id='word_1_79' title='bbox 1248 1147 1454 1201; x_wconf 82' lang='lat' dir='ltr'><strong>Patrem</strong></span> <span class='ocrx_word' id='word_1_80' title='bbox 1477 1150 1774 1217; x_wconf 77' lang='lat' dir='ltr'><strong>ignominia</strong></span> <span class='ocrx_word' id='word_1_81' title='bbox 1808 1149 1877 1202; x_wconf 89' lang='lat' dir='ltr'><strong>ob</strong></span> <span class='ocrx_word' id='word_1_82' title='bbox 1908 1149 2080 1202; x_wconf 82' lang='lat' dir='ltr'><strong>servi-</strong></span> 
     </span>
    </p>
   </div>
   <div class='ocr_carea' id='block_1_13' title="bbox 514 1238 2086 1309">
    <p class='ocr_par' dir='ltr' id='par_1_13' title="bbox 514 1238 2086 1309">
     <span class='ocr_line' id='line_1_13' title="bbox 514 1238 2086 1309; baseline -0.001 -16"><span class='ocrx_word' id='word_1_83' title='bbox 514 1250 684 1294; x_wconf 88' lang='lat' dir='ltr'><strong>tutem</strong></span> <span class='ocrx_word' id='word_1_84' title='bbox 719 1239 841 1293; x_wconf 90' lang='lat' dir='ltr'><strong>Filii</strong></span> <span class='ocrx_word' id='word_1_85' title='bbox 898 1239 1292 1293; x_wconf 85' lang='lat' dir='ltr'><strong>contumeliose</strong></span> <span class='ocrx_word' id='word_1_86' title='bbox 1327 1239 1503 1291; x_wconf 81' lang='lat' dir='ltr'><strong>allici?</strong></span> <span class='ocrx_word' id='word_1_87' title='bbox 1531 1238 1648 1294; x_wconf 81' lang='lat' dir='ltr'><strong>Non</strong></span> <span class='ocrx_word' id='word_1_88' title='bbox 1679 1241 1822 1293; x_wconf 90' lang='lat' dir='ltr'><strong>enim</strong></span> <span class='ocrx_word' id='word_1_89' title='bbox 1882 1255 1979 1309; x_wconf 91' lang='lat' dir='ltr'><strong>par</strong></span> <span class='ocrx_word' id='word_1_90' title='bbox 2004 1250 2086 1293; x_wconf 87' lang='lat' dir='ltr'><strong>est</strong></span> 
     </span>
    </p>
   </div>
   <div class='ocr_carea' id='block_1_14' title="bbox 513 1330 2083 1401">
    <p class='ocr_par' dir='ltr' id='par_1_14' title="bbox 513 1330 2083 1401">
     <span class='ocr_line' id='line_1_14' title="bbox 513 1330 2083 1401; baseline -0.001 -15"><span class='ocrx_word' id='word_1_91' title='bbox 513 1348 637 1387; x_wconf 90' lang='lat' dir='ltr'><strong>eum</strong></span> <span class='ocrx_word' id='word_1_92' title='bbox 678 1333 769 1401; x_wconf 88' lang='lat' dir='ltr'><strong>qui</strong></span> <span class='ocrx_word' id='word_1_93' title='bbox 800 1332 981 1386; x_wconf 86' lang='lat' dir='ltr'><strong>omnia</strong></span> <span class='ocrx_word' id='word_1_94' title='bbox 1003 1347 1122 1401; x_wconf 66' lang='lat' dir='ltr'><strong>quae</strong></span> <span class='ocrx_word' id='word_1_95' title='bbox 1173 1338 1301 1385; x_wconf 90' lang='lat' dir='ltr'><strong>sunt</strong></span> <span class='ocrx_word' id='word_1_96' title='bbox 1360 1330 1477 1383; x_wconf 81' lang='lat' dir='ltr'><strong>Filii</strong></span> <span class='ocrx_word' id='word_1_97' title='bbox 1507 1332 1557 1384; x_wconf 90' lang='lat' dir='ltr'><strong>in</strong></span> <span class='ocrx_word' id='word_1_98' title='bbox 1622 1331 1800 1400; x_wconf 88' lang='lat' dir='ltr'><strong>seipso</strong></span> <span class='ocrx_word' id='word_1_99' title='bbox 1843 1332 2083 1400; x_wconf 87' lang='lat' dir='ltr'><strong>comple-</strong></span> 
     </span>
    </p>
   </div>
   <div class='ocr_carea' id='block_1_15' title="bbox 516 1420 2089 1492">
    <p class='ocr_par' dir='ltr' id='par_1_15' title="bbox 516 1420 2089 1492">
     <span class='ocr_line' id='line_1_15' title="bbox 516 1420 2089 1492; baseline 0.001 -17"><span class='ocrx_word' id='word_1_100' title='bbox 516 1422 702 1481; x_wconf 89' lang='lat' dir='ltr'><strong>ctitur,</strong></span> <span class='ocrx_word' id='word_1_101' title='bbox 730 1432 783 1475; x_wconf 91' lang='lat' dir='ltr'><strong>et</strong></span> <span class='ocrx_word' id='word_1_102' title='bbox 805 1423 895 1491; x_wconf 92' lang='lat' dir='ltr'><strong>qui</strong></span> <span class='ocrx_word' id='word_1_103' title='bbox 928 1422 1042 1492; x_wconf 90' lang='lat' dir='ltr'><strong>ipse</strong></span> <span class='ocrx_word' id='word_1_104' title='bbox 1069 1430 1153 1476; x_wconf 91' lang='lat' dir='ltr'><strong>est</strong></span> <span class='ocrx_word' id='word_1_105' title='bbox 1175 1422 1225 1475; x_wconf 91' lang='lat' dir='ltr'><strong>in</strong></span> <span class='ocrx_word' id='word_1_106' title='bbox 1247 1420 1404 1483; x_wconf 87' lang='lat' dir='ltr'><strong>Filio,</strong></span> <span class='ocrx_word' id='word_1_107' title='bbox 1425 1438 1532 1475; x_wconf 91' lang='lat' dir='ltr'><strong>non</strong></span> <span class='ocrx_word' id='word_1_108' title='bbox 1560 1423 1720 1476; x_wconf 89' lang='lat' dir='ltr'><strong>etiam</strong></span> <span class='ocrx_word' id='word_1_109' title='bbox 1754 1423 1807 1475; x_wconf 90' lang='lat' dir='ltr'><strong>in</strong></span> <span class='ocrx_word' id='word_1_110' title='bbox 1829 1423 2089 1477; x_wconf 84' lang='lat' dir='ltr'><strong>servitute</strong></span> 
     </span>
    </p>
   </div>
   <div class='ocr_carea' id='block_1_16' title="bbox 518 1513 2086 1585">
    <p class='ocr_par' dir='ltr' id='par_1_16' title="bbox 518 1513 2086 1585">
     <span class='ocr_line' id='line_1_16' title="bbox 518 1513 2086 1585; baseline 0 -19"><span class='ocrx_word' id='word_1_111' title='bbox 518 1513 639 1568; x_wconf 82' lang='lat' dir='ltr'><strong>Filii</strong></span> <span class='ocrx_word' id='word_1_112' title='bbox 667 1531 891 1585; x_wconf 84' lang='lat' dir='ltr'><strong>prorsus</strong></span> <span class='ocrx_word' id='word_1_113' title='bbox 910 1530 1052 1578; x_wconf 84' lang='lat' dir='ltr'><strong>esse,</strong></span> <span class='ocrx_word' id='word_1_114' title='bbox 1071 1523 1235 1583; x_wconf 87' lang='lat' dir='ltr'><strong>atque</strong></span> <span class='ocrx_word' id='word_1_115' title='bbox 1260 1514 1314 1567; x_wconf 90' lang='lat' dir='ltr'><strong>in</strong></span> <span class='ocrx_word' id='word_1_116' title='bbox 1341 1515 1522 1583; x_wconf 85' lang='lat' dir='ltr'><strong>seipse</strong></span> <span class='ocrx_word' id='word_1_117' title='bbox 1538 1514 1851 1570; x_wconf 88' lang='lat' dir='ltr'><strong>servitutem</strong></span> <span class='ocrx_word' id='word_1_118' title='bbox 1872 1513 2086 1568; x_wconf 88' lang='lat' dir='ltr'><strong>habere.</strong></span> 
     </span>
    </p>
   </div>
   <div class='ocr_carea' id='block_1_17' title="bbox 517 1605 2088 1676">
    <p class='ocr_par' dir='ltr' id='par_1_17' title="bbox 517 1605 2088 1676">
     <span class='ocr_line' id='line_1_17' title="bbox 517 1605 2088 1676; baseline -0.001 -18"><span class='ocrx_word' id='word_1_119' title='bbox 517 1605 641 1661; x_wconf 60' lang='lat' dir='ltr'><strong>Hac</strong></span> <span class='ocrx_word' id='word_1_120' title='bbox 684 1614 815 1660; x_wconf 91' lang='lat' dir='ltr'><strong>sunt</strong></span> <span class='ocrx_word' id='word_1_121' title='bbox 846 1606 1103 1676; x_wconf 76' lang='lat' dir='ltr'><strong>przeelara</strong></span> <span class='ocrx_word' id='word_1_122' title='bbox 1138 1605 1393 1659; x_wconf 86' lang='lat' dir='ltr'><strong>Eunomii</strong></span> <span class='ocrx_word' id='word_1_123' title='bbox 1433 1606 1711 1675; x_wconf 69' lang='lat' dir='ltr'><strong>sapientiae</strong></span> <span class='ocrx_word' id='word_1_124' title='bbox 1738 1605 2088 1667; x_wconf 84' lang='lat' dir='ltr'><strong>documenta,</strong></span> 
     </span>
    </p>
   </div>
   <div class='ocr_carea' id='block_1_18' title="bbox 516 1695 2093 1768">
    <p class='ocr_par' dir='ltr' id='par_1_18' title="bbox 516 1695 2093 1768">
     <span class='ocr_line' id='line_1_18' title="bbox 516 1695 2093 1768; baseline -0.003 -16"><span class='ocrx_word' id='word_1_125' title='bbox 516 1714 614 1768; x_wconf 89' lang='lat' dir='ltr'><strong>per</strong></span> <span class='ocrx_word' id='word_1_126' title='bbox 637 1714 778 1768; x_wconf 68' lang='lat' dir='ltr'><strong>quae,</strong></span> <span class='ocrx_word' id='word_1_127' title='bbox 821 1698 948 1751; x_wconf 87' lang='lat' dir='ltr'><strong>dtttn</strong></span> <span class='ocrx_word' id='word_1_128' title='bbox 993 1699 1256 1752; x_wconf 75' lang='lat' dir='ltr'><strong>servitute</strong></span> <span class='ocrx_word' id='word_1_129' title='bbox 1285 1698 1679 1753; x_wconf 85' lang='lat' dir='ltr'><strong>contumeliose</strong></span> <span class='ocrx_word' id='word_1_130' title='bbox 1694 1696 1964 1750; x_wconf 78' lang='lat' dir='ltr'><strong>deformat</strong></span> <span class='ocrx_word' id='word_1_131' title='bbox 1989 1695 2093 1749; x_wconf 85' lang='lat' dir='ltr'><strong>Do—</strong></span> 
     </span>
    </p>
   </div>
   <div class='ocr_carea' id='block_1_19' title="bbox 518 1784 2093 1861">
    <p class='ocr_par' dir='ltr' id='par_1_19' title="bbox 518 1784 2093 1861">
     <span class='ocr_line' id='line_1_19' title="bbox 518 1784 2093 1861; baseline 0 -18"><span class='ocrx_word' id='word_1_132' title='bbox 518 1790 748 1850; x_wconf 89' lang='lat' dir='ltr'><strong>minum,</strong></span> <span class='ocrx_word' id='word_1_133' title='bbox 781 1784 1028 1846; x_wconf 85' lang='lat' dir='ltr'><strong>eamdem</strong></span> <span class='ocrx_word' id='word_1_134' title='bbox 1062 1792 1416 1861; x_wconf 80' lang='lat' dir='ltr'><strong>ignominiam</strong></span> <span class='ocrx_word' id='word_1_135' title='bbox 1471 1790 1875 1860; x_wconf 87' lang='lat' dir='ltr'><strong>incorruptibili</strong></span> <span class='ocrx_word' id='word_1_136' title='bbox 1905 1790 2093 1861; x_wconf 74' lang='lat' dir='ltr'><strong>gloria:</strong></span> 
     </span>
    </p>
   </div>
   <div class='ocr_carea' id='block_1_20' title="bbox 519 1878 914 1935">
    <p class='ocr_par' dir='ltr' id='par_1_20' title="bbox 519 1878 914 1935">
     <span class='ocr_line' id='line_1_20' title="bbox 519 1878 914 1935; baseline 0.005 -4"><span class='ocrx_word' id='word_1_137' title='bbox 519 1878 699 1935; x_wconf 87' lang='lat' dir='ltr'><strong>Patris</strong></span> <span class='ocrx_word' id='word_1_138' title='bbox 728 1880 914 1934; x_wconf 90' lang='lat' dir='ltr'><strong>inurit.</strong></span> 
     </span>
    </p>
   </div>
   <div class='ocr_carea' id='block_1_21' title="bbox 594 1971 2091 2042">
    <p class='ocr_par' dir='ltr' id='par_1_21' title="bbox 594 1971 2091 2042">
     <span class='ocr_line' id='line_1_21' title="bbox 594 1971 2091 2042; baseline 0 -17"><span class='ocrx_word' id='word_1_139' title='bbox 594 1971 699 2027; x_wconf 85' lang='lat' dir='ltr'><strong>Sed</strong></span> <span class='ocrx_word' id='word_1_140' title='bbox 727 1988 919 2026; x_wconf 84' lang='lat' dir='ltr'><strong>rursus</strong></span> <span class='ocrx_word' id='word_1_141' title='bbox 947 1972 1011 2025; x_wconf 90' lang='lat' dir='ltr'><strong>ad</strong></span> <span class='ocrx_word' id='word_1_142' title='bbox 1036 1988 1094 2027; x_wconf 89' lang='lat' dir='ltr'><strong>ea</strong></span> <span class='ocrx_word' id='word_1_143' title='bbox 1111 1989 1231 2042; x_wconf 70' lang='lat' dir='ltr'><strong>qum</strong></span> <span class='ocrx_word' id='word_1_144' title='bbox 1250 1972 1305 2026; x_wconf 91' lang='lat' dir='ltr'><strong>in</strong></span> <span class='ocrx_word' id='word_1_145' title='bbox 1324 1973 1543 2042; x_wconf 78' lang='lat' dir='ltr'><strong>scriptis</strong></span> <span class='ocrx_word' id='word_1_146' title='bbox 1582 1980 1884 2041; x_wconf 88' lang='lat' dir='ltr'><strong>sequuntur</strong></span> <span class='ocrx_word' id='word_1_147' title='bbox 1904 1987 2091 2026; x_wconf 88' lang='lat' dir='ltr'><strong>recur-</strong></span> 
     </span>
    </p>
   </div>
   <div class='ocr_carea' id='block_1_22' title="bbox 525 2063 2091 2135">
    <p class='ocr_par' dir='ltr' id='par_1_22' title="bbox 525 2063 2091 2135">
     <span class='ocr_line' id='line_1_22' title="bbox 525 2063 2091 2135; baseline 0.001 -18"><span class='ocrx_word' id='word_1_148' title='bbox 525 2079 731 2120; x_wconf 89' lang='lat' dir='ltr'><strong>ramus.</strong></span> <span class='ocrx_word' id='word_1_149' title='bbox 774 2065 915 2131; x_wconf 83' lang='lat' dir='ltr'><strong>Quid</strong></span> <span class='ocrx_word' id='word_1_150' title='bbox 951 2064 1086 2119; x_wconf 88' lang='lat' dir='ltr'><strong>dicit</strong></span> <span class='ocrx_word' id='word_1_151' title='bbox 1130 2064 1196 2119; x_wconf 92' lang='lat' dir='ltr'><strong>de</strong></span> <span class='ocrx_word' id='word_1_152' title='bbox 1235 2063 1522 2135; x_wconf 82' lang='lat' dir='ltr'><strong>Unigenito</strong></span> <span class='ocrx_word' id='word_1_153' title='bbox 1562 2064 1906 2119; x_wconf 87' lang='lat' dir='ltr'><strong>Eunomius?</strong></span> <span class='ocrx_word' id='word_1_154' title='bbox 1947 2064 2091 2132; x_wconf 89' lang='lat' dir='ltr'><strong>quod</strong></span> 
     </span>
    </p>
   </div>
   <div class='ocr_carea' id='block_1_23' title="bbox 526 2155 2091 2225">
    <p class='ocr_par' dir='ltr' id='par_1_23' title="bbox 526 2155 2091 2225">
     <span class='ocr_line' id='line_1_23' title="bbox 526 2155 2091 2225; baseline -0.001 -15"><span class='ocrx_word' id='word_1_155' title='bbox 526 2155 630 2210; x_wconf 86' lang='lat' dir='ltr'><strong>sibi</strong></span> <span class='ocrx_word' id='word_1_156' title='bbox 664 2171 769 2209; x_wconf 91' lang='lat' dir='ltr'><strong>non</strong></span> <span class='ocrx_word' id='word_1_157' title='bbox 800 2156 940 2209; x_wconf 89' lang='lat' dir='ltr'><strong>hanc</strong></span> <span class='ocrx_word' id='word_1_158' title='bbox 966 2156 1281 2224; x_wconf 87' lang='lat' dir='ltr'><strong>dignitatem</strong></span> <span class='ocrx_word' id='word_1_159' title='bbox 1300 2157 1571 2221; x_wconf 79' lang='lat' dir='ltr'><strong>vindicat;</strong></span> <span class='ocrx_word' id='word_1_160' title='bbox 1604 2156 1918 2225; x_wconf 86' lang='lat' dir='ltr'><strong>dignitatem</strong></span> <span class='ocrx_word' id='word_1_161' title='bbox 1946 2157 2091 2210; x_wconf 90' lang='lat' dir='ltr'><strong>enim</strong></span> 
     </span>
    </p>
   </div>
   <div class='ocr_carea' id='block_1_24' title="bbox 525 2246 2092 2316">
    <p class='ocr_par' dir='ltr' id='par_1_24' title="bbox 525 2246 2092 2316">
     <span class='ocr_line' id='line_1_24' title="bbox 525 2246 2092 2316; baseline -0.001 -15"><span class='ocrx_word' id='word_1_162' title='bbox 525 2248 771 2301; x_wconf 88' lang='lat' dir='ltr'><strong>nominat</strong></span> <span class='ocrx_word' id='word_1_163' title='bbox 798 2246 918 2314; x_wconf 86' lang='lat' dir='ltr'><strong>ejus</strong></span> <span class='ocrx_word' id='word_1_164' title='bbox 942 2247 1140 2315; x_wconf 87' lang='lat' dir='ltr'><strong>quiest</strong></span> <span class='ocrx_word' id='word_1_165' title='bbox 1166 2248 1597 2316; x_wconf 87' lang='lat' dir='ltr'><strong>appellationem.</strong></span> <span class='ocrx_word' id='word_1_166' title='bbox 1639 2248 1683 2301; x_wconf 89' lang='grc'>0</span> <span class='ocrx_word' id='word_1_167' title='bbox 1720 2246 2092 2301; x_wconf 77' lang='lat' dir='ltr'><strong>admirabilem</strong></span> 
     </span>
    </p>
   </div>
   <div class='ocr_carea' id='block_1_25' title="bbox 530 2338 2095 2411">
    <p class='ocr_par' dir='ltr' id='par_1_25' title="bbox 530 2338 2095 2411">
     <span class='ocr_line' id='line_1_25' title="bbox 530 2338 2095 2411; baseline 0.002 -19"><span class='ocrx_word' id='word_1_168' title='bbox 530 2340 921 2410; x_wconf 85' lang='lat' dir='ltr'><strong>philosophiam</strong></span> <span class='ocrx_word' id='word_1_169' title='bbox 950 2342 961 2393; x_wconf 81' lang='grc' dir='ltr'><strong>ί</strong></span> <span class='ocrx_word' id='word_1_170' title='bbox 997 2338 1128 2407; x_wconf 87' lang='lat' dir='ltr'><strong>Quis</strong></span> <span class='ocrx_word' id='word_1_171' title='bbox 1156 2357 1389 2410; x_wconf 89' lang='lat' dir='ltr'><strong>unquam</strong></span> <span class='ocrx_word' id='word_1_172' title='bbox 1429 2348 1546 2411; x_wconf 88' lang='lat' dir='ltr'><strong>post</strong></span> <span class='ocrx_word' id='word_1_173' title='bbox 1575 2341 1851 2394; x_wconf 87' lang='lat' dir='ltr'><strong>hominum</strong></span> <span class='ocrx_word' id='word_1_174' title='bbox 1888 2358 2095 2395; x_wconf 71' lang='lat' dir='ltr'><strong>mento-</strong></span> 
     </span>
    </p>
   </div>
   <div class='ocr_carea' id='block_1_26' title="bbox 530 2430 2093 2502">
    <p class='ocr_par' dir='ltr' id='par_1_26' title="bbox 530 2430 2093 2502">
     <span class='ocr_line' id='line_1_26' title="bbox 530 2430 2093 2502; baseline -0.001 -17"><span class='ocrx_word' id='word_1_175' title='bbox 530 2432 689 2498; x_wconf 88' lang='lat' dir='ltr'><strong>riam,</strong></span> <span class='ocrx_word' id='word_1_176' title='bbox 742 2432 856 2486; x_wconf 87' lang='lat' dir='ltr'><strong>sive</strong></span> <span class='ocrx_word' id='word_1_177' title='bbox 906 2432 1047 2502; x_wconf 87' lang='lat' dir='ltr'><strong>apud</strong></span> <span class='ocrx_word' id='word_1_178' title='bbox 1100 2430 1340 2495; x_wconf 65' lang='lat' dir='ltr'><strong>Graecos,</strong></span> <span class='ocrx_word' id='word_1_179' title='bbox 1394 2433 1510 2487; x_wconf 86' lang='lat' dir='ltr'><strong>sive</strong></span> <span class='ocrx_word' id='word_1_180' title='bbox 1565 2432 1707 2502; x_wconf 88' lang='lat' dir='ltr'><strong>apud</strong></span> <span class='ocrx_word' id='word_1_181' title='bbox 1756 2432 2093 2486; x_wconf 78' lang='lat' dir='ltr'><strong>barbaricam</strong></span> 
     </span>
    </p>
   </div>
   <div class='ocr_carea' id='block_1_27' title="bbox 527 2524 2096 2594">
    <p class='ocr_par' dir='ltr' id='par_1_27' title="bbox 527 2524 2096 2594">
     <span class='ocr_line' id='line_1_27' title="bbox 527 2524 2096 2594; baseline -0.001 -17"><span class='ocrx_word' id='word_1_182' title='bbox 527 2524 926 2594; x_wconf 73' lang='lat' dir='ltr'><strong>philos0phiam</strong></span> <span class='ocrx_word' id='word_1_183' title='bbox 961 2542 975 2577; x_wconf 89' lang='lat'><strong>:</strong></span> <span class='ocrx_word' id='word_1_184' title='bbox 1003 2524 1126 2593; x_wconf 86' lang='lat' dir='ltr'><strong>quis</strong></span> <span class='ocrx_word' id='word_1_185' title='bbox 1154 2534 1399 2578; x_wconf 86' lang='lat' dir='ltr'><strong>nostrum</strong></span> <span class='ocrx_word' id='word_1_186' title='bbox 1420 2564 1435 2585; x_wconf 93' lang='lat'><strong>,</strong></span> <span class='ocrx_word' id='word_1_187' title='bbox 1468 2524 1592 2593; x_wconf 90' lang='lat' dir='ltr'><strong>quis</strong></span> <span class='ocrx_word' id='word_1_188' title='bbox 1627 2524 2096 2577; x_wconf 68' lang='lat' dir='ltr'><strong>omniumtetatum</strong></span> 
     </span>
    </p>
   </div>
   <div class='ocr_carea' id='block_1_28' title="bbox 531 2613 2099 2686">
    <p class='ocr_par' dir='ltr' id='par_1_28' title="bbox 531 2613 2099 2686">
     <span class='ocr_line' id='line_1_28' title="bbox 531 2613 2099 2686; baseline -0.003 -16"><span class='ocrx_word' id='word_1_189' title='bbox 531 2617 832 2680; x_wconf 86' lang='lat' dir='ltr'><strong>hominum,</strong></span> <span class='ocrx_word' id='word_1_190' title='bbox 858 2632 1055 2670; x_wconf 84' lang='lat' dir='ltr'><strong>nomen</strong></span> <span class='ocrx_word' id='word_1_191' title='bbox 1077 2615 1356 2686; x_wconf 83' lang='lat' dir='ltr'><strong>dignitatis</strong></span> <span class='ocrx_word' id='word_1_192' title='bbox 1377 2616 1488 2669; x_wconf 90' lang='lat' dir='ltr'><strong>enli</strong></span> <span class='ocrx_word' id='word_1_193' title='bbox 1506 2615 1798 2685; x_wconf 80' lang='lat' dir='ltr'><strong>imposuit?</strong></span> <span class='ocrx_word' id='word_1_194' title='bbox 1826 2613 2099 2684; x_wconf 87' lang='lat' dir='ltr'><strong>Quidquid</strong></span> 
     </span>
    </p>
   </div>
   <div class='ocr_carea' id='block_1_29' title="bbox 528 2706 2101 2768">
    <p class='ocr_par' dir='ltr' id='par_1_29' title="bbox 528 2706 2101 2768">
     <span class='ocr_line' id='line_1_29' title="bbox 528 2706 2101 2768; baseline -0.005 -5"><span class='ocrx_word' id='word_1_195' title='bbox 528 2709 673 2763; x_wconf 75' lang='lat' dir='ltr'><strong>enim</strong></span> <span class='ocrx_word' id='word_1_196' title='bbox 692 2707 1023 2763; x_wconf 80' lang='lat' dir='ltr'><strong>exsislensin</strong></span> <span class='ocrx_word' id='word_1_197' title='bbox 1044 2723 1221 2761; x_wconf 91' lang='lat' dir='ltr'><strong>rerum</strong></span> <span class='ocrx_word' id='word_1_198' title='bbox 1242 2715 1436 2759; x_wconf 89' lang='lat' dir='ltr'><strong>natura</strong></span> <span class='ocrx_word' id='word_1_199' title='bbox 1454 2706 2101 2768; x_wconf 78' lang='lat' dir='ltr'><strong>consideratur,mmmu-</strong></span> 
     </span>
    </p>
   </div>
   <div class='ocr_carea' id='block_1_30' title="bbox 532 2795 2101 2869">
    <p class='ocr_par' dir='ltr' id='par_1_30' title="bbox 532 2795 2101 2869">
     <span class='ocr_line' id='line_1_30' title="bbox 532 2795 2101 2869; baseline -0.004 -16"><span class='ocrx_word' id='word_1_200' title='bbox 532 2800 621 2855; x_wconf 89' lang='lat' dir='ltr'><strong>nis</strong></span> <span class='ocrx_word' id='word_1_201' title='bbox 666 2799 920 2869; x_wconf 87' lang='lat' dir='ltr'><strong>loquendi</strong></span> <span class='ocrx_word' id='word_1_202' title='bbox 951 2799 1311 2860; x_wconf 82' lang='lat' dir='ltr'><strong>consuetudo,</strong></span> <span class='ocrx_word' id='word_1_203' title='bbox 1352 2813 1473 2851; x_wconf 89' lang='lat' dir='ltr'><strong>esse</strong></span> <span class='ocrx_word' id='word_1_204' title='bbox 1505 2797 1637 2850; x_wconf 84' lang='lat' dir='ltr'><strong>dicit</strong></span> <span class='ocrx_word' id='word_1_205' title='bbox 1676 2812 1689 2847; x_wconf 90' lang='lat'><strong>:</strong></span> <span class='ocrx_word' id='word_1_206' title='bbox 1746 2812 1774 2848; x_wconf 93' lang='lat' dir='ltr'><strong>a</strong></span> <span class='ocrx_word' id='word_1_207' title='bbox 1802 2795 1967 2850; x_wconf 88' lang='lat' dir='ltr'><strong>verbo</strong></span> <span class='ocrx_word' id='word_1_208' title='bbox 2002 2811 2101 2848; x_wconf 89' lang='lat' dir='ltr'><strong>au-</strong></span> 
     </span>
    </p>
   </div>
   <div class='ocr_carea' id='block_1_31' title="bbox 532 2890 2103 2957">
    <p class='ocr_par' dir='ltr' id='par_1_31' title="bbox 532 2890 2103 2957">
     <span class='ocr_line' id='line_1_31' title="bbox 532 2890 2103 2957; baseline -0.002 -12"><span class='ocrx_word' id='word_1_209' title='bbox 532 2899 643 2948; x_wconf 86' lang='lat' dir='ltr'><strong>tem</strong></span> <span class='ocrx_word' id='word_1_210' title='bbox 665 2907 824 2957; x_wconf 87' lang='lat' dir='ltr'><strong>esse,</strong></span> <span class='ocrx_word' id='word_1_211' title='bbox 849 2893 991 2947; x_wconf 82' lang='lat' dir='ltr'><strong>cutis</strong></span> <span class='ocrx_word' id='word_1_212' title='bbox 1025 2891 1394 2946; x_wconf 89' lang='lat' dir='ltr'><strong>denominatio</strong></span> <span class='ocrx_word' id='word_1_213' title='bbox 1426 2890 1650 2943; x_wconf 77' lang='lat' dir='ltr'><strong>formata</strong></span> <span class='ocrx_word' id='word_1_214' title='bbox 1681 2899 1783 2945; x_wconf 89' lang='lat' dir='ltr'><strong>est.</strong></span> <span class='ocrx_word' id='word_1_215' title='bbox 1827 2891 1929 2943; x_wconf 90' lang='lat' dir='ltr'><strong>Sed</strong></span> <span class='ocrx_word' id='word_1_216' title='bbox 1958 2905 2103 2943; x_wconf 90' lang='lat' dir='ltr'><strong>nunc</strong></span> 
     </span>
    </p>
   </div>
   <div class='ocr_carea' id='block_1_32' title="bbox 534 2980 2100 3051">
    <p class='ocr_par' dir='ltr' id='par_1_32' title="bbox 534 2980 2100 3051">
     <span class='ocr_line' id='line_1_32' title="bbox 534 2980 2100 3051; baseline -0.001 -15"><span class='ocrx_word' id='word_1_217' title='bbox 534 2996 677 3037; x_wconf 83' lang='lat' dir='ltr'><strong>novo</strong></span> <span class='ocrx_word' id='word_1_218' title='bbox 726 2981 1019 3036; x_wconf 88' lang='lat' dir='ltr'><strong>locutionis</strong></span> <span class='ocrx_word' id='word_1_219' title='bbox 1063 2997 1283 3051; x_wconf 81' lang='lat' dir='ltr'><strong>genere,</strong></span> <span class='ocrx_word' id='word_1_220' title='bbox 1342 2996 1441 3049; x_wconf 90' lang='lat' dir='ltr'><strong>pro</strong></span> <span class='ocrx_word' id='word_1_221' title='bbox 1489 2981 1631 3035; x_wconf 80' lang='lat' dir='ltr'><strong>culis</strong></span> <span class='ocrx_word' id='word_1_222' title='bbox 1684 2980 2100 3050; x_wconf 84' lang='lat' dir='ltr'><strong>signiﬁcatione,</strong></span> 
     </span>
    </p>
   </div>
   <div class='ocr_carea' id='block_1_33' title="bbox 536 3071 2103 3144">
    <p class='ocr_par' dir='ltr' id='par_1_33' title="bbox 536 3071 2103 3144">
     <span class='ocr_line' id='line_1_33' title="bbox 536 3071 2103 3144; baseline -0.003 -15"><span class='ocrx_word' id='word_1_223' title='bbox 536 3090 636 3129; x_wconf 78' lang='lat' dir='ltr'><strong>vox</strong></span> <span class='ocrx_word' id='word_1_224' title='bbox 673 3074 954 3144; x_wconf 83' lang='lat' dir='ltr'><strong>dignitatis</strong></span> <span class='ocrx_word' id='word_1_225' title='bbox 1013 3082 1345 3142; x_wconf 84' lang='lat' dir='ltr'><strong>usurpatur:</strong></span> <span class='ocrx_word' id='word_1_226' title='bbox 1379 3073 1508 3127; x_wconf 91' lang='lat' dir='ltr'><strong>dicit</strong></span> <span class='ocrx_word' id='word_1_227' title='bbox 1561 3074 1704 3126; x_wconf 90' lang='lat' dir='ltr'><strong>enim</strong></span> <span class='ocrx_word' id='word_1_228' title='bbox 1756 3071 1951 3125; x_wconf 87' lang='lat' dir='ltr'><strong>Filiutn</strong></span> <span class='ocrx_word' id='word_1_229' title='bbox 1996 3087 2103 3125; x_wconf 90' lang='lat' dir='ltr'><strong>non</strong></span> 
     </span>
    </p>
   </div>
   <div class='ocr_carea' id='block_1_34' title="bbox 536 3162 2104 3234">
    <p class='ocr_par' dir='ltr' id='par_1_34' title="bbox 536 3162 2104 3234">
     <span class='ocr_line' id='line_1_34' title="bbox 536 3162 2104 3234; baseline -0.001 -16"><span class='ocrx_word' id='word_1_230' title='bbox 536 3163 641 3219; x_wconf 86' lang='lat' dir='ltr'><strong>sibi</strong></span> <span class='ocrx_word' id='word_1_231' title='bbox 692 3163 972 3217; x_wconf 89' lang='lat' dir='ltr'><strong>vindicare</strong></span> <span class='ocrx_word' id='word_1_232' title='bbox 1018 3164 1362 3234; x_wconf 87' lang='lat' dir='ltr'><strong>dignitatem,</strong></span> <span class='ocrx_word' id='word_1_233' title='bbox 1413 3164 1508 3233; x_wconf 88' lang='lat' dir='ltr'><strong>qui</strong></span> <span class='ocrx_word' id='word_1_234' title='bbox 1554 3178 1648 3232; x_wconf 79' lang='lat' dir='ltr'><strong>per</strong></span> <span class='ocrx_word' id='word_1_235' title='bbox 1694 3162 1903 3216; x_wconf 80' lang='lat' dir='ltr'><strong>Patrem</strong></span> <span class='ocrx_word' id='word_1_236' title='bbox 1940 3172 2022 3217; x_wconf 89' lang='lat' dir='ltr'><strong>est</strong></span> <span class='ocrx_word' id='word_1_237' title='bbox 2053 3173 2104 3216; x_wconf 90' lang='lat' dir='ltr'><strong>et</strong></span> 
     </span>
    </p>
   </div>
   <div class='ocr_carea' id='block_1_35' title="bbox 2175 594 3723 666">
    <p class='ocr_par' dir='ltr' id='par_1_35' title="bbox 2175 594 3723 666">
     <span class='ocr_line' id='line_1_35' title="bbox 2175 594 3723 666; baseline 0.001 -16"><span class='ocrx_word' id='word_1_238' title='bbox 2175 598 2283 650; x_wconf 79' lang='grc' dir='ltr'>τῶν</span> <span class='ocrx_word' id='word_1_239' title='bbox 2310 599 2366 649; x_wconf 80' lang='grc' dir='ltr'>ὲν</span> <span class='ocrx_word' id='word_1_240' title='bbox 2390 597 2468 666; x_wconf 83' lang='grc' dir='ltr'><strong>τῷ</strong></span> <span class='ocrx_word' id='word_1_241' title='bbox 2500 596 2611 666; x_wconf 82' lang='grc' dir='ltr'>Υίῴ</span> <span class='ocrx_word' id='word_1_242' title='bbox 2644 594 3050 664; x_wconf 78' lang='grc' dir='ltr'>θεωρουμένων,</span> <span class='ocrx_word' id='word_1_243' title='bbox 3080 595 3108 646; x_wconf 85' lang='grc' dir='ltr'><strong>ὂ</strong></span> <span class='ocrx_word' id='word_1_244' title='bbox 3151 594 3225 665; x_wconf 83' lang='grc' dir='ltr'>μὴ</span> <span class='ocrx_word' id='word_1_245' title='bbox 3274 595 3365 646; x_wconf 87' lang='grc' dir='ltr'><strong>τοῦ</strong></span> <span class='ocrx_word' id='word_1_246' title='bbox 3397 597 3597 665; x_wconf 88' lang='grc' dir='ltr'>Πατρός</span> <span class='ocrx_word' id='word_1_247' title='bbox 3627 601 3723 651; x_wconf 80' lang='grc' dir='ltr'>ἐστι</span> 
     </span>
    </p>
   </div>
   <div class='ocr_carea' id='block_1_36' title="bbox 2177 685 3727 755">
    <p class='ocr_par' dir='ltr' id='par_1_36' title="bbox 2177 685 3727 755">
     <span class='ocr_line' id='line_1_36' title="bbox 2177 685 3727 755; baseline 0.003 -16"><span class='ocrx_word' id='word_1_248' title='bbox 2177 688 2412 749; x_wconf 84' lang='grc' dir='ltr'>πάντως.</span> <span class='ocrx_word' id='word_1_249' title='bbox 2455 686 2655 739; x_wconf 82' lang='grc' dir='ltr'><em>Πάντα</em></span> <span class='ocrx_word' id='word_1_250' title='bbox 2694 704 2713 751; x_wconf 74' lang='grc'><strong>·,</strong></span> <span class='ocrx_word' id='word_1_251' title='bbox 2731 687 2798 755; x_wconf 90' lang='grc' dir='ltr'><strong>ἀρ</strong></span> <span class='ocrx_word' id='word_1_252' title='bbox 2816 726 2829 747; x_wconf 93' lang='grc'><strong>,</strong></span> <span class='ocrx_word' id='word_1_253' title='bbox 2870 686 3002 753; x_wconf 79' lang='grc' dir='ltr'><strong>φησί</strong></span> <span class='ocrx_word' id='word_1_254' title='bbox 3021 727 3034 750; x_wconf 87' lang='grc'><strong>,</strong></span> <span class='ocrx_word' id='word_1_255' title='bbox 3072 685 3142 738; x_wconf 82' lang='grc' dir='ltr'>τὰ</span> <span class='ocrx_word' id='word_1_256' title='bbox 3166 686 3279 753; x_wconf 78' lang='grc' dir='ltr'><strong>ἐμὰ</strong></span> <span class='ocrx_word' id='word_1_257' title='bbox 3309 686 3389 738; x_wconf 82' lang='grc' dir='ltr'>σὰ</span> <span class='ocrx_word' id='word_1_258' title='bbox 3410 726 3422 745; x_wconf 90' lang='grc'><strong>,</strong></span> <span class='ocrx_word' id='word_1_259' title='bbox 3450 688 3547 739; x_wconf 79' lang='grc' dir='ltr'>καὶ</span> <span class='ocrx_word' id='word_1_260' title='bbox 3569 688 3634 741; x_wconf 84' lang='grc' dir='ltr'>τὰ</span> <span class='ocrx_word' id='word_1_261' title='bbox 3657 692 3727 745; x_wconf 86' lang='grc' dir='ltr'>σὰ</span> 
     </span>
    </p>
   </div>
   <div class='ocr_carea' id='block_1_37' title="bbox 2177 773 3726 850">
    <p class='ocr_par' dir='ltr' id='par_1_37' title="bbox 2177 773 3726 850">
     <span class='ocr_line' id='line_1_37' title="bbox 2177 773 3726 850; baseline 0.002 -18"><span class='ocrx_word' id='word_1_262' title='bbox 2177 780 2308 849; x_wconf 84' lang='grc' dir='ltr'>ἐμά.</span> <span class='ocrx_word' id='word_1_263' title='bbox 2334 780 2398 831; x_wconf 98' lang='grc' dir='ltr'><strong>Τί</strong></span> <span class='ocrx_word' id='word_1_264' title='bbox 2425 776 2517 831; x_wconf 74' lang='grc' dir='ltr'><strong>οὖν</strong></span> <span class='ocrx_word' id='word_1_265' title='bbox 2548 778 2759 841; x_wconf 68' lang='grc' dir='ltr'>ὲροῦισν</span> <span class='ocrx_word' id='word_1_266' title='bbox 2790 778 2839 831; x_wconf 85' lang='grc' dir='ltr'><strong>οἰ</strong></span> <span class='ocrx_word' id='word_1_267' title='bbox 2866 777 3123 841; x_wconf 87' lang='grc' dir='ltr'>δείλαιοι;</span> <span class='ocrx_word' id='word_1_268' title='bbox 3165 777 3228 828; x_wconf 91' lang='grc' dir='ltr'><strong>Τί</strong></span> <span class='ocrx_word' id='word_1_269' title='bbox 3258 773 3349 829; x_wconf 79' lang='grc' dir='ltr'><strong>οὖν</strong></span> <span class='ocrx_word' id='word_1_270' title='bbox 3388 778 3726 850; x_wconf 78' lang='grc' dir='ltr'>εὐλογώτερον</span> 
     </span>
    </p>
   </div>
   <div class='ocr_carea' id='block_1_38' title="bbox 2179 868 3727 942">
    <p class='ocr_par' dir='ltr' id='par_1_38' title="bbox 2179 868 3727 942">
     <span class='ocr_line' id='line_1_38' title="bbox 2179 868 3727 942; baseline 0 -17"><span class='ocrx_word' id='word_1_271' title='bbox 2179 872 2268 925; x_wconf 85' lang='grc' dir='ltr'><strong>τὸν</strong></span> <span class='ocrx_word' id='word_1_272' title='bbox 2294 872 2419 923; x_wconf 82' lang='grc' dir='ltr'>Υἰὺν</span> <span class='ocrx_word' id='word_1_273' title='bbox 2438 874 2502 942; x_wconf 84' lang='grc' dir='ltr'>τῇ</span> <span class='ocrx_word' id='word_1_274' title='bbox 2534 871 2778 941; x_wconf 80' lang='grc' dir='ltr'>βασιλείᾳ</span> <span class='ocrx_word' id='word_1_275' title='bbox 2803 869 2895 923; x_wconf 90' lang='grc' dir='ltr'><strong>τοῦ</strong></span> <span class='ocrx_word' id='word_1_276' title='bbox 2919 868 3130 940; x_wconf 85' lang='grc' dir='ltr'>Πατρὸς</span> <span class='ocrx_word' id='word_1_277' title='bbox 3159 869 3533 935; x_wconf 75' lang='grc' dir='ltr'>ὲνδοξάζεσθαι</span> <span class='ocrx_word' id='word_1_278' title='bbox 3560 874 3643 923; x_wconf 78' lang='grc' dir='ltr'><strong>τὸν</strong></span> <span class='ocrx_word' id='word_1_279' title='bbox 3665 877 3727 925; x_wconf 86' lang='grc' dir='ltr'>εί-</span> 
     </span>
    </p>
   </div>
   <div class='ocr_carea' id='block_1_39' title="bbox 2184 960 3727 1033">
    <p class='ocr_par' dir='ltr' id='par_1_39' title="bbox 2184 960 3727 1033">
     <span class='ocr_line' id='line_1_39' title="bbox 2184 960 3727 1033; baseline -0.001 -18"><span class='ocrx_word' id='word_1_280' title='bbox 2184 963 2373 1021; x_wconf 84' lang='grc' dir='ltr'>πόντα.</span> <span class='ocrx_word' id='word_1_281' title='bbox 2410 964 2490 1015; x_wconf 81' lang='grc' dir='ltr'>ὅτι</span> <span class='ocrx_word' id='word_1_282' title='bbox 2517 962 2597 1015; x_wconf 89' lang='grc' dir='ltr'><strong>Τά</strong></span> <span class='ocrx_word' id='word_1_283' title='bbox 2625 963 2692 1015; x_wconf 78' lang='grc' dir='ltr'><strong>σά</strong></span> <span class='ocrx_word' id='word_1_284' title='bbox 2720 961 2827 1031; x_wconf 86' lang='grc' dir='ltr'>ἐμά</span> <span class='ocrx_word' id='word_1_285' title='bbox 2848 981 2861 995; x_wconf 95' lang='grc'><strong>·</strong></span> <span class='ocrx_word' id='word_1_286' title='bbox 2903 960 2995 1014; x_wconf 76' lang='grc' dir='ltr'>καὶ</span> <span class='ocrx_word' id='word_1_287' title='bbox 3029 960 3349 1030; x_wconf 78' lang='grc' dir='ltr'><strong>δεδόξασμαι</strong></span> <span class='ocrx_word' id='word_1_288' title='bbox 3384 960 3440 1011; x_wconf 84' lang='grc' dir='ltr'><strong>ἐν</strong></span> <span class='ocrx_word' id='word_1_289' title='bbox 3471 962 3641 1022; x_wconf 73' lang='grc' dir='ltr'>αὐτοῖς</span> <span class='ocrx_word' id='word_1_290' title='bbox 3662 980 3673 991; x_wconf 89' lang='grc'><strong>·</strong></span> <span class='ocrx_word' id='word_1_291' title='bbox 3701 964 3727 1033; x_wconf 79' lang='grc' dir='ltr'>ἦ</span> 
     </span>
    </p>
   </div>
   <div class='ocr_carea' id='block_1_40' title="bbox 2183 1050 3732 1125">
    <p class='ocr_par' dir='ltr' id='par_1_40' title="bbox 2183 1050 3732 1125">
     <span class='ocr_line' id='line_1_40' title="bbox 2183 1050 3732 1125; baseline 0 -20"><span class='ocrx_word' id='word_1_292' title='bbox 2183 1053 2274 1105; x_wconf 77' lang='grc' dir='ltr'><strong>τὸν</strong></span> <span class='ocrx_word' id='word_1_293' title='bbox 2304 1054 2521 1125; x_wconf 78' lang='grc' dir='ltr'>Πατέρα</span> <span class='ocrx_word' id='word_1_294' title='bbox 2547 1056 2612 1123; x_wconf 80' lang='grc' dir='ltr'>τῇ</span> <span class='ocrx_word' id='word_1_295' title='bbox 2638 1052 2827 1123; x_wconf 78' lang='grc' dir='ltr'>ἀτιμίᾳ</span> <span class='ocrx_word' id='word_1_296' title='bbox 2847 1051 2948 1121; x_wconf 80' lang='grc' dir='ltr'>τῆς</span> <span class='ocrx_word' id='word_1_297' title='bbox 2971 1051 3209 1114; x_wconf 82' lang='grc' dir='ltr'>δουλείας</span> <span class='ocrx_word' id='word_1_298' title='bbox 3233 1050 3325 1103; x_wconf 76' lang='grc' dir='ltr'><strong>τοῦ</strong></span> <span class='ocrx_word' id='word_1_299' title='bbox 3346 1050 3471 1103; x_wconf 81' lang='grc' dir='ltr'>Υίοῦ</span> <span class='ocrx_word' id='word_1_300' title='bbox 3496 1050 3732 1122; x_wconf 76' lang='grc' dir='ltr'>καθυϐρί-</span> 
     </span>
    </p>
   </div>
   <div class='ocr_carea' id='block_1_41' title="bbox 2186 1141 3731 1217">
    <p class='ocr_par' dir='ltr' id='par_1_41' title="bbox 2186 1141 3731 1217">
     <span class='ocr_line' id='line_1_41' title="bbox 2186 1141 3731 1217; baseline 0 -21"><span class='ocrx_word' id='word_1_301' title='bbox 2186 1145 2371 1209; x_wconf 77' lang='grc' dir='ltr'>ζεσθαι</span> <span class='ocrx_word' id='word_1_302' title='bbox 2394 1164 2404 1205; x_wconf 87' lang='grc'>;</span> <span class='ocrx_word' id='word_1_303' title='bbox 2435 1145 2508 1196; x_wconf 77' lang='grc' dir='ltr'><strong>Οὐ</strong></span> <span class='ocrx_word' id='word_1_304' title='bbox 2533 1145 2641 1217; x_wconf 80' lang='grc' dir='ltr'>γὰρ</span> <span class='ocrx_word' id='word_1_305' title='bbox 2667 1146 2779 1200; x_wconf 68' lang='grc' dir='ltr'>ἐστι</span> <span class='ocrx_word' id='word_1_306' title='bbox 2815 1144 2904 1197; x_wconf 79' lang='grc' dir='ltr'>τὸν</span> <span class='ocrx_word' id='word_1_307' title='bbox 2930 1143 3105 1195; x_wconf 85' lang='grc' dir='ltr'>πάντα</span> <span class='ocrx_word' id='word_1_308' title='bbox 3126 1144 3193 1195; x_wconf 77' lang='grc' dir='ltr'><strong>τὰ</strong></span> <span class='ocrx_word' id='word_1_309' title='bbox 3214 1141 3305 1196; x_wconf 87' lang='grc' dir='ltr'><strong>τοῦ</strong></span> <span class='ocrx_word' id='word_1_310' title='bbox 3334 1141 3464 1194; x_wconf 86' lang='grc' dir='ltr'>Υἱοῦ</span> <span class='ocrx_word' id='word_1_311' title='bbox 3494 1144 3547 1194; x_wconf 86' lang='grc' dir='ltr'><strong>έν</strong></span> <span class='ocrx_word' id='word_1_312' title='bbox 3578 1145 3731 1214; x_wconf 73' lang='grc' dir='ltr'>ἑαυτῷ</span> 
     </span>
    </p>
   </div>
   <div class='ocr_carea' id='block_1_42' title="bbox 2187 1232 3729 1306">
    <p class='ocr_par' dir='ltr' id='par_1_42' title="bbox 2187 1232 3729 1306">
     <span class='ocr_line' id='line_1_42' title="bbox 2187 1232 3729 1306; baseline -0.002 -17"><span class='ocrx_word' id='word_1_313' title='bbox 2187 1237 2526 1306; x_wconf 60' lang='grc' dir='ltr'>περιέχοντα,</span> <span class='ocrx_word' id='word_1_314' title='bbox 2556 1235 2649 1287; x_wconf 77' lang='grc' dir='ltr'><strong>καὶ</strong></span> <span class='ocrx_word' id='word_1_315' title='bbox 2678 1235 2835 1287; x_wconf 77' lang='grc' dir='ltr'>αὑτὸν</span> <span class='ocrx_word' id='word_1_316' title='bbox 2864 1236 2920 1287; x_wconf 84' lang='grc' dir='ltr'><strong>ὲν</strong></span> <span class='ocrx_word' id='word_1_317' title='bbox 2949 1234 3026 1305; x_wconf 83' lang='grc' dir='ltr'><strong>τῷ</strong></span> <span class='ocrx_word' id='word_1_318' title='bbox 3053 1234 3166 1304; x_wconf 82' lang='grc' dir='ltr'>Υἱῴ</span> <span class='ocrx_word' id='word_1_319' title='bbox 3194 1235 3341 1296; x_wconf 77' lang='grc' dir='ltr'>ὄντα,</span> <span class='ocrx_word' id='word_1_320' title='bbox 3380 1232 3455 1303; x_wconf 85' lang='grc' dir='ltr'>μὴ</span> <span class='ocrx_word' id='word_1_321' title='bbox 3483 1233 3571 1285; x_wconf 79' lang='grc' dir='ltr'><strong>καὶ</strong></span> <span class='ocrx_word' id='word_1_322' title='bbox 3597 1235 3649 1284; x_wconf 83' lang='grc' dir='ltr'><strong>ἐν</strong></span> <span class='ocrx_word' id='word_1_323' title='bbox 3674 1239 3729 1305; x_wconf 85' lang='grc' dir='ltr'>τῇ</span> 
     </span>
    </p>
   </div>
   <div class='ocr_carea' id='block_1_43' title="bbox 2187 1324 3733 1399">
    <p class='ocr_par' dir='ltr' id='par_1_43' title="bbox 2187 1324 3733 1399">
     <span class='ocr_line' id='line_1_43' title="bbox 2187 1324 3733 1399; baseline -0.003 -17"><span class='ocrx_word' id='word_1_324' title='bbox 2187 1329 2399 1399; x_wconf 78' lang='grc' dir='ltr'>δουλεία</span> <span class='ocrx_word' id='word_1_325' title='bbox 2425 1328 2516 1382; x_wconf 87' lang='grc' dir='ltr'><strong>τοῦ</strong></span> <span class='ocrx_word' id='word_1_326' title='bbox 2552 1328 2680 1381; x_wconf 81' lang='grc' dir='ltr'>Υίοῦ</span> <span class='ocrx_word' id='word_1_327' title='bbox 2706 1335 2920 1390; x_wconf 81' lang='grc' dir='ltr'>παντως</span> <span class='ocrx_word' id='word_1_328' title='bbox 2950 1324 3109 1389; x_wconf 75' lang='grc' dir='ltr'>εἶναι,</span> <span class='ocrx_word' id='word_1_329' title='bbox 3143 1327 3237 1379; x_wconf 70' lang='grc' dir='ltr'><strong>καὶ</strong></span> <span class='ocrx_word' id='word_1_330' title='bbox 3264 1327 3321 1379; x_wconf 78' lang='grc' dir='ltr'>ἐν</span> <span class='ocrx_word' id='word_1_331' title='bbox 3357 1324 3504 1395; x_wconf 80' lang='grc' dir='ltr'>αὐτῷ</span> <span class='ocrx_word' id='word_1_332' title='bbox 3528 1326 3619 1395; x_wconf 82' lang='grc' dir='ltr'>τὴν</span> <span class='ocrx_word' id='word_1_333' title='bbox 3639 1326 3733 1378; x_wconf 88' lang='grc' dir='ltr'>δου-</span> 
     </span>
    </p>
   </div>
   <div class='ocr_carea' id='block_1_44' title="bbox 2188 1418 3733 1492">
    <p class='ocr_par' dir='ltr' id='par_1_44' title="bbox 2188 1418 3733 1492">
     <span class='ocr_line' id='line_1_44' title="bbox 2188 1418 3733 1492; baseline -0.003 -18"><span class='ocrx_word' id='word_1_334' title='bbox 2188 1422 2337 1475; x_wconf 90' lang='grc' dir='ltr'>λείαν</span> <span class='ocrx_word' id='word_1_335' title='bbox 2365 1421 2526 1492; x_wconf 75' lang='grc' dir='ltr'>ἔχειν.</span> <span class='ocrx_word' id='word_1_336' title='bbox 2555 1420 2737 1473; x_wconf 88' lang='grc' dir='ltr'>Ταῦτα</span> <span class='ocrx_word' id='word_1_337' title='bbox 2758 1420 3011 1492; x_wconf 83' lang='grc' dir='ltr'>κατορθοῖ</span> <span class='ocrx_word' id='word_1_338' title='bbox 3029 1419 3115 1472; x_wconf 67' lang='grc' dir='ltr'>διὰ</span> <span class='ocrx_word' id='word_1_339' title='bbox 3142 1420 3240 1490; x_wconf 80' lang='grc' dir='ltr'><strong>τῆς</strong></span> <span class='ocrx_word' id='word_1_340' title='bbox 3264 1418 3454 1485; x_wconf 79' lang='grc' dir='ltr'>σοφίας</span> <span class='ocrx_word' id='word_1_341' title='bbox 3480 1420 3733 1487; x_wconf 74' lang='grc' dir='ltr'>Εὑνὸμιος,</span> 
     </span>
    </p>
   </div>
   <div class='ocr_carea' id='block_1_45' title="bbox 2189 1507 3736 1582">
    <p class='ocr_par' dir='ltr' id='par_1_45' title="bbox 2189 1507 3736 1582">
     <span class='ocr_line' id='line_1_45' title="bbox 2189 1507 3736 1582; baseline -0.003 -17"><span class='ocrx_word' id='word_1_342' title='bbox 2189 1513 2256 1565; x_wconf 81' lang='grc' dir='ltr'>δι’</span> <span class='ocrx_word' id='word_1_343' title='bbox 2284 1507 2358 1567; x_wconf 83' lang='grc' dir='ltr'>ὧν</span> <span class='ocrx_word' id='word_1_344' title='bbox 2407 1511 2722 1582; x_wconf 78' lang='grc' dir='ltr'>καθυϐρίζει</span> <span class='ocrx_word' id='word_1_345' title='bbox 2771 1515 2835 1581; x_wconf 81' lang='grc' dir='ltr'><strong>τῇ</strong></span> <span class='ocrx_word' id='word_1_346' title='bbox 2881 1511 3093 1579; x_wconf 73' lang='grc' dir='ltr'>δουλεία</span> <span class='ocrx_word' id='word_1_347' title='bbox 3138 1510 3228 1563; x_wconf 77' lang='grc' dir='ltr'><strong>τὸν</strong></span> <span class='ocrx_word' id='word_1_348' title='bbox 3261 1510 3497 1578; x_wconf 83' lang='grc' dir='ltr'>Κύριον,</span> <span class='ocrx_word' id='word_1_349' title='bbox 3535 1509 3625 1580; x_wconf 74' lang='grc' dir='ltr'><strong>τὴν</strong></span> <span class='ocrx_word' id='word_1_350' title='bbox 3650 1512 3736 1561; x_wconf 84' lang='grc' dir='ltr'><strong>αὑ-</strong></span> 
     </span>
    </p>
   </div>
   <div class='ocr_carea' id='block_1_46' title="bbox 2188 1600 3738 1674">
    <p class='ocr_par' dir='ltr' id='par_1_46' title="bbox 2188 1600 3738 1674">
     <span class='ocr_line' id='line_1_46' title="bbox 2188 1600 3738 1674; baseline -0.001 -19"><span class='ocrx_word' id='word_1_351' title='bbox 2188 1605 2285 1674; x_wconf 79' lang='grc' dir='ltr'>τὴν</span> <span class='ocrx_word' id='word_1_352' title='bbox 2318 1604 2542 1674; x_wconf 79' lang='grc' dir='ltr'>ἀτιμίαν</span> <span class='ocrx_word' id='word_1_353' title='bbox 2573 1606 2639 1673; x_wconf 79' lang='grc' dir='ltr'>τῇ</span> <span class='ocrx_word' id='word_1_354' title='bbox 2680 1604 2940 1674; x_wconf 80' lang='grc' dir='ltr'>ἀκηράτῳ</span> <span class='ocrx_word' id='word_1_355' title='bbox 2967 1600 3091 1673; x_wconf 76' lang='grc' dir='ltr'>δόξῃ</span> <span class='ocrx_word' id='word_1_356' title='bbox 3132 1601 3225 1654; x_wconf 87' lang='grc' dir='ltr'><strong>τοῦ</strong></span> <span class='ocrx_word' id='word_1_357' title='bbox 3255 1601 3466 1671; x_wconf 84' lang='grc' dir='ltr'>Πατρὸς</span> <span class='ocrx_word' id='word_1_358' title='bbox 3506 1618 3738 1672; x_wconf 87' lang='grc' dir='ltr'>προστρι-</span> 
     </span>
    </p>
   </div>
   <div class='ocr_carea' id='block_1_47' title="bbox 2193 1697 2437 1767">
    <p class='ocr_par' dir='ltr' id='par_1_47' title="bbox 2193 1697 2437 1767">
     <span class='ocr_line' id='line_1_47' title="bbox 2193 1697 2437 1767; baseline 0.004 -20"><span class='ocrx_word' id='word_1_359' title='bbox 2193 1697 2252 1748; x_wconf 77' lang='grc' dir='ltr'>ϐό</span> <span class='ocrx_word' id='word_1_360' title='bbox 2261 1714 2437 1767; x_wconf 84' lang='grc' dir='ltr'>μενος.</span> 
     </span>
    </p>
   </div>
   <div class='ocr_carea' id='block_1_48' title="bbox 2267 1953 3746 2027">
    <p class='ocr_par' dir='ltr' id='par_1_48' title="bbox 2267 1953 3746 2027">
     <span class='ocr_line' id='line_1_48' title="bbox 2267 1953 3746 2027; baseline -0.001 -18"><span class='ocrx_word' id='word_1_361' title='bbox 2267 1956 2409 2009; x_wconf 62' lang='grc' dir='ltr'>Ἀλλ’</span> <span class='ocrx_word' id='word_1_362' title='bbox 2446 1957 2915 2027; x_wconf 80' lang='grc' dir='ltr'>ὲπαναδράμωμεν</span> <span class='ocrx_word' id='word_1_363' title='bbox 2956 1956 3116 2009; x_wconf 69' lang='grc' dir='ltr'>πάλιν</span> <span class='ocrx_word' id='word_1_364' title='bbox 3150 1956 3240 2007; x_wconf 74' lang='grc' dir='ltr'>ἐπὶ</span> <span class='ocrx_word' id='word_1_365' title='bbox 3265 1955 3362 2025; x_wconf 82' lang='grc' dir='ltr'><strong>τὴν</strong></span> <span class='ocrx_word' id='word_1_366' title='bbox 3396 1953 3505 2006; x_wconf 85' lang='grc' dir='ltr'><strong>τῶν</strong></span> <span class='ocrx_word' id='word_1_367' title='bbox 3531 1969 3746 2025; x_wconf 84' lang='grc' dir='ltr'>γεγραμ-</span> 
     </span>
    </p>
   </div>
   <div class='ocr_carea' id='block_1_49' title="bbox 2202 2045 3744 2122">
    <p class='ocr_par' dir='ltr' id='par_1_49' title="bbox 2202 2045 3744 2122">
     <span class='ocr_line' id='line_1_49' title="bbox 2202 2045 3744 2122; baseline -0.003 -20"><span class='ocrx_word' id='word_1_368' title='bbox 2202 2051 2376 2122; x_wconf 88' lang='grc' dir='ltr'>μένων</span> <span class='ocrx_word' id='word_1_369' title='bbox 2430 2050 2767 2103; x_wconf 77' lang='grc' dir='ltr'>ἀκολουθίαν,</span> <span class='ocrx_word' id='word_1_370' title='bbox 2838 2049 2903 2101; x_wconf 87' lang='grc' dir='ltr'>Τί</span> <span class='ocrx_word' id='word_1_371' title='bbox 2946 2048 3092 2116; x_wconf 85' lang='grc' dir='ltr'>λέγει</span> <span class='ocrx_word' id='word_1_372' title='bbox 3138 2047 3267 2116; x_wconf 73' lang='grc' dir='ltr'>περὶ</span> <span class='ocrx_word' id='word_1_373' title='bbox 3307 2047 3398 2099; x_wconf 86' lang='grc' dir='ltr'><strong>τοῦ</strong></span> <span class='ocrx_word' id='word_1_374' title='bbox 3438 2045 3744 2114; x_wconf 81' lang='grc' dir='ltr'>Μονογενοῦς</span> 
     </span>
    </p>
   </div>
   <div class='ocr_carea' id='block_1_50' title="bbox 2198 2136 3742 2213">
    <p class='ocr_par' dir='ltr' id='par_1_50' title="bbox 2198 2136 3742 2213">
     <span class='ocr_line' id='line_1_50' title="bbox 2198 2136 3742 2213; baseline -0.008 -16"><span class='ocrx_word' id='word_1_375' title='bbox 2198 2148 2226 2198; x_wconf 89' lang='grc' dir='ltr'>ὁ</span> <span class='ocrx_word' id='word_1_376' title='bbox 2255 2143 2546 2213; x_wconf 86' lang='grc' dir='ltr'>Εύνόμιος;</span> <span class='ocrx_word' id='word_1_377' title='bbox 2575 2143 2694 2194; x_wconf 85' lang='grc' dir='ltr'><strong>Ὅτι</strong></span> <span class='ocrx_word' id='word_1_378' title='bbox 2734 2142 2832 2194; x_wconf 81' lang='grc' dir='ltr'><strong>οὐκ</strong></span> <span class='ocrx_word' id='word_1_379' title='bbox 2869 2138 3161 2192; x_wconf 77' lang='grc' dir='ltr'>οἰκειοῦται</span> <span class='ocrx_word' id='word_1_380' title='bbox 3202 2138 3402 2209; x_wconf 80' lang='grc' dir='ltr'>ταύτην</span> <span class='ocrx_word' id='word_1_381' title='bbox 3447 2137 3543 2208; x_wconf 83' lang='grc' dir='ltr'>τὴν</span> <span class='ocrx_word' id='word_1_382' title='bbox 3578 2136 3742 2200; x_wconf 81' lang='grc' dir='ltr'>ἀξίαν·</span> 
     </span>
    </p>
   </div>
   <div class='ocr_carea' id='block_1_51' title="bbox 2202 2228 3746 2304">
    <p class='ocr_par' dir='ltr' id='par_1_51' title="bbox 2202 2228 3746 2304">
     <span class='ocr_line' id='line_1_51' title="bbox 2202 2228 3746 2304; baseline -0.003 -16"><span class='ocrx_word' id='word_1_383' title='bbox 2202 2234 2358 2300; x_wconf 80' lang='grc' dir='ltr'>ἀξίαν</span> <span class='ocrx_word' id='word_1_384' title='bbox 2403 2234 2511 2304; x_wconf 80' lang='grc' dir='ltr'>γὰρ</span> <span class='ocrx_word' id='word_1_385' title='bbox 2549 2233 2800 2303; x_wconf 73' lang='grc' dir='ltr'>ὀνομάζει</span> <span class='ocrx_word' id='word_1_386' title='bbox 2842 2233 2940 2303; x_wconf 74' lang='grc' dir='ltr'><strong>τὴν</strong></span> <span class='ocrx_word' id='word_1_387' title='bbox 3009 2232 3101 2284; x_wconf 84' lang='grc' dir='ltr'><strong>τοῦ</strong></span> <span class='ocrx_word' id='word_1_388' title='bbox 3168 2231 3319 2294; x_wconf 80' lang='grc' dir='ltr'>ὄντος</span> <span class='ocrx_word' id='word_1_389' title='bbox 3378 2228 3746 2300; x_wconf 79' lang='grc' dir='ltr'>προσηγορίαν.</span> 
     </span>
    </p>
   </div>
   <div class='ocr_carea' id='block_1_52' title="bbox 2207 2323 3745 2396">
    <p class='ocr_par' dir='ltr' id='par_1_52' title="bbox 2207 2323 3745 2396">
     <span class='ocr_line' id='line_1_52' title="bbox 2207 2323 3745 2396; baseline -0.006 -18"><span class='ocrx_word' id='word_1_390' title='bbox 2207 2326 2272 2378; x_wconf 83' lang='grc' dir='ltr'><strong>Ὢ</strong></span> <span class='ocrx_word' id='word_1_391' title='bbox 2310 2326 2617 2396; x_wconf 86' lang='grc' dir='ltr'>παραλόγου</span> <span class='ocrx_word' id='word_1_392' title='bbox 2671 2324 3016 2393; x_wconf 76' lang='grc' dir='ltr'>φιλοσοφίαςί</span> <span class='ocrx_word' id='word_1_393' title='bbox 3074 2323 3156 2385; x_wconf 86' lang='grc' dir='ltr'><strong>τίς</strong></span> <span class='ocrx_word' id='word_1_394' title='bbox 3195 2323 3302 2375; x_wconf 81' lang='grc' dir='ltr'>τῶν</span> <span class='ocrx_word' id='word_1_395' title='bbox 3357 2323 3573 2376; x_wconf 84' lang='grc' dir='ltr'>πώποτε</span> <span class='ocrx_word' id='word_1_396' title='bbox 3611 2336 3745 2389; x_wconf 83' lang='grc' dir='ltr'>γεγο-</span> 
     </span>
    </p>
   </div>
   <div class='ocr_carea' id='block_1_53' title="bbox 2202 2411 3752 2487">
    <p class='ocr_par' dir='ltr' id='par_1_53' title="bbox 2202 2411 3752 2487">
     <span class='ocr_line' id='line_1_53' title="bbox 2202 2411 3752 2487; baseline -0.003 -17"><span class='ocrx_word' id='word_1_397' title='bbox 2202 2419 2368 2471; x_wconf 78' lang='grc' dir='ltr'>νότων</span> <span class='ocrx_word' id='word_1_398' title='bbox 2406 2416 2734 2487; x_wconf 82' lang='grc' dir='ltr'>ἀνθρώπων,</span> <span class='ocrx_word' id='word_1_399' title='bbox 2792 2417 2900 2468; x_wconf 79' lang='grc' dir='ltr'>εἴτε</span> <span class='ocrx_word' id='word_1_400' title='bbox 2960 2418 3089 2486; x_wconf 85' lang='grc' dir='ltr'>παρ’</span> <span class='ocrx_word' id='word_1_401' title='bbox 3117 2415 3401 2484; x_wconf 84' lang='grc' dir='ltr'>Ἕλλησιν,</span> <span class='ocrx_word' id='word_1_402' title='bbox 3446 2413 3554 2465; x_wconf 76' lang='grc' dir='ltr'>εἴτε</span> <span class='ocrx_word' id='word_1_403' title='bbox 3620 2411 3752 2480; x_wconf 75' lang='grc' dir='ltr'>παρὰ</span> 
     </span>
    </p>
   </div>
   <div class='ocr_carea' id='block_1_54' title="bbox 2203 2504 3751 2581">
    <p class='ocr_par' dir='ltr' id='par_1_54' title="bbox 2203 2504 3751 2581">
     <span class='ocr_line' id='line_1_54' title="bbox 2203 2504 3751 2581; baseline -0.005 -18"><span class='ocrx_word' id='word_1_404' title='bbox 2203 2514 2269 2581; x_wconf 80' lang='grc' dir='ltr'>τῇ</span> <span class='ocrx_word' id='word_1_405' title='bbox 2305 2510 2610 2581; x_wconf 76' lang='grc' dir='ltr'>βαρϐαρικῇ</span> <span class='ocrx_word' id='word_1_406' title='bbox 2654 2508 2973 2579; x_wconf 73' lang='grc' dir='ltr'>φιλοσοφίᾳ·</span> <span class='ocrx_word' id='word_1_407' title='bbox 3031 2508 3111 2570; x_wconf 85' lang='grc' dir='ltr'><strong>τίς</strong></span> <span class='ocrx_word' id='word_1_408' title='bbox 3152 2506 3260 2559; x_wconf 84' lang='grc' dir='ltr'>τῶν</span> <span class='ocrx_word' id='word_1_409' title='bbox 3304 2507 3425 2559; x_wconf 79' lang='grc' dir='ltr'>καθ’</span> <span class='ocrx_word' id='word_1_410' title='bbox 3470 2507 3642 2576; x_wconf 72' lang='grc' dir='ltr'>ἡμᾶς,</span> <span class='ocrx_word' id='word_1_411' title='bbox 3679 2504 3751 2568; x_wconf 83' lang='grc' dir='ltr'><strong>τίς</strong></span> 
     </span>
    </p>
   </div>
   <div class='ocr_carea' id='block_1_55' title="bbox 2206 2596 3752 2671">
    <p class='ocr_par' dir='ltr' id='par_1_55' title="bbox 2206 2596 3752 2671">
     <span class='ocr_line' id='line_1_55' title="bbox 2206 2596 3752 2671; baseline -0.005 -15"><span class='ocrx_word' id='word_1_412' title='bbox 2206 2604 2311 2657; x_wconf 81' lang='grc' dir='ltr'><strong>τῶν</strong></span> <span class='ocrx_word' id='word_1_413' title='bbox 2340 2606 2395 2656; x_wconf 81' lang='grc' dir='ltr'>ἐν</span> <span class='ocrx_word' id='word_1_414' title='bbox 2433 2604 2594 2655; x_wconf 75' lang='grc' dir='ltr'>παντὶ</span> <span class='ocrx_word' id='word_1_415' title='bbox 2634 2600 2709 2671; x_wconf 79' lang='grc' dir='ltr'><strong>τῷ</strong></span> <span class='ocrx_word' id='word_1_416' title='bbox 2746 2601 2955 2671; x_wconf 85' lang='grc' dir='ltr'>χρόνῳ,</span> <span class='ocrx_word' id='word_1_417' title='bbox 3000 2599 3153 2665; x_wconf 84' lang='grc' dir='ltr'>ἀξίας</span> <span class='ocrx_word' id='word_1_418' title='bbox 3192 2599 3359 2668; x_wconf 73' lang='grc' dir='ltr'>ὄνομα</span> <span class='ocrx_word' id='word_1_419' title='bbox 3400 2597 3478 2668; x_wconf 81' lang='grc' dir='ltr'>τῷ</span> <span class='ocrx_word' id='word_1_420' title='bbox 3514 2598 3621 2650; x_wconf 81' lang='grc' dir='ltr'>δντι</span> <span class='ocrx_word' id='word_1_421' title='bbox 3656 2596 3752 2649; x_wconf 77' lang='grc' dir='ltr'>ἔθε-</span> 
     </span>
    </p>
   </div>
   <div class='ocr_carea' id='block_1_56' title="bbox 2206 2689 3755 2765">
    <p class='ocr_par' dir='ltr' id='par_1_56' title="bbox 2206 2689 3755 2765">
     <span class='ocr_line' id='line_1_56' title="bbox 2206 2689 3755 2765; baseline -0.005 -17"><span class='ocrx_word' id='word_1_422' title='bbox 2206 2712 2301 2759; x_wconf 87' lang='grc' dir='ltr'><strong>το;</strong></span> <span class='ocrx_word' id='word_1_423' title='bbox 2343 2697 2456 2748; x_wconf 81' lang='grc' dir='ltr'>Πᾶν</span> <span class='ocrx_word' id='word_1_424' title='bbox 2498 2695 2602 2765; x_wconf 86' lang='grc' dir='ltr'><strong>γὰρ</strong></span> <span class='ocrx_word' id='word_1_425' title='bbox 2641 2693 2702 2746; x_wconf 84' lang='grc' dir='ltr'><strong>τὸ</strong></span> <span class='ocrx_word' id='word_1_426' title='bbox 2740 2696 2796 2747; x_wconf 82' lang='grc' dir='ltr'>ὲν</span> <span class='ocrx_word' id='word_1_427' title='bbox 2837 2691 3126 2745; x_wconf 82' lang='grc' dir='ltr'>ὑποστάσει</span> <span class='ocrx_word' id='word_1_428' title='bbox 3167 2689 3557 2759; x_wconf 73' lang='grc' dir='ltr'>θεωρούμενον,</span> <span class='ocrx_word' id='word_1_429' title='bbox 3593 2691 3624 2759; x_wconf 81' lang='grc' dir='ltr'>ἡ</span> <span class='ocrx_word' id='word_1_430' title='bbox 3665 2705 3755 2741; x_wconf 79' lang='grc' dir='ltr'>κοιο</span> 
     </span>
    </p>
   </div>
   <div class='ocr_carea' id='block_1_57' title="bbox 2207 2779 3753 2858">
    <p class='ocr_par' dir='ltr' id='par_1_57' title="bbox 2207 2779 3753 2858">
     <span class='ocr_line' id='line_1_57' title="bbox 2207 2779 3753 2858; baseline -0.005 -18"><span class='ocrx_word' id='word_1_431' title='bbox 2207 2787 2271 2858; x_wconf 75' lang='grc' dir='ltr'>νὴ</span> <span class='ocrx_word' id='word_1_432' title='bbox 2295 2786 2402 2839; x_wconf 83' lang='grc' dir='ltr'><strong>τῶν</strong></span> <span class='ocrx_word' id='word_1_433' title='bbox 2423 2786 2563 2856; x_wconf 83' lang='grc' dir='ltr'>λόγῳ</span> <span class='ocrx_word' id='word_1_434' title='bbox 2590 2785 2939 2855; x_wconf 78' lang='grc' dir='ltr'>κεχρημένων</span> <span class='ocrx_word' id='word_1_435' title='bbox 2963 2782 3216 2854; x_wconf 86' lang='grc' dir='ltr'>συνήθεια</span> <span class='ocrx_word' id='word_1_436' title='bbox 3246 2779 3381 2835; x_wconf 70' lang='grc' dir='ltr'>εἶναι</span> <span class='ocrx_word' id='word_1_437' title='bbox 3402 2782 3569 2849; x_wconf 75' lang='grc' dir='ltr'>λέγει.</span> <span class='ocrx_word' id='word_1_438' title='bbox 3616 2780 3753 2850; x_wconf 67' lang='lat' dir='ltr'><strong>[lupi</strong></span> 
     </span>
    </p>
   </div>
   <div class='ocr_carea' id='block_1_58' title="bbox 2208 2872 3756 2947">
    <p class='ocr_par' dir='ltr' id='par_1_58' title="bbox 2208 2872 3756 2947">
     <span class='ocr_line' id='line_1_58' title="bbox 2208 2872 3756 2947; baseline -0.006 -14"><span class='ocrx_word' id='word_1_439' title='bbox 2208 2880 2264 2933; x_wconf 85' lang='grc' dir='ltr'>δὲ</span> <span class='ocrx_word' id='word_1_440' title='bbox 2307 2879 2368 2932; x_wconf 83' lang='grc' dir='ltr'><strong>τὸ</strong></span> <span class='ocrx_word' id='word_1_441' title='bbox 2421 2872 2577 2941; x_wconf 77' lang='grc' dir='ltr'>εἶναι,</span> <span class='ocrx_word' id='word_1_442' title='bbox 2624 2879 2656 2947; x_wconf 81' lang='grc' dir='ltr'>ἡ</span> <span class='ocrx_word' id='word_1_443' title='bbox 2706 2876 2798 2929; x_wconf 84' lang='grc' dir='ltr'><strong>τοῦ</strong></span> <span class='ocrx_word' id='word_1_444' title='bbox 2845 2876 2996 2939; x_wconf 76' lang='grc' dir='ltr'>ὄντος</span> <span class='ocrx_word' id='word_1_445' title='bbox 3038 2873 3319 2943; x_wconf 73' lang='grc' dir='ltr'>ἐπωνυμία</span> <span class='ocrx_word' id='word_1_446' title='bbox 3366 2872 3756 2942; x_wconf 80' lang='grc' dir='ltr'>παρεσχηματι-</span> 
     </span>
    </p>
   </div>
   <div class='ocr_carea' id='block_1_59' title="bbox 2212 2964 3756 3036">
    <p class='ocr_par' dir='ltr' id='par_1_59' title="bbox 2212 2964 3756 3036">
     <span class='ocr_line' id='line_1_59' title="bbox 2212 2964 3756 3036; baseline -0.005 -14"><span class='ocrx_word' id='word_1_447' title='bbox 2212 2988 2354 3024; x_wconf 84' lang='grc' dir='ltr'>σται.</span> <span class='ocrx_word' id='word_1_448' title='bbox 2418 2969 2574 3023; x_wconf 83' lang='grc' dir='ltr'>Ἀλλά</span> <span class='ocrx_word' id='word_1_449' title='bbox 2618 2968 2712 3021; x_wconf 90' lang='grc' dir='ltr'><strong>νῦν</strong></span> <span class='ocrx_word' id='word_1_450' title='bbox 2760 2969 3157 3036; x_wconf 88' lang='grc' dir='ltr'>καινοτομεῖται</span> <span class='ocrx_word' id='word_1_451' title='bbox 3189 2965 3327 3018; x_wconf 86' lang='grc' dir='ltr'><strong>κατά</strong></span> <span class='ocrx_word' id='word_1_452' title='bbox 3354 2965 3452 3035; x_wconf 82' lang='grc' dir='ltr'>τῆς</span> <span class='ocrx_word' id='word_1_453' title='bbox 3493 2964 3582 3017; x_wconf 85' lang='grc' dir='ltr'><strong>τοῦ</strong></span> <span class='ocrx_word' id='word_1_454' title='bbox 3626 2965 3756 3025; x_wconf 74' lang='grc' dir='ltr'>ὖντος</span> 
     </span>
    </p>
   </div>
   <div class='ocr_carea' id='block_1_60' title="bbox 2213 3053 3755 3135">
    <p class='ocr_par' dir='ltr' id='par_1_60' title="bbox 2213 3053 3755 3135">
     <span class='ocr_line' id='line_1_60' title="bbox 2213 3053 3755 3135; baseline -0.007 -19"><span class='ocrx_word' id='word_1_455' title='bbox 2213 3063 2504 3135; x_wconf 77' lang='grc' dir='ltr'>σημασίας,</span> <span class='ocrx_word' id='word_1_456' title='bbox 2534 3062 2680 3131; x_wconf 81' lang='grc' dir='ltr'><strong>ὴτῆς</strong></span> <span class='ocrx_word' id='word_1_457' title='bbox 2711 3060 2862 3124; x_wconf 81' lang='grc' dir='ltr'>ἀξίας</span> <span class='ocrx_word' id='word_1_458' title='bbox 2893 3060 3065 3129; x_wconf 87' lang='grc' dir='ltr'>φωνή.</span> <span class='ocrx_word' id='word_1_459' title='bbox 3120 3057 3281 3125; x_wconf 87' lang='grc' dir='ltr'>Λέγει</span> <span class='ocrx_word' id='word_1_460' title='bbox 3306 3056 3415 3126; x_wconf 73' lang='grc' dir='ltr'><strong>γὰρ</strong></span> <span class='ocrx_word' id='word_1_461' title='bbox 3439 3057 3529 3108; x_wconf 80' lang='grc' dir='ltr'><strong>τὸν</strong></span> <span class='ocrx_word' id='word_1_462' title='bbox 3553 3056 3669 3107; x_wconf 80' lang='grc' dir='ltr'>Υίὺν</span> <span class='ocrx_word' id='word_1_463' title='bbox 3695 3053 3755 3122; x_wconf 79' lang='grc' dir='ltr'>μὴ</span> 
     </span>
    </p>
   </div>
   <div class='ocr_carea' id='block_1_61' title="bbox 2212 3146 3759 3223">
    <p class='ocr_par' dir='ltr' id='par_1_61' title="bbox 2212 3146 3759 3223">
     <span class='ocr_line' id='line_1_61' title="bbox 2212 3146 3759 3223; baseline -0.008 -15"><span class='ocrx_word' id='word_1_464' title='bbox 2212 3153 2538 3208; x_wconf 78' lang='grc' dir='ltr'>οἰκειοῦσθαι</span> <span class='ocrx_word' id='word_1_465' title='bbox 2575 3154 2673 3223; x_wconf 82' lang='grc' dir='ltr'>τὴν</span> <span class='ocrx_word' id='word_1_466' title='bbox 2696 3151 2787 3204; x_wconf 82' lang='grc' dir='ltr'><strong>τοῦ</strong></span> <span class='ocrx_word' id='word_1_467' title='bbox 2813 3152 2965 3213; x_wconf 74' lang='grc' dir='ltr'>ὄντος</span> <span class='ocrx_word' id='word_1_468' title='bbox 2991 3149 3163 3215; x_wconf 86' lang='grc' dir='ltr'>ἀξίαν,</span> <span class='ocrx_word' id='word_1_469' title='bbox 3197 3148 3286 3201; x_wconf 86' lang='grc' dir='ltr'>τὸν</span> <span class='ocrx_word' id='word_1_470' title='bbox 3324 3148 3411 3199; x_wconf 74' lang='grc' dir='ltr'><strong>διὰ</strong></span> <span class='ocrx_word' id='word_1_471' title='bbox 3441 3148 3532 3199; x_wconf 74' lang='grc' dir='ltr'><strong>τὸν</strong></span> <span class='ocrx_word' id='word_1_472' title='bbox 3565 3146 3759 3213; x_wconf 79' lang='grc' dir='ltr'>Πατέρα</span> 
     </span>
    </p>
   </div>
   <div class='ocr_carea' id='block_1_62' title="bbox 536 3215 2106 3325">
    <p class='ocr_par' dir='ltr' id='par_1_62' title="bbox 536 3254 2106 3325">
     <span class='ocr_line' id='line_1_62' title="bbox 536 3254 2106 3325; baseline 0.003 -18"><span class='ocrx_word' id='word_1_473' title='bbox 536 3254 704 3320; x_wconf 81' lang='lat' dir='ltr'><strong>vivit;</strong></span> <span class='ocrx_word' id='word_1_474' title='bbox 758 3255 850 3324; x_wconf 90' lang='lat' dir='ltr'><strong>qui</strong></span> <span class='ocrx_word' id='word_1_475' title='bbox 895 3270 1072 3325; x_wconf 90' lang='lat' dir='ltr'><strong>neque</strong></span> <span class='ocrx_word' id='word_1_476' title='bbox 1122 3255 1461 3325; x_wconf 86' lang='lat' dir='ltr'><strong>Scripturam</strong></span> <span class='ocrx_word' id='word_1_477' title='bbox 1513 3257 1673 3309; x_wconf 90' lang='lat' dir='ltr'><strong>habet</strong></span> <span class='ocrx_word' id='word_1_478' title='bbox 1721 3257 1785 3309; x_wconf 86' lang='lat' dir='ltr'><strong>ad</strong></span> <span class='ocrx_word' id='word_1_479' title='bbox 1841 3258 2106 3311; x_wconf 87' lang='lat' dir='ltr'><strong>sermonis</strong></span> 
     </span>
    </p>
   </div>
   <div class='ocr_carea' id='block_1_63' title="bbox 2212 3215 3762 3325">
    <p class='ocr_par' dir='ltr' id='par_1_63' title="bbox 2214 3237 3762 3311">
     <span class='ocr_line' id='line_1_63' title="bbox 2214 3237 3762 3311; baseline -0.007 -14"><span class='ocrx_word' id='word_1_480' title='bbox 2214 3244 2343 3298; x_wconf 74' lang='grc' dir='ltr'>ὄντα</span> <span class='ocrx_word' id='word_1_481' title='bbox 2373 3245 2467 3297; x_wconf 74' lang='grc' dir='ltr'><strong>καὶ</strong></span> <span class='ocrx_word' id='word_1_482' title='bbox 2501 3242 2694 3306; x_wconf 78' lang='grc' dir='ltr'>ζῶντα,</span> <span class='ocrx_word' id='word_1_483' title='bbox 2722 3240 2844 3294; x_wconf 73' lang='grc' dir='ltr'>οὗτε</span> <span class='ocrx_word' id='word_1_484' title='bbox 2884 3241 3104 3311; x_wconf 80' lang='grc' dir='ltr'>Γραφὴν</span> <span class='ocrx_word' id='word_1_485' title='bbox 3150 3239 3285 3308; x_wconf 77' lang='grc' dir='ltr'>ἔχων</span> <span class='ocrx_word' id='word_1_486' title='bbox 3324 3237 3417 3291; x_wconf 90' lang='grc' dir='ltr'><strong>τοῦ</strong></span> <span class='ocrx_word' id='word_1_487' title='bbox 3461 3238 3615 3304; x_wconf 87' lang='grc' dir='ltr'>λόγου</span> <span class='ocrx_word' id='word_1_488' title='bbox 3650 3252 3762 3305; x_wconf 77' lang='grc' dir='ltr'>προ-</span> 
     </span>
    </p>
   </div>
   <div class='ocr_carea' id='block_1_64' title="bbox 543 3348 2111 3418">
    <p class='ocr_par' dir='ltr' id='par_1_64' title="bbox 543 3348 2111 3418">
     <span class='ocr_line' id='line_1_64' title="bbox 543 3348 2111 3418; baseline 0 -17"><span class='ocrx_word' id='word_1_489' title='bbox 543 3348 905 3417; x_wconf 89' lang='lat' dir='ltr'><strong>patrocinium</strong></span> <span class='ocrx_word' id='word_1_490' title='bbox 945 3356 999 3402; x_wconf 89' lang='lat' dir='ltr'><strong>et</strong></span> <span class='ocrx_word' id='word_1_491' title='bbox 1035 3348 1431 3411; x_wconf 77' lang='lat' dir='ltr'><strong>defensionem,</strong></span> <span class='ocrx_word' id='word_1_492' title='bbox 1489 3364 1665 3418; x_wconf 89' lang='lat' dir='ltr'><strong>neque</strong></span> <span class='ocrx_word' id='word_1_493' title='bbox 1726 3365 1821 3418; x_wconf 81' lang='lat' dir='ltr'><strong>per</strong></span> <span class='ocrx_word' id='word_1_494' title='bbox 1875 3350 2111 3418; x_wconf 89' lang='lat' dir='ltr'><strong>aliquam</strong></span> 
     </span>
    </p>
   </div>
   <div class='ocr_carea' id='block_1_65' title="bbox 542 3439 2113 3510">
    <p class='ocr_par' dir='ltr' id='par_1_65' title="bbox 542 3439 2113 3510">
     <span class='ocr_line' id='line_1_65' title="bbox 542 3439 2113 3510; baseline -0.001 -16"><span class='ocrx_word' id='word_1_495' title='bbox 542 3439 991 3510; x_wconf 85' lang='lat' dir='ltr'><strong>consequentiam</strong></span> <span class='ocrx_word' id='word_1_496' title='bbox 1032 3439 1099 3493; x_wconf 90' lang='lat' dir='ltr'><strong>ad</strong></span> <span class='ocrx_word' id='word_1_497' title='bbox 1147 3439 1291 3493; x_wconf 89' lang='lat' dir='ltr'><strong>hanc</strong></span> <span class='ocrx_word' id='word_1_498' title='bbox 1318 3440 1612 3494; x_wconf 87' lang='lat' dir='ltr'><strong>amentiam</strong></span> <span class='ocrx_word' id='word_1_499' title='bbox 1646 3456 1953 3494; x_wconf 88' lang='lat' dir='ltr'><strong>sermonem</strong></span> <span class='ocrx_word' id='word_1_500' title='bbox 1985 3455 2113 3509; x_wconf 90' lang='lat' dir='ltr'><strong>pro-</strong></span> 
     </span>
    </p>
   </div>
   <div class='ocr_carea' id='block_1_66' title="bbox 542 3530 2115 3599">
    <p class='ocr_par' dir='ltr' id='par_1_66' title="bbox 542 3530 2115 3599">
     <span class='ocr_line' id='line_1_66' title="bbox 542 3530 2115 3599; baseline 0.001 -15"><span class='ocrx_word' id='word_1_501' title='bbox 542 3532 720 3599; x_wconf 80' lang='lat' dir='ltr'><strong>duxit,</strong></span> <span class='ocrx_word' id='word_1_502' title='bbox 747 3532 843 3586; x_wconf 90' lang='lat' dir='ltr'><strong>sed</strong></span> <span class='ocrx_word' id='word_1_503' title='bbox 879 3531 1045 3585; x_wconf 86' lang='lat' dir='ltr'><strong>veluti</strong></span> <span class='ocrx_word' id='word_1_504' title='bbox 1080 3530 1422 3586; x_wconf 83' lang='lat' dir='ltr'><strong>ﬂatulentum</strong></span> <span class='ocrx_word' id='word_1_505' title='bbox 1453 3532 1771 3585; x_wconf 87' lang='lat' dir='ltr'><strong>alimentum</strong></span> <span class='ocrx_word' id='word_1_506' title='bbox 1811 3531 2115 3585; x_wconf 84' lang='lat' dir='ltr'><strong>visceribus</strong></span> 
     </span>
    </p>
   </div>
   <div class='ocr_carea' id='block_1_67' title="bbox 544 3622 2118 3702">
    <p class='ocr_par' dir='ltr' id='par_1_67' title="bbox 544 3622 2118 3702">
     <span class='ocr_line' id='line_1_67' title="bbox 544 3622 2118 3702; baseline -0.003 -23"><span class='ocrx_word' id='word_1_507' title='bbox 544 3626 818 3695; x_wconf 86' lang='lat' dir='ltr'><strong>ingerens,</strong></span> <span class='ocrx_word' id='word_1_508' title='bbox 858 3622 1187 3694; x_wconf 88' lang='lat' dir='ltr'><strong>indigestum</strong></span> <span class='ocrx_word' id='word_1_509' title='bbox 1232 3638 1334 3678; x_wconf 91' lang='lat' dir='ltr'><strong>nec</strong></span> <span class='ocrx_word' id='word_1_510' title='bbox 1364 3623 1594 3702; x_wconf 83' lang='lat' dir='ltr'><strong>ratione</strong></span> <span class='ocrx_word' id='word_1_511' title='bbox 1622 3625 1939 3678; x_wconf 86' lang='lat' dir='ltr'><strong>conclusum</strong></span> <span class='ocrx_word' id='word_1_512' title='bbox 1972 3625 2118 3677; x_wconf 84' lang='lat' dir='ltr'><strong>velut</strong></span> 
     </span>
    </p>
   </div>
   <div class='ocr_carea' id='block_1_68' title="bbox 543 3716 2116 3787">
    <p class='ocr_par' dir='ltr' id='par_1_68' title="bbox 543 3716 2116 3787">
     <span class='ocr_line' id='line_1_68' title="bbox 543 3716 2116 3787; baseline -0.003 -12"><span class='ocrx_word' id='word_1_513' title='bbox 543 3717 832 3787; x_wconf 87' lang='lat' dir='ltr'><strong>quemdam</strong></span> <span class='ocrx_word' id='word_1_514' title='bbox 856 3725 1053 3771; x_wconf 90' lang='lat' dir='ltr'><strong>tetrum</strong></span> <span class='ocrx_word' id='word_1_515' title='bbox 1072 3716 1283 3780; x_wconf 83' lang='lat' dir='ltr'><strong>ﬂatum,</strong></span> <span class='ocrx_word' id='word_1_516' title='bbox 1310 3716 1701 3785; x_wconf 86' lang='lat' dir='ltr'><strong>blasphemiam</strong></span> <span class='ocrx_word' id='word_1_517' title='bbox 1723 3725 1949 3771; x_wconf 77' lang='lat' dir='ltr'><strong>eructat.</strong></span> <span class='ocrx_word' id='word_1_518' title='bbox 1975 3716 2116 3781; x_wconf 88' lang='lat' dir='ltr'><strong>Non,</strong></span> 
     </span>
    </p>
   </div>
   <div class='ocr_carea' id='block_1_69' title="bbox 546 3808 2121 3879">
    <p class='ocr_par' dir='ltr' id='par_1_69' title="bbox 546 3808 2121 3879">
     <span class='ocr_line' id='line_1_69' title="bbox 546 3808 2121 3879; baseline -0.002 -15"><span class='ocrx_word' id='word_1_519' title='bbox 546 3809 740 3876; x_wconf 83' lang='lat' dir='ltr'><strong>inquit,</strong></span> <span class='ocrx_word' id='word_1_520' title='bbox 772 3809 934 3863; x_wconf 90' lang='lat' dir='ltr'><strong>talem</strong></span> <span class='ocrx_word' id='word_1_521' title='bbox 968 3808 1288 3879; x_wconf 86' lang='lat' dir='ltr'><strong>dignitatem</strong></span> <span class='ocrx_word' id='word_1_522' title='bbox 1336 3809 1437 3861; x_wconf 90' lang='lat' dir='ltr'><strong>sibi</strong></span> <span class='ocrx_word' id='word_1_523' title='bbox 1485 3808 2121 3861; x_wconf 79' lang='lat' dir='ltr'><strong>attribuitzconcedatur</strong></span> 
     </span>
    </p>
   </div>
   <div class='ocr_carea' id='block_1_70' title="bbox 546 3898 2119 3972">
    <p class='ocr_par' dir='ltr' id='par_1_70' title="bbox 546 3898 2119 3972">
     <span class='ocr_line' id='line_1_70' title="bbox 546 3898 2119 3972; baseline -0.003 -17"><span class='ocrx_word' id='word_1_524' title='bbox 546 3902 673 3972; x_wconf 88' lang='lat' dir='ltr'><strong>ipsi,</strong></span> <span class='ocrx_word' id='word_1_525' title='bbox 720 3916 819 3956; x_wconf 86' lang='lat' dir='ltr'><strong>ens</strong></span> <span class='ocrx_word' id='word_1_526' title='bbox 869 3899 1191 3967; x_wconf 85' lang='lat' dir='ltr'><strong>dignitatem</strong></span> <span class='ocrx_word' id='word_1_527' title='bbox 1240 3900 1532 3953; x_wconf 87' lang='lat' dir='ltr'><strong>nominari.</strong></span> <span class='ocrx_word' id='word_1_528' title='bbox 1578 3898 1718 3961; x_wconf 88' lang='lat' dir='ltr'><strong>Quid</strong></span> <span class='ocrx_word' id='word_1_529' title='bbox 1770 3899 1973 3968; x_wconf 84' lang='lat' dir='ltr'><strong>igitur?</strong></span> <span class='ocrx_word' id='word_1_530' title='bbox 2026 3900 2119 3968; x_wconf 90' lang='lat' dir='ltr'><strong>qui</strong></span> 
     </span>
    </p>
   </div>
   <div class='ocr_carea' id='block_1_71' title="bbox 546 3989 2119 4061">
    <p class='ocr_par' dir='ltr' id='par_1_71' title="bbox 546 3989 2119 4061">
     <span class='ocr_line' id='line_1_71' title="bbox 546 3989 2119 4061; baseline -0.004 -13"><span class='ocrx_word' id='word_1_531' title='bbox 546 4004 649 4057; x_wconf 84' lang='lat' dir='ltr'><strong>est,</strong></span> <span class='ocrx_word' id='word_1_532' title='bbox 681 4009 804 4049; x_wconf 89' lang='lat' dir='ltr'><strong>esse</strong></span> <span class='ocrx_word' id='word_1_533' title='bbox 838 4008 946 4047; x_wconf 86' lang='lat' dir='ltr'><strong>non</strong></span> <span class='ocrx_word' id='word_1_534' title='bbox 976 3992 1079 4047; x_wconf 89' lang='lat' dir='ltr'><strong>sibi</strong></span> <span class='ocrx_word' id='word_1_535' title='bbox 1109 3992 1385 4061; x_wconf 87' lang='lat' dir='ltr'><strong>proprium</strong></span> <span class='ocrx_word' id='word_1_536' title='bbox 1417 3990 1891 4059; x_wconf 80' lang='lat' dir='ltr'><strong>facit?Quoniam,</strong></span> <span class='ocrx_word' id='word_1_537' title='bbox 1919 3989 2119 4059; x_wconf 89' lang='lat' dir='ltr'><strong>inquit,</strong></span> 
     </span>
    </p>
   </div>
   <div class='ocr_carea' id='block_1_72' title="bbox 549 4080 2123 4154">
    <p class='ocr_par' dir='ltr' id='par_1_72' title="bbox 549 4080 2123 4154">
     <span class='ocr_line' id='line_1_72' title="bbox 549 4080 2123 4154; baseline -0.003 -16"><span class='ocrx_word' id='word_1_538' title='bbox 549 4100 644 4154; x_wconf 87' lang='lat' dir='ltr'><strong>per</strong></span> <span class='ocrx_word' id='word_1_539' title='bbox 682 4083 895 4139; x_wconf 88' lang='lat' dir='ltr'><strong>Patrem</strong></span> <span class='ocrx_word' id='word_1_540' title='bbox 956 4093 1061 4139; x_wconf 86' lang='lat' dir='ltr'><strong>est.</strong></span> <span class='ocrx_word' id='word_1_541' title='bbox 1118 4082 1256 4153; x_wconf 69' lang='lat' dir='ltr'><strong>Ergo</strong></span> <span class='ocrx_word' id='word_1_542' title='bbox 1325 4097 1434 4135; x_wconf 87' lang='lat' dir='ltr'><strong>non</strong></span> <span class='ocrx_word' id='word_1_543' title='bbox 1480 4097 1602 4135; x_wconf 88' lang='lat' dir='ltr'><strong>esse</strong></span> <span class='ocrx_word' id='word_1_544' title='bbox 1635 4081 1773 4135; x_wconf 90' lang='lat' dir='ltr'><strong>dicis</strong></span> <span class='ocrx_word' id='word_1_545' title='bbox 1834 4097 1980 4143; x_wconf 89' lang='lat' dir='ltr'><strong>cum,</strong></span> <span class='ocrx_word' id='word_1_546' title='bbox 2029 4080 2123 4150; x_wconf 89' lang='lat' dir='ltr'><strong>qui</strong></span> 
     </span>
    </p>
   </div>
   <div class='ocr_carea' id='block_1_73' title="bbox 547 4174 2122 4243">
    <p class='ocr_par' dir='ltr' id='par_1_73' title="bbox 547 4174 2122 4243">
     <span class='ocr_line' id='line_1_73' title="bbox 547 4174 2122 4243; baseline -0.003 -12"><span class='ocrx_word' id='word_1_547' title='bbox 547 4192 671 4233; x_wconf 87' lang='lat' dir='ltr'><strong>esse</strong></span> <span class='ocrx_word' id='word_1_548' title='bbox 705 4176 808 4231; x_wconf 90' lang='lat' dir='ltr'><strong>sibi</strong></span> <span class='ocrx_word' id='word_1_549' title='bbox 850 4191 957 4230; x_wconf 90' lang='lat' dir='ltr'><strong>non</strong></span> <span class='ocrx_word' id='word_1_550' title='bbox 997 4176 1281 4229; x_wconf 80' lang='lat' dir='ltr'><strong>vindicat?</strong></span> <span class='ocrx_word' id='word_1_551' title='bbox 1332 4174 1465 4228; x_wconf 87' lang='lat' dir='ltr'><strong>Nam</strong></span> <span class='ocrx_word' id='word_1_552' title='bbox 1505 4191 1612 4228; x_wconf 90' lang='lat' dir='ltr'><strong>non</strong></span> <span class='ocrx_word' id='word_1_553' title='bbox 1658 4189 1778 4228; x_wconf 90' lang='lat' dir='ltr'><strong>esse</strong></span> <span class='ocrx_word' id='word_1_554' title='bbox 1818 4174 2122 4243; x_wconf 88' lang='lat' dir='ltr'><strong>proprium,</strong></span> 
     </span>
    </p>
   </div>
   <div class='ocr_carea' id='block_1_74' title="bbox 548 4263 2125 4335">
    <p class='ocr_par' dir='ltr' id='par_1_74' title="bbox 548 4263 2125 4335">
     <span class='ocr_line' id='line_1_74' title="bbox 548 4263 2125 4335; baseline -0.004 -12"><span class='ocrx_word' id='word_1_555' title='bbox 548 4276 604 4323; x_wconf 82' lang='lat' dir='ltr'><strong>et</strong></span> <span class='ocrx_word' id='word_1_556' title='bbox 641 4269 876 4322; x_wconf 89' lang='lat' dir='ltr'><strong>alienum</strong></span> <span class='ocrx_word' id='word_1_557' title='bbox 910 4283 1035 4322; x_wconf 91' lang='lat' dir='ltr'><strong>esse</strong></span> <span class='ocrx_word' id='word_1_558' title='bbox 1085 4268 1226 4320; x_wconf 91' lang='lat' dir='ltr'><strong>idem</strong></span> <span class='ocrx_word' id='word_1_559' title='bbox 1273 4266 1544 4335; x_wconf 79' lang='lat' dir='ltr'><strong>signiﬁcat</strong></span> <span class='ocrx_word' id='word_1_560' title='bbox 1585 4285 1597 4318; x_wconf 92' lang='lat'>:</span> <span class='ocrx_word' id='word_1_561' title='bbox 1630 4276 1684 4319; x_wconf 94' lang='lat' dir='ltr'><strong>et</strong></span> <span class='ocrx_word' id='word_1_562' title='bbox 1717 4263 2006 4319; x_wconf 77' lang='lat' dir='ltr'><strong>manifesta</strong></span> <span class='ocrx_word' id='word_1_563' title='bbox 2047 4266 2125 4318; x_wconf 86' lang='lat' dir='ltr'><strong>si-</strong></span> 
     </span>
    </p>
   </div>
   <div class='ocr_carea' id='block_1_75' title="bbox 549 4358 2129 4431">
    <p class='ocr_par' dir='ltr' id='par_1_75' title="bbox 549 4358 2129 4431">
     <span class='ocr_line' id='line_1_75' title="bbox 549 4358 2129 4431; baseline -0.004 -15"><span class='ocrx_word' id='word_1_564' title='bbox 549 4363 933 4431; x_wconf 81' lang='lat' dir='ltr'><strong>gniticatorum</strong></span> <span class='ocrx_word' id='word_1_565' title='bbox 959 4361 1237 4413; x_wconf 70' lang='lat' dir='ltr'><strong>contrarian</strong></span> <span class='ocrx_word' id='word_1_566' title='bbox 1265 4358 1595 4413; x_wconf 70' lang='lat' dir='ltr'><strong>differentia.</strong></span> <span class='ocrx_word' id='word_1_567' title='bbox 1639 4358 1793 4423; x_wconf 91' lang='lat' dir='ltr'><strong>Quod</strong></span> <span class='ocrx_word' id='word_1_568' title='bbox 1828 4358 1973 4412; x_wconf 88' lang='lat' dir='ltr'><strong>enim</strong></span> <span class='ocrx_word' id='word_1_569' title='bbox 2012 4373 2129 4426; x_wconf 88' lang='lat' dir='ltr'><strong>pro-</strong></span> 
     </span>
    </p>
   </div>
   <div class='ocr_carea' id='block_1_76' title="bbox 553 4450 2125 4523">
    <p class='ocr_par' dir='ltr' id='par_1_76' title="bbox 553 4450 2125 4523">
     <span class='ocr_line' id='line_1_76' title="bbox 553 4450 2125 4523; baseline -0.002 -17"><span class='ocrx_word' id='word_1_570' title='bbox 553 4454 731 4523; x_wconf 88' lang='lat' dir='ltr'><strong>prium</strong></span> <span class='ocrx_word' id='word_1_571' title='bbox 774 4467 881 4506; x_wconf 90' lang='lat' dir='ltr'><strong>non</strong></span> <span class='ocrx_word' id='word_1_572' title='bbox 926 4460 1033 4516; x_wconf 83' lang='lat' dir='ltr'><strong>cst,</strong></span> <span class='ocrx_word' id='word_1_573' title='bbox 1075 4451 1352 4516; x_wconf 88' lang='lat' dir='ltr'><strong>alienum;</strong></span> <span class='ocrx_word' id='word_1_574' title='bbox 1401 4461 1455 4504; x_wconf 88' lang='lat' dir='ltr'><strong>et</strong></span> <span class='ocrx_word' id='word_1_575' title='bbox 1504 4450 1648 4519; x_wconf 90' lang='lat' dir='ltr'><strong>quod</strong></span> <span class='ocrx_word' id='word_1_576' title='bbox 1704 4450 1963 4511; x_wconf 90' lang='lat' dir='ltr'><strong>alienum,</strong></span> <span class='ocrx_word' id='word_1_577' title='bbox 2019 4464 2125 4503; x_wconf 91' lang='lat' dir='ltr'><strong>non</strong></span> 
     </span>
    </p>
   </div>
   <div class='ocr_carea' id='block_1_77' title="bbox 2217 3325 3761 3406">
    <p class='ocr_par' dir='ltr' id='par_1_77' title="bbox 2217 3325 3761 3406">
     <span class='ocr_line' id='line_1_77' title="bbox 2217 3325 3761 3406; baseline -0.009 -17"><span class='ocrx_word' id='word_1_578' title='bbox 2217 3335 2553 3406; x_wconf 84' lang='grc' dir='ltr'>στήσασθαι,</span> <span class='ocrx_word' id='word_1_579' title='bbox 2620 3333 2742 3386; x_wconf 71' lang='grc' dir='ltr'>οὔτε</span> <span class='ocrx_word' id='word_1_580' title='bbox 2786 3332 2874 3386; x_wconf 85' lang='grc' dir='ltr'><strong>διά</strong></span> <span class='ocrx_word' id='word_1_581' title='bbox 2924 3349 3065 3394; x_wconf 83' lang='grc' dir='ltr'>τινος</span> <span class='ocrx_word' id='word_1_582' title='bbox 3120 3329 3441 3391; x_wconf 83' lang='grc' dir='ltr'>ἀκολουθίας</span> <span class='ocrx_word' id='word_1_583' title='bbox 3504 3328 3631 3399; x_wconf 75' lang='grc' dir='ltr'>πρὸς</span> <span class='ocrx_word' id='word_1_584' title='bbox 3679 3325 3761 3396; x_wconf 76' lang='grc' dir='ltr'>τὴν</span> 
     </span>
    </p>
   </div>
   <div class='ocr_carea' id='block_1_78' title="bbox 2216 3418 3763 3496">
    <p class='ocr_par' dir='ltr' id='par_1_78' title="bbox 2216 3418 3763 3496">
     <span class='ocr_line' id='line_1_78' title="bbox 2216 3418 3763 3496; baseline -0.009 -14"><span class='ocrx_word' id='word_1_585' title='bbox 2216 3429 2399 3483; x_wconf 82' lang='grc' dir='ltr'>ἄνοιαν</span> <span class='ocrx_word' id='word_1_586' title='bbox 2420 3426 2625 3495; x_wconf 87' lang='grc' dir='ltr'>ταύτην</span> <span class='ocrx_word' id='word_1_587' title='bbox 2654 3423 3015 3496; x_wconf 85' lang='grc' dir='ltr'>προσαγαγὼν</span> <span class='ocrx_word' id='word_1_588' title='bbox 3056 3423 3146 3475; x_wconf 82' lang='grc' dir='ltr'><strong>τὸν</strong></span> <span class='ocrx_word' id='word_1_589' title='bbox 3190 3421 3346 3490; x_wconf 88' lang='grc' dir='ltr'>λόγον</span> <span class='ocrx_word' id='word_1_590' title='bbox 3367 3437 3378 3448; x_wconf 94' lang='grc'><strong>·</strong></span> <span class='ocrx_word' id='word_1_591' title='bbox 3415 3421 3530 3473; x_wconf 87' lang='grc' dir='ltr'>ἀλλ’</span> <span class='ocrx_word' id='word_1_592' title='bbox 3563 3418 3633 3481; x_wconf 83' lang='grc' dir='ltr'>ὦς</span> <span class='ocrx_word' id='word_1_593' title='bbox 3662 3434 3763 3469; x_wconf 87' lang='grc' dir='ltr'>τινα</span> 
     </span>
    </p>
   </div>
   <div class='ocr_carea' id='block_1_79' title="bbox 2219 3509 3764 3588">
    <p class='ocr_par' dir='ltr' id='par_1_79' title="bbox 2219 3509 3764 3588">
     <span class='ocr_line' id='line_1_79' title="bbox 2219 3509 3764 3588; baseline -0.006 -18"><span class='ocrx_word' id='word_1_594' title='bbox 2219 3517 2440 3588; x_wconf 80' lang='grc' dir='ltr'>φυσώδη</span> <span class='ocrx_word' id='word_1_595' title='bbox 2471 3516 2677 3588; x_wconf 75' lang='grc' dir='ltr'>τροφὴν</span> <span class='ocrx_word' id='word_1_596' title='bbox 2708 3519 2816 3578; x_wconf 88' lang='grc' dir='ltr'>τοῖς</span> <span class='ocrx_word' id='word_1_597' title='bbox 2865 3514 3189 3584; x_wconf 82' lang='grc' dir='ltr'>σπλάγχνοις</span> <span class='ocrx_word' id='word_1_598' title='bbox 3228 3513 3537 3581; x_wconf 68' lang='grc' dir='ltr'>ἐνθέμενος,</span> <span class='ocrx_word' id='word_1_599' title='bbox 3586 3509 3764 3562; x_wconf 71' lang='grc' dir='ltr'>ἀκατα-</span> 
     </span>
    </p>
   </div>
   <div class='ocr_carea' id='block_1_80' title="bbox 2220 3599 3762 3673">
    <p class='ocr_par' dir='ltr' id='par_1_80' title="bbox 2220 3599 3762 3673">
     <span class='ocr_line' id='line_1_80' title="bbox 2220 3599 3762 3673; baseline -0.008 -10"><span class='ocrx_word' id='word_1_600' title='bbox 2220 3610 2412 3664; x_wconf 89' lang='grc' dir='ltr'>σκευόν</span> <span class='ocrx_word' id='word_1_601' title='bbox 2438 3626 2496 3661; x_wconf 90' lang='grc' dir='ltr'><strong>τε</strong></span> <span class='ocrx_word' id='word_1_602' title='bbox 2522 3610 2616 3662; x_wconf 75' lang='grc' dir='ltr'><strong>καὶ</strong></span> <span class='ocrx_word' id='word_1_603' title='bbox 2646 3606 3051 3673; x_wconf 86' lang='grc' dir='ltr'>ἀσυλλόγιστον,</span> <span class='ocrx_word' id='word_1_604' title='bbox 3082 3600 3190 3658; x_wconf 74' lang='grc' dir='ltr'>οἷόν</span> <span class='ocrx_word' id='word_1_605' title='bbox 3211 3621 3264 3656; x_wconf 83' lang='grc' dir='ltr'><strong>τι</strong></span> <span class='ocrx_word' id='word_1_606' title='bbox 3292 3603 3509 3673; x_wconf 84' lang='grc' dir='ltr'>πνεῦμα</span> <span class='ocrx_word' id='word_1_607' title='bbox 3534 3599 3762 3660; x_wconf 83' lang='grc' dir='ltr'>δυσῶδες,</span> 
     </span>
    </p>
   </div>
   <div class='ocr_carea' id='block_1_81' title="bbox 2218 3692 3765 3775">
    <p class='ocr_par' dir='ltr' id='par_1_81' title="bbox 2218 3692 3765 3775">
     <span class='ocr_line' id='line_1_81' title="bbox 2218 3692 3765 3775; baseline -0.008 -19"><span class='ocrx_word' id='word_1_608' title='bbox 2218 3703 2316 3775; x_wconf 81' lang='grc' dir='ltr'><strong>τὴν</strong></span> <span class='ocrx_word' id='word_1_609' title='bbox 2360 3701 2707 3773; x_wconf 77' lang='grc' dir='ltr'>βλασφημίαν</span> <span class='ocrx_word' id='word_1_610' title='bbox 2754 3699 3058 3770; x_wconf 82' lang='grc' dir='ltr'>ἐρεύγεται.</span> <span class='ocrx_word' id='word_1_611' title='bbox 3126 3700 3240 3750; x_wconf 78' lang='grc' dir='ltr'>Οὐκ</span> <span class='ocrx_word' id='word_1_612' title='bbox 3275 3694 3588 3759; x_wconf 71' lang='grc' dir='ltr'>οἰκειοῦται,</span> <span class='ocrx_word' id='word_1_613' title='bbox 3632 3692 3765 3761; x_wconf 80' lang='grc' dir='ltr'>φησὶ,</span> 
     </span>
    </p>
   </div>
   <div class='ocr_carea' id='block_1_82' title="bbox 2218 3781 3766 3864">
    <p class='ocr_par' dir='ltr' id='par_1_82' title="bbox 2218 3781 3766 3864">
     <span class='ocr_line' id='line_1_82' title="bbox 2218 3781 3766 3864; baseline -0.01 -15"><span class='ocrx_word' id='word_1_614' title='bbox 2218 3794 2421 3864; x_wconf 84' lang='grc' dir='ltr'>ταύτην</span> <span class='ocrx_word' id='word_1_615' title='bbox 2448 3793 2546 3863; x_wconf 84' lang='grc' dir='ltr'>τὴν</span> <span class='ocrx_word' id='word_1_616' title='bbox 2578 3792 2761 3857; x_wconf 80' lang='grc' dir='ltr'>ἀξίαν·</span> <span class='ocrx_word' id='word_1_617' title='bbox 2783 3790 3011 3844; x_wconf 81' lang='grc' dir='ltr'>δεδόσθω</span> <span class='ocrx_word' id='word_1_618' title='bbox 3044 3790 3105 3843; x_wconf 84' lang='grc' dir='ltr'><strong>τὸ</strong></span> <span class='ocrx_word' id='word_1_619' title='bbox 3128 3788 3187 3841; x_wconf 82' lang='grc' dir='ltr'>ὃν</span> <span class='ocrx_word' id='word_1_620' title='bbox 3228 3788 3383 3851; x_wconf 87' lang='grc' dir='ltr'>ἀξίαν</span> <span class='ocrx_word' id='word_1_621' title='bbox 3424 3781 3766 3854; x_wconf 79' lang='grc' dir='ltr'>κατονομάζε-</span> 
     </span>
    </p>
   </div>
   <div class='ocr_carea' id='block_1_83' title="bbox 2224 3874 3765 3950">
    <p class='ocr_par' dir='ltr' id='par_1_83' title="bbox 2224 3874 3765 3950">
     <span class='ocr_line' id='line_1_83' title="bbox 2224 3874 3765 3950; baseline -0.01 -10"><span class='ocrx_word' id='word_1_622' title='bbox 2224 3886 2365 3940; x_wconf 90' lang='grc' dir='ltr'>σθαι.</span> <span class='ocrx_word' id='word_1_623' title='bbox 2401 3886 2466 3939; x_wconf 90' lang='grc' dir='ltr'>Τί</span> <span class='ocrx_word' id='word_1_624' title='bbox 2496 3882 2625 3950; x_wconf 74' lang='grc' dir='ltr'>οὗνς</span> <span class='ocrx_word' id='word_1_625' title='bbox 2688 3884 2747 3936; x_wconf 76' lang='grc' dir='ltr'><strong>Ὀ</strong></span> <span class='ocrx_word' id='word_1_626' title='bbox 2788 3882 2862 3935; x_wconf 81' lang='grc' dir='ltr'>ὢν</span> <span class='ocrx_word' id='word_1_627' title='bbox 2892 3884 2990 3935; x_wconf 79' lang='grc' dir='ltr'><strong>οὐκ</strong></span> <span class='ocrx_word' id='word_1_628' title='bbox 3040 3880 3332 3934; x_wconf 75' lang='grc' dir='ltr'>οἰκειοῦται</span> <span class='ocrx_word' id='word_1_629' title='bbox 3361 3880 3421 3930; x_wconf 85' lang='grc' dir='ltr'><strong>τὸ</strong></span> <span class='ocrx_word' id='word_1_630' title='bbox 3455 3874 3592 3931; x_wconf 79' lang='grc' dir='ltr'>εἶναι</span> <span class='ocrx_word' id='word_1_631' title='bbox 3614 3874 3765 3938; x_wconf 85' lang='grc' dir='ltr'>;”Οτι,</span> 
     </span>
    </p>
   </div>
   <div class='ocr_carea' id='block_1_84' title="bbox 2224 3965 3768 4049">
    <p class='ocr_par' dir='ltr' id='par_1_84' title="bbox 2224 3965 3768 4049">
     <span class='ocr_line' id='line_1_84' title="bbox 2224 3965 3768 4049; baseline -0.012 -16"><span class='ocrx_word' id='word_1_632' title='bbox 2224 3980 2380 4049; x_wconf 73' lang='grc' dir='ltr'>φησὶ,</span> <span class='ocrx_word' id='word_1_633' title='bbox 2414 3978 2502 4032; x_wconf 74' lang='grc' dir='ltr'><strong>διὰ</strong></span> <span class='ocrx_word' id='word_1_634' title='bbox 2524 3979 2615 4031; x_wconf 89' lang='grc' dir='ltr'><strong>τὸν</strong></span> <span class='ocrx_word' id='word_1_635' title='bbox 2643 3974 2859 4045; x_wconf 82' lang='grc' dir='ltr'>Πατέρα</span> <span class='ocrx_word' id='word_1_636' title='bbox 2894 3972 3056 4026; x_wconf 78' lang='grc' dir='ltr'>ἐστίν.</span> <span class='ocrx_word' id='word_1_637' title='bbox 3112 3970 3317 4024; x_wconf 84' lang='grc' dir='ltr'>Οὐκοῦν</span> <span class='ocrx_word' id='word_1_638' title='bbox 3349 3969 3423 4041; x_wconf 82' lang='grc' dir='ltr'>μὴ</span> <span class='ocrx_word' id='word_1_639' title='bbox 3447 3965 3581 4022; x_wconf 75' lang='grc' dir='ltr'>εἶναι</span> <span class='ocrx_word' id='word_1_640' title='bbox 3613 3966 3768 4032; x_wconf 85' lang='grc' dir='ltr'>λέγεις</span> 
     </span>
    </p>
   </div>
   <div class='ocr_carea' id='block_1_85' title="bbox 2224 4052 3768 4138">
    <p class='ocr_par' dir='ltr' id='par_1_85' title="bbox 2224 4052 3768 4138">
     <span class='ocr_line' id='line_1_85' title="bbox 2224 4052 3768 4138; baseline -0.012 -14"><span class='ocrx_word' id='word_1_641' title='bbox 2224 4071 2313 4123; x_wconf 70' lang='grc' dir='ltr'>τὸν</span> <span class='ocrx_word' id='word_1_642' title='bbox 2362 4065 2497 4122; x_wconf 79' lang='grc' dir='ltr'>εἶναι</span> <span class='ocrx_word' id='word_1_643' title='bbox 2545 4066 2619 4138; x_wconf 82' lang='grc' dir='ltr'>μὴ</span> <span class='ocrx_word' id='word_1_644' title='bbox 2651 4063 3059 4133; x_wconf 84' lang='grc' dir='ltr'>οἰκειούμενον;</span> <span class='ocrx_word' id='word_1_645' title='bbox 3104 4061 3177 4113; x_wconf 85' lang='grc' dir='ltr'><strong>Τὸ</strong></span> <span class='ocrx_word' id='word_1_646' title='bbox 3206 4060 3312 4131; x_wconf 80' lang='grc' dir='ltr'><strong>γὰρ</strong></span> <span class='ocrx_word' id='word_1_647' title='bbox 3362 4058 3437 4129; x_wconf 86' lang='grc' dir='ltr'>μὴ</span> <span class='ocrx_word' id='word_1_648' title='bbox 3467 4052 3768 4110; x_wconf 76' lang='grc' dir='ltr'>οἰκειοῦσθαι</span> 
     </span>
    </p>
   </div>
   <div class='ocr_carea' id='block_1_86' title="bbox 2227 4145 3768 4234">
    <p class='ocr_par' dir='ltr' id='par_1_86' title="bbox 2227 4145 3768 4234">
     <span class='ocr_line' id='line_1_86' title="bbox 2227 4145 3768 4234; baseline -0.012 -18"><span class='ocrx_word' id='word_1_649' title='bbox 2227 4164 2304 4234; x_wconf 80' lang='grc' dir='ltr'>τῷ</span> <span class='ocrx_word' id='word_1_650' title='bbox 2337 4159 2741 4231; x_wconf 86' lang='grc' dir='ltr'>ἀλλοτριοῦσθαι</span> <span class='ocrx_word' id='word_1_651' title='bbox 2792 4156 2954 4209; x_wconf 79' lang='grc' dir='ltr'><strong>ταὺτὸ</strong></span> <span class='ocrx_word' id='word_1_652' title='bbox 2994 4153 3282 4223; x_wconf 81' lang='grc' dir='ltr'>σημαίνει,</span> <span class='ocrx_word' id='word_1_653' title='bbox 3331 4152 3423 4202; x_wconf 78' lang='grc' dir='ltr'>καὶ</span> <span class='ocrx_word' id='word_1_654' title='bbox 3470 4145 3768 4220; x_wconf 84' lang='grc' dir='ltr'>πρόδηλοςή</span> 
     </span>
    </p>
   </div>
   <div class='ocr_carea' id='block_1_87' title="bbox 2226 4240 3771 4325">
    <p class='ocr_par' dir='ltr' id='par_1_87' title="bbox 2226 4240 3771 4325">
     <span class='ocr_line' id='line_1_87' title="bbox 2226 4240 3771 4325; baseline -0.014 -17"><span class='ocrx_word' id='word_1_655' title='bbox 2226 4256 2334 4308; x_wconf 84' lang='grc' dir='ltr'>τῶν</span> <span class='ocrx_word' id='word_1_656' title='bbox 2366 4252 2774 4325; x_wconf 79' lang='grc' dir='ltr'>σημαινομένων</span> <span class='ocrx_word' id='word_1_657' title='bbox 2808 4246 3210 4316; x_wconf 87' lang='grc' dir='ltr'>ἀντιδιαίρεσις.</span> <span class='ocrx_word' id='word_1_658' title='bbox 3271 4241 3343 4296; x_wconf 87' lang='lat' dir='ltr'><strong>To&#39;</strong></span> <span class='ocrx_word' id='word_1_659' title='bbox 3371 4259 3428 4293; x_wconf 88' lang='grc' dir='ltr'><strong>τε</strong></span> <span class='ocrx_word' id='word_1_660' title='bbox 3462 4241 3570 4311; x_wconf 81' lang='grc' dir='ltr'>γὰρ</span> <span class='ocrx_word' id='word_1_661' title='bbox 3601 4240 3771 4291; x_wconf 82' lang='grc' dir='ltr'>οἰκεῖον</span> 
     </span>
    </p>
   </div>
   <div class='ocr_carea' id='block_1_88' title="bbox 2229 4322 3772 4415">
    <p class='ocr_par' dir='ltr' id='par_1_88' title="bbox 2229 4322 3772 4415">
     <span class='ocr_line' id='line_1_88' title="bbox 2229 4322 3772 4415; baseline -0.014 -14"><span class='ocrx_word' id='word_1_662' title='bbox 2229 4350 2329 4401; x_wconf 78' lang='grc' dir='ltr'><strong>οὐκ</strong></span> <span class='ocrx_word' id='word_1_663' title='bbox 2356 4322 2655 4415; x_wconf 85' lang='grc' dir='ltr'>ἀλλότριον,</span> <span class='ocrx_word' id='word_1_664' title='bbox 2709 4344 2803 4396; x_wconf 74' lang='grc' dir='ltr'><strong>καὶ</strong></span> <span class='ocrx_word' id='word_1_665' title='bbox 2839 4341 2898 4394; x_wconf 80' lang='grc' dir='ltr'><strong>τὸ</strong></span> <span class='ocrx_word' id='word_1_666' title='bbox 2925 4339 3201 4409; x_wconf 88' lang='grc' dir='ltr'>ἀλλότριον</span> <span class='ocrx_word' id='word_1_667' title='bbox 3228 4336 3327 4389; x_wconf 72' lang='grc' dir='ltr'><strong>οὐκ</strong></span> <span class='ocrx_word' id='word_1_668' title='bbox 3358 4337 3577 4387; x_wconf 80' lang='grc' dir='ltr'>οἰκεῖον.</span> <span class='ocrx_word' id='word_1_669' title='bbox 3617 4331 3671 4383; x_wconf 80' lang='lat'><strong>&#39;0</strong></span> <span class='ocrx_word' id='word_1_670' title='bbox 3694 4322 3772 4381; x_wconf 80' lang='grc' dir='ltr'><strong>οὖν</strong></span> 
     </span>
    </p>
   </div>
   <div class='ocr_carea' id='block_1_89' title="bbox 2234 4418 3772 4512">
    <p class='ocr_par' dir='ltr' id='par_1_89' title="bbox 2234 4418 3772 4512">
     <span class='ocr_line' id='line_1_89' title="bbox 2234 4418 3772 4512; baseline -0.016 -18"><span class='ocrx_word' id='word_1_671' title='bbox 2234 4443 2308 4512; x_wconf 83' lang='grc' dir='ltr'>μὴ</span> <span class='ocrx_word' id='word_1_672' title='bbox 2343 4438 2707 4507; x_wconf 82' lang='grc' dir='ltr'>οἰκειούμενος</span> <span class='ocrx_word' id='word_1_673' title='bbox 2752 4434 2812 4487; x_wconf 82' lang='grc' dir='ltr'><strong>τὸ</strong></span> <span class='ocrx_word' id='word_1_674' title='bbox 2860 4428 2997 4486; x_wconf 78' lang='grc' dir='ltr'>εἶναι</span> <span class='ocrx_word' id='word_1_675' title='bbox 3037 4429 3388 4500; x_wconf 72' lang='grc' dir='ltr'>ἠλλοτρίωται</span> <span class='ocrx_word' id='word_1_676' title='bbox 3437 4426 3648 4486; x_wconf 79' lang='grc' dir='ltr'>πάντως</span> <span class='ocrx_word' id='word_1_677' title='bbox 3694 4418 3772 4472; x_wconf 75' lang='grc' dir='ltr'><strong>τοῦ</strong></span> 
     </span>
    </p>
   </div>
   <div class='ocr_carea' id='block_1_90' title="bbox 551 4512 2106 4614">
    <p class='ocr_par' dir='ltr' id='par_1_90' title="bbox 551 4512 2106 4614">
     <span class='ocr_line' id='line_1_90' title="bbox 551 4512 2106 4614; baseline -0.003 -16"><span class='ocrx_word' id='word_1_678' title='bbox 551 4512 635 4598; x_wconf 72' lang='lat' dir='ltr'><strong>est</strong></span> <span class='ocrx_word' id='word_1_679' title='bbox 681 4545 959 4614; x_wconf 88' lang='lat' dir='ltr'><strong>proprium</strong></span> <span class='ocrx_word' id='word_1_680' title='bbox 995 4562 1007 4598; x_wconf 93' lang='lat'>:</span> <span class='ocrx_word' id='word_1_681' title='bbox 1039 4544 1131 4613; x_wconf 90' lang='lat' dir='ltr'><strong>qui</strong></span> <span class='ocrx_word' id='word_1_682' title='bbox 1178 4544 1342 4612; x_wconf 83' lang='lat' dir='ltr'><strong>igitur</strong></span> <span class='ocrx_word' id='word_1_683' title='bbox 1387 4558 1496 4596; x_wconf 90' lang='lat' dir='ltr'><strong>non</strong></span> <span class='ocrx_word' id='word_1_684' title='bbox 1540 4542 1641 4597; x_wconf 90' lang='lat' dir='ltr'><strong>sibi</strong></span> <span class='ocrx_word' id='word_1_685' title='bbox 1678 4542 1960 4612; x_wconf 91' lang='lat' dir='ltr'><strong>proprium</strong></span> <span class='ocrx_word' id='word_1_686' title='bbox 2005 4557 2106 4596; x_wconf 72' lang='grc' dir='ltr'>εδει</span> 
     </span>
    </p>
   </div>
   <div class='ocr_carea' id='block_1_91' title="bbox 2212 4512 3773 4614">
    <p class='ocr_par' dir='ltr' id='par_1_91' title="bbox 2231 4512 3773 4595">
     <span class='ocr_line' id='line_1_91' title="bbox 2231 4512 3773 4595; baseline -0.018 -7"><span class='ocrx_word' id='word_1_687' title='bbox 2231 4530 2391 4589; x_wconf 83' lang='grc' dir='ltr'>εἶναι.</span> <span class='ocrx_word' id='word_1_688' title='bbox 2454 4531 2513 4585; x_wconf 82' lang='grc' dir='ltr'>Ὀ</span> <span class='ocrx_word' id='word_1_689' title='bbox 2542 4530 2598 4582; x_wconf 84' lang='grc' dir='ltr'>δὲ</span> <span class='ocrx_word' id='word_1_690' title='bbox 2634 4527 2728 4581; x_wconf 91' lang='grc' dir='ltr'><strong>τοῦ</strong></span> <span class='ocrx_word' id='word_1_691' title='bbox 2776 4522 2913 4590; x_wconf 80' lang='grc' dir='ltr'>εἶναι</span> <span class='ocrx_word' id='word_1_692' title='bbox 2946 4524 3239 4595; x_wconf 86' lang='grc' dir='ltr'>ἀλλότριος,</span> <span class='ocrx_word' id='word_1_693' title='bbox 3293 4522 3349 4573; x_wconf 84' lang='grc' dir='ltr'><strong>ὲν</strong></span> <span class='ocrx_word' id='word_1_694' title='bbox 3396 4519 3475 4590; x_wconf 83' lang='grc' dir='ltr'><strong>τῷ</strong></span> <span class='ocrx_word' id='word_1_695' title='bbox 3520 4514 3650 4570; x_wconf 82' lang='grc' dir='ltr'>εἶναι</span> <span class='ocrx_word' id='word_1_696' title='bbox 3691 4512 3773 4563; x_wconf 76' lang='grc' dir='ltr'><strong>οὐκ</strong></span> 
     </span>
    </p>
   </div>
   <div class='ocr_carea' id='block_1_92' title="bbox 552 4634 2125 4705">
    <p class='ocr_par' dir='ltr' id='par_1_92' title="bbox 552 4634 2125 4705">
     <span class='ocr_line' id='line_1_92' title="bbox 552 4634 2125 4705; baseline -0.004 -14"><span class='ocrx_word' id='word_1_697' title='bbox 552 4636 771 4702; x_wconf 84' lang='lat' dir='ltr'><strong>asserit,</strong></span> <span class='ocrx_word' id='word_1_698' title='bbox 814 4636 1081 4691; x_wconf 88' lang='lat' dir='ltr'><strong>alienatus</strong></span> <span class='ocrx_word' id='word_1_699' title='bbox 1123 4644 1209 4689; x_wconf 86' lang='lat' dir='ltr'><strong>est</strong></span> <span class='ocrx_word' id='word_1_700' title='bbox 1257 4650 1482 4705; x_wconf 88' lang='lat' dir='ltr'><strong>prorsus</strong></span> <span class='ocrx_word' id='word_1_701' title='bbox 1519 4636 1588 4687; x_wconf 88' lang='lat' dir='ltr'><strong>ab</strong></span> <span class='ocrx_word' id='word_1_702' title='bbox 1616 4650 1681 4688; x_wconf 89' lang='lat' dir='ltr'><strong>eo</strong></span> <span class='ocrx_word' id='word_1_703' title='bbox 1725 4634 1869 4705; x_wconf 89' lang='lat' dir='ltr'><strong>quod</strong></span> <span class='ocrx_word' id='word_1_704' title='bbox 1922 4634 2125 4686; x_wconf 89' lang='lat' dir='ltr'><strong>dicitur</strong></span> 
     </span>
    </p>
   </div>
   <div class='ocr_carea' id='block_1_93' title="bbox 552 4727 2124 4797">
    <p class='ocr_par' dir='ltr' id='par_1_93' title="bbox 552 4727 2124 4797">
     <span class='ocr_line' id='line_1_93' title="bbox 552 4727 2124 4797; baseline -0.003 -13"><span class='ocrx_word' id='word_1_705' title='bbox 552 4744 692 4784; x_wconf 63' lang='lat' dir='ltr'><strong>esse.</strong></span> <span class='ocrx_word' id='word_1_706' title='bbox 748 4727 851 4794; x_wconf 90' lang='lat' dir='ltr'><strong>Qui</strong></span> <span class='ocrx_word' id='word_1_707' title='bbox 896 4735 1075 4782; x_wconf 89' lang='lat' dir='ltr'><strong>autem</strong></span> <span class='ocrx_word' id='word_1_708' title='bbox 1109 4727 1177 4779; x_wconf 91' lang='lat' dir='ltr'><strong>ab</strong></span> <span class='ocrx_word' id='word_1_709' title='bbox 1208 4742 1275 4781; x_wconf 93' lang='lat' dir='ltr'><strong>eo</strong></span> <span class='ocrx_word' id='word_1_710' title='bbox 1309 4728 1454 4797; x_wconf 88' lang='lat' dir='ltr'><strong>quod</strong></span> <span class='ocrx_word' id='word_1_711' title='bbox 1494 4737 1598 4790; x_wconf 89' lang='lat' dir='ltr'><strong>est,</strong></span> <span class='ocrx_word' id='word_1_712' title='bbox 1635 4728 1848 4782; x_wconf 89' lang='lat' dir='ltr'><strong>alienus</strong></span> <span class='ocrx_word' id='word_1_713' title='bbox 1875 4736 1979 4789; x_wconf 88' lang='lat' dir='ltr'><strong>est,</strong></span> <span class='ocrx_word' id='word_1_714' title='bbox 2015 4743 2124 4780; x_wconf 90' lang='lat' dir='ltr'><strong>non</strong></span> 
     </span>
    </p>
   </div>
   <div class='ocr_carea' id='block_1_94' title="bbox 554 4818 2125 4889">
    <p class='ocr_par' dir='ltr' id='par_1_94' title="bbox 554 4818 2125 4889">
     <span class='ocr_line' id='line_1_94' title="bbox 554 4818 2125 4889; baseline -0.003 -14"><span class='ocrx_word' id='word_1_715' title='bbox 554 4829 637 4875; x_wconf 89' lang='lat' dir='ltr'><strong>est</strong></span> <span class='ocrx_word' id='word_1_716' title='bbox 689 4838 741 4875; x_wconf 89' lang='lat' dir='ltr'><strong>tn</strong></span> <span class='ocrx_word' id='word_1_717' title='bbox 795 4836 938 4876; x_wconf 87' lang='lat' dir='ltr'><strong>esse.</strong></span> <span class='ocrx_word' id='word_1_718' title='bbox 974 4818 1080 4875; x_wconf 87' lang='lat' dir='ltr'><strong>Sed</strong></span> <span class='ocrx_word' id='word_1_719' title='bbox 1120 4820 1286 4889; x_wconf 88' lang='lat' dir='ltr'><strong>hujus</strong></span> <span class='ocrx_word' id='word_1_720' title='bbox 1343 4820 1698 4875; x_wconf 89' lang='lat' dir='ltr'><strong>absurditatis</strong></span> <span class='ocrx_word' id='word_1_721' title='bbox 1742 4820 2125 4875; x_wconf 88' lang='lat' dir='ltr'><strong>necessitatem</strong></span> 
     </span>
    </p>
   </div>
   <div class='ocr_carea' id='block_1_95' title="bbox 555 4909 2127 4980">
    <p class='ocr_par' dir='ltr' id='par_1_95' title="bbox 555 4909 2127 4980">
     <span class='ocr_line' id='line_1_95' title="bbox 555 4909 2127 4980; baseline -0.004 -12"><span class='ocrx_word' id='word_1_722' title='bbox 555 4912 787 4968; x_wconf 87' lang='lat' dir='ltr'><strong>subinde</strong></span> <span class='ocrx_word' id='word_1_723' title='bbox 828 4911 1038 4966; x_wconf 89' lang='lat' dir='ltr'><strong>addidit</strong></span> <span class='ocrx_word' id='word_1_724' title='bbox 1081 4927 1207 4965; x_wconf 90' lang='lat' dir='ltr'><strong>cum</strong></span> <span class='ocrx_word' id='word_1_725' title='bbox 1240 4911 1413 4973; x_wconf 81' lang='lat' dir='ltr'><strong>dixit,</strong></span> <span class='ocrx_word' id='word_1_726' title='bbox 1445 4909 1579 4964; x_wconf 86' lang='lat' dir='ltr'><strong>Cum</strong></span> <span class='ocrx_word' id='word_1_727' title='bbox 1612 4912 1769 4980; x_wconf 82' lang='lat' dir='ltr'><strong>hujus</strong></span> <span class='ocrx_word' id='word_1_728' title='bbox 1798 4911 2127 4965; x_wconf 66' lang='lat' dir='ltr'><strong>dominatrix</strong></span> 
     </span>
    </p>
   </div>
   <div class='ocr_carea' id='block_1_96' title="bbox 2232 4608 3772 4691">
    <p class='ocr_par' dir='ltr' id='par_1_96' title="bbox 2232 4608 3772 4691">
     <span class='ocr_line' id='line_1_96' title="bbox 2232 4608 3772 4691; baseline -0.016 -10"><span class='ocrx_word' id='word_1_729' title='bbox 2232 4628 2397 4681; x_wconf 76' lang='grc' dir='ltr'>ἔστιν.</span> <span class='ocrx_word' id='word_1_730' title='bbox 2447 4622 2607 4676; x_wconf 81' lang='grc' dir='ltr'>Ἀλλά</span> <span class='ocrx_word' id='word_1_731' title='bbox 2648 4622 2746 4691; x_wconf 82' lang='grc' dir='ltr'><strong>τὴν</strong></span> <span class='ocrx_word' id='word_1_732' title='bbox 2784 4620 3030 4688; x_wconf 78' lang='grc' dir='ltr'>ἀνάγκην</span> <span class='ocrx_word' id='word_1_733' title='bbox 3059 4618 3157 4688; x_wconf 82' lang='grc' dir='ltr'>τῆς</span> <span class='ocrx_word' id='word_1_734' title='bbox 3202 4614 3426 4675; x_wconf 86' lang='grc' dir='ltr'>ἀτοπίας</span> <span class='ocrx_word' id='word_1_735' title='bbox 3473 4609 3666 4677; x_wconf 82' lang='grc' dir='ltr'>ταύτης</span> <span class='ocrx_word' id='word_1_736' title='bbox 3689 4608 3772 4657; x_wconf 70' lang='grc' dir='ltr'><strong>ἐπε</strong></span> 
     </span>
    </p>
   </div>
   <div class='ocr_carea' id='block_1_97' title="bbox 2232 4698 3775 4791">
    <p class='ocr_par' dir='ltr' id='par_1_97' title="bbox 2232 4698 3775 4791">
     <span class='ocr_line' id='line_1_97' title="bbox 2232 4698 3775 4791; baseline -0.018 -15"><span class='ocrx_word' id='word_1_737' title='bbox 2232 4722 2439 4791; x_wconf 86' lang='grc' dir='ltr'>ήγαγεν</span> <span class='ocrx_word' id='word_1_738' title='bbox 2459 4714 2644 4777; x_wconf 83' lang='grc' dir='ltr'>εἰπὼν,</span> <span class='ocrx_word' id='word_1_739' title='bbox 2678 4711 2793 4779; x_wconf 80' lang='grc' dir='ltr'>Τῆς</span> <span class='ocrx_word' id='word_1_740' title='bbox 2820 4710 2916 4763; x_wconf 74' lang='grc' dir='ltr'>καὶ</span> <span class='ocrx_word' id='word_1_741' title='bbox 2938 4709 3150 4763; x_wconf 87' lang='grc' dir='ltr'>τούτου</span> <span class='ocrx_word' id='word_1_742' title='bbox 3171 4705 3569 4773; x_wconf 73' lang='grc' dir='ltr'>κυριευούσης</span> <span class='ocrx_word' id='word_1_743' title='bbox 3589 4698 3775 4760; x_wconf 80' lang='grc' dir='ltr'>οὐσίας</span> 
     </span>
    </p>
   </div>
   <div class='ocr_carea' id='block_1_98' title="bbox 2233 4796 3771 4882">
    <p class='ocr_par' dir='ltr' id='par_1_98' title="bbox 2233 4796 3771 4882">
     <span class='ocr_line' id='line_1_98' title="bbox 2233 4796 3771 4882; baseline -0.019 -16"><span class='ocrx_word' id='word_1_744' title='bbox 2233 4819 2383 4882; x_wconf 70' lang='grc' dir='ltr'>πρὸς</span> <span class='ocrx_word' id='word_1_745' title='bbox 2415 4807 2638 4873; x_wconf 81' lang='grc' dir='ltr'>ἑαυτὴν</span> <span class='ocrx_word' id='word_1_746' title='bbox 2669 4804 2972 4868; x_wconf 78' lang='grc' dir='ltr'>ἑλκούσης</span> <span class='ocrx_word' id='word_1_747' title='bbox 3015 4799 3128 4864; x_wconf 71' lang='grc' dir='ltr'><strong>τὴν</strong></span> <span class='ocrx_word' id='word_1_748' title='bbox 3175 4797 3277 4850; x_wconf 81' lang='grc' dir='ltr'><strong>τοῦ</strong></span> <span class='ocrx_word' id='word_1_749' title='bbox 3328 4797 3499 4856; x_wconf 77' lang='grc' dir='ltr'>ὄντος</span> <span class='ocrx_word' id='word_1_750' title='bbox 3539 4796 3771 4847; x_wconf 72' lang='grc' dir='ltr'>ἔννοιαν.</span> 
     </span>
    </p>
   </div>
   <div class='ocr_carea' id='block_1_99' title="bbox 2234 4885 3756 4968">
    <p class='ocr_par' dir='ltr' id='par_1_99' title="bbox 2234 4885 3756 4968">
     <span class='ocr_line' id='line_1_99' title="bbox 2234 4885 3756 4968; baseline -0.018 -10"><span class='ocrx_word' id='word_1_751' title='bbox 2234 4904 2436 4958; x_wconf 87' lang='grc' dir='ltr'>Τούτου</span> <span class='ocrx_word' id='word_1_752' title='bbox 2467 4900 2524 4954; x_wconf 75' lang='grc' dir='ltr'>δὲ</span> <span class='ocrx_word' id='word_1_753' title='bbox 2551 4899 2611 4952; x_wconf 84' lang='grc' dir='ltr'><strong>τὸ</strong></span> <span class='ocrx_word' id='word_1_754' title='bbox 2641 4897 2739 4968; x_wconf 83' lang='grc' dir='ltr'><strong>μὲν</strong></span> <span class='ocrx_word' id='word_1_755' title='bbox 2771 4895 2909 4947; x_wconf 87' lang='grc' dir='ltr'><strong>κατά</strong></span> <span class='ocrx_word' id='word_1_756' title='bbox 2937 4892 3037 4963; x_wconf 80' lang='grc' dir='ltr'>τὴν</span> <span class='ocrx_word' id='word_1_757' title='bbox 3068 4890 3374 4959; x_wconf 83' lang='grc' dir='ltr'>σύμφρασιν</span> <span class='ocrx_word' id='word_1_758' title='bbox 3412 4885 3756 4953; x_wconf 81' lang='grc' dir='ltr'>ἀσυνάρτητον</span> 
     </span>
    </p>
   </div>
   <div class='ocr_carea' id='block_1_100' title="bbox 2236 4970 3775 5051">
    <p class='ocr_par' dir='ltr' id='par_1_100' title="bbox 2236 4970 3775 5051">
     <span class='ocr_line' id='line_1_100' title="bbox 2236 4970 3775 5051; baseline -0.02 -1"><span class='ocrx_word' id='word_1_759' title='bbox 2236 4992 2562 5051; x_wconf 83' lang='grc' dir='ltr'>σιωπάσθω·</span> <span class='ocrx_word' id='word_1_760' title='bbox 2612 4988 2674 5041; x_wconf 83' lang='grc' dir='ltr'>τὸ</span> <span class='ocrx_word' id='word_1_761' title='bbox 2703 4987 2759 5039; x_wconf 84' lang='grc' dir='ltr'><strong>δὲ</strong></span> <span class='ocrx_word' id='word_1_762' title='bbox 2784 4982 3213 5051; x_wconf 81' lang='grc' dir='ltr'>σπουδαζόμενον</span> <span class='ocrx_word' id='word_1_763' title='bbox 3247 4982 3306 5031; x_wconf 83' lang='grc' dir='ltr'><strong>ἐν</strong></span> <span class='ocrx_word' id='word_1_764' title='bbox 3351 4978 3462 5038; x_wconf 85' lang='grc' dir='ltr'>τοῖς</span> <span class='ocrx_word' id='word_1_765' title='bbox 3493 4970 3775 5040; x_wconf 79' lang='grc' dir='ltr'>λεγομένοις</span> 
     </span>
    </p>
   </div>
   <div class='ocr_carea' id='block_1_101' title="bbox 2235 5059 3775 5153">
    <p class='ocr_par' dir='ltr' id='par_1_101' title="bbox 2235 5059 3775 5153">
     <span class='ocr_line' id='line_1_101' title="bbox 2235 5059 3775 5153; baseline -0.021 -12"><span class='ocrx_word' id='word_1_766' title='bbox 2235 5084 2589 5153; x_wconf 79' lang='grc' dir='ltr'>ἐξεταζέσθω.</span> <span class='ocrx_word' id='word_1_767' title='bbox 2640 5078 2795 5140; x_wconf 82' lang='grc' dir='ltr'>Τίνος</span> <span class='ocrx_word' id='word_1_768' title='bbox 2834 5073 3207 5137; x_wconf 82' lang='grc' dir='ltr'>ἀποδείξαντος</span> <span class='ocrx_word' id='word_1_769' title='bbox 3238 5070 3395 5137; x_wconf 89' lang='grc' dir='ltr'>λόγου</span> <span class='ocrx_word' id='word_1_770' title='bbox 3425 5067 3485 5119; x_wconf 80' lang='grc' dir='ltr'><strong>τὸ</strong></span> <span class='ocrx_word' id='word_1_771' title='bbox 3533 5059 3775 5153; x_wconf 65' lang='grc' dir='ltr'>κυριεύειν</span> 
     </span>
    </p>
   </div>
   <div class='ocr_carea' id='block_1_102' title="bbox 2235 5149 3777 5243">
    <p class='ocr_par' dir='ltr' id='par_1_102' title="bbox 2235 5149 3777 5243">
     <span class='ocr_line' id='line_1_102' title="bbox 2235 5149 3777 5243; baseline -0.022 -8"><span class='ocrx_word' id='word_1_772' title='bbox 2235 5179 2328 5235; x_wconf 85' lang='grc' dir='ltr'><strong>τοῦ</strong></span> <span class='ocrx_word' id='word_1_773' title='bbox 2371 5172 2707 5243; x_wconf 80' lang='grc' dir='ltr'>Μονογενοῦς</span> <span class='ocrx_word' id='word_1_774' title='bbox 2733 5170 2831 5239; x_wconf 81' lang='grc' dir='ltr'><strong>τὴν</strong></span> <span class='ocrx_word' id='word_1_775' title='bbox 2865 5165 2959 5219; x_wconf 84' lang='grc' dir='ltr'><strong>τοῦ</strong></span> <span class='ocrx_word' id='word_1_776' title='bbox 3009 5164 3220 5234; x_wconf 66' lang='grc' dir='ltr'>Πατρός</span> <span class='ocrx_word' id='word_1_777' title='bbox 3261 5158 3513 5222; x_wconf 79' lang='grc' dir='ltr'>οὐσίαν;⁹</span> <span class='ocrx_word' id='word_1_778' title='bbox 3535 5153 3692 5209; x_wconf 84' lang='grc' dir='ltr'>Πάλιν</span> <span class='ocrx_word' id='word_1_779' title='bbox 3725 5149 3777 5198; x_wconf 83' lang='grc' dir='ltr'>ἐκ</span> 
     </span>
    </p>
   </div>
   <div class='ocr_carea' id='block_1_103' title="bbox 2236 5239 3776 5338">
    <p class='ocr_par' dir='ltr' id='par_1_103' title="bbox 2236 5239 3776 5338">
     <span class='ocr_line' id='line_1_103' title="bbox 2236 5239 3776 5338; baseline -0.021 -13"><span class='ocrx_word' id='word_1_780' title='bbox 2236 5275 2333 5337; x_wconf 76' lang='grc' dir='ltr'>τῆς</span> <span class='ocrx_word' id='word_1_781' title='bbox 2358 5239 2647 5338; x_wconf 63' lang='grc' dir='ltr'>πληθώρας</span> <span class='ocrx_word' id='word_1_782' title='bbox 2668 5264 2797 5334; x_wconf 78' lang='grc' dir='ltr'>ἡμῖν</span> <span class='ocrx_word' id='word_1_783' title='bbox 2823 5256 3270 5329; x_wconf 83' lang='grc' dir='ltr'>προσερεύγεται·</span> <span class='ocrx_word' id='word_1_784' title='bbox 3297 5251 3391 5314; x_wconf 92' lang='grc' dir='ltr'><strong>Τίς</strong></span> <span class='ocrx_word' id='word_1_785' title='bbox 3418 5239 3776 5338; x_wconf 40' lang='lat' dir='ltr'><strong>summa;</strong></span> 
     </span>
    </p>
   </div>
   <div class='ocr_carea' id='block_1_104' title="bbox 2236 5333 3774 5430">
    <p class='ocr_par' dir='ltr' id='par_1_104' title="bbox 2236 5333 3774 5430">
     <span class='ocr_line' id='line_1_104' title="bbox 2236 5333 3774 5430; baseline -0.023 -10"><span class='ocrx_word' id='word_1_786' title='bbox 2236 5365 2423 5421; x_wconf 84' lang='grc' dir='ltr'>τούτου</span> <span class='ocrx_word' id='word_1_787' title='bbox 2458 5360 2696 5430; x_wconf 85' lang='grc' dir='ltr'>προέστη</span> <span class='ocrx_word' id='word_1_788' title='bbox 2726 5354 2819 5406; x_wconf 87' lang='grc' dir='ltr'><strong>τοῦ</strong></span> <span class='ocrx_word' id='word_1_789' title='bbox 2862 5352 3060 5419; x_wconf 81' lang='grc' dir='ltr'>λόγου;</span> <span class='ocrx_word' id='word_1_790' title='bbox 3108 5348 3203 5409; x_wconf 89' lang='grc' dir='ltr'><strong>Τίς</strong></span> <span class='ocrx_word' id='word_1_791' title='bbox 3236 5344 3417 5413; x_wconf 81' lang='grc' dir='ltr'>ἔφοδος</span> <span class='ocrx_word' id='word_1_792' title='bbox 3456 5333 3774 5401; x_wconf 77' lang='grc' dir='ltr'>διαλεκτική,</span> 
     </span>
    </p>
   </div>
   <div class='ocr_carea' id='block_1_105' title="bbox 2239 5426 3776 5524">
    <p class='ocr_par' dir='ltr' id='par_1_105' title="bbox 2239 5426 3776 5524">
     <span class='ocr_line' id='line_1_105' title="bbox 2239 5426 3776 5524; baseline -0.026 -11"><span class='ocrx_word' id='word_1_793' title='bbox 2239 5461 2396 5512; x_wconf 88' lang='grc' dir='ltr'>Ποῖαι</span> <span class='ocrx_word' id='word_1_794' title='bbox 2426 5452 2749 5524; x_wconf 82' lang='grc' dir='ltr'>προτάσεις;</span> <span class='ocrx_word' id='word_1_795' title='bbox 2796 5447 2958 5506; x_wconf 87' lang='grc' dir='ltr'>Τίνες</span> <span class='ocrx_word' id='word_1_796' title='bbox 2983 5438 3315 5496; x_wconf 60' lang='grc' dir='ltr'><strong>κατασκευαὶ⁸</strong></span> <span class='ocrx_word' id='word_1_797' title='bbox 3349 5436 3411 5489; x_wconf 84' lang='grc' dir='ltr'><strong>τὸ</strong></span> <span class='ocrx_word' id='word_1_798' title='bbox 3460 5426 3776 5501; x_wconf 73' lang='grc' dir='ltr'>κυριεύεσθαι</span> 
     </span>
    </p>
   </div>
   <div class='ocr_carea' id='block_1_106' title="bbox 2239 5518 3775 5619">
    <p class='ocr_par' dir='ltr' id='par_1_106' title="bbox 2239 5518 3775 5619">
     <span class='ocr_line' id='line_1_106' title="bbox 2239 5518 3775 5619; baseline -0.023 -15"><span class='ocrx_word' id='word_1_799' title='bbox 2239 5551 2328 5605; x_wconf 82' lang='grc' dir='ltr'><strong>τὸν</strong></span> <span class='ocrx_word' id='word_1_800' title='bbox 2352 5545 2610 5619; x_wconf 82' lang='grc' dir='ltr'>μονογενῆ</span> <span class='ocrx_word' id='word_1_801' title='bbox 2641 5541 2770 5595; x_wconf 81' lang='grc' dir='ltr'>Θεὸν</span> <span class='ocrx_word' id='word_1_802' title='bbox 2803 5538 2890 5591; x_wconf 73' lang='grc' dir='ltr'>διὰ</span> <span class='ocrx_word' id='word_1_803' title='bbox 2927 5552 3068 5597; x_wconf 89' lang='grc' dir='ltr'>τινος</span> <span class='ocrx_word' id='word_1_804' title='bbox 3113 5528 3431 5590; x_wconf 83' lang='grc' dir='ltr'>ἀκολουθίας</span> <span class='ocrx_word' id='word_1_805' title='bbox 3477 5518 3775 5615; x_wconf 36' lang='grc' dir='ltr'>ἀπέδειξαν)</span> 
     </span>
    </p>
   </div>
   <div class='ocr_carea' id='block_1_107' title="bbox 2254 5614 3779 5709">
    <p class='ocr_par' dir='ltr' id='par_1_107' title="bbox 2254 5614 3779 5709">
     <span class='ocr_line' id='line_1_107' title="bbox 2254 5614 3779 5709; baseline -0.024 -13"><span class='ocrx_word' id='word_1_806' title='bbox 2254 5640 2414 5696; x_wconf 78' lang='grc' dir='ltr'>Ἀλλά</span> <span class='ocrx_word' id='word_1_807' title='bbox 2441 5637 2576 5709; x_wconf 82' lang='grc' dir='ltr'>πρὸς</span> <span class='ocrx_word' id='word_1_808' title='bbox 2604 5632 2798 5702; x_wconf 76' lang='grc' dir='ltr'>ἑαυτὴν</span> <span class='ocrx_word' id='word_1_809' title='bbox 2820 5631 2988 5692; x_wconf 67' lang='grc' dir='ltr'>ἕλκει,</span> <span class='ocrx_word' id='word_1_810' title='bbox 3017 5626 3199 5696; x_wconf 69' lang='grc' dir='ltr'>φησιν,</span> <span class='ocrx_word' id='word_1_811' title='bbox 3242 5624 3277 5693; x_wconf 73' lang='grc' dir='ltr'>ἡ</span> <span class='ocrx_word' id='word_1_812' title='bbox 3308 5618 3399 5673; x_wconf 81' lang='grc' dir='ltr'><strong>τοῦ</strong></span> <span class='ocrx_word' id='word_1_813' title='bbox 3438 5614 3565 5671; x_wconf 79' lang='grc' dir='ltr'>Υίοῦ</span> <span class='ocrx_word' id='word_1_814' title='bbox 3591 5619 3779 5679; x_wconf 74' lang='grc' dir='ltr'>κυριευ·</span> 
     </span>
    </p>
   </div>
   <div class='ocr_carea' id='block_1_108' title="bbox 554 5004 2135 5074">
    <p class='ocr_par' dir='ltr' id='par_1_108' title="bbox 554 5004 2135 5074">
     <span class='ocr_line' id='line_1_108' title="bbox 554 5004 2135 5074; baseline -0.003 -13"><span class='ocrx_word' id='word_1_815' title='bbox 554 5007 781 5061; x_wconf 75' lang='lat' dir='ltr'><strong>essentia</strong></span> <span class='ocrx_word' id='word_1_816' title='bbox 811 5006 879 5060; x_wconf 85' lang='lat' dir='ltr'><strong>ad</strong></span> <span class='ocrx_word' id='word_1_817' title='bbox 919 5007 1146 5074; x_wconf 78' lang='lat' dir='ltr'><strong>seipsam</strong></span> <span class='ocrx_word' id='word_1_818' title='bbox 1187 5007 1410 5058; x_wconf 64' lang='lat' dir='ltr'><strong>traxerit</strong></span> <span class='ocrx_word' id='word_1_819' title='bbox 1453 5006 1586 5059; x_wconf 81' lang='lat' dir='ltr'><strong>entis</strong></span> <span class='ocrx_word' id='word_1_820' title='bbox 1634 5006 1923 5059; x_wconf 80' lang='lat' dir='ltr'><strong>notitiam:</strong></span> <span class='ocrx_word' id='word_1_821' title='bbox 1971 5004 2135 5071; x_wconf 91' lang='lat' dir='ltr'><strong>hujus</strong></span> 
     </span>
    </p>
   </div>
   <div class='ocr_carea' id='block_1_109' title="bbox 558 5098 2137 5168">
    <p class='ocr_par' dir='ltr' id='par_1_109' title="bbox 558 5098 2137 5168">
     <span class='ocr_line' id='line_1_109' title="bbox 558 5098 2137 5168; baseline -0.004 -13"><span class='ocrx_word' id='word_1_822' title='bbox 558 5107 739 5155; x_wconf 87' lang='lat' dir='ltr'><strong>autem</strong></span> <span class='ocrx_word' id='word_1_823' title='bbox 782 5100 1109 5154; x_wconf 88' lang='lat' dir='ltr'><strong>inconcinna</strong></span> <span class='ocrx_word' id='word_1_824' title='bbox 1159 5099 1378 5168; x_wconf 89' lang='lat' dir='ltr'><strong>quidem</strong></span> <span class='ocrx_word' id='word_1_825' title='bbox 1408 5098 1619 5152; x_wconf 90' lang='lat' dir='ltr'><strong>locutio</strong></span> <span class='ocrx_word' id='word_1_826' title='bbox 1664 5098 1882 5152; x_wconf 89' lang='lat' dir='ltr'><strong>silentio</strong></span> <span class='ocrx_word' id='word_1_827' title='bbox 1915 5104 2137 5166; x_wconf 65' lang='lat' dir='ltr'><strong>praeter-</strong></span> 
     </span>
    </p>
   </div>
   <div class='ocr_carea' id='block_1_110' title="bbox 558 5188 2137 5261">
    <p class='ocr_par' dir='ltr' id='par_1_110' title="bbox 558 5188 2137 5261">
     <span class='ocr_line' id='line_1_110' title="bbox 558 5188 2137 5261; baseline -0.004 -14"><span class='ocrx_word' id='word_1_828' title='bbox 558 5201 734 5255; x_wconf 88' lang='lat' dir='ltr'><strong>eatur,</strong></span> <span class='ocrx_word' id='word_1_829' title='bbox 774 5191 869 5247; x_wconf 88' lang='lat' dir='ltr'><strong>sed</strong></span> <span class='ocrx_word' id='word_1_830' title='bbox 910 5190 1056 5261; x_wconf 90' lang='lat' dir='ltr'><strong>quod</strong></span> <span class='ocrx_word' id='word_1_831' title='bbox 1106 5190 1161 5244; x_wconf 88' lang='lat' dir='ltr'><strong>in</strong></span> <span class='ocrx_word' id='word_1_832' title='bbox 1202 5190 1320 5245; x_wconf 89' lang='lat' dir='ltr'><strong>suis</strong></span> <span class='ocrx_word' id='word_1_833' title='bbox 1349 5189 1509 5243; x_wconf 90' lang='lat' dir='ltr'><strong>dictis</strong></span> <span class='ocrx_word' id='word_1_834' title='bbox 1546 5189 1843 5247; x_wconf 87' lang='lat' dir='ltr'><strong>contendit,</strong></span> <span class='ocrx_word' id='word_1_835' title='bbox 1906 5188 1957 5242; x_wconf 91' lang='lat' dir='ltr'><strong>id</strong></span> <span class='ocrx_word' id='word_1_836' title='bbox 2010 5202 2137 5241; x_wconf 87' lang='lat' dir='ltr'><strong>vero</strong></span> 
     </span>
    </p>
   </div>
   <div class='ocr_carea' id='block_1_111' title="bbox 558 5282 2130 5356">
    <p class='ocr_par' dir='ltr' id='par_1_111' title="bbox 558 5282 2130 5356">
     <span class='ocr_line' id='line_1_111' title="bbox 558 5282 2130 5356; baseline -0.004 -14"><span class='ocrx_word' id='word_1_837' title='bbox 558 5286 897 5356; x_wconf 79' lang='lat' dir='ltr'><strong>exquiratur.</strong></span> <span class='ocrx_word' id='word_1_838' title='bbox 968 5284 1203 5352; x_wconf 90' lang='lat' dir='ltr'><strong>Quinam</strong></span> <span class='ocrx_word' id='word_1_839' title='bbox 1254 5293 1337 5339; x_wconf 86' lang='lat' dir='ltr'><strong>est</strong></span> <span class='ocrx_word' id='word_1_840' title='bbox 1384 5283 1601 5337; x_wconf 85' lang='lat' dir='ltr'><strong>tandem</strong></span> <span class='ocrx_word' id='word_1_841' title='bbox 1656 5298 1837 5337; x_wconf 89' lang='lat' dir='ltr'><strong>sermo</strong></span> <span class='ocrx_word' id='word_1_842' title='bbox 1879 5283 1972 5351; x_wconf 90' lang='lat' dir='ltr'><strong>qui</strong></span> <span class='ocrx_word' id='word_1_843' title='bbox 2034 5282 2130 5336; x_wconf 88' lang='lat' dir='ltr'><strong>de-</strong></span> 
     </span>
    </p>
   </div>
   <div class='ocr_carea' id='block_1_112' title="bbox 563 5372 2133 5443">
    <p class='ocr_par' dir='ltr' id='par_1_112' title="bbox 563 5372 2133 5443">
     <span class='ocr_line' id='line_1_112' title="bbox 563 5372 2133 5443; baseline -0.003 -14"><span class='ocrx_word' id='word_1_844' title='bbox 563 5386 829 5432; x_wconf 77' lang='lat' dir='ltr'><strong>monstret</strong></span> <span class='ocrx_word' id='word_1_845' title='bbox 882 5375 1060 5431; x_wconf 86' lang='lat' dir='ltr'><strong>Patris</strong></span> <span class='ocrx_word' id='word_1_846' title='bbox 1097 5376 1394 5432; x_wconf 83' lang='lat' dir='ltr'><strong>essentiam</strong></span> <span class='ocrx_word' id='word_1_847' title='bbox 1461 5374 1751 5443; x_wconf 88' lang='lat' dir='ltr'><strong>Unigenito</strong></span> <span class='ocrx_word' id='word_1_848' title='bbox 1816 5372 2133 5427; x_wconf 86' lang='lat' dir='ltr'><strong>dominari?</strong></span> 
     </span>
    </p>
   </div>
   <div class='ocr_carea' id='block_1_113' title="bbox 565 5465 2132 5538">
    <p class='ocr_par' dir='ltr' id='par_1_113' title="bbox 565 5465 2132 5538">
     <span class='ocr_line' id='line_1_113' title="bbox 565 5465 2132 5538; baseline -0.002 -17"><span class='ocrx_word' id='word_1_849' title='bbox 565 5466 775 5523; x_wconf 78' lang='lat' dir='ltr'><strong>Rursus</strong></span> <span class='ocrx_word' id='word_1_850' title='bbox 826 5484 891 5523; x_wconf 77' lang='lat' dir='ltr'><strong>ex</strong></span> <span class='ocrx_word' id='word_1_851' title='bbox 943 5468 1113 5522; x_wconf 90' lang='lat' dir='ltr'><strong>nimia</strong></span> <span class='ocrx_word' id='word_1_852' title='bbox 1168 5468 1472 5538; x_wconf 85' lang='lat' dir='ltr'><strong>repletione</strong></span> <span class='ocrx_word' id='word_1_853' title='bbox 1513 5466 1672 5521; x_wconf 85' lang='lat' dir='ltr'><strong>nobis</strong></span> <span class='ocrx_word' id='word_1_854' title='bbox 1727 5465 2132 5530; x_wconf 82' lang='lat' dir='ltr'><strong>eructatanis</strong></span> 
     </span>
    </p>
   </div>
   <div class='ocr_carea' id='block_1_114' title="bbox 563 5556 2135 5628">
    <p class='ocr_par' dir='ltr' id='par_1_114' title="bbox 563 5556 2135 5628">
     <span class='ocr_line' id='line_1_114' title="bbox 563 5556 2135 5628; baseline -0.002 -16"><span class='ocrx_word' id='word_1_855' title='bbox 563 5558 896 5628; x_wconf 82' lang='lat' dir='ltr'><strong>evangelista</strong></span> <span class='ocrx_word' id='word_1_856' title='bbox 952 5558 1119 5628; x_wconf 83' lang='lat' dir='ltr'><strong>hujus</strong></span> <span class='ocrx_word' id='word_1_857' title='bbox 1163 5561 1433 5615; x_wconf 87' lang='lat' dir='ltr'><strong>sermonis</strong></span> <span class='ocrx_word' id='word_1_858' title='bbox 1484 5567 1568 5614; x_wconf 87' lang='lat' dir='ltr'><strong>est</strong></span> <span class='ocrx_word' id='word_1_859' title='bbox 1608 5557 1835 5612; x_wconf 87' lang='lat' dir='ltr'><strong>auctor?</strong></span> <span class='ocrx_word' id='word_1_860' title='bbox 1874 5557 2005 5623; x_wconf 82' lang='lat' dir='ltr'><strong>Quae</strong></span> <span class='ocrx_word' id='word_1_861' title='bbox 2049 5556 2135 5610; x_wconf 89' lang='lat' dir='ltr'><strong>in-</strong></span> 
     </span>
    </p>
   </div>
   <div class='ocr_carea' id='block_1_115' title="bbox 565 5650 2127 5732">
    <p class='ocr_par' dir='ltr' id='par_1_115' title="bbox 565 5650 2127 5732">
     <span class='ocr_line' id='line_1_115' title="bbox 565 5650 2127 5732; baseline 0 -29"><span class='ocrx_word' id='word_1_862' title='bbox 565 5654 748 5706; x_wconf 85' lang='lat' dir='ltr'><strong>cursio</strong></span> <span class='ocrx_word' id='word_1_863' title='bbox 794 5650 1122 5706; x_wconf 82' lang='lat' dir='ltr'><strong>dialectica?</strong></span> <span class='ocrx_word' id='word_1_864' title='bbox 1170 5666 1291 5721; x_wconf 78' lang='lat' dir='ltr'><strong>quae</strong></span> <span class='ocrx_word' id='word_1_865' title='bbox 1334 5650 1759 5732; x_wconf 70' lang='lat' dir='ltr'><strong>propositiopes,</strong></span> <span class='ocrx_word' id='word_1_866' title='bbox 1811 5663 1932 5719; x_wconf 71' lang='lat' dir='ltr'><strong>quae</strong></span> <span class='ocrx_word' id='word_1_867' title='bbox 2002 5663 2127 5718; x_wconf 85' lang='lat' dir='ltr'><strong>pro-</strong></span> 
     </span>
    </p>
   </div>
   <div class='ocr_carea' id='block_1_116' title="bbox 644 5825 1168 5893">
    <p class='ocr_par' dir='ltr' id='par_1_116' title="bbox 644 5825 1168 5893">
     <span class='ocr_line' id='line_1_116' title="bbox 644 5825 1168 5893; baseline -0.01 -10"><span class='ocrx_word' id='word_1_868' title='bbox 644 5828 686 5859; x_wconf 79' lang='lat'><strong>&quot;</strong></span> <span class='ocrx_word' id='word_1_869' title='bbox 723 5825 862 5883; x_wconf 71' lang='lat' dir='ltr'><strong>Joan</strong></span> <span class='ocrx_word' id='word_1_870' title='bbox 919 5843 1049 5893; x_wconf 81' lang='lat' dir='ltr'><strong>xvu,</strong></span> <span class='ocrx_word' id='word_1_871' title='bbox 1080 5826 1168 5879; x_wconf 76' lang='lat' dir='ltr'><strong>i0.</strong></span> 
     </span>
    </p>
   </div>
  </div>
