4034 6506
311 390 418 448 853

1390 390 1664 444 CONTRA
1703 388 2085 454 EUNOMIUM,
2126 385 2255 442 LIB.
2297 385 2384 440 XI.

3439 378 3539 432 864

311 523 448 560 ουσα
472 506 627 558 οὐσία
656 505 754 576 τήν
787 507 880 559 τοῦ
907 508 1057 572 ὄντος
1087 507 1313 560 ἔννοιαν.
1354 509 1418 560 Ti
1454 507 1708 578 βούλεται
1737 508 1884 578 αὑτῷ
1913 544 1922 568 λ

1998 507 2234 561 bationes
2266 504 2602 575 unigenitqu
2635 502 2802 555 Deum
2831 501 3057 568 imperio
3089 498 3285 561 Subjicu
3321 513 3416 564 per
3441 505 3532 550 :in

311 597 344 648 ὁ
385 594 653 666 ἑλκηθμὸς
698 596 792 648 τοῦ
831 597 1021 662 ὄντος;
1081 599 1189 652 Καὶ
1237 597 1354 660 πῶς
1397 599 1730 670 προσερμιρη
1770 601 1880 660 τοῖς

313 685 627 756 εἰρημένοις
661 687 692 753 ὴ
716 685 808 737 τοῦ
835 685 1011 738 ἕλκειν
1045 686 1224 752 λέξις;
1271 687 1459 755 Κρινεῖ
1488 687 1700 748 πάντως
1731 687 1760 737 ὁ
1788 688 1883 737 ἐπ-

318 774 656 844 εσκεμμένος
682 774 908 843 δύναμιν
933 775 1125 841 λόγων·
1191 774 1326 828 ἀλλὰ
1354 777 1448 828 καὶ
1477 775 1632 828 τοῦτο
1664 778 1884 846 σιγήσο-

321 881 459 935 μενο
519 868 720 918 ἐκεῖνον
776 867 831 918 δὲ
892 866 1053 920 πάλιν
1103 865 1192 916 τὸν
1247 865 1403 929 λόγον
1464 866 1880 937 ἀναληψόμεθα·

318 955 403 1007 ὃτι
459 953 520 1007 οὐ
567 953 778 1007 δίδωσιν
825 951 965 1007 εἶναι
1023 956 1138 1007 κατ’
1187 955 1373 1008 οὐσίαν
1405 949 1448 1023 ᾧ
1497 956 1557 1008 τὸ
1593 956 1760 1024 ὄνομα
1791 955 1884 1009 τοῦ

317 1045 475 1108 ὄντος
521 1045 579 1098 οὗ
625 1045 958 1108 καταλείπει.
1017 1048 1108 1099 καὶ⁸
1136 1047 1186 1099 τί
1223 1046 1399 1117 μάτην
1447 1050 1731 1116 σκιομαχεῖ
1760 1048 1888 1116 περὶ

317 1136 417 1190 τοῦ
445 1138 518 1207 μὴ
561 1120 710 1200 ὄντος
731 1139 1051 1208 μαχόμενος,
1073 1138 1148 1200 ὡς
1175 1138 1376 1191 τοιοῦδε
1399 1136 1550 1200 ὄντος
1567 1160 1580 1207 ;
1599 1138 1671 1190 Τὸ
1685 1138 1792 1208 γὰρ
1813 1137 1888 1208 μὴ

321 1229 404 1292 ὃν,
464 1228 586 1281 οὔτε
646 1230 828 1299 ὅμοιόν
881 1247 986 1282 τινι
1026 1231 1241 1292 πάντως
1276 1230 1440 1291 ἐστὶν,
1466 1227 1588 1282 οὔτε
1617 1230 1884 1298 ἀνόμοιον.

337 1317 498 1371 Ἀλλὰ
543 1318 716 1382 διδοὺς
765 1321 822 1372 τὸ
859 1317 996 1373 εἶναι
1029 1319 1360 1392 ἀπαγορεύει
1411 1320 1474 1373 τό
1517 1319 1788 1389 λέγεσθαι.
1825 1321 1890 1372 Ὢ

325 1409 487 1479 κενῆς
507 1410 788 1480 ἀκριϐείας
817 1411 828 1461 !
867 1413 923 1463 ἐν
953 1411 1026 1480 τῷ
1045 1410 1249 1480 μείζονι
1271 1409 1671 1481 συγχωροῦντα,
1700 1427 1891 1482 μικρο-

322 1500 599 1568 λογεῖσθαι
627 1504 752 1572 περὶ
784 1503 876 1555 τὸν
902 1502 1072 1571 ψόφον
1093 1502 1185 1554 τοῦ
1211 1504 1469 1572 ῥήματος.
1501 1501 1624 1565 Πῶς
1651 1502 1707 1554 δὲ
1739 1505 1767 1555 ὁ
1793 1519 1890 1554 κυ-

324 1591 543 1661 ριεύων,
595 1593 670 1656 ὣς
720 1610 872 1663 φησι,
937 1593 1030 1646 τοῦ
1061 1592 1189 1646 Υἰοῦ
1219 1593 1353 1662 πρὸς
1385 1593 1575 1646 ἑαυτὸν
1612 1593 1758 1645 ἕλκει
1798 1593 1891 1644 τοῦ

323 1683 476 1746 ὄντος
500 1683 598 1753 τὴν
628 1683 833 1738 ἔννοιαν
857 1702 872 1750 ;
902 1685 961 1736 Ei
989 1685 1084 1754 μὲν
1115 1685 1222 1755 γὰρ
1252 1685 1348 1754 τὴν
1373 1683 1576 1742 ἑαυτοῦ,
1599 1684 1784 1738 οὐσίαν
1817 1685 1894 1736 ἕλ-

325 1792 444 1828 κειν
476 1775 608 1845 φησὶ
641 1774 728 1828 τὸν
771 1776 1007 1846 Πατέρα.
1044 1777 1294 1847 περιττὸς
1340 1772 1492 1838 οὗτος
1532 1777 1560 1828 ὁ
1602 1775 1890 1847 ἑλκηθμός.

1987 612 2148 664 quam
2195 593 2636 664 consequentiam
2682 591 3161 646 demonstrarunt?
3197 587 3416 652 Verum,
3464 591 3548 643 in-

1989 687 2126 755 quit.
2163 684 2283 739 Filii
2316 684 2644 738 dominatrix
2690 682 2946 742 essentia,
3001 681 3067 734 ad
3106 681 3338 749 seipsum
3381 681 3547 734 trahit

1992 778 2136 832 entis
2177 777 2474 830 notiouetn.
2510 774 2649 839 Quid
2705 775 2809 827 sibi
2855 773 2969 825 vult
3027 781 3234 827 tractus
3287 773 3407 840 ejus
3455 770 3547 839 qti

1989 873 2110 926 est?
2156 867 2430 936 quomodo
2463 866 2686 920 verbum
2715 863 2988 926 {trahendi
3025 864 3090 918 ad
3133 879 3195 918 ea
3241 881 3361 934 qua:
3405 865 3549 917 dicta

1991 969 2118 1015 sunt
2174 957 2475 1028 projectum
2506 958 2628 1011 est?
2668 955 2936 1011 Judicabit
2969 956 3124 1026 plane
3153 956 3244 1025 qui
3285 956 3392 1010 vim
3438 972 3552 1011 ser-

1991 1064 2212 1102 monum
2253 1048 2657 1101 consitlerarit:
2703 1045 2797 1100 sed
2855 1045 2957 1099 hor.
3008 1045 3228 1099 silentio
3275 1053 3556 1114 praeterea-

1993 1151 2133 1188 mus.
2190 1133 2343 1187 "Ill"!
2387 1143 2561 1187 autem
2593 1148 2895 1188 sermonem
2935 1149 3126 1188 τοι-δυσ
3162 1149 3502 1188 resumamus
3535 1154 3547 1188 ἒ

1993 1226 2136 1296 quod
2186 1241 2293 1280 non
2341 1225 2432 1278 dat
2476 1240 2597 1279 esse
2653 1225 2950 1279 secundum
3001 1225 3293 1280 essentiam
3343 1225 3433 1288 ei,
3465 1225 3551 1278 cui

1994 1333 2194 1372 nomen
2237 1317 2378 1372 entis
2427 1332 2534 1369 non
2568 1317 2845 1386 relinquit,
2875 1326 2929 1370 et
2954 1333 3052 1371 cur
3089 1318 3292 1372 frustra
3334 1318 3553 1372 umbra-

1995 1410 2143 1463 tiletn
2171 1423 2404 1478 pugnam
2427 1419 2660 1470 exercet,
2685 1407 2751 1462 de
2771 1422 2836 1461 eo
2861 1412 2952 1476 qui
2974 1425 3080 1462 non
3111 1420 3214 1470 est,
3245 1408 3552 1472 decertans,

1999 1508 2058 1553 ut
2101 1498 2167 1553 de
2212 1499 2308 1552 tali
2355 1498 2514 1552 ente?
2541 1497 2695 1563 Quod
2723 1499 2867 1552 enim
2905 1514 3010 1552 non
3045 1507 3149 1562 est,
3186 1515 3359 1569 neque
3391 1502 3554 1554 alicui

1997 1591 2175 1646 simile
2216 1598 2301 1644 est
2331 1605 2554 1660 prorsus
2579 1606 2752 1660 neque
2793 1591 3076 1645 dissimile.
3107 1591 3210 1645 Sed
3245 1592 3383 1646 dans
3412 1608 3555 1653 esse,

2000 1681 2250 1752 prohibet
2294 1680 2424 1734 dici.
2479 1681 2524 1736 0
2568 1683 2781 1736 inanem
2831 1685 3221 1737 subtilitatem!
3265 1685 3367 1750 Qui
3412 1684 3556 1753 quod

1999 1771 2177 1841 majus
2217 1777 2300 1826 est
2335 1771 2628 1826 liberaliter
2657 1775 2921 1838 concedit,
2952 1791 3146 1829 avarus
3174 1784 3255 1829 est
3281 1783 3334 1830 et
3363 1792 3560 1844 parcus

324 1867 565 1937 Πάρεστι
596 1868 705 1939 γὰρ
734 1867 881 1938 αὐτῷ
918 1869 978 1920 τὸ
1008 1866 1144 1921 εἶναι
1192 1871 1283 1922 καὶ
1313 1869 1385 1940 μὴ
1411 1869 1714 1939 ἑλκόμενον.
1750 1869 1812 1920 ΕΞ
1841 1867 1896 1921 δὲ

2000 1864 2147 1917 circa
2195 1865 2410 1918 inanem
2466 1865 2610 1919 verbi
2659 1867 2962 1934 strepitum.
3008 1866 3290 1932 Quomodo
3331 1868 3420 1922 ille
3465 1872 3558 1936 qui

321 1959 420 2015 τοῦ
459 1958 587 2012 Υίοῦ
611 1959 672 2012 τὸ
706 1955 844 2012 εἶναι
868 1959 1016 2030 παρά
1058 1960 1150 2012 τοῦ
1191 1961 1398 2031 Πατρός
1431 1979 1591 2031 φησιν
1619 1959 1890 2023 ἕλκεσθαι,

325 2049 446 2112 πῶς
493 2049 974 2121 ἀποσπασθήσεται
1032 2049 1124 2102 τοῦ
1186 2050 1335 2113 ὄντος
1373 2049 1433 2102 τὸ
1475 2046 1732 2111 εἶναικαὶ
1759 2050 1894 2120 πρὸς

325 2140 417 2194 τὸν
465 2141 691 2194 ἕλκοντα
737 2143 1151 2212 μεταχωρήσει;
1199 2143 1434 2194 κατιδεῖν
1457 2142 1557 2194 οὐκ
1584 2139 1712 2210 ἔχω.
1747 2136 1896 2212 Ἀρα

327 2230 406 2298 μὴ
435 2228 532 2299 τὴν
561 2229 846 2282 Σαϐελλίου
874 2229 1082 2301 πλάνην
1113 2231 1469 2298 φαντάζεται;
1510 2232 1596 2294 Ὠς
1622 2231 1718 2283 οὐκ
1744 2230 1897 2294 ὄντος

326 2320 420 2372 τοῦ
469 2320 599 2374 Υίοῦ
638 2322 758 2374 καθ’
795 2322 983 2375 ἑαυτόν
1007 2339 1020 2352 ·
1069 2324 1133 2392 τῇ
1164 2322 1220 2374 δὲ
1246 2323 1337 2375 τοῦ
1365 2323 1576 2391 Πατρὸς
1603 2322 1895 2375 ὑποστάσει

328 2412 755 2482 συναλειφέντος.
789 2413 897 2466 Καὶ
919 2411 1075 2465 τοῦτο
1109 2411 1352 2481 βούλεται
1377 2411 1527 2482 αὑτῷ
1556 2411 1614 2464 τὸ
1645 2411 1895 2465 ἕλκεσθαι

322 2501 424 2572 τὴν
444 2500 538 2554 τοῦ
565 2503 714 2564 ὄντος
741 2501 948 2555 ἔννοιαν
968 2503 1117 2573 παρὰ
1142 2504 1238 2573 τῆς
1262 2501 1358 2555 τοῦ
1381 2501 1508 2555 Υίοῦ
1539 2504 1897 2573 κυριευούσης

323 2593 534 2657 οὐσίας,
566 2593 598 2663 ἢ
646 2589 783 2647 εἶναι
825 2592 947 2646 καθ’
976 2595 1270 2648 ὑπόστασιν
1299 2597 1390 2648 τὸν
1424 2595 1550 2648 Υἱὸν
1577 2596 1676 2648 οὐκ
1703 2595 1897 2666 ἀρνούο

328 2702 510 2756 μενος,
543 2686 643 2754 τῆς
659 2686 753 2740 τοῦ
791 2686 942 2750 ὄντος
990 2687 1152 2740 αὐτόν
1180 2705 1312 2757 φησι
1340 2688 1613 2758 σημασίας
1640 2688 1900 2760 ἀπομερί-

325 2776 536 2841 ζεσοαι.
565 2779 672 2830 Καὶ
689 2777 803 2840 πῶς
831 2771 946 2830 ἔστι
969 2778 1346 2848 διαζευχθῆναι
1385 2783 1482 2848 τῆς
1508 2778 1602 2832 τοῦ
1627 2774 1766 2832 εἶναι
1787 2779 1900 2832 διαο

324 2866 478 2929 νοίας
497 2867 558 2919 τὸ
580 2865 672 2929 ὄν;
710 2866 854 2928 Ἕως
893 2866 998 2938 γὰρ
1118 2871 1224 2921 πᾶν
1248 2869 1382 2938 ὅπερ
1415 2867 1480 2921 ἂν
1509 2865 1566 2941 ᾖ,
1605 2869 1680 2939 μή
1710 2863 1850 2922 εἶναι
1872 2869 1900 2922 ὃ

325 2960 445 3012 ἔστι
473 2957 631 3026 φύσιν
659 2958 758 3011 οὑκ
788 2957 918 3028 ἔχει.

1999 1954 2331 2020 dominatur,
2383 1966 2442 2011 ut
2483 1958 2580 2020 ait,
2614 1956 2752 2011 Filio
2801 1959 2868 2011 ad
2921 1961 3156 2028 seipsum
3201 1959 3364 2013 trahit
3417 1960 3566 2014 entis

2001 2045 2292 2099 notitiam?
2343 2046 2611 2116 siquidem
2661 2049 2859 2102 asserit
2899 2047 3112 2104 Patrem
3162 2065 3317 2105 suam
3347 2049 3563 2104 trahere.

2003 2138 2317 2202 essentiam,
2371 2137 2677 2208 superﬂuus
2715 2140 2800 2193 hic
2832 2148 3056 2194 tractus.
3114 2141 3282 2195 Adest
3331 2141 3474 2194 enim
3513 2139 3563 2192 ei

2004 2243 2147 2292 esse,
2195 2229 2409 2283 etiamsi
2448 2244 2554 2282 non
2593 2229 2859 2284 trahatur.
2892 2228 3045 2294 Quod
3091 2231 3136 2283 si
3168 2228 3286 2282 Filii
3322 2243 3444 2284 esse
3488 2229 3566 2281 ait

2005 2335 2034 2374 a
2088 2318 2246 2374 Patre
2290 2321 2453 2384 trahi,
2506 2320 2779 2390 quomodo
2835 2321 3100 2374 avellatur
3147 2321 3214 2373 ab
3246 2331 3371 2375 ente
3420 2336 3562 2386 esse,

2002 2422 2056 2467 et
2109 2411 2176 2466 ad
2235 2412 2540 2466 trahentem
2591 2413 3043 2482 transmigrahit?
3107 2413 3405 2484 intelligere
3455 2427 3567 2466 non

2003 2518 2163 2573 queo.
2225 2503 2422 2559 Annon
2496 2503 2714 2559 Sabellii
2797 2520 3036 2560 errorem
3093 2505 3366 2560 somniat?
3419 2505 3565 2575 quod

2004 2593 2178 2650 Filius
2211 2611 2318 2650 non
2349 2595 2420 2651 sit
2449 2612 2544 2666 per
2581 2612 2660 2660 se,
2688 2597 2781 2652 sed
2826 2612 2948 2652 cum
2982 2595 3161 2653 Patris
3190 2597 3563 2661 subsistentia,

2003 2686 2120 2742 sive
2159 2703 2388 2758 persona
2443 2689 2725 2744 confusus.
2770 2687 2835 2744 Et
2881 2690 2986 2743 hoc
3046 2690 3148 2744 sibi
3199 2690 3314 2744 vult
3365 2690 3574 2744 attrahi

2002 2781 2145 2835 entis
2180 2781 2427 2834 notitiam
2450 2795 2479 2834 a
2503 2779 2626 2835 Filii
2665 2781 3022 2836 dominatrice
3048 2782 3306 2847 essentia,
3338 2783 3421 2836 vel
3444 2798 3567 2837 esse

2009 2869 2309 2924 secundum
2346 2870 2620 2940 propriam
2663 2873 3070 2927 subsistentiam
3122 2873 3238 2926 sive
3278 2887 3564 2942 personam

2007 2958 2203 3013 Filium
2256 2975 2364 3014 non
2414 2976 2638 3030 negans,
2685 2963 2860 3032 ipsum
2897 2961 2966 3015 ab
3009 2961 3151 3017 entis
3208 2960 3568 3032 signiﬁcantia

325 3055 540 3112 secerni
587 3055 804 3109 asserit.
847 3053 912 3107 Et
949 3053 1218 3123 quomodo
1291 3061 1490 3124 potest,
1542 3054 1594 3109 id
1646 3052 1790 3124 quod
1825 3061 1930 3118 est,
1996 3053 2066 3109 ab
2109 3054 2461 3124 intelligentia
2527 3054 2645 3124 ejus
2693 3054 2838 3125 quod
2879 3066 2962 3111 est
2997 3054 3272 3126 disjungi?
3315 3055 3576 3122 Quandiu.

324 3145 474 3203 enim
506 3144 669 3202 fuerit
702 3147 964 3217 quidquid
1011 3147 1192 3207 fuerit,
1229 3162 1333 3200 non
1363 3162 1484 3200 esse
1531 3146 1581 3200 id
1610 3148 1753 3216 quod
1801 3155 1884 3202 est
1934 3162 2114 3202 rerum
2157 3155 2349 3201 natura
2391 3164 2496 3202 non
2527 3148 2749 3218 patitur.

1139 3565 1434 3652 ΚΑΤΑ
1523 3566 2107 3654 ΕΥΝΟΜΙΟΥ
2176 3565 2536 3654 ΛΟΓΟΣ
2612 3563 2768 3653 IA'.

727 3944 1196 4038 CONTRA
1265 3947 1927 4042 EUNOMIUM
2010 3948 2368 4077 LIBER
2447 3944 3176 4038 UNDECIMUS.

476 4289 818 4344 ΚΕΦΑᾹΑΙΑ
862 4292 990 4345 ΤΟΥ
1021 4293 1157 4344 ENA
1165 4294 1304 4345 EKA
1317 4296 1398 4345 ΤΟ
1412 4297 1456 4346 Υ
1489 4301 1531 4348 Α
1543 4298 1684 4348 ΟΓΟ
1697 4298 1756 4349 Υ.

333 4386 404 4436 α’.
443 4379 497 4432 Ὀ
534 4385 605 4432 ια’
643 4379 827 4449 λόγος
873 4375 1057 4449 οὑντῷΔ
1095 4378 1273 4442 Πατρὶ
1303 4379 1496 4449 μόνον
1539 4381 1643 4434 τοῦ
1675 4381 1896 4449 ἀγαθοῦ

405 4449 519 4516 τὴν
545 4447 887 4516 ἐπωνυμίαν
928 4447 1286 4515 ὀφείλεσθαι.
1321 4448 1400 4514 ὥς
1436 4468 1625 4516 φησιν
1656 4454 1689 4503 ὁ
1714 4447 1897 4504 Εὐνό-

399 4515 555 4587 μιος,
605 4521 638 4572 ό
683 4515 971 4587 μιμητὴςμ
987 4520 1316 4586 Μανιχαίου
1368 4515 1463 4573 καὶ
1500 4519 1892 4586 Βαρδισάνου,

404 4585 565 4643 ἀλλὰ
601 4587 705 4658 καί
745 4587 874 4658 Υίῲ,
903 4585 981 4651 τῷ
1016 4587 1113 4639 διὰ
1146 4585 1594 4658 φιλανθρωπίαν
1629 4590 1727 4642 καὶ
1755 4591 1899 4658 ἀγα-

405 4660 622 4723 θότητα
646 4655 752 4709 τὸν
781 4655 1092 4722 ἄνθρωπον
1108 4657 1426 4722 πλάσαντι,
1464 4659 1557 4712 καὶ
1593 4660 1690 4713 διὰ
1719 4655 1900 4713 σταυ-

399 4728 513 4795 ροῦ
559 4728 654 4780 καὶ
690 4725 946 4800 (turritae
988 4725 1426 4800 ἁναπλάσαντι,
1459 4731 1496 4797 ἠ
1541 4730 1646 4784 τοῦ
1678 4730 1900 4800 ἀγαθοῦ

407 4799 776 4864 προσηγορία
811 4796 1127 4862 ὀφείλεται,
1158 4795 1450 4851 δείκνυσι.

333 4869 403 4935 β’.
444 4868 550 4922 Καὶ
587 4867 674 4920 ὅτι
707 4869 776 4920 οὺ
805 4866 989 4918 dalata
1024 4866 1245 4933 ἀγαθοῦ
1276 4868 1372 4918 καί
1405 4869 1610 4928 κακοῦ.
1641 4870 1719 4934 ὡς
1748 4873 1902 4937 Μαρ-

407 4939 550 4990 κίων
572 4940 603 4990 ό
629 4937 1104 5006 (lydia/torruerat.)
1131 4937 1332 5006 cier/tt.
1356 4941 1681 5006 ,τιινσόρως
1704 4941 1769 4991 ἐκ
1796 4941 1900 5005 τῆς

405 5005 799 5076 εὐαγγελικῆς
840 5005 1079 5076 ρῄσεως
1116 5005 1244 5071 τῆς,
1273 5005 1570 5076 Academia
1609 5009 1796 5074 ἀγαῢὲ,
1823 5015 1900 5063 ιε-

405 5074 652 5144 τούσὴς,
693 5075 793 5128 καὶ
836 5074 946 5142 τῆς
990 5075 1094 5127 τοῦ
1139 5074 1492 5143 ἀμπελῶνος
1533 5079 1896 5145 παραϐολῆς.

417 5148 656 5200 Ἡσαΐου
699 5162 765 5197 τε
792 5145 887 5198 καὶ
933 5147 1172 5198 Παύλου
1220 5145 1648 5200 ἀποδείκνυσι·
1681 5149 1776 5200 καὶ
1813 5149 1900 5202 ὅτι

405 5219 478 5270 οὐ
506 5217 621 5282 τὴν
661 5215 1004 5281 ἐπωνυμίαν
1030 5213 1134 5266 τοῦ
1167 5213 1340 5278 ὄντος
1376 5217 1414 5284 ἢ
1447 5217 1687 5285 ἀγαθοῦ,
1719 5217 1755 5282 ἢ
1787 5220 1902 5284 τὴν

406 5286 511 5341 τοῦ
537 5286 765 5354 Πατρὸς
792 5285 1191 5350 ἀλλοτρίωσιν
1213 5287 1246 5337 ό
1277 5286 1406 5351 nec
1432 5287 1710 5352 ἀρνεῖται,
1741 5289 1901 5342 ἀλλὰ

408 5356 507 5410 καὶ
539 5355 653 5423 τὴν
699 5354 818 5407 τῶν
871 5355 1193 5423 γινομένων
1236 5354 1524 5419 ἐξουσίαν
1578 5357 1902 5424 προσήκειν

407 5425 567 5494 αὐτῷ
597 5426 804 5494 φησίν.

331 5506 407 5568 γ’.
434 5491 576 5568 Elea
599 5491 716 5563 τὴν
761 5494 868 5568 τοῦ
889 5495 1473 5568 Εὑηομίου-ἁμαθίαν
1497 5497 1593 5550 καί
1625 5496 1902 5568 τὸγάσυν-

408 5567 664 5633 άρτητον
710 5566 806 5618 καὶ
852 5564 1102 5635 γελοῖον
1139 5564 1262 5618 τῶν
1290 5566 1486 5635 λόγων
1534 5567 1714 5620 αὐτοῦ
1751 5568 1902 5620 ἐκτί-

410 5632 590 5720 θεται,
641 5632 898 5720 ἄγγελον
928 5633 1034 5714 τοῦ
1071 5632 1243 5720 ὄντος
1282 5632 1387 5720 τὸν
1425 5637 1561 5690 Υίὸν
1597 5635 1898 5720 ⁸λέγοντος,

410 5707 508 5758 καὶ
554 5703 881 5770 κατώτερον
930 5703 1038 5772 τῆς
1080 5706 1240 5769 θείας
1287 5707 1544 5774 φύσεως,
1589 5706 1739 5759 ὅσον
1785 5706 1902 5759 τῶν

407 5774 624 5830 ἑαυτοῦ
660 5778 692 5829 ό
755 5777 880 5842 Υἱὸς
941 5775 1212 5846 ὑπερέχει
1262 5775 1617 5845 κτισμάτων.
1665 5777 1819 5844 Πρὸς
1863 5777 1901 5831 ti

2006 4295 2270 4352 CAPIT'A
2314 4292 2456 4349 δεῖ]
2495 4291 2878 4348 εοιιιιΑιιιΑ
2925 4290 3299 4348 ΠΝΒΕΕΉΙΙ
3338 4292 3566 4348 LIBRI.

2005 4392 2057 4445 1.
2089 4391 2400 4445 Undecimus
2435 4388 2566 4442 liber
2605 4389 2826 4442 ostendit
2863 4386 3263 4454 appellationem
3294 4387 3434 4444 boni.
3468 4403 3570 4440 non

2072 4462 2173 4513 soli
2209 4459 2360 4512 Patri
2382 4458 2576 4520 deberi,
2607 4469 2662 4511 ut
2691 4459 2818 4509 dicit
2852 4457 3160 4518 Ennomius,
3194 4456 3492 4519 Manichwi,
3521 4465 3569 4510 et

2075 4530 2387 4584 Bardesanw
2405 4531 2658 4592 imitator,
2687 4527 2777 4582 sed
2800 4539 2847 4582 et
2878 4527 3041 4588 Filio,
3063 4527 3152 4596 qui
3172 4543 3236 4580 ex
3259 4527 3570 4596 benignitate

2069 4611 2118 4652 et
2145 4601 2372 4652 bonitate
2404 4599 2664 4652 hominem
2721 4598 2991 4664 formavit,
3023 4605 3074 4650 et
3119 4613 3209 4665 per
3251 4613 3455 4651 crucem
3509 4613 3570 4650 ac

2068 4680 2288 4792 mortetm
2319 4669 2645 4738 reformavit,
2671 4669 2790 4722 hinc
2808 4667 2929 4722 boni
2960 4667 3368 4736 appellationem
3388 4666 3564 4720 deberi

2071 4750 2214 4792 oslen
2257 4750 2315 4792 tt.

2071 4744 2315 4796 ostendit.

2000 4871 2052 4924 2.

2112 4870 2232 4924 Non
2256 4887 2367 4926 esse
2393 4871 2526 4923 duos
2585 4871 2728 4935 deos,
2763 4872 2986 4926 alterum
3012 4872 3153 4926 Doni.
3189 4871 3412 4922 alterum
3442 4869 3571 4920 mali

2072 4954 2355 5001 auctorem,
2387 4953 2443 4994 ut
2489 4943 2754 5003 Marcion,
2785 4952 2833 4995 et
2880 4959 2997 4995 sum
3027 4942 3318 4994 easentiens
3359 4939 3568 5007 (Euno-

2075 5014 2229 5076 mius)
2281 5013 2516 5076 delirat,
2569 5012 2852 5064 admodum
2907 5011 3118 5079 pulchre
3163 5026 3226 5062 ea:
3279 5011 3419 5061 dicto
3472 5008 3566 5060 illo

2071 5082 2362 5151 evangelica
2394 5099 2411 5135 :
2447 5081 2700 5151 Magister
2753 5084 2910 5140 bone,
2951 5092 2998 5133 et
3026 5096 3091 5132 ex
3111 5079 3364 5145 parabola
3385 5079 3565 5151 cinere.

2071 5168 2135 5205 ex
2164 5148 2310 5205 Isaia
2338 5148 2564 5220 insuper}
2591 5162 2639 5204 et
2671 5150 2835 5204 Paulo
2861 5151 3182 5203 demonstrat
3206 5165 3223 5208 ;
3251 5158 3371 5202 utet
3389 5148 3526 5201 illud
3549 5163 3567 5199 :

2070 5222 2469 5290 appellationem
2497 5223 2629 5275 entis
2660 5223 2736 5275 vel
2761 5223 2881 5276 boni
2903 5220 3044 5273 Filio
3073 5229 3375 5285 competere,
3409 5234 3574 5287 neque

2073 5313 2103 5345 a
2130 5293 2290 5346 Patre
2321 5303 2622 5346 extraneum
2657 5308 2787 5354 esse,
2820 5303 2996 5358 utpote
3025 5292 3110 5343 cui
3143 5291 3303 5342 etiam
3341 5297 3570 5356 potestas

2072 5365 2127 5416 in
2156 5379 2235 5416 res
2264 5361 2468 5416 creatas
2502 5363 2793 5416 conveniat.

2000 5498 2054 5552 3.
2087 5498 2334 5553 Eunomii
2362 5499 2651 5558 inscitiam.
2679 5506 2729 5551 et
2765 5497 3164 5565 incompositam
3199 5512 3259 5548 ac
3290 5493 3572 5565 ridiculam

2072 5572 2380 5634 orationem,
2403 5568 2578 5637 palam
2601 5562 2947 5634 spectandam
2962 5567 3234 5637 proponit;
3263 5575 3355 5634 qut
3371 5562 3571 5637 Filium

2076 5640 2304 5706 appellat
2356 5633 2608 5706 Angelum
2631 5633 2775 5705 ejus,
2811 5638 2900 5707 qui
2945 5633 3022 5691 est
3041 5633 3068 5699 ;’
3091 5647 3141 5691 et
3187 5633 3394 5688 tantum
3401 5633 3565 5707 infra

2073 5703 2306 5762 dicinam
2340 5703 2586 5760 naturam
2633 5703 2924 5765 constituit.
2964 5719 3216 5777 quantum
3252 5707 3359 5774 ipse
3396 5703 3568 5756 Filius

2077 5795 2202 5834 suas
2223 5788 2494 5833 creaturas
2516 5779 2797 5836 antecellit.
2830 5778 3030 5846 Quibus
3061 5777 3464 5841 imperterritum
3519 5791 3575 5828 σε.
