4034 6524
298 357 406 416 85⁸1

1414 356 1695 414 CONTRA
1733 351 2122 414 EUNOMIUM.
2163 352 2294 409 LIB.
2336 353 2429 409 XI.

3461 352 3568 411 858

298 475 475 544 δχ)ον.
503 473 567 526 Τί
612 478 720 543 γὰρ
759 474 824 527 ἀν
851 474 1009 529 πλέον
1051 474 1300 545 εὑρεθείη
1333 476 1463 544 παρ’
1493 472 1649 545 ἡμῶν
1674 472 1752 533 είς
1780 469 1879 541 τὴν

1988 470 2439 538 reprehensiones
2487 467 2820 533 inducendo,
2878 466 3084 525 frustra
3134 466 3413 525 sustinere
3442 476 3565 526 tur-

293 566 398 636 τῆς
444 567 732 629 κακονοίας
787 568 1079 634 ἀπόδειξιν,
1120 562 1230 621 οἷόν
1261 568 1377 620 ἐστι
1430 566 1491 618 τὸ
1537 568 1601 619 ὲκ
1628 564 1720 617 τοῦ
1752 579 1884 633 προ-

293 657 479 727 Χείρου
507 659 635 727 παρ’
670 658 847 711 αὐτῶν
886 662 942 712 ἐν
989 662 1099 722 τοῖς
1128 657 1533 728 γεγραμμένοις
1581 656 1885 710 ἐπιδεικνύ-

297 762 500 817 μενον;
538 747 714 800 Μόνον
770 749 918 813 ἀξιον
971 750 1070 819 τῆς
1106 751 1200 804 τοῦ
1257 750 1463 817 ἀγαθοῦ
1512 746 1883 819 προσηγορίας

294 840 432 911 φησὶ
460 840 549 892 τὸν
572 840 791 911 Πατέρα
812 858 824 871 '
860 842 1006 912 μόνῳ
1044 843 1241 913 ἐκείνῳ
1271 843 1368 911 τὴν
1394 840 1649 910 τοιαύτην
1675 842 1885 892 ἐπωνυ-

296 933 428 1004 μίαν
474 932 807 1001 ὀφείλεσθαι,
843 933 918 996 ὠς
965 932 1060 986 καὶ
1096 933 1191 986 τοῦ
1237 932 1368 987 Υίοῦ
1410 930 1793 1000 συντιθεμένου
1821 929 1883 981 τὸ

297 1026 446 1097 μόνῳ
467 1027 763 1097 προσήκειν
789 1025 981 1096 ἐκείνῳ
992 1026 1089 1097 τὴν
1104 1026 1435 1096 ἀγαθότητα.
1463 1023 1882 1092 ’Δπολελόγηται

293 1118 437 1189 ὑπὲρ
467 1118 622 1188 ἡμῶν
651 1120 678 1170 6
707 1118 1009 1189 κατήγορος
1035 1131 1051 1149 ⁶
1095 1119 1235 1188 τάχα
1278 1118 1387 1188 γάρ
1419 1135 1502 1179 τις
1536 1113 1881 1186 ἐπηρεαστὴς

292 1211 354 1263 ἐν
374 1212 485 1272 τοῖς
516 1210 743 1263 κατόπιν
772 1210 1097 1281 ἐνομιζόμην
1114 1213 1225 1272 τοίς
1240 1208 1679 1279 ἐντυγχάνουσιν,
1715 1208 1771 1258 ἐν
1798 1200 1879 1268 οἷς

292 1298 645 1353 ἀπεδείκνυον
663 1299 940 1371 ἀλλότριον
967 1302 1065 1370 τῆς
1091 1300 1364 1371 πατρικῆς
1395 1298 1731 1367 ἀγαθὸτητος
1755 1297 1881 1359 τοὺς

291 1390 698 1462 χρισωμάχους
724 1394 1151 1457 κατασκευάζειν
1190 1392 1283 1445 τὸν
1322 1391 1547 1462 Κύριον.
1593 1390 1751 1444 Ἀλλά
1784 1389 1880 1443 νῦν

291 1480 449 1553 οἶμαι
481 1482 569 1536 διά
592 1484 693 1554 τῆς
733 1482 842 1536 τῶν
887 1485 1144 1539 ἐναντίων
1175 1483 1466 1555 ὁμολογίας
1506 1482 1881 1552 ἀποδεδεῖχθαι

287 1575 355 1628 τὸ
392 1576 469 1648 μὴ
497 1577 905 1646 συκοφαντικῶς
948 1579 1097 1648 ἡμᾶς
1142 1577 1205 1630 τὸ
1226 1577 1464 1630 τοιοῦτον
1491 1576 1742 1645 ἔγκλημα
1768 1578 1881 1636 τοῖς

289 1668 510 1740 ἐχθροῖς
528 1669 831 1739 ἐπιφέρειν.
879 1671 935 1722 Ὀ
972 1672 1080 1740 γάρ
1105 1670 1247 1740 μόνῳ
1278 1670 1353 1739 τῷ
1380 1669 1553 1738 ΙΙατρὶ
1584 1670 1700 1719 κατ’
1724 1667 1881 1733 ἀξίαν

288 1756 606 1827 ὀφείλεσθαι
628 1758 721 1810 τοῦ
740 1756 945 1826 ἀγαθοῦ
965 1759 1064 1828 τὴν
1084 1758 1397 1827 ἐπωνυμίαν
1424 1757 1615 1824 λέγων,
1642 1757 1879 1826 κάκείνῳ

293 1848 446 1919 μόνῳ
472 1848 767 1918 προσήκειν
784 1846 952 1901 εἰπὼν
975 1847 1073 1919 τὴν
1092 1847 1345 1917 τοιαύτην
1371 1848 1576 1918 φωνὴν,
1597 1845 1694 1916 τὴν
1731 1862 1883 1916 περι·
1916 1829 1955 1883 Β

290 1938 634 2011 εσταλμένην
664 1940 721 1991 ἐν
750 1942 861 2001 τοῖς
912 1940 1216 2009 προάγουσι
1260 1938 1521 2009 πονηρίαν
1572 1937 1665 1990 νῦν
1688 1940 1883 1990 ἀνακεο

290 2030 633 2102 καλυμμένῳ
686 2029 999 2099 δημοσιεύει
1050 2030 1128 2101 τῷ
1168 2030 1332 2100 λόγῳ.
1391 2031 1552 2101 Μόνῳ
1621 2031 1754 2101 φησὶ
1806 2030 1884 2101 τῷ

291 2122 473 2192 Πατρὶ
495 2121 797 2192 προσήκειν
856 2120 950 2173 τοῦ
989 2120 1195 2189 ἀγαθοῦ
1235 2122 1332 2191 τὴν
1367 2122 1701 2191 ἐπωνυμίαν.
1738 2118 1885 2192 τΛρει

295 2214 439 2284 μετά
467 2214 563 2282 τῆς
586 2214 915 2283 ἐγκειμένης
929 2216 994 2284 τῇ
1014 2216 1164 2285 φωνῇ
1187 2214 1482 2285 σημασίας.
1510 2213 1543 2284 ἢ
1567 2214 1883 2282 διεζευγμέ-

289 2322 394 2376 νην
436 2307 538 2376 τῆς
564 2306 769 2368 οἰκείας
814 2306 1108 2376 ἐμφάσεως
1131 2323 1147 2373 ;
1180 2306 1243 2361 Ei
1278 2306 1375 2376 μὲν
1398 2303 1490 2359 οῦν
1517 2306 1577 2358 16
1601 2306 1769 2376 ὄνομα
1789 2306 1882 2358 τοῦ

292 2398 507 2469 ἀγαθοῦ
540 2399 699 2468 μόνον
737 2397 1021 2467 ἀνατίθησι
1081 2397 1158 2469 τῷ
1202 2398 1379 2469 Πατρὶ
1411 2398 1530 2452 κατ’
1581 2399 1880 2471 ἐξαίρετον,

294 2491 502 2555 ἐλεινὸς
531 2490 596 2544 ἂν
636 2490 720 2560 εἴη
766 2491 869 2560 τῆς
902 2490 1145 2559 ἀλογίας,
1178 2492 1421 2562 ῥήματος
1441 2491 1687 2545 διακένου
1717 2492 1884 2560 ψόφον

292 2583 373 2655 τῷ
386 2584 563 2655 Πατρὶ
580 2583 956 2654 χαριζόμενος.
982 2583 1043 2635 Εἰ
1067 2581 1125 2635 δὲ
1158 2582 1218 2635 τὸ
1237 2582 1413 2654 νόημα
1439 2582 1499 2636 16
1517 2583 1603 2636 διὰ
1630 2583 1722 2635 τοῦ
1746 2585 1883 2652 ἁγα-

293 2674 395 2729 θοῦ
436 2674 855 2746 σημαινόμενον,
895 2674 1042 2745 μόνῳ
1062 2676 1358 2745 προσήκειν
1374 2674 1544 2728 οἴεται
1566 2675 1642 2745 τῷ
1658 2675 1775 2745 Θεῴ
1793 2676 1886 2727 καὶ

295 2767 498 2835 Πατρὶ,
526 2764 807 2835 βδελυκτδς
840 2765 905 2819 ἂν
921 2767 1005 2837 εῐη
1027 2767 1128 2837 τῆς
1153 2766 1544 2832 ἀσεϐείας,τῶν
1570 2767 1885 2838 Μανιχαίων

296 2856 398 2927 τὴν
421 2856 575 2909 νόσον
604 2856 696 2908 ἐπὶ
738 2855 844 2909 τῶν
868 2855 1013 2909 ἰδίων
1033 2856 1317 2925 δογμάτων
1344 2856 1755 2926 ἀνανεούμενος.
1799 2858 1886 2920 Ὠς

297 2949 410 3021 γὰρ
434 2950 592 3017 ὑγεία
608 2950 699 3000 καὶ
729 2948 903 3012 νόσος,
928 2947 1102 3011 οὕτως
1134 2948 1225 3001 καὶ
1240 2949 1511 3019 ἀγαθότης
1531 2949 1623 3001 καὶ
1653 2950 1885 3020 πονηρία

295 3043 421 3103 ταῖς
450 3040 691 3111 ἀλλήλων
738 3040 1047 3112 ἀναιρέσεσι
1103 3042 1571 3113 παρυφίστανται’
1604 3040 1742 3095 ὥστε
1788 3042 1886 3113 τὴν

298 3132 396 3185 τοῦ
430 3133 547 3197 ἐνὸς
591 3132 879 3198 ἀπουσίαν,
920 3132 1153 3203 ὓπαρξιν
1180 3132 1273 3186 τοῦ
1313 3133 1499 3205 ἐτέρου
1525 3132 1789 3203 γίνεσθαι.
1824 3135 1885 3186 Εἰ

296 3220 397 3277 οὖν
429 3223 574 3293 μόνῳ
596 3223 674 3293 τῷ
716 3224 892 3293 Πατρὶ
929 3224 1226 3295 προσήκειν
1258 3224 1403 3293 λέγει
1426 3225 1525 3295 τὴν
1553 3224 1883 3294 ἀγαθότητα,

299 3314 581 3368 ἀποκλείει
613 3314 816 3384 ταύτης
842 3316 947 3368 πᾶν
972 3316 999 3367 ὅ
1024 3333 1074 3367 τι
1094 3315 1356 3385 πάρεστιν
1382 3317 1438 3367 ἐν
1460 3304 1572 3378 τοῖς
1594 3311 1709 3368 οὖσι
1739 3315 1888 3385 παρά

298 3407 395 3459 τὸν
422 3404 639 3479 Πατέρα
677 3406 987 3475 νοούμενον,
1020 3406 1158 3459 ὥστε
1181 3408 1294 3470 τοῖς
1333 3409 1465 3460 πᾶσι
1497 3408 1590 3461 καὶ
1612 3407 1703 3459 τὸν
1727 3424 1886 3478 μονο·

299 3499 436 3570 γενῆ
490 3499 623 3552 Θεὸν
656 3497 749 3551 τοῦ
801 3497 1007 3567 ἀγαθοῦ
1058 3500 1532 3571 συναπείργεσθαι.
1579 3501 1668 3564 Ὠς
1716 3500 1825 3571 γὰρ
1860 3502 1889 3552 6

304 3590 469 3660 μόνον
493 3589 810 3657 γελαστικὸν
832 3584 971 3642 εἶναι
992 3589 1167 3657 λέγων
1181 3591 1272 3643 τὸν
1304 3590 1610 3663 ἄνθρωπον,
1634 3591 1695 3644 16
1724 3592 1887 3661 μηδὲν

299 3679 413 3733 τῶν
445 3680 649 3734 λοιπῶν
678 3681 831 3745 ζώων
864 3683 961 3751 τῆς
982 3680 1239 3749 ἰδιότητος
1263 3682 1463 3751 ταύτης
1497 3684 1743 3753 μετέχειν
1775 3700 1892 3735 συν⁴

301 3772 611 3839 ἐνεδείξατο
632 3790 646 3803 ⁸
700 3772 873 3836 οὕτως
905 3776 933 3826 6
977 3776 1034 3826 ἐν
1090 3774 1237 3843 μόνῳ
1268 3774 1345 3844 τῷ
1390 3776 1562 3846 Πατρὶ
1592 3776 1652 3828 16
1688 3774 1889 3843 ἀγαθὸν

302 3859 446 3919 εἶναι
495 3865 936 3935 ἀποφηνάμενος,
988 3866 1208 3937 χωρίζει
1236 3867 1305 3918 τά
1329 3867 1504 3918 πάντα
1534 3868 1635 3937 τῆς
1664 3867 1804 3920 κατά
1830 3869 1890 3920 τὸ

302 3955 512 4025 ἀγαθὸν
550 3956 830 4028 ἰδιότητος.
876 3958 939 4009 Εἰ
988 3953 1079 4010 οὖν
1127 3958 1285 4027 μόνος
1314 3961 1340 4010 6
1370 3959 1556 4028 Πατὴρ
1587 3962 1707 4011 κατ’
1734 3958 1889 4025 ἀξίαν

303 4050 661 4122 ὀφειλομένην
702 4049 816 4121 ἔχει
852 4049 943 4103 τοῦ
988 4050 1192 4119 ἀγαθοῦ
1224 4051 1323 4121 τὴν
1345 4050 1679 4120 ἐπωνυμίαν,
1711 4050 1890 4115 καθώς

305 4163 474 4218 φησιν
506 4146 535 4197 6
563 4145 843 4215 Εύνὸμιος,
881 4144 1052 4197 οὐδενὶ
1084 4144 1191 4197 τῶν
1226 4144 1400 4197 ἄλλων
1426 4148 1458 4215 ἡ
1486 4144 1706 4213 τοιαύτη
1738 4145 1890 4216 φωνὴ

306 4238 513 4312 κυρίως
542 4236 1044 4308 ἐφαρμοσθήσεται.
1094 4239 1249 4292 Πᾶσα
1285 4238 1341 4291 δὲ
1383 4239 1700 4309 προαίρεσις
1725 4241 1892 4310 ὁρμη-

304 4330 457 4401 τικὴ,
500 4330 617 4400 ἦτοι
649 4328 790 4382 κατὰ
810 4328 871 4381 τὸ
894 4328 1094 4396 ἀγαθὸν
1118 4331 1417 4400 ἐνεργεῖται
1443 4330 1674 4393 πάντως,
1705 4330 1891 4401 ἢπρὸς

304 4424 370 4476 16
422 4422 798 4491 ἀντικείμενον
843 4420 1087 4491 φέρεται.
1145 4423 1219 4474 Τὸ
1266 4423 1373 4493 γάρ
1421 4422 1555 4494 πρὸς
1607 4421 1890 4493 οὐθέτερον

1988 560 2135 615 bam.
2176 560 2320 626 Quid
2361 562 2506 617 enim
2552 561 2789 630 amplius
2827 574 2859 613 a
2906 559 3067 615 nobis
3121 558 3354 615 inveniri
3392 560 3569 630 possit

1984 652 2053 707 ad
2100 654 2497 708 malevolentia:
2535 651 3083 715 demonstrationem,
3126 666 3294 723 quam
3324 651 3471 724 quod
3508 653 3568 708 in

1983 754 2241 813 promptu
2271 743 2340 797 ab
2373 743 2511 813 ipsis
2548 743 2603 797 in
2647 742 2868 813 scriptis
2900 742 3228 809 ostenditur,
3265 744 3441 799 solum
3471 760 3569 815 ap-

1983 835 2275 906 pellatione
2301 836 2428 890 boni
2478 836 2702 906 dignum
2735 834 2949 890 Patrem
2981 837 3147 891 esse?
3176 833 3257 888 Illi
3298 837 3427 901 soli,
3463 838 3564 901 ait,

1984 929 2146 982 talem
2192 928 2612 998 appellationem
2666 926 2876 990 deberi,
2924 938 2979 981 ut
3027 926 3169 982 Filio
3215 929 3381 984 etiam
3431 928 3567 985 asti-

1983 1019 2203 1089 pulante
2249 1018 2325 1071 illi
2362 1018 2464 1073 soli
2514 1018 2731 1073 bonitas
2765 1027 3059 1087 competat.
3098 1018 3206 1073 l’ro
3228 1019 3389 1076 nobis
3423 1035 3562 1075 cau-

1983 1126 2099 1165 sam
2149 1110 2261 1180 egit
2328 1117 2649 1176 accusator;
2700 1109 2957 1166 fortassis
3010 1110 3155 1165 enim
3224 1112 3565 1183 sycophanta

1987 1202 2211 1272 quidam
2259 1211 2311 1257 et
2343 1202 2712 1257 calumniator
2754 1202 3056 1259 lectoribus
3100 1203 3456 1261 existimabar
3508 1207 3566 1261 in

1985 1293 2071 1347 his
2118 1307 2238 1362 quae
2270 1292 2425 1362 prius
2471 1307 2501 1346 a
2529 1308 2617 1347 me
2640 1292 2847 1362 scripta
2870 1300 3020 1358 sunt,
3062 1293 3340 1363 inquibus
3361 1293 3567 1351 Christi

1982 1394 2392 1455 oppugnatores
2442 1383 2733 1439 Dominum
2761 1385 3000 1439 alienum
3042 1392 3097 1440 et
3139 1394 3413 1441 semotum
3445 1401 3568 1442 esse

1982 1492 2012 1529 a
2038 1486 2266 1546 paterna
2306 1477 2553 1531 bonitate
2579 1485 2916 1547 prazstruere
2949 1475 3413 1533 demonstrabam.
3459 1477 3566 1532 Sed

1985 1583 2136 1623 nunc
2178 1570 2378 1639 opinor
2412 1584 2511 1638 per
2540 1567 2981 1624 adversariorum
3019 1569 3428 1625 confessionem
3471 1569 3567 1624 de-

1984 1667 2352 1715 monstratum
2378 1675 2522 1722 esse,
2560 1675 2667 1713 non
2700 1660 2972 1716 malitiose
3004 1668 3059 1714 et
3084 1661 3427 1716 calumniose
3463 1676 3565 1716 nos

1983 1750 2090 1805 tale
2131 1751 2339 1804 crimen
2382 1750 2624 1805 inimicis
2668 1749 2891 1805 inferre.
2940 1749 3043 1816 Qui
3087 1751 3232 1807 enim
3285 1753 3387 1807 soli
3418 1751 3566 1807 Patri

1984 1856 2083 1911 pro
2140 1841 2409 1913 dignitate
2464 1842 2595 1897 boni
2642 1842 3062 1912 appellationem
3106 1843 3296 1899 deberi
3344 1845 3565 1909 asserit,

1984 1944 2039 1987 et
2079 1935 2241 1989 talem
2284 1950 2476 1989 vocem
2522 1934 2596 1988 illi
2641 1935 2744 1988 soli
2786 1939 3080 1992 convenire
3107 1937 3202 2006 qui
3236 1936 3397 2002 dixit,
3432 1952 3567 1992 cono

1984 2034 2213 2079 tractam
2234 2026 2287 2079 in
2310 2026 2751 2095 praacedentibus
2774 2026 3180 2097 improbitatem
3208 2045 3355 2084 nunc
3377 2038 3567 2099 aperto

1985 2128 2041 2172 et
2084 2120 2328 2172 revelato
2374 2132 2627 2173 sermone
2679 2118 2945 2189 publicat.
3001 2118 3114 2174 Soli
3174 2121 3354 2191 inquit
3413 2120 3564 2174 Patri

1984 2213 2277 2267 convenire
2319 2212 2449 2266 boni
2484 2212 3017 2271 idenominationem.
3068 2213 3263 2269 Utrum
3315 2231 3439 2269 cum
3476 2218 3566 2272 in-

1986 2307 2089 2362 sita
2129 2307 2252 2360 voci
2283 2305 2713 2376 significatione,
2752 2320 2821 2359 an
2857 2322 2992 2362 vero
3023 2306 3354 2376 disjunctam
3391 2324 3421 2360 a
3447 2324 3569 2377 pro-

1986 2398 2107 2469 prio
2140 2397 2494 2468 signiﬁcato?
2523 2396 2581 2451 Si
2622 2397 2794 2467 igitur
2826 2398 3005 2452 solum
3027 2397 3156 2452 boni
3185 2415 3383 2453 nomen
3413 2398 3564 2453 Patri

1987 2490 2237 2545 attribuit
2283 2504 2381 2560 per
2434 2489 2842 2555 excellentiam,
2893 2491 3228 2545 miserabilis
3282 2491 3449 2546 fuerit
3498 2493 3568 2548 ob

1986 2581 2339 2645 dementiam,
2363 2582 2545 2635 inanis
2565 2582 2716 2636 verbi
2742 2582 3028 2651 strepitum
3063 2582 3210 2637 Patri
3230 2584 3564 2653 gratiﬁcans.

1986 2674 2141 2741 Quod
2185 2676 2230 2729 si
2267 2675 2546 2729 notionem
2591 2688 2713 2743 quae
2763 2673 2890 2727 boni
2939 2676 3163 2729 nomine
3204 2676 3565 2746 signiﬁcatur.

1987 2764 2091 2817 soli
2135 2761 2245 2816 Deo
2282 2772 2338 2817 et
2391 2762 2539 2816 Patri
2585 2762 2880 2818 convenire
2920 2773 3095 2833 putat,
3131 2766 3485 2822 exsecrabilis
3513 2777 3568 2822 et

1988 2856 2393 2911 abominandus
2450 2856 2614 2911 fuerit
2660 2856 2958 2927 impietatis
3009 2874 3197 2922 causa,
3233 2866 3295 2912 ut
3326 2860 3418 2928 qui
3449 2859 3566 2913 Ma-

1988 2949 2326 3004 nichaeorum
2363 2949 2614 3002 morbum
2657 2949 2712 3002 in
2768 2949 2885 3004 suis
2923 2949 3165 3005 decretis
3207 2960 3436 3006 renovet
3468 2970 3477 3000 :
3508 2961 3569 3005 ut

1987 3040 2133 3095 enim
2172 3040 2382 3094 sanitas
2415 3048 2468 3095 et
2502 3040 2758 3100 morbus.
2793 3042 2874 3095 sic
2914 3041 3132 3095 bonitas
3157 3050 3211 3095 et
3245 3042 3568 3112 improbitas

1990 3134 2198 3188 mutuis
2227 3134 2639 3190 sublationibus
2665 3135 2984 3190 subsistunt
3012 3153 3030 3191 :
3067 3136 3140 3189 ita
3177 3145 3235 3189 ut
3272 3136 3435 3190 unius
3468 3138 3567 3189 ah-

1992 3226 2204 3293 sentia,
2242 3226 2471 3280 alterius
2500 3227 2828 3281 exsistentia
2865 3226 2977 3280 ﬁat.
3015 3226 3157 3296 Ergo
3191 3228 3236 3281 si
3275 3226 3425 3280 Patri
3464 3228 3568 3282 soli

1990 3316 2292 3370 bonitatem
2357 3324 2610 3370 autumat
2660 3317 2996 3381 convenire,
3049 3318 3119 3370 ab
3175 3317 3277 3369 hac
3327 3318 3569 3371 excludit

1990 3410 2259 3479 quidquid
2292 3410 2345 3463 in
2376 3424 2562 3463 rerum
2595 3418 2791 3463 natura
2823 3408 3168 3479 intelligitur,
3204 3420 3436 3480 excepto
3466 3409 3569 3463 Pa-

1991 3510 2093 3555 tre.
2142 3499 2219 3554 lta
2257 3509 2316 3555 ut
2354 3516 2481 3555 cum
2516 3500 2774 3555 omnibus
2818 3502 2984 3555 etiam
3015 3503 3332 3571 unigenitus
3364 3502 3508 3559 Deus
3539 3519 3570 3557 a

1990 3594 2139 3649 bono
2174 3592 2541 3649 excludatur:
2577 3603 2637 3647 ut
2665 3595 2809 3649 enim
2852 3594 2947 3663 qui
2988 3594 3124 3647 dicit
3166 3596 3345 3648 solum
3393 3596 3570 3651 homi-

1992 3702 2115 3740 nem
2147 3687 2283 3740 risui
2327 3694 2515 3755 aptum
2557 3700 2682 3740 esse
2720 3694 2918 3739 natura
2940 3727 2954 3746 .
2986 3687 3198 3740 nullum
3230 3687 3566 3756 reliquorum

1992 3778 2310 3833 animalium
2342 3776 2510 3846 hujus
2544 3778 2898 3847 proprietatis
2934 3779 3210 3847 particeps
3244 3792 3369 3832 esse
3400 3779 3567 3833 simul

1990 3869 2435 3925 demonstravit:
2473 3868 2553 3922 sic
2586 3869 2681 3937 qui
2733 3868 2784 3922 in
2828 3866 2988 3923 Patre
3023 3869 3143 3923 solo
3188 3868 3393 3921 bonum
3444 3884 3569 3923 esse

1992 3960 2374 4032 pronuntiavit
2393 4002 2406 4021 ,
2435 3961 2618 4014 omnia
2653 3968 2875 4029 separat
2903 3976 2931 4011 a
2963 3960 3297 4030 proprietate
3326 3960 3479 4014 boni.
3510 3961 3565 4015 Si

1992 4052 2161 4123 igitur
2189 4050 2341 4105 solus
2365 4049 2530 4105 Pater
2558 4065 2658 4120 pro
2684 4050 2953 4120 dignitate
2977 4051 3217 4105 debitam
3245 4050 3410 4105 habet
3440 4052 3577 4108 boni.

1992 4144 2423 4199 nominationem
2446 4184 2459 4205 ,
2492 4144 2639 4197 sicut
2667 4142 2744 4195 ait
2774 4141 3078 4195 Eunomius
3099 4180 3114 4203 ,
3148 4139 3285 4194 nulli
3332 4141 3575 4195 aliorum

1991 4250 2094 4289 vox
2123 4236 2248 4290 talis
2279 4234 2498 4307 proprie
2525 4234 2911 4305 applicabitur.
2938 4232 3133 4289 Omnis
3158 4242 3340 4288 autem
3371 4234 3570 4289 electio

1992 4343 2114 4398 qua:
2149 4338 2300 4382 motu
2333 4327 2650 4381 voluntario
2683 4325 2876 4387 fertur,
2910 4327 2995 4381 vel
3027 4326 3329 4380 secundum
3365 4327 3568 4381 bonmn

1994 4434 2221 4490 prorsus
2265 4425 2546 4488 operatur,
2594 4417 2675 4470 vel
2719 4417 2786 4470 ad
2819 4417 3158 4470 contrarium
3196 4416 3390 4471 l‘ertnr.
3434 4416 3570 4471 Nam

307 4509 627 4583 ἐπιρρεπῶς
668 4510 831 4579 ἔχειν,
869 4509 902 4579 ἢ
943 4510 1051 4562 τῶν
1092 4510 1314 4582 ἀψύχων
1348 4513 1500 4573 ἴδιον,
1540 4512 1572 4583 ἢ
1606 4514 1712 4565 τῶν
1742 4514 1887 4566 ἀναι-

1998 4512 2062 4565 ad
2115 4520 2369 4565 neutrum
2418 4509 2793 4580 propendere,
2844 4510 2927 4562 vel
2976 4525 3166 4563 eorum
3213 4526 3334 4577 quae
3383 4520 3573 4566 carent

310 4605 527 4676 σθήτων
556 4601 723 4656 ἐστίν.
753 4604 815 4655 Εἰ
848 4604 1027 4657 τοίνυν
1059 4604 1217 4673 μόνος
1251 4608 1279 4658 ὁ
1317 4606 1505 4676 Πατὴρ
1532 4605 1753 4674 ἀγαθὸς,
1793 4606 1893 4660 ούκ

308 4696 600 4765 ἐπίκτητον
634 4694 793 4765 ἔχων,
829 4695 943 4747 ἀλλ’
969 4696 1025 4746 ἐν
1047 4698 1113 4766 τῇ
1153 4696 1310 4765 φύσει
1336 4698 1432 4765 τὴν
1461 4697 1791 4766 ἀγαθότητα,
1831 4698 1891 4749 οὑ

310 4790 557 4842 κοινωνεῖ
576 4786 631 4839 δὲ
654 4786 731 4857 τῷ
753 4788 923 4857 [Ιατρὶ
949 4788 1047 4858 τῆς
1064 4789 1278 4858 φύσεως
1305 4792 1332 4842 ὁ
1360 4790 1509 4855 Υἱὸς,
1540 4790 1719 4853 καθὼς
1747 4793 1778 4859 ἡ
1811 4791 1894 4843 αἴ-

314 4897 464 4949 ρεσις
501 4879 774 4949 βούλεται’
811 4882 839 4931 6
864 4882 962 4949 τῆς
1007 4880 1219 4949 ἀγαθῆς
1251 4881 1437 4944 οὐσίας
1476 4882 1758 4952 ἀμέτοχος,
1800 4883 1893 4935 καὶ

308 4972 411 5041 τῆς
438 4969 531 5023 τοῦ
562 4969 767 5037 ἀγαθοῦ
812 4970 1027 5033 πάντως
1062 4973 1373 5041 ἐπωνυμίας
1417 4971 1889 5042 συνηλλοτρίωται.

323 5065 382 5115 Ὀ
411 5062 466 5115 δέ
500 5064 635 5133 μήτε
660 5063 756 5131 τῆς
796 5062 1009 5131 φύσεως
1045 5063 1138 5115 τοῦ
1176 5063 1405 5132 ἀγαθοῦ,
1451 5065 1587 5135 μήτε
1617 5065 1712 5134 τῆς
1751 5066 1893 5119 ἐπωο

310 5155 512 5224 νυμίας
573 5153 837 5223 μετέχων,
883 5153 983 5205 οὐκ
1031 5154 1302 5221 ἀγνοεῖται
1341 5155 1558 5218 πάντως
1583 5155 1730 5217 ὅστις
1754 5155 1887 5219 ἐστὶ,

311 5245 417 5299 κάν
447 5244 557 5313 ἐγὼ
620 5245 893 5315 φείσωμαι
946 5243 1038 5297 τοῦ
1065 5245 1383 5317 βλασφήμου
1413 5247 1693 5317 ὀνόματος.
1727 5248 1895 5301 Παντὶ

312 5340 423 5410 γὰρ
445 5338 602 5408 δῆλόν
634 5341 778 5392 ἐστιν
813 5340 894 5391 ὃτι
936 5338 996 5391 τὸ
1025 5339 1261 5410 πονηρόν
1296 5356 1355 5391 τε
1396 5339 1489 5393 καὶ
1521 5340 1892 5408 ἀντικείμενον

314 5435 394 5495 εἰς
440 5432 539 5502 τὴν
579 5431 675 5484 τοῦ
706 5432 836 5483 Υἱοῦ
876 5430 1080 5483 ἔννοιαν
1135 5430 1505 5502 ὑποϐληθῆναι
1544 5430 1837 5499 φιλονεικεῖ
1866 5432 1893 5483 6

313 5524 593 5595 Εύνόμιος.
646 5525 703 5577 '0
737 5523 845 5594 γάρ
891 5522 965 5594 μὴ
995 5522 1218 5590 ἀγαθὸς,
1252 5524 1388 5594 πρὸς
1422 5527 1570 5577 ποῖον
1602 5523 1771 5592 ὄνομα
1814 5524 1893 5575 oi-

314 5619 481 5681 κείως
503 5618 635 5688 ἔχει,
687 5618 847 5670 παντὶ
898 5619 1128 5689 φανερὸν
1182 5617 1260 5687 τῷ
1303 5617 1538 5680 διανοίας
1591 5615 1888 5686 μετέχοντι.

328 5714 417 5773 Ὠς
449 5711 557 5782 γὰρ
612 5714 641 5764 6
691 5711 766 5781 μὴ
816 5710 1079 5781 ἀνδρεῖος,
1108 5710 1303 5776 δειλὸς,
1340 5710 1434 5763 καὶ
1472 5711 1501 5763 6
1532 5710 1606 5781 μὴ
1661 5708 1888 5777 δίκαιος,

316 5806 521 5870 ἄδικος,
571 5805 662 5859 καὶ
710 5807 738 5857 6
775 5804 849 5875 μὴ
903 5805 1061 5873 00:96;
1092 5805 1278 5877 ἄφρων
1324 5804 1694 5868 ἐστίνόῦτως
1728 5806 1822 5860 καὶ
1863 5807 1891 5858 6

1996 4604 2176 4658 anima
2205 4605 2489 4673 proprium
2519 4610 2631 4663 est,
2662 4602 2747 4655 vel
2781 4617 2972 4655 eorum
3004 4617 3125 4671 qua:
3156 4618 3320 4658 sensu
3354 4604 3572 4671 privan-

1995 4704 2103 4751 tur.
2135 4696 2194 4751 Si
2220 4697 2389 4765 igitur
2417 4695 2570 4750 solus
2604 4692 2767 4747 Pater
2792 4694 2971 4748 bonus
2992 4735 3005 4756 ,
3041 4710 3151 4749 non
3179 4695 3531 4750 adventitiam
3554 4736 3568 4758 ,

1994 4790 2089 4843 sed
2124 4798 2321 4841 natura
2364 4788 2587 4842 insitam
2640 4787 2848 4841 habens
2896 4786 3225 4850 bonitatem,
3259 4803 3366 4840 non
3419 4802 3572 4841 eom-

1996 4896 2216 4935 munem
2246 4888 2428 4934 autem
2462 4895 2587 4934 cum
2626 4878 2785 4933 Patre
2814 4879 3027 4933 obtinet
3063 4889 3314 4931 naturam
3360 4876 3567 4941 Filius,

1995 4974 2140 5029 sicut
2173 4975 2289 5027 vult
2326 4972 2552 5028 haeresis
2580 4991 2593 5028 ε
2630 4975 2723 5042 qui
2759 4972 2916 5026 bona)
2950 4971 3201 5027 essentia!
3234 4978 3316 5022 est
3346 4958 3570 5033 ersnrs,

1993 5077 2047 5122 et
2083 5082 2110 5121 a
2162 5067 2287 5120 honi
2332 5067 2496 5121 etiam
2543 5067 2925 5120 nominatione
2966 5079 3196 5134 prorsus
3221 5073 3306 5118 est
3337 5064 3569 5117 alienus.

1993 5157 2095 5225 Qui
2138 5170 2317 5213 autem
2346 5174 2525 5229 neque
2548 5158 2678 5212 boni
2709 5170 2917 5213 natura:
2941 5198 2955 5221 ,
2988 5172 3167 5226 neque
3191 5156 3574 5226 appellationis

1993 5262 2077 5308 est
2109 5253 2407 5323 particeps,
2439 5268 2545 5305 non
2576 5252 2825 5322 profecto
2854 5253 3140 5321 ignoratur
3166 5250 3422 5320 quisnam
3452 5259 3536 5306 est
3558 5290 3572 5311 ,

1993 5346 2208 5402 etiamsi
2238 5362 2339 5417 ego
2368 5345 2633 5400 maledico
2655 5352 2709 5399 et
2729 5343 2895 5412 impio
2919 5342 3124 5396 nomini
3155 5356 3397 5411 parcam.
3444 5341 3576 5395 Cui-

1990 5438 2076 5492 vis
2119 5437 2267 5491 enim
2315 5436 2667 5491 manifestum
2707 5444 2823 5499 est,
2862 5433 3011 5504 quod
3055 5433 3365 5503 improbum
3414 5433 3577 5503 quid-

1994 5529 2117 5583 dam
2160 5538 2215 5583 et
2262 5531 2601 5582 contrarium
2646 5529 2701 5581 in
2749 5526 2872 5581 Filii
2911 5526 3195 5581 notionem
3247 5527 3577 5581 submittere

1994 5622 2232 5693 maligne
2262 5620 2544 5675 contendit
2576 5619 2901 5677 Eunomius.
2935 5619 3040 5686 Qui
3074 5620 3220 5675 enim
3256 5635 3364 5675 non
3397 5620 3577 5675 bonus

1992 5721 2079 5769 est
2098 5752 2114 5778 ,
2145 5729 2255 5783 quo
2288 5714 2512 5767 nomine
2540 5713 2611 5766 sit
2637 5715 2857 5783 proprie
2883 5713 3264 5784 appellandus,
3285 5712 3460 5768 cuivis
3488 5727 3576 5765 ra-

1994 5804 2163 5861 tionis
2210 5804 2499 5861 discursus
2544 5803 2804 5877 participi
2852 5806 3205 5879 perspicuum
3254 5812 3363 5863 est.
3419 5804 3575 5859 Sicut
