4034 6512
586 329 694 387 859

1824 327 1883 383 S.
1922 325 2248 382 GREGORII
2299 327 2593 383 NYSSENI
3687 338 3770 391 860

585 456 733 511 enim
760 454 853 525 qui
886 470 995 509 non
1031 462 1115 509 est
1147 453 1341 520 fortis,
1369 454 1597 509 timidus
1624 464 1748 515 cst;
1785 454 1877 524 qui
1914 468 2023 507 non
2058 453 2150 522 ju-

2259 453 2329 522 μὴ
2373 454 2571 521 ἀγαθὸς
2613 453 2873 525 rzpdo'qlov
2931 453 3040 523 ἔχει
3100 455 3159 508 τὸ
3202 454 3646 522 ἀντιφωνούμενον
3674 457 3771 509 δνο-

587 558 738 610 ι-ιυε.
780 548 1060 617 iniustus;
1103 548 1196 617 qui
1233 563 1338 601 non
1372 548 1629 616 sapiens,
1664 564 1853 603 amens
1896 556 2020 602 est:
2070 547 2151 601 sic

586 643 679 713 qui
708 656 816 695 non
858 642 1072 703 bonus,
1109 640 1457 711 perspicuum
1500 651 1585 695 est
1628 642 1769 709 quod
1808 657 1875 695 ex
1923 642 2152 693 adverso

584 729 925 799 respondens
954 730 1117 783 habet
1149 746 1389 783 nomen:
1434 730 1500 783 ad
1547 734 1693 799 quod
1732 729 2005 799 Unigeniti
2053 746 2152 782 no-

585 819 788 873 tionem
824 819 1119 873 extrudere
1152 818 1354 873 Christi
1388 829 1731 888 Oppugnator
1759 820 2028 874 violentus
2064 822 2151 872 ni-

588 911 723 964 titur
746 929 760 965 :
790 911 931 964 alius
956 910 1169 973 Manes,
1195 912 1278 964 vel
1308 911 1647 965 Bardesanes
1670 910 1924 965 Ecclesia:
1948 911 2146 965 factus.

589 1000 713 1056 llaec
747 1011 874 1057 sunt
904 1002 959 1055 in
990 1003 1187 1071 quibus
1222 1002 1357 1055 nihil
1394 1018 1518 1057 esse
1552 1010 1800 1055 nostrum
1839 1018 2147 1057 sermonem

584 1094 820 1148 dicimus
845 1094 1062 1148 silentio
1088 1094 1466 1147 eilicaciorem.
1500 1092 1713 1147 lnttnita
1739 1094 1864 1163 quis
1892 1094 2151 1163 prolocu-

586 1195 714 1251 tus,
763 1186 967 1255 quique
1015 1201 1207 1239 omnes
1253 1185 1707 1240 ratiocinationes
1752 1185 2148 1251 commoverit,

587 1278 723 1331 nihil
752 1278 857 1331 tale
887 1276 952 1329 ad
981 1277 1391 1331 accusationem
1424 1277 1661 1340 dixerit,
1705 1278 1868 1347 quale
1919 1278 1988 1331 ab
2040 1278 2149 1332 illis

586 1367 723 1438 ipsis
747 1368 914 1421 libere
943 1366 1289 1435 praedicatur.
1314 1364 1456 1430 Quid
1479 1366 1626 1420 enim
1652 1365 1717 1420 ad
1746 1366 2147 1435 improbitatem

586 1459 711 1529 quis
790 1458 1057 1512 invenerit
1106 1458 1287 1511 acrius
1346 1472 1508 1525 quam
1561 1472 1762 1527 negare
1795 1457 1995 1511 bonum
2028 1471 2151 1511 esse

586 1563 712 1604 eum
735 1547 835 1617 qui
869 1547 924 1601 in
956 1546 1130 1600 forma
1164 1543 1255 1599 Dei
1287 1553 1400 1608 est,
1433 1546 1635 1615 quique
1663 1559 1769 1598 non
1805 1552 1888 1600 est
1918 1544 2152 1598 arbitra-

586 1648 676 1695 tus
706 1639 953 1710 rapinam
984 1654 1108 1693 esse
1133 1637 1244 1692 Deo
1277 1638 1537 1706 aequalem
1565 1637 1587 1688 ?
1612 1635 1705 1691 sed
1736 1636 1828 1705 qui
1867 1635 1935 1689 ad
1972 1635 2154 1689 humi-

588 1732 800 1785 litatem
849 1738 1063 1783 natura:
1114 1728 1363 1783 humana:
1410 1726 1787 1789 descenderit,
1838 1726 2004 1795 idque
2053 1740 2152 1794 pro

2259 560 2368 613 μα·
2425 546 2559 615 πρὸς
2610 545 2639 598 ὃ
2694 545 2792 616 τὴν
2836 545 2927 599 τοῦ
2981 546 3314 613 Μονογενοῦς
3363 545 3562 598 ἔννοιαν
3589 546 3772 609 ἐξωθεῖν

2252 637 2280 687 ὁ
2314 634 2677 705 χριστομάχος
2728 634 2999 704 βιάζεται·
3057 635 3211 696 ἄλλος
3255 636 3473 704 Μάνης,
3519 635 3551 703 ἢ
3600 635 3773 706 Βαρδη-

2254 722 2419 793 σάνης
2473 727 2540 793 τῇ
2598 723 2891 793 Ἐκκλησία
2943 723 3239 793 γινόμενος.
3297 723 3480 777 Ταῦτά
3543 725 3674 777 ἐστιν
3731 730 3774 777 ὲν

2252 811 2333 880 οἷς
2388 817 2539 870 οὐδὲν
2572 818 2665 870 τὸν
2720 816 2876 883 λόγον
2910 817 3064 887 ἡμῶν
3097 813 3234 869 εἶναι
3264 833 3437 885 φαμεν
3475 816 3567 884 τῆς
3598 818 3775 886 σιωπῆς

2252 909 2651 980 ἐνεργέστερον.
2680 909 2865 979 Μυρία
2888 926 2970 971 τις
2995 906 3161 960 εἰπὼν
3194 907 3285 959 κα)⁵
3308 907 3509 969 πάντας
3526 908 3775 977 λογισμοὺς

2252 1002 2581 1069 ἀνακινήσας
2631 1000 2729 1052 οὐκ
2767 1001 2831 1053 ἂν
2879 1000 3019 1052 είποι
3059 997 3296 1051 τοιοῦτον
3354 1001 3431 1061 είς
3484 1000 3775 1067 κατηγορίαν

2251 1094 2421 1157 οὐδὲν,
2451 1088 2561 1146 οἷον
2594 1093 2723 1164 παρ’
2755 1092 2932 1145 αὐτῶν
2965 1093 3186 1145 ἐκείνων
3218 1093 3275 1143 ὲν
3305 1091 3579 1162 παρρησία
3606 1090 3777 1160 κηρύσ-

2253 1202 2427 1238 σεται.
2462 1185 2524 1236 Τί
2553 1186 2660 1256 γὰρ
2686 1187 2750 1240 ἄν
2787 1204 2867 1248 τις
2912 1186 3047 1249 πρὸς
3081 1184 3273 1237 κακίαν
3301 1183 3449 1253 εὖροι
3471 1184 3775 1252 πικρότερον,

2252 1276 2283 1347 ἢ
2304 1276 2364 1328 τὸ
2393 1276 2466 1346 μὴ
2489 1275 2663 1342 λέγειν
2685 1274 2885 1343 ἀγαθὸν
2902 1270 3038 1326 εἶναι
3061 1275 3149 1326 τὸν
3182 1274 3238 1324 ὲν
3268 1275 3446 1342 μορφῇ
3475 1271 3603 1325 Θεοῦ
3635 1275 3779 1345 ὑπάρ-

2250 1385 2433 1437 χοντα,
2468 1368 2560 1420 καὶ
2596 1368 2693 1436 οὐχ
2753 1366 3042 1437 ἁρπαγμὸν
3083 1366 3427 1435 ἡγησάμενον
3467 1363 3525 1415 τὸ
3557 1360 3680 1417 εἶναι
3706 1362 3780 1420 lca.

2251 1458 2406 1529 θεῷ,
2440 1458 2553 1511 ἀλλ’
2581 1458 2675 1511 ἐπὶ
2728 1459 2790 1510 τὸ
2840 1457 3091 1510 ταπεινὸν
3133 1458 3231 1525 τῆς
3263 1454 3600 1525 ἀνθρωπίνης
3643 1473 3780 1509 κατα-

2252 1549 2418 1603 ϐάντα
2455 1550 2697 1618 φύσεως,
2726 1548 2813 1602 διὰ
2844 1548 3011 1618 μόνην
3048 1546 3455 1619 φιλανθρωπίαν
3478 1545 3626 1599 τοῦτο
3648 1550 3779 1616 ποιή-

2255 1660 2421 1695 σαντα
2448 1659 2461 1705 ;
2505 1642 2649 1693 Ἀντὶ
2703 1639 2845 1703 τίνος
2893 1636 3010 1704 οὖν,
3052 1640 3173 1693 εἰπέ
3200 1656 3308 1708 μοι,
3339 1638 3509 1691 ταῦτα
3531 1639 3604 1708 τῷ
3624 1640 3780 1710 Κυρίῳ

2254 1734 2660 1800 ἀνταποδίδοτες
2704 1736 2977 1805 χρήσομαι
3007 1734 3115 1803 γάρ
3146 1737 3211 1803 τῇ
3238 1731 3516 1793 Μωῦσέως
3537 1732 3659 1801 πρὸς
3680 1734 3780 1795 τοὺς

588 1824 706 1878 sola
736 1837 835 1878 sua
865 1821 921 1875 in
950 1836 1126 1890 genus
1154 1821 1452 1875 humanum
1496 1817 1877 1872 benevolentia
1925 1817 2028 1870 hoc
2071 1816 2152 1870 fe-

2266 1826 2597 1897 ἰσραηλίτας
2620 1803 2803 1896 φωνῇ,
2828 1826 2939 1878 Ούκ
2953 1824 3174 1893 ἀγαθὸς,
3202 1826 3348 1889 ὅστις
3362 1842 3422 1879 σε
3445 1826 3586 1879 κόνιν
3612 1828 3781 1895 ἄψυχον

588 1916 725 1970 cerit
744 1916 767 1967 ?
784 1913 955 1983 Cujus
980 1912 1261 1980 causa,dic
1289 1907 1566 1973 milii,h2ec
1588 1908 1817 1964 Domino
1846 1907 2072 1962 redditis
2100 1907 2153 1959 ’ζ’

588 2014 714 2059 utar
736 2005 881 2060 enim
914 2003 1126 2057 Moseos
1154 2002 1220 2056 ad
1249 2001 1527 2056 lsraelitas
1554 2015 1708 2054 voce.
1767 2000 1888 2053 Non
1940 2001 2114 2053 bonus
2135 2037 2150 2059 ,

588 2097 682 2167 qui
718 2106 771 2151 te
799 2111 925 2150 cum
966 2094 1143 2165 pulvis
1194 2093 1473 2147 inanimus
1512 2107 1701 2153 esses,
1744 2090 1931 2144 divina
1981 2089 2152 2143 forma

586 2196 963 2251 exornatum,
1024 2186 1321 2239 animatam
1384 2184 1674 2254 imaginem
1736 2196 1849 2237 suae
1903 2181 2155 2251 potentiae

586 2280 805 2336 erexit?
856 2277 974 2332 Non
1036 2278 1213 2332 bonus
1266 2276 1359 2345 Qui
1415 2283 1638 2345 propter
1690 2283 1742 2328 te
1789 2275 1962 2328 forma
2012 2272 2152 2328 servi

588 2378 809 2440 sumpta
832 2409 846 2433 ,
881 2376 936 2424 et
967 2384 1065 2439 pro
1096 2365 1300 2437 gaudio
1334 2373 1631 2435 praesente,
1666 2364 1747 2417 tui
1776 2365 1987 2433 peccati
2022 2362 2156 2417 allii-

587 2462 802 2518 ctiones
831 2469 887 2516 et
919 2460 1201 2514 cruciatus
1230 2458 1525 2522 abstersit,
1562 2464 1617 2511 et
1646 2471 1743 2526 pro
1774 2465 1866 2509 tua
1896 2463 2070 2510 morte
2098 2470 2157 2511 se

588 2555 823 2626 pretium
854 2554 1033 2618 dedit,
1066 2560 1121 2607 et
1154 2567 1253 2623 pro
1286 2552 1444 2606 nobis
1478 2550 1825 2605 maledictum
1857 2548 1972 2604 sive
1998 2563 2156 2603 exse-

588 2645 769 2701 cratio
798 2654 853 2701 et
880 2652 1164 2714 peccatum
1202 2643 1378 2698 factus
1408 2641 1535 2697 est?

659 2738 845 2809 Neque
884 2736 1125 2792 Marcion
1169 2744 1478 2791 vestrorum
1522 2734 1865 2790 decretorum
1915 2748 2152 2803 prmses,

588 2844 689 2885 vos
721 2830 778 2883 in
808 2829 910 2882 hac
939 2835 1098 2896 parte
1125 2823 1526 2887 emendaverit,
1558 2825 1647 2878 cui
1675 2841 1799 2877 cum
1830 2832 2009 2879 vestra
2038 2838 2157 2879 seno

588 2921 761 2974 tentia
791 2917 1101 2973 communis
1149 2924 1235 2973 est
1279 2914 1506 2970 deorum
1558 2915 1825 2979 dualitas,
1870 2930 2156 2970 commune

588 3013 755 3071 etiam
803 3013 1033 3067 alterum
1085 3012 1155 3065 ab
1207 3012 1381 3065 altero
1423 3010 1725 3065 secundum
1770 3018 2019 3062 naturam
2053 3007 2157 3061 dif-

2254 1916 2382 1969 ὄντα
2408 1916 2629 1969 θεοειδεῖ
2675 1917 2860 1969 κάλλει
2884 1917 3331 1987 κατακοσμήσας,
3372 1917 3609 1989 ἔμψυχον
3631 1920 3781 1971 εἰκόνα

2253 2007 2353 2076 τῆς
2387 2007 2577 2061 ἑαυτοῦ
2633 2008 2909 2078 δυνάμεως
2951 2010 3324 2077 ἀνεπήσατο;
3370 2011 3485 2063 Οὐκ
3528 2010 3726 2076 ἀγαθὸς.
3759 2011 3791 2063 ἁ

2253 2099 2342 2153 διὰ
2370 2100 2429 2153 σὲ
2464 2100 2675 2171 μορφὴν
2699 2100 2882 2153 δούλου
2899 2101 3101 2163 λαϐὼν,
3122 2103 3217 2155 καὶ
3248 2103 3367 2155 ἀντὶ
3401 2103 3500 2173 τῆς
3528 2102 3783 2172 προκειμέ-

2255 2209 2351 2263 νης
2377 2190 2521 2261 αὐτῷ
2545 2193 2713 2263 χαρᾶς
2743 2192 2812 2244 τὰ
2845 2191 3141 2262 παθήματα
3170 2192 3267 2262 τῆς
3292 2195 3388 2261 σῆς
3405 2192 3667 2261 ἁμαρτίας
3681 2193 3785 2243 ἁνα-

2259 2282 2581 2353 μαξάμενος,
2638 2284 2731 2336 καὶ
2787 2283 2911 2346 δοὺς
2954 2284 3143 2336 ἑαυτὸν
3198 2282 3549 2351 ἀντάλλαγμα
3589 2281 3675 2334 τοῦ
3709 2281 3787 2334 σού.

2256 2376 2502 2439 θανάτου,
2532 2378 2625 2429 καὶ
2662 2376 2799 2446 ὑπὲρ
2824 2376 2983 2447 ἡμῶν
3028 2375 3240 2446 κατάρα
3272 2374 3365 2429 κα)⁸
3399 2375 3636 2445 ἁμαρτία
3662 2372 3787 2442 γενό-

2258 2486 2414 2540 μενος
2430 2489 2444 2537 ;

2325 2736 2454 2791 Οὐδὲ
2486 2733 2749 2805 Μαρκίων
2809 2731 2948 2803 ὑμᾶς
2994 2733 3022 2785 ὁ
3066 2729 3175 2782 τῶν
3213 2728 3495 2800 ὑμετέρων
3539 2729 3786 2799 δογμάτων

2256 2829 2597 2900 προστάτης,
2652 2824 2793 2879 κατά
2849 2824 3006 2878 τοῦτο
3053 2823 3216 2894 μέρος
3264 2822 3714 2893 ὲπανορθὼσαιτο·
3749 2811 3784 2887 ᾧ

2256 2920 2431 2975 κοινὸν
2464 2919 2560 2989 μὲν
2605 2917 2740 2989 πρὸς
2783 2916 2844 2970 τὸ
2904 2915 3162 2985 ὑμέτερον
3200 2914 3453 2983 φρόνημα
3483 2911 3585 2965 τῶν
3608 2910 3785 2980 Θεῶνή

2255 3012 2401 3075 δυὰς.
2437 3013 2530 3065 καὶ
2556 3012 2618 3063 τδ
2648 3007 3024 3078 παρηλλάχθαι
3056 3006 3195 3058 κατὰ
3230 3006 3327 3074 τὴν
3361 3004 3525 3073 φύσιν
3566 3006 3783 3073 ἑκάτερον

589 3103 758 3167 ferre,
793 3111 1005 3173 putare.
1052 3100 1158 3157 Sed
1188 3103 1291 3156 hoc
1342 3102 1637 3156 humanius
1680 3108 1800 3161 est,
1850 3099 1995 3167 quod
2048 3098 2154 3153 Deo

2259 3104 2394 3176 πρὸς
2442 3104 2502 3155 τὸ
2529 3103 2713 3171 ἓτερον
2742 3099 2967 3153 οἴεσθαι.
3007 3097 3515 3167 Φιλανθρωπότερον
3561 3092 3686 3148 δὲτὸ
3710 3092 3785 3161 τὴν

589 3192 867 3264 Evangelii
913 3193 1211 3247 bonitatem
1242 3193 1534 3257 attribuit;
1568 3207 1664 3247 vos
1691 3200 1872 3246 autem
1904 3190 2156 3259 unigeni-

590 3292 705 3339 tum
764 3284 931 3338 Deum
982 3300 1011 3337 a
1064 3284 1193 3338 boni
1246 3294 1442 3337 natura
1494 3284 1816 3346 secernitis,
1875 3290 1937 3336 ut
1993 3282 2154 3335 etiam

592 3377 775 3446 ipsum
807 3375 1135 3430 Marcionem
1167 3375 1441 3445 dogmatis
1489 3376 1657 3429 vestri
1712 3374 1975 3443 pravitate
2021 3388 2158 3443 prae-

590 3467 823 3523 cedatis.
858 3466 961 3521 Sed
997 3482 1093 3521 sua
1125 3467 1331 3535 scripta
1356 3466 1697 3529 defendunt,
1746 3474 1801 3522 et
1851 3473 2053 3534 negant
2099 3480 2158 3520 se

591 3557 736 3627 iusta
769 3558 1013 3627 perpeti,
1045 3556 1173 3610 dum
1209 3572 1307 3626 pro
1336 3558 1516 3611 verbis
1553 3556 1853 3626 Scriptura:
1888 3571 2158 3611 accusan-

592 3658 705 3701 tur.
744 3646 925 3718 lpsum
955 3648 1101 3701 enim
1134 3656 1390 3702 asserunt
1420 3646 1708 3702 Dominum
1733 3648 1940 3703 dixisse
1968 3665 1981 3701 :
2015 3646 2157 3701 Nut-

593 3740 676 3792 lus
702 3739 864 3791 bonus
890 3747 967 3791 est
991 3738 1094 3791 nisi
1114 3754 1250 3792 unus
1273 3738 1463 3793 Deus’.
1494 3737 1632 3808 Ergo
1654 3754 1722 3792 ne
1744 3737 2005 3793 adversus
2021 3737 2160 3791 divi-

592 3844 665 3883 na
691 3829 857 3884 verba
885 3830 1159 3883 calumnia
1181 3830 1288 3883 vim
1314 3829 1511 3883 habeat
1531 3870 1545 3893 ,
1572 3830 1750 3900 ipsum
1787 3831 2156 3900 evangelicum

592 3936 901 3976 sermonem
951 3922 1188 3976 breviter
1235 3921 1638 3992 dispescamus.
1698 3920 1959 3976 Juvenem
2012 3921 2160 3975 hunc

594 4014 745 4067 novit
776 4012 1006 4067 historia
1040 4012 1264 4067 divitem
1285 4051 1300 4077 ,
1334 4013 1400 4067 ad
1428 4028 1587 4083 quem
1628 4014 1770 4068 hanc
1801 4028 1983 4067 vocem
2025 4012 2161 4065 dixit

592 4103 899 4158 Dominus:
925 4103 1121 4172 Opinor
1155 4103 1299 4157 hunc
1330 4103 1500 4157 fuisse
1528 4105 1765 4173 aliquem
1798 4104 1892 4172 qui
1922 4104 2007 4157 his
2038 4103 2161 4157 vita:

592 4195 899 4250 commodis
948 4194 1191 4263 jucunde
1248 4194 1545 4258 frueretur,
1604 4196 1806 4264 quique
1854 4209 1985 4249 suas
2028 4209 2161 4263 opes

595 4293 843 4352 amaret;
904 4285 1080 4355 ipsum
1128 4284 1274 4340 enim
1340 4285 1586 4341 doluisse
1648 4286 1931 4356 Scriptura
1991 4295 2161 4340 testa-

595 4383 687 4431 tur
746 4375 815 4429 ad
867 4376 1160 4429 consilium
1207 4376 1580 4432 derelictiouis
1638 4377 1989 4442 divitiarum,
2024 4394 2161 4447 quas

2257 3197 2564 3267 ἀγαθότητα
2588 3194 2665 3264 τῷ
2706 3193 2825 3264 Θεῴ
2864 3192 2955 3246 τοῦ
2997 3190 3325 3258 Εὐαγγελίου
3362 3189 3782 3259 προσμαρτυρεῖν.

2270 3290 2456 3358 Ὑμεῖς
2484 3288 2539 3339 δὲ
2569 3286 2781 3355 καὶτῆς
2820 3284 2911 3337 τοῦ
2960 3281 3162 3350 ἀγαθοῦ
3197 3280 3409 3349 φύσεως
3442 3280 3530 3331 τὸν
3564 3276 3787 3348 μονογενῆ

2258 3381 2388 3435 Θεὸν
2413 3378 2717 3449 ἀφορίζετε,
2770 3377 2845 3439 ὡς
2892 3376 2958 3429 ἂν
2996 3375 3089 3427 καὶ
3125 3374 3215 3426 τὸν
3240 3370 3540 3443 Μαρκίωνα
3558 3373 3619 3439 τῇ
3651 3367 3787 3434 κακίᾳ

2258 3473 2350 3529 τοῦ
2373 3474 2635 3543 δόγματος
2670 3470 2820 3541 ὑμῶν
2855 3468 3283 3540 παραδράμοιτε.
3321 3464 3463 3517 Ἀλλ’
3495 3460 3788 3530 ἀντιλαμϐά-

2258 3583 2435 3620 νονται
2466 3564 2573 3617 τῶν
2597 3560 3015 3631 γεγραμμένων,
3034 3559 3126 3611 καὶ
3141 3556 3201 3610 οὗ
3229 3572 3358 3625 φασι
3376 3555 3558 3607 δίκαια
3574 3553 3771 3620 πάσχειν

2260 3655 2398 3725 ὑπὲρ
2428 3654 2535 3705 τῶν
2558 3656 2655 3721 τῆς
2684 3650 2904 3721 Γραφῆς
2938 3643 3690 3718 ῥημάτωνκατηγορούμενοι.
3712 3639 3790 3691 Δύ-

2258 3746 2348 3798 τὺν
2373 3745 2479 3815 γὰρ
2508 3744 2756 3810 λέγουσιν
2784 3738 3061 3810 εἰρηκέναι
3094 3735 3184 3790 τὸν
3220 3734 3423 3803 Κύριον
3470 3733 3529 3785 τὸ
3554 3773 3569 3795 ,
3616 3727 3792 3790 Οὐδείς

2259 3836 2477 3905 ἀγαθὸς
2525 3836 2578 3887 εί
2627 3832 2712 3901 μὴ
2757 3830 2843 3895 εἷς
2883 3832 2915 3883 ὁ
2964 3829 3127 3894 Θεός.
3181 3825 3385 3880 Οὐκοῦν
3417 3825 3494 3888 ὡς
3532 3824 3594 3877 ἂν
3623 3822 3690 3892 μὴ
3718 3818 3793 3872 καὶ

2262 3924 2400 3980 κατά
2445 3923 2552 3977 τῶν
2585 3922 2743 3975 θείων
2787 3918 3043 3989 ῥημάτων
3094 3919 3129 3989 ἡ
3163 3914 3495 3984 συκοφαντία
3522 3912 3615 3984 τὴν
3666 3909 3791 3979 ίσχῦν

2262 4018 2394 4087 ἔχοι.
2419 4015 2577 4069 αὐτὸν
2594 4015 2683 4067 τὸν
2714 4011 3074 4080 Εὐαγγελικὸν
3106 4010 3261 4078 λόγον
3283 4011 3339 4061 ὲν
3370 4008 3535 4076 ὀλίγῳ
3556 4001 3790 4073 διαληιῖιὼ⁸

2267 4109 2424 4178 μεθα.
2449 4108 2585 4162 Νέον
2617 4104 2722 4161 οἶδε
2750 4104 2931 4158 τοῦτον
2960 4106 2993 4173 ἡ
3026 4104 3230 4174 ἱστορία
3258 4101 3347 4153 τὸν
3392 4098 3655 4158 πλούσιον,
3684 4092 3793 4160 πρὸς

2262 4199 2320 4250 ὂν
2348 4212 2479 4266 φησι
2526 4195 2624 4264 τὴν
2667 4193 2846 4263 φωνὴν
2905 4192 3108 4261 ταύτην
3152 4189 3390 4259 Κύριος·
3434 4181 3791 4241 ἀπολαυστικὸν

2263 4287 2413 4358 οἶμαί
2435 4305 2553 4338 τινα
2569 4285 2675 4338 τῶν
2695 4284 2834 4337 κατὰ
2861 4284 2951 4336 τὸν
2974 4282 3085 4351 βίον
3109 4280 3295 4350 ἡδέων,
3319 4281 3414 4333 καὶ
3439 4278 3791 4349 φιλοκτήμονα·

2263 4377 2542 4431 λυπεῖσθαι
2597 4376 2702 4445 γὰρ
2734 4375 2890 4428 αὐτόν
2917 4391 3048 4443 φησι
3089 4372 3221 4444 πρὸς
3263 4371 3360 4442 τὴν
3394 4370 3686 4441 συμϐουλὴν
3716 4366 3794 4433 τῆς

597 4466 715 4536 ipse
745 4465 1090 4535 possidebat,
1123 4475 1177 4520 et
1217 4468 1461 4523 noluisse
1498 4477 1814 4537 permutare
1854 4485 1983 4524 suas
2028 4485 2157 4538 opes

2269 4471 2375 4524 τῶν
2405 4468 2712 4539 προσόντων
2750 4465 2897 4537 αὐτῷ
2930 4466 3302 4535 ἀποκτήσεως,
3325 4464 3420 4515 καὶ
3461 4462 3583 4533 μηθ’
3612 4458 3794 4513 ἑλέσθαι

597 4573 721 4612 cum
748 4557 859 4610 vita
883 4565 1107 4612 aeterna.
1134 4557 1232 4613 llic
1256 4561 1513 4629 quoniam
1540 4562 1663 4616 vitae
1688 4572 1902 4617 aeterna:
1930 4564 2163 4632 aliquem

598 4648 919 4719 magistrum
963 4650 1252 4706 advenisse
1296 4651 1574 4716 audierat,
1610 4669 1705 4723 spe
1756 4663 2018 4724 perpetuo
2055 4655 2167 4709 fru-

596 4741 724 4796 endi
750 4740 965 4796 deliciis
989 4780 1005 4805 ,
1032 4742 1080 4797 si
1105 4743 1159 4797 in
1188 4743 1457 4798 inﬁnitum
1486 4745 1595 4798 vita
1617 4745 1721 4801 sibi
1748 4745 2167 4810 extenderetur,

597 4833 726 4888 boni
762 4834 1131 4905 appellatione
1170 4834 1456 4889 Dominum
1490 4835 1689 4889 blande
1721 4848 1950 4906 captans
1988 4840 2167 4892 nomi-

598 4928 783 4990 navit,
832 4927 943 4981 imo
981 4942 1112 4981 vero
1155 4942 1266 4981 non
1312 4943 1436 4981 eum
1481 4944 1643 4997 quem
1682 4928 2013 5000 intelligeret
2046 4947 2166 4985 esse

598 5019 888 5074 Dominum
909 5060 923 5084 ,
960 5020 1054 5075 scd
1085 5035 1208 5074 eum
1240 5034 1401 5088 quem
1440 5019 1493 5072 in
1535 5018 1708 5073 forma
1736 5023 1877 5074 servi
1913 5023 2119 5076 videret
2151 5040 2163 5073 :

599 5126 707 5163 non
766 5111 908 5162 enim
944 5110 989 5163 is
1022 5118 1175 5175 erat,
1208 5110 1299 5179 qui
1331 5110 1516 5164 carnis
1544 5110 1945 5178 operimentum
1979 5121 2168 5180 posset

598 5201 913 5267 diliindere,
944 5211 999 5256 et
1031 5202 1339 5255 divinitatis
1389 5203 1599 5256 aditum
1643 5203 2024 5272 introspicere.
2062 5206 2167 5271 Qui

600 5292 768 5361 igitur
808 5294 973 5347 corda
1023 5296 1266 5348 intuetur
1312 5294 1607 5357 Dominus,
1662 5296 1871 5349 sciebat
1919 5296 1984 5349 ad
2036 5299 2165 5366 quid

602 5384 1098 5452 spcctansjuvenis
1135 5385 1226 5438 ille
1271 5385 1497 5454 supplex
1538 5392 1823 5447 oraverat,
1871 5386 2015 5454 quod
2060 5404 2164 5441 non

600 5475 791 5544 utique
812 5474 879 5529 ad
908 5474 1247 5530 divinitatem
1274 5477 1470 5529 mentis
1502 5476 1673 5530 aciem
1704 5476 1965 5530 intentam
1999 5479 2165 5533 habe-

600 5574 719 5632 ret,
749 5566 843 5623 sed
877 5566 1149 5622 hominem
1186 5574 1396 5622 tantum
1427 5568 1655 5637 rogabat
1723 5568 2045 5639 magistrqu
2080 5572 2170 5627 bo-

676 5743 693 5776 ¹
736 5742 888 5797 Dent.
928 5748 1165 5809 “$11.6.
1207 5743 1433 5800 ’Matth.
1474 5762 1582 5809 xix,
1628 5744 1683 5799 l7
1729 5761 1844 5819 sqq.

2265 4562 2373 4615 τῶν
2395 4560 2687 4631 κτημάτων
2703 4558 2799 4629 τὴν
2819 4558 2958 4628 ζωὴν
2978 4555 3422 4621 ἀνταλλάξασθαι.
3443 4550 3607 4616 Οὗτος
3641 4548 3792 4615 ἐπειδή

2265 4675 2387 4711 τινα
2418 4654 2561 4725 ζωῆς
2587 4654 2805 4715 αἰωνίας
2836 4650 3283 4720 ἐπιδεδημηκέναι
3326 4647 3632 4702 διδάσκαλον
3657 4644 3792 4712 ἡκου-

2268 4767 2378 4809 σεν,
2434 4747 2606 4799 ἑλπίδι
2652 4744 2742 4797 τοῦ
2776 4747 2855 4807 εἰς
2885 4744 2967 4797 ἀεὶ
3008 4744 3322 4812 τρυφήσειν.
3371 4734 3794 4810 παρατεινομένης

2266 4838 2414 4909 αὐτῷ
2445 4841 2543 4908 τῆς
2583 4837 2725 4906 ζωῆς
2756 4838 2833 4898 εἰς
2876 4835 3178 4895 ἀτέλευτον,
3218 4830 3443 4901 προσῄει
3476 4825 3718 4882 θωπεύων
3742 4822 3792 4887 τῇ

2265 4931 2358 4983 τοῦ
2392 4928 2595 4997 ἀγαθοῦ
2628 4927 2965 4997 προσηγορία
3007 4926 3094 4978 τὸν
3136 4924 3361 4993 Κύριον,
3396 4921 3590 4992 μᾶλλον
3629 4912 3796 4981 δὲούχὶ

2267 5022 2357 5073 τὸν
2390 5019 2672 5088 νοούμενον
2708 5017 2930 5087 Κύριον,
2958 5015 3091 5068 ἀλλὰ
3120 5014 3207 5066 τὸν
3225 5013 3542 5081 φαινόμενον
3566 5012 3619 5062 ὲν
3641 5008 3699 5075 τῇ
3722 5000 3795 5055 τοῦ

2267 5112 2451 5166 δούλου
2480 5113 2677 5181 μορφῇ.
2700 5110 2772 5161 Ού
2803 5108 2908 5176 γάρ
2926 5105 3181 5167 τοιοῦτος,
3209 5099 3317 5166 οἷος
3338 5103 3571 5171 διασχεῖν
3591 5099 3645 5151 τὸ
3666 5108 3799 5147 κατα-

2270 5206 2522 5273 πέτασμα
2584 5202 2680 5271 τῆς
2738 5198 2958 5265 σαρκὸς,
3018 5196 3112 5249 καὶ
3153 5195 3329 5247 etiam
3369 5190 3581 5261 ἰσχύσαι
3619 5187 3672 5239 τὸ
3720 5183 3797 5249 τῆς

2272 5296 2520 5366 θεότητος
2546 5294 2753 5349 ἄδυτον.
2793 5292 2850 5343 Ὀ
2878 5291 3053 5342 τοίνυν
3082 5289 3178 5351 τὰς
3207 5286 3429 5357 καρδίας
3458 5282 3594 5352 ὁρῶν
3607 5276 3794 5347 Κύριος.

2274 5384 2379 5440 εἶδε
2418 5387 2552 5458 πρὸς
2573 5387 2599 5437 ὅ
2620 5403 2670 5437 τι
2697 5384 2905 5453 βλέπων
2936 5384 2964 5434 ὁ
2997 5380 3111 5441 νέος
3149 5378 3406 5442 ἱκέτευεν,
3434 5376 3513 5427 ὅτι
3542 5370 3656 5440 οὐχὶ
3688 5362 3796 5435 πρὸς

2272 5480 2333 5533 τὸ
2371 5480 2511 5532 θεῖον
2550 5475 2659 5547 εἶχε
2698 5476 2793 5547 τὴν
2829 5474 3005 5542 ψυχὴν
3060 5469 3425 5533 ἀτενίζουσαν,
3455 5463 3587 5518 ἀλλὰ
3613 5461 3695 5513 τὸν

2276 5572 2491 5645 θρωπον
2541 5542 2785 5641 shape;
2827 5563 3141 5621 διδάσκαλον
3185 5560 3384 5630 ἀγαθὸν
3412 5554 3680 5619 ὀνομάζων
3731 5542 3798 5599 διὰ
