4034 6538
317 392 415 447 8M
526 346 531 359 κ

1441 389 1720 448 CONTRA
1758 386 2145 455 EUNOMIUM,
2179 389 2307 445 LIB.
2344 388 2434 444 XI.

3452 388 3556 442 862

320 500 420 569 τὴν
441 499 630 553 ἐλπίδα
666 460 755 553 τοῦ
787 500 975 570 μαθεῖν
1000 502 1061 554 τὸ
1088 497 1297 554 τοιοῦτο
1314 501 1562 573 μάθημα,
1586 503 1654 556 δι’
1682 498 1743 559 οῦ
1781 520 1885 555 κω-

1988 516 2120 555 num
2152 500 2435 571 appellans
2462 519 2475 554 :
2512 514 2609 568 spe
2635 498 2882 555 discendi
2919 501 3083 556 talem
3112 500 3417 556 doctrinam
3445 516 3551 570 qua

319 590 650 659 λυθήσεσθαι
685 594 989 663 προσεδόκα
1016 593 1106 647 τὸν
1135 594 1383 647 θάνατον.
1425 594 1633 649 Οὐκοῦν
1667 596 1889 658 εἰκότως

315 685 347 736 ὁ
384 682 753 754 παρακληθεὶς
805 685 933 756 παρ’
964 684 1148 749 αὑτοῦ,
1188 679 1340 749 οὗτος
1383 688 1476 740 καὶ
1515 688 1884 758 ἀποκρίνεται.

317 774 432 843 Τῆς
455 774 563 844 γὰρ
590 775 876 840 ἐντεύξεως
908 777 969 829 οὐ
1004 777 1138 846 πρὸς
1172 780 1263 832 τὸν
1297 778 1428 831 Θεὸν
1462 778 1631 845 Λόγον
1659 795 1885 848 γεγενη-

321 866 512 935 μένης,
538 865 844 928 ἀκολούθως
870 866 964 920 xui.
982 868 1015 937 ή
1034 868 1320 940 ἀπόκρισις
1341 871 1406 922 ὲκ
1430 870 1523 922 τοῦ
1550 869 1887 941 ἀνθρωπίνου

323 956 460 1027 πρὸς
490 957 581 1009 τὸν
611 956 921 1011 ἱκετεύοντα
938 958 1165 1026 γίνεται,
1183 959 1374 1030 διπλῆν
1390 960 1669 1028 ἐπάγουσα
1692 961 1770 1031 τῷ
1785 961 1889 1032 νέῳ

315 1049 416 1114 τὴν
454 1049 748 1103 παίδευσιν.
799 1050 1048 1103 Διδάσκει
1074 1050 1181 1123 γὰρ
1209 1052 1350 1106 κατά
1377 1054 1591 1120 ταύτὸν⁹
1618 1056 1699 1108 ὅτι
1722 1072 1780 1107 τε
1810 1054 1889 1125 τῷ

318 1141 422 1210 βίῳ
443 1142 726 1212 προσήκει,
758 1142 852 1195 καὶ
879 1143 1001 1213 οὐχὶ
1025 1143 1280 1214 ῥημάτων
1298 1145 1540 1216 εὐφημίᾳ
1567 1145 1887 1217 θεραπεύειν

313 1231 381 1283 τὸ
405 1231 576 1293 Θεῖον,
635 1233 692 1283 ἐν
739 1231 817 1302 τῷ
848 1234 945 1296 τὰς
973 1234 1188 1299 ἐντολὰς
1219 1238 1411 1298 ποιεῖν,
1446 1238 1537 1290 καὶ
1578 1239 1887 1309 προσόντων

317 1322 536 1376 πάντων
560 1322 812 1377 ὠνεῖσθαι
840 1325 937 1396 τὴν
957 1325 1171 1380 αἰώνιον
1192 1326 1357 1399 ζωὴν,
1372 1330 1465 1383 καὶ
1490 1330 1571 1384 ὅτι
1594 1331 1654 1384 τὸ
1676 1332 1885 1401 ἀνθρὼ-

316 1431 474 1468 πινον
500 1416 557 1467 ὲν
582 1416 814 1489 πονηρίᾳ
858 1417 943 1469 διὰ
971 1419 1069 1487 τὴν
1107 1419 1377 1491 ἁμαρτίαν
1415 1423 1721 1492 γενόμενον,
1755 1424 1888 1476 ἀποι

314 1505 569 1575 κέκριται
594 1507 693 1577 τῆς
743 1509 939 1578 κυρίας
975 1509 1068 1563 τοῦ
1122 1511 1326 1579 ἀγαθοῦ
1374 1512 1635 1584 κλήσεως.
1672 1516 1779 1568 Καὶ
1798 1514 1888 1569 διά

314 1596 477 1650 τοῦτό
503 1615 636 1668 φησι
660 1613 675 1628 ο
716 1600 777 1653 Τί
796 1617 872 1669 με
902 1600 1097 1671 λέγεις
1142 1605 1404 1672 ἁγαθόν;
1434 1605 1532 1659 Διά
1567 1605 1662 1660 τοῦ
1690 1609 1883 1673 εἰπεῖν,

315 1688 447 1758 ἐμὲ,
492 1692 592 1762 τὴν
632 1691 974 1766 ἀνθρωπίνην
1023 1697 1181 1765 φύσιν
1237 1699 1335 1768 τὴν
1379 1700 1508 1771 περὶ
1552 1701 1714 1754 αὐτὸν
1756 1704 1888 1756 ὑπο-

312 1778 575 1834 δεικνύων
604 1781 682 1852 τῷ
717 1783 883 1854 λόγῳο
920 1788 985 1856 τῇ
1032 1787 1088 1839 δὲ
1131 1788 1344 1858 θεότητι
1389 1794 1887 1863 προσμαρτυρήσας

311 1870 415 1941 τὴν
456 1872 785 1944 ἀγαθὸτητα,
823 1877 1011 1930 ἑαυτὸν
1039 1878 1293 1949 ἄντικρυς
1320 1881 1523 1949 ἀγαθὸν
1551 1883 1882 1954 ἀπεφήνατο,

308 1961 406 2015 τὸν
439 1962 654 2033 ἀληθῶς
689 1966 792 2017 ὑπὸ
816 1967 908 2019 τοῦ
935 1969 1262 2037 Εύαγγελίου
1294 1971 1425 2025 Θεὸν
1456 1974 1882 2045 κηρυσσόμενον.

311 2053 379 2107 Ei
411 2053 510 2124 μὲν
537 2055 644 2128 γὰρ
670 2057 1072 2128 ἀπεσχοινίζετο
1098 2065 1198 2133 τῆς
1228 2063 1321 2115 τοῦ
1356 2064 1488 2117 Θεοῦ
1518 2069 1887 2140 προσηγορίας

310 2147 337 2197 ξ
362 2150 657 2219 μονογενὴς
708 2149 853 2213 Υἱὸς,
908 2153 1007 2205 οὑκ
1037 2148 1106 2224 ἦν
1143 2154 1339 2209 ἄτοπον
1370 2156 1500 2221 ἴσως
1530 2157 1590 2211 τὸ
1609 2159 1885 2233 ἀλλότριον

309 2239 475 2291 αὑτὸν
511 2242 602 2293 καὶ
627 2241 725 2310 τῆς
759 2240 851 2294 τοῦ
881 2242 1084 2311 ἀγαθοῦ
1106 2249 1474 2319 προσηγορίας
1500 2250 1728 2306 οἴεσθαι.

384 2417 448 2470 Ei
472 2417 529 2469 δὲ
558 2417 619 2487 δὴ
649 2419 743 2472 καὶ
759 2425 1057 2492 προφῆται,
1079 2426 1173 2478 καὶ
1222 2426 1618 2493 εὐαγγελισταὶ,
1637 2429 1730 2482 καὶ
1752 2430 1885 2483 ἀλιιιό⁸

309 2506 489 2560 στολοι
507 2507 759 2563 διαϐοῶσι
773 2511 864 2564 τοῦ
877 2514 1210 2581 Μονογενοῦς
1224 2517 1323 2587 τὴν
1338 2516 1582 2590 θεότητα⁶
1600 2524 1885 2592 μαρτυρεῖ-

305 2612 400 2650 ται
414 2598 469 2651 δὲ
482 2601 609 2670 παρ’
622 2602 786 2654 αὑτοῦ
807 2602 1009 2673 Κυρίου
1023 2605 1099 2676 τῷ
1116 2606 1232 2677 Θεῷ
1247 2611 1538 2678 προσήκειν
1558 2611 1618 2664 τὸ
1632 2613 1729 2681 τῆς
1746 2614 1883 2680 ἀγα-

308 2687 531 2758 θότητος
551 2691 717 2761 ὄνομα
737 2709 749 2722 ·
781 2693 897 2757 πῶς
916 2696 975 2747 ού
993 2700 1235 2751 κοινωνεῖ
1254 2699 1349 2768 τῆς
1371 2701 1696 2770 ἁγαθότητος
1724 2705 1752 2755 ό
1773 2720 1885 2754 κοι-

306 2780 495 2833 νωνῶν
510 2781 606 2851 τῆς
625 2781 873 2853 θεότητος
894 2802 907 2850 ;
929 2786 1049 2838 Ὀτι
1078 2787 1186 2859 γὰρ
1210 2790 1299 2843 καὶ
1319 2791 1587 2861 προφῆται
1604 2792 1733 2846 Θεὸν
1754 2795 1882 2863 ὁμο-

306 2870 522 2937 λογοῦσι
548 2873 637 2925 τὸν
654 2873 873 2944 Κύριον,
893 2878 985 2929 καὶ
1011 2879 1407 2947 εύαγγελισταὶ,
1427 2882 1519 2935 καὶ
1537 2883 1773 2953 μαθηταὶ
1789 2884 1882 2937 καὶ

306 2963 615 3027 ἀπόστολοι,
656 2965 831 3028 οὐδεὶς
858 2965 999 3021 οὕτω
1034 2969 1142 3021 τῶν
1179 2970 1613 3042 θείωνάμύητος,
1641 2973 1716 3037 ὡς
1738 2972 1881 3044 λόγῳ

305 3053 513 3105 δεῖσθαι
546 3055 670 3124 περὶ
704 3055 905 3110 τούτων
939 3058 1149 3128 μαθεῖν.
1175 3060 1269 3124 Τίς
1297 3062 1403 3132 γὰρ
1432 3063 1529 3115 οὐκ
1551 3058 1689 3115 οἶδεν
1720 3064 1778 3117 ἐν
1813 3066 1877 3135 τῇ

303 3144 542 3216 τετάρτῃ
570 3146 663 3197 καὶ
685 3152 1094 3220 τεσσαρακοστῇ
1120 3150 1426 3223 ψαλμῳδίᾳ,
1464 3154 1544 3206 ὅτι
1571 3153 1703 3207 Θεὸν
1730 3155 1880 3226 παρὰ
1907 3179 1948 3236 c

304 3234 444 3289 Θεοῦ
466 3238 768 3307 χριόμενον,
802 3239 892 3292 τὸν
910 3241 1141 3311 Χριστὸν
1166 3243 1194 3295 ὁ
1213 3244 1501 3315 Προφήτης
1530 3244 1879 3315 διακηρύσσει

304 3325 386 3395 τῷ
430 3327 609 3398 λόγῳ;
646 3331 738 3382 καὶ
782 3330 943 3384 πάλιν
990 3333 1081 3384 τὸν
1139 3334 1361 3387 Ἡσαΐαν
1407 3334 1547 3387 οὕτω
1601 3336 1879 3407 προδήλως

306 3418 516 3485 βοῶντα
540 3420 632 3472 τοῦ
670 3421 800 3474 Υίοῦ
831 3422 926 3494 τήν
952 3424 1199 3495 θεότητα,
1226 3424 1308 3489 τίς
1344 3426 1530 3494 ἀγνοεῖ
1558 3426 1668 3479 τῶν
1700 3426 1882 3480 καθω-

308 3508 617 3579 μιληκότων
635 3514 701 3583 τῇ
722 3516 1023 3585 προφητείᾳ
1045 3532 1058 3581 ;
1093 3516 1180 3570 Ἐν
1202 3511 1283 3579 οἷς
1303 3516 1443 3586 μετά
1457 3517 1565 3570 τῶν
1592 3517 1767 3571 ἄλλων
1786 3519 1880 3571 καὶ

304 3599 468 3653 τοῦτό
498 3619 659 3673 φησιν
680 3644 694 3667 ,
726 3605 804 3657 ὅτι
855 3607 1129 3675 Σαϐαεὶμ,
1159 3608 1380 3676 ἄνδρες
1409 3609 1637 3677 ὑψηλοὶ
1673 3610 1773 3663 ἐπὶ
1808 3609 1883 3663 σὲ

307 3691 720 3760 διαϐήσονται,
752 3696 851 3751 καὶ
878 3697 975 3749 σοὶ
1018 3698 1259 3752 ἔσονται
1287 3698 1495 3755 δοῦλοι
1514 3742 1529 3765 ,
1559 3701 1658 3754 καὶ
1690 3703 1882 3755 ὀπίσω

302 3797 428 3837 σου
459 3785 950 3855 ἀκολουθήσουσι
987 3788 1292 3858 δεδεμένοι
1335 3792 1743 3860 χειροπέδαις,
1783 3793 1882 3846 καὶ

303 3876 378 3929 ἐν
399 3877 500 3930 σοὶ
534 3878 991 3945 προσεύξονται,
1022 3880 1112 3935 ὅτι
1134 3883 1204 3935 ἐν
1232 3883 1333 3936 σοι
1372 3888 1405 3938 ό
1444 3884 1609 3949 Θεὸς,
1642 3886 1741 3939 καὶ
1770 3888 1880 3940 οὐκ

304 3969 441 4022 ἔστι
478 3970 618 4036 Θεὸς
667 3971 833 4038 πλὴν
862 3972 997 4027 σοῦ.
1026 3976 1109 4027 Σὺ
1138 3975 1248 4044 γὰρ
1276 3971 1336 4028 εἷ
1375 3978 1407 4029 ό
1443 3978 1605 4042 Θεός.
1648 3979 1741 4041 Τίς
1772 3977 1881 4050 γὰρ

307 4057 469 4120 ἄλλος
489 4058 620 4121 Θεὸς
642 4060 669 4110 ό
702 4061 759 4111 ἐν
784 4059 961 4129 ἑαυτῴ
983 4060 1113 4114 Θεὸν
1144 4062 1300 4132 ἔχων,
1330 4064 1424 4116 καὶ
1445 4065 1603 4127 αὐτὸς
1622 4065 1696 4117 ὢν
1728 4068 1879 4130 Θεὸς,

308 4149 454 4219 πλὴν
486 4149 578 4202 τοῦ
617 4150 953 4217 Μονογενοῦς
972 4195 985 4216 ,
1010 4153 1317 4207 εἰπάτωσαν
1346 4157 1393 4208 oi
1424 4156 1521 4226 τῆς
1548 4158 1881 4227 προφητείας

309 4242 553 4312 ἀνήκοοι·
589 4242 687 4313 τὴν
716 4242 773 4296 δὲ
804 4243 897 4295 τοῦ
936 4245 1279 4318 Ἐμμανουήλ
1313 4248 1629 4319 ἑρμηνείαν,
1665 4252 1758 4304 καὶ
1782 4251 1881 4321 τὴν

307 4332 403 4386 τοῦ
435 4333 605 4404 Θωμᾶ
626 4333 761 4403 μετά
796 4336 889 4406 τὴν
917 4336 1209 4404 ἐπίγνωσιν
1237 4339 1546 4407 ὁμολογίαν,
1576 4342 1677 4411 τήν
1701 4359 1760 4394 τε
1786 4342 1881 4395 τοῦ

322 4424 568 4479 Ἰωάννου
595 4426 1022 4496 μεγαλοφωνίαν,
1050 4430 1122 4493 ὡς
1152 4431 1417 4502 πρόδηλον
1451 4428 1614 4486 οὖσαν
1646 4434 1738 4487 καὶ
1772 4438 1882 4499 τοῖς

1992 600 2226 646 mortem
2262 590 2515 663 impediri
2546 598 2601 645 et
2627 591 2803 645 arceri
2844 606 3007 660 posse
3054 593 3323 647 crederet.
3359 591 3553 646 Merito

1990 683 2158 753 igitur
2185 685 2277 753 qui
2306 692 2533 739 vocatus
2560 691 2678 738 erat
2710 682 2777 738 ab
2820 684 2970 752 ipso,
3004 684 3091 737 hic
3120 684 3283 737 etiam
3325 699 3554 752 respon-

1989 774 2112 830 det:
2138 774 2394 845 quoniam
2423 789 2530 829 non
2561 774 2628 828 ad
2659 772 2827 829 Deum
2851 773 3087 829 Verbum
3118 773 3261 829 facta
3291 784 3409 830 erat
3433 776 3551 829 col-

1989 865 2191 920 locutio
2210 907 2225 931 ,
2253 875 2655 935 consequenter
2684 864 2850 919 etiam
2877 865 2944 919 ab
2970 865 3307 920 humanitate
3330 866 3394 919 ad
3420 882 3550 935 sup-

1988 956 2278 1025 plicantem
2301 955 2361 1009 iit
2396 954 2703 1025 responsio,
2731 953 3001 1024 duplicem
3024 954 3212 1024 juveni
3246 957 3547 1012 institutio-

1988 1062 2111 1101 nem
2134 1047 2399 1102 inducens
2426 1066 2439 1100 :
2466 1061 2565 1116 per
2579 1045 2830 1101 eumdem
2856 1047 3001 1100 enim
3026 1062 3334 1102 sermonem
3359 1048 3545 1115 docet,

1989 1137 2133 1208 quod
2160 1153 2269 1193 non
2297 1138 2454 1193 bonis
2482 1138 2665 1193 verbis
2685 1177 2700 1202 ,
2732 1137 2826 1193 sed
2859 1147 3007 1192 recta
3034 1139 3142 1193 vita
3171 1139 3336 1193 Deum
3366 1140 3550 1195 colere

1986 1238 2042 1285 et
2064 1230 2333 1285 honorare
2355 1230 2629 1293 convenit,
2649 1229 2702 1283 in
2728 1229 3093 1300 exsequendis
3112 1230 3232 1300 ejus
3256 1231 3546 1296 mandatis,

1986 1331 2040 1377 et
2067 1323 2122 1376 in
2152 1321 2453 1378 vendendis
2487 1322 2741 1379 omnibus
2772 1308 3155 1388 facultatibus,
3206 1332 3265 1377 ut
3301 1324 3428 1379 inde
3467 1326 3549 1379 vi-

1987 1425 2095 1468 tam
2140 1426 2396 1469 aeternam
2428 1424 2613 1483 posset
2645 1430 2846 1471 emere.
2878 1414 3017 1469 Tum
3053 1415 3215 1470 etiam
3261 1416 3407 1485 quod
3450 1417 3551 1470 hu-

1986 1521 2147 1560 mana
2186 1514 2383 1561 natura
2426 1506 2482 1560 in
2527 1507 2672 1561 malo
2716 1522 2815 1576 per
2856 1514 3145 1577 peccatum
3189 1508 3488 1563 constituta
3517 1523 3550 1562 a

1986 1614 2114 1653 vera
2163 1609 2218 1653 et
2265 1600 2485 1670 propria
2536 1599 2668 1654 boni
2721 1599 3084 1669 appellatione
3111 1600 3434 1655 secernitur.
3484 1598 3551 1654 Et

1987 1700 2245 1759 praeterea
2279 1690 2413 1746 dicit
2443 1708 2456 1745 :
2497 1690 2638 1756 Quid
2669 1707 2749 1744 me
2782 1690 2919 1744 dicis
2951 1690 3143 1745 bonum
3166 1693 3191 1745 ἶ)
3211 1690 3344 1747 Cum
3374 1693 3548 1759 dixit,

1986 1797 2101 1845 me,
2134 1782 2429 1837 humanam
2478 1794 2729 1837 naturam
2779 1798 2902 1853 qua:
2951 1784 3127 1853 ipsum
3175 1784 3551 1840 circumdabat

1987 1872 2265 1939 ostendit;
2298 1880 2355 1926 at
2384 1888 2509 1927 cum
2539 1888 2797 1929 sermone
2827 1872 3103 1927 divinitati
3137 1873 3438 1929 bonitatem
3475 1885 3552 1930 at-

1986 1963 2215 2030 tribuit,
2248 1964 2485 2034 seipsum
2531 1979 2563 2019 e
2611 1964 2841 2035 vestigio
2889 1965 3092 2021 bonum
3137 1970 3547 2037 pronuntiavit,

1984 2057 2077 2127 qui
2105 2071 2234 2111 vere
2262 2056 2331 2111 ab
2368 2055 2664 2126 Evangelio
2706 2057 2850 2113 Deus
2898 2058 3244 2128 praedicatur.
3299 2062 3357 2116 Si
3403 2062 3546 2116 enim

1985 2155 2245 2215 tanquam
2275 2145 2526 2200 funiculo
2559 2145 2914 2202 divelleretur
2965 2163 2994 2202 a
3041 2148 3132 2203 Dei
3186 2152 3549 2220 appellatione

1984 2240 2303 2309 unigenitus
2335 2238 2544 2303 Filius,
2581 2254 2688 2293 non
2737 2247 2883 2294 esset
2929 2239 3227 2295 absurdum
3276 2242 3545 2305 fortasse,

1985 2333 2161 2403 ipsum
2190 2346 2219 2383 a
2250 2330 2378 2384 boni
2407 2330 2767 2400 appellatione
2791 2338 2981 2398 putare
3008 2330 3266 2386 alienum.

2053 2420 2208 2487 Quod
2251 2421 2299 2475 si
2341 2419 2654 2491 prophetae,
2695 2430 2748 2474 et
2791 2420 3171 2491 evangelista,
3215 2428 3269 2475 et
3309 2422 3545 2491 apostoli

1984 2511 2259 2583 Unigeniti
2292 2512 2631 2567 divinitatem
2662 2511 2962 2574 celebrant,
3003 2512 3119 2582 ipse
3145 2523 3322 2567 autem
3362 2512 3545 2570 Domi-

1988 2620 2094 2659 nus
2124 2610 2357 2658 testatur
2384 2602 2642 2658 bonitatis
2687 2616 2882 2658 nomen
2919 2600 3033 2657 Deo
3067 2605 3377 2668 convenire,
3412 2622 3547 2675 quo-

1982 2697 2144 2751 modo
2192 2711 2302 2750 non
2353 2695 2625 2765 particeps
2674 2702 2760 2749 est
2804 2694 3065 2749 bonitatis
3110 2696 3202 2765 qui
3244 2695 3545 2754 divinitatis

1983 2804 2211 2844 consors
2257 2798 2341 2843 est
2377 2795 2433 2841 et
2477 2788 2789 2857 particeps?
2834 2786 2989 2852 Quod
3033 2789 3175 2842 enim
3222 2789 3385 2843 etiam
3420 2805 3547 2860 pro-

1982 2883 2157 2949 pheta:
2188 2878 2475 2932 Dominum
2505 2878 2672 2931 Deum
2709 2877 3059 2941 conﬁtentur,
3090 2888 3145 2934 et
3177 2882 3541 2953 evangelista,

1982 2973 2110 3028 item
2144 2971 2398 3042 discipuli
2427 2979 2482 3024 et
2509 2969 2765 3041 apostoli,
2809 2971 2992 3025 nullus
3023 2986 3197 3041 usque
3225 2972 3361 3027 adeo
3392 2974 3544 3029 rudis

1980 3071 2064 3120 est
2102 3072 2156 3120 et
2197 3064 2423 3134 ignarus
2470 3062 2778 3117 divinorum
2830 3068 2884 3116 et
2927 3076 3037 3115 non
3072 3062 3341 3127 initiatus,
3374 3072 3435 3118 ut
3476 3066 3544 3119 de

1983 3156 2067 3210 his
2089 3153 2290 3209 erudiri
2329 3166 2582 3208 sermone
2614 3151 2872 3221 indigeat.
2902 3150 3036 3217 Quis
3076 3151 3219 3206 enim
3250 3152 3461 3221 ignorat
3488 3154 3543 3208 in

1982 3255 2176 3318 quarto
2213 3254 2267 3300 et
2295 3243 2713 3316 quadragesimo
2744 3246 2972 3311 psalmo,
3009 3243 3153 3311 quod
3188 3241 3353 3298 Deum
3379 3259 3409 3298 a
3436 3244 3545 3298 Deo

1984 3346 2203 3391 unctum
2235 3337 2514 3391 Christum
2556 3333 2825 3404 Propheta
2863 3334 3205 3403 praedicat“!
3246 3333 3311 3387 Et
3354 3351 3546 3390 rursus

1981 3430 2199 3495 Isaiam,
2238 3436 2345 3482 tam
2379 3434 2563 3498 aperte
2592 3434 2647 3480 et
2687 3426 2833 3480 clare
2878 3425 3204 3482 clamantem
3248 3425 3377 3483 Filii
3409 3428 3547 3484 divi-

1980 3523 2228 3585 nitatem,
2259 3520 2381 3591 quis
2408 3533 2598 3574 eorum
2627 3519 2721 3588 qui
2773 3518 2829 3572 in
2861 3519 3144 3589 prophetia
3168 3522 3366 3576 versati
3396 3532 3543 3591 sunt,

1982 3614 2188 3669 nescit?
2237 3612 2292 3667 in
2340 3611 2541 3682 quibus
2598 3625 2723 3664 cum
2781 3612 2904 3664 aliis
2958 3612 3058 3665 hoc
3100 3612 3261 3666 etiam
3311 3614 3544 3671 eﬂatur:

1983 3702 2335 3759 Sabaim.viri
2364 3700 2611 3755 sublimes
2644 3700 2713 3754 ad
2758 3710 2806 3754 te
2844 3700 3162 3764 transibunt,
3210 3711 3260 3756 et
3291 3706 3367 3757 tui
3396 3715 3548 3758 erunt

1980 3795 2134 3848 servi.
2178 3791 2309 3847 Post
2354 3803 2401 3846 te
2448 3792 2813 3853 ambulabunt,
2855 3793 3011 3846 vincti
3044 3794 3265 3847 manicis
3310 3808 3545 3865 pergant,

1979 3900 2029 3942 et
2061 3899 2109 3943 te
2153 3885 2468 3948 adorabunt,
2503 3894 2649 3954 teque
2678 3883 3115 3952 deprecabuntur.
3150 3883 3378 3938 Tantum
3416 3888 3469 3939 in
3499 3899 3549 3941 te

1980 3990 2056 4034 est
2098 3978 2259 4041 Deus,
2298 3987 2347 4031 et
2379 3993 2482 4029 non
2530 3986 2605 4029 est
2649 3976 2842 4045 absque
2875 3987 2922 4028 te
2967 3974 3124 4029 Deus.
3165 3974 3291 4029 Vere
3318 3978 3455 4030 enim
3490 3987 3548 4031 tu

1981 4088 2035 4125 es
2084 4070 2225 4124 Deus
2251 4068 2294 4123 ⁸.
2362 4067 2496 4133 Quis
2546 4067 2691 4120 enim
2746 4067 2888 4119 alius
2934 4064 3075 4119 Deus
3120 4065 3210 4133 qui
3263 4067 3315 4117 in
3367 4069 3548 4137 seipso

1986 4162 2152 4217 Deum
2180 4160 2362 4221 habet,
2396 4168 2451 4213 et
2484 4159 2599 4227 ipse
2632 4165 2713 4213 est
2751 4156 2916 4221 Deus,
2955 4166 3149 4226 prarter
3180 4156 3545 4227 Unigcnitum,

1983 4257 2167 4311 dicant
2196 4255 2289 4325 qui
2319 4254 2657 4325 prophetiam
2690 4267 2799 4306 non
2836 4252 3147 4307 audierunt.
3174 4253 3242 4305 At
3266 4269 3392 4307 vero
3422 4252 3551 4306 Em-

1985 4347 2201 4402 manuel
2232 4343 2755 4415 interpretationem,
2805 4351 2858 4398 et
2891 4341 3116 4397 Thomze
3148 4352 3270 4413 post
3317 4344 3553 4413 agnitio-

1988 4455 2109 4493 nem
2141 4435 2564 4496 confessionem,
2604 4442 2657 4487 ct
2686 4432 2915 4487 Joannis
2945 4434 3092 4487 vocis
3136 4433 3549 4499 sublimitatem,

309 4517 418 4582 ἔξω
457 4516 558 4586 τῆς
590 4517 844 4582 πίστεως,
883 4522 1250 4591 σιωπήσομαι.
1302 4523 1438 4575 Ἀλλ’
1473 4525 1592 4578 οὐδὲ
1617 4527 1715 4587 τὰς
1742 4527 1885 4579 Παύ-

1990 4536 2047 4583 ιιι
2071 4536 2255 4581 notam
2295 4526 2459 4581 etiam
2495 4524 2581 4578 his
2610 4524 2701 4593 qui
2743 4530 2871 4577 sunt
2910 4532 3066 4577 extra
3095 4522 3253 4578 ﬁdem
3287 4525 3546 4579 reticebo.

309 4607 404 4659 λου
430 4607 613 4674 φωνὰς
633 4606 698 4658 δι’
725 4608 1008 4678 ἀκριϐείας
1032 4605 1077 4661 οἷ
1087 4628 1182 4679 μαι
1202 4610 1310 4664 δεῖν
1343 4615 1752 4684 παρατίθεσθαι,
1781 4620 1886 4670 πᾶ-

315 4716 401 4753 σιν
442 4698 609 4762 οὔσας
654 4700 837 4769 σχεδὸν
866 4702 953 4755 διὰ
1002 4703 1295 4772 στόματοεν
1333 4705 1390 4768 ὃς
1428 4708 1489 4759 οὐ
1524 4708 1683 4776 μόνον
1731 4710 1882 4775 Θεὸν,

310 4793 447 4845 ἀλλά
482 4792 576 4845 καὶ
612 4794 783 4863 μέγαν
810 4794 963 4855 Θεὸν,
1003 4797 1094 4846 καὶ
1119 4797 1210 4847 ἐπὶ
1240 4797 1456 4851 πάντων
1476 4799 1607 4851 Θεὸν
1633 4802 1883 4869 ὀνομάζει

310 4883 405 4938 τὸν
439 4882 642 4953 Κύριον
663 4898 678 4914 ⁶
712 4884 846 4953 πρὸς
884 4884 980 4953 μὲν
1026 4885 1329 4955 Ῥωμαίους
1360 4888 1550 4956 λέγων,
1578 4891 1659 4943 ὅτι
1684 4887 1796 4945 Ὧν
1829 4896 1885 4945 oi

314 4973 569 5041 πατέρες
595 4975 689 5025 καὶ
716 4976 783 5037 ἐξ
805 4970 890 5027 ὧν
918 4979 948 5028 ὁ
971 4978 1220 5044 Χριστὸς
1240 4980 1304 5030 τὸ
1324 4980 1470 5033 κατὰ
1496 4980 1709 5048 σάρκα,
1739 4987 1772 5036 ό
1799 4983 1884 5035 ὢν
1927 5044 1929 5047 ,

310 5064 409 5120 ἐπὶ
471 5063 711 5117 πάντων
764 5067 905 5130 Θεὸς
955 5068 1280 5136 εὐλογητὸς
1322 5073 1407 5134 είς
1454 5072 1594 5137 τοὺς
1641 5072 1882 5139 αἰῶναςο

318 5155 457 5225 πρὸς
509 5155 564 5207 δὲ
605 5156 694 5208 τὸν
746 5156 994 5228 μαθητὴν
1042 5159 1233 5210 ἑαυτοῦ
1278 5161 1433 5212 Τίτον
1465 5163 1687 5232 γράφει,
1724 5164 1883 5216 Κατὰ

314 5248 428 5314 τὴν
466 5249 820 5317 ἐπιφάνειαν
860 5252 965 5305 τοῦ
996 5252 1261 5320 μεγάλου
1305 5250 1452 5307 Θεοῦ
1482 5254 1581 5307 καὶ
1607 5254 1883 5322 Σωτῆρος

314 5336 485 5405 ἡμῶν
526 5339 727 5405 Ἰησοῦ
749 5339 1026 5407 Χριστοῦ.
1066 5342 1314 5412 Τιμοθέῳ
1345 5342 1400 5395 δὲ
1428 5343 1720 5414 διαρρήδην
1752 5346 1875 5415 βοᾷ,

313 5431 398 5483 ὅτι
444 5431 496 5483 '0
530 5432 673 5498 Θεὸς
708 5432 1049 5501 ἐφανερώθη
1100 5434 1168 5485 ἐν
1209 5434 1425 5501 σαρκὶ,
1457 5434 1766 5502 ἐδικαιώθη
1815 5437 1885 5488 ἐν

317 5524 627 5591 πνεύματι.
693 5524 1034 5594 Πανταχόθεν
1093 5524 1268 5578 τοίνυν
1325 5526 1733 5596 ἀποδειχθέντος
1786 5527 1881 5580 τοῦ

314 5611 452 5666 Θεοῦ
484 5610 620 5667 εἶναι
657 5613 746 5668 τὸν
779 5617 1038 5685 μονογενῆ
1062 5616 1213 5680 Θεὸν,
1249 5616 1361 5680 πῶς
1394 5620 1421 5671 ό
1458 5618 1535 5688 τῷ
1572 5617 1690 5687 Θεῷ
1720 5635 1888 5689 προσ-

379 5798 398 5829 ⁸
441 5796 581 5851 l‘snl.
626 5811 769 5861 XLIV,
802 5794 854 5849 8.

967 5796 1251 5879 διελχιν,
1287 5798 1368 5863 Η,
1414 5798 1496 5853 ίῗὶ.
1565 5801 1584 5829 ⁵
1629 5798 1780 5854 Rom.
1830 5814 1905 5865 ιι,
1945 5797 1997 5851 ί).
2077 5799 2095 5830 ⁶
2135 5798 2239 5852 'l‘it.
2270 5816 2327 5859 ll,
2364 5797 2417 5851 ι.

1995 4619 2103 4675 Sed
2134 4634 2311 4689 neque
2339 4616 2496 4671 Pauli
2527 4631 2690 4670 voces
2718 4624 2913 4670 exacta
2948 4615 3249 4671 subtilitate
3275 4632 3552 4687 apponen-

1986 4713 2084 4770 das
2115 4727 2236 4767 esse
2262 4711 2521 4769 arbitror.
2563 4717 2624 4762 ut
2652 4722 2773 4777 quae
2805 4707 3197 4777 propemodum
3229 4709 3340 4762 sint
3371 4710 3424 4762 in
3456 4724 3551 4763 ore

1993 4805 2259 4863 omnium,
2325 4801 2416 4871 qui
2468 4815 2575 4854 non
2626 4798 2802 4854 solum
2849 4797 3041 4861 Deum,
3090 4798 3185 4853 sed
3231 4799 3391 4852 etiam
3444 4813 3552 4851 ma-

1986 4911 2150 4967 gnum
2192 4894 2380 4955 Deum,
2412 4901 2465 4947 et
2495 4892 2549 4946 in
2593 4891 2847 4946 omnibus
2887 4890 3055 4944 Deum
3092 4890 3331 4944 nominat
3364 4888 3550 4943 Domi-

1990 5001 2157 5049 num;
2192 4985 2256 5037 ad
2281 4982 2556 5036 Romanos
2584 4979 2802 5050 quidem
2833 4979 3019 5033 dicens
3042 4998 3055 5033 :
3078 4978 3312 5044 Quorum
3346 4987 3547 5044 patres,

1988 5086 2036 5130 et
2066 5090 2131 5128 ea:
2163 5072 2348 5141 quibus
2382 5080 2459 5124 est
2488 5068 2733 5123 Christus
2761 5065 3042 5119 secundum
3076 5080 3306 5128 carnem,
3351 5064 3441 5133 qui
3472 5073 3551 5118 est

1988 5166 2042 5217 in
2077 5162 2315 5215 omnibus
2350 5158 2647 5213 benedictus
2702 5153 2838 5207 Deus
2874 5154 2927 5206 in
2970 5153 3220 5206 swcula'.
3266 5153 3345 5206 Ad
3387 5152 3551 5206 disci-

1988 5256 2174 5324 pulum
2205 5268 2362 5306 suum
2389 5249 2571 5303 Titum
2606 5244 2816 5307 scribit,
2840 5242 3140 5297 Secundum
3169 5242 3550 5308 apparitionem

1990 5344 2166 5413 magni
2197 5341 2287 5395 Dei
2313 5351 2360 5395 et
2378 5337 2671 5392 Saluatoris
2707 5335 2873 5388 nostri
2907 5332 3033 5385 Jesu
3061 5330 3314 5385 Christi“.
3345 5330 3427 5383 Ad
3455 5328 3551 5383 Ti.

1989 5435 2265 5489 motheum
2289 5447 2418 5486 vero
2444 5437 2629 5498 aperte
2654 5426 2898 5481 clamitat
2925 5441 2939 5477 :
2966 5423 3112 5493 quod
3159 5422 3299 5476 Deus
3328 5423 3551 5488 manife-

1990 5537 2160 5581 status
2207 5536 2283 5579 est
2330 5526 2383 5577 in
2432 5537 2609 5585 carne,
2641 5519 2968 5590 justiﬁcatus
3013 5518 3068 5570 in
3114 5517 3364 5584 spiritu'.
3413 5515 3548 5571 Cum

1983 5619 2145 5689 igitur
2176 5617 2376 5687 ubique
2399 5617 2830 5671 demonstratum
2879 5615 2973 5679 sit,
3012 5614 3351 5685 unigenitum
3383 5613 3550 5671 Deum

2499 5796 2516 5827 -'
2587 5794 2867 5851 lTitnoth.
2915 5814 2996 5864 ιιι,
3044 5797 3124 5852 16.
