4034 6494
615 339 724 396 863

1845 337 1902 392 S.
1937 335 2262 393 GREGOHII
2299 336 2586 393 NYSSENI
3727 343 3810 396 86$

615 472 741 513 esse
773 453 962 518 Deum,
986 453 1260 524 quomodo
1295 453 1344 509 is
1373 454 1469 525 qui
1504 453 1618 511 Deo
1652 456 1951 513 bonitatem
1983 475 2182 515 conve-

2281 459 2436 528 ήκειν
2483 459 2582 530 τὴν
2612 457 2924 530 ἀγαθότητα
2950 459 3145 530 λέγων,
3185 461 3284 532 τῆς
3312 460 3615 531 ἐπωνυμίας
3641 463 3806 534 ταύτης

617 548 738 602 nire
779 547 935 610 dicit,
993 546 1063 601 ab
1111 547 1214 601 hac
1263 547 1626 616 appellatione
1671 547 1795 604 Filii
1843 550 2181 606 divinitatem

615 639 848 694 alienam
896 652 1020 693 esse
1058 637 1439 693 dcmonstrati
1483 641 1784 709 praesertim
1820 656 1945 696 cum
1995 641 2181 696 Domi-

615 746 724 786 nus
756 730 860 786 sibi
897 731 1099 786 bonum
1137 729 1424 793 attribuat,
1474 731 1528 785 in
1575 732 1830 801 parabola
1868 747 2058 788 eorum
2088 734 2180 803 qui

614 822 870 877 mercede
897 820 1153 876 conducti
1187 829 1316 876 sunt
1357 821 1412 874 in
1441 821 1676 876 vineam.
1717 821 1854 877 Cum
1885 823 2031 878 enim
2071 824 2184 878 illic

614 913 711 982 qui
745 911 898 982 prius
931 909 1188 966 conducti
1231 909 1417 968 labore
1463 911 1664 967 defessi
1717 921 1893 977 erant,
1936 913 2185 985 indigna-

613 1011 810 1060 rentur
843 1003 916 1059 ob
952 1002 1220 1058 mercedis
1256 1002 1663 1072 aqualitatem,
1713 1003 2080 1072 mulctamque
2129 1012 2185 1061 et

612 1093 876 1149 damnum
904 1093 1186 1163 pr0prium
1226 1093 1556 1161 iudicarent,
1592 1109 1706 1148 rem
1753 1109 1782 1147 a
1813 1097 2022 1152 caeteris
2052 1112 2182 1166 ope-

614 1187 780 1240 rariis
819 1200 1077 1254 prospere
1125 1191 1356 1254 gestam,
1393 1200 1582 1238 eorum
1611 1187 1705 1255 qui
1751 1201 1894 1256 aegre
1936 1187 2182 1243 ferebant

616 1276 712 1330 uni
751 1275 1094 1345 dixitjustus
1124 1275 1288 1344 judcx
1315 1289 1328 1326 :
1360 1275 1561 1335 Amice.
1603 1293 1703 1330 non
1736 1277 1875 1344 facio
1898 1279 1994 1331 tibi
2037 1279 2182 1348 inju-

615 1367 776 1429 riam,
824 1381 995 1418 nonne
1037 1363 1256 1418 denario
1293 1365 1482 1418 diurno
1540 1373 1706 1418 tecum
1759 1369 2010 1424 conveni?
2058 1368 2186 1423 Ecce

615 1458 775 1512 habes
814 1457 952 1526 quod
1006 1467 1152 1510 tuum
1193 1465 1270 1510 est
1309 1473 1326 1509 :
1362 1457 1475 1511 volo
1527 1467 1701 1510 autem
1747 1467 1796 1511 et
1839 1459 1958 1512 huic
1998 1460 2185 1513 ultimo

619 1560 822 1603 tantum
855 1549 985 1602 dare
1027 1558 1285 1617 quantum
1337 1549 1450 1600 tibi.
1503 1548 1688 1602 Annon
1749 1548 1910 1604 habeo
1953 1561 2186 1619 potesta-

617 1651 718 1695 tem
747 1643 800 1694 in
830 1641 958 1692 meis
998 1639 1225 1708 faciendi
1256 1639 1392 1707 quod
1423 1638 1580 1694 volo?
1608 1638 1689 1690 An
1719 1640 1899 1693 oculus
1944 1650 2064 1694 tuus
2097 1657 2185 1695 ne-

2281 551 2567 622 ἁλλοτρίαν
2611 551 2958 606 ἀποδείκνυσι
2996 552 3089 606 τοῦ
3143 551 3271 606 Υίοῦ
3313 553 3409 621 τὴν
3453 553 3695 620 Θεότητας
3722 556 3806 608 Καὶ

2281 643 2459 696 ταῦτα
2487 644 2651 697 αὐτοῦ
2678 643 2772 696 τοῦ
2798 645 3004 714 Κυρίου
3034 644 3094 697 τὸ
3125 645 3326 711 ἀγαθὸν
3361 645 3534 715 ἑαυτῷ
3567 661 3808 716 προσμαρ-

2282 731 2572 803 τυροῦντος
2617 734 2677 785 ἐν
2720 735 2786 803 τῇ
2824 732 2932 785 τῶν
2985 733 3412 804 μεμισθωμένων
3442 736 3520 796 είς
3554 735 3639 785 τὸν
3667 737 3808 798 ἀμπε-

2283 821 2762 894 λῶναοπαραὸολῇ.
2780 823 2927 876 Ἐκεῖ
2953 822 3060 895 γὰρ
3091 823 3197 876 τῶν
3227 825 3679 894 προκεκμηκότων
3707 826 3810 878 δυσ-

2284 913 2723 983 ανασχετούντων
2769 917 2832 984 τῇ
2883 913 2994 967 τῶν
3027 914 3393 986 μισθωμάτων
3433 914 3706 985 ἰσομοιρίᾳ,
3739 918 3810 969 καὶ

2283 1004 2483 1074 ζημίαν
2518 1005 2807 1075 κρινόντων
2856 1005 2990 1058 ἰδίαν
3027 1005 3135 1058 τῶν
3163 1005 3488 1058 τελευταίων
3518 1005 3611 1076 τὴν
3640 1007 3810 1076 εὐπρα-

2283 1093 2430 1162 γίαν,
2461 1093 2594 1163 φησι
2641 1094 2776 1164 πρός
2803 1111 2923 1147 τινα
2969 1093 3077 1148 τῶν
3121 1093 3553 1163 χαλεπαινόντων
3591 1096 3617 1146 0
3643 1094 3811 1158 δίκαιος

2283 1189 2497 1259 κριτῇς,
2523 1184 2626 1246 ὅτι,
2662 1183 2903 1252 Ἑταῖρε,
2938 1186 3048 1238 οὐκ
3083 1182 3265 1238 ἀδικῶ
3297 1183 3811 1252 σε.οὐχὶδηναριόιν

2282 1271 2687 1343 συνεφώνησὰ
2713 1291 2810 1328 σοι
2837 1275 2951 1342 τὴν
2978 1275 3237 1345 ἡμέραν;
3277 1275 3420 1330 Ἰδοὺ
3444 1275 3598 1344 ἔχεις
3618 1275 3678 1328 τὸ
3693 1277 3810 1328 σόνν

2282 1363 2435 1419 θέλω
2457 1365 2526 1418 δὲ
2561 1365 2657 1418 καὶ
2699 1365 2779 1430 τῷ
2820 1365 3056 1435 ἐσχάτῳ
3105 1367 3471 1435 χαρίσασθαι
3510 1366 3698 1433 ὥσπερ
3735 1370 3808 1419 καὶ

2280 1456 2402 1510 σοί.
2426 1457 2629 1511 Μόνον
2647 1459 2758 1510 οὐκ
2784 1456 2899 1524 ἔχω
2919 1457 3209 1521 ἐξουσίαν
3229 1458 3299 1511 ἐν
3324 1457 3448 1523 τοῖς
3477 1457 3636 1526 ἐμοῖς
3655 1458 3813 1512 ποιεῖν

2282 1547 2315 1600 ὃ
2347 1547 2536 1615 θέλω;
2584 1549 2650 1601 Ἠ
2682 1551 2714 1602 ὀ
2757 1549 3064 1616 ὀφθαλμός
3096 1563 3211 1602 σου
3249 1549 3516 1616 πονηρὸς
3541 1588 3556 1610 ,
3606 1547 3684 1601 ὅτι
3722 1549 3812 1618 ἐγὼ

2281 1639 2503 1708 ἀγαθός
2547 1641 2701 1708 εὶμι;
2748 1639 2973 1702 Πάντως
3019 1639 3075 1692 δὲ
3108 1639 3282 1703 οὐδεὶς
3320 1639 3448 1710 περὶ
3483 1639 3661 1692 τούτου
3692 1639 3811 1708 φιλο-

613 1748 773 1803 quam
812 1740 913 1791 est.
973 1731 1100 1800 quia
1144 1746 1236 1800 ego
1279 1729 1441 1784 bonus
1485 1730 1684 1784 sum“?
1732 1729 1924 1784 Nullus
1957 1745 2182 1800 prorsus

2282 1732 2538 1800 νεικήσει,
2569 1731 2648 1784 ὅτι
2674 1733 2706 1801 ἠ
2735 1730 2826 1784 τοῦ
2859 1731 2977 1784 κατ’
3012 1731 3170 1796 ἀξίαν
3191 1731 3439 1802 διανομὴ,
3475 1731 3597 1784 ἴδιον
3620 1731 3701 1784 τοῦ
3721 1748 3812 1801 up:-

614 1800 684 1879 de
722 1823 826 1878 hoc
847 1823 1136 1877 ambitiose
1165 1820 1478 1886 contendet,
1504 1819 1651 1891 quod
1680 1836 1742 1876 ea
1788 1836 1908 1890 qua:
1931 1836 2030 1891 pro
2069 1837 2182 1876 me-

2282 1821 2375 1876 105
2410 1822 2567 1894 ἔργον
2608 1821 2758 1881 ἐστὶ,
2792 1820 2981 1892 κριτὴν
3013 1821 3068 1873 δὲ
3115 1821 3204 1874 τὸν
3241 1822 3504 1892 μονογενῆ
3545 1823 3667 1874 Θεὸν
3703 1817 3812 1874 εἶναι

614 1914 740 1968 litis
771 1920 826 1968 et
863 1913 1131 1984 dignitate
1181 1912 1239 1965 fit
1285 1911 1623 1978 distributio,
1673 1913 1952 1982 proprium
1980 1913 2184 1982 judicis

614 2021 817 2060 munus
841 2014 956 2071 est;
1005 2004 1346 2074 unigenitum
1371 2012 1553 2059 autent
1585 2002 1752 2057 Deum
1783 2004 2024 2072 judicem
2062 2020 2184 2060 esse

612 2111 807 2151 omnes
835 2095 1112 2166 Evangelii
1142 2095 1395 2166 discipuli
1425 2095 1846 2163 adstipulantur.
1881 2093 2063 2160 Pater,
2094 2097 2181 2150 in-

615 2191 755 2256 quit,
785 2206 886 2243 non
909 2190 1115 2257 judicat
1145 2205 1472 2258 quamquam,
1515 2190 1605 2241 sed
1632 2204 1780 2242 omne
1805 2187 2064 2255 judicium
2089 2188 2182 2241 de-

611 2281 693 2334 dit
751 2279 960 2334 Filio'.
1017 2281 1122 2337 Sed
1184 2297 1294 2334 non
1355 2280 1618 2334 resistunt
1672 2281 1894 2349 scriptis
1936 2298 1950 2333 :
1992 2279 2182 2333 dicunt

613 2372 757 2428 enim
801 2374 962 2429 unius
1001 2373 1359 2442 adiectionem
1391 2373 1609 2442 pmprie
1661 2374 1728 2428 ad
1759 2371 1974 2427 Patrem
2008 2374 2183 2442 respi-

615 2481 758 2521 cere.
793 2464 990 2520 Nullus
1012 2466 1178 2530 enim,
1202 2466 1299 2530 ait,
1333 2465 1517 2529 bonus,
1548 2466 1650 2518 nisi
1677 2481 1810 2519 unus
1846 2465 1980 2520 Deus
2003 2467 2066 2520 ¹⁰.
2099 2465 2182 2520 Αη

595 2556 780 2626 igitur
811 2556 880 2611 ad
915 2556 1000 2611 sui
1048 2556 1410 2625 patrocinium
1461 2557 1776 2626 languescet
1827 2558 2069 2612 veritas?
2098 2557 2181 2612 An

613 2646 804 2700 multis
848 2646 982 2701 locis
1022 2646 1247 2700 minimo
1278 2646 1494 2717 negotio
1529 2646 1670 2700 hanc
1705 2645 1952 2703 fallacem
1997 2658 2050 2704 et
2101 2664 2186 2704 ca-

613 2737 850 2807 ptiosam
906 2738 1380 2795 ratiocinationem
1443 2741 1648 2795 erroris
1713 2741 1836 2795 licet
1900 2741 2186 2797 refellere?

611 2829 716 2894 Qui
743 2829 888 2884 enim
923 2830 1038 2885 haec
1063 2830 1131 2884 de
1163 2829 1322 2887 Patre
1348 2829 1506 2896 dixit,
1540 2843 1594 2885 et
1631 2831 1720 2884 illa
1748 2832 1814 2886 ad
1846 2830 2060 2887 Patrem
2099 2835 2186 2887 di-

611 2921 709 2986 cit,
741 2919 886 2990 quod
917 2920 1112 2976 Omnia
1147 2938 1262 2976 mea
1289 2931 1382 2976 tua
1415 2933 1560 2985 sunt,
1592 2931 1646 2977 et
1671 2924 1726 2976 in
1757 2924 1886 2991 ipsis
1911 2923 2184 2992 gloriﬁca-

613 3021 700 3064 tus
733 3028 849 3064 sunt
873 3013 938 3065 “.
977 3013 1034 3066 Si
1071 3020 1248 3067 autem
1286 3015 1466 3066 omnia
1509 3029 1631 3084 qua:
1662 3023 1788 3068 sunt
1829 3013 2005 3069 Patris
2053 3016 2183 3069 dicit

2283 1914 2483 1975 πάντες
2513 1913 2561 1964 0i
2597 1912 2838 1982 μαθηταὶ
2883 1909 2975 1964 τοῦ
3009 1911 3338 1978 Εὐαγγελίου
3388 1910 3727 1964 συντίθενται.
3770 1912 3810 1959 'U

2281 2007 2393 2075 γὰρ
2421 2003 2644 2070 Πατὴρ,
2677 2002 2832 2074 φησὶ,
2866 2004 3050 2071 κρίνει
3075 2002 3312 2060 οὐδένα.
3336 2003 3498 2057 ἀλλὰ
3517 2002 3626 2068 τὴν
3652 2001 3818 2070 κρίσιν

2284 2095 2490 2150 πᾶσαν
2525 2093 2742 2146 δέδωκε
2781 2092 2860 2158 τῷ
2907 2093 3034 2159 Υὶῷ.
3087 2094 3226 2146 Ἀλλ’
3267 2095 3327 2146 οὐ
3361 2093 3702 2148 καθίστανται
3729 2094 3811 2146 τῶν

2282 2186 2699 2257 γεγραμμένων.
2759 2185 2895 2238 Φασὶ
2947 2185 3056 2255 γὰρ
3100 2187 3196 2256 τὴν
3245 2185 3364 2237 τοῦ.
3393 2185 3514 2249 ἑνὸς
3564 2186 3810 2256 πρόσθεσιν

2284 2278 2488 2348 κυρίως
2515 2277 2593 2338 είς
2626 2275 2714 2328 τὸν
2744 2276 2963 2346 Πατέρα
2989 2276 3224 2346 βλέπειν.
3265 2276 3476 2343 Οὐδεὶς
3510 2281 3639 2351 γὰρ.
3660 2278 3810 2347 φησιν,

2283 2367 2523 2438 ἀγαθὸς,
2551 2369 2603 2421 εὶ
2639 2366 2718 2434 μὴ
2749 2363 2836 2432 εἷς
2863 2371 2896 2422 d
2939 2370 3100 2434 Θεός.
3127 2365 3250 2440 Ἆρ’
3285 2365 3376 2423 οὖν
3424 2370 3667 2439 ἀτονήσει
3708 2369 3810 2439 πρὶς

2285 2459 2608 2529 συνηγορίαν
2648 2458 2847 2527 ἑαυτῆς
2875 2460 2908 2528 ἡ
2940 2459 3164 2529 ἀλήθεια
3189 2477 3202 2520 ;
3251 2461 3319 2511 Ἢ
3348 2459 3670 2528 πολλαχόθεν
3701 2459 3812 2512 ἔστιν

2285 2552 2342 2603 ὲν
2367 2548 2617 2620 εὐσχολίᾳ
2649 2549 2814 2619 πολλῇ
2847 2551 2938 2601 καὶ
2964 2549 3150 2602 τοῦτον
3189 2551 3466 2619 ἐξελέγξαι
3496 2552 3587 2603 τὸν
3613 2552 3810 2620 παραλο-

2283 2640 2478 2710 γισμδν
2515 2641 2611 2710 τῆς
2641 2642 2886 2712 ἀπάτης
2926 2641 2985 2694 ’Ὀ
3009 2627 3133 2711 ¹γίιρ
3167 2641 3339 2695 ταῦτα
3363 2643 3490 2712 περὶ
3525 2641 3612 2694 τοῦ
3641 2643 3811 2711 [Ιατρὸς

2283 2733 2470 2795 εἰπὼν,
2507 2734 2730 2786 κάκεῖνα
2765 2735 2898 2804 πρὸς
2926 2735 3015 2785 τὸν
3061 2733 3275 2804 Πατέρα
3311 2743 3516 2803 φησὶν,
3545 2735 3621 2786 ὅτι
3652 2733 3810 2785 Πάντα

2284 2825 2356 2878 τὰ
2390 2824 2498 2892 ἐμὰ
2525 2823 2622 2876 ’σά
2652 2825 2782 2878 ἐστι
2811 2842 2824 2855 ·
2855 2826 2947 2878 καὶ
2975 2824 3344 2893 Δεδόεασμαι
3367 2825 3438 2877 ἑν
3458 2827 3672 2891 αὐτοῖς.
3704 2826 3810 2878 Εἱδὲ

2284 2918 2460 2970 πάντα
2501 2916 2568 2969 τὰ
2613 2917 2704 2968 τοῦ
2749 2917 2958 2987 Πατρὺς
2985 2917 3078 2970 τοῦ
3117 2918 3246 2970 Υἱοῦ
3291 2935 3456 2988 φησιν
3497 2914 3661 2980 εἶναι,
3701 2919 3746 2969 ἓν
3770 2919 3812 2969 δὲ

2282 3007 2390 3060 τῶν
2420 3009 2477 3058 ὲν
2513 3008 2592 3078 τῷ
2622 3009 2794 3079 Πατρὶ
2825 3007 3266 3080 θεωρουμένωνὴ
3297 3010 3642 3080 ἀγαθὸτης,ἢ
3675 3009 3815 3061 πάντα

613 3100 742 3155 Filii
775 3118 919 3167 esse,
961 3119 1129 3158 unun
1171 3114 1350 3159 autem
1389 3119 1578 3160 eorum
1608 3120 1729 3175 quae
1776 3106 1830 3160 in
1866 3104 2021 3160 Patre
2059 3123 2182 3174 spc—

2283 3098 2382 3151 οὐκ
2409 3098 2542 3168 ἔχει,
2586 3100 2743 3169 εῐπερ
2773 3099 2930 3152 τοῦτο
2975 3101 3074 3152 οὐκ
3121 3101 3262 3170 ἔχει,
3298 3102 3392 3153 καὶ
3435 3102 3814 3170 ψεύδεσθαι

612 3202 836 3248 rtantur
865 3205 950 3250 est
981 3195 1220 3257 bonitas,
1252 3197 1337 3250 vel
1378 3198 1561 3250 omnia
1611 3211 1722 3250 non
1757 3197 1940 3256 habet.
1985 3199 2030 3251 si
2066 3199 2183 3268 qui-

613 3283 736 3337 det
777 3287 882 3340 hoc
932 3301 1040 3341 non
1091 3287 1271 3351 habet,
1302 3297 1356 3342 et
1389 3291 1604 3342 mentiri
1642 3289 1828 3344 dicent
1862 3289 2180 3352 veritatem;

612 3377 700 3431 vel
729 3376 774 3431 si
805 3377 964 3434 nefas
997 3388 1082 3433 est
1110 3380 1391 3433 veritatem
1429 3381 1598 3448 ipsam
1639 3381 1908 3450 suspicari
1942 3382 1994 3434 in
2027 3396 2182 3435 inen-

613 3470 834 3524 dacimn
874 3470 1025 3535 ferri,
1057 3473 1149 3540 qui
1179 3472 1359 3524 omnia
1404 3487 1524 3540 qua:
1553 3484 1682 3527 sunt
1713 3472 1890 3527 Patris
1929 3488 2026 3527 sua
2061 3489 2186 3529 esse

613 3562 766 3624 dicit,
825 3577 999 3628 neque
1041 3571 1191 3617 extra
1245 3563 1538 3618 bonitatem
1583 3580 1705 3620 esse
1743 3565 1983 3621 confessi
2029 3575 2179 3620 sunt.

615 3653 719 3717 Qui
746 3653 888 3706 enim
920 3653 1136 3708 Patrem
1171 3655 1225 3707 in
1267 3654 1561 3723 semetipso
1602 3656 1784 3718 habet,
1826 3667 1879 3709 et
1907 3672 2026 3725 quae
2057 3668 2185 3712 sunt

613 3741 794 3797 Patris
822 3744 1138 3814 complexus
1175 3752 1260 3800 est
1304 3745 1509 3808 omnia,
1542 3760 1667 3799 cum
1699 3747 1958 3802 omnibus
1993 3748 2186 3803 videli-

613 3841 703 3889 cet
733 3832 1029 3888 bonitatem
1060 3834 1224 3889 etiam
1265 3835 1425 3890 habet
1454 3855 1467 3888 :
1509 3837 1686 3891 bonus
1727 3837 1892 3906 igitur
1915 3837 2110 3894 Filius.

688 3921 794 3978 Sed
842 3921 1042 3987 nullus,
1090 3923 1288 3994 inquit,
1327 3924 1492 3978 bonus
1532 3926 1636 3979 nisi
1674 3942 1810 3980 unus
1859 3926 2034 3981 Dens.
2073 3927 2186 3983 Hoc

613 4014 685 4069 ab
729 4014 1058 4069 adversariis
1118 4014 1430 4084 profertur,
1487 4031 1662 4086 neque
1713 4019 1828 4086 ipse
1875 4034 2181 4075 sermonem

613 4101 827 4170 rejicio,
863 4117 972 4156 non
1004 4110 1185 4157 tamen
1212 4112 1495 4173 propterea
1531 4102 1651 4159 Filii
1699 4105 1995 4159 bonitatem
2025 4121 2180 4176 nego.

613 4192 718 4258 Qui
749 4193 895 4246 enim
924 4191 1215 4249 Dominum
1248 4194 1416 4250 Deum
1451 4210 1574 4251 esse
1607 4196 1918 4262 confitetur,
1950 4204 2004 4250 et
2039 4197 2185 4268 quod

617 4286 822 4340 bonum
847 4295 954 4347 est,
991 4287 1039 4340 ei
1071 4287 1294 4342 omnino
1322 4288 1426 4343 hac
1459 4288 1803 4344 confessione
1822 4291 2090 4344 attribuit.
2127 4289 2184 4344 Si

614 4377 763 4430 cnim
828 4379 1046 4433 bonitas
1094 4379 1314 4449 propria
1365 4387 1451 4434 est
1495 4378 1628 4445 Dei,
1681 4387 1736 4434 et
1784 4380 2049 4435 Dominus
2102 4390 2186 4436 est

2285 3205 2438 3242 σουσι
2471 3191 2570 3261 τὴν
2600 3189 2854 3262 ἀλήθειαν
2875 3207 2888 3220 ·
2925 3191 2957 3261 ἢ
3006 3192 3164 3263 εἴπερ
3195 3191 3455 3260 ἀθέμιτον
3507 3191 3812 3245 καθυπονοεί-

2283 3281 2406 3334 σθαι
2433 3281 2531 3352 τὴν
2554 3281 2720 3344 ὅντως
2748 3282 3001 3351 ἀλήθειαν
3032 3282 3107 3345 ὡς
3136 3284 3214 3344 εἰς
3235 3282 3430 3350 ψεῦδος
3459 3282 3810 3353 ἐκφερομένην,

2279 3377 2307 3430 0
2341 3375 2519 3428 πάντα
2547 3375 2614 3428 τὰ
2640 3375 2734 3427 τοῦ
2767 3376 2978 3444 Πατρὸς
3005 3375 3199 3428 ἑαυτοῦ
3227 3376 3418 3444 λέγων,
3446 3378 3568 3430 οὐδὲ
3593 3379 3684 3445 τῆς
3708 3378 3812 3444 ἀγα-

2281 3467 2502 3538 θότητος
2531 3467 2685 3530 ἐκτὸς
2707 3462 2845 3522 εἶναι
2867 3467 3332 3538 συνωμολόγησεν.
3376 3470 3437 3522 '0
3462 3470 3570 3541 γὰρ
3591 3472 3644 3522 ὲν
3671 3466 3814 3531 ἑαυτῷ

2276 3550 2367 3602 τὸν
2399 3549 2614 3621 Πατέρα
2641 3548 2802 3620 ἔχων,
2834 3551 2927 3604 καὶ
2957 3551 3023 3603 τὰ
3047 3552 3136 3605 τοῦ
3168 3551 3381 3620 Πατρὸς
3407 3543 3806 3622 ἐμπεριειληιὼ.

2278 3643 2453 3694 πάντα
2479 3680 2494 3705 ,
2529 3641 2665 3712 μετὰ
2707 3640 2924 3694 πάντων
2966 3641 3203 3711 δηλονότι
3251 3642 3342 3694 καὶ
3392 3643 3492 3712 τὴν
3541 3637 3809 3708 ἀγαθότητι

2277 3729 2418 3800 ἔχει·
2459 3729 2655 3783 οὐκοῦν
2688 3727 2891 3799 ἀγαθὸς
2917 3731 2945 3782 0
2978 3729 3125 3791 Υἱός.

2359 3908 2495 3963 Ἀλλ’
2543 3907 2763 3974 οὐδεὶς,
2797 3906 2960 3977 φησιν
2989 3945 3003 3967 ,
3048 3905 3283 3973 ἀγαθὸς,
3311 3905 3363 3956 εὶ
3389 3901 3476 3971 μὴ
3499 3897 3586 3967 εἷς
3616 3905 3646 3955 ὁ
3672 3901 3811 3963 Θεός.

2275 4003 2444 4056 Τοῦτο
2487 4002 2636 4073 παρὰ
2667 4001 2772 4054 τῶν
2818 3999 3074 4052 ἐναντίων
3109 3999 3474 4068 προφέρεται,
3524 3995 3639 4048 οὐδὲ
3676 3991 3808 4050 αὺτδ;

2274 4093 2561 4146 ἀποϐάλλω
2589 4092 2676 4145 τὸν
2708 4093 2882 4159 λόγον.
2915 4090 2988 4142 Οὐ
3024 4088 3129 4159 μὴν
3163 4088 3424 4159 ἀρνοῦμαι
3456 4086 3545 4140 διὰ
3576 4084 3716 4137 τοῦτο
3734 4081 3804 4132 τεν)

2275 4183 2403 4238 Υἰοῦ
2431 4185 2528 4255 τὴν
2560 4183 2888 4251 ἀγαθότητα.
2928 4181 2984 4232 '0
3013 4179 3068 4231 δὲ
3106 4178 3378 4249 ὁμολογῶν
3419 4177 3550 4230 Θεὸν
3589 4171 3712 4228 εἶναι
3735 4171 3806 4221 τον

2273 4277 2494 4347 Κύριον,
2523 4278 2616 4330 καὶ
2647 4273 2849 4343 ἀγαθὸν
2885 4272 3032 4344 αὐτῷ
3063 4273 3274 4334 πάντως
3310 4270 3397 4323 διὰ
3424 4270 3524 4339 τῆς
3555 4264 3803 4337 ὁμολογίας

2273 4372 2474 4440 ταύτης
2503 4367 3004 4438 συνεμαρτύρησεν.
3039 4364 3098 4417 Εἰ
3136 4364 3242 4434 γὰρ
3265 4363 3393 4416 ἴδιον
3425 4361 3558 4415 Θεοῦ
3590 4363 3621 4429 ἡ
3648 4354 3806 4425 0.7100-

617 4468 782 4532 Deus,
819 4470 998 4524 bonus
1047 4471 1231 4540 itaque
1261 4487 1358 4540 per
1389 4471 1504 4524 hare
1535 4486 1657 4541 quae
1705 4473 1882 4540 posita
1928 4482 2058 4525 sunt
2097 4471 2182 4526 Fi-

2280 4482 2400 4534 της,
2435 4463 2565 4525 Θεὸς
2588 4462 2642 4514 δὲ
2675 4463 2703 4513 0
2727 4459 2950 4530 Κύριος,
2985 4458 3184 4526 ἀγαθὸς
3213 4456 3317 4527 ἄρα
3341 4455 3427 4508 διὰ
3455 4455 3560 4507 τῶν
3582 4451 3805 4506 τεθέντων

617 4561 726 4616 lius
753 4562 1081 4615 ostenditur.
1124 4563 1251 4628 Sed,
1283 4563 1380 4628 ait,
1420 4564 1586 4617 unius
1619 4564 1784 4618 dictio
1813 4563 2009 4618 Filium
2051 4564 2178 4618 boni

2280 4552 2454 4615 ὑΥίὺς
2504 4551 2864 4619 ἀναπέφηνεν.
2918 4548 3104 4611 Ἀλλὰ,
3141 4548 3290 4618 φησι,
3338 4545 3430 4598 τοῦ
3463 4546 3578 4606 ἐνὸς
3624 4544 3653 4612 ἡ
3692 4544 3806 4600 λέξις

615 4654 1002 4708 communione
1050 4655 1307 4718 secernit,
1343 4657 1441 4711 sed
1485 4666 1570 4713 est
1615 4658 1773 4713 facile
1804 4658 2182 4713 demonstrare

2280 4644 2555 4712 ἀποκρίνει
2585 4642 2676 4694 τὸν
2699 4643 2826 4694 Υίὺν
2855 4641 2953 4709 τῆς
2987 4639 3079 4692 τοῦ
3111 4636 3315 4708 ἀγαθοῦ
3346 4636 3643 4697 κοινωνίας.
3677 4630 3805 4683 Ἀλὶὶ

615 4741 761 4811 quod
793 4757 972 4811 neque
1012 4741 1116 4796 hoc
1143 4758 1172 4796 a
1200 4742 1338 4797 Filio
1367 4742 1581 4799 Patrem
1605 4744 1853 4816 dissipat.
1887 4745 2093 4799 Etenim
2129 4746 2181 4797 in

616 4833 874 4890 omnibus
912 4834 1035 4889 aliis
1073 4835 1216 4904 quod
1261 4852 1431 4889 unum
1475 4846 1578 4902 est,
1614 4837 1979 4907 incopulatam
2019 4838 2182 4892 habet

617 4923 1111 4994 significationem;
1142 4927 1195 4980 in
1223 4925 1381 4982 Patre
1411 4944 1536 4983 vero
1563 4937 1618 4983 et
1652 4927 1809 4994 Filio,
1839 4929 1981 4998 quod
2012 4945 2180 4984 unum

615 5024 701 5072 est
731 5032 844 5071 non
877 5018 933 5071 in
964 5017 1259 5073 solitudine
1282 5020 1396 5074 sive
1417 5021 1798 5089 singularitate
1827 5021 2178 5089 conspicitur.

612 5112 728 5179 Ego
751 5111 919 5175 enim,
947 5111 1144 5179 inquit,
1175 5120 1225 5165 et
1254 5111 1415 5165 Pater
1443 5127 1607 5165 unum
1627 5129 1806 5165 sumus
1832 5113 1897 5166 ι’.
1931 5110 1987 5165 Si
2019 5112 2180 5180 igitur

614 5217 758 5255 unus
785 5201 1006 5271 quidem
1030 5203 1243 5270 bonus;
1279 5204 1463 5258 unitas
1487 5213 1667 5258 autem
1690 5204 1934 5273 quaedam
1959 5203 2013 5257 in
2046 5201 2183 5255 Filio

611 5302 668 5348 et
696 5291 856 5349 Patre
885 5294 1240 5365 intelligitur;
1265 5311 1396 5366 ergo
1424 5294 1689 5352 Dominus
1715 5296 1936 5366 qui-uni
1971 5295 2186 5348 bonita-

613 5394 726 5440 tem
756 5386 1025 5448 attribuit,
1064 5395 1118 5441 et
1146 5387 1250 5441 sibi
1281 5388 1382 5456 ipsi
1414 5403 1512 5458 per
1549 5390 1712 5442 unius
1749 5384 2183 5457 cognominatio-

615 5490 741 5531 nem
792 5479 1092 5550 assignavit
1141 5487 1328 5549 utpote
1381 5479 1476 5549 qui
1523 5480 1594 5533 sit
1655 5495 1795 5533 IlllliS
1845 5493 1968 5531 cum
2003 5477 2182 5540 Patre,

613 5583 792 5640 neque
814 5588 844 5624 a
868 5569 1046 5628 Patris
1075 5572 1284 5628 unitate
1313 5573 1614 5628 secundum
1641 5580 1890 5626 naturam
1915 5570 2181 5625 divulsus.

689 5749 710 5782 ⁸
750 5750 940 5806 Matth.
969 5769 1056 5820 xx,
1085 5753 1148 5806 15
1174 5768 1294 5822 sqq.
1406 5754 1426 5783 ’
1463 5747 1616 5806 Joan.
1642 5768 1690 5817 ν,
1713 5750 1806 5805 9.9..

1923 5750 1962 5781 ¹⁰
1998 5745 2189 5803 Matth.
2222 5760 2334 5809 XIX,
2385 5744 2466 5800 l7.

2277 4732 2452 4802 ῥᾴδιον
2499 4731 2668 4796 δεῖξαι
2715 4730 2797 4782 ὅτι
2841 4729 2960 4781 οὐδὲ
2999 4729 3060 4781 τὸ
3107 4728 3163 4781 ἓν
3204 4727 3361 4780 τοῦτο
3394 4724 3691 4796 διαχωρίζει
3731 4716 3802 4770 τοῦ

2276 4821 2405 4875 Υἱοῦ
2427 4823 2518 4875 τὸν
2547 4823 2782 4892 Πατέρα.
2813 4821 2935 4874 Ἐπὶ
2970 4820 3068 4892 μὲν
3100 4819 3206 4890 γὰρ
3230 4818 3336 4870 τῶν
3366 4817 3536 4872 ἄλλων
3565 4814 3802 4870 ἁπάντων.

2274 4917 2332 4967 τὸ
2362 4915 2419 4967 ἓν
2471 4915 2833 4968 ἀσυνδύαστον
2879 4913 2989 4983 ἔχει
3015 4911 3111 4983 τὴν
3149 4912 3442 4982 σημασίαν.
3487 4909 3608 4961 Ἐπὶ
3651 4906 3699 4957 δὲ
3732 4899 3804 4952 τοῦ

2275 5007 2485 5078 Πατρός
2520 5025 2576 5060 τε
2608 5007 2699 5060 καὶ
2731 5004 2821 5058 τοῦ
2847 5004 2996 5068 Υἱοῦ,
3034 5006 3093 5057 τὸ
3121 5003 3178 5055 ἓν
3205 5003 3304 5055 οῦκ
3337 5005 3392 5054 ὲν
3425 5000 3666 5070 μονότητι
3702 4993 3807 5046 καθ·

2277 5100 2488 5168 ορᾶται·
2712 5097 2843 5168 γὰρ,
2881 5095 3036 5166 φησὶ,
3087 5094 3186 5146 καὶ
3231 5096 3263 5146 ό
3291 5091 3490 5159 Πατὴρ
3529 5091 3597 5144 ἔγ
3633 5090 3802 5154 ἐσμεν.

2275 5193 2336 5244 ΕΞ
2378 5187 2469 5244 οὖν
2501 5184 2579 5254 εἷς
2629 5189 2724 5260 μὲν
2763 5191 2791 5242 0
2829 5188 3058 5255 ἀγαθὸς,
3096 5188 3280 5254 ἑνότης
3313 5185 3369 5238 δέ
3404 5202 3485 5247 τις
3524 5185 3580 5235 ἐν
3615 5179 3686 5250 τῷ
3715 5173 3805 5241 Tit};

2276 5285 2368 5337 καὶ
2392 5283 2466 5353 τῷ
2501 5282 2672 5353 ﬂat-pi.
2695 5281 2976 5353 Θεωρεῖται
2994 5298 3007 5312 ·
3040 5278 3148 5350 ἄρα
3171 5281 3199 5331 0
3229 5277 3430 5349 Κύριος
3459 5277 3538 5329 ἑνὶ
3561 5270 3805 5346 μαρτυρή-

2278 5391 2375 5436 σας
2410 5374 2507 5444 τὴν
2558 5372 2903 5444 ἀγαθότητα,
2946 5371 3040 5426 καὶ
3085 5367 3261 5440 ἑαυτῷ
3311 5366 3399 5421 διὰ
3442 5365 3532 5420 τοῦ
3579 5363 3689 5425 ἑνὸς
3728 5358 3804 5432 τὴν

2275 5469 2590 5540 ἐπωνυμίαν
2610 5467 2810 5538 ταύτην
2843 5464 3330 5538 προσεμαρτύρησε
3351 5503 3366 5527 ,
3392 5461 3467 5532 τῷ
3493 5460 3551 5513 ἒν
3572 5460 3678 5512 ὄντι
3698 5452 3802 5525 πρὸς

2285 5568 2364 5620 τὸν
2392 5565 2630 5635 Πατέρα,
2658 5566 2752 5619 καὶ
2771 5565 2869 5618 οὐκ
2899 5561 3370 5637 ἁπορῤηγνυμένῳ
3390 5562 3487 5631 τῆς
3515 5557 3649 5614 κατὰ
3674 5555 3806 5624 φύσιν

2561 5761 2602 5792 ιι
2639 5757 2793 5814 Joau.
2826 5772 2954 5826 xvn,
2995 5754 3079 5812 l6.
3172 5755 3212 5787 ¹²
3243 5750 3401 5810 Joan.
3443 5773 3493 5820 χ,
3531 5755 3618 5810 39.
