4034 6478
206 368 321 431 865

1327 353 1606 411 CONTRA
1634 350 2024 416 EUNOMIUM,
2059 351 2187 406 LIB.
2222 352 2307 406 XI.

3338 341 3448 402 866

204 492 479 559 ἑνότητος.
538 485 674 539 Ἀλλ’
706 486 851 546 Em;
880 482 946 537 ἂν
964 481 1053 535 διὰ
1082 480 1299 533 πάντων
1328 478 1548 548 ἔκδηλον
1573 475 1779 545 γένοιτο

1896 472 1989 528 Sed
2024 485 2081 528 ut
2104 491 2200 545 per
2229 476 2410 530 omnia
2444 473 2607 543 hujus
2634 469 2813 541 gravis
2838 465 3127 537 scriptoris
3152 462 3450 519 ineruditio

200 585 303 638 τοῦ
332 579 529 651 σεμνοῦ
558 579 893 649 λογογράφου
918 576 979 628 τὸ
999 572 1295 644 φιλαμαθὲς
1314 573 1406 624 καὶ
1433 570 1772 631 ἀπαίδευτον,

204 676 382 746 αὐτὴν
418 674 840 743 κατανοήσωμεν
879 669 971 720 ἐπὶ
1005 665 1201 731 λέξεως
1238 664 1346 716 τῶν
1381 661 1777 732 γεγραμμένων

202 770 309 837 τὴν
344 764 613 827 σύνταξιν.
644 763 758 814 Οὐκ
795 760 1122 819 οἰκειοῦται,
1160 756 1324 825 φησὶ,
1359 754 1456 824 τὴν
1504 752 1596 805 τοῦ
1629 752 1779 813 ὄντος

204 861 367 923 ἀξίαν
398 862 425 912 ὀ
456 859 584 920 Υἱός
607 874 619 886 ·
662 855 819 919 ἀξίαν
857 852 1156 922 ὀνομάζων,
1202 848 1333 901 αὐτὸ
1358 847 1419 899 τὸ
1458 844 1619 899 εῖναι.
1654 843 1778 905 Πῶς

204 949 318 1004 οἶδε
350 950 552 1020 κυρίως
576 950 687 1009 τοῖς
719 945 1033 1015 πράγμασιν
1071 938 1400 1008 ἐφαρμόζειν
1426 936 1494 987 τὰ
1522 935 1737 1005 ῥήματα
1762 933 1774 984 !

206 1045 305 1095 καὶ
339 1042 525 1109 ἐπειδὴ
555 1040 643 1091 διὰ
674 1038 765 1090 τὸν
795 1035 1010 1104 Πατέρα
1038 1032 1202 1095 ἐστὶν,
1239 1026 1646 1099 ἀλλοτριοῦσθαι
1683 1024 1781 1077 αὑ-

205 1136 301 1187 τὸν
341 1131 535 1185 ἑαυτοῦ
578 1130 745 1197 λέγει.
794 1128 882 1189 Ὠς
915 1127 1009 1179 καὶ
1050 1124 1150 1193 τῆς
1182 1122 1373 1175 τούτου
1422 1116 1778 1189 κυριευούσης

205 1226 400 1287 οὐσίας
430 1222 563 1294 πρὸς
593 1220 786 1290 ἑαυτὴν
821 1217 1082 1285 ἑλκούσης
1122 1214 1219 1285 τὴν
1247 1212 1340 1265 τοῦ
1378 1211 1528 1272 ὄντος
1550 1207 1777 1260 ἔννοιαν.

209 1312 387 1365 Τοῦτο
427 1311 481 1363 δὲ
521 1308 762 1361 τοιοῦτόν
794 1310 961 1369 ἐστιν,
997 1306 1071 1366 ὡς
1105 1304 1169 1357 ἂν
1212 1301 1265 1354 εἴ
1306 1319 1388 1363 τις
1429 1299 1596 1365 λέγοι,
1640 1297 1721 1348 ὅτι
1753 1296 1781 1347 6

208 1396 620 1468 ἀργυρώνητος,
661 1394 794 1448 καθό
828 1396 965 1453 ἐστι,
1006 1390 1147 1444 κατὰ
1176 1390 1271 1460 τὴν
1300 1389 1434 1441 ίδίαν
1460 1386 1777 1445 ὑπόστασιν,

208 1491 313 1541 οὐκ
341 1490 543 1549 ἐκεῖνος
569 1487 714 1539 ἐστὶν
742 1525 755 1547 ,
784 1485 895 1538 ἀλλ’
923 1488 951 1536 6
968 1481 1289 1553 ἐωνημένος,
1324 1482 1423 1549 τῆς
1448 1478 1567 1531 κατ’
1596 1475 1781 1529 ούσίαν

208 1579 407 1634 ἑαυτοῦ
454 1577 799 1639 ὑποστάσεως
844 1578 924 1638 είς
950 1574 1049 1645 τὴν
1077 1573 1170 1626 τοῦ
1203 1565 1783 1642 κυριεύσαντος-φύσιν

207 1669 632 1739 ἀναληφθείσης.
659 1666 845 1721 Ταῦτα
860 1667 929 1720 τά
944 1664 1122 1735 ὑψηλά
1138 1663 1231 1717 τοῦ
1248 1661 1496 1728 θεολόγον
1514 1658 1779 1727 νοήματα,

206 1766 239 1829 ἡ
270 1762 326 1815 δὲ
352 1761 461 1813 τῶν
506 1759 913 1831 προειρημένων
939 1756 1207 1820 ἀπόδειξις
1247 1755 1365 1820 οἴα;
1397 1750 1581 1815 αὑτοῦ,
1618 1745 1773 1817 φησὶ,

208 1854 305 1906 τοῦ
334 1852 664 1919 Μονογενοῦς
684 1850 1021 1911 ἀποδιδόντος
1043 1848 1121 1917 τῷ
1149 1847 1341 1916 Πατρὶ,
1364 1844 1461 1914 τὴν
1485 1842 1630 1911 μόνῳ
1654 1838 1773 1891 κατ’

209 1946 372 2009 ἀξίαν
429 1942 784 2012 ὀφειλομένην
833 1939 1170 2009 ἐπωνυμίαν.
1232 1937 1341 1989 Καὶ
1387 1932 1557 1986 ταῦτα
1609 1927 1778 1983 εἰπὼν

211 2035 411 2102 ἐπάγει
438 2035 498 2087 τὸ
530 2033 687 2096 μόνον
710 2028 848 2084 εἶναι
873 2028 1076 2097 ἀγαθὸν
1106 2025 1346 2095 Πατέρα.
1378 2021 1487 2075 Ποῦ
1520 2019 1696 2073 τοίνυν
1721 2017 1779 2068 ὲν

208 2127 423 2188 τούτοις
466 2127 709 2196 ἀρνεῖται
752 2124 781 2175 ὁ
807 2121 932 2183 Υἱὸς
968 2120 1067 2189 τὴν
1104 2116 1419 2185 ἐπωνυμίαν
1464 2112 1558 2165 τοῦ
1591 2109 1777 2170 ὄντος;

208 2220 351 2286 ὅπερ
385 2211 785 2277 κατασκευάζει
828 2210 1089 2279 Εὐνόμιος
1112 2246 1128 2271 ,
1156 2205 1327 2260 ταῦτα
1356 2200 1664 2273 προστιθεὶς
1691 2196 1783 2248 ἐπὶ

212 2309 441 2373 λέξεως’
466 2306 527 2358 '0
552 2306 659 2373 γὰρ
698 2303 811 2369 τὴν
841 2300 945 2354 τοῦ
986 2298 1210 2367 ἀγαθοῦ
1250 2297 1589 2363 πρόσρησιν
1620 2290 1784 2360 μόνῳ

214 2398 550 2468 προσήκειν
564 2393 808 2459 διδάξας
821 2392 1031 2457 ἐκείνῳ
1048 2389 1128 2455 τῷ
1142 2388 1238 2443 καί
1255 2385 1363 2455 τῆς
1376 2383 1669 2455 σφετέρας
1688 2381 1785 2436 καί

212 2491 426 2557 πάσης
451 2487 813 2555 ἀγαθότητος
839 2485 1023 2547 αἰτίῳ,
1047 2479 1145 2534 καὶ
1163 2480 1419 2533 πάντοτε
1438 2476 1584 2538 ὄντι,
1604 2472 1785 2528 καὶτὸ

222 2581 537 2652 γινόμενον
562 2576 783 2645 ἀγαθὸν
803 2576 894 2628 ἐπ’
916 2573 1148 2627 ἐκεῖνον
1168 2571 1379 2641 φέρων·
1412 2565 1609 2637 σχολή
1634 2567 1686 2635 τ’
1709 2564 1788 2621 ἂν

220 2674 341 2726 τῶν
370 2689 513 2725 ποτε
543 2668 869 2738 γινομένων
889 2663 1224 2731 ᾠκειώσατο
1248 2661 1362 2729 τὴν
1382 2658 1669 2723 ἐξουσίαν
1690 2655 1787 2709 καὶ

218 2766 337 2833 τὴν
352 2763 456 2817 τοῦ
473 2762 644 2825 ὄντος
660 2756 1089 2826 exmplum“
1104 2754 1348 2808 κοινωνεῖ
1360 2754 1470 2813 τοῖς
1483 2753 1528 2803 εί
1538 2766 1601 2820 ρη
1611 2748 1789 2817 μένοις

218 2862 255 2929 ή
280 2856 497 2923 ἐξουσία
517 2873 530 2917 ;
550 2852 673 2915 Πῶς
694 2852 749 2904 δὲ
774 2849 909 2921 μετὰ
929 2848 1128 2910 ταύτης
1145 2845 1238 2899 καὶ⁵
1254 2844 1354 2914 τῆς
1373 2842 1465 2895 τοῦ
1481 2841 1631 2903 ὄντος
1647 2841 1790 2893 ἐπω-

224 2928 423 3017 νυμίας
464 2949 492 2999 6
539 2944 662 3005 Υἱὸς
698 2941 1081 3011 ἠλλοτρίωταις
1136 2936 1273 2989 Ἀλλ’
1303 2935 1402 2987 οὐκ
1449 2929 1563 2986 οἶδα
1593 2932 1646 2984 τί
1685 2928 1791 3000 Χρὴ

226 3040 387 3092 πλέον
415 3039 472 3088 ἐν
496 3034 703 3095 τούτοις
725 3034 897 3085 ποιεῖν
917 3047 930 3061 ·
958 3028 1120 3100 γελᾷν
1146 3028 1244 3099 τὴν
1267 3026 1529 3096 ἀμαθίαν,
1560 3024 1593 3093 ἢ
1624 3022 1792 3075 ἐλεεῖν

1879 579 1929 625 et
1970 570 2187 624 inscitia
2224 569 2514 623 manifeste
2544 572 2746 637 pateat,
2775 563 3101 631 scriptorum
3133 559 3198 612 ad
3218 559 3446 613 verbum

1881 663 2134 733 synlaxin
2164 662 2574 716 consideremus
2608 677 2620 711 :
2650 656 2845 721 Filius,
2874 655 3068 722 inquit,
3097 654 3217 722 ejus
3250 652 3340 722 qui
3363 658 3451 707 est

1878 752 2194 822 dignitatem
2231 766 2340 805 non
2373 749 2472 804 sibi
2505 747 2767 810 vindicat,
2794 744 3108 813 dignitatem
3161 742 3449 796 nominans

1879 844 2060 914 ipsum
2105 858 2249 897 esse.
2297 840 2580 907 Quomodo
2629 837 2779 892 novit
2824 836 3040 905 proprie
3084 834 3239 888 verba
3285 836 3450 888 rebus

1879 932 2295 989 accommodare
2325 934 2338 985 l
2375 933 2440 985 Et
2479 929 2736 1000 quoniam
2778 942 2871 996 per
2898 924 3116 978 Patrem
3145 933 3248 989 est,
3289 924 3445 977 illum

1881 1024 1951 1079 ab
1985 1026 2104 1093 ipso
2134 1023 2430 1076 alienatum
2472 1034 2593 1074 esse
2628 1017 2782 1079 dicit,
2809 1015 2936 1084 quia
2984 1014 3242 1069 nimirum
3289 1013 3454 1080 hujus

1881 1113 2211 1169 dominatrix
2244 1111 2485 1167 essentia
2516 1111 2583 1163 ad
2612 1109 2848 1178 seipsam
2881 1106 3062 1160 trahat
3098 1106 3243 1159 entis
3275 1103 3451 1157 notio-

1881 1223 2003 1262 nem
2039 1226 2053 1260 :
2081 1207 2184 1261 hoc
2212 1213 2390 1259 autem
2421 1204 2526 1257 tale
2544 1210 2630 1256 est
2660 1215 2722 1254 ac
2747 1201 2789 1253 si
2828 1200 2952 1266 quis
2983 1198 3151 1262 dicat,
3187 1198 3327 1266 quod
3363 1209 3455 1249 ar-

1883 1305 2044 1367 gento
2073 1303 2312 1365 emptus,
2341 1307 2449 1363 qua
2481 1299 2585 1352 est,
2619 1290 2917 1344 secundum
2960 1302 3112 1343 suam
3144 1287 3453 1341 subsisten-

1882 1389 2011 1442 tiam
2055 1402 2164 1439 non
2198 1387 2288 1440 ille
2321 1392 2426 1447 est,
2459 1383 2552 1438 sed
2583 1380 2676 1451 qui
2712 1387 2927 1449 emptus
2950 1389 3055 1441 est,
3098 1377 3451 1433 subsistentia

1884 1480 2181 1534 secundum
2227 1477 2312 1531 sui
2361 1474 2654 1531 essentiam
2699 1472 2765 1525 ad
2812 1471 3147 1525 dominantis
3201 1481 3451 1524 naturam

1884 1579 2181 1639 assumpta;
2217 1570 2299 1623 hae
2329 1575 2456 1623 sunt
2475 1568 2597 1620 alta:
2617 1565 2779 1633 hujus
2800 1563 3032 1632 theologi
3055 1563 3327 1627 notiones,
3357 1560 3453 1616 sed

1885 1669 2009 1714 ante
2040 1660 2310 1713 dictorum
2344 1655 2743 1710 demonstratio
2773 1653 2993 1723 qualis?
3022 1652 3161 1705 Cum
3195 1652 3333 1721 ipse,
3366 1652 3455 1704 in-

1886 1757 2025 1825 quit,
2049 1754 2374 1821 Uuigeuitus
2398 1750 2587 1805 reddat
2608 1747 2751 1801 Patri
2780 1747 2877 1802 soli
2904 1745 3201 1800 secundum
3218 1744 3462 1814 dignita-

1881 1858 1985 1901 tem
2034 1847 2273 1899 debitam
2326 1842 2894 1913 cognominationem:
2946 1846 2997 1891 et
3059 1838 3174 1891 haec
3233 1839 3452 1893 locutus

1881 1940 2182 2008 subjunxit,
2217 1939 2392 1991 solum
2425 1938 2622 1990 bouum
2652 1949 2775 1988 esse
2807 1932 3043 1995 Patrem,
3075 1932 3167 1985 ubi
3191 1930 3361 2001 igitur
3393 1932 3450 1985 in

1880 2033 1966 2087 his
2004 2030 2172 2083 Filius
2210 2029 2311 2083 sibi
2349 2028 2578 2095 denegat
2613 2025 2755 2080 entis
2802 2022 3261 2093 appellationem?
3297 2022 3442 2092 quod

1881 2122 2099 2191 quidem
2132 2119 2329 2175 astruit
2349 2117 2649 2171 Eunomius
2679 2115 2791 2168 haec
2818 2112 3080 2180 adjicicns
3102 2112 3168 2165 ad
3190 2112 3448 2166 verbum:

1885 2216 1989 2280 Qui
2019 2215 2156 2267 enim
2201 2212 2321 2266 boni
2368 2208 2771 2279 appellationem
2807 2205 2906 2259 soli
2938 2204 3207 2257 convenire
3239 2202 3458 2266 docuit,

1883 2308 1965 2361 illi
1998 2323 2107 2360 sure
2153 2305 2419 2372 omnisque
2472 2300 2721 2352 bonitatis
2756 2297 2960 2350 auctori
3003 2303 3051 2348 et
3093 2295 3303 2349 omnino
3345 2295 3453 2347 enti

1885 2407 1933 2451 et
1959 2396 2097 2465 quod
2131 2396 2192 2463 ﬁt
2216 2395 2404 2447 bonum
2427 2431 2441 2455 ,
2488 2392 2542 2443 in
2585 2389 2736 2443 illum
2776 2388 2931 2456 refert
2958 2428 2972 2451 ,
3018 2387 3105 2440 vix
3131 2401 3309 2439 eorum
3341 2398 3460 2453 qua!

1887 2490 2056 2559 limit,
2099 2494 2407 2557 potestatem
2455 2492 2504 2537 et
2570 2483 2703 2535 entis
2753 2494 2941 2531 nomen
2993 2478 3096 2531 sibi
3155 2476 3455 2545 applieavit.

1897 2579 2034 2645 Quid
2087 2578 2250 2631 habet
2292 2588 2578 2631 commune
2626 2586 2748 2625 cum
2795 2569 2959 2623 dictis
3000 2566 3280 2637 potestas?
3313 2562 3463 2630 Quo-

1891 2669 2058 2724 modo
2083 2683 2209 2721 cum
2246 2667 2347 2721 hac
2374 2673 2427 2720 et
2456 2666 2524 2717 ab
2555 2663 2694 2718 entis
2721 2660 3093 2715 nominatione
3122 2656 3292 2710 Filius
3322 2655 3458 2710 alie-

1893 2771 2053 2815 natus
2082 2759 2208 2813 est?
2235 2756 2341 2811 Sed
2379 2755 2507 2825 quid
2533 2755 2714 2824 potius
2748 2753 2801 2805 in
2833 2751 2918 2805 bis
2948 2748 3212 2819 agendum
3266 2747 3336 2801 sit
3366 2761 3463 2801 ne-

1896 2856 2037 2917 scio,
2071 2868 2139 2907 an
2171 2850 2394 2905 ridenda
2428 2848 2753 2907 sitinscitia,
2778 2861 2845 2898 an
2878 2840 3183 2897 miseranda
3205 2837 3458 2909 perditio.

1895 2946 2104 3000 Etenim
2140 2943 2260 3012 ejus
2286 2940 2452 2995 dictio
2488 2953 2592 2992 non
2624 2941 2904 3004 assumpta
2940 2941 2998 2985 ut
3033 2933 3089 2986 in
3133 2945 3233 2983 usu
3263 2936 3463 2982 natura

1898 3034 2035 3089 solet
2065 3029 2320 3099 usurpari
2364 3027 2507 3097 apud
2552 3041 2648 3081 eos
2692 3025 2787 3093 qui
2831 3022 3078 3076 oratione
3125 3020 3204 3073 uti
3253 3018 3458 3084 sciunt,

226 3132 325 3200 τὴν
353 3127 644 3181 ἀπώλειαν.
696 3125 770 3177 ’Ἢ
813 3140 869 3176 τε
908 3120 1016 3190 γὰρ
1048 3120 1145 3190 τῆς
1179 3118 1443 3188 σφετέρας
1476 3116 1622 3180 λέξις
1645 3153 1660 3175 ,
1695 3113 1793 3182 οὐχ

1901 3124 2055 3178 valde
2098 3121 2330 3191 peritum
2370 3134 2491 3173 esse
2528 3124 2764 3170 testatur
2796 3114 2850 3167 in
2885 3128 2950 3168 eo
2990 3109 3294 3166 rhetorices
3324 3109 3462 3163 arti-

224 3219 397 3280 o'wm;
426 3217 752 3284 ὲκληφθεῖσα
771 3214 845 3275 ὡς
875 3211 1083 3279 πέφυκέ
1106 3227 1163 3263 τε
1195 3209 1289 3262 καὶ
1308 3206 1496 3261 εἴωθεν
1517 3208 1576 3260 ἐν
1604 3205 1796 3276 χρήσει

228 3310 472 3378 γίνεσθαι
507 3306 659 3377 παρὰ
686 3308 797 3367 τοῖς
839 3305 1004 3357 εἰδόσι
1043 3301 1346 3372 κεχρῆσθαι
1381 3300 1523 3369 λόγῳ
1546 3338 1561 3361 ,
1599 3298 1799 3368 πολλὴν

227 3400 379 3471 αύτῷ
405 3400 671 3470 μαρτυρεῖ
697 3398 795 3467 τῆς
838 3391 1300 3461 ἀντονομαστικῆς
1326 3390 1669 3461 τεχνολογίας
1700 3390 1801 3459 τὴν

228 3494 560 3563 ἐπιστήμην,
592 3491 660 3560 ἢν
690 3491 782 3543 καί⁵
815 3487 885 3541 τά
919 3485 1180 3556 παιδάρια
1219 3482 1367 3554 παρὰ
1388 3485 1501 3545 τοῖς
1538 3496 1801 3552 γραμμαο

227 3586 437 3646 τισταῖς
462 3580 697 3652 ἀμογητὶ
716 3577 1061 3648 διεξέρχεται.
1086 3575 1194 3628 Καὶ
1207 3575 1268 3627 τὸ
1290 3571 1683 3644 παρενεχθῆναι
1706 3569 1799 3623 τοῦ

229 3676 596 3747 προκειμένου
629 3671 853 3741 γελοίως
882 3668 1043 3722 αὐτὸν
1072 3667 1205 3735 πρὸς
1232 3666 1299 3720 τὰ
1335 3665 1495 3737 μηδὲν
1521 3665 1806 3717 ἐπικοινω-

230 3769 431 3822 νοῦντα
458 3765 536 3835 τῷ
574 3765 718 3833 λόγῳ
757 3763 851 3816 καὶ
885 3759 964 3830 τῷ
993 3761 1231 3829 σχήματι
1262 3752 1707 3826 συμπεραστικῷ,
1739 3751 1802 3804 τὸ

234 3862 311 3933 μὴ
342 3859 615 3912 κοινωνεῖν
643 3855 734 3909 τὸν
763 3854 889 3907 Υίδν
915 3852 1016 3921 τῆς
1037 3848 1351 3919 ἐπωνυμίας
1373 3847 1465 3901 τοῦ
1489 3847 1658 3909 ὄντος,
1682 3845 1803 3906 ταῖς

234 3951 545 4012 ἀλλοκότοις
579 3946 1019 4020 ὲφαρμοζόμενον
1065 3942 1427 4002 κατασκευαῖς
1454 3955 1468 3969 ο
1505 3938 1598 3991 καὶ
1626 3937 1804 3990 πάντα

232 4048 303 4100 τὰ
331 4042 555 4099 τοιαῦτα
570 4040 823 4110 καθάπερ
843 4036 1149 4106 ἐξεπίτηδες
1171 4033 1262 4087 ἐπὶ
1281 4032 1473 4101 γέλωτι
1501 4031 1802 4098 σύγκειται.

237 4139 403 4190 ’Ὥστε
446 4152 499 4187 τι
547 4133 639 4187 καὶ
693 4130 886 4183 παθεῖν
916 4128 1076 4197 τυχὸν
1106 4126 1233 4188 τοὺς
1267 4123 1663 4194 άμελεστέρους
1710 4121 1805 4172 καὶ

235 4228 560 4298 ἐπιγελάσαι
591 4224 665 4294 τῷ
690 4223 1045 4293 άσυναρτήτῳ
1070 4219 1177 4273 τῶν
1214 4218 1403 4285 λόγων.
1458 4214 1618 4268 Ἀλλὰ
1643 4213 1701 4265 τὸ
1729 4212 1803 4282 μὴ

237 4318 377 4374 εἶναι
406 4319 497 4371 τὸν
538 4317 671 4370 Θεὸν
715 4315 907 4383 Λόγον,
942 4312 975 4381 ἢ
1021 4309 1221 4379 ἀγαθὸν
1261 4310 1477 4370 πάντως
1509 4306 1582 4376 μὴ
1624 4299 1761 4357 εἶναι
1785 4318 1801 4334 θ

237 4412 415 4467 ταῦτα
443 4409 551 4478 γὰρ
593 4403 989 4470 κατασκευάζει
1023 4404 1088 4458 δι’
1145 4398 1218 4457 ὧν
1264 4402 1364 4472 τήν
1410 4417 1470 4452 τε
1508 4397 1603 4451 τοῦ
1655 4397 1806 4459 ὄντος

1901 3216 2026 3269 ﬂcio
2053 3230 2164 3284 quo
2186 3212 2407 3265 nomina
2427 3210 2531 3263 alia
2560 3224 2657 3277 pro
2687 3207 2812 3261 aliis
2838 3214 3134 3276 ponuntur,
3160 3217 3324 3272 quam
3346 3201 3465 3275 glo-

1900 3307 2093 3360 riolam
2122 3303 2332 3374 parvuli
2365 3300 2504 3370 apud
2537 3297 2944 3367 grammatistas
2975 3296 3097 3349 sine
3132 3295 3316 3347 labore
3372 3308 3463 3347 se-

1899 3408 2137 3454 ctantur.
2169 3396 2231 3448 Et
2254 3393 2396 3463 quod
2424 3392 2539 3461 ipse
2556 3405 2584 3443 a
2609 3390 2885 3459 proposito
2905 3388 3135 3442 ridicule
3162 3386 3466 3442 transfera-

1900 3501 1990 3545 tur
2018 3489 2084 3543 ad
2112 3504 2173 3541 ea
2218 3499 2337 3555 qua:
2378 3484 2583 3537 nullam
2617 3481 2818 3534 habent
2854 3479 3293 3533 communionem
3335 3492 3463 3532 cum

1899 3581 2106 3637 ratione
2133 3585 2187 3634 et
2229 3578 2401 3646 figura
2437 3589 2542 3644 qua
2591 3571 2845 3628 concludi
2873 3571 3114 3635 deberet,
3169 3568 3308 3623 Filio
3350 3583 3460 3622 non

1900 3690 2023 3732 esse
2050 3686 2392 3727 communem
2419 3667 2561 3723 entis
2584 3665 3021 3736 appellationem,
3045 3663 3189 3733 quod
3208 3662 3466 3717 absurdis

1901 3776 1955 3822 et
2002 3763 2332 3837 portentosis
2358 3761 2554 3815 nititur
2584 3756 2996 3812 accommodare
3024 3753 3463 3825 probationibus.

1903 3857 2028 3913 Haec
2053 3869 2105 3914 et
2134 3857 2402 3927 ejusmodi
2436 3870 2557 3925 qua:
2584 3854 2751 3908 veluti
2789 3853 2856 3908 de
2890 3852 3163 3906 industria
3191 3850 3257 3904 ad
3289 3850 3465 3905 risum

1902 3950 2247 4005 excitandum
2307 3948 2539 4004 conllata
2586 3953 2734 3999 sunt.
2792 3944 2865 3997 lla
2910 3952 2967 3996 ut
3017 3942 3132 3997 ﬂeri
3182 3941 3356 4011 possit
3405 3947 3467 3995 ut

1904 4041 2064 4096 etiam
2108 4038 2443 4109 stupidiores
2488 4036 2616 4106 quid
2648 4034 3023 4104 perpetiantur
3062 4037 3116 4085 et
3156 4029 3372 4083 rideant
3396 4029 3472 4083 ob

1904 4134 2387 4188 inconcinnitatem
2418 4134 2538 4202 ejus
2592 4147 2929 4188 sermonum.
2981 4128 3473 4185 Verumenimsero

1904 4224 2049 4295 quod
2076 4225 2217 4281 Deus
2239 4225 2475 4279 Verbum
2516 4240 2624 4278 non
2669 4225 2759 4287 sit,
2795 4223 2878 4277 vel
2919 4221 3064 4290 quod
3098 4220 3323 4275 omnino
3355 4233 3468 4273 non

1904 4318 1979 4373 sit
2007 4318 2205 4380 bonus,
2240 4317 2352 4371 haec
2373 4317 2516 4370 enim
2547 4315 2820 4385 praestruit
2843 4329 2940 4383 per
2968 4328 3090 4383 qua:
3110 4320 3165 4367 et
3196 4311 3341 4366 entis
3368 4324 3470 4363 no-

1906 4408 2261 4462 minationem
2305 4417 2358 4461 et
2393 4407 2518 4461 boni
2551 4406 2966 4475 appellationem
3012 4403 3146 4458 dicit
3188 4417 3297 4457 non
3326 4400 3471 4456 Filio

238 4502 557 4571 ἐπωνυμίαν
579 4500 672 4552 καὶ
700 4499 799 4568 τὴν
822 4495 912 4551 τοῦ
938 4496 1141 4565 ἀγαθοῦ
1176 4496 1251 4566 μὴ
1279 4491 1605 4546 οἰκειοῦσθαι
1635 4488 1794 4556 λέγει.

1910 4513 2070 4568 posse
2104 4498 2321 4567 proprie
2351 4498 2672 4560 convenire;
2702 4502 2756 4549 et
2798 4494 2942 4563 quod
2971 4492 3249 4565 praestruit
3277 4506 3468 4547 eorum

239 4597 356 4650 Καὶ
384 4595 446 4647 τὸ
472 4590 898 4653 κατασκευάζειν
945 4588 1040 4658 τὴν
1085 4587 1193 4640 τῶν
1236 4586 1531 4656 γινομένων
1563 4582 1806 4648 ἐξουσίαν

244 4686 320 4757 μὴ
348 4686 640 4755 προσήκειν
672 4682 837 4752 αὐτῷ,
859 4678 1029 4734 ταῦτα
1048 4678 1295 4748 δακρύων
1328 4677 1452 4740 ἄξια
1481 4675 1574 4728 κα)⁸
1606 4674 1806 4745 θρηνη-

238 4775 399 4848 τικῆς
433 4774 737 4836 συναυλίας.

315 4868 451 4922 Οὐδὲ
493 4867 601 4937 γὰρ
643 4865 785 4919 κατά
828 4879 950 4917 τινα
983 4861 1232 4933 προπετῆ
1271 4860 1366 4913 καὶ
1410 4859 1810 4930 ἀπερίσκεπτον

240 4959 421 5030 ὁρμὴν
449 4956 597 5019 ἅπαξ
624 4972 725 5008 που
756 4954 815 5006 τὸ
846 4951 1083 5005 τοιοῦτον
1112 4950 1634 5020 παραφθεγξάμενος
1652 4989 1668 5013 ,
1695 4942 1813 5000 εἶτα

243 5047 761 5119 ὲπανορθοῦταιτοῖς
778 5044 974 5114 ἐφεξῆς
1000 5044 1062 5097 τὸ
1091 5042 1485 5113 πλημμέλημα,
1514 5041 1817 5111 ἀλλ’ὲμφι-

242 5143 476 5212 λοχωρεῖ
492 5142 557 5210 τῇ
581 5139 767 5207 κακίᾳ,
796 5140 907 5199 τοῖς
942 5136 1212 5206 δευτέροις
1243 5132 1554 5203 φιλονεικῶν
1579 5130 1818 5201 ὑπερϐα-

243 5235 303 5288 λέ
312 5235 433 5288 σθαι
454 5235 520 5285 τὰ
544 5232 824 5301 φθάσαντα
842 5247 856 5261 ’
874 5230 1017 5297 λέγει
1042 5227 1144 5299 γὰρ
1161 5228 1380 5298 προῖὼν,
1413 5224 1707 5281 Τοσοῦτον
1721 5226 1817 5278 αὐ·

245 5329 355 5381 τὸν
382 5325 533 5381 εἶναι
548 5325 703 5379 κάτω
727 5323 837 5391 τῆς
853 5324 1013 5388 θείας
1027 5322 1282 5391 φύσεως,
1297 5320 1446 5373 ὅσον
1466 5319 1566 5373 ἀπ’
1582 5319 1703 5372 ἐκεί
1710 5335 1819 5371 νου

245 5419 399 5486 πρὸς
432 5417 497 5471 τὸ
531 5416 949 5482 ταπεινότερον
969 5416 1009 5482 ἡ
1032 5412 1149 5465 τῶν
1184 5410 1454 5481 ἀγγέλων
1488 5408 1820 5475 ἀποϐέϐηκε

246 5513 437 5580 φύσις
455 5526 466 5538 ’
500 5510 561 5561 ού
581 5507 791 5569 τούτοις
816 5506 1042 5576 γράφων
1064 5505 1175 5564 τοῖς
1205 5505 1459 5571 ῥήμασιν,
1494 5499 1629 5553 ἀλλὰ
1661 5517 1819 5551 κατασ

249 5603 536 5665 σκευάζων
568 5602 634 5653 δι’
665 5594 738 5651 ὧν
766 5599 911 5667 λέγει
943 5596 1040 5666 τὴν
1069 5594 1322 5663 τοιαύτην
1357 5593 1611 5646 διάνοιαν.
1661 5591 1817 5655 Ἐξε-

250 5710 338 5746 στι
368 5694 425 5745 δὲ
461 5694 639 5761 κρῖναι
668 5691 757 5742 τὸν
782 5689 937 5757 λόγον
967 5691 1075 5748 τοῖς
1106 5684 1535 5753 ἐντυγχάνουσιν,
1568 5683 1679 5753 ἔχει
1712 5682 1821 5752 γὰρ

247 5785 395 5840 οὕτω
427 5784 493 5836 τὰ
519 5781 905 5855 γεγραμμένα·
936 5782 1037 5843 Ὃς
1067 5777 1145 5843 τῷ
1166 5777 1281 5847 μὲν
1310 5776 1561 5844 ἅγγελος
1597 5774 1822 5842 corona"

1911 4606 2031 4661 qua:
2090 4590 2224 4643 ﬁunt
2268 4595 2591 4657 potestatem
2642 4602 2750 4640 non
2800 4586 2903 4655 ipsi
2962 4593 3306 4655 competere:
3356 4583 3474 4637 haec

1910 4682 2167 4753 lacrymis
2200 4682 2359 4750 digna
2402 4688 2455 4734 et
2484 4678 2650 4733 ﬂebili
2684 4676 3040 4731 contibicinio
3067 4677 3182 4732 sive
3212 4676 3473 4730 lamenta.

1982 4855 2166 4925 Neque
2200 4854 2341 4909 enim
2371 4852 2634 4923 praecipiti
2668 4850 2905 4922 quodam
2950 4857 3115 4919 atque
3156 4847 3471 4903 inconside-

1912 4959 2031 5002 rato
2064 4948 2288 5016 impetu,
2323 4944 2489 4997 semel
2517 4943 2716 4996 alicubi
2759 4942 2869 4995 tale
2904 4939 3160 5010 quiddam
3192 4951 3474 5007 perperam

1916 5042 2149 5101 locutus,
2182 5039 2234 5091 in
2279 5035 2636 5106 sequentibus
2680 5033 2880 5088 deinde
2910 5036 3152 5086 erratum
3190 5029 3478 5091 emendat;

1918 5130 2013 5186 sed
2063 5131 2118 5183 in
2158 5128 2421 5196 pravitate
2470 5125 2826 5187 immoratur,
2885 5136 2949 5175 ac
3010 5120 3264 5174 secundis
3304 5119 3485 5173 ambi-

1918 5222 2056 5276 tiose
2091 5218 2371 5274 contendit
2421 5217 2603 5287 priora
2645 5228 2945 5285 superare:
2977 5211 3113 5267 dicit
3150 5209 3294 5264 enim
3350 5225 3480 5279 pro-

1915 5313 2192 5383 grediens,
2212 5310 2386 5379 Ipsum
2419 5318 2566 5361 tanto
2603 5322 2716 5361 esse
2745 5304 2927 5359 divina
2953 5310 3147 5355 natura
3182 5300 3488 5369 inferiorem

1916 5414 2112 5474 quanto
2146 5405 2209 5456 ab
2240 5403 2335 5456 illo
2383 5401 2450 5454 ad
2500 5400 2751 5453 humilius
2817 5396 3124 5465 angelorum
3166 5403 3361 5446 natura
3395 5392 3489 5445 de-

1917 5496 2149 5560 scendit;
2178 5496 2321 5565 quod
2346 5494 2563 5563 quidem
2590 5506 2699 5545 non
2723 5489 2913 5543 iisdem
2943 5486 3122 5541 verbis
3155 5485 3366 5546 scribit,
3394 5484 3487 5539 sed

1925 5606 2019 5661 per
2041 5606 2102 5643 ea
2135 5604 2255 5658 quae
2294 5587 2422 5643 dicit
2449 5584 2608 5638 talem
2652 5580 2975 5637 sententiam
3003 5579 3234 5644 astruit;
3270 5576 3493 5631 lectori-

1928 5684 2029 5738 bus
2064 5689 2242 5735 autcm
2294 5691 2599 5735 sermonem
2651 5675 2780 5731 licet
2819 5672 3125 5742 dijudicare
3166 5688 3181 5726 :
3223 5670 3305 5725 sic
3345 5667 3492 5722 enim

1930 5774 2133 5843 scripta
2163 5772 2325 5826 verba
2352 5769 2554 5825 habent
2587 5785 2601 5821 :
2636 5766 2739 5834 Qui
2769 5782 2833 5822 ex
2872 5783 2930 5821 eo
2971 5765 3107 5837 quod
3152 5760 3368 5831 angelus
3402 5774 3495 5812 no-
