4034 6462
228 364 341 420 809

1347 355 1629 415 CONTRA
1650 348 2037 413 EUNOMIUM,
2074 347 2203 403 LIB.
2247 349 2335 404 XI.

3378 345 3481 401 870

228 478 543 549 γενόμενος·
578 477 796 531 κάκεῖνο
817 478 873 530 δὲ
904 478 986 541 τίς
1015 479 1199 547 ἀγνοεῖ
1224 480 1333 534 τῶν
1362 480 1601 538 πάντων,
1629 476 1708 529 ὅτι
1733 472 1811 544 τῷ

1925 483 2092 537 ipsum
2123 467 2363 522 Verbum
2396 474 2512 532 est,
2542 466 2637 522 sed
2681 467 2907 522 alterius
2955 466 3190 536 alicujus
3224 464 3384 520 Verbi
3424 465 3482 519 lit

230 570 346 621 ὄντι
369 569 429 622 τὸ
462 568 536 640 μὴ
560 569 619 622 ὃν
644 569 1052 639 ἁντιδιαιρεῖται
1093 573 1251 641 μόνον
1273 590 1287 638 ;
1323 573 1484 625 Ὥστε
1511 571 1540 621 6
1566 571 1656 621 τδν
1684 566 1811 620 Υἱὸν

231 661 662 725 ἁντιδιαστεί).ας
701 662 778 731 τῷ
807 661 953 724 ὄντι,
996 663 1181 731 σαφῶς
1237 663 1547 726 Ίουδαῖζει,
1588 661 1686 729 τὴν
1717 656 1810 710 τοῦ

231 753 570 822 Μονογενοῦς
599 755 890 807 ὑπόστασιν
910 754 1262 808 ύποκλέπτων
1291 756 1383 807 τοῦ
1400 755 1686 822 δόγματος.
1718 753 1813 802 Ὃν

230 848 344 915 γὰρ
366 846 471 912 ἔξω
494 846 593 916 τῆς
616 846 709 899 τοῦ
731 846 881 909 ὄντος
906 846 1217 916 ἐπωνυμίας
1245 847 1412 914 λέγει,
1442 848 1535 897 καὶ⁴
1557 842 1647 895 τοῦ
1676 837 1813 893 εἶναι

233 937 455 1000 πάντως
484 935 781 1008 ἐξῃρῆσθαι
808 938 1223 1001 κατασκευάζει.
1260 939 1333 989 Οὐ
1363 938 1470 1007 γὰρ
1500 934 1564 1004 δὴ
1594 934 1653 985 τὸ
1676 927 1814 984 εἶναι

230 1028 411 1090 διδοὺς
457 1028 593 1099 πρὸς
636 1029 726 1080 τὸν
777 1028 867 1080 τοῦ
916 1029 1157 1098 ῥήματος
1210 1024 1341 1099 ἦχον
1388 1025 1810 1095 διενεχθήσεται.

246 1122 408 1175 Ἀλλὰ
432 1123 524 1175 καὶ
544 1124 608 1191 τῇ
634 1122 822 1192 Γραφῇ
848 1121 1131 1192 κρατύνειν
1153 1122 1419 1191 ἐπιχειρεί
1440 1118 1537 1190 τὴν
1563 1116 1812 1176 ἀτοπίαν,

232 1216 329 1266 καὶ
376 1212 735 1283 προὸάλλεται
788 1211 878 1264 τὸν
927 1212 1131 1266 Μωσέα
1182 1212 1479 1281 συνήγορον
1526 1208 1669 1261 κατὰ
1714 1205 1816 1276 τῆς

231 1304 512 1376 ἀληθείας.

316 1558 407 1621 Ὦς
450 1558 559 1629 γὰρ
589 1558 797 1612 ἐκεῖθεν
828 1560 957 1630 ἡμῖν
998 1558 1380 1629 διαλεγόμενος
1420 1558 1547 1620 τοὺς
1584 1556 1817 1618 οἰκείους

1915 559 2173 621 Verbum,
2205 559 2451 613 minister
2482 566 2537 612 et
2568 559 2813 628 angelus,
2836 558 2887 611 ial
2917 566 3020 623 est,
3056 558 3310 623 nuntius,
3336 556 3483 610 illius

1914 650 2111 703 factus.
2148 649 2283 703 Illud
2308 659 2485 704 autem
2509 650 2634 719 quis
2665 651 2908 704 omnium
2944 650 3157 720 ignorat
3182 648 3328 718 quod
3370 648 3484 701 enti

1914 742 2090 796 solum
2125 743 2423 811 opponitur
2447 756 2554 795 non
2583 743 2716 797 ens?
2762 742 2941 808 Quare
2971 743 3064 812 qui
3092 741 3288 795 Filium
3324 741 3392 794 ab
3418 755 3485 795 eo

1916 832 2007 901 qui
2036 838 2140 893 est,
2176 832 2484 901 distinguit,
2526 829 2816 885 manifeste
2882 830 3158 901 judaizat,
3209 825 3484 896 Unigeniti

1918 939 2204 995 personam
2235 939 2264 977 a
2314 923 2563 993 dogmate
2596 921 2926 992 subripiens.
2962 920 3132 987 Quem
3162 921 3305 974 enim
3333 928 3486 973 extra

1920 1017 2063 1071 entis
2103 1016 2526 1069 nominationem
2549 1013 2703 1080 dicit,
2725 1031 2789 1068 ex
2819 1029 3001 1069 rerum
3020 1021 3212 1067 natura
3242 1010 3487 1064 funditus

1920 1114 2227 1177 exemptum
2262 1122 2386 1161 esse
2430 1108 2646 1161 astruit.
2708 1105 2825 1159 Non
2851 1106 2994 1161 enim
3020 1106 3109 1175 qui
3135 1104 3228 1158 dat
3255 1117 3398 1164 esse,
3420 1100 3487 1155 de

1923 1198 2072 1253 nudo
2101 1199 2347 1253 vocabuli
2384 1213 2518 1254 sono
2547 1199 2798 1269 litigabit.
2830 1197 3311 1253 Verumenimvero
3345 1192 3491 1247 Scri-

1924 1298 2096 1358 ptura:
2124 1290 2439 1345 testimonio
2467 1290 2863 1345 absurditatem
2894 1288 3223 1342 conﬁrmare
3246 1286 3490 1350 molitur,

1919 1396 1983 1435 ac
2013 1381 2215 1436 Mosem
2247 1382 2501 1453 proponit
2523 1390 2711 1437 contra
2743 1382 3028 1437 veritatem
3062 1388 3377 1450 patronum.

1994 1558 2063 1613 Ut
2113 1558 2257 1612 enim
2294 1558 2407 1612 illic
2436 1558 2711 1613 disserens
2742 1572 2870 1613 suas
2931 1556 3141 1611 fabulas
3192 1569 3290 1621 pro
3325 1553 3491 1606 animi

238 1650 443 1720 μύθους
495 1651 616 1705 κατ’
666 1650 913 1715 ἐξουσίαν
957 1650 1176 1717 διέξεισι
1223 1649 1429 1718 λέγων,
1472 1650 1552 1702 ὅτι
1594 1649 1656 1701 ’0
1701 1647 1818 1716 μὲν

1925 1649 2146 1703 arbitrio
2200 1649 2359 1705 nobis
2415 1660 2656 1711 enarrat,
2693 1651 2821 1704 dum
2880 1649 3041 1709 dicit,
3081 1647 3226 1717 quod
3274 1645 3374 1699 Ille
3402 1646 3492 1715 qui

231 1742 636 1796 ἀποστέλλων
661 1741 923 1810 Μωσῆν,
958 1741 1142 1808 αὐτὸς
1167 1738 1245 1811 ἦν
1276 1745 1308 1795 ό
1335 1739 1420 1794 ὢν
1440 1780 1453 1803 ,
1486 1741 1559 1793 δι’
1599 1735 1672 1794 οὗ
1715 1738 1814 1792 καὶ

1925 1741 2120 1797 Μοεεηι
2157 1743 2321 1806 misit,
2350 1744 2460 1811 ipse
2487 1751 2601 1797 erat
2629 1743 2720 1813 qui
2750 1750 2828 1796 est
2862 1759 2879 1805 ;
2956 1756 3045 1809 per
3090 1756 3241 1808 quem
3288 1747 3335 1791 et
3369 1739 3496 1790 mit-

232 1834 579 1888 ἀπέστελλε
611 1835 708 1887 καὶ
751 1833 987 1888 ἐλάλει·
1028 1833 1137 1888 τοῦ
1166 1833 1285 1903 μὲν
1332 1833 1506 1898 ὄντος
1540 1832 1814 1902 ἅγγελος,

235 1924 359 1978 τῶν
385 1925 453 1979 δὲ
483 1925 689 1980 ἄλλων
707 1924 989 1979 ἁπάντων
1014 1925 1178 1991 Θεός.
1222 1924 1362 1978 Ἀλλ’
1385 1926 1467 1978 ὅτι
1500 1924 1596 1993 μὲν
1623 1924 1722 1976 οὐκ
1754 1924 1818 1974 ἐκ

234 2015 347 2070 τῶν
382 2017 779 2088 γεγραμμένων
815 2018 964 2070 ἐστὶν
993 2018 1026 2087 ἡ
1058 2016 1237 2087 ῥῆσις,
1274 2016 1331 2083 ἐξ
1364 2016 1535 2085 αὐτῆς
1568 2014 1682 2067 ἐστι
1718 2016 1820 2083 τῆς

237 2108 281 2160 Γ
284 2108 463 2179 ραφῆς
492 2108 709 2162 εἰδέναι.
746 2107 807 2161 El
831 2108 887 2161 δὲ
912 2109 1003 2161 τὸν
1032 2108 1158 2162 νοῦν
1183 2124 1315 2179 φησι
1340 2108 1529 2162 τοῦτον
1559 2103 1697 2160 εἶναι
1724 2103 1818 2158 τοῦ

236 2198 587 2269 γράμματος,
620 2199 782 2262 αὐτὸς
802 2201 932 2270 ἡμῖν
953 2199 1263 2264 ὲξεταστέος
1287 2201 1315 2253 6
1343 2199 1695 2271 πρωτότυπος
1723 2198 1821 2269 τῆς

238 2291 465 2361 Γραφῆς
492 2290 666 2360 λόγος.
701 2292 810 2345 Καὶ
835 2292 1052 2363 πρῶτόν
1081 2310 1144 2361 γε
1177 2293 1595 2364 καταράσωμεν,
1622 2293 1704 2346 ὅτι
1730 2292 1821 2345 τὸν

242 2385 363 2454 μετ’
394 2383 557 2438 αὑτὸν
590 2383 723 2437 Θεὸν
790 2387 818 2438 6
862 2385 1127 2455 Εύνόμιος
1148 2387 1420 2457 ὀνομάσας
1452 2386 1544 2439 τὸν
1580 2383 1818 2456 Κύριον,

239 2475 393 2527 οὐδὲν
426 2475 575 2544 αύτῷ
600 2476 759 2529 πλέον
792 2477 941 2549 παρὰ
967 2478 1066 2549 τὴν
1096 2478 1392 2549 ἀγγελικὴν
1422 2477 1603 2531 δίδωσι
1636 2477 1818 2546 φύσιν.

241 2566 381 2619 osse
413 2568 520 2637 γὰρ
549 2568 579 2620 6
615 2568 857 2635 Μωῢσῆς
880 2569 1121 2633 ἀκούσας
1162 2570 1285 2632 θεὸς
1311 2565 1449 2623 εἶναι
1477 2569 1571 2623 τοῦ
1596 2568 1819 2640 Φαραὼ,

240 2657 401 2731 ἐξέϐη
427 2660 525 2730 τὴν
552 2659 946 2733 άνθρωπότητα
968 2679 982 2693 ’
1020 2662 1136 2717 ἀλλ’
1163 2663 1221 2715 ἐν
1246 2665 1314 2733 τῇ
1344 2661 1505 2732 φύσει
1536 2662 1598 2716 τδ
1627 2662 1820 2733 ὁμότι-

244 2768 345 2821 μον
378 2751 551 2821 ἔχων,
590 2755 656 2823 τῇ
698 2752 798 2823 τῆς
836 2753 1081 2819 ἐξουσίας
1126 2754 1366 2825 ὑπεροχῇ
1403 2752 1510 2807 τῶν
1547 2753 1822 2825 ὁμογενῶν

242 2841 551 2914 ὑπερήρθη,
574 2842 670 2896 καὶ
692 2843 844 2896 οὐδὲν
870 2843 1139 2899 ἐκώλυσεν
1160 2843 1323 2896 αὐτὸν
1348 2844 1483 2915 πρὸς
1502 2843 1565 2897 τὸ
1587 2843 1660 2915 μὴ
1684 2839 1822 2897 εἶναι

241 2933 550 3005 ἄνθρωπον,
580 2936 641 2988 τὸ
667 2934 934 3006 κληθῆναι
970 2934 1117 2991 θεόν.
1161 2934 1319 2991 Οὕτω
1346 2936 1440 2990 καὶ
1472 2936 1703 2991 ἐνταῦθα
1728 2936 1823 2991 Eva

1919 1833 2055 1886 lebat
2080 1842 2129 1886 et
2162 1832 2509 1901 loquebatur;
2564 1831 2675 1900 eius
2713 1831 2919 1901 quidem
2951 1832 3040 1901 qui
3074 1840 3171 1892 est,
3234 1828 3494 1898 angelus;

1918 1923 2145 1977 aliorum
2181 1936 2355 1977 autem
2389 1924 2620 1976 omnium
2679 1922 2832 1977 Deus.
2899 1922 3006 1975 Sed
3058 1920 3203 1990 quod
3241 1920 3356 1973 haec
3383 1934 3494 1973 non

1918 2016 2028 2071 sint
2059 2015 2357 2084 Scriptura:
2404 2017 2592 2079 verba,
2626 2016 2750 2069 licet
2799 2031 2863 2068 ex
2900 2014 3016 2083 ipsa
3046 2012 3330 2082 Scriptura
3366 2027 3496 2082 per-

1918 2108 2149 2177 spicere.
2200 2106 2353 2173 Quod
2388 2107 2432 2163 si
2500 2108 2640 2160 hanc
2670 2106 2804 2160 dicit
2836 2121 2959 2161 esse
3008 2112 3244 2159 mentem
3280 2104 3494 2167 littera,

1920 2200 2038 2271 ipse
2070 2200 2228 2255 nobis
2258 2200 2615 2269 primigenius
2646 2199 2943 2269 Scriptura:
2969 2212 3151 2253 sermo
3178 2198 3499 2252 examinan-

1919 2291 2022 2347 dus
2048 2304 2149 2347 est.
2200 2290 2266 2345 Et
2322 2293 2556 2361 primum
2607 2291 2825 2362 quidem
2878 2292 3008 2346 illud
3060 2289 3499 2345 abominabimur

1921 2384 2064 2454 quod
2097 2399 2219 2439 cum
2256 2386 2612 2454 posteriorem
2644 2384 2815 2439 Deum
2853 2384 3156 2438 nominavit
3197 2381 3498 2437 Eunomius

1922 2475 2235 2539 Dominum,
2272 2476 2406 2530 nihil
2435 2476 2484 2530 ei
2533 2476 2765 2546 amplius
2804 2491 2965 2545 quam
3018 2484 3267 2529 naturam
3298 2474 3504 2543 angeli-

1921 2582 2041 2621 cam
2089 2567 2359 2622 attribuit.
2396 2565 2584 2636 Neque
2615 2567 2759 2621 enim
2790 2566 2969 2621 Moses
2998 2581 3121 2621 cum
3160 2565 3333 2620 audiit
3361 2565 3501 2620 deus

1920 2673 2046 2715 esse
2076 2656 2374 2713 Pharaonis
2392 2699 2405 2721 ,
2430 2657 2822 2712 humanitatem
2844 2657 2996 2711 exuit
3028 2658 3104 2722 ¹⁷;
3132 2655 3227 2711 sed
3254 2655 3500 2711 earundem

1922 2761 2177 2809 naturam
2230 2754 2458 2817 habens,
2511 2752 2796 2823 potestatis
2858 2752 3216 2823 praerogativa
3268 2750 3355 2805 his
3408 2751 3501 2820 qui

1923 2844 2171 2915 ejusdem
2205 2848 2422 2915 generis
2447 2844 2884 2914 superexaltatus
2900 2853 3021 2911 est;
3056 2844 3299 2914 nihilque
3325 2843 3502 2898 vetuit

1925 2937 2103 3008 ipsum
2136 2952 2260 2992 esse
2284 2937 2579 3001 hominem,
2609 2936 2753 3005 quod
2776 2944 3000 2990 vocatus
3040 2936 3112 2990 sit
3151 2933 3308 2990 deus.
3339 2935 3431 2989 Sic
3450 2942 3505 2989 et

240 3026 353 3078 τῶν
384 3027 630 3095 ἀγγέλων
671 3028 700 3079 6
736 3026 999 3099 Εὐνόμιος
1034 3027 1197 3082 αὑτὸν
1229 3024 1369 3082 εἶναι
1410 3028 1823 3092 κατασκευάσας

1931 3031 2021 3085 hic
2075 3046 2243 3085 unum
2305 3030 2623 3101 angelorum
2674 3030 2851 3101 ipsum
2904 3044 3027 3085 esse
3090 3044 3214 3083 cum
3268 3030 3507 3083 asseruit

244 3116 536 3187 θεραπεύει
582 3117 644 3171 τδ
694 3116 903 3171 τοιοῦτο
971 3117 1350 3190 πλημμέλημα
1412 3121 1514 3191 τῆς
1579 3118 1828 3191 θεότητος

242 3204 435 3277 κλήσει
485 3206 626 3261 κατὰ
660 3208 752 3262 τὸν
793 3208 1120 3263 άποδοθέντα
1168 3209 1347 3279 λόγον,
1387 3209 1676 3282 ὀμωνύμίᾳ
1725 3211 1832 3264 τινὶ

243 3298 383 3367 πρὸς
406 3299 569 3353 αὐτὸν
591 3298 690 3371 τὴν
716 3299 812 3353 τοῦ
852 3299 989 3355 Θεοῦ
1018 3303 1387 3373 προσηγορίαν
1427 3304 1829 3376 κοινοποιήσας.

257 3390 633 3462 Ἐξετάσωμεν
659 3393 823 3447 πάλιν
846 3392 988 3447 αὐτὰ
1014 3394 1083 3447 τὰ
1105 3396 1324 3465 ῥήματα
1352 3395 1453 3466 τῆς
1484 3395 1833 3468 βλασφημίας

244 3482 550 3553 ἐκθέμενοι.
586 3484 650 3537 '0
670 3484 1089 3548 ἀποστέλλων,
1114 3486 1269 3557 φησὶ,
1297 3486 1405 3541 τὸν
1432 3487 1706 3552 Μωυσέα,
1729 3490 1834 3543 αὐ-

242 3572 351 3639 τὸς
386 3570 465 3643 ἦν
506 3578 540 3628 ό
567 3574 673 3639 ὢν,
704 3575 777 3629 δι’
811 3572 883 3632 οὗ
925 3576 994 3629 δὲ
1024 3576 1414 3641 ἀπέστειλεν,
1458 3582 1492 3633 d
1521 3580 1625 3634 τοῦ
1659 3580 1833 3647 ὄντος

242 3667 500 3735 ἅγγελος
518 3662 616 3737 ἦν,
640 3667 811 3733 οὕτως
836 3668 1115 3739 ὀνομάζων
1141 3670 1231 3723 τὸν
1257 3670 1482 3741 Κύριον.
1505 3671 1714 3725 Οὐκοῦν
1741 3674 1832 3725 ὑπ’

244 3759 420 3829 αὐτῆς
451 3759 733 3830 ἐλέγχεται
772 3762 870 3833 τῆς
901 3761 1121 3836 Γραφῆς
1148 3764 1181 3833 ἡ
1212 3762 1409 3815 ἀτοπία
1441 3762 1534 3817 τοῦ
1566 3764 1834 3836 λογογρά-

246 3866 372 3916 φου,
403 3850 459 3901 ἐν
484 3843 565 3912 οἷς
596 3852 625 3903 6
650 3851 889 3921 Μωῦσῆς
932 3835 1159 3904 ἱκετεύει
1193 3852 1283 3905 τὸν
1314 3852 1519 3924 Κύριον
1555 3856 1628 3925 μὴ
1666 3835 1834 3925 ἄγγε-

245 3941 340 3993 λον
366 3944 433 4012 τῇ
468 3942 733 4013 ἡγεμονία
769 3942 863 3995 τοῦ
896 3943 1025 3997 λαοῦ
1054 3944 1381 4014 ἐπιστῆσαι,
1407 3946 1520 3999 ἀλλ’
1545 3947 1706 4001 αὐτὸν
1737 3949 1835 4018 τῆς

247 4032 480 4103 πορείας
510 4033 689 4087 αὐτῶν
718 4034 1124 4105 ἀφηγήσασθαι.
1157 4036 1308 4106 Ἔχει
1334 4037 1391 4089 δὲ
1426 4036 1598 4102 οὕτως
1627 4041 1659 4109 ὴ
1693 4038 1836 4106 λέξις

248 4127 318 4177 ἐκ
337 4123 633 4195 προσώπου
662 4125 756 4178 τοῦ
787 4126 944 4179 Θεοῦ·
977 4126 1201 4192 Βάὸιζε,
1229 4128 1531 4196 κατάϐηθι,
1564 4131 1663 4184 καί
1699 4128 1839 4192 0'61)-

249 4234 450 4288 γησον
486 4217 593 4270 τὸν
621 4218 774 4270 λαὸν
813 4217 1029 4271 τοῦτον
1062 4221 1147 4283 εἰς
1190 4218 1297 4271 τὸν
1337 4222 1523 4273 τόπον
1564 4221 1636 4274 ὃν
1665 4217 1839 4275 εἶπόν

248 4324 357 4361 σοι
386 4323 398 4334 ·
433 4308 531 4359 καὶ
562 4306 692 4361 ἰδοὺ
737 4307 990 4376 ἇγγελός
1016 4326 1136 4376 μου
1195 4309 1621 4377 προπορεύεται
1650 4324 1765 4363 σου
1798 4305 1839 4382 ᾖ

1936 3122 2256 3185 Eunomius,
2288 3122 2398 3178 tale
2427 3130 2709 3192 peccatum
2743 3129 2921 3182 sanat,
2948 3119 3250 3174 divinitatis
3276 3120 3509 3190 appella-

1935 3216 2082 3269 tione
2110 3214 2411 3269 secundum
2440 3215 2707 3269 rationem
2742 3211 3032 3279 redditam,
3077 3213 3205 3268 dum
3243 3212 3510 3286 homony-

1935 3303 2042 3356 mia
2086 3304 2323 3374 quadam
2372 3304 2477 3374 ipsi
2528 3305 2620 3359 Dei
2684 3302 3131 3374 appellationem.
3162 3319 3509 3360 communem

1936 3395 2084 3450 facit.
2116 3396 2329 3452 Rursus
2374 3396 2488 3451 hac
2515 3396 2702 3451 eadem
2760 3396 2924 3450 verba
2956 3398 3332 3452 examinemus
3382 3413 3510 3452 cum

1933 3490 2270 3561 blasphemia
2300 3499 2657 3561 exponentes.
2686 3489 2792 3556 Qui
2822 3493 2968 3545 misit
3002 3491 3235 3562 Moysem
3254 3536 3267 3559 ,
3302 3495 3508 3562 inquit,

1934 3583 2042 3652 ipse
2073 3592 2186 3635 erat
2219 3582 2309 3652 qui
2350 3590 2463 3646 est,
2505 3598 2597 3651 per
2625 3598 2779 3652 quem
2825 3593 3001 3637 autem
3048 3586 3226 3649 misit,
3260 3586 3374 3655 ejus
3424 3589 3515 3658 qui

1933 3686 2008 3729 est
2046 3685 2160 3729 erat
2210 3674 2464 3745 angelus,
2505 3675 2585 3730 sic
2624 3675 2914 3732 nominans
2956 3676 3264 3733 Dominum.
3312 3678 3512 3735 Verum

1935 3765 2004 3819 ab
2036 3764 2152 3833 ipsa
2183 3763 2470 3835 Scriptura
2504 3765 2631 3820 vani
2665 3766 2833 3833 hujus
2888 3769 3174 3837 scriptoris
3203 3770 3513 3827 absurditas

1934 3855 2371 3925 reprehenditur,
2394 3856 2449 3910 in
2473 3871 2583 3926 qua
2615 3858 2788 3913 Moses
2814 3859 3044 3929 supplex
3076 3859 3362 3916 Dominum
3391 3871 3514 3917 orat

1936 3955 1996 4000 ut
2024 3962 2131 4001 non
2185 3949 2435 4016 angelum
2468 3948 2687 4003 ducatui
2716 3952 2900 4021 populi
2934 3951 3207 4021 praeﬁciat,
3244 3954 3337 4008 sed
3378 3954 3517 4025 ipse-

1936 4047 2046 4093 met
2070 4039 2281 4094 itineris
2309 4039 2553 4110 ipsorum
2579 4041 2771 4095 ducem
2828 4057 2887 4097 se
2919 4045 3201 4112 praeberet.
3249 4043 3340 4098 Sic
3365 4047 3510 4099 enim

1937 4128 2099 4185 habet
2121 4137 2410 4186 contextus
2433 4146 2498 4186 ex
2532 4147 2765 4202 persona
2798 4133 2889 4189 Dei
2916 4152 2928 4188 :
2966 4131 3129 4196 Vade,
3157 4136 3429 4201 descende,
3462 4146 3515 4191 et

1936 4220 2038 4274 duc
2068 4222 2205 4275 hunc
2228 4224 2477 4292 populum
2520 4226 2576 4278 in
2607 4225 2780 4279 locum
2809 4242 2960 4293 quem
3001 4226 3097 4280 tibi
3133 4226 3248 4281 dixi
3281 4245 3298 4282 :
3330 4239 3380 4282 et
3403 4245 3519 4284 ecce

1937 4317 2153 4385 angelus
2182 4332 2323 4370 meus
2355 4328 2476 4371 ante
2494 4327 2541 4371 te
2564 4319 2735 4388 pergit
2762 4335 2867 4387 qua
2893 4319 2977 4372 die
3005 4319 3405 4376 consideravero
3430 4322 3475 4353 "'
3499 4341 3515 4389 ;

252 4398 334 4453 ἂν
356 4396 546 4468 ἡμέρᾳ
566 4396 1005 4467 ἑπισκέπτωμαι
1024 4414 1037 4427 ⁸
1064 4397 1157 4451 καὶ
1185 4398 1299 4469 μετ’
1319 4398 1475 4467 ὀλίγα
1496 4398 1660 4453 πάλιν
1680 4400 1823 4470 φησίε

1941 4422 2002 4461 ac
2024 4409 2185 4477 paulo
2219 4417 2341 4480 post
2375 4411 2451 4463 ait
2508 4426 2737 4467 rursus:
2773 4411 2839 4465 Et
2863 4412 3024 4466 simul
3061 4415 3273 4466 mittant
3323 4426 3445 4469 ante
3470 4428 3521 4471 te

252 4492 365 4547 Kal
381 4490 820 4545 συναποστελῶ
836 4491 1125 4560 πρότερόν
1142 4508 1258 4545 σου
1278 4491 1385 4545 τὸν
1421 4491 1676 4562 άγγελόν
1692 4511 1823 4562 μου.

1942 4502 2183 4571 angelum
2211 4522 2382 4558 meum
2413 4506 2477 4559 ¹⁹.
2498 4504 2703 4562 Deinde
2743 4508 2904 4578 paulo
2934 4515 3076 4579 post,
3119 4519 3521 4580 consequenter

256 4579 391 4638 Εἶτα
422 4583 615 4655 μικρὸν
661 4582 799 4653 μετὰ
823 4583 921 4653 τὴν
950 4582 1291 4645 ἀκολουθίαν,
1322 4583 1529 4651 γίνεται
1558 4586 1709 4657 παρὰ
1738 4588 1823 4639 τοῦ

1945 4592 2001 4645 fit
2035 4594 2363 4663 supplicatio
2391 4596 2627 4649 ministri
2661 4597 2727 4650 ad
2758 4596 2925 4651 Deum
2973 4612 3094 4667 qua:
3120 4599 3185 4652 ad
3228 4579 3375 4653 hunc
3404 4614 3523 4653 mo-

254 4675 588 4746 Θεράποντος
634 4675 769 4745 πρὸς
812 4674 903 4726 τὸν
940 4674 1071 4727 Θεὸν
1119 4676 1367 4745 ἱκετηρία
1402 4675 1590 4730 τοῦτον
1638 4677 1823 4749 ἔχουσα

1941 4684 2069 4738 dum
2112 4686 2275 4742 habet
2311 4705 2323 4740 :
2357 4686 2417 4742 Si
2446 4690 2617 4743 inveni
2641 4691 2871 4759 gratiam
2903 4707 3082 4745 coram
3120 4702 3187 4758 te,
3211 4693 3371 4746 simul
3404 4708 3523 4760 pro-

252 4769 345 4820 τὸν
378 4768 595 4839 τρόπον·
628 4769 697 4820 El
730 4767 954 4834 εὕρηκα
983 4765 1157 4835 χάριν
1183 4766 1461 4821 ἐναντίον
1501 4784 1639 4830 σου,
1669 4785 1823 4839 συμ-

1943 4776 2215 4844 ﬁciscatur
2250 4777 2509 4833 Dominus
2566 4798 2708 4834 meus
2736 4782 3004 4836 nobiscum
3034 4784 3079 4814 ⁹⁰
3110 4801 3125 4850 ;
3181 4793 3235 4837 et
3291 4799 3519 4839 rursus:

256 4859 603 4927 πορευθὴτω
625 4862 657 4912 ό
680 4860 894 4925 Κύριός
921 4877 1039 4927 μου
1067 4859 1195 4927 μεθ’
1220 4859 1404 4927 ὑμῶν’
1435 4861 1529 4913 καὶ
1558 4861 1738 4925 πάλιν,
1769 4866 1823 4915 Et

1946 4867 2071 4921 Nisi
2096 4869 2205 4937 ipse
2239 4870 2508 4924 nobiscum
2562 4874 2758 4929 venias.
2790 4891 2853 4927 ne
2903 4891 2981 4927 me
3014 4874 3139 4928 inde
3192 4874 3419 4929 abducas
3453 4878 3520 4930 ".

253 4948 339 5018 μὴ
379 4949 562 5013 αὐτὸς
599 4950 952 5017 συμπορεύῃ
991 4948 1151 5017 ἡμῖν,
1191 4949 1275 5016 μή
1301 4966 1377 5016 με
1410 4950 1713 5023 ἀναγάγῃς
1745 4953 1823 5005 ἐν·

1948 4958 2151 5016 Deinde
2186 4960 2276 5015 Dei
2325 4965 2612 5032 responsio
2637 4964 2703 5017 ad
2738 4963 2939 5020 Mosem
2976 4986 2987 5019 :
3022 4964 3093 5018 Et
3122 4968 3257 5020 hunc
3290 4968 3385 5021 tibi
3415 4984 3525 5021 ser-

255 5040 468 5094 ταῦθα,
509 5036 640 5093 Εἶτα
674 5040 963 5111 ἀπόκρισις
996 5039 1089 5092 τοῦ
1122 5041 1257 5093 Θεοῦ
1291 5044 1424 5112 πρὸς
1456 5043 1545 5096 τὸν
1582 5045 1820 5098 Μωῦσέα

1949 5069 2151 5106 manem
2194 5071 2341 5124 quem
2370 5056 2558 5109 dixiin
2589 5058 2820 5125 faciam;
2852 5059 3096 5112 invenisti
3126 5061 3263 5112 enim
3295 5063 3523 5129 gratiam

257 5134 371 5187 Kal
404 5131 621 5185 τοῦτόν
667 5148 766 5185 σοι
808 5131 916 5185 τὸν
960 5132 1147 5199 λόγον
1192 5131 1264 5184 ὃν
1306 5132 1553 5201 εἴρηκας
1590 5134 1821 5200 ποιήσω

1946 5159 2125 5196 coram
2175 5162 2275 5199 me.
2342 5145 2412 5199 Et
2446 5150 2563 5202 nari
2624 5158 2670 5202 te
2735 5166 2895 5216 supra
2963 5166 3139 5204 omnes
3171 5154 3237 5206 ²¹.
3295 5152 3436 5223 Ergo
3480 5157 3522 5205 si

260 5225 540 5291 Εὔρηκας
587 5223 697 5293 γὰρ
733 5223 910 5293 χάριν
950 5223 1205 5276 ἐνώπιόν
1246 5243 1386 5292 μου.
1436 5226 1544 5279 Kal
1599 5224 1733 5280 οἶδά
1769 5243 1823 5281 σι

1953 5234 2165 5307 Moyses
2210 5250 2429 5295 recusat
2461 5242 2712 5309 angelum
2735 5282 2749 5303 ,
2800 5241 2916 5311 ipse
2951 5250 3132 5296 autem
3162 5245 3252 5313 qui
3286 5246 3528 5314 loquitur

260 5316 422 5383 παρὰ
439 5314 687 5380 πάντας.
710 5314 917 5367 Οὐκοῦν
939 5315 986 5366 εί
1010 5313 1243 5383 Μωῦσῆς
1268 5316 1366 5385 μὲν
1393 5321 1729 5387 παραιτεῖται
1752 5318 1823 5371 τὸι

1951 5342 2074 5379 ειιιιι
2111 5328 2251 5398 ipso,
2288 5330 2344 5383 lit
2374 5346 2560 5385 comes
2582 5339 2635 5385 et
2668 5331 2776 5385 dux
2806 5334 3104 5393 exercitus.
3126 5350 3224 5403 per
3260 5336 3373 5391 ha'c
3409 5352 3525 5389 ma-

261 5407 515 5475 ἇγγελον,
543 5407 703 5471 αὐτὸς
728 5407 782 5460 δὲ
801 5409 829 5460 6
851 5408 1202 5479 χρηματίζων
1227 5407 1375 5479 αύτῷ
1400 5410 1734 5481 συνέμπορος
1757 5412 1823 5479 γε·

1952 5419 2150 5475 nifeste
2179 5422 2609 5485 demonstratur,
2661 5424 2809 5493 quod
2853 5425 2946 5480 ille
2991 5428 3082 5495 qui
3110 5427 3231 5497 ejus
3279 5430 3369 5499 qui
3408 5438 3525 5490 est,

262 5517 437 5565 νεται,
472 5500 565 5553 καὶ
609 5499 933 5571 καθηγεμὼν
962 5501 1059 5569 τῆς
1105 5502 1383 5569 στρατιᾶς,
1426 5502 1674 5574 φανερῶς
1705 5505 1823 5559 ἀπο-

1952 5516 2173 5568 nomine
2205 5515 2443 5583 seipsum
2482 5522 2667 5568 notum
2696 5513 2846 5576 fecit.
2876 5516 3195 5586 unigenitus
3224 5529 3309 5576 est
3364 5518 3524 5575 Deus.

261 5592 537 5648 δείκνυται
565 5592 653 5645 διὰ
683 5591 886 5645 τούτων
905 5635 919 5659 ,
950 5592 1031 5645 ὅτι
1072 5594 1099 5644 6
1140 5596 1204 5664 τῇ
1245 5593 1340 5645 τοῦ
1371 5594 1522 5658 ὄντος
1552 5596 1837 5669 ἐπωνυμίᾳ
1877 5600 2068 5655 ἐαυτὸν
2098 5606 2392 5677 γνωρίσας,
2425 5607 2453 5658 6
2489 5608 2784 5678 μονογενής
2807 5607 2923 5661 ἐστι
2952 5610 3103 5674 Θεός.

340 5780 382 5819 ⁸⁷
422 5779 707 5843 Exod.vu,
744 5778 793 5835 ί.
828 5780 869 5813 ³⁸
900 5777 1293 5844 Κείωνκειιιι,
1338 5779 1383 5835 l.
1454 5782 1492 5814 ¹⁹
1536 5780 1665 5837 ibid.
1700 5784 1753 5838 εδ..

1925 5783 2077 5840 Exod.
2106 5801 2287 5852 τηις,
2313 5785 2365 5841 9.
2411 5786 2453 5819 ἰ
2482 5782 2649 5842 Exod.
2691 5803 2859 5843 nun
2883 5828 2897 5855 ,
2936 5789 3021 5846 15.
3067 5792 3110 5824 ”
3146 5793 3276 5850 ibid.
3312 5795 3398 5863 l7,
3441 5794 3524 5851 12.
