4034 6488
546 337 646 393 επ

1821 345 1879 399 S.
1919 343 2248 403 GREGORII
2284 346 2578 405 NVSSENI

3672 351 3779 405 872

605 456 761 523 Quod
792 457 835 512 si
861 456 986 526 quis
1023 456 1105 512 liis
1129 458 1539 522 contradixerit,
1558 458 1792 516 Judaicze
1816 463 2082 532 opinionis

2262 469 2323 520 Εί
2368 469 2425 521 δὲ
2472 469 2607 541 πρὸς
2648 467 2805 522 τοῦτό
2847 485 2932 532 τις
2977 468 3273 537 ἀντιλέγοι,
3322 465 3421 537 τῆς
3480 465 3775 536 ’Ῑουδαῑής

538 550 642 604 erit
668 556 951 617 patronus,
986 548 1180 604 Filium
1218 552 1282 605 ad
1320 553 1504 621 populi
1543 554 1771 609 salutem
1805 570 1911 610 non
1938 556 2100 609 simul

537 650 842 690 assumens.
903 635 958 689 Si
1008 638 1150 691 enim
1204 642 1428 707 angelus
1482 656 1606 694 cum
1678 641 1936 699 lsraelitis
1989 661 2098 699 non

538 727 705 794 pergit
731 768 744 789 ,
772 726 863 795 qui
896 736 1075 780 autem
1104 744 1196 796 per
1225 731 1344 799 ejus
1375 732 1467 799 qui
1492 744 1575 786 est
1600 733 2096 790 denominationem

533 814 861 878 declaratur,
900 833 1005 870 non
1041 828 1124 871 est
1172 818 1515 889 Unigeuitns,
1565 823 1705 877 sicut
1745 826 1859 877 vult
1913 826 2095 879 Eunoo

534 908 696 968 mins,
736 908 871 961 nihil
922 908 1065 960 aliud
1109 926 1268 976 quam
1314 926 1378 963 ex
1429 910 1709 982 Synagoga
1767 916 1979 969 decreta
2040 918 2097 971 in

536 998 833 1053 Ecclesiam
870 999 958 1054 Dei
992 1000 1318 1055 transfertis.
1367 1003 1533 1071 Igitur
1574 1004 1805 1059 duorum
1867 1008 2093 1061 alterum

541 1089 853 1144 necessario
898 1090 1322 1156 confitebuntur,
1364 1094 1447 1147 vel
1507 1111 1774 1164 nusquam
1830 1097 1962 1153 Mosi
2001 1101 2098 1153 ad-

534 1180 705 1234 fuisse
732 1180 1067 1249 unigenitum
1106 1180 1308 1243 Deum,
1368 1185 1447 1238 vel
1506 1186 1682 1255 ipsum
1733 1185 1927 1242 Filium
1977 1207 2097 1245 esse

535 1286 659 1326 eum
694 1272 783 1341 qui
815 1278 915 1332 est,
976 1286 1004 1323 a
1036 1288 1144 1340 quo
1200 1274 1268 1327 ad
1321 1277 1628 1330 ministrum
1667 1279 1721 1333 lit
1752 1296 1950 1336 sermo.
1990 1283 2095 1339 Sed

536 1363 859 1416 contradicit
898 1364 1058 1416 dictis
1118 1366 1288 1434 ipsam
1349 1367 1682 1436 Scripturam
1720 1374 2091 1440 praetendens,

532 1469 652 1522 qua:
691 1454 769 1507 sic
802 1454 896 1513 ait,
930 1454 1103 1522 angeli
1168 1470 1352 1509 vocem
1390 1460 1758 1524 prmcessisse,
1814 1477 1875 1514 ac
1908 1472 2093 1530 postea

530 1547 649 1613 ejus
690 1547 895 1613 quiest
951 1546 1281 1614 colloquium
1331 1551 1679 1603 subsecutum
1723 1552 1927 1607 fuisse:
1992 1557 2092 1609 hoc

531 1651 637 1688 non
668 1644 752 1690 est
784 1637 1144 1690 contradictio
1205 1637 1296 1692 sed
1358 1649 1670 1694 nostrorum
1728 1644 2087 1699 Confirmatio.

528 1724 659 1778 Nam
692 1735 744 1778 et
782 1742 881 1779 nos
907 1727 1054 1780 clare
1112 1727 1344 1783 dicimus
1401 1730 1714 1799 prophetam
1759 1734 1826 1789 de
1876 1735 2094 1791 Christo

2201 561 2518 630 ὑπολήψεως
2552 560 2701 614 ἔσται
2738 561 3053 630 συνήγορος,
3084 561 3174 612 τὸν
3210 560 3337 611 Υίὸν
3374 561 3449 630 μὴ
3487 576 3773 630 συμπαρα-

2198 652 2486 721 λαμϐάνων
2520 654 2599 715 εἰς
2640 652 2737 721 τὴν
2769 651 2862 703 τοῦ
2910 651 3035 704 λαοῦ
3088 651 3380 721 σωτηρίαν.
3428 652 3492 703 Εἰ
3529 650 3639 718 γὰρ
3672 652 3771 717 ἄγ-

2197 743 2351 809 γελος
2393 744 2490 813 μὲν
2535 745 2645 806 τοῖς
2696 741 3054 813 Ἰσραηλίταις
3085 744 3145 795 οὐ
3180 742 3608 811 συναπέρχεται·
3651 741 3681 791 ὁ
3714 740 3769 793 δὲ

2195 833 2280 886 διὰ
2313 834 2409 901 τῆς
2452 833 2537 885 τοῦ
2568 832 2717 895 ὄντος
2748 834 3059 902 ἐπωνυμίας
3090 832 3437 902 δηλούμενος,
3470 835 3498 884 6
3532 833 3769 896 Μονογε-

2196 924 2289 992 νὴς
2316 924 2415 976 οὐκ
2444 924 2591 989 ἔστι,
2633 922 2813 986 καθὼς
2848 924 3109 993 Εὑνόμιος
3142 922 3385 992 βούλεται
3406 962 3419 981 .
3456 922 3609 974 οὐδὲν
3641 921 3767 974 ἄλλο

2195 1014 2228 1084 ἢ
2257 1014 2322 1065 τά
2364 1016 2427 1066 ἐκ
2451 1015 2549 1083 τῆς
2579 1012 2895 1083 συναγωγῆς
2932 1012 3175 1083 δόγματα
3211 1012 3346 1083 πρὸς
3394 1012 3492 1081 τὴν
3536 1011 3764 1080 Ἐκκλη-

2197 1102 2317 1156 σίαν
2348 1102 2439 1155 τοῦ
2470 1102 2602 1155 Θεοῦ
2638 1103 3018 1174 μεταφέρεται.
3058 1102 3266 1155 Οὐκοῦν
3298 1103 3405 1153 τῶι
3435 1101 3527 1153 δύο
3554 1101 3613 1151 τὸ
3650 1101 3766 1152 ’ἐτε-

2199 1212 2286 1265 ρον
2314 1195 2372 1260 ὲξ
2397 1196 2639 1264 ἀνάγκης
2678 1192 3126 1264 ὁμολογήσουσιν,
3162 1193 3195 1263 ἢ
3234 1191 3480 1261 μηδαμοῦ
3513 1194 3763 1260 παρεῖναι

2192 1285 2269 1355 τῷ
2295 1285 2493 1356 Μωῡσῇ
2520 1286 2609 1337 τὸν
2635 1284 2895 1355 μονογενῆ
2925 1284 3077 1344 Θεὸν,
3107 1284 3139 1353 ἢ
3168 1284 3331 1337 αὐτὸν
3354 1283 3443 1335 τὸν
3465 1284 3594 1335 Υἰὸν
3624 1278 3762 1335 εἶναι

2192 1376 2281 1428 τὸν
2305 1376 2453 1440 ὄντα,
2494 1378 2621 1446 παρ’
2650 1369 2710 1428 οῦ
2738 1377 2765 1427 6
2792 1376 2947 1444 λόγος
2988 1375 3113 1445 πρὸς
3151 1374 3241 1426 τὸν
3279 1375 3583 1443 θεράποντα
3618 1374 3760 1439 γίνε-

2192 1486 2300 1521 ται.
2343 1470 2481 1521 Ἀλλ’
2515 1470 2781 1537 ἀντιλέγει
2812 1471 2923 1531 τοῖς
2957 1469 3263 1538 εἰρημένοις
3294 1468 3459 1538 αὐτὴν
3492 1469 3589 1538 τὴν
3622 1468 3659 1518 Γ
3667 1484 3760 1537 ρα-

2193 1560 2298 1631 φὴν
2340 1561 2748 1631 προτεινόμενος
2789 1561 3070 1628 λέγουσαν,
3119 1559 3347 1627 ἀγγέλου
3398 1558 3757 1628 προτετάχθαι

2194 1651 2395 1720 φωνὴν,
2438 1652 2530 1704 καὶ
2562 1652 2731 1714 οὕτως
2769 1652 3000 1721 ἐπῆχθαι
3048 1650 3138 1704 τὸν
3169 1651 3261 1703 τοῦ
3307 1651 3457 1713 ὄντος
3494 1650 3754 1718 διάλογον.

2194 1741 2363 1795 Τοῦτο
2388 1742 2443 1795 δὲ
2472 1744 2569 1795 οὐκ
2597 1745 2930 1813 ἀντίρρησις,
2955 1743 3089 1796 ἀλλὰ
3119 1742 3403 1811 βεϐαίωσις
3424 1744 3532 1795 τῶν
3560 1744 3756 1812 ἡμετὲ-

531 1818 845 1887 mysterium
880 1818 1228 1872 manifestum
1258 1818 1435 1875 facere
1462 1820 1769 1878 hominibus
1796 1825 2082 1889 volentem,

2192 1850 2295 1904 ρων
2328 1833 2493 1886 ἐστίν.
2527 1836 2631 1886 Καὶ
2664 1830 2820 1904 ἡμεῖς
2853 1836 2960 1905 γάρ
3005 1852 3182 1905 φαμεν
3216 1833 3458 1904 ἐναργῶς
3494 1834 3586 1885 τὸν
3626 1849 3756 1902 προ-

528 1910 802 1979 angelum,
831 1925 952 1965 eum
991 1910 1080 1978 qui
1118 1919 1221 1973 est,
1251 1912 1591 1980 appellasse;
1629 1930 1696 1968 ne
1726 1916 1769 1969 si
1800 1916 1914 1971 sola
1972 1917 2088 1987 ejus

527 2002 619 2069 qui
675 2009 779 2064 est,
837 2002 1137 2056 nominatio
1207 2002 1258 2054 in
1320 2004 1589 2073 colloquio
1631 2005 1980 2071 inveniretur,
2020 2008 2088 2063 ad

524 2093 737 2147 Patrem
768 2107 962 2147 sensus
993 2107 1179 2146 eorum
1210 2106 1331 2160 qua:
1358 2095 1614 2148 dicuntur
1648 2096 1935 2151 referatur.
1983 2098 2089 2153 Sed

525 2184 977 2255 quemadmodum
1007 2193 1193 2239 noster
1223 2200 1402 2241 sermo
1456 2189 1653 2242 mentis
1700 2189 2086 2258 impnlsionum

527 2276 688 2332 index
756 2288 839 2329 est
892 2283 945 2328 et
999 2274 1405 2331 internuntius:
1462 2278 1540 2330 sic
1607 2278 1769 2331 etiam
1832 2280 2086 2345 dicimus,

523 2382 710 2422 verum
761 2366 996 2421 Verbum
1043 2366 1187 2435 quod
1254 2375 1341 2421 est
1393 2368 1445 2421 in
1502 2368 1768 2438 principio
1829 2372 2086 2427 nuntians

522 2460 725 2529 praprii
758 2456 934 2512 Patris
965 2460 1279 2523 consilium,
1318 2460 1386 2511 ob
1428 2462 1714 2513 nuntiandi
1752 2478 1949 2517 munus
1977 2478 2088 2532 quo

522 2551 637 2619 ipse
695 2550 954 2618 fungitur,
1023 2550 1272 2620 angelum
1334 2550 1465 2605 dici.
1526 2550 1587 2603 Et
1632 2554 2082 2619 quemadmodum

521 2640 771 2696 sublimis
804 2640 1043 2694 Joannes
1072 2642 1164 2710 qtti
1192 2642 1346 2711 prius
1378 2642 1552 2710 ipsum
1582 2640 1818 2696 Verbum
1848 2644 2083 2710 dixerat,

520 2735 595 2788 ita
630 2734 934 2801 subjungit,
972 2733 1141 2787 Deum
1174 2749 1297 2788 esse
1338 2732 1595 2797 Verbum,
1653 2750 1721 2788 ne
1757 2735 1801 2789 si
1840 2736 1929 2789 Dei
1988 2752 2085 2805 ap-

521 2826 738 2894 pellatio
791 2827 1196 2895 praecessisset,
1252 2825 1319 2879 ad
1390 2826 1603 2879 Patrem
1662 2827 2083 2895 cogitationibus

518 2917 959 2985 impelleremur:
1033 2916 1113 2972 sic
1164 2926 1218 2970 et
1272 2932 1500 2984 magnus
1555 2915 1730 2973 Moses
1780 2934 1902 2971 cmn
1958 2935 2081 2972 eum

517 3010 767 3077 angelum
847 3008 996 3076 prius
1065 3007 1449 3070 nominasset,
1517 3009 1689 3077 ipsum
1764 3026 1886 3064 esse
1958 3027 2079 3063 eum

516 3100 607 3169 qui
644 3109 725 3155 est
764 3100 944 3153 verbis
999 3100 1355 3167 sequentibus
1416 3099 1630 3165 edocet,
1684 3110 1743 3153 ut
1795 3102 2080 3155 manifeste

2190 1924 2365 1994 φήτην
2394 1925 2453 1977 τὸ
2484 1925 2611 1995 περὶ
2640 1926 2732 1978 τοῦ
2758 1926 2992 1997 Χριστοῦ
3022 1928 3313 1997 μυστήριον
3341 1926 3582 1995 ἐμφανὲς
3609 1927 3755 1995 ποιῆ-

2191 2031 2277 2067 σαι
2324 2018 2435 2079 τοῖς
2480 2016 2785 2086 ἀνθρώποις
2839 2016 3193 2087 βουλόμενον,
3230 2017 3457 2084 ἄγγελον
3496 2016 3587 2068 τὸν
3628 2016 3753 2069 ὄντα

2188 2104 2641 2174 προσαγορεῦσαι·
2666 2105 2739 2166 ὡς
2759 2104 2824 2157 ἂν
2848 2106 2921 2175 μὴ
2948 2106 3111 2174 μόνης
3134 2106 3233 2173 τῆς
3257 2105 3351 2157 τοῦ
3380 2106 3532 2168 ὄντος
3556 2106 3753 2157 ἐπωνυο

2192 2194 2315 2263 μίας
2357 2194 2495 2246 κατὰ
2528 2195 2619 2247 τὸν
2645 2195 3323 2266 διάλογον.εὑρισκομένης,
3353 2195 3486 2265 πρὸς
3520 2195 3610 2249 τὸν
3641 2198 3751 2248 [Ια-

2185 2285 2317 2355 τέρα
2385 2288 2413 2338 6
2456 2285 2579 2348 νοῦς
2628 2287 2734 2339 τῶν
2774 2287 3081 2356 λεγομένων
3133 2286 3545 2356 ἐπαναφέροιτο.
3615 2288 3753 2341 Ἀλλ’

2186 2378 2371 2448 ὥσπερ
2418 2380 2446 2430 6
2489 2379 2749 2448 ἡμέτερος
2800 2379 2953 2447 λόγος
2997 2380 3105 2433 τῶν
3152 2378 3243 2432 τοῦ
3291 2378 3384 2432 νοῦ
3440 2380 3752 2448 κινημάτων

2189 2470 2428 2538 μηνυτής
2460 2486 2517 2520 τε
2552 2469 2644 2521 καὶ
2675 2468 2901 2537 ἄγγελος
2922 2468 3146 2536 γίνεται,
3174 2466 3315 2519 οὕτω
3338 2466 3514 2536 φαμὲν
3543 2462 3637 2519 καὶ
3662 2467 3751 2518 τὸν

2185 2561 2434 2630 ἀληθινὸν
2476 2562 2643 2629 Λόγον
2682 2561 2772 2614 τὸν
2814 2563 2871 2613 ὲν
2904 2562 3044 2632 ἀρχῇ
3074 2561 3200 2612 ὄντα
3241 2558 3621 2627 διαγγέλλοντα
3658 2557 3749 2611 τοῦ

2190 2651 2318 2704 ἰδίου
2366 2651 2577 2721 [ἰατρὸς
2627 2654 2723 2722 τὴν
2761 2651 3051 2721 βουλὴν,τῇ
3090 2650 3337 2721 ἐνεργείᾳ
3368 2650 3465 2719 τῆς
3493 2649 3751 2717 ἀγγελίας

2186 2740 2680 2812 ἐπονομαζόμενον,
2730 2740 2954 2810 ἄγγελον
3006 2740 3278 2807 λέγεσθαι.
3328 2741 3435 2792 Καὶ
3486 2739 3672 2809 ὥσπερ
3723 2740 3753 2789 6

2185 2832 2385 2902 ὑψηλὸς
2410 2833 2656 2902 Ἰωάννης
2682 2833 2941 2902 πρότερον
2970 2832 3131 2884 αὑτὸν
3161 2832 3331 2898 Λόγον
3364 2829 3553 2896 εἰπὼν,
3582 2830 3751 2893 οὕτως

2184 2924 2376 2990 ἐπάγει
2409 2925 2498 2974 τὸν
2527 2923 2658 2975 Θεὸν
2687 2918 2825 2975 εἶναι
2851 2922 2942 2973 τὸν
2974 2920 3165 2989 Λόγον,
3193 2924 3267 2984 ὡς
3299 2921 3363 2973 ἂν
3404 2920 3477 2990 μὴ
3508 2937 3752 2990 προηγη·

2184 3013 2422 3083 σαμένης
2442 3014 2539 3082 τῆς
2561 3011 2653 3064 τοῦ
2688 3011 2819 3064 Θεοῦ
2851 3010 3218 3083 προσηγορίας
3248 3009 3379 3080 πρὸς
3410 3010 3500 3062 τὸν
3530 3009 3749 3078 Πατέρα

2181 3090 2296 3167 ταίς
2335 3104 2611 3165 ὑπονοίαις
2659 3101 3115 3172 ἀπενεχθείημεν·
3165 3100 3306 3153 οὕτω
3357 3101 3449 3152 καὶ
3501 3102 3528 3152 6
3576 3099 3747 3169 μέγας

518 3193 835 3264 mysterium
866 3190 1067 3244 Christi
1110 3192 1589 3259 pronuntiaretur;
1666 3193 1927 3260 siquidem
1985 3210 2077 3263 per

2184 3196 2416 3263 Ιίωῡσῆς
2457 3193 2681 3262 ἄγγελον
2711 3192 3286 3263 προονομάσας,αῦτὸν
3325 3188 3460 3243 εἶναι
3496 3191 3586 3242 τὸν
3621 3191 3748 3243 ὄντα

516 3286 767 3354 angelum
807 3284 1017 3352 paterni
1052 3283 1268 3337 consilii
1332 3284 1603 3353 interpres
1638 3280 1870 3337 Verbum
1930 3285 2079 3339 Scri-

517 3385 677 3446 ptura
718 3377 897 3439 docet,
924 3384 977 3429 et
1009 3392 1103 3445 per
1126 3376 1541 3446 appellationem
1570 3375 1691 3443 ejus
1713 3379 1803 3445 qui
1824 3387 1927 3441 est,
1961 3393 2078 3431 eam

516 3483 637 3536 quae
665 3477 746 3521 est
776 3468 1075 3520 secundum
1108 3468 1405 3521 essentiam
1447 3465 1569 3519 Filii
1608 3482 1730 3519 cum
1764 3467 1920 3521 Patre
1979 3484 2079 3520 na-

516 3557 745 3611 turalem
780 3556 1188 3624 proprietatent.
1254 3554 1407 3620 Quod
1444 3556 1490 3609 si
1526 3556 1684 3608 etiam
1728 3555 1921 3609 Isaiam
1959 3557 2081 3611 velit

511 3650 775 3718 objicere,
812 3650 902 3717 qui
938 3650 1094 3712 dixit,
1127 3664 1324 3702 nomen
1357 3648 1477 3715 ejus
1521 3649 1697 3702 vocari
1736 3650 1913 3718 magni
1947 3666 2081 3704 con-

514 3742 621 3797 silii
654 3742 937 3811 Angelum,
979 3757 1155 3811 neque
1184 3742 1262 3795 sic
1296 3749 1544 3796 nostrum
1570 3745 1826 3795 everterit
1870 3758 2079 3796 sermo-

514 3849 657 3889 nem.
699 3830 1058 3901 Perspicuum
1094 3832 1239 3885 enim
1273 3834 1415 3903 quod
1446 3833 1555 3887 illic
1584 3833 1727 3886 nulla
1751 3843 1834 3887 est
1864 3845 2081 3887 contra-

512 3924 699 3988 dictio,
749 3922 877 3991 quia
940 3923 1337 3977 incarnationis
1393 3925 1707 3994 mysterium
1750 3939 1847 3993 per
1891 3926 2083 3980 vatici-

511 4016 660 4070 nium
692 4015 1046 4085 significatur.
1083 4006 1365 4079 Parvulas,
1390 4017 1588 4087 inquit,
1617 4026 1771 4069 natus
1803 4027 1878 4070 est
1910 4018 2077 4082 nobis,

507 4118 557 4161 et
588 4108 731 4176 ﬁlius
772 4106 928 4160 datus
960 4118 1034 4159 est
1075 4107 1247 4171 nobis,
1286 4107 1436 4177 cujus
1470 4108 1741 4174 imperium
1797 4124 1951 4176 super
1979 4109 2078 4161 hu-

511 4216 712 4254 merum
742 4200 877 4267 ejus,
919 4208 968 4252 et
1004 4209 1222 4253 rocatur
1268 4216 1455 4253 nomen
1480 4200 1593 4267 ejus
1646 4200 1822 4268 magni
1874 4199 2081 4253 consilii

509 4293 740 4361 Angelus
769 4292 834 4343 ’³.
872 4290 951 4343 Ad
986 4290 1127 4359 quod
1158 4290 1323 4344 David
1355 4291 1548 4359 opinor
1585 4292 1909 4359 respexisse,
1948 4292 2075 4345 dum

510 4384 661 4449 regni
689 4381 807 4448 ejus
834 4382 1283 4436 constitutionem
1322 4390 1563 4434 enarrat.
1616 4380 1731 4434 Non
1784 4382 1925 4450 quod
1969 4397 2075 4436 non

508 4485 797 4534 essetrex,
828 4472 922 4526 sed
963 4473 1109 4542 quod
1162 4473 1375 4529 servilis
1408 4473 1704 4539 humilitas,
1766 4489 1926 4541 quam
1983 4490 2076 4543 per

512 4566 939 4620 incarnationem
973 4565 1218 4618 subierat
1258 4563 1540 4627 Dominus,
1577 4565 1645 4619 ad
1690 4570 1892 4635 regiam
1931 4574 2076 4635 pote-

511 4667 705 4715 statem
744 4657 945 4710 assumi
1012 4658 1256 4711 deberet.
1308 4656 1639 4712 Constituti“
1691 4675 1829 4720 sum,
1876 4660 2071 4726 inquit,

512 4765 604 4804 rea:
632 4749 695 4801 ab
724 4764 782 4800 eo
807 4764 960 4816 super
982 4747 1110 4800 Sion
1144 4757 1370 4800 montem
1392 4758 1633 4801 sanctum
1659 4748 1794 4817 ejus,
1829 4749 2072 4802 nuntians

506 4847 820 4907 praeceptum
857 4836 1073 4889 Domini
1100 4836 1165 4891 “.
1213 4836 1351 4906 Ergo
1392 4850 1445 4890 et
1479 4839 1701 4903 angelus
1729 4847 1782 4891 et
1819 4836 2071 4899 Verbum,

512 4933 749 5001 sigillum
786 4938 838 4984 et
874 4930 1073 4997 imago.
1105 4938 1158 4982 et
1188 4930 1368 4981 omnia
1401 4929 1665 4996 ejusmodi
1693 4929 1878 4983 eodem
1909 4945 2071 4983 sensu

511 5018 707 5071 dicitur
737 5018 828 5085 qui
862 5026 1138 5086 paternam
1172 5016 1468 5070 bonitatem
1503 5032 1598 5086 per
1624 5017 1861 5086 seipsum
1892 5026 2071 5071 notam

510 5108 656 5161 facit.
690 5107 921 5172 Quando
970 5106 1113 5159 enim
1152 5106 1380 5176 angelus
1414 5106 1637 5161 nuntius
1690 5106 1923 5175 alicujus
1964 5107 2074 5159 elli-

506 5200 686 5249 ('lllll‘:
724 5198 974 5250 similiter
1008 5195 1265 5261 Verbum,
1306 5197 1502 5250 inclitis
1534 5197 1808 5249 notionem
1861 5198 2071 5251 involu-

506 5297 613 5341 tam
650 5289 883 5357 explicat
913 5304 927 5341 :
954 5298 1005 5340 et
1033 5287 1267 5357 sigillum
1310 5287 1362 5340 in
1399 5289 1618 5358 propria
1658 5287 1829 5341 forma
1877 5290 2069 5342 arche-

508 5391 716 5448 typum,
749 5380 800 5431 id
834 5386 940 5440 est,
972 5379 1271 5447 principem
1310 5378 1561 5443 formam,
1590 5381 1963 5442 demonstrat,
2019 5388 2072 5433 et

510 5472 688 5538 imago
725 5472 843 5538 ejus
882 5470 975 5538 qui
1031 5468 1281 5538 depictus
1319 5478 1403 5524 est
1460 5470 1913 5539 pulchritudinem
1978 5486 2072 5539 per

510 5576 567 5614 se
598 5563 1003 5631 interpretatur.
1038 5558 1111 5613 lta
1146 5566 1204 5613 ut
1234 5560 1347 5613 [nec
1378 5564 1561 5615 omnia
1589 5562 1895 5633 significatu
1932 5561 2071 5615 inter

586 5742 633 5772 ’³
665 5740 766 5796 lsa.
794 5756 883 5811 ix,
924 5742 976 5797 6.
1054 5741 1099 5774 “
1139 5738 1282 5797 Psal.
1322 5756 1383 5804 ll,
1418 5741 1471 5795 6.

2178 3288 2287 3344 τοῖς
2316 3286 2508 3355 ἐφεξῆς
2536 3284 2837 3339 ἐκδιδάσκει
2862 3283 3149 3352 λόγοις,ὼς
3169 3283 3234 3336 ἂν
3256 3282 3503 3352 φανερῶς
3529 3281 3588 3333 τὸ
3610 3282 3748 3335 κατὰ

2177 3376 2266 3428 τὸν
2295 3376 2528 3449 Χριστὸν
2573 3374 2970 3446 προαγγελθείη
3019 3376 3314 3444 μυστήριον
3342 3389 3356 3403 ·
3388 3373 3476 3426 δια
3521 3373 3617 3443 μὲν
3658 3371 3748 3424 τοῦ

2178 3469 2429 3536 ἀγγέλου,
2462 3470 2553 3521 τὸν
2586 3468 2826 3539 ἑρμηνέα
2854 3466 2948 3520 τοῦ
2982 3465 3250 3537 πατρικοῦ
3287 3465 3622 3534 βουληματος
3645 3465 3746 3516 Λό-

2178 3577 2272 3627 γον
2313 3561 2410 3631 τῆς
2437 3560 2657 3631 ι’ραφῆς
2693 3558 3079 3628 διδασκούσηςσ
3119 3558 3205 3610 διὰ
3245 3557 3301 3609 δὲ
3345 3559 3443 3625 τῆς
3475 3556 3568 3608 τοῦ
3598 3558 3747 3617 ὄντος

2180 3650 2542 3721 προσηγορίας
2562 3652 2660 3720 τὴν
2688 3652 2805 3701 κατ’
2830 3649 2959 3702 αὐτὸ
2984 3649 3043 3701 τὸ
3064 3644 3201 3700 εἶναι
3224 3647 3315 3700 τοῦ
3344 3645 3474 3698 Υίοῦ
3501 3646 3635 3716 πρὸς
3658 3646 3747 3696 τὸν

2180 3744 2397 3815 Πατέρα
2433 3744 2665 3812 φυσικὴν
2698 3743 3022 3811 οἰκειότητα.
3070 3742 3131 3793 Εἰ
3170 3740 3225 3791 δὲ
3270 3740 3361 3792 καὶ
3394 3740 3485 3791 τὸν
3526 3739 3746 3790 Ἡσαΐαν

2179 3835 2552 3909 προϐάλλοιτο,
2586 3834 2661 3897 ὡς
2711 3834 2930 3886 εἰπόντα
2974 3831 3254 3885 καλεῖσθαι
3288 3830 3348 3882 τὸ
3385 3830 3555 3900 ὄνομα
3582 3829 3745 3881 αὑτοῦ

2182 3928 2421 3999 μεγάλης
2452 3926 2644 3996 βουλῆς
2672 3925 2897 3993 ἄγγελον
2920 3965 2933 3985 ,
2965 3925 3083 3977 οὐδέ
3115 3922 3287 3985 οὕτως
3331 3919 3622 3991 ἀνατρέψει
3655 3921 3745 3971 τὸν

2179 4018 2443 4087 ἡμέτερον
2465 4017 2637 4083 λόγον.
2666 4016 2841 4082 Σαφές
2870 4015 2975 4085 γὰρ
3001 4016 3114 4065 ἐκεῖ
3139 4012 3231 4065 καὶ
3255 4012 3641 4082 ἀναντίρρητον
3668 4011 3744 4072 ὡς

2176 4111 2208 4178 ἡ
2243 4110 2381 4162 κατὰ
2410 4109 2470 4160 τὸ
2498 4107 2832 4178 ἀνθρώπινον
2858 4106 3133 4175 οἰκονομία
3162 4104 3248 4156 διὰ
3274 4104 3372 4172 τῆς
3411 4102 3743 4173 προφητείας

2179 4201 2518 4270 σημαίνεται.
2555 4199 2798 4253 Παιδίον
2840 4198 2965 4267 γὰρ,
3007 4197 3197 4267 φησὶν,
3246 4196 3535 4264 ἐγεννήθη
3577 4194 3739 4263 ἡμῖν.

2178 4293 2274 4345 καὶ
2312 4291 2441 4354 Υἱὸς
2472 4290 2646 4356 ἐδόθη
2673 4290 2836 4357 ἡμῖν,
2867 4285 2937 4342 οὗ
2971 4289 3006 4353 ἡ
3029 4286 3181 4353 ἀρχὴ
3205 4286 3299 4337 ἐπὶ
3330 4284 3437 4337 τοῦ
3462 4284 3617 4352 ὤμου
3645 4285 3743 4335 aiio

2177 4383 2306 4444 τοῦ,
2342 4383 2440 4434 καὶ
2480 4381 2741 4433 καλεῖται
2781 4380 2845 4431 τὸ
2876 4378 3060 4445 ὄνομα
3082 4376 3265 4430 αὐτοῦ
3301 4376 3564 4444 μεγάλης
3594 4375 3743 4437 βου-

2176 4473 2292 4539 λῆς
2320 4473 2587 4542 ἅγγελος.
2619 4470 2758 4540 Πρὸς
2784 4469 2811 4521 ὃ
2840 4469 2931 4521 καὶ
2958 4470 3046 4521 τὸν
3082 4467 3244 4521 Δαὸὶδ
3278 4462 3429 4535 οἶμαι
3458 4466 3740 4535 βλέποντα,

2177 4567 2273 4635 τὴν
2314 4566 2409 4635 τῆς
2451 4563 2723 4634 βασιλείας
2762 4562 3092 4615 κατάστασιν
3141 4559 3465 4629 διηγεῖσθαι.
3508 4558 3615 4626 Οὐχ
3665 4557 3741 4620 ὡς

2175 4658 2273 4709 οὐκ
2304 4656 2451 4717 ὄντος
2480 4654 2759 4723 βασιλέως,
2784 4653 2896 4706 ἀλλ’
2926 4653 3000 4715 ὠς
3029 4653 3125 4721 τῆς
3150 4652 3398 4720 δουλικῆς
3426 4650 3741 4716 ταπεινότη-

2173 4765 2283 4811 τος,
2324 4748 2389 4816 ἥν
2435 4746 2635 4813 ὑπῆλθε
2678 4745 2793 4798 κατ’
2850 4744 3158 4809 οἰκονομίαν
3191 4744 3219 4794 6
3259 4742 3495 4812 Κύριος,
3529 4742 3606 4802 εἰς
3643 4741 3740 4808 τὴν

2174 4840 2269 4907 τῆς
2295 4839 2567 4907 βασιλείας
2589 4836 2742 4900 ἀξίαν
2769 4835 3184 4905 ἀναληφθείσης.
3209 4832 3590 4894 Κατεστάθην
3609 4830 3737 4900 γὰρ,

2175 4933 2326 5001 φησὶ,
2351 4929 2645 4994 ,ϐασιλεὺς
2668 4929 2766 4982 ὑπ’
2790 4926 2994 4989 αὑτοῦ,
3017 4926 3113 4978 ἐπὶ
3143 4925 3293 4978 Σιὼν
3324 4924 3460 4990 ὅρος
3486 4922 3549 4974 τὸ
3573 4921 3742 4990 ἅγιον

2175 5022 2379 5083 αὑτοῦ,
2405 5019 2770 5088 διαγγέλλων
2799 5020 2862 5069 τὸ
2892 5018 3242 5084 πρόσταγμα
3270 5015 3507 5081 Κυρίου.
3534 5011 3741 5063 Οὐκοῦν

2175 5113 2401 5182 ἄγγελός
2430 5130 2486 5164 τε
2519 5112 2610 5165 καὶ
2659 5112 2826 5174 Λόγος
2847 5153 2861 5172 ,
2913 5110 3141 5179 σφραγίς
3175 5124 3231 5158 τε
3282 5107 3373 5159 καὶ
3405 5105 3567 5157 εἰκὼν
3588 5144 3601 5166 ,
3650 5105 3741 5155 καὶ

2176 5204 2351 5257 πάντα
2372 5202 2439 5253 τὰ
2461 5200 2682 5253 τοιαῦτα
2711 5198 2850 5251 κατὰ
2877 5198 2973 5267 τὴν
3014 5198 3183 5263 αὐτὴν
3208 5195 3413 5245 ἔννοιαν
3446 5192 3684 5259 λέγεται,
3712 5194 3740 5243 6

2178 5290 2273 5357 τὴν
2312 5288 2582 5357 πατρικὴν
2623 5286 2928 5355 ἁγαθότητα
2964 5285 3028 5338 δι’
3056 5283 3246 5337 ἑαυτοῦ
3271 5280 3568 5351 γνωρίζων.
3614 5282 3736 5331 “tl-.5

2178 5381 2285 5449 γὰρ
2333 5380 2591 5446 ἄγγελος,
2639 5381 2879 5448 μηνυτής
2928 5392 3068 5437 τινος
3097 5376 3328 5443 γίνεται·
3367 5375 3459 5426 καὶ
3503 5374 3531 5424 6
3573 5371 3739 5437 Λόγος

2179 5470 2435 5534 ὡσαύτως
2485 5470 2812 5523 ἐκκαλύπτει
2852 5469 2912 5520 τὸ
2952 5467 3263 5536 ἐγκείμενον
3314 5465 3509 5533 νόημα,
3565 5464 3657 5515 καὶ
3703 5464 3735 5532 ἡ

2182 5564 2414 5633 σςραγὶς
2442 5565 2498 5616 ὲν
2524 5562 2600 5630 τῷ
2629 5562 2741 5631 ἰδίῳ
2763 5561 2916 5629 τύπῳ
2948 5560 3007 5611 τὸ
3037 5558 3332 5628 ἀρχέτυπον
3360 5556 3619 5618 δείκνυσι,
3648 5553 3737 5606 καὶ
