4034 6472
255 353 364 414 S73

1363 365 1634 422 CONTRA
1675 361 2059 435 EUNOMIUM,
2103 369 2232 424 LIB.
2268 371 2354 426 Xl.

3392 383 3498 440 δτι

256 476 290 542 ὴ
333 473 514 538 εἰκὼν,
566 475 626 528 τὸ
673 476 763 529 τοῦ
797 478 1264 546 ἀπεικονισοέντος
1303 485 1494 550 κάλλος
1531 487 1601 540 δι’
1656 487 1818 556 αὐτῆς

1925 504 1984 542 se
2015 492 2416 561 mquipolleant.
2456 493 2537 548 0b
2572 511 2687 548 eam
2721 511 2939 550 causam
2987 500 3210 569 angelus
3252 503 3371 570 ejus
3397 504 3489 569 qui

253 564 547 636 ζρμηνεύει
567 583 580 595 ο
603 566 678 630 ὡς
708 568 1038 639 ἰσοδυναμεῖν
1061 573 1230 628 ταῦτα
1261 576 1437 632 πάντα
1465 577 1543 647 τῷ
1568 595 1828 647 σημαινο-

257 655 411 725 μένῳ
453 655 589 725 πρὸς
620 658 839 725 ἄλληλα.
867 661 963 713 Διὰ
995 661 1150 715 τοῦτο
1177 663 1402 732 ἄγγελος
1431 667 1530 736 τῆς
1563 669 1653 720 τοῦ
1680 669 1828 732 ὄντος

255 748 569 817 ἐπωνυμίας
606 751 984 818 προτέτακται.
1024 753 1250 820 ἄγγελος
1293 757 1388 824 μὲν
1425 757 1710 828 λεγόμενος
1753 761 1827 824 ὡς

259 839 499 908 μηνυτὴς
522 840 614 892 τοῦ
643 843 850 912 Πατρός
873 861 884 873 ·
907 842 981 896 ὢν
1003 844 1082 910 δὲ,
1115 846 1192 910 ὡς
1210 848 1308 902 οὐκ
1339 849 1476 918 ἔχων
1501 851 1666 921 ὄνομα
1688 869 1827 919 γνω-

256 929 499 997 ριστικὸν
531 931 630 1000 τῆς
669 933 854 996 οὐσίας
879 974 892 996 ,
933 934 1067 990 ἀλλὰ
1099 938 1276 1007 πάσης
1311 940 1701 1011 ὑπερκείμενος
1729 945 1826 1011 τῆς

254 1021 619 1091 ὀνομαστικῆς
649 1025 938 1094 σημασίας.
971 1028 1061 1080 Διὸ
1094 1030 1188 1089 καὶ
1215 1030 1275 1082 τὸ
1302 1031 1469 1102 ὄνομα
1496 1035 1658 1090 αὑτοῦ
1686 1037 1826 1106 ὑπὲρ

255 1113 365 1163 πᾶν
407 1107 542 1165 εἶναι
576 1113 745 1183 ὄνομα
783 1117 930 1186 παρὰ
963 1118 1062 1187 τῆς
1105 1121 1198 1174 τοῦ
1250 1123 1566 1178 ’Λποστόλου
1604 1127 1641 1178 Γ
1647 1131 1824 1197 ραφῆς

253 1204 694 1275 μεμαρτύρηται.
744 1211 855 1279 Οὐχ
887 1211 961 1274 ὡς
1002 1212 1060 1264 ἓν
1096 1231 1148 1266 τι
1201 1219 1666 1287 προτετιμημένον
1717 1221 1824 1272 τῶν

254 1294 458 1359 ἄλλων,
494 1297 607 1350 ἀλλ’
641 1299 716 1362 ὠς
762 1301 898 1368 ὑπὲρ
949 1305 1057 1357 πᾶν
1108 1305 1276 1362 ὄνομα
1325 1309 1473 1371 ὄντος
1521 1309 1612 1362 τοῦ
1657 1311 1823 1374 ὅντως

252 1386 426 1449 ὄντος.

338 1477 474 1528 Ἀλλ’
510 1478 622 1549 ὁρῶ
653 1482 760 1552 γὰρ
795 1485 873 1547 εἰς
913 1486 1147 1556 ἄμετρον
1185 1490 1287 1558 ἤδη
1341 1491 1430 1543 τὸν
1460 1492 1616 1559 λόγον
1654 1511 1822 1563 παρα-

251 1569 580 1636 τεινόμενον,
609 1573 702 1626 καὶ
727 1573 942 1629 δέδοικα
974 1576 1032 1630 τὸ
1055 1578 1230 1633 δοκεῖν
1259 1581 1538 1652 ἀδόλεσχος
1571 1601 1654 1648 τις
1683 1583 1820 1639 εἶναι

252 1661 344 1714 καὶ
379 1663 630 1732 περιττὸς
660 1666 759 1736 τὴν
786 1669 988 1737 φωνὴν,
1031 1671 1110 1733 είς
1140 1671 1338 1741 πλῆθος
1365 1676 1693 1744 προαγαγὼν
1724 1678 1819 1748 τὴν

249 1752 588 1823 ἀντίρρησιν.
621 1758 810 1814 Καίτοι
843 1761 1012 1814 πολλὰ
1033 1763 1130 1833 τῆς
1158 1763 1245 1817 διὰ
1276 1766 1440 1834 μέσου
1462 1770 1698 1836 γραφίας
1723 1771 1816 1823 τοῦ

1929 589 2011 635 est
2043 584 2393 651 appellationi
2441 587 2762 656 praepositus
2823 588 2944 644 fuit.
2977 590 3214 660 Angelus
3269 593 3486 663 quidem

1926 674 2124 729 dicitur
2154 685 2409 748 tanquam
2459 679 2619 733 index
2654 689 2701 732 et
2771 683 3047 736 nuntiator
3102 683 3326 750 Patris;
3395 685 3490 754 qui

1925 774 2009 818 est
2036 777 2214 822 autem
2250 777 2305 821 ut
2334 786 2443 823 non
2479 771 2682 825 habens
2739 789 2957 839 nomen,
2999 776 3143 843 quod
3193 777 3490 831 essentiam

1925 859 2044 928 ejus
2077 870 2258 914 nolam
2292 862 2476 926 faciat,
2510 864 2606 918 sed
2635 865 2726 933 qui
2763 867 2834 920 sit
2857 881 3026 936 supra
3067 883 3280 922 omnem
3314 870 3493 922 nomi-

1925 969 2054 1006 num
2086 954 2526 1021 signiﬁcantiam.
2553 955 2818 1021 Quocirca
2853 965 2908 1011 et
2942 973 3137 1010 nomen
3168 957 3288 1026 ejus
3325 971 3489 1027 super

1925 1059 2085 1098 omne
2119 1061 2310 1098 nomen
2336 1062 2457 1100 esse
2485 1052 2551 1100 ab
2587 1048 2834 1117 Apostoli
2877 1047 3160 1118 Scriptura
3189 1048 3486 1102 conﬁrma-

1923 1143 2037 1187 tum
2067 1145 2168 1188 est.
2205 1135 2317 1189 Non
2347 1146 2404 1190 ut
2429 1155 2594 1190 unum
2626 1139 2753 1206 quid
2789 1139 2909 1192 aliis
2947 1141 3150 1194 honore
3179 1140 3486 1210 praelatum.

1926 1227 2018 1280 sed
2075 1228 2200 1296 quia
2251 1243 2417 1297 super
2455 1246 2614 1285 orline
2662 1247 2856 1284 nomen
2910 1242 2994 1285 est
3015 1232 3084 1293 ”,
3117 1231 3206 1286 ille
3238 1232 3328 1301 qui
3364 1247 3490 1285 vere

1925 1326 2039 1372 est.

1994 1491 2096 1544 Sed
2129 1492 2285 1546 video
2318 1510 2402 1548 me
2430 1495 2483 1546 in
2521 1495 2843 1550 immensum
2881 1513 3187 1552 sermonem
3214 1497 3328 1566 jam
3355 1512 3485 1565 pro-

1922 1585 2162 1644 trahere.
2198 1601 2261 1638 ac
2293 1603 2483 1640 vereor
2517 1603 2581 1641 ne
2617 1588 2802 1641 videar
2840 1590 3094 1659 garrulus
3154 1589 3376 1659 quidam
3433 1597 3488 1642 et

1924 1683 2156 1744 nugator
2207 1691 2350 1739 esse,
2379 1685 2432 1731 et
2487 1678 2798 1748 superﬂuus
2832 1694 2984 1740 voce,
3046 1681 3098 1733 in
3155 1679 3371 1732 turbam
3406 1680 3490 1732 ni-

1923 1767 2088 1820 mium
2141 1768 2402 1835 producta
2461 1769 2914 1825 contradictione.
2983 1773 3264 1833 Attamen,
3319 1770 3486 1824 multa

248 1843 546 1898 ἀντιπάλου
575 1848 943 1921 παραδραμὼν
970 1832 1286 1927 προμηθῶς,
1315 1858 1406 1912 τοῦ
1534 1832 1668 1929 πρὸς
1695 1862 1818 1914 πολ-

1921 1875 2044 1927 quae
2081 1859 2281 1927 passim
2331 1859 2680 1916 adversarius
2741 1861 2793 1915 in
2843 1861 3064 1931 scriptis
3097 1861 3311 1926 inserit,
3356 1875 3489 1914 con-

249 1932 348 1997 λὰς
389 1935 534 1988 ἐπῶν
574 1940 838 2010 μυριάδας
884 1945 1175 2015 ἐκταθῆναι
1220 1949 1310 2001 τὸν
1340 1950 1514 2018 λόγον.
1557 1953 1677 2016 Τοῖς
1712 1954 1820 2024 γὰρ

250 2024 704 2099 φιλοπονωτέροις
737 2033 830 2084 καὶ⁹
855 2034 914 2088 τὸ
953 2036 1026 2106 μὴ
1056 2037 1315 2110 σύντομον
1335 2084 1350 2107 ,
1376 2043 1627 2113 διαϐολῆς
1672 2045 1820 2100 ἐστιν

247 2114 494 2187 ἀφορμή.
560 2119 648 2181 Ὠς
687 2120 804 2174 δέον
839 2122 918 2194 ’μὴ
959 2125 1092 2194 πρὸς
1130 2129 1227 2197 τὴν
1267 2132 1482 2200 χρείαν,
1518 2133 1653 2186 ἀλλὰ
1687 2136 1821 2205 πρὸς

248 2206 348 2277 τὴν
371 2209 479 2262 τῶν
517 2213 700 2281 ἀργῶν
726 2233 782 2268 τε
813 2217 906 2270 καὶ
941 2219 1222 2274 ἁσπούδων
1252 2223 1542 2293 ἐπιθυμίαν
1581 2227 1816 2296 βλέπειν,

246 2295 332 2363 οῖς
377 2301 446 2354 δι’
491 2306 653 2374 εὐχῆς
697 2311 874 2374 ἐστιν,
908 2311 1105 2380 ὀλίγοις
1160 2314 1365 2385 βήμασι
1412 2295 1690 2372 πολλάτὰ
1733 2321 1822 2375 διὰ

247 2391 352 2460 τῆς
402 2395 522 2448 ὁδοῦ
577 2398 828 2454 διανὺειν.
890 2403 954 2455 Τί
995 2401 1085 2458 οὖν
1140 2408 1244 2478 χρὴ
1292 2409 1549 2480 πράττειν
1592 2413 1819 2480 ἐφελκο-

249 2482 420 2554 μένης
472 2488 618 2556 ἡμᾶς
675 2491 764 2544 ἐπὶ
819 2498 878 2546 τὸ
939 2497 1123 2567 πρόσω
1179 2498 1278 2569 τῆς
1335 2500 1716 2573 βλασφημίας;
1785 2506 1816 2576 ἢ

247 2576 388 2646 τάχα
459 2583 710 2648 περιττόν
773 2585 889 2638 ἐστι
959 2589 1052 2640 καὶ
1111 2591 1281 2655 ὖντως
1357 2593 1640 2665 ἀδόλεσχον
1707 2600 1819 2660 τοῖς

243 2667 456 2734 ὁμοίοις
499 2671 605 2724 τῶν
657 2676 1098 2748 ἐπιχειρημάτων
1151 2682 1608 2751 ὲναγωνίζεσθαι;
1663 2689 1818 2741 Πᾶσα

247 2757 358 2829 γὰρ
403 2761 580 2814 αὐτῶν
622 2767 654 2835 ἡ
691 2769 890 2841 σπουδὴ
938 2771 1032 2823 καὶ
1080 2773 1219 2826 κατὰ
1273 2775 1364 2828 τὸν
1411 2777 1606 2846 ἐφεξῆς
1655 2779 1816 2832 αὐτοῦ

247 2849 406 2918 λόγον
442 2852 727 2922 σύμιρωνος
768 2861 882 2922 τοῖς
926 2863 1415 2935 προεξητασμένοις
1451 2871 1616 2932 ἐστὶν,
1667 2871 1818 2924 οὐδὲν

246 2943 434 3000 καινὸν
479 2946 558 3007 εἰς
612 2951 948 3019 κατασκευὴν
1001 2955 1150 3024 παρὰ
1206 2955 1273 3009 τά
1329 2958 1666 3028 προλαϐόντα
1711 2961 1818 3014 τῶν

248 3035 689 3106 ἐπιχειρημάτων
757 3041 971 3111 ἔχουσα.
1025 3047 1085 3098 Εί
1154 3048 1330 3102 τοίνυν
1385 3051 1622 3122 ἔρρωται
1684 3057 1818 3124 ἡμῖν

1924 1953 2072 2006 sm’to
2101 1951 2446 2020 prartermisi,
2495 1969 2564 2007 ne
2603 1953 2656 2007 in
2693 1969 2885 2008 versus
2913 1955 3337 2008 innumerabiles
3367 1967 3486 2008 ser—

1920 2058 2009 2096 mo
2043 2043 2444 2098 extenderetnr.
2475 2043 2607 2097 Nam
2636 2047 2727 2114 qui
2753 2046 2972 2115 quidem
3009 2045 3396 2101 laboriosiores
3435 2054 3488 2101 et

1920 2134 2093 2201 magis
2123 2135 2403 2196 industrii,
2436 2136 2580 2205 quod
2631 2153 2737 2190 non
2764 2137 3049 2192 concisum
3105 2145 3190 2192 est
3215 2147 3268 2192 et
3299 2138 3484 2204 breve,

1919 2227 1974 2279 in
2010 2227 2335 2280 calumniam
2363 2233 2604 2289 vertunt,
2649 2229 2722 2280 ita
2757 2236 2814 2281 ut
2849 2236 3096 2297 oporteat
3146 2243 3253 2281 non
3298 2227 3366 2282 ad
3394 2207 3490 2280 ne;

1920 2318 2249 2383 cessitatem,
2279 2320 2370 2373 sed
2403 2319 2471 2373 ad
2504 2320 2805 2374 otiosorum
2831 2329 2884 2373 et
2919 2320 3172 2374 inertium
3214 2320 3488 2389 cupidita-

1921 2417 2028 2462 tem
2064 2410 2355 2476 respicere,
2387 2411 2589 2478 quibus
2617 2426 2713 2480 per
2733 2419 2919 2466 votum
2952 2411 3079 2466 licet
3105 2412 3292 2480 paucis
3315 2411 3490 2480 passi-

1919 2497 2022 2552 bus
2058 2500 2275 2566 longum
2313 2500 2415 2553 iter
2445 2499 2732 2568 perﬁcere.
2775 2497 2915 2565 Qttid
2980 2501 3146 2566 igitur
3195 2501 3485 2570 agendum.

1919 2604 2044 2642 cum
2073 2607 2170 2643 nos
2187 2607 2335 2658 pror.
2351 2607 2439 2644 nm
2461 2592 2640 2645 trahat
2663 2591 3130 2660 blasphemia?An
3153 2591 3388 2645 fortasse
3404 2607 3491 2645 su-

1919 2699 2314 2751 pervacaneum
2336 2693 2420 2738 est
2457 2695 2510 2738 et
2531 2685 2876 2753 nugatorium
2899 2684 3170 2738 similibus
3203 2699 3490 2754 argumen-

1919 2775 2218 2830 tationibus
2267 2775 2636 2829 contendere?
2679 2773 2851 2830 Omne
2894 2776 3040 2830 enim
3077 2775 3320 2844 ipsorum
3376 2782 3490 2828 stu-

1917 2866 2067 2919 dium
2100 2875 2153 2920 et
2198 2867 2251 2920 in
2282 2867 2367 2921 his
2393 2883 2510 2936 quae
2549 2867 2805 2936 deinceps
2864 2875 3190 2937 sequuntur,
3227 2867 3311 2920 his
3365 2882 3489 2936 qua:

1918 2958 2069 3026 prius
2101 2959 2404 3012 examinata
2430 2969 2481 3012 et
2513 2958 2802 3026 disquisita
2859 2966 3011 3022 sunt,
3053 2966 3479 3012 consentaneum

1917 3060 2002 3105 cst
2028 3061 2081 3106 et
2110 3067 2434 3117 consonum,
2473 3053 2604 3105 nihil
2652 3053 2776 3106 novi
2839 3052 3045 3108 habens
3099 3051 3168 3105 ad
3204 3052 3488 3120 probatio-

247 3126 280 3194 η
339 3126 446 3179 τῶν
503 3131 934 3198 προεκτεθέντων
979 3135 1287 3208 ἀνατροπὴ,
1341 3141 1725 3212 καταλίπωμεν
1779 3142 1815 3196 ἃ

1922 3159 2041 3198 nent
2072 3145 2316 3213 priorum
2376 3152 2817 3214 argumentorum
2861 3153 3053 3214 praeter
3084 3141 3486 3198 antecedentia.

245 3219 360 3280 τοῖς
411 3221 898 3292 προεξητασμένοις
943 3227 1456 3298 συναπελήλεγκται.
1499 3233 1558 3284 Εἰ
1608 3234 1662 3286 δὲ
1707 3238 1818 3297 τοῖς

246 3309 543 3377 ἐριστικοῖς
613 3315 704 3365 καὶ
768 3315 1076 3380 ἀντιτύποις
1148 3321 1205 3372 ἐν
1261 3320 1337 3390 τῷ
1397 3325 1710 3395 παρειμένῳ
1760 3327 1820 3380 τὸ

248 3399 540 3467 κράτιστον
601 3397 738 3456 εἶναι
785 3404 966 3469 δοκεῖ,
1023 3410 1316 3476 ἀναγκαῖον
1372 3413 1436 3466 ἂν
1485 3415 1568 3482 εἴη
1616 3416 1818 3470 τούτων

245 3489 436 3542 ἕνεκεν
465 3491 551 3548 διὰ
584 3492 828 3563 βραχέων
873 3499 1188 3570 ἐπιδραμεῖν
1219 3503 1279 3555 τὸ
1311 3505 1617 3564 ὑπόλοιπον.
1659 3511 1819 3577 Λέγει

249 3579 328 3669 μὴ
357 3575 494 3634 εἶναι
523 3582 611 3634 τὸν
653 3584 857 3655 Κύριον
887 3589 991 3660 πρὸ
1015 3591 1112 3661 τῆς
1142 3591 1276 3656 ἰδίας
1303 3598 1624 3666 γεννήσεως,
1657 3600 1686 3651 ὁ
1717 3575 1820 3669 μη-

243 3668 363 3722 δενὶ
409 3670 502 3725 τοῦ
565 3674 776 3746 Πατρδς
838 3677 1001 3731 αὑτὸν
1057 3680 1420 3754 διειργόμενον
1466 3668 1818 3744 ὲπιδεικνῦειν

245 3756 408 3830 ἔχων.
461 3761 570 3813 Καὶ
599 3762 754 3816 τοῦτὸ
785 3783 967 3834 φησιν,
1005 3769 1105 3821 οὐκ
1151 3772 1261 3825 ἀπὸ
1293 3774 1331 3824 Γ
1336 3777 1512 3844 ρανρῆς
1544 3779 1633 3831 τὸν
1665 3779 1819 3847 λόγον

245 3849 627 3920 πιστούμενος,
655 3853 768 3906 ἀλλ’
793 3858 856 3908 ἐκ
877 3858 983 3909 τῶν
1017 3859 1160 3913 ἰδίων
1184 3862 1456 3934 λογισμῶν
1483 3872 1820 3923 κατασκευά-

246 3939 359 4035 cui!
387 3941 446 3994 τὸ
479 3944 684 4015 λῆμμα.
726 3948 894 4002 Τοῦτο
931 3951 985 4004 δὲ
1015 3954 1188 4007 κοινὸν
1219 3957 1352 4026 πρὸς
1384 3957 1600 4014 ἅπαντα
1627 3963 1694 4014 τὰ
1722 3965 1820 4035 τῆς

245 4033 480 4096 κτίσεως
527 4038 899 4094 ἀποδέδεικται
933 4044 1092 4116 μέρη.
1145 4047 1220 4100 Οὐ
1260 4048 1545 4122 βάτραχος,
1577 4055 1637 4106 οὐ
1681 4033 1818 4109 σκώ-

244 4124 368 4194 ληξ,
401 4127 459 4178 οὺ
493 4128 778 4201 κάνθαρος,
813 4135 874 4186 οὐ
907 4135 1032 4199 πόα,
1079 4139 1176 4190 οὐκ
1206 4140 1435 4202 ἄκανθα,
1481 4143 1579 4197 οὐκ
1614 4145 1740 4200 ἄλλο
1765 4165 1818 4200 τι

242 4215 358 4268 τῶν
385 4217 776 4274 εὐτελεστάτων
806 4225 908 4294 πρὸ
931 4226 1029 4295 τῆς
1059 4228 1190 4291 ἰδίας
1215 4233 1522 4296 συστάσεως
1544 4231 1627 4306 ἦν.
1658 4236 1818 4289 Ὥστε

243 4310 386 4380 ὅπερ
407 4311 498 4363 διὰ
530 4312 630 4382 τῆς
655 4313 876 4386 λογικῆς
901 4320 1242 4388 τεχνολογίας
1287 4324 1380 4375 ἐπὶ
1426 4325 1520 4377 τοῦ
1555 4327 1682 4379 Υἱοῦ
1724 4331 1819 4382 σὺν

245 4402 436 4473 ἱδρῶτι
471 4406 562 4457 καὶ
595 4406 740 4477 πόνῳ
783 4413 1198 4476 κατασκευάζει,
1245 4415 1404 4468 τοῦτο
1449 4417 1542 4470 καὶ
1588 4419 1678 4472 ἐπι
1710 4421 1818 4473 τῶν

1922 3233 1978 3288 Si
2015 3234 2177 3304 igitur
2225 3234 2379 3289 ﬁrma
2435 3236 2590 3289 nobis
2629 3247 2714 3290 est
2768 3243 2822 3288 et
2887 3234 3062 3288 valida
3123 3250 3312 3288 eorum
3367 3249 3489 3304 qua:

1920 3327 2075 3395 prius
2103 3328 2348 3395 exposita
2380 3335 2508 3381 sunt
2542 3330 2772 3386 eversio.
2831 3327 3215 3396 reliquerimus
3244 3341 3308 3381 ea
3367 3341 3490 3396 quae

1919 3433 2042 3472 cum
2075 3418 2160 3472 his
2189 3433 2311 3489 qum
2340 3426 2466 3472 ante
2513 3419 2735 3472 fuerunt
2762 3418 3069 3487 disquisita,
3121 3433 3184 3471 ac
3235 3417 3482 3472 refutaui.

1918 3507 2075 3574 Quod
2133 3507 2178 3562 si
2236 3507 2596 3562 contentiosis
2649 3514 2704 3561 et
2757 3507 3090 3562 refractariis
3137 3508 3190 3560 in
3229 3521 3294 3560 eo
3341 3507 3489 3576 quod

1920 3597 2342 3665 pr'etermissutn
2372 3606 2471 3658 est.
2506 3596 2938 3651 valentissimum
2973 3597 3100 3664 quid
3131 3603 3184 3648 et
3222 3595 3487 3663 potentis-

1919 3690 2115 3743 simum
2179 3705 2300 3744 esse
2354 3689 2588 3749 videtur.
2645 3687 3014 3744 necessarium
3073 3685 3237 3740 fuerit
3289 3686 3485 3741 horum

1918 3797 2083 3836 causa
2125 3781 2269 3850 quod
2309 3790 2471 3835 restat
2507 3782 2696 3851 paucis
2745 3794 3086 3850 percurrere.
3127 3784 3266 3840 Dicit
3307 3779 3485 3832 "0mi-

1918 3889 2046 3927 num
2081 3888 2186 3927 non
2226 3873 2394 3927 fuisse
2427 3881 2553 3926 ante
2584 3888 2736 3926 suam
2760 3872 3186 3942 generationem.
3217 3872 3308 3940 qui
3331 3871 3482 3924 nulla

1918 3981 1976 4020 re
2007 3981 2037 4018 a
2101 3959 2264 4020 Patre
2320 3962 2620 4019 disclusum
2678 3976 2802 4016 esse
2859 3964 3236 4018 demonstrare
3281 3970 3481 4032 potest.

1919 4058 1982 4112 Et
2013 4059 2113 4113 hoc
2167 4057 2363 4112 asserit
2394 4073 2500 4110 non
2533 4071 2600 4110 ex
2631 4053 2915 4124 Scriptura
2945 4068 3246 4108 sermonem
3279 4053 3482 4108 conﬁr-

1915 4148 2200 4212 mans,sed
2224 4164 2288 4202 cx
2310 4148 2542 4217 propriis
2567 4145 2875 4199 rationibus
2907 4155 3178 4212 sumptum
3205 4154 3482 4200 astruens.

1917 4241 2030 4295 lloc
2064 4251 2243 4295 autem
2273 4255 2394 4295 esse
2428 4252 2716 4292 commune
2747 4252 2870 4290 cum
2905 4237 3162 4290 omnibus
3215 4245 3486 4291 creatura

1916 4335 2161 4404 partibus
2191 4333 2622 4387 demonstratum
2653 4337 2772 4384 est:
2802 4345 2910 4383 non
2943 4345 3097 4394 rana,
3127 4346 3234 4383 non
3261 4330 3483 4394 vermis,

1917 4444 2024 4483 non
2053 4428 2367 4488 scarabeus.
2403 4442 2509 4479 non
2543 4424 2730 4485 herba.
2785 4437 2890 4476 non
2927 4423 3104 4494 spina,
3165 4438 3270 4477 non
3336 4423 3480 4477 aliud

243 4497 514 4574 τυχόντων
544 4500 641 4569 τῆς
673 4500 901 4565 κτίσεως
934 4505 1134 4574 μορίων
1171 4509 1637 4578 προωμολόγηται,
1671 4515 1760 4566 καὶ
1789 4515 1816 4566 ὁ

1919 4535 2104 4576 eorum
2142 4535 2262 4589 quae
2292 4519 2346 4571 in
2378 4532 2559 4570 rerum
2600 4525 2800 4569 natura
2850 4522 2978 4570 sunt
3020 4514 3310 4578 vilissima,
3359 4523 3484 4568 ante

245 4590 414 4651 πολύς
443 4592 554 4642 ἐστι
585 4592 740 4656 πόνος
769 4594 844 4664 τῷ
869 4595 1209 4668 λογογράφῳ,
1242 4599 1409 4664 δεῖξαι
1434 4605 1543 4664 τοῖς
1567 4604 1814 4673 ἐσχάτοις

241 4677 354 4731 τῶν
381 4680 440 4731 ὲν
472 4683 534 4749 τῇ
566 4681 738 4735 κτίσει
765 4683 854 4736 τὸν
901 4687 1161 4755 μονογενῆ
1205 4687 1335 4741 Θεὸν
1379 4692 1436 4742 ἐν
1465 4694 1530 4760 τῇ
1560 4694 1813 4764 κοινωνίᾳ

242 4769 354 4822 τῶν
389 4770 688 4839 ἰδιωμάτων
723 4774 1002 4843 ὁμότιμον.
1048 4775 1256 4830 Οὐκοῦν
1306 4780 1486 4834 ἱκανὸν
1516 4785 1813 4854 τεκμήριον

239 4860 338 4913 τοῦ
369 4862 555 4926 κακῶς
603 4865 798 4928 αὐτοὺς
849 4868 976 4938 περὶ
1019 4868 1125 4920 τῶν
1159 4870 1442 4940 δογμάτων
1471 4877 1704 4944 φρονεῖν,
1755 4876 1814 4929 τὸ

242 4951 563 5022 συμϐαίνειν
591 4955 771 5019 αὐτοῖς
793 4956 886 5020 τὰς
915 4959 1210 5029 ὑπολήψεις
1234 4964 1330 5032 τήν
1356 4980 1414 5015 τε
1442 4965 1568 5034 περὶ
1594 4967 1685 5018 τοῦ
1721 4985 1814 5036 μο-

239 5045 495 5114 νογενοῦς
520 5046 675 5107 Θεοῦ,
706 5047 800 5100 καὶ
829 5049 925 5118 τὴν
948 5067 1012 5101 πε
1023 5051 1074 5120 pi
1101 5052 1198 5121 τῆς
1221 5053 1328 5104 τῶν
1360 5054 1640 5126 βατράχων
1672 5059 1816 5125 γενέ-

239 5155 403 5201 σεως.
450 5134 580 5190 Εἷτὰ
651 5157 816 5210 φησιν
868 5137 980 5195 ἴσον
1016 5143 1157 5196 κατὰ
1187 5144 1440 5215 ἀλήθειαν
1470 5150 1562 5202 καὶ
1588 5151 1812 5221 δύναμιν

238 5232 316 5298 τῷ
347 5231 641 5301 ἀγέννητον
675 5233 747 5303 μὴ
792 5227 951 5296 εἶναι,
983 5235 1043 5287 τὸ
1079 5237 1183 5308 πρὸ
1206 5239 1508 5308 γεννήσεως
1545 5243 1617 5312 μὴ
1650 5239 1808 5298 εἶναι.

238 5321 414 5374 Πάλιν
443 5324 470 5374 ὁ
517 5323 676 5386 αὐτὸς
711 5324 936 5394 ἁρμόσει
977 5328 1066 5380 καὶ
1114 5329 1251 5398 πρὸς
1292 5329 1449 5383 τοῦτό
1496 5350 1585 5401 μοι
1635 5333 1812 5408 λόγος,

232 5413 321 5466 ὅτι
362 5413 456 5466 καὶ
493 5414 586 5467 ἐπὶ
622 5415 779 5478 κυνὸς
823 5416 916 5468 καὶ
958 5417 1156 5489 ψύχης,
1193 5423 1283 5473 καὶ
1313 5422 1508 5490 ὅψεως,
1542 5426 1634 5478 καὶ
1663 5427 1810 5480 οὑτι-

238 5502 431 5555 νοσοῦν
459 5504 565 5557 τῶν
594 5508 853 5575 ἐσχάτων,
884 5509 945 5561 τὸ
973 5505 1086 5564 ἴσον
1117 5513 1284 5565 εἰπών
1317 5533 1398 5579 τις
1438 5517 1534 5586 οὐχ
1565 5518 1813 5588 ἁμαρτή-

241 5611 415 5649 σεται.
468 5598 724 5671 Ἑπείπερ
766 5597 882 5653 ἴσον
913 5603 1053 5658 κατὰ
1081 5604 1334 5677 ἀλήθειαν
1370 5610 1462 5663 καὶ
1485 5609 1712 5682 δύναμιν
1739 5611 1813 5682 τῷ

352 5779 396 5811 ³⁸
437 5777 668 5847 Philipp.
710 5797 768 5842 rt.
812 5783 863 5836 9.

528 5880 797 5939 Punct.
832 5881 948 5940 Gtt.
992 5881 1183 5942 XLV.

446 5969 473 6004 ὸ

1919 4626 2071 4666 suam
2103 4609 2548 4665 constitutionem
2599 4606 2896 4676 quidquam
2937 4612 3072 4659 erat.
3127 4603 3306 4671 Quare
3338 4603 3484 4674 quod

1920 4699 2220 4755 disserendi
2254 4698 2506 4761 artiﬁcio,
2543 4697 2598 4752 in
2629 4695 2766 4750 Filio
2795 4711 2918 4749 cum
2955 4696 3154 4751 sudore
3184 4705 3238 4750 et
3299 4695 3484 4749 labore

1920 4803 2163 4846 astruere
2197 4791 2409 4854 nititur,
2441 4790 2541 4844 hoc
2571 4791 2732 4842 etiam
2763 4788 2816 4842 in
2853 4789 3186 4857 quibuslibet
3217 4797 3482 4841 creaturae

1919 4885 2263 4956 portionibus
2301 4892 2428 4937 ante
2455 4897 2776 4937 concessum
2827 4890 2929 4941 est.
2983 4882 3293 4949 multusque
3331 4878 3486 4931 lahni-

1919 4986 2002 5033 est
2028 4977 2153 5032 huic
2185 4975 2562 5044 scriptitatori.
2599 4981 2658 5028 ut
2685 4973 2937 5028 ostendat
2983 4971 3182 5026 inﬁmis
3214 4972 3483 5024 creaturis

1920 5067 2256 5138 unigenitum
2301 5065 2469 5120 Deum
2519 5065 2914 5134 proprietatum
2969 5062 3350 5116 communione
3402 5077 3480 5113 at—

1919 5161 2130 5231 qualem
2165 5173 2309 5213 esse.
2361 5155 2723 5222 Quamobrem
2781 5154 3150 5208 certissimum
3202 5159 3286 5207 est
3341 5151 3483 5205 indi-

1918 5253 2083 5315 cium,
2116 5251 2180 5305 de
2215 5251 2446 5304 decretis
2487 5249 2635 5316 ipsos
2690 5245 2829 5300 male
2872 5245 3094 5307 sentire,
3149 5244 3290 5313 quod
3346 5243 3480 5312 ipsis

1915 5343 2114 5397 eadem
2144 5341 2428 5409 opiniones
2454 5337 2774 5390 accidantet
2801 5336 2868 5390 de
2895 5336 3175 5404 unigenito
3202 5335 3312 5389 Deo
3341 5344 3393 5388 et
3413 5334 3479 5386 de.

1916 5446 2171 5487 ranarum
2198 5427 2560 5500 generatione.
2589 5424 2792 5478 Deinde
2835 5426 2909 5478 ait
2949 5423 3089 5478 idem
3123 5440 3246 5480 esse
3285 5440 3480 5480 secun-

1915 5524 2043 5578 dum
2085 5523 2363 5576 veritatem
2410 5525 2463 5571 et
2502 5515 2797 5586 potentiam
2853 5516 3149 5584 ingenitum
3185 5532 3292 5571 non
3333 5531 3477 5576 esse,

1914 5624 1968 5670 et
1995 5621 2119 5669 ante
2149 5607 2549 5684 generationem
2579 5619 2689 5660 non
2718 5620 2860 5660 esse.
2897 5604 3112 5663 Rursus
3143 5608 3270 5661 huic
3312 5608 3476 5661 etiam

3068 5885 3147 5945 28
