4034 6482
633 351 738 407 875
1821 361 1878 416 S.
1917 362 2242 418 GREGORII
2280 362 2565 420 NYSSENI
3729 370 3811 426 875

631 471 819 526 eadem
855 471 1141 542 quadrahit
1175 475 1340 541 ratio,
1378 478 1518 548 quod
1554 479 1714 534 etiam
1749 482 1801 535 in
1834 498 1969 538 cane
2012 493 2066 539 et
2096 501 2190 556 pa-

2312 488 2578 556 ιγέννητον
2609 487 2684 555 μὴ
2713 481 2850 538 εἶναι
2879 487 2967 538 τὸν
2995 487 3150 552 κύνα,
3180 487 3240 539 τὸ
3271 489 3374 558 πρὸ
3413 489 3515 557 τῆς
3550 489 3815 557 γεννήσεως

633 563 836 631 pilione
872 571 925 616 et
958 572 1229 632 serpente,
1275 573 1328 622 ct
1358 566 1412 620 in
1441 571 1684 638 quolibet
1732 571 2038 627 inﬁmorum
2071 575 2188 628 ani-

2312 579 2452 631 ιύτὸν
2483 579 2555 649 μὴ
2589 574 2750 630 εἶναι.
2797 579 2857 631 Εἰ
2883 579 2937 631 δὲ
2967 579 3106 632 κατὰ
3135 580 3224 632 τὸν
3256 579 3529 649 διορισμὸν
3566 581 3744 639 αὐτῶν,
3767 584 3812 632 ὃν

630 653 876 713 malimn,
912 655 1052 707 idem
1086 656 1130 709 si
1165 657 1289 724 quis
1314 657 1532 722 dixerit,
1560 677 1664 715 non
1683 664 1906 723 errabit,
1939 667 2189 734 quando-

2312 670 2534 738 τολλαχῆ
2565 670 2900 740 διωρίσαντο,
2947 672 3046 722 ὅσα
3087 672 3333 722 κοινωνεῖ
3371 671 3480 722 τῶν
3530 670 3814 739 ἰδιωμάτων,

628 743 844 812 quidem
881 745 1020 799 idem
1054 758 1138 802 est
1167 750 1464 804 secundum
1497 754 1777 807 veritatem
1807 763 1859 807 et
1891 757 2184 824 potentiam

2312 765 2536 814 ιοινωνεῖ
2569 763 2662 815 καὶ
2689 763 2786 832 τῆς
2835 763 3045 830 φύσεως
3084 779 3098 791 ·
3152 763 3280 815 ἴδιον
3326 763 3414 816 καὶ
3441 763 3535 814 τοῦ
3570 764 3716 824 κυνὸς
3747 770 3817 816 καὶ

629 850 750 889 cum
791 851 856 889 eo
885 839 1028 906 quod
1055 847 1138 892 est
1161 855 1348 896 canem
1380 859 1485 896 non
1518 845 1812 913 ingenitum
1847 861 1987 906 esse,
2011 847 2187 916 ipsum

2312 850 2398 903 τῶν
2446 850 2565 904 καθ’
2611 852 2834 904 ἕκαστον
2881 852 2942 903 τὸ
2984 851 3087 920 πρὸ
3137 851 3228 903 τοῦ
3271 851 3519 919 γενέσθαι
3573 853 3643 920 μὴ
3687 849 3816 904 εἶναι·

630 941 738 980 non
769 943 890 981 esse
921 937 1046 984 ante
1103 931 1524 999 generationem.
1581 933 1734 998 Quod
1802 936 1846 989 si
1887 937 2185 990 secundum

2312 938 2432 1007 ὅπερ
2468 937 2560 989 καὶ
2590 936 2681 990 ἐπὶ
2714 935 2805 990 τοῦ
2845 941 2972 993 Υίοῦ
3002 943 3422 1006 κατασκευάζειν
3448 942 3615 996 οίεται
3635 946 3815 1013 χρῆναι·

631 1017 872 1086 ipsorum
904 1018 1294 1082 deﬁnitionem,
1327 1038 1490 1090 quam
1532 1024 1720 1078 multis
1757 1024 1809 1077 in
1853 1025 1985 1079 locis
2013 1026 2189 1080 deter-

2312 1031 2352 1083 ςὸ
2381 1031 2696 1101 λειπόμενον
2741 1031 2838 1102 τῆς
2885 1033 3226 1102 κατασκευῆς
3259 1034 3287 1084 ὁ
3317 1035 3589 1104 ἀκροατὴς
3637 1036 3819 1098 πάντως

633 1105 929 1170 minarum,
974 1123 1308 1178 quaecunque
1360 1113 1752 1180 proprielatum
1788 1113 1990 1167 habent
2041 1130 2187 1167 eom-

2312 1141 2356 1174 ;κ
2380 1123 2474 1176 τοῦ
2503 1123 2790 1177 ἀκολούθου
2825 1123 3135 1193 κατόψεται.

636 1201 974 1263 munionem,
1032 1202 1192 1256 etiam
1226 1212 1432 1256 natura:
1465 1207 1901 1259 cou'nnunioncm
1965 1208 2182 1270 habent.
2225 1218 2503 1284 preprium
2546 1219 2707 1271 etiam
2737 1219 2889 1272 canis
2923 1227 2978 1272 et
3043 1218 3380 1288 singulorum
3453 1219 3675 1273 aliorum
3719 1233 3819 1276 ante

636 1294 1035 1362 generationem
1073 1310 1181 1349 non
1206 1311 1362 1350 esse:
1397 1297 1540 1366 quod
1571 1299 1730 1350 etiam
1772 1299 1825 1351 in
1868 1298 2004 1354 Filio
2073 1307 2427 1360 astruendurn
2493 1325 2613 1364 esse
2683 1313 3018 1366 arbitratur:
3048 1313 3317 1382 reliquum
3371 1316 3817 1383 argumentationis

637 1385 853 1439 auditor
886 1387 1042 1454 plane
1075 1399 1140 1438 ex
1171 1388 1557 1455 consequentia
1585 1388 1912 1456 conspiciet.

711 1479 813 1532 Sed
846 1481 1016 1548 magis
1066 1479 1339 1534 moderate
1372 1481 1631 1549 loquitur,
1687 1483 2043 1538 humanitatis
2086 1485 2187 1536 ali-

635 1571 767 1640 quid
795 1571 845 1625 ei
888 1572 1155 1635 tribuens,
1202 1582 1254 1624 et
1289 1574 1401 1627 ait:
1437 1572 1559 1627 Non
1601 1574 1769 1628 solum
1813 1585 1978 1628 entem
2014 1585 2063 1629 et
2097 1594 2190 1629 su—

635 1679 726 1730 per
772 1663 948 1715 omnia
976 1664 1118 1717 entia
1172 1661 1372 1717 Filium
1430 1680 1542 1718 esse
1594 1666 1816 1719 dicimus
1849 1683 1867 1718 :
1903 1669 1992 1735 qui
2033 1669 2193 1736 paulo

2312 1672 2480 1724 udror
2510 1672 2651 1724 ὄντα
2679 1673 2772 1725 καί
2802 1672 2952 1740 ὑπὲρ
2985 1672 3179 1726 πάντα
3208 1675 3278 1728 τὰ
3310 1674 3456 1727 ὄντα
3482 1675 3670 1742 φαμὲν
3692 1672 3813 1730 εἶναι

638 1760 795 1807 antea
831 1755 1007 1822 ipsum
1041 1754 1109 1806 ab
1141 1755 1283 1808 entis
1315 1757 1531 1810 nomine
1552 1755 1815 1826 disjungit
1842 1775 1856 1811 :
1882 1760 1974 1812 sed
2004 1767 2051 1811 et
2089 1757 2196 1811 Do-

2312 1760 2404 1814 rdr
2439 1765 2593 1816 Υίόν’
2646 1762 2675 1813 ὁ
2730 1758 2920 1829 μικρὸν
2979 1767 3036 1816 ἐν
3059 1767 3172 1828 τοῖς
3199 1766 3426 1818 κατόπιν
3459 1765 3556 1835 τῆς
3586 1766 3673 1818 τοῦ
3696 1768 3815 1829 δντος

639 1845 837 1896 minam
871 1846 1074 1912 ipsum,
1105 1845 1312 1912 inquit,
1353 1856 1403 1898 et
1445 1846 1678 1914 opiﬁcem
1721 1857 1768 1898 et
1813 1845 1976 1899 Deum
2026 1849 2191 1901 omnis

2312 1853 2603 1921 ιπωνυμίας
2627 1852 2786 1905 αὐτὸν
2809 1853 3192 1924 ἁποσχοινίζων
3217 1869 3230 1884 ο
3284 1851 3447 1908 ἀλλὰ
3499 1850 3595 1904 καὶ
3637 1857 3818 1922 Κύριον

639 1932 900 1985 sensibilis
953 1944 1002 1986 et
1055 1933 1402 2003 intelligibilis
1447 1935 1690 1988 essentia:
1725 1936 1968 1988 dicimus.
2023 1935 2194 2001 Quam

2312 1942 2504 2004 αὑτὸν,
2576 1938 2728 2010 φησὶ,
2768 1939 2862 1993 καί
2898 1939 3255 2008 dmum;er
3335 1942 3433 1995 καὶ
3477 1943 3620 1996 Θεὸν
3650 1944 3814 2008 πάσης

641 2026 769 2092 quid
794 2040 914 2079 esse
941 2025 1218 2078 autumat?
1243 2026 1488 2079 Creatam
1513 2042 1633 2080 esse
1661 2028 1739 2079 vel
1767 2029 2062 2080 increatam
2085 2029 2108 2080 ?
2141 2026 2199 2081 Si

2312 2030 2587 2099 αἰσθητῆς
2613 2046 2677 2082 τε
2706 2030 2801 2082 καί
2822 2028 3044 2097 νοητῆς
3106 2030 3323 2096 οὐσίας
3354 2031 3628 2101 λέγομεν.
3671 2036 3755 2086 Ἢν
3778 2034 3816 2086 τί

578 2108 582 2112 ’
641 2118 784 2170 enim
836 2118 1014 2170 omnis
1069 2117 1422 2185 intelligibilis
1482 2121 1731 2172 essentia:
1791 2118 2078 2172 Dominum
2148 2129 2202 2173 et

2312 2123 2506 2184 >ῐεταις
2561 2122 2799 2190 Κτιστὴν
2836 2116 2996 2180 εἶναι,
3030 2119 3063 2189 ἢ
3108 2119 3389 2182 dictis-rev;
3445 2120 3506 2172 Ei
3545 2124 3645 2192 γὰρ
3676 2125 3816 2190 πάσης

644 2207 808 2262 Deum
837 2215 890 2260 et
928 2208 1172 2277 opiﬁcem
1212 2225 1332 2264 esse
1359 2208 1538 2263 Jesnm
1589 2211 1878 2264 conﬁtetur
1905 2251 1918 2273 ,
1975 2225 2198 2265 necesse

2312 2212 2494 2282 νοητῆς
2525 2213 2706 2273 οὐσίας
2743 2211 2992 2280 ὁμολογεῖ
3034 2211 3234 2281 Κύριον
3275 2212 3366 2262 καὶ
3406 2211 3540 2262 Θεὸν
3572 2215 3658 2264 καὶ
3689 2214 3816 2280 δημιο

643 2308 726 2354 est
765 2302 986 2354 omnino
1039 2302 1082 2355 si
1138 2302 1277 2355 hanc
1323 2302 1455 2356 dicit
1493 2319 1613 2356 esse
1673 2304 1989 2367 incrcatam,
2026 2304 2199 2373 ipsum

2312 2304 2492 2373 ουργὸν
2515 2298 2648 2354 εἶναι
2674 2303 2761 2354 τὸν
2802 2301 3032 2372 Ἰησοῦν·
3066 2303 3276 2370 ἀνάγκη
3304 2303 3476 2363 πᾶσα,
3504 2304 3551 2354 εί
3584 2304 3675 2372 μὲν
3702 2304 3819 2356 ἄκτι-

645 2393 882 2448 mentiri.
910 2394 1002 2462 qui
1032 2401 1241 2448 naturae
1264 2394 1516 2448 increataa
1541 2395 1816 2464 opiﬁcium
1857 2393 1995 2447 Filio
2045 2396 2201 2447 attri-

2312 2411 2426 2446 στον
2477 2387 2613 2445 εἶναι
2658 2393 2802 2458 λέγει
2851 2392 3072 2462 ταύτην,
3116 2392 3404 2460 ψεύδεσθαι
3456 2393 3558 2460 τῆς
3606 2394 3818 2445 ἀκτίστου

647 2485 782 2538 huit.
815 2484 967 2550 Quod
993 2486 1036 2540 si
1066 2495 1300 2540 creatam
1335 2486 1528 2547 credit,
1561 2486 1699 2540 idem
1736 2489 1816 2540 sui
1848 2488 2018 2555 ipsius
2049 2502 2200 2540 crea-

2312 2483 2514 2551 ρύσεως
2541 2485 2636 2553 τὴν
2663 2484 3016 2555 δημιουργίαν
3060 2484 3135 2554 τῷ
3166 2485 3278 2553 Υἱῷ
3311 2465 3818 2555 προσμαρτυροῦντα.

645 2584 817 2630 torem
853 2592 976 2630 esse
1017 2579 1312 2645 praestruit.
1349 2578 1459 2634 Nisi
1508 2579 1650 2631 enim
1691 2594 1786 2647 per
1818 2578 1868 2631 id
1922 2577 2066 2647 quod
2110 2593 2204 2644 per

2312 2576 2365 2627 Ei
2396 2575 2451 2627 δέ
2498 2576 2716 2645 κτιστὴν
2758 2575 3020 2637 πιστεύοι,
3067 2576 3155 2628 τὸν
3200 2577 3360 2628 αὑτὸν
3406 2575 3598 2630 ἑαυτοῦ
3642 2578 3820 2645 κτίστην

647 2682 704 2720 se
733 2675 972 2722 creatum
1002 2676 1108 2728 est,
1141 2677 1194 2721 et
1226 2670 1292 2722 ab
1339 2669 1668 2738 intelligibili
1707 2671 1944 2724 essentia
1990 2669 2202 2722 abstra-

2312 2662 2441 2718 εἶναι
2467 2666 2874 2728 κατασκευάζει.
2925 2667 2986 2718 Ei
3025 2665 3129 2735 γὰρ
3161 2666 3232 2735 μὴ
3265 2665 3341 2736 τῷ
3373 2667 3498 2721 καθ’
3527 2667 3706 2719 ἑαυτὸν
3728 2684 3818 2719 κτι-

648 2759 889 2820 heretur,
921 2759 1054 2811 nihil
1087 2760 1319 2828 amplius
1347 2760 1490 2828 quod
1530 2759 1700 2827 possit
1735 2775 1858 2813 eum
1885 2759 2202 2813 discernere

2312 2757 2413 2827 στῷ
2463 2758 2560 2828 τῆς
2591 2758 2783 2827 νοητῆς
2809 2757 2991 2820 οὐσίας
3017 2757 3341 2827 ἀφορίζοιτο,
3375 2759 3530 2812 οὐδὲν
3559 2760 3635 2812 ἔτι
3660 2759 3712 2810 τὸ
3736 2759 3820 2810 δια-

646 2850 999 2918 relinquetnr,
1031 2851 1156 2918 quia
1195 2858 1249 2904 et
1303 2852 1576 2906 sensibilis
1603 2859 1849 2905 creatura
1904 2859 1958 2903 et
1989 2851 2194 2905 intelli-

2312 2855 2484 2918 κρῖνον
2507 2849 2976 2918 ὑπολειφθήσεται,
3007 2851 3102 2919 τῆς
3137 2867 3193 2902 τε
3228 2850 3494 2920 αἰσθητῆς
3518 2851 3728 2911 κτίσεως
3753 2850 3822 2902 καὶ

647 2956 778 3010 gens
804 2942 1038 2996 essentia
1073 2943 1344 2996 communi
1375 2944 1570 2996 rnenlis
1615 2943 1833 2996 notione
1883 2943 2201 3012 concipere-

2312 2941 2404 3008 τῆς
2429 2943 2618 3010 νοερᾶς
2642 2941 2828 3004 οὐσίας
2858 2941 3126 2994 ἐπικοίνου
3157 2942 3474 3011 νοουμένης.
3508 2937 3645 2994 Ἀλλ’
3668 2941 3820 3007 ἐπάγει

648 3042 755 3084 tur.
788 3031 892 3086 Sed
935 3033 1018 3086 his
1054 3033 1356 3102 subjungit,
1388 3033 1533 3103 quod
1566 3035 1618 3087 in
1656 3050 1834 3094 reran
1869 3035 2144 3088 creatione
2175 3049 2204 3086 a

2312 3033 2536 3095 τούτοις,
2567 3034 2646 3085 ὅτι
2679 3035 2736 3085 ἐν
2757 3035 2820 3103 τῇ
2851 3033 2958 3085 τῶν
2984 3033 3149 3085 ὄντων
3172 3034 3343 3086 κτίσει
3367 3033 3520 3102 παρὰ
3542 3033 3631 3086 τοῦ
3652 3032 3823 3101 Πατρὺς

647 3123 809 3193 Patre
845 3125 1166 3180 demandata
1199 3133 1281 3180 est
1303 3127 1351 3180 ei
1384 3126 1625 3179 omnium
1653 3127 1947 3181 visibilium
1979 3134 2032 3181 et
2072 3127 2208 3180 invi-

2312 3124 2694 3198 ἐπιτέτραπται
2732 3125 2830 3195 τὴν
2860 3123 2968 3175 τῶν
2999 3124 3248 3176 ἁπάντων
3274 3124 3486 3192 ὁρατῶν
3516 3141 3574 3176 τε
3599 3124 3684 3176 καὶ
3701 3124 3823 3192 ἀορά-

651 3215 888 3270 sibilium
919 3214 1152 3278 eﬂ'ectio,
1181 3223 1234 3270 et
1297 3230 1482 3270 eorum
1517 3232 1635 3286 qua:
1687 3216 1825 3271 facta
1859 3225 1987 3270 sunt
2023 3215 2206 3285 provi-

2312 3231 2417 3268 των
2443 3216 2818 3287 δημιουργίαν,
2855 3215 2947 3269 καὶ
2979 3213 3084 3267 τῶν
3119 3214 3420 3283 γενομένων
3452 3214 3550 3284 τὴν
3592 3214 3823 3284 πρόνοιαν,

651 3306 856 3366 dentia.
898 3322 1020 3360 cum
1063 3305 1293 3360 suﬁiciat
1322 3307 1369 3361 ei
1417 3307 1705 3362 distributa
1741 3307 1976 3374 potentia
2017 3307 2084 3361 ad
2119 3322 2210 3361 eo-

2312 3305 2582 3375 ἀρκούσης
2627 3305 2773 3374 αὐτῷ
2819 3305 2920 3372 τῆς
2958 3302 3158 3356 ἄνωθεν
3205 3304 3677 3374 ἁποκληρωθείσης
3704 3303 3826 3355 δυνά·

652 3411 773 3450 rum
808 3411 930 3449 cum
959 3405 1087 3450 sunt
1113 3395 1372 3464 producta
1400 3398 1774 3466 generationes
1801 3417 1813 3450 :
1843 3397 1954 3451 haec
1992 3399 2208 3467 quidem

2315 3413 2457 3465 μεως
2519 3395 2650 3464 πρὸς
2719 3395 2814 3457 τὰς
2881 3394 3118 3461 γενέσεις
3184 3394 3291 3446 τῶν
3343 3394 3822 3464 δημιουργηθέντων.

655 3487 978 3557 scriptorum
1011 3488 1291 3556 congeries
1321 3489 1522 3542 cursim
1556 3489 1701 3558 cogit
1728 3503 2068 3558 percurrere.
2103 3488 2210 3543 Sed

2312 3486 2494 3540 Ταῦτα
2524 3485 2760 3554 βιάζεται
2808 3485 2902 3554 μὲν
2935 3486 2996 3536 τὺ
3025 3485 3223 3555 πλῆθος
3253 3485 3359 3536 τῶν
3383 3485 3762 3555 γεγραμμένων
3784 3484 3826 3535 ἐν

2379 1487 2532 1540 Ἀλλὰ
2570 1490 2703 1558 πρὸς
2753 1490 2813 1544 τὸ
2860 1491 3217 1562 μετριώτερον
3261 1493 3485 1562 μετάγει
3533 1496 3621 1548 τὸν
3673 1496 3814 1564 λόγον,

2296 1578 2474 1648 νέμων
2502 1597 2553 1631 τι
2583 1583 2674 1633 καὶ
2705 1581 3104 1652 φιλανθρωπίας
3141 1583 3305 1654 αὐτῷ,
3363 1583 3458 1636 καὶ
3522 1587 3676 1654 φησίν
3699 1605 3712 1620 ο
3751 1592 3815 1640 Οὐ

657 3579 873 3633 interim
904 3595 1205 3634 sermonem
1238 3580 1444 3635 detinet
1472 3581 1830 3649 blasphemia,
1859 3581 2088 3635 densum
2122 3599 2214 3636 no-

657 3671 863 3725 tionum
898 3671 1040 3724 velut
1077 3686 1337 3724 venenum
1366 3671 1722 3739 iaculantium
1765 3686 2053 3740 vesparum
2116 3689 2212 3725 ex-

669 3776 826 3814 amen
858 3761 1240 3829 complectens.
1273 3761 1574 3816 Commissa
1607 3769 1690 3816 est
1720 3761 1790 3824 ei,
1824 3761 2019 3828 inquit,
2047 3776 2076 3814 a
2111 3760 2214 3814 Pa-

657 3862 740 3908 tre
782 3869 958 3908 rerum
995 3854 1217 3908 ereatio.
1246 3853 1398 3918 Quod
1450 3855 1492 3907 si
1526 3854 1592 3907 de
1623 3854 1804 3923 aliquo
1850 3855 2077 3914 artiﬁce.
2119 3855 2213 3922 qui

659 3945 773 4000 suis
801 3945 1050 3998 manibus
1079 3959 1215 4013 Optls
1260 3944 1498 4006 conﬁcit,
1548 3960 1728 4000 sermo
1783 3946 2100 4009 haberetur,
2147 3947 2212 3999 ad

659 4046 890 4092 tuentem
939 4038 1296 4092 condncentis
1344 4039 1618 4106 Opilicium
1666 4045 1954 4096 tractante.
2007 4054 2074 4090 an
2111 4053 2216 4089 non

661 4130 849 4184 iisdem
907 4130 1085 4183 verbis
1127 4145 1256 4182 usus
1287 4129 1471 4184 esset?
1506 4128 1711 4182 Etenim
1747 4130 1812 4183 de
1843 4129 2117 4183 Beselcele
2169 4127 2215 4158 “

662 4223 800 4278 idem
836 4221 1075 4275 dicentes
1108 4237 1212 4276 non
1237 4223 1637 4283 aherraremus,
1671 4222 1798 4290 quia
1827 4238 1854 4273 a
1895 4221 2040 4274 Mose
2071 4237 2216 4273 com-

2315 3576 2558 3645 συντόμῳ
2583 3576 2954 3644 παραδραμεῖν
2975 3593 2989 3606 ·
3036 3576 3400 3645 παρακατέχει
3435 3576 3490 3628 δέ
3523 3594 3634 3640 πως
3665 3577 3694 3646 ἡ
3733 3575 3828 3645 βλα-

2318 3667 2527 3734 σφημία
2557 3664 2646 3717 τὸν
2669 3665 2842 3730 λόγον,
2873 3665 3036 3719 πολὺν
3066 3665 3228 3735 ἐσμὸν
3260 3666 3546 3734 νοημάτων
3573 3667 3675 3721 οἷόν
3704 3682 3827 3719 τινων

2319 3753 2533 3805 ἰοϐόλων
2561 3752 2783 3822 σφηκῶν
2811 3753 3151 3823 περιέχουσα.
3187 3755 3522 3827 Ἐπετράπη,
3552 3759 3692 3826 φησὶ,
3715 3754 3828 3823 παρὰ

2316 3847 2406 3898 τοῦ
2445 3847 2651 3916 Πατρὸς
2681 3845 2776 3914 τὴν
2803 3845 3173 3915 δημιουργίαν.
3207 3847 3266 3898 Ei
3299 3845 3356 3898 δὲ
3386 3850 3516 3917 περὶ
3542 3847 3830 3918 χειροτέχνου

2317 3938 2456 4000 τινὸς
2489 3941 2516 3990 ὁ
2542 3938 2694 4004 λόγος
2720 3937 2942 4004 ἐγίνετο,
2979 3938 3114 3989 κατὰ
3138 3937 3359 4008 γνώμην
3389 3939 3482 3991 τοῦ
3521 3938 3829 4010 μισθουμένου

2323 4029 2825 4100 μεταχειριζομένου
2856 4029 2952 4098 τὴν
2997 4029 3278 4099 ἐργασίαν,
3311 4025 3398 4099 ἄρ’
3423 4031 3524 4082 οὐκ
3554 4031 3616 4082 ἂν
3641 4032 3736 4090 τοῖς
3759 4027 3831 4078 σὺν

2319 4125 2427 4183 τοῖς
2454 4121 2719 4190 ἐχρήσατο
2740 4119 2946 4186 λόγοις;
2997 4121 3104 4171 Καὶ
3132 4120 3238 4190 γὰρ
3264 4121 3392 4190 περὶ
3421 4121 3514 4174 τοῦ
3542 4119 3768 4172 Βεσελεέλ
3790 4117 3832 4166 τὸ

2317 4210 2432 4265 ἶσον
2457 4212 2551 4281 οὑχ
2581 4211 2961 4281 ἁμαρτάνομεν
2984 4210 3247 4276 λέγοντες,
3276 4211 3355 4263 ὅτι
3386 4213 3697 4280 ἐπιτραπεὶς
3716 4208 3832 4277 παρὰ

664 4317 862 4368 missus
894 4314 959 4366 ad
1013 4313 1346 4367 tabernaculi
1409 4313 1841 4378 fabricationem,
1908 4312 2086 4382 opifex
2126 4328 2214 4364 co-

2324 4305 2415 4356 τοῦ
2446 4302 2720 4364 Μωῡσέως
2746 4301 2842 4370 τὴν
2876 4301 3243 4370 σκηνοποιῖαν,
3272 4299 3596 4372 δημιουργὸς
3618 4301 3713 4353 τῶν
3741 4299 3830 4351 ἐκεῖ

664 4421 781 4458 rum
811 4403 1060 4472 (praeillic
1084 4413 1503 4458 commemorata
1547 4412 1695 4464 sunt,
1757 4401 1931 4456 factus
1966 4410 2085 4466 est;
2124 4401 2214 4471 qui

2326 4393 2799 4464 μνημονευθέντων
2845 4391 3056 4459 ἐγένετο
3085 4407 3096 4418 ·
3146 4391 3245 4442 οὐκ
3289 4391 3355 4443 ἂν
3401 4393 3492 4443 ἐπὶ
3538 4393 3632 4461 τὴν
3678 4389 3834 4460 πρᾶξιν

664 4495 728 4547 ad
759 4495 940 4561 oneris
972 4495 1364 4550 coniectionem
1399 4510 1502 4547 non
1535 4496 1738 4548 venerit
1766 4496 1870 4547 nisi
1919 4494 2071 4562 prius
2111 4497 2214 4560 ple-

2322 4485 2509 4546 ἐλθὼν,
2549 4485 2621 4553 μὴ
2653 4483 2910 4554 πρότερον
2945 4483 3062 4553 θείᾳ
3095 4501 3151 4535 τε
3182 4484 3406 4554 δυνάμει
3434 4485 3531 4554 τὴν
3574 4483 3832 4550 ἐπιστήμην

663 4599 786 4637 nam
821 4584 998 4637 omnis
1034 4584 1229 4651 opiﬁcii
1275 4585 1518 4652 peritiam
1558 4585 1740 4638 divino
1761 4583 1938 4637 alilatu
1965 4583 2214 4651 adeptus,

2332 4577 2669 4647 κτησάμενος
2689 4616 2701 4638 ,
2737 4577 2829 4628 καὶ
2856 4578 2922 4645 τῇ
2942 4575 3032 4627 τοῦ
3066 4576 3340 4638 Μωῦσέως
3367 4577 3628 4644 ἐπιτροπῇ
3659 4573 3744 4641 τῆς
3767 4572 3832 4622 ἑν-

657 4684 720 4730 et
763 4674 928 4728 Mosis
977 4674 1232 4728 mandato
1289 4691 1424 4744 opus
1479 4691 1767 4745 aggressus
1820 4685 1984 4730 esset.
2055 4673 2214 4742 Igitur

2324 4668 2540 4738 εργείας
2569 4666 3001 4735 κατατολμήσας.
3044 4666 3248 4718 Οὐκοῦν
3280 4667 3311 4735 ἡ
3341 4665 3435 4718 τοῦ
3470 4661 3832 4729 ἐπιτετράφθαι

658 4766 885 4820 verbum
913 4807 925 4822 .
955 4767 1291 4819 commissum
1336 4783 1474 4833 esse,
1507 4768 1853 4822 adventitiam
1915 4769 1961 4820 ei
2023 4767 2215 4819 factam

651 4857 834 4912 'l’nissc
866 4858 976 4910 vim
1009 4865 1062 4911 et
1093 4864 1414 4927 potestatem
1449 4860 1709 4927 Operandi
1740 4861 2078 4913 demonstrat
2108 4879 2119 4912 :
2159 4866 2218 4911 ut

643 4951 980 5020 rpriusquam
1015 4949 1370 5004 commissum
1400 4961 1544 5004 esset
1567 4952 1863 5020 opiﬁcium,
1900 4968 2072 5019 neque
2120 4966 2215 5002 an-

668 5043 846 5102 deret,
891 5057 1064 5110 neque
1090 5050 1303 5110 posset;
1359 5053 1642 5111 postquam
1700 5058 1826 5096 vero
1873 5059 2095 5110 cperunt
2140 5043 2219 5094 fa-

662 5131 979 5187 ciendorum
1032 5141 1354 5200 potestatem
1399 5135 1628 5201 accepit.
1660 5144 1709 5187 et
1766 5133 2114 5186 snﬁicientem
2151 5133 2217 5186 ad

663 5235 828 5288 Opera
861 5223 1137 5277 eﬁicienda
1175 5225 1468 5294 potentiam
1495 5268 1512 5283 ,
1546 5233 1673 5277 tunc
1701 5240 1829 5277 vero
1855 5240 2042 5276 eorum
2103 5239 2221 5292 quae

664 5323 792 5368 sum
818 5314 996 5383 opifex
1036 5325 1090 5368 et
1145 5315 1398 5372 conditor
1449 5316 1629 5370 factus
1663 5329 1778 5378 eSt;
1835 5331 1956 5368 cum
1987 5315 2033 5367 ei
2082 5313 2222 5368 suﬁi-

666 5411 796 5469 elat,
824 5406 966 5460 sicut
997 5407 1234 5475 loquitur
1263 5407 1578 5470 Etmomius,
1619 5422 1852 5476 superne
1897 5406 2219 5459 demandata

667 5504 928 5565 potestas.
962 5498 1042 5550 An
1074 5512 1179 5550 non
1220 5497 1518 5552 secundum
1572 5497 2074 5552 determinationem
2127 5511 2218 5565 ge-

667 5588 1062 5642 nethliacorum
1103 5603 1436 5654 sermonum,
1480 5589 1600 5645 Filii
1642 5603 1856 5660 quoque
1909 5587 2215 5658 generatio-

741 5767 785 5800 ³⁸
806 5766 974 5823 Exod.
998 5786 1144 5834 xui,
1169 5774 1202 5824 2
1235 5788 1352 5843 sqq.

2323 4760 2464 4824 λέξις
2495 4759 2782 4828 ἐπίκτητον
2825 4756 2971 4825 αὐτῷ
3015 4756 3334 4825 γεγενῆσθαι
3366 4756 3459 4826 τὴν
3488 4749 3830 4823 δημιουργικὴν

2323 4853 2649 4906 ἐνδείκνυται
2677 4849 2900 4919 δύναμίν
2930 4866 2988 4900 τε
3033 4849 3126 4900 καὶ
3168 4848 3416 4910 ἐξουσίαν
3439 4865 3452 4879 ·
3497 4848 3571 4910 ὼς
3606 4846 3719 4915 πρὶν
3742 4843 3830 4893 ἐπι·

2323 4944 2592 5013 τραπῆναι
2625 4943 2758 5010 μήτε
2791 4938 3108 5009 θαρσοῦντα.
3145 4941 3276 5009 μήτε
3307 4939 3597 5007 δυνάμενον
3622 4955 3636 4968 ο
3671 4929 3828 4986 ἐπεὶὸὲ

2324 5038 2422 5108 τὴν
2453 5038 2558 5088 τῶν
2591 5036 2763 5105 ἔργων
2793 5033 3033 5098 ἐξουσίαν
3072 5033 3246 5095 ἔλαϐε,
3278 5033 3370 5084 καὶ
3401 5031 3710 5100 ἀποχρῶσαν
3730 5025 3829 5094 πρὸς

2324 5128 2390 5180 τὰ
2423 5127 2555 5197 ἔργα
2588 5128 2684 5195 τὴν
2730 5126 2975 5194 δύναμιν,
3009 5123 3149 5176 οὕτω
3191 5122 3511 5191 γεγενῆσθαι
3553 5114 3828 5190 δημιουργὸν

2323 5220 2430 5272 τῶν
2482 5219 2666 5274 ὄντων.
2709 5217 3004 5288 Ἀρκούσης
3045 5215 3208 5284 αὐτῷ,
3247 5214 3426 5277 καθώς
3465 5231 3622 5282 φησιν
3646 5213 3672 5262 ὁ
3703 5206 3827 5261 Εὐνό-

2327 5329 2445 5382 μιος
2492 5312 2590 5380 τῆς
2630 5309 2833 5362 ἄνωθεν
2885 5307 3360 5376 ἁποκληρωθείσης
3391 5305 3678 5372 δυνάμεως.
3719 5298 3826 5365 *Αρι

2325 5403 2397 5472 μὴ
2419 5402 2558 5454 κατά
2585 5418 2704 5452 τινα
2747 5399 3024 5469 τερατείαν
3055 5397 3159 5449 τῶν
3188 5394 3543 5464 γενεθλιακῶν
3569 5393 3741 5459 λόγων.
3759 5385 3824 5437 καὶ

2324 5495 2379 5546 ἐν
2408 5491 2711 5562 εἱμαρμένῃ
2761 5491 2865 5542 τινὶ
2905 5488 2998 5541 τοῦ
3047 5487 3176 5540 Υίοῦ
3221 5488 3318 5557 τὴν
3357 5487 3599 5557 γέννησιν
3641 5482 3823 5534 τίθεται,

2324 5584 2570 5652 καθάπερ
2604 5583 2762 5651 φασὶν
2807 5585 2854 5634 οἱ
2900 5581 2995 5651 τὴν
3031 5579 3258 5649 ματαίαν
3287 5580 3486 5648 ταύτην
3516 5571 3824 5647 ἐξησκηκότις
