4034 6472
263 343 372 402 87"!

1347 349 1624 408 CONTRA
1657 351 2046 416 EUNOMIUM,
2093 349 2220 404 LIB.
2267 355 2368 410 XI.

3399 339 3506 396 878

263 458 499 528 ἀπάτην,
541 457 680 514 κατὰ
713 458 810 524 τὰς
843 459 1002 524 ποιὰς
1037 461 1142 514 τῶν
1178 459 1423 535 ἀστέρων
1455 465 1748 530 ἐπιπλοκὰς
1783 483 1840 518 τε

1950 481 2066 520 nem
2097 465 2208 518 fato
2240 465 2474 534 quodam
2509 463 2778 518 subditam
2807 477 2927 516 esse
2957 457 3236 529 supponit.
3267 465 3324 510 ut
3359 456 3512 510 aiunt

263 551 360 604 καὶ
389 549 735 614 ἀποστάσεις,
767 551 864 614 τὰς
892 552 1306 624 ἁποκληρὼσεις
1331 556 1437 608 τῶν
1471 555 1597 625 βίων
1621 560 1734 620 τοῖς
1764 575 1842 608 τι-

263 642 546 712 κτομένοις
581 643 914 712 συμϐαίνειν,
969 646 1069 713 τῆς
1112 647 1316 700 ἄνωθεν
1349 649 1522 718 εἱρμῴ
1549 667 1652 702 τινι
1682 667 1842 722 φερο-

265 731 432 802 μένης
457 733 736 800 δινήσεως,
765 734 862 796 τὰς
890 736 1016 803 περί
1040 753 1092 787 τι
1121 736 1374 807 δυνάμεις
1401 742 1522 802 τοῖς,
1543 741 1842 810 γινομένοις

265 821 710 892 ὲπικλωθούσης·
745 824 888 893 τάχα
925 843 974 877 τι
1005 826 1242 882 τοιοῦτον
1283 831 1312 882 ὀ
1348 831 1509 900 σοφὸς
1542 835 1710 884 ἐννοεῑ
1749 833 1842 886 καί

265 930 424 982 φησι,
465 913 542 983 τῷ
576 913 828 984 ὑπεράνω
861 917 1040 988 πάσης
1083 919 1276 992 ἀρχῆς,
1327 924 1421 976 καί
1449 925 1713 988 ἐξουσίας,
1749 925 1841 976 καὶ

265 1005 602 1074 κυριότητος,
639 1006 746 1059 καὶ
779 1009 979 1068 παντὸς
1030 1011 1288 1080 ὀνόματος
1328 1013 1744 1085 ὀνομαζομένου,
1781 1017 1840 1068 ού

181 1107 198 1134 ι’
269 1096 432 1166 μόνον
475 1100 531 1150 ὲν
563 1097 640 1168 τῷ
671 1099 824 1153 αἰῶνι
855 1101 1048 1172 τούτῳ,
1088 1104 1222 1157 ἀλλὰ
1252 1106 1345 1158 καὶ
1377 1108 1435 1158 ὲν
1463 1107 1540 1176 τῷ
1575 1108 1840 1177 μέλλοντι,

265 1188 519 1260 καθάπερ
561 1192 619 1243 ἐν
658 1191 854 1256 κοίλοις
887 1197 997 1247 τισῖ¹
1028 1195 1406 1268 καθειργμένῳ
1434 1198 1670 1268 χωρίοις,
1698 1199 1840 1252 ἄνω-

267 1277 362 1333 Θεν
391 1281 879 1354 ἀποκεκληρῶσοαι
920 1285 1430 1358 διαμεμετρημένην
1459 1290 1592 1361 πρὸς
1619 1290 1715 1360 τὴν
1747 1307 1843 1342 πο-

269 1371 466 1440 σάτητα
491 1372 598 1428 τῶν
625 1375 922 1444 γινομένων
949 1379 1046 1448 τὴν
1077 1379 1302 1448 δύναμιν
1325 1398 1338 1446 ;
1371 1381 1842 1452 Παραδραμοῦμαι

267 1464 364 1514 καὶ
399 1463 586 1517 τοῦτον
617 1465 705 1518 διὰ
751 1469 1042 1538 συντομίας
1085 1471 1175 1524 τὸν
1218 1471 1395 1540 λόγον,
1440 1472 1500 1536 ἐξ
1527 1473 1712 1544 ὀλίγης
1743 1473 1843 1542 τῆς

265 1553 378 1606 τῶν
423 1553 812 1618 ὲξετασθέντων
845 1560 1016 1629 ἀρχῆς
1063 1561 1350 1632 σπέρματα
1383 1563 1519 1634 πρὸς
1555 1563 1652 1633 τὴν
1678 1581 1840 1616 κατα-

267 1643 453 1715 νόησιν
477 1646 575 1716 τῆς
603 1646 948 1720 βλασφημίας
978 1653 1089 1714 τοῖς
1119 1651 1500 1722 συνετωτέρους
1523 1653 1630 1705 τῶν
1653 1655 1842 1720 ἐντυγ-

267 1737 539 1806 χανόντων
566 1738 1046 1810 καταϐαλλόμενος.
1081 1737 1210 1796 Εἶτα
1236 1742 1324 1796 διὰ
1346 1744 1453 1796 τῶν
1487 1743 1684 1814 ἐφεξῆς
1709 1745 1844 1796 ἀπο-

1943 558 2036 627 qui
2069 573 2262 612 vanam
2315 558 2453 610 hanc
2489 556 2826 626 proﬁtentur
2879 555 3259 624 imposluram,
3304 565 3510 604 secun—

1942 649 2070 702 dum
2101 648 2360 716 quasdam
2397 647 2676 701 stellarum
2725 645 3144 714 conjunctiones
3209 651 3262 696 et
3297 642 3510 695 distan—

1941 740 2046 794 tias
2086 740 2400 794 sortitiones
2434 739 2556 793 vita:
2587 755 2844 809 generum
2895 736 3248 792 nascentibus
3295 735 3513 786 contin-

1943 846 2088 900 gere,
2150 832 2290 884 serie
2329 829 2564 900 quadam
2611 837 2664 884 et
2717 846 2858 884 nexu
2917 841 3169 897 supernae
3225 825 3512 894 vertiginis

1943 923 2086 974 vires
2113 921 2226 976 sive
2263 923 2532 990 potentias
2559 921 2626 976 ad
2667 921 2872 990 aliquid
2909 919 3264 974 nascentibus
3293 917 3511 978 nentis;

1945 1012 2174 1068 fortasse
2199 1013 2328 1082 quid
2369 1013 2474 1068 tale
2507 1013 2598 1067 hic
2631 1014 2850 1082 sapiens
2881 1017 3282 1066 commentatur
3311 1017 3364 1062 et
3416 1023 3514 1058 an—

1941 1113 2148 1168 tumat,
2183 1105 2276 1174 qui
2307 1105 2730 1174 supereminenli
2767 1105 2913 1158 omni
2975 1103 3280 1173 principatu
3310 1107 3362 1152 et
3415 1114 3513 1167 po-

1943 1203 2139 1250 testate
2169 1207 2224 1250 et
2249 1196 2643 1256 dominatione.
2675 1207 2728 1250 et
2775 1196 2934 1248 omni-
2975 1195 3195 1248 nomine
3221 1193 3364 1262 quod
3419 1207 3514 1244 no-

1943 1286 2202 1348 minatur,
2228 1301 2336 1338 non
2393 1286 2569 1340 solum
2603 1285 2657 1338 in
2717 1285 2818 1338 hoc
2847 1284 3070 1344 saaculo,
3127 1283 3220 1336 sed
3253 1281 3416 1334 etiam
3457 1280 3510 1332 in

1943 1374 2148 1438 futuro,
2181 1385 2435 1445 tauquam
2471 1379 2522 1430 in
2547 1377 2696 1430 cavis
2727 1375 3050 1446 quibusdam
3082 1373 3218 1428 locis
3273 1373 3512 1426 coercito

1942 1457 2176 1533 desuper
2225 1466 2380 1534 quasi
2433 1467 2629 1520 sortito
2679 1465 2978 1536 obtigisse,
3046 1465 3112 1518 ad
3153 1463 3510 1536 quantitatem

1942 1571 2128 1610 eorum
2174 1571 2294 1626 qua:
2341 1557 2475 1610 ﬁunt
2513 1557 2824 1612 demensam
2877 1557 3172 1626 potentiam
3201 1555 3308 1608 ?l£t
3363 1552 3512 1606 hunc

1943 1627 2162 1702 concise
2189 1655 2242 1700 et
2275 1647 2514 1702 breviter
2541 1663 2845 1703 sermonem
2882 1657 3144 1717 praetercu
3158 1661 3321 1706 rram,
3385 1659 3510 1698 cum

1944 1753 2008 1792 ex
2043 1739 2132 1792 illo
2155 1740 2351 1809 exiguo
2377 1739 2644 1808 principio
2687 1755 2874 1794 eorum
2932 1753 3052 1808 quae
3101 1737 3212 1806 jam
3263 1737 3512 1790 discussa

267 1828 430 1898 λογία
459 1847 540 1893 τις
572 1831 711 1902 ὑπὲρ
739 1809 893 1902 ἡμῶν
937 1834 1116 1886 αὐτῶν
1156 1833 1480 1906 γέγραπται.
1529 1809 1609 1889 ὀύ
1638 1809 1744 1909 γάρ
1777 1837 1842 1890 ἂν

1950 1830 2182 1892 luerunt,
2222 1830 2430 1884 semina
2481 1829 2546 1883 ad
2603 1829 3000 1900 blasphemiam
3053 1825 3509 1898 dignoscendam,

271 1919 354 1974 ἔτι
400 1922 690 1994 δοκοίημεν
745 1926 856 1992 τοῖς
902 1925 1282 1994 ἐντυγχάνουσι
1341 1925 1843 1996 παραστοχάζεσοαι

269 2011 370 2084 τῆς
393 2012 628 2080 διανοίας
653 2015 746 2070 τοῦ
778 2015 954 2084 λόγου,
979 2018 1072 2070 καὶ
1117 2019 1251 2088 πρὸς
1295 2019 1356 2072 τὸ
1388 2019 1682 2072 ὑπεύθυνον
1716 2019 1844 2088 μεθ-

271 2105 596 2174 ερμηνεύειν
667 2106 735 2160 τὰ
782 2110 1024 2178 ῥήματα,
1071 2111 1238 2180 αὐτῆς
1280 2111 1376 2180 τῆς
1407 2111 1614 2164 ἐκείνου
1661 2111 1846 2180 φωνῆς

271 2194 636 2266 ὁμολογούσης
681 2197 780 2270 τὴν
829 2200 1078 2254 ἀτοπίαν.
1129 2203 1282 2271 Ἔχει
1331 2201 1438 2274 γὰρ
1483 2202 1623 2255 οὕτω
1655 2203 1722 2254 τὰ
1750 2219 1841 2268 γε·

271 2287 568 2358 γραμμένα
588 2283 687 2341 ’Ἦ
709 2289 816 2360 γὰρ
842 2292 961 2363 οὐχὶ
988 2293 1060 2360 γῆ
1099 2293 1196 2362 μὲν
1227 2295 1318 2346 καὶ
1347 2293 1574 2362 ἄγγελος
1595 2294 1694 2346 οὐκ
1718 2293 1846 2347 ὄντα

273 2376 532 2446 γέγονεν;
565 2380 772 2450 .Ὁρᾶτε
797 2382 884 2436 τὸν
913 2384 1114 2455 ὑψηλὸν
1141 2384 1406 2452 θεολόγον,
1439 2386 1514 2448 ὡς
1542 2387 1642 2438 οὐκ
1667 2385 1849 2456 αἰσχύ-

273 2483 424 2520 νεται
471 2469 560 2520 τὸν
605 2469 764 2522 αὐτὸν
813 2474 884 2540 γῇ
933 2489 992 2524 τε
1039 2473 1131 2524 καὶ
1177 2472 1426 2541 ἀγγέλοις
1460 2473 1551 2526 καὶ
1596 2473 1744 2542 αὐτῷ
1771 2471 1848 2543 τῷ

275 2562 474 2630 ποιητῇ
509 2559 600 2614 τοῦ
631 2563 828 2626 παντὸς
859 2563 1180 2632 ἐφαρμόζων
1208 2563 1298 2617 τὸν
1330 2563 1483 2630 λόγον
1509 2581 1521 2624 ἶ
1563 2564 1769 2616 υῦκθδν
1799 2567 1846 2617 εἰ

275 2651 346 2704 τά
373 2652 510 2704 αὐτὰ
536 2653 762 2722 πρέπειν
787 2653 953 2706 οἴεται
987 2655 1112 2725 περί
1141 2672 1196 2707 τε
1231 2655 1329 2724 τῆς
1358 2655 1460 2724 γῆς
1485 2655 1576 2708 καὶ
1605 2653 1696 2707 τού
1733 2657 1846 2708 Κυ-

280 2741 396 2812 ρίου
429 2741 625 2810 λέγειν,
661 2743 692 2812 ἢ
726 2745 818 2796 καὶ
850 2743 1050 2814 ταύτην
1083 2745 1297 2810 πάντως
1325 2745 1648 2815 θεοποιήσει,
1691 2745 1722 2810 ἦ
1755 2747 1847 2800 καὶ

275 2833 483 2886 ἐκεῖνον
511 2833 680 2904 ταύτῃ
709 2835 1079 2902 συνατιμάσει.

349 3101 482 3156 Εἶτα
509 3101 827 3171 προστίθησι
851 3100 1056 3164 τούτοις
1082 3101 1145 3152 δι’
1168 3093 1242 3152 ὧν
1265 3100 1665 3169 ἀπογυμνοῦται
1690 3102 1850 3156 πλέον

275 3195 312 3264 ἡ
343 3194 692 3264 βλασφημία·
727 3193 798 3254 ὼς
833 3192 965 3262 μηδὲ
994 3191 1140 3244 παιδὶ
1166 3191 1593 3261 δυσκατανόητον
1625 3188 1762 3246 εἶναι
1793 3193 1852 3246 τὸ

277 3286 498 3340 ἄτοπον.
526 3283 670 3354 Φημὶ¹
703 3282 832 3354 γάρ,
865 3284 946 3335 ὅτι
979 3283 1184 3354 μακρὸν
1211 3281 1277 3335 ἂν
1313 3282 1400 3351 εἴη
1436 3284 1610 3347 πάσας
1641 3285 1853 3349 ἐπεξιέ-

277 3397 368 3432 ναι
411 3377 520 3429 τῶν
563 3375 766 3447 νοητῶν
823 3375 918 3436 τὰς
949 3375 1230 3442 γενέσεις,
1282 3374 1313 3444 ἦ
1361 3374 1458 3438 τὰς
1505 3376 1717 3438 οὐσίας,
1767 3373 1855 3440 αἷς

277 3469 522 3531 ἁπάσαις
544 3469 662 3537 οὐχὶ
685 3467 834 3536 κοινή
869 3483 953 3528 τις
986 3467 1018 3535 ἠ
1046 3465 1138 3518 τοῦ
1174 3467 1270 3536 μὲν
1307 3465 1458 3528 ὄντος
1489 3466 1648 3536 φύσις
1670 3485 1684 3500 ο
1719 3467 1854 3521 ἀλλὰ

279 3562 424 3614 κατὰ
455 3561 555 3623 τὰς
591 3559 682 3612 τοῦ
715 3559 1212 3630 δημιουργήσαντος
1257 3559 1551 3628 ἐνεργείας,
1583 3561 1616 3630 ἡ
1649 3559 1855 3626 παραλ-

277 3653 446 3721 λαγή.
491 3649 675 3704 Ταῦτα
723 3649 830 3722 γάρ
873 3649 966 3702 καὶ
1015 3645 1340 3702 σιωπώντων
1383 3650 1558 3718 ἡμῶν,
1605 3651 1854 3720 ἀρίδηλον

280 3745 398 3814 ἔχει
431 3745 524 3796 καὶ
568 3744 840 3812 περιφανῆ
877 3741 974 3810 τὴν
1011 3739 1152 3793 κατὰ
1187 3740 1278 3792 τοῦ
1313 3741 1440 3792 Υἱοῦ
1487 3741 1852 3812 βλασφημίαν,

279 3837 412 3890 ὅταν
441 3836 671 3906 ὁμολογῇ
707 3835 766 3886 τὺ
808 3833 948 3886 κατὰ
995 3833 1176 3902 πάσης
1213 3833 1478 3898 γενέσεως
1529 3833 1624 3885 καὶ
1669 3834 1854 3895 οὐσίας

279 3931 593 4000 λεγόμενον,
653 3927 817 3998 μηδὲν
865 3925 1090 3997 ἀπᾴδειν
1119 3923 1213 3976 τοῦ
1250 3925 1374 3994 περὶ
1421 3923 1518 3992 τῆς
1571 3921 1718 3978 θείας
1763 3923 1853 3974 τοῦ

281 4021 616 4088 Μονογενοῦς
659 4019 1006 4079 ὑποστάσεως
1047 4016 1228 4082 λόγου.
1271 4015 1432 4068 Ἀλλά
1467 4031 1554 4084 μοι
1584 4015 1729 4066 δοκεῖ
1757 4031 1854 4068 κα-

277 4117 392 4178 λῶς
418 4115 559 4185 ἔχειν
589 4111 899 4184 ὑπερϐάντα
928 4110 1026 4180 τὴν
1055 4109 1142 4162 διὰ
1173 4108 1340 4178 μέσου
1377 4108 1474 4176 τῆς
1511 4107 1854 4176 βλασφημίας

280 4205 628 4274 κατασκευὴν
653 4244 668 4269 ,
719 4203 917 4272 τρόπον
963 4200 1081 4254 τινὰ
1133 4199 1631 4270 προδιελεγχοεῖσαν
1661 4201 1716 4250 ὲν
1745 4199 1856 4260 τοῖς

279 4297 692 4372 ἑξητασμένοις,
737 4297 830 4348 ἐπὶ
881 4295 951 4347 τὰ
995 4293 1264 4362 κεφάλαια
1309 4292 1406 4360 τῆς
1445 4291 1537 4344 τοῦ
1589 4291 1856 4360 δόγματος

279 4391 464 4446 αὐτῶν
495 4387 823 4460 κατηγορίας
855 4387 1046 4442 ἐλθεῖν.
1099 4385 1465 4458 Εὑρεϐήσεται
1494 4384 1600 4452 γὰρ
1631 4383 1855 4452 μάταιον

1947 1921 2030 1975 his
2059 1921 2150 1990 qui
2206 1921 2662 1990 intelligenliores
2717 1920 2830 1974 haec
2867 1921 3074 1986 legunt,
3137 1919 3510 1988 disperserim,

1945 2012 2144 2068 Deinde
2189 2014 2242 2067 in
2272 2013 2628 2083 sequentibus
2653 2012 2900 2068 defensio
2927 2013 3174 2083 quaedam
3217 2028 3314 2082 pro
3357 2013 3514 2066 nobis

1945 2104 2080 2174 ipsis
2115 2105 2322 2174 scripta
2371 2111 2476 2159 est.
2529 2103 2648 2158 Non
2715 2105 2859 2159 enim
2921 2105 3156 2173 amplius
3213 2103 3516 2174 legentibus

1945 2197 2254 2252 videremur
2303 2205 2449 2250 recte
2499 2196 2771 2264 conjicere
2822 2211 3042 2250 sensum
3077 2196 3365 2256 orationis,
3420 2193 3516 2248 sed

1948 2287 2002 2340 in
2029 2289 2236 2342 crimen
2271 2289 2388 2356 ejus
2413 2288 2577 2342 verba
2615 2287 2987 2356 interpretari,
3037 2290 3142 2344 nisi
3185 2289 3358 2358 ipsius
3412 2304 3512 2342 vox

1947 2380 2337 2434 absurditatem
2371 2381 2552 2450 palam
2587 2381 2958 2436 conﬁteretur.
2992 2381 3082 2435 Sic
3128 2383 3272 2436 enim
3319 2382 3518 2436 habent

1947 2471 2150 2540 scripta
2178 2471 2294 2524 :An
2325 2487 2456 2532 non,
2507 2471 2702 2540 inquit,
2737 2482 2878 2526 terra
2925 2473 3145 2542 quidem
3186 2485 3240 2528 et
3292 2473 3517 2541 angelus

1947 2577 2070 2616 cum
2123 2577 2230 2616 non
2296 2571 2500 2626 essent,
2565 2563 2706 2616 facta
2765 2564 2936 2618 sunt?
2985 2561 3176 2618 Videte
3229 2565 3514 2620 sublimem

1945 2653 2286 2724 theologum,
2317 2653 2410 2722 qui
2453 2670 2560 2707 non
2598 2655 2880 2710 erubescit
2928 2655 3176 2709 eunulem
3213 2671 3515 2710 sermonem

1950 2754 2106 2800 terrae
2133 2755 2184 2800 et
2207 2747 2414 2816 angelis
2435 2787 2450 2808 .
2483 2757 2644 2816 atque
2675 2747 2914 2800 universi
2954 2747 3144 2802 facturi
3203 2748 3515 2816 appingcre.

1947 2837 2116 2908 Igitur
2145 2838 2190 2893 si
2235 2837 2424 2892 eadem
2455 2838 2650 2892 decere
2697 2847 2870 2908 putat,
2911 2837 2978 2892 de
3015 2845 3158 2892 terra
3209 2847 3262 2892 et
3317 2837 3384 2890 de
3417 2835 3510 2888 Do-

1949 2928 2096 2982 mino
2134 2944 2404 2988 asserere.
2431 2929 2510 2982 vel
2544 2931 2704 2983 etiam
2741 2929 2880 2982 hanc
2915 2930 3074 2996 plane
3105 2929 3400 2988 deilicabit.
3433 2928 3522 2984 vel.

1873 3015 1880 3022 ’
1951 3018 2100 3072 illum
2132 3033 2256 3072 cum
2291 3019 2390 3072 hac
2421 3019 2581 3071 simul
2619 3019 2992 3072 dedccorabit.

2021 3108 2222 3166 Deinde
2263 3111 2344 3165 his
2393 3111 2574 3178 adjicit
2633 3127 2728 3180 per
2768 3127 2886 3179 quae
2939 3095 3247 3164 denudatnr
3305 3109 3520 3178 planius

1955 3201 2309 3270 blasphemia,
2343 3204 2412 3254 ita
2447 3216 2502 3256 ut
2536 3219 2708 3272 neque
2751 3220 2915 3273 puero
2948 3203 3260 3258 absurditas
3285 3202 3358 3256 sit
3389 3215 3514 3270 per-

1955 3299 2111 3359 ceptu
2168 3291 2422 3347 diﬂicilis.
2481 3292 2610 3346 Dico
2665 3295 2808 3348 enim
2879 3294 3024 3362 quod
3099 3295 3315 3361 longum
3371 3300 3520 3346 esset

1955 3397 2146 3436 omnes
2209 3397 2495 3438 recensere
2548 3383 2969 3452 intelligibilium
3001 3383 3400 3454 generationes,
3437 3382 3520 3436 vel

1955 3473 2242 3534 essentias,
2280 3475 2480 3544 quibus
2507 3475 2762 3528 omnibus
2793 3491 2900 3528 non
2933 3474 3236 3526 communis
3268 3481 3343 3526 est
3378 3488 3525 3542 qua:-

1955 3564 2079 3616 dam
2119 3567 2264 3620 entis
2313 3575 2540 3630 natura,
2576 3567 2670 3622 sed
2721 3583 2814 3636 pcr
2844 3565 3146 3620 conditoris
3178 3567 3522 3633 operationes

1957 3653 2098 3707 inest
2127 3655 2469 3710 differentia:
2503 3655 2616 3709 haec
2650 3655 2794 3708 cnim
2823 3657 2985 3708 etiam
3017 3653 3175 3707 nobis
3215 3655 3522 3710 tacentibus

1955 3745 2172 3814 penitus
2228 3747 2574 3815 perspicuam
2618 3755 2670 3800 et
2708 3745 3012 3799 evidentem
3072 3745 3266 3798 habent
3330 3755 3521 3797 contra

1957 3833 2155 3888 Filium
2187 3835 2605 3905 blasphemiam,
2637 3853 2760 3900 cum
2793 3836 3028 3890 fateatur
3059 3837 3202 3904 quod
3258 3839 3324 3890 de
3374 3839 3520 3890 oumi

1955 3927 2313 3994 generatione
2337 3937 2386 3980 et
2415 3929 2652 3982 essentia
2677 3927 2898 3988 dicitur,
2955 3927 3088 3978 nihil
3123 3928 3429 3994 discrepare
3455 3932 3522 3980 ab

1957 4019 2024 4072 iis
2055 4033 2174 4086 qua:
2215 4019 2282 4072 de
2317 4018 2502 4072 divina
2539 4018 2812 4086 Unigeniti
2844 4019 3196 4072 subsistentia
3231 4018 3510 4074 dicuntur.

1958 4109 2065 4164 Sed
2091 4125 2268 4180 operm
2305 4111 2536 4180 pretium
2595 4111 2726 4163 mihi
2769 4111 2982 4164 videtur
3019 4119 3399 4180 pratergressa
3458 4127 3520 4164 ea

1956 4215 2117 4271 quam
2152 4216 2247 4271 per
2281 4200 2515 4256 medium
2541 4201 2892 4270 blasphemiae
2912 4209 3156 4256 astruere
3175 4203 3368 4255 nititur
3399 4217 3524 4270 pro-

1955 4295 2192 4358 batione,
2239 4310 2402 4365 quam
2431 4293 2650 4364 quidem
2683 4295 2738 4348 in
2773 4283 2859 4348 his
2895 4309 3016 4364 quae
3039 4295 3188 4364 prius
3215 4296 3522 4350 examinata

1957 4396 2082 4442 sunt
2123 4387 2358 4458 quodam
2395 4387 2554 4440 modo
2587 4385 3015 4452 confutavimus,
3067 4387 3132 4440 ad
3185 4403 3396 4440 summa
3433 4403 3524 4440 ca-

283 4486 388 4556 μὲν
431 4482 750 4544 ἀποδεικνὺς
802 4479 862 4534 τὸ
909 4479 1008 4548 τῆς
1055 4477 1470 4546 παλιγγενεσίας
1525 4475 1849 4545 μυστήριον¹

1957 4479 2068 4550 pita
2097 4479 2364 4548 dogmatis
2403 4479 2644 4548 ipsorum
2685 4479 3057 4534 accusationis
3099 4479 3374 4534 devenire.
3438 4480 3522 4534 ln-

280 4577 540 4648 ἀνόνητον
563 4575 619 4628 δὲ
648 4573 745 4644 τὴν
773 4571 1036 4642 μυστικὴν
1063 4570 1421 4642 δωροφορίαν,
1454 4569 1553 4638 τήν
1581 4585 1640 4619 τε
1671 4581 1857 4637 μετου·

284 4673 409 4726 σίαν
439 4671 517 4732 είς
544 4668 695 4722 οὐδὲν
724 4665 886 4718 πλέον
911 4667 1024 4727 τοῖς
1061 4663 1342 4734 μετέχουσι
1377 4661 1689 4732 γινομένην’
1723 4659 1856 4730 φησὶ⁹

281 4763 394 4834 γὰρ
429 4759 564 4832 μετὰ
590 4758 715 4822 τοὺς
741 4755 1024 4818 συντόνους
1049 4755 1288 4816 ἐκείνους
1315 4753 1536 4814 αἰῶνας,
1559 4753 1616 4804 ὲν
1641 4745 1721 4814 οἷς
1747 4751 1854 4804 Οὑ-

283 4851 588 4912 αλεντίνους
639 4865 698 4902 τε
743 4849 838 4902 καὶ
887 4845 1222 4917 Κηρίνθους,
1273 4843 1367 4898 καὶ
1411 4843 1714 4908 Βασιλίδας,
1763 4841 1856 4894 καὶ

283 4941 620 5002 Μοντανοῦς,
663 4939 756 4993 καὶ
801 4939 1132 5007 Μαρκίωνας
1169 4940 1248 5000 εἰς
1292 4935 1540 5004 διαϐολὴν
1585 4933 1678 4988 τοῦ
1734 4933 1854 4988 καθ’

284 5036 433 5106 ἡμᾶς
481 5035 850 5104 προεστήσατο
881 5030 1166 5099 δόγματος.
1212 5027 1306 5082 καὶ
1349 5029 1766 5092 κατασκευάσας
1796 5027 1856 5080 τὸ

289 5125 426 5197 μηδὲ
457 5124 592 5194 πρὸς
621 5123 718 5193 τὴν
749 5122 858 5176 τῶν
887 5119 1223 5192 Χριστιανῶν
1251 5120 1620 5192 προσηγορίαν
1643 5119 1856 5183 οἰκείως

285 5219 452 5290 ἔχειν,
493 5217 619 5280 τοὺς
657 5216 930 5284 ἄγνωστον
963 5213 1422 5284 ἀποφαινομένους
1451 5213 1547 5284 τὴν
1575 5212 1724 5266 Θείαν
1753 5211 1855 5282 φύ-

293 5327 396 5372 σιν,
423 5308 696 5376 ἄγνωστον
723 5305 780 5359 δὲ
809 5307 902 5358 καὶ
927 5305 1016 5357 τὸν
1041 5305 1138 5374 τῆς
1163 5305 1466 5374 γεννήσεως
1496 5303 1712 5374 τρόπον.
1747 5303 1856 5356 Καὶ

291 5399 701 5470 συναριθμήσας
723 5399 834 5460 τοῖς
857 5395 1295 5464 διαϐεϐλημένοις
1327 5397 1492 5466 ἡμᾶς,
1523 5393 1692 5458 οὕτως
1723 5396 1858 5450 ἐπά-

289 5509 378 5560 γει
399 5489 490 5542 τὸν
511 5489 636 5560 παρ’
655 5487 844 5541 ἑαυτοῦ
865 5486 1019 5554 λόγον
1037 5488 1092 5538 ὲν
1117 5485 1324 5548 τούτοις
1343 5487 1578 5556 ῥήμασιν
1592 5503 1606 5517 ·
1627 5507 1644 5536 ι
1667 5487 1856 5557 Ἡμεῖς

288 5583 346 5635 δὲ
395 5580 704 5650 πειθόμενοι
750 5582 860 5642 τοῖς
907 5578 1078 5647 ἁγίοις
1125 5579 1218 5632 καὶ
1249 5577 1539 5648 μακαρίοις
1581 5577 1854 5646 ἀνδράσιν,

285 5672 412 5726 οὔτε
441 5675 505 5743 τῇ
537 5675 822 5742 σεμνότητι
851 5670 958 5724 τῶν
982 5669 1278 5742 ὀνομάτων,
1319 5667 1440 5720 οὔτε
1469 5668 1604 5721 εοῶν
1635 5667 1727 5720 καὶ
1755 5687 1856 5738 μυ-

289 5761 494 5816 ατικῶν
523 5762 802 5834 συμϐόλων
851 5762 1072 5832 ἰδιότητι
1115 5759 1410 5832 κυροῦσθαί
1455 5777 1634 5830 φαμεν
1667 5759 1728 5812 τὸ
1757 5759 1856 5830 τῆς

1957 4571 2206 4626 venietur
2227 4571 2372 4626 enim
2399 4570 2717 4642 mysterium
2745 4573 3172 4640 regenerationis
3207 4585 3404 4626 vanum
3438 4573 3525 4628 de-

1959 4673 2286 4728 monstrare,
2331 4663 2492 4718 vilem
2524 4663 2687 4718 etiam
2750 4664 3033 4734 mysticam
3065 4664 3328 4720 donorum
3379 4666 3525 4718 obla-

1957 4753 2200 4814 tionem,
2251 4751 2478 4822 ejusque
2553 4753 3028 4823 participationem
3085 4753 3218 4806 nihil
3287 4755 3522 4824 amplius

1959 4844 2409 4913 participantibus
2441 4845 2812 4898 conferentem
2843 4862 2856 4897 :
2887 4844 3016 4898 dicit
3065 4845 3208 4898 enim
3247 4853 3370 4912 post
3397 4860 3521 4898 con-

1957 4935 2110 4988 tinua
2139 4935 2228 4988 illa
2253 4935 2476 4998 saecula,
2499 4935 2552 4988 in
2578 4935 2776 5004 quibus
2795 4934 3114 4988 Valentinos
3137 4945 3190 4988 et
3210 4933 3518 4998 Cerinthos,

1958 5035 2010 5082 et
2039 5025 2320 5088 Basilidas,
2369 5037 2422 5080 et
2455 5024 2774 5090 Montanos,
2819 5033 2874 5078 et
2933 5025 3234 5080 Marcionas
3265 5025 3330 5078 ad
3367 5026 3519 5078 calu-

1958 5115 2161 5168 mniam
2215 5113 2389 5168 nostri
2439 5113 2710 5184 dogmatis
2761 5113 3076 5184 prmposuit,
3117 5123 3170 5168 et
3226 5113 3350 5170 inde
3394 5129 3522 5186 pne-

1959 5217 2200 5268 struens,
2223 5221 2399 5276 neque
2439 5207 2600 5260 ullam
2633 5222 2754 5260 cum
2816 5205 3254 5260 Christianorum
3287 5207 3524 5276 appella-

1956 5300 2104 5354 tione
2157 5297 2462 5350 aﬂinitatcm
2515 5295 2714 5350 habere
2757 5311 2852 5349 eos
2895 5295 2986 5364 qui
3029 5295 3357 5364 incognitam
3393 5295 3524 5348 divi-

1957 5405 2082 5442 nam
2122 5399 2374 5442 naturam
2409 5393 2744 5448 asseverant,
2787 5387 3122 5456 incognitum
3169 5387 3332 5442 etiam
3371 5403 3526 5456 gene-

1957 5479 2190 5534 rationis
2221 5480 2462 5532 rnodum.
2509 5477 2574 5530 Et
2605 5493 2702 5530 nos
2733 5477 2895 5530 etiam
2932 5493 3334 5534 connumerans
3397 5493 3522 5532 cum

1959 5571 2045 5626 his
2077 5570 2170 5640 qui
2214 5569 2534 5624 calumniati
2567 5575 2717 5630 sunt,
2751 5568 2834 5620 sic
2867 5568 3150 5638 subiungit
3193 5583 3353 5624 suum
3416 5585 3526 5622 scr-

1959 5679 2174 5718 monem
2218 5663 2302 5717 his
2331 5661 2548 5716 verbis:
2576 5678 2591 5708 ι
2623 5658 2729 5714 Nos
2780 5667 2958 5715 autem
3005 5661 3210 5716 sanctis
3263 5669 3315 5715 et
3351 5661 3523 5715 beatis

1959 5757 2094 5812 viris
2141 5755 2602 5824 obtemperantes,
2667 5767 2846 5824 neque
2905 5753 3186 5809 nominum
3232 5753 3516 5824 gravitate,
