4034 6470
519 316 623 384 8⁷9

1747 335 1801 390 S.
1842 333 2169 392 GREGORH
2195 335 2487 394 NYSSEM

3650 349 3758 405 880

525 469 704 524 neque
733 455 934 511 rituum
964 466 1020 513 et
1049 459 1408 530 mysticorum
1437 460 1810 532 symbolarum
1850 463 2086 534 proprie-

2191 466 2466 531 εὐσεϐείας
2496 469 2808 538 μυστήριον,
2826 470 2890 539 τῇ
2921 467 2979 522 δὲ
3005 467 3114 521 τῶν
3141 466 3427 537 δογμάτων
3441 465 3698 537 ἀκριὸείᾳ
3728 485 3754 520 ι

520 553 632 601 tate
669 546 904 603 dicimus
959 548 1178 619 pietatis
1242 553 1557 623 mysterium
1607 556 1945 616 conﬁrmari,
1985 555 2083 611 sed

521 639 835 707 dogmatum
860 649 1117 695 accurata
1134 644 1485 712 espensione.
1501 664 1517 695 ι
1540 642 1693 710 Quod
1719 646 1883 714 igitur
1904 661 2084 716 neque

521 738 637 781 tum
671 728 741 783 ab
772 731 1143 799 evangelistis,
1196 747 1377 802 neque
1432 734 1502 788 ab
1563 735 1853 804 apostolis,
1909 750 2086 804 neque

521 820 592 874 ab
631 820 741 875 ullo
772 837 961 875 eorum
1010 826 1101 891 qui
1156 826 1468 881 vetustioris
1523 826 1818 896 Scriptura
1864 826 2086 883 fuerunt

524 912 789 982 magistri,
816 929 1112 981 persuasus
1144 916 1257 972 haec
1282 920 1491 983 scribit,
1519 921 1692 975 cuivis
1720 921 1938 989 planum
1960 937 2084 977 esse

524 1002 765 1055 arbitror
808 1006 899 1073 qui
962 1021 1174 1059 sacram
1207 1019 1263 1063 et
1297 1010 1535 1064 divinam
1588 1026 1695 1065 non
1753 1013 2085 1081 ignoraverit

527 1091 889 1163 Scripturam.
926 1098 1282 1168 Consequens
1310 1117 1441 1172 ergo
1475 1103 1638 1158 fuerit
1683 1104 1866 1159 dicere
1905 1105 2081 1175 ipsum

523 1185 834 1239 existimare
862 1200 1082 1244 sanctos
1120 1198 1175 1244 et
1224 1192 1411 1248 beatos
1479 1195 1625 1249 viros
1679 1195 1849 1249 fuisse
1913 1195 2085 1251 Mani-

525 1274 755 1337 clia‘nm,
787 1277 1086 1341 Nicolaum,
1118 1283 1465 1349 Acolutbum,
1498 1287 1735 1353 Aetium,
1782 1290 1971 1343 Arium
2031 1297 2087 1343 et

524 1381 713 1421 omnes
747 1371 988 1434 ejusdem
1016 1374 1191 1438 chori,
1220 1392 1360 1445 quos
1392 1393 1628 1447 sequens
1655 1381 1767 1433 haec
1814 1380 2082 1446 decernit,

524 1461 666 1528 quod
686 1481 704 1510 ι
727 1478 900 1531 neque
926 1467 1202 1519 nominum
1221 1468 1520 1530 confessio,
1546 1487 1722 1539 neque
1750 1472 1890 1527 ritus
1910 1472 2087 1530 Eccle-

524 1552 638 1611 siae.
672 1571 848 1622 neque
868 1559 1094 1627 mystica
1128 1560 1374 1630 symbola
1402 1562 1727 1617 conﬁrmant
1753 1564 2030 1633 pietatem.
2060 1584 2080 1617 ι

523 1642 636 1699 Nos
671 1655 849 1700 autem
878 1649 968 1717 qui
1000 1649 1294 1706 didicimus
1322 1668 1349 1706 a
1376 1663 1565 1708 sancta
1590 1670 1742 1719 voce,
1779 1656 1922 1721 quod
1962 1654 2085 1711 Nisi

523 1739 639 1805 quis
658 1739 827 1792 denuo
863 1740 1018 1807 fuerit
1054 1753 1209 1797 natus
1238 1744 1461 1810 desuper
1488 1762 1554 1799 ea:
1583 1763 1722 1817 aqua
1775 1756 1825 1801 et
1856 1747 2083 1816 Spiritu,

525 1844 626 1881 non
666 1831 988 1901 ingredietur
1016 1835 1069 1886 in
1100 1852 1314 1904 regnum
1343 1835 1440 1890 Dei
1461 1839 1528 1899 "’,
1557 1846 1611 1893 et
1642 1839 1786 1909 quod
1813 1838 1919 1905 Qui
1936 1856 2086 1893 man—

522 1922 684 1975 ducet
726 1940 892 1977 meam
922 1941 1132 1979 carnem
1152 1966 1167 1989 ,
1209 1935 1258 1980 et
1286 1928 1374 1996 qui
1402 1926 1532 1981 bibit
1559 1945 1730 1982 meum
1752 1930 2084 1997 sanguinem,

524 2013 616 2065 ille
650 2016 781 2068 viret
823 2016 875 2068 in
907 2026 1161 2070 arternum
1186 2019 1265 2078 ",
1308 2018 1582 2072 credimus
1624 2019 1932 2074 divinorum
1993 2034 2087 2073 no-

525 2105 730 2158 minum
763 2108 1130 2169 confessione,
1178 2109 1357 2164 Patris
1408 2111 1530 2165 dico
1575 2121 1627 2166 et
1663 2110 1786 2165 Filii
1819 2124 1873 2166 et
1922 2110 2089 2183 Spiri-

524 2204 613 2250 tus
641 2201 835 2254 sancti.
867 2207 1042 2253 ratum
1075 2201 1186 2256 ﬁeri
1218 2202 1437 2271 pietatis
1482 2204 1804 2275 mysterium
1831 2222 1845 2257 :
1881 2211 1937 2259 et
1975 2219 2089 2274 my-

523 2287 785 2340 sticorum
824 2290 1024 2345 rituum
1054 2301 1109 2368 et
1152 2294 1521 2364 symbolorum
1570 2296 1956 2351 communione
2004 2310 2089 2349 sa-

528 2379 695 2432 lutem
726 2381 1054 2438 conﬁrmari.
1088 2383 1344 2453 Dogmata
1380 2395 1559 2441 autem
1592 2396 1845 2441 accurate
1874 2389 1942 2441 ab
2001 2387 2086 2442 bis

523 2473 708 2536 etiam,
745 2475 834 2543 qui
866 2484 992 2529 sunt
1021 2487 1172 2531 extra
1206 2480 1524 2550 mysterium
1549 2519 1563 2541 ,
1596 2496 1739 2549 saepe
1762 2479 2085 2534 examinan-

523 2574 613 2619 tur
663 2575 717 2619 et
758 2568 1029 2622 subtiliter
1055 2570 1426 2625 discutiuntur
1455 2591 1467 2626 :
1497 2573 1698 2627 multos
1733 2572 1895 2627 etiam
1962 2571 2088 2626 licet

522 2654 712 2708 audire
744 2657 834 2724 qui
866 2673 964 2726 pro
990 2658 1294 2729 bypotbesi,
1324 2661 1440 2716 sive
1472 2661 1859 2730 disputationis
1887 2659 2086 2729 subje-

522 2753 612 2797 cto
655 2747 757 2801 sibi
824 2748 889 2801 ad
947 2764 1259 2804 sermonum
1316 2755 1778 2808 concertationem
1835 2761 2083 2807 nostrum

521 2838 715 2906 dogma
761 2850 1105 2909 proponunt;
1141 2842 1405 2905 quosdam
1438 2845 1599 2899 etiam
1641 2846 1883 2913 ipsorum
1943 2860 2088 2913 saepe

523 2931 577 2983 in
621 2933 896 2985 veritatem
930 2933 1191 2994 incidere.
1222 2935 1583 2989 nihilominus
1616 2952 1644 2989 a
1688 2937 1789 2990 ﬁde
1818 2937 2086 2991 alienatos

521 3038 659 3076 esse.
693 3022 958 3088 Quoniam
992 3025 1150 3095 igitur
1176 3036 1407 3090 augusta
1441 3036 1493 3081 et
1521 3028 1831 3083 veneranda
1866 3030 2086 3083 nomina

2187 559 2306 611 Ὀτι
2338 559 2435 627 μὲν
2461 554 2553 613 οὖν
2581 558 2699 611 οὐδὲ
2746 558 2868 612 τότε
2894 561 3007 622 τοῖς
3035 558 3465 626 εύαγγελισταῖς,
3493 556 3615 611 οὕτε
3643 560 3757 621 τοῖς

2184 650 2497 713 ἀποστόλοις
2519 691 2533 711 ,
2582 649 2704 703 οὔτε
2752 651 2858 704 τινὶ
2882 651 2989 704 τῶν
3011 650 3111 719 τῆς
3141 650 3498 723 ἀρχαιοτέρας
3530 649 3756 722 Γραφῆς

2184 742 2650 813 καθηγησαμένων
2675 741 2935 804 πεισθεὶς,
2963 741 3135 796 ταῦτα
3159 743 3381 812 γράφει,
3407 743 3568 797 παντὶ
3594 742 3756 811 δῆλον

2182 832 2260 903 τῷ
2282 833 2380 904 τὴν
2421 834 2571 903 ἱεράν
2618 851 2676 886 τε
2720 835 2814 886 καὶ
2856 834 3004 886 θείαν
3048 833 3147 886 ούκ
3178 832 3458 900 ἀγνοοῦντι
3508 835 3750 903 Γραφήν.

2197 923 2509 977 ’Δκόλουθον
2535 924 2578 976 δ’
2611 923 2677 977 ἂν
2700 925 2783 995 εἰη
2809 924 2999 992 ἁγίους
3022 925 3183 978 αὑτὸν
3214 924 3309 977 καὶ
3341 925 3643 994 μακαρίους
3671 925 3757 978 ἀν-

2183 1016 2314 1087 δρας
2340 1015 2544 1069 οἴεσθαι
2582 1014 2783 1083 λέγειν,
2831 1015 3150 1085 Μανιχαῖον,
3186 1013 3469 1074 Νικόλαον,
3506 1012 3755 1066 ’Δκόλου-

2184 1109 2298 1170 θον,
2342 1108 2563 1169 Ἀέτιον,
2598 1108 2833 1177 Ἀρειον,
2881 1106 2977 1159 καὶ
3022 1106 3230 1168 πάντας
3272 1106 3399 1167 τοὺς
3442 1104 3537 1157 τοῦ
3586 1103 3753 1157 αὐτοῦ

2185 1200 2368 1271 χοροῦ,
2394 1198 2476 1263 οἷς
2496 1198 2802 1252 ἀκολουθῶν
2822 1197 2993 1251 ταῦτα
3022 1196 3322 1269 νομοθετεῖ,
3349 1197 3430 1250 ὅτι
3458 1216 3477 1247 ι
3498 1195 3621 1249 οὔτε
3642 1196 3755 1249 τῶν

2184 1293 2458 1362 ὀνομάτων
2498 1292 2532 1360 ἡ
2564 1289 2843 1359 ὁμολογία,
2874 1288 2994 1342 οὔτε
3029 1289 3097 1342 τά
3128 1287 3223 1358 ἔθη
3262 1288 3361 1357 τῆς
3407 1285 3752 1354 Ἑκκλησίας,

2183 1384 2305 1437 οὔτε
2322 1384 2388 1436 τά
2413 1382 2647 1452 μυστικά
2670 1381 2730 1433 σύ
2739 1380 2909 1451 μϐολα
2925 1381 3079 1449 κυροῖ
3098 1379 3195 1448 τὴν
3211 1377 3509 1432 εὐσέϐειαν.
3524 1396 3543 1427 ι
3562 1377 3624 1430 Ἦ
3634 1366 3755 1447 μέἴς

2183 1481 2241 1533 δὲ
2272 1477 2646 1548 μεμαθηκότες
2680 1475 2830 1546 παρά
2867 1476 2965 1543 τῆς
2995 1474 3155 1543 ἁγίας
3184 1472 3381 1542 φωνῆς.
3426 1472 3508 1524 ὅτι
3533 1471 3642 1523 Ἀν
3663 1471 3752 1539 μή

2185 1591 2274 1635 τις
2301 1568 2561 1639 γεννηθῇ
2584 1567 2812 1621 ἄνωθεν
2834 1566 2908 1620 δι’
2938 1565 3153 1630 ὕδατος
3177 1565 3273 1619 καὶ
3291 1565 3657 1631 Πνεύματος,
3680 1567 3755 1620 οὐ

2179 1663 2266 1733 μὴ
2308 1660 2550 1728 εἰσέλθῃ
2585 1662 2671 1725 εις
2702 1659 2815 1725 τὴν
2848 1658 3175 1723 βασιλείαν
3199 1655 3305 1711 τοῦ
3338 1654 3508 1718 Θεοῦ,
3552 1651 3648 1707 καὶ
3669 1652 3757 1705 ὃτι

2198 1758 2260 1808 '0
2308 1752 2540 1823 τρώγων
2582 1769 2699 1820 μου
2743 1750 2859 1816 τὴν
2903 1749 3129 1817 σάρκα,
3172 1747 3268 1801 καὶ
3301 1749 3491 1799 πίνακι
3523 1762 3641 1814 μου
3681 1741 3757 1796 τὸ

2186 1838 2349 1912 αἷμα,
2386 1842 2613 1906 ἐκεῖνος
2637 1838 2872 1908 ὥξσεται
2903 1842 2990 1905 εις
3022 1838 3131 1892 τὸν
3161 1838 3364 1891 αἰῶνα·
3412 1833 3759 1905 πεπείσμεθα

2184 1939 2252 2006 τῇ
2283 1934 2540 2006 ὁμολογίᾳ
2571 1931 2677 1986 τῶν
2711 1932 2869 1985 θείων
2893 1931 3190 2002 ὀνομάτων,
3238 1930 3449 2000 Πατρδς
3486 1927 3630 1996 λέγω
3660 1928 3758 1980 καὶ

2187 2028 2345 2092 Tia-3,
2370 2028 2464 2081 xui.
2490 2025 2803 2095 Πνεύματος
2843 2024 3016 2093 ἁγίου,
3047 2021 3344 2094 κυροῦσθαι
3376 2021 3437 2074 τὸ
3468 2021 3567 2089 τῆς
3596 2020 3762 2072 εύσε-

2185 2118 2340 2180 ϐείας
2372 2118 2685 2188 μυστήριον,
2722 2117 2813 2169 καλ⁵
2841 2118 2905 2187 τῇ
2950 2114 3059 2168 τῶν
3106 2112 3380 2185 μυστικῶν
3410 2112 3545 2164 ἐθῶν
3569 2128 3630 2163 τε
3660 2110 3763 2163 καὶ

2189 2207 2469 2279 συμϐόλων
2510 2206 2763 2278 κοινωνίᾳ
2789 2206 2882 2277 τὴν
2920 2206 3194 2277 σωτηρίαν
3236 2203 3613 2275 κρατύνεσθαι.
3656 2202 3764 2254 Δό-

2185 2316 2372 2370 γματα
2397 2298 2454 2352 δὲ
2500 2298 2565 2352 δι’
2600 2297 2912 2367 ἐπιμελείας
2942 2298 3035 2351 καὶ
3061 2299 3175 2360 τοῖς
3201 2293 3304 2360 ἔξω
3335 2294 3427 2348 τοῦ
3458 2292 3766 2364 μυστηρίου

2187 2390 2443 2455 πολλάκις
2471 2389 2758 2459 ἐξήτασται
2784 2406 2797 2417 ⁸
2835 2388 2927 2441 καὶ
2958 2386 3166 2440 πολλῶν
3192 2385 3343 2439 ἐστιν
3374 2383 3587 2437 ἀκούειν
3617 2382 3767 2435 ὑπό-

2187 2486 2334 2539 θεσιν
2366 2485 2576 2546 ἑαυτοῖς
2604 2483 2683 2545 είς
2707 2480 2879 2548 λόγων
2913 2479 3139 2549 άμιλλαν
3175 2478 3234 2530 τὸ
3276 2476 3542 2547 ἡμέτερον
3571 2476 3766 2544 δόγμα.

2188 2574 2669 2647 προϐαλλομένωνθ
2722 2571 2815 2625 καί
2846 2588 2996 2633 τινας
3021 2570 3217 2631 αὐτῶν,
3251 2571 3344 2622 καὶ
3376 2569 3495 2622 κατ’
3525 2570 3764 2634 ἐπιτυγ-

2188 2666 2445 2735 χάνοντας
2494 2664 2595 2734 τῆς
2629 2661 2885 2732 ἀληθείας
2930 2660 3208 2721 πολλάκις,
3255 2658 3349 2712 καὶ
3392 2657 3542 2711 οὐδὲν
3587 2651 3769 2727 ἧττον

2185 2754 2647 2825 ἠλλοτριωμένους
2673 2754 2771 2823 τῆς
2819 2752 3073 2814 πίστεως.
3120 2751 3334 2822 Ἐπειδὴ
3371 2751 3547 2804 τοίνυν
3583 2766 3769 2803 κατα-

2188 2849 2375 2918 φρονεῖ
2410 2846 2506 2917 μὲν
2531 2845 2636 2899 τῶν
2668 2844 2880 2914 σεμνῶν
2910 2845 3206 2915 ὀνομάτων.
3236 2844 3301 2896 δι’
3332 2837 3405 2896 ὧν
3431 2843 3528 2911 τῆς
3549 2840 3772 2894 θειοτέ-

2192 2958 2290 3011 ρας
2317 2941 2619 3010 γεννήσεως
2647 2939 2681 3009 ή
2708 2937 2935 3007 δύναμις
2958 2940 3071 2999 τοῖς
3093 2936 3179 2989 διὰ
3209 2937 3444 2997 πίστεως
3473 2934 3770 3004 μετιοῦσιν

2186 3034 2285 3103 τὴν
2308 3033 2466 3104 χάριν
2494 3029 2665 3100 νέμει,
2696 3029 2925 3100 περιορᾷ
2950 3028 3007 3081 δὲ
3037 3028 3133 3098 τὴν
3161 3026 3270 3079 τῶν
3310 3023 3579 3096 μυστικῶν
3615 3041 3771 3090 συμ-

523 3126 864 3184 aspernatur,
897 3133 991 3187 per
1018 3134 1137 3187 qua:
1166 3119 1453 3175 divinioris
1505 3123 1870 3190 generationis
1909 3110 2085 3175 virtus

2189 3124 2360 3177 δόλων
2384 3141 2441 3175 τε
2467 3122 2562 3175 καὶ
2593 3121 2728 3174 ἐθῶν
2764 3119 3063 3179 κοινωνίαν,
3090 3120 3147 3171 ὲν
3172 3113 3254 3181 οἷς
3280 3120 3308 3171 ὀ
3334 3114 3773 3187 Χριστιανισμδς

523 3207 975 3277 participantibus
1002 3224 1100 3277 per
1130 3210 1283 3266 Iidem
1319 3212 1544 3275 gratiam
1584 3214 1779 3267 tribuit
1807 3232 1822 3277 ;
1856 3214 2086 3283 despicit

523 3305 703 3351 autem
764 3300 1116 3369 mysticorum
1177 3302 1543 3372 symbolorum
1603 3313 1655 3357 et
1690 3305 1891 3357 rituum
1932 3318 2086 3356 com-

520 3390 855 3452 munionem,
888 3391 941 3444 io
976 3392 1173 3461 quibus
1211 3392 1662 3449 Christianismus
1707 3396 1872 3449 robur
1901 3395 2082 3458 habet,

523 3481 655 3534 illud
694 3481 975 3551 Propheta:
998 3486 1270 3544 dicamus.
1305 3486 1585 3554 paululum
1617 3488 1847 3558 digressi
1894 3488 1959 3542 ad
1991 3504 2088 3541 an-

524 3573 732 3628 ditorcs
766 3574 968 3629 erroris
1010 3583 1065 3628 et
1125 3576 1477 3646 imposturte:
1537 3577 1819 3649 Quousque
1875 3578 2085 3633 tandem

524 3667 671 3735 gravi
699 3665 853 3720 corde
878 3669 903 3722 ?
932 3668 1115 3737 utquid
1183 3668 1409 3738 diligitis
1444 3671 1728 3723 vanitatem
1767 3681 1815 3725 et
1845 3673 2085 3741 quteritis

527 3757 855 3811 mendacium
878 3760 921 3791 ⁶⁹
947 3759 973 3813 ?
1025 3758 1309 3825 Quomodo
1357 3776 1462 3815 non
1497 3762 1695 3818 videtis
1733 3762 1855 3818 ﬁdei
1902 3780 2088 3835 perse-

526 3857 767 3903 cutorem
802 3848 868 3904 ad
899 3850 1302 3908 Cbristianismi
1344 3855 1830 3923 transgressionem
1863 3872 1958 3910 eos
1994 3857 2087 3926 qui

525 3941 573 3992 ei
607 3940 836 3994 credunt
860 3951 1239 4011 provocantem
1262 3945 1286 3997 ?
1313 3945 1370 3999 Si
1402 3946 1545 3999 cnim
1576 3947 2007 4004 tenerandorum
2034 3957 2090 4005 et

525 4034 922 4088 bonorabilium
948 4035 1230 4088 nominum
1266 4043 1467 4090 sancta:
1500 4035 1781 4091 Trinitatis
1815 4037 2089 4093 confessio

524 4133 606 4178 est
633 4126 862 4189 inutilis,
896 4125 1116 4179 inutiles
1152 4128 1315 4181 etiam
1357 4136 1485 4181 sunt
1513 4127 1766 4181 Ecclesize
1813 4130 1988 4183 ritus:
2032 4130 2087 4183 in

523 4213 611 4269 bis
639 4220 820 4267 autem
850 4213 1046 4267 ritibus
1103 4222 1187 4269 est
1237 4215 1494 4281 sigillum,
1551 4215 1877 4286 deprecatio.
1912 4218 2088 4284 bapti-

524 4322 667 4365 sma.
696 4314 1046 4375 peccatorum
1076 4308 1370 4373 confessio,
1417 4309 1483 4362 ad
1516 4309 1768 4363 mandata
1829 4312 2089 4379 prompti-

524 4396 678 4455 tudo,
710 4410 921 4449 morum
956 4396 1283 4457 emendatio,
1309 4405 1673 4465 temperanter
1715 4407 1768 4452 et
1798 4399 1977 4453 sobrie
2009 4400 2089 4453 vi-

2186 3213 2282 3284 τὴν
2316 3214 2467 3283 ἰσχὺν
2500 3213 2631 3284 ἔχει,
2665 3212 2908 3281 εἴπωμεν
2954 3210 3014 3262 τὸ
3056 3208 3149 3262 τοῦ
3204 3210 3504 3279 Προφήτου,
3555 3206 3773 3277 μικρὸν

2188 3306 2604 3377 παρῳδήσαντες
2648 3303 2785 3373 πρὸς
2817 3302 2941 3363 τοὺς
2976 3301 3248 3373 ἀκροατὰς
3279 3304 3376 3368 τῆς
3404 3299 3638 3370 ἀπάτης,
3674 3299 3773 3352 ὅτι

2188 3400 2335 3464 Ἕως
2356 3399 2497 3451 πότε
2516 3394 2931 3464 βαρυκάρδιοι;
2961 3394 3061 3447 ἵνα
3087 3395 3142 3446 τί
3163 3392 3427 3464 ἀγαπᾶτε
3452 3393 3563 3459 τὴν
3603 3390 3779 3446 ἀπώ-

2187 3493 2358 3544 λειαν
2385 3489 2479 3542 καὶ
2517 3486 2734 3553 ζητεῖτε
2754 3486 3013 3556 dandae;
3055 3484 3179 3549 ῐῖῶς
3211 3485 3307 3554 οὐχ
3332 3485 3490 3554 ὁρᾶτε
3516 3483 3607 3535 τὸν
3631 3483 3780 3537 διώ-

2188 3596 2322 3649 κτην
2346 3580 2444 3648 τῆς
2476 3577 2726 3640 πίστεως,
2749 3578 2827 3639 είς
2858 3574 3165 3646 παράὁασιν
3186 3572 3278 3625 τοῦ
3327 3571 3773 3641 Χριστιανισμοῦ

2186 3671 2313 3734 τοὺς
2333 3668 2682 3739 πειθομένους
2701 3666 2848 3737 αὐτῷ
2870 3665 3304 3736 προκαλούμενον
3322 3681 3337 3728 ;
3373 3664 3435 3717 Εἰ
3459 3663 3562 3733 γὰρ
3583 3663 3778 3732 ἀχρη-

2191 3780 2314 3826 στος
2358 3762 2454 3832 μὲν
2499 3762 2532 3832 ἡ
2581 3760 2688 3813 τῶν
2732 3757 2941 3828 σεμνῶν
2986 3775 3046 3810 τε
3087 3758 3180 3810 καὶ
3214 3757 3409 3827 τιμίων
3453 3757 3551 3826 τῆς
3593 3754 3781 3823 ἁγίας

2187 3853 2414 3926 Τριάδος
2448 3852 2723 3920 ὀνομάτων
2756 3846 3032 3918 ὁμολογία,
3074 3846 3305 3916 ἀνόνητα
3338 3845 3395 3898 δὲ
3431 3844 3500 3898 τὰ
3530 3842 3627 3914 ἔθη
3656 3843 3781 3913 τῆς

2199 3944 2542 4015 Ἐκκλησίας,
2571 3945 2627 3996 ἐν
2650 3942 2705 3994 δὲ
2730 3944 2839 4003 τοῖς
2866 3938 3009 3992 ἔθεσι
3033 3938 3239 4000 τούτοις
3255 3938 3401 3989 ἐστὶν
3429 3938 3462 4004 ἡ
3495 3933 3775 4005 σφραγὶς,

2189 4038 2548 4113 ὴπροσευχὴ,
2598 4035 2657 4087 τὺ
2689 4034 2985 4105 βάπτισμα,
3034 4033 3067 4101 ἡ
3110 4029 3212 4082 τῶν
3255 4027 3534 4099 ἁμαρτιῶν
3562 4025 3779 4091 ἐξαγό-

2190 4149 2393 4205 ρευσις,
2420 4131 2452 4201 ὴ
2477 4128 2604 4198 περὶ
2632 4126 2731 4188 τὰς
2758 4123 2973 4185 ἐντολὰς
2999 4120 3292 4192 προθυμία,
3323 4121 3355 4190 ἡ
3381 4118 3507 4189 περὶ
3539 4117 3598 4171 τὸ
3625 4113 3781 4188 ἦθος

2188 4219 2540 4292 κατόρθωσις,
2581 4216 2642 4270 τὸ
2671 4216 2811 4269 κατά
2844 4212 3196 4285 σωφροσύνην
3229 4210 3398 4281 βιοῦν,
3438 4210 3500 4263 τὸ
3531 4209 3663 4279 πρὸς
3698 4209 3784 4263 τδ

2188 4312 2393 4365 δίκαιον
2439 4308 2675 4378 βλέπειν,
2725 4306 2788 4359 τὸ
2836 4305 2908 4376 μὴ
2953 4306 3073 4368 ταῖς
3115 4302 3431 4373 ἐπιθυμίαις
3462 4300 3778 4364 ἐθίζεσθαι,

2193 4406 2327 4474 μήτε
2364 4401 2552 4472 ἡδονῆς
2581 4398 2865 4471 ἡττᾶσθαι,
2915 4398 3050 4466 μήτε
3096 4396 3294 4465 ἀρετῆς
3337 4391 3781 4448 ἀπολείπεσθαι.

524 4499 670 4547 vere,
705 4485 770 4539 ad
798 4485 852 4538 id
883 4486 1026 4555 quod
1046 4486 1251 4555 justum
1274 4498 1357 4543 est
1384 4488 1673 4558 respicere,
1700 4489 2086 4559 cupiditatibus

2188 4495 2254 4547 Εἰ
2301 4489 2393 4547 οὖν
2432 4491 2596 4563 μηδὲν
2632 4489 2739 4542 τῶν
2766 4487 3020 4543 τοιούτων
3049 4486 3186 4540 ἐθῶν
3229 4487 3315 4537 ἐπ’
3344 4483 3531 4554 ἀγαθῷ
3558 4501 3787 4555 κατορ-

527 4591 632 4631 non
674 4591 1011 4636 assuescere.
1062 4594 1239 4647 neque
1270 4593 1299 4631 a
1337 4580 1611 4645 uoluptate
1644 4582 1811 4645 vinci,
1851 4597 2028 4651 neque
2059 4597 2089 4635 a

524 4668 725 4722 virtute
753 4666 1018 4733 deﬁcere;
1052 4669 1097 4723 si
1127 4669 1291 4738 igitur
1320 4670 1456 4723 nihil
1492 4671 1679 4724 talium
1716 4672 2087 4726 institutorum

524 4758 592 4812 ad
646 4760 809 4813 vitam
879 4759 1019 4815 bene
1080 4760 1466 4816 instituendam
1506 4762 1755 4817 conferre
1816 4771 2088 4829 autumat,

524 4867 702 4922 neque
732 4853 957 4924 mystica
1009 4853 1254 4923 symbola
1297 4867 1418 4909 esse
1465 4854 1669 4923 optima
1723 4855 1960 4909 remedia
2020 4854 2087 4908 ad

522 4943 920 5007 conservanda,
968 4943 1127 4999 sicuti
1167 4944 1460 5009 credimus,
1505 4946 1669 4998 animi
1709 4945 1891 5000 bona:
1934 4960 2088 5000 aver~

523 5045 887 5091 rnncamenta
921 5045 1102 5091 autem
1135 5046 1187 5092 et
1213 5036 2088 5107 depulsionesillectamentorum,

523 5143 644 5199 quae
673 5128 1021 5184 credentibus
1069 5144 1098 5182 a
1152 5129 1390 5200 maligno
1444 5128 1704 5184 insidiose
1757 5138 2085 5185 struuntur:

522 5220 650 5289 quid
682 5218 829 5274 aliud
861 5219 1191 5283 hominibus,
1215 5220 1379 5290 idque
1410 5221 1587 5289 palam
1611 5222 1893 5284 inclamat,
1924 5237 2089 5292 quam

524 5326 696 5378 nugas
716 5310 1022 5366 existimari
1047 5312 1245 5366 debere
1267 5310 1702 5367 Christianorum
1729 5313 2048 5381 mysterium
2071 5330 2086 5379 ;

523 5400 773 5458 deridere
830 5403 1148 5475 dignitatem
1213 5405 1522 5459 divinorum
1578 5404 1896 5469 nominum;
1949 5404 2090 5459 ludi-

524 5490 700 5545 brium
743 5505 933 5562 putare
985 5493 1238 5549 Ecclesiae
1275 5494 1413 5549 ritus
1456 5503 1511 5548 et
1563 5495 1852 5561 instituta;
1894 5512 2086 5566 nugas,

530 5582 713 5636 nescio
742 5598 901 5653 quas,
935 5592 991 5639 et
1018 5585 1306 5639 stultitiam
1335 5585 1519 5640 omnia
1550 5600 1671 5657 quae
1698 5586 1845 5641 circa
1884 5596 2090 5657 myste-

601 5756 644 5787 "
683 5753 839 5813 toan.
875 5772 957 5823 ιιι,
995 5756 1048 5812 3.
1159 5758 1205 5791 ’⁸
1243 5755 1403 5815 Joan.
1438 5774 1512 5824 vr,
1549 5758 1637 5813 55.

1708 5760 1752 5792 ”
1790 5756 1933 5815 Psal.
1974 5774 2048 5826 IV,
2086 5759 2140 5814 5.

2196 4585 2415 4640 θοῦσθαι
2440 4585 2611 4652 λέγει,
2636 4582 2768 4653 μηδὲ
2792 4581 2859 4635 τά
2887 4579 3119 4651 μυστικά
3149 4577 3389 4650 σύμϐολα
3419 4578 3786 4647 φυλακτήρια

2198 4681 2295 4750 μὲν
2323 4677 2430 4730 τῶν
2480 4676 2607 4747 περὶ
2644 4674 2742 4745 τὴν
2766 4672 2940 4743 ψυχὴν
2967 4670 3204 4740 ἀγαθῶν,
3253 4668 3433 4730 καθὼς
3465 4669 3785 4722 πεπιστεύ-

2195 4786 2389 4838 καμεν,
2418 4766 2660 4837 γίνεσθαι
2680 4782 2693 4795 θ
2730 4765 3073 4834 ἀποτρόπαια
3103 4762 3159 4816 δὲ
3186 4760 3293 4814 τῶν
3317 4761 3434 4813 κατ’
3466 4758 3781 4830 ἐπιϐουλὴν

2193 4858 2286 4912 τοῦ
2309 4856 2544 4929 πονηροῦ
2565 4858 2676 4918 τοῖς
2703 4853 3117 4908 πεπιστευκόσιν
3142 4848 3523 4919 ἐπαγομένωνθ
3554 4848 3606 4901 τί
3625 4848 3781 4906 ἀλλο

2194 4949 2287 5003 καὶ
2319 4950 2439 5018 οὐχὶ
2464 4946 2709 5018 φανερῶς
2738 4944 2908 5015 ὲμὸοᾷ
2929 4946 3040 5007 τοῖς
3065 4941 3387 5013 ἀνθρώποις,
3414 4942 3574 5012 λῆρον
3597 4945 3779 5012 ἡγεῖ-

2195 5043 2317 5095 σθαι
2361 5039 2469 5093 τῶν
2498 5035 2836 5110 Χριστιανῶν
2871 5033 2933 5088 τὺ
2964 5035 3280 5105 μυστήριον.
3319 5031 3622 5103 καταγελᾷν
3648 5032 3778 5103 τῆς

2193 5132 2519 5203 σεμνότητος
2562 5129 2667 5182 τῶν
2719 5127 2876 5180 θείων
2916 5126 3228 5195 ὀνομάτων,
3268 5124 3513 5190 παίγνιον
3543 5124 3774 5179 οἴεσθαι

2189 5223 2259 5278 τὰ
2295 5224 2391 5294 τῆς
2430 5206 2749 5291 Ἐκκλησίας
2780 5217 2897 5287 ἔθη,
2946 5216 3212 5287 φλυαρίαν
3245 5215 3362 5269 τινὰ
3406 5216 3499 5269 καὶ
3542 5217 3774 5287 μωρίαν

2193 5318 2261 5371 τὰ
2283 5317 2424 5370 κοιτά
2454 5316 2515 5369 τὸ
2546 5314 2839 5384 μυστήριον
2869 5308 3232 5381 ἐνεργούμενὰ
3266 5308 3472 5369 πάντας
3502 5308 3567 5360 Τί
3591 5308 3772 5361 πλέον

2195 5411 2241 5462 οἱ
2292 5407 2369 5478 τῷ
2419 5403 2756 5475 Ἑλληνισμῷ
2798 5401 3197 5471 παραμένοντες
3243 5400 3321 5461 είς
3364 5398 3615 5469 διαϐολὴν
3659 5398 3771 5452 ’τοὸ

2194 5498 2314 5553 καθ’
2347 5499 2492 5569 ἡμᾶς
2526 5493 2854 5567 προφέρουσι
2885 5489 3184 5559 δόγματοςς
3235 5488 3367 5557 Οὐχὶ
3395 5489 3633 5541 κάκεῖνοι
3660 5489 3771 5555 γέ-

2192 5590 2361 5653 λωτος
2406 5586 2655 5660 ἀφορμὴν
2691 5585 2752 5637 τὸ
2796 5600 2853 5636 σε
2863 5582 2988 5654 μνον
3020 5578 3292 5634 ποιοῦνται
3324 5577 3430 5631 τῶν
3458 5577 3768 5650 ὀνομάτων,
