4034 6476
291 429 394 487 881

287 549 347 602 ὲν
375 545 454 614 οἷς
481 553 512 622 ἡ
543 554 722 619 πίστις
747 563 1084 630 κρατύνεται,
1116 573 1207 624 καὶ
1224 573 1626 645 διαχλευάζουσι
1653 589 1721 637 τὰ
1754 604 1856 657 μυ-

288 643 450 695 στικὰ
476 646 737 716 σύμϐολα,
770 654 860 705 καὶ
892 657 958 708 τὰ
997 643 1392 736 διατηρούμενα
1438 673 1586 742 παρὰ
1622 677 1731 729 τῶν
1754 643 1858 747 ’με-

289 738 584 833 μυημένων
619 742 850 833 ἔϐης-Τὸ
876 748 932 800 δὲ
963 752 1019 803 ὲν
1051 754 1278 826 δόγμασι
1303 762 1412 814 δεῖν
1448 738 1627 833 μόνοις
1652 738 1855 823 οἴεσθαι

283 826 383 895 τὴν
412 829 692 886 εὐσέϐειαν
726 831 884 900 εἶναι,
917 841 1058 906 τίνος
1084 845 1253 911 οὕτως
1282 851 1411 905 ἴδιον
1437 855 1511 917 ὡς
1533 857 1639 910 τῶν
1679 859 1858 931 Ἐλλή-

284 939 391 975 νων
416 941 430 988 ;
472 927 624 981 Ἐπεὶ
651 933 888 986 κάκεῖνοί
915 954 1075 1004 φασιν
1103 938 1244 996 εἷναί
1284 965 1335 999 τι
1365 950 1504 1002 κατὰ
1532 953 1629 1022 τὴν
1651 956 1854 1008 ἑαυτῶν

285 1014 553 1086 ὑπόληψιν
605 1021 698 1074 τοῦ
746 1026 1096 1097 κηρύγματος
1143 1035 1296 1103 ἡμῶν
1343 1040 1727 1115 πιθανώτερον,
1762 1049 1852 1100 καί

279 1123 404 1160 τινα
437 1111 606 1179 μέγαν
655 1113 713 1179 ἐξ
741 1119 918 1172 αὐτῶν
943 1139 1084 1186 τινες
1113 1127 1451 1185 ὑπεκτίθενται
1494 1135 1645 1199 Θεὴν,
1689 1139 1852 1211 ὑπερ⁹

282 1205 616 1274 ανεστηκότα
644 1207 750 1260 τῶν
794 1211 967 1266 ἄλλων
1001 1218 1094 1268 καὶ
1144 1221 1481 1292 ὑποχειρίους
1519 1227 1668 1291 τινὰς
1693 1230 1852 1285 δυνά-

285 1309 410 1360 μεις
462 1296 801 1366 ὁμολογοῦσι,
848 1303 935 1358 διά
978 1323 1118 1368 τινος
1160 1312 1362 1378 τάξεως
1393 1318 1483 1368 καὶ
1511 1319 1848 1386 ἀκολουθίας,

281 1384 526 1455 ἀλλήλων
562 1390 659 1458 μὲν
695 1392 830 1462 πρὸς
861 1395 922 1448 τὸ
985 1399 1170 1467 μεῖζον
1211 1403 1242 1472 ἢ
1287 1407 1702 1479 καταδεέστερον
1739 1384 1851 1465 διαὲ

281 1476 571 1546 φερούσας,
605 1479 1011 1556 ὑπεζευγμένας
1037 1490 1093 1542 δὲ
1124 1493 1301 1557 πάσας
1326 1498 1520 1568 ἐπίσης
1553 1476 1629 1571 τῷ
1659 1503 1851 1574 ὑπερέ-

279 1585 452 1637 χοντι.
493 1572 679 1628 Ταῦτα
707 1577 884 1631 τοίνυν
914 1581 1006 1634 καὶ
1041 1584 1088 1635 oi
1123 1586 1430 1656 καθηγηταὶ
1468 1592 1566 1661 τῆς
1607 1593 1732 1657 νέας
1770 1572 1851 1649 ἐι-

277 1659 668 1734 δωλολατρείας
693 1670 1024 1740 κηρύσσουσι
1049 1690 1064 1705 ο
1101 1677 1193 1730 καὶ
1222 1679 1281 1731 οὐ
1316 1659 1613 1736 δεδοίκασιν
1645 1687 1692 1737 oi
1726 1687 1848 1738 ἑπό-

281 1768 436 1820 μενοι
457 1756 551 1826 τὴν
572 1759 921 1833 ἐπικειμένην
942 1769 1050 1829 τοῖς
1074 1769 1480 1841 παραῆεϐηκόσι
1506 1777 1846 1848 κατάκρισιν.

282 1841 494 1915 Ὠσπερ
541 1848 601 1899 οὐ
650 1853 936 1921 συνιέντες,
983 1857 1064 1909 ὅτι
1108 1861 1167 1911 τὸ
1199 1860 1343 1932 ἔργῳ
1387 1882 1438 1916 τι
1480 1869 1702 1937 ποιῆσαι
1741 1872 1848 1924 τῶν

277 1932 525 2000 ἀτόπων,
572 1941 664 1993 τοῦ
702 1943 788 1997 διὰ
832 1949 1073 2017 ῥήματος
1125 1953 1445 2025 ἐξαμαρτεῖν
1502 1932 1657 2028 μόνον
1698 1964 1847 2034 παρὰ

278 2025 414 2080 πολὺ
443 2029 836 2105 χαλεπώτερον.
889 2041 949 2091 Οί
993 2043 1166 2095 τοίνυν
1216 2046 1361 2116 ἔργῳ
1408 2025 1512 2117 μὲν*
1542 2050 1637 2120 τὴν
1670 2025 1846 2108 πίστιν

276 2117 628 2190 ἀρνούμενοι,
676 2129 770 2180 καὶ
811 2130 876 2184 τὰ
911 2131 1006 2200 ἔθη
1050 2136 1392 2203 φαυλίζοντες
1417 2183 1432 2206 ,
1477 2146 1569 2197 καὶ
1595 2117 1709 2217 -τὴν
1740 2149 1846 2201 τῶν

275 2208 553 2278 ὀνομάτων
599 2218 886 2287 ὁμολογίαν
936 2227 1328 2296 περιορῶντες,
1368 2235 1460 2286 καὶ
1504 2236 1592 2288 τὸν
1638 2208 1700 2290 ἐκ
1739 2240 1843 2291 τῶν

277 2304 551 2368 μυστικῶν
574 2309 853 2378 συμϐόλων
883 2313 1146 2386 ἀγιασμὸν
1175 2319 1289 2372 ἀντ’
1318 2325 1527 2388 οὐδενὸς
1562 2323 1699 2381 εἶναι
1729 2331 1847 2400 κρί-

271 2410 491 2458 νοντες·
547 2401 682 2470 πρὸς
723 2403 780 2456 δὲ
833 2407 901 2460 τὰ
949 2415 1310 2483 σεσοφισμένα
1361 2419 1578 2487 ῥήματα
1631 2420 1844 2489 βλέπειν

269 2485 709 2557 ἀναπεισθέντες,
735 2498 826 2549 καὶ
851 2501 908 2551 ὲν
937 2505 1000 2572 τῇ
1031 2503 1123 2556 τοῦ
1144 2509 1400 2577 γεννητοῦ
1429 2512 1518 2562 καὶ
1549 2513 1840 2585 ἁγεννήτου

269 2578 583 2652 τεχνολογίᾳ
625 2583 723 2654 τὴν
768 2591 1040 2660 σωτηρίαν
1071 2588 1210 2648 εἶναι
1247 2597 1574 2667 νομίζοντες,
1599 2578 1674 2655 γτί
1715 2578 1840 2658 διλλο

269 2670 366 2720 καὶ
378 2670 495 2740 οὐχὶ
513 2689 588 2726 πα
597 2675 823 2742 ραϐἀται
842 2680 950 2732 τῶν
970 2683 1066 2751 τῆς
1087 2700 1228 2755 σωτη
1239 2687 1355 2756 ρίας
1370 2688 1650 2758 δογμάτων
1665 2695 1799 2745 εἰσίν
1823 2711 1836 2757 ;

1381 458 1659 517 CONTRA
1699 464 2086 538 EUNOMIUM,
2118 476 2246 535 LIB.
2287 482 2380 540 Xl.

3418 509 3522 564 813!

1881 595 1929 651 Α
1959 595 2095 651 rium
2124 599 2437 659 efficiuntur
2463 606 2486 659 ?
2512 607 2650 673 Quid
2683 612 2915 681 amplius
2950 616 3022 671 illi
3051 619 3143 688 qui
3193 621 3247 676 in
3286 621 3521 680 Hellenio

1957 703 2078 742 smo
2127 706 2463 760 permanent,
2496 698 2560 752 ad
2615 702 2944 758 calumniam
3004 718 3205 767 nostra:
3260 715 3523 774 d’Octrina:

1954 780 2289 844 proferunt?
2317 782 2433 840 Non
2459 797 2512 842 et
2533 789 2610 841 illi
2647 791 2793 847 risus
2826 798 3170 854 occasionem
3241 807 3519 860 nominum

1957 875 2316 928 venerandam
2371 877 2685 947 dignitatem
2754 883 2979 948 iaciunt,
3023 888 3073 942 iu
3131 893 3324 960 quibus
3390 895 3522 952 ﬁdes

1955 961 2326 1026 confirmatur,
2344 977 2397 1022 et
2431 972 2771 1027 subsannant
2797 979 3024 1047 mystica
3054 983 3322 1051 symbola,
3354 986 3522 1040 ritus-

1954 1067 2060 1121 que
2093 1064 2145 1107 et
2166 1057 2413 1114 instituta
2440 1078 2559 1130 qua:
2586 1065 2654 1120 ab
2688 1065 2914 1124 initiatis
2937 1072 3294 1128 observantur
3321 1076 3517 1142 ?Quod

1954 1153 2133 1199 autem
2171 1147 2224 1201 in
2276 1150 2509 1207 decretis
2543 1165 2793 1224 oporteat
2837 1162 2970 1213 solis
3031 1173 3221 1231 putare
3261 1167 3516 1235 pietatem

1953 1239 2274 1306 consistere,
2329 1244 2486 1311 cujus
2545 1247 2625 1302 sic
2664 1253 2942 1319 proprium
3009 1255 3150 1309 sicut
3205 1258 3516 1315 Graecorum

1953 1330 2368 1396 est?Quoniam
2404 1338 2566 1392 etiam
2624 1341 2700 1394 illi
2761 1344 2935 1406 aiunt,
3005 1349 3303 1402 secundum
3361 1367 3516 1406 suam

1952 1424 2264 1491 opinionem
2296 1427 2502 1496 aliquid
2544 1447 2664 1486 esse
2697 1443 2882 1488 nostra
2915 1439 3298 1504 praedicatione
3323 1443 3518 1509 proba-

1951 1512 2156 1568 bilius:
2192 1519 2482 1585 quemdam
2525 1537 2778 1592 magnum
2813 1541 2875 1580 cx
2912 1527 3048 1596 ipsis
3090 1529 3308 1597 quidam
3348 1530 3512 1586 Deum

1951 1618 2282 1674 Supponunt,
2320 1609 2441 1664 aliis
2481 1616 2998 1681 supereminentem,
3050 1626 3212 1688 atque
3244 1619 3514 1689 subiectas

1951 1695 2028 1748 illi
2067 1697 2330 1766 quasdam
2367 1711 2662 1770 potestates
2695 1710 3028 1763 confitentur
3059 1711 3251 1767 ordine
3280 1714 3513 1782 quodam

1949 1797 1999 1842 et
2051 1789 2190 1844 serie
2230 1791 2372 1846 inter
2412 1809 2470 1848 se
2522 1799 2819 1852 secundum
2879 1801 3058 1869 majus
3134 1805 3218 1859 vel
3287 1806 3516 1860 inferius

1950 1880 2298 1949 differentes,
2355 1887 2633 1954 subjectas
2683 1899 2863 1944 autem
2900 1909 3089 1949 omnes
3146 1898 3428 1963 aequaliter
3463 1897 3516 1952 ei

1953 1973 2045 2040 qui
2105 1976 2488 2042 supereminet.
2547 1979 2922 2052 lltec‘quidem
2977 2000 3131 2038 nova:
3195 1985 3517 2041 idololatrias

1955 2065 2198 2134 magistri
2228 2069 2543 2136 praedicant,
2574 2088 2749 2141 neque
2781 2083 3040 2127 verentur
3073 2075 3268 2130 docere
3304 2075 3379 2128 illi
3421 2076 3514 2145 qui

1953 2153 2066 2209 hac
2111 2170 2432 2226 sequuntur,
2472 2165 2968 2232 transgressoribus
3000 2165 3512 2220 condemnationem

1951 2242 2250 2301 imminere.
2309 2248 2476 2313 Quasi
2533 2268 2641 2306 non
2701 2253 3037 2324 intelligant,
3105 2254 3249 2323 quod
3303 2254 3515 2325 aliquid

1952 2336 2250 2392 absurdum
2311 2342 2456 2396 iacto
2515 2354 2865 2415 perpetrare,
2921 2351 3092 2401 multo
3155 2349 3373 2417 gravius
3431 2356 3515 2402 est

1949 2441 2110 2494 quam
2144 2430 2310 2484 verbo
2340 2433 2458 2486 solo
2485 2450 2732 2502 peccare.
2767 2436 2868 2500 Qui
2902 2436 3067 2506 igitur
3102 2437 3244 2489 facto
3292 2436 3509 2506 quidem

1950 2517 2105 2572 [idem
2139 2529 2355 2590 negant,
2388 2532 2441 2576 et
2473 2524 2718 2579 instituta
2746 2541 2808 2580 ac
2839 2527 2977 2580 ritus
3010 2528 3157 2596 parvi
3205 2528 3430 2586 faciunt,
3459 2535 3512 2581 et

1947 2609 2226 2662 nominum
2265 2611 2662 2668 confessionem
2691 2615 3017 2684 despiciunt,
3047 2624 3098 2670 et
3144 2633 3206 2670 ex
3269 2616 3511 2688 mysticis

1946 2702 2206 2768 symbolis
2259 2703 2746 2759 sanctiﬁcationem
2810 2723 2908 2776 pro
2946 2708 3120 2760 nihilo
3179 2709 3405 2770 ducunt,
3442 2708 3508 2761 ad

271 2763 435 2818 docta
463 2768 625 2821 verba
657 2773 925 2840 respicere
956 2779 1226 2844 persuasi,
1261 2791 1316 2834 et
1365 2782 1420 2835 in
1474 2786 1642 2851 geniti
1716 2798 1884 2858 atque
1954 2792 2180 2864 ingeniti
2240 2799 2536 2854 artilicioso
2599 2817 2848 2856 sermone
2915 2803 3145 2857 salutem
3211 2805 3508 2858 consistere

268 2860 576 2925 Opinantes,
629 2862 756 2927 quid
789 2865 932 2918 aliud
990 2877 1139 2930 sunt,
1191 2887 1353 2939 quam
1394 2882 1834 2945 transgressores
1873 2881 2327 2943 documentorum
2362 2893 2599 2947 salutis?

341 2948 402 3000 El
434 2949 490 3001 δέ
515 2965 598 3012 τις
621 2953 789 3006 οἴεται
809 2955 979 3010 ταῦτα
1006 2960 1145 3012 κατά
1168 2978 1285 3014 τινα
1314 2967 1676 3034 συκοφαντίαν
1705 2971 1834 3040 παρ’

265 3039 426 3108 ἡμῶν
456 3042 635 3105 αὐτοῖς
665 3047 1038 3116 ἐπιφέρεσθαι.
1081 3053 1199 3106 καθ’
1243 3055 1429 3108 ἑαυτὸν
1456 3039 1834 3127 διασκεψάσθω

2003 2977 2157 3042 Quod
2187 2983 2229 3034 si
2263 2983 2387 3050 quis
2417 2992 2568 3052 putat
2598 2984 2711 3038 haec
2741 2999 2770 3036 a
2792 2984 2948 3039 nohis
2977 2985 3245 3038 calumnia
3275 2984 3506 3054 quadam

1940 3071 2075 3142 ipsis
2107 3074 2314 3138 inferri,
2346 3093 2462 3145 qua:
2489 3079 2556 3132 ab
2589 3079 2708 3148 ipso
2734 3080 2934 3149 scripta
2987 3087 3135 3140 sunt,
3167 3095 3262 3147 per
3298 3096 3356 3133 se
3387 3080 3507 3148 ipse

261 3129 335 3180 τὰ
366 3131 496 3199 παρ’
527 3132 689 3186 αὐτοῦ
724 3139 1106 3207 γεγραμμένα,
1149 3144 1217 3195 τά
1247 3161 1305 3196 τε
1341 3147 1670 3216 προτεθέντα
1703 3153 1835 3218 ἡμῖν

266 3220 310 3240 -ξ
331 3237 346 3240 -
375 3220 510 3240 ιΡΙᾉγ
546 3238 564 3240 ᾼ
755 3227 766 3240 ι
822 3227 844 3240 σι
1064 3231 1073 3240 ι
1161 3233 1171 3240 .
1228 3235 1239 3240 -
1303 3235 1331 3240 --
1419 3236 1433 3240 -

1965 3129 1978 3142 ,
2196 3129 2205 3130 κ
2278 3129 2314 3138 κ,
2493 3129 2549 3132 η
2590 3129 2700 3148 τ--
2734 3129 2933 3149 --ην-τ
2988 3129 3135 3140 ηπ-.
3171 3129 3251 3147 τε-
3298 3129 3352 3133 --
3389 3129 3502 3148 τ--

1939 3166 2262 3232 consideret,
2289 3176 2342 3223 et
2365 3185 2483 3237 quae
2502 3170 2660 3224 nobis
2678 3171 2743 3223 ad
2777 3186 3004 3225 examen
3036 3173 3309 3240 proposita
3347 3179 3502 3234 sunt,

263 3220 346 3282 εἰς
372 3220 636 3287 ἐξέτασιν,
681 3227 776 3278 καὶ
819 3227 916 3279 ὅσα
949 3231 1086 3282 κατὰ
1127 3233 1186 3285 τὸ
1217 3235 1504 3289 ἀκόλουθον
1537 3241 1649 3302 τοῖς
1681 3241 1834 3310 εἰρη-

267 3311 456 3380 μένοις
505 3314 784 3379 ὲπάγεται.
835 3320 970 3386 Φησὶ
1017 3323 1124 3393 γὰρ
1155 3325 1244 3378 τὸν
1289 3326 1382 3379 τοῦ
1431 3328 1632 3399 Κυρίου
1676 3330 1835 3399 νόμον

261 3405 762 3475 παραγραφάμενος
814 3411 997 3480 (νόμος
1026 3415 1132 3484 γάρ
1175 3417 1318 3469 ἐστιν
1350 3420 1382 3487 ὴ
1413 3420 1512 3489 τῆς
1545 3419 1694 3485 Θείας
1731 3441 1832 3490 μυ-

262 3497 577 3563 σταγωγίας
615 3499 941 3570 παράδοσις)
989 3507 1060 3575 μὴ
1107 3509 1186 3570 είς
1233 3511 1451 3580 Πατέρα
1476 3530 1532 3565 τε
1572 3516 1664 3567 καὶ
1710 3516 1835 3569 Υίὸν

261 3585 358 3636 καὶ
393 3584 546 3652 ἅγιον
585 3588 806 3658 Πνεῦμα
836 3591 894 3644 τὺ
927 3592 1207 3666 βάπτισμα
1238 3599 1500 3664 γίνεσθαι,
1533 3603 1714 3667 καθὼς
1749 3607 1832 3658 ὲν-

259 3676 504 3730 ετείλατο
524 3683 634 3743 τοῖς
654 3681 919 3751 μαθηταῖς
936 3687 1252 3756 παραδιδοὺς
1275 3691 1334 3743 τὸ
1360 3697 1650 3767 μυστήριον
1671 3714 1684 3727 ·
1719 3698 1831 3750 ἀλλ’

257 3770 340 3832 είς
371 3769 698 3842 δημιουργὸν
748 3775 840 3827 καὶ
886 3777 1128 3847 κτίστην,
1176 3781 1271 3833 καὶ
1309 3783 1369 3834 οὐ
1423 3785 1581 3854 μόνον
1616 3787 1832 3857 Πατέρα

257 3862 396 3930 φησὶ
438 3864 531 3916 τοῦ
582 3867 931 3936 Μονογενοῦς,
977 3870 1112 3923 ἀλλὰ
1142 3875 1235 3925 καὶ
1261 3873 1412 3928 Θεόν.
1446 3877 1508 3929 Ὤ
1537 3879 1565 3929 ὁ
1595 3878 1828 3941 ποτίζων

253 3953 350 4006 τὸν
382 3954 605 4025 πλησίον
633 3958 796 4010 αὐτοῦ
829 3960 1139 4032 ἀνατροπὴν
1170 3964 1429 4035 θολεράνί
1469 3969 1592 4032 Πῶς
1632 3971 1830 4024 ἀνατα-

257 4045 454 4115 ράσσει
495 4051 560 4117 τῇ
610 4048 816 4101 ίλυώδει
855 4054 1136 4126 προσθήκῃ
1169 4058 1262 4110 καὶ
1291 4058 1538 4112 ἀναθολοῖ
1569 4060 1664 4131 τὴν
1696 4061 1828 4132 ἀλή-

255 4132 446 4186 θειανί
481 4136 603 4200 Πῶς
633 4139 690 4190 οὺ
738 4139 937 4194 δέδοικε
985 4145 1084 4214 τὴν
1126 4149 1474 4219 ἐπικειμένην
1508 4151 1647 4222 ἀρὰν
1689 4154 1829 4206 κατὰ

251 4225 367 4278 τῶν
402 4229 797 4298 προστιθέντων
825 4251 874 4285 τι
902 4237 1019 4298 ταῖς
1054 4236 1226 4301 θείαις
1261 4245 1484 4307 φωναῖς,
1515 4243 1548 4312 ἢ
1579 4244 1826 4315 ὑφαιρεῖν

249 4318 607 4388 τολμώντωνς
648 4323 993 4396 Ἀναγνῶμεν
1016 4329 1100 4382 ἐπ’
1132 4331 1279 4402 αὐτῷ
1309 4333 1416 4386 τῶν
1447 4338 1702 4406 ῥημάτων
1729 4339 1826 4410 τὴν

247 4409 348 4461 τοῦ
388 4412 592 4483 Κυρίου
633 4417 838 4486 φωνήν.
878 4421 1295 4490 Πορευθέντες,
1350 4427 1502 4498 φησὶ,
1536 4409 1824 4496 μαθητεύ-

1938 3267 1990 3312 et
2026 3275 2364 3330 quaecunque
2389 3277 2454 3314 ex
2484 3263 2866 3317 consecutione
2887 3263 3050 3318 dictis
3079 3263 3502 3331 subjunguntur.

1937 3350 2024 3404 Ait
2055 3353 2197 3405 enim
2251 3351 2462 3406 Domini
2497 3354 2665 3423 legem
2707 3363 3022 3422 pervertens
3061 3353 3079 3420 (
3105 3354 3192 3408 lex
3249 3355 3390 3407 enim
3421 3361 3501 3407 est

1936 3441 2132 3497 divinze
2185 3443 2542 3500 institutionis
2602 3444 2888 3512 traditio),
2930 3460 3037 3498 non
3099 3445 3152 3498 in
3198 3443 3411 3498 Patrem
3451 3453 3500 3498 et

1937 3533 2130 3588 Filium
2161 3543 2214 3587 et
2241 3535 2502 3604 Spiritum
2555 3546 2803 3590 sanctum
2864 3535 3130 3606 baptisma
3168 3536 3305 3590 ﬁeri.
3364 3537 3500 3590 sicut

1935 3627 2191 3696 praecepit
2219 3626 2504 3697 discipulis
2541 3627 2760 3682 tradens
2794 3628 3133 3698 mysterium,
3165 3627 3258 3682 sed
3304 3628 3355 3681 in
3384 3627 3500 3695 opi-

1935 3717 2087 3770 ficem
2118 3725 2171 3770 et
2213 3725 2534 3779 creatorem,
2585 3725 2638 3771 et
2671 3733 2778 3771 non
2817 3719 2991 3772 solum
3039 3717 3276 3779 Patrem,
3305 3717 3499 3786 inquit,

1935 3804 2233 3874 Unigeniti,
2255 3809 2349 3864 sed
2375 3807 2535 3862 etiam
2572 3807 2760 3862 Deum.
2819 3807 2958 3861 Proh
2994 3808 3007 3861 !
3040 3809 3130 3875 qui
3193 3807 3497 3875 proximum

1933 3909 2088 3949 suum
2122 3905 2307 3964 potare
2341 3895 2469 3951 facit
2500 3899 2834 3952 eversionem
2870 3897 3174 3950 turbidam!
3211 3896 3496 3961 Quomodo

1931 3987 2114 4041 turbat
2160 4002 2378 4042 caenosa
2441 3988 2746 4056 adiectione
2797 3996 2850 4043 et
2879 3989 3128 4056 inquinat
3161 3990 3443 4040 veritatem
3477 3989 3490 4040 !

1930 4074 2210 4140 Quomodo
2239 4089 2346 4128 non
2399 4075 2648 4129 extimuit
2701 4077 3006 4146 impositam
3062 4077 3490 4131 exsecrationem

1929 4161 2190 4217 adversus
2232 4178 2327 4218 eos
2353 4163 2440 4232 qui
2473 4162 2673 4217 divinis
2703 4163 2929 4218 vocibus
2961 4163 3165 4231 aliquid
3207 4163 3490 4231 adjiciunt,

1927 4248 2010 4303 vel
2045 4249 2138 4320 qui
2182 4251 2508 4306 subtrahere
2541 4251 2787 4304 audent?
2813 4251 3079 4322 Legamus
3113 4255 3165 4307 in
3200 4269 3264 4307 eo
3294 4253 3487 4307 verbo-

1928 4352 2047 4392 rum
2079 4353 2264 4393 vocem
2295 4339 2524 4394 Domini.
2562 4339 2778 4406 Euntes,
2826 4342 3041 4411 inquit,
3094 4343 3272 4398 docete
3313 4359 3489 4398 omnes

1927 4440 2120 4499 gentes,
2151 4429 2474 4496 baptizantes
2515 4448 2600 4485 eos
2645 4434 2697 4486 in
2740 4435 2947 4487 nomine
2983 4434 3191 4499 Patris,
3247 4445 3298 4488 et
3332 4435 3486 4494 Filii.

249 4520 401 4556 σατε
428 4505 621 4559 πάντα
662 4507 732 4559 τὰ
763 4508 924 4576 ἔθνη,
968 4511 1354 4582 ,βαπτίζοντες
1385 4521 1606 4584 αὐτοὺς
1638 4526 1721 4589 εἰς
1757 4525 1821 4578 τὸ

1936 4529 1972 4573 at
1999 4519 2226 4586 Spiritus
2260 4523 2430 4576 sancti
2449 4522 2512 4575 '°.
2571 4521 2668 4577 Ubi
2724 4522 2917 4578 Filium
2967 4534 3272 4580 creaturam
3308 4527 3489 4595 appel-

247 4594 442 4662 ὄνομα
481 4596 588 4650 τοῦ
636 4599 860 4667 Πατρὸς
897 4603 995 4655 καὶ
1035 4604 1139 4656 τοῦ
1194 4609 1328 4662 Υίοῦ
1367 4611 1462 4662 καὶ
1502 4613 1606 4666 τοῦ
1650 4615 1820 4682 ἁγίου

245 4689 616 4755 Πνεύματος.
675 4692 783 4744 Ποῦ
837 4695 1040 4762 κτίσμα
1084 4698 1173 4749 τὸν
1213 4700 1335 4751 Υἱὸν
1375 4707 1817 4776 προσηγόρευσε;

248 4778 363 4831 Ποῦ
394 4781 614 4850 κτίστην
641 4783 730 4834 καὶ
763 4783 1090 4856 δημιουργὸν
1111 4791 1203 4841 τοῦ
1232 4793 1567 4860 Μονογενοῦς
1593 4799 1680 4851 τὸν
1712 4800 1820 4852 Πα·

245 4871 386 4941 τέρα
412 4874 440 4924 ὁ
469 4871 624 4938 λόγος
659 4873 895 4942 ἐδίδαξες
940 4878 1046 4930 Ποῦ
1072 4879 1256 4944 δοῦλος
1287 4882 1421 4935 Θεοῦ
1452 4887 1508 4936 ὲν
1537 4891 1646 4950 τοίς
1675 4889 1820 4960 είρη-

249 4963 436 5033 μένοις
472 4965 500 5014 ὁ
533 4965 657 5019 Υἱὸς
686 4963 822 5020 εἶναι
861 4969 1206 5035 διδάσκεται;
1260 4975 1369 5026 Ποῦ
1399 4976 1531 5040 Θεὸς
1561 4980 1653 5032 τοῦ
1688 4982 1814 5035 Υίοῦ

245 5057 305 5106 ὲν
341 5057 404 5124 τῇ
440 5058 730 5126 παραδόσει
763 5059 856 5111 τοῦ
911 5063 1206 5133 μυστηρίου
1255 5065 1582 5136 κηρύσσεται
1611 5087 1624 5134 ;
1676 5073 1816 5142 ’Ἄρα

245 5147 418 5198 νοεῖτε
449 5148 542 5200 καὶ
585 5150 811 5212 συνίετε,
845 5154 894 5205 οἱ
920 5153 983 5205 δι’
1014 5156 1227 5225 ἀπάτης
1259 5160 1650 5229 κατασυρέντες
1681 5163 1816 5234 πρὸς

243 5240 345 5304 τὴν
395 5237 699 5305 ἀπώλειαν,
751 5243 870 5295 τίνα
917 5245 1022 5297 τῶν
1074 5246 1215 5300 ἰδίων
1261 5249 1445 5317 ψυχῶν
1501 5250 1813 5323 καθηγητὴν

243 5330 676 5399 προεστήσασθε,
706 5333 796 5386 τὸν
824 5334 1106 5390 νοθεύοντα
1138 5340 1232 5403 τὰς
1261 5342 1418 5408 ἁγίας
1453 5343 1692 5412 Γραφὰς,
1723 5345 1812 5397 τὸν

247 5421 644 5490 μεταποιοῦντα
671 5425 769 5486 τὰς
801 5427 947 5490 θείας
994 5429 1194 5496 φωνὰς,
1224 5432 1314 5485 τὸν
1352 5434 1708 5489 ἁναθολοῦντα
1736 5436 1812 5507 τῷ

245 5510 366 5580 ἰδίῳ
405 5509 648 5582 βορϐόρῳ
693 5515 753 5566 τὸ
782 5515 1018 5588 καθαρὸν
1051 5521 1157 5572 τῶν
1185 5522 1281 5590 τῆς
1312 5524 1588 5588 εὐσεϐείας
1617 5525 1814 5594 δογμά-

240 5617 374 5663 των,
409 5602 499 5655 τὺν
534 5605 607 5674 μὴ
646 5607 803 5675 μόνον
833 5609 954 5661 καθ’
1005 5613 1162 5680 ἡμῶν
1203 5613 1304 5684 τὴν
1339 5616 1530 5668 ἑαυτοῦ
1564 5616 1811 5684 γλῶσσαν

241 5692 549 5761 ὸπλίζοντα,
597 5696 731 5750 ἀλλὰ
778 5701 871 5753 καὶ
924 5702 1089 5767 αὑτὰς
1141 5705 1560 5774 μετασκευάζειν
1609 5709 1812 5779 ἐπιχει-

320 5871 368 5903 ⁸⁸
419 5869 608 5926 Matth.
643 5888 832 5942 uvtu,
873 5878 949 5932 13.

1923 4612 2111 4666 lavit?
2184 4611 2285 4666 Ubi
2348 4613 2598 4678 Patrem,
2668 4626 2964 4670 creatorem
3025 4627 3077 4671 et
3152 4617 3487 4672 conditorem

1924 4703 2219 4776 Unigeniti,
2246 4722 2367 4761 esse
2393 4721 2572 4759 sermo
2600 4705 2825 4760 docuit?
2855 4705 2955 4761 Ubi
2993 4709 3046 4760 in
3076 4709 3161 4763 his
3199 4723 3320 4775 qua:
3342 4707 3485 4760 dicta

1920 4808 2048 4852 sunt
2078 4796 2248 4851 Filius
2277 4813 2396 4851 esse
2426 4813 2616 4851 servus
2641 4797 2730 4851 Dei
2759 4797 3035 4854 docetur?
3061 4797 3160 4852 Uhi
3194 4799 3335 4852 Deus
3361 4797 3483 4850 Filii

1920 4889 1978 4942 in
2013 4889 2256 4958 mysterii
2296 4888 2590 4941 traditione
2613 4887 2980 4957 prtedicatur?
3010 4887 3147 4958 Ergo
3170 4889 3484 4958 cognoscite

1918 4986 1972 5033 et
2004 4979 2285 5048 intelligite
2323 4978 2414 5045 qui
2449 4993 2633 5034 errore
2683 4987 2737 5034 et
2769 4980 3065 5048 impostura
3126 4980 3377 5047 pertracti
3412 4980 3478 5032 ad

1924 5066 2204 5120 interitum
2238 5068 2393 5129 estis,
2426 5083 2586 5137 quem
2616 5068 2919 5121 animarum
2956 5079 3257 5122 vestrarum
3311 5071 3480 5140 magi-

1918 5167 2090 5212 strum
2128 5158 2466 5226 praefecistis,
2501 5161 2592 5228 qui
2628 5161 2896 5213 adulterat
2921 5158 3236 5228 Scripturas
3267 5175 3476 5220 sacras,

1915 5251 2006 5319 qui
2042 5259 2370 5305 transmutat
2399 5251 2613 5304 divinas
2646 5266 2828 5312 voces,
2875 5251 2966 5320 qui
3002 5251 3218 5318 preprio
3269 5250 3383 5303 luto
3428 5262 3480 5305 et

1916 5355 2073 5395 caeno
2137 5357 2270 5412 pura
2334 5343 2586 5411 dogmata
2643 5343 2859 5408 pietatis
2912 5343 3180 5410 inquinat,
3234 5343 3326 5412 qui
3370 5358 3476 5397 non

1911 5436 2086 5489 solum
2116 5443 2308 5489 contra
2336 5452 2436 5490 nos
2480 5451 2632 5490 suam
2664 5435 2901 5502 linguam
2945 5443 3140 5497 armat,
3172 5434 3266 5490 sed
3311 5435 3474 5488 etiam

1911 5527 2057 5596 ipsas
2086 5535 2306 5582 sanctas
2339 5543 2500 5580 voces
2532 5535 2837 5594 pervertere
2879 5535 3108 5580 conatur
3134 5566 3148 5589 ,
3195 5529 3284 5595 qui
3319 5541 3473 5580 suam

1908 5618 2313 5688 perversionem
2349 5617 2562 5671 Domini
2595 5617 2841 5671 doctrina
2872 5617 3044 5687 magis
3089 5626 3259 5670 ratam
3290 5625 3345 5670 et
3380 5617 3474 5668 lir-

1909 5709 2132 5766 miorcm
2202 5725 2321 5764 csse
2373 5709 2746 5764 demonstrare
2811 5708 3097 5764 alllblll050
3167 5705 3466 5762 contzndit.
