4034 6468
238 346 351 402 885

1305 341 1585 397 CONTRA
1617 339 2009 406 EUNOMIUM,
2053 337 2184 393 LIB.
2216 338 2331 392 Xll.

3369 325 3478 384 886'

245 467 606 540 ἰσχυροτάτην
635 464 904 529 ἀπόδειξιν
936 457 1010 517 ὧν
1038 462 1282 528 λέγουσιν
1305 462 1445 531 ἔχειν
1472 463 1520 514 οί
1552 462 1612 514 τὸ
1635 477 1802 531 μεγα-
1831 479 1845 519 Α

1951 467 2104 513 utant
2141 458 2284 513 enim
2320 453 2750 510 valentissimam
2805 447 3327 505 demonstrationem
3383 459 3478 498 eo-

243 558 384 610 λεῖον
424 557 524 624 τῆς
565 553 657 608 τοῦ
698 553 1029 620 Μονογενοῦς
1079 551 1232 620 δόξης
1274 553 1352 613 είς
1399 552 1682 612 ταπεινοὺς
1721 551 1814 602 καὶ

245 648 634 718 δουλοπρεπεῖς
680 646 972 714 ὑπολήψεις
1011 646 1371 711 κατάγοντες,
1421 643 1511 694 τὸν
1543 642 1678 711 πρὸς
1717 641 1813 711 τὴν

247 740 469 808 Μαρίαν
512 737 604 790 τοῦ
650 737 852 806 Κυρίου
897 736 1081 803 λόγον,
1119 735 1175 787 ὃν
1218 734 1353 803 μετὰ
1383 735 1480 803 τὴν
1526 733 1815 785 ἀνάστασιν

251 829 360 896 πρὸ
403 829 501 896 τῆς
543 826 725 878 ἀνόδου
770 826 1055 895 πεποίηται
1081 825 1287 892 λέγων,
1335 825 1426 891 Μή
1450 841 1566 891 μου
1601 823 1813 880 ἅπτου,

252 917 420 969 οὔπω
449 919 554 985 γὰρ
587 915 917 981 ἀναϐέϐηκα
941 913 1088 982 πρὸς
1117 916 1220 966 τὸν
1252 913 1477 979 Πατέρα
1529 929 1647 981 μου
1665 928 1676 940 °
1709 928 1817 962 πο-

245 1010 493 1076 ρεύθητι
526 1006 592 1058 δὲ
617 1006 764 1072 πρὸς
800 1005 940 1069 τοὺς
962 1005 1260 1072 ἀδελφούς
1284 1021 1402 1072 μου
1431 1002 1529 1054 καί
1563 1001 1691 1054 εἰπὲ
1710 1001 1815 1053 αὺ-

255 1097 396 1162 τοῖς,
430 1097 517 1149 ὅτι
543 1098 838 1150 ἀναΰαίνω
883 1096 1032 1163 πρὸς
1060 1096 1164 1148 τὸν
1192 1093 1416 1161 Πατέρα
1437 1110 1555 1159 μου
1577 1091 1671 1144 καὶ
1699 1093 1816 1143 Πα-

255 1188 397 1255 τέρα
439 1187 622 1256 ὑμῶν,
664 1187 763 1239 καὶ
805 1189 950 1240 Geor
980 1205 1132 1255 μου,
1181 1186 1277 1239 καὶ
1318 1188 1463 1237 Θεὸν
1494 1183 1676 1252 ὑμῶν.
1709 1181 1820 1249 Τὴν

262 1281 368 1351 μὲν
395 1277 486 1333 οὖν
516 1279 709 1348 εὐσεϐῆ
735 1280 840 1330 τῶν
869 1279 1168 1349 εἰρημένων
1199 1277 1454 1339 διάνοιαν,
1484 1275 1602 1327 καθ’
1627 1276 1691 1344 ἢν
1723 1290 1818 1325 πε-

260 1373 632 1442 πιστεύκαμεν
660 1371 904 1442 εἰρῆσθαι
931 1371 1101 1422 ταῦτα
1130 1370 1263 1439 πρὸς
1290 1368 1385 1438 τὴν
1419 1367 1654 1437 Μαρίαν,
1691 1368 1822 1435 πρό-

260 1464 418 1533 δηλον
446 1459 598 1535 οἶμαι
626 1466 736 1526 τοῖς
777 1461 1234 1532 παραδεξαμένοις
1263 1461 1319 1511 ὲν
1351 1458 1572 1527 ἀληθείᾳ
1607 1458 1705 1527 τὴν
1737 1455 1824 1508 πί-

263 1571 380 1607 στιν
406 1572 420 1584 ·
447 1553 870 1624 προστεθήσεται
903 1552 960 1604 δὲ
989 1553 1132 1620 ὅμως
1167 1552 1257 1603 καὶ
1288 1551 1415 1619 παρ’
1449 1548 1604 1618 ἡμῶν
1636 1548 1665 1598 6
1698 1547 1825 1616 περὶ

263 1644 457 1697 τούτου
486 1644 642 1711 λόγος
669 1646 725 1696 ὲν
756 1642 832 1710 τῷ
863 1642 1150 1711 καθήκοντι
1179 1641 1344 1710 τόπῳ.
1374 1641 1521 1700 Τέως
1552 1639 1605 1691 δὲ
1639 1638 1824 1708 μαθεῖν

263 1733 415 1800 ἄξιον
465 1734 615 1805 παρὰ
658 1734 765 1786 τῶν
822 1733 1198 1802 προφερόντων
1250 1733 1378 1801 ἡμῖν
1424 1730 1521 1792 τὰς
1575 1728 1826 1789 τοιαύτας

268 1828 484 1894 φωνὰς.
521 1826 600 1877 ὅτι
632 1824 691 1876 τὸ
740 1823 1022 1875 ἀναϐαῖνον
1066 1823 1159 1873 καὶ
1203 1820 1262 1872 τὸ
1303 1820 1604 1891 ὁρώμενον,
1645 1818 1735 1870 καὶ
1767 1815 1827 1867 τὸ
1857 1810 1897 1863 Β

265 1916 354 1970 διὰ
391 1915 489 1984 τῆς
531 1914 672 1982 ἁφῆς
715 1912 1106 1982 γνωριζόμενον
1135 1912 1227 1963 καὶ
1255 1911 1332 1962 ἔτι
1372 1911 1506 1980 πρὸς
1532 1909 1738 1969 τούτοις
1768 1905 1827 1958 τὸ

197 1999 212 2014 ’
266 2011 379 2070 τοῖς
425 2007 724 2077 ἀνθρώποις
767 2005 854 2058 διὰ
899 2006 996 2072 τῆς
1047 2004 1396 2072 ἀδελφότητος
1444 2003 1826 2067 οἰκειούμενον,

270 2095 382 2172 ἆρα
410 2101 503 2170 τῆς
533 2099 700 2160 Θείας,
739 2098 770 2168 ἢ
805 2097 901 2167 τῆς
930 2096 1270 2167 ἀνθρωπίνης
1302 2096 1512 2162 φύσεως
1543 2095 1668 2147 ἴδιον
1693 2089 1830 2144 εἶναι

270 2187 598 2258 νομίζουσιν.
638 2187 700 2238 Et
767 2186 863 2256 μὲν
907 2186 1014 2255 γὰρ
1054 2185 1365 2256 ψηλαφητὸν
1396 2185 1487 2237 καὶ
1515 2183 1703 2254 ὁρατὸν
1741 2184 1831 2234 καὶ

275 2278 475 2350 βρώσει
513 2281 604 2329 καὶ
636 2277 790 2329 πόσει
833 2276 1219 2345 διοικούμενον,
1252 2275 1341 2328 καὶ
1374 2277 1480 2337 τοῖς
1532 2271 1834 2342 ἀνθρώποις

274 2371 532 2439 ὁμογενὲς
569 2370 663 2421 καὶ
703 2367 942 2435 ἀδελφὸν,
982 2369 1073 2420 καὶ
1106 2367 1203 2418 ὅσα
1236 2367 1360 2434 περὶ
1391 2365 1487 2435 τὴν
1523 2363 1835 2432 σωματικὴν

276 2463 573 2529 καθορᾶται
618 2460 792 2528 φύσιν.
836 2459 1009 2512 πάντα
1051 2457 1219 2510 ταῦτα
1259 2458 1351 2508 καὶ
1387 2458 1441 2508 ὲν
1473 2455 1684 2524 θεότητι
1717 2453 1836 2523 βλέ-

277 2569 469 2614 πουσι,
513 2549 819 2617 λεγέτωσαν
869 2547 993 2618 περὶ
1047 2545 1136 2598 τοῦ
1186 2544 1500 2615 μονογενοῦς
1564 2542 1695 2596 Θεοῦ
1744 2543 1837 2595 καὶ

282 2643 474 2706 ταῦτα,
507 2642 597 2694 καὶ
637 2642 736 2693 ὅσα
764 2637 1038 2708 βούλονται
1081 2636 1520 2707 μαρτυρείτωσαν
1549 2633 1713 2703 αὐτῷ,
1746 2633 1840 2684 καὶ

277 2737 377 2807 τὴν
406 2734 729 2805 πορευτικὴν
759 2731 1055 2801 ἐνέργειαν,
1089 2729 1178 2781 καὶ
1199 2726 1293 2798 τὴν
1317 2726 1543 2795 τοπικὴν
1578 2724 1841 2794 μετάστα-

281 2846 388 2891 σιν,
443 2828 578 2896 ὃπερ
625 2823 752 2876 ἴδιον
798 2822 904 2874 τῶν
949 2823 1006 2872 ὲν
1064 2818 1272 2887 σώματι
1318 2815 1841 2887 περιγεγραμμένων

279 2917 447 2971 ἐστίν.
501 2915 560 2968 El
599 2915 654 2967 δὲ
695 2916 722 2966 6
761 2913 856 2983 μὲν
890 2910 976 2963 διὰ
1006 2909 1103 2979 τῆς
1145 2908 1361 2978 Μαρίας
1396 2907 1638 2974 ἀδελφοῖς
1667 2906 1841 2958 διαλέ-

281 3025 459 3076 γεται,
493 3009 520 3059 6
551 3006 607 3058 δὲ
642 3001 946 3071 Μονογενὴς
979 3000 1235 3068 ἀδελφοὺς
1266 3000 1362 3051 οὐκ
1411 2998 1544 3066 ἔχει·
1581 2997 1695 3059 πῶς
1736 2996 1844 3066 γὰρ

283 3099 350 3152 ἂν
379 3100 436 3150 ἐν
462 3095 704 3162 ἀδελφοῖς
730 3093 787 3144 τὸ
815 3089 1095 3161 μονογενὲς
1114 3086 1450 3149 διασιῦζοιτος
1489 3087 1596 3138 Καὶ
1623 3086 1652 3136 6
1681 3084 1844 3137 εἰπὼν

1915 563 2034 602 rum
2077 563 2197 618 qua:
2230 552 2481 600 asserunt
2546 542 2765 600 habere,
2807 541 2898 609 qui
2961 536 3236 602 Unigeniti
3290 534 3477 604 gloria:

1915 640 2250 709 majestatem
2285 635 2349 688 ad
2393 632 2626 686 humiles
2649 639 2698 682 et
2736 627 2959 682 serviles
3013 627 3296 694 opiniones
3329 622 3474 676 redi-

1915 739 2066 802 gunt,
2101 728 2322 781 verbum
2352 722 2562 778 Domini
2599 721 2665 774 ad
2695 719 2942 777 Mariam.
2973 715 3118 785 quod
3146 723 3265 784 post
3295 728 3480 766 resur-

1916 822 2215 875 rectionem
2247 829 2369 870 anle
2402 815 2774 869 ascensionem
2808 809 2934 863 fecit
2965 809 3153 861 dicens
3180 827 3193 860 :
3231 805 3359 858 Noli
3402 819 3482 856 me

1918 926 2148 984 tangere,
2191 909 2420 961 nondum
2450 905 2585 958 enim
2648 897 2862 954 ascendi
2903 899 2969 949 ad
3021 896 3236 949 Patrem
3268 906 3480 964 meum:

1919 981 2026 1058 sedi
2046 1000 2172 1055 vade
2235 998 2301 1050 ad
2338 998 2527 1064 fratres
2567 1008 2706 1045 meos
2764 999 2812 1042 et
2845 989 2929 1044 dic
2978 989 3090 1041 eis:
3123 984 3358 1038 Ascendo
3416 981 3483 1034 ad

1919 1096 2134 1149 Putrem
2176 1105 2342 1142 nteant
2374 1097 2422 1140 et
2455 1085 2668 1138 Patrem
2698 1091 2946 1142 vestrum,
3001 1077 3162 1131 Deum
3190 1091 3360 1128 meum
3381 1114 3395 1138 ,
3432 1081 3482 1125 et

1921 1187 2088 1240 Deum
2119 1194 2343 1238 vestrum
2371 1180 2408 1231 ¹.
2443 1177 2594 1230 Piam
2645 1175 2810 1242 igitur
2841 1172 3032 1224 hormn
3067 1169 3332 1221 dictorum
3361 1179 3485 1218 sen-

1922 1279 2168 1336 tentiam,
2201 1272 2500 1328 secundum
2558 1281 2722 1335 quam
2783 1259 3116 1316 credidimus
3177 1258 3288 1310 hmo
3342 1256 3486 1307 dicta

1923 1388 2046 1425 esse
2079 1370 2143 1422 ad
2178 1366 2424 1425 Mariam,
2467 1358 2848 1430 prmcognitam
2898 1353 2984 1407 his
3034 1352 3125 1420 qui
3177 1351 3229 1402 in
3268 1348 3491 1400 veritate

1926 1463 2083 1515 fidem
2115 1460 2443 1524 acceperunt
2472 1450 2742 1512 arbitror;
2774 1443 3130 1499 nihilominus
3160 1451 3337 1493 tamen
3361 1436 3491 1507 quid

1926 1553 1991 1606 de
2014 1565 2078 1605 eo
2113 1547 2404 1602 dicendum
2436 1543 2506 1595 sit
2553 1557 2615 1592 ac
2669 1537 3028 1597 sentiendum,
3086 1534 3204 1586 loco
3239 1545 3483 1598 congruo

1927 1654 2318 1715 proponemus.
2354 1635 2558 1688 Interea
2592 1641 2770 1684 autem
2835 1629 2902 1681 ab
2934 1627 3018 1680 his
3071 1627 3163 1694 qui
3221 1624 3319 1678 has
3358 1622 3494 1676 tales

1929 1751 2093 1789 voces
2125 1733 2281 1786 nobis
2313 1728 2617 1798 proferunt,
2651 1737 2828 1791 opera:
2868 1719 3100 1788 pretium
3136 1725 3217 1770 est
3244 1715 3492 1768 discere:

1928 1845 1994 1882 an
2052 1827 2103 1880 id
2139 1824 2282 1894 quod
2338 1819 2582 1873 ascendit
2636 1824 2688 1869 et
2745 1812 2888 1882 quod
2950 1810 3186 1869 videtur,
3243 1805 3498 1875 quodque

1928 1931 2076 1974 tactu
2132 1917 2492 1986 dignoscitur,
2549 1916 2810 1978 pt‘a'tcrea
2842 1903 2984 1973 quod
3040 1899 3353 1954 hominibus
3403 1911 3498 1966 per

1930 2012 2322 2069 fraternitatem
2356 2003 2645 2073 cognatum
2708 2005 2813 2060 est,
2851 1995 3067 2052 divime.
3130 1992 3210 2045 vel
3245 1991 3494 2043 humanae

1932 2115 2138 2160 naturae
2165 2097 2440 2168 proprium
2473 2107 2594 2147 esse
2625 2097 2832 2144 rentur.
2883 2086 2940 2140 Si
2983 2085 3126 2138 enim
3173 2079 3317 2151 quod
3376 2088 3488 2132 tra-

1933 2204 2114 2251 ctatur
2146 2202 2199 2246 et
2231 2189 2464 2247 videtur,
2499 2194 2552 2236 et
2602 2182 2724 2236 cibo
2752 2188 2806 2233 et
2865 2187 2994 2247 potu
3053 2155 3503 2234 ministratur,ct

1933 2284 2244 2339 hominibus
2282 2285 2571 2347 cognatum
2607 2282 2660 2326 et
2686 2283 3002 2340 germanum
3032 2309 3046 2332 ,
3078 2273 3131 2319 et
3166 2276 3502 2332 quaecunque

1937 2377 1992 2430 in
2023 2371 2289 2442 corporali
2326 2377 2515 2420 natura
2549 2372 2865 2423 cernuntur,
2904 2358 3015 2412 hmo
3043 2355 3222 2409 omnia
3251 2354 3412 2406 etiam
3439 2352 3494 2404 in

1937 2465 2218 2520 divinitate
2273 2465 2552 2528 spectant,
2589 2450 2980 2520 de-unigenito
3041 2445 3152 2501 Deo
3183 2447 3294 2498 hac
3341 2443 3502 2496 etiam

1938 2557 2141 2616 dicant,
2207 2561 2261 2605 et
2320 2560 2659 2618 qmecunque
2718 2543 2907 2596 volunt
2964 2539 3012 2594 ei
3079 2537 3402 2598 attribuant,
3449 2540 3504 2587 et

1941 2645 2250 2701 ambulandi
2347 2651 2526 2694 actum
2620 2645 2674 2690 et
2767 2633 2992 2688 Iocalem
3086 2627 3503 2698 migrationem,

1941 2737 2088 2807 quod
2155 2734 2370 2804 quidem
2452 2738 2535 2783 est
2620 2726 2895 2796 proprium
2987 2736 3172 2774 eorum
3259 2732 3380 2788 quae
3453 2714 3510 2769 in

1942 2841 2171 2898 corpore
2193 2819 2605 2885 circumscripta
2632 2823 2778 2870 sunt.
2812 2811 2964 2878 Quod
2990 2811 3034 2863 si
3068 2809 3158 2861 ille
3181 2815 3265 2860 est
3291 2805 3382 2874 qui
3405 2817 3503 2872 per

1945 2919 2171 2972 Mariam
2205 2900 2326 2968 eum
2375 2911 2634 2965 fratribus
2665 2905 2906 2967 disserit,
2960 2901 3280 2970 Unigenitus
3329 2907 3510 2950 autem

1949 3010 2144 3064 fratres
2169 3022 2277 3060 non
2308 3004 2500 3058 habet:
2522 2999 2796 3071 quomodo
2825 2996 2967 3050 enim
2999 2994 3053 3048 iu
3086 2990 3346 3044 fratribus
3367 2985 3510 3056 quod

1949 3103 2284 3173 unigenitum
2331 3107 2411 3153 est
2461 3088 2909 3150 conservaretur?
2945 3087 3006 3139 Et
3031 3085 3122 3154 qui
3166 3083 3321 3145 dixit,
3373 3079 3512 3133 Dem

282 3189 524 3256 Πνεῦμα
552 3151 778 3248 δ’Θεθς,
808 3151 1104 3252 φησὶνπρὸς
1139 3178 1263 3241 τοὺς
1299 3177 1542 3248 μαθητὰς
1585 3178 1612 3228 ὁ
1664 3176 1843 3239 αὐτὸς,

1951 3195 2170 3265 spiritus
2199 3202 2276 3245 est
2304 3191 2346 3252 ⁸,
2381 3189 2522 3241 idem
2555 3185 2627 3238 ait
2651 3183 2731 3260 ad
2757 3179 3076 3249 discipulos,
3121 3174 3342 3241 Palpate
3371 3187 3449 3224 me
3471 3171 3512 3232 ³,

282 3282 366 3333 ὅτι
404 3272 811 3342 Ψηλαρήσατέ
833 3289 927 3339 με,
959 3271 1044 3322 ἵνα
1077 3269 1223 3338 δείξῃ
1259 3269 1338 3320 ὅτι
1365 3266 1654 3336 ψηλαφητὴ
1688 3267 1784 3335 μὲν
1813 3267 1846 3335 ἠ

284 3369 600 3440 ἀνθρωπίνη
625 3367 800 3433 φύσις,
834 3364 1030 3430 ἀναφὲς
1053 3361 1108 3413 δὲ
1142 3361 1202 3412 τὸ
1230 3361 1389 3413 θεῖον.
1441 3360 1544 3410 Καὶ
1586 3361 1611 3410 ὁ
1659 3357 1847 3419 εἰπὼν,

287 3462 638 3529 Πορεύομαι,
670 3459 764 3525 τὴν
783 3456 1010 3523 τοπικὴν
1037 3451 1378 3522 διασημαίνει
1409 3449 1751 3520 μετάστασιν.
1793 3449 1849 3500 Ὀ

289 3555 346 3607 δὲ
390 3554 459 3605 τὰ
493 3551 669 3603 πάντα
702 3544 1170 3618 συμπεριειληφὼς
1190 3584 1203 3607 ,
1251 3546 1307 3596 ὲν
1329 3535 1393 3608 ᾦ,
1428 3540 1606 3604 καθώς
1636 3559 1796 3611 φησιν
1825 3543 1852 3592 6

304 3643 653 3706 Ἀπόστολος,
686 3637 906 3706 ἐκτίσθη
942 3637 1009 3689 τὰ
1036 3637 1241 3697 πάντα,
1282 3635 1372 3686 καὶ
1419 3633 1476 3685 ἐν
1501 3626 1544 3700 ᾧ
1587 3633 1651 3684 τὰ
1680 3633 1854 3686 πάντα.

296 3737 644 3804 συνέστηκεν,
669 3730 818 3783 οὐδὲν
859 3731 914 3781 ἐν
947 3729 1057 3789 τοῖς
1087 3721 1234 3777 οὖσιν
1268 3723 1370 3787 ἔξω
1393 3722 1581 3776 ἑαυτοῦ
1614 3722 1744 3792 ἔχει,
1777 3724 1855 3784 εἰς

294 3829 324 3881 ὂ
377 3826 516 3880 κατὰ
561 3840 678 3877 τινα
724 3823 934 3890 κίνησιν
973 3821 1006 3887 ἡ
1053 3816 1425 3887 μεταχώρησις
1463 3817 1686 3883 γίνεται.
1723 3816 1854 3868 υὺδὲ

298 3920 408 3988 γάρ
458 3915 603 3967 ἐστιν
653 3911 852 3981 ἑτέρως
890 3908 1179 3978 ἐνεργῆσαι
1222 3907 1318 3974 τὴν
1365 3905 1593 3974 κίνησιν,
1644 3908 1717 3974 μὴ
1765 3905 1856 3957 τοῦ

302 4006 693 4081 μεθισταμένου
722 4005 811 4055 τὸν
859 4001 956 4070 μὲν
986 4002 1042 4052 ὲν
1070 3992 1113 4066 ᾧ
1140 3995 1206 4068 ἦν
1233 3997 1639 4060 ἀπολείποντος,
1675 3998 1860 4067 ἕτερον

297 4102 353 4154 δὲ
394 4096 877 4168 ἀπιλαμϐἁνοντος
912 4092 1092 4144 τόπον.
1137 4091 1209 4142 Τὸ
1250 4089 1305 4142 δὲ
1336 4090 1422 4142 διὰ
1448 4089 1660 4141 πάντων
1704 4084 1858 4160 ἧκον,

298 4195 394 4248 καὶ
434 4195 489 4244 ὲν
532 4191 697 4242 πᾶσιν
739 4187 817 4250 ὃν,
857 4186 948 4238 καὶ
1002 4183 1179 4237 πάντα
1224 4180 1603 4252 περικρατοῦν,
1636 4181 1730 4233 καὶ
1769 4182 1860 4234 ὑπ’

298 4283 511 4346 οὐδενὸς
542 4281 650 4334 τῶν
691 4280 859 4332 ὄντων
909 4275 1365 4346 περιειργόμενον,
1398 4274 1496 4326 οὐκ
1545 4273 1686 4343 ἔχειν
1730 4274 1860 4326 ὃπου

304 4375 701 4449 μεταχωρήσει,
732 4369 808 4439 τῷ
844 4369 1005 4438 μηδὲν
1052 4363 1188 4418 εἶναι
1225 4366 1376 4419 κενὸν
1404 4364 1496 4417 τοῦ
1526 4366 1669 4418 θείου
1725 4365 1862 4434 πλη-

1953 3261 2012 3343 ut
2049 3285 2356 3340 ostenderet
2402 3278 2546 3347 quod
2596 3273 2880 3344 palpabilis
2917 3268 3134 3340 quidem
3181 3272 3374 3318 natura
3417 3261 3516 3315 hu-

1954 3393 2135 3437 mana,
2169 3373 2310 3444 quod
2346 3381 2524 3424 autem
2565 3367 2804 3420 divinum
2841 3373 2942 3425 est,
2986 3368 3131 3414 tactu
3184 3355 3386 3427 percipi
3425 3369 3516 3407 ne-

1955 3483 2228 3540 quaquam
2259 3473 2455 3535 potest.
2490 3460 2554 3513 Et
2582 3458 2671 3528 qui
2709 3452 3046 3520 dixit,Vado,
3092 3450 3314 3503 localem
3349 3444 3517 3516 signi-

1955 3539 2080 3616 ficat
2107 3556 2515 3629 profectionem.
2539 3550 2640 3615 Qui
2663 3557 2839 3600 autem
2865 3542 3044 3596 omnia
3068 3539 3388 3609 complexus
3412 3541 3518 3595 est,

1956 3651 2009 3702 in
2044 3623 2170 3717 quo,
2203 3647 2344 3700 sicut
2360 3642 2432 3695 ait
2457 3637 2765 3709 Apostolus,
2797 3641 2978 3686 creata
3001 3638 3128 3686 sunt
3155 3627 3360 3684 omnia,
3385 3635 3438 3679 et
3460 3623 3520 3676 in

1957 3751 2065 3806 quo
2097 3729 2482 3792 consistunt‘;
2533 3725 2666 3780 nihil
2707 3738 2891 3778 eorum
2923 3737 3042 3789 qua:
3075 3727 3202 3773 sunt
3245 3724 3396 3769 extra
3461 3725 3522 3768 se

1959 3831 2135 3897 ipsum
2164 3825 2348 3888 habet,
2390 3821 2454 3875 ad
2485 3817 2629 3888 quod
2657 3823 2803 3868 motu
2833 3813 3014 3879 aliquo
3038 3810 3210 3879 possit
3243 3806 3518 3860 secedere.

1959 3894 2143 3988 Neque
2183 3916 2324 3971 enim
2355 3914 2511 3966 aliter
2540 3919 2742 3962 motum
2774 3905 2886 3958 fieri
2925 3900 3209 3969 contingit,
3245 3897 3348 3952 nisi
3378 3894 3521 3964 quod

1962 3987 2330 4075 transmigrat,
2373 4017 2494 4056 eum
2548 3997 2764 4066 quidem
2815 3997 2865 4046 iu
2917 4006 3025 4060 quo
3060 3999 3195 4050 erat,
3228 3987 3522 4055 relinquat,

1964 4099 2189 4152 alterius
2225 4107 2353 4146 vero
2389 4090 2565 4143 locum
2602 4091 2850 4151 ercupet.
2886 4076 3041 4145 Quod
3075 4087 3252 4130 autem
3286 4090 3380 4144 per
3407 4088 3526 4127 om-

1965 4189 2054 4243 nia
2086 4189 2350 4256 penetrat,
2378 4191 2430 4233 et
2457 4179 2515 4231 in
2549 4174 2804 4230 onmibus
2839 4179 2942 4233 cst,
2975 4177 3028 4224 et
3056 4168 3236 4222 omnia
3257 4163 3520 4227 continet,

1965 4289 2018 4334 et
2047 4294 2076 4330 a
2107 4276 2256 4330 nullo
2297 4286 2483 4327 eorum
2533 4282 2653 4336 quae
2705 4270 2834 4317 sunt
2885 4257 3373 4318 circumscribitur,
3414 4270 3524 4309 non

1965 4369 2126 4423 habet
2151 4381 2258 4435 quo
2285 4360 2655 4427 transmigret,
2686 4355 2813 4424 quia
2839 4352 2974 4407 nihil
2998 4350 3071 4404 sit
3091 4351 3250 4405 inane
3271 4359 3325 4404 et
3343 4348 3526 4403 divina

307 4467 576 4540 ρώματος.
616 4462 738 4525 Πῶς
772 4458 1154 4521 καταλιπόντες
1193 4451 1336 4510 οὗτοι
1369 4457 1429 4509 τὸ
1465 4459 1527 4509 ἐκ
1552 4455 1644 4508 τοῦ
1678 4473 1845 4524 φαινο-

1966 4458 2298 4532 plenitudine
2337 4467 2583 4506 vacuum.
2614 4447 2732 4514 Quo
2758 4444 2914 4497 modo
2951 4444 3040 4496 isti
3066 4442 3404 4504 omittentes,
3431 4441 3532 4495 has

310 4557 470 4628 μένου
499 4554 596 4615 τὰς
640 4549 820 4620 φωνὰς
867 4548 1141 4616 γίνεσθαι,
1193 4545 1391 4607 ταύτας
1424 4547 1486 4614 τῇ
1518 4543 1635 4613 θείᾳ
1675 4560 1732 4594 τε
1774 4544 1866 4595 καὶ

307 4643 647 4717 ὑπερεχούσῃ
675 4642 847 4694 πάντα
889 4639 1010 4691 νοῦν
1050 4636 1412 4707 ὲφαρμόζουσι
1446 4636 1628 4703 φύσει;
1681 4637 1869 4705 Σαφῶς

307 4737 402 4790 τοῦ
446 4730 760 4788 Ἀποστόλου
810 4731 866 4780 ὲν
908 4730 973 4796 τῇ
1022 4727 1154 4795 πρὸς
1206 4725 1516 4796 Ἀθηναίους
1565 4726 1871 4796 δημηγορίᾳ

309 4829 546 4884 τοιοῦτον
579 4821 1007 4892 ἀπαγορεύοντος
1037 4819 1126 4869 ἐπὶ
1153 4817 1286 4869 Θεοῦ
1327 4817 1582 4886 νομίζειν.
1635 4819 1721 4880 Ὠς
1754 4818 1871 4887 οὐχὶ

309 4923 396 4975 διὰ
437 4918 798 4988 ψηλαφήσεως
838 4909 1226 4982 εὑρισκομένης
1254 4909 1350 4979 τῆς
1383 4909 1526 4971 θείας
1569 4909 1867 4978 δυνάμεως,

311 5011 449 5065 ἀλλὰ
479 5009 566 5062 διὰ
594 5005 787 5076 νοητῆς
821 5001 1048 5072 θεωρίας
1075 5001 1168 5052 καὶ
1196 5000 1447 5061 πίστεως,
1478 4999 1509 5069 ἢ
1540 4998 1696 5052 πάλιν
1726 5001 1753 5051 6
1785 4999 1870 5068 βε-

314 5099 543 5173 ϐρωκὼς
573 5099 628 5150 ὲν
652 5094 944 5164 ὀφθαλμοῖς
975 5091 1082 5143 τῶν
1115 5089 1384 5160 μαθητῶν,
1420 5091 1448 5141 6
1477 5091 1873 5159 ἐπαγγειλάμε-

317 5209 405 5252 νος
428 5192 483 5242 ὲν
511 5191 574 5258 τῇ
606 5185 861 5254 Γαλιλαίᾳ
898 5181 1149 5253 προάξειν
1177 5198 1236 5232 τε
1265 5182 1354 5233 καὶ
1375 5180 1724 5250 ὀφθήσεσθαι,
1754 5182 1869 5234 τίνα

317 5281 410 5334 τὸν
432 5278 792 5348 ὀφθησόμενον
838 5275 1016 5334 αὐτοῖς
1069 5269 1290 5340 (aqvosi;
1338 5267 1480 5341 Ἀρα
1512 5273 1601 5325 τὸν
1635 5272 1784 5335 Θεὸν,
1819 5274 1876 5326 ὃν

320 5371 442 5426 οὔτε
475 5369 684 5440 ἑώρακέ
713 5383 814 5429 τις,
844 5364 963 5417 οὔτε
993 5363 1115 5415 ἰδεῖν
1141 5362 1388 5422 δύναται;
1428 5364 1497 5414 Ἦ
1527 5364 1614 5416 τὸν
1643 5381 1872 5433 σωματι-

322 5463 418 5517 κδν
448 5459 785 5530 χαρακτῆρα,
815 5456 1078 5518 τουτέστι,
1111 5453 1207 5524 τὴν
1231 5453 1324 5506 τοῦ
1352 5455 1536 5506 δούλου
1570 5456 1798 5525 μορφὴν,
1822 5459 1878 5508 ὲν

323 5549 362 5629 ᾗ
387 5551 453 5626 ἦν
488 5555 515 5605 6
555 5551 712 5614 Θεόςς
755 5551 814 5602 Ei
848 5549 1022 5600 τοίνυν
1044 5545 1288 5616 φανερῶς
1321 5545 1407 5598 διὰ
1438 5547 1543 5598 τῶν
1581 5548 1882 5618 εἰρημένων

439 5739 455 5769 ⁸
493 5735 648 5790 Joan.
704 5751 786 5798 xx,
829 5732 910 5784 ΓΙ.
988 5727 1179 5784 ’Joan.
1212 5744 1283 5792 tv,
1320 5724 1411 5780 24.

1967 4568 2131 4607 voces
2165 4548 2279 4602 fieri
2323 4546 2391 4599 ab
2423 4559 2488 4598 eo
2518 4541 2662 4610 quod
2694 4537 2937 4592 cernitur
2965 4543 3016 4589 et
3050 4541 3272 4603 apparet
3303 4534 3532 4604 (nempe

1970 4645 2037 4698 ab
2073 4638 2411 4695 humanitate
2448 4630 2706 4694 Christi),
2733 4629 2834 4682 has
2871 4626 3069 4680 divinae
3109 4635 3164 4678 et
3194 4639 3406 4678 onmem
3449 4622 3532 4676 in-

1969 4735 2244 4790 tellectum
2275 4725 2552 4797 superanti
2584 4731 2790 4776 natura:
2819 4715 3127 4788 applicant?
3155 4716 3289 4771 Cum
3308 4718 3534 4783 Aposto-

1969 4828 2056 4880 lus
2089 4830 2272 4892 aperte
2304 4821 2358 4873 in
2392 4817 2654 4874 concione
2693 4814 2761 4866 ad
2789 4812 3151 4865 Athenienses
3179 4809 3246 4862 de
3287 4807 3394 4860 Deo
3424 4806 3534 4860 tale

1974 4915 2260 4988 prohibeat
2305 4911 2617 4964 existimare
2640 4907 2682 4958 ⁵.
2715 4905 2855 4969 Quia
2887 4919 2994 4955 non
3027 4915 3122 4968 per
3172 4898 3532 4967 palpationem

1976 5016 2028 5061 et
2056 5014 2255 5058 tactum
2286 5002 2367 5055 vis
2397 5000 2581 5053 divina
2612 4995 2908 5057 invenitur,
2945 4991 3035 5045 sed
3068 5003 3163 5058 per
3198 4988 3534 5040 intellectua-

1980 5099 2080 5150 lem
2128 5090 2634 5160 contemplationem
2667 5096 2719 5139 et
2754 5084 2932 5144 fidem,
2977 5080 3059 5133 vel
3105 5094 3295 5132 rursus
3325 5075 3413 5145 qui
3452 5092 3538 5128 co-

1927 5207 1932 5212 '
1981 5184 2145 5240 medit
2179 5184 2232 5237 in
2281 5183 2456 5236 oculis
2491 5176 2906 5244 discipulorum,
2957 5179 3010 5224 et
3055 5172 3144 5238 qui
3198 5167 3446 5237 promisit
3481 5166 3536 5219 in

1974 5276 2192 5330 Galilma
2220 5291 2278 5329 se
2319 5282 2710 5342 praecessurum
2739 5272 2792 5319 et
2829 5265 3004 5317 visum
3038 5261 3123 5324 iri,
3156 5276 3314 5330 quem
3351 5260 3540 5314 viden-

1980 5369 2104 5420 dum
2156 5366 2289 5435 ipsis
2338 5357 2643 5429 significat?
2671 5354 2753 5407 An
2800 5351 3001 5405 Deum?
3039 5367 3199 5420 quem
3232 5365 3392 5405 nemo
3437 5364 3540 5405 un-,-

1980 5474 2142 5528 quam
2189 5456 2342 5517 vidit,
2394 5465 2568 5520 neque
2602 5447 2782 5500 videre
2827 5443 3080 5515 potest“?
3114 5459 3179 5495 an
3224 5454 3541 5511 corpoream

1990 5553 2236 5620 figuram,
2267 5549 2367 5601 hoc
2400 5555 2501 5603 est,
2547 5539 2687 5594 servi
2723 5537 2951 5591 formam
2984 5537 3036 5589 in
3080 5552 3186 5605 qua
3222 5544 3341 5588 erat
3377 5526 3542 5584 Deus?

1525 5727 1543 5757 ’
1583 5724 1713 5779 Luc.
1756 5741 1898 5792 xxiv,
1932 5727 2020 5782 50.
2101 5727 2119 5757 ⁸
2170 5726 2284 5778 Col.
2312 5739 2348 5787 ι,
2381 5723 2460 5774 ιτ.
2540 5723 2697 5775 “Act.
2749 5736 2880 5787 nu,
2919 5718 2989 5775 ’35
3063 5715 3254 5796 ‘Joani.
3289 5712 3439 5782 1,18.
