  <div class='ocr_page' id='page_1' title='image "/cluster/home/n/w/nwhite01/storage/ocr_20150623/45/hvd.32044019826437/449.png"; bbox 0 0 4034 6504; ppageno 0'>
   <div class='ocr_carea' id='block_1_1' title="bbox 649 375 747 431">
    <p class='ocr_par' dir='ltr' id='par_1_1' title="bbox 649 375 747 431">
     <span class='ocr_line' id='line_1_1' title="bbox 649 375 747 431; baseline -0.01 0"><span class='ocrx_word' id='word_1_1' title='bbox 649 375 747 431; x_wconf 79' lang='grc'><strong>801</strong></span> 
     </span>
    </p>
   </div>
   <div class='ocr_carea' id='block_1_2' title="bbox 1835 358 3788 416">
    <p class='ocr_par' dir='ltr' id='par_1_2' title="bbox 1835 358 3788 416">
     <span class='ocr_line' id='line_1_2' title="bbox 1835 358 3788 416; baseline 0.001 -2"><span class='ocrx_word' id='word_1_2' title='bbox 1835 360 1892 414; x_wconf 81' lang='lat' dir='ltr'><strong>S.</strong></span> <span class='ocrx_word' id='word_1_3' title='bbox 1933 358 2257 415; x_wconf 73' lang='lat' dir='ltr'><strong>GREGORll</strong></span> <span class='ocrx_word' id='word_1_4' title='bbox 2296 359 2586 415; x_wconf 74' lang='lat' dir='ltr'><strong>NYSSENI</strong></span> <span class='ocrx_word' id='word_1_5' title='bbox 3714 361 3788 416; x_wconf 67' lang='lat'><strong>89%</strong></span> 
     </span>
    </p>
   </div>
   <div class='ocr_carea' id='block_1_3' title="bbox 647 474 2169 560">
    <p class='ocr_par' dir='ltr' id='par_1_3' title="bbox 647 476 2169 560">
     <span class='ocr_line' id='line_1_3' title="bbox 647 476 2169 560; baseline -0.01 -16"><span class='ocrx_word' id='word_1_6' title='bbox 647 482 888 560; x_wconf 84' lang='lat' dir='ltr'><strong>Apostoli</strong></span> <span class='ocrx_word' id='word_1_7' title='bbox 911 499 1242 546; x_wconf 83' lang='lat' dir='ltr'><strong>sermonem,</strong></span> <span class='ocrx_word' id='word_1_8' title='bbox 1259 499 1346 537; x_wconf 83' lang='lat' dir='ltr'><strong>nos</strong></span> <span class='ocrx_word' id='word_1_9' title='bbox 1365 491 1571 550; x_wconf 87' lang='lat' dir='ltr'><strong>raptum</strong></span> <span class='ocrx_word' id='word_1_10' title='bbox 1600 480 1663 532; x_wconf 82' lang='lat' dir='ltr'><strong>iri</strong></span> <span class='ocrx_word' id='word_1_11' title='bbox 1686 479 1738 530; x_wconf 82' lang='lat' dir='ltr'><strong>in</strong></span> <span class='ocrx_word' id='word_1_12' title='bbox 1769 476 1985 530; x_wconf 78' lang='lat' dir='ltr'><strong>nubibus</strong></span> <span class='ocrx_word' id='word_1_13' title='bbox 2006 476 2169 530; x_wconf 75' lang='lat' dir='ltr'><strong>obviat</strong></span> 
     </span>
    </p>
   </div>
   <div class='ocr_carea' id='block_1_4' title="bbox 2256 474 3787 560">
    <p class='ocr_par' dir='ltr' id='par_1_4' title="bbox 2256 474 3787 548">
     <span class='ocr_line' id='line_1_4' title="bbox 2256 474 3787 548; baseline 0.001 -22"><span class='ocrx_word' id='word_1_14' title='bbox 2256 486 2284 543; x_wconf 54' lang='grc' dir='ltr'><strong>λ</strong></span> <span class='ocrx_word' id='word_1_15' title='bbox 2315 477 2496 546; x_wconf 83' lang='grc' dir='ltr'>βρίθον</span> <span class='ocrx_word' id='word_1_16' title='bbox 2544 477 2635 531; x_wconf 80' lang='grc' dir='ltr'>τοῦ</span> <span class='ocrx_word' id='word_1_17' title='bbox 2689 482 2962 548; x_wconf 75' lang='grc' dir='ltr'>σώματος,</span> <span class='ocrx_word' id='word_1_18' title='bbox 3014 475 3248 545; x_wconf 75' lang='grc' dir='ltr'><strong>διαέριον</strong></span> <span class='ocrx_word' id='word_1_19' title='bbox 3298 474 3386 527; x_wconf 74' lang='grc' dir='ltr'><strong>ἐπὶ</strong></span> <span class='ocrx_word' id='word_1_20' title='bbox 3431 475 3544 537; x_wconf 79' lang='grc' dir='ltr'>τοὺς</span> <span class='ocrx_word' id='word_1_21' title='bbox 3588 475 3787 542; x_wconf 58' lang='grc' dir='ltr'>οὐρανοὺς</span> 
     </span>
    </p>
   </div>
   <div class='ocr_carea' id='block_1_5' title="bbox 648 570 2206 638">
    <p class='ocr_par' dir='ltr' id='par_1_5' title="bbox 648 570 2206 638">
     <span class='ocr_line' id='line_1_5' title="bbox 648 570 2206 638; baseline -0.007 -7"><span class='ocrx_word' id='word_1_22' title='bbox 648 577 858 631; x_wconf 76' lang='lat' dir='ltr'><strong>Christo</strong></span> <span class='ocrx_word' id='word_1_23' title='bbox 887 577 940 627; x_wconf 82' lang='lat' dir='ltr'><strong>in</strong></span> <span class='ocrx_word' id='word_1_24' title='bbox 973 591 1097 627; x_wconf 79' lang='lat' dir='ltr'><strong>acra</strong></span> <span class='ocrx_word' id='word_1_25' title='bbox 1124 574 1166 604; x_wconf 82' lang='lat'>&quot;</span> <span class='ocrx_word' id='word_1_26' title='bbox 1191 589 1202 623; x_wconf 91' lang='lat'><strong>:</strong></span> <span class='ocrx_word' id='word_1_27' title='bbox 1233 573 1313 630; x_wconf 90' lang='lat' dir='ltr'><strong>sic</strong></span> <span class='ocrx_word' id='word_1_28' title='bbox 1342 589 1464 628; x_wconf 89' lang='lat' dir='ltr'><strong>cum</strong></span> <span class='ocrx_word' id='word_1_29' title='bbox 1497 571 1800 624; x_wconf 80' lang='lat' dir='ltr'><strong>audivimus</strong></span> <span class='ocrx_word' id='word_1_30' title='bbox 1823 570 1964 638; x_wconf 88' lang='lat' dir='ltr'><strong>quod</strong></span> <span class='ocrx_word' id='word_1_31' title='bbox 1992 580 2206 624; x_wconf 87' lang='lat' dir='ltr'><strong>nostra-</strong></span> 
     </span>
    </p>
   </div>
   <div class='ocr_carea' id='block_1_6' title="bbox 649 660 2203 737">
    <p class='ocr_par' dir='ltr' id='par_1_6' title="bbox 649 660 2203 737">
     <span class='ocr_line' id='line_1_6' title="bbox 649 660 2203 737; baseline -0.005 -17"><span class='ocrx_word' id='word_1_32' title='bbox 649 685 768 720; x_wconf 89' lang='lat' dir='ltr'><strong>rum</strong></span> <span class='ocrx_word' id='word_1_33' title='bbox 823 667 1184 737; x_wconf 81' lang='lat' dir='ltr'><strong>primitiarum</strong></span> <span class='ocrx_word' id='word_1_34' title='bbox 1235 663 1398 720; x_wconf 88' lang='lat' dir='ltr'><strong>Pater</strong></span> <span class='ocrx_word' id='word_1_35' title='bbox 1435 674 1488 719; x_wconf 92' lang='lat' dir='ltr'><strong>et</strong></span> <span class='ocrx_word' id='word_1_36' title='bbox 1533 663 1674 717; x_wconf 89' lang='lat' dir='ltr'><strong>Deus</strong></span> <span class='ocrx_word' id='word_1_37' title='bbox 1725 661 1898 715; x_wconf 81' lang='lat' dir='ltr'><strong>lactus</strong></span> <span class='ocrx_word' id='word_1_38' title='bbox 1949 670 2053 724; x_wconf 90' lang='lat' dir='ltr'><strong>est,</strong></span> <span class='ocrx_word' id='word_1_39' title='bbox 2113 660 2203 730; x_wconf 86' lang='lat' dir='ltr'><strong>qui</strong></span> 
     </span>
    </p>
   </div>
   <div class='ocr_carea' id='block_1_7' title="bbox 644 752 2202 822">
    <p class='ocr_par' dir='ltr' id='par_1_7' title="bbox 644 752 2202 822">
     <span class='ocr_line' id='line_1_7' title="bbox 644 752 2202 822; baseline -0.002 -13"><span class='ocrx_word' id='word_1_40' title='bbox 644 775 806 812; x_wconf 66' lang='lat' dir='ltr'><strong>Verus</strong></span> <span class='ocrx_word' id='word_1_41' title='bbox 835 769 918 812; x_wconf 86' lang='lat' dir='ltr'><strong>est</strong></span> <span class='ocrx_word' id='word_1_42' title='bbox 970 759 1110 812; x_wconf 79' lang='lat' dir='ltr'><strong>Deus</strong></span> <span class='ocrx_word' id='word_1_43' title='bbox 1153 768 1206 812; x_wconf 90' lang='lat' dir='ltr'><strong>et</strong></span> <span class='ocrx_word' id='word_1_44' title='bbox 1239 756 1419 818; x_wconf 87' lang='lat' dir='ltr'><strong>Pater,</strong></span> <span class='ocrx_word' id='word_1_45' title='bbox 1476 772 1581 810; x_wconf 90' lang='lat' dir='ltr'><strong>non</strong></span> <span class='ocrx_word' id='word_1_46' title='bbox 1613 754 1844 822; x_wconf 86' lang='lat' dir='ltr'><strong>amplius</strong></span> <span class='ocrx_word' id='word_1_47' title='bbox 1877 752 2202 821; x_wconf 88' lang='lat' dir='ltr'><strong>ambigimus</strong></span> 
     </span>
    </p>
   </div>
   <div class='ocr_carea' id='block_1_8' title="bbox 643 840 2196 905">
    <p class='ocr_par' dir='ltr' id='par_1_8' title="bbox 643 840 2196 905">
     <span class='ocr_line' id='line_1_8' title="bbox 643 840 2196 905; baseline -0.006 -3"><span class='ocrx_word' id='word_1_48' title='bbox 643 851 891 903; x_wconf 87' lang='lat' dir='ltr'><strong>eumdem</strong></span> <span class='ocrx_word' id='word_1_49' title='bbox 929 859 980 902; x_wconf 88' lang='lat' dir='ltr'><strong>et</strong></span> <span class='ocrx_word' id='word_1_50' title='bbox 1009 857 1254 902; x_wconf 89' lang='lat' dir='ltr'><strong>nostrum</strong></span> <span class='ocrx_word' id='word_1_51' title='bbox 1282 845 1494 899; x_wconf 87' lang='lat' dir='ltr'><strong>Patrem</strong></span> <span class='ocrx_word' id='word_1_52' title='bbox 1531 853 1584 897; x_wconf 90' lang='lat' dir='ltr'><strong>et</strong></span> <span class='ocrx_word' id='word_1_53' title='bbox 1629 842 1792 896; x_wconf 87' lang='lat' dir='ltr'><strong>Deum</strong></span> <span class='ocrx_word' id='word_1_54' title='bbox 1828 840 2028 894; x_wconf 80' lang='lat' dir='ltr'><strong>factum</strong></span> <span class='ocrx_word' id='word_1_55' title='bbox 2057 855 2196 905; x_wconf 88' lang='lat' dir='ltr'><strong>esse,</strong></span> 
     </span>
    </p>
   </div>
   <div class='ocr_carea' id='block_1_9' title="bbox 642 933 2195 1010">
    <p class='ocr_par' dir='ltr' id='par_1_9' title="bbox 642 933 2195 1010">
     <span class='ocr_line' id='line_1_9' title="bbox 642 933 2195 1010; baseline -0.005 -18"><span class='ocrx_word' id='word_1_56' title='bbox 642 941 735 1010; x_wconf 88' lang='lat' dir='ltr'><strong>qui</strong></span> <span class='ocrx_word' id='word_1_57' title='bbox 794 942 1084 995; x_wconf 82' lang='lat' dir='ltr'><strong>didicimus</strong></span> <span class='ocrx_word' id='word_1_58' title='bbox 1138 939 1280 1007; x_wconf 88' lang='lat' dir='ltr'><strong>quod</strong></span> <span class='ocrx_word' id='word_1_59' title='bbox 1334 935 1576 990; x_wconf 82' lang='lat' dir='ltr'><strong>eamdem</strong></span> <span class='ocrx_word' id='word_1_60' title='bbox 1625 936 1763 986; x_wconf 88' lang='lat' dir='ltr'><strong>viam</strong></span> <span class='ocrx_word' id='word_1_61' title='bbox 1813 933 2195 1002; x_wconf 88' lang='lat' dir='ltr'><strong>ingrediemur,</strong></span> 
     </span>
    </p>
   </div>
   <div class='ocr_carea' id='block_1_10' title="bbox 643 1027 2198 1102">
    <p class='ocr_par' dir='ltr' id='par_1_10' title="bbox 643 1027 2198 1102">
     <span class='ocr_line' id='line_1_10' title="bbox 643 1027 2198 1102; baseline -0.005 -16"><span class='ocrx_word' id='word_1_62' title='bbox 643 1049 802 1102; x_wconf 91' lang='lat' dir='ltr'><strong>quam</strong></span> <span class='ocrx_word' id='word_1_63' title='bbox 861 1045 1046 1087; x_wconf 88' lang='lat' dir='ltr'><strong>noster</strong></span> <span class='ocrx_word' id='word_1_64' title='bbox 1097 1048 1398 1101; x_wconf 69' lang='lat' dir='ltr'><strong>prrecnrsor</strong></span> <span class='ocrx_word' id='word_1_65' title='bbox 1442 1044 1539 1098; x_wconf 90' lang='lat' dir='ltr'><strong>pro</strong></span> <span class='ocrx_word' id='word_1_66' title='bbox 1572 1027 1726 1081; x_wconf 89' lang='lat' dir='ltr'><strong>nobis</strong></span> <span class='ocrx_word' id='word_1_67' title='bbox 1778 1027 2060 1094; x_wconf 88' lang='lat' dir='ltr'><strong>ingressus</strong></span> <span class='ocrx_word' id='word_1_68' title='bbox 2114 1033 2198 1079; x_wconf 86' lang='lat' dir='ltr'><strong>est</strong></span> 
     </span>
    </p>
   </div>
   <div class='ocr_carea' id='block_1_11' title="bbox 641 1117 2198 1192">
    <p class='ocr_par' dir='ltr' id='par_1_11' title="bbox 641 1117 2198 1192">
     <span class='ocr_line' id='line_1_11' title="bbox 641 1117 2198 1192; baseline -0.006 -14"><span class='ocrx_word' id='word_1_69' title='bbox 641 1126 909 1180; x_wconf 75' lang='lat' dir='ltr'><strong>Christus.</strong></span> <span class='ocrx_word' id='word_1_70' title='bbox 947 1125 1098 1190; x_wconf 84' lang='lat' dir='ltr'><strong>Quod</strong></span> <span class='ocrx_word' id='word_1_71' title='bbox 1125 1134 1302 1179; x_wconf 85' lang='lat' dir='ltr'><strong>autem</strong></span> <span class='ocrx_word' id='word_1_72' title='bbox 1334 1139 1427 1192; x_wconf 86' lang='lat' dir='ltr'><strong>per</strong></span> <span class='ocrx_word' id='word_1_73' title='bbox 1461 1122 1741 1175; x_wconf 83' lang='lat' dir='ltr'><strong>mulierem</strong></span> <span class='ocrx_word' id='word_1_74' title='bbox 1776 1117 2039 1186; x_wconf 76' lang='lat' dir='ltr'><strong>ejusmodi</strong></span> <span class='ocrx_word' id='word_1_75' title='bbox 2076 1133 2198 1187; x_wconf 86' lang='lat' dir='ltr'><strong>gra-</strong></span> 
     </span>
    </p>
   </div>
   <div class='ocr_carea' id='block_1_12' title="bbox 640 1211 2196 1285">
    <p class='ocr_par' dir='ltr' id='par_1_12' title="bbox 640 1211 2196 1285">
     <span class='ocr_line' id='line_1_12' title="bbox 640 1211 2196 1285; baseline -0.005 -17"><span class='ocrx_word' id='word_1_76' title='bbox 640 1217 715 1268; x_wconf 89' lang='lat' dir='ltr'><strong>tia</strong></span> <span class='ocrx_word' id='word_1_77' title='bbox 756 1216 1108 1285; x_wconf 88' lang='lat' dir='ltr'><strong>signiﬁcetur,</strong></span> <span class='ocrx_word' id='word_1_78' title='bbox 1175 1217 1276 1267; x_wconf 88' lang='lat' dir='ltr'><strong>hoc</strong></span> <span class='ocrx_word' id='word_1_79' title='bbox 1326 1215 1503 1280; x_wconf 88' lang='lat' dir='ltr'><strong>ipsum</strong></span> <span class='ocrx_word' id='word_1_80' title='bbox 1549 1211 1708 1264; x_wconf 91' lang='lat' dir='ltr'><strong>etiam</strong></span> <span class='ocrx_word' id='word_1_81' title='bbox 1761 1224 2061 1262; x_wconf 86' lang='lat' dir='ltr'><strong>consonum</strong></span> <span class='ocrx_word' id='word_1_82' title='bbox 2114 1217 2196 1262; x_wconf 90' lang='lat' dir='ltr'><strong>est</strong></span> 
     </span>
    </p>
   </div>
   <div class='ocr_carea' id='block_1_13' title="bbox 638 1299 2192 1368">
    <p class='ocr_par' dir='ltr' id='par_1_13' title="bbox 638 1299 2192 1368">
     <span class='ocr_line' id='line_1_13' title="bbox 638 1299 2192 1368; baseline -0.005 -9"><span class='ocrx_word' id='word_1_83' title='bbox 638 1306 844 1359; x_wconf 87' lang='lat' dir='ltr'><strong>notioni</strong></span> <span class='ocrx_word' id='word_1_84' title='bbox 911 1307 1152 1359; x_wconf 58' lang='lat' dir='ltr'><strong>redditae.</strong></span> <span class='ocrx_word' id='word_1_85' title='bbox 1213 1305 1502 1368; x_wconf 78' lang='lat' dir='ltr'><strong>Quoniam,</strong></span> <span class='ocrx_word' id='word_1_86' title='bbox 1555 1301 1696 1354; x_wconf 91' lang='lat' dir='ltr'><strong>sicut</strong></span> <span class='ocrx_word' id='word_1_87' title='bbox 1749 1300 1824 1352; x_wconf 85' lang='lat' dir='ltr'><strong>ait</strong></span> <span class='ocrx_word' id='word_1_88' title='bbox 1878 1299 2192 1368; x_wconf 85' lang='lat' dir='ltr'><strong>Apostolus,</strong></span> 
     </span>
    </p>
   </div>
   <div class='ocr_carea' id='block_1_14' title="bbox 638 1389 2196 1462">
    <p class='ocr_par' dir='ltr' id='par_1_14' title="bbox 638 1389 2196 1462">
     <span class='ocr_line' id='line_1_14' title="bbox 638 1389 2196 1462; baseline -0.004 -14"><span class='ocrx_word' id='word_1_89' title='bbox 638 1398 826 1449; x_wconf 84' lang='lat' dir='ltr'><strong>mulier</strong></span> <span class='ocrx_word' id='word_1_90' title='bbox 853 1398 1065 1450; x_wconf 83' lang='lat' dir='ltr'><strong>seducta</strong></span> <span class='ocrx_word' id='word_1_91' title='bbox 1097 1398 1144 1448; x_wconf 78' lang='lat' dir='ltr'><strong>in</strong></span> <span class='ocrx_word' id='word_1_92' title='bbox 1168 1395 1598 1462; x_wconf 76' lang='lat' dir='ltr'><strong>prwvaricatione</strong></span> <span class='ocrx_word' id='word_1_93' title='bbox 1630 1392 1729 1460; x_wconf 75' lang='lat' dir='ltr'><strong>fuit</strong></span> <span class='ocrx_word' id='word_1_94' title='bbox 1753 1393 1826 1456; x_wconf 81' lang='lat'><strong>“‘;</strong></span> <span class='ocrx_word' id='word_1_95' title='bbox 1862 1399 1916 1445; x_wconf 88' lang='lat' dir='ltr'><strong>et</strong></span> <span class='ocrx_word' id='word_1_96' title='bbox 1944 1389 2196 1444; x_wconf 80' lang='lat' dir='ltr'><strong>defectio-</strong></span> 
     </span>
    </p>
   </div>
   <div class='ocr_carea' id='block_1_15' title="bbox 634 1481 2188 1555">
    <p class='ocr_par' dir='ltr' id='par_1_15' title="bbox 634 1481 2188 1555">
     <span class='ocr_line' id='line_1_15' title="bbox 634 1481 2188 1555; baseline -0.004 -17"><span class='ocrx_word' id='word_1_97' title='bbox 634 1487 721 1540; x_wconf 91' lang='lat' dir='ltr'><strong>nis</strong></span> <span class='ocrx_word' id='word_1_98' title='bbox 748 1501 775 1539; x_wconf 88' lang='lat' dir='ltr'><strong>a</strong></span> <span class='ocrx_word' id='word_1_99' title='bbox 805 1487 912 1540; x_wconf 90' lang='lat' dir='ltr'><strong>Deo</strong></span> <span class='ocrx_word' id='word_1_100' title='bbox 940 1503 1058 1555; x_wconf 68' lang='lat' dir='ltr'><strong>quae</strong></span> <span class='ocrx_word' id='word_1_101' title='bbox 1090 1502 1182 1553; x_wconf 87' lang='lat' dir='ltr'><strong>per</strong></span> <span class='ocrx_word' id='word_1_102' title='bbox 1210 1484 1629 1538; x_wconf 85' lang='lat' dir='ltr'><strong>inobedientiam</strong></span> <span class='ocrx_word' id='word_1_103' title='bbox 1658 1481 1798 1536; x_wconf 81' lang='lat' dir='ltr'><strong>facta</strong></span> <span class='ocrx_word' id='word_1_104' title='bbox 1827 1491 1910 1536; x_wconf 92' lang='lat' dir='ltr'><strong>est</strong></span> <span class='ocrx_word' id='word_1_105' title='bbox 1939 1481 2047 1534; x_wconf 72' lang='lat' dir='ltr'><strong>dux</strong></span> <span class='ocrx_word' id='word_1_106' title='bbox 2069 1481 2188 1533; x_wconf 83' lang='lat' dir='ltr'><strong>fuit:</strong></span> 
     </span>
    </p>
   </div>
   <div class='ocr_carea' id='block_1_16' title="bbox 635 1573 2190 1644">
    <p class='ocr_par' dir='ltr' id='par_1_16' title="bbox 635 1573 2190 1644">
     <span class='ocr_line' id='line_1_16' title="bbox 635 1573 2190 1644; baseline -0.005 -13"><span class='ocrx_word' id='word_1_107' title='bbox 635 1578 836 1632; x_wconf 86' lang='lat' dir='ltr'><strong>idcirco</strong></span> <span class='ocrx_word' id='word_1_108' title='bbox 877 1577 1291 1632; x_wconf 80' lang='lat' dir='ltr'><strong>resurrectionis</strong></span> <span class='ocrx_word' id='word_1_109' title='bbox 1348 1576 1517 1644; x_wconf 89' lang='lat' dir='ltr'><strong>prima</strong></span> <span class='ocrx_word' id='word_1_110' title='bbox 1547 1574 1603 1628; x_wconf 87' lang='lat' dir='ltr'><strong>ﬁt</strong></span> <span class='ocrx_word' id='word_1_111' title='bbox 1647 1575 1820 1635; x_wconf 86' lang='lat' dir='ltr'><strong>testis,</strong></span> <span class='ocrx_word' id='word_1_112' title='bbox 1873 1580 1932 1626; x_wconf 93' lang='lat' dir='ltr'><strong>ut</strong></span> <span class='ocrx_word' id='word_1_113' title='bbox 1978 1573 2190 1625; x_wconf 88' lang='lat' dir='ltr'><strong>ruinam</strong></span> 
     </span>
    </p>
   </div>
   <div class='ocr_carea' id='block_1_17' title="bbox 633 1664 2191 1738">
    <p class='ocr_par' dir='ltr' id='par_1_17' title="bbox 633 1664 2191 1738">
     <span class='ocr_line' id='line_1_17' title="bbox 633 1664 2191 1738; baseline -0.005 -16"><span class='ocrx_word' id='word_1_114' title='bbox 633 1685 752 1737; x_wconf 70' lang='lat' dir='ltr'><strong>qua:</strong></span> <span class='ocrx_word' id='word_1_115' title='bbox 779 1685 844 1722; x_wconf 85' lang='lat' dir='ltr'><strong>ex</strong></span> <span class='ocrx_word' id='word_1_116' title='bbox 878 1670 1320 1738; x_wconf 64' lang='lat' dir='ltr'><strong>praevaricatione</strong></span> <span class='ocrx_word' id='word_1_117' title='bbox 1349 1677 1534 1722; x_wconf 88' lang='lat' dir='ltr'><strong>secuta</strong></span> <span class='ocrx_word' id='word_1_118' title='bbox 1560 1674 1662 1727; x_wconf 88' lang='lat' dir='ltr'><strong>est,</strong></span> <span class='ocrx_word' id='word_1_119' title='bbox 1705 1682 1796 1731; x_wconf 90' lang='lat' dir='ltr'><strong>per</strong></span> <span class='ocrx_word' id='word_1_120' title='bbox 1825 1664 1982 1718; x_wconf 87' lang='lat' dir='ltr'><strong>ﬁdem</strong></span> <span class='ocrx_word' id='word_1_121' title='bbox 2012 1680 2191 1717; x_wconf 87' lang='lat' dir='ltr'><strong>resur-</strong></span> 
     </span>
    </p>
   </div>
   <div class='ocr_carea' id='block_1_18' title="bbox 628 1756 2188 1830">
    <p class='ocr_par' dir='ltr' id='par_1_18' title="bbox 628 1756 2188 1830">
     <span class='ocr_line' id='line_1_18' title="bbox 628 1756 2188 1830; baseline -0.003 -18"><span class='ocrx_word' id='word_1_122' title='bbox 628 1761 887 1814; x_wconf 89' lang='lat' dir='ltr'><strong>rectionis</strong></span> <span class='ocrx_word' id='word_1_123' title='bbox 919 1761 1168 1830; x_wconf 84' lang='lat' dir='ltr'><strong>erigeret.</strong></span> <span class='ocrx_word' id='word_1_124' title='bbox 1206 1760 1265 1812; x_wconf 78' lang='lat' dir='ltr'><strong>Et</strong></span> <span class='ocrx_word' id='word_1_125' title='bbox 1296 1759 1748 1828; x_wconf 81' lang='lat' dir='ltr'><strong>quemadmodum</strong></span> <span class='ocrx_word' id='word_1_126' title='bbox 1782 1772 2091 1810; x_wconf 85' lang='lat' dir='ltr'><strong>sermonum</strong></span> <span class='ocrx_word' id='word_1_127' title='bbox 2121 1756 2188 1808; x_wconf 90' lang='lat' dir='ltr'><strong>ab</strong></span> 
     </span>
    </p>
   </div>
   <div class='ocr_carea' id='block_1_19' title="bbox 628 1848 2184 1920">
    <p class='ocr_par' dir='ltr' id='par_1_19' title="bbox 628 1848 2184 1920">
     <span class='ocr_line' id='line_1_19' title="bbox 628 1848 2184 1920; baseline -0.003 -17"><span class='ocrx_word' id='word_1_128' title='bbox 628 1852 783 1904; x_wconf 89' lang='lat' dir='ltr'><strong>initio</strong></span> <span class='ocrx_word' id='word_1_129' title='bbox 831 1852 1096 1920; x_wconf 86' lang='lat' dir='ltr'><strong>serpentis</strong></span> <span class='ocrx_word' id='word_1_130' title='bbox 1145 1851 1212 1902; x_wconf 88' lang='lat' dir='ltr'><strong>ad</strong></span> <span class='ocrx_word' id='word_1_131' title='bbox 1258 1852 1429 1920; x_wconf 79' lang='lat' dir='ltr'><strong>virum</strong></span> <span class='ocrx_word' id='word_1_132' title='bbox 1471 1851 1719 1902; x_wconf 89' lang='lat' dir='ltr'><strong>ministra</strong></span> <span class='ocrx_word' id='word_1_133' title='bbox 1769 1857 1823 1901; x_wconf 85' lang='lat' dir='ltr'><strong>et</strong></span> <span class='ocrx_word' id='word_1_134' title='bbox 1874 1848 2184 1900; x_wconf 83' lang='lat' dir='ltr'><strong>consiliaiia</strong></span> 
     </span>
    </p>
   </div>
   <div class='ocr_carea' id='block_1_20' title="bbox 629 1937 2178 2009">
    <p class='ocr_par' dir='ltr' id='par_1_20' title="bbox 629 1937 2178 2009">
     <span class='ocr_line' id='line_1_20' title="bbox 629 1937 2178 2009; baseline -0.003 -18"><span class='ocrx_word' id='word_1_135' title='bbox 629 1941 768 1992; x_wconf 77' lang='lat' dir='ltr'><strong>facta</strong></span> <span class='ocrx_word' id='word_1_136' title='bbox 796 1940 859 2001; x_wconf 83' lang='lat'><strong>&quot;&#39;;</strong></span> <span class='ocrx_word' id='word_1_137' title='bbox 896 1941 1218 2009; x_wconf 85' lang='lat' dir='ltr'><strong>principium</strong></span> <span class='ocrx_word' id='word_1_138' title='bbox 1255 1939 1374 1991; x_wconf 80' lang='lat' dir='ltr'><strong>mali</strong></span> <span class='ocrx_word' id='word_1_139' title='bbox 1411 1948 1462 1990; x_wconf 85' lang='lat' dir='ltr'><strong>et</strong></span> <span class='ocrx_word' id='word_1_140' title='bbox 1503 1939 1777 2007; x_wconf 65' lang='lat' dir='ltr'><strong>sequdam</strong></span> <span class='ocrx_word' id='word_1_141' title='bbox 1812 1939 1931 1990; x_wconf 48' lang='lat' dir='ltr'><strong>vita“</strong></span> <span class='ocrx_word' id='word_1_142' title='bbox 1966 1937 2178 1989; x_wconf 89' lang='lat' dir='ltr'><strong>intulit:</strong></span> 
     </span>
    </p>
   </div>
   <div class='ocr_carea' id='block_1_21' title="bbox 626 2029 2182 2100">
    <p class='ocr_par' dir='ltr' id='par_1_21' title="bbox 626 2029 2182 2100">
     <span class='ocr_line' id='line_1_21' title="bbox 626 2029 2182 2100; baseline -0.003 -16"><span class='ocrx_word' id='word_1_143' title='bbox 626 2035 706 2085; x_wconf 84' lang='lat' dir='ltr'><strong>sic</strong></span> <span class='ocrx_word' id='word_1_144' title='bbox 740 2033 858 2098; x_wconf 86' lang='lat' dir='ltr'><strong>ejus</strong></span> <span class='ocrx_word' id='word_1_145' title='bbox 885 2033 973 2100; x_wconf 93' lang='lat' dir='ltr'><strong>qui</strong></span> <span class='ocrx_word' id='word_1_146' title='bbox 1001 2033 1156 2084; x_wconf 89' lang='lat' dir='ltr'><strong>morti</strong></span> <span class='ocrx_word' id='word_1_147' title='bbox 1191 2031 1338 2084; x_wconf 83' lang='lat' dir='ltr'><strong>dedit</strong></span> <span class='ocrx_word' id='word_1_148' title='bbox 1369 2031 1696 2084; x_wconf 86' lang='lat' dir='ltr'><strong>del&#39;ectorem</strong></span> <span class='ocrx_word' id='word_1_149' title='bbox 1728 2029 2040 2093; x_wconf 84' lang='lat' dir='ltr'><strong>draconem,</strong></span> <span class='ocrx_word' id='word_1_150' title='bbox 2067 2038 2182 2082; x_wconf 80' lang='lat' dir='ltr'><strong>ser-</strong></span> 
     </span>
    </p>
   </div>
   <div class='ocr_carea' id='block_1_22' title="bbox 628 2120 2180 2190">
    <p class='ocr_par' dir='ltr' id='par_1_22' title="bbox 628 2120 2180 2190">
     <span class='ocr_line' id='line_1_22' title="bbox 628 2120 2180 2190; baseline -0.003 -14"><span class='ocrx_word' id='word_1_151' title='bbox 628 2140 815 2176; x_wconf 89' lang='lat' dir='ltr'><strong>mones</strong></span> <span class='ocrx_word' id='word_1_152' title='bbox 850 2123 916 2174; x_wconf 89' lang='lat' dir='ltr'><strong>ad</strong></span> <span class='ocrx_word' id='word_1_153' title='bbox 960 2122 1258 2190; x_wconf 75' lang='lat' dir='ltr'><strong>discipulos</strong></span> <span class='ocrx_word' id='word_1_154' title='bbox 1295 2122 1591 2190; x_wconf 76' lang='lat' dir='ltr'><strong>perferens,</strong></span> <span class='ocrx_word' id='word_1_155' title='bbox 1626 2121 1937 2174; x_wconf 88' lang='lat' dir='ltr'><strong>hominibus</strong></span> <span class='ocrx_word' id='word_1_156' title='bbox 1986 2120 2092 2173; x_wconf 79' lang='lat' dir='ltr'><strong>dux</strong></span> <span class='ocrx_word' id='word_1_157' title='bbox 2128 2127 2180 2174; x_wconf 91' lang='lat' dir='ltr'><strong>et</strong></span> 
     </span>
    </p>
   </div>
   <div class='ocr_carea' id='block_1_23' title="bbox 625 2212 2179 2283">
    <p class='ocr_par' dir='ltr' id='par_1_23' title="bbox 625 2212 2179 2283">
     <span class='ocr_line' id='line_1_23' title="bbox 625 2212 2179 2283; baseline -0.001 -18"><span class='ocrx_word' id='word_1_158' title='bbox 625 2215 874 2283; x_wconf 83' lang='lat' dir='ltr'><strong>princeps</strong></span> <span class='ocrx_word' id='word_1_159' title='bbox 914 2214 1032 2268; x_wconf 89' lang='lat' dir='ltr'><strong>ﬁdei</strong></span> <span class='ocrx_word' id='word_1_160' title='bbox 1085 2214 1404 2277; x_wconf 83' lang='lat' dir='ltr'><strong>elﬁceretur,</strong></span> <span class='ocrx_word' id='word_1_161' title='bbox 1458 2230 1551 2282; x_wconf 90' lang='lat' dir='ltr'><strong>per</strong></span> <span class='ocrx_word' id='word_1_162' title='bbox 1594 2230 1755 2282; x_wconf 90' lang='lat' dir='ltr'><strong>quam</strong></span> <span class='ocrx_word' id='word_1_163' title='bbox 1789 2214 1979 2266; x_wconf 90' lang='lat' dir='ltr'><strong>merito</strong></span> <span class='ocrx_word' id='word_1_164' title='bbox 2008 2212 2179 2281; x_wconf 87' lang='lat' dir='ltr'><strong>prima</strong></span> 
     </span>
    </p>
   </div>
   <div class='ocr_carea' id='block_1_24' title="bbox 623 2301 2178 2359">
    <p class='ocr_par' dir='ltr' id='par_1_24' title="bbox 623 2301 2178 2359">
     <span class='ocr_line' id='line_1_24' title="bbox 623 2301 2178 2359; baseline -0.003 -2"><span class='ocrx_word' id='word_1_165' title='bbox 623 2306 813 2358; x_wconf 87' lang='lat' dir='ltr'><strong>mortis</strong></span> <span class='ocrx_word' id='word_1_166' title='bbox 839 2307 1054 2358; x_wconf 83' lang='lat' dir='ltr'><strong>occasio</strong></span> <span class='ocrx_word' id='word_1_167' title='bbox 1080 2305 1414 2359; x_wconf 85' lang='lat' dir='ltr'><strong>dissolvitur.</strong></span> <span class='ocrx_word' id='word_1_168' title='bbox 1453 2304 1557 2358; x_wconf 88' lang='lat' dir='ltr'><strong>Sed</strong></span> <span class='ocrx_word' id='word_1_169' title='bbox 1607 2304 1895 2358; x_wconf 75' lang='lat' dir='ltr'><strong>verisimile</strong></span> <span class='ocrx_word' id='word_1_170' title='bbox 1921 2312 2002 2356; x_wconf 90' lang='lat' dir='ltr'><strong>est</strong></span> <span class='ocrx_word' id='word_1_171' title='bbox 2035 2318 2064 2354; x_wconf 94' lang='lat' dir='ltr'><strong>a</strong></span> <span class='ocrx_word' id='word_1_172' title='bbox 2092 2301 2178 2354; x_wconf 87' lang='lat' dir='ltr'><strong>di-</strong></span> 
     </span>
    </p>
   </div>
   <div class='ocr_carea' id='block_1_25' title="bbox 621 2395 2179 2464">
    <p class='ocr_par' dir='ltr' id='par_1_25' title="bbox 621 2395 2179 2464">
     <span class='ocr_line' id='line_1_25' title="bbox 621 2395 2179 2464; baseline -0.002 -16"><span class='ocrx_word' id='word_1_173' title='bbox 621 2397 995 2464; x_wconf 84' lang='lat' dir='ltr'><strong>ligentioribus</strong></span> <span class='ocrx_word' id='word_1_174' title='bbox 1027 2397 1293 2449; x_wconf 89' lang='lat' dir='ltr'><strong>utiliorem</strong></span> <span class='ocrx_word' id='word_1_175' title='bbox 1326 2397 1560 2464; x_wconf 85' lang='lat' dir='ltr'><strong>aliquam</strong></span> <span class='ocrx_word' id='word_1_176' title='bbox 1597 2395 2010 2463; x_wconf 79' lang='lat' dir='ltr'><strong>explicationem</strong></span> <span class='ocrx_word' id='word_1_177' title='bbox 2053 2411 2179 2462; x_wconf 79' lang='lat' dir='ltr'><strong>pro-</strong></span> 
     </span>
    </p>
   </div>
   <div class='ocr_carea' id='block_1_26' title="bbox 621 2484 2175 2556">
    <p class='ocr_par' dir='ltr' id='par_1_26' title="bbox 621 2484 2175 2556">
     <span class='ocr_line' id='line_1_26' title="bbox 621 2484 2175 2556; baseline 0 -20"><span class='ocrx_word' id='word_1_178' title='bbox 621 2489 918 2556; x_wconf 86' lang='lat' dir='ltr'><strong>positorum</strong></span> <span class='ocrx_word' id='word_1_179' title='bbox 966 2502 1124 2555; x_wconf 89' lang='lat' dir='ltr'><strong>posse</strong></span> <span class='ocrx_word' id='word_1_180' title='bbox 1169 2486 1416 2539; x_wconf 84' lang='lat' dir='ltr'><strong>inveniri.</strong></span> <span class='ocrx_word' id='word_1_181' title='bbox 1449 2485 1601 2550; x_wconf 78' lang='lat' dir='ltr'><strong>Quod</strong></span> <span class='ocrx_word' id='word_1_182' title='bbox 1647 2485 1692 2538; x_wconf 88' lang='lat' dir='ltr'><strong>si</strong></span> <span class='ocrx_word' id='word_1_183' title='bbox 1728 2485 1889 2540; x_wconf 80' lang='lat' dir='ltr'><strong>etiam</strong></span> <span class='ocrx_word' id='word_1_184' title='bbox 1921 2484 2055 2537; x_wconf 89' lang='lat' dir='ltr'><strong>nihil</strong></span> <span class='ocrx_word' id='word_1_185' title='bbox 2092 2485 2175 2536; x_wconf 89' lang='lat' dir='ltr'><strong>in-</strong></span> 
     </span>
    </p>
   </div>
   <div class='ocr_carea' id='block_1_27' title="bbox 618 2572 2175 2641">
    <p class='ocr_par' dir='ltr' id='par_1_27' title="bbox 618 2572 2175 2641">
     <span class='ocr_line' id='line_1_27' title="bbox 618 2572 2175 2641; baseline 0.001 -17"><span class='ocrx_word' id='word_1_186' title='bbox 618 2575 912 2634; x_wconf 77' lang='lat' dir='ltr'><strong>veniretur,</strong></span> <span class='ocrx_word' id='word_1_187' title='bbox 967 2573 1112 2624; x_wconf 88' lang='lat' dir='ltr'><strong>illam</strong></span> <span class='ocrx_word' id='word_1_188' title='bbox 1152 2581 1329 2625; x_wconf 83' lang='lat' dir='ltr'><strong>tamen</strong></span> <span class='ocrx_word' id='word_1_189' title='bbox 1358 2587 1477 2641; x_wconf 73' lang='lat' dir='ltr'><strong>qua:</strong></span> <span class='ocrx_word' id='word_1_190' title='bbox 1505 2573 1571 2626; x_wconf 88' lang='lat' dir='ltr'><strong>ab</strong></span> <span class='ocrx_word' id='word_1_191' title='bbox 1603 2573 1928 2626; x_wconf 87' lang='lat' dir='ltr'><strong>adversariis</strong></span> <span class='ocrx_word' id='word_1_192' title='bbox 1962 2572 2175 2640; x_wconf 66' lang='lat' dir='ltr'><strong>profero</strong></span> 
     </span>
    </p>
   </div>
   <div class='ocr_carea' id='block_1_28' title="bbox 615 2663 2174 2733">
    <p class='ocr_par' dir='ltr' id='par_1_28' title="bbox 615 2663 2174 2733">
     <span class='ocr_line' id='line_1_28' title="bbox 615 2663 2174 2733; baseline 0.002 -18"><span class='ocrx_word' id='word_1_193' title='bbox 615 2671 723 2725; x_wconf 91' lang='lat' dir='ltr'><strong>tur,</strong></span> <span class='ocrx_word' id='word_1_194' title='bbox 761 2679 983 2731; x_wconf 89' lang='lat' dir='ltr'><strong>prorsus</strong></span> <span class='ocrx_word' id='word_1_195' title='bbox 1009 2663 1237 2717; x_wconf 84' lang='lat' dir='ltr'><strong>otiosam</strong></span> <span class='ocrx_word' id='word_1_196' title='bbox 1264 2679 1381 2717; x_wconf 86' lang='lat' dir='ltr'><strong>esse</strong></span> <span class='ocrx_word' id='word_1_197' title='bbox 1402 2674 1454 2717; x_wconf 91' lang='lat' dir='ltr'><strong>et</strong></span> <span class='ocrx_word' id='word_1_198' title='bbox 1480 2665 1715 2723; x_wconf 87' lang='lat' dir='ltr'><strong>inanem,</strong></span> <span class='ocrx_word' id='word_1_199' title='bbox 1749 2665 1793 2717; x_wconf 88' lang='lat' dir='ltr'><strong>si</strong></span> <span class='ocrx_word' id='word_1_200' title='bbox 1826 2664 1890 2717; x_wconf 90' lang='lat' dir='ltr'><strong>ad</strong></span> <span class='ocrx_word' id='word_1_201' title='bbox 1914 2680 2032 2717; x_wconf 75' lang='lat' dir='ltr'><strong>eam</strong></span> <span class='ocrx_word' id='word_1_202' title='bbox 2055 2679 2174 2733; x_wconf 72' lang='lat' dir='ltr'><strong>quae</strong></span> 
     </span>
    </p>
   </div>
   <div class='ocr_carea' id='block_1_29' title="bbox 615 2754 2170 2824">
    <p class='ocr_par' dir='ltr' id='par_1_29' title="bbox 615 2754 2170 2824">
     <span class='ocr_line' id='line_1_29' title="bbox 615 2754 2170 2824; baseline 0.001 -17"><span class='ocrx_word' id='word_1_203' title='bbox 615 2755 828 2808; x_wconf 89' lang='lat' dir='ltr'><strong>inventa</strong></span> <span class='ocrx_word' id='word_1_204' title='bbox 872 2763 953 2808; x_wconf 88' lang='lat' dir='ltr'><strong>est</strong></span> <span class='ocrx_word' id='word_1_205' title='bbox 991 2754 1323 2815; x_wconf 79' lang='lat' dir='ltr'><strong>conferatur,</strong></span> <span class='ocrx_word' id='word_1_206' title='bbox 1367 2757 1661 2824; x_wconf 84' lang='lat' dir='ltr'><strong>quemlibet</strong></span> <span class='ocrx_word' id='word_1_207' title='bbox 1713 2757 1797 2824; x_wconf 91' lang='lat' dir='ltr'><strong>pie</strong></span> <span class='ocrx_word' id='word_1_208' title='bbox 1851 2757 2170 2810; x_wconf 87' lang='lat' dir='ltr'><strong>sentientem</strong></span> 
     </span>
    </p>
   </div>
   <div class='ocr_carea' id='block_1_30' title="bbox 612 2846 2169 2916">
    <p class='ocr_par' dir='ltr' id='par_1_30' title="bbox 612 2846 2169 2916">
     <span class='ocr_line' id='line_1_30' title="bbox 612 2846 2169 2916; baseline 0.002 -19"><span class='ocrx_word' id='word_1_209' title='bbox 612 2846 1027 2914; x_wconf 86' lang='lat' dir='ltr'><strong>astipulaturum</strong></span> <span class='ocrx_word' id='word_1_210' title='bbox 1065 2861 1185 2900; x_wconf 91' lang='lat' dir='ltr'><strong>esse</strong></span> <span class='ocrx_word' id='word_1_211' title='bbox 1233 2846 1487 2900; x_wconf 87' lang='lat' dir='ltr'><strong>arbitror.</strong></span> <span class='ocrx_word' id='word_1_212' title='bbox 1535 2846 1627 2899; x_wconf 91' lang='lat' dir='ltr'><strong>llla</strong></span> <span class='ocrx_word' id='word_1_213' title='bbox 1668 2849 1882 2916; x_wconf 89' lang='lat' dir='ltr'><strong>quidem</strong></span> <span class='ocrx_word' id='word_1_214' title='bbox 1935 2849 1999 2902; x_wconf 89' lang='lat' dir='ltr'><strong>ad</strong></span> <span class='ocrx_word' id='word_1_215' title='bbox 2037 2847 2169 2902; x_wconf 87' lang='lat' dir='ltr'><strong>Uni-</strong></span> 
     </span>
    </p>
   </div>
   <div class='ocr_carea' id='block_1_31' title="bbox 609 2933 2170 3002">
    <p class='ocr_par' dir='ltr' id='par_1_31' title="bbox 609 2933 2170 3002">
     <span class='ocr_line' id='line_1_31' title="bbox 609 2933 2170 3002; baseline 0.002 -15"><span class='ocrx_word' id='word_1_216' title='bbox 609 2933 772 3002; x_wconf 80' lang='lat' dir='ltr'><strong>geniti</strong></span> <span class='ocrx_word' id='word_1_217' title='bbox 812 2933 994 3002; x_wconf 72' lang='lat' dir='ltr'><strong>gloriae</strong></span> <span class='ocrx_word' id='word_1_218' title='bbox 1047 2933 1470 2987; x_wconf 81' lang='lat' dir='ltr'><strong>destrueiionem</strong></span> <span class='ocrx_word' id='word_1_219' title='bbox 1504 2935 1731 2988; x_wconf 86' lang='lat' dir='ltr'><strong>conﬁcta</strong></span> <span class='ocrx_word' id='word_1_220' title='bbox 1769 2946 1873 3000; x_wconf 88' lang='lat' dir='ltr'><strong>est,</strong></span> <span class='ocrx_word' id='word_1_221' title='bbox 1928 2946 1980 2990; x_wconf 88' lang='lat' dir='ltr'><strong>et</strong></span> <span class='ocrx_word' id='word_1_222' title='bbox 2034 2937 2170 2990; x_wconf 88' lang='lat' dir='ltr'><strong>nihil</strong></span> 
     </span>
    </p>
   </div>
   <div class='ocr_carea' id='block_1_32' title="bbox 609 3024 2169 3094">
    <p class='ocr_par' dir='ltr' id='par_1_32' title="bbox 609 3024 2169 3094">
     <span class='ocr_line' id='line_1_32' title="bbox 609 3024 2169 3094; baseline 0.003 -18"><span class='ocrx_word' id='word_1_223' title='bbox 609 3025 869 3092; x_wconf 84' lang='lat' dir='ltr'><strong>amplius:</strong></span> <span class='ocrx_word' id='word_1_224' title='bbox 904 3024 1016 3077; x_wconf 73' lang='lat' dir='ltr'><strong>haec</strong></span> <span class='ocrx_word' id='word_1_225' title='bbox 1043 3039 1168 3077; x_wconf 90' lang='lat' dir='ltr'><strong>vero</strong></span> <span class='ocrx_word' id='word_1_226' title='bbox 1195 3031 1411 3092; x_wconf 85' lang='lat' dir='ltr'><strong>(nostra</strong></span> <span class='ocrx_word' id='word_1_227' title='bbox 1445 3026 1682 3094; x_wconf 89' lang='lat' dir='ltr'><strong>scilicet)</strong></span> <span class='ocrx_word' id='word_1_228' title='bbox 1717 3027 2032 3081; x_wconf 52' lang='lat' dir='ltr'><strong>oeconomiae</strong></span> <span class='ocrx_word' id='word_1_229' title='bbox 2055 3028 2169 3082; x_wconf 85' lang='lat' dir='ltr'><strong>sive</strong></span> 
     </span>
    </p>
   </div>
   <div class='ocr_carea' id='block_1_33' title="bbox 606 3114 2165 3187">
    <p class='ocr_par' dir='ltr' id='par_1_33' title="bbox 606 3114 2165 3187">
     <span class='ocr_line' id='line_1_33' title="bbox 606 3114 2165 3187; baseline 0.004 -21"><span class='ocrx_word' id='word_1_230' title='bbox 606 3114 1026 3184; x_wconf 86' lang='lat' dir='ltr'><strong>dispensationis</strong></span> <span class='ocrx_word' id='word_1_231' title='bbox 1047 3121 1341 3168; x_wconf 80' lang='lat' dir='ltr'><strong>secundum</strong></span> <span class='ocrx_word' id='word_1_232' title='bbox 1363 3118 1634 3171; x_wconf 86' lang='lat' dir='ltr'><strong>hominem</strong></span> <span class='ocrx_word' id='word_1_233' title='bbox 1659 3134 1881 3187; x_wconf 85' lang='lat' dir='ltr'><strong>scopum</strong></span> <span class='ocrx_word' id='word_1_234' title='bbox 1904 3122 2165 3184; x_wconf 66' lang='lat' dir='ltr'><strong>continet,</strong></span> 
     </span>
    </p>
   </div>
   <div class='ocr_carea' id='block_1_34' title="bbox 607 3198 2167 3278">
    <p class='ocr_par' dir='ltr' id='par_1_34' title="bbox 607 3198 2167 3278">
     <span class='ocr_line' id='line_1_34' title="bbox 607 3198 2167 3278; baseline 0.005 -26"><span class='ocrx_word' id='word_1_235' title='bbox 607 3198 1042 3255; x_wconf 89' lang='lat' dir='ltr'><strong>Demonstratum</strong></span> <span class='ocrx_word' id='word_1_236' title='bbox 1073 3213 1155 3256; x_wconf 88' lang='lat' dir='ltr'><strong>est</strong></span> <span class='ocrx_word' id='word_1_237' title='bbox 1185 3205 1330 3255; x_wconf 91' lang='lat' dir='ltr'><strong>enim</strong></span> <span class='ocrx_word' id='word_1_238' title='bbox 1358 3204 1501 3272; x_wconf 89' lang='lat' dir='ltr'><strong>quod</strong></span> <span class='ocrx_word' id='word_1_239' title='bbox 1527 3221 1632 3258; x_wconf 92' lang='lat' dir='ltr'><strong>non</strong></span> <span class='ocrx_word' id='word_1_240' title='bbox 1659 3207 1747 3259; x_wconf 89' lang='lat' dir='ltr'><strong>ille</strong></span> <span class='ocrx_word' id='word_1_241' title='bbox 1773 3207 1865 3276; x_wconf 88' lang='lat' dir='ltr'><strong>qui</strong></span> <span class='ocrx_word' id='word_1_242' title='bbox 1894 3210 2036 3278; x_wconf 88' lang='lat' dir='ltr'><strong>tangi</strong></span> <span class='ocrx_word' id='word_1_243' title='bbox 2060 3224 2167 3262; x_wconf 89' lang='lat' dir='ltr'><strong>non</strong></span> 
     </span>
    </p>
   </div>
   <div class='ocr_carea' id='block_1_35' title="bbox 604 3297 2166 3369">
    <p class='ocr_par' dir='ltr' id='par_1_35' title="bbox 604 3297 2166 3369">
     <span class='ocr_line' id='line_1_35' title="bbox 604 3297 2166 3369; baseline 0.008 -27"><span class='ocrx_word' id='word_1_244' title='bbox 604 3300 802 3360; x_wconf 85' lang='lat' dir='ltr'><strong>potest,</strong></span> <span class='ocrx_word' id='word_1_245' title='bbox 843 3308 1013 3361; x_wconf 85' lang='lat' dir='ltr'><strong>neque</strong></span> <span class='ocrx_word' id='word_1_246' title='bbox 1048 3297 1421 3356; x_wconf 82' lang='lat' dir='ltr'><strong>transmutari,</strong></span> <span class='ocrx_word' id='word_1_247' title='bbox 1456 3312 1632 3365; x_wconf 89' lang='lat' dir='ltr'><strong>neque</strong></span> <span class='ocrx_word' id='word_1_248' title='bbox 1655 3298 1863 3362; x_wconf 89' lang='lat' dir='ltr'><strong>videri;</strong></span> <span class='ocrx_word' id='word_1_249' title='bbox 1895 3301 1987 3353; x_wconf 86' lang='lat' dir='ltr'><strong>sed</strong></span> <span class='ocrx_word' id='word_1_250' title='bbox 2025 3300 2166 3369; x_wconf 88' lang='lat' dir='ltr'><strong>quod</strong></span> 
     </span>
    </p>
   </div>
   <div class='ocr_carea' id='block_1_36' title="bbox 606 3384 2168 3460">
    <p class='ocr_par' dir='ltr' id='par_1_36' title="bbox 606 3384 2168 3460">
     <span class='ocr_line' id='line_1_36' title="bbox 606 3384 2168 3460; baseline 0.006 -23"><span class='ocrx_word' id='word_1_251' title='bbox 606 3384 752 3437; x_wconf 85' lang='lat' dir='ltr'><strong>cerni</strong></span> <span class='ocrx_word' id='word_1_252' title='bbox 779 3390 832 3437; x_wconf 87' lang='lat' dir='ltr'><strong>et</strong></span> <span class='ocrx_word' id='word_1_253' title='bbox 862 3386 1065 3438; x_wconf 85' lang='lat' dir='ltr'><strong>moveri</strong></span> <span class='ocrx_word' id='word_1_254' title='bbox 1090 3394 1142 3439; x_wconf 88' lang='lat' dir='ltr'><strong>et</strong></span> <span class='ocrx_word' id='word_1_255' title='bbox 1173 3388 1375 3456; x_wconf 85' lang='lat' dir='ltr'><strong>palpari</strong></span> <span class='ocrx_word' id='word_1_256' title='bbox 1412 3397 1609 3457; x_wconf 86' lang='lat' dir='ltr'><strong>potest,</strong></span> <span class='ocrx_word' id='word_1_257' title='bbox 1639 3391 1783 3458; x_wconf 90' lang='lat' dir='ltr'><strong>quod</strong></span> <span class='ocrx_word' id='word_1_258' title='bbox 1814 3392 2031 3460; x_wconf 87' lang='lat' dir='ltr'><strong>quidem</strong></span> <span class='ocrx_word' id='word_1_259' title='bbox 2068 3394 2168 3446; x_wconf 85' lang='lat' dir='ltr'><strong>hu-</strong></span> 
     </span>
    </p>
   </div>
   <div class='ocr_carea' id='block_1_37' title="bbox 607 3478 2165 3546">
    <p class='ocr_par' dir='ltr' id='par_1_37' title="bbox 607 3478 2165 3546">
     <span class='ocr_line' id='line_1_37' title="bbox 607 3478 2165 3546; baseline 0.006 -18"><span class='ocrx_word' id='word_1_260' title='bbox 607 3489 780 3528; x_wconf 77' lang='lat' dir='ltr'><strong>mana:</strong></span> <span class='ocrx_word' id='word_1_261' title='bbox 817 3483 1024 3529; x_wconf 69' lang='lat' dir='ltr'><strong>natura:</strong></span> <span class='ocrx_word' id='word_1_262' title='bbox 1054 3478 1334 3546; x_wconf 90' lang='lat' dir='ltr'><strong>proprium</strong></span> <span class='ocrx_word' id='word_1_263' title='bbox 1364 3488 1466 3540; x_wconf 88' lang='lat' dir='ltr'><strong>est,</strong></span> <span class='ocrx_word' id='word_1_264' title='bbox 1515 3479 1697 3535; x_wconf 66' lang='lat' dir='ltr'><strong>Maria:</strong></span> <span class='ocrx_word' id='word_1_265' title='bbox 1722 3483 2033 3537; x_wconf 87' lang='lat' dir='ltr'><strong>mandatum</strong></span> <span class='ocrx_word' id='word_1_266' title='bbox 2069 3483 2165 3538; x_wconf 89' lang='lat' dir='ltr'><strong>da-</strong></span> 
     </span>
    </p>
   </div>
   <div class='ocr_carea' id='block_1_38' title="bbox 606 3564 1603 3625">
    <p class='ocr_par' dir='ltr' id='par_1_38' title="bbox 606 3564 1603 3625">
     <span class='ocr_line' id='line_1_38' title="bbox 606 3564 1603 3625; baseline 0.006 -6"><span class='ocrx_word' id='word_1_267' title='bbox 606 3566 696 3619; x_wconf 94' lang='lat' dir='ltr'><strong>bat</strong></span> <span class='ocrx_word' id='word_1_268' title='bbox 723 3566 788 3619; x_wconf 88' lang='lat' dir='ltr'><strong>ad</strong></span> <span class='ocrx_word' id='word_1_269' title='bbox 819 3564 1016 3621; x_wconf 76' lang='lat' dir='ltr'><strong>fratres</strong></span> <span class='ocrx_word' id='word_1_270' title='bbox 1044 3584 1344 3623; x_wconf 83' lang='lat' dir='ltr'><strong>sermonem</strong></span> <span class='ocrx_word' id='word_1_271' title='bbox 1373 3571 1603 3625; x_wconf 77' lang='lat' dir='ltr'><strong>deferre.</strong></span> 
     </span>
    </p>
   </div>
   <div class='ocr_carea' id='block_1_39' title="bbox 672 3827 2156 3912">
    <p class='ocr_par' dir='ltr' id='par_1_39' title="bbox 672 3827 2156 3912">
     <span class='ocr_line' id='line_1_39' title="bbox 672 3827 2156 3912; baseline 0.011 -30"><span class='ocrx_word' id='word_1_272' title='bbox 672 3827 934 3885; x_wconf 67' lang='lat' dir='ltr'><strong>Pranerea</strong></span> <span class='ocrx_word' id='word_1_273' title='bbox 980 3832 1082 3888; x_wconf 89' lang='lat' dir='ltr'><strong>hoc</strong></span> <span class='ocrx_word' id='word_1_274' title='bbox 1115 3835 1275 3888; x_wconf 85' lang='lat' dir='ltr'><strong>etiam</strong></span> <span class='ocrx_word' id='word_1_275' title='bbox 1312 3836 1534 3908; x_wconf 89' lang='lat' dir='ltr'><strong>insuper</strong></span> <span class='ocrx_word' id='word_1_276' title='bbox 1571 3841 1961 3908; x_wconf 81' lang='lat' dir='ltr'><strong>examinemus,</strong></span> <span class='ocrx_word' id='word_1_277' title='bbox 1999 3862 2156 3912; x_wconf 84' lang='lat' dir='ltr'><strong>quam</strong></span> 
     </span>
    </p>
   </div>
   <div class='ocr_carea' id='block_1_40' title="bbox 602 3920 2160 4004">
    <p class='ocr_par' dir='ltr' id='par_1_40' title="bbox 602 3920 2160 4004">
     <span class='ocr_line' id='line_1_40' title="bbox 602 3920 2160 4004; baseline 0.01 -30"><span class='ocrx_word' id='word_1_278' title='bbox 602 3920 968 3977; x_wconf 84' lang='lat' dir='ltr'><strong>defensionem</strong></span> <span class='ocrx_word' id='word_1_279' title='bbox 1011 3924 1135 3978; x_wconf 86' lang='lat' dir='ltr'><strong>iacit</strong></span> <span class='ocrx_word' id='word_1_280' title='bbox 1174 3941 1272 3994; x_wconf 91' lang='lat' dir='ltr'><strong>pro</strong></span> <span class='ocrx_word' id='word_1_281' title='bbox 1317 3927 1382 3981; x_wconf 91' lang='lat' dir='ltr'><strong>iis</strong></span> <span class='ocrx_word' id='word_1_282' title='bbox 1434 3929 1488 3982; x_wconf 93' lang='lat' dir='ltr'><strong>in</strong></span> <span class='ocrx_word' id='word_1_283' title='bbox 1522 3931 1718 3998; x_wconf 86' lang='lat' dir='ltr'><strong>quibus</strong></span> <span class='ocrx_word' id='word_1_284' title='bbox 1758 3947 1787 3984; x_wconf 91' lang='lat' dir='ltr'><strong>a</strong></span> <span class='ocrx_word' id='word_1_285' title='bbox 1829 3949 2022 4004; x_wconf 81' lang='lat' dir='ltr'><strong>magno</strong></span> <span class='ocrx_word' id='word_1_286' title='bbox 2060 3935 2160 3989; x_wconf 84' lang='lat' dir='ltr'><strong>Ba-</strong></span> 
     </span>
    </p>
   </div>
   <div class='ocr_carea' id='block_1_41' title="bbox 601 4012 2158 4089">
    <p class='ocr_par' dir='ltr' id='par_1_41' title="bbox 601 4012 2158 4089">
     <span class='ocr_line' id='line_1_41' title="bbox 601 4012 2158 4089; baseline 0.007 -24"><span class='ocrx_word' id='word_1_287' title='bbox 601 4012 722 4066; x_wconf 84' lang='lat' dir='ltr'><strong>silio</strong></span> <span class='ocrx_word' id='word_1_288' title='bbox 748 4015 1145 4082; x_wconf 79' lang='lat' dir='ltr'><strong>reprenhensus</strong></span> <span class='ocrx_word' id='word_1_289' title='bbox 1177 4025 1279 4080; x_wconf 90' lang='lat' dir='ltr'><strong>est,</strong></span> <span class='ocrx_word' id='word_1_290' title='bbox 1311 4019 1651 4073; x_wconf 85' lang='lat' dir='ltr'><strong>tenebrarum</strong></span> <span class='ocrx_word' id='word_1_291' title='bbox 1695 4023 1994 4089; x_wconf 88' lang='lat' dir='ltr'><strong>portionem</strong></span> <span class='ocrx_word' id='word_1_292' title='bbox 2037 4023 2158 4076; x_wconf 89' lang='lat' dir='ltr'><strong>uni-</strong></span> 
     </span>
    </p>
   </div>
   <div class='ocr_carea' id='block_1_42' title="bbox 599 4103 2156 4175">
    <p class='ocr_par' dir='ltr' id='par_1_42' title="bbox 599 4103 2156 4175">
     <span class='ocr_line' id='line_1_42' title="bbox 599 4103 2156 4175; baseline 0.005 -19"><span class='ocrx_word' id='word_1_293' title='bbox 599 4105 779 4174; x_wconf 86' lang='lat' dir='ltr'><strong>genito</strong></span> <span class='ocrx_word' id='word_1_294' title='bbox 806 4103 911 4158; x_wconf 88' lang='lat' dir='ltr'><strong>Deo</strong></span> <span class='ocrx_word' id='word_1_295' title='bbox 951 4107 1256 4175; x_wconf 81' lang='lat' dir='ltr'><strong>assignans,</strong></span> <span class='ocrx_word' id='word_1_296' title='bbox 1282 4107 1406 4160; x_wconf 90' lang='lat' dir='ltr'><strong>dum</strong></span> <span class='ocrx_word' id='word_1_297' title='bbox 1453 4107 1584 4160; x_wconf 88' lang='lat' dir='ltr'><strong>dicit</strong></span> <span class='ocrx_word' id='word_1_298' title='bbox 1617 4125 1629 4159; x_wconf 91' lang='lat'>:</span> <span class='ocrx_word' id='word_1_299' title='bbox 1678 4109 1946 4174; x_wconf 84' lang='lat' dir='ltr'><strong>Quantum</strong></span> <span class='ocrx_word' id='word_1_300' title='bbox 1990 4112 2156 4165; x_wconf 78' lang='lat' dir='ltr'><strong>distat</strong></span> 
     </span>
    </p>
   </div>
   <div class='ocr_carea' id='block_1_43' title="bbox 597 4195 2154 4268">
    <p class='ocr_par' dir='ltr' id='par_1_43' title="bbox 597 4195 2154 4268">
     <span class='ocr_line' id='line_1_43' title="bbox 597 4195 2154 4268; baseline 0.01 -23"><span class='ocrx_word' id='word_1_301' title='bbox 597 4195 834 4263; x_wconf 81' lang='lat' dir='ltr'><strong>genitum</strong></span> <span class='ocrx_word' id='word_1_302' title='bbox 879 4197 946 4249; x_wconf 88' lang='lat' dir='ltr'><strong>ab</strong></span> <span class='ocrx_word' id='word_1_303' title='bbox 984 4196 1242 4268; x_wconf 82' lang='lat' dir='ltr'><strong>ingenito,</strong></span> <span class='ocrx_word' id='word_1_304' title='bbox 1285 4210 1490 4255; x_wconf 90' lang='lat' dir='ltr'><strong>tantum</strong></span> <span class='ocrx_word' id='word_1_305' title='bbox 1526 4203 1754 4258; x_wconf 85' lang='lat' dir='ltr'><strong>dissidet</strong></span> <span class='ocrx_word' id='word_1_306' title='bbox 1801 4205 1979 4260; x_wconf 89' lang='lat' dir='ltr'><strong>lumen</strong></span> <span class='ocrx_word' id='word_1_307' title='bbox 2020 4209 2154 4262; x_wconf 86' lang='lat' dir='ltr'><strong>alu-</strong></span> 
     </span>
    </p>
   </div>
   <div class='ocr_carea' id='block_1_44' title="bbox 596 4287 2149 4358">
    <p class='ocr_par' dir='ltr' id='par_1_44' title="bbox 596 4287 2149 4358">
     <span class='ocr_line' id='line_1_44' title="bbox 596 4287 2149 4358; baseline 0.009 -20"><span class='ocrx_word' id='word_1_308' title='bbox 596 4287 758 4358; x_wconf 86' lang='lat' dir='ltr'><strong>mine.</strong></span> <span class='ocrx_word' id='word_1_309' title='bbox 794 4287 928 4341; x_wconf 82' lang='lat' dir='ltr'><strong>Cum</strong></span> <span class='ocrx_word' id='word_1_310' title='bbox 963 4292 1104 4343; x_wconf 88' lang='lat' dir='ltr'><strong>enim</strong></span> <span class='ocrx_word' id='word_1_311' title='bbox 1137 4291 1224 4344; x_wconf 89' lang='lat' dir='ltr'><strong>ille</strong></span> <span class='ocrx_word' id='word_1_312' title='bbox 1253 4291 1676 4349; x_wconf 84' lang='lat' dir='ltr'><strong>demonstrasset</strong></span> <span class='ocrx_word' id='word_1_313' title='bbox 1721 4313 1826 4350; x_wconf 92' lang='lat' dir='ltr'><strong>non</strong></span> <span class='ocrx_word' id='word_1_314' title='bbox 1857 4301 2149 4352; x_wconf 90' lang='lat' dir='ltr'><strong>secundum</strong></span> 
     </span>
    </p>
   </div>
   <div class='ocr_carea' id='block_1_45' title="bbox 597 4377 2147 4457">
    <p class='ocr_par' dir='ltr' id='par_1_45' title="bbox 597 4377 2147 4457">
     <span class='ocr_line' id='line_1_45' title="bbox 597 4377 2147 4457; baseline 0.008 -27"><span class='ocrx_word' id='word_1_315' title='bbox 597 4379 969 4432; x_wconf 87' lang='lat' dir='ltr'><strong>remissionem</strong></span> <span class='ocrx_word' id='word_1_316' title='bbox 1025 4377 1256 4449; x_wconf 84' lang='lat' dir='ltr'><strong>aliquam</strong></span> <span class='ocrx_word' id='word_1_317' title='bbox 1309 4393 1362 4437; x_wconf 83' lang='lat' dir='ltr'><strong>et</strong></span> <span class='ocrx_word' id='word_1_318' title='bbox 1417 4387 1764 4440; x_wconf 88' lang='lat' dir='ltr'><strong>intentionem</strong></span> <span class='ocrx_word' id='word_1_319' title='bbox 1811 4390 1975 4457; x_wconf 82' lang='lat' dir='ltr'><strong>geniti</strong></span> <span class='ocrx_word' id='word_1_320' title='bbox 2027 4407 2147 4443; x_wconf 85' lang='lat' dir='ltr'><strong>cuin</strong></span> 
     </span>
    </p>
   </div>
   <div class='ocr_carea' id='block_1_46' title="bbox 2310 565 3789 638">
    <p class='ocr_par' dir='ltr' id='par_1_46' title="bbox 2310 565 3789 638">
     <span class='ocr_line' id='line_1_46' title="bbox 2310 565 3789 638; baseline -0.001 -18"><span class='ocrx_word' id='word_1_321' title='bbox 2310 569 2506 630; x_wconf 68' lang='grc' dir='ltr'>ἰδόντες</span> <span class='ocrx_word' id='word_1_322' title='bbox 2538 569 2830 638; x_wconf 66' lang='grc' dir='ltr'>φερόμενον</span> <span class='ocrx_word' id='word_1_323' title='bbox 2858 609 2872 625; x_wconf 91' lang='grc'><strong>.</strong></span> <span class='ocrx_word' id='word_1_324' title='bbox 2923 568 3242 636; x_wconf 73' lang='grc' dir='ltr'><strong>πιστεύομεν</strong></span> <span class='ocrx_word' id='word_1_325' title='bbox 3279 565 3417 619; x_wconf 86' lang='grc' dir='ltr'><strong>κατά</strong></span> <span class='ocrx_word' id='word_1_326' title='bbox 3448 566 3531 618; x_wconf 75' lang='grc' dir='ltr'><strong>τὸν</strong></span> <span class='ocrx_word' id='word_1_327' title='bbox 3555 565 3635 617; x_wconf 82' lang='grc' dir='ltr'><strong>τοὺ</strong></span> <span class='ocrx_word' id='word_1_328' title='bbox 3668 567 3789 618; x_wconf 78' lang='grc' dir='ltr'>Ἀπο-</span> 
     </span>
    </p>
   </div>
   <div class='ocr_carea' id='block_1_47' title="bbox 2306 655 3788 728">
    <p class='ocr_par' dir='ltr' id='par_1_47' title="bbox 2306 655 3788 728">
     <span class='ocr_line' id='line_1_47' title="bbox 2306 655 3788 728; baseline -0.003 -18"><span class='ocrx_word' id='word_1_329' title='bbox 2306 658 2488 710; x_wconf 82' lang='grc' dir='ltr'>στόλου</span> <span class='ocrx_word' id='word_1_330' title='bbox 2533 658 2685 723; x_wconf 86' lang='grc' dir='ltr'>λόγον</span> <span class='ocrx_word' id='word_1_331' title='bbox 2729 659 2820 711; x_wconf 73' lang='grc' dir='ltr'><strong>καὶ</strong></span> <span class='ocrx_word' id='word_1_332' title='bbox 2867 659 3028 728; x_wconf 76' lang='grc' dir='ltr'>ἡμεῖς</span> <span class='ocrx_word' id='word_1_333' title='bbox 3085 657 3528 725; x_wconf 69' lang='grc' dir='ltr'>ἀρπαγήσεσθαι</span> <span class='ocrx_word' id='word_1_334' title='bbox 3571 655 3632 706; x_wconf 75' lang='grc' dir='ltr'>ἐν</span> <span class='ocrx_word' id='word_1_335' title='bbox 3667 658 3788 722; x_wconf 57' lang='grc' dir='ltr'>γερέ-</span> 
     </span>
    </p>
   </div>
   <div class='ocr_carea' id='block_1_48' title="bbox 2303 745 3788 814">
    <p class='ocr_par' dir='ltr' id='par_1_48' title="bbox 2303 745 3788 814">
     <span class='ocr_line' id='line_1_48' title="bbox 2303 745 3788 814; baseline -0.003 -14"><span class='ocrx_word' id='word_1_336' title='bbox 2303 751 2439 814; x_wconf 76' lang='grc' dir='ltr'><em>λαις</em></span> <span class='ocrx_word' id='word_1_337' title='bbox 2469 751 2554 812; x_wconf 84' lang='grc' dir='ltr'>εἰς</span> <span class='ocrx_word' id='word_1_338' title='bbox 2600 747 2942 814; x_wconf 76' lang='grc' dir='ltr'><strong>ἀπάντησιν</strong></span> <span class='ocrx_word' id='word_1_339' title='bbox 2973 747 3076 800; x_wconf 85' lang='grc' dir='ltr'>τοῦ</span> <span class='ocrx_word' id='word_1_340' title='bbox 3106 750 3320 814; x_wconf 77' lang='grc' dir='ltr'><strong>Κυρίου</strong></span> <span class='ocrx_word' id='word_1_341' title='bbox 3365 749 3448 811; x_wconf 78' lang='grc' dir='ltr'>εἰς</span> <span class='ocrx_word' id='word_1_342' title='bbox 3475 745 3621 812; x_wconf 79' lang='grc' dir='ltr'>ἀέρα.</span> <span class='ocrx_word' id='word_1_343' title='bbox 3647 746 3788 809; x_wconf 81' lang='grc' dir='ltr'>υὺτως</span> 
     </span>
    </p>
   </div>
   <div class='ocr_carea' id='block_1_49' title="bbox 2303 837 3788 914">
    <p class='ocr_par' dir='ltr' id='par_1_49' title="bbox 2303 837 3788 914">
     <span class='ocr_line' id='line_1_49' title="bbox 2303 837 3788 914; baseline -0.003 -22"><span class='ocrx_word' id='word_1_344' title='bbox 2303 841 2597 910; x_wconf 75' lang='grc' dir='ltr'>ἀκηκοότες</span> <span class='ocrx_word' id='word_1_345' title='bbox 2624 882 2637 905; x_wconf 91' lang='grc'><em>,</em></span> <span class='ocrx_word' id='word_1_346' title='bbox 2671 841 2750 892; x_wconf 85' lang='grc' dir='ltr'>ὅτι</span> <span class='ocrx_word' id='word_1_347' title='bbox 2791 841 2889 910; x_wconf 85' lang='grc' dir='ltr'><strong>τῆς</strong></span> <span class='ocrx_word' id='word_1_348' title='bbox 2931 841 3201 909; x_wconf 83' lang='grc' dir='ltr'>ἡμετέρας</span> <span class='ocrx_word' id='word_1_349' title='bbox 3233 838 3483 914; x_wconf 81' lang='grc' dir='ltr'>ἀπαρχῆς</span> <span class='ocrx_word' id='word_1_350' title='bbox 3519 837 3680 907; x_wconf 82' lang='grc' dir='ltr'>Πατὴρ</span> <span class='ocrx_word' id='word_1_351' title='bbox 3720 837 3788 888; x_wconf 80' lang='grc' dir='ltr'><strong>καὶ</strong></span> 
     </span>
    </p>
   </div>
   <div class='ocr_carea' id='block_1_50' title="bbox 2300 929 3789 1002">
    <p class='ocr_par' dir='ltr' id='par_1_50' title="bbox 2300 929 3789 1002">
     <span class='ocr_line' id='line_1_50' title="bbox 2300 929 3789 1002; baseline -0.002 -18"><span class='ocrx_word' id='word_1_352' title='bbox 2300 933 2432 995; x_wconf 75' lang='grc' dir='ltr'>θεὸς</span> <span class='ocrx_word' id='word_1_353' title='bbox 2489 932 2710 1000; x_wconf 82' lang='grc' dir='ltr'>γέγονεν</span> <span class='ocrx_word' id='word_1_354' title='bbox 2761 935 2787 985; x_wconf 84' lang='grc' dir='ltr'><strong>ό</strong></span> <span class='ocrx_word' id='word_1_355' title='bbox 2825 931 3070 1002; x_wconf 77' lang='grc' dir='ltr'>ἀληθινὸς</span> <span class='ocrx_word' id='word_1_356' title='bbox 3113 932 3244 994; x_wconf 77' lang='grc' dir='ltr'>θεὸς</span> <span class='ocrx_word' id='word_1_357' title='bbox 3289 931 3382 983; x_wconf 79' lang='grc' dir='ltr'>καὶ</span> <span class='ocrx_word' id='word_1_358' title='bbox 3421 929 3789 1000; x_wconf 49' lang='grc' dir='ltr'>Πατὴριοξαέτι</span> 
     </span>
    </p>
   </div>
   <div class='ocr_carea' id='block_1_51' title="bbox 2296 1022 3789 1094">
    <p class='ocr_par' dir='ltr' id='par_1_51' title="bbox 2296 1022 3789 1094">
     <span class='ocr_line' id='line_1_51' title="bbox 2296 1022 3789 1094; baseline 0 -18"><span class='ocrx_word' id='word_1_359' title='bbox 2296 1025 2706 1094; x_wconf 66' lang='grc' dir='ltr'>ἀμφιϐάλλομεν</span> <span class='ocrx_word' id='word_1_360' title='bbox 2730 1065 2744 1088; x_wconf 90' lang='grc'><em>,</em></span> <span class='ocrx_word' id='word_1_361' title='bbox 2783 1025 2874 1076; x_wconf 82' lang='grc' dir='ltr'><strong>τὸν</strong></span> <span class='ocrx_word' id='word_1_362' title='bbox 2903 1025 3062 1076; x_wconf 82' lang='grc' dir='ltr'>αὑτὸν</span> <span class='ocrx_word' id='word_1_363' title='bbox 3087 1026 3180 1076; x_wconf 74' lang='grc' dir='ltr'>καὶ</span> <span class='ocrx_word' id='word_1_364' title='bbox 3225 1022 3485 1094; x_wconf 80' lang='grc' dir='ltr'>ἡμέτερον</span> <span class='ocrx_word' id='word_1_365' title='bbox 3512 1024 3698 1092; x_wconf 84' lang='grc' dir='ltr'><strong>Πατέρα</strong></span> <span class='ocrx_word' id='word_1_366' title='bbox 3722 1025 3789 1076; x_wconf 75' lang='grc' dir='ltr'>καὶ</span> 
     </span>
    </p>
   </div>
   <div class='ocr_carea' id='block_1_52' title="bbox 2295 1113 3789 1185">
    <p class='ocr_par' dir='ltr' id='par_1_52' title="bbox 2295 1113 3789 1185">
     <span class='ocr_line' id='line_1_52' title="bbox 2295 1113 3789 1185; baseline -0.001 -18"><span class='ocrx_word' id='word_1_367' title='bbox 2295 1116 2426 1167; x_wconf 84' lang='grc' dir='ltr'>Θεὸν</span> <span class='ocrx_word' id='word_1_368' title='bbox 2465 1116 2750 1183; x_wconf 90' lang='grc' dir='ltr'>γενέσθαι,</span> <span class='ocrx_word' id='word_1_369' title='bbox 2811 1115 3070 1185; x_wconf 82' lang='grc' dir='ltr'>μαθόντες</span> <span class='ocrx_word' id='word_1_370' title='bbox 3123 1115 3202 1167; x_wconf 84' lang='grc' dir='ltr'>ὅτι</span> <span class='ocrx_word' id='word_1_371' title='bbox 3244 1117 3322 1176; x_wconf 76' lang='grc' dir='ltr'>εἰς</span> <span class='ocrx_word' id='word_1_372' title='bbox 3374 1113 3470 1182; x_wconf 87' lang='grc' dir='ltr'>τὴν</span> <span class='ocrx_word' id='word_1_373' title='bbox 3523 1113 3668 1183; x_wconf 78' lang='grc' dir='ltr'>αὑτὴν</span> <span class='ocrx_word' id='word_1_374' title='bbox 3708 1116 3789 1167; x_wconf 80' lang='grc' dir='ltr'>εἱσ-</span> 
     </span>
    </p>
   </div>
   <div class='ocr_carea' id='block_1_53' title="bbox 2295 1204 3788 1278">
    <p class='ocr_par' dir='ltr' id='par_1_53' title="bbox 2295 1204 3788 1278">
     <span class='ocr_line' id='line_1_53' title="bbox 2295 1204 3788 1278; baseline -0.001 -19"><span class='ocrx_word' id='word_1_375' title='bbox 2295 1207 2622 1277; x_wconf 77' lang='grc' dir='ltr'>ελευσόμεθσ.</span> <span class='ocrx_word' id='word_1_376' title='bbox 2644 1247 2658 1270; x_wconf 85' lang='grc'><em>,</em></span> <span class='ocrx_word' id='word_1_377' title='bbox 2686 1209 2818 1260; x_wconf 83' lang='grc' dir='ltr'>ὅπου</span> <span class='ocrx_word' id='word_1_378' title='bbox 2854 1207 3154 1278; x_wconf 72' lang='grc' dir='ltr'>πρόδρομος</span> <span class='ocrx_word' id='word_1_379' title='bbox 3184 1207 3324 1275; x_wconf 80' lang='grc' dir='ltr'>ὑπὲρ</span> <span class='ocrx_word' id='word_1_380' title='bbox 3350 1204 3501 1274; x_wconf 71' lang='grc' dir='ltr'>ἡμῶν</span> <span class='ocrx_word' id='word_1_381' title='bbox 3541 1205 3788 1273; x_wconf 77' lang='grc' dir='ltr'>είσῆλθενό</span> 
     </span>
    </p>
   </div>
   <div class='ocr_carea' id='block_1_54' title="bbox 2293 1296 3787 1368">
    <p class='ocr_par' dir='ltr' id='par_1_54' title="bbox 2293 1296 3787 1368">
     <span class='ocr_line' id='line_1_54' title="bbox 2293 1296 3787 1368; baseline -0.001 -18"><span class='ocrx_word' id='word_1_382' title='bbox 2293 1299 2542 1368; x_wconf 79' lang='grc' dir='ltr'>Χριστός.</span> <span class='ocrx_word' id='word_1_383' title='bbox 2575 1299 2646 1350; x_wconf 83' lang='grc' dir='ltr'><strong>Τὸ</strong></span> <span class='ocrx_word' id='word_1_384' title='bbox 2677 1299 2732 1351; x_wconf 81' lang='grc' dir='ltr'>δὲ</span> <span class='ocrx_word' id='word_1_385' title='bbox 2779 1298 2867 1350; x_wconf 86' lang='grc' dir='ltr'><strong>διὰ</strong></span> <span class='ocrx_word' id='word_1_386' title='bbox 2913 1297 3166 1365; x_wconf 79' lang='grc' dir='ltr'>γυναικὸς</span> <span class='ocrx_word' id='word_1_387' title='bbox 3211 1297 3306 1367; x_wconf 84' lang='grc' dir='ltr'>τὴν</span> <span class='ocrx_word' id='word_1_388' title='bbox 3338 1297 3494 1367; x_wconf 79' lang='grc' dir='ltr'>χάριν</span> <span class='ocrx_word' id='word_1_389' title='bbox 3527 1296 3787 1366; x_wconf 75' lang='grc' dir='ltr'>μηνύεσθαι,</span> 
     </span>
    </p>
   </div>
   <div class='ocr_carea' id='block_1_55' title="bbox 2293 1392 3786 1462">
    <p class='ocr_par' dir='ltr' id='par_1_55' title="bbox 2293 1392 3786 1462">
     <span class='ocr_line' id='line_1_55' title="bbox 2293 1392 3786 1462; baseline 0 -16"><span class='ocrx_word' id='word_1_390' title='bbox 2293 1395 2385 1446; x_wconf 76' lang='grc' dir='ltr'><strong>καὶ</strong></span> <span class='ocrx_word' id='word_1_391' title='bbox 2430 1393 2560 1445; x_wconf 85' lang='grc' dir='ltr'>αὑτὸ</span> <span class='ocrx_word' id='word_1_392' title='bbox 2606 1392 2890 1460; x_wconf 80' lang='grc' dir='ltr'>σύμφωνόν</span> <span class='ocrx_word' id='word_1_393' title='bbox 2945 1392 3058 1443; x_wconf 82' lang='grc' dir='ltr'>ἐστι</span> <span class='ocrx_word' id='word_1_394' title='bbox 3105 1392 3181 1460; x_wconf 83' lang='grc' dir='ltr'>τῷ</span> <span class='ocrx_word' id='word_1_395' title='bbox 3228 1392 3533 1444; x_wconf 83' lang='grc' dir='ltr'>ἀποδοθέντι</span> <span class='ocrx_word' id='word_1_396' title='bbox 3586 1394 3786 1462; x_wconf 77' lang='grc' dir='ltr'>νοήματι.</span> 
     </span>
    </p>
   </div>
   <div class='ocr_carea' id='block_1_56' title="bbox 2293 1481 3789 1554">
    <p class='ocr_par' dir='ltr' id='par_1_56' title="bbox 2293 1481 3789 1554">
     <span class='ocr_line' id='line_1_56' title="bbox 2293 1481 3789 1554; baseline 0.001 -19"><span class='ocrx_word' id='word_1_397' title='bbox 2293 1483 2508 1554; x_wconf 79' lang='grc' dir='ltr'><strong>Ἐπειδὴ</strong></span> <span class='ocrx_word' id='word_1_398' title='bbox 2541 1484 2646 1552; x_wconf 81' lang='grc' dir='ltr'>γὰρ</span> <span class='ocrx_word' id='word_1_399' title='bbox 2667 1524 2680 1544; x_wconf 84' lang='grc'><em>,</em></span> <span class='ocrx_word' id='word_1_400' title='bbox 2718 1481 2896 1540; x_wconf 80' lang='grc' dir='ltr'>καθώς</span> <span class='ocrx_word' id='word_1_401' title='bbox 2929 1500 3090 1550; x_wconf 69' lang='grc' dir='ltr'>φησιν</span> <span class='ocrx_word' id='word_1_402' title='bbox 3131 1485 3158 1534; x_wconf 83' lang='grc' dir='ltr'>ὁ</span> <span class='ocrx_word' id='word_1_403' title='bbox 3199 1483 3512 1546; x_wconf 80' lang='grc' dir='ltr'>Ἀπόστολος</span> <span class='ocrx_word' id='word_1_404' title='bbox 3533 1523 3546 1544; x_wconf 85' lang='grc'>,</span> <span class='ocrx_word' id='word_1_405' title='bbox 3587 1483 3638 1536; x_wconf 86' lang='grc' dir='ltr'><strong><em>Ἠ</em></strong></span> <span class='ocrx_word' id='word_1_406' title='bbox 3670 1483 3789 1551; x_wconf 73' lang='grc' dir='ltr'>γυνὴ</span> 
     </span>
    </p>
   </div>
   <div class='ocr_carea' id='block_1_57' title="bbox 2288 1573 3790 1644">
    <p class='ocr_par' dir='ltr' id='par_1_57' title="bbox 2288 1573 3790 1644">
     <span class='ocr_line' id='line_1_57' title="bbox 2288 1573 3790 1644; baseline 0.001 -18"><span class='ocrx_word' id='word_1_407' title='bbox 2288 1575 2724 1641; x_wconf 73' lang='grc' dir='ltr'><strong>ἐξαπατηθεῖσα</strong></span> <span class='ocrx_word' id='word_1_408' title='bbox 2755 1575 2824 1627; x_wconf 74' lang='grc' dir='ltr'><strong>ἐν</strong></span> <span class='ocrx_word' id='word_1_409' title='bbox 2850 1573 3176 1642; x_wconf 81' lang='grc' dir='ltr'>παραϐάσει</span> <span class='ocrx_word' id='word_1_410' title='bbox 3204 1576 3430 1644; x_wconf 55' lang='grc' dir='ltr'>γέγονε,</span> <span class='ocrx_word' id='word_1_411' title='bbox 3459 1575 3546 1628; x_wconf 77' lang='grc' dir='ltr'><strong>καὶ</strong></span> <span class='ocrx_word' id='word_1_412' title='bbox 3575 1576 3660 1642; x_wconf 87' lang='grc' dir='ltr'><strong>τῆς</strong></span> <span class='ocrx_word' id='word_1_413' title='bbox 3689 1579 3790 1628; x_wconf 84' lang='grc' dir='ltr'>ἀπο-</span> 
     </span>
    </p>
   </div>
   <div class='ocr_carea' id='block_1_58' title="bbox 2290 1666 3788 1738">
    <p class='ocr_par' dir='ltr' id='par_1_58' title="bbox 2290 1666 3788 1738">
     <span class='ocr_line' id='line_1_58' title="bbox 2290 1666 3788 1738; baseline 0.001 -22"><span class='ocrx_word' id='word_1_414' title='bbox 2290 1667 2526 1729; x_wconf 78' lang='grc' dir='ltr'><strong>στάσεως</strong></span> <span class='ocrx_word' id='word_1_415' title='bbox 2555 1668 2650 1736; x_wconf 85' lang='grc' dir='ltr'>τῆς</span> <span class='ocrx_word' id='word_1_416' title='bbox 2674 1666 2782 1720; x_wconf 79' lang='grc' dir='ltr'><strong>ἀπὸ</strong></span> <span class='ocrx_word' id='word_1_417' title='bbox 2809 1667 2899 1719; x_wconf 81' lang='grc' dir='ltr'>τοῦ</span> <span class='ocrx_word' id='word_1_418' title='bbox 2944 1666 3077 1720; x_wconf 80' lang='grc' dir='ltr'>Θεοῦ</span> <span class='ocrx_word' id='word_1_419' title='bbox 3120 1667 3206 1720; x_wconf 81' lang='grc' dir='ltr'><strong>διὰ</strong></span> <span class='ocrx_word' id='word_1_420' title='bbox 3237 1670 3333 1738; x_wconf 82' lang='grc' dir='ltr'><strong>τῆς</strong></span> <span class='ocrx_word' id='word_1_421' title='bbox 3363 1669 3630 1738; x_wconf 79' lang='grc' dir='ltr'><strong>παρακοῆς</strong></span> <span class='ocrx_word' id='word_1_422' title='bbox 3655 1685 3788 1736; x_wconf 76' lang='grc' dir='ltr'>προηο</span> 
     </span>
    </p>
   </div>
   <div class='ocr_carea' id='block_1_59' title="bbox 2287 1758 3788 1830">
    <p class='ocr_par' dir='ltr' id='par_1_59' title="bbox 2287 1758 3788 1830">
     <span class='ocr_line' id='line_1_59' title="bbox 2287 1758 3788 1830; baseline -0.007 -19"><span class='ocrx_word' id='word_1_423' title='bbox 2287 1760 2527 1828; x_wconf 73' lang='grc' dir='ltr'>γήσατοο</span> <span class='ocrx_word' id='word_1_424' title='bbox 2571 1759 2656 1810; x_wconf 76' lang='grc' dir='ltr'>διὰ</span> <span class='ocrx_word' id='word_1_425' title='bbox 2701 1758 2857 1811; x_wconf 74' lang='grc' dir='ltr'>τοῦτο</span> <span class='ocrx_word' id='word_1_426' title='bbox 2902 1759 3001 1827; x_wconf 86' lang='grc' dir='ltr'><strong>τῆς</strong></span> <span class='ocrx_word' id='word_1_427' title='bbox 3033 1762 3374 1822; x_wconf 73' lang='grc' dir='ltr'><strong>ἀναστάσεως</strong></span> <span class='ocrx_word' id='word_1_428' title='bbox 3415 1759 3596 1830; x_wconf 77' lang='grc' dir='ltr'>πρώτη</span> <span class='ocrx_word' id='word_1_429' title='bbox 3627 1760 3788 1826; x_wconf 71' lang='grc' dir='ltr'>γίνεται</span> 
     </span>
    </p>
   </div>
   <div class='ocr_carea' id='block_1_60' title="bbox 2223 1830 3787 1919">
    <p class='ocr_par' dir='ltr' id='par_1_60' title="bbox 2223 1830 3787 1919">
     <span class='ocr_line' id='line_1_60' title="bbox 2223 1830 3787 1919; baseline 0.004 -23"><span class='ocrx_word' id='word_1_430' title='bbox 2223 1830 2262 1883; x_wconf 76' lang='grc' dir='ltr'>Β</span> <span class='ocrx_word' id='word_1_431' title='bbox 2291 1851 2494 1919; x_wconf 82' lang='grc' dir='ltr'>μάρτυς</span> <span class='ocrx_word' id='word_1_432' title='bbox 2519 1889 2531 1909; x_wconf 87' lang='grc'><strong>,</strong></span> <span class='ocrx_word' id='word_1_433' title='bbox 2563 1850 2646 1900; x_wconf 80' lang='grc' dir='ltr'><strong>ἵνα</strong></span> <span class='ocrx_word' id='word_1_434' title='bbox 2693 1848 2789 1918; x_wconf 82' lang='grc' dir='ltr'>τὴν</span> <span class='ocrx_word' id='word_1_435' title='bbox 2833 1850 2896 1900; x_wconf 82' lang='grc' dir='ltr'>ὲκ</span> <span class='ocrx_word' id='word_1_436' title='bbox 2941 1849 3039 1917; x_wconf 83' lang='grc' dir='ltr'><strong>τῆς</strong></span> <span class='ocrx_word' id='word_1_437' title='bbox 3073 1849 3431 1919; x_wconf 73' lang='grc' dir='ltr'>παραϐάσεως</span> <span class='ocrx_word' id='word_1_438' title='bbox 3466 1848 3787 1917; x_wconf 59' lang='grc' dir='ltr'>καταστῳτὴν</span> 
     </span>
    </p>
   </div>
   <div class='ocr_carea' id='block_1_61' title="bbox 2285 1937 3790 2008">
    <p class='ocr_par' dir='ltr' id='par_1_61' title="bbox 2285 1937 3790 2008">
     <span class='ocr_line' id='line_1_61' title="bbox 2285 1937 3790 2008; baseline -0.001 -17"><span class='ocrx_word' id='word_1_439' title='bbox 2285 1939 2370 1992; x_wconf 71' lang='grc' dir='ltr'><strong>διὰ</strong></span> <span class='ocrx_word' id='word_1_440' title='bbox 2406 1940 2499 2008; x_wconf 81' lang='grc' dir='ltr'><strong>τῆς</strong></span> <span class='ocrx_word' id='word_1_441' title='bbox 2528 1939 2664 1990; x_wconf 71' lang='grc' dir='ltr'>κατὰ</span> <span class='ocrx_word' id='word_1_442' title='bbox 2703 1939 2798 2008; x_wconf 74' lang='grc' dir='ltr'><strong>τὴν</strong></span> <span class='ocrx_word' id='word_1_443' title='bbox 2827 1939 3117 1990; x_wconf 72' lang='grc' dir='ltr'><em>ἀνάστασιν</em></span> <span class='ocrx_word' id='word_1_444' title='bbox 3148 1939 3380 2000; x_wconf 87' lang='grc' dir='ltr'>πίστεως</span> <span class='ocrx_word' id='word_1_445' title='bbox 3405 1937 3685 2008; x_wconf 75' lang='grc' dir='ltr'>ἀνορθώση.</span> <span class='ocrx_word' id='word_1_446' title='bbox 3710 1941 3790 1989; x_wconf 75' lang='grc' dir='ltr'><strong>Καὶ</strong></span> 
     </span>
    </p>
   </div>
   <div class='ocr_carea' id='block_1_62' title="bbox 2282 2029 3787 2098">
    <p class='ocr_par' dir='ltr' id='par_1_62' title="bbox 2282 2029 3787 2098">
     <span class='ocr_line' id='line_1_62' title="bbox 2282 2029 3787 2098; baseline -0.001 -17"><span class='ocrx_word' id='word_1_447' title='bbox 2282 2030 2465 2098; x_wconf 80' lang='grc' dir='ltr'>ὥσπερ</span> <span class='ocrx_word' id='word_1_448' title='bbox 2499 2029 2604 2081; x_wconf 87' lang='grc' dir='ltr'><strong>τῶν</strong></span> <span class='ocrx_word' id='word_1_449' title='bbox 2635 2029 2728 2082; x_wconf 80' lang='grc' dir='ltr'>τοῦ</span> <span class='ocrx_word' id='word_1_450' title='bbox 2764 2030 2934 2095; x_wconf 74' lang='grc' dir='ltr'>ὄφεως</span> <span class='ocrx_word' id='word_1_451' title='bbox 2966 2030 3135 2096; x_wconf 80' lang='grc' dir='ltr'>λόγων</span> <span class='ocrx_word' id='word_1_452' title='bbox 3178 2030 3236 2081; x_wconf 79' lang='grc' dir='ltr'><strong>τὸ</strong></span> <span class='ocrx_word' id='word_1_453' title='bbox 3269 2029 3544 2098; x_wconf 74' lang='grc' dir='ltr'><strong>καταρχὰς</strong></span> <span class='ocrx_word' id='word_1_454' title='bbox 3573 2030 3787 2098; x_wconf 79' lang='grc' dir='ltr'>γενομένη</span> 
     </span>
    </p>
   </div>
   <div class='ocr_carea' id='block_1_63' title="bbox 2281 2118 3790 2192">
    <p class='ocr_par' dir='ltr' id='par_1_63' title="bbox 2281 2118 3790 2192">
     <span class='ocr_line' id='line_1_63' title="bbox 2281 2118 3790 2192; baseline -0.004 -19"><span class='ocrx_word' id='word_1_455' title='bbox 2281 2122 2415 2192; x_wconf 80' lang='grc' dir='ltr'>πρὸς</span> <span class='ocrx_word' id='word_1_456' title='bbox 2467 2122 2552 2174; x_wconf 82' lang='grc' dir='ltr'>τὸν</span> <span class='ocrx_word' id='word_1_457' title='bbox 2580 2121 2744 2192; x_wconf 83' lang='grc' dir='ltr'>ἄνδρα</span> <span class='ocrx_word' id='word_1_458' title='bbox 2793 2121 3035 2182; x_wconf 80' lang='grc' dir='ltr'>διάκονός</span> <span class='ocrx_word' id='word_1_459' title='bbox 3065 2138 3122 2172; x_wconf 88' lang='grc' dir='ltr'><strong>τε</strong></span> <span class='ocrx_word' id='word_1_460' title='bbox 3156 2123 3246 2173; x_wconf 79' lang='grc' dir='ltr'><strong>καὶ</strong></span> <span class='ocrx_word' id='word_1_461' title='bbox 3291 2120 3618 2189; x_wconf 75' lang='grc' dir='ltr'>σύμϐουλος,</span> <span class='ocrx_word' id='word_1_462' title='bbox 3659 2118 3790 2188; x_wconf 71' lang='grc' dir='ltr'>ἀρχὴν</span> 
     </span>
    </p>
   </div>
   <div class='ocr_carea' id='block_1_64' title="bbox 2279 2207 3789 2278">
    <p class='ocr_par' dir='ltr' id='par_1_64' title="bbox 2279 2207 3789 2278">
     <span class='ocr_line' id='line_1_64' title="bbox 2279 2207 3789 2278; baseline -0.001 -18"><span class='ocrx_word' id='word_1_463' title='bbox 2279 2207 2371 2260; x_wconf 79' lang='grc' dir='ltr'><strong>τοῦ</strong></span> <span class='ocrx_word' id='word_1_464' title='bbox 2409 2207 2575 2261; x_wconf 81' lang='grc' dir='ltr'>κακοῦ</span> <span class='ocrx_word' id='word_1_465' title='bbox 2603 2208 2678 2278; x_wconf 82' lang='grc' dir='ltr'>τῷ</span> <span class='ocrx_word' id='word_1_466' title='bbox 2715 2209 2812 2278; x_wconf 81' lang='grc' dir='ltr'><strong>βίῳ</strong></span> <span class='ocrx_word' id='word_1_467' title='bbox 2848 2210 2938 2260; x_wconf 73' lang='grc' dir='ltr'><strong>καὶ</strong></span> <span class='ocrx_word' id='word_1_468' title='bbox 2972 2208 3286 2262; x_wconf 76' lang='grc' dir='ltr'>ἀκολουθίαν</span> <span class='ocrx_word' id='word_1_469' title='bbox 3323 2210 3656 2278; x_wconf 73' lang='grc' dir='ltr'>εἰσήνεγκενο</span> <span class='ocrx_word' id='word_1_470' title='bbox 3682 2208 3789 2260; x_wconf 79' lang='grc' dir='ltr'>οὑτω</span> 
     </span>
    </p>
   </div>
   <div class='ocr_carea' id='block_1_65' title="bbox 2275 2298 3790 2370">
    <p class='ocr_par' dir='ltr' id='par_1_65' title="bbox 2275 2298 3790 2370">
     <span class='ocr_line' id='line_1_65' title="bbox 2275 2298 3790 2370; baseline 0 -20"><span class='ocrx_word' id='word_1_471' title='bbox 2275 2298 2369 2351; x_wconf 88' lang='grc' dir='ltr'><strong>τοὺ</strong></span> <span class='ocrx_word' id='word_1_472' title='bbox 2402 2298 2799 2362; x_wconf 81' lang='grc' dir='ltr'>θανατώσαντος</span> <span class='ocrx_word' id='word_1_473' title='bbox 2841 2300 2928 2352; x_wconf 83' lang='grc' dir='ltr'><strong>τὸν</strong></span> <span class='ocrx_word' id='word_1_474' title='bbox 2957 2300 3261 2370; x_wconf 81' lang='grc' dir='ltr'>ἀποστάτην</span> <span class='ocrx_word' id='word_1_475' title='bbox 3297 2300 3561 2370; x_wconf 76' lang='grc' dir='ltr'>δράκοντα</span> <span class='ocrx_word' id='word_1_476' title='bbox 3594 2301 3701 2361; x_wconf 65' lang='grc' dir='ltr'>τοὺς</span> <span class='ocrx_word' id='word_1_477' title='bbox 3725 2298 3790 2350; x_wconf 64' lang='lat'><strong>16-</strong></span> 
     </span>
    </p>
   </div>
   <div class='ocr_carea' id='block_1_66' title="bbox 2277 2392 3788 2463">
    <p class='ocr_par' dir='ltr' id='par_1_66' title="bbox 2277 2392 3788 2463">
     <span class='ocr_line' id='line_1_66' title="bbox 2277 2392 3788 2463; baseline 0.001 -21"><span class='ocrx_word' id='word_1_478' title='bbox 2277 2407 2404 2458; x_wconf 89' lang='grc' dir='ltr'>γους</span> <span class='ocrx_word' id='word_1_479' title='bbox 2446 2395 2556 2454; x_wconf 86' lang='grc' dir='ltr'>τοῖς</span> <span class='ocrx_word' id='word_1_480' title='bbox 2589 2393 2852 2460; x_wconf 79' lang='grc' dir='ltr'><strong>μαθηταῖς</strong></span> <span class='ocrx_word' id='word_1_481' title='bbox 2881 2393 3237 2462; x_wconf 79' lang='grc' dir='ltr'><strong>διακομίσασα</strong></span> <span class='ocrx_word' id='word_1_482' title='bbox 3263 2434 3277 2457; x_wconf 88' lang='grc'><em>,</em></span> <span class='ocrx_word' id='word_1_483' title='bbox 3314 2393 3555 2463; x_wconf 77' lang='grc' dir='ltr'>ἀρχηγὸς</span> <span class='ocrx_word' id='word_1_484' title='bbox 3585 2395 3684 2454; x_wconf 88' lang='grc' dir='ltr'>τοῖς</span> <span class='ocrx_word' id='word_1_485' title='bbox 3721 2392 3788 2444; x_wconf 79' lang='grc' dir='ltr'><strong>ἀνι</strong></span> 
     </span>
    </p>
   </div>
   <div class='ocr_carea' id='block_1_67' title="bbox 2277 2478 3791 2553">
    <p class='ocr_par' dir='ltr' id='par_1_67' title="bbox 2277 2478 3791 2553">
     <span class='ocr_line' id='line_1_67' title="bbox 2277 2478 3791 2553; baseline 0.001 -22"><span class='ocrx_word' id='word_1_486' title='bbox 2277 2478 2509 2550; x_wconf 82' lang='grc' dir='ltr'>θρώποις</span> <span class='ocrx_word' id='word_1_487' title='bbox 2549 2482 2646 2550; x_wconf 80' lang='grc' dir='ltr'><strong>τῆς</strong></span> <span class='ocrx_word' id='word_1_488' title='bbox 2690 2481 2921 2544; x_wconf 86' lang='grc' dir='ltr'>πίστεως</span> <span class='ocrx_word' id='word_1_489' title='bbox 2951 2482 3188 2550; x_wconf 83' lang='grc' dir='ltr'>γένηται,</span> <span class='ocrx_word' id='word_1_490' title='bbox 3223 2483 3288 2534; x_wconf 85' lang='grc' dir='ltr'>δι’</span> <span class='ocrx_word' id='word_1_491' title='bbox 3319 2479 3388 2553; x_wconf 81' lang='grc' dir='ltr'>ἦς</span> <span class='ocrx_word' id='word_1_492' title='bbox 3433 2483 3650 2544; x_wconf 78' lang='grc' dir='ltr'>εἰκότως</span> <span class='ocrx_word' id='word_1_493' title='bbox 3689 2481 3791 2533; x_wconf 80' lang='grc' dir='ltr'>ἀνα·</span> 
     </span>
    </p>
   </div>
   <div class='ocr_carea' id='block_1_68' title="bbox 2273 2569 3789 2642">
    <p class='ocr_par' dir='ltr' id='par_1_68' title="bbox 2273 2569 3789 2642">
     <span class='ocr_line' id='line_1_68' title="bbox 2273 2569 3789 2642; baseline 0.001 -20"><span class='ocrx_word' id='word_1_494' title='bbox 2273 2569 2454 2622; x_wconf 84' lang='grc' dir='ltr'>λύεται</span> <span class='ocrx_word' id='word_1_495' title='bbox 2496 2573 2528 2642; x_wconf 80' lang='grc' dir='ltr'>ἡ</span> <span class='ocrx_word' id='word_1_496' title='bbox 2568 2570 2755 2642; x_wconf 84' lang='grc' dir='ltr'>πρώτη</span> <span class='ocrx_word' id='word_1_497' title='bbox 2788 2571 2879 2624; x_wconf 78' lang='grc' dir='ltr'>τοῦ</span> <span class='ocrx_word' id='word_1_498' title='bbox 2911 2572 3136 2625; x_wconf 79' lang='grc' dir='ltr'>θανάτου</span> <span class='ocrx_word' id='word_1_499' title='bbox 3179 2574 3472 2642; x_wconf 81' lang='grc' dir='ltr'>ἀπόφασις.</span> <span class='ocrx_word' id='word_1_500' title='bbox 3517 2573 3647 2625; x_wconf 82' lang='grc' dir='ltr'>Ἀλλ’</span> <span class='ocrx_word' id='word_1_501' title='bbox 3669 2574 3789 2642; x_wconf 83' lang='grc' dir='ltr'>εὑρε-</span> 
     </span>
    </p>
   </div>
   <div class='ocr_carea' id='block_1_69' title="bbox 2273 2659 3791 2733">
    <p class='ocr_par' dir='ltr' id='par_1_69' title="bbox 2273 2659 3791 2733">
     <span class='ocr_line' id='line_1_69' title="bbox 2273 2659 3791 2733; baseline 0.001 -21"><span class='ocrx_word' id='word_1_502' title='bbox 2273 2659 2432 2728; x_wconf 81' lang='grc' dir='ltr'>θῆναι</span> <span class='ocrx_word' id='word_1_503' title='bbox 2455 2661 2549 2730; x_wconf 85' lang='grc' dir='ltr'>μὲν</span> <span class='ocrx_word' id='word_1_504' title='bbox 2575 2661 2717 2724; x_wconf 75' lang='grc' dir='ltr'>εἰκὸς</span> <span class='ocrx_word' id='word_1_505' title='bbox 2756 2661 2903 2731; x_wconf 86' lang='grc' dir='ltr'><strong>παρά</strong></span> <span class='ocrx_word' id='word_1_506' title='bbox 2938 2661 3042 2714; x_wconf 81' lang='grc' dir='ltr'><strong>τῶν</strong></span> <span class='ocrx_word' id='word_1_507' title='bbox 3087 2663 3522 2733; x_wconf 82' lang='grc' dir='ltr'>ἐπιμελεστέρων</span> <span class='ocrx_word' id='word_1_508' title='bbox 3551 2662 3791 2731; x_wconf 73' lang='grc' dir='ltr'>ὠφελιμω-</span> 
     </span>
    </p>
   </div>
   <div class='ocr_carea' id='block_1_70' title="bbox 2272 2750 3792 2824">
    <p class='ocr_par' dir='ltr' id='par_1_70' title="bbox 2272 2750 3792 2824">
     <span class='ocr_line' id='line_1_70' title="bbox 2272 2750 3792 2824; baseline 0 -20"><span class='ocrx_word' id='word_1_509' title='bbox 2272 2750 2432 2822; x_wconf 84' lang='grc' dir='ltr'>τέραν</span> <span class='ocrx_word' id='word_1_510' title='bbox 2479 2752 2600 2805; x_wconf 79' lang='grc' dir='ltr'>τινὰ</span> <span class='ocrx_word' id='word_1_511' title='bbox 2651 2752 2758 2806; x_wconf 82' lang='grc' dir='ltr'><strong>τῶν</strong></span> <span class='ocrx_word' id='word_1_512' title='bbox 2807 2753 3178 2823; x_wconf 82' lang='grc' dir='ltr'>προκειμένων</span> <span class='ocrx_word' id='word_1_513' title='bbox 3211 2753 3508 2824; x_wconf 69' lang='grc' dir='ltr'>ἐξήγησινε</span> <span class='ocrx_word' id='word_1_514' title='bbox 3553 2755 3597 2805; x_wconf 74' lang='grc' dir='ltr'>εἰ</span> <span class='ocrx_word' id='word_1_515' title='bbox 3646 2751 3792 2813; x_wconf 74' lang='grc' dir='ltr'>δὲκαὶ</span> 
     </span>
    </p>
   </div>
   <div class='ocr_carea' id='block_1_71' title="bbox 2275 2842 3790 2916">
    <p class='ocr_par' dir='ltr' id='par_1_71' title="bbox 2275 2842 3790 2916">
     <span class='ocr_line' id='line_1_71' title="bbox 2275 2842 3790 2916; baseline 0.001 -22"><span class='ocrx_word' id='word_1_516' title='bbox 2275 2843 2437 2912; x_wconf 87' lang='grc' dir='ltr'>μηδὲν</span> <span class='ocrx_word' id='word_1_517' title='bbox 2468 2844 2767 2913; x_wconf 82' lang='grc' dir='ltr'>εὑρίσκοιτο</span> <span class='ocrx_word' id='word_1_518' title='bbox 2789 2883 2804 2908; x_wconf 86' lang='grc'><em>,</em></span> <span class='ocrx_word' id='word_1_519' title='bbox 2839 2844 3050 2916; x_wconf 85' lang='grc' dir='ltr'>ἐκείνην</span> <span class='ocrx_word' id='word_1_520' title='bbox 3085 2845 3293 2908; x_wconf 78' lang='grc' dir='ltr'>πάντως</span> <span class='ocrx_word' id='word_1_521' title='bbox 3325 2847 3516 2914; x_wconf 79' lang='grc' dir='ltr'>ἀργεῖν</span> <span class='ocrx_word' id='word_1_522' title='bbox 3546 2846 3637 2912; x_wconf 73' lang='grc' dir='ltr'>τὴν</span> <span class='ocrx_word' id='word_1_523' title='bbox 3672 2842 3790 2912; x_wconf 71' lang='grc' dir='ltr'>παρὰ</span> 
     </span>
    </p>
   </div>
   <div class='ocr_carea' id='block_1_72' title="bbox 2269 2933 3791 3006">
    <p class='ocr_par' dir='ltr' id='par_1_72' title="bbox 2269 2933 3791 3006">
     <span class='ocr_line' id='line_1_72' title="bbox 2269 2933 3791 3006; baseline 0.001 -21"><span class='ocrx_word' id='word_1_524' title='bbox 2269 2933 2376 2986; x_wconf 86' lang='grc' dir='ltr'><strong>τῶν</strong></span> <span class='ocrx_word' id='word_1_525' title='bbox 2414 2933 2617 3006; x_wconf 77' lang='grc' dir='ltr'>ἐχθρῶν</span> <span class='ocrx_word' id='word_1_526' title='bbox 2647 2937 3086 3006; x_wconf 73' lang='grc' dir='ltr'>προφερομένην,</span> <span class='ocrx_word' id='word_1_527' title='bbox 3123 2937 3400 3006; x_wconf 83' lang='grc' dir='ltr'>συγκρίσει</span> <span class='ocrx_word' id='word_1_528' title='bbox 3453 2937 3553 3006; x_wconf 87' lang='grc' dir='ltr'><strong>τῆς</strong></span> <span class='ocrx_word' id='word_1_529' title='bbox 3595 2935 3791 3005; x_wconf 84' lang='grc' dir='ltr'>εὑρεθεί-</span> 
     </span>
    </p>
   </div>
   <div class='ocr_carea' id='block_1_73' title="bbox 2271 3024 3789 3098">
    <p class='ocr_par' dir='ltr' id='par_1_73' title="bbox 2271 3024 3789 3098">
     <span class='ocr_line' id='line_1_73' title="bbox 2271 3024 3789 3098; baseline -0.002 -20"><span class='ocrx_word' id='word_1_530' title='bbox 2271 3043 2370 3098; x_wconf 83' lang='grc' dir='ltr'><strong>σης</strong></span> <span class='ocrx_word' id='word_1_531' title='bbox 2393 3067 2407 3091; x_wconf 91' lang='grc'><strong>,</strong></span> <span class='ocrx_word' id='word_1_532' title='bbox 2453 3027 2626 3079; x_wconf 86' lang='grc' dir='ltr'>πάντα</span> <span class='ocrx_word' id='word_1_533' title='bbox 2676 3024 2824 3097; x_wconf 78' lang='grc' dir='ltr'>οἶμαι</span> <span class='ocrx_word' id='word_1_534' title='bbox 2856 3028 2946 3080; x_wconf 82' lang='grc' dir='ltr'><strong>τὸν</strong></span> <span class='ocrx_word' id='word_1_535' title='bbox 2987 3028 3308 3080; x_wconf 78' lang='grc' dir='ltr'>εὑσεὸοὖντα</span> <span class='ocrx_word' id='word_1_536' title='bbox 3343 3027 3703 3098; x_wconf 70' lang='grc' dir='ltr'>συνθήσεσθαι.</span> <span class='ocrx_word' id='word_1_537' title='bbox 3741 3024 3789 3075; x_wconf 85' lang='grc' dir='ltr'><strong>Ἦ</strong></span> 
     </span>
    </p>
   </div>
   <div class='ocr_carea' id='block_1_74' title="bbox 2276 3114 3792 3188">
    <p class='ocr_par' dir='ltr' id='par_1_74' title="bbox 2276 3114 3792 3188">
     <span class='ocr_line' id='line_1_74' title="bbox 2276 3114 3792 3188; baseline 0.003 -19"><span class='ocrx_word' id='word_1_538' title='bbox 2276 3118 2372 3186; x_wconf 74' lang='grc' dir='ltr'>μὲν</span> <span class='ocrx_word' id='word_1_539' title='bbox 2404 3115 2511 3188; x_wconf 82' lang='grc' dir='ltr'>γὰρ</span> <span class='ocrx_word' id='word_1_540' title='bbox 2555 3117 2644 3168; x_wconf 75' lang='grc' dir='ltr'><strong>ἐπὶ</strong></span> <span class='ocrx_word' id='word_1_541' title='bbox 2676 3118 2984 3187; x_wconf 75' lang='grc' dir='ltr'>καθαιρέσει</span> <span class='ocrx_word' id='word_1_542' title='bbox 3022 3119 3118 3187; x_wconf 86' lang='grc' dir='ltr'><strong>τῆς</strong></span> <span class='ocrx_word' id='word_1_543' title='bbox 3171 3117 3262 3170; x_wconf 84' lang='grc' dir='ltr'>τοῦ</span> <span class='ocrx_word' id='word_1_544' title='bbox 3302 3116 3633 3184; x_wconf 83' lang='grc' dir='ltr'>Μονογενοὺς</span> <span class='ocrx_word' id='word_1_545' title='bbox 3669 3114 3792 3181; x_wconf 77' lang='grc' dir='ltr'>δόξης</span> 
     </span>
    </p>
   </div>
   <div class='ocr_carea' id='block_1_75' title="bbox 2275 3205 3791 3278">
    <p class='ocr_par' dir='ltr' id='par_1_75' title="bbox 2275 3205 3791 3278">
     <span class='ocr_line' id='line_1_75' title="bbox 2275 3205 3791 3278; baseline 0.007 -20"><span class='ocrx_word' id='word_1_546' title='bbox 2275 3208 2685 3277; x_wconf 81' lang='grc' dir='ltr'>συμπέπλασται</span> <span class='ocrx_word' id='word_1_547' title='bbox 2705 3251 2719 3274; x_wconf 90' lang='grc'><em>,</em></span> <span class='ocrx_word' id='word_1_548' title='bbox 2752 3211 2844 3263; x_wconf 81' lang='grc' dir='ltr'><strong>καὶ</strong></span> <span class='ocrx_word' id='word_1_549' title='bbox 2889 3209 3046 3262; x_wconf 87' lang='grc' dir='ltr'>πλέον</span> <span class='ocrx_word' id='word_1_550' title='bbox 3077 3209 3227 3263; x_wconf 81' lang='grc' dir='ltr'>οὐδέν</span> <span class='ocrx_word' id='word_1_551' title='bbox 3250 3224 3265 3239; x_wconf 86' lang='grc'>⁶</span> <span class='ocrx_word' id='word_1_552' title='bbox 3299 3209 3437 3278; x_wconf 73' lang='grc' dir='ltr'>αὕτη</span> <span class='ocrx_word' id='word_1_553' title='bbox 3468 3210 3524 3262; x_wconf 85' lang='grc' dir='ltr'>δὲ</span> <span class='ocrx_word' id='word_1_554' title='bbox 3564 3209 3654 3277; x_wconf 82' lang='grc' dir='ltr'>τῆς</span> <span class='ocrx_word' id='word_1_555' title='bbox 3682 3205 3791 3258; x_wconf 78' lang='grc' dir='ltr'><strong>κατά</strong></span> 
     </span>
    </p>
   </div>
   <div class='ocr_carea' id='block_1_76' title="bbox 2268 3298 3790 3370">
    <p class='ocr_par' dir='ltr' id='par_1_76' title="bbox 2268 3298 3790 3370">
     <span class='ocr_line' id='line_1_76' title="bbox 2268 3298 3790 3370; baseline 0.002 -21"><span class='ocrx_word' id='word_1_556' title='bbox 2268 3299 2358 3350; x_wconf 79' lang='grc' dir='ltr'><strong>τὸν</strong></span> <span class='ocrx_word' id='word_1_557' title='bbox 2415 3299 2696 3370; x_wconf 80' lang='grc' dir='ltr'>ἄνθρωπον</span> <span class='ocrx_word' id='word_1_558' title='bbox 2759 3301 3066 3369; x_wconf 74' lang='grc' dir='ltr'>οἰκονομίας</span> <span class='ocrx_word' id='word_1_559' title='bbox 3127 3301 3219 3352; x_wconf 85' lang='grc' dir='ltr'>τὸν</span> <span class='ocrx_word' id='word_1_560' title='bbox 3290 3301 3494 3352; x_wconf 84' lang='grc' dir='ltr'>σκοπὸν</span> <span class='ocrx_word' id='word_1_561' title='bbox 3565 3298 3790 3366; x_wconf 75' lang='grc' dir='ltr'>περιέχει.</span> 
     </span>
    </p>
   </div>
   <div class='ocr_carea' id='block_1_77' title="bbox 2282 3385 3788 3460">
    <p class='ocr_par' dir='ltr' id='par_1_77' title="bbox 2282 3385 3788 3460">
     <span class='ocr_line' id='line_1_77' title="bbox 2282 3385 3788 3460; baseline -0.001 -21"><span class='ocrx_word' id='word_1_562' title='bbox 2282 3387 2520 3459; x_wconf 86' lang='grc' dir='ltr'>Ἐδείχθη</span> <span class='ocrx_word' id='word_1_563' title='bbox 2569 3389 2674 3460; x_wconf 86' lang='grc' dir='ltr'><strong>γὰρ</strong></span> <span class='ocrx_word' id='word_1_564' title='bbox 2705 3390 2786 3442; x_wconf 84' lang='grc' dir='ltr'>ὅτι</span> <span class='ocrx_word' id='word_1_565' title='bbox 2814 3388 2909 3458; x_wconf 82' lang='grc' dir='ltr'><strong>οὑχ</strong></span> <span class='ocrx_word' id='word_1_566' title='bbox 2942 3391 2970 3440; x_wconf 84' lang='grc' dir='ltr'>ὁ</span> <span class='ocrx_word' id='word_1_567' title='bbox 2998 3389 3208 3458; x_wconf 73' lang='grc' dir='ltr'>ἀναφὴς</span> <span class='ocrx_word' id='word_1_568' title='bbox 3239 3406 3297 3440; x_wconf 86' lang='grc' dir='ltr'><strong>τε</strong></span> <span class='ocrx_word' id='word_1_569' title='bbox 3341 3390 3435 3440; x_wconf 71' lang='grc' dir='ltr'>καὶ</span> <span class='ocrx_word' id='word_1_570' title='bbox 3477 3385 3788 3458; x_wconf 73' lang='grc' dir='ltr'>ἀμετάθετος,</span> 
     </span>
    </p>
   </div>
   <div class='ocr_carea' id='block_1_78' title="bbox 2267 3475 3793 3550">
    <p class='ocr_par' dir='ltr' id='par_1_78' title="bbox 2267 3475 3793 3550">
     <span class='ocr_line' id='line_1_78' title="bbox 2267 3475 3793 3550; baseline -0.004 -20"><span class='ocrx_word' id='word_1_571' title='bbox 2267 3478 2360 3530; x_wconf 83' lang='grc' dir='ltr'>καὶ</span> <span class='ocrx_word' id='word_1_572' title='bbox 2391 3479 2642 3550; x_wconf 80' lang='grc' dir='ltr'>ἀόρατος,</span> <span class='ocrx_word' id='word_1_573' title='bbox 2671 3478 2804 3532; x_wconf 90' lang='grc' dir='ltr'><strong>ἀλλά</strong></span> <span class='ocrx_word' id='word_1_574' title='bbox 2828 3479 2886 3531; x_wconf 86' lang='grc' dir='ltr'><strong>τὸ</strong></span> <span class='ocrx_word' id='word_1_575' title='bbox 2915 3479 3238 3549; x_wconf 85' lang='grc' dir='ltr'>βλεπόμενόν</span> <span class='ocrx_word' id='word_1_576' title='bbox 3269 3495 3327 3530; x_wconf 89' lang='grc' dir='ltr'><strong>τε</strong></span> <span class='ocrx_word' id='word_1_577' title='bbox 3371 3480 3469 3532; x_wconf 75' lang='grc' dir='ltr'>καὶ</span> <span class='ocrx_word' id='word_1_578' title='bbox 3517 3475 3793 3545; x_wconf 85' lang='grc' dir='ltr'>κινούμενον</span> 
     </span>
    </p>
   </div>
   <div class='ocr_carea' id='block_1_79' title="bbox 2265 3566 3791 3643">
    <p class='ocr_par' dir='ltr' id='par_1_79' title="bbox 2265 3566 3791 3643">
     <span class='ocr_line' id='line_1_79' title="bbox 2265 3566 3791 3643; baseline -0.003 -22"><span class='ocrx_word' id='word_1_579' title='bbox 2265 3570 2358 3621; x_wconf 78' lang='grc' dir='ltr'><strong>καὶ</strong></span> <span class='ocrx_word' id='word_1_580' title='bbox 2407 3569 2827 3641; x_wconf 72' lang='grc' dir='ltr'>ψηλαφώμενον·</span> <span class='ocrx_word' id='word_1_581' title='bbox 2873 3572 3007 3643; x_wconf 79' lang='grc' dir='ltr'>ὅπερ</span> <span class='ocrx_word' id='word_1_582' title='bbox 3060 3571 3160 3640; x_wconf 88' lang='grc' dir='ltr'><strong>τῆς</strong></span> <span class='ocrx_word' id='word_1_583' title='bbox 3219 3570 3563 3639; x_wconf 79' lang='grc' dir='ltr'>ἀνθρωπίνης</span> <span class='ocrx_word' id='word_1_584' title='bbox 3614 3566 3791 3635; x_wconf 75' lang='grc' dir='ltr'>φύσεως</span> 
     </span>
    </p>
   </div>
   <div class='ocr_carea' id='block_1_80' title="bbox 2266 3656 3793 3734">
    <p class='ocr_par' dir='ltr' id='par_1_80' title="bbox 2266 3656 3793 3734">
     <span class='ocr_line' id='line_1_80' title="bbox 2266 3656 3793 3734; baseline -0.003 -22"><span class='ocrx_word' id='word_1_585' title='bbox 2266 3661 2391 3714; x_wconf 77' lang='grc' dir='ltr'>ἴδιόν</span> <span class='ocrx_word' id='word_1_586' title='bbox 2419 3663 2560 3725; x_wconf 72' lang='grc' dir='ltr'>ἐστι,</span> <span class='ocrx_word' id='word_1_587' title='bbox 2601 3666 2666 3732; x_wconf 84' lang='grc' dir='ltr'>τῇ</span> <span class='ocrx_word' id='word_1_588' title='bbox 2701 3663 2885 3734; x_wconf 69' lang='grc' dir='ltr'>Μαρίᾳ</span> <span class='ocrx_word' id='word_1_589' title='bbox 2918 3664 3014 3732; x_wconf 79' lang='grc' dir='ltr'><strong>τὴν</strong></span> <span class='ocrx_word' id='word_1_590' title='bbox 3058 3661 3271 3732; x_wconf 79' lang='grc' dir='ltr'>ἐντολὴν</span> <span class='ocrx_word' id='word_1_591' title='bbox 3314 3660 3484 3713; x_wconf 74' lang='grc' dir='ltr'>ἐδίδου</span> <span class='ocrx_word' id='word_1_592' title='bbox 3527 3659 3657 3729; x_wconf 84' lang='grc' dir='ltr'>πρὸς</span> <span class='ocrx_word' id='word_1_593' title='bbox 3693 3656 3793 3716; x_wconf 70' lang='grc' dir='ltr'>τοὺς</span> 
     </span>
    </p>
   </div>
   <div class='ocr_carea' id='block_1_81' title="bbox 2261 3752 3187 3822">
    <p class='ocr_par' dir='ltr' id='par_1_81' title="bbox 2261 3752 3187 3822">
     <span class='ocr_line' id='line_1_81' title="bbox 2261 3752 3187 3822; baseline 0.003 -17"><span class='ocrx_word' id='word_1_594' title='bbox 2261 3752 2516 3820; x_wconf 73' lang='grc' dir='ltr'>ἀδελφοὺς</span> <span class='ocrx_word' id='word_1_595' title='bbox 2545 3752 2855 3822; x_wconf 86' lang='grc' dir='ltr'>διακονῆσαι</span> <span class='ocrx_word' id='word_1_596' title='bbox 2892 3753 2981 3806; x_wconf 80' lang='grc' dir='ltr'><strong>τὸν</strong></span> <span class='ocrx_word' id='word_1_597' title='bbox 3011 3753 3187 3820; x_wconf 79' lang='grc' dir='ltr'>λόγον.</span> 
     </span>
    </p>
   </div>
   <div class='ocr_carea' id='block_1_82' title="bbox 2334 3837 3792 3912">
    <p class='ocr_par' dir='ltr' id='par_1_82' title="bbox 2334 3837 3792 3912">
     <span class='ocr_line' id='line_1_82' title="bbox 2334 3837 3792 3912; baseline -0.004 -18"><span class='ocrx_word' id='word_1_598' title='bbox 2334 3843 2452 3894; x_wconf 86' lang='grc' dir='ltr'>Ἔτι</span> <span class='ocrx_word' id='word_1_599' title='bbox 2483 3844 2574 3895; x_wconf 72' lang='grc' dir='ltr'>καὶ</span> <span class='ocrx_word' id='word_1_600' title='bbox 2601 3841 2756 3894; x_wconf 76' lang='grc' dir='ltr'>τοῦτο</span> <span class='ocrx_word' id='word_1_601' title='bbox 2813 3842 3290 3912; x_wconf 80' lang='grc' dir='ltr'>προσεξετάσωμεν</span> <span class='ocrx_word' id='word_1_602' title='bbox 3316 3856 3329 3869; x_wconf 85' lang='grc'><em>’</em></span> <span class='ocrx_word' id='word_1_603' title='bbox 3366 3841 3487 3894; x_wconf 82' lang='grc' dir='ltr'>οἵαν</span> <span class='ocrx_word' id='word_1_604' title='bbox 3533 3837 3792 3906; x_wconf 84' lang='grc' dir='ltr'>πεποίηται</span> 
     </span>
    </p>
   </div>
   <div class='ocr_carea' id='block_1_83' title="bbox 2259 3927 3792 4004">
    <p class='ocr_par' dir='ltr' id='par_1_83' title="bbox 2259 3927 3792 4004">
     <span class='ocr_line' id='line_1_83' title="bbox 2259 3927 3792 4004; baseline -0.005 -19"><span class='ocrx_word' id='word_1_605' title='bbox 2259 3933 2353 4004; x_wconf 80' lang='grc' dir='ltr'>τὴν</span> <span class='ocrx_word' id='word_1_606' title='bbox 2397 3935 2686 4001; x_wconf 80' lang='grc' dir='ltr'>ἀπολογίαν</span> <span class='ocrx_word' id='word_1_607' title='bbox 2716 3934 2852 4003; x_wconf 79' lang='grc' dir='ltr'>ὑπὲρ</span> <span class='ocrx_word' id='word_1_608' title='bbox 2884 3927 2958 3985; x_wconf 80' lang='grc' dir='ltr'>ὧν</span> <span class='ocrx_word' id='word_1_609' title='bbox 2989 3933 3299 4003; x_wconf 77' lang='grc' dir='ltr'>ἀπηλέγχθη</span> <span class='ocrx_word' id='word_1_610' title='bbox 3333 3933 3487 4003; x_wconf 82' lang='grc' dir='ltr'>παρὰ</span> <span class='ocrx_word' id='word_1_611' title='bbox 3531 3931 3621 3984; x_wconf 85' lang='grc' dir='ltr'>τοῦ</span> <span class='ocrx_word' id='word_1_612' title='bbox 3653 3929 3792 4000; x_wconf 81' lang='grc' dir='ltr'>μεγά·</span> 
     </span>
    </p>
   </div>
   <div class='ocr_carea' id='block_1_84' title="bbox 2257 4023 3792 4095">
    <p class='ocr_par' dir='ltr' id='par_1_84' title="bbox 2257 4023 3792 4095">
     <span class='ocr_line' id='line_1_84' title="bbox 2257 4023 3792 4095; baseline -0.003 -19"><span class='ocrx_word' id='word_1_613' title='bbox 2257 4025 2346 4078; x_wconf 87' lang='grc' dir='ltr'><strong>λου</strong></span> <span class='ocrx_word' id='word_1_614' title='bbox 2372 4025 2666 4089; x_wconf 86' lang='grc' dir='ltr'>Βασιλείου,</span> <span class='ocrx_word' id='word_1_615' title='bbox 2700 4028 2776 4088; x_wconf 82' lang='grc' dir='ltr'>εἰς</span> <span class='ocrx_word' id='word_1_616' title='bbox 2804 4025 2899 4095; x_wconf 80' lang='grc' dir='ltr'>τὴν</span> <span class='ocrx_word' id='word_1_617' title='bbox 2926 4023 3016 4077; x_wconf 77' lang='grc' dir='ltr'>τοῦ</span> <span class='ocrx_word' id='word_1_618' title='bbox 3050 4026 3268 4086; x_wconf 87' lang='grc' dir='ltr'>σκότους</span> <span class='ocrx_word' id='word_1_619' title='bbox 3308 4027 3507 4093; x_wconf 87' lang='grc' dir='ltr'>μοῖραν</span> <span class='ocrx_word' id='word_1_620' title='bbox 3547 4023 3635 4076; x_wconf 80' lang='grc' dir='ltr'><strong>τὸν</strong></span> <span class='ocrx_word' id='word_1_621' title='bbox 3665 4036 3792 4092; x_wconf 87' lang='grc' dir='ltr'>μονο-</span> 
     </span>
    </p>
   </div>
   <div class='ocr_carea' id='block_1_85' title="bbox 2255 4111 3790 4190">
    <p class='ocr_par' dir='ltr' id='par_1_85' title="bbox 2255 4111 3790 4190">
     <span class='ocr_line' id='line_1_85' title="bbox 2255 4111 3790 4190; baseline -0.005 -20"><span class='ocrx_word' id='word_1_622' title='bbox 2255 4119 2384 4187; x_wconf 88' lang='grc' dir='ltr'>γενῆ</span> <span class='ocrx_word' id='word_1_623' title='bbox 2410 4118 2538 4171; x_wconf 84' lang='grc' dir='ltr'>Θεὸν</span> <span class='ocrx_word' id='word_1_624' title='bbox 2563 4119 2832 4190; x_wconf 71' lang='grc' dir='ltr'>ἀφορίζων</span> <span class='ocrx_word' id='word_1_625' title='bbox 2861 4122 2916 4171; x_wconf 83' lang='grc' dir='ltr'>ἐν</span> <span class='ocrx_word' id='word_1_626' title='bbox 2944 4118 3020 4188; x_wconf 85' lang='grc' dir='ltr'>τῷ</span> <span class='ocrx_word' id='word_1_627' title='bbox 3047 4117 3221 4185; x_wconf 78' lang='grc' dir='ltr'>λέγειν</span> <span class='ocrx_word' id='word_1_628' title='bbox 3246 4135 3257 4146; x_wconf 83' lang='grc'><strong>’</strong></span> <span class='ocrx_word' id='word_1_629' title='bbox 3289 4119 3451 4169; x_wconf 85' lang='grc' dir='ltr'>Ὅσον</span> <span class='ocrx_word' id='word_1_630' title='bbox 3481 4117 3718 4184; x_wconf 78' lang='grc' dir='ltr'>διέστηκε</span> <span class='ocrx_word' id='word_1_631' title='bbox 3744 4111 3790 4164; x_wconf 74' lang='grc' dir='ltr'>τὸ</span> 
     </span>
    </p>
   </div>
   <div class='ocr_carea' id='block_1_86' title="bbox 2253 4209 3790 4282">
    <p class='ocr_par' dir='ltr' id='par_1_86' title="bbox 2253 4209 3790 4282">
     <span class='ocr_line' id='line_1_86' title="bbox 2253 4209 3790 4282; baseline -0.004 -21"><span class='ocrx_word' id='word_1_632' title='bbox 2253 4211 2506 4280; x_wconf 82' lang='grc' dir='ltr'>γεννητὸν</span> <span class='ocrx_word' id='word_1_633' title='bbox 2537 4211 2671 4282; x_wconf 74' lang='grc' dir='ltr'>πρὸς</span> <span class='ocrx_word' id='word_1_634' title='bbox 2698 4211 2759 4262; x_wconf 85' lang='grc' dir='ltr'><strong>τὸ</strong></span> <span class='ocrx_word' id='word_1_635' title='bbox 2779 4211 3066 4281; x_wconf 82' lang='grc' dir='ltr'>ἀγέννητον</span> <span class='ocrx_word' id='word_1_636' title='bbox 3091 4252 3104 4275; x_wconf 86' lang='grc'><strong><em>,</em></strong></span> <span class='ocrx_word' id='word_1_637' title='bbox 3147 4211 3392 4263; x_wconf 80' lang='grc' dir='ltr'>τοσοῦτον</span> <span class='ocrx_word' id='word_1_638' title='bbox 3439 4209 3790 4281; x_wconf 80' lang='grc' dir='ltr'>παρήλλακται</span> 
     </span>
    </p>
   </div>
   <div class='ocr_carea' id='block_1_87' title="bbox 2251 4296 3789 4370">
    <p class='ocr_par' dir='ltr' id='par_1_87' title="bbox 2251 4296 3789 4370">
     <span class='ocr_line' id='line_1_87' title="bbox 2251 4296 3789 4370; baseline -0.012 -6"><span class='ocrx_word' id='word_1_639' title='bbox 2251 4299 2312 4351; x_wconf 83' lang='grc' dir='ltr'><strong>τδ</strong></span> <span class='ocrx_word' id='word_1_640' title='bbox 2336 4299 2449 4369; x_wconf 76' lang='grc' dir='ltr'><strong>φῶς</strong></span> <span class='ocrx_word' id='word_1_641' title='bbox 2477 4300 2609 4370; x_wconf 81' lang='grc' dir='ltr'>πρὸς</span> <span class='ocrx_word' id='word_1_642' title='bbox 2638 4301 2697 4352; x_wconf 74' lang='grc' dir='ltr'>τὸ</span> <span class='ocrx_word' id='word_1_643' title='bbox 2724 4300 2856 4369; x_wconf 66' lang='grc' dir='ltr'>φῶς.</span> <span class='ocrx_word' id='word_1_644' title='bbox 2881 4301 3158 4366; x_wconf 77' lang='grc' dir='ltr'>Δείξαντος</span> <span class='ocrx_word' id='word_1_645' title='bbox 3183 4302 3290 4370; x_wconf 76' lang='grc' dir='ltr'><strong>γὰρ</strong></span> <span class='ocrx_word' id='word_1_646' title='bbox 3322 4301 3538 4354; x_wconf 81' lang='grc' dir='ltr'>ἐκείνου</span> <span class='ocrx_word' id='word_1_647' title='bbox 3581 4300 3652 4368; x_wconf 83' lang='grc' dir='ltr'>μὴ</span> <span class='ocrx_word' id='word_1_648' title='bbox 3675 4296 3789 4349; x_wconf 80' lang='grc' dir='ltr'>κατὰ</span> 
     </span>
    </p>
   </div>
   <div class='ocr_carea' id='block_1_88' title="bbox 2250 4387 3790 4463">
    <p class='ocr_par' dir='ltr' id='par_1_88' title="bbox 2250 4387 3790 4463">
     <span class='ocr_line' id='line_1_88' title="bbox 2250 4387 3790 4463; baseline -0.001 -21"><span class='ocrx_word' id='word_1_649' title='bbox 2250 4391 2438 4459; x_wconf 73' lang='grc' dir='ltr'>ὑφεσίν</span> <span class='ocrx_word' id='word_1_650' title='bbox 2492 4409 2608 4443; x_wconf 88' lang='grc' dir='ltr'>τινα</span> <span class='ocrx_word' id='word_1_651' title='bbox 2670 4393 2762 4443; x_wconf 75' lang='grc' dir='ltr'><strong>καὶ</strong></span> <span class='ocrx_word' id='word_1_652' title='bbox 2798 4393 3041 4444; x_wconf 75' lang='grc' dir='ltr'>ἐπίτασιν</span> <span class='ocrx_word' id='word_1_653' title='bbox 3099 4393 3191 4444; x_wconf 85' lang='grc' dir='ltr'><strong>τοὺ</strong></span> <span class='ocrx_word' id='word_1_654' title='bbox 3246 4393 3509 4462; x_wconf 81' lang='grc' dir='ltr'>γεννητοῦ</span> <span class='ocrx_word' id='word_1_655' title='bbox 3568 4391 3695 4463; x_wconf 77' lang='grc' dir='ltr'>πρὸς</span> <span class='ocrx_word' id='word_1_656' title='bbox 3741 4387 3790 4440; x_wconf 78' lang='grc' dir='ltr'><strong>τὸ</strong></span> 
     </span>
    </p>
   </div>
   <div class='ocr_carea' id='block_1_89' title="bbox 595 4467 2169 4559">
    <p class='ocr_par' dir='ltr' id='par_1_89' title="bbox 595 4467 2141 4549">
     <span class='ocr_line' id='line_1_89' title="bbox 595 4467 2141 4549; baseline 0.009 -29"><span class='ocrx_word' id='word_1_657' title='bbox 595 4468 833 4536; x_wconf 83' lang='lat' dir='ltr'><strong>ingenito</strong></span> <span class='ocrx_word' id='word_1_658' title='bbox 861 4467 1170 4525; x_wconf 90' lang='lat' dir='ltr'><strong>distantiam</strong></span> <span class='ocrx_word' id='word_1_659' title='bbox 1209 4487 1362 4528; x_wconf 89' lang='lat' dir='ltr'><strong>esse:</strong></span> <span class='ocrx_word' id='word_1_660' title='bbox 1398 4476 1489 4528; x_wconf 89' lang='lat' dir='ltr'><strong>sed</strong></span> <span class='ocrx_word' id='word_1_661' title='bbox 1532 4491 1596 4528; x_wconf 78' lang='lat' dir='ltr'><strong>ex</strong></span> <span class='ocrx_word' id='word_1_662' title='bbox 1630 4476 1889 4533; x_wconf 81' lang='lat' dir='ltr'><strong>diametro</strong></span> <span class='ocrx_word' id='word_1_663' title='bbox 1927 4483 2141 4549; x_wconf 85' lang='lat' dir='ltr'><strong>opposi-</strong></span> 
     </span>
    </p>
   </div>
   <div class='ocr_carea' id='block_1_90' title="bbox 2256 4467 3788 4559">
    <p class='ocr_par' dir='ltr' id='par_1_90' title="bbox 2256 4479 3788 4552">
     <span class='ocr_line' id='line_1_90' title="bbox 2256 4479 3788 4552; baseline -0.001 -19"><span class='ocrx_word' id='word_1_664' title='bbox 2256 4482 2539 4550; x_wconf 75' lang='grc' dir='ltr'>ἀγέννητον</span> <span class='ocrx_word' id='word_1_665' title='bbox 2593 4483 2688 4550; x_wconf 81' lang='grc' dir='ltr'><strong>τὴν</strong></span> <span class='ocrx_word' id='word_1_666' title='bbox 2736 4481 3009 4535; x_wconf 85' lang='grc' dir='ltr'>διάστασιν</span> <span class='ocrx_word' id='word_1_667' title='bbox 3042 4479 3208 4535; x_wconf 82' lang='grc' dir='ltr'>εἶναι·</span> <span class='ocrx_word' id='word_1_668' title='bbox 3265 4482 3377 4534; x_wconf 82' lang='grc' dir='ltr'>ἀλλ’</span> <span class='ocrx_word' id='word_1_669' title='bbox 3411 4486 3478 4535; x_wconf 84' lang='grc' dir='ltr'>ἐκ</span> <span class='ocrx_word' id='word_1_670' title='bbox 3523 4482 3788 4552; x_wconf 82' lang='grc' dir='ltr'>διαμέτρου</span> 
     </span>
    </p>
   </div>
   <div class='ocr_carea' id='block_1_91' title="bbox 593 4559 2142 4638">
    <p class='ocr_par' dir='ltr' id='par_1_91' title="bbox 593 4559 2142 4638">
     <span class='ocr_line' id='line_1_91' title="bbox 593 4559 2142 4638; baseline 0.011 -30"><span class='ocrx_word' id='word_1_671' title='bbox 593 4559 793 4611; x_wconf 89' lang='lat' dir='ltr'><strong>tionem</strong></span> <span class='ocrx_word' id='word_1_672' title='bbox 846 4561 900 4612; x_wconf 91' lang='lat' dir='ltr'><strong>in</strong></span> <span class='ocrx_word' id='word_1_673' title='bbox 952 4561 1270 4631; x_wconf 85' lang='lat' dir='ltr'><strong>signiﬁcatis</strong></span> <span class='ocrx_word' id='word_1_674' title='bbox 1319 4580 1472 4632; x_wconf 84' lang='lat' dir='ltr'><strong>esse;</strong></span> <span class='ocrx_word' id='word_1_675' title='bbox 1529 4575 1689 4635; x_wconf 88' lang='lat' dir='ltr'><strong>atque</strong></span> <span class='ocrx_word' id='word_1_676' title='bbox 1735 4585 1800 4622; x_wconf 71' lang='lat' dir='ltr'><strong>ex</strong></span> <span class='ocrx_word' id='word_1_677' title='bbox 1847 4573 2142 4638; x_wconf 89' lang='lat' dir='ltr'><strong>positorum</strong></span> 
     </span>
    </p>
   </div>
   <div class='ocr_carea' id='block_1_92' title="bbox 594 4648 2147 4730">
    <p class='ocr_par' dir='ltr' id='par_1_92' title="bbox 594 4648 2147 4730">
     <span class='ocr_line' id='line_1_92' title="bbox 594 4648 2147 4730; baseline 0.012 -33"><span class='ocrx_word' id='word_1_678' title='bbox 594 4648 977 4714; x_wconf 88' lang='lat' dir='ltr'><strong>consequentia</strong></span> <span class='ocrx_word' id='word_1_679' title='bbox 1025 4650 1366 4715; x_wconf 81' lang='lat' dir='ltr'><strong>confecisset,</strong></span> <span class='ocrx_word' id='word_1_680' title='bbox 1426 4655 1566 4722; x_wconf 91' lang='lat' dir='ltr'><strong>quod</strong></span> <span class='ocrx_word' id='word_1_681' title='bbox 1598 4657 1642 4708; x_wconf 90' lang='lat' dir='ltr'><strong>si</strong></span> <span class='ocrx_word' id='word_1_682' title='bbox 1685 4657 1870 4712; x_wconf 88' lang='lat' dir='ltr'><strong>eadem</strong></span> <span class='ocrx_word' id='word_1_683' title='bbox 1923 4677 2147 4730; x_wconf 83' lang='lat' dir='ltr'><strong>propor-</strong></span> 
     </span>
    </p>
   </div>
   <div class='ocr_carea' id='block_1_93' title="bbox 592 4736 2147 4811">
    <p class='ocr_par' dir='ltr' id='par_1_93' title="bbox 592 4736 2147 4811">
     <span class='ocr_line' id='line_1_93' title="bbox 592 4736 2147 4811; baseline 0.01 -23"><span class='ocrx_word' id='word_1_684' title='bbox 592 4736 736 4789; x_wconf 87' lang='lat' dir='ltr'><strong>tione</strong></span> <span class='ocrx_word' id='word_1_685' title='bbox 764 4743 1041 4804; x_wconf 89' lang='lat' dir='ltr'><strong>paternum</strong></span> <span class='ocrx_word' id='word_1_686' title='bbox 1078 4739 1250 4793; x_wconf 91' lang='lat' dir='ltr'><strong>lumen</strong></span> <span class='ocrx_word' id='word_1_687' title='bbox 1281 4756 1308 4794; x_wconf 92' lang='lat' dir='ltr'><strong>a</strong></span> <span class='ocrx_word' id='word_1_688' title='bbox 1341 4739 1457 4811; x_wconf 85' lang='lat' dir='ltr'><strong>Filii</strong></span> <span class='ocrx_word' id='word_1_689' title='bbox 1484 4744 1684 4800; x_wconf 89' lang='lat' dir='ltr'><strong>lumine</strong></span> <span class='ocrx_word' id='word_1_690' title='bbox 1722 4747 1918 4811; x_wconf 82' lang='lat' dir='ltr'><strong>dilTert,</strong></span> <span class='ocrx_word' id='word_1_691' title='bbox 1961 4765 2022 4803; x_wconf 87' lang='lat' dir='ltr'><strong>ac</strong></span> <span class='ocrx_word' id='word_1_692' title='bbox 2064 4751 2147 4804; x_wconf 89' lang='lat' dir='ltr'><strong>in-</strong></span> 
     </span>
    </p>
   </div>
   <div class='ocr_carea' id='block_1_94' title="bbox 591 4827 2144 4902">
    <p class='ocr_par' dir='ltr' id='par_1_94' title="bbox 591 4827 2144 4902">
     <span class='ocr_line' id='line_1_94' title="bbox 591 4827 2144 4902; baseline 0.011 -22"><span class='ocrx_word' id='word_1_693' title='bbox 591 4829 828 4897; x_wconf 85' lang='lat' dir='ltr'><strong>genitum</strong></span> <span class='ocrx_word' id='word_1_694' title='bbox 880 4827 1100 4885; x_wconf 89' lang='lat' dir='ltr'><strong>distata</strong></span> <span class='ocrx_word' id='word_1_695' title='bbox 1133 4832 1333 4902; x_wconf 86' lang='lat' dir='ltr'><strong>genito,</strong></span> <span class='ocrx_word' id='word_1_696' title='bbox 1384 4850 1605 4891; x_wconf 89' lang='lat' dir='ltr'><strong>necesse</strong></span> <span class='ocrx_word' id='word_1_697' title='bbox 1651 4847 1733 4892; x_wconf 88' lang='lat' dir='ltr'><strong>est</strong></span> <span class='ocrx_word' id='word_1_698' title='bbox 1767 4843 1986 4895; x_wconf 89' lang='lat' dir='ltr'><strong>omnino</strong></span> <span class='ocrx_word' id='word_1_699' title='bbox 2037 4859 2144 4897; x_wconf 91' lang='lat' dir='ltr'><strong>non</strong></span> 
     </span>
    </p>
   </div>
   <div class='ocr_carea' id='block_1_95' title="bbox 592 4919 2146 5002">
    <p class='ocr_par' dir='ltr' id='par_1_95' title="bbox 592 4919 2146 5002">
     <span class='ocr_line' id='line_1_95' title="bbox 592 4919 2146 5002; baseline 0.01 -30"><span class='ocrx_word' id='word_1_700' title='bbox 592 4919 811 4975; x_wconf 88' lang='lat' dir='ltr'><strong>luminis</strong></span> <span class='ocrx_word' id='word_1_701' title='bbox 847 4921 1274 4979; x_wconf 89' lang='lat' dir='ltr'><strong>imminutionem</strong></span> <span class='ocrx_word' id='word_1_702' title='bbox 1318 4926 1371 4980; x_wconf 91' lang='lat' dir='ltr'><strong>in</strong></span> <span class='ocrx_word' id='word_1_703' title='bbox 1413 4925 1548 4982; x_wconf 87' lang='lat' dir='ltr'><strong>Filio</strong></span> <span class='ocrx_word' id='word_1_704' title='bbox 1581 4930 1827 5002; x_wconf 77' lang='lat' dir='ltr'><strong>intelligi,</strong></span> <span class='ocrx_word' id='word_1_705' title='bbox 1856 4936 1948 4987; x_wconf 90' lang='lat' dir='ltr'><strong>sed</strong></span> <span class='ocrx_word' id='word_1_706' title='bbox 1990 4934 2146 4988; x_wconf 89' lang='lat' dir='ltr'><strong>abso-</strong></span> 
     </span>
    </p>
   </div>
   <div class='ocr_carea' id='block_1_96' title="bbox 591 5014 2142 5090">
    <p class='ocr_par' dir='ltr' id='par_1_96' title="bbox 591 5014 2142 5090">
     <span class='ocr_line' id='line_1_96' title="bbox 591 5014 2142 5090; baseline 0.013 -24"><span class='ocrx_word' id='word_1_707' title='bbox 591 5014 756 5066; x_wconf 88' lang='lat' dir='ltr'><strong>lutam</strong></span> <span class='ocrx_word' id='word_1_708' title='bbox 786 5014 1188 5081; x_wconf 87' lang='lat' dir='ltr'><strong>alienationem,</strong></span> <span class='ocrx_word' id='word_1_709' title='bbox 1236 5020 1346 5074; x_wconf 88' lang='lat' dir='ltr'><strong>sive</strong></span> <span class='ocrx_word' id='word_1_710' title='bbox 1377 5022 1751 5090; x_wconf 88' lang='lat' dir='ltr'><strong>privationem.</strong></span> <span class='ocrx_word' id='word_1_711' title='bbox 1784 5025 2007 5082; x_wconf 89' lang='lat' dir='ltr'><strong>Utenim</strong></span> <span class='ocrx_word' id='word_1_712' title='bbox 2039 5048 2142 5085; x_wconf 92' lang='lat' dir='ltr'><strong>non</strong></span> 
     </span>
    </p>
   </div>
   <div class='ocr_carea' id='block_1_97' title="bbox 589 5104 2143 5194">
    <p class='ocr_par' dir='ltr' id='par_1_97' title="bbox 589 5104 2143 5194">
     <span class='ocr_line' id='line_1_97' title="bbox 589 5104 2143 5194; baseline 0.012 -36"><span class='ocrx_word' id='word_1_713' title='bbox 589 5104 712 5160; x_wconf 88' lang='lat' dir='ltr'><strong>licet</strong></span> <span class='ocrx_word' id='word_1_714' title='bbox 780 5107 957 5163; x_wconf 90' lang='lat' dir='ltr'><strong>dicere</strong></span> <span class='ocrx_word' id='word_1_715' title='bbox 1014 5113 1410 5179; x_wconf 85' lang='lat' dir='ltr'><strong>generationem</strong></span> <span class='ocrx_word' id='word_1_716' title='bbox 1441 5130 1559 5169; x_wconf 88' lang='lat' dir='ltr'><strong>esse</strong></span> <span class='ocrx_word' id='word_1_717' title='bbox 1590 5119 1870 5173; x_wconf 87' lang='lat' dir='ltr'><strong>remissam</strong></span> <span class='ocrx_word' id='word_1_718' title='bbox 1919 5123 2143 5194; x_wconf 77' lang='grc' dir='ltr'>ἀγέννη-</span> 
     </span>
    </p>
   </div>
   <div class='ocr_carea' id='block_1_98' title="bbox 590 5198 2139 5284">
    <p class='ocr_par' dir='ltr' id='par_1_98' title="bbox 590 5198 2139 5284">
     <span class='ocr_line' id='line_1_98' title="bbox 590 5198 2139 5284; baseline 0.015 -36"><span class='ocrx_word' id='word_1_719' title='bbox 590 5198 731 5262; x_wconf 80' lang='grc' dir='ltr'>σίαν,</span> <span class='ocrx_word' id='word_1_720' title='bbox 760 5199 872 5253; x_wconf 91' lang='lat' dir='ltr'><strong>sive</strong></span> <span class='ocrx_word' id='word_1_721' title='bbox 895 5201 1373 5270; x_wconf 88' lang='lat' dir='ltr'><strong>ingenerationem,</strong></span> <span class='ocrx_word' id='word_1_722' title='bbox 1407 5208 1498 5260; x_wconf 87' lang='lat' dir='ltr'><strong>sed</strong></span> <span class='ocrx_word' id='word_1_723' title='bbox 1532 5207 1584 5260; x_wconf 92' lang='lat' dir='ltr'><strong>in</strong></span> <span class='ocrx_word' id='word_1_724' title='bbox 1627 5210 1936 5266; x_wconf 87' lang='lat' dir='ltr'><strong>universum</strong></span> <span class='ocrx_word' id='word_1_725' title='bbox 1972 5229 2139 5284; x_wconf 89' lang='lat' dir='ltr'><strong>oppo-</strong></span> 
     </span>
    </p>
   </div>
   <div class='ocr_carea' id='block_1_99' title="bbox 587 5289 2142 5370">
    <p class='ocr_par' dir='ltr' id='par_1_99' title="bbox 587 5289 2142 5370">
     <span class='ocr_line' id='line_1_99' title="bbox 587 5289 2142 5370; baseline 0.01 -27"><span class='ocrx_word' id='word_1_726' title='bbox 587 5289 744 5344; x_wconf 83' lang='lat' dir='ltr'><strong>sitive</strong></span> <span class='ocrx_word' id='word_1_727' title='bbox 777 5291 977 5345; x_wconf 88' lang='lat' dir='ltr'><strong>distant</strong></span> <span class='ocrx_word' id='word_1_728' title='bbox 1010 5293 1150 5346; x_wconf 86' lang='lat' dir='ltr'><strong>inter</strong></span> <span class='ocrx_word' id='word_1_729' title='bbox 1180 5310 1237 5349; x_wconf 91' lang='lat' dir='ltr'><strong>se</strong></span> <span class='ocrx_word' id='word_1_730' title='bbox 1285 5296 1583 5365; x_wconf 87' lang='lat' dir='ltr'><strong>signiﬁcata</strong></span> <span class='ocrx_word' id='word_1_731' title='bbox 1622 5299 2040 5370; x_wconf 88' lang='lat' dir='ltr'><strong>ingenerationis</strong></span> <span class='ocrx_word' id='word_1_732' title='bbox 2088 5313 2142 5358; x_wconf 90' lang='lat' dir='ltr'><strong>et</strong></span> 
     </span>
    </p>
   </div>
   <div class='ocr_carea' id='block_1_100' title="bbox 585 5384 2133 5463">
    <p class='ocr_par' dir='ltr' id='par_1_100' title="bbox 585 5384 2133 5463">
     <span class='ocr_line' id='line_1_100' title="bbox 585 5384 2133 5463; baseline 0.01 -31"><span class='ocrx_word' id='word_1_733' title='bbox 585 5384 980 5450; x_wconf 78' lang='lat' dir='ltr'><strong>generationis:</strong></span> <span class='ocrx_word' id='word_1_734' title='bbox 1015 5385 1092 5438; x_wconf 89' lang='lat' dir='ltr'><strong>sic</strong></span> <span class='ocrx_word' id='word_1_735' title='bbox 1122 5385 1166 5440; x_wconf 88' lang='lat' dir='ltr'><strong>si</strong></span> <span class='ocrx_word' id='word_1_736' title='bbox 1205 5388 1444 5441; x_wconf 89' lang='lat' dir='ltr'><strong>eamdem</strong></span> <span class='ocrx_word' id='word_1_737' title='bbox 1474 5401 1688 5445; x_wconf 88' lang='lat' dir='ltr'><strong>servant</strong></span> <span class='ocrx_word' id='word_1_738' title='bbox 1720 5391 2133 5463; x_wconf 87' lang='lat' dir='ltr'><strong>discrepantiam</strong></span> 
     </span>
    </p>
   </div>
   <div class='ocr_carea' id='block_1_101' title="bbox 584 5475 2134 5551">
    <p class='ocr_par' dir='ltr' id='par_1_101' title="bbox 584 5475 2134 5551">
     <span class='ocr_line' id='line_1_101' title="bbox 584 5475 2134 5551; baseline 0.012 -30"><span class='ocrx_word' id='word_1_739' title='bbox 584 5478 865 5539; x_wconf 89' lang='lat' dir='ltr'><strong>paternum</strong></span> <span class='ocrx_word' id='word_1_740' title='bbox 923 5475 1102 5529; x_wconf 91' lang='lat' dir='ltr'><strong>lumen</strong></span> <span class='ocrx_word' id='word_1_741' title='bbox 1148 5491 1271 5530; x_wconf 90' lang='lat' dir='ltr'><strong>cum</strong></span> <span class='ocrx_word' id='word_1_742' title='bbox 1330 5493 1394 5531; x_wconf 90' lang='lat' dir='ltr'><strong>eo</strong></span> <span class='ocrx_word' id='word_1_743' title='bbox 1443 5480 1644 5535; x_wconf 90' lang='lat' dir='ltr'><strong>lumine</strong></span> <span class='ocrx_word' id='word_1_744' title='bbox 1689 5483 1830 5551; x_wconf 93' lang='lat' dir='ltr'><strong>quod</strong></span> <span class='ocrx_word' id='word_1_745' title='bbox 1887 5484 1940 5538; x_wconf 93' lang='lat' dir='ltr'><strong>in</strong></span> <span class='ocrx_word' id='word_1_746' title='bbox 1999 5484 2134 5540; x_wconf 84' lang='lat' dir='ltr'><strong>Filio</strong></span> 
     </span>
    </p>
   </div>
   <div class='ocr_carea' id='block_1_102' title="bbox 583 5563 2135 5644">
    <p class='ocr_par' dir='ltr' id='par_1_102' title="bbox 583 5563 2135 5644">
     <span class='ocr_line' id='line_1_102' title="bbox 583 5563 2135 5644; baseline 0.013 -30"><span class='ocrx_word' id='word_1_747' title='bbox 583 5563 916 5632; x_wconf 81' lang='lat' dir='ltr'><strong>intelligitur,</strong></span> <span class='ocrx_word' id='word_1_748' title='bbox 941 5582 1003 5620; x_wconf 81' lang='lat' dir='ltr'><strong>cx</strong></span> <span class='ocrx_word' id='word_1_749' title='bbox 1026 5569 1409 5638; x_wconf 85' lang='lat' dir='ltr'><strong>consequentia</strong></span> <span class='ocrx_word' id='word_1_750' title='bbox 1434 5587 1539 5626; x_wconf 93' lang='lat' dir='ltr'><strong>non</strong></span> <span class='ocrx_word' id='word_1_751' title='bbox 1569 5574 1798 5644; x_wconf 89' lang='lat' dir='ltr'><strong>amplius</strong></span> <span class='ocrx_word' id='word_1_752' title='bbox 1824 5574 1989 5632; x_wconf 79' lang='lat' dir='ltr'><strong>Filius</strong></span> <span class='ocrx_word' id='word_1_753' title='bbox 2016 5593 2135 5634; x_wconf 90' lang='lat' dir='ltr'><strong>esse</strong></span> 
     </span>
    </p>
   </div>
   <div class='ocr_carea' id='block_1_103' title="bbox 2249 4569 3789 4646">
    <p class='ocr_par' dir='ltr' id='par_1_103' title="bbox 2249 4569 3789 4646">
     <span class='ocr_line' id='line_1_103' title="bbox 2249 4569 3789 4646; baseline -0.003 -20"><span class='ocrx_word' id='word_1_754' title='bbox 2249 4574 2347 4642; x_wconf 81' lang='grc' dir='ltr'><strong>τὴν</strong></span> <span class='ocrx_word' id='word_1_755' title='bbox 2373 4572 2640 4626; x_wconf 85' lang='grc' dir='ltr'>ἀντίθεσιν</span> <span class='ocrx_word' id='word_1_756' title='bbox 2670 4576 2724 4625; x_wconf 79' lang='grc' dir='ltr'><strong>έν</strong></span> <span class='ocrx_word' id='word_1_757' title='bbox 2768 4577 2878 4637; x_wconf 86' lang='grc' dir='ltr'>τοῖς</span> <span class='ocrx_word' id='word_1_758' title='bbox 2930 4575 3347 4644; x_wconf 85' lang='grc' dir='ltr'>σημαινομένοις</span> <span class='ocrx_word' id='word_1_759' title='bbox 3371 4575 3642 4646; x_wconf 81' lang='grc' dir='ltr'>ὑπάρχειν</span> <span class='ocrx_word' id='word_1_760' title='bbox 3667 4589 3678 4601; x_wconf 90' lang='grc'><strong>·</strong></span> <span class='ocrx_word' id='word_1_761' title='bbox 3712 4569 3789 4624; x_wconf 69' lang='grc' dir='ltr'>καὶ</span> 
     </span>
    </p>
   </div>
   <div class='ocr_carea' id='block_1_104' title="bbox 2250 4665 3786 4736">
    <p class='ocr_par' dir='ltr' id='par_1_104' title="bbox 2250 4665 3786 4736">
     <span class='ocr_line' id='line_1_104' title="bbox 2250 4665 3786 4736; baseline 0 -19"><span class='ocrx_word' id='word_1_762' title='bbox 2250 4665 2700 4734; x_wconf 84' lang='grc' dir='ltr'>συλλογισαμένου</span> <span class='ocrx_word' id='word_1_763' title='bbox 2749 4665 2836 4718; x_wconf 77' lang='grc' dir='ltr'><strong>διὰ</strong></span> <span class='ocrx_word' id='word_1_764' title='bbox 2883 4667 2980 4736; x_wconf 90' lang='grc' dir='ltr'><strong>τῆς</strong></span> <span class='ocrx_word' id='word_1_765' title='bbox 3017 4667 3122 4718; x_wconf 83' lang='grc' dir='ltr'>τῶν</span> <span class='ocrx_word' id='word_1_766' title='bbox 3154 4666 3413 4718; x_wconf 84' lang='grc' dir='ltr'>τεθέντων</span> <span class='ocrx_word' id='word_1_767' title='bbox 3448 4667 3786 4727; x_wconf 75' lang='grc' dir='ltr'>ἀκολουθίας,</span> 
     </span>
    </p>
   </div>
   <div class='ocr_carea' id='block_1_105' title="bbox 2245 4757 3786 4832">
    <p class='ocr_par' dir='ltr' id='par_1_105' title="bbox 2245 4757 3786 4832">
     <span class='ocr_line' id='line_1_105' title="bbox 2245 4757 3786 4832; baseline -0.002 -20"><span class='ocrx_word' id='word_1_768' title='bbox 2245 4760 2323 4812; x_wconf 80' lang='grc' dir='ltr'><strong>ὅτι</strong></span> <span class='ocrx_word' id='word_1_769' title='bbox 2353 4759 2624 4826; x_wconf 84' lang='grc' dir='ltr'>ἀναλόγως</span> <span class='ocrx_word' id='word_1_770' title='bbox 2661 4763 2724 4828; x_wconf 82' lang='grc' dir='ltr'>τῇ</span> <span class='ocrx_word' id='word_1_771' title='bbox 2767 4759 3060 4830; x_wconf 77' lang='grc' dir='ltr'>ἀγεννησίᾳ</span> <span class='ocrx_word' id='word_1_772' title='bbox 3114 4760 3206 4811; x_wconf 75' lang='grc' dir='ltr'><strong>καὶ</strong></span> <span class='ocrx_word' id='word_1_773' title='bbox 3253 4762 3318 4828; x_wconf 82' lang='grc' dir='ltr'>τῇ</span> <span class='ocrx_word' id='word_1_774' title='bbox 3372 4763 3662 4832; x_wconf 82' lang='grc' dir='ltr'>γεννήσει,</span> <span class='ocrx_word' id='word_1_775' title='bbox 3710 4757 3786 4811; x_wconf 79' lang='grc' dir='ltr'><strong>τοὺ</strong></span> 
     </span>
    </p>
   </div>
   <div class='ocr_carea' id='block_1_106' title="bbox 2246 4849 3786 4922">
    <p class='ocr_par' dir='ltr' id='par_1_106' title="bbox 2246 4849 3786 4922">
     <span class='ocr_line' id='line_1_106' title="bbox 2246 4849 3786 4922; baseline 0.001 -21"><span class='ocrx_word' id='word_1_776' title='bbox 2246 4849 2512 4922; x_wconf 80' lang='grc' dir='ltr'>πατρικοῦ</span> <span class='ocrx_word' id='word_1_777' title='bbox 2547 4851 2719 4918; x_wconf 73' lang='grc' dir='ltr'>φωτὸς</span> <span class='ocrx_word' id='word_1_778' title='bbox 2754 4851 2882 4920; x_wconf 75' lang='grc' dir='ltr'>πρὸς</span> <span class='ocrx_word' id='word_1_779' title='bbox 2928 4852 2987 4903; x_wconf 77' lang='grc' dir='ltr'>τὸ</span> <span class='ocrx_word' id='word_1_780' title='bbox 3018 4851 3110 4902; x_wconf 78' lang='grc' dir='ltr'>τοῦ</span> <span class='ocrx_word' id='word_1_781' title='bbox 3157 4851 3283 4903; x_wconf 78' lang='grc' dir='ltr'><strong>Υίοῦ</strong></span> <span class='ocrx_word' id='word_1_782' title='bbox 3316 4854 3786 4922; x_wconf 73' lang='grc' dir='ltr'>παραλλάσσοντος,</span> 
     </span>
    </p>
   </div>
   <div class='ocr_carea' id='block_1_107' title="bbox 2244 4938 3786 5010">
    <p class='ocr_par' dir='ltr' id='par_1_107' title="bbox 2244 4938 3786 5010">
     <span class='ocr_line' id='line_1_107' title="bbox 2244 4938 3786 5010; baseline -0.002 -18"><span class='ocrx_word' id='word_1_783' title='bbox 2244 4941 2454 5010; x_wconf 81' lang='grc' dir='ltr'>ἀνάγκη</span> <span class='ocrx_word' id='word_1_784' title='bbox 2508 4944 2654 4994; x_wconf 74' lang='grc' dir='ltr'>πᾶσα</span> <span class='ocrx_word' id='word_1_785' title='bbox 2719 4941 2790 5010; x_wconf 84' lang='grc' dir='ltr'>μὴ</span> <span class='ocrx_word' id='word_1_786' title='bbox 2839 4941 3126 4994; x_wconf 75' lang='grc' dir='ltr'>ἐλάττωσιν</span> <span class='ocrx_word' id='word_1_787' title='bbox 3174 4942 3347 5010; x_wconf 75' lang='grc' dir='ltr'>φωτὸς</span> <span class='ocrx_word' id='word_1_788' title='bbox 3398 4944 3491 4994; x_wconf 75' lang='grc' dir='ltr'>ἐπὶ</span> <span class='ocrx_word' id='word_1_789' title='bbox 3548 4943 3641 4995; x_wconf 84' lang='grc' dir='ltr'><strong>τοὺ</strong></span> <span class='ocrx_word' id='word_1_790' title='bbox 3679 4938 3786 4993; x_wconf 85' lang='grc' dir='ltr'><strong>Υἱοῦ</strong></span> 
     </span>
    </p>
   </div>
   <div class='ocr_carea' id='block_1_108' title="bbox 2243 5032 3789 5105">
    <p class='ocr_par' dir='ltr' id='par_1_108' title="bbox 2243 5032 3789 5105">
     <span class='ocr_line' id='line_1_108' title="bbox 2243 5032 3789 5105; baseline -0.002 -19"><span class='ocrx_word' id='word_1_791' title='bbox 2243 5032 2536 5102; x_wconf 86' lang='grc' dir='ltr'>νοηθῆναι,</span> <span class='ocrx_word' id='word_1_792' title='bbox 2568 5032 2699 5085; x_wconf 81' lang='grc' dir='ltr'>ἀλλὰ</span> <span class='ocrx_word' id='word_1_793' title='bbox 2747 5033 2982 5104; x_wconf 73' lang='grc' dir='ltr'>παντελῆ</span> <span class='ocrx_word' id='word_1_794' title='bbox 3021 5034 3385 5105; x_wconf 76' lang='grc' dir='ltr'>ἀλλοτρίωσιν.</span> <span class='ocrx_word' id='word_1_795' title='bbox 3432 5037 3524 5097; x_wconf 85' lang='grc' dir='ltr'>Ὠς</span> <span class='ocrx_word' id='word_1_796' title='bbox 3565 5041 3670 5104; x_wconf 64' lang='grc' dir='ltr'><strong>γὰρ</strong></span> <span class='ocrx_word' id='word_1_797' title='bbox 3709 5034 3789 5084; x_wconf 84' lang='grc' dir='ltr'><strong>οὑκ</strong></span> 
     </span>
    </p>
   </div>
   <div class='ocr_carea' id='block_1_109' title="bbox 2242 5124 3787 5198">
    <p class='ocr_par' dir='ltr' id='par_1_109' title="bbox 2242 5124 3787 5198">
     <span class='ocr_line' id='line_1_109' title="bbox 2242 5124 3787 5198; baseline 0 -21"><span class='ocrx_word' id='word_1_798' title='bbox 2242 5126 2385 5177; x_wconf 79' lang='grc' dir='ltr'>ἔστιν</span> <span class='ocrx_word' id='word_1_799' title='bbox 2416 5128 2586 5182; x_wconf 76' lang='grc' dir='ltr'>εἰπεῖν</span> <span class='ocrx_word' id='word_1_800' title='bbox 2611 5127 2902 5198; x_wconf 75' lang='grc' dir='ltr'>ὑφιεμένην</span> <span class='ocrx_word' id='word_1_801' title='bbox 2948 5128 3266 5198; x_wconf 85' lang='grc' dir='ltr'>ἀγεννησίαν</span> <span class='ocrx_word' id='word_1_802' title='bbox 3296 5124 3430 5180; x_wconf 73' lang='grc' dir='ltr'>εἶναι</span> <span class='ocrx_word' id='word_1_803' title='bbox 3475 5129 3580 5198; x_wconf 80' lang='grc' dir='ltr'><strong>τὴν</strong></span> <span class='ocrx_word' id='word_1_804' title='bbox 3623 5128 3787 5196; x_wconf 76' lang='grc' dir='ltr'>γέννη-</span> 
     </span>
    </p>
   </div>
   <div class='ocr_carea' id='block_1_110' title="bbox 2243 5217 3787 5289">
    <p class='ocr_par' dir='ltr' id='par_1_110' title="bbox 2243 5217 3787 5289">
     <span class='ocr_line' id='line_1_110' title="bbox 2243 5217 3787 5289; baseline -0.002 -20"><span class='ocrx_word' id='word_1_805' title='bbox 2243 5234 2351 5269; x_wconf 90' lang='grc' dir='ltr'>σιν·</span> <span class='ocrx_word' id='word_1_806' title='bbox 2388 5217 2522 5270; x_wconf 84' lang='grc' dir='ltr'>ἀ).λά</span> <span class='ocrx_word' id='word_1_807' title='bbox 2555 5218 2776 5270; x_wconf 78' lang='grc' dir='ltr'>καθόλου</span> <span class='ocrx_word' id='word_1_808' title='bbox 2823 5219 3098 5289; x_wconf 81' lang='grc' dir='ltr'>διέστηκεν</span> <span class='ocrx_word' id='word_1_809' title='bbox 3137 5219 3484 5282; x_wconf 80' lang='grc' dir='ltr'>ἀντιθετικῶς</span> <span class='ocrx_word' id='word_1_810' title='bbox 3521 5223 3616 5274; x_wconf 82' lang='grc' dir='ltr'>ἀπ’</span> <span class='ocrx_word' id='word_1_811' title='bbox 3651 5217 3787 5283; x_wconf 69' lang='grc' dir='ltr'>ἀλλή-</span> 
     </span>
    </p>
   </div>
   <div class='ocr_carea' id='block_1_111' title="bbox 2239 5311 3784 5383">
    <p class='ocr_par' dir='ltr' id='par_1_111' title="bbox 2239 5311 3784 5383">
     <span class='ocr_line' id='line_1_111' title="bbox 2239 5311 3784 5383; baseline -0.001 -20"><span class='ocrx_word' id='word_1_812' title='bbox 2239 5311 2343 5364; x_wconf 89' lang='grc' dir='ltr'><strong>λων</strong></span> <span class='ocrx_word' id='word_1_813' title='bbox 2372 5311 2439 5364; x_wconf 83' lang='grc' dir='ltr'><strong>τά</strong></span> <span class='ocrx_word' id='word_1_814' title='bbox 2471 5314 2838 5382; x_wconf 83' lang='grc' dir='ltr'>σημαινόμενα</span> <span class='ocrx_word' id='word_1_815' title='bbox 2865 5313 2962 5380; x_wconf 85' lang='grc' dir='ltr'><strong>τῆς</strong></span> <span class='ocrx_word' id='word_1_816' title='bbox 2991 5313 3309 5380; x_wconf 82' lang='grc' dir='ltr'>ἀγεννησίας</span> <span class='ocrx_word' id='word_1_817' title='bbox 3347 5315 3438 5365; x_wconf 76' lang='grc' dir='ltr'><strong>καὶ</strong></span> <span class='ocrx_word' id='word_1_818' title='bbox 3482 5315 3583 5383; x_wconf 82' lang='grc' dir='ltr'><strong>τῆς</strong></span> <span class='ocrx_word' id='word_1_819' title='bbox 3615 5311 3784 5381; x_wconf 70' lang='grc' dir='ltr'>γεννή-</span> 
     </span>
    </p>
   </div>
   <div class='ocr_carea' id='block_1_112' title="bbox 2243 5399 3785 5475">
    <p class='ocr_par' dir='ltr' id='par_1_112' title="bbox 2243 5399 3785 5475">
     <span class='ocr_line' id='line_1_112' title="bbox 2243 5399 3785 5475; baseline -0.006 -13"><span class='ocrx_word' id='word_1_820' title='bbox 2243 5415 2376 5460; x_wconf 77' lang='grc' dir='ltr'>σεως</span> <span class='ocrx_word' id='word_1_821' title='bbox 2399 5413 2413 5426; x_wconf 89' lang='grc'><em>’</em></span> <span class='ocrx_word' id='word_1_822' title='bbox 2452 5399 2620 5463; x_wconf 61' lang='grc' dir='ltr'>οὕτως</span> <span class='ocrx_word' id='word_1_823' title='bbox 2657 5403 2703 5452; x_wconf 83' lang='grc' dir='ltr'>εἰ</span> <span class='ocrx_word' id='word_1_824' title='bbox 2741 5401 2836 5470; x_wconf 74' lang='grc' dir='ltr'>τὴν</span> <span class='ocrx_word' id='word_1_825' title='bbox 2871 5403 3033 5472; x_wconf 68' lang='grc' dir='ltr'>αὐτὴν</span> <span class='ocrx_word' id='word_1_826' title='bbox 3073 5404 3329 5473; x_wconf 83' lang='grc' dir='ltr'>φυλάσσοι</span> <span class='ocrx_word' id='word_1_827' title='bbox 3358 5405 3715 5475; x_wconf 59' lang='grc' dir='ltr'>παραλλαγὴν</span> <span class='ocrx_word' id='word_1_828' title='bbox 3737 5400 3785 5453; x_wconf 78' lang='grc' dir='ltr'><strong>τὸ</strong></span> 
     </span>
    </p>
   </div>
   <div class='ocr_carea' id='block_1_113' title="bbox 2241 5489 3783 5565">
    <p class='ocr_par' dir='ltr' id='par_1_113' title="bbox 2241 5489 3783 5565">
     <span class='ocr_line' id='line_1_113' title="bbox 2241 5489 3783 5565; baseline 0.003 -25"><span class='ocrx_word' id='word_1_829' title='bbox 2241 5489 2501 5559; x_wconf 87' lang='grc' dir='ltr'>πατρικὸν</span> <span class='ocrx_word' id='word_1_830' title='bbox 2528 5491 2638 5559; x_wconf 83' lang='grc' dir='ltr'>φῶς</span> <span class='ocrx_word' id='word_1_831' title='bbox 2665 5491 2797 5561; x_wconf 79' lang='grc' dir='ltr'>πρὸς</span> <span class='ocrx_word' id='word_1_832' title='bbox 2836 5493 2895 5544; x_wconf 82' lang='grc' dir='ltr'>τὸ</span> <span class='ocrx_word' id='word_1_833' title='bbox 2921 5496 2976 5545; x_wconf 79' lang='grc' dir='ltr'><strong>ὲν</strong></span> <span class='ocrx_word' id='word_1_834' title='bbox 3004 5493 3081 5563; x_wconf 81' lang='grc' dir='ltr'>τῷ</span> <span class='ocrx_word' id='word_1_835' title='bbox 3115 5495 3224 5565; x_wconf 79' lang='grc' dir='ltr'>Υἱῴ</span> <span class='ocrx_word' id='word_1_836' title='bbox 3245 5494 3534 5564; x_wconf 78' lang='grc' dir='ltr'>νοούμενον</span> <span class='ocrx_word' id='word_1_837' title='bbox 3569 5494 3680 5561; x_wconf 70' lang='grc' dir='ltr'>φῶς</span> <span class='ocrx_word' id='word_1_838' title='bbox 3697 5532 3711 5554; x_wconf 86' lang='grc'><em>,</em></span> <span class='ocrx_word' id='word_1_839' title='bbox 3733 5495 3783 5542; x_wconf 67' lang='grc' dir='ltr'>ἐκ</span> 
     </span>
    </p>
   </div>
   <div class='ocr_carea' id='block_1_114' title="bbox 2239 5582 3783 5660">
    <p class='ocr_par' dir='ltr' id='par_1_114' title="bbox 2239 5582 3783 5660">
     <span class='ocr_line' id='line_1_114' title="bbox 2239 5582 3783 5660; baseline 0.005 -28"><span class='ocrx_word' id='word_1_840' title='bbox 2239 5582 2335 5650; x_wconf 82' lang='grc' dir='ltr'><strong>τῆς</strong></span> <span class='ocrx_word' id='word_1_841' title='bbox 2368 5582 2682 5647; x_wconf 89' lang='grc' dir='ltr'>ἀκολουθίας</span> <span class='ocrx_word' id='word_1_842' title='bbox 2710 5586 2889 5638; x_wconf 86' lang='grc' dir='ltr'>οὑκέτι</span> <span class='ocrx_word' id='word_1_843' title='bbox 2942 5588 2969 5639; x_wconf 91' lang='grc' dir='ltr'><strong>ὀ</strong></span> <span class='ocrx_word' id='word_1_844' title='bbox 3003 5587 3124 5650; x_wconf 78' lang='grc' dir='ltr'>Υἱὸς</span> <span class='ocrx_word' id='word_1_845' title='bbox 3156 5584 3290 5642; x_wconf 74' lang='grc' dir='ltr'>εἶναι</span> <span class='ocrx_word' id='word_1_846' title='bbox 3337 5587 3783 5660; x_wconf 61' lang='grc' dir='ltr'>ὑποληφθήσετεέ,</span> 
     </span>
    </p>
   </div>
   <div class='ocr_carea' id='block_1_115' title="bbox 656 5733 2169 5831">
    <p class='ocr_par' dir='ltr' id='par_1_115' title="bbox 656 5734 2169 5814">
     <span class='ocr_line' id='line_1_115' title="bbox 656 5734 2169 5814; baseline 0.013 -23"><span class='ocrx_word' id='word_1_847' title='bbox 656 5737 698 5770; x_wconf 79' lang='grc'><strong>⁸⁸</strong></span> <span class='ocrx_word' id='word_1_848' title='bbox 729 5736 749 5792; x_wconf 87' lang='grc' dir='ltr'><strong>ι</strong></span> <span class='ocrx_word' id='word_1_849' title='bbox 813 5734 1000 5796; x_wconf 76' lang='lat' dir='ltr'><strong>Thess.</strong></span> <span class='ocrx_word' id='word_1_850' title='bbox 1045 5759 1115 5810; x_wconf 83' lang='lat' dir='ltr'><strong>iv,</strong></span> <span class='ocrx_word' id='word_1_851' title='bbox 1149 5744 1236 5799; x_wconf 85' lang='grc'><strong>16.</strong></span> <span class='ocrx_word' id='word_1_852' title='bbox 1314 5749 1356 5780; x_wconf 87' lang='grc'><strong>¹⁶</strong></span> <span class='ocrx_word' id='word_1_853' title='bbox 1385 5749 1403 5804; x_wconf 93' lang='grc'><strong>1</strong></span> <span class='ocrx_word' id='word_1_854' title='bbox 1435 5748 1574 5805; x_wconf 88' lang='lat' dir='ltr'><strong>Tim.</strong></span> <span class='ocrx_word' id='word_1_855' title='bbox 1606 5767 1664 5814; x_wconf 87' lang='grc' dir='ltr'><strong>ιι,</strong></span> <span class='ocrx_word' id='word_1_856' title='bbox 1699 5752 1784 5807; x_wconf 67' lang='lat' dir='ltr'><strong>ll.</strong></span> <span class='ocrx_word' id='word_1_857' title='bbox 1853 5755 1892 5785; x_wconf 86' lang='grc'><strong>¹⁷</strong></span> <span class='ocrx_word' id='word_1_858' title='bbox 1933 5755 2129 5813; x_wconf 87' lang='lat' dir='ltr'><strong>Genes.</strong></span> <span class='ocrx_word' id='word_1_859' title='bbox 2160 5771 2169 5810; x_wconf 86' lang='grc' dir='ltr'><strong>ι</strong></span> 
     </span>
    </p>
   </div>
   <div class='ocr_carea' id='block_1_116' title="bbox 2256 5733 2500 5831">
    <p class='ocr_par' dir='ltr' id='par_1_116' title="bbox 2282 5733 2500 5831">
     <span class='ocr_line' id='line_1_116' title="bbox 2282 5733 2500 5831; baseline 0.005 -19"><span class='ocrx_word' id='word_1_860' title='bbox 2282 5757 2331 5812; x_wconf 77' lang='grc'><strong>1.</strong></span> <span class='ocrx_word' id='word_1_861' title='bbox 2369 5733 2500 5831; x_wconf 74' lang='lat' dir='ltr'><strong>sqq.</strong></span> 
     </span>
    </p>
   </div>
  </div>
