4034 6474
280 376 392 434 895

1402 375 1676 431 CONTRA
1701 376 2085 440 EUNOMIUM,
2118 376 2242 431 LIB.
2276 375 2387 430 Xll.

3410 377 3512 433 θοι

284 488 482 557 ἐπίσης
514 487 680 556 αὐτῆς
714 504 771 540 τε
796 488 891 558 τῆς
924 488 1245 557 ἀγεννησίας
1278 489 1370 541 καὶ
1404 487 1496 539 τοῦ
1540 490 1658 541 κατ’
1684 489 1842 558 αὐτὴν

1951 488 2369 549 existimabitur,
2400 505 2461 541 ex
2492 502 2645 558 aaquo
2678 496 2787 540 tam
2826 489 2891 543 ab
2922 489 3040 559 ipso
3081 489 3315 558 ingenito
3354 506 3512 560 quam

284 580 464 647 φωτὸς
491 578 593 643 ἕξω
618 580 899 649 γινόμενος
924 597 934 608 ’
960 583 987 633 6
1015 580 1069 632 δὲ
1101 580 1226 633 ἄλλο
1248 597 1297 631 τι
1328 580 1472 649 παρά
1514 579 1572 631 16
1598 579 1711 649 φῶς
1749 580 1843 643 ὢν,

281 671 484 741 δηλαδὴ
518 671 652 741 πρὸς
700 673 761 725 τὸ
806 672 1171 740 ἀντικείμενον
1208 670 1419 732 οἰκείως
1449 671 1588 723 κατὰ
1632 671 1693 722 τὸ
1723 672 1848 724 ἀκό-

282 760 473 813 λουθον
516 760 645 825 ἐξει.
684 764 899 833 Ταύτης
940 762 1115 815 τοίνυν
1142 762 1239 832 τῆς
1272 762 1499 824 ἀτοπίας
1534 763 1597 813 ἐκ
1624 762 1729 813 τῶν
1762 780 1848 814 τε·

282 852 485 904 θέντων
523 854 887 923 ἀναφανείσης
911 893 925 916 ,
956 851 1203 905 ἀναλύειν
1242 854 1502 923 ἐπιχειρεί
1530 854 1557 904 6
1590 853 1846 921 Εὐνόμιος

278 941 404 1001 ταῖς
431 944 702 1009 τεχνικαῐς
733 941 935 1008 ἐφόδοις
974 940 1079 993 τῶν
1126 940 1451 1005 ἀποδείξεων
1474 984 1488 1007 ,
1520 942 1713 994 οὑτωσὶ
1764 942 1847 993 λέ-

281 1048 396 1098 γων
423 1048 435 1061 ο
478 1034 677 1101 ἰσμεν
722 1034 831 1101 γὰρ
856 1076 869 1098 ,
908 1034 1085 1101 ἴσμεν
1129 1034 1193 1085 τὸ
1248 1032 1372 1102 φῶς
1422 1034 1489 1086 τὸ
1536 1033 1842 1099 ἀληθινὸν,

281 1121 465 1189 ἴσμεν
510 1121 617 1173 τὸν
646 1123 938 1175 κτίσαντα
974 1120 1037 1173 τὸ
1093 1118 1217 1187 φῶς
1266 1121 1411 1187 μετὰ
1442 1120 1547 1172 τὸν
1587 1121 1847 1187 οὐρανὸν

280 1213 384 1265 καὶ
439 1211 557 1279 τὴν
610 1210 761 1281 γῆν·
794 1212 1145 1279 ἠκούσαμεν
1194 1209 1376 1277 αὐτῆς
1404 1210 1513 1277 τῆς
1562 1210 1708 1279 ζωῆς
1745 1212 1843 1264 καὶ

279 1304 570 1369 ἀληθείας
597 1302 853 1371 Χριστοῦ
896 1301 1178 1371 λέγοντος
1229 1302 1351 1367 τοῖς
1403 1302 1617 1355 ἑαυτοῦ
1659 1306 1845 1371 μαθη-

280 1394 442 1459 ταῖς·
482 1394 666 1462 Ύμεῒς
696 1394 836 1447 ἐστε
875 1393 941 1446 τὸ
973 1391 1095 1460 φῶς
1141 1392 1248 1445 τοῦ
1294 1395 1541 1461 κόσμου.
1574 1392 1845 1461 Μεμαθήο

281 1502 474 1555 καμεν
500 1486 657 1552 παρὰ
700 1486 805 1539 τοῦ
831 1484 1126 1552 μακαρίου
1162 1485 1405 1537 Παύλου
1450 1482 1574 1551 φῶς
1603 1484 1846 1551 ἀπρόσι-

280 1594 393 1631 τον
443 1576 832 1645 ὀνομάζοντος
864 1575 969 1628 τὸν
1016 1575 1112 1627 ἐπὶ
1157 1576 1395 1629 πάντων
1449 1574 1630 1637 Θεὸν.
1680 1574 1752 1642 τῇ
1783 1592 1845 1628 τε

282 1668 599 1735 προσθήκῃ
644 1666 1037 1734 διορίζοντος,
1087 1668 1183 1721 καὶ
1234 1667 1347 1733 τὴν
1391 1667 1698 1735 ὑπεροχὴν
1740 1668 1844 1721 τοῦ

282 1755 478 1826 φωτός
497 1754 976 1821 ἐκδιδάσκοντος.
1009 1752 1149 1809 Εἶτα
1190 1757 1489 1823 τοσαύτην
1525 1756 1713 1825 φωτὸς
1739 1772 1846 1809 πα-

1955 595 1983 631 a
2030 580 2231 633 lumine
2259 580 2400 649 quod
2448 580 2499 632 in
2540 580 2658 649 ipso
2706 590 2806 642 est,
2842 582 3089 636 seclusus
3127 589 3180 635 et
3224 591 3375 637 extra
3419 598 3515 652 po-

1955 669 2112 722 situs.
2145 667 2243 733 Qui
2300 676 2475 721 autem
2524 668 2666 721 aliud
2719 668 2847 737 quid
2896 685 3058 737 quam
3093 671 3272 725 lumen
3311 682 3414 737 est,
3448 689 3512 727 ex

1953 761 2341 827 consequentia
2370 760 2620 829 opposito
2653 763 2808 816 aliine
2856 759 3035 815 fuerit.
3073 760 3185 816 "ac
3233 764 3391 832 igitur
3427 763 3519 819 ab-

1954 849 2217 903 surditate
2266 866 2328 902 ex
2364 852 2551 918 positis
2585 852 2874 905 manifesto
2923 860 3232 920 apparente.
3274 862 3517 907 retexere

1952 951 2179 993 conatur
2218 938 2512 995 Eunomius
2550 941 2858 997 artiﬁciosis
2907 942 3362 998 insinuationibus
3416 943 3511 998 de-

1952 1031 2401 1085 monstrationem
2445 1032 2522 1085 sic
2565 1032 2752 1086 dicens
2796 1048 2809 1083 :
2868 1031 3075 1086 Scimus
3107 1034 3243 1086 enim
3284 1042 3332 1088 et
3378 1044 3513 1089 recte
3580 1104 3583 1109 η

1950 1122 2142 1175 scimus
2206 1122 2378 1175 lumen
2443 1138 2655 1185 verum,
2735 1124 2928 1176 scimus
2988 1140 3103 1177 eum
3166 1126 3252 1194 qui
3318 1125 3508 1178 creavit

1953 1215 2120 1267 lucem
2183 1225 2297 1281 post
2359 1214 2539 1266 caelum
2592 1224 2639 1266 et
2701 1224 2932 1278 terram,
2992 1214 3284 1269 audivimus
3341 1217 3511 1285 ipsam

1949 1305 2110 1357 vitam
2159 1313 2207 1356 et
2264 1304 2529 1357 ceritatem
2578 1302 2845 1357 Christum
2896 1307 3148 1359 dicentem
3196 1307 3305 1359 suis
3349 1306 3511 1361 disci-

1950 1394 2089 1462 pulis
2120 1409 2139 1446 :
2191 1391 2292 1445 Vos
2331 1393 2454 1445 estis
2508 1392 2598 1445 lux
2636 1392 2815 1445 mundi
2844 1393 2916 1457 ¹⁸;
2953 1394 3229 1448 didicimus
3258 1410 3322 1449 ea:
3364 1396 3512 1449 beato

1951 1484 2154 1545 Paulo,
2201 1483 2289 1552 qui
2330 1483 2494 1536 lucem
2536 1483 2946 1537 inaccessibilem
2980 1485 3023 1516 ¹⁹
3067 1486 3299 1539 nominat
3345 1485 3511 1539 Deum

1949 1578 2039 1645 qui
2075 1585 2152 1628 est
2201 1590 2354 1641 super
2402 1575 2578 1628 omnia
2615 1591 2633 1627 :
2682 1591 2743 1626 ac
2787 1575 3045 1642 ejusmodi
3089 1575 3376 1645 adjectione
3417 1576 3511 1631 de-

1950 1668 2137 1736 finiens
2165 1681 2317 1735 atque
2346 1666 2864 1733 superexcetlentiam
2906 1668 3037 1721 lucis
3072 1674 3282 1723 docens.
3314 1669 3511 1724 Deinde

1950 1774 2067 1809 cum
2132 1766 2331 1809 tantum
2416 1757 2549 1809 lucis
2617 1755 2897 1808 discrimen
2967 1757 3350 1821 didicerimus,
3408 1775 3508 1811 non

277 1847 599 1913 ρωιῖλαγὴν
645 1847 1050 1914 μεμαθηκότες
1079 1887 1093 1910 ,
1137 1848 1246 1899 οὐκ
1298 1847 1624 1915 ἀνεξόμεθα
1671 1847 1842 1915 μέχρι

1952 1846 2319 1901 sustinebimus
2384 1862 2446 1900 ne
2514 1847 2718 1916 quidem
2780 1863 2937 1915 usque
2998 1849 3065 1901 ad
3122 1850 3308 1903 exilem
3356 1850 3510 1902 audio

283 1934 471 2003 ψιλῆς
512 1936 655 2005 γοῦν
688 1935 906 2003 ἀκοῆς,
936 1934 1049 2002 τὴν
1094 1934 1287 2003 αὐτὴν
1334 1932 1482 1988 εἶναι
1535 1937 1725 2004 φωτὸς
1758 1937 1847 1989 ἐν·

284 2043 494 2090 νοιαν;
534 2022 678 2096 Ἀρα
714 2026 1025 2090 σπουδάζων
1054 2030 1123 2081 τα
1145 2026 1364 2080 τοιαῦτα
1394 2027 1480 2081 διὰ
1507 2028 1614 2080 τῶν
1644 2031 1845 2098 ἐπιχει-

287 2120 544 2187 ρημάτων
590 2117 728 2169 κατά
770 2118 869 2187 τῆς
919 2118 1171 2189 ἀληθείας
1236 2118 1693 2189 προϐάλλεταιςῆ
1748 2121 1846 2190 τῆς

281 2208 637 2279 ἀναισθησίας
664 2211 772 2262 τῶν
803 2210 1080 2279 ἑπομένων
1113 2209 1273 2263 αύτοῦ
1306 2214 1424 2274 ταῖς
1450 2210 1683 2275 ἀπάταις
1713 2212 1845 2265 ἀπο-

281 2301 659 2372 πειρώμενος;
688 2302 920 2371 Πότερον
946 2301 1196 2354 δύνανται
1224 2302 1449 2355 συνιδεῖν
1477 2302 1566 2354 τὸν
1588 2302 1842 2372 παιδιώδη

280 2395 690 2465 παραλογισμὸν
727 2394 821 2447 τοῦ
852 2393 1207 2463 σοφίσματος,
1238 2393 1270 2462 ἢ
1304 2393 1396 2446 καὶ
1428 2392 1559 2463 πρὸς
1583 2393 1679 2463 τὴν
1705 2391 1844 2444 οὕτω

280 2484 545 2557 πρόδηλον
571 2484 784 2553 ἀπάτην
809 2482 1247 2552 ἀναισθητοῦσιν;
1278 2482 1417 2550 Ἐγὼ
1441 2484 1537 2552 μὲν
1562 2484 1667 2551 γὰρ
1692 2478 1843 2552 οἶμαι

284 2576 488 2645 μηδένα
519 2574 688 2637 οὕτως
721 2576 944 2642 ἀνόητον
965 2612 980 2637 ,
1032 2573 1105 2635 ὡς
1150 2574 1222 2644 μὴ
1252 2573 1483 2626 συνιέναι
1513 2572 1609 2642 τὴν
1653 2574 1716 2624 ἐκ
1748 2572 1844 2641 τῆς

280 2666 600 2737 ὁμωνυμίας
638 2666 850 2734 ἀπάτην
871 2704 885 2727 ,
916 2665 981 2717 δι’
1011 2660 1077 2736 ἧς
1105 2668 1132 2717 6
1160 2664 1417 2731 Εὑνόμιος
1450 2664 1634 2715 ἐαυτόν
1666 2680 1721 2714 τε
1752 2663 1842 2714 καὶ

278 2761 407 2821 τοὺς
436 2760 555 2810 κατ’
584 2757 745 2811 αὑτὸν
783 2754 1203 2826 παρακρούεται,
1234 2755 1353 2815 Φῶς
1389 2756 1435 2805 oi
1464 2753 1718 2823 μαθηταὶ,
1747 2771 1842 2821 φη.

282 2854 402 2914 σὶν,
433 2848 863 2919 ὠνομάσθησαν,
905 2847 1018 2915 φῶς
1072 2847 1127 2898 δὲ
1178 2844 1390 2912 λέγεται
1441 2846 1533 2896 καὶ
1590 2845 1648 2896 16
1686 2845 1741 2896 ἐν
1773 2846 1837 2914 τῇ

280 2944 457 2996 κτίσει
483 2940 792 3009 γενόμενον.
829 2934 958 2991 Εἶτα
1018 2936 1099 2999 τίς
1137 2938 1234 2988 οὐκ
1267 2933 1401 2988 οἶδεν
1436 2936 1515 2987 ὅτι
1549 2936 1715 3003 ὄνομα
1747 2935 1841 3003 μό-

280 3052 371 3086 νον
407 3035 462 3086 ἐν
492 3031 701 3092 τούτοις
738 3030 851 3081 ἐστὶ
885 3028 1057 3081 κοινόν
1086 3044 1098 3057 ·
1134 3025 1196 3078 16
1225 3027 1280 3079 δὲ
1327 3026 1717 3096 σημαινόμενον
1756 3026 1839 3092 ἐφ’

280 3124 541 3193 ἐκατέρου
568 3121 853 3190 διὰφορον;
883 3120 953 3170 T6
982 3118 1078 3188 μὲν
1109 3117 1213 3188 γὰρ
1242 3116 1461 3188 ἡλιακὸν
1490 3117 1633 3185 φῶς,
1668 3116 1840 3185 ὄψεώς

280 3218 399 3267 ἐστι
431 3212 779 3283 διακριτικὸν,
819 3213 845 3263 6
877 3210 931 3262 δέ
964 3211 1059 3279 τῆς
1091 3209 1429 3273 διδασκαλίας
1454 3208 1560 3261 τῶν
1593 3208 1842 3278 μαθητῶν
1870 3196 1911 3252 (ἶ

279 3303 439 3370 λόγος
463 3342 477 3365 ,
515 3303 631 3363 ταῖς
678 3300 874 3367 ψυχαῖς
906 3299 994 3350 16v
1031 3298 1306 3367 φωτισμὸν
1337 3301 1433 3369 τῆς
1464 3298 1717 3369 ἀληθείας
1756 3300 1843 3351 ἐν-

278 3394 509 3463 τίθησιν.
535 3393 596 3444 Ei
639 3391 735 3460 μὲν
766 3386 856 3442 οὖν
898 3389 1095 3457 ταύτην
1138 3390 1230 3443 καὶ
1259 3390 1343 3442 ἐπ’
1377 3390 1583 3442 ἐκείνου
1610 3389 1702 3442 τοῦ
1729 3407 1842 3457 φω-

278 3482 373 3543 τὸς
402 3482 494 3546 τὴν
524 3481 781 3549 διαφορὰν
810 3476 948 3531 οἶδεν
971 3495 982 3508 ο
1015 3478 1089 3541 ὡς
1126 3479 1185 3531 τὸ
1211 3480 1308 3548 μὲν
1339 3478 1585 3549 σώματος
1615 3478 1839 3543 οἴεσθαι,

278 3572 340 3623 16
394 3570 447 3622 δὲ
484 3569 661 3639 ψυχῆς
714 3564 852 3621 εἶναι
890 3567 1039 3637 φῶς,
1098 3568 1276 3620 ούκέτι
1324 3570 1455 3638 ἡμῖν
1508 3568 1655 3622 ἔσται
1710 3568 1844 3638 πρὸς

280 3665 444 3718 αὑτὸν
480 3663 635 3731 λόγος
672 3662 876 3724 οὐδεὶς,
926 3662 1091 3729 αὐτῆς
1143 3661 1242 3731 τῆς
1275 3662 1565 3729 ἀπολογίας
1602 3664 1694 3715 καὶ
1738 3662 1843 3731 πρὸ

278 3754 388 3807 τῶν
422 3753 702 3823 ἡμετέρων
750 3750 911 3803 αὑτὸν
967 3750 1137 3817 λόγων
1182 3750 1628 3821 κατακρινούσης.
1670 3752 1731 3803 Εί
1785 3751 1841 3803 δὲ

278 3846 379 3915 τὴν
406 3844 661 3913 τοιαύτην
706 3844 791 3895 ἐπ’
827 3842 1033 3894 ἐκείνου
1072 3840 1163 3894 τοῦ
1197 3842 1369 3911 φωτὸς
1412 3842 1669 3911 διαφορὰν
1701 3841 1839 3896 κατά

278 3934 373 3987 τὸν
402 3933 502 4002 τῆς
548 3932 823 4002 ἐνεργείας
871 3932 1067 4001 τρόπον
1098 3931 1273 4001 εὑρεῖν
1313 3931 1409 3983 οὐκ
1446 3931 1592 4000 ἔχει’
1644 3932 1703 3984 ού
1734 3932 1841 4002 γάρ

281 4024 343 4078 τὺ
385 4024 482 4095 μὲν
505 4022 800 4093 ὀφθαλμῶν
822 4022 1019 4093 σαρκὸς
1038 4064 1051 4087 ,
1086 4022 1145 4074 τὸ
1175 4022 1229 4074 δὲ
1259 4022 1490 4085 διανοίας
1522 4023 1637 4075 ἐστὶ
1676 4040 1840 4092 φωτιο

284 4116 497 4168 στικόν·
544 4114 677 4167 ἀλλὰ
718 4114 813 4183 μία
849 4113 942 4165 καὶ
982 4112 1170 4165 τούτου
1201 4113 1449 4167 κάκείνου
1480 4112 1570 4167 τοῦ
1602 4114 1775 4183 φωτὸς
1804 4117 1837 4184 ὴ

279 4206 531 4273 ἐνέργεια
556 4205 647 4256 ἐπὶ
684 4203 791 4255 τῶν
822 4203 999 4255 αὐτῶν
1039 4203 1405 4273 ἐνεργουμένη
1432 4221 1444 4234 ·
1478 4202 1591 4267 πῶς
1618 4203 1704 4257 διὰ
1731 4203 1839 4257 τῶν

278 4296 519 4367 ἡλιακῶν
548 4294 779 4348 ἀκτίνων
830 4294 923 4347 καὶ
979 4293 1085 4346 τῶν
1123 4292 1489 4346 ἀποστολικῶν
1535 4293 1707 4362 λόγων
1730 4334 1745 4359 ,
1778 4296 1839 4348 16

278 4387 655 4458 παρηλλάχθαι
703 4386 763 4439 16
805 4386 1086 4456 μονογενὲς
1133 4386 1247 4453 φῶς
1293 4386 1427 4456 πρὸς
1476 4386 1535 4439 τὸ
1578 4388 1838 4457 πατρικὸν

279 4476 395 4545 φῶς
449 4476 867 4539 ἀποδείκνυσιν;
929 4474 1067 4527 Ἀλλ’
1115 4475 1144 4526 6
1196 4474 1296 4541 μὲν
1349 4475 1510 4538 Υἱὸς,
1563 4475 1832 4544 ἀληθινὸν,

278 4571 432 4639 φησὶ,
468 4568 682 4635 λέγεται
714 4567 826 4634 φῶς
847 4606 860 4628 ,
890 4567 919 4617 6
952 4566 1007 4617 δὲ
1037 4566 1251 4636 Πατὴρ,
1292 4567 1599 4637 ἀπρόσιτον.
1631 4567 1837 4620 Οὐκοῦν

277 4662 327 4713 oi
379 4659 784 4731 προσδιορισμοὶ
817 4659 914 4728 τὴν
948 4657 1087 4709 κατά
1115 4658 1176 4709 τὸ
1228 4660 1409 4727 μεῖζον
1449 4660 1705 4731 διαφορὰν
1745 4660 1838 4713 τοῦ

278 4751 545 4821 πατρικοῦ
579 4751 753 4817 φωτὸς
780 4748 1186 4819 ἑρμηνεύουσιν.
1220 4749 1379 4802 Ἀλλο
1406 4751 1512 4820 γάρ
1537 4768 1588 4803 τι
1618 4751 1679 4803 16
1706 4753 1838 4820 ἀλη-

278 4844 443 4905 θινὸν,
472 4843 564 4894 καὶ
594 4841 719 4894 ἄλλο
749 4841 808 4892 16
834 4841 1125 4911 ἀπρόσιτον
1154 4841 1345 4897 οἴεται.
1379 4838 1509 4894 Εἶτα
1560 4844 1640 4906 τίς
1671 4844 1839 4908 οὕτως

276 4932 480 5000 ἠλίθιος
500 4972 514 4995 ,
549 4931 622 4995 ὡς
666 4931 737 5001 μὴ
766 4933 991 4984 συνιδεῖν
1020 4932 1115 5002 τὴν
1143 4933 1250 4986 τῶν
1276 4934 1683 5002 σημαινομένων
1710 4937 1837 4989 ταύ-

274 5022 507 5090 τότητα;
539 5022 610 5073 Τὸ
641 5022 749 5089 γὰρ
776 5020 1026 5090 ἀληθινόν
1048 5038 1104 5073 τε
1134 5023 1223 5074 καὶ
1261 5022 1320 5074 16
1355 5022 1646 5091 ἀπρόσιτον
1672 5066 1685 5089 ,
1714 5026 1833 5078 ἐπί-

278 5132 377 5183 σης
412 5116 521 5175 τοῖς
554 5112 694 5165 κατά
732 5113 792 5164 τὸ
836 5114 1073 5165 ἐναντίον
1115 5114 1423 5183 νοουμένοις
1460 5115 1605 5167 ἐστὶν
1633 5117 1836 5187 ἀπροσ-

276 5203 577 5253 πέλαστον·
611 5202 686 5263 ὡς
718 5200 827 5271 γὰρ
878 5201 937 5253 τὸ
990 5200 1184 5271 ἀληθὲς
1230 5203 1328 5271 τὴν
1384 5202 1475 5255 τοῦ
1528 5202 1750 5271 ψεύδους
1777 5208 1835 5259 ού

276 5294 628 5363 προσδέχεται
674 5292 815 5361 μίξιν
840 5330 853 5351 ,
886 5291 1055 5353 οὕτως
1087 5291 1179 5343 καὶ
1208 5291 1267 5343 τὸ
1300 5293 1585 5361 ἀπρόσιτον
1622 5295 1712 5347 τὸν
1743 5295 1835 5349 τοῦ

277 5384 517 5436 ἐναντίου
582 5382 984 5453 προσεγγισμδν
1047 5384 1107 5433 ού
1158 5382 1459 5450 προσίεται.
1510 5386 1678 5456 Κακῷ
1728 5388 1835 5457 γὰρ

278 5474 493 5535 παντως
520 5473 809 5543 ἀπρόσιτόν
840 5475 952 5525 ἐστι
979 5473 1038 5525 16
1064 5474 1373 5542 ἀπρόσιτον.
1401 5475 1474 5526 Τὸ
1501 5474 1556 5528 δὲ
1588 5478 1679 5529 τοῦ
1704 5479 1833 5532 Υἱοῦ

277 5562 430 5629 φῶς,
466 5564 632 5617 κακὸν
682 5565 781 5617 οὐκ
834 5564 981 5617 ἔστι·
1020 5564 1134 5627 πῶς
1188 5564 1295 5635 γὰρ
1340 5568 1397 5618 ἐν
1441 5568 1604 5639 κακίᾳ
1650 5587 1732 5633 τις
1773 5573 1833 5626 16

356 5744 399 5777 ⁸⁸
435 5744 598 5797 Matth
656 5762 705 5807 γ,
744 5746 825 5800 Η.
898 5746 939 5775 ¹⁹
979 5744 999 5797 l
1041 5743 1177 5798 Tim.
1218 5760 1287 5809 VI,
1327 5744 1411 5797 16.

1958 1949 2067 1991 tum
2093 1937 2323 1991 eamdem
2367 1954 2477 1992 esse
2520 1938 2651 1991 lucis
2690 1938 2979 1990 notitiam?
3025 1941 3103 1992 An
3155 1940 3296 1994 serio
3346 1954 3510 2008 agens

1952 2031 2077 2083 talia
2096 2046 2188 2098 per
2206 2031 2698 2099 argumentationes
2722 2040 2908 2084 contra
2928 2032 3205 2085 veritatem
3226 2033 3513 2101 proponit?

1956 2134 2027 2173 an
2084 2130 2412 2174 seelatorum
2479 2134 2701 2173 suorum
2756 2128 3029 2188 stuporem
3105 2119 3218 2173 suis
3283 2119 3511 2176 fallaciis

1951 2213 2159 2267 tentat?
2198 2220 2379 2265 utrum
2412 2211 2627 2281 possint
2675 2212 2932 2281 puerilem
2968 2211 3381 2283 paralogismum
3423 2227 3512 2267 so-

1948 2304 2230 2373 phismatis
2250 2302 2543 2371 percipere,
2587 2316 2653 2355 an
2681 2302 2843 2356 etiam
2886 2300 2953 2355 ad
3001 2310 3110 2355 tam
3160 2302 3506 2373 perspicuum

1948 2409 2187 2448 errorem
2244 2402 2297 2445 et
2350 2392 2615 2446 fallaciam
2667 2392 2963 2446 hebescunt
3022 2408 3182 2448 sensu
3218 2393 3512 2449 carentes?

1948 2483 2207 2554 Equidem
2230 2484 2464 2537 arbitror
2493 2484 2760 2537 neminem
2793 2492 2901 2535 tam
2940 2490 3206 2538 amentem
3240 2491 3293 2537 et
3335 2485 3508 2554 stupio

1948 2576 2077 2631 dum
2103 2592 2243 2638 esse,
2285 2584 2341 2629 ut
2371 2592 2475 2629 non
2504 2591 2563 2629 ex
2596 2575 3023 2644 aaquivocatione
3068 2574 3328 2644 intelligat
3361 2590 3509 2629 erro-

1950 2682 2060 2719 rem
2095 2681 2188 2729 per
2208 2682 2364 2734 quem
2397 2676 2448 2719 et
2477 2666 2715 2735 seipsum
2740 2678 2975 2732 suosque
3002 2662 3262 2717 fallaciter
3278 2666 3509 2717 succutit

1948 2764 2002 2810 et
2054 2756 2263 2810 evertit.
2300 2754 2436 2818 Lux,
2486 2754 2681 2823 inquit,
2737 2752 2985 2821 discipuli
3037 2753 3297 2804 nominati
3348 2761 3505 2814 sunt;

1949 2847 2039 2900 lux
2065 2846 2225 2900 etiam
2255 2845 2451 2899 dicitur
2479 2859 2596 2915 qua:
2616 2846 2671 2898 in
2696 2843 2971 2897 creatione
3004 2841 3143 2895 facta
3168 2850 3269 2896 est.
3314 2841 3508 2897 Deinde

1948 2939 2068 3011 quis
2096 2953 2204 2992 non
2232 2936 2375 2992 videt
2405 2952 2598 2992 nomen
2628 2936 2801 2991 solum
2842 2936 2895 2989 in
2922 2936 3007 2990 his
3041 2950 3163 2989 esse
3198 2949 3505 2996 commune,

1946 3031 2307 3102 signiﬁcatum
2335 3046 2460 3085 vero
2498 3030 2552 3084 in
2578 3038 2808 3100 utroque
2846 3027 3099 3084 dill’erre?
3135 3026 3267 3080 Nam
3314 3026 3507 3081 solaris

1944 3124 2160 3194 quidem
2217 3124 2311 3177 lux
2358 3124 2508 3179 visus
2569 3133 2652 3179 est
2704 3122 3037 3185 discretiva;
3099 3135 3274 3175 sermo
3329 3128 3505 3172 autem

1944 3216 2204 3270 doctrina:
2248 3214 2634 3283 discipulorum
2678 3213 2875 3267 animis
2919 3211 3159 3266 veritatis
3192 3210 3507 3262 illustratio-

1945 3322 2066 3361 neut
2098 3307 2355 3361 immittit.
2378 3306 2435 3359 Si
2462 3306 2624 3376 igitur
2654 3306 2792 3359 hanc
2820 3306 2873 3357 in
2906 3304 2996 3358 illa
3021 3303 3136 3356 luce
3152 3300 3505 3355 diiIerentiam

1945 3401 2117 3461 novit,
2147 3408 2205 3452 ut
2244 3398 2387 3451 illam
2422 3398 2641 3466 quidem
2685 3395 2950 3465 corporis,
2982 3394 3121 3446 hanc
3159 3406 3285 3445 vero
3316 3390 3509 3444 anima:

1943 3490 2117 3543 lucem
2165 3504 2286 3543 esse
2334 3489 2627 3552 existimet,
2683 3488 2828 3541 nulla
2865 3485 3020 3540 nobis
3070 3498 3191 3538 cum
3240 3483 3359 3551 ipso
3401 3481 3506 3537 erit

1943 3580 2415 3651 disputatiozcum
2452 3581 2567 3649 ipsa
2618 3579 2864 3634 defensio
2908 3593 3017 3647 pra:
3062 3575 3266 3631 nostris
3296 3588 3506 3630 sermo-

1943 3670 2105 3724 nibus
2136 3670 2310 3739 ipsum
2340 3670 2678 3723 condemnet.
2710 3669 2863 3734 Quod
2900 3669 2943 3723 si
2977 3666 3136 3721 talem
3165 3666 3218 3719 in
3257 3666 3346 3718 illa
3388 3666 3508 3720 luce

1942 3760 2299 3821 differentiam
2334 3775 2398 3813 ex
2436 3760 2766 3829 operationis
2798 3757 2957 3811 modo
2999 3758 3244 3811 invenire
3270 3769 3378 3809 non
3411 3770 3494 3825 po-

1942 3859 2051 3905 test
2081 3866 2094 3903 :
2131 3864 2238 3903 non
2282 3849 2425 3901 enim
2453 3849 2543 3900 illa
2577 3848 2795 3917 quidem
2837 3848 3119 3901 oculorum
3150 3846 3353 3909 carnis,
3392 3846 3507 3899 haec

1940 3956 2069 3996 vero
2104 3941 2299 3995 mentis
2344 3949 2425 3995 est
2480 3940 2831 3993 illuminatrix
2876 3958 2890 3993 :
2947 3938 3041 3993 sed
3095 3952 3203 3991 una
3248 3937 3413 4005 hujus
3451 3946 3505 3990 et

1942 4032 2086 4086 illius
2109 4031 2247 4086 lucis
2292 4031 2532 4099 operatio
2561 4046 2679 4101 qure
2713 4032 2766 4085 in
2817 4028 3006 4085 iisdem
3040 4038 3292 4097 Operatur
3324 4046 3338 4082 :
3368 4043 3501 4097 quo-

1942 4122 2104 4177 modo
2133 4138 2228 4193 per
2278 4124 2483 4177 solares
2535 4123 2716 4177 radios
2750 4132 2801 4177 et
2839 4121 3164 4191 apostolicos
3223 4134 3504 4175 sermones

1942 4213 2211 4285 llnigeniti
2236 4214 2406 4268 lucem
2438 4229 2467 4267 a
2491 4214 2611 4267 luce
2637 4224 2857 4283 paterna
2896 4212 3098 4267 distare
3131 4211 3503 4266 demonstrat?

1942 4306 2047 4360 Sed
2080 4305 2247 4361 Filius
2277 4307 2491 4376 quidem
2527 4321 2652 4359 vera
2681 4306 2771 4359 lux
2807 4304 3025 4370 dicitur,
3072 4302 3229 4357 Pater
3253 4319 3383 4357 vero
3413 4305 3502 4359 lus

1939 4395 2213 4449 inaccessa
2262 4413 2274 4447 :
2329 4394 2673 4449 definitiones
2733 4394 2897 4462 igitur
2944 4392 3169 4461 adjecta:
3207 4395 3502 4448 secundum

1942 4489 2137 4557 majus,
2173 4487 2530 4542 differentiam
2561 4498 2797 4557 paterna:
2832 4486 2970 4540 lucis
3019 4485 3281 4539 denotant
3314 4504 3327 4539 :
3357 4485 3503 4540 aliud

1949 4580 2093 4633 enim
2128 4577 2258 4649 quid
2290 4593 2410 4633 esse
2436 4586 2589 4648 putat
2612 4592 2822 4639 verum,
2859 4574 3004 4629 aliud
3035 4575 3396 4631 inaccessum.
3436 4575 3506 4629 At

1941 4672 2065 4742 quis
2094 4673 2169 4725 ita
2218 4671 2450 4727 stolidus
2502 4679 2585 4726 est
2622 4655 2675 4725 et
2707 4684 2917 4731 vecors,
2970 4676 3029 4721 ut
3079 4682 3187 4722 non
3240 4666 3505 4735 intelligat

1941 4763 2365 4832 signiticatorum
2397 4764 2637 4817 eamdem
2668 4760 2936 4814 rationem
2965 4760 2987 4813 ἲ
3017 4758 3147 4813 Nam
3177 4760 3267 4813 lux
3299 4773 3424 4812 vera
3449 4767 3504 4811 et

1940 4854 2031 4908 lux
2063 4855 2341 4909 inaccessa
2380 4853 2652 4909 contraria
2698 4852 3055 4906 sentientibus
3108 4850 3386 4918 aequaliter
3418 4855 3498 4901 est

1939 4946 2218 4999 inaccessa
2250 4963 2263 4999 :
2298 4951 2366 4998 ‘ut
2409 4946 2552 5017 enim
2586 4958 2773 4997 verum
2811 4942 2931 4996 falsi
2958 4954 3066 4993 non
3102 4937 3340 4991 admittit
3401 4936 3497 4989 mi-

1934 5035 2188 5099 stionem,
2233 5038 2313 5089 sic
2336 5043 2390 5089 et
2433 5035 2771 5089 inaccessum
2802 5030 3061 5085 c0ntrarii
3102 5026 3499 5097 proximitatem

1933 5144 2042 5183 non
2080 5128 2309 5196 appetit.
2343 5126 2481 5179 Malo
2508 5126 2652 5180 enim
2684 5138 2909 5193 prorsus
2960 5122 3319 5177 inaccessum,
3351 5116 3500 5185 quod

1933 5226 2015 5272 est
2044 5218 2407 5272 inaccessum.
2430 5216 2541 5269 Lux
2566 5222 2745 5268 autem
2766 5213 2886 5267 Filii
2913 5212 3049 5265 mala
3071 5224 3178 5263 non
3214 5215 3333 5270 est;
3366 5222 3500 5271 quo-

1936 5308 2095 5360 r’nodo
2126 5308 2271 5360 enim
2323 5309 2376 5360 in
2425 5306 2557 5360 vitio
2590 5304 2715 5375 quis
2758 5318 2944 5357 verum
2987 5298 3203 5354 videat?
3245 5296 3502 5366 quoniam

1940 5398 2103 5469 igitur
2132 5415 2241 5453 non
2288 5401 2484 5453 malum
2532 5405 2616 5451 est
2647 5395 2868 5459 veritas,
2920 5406 3020 5447 nec
3068 5388 3285 5445 veritati
3329 5387 3501 5440 lucem

1938 5506 2060 5559 qua:
2091 5489 2145 5543 in
2175 5481 2337 5545 Patre
2376 5499 2490 5551 cst,
2516 5490 2851 5542 inaccessam
2887 5498 3009 5538 esse
3048 5480 3173 5551 quis
3194 5478 3412 5533 dixerit.
3442 5473 3507 5532 Si

1936 5579 2081 5633 enim
2138 5579 2417 5637 veritatem
2451 5586 2682 5641 arceret,
2726 5574 3011 5631 mendacio
3054 5580 3201 5627 certe
3262 5566 3503 5621 adhere-
