4034 6472
614 370 722 428 895

614 496 810 546 sceret.
834 487 983 542 Talis
1011 487 1155 543 enim
1186 487 1561 557 appositurum
1593 495 1807 551 natura,
1831 496 1890 541 ut
1922 490 1975 541 in
1995 489 2188 543 absen-

615 584 687 636 tia
724 582 985 646 melioris,
1015 580 1159 651 quod
1208 595 1276 633 ex
1315 581 1567 649 opposito
1625 580 1965 649 intelligitur,
2007 596 2188 650 appa—

614 680 747 727 reat.
784 670 843 725 Si
878 673 1042 741 igitur
1072 671 1195 741 quis
1238 668 1445 725 diceret
1476 672 1668 740 procul
1714 686 1744 723 a
1780 673 2055 725 contraria
2087 688 2186 741 op-

613 764 882 835 positione
908 765 1081 818 lucem
1116 780 1235 834 qua:
1282 764 1336 816 in
1370 762 1527 816 Patre
1579 772 1661 817 est
1700 764 2058 827 considerari,
2088 779 2183 832 ap-

612 856 787 926 posite
833 856 899 909 ad
963 857 1206 925 Apostoli
1259 864 1493 909 mentem
1550 856 1835 909 collimans
1892 856 2185 909 dictionem

612 947 905 1002 inaccessae
949 948 1086 1001 locis
1137 948 1607 1015 interpretaretur.
1666 945 1822 1010 Quod
1857 948 1903 1001 si
1960 961 1991 999 a
2042 946 2187 1000 bono

614 1038 992 1093 alienationem
1022 1038 1082 1090 τό
1107 1039 1420 1109 ἀπρόσιτον,
1455 1038 1799 1091 inaccessum
1840 1038 1989 1089 dicat
2017 1036 2186 1105 signi-

614 1129 797 1193 ﬁcare,
835 1130 968 1184 nihil
994 1130 1139 1183 aliud
1166 1145 1326 1199 quam
1357 1129 1535 1198 ipsum
1568 1128 1668 1183 sibi
1701 1128 1804 1197 ipsi
1831 1127 2111 1180 inimicum
2132 1134 2187 1181 et

613 1222 848 1276 alienum
882 1230 1151 1289 supponet
1172 1260 1187 1283 ,
1221 1228 1407 1289 utpote
1444 1219 1591 1289 quod
1624 1220 1823 1273 bonum
1852 1220 1922 1273 sit
1954 1229 2009 1273 et
2044 1220 2188 1273 bono

613 1316 943 1385 oppOsitum.
962 1314 1122 1382 Atqui
1149 1315 1250 1368 hoc
1270 1329 1334 1367 ex
1355 1327 1544 1366 eorum
1571 1319 1654 1367 est
1685 1326 1912 1366 numero
1931 1328 2050 1381 qua:
2074 1311 2188 1366 ﬁeri

613 1423 721 1460 non
778 1412 1025 1475 possunt.
1071 1404 1279 1459 Bonum
1316 1406 1458 1458 enim
1512 1405 1655 1457 bono
1695 1405 1963 1457 familiare
2012 1412 2098 1457 est
2132 1412 2188 1458 et

612 1502 865 1553 amicum.
896 1497 1015 1552 Haac
1044 1499 1209 1567 igitur
1246 1498 1337 1551 lux
1364 1512 1488 1551 cum
1518 1498 1609 1550 illa
1639 1513 1748 1550 non
1774 1496 2017 1551 dissidet.
2053 1494 2186 1549 Nam

610 1600 664 1645 et
703 1588 872 1645 Filius
903 1592 990 1645 lux
1023 1608 1169 1656 vera,
1212 1602 1264 1645 et
1294 1588 1456 1646 Pater
1511 1592 1601 1643 lux
1642 1599 1719 1644 est
1772 1590 2071 1645 inaccessa.
2098 1588 2190 1642 Di-

611 1683 780 1736 xerim
838 1683 1002 1736 etiam
1053 1684 1313 1737 audacter
1376 1681 1519 1752 quod
1585 1684 1677 1751 qui
1733 1684 2084 1735 alternavcrit
2133 1684 2188 1737 in

614 1785 844 1845 utroque
877 1776 1011 1829 tales
1041 1776 1451 1845 appellationes,
1488 1791 1597 1829 non
1626 1776 1918 1829 aherrahit.
1948 1773 2079 1827 Nam
2135 1784 2191 1827 et

611 1881 799 1920 verum
831 1874 915 1921 est
944 1867 1084 1920 l'also
1110 1867 1475 1930 inaccessum,
1524 1874 1578 1919 et
1619 1876 1811 1919 contra
1850 1866 2191 1919 inaccessum

614 1956 670 2012 in
699 1958 913 2011 sincera
956 1965 1011 2011 et
1059 1972 1194 2026 pura
1245 1957 1477 2011 veritate
1515 1957 2017 2025 comprehenditur.
2051 1954 2195 2026 Ergo

612 2048 754 2103 idem
779 2056 863 2104 est
889 2063 1079 2103 verum
1109 2058 1162 2103 et
1209 2049 1575 2103 inaccessum.
1616 2049 1883 2114 Quoniam
1921 2064 1985 2102 ex
2014 2064 2192 2117 :equo,

612 2154 723 2210 quo
752 2138 807 2193 in
837 2146 1068 2209 utroque
1116 2139 1474 2210 signiﬁcatur,
1511 2140 1653 2192 malo
1696 2150 1779 2194 est
1814 2140 2187 2193 inaccessum.

615 2232 789 2299 Quam
853 2232 1018 2302 igitur
1086 2232 1139 2285 in
1189 2231 1273 2287 his
1324 2229 1684 2285 dilierentiam
1734 2231 2193 2294 comminiscitur,

625 2327 718 2397 qui
752 2340 849 2395 per
881 2325 1021 2379 lucis
1055 2324 1538 2394 {equivocationem
1570 2323 1808 2391 seipsum
1855 2328 1908 2375 et
1938 2336 2067 2376 suos
2106 2336 2197 2373 au—

616 2415 821 2469 ditores
865 2414 1106 2484 decipit?
1166 2414 1271 2469 Sed
1323 2430 1499 2483 neque
1569 2415 1919 2466 inexcussum
1973 2421 2196 2480 praater-

618 2506 842 2559 ierimus
873 2506 1016 2574 quod
1050 2504 1291 2574 Apostoli
1334 2504 1552 2557 verbum
1578 2518 1675 2572 pro
1706 2519 1806 2557 suo
1831 2502 2055 2556 arbitrio
2073 2516 2197 2571 per-

616 2604 859 2661 vertens,
912 2604 970 2649 ut
1023 2596 1169 2650 illius
1221 2609 1529 2649 sermonem
1568 2595 1807 2662 exponit.
1849 2592 1987 2647 Dicit
2049 2596 2193 2647 enim

615 2682 837 2748 Paulus,
856 2688 944 2757 qui
961 2687 1126 2739 lucem
1143 2686 1345 2739 habitat
1369 2684 1775 2749 inaccessam";
1796 2686 2024 2739 multum
2050 2686 2195 2739 enim

616 2775 794 2830 differt
820 2814 835 2839 ,
876 2776 979 2830 hoc
1016 2778 1193 2841 ipsum
1225 2790 1368 2841 esse,
1395 2783 1447 2827 et
1484 2775 1539 2829 in
1574 2775 1758 2844 aliquo
1803 2791 1925 2829 esse
1972 2776 2191 2831 dicere:

617 2863 711 2932 qui
751 2862 893 2916 enim
949 2862 1085 2915 dixit
1136 2864 1313 2917 lucem
1358 2862 1615 2917 habitans
1665 2864 2024 2929 inaccessam,
2078 2865 2194 2934 ipsa

618 2942 973 3009 habitationis
1013 2970 1165 3017 voce,
1208 2971 1315 3009 non
1360 2955 1536 3024 ipsum
1586 2956 1866 3021 indicavit,
1920 2958 2013 3010 sed
2047 2958 2194 3026 quod

617 3046 671 3100 in
692 3046 839 3115 ipso:
864 3046 1011 3116 quod
1031 3047 1249 3117 quidem
1274 3047 1572 3103 secundum
1598 3056 1842 3100 nostrum
1864 3064 2194 3113 sermonem,

618 3137 762 3191 idem
798 3147 881 3191 est
909 3154 1030 3191 cum
1059 3139 1225 3193 verbo
1254 3140 1587 3209 evangelico,
1618 3140 1764 3208 quod
1798 3139 1931 3193 dicit
1964 3141 2017 3193 in
2048 3139 2192 3195 Filio

618 3224 830 3282 Patrem
862 3244 1014 3295 esse;
1045 3224 1218 3284 Filius
1249 3231 1391 3283 enim
1444 3238 1528 3284 est
1562 3230 1653 3283 lux
1685 3246 1809 3284 vera
1836 3246 1851 3294 ;
1906 3232 2187 3287 inaccessa

616 3331 798 3376 autem
837 3322 973 3376 falso
1009 3334 1092 3377 est
1130 3323 1373 3387 veritas;
1417 3322 1507 3374 lux
1560 3322 1844 3377 inaccessa
1894 3323 2061 3393 igitur
2104 3336 2189 3380 est

616 3406 787 3467 Filius
837 3412 889 3466 in
929 3427 1036 3482 quo
1083 3411 1243 3467 Pater
1276 3413 1502 3475 habitat,
1537 3415 1618 3468 vel
1663 3426 1813 3471 certe
1863 3417 1917 3471 in
1964 3434 2074 3488 quo
2103 3428 2187 3476 est

615 3498 797 3557 Pater.

1842 372 1901 425 S.
1963 370 2288 429 GREGOBII
2343 372 2634 429 NYSSENI

3701 385 3773 441 896

2216 496 2262 551 Α
2290 489 2539 562 ἀληθινὸν
2565 489 2745 558 βλέποι
2768 507 2782 554 ;
2826 488 2976 541 Ἐπεὶ
3003 484 3094 542 οὖν
3124 489 3182 541 ού
3217 490 3382 543 κακὸν
3415 492 3446 562 ἡ
3471 492 3680 565 ἀλήθεια,
3704 506 3772 557 οὐκ

2288 581 2352 633 ἄν
2378 595 2457 641 τις
2481 579 2571 630 καὶ
2602 580 2665 647 τῇ
2702 577 2926 647 ἀληθεία
2947 578 3007 631 τὸ
3036 580 3093 630 ὲν
3124 577 3201 648 τῷ
3228 580 3396 651 Πατρὶ
3426 582 3532 649 φῶς
3554 586 3776 658 ἀπρόσιτον

2288 668 2425 724 εἶναι
2468 671 2635 739 λέγοι.
2684 672 2745 724 Ei
2779 670 2885 739 γὰρ
2935 671 3240 723 ἀποσείοιτο
3288 672 3387 741 τὴν
3424 673 3683 745 ἀλήθειαν,
3725 686 3777 745 τῷ

2288 764 2473 832 ψευδεῖ
2522 764 2737 824 πάντως
2790 762 3255 832 συνενεχθήσεται.
3305 761 3530 835 Τοιαύτη
3577 770 3663 839 γὰρ
3705 774 3779 827 τῶν

2289 855 2733 925 ἀντικειμένωνή
2762 856 2921 923 φύσις
2940 896 2953 919 ,
2996 856 3071 918 ὡς
3101 858 3159 909 ὲν
3195 860 3259 927 τῇ
3292 857 3516 928 ἀπουσίᾳ
3542 860 3622 913 τοῦ
3651 866 3781 931 κρείτ-

2288 962 2437 1008 τονος
2459 986 2473 1008 ,
2523 947 2581 999 τὸ
2629 944 2687 1009 ἐξ
2718 946 2995 998 ἀντιθέτου
3024 946 3308 1016 νοούμενον
3334 948 3703 1015 ἀναφαίνεσθαι.
3741 954 3783 1005 Ei

2294 1038 2389 1107 μὲν
2429 1033 2521 1090 οὖν
2558 1055 2641 1100 τις
2672 1038 2817 1106 λέγοι
2866 1039 3051 1108 πόρρω
3090 1037 3191 1107 τῆς
3222 1038 3463 1101 ἐναντίας
3500 1041 3783 1110 παραθέσεως

2288 1130 2351 1181 τὸ
2386 1132 2439 1180 ὲν
2479 1130 2552 1199 τῷ
2585 1131 2755 1199 Πατρὶ
2790 1130 2901 1197 φῶς
2932 1128 3250 1199 Θεωρεῖσθαι
3272 1172 3285 1187 .
3316 1132 3693 1200 ἐστοχασμένως
3720 1138 3784 1189 τοῦ

2290 1218 2645 1271 ἀποστολικοῦ
2688 1219 3029 1291 βουλήματος
3074 1220 3397 1291 ἑρμηνεύσει
3428 1221 3517 1274 τοῦ
3554 1225 3785 1294 ἀπροσίτου

2289 1311 2389 1381 τὴν
2426 1311 2586 1377 λέξιν.
2623 1313 2683 1363 Ei
2734 1311 2790 1364 δὲ
2821 1313 2917 1382 τὴν
2953 1313 3086 1381 πρὸς
3140 1312 3199 1365 τὸ
3254 1314 3454 1381 ἀγαθὸν
3508 1313 3788 1384 ἀλλοτρίωσιν

2293 1401 2575 1469 σημαίνειν
2610 1403 2669 1453 τὸ
2698 1403 2987 1473 ἀπρόσιτον
3015 1403 3161 1471 λέγοι
3186 1443 3199 1465 ,
3231 1404 3382 1456 οὐδὲν
3414 1405 3585 1473 ’έτερον
3615 1406 3643 1475 ἢ
3672 1408 3789 1459 αὑτὸν

2291 1491 2468 1561 ἑαυτῷ
2499 1492 2687 1562 ἐχθρόν
2725 1512 2782 1545 τε
2820 1497 2908 1547 καὶ
2940 1494 3215 1565 ἀλλότριον
3259 1496 3579 1567 ὑποθήσεται
3641 1499 3792 1565 ἀγαθὸν

2291 1582 2439 1646 ὄντα,
2468 1586 2560 1636 καὶ
2594 1585 2778 1655 ἀγαθῴ
2806 1585 3192 1655 ἀντικείμενον.
3241 1588 3399 1641 Ἀλλά
3436 1588 3536 1659 μὴν
3561 1589 3693 1641 τοῦτο
3718 1592 3794 1644 τῶν

2296 1676 2591 1744 ἀμηχάνων
2646 1678 2778 1728 ἐστί.
2835 1677 2907 1729 Τὸ
2955 1678 3060 1749 γάρ
3107 1678 3306 1746 ἀγαθὸν
3365 1680 3571 1743 οἰκείως
3611 1682 3703 1750 ἔχει
3742 1685 3796 1752 τῷ

2296 1768 2504 1838 ἀγαθῷ.
2532 1770 2645 1821 Ούκ
2676 1770 2785 1839 ἀρα
2820 1769 2879 1821 τὸ
2908 1769 3022 1837 φῶς
3052 1770 3208 1823 τοῦτο
3250 1771 3387 1840 πρὸς
3430 1774 3595 1824 ἐκεῖνο
3637 1777 3795 1845 παρήλ-

2224 1842 2265 1896 Β
2294 1857 2507 1910 λακται.
2539 1858 2605 1911 Ὅ
2629 1879 2689 1914 τε
2714 1860 2817 1929 γὰρ
2859 1860 2986 1923 Υἱὸς
3036 1860 3150 1928 φῶς
3187 1860 3436 1930 ἀληθινὸν
3461 1901 3474 1924 ν
3506 1860 3533 1913 δ
3572 1881 3625 1914 τε
3654 1842 3796 1936 mit?

2297 1949 2410 2017 φῶς
2440 1952 2585 2001 ἐστιν
2616 1949 2929 2019 ἀπρόσιτον.
2962 1949 3182 2021 Εἷποιμι
3236 1951 3279 2003 δ’
3310 1952 3375 2004 ἂν
3404 1953 3797 2024 καταθαρσήσας,

2295 2041 2375 2093 ὅτι
2425 2041 2519 2094 καὶ
2558 2042 2586 2093 6
2636 2041 2993 2095 ὑπαλλάσσων
3026 2044 3110 2111 ἐφ’
3166 2044 3425 2114 ἐκατέρου
3462 2044 3556 2108 τὰς
3605 2046 3799 2109 τοιαύτας

2296 2133 2660 2203 προσηγορίας
2681 2172 2697 2197 ,
2731 2135 2829 2203 οὐχ
2853 2135 3250 2206 ἁμαρτήσεται.
3284 2136 3356 2188 Τό
3384 2154 3447 2188 τε
3484 2136 3583 2207 γὰρ
3610 2136 3800 2207 ἀληθινὸν

2296 2226 2586 2296 ἀπρόσιτόν
2620 2229 2735 2279 ἐστι
2764 2227 2840 2296 τῷ
2868 2227 3071 2295 ψεύδει,
3104 2228 3196 2281 καὶ¹
3221 2228 3280 2280 τὸ
3308 2229 3595 2299 ἀπρόσιτόν
3614 2246 3664 2283 τε
3687 2230 3798 2286 πάλιν

2295 2318 2351 2369 ὲν
2395 2318 2685 2387 ἀκραιφνεῖ
2730 2320 2794 2388 τῇ
2850 2318 3076 2387 ἀληθεία
3120 2319 3606 2388 καταλαμϐάνεται.
3648 2320 3803 2371 Οὖκόῦν

2294 2409 2455 2461 ταὺτὸ
2500 2408 2576 2479 τῷ
2609 2409 2844 2480 ἀληθινῷ
2894 2411 2953 2463 τὸ
2982 2412 3274 2480 ἀπρόσιτον
3297 2452 3311 2475 ,
3346 2412 3429 2464 ὃτι
3481 2413 3614 2464 κατά
3654 2409 3804 2465 τὸίσίν

2295 2500 2408 2551 ὲστι
2455 2499 2515 2551 τὸ
2544 2501 2600 2551 έν
2655 2495 2894 2571 ἑκατέρῳ
2930 2501 3321 2570 σημαινόμενον
3354 2500 3432 2569 τῷ
3479 2501 3622 2571 κακῷ
3650 2502 3805 2570 ἀπροσ-

2272 2589 2582 2643 πέλαστον.
2636 2589 2767 2645 Τίνα
2813 2587 2906 2644 οὖν
2948 2593 3005 2643 ἐν
3038 2592 3244 2654 τούτοις
3285 2595 3494 2645 ἐπινοεί
3536 2593 3626 2663 τὴν
3650 2594 3805 2658 παραλ-

2294 2681 2463 2752 λαγὴν
2484 2685 2511 2735 6
2533 2682 2732 2752 διά.τῆς
2755 2685 2861 2736 τῶν
2892 2684 3080 2753 φώτων
3107 2685 3421 2754 ὁμωνυμίας
3451 2684 3632 2737 ἑαυτόν
3664 2701 3711 2735 τε
3745 2684 3808 2735 καὶ

2294 2776 2418 2837 τοὺς
2445 2774 2565 2828 καθ’
2595 2776 2785 2829 ἑαυτὸν
2822 2776 3157 2844 φενακίζωνς
3206 2776 3363 2828 Ἀλλά
3409 2776 3545 2846 μηδὲ
3575 2775 3711 2829 τοῦτο
3739 2792 3807 2827 πα-

2300 2866 2664 2936 ραδράμωμεν
2691 2867 3039 2931 ἀνεξέταστον
3061 2908 3075 2931 ,
3108 2870 3189 2921 ὅτι
3237 2868 3613 2938 παραποιήσας
3639 2868 3721 2937 τὴν
3747 2865 3811 2918 τοῦ

2310 2960 2628 3015 ’Δποστόλου
2685 2964 2842 3033 ῥῆσιν
2876 2962 3015 3015 κατά
3055 2963 3114 3015 τὸ
3158 2960 3332 3031 ἑαυτῷ
3364 2961 3588 3024 δοκοῦν,
3623 2960 3688 3022 ὡς
3720 2960 3812 3028 παρ’

2296 3053 2505 3106 ἐκείνου
2542 3056 2635 3109 τὸν
2669 3056 2822 3123 λόγον
2845 3054 3129 3108 ἐκτίθεται.
3161 3054 3297 3125 Φησὶ
3325 3055 3431 3125 γὰρ
3467 3056 3495 3105 6
3522 3053 3735 3114 Παῦλος,
3758 3052 3815 3103 ὅτι

2298 3144 2427 3211 Φῶς
2454 3146 2632 3198 οίκῶν
2651 3148 2996 3215 ἀπρόσιτον
3034 3148 3277 3218 διαφέρει
3304 3147 3358 3200 δὲ
3386 3148 3524 3200 πολὺ
3546 3146 3601 3197 τὸ
3626 3144 3760 3197 αὑτὸν
3774 3142 3817 3195 τὸ

2296 3234 2432 3291 εἶναι
2453 3256 2466 3268 ·
2502 3239 2677 3291 καὶτὸ
2710 3239 2765 3291 ἐν
2808 3256 2912 3291 τινι
2946 3238 3123 3307 λέγειν
3161 3233 3320 3290 εἶναι.
3360 3237 3418 3290 '0
3451 3238 3558 3308 γὰρ
3590 3233 3734 3287 εἰπὼν
3761 3234 3818 3283 ὅτι

2296 3330 2411 3399 φῶς
2438 3331 2599 3383 οἰκῶν
2635 3332 2959 3402 ἀπρόσιτον,
3006 3333 3071 3401 τῇ
3110 3330 3210 3399 τῆς
3247 3331 3516 3398 οἰκήσεως
3557 3323 3821 3394 φωνῇ,οξικ

2294 3423 2454 3476 αὑτὸν
2488 3424 2807 3488 ἐνεδείξατο,
2837 3424 2975 3477 ἀλλά
3006 3424 3066 3476 τὸ
3093 3424 3220 3493 περὶ
3248 3420 3409 3473 αὑτὸν
3444 3421 3579 3489 ὅπερ
3607 3416 3709 3471 ἶσόν
3736 3416 3819 3466 ἐστι

2294 3515 2435 3569 κατά
2458 3516 2547 3569 τὸν
2575 3516 2837 3587 ἡμέτερον
2867 3515 3021 3584 λόγον
3061 3514 3141 3585 τῷ
3164 3511 3505 3582 εὐαγγελικῴ
3545 3512 3726 3581 ῥήματι
3765 3504 3820 3574 τῷ

2217 3192 2262 3251 C

616 3591 828 3661 λέγοντι
862 3595 917 3646 ὲν
946 3593 1021 3663 τῷ
1055 3593 1168 3664 Υίῴ
1199 3592 1289 3646 τὸν
1321 3595 1534 3663 Πατέρα
1567 3591 1723 3649 εἷναι.
1761 3598 1879 3661 Φῶς
1924 3599 2033 3671 γάρ
2061 3600 2310 3673 ἀληθινὸν
2355 3605 2383 3656 6
2414 3605 2542 3669 Υἱὸς
2566 3645 2581 3669 ,
2615 3607 2906 3677 ἀπρόσιτος
2944 3606 3001 3659 δὲ
3066 3605 3144 3676 τῷ
3207 3603 3388 3673 ψεύδει
3432 3603 3579 3655 ἐστὶν
3638 3603 3667 3669 ἡ
3726 3597 3821 3666 ἀλή-

619 3684 762 3737 θεια·
790 3685 903 3755 φῶς
932 3686 1220 3755 ἀπρόσιτον
1242 3686 1348 3758 ἀρα
1375 3688 1402 3739 6
1427 3687 1551 3751 Υίδς
1574 3728 1587 3751 ,
1611 3691 1668 3741 ὲν
1696 3684 1740 3757 ᾧ
1764 3693 1902 3744 οίκεί
1927 3694 1954 3745 6
1975 3692 2181 3765 Πατὴρ,

694 3778 801 3832 Sed
823 3780 876 3833 in
915 3777 1069 3832 vanis
1100 3787 1153 3832 et
1183 3779 1435 3833 inanibus
1462 3782 1743 3834 contendit
1767 3792 1820 3836 et
1842 3783 2009 3838 dicit:
2057 3804 2074 3835 ι
2109 3788 2187 3840 Ex

621 3871 757 3943 ipsis
785 3872 949 3925 rebus
976 3878 1029 3923 et
1063 3871 1285 3927 creditis
1313 3873 1572 3935 oraculis,
1609 3890 1796 3927 eorum
1846 3892 1968 3945 qua:
1996 3878 2190 3932 dicun-

622 3972 712 4019 tur
739 3963 895 4017 lidem
922 3964 1137 4032 praebeo
1162 3982 1174 4016 :
1207 3981 1224 4013 ι
1262 3963 1373 4017 hare
1402 3964 1569 4034 igitur
1595 3973 1676 4021 est
1698 3965 1816 4036 ejus
1845 3969 2187 4037 pollicitatio.

626 4054 722 4110 Sin
750 4063 927 4108 autem
969 4069 1068 4122 pro
1098 4051 1356 4124 dignitate
1394 4070 1581 4108 eorum
1626 4073 1744 4126 quae
1790 4058 2039 4128 promisit
2074 4076 2189 4114 ser-

626 4164 846 4203 monem
893 4148 1164 4218 producit,
1218 4149 1523 4220 intelligens
1554 4151 1793 4220 profecto
1835 4153 2053 4206 auditor
2099 4169 2193 4207 ex-

625 4241 880 4310 plorabit.
914 4238 1132 4301 Beatus,
1188 4240 1385 4309 inquit,
1433 4240 1686 4305 Joannes,
1722 4245 1775 4295 in
1799 4244 2057 4313 principio
2084 4262 2194 4299 esse

632 4330 856 4384 Verbum
903 4347 1018 4382 cum
1048 4330 1207 4391 dixit,
1250 4341 1298 4383 et
1342 4331 1436 4383 hoc
1491 4333 1650 4384 vitam
1700 4350 1816 4385 cum
1876 4335 2191 4400 appellavit:

629 4432 735 4475 tum
770 4438 885 4475 vero
925 4423 1083 4473 vitam
1126 4421 1289 4473 lucem
1319 4426 1641 4476 nominavit:
1683 4434 1730 4477 et
1762 4426 2039 4492 paululum
2068 4442 2191 4492 pro-

627 4528 857 4582 gressus,
908 4508 974 4562 Et
1026 4510 1235 4563 verbum
1276 4526 1397 4562 caro
1432 4513 1632 4580 factum
1661 4524 1758 4577 est,
1804 4517 1900 4567 ait.
1946 4512 2003 4568 Si
2032 4516 2195 4583 igitur

626 4614 701 4657 est
734 4606 864 4669 vita,
895 4614 944 4656 et
966 4604 1075 4656 vita
1094 4613 1172 4656 est
1224 4601 1466 4665 Verbum,
1495 4614 1543 4657 et
1582 4605 1798 4660 Verbum
1831 4624 1955 4660 caro
1991 4608 2193 4676 factum

625 4708 701 4752 est
718 4700 783 4761 “,
803 4699 922 4752 inde
939 4700 1273 4767 manifestum
1295 4700 1529 4767 efﬁcitur,
1546 4700 1683 4769 quod
1704 4700 1794 4751 lux
1810 4701 1859 4751 in
1880 4716 2036 4752 carne
2048 4699 2194 4768 facta

625 4802 723 4844 est.
751 4792 890 4857 Quid
922 4792 1121 4861 igitur?
1150 4791 1581 4860 quandoquidem
1605 4794 1691 4844 lux
1715 4800 1767 4845 et
1786 4792 1914 4856 vita,
1943 4801 1995 4846 et
2029 4792 2192 4855 Deus,

627 4892 681 4937 et
726 4881 957 4935 Verbum
990 4882 1042 4935 in
1075 4898 1237 4936 carne
1286 4883 1566 4953 apparuit,
1626 4883 1852 4951 ideoque
1884 4884 1951 4936 ab
1978 4900 2041 4938 ea
2073 4883 2195 4938 luce

628 4989 749 5043 qua:
788 4982 891 5037 est,
940 4974 995 5027 in
1031 4974 1189 5029 Patre
1223 4992 1347 5029 vera
1382 4977 1469 5028 lux
1513 4974 1707 5029 dill‘ert.
1746 4974 1886 5040 Quin
1925 4975 2087 5029 etiam
2124 4992 2193 5030 ex

630 5079 789 5118 sacro
819 5063 1107 5135 Evangelio
1140 5067 1512 5121 testimonium
1539 5068 1794 5129 sumitur,
1826 5067 1967 5135 quod
2022 5068 2075 5119 in
2123 5074 2197 5120 te-

632 5155 817 5208 nebris
850 5156 940 5209 lux
976 5173 1099 5210 cum
1141 5165 1306 5215 esset.
1339 5158 1623 5210 contrariae
1676 5168 1883 5208 natura:
1921 5158 2024 5207 inm
2044 5171 2197 5209 cessa

633 5244 1163 5304 mansit:Luxenitn
1198 5248 1251 5299 in
1285 5248 1529 5310 tenebris,
1563 5248 1758 5315 inquit,
1795 5246 1995 5309 illuxit,
2045 5257 2093 5299 et
2123 5258 2197 5300 te-

633 5337 804 5391 nebrw
836 5354 952 5391 eam
979 5356 1080 5391 non
1109 5339 1680 5406 comprehenderunt".
1709 5336 1763 5391 Si
1788 5338 1952 5406 igitur
1977 5337 2028 5389 in
2063 5353 2196 5391 con-

637 5428 863 5481 trarium
900 5438 1103 5482 mutata
1151 5438 1315 5491 esset,
1349 5439 1401 5481 et
1431 5444 1461 5481 a
1514 5428 1743 5497 caligine
1779 5430 1829 5481 in
1875 5437 2196 5498 potestatem

636 5522 853 5577 redacta
888 5522 1102 5588 fuisset,
1139 5523 1229 5575 lux
1266 5537 1385 5590 qua:
1416 5520 1517 5573 fuit
1562 5522 1613 5573 in
1646 5520 1903 5582 tenebris,
1959 5521 2195 5573 validum

636 5622 785 5670 esset
816 5614 884 5668 ad
916 5614 1434 5670 demonstrationem
1475 5614 1781 5668 volentibus
1820 5614 2197 5669 demonstrare

719 5798 761 5835 ³⁸
795 5796 814 5850 l
848 5794 988 5852 Tim.
1025 5813 1096 5867 \‘I,
1134 5796 1221 5852 16.
1296 5796 1339 5831 ³¹
1372 5793 1528 5853 Joan.
1574 5812 1611 5864 l,
1657 5796 1741 5851 li.
1820 5796 1862 5827 “
1899 5795 2028 5851 ibid.
2064 5793 2116 5849 5.

2220 3697 2334 3767 ἦτοι
2359 3701 2416 3751 ὲν
2443 3693 2487 3767 ᾧ
2518 3702 2664 3755 ἐστιν
2693 3703 2721 3753 6
2750 3701 2958 3770 Πατήρ.

2373 3791 2512 3844 Ἀλλ’
2542 3793 2922 3861 ἐναγωνίζεται
2950 3795 3060 3855 τοῖς
3086 3792 3351 3862 ματαίοις,
3378 3791 3474 3844 καί
3500 3807 3654 3859 φησιν
3679 3806 3689 3815 ·
3727 3806 3742 3836 ι
3762 3784 3824 3849 Ἐξ

2292 3882 2473 3935 αὐτῶν
2501 3884 2607 3936 τῶν
2645 3885 2984 3954 πραγμάτων
3023 3884 3115 3936 καὶ
3152 3883 3258 3935 τῶν
3298 3881 3730 3950 πεπιστευμένων
3761 3879 3824 3927 λο-

2292 3974 2427 4041 γίων
2448 3976 2753 4046 παρέχομαι
2784 3974 2892 4027 τῶν
2924 3975 3228 4044 λεγομένων
3261 3974 3357 4043 τὴν
3382 3974 3580 4026 πίστιν.
3608 3991 3624 4022 ι
3668 3972 3723 4022 Ἢ
3754 3969 3826 4038 μὲν

2292 4060 2383 4116 οὖν
2412 4066 2701 4134 ὑπόσχεσις
2739 4064 2875 4135 αὕτη
2894 4083 2906 4095 ο
2935 4066 2983 4116 εἰ
3034 4066 3089 4117 δὲ
3130 4065 3246 4117 κατ’
3274 4065 3427 4127 ἀξίαν
3462 4064 3568 4117 τῶν
3597 4061 3824 4130 ἐπηγγελ-

2298 4155 2471 4223 μένων
2505 4158 2733 4226 προάγει
2759 4156 2851 4207 τὸν
2879 4155 3033 4222 λόγον
3057 4193 3071 4216 ,
3098 4157 3125 4206 6
3151 4154 3369 4215 συνετὸς
3416 4154 3631 4215 πάντως
3663 4154 3828 4220 ἀκροα-

2293 4247 2392 4316 τὴς
2437 4248 2817 4316 ὲπισκοπήσει,
2865 4248 2917 4299 Ὁ
2965 4244 3290 4315 μακάριος,
3338 4247 3539 4312 φησιν,
3593 4243 3828 4305 Ἰωάννης

2294 4342 2363 4393 ἐν
2413 4339 2570 4408 ἀρχῇ
2618 4336 2770 4392 εἶναι
2826 4339 2933 4391 τὸν
2976 4340 3168 4406 Λόγον
3217 4336 3455 4405 φήσας.
3501 4336 3596 4389 καί
3656 4335 3830 4387 τοῦτον

2296 4429 2450 4496 ζωὴν
2483 4431 2856 4496 προσειπὼν,
2889 4430 3015 4482 εἶτα
3040 4428 3155 4495 τὴν
3192 4423 3515 4494 ζωὴν,ςρῶς
3530 4420 3800 4490 ὀνομάσας
3817 4461 3827 4483 ,

2292 4522 2509 4590 μικρὸν
2532 4523 2780 4587 ὑποϐὰς,
2805 4522 2961 4574 Καὶὸ
2985 4524 3174 4589 Λόγος
3199 4519 3353 4586 σὰρξ
3374 4517 3628 4587 ἐγένετο,
3651 4514 3824 4586 φησίν.

2226 4594 2269 4647 θ
2300 4617 2369 4668 El
2391 4614 2597 4666 τοίνυν
2632 4612 2698 4664 τὸ
2736 4613 2851 4680 μὲν
2890 4611 3015 4680 φῶς
3042 4613 3210 4663 ἐστιν
3238 4611 3274 4675 ή
3318 4608 3429 4676 ζωὴ
3456 4650 3469 4674 ,
3502 4612 3539 4676 ὴ
3572 4608 3636 4660 δὲ
3676 4605 3769 4670 ζωὴ
3802 4604 3826 4654 ό

2300 4706 2489 4771 Λόγος
2513 4745 2527 4767 ,
2556 4706 2587 4755 ὀ
2618 4702 2686 4754 δὲ
2713 4703 2900 4770 Λόγος
2940 4702 3095 4769 σὰρξ
3132 4699 3364 4770 ἐγένετο
3391 4742 3404 4763 ,
3434 4703 3682 4755 αὐτόθεν
3708 4699 3827 4765 γίνεο

2299 4810 2391 4846 ται
2420 4793 2696 4861 φανερὸν,
2733 4792 2821 4843 ὅτι
2847 4791 2910 4843 τὸ
2943 4790 3067 4859 φῶς
3104 4792 3172 4843 ἐν
3193 4792 3369 4858 σαρκὶ
3400 4790 3621 4860 γέγονε.
3647 4790 3704 4839 Τί
3726 4782 3829 4843 οὖνς

2314 4886 2529 4956 Ἐπειδὴ
2554 4884 2615 4938 τὸ
2651 4886 2763 4954 φῶς
2789 4886 2881 4935 καὶ
2916 4886 2947 4953 ή
2984 4884 3119 4953 ζωὴ,
3151 4884 3243 4935 κα)⁸
3272 4885 3298 4934 6
3331 4884 3461 4945 Θεὸς
3480 4924 3494 4945 ,
3522 4884 3614 4935 καὶ
3641 4884 3666 4933 6
3695 4879 3831 4944 Λόγος

2297 4982 2353 5032 ὲν
2384 4981 2545 5049 σαρκὶ
2603 4974 2917 5046 ἐφανερώθη
2944 5016 2958 5034 ,
3010 4975 3095 5027 διὰ
3120 4974 3275 5026 τοῦτο
3317 4974 3687 5044 παρήλλακται
3724 4969 3831 5039 πρὸς

2295 5073 2356 5124 τὸ
2392 5074 2449 5123 ὲν
2492 5070 2569 5139 τῷ
2598 5069 2772 5139 Πατρὶ
2796 5068 2911 5135 φῶς
2936 5067 2994 5119 τὸ
3022 5066 3271 5135 ἀληθινὸν
3300 5065 3433 5134 φῶς.
3459 5066 3565 5118 Καὶ
3596 5064 3693 5133 μὴν
3723 5075 3832 5130 μαρ-

2297 5165 2540 5231 τυρεῖται
2571 5160 2719 5229 παρά
2749 5159 2841 5211 τοῦ
2872 5157 3199 5225 Εὐαγγελίου
3219 5196 3233 5219 ,
3263 5157 3342 5208 ὅτι
3374 5157 3466 5209 καὶ
3492 5158 3548 5207 ὲν
3578 5155 3651 5223 τῷ
3684 5152 3831 5203 σκότει

2298 5256 2584 5323 γενόμενον
2611 5292 2625 5315 ,
2660 5251 2951 5321 ἀπρόσιτον
2990 5250 3170 5319 ἔμεινε
3210 5251 3275 5319 τῇ
3309 5248 3521 5317 ἐναντίᾳ
3562 5246 3746 5314 φύσει·
3779 5236 3832 5291 Τὸ

2300 5345 2407 5415 γὰρ
2433 5344 2557 5412 φῶς
2602 5344 2671 5395 ἐν
2708 5341 2782 5409 τῇ
2811 5342 3053 5407 σκοτίᾳ,
3107 5340 3268 5410 φησιν
3294 5381 3308 5404 ,
3359 5340 3591 5407 ἔλαμψε
3612 5376 3625 5399 ,
3683 5332 3770 5386 καὶ
3802 5328 3830 5392 τί

2300 5438 2511 5489 σκοτία
2542 5435 2685 5491 αὐτὸ
2723 5437 2794 5488 οὺ
2846 5432 3193 5486 κατέλαϐεν.
3223 5433 3283 5484 Ei
3335 5432 3434 5503 μὲν
3467 5427 3556 5483 οὖν
3598 5422 3830 5497 ὴλλοιώθη

2299 5526 2434 5596 πρὸς
2463 5528 2523 5579 τὸ
2564 5527 2801 5579 ἐναντίον
2844 5528 2936 5578 καὶ
2968 5523 3325 5593 ὲδυναστεύθη
3368 5522 3443 5593 τῷ
3482 5520 3626 5590 ζόφῳ
3656 5518 3712 5569 τὸ

2299 5618 2356 5670 ὲν
2384 5620 2449 5689 τῇ
2477 5618 2664 5688 σκοτίᾳ
2689 5618 2993 5688 γενόμενον,
3031 5616 3245 5687 ἰσχυρὸν
3280 5615 3344 5669 ἂν
3383 5610 3449 5686 ἢν
3477 5612 3609 5685 πρὸς
3646 5606 3831 5666 ἀσώδει·
