4034 6468
204 316 317 374 89'!

1327 319 1603 376 CONTRA
1646 317 2035 391 EUNOMIUM,
2076 326 2204 382 LIB.
2238 329 2349 385 Xll.

3334 336 3440 395 898

207 431 290 497 ξιν
317 430 426 495 τοῖς
472 428 811 501 βουλομένοις
841 433 1225 495 ἐπιδεικνύειν,
1270 435 1392 488 ὅσον
1419 437 1549 507 πρὸς
1577 436 1637 493 τδ
1666 439 1774 507 χεῖ-

1886 452 2135 511 quantum
2174 446 2227 499 in
2260 447 2502 503 deterius
2529 449 2806 505 demutata
2852 460 2934 507 est
2966 451 3080 507 haec
3140 451 3230 508 lux
3280 454 3348 508 ab
3376 471 3441 511 ea

206 540 301 594 ρον
327 523 703 593 παρήλλακται
739 524 891 577 τοῦτο
921 526 980 577 τὸ
1010 525 1124 593 φῶς
1153 526 1285 596 πρὸς
1324 528 1385 579 τὸ
1414 530 1470 579 ἐν
1492 530 1570 599 τῷ
1604 530 1778 598 Πατρὶ

207 611 603 683 θεωρούμενον.
635 614 697 665 Εἰ
727 614 784 666 δέ
835 615 929 669 καὶ
962 617 989 667 6
1020 616 1187 683 Λόγος
1213 658 1225 679 ,
1278 618 1380 669 κᾶν
1422 620 1479 669 ἐν
1506 618 1664 688 σαρκὶ
1694 619 1778 687 γί-

205 721 355 757 νεται
382 746 395 764 .
430 705 598 772 Λόγος
633 705 816 773 μένει,
858 708 949 759 καὶ
982 707 1042 758 τὸ
1087 707 1220 775 φῶς,
1254 707 1355 761 κᾶν
1399 711 1454 760 ἐν
1492 712 1557 780 τῇ
1591 710 1778 781 σκοτίᾳ

215 794 404 863 λάμψῃ
430 833 443 854 ,
481 794 595 861 φῶς
628 793 777 846 οὐδὲν
799 789 955 864 ἧττόν
984 797 1117 856 ἐστι,
1149 796 1240 849 τοῦ
1271 798 1510 850 ἐναντίου
1538 798 1633 868 τὴν
1666 816 1778 852 κοι-

205 886 402 937 νωνίαν
431 886 490 936 οὐ
524 885 965 955 προσδεχόμενον,
994 888 1085 939 καὶ
1119 889 1151 957 ή
1187 888 1320 956 ζωὴ,
1347 890 1447 941 κᾶν
1478 890 1535 941 ἐν
1573 890 1651 959 τῷ
1686 891 1778 942 θα-

206 976 353 1043 νάτῳ
386 975 627 1043 γένηται,
654 977 710 1028 ἐν
739 977 900 1047 ἑαυτῇ
932 976 1255 1042 φυλάσσεται
1276 994 1288 1008 ο
1322 979 1415 1031 καὶ
1446 980 1473 1031 6
1494 979 1648 1042 Θεὸς,
1675 980 1777 1033 κᾶν

207 1066 308 1135 τὴν
342 1065 434 1118 τοῦ
482 1065 665 1118 δούλου
716 1067 924 1137 μορφὴν
957 1068 1192 1139 ὑπέλθῃ,
1224 1069 1321 1121 οὐκ
1364 1070 1523 1133 αὐτὸς
1571 1071 1777 1137 γίνεται

205 1158 427 1219 δοῦλος,
458 1158 571 1211 ἀλλ’
598 1161 673 1222 είς
714 1159 1003 1228 κυριότητα
1050 1163 1140 1213 καὶ
1175 1161 1449 1230 βασιλείαν
1487 1163 1776 1233 ἐξαιρεῖται

206 1252 271 1303 τὸ
292 1251 623 1320 ὑποχείριον,
651 1252 855 1322 Κύριον
886 1252 974 1304 καὶ
996 1253 1228 1319 Χριστὸν
1253 1253 1418 1305 ποιῶν
1447 1254 1505 1305 τὸ
1527 1254 1778 1307 ταπεινὸν

204 1346 302 1397 καὶ
335 1344 670 1413 ἀνθρώπινον
694 1356 707 1371 ³
731 1344 844 1404 πῶς
871 1344 955 1396 διὰ
988 1344 1176 1397 τούτου
1218 1345 1353 1416 πρὸς
1386 1345 1446 1397 τὸ
1477 1348 1654 1415 χεῖρον
1684 1344 1779 1415 τὴν

204 1436 562 1505 παραλλαγὴν
585 1433 679 1487 τοῦ
714 1433 887 1503 φωτὸς
914 1434 1271 1487 ἐπιδείκνυσιν
1296 1476 1310 1497 ,
1345 1437 1471 1499 ἴσως
1522 1437 1779 1506 ἐκατέρου

203 1528 271 1580 τὸ
309 1528 575 1597 ἄτρεπτον
606 1529 683 1590 είς
714 1527 932 1590 κακίαν,
965 1528 1055 1580 καὶ
1082 1527 1142 1579 τὸ
1168 1527 1517 1580 ἀναλλοίωτον
1545 1527 1777 1597 ἕχοντοςς

204 1620 343 1673 Ούδέ
384 1619 555 1688 τούτῳ
585 1618 866 1689 προσέχων
888 1660 901 1683 ,
933 1618 1013 1670 ὃτι
1058 1620 1085 1670 ὁ
1114 1619 1249 1691 πρὸς
1294 1617 1387 1671 τὸν
1434 1618 1780 1688 σαρκωθέντα

205 1710 387 1776 Λόγον
428 1707 582 1770 ἰδὼν,
631 1707 687 1771 ὃς
730 1702 797 1777 ἦν
855 1707 946 1760 καὶ
979 1706 1123 1774 φῶς,
1174 1708 1265 1759 καὶ
1315 1707 1456 1778 ζωὴ,
1497 1708 1590 1762 καὶ
1627 1706 1778 1770 656;-

205 1802 430 1870 ἐπέγνω
466 1798 553 1852 διὰ
597 1799 695 1867 τῆς
721 1797 981 1868 ’ὀφθείσης
1008 1797 1161 1867 δόξης
1189 1798 1279 1850 τὸν
1305 1798 1525 1868 Πατέρα
1557 1798 1655 1867 τῆς
1691 1799 1779 1852 δό-

205 1892 341 1962 ξης,
378 1888 578 1950 εἰπὼν,
626 1887 1019 1957 Ἑθεασὰμεθα
1051 1889 1163 1955 τὴν
1199 1888 1384 1952 δόξαν
1418 1890 1604 1944 αὐτοῦ
1626 1929 1641 1955 ,
1670 1889 1783 1943 δό-

203 1983 326 2046 ξαν
347 1981 427 2045 ὡς
458 1980 834 2049 Μονογενοῦς
863 1980 1021 2047 παρὰ
1060 1982 1312 2047 Πατρός.

295 2070 437 2123 Ἀλλ’
467 2065 628 2140 ἦλθεν
661 2070 752 2123 ἐπὶ
778 2070 867 2123 τὸν
898 2070 1294 2139 ἀνταγώνιστον
1332 2072 1485 2138 λόγον
1504 2113 1518 2134 ,
1554 2072 1643 2124 τὸν
1678 2073 1782 2126 πάο

206 2162 300 2216 λαι
329 2161 430 2232 μὲν
464 2162 593 2231 ἡμῖν
623 2162 686 2213 ἐκ
730 2161 827 2232 τῆς
867 2160 1184 2225 ἀκολουθίας
1226 2162 1332 2215 τῶν
1362 2162 1661 2232 λεγομένων
1693 2179 1784 2216 πε-

205 2250 537 2323 φωραμένον
562 2293 576 2316 ,
617 2252 713 2305 νῦν
750 2251 805 2303 δὲ
832 2255 1008 2321 γυμνῇ
1037 2254 1102 2322 τῇ
1155 2255 1303 2322 φωνῇ
1336 2254 1737 2323 προφερόμενον
1767 2274 1780 2287 ·

206 2345 461 2416 βούλεται
504 2344 611 2414 γάρ
648 2342 865 2413 ἐμπαθῆ
898 2361 1019 2395 τινα
1067 2344 1160 2397 καὶ
1198 2344 1456 2415 ἐπίκηρον
1506 2348 1597 2398 καὶ
1636 2347 1785 2399 οὐδὲν

203 2441 310 2509 τῆς
337 2437 524 2507 ὑλικῆς
557 2438 647 2489 καὶ
684 2435 910 2506 ροώδους
958 2436 1167 2504 φύσεως
1194 2436 1553 2507 διαφέρουσαν
1584 2439 1784 2491 ἐπιδεῖ-

208 2531 300 2595 ξαι
332 2529 425 2581 τοῦ
462 2527 589 2581 Υίοῦ
616 2528 714 2597 τὴν
741 2527 958 2590 οὐσίαν,
990 2527 1064 2589 ὡς
1090 2526 1154 2579 ἂν
1185 2527 1273 2580 διὰ
1308 2528 1495 2580 τούτου
1529 2529 1623 2599 τὴν
1651 2530 1783 2599 πρὸς

207 2622 303 2674 τὸν
344 2620 565 2691 Πατέρα
593 2618 855 2689 διαφορὰν
904 2616 1253 2681 ἀποδείξειεν.
1281 2618 1418 2689 Φησὶ
1446 2620 1572 2691 γὰρ,
1594 2619 1653 2670 Εἰ
1689 2622 1785 2691 μὲν

206 2712 324 2781 ἔχει
349 2711 621 2765 δεικνύναι
643 2712 733 2764 καὶ
760 2712 848 2762 τὸν
878 2710 972 2761 ἐπὶ
1004 2710 1218 2763 πάντων
1246 2710 1395 2771 Θεὸν,
1428 2710 1616 2783 ὥσπερ
1640 2714 1785 2766 ἐστὶν

206 2804 505 2874 ἀπρόσιτον
560 2802 675 2872 φῶς
730 2804 785 2854 ἐν
844 2802 1006 2872 σαρκὶ
1068 2802 1386 2871 γενόμενον,
1447 2803 1479 2874 ἢ
1538 2804 1785 2870 γενέσθαι

208 2894 555 2964 δυνάμενον,
628 2894 732 2945 ὑπ’
782 2893 1024 2957 ἐξουσίαν
1092 2892 1307 2955 ἐλθεῖν,
1378 2894 1786 2964 προστάγμασιν

212 2983 543 3042 ὑπακούσαι,
591 2983 773 3053 νόμοις
805 2982 1159 3053 ἀνθρωπίνοις
1202 2982 1593 3044 πολιτεύεσθαι,
1626 3001 1786 3038 σταυ-

1876 547 1997 598 quae
2031 533 2084 587 in
2114 533 2273 591 Patre
2301 540 2703 594 consideratur.
2738 540 2893 606 Quod
2925 543 2968 597 si
3004 544 3238 598 Verbum
3268 546 3436 600 etiam

1878 622 1931 676 in
1962 640 2125 679 carne
2157 626 2380 692 factum,
2411 629 2645 684 Verbum
2678 642 2882 694 manet,
2918 642 2970 687 et
3000 636 3086 687 lus
3124 636 3338 689 etiamsi
3382 635 3440 689 in

1878 718 2118 774 tenebris
2147 720 2343 778 luceat.
2374 723 2724 779 nihilominus
2752 726 2841 778 lux
2873 734 2978 791 est,
2998 728 3254 781 contrarii
3286 744 3440 782 com-

1878 810 2187 865 munionem
2249 829 2357 866 non
2417 816 2747 879 admittens;
2792 827 2845 869 et
2906 819 3012 871 vita
3070 821 3320 887 quamvis
3380 819 3437 873 in

1879 908 2053 953 morte
2082 900 2265 963 fuerit,
2318 904 2372 957 in
2414 906 2593 973 seipsa
2624 918 3013 973 conservatur;
3068 916 3120 961 et
3162 908 3305 963 Deus
3335 910 3437 965 etsi

1879 991 2017 1043 servi
2056 990 2282 1049 formam
2315 994 2511 1054 induit,
2546 1012 2653 1050 non
2684 997 2798 1067 ipse
2830 1015 3020 1053 servus
3074 1000 3322 1061 edicitur,
3343 1002 3438 1057 sed

1881 1081 1944 1132 ad
1967 1082 2391 1139 dominationem
2414 1096 2466 1140 et
2479 1104 2703 1157 regnum
2725 1092 2935 1144 extollit
2957 1094 3100 1160 quod
3124 1095 3437 1163 subjicitur,

1881 1169 2165 1225 Dominum
2200 1184 2254 1227 et
2279 1174 2557 1231 Christum
2584 1178 2791 1234 faciens
2817 1181 2961 1249 quod
3001 1182 3203 1237 humile
3235 1196 3289 1237 et
3338 1186 3440 1239 hu-

1880 1278 2099 1318 manum
2135 1276 2258 1319 est:
2288 1269 2561 1335 quomodo
2595 1271 2695 1325 iste
2746 1272 2800 1326 in
2841 1272 3082 1327 deterius
3126 1275 3300 1329 lucem
3341 1276 3443 1330 im-

1881 1363 2142 1409 mutatam
2172 1371 2295 1411 esse
2324 1357 2681 1424 demonstrat,
2728 1377 2851 1415 cum
2884 1372 3112 1433 utraque
3144 1382 3241 1419 nec
3270 1367 3323 1419 in
3361 1368 3441 1421 vi-

1880 1446 2017 1500 tium
2050 1449 2186 1502 verti
2220 1464 2321 1503 nec
2354 1450 2625 1506 immutari
2676 1455 2887 1523 possit?
2916 1457 3049 1510 Cum
3104 1473 3282 1527 neque
3336 1459 3440 1514 hoc

1882 1537 2297 1605 animadvertat,
2355 1544 2482 1611 quia
2541 1546 2634 1613 qui
2688 1547 3029 1602 incarnatum
3078 1547 3315 1603 Verbum
3357 1550 3443 1605 in-

1884 1629 2055 1684 tuitus
2084 1640 2187 1691 est.
2220 1634 2311 1701 qui
2342 1643 2459 1687 erat
2490 1644 2544 1689 et
2582 1637 2695 1699 lux,
2726 1647 2778 1692 et
2798 1639 2928 1702 vita,
2962 1648 3015 1693 et
3046 1638 3209 1702 Deus,
3239 1657 3441 1711 cogno-

1884 1721 1961 1774 vit
1986 1737 2081 1790 per
2110 1724 2338 1792 gloriam
2378 1741 2499 1795 quae
2530 1729 2646 1782 visa
2678 1740 2781 1791 εει,
2834 1729 3046 1784 Patrem
3074 1732 3280 1801 gloriae,
3317 1748 3440 1787 cum

1884 1813 2048 1868 dixit:
2090 1815 2325 1870 Vidimus
2354 1817 2579 1885 gloriam
2615 1820 2750 1887 ejus,
2809 1819 3037 1889 gloriam
3093 1822 3248 1890 quasi
3309 1820 3439 1875 Uni-

1882 1908 2043 1976 geaiti
2077 1923 2109 1961 a
2142 1907 2305 1962 Patre
2336 1910 2403 1960 ²².

1954 2082 2060 2139 Sed
2098 2085 2243 2138 venit
2298 2084 2364 2138 ad
2420 2082 2795 2138 refractarium
2848 2092 2901 2137 et
2956 2083 3442 2137 contraluctautem

1886 2191 2187 2230 Sermonem
2226 2190 2256 2229 a
2308 2176 2464 2230 nobis
2497 2175 2702 2245 pridem
2736 2191 2803 2229 ex
2836 2174 3229 2243 consequentia
3271 2174 3447 2229 dicto-

1886 2284 2003 2321 rum
2034 2267 2449 2336 deprehensum,
2501 2282 2647 2321 nunc
2697 2275 2877 2320 autem
2927 2265 3070 2320 nuda
3104 2280 3233 2320 voce
3268 2265 3448 2334 prola-

1886 2367 2035 2420 tum;
2084 2359 2197 2411 vult
2237 2359 2377 2411 enim
2432 2357 2722 2427 quamdam
2778 2356 3059 2411 affectibus
3113 2357 3328 2425 plenam
3390 2362 3445 2408 et

1886 2451 2045 2502 morti
2095 2449 2383 2502 obnoxiam
2437 2465 2465 2503 a
2518 2448 2782 2502 materiali
2842 2456 2896 2501 et
2935 2446 3078 2503 ﬂuxa
3114 2457 3306 2500 natura
3340 2447 3446 2500 mi-

1886 2540 2030 2593 nime
2063 2538 2397 2593 diﬂercntem
2448 2538 2564 2592 Filii
2611 2539 2906 2594 essentiam
2954 2539 3356 2602 demonstrare,
3387 2546 3446 2593 ut

1884 2644 1981 2698 per
2004 2628 2105 2683 hoc
2131 2644 2252 2683 cum
2284 2627 2443 2681 Patre
2466 2627 2822 2681 diﬂ'erentiam
2841 2627 3113 2681 ostendat.
3154 2627 3241 2681 Ait
3266 2627 3439 2690 enim,

1882 2716 2163 2786 Siquidem
2184 2726 2362 2786 potest
2380 2720 2754 2773 demonstrare
2782 2726 2835 2772 et
2864 2718 3030 2771 Deum
3055 2718 3144 2784 qui
3167 2727 3251 2771 est
3285 2732 3449 2786 super

1886 2810 2090 2873 omnia,
2119 2817 2177 2862 ut
2208 2818 2291 2862 est
2321 2811 2408 2863 lux
2452 2809 2751 2869 inaccessa,
2803 2808 2857 2861 in
2890 2824 3054 2863 carne
3092 2806 3295 2862 factum
3326 2822 3450 2862 esse

1889 2905 1970 2958 vel
2006 2903 2118 2957 ﬁeri
2154 2917 2333 2971 posse,
2365 2902 2465 2955 sub
2492 2908 2813 2970 potestatem
2855 2899 3092 2964 venisse,
3121 2907 3174 2952 et
3205 2898 3451 2965 imperiis

1888 2995 2177 3056 obediisse,
2241 2995 2446 3064 legibus
2511 2993 2763 3048 humanis
2807 2992 3073 3061 paruisse,
3109 3006 3323 3047 crucem
3354 2996 3447 3043 tu-

215 3079 310 3147 ρὸν
367 3080 607 3143 ἐνεγκεῖν
638 3116 652 3138 ,
720 3074 836 3129 ἴσον
894 3075 1097 3143 λεγέτω
1171 3076 1248 3146 τῷ
1305 3077 1444 3145 φωτὶ
1509 3078 1570 3129 τὸ
1649 3079 1784 3146 φῶς.

1889 3086 2049 3140 lisse:
2096 3086 2356 3153 mqualem
2406 3083 2551 3137 dicat
2592 3083 2701 3136 luci
2744 3084 2939 3136 lucem.
2980 3081 3035 3133 Si
3068 3082 3178 3135 haec
3217 3096 3246 3133 a
3290 3080 3451 3137 nobis

216 3168 279 3218 Εί
320 3166 490 3219 ταῦτα
525 3167 647 3236 παρ’
688 3166 840 3236 ἡμῶν
888 3167 1219 3236 προεφέρετο
1258 3167 1345 3219 διὰ
1394 3168 1500 3219 τῶν
1561 3186 1787 3237 προκατ·

214 3259 633 3327 ισκευασμένων
702 3258 842 3311 κατά
895 3259 953 3310 τὸ
1003 3258 1289 3312 ἀκόλουθον
1329 3259 1786 3329 ἐξευριςκόντων,

220 3350 296 3419 μὴ
326 3348 856 3418 συμμαρτυρούμενα
886 3351 1002 3412 ταῖς
1042 3349 1249 3402 ἐκείνου
1296 3354 1497 3419 φωναῖς
1518 3367 1530 3379 ·
1560 3352 1641 3413 τίς
1690 3353 1788 3405 οὐκ

215 3443 284 3493 ἂν
340 3443 484 3510 ἡμᾶς
536 3443 887 3508 συκοφαντεῖν
926 3441 1216 3510 ᾐτιάσατο,
1256 3442 1329 3504 ὡς
1386 3443 1630 3514 περινοίᾳ
1683 3445 1788 3495 τινὶ

211 3534 391 3600 λόγων
449 3535 581 3603 πρὶς
635 3536 732 3604 τὴν
785 3533 1010 3585 ἀτοπίαν
1072 3535 1273 3603 ταύτην
1339 3535 1399 3587 τὸ
1448 3536 1622 3605 δόγμα
1682 3537 1787 3589 τῶν

210 3626 548 3681 ὑπεναντίων
578 3626 932 3687 ἐκϐάλλοντας
956 3642 969 3688 ;
994 3626 1128 3677 Νυνὶ
1152 3626 1207 3677 δὲ
1234 3628 1525 3697 συνηγορία
1542 3628 1623 3691 τίς
1652 3631 1784 3696 ἐστι,

206 3718 309 3770 τοῦ
338 3718 806 3787 πεφροντισμένως
832 3718 975 3785 ἡμᾶς
999 3717 1133 3787 μετά
1158 3719 1252 3785 τῆς
1275 3718 1527 3788 ἀληθείας
1548 3719 1787 3772 εὐθύνειν

208 3811 307 3863 τδν
342 3811 438 3879 τῆς
467 3809 729 3879 αἱρέσεως
758 3808 933 3875 λόγον,
962 3808 1020 3859 τὸ
1050 3808 1182 3877 μηδὲ
1213 3812 1337 3879 παρ’
1365 3810 1542 3862 αὐτῶν
1568 3811 1788 3864 ἐκείνων

210 3902 314 3972 τὴν
348 3900 487 3954 κατά
517 3901 576 3951 τὸ
614 3899 903 3953 ἀκόλουθον
935 3900 1367 3969 ἀναφαινομένην
1394 3902 1621 3953 ἀτοπίαν
1658 3919 1787 3954 σιω-

213 3992 476 4061 πηθῖγδαι.
515 3991 642 4043 Ἰδοὺ
666 3990 774 4060 γὰρ
804 3990 919 4053 πῶς
945 3990 1401 4060 ἀπαρακάλυπτός
1425 3994 1538 4045 ἐστι
1566 3993 1658 4045 καὶ
1692 4011 1787 4045 πε-

212 4084 739 4156 παρρησιασμένηὴ
781 4082 920 4135 κατά
962 4081 1053 4134 τοῦ
1106 4082 1420 4151 μονογενοῦς
1449 4083 1580 4135 Θεοῦ
1617 4085 1783 4155 μάχη’

212 4177 311 4229 καὶ
342 4174 400 4225 τὸ
445 4177 582 4225 κατὰ
622 4173 1027 4242 φιλανθρωπίαν
1064 4173 1220 4242 ἔργον
1266 4174 1483 4245 διαϐολὴ
1529 4175 1622 4227 καὶ
1660 4193 1789 4229 κατ-

213 4267 416 4336 ηγορία
460 4266 555 4334 τῆς
605 4264 697 4316 τοῦ
753 4263 881 4315 Υἱοῦ
915 4264 1005 4316 τοῦ
1049 4264 1180 4315 Θεοῦ
1235 4263 1445 4334 φύσεως
1488 4266 1639 4337 παρά
1680 4267 1787 4319 τῶν

215 4356 433 4429 ἐχθρῶν
466 4354 753 4425 ἐνομίσθη,
802 4354 875 4418 ὡς
910 4354 1029 4423 οὐχὶ
1074 4356 1463 4426 προνοητικῶς,
1512 4356 1644 4410 ἀλλά
1689 4376 1788 4427 (pu-

1890 3176 2282 3246 proferrentur,
2316 3182 2503 3243 utpote
2532 3189 2627 3242 per
2689 3188 2751 3227 ea
2780 3188 2904 3241 quae
2942 3172 3095 3241 prius
3128 3179 3451 3241 praestructa

1890 3269 2107 3321 fuerunt
2134 3283 2196 3320 ex
2226 3268 2613 3320 consecutione
2641 3266 3099 3335 excogitantibus.
3146 3280 3254 3319 non
3303 3264 3451 3319 illius

1890 3360 2113 3413 vocibus
2176 3359 2613 3422 consentientia,
2669 3360 2791 3427 quis
2851 3373 2948 3412 nos
2992 3373 3101 3410 non
3167 3363 3453 3411 accusaret

1888 3450 2173 3504 calumniis
2232 3451 2524 3518 impetere,
2581 3456 2635 3503 et
2694 3448 2983 3503 verborum
3046 3448 3279 3516 quadam
3353 3463 3448 3507 so-

1888 3536 2041 3590 lertia
2064 3545 2116 3589 et
2145 3535 2293 3589 vafra
2318 3537 2773 3589 commentatione
2798 3536 2861 3589 ad
2890 3536 3033 3591 hanc
3055 3537 3448 3595 absurditateln

1889 3627 2321 3682 adversariorum
2340 3627 2535 3696 dogma
2548 3627 2874 3696 propellere?
2904 3626 3059 3681 Nunc
3077 3635 3255 3682 autem
3268 3637 3455 3698 patro-

1888 3718 2091 3771 cinium
2130 3718 2404 3787 quoddam
2450 3726 2553 3780 est,
2584 3718 2730 3785 quod
2765 3719 3061 3786 prudenter
3110 3727 3164 3773 et
3213 3718 3455 3775 sollicite

1888 3822 1990 3860 nos
2036 3822 2158 3859 cum
2195 3807 2420 3860 veritate
2452 3806 2722 3860 hereseos
2756 3822 3059 3861 sermonem
3105 3808 3451 3875 corrigimus,

1890 3896 2033 3971 quod
2057 3912 2228 3965 neque
2255 3897 2323 3948 ab
2355 3896 2461 3949 illis
2494 3895 2626 3963 ipsis
2669 3912 2789 3965 quae
2821 3912 2885 3951 ex
2912 3898 3264 3964 consequenti
3286 3912 3453 3967 appa-

1888 4000 1968 4044 ret
2011 3990 2321 4045 absurdilas
2361 3988 2577 4042 silentio
2614 3988 2938 4041 involvatur.
2984 3986 3277 4043 Ecceenim
3313 4002 3452 4057 quo-

1890 4083 2049 4135 modo
2077 4089 2259 4149 aperta
2288 4088 2371 4134 est
2399 4087 2453 4132 et
2494 4078 2663 4131 libera
2710 4085 2899 4132 contra
2922 4078 3258 4146 unigenitum
3279 4077 3449 4133 Deum

1890 4187 2088 4241 pugna.
2126 4169 2272 4238 Opus
2301 4170 2596 4236 quinetiam
2629 4166 2774 4235 quod
2812 4182 2910 4236 pro
2938 4182 3035 4222 sua
3070 4168 3123 4220 in
3153 4182 3325 4236 genus
3350 4169 3451 4222 hu-

1891 4280 2111 4317 manum
2185 4261 2561 4315 benevolentia
2602 4257 2934 4328 Redemptor
2986 4258 3318 4327 adimpievit,
3392 4260 3449 4317 in

1892 4354 2217 4410 calumniam
2244 4362 2295 4407 et
2329 4352 2656 4420 vituperium
2688 4360 2895 4404 natura:
2941 4348 3062 4403 Filii
3096 4349 3189 4403 Dei
3222 4351 3290 4404 ab
3340 4350 3450 4404 ini-

214 4448 390 4510 σικῶς
431 4446 589 4499 αὑτοῦ
638 4446 771 4515 πρὸς
811 4446 902 4496 τὸν
941 4448 997 4497 ἐν
1044 4448 1204 4516 σαρκὶ
1248 4446 1393 4516 βίον,
1441 4450 1535 4501 καὶ
1583 4449 1644 4501 τὸ
1691 4449 1783 4502 τοῦ

1894 4448 2048 4501 micis
2078 4448 2338 4499 vertitur:
2365 4445 2521 4513 quasi
2550 4459 2658 4497 non
2705 4458 2771 4497 ex
2818 4458 2914 4496 sua
2954 4443 3314 4512 providentia,
3355 4443 3453 4499 sed

214 4536 456 4608 σταυροῦ
493 4535 659 4598 πάθος
694 4536 1195 4605 κατολισθήσαντος.
1252 4540 1357 4591 Καὶ
1404 4538 1589 4610 ὥσπερ
1628 4539 1788 4608 φύσις

214 4633 337 4684 ἐστὶ
366 4628 443 4697 τῷ
465 4627 597 4697 λίθῳ
629 4627 661 4695 ἡ
699 4628 789 4679 ἐπὶ
834 4626 894 4678 τὸ
920 4628 1069 4679 κάτω
1112 4628 1249 4697 φορά
1269 4670 1283 4693 ,
1331 4630 1424 4681 καὶ
1464 4630 1541 4700 τῷ
1570 4632 1701 4701 πυρὶ
1729 4634 1788 4685 τὸ

215 4722 487 4791 ἔμπαλιν,
553 4722 645 4772 καὶ
691 4719 789 4771 οὐκ
836 4719 1431 4788 ἀντιμεταλαμϐάνουσι
1484 4723 1580 4784 τὰς
1628 4724 1790 4793 ἀλλήο

212 4815 325 4866 λων
358 4812 619 4881 ἰδιότητας
650 4813 705 4863 αἱ
753 4809 904 4871 ὗλαι,
943 4808 1080 4861 ὥστε
1120 4812 1370 4882 ἀνωφερῆ
1410 4813 1504 4882 μὲν
1534 4809 1672 4867 εἶναι
1697 4815 1788 4868 τὸν

213 4904 385 4965 λίθον,
422 4901 622 4972 βρίθειν
647 4901 702 4952 δὲ
735 4900 795 4952 τὸ
824 4900 932 4970 πῦρ
956 4900 1047 4953 ἐπὶ
1082 4900 1145 4951 τὸ
1181 4902 1330 4954 κάτω
1352 4904 1674 4974 φερόμενονο
1707 4904 1791 4957 ού-

214 5013 326 5057 τως
369 4992 854 5055 κατασκευάζουσι,
909 4994 975 5061 τῇ
1020 4992 1117 5060 μὲν
1166 4992 1256 5043 τοῦ
1287 4992 1415 5046 Υίοῦ
1460 4995 1615 5062 φύσει
1661 5013 1787 5048 συν-

213 5084 548 5138 οικειοῦσθαι
581 5082 649 5135 τὰ
678 5082 845 5151 πάθη,
878 5084 969 5133 καὶ
997 5082 1082 5135 διὰ
1112 5083 1265 5135 τοῦτο
1287 5087 1420 5155 πρὸς
1445 5086 1505 5137 τὸ
1535 5086 1791 5153 συγγενὲς

217 5176 384 5243 ἐαυτῇ
413 5174 500 5225 καὶ
521 5174 714 5226 οἰκεῖον
749 5171 918 5224 ἐλθεῖν
935 5190 947 5201 ·
975 5174 1070 5239 τὴν
1095 5172 1150 5224 δὲ
1164 5173 1255 5225 τοῦ
1274 5174 1479 5244 Πατρὸς
1502 5176 1790 5247 ἐλευθέραν

214 5262 385 5315 οὖσαν
414 5261 519 5312 τῶν
548 5261 800 5315 τοιούτων
835 5260 1041 5326 παθῶν,
1091 5262 1379 5331 ἀπρόσιτον
1412 5262 1548 5318 εἶναι
1577 5268 1642 5335 τῇ
1680 5265 1789 5319 τῶν

216 5354 406 5406 κακῶν
432 5352 723 5422 προσϐολῇ.
758 5353 895 5423 Φησὶ
922 5352 1029 5423 γὰρ
1056 5352 1144 5405 τὸν
1170 5356 1260 5406 ἐπὶ
1289 5355 1502 5407 πάντων
1523 5354 1670 5410 Θεὸν.
1699 5356 1788 5407 ὃσ-

218 5463 326 5515 περ
351 5447 496 5497 ἐστὶν
522 5447 815 5517 ἀπρόσιτον
846 5446 980 5515 φῶς,
1019 5448 1155 5517 μήτε
1186 5448 1470 5518 γενόμενον
1506 5451 1562 5501 ἐν
1604 5451 1786 5520 σαρκὶ,

220 5541 362 5610 μήτε
389 5539 636 5608 γενέσθαι
662 5540 955 5611 δυνάμενον
976 5559 988 5571 ·
1025 5544 1182 5611 ἧρκει
1212 5542 1271 5595 τὸ
1300 5544 1562 5613 πρότερον
1586 5544 1694 5598 τῶν
1715 5547 1791 5598 εἰ-

296 5716 341 5747 ¹¹
367 5711 522 5769 Joan.
563 5731 601 5780 ι,
630 5713 714 5769 16.

1891 4539 2124 4592 naturali
2156 4537 2389 4606 quadam
2427 4536 2790 4604 propensione
2818 4536 2873 4588 in
2917 4536 3082 4588 vitam
3131 4550 3451 4605 corpoream

1889 4630 2141 4683 etcrucis
2193 4629 2503 4696 passionem
2546 4626 2801 4695 delapsus
2845 4626 2934 4681 sit.
2988 4626 3052 4679 Et
3100 4628 3455 4695 quemadmo-

1889 4721 2015 4776 dum
2050 4721 2298 4774 naturale
2328 4728 2411 4775 est
2445 4719 2607 4788 lapidi
2635 4725 2693 4772 ut
2717 4717 2975 4774 deorsum
3010 4717 3188 4780 cadat,
3247 4728 3300 4772 et
3340 4717 3451 4787 igni

1889 4821 2079 4867 contra
2115 4820 2173 4866 ut
2196 4828 2414 4866 sursum
2450 4811 2687 4871 feratur.
2733 4825 2833 4863 nec
2877 4809 3117 4863 materiae
3149 4810 3453 4877 proprieta-

1892 4914 1976 4961 tes
2018 4907 2157 4958 inter
2210 4920 2267 4958 se
2308 4903 2363 4957 in
2415 4902 2749 4957 contrarium
2799 4908 3047 4961 mutant,
3112 4900 3183 4952 ita
3209 4908 3266 4953 ut
3317 4900 3456 4968 lapis

1894 5013 2109 5054 sursum
2139 4995 2364 5059 feratur,
2396 5006 2449 5050 et
2496 4996 2638 5065 ignis
2660 4996 2924 5064 gravitate
2972 4992 3226 5046 deorsum
3274 4992 3457 5061 depri-

1897 5097 2080 5141 matur
2116 5106 2127 5141 :
2163 5088 2245 5141 sic
2269 5094 2623 5155 pra-struunt,
2649 5101 2770 5139 cum
2809 5083 2927 5135 Filii
2959 5090 3147 5136 natura
3173 5084 3455 5151 passiones

1893 5180 2059 5241 coire,
2102 5186 2155 5233 et
2183 5186 2403 5248 propter
2432 5178 2533 5230 hoc
2558 5179 2622 5229 ad
2653 5184 2940 5245 cognatum
2972 5174 3180 5242 sibiipsi
3221 5183 3273 5227 et
3295 5172 3454 5227 lami-

1894 5272 2029 5325 liare
2067 5272 2247 5325 venire
2275 5286 2289 5324 :
2316 5268 2496 5323 Patris
2524 5282 2652 5320 vero
2689 5276 2957 5325 naturam,
3004 5280 3127 5318 cum
3158 5265 3225 5317 ab
3256 5264 3451 5332 hujus-

1898 5360 2043 5415 modi
2094 5360 2440 5431 passionibus
2490 5358 2561 5411 sit
2609 5356 2800 5415 libera,
2847 5354 3109 5408 malorum
3161 5356 3455 5427 appropin-

1896 5452 2138 5521 quationi
2171 5452 2523 5504 inaccessam.
2555 5446 2691 5499 Dicit
2716 5446 2856 5499 enim
2876 5445 3044 5498 Deum
3078 5445 3169 5515 qui
3192 5454 3457 5514 estsupcr

1897 5542 2102 5607 omnia,
2134 5541 2226 5611 qui
2259 5539 2475 5611 quidem
2536 5546 2621 5592 est
2675 5537 2767 5590 lux
2831 5536 3133 5601 inaccessa,
3166 5550 3340 5608 neque
3378 5536 3456 5590 la—
