4034 6518
606 358 715 416 899

1847 349 1905 405 S.
1944 345 2267 404 GREGORII
2302 340 2593 402 NYSSENI
3707 352 3787 409 90°

609 486 758 528 ctum
792 469 846 524 in
876 482 1062 535 carne,
1094 482 1273 539 neque
1303 466 1415 524 ﬁeri
1446 484 1637 539 posse:
1676 469 1822 541 quod
1854 471 2009 541 prius
2047 468 2159 524 dic-

2278 466 2522 539 ρημένων
2546 467 2718 518 είπεῑν
2744 479 2757 493 ⁸
2808 465 2890 517 ὅτι
2926 462 2954 517 ό
2990 463 3174 535 Πατὴρ
3200 463 3299 517 οὐκ
3322 466 3380 518 ὲν
3412 465 3570 535 σαρκῖ
3595 468 3786 534 ἐγένετο.

609 569 723 616 tum
761 560 885 622 fuit,
940 562 1075 614 satis
1116 570 1235 615 erat
1287 558 1508 623 dixisse.
1555 560 1701 629 quod
1740 559 1900 615 Pater
1957 574 2066 613 non
2120 557 2176 612 in

610 666 776 706 carne
805 651 980 706 factus
1010 659 1131 718 est;
1173 664 1321 705 nunc
1348 642 1533 704 autem
1569 651 1766 720 duplex
1799 648 2044 720 quaedam
2092 654 2177 703 est

612 758 709 813 per
737 743 1095 813 adjectionem
1124 742 1346 797 absurdi
1387 742 1678 797 astructio.
1731 740 1827 796 Vel
1852 740 1999 797 enim
2058 737 2174 793 Filii

612 843 832 890 accusat
884 835 1097 899 vitium,
1136 835 1219 889 vel
1267 832 1447 888 Patris
1484 832 1882 902 impotentiam.
1937 829 1994 885 Si
2030 831 2174 886 enim

612 927 810 981 malum
841 933 923 981 est
953 926 1133 980 carnis
1188 925 1524 983 communio,
1557 924 1836 994 unigenito
1854 921 1962 976 Deo
1986 922 2176 976 vitium

613 1008 872 1087 aSsignat;
917 1017 961 1071 si
995 1031 1121 1071 vero
1149 1016 1349 1071 bonum
1397 1024 1505 1077 est,
1538 1012 1652 1071 haec
1680 1015 1732 1069 in
1772 1030 1942 1082 genus
1982 1014 2175 1068 huma-

613 1123 743 1161 num
789 1107 1159 1162 benevolentia
1200 1103 1416 1160 Patrem
1458 1105 1526 1159 ad
1572 1106 1772 1159 bonum
1826 1104 2174 1174 impotentem

613 1212 734 1253 esse
770 1197 1024 1260 ostendit,
1057 1197 1243 1251 dicens
1272 1199 1449 1266 ipsum
1484 1211 1590 1251 non
1641 1197 1885 1267 potuisse
1940 1212 2036 1265 per
2057 1211 2177 1250 car-

615 1305 737 1343 nem
788 1290 949 1341 talem
978 1287 1209 1357 gratiam
1245 1287 1480 1357 operari.
1548 1290 1615 1340 At
1658 1288 1783 1356 quis
1814 1290 2054 1340 omnium
2084 1301 2179 1341 ne-

615 1381 739 1443 scit,
784 1379 924 1448 quod
959 1377 1106 1433 Sicut
1136 1378 1297 1433 Pater
1328 1380 1574 1448 viviﬁcat,
1616 1381 1691 1433 sic
1733 1388 1783 1432 et
1827 1378 2001 1433 Filius
2046 1395 2175 1447 quos

614 1472 721 1527 vult
755 1472 981 1541 viviﬁcat
1010 1470 1097 1523 ¹³ἳ
1150 1486 1248 1526 nos
1287 1470 1808 1547 videlicet/mortuos
1839 1471 2026 1524 dicens
2083 1469 2176 1539 qui

613 1579 644 1617 a
676 1578 802 1618 vera
843 1563 951 1616 vita
994 1562 1314 1618 excidimus.
1375 1562 1430 1617 Si
1486 1563 1651 1633 igitur
1712 1561 2169 1632 quemadmodum

612 1655 772 1710 Pater
802 1654 1055 1717 vivilicat,
1094 1655 1187 1711 sic.
1220 1671 1327 1709 non
1359 1656 1517 1709 aliter
1548 1652 1718 1708 Filius
1767 1653 2010 1708 eamdem
2049 1668 2178 1723 ope-

613 1755 765 1803 ratur
788 1747 1035 1819 gratiam,
1068 1747 1339 1817 quomodo
1377 1745 1487 1800 Deo
1515 1745 1731 1801 rebellis
1763 1754 1817 1800 et
1850 1758 2063 1815 pugnax
2080 1745 2175 1798 ad-

2275 557 2411 610 Νυνὶ
2431 557 2488 610 δὲ
2503 555 2661 626 διπλῆ
2679 555 2760 619 τίς
2774 556 2889 609 ἐστι
2908 555 2995 608 διὰ
3021 555 3121 624 τῆς
3136 555 3453 627 προσθήκης
3472 560 3503 626 ἡ
3523 558 3609 610 τοῦ
3628 561 3787 616 ἀτόπου

2275 650 2605 719 κατασκευή.
2617 648 2685 700 ’Ἡ
2698 647 2806 718 γὰρ
2817 645 2909 700 τοῦ
2916 646 3042 699 Υἱοῦ
3056 649 3348 718 κατηγορεῖ
3360 648 3609 718 κακίανοῆ
3621 650 3700 702 τοῦ
3712 653 3793 705 [Ια-

2275 738 2398 809 τρὸς
2422 737 2734 808 ἀδυναμίαν.
2767 739 2829 790 Ei
2857 739 2954 808 μὲν
2975 737 3083 809 γὰρ
3112 737 3278 790 κακὸν
3312 738 3465 809 ήτῆς
3495 742 3680 809 σαρκὸς
3703 761 3791 795 κω-

2276 827 2549 899 νωνία,τῷ
2567 831 2840 898 μονογενεῖ
2850 827 2969 898 Θεῷ
2989 830 3403 898 προσμαρτυρεῖ
3420 829 3520 897 τὴν
3539 831 3713 883 κακίαν
3728 852 3739 861 ι
3756 838 3793 886 εἱ

2274 919 2333 973 δὲ
2351 919 2551 989 ἀγαθὸν
2568 920 2601 990 ἡ
2628 919 3019 990 φιλανθρωπία,
3037 918 3292 972 ἀδύνατον
3311 922 3391 983 είς
3416 920 3477 973 τὸ
3495 920 3679 988 ἀγαθὸν
3695 923 3795 976 ἀπο-

2274 1010 2516 1065 δείκνυσι
2539 1010 2630 1063 τὸν
2662 1009 2902 1080 Πατέρα,
2942 1008 3115 1078 λέγων
3164 1009 3237 1082 μὴ
3272 1010 3337 1063 ἂν
3365 1009 3527 1063 αὐτὸν
3549 1011 3793 1083 δυνηθῆναι

2274 1101 2372 1173 τὴν
2393 1101 2643 1172 τοιαύτην
2665 1101 2822 1173 χάριν
2845 1100 2933 1154 διὰ
2958 1101 3157 1171 σαρκὸς
3197 1103 3505 1173 ἐνεργῆσαι.
3540 1105 3713 1158 Καίτοι
3732 1110 3795 1171 τίς

2274 1196 2374 1247 οὐκ
2416 1191 2522 1248 οἶδε
2551 1196 2659 1247 τῶν
2689 1194 2927 1257 πάντων,
2967 1194 3049 1247 ὅτι
3097 1192 3193 1259 Ὠς
3226 1196 3259 1247 ό
3310 1194 3515 1261 Πατὴρ
3543 1195 3793 1265 ζωοποιὸς,

2276 1286 2464 1350 οὕτως
2499 1285 2594 1339 καί
2629 1287 2663 1339 ὁ
2687 1284 2819 1350 Υἱὸς
2860 1283 2972 1351 οὓς
2998 1284 3157 1338 θέλει
3193 1284 3491 1348 (maciei;
3547 1286 3703 1356 Ἦμᾶς
3724 1289 3795 1359 δη.

2276 1377 2407 1448 λαδὴ
2430 1376 2653 1447 νεκροὺς
2685 1375 2856 1444 λέγων
2883 1377 3007 1439 τοὺς
3037 1375 3139 1446 τῆς
3180 1375 3439 1447 ἀληθινῆς
3475 1377 3797 1444 ἁποπεσόντας

2277 1466 2438 1537 ζωῆς.
2473 1468 2536 1521 Et
2563 1463 2654 1521 οὖν
2678 1467 2863 1537 ὥσπερ
2891 1469 2921 1520 6
2940 1467 3128 1539 Πατὴρ
3149 1468 3420 1533 ζωοποιεῖ,
3447 1469 3603 1533 οὕτω,
3620 1474 3699 1525 καὶ
3719 1475 3797 1528 οὐκ

2275 1558 2449 1621 ἄλλως
2468 1561 2496 1612 6
2518 1558 2644 1622 Υἱὸς
2670 1560 2769 1629 τὴν
2798 1559 2966 1628 αὐτὴν
2989 1560 3201 1630 ἐνεργεῖ
3221 1560 3383 1630 χάριν
3406 1574 3420 1590 ο
3452 1560 3566 1622 πῶς
3590 1562 3616 1614 6
3638 1562 3797 1634 θεομάο

2275 1666 2370 1720 χος
2402 1650 2521 1702 κατ’
2561 1649 2883 1720 ἀμφοτέρων
2912 1652 3050 1701 κινεῖ
3084 1649 3181 1721 τὴν
3216 1650 3532 1721 βλάσφημον
3555 1652 3793 1722 ﬁdicen;

2275 1741 2367 1795 τὸν
2394 1742 2493 1811 μὲν
2520 1742 2742 1812 Πατέρα
2765 1744 2829 1811 τῇ
2867 1741 3002 1810 πρὸς
3020 1742 3081 1794 τὸ
3115 1743 3312 1810 ἀγαθὸν
3341 1743 3623 1814 ἀδυναμίᾳ.
3660 1746 3734 1799 τὸν
3754 1748 3796 1801 δὲ

612 1854 803 1895 versus
830 1838 1017 1893 ambos
1045 1837 1260 1907 impiam
1292 1844 1345 1892 et
1363 1836 1677 1891 maledicam
1698 1837 1875 1890 vibrat
1897 1836 2170 1906 linguam,

2278 1806 2406 1886 Υιδᾴ
2424 1834 2489 1903 τῇ
2521 1832 2656 1903 πρὸς
2672 1806 2740 1885 ’τὸ
2767 1806 2933 1886 κακὸν
2958 1806 3246 1902 οἰκειότητι
3281 1806 3636 1906 καθυϐρίζωνς

613 1928 826 1985 Patrem
857 1929 1072 2000 quidem
1105 1928 1173 1982 ad
1204 1928 1403 1982 bonum
1434 1928 1775 1997 impotentia,
1806 1926 2001 1981 Filium
2046 1940 2175 1981 vero

615 2019 682 2075 ad
716 2020 915 2073 malum
976 2032 1144 2088 prona
1211 2016 1573 2071 familiaritate
1627 2016 2018 2071 contumeliose
2065 2023 2175 2069 tra-

615 2108 807 2164 ctans?
838 2106 944 2163 Sed
972 2122 1079 2162 non
1132 2115 1236 2169 est,
1278 2107 1473 2176 inquit,
1510 2106 1599 2160 lux
1637 2106 1741 2161 luci
1770 2106 2026 2176 aequalis,
2055 2119 2177 2173 pro-

616 2211 797 2272 pterea
828 2198 970 2270 quod
1022 2198 1111 2252 illa
1133 2197 1350 2267 quidem
1393 2211 1544 2263 vera,
1576 2197 1690 2252 hac
1720 2212 1849 2251 vero
1896 2197 2174 2250 inaccessa

616 2292 836 2346 dicitur.
885 2288 999 2344 Lu’x
1054 2289 1219 2360 igitur
1273 2304 1400 2344 vera
1450 2289 1836 2343 imminutione
1890 2287 2178 2343 censetur?

616 2382 1195 2452 QuamobremYAtqui
1231 2381 1448 2434 illorum
1483 2388 1567 2436 est
1611 2395 1811 2443 sermo,
1867 2381 2010 2450 quod
2053 2395 2178 2449 pro-

617 2483 800 2546 pterea
824 2473 996 2542 major
1010 2480 1063 2528 et
1089 2472 1355 2528 excelsior
1386 2470 1565 2526 Patris
1593 2472 1850 2526 divinitas
1871 2486 2031 2541 quam
2057 2469 2178 2524 Filii

618 2565 954 2636 intelligitur,
994 2580 1060 2619 eo
1101 2563 1245 2634 quod
1302 2563 1395 2617 ille
1452 2562 1673 2631 quidem
1718 2577 1880 2616 verus
1934 2561 2079 2615 Deus
2122 2562 2178 2615 in

618 2657 908 2727 Evangelio
934 2664 1157 2710 vocatus
1191 2663 1275 2709 est
1326 2674 1340 2710 :
1387 2655 1473 2710 hic
1507 2661 1686 2708 autem
1730 2655 1849 2709 sine
1892 2654 1999 2707 veri
2037 2653 2183 2723 adje-

536 2812 547 2828 '
618 2749 815 2804 ctione.
841 2746 1124 2813 Quomodo
1179 2747 1345 2816 igitur
1391 2745 1579 2800 eadem
1612 2745 1749 2800 ratio
1799 2745 1851 2799 in
1900 2744 2183 2799 divinitate

617 2840 835 2913 quidem
856 2839 1236 2899 accretionem.
1260 2839 1313 2892 in
1335 2839 1455 2893 luce
1474 2853 1600 2892 vero
1620 2838 2050 2892 imminutionem
2066 2836 2184 2904 ejus

618 2931 764 3004 quod
795 2930 1127 3000 intelligitur,
1160 2928 1472 2999 signiﬁcat?
1533 2926 1589 2982 Si
1624 2929 1768 2983 enim
1809 2928 1880 2982 ob
1907 2943 2024 2982 eam
2065 2941 2186 2981 cau-

620 3042 736 3083 sam
796 3023 1012 3078 Patrem
1044 3019 1183 3075 Filio
1211 3020 1470 3091 majorem
1520 3026 1828 3081 autumant,
1865 3018 1992 3088 quia
2025 3033 2185 3074 verus

2274 1923 2373 1977 οὐκ
2409 1922 2544 1987 ἐστι,
2576 1924 2731 1994 φησι,
2765 1924 2843 1994 τῷ
2885 1925 3021 1993 φωτὶ
3052 1925 3112 1977 τὸ
3140 1924 3254 1994 φῶς
3279 1920 3395 1978 ἴσον
3418 1942 3432 1955 ’
3483 1927 3608 1981 διότι
3643 1928 3696 1980 τὸ
3721 1930 3795 1999 μὲν

2273 2014 2541 2084 ἀληθινὸν,
2567 2014 2629 2068 τὸ
2658 2014 2717 2067 δὲ
2766 2016 3056 2086 ἀπρόσιτον
3078 2015 3311 2084 λέγεται.
3376 2017 3451 2069 Τὸ
3482 2013 3571 2070 οὖν
3593 2019 3795 2088 ἀληθινὸν

2275 2105 2564 2160 ὲλαττὼσει
2594 2107 2877 2178 κρίνεται;
2932 2108 3028 2160 Διὰ
3064 2107 3144 2174 τίς
3194 2109 3305 2160 Καὶ
3352 2107 3460 2179 μὴν
3485 2111 3690 2163 ἐκείνων
3709 2113 3794 2163 ἐστὶ

2274 2197 2448 2265 λόγος,
2487 2198 2567 2252 ὅτι
2594 2198 2683 2250 διὰ
2726 2197 2883 2251 τοῦτο
2912 2198 3112 2268 μείζων
3148 2200 3242 2252 καὶ⁵
3269 2200 3580 2270 ὑψηλοτέρα
3604 2200 3686 2254 τοῦ
3711 2203 3795 2255 Πα-

2274 2289 2401 2359 τρὸς
2429 2291 2462 2361 ἡ
2487 2290 2675 2361 θεότης
2704 2289 2852 2360 παρὰ
2874 2290 2971 2361 τὴν
2998 2291 3093 2343 τοῦ
3115 2290 3241 2343 Υίοῦ
3265 2294 3467 2346 νοεῖται
3488 2309 3502 2322 ⁸
3529 2293 3652 2351 διότι
3676 2297 3700 2345 6
3723 2294 3794 2364 μὲν

2276 2379 2526 2449 ἀληθινὸς
2545 2379 2676 2444 Θεδς
2704 2382 2760 2432 ὲν
2772 2379 2850 2450 τῷ
2874 2379 3188 2453 Εὐαγγελίῳ
3214 2382 3587 2453 προσείρηται,
3607 2385 3633 2436 6
3651 2384 3699 2436 δὲ
3717 2402 3797 2452 χωο

2280 2470 2364 2542 ρὶς
2395 2471 2494 2541 τῆς
2516 2471 2609 2523 τοῦ
2646 2470 2934 2540 ἀληθινοῦ
2966 2472 3296 2543 προσθήκης.
3335 2474 3463 2536 Πῶς
3488 2472 3578 2526 οὖν
3617 2477 3642 2528 6
3673 2476 3795 2539 αὐτὸς

2278 2560 2454 2630 λόγος,
2503 2562 2597 2645 ἐπὶ
2650 2564 2748 2632 μὲν
2776 2564 2874 2634 τῆς
2911 2562 3163 2634 θεότητος
3201 2565 3429 2636 αὔξησιν
3451 2584 3464 2596 ·
3489 2548 3496 2555 ’
3522 2567 3609 2619 ἐπὶ
3638 2567 3686 2619 δὲ
3727 2566 3795 2619 τοῦ

2281 2655 2457 2724 φωτὸς
2498 2655 2788 2709 ἐλάττωσιν
2820 2656 2912 2709 τοῦ
2952 2657 3238 2726 νοουμένου
3291 2659 3582 2729 σημαίνεις
3624 2661 3678 2711 Εἰ
3719 2661 3795 2729 γὰρ

2280 2744 2369 2798 διὰ
2390 2745 2545 2799 τοῦτο
2584 2748 2802 2817 μείζονα
2845 2748 2953 2803 τοῦ,
2978 2747 3106 2801 Υίοῦ
3148 2749 3239 2803 τὸν
3270 2751 3489 2823 Πατέρα
3541 2752 3705 2821 φασὶν,
3739 2752 3796 2803 ὅτι

2282 2837 2528 2907 ἀληθινὸς
2552 2838 2683 2902 Θεός
2713 2840 2847 2902 ἐστι,
2879 2841 3018 2895 κατὰ
3049 2842 3138 2895 τὸν
3170 2843 3332 2896 αὐτὸν
3369 2843 3525 2912 λόγον
3556 2846 3730 2914 μείζων
3750 2843 3797 2896 ἂν

2282 2929 2636 3001 ὁμολογηθείη
2667 2931 2758 2984 τοῦ
2786 2932 2995 3004 [ἰατρὸς
3020 2936 3049 2987 6
3082 2934 3234 2997 Υἱὸς,
3283 2935 3362 2987 ὅτι
3395 2935 3425 2986 6
3456 2935 3570 3006 μὲν,
3600 2935 3798 3003 ἀληθινὸν

2286 3022 2422 3091 φῶς,
2460 3024 2489 3075 6
2534 3022 2588 3075 δὲ
2626 3023 2723 3093 οὐχ
2764 3022 2937 3088 οὕτως
2978 3026 3427 3095 κατονομάζεται.
3495 3026 3641 3079 Ἀλλὰ
3680 3025 3799 3078 τοῦτο

621 3117 763 3174 Deus
789 3126 897 3178 est,
922 3114 1109 3170 eadem
1158 3112 1369 3167 ratione
1398 3110 1558 3165 Patre
1591 3102 1765 3180 major
1794 3109 1962 3165 Filius
1991 3123 2184 3164 conce-

2292 3113 2410 3185 μὲν,
2434 3115 2588 3183 φησὶ,
2618 3115 2678 3168 τὸ
2708 3113 2819 3184 φῶς
2854 3116 2921 3168 τά
2940 3116 3037 3186 τῆς
3076 3117 3485 3190 φιλανθρωπίας
3522 3120 3796 3189 ἐνήργησεν·

621 3212 801 3273 datur,
832 3207 958 3278 quia
987 3206 1073 3259 hic
1095 3204 1313 3274 quidem
1349 3218 1476 3257 vera
1508 3204 1621 3266 lux,
1660 3204 1751 3257 ille
1790 3220 1899 3257 non
1934 3203 2015 3257 sic
2060 3219 2189 3273 cog-

622 3300 952 3356 nominatur.
986 3295 1093 3351 Sed
1127 3296 1240 3349 haec
1270 3294 1485 3365 quidem
1520 3296 1634 3355 lux,
1677 3295 1875 3364 inquit,
1904 3311 2024 3365 quae
2063 3304 2189 3350 sunt

623 3374 1001 3454 humanitatis,
1033 3396 1255 3457 operata
1273 3393 1378 3448 est,
1408 3385 1496 3438 illa
1517 3400 1646 3439 vero
1677 3385 1743 3438 ad
1768 3386 1930 3440 talem
1957 3387 2188 3456 gratiam

624 3482 873 3539 inelllcax
908 3490 962 3535 et
991 3480 1165 3533 oti‘osa
1218 3478 1439 3532 mansit.
1481 3475 1665 3531 Novus
1700 3478 2031 3547 praalationis
2076 3479 2190 3533 sive

625 3574 992 3647 prmrogativte
1016 3571 1227 3627 modus.
1280 3568 1434 3636 Quod
1470 3570 1707 3624 otiosum
1737 3569 1835 3624 fuit
1863 3571 1927 3625 ad
1956 3571 2191 3627 benevo-

628 3667 846 3722 lentiam
873 3665 928 3719 in
971 3679 1142 3735 genus
1186 3662 1506 3724 humanum,
1554 3676 1618 3716 eo
1643 3662 1734 3731 qui
1780 3670 2036 3732 Operatus
2086 3673 2189 3727 est,

627 3758 880 3830 superius
908 3755 1174 3824 judicant.
1205 3752 1311 3807 Sed
1350 3767 1525 3822 neque
1562 3760 1667 3817 est,
1725 3768 1900 3823 neque
1950 3754 2053 3808 erit
2088 3769 2190 3807 uu-

628 3865 790 3922 quam
825 3848 965 3902 inter
985 3845 1327 3901 Christianos
1355 3845 1525 3909 notio,
1561 3858 1657 3913 per
1701 3859 1863 3913 quam
1896 3852 2157 3914 praestrua
2179 3873 2191 3882 η

628 3951 717 3997 tur
745 3955 853 3995 non
882 3951 1041 3993 omne
1078 3936 1301 3999 bonum,
1328 3934 1471 4004 quod
1507 3933 1725 4003 quidem
1766 3944 1851 3988 est
1898 3934 2187 4003 ejusmodi,

627 4049 693 4090 ex
715 4031 879 4086 Patre
902 4042 1120 4085 causam
1156 4027 1376 4080 habere.
1423 4025 1695 4081 Bonorum
1743 4034 1923 4081 autem
1975 4034 2191 4080 nostro-

629 4140 748 4181 rum
801 4128 982 4193 caput.
1029 4119 1095 4173 ad
1143 4120 1310 4174 vitam
1365 4118 1560 4171 reditio
1603 4116 1745 4186 apud
1802 4117 2095 4187 prudentes
2138 4125 2192 4170 et

629 4224 774 4272 recte
808 4213 1100 4269 sentientes
1138 4210 1413 4263 creditur:
1459 4208 1573 4262 haec
1614 4217 1790 4263 autem
1839 4224 1934 4277 pi't'
1980 4206 2191 4261 Domini

629 4308 1011 4368 oeconomiam,
1036 4304 1150 4373 sive
1171 4302 1623 4363 incarnationem,
1638 4297 1840 4365 optime
1859 4294 2089 4363 perfecta
2110 4309 2193 4353 est

630 4411 683 4457 et
721 4399 1031 4468 adimpleta,
1059 4393 1218 4450 Patre
1248 4394 1464 4463 interim
1496 4408 1606 4447 non
1625 4395 1800 4446 otioso
1824 4399 1876 4445 et
1899 4388 2190 4453 ineﬂicat-e,

2290 3207 2463 3259 ἐκεῖνο
2475 3205 2532 3259 δὲ
2560 3206 2692 3276 πρὸς
2708 3207 2806 3276 τὴν
2822 3206 3071 3277 τοιαύτην
3097 3209 3254 3280 χάριν
3271 3210 3424 3263 ἀνενέ
3432 3227 3621 3281 ργητον
3641 3210 3797 3279 ἔμεινε.

2289 3297 2487 3361 Καινὺς
2536 3300 2910 3368 προτιμήσεως
2947 3299 3144 3370 τρόπος
3167 3315 3182 3330 ’
3227 3300 3288 3353 τδ
3318 3302 3591 3372 ἄπρακτον
3620 3302 3688 3362 εἰς
3712 3299 3800 3366 φιλ-

2288 3388 2619 3460 ανθρωπίαν,
2654 3389 2747 3442 τοῦ
2783 3392 3174 3462 ὲνεργήσαντος
3224 3392 3523 3464 ὑπέρτερον
3555 3393 3797 3463 κρίνουσιν.

2302 3480 2438 3534 Ἀλλ’
2464 3480 2584 3534 οὐδέ
2609 3481 2778 3544 ἐστιν,
2801 3480 2924 3535 οὔτε
2956 3485 3240 3552 γενήσεται
3266 3483 3507 3537 τοιοῦτον
3531 3487 3584 3536 ἐν
3600 3484 3801 3553 Χριστιαο

2288 3573 2398 3634 νοϊς
2430 3588 2558 3624 ποτε
2588 3571 2784 3642 νόημα,
2817 3572 2882 3625 δι’
2903 3570 2963 3628 οὗ
2997 3575 3463 3639 κατασκευάζεται
3498 3576 3569 3646 μὴ
3594 3576 3685 3629 πᾶν
3700 3574 3801 3637 ἀγα·

2290 3660 2399 3726 θδν,
2441 3663 2631 3733 ὅτιπερ
2671 3665 2728 3715 ὲν
2771 3667 2884 3727 τοῖς
2910 3666 3170 3730 τοιούτοις
3215 3667 3388 3732 ἐστὶν,
3430 3669 3492 3721 ἐκ
3518 3685 3604 3719 του
3637 3664 3801 3733 Πατρδς

2287 3752 2386 3823 τὴν
2409 3754 2585 3807 αίτίαν
2613 3753 2756 3824 ἔχειν
2776 3772 2789 3787 ·
2819 3755 2927 3809 τῶν
2947 3755 3005 3809 δὲ
3032 3756 3152 3810 καθ’
3189 3760 3335 3827 ἡμᾶς
3361 3760 3574 3827 ἀγαθῶν
3596 3757 3650 3810 τὸ
3672 3758 3800 3823 uectio

2288 3842 2517 3915 Miami}
2557 3846 2691 3915 πρὸς
2712 3847 2810 3917 τὴν
2843 3844 2988 3919 ζωὴν
3031 3849 3285 3914 ἐπάνοδος
3313 3853 3461 3922 παρὰ
3488 3854 3595 3914 τοῖς
3620 3845 3671 3903 εὖ
3701 3864 3800 3916 φρο-

2288 3935 2437 3989 νοῦσι
2482 3938 2819 3991 πιστεύεται*
2854 3939 2991 4012 αὓτη
3025 3940 3082 3993 δὲ
3120 3941 3210 3996 διὰ
3251 3944 3349 4013 τῆς
3389 3944 3529 3998 κατὰ
3570 3942 3801 4012 ἄνθρωπον

2288 4033 2593 4098 οἰκονομίας
2638 4033 2730 4086 τοῦ
2761 4035 2966 4105 Κυρίου
3011 4036 3386 4109 κατώρθωται,
3430 4040 3527 4091 οὐκ
3569 4037 3800 4107 ἀπράκτου

2291 4123 2384 4174 καὶ
2414 4123 2795 4194 άνενεργήτου,
2831 4123 3014 4187 καθὼς
3041 4127 3073 4195 ἡ
3097 4127 3306 4198 αἵρεσις
3340 4126 3604 4195 βούλεται,
3628 4122 3709 4177 τοῦ
3729 4123 3805 4175 [la-

2290 4212 2418 4282 ’πρὸς
2450 4213 2507 4265 ἐν
2532 4212 2609 4283 τῷ
2651 4213 2826 4286 καιρῷ
2864 4214 2966 4285 τῆς
2995 4218 3296 4287 οίκονομίας
3328 4219 3705 4279 άπιδιάσαντος.
3748 4209 3802 4265 Οὔ

2292 4303 2401 4372 γάρ
2432 4303 2587 4357 τοῦτο
2618 4305 2949 4361 ἐνδείκνυται
2978 4299 3198 4361 ὀέίπὼν
3228 4348 3242 4369 ,
3282 4310 3364 4363 ὅτι
3403 4311 3466 4363 Ὀ
3493 4308 3709 4378 πέμψας
3730 4320 3801 4373 με.

2290 4395 2416 4464 μετ’
2456 4395 2603 4463 ἐμοῦ
2654 4397 2806 4459 ἐστι,
2861 4399 2971 4460 καὶ,
3002 4400 3058 4452 '0
3121 4401 3321 4467 Πατὴρ
3366 4401 3437 4454 ἐν
3472 4401 3595 4471 ἐμοὶ
3629 4398 3801 4468 μένων.

633 4493 775 4548 sicut
821 4488 1039 4543 haeresis
1094 4486 1288 4557 cupide
1338 4485 1639 4551 contendit,
1694 4494 1931 4552 tempore
1976 4497 2184 4537 (emno-

2297 4482 2459 4536 ποιεῖ
2483 4485 2555 4537 τὰ
2592 4487 2737 4556 ἔργα
2774 4489 2978 4545 ταῦτα.
3041 4489 3165 4554 Πῶς
3194 4486 3286 4544 οὖν
3313 4493 3345 4561 ἡ
3390 4492 3592 4563 αἵρεσις
3614 4481 3803 4560 μόνῳτῷ

631 4581 753 4634 mine
778 4579 892 4633 sive
910 4576 1337 4647 dispensationis
1362 4574 1502 4644 apud
1525 4590 1583 4630 se
1610 4586 1879 4628 manente.
1910 4572 2026 4626 Non
2049 4572 2191 4627 enim

632 4673 733 4727 hoc
745 4672 1101 4732 demonstrat,
1118 4669 1209 4738 qui
1229 4668 1365 4721 dixit
1384 4683 1396 4717 :
1417 4669 1671 4734 Quintisit
1686 4684 1785 4730 me,
1812 4682 2007 4719 mecum
2027 4676 2103 4718 est
2127 4664 2190 4729 “;

630 4773 702 4827 et,
742 4763 900 4818 Pater
927 4762 981 4816 in
1012 4777 1090 4815 me
1113 4765 1328 4814 manens
1359 4758 1468 4814 haec
1497 4772 1652 4827 opera
1678 4757 1805 4827 facit
1829 4760 1892 4810 ”.
1912 4757 2192 4823 Quomodo

631 4859 796 4931 igitur
834 4857 1055 4912 haeresis
1095 4855 1318 4924 gratiam
1347 4868 1466 4922 qua:
1496 4854 1669 4906 nostri
1702 4867 1866 4905 causa
1906 4851 2042 4904 facta
2084 4858 2188 4913 est,

633 4952 731 5006 soli
767 4949 901 5005 Filio
930 4949 1256 5006 attribuens,
1302 4944 1599 5013 gratiarum
1635 4945 1863 4998 actionis
1904 4957 1998 5011 pro
2031 4941 2192 4995 colla-

631 5044 703 5098 tis
737 5042 789 5096 in
822 5056 922 5095 nos
968 5038 1243 5094 beneficiis
1274 5036 1485 5093 Patrem
1517 5036 1649 5090 facit
1693 5035 2005 5090 exsortem?
2052 5034 2194 5088 Solis

631 5134 772 5188 enim
821 5128 1262 5185 benel‘artoribus
1310 5127 1605 5198 gratiarum
1642 5128 1870 5179 acliouis
1910 5125 2194 5177 retributio

632 5222 863 5278 naturali
889 5221 1099 5276 ratione
1125 5219 1376 5274 debetur.
1424 5216 1525 5283 Qui
1561 5226 1737 5269 autem
1772 5215 1836 5267 ad
1875 5214 2193 5268 beneﬁcium

631 5313 1021 5371 conferendum
1072 5322 1156 5368 est
1211 5314 1502 5381 impotens.
1568 5317 1720 5362 extra
1773 5321 2056 5359 nun'erum
2110 5314 2195 5361 est

630 5422 815 5464 eorum
842 5407 928 5461 cui
951 5405 1137 5477 gratim
1160 5418 1257 5474 pro
1285 5404 1414 5456 dato
1444 5398 1707 5455 beneﬁcio
1743 5407 2005 5466 agmuur.
2028 5394 2194 5452 Vides

633 5508 691 5552 ut
716 5513 809 5567 per
832 5497 1014 5551 omnia
1048 5495 1180 5566 ipsis
1212 5494 1267 5547 in
1294 5491 1625 5546 contrarium
1666 5486 1806 5541 cedit
1848 5487 2197 5556 blasphemia:

638 5604 832 5652 scapus
869 5589 1131 5642 adversus
1155 5584 1527 5656 Unigenitum,
1584 5596 1707 5636 cum
1753 5595 1816 5633 ex
1853 5593 2195 5649 consequen-

740 5766 958 5826 “Joan.
989 5782 1051 5836 ν,
1081 5763 1172 5822 2L
1238 5765 1443 5821 “ibid.
1481 5766 1568 5820 Ξῖ.
1647 5764 1692 5794 ’⁵
1728 5761 1886 5817 Joan.
1923 5776 2034 5827 xiv,
2066 5759 2152 5816 10.

2298 4574 2413 4646 Υίῷ
2439 4576 2535 4647 τὴν
2558 4578 2697 4650 ὑπὲρ
2721 4581 2752 4649 ἡ
2761 4580 2874 4651 μῶν
2902 4582 3059 4651 χάριν
3097 4585 3603 4657 προσμαρτυροῦσα,
3624 4579 3803 4649 ἀπόμοι-

2301 4684 2392 4739 ρον
2420 4672 2565 4722 ποιεῖ
2594 4670 2684 4724 τὸν
2709 4672 2926 4742 Πατέρα
2952 4675 3050 4745 τῆς
3085 4676 3174 4726 ἐπὶ
3197 4677 3308 4738 τοῖς
3332 4675 3717 4748 κατορθώμασιν
3740 4667 3804 4719 εὑ·

2296 4760 2621 4831 χαριστίας;
2691 4763 2888 4827 Μόνοις
2914 4766 3020 4836 γὰρ
3068 4767 3207 4819 κατὰ
3248 4766 3407 4835 φύσιν
3443 4767 3690 4837 ὀφείλεται
3722 4762 3803 4817 τοῖς

2297 4851 2612 4921 εὐεργέταις
2650 4854 2683 4922 ἡ
2731 4854 2827 4924 τῆς
2862 4856 3205 4926 εὐχαριστίας
3240 4860 3532 4923 ἀντίδοσις·
3558 4861 3584 4911 ὀ
3622 4857 3671 4910 δὲ
3704 4850 3802 4921 πρὸς

2299 4943 2611 5011 εὐεργεσίαν
2637 4944 2917 5024 ἀδύνατος,
2942 4948 3045 5012 ἔξω
3070 4948 3163 5000 τοῦ
3191 4950 3616 5020 εὐχαριστεῖσθαι
3638 4945 3802 5000 πάντως

2298 5033 2467 5088 ἐστίν.
2518 5034 2677 5106 Ὁρᾷς
2705 5036 2781 5098 ὠς
2818 5036 2905 5088 διά
2937 5037 3152 5091 πάντων
3182 5039 3362 5103 αὐτοῖς
3392 5042 3525 5110 πρὸς
3554 5030 3801 5090 τούναντίον

2298 5125 2327 5176 6
2373 5124 2573 5188 σκοπὸς
2622 5126 3007 5198 περιτρέπεται
3051 5129 3149 5198 τῆς
3209 5130 3348 5183 κατὰ
3393 5131 3484 5184 τοῦ
3527 5118 3800 5193 Μονογενοῦς

2302 5216 2665 5289 βλασφημίας,
2703 5222 2842 5275 κατὰ
2872 5222 2934 5275 τὸ
2956 5223 3243 5277 ἀκόλουθον
3266 5226 3357 5278 ἐπὶ
3394 5226 3482 5278 τὸν
3515 5221 3706 5291 Πατέρα
3729 5231 3798 5286 με·

2300 5310 2681 5383 ταόαινούσης.
2741 5314 2848 5366 Καί
2900 5332 2989 5385 μοι
3026 5314 3173 5367 δοκεῖ
3202 5319 3320 5368 κατ’
3363 5318 3595 5384 ἀνάγκην
3618 5307 3799 5363 τοιοῦτον

2301 5401 2636 5471 συμϐαίνειν.
2673 5402 2732 5456 El
2772 5403 2880 5476 γὰρ
2917 5407 2946 5456 ὁ
2975 5406 3144 5476 τιμῶν
3173 5407 3265 5461 τὸν
3296 5408 3421 5460 Υἱὸν
3470 5407 3592 5476 τιμᾷ
3624 5403 3699 5454 τὸν
3724 5397 3799 5449 Πα-

2298 5494 2452 5565 τέρα,
2482 5495 2621 5547 κατά
2643 5494 2741 5564 τὴν
2772 5495 2921 5549 θείαν
2949 5498 3240 5567 ἀπόφασιν,
3264 5498 3428 5570 ’δῆλον
3453 5499 3527 5552 ὅτι
3554 5494 3677 5560 καὶή
3700 5484 3797 5555 πρδὲ

2300 5584 2360 5639 τὸ
2387 5586 2627 5639 ἐναντίον
2667 5586 2807 5641 κατὰ
2866 5589 2957 5642 τοῦ
2989 5588 3117 5643 Υἱοῦ
3159 5590 3378 5662 σπουδὴ,
3413 5591 3499 5644 ἐπὶ
3527 5588 3609 5641 τὸν
3633 5580 3796 5645 Bari?!
