  <div class='ocr_page' id='page_1' title='image "/cluster/home/n/w/nwhite01/storage/ocr_20150623/45/hvd.32044019826437/455.png"; bbox 0 0 4034 6472; ppageno 0'>
   <div class='ocr_carea' id='block_1_1' title="bbox 639 335 744 388">
    <p class='ocr_par' dir='ltr' id='par_1_1' title="bbox 639 335 744 388">
     <span class='ocr_line' id='line_1_1' title="bbox 639 335 744 388; baseline 0.01 -1"><span class='ocrx_word' id='word_1_1' title='bbox 639 335 744 388; x_wconf 77' lang='lat'><strong>905</strong></span> 
     </span>
    </p>
   </div>
   <div class='ocr_carea' id='block_1_2' title="bbox 1879 330 2202 410">
    <p class='ocr_par' dir='ltr' id='par_1_2' title="bbox 1879 330 2202 388">
     <span class='ocr_line' id='line_1_2' title="bbox 1879 330 2202 388; baseline 0.019 -5"><span class='ocrx_word' id='word_1_2' title='bbox 1879 330 1938 384; x_wconf 88' lang='lat' dir='ltr'><strong>S.</strong></span> <span class='ocrx_word' id='word_1_3' title='bbox 1969 331 2202 388; x_wconf 68' lang='grc' dir='ltr'>σιυεϐο</span> 
     </span>
    </p>
   </div>
   <div class='ocr_carea' id='block_1_3' title="bbox 2297 330 3798 410">
    <p class='ocr_par' dir='ltr' id='par_1_3' title="bbox 2297 332 3798 410">
     <span class='ocr_line' id='line_1_3' title="bbox 2297 332 3798 410; baseline 0.013 -23"><span class='ocrx_word' id='word_1_4' title='bbox 2297 334 2298 386; x_wconf 80' lang='grc' dir='ltr'>Ῐ</span> <span class='ocrx_word' id='word_1_5' title='bbox 2333 332 2625 391; x_wconf 69' lang='lat' dir='ltr'><strong>NYSSENI</strong></span> <span class='ocrx_word' id='word_1_6' title='bbox 3719 352 3798 410; x_wconf 73' lang='grc' dir='ltr'><strong>9οι</strong></span> 
     </span>
    </p>
   </div>
   <div class='ocr_carea' id='block_1_4' title="bbox 638 446 2202 534">
    <p class='ocr_par' dir='ltr' id='par_1_4' title="bbox 638 446 2202 520">
     <span class='ocr_line' id='line_1_4' title="bbox 638 446 2202 520; baseline 0 -16"><span class='ocrx_word' id='word_1_7' title='bbox 638 463 794 520; x_wconf 74' lang='lat' dir='ltr'><strong>plura</strong></span> <span class='ocrx_word' id='word_1_8' title='bbox 820 449 981 518; x_wconf 84' lang='lat' dir='ltr'><strong>hujus</strong></span> <span class='ocrx_word' id='word_1_9' title='bbox 1019 446 1312 518; x_wconf 74' lang='lat' dir='ltr'><strong>impietatis</strong></span> <span class='ocrx_word' id='word_1_10' title='bbox 1327 446 1685 517; x_wconf 73' lang='lat' dir='ltr'><strong>patrocinium</strong></span> <span class='ocrx_word' id='word_1_11' title='bbox 1714 446 1930 516; x_wconf 81' lang='lat' dir='ltr'><strong>aliquod</strong></span> <span class='ocrx_word' id='word_1_12' title='bbox 1952 464 2060 503; x_wconf 90' lang='lat' dir='ltr'><strong>non</strong></span> <span class='ocrx_word' id='word_1_13' title='bbox 2082 450 2202 504; x_wconf 78' lang='lat' dir='ltr'><strong>licet</strong></span> 
     </span>
    </p>
   </div>
   <div class='ocr_carea' id='block_1_5' title="bbox 2297 446 3802 534">
    <p class='ocr_par' dir='ltr' id='par_1_5' title="bbox 2305 453 3802 534">
     <span class='ocr_line' id='line_1_5' title="bbox 2305 453 3802 534; baseline 0.011 -29"><span class='ocrx_word' id='word_1_14' title='bbox 2305 469 2399 520; x_wconf 92' lang='grc' dir='ltr'><strong>γος</strong></span> <span class='ocrx_word' id='word_1_15' title='bbox 2446 453 2629 517; x_wconf 76' lang='grc' dir='ltr'>αὐτοῖς</span> <span class='ocrx_word' id='word_1_16' title='bbox 2673 454 2772 524; x_wconf 76' lang='grc' dir='ltr'>τὴν</span> <span class='ocrx_word' id='word_1_17' title='bbox 2822 457 2971 526; x_wconf 79' lang='grc' dir='ltr'>ίσχὺν</span> <span class='ocrx_word' id='word_1_18' title='bbox 3000 456 3130 527; x_wconf 81' lang='grc' dir='ltr'>ἔχει.</span> <span class='ocrx_word' id='word_1_19' title='bbox 3185 460 3398 522; x_wconf 84' lang='grc' dir='ltr'>πάντως</span> <span class='ocrx_word' id='word_1_20' title='bbox 3437 461 3532 515; x_wconf 85' lang='grc' dir='ltr'><strong>οὐκ</strong></span> <span class='ocrx_word' id='word_1_21' title='bbox 3572 464 3734 534; x_wconf 72' lang='grc' dir='ltr'>ἄδηλον</span> <span class='ocrx_word' id='word_1_22' title='bbox 3763 473 3802 523; x_wconf 79' lang='grc' dir='ltr'><strong>τί</strong></span> 
     </span>
    </p>
   </div>
   <div class='ocr_carea' id='block_1_6' title="bbox 635 539 2204 610">
    <p class='ocr_par' dir='ltr' id='par_1_6' title="bbox 635 539 2204 610">
     <span class='ocr_line' id='line_1_6' title="bbox 635 539 2204 610; baseline 0.001 -16"><span class='ocrx_word' id='word_1_23' title='bbox 635 541 914 607; x_wconf 88' lang='lat' dir='ltr'><strong>invenire,</strong></span> <span class='ocrx_word' id='word_1_24' title='bbox 969 540 1063 594; x_wconf 91' lang='lat' dir='ltr'><strong>sed</strong></span> <span class='ocrx_word' id='word_1_25' title='bbox 1123 553 1186 592; x_wconf 85' lang='lat' dir='ltr'><strong>ex</strong></span> <span class='ocrx_word' id='word_1_26' title='bbox 1246 539 1661 610; x_wconf 80' lang='lat' dir='ltr'><strong>hieroglyphicis</strong></span> <span class='ocrx_word' id='word_1_27' title='bbox 1712 541 2034 608; x_wconf 68' lang='lat' dir='ltr'><strong>aanigmatis,</strong></span> <span class='ocrx_word' id='word_1_28' title='bbox 2089 542 2204 596; x_wconf 82' lang='lat' dir='ltr'><strong>sive</strong></span> 
     </span>
    </p>
   </div>
   <div class='ocr_carea' id='block_1_7' title="bbox 639 627 2205 701">
    <p class='ocr_par' dir='ltr' id='par_1_7' title="bbox 639 627 2205 701">
     <span class='ocr_line' id='line_1_7' title="bbox 639 627 2205 701; baseline 0.001 -17"><span class='ocrx_word' id='word_1_29' title='bbox 639 630 939 685; x_wconf 84' lang='lat' dir='ltr'><strong>involucris</strong></span> <span class='ocrx_word' id='word_1_30' title='bbox 961 627 1360 701; x_wconf 65' lang='lat' dir='ltr'><strong>Egyptiorum,</strong></span> <span class='ocrx_word' id='word_1_31' title='bbox 1385 644 1562 683; x_wconf 80' lang='lat' dir='ltr'><strong>sermo</strong></span> <span class='ocrx_word' id='word_1_32' title='bbox 1592 629 1830 700; x_wconf 88' lang='lat' dir='ltr'><strong>ipsormn</strong></span> <span class='ocrx_word' id='word_1_33' title='bbox 1867 631 2031 684; x_wconf 89' lang='lat' dir='ltr'><strong>robur</strong></span> <span class='ocrx_word' id='word_1_34' title='bbox 2046 630 2205 686; x_wconf 82' lang='lat' dir='ltr'><strong>habet</strong></span> 
     </span>
    </p>
   </div>
   <div class='ocr_carea' id='block_1_8' title="bbox 635 721 2206 792">
    <p class='ocr_par' dir='ltr' id='par_1_8' title="bbox 635 721 2206 792">
     <span class='ocr_line' id='line_1_8' title="bbox 635 721 2206 792; baseline 0.003 -18"><span class='ocrx_word' id='word_1_35' title='bbox 635 722 885 792; x_wconf 83' lang='lat' dir='ltr'><strong>profecto</strong></span> <span class='ocrx_word' id='word_1_36' title='bbox 933 737 1041 776; x_wconf 86' lang='lat' dir='ltr'><strong>non</strong></span> <span class='ocrx_word' id='word_1_37' title='bbox 1075 721 1369 777; x_wconf 89' lang='lat' dir='ltr'><strong>obscurum</strong></span> <span class='ocrx_word' id='word_1_38' title='bbox 1403 721 1532 790; x_wconf 90' lang='lat' dir='ltr'><strong>quid</strong></span> <span class='ocrx_word' id='word_1_39' title='bbox 1590 721 1727 776; x_wconf 86' lang='lat' dir='ltr'><strong>bene</strong></span> <span class='ocrx_word' id='word_1_40' title='bbox 1785 723 2078 778; x_wconf 75' lang='lat' dir='ltr'><strong>sentientes</strong></span> <span class='ocrx_word' id='word_1_41' title='bbox 2107 725 2206 778; x_wconf 84' lang='lat' dir='ltr'><strong>ho-</strong></span> 
     </span>
    </p>
   </div>
   <div class='ocr_carea' id='block_1_9' title="bbox 633 812 2206 882">
    <p class='ocr_par' dir='ltr' id='par_1_9' title="bbox 633 812 2206 882">
     <span class='ocr_line' id='line_1_9' title="bbox 633 812 2206 882; baseline 0.001 -15"><span class='ocrx_word' id='word_1_42' title='bbox 633 814 811 868; x_wconf 84' lang='lat' dir='ltr'><strong>mines</strong></span> <span class='ocrx_word' id='word_1_43' title='bbox 849 813 914 868; x_wconf 91' lang='lat' dir='ltr'><strong>de</strong></span> <span class='ocrx_word' id='word_1_44' title='bbox 955 813 1042 869; x_wconf 89' lang='lat' dir='ltr'><strong>his</strong></span> <span class='ocrx_word' id='word_1_45' title='bbox 1071 812 1262 867; x_wconf 89' lang='lat' dir='ltr'><strong>deceat</strong></span> <span class='ocrx_word' id='word_1_46' title='bbox 1289 813 1545 882; x_wconf 81' lang='lat' dir='ltr'><strong>cogitare.</strong></span> <span class='ocrx_word' id='word_1_47' title='bbox 1573 812 1726 878; x_wconf 86' lang='lat' dir='ltr'><strong>Quod</strong></span> <span class='ocrx_word' id='word_1_48' title='bbox 1757 821 1934 867; x_wconf 90' lang='lat' dir='ltr'><strong>autem</strong></span> <span class='ocrx_word' id='word_1_49' title='bbox 1970 829 2078 868; x_wconf 91' lang='lat' dir='ltr'><strong>non</strong></span> <span class='ocrx_word' id='word_1_50' title='bbox 2114 830 2206 868; x_wconf 84' lang='lat' dir='ltr'><strong>ca-</strong></span> 
     </span>
    </p>
   </div>
   <div class='ocr_carea' id='block_1_10' title="bbox 633 904 2206 974">
    <p class='ocr_par' dir='ltr' id='par_1_10' title="bbox 633 904 2206 974">
     <span class='ocr_line' id='line_1_10' title="bbox 633 904 2206 974; baseline 0.001 -16"><span class='ocrx_word' id='word_1_51' title='bbox 633 906 905 961; x_wconf 88' lang='lat' dir='ltr'><strong>lumniose</strong></span> <span class='ocrx_word' id='word_1_52' title='bbox 949 913 1004 960; x_wconf 91' lang='lat' dir='ltr'><strong>et</strong></span> <span class='ocrx_word' id='word_1_53' title='bbox 1040 905 1343 974; x_wconf 89' lang='lat' dir='ltr'><strong>petulanter</strong></span> <span class='ocrx_word' id='word_1_54' title='bbox 1373 904 1512 958; x_wconf 85' lang='lat' dir='ltr'><strong>hanc</strong></span> <span class='ocrx_word' id='word_1_55' title='bbox 1553 905 1982 958; x_wconf 88' lang='lat' dir='ltr'><strong>criminationem</strong></span> <span class='ocrx_word' id='word_1_56' title='bbox 2020 905 2206 961; x_wconf 81' lang='lat' dir='ltr'><strong>inferi-</strong></span> 
     </span>
    </p>
   </div>
   <div class='ocr_carea' id='block_1_11' title="bbox 634 999 2206 1069">
    <p class='ocr_par' dir='ltr' id='par_1_11' title="bbox 634 999 2206 1069">
     <span class='ocr_line' id='line_1_11' title="bbox 634 999 2206 1069; baseline 0.001 -16"><span class='ocrx_word' id='word_1_57' title='bbox 634 1015 779 1064; x_wconf 89' lang='lat' dir='ltr'><strong>mus,</strong></span> <span class='ocrx_word' id='word_1_58' title='bbox 821 1000 936 1069; x_wconf 91' lang='lat' dir='ltr'><strong>ipse</strong></span> <span class='ocrx_word' id='word_1_59' title='bbox 967 999 1123 1053; x_wconf 86' lang='lat' dir='ltr'><strong>nobis</strong></span> <span class='ocrx_word' id='word_1_60' title='bbox 1151 999 1304 1054; x_wconf 89' lang='lat' dir='ltr'><strong>testis</strong></span> <span class='ocrx_word' id='word_1_61' title='bbox 1349 1014 1416 1053; x_wconf 79' lang='lat' dir='ltr'><strong>ex</strong></span> <span class='ocrx_word' id='word_1_62' title='bbox 1443 999 1682 1068; x_wconf 86' lang='lat' dir='ltr'><strong>propriis</strong></span> <span class='ocrx_word' id='word_1_63' title='bbox 1737 999 2080 1055; x_wconf 87' lang='lat' dir='ltr'><strong>sermonibus</strong></span> <span class='ocrx_word' id='word_1_64' title='bbox 2112 999 2206 1054; x_wconf 85' lang='lat' dir='ltr'><strong>fiat</strong></span> 
     </span>
    </p>
   </div>
   <div class='ocr_carea' id='block_1_12' title="bbox 633 1089 2204 1160">
    <p class='ocr_par' dir='ltr' id='par_1_12' title="bbox 633 1089 2204 1160">
     <span class='ocr_line' id='line_1_12' title="bbox 633 1089 2204 1160; baseline 0.002 -16"><span class='ocrx_word' id='word_1_65' title='bbox 633 1089 957 1145; x_wconf 86' lang='lat' dir='ltr'><strong>Eunomius.</strong></span> <span class='ocrx_word' id='word_1_66' title='bbox 988 1090 1090 1155; x_wconf 87' lang='lat' dir='ltr'><strong>Qui</strong></span> <span class='ocrx_word' id='word_1_67' title='bbox 1128 1090 1426 1160; x_wconf 90' lang='lat' dir='ltr'><strong>ingenitum</strong></span> <span class='ocrx_word' id='word_1_68' title='bbox 1454 1089 1693 1159; x_wconf 90' lang='lat' dir='ltr'><strong>quidem,</strong></span> <span class='ocrx_word' id='word_1_69' title='bbox 1730 1089 1906 1144; x_wconf 84' lang='lat' dir='ltr'><strong>lucem</strong></span> <span class='ocrx_word' id='word_1_70' title='bbox 1959 1091 2204 1147; x_wconf 87' lang='lat' dir='ltr'><strong>inacces-</strong></span> 
     </span>
    </p>
   </div>
   <div class='ocr_carea' id='block_1_13' title="bbox 635 1180 2202 1252">
    <p class='ocr_par' dir='ltr' id='par_1_13' title="bbox 635 1180 2202 1252">
     <span class='ocr_line' id='line_1_13' title="bbox 635 1180 2202 1252; baseline 0.003 -18"><span class='ocrx_word' id='word_1_71' title='bbox 635 1197 751 1235; x_wconf 91' lang='lat' dir='ltr'><strong>sam</strong></span> <span class='ocrx_word' id='word_1_72' title='bbox 801 1183 1055 1251; x_wconf 80' lang='lat' dir='ltr'><strong>appellat,</strong></span> <span class='ocrx_word' id='word_1_73' title='bbox 1108 1189 1161 1235; x_wconf 92' lang='lat' dir='ltr'><strong>et</strong></span> <span class='ocrx_word' id='word_1_74' title='bbox 1207 1180 1274 1235; x_wconf 88' lang='lat' dir='ltr'><strong>ad</strong></span> <span class='ocrx_word' id='word_1_75' title='bbox 1328 1183 1734 1251; x_wconf 88' lang='lat' dir='ltr'><strong>perpessionum</strong></span> <span class='ocrx_word' id='word_1_76' title='bbox 1778 1184 2202 1252; x_wconf 74' lang='lat' dir='ltr'><strong>experimentum</strong></span> 
     </span>
    </p>
   </div>
   <div class='ocr_carea' id='block_1_14' title="bbox 635 1273 2205 1345">
    <p class='ocr_par' dir='ltr' id='par_1_14' title="bbox 635 1273 2205 1345">
     <span class='ocr_line' id='line_1_14' title="bbox 635 1273 2205 1345; baseline 0.002 -19"><span class='ocrx_word' id='word_1_77' title='bbox 635 1274 750 1326; x_wconf 83' lang='lat' dir='ltr'><strong>sive</strong></span> <span class='ocrx_word' id='word_1_78' title='bbox 793 1273 1146 1328; x_wconf 89' lang='lat' dir='ltr'><strong>tentationem</strong></span> <span class='ocrx_word' id='word_1_79' title='bbox 1182 1274 1368 1329; x_wconf 83' lang='lat' dir='ltr'><strong>venire</strong></span> <span class='ocrx_word' id='word_1_80' title='bbox 1402 1289 1511 1330; x_wconf 89' lang='lat' dir='ltr'><strong>non</strong></span> <span class='ocrx_word' id='word_1_81' title='bbox 1553 1275 1862 1338; x_wconf 85' lang='lat' dir='ltr'><strong>valentem;</strong></span> <span class='ocrx_word' id='word_1_82' title='bbox 1916 1275 1968 1328; x_wconf 88' lang='lat' dir='ltr'><strong>in</strong></span> <span class='ocrx_word' id='word_1_83' title='bbox 2025 1277 2205 1345; x_wconf 84' lang='lat' dir='ltr'><strong>genito</strong></span> 
     </span>
    </p>
   </div>
   <div class='ocr_carea' id='block_1_15' title="bbox 632 1365 2206 1435">
    <p class='ocr_par' dir='ltr' id='par_1_15' title="bbox 632 1365 2206 1435">
     <span class='ocr_line' id='line_1_15' title="bbox 632 1365 2206 1435; baseline 0.003 -17"><span class='ocrx_word' id='word_1_84' title='bbox 632 1379 762 1418; x_wconf 86' lang='lat' dir='ltr'><strong>vero</strong></span> <span class='ocrx_word' id='word_1_85' title='bbox 781 1371 1023 1417; x_wconf 90' lang='lat' dir='ltr'><strong>mutuam</strong></span> <span class='ocrx_word' id='word_1_86' title='bbox 1047 1371 1100 1418; x_wconf 94' lang='lat' dir='ltr'><strong>et</strong></span> <span class='ocrx_word' id='word_1_87' title='bbox 1130 1374 1422 1433; x_wconf 84' lang='lat' dir='ltr'><strong>cognatam</strong></span> <span class='ocrx_word' id='word_1_88' title='bbox 1457 1365 1616 1418; x_wconf 80' lang='lat' dir='ltr'><strong>talem</strong></span> <span class='ocrx_word' id='word_1_89' title='bbox 1644 1365 2056 1435; x_wconf 83' lang='lat' dir='ltr'><strong>dispositionem</strong></span> <span class='ocrx_word' id='word_1_90' title='bbox 2084 1381 2206 1422; x_wconf 84' lang='lat' dir='ltr'><strong>esse</strong></span> 
     </span>
    </p>
   </div>
   <div class='ocr_carea' id='block_1_16' title="bbox 632 1454 2206 1527">
    <p class='ocr_par' dir='ltr' id='par_1_16' title="bbox 632 1454 2206 1527">
     <span class='ocr_line' id='line_1_16' title="bbox 632 1454 2206 1527; baseline 0.003 -19"><span class='ocrx_word' id='word_1_91' title='bbox 632 1454 839 1520; x_wconf 82' lang='lat' dir='ltr'><strong>definit,</strong></span> <span class='ocrx_word' id='word_1_92' title='bbox 875 1463 932 1508; x_wconf 90' lang='lat' dir='ltr'><strong>ut</strong></span> <span class='ocrx_word' id='word_1_93' title='bbox 963 1469 1138 1524; x_wconf 91' lang='lat' dir='ltr'><strong>neque</strong></span> <span class='ocrx_word' id='word_1_94' title='bbox 1164 1456 1446 1526; x_wconf 86' lang='lat' dir='ltr'><strong>unigenito</strong></span> <span class='ocrx_word' id='word_1_95' title='bbox 1474 1455 1602 1519; x_wconf 88' lang='lat' dir='ltr'><strong>Deo,</strong></span> <span class='ocrx_word' id='word_1_96' title='bbox 1631 1471 1864 1526; x_wconf 90' lang='lat' dir='ltr'><strong>quorum</strong></span> <span class='ocrx_word' id='word_1_97' title='bbox 1892 1473 2056 1514; x_wconf 90' lang='lat' dir='ltr'><strong>causa</strong></span> <span class='ocrx_word' id='word_1_98' title='bbox 2089 1473 2206 1527; x_wconf 89' lang='lat' dir='ltr'><strong>pas-</strong></span> 
     </span>
    </p>
   </div>
   <div class='ocr_carea' id='block_1_17' title="bbox 631 1545 2204 1618">
    <p class='ocr_par' dir='ltr' id='par_1_17' title="bbox 631 1545 2204 1618">
     <span class='ocr_line' id='line_1_17' title="bbox 631 1545 2204 1618; baseline 0.001 -18"><span class='ocrx_word' id='word_1_99' title='bbox 631 1560 727 1600; x_wconf 91' lang='lat' dir='ltr'><strong>sus</strong></span> <span class='ocrx_word' id='word_1_100' title='bbox 749 1555 850 1609; x_wconf 89' lang='lat' dir='ltr'><strong>est,</strong></span> <span class='ocrx_word' id='word_1_101' title='bbox 878 1545 1039 1599; x_wconf 91' lang='lat' dir='ltr'><strong>homo</strong></span> <span class='ocrx_word' id='word_1_102' title='bbox 1075 1546 1368 1617; x_wconf 84' lang='lat' dir='ltr'><strong>quidquam</strong></span> <span class='ocrx_word' id='word_1_103' title='bbox 1417 1547 1627 1611; x_wconf 86' lang='lat' dir='ltr'><strong>debeat,</strong></span> <span class='ocrx_word' id='word_1_104' title='bbox 1683 1548 1949 1618; x_wconf 89' lang='lat' dir='ltr'><strong>siquidem</strong></span> <span class='ocrx_word' id='word_1_105' title='bbox 1988 1564 2119 1603; x_wconf 88' lang='lat' dir='ltr'><strong>casu</strong></span> <span class='ocrx_word' id='word_1_106' title='bbox 2150 1557 2204 1604; x_wconf 91' lang='lat' dir='ltr'><strong>et</strong></span> 
     </span>
    </p>
   </div>
   <div class='ocr_carea' id='block_1_18' title="bbox 632 1635 2202 1708">
    <p class='ocr_par' dir='ltr' id='par_1_18' title="bbox 632 1635 2202 1708">
     <span class='ocr_line' id='line_1_18' title="bbox 632 1635 2202 1708; baseline 0.004 -20"><span class='ocrx_word' id='word_1_107' title='bbox 632 1635 854 1690; x_wconf 85' lang='lat' dir='ltr'><strong>fortuito</strong></span> <span class='ocrx_word' id='word_1_108' title='bbox 903 1639 1199 1693; x_wconf 87' lang='lat' dir='ltr'><strong>secundum</strong></span> <span class='ocrx_word' id='word_1_109' title='bbox 1271 1639 1511 1708; x_wconf 90' lang='lat' dir='ltr'><strong>ipsorum</strong></span> <span class='ocrx_word' id='word_1_110' title='bbox 1561 1639 1822 1694; x_wconf 88' lang='lat' dir='ltr'><strong>rationem</strong></span> <span class='ocrx_word' id='word_1_111' title='bbox 1884 1639 1951 1694; x_wconf 92' lang='lat' dir='ltr'><strong>ad</strong></span> <span class='ocrx_word' id='word_1_112' title='bbox 2008 1641 2202 1694; x_wconf 90' lang='lat' dir='ltr'><strong>horum</strong></span> 
     </span>
    </p>
   </div>
   <div class='ocr_carea' id='block_1_19' title="bbox 631 1728 2203 1800">
    <p class='ocr_par' dir='ltr' id='par_1_19' title="bbox 631 1728 2203 1800">
     <span class='ocr_line' id='line_1_19' title="bbox 631 1728 2203 1800; baseline 0.002 -18"><span class='ocrx_word' id='word_1_113' title='bbox 631 1728 1045 1797; x_wconf 86' lang='lat' dir='ltr'><strong>perpessionum</strong></span> <span class='ocrx_word' id='word_1_114' title='bbox 1077 1736 1130 1782; x_wconf 92' lang='lat' dir='ltr'><strong>et</strong></span> <span class='ocrx_word' id='word_1_115' title='bbox 1160 1730 1500 1783; x_wconf 87' lang='lat' dir='ltr'><strong>crucialuum</strong></span> <span class='ocrx_word' id='word_1_116' title='bbox 1540 1729 1924 1799; x_wconf 73' lang='lat' dir='ltr'><strong>experientiam</strong></span> <span class='ocrx_word' id='word_1_117' title='bbox 1949 1729 2203 1800; x_wconf 89' lang='lat' dir='ltr'><strong>delapsus</strong></span> 
     </span>
    </p>
   </div>
   <div class='ocr_carea' id='block_1_20' title="bbox 2305 543 3802 622">
    <p class='ocr_par' dir='ltr' id='par_1_20' title="bbox 2305 543 3802 622">
     <span class='ocr_line' id='line_1_20' title="bbox 2305 543 3802 622; baseline 0.011 -24"><span class='ocrx_word' id='word_1_118' title='bbox 2305 546 2570 614; x_wconf 83' lang='grc' dir='ltr'>προσήκει</span> <span class='ocrx_word' id='word_1_119' title='bbox 2591 548 2714 608; x_wconf 76' lang='grc' dir='ltr'>τοὺς</span> <span class='ocrx_word' id='word_1_120' title='bbox 2731 543 2789 600; x_wconf 86' lang='grc' dir='ltr'><strong>εῦ</strong></span> <span class='ocrx_word' id='word_1_121' title='bbox 2811 549 3135 618; x_wconf 79' lang='grc' dir='ltr'><strong>φρονοῦντας</strong></span> <span class='ocrx_word' id='word_1_122' title='bbox 3157 567 3221 602; x_wconf 87' lang='grc' dir='ltr'><strong>πε</strong></span> <span class='ocrx_word' id='word_1_123' title='bbox 3229 552 3281 622; x_wconf 72' lang='lat' dir='ltr'><strong>pl.</strong></span> <span class='ocrx_word' id='word_1_124' title='bbox 3303 551 3500 606; x_wconf 75' lang='grc' dir='ltr'>τούτων</span> <span class='ocrx_word' id='word_1_125' title='bbox 3519 553 3802 622; x_wconf 84' lang='grc' dir='ltr'>λογίσασθαι.</span> 
     </span>
    </p>
   </div>
   <div class='ocr_carea' id='block_1_21' title="bbox 2307 636 3807 718">
    <p class='ocr_par' dir='ltr' id='par_1_21' title="bbox 2307 636 3807 718">
     <span class='ocr_line' id='line_1_21' title="bbox 2307 636 3807 718; baseline 0.012 -30"><span class='ocrx_word' id='word_1_126' title='bbox 2307 636 2428 689; x_wconf 85' lang='grc' dir='ltr'>Ὅτι</span> <span class='ocrx_word' id='word_1_127' title='bbox 2460 638 2505 690; x_wconf 83' lang='grc' dir='ltr'><strong>δ’</strong></span> <span class='ocrx_word' id='word_1_128' title='bbox 2530 638 2628 691; x_wconf 85' lang='grc' dir='ltr'><strong>οὐκ</strong></span> <span class='ocrx_word' id='word_1_129' title='bbox 2651 641 3060 710; x_wconf 79' lang='grc' dir='ltr'>ἐπηρεαστικῶς</span> <span class='ocrx_word' id='word_1_130' title='bbox 3087 642 3287 712; x_wconf 79' lang='grc' dir='ltr'>ταύτην</span> <span class='ocrx_word' id='word_1_131' title='bbox 3316 645 3411 713; x_wconf 81' lang='grc' dir='ltr'>τὴν</span> <span class='ocrx_word' id='word_1_132' title='bbox 3447 646 3680 718; x_wconf 78' lang='grc' dir='ltr'>διαὸολὴν</span> <span class='ocrx_word' id='word_1_133' title='bbox 3716 653 3807 705; x_wconf 80' lang='grc' dir='ltr'>ἐπι-</span> 
     </span>
    </p>
   </div>
   <div class='ocr_carea' id='block_1_22' title="bbox 2305 727 3806 806">
    <p class='ocr_par' dir='ltr' id='par_1_22' title="bbox 2305 727 3806 806">
     <span class='ocr_line' id='line_1_22' title="bbox 2305 727 3806 806; baseline 0.012 -28"><span class='ocrx_word' id='word_1_134' title='bbox 2305 727 2561 798; x_wconf 80' lang='grc' dir='ltr'><strong>φέρομεν,</strong></span> <span class='ocrx_word' id='word_1_135' title='bbox 2593 729 2751 794; x_wconf 83' lang='grc' dir='ltr'>αὐτὸς</span> <span class='ocrx_word' id='word_1_136' title='bbox 2775 729 2841 784; x_wconf 83' lang='grc' dir='ltr'><strong>ἂν</strong></span> <span class='ocrx_word' id='word_1_137' title='bbox 2866 733 3073 799; x_wconf 81' lang='grc' dir='ltr'>γένοιτο</span> <span class='ocrx_word' id='word_1_138' title='bbox 3092 735 3220 804; x_wconf 76' lang='grc' dir='ltr'>ἡμῖν</span> <span class='ocrx_word' id='word_1_139' title='bbox 3247 737 3451 806; x_wconf 79' lang='grc' dir='ltr'>μάρτυς</span> <span class='ocrx_word' id='word_1_140' title='bbox 3478 738 3561 792; x_wconf 84' lang='grc' dir='ltr'><strong>διὰ</strong></span> <span class='ocrx_word' id='word_1_141' title='bbox 3580 742 3676 794; x_wconf 80' lang='grc' dir='ltr'><strong>τῶν</strong></span> <span class='ocrx_word' id='word_1_142' title='bbox 3697 743 3806 796; x_wconf 79' lang='grc' dir='ltr'>ἰδίων</span> 
     </span>
    </p>
   </div>
   <div class='ocr_carea' id='block_1_23' title="bbox 2304 815 3806 903">
    <p class='ocr_par' dir='ltr' id='par_1_23' title="bbox 2304 815 3806 903">
     <span class='ocr_line' id='line_1_23' title="bbox 2304 815 3806 903; baseline 0.015 -37"><span class='ocrx_word' id='word_1_143' title='bbox 2304 815 2474 883; x_wconf 87' lang='grc' dir='ltr'>λόγων</span> <span class='ocrx_word' id='word_1_144' title='bbox 2504 819 2785 888; x_wconf 86' lang='grc' dir='ltr'>Εὐνόμιος,</span> <span class='ocrx_word' id='word_1_145' title='bbox 2814 822 2842 872; x_wconf 88' lang='grc' dir='ltr'><strong>ό</strong></span> <span class='ocrx_word' id='word_1_146' title='bbox 2874 822 2964 874; x_wconf 76' lang='grc' dir='ltr'>τὸν</span> <span class='ocrx_word' id='word_1_147' title='bbox 2986 824 3274 893; x_wconf 84' lang='grc' dir='ltr'><strong>ἀγέννητον</strong></span> <span class='ocrx_word' id='word_1_148' title='bbox 3305 827 3400 895; x_wconf 80' lang='grc' dir='ltr'>μὲν</span> <span class='ocrx_word' id='word_1_149' title='bbox 3427 829 3693 898; x_wconf 80' lang='grc' dir='ltr'><strong>ἀπρόσιτον</strong></span> <span class='ocrx_word' id='word_1_150' title='bbox 3719 837 3806 903; x_wconf 70' lang='grc' dir='ltr'>φῶς</span> 
     </span>
    </p>
   </div>
   <div class='ocr_carea' id='block_1_24' title="bbox 2303 905 3805 995">
    <p class='ocr_par' dir='ltr' id='par_1_24' title="bbox 2303 905 3805 995">
     <span class='ocr_line' id='line_1_24' title="bbox 2303 905 3805 995; baseline 0.014 -37"><span class='ocrx_word' id='word_1_151' title='bbox 2303 905 2496 975; x_wconf 84' lang='grc' dir='ltr'>λέγων,</span> <span class='ocrx_word' id='word_1_152' title='bbox 2525 911 2616 962; x_wconf 81' lang='grc' dir='ltr'><strong>καὶ</strong></span> <span class='ocrx_word' id='word_1_153' title='bbox 2641 911 2721 973; x_wconf 87' lang='grc' dir='ltr'><strong>είς</strong></span> <span class='ocrx_word' id='word_1_154' title='bbox 2751 915 2942 982; x_wconf 87' lang='grc' dir='ltr'>πεῖραν</span> <span class='ocrx_word' id='word_1_155' title='bbox 2973 914 3308 984; x_wconf 83' lang='grc' dir='ltr'><strong>παθημάτων</strong></span> <span class='ocrx_word' id='word_1_156' title='bbox 3331 917 3498 970; x_wconf 82' lang='grc' dir='ltr'>ἐλθεῖν</span> <span class='ocrx_word' id='word_1_157' title='bbox 3523 923 3592 992; x_wconf 81' lang='grc' dir='ltr'><strong>μὴ</strong></span> <span class='ocrx_word' id='word_1_158' title='bbox 3623 923 3805 995; x_wconf 73' lang='grc' dir='ltr'>δυνάμει</span> 
     </span>
    </p>
   </div>
   <div class='ocr_carea' id='block_1_25' title="bbox 2305 1001 3806 1090">
    <p class='ocr_par' dir='ltr' id='par_1_25' title="bbox 2305 1001 3806 1090">
     <span class='ocr_line' id='line_1_25' title="bbox 2305 1001 3806 1090; baseline 0.013 -41"><span class='ocrx_word' id='word_1_159' title='bbox 2305 1015 2414 1062; x_wconf 91' lang='grc' dir='ltr'>νον,</span> <span class='ocrx_word' id='word_1_160' title='bbox 2458 1001 2548 1053; x_wconf 75' lang='grc' dir='ltr'><strong>ἐπὶ</strong></span> <span class='ocrx_word' id='word_1_161' title='bbox 2583 1001 2639 1053; x_wconf 80' lang='grc' dir='ltr'><strong>δὲ</strong></span> <span class='ocrx_word' id='word_1_162' title='bbox 2671 1002 2732 1055; x_wconf 85' lang='grc' dir='ltr'><strong>τὸ</strong></span> <span class='ocrx_word' id='word_1_163' title='bbox 2773 1004 3024 1074; x_wconf 83' lang='grc' dir='ltr'>γεννητὸν</span> <span class='ocrx_word' id='word_1_164' title='bbox 3048 1007 3374 1079; x_wconf 75' lang='grc' dir='ltr'>κατάλληλόν</span> <span class='ocrx_word' id='word_1_165' title='bbox 3409 1027 3466 1063; x_wconf 90' lang='grc' dir='ltr'><strong>τε</strong></span> <span class='ocrx_word' id='word_1_166' title='bbox 3505 1014 3591 1066; x_wconf 82' lang='grc' dir='ltr'>καὶ</span> <span class='ocrx_word' id='word_1_167' title='bbox 3620 1021 3806 1090; x_wconf 81' lang='grc' dir='ltr'>συγγενῆ</span> 
     </span>
    </p>
   </div>
   <div class='ocr_carea' id='block_1_26' title="bbox 2303 1088 3808 1179">
    <p class='ocr_par' dir='ltr' id='par_1_26' title="bbox 2303 1088 3808 1179">
     <span class='ocr_line' id='line_1_26' title="bbox 2303 1088 3808 1179; baseline 0.015 -39"><span class='ocrx_word' id='word_1_168' title='bbox 2303 1088 2399 1159; x_wconf 82' lang='grc' dir='ltr'><strong>τὴν</strong></span> <span class='ocrx_word' id='word_1_169' title='bbox 2439 1092 2691 1162; x_wconf 71' lang='grc' dir='ltr'>τοιαύτην</span> <span class='ocrx_word' id='word_1_170' title='bbox 2726 1093 2961 1148; x_wconf 86' lang='grc' dir='ltr'>διάθεσιν</span> <span class='ocrx_word' id='word_1_171' title='bbox 2998 1097 3380 1170; x_wconf 76' lang='grc' dir='ltr'>ὄιοριζόμενος.</span> <span class='ocrx_word' id='word_1_172' title='bbox 3426 1103 3512 1166; x_wconf 80' lang='grc' dir='ltr'>Ὠς</span> <span class='ocrx_word' id='word_1_173' title='bbox 3539 1106 3658 1174; x_wconf 82' lang='grc' dir='ltr'>μηδὲ</span> <span class='ocrx_word' id='word_1_174' title='bbox 3687 1088 3808 1179; x_wconf 81' lang='grc' dir='ltr'>χάριν</span> 
     </span>
    </p>
   </div>
   <div class='ocr_carea' id='block_1_27' title="bbox 2302 1180 3810 1260">
    <p class='ocr_par' dir='ltr' id='par_1_27' title="bbox 2302 1180 3810 1260">
     <span class='ocr_line' id='line_1_27' title="bbox 2302 1180 3810 1260; baseline 0.017 -30"><span class='ocrx_word' id='word_1_175' title='bbox 2302 1180 2380 1250; x_wconf 82' lang='grc' dir='ltr'>τῷ</span> <span class='ocrx_word' id='word_1_176' title='bbox 2426 1187 2702 1250; x_wconf 86' lang='grc' dir='ltr'>μονογενεῖ</span> <span class='ocrx_word' id='word_1_177' title='bbox 2741 1185 2860 1255; x_wconf 83' lang='grc' dir='ltr'><strong>Θεῴ</strong></span> <span class='ocrx_word' id='word_1_178' title='bbox 2894 1189 2982 1241; x_wconf 85' lang='grc' dir='ltr'><strong>τὸν</strong></span> <span class='ocrx_word' id='word_1_179' title='bbox 3008 1189 3287 1260; x_wconf 83' lang='grc' dir='ltr'>ἄνθρωπον</span> <span class='ocrx_word' id='word_1_180' title='bbox 3333 1187 3408 1246; x_wconf 83' lang='grc' dir='ltr'>ὧν</span> <span class='ocrx_word' id='word_1_181' title='bbox 3440 1195 3616 1249; x_wconf 74' lang='grc' dir='ltr'>ἕνεκεν</span> <span class='ocrx_word' id='word_1_182' title='bbox 3652 1199 3810 1256; x_wconf 75' lang='grc' dir='ltr'>ἔπαθεν</span> 
     </span>
    </p>
   </div>
   <div class='ocr_carea' id='block_1_28' title="bbox 2303 1273 3812 1366">
    <p class='ocr_par' dir='ltr' id='par_1_28' title="bbox 2303 1273 3812 1366">
     <span class='ocr_line' id='line_1_28' title="bbox 2303 1273 3812 1366; baseline 0.016 -42"><span class='ocrx_word' id='word_1_183' title='bbox 2303 1273 2466 1343; x_wconf 79' lang='grc' dir='ltr'>ἔχειν,</span> <span class='ocrx_word' id='word_1_184' title='bbox 2499 1279 2654 1347; x_wconf 73' lang='grc' dir='ltr'>εἴπερ</span> <span class='ocrx_word' id='word_1_185' title='bbox 2677 1279 2992 1350; x_wconf 76' lang='grc' dir='ltr'><strong>αὐτομάτως</strong></span> <span class='ocrx_word' id='word_1_186' title='bbox 3025 1284 3166 1336; x_wconf 86' lang='grc' dir='ltr'>κατὰ</span> <span class='ocrx_word' id='word_1_187' title='bbox 3204 1288 3294 1339; x_wconf 81' lang='grc' dir='ltr'><strong>τὸν</strong></span> <span class='ocrx_word' id='word_1_188' title='bbox 3333 1287 3488 1355; x_wconf 84' lang='grc' dir='ltr'>λόγον</span> <span class='ocrx_word' id='word_1_189' title='bbox 3510 1292 3672 1345; x_wconf 84' lang='grc' dir='ltr'>αὐτῶν</span> <span class='ocrx_word' id='word_1_190' title='bbox 3707 1297 3812 1366; x_wconf 77' lang='grc' dir='ltr'>πρὸς</span> 
     </span>
    </p>
   </div>
   <div class='ocr_carea' id='block_1_29' title="bbox 2303 1365 3811 1455">
    <p class='ocr_par' dir='ltr' id='par_1_29' title="bbox 2303 1365 3811 1455">
     <span class='ocr_line' id='line_1_29' title="bbox 2303 1365 3811 1455; baseline 0.016 -40"><span class='ocrx_word' id='word_1_191' title='bbox 2303 1365 2403 1455; x_wconf 79' lang='grc' dir='ltr'>τὴν</span> <span class='ocrx_word' id='word_1_192' title='bbox 2434 1365 2540 1419; x_wconf 87' lang='grc' dir='ltr'>τῶν</span> <span class='ocrx_word' id='word_1_193' title='bbox 2581 1368 2916 1439; x_wconf 82' lang='grc' dir='ltr'><strong>παθημάτων</strong></span> <span class='ocrx_word' id='word_1_194' title='bbox 2957 1375 3260 1446; x_wconf 84' lang='grc' dir='ltr'>κατωλίσθη</span> <span class='ocrx_word' id='word_1_195' title='bbox 3295 1381 3506 1450; x_wconf 82' lang='grc' dir='ltr'>πεῖραν,</span> <span class='ocrx_word' id='word_1_196' title='bbox 3537 1382 3630 1451; x_wconf 81' lang='grc' dir='ltr'>τῆς</span> <span class='ocrx_word' id='word_1_197' title='bbox 3671 1365 3811 1455; x_wconf 75' lang='grc' dir='ltr'>ἐμπα-</span> 
     </span>
    </p>
   </div>
   <div class='ocr_carea' id='block_1_30' title="bbox 2307 1452 3812 1550">
    <p class='ocr_par' dir='ltr' id='par_1_30' title="bbox 2307 1452 3812 1550">
     <span class='ocr_line' id='line_1_30' title="bbox 2307 1452 3812 1550; baseline 0.017 -44"><span class='ocrx_word' id='word_1_198' title='bbox 2307 1452 2432 1519; x_wconf 86' lang='grc' dir='ltr'>θοῦς</span> <span class='ocrx_word' id='word_1_199' title='bbox 2453 1456 2639 1521; x_wconf 79' lang='grc' dir='ltr'>οὐσίας</span> <span class='ocrx_word' id='word_1_200' title='bbox 2667 1461 2907 1527; x_wconf 80' lang='grc' dir='ltr'><strong>φυσικῶς</strong></span> <span class='ocrx_word' id='word_1_201' title='bbox 2941 1465 3076 1534; x_wconf 84' lang='grc' dir='ltr'>πρὸς</span> <span class='ocrx_word' id='word_1_202' title='bbox 3103 1467 3258 1521; x_wconf 88' lang='grc' dir='ltr'>τοῦτο</span> <span class='ocrx_word' id='word_1_203' title='bbox 3283 1475 3692 1545; x_wconf 68' lang='grc' dir='ltr'>κατασυρείσηςυ</span> <span class='ocrx_word' id='word_1_204' title='bbox 3709 1479 3812 1550; x_wconf 80' lang='grc' dir='ltr'>ὅπερ</span> 
     </span>
    </p>
   </div>
   <div class='ocr_carea' id='block_1_31' title="bbox 2303 1547 3811 1641">
    <p class='ocr_par' dir='ltr' id='par_1_31' title="bbox 2303 1547 3811 1641">
     <span class='ocr_line' id='line_1_31' title="bbox 2303 1547 3811 1641; baseline 0.017 -42"><span class='ocrx_word' id='word_1_205' title='bbox 2303 1547 2558 1618; x_wconf 80' lang='grc' dir='ltr'><strong>οὐδεμιᾶς</strong></span> <span class='ocrx_word' id='word_1_206' title='bbox 2583 1550 2728 1616; x_wconf 77' lang='grc' dir='ltr'>ἀξιον</span> <span class='ocrx_word' id='word_1_207' title='bbox 2753 1555 3101 1626; x_wconf 83' lang='grc' dir='ltr'>εὐχαριστίας</span> <span class='ocrx_word' id='word_1_208' title='bbox 3127 1561 3262 1615; x_wconf 81' lang='grc' dir='ltr'>ἐστί.</span> <span class='ocrx_word' id='word_1_209' title='bbox 3313 1563 3408 1627; x_wconf 90' lang='grc' dir='ltr'>Τίς</span> <span class='ocrx_word' id='word_1_210' title='bbox 3440 1565 3546 1636; x_wconf 80' lang='grc' dir='ltr'><strong>γάρ</strong></span> <span class='ocrx_word' id='word_1_211' title='bbox 3579 1567 3638 1621; x_wconf 83' lang='grc' dir='ltr'><strong>ἂν</strong></span> <span class='ocrx_word' id='word_1_212' title='bbox 3672 1571 3720 1622; x_wconf 85' lang='grc' dir='ltr'><strong>ἐν</strong></span> <span class='ocrx_word' id='word_1_213' title='bbox 3737 1547 3811 1641; x_wconf 71' lang='lat' dir='ltr'><strong>xci-</strong></span> 
     </span>
    </p>
   </div>
   <div class='ocr_carea' id='block_1_32' title="bbox 2307 1641 3810 1730">
    <p class='ocr_par' dir='ltr' id='par_1_32' title="bbox 2307 1641 3810 1730">
     <span class='ocr_line' id='line_1_32' title="bbox 2307 1641 3810 1730; baseline 0.019 -40"><span class='ocrx_word' id='word_1_214' title='bbox 2307 1657 2454 1710; x_wconf 90' lang='grc' dir='ltr'>ριτος</span> <span class='ocrx_word' id='word_1_215' title='bbox 2494 1641 2702 1706; x_wconf 82' lang='grc' dir='ltr'>δέξαιτο</span> <span class='ocrx_word' id='word_1_216' title='bbox 2749 1646 2923 1717; x_wconf 83' lang='grc' dir='ltr'>μέρει,</span> <span class='ocrx_word' id='word_1_217' title='bbox 2969 1651 3030 1701; x_wconf 81' lang='grc' dir='ltr'><strong>τύ</strong></span> <span class='ocrx_word' id='word_1_218' title='bbox 3069 1654 3187 1706; x_wconf 77' lang='grc' dir='ltr'>κατ’</span> <span class='ocrx_word' id='word_1_219' title='bbox 3229 1655 3472 1726; x_wconf 83' lang='grc' dir='ltr'>ἀνάγκην</span> <span class='ocrx_word' id='word_1_220' title='bbox 3525 1661 3810 1730; x_wconf 71' lang='grc' dir='ltr'>συμϐαίνειν,</span> 
     </span>
    </p>
   </div>
   <div class='ocr_carea' id='block_1_33' title="bbox 2307 1730 3813 1827">
    <p class='ocr_par' dir='ltr' id='par_1_33' title="bbox 2307 1730 3813 1827">
     <span class='ocr_line' id='line_1_33' title="bbox 2307 1730 3813 1827; baseline 0.017 -44"><span class='ocrx_word' id='word_1_221' title='bbox 2307 1730 2410 1785; x_wconf 82' lang='grc' dir='ltr'><strong>κᾶν</strong></span> <span class='ocrx_word' id='word_1_222' title='bbox 2441 1733 2723 1827; x_wconf 71' lang='grc' dir='ltr'>ἐπικερδές</span> <span class='ocrx_word' id='word_1_223' title='bbox 2763 1739 2856 1792; x_wconf 77' lang='grc' dir='ltr'><strong>καὶ</strong></span> <span class='ocrx_word' id='word_1_224' title='bbox 2891 1740 3163 1812; x_wconf 81' lang='grc' dir='ltr'>ὠφέλιμον</span> <span class='ocrx_word' id='word_1_225' title='bbox 3191 1741 3260 1817; x_wconf 62' lang='lat' dir='ltr'><strong>ﬁ;</strong></span> <span class='ocrx_word' id='word_1_226' title='bbox 3305 1747 3442 1802; x_wconf 73' lang='grc' dir='ltr'>Οὔτε</span> <span class='ocrx_word' id='word_1_227' title='bbox 3482 1751 3586 1822; x_wconf 81' lang='grc' dir='ltr'>γὰρ</span> <span class='ocrx_word' id='word_1_228' title='bbox 3622 1754 3690 1824; x_wconf 84' lang='grc' dir='ltr'>τῷ</span> <span class='ocrx_word' id='word_1_229' title='bbox 3714 1759 3813 1827; x_wconf 73' lang='grc' dir='ltr'>πυρὶ</span> 
     </span>
    </p>
   </div>
   <div class='ocr_carea' id='block_1_34' title="bbox 630 1801 2202 1913">
    <p class='ocr_par' dir='ltr' id='par_1_34' title="bbox 630 1818 2198 1888">
     <span class='ocr_line' id='line_1_34' title="bbox 630 1818 2198 1888; baseline 0.003 -18"><span class='ocrx_word' id='word_1_230' title='bbox 630 1828 737 1882; x_wconf 83' lang='lat' dir='ltr'><strong>est,</strong></span> <span class='ocrx_word' id='word_1_231' title='bbox 773 1818 978 1886; x_wconf 88' lang='lat' dir='ltr'><strong>patibili</strong></span> <span class='ocrx_word' id='word_1_232' title='bbox 1022 1819 1258 1873; x_wconf 81' lang='lat' dir='ltr'><strong>essentia</strong></span> <span class='ocrx_word' id='word_1_233' title='bbox 1292 1820 1608 1874; x_wconf 85' lang='lat' dir='ltr'><strong>naturaliter</strong></span> <span class='ocrx_word' id='word_1_234' title='bbox 1657 1819 1721 1873; x_wconf 86' lang='lat' dir='ltr'><strong>ad</strong></span> <span class='ocrx_word' id='word_1_235' title='bbox 1751 1819 1852 1873; x_wconf 90' lang='lat' dir='ltr'><strong>hoc</strong></span> <span class='ocrx_word' id='word_1_236' title='bbox 1887 1829 2155 1888; x_wconf 87' lang='lat' dir='ltr'><strong>pertracta</strong></span> <span class='ocrx_word' id='word_1_237' title='bbox 2186 1840 2198 1875; x_wconf 93' lang='lat'>:</span> 
     </span>
    </p>
   </div>
   <div class='ocr_carea' id='block_1_35' title="bbox 2297 1801 3814 1913">
    <p class='ocr_par' dir='ltr' id='par_1_35' title="bbox 2305 1801 3814 1913">
     <span class='ocr_line' id='line_1_35' title="bbox 2305 1801 3814 1913; baseline 0.017 -41"><span class='ocrx_word' id='word_1_238' title='bbox 2305 1823 2403 1891; x_wconf 83' lang='grc' dir='ltr'><strong>τῆς</strong></span> <span class='ocrx_word' id='word_1_239' title='bbox 2439 1801 2790 1896; x_wconf 80' lang='grc' dir='ltr'>θερμότητος,</span> <span class='ocrx_word' id='word_1_240' title='bbox 2822 1801 3045 1902; x_wconf 64' lang='grc' dir='ltr'>οῦτετῷ</span> <span class='ocrx_word' id='word_1_241' title='bbox 3067 1801 3223 1888; x_wconf 50' lang='grc' dir='ltr'>ῦδατι.</span> <span class='ocrx_word' id='word_1_242' title='bbox 3359 1801 3507 1909; x_wconf 60' lang='grc' dir='ltr'>ῥοῆς,</span> 
     </span>
    </p>
   </div>
   <div class='ocr_carea' id='block_1_36' title="bbox 637 1910 2198 1981">
    <p class='ocr_par' dir='ltr' id='par_1_36' title="bbox 637 1910 2198 1981">
     <span class='ocr_line' id='line_1_36' title="bbox 637 1910 2198 1981; baseline 0.003 -18"><span class='ocrx_word' id='word_1_243' title='bbox 637 1910 781 1979; x_wconf 85' lang='lat' dir='ltr'><strong>quod</strong></span> <span class='ocrx_word' id='word_1_244' title='bbox 813 1910 1027 1978; x_wconf 85' lang='lat' dir='ltr'><strong>quidem</strong></span> <span class='ocrx_word' id='word_1_245' title='bbox 1065 1910 1214 1964; x_wconf 90' lang='lat' dir='ltr'><strong>nulla</strong></span> <span class='ocrx_word' id='word_1_246' title='bbox 1241 1911 1535 1980; x_wconf 75' lang='lat' dir='ltr'><strong>gratiarum</strong></span> <span class='ocrx_word' id='word_1_247' title='bbox 1588 1912 1800 1966; x_wconf 85' lang='lat' dir='ltr'><strong>actione</strong></span> <span class='ocrx_word' id='word_1_248' title='bbox 1842 1911 2062 1981; x_wconf 86' lang='lat' dir='ltr'><strong>dignum</strong></span> <span class='ocrx_word' id='word_1_249' title='bbox 2098 1923 2198 1967; x_wconf 92' lang='lat' dir='ltr'><strong>est.</strong></span> 
     </span>
    </p>
   </div>
   <div class='ocr_carea' id='block_1_37' title="bbox 636 2002 2200 2073">
    <p class='ocr_par' dir='ltr' id='par_1_37' title="bbox 636 2002 2200 2073">
     <span class='ocr_line' id='line_1_37' title="bbox 636 2002 2200 2073; baseline 0.003 -19"><span class='ocrx_word' id='word_1_250' title='bbox 636 2003 771 2068; x_wconf 79' lang='lat' dir='ltr'><strong>Quis</strong></span> <span class='ocrx_word' id='word_1_251' title='bbox 800 2003 943 2056; x_wconf 91' lang='lat' dir='ltr'><strong>enim</strong></span> <span class='ocrx_word' id='word_1_252' title='bbox 974 2002 1026 2055; x_wconf 92' lang='lat' dir='ltr'><strong>in</strong></span> <span class='ocrx_word' id='word_1_253' title='bbox 1057 2003 1243 2072; x_wconf 71' lang='lat' dir='ltr'><strong>gratiae</strong></span> <span class='ocrx_word' id='word_1_254' title='bbox 1277 2010 1429 2071; x_wconf 87' lang='lat' dir='ltr'><strong>parte</strong></span> <span class='ocrx_word' id='word_1_255' title='bbox 1453 2002 1566 2057; x_wconf 73' lang='lat' dir='ltr'><strong>sive</strong></span> <span class='ocrx_word' id='word_1_256' title='bbox 1594 2002 1836 2056; x_wconf 87' lang='lat' dir='ltr'><strong>beneﬁcii</strong></span> <span class='ocrx_word' id='word_1_257' title='bbox 1881 2004 1998 2058; x_wconf 94' lang='lat' dir='ltr'><strong>loco</strong></span> <span class='ocrx_word' id='word_1_258' title='bbox 2018 2015 2200 2073; x_wconf 86' lang='lat' dir='ltr'><strong>ponat,</strong></span> 
     </span>
    </p>
   </div>
   <div class='ocr_carea' id='block_1_38' title="bbox 631 2096 2203 2166">
    <p class='ocr_par' dir='ltr' id='par_1_38' title="bbox 631 2096 2203 2166">
     <span class='ocr_line' id='line_1_38' title="bbox 631 2096 2203 2166; baseline 0.001 -16"><span class='ocrx_word' id='word_1_259' title='bbox 631 2097 774 2166; x_wconf 91' lang='lat' dir='ltr'><strong>quod</strong></span> <span class='ocrx_word' id='word_1_260' title='bbox 809 2097 1121 2151; x_wconf 85' lang='lat' dir='ltr'><strong>necessario</strong></span> <span class='ocrx_word' id='word_1_261' title='bbox 1171 2096 1390 2159; x_wconf 83' lang='lat' dir='ltr'><strong>accidit,</strong></span> <span class='ocrx_word' id='word_1_262' title='bbox 1431 2096 1678 2163; x_wconf 80' lang='lat' dir='ltr'><strong>quamvis</strong></span> <span class='ocrx_word' id='word_1_263' title='bbox 1712 2096 1785 2151; x_wconf 87' lang='lat' dir='ltr'><strong>sit</strong></span> <span class='ocrx_word' id='word_1_264' title='bbox 1840 2097 2117 2153; x_wconf 81' lang='lat' dir='ltr'><strong>lucrosum</strong></span> <span class='ocrx_word' id='word_1_265' title='bbox 2150 2107 2203 2154; x_wconf 90' lang='lat' dir='ltr'><strong>et</strong></span> 
     </span>
    </p>
   </div>
   <div class='ocr_carea' id='block_1_39' title="bbox 631 2185 2204 2260">
    <p class='ocr_par' dir='ltr' id='par_1_39' title="bbox 631 2185 2204 2260">
     <span class='ocr_line' id='line_1_39' title="bbox 631 2185 2204 2260; baseline 0.004 -20"><span class='ocrx_word' id='word_1_266' title='bbox 631 2187 903 2258; x_wconf 83' lang='lat' dir='ltr'><strong>perutile?</strong></span> <span class='ocrx_word' id='word_1_267' title='bbox 955 2185 1139 2256; x_wconf 84' lang='lat' dir='ltr'><strong>Neque</strong></span> <span class='ocrx_word' id='word_1_268' title='bbox 1175 2187 1320 2242; x_wconf 91' lang='lat' dir='ltr'><strong>enim</strong></span> <span class='ocrx_word' id='word_1_269' title='bbox 1370 2188 1502 2255; x_wconf 75' lang='lat' dir='ltr'><strong>igni,</strong></span> <span class='ocrx_word' id='word_1_270' title='bbox 1552 2187 1750 2242; x_wconf 79' lang='lat' dir='ltr'><strong>caloris</strong></span> <span class='ocrx_word' id='word_1_271' title='bbox 1787 2202 1974 2254; x_wconf 91' lang='lat' dir='ltr'><strong>causa,</strong></span> <span class='ocrx_word' id='word_1_272' title='bbox 2030 2205 2204 2260; x_wconf 89' lang='lat' dir='ltr'><strong>neque</strong></span> 
     </span>
    </p>
   </div>
   <div class='ocr_carea' id='block_1_40' title="bbox 632 2276 2204 2348">
    <p class='ocr_par' dir='ltr' id='par_1_40' title="bbox 632 2276 2204 2348">
     <span class='ocr_line' id='line_1_40' title="bbox 632 2276 2204 2348; baseline 0.004 -17"><span class='ocrx_word' id='word_1_273' title='bbox 632 2293 806 2348; x_wconf 67' lang='lat' dir='ltr'><strong>aquae,</strong></span> <span class='ocrx_word' id='word_1_274' title='bbox 835 2276 1032 2340; x_wconf 81' lang='lat' dir='ltr'><strong>ﬂuxus,</strong></span> <span class='ocrx_word' id='word_1_275' title='bbox 1077 2278 1304 2348; x_wconf 80' lang='lat' dir='ltr'><strong>gratiam</strong></span> <span class='ocrx_word' id='word_1_276' title='bbox 1336 2278 1620 2345; x_wconf 91' lang='lat' dir='ltr'><strong>habemus,</strong></span> <span class='ocrx_word' id='word_1_277' title='bbox 1664 2279 1733 2334; x_wconf 89' lang='lat' dir='ltr'><strong>ad</strong></span> <span class='ocrx_word' id='word_1_278' title='bbox 1766 2288 1976 2336; x_wconf 67' lang='lat' dir='ltr'><strong>natura:</strong></span> <span class='ocrx_word' id='word_1_279' title='bbox 2015 2298 2204 2338; x_wconf 88' lang='lat' dir='ltr'><strong>neces-</strong></span> 
     </span>
    </p>
   </div>
   <div class='ocr_carea' id='block_1_41' title="bbox 633 2370 2203 2444">
    <p class='ocr_par' dir='ltr' id='par_1_41' title="bbox 633 2370 2203 2444">
     <span class='ocr_line' id='line_1_41' title="bbox 633 2370 2203 2444; baseline 0.003 -18"><span class='ocrx_word' id='word_1_280' title='bbox 633 2373 845 2426; x_wconf 90' lang='lat' dir='ltr'><strong>sitatem</strong></span> <span class='ocrx_word' id='word_1_281' title='bbox 871 2371 1014 2440; x_wconf 89' lang='lat' dir='ltr'><strong>quod</strong></span> <span class='ocrx_word' id='word_1_282' title='bbox 1043 2370 1106 2424; x_wconf 91' lang='lat' dir='ltr'><strong>ﬁt</strong></span> <span class='ocrx_word' id='word_1_283' title='bbox 1144 2379 1462 2426; x_wconf 88' lang='lat' dir='ltr'><strong>revocantes</strong></span> <span class='ocrx_word' id='word_1_284' title='bbox 1501 2389 1514 2424; x_wconf 92' lang='lat'>:</span> <span class='ocrx_word' id='word_1_285' title='bbox 1555 2371 1682 2441; x_wconf 86' lang='lat' dir='ltr'><strong>quia</strong></span> <span class='ocrx_word' id='word_1_286' title='bbox 1719 2388 1827 2426; x_wconf 86' lang='lat' dir='ltr'><strong>non</strong></span> <span class='ocrx_word' id='word_1_287' title='bbox 1859 2374 2033 2442; x_wconf 87' lang='lat' dir='ltr'><strong>possit</strong></span> <span class='ocrx_word' id='word_1_288' title='bbox 2063 2375 2203 2444; x_wconf 83' lang='lat' dir='ltr'><strong>ignis</strong></span> 
     </span>
    </p>
   </div>
   <div class='ocr_carea' id='block_1_42' title="bbox 634 2459 2204 2531">
    <p class='ocr_par' dir='ltr' id='par_1_42' title="bbox 634 2459 2204 2531">
     <span class='ocr_line' id='line_1_42' title="bbox 634 2459 2204 2531; baseline 0.003 -18"><span class='ocrx_word' id='word_1_289' title='bbox 634 2475 665 2513; x_wconf 88' lang='lat' dir='ltr'><strong>a</strong></span> <span class='ocrx_word' id='word_1_290' title='bbox 694 2460 969 2514; x_wconf 86' lang='lat' dir='ltr'><strong>caloriﬁca</strong></span> <span class='ocrx_word' id='word_1_291' title='bbox 1005 2460 1318 2530; x_wconf 83' lang='lat' dir='ltr'><strong>Operatione</strong></span> <span class='ocrx_word' id='word_1_292' title='bbox 1351 2459 1595 2523; x_wconf 88' lang='lat' dir='ltr'><strong>destitui,</strong></span> <span class='ocrx_word' id='word_1_293' title='bbox 1627 2477 1801 2530; x_wconf 79' lang='lat' dir='ltr'><strong>neque</strong></span> <span class='ocrx_word' id='word_1_294' title='bbox 1825 2477 1961 2531; x_wconf 87' lang='lat' dir='ltr'><strong>aqua</strong></span> <span class='ocrx_word' id='word_1_295' title='bbox 1996 2464 2204 2519; x_wconf 72' lang='lat' dir='ltr'><strong>snahilis</strong></span> 
     </span>
    </p>
   </div>
   <div class='ocr_carea' id='block_1_43' title="bbox 632 2550 2200 2620">
    <p class='ocr_par' dir='ltr' id='par_1_43' title="bbox 632 2550 2200 2620">
     <span class='ocr_line' id='line_1_43' title="bbox 632 2550 2200 2620; baseline 0.002 -16"><span class='ocrx_word' id='word_1_296' title='bbox 632 2551 687 2604; x_wconf 92' lang='lat' dir='ltr'><strong>in</strong></span> <span class='ocrx_word' id='word_1_297' title='bbox 715 2552 876 2619; x_wconf 90' lang='lat' dir='ltr'><strong>plano</strong></span> <span class='ocrx_word' id='word_1_298' title='bbox 906 2565 1146 2614; x_wconf 86' lang='lat' dir='ltr'><strong>manere,</strong></span> <span class='ocrx_word' id='word_1_299' title='bbox 1178 2558 1370 2620; x_wconf 89' lang='lat' dir='ltr'><strong>sponte</strong></span> <span class='ocrx_word' id='word_1_300' title='bbox 1412 2550 1568 2603; x_wconf 90' lang='lat' dir='ltr'><strong>locali</strong></span> <span class='ocrx_word' id='word_1_301' title='bbox 1616 2551 1969 2607; x_wconf 88' lang='lat' dir='ltr'><strong>inclinatione</strong></span> <span class='ocrx_word' id='word_1_302' title='bbox 1999 2561 2200 2607; x_wconf 91' lang='lat' dir='ltr'><strong>motum</strong></span> 
     </span>
    </p>
   </div>
   <div class='ocr_carea' id='block_1_44' title="bbox 632 2641 2205 2710">
    <p class='ocr_par' dir='ltr' id='par_1_44' title="bbox 632 2641 2205 2710">
     <span class='ocr_line' id='line_1_44' title="bbox 632 2641 2205 2710; baseline 0.004 -18"><span class='ocrx_word' id='word_1_303' title='bbox 632 2657 888 2710; x_wconf 86' lang='lat' dir='ltr'><strong>prorsum</strong></span> <span class='ocrx_word' id='word_1_304' title='bbox 938 2641 1260 2695; x_wconf 82' lang='lat' dir='ltr'><strong>attrahente.</strong></span> <span class='ocrx_word' id='word_1_305' title='bbox 1305 2641 1362 2694; x_wconf 83' lang='lat' dir='ltr'><strong>Si</strong></span> <span class='ocrx_word' id='word_1_306' title='bbox 1399 2641 1562 2710; x_wconf 81' lang='lat' dir='ltr'><strong>igitur</strong></span> <span class='ocrx_word' id='word_1_307' title='bbox 1619 2649 1828 2696; x_wconf 75' lang='lat' dir='ltr'><strong>natura:</strong></span> <span class='ocrx_word' id='word_1_308' title='bbox 1880 2644 2205 2699; x_wconf 85' lang='lat' dir='ltr'><strong>necessitate</strong></span> 
     </span>
    </p>
   </div>
   <div class='ocr_carea' id='block_1_45' title="bbox 630 2730 2200 2787">
    <p class='ocr_par' dir='ltr' id='par_1_45' title="bbox 630 2730 2200 2787">
     <span class='ocr_line' id='line_1_45' title="bbox 630 2730 2200 2787; baseline 0.001 -2"><span class='ocrx_word' id='word_1_309' title='bbox 630 2731 954 2787; x_wconf 86' lang='lat' dir='ltr'><strong>beneﬁcium</strong></span> <span class='ocrx_word' id='word_1_310' title='bbox 996 2731 1388 2785; x_wconf 87' lang='lat' dir='ltr'><strong>incarnationis</strong></span> <span class='ocrx_word' id='word_1_311' title='bbox 1415 2746 1444 2783; x_wconf 91' lang='lat' dir='ltr'><strong>a</strong></span> <span class='ocrx_word' id='word_1_312' title='bbox 1475 2730 1614 2784; x_wconf 83' lang='lat' dir='ltr'><strong>Filio</strong></span> <span class='ocrx_word' id='word_1_313' title='bbox 1645 2731 1952 2785; x_wconf 87' lang='lat' dir='ltr'><strong>hominibus</strong></span> <span class='ocrx_word' id='word_1_314' title='bbox 2004 2731 2200 2786; x_wconf 84' lang='lat' dir='ltr'><strong>factum</strong></span> 
     </span>
    </p>
   </div>
   <div class='ocr_carea' id='block_1_46' title="bbox 629 2823 2202 2894">
    <p class='ocr_par' dir='ltr' id='par_1_46' title="bbox 629 2823 2202 2894">
     <span class='ocr_line' id='line_1_46' title="bbox 629 2823 2202 2894; baseline 0 -16"><span class='ocrx_word' id='word_1_315' title='bbox 629 2839 752 2878; x_wconf 90' lang='lat' dir='ltr'><strong>esse</strong></span> <span class='ocrx_word' id='word_1_316' title='bbox 796 2823 1006 2887; x_wconf 87' lang='lat' dir='ltr'><strong>dicunt,</strong></span> <span class='ocrx_word' id='word_1_317' title='bbox 1045 2823 1247 2877; x_wconf 90' lang='lat' dir='ltr'><strong>nullam</strong></span> <span class='ocrx_word' id='word_1_318' title='bbox 1298 2824 1522 2877; x_wconf 89' lang='lat' dir='ltr'><strong>omnino</strong></span> <span class='ocrx_word' id='word_1_319' title='bbox 1559 2825 1787 2893; x_wconf 76' lang='lat' dir='ltr'><strong>gratiam</strong></span> <span class='ocrx_word' id='word_1_320' title='bbox 1822 2823 2044 2890; x_wconf 87' lang='lat' dir='ltr'><strong>habent,</strong></span> <span class='ocrx_word' id='word_1_321' title='bbox 2075 2827 2202 2894; x_wconf 87' lang='lat' dir='ltr'><strong>quia</strong></span> 
     </span>
    </p>
   </div>
   <div class='ocr_carea' id='block_1_47' title="bbox 633 2916 2204 2986">
    <p class='ocr_par' dir='ltr' id='par_1_47' title="bbox 633 2916 2204 2986">
     <span class='ocr_line' id='line_1_47' title="bbox 633 2916 2204 2986; baseline 0 -16"><span class='ocrx_word' id='word_1_322' title='bbox 633 2932 745 2971; x_wconf 90' lang='lat' dir='ltr'><strong>non</strong></span> <span class='ocrx_word' id='word_1_323' title='bbox 780 2917 846 2969; x_wconf 82' lang='lat' dir='ltr'><strong>ad</strong></span> <span class='ocrx_word' id='word_1_324' title='bbox 908 2916 1127 2971; x_wconf 84' lang='lat' dir='ltr'><strong>liberam</strong></span> <span class='ocrx_word' id='word_1_325' title='bbox 1164 2925 1217 2970; x_wconf 92' lang='lat' dir='ltr'><strong>et</strong></span> <span class='ocrx_word' id='word_1_326' title='bbox 1251 2916 1554 2970; x_wconf 87' lang='lat' dir='ltr'><strong>absolutam</strong></span> <span class='ocrx_word' id='word_1_327' title='bbox 1610 2924 1953 2986; x_wconf 88' lang='lat' dir='ltr'><strong>potestatem,</strong></span> <span class='ocrx_word' id='word_1_328' title='bbox 2009 2917 2103 2971; x_wconf 90' lang='lat' dir='ltr'><strong>sed</strong></span> <span class='ocrx_word' id='word_1_329' title='bbox 2134 2917 2204 2970; x_wconf 85' lang='lat' dir='ltr'><strong>ad</strong></span> 
     </span>
    </p>
   </div>
   <div class='ocr_carea' id='block_1_48' title="bbox 640 3007 2199 3077">
    <p class='ocr_par' dir='ltr' id='par_1_48' title="bbox 640 3007 2199 3077">
     <span class='ocr_line' id='line_1_48' title="bbox 640 3007 2199 3077; baseline 0.002 -17"><span class='ocrx_word' id='word_1_330' title='bbox 640 3008 942 3061; x_wconf 79' lang='lat' dir='ltr'><strong>naturalem</strong></span> <span class='ocrx_word' id='word_1_331' title='bbox 993 3009 1369 3063; x_wconf 85' lang='lat' dir='ltr'><strong>necessitatem</strong></span> <span class='ocrx_word' id='word_1_332' title='bbox 1394 3008 1541 3077; x_wconf 75' lang='lat' dir='ltr'><strong>quod</strong></span> <span class='ocrx_word' id='word_1_333' title='bbox 1595 3007 1796 3062; x_wconf 84' lang='lat' dir='ltr'><strong>factum</strong></span> <span class='ocrx_word' id='word_1_334' title='bbox 1829 3009 2199 3064; x_wconf 80' lang='lat' dir='ltr'><strong>est‘referunt.</strong></span> 
     </span>
    </p>
   </div>
   <div class='ocr_carea' id='block_1_49' title="bbox 631 3096 2274 3197">
    <p class='ocr_par' dir='ltr' id='par_1_49' title="bbox 631 3096 2274 3197">
     <span class='ocr_line' id='line_1_49' title="bbox 631 3096 2274 3197; baseline 0.002 -46"><span class='ocrx_word' id='word_1_335' title='bbox 631 3096 785 3163; x_wconf 81' lang='lat' dir='ltr'><strong>Quod</strong></span> <span class='ocrx_word' id='word_1_336' title='bbox 812 3099 858 3152; x_wconf 90' lang='lat' dir='ltr'><strong>si</strong></span> <span class='ocrx_word' id='word_1_337' title='bbox 905 3113 1106 3153; x_wconf 85' lang='lat' dir='ltr'><strong>munus</strong></span> <span class='ocrx_word' id='word_1_338' title='bbox 1139 3097 1190 3152; x_wconf 91' lang='lat' dir='ltr'><strong>id</strong></span> <span class='ocrx_word' id='word_1_339' title='bbox 1243 3113 1364 3152; x_wconf 88' lang='lat' dir='ltr'><strong>esse</strong></span> <span class='ocrx_word' id='word_1_340' title='bbox 1397 3098 1714 3162; x_wconf 82' lang='lat' dir='ltr'><strong>sentientes,</strong></span> <span class='ocrx_word' id='word_1_341' title='bbox 1750 3098 2072 3156; x_wconf 83' lang='lat' dir='ltr'><strong>beneﬁcium</strong></span> <span class='ocrx_word' id='word_1_342' title='bbox 2104 3099 2202 3154; x_wconf 90' lang='lat' dir='ltr'><strong>de-</strong></span> <span class='ocrx_word' id='word_1_343' title='bbox 2227 3135 2274 3197; x_wconf 63' lang='grc' dir='ltr'>Ο</span> 
     </span>
    </p>
   </div>
   <div class='ocr_carea' id='block_1_50' title="bbox 630 3188 2201 3260">
    <p class='ocr_par' dir='ltr' id='par_1_50' title="bbox 630 3188 2201 3260">
     <span class='ocr_line' id='line_1_50' title="bbox 630 3188 2201 3260; baseline 0.001 -17"><span class='ocrx_word' id='word_1_344' title='bbox 630 3189 908 3252; x_wconf 76' lang='lat' dir='ltr'><strong>decorant,</strong></span> <span class='ocrx_word' id='word_1_345' title='bbox 943 3204 1133 3242; x_wconf 87' lang='lat' dir='ltr'><strong>vereor</strong></span> <span class='ocrx_word' id='word_1_346' title='bbox 1166 3203 1233 3242; x_wconf 90' lang='lat' dir='ltr'><strong>ne</strong></span> <span class='ocrx_word' id='word_1_347' title='bbox 1263 3188 1317 3241; x_wconf 91' lang='lat' dir='ltr'><strong>in</strong></span> <span class='ocrx_word' id='word_1_348' title='bbox 1352 3189 1686 3243; x_wconf 89' lang='lat' dir='ltr'><strong>contrarium</strong></span> <span class='ocrx_word' id='word_1_349' title='bbox 1731 3199 1878 3243; x_wconf 88' lang='lat' dir='ltr'><strong>retro</strong></span> <span class='ocrx_word' id='word_1_350' title='bbox 1911 3191 2042 3260; x_wconf 89' lang='lat' dir='ltr'><strong>ipsis</strong></span> <span class='ocrx_word' id='word_1_351' title='bbox 2076 3205 2201 3246; x_wconf 86' lang='lat' dir='ltr'><strong>cou-</strong></span> 
     </span>
    </p>
   </div>
   <div class='ocr_carea' id='block_1_51' title="bbox 629 3281 2201 3352">
    <p class='ocr_par' dir='ltr' id='par_1_51' title="bbox 629 3281 2201 3352">
     <span class='ocr_line' id='line_1_51' title="bbox 629 3281 2201 3352; baseline 0.002 -17"><span class='ocrx_word' id='word_1_352' title='bbox 629 3289 874 3335; x_wconf 82' lang='lat' dir='ltr'><strong>vertatur</strong></span> <span class='ocrx_word' id='word_1_353' title='bbox 900 3281 1170 3350; x_wconf 83' lang='lat' dir='ltr'><strong>impietas,</strong></span> <span class='ocrx_word' id='word_1_354' title='bbox 1201 3290 1363 3346; x_wconf 89' lang='lat' dir='ltr'><strong>atque</strong></span> <span class='ocrx_word' id='word_1_355' title='bbox 1410 3281 1580 3350; x_wconf 89' lang='lat' dir='ltr'><strong>pluris</strong></span> <span class='ocrx_word' id='word_1_356' title='bbox 1611 3283 1979 3337; x_wconf 69' lang='lat' dir='ltr'><strong>aestimandam</strong></span> <span class='ocrx_word' id='word_1_357' title='bbox 2014 3284 2201 3352; x_wconf 88' lang='lat' dir='ltr'><strong>patibi-</strong></span> 
     </span>
    </p>
   </div>
   <div class='ocr_carea' id='block_1_52' title="bbox 631 3371 2200 3443">
    <p class='ocr_par' dir='ltr' id='par_1_52' title="bbox 631 3371 2200 3443">
     <span class='ocr_line' id='line_1_52' title="bbox 631 3371 2200 3443; baseline 0.003 -19"><span class='ocrx_word' id='word_1_358' title='bbox 631 3373 740 3428; x_wconf 88' lang='lat' dir='ltr'><strong>lem</strong></span> <span class='ocrx_word' id='word_1_359' title='bbox 784 3373 904 3426; x_wconf 86' lang='lat' dir='ltr'><strong>Filii</strong></span> <span class='ocrx_word' id='word_1_360' title='bbox 959 3373 1370 3442; x_wconf 79' lang='lat' dir='ltr'><strong>diSpositioncm</strong></span> <span class='ocrx_word' id='word_1_361' title='bbox 1421 3371 1642 3436; x_wconf 82' lang='lat' dir='ltr'><strong>faciant,</strong></span> <span class='ocrx_word' id='word_1_362' title='bbox 1699 3388 1862 3442; x_wconf 89' lang='lat' dir='ltr'><strong>quam</strong></span> <span class='ocrx_word' id='word_1_363' title='bbox 1922 3382 2200 3443; x_wconf 82' lang='lat' dir='ltr'><strong>paternam</strong></span> 
     </span>
    </p>
   </div>
   <div class='ocr_carea' id='block_1_53' title="bbox 632 3463 2199 3531">
    <p class='ocr_par' dir='ltr' id='par_1_53' title="bbox 632 3463 2199 3531">
     <span class='ocr_line' id='line_1_53' title="bbox 632 3463 2199 3531; baseline 0.003 -15"><span class='ocrx_word' id='word_1_364' title='bbox 632 3464 1153 3531; x_wconf 78' lang='lat' dir='ltr'><strong>impassibilitatem,</strong></span> <span class='ocrx_word' id='word_1_365' title='bbox 1182 3463 1446 3531; x_wconf 87' lang='lat' dir='ltr'><strong>siquidem</strong></span> <span class='ocrx_word' id='word_1_366' title='bbox 1482 3464 1535 3517; x_wconf 93' lang='lat' dir='ltr'><strong>in</strong></span> <span class='ocrx_word' id='word_1_367' title='bbox 1572 3464 1733 3528; x_wconf 90' lang='lat' dir='ltr'><strong>bono,</strong></span> <span class='ocrx_word' id='word_1_368' title='bbox 1757 3464 1900 3531; x_wconf 88' lang='lat' dir='ltr'><strong>quod</strong></span> <span class='ocrx_word' id='word_1_369' title='bbox 1932 3465 1984 3519; x_wconf 91' lang='lat' dir='ltr'><strong>in</strong></span> <span class='ocrx_word' id='word_1_370' title='bbox 2013 3481 2199 3520; x_wconf 90' lang='lat' dir='ltr'><strong>eorum</strong></span> 
     </span>
    </p>
   </div>
   <div class='ocr_carea' id='block_1_54' title="bbox 631 3553 2200 3624">
    <p class='ocr_par' dir='ltr' id='par_1_54' title="bbox 631 3553 2200 3624">
     <span class='ocr_line' id='line_1_54' title="bbox 631 3553 2200 3624; baseline 0.003 -17"><span class='ocrx_word' id='word_1_371' title='bbox 631 3554 921 3608; x_wconf 82' lang='lat' dir='ltr'><strong>utilitatem</strong></span> <span class='ocrx_word' id='word_1_372' title='bbox 955 3554 1118 3619; x_wconf 91' lang='lat' dir='ltr'><strong>cedit,</strong></span> <span class='ocrx_word' id='word_1_373' title='bbox 1177 3555 1385 3622; x_wconf 86' lang='lat' dir='ltr'><strong>pulchri</strong></span> <span class='ocrx_word' id='word_1_374' title='bbox 1430 3554 1691 3624; x_wconf 86' lang='lat' dir='ltr'><strong>judicium</strong></span> <span class='ocrx_word' id='word_1_375' title='bbox 1734 3553 1954 3608; x_wconf 82' lang='lat' dir='ltr'><strong>faciant.</strong></span> <span class='ocrx_word' id='word_1_376' title='bbox 1990 3554 2120 3609; x_wconf 84' lang='lat' dir='ltr'><strong>Nam</strong></span> <span class='ocrx_word' id='word_1_377' title='bbox 2157 3557 2200 3611; x_wconf 88' lang='lat' dir='ltr'><strong>si</strong></span> 
     </span>
    </p>
   </div>
   <div class='ocr_carea' id='block_1_55' title="bbox 632 3639 2201 3714">
    <p class='ocr_par' dir='ltr' id='par_1_55' title="bbox 632 3639 2201 3714">
     <span class='ocr_line' id='line_1_55' title="bbox 632 3639 2201 3714; baseline 0.004 -19"><span class='ocrx_word' id='word_1_378' title='bbox 632 3639 850 3703; x_wconf 78' lang='lat' dir='ltr'><strong>Filium,</strong></span> <span class='ocrx_word' id='word_1_379' title='bbox 875 3641 1016 3696; x_wconf 90' lang='lat' dir='ltr'><strong>sicut</strong></span> <span class='ocrx_word' id='word_1_380' title='bbox 1055 3640 1121 3696; x_wconf 88' lang='lat' dir='ltr'><strong>de</strong></span> <span class='ocrx_word' id='word_1_381' title='bbox 1150 3641 1308 3697; x_wconf 88' lang='lat' dir='ltr'><strong>Patre</strong></span> <span class='ocrx_word' id='word_1_382' title='bbox 1331 3640 1629 3697; x_wconf 83' lang='lat' dir='ltr'><strong>decernunt</strong></span> <span class='ocrx_word' id='word_1_383' title='bbox 1658 3654 1708 3698; x_wconf 89' lang='lat' dir='ltr'><strong>et</strong></span> <span class='ocrx_word' id='word_1_384' title='bbox 1734 3643 1947 3705; x_wconf 86' lang='lat' dir='ltr'><strong>docent,</strong></span> <span class='ocrx_word' id='word_1_385' title='bbox 1984 3661 2201 3714; x_wconf 87' lang='lat' dir='ltr'><strong>perpes-</strong></span> 
     </span>
    </p>
   </div>
   <div class='ocr_carea' id='block_1_56' title="bbox 633 3727 2200 3801">
    <p class='ocr_par' dir='ltr' id='par_1_56' title="bbox 633 3727 2200 3801">
     <span class='ocr_line' id='line_1_56' title="bbox 633 3727 2200 3801; baseline 0.004 -19"><span class='ocrx_word' id='word_1_386' title='bbox 633 3727 806 3782; x_wconf 88' lang='lat' dir='ltr'><strong>sionis</strong></span> <span class='ocrx_word' id='word_1_387' title='bbox 832 3743 939 3781; x_wconf 85' lang='lat' dir='ltr'><strong>non</strong></span> <span class='ocrx_word' id='word_1_388' title='bbox 984 3743 1236 3798; x_wconf 81' lang='lat' dir='ltr'><strong>capacem</strong></span> <span class='ocrx_word' id='word_1_389' title='bbox 1268 3745 1388 3785; x_wconf 86' lang='lat' dir='ltr'><strong>esse</strong></span> <span class='ocrx_word' id='word_1_390' title='bbox 1419 3731 1756 3801; x_wconf 77' lang='lat' dir='ltr'><strong>contigisset,</strong></span> <span class='ocrx_word' id='word_1_391' title='bbox 1787 3734 2200 3789; x_wconf 88' lang='lat' dir='ltr'><strong>inemendabilis</strong></span> 
     </span>
    </p>
   </div>
   <div class='ocr_carea' id='block_1_57' title="bbox 633 3819 2197 3895">
    <p class='ocr_par' dir='ltr' id='par_1_57' title="bbox 633 3819 2197 3895">
     <span class='ocr_line' id='line_1_57' title="bbox 633 3819 2197 3895; baseline 0.004 -23"><span class='ocrx_word' id='word_1_392' title='bbox 633 3827 795 3888; x_wconf 87' lang='lat' dir='ltr'><strong>atque</strong></span> <span class='ocrx_word' id='word_1_393' title='bbox 841 3819 1209 3888; x_wconf 80' lang='lat' dir='ltr'><strong>irreparnbilis</strong></span> <span class='ocrx_word' id='word_1_394' title='bbox 1244 3823 1531 3876; x_wconf 87' lang='lat' dir='ltr'><strong>mansisset</strong></span> <span class='ocrx_word' id='word_1_395' title='bbox 1573 3831 1761 3877; x_wconf 89' lang='lat' dir='ltr'><strong>nostra</strong></span> <span class='ocrx_word' id='word_1_396' title='bbox 1795 3824 2035 3887; x_wconf 81' lang='lat' dir='ltr'><strong>miseria,</strong></span> <span class='ocrx_word' id='word_1_397' title='bbox 2069 3826 2197 3895; x_wconf 88' lang='lat' dir='ltr'><strong>quia</strong></span> 
     </span>
    </p>
   </div>
   <div class='ocr_carea' id='block_1_58' title="bbox 632 3910 2202 3983">
    <p class='ocr_par' dir='ltr' id='par_1_58' title="bbox 632 3910 2202 3983">
     <span class='ocr_line' id='line_1_58' title="bbox 632 3910 2202 3983; baseline 0.004 -19"><span class='ocrx_word' id='word_1_398' title='bbox 632 3926 741 3964; x_wconf 88' lang='lat' dir='ltr'><strong>non</strong></span> <span class='ocrx_word' id='word_1_399' title='bbox 771 3918 915 3965; x_wconf 88' lang='lat' dir='ltr'><strong>esset</strong></span> <span class='ocrx_word' id='word_1_400' title='bbox 941 3910 1034 3979; x_wconf 90' lang='lat' dir='ltr'><strong>qui</strong></span> <span class='ocrx_word' id='word_1_401' title='bbox 1071 3925 1166 3979; x_wconf 86' lang='lat' dir='ltr'><strong>per</strong></span> <span class='ocrx_word' id='word_1_402' title='bbox 1189 3912 1462 3981; x_wconf 82' lang='lat' dir='ltr'><strong>prepriam</strong></span> <span class='ocrx_word' id='word_1_403' title='bbox 1487 3915 1875 3983; x_wconf 78' lang='lat' dir='ltr'><strong>experientiam</strong></span> <span class='ocrx_word' id='word_1_404' title='bbox 1918 3916 1984 3969; x_wconf 87' lang='lat' dir='ltr'><strong>ad</strong></span> <span class='ocrx_word' id='word_1_405' title='bbox 2024 3917 2202 3970; x_wconf 91' lang='lat' dir='ltr'><strong>incor-</strong></span> 
     </span>
    </p>
   </div>
   <div class='ocr_carea' id='block_1_59' title="bbox 629 4001 2201 4076">
    <p class='ocr_par' dir='ltr' id='par_1_59' title="bbox 629 4001 2201 4076">
     <span class='ocr_line' id='line_1_59' title="bbox 629 4001 2201 4076; baseline 0.003 -21"><span class='ocrx_word' id='word_1_406' title='bbox 629 4002 939 4070; x_wconf 84' lang='lat' dir='ltr'><strong>ruptionem</strong></span> <span class='ocrx_word' id='word_1_407' title='bbox 973 4001 1284 4058; x_wconf 85' lang='lat' dir='ltr'><strong>sublevaret</strong></span> <span class='ocrx_word' id='word_1_408' title='bbox 1311 4003 1602 4059; x_wconf 87' lang='lat' dir='ltr'><strong>hominem.</strong></span> <span class='ocrx_word' id='word_1_409' title='bbox 1635 4004 1702 4058; x_wconf 79' lang='lat' dir='ltr'><strong>Et</strong></span> <span class='ocrx_word' id='word_1_410' title='bbox 1725 4006 1803 4060; x_wconf 89' lang='lat' dir='ltr'><strong>sic</strong></span> <span class='ocrx_word' id='word_1_411' title='bbox 1827 4007 2201 4076; x_wconf 89' lang='lat' dir='ltr'><strong>.captiosorum</strong></span> 
     </span>
    </p>
   </div>
   <div class='ocr_carea' id='block_1_60' title="bbox 632 4093 2199 4166">
    <p class='ocr_par' dir='ltr' id='par_1_60' title="bbox 632 4093 2199 4166">
     <span class='ocr_line' id='line_1_60' title="bbox 632 4093 2199 4166; baseline 0.006 -21"><span class='ocrx_word' id='word_1_412' title='bbox 632 4109 695 4146; x_wconf 83' lang='lat' dir='ltr'><strong>ac</strong></span> <span class='ocrx_word' id='word_1_413' title='bbox 716 4093 988 4146; x_wconf 85' lang='lat' dir='ltr'><strong>fallacium</strong></span> <span class='ocrx_word' id='word_1_414' title='bbox 1013 4093 1400 4162; x_wconf 79' lang='lat' dir='ltr'><strong>magistrorum</strong></span> <span class='ocrx_word' id='word_1_415' title='bbox 1421 4098 1638 4150; x_wconf 86' lang='lat' dir='ltr'><strong>solertia</strong></span> <span class='ocrx_word' id='word_1_416' title='bbox 1667 4113 1772 4152; x_wconf 87' lang='lat' dir='ltr'><strong>non</strong></span> <span class='ocrx_word' id='word_1_417' title='bbox 1797 4101 2199 4166; x_wconf 80' lang='lat' dir='ltr'><strong>animadvertit,</strong></span> 
     </span>
    </p>
   </div>
   <div class='ocr_carea' id='block_1_61' title="bbox 2305 1919 3814 2003">
    <p class='ocr_par' dir='ltr' id='par_1_61' title="bbox 2305 1919 3814 2003">
     <span class='ocr_line' id='line_1_61' title="bbox 2305 1919 3814 2003; baseline 0.018 -39"><span class='ocrx_word' id='word_1_418' title='bbox 2305 1928 2528 1984; x_wconf 89' lang='grc' dir='ltr'>σκομεν,</span> <span class='ocrx_word' id='word_1_419' title='bbox 2570 1919 2650 1980; x_wconf 85' lang='grc' dir='ltr'><strong>είς</strong></span> <span class='ocrx_word' id='word_1_420' title='bbox 2681 1920 2778 1990; x_wconf 82' lang='grc' dir='ltr'><strong>τὴν</strong></span> <span class='ocrx_word' id='word_1_421' title='bbox 2816 1921 3056 1994; x_wconf 84' lang='grc' dir='ltr'>ἀνάγκην</span> <span class='ocrx_word' id='word_1_422' title='bbox 3096 1927 3194 1997; x_wconf 83' lang='grc' dir='ltr'>τῆς</span> <span class='ocrx_word' id='word_1_423' title='bbox 3234 1928 3446 1998; x_wconf 79' lang='grc' dir='ltr'>φύσεως</span> <span class='ocrx_word' id='word_1_424' title='bbox 3485 1935 3746 2003; x_wconf 77' lang='grc' dir='ltr'>ἀνάγοντες</span> <span class='ocrx_word' id='word_1_425' title='bbox 3770 1939 3814 1992; x_wconf 71' lang='grc' dir='ltr'>τὸ</span> 
     </span>
    </p>
   </div>
   <div class='ocr_carea' id='block_1_62' title="bbox 2303 2008 3813 2100">
    <p class='ocr_par' dir='ltr' id='par_1_62' title="bbox 2303 2008 3813 2100">
     <span class='ocr_line' id='line_1_62' title="bbox 2303 2008 3813 2100; baseline 0.017 -42"><span class='ocrx_word' id='word_1_426' title='bbox 2303 2008 2604 2077; x_wconf 90' lang='grc' dir='ltr'>γινόμενον,</span> <span class='ocrx_word' id='word_1_427' title='bbox 2639 2011 2728 2064; x_wconf 86' lang='grc' dir='ltr'><strong>διὰ</strong></span> <span class='ocrx_word' id='word_1_428' title='bbox 2748 2012 2808 2065; x_wconf 84' lang='grc' dir='ltr'>τὸ</span> <span class='ocrx_word' id='word_1_429' title='bbox 2839 2013 2912 2086; x_wconf 74' lang='grc' dir='ltr'>μὴ</span> <span class='ocrx_word' id='word_1_430' title='bbox 2943 2015 3196 2072; x_wconf 82' lang='grc' dir='ltr'>δύνασθαι</span> <span class='ocrx_word' id='word_1_431' title='bbox 3221 2021 3281 2073; x_wconf 76' lang='grc' dir='ltr'>τὸ</span> <span class='ocrx_word' id='word_1_432' title='bbox 3304 2023 3414 2094; x_wconf 83' lang='grc' dir='ltr'><strong>πῦρ</strong></span> <span class='ocrx_word' id='word_1_433' title='bbox 3452 2025 3553 2095; x_wconf 84' lang='grc' dir='ltr'><strong>τῆς</strong></span> <span class='ocrx_word' id='word_1_434' title='bbox 3577 2027 3813 2100; x_wconf 83' lang='grc' dir='ltr'>θερμαντι-</span> 
     </span>
    </p>
   </div>
   <div class='ocr_carea' id='block_1_63' title="bbox 2304 2101 3813 2190">
    <p class='ocr_par' dir='ltr' id='par_1_63' title="bbox 2304 2101 3813 2190">
     <span class='ocr_line' id='line_1_63' title="bbox 2304 2101 3813 2190; baseline 0.016 -38"><span class='ocrx_word' id='word_1_435' title='bbox 2304 2101 2406 2171; x_wconf 81' lang='grc' dir='ltr'>κῆς</span> <span class='ocrx_word' id='word_1_436' title='bbox 2422 2102 2700 2173; x_wconf 87' lang='grc' dir='ltr'>ἐνεργείας</span> <span class='ocrx_word' id='word_1_437' title='bbox 2729 2107 3187 2184; x_wconf 75' lang='grc' dir='ltr'>ἀπολειφθῆναι,ῆ</span> <span class='ocrx_word' id='word_1_438' title='bbox 3223 2115 3482 2186; x_wconf 83' lang='grc' dir='ltr'>στάσιμον</span> <span class='ocrx_word' id='word_1_439' title='bbox 3508 2121 3595 2172; x_wconf 76' lang='grc' dir='ltr'><strong>ἐπὶ</strong></span> <span class='ocrx_word' id='word_1_440' title='bbox 3623 2124 3813 2190; x_wconf 78' lang='grc' dir='ltr'>πρανοῦς</span> 
     </span>
    </p>
   </div>
   <div class='ocr_carea' id='block_1_64' title="bbox 2305 2195 3814 2276">
    <p class='ocr_par' dir='ltr' id='par_1_64' title="bbox 2305 2195 3814 2276">
     <span class='ocr_line' id='line_1_64' title="bbox 2305 2195 3814 2276; baseline 0.013 -33"><span class='ocrx_word' id='word_1_441' title='bbox 2305 2195 2482 2262; x_wconf 86' lang='grc' dir='ltr'>μεῖναι</span> <span class='ocrx_word' id='word_1_442' title='bbox 2503 2195 2563 2247; x_wconf 85' lang='grc' dir='ltr'><strong>τὸ</strong></span> <span class='ocrx_word' id='word_1_443' title='bbox 2593 2195 2755 2266; x_wconf 83' lang='grc' dir='ltr'>ὕδωρ,</span> <span class='ocrx_word' id='word_1_444' title='bbox 2797 2198 3115 2269; x_wconf 82' lang='grc' dir='ltr'>αὐτομάτως</span> <span class='ocrx_word' id='word_1_445' title='bbox 3153 2204 3250 2274; x_wconf 79' lang='grc' dir='ltr'>τῆς</span> <span class='ocrx_word' id='word_1_446' title='bbox 3286 2207 3520 2276; x_wconf 75' lang='grc' dir='ltr'>τοπικῆς</span> <span class='ocrx_word' id='word_1_447' title='bbox 3545 2211 3814 2276; x_wconf 82' lang='grc' dir='ltr'>ἐπικλίσεως</span> 
     </span>
    </p>
   </div>
   <div class='ocr_carea' id='block_1_65' title="bbox 2302 2285 3814 2371">
    <p class='ocr_par' dir='ltr' id='par_1_65' title="bbox 2302 2285 3814 2371">
     <span class='ocr_line' id='line_1_65' title="bbox 2302 2285 3814 2371; baseline 0.014 -35"><span class='ocrx_word' id='word_1_448' title='bbox 2302 2285 2662 2358; x_wconf 75' lang='grc' dir='ltr'>ἐφελκομένης</span> <span class='ocrx_word' id='word_1_449' title='bbox 2694 2290 2785 2342; x_wconf 72' lang='grc' dir='ltr'>ἐπὶ</span> <span class='ocrx_word' id='word_1_450' title='bbox 2828 2291 2888 2344; x_wconf 82' lang='grc' dir='ltr'><strong>τὸ</strong></span> <span class='ocrx_word' id='word_1_451' title='bbox 2917 2293 3101 2363; x_wconf 85' lang='grc' dir='ltr'>πρόσω</span> <span class='ocrx_word' id='word_1_452' title='bbox 3130 2296 3226 2366; x_wconf 77' lang='grc' dir='ltr'>τὴν</span> <span class='ocrx_word' id='word_1_453' title='bbox 3255 2299 3490 2368; x_wconf 81' lang='grc' dir='ltr'>κίνησιν.</span> <span class='ocrx_word' id='word_1_454' title='bbox 3547 2302 3606 2356; x_wconf 76' lang='lat' dir='ltr'><strong>Et</strong></span> <span class='ocrx_word' id='word_1_455' title='bbox 3636 2301 3716 2356; x_wconf 68' lang='grc' dir='ltr'><strong>οὖν</strong></span> <span class='ocrx_word' id='word_1_456' title='bbox 3743 2306 3814 2371; x_wconf 70' lang='grc' dir='ltr'><strong>φύ-</strong></span> 
     </span>
    </p>
   </div>
   <div class='ocr_carea' id='block_1_66' title="bbox 2304 2378 3814 2462">
    <p class='ocr_par' dir='ltr' id='par_1_66' title="bbox 2304 2378 3814 2462">
     <span class='ocr_line' id='line_1_66' title="bbox 2304 2378 3814 2462; baseline 0.015 -36"><span class='ocrx_word' id='word_1_457' title='bbox 2304 2392 2439 2438; x_wconf 88' lang='grc' dir='ltr'>σεως</span> <span class='ocrx_word' id='word_1_458' title='bbox 2504 2378 2716 2452; x_wconf 83' lang='grc' dir='ltr'>ἀνάγκῃ</span> <span class='ocrx_word' id='word_1_459' title='bbox 2778 2381 2877 2451; x_wconf 77' lang='grc' dir='ltr'>τὴν</span> <span class='ocrx_word' id='word_1_460' title='bbox 2937 2384 3024 2437; x_wconf 82' lang='grc' dir='ltr'><strong>διά</strong></span> <span class='ocrx_word' id='word_1_461' title='bbox 3084 2388 3283 2456; x_wconf 72' lang='grc' dir='ltr'>σαρκὸς</span> <span class='ocrx_word' id='word_1_462' title='bbox 3340 2391 3649 2461; x_wconf 81' lang='grc' dir='ltr'>εὐεργεσίαν</span> <span class='ocrx_word' id='word_1_463' title='bbox 3702 2396 3814 2462; x_wconf 71' lang='grc' dir='ltr'>παρὰ</span> 
     </span>
    </p>
   </div>
   <div class='ocr_carea' id='block_1_67' title="bbox 2303 2463 3814 2552">
    <p class='ocr_par' dir='ltr' id='par_1_67' title="bbox 2303 2463 3814 2552">
     <span class='ocr_line' id='line_1_67' title="bbox 2303 2463 3814 2552; baseline 0.015 -37"><span class='ocrx_word' id='word_1_464' title='bbox 2303 2463 2394 2517; x_wconf 83' lang='grc' dir='ltr'><strong>τοῦ</strong></span> <span class='ocrx_word' id='word_1_465' title='bbox 2440 2466 2566 2519; x_wconf 82' lang='grc' dir='ltr'>Υίοῦ</span> <span class='ocrx_word' id='word_1_466' title='bbox 2609 2471 2927 2541; x_wconf 78' lang='grc' dir='ltr'>γεγενῆσθαι</span> <span class='ocrx_word' id='word_1_467' title='bbox 2967 2478 3076 2539; x_wconf 88' lang='grc' dir='ltr'>τοῖς</span> <span class='ocrx_word' id='word_1_468' title='bbox 3123 2478 3426 2549; x_wconf 85' lang='grc' dir='ltr'>ἀνθρώποις</span> <span class='ocrx_word' id='word_1_469' title='bbox 3468 2482 3713 2552; x_wconf 83' lang='grc' dir='ltr'>λέγουσιν,</span> <span class='ocrx_word' id='word_1_470' title='bbox 3752 2487 3814 2538; x_wconf 75' lang='grc' dir='ltr'>οὐ·</span> 
     </span>
    </p>
   </div>
   <div class='ocr_carea' id='block_1_68' title="bbox 2302 2554 3814 2639">
    <p class='ocr_par' dir='ltr' id='par_1_68' title="bbox 2302 2554 3814 2639">
     <span class='ocr_line' id='line_1_68' title="bbox 2302 2554 3814 2639; baseline 0.015 -32"><span class='ocrx_word' id='word_1_471' title='bbox 2302 2554 2492 2626; x_wconf 87' lang='grc' dir='ltr'>δεμίαν</span> <span class='ocrx_word' id='word_1_472' title='bbox 2539 2561 2753 2626; x_wconf 84' lang='grc' dir='ltr'>πάντως</span> <span class='ocrx_word' id='word_1_473' title='bbox 2795 2565 2950 2635; x_wconf 85' lang='grc' dir='ltr'>χάριν</span> <span class='ocrx_word' id='word_1_474' title='bbox 2977 2568 3361 2637; x_wconf 75' lang='grc' dir='ltr'>γινώσκουσιν,</span> <span class='ocrx_word' id='word_1_475' title='bbox 3403 2575 3488 2628; x_wconf 86' lang='grc' dir='ltr'>ὄτι</span> <span class='ocrx_word' id='word_1_476' title='bbox 3526 2576 3619 2627; x_wconf 88' lang='grc' dir='ltr'><strong>οὐκ</strong></span> <span class='ocrx_word' id='word_1_477' title='bbox 3657 2579 3724 2639; x_wconf 81' lang='grc' dir='ltr'><strong>είς</strong></span> <span class='ocrx_word' id='word_1_478' title='bbox 3749 2577 3814 2628; x_wconf 63' lang='grc' dir='ltr'><strong>δύο</strong></span> 
     </span>
    </p>
   </div>
   <div class='ocr_carea' id='block_1_69' title="bbox 2302 2651 3813 2737">
    <p class='ocr_par' dir='ltr' id='par_1_69' title="bbox 2302 2651 3813 2737">
     <span class='ocr_line' id='line_1_69' title="bbox 2302 2651 3813 2737; baseline 0.014 -38"><span class='ocrx_word' id='word_1_479' title='bbox 2302 2664 2463 2718; x_wconf 87' lang='grc' dir='ltr'>ναμιν</span> <span class='ocrx_word' id='word_1_480' title='bbox 2499 2651 2931 2726; x_wconf 81' lang='grc' dir='ltr'>ἐξουσιαστικὴν,</span> <span class='ocrx_word' id='word_1_481' title='bbox 2985 2659 3099 2711; x_wconf 82' lang='grc' dir='ltr'>ἀλλ’</span> <span class='ocrx_word' id='word_1_482' title='bbox 3133 2664 3211 2724; x_wconf 80' lang='grc' dir='ltr'>εἰς</span> <span class='ocrx_word' id='word_1_483' title='bbox 3252 2665 3487 2736; x_wconf 75' lang='grc' dir='ltr'>φυσικὴν</span> <span class='ocrx_word' id='word_1_484' title='bbox 3527 2668 3742 2737; x_wconf 80' lang='grc' dir='ltr'>ἀνάγκην</span> <span class='ocrx_word' id='word_1_485' title='bbox 3771 2670 3813 2720; x_wconf 69' lang='grc' dir='ltr'><strong>τὸ</strong></span> 
     </span>
    </p>
   </div>
   <div class='ocr_carea' id='block_1_70' title="bbox 2303 2743 3814 2829">
    <p class='ocr_par' dir='ltr' id='par_1_70' title="bbox 2303 2743 3814 2829">
     <span class='ocr_line' id='line_1_70' title="bbox 2303 2743 3814 2829; baseline 0.015 -37"><span class='ocrx_word' id='word_1_486' title='bbox 2303 2743 2518 2807; x_wconf 76' lang='grc' dir='ltr'>γεγονὸς</span> <span class='ocrx_word' id='word_1_487' title='bbox 2556 2745 2928 2818; x_wconf 78' lang='grc' dir='ltr'>ἀναφέρουσιν.</span> <span class='ocrx_word' id='word_1_488' title='bbox 2980 2751 3040 2802; x_wconf 81' lang='grc' dir='ltr'>Εἰ</span> <span class='ocrx_word' id='word_1_489' title='bbox 3068 2751 3122 2804; x_wconf 83' lang='grc' dir='ltr'><strong>δὲ</strong></span> <span class='ocrx_word' id='word_1_490' title='bbox 3163 2755 3260 2824; x_wconf 79' lang='grc' dir='ltr'>τῆς</span> <span class='ocrx_word' id='word_1_491' title='bbox 3295 2756 3505 2827; x_wconf 81' lang='grc' dir='ltr'>δωρεᾶς</span> <span class='ocrx_word' id='word_1_492' title='bbox 3547 2760 3814 2829; x_wconf 81' lang='grc' dir='ltr'>αἰσθανόμε-</span> 
     </span>
    </p>
   </div>
   <div class='ocr_carea' id='block_1_71' title="bbox 2302 2831 3815 2922">
    <p class='ocr_par' dir='ltr' id='par_1_71' title="bbox 2302 2831 3815 2922">
     <span class='ocr_line' id='line_1_71' title="bbox 2302 2831 3815 2922; baseline 0.016 -42"><span class='ocrx_word' id='word_1_493' title='bbox 2302 2845 2382 2882; x_wconf 90' lang='grc' dir='ltr'><strong>νοι</strong></span> <span class='ocrx_word' id='word_1_494' title='bbox 2422 2831 2518 2900; x_wconf 79' lang='grc' dir='ltr'>τὴν</span> <span class='ocrx_word' id='word_1_495' title='bbox 2560 2834 2874 2904; x_wconf 85' lang='grc' dir='ltr'>εὐεργεσίαν</span> <span class='ocrx_word' id='word_1_496' title='bbox 2927 2839 3281 2908; x_wconf 78' lang='grc' dir='ltr'>ἀτιμάζουσι,</span> <span class='ocrx_word' id='word_1_497' title='bbox 3351 2845 3563 2900; x_wconf 80' lang='grc' dir='ltr'>δέδοικα</span> <span class='ocrx_word' id='word_1_498' title='bbox 3607 2849 3673 2922; x_wconf 73' lang='grc' dir='ltr'>μὴ</span> <span class='ocrx_word' id='word_1_499' title='bbox 3715 2849 3815 2918; x_wconf 81' lang='grc' dir='ltr'>πρὸς</span> 
     </span>
    </p>
   </div>
   <div class='ocr_carea' id='block_1_72' title="bbox 2302 2920 3816 3005">
    <p class='ocr_par' dir='ltr' id='par_1_72' title="bbox 2302 2920 3816 3005">
     <span class='ocr_line' id='line_1_72' title="bbox 2302 2920 3816 3005; baseline 0.015 -35"><span class='ocrx_word' id='word_1_500' title='bbox 2302 2920 2605 2974; x_wconf 86' lang='grc' dir='ltr'>τούναντίον</span> <span class='ocrx_word' id='word_1_501' title='bbox 2639 2931 2944 2997; x_wconf 83' lang='grc' dir='ltr'>περιτραπῇ</span> <span class='ocrx_word' id='word_1_502' title='bbox 2983 2931 3142 2983; x_wconf 81' lang='grc' dir='ltr'>πάλιν</span> <span class='ocrx_word' id='word_1_503' title='bbox 3184 2933 3364 2996; x_wconf 82' lang='grc' dir='ltr'>αὐτοῖς</span> <span class='ocrx_word' id='word_1_504' title='bbox 3399 2937 3431 3005; x_wconf 78' lang='grc' dir='ltr'><strong>ἡ</strong></span> <span class='ocrx_word' id='word_1_505' title='bbox 3477 2920 3712 2998; x_wconf 75' lang='grc' dir='ltr'>ἀσέϐεια,</span> <span class='ocrx_word' id='word_1_506' title='bbox 3748 2941 3816 2994; x_wconf 75' lang='lat' dir='ltr'><strong>ul</strong></span> 
     </span>
    </p>
   </div>
   <div class='ocr_carea' id='block_1_73' title="bbox 2303 3013 3816 3095">
    <p class='ocr_par' dir='ltr' id='par_1_73' title="bbox 2303 3013 3816 3095">
     <span class='ocr_line' id='line_1_73' title="bbox 2303 3013 3816 3095; baseline 0.015 -34"><span class='ocrx_word' id='word_1_507' title='bbox 2303 3013 2696 3084; x_wconf 83' lang='grc' dir='ltr'>προτιμοτέραν</span> <span class='ocrx_word' id='word_1_508' title='bbox 2728 3018 3056 3087; x_wconf 80' lang='grc' dir='ltr'>ποιήσωνται</span> <span class='ocrx_word' id='word_1_509' title='bbox 3086 3021 3183 3092; x_wconf 75' lang='grc' dir='ltr'>τὴν</span> <span class='ocrx_word' id='word_1_510' title='bbox 3213 3025 3431 3095; x_wconf 85' lang='grc' dir='ltr'>ἐμπαθῆ</span> <span class='ocrx_word' id='word_1_511' title='bbox 3469 3027 3562 3080; x_wconf 88' lang='grc' dir='ltr'><strong>τοῦ</strong></span> <span class='ocrx_word' id='word_1_512' title='bbox 3599 3030 3706 3082; x_wconf 81' lang='grc' dir='ltr'><strong>Υίοῦ</strong></span> <span class='ocrx_word' id='word_1_513' title='bbox 3728 3031 3816 3084; x_wconf 74' lang='grc' dir='ltr'>διά-</span> 
     </span>
    </p>
   </div>
   <div class='ocr_carea' id='block_1_74' title="bbox 2305 3101 3816 3188">
    <p class='ocr_par' dir='ltr' id='par_1_74' title="bbox 2305 3101 3816 3188">
     <span class='ocr_line' id='line_1_74' title="bbox 2305 3101 3816 3188; baseline 0.015 -35"><span class='ocrx_word' id='word_1_514' title='bbox 2305 3101 2450 3160; x_wconf 87' lang='grc' dir='ltr'>θεσιν</span> <span class='ocrx_word' id='word_1_515' title='bbox 2514 3106 2612 3176; x_wconf 84' lang='grc' dir='ltr'>τῆς</span> <span class='ocrx_word' id='word_1_516' title='bbox 2643 3112 2910 3180; x_wconf 84' lang='grc' dir='ltr'>πατρικῆς</span> <span class='ocrx_word' id='word_1_517' title='bbox 2945 3113 3237 3178; x_wconf 83' lang='grc' dir='ltr'>ἀπαθείας,</span> <span class='ocrx_word' id='word_1_518' title='bbox 3288 3118 3345 3168; x_wconf 87' lang='grc' dir='ltr'><strong>ἐν</strong></span> <span class='ocrx_word' id='word_1_519' title='bbox 3377 3119 3456 3188; x_wconf 84' lang='grc' dir='ltr'>τῷ</span> <span class='ocrx_word' id='word_1_520' title='bbox 3485 3121 3600 3174; x_wconf 86' lang='grc' dir='ltr'>καθ’</span> <span class='ocrx_word' id='word_1_521' title='bbox 3636 3125 3816 3185; x_wconf 70' lang='grc' dir='ltr'>ἑαυτοὺς</span> 
     </span>
    </p>
   </div>
   <div class='ocr_carea' id='block_1_75' title="bbox 2304 3195 3817 3284">
    <p class='ocr_par' dir='ltr' id='par_1_75' title="bbox 2304 3195 3817 3284">
     <span class='ocr_line' id='line_1_75' title="bbox 2304 3195 3817 3284; baseline 0.014 -38"><span class='ocrx_word' id='word_1_522' title='bbox 2304 3195 2510 3264; x_wconf 82' lang='grc' dir='ltr'>ἀγαθῷ,</span> <span class='ocrx_word' id='word_1_523' title='bbox 2537 3199 2633 3267; x_wconf 78' lang='grc' dir='ltr'>τὴν</span> <span class='ocrx_word' id='word_1_524' title='bbox 2657 3201 2750 3252; x_wconf 83' lang='grc' dir='ltr'><strong>τοῦ</strong></span> <span class='ocrx_word' id='word_1_525' title='bbox 2783 3202 2944 3254; x_wconf 80' lang='grc' dir='ltr'>καλοῦ</span> <span class='ocrx_word' id='word_1_526' title='bbox 2974 3205 3152 3275; x_wconf 89' lang='grc' dir='ltr'>κρίσιν</span> <span class='ocrx_word' id='word_1_527' title='bbox 3175 3208 3508 3278; x_wconf 79' lang='grc' dir='ltr'>ποιούμενοι.</span> <span class='ocrx_word' id='word_1_528' title='bbox 3551 3214 3608 3265; x_wconf 82' lang='lat' dir='ltr'><strong>Ei</strong></span> <span class='ocrx_word' id='word_1_529' title='bbox 3631 3215 3723 3284; x_wconf 77' lang='grc' dir='ltr'>γὰρ</span> <span class='ocrx_word' id='word_1_530' title='bbox 3748 3216 3817 3266; x_wconf 77' lang='grc' dir='ltr'>καὶ</span> 
     </span>
    </p>
   </div>
   <div class='ocr_carea' id='block_1_76' title="bbox 2304 3287 3816 3374">
    <p class='ocr_par' dir='ltr' id='par_1_76' title="bbox 2304 3287 3816 3374">
     <span class='ocr_line' id='line_1_76' title="bbox 2304 3287 3816 3374; baseline 0.013 -36"><span class='ocrx_word' id='word_1_531' title='bbox 2304 3287 2392 3339; x_wconf 82' lang='grc' dir='ltr'><strong>τὸν</strong></span> <span class='ocrx_word' id='word_1_532' title='bbox 2436 3289 2562 3341; x_wconf 80' lang='grc' dir='ltr'>Υίὸν</span> <span class='ocrx_word' id='word_1_533' title='bbox 2657 3292 2837 3356; x_wconf 84' lang='grc' dir='ltr'>καθὼς</span> <span class='ocrx_word' id='word_1_534' title='bbox 2882 3295 3007 3366; x_wconf 75' lang='grc' dir='ltr'>περὶ</span> <span class='ocrx_word' id='word_1_535' title='bbox 3053 3298 3147 3351; x_wconf 89' lang='grc' dir='ltr'><strong>τοῦ</strong></span> <span class='ocrx_word' id='word_1_536' title='bbox 3177 3300 3388 3365; x_wconf 81' lang='grc' dir='ltr'>Πατρὺς</span> <span class='ocrx_word' id='word_1_537' title='bbox 3429 3303 3816 3374; x_wconf 81' lang='grc' dir='ltr'>δογματίζουσιν,</span> 
     </span>
    </p>
   </div>
   <div class='ocr_carea' id='block_1_77' title="bbox 2304 3379 3819 3466">
    <p class='ocr_par' dir='ltr' id='par_1_77' title="bbox 2304 3379 3819 3466">
     <span class='ocr_line' id='line_1_77' title="bbox 2304 3379 3819 3466; baseline 0.011 -35"><span class='ocrx_word' id='word_1_538' title='bbox 2304 3380 2684 3450; x_wconf 81' lang='grc' dir='ltr'>ἁπαράδεκτον</span> <span class='ocrx_word' id='word_1_539' title='bbox 2711 3379 2852 3436; x_wconf 80' lang='grc' dir='ltr'>εἶναι</span> <span class='ocrx_word' id='word_1_540' title='bbox 2879 3387 3072 3459; x_wconf 67' lang='grc' dir='ltr'>συνέϐη</span> <span class='ocrx_word' id='word_1_541' title='bbox 3118 3389 3210 3441; x_wconf 86' lang='grc' dir='ltr'><strong>τοῦ</strong></span> <span class='ocrx_word' id='word_1_542' title='bbox 3258 3391 3496 3454; x_wconf 83' lang='grc' dir='ltr'>πάθους,</span> <span class='ocrx_word' id='word_1_543' title='bbox 3551 3394 3819 3466; x_wconf 72' lang='grc' dir='ltr'>ἀδιόρθωτης</span> 
     </span>
    </p>
   </div>
   <div class='ocr_carea' id='block_1_78' title="bbox 2305 3470 3818 3552">
    <p class='ocr_par' dir='ltr' id='par_1_78' title="bbox 2305 3470 3818 3552">
     <span class='ocr_line' id='line_1_78' title="bbox 2305 3470 3818 3552; baseline 0.009 -29"><span class='ocrx_word' id='word_1_544' title='bbox 2305 3470 2518 3542; x_wconf 79' lang='grc' dir='ltr'>ἔμεινεν</span> <span class='ocrx_word' id='word_1_545' title='bbox 2546 3473 2610 3527; x_wconf 78' lang='grc' dir='ltr'>ἂν</span> <span class='ocrx_word' id='word_1_546' title='bbox 2643 3478 2673 3544; x_wconf 82' lang='grc' dir='ltr'>ἡ</span> <span class='ocrx_word' id='word_1_547' title='bbox 2716 3475 2814 3544; x_wconf 84' lang='grc' dir='ltr'>τῆς</span> <span class='ocrx_word' id='word_1_548' title='bbox 2847 3476 3060 3544; x_wconf 79' lang='grc' dir='ltr'>φύσεως</span> <span class='ocrx_word' id='word_1_549' title='bbox 3101 3480 3255 3549; x_wconf 85' lang='grc' dir='ltr'>ἡμῶν</span> <span class='ocrx_word' id='word_1_550' title='bbox 3286 3483 3562 3552; x_wconf 78' lang='grc' dir='ltr'>συμφορὰ,</span> <span class='ocrx_word' id='word_1_551' title='bbox 3591 3485 3680 3536; x_wconf 85' lang='grc' dir='ltr'><strong>οὐκ</strong></span> <span class='ocrx_word' id='word_1_552' title='bbox 3703 3483 3818 3543; x_wconf 75' lang='grc' dir='ltr'>ὗντος</span> 
     </span>
    </p>
   </div>
   <div class='ocr_carea' id='block_1_79' title="bbox 2303 3561 3817 3642">
    <p class='ocr_par' dir='ltr' id='par_1_79' title="bbox 2303 3561 3817 3642">
     <span class='ocr_line' id='line_1_79' title="bbox 2303 3561 3817 3642; baseline 0.007 -30"><span class='ocrx_word' id='word_1_553' title='bbox 2303 3561 2398 3613; x_wconf 82' lang='grc' dir='ltr'><strong>τοῦ</strong></span> <span class='ocrx_word' id='word_1_554' title='bbox 2430 3562 2516 3614; x_wconf 83' lang='grc' dir='ltr'><strong>διὰ</strong></span> <span class='ocrx_word' id='word_1_555' title='bbox 2566 3563 2662 3632; x_wconf 88' lang='grc' dir='ltr'>τῆς</span> <span class='ocrx_word' id='word_1_556' title='bbox 2691 3565 2892 3628; x_wconf 82' lang='grc' dir='ltr'>οἰκείας</span> <span class='ocrx_word' id='word_1_557' title='bbox 2934 3568 3126 3639; x_wconf 83' lang='grc' dir='ltr'>πείρας</span> <span class='ocrx_word' id='word_1_558' title='bbox 3178 3571 3256 3632; x_wconf 83' lang='grc' dir='ltr'><strong>είς</strong></span> <span class='ocrx_word' id='word_1_559' title='bbox 3287 3572 3591 3641; x_wconf 74' lang='grc' dir='ltr'>ἀφθαρσίαν</span> <span class='ocrx_word' id='word_1_560' title='bbox 3617 3571 3817 3642; x_wconf 59' lang='lat' dir='ltr'><strong>teatch-</strong></span> 
     </span>
    </p>
   </div>
   <div class='ocr_carea' id='block_1_80' title="bbox 2309 3653 3820 3732">
    <p class='ocr_par' dir='ltr' id='par_1_80' title="bbox 2309 3653 3820 3732">
     <span class='ocr_line' id='line_1_80' title="bbox 2309 3653 3820 3732; baseline 0.007 -28"><span class='ocrx_word' id='word_1_561' title='bbox 2309 3653 2468 3723; x_wconf 88' lang='grc' dir='ltr'>μένου</span> <span class='ocrx_word' id='word_1_562' title='bbox 2513 3655 2602 3707; x_wconf 85' lang='grc' dir='ltr'><strong>τὸν</strong></span> <span class='ocrx_word' id='word_1_563' title='bbox 2636 3655 2916 3726; x_wconf 81' lang='grc' dir='ltr'>ἄνθρωπον</span> <span class='ocrx_word' id='word_1_564' title='bbox 2948 3676 2964 3694; x_wconf 76' lang='grc' dir='ltr'><strong><em>ο</em></strong></span> <span class='ocrx_word' id='word_1_565' title='bbox 2997 3660 3090 3713; x_wconf 77' lang='grc' dir='ltr'>καὶ</span> <span class='ocrx_word' id='word_1_566' title='bbox 3130 3661 3269 3714; x_wconf 84' lang='grc' dir='ltr'>οὕτω</span> <span class='ocrx_word' id='word_1_567' title='bbox 3310 3662 3558 3717; x_wconf 82' lang='grc' dir='ltr'>λανθάνει</span> <span class='ocrx_word' id='word_1_568' title='bbox 3599 3665 3820 3732; x_wconf 65' lang='grc' dir='ltr'>σοεριστῶν</span> 
     </span>
    </p>
   </div>
   <div class='ocr_carea' id='block_1_81' title="bbox 2303 3742 3819 3827">
    <p class='ocr_par' dir='ltr' id='par_1_81' title="bbox 2303 3742 3819 3827">
     <span class='ocr_line' id='line_1_81' title="bbox 2303 3742 3819 3827; baseline 0.01 -32"><span class='ocrx_word' id='word_1_569' title='bbox 2303 3747 2336 3814; x_wconf 78' lang='grc' dir='ltr'>ἡ</span> <span class='ocrx_word' id='word_1_570' title='bbox 2360 3745 2613 3815; x_wconf 80' lang='grc' dir='ltr'>δεινότης,</span> <span class='ocrx_word' id='word_1_571' title='bbox 2635 3747 2700 3799; x_wconf 85' lang='grc' dir='ltr'>δι’</span> <span class='ocrx_word' id='word_1_572' title='bbox 2731 3742 2804 3800; x_wconf 85' lang='grc' dir='ltr'>ὧν</span> <span class='ocrx_word' id='word_1_573' title='bbox 2830 3748 3107 3822; x_wconf 78' lang='grc' dir='ltr'>καθαιρεῖν</span> <span class='ocrx_word' id='word_1_574' title='bbox 3121 3753 3390 3826; x_wconf 77' lang='grc' dir='ltr'>ἐπιχειρεί</span> <span class='ocrx_word' id='word_1_575' title='bbox 3421 3757 3518 3809; x_wconf 85' lang='grc' dir='ltr'><strong>τοῦ</strong></span> <span class='ocrx_word' id='word_1_576' title='bbox 3553 3754 3819 3827; x_wconf 75' lang='grc' dir='ltr'>μονογενοῦς</span> 
     </span>
    </p>
   </div>
   <div class='ocr_carea' id='block_1_82' title="bbox 2303 3836 3819 3918">
    <p class='ocr_par' dir='ltr' id='par_1_82' title="bbox 2303 3836 3819 3918">
     <span class='ocr_line' id='line_1_82' title="bbox 2303 3836 3819 3918; baseline 0.009 -30"><span class='ocrx_word' id='word_1_577' title='bbox 2303 3836 2438 3889; x_wconf 86' lang='grc' dir='ltr'>Θεοῦ</span> <span class='ocrx_word' id='word_1_578' title='bbox 2465 3838 2524 3890; x_wconf 79' lang='grc' dir='ltr'><strong>τὸ</strong></span> <span class='ocrx_word' id='word_1_579' title='bbox 2559 3839 2859 3907; x_wconf 81' lang='grc' dir='ltr'>μεγαλεῖον,</span> <span class='ocrx_word' id='word_1_580' title='bbox 2890 3843 2969 3905; x_wconf 83' lang='grc' dir='ltr'><strong>είς</strong></span> <span class='ocrx_word' id='word_1_581' title='bbox 3001 3842 3249 3912; x_wconf 76' lang='grc' dir='ltr'>μείζονάς</span> <span class='ocrx_word' id='word_1_582' title='bbox 3278 3865 3333 3899; x_wconf 87' lang='grc' dir='ltr'><strong>τε</strong></span> <span class='ocrx_word' id='word_1_583' title='bbox 3357 3849 3450 3900; x_wconf 72' lang='grc' dir='ltr'><strong>καὶ</strong></span> <span class='ocrx_word' id='word_1_584' title='bbox 3473 3847 3819 3918; x_wconf 78' lang='grc' dir='ltr'>προτιμοτέρσς</span> 
     </span>
    </p>
   </div>
   <div class='ocr_carea' id='block_1_83' title="bbox 2307 3927 3819 4012">
    <p class='ocr_par' dir='ltr' id='par_1_83' title="bbox 2307 3927 3819 4012">
     <span class='ocr_line' id='line_1_83' title="bbox 2307 3927 3819 4012; baseline 0.009 -34"><span class='ocrx_word' id='word_1_585' title='bbox 2307 3927 2595 3998; x_wconf 77' lang='grc' dir='ltr'>ὑπολήψεις</span> <span class='ocrx_word' id='word_1_586' title='bbox 2633 3931 2790 3983; x_wconf 74' lang='grc' dir='ltr'>αὐτὸν</span> <span class='ocrx_word' id='word_1_587' title='bbox 2823 3934 3176 4002; x_wconf 85' lang='grc' dir='ltr'>περιάγουσα.</span> <span class='ocrx_word' id='word_1_588' title='bbox 3239 3939 3496 4012; x_wconf 81' lang='grc' dir='ltr'>Ἐπείπερ</span> <span class='ocrx_word' id='word_1_589' title='bbox 3520 3943 3548 3993; x_wconf 84' lang='grc' dir='ltr'><strong>ό</strong></span> <span class='ocrx_word' id='word_1_590' title='bbox 3574 3940 3819 4010; x_wconf 82' lang='grc' dir='ltr'>δυνάμενος</span> 
     </span>
    </p>
   </div>
   <div class='ocr_carea' id='block_1_84' title="bbox 2308 4018 3820 4100">
    <p class='ocr_par' dir='ltr' id='par_1_84' title="bbox 2308 4018 3820 4100">
     <span class='ocr_line' id='line_1_84' title="bbox 2308 4018 3820 4100; baseline 0.009 -30"><span class='ocrx_word' id='word_1_591' title='bbox 2308 4018 2615 4088; x_wconf 79' lang='grc' dir='ltr'>ἐπιδρᾶσαι,</span> <span class='ocrx_word' id='word_1_592' title='bbox 2648 4020 2740 4074; x_wconf 88' lang='grc' dir='ltr'><strong>τοῦ</strong></span> <span class='ocrx_word' id='word_1_593' title='bbox 2781 4022 3161 4088; x_wconf 78' lang='grc' dir='ltr'>ἀδυνατοῦντος</span> <span class='ocrx_word' id='word_1_594' title='bbox 3189 4027 3322 4098; x_wconf 81' lang='grc' dir='ltr'>πρὸς</span> <span class='ocrx_word' id='word_1_595' title='bbox 3347 4029 3409 4082; x_wconf 78' lang='grc' dir='ltr'>τὸ</span> <span class='ocrx_word' id='word_1_596' title='bbox 3449 4031 3646 4099; x_wconf 82' lang='grc' dir='ltr'>ἀγαθὸν</span> <span class='ocrx_word' id='word_1_597' title='bbox 3671 4045 3820 4100; x_wconf 77' lang='grc' dir='ltr'>προτιο</span> 
     </span>
    </p>
   </div>
   <div class='ocr_carea' id='block_1_85' title="bbox 2313 4125 2553 4179">
    <p class='ocr_par' dir='ltr' id='par_1_85' title="bbox 2313 4125 2553 4179">
     <span class='ocr_line' id='line_1_85' title="bbox 2313 4125 2553 4179; baseline 0.021 -20"><span class='ocrx_word' id='word_1_598' title='bbox 2313 4125 2440 4177; x_wconf 86' lang='grc' dir='ltr'>μοτε</span> <span class='ocrx_word' id='word_1_599' title='bbox 2448 4127 2553 4179; x_wconf 89' lang='grc' dir='ltr'>ρος.</span> 
     </span>
    </p>
   </div>
   <div class='ocr_carea' id='block_1_86' title="bbox 631 4185 3819 4288">
    <p class='ocr_par' dir='ltr' id='par_1_86' title="bbox 631 4185 3819 4288">
     <span class='ocr_line' id='line_1_86' title="bbox 631 4185 3819 4288; baseline 0.011 -52"><span class='ocrx_word' id='word_1_600' title='bbox 631 4185 774 4252; x_wconf 89' lang='lat' dir='ltr'><strong>quod</strong></span> <span class='ocrx_word' id='word_1_601' title='bbox 807 4202 900 4288; x_wconf 79' lang='lat' dir='ltr'><strong>per</strong></span> <span class='ocrx_word' id='word_1_602' title='bbox 929 4202 993 4242; x_wconf 91' lang='lat' dir='ltr'><strong>ea</strong></span> <span class='ocrx_word' id='word_1_603' title='bbox 1043 4190 1240 4257; x_wconf 80' lang='lat' dir='ltr'><strong>quibus</strong></span> <span class='ocrx_word' id='word_1_604' title='bbox 1273 4191 1556 4245; x_wconf 76' lang='lat' dir='ltr'><strong>destruere</strong></span> <span class='ocrx_word' id='word_1_605' title='bbox 1597 4194 1816 4247; x_wconf 89' lang='lat' dir='ltr'><strong>molitur</strong></span> <span class='ocrx_word' id='word_1_606' title='bbox 1842 4195 2065 4265; x_wconf 86' lang='lat' dir='ltr'><strong>ingeniti</strong></span> <span class='ocrx_word' id='word_1_607' title='bbox 2103 4196 2194 4252; x_wconf 86' lang='lat' dir='ltr'><strong>Dei</strong></span> <span class='ocrx_word' id='word_1_608' title='bbox 2237 4203 2594 4271; x_wconf 71' lang='lat' dir='ltr'><strong>maiestatem,</strong></span> <span class='ocrx_word' id='word_1_609' title='bbox 2663 4209 2729 4262; x_wconf 89' lang='lat' dir='ltr'><strong>ad</strong></span> <span class='ocrx_word' id='word_1_610' title='bbox 2759 4211 2994 4280; x_wconf 81' lang='lat' dir='ltr'><strong>majores</strong></span> <span class='ocrx_word' id='word_1_611' title='bbox 3017 4223 3071 4267; x_wconf 89' lang='lat' dir='ltr'><strong>et</strong></span> <span class='ocrx_word' id='word_1_612' title='bbox 3102 4214 3532 4274; x_wconf 86' lang='lat' dir='ltr'><strong>honora-biliores</strong></span> <span class='ocrx_word' id='word_1_613' title='bbox 3584 4219 3819 4288; x_wconf 80' lang='lat' dir='ltr'><strong>opiniones</strong></span> 
     </span>
    </p>
   </div>
   <div class='ocr_carea' id='block_1_87' title="bbox 633 4277 3821 4379">
    <p class='ocr_par' dir='ltr' id='par_1_87' title="bbox 633 4277 3821 4379">
     <span class='ocr_line' id='line_1_87' title="bbox 633 4277 3821 4379; baseline 0.01 -50"><span class='ocrx_word' id='word_1_614' title='bbox 633 4279 809 4346; x_wconf 74' lang='lat' dir='ltr'><strong>ipsum</strong></span> <span class='ocrx_word' id='word_1_615' title='bbox 843 4277 1163 4350; x_wconf 77' lang='lat' dir='ltr'><strong>circumagit</strong></span> <span class='ocrx_word' id='word_1_616' title='bbox 1205 4299 1219 4334; x_wconf 89' lang='lat'>:</span> <span class='ocrx_word' id='word_1_617' title='bbox 1260 4282 1527 4354; x_wconf 85' lang='lat' dir='ltr'><strong>siquidem</strong></span> <span class='ocrx_word' id='word_1_618' title='bbox 1585 4284 1678 4354; x_wconf 90' lang='lat' dir='ltr'><strong>qui</strong></span> <span class='ocrx_word' id='word_1_619' title='bbox 1727 4295 1904 4356; x_wconf 89' lang='lat' dir='ltr'><strong>potest</strong></span> <span class='ocrx_word' id='word_1_620' title='bbox 1960 4290 2174 4357; x_wconf 90' lang='lat' dir='ltr'><strong>operari</strong></span> <span class='ocrx_word' id='word_1_621' title='bbox 2213 4291 2436 4359; x_wconf 87' lang='lat' dir='ltr'><strong>bonum,</strong></span> <span class='ocrx_word' id='word_1_622' title='bbox 2483 4313 2549 4353; x_wconf 90' lang='lat' dir='ltr'><strong>eo</strong></span> <span class='ocrx_word' id='word_1_623' title='bbox 2597 4301 2688 4368; x_wconf 90' lang='lat' dir='ltr'><strong>qui</strong></span> <span class='ocrx_word' id='word_1_624' title='bbox 2727 4303 2800 4363; x_wconf 84' lang='lat' dir='ltr'><strong>ad</strong></span> <span class='ocrx_word' id='word_1_625' title='bbox 2846 4277 3065 4359; x_wconf 69' lang='lat' dir='ltr'><strong>bonum</strong></span> <span class='ocrx_word' id='word_1_626' title='bbox 3101 4319 3185 4362; x_wconf 87' lang='lat' dir='ltr'><strong>est</strong></span> <span class='ocrx_word' id='word_1_627' title='bbox 3215 4309 3482 4379; x_wconf 88' lang='lat' dir='ltr'><strong>impotens</strong></span> <span class='ocrx_word' id='word_1_628' title='bbox 3518 4277 3821 4373; x_wconf 65' lang='lat' dir='ltr'><strong>przestantior</strong></span> 
     </span>
    </p>
   </div>
   <div class='ocr_carea' id='block_1_88' title="bbox 623 4385 734 4426">
    <p class='ocr_par' dir='ltr' id='par_1_88' title="bbox 623 4385 734 4426">
     <span class='ocr_line' id='line_1_88' title="bbox 623 4385 734 4426; baseline 0 -2"><span class='ocrx_word' id='word_1_629' title='bbox 623 4385 734 4426; x_wconf 66' lang='grc' dir='ltr'>εει.</span> 
     </span>
    </p>
   </div>
   <div class='ocr_carea' id='block_1_89' title="bbox 705 4460 2271 4536">
    <p class='ocr_par' dir='ltr' id='par_1_89' title="bbox 705 4460 2271 4536">
     <span class='ocr_line' id='line_1_89' title="bbox 705 4460 2271 4536; baseline 0.007 -22"><span class='ocrx_word' id='word_1_630' title='bbox 705 4460 809 4515; x_wconf 86' lang='lat' dir='ltr'><strong>Sed</strong></span> <span class='ocrx_word' id='word_1_631' title='bbox 851 4463 1024 4517; x_wconf 85' lang='lat' dir='ltr'><strong>sentio</strong></span> <span class='ocrx_word' id='word_1_632' title='bbox 1068 4463 1428 4520; x_wconf 86' lang='lat' dir='ltr'><strong>inordinatum</strong></span> <span class='ocrx_word' id='word_1_633' title='bbox 1460 4469 1739 4523; x_wconf 82' lang='lat' dir='ltr'><strong>sermonis</strong></span> <span class='ocrx_word' id='word_1_634' title='bbox 1785 4484 2043 4534; x_wconf 87' lang='lat' dir='ltr'><strong>cursum;</strong></span> <span class='ocrx_word' id='word_1_635' title='bbox 2079 4487 2185 4525; x_wconf 89' lang='lat' dir='ltr'><strong>non</strong></span> <span class='ocrx_word' id='word_1_636' title='bbox 2224 4477 2271 4536; x_wconf 81' lang='grc' dir='ltr'>υ</span> 
     </span>
    </p>
   </div>
   <div class='ocr_carea' id='block_1_90' title="bbox 630 4553 2198 4624">
    <p class='ocr_par' dir='ltr' id='par_1_90' title="bbox 630 4553 2198 4624">
     <span class='ocr_line' id='line_1_90' title="bbox 630 4553 2198 4624; baseline 0.01 -21"><span class='ocrx_word' id='word_1_637' title='bbox 630 4553 775 4604; x_wconf 88' lang='lat' dir='ltr'><strong>enim</strong></span> <span class='ocrx_word' id='word_1_638' title='bbox 816 4562 993 4607; x_wconf 86' lang='lat' dir='ltr'><strong>manet</strong></span> <span class='ocrx_word' id='word_1_639' title='bbox 1031 4554 1084 4607; x_wconf 87' lang='lat' dir='ltr'><strong>in</strong></span> <span class='ocrx_word' id='word_1_640' title='bbox 1121 4571 1284 4614; x_wconf 89' lang='lat' dir='ltr'><strong>cursu</strong></span> <span class='ocrx_word' id='word_1_641' title='bbox 1321 4559 1688 4619; x_wconf 84' lang='lat' dir='ltr'><strong>convenienti.</strong></span> <span class='ocrx_word' id='word_1_642' title='bbox 1726 4561 1843 4624; x_wconf 86' lang='lat' dir='ltr'><strong>sed,</strong></span> <span class='ocrx_word' id='word_1_643' title='bbox 1880 4569 1939 4614; x_wconf 93' lang='lat' dir='ltr'><strong>ut</strong></span> <span class='ocrx_word' id='word_1_644' title='bbox 1979 4561 2198 4618; x_wconf 82' lang='lat' dir='ltr'><strong>fervidis</strong></span> 
     </span>
    </p>
   </div>
   <div class='ocr_carea' id='block_1_91' title="bbox 630 4643 2198 4722">
    <p class='ocr_par' dir='ltr' id='par_1_91' title="bbox 630 4643 2198 4722">
     <span class='ocr_line' id='line_1_91' title="bbox 630 4643 2198 4722; baseline 0.007 -27"><span class='ocrx_word' id='word_1_645' title='bbox 630 4649 685 4695; x_wconf 89' lang='lat' dir='ltr'><strong>et</strong></span> <span class='ocrx_word' id='word_1_646' title='bbox 717 4643 976 4697; x_wconf 87' lang='lat' dir='ltr'><strong>animosis</strong></span> <span class='ocrx_word' id='word_1_647' title='bbox 1022 4660 1282 4715; x_wconf 80' lang='lat' dir='ltr'><strong>equorum</strong></span> <span class='ocrx_word' id='word_1_648' title='bbox 1342 4649 1504 4717; x_wconf 89' lang='lat' dir='ltr'><strong>pullis</strong></span> <span class='ocrx_word' id='word_1_649' title='bbox 1553 4651 1688 4704; x_wconf 84' lang='lat' dir='ltr'><strong>solet</strong></span> <span class='ocrx_word' id='word_1_650' title='bbox 1729 4653 2079 4722; x_wconf 82' lang='lat' dir='ltr'><strong>contingere,</strong></span> <span class='ocrx_word' id='word_1_651' title='bbox 2129 4655 2198 4706; x_wconf 85' lang='lat' dir='ltr'><strong>a-b</strong></span> 
     </span>
    </p>
   </div>
   <div class='ocr_carea' id='block_1_92' title="bbox 631 4733 2196 4808">
    <p class='ocr_par' dir='ltr' id='par_1_92' title="bbox 631 4733 2196 4808">
     <span class='ocr_line' id='line_1_92' title="bbox 631 4733 2196 4808; baseline 0.006 -24"><span class='ocrx_word' id='word_1_652' title='bbox 631 4733 1064 4786; x_wconf 79' lang='lat' dir='ltr'><strong>adversariorum</strong></span> <span class='ocrx_word' id='word_1_653' title='bbox 1097 4735 1276 4804; x_wconf 78' lang='lat' dir='ltr'><strong>impiis</strong></span> <span class='ocrx_word' id='word_1_654' title='bbox 1303 4738 1563 4794; x_wconf 79' lang='lat' dir='ltr'><strong>conviciis</strong></span> <span class='ocrx_word' id='word_1_655' title='bbox 1600 4739 1897 4808; x_wconf 86' lang='lat' dir='ltr'><strong>impctuose</strong></span> <span class='ocrx_word' id='word_1_656' title='bbox 1931 4740 2102 4794; x_wconf 86' lang='lat' dir='ltr'><strong>fertur</strong></span> <span class='ocrx_word' id='word_1_657' title='bbox 2127 4741 2196 4794; x_wconf 87' lang='lat' dir='ltr'><strong>ad</strong></span> 
     </span>
    </p>
   </div>
   <div class='ocr_carea' id='block_1_93' title="bbox 625 4823 2193 4901">
    <p class='ocr_par' dir='ltr' id='par_1_93' title="bbox 625 4823 2193 4901">
     <span class='ocr_line' id='line_1_93' title="bbox 625 4823 2193 4901; baseline 0.006 -26"><span class='ocrx_word' id='word_1_658' title='bbox 625 4823 994 4892; x_wconf 87' lang='lat' dir='ltr'><strong>insequendas</strong></span> <span class='ocrx_word' id='word_1_659' title='bbox 1039 4826 1405 4882; x_wconf 82' lang='lat' dir='ltr'><strong>absurditatcs</strong></span> <span class='ocrx_word' id='word_1_660' title='bbox 1451 4845 1638 4884; x_wconf 89' lang='lat' dir='ltr'><strong>eorum</strong></span> <span class='ocrx_word' id='word_1_661' title='bbox 1692 4847 1812 4899; x_wconf 66' lang='lat' dir='ltr'><strong>quae</strong></span> <span class='ocrx_word' id='word_1_662' title='bbox 1860 4840 2193 4901; x_wconf 87' lang='lat' dir='ltr'><strong>supponunt.</strong></span> 
     </span>
    </p>
   </div>
   <div class='ocr_carea' id='block_1_94' title="bbox 628 4914 2194 4992">
    <p class='ocr_par' dir='ltr' id='par_1_94' title="bbox 628 4914 2194 4992">
     <span class='ocr_line' id='line_1_94' title="bbox 628 4914 2194 4992; baseline 0.004 -22"><span class='ocrx_word' id='word_1_663' title='bbox 628 4914 770 4985; x_wconf 80' lang='lat' dir='ltr'><strong>Ergo</strong></span> <span class='ocrx_word' id='word_1_664' title='bbox 803 4916 916 4985; x_wconf 87' lang='lat' dir='ltr'><strong>ipse</strong></span> <span class='ocrx_word' id='word_1_665' title='bbox 940 4918 1274 4973; x_wconf 86' lang='lat' dir='ltr'><strong>cohibendus</strong></span> <span class='ocrx_word' id='word_1_666' title='bbox 1303 4928 1387 4974; x_wconf 90' lang='lat' dir='ltr'><strong>est</strong></span> <span class='ocrx_word' id='word_1_667' title='bbox 1416 4936 1478 4975; x_wconf 89' lang='lat' dir='ltr'><strong>ac</strong></span> <span class='ocrx_word' id='word_1_668' title='bbox 1509 4922 1883 4991; x_wconf 89' lang='lat' dir='ltr'><strong>reprimendus</strong></span> <span class='ocrx_word' id='word_1_669' title='bbox 1904 4963 1918 4981; x_wconf 92' lang='lat'><strong>,</strong></span> <span class='ocrx_word' id='word_1_670' title='bbox 1959 4939 2027 4977; x_wconf 90' lang='lat' dir='ltr'><strong>ne</strong></span> <span class='ocrx_word' id='word_1_671' title='bbox 2056 4939 2194 4992; x_wconf 80' lang='lat' dir='ltr'><strong>prae-</strong></span> 
     </span>
    </p>
   </div>
   <div class='ocr_carea' id='block_1_95' title="bbox 630 5004 2194 5079">
    <p class='ocr_par' dir='ltr' id='par_1_95' title="bbox 630 5004 2194 5079">
     <span class='ocr_line' id='line_1_95' title="bbox 630 5004 2194 5079; baseline 0.008 -23"><span class='ocrx_word' id='word_1_672' title='bbox 630 5004 777 5059; x_wconf 77' lang='lat' dir='ltr'><strong>ferox</strong></span> <span class='ocrx_word' id='word_1_673' title='bbox 814 5005 1024 5060; x_wconf 89' lang='lat' dir='ltr'><strong>frenum</strong></span> <span class='ocrx_word' id='word_1_674' title='bbox 1065 5024 1360 5079; x_wconf 82' lang='lat' dir='ltr'><strong>respuens,</strong></span> <span class='ocrx_word' id='word_1_675' title='bbox 1399 5012 1540 5065; x_wconf 87' lang='lat' dir='ltr'><strong>ultra</strong></span> <span class='ocrx_word' id='word_1_676' title='bbox 1580 5014 1794 5066; x_wconf 89' lang='lat' dir='ltr'><strong>modum</strong></span> <span class='ocrx_word' id='word_1_677' title='bbox 1839 5015 1890 5066; x_wconf 91' lang='lat' dir='ltr'><strong>in</strong></span> <span class='ocrx_word' id='word_1_678' title='bbox 1935 5015 2194 5068; x_wconf 76' lang='lat' dir='ltr'><strong>absurdo-</strong></span> 
     </span>
    </p>
   </div>
   <div class='ocr_carea' id='block_1_96' title="bbox 629 5095 2195 5171">
    <p class='ocr_par' dir='ltr' id='par_1_96' title="bbox 629 5095 2195 5171">
     <span class='ocr_line' id='line_1_96' title="bbox 629 5095 2195 5171; baseline 0.009 -26"><span class='ocrx_word' id='word_1_679' title='bbox 629 5111 745 5146; x_wconf 91' lang='lat' dir='ltr'><strong>rum</strong></span> <span class='ocrx_word' id='word_1_680' title='bbox 775 5095 1290 5154; x_wconf 87' lang='lat' dir='ltr'><strong>demonstrationem</strong></span> <span class='ocrx_word' id='word_1_681' title='bbox 1323 5109 1607 5171; x_wconf 83' lang='lat' dir='ltr'><strong>evagetur;</strong></span> <span class='ocrx_word' id='word_1_682' title='bbox 1647 5104 1857 5157; x_wconf 84' lang='lat' dir='ltr'><strong>veniam</strong></span> <span class='ocrx_word' id='word_1_683' title='bbox 1893 5113 2068 5158; x_wconf 89' lang='lat' dir='ltr'><strong>autem</strong></span> <span class='ocrx_word' id='word_1_684' title='bbox 2099 5105 2195 5159; x_wconf 83' lang='lat' dir='ltr'><strong>da-</strong></span> 
     </span>
    </p>
   </div>
   <div class='ocr_carea' id='block_1_97' title="bbox 627 5185 2186 5261">
    <p class='ocr_par' dir='ltr' id='par_1_97' title="bbox 627 5185 2186 5261">
     <span class='ocr_line' id='line_1_97' title="bbox 627 5185 2186 5261; baseline 0.008 -25"><span class='ocrx_word' id='word_1_685' title='bbox 627 5185 705 5236; x_wconf 91' lang='lat' dir='ltr'><strong>bit</strong></span> <span class='ocrx_word' id='word_1_686' title='bbox 746 5185 1011 5255; x_wconf 79' lang='lat' dir='ltr'><strong>benignus</strong></span> <span class='ocrx_word' id='word_1_687' title='bbox 1050 5196 1102 5243; x_wconf 90' lang='lat' dir='ltr'><strong>et</strong></span> <span class='ocrx_word' id='word_1_688' title='bbox 1140 5191 1402 5246; x_wconf 87' lang='lat' dir='ltr'><strong>candidus</strong></span> <span class='ocrx_word' id='word_1_689' title='bbox 1441 5193 1655 5246; x_wconf 86' lang='lat' dir='ltr'><strong>auditor</strong></span> <span class='ocrx_word' id='word_1_690' title='bbox 1686 5194 1758 5247; x_wconf 88' lang='lat' dir='ltr'><strong>ob</strong></span> <span class='ocrx_word' id='word_1_691' title='bbox 1789 5208 1851 5247; x_wconf 90' lang='lat' dir='ltr'><strong>ea</strong></span> <span class='ocrx_word' id='word_1_692' title='bbox 1887 5210 2008 5261; x_wconf 64' lang='lat' dir='ltr'><strong>quae</strong></span> <span class='ocrx_word' id='word_1_693' title='bbox 2035 5195 2186 5249; x_wconf 76' lang='lat' dir='ltr'><strong>dicta</strong></span> 
     </span>
    </p>
   </div>
   <div class='ocr_carea' id='block_1_98' title="bbox 627 5278 2190 5352">
    <p class='ocr_par' dir='ltr' id='par_1_98' title="bbox 627 5278 2190 5352">
     <span class='ocr_line' id='line_1_98' title="bbox 627 5278 2190 5352; baseline 0.006 -27"><span class='ocrx_word' id='word_1_694' title='bbox 627 5282 788 5334; x_wconf 89' lang='lat' dir='ltr'><strong>sunt,</strong></span> <span class='ocrx_word' id='word_1_695' title='bbox 823 5293 930 5330; x_wconf 92' lang='lat' dir='ltr'><strong>non</strong></span> <span class='ocrx_word' id='word_1_696' title='bbox 959 5278 1117 5333; x_wconf 83' lang='lat' dir='ltr'><strong>nobis</strong></span> <span class='ocrx_word' id='word_1_697' title='bbox 1156 5280 1552 5334; x_wconf 86' lang='lat' dir='ltr'><strong>incumbentem</strong></span> <span class='ocrx_word' id='word_1_698' title='bbox 1593 5298 1655 5334; x_wconf 75' lang='lat' dir='ltr'><strong>ex</strong></span> <span class='ocrx_word' id='word_1_699' title='bbox 1703 5286 2052 5352; x_wconf 88' lang='lat' dir='ltr'><strong>inquisitione</strong></span> <span class='ocrx_word' id='word_1_700' title='bbox 2092 5285 2190 5338; x_wconf 80' lang='lat' dir='ltr'><strong>ah-</strong></span> 
     </span>
    </p>
   </div>
   <div class='ocr_carea' id='block_1_99' title="bbox 625 5366 2189 5444">
    <p class='ocr_par' dir='ltr' id='par_1_99' title="bbox 625 5366 2189 5444">
     <span class='ocr_line' id='line_1_99' title="bbox 625 5366 2189 5444; baseline 0.005 -24"><span class='ocrx_word' id='word_1_701' title='bbox 625 5366 915 5420; x_wconf 86' lang='lat' dir='ltr'><strong>surdorum</strong></span> <span class='ocrx_word' id='word_1_702' title='bbox 959 5366 1511 5434; x_wconf 84' lang='lat' dir='ltr'><strong>demonstrationem,</strong></span> <span class='ocrx_word' id='word_1_703' title='bbox 1555 5373 1647 5425; x_wconf 89' lang='lat' dir='ltr'><strong>sed</strong></span> <span class='ocrx_word' id='word_1_704' title='bbox 1695 5375 1779 5426; x_wconf 91' lang='lat' dir='ltr'><strong>his</strong></span> <span class='ocrx_word' id='word_1_705' title='bbox 1823 5375 1913 5443; x_wconf 92' lang='lat' dir='ltr'><strong>qui</strong></span> <span class='ocrx_word' id='word_1_706' title='bbox 1961 5377 2189 5444; x_wconf 77' lang='lat' dir='ltr'><strong>maligna</strong></span> 
     </span>
    </p>
   </div>
   <div class='ocr_carea' id='block_1_100' title="bbox 628 5445 2183 5530">
    <p class='ocr_par' dir='ltr' id='par_1_100' title="bbox 628 5445 2183 5530">
     <span class='ocr_line' id='line_1_100' title="bbox 628 5445 2183 5530; baseline 0.006 -20"><span class='ocrx_word' id='word_1_707' title='bbox 628 5467 832 5526; x_wconf 90' lang='lat' dir='ltr'><strong>ponunt</strong></span> <span class='ocrx_word' id='word_1_708' title='bbox 864 5445 1162 5528; x_wconf 82' lang='lat' dir='ltr'><strong>principia,</strong></span> <span class='ocrx_word' id='word_1_709' title='bbox 1200 5459 1493 5530; x_wconf 88' lang='lat' dir='ltr'><strong>imputans.</strong></span> <span class='ocrx_word' id='word_1_710' title='bbox 1529 5462 1694 5518; x_wconf 74' lang='lat' dir='ltr'><strong>Nobis</strong></span> <span class='ocrx_word' id='word_1_711' title='bbox 1728 5475 1908 5517; x_wconf 77' lang='lat' dir='ltr'><strong>autem</strong></span> <span class='ocrx_word' id='word_1_712' title='bbox 1943 5465 2008 5518; x_wconf 91' lang='lat' dir='ltr'><strong>ad</strong></span> <span class='ocrx_word' id='word_1_713' title='bbox 2036 5467 2183 5519; x_wconf 79' lang='lat' dir='ltr'><strong>aliud</strong></span> 
     </span>
    </p>
   </div>
   <div class='ocr_carea' id='block_1_101' title="bbox 627 5548 2189 5624">
    <p class='ocr_par' dir='ltr' id='par_1_101' title="bbox 627 5548 2189 5624">
     <span class='ocr_line' id='line_1_101' title="bbox 627 5548 2189 5624; baseline 0.008 -28"><span class='ocrx_word' id='word_1_714' title='bbox 627 5548 881 5616; x_wconf 79' lang='lat' dir='ltr'><strong>quiddam</strong></span> <span class='ocrx_word' id='word_1_715' title='bbox 914 5565 1103 5603; x_wconf 89' lang='lat' dir='ltr'><strong>eorum</strong></span> <span class='ocrx_word' id='word_1_716' title='bbox 1133 5567 1251 5619; x_wconf 69' lang='lat' dir='ltr'><strong>quat</strong></span> <span class='ocrx_word' id='word_1_717' title='bbox 1277 5552 1423 5607; x_wconf 83' lang='lat' dir='ltr'><strong>dicta</strong></span> <span class='ocrx_word' id='word_1_718' title='bbox 1454 5562 1580 5608; x_wconf 81' lang='lat' dir='ltr'><strong>sunt</strong></span> <span class='ocrx_word' id='word_1_719' title='bbox 1600 5594 1614 5616; x_wconf 88' lang='lat'><strong>,</strong></span> <span class='ocrx_word' id='word_1_720' title='bbox 1649 5553 1910 5622; x_wconf 80' lang='lat' dir='ltr'><strong>adigenda</strong></span> <span class='ocrx_word' id='word_1_721' title='bbox 1941 5557 2189 5624; x_wconf 85' lang='lat' dir='ltr'><strong>specula-</strong></span> 
     </span>
    </p>
   </div>
   <div class='ocr_carea' id='block_1_102' title="bbox 627 5635 2187 5717">
    <p class='ocr_par' dir='ltr' id='par_1_102' title="bbox 627 5635 2187 5717">
     <span class='ocr_line' id='line_1_102' title="bbox 627 5635 2187 5717; baseline 0.007 -29"><span class='ocrx_word' id='word_1_722' title='bbox 627 5639 701 5688; x_wconf 81' lang='lat' dir='ltr'><strong>tiu</strong></span> <span class='ocrx_word' id='word_1_723' title='bbox 723 5635 882 5692; x_wconf 87' lang='lat' dir='ltr'><strong>:dicit</strong></span> <span class='ocrx_word' id='word_1_724' title='bbox 904 5637 1048 5692; x_wconf 89' lang='lat' dir='ltr'><strong>enim</strong></span> <span class='ocrx_word' id='word_1_725' title='bbox 1066 5639 1211 5706; x_wconf 88' lang='lat' dir='ltr'><strong>quod</strong></span> <span class='ocrx_word' id='word_1_726' title='bbox 1230 5656 1248 5688; x_wconf 77' lang='grc' dir='ltr'><strong>ι</strong></span> <span class='ocrx_word' id='word_1_727' title='bbox 1268 5641 1431 5696; x_wconf 83' lang='lat' dir='ltr'><strong>etiam</strong></span> <span class='ocrx_word' id='word_1_728' title='bbox 1449 5643 1606 5700; x_wconf 89' lang='lat' dir='ltr'><strong>nobis</strong></span> <span class='ocrx_word' id='word_1_729' title='bbox 1633 5643 1800 5699; x_wconf 88' lang='lat' dir='ltr'><strong>Deum</strong></span> <span class='ocrx_word' id='word_1_730' title='bbox 1831 5648 2187 5717; x_wconf 88' lang='lat' dir='ltr'><strong>compositum</strong></span> 
     </span>
    </p>
   </div>
   <div class='ocr_carea' id='block_1_103' title="bbox 625 5724 2189 5807">
    <p class='ocr_par' dir='ltr' id='par_1_103' title="bbox 625 5724 2189 5807">
     <span class='ocr_line' id='line_1_103' title="bbox 625 5724 2189 5807; baseline 0.01 -31"><span class='ocrx_word' id='word_1_731' title='bbox 625 5724 1189 5794; x_wconf 74' lang='lat' dir='ltr'><strong>ei!icit,quodlucem</strong></span> <span class='ocrx_word' id='word_1_732' title='bbox 1234 5731 1451 5798; x_wconf 87' lang='lat' dir='ltr'><strong>quidem</strong></span> <span class='ocrx_word' id='word_1_733' title='bbox 1495 5747 1834 5791; x_wconf 89' lang='lat' dir='ltr'><strong>communem</strong></span> <span class='ocrx_word' id='word_1_734' title='bbox 1884 5753 2189 5807; x_wconf 85' lang='lat' dir='ltr'><strong>supponere</strong></span> 
     </span>
    </p>
   </div>
   <div class='ocr_carea' id='block_1_104' title="bbox 2375 4473 3817 4559">
    <p class='ocr_par' dir='ltr' id='par_1_104' title="bbox 2375 4473 3817 4559">
     <span class='ocr_line' id='line_1_104' title="bbox 2375 4473 3817 4559; baseline 0.013 -36"><span class='ocrx_word' id='word_1_735' title='bbox 2375 4473 2511 4525; x_wconf 78' lang='grc' dir='ltr'>Ἀλλ’</span> <span class='ocrx_word' id='word_1_736' title='bbox 2557 4475 2876 4548; x_wconf 75' lang='grc' dir='ltr'>αἰσθάνομαι</span> <span class='ocrx_word' id='word_1_737' title='bbox 2926 4482 3356 4549; x_wconf 81' lang='grc' dir='ltr'>ὐπατακτοῦντος</span> <span class='ocrx_word' id='word_1_738' title='bbox 3409 4490 3502 4542; x_wconf 88' lang='grc' dir='ltr'><strong>τοῦ</strong></span> <span class='ocrx_word' id='word_1_739' title='bbox 3553 4492 3699 4559; x_wconf 81' lang='grc' dir='ltr'>λόγου</span> <span class='ocrx_word' id='word_1_740' title='bbox 3727 4509 3738 4520; x_wconf 66' lang='grc' dir='ltr'><strong>ο</strong></span> <span class='ocrx_word' id='word_1_741' title='bbox 3773 4492 3817 4542; x_wconf 74' lang='grc' dir='ltr'><strong>οὐ</strong></span> 
     </span>
    </p>
   </div>
   <div class='ocr_carea' id='block_1_105' title="bbox 2297 4560 3818 4651">
    <p class='ocr_par' dir='ltr' id='par_1_105' title="bbox 2297 4560 3818 4651">
     <span class='ocr_line' id='line_1_105' title="bbox 2297 4560 3818 4651; baseline 0.019 -41"><span class='ocrx_word' id='word_1_742' title='bbox 2297 4560 2404 4631; x_wconf 79' lang='grc' dir='ltr'>γὰρ</span> <span class='ocrx_word' id='word_1_743' title='bbox 2422 4563 2664 4631; x_wconf 79' lang='grc' dir='ltr'>ἐπιμένει</span> <span class='ocrx_word' id='word_1_744' title='bbox 2681 4566 2758 4636; x_wconf 72' lang='grc' dir='ltr'>τῷ</span> <span class='ocrx_word' id='word_1_745' title='bbox 2784 4569 3074 4638; x_wconf 79' lang='grc' dir='ltr'>καθήκοντι</span> <span class='ocrx_word' id='word_1_746' title='bbox 3102 4573 3302 4643; x_wconf 84' lang='grc' dir='ltr'>δρόμῳ,</span> <span class='ocrx_word' id='word_1_747' title='bbox 3321 4579 3460 4630; x_wconf 83' lang='grc' dir='ltr'><strong>κατά</strong></span> <span class='ocrx_word' id='word_1_748' title='bbox 3483 4581 3604 4643; x_wconf 78' lang='grc' dir='ltr'>τοὺς</span> <span class='ocrx_word' id='word_1_749' title='bbox 3625 4578 3818 4651; x_wconf 75' lang='grc' dir='ltr'>θερμούς</span> 
     </span>
    </p>
   </div>
   <div class='ocr_carea' id='block_1_106' title="bbox 2295 4653 3817 4738">
    <p class='ocr_par' dir='ltr' id='par_1_106' title="bbox 2295 4653 3817 4738">
     <span class='ocr_line' id='line_1_106' title="bbox 2295 4653 3817 4738; baseline 0.011 -36"><span class='ocrx_word' id='word_1_750' title='bbox 2295 4668 2353 4703; x_wconf 85' lang='grc' dir='ltr'><strong>τε</strong></span> <span class='ocrx_word' id='word_1_751' title='bbox 2383 4653 2474 4705; x_wconf 70' lang='grc' dir='ltr'>καὶ</span> <span class='ocrx_word' id='word_1_752' title='bbox 2503 4653 2764 4723; x_wconf 84' lang='grc' dir='ltr'>θυμώδεις</span> <span class='ocrx_word' id='word_1_753' title='bbox 2805 4659 2911 4711; x_wconf 79' lang='grc' dir='ltr'><strong>τῶν</strong></span> <span class='ocrx_word' id='word_1_754' title='bbox 2954 4661 3147 4716; x_wconf 80' lang='grc' dir='ltr'>πώλων</span> <span class='ocrx_word' id='word_1_755' title='bbox 3181 4667 3299 4728; x_wconf 78' lang='grc' dir='ltr'>ταῖς</span> <span class='ocrx_word' id='word_1_756' title='bbox 3321 4668 3427 4719; x_wconf 84' lang='grc' dir='ltr'><strong>τῶν</strong></span> <span class='ocrx_word' id='word_1_757' title='bbox 3451 4671 3817 4738; x_wconf 80' lang='grc' dir='ltr'>ἀνταγωνιστῶν</span> 
     </span>
    </p>
   </div>
   <div class='ocr_carea' id='block_1_107' title="bbox 2298 4740 3816 4831">
    <p class='ocr_par' dir='ltr' id='par_1_107' title="bbox 2298 4740 3816 4831">
     <span class='ocr_line' id='line_1_107' title="bbox 2298 4740 3816 4831; baseline 0.014 -39"><span class='ocrx_word' id='word_1_758' title='bbox 2298 4740 2664 4813; x_wconf 77' lang='grc' dir='ltr'>βλασφημίαις</span> <span class='ocrx_word' id='word_1_759' title='bbox 2688 4753 3146 4822; x_wconf 78' lang='grc' dir='ltr'>συνεκφερόμενος</span> <span class='ocrx_word' id='word_1_760' title='bbox 3176 4758 3310 4826; x_wconf 84' lang='grc' dir='ltr'>πρὸς</span> <span class='ocrx_word' id='word_1_761' title='bbox 3342 4758 3410 4810; x_wconf 86' lang='grc' dir='ltr'>τὰ</span> <span class='ocrx_word' id='word_1_762' title='bbox 3438 4762 3536 4831; x_wconf 79' lang='grc' dir='ltr'>τῆς</span> <span class='ocrx_word' id='word_1_763' title='bbox 3553 4762 3816 4822; x_wconf 78' lang='grc' dir='ltr'>ὑποθέσεως</span> 
     </span>
    </p>
   </div>
   <div class='ocr_carea' id='block_1_108' title="bbox 2293 4834 3814 4922">
    <p class='ocr_par' dir='ltr' id='par_1_108' title="bbox 2293 4834 3814 4922">
     <span class='ocr_line' id='line_1_108' title="bbox 2293 4834 3814 4922; baseline 0.008 -34"><span class='ocrx_word' id='word_1_764' title='bbox 2293 4834 2488 4888; x_wconf 80' lang='grc' dir='ltr'>ἄτοπα.</span> <span class='ocrx_word' id='word_1_765' title='bbox 2552 4837 2758 4892; x_wconf 81' lang='grc' dir='ltr'>Οὐκοῦν</span> <span class='ocrx_word' id='word_1_766' title='bbox 2803 4842 3092 4896; x_wconf 82' lang='grc' dir='ltr'>καθεκτέον</span> <span class='ocrx_word' id='word_1_767' title='bbox 3135 4847 3293 4899; x_wconf 86' lang='grc' dir='ltr'>αὐτὸν</span> <span class='ocrx_word' id='word_1_768' title='bbox 3328 4849 3466 4919; x_wconf 84' lang='grc' dir='ltr'>πέρα</span> <span class='ocrx_word' id='word_1_769' title='bbox 3499 4851 3589 4903; x_wconf 89' lang='grc' dir='ltr'><strong>τοῦ</strong></span> <span class='ocrx_word' id='word_1_770' title='bbox 3635 4852 3814 4922; x_wconf 74' lang='grc' dir='ltr'>μετρίου</span> 
     </span>
    </p>
   </div>
   <div class='ocr_carea' id='block_1_109' title="bbox 2295 4925 3888 5008">
    <p class='ocr_par' dir='ltr' id='par_1_109' title="bbox 2295 4925 3888 5008">
     <span class='ocr_line' id='line_1_109' title="bbox 2295 4925 3888 5008; baseline 0.009 -31"><span class='ocrx_word' id='word_1_771' title='bbox 2295 4925 2426 4995; x_wconf 82' lang='grc' dir='ltr'>πρὸς</span> <span class='ocrx_word' id='word_1_772' title='bbox 2452 4931 2788 5000; x_wconf 80' lang='grc' dir='ltr'>κατασκευὴν</span> <span class='ocrx_word' id='word_1_773' title='bbox 2815 4932 2922 4985; x_wconf 83' lang='grc' dir='ltr'>τῶν</span> <span class='ocrx_word' id='word_1_774' title='bbox 2947 4935 3160 4988; x_wconf 85' lang='grc' dir='ltr'>ἀτόπων</span> <span class='ocrx_word' id='word_1_775' title='bbox 3188 4938 3567 5006; x_wconf 79' lang='grc' dir='ltr'>ἀφηνιάζοντα.</span> <span class='ocrx_word' id='word_1_776' title='bbox 3613 4941 3816 5008; x_wconf 83' lang='grc' dir='ltr'>Συγγνὼ-</span> <span class='ocrx_word' id='word_1_777' title='bbox 3885 4950 3888 4953; x_wconf 87' lang='grc'><em>’</em></span> 
     </span>
    </p>
   </div>
   <div class='ocr_carea' id='block_1_110' title="bbox 2293 5018 3816 5101">
    <p class='ocr_par' dir='ltr' id='par_1_110' title="bbox 2293 5018 3816 5101">
     <span class='ocr_line' id='line_1_110' title="bbox 2293 5018 3816 5101; baseline 0.011 -34"><span class='ocrx_word' id='word_1_778' title='bbox 2293 5032 2444 5068; x_wconf 87' lang='grc' dir='ltr'>σεται</span> <span class='ocrx_word' id='word_1_779' title='bbox 2476 5018 2531 5070; x_wconf 82' lang='grc' dir='ltr'>δὲ</span> <span class='ocrx_word' id='word_1_780' title='bbox 2554 5019 2768 5084; x_wconf 88' lang='grc' dir='ltr'>πάντως</span> <span class='ocrx_word' id='word_1_781' title='bbox 2796 5025 2824 5074; x_wconf 89' lang='grc' dir='ltr'>ὁ</span> <span class='ocrx_word' id='word_1_782' title='bbox 2846 5024 3140 5092; x_wconf 85' lang='grc' dir='ltr'>εὐγνώμων</span> <span class='ocrx_word' id='word_1_783' title='bbox 3167 5028 3439 5098; x_wconf 77' lang='grc' dir='ltr'>ἀκροατὴς</span> <span class='ocrx_word' id='word_1_784' title='bbox 3463 5033 3553 5084; x_wconf 77' lang='grc' dir='ltr'>ἐπὶ</span> <span class='ocrx_word' id='word_1_785' title='bbox 3581 5037 3684 5094; x_wconf 83' lang='grc' dir='ltr'>τοῖς</span> <span class='ocrx_word' id='word_1_786' title='bbox 3703 5035 3816 5101; x_wconf 82' lang='grc' dir='ltr'>εἰρη-</span> 
     </span>
    </p>
   </div>
   <div class='ocr_carea' id='block_1_111' title="bbox 2297 5108 3815 5190">
    <p class='ocr_par' dir='ltr' id='par_1_111' title="bbox 2297 5108 3815 5190">
     <span class='ocr_line' id='line_1_111' title="bbox 2297 5108 3815 5190; baseline 0.008 -31"><span class='ocrx_word' id='word_1_787' title='bbox 2297 5108 2495 5176; x_wconf 79' lang='grc' dir='ltr'>μένοις,</span> <span class='ocrx_word' id='word_1_788' title='bbox 2521 5112 2616 5180; x_wconf 86' lang='grc' dir='ltr'><strong>οὐχ</strong></span> <span class='ocrx_word' id='word_1_789' title='bbox 2641 5115 2772 5182; x_wconf 85' lang='grc' dir='ltr'>ἡμῖν</span> <span class='ocrx_word' id='word_1_790' title='bbox 2800 5115 2896 5184; x_wconf 79' lang='grc' dir='ltr'><strong>τὴν</strong></span> <span class='ocrx_word' id='word_1_791' title='bbox 2917 5117 3329 5172; x_wconf 83' lang='grc' dir='ltr'>ἀνακύπτουσαν</span> <span class='ocrx_word' id='word_1_792' title='bbox 3349 5122 3412 5172; x_wconf 85' lang='grc' dir='ltr'>ὲκ</span> <span class='ocrx_word' id='word_1_793' title='bbox 3435 5122 3536 5190; x_wconf 74' lang='grc' dir='ltr'>τῆς</span> <span class='ocrx_word' id='word_1_794' title='bbox 3566 5123 3815 5188; x_wconf 61' lang='grc' dir='ltr'>ἐξετάσεως</span> 
     </span>
    </p>
   </div>
   <div class='ocr_carea' id='block_1_112' title="bbox 2293 5199 3814 5280">
    <p class='ocr_par' dir='ltr' id='par_1_112' title="bbox 2293 5199 3814 5280">
     <span class='ocr_line' id='line_1_112' title="bbox 2293 5199 3814 5280; baseline 0.012 -31"><span class='ocrx_word' id='word_1_795' title='bbox 2293 5199 2542 5262; x_wconf 82' lang='grc' dir='ltr'>ἀτοπίαν,</span> <span class='ocrx_word' id='word_1_796' title='bbox 2575 5202 2707 5254; x_wconf 73' lang='grc' dir='ltr'>ἀλλὰ</span> <span class='ocrx_word' id='word_1_797' title='bbox 2737 5207 2847 5266; x_wconf 83' lang='grc' dir='ltr'>τοῖς</span> <span class='ocrx_word' id='word_1_798' title='bbox 2867 5204 2963 5268; x_wconf 76' lang='grc' dir='ltr'>τὰς</span> <span class='ocrx_word' id='word_1_799' title='bbox 2992 5209 3228 5276; x_wconf 77' lang='grc' dir='ltr'>πονηρὰς</span> <span class='ocrx_word' id='word_1_800' title='bbox 3254 5209 3650 5280; x_wconf 81' lang='grc' dir='ltr'>ὑποτιθεμένοις</span> <span class='ocrx_word' id='word_1_801' title='bbox 3679 5207 3814 5280; x_wconf 61' lang='grc' dir='ltr'>ἀρχάς</span> 
     </span>
    </p>
   </div>
   <div class='ocr_carea' id='block_1_113' title="bbox 2291 5285 3813 5370">
    <p class='ocr_par' dir='ltr' id='par_1_113' title="bbox 2291 5285 3813 5370">
     <span class='ocr_line' id='line_1_113' title="bbox 2291 5285 3813 5370; baseline 0.008 -32"><span class='ocrx_word' id='word_1_802' title='bbox 2291 5285 2652 5358; x_wconf 78' lang='grc' dir='ltr'>λογιζόμενος.</span> <span class='ocrx_word' id='word_1_803' title='bbox 2700 5292 2760 5345; x_wconf 83' lang='grc' dir='ltr'><strong><em>Ἢ</em></strong></span> <span class='ocrx_word' id='word_1_804' title='bbox 2771 5298 2857 5361; x_wconf 84' lang='grc' dir='ltr'><strong>μίν</strong></span> <span class='ocrx_word' id='word_1_805' title='bbox 2883 5295 2937 5347; x_wconf 81' lang='grc' dir='ltr'><strong>δὲ</strong></span> <span class='ocrx_word' id='word_1_806' title='bbox 2969 5298 3103 5366; x_wconf 78' lang='grc' dir='ltr'>πρὸς</span> <span class='ocrx_word' id='word_1_807' title='bbox 3125 5297 3308 5369; x_wconf 79' lang='grc' dir='ltr'>ἕτερόν</span> <span class='ocrx_word' id='word_1_808' title='bbox 3333 5317 3388 5353; x_wconf 80' lang='grc' dir='ltr'><strong>τι</strong></span> <span class='ocrx_word' id='word_1_809' title='bbox 3419 5302 3524 5353; x_wconf 80' lang='grc' dir='ltr'>τῶν</span> <span class='ocrx_word' id='word_1_810' title='bbox 3557 5301 3813 5370; x_wconf 76' lang='grc' dir='ltr'>εἰρημένων</span> 
     </span>
    </p>
   </div>
   <div class='ocr_carea' id='block_1_114' title="bbox 2294 5382 3810 5462">
    <p class='ocr_par' dir='ltr' id='par_1_114' title="bbox 2294 5382 3810 5462">
     <span class='ocr_line' id='line_1_114' title="bbox 2294 5382 3810 5462; baseline -0.005 -15"><span class='ocrx_word' id='word_1_811' title='bbox 2294 5382 2586 5447; x_wconf 82' lang='grc' dir='ltr'>μετακτέον</span> <span class='ocrx_word' id='word_1_812' title='bbox 2621 5382 2717 5453; x_wconf 80' lang='grc' dir='ltr'>τὴν</span> <span class='ocrx_word' id='word_1_813' title='bbox 2751 5385 2996 5456; x_wconf 88' lang='grc' dir='ltr'>θεωρίαν.</span> <span class='ocrx_word' id='word_1_814' title='bbox 3044 5391 3180 5459; x_wconf 75' lang='grc' dir='ltr'>Φησὶ</span> <span class='ocrx_word' id='word_1_815' title='bbox 3214 5391 3433 5462; x_wconf 76' lang='grc' dir='ltr'>γάρ,ὅτι</span> <span class='ocrx_word' id='word_1_816' title='bbox 3479 5413 3498 5444; x_wconf 77' lang='grc' dir='ltr'><strong>ι</strong></span> <span class='ocrx_word' id='word_1_817' title='bbox 3532 5396 3636 5447; x_wconf 79' lang='grc' dir='ltr'><strong>Καὶ</strong></span> <span class='ocrx_word' id='word_1_818' title='bbox 3661 5391 3810 5444; x_wconf 84' lang='grc' dir='ltr'>σύνθε-</span> 
     </span>
    </p>
   </div>
   <div class='ocr_carea' id='block_1_115' title="bbox 2288 5473 3812 5551">
    <p class='ocr_par' dir='ltr' id='par_1_115' title="bbox 2288 5473 3812 5551">
     <span class='ocr_line' id='line_1_115' title="bbox 2288 5473 3812 5551; baseline 0.008 -32"><span class='ocrx_word' id='word_1_819' title='bbox 2288 5485 2380 5520; x_wconf 89' lang='grc' dir='ltr'><strong>τον</strong></span> <span class='ocrx_word' id='word_1_820' title='bbox 2430 5473 2562 5540; x_wconf 79' lang='grc' dir='ltr'>ἡμῖν</span> <span class='ocrx_word' id='word_1_821' title='bbox 2587 5473 2676 5524; x_wconf 81' lang='grc' dir='ltr'><strong>τόν</strong></span> <span class='ocrx_word' id='word_1_822' title='bbox 2705 5474 2835 5526; x_wconf 80' lang='grc' dir='ltr'>Θεὸν</span> <span class='ocrx_word' id='word_1_823' title='bbox 2865 5477 3252 5547; x_wconf 80' lang='grc' dir='ltr'>ἀπεργάζεται,</span> <span class='ocrx_word' id='word_1_824' title='bbox 3285 5481 3360 5550; x_wconf 80' lang='grc' dir='ltr'>τῷ</span> <span class='ocrx_word' id='word_1_825' title='bbox 3394 5484 3564 5536; x_wconf 84' lang='grc' dir='ltr'>κοινὸν</span> <span class='ocrx_word' id='word_1_826' title='bbox 3590 5482 3680 5551; x_wconf 85' lang='grc' dir='ltr'>μὲν</span> <span class='ocrx_word' id='word_1_827' title='bbox 3714 5480 3812 5531; x_wconf 76' lang='grc' dir='ltr'><strong>ὑπο⁴</strong></span> 
     </span>
    </p>
   </div>
   <div class='ocr_carea' id='block_1_116' title="bbox 2291 5560 3811 5638">
    <p class='ocr_par' dir='ltr' id='par_1_116' title="bbox 2291 5560 3811 5638">
     <span class='ocr_line' id='line_1_116' title="bbox 2291 5560 3811 5638; baseline 0.015 -27"><span class='ocrx_word' id='word_1_828' title='bbox 2291 5560 2476 5614; x_wconf 80' lang='grc' dir='ltr'>θέσθαι</span> <span class='ocrx_word' id='word_1_829' title='bbox 2525 5563 2586 5614; x_wconf 85' lang='grc' dir='ltr'><strong>τὸ</strong></span> <span class='ocrx_word' id='word_1_830' title='bbox 2640 5564 2771 5632; x_wconf 85' lang='grc' dir='ltr'>φῶς,</span> <span class='ocrx_word' id='word_1_831' title='bbox 2807 5567 3028 5638; x_wconf 74' lang='grc' dir='ltr'>ἰδιότησι</span> <span class='ocrx_word' id='word_1_832' title='bbox 3071 5570 3125 5622; x_wconf 83' lang='grc' dir='ltr'>δέ</span> <span class='ocrx_word' id='word_1_833' title='bbox 3157 5588 3268 5622; x_wconf 87' lang='grc' dir='ltr'>τισι</span> <span class='ocrx_word' id='word_1_834' title='bbox 3312 5572 3406 5625; x_wconf 79' lang='grc' dir='ltr'>καὶ</span> <span class='ocrx_word' id='word_1_835' title='bbox 3446 5572 3702 5632; x_wconf 76' lang='grc' dir='ltr'>ποικίλαις</span> <span class='ocrx_word' id='word_1_836' title='bbox 3724 5569 3811 5619; x_wconf 63' lang='grc' dir='ltr'><strong>δαν</strong></span> 
     </span>
    </p>
   </div>
   <div class='ocr_carea' id='block_1_117' title="bbox 2291 5650 3810 5729">
    <p class='ocr_par' dir='ltr' id='par_1_117' title="bbox 2291 5650 3810 5729">
     <span class='ocr_line' id='line_1_117' title="bbox 2291 5650 3810 5729; baseline 0.004 -29"><span class='ocrx_word' id='word_1_837' title='bbox 2291 5653 2479 5718; x_wconf 78' lang='grc' dir='ltr'>φοραῖς</span> <span class='ocrx_word' id='word_1_838' title='bbox 2503 5650 2730 5722; x_wconf 81' lang='grc' dir='ltr'>θατέρου</span> <span class='ocrx_word' id='word_1_839' title='bbox 2751 5654 2999 5725; x_wconf 68' lang='grc' dir='ltr'>χωρίζειν</span> <span class='ocrx_word' id='word_1_840' title='bbox 3022 5658 3263 5728; x_wconf 82' lang='grc' dir='ltr'>θάτερον.</span> <span class='ocrx_word' id='word_1_841' title='bbox 3297 5661 3550 5713; x_wconf 72' lang='grc' dir='ltr'>Σῦνθετον</span> <span class='ocrx_word' id='word_1_842' title='bbox 3572 5661 3672 5729; x_wconf 71' lang='grc' dir='ltr'>γὰρ</span> <span class='ocrx_word' id='word_1_843' title='bbox 3693 5655 3810 5709; x_wconf 66' lang='grc' dir='ltr'>οὐδὲν</span> 
     </span>
    </p>
   </div>
   <div class='ocr_carea' id='block_1_118' title="bbox 2289 5734 3808 5819">
    <p class='ocr_par' dir='ltr' id='par_1_118' title="bbox 2289 5734 3808 5819">
     <span class='ocr_line' id='line_1_118' title="bbox 2289 5734 3808 5819; baseline 0.012 -28"><span class='ocrx_word' id='word_1_844' title='bbox 2289 5734 2447 5808; x_wconf 75' lang='grc' dir='ltr'>ἧττον</span> <span class='ocrx_word' id='word_1_845' title='bbox 2473 5740 2531 5793; x_wconf 83' lang='grc' dir='ltr'><strong>τὸ</strong></span> <span class='ocrx_word' id='word_1_846' title='bbox 2564 5742 2826 5813; x_wconf 86' lang='grc' dir='ltr'>κοινότητι</span> <span class='ocrx_word' id='word_1_847' title='bbox 2860 5747 2957 5816; x_wconf 82' lang='grc' dir='ltr'>μιᾷ</span> <span class='ocrx_word' id='word_1_848' title='bbox 2987 5750 3460 5819; x_wconf 77' lang='grc' dir='ltr'>συνενηνεγμένον,</span> <span class='ocrx_word' id='word_1_849' title='bbox 3495 5748 3749 5818; x_wconf 58' lang='grc' dir='ltr'>διαφοραέ</span> <span class='ocrx_word' id='word_1_850' title='bbox 3769 5741 3808 5793; x_wconf 75' lang='grc' dir='ltr'><strong>δέ</strong></span> 
     </span>
    </p>
   </div>
  </div>
