4034 6468
249 361 361 419 ωε

1412 368 1693 428 CONTRA
1729 370 2114 440 EUNOMIUM,
2148 370 2277 428 LIB.
2307 370 2421 429 XII.

3399 380 3506 434 906

254 487 365 565 τισι
529 474 851 565 σννδρομαίς
874 477 1192 565 ⁵ίδιωμάτων
1221 484 1602 554 χωριζόμενον.
1632 506 1650 538 ι
1687 489 1829 559 Πρὸς

1938 496 2142 559 oportet
2165 529 2179 550 .
2206 487 2631 559 praprietatibus
2666 498 2846 547 autem
2874 489 3200 563 quihusdam
3229 496 3507 565 variisque

253 562 426 615 ταῦτα
454 562 511 615 δὲ
555 562 757 635 βραχὺς
787 556 919 637 ἡμίν
949 571 978 622 6
1000 568 1156 638 λόγος
1185 572 1279 624 καὶ
1304 556 1747 637 summarum-ﬁ
1768 571 1831 629 ’0

254 654 365 719 γὰρ
394 656 506 717 τοῖς
527 657 813 727 ἡμετέροις
834 660 1081 714 ἑπικαλεῖ
1101 662 1383 732 δόγμασιν,
1416 667 1465 717 εἰ
1507 666 1582 737 μὴ
1608 668 1695 721 διὰ
1721 668 1831 721 τῶν

254 744 470 798 οἰκείων
497 749 892 813 κατασκευάζει
925 751 1117 819 λόγων,
1151 756 1270 807 καθ’
1304 755 1458 825 ήμῶν
1489 758 1668 811 αὐτῶν
1698 762 1830 829 ὁμο-

261 836 422 905 λογοῦ
431 854 530 908 μεν
559 839 618 893 τὸ
642 840 890 911 ἔγκλημα
912 859 937 913 ο.
958 843 1285 915 σκεψώμεθα
1300 845 1405 917 γὰρ
1424 845 1491 900 τὰ
1510 850 1638 919 παρ’
1669 847 1830 902 αὑτοῦ

257 932 635 999 γεγραμμένα.
714 931 833 995 Φῶς
877 933 1127 1001 ἀληθινὸν
1182 936 1438 1006 ὀνομάζει
1478 936 1570 991 τὸν
1606 938 1829 1010 Κύριον,

256 1020 552 1089 ἀπρόσιτον
579 1022 635 1074 δὲ
664 1021 778 1091 φῶς
798 1022 889 1077 τὸν
923 1025 1157 1096 Πατέρα.
1212 1027 1419 1079 Οὐκοῦν
1456 1028 1553 1097 τὴν
1590 1030 1732 1083 κατὰ
1772 1029 1832 1083 τὸ

260 1110 376 1178 φῶς
400 1114 678 1166 κοινωνίαν
700 1112 791 1167 καὶ
814 1116 971 1179 αὐτὸς
990 1116 1354 1187 ὡμολόγησεν,
1371 1117 1541 1182 οὕτως
1563 1121 1831 1190 ὀνομάσας

259 1202 536 1274 ἑκάτερον.
564 1204 683 1258 Τῶν
708 1205 763 1259 δὲ
796 1209 1169 1278 προσηγοριῶν
1206 1210 1497 1280 προσφυῶς
1518 1206 1627 1274 τοῖς
1652 1212 1830 1280 πράγ-

262 1312 428 1363 μασιν
475 1296 939 1366 ἐφηρμοσμένων,
981 1300 1163 1363 καθὼς
1203 1301 1444 1371 πολλαχῆ
1514 1302 1826 1373 διωρίσατο,

259 1388 323 1440 ού
356 1386 517 1461 ψιλὴν
565 1389 789 1460 νοοῦμεν
828 1390 920 1444 τοῦ
968 1392 1144 1460 φωτὸς
1175 1393 1275 1463 τὴν
1320 1393 1662 1465 φωνὴνδίχα
1689 1396 1831 1459 τινὸς

259 1478 498 1543 διανοίας
539 1481 630 1533 ἐπὶ
662 1482 760 1551 τῆς
784 1478 930 1545 θείας
963 1482 1177 1550 φύσεως
1206 1484 1476 1549 λέγεσθαι,
1520 1486 1659 1539 ἀλλά
1689 1504 1831 1550 τινος

259 1568 621 1640 ὑποκειμένου
640 1575 1072 1643 κατηγορεῖσθαι.
1104 1575 1313 1628 Οὐκοῦν
1333 1579 1397 1647 τῇ
1421 1576 1560 1629 κατὰ
1582 1577 1642 1629 τὸ
1663 1576 1831 1646 ὄνομα

259 1665 519 1735 κοινωνίᾳ
545 1668 638 1719 καὶ
665 1666 764 1736 τὴν
783 1666 889 1719 τῶν
920 1669 1332 1739 σημαινομένων
1358 1668 1679 1739 ὁμολογοῦσι
1703 1687 1831 1722 ταν-

258 1755 481 1826 τότητα.
544 1757 806 1828 Ἐπείπερ
848 1751 924 1811 ὧν
960 1759 1028 1812 τὰ
1058 1757 1293 1829 ὀνόματα
1323 1758 1393 1811 τὰ
1434 1759 1589 1823 αὐτὰ,
1623 1760 1829 1813 τούτων

258 1847 609 1916 ἀπεφήναντο
663 1848 797 1919 μηδὲ
842 1848 940 1912 τὰς
983 1828 1171 1918 φύσεις
1206 1849 1414 1919 ,ἑτέρας
1456 1849 1619 1919 ἔχειν.
1683 1848 1830 1912 Ἐνὸς
1862 1828 1905 1884 Β

257 1938 441 1991 τοίνυν
466 1938 616 2003 ὄντος
660 1939 755 1992 τοῦ
793 1940 934 1993 κατὰ
969 1939 1031 1992 τὸ
1062 1938 1177 2007 φῶς
1209 1938 1629 2010 σημαινομένου.
1672 1939 1707 2009 ὴ
1736 1936 1829 1991 τοῦ

258 2030 558 2100 ἀπροσίτου
579 2032 673 2085 καὶ
694 2031 946 2102 ἀληθινοῦ
977 2030 1259 2102 προσθήκη
1294 2030 1435 2084 κατὰ
1458 2030 1549 2083 τὸν
1574 2030 1670 2101 τῆς
1690 2028 1832 2099 αἰρέ-

260 2134 402 2185 σεως
432 2122 615 2191 λόγον,
662 2124 723 2175 τὸ
760 2122 934 2176 κοινὸν
972 2123 1193 2194 διορίζει
1230 2125 1339 2185 τοῖς
1371 2121 1662 2185 ἰδιάζουσιν
1685 2139 1700 2152 ·
1756 2122 1831 2185 ὡς

259 2214 391 2267 ἄλλο
420 2214 518 2284 μὲν
544 2213 603 2266 τὸ
629 2214 721 2267 τοῦ
763 2213 974 2285 Πατρὺς
1005 2214 1142 2283 φῶς,
1170 2214 1355 2283 ἕτερον
1381 2213 1437 2266 δὲ
1476 2213 1537 2265 τὸ
1574 2213 1668 2266 τοῦ
1701 2212 1828 2265 Υἱοῦ

258 2306 539 2376 νοηθῆναι,
571 2306 683 2368 τοῖς
719 2306 999 2375 ίδιώμασιν
1026 2306 1120 2359 ἀπ’
1144 2304 1389 2374 ἀλλήλων
1411 2304 1793 2374 διακρινόμενα
1813 2320 1828 2336 ο

242 2397 296 2468 ἢ
331 2396 511 2450 τοίνυν
561 2395 914 2466 ἀητρεψάτω
954 2395 1023 2448 τὰ
1064 2395 1201 2459 ῐδια,
1253 2396 1339 2449 ἴνα
1380 2395 1453 2467 μὴ
1488 2394 1736 2449 σύνθετον
1764 2394 1829 2447 δι’

257 2480 337 2541 ὧν
362 2485 511 2554 λέγει
538 2486 920 2556 κατασκευάσῃ
945 2485 1004 2537 τὸ
1024 2476 1197 2547 Θείον,
1238 2482 1271 2553 ἢ
1306 2485 1440 2555 μηδὲ
1473 2484 1630 2554 ἡμῶν
1663 2483 1833 2538 ταῦτα

238 2578 655 2650 κατηγορείτω.
688 2577 831 2647 ἅπερ
858 2578 914 2630 ὲν
936 2578 1046 2640 τοίς
1070 2576 1220 2639 ἰδίοις
1251 2577 1435 2646 βλέπει
1467 2576 1665 2644 λόγοις.
1697 2576 1831 2630 Οὐδὲ

260 2670 371 2742 γὰρ
406 2669 503 2739 τὴν
543 2669 821 2738 ἁπλότητα
856 2667 943 2721 διὰ
981 2668 1185 2721 τούτων
1231 2669 1260 2720 ὁ
1298 2668 1453 2735 λόγος
1490 2668 1842 2737 λυμαίνεται,

263 2749 455 2824 ἐπειδὴ
538 2759 782 2827 κοινότης
832 2774 890 2810 τε
939 2757 1032 2810 καὶ
1078 2757 1275 2827 ἰδιότης
1325 2759 1483 2811 οὐσία
1513 2759 1614 2811 οὐκ
1664 2757 1830 2810 ἔστιν’

264 2852 408 2906 ὥστε
472 2849 571 2918 τὴν
600 2849 905 2919 συνδρομὴν
944 2849 1149 2902 τούτων
1185 2848 1436 2902 σύνθετον
1461 2846 1834 2902 ἀποδεικνύειν

259 2939 325 2993 τὸ
352 2940 730 3011 ὑποκείμενον.
772 2934 908 2993 Ἀλλ’
938 2941 972 3007 ἡ
1013 2940 1108 3010 μὲν
1135 2938 1291 2992 οὐσία
1318 2938 1440 2992 καθ’
1480 2937 1679 3008 ἑαυτὴν
1709 2939 1737 2991 ὃ
1779 2936 1835 2992 τί

261 3046 395 3087 me:
426 3032 567 3086 κατὰ
584 3032 680 3103 τὴν
706 3030 869 3100 φύσιν
892 3031 1033 3096 ἐστὶ,
1058 3030 1323 3101 διαμένει,
1344 3031 1518 3083 ἐκεῖνο
1537 3026 1672 3083 οὖσα
1698 3029 1835 3100 ὅπερ

260 3125 402 3181 ἐστί.
449 3124 634 3178 Ταῦτα
675 3124 731 3176 δὲ
763 3123 871 3176 τῶν
904 3122 1034 3193 περὶ
1082 3122 1249 3191 αὐτὴν
1293 3121 1595 3191 νοουμένων
1638 3136 1699 3172 τε
1740 3120 1835 3173 καὶ

262 3214 653 3286 θεωρουμένων
700 3208 838 3265 εἶναι
862 3249 878 3275 ,
929 3212 1036 3273 πᾶς
1064 3228 1147 3272 τις
1175 3210 1242 3264 ἂν
1276 3210 1417 3262 εῐποι
1443 3209 1681 3273 διανοίας
1707 3206 1849 3279 μετ-ν

260 3307 424 3378 έχων.
462 3306 617 3360 Ἐπεὶ⁵
645 3304 739 3358 καὶ
776 3304 907 3373 πρὸς
938 3302 1085 3373 ἡμᾶς
1134 3302 1259 3363 τοὺς
1293 3299 1610 3371 ἀνθρώπους
1636 3294 1753 3353 ἔστι
1785 3317 1838 3353 τι

261 3398 445 3453 κοινὸν
466 3399 564 3466 τῆς
581 3396 729 3458 θείας
743 3394 955 3465 φύσεως
977 3393 1331 3458 κατανοῆσαι,
1345 3392 1457 3445 ἀλλ’
1475 3393 1537 3445 ού
1553 3392 1642 3445 διὰ
1660 3392 1834 3457 τοῦτο,

260 3490 299 3560 ἢ
325 3488 682 3559 ἀνθρωπότης
707 3487 766 3539 τὸ
796 3486 957 3551 θεῖον,
975 3486 1009 3555 ἦ
1034 3485 1220 3556 θεότης
1241 3484 1357 3537 ἐστὶ
1382 3485 1443 3538 τὸ
1474 3484 1834 3556 ἀνθρώπινον.

275 3580 508 3649 ’Δγαθδν
537 3578 646 3650 γὰρ
677 3578 767 3631 τὸν
786 3577 918 3632 Θεὸν
944 3572 1078 3628 εἶναι
1109 3575 1472 3642 πιστεύοντες,
1497 3576 1719 3648 οἴδαμεν
1742 3579 1841 3633 καὶ

262 3673 353 3726 ἐπ’
380 3669 663 3743 ἀνθρώπου
688 3668 847 3723 τοῦτο
862 3666 923 3720 τὸ
936 3666 1104 3735 ὁνομα
1125 3666 1271 3737 παρὰ
1287 3667 1383 3734 τῆς
1398 3668 1618 3739 Γραφῆς
1641 3685 1807 3737 τεταγ
1822 3696 1839 3710 .

272 3763 457 3835 μένον.
512 3761 672 3815 Ἀλλά
712 3759 913 3829 διαιρεῖ
969 3755 1067 3825 τὴν
1095 3758 1159 3809 ὲκ
1190 3757 1289 3826 τῆς
1314 3757 1629 3827 ὁμωνυμίας
1665 3758 1840 3811 κοινά-

265 3869 429 3926 τητα,
458 3852 520 3906 τὸ
561 3852 761 3915 ἰδιάζον
788 3851 875 3919 ἐφ’
905 3848 1167 3919 ἐκατέρου
1199 3847 1297 3917 τῆς
1327 3847 1616 3916 σημασίας.
1655 3846 1714 3899 '0
1743 3848 1840 3917 μὲν

262 3947 379 4018 γὰρ
403 3944 553 4015 πηγὴ
581 3944 679 4014 τῆς
698 3941 1032 4012 ἀγαθότητος
1056 3938 1155 4002 ῶν,
1175 3939 1268 3993 ἀπ’
1294 3938 1462 4008 αὐτῆς
1479 3938 1807 4009 ὀνομάζεται
1822 3955 1837 3971 ο

264 4041 300 4094 ὁ
324 4039 381 4091 δὲ
419 4036 659 4109 μετέχων
704 4034 805 4102 τῆς
844 4031 1198 4103 ἁγαθὸτητος,
1242 4028 1573 4100 συμμετέχει
1610 4030 1703 4083 καὶ
1746 4029 1840 4083 τού

264 4129 533 4200 ὀνόματος
557 4144 571 4157 ο
605 4126 699 4180 καὶ
727 4126 788 4179 οὐ
822 4124 909 4178 διὰ
934 4123 1091 4177 τοῦτο
1121 4121 1372 4186 σύνθετος
1391 4123 1419 4175 ὁ
1443 4119 1596 4188 Θεὸς,
1614 4122 1696 4175 ὅτι
1730 4139 1845 4175 κοι-

266 4219 428 4271 νωνεῖ
456 4214 592 4287 πρὸς
623 4215 713 4268 τὸν
756 4213 1042 4285 ἄνθρωπον
1082 4213 1183 4283 τῆς
1211 4210 1304 4265 τοῦ
1338 4211 1539 4281 ἀγαθοῦ
1572 4229 1844 4285 προσηγοο

269 4309 414 4381 ρίας.
477 4304 685 4360 Οὐκοῦν
722 4304 969 4375 φανερῶς
1015 4305 1080 4357 ὲκ
1122 4300 1324 4357 τούτων
1367 4304 1729 4373 ὁμολογεῖται,
1761 4305 1842 4358 ὅτι

267 4400 427 4464 ἄλλος
469 4400 497 4452 6
534 4399 633 4467 τῆς
662 4396 990 4465 κοινότητος,
1026 4397 1121 4449 καὶ
1154 4395 1311 4458 ἄλλος
1336 4398 1364 4448 6
1388 4396 1485 4463 τῆς
1510 4395 1695 4457 οὐσίας
1727 4395 1842 4448 ἐστὶ

1937 578 2256 634 diﬂerentiis
2290 580 2521 632 alterum
2559 580 2629 634 ab
2661 581 2833 637 altero
2868 598 3139 653 separare.
3167 584 3321 651 Quod
3356 589 3502 640 enim

1932 671 2295 741 compositum
2356 679 2485 734 est,
2546 673 2904 729 nihilominus
2954 689 3061 728 uua
3114 676 3507 730 communitate

1933 767 2304 837 conjungitur,
2334 766 2655 822 diﬂ'erentiis
2682 773 2864 820 tamen
2908 766 3236 835 quibusdam
3279 774 3334 821 et
3378 781 3505 837 pro-

1933 858 2225 929 prietatum
2254 857 2617 913 concursibus
2648 864 2952 927 separatur.
2981 855 3061 909 Ad
3095 857 3209 909 hac
3241 855 3420 911 brevis
3450 863 3506 911 et

1932 946 2213 1002 succincta
2242 946 2415 999 oratio
2456 952 2828 1012 comparatur.
2864 942 2966 1009 Qui
2997 941 3141 996 enim
3190 949 3376 995 nostra
3407 955 3501 995 ac-

1931 1048 2089 1094 cusat
2120 1039 2407 1108 dogmata,
2458 1037 2564 1090 nisi
2613 1052 2708 1106 per
2750 1035 2971 1105 propria
3015 1034 3177 1087 verba
3211 1032 3502 1103 procedat,

1931 1139 2123 1185 contra
2172 1144 2273 1183 nos
2333 1128 2480 1196 ipsos
2522 1128 2727 1181 crimen
2773 1125 3041 1179 fatemur:
3091 1120 3504 1177 consideremus

1932 1222 2075 1275 enim
2115 1233 2179 1274 ea
2216 1233 2337 1288 qua!
2369 1218 2438 1272 ab
2474 1218 2593 1286 ipso
2627 1223 2755 1270 sunt
2793 1214 3017 1283 scripta.
3066 1210 3267 1266 Lucem
3318 1224 3503 1265 veram

1931 1309 2215 1363 Dominum
2233 1310 2478 1362 nominat
2502 1326 2513 1359 :
2544 1305 2761 1360 Patrem
2779 1319 2909 1359 vero
2936 1304 3109 1357 lucem
3141 1302 3500 1357 inaccessam.

1932 1403 2076 1471 Ergo
2116 1402 2231 1471 ipse
2268 1402 2431 1455 etiam
2475 1399 2677 1453 fatetur
2714 1396 3153 1451 communionem
3198 1393 3504 1451 secundum

1930 1495 2136 1556 lucem,
2170 1494 2251 1547 sic
2281 1502 2571 1561 utrumque
2604 1491 2912 1545 nominans.
2938 1489 3073 1544 Cum
3106 1494 3287 1542 autem
3316 1484 3506 1555 appel-

1931 1584 2159 1640 lationes
2180 1583 2345 1638 rebus
2368 1583 2433 1635 ad
2454 1597 2631 1636 rerum
2653 1592 2903 1635 naturam
2930 1579 3040 1634 sint
3055 1576 3501 1639 accommodatae,

1931 1673 2072 1727 sicut
2099 1672 2286 1727 multis
2312 1672 2366 1725 in
2398 1672 2531 1725 locis
2559 1670 2803 1725 deﬁnivit
2823 1713 2839 1735 ,
2867 1683 2975 1725 non
3002 1669 3194 1723 exilem
3220 1674 3276 1721 et
3301 1665 3502 1721 nudam

1933 1777 2121 1816 vocem
2150 1762 2288 1817 lucis
2318 1762 2524 1832 absque
2554 1762 2735 1832 aliqua
2771 1760 3043 1816 sententia
3090 1759 3143 1813 in
3183 1758 3365 1813 divina
3408 1770 3505 1810 na-

1936 1862 2058 1907 tura
2109 1852 2217 1908 dici
2266 1852 2653 1922 intelligimus,
2708 1851 2805 1907 sed
2857 1851 2925 1906 de
2974 1851 3208 1921 quodam
3256 1848 3505 1917 subjecto

1936 1945 2227 2000 enuntiari.
2264 1942 2411 2013 Ergo
2442 1951 2496 1999 et
2528 1944 2769 1998 nominis
2802 1942 3189 1997 communione
3220 1941 3386 1995 etiam
3423 1938 3504 1993 si-

1937 2036 2319 2104 gniticatorum
2344 2033 2681 2088 identitatem
2704 2034 3063 2088 confitentur:
3089 2029 3357 2100 siquidem
3378 2043 3507 2098 quo-

1916 2142 2056 2181 rum
2105 2124 2326 2180 nomina
2370 2133 2499 2179 sunt
2545 2126 2769 2188 eadem,
2818 2123 3010 2178 borum
3060 2135 3236 2191 neque
3280 2129 3507 2174 naturas

1937 2216 2186 2272 diversas
2216 2229 2342 2271 esse
2373 2222 2777 2271 asseverarunt.
2824 2210 2960 2270 Cum
3008 2211 3176 2280 igitur
3217 2224 3386 2264 unum
3434 2211 3508 2263 sit

1936 2308 2077 2377 quod
2094 2323 2188 2378 per
2202 2308 2376 2362 lucem
2392 2306 2745 2376 signiﬁcatur,
2763 2306 3057 2359 inaccessas
3069 2312 3124 2358 et
3145 2317 3282 2358 vera:
3298 2300 3509 2355 additio

1937 2399 2236 2454 secundum
2264 2398 2534 2452 haereseos
2557 2411 2900 2461 sermonem,
2923 2395 3068 2465 quod
3092 2408 3382 2449 commune
3398 2399 3508 2455 est,

1937 2490 2053 2545 suis
2081 2488 2501 2560 proprietatibus
2538 2487 2829 2557 distinguit
2870 2506 2883 2541 :
2919 2497 2979 2540 ut
3020 2486 3127 2540 alia
3156 2485 3375 2555 quidem
3406 2482 3511 2537 Pa-

1936 2581 2038 2634 tris
2066 2581 2157 2634 lus
2177 2619 2191 2642 ,
2225 2580 2332 2633 alia
2354 2594 2481 2633 vero
2508 2578 2628 2632 Filii
2665 2585 2845 2631 mente
2873 2584 2928 2633 et
2951 2577 3137 2631 animo
3163 2574 3514 2644 concipiatur

1937 2668 2357 2741 proprietatibus
2384 2684 2412 2721 a
2438 2684 2498 2723 se
2521 2668 2753 2722 invicem
2781 2667 3041 2722 distincta
3068 2683 3082 2719 :
3114 2666 3197 2721 vel
3220 2664 3385 2735 igitur
3409 2677 3513 2720 sua

1938 2759 2156 2814 decreta
2185 2764 2394 2813 evertat
2414 2798 2430 2823 ,
2460 2772 2529 2812 ne
2556 2772 2653 2827 per
2684 2773 2747 2813 ea
2781 2772 2903 2827 qua:
2931 2756 3066 2811 dicit
3094 2753 3262 2811 Deum
3289 2767 3515 2826 compo-

1938 2850 2104 2905 situm
2155 2856 2447 2919 praestruat
2469 2888 2485 2914 ,
2517 2853 2602 2904 vel
2645 2865 2715 2904 ne
2740 2864 2842 2904 nos
2873 2847 2940 2902 de
2971 2847 3057 2903 his
3089 2854 3349 2911 accuset,
3384 2860 3511 2917 qua

1940 2941 1997 2994 in
2026 2940 2144 2997 suis
2176 2941 2525 2998 sermonibus
2557 2942 2839 3012 perspicit.
2874 2939 3059 3010 Neque
3086 2940 3233 2996 enim
3266 2954 3364 3011 per
3390 2937 3513 2996 hac

1941 3032 2344 3103 simplicitatem
2390 3048 2572 3089 sermo
2611 3033 2983 3099 contaminat;
3019 3032 3277 3103 quoniam
3322 3046 3515 3088 essen-

1941 3123 2014 3176 tia
2041 3138 2148 3178 non
2173 3130 2259 3179 est
2280 3123 2647 3181 communitas
2675 3131 2730 3179 et
2755 3124 3059 3194 proprietas
3092 3139 3107 3175 :
3132 3124 3207 3177 ita
3229 3129 3288 3177 ut
3315 3122 3511 3177 borum

1939 3228 2243 3271 concursus
2278 3214 2642 3284 compositum
2678 3214 3017 3270 demonstret
3045 3215 3372 3284 subjectum.
3405 3212 3513 3269 Sed

1938 3307 2235 3360 essentiam
2285 3306 2508 3377 quidem
2549 3321 2647 3376 per
2691 3321 2785 3371 se,
2826 3306 3089 3376 quidquid
3134 3300 3352 3362 tandem
3401 3306 3511 3368 sit,

1940 3397 2242 3452 secundum
2276 3407 2529 3453 naturam
2560 3406 2879 3469 permanet,
2911 3398 3043 3453 illud
3069 3399 3340 3454 exsistens
3366 3397 3513 3468 quod

1940 3487 2159 3556 quidem
2187 3494 2291 3543 est.
2321 3486 2446 3542 Haec
2472 3504 2540 3543 ex
2571 3503 2762 3543 eorum
2793 3502 3023 3542 numero
3045 3502 3167 3557 quae
3192 3486 3246 3540 in
3280 3486 3397 3557 ipsa
3432 3486 3515 3540 in-

1940 3578 2262 3649 telliguntur
2290 3586 2345 3633 et
2389 3580 2847 3646 considerantur,
2883 3594 3041 3642 esse,
3074 3577 3256 3649 quivis
3302 3578 3517 3633 ratione

1939 3678 1995 3724 et
2042 3676 2224 3725 mente
2268 3670 2530 3741 praeditus
2583 3670 2802 3726 dixerit.
2842 3668 3111 3736 Quoniam
3158 3670 3325 3726 etiam
3368 3665 3517 3739 apud

1940 3776 2043 3815 nos
2068 3760 2316 3816 homines
2360 3761 2487 3816 licet
2517 3760 2777 3831 quiddam
2826 3775 3119 3815 commune
3165 3775 3289 3815 cum
3329 3758 3517 3814 divina

1940 3858 2133 3904 natura
2168 3850 2471 3920 intelligere
2495 3892 2511 3917 ,
2541 3865 2650 3905 non
2678 3858 2860 3905 tamen
2891 3860 3183 3921 propterea
3210 3850 3293 3904 vel
3324 3849 3517 3903 huma-

1941 3939 2088 3993 nitas
2116 3947 2202 3995 est
2230 3940 2376 4009 quod
2409 3940 2656 3994 divinum
2688 3949 2803 4004 est,
2836 3940 2923 3995 vel
2948 3938 3209 3995 divinitas
3236 3939 3383 4011 quod
3414 3939 3517 3993 hu-

1942 4046 2164 4085 manum
2191 4048 2205 4097 ;
2258 4031 2459 4086 bunum
2492 4032 2640 4087 enim
2688 4030 2859 4087 Deum
2894 4047 3017 4088 esse
3048 4031 3372 4095 credentes.
3404 4030 3519 4088 sci-

1944 4140 2070 4179 mus
2098 4124 2265 4179 etiam
2297 4124 2354 4179 in
2390 4125 2611 4180 homine
2652 4125 2757 4179 hoc.
2784 4138 2982 4179 nomen
3012 4140 3134 4180 esse
3173 4139 3205 4178 a
3230 4121 3517 4195 Scriptura

1942 4214 2255 4270 ordinatum
2288 4234 2301 4270 :
2340 4216 2435 4272 sed
2469 4216 2916 4271 communitatem
2947 4230 3069 4284 quae
3096 4229 3162 4269 ex
3203 4213 3516 4284 aaquivoca-

1943 4306 2089 4361 tione
2115 4316 2227 4372 est,
2257 4306 2584 4377 distinguit,
2618 4320 2739 4377 qua:
2771 4305 2825 4360 in
2859 4314 3091 4375 utroque
3115 4312 3201 4359 est
3231 4302 3510 4374 signiﬁca-

1944 4395 2114 4451 tionis
2145 4398 2471 4467 proprietas.
2503 4396 2596 4451 llle
2628 4396 2846 4466 quidem
2886 4396 3060 4461 Deus,
3102 4394 3227 4451 fons
3268 4409 3393 4450 cum
3437 4394 3514 4450 sit

266 4492 450 4559 λόγος,
498 4490 592 4542 καὶ
618 4488 770 4542 οὐδὲν
817 4487 1016 4557 μᾶλλον
1042 4487 1131 4540 διὰ
1158 4486 1317 4541 τοῦτο
1354 4486 1599 4550 σύνθεσίς
1628 4505 1711 4550 τις
1743 4488 1837 4541 κα)⁵

1943 4486 2234 4547 bonitatis.
2267 4504 2335 4543 ex
2366 4488 2482 4557 ipsa
2511 4487 2892 4543 deuominatur
2923 4505 2937 4541 :
2970 4488 3060 4541 hic
3102 4502 3232 4542 vero
3276 4486 3512 4559 (nempe

268 4582 610 4649 πολυμερεια
651 4578 781 4648 περὶ
832 4576 926 4648 τὴν
979 4575 1156 4645 ἁπλῆν
1198 4593 1258 4628 τε
1301 4576 1395 4628 καὶ
1437 4575 1638 4629 ἄποσον
1676 4594 1843 4631 κατα·

274 4672 599 4736 σκευάζεται
652 4668 812 4738 φύσιν
832 4709 847 4731 ,
901 4668 956 4722 εί
987 4686 1039 4722 τι
1066 4668 1173 4721 τῶν
1212 4666 1691 4737 ὲπιθεωρουμένων
1723 4669 1755 4739 ἢ
1785 4672 1843 4723 ὲν

276 4762 499 4834 ἰδιότητι
532 4760 801 4831 βλέποιτο,
834 4758 867 4829 ἢ
898 4759 1041 4814 κατὰ
1069 4758 1247 4812 κοινοῦ
1270 4776 1413 4823 τινος
1440 4758 1537 4832 τὴν
1568 4762 1842 4832 σημασίαν

272 4853 411 4924 ἔχοι.

1949 4577 2149 4647 homo)
2182 4578 2438 4634 bonitatis
2472 4580 2774 4649 particeps,
2810 4578 2975 4633 etiam
3009 4580 3248 4635 nominis
3276 4593 3506 4634 consors

1949 4666 2202 4722 elIicitur.
2259 4666 2377 4721 Non
2425 4667 2548 4722 ideo
2597 4675 2781 4722 tamen
2830 4665 2978 4723 Deus
3028 4675 3114 4723 est
3148 4667 3519 4737 compositus,

1948 4761 2078 4832 quia
2108 4775 2230 4815 cum
2267 4760 2488 4817 homine
2515 4761 2641 4816 boni
2669 4761 3054 4832 appellationis
3078 4759 3519 4816 communionem

1953 4854 2133 4909 habet.
2180 4852 2546 4920 Quamobrem
2589 4869 2656 4909 ex
2703 4852 2792 4908 bis
2834 4868 2936 4924 pro
2968 4851 3226 4909 confesso
3266 4852 3518 4913 habetur.

274 4946 423 5017 quod
453 4945 557 4999 alia
585 4953 670 5001 est
694 4943 1133 5008 communitatis,
1168 4942 1273 4997 alia
1304 4957 1434 4997 vero
1467 4944 1726 5000 essentia:
1775 4946 1916 5001 ratio
1955 4965 1969 5000 :
2014 4946 2183 5001 nihilo
2246 4947 2420 5017 magis
2480 4956 2662 5002 tamen
2698 4946 2770 5001 ob
2809 4962 2932 5003 eam
2976 4960 3232 5008 causam,
3298 4958 3522 5015 compo-

273 5037 408 5093 sitio
436 5035 686 5108 quaedam
716 5043 771 5090 et
801 5036 1192 5106 particularum
1226 5034 1518 5088 multitudo
1544 5036 1598 5089 in
1626 5034 1863 5107 simplici
1900 5044 1956 5091 et
2004 5037 2327 5108 quantitatis
2365 5045 2585 5108 experte
2622 5044 2820 5093 natura
2864 5036 3222 5100 construitur,
3251 5032 3379 5088 licet
3410 5032 3517 5088 ali-

274 5129 408 5199 quid
452 5143 641 5183 eorum
681 5142 787 5199 qua
830 5129 978 5183 circa
1020 5128 1193 5198 ipsam
1245 5127 1683 5196 considerantur,
1714 5131 1799 5186 vel
1830 5130 1884 5186 in
1924 5132 2253 5203 proprietate
2275 5141 2569 5202 spectetur,
2600 5133 2683 5188 vel
2710 5132 2777 5187 de
2809 5130 3086 5187 communi
3126 5128 3310 5198 aliquo
3347 5127 3528 5197 signi-

276 5224 555 5279 ticantiam
588 5223 803 5278 habeat.

362 5315 500 5368 Ἀλλ’
528 5314 612 5384 ἐφ’
654 5314 858 5385 ῑτερον,
910 5314 960 5367 εἰ
1000 5313 1178 5377 δοκεῖ,
1234 5312 1342 5367 τῶν
1379 5316 1684 5387 εἰρημένων
1717 5334 1847 5387 μετ-

274 5410 542 5480 ἔλθωμεν,
573 5408 664 5461 τὸν
696 5408 784 5461 διὰ
829 5408 999 5479 μέσου
1021 5407 1185 5479 λῆρον
1211 5408 1420 5479 χαίρειν
1446 5408 1722 5473 ἐάσαντες.
1790 5412 1849 5463 '0

276 5500 581 5571 φιλοπόνως
625 5497 722 5568 τὴν
762 5498 1191 5569 Ἀριστοτελικὴν
1222 5499 1331 5551 τῶν
1364 5498 1533 5553 όντων
1585 5499 1849 5570 διαίρεσιν

278 5590 615 5663 ὲπιθρυλλῶν
640 5590 717 5661 τῷ
745 5589 999 5661 ἡμετέρῳ
1022 5588 1184 5659 λόγῳ,
1205 5589 1547 5660 ἐξείργασται
1582 5590 1736 5659 γένη,
1755 5595 1848 5645 καὶ

277 5684 417 5756 εἴδη,
457 5684 551 5737 καὶ
582 5683 843 5754 διαφορὰς
890 5684 986 5736 καὶ
1026 5684 1201 5753 ἄτομα
1228 5699 1241 5712 ·
1293 5685 1386 5738 καὶ
1437 5685 1616 5737 πᾶσαν
1661 5684 1760 5755 τὴν
1791 5686 1847 5736 ἐν

276 5779 401 5842 ταῖς
449 5775 802 5846 κατηγορίαις
834 5776 1176 5845 τεχνολογίαν
1204 5778 1294 5831 ἐπὶ
1321 5776 1538 5848 διαϐολῇ
1571 5776 1676 5832 τῶν
1707 5778 1843 5848 ἡμε-

563 5871 833 5933 ΡΑτιιοι..
880 5869 997 5929 Gn.
1034 5870 1089 5929 Χ
1105 5870 1224 5929 LV.

2025 5314 2130 5371 Sed
2160 5313 2228 5368 ad
2256 5313 2399 5369 aliud
2422 5354 2438 5378 ,
2466 5313 2514 5369 si
2542 5312 2779 5375 videtur,
2804 5326 2993 5367 eorum
3023 5326 3144 5382 qua
3171 5310 3319 5365 dicta
3346 5316 3477 5366 sunt
3503 5350 3519 5373 ,

1959 5417 2343 5471 transeamus,
2374 5421 2549 5476 nugas
2573 5421 2693 5477 qua
2736 5406 2789 5459 in
2841 5403 3023 5459 medio
3062 5410 3192 5457 sunt
3232 5404 3415 5458 valere
3444 5405 3523 5459 si-

1952 5507 2167 5556 nentes.
2204 5498 2306 5554 Hic
2338 5505 2595 5552 accurate
2624 5496 2977 5566 promulgans
3008 5494 3412 5550 Aristotelicam
3441 5494 3527 5549 di-

1950 5592 2216 5649 visionem
2244 5632 2259 5653 ,
2298 5598 2488 5646 nostro
2540 5588 2779 5645 sermoni
2824 5586 3031 5643 amnxit
3063 5601 3262 5659 genera
3302 5595 3358 5643 et
3401 5601 3528 5657 spe-

1951 5687 2098 5749 cies,
2131 5693 2186 5739 et
2215 5681 2583 5743 diﬂ'erentias,
2624 5688 2680 5736 et
2727 5678 3007 5735 individua
3030 5722 3045 5743 ,
3086 5685 3143 5735 et
3177 5692 3340 5735 omne
3374 5676 3526 5749 quod

1952 5785 2038 5834 cst
2070 5777 2126 5833 in
2156 5775 2449 5846 categoriis
2481 5772 2803 5838 artiﬁcium,
2843 5775 2909 5830 ad
2940 5771 3271 5830 calumniam
3305 5781 3525 5827 nostro-

3081 5863 3161 5926 29
