4034 6470
631 346 744 405 907

1868 349 1926 406 S.
1955 347 2276 404 GREGORII
2296 349 2586 408 NYSSENI
2679 383 2684 388 -
3712 357 3791 412 903

632 475 752 518 rum
809 462 1154 521 decretorum
1207 462 1264 520 in
1310 465 1549 520 medium
1591 465 1836 535 protulit.
1879 465 1976 522 His
2022 467 2201 535 itaque

2305 468 2475 538 τέρων
2499 468 2780 537 δογμάτων
2804 467 3231 538 προεχειρίσατο.
3259 465 3438 520 Ταῦτα
3461 467 3623 521 τοίνυν
3648 470 3792 525 ἐάσειν·

631 555 887 620 ‘omissis,
919 557 985 612 ad
1017 572 1179 628 grave
1206 565 1260 612 et
1292 558 1640 613 ineluctabile
1674 560 1850 629 ipsius
1882 559 2194 614 ﬁrmamen-

632 656 747 702 tum
795 651 1045 704 oratione
1092 649 1524 719 progrediamur.
1582 652 1998 706 Demosthenico
2048 652 2193 705 enim

636 737 820 793 furore
874 754 1028 794 suam
1079 740 1382 795 orationem
1435 739 1813 805 contendens,
1865 741 2006 796 alius
2070 741 2195 809 qui-

631 829 757 883 dam
789 831 947 885 nobis
975 830 1372 887 Exoltiseridus
1398 831 1733 887 l‘aeani'eusis
1758 831 2042 902 apparuit,
2071 846 2195 885 ora-

635 922 768 976 toris
798 923 1153 976 acrimoniam
1187 923 1241 977 in
1267 924 1566 978 certamine
1593 930 1784 977 contra
1814 937 1914 976 nos
1939 930 2194 992 suscepto

633 1012 878 1068 imitans.
912 1012 1190 1083 Exponam
1225 1012 1292 1066 ad
1338 1012 1563 1066 verbum
1610 1012 1726 1080 ipsa
1776 1010 2062 1080 scriptoris
2114 1010 2197 1063 di-

635 1111 720 1156 cta
751 1116 764 1152 :
815 1101 987 1165 Sane,
1021 1103 1236 1171 inquit,
1280 1101 1368 1155 sed
1397 1101 1444 1154 si
1497 1117 1613 1154 cum
1647 1100 1876 1170 genitum
1907 1111 1954 1153 et
1991 1099 2194 1168 ingeni-

638 1203 748 1246 tum
779 1194 1042 1246 contrario
1071 1192 1222 1245 modo
1256 1208 1310 1246 se
1341 1192 1595 1256 habeant,
1630 1206 1694 1244 ea:
1725 1206 1872 1260 (equo
1904 1189 1998 1242 tua;
2020 1189 2196 1258 genita

635 1284 704 1337 ad
733 1285 1017 1352 ingenitam
1061 1284 1229 1336 lucem
1269 1284 1497 1349 subiret,
1541 1282 1652 1336 haec
1694 1281 1901 1352 quidem
1944 1281 2037 1334 lux
2068 1282 2192 1350 ﬁet,

636 1375 806 1428 altera
849 1391 965 1428 vero
1018 1373 1261 1428 tenebraz.
1312 1375 1555 1428 Acumen
1599 1374 1780 1446 igitur
1816 1382 1869 1428 et
1919 1373 2196 1428 solertiam

632 1463 971 1518 occursionis
1029 1462 1098 1515 ad
1150 1463 1550 1532 appositionem
1617 1461 2055 1527 contrariorum,
2129 1477 2194 1516 ex

635 1555 784 1610 illius
820 1555 1170 1610 sermonibus
1198 1555 1405 1620 discat,
1441 1555 1528 1609 cui
1553 1555 1724 1607 otium
1755 1553 1936 1608 fuerit.
1966 1553 2076 1624 Ego
2107 1568 2198 1608 au-

635 1656 740 1702 tem
769 1656 1081 1702 nostrorum
1106 1646 1425 1702 histrionem
1443 1686 1458 1711 ,
1485 1646 1569 1700 vel
1597 1655 1785 1700 nostra
1808 1646 1988 1700 dicere
2019 1647 2195 1715 ipsum

635 1741 976 1805 censuerim,
1007 1738 1092 1793 vel
1137 1751 1298 1807 quam
1333 1737 1582 1807 proxime
1625 1737 1896 1793 sermonis
1938 1737 2198 1792 imitatio-

2293 576 2404 624 τες,
2421 561 2513 612 ἐπὶ
2544 560 2615 631 τὸ.
2634 560 2769 631 βαρὺ
2800 561 2891 612 καὶ
2914 558 3404 626 δυσανταγώνιστον
3423 560 3576 612 αὑτοῦ
3593 560 3662 630 τῷ
3685 562 3795 631 λόγῳ

2297 629 2659 718 μετέλθωμεν.
2707 629 3102 719 Δημοσθενικῷ
3149 648 3259 719 γάρ
3311 649 3462 720 θυμῷ
3511 650 3594 702 τὸν
3639 629 3794 707 ἐαυτοῦ

2294 736 2450 805 λόγον
2471 738 2731 801 τονώσας,
2759 738 2913 800 ἄλλος
2947 755 3035 800 τις
3061 740 3190 808 ἡμῖν
3232 737 3637 809 Ἐξολτισήριδος
3663 742 3796 795 Παια-

2294 831 2440 894 νιεὺς
2472 831 2804 901 ἀναπέφηνε,
2845 831 2906 884 rb
2954 833 3117 902 δριμὺ
3152 833 3243 886 τοῦ
3279 834 3502 904 ῥήτορος
3532 836 3585 886 ἐν
3610 837 3676 905 τῷ
3705 840 3796 890 καθ’

2295 923 2452 994 ήμῶν
2480 923 2652 990 ἀγῶνι
2694 923 3044 993 μιμούμενος.
3103 923 3433 994 Ἐκθήσομαι
3460 925 3514 978 δὲ
3546 929 3667 979 κατὰ
3688 929 3798 994 λέξιν

2295 1015 2436 1069 αὑτά
2456 1014 2548 1067 τοῦ
2566 1013 2904 1085 λογογράφου
2929 1014 2996 1067 τὸ.
3024 1015 3260 1085 ῥήματα.
3282 1016 3414 1078 Ναὶ,
3440 1019 3610 1087 φησιν,
3634 1020 3746 1072 ἀλλ’
3761 1025 3800 1073 εί

2295 1108 2400 1160 τοῦ
2414 1125 2592 1177 γενγη
2599 1107 2701 1160 τοῦ
2713 1108 2861 1175 ,πρὸς
2875 1107 2940 1161 τὸ
2952 1108 3282 1176 ἀγέννητον
3295 1109 3572 1172 ἐναντίως
3581 1109 3797 1177 ἔχοντος,

2295 1199 2419 1250 κατ’
2433 1194 2572 1251 ἴσον
2589 1198 2901 1251 ὑποϐαίνοι
2917 1199 2982 1250 τὸ
2996 1199 3284 1266 γεννητὸν
3295 1197 3418 1266 φῶς
3433 1198 3573 1265 πρὸς
3598 1200 3656 1251 τὸ
3677 1200 3801 1266 ἀγέικ

2294 1307 2480 1357 mror
2487 1289 2631 1358 φῶς,
2645 1290 2710 1343 τὸ
2719 1290 2836 1358 μὲν
2847 1291 3196 1359 γεννήσεται
3208 1290 3353 1358 φῶς,
3371 1290 3436 1343 τὸ
3448 1291 3512 1342 δὲ
3528 1293 3732 1358 σκότος.
3747 1295 3801 1346 Τὸ

2299 1382 2396 1451 μὲν
2421 1378 2512 1435 οῦν
2541 1380 2633 1445 ὀξὺ
2669 1383 2761 1435 καὶ
2784 1381 3034 1451 εὔστοχον
3055 1383 3152 1453 τῆς
3181 1383 3318 1453 πρὸς
3348 1383 3444 1452 τὴν
3465 1383 3705 1436 ἀντίθεσιν
3724 1387 3802 1438 ἀτι-

2296 1474 2589 1544 αντήσεως,
2614 1473 2718 1543 ὅτῳ
2742 1472 2922 1544 σχολὴ,
2945 1473 3032 1526 διά
3054 1474 3160 1526 τῶν
3188 1475 3395 1528 ἐκείνου
3421 1474 3626 1546 μαθέτω
3649 1476 3799 1543 λόγων.

2206 1608 2224 1620 .
2297 1563 2439 1633 Ἐγὼ
2459 1565 2515 1617 δὲ
2535 1563 2626 1616 τὸν
2646 1564 2754 1616 τῶν
2773 1565 3055 1634 ἡμετέρων
3080 1565 3375 1636 ὑποκριτὴν
3405 1567 3672 1636 ἀξιώσαιμ’
3685 1568 3737 1620 ἂν
3753 1570 3802 1620 τὰ

2297 1655 2543 1726 ἡμέτερα
2576 1654 2774 1726 λέγειν,
2800 1656 2832 1725 ἢ
2867 1654 2943 1718 ώς
2971 1655 3252 1723 ἐγγυτάτω
3281 1657 3542 1726 προάγειν
3566 1656 3650 1709 τοῦ
3681 1657 3802 1725 λόγου

2298 1743 2395 1814 τὴν
2411 1744 2469 1812 μί
2477 1761 2548 1813 μη
2557 1761 2661 1809 σιν,
2679 1743 2711 1814 ἢ
2733 1743 2910 1806 καθὼς
2929 1743 3276 1798 πεπαίδευται
3299 1745 3392 1798 καὶ
3411 1745 3640 1809 δύναται,
3655 1763 3804 1817 xam-

636 1847 758 1886 nem
792 1803 1125 1902 producere,
1149 1803 1236 1886 vel
1279 1803 1420 1888 sicut
1453 1830 1752 1892 institutus
1783 1839 1866 1885 est
1889 1838 1943 1884 et
1976 1837 2193 1899 potest,

2301 1803 2458 1904 μένον
2477 1803 2565 1906 ’τώ
2596 1803 2738 1904 λόγω
2781 1836 2842 1888 ἐκ
2889 1803 2982 1888 τοῦ
3029 1836 3159 1889 ίδίου
3208 1835 3501 1908 προσώπου
3541 1803 3639 1890 καὶ,
3671 1803 3807 1910 μζ

635 1940 886 1981 sermone
923 1923 1123 1980 utendo
1164 1939 1232 1979 ex
1260 1937 1360 1979 sua
1405 1937 1660 1992 persona,
1715 1931 1767 1976 et
1801 1937 1909 1976 non
1937 1937 2000 1976 ex
2037 1923 2196 1978 nobis

635 2020 925 2075 disserere.
958 2017 1128 2073 Nemo
1167 2019 1311 2073 enim
1361 2027 1610 2074 nostrum
1660 2017 1739 2072 sic
1787 2032 2020 2086 unquam
2051 2014 2198 2070 deci-

635 2112 839 2182 piatur,
888 2118 968 2176 ut,
1006 2125 1130 2164 cum
1167 2112 1412 2181 genitum
1447 2125 1569 2165 cum
1599 2109 1841 2179 ingenito
1872 2109 2033 2162 modo
2068 2123 2198 2162 con-

634 2203 805 2258 trario
845 2220 903 2259 se
940 2203 1136 2258 habeat
1180 2202 1482 2258 secundum
1541 2201 1926 2272 signiﬁcatum,
1964 2200 2195 2254 alterum

636 2295 806 2349 altero
855 2295 1168 2350 inferiorem
1211 2293 1505 2349 existimet.
1557 2290 1732 2348 Omne
1777 2293 1921 2347 enim
1975 2295 2196 2362 opposi-

636 2395 752 2441 tum
799 2401 905 2440 non
943 2389 997 2440 in
1038 2387 1404 2441 contentionis
1445 2385 1769 2441 remissione
1813 2385 2195 2450 differentiam,

635 2479 730 2535 sed
763 2479 814 2533 in
838 2480 1083 2535 absoluta
1103 2479 1400 2533 secundum
1423 2477 1788 2548 signiﬁcatum
1810 2479 2197 2534 contrarietate

635 2570 992 2626 dill‘erentiam
1038 2571 1218 2634 habet,
1269 2581 1328 2623 ut
1367 2571 1605 2624 dormire
1654 2571 1888 2640 aliquem
1917 2569 2194 2639 Ldicimus,

634 2662 718 2723 vel
753 2677 860 2715 non
905 2661 1177 2728 dormire;
1225 2659 1414 2716 sedere
1441 2662 1523 2715 vel
1554 2675 1663 2714 non
1699 2661 1917 2727 sedere;
1955 2661 2196 2730 genitum

633 2769 757 2808 esse
801 2753 885 2808 vel
930 2767 1036 2807 non
1074 2754 1316 2823 genitum
1362 2768 1520 2817 esse;
1557 2753 1772 2823 aliaque
1801 2753 1983 2808 omnia
2007 2753 2196 2808 eadem

635 2848 829 2909 forma,
883 2863 1118 2919 quorum
1169 2848 1330 2903 unius
1379 2847 1615 2903 sublatio
1661 2848 1896 2918 oppositi
1927 2859 2012 2903 est
2050 2847 2198 2918 posi-

635 2941 733 2994 tio.
781 2939 852 2995 Ut
891 2940 1055 3010 igitur
1106 2941 1290 2994 vivere
1325 2954 1431 2994 non
1470 2947 1556 2994 est
1589 2940 1841 2994 remissio
1886 2942 2007 3010 ejus
2051 2941 2196 3010 quod

573 3079 582 3093 ,
634 3032 838 3087 dicitur
889 3047 998 3086 non
1034 3033 1238 3098 vivere,
1283 3031 1378 3087 sed
1413 3031 1639 3085 omnino
1681 3031 2039 3087 contrarietas
2073 3050 2084 3084 :
2119 3033 2198 3086 sic

2297 1927 2452 1998 ἡμῶν
2471 1927 2833 1996 διαλέγεσθαι.
2863 1928 2952 1998 Μή
2978 1945 3104 1980 ποτε
3125 1927 3392 2000 γὰρὀὖτω
3417 1930 3704 2000 παραχθείη
3725 1931 3806 1983 τῶν

2297 2016 2578 2087 ἡμετέρων
2607 2017 2814 2088 μηδεὶς,
2835 2016 2976 2070 ὥστε
2995 2017 3084 2070 τοῦ
3107 2019 3362 2090 γεννητοῦ
3399 2020 3534 2091 πρὸς
3553 2021 3608 2072 τὸ
3626 2021 3806 2092 ἀγέννη⁶

2297 2125 2388 2161 τον
2411 2108 2662 2173 ἐναντίως
2681 2109 2823 2162 κατὰ
2844 2109 2904 2161 rb
2930 2109 3323 2179 σημαινόμενον
3343 2109 3575 2180 ἔχοντος,
3595 2111 3806 2164 ὑπόϐασιν

2297 2197 2390 2251 τοῦ
2425 2199 2610 2269 ἐτέρου
2647 2199 2708 2251 rb
2725 2199 2908 2270 ἕτερον
2935 2199 3158 2254 οἴεσθαι.
3192 2202 3307 2255 Πᾶν
3333 2201 3443 2272 γὰρ
3465 2201 3524 2254 τὸ
3552 2203 3806 2271 ἀντικείμε-
3852 2258 3854 2260 _

2298 2308 2408 2356 vov,
2427 2292 2528 2346 οὐκ
2565 2291 2622 2344 ἐν
2658 2291 2844 2360 ὑφέσει
2863 2292 2962 2362 τὴν
2997 2292 3276 2362 διαφορὰν,
3295 2291 3408 2344 ἀλλ’
3437 2293 3498 2344 ἐν
3523 2292 3743 2345 παντελεῖ
3758 2296 3808 2362 τῇ

2298 2383 2439 2437 κατά
2481 2383 2543 2436 rb
2583 2385 2974 2455 σημαινόμενον
3020 2384 3365 2456 ἀλλοτριώσει
3399 2385 3500 2456 τὴν
3535 2385 3809 2438 ἀντιδιαστο·

2298 2477 2395 2549 λὴν
2422 2478 2553 2548 ἔχει.
2593 2473 2718 2530 Οἷον
2766 2476 3044 2530 καθεύδειν
3086 2477 3206 2557 τινά
3237 2476 3472 2547 λέγομεν
3504 2477 3536 2546 ἣ
3567 2475 3635 2547 μὴ
3655 2476 3810 2529 καθεύο

2296 2570 2436 2625 δειν·
2471 2569 2736 2641 καθῆσθαι
2771 2570 2803 2640 ἢ
2845 2568 2920 2641 μὴ
2956 2569 3221 2639 καθῆσθαι
3258 2584 3271 2597 ·
3297 2569 3664 2640 γεγεννῆσθαι,
3698 2569 3724 2638 ἢ
3757 2569 3812 2638 μὴ

2265 2691 2268 2697 -
2297 2660 2686 2730 γεγεννῆσθαι·
2709 2660 2874 2714 τᾶλλα
2903 2661 3079 2713 πάντα
3093 2660 3233 2713 κατά
3257 2660 3347 2713 τὸν
3379 2660 3542 2713 αὐτὸν
3578 2659 3738 2724 τύπον,
3757 2653 3810 2711 ὧν

2295 2757 2328 2825 ἡ
2372 2753 2463 2807 τοῦ
2509 2753 2626 2816 ἐνὸς
2673 2753 2829 2824 ἄρσις
2874 2751 3020 2814 θέσις
3069 2752 3163 2804 τοῦ
3208 2753 3581 2822 ἀντικειμένου
3629 2752 3808 2819 γίνεται.

2300 2847 2510 2916 Ὠσπερ
2557 2840 2648 2897 οὖν
2681 2843 2742 2896 τὸ
2779 2844 2897 2913 ζῇν,
2944 2843 3064 2912 οὐχὶ
3111 2841 3299 2911 ῦφεσίς
3343 2846 3459 2896 ἐστι
3497 2843 3586 2896 τοῦ
3624 2843 3690 2913 μὴ
3721 2840 3812 2911 ζῇν,

2299 2938 2434 2990 ἀλλά
2476 2934 2753 2999 παντελῶς
2801 2936 3146 2999 ἐναντίωσις·
3179 2934 3320 2988 οὕτω
3366 2937 3427 2989 rb
3472 2935 3811 3006 γεγεννῆσθαι,

2296 3030 2394 3099 οὐχ
2429 3028 2616 3098 ὖφεσιν
2642 3027 2736 3080 τοῦ
2787 3027 2860 3098 μὴ
2899 3027 3241 3096 γεννηθέντος
3284 3029 3608 3099 ἐνοήσαμεν,
3638 3026 3733 3080 ἀλλ’
3753 3026 3815 3077 ἁν-

635 3125 873 3193 genilum
916 3139 1039 3178 esse
1080 3140 1184 3179 non
1223 3123 1602 3179 remissionem
1632 3123 1752 3193 ejus
1797 3124 1940 3193 quod
1972 3138 2079 3178 non
2106 3139 2197 3194 ge-

2298 3122 2496 3176 τίθεσίν
2539 3138 2660 3178 τινα
2702 3121 2794 3174 καὶ
2847 3119 3247 3192 ἀντιδιαστολὴν
3295 3115 3814 3190 ἀμεσίτευτον,ὡςτὸ

635 3215 814 3268 nitu-m
869 3222 952 3268 est
1004 3213 1511 3277 anirnadvertimus,
1555 3211 1650 3268 sed
1698 3213 2093 3283 oppOsitionem
2143 3222 2198 3267 et

636 3308 964 3364 contrariam
1011 3306 1370 3362 dilferentiam
1436 3306 1614 3361 medio
1660 3315 1958 3369 carentem,
2013 3306 2087 3360 ita
2140 3313 2201 3361 ut

638 3400 784 3470 quod
837 3400 892 3454 in
943 3400 1208 3455 alterutro
1251 3400 1609 3471 signiﬁcatur,
1662 3400 1812 3455 nullo
1864 3399 2025 3455 modo
2076 3415 2199 3454 cum

639 3491 815 3545 altero
843 3491 1229 3544 commercium
1260 3491 1480 3554 habeat,
1512 3507 1689 3560 neque
1715 3491 1768 3545 in
1798 3506 1992 3560 pauco,
2025 3507 2201 3560 neque

591 3580 699 3668 \in
729 3580 954 3650 majore.
982 3581 1084 3647 Qui
1116 3581 1279 3650 igitur
1312 3584 1528 3648 asserit,
1562 3582 1615 3636 id
1647 3582 1790 3652 quod
1829 3599 1893 3636 ex
1930 3583 2202 3638 contrario

642 3672 986 3743 intelligitur,
1025 3673 1253 3728 inferius
1282 3688 1404 3728 esse
1443 3689 1508 3728 eo
1549 3674 1691 3743 quod
1739 3673 1839 3743 ipsi
1869 3681 1953 3727 est
1985 3675 2204 3743 opposi-

641 3769 780 3826 tum,
839 3777 904 3818 ex
946 3777 1044 3818 Sua
1099 3778 1330 3831 persona
1385 3764 1529 3818 hunc
1574 3779 1878 3819 sermonem
1942 3767 2203 3835 proferat.

642 3855 840 3910 Nostra
882 3855 1026 3911 enim
1073 3856 1314 3924 vulgaris
1355 3857 1608 3925 loquendi
1639 3856 1832 3921 forma,
1873 3873 1935 3912 ea
1961 3873 2080 3927 quae
2108 3874 2204 3925 op-

640 3947 834 4017 positis
857 3947 1207 4015 conveniunt,
1242 3949 1524 4018 aequaliter
1553 3949 1684 4003 dicit
1716 3950 1860 4003 inter
1891 3965 1950 4004 se
1975 3951 2201 4014 distare,

643 4054 707 4094 ac
729 4039 1042 4108 primigenia
1077 4040 1194 4109 ipsa
1227 4042 1366 4095 inter
1392 4056 1450 4095 se
1470 4040 1746 4095 dill'erunt.
1772 4041 1950 4108 Quare
1971 4043 2014 4097 si
2042 4044 2202 4097 etiam

641 4130 698 4185 in
750 4133 872 4186 luce
927 4131 1172 4186 eamdem
1221 4130 1584 4188 dilIerentiam
1643 4148 1804 4202 quam
1845 4149 1967 4203 quae
2015 4142 2097 4187 est
2151 4134 2205 4189 in

645 4223 826 4292 genito
873 4223 939 4276 ad
991 4223 1290 4293 ingenitum
1335 4223 1556 4293 inspicit
1588 4222 1907 4287 Eunomius,
1957 4232 2205 4279 nostrum

643 4323 882 4382 repetam
929 4329 1255 4370 sermonem.
1317 4314 1473 4381 Quod
1521 4315 1664 4370 sicut
1719 4317 1829 4370 illic
1873 4318 2040 4371 altera
2074 4331 2208 4370 con-

643 4405 988 4459 tradictionis
1045 4420 1170 4474 pars
1203 4405 1730 4462 incommunicabilis
1783 4423 1906 4462 cum
1955 4409 2207 4477 opposito

2301 3216 2359 3267 ἐν
2407 3213 2650 3282 ἐκατέρῳ
2688 3213 3080 3282 σημαινόμενον
3133 3211 3320 3282 μηδενὶ
3364 3213 3554 3282 τρόπῳ
3593 3210 3816 3262 κοινωνεῖν

2299 3303 2435 3373 πρὸς
2456 3303 2517 3354 rb
2549 3303 2753 3372 ἕτερον,
2804 3303 2941 3373 μήτε
2970 3303 3028 3354 ἐν
3067 3301 3252 3371 ὀλίγῳ,
3283 3302 3418 3371 μήτε
3450 3302 3509 3352 ἐν
3540 3298 3739 3352 πλείονι.
3775 3298 3820 3347 '0

2300 3397 2479 3449 τοίνυν
2510 3396 2572 3449 τὸ
2611 3393 2672 3460 ἐξ
2690 3395 2934 3448 ἐναντίου
2980 3395 3262 3464 νοούμενον
3306 3393 3611 3446 ὑποϐαίνειν
3643 3391 3756 3462 πρὸς

2301 3488 2672 3556 ἀντικείμενον
2724 3487 2930 3553 λέγων,
2959 3488 3024 3539 ἐκ
3066 3485 3158 3538 τοῦ
3208 3485 3334 3538 ἰδίου
3377 3483 3656 3556 προαγέτω
3687 3493 3817 3550 «pea-

2301 3579 2451 3631 ώπου
2480 3579 2567 3631 τὸν
2595 3578 2769 3647 λόγον.
2795 3579 2854 3631 '0
2884 3578 2992 3648 γὰρ
3018 3578 3284 3648 ἡμέτερος
3313 3575 3634 3645 ίδιωτισμὺς,
3661 3573 3719 3625 τά
3739 3572 3819 3630 τοῖς

2303 3673 2696 3741 ἀντικειμένοις
2738 3670 3118 3738 ἀναλογοῦντα,
3158 3669 3298 3723 κατά
3337 3668 3393 3720 rb
3419 3665 3540 3720 ἴσον
3571 3669 3673 3727 τοῖς
3709 3678 3819 3733 πρωσ

2303 3763 2574 3827 τοτύποις,
2604 3762 2698 3816 καὶ
2735 3762 2868 3832 πρὸς
2897 3760 3060 3813 ἐαυτά
3097 3760 3241 3828 λέγει
3277 3759 3598 3812 διίστασθαι.
3628 3753 3822 3808 Ὠστεεὶ

2304 3859 2398 3911 καὶ
2424 3856 2501 3928 τῷ
2534 3857 2671 3926 φωτὶ
2689 3856 2787 3926 τὴν
2825 3855 2993 3924 αὐτὴν
3033 3853 3387 3924 παραλλαγὴν
3420 3853 3490 3922 ἦν
3519 3852 3594 3921 τῷ
3629 3845 3824 3917 γεννητῷ

2309 3949 2442 4018 πρὸς
2469 3949 2531 4001 rb
2560 3947 2851 4018 ἀγέννητον
2896 3947 3055 4017 ἐνορᾷ
3083 3948 3111 3999 ὁ
3150 3945 3430 4015 Εὑνόμιος,
3465 3945 3554 3998 τὸν
3607 3941 3825 4012 ἡμέτερον

2307 4040 2719 4110 ἐπαναλήψομαι
2741 4039 2894 4108 λόγον
2913 4054 2928 4067 ·
2957 4039 3036 4091 ὅτι
3064 4039 3138 4100 ὼς
3166 4040 3282 4090 ἐκεῖ
3312 4038 3500 4108 ἕτερον
3520 4037 3615 4106 τῆς
3644 4030 3824 4098 ἀντιφά-

2309 4151 2444 4196 σεως
2484 4133 2646 4205 μέρος
2672 4130 3031 4202 ἀκοινώνητον
3053 4131 3189 4201 πρὸς
3211 4129 3270 4182 τὸ
3298 4128 3664 4199 ἀντικείμενον
3691 4121 3821 4194 μένεν

2307 4226 2476 4289 οὑτως
2498 4226 2652 4296 εἴπερ
2681 4224 2759 4294 τῷ
2783 4225 2863 4276 ἐν).
2887 4223 3040 4295 μέρει
3066 4222 3172 4276 τῶν
3194 4222 3483 4276 ἀντιθέτων
3511 4220 3569 4273 τό
3598 4218 3704 4287 φῶς
3731 4231 3826 4266 συν·

2308 4319 2626 4391 αρμοσθείη,
2649 4317 2710 4370 rb
2739 4317 3054 4387 λειπόμενον
3085 4313 3313 4384 συζυγὲς
3337 4313 3414 4384 τῷ
3447 4312 3621 4381 σκότῳ
3652 4307 3825 4363 πάντως

2310 4409 2753 4480 ἀναδειχθήσεται
2774 4449 2790 4474 ,
2818 4408 2918 4477 τῆς
2959 4406 3298 4476 ἀντιθετικῆς
3332 4405 3580 4474 ἀνάγκης
3597 4398 3827 4462 ἀναλόγως

643 4503 858 4560 manet;
903 4495 1045 4548 hand
1097 4495 1272 4560 aliter,
1315 4495 1583 4566 siquidem
1613 4496 1706 4549 uni
1760 4499 1894 4566 parti
1925 4499 2201 4567 opposito-

2310 4510 2421 4569 τοῖς
2448 4504 2744 4574 προάγουσι
2774 4502 2866 4553 καὶ
2892 4500 2982 4553 τὸν
3020 4497 3113 4552 τοῦ
3143 4499 3315 4569 φωτὸς
3343 4497 3500 4565 λόγον
3524 4495 3653 4566 πρὸς
3685 4490 3736 4542 τὸ
3759 4488 3826 4539 ἀνα

641 4601 764 4640 rum
793 4586 886 4640 lux
930 4595 1212 4657 congruat,
1245 4587 1512 4657 reliquum
1562 4587 1911 4658 conjugatum
1965 4589 2206 4645 tenebris
2269 4599 2272 4603 '

643 4677 1018 4749 proculdubio
1042 4676 1522 4743 demonstrabitur,
1545 4679 1845 4748 oppositiva
1867 4680 2204 4747 necessitate,

643 4771 998 4844 proportione
1040 4770 1226 4825 habita
1284 4785 1416 4826 cum
1456 4771 1929 4841 praecedentibus,
1965 4781 2018 4828 et
2067 4773 2206 4829 lucis

642 4863 910 4918 rationem
961 4862 1027 4917 ad
1075 4861 1380 4933 oppositum
1422 4861 1732 4931 discrepare
1788 4863 2038 4917 faciente.
2083 4861 2207 4918 Haec

622 4969 746 5018 .nos
776 4956 884 5025 qui
922 4955 1130 5024 absque
1166 4944 1362 5009 subtili
1385 4953 1696 5009 disserendi
1727 4955 1936 5010 ratione
1967 4957 2208 5013 scribere

644 5047 1013 5118 aggredimur,
1045 5046 1186 5100 sicut
1209 5045 1282 5100 ait
1312 5046 1402 5101 ille
1425 5048 1516 5116 qui
1540 5062 1640 5101 nos
1663 5048 1951 5103 calumniis
1976 5049 2204 5120 impetit,

645 5140 712 5192 ad
780 5153 978 5191 novum
1028 5137 1395 5192 Pmaniensem
1453 5152 1550 5206 per
1612 5136 1918 5208 indigenam
1972 5139 2207 5209 linguam

646 5227 957 5282 subrustice
1011 5226 1306 5295 loquimur.
1364 5225 1649 5292 Quomodo
1710 5236 1890 5281 autem
1949 5230 2209 5286 adversus

645 5318 1042 5387 oppositionem
1092 5318 1233 5372 hanc
1268 5317 1584 5386 decertavit,
1624 5318 1716 5388 qui
1761 5320 1968 5374 calidos
2007 5321 2127 5376 illos
2155 5331 2210 5377 et

646 5410 824 5475 ignem
861 5411 1133 5476 spirantes
1181 5424 1459 5464 sermones
1499 5424 1599 5478 pro
1642 5425 1742 5464 sua
1790 5409 2204 5467 Demosthenica

644 5500 985 5552 vehementia
1020 5506 1209 5552 contra
1238 5515 1337 5554 nos
1362 5501 1627 5569 projecit?
1650 5501 2077 5573 Quibuseunque
2109 5521 2206 5558 an-

646 5599 754 5645 tem
820 5592 1016 5659 volupe
1061 5599 1146 5645 est
1191 5591 1388 5656 ridere,
1437 5591 1492 5644 in
1541 5593 1656 5662 ipsa
1709 5595 1943 5650 oratoris
2003 5601 2203 5669 scripta

2311 4597 2615 4667 τικείμενον
2644 4593 3074 4663 διαστελλούσης.
3118 4591 3300 4644 Ταῦτα
3329 4593 3491 4660 ἡμεῖς
3509 4630 3522 4653 ,
3551 4590 3598 4640 οἱ
3640 4586 3743 4653 δίχα
3763 4580 3827 4630 10-

2313 4687 2474 4757 γικῆς
2517 4686 2820 4757 ἐντρεχείες
2866 4683 3265 4753 ἐπιχειροῦντες
3298 4682 3374 4749 τῷ
3404 4681 3661 4751 γράφειν,
3685 4670 3826 4730 καθώς

2315 4797 2477 4850 φησιν
2503 4781 2531 4832 ὁ
2549 4777 2844 4833 διαϐάλλων
2883 4777 3048 4846 ἡμᾶς,
3072 4774 3205 4844 πρὸς
3228 4774 3316 4826 τὸν
3349 4773 3464 4825 νέον
3495 4767 3737 4824 Παιανιέα
3763 4761 3826 4813 διὰ

2312 4871 2412 4941 τῆς
2445 4870 2732 4941 ἐπιχωρίου
2752 4867 2996 4938 γλώττης
3025 4865 3503 4936 ὑπαγροικίζομεν.
3520 4862 3637 4923 Πῶς
3654 4858 3704 4910 δὲ
3725 4853 3829 4923 πρὸς

2312 4965 2411 5035 τὴν
2467 4963 2736 5017 ἀντίθεσιν
2787 4960 2986 5030 ταύτην
3038 4958 3418 5031 διηγωνίσατο,
3458 4956 3583 5017 τοὺς
3638 4947 3826 5019 θερμΰῖις

2314 5057 2554 5120 ἐκείνους
2585 5055 2679 5108 καὶ
2711 5052 2819 5124 πῦρ
2851 5053 3110 5113 πνέοντας
3149 5051 3338 5119 λόγους
3384 5047 3520 5102 κατά
3562 5044 3655 5115 τὴν
3686 5045 3824 5108 Δημο-

2265 5163 2270 5166 ‘
2312 5149 2560 5216 σθενικὴν
2585 5147 2826 5200 εὐτονίαν
2865 5144 2984 5198 καθ’
3011 5144 3168 5215 ἡμῶν
3205 5141 3662 5212 προϐαλλόμενοςς
3687 5135 3828 5186 Ὀσοις

2310 5241 2430 5294 καθ’
2479 5241 2666 5311 ἡδονήν
2723 5240 2836 5291 ἐστι
2884 5238 2944 5291 τὸ
2995 5238 3180 5307 γελᾷν,
3227 5237 3406 5298 αὑτοῖς
3461 5226 3825 5301 ἐπερχέσθωσαν

2313 5337 2424 5397 τοῖς
2476 5331 2877 5404 γεγραμμένοις
2916 5330 2994 5401 τῷ
3047 5332 3252 5401 ῥήτορι.
3299 5327 3373 5380 Tb
3418 5325 3525 5395 γὰρ
3575 5321 3824 5404 ἡμέτερῡντ

2317 5425 2451 5495 πρὸς
2499 5403 2595 5495 μὲν
2643 5424 2860 5493 ἔλεγχον
2903 5422 3010 5476 τῶν
3055 5423 3152 5493 τῆς
3188 5418 3437 5481 ἀσεϐείας
3476 5413 3755 5485 δογμάτων.
3782 5403 3827 5454 οὒ

2311 5518 2430 5570 λίαν
2474 5515 2790 5586 δυσκίνητον
2821 5530 2833 5542 ·
2886 5513 3020 5586 πρὸς
3057 5513 3113 5566 δὲ
3161 5511 3222 5565 τὸ
3276 5509 3554 5580 κωμῳδεῖν
3597 5505 3688 5574 τὴν
3719 5500 3826 5567 ἀμι-

2313 5609 2431 5662 θίαν
2463 5608 2571 5661 τῶν
2611 5607 2947 5660 ἀπαιδεύτων
2965 5648 2977 5670 ,
3006 5605 3282 5668 παντελῶς
3313 5605 3456 5656 ὲστιν
3486 5591 3824 5663 ἀνεπιτήδειον·

650 5683 882 5735 irruant.
934 5681 1088 5747 Quod
1149 5684 1294 5736 enim
1349 5694 1593 5737 nostrum
1648 5691 1754 5747 est,
1807 5686 1873 5740 ad
1953 5687 2196 5751 imnietat

2323 5701 2539 5771 quidem
2595 5700 2936 5765 decretogum
2995 5697 3372 5752 refutationem
3427 5708 3533 5749 non
3587 5689 3724 5744 valde
3763 5686 3826 5738 est

650 5775 851 5869 lentum
880 5782 932 5828 et
959 5791 1156 5845 segne;
1184 5777 1249 5830 ad
1279 5776 1564 5869 ridendam
1589 5794 1717 5833 vero
1741 5790 1793 5835 et
1817 5785 2192 5862 mordendam,
2223 5804 2480 5869 tanquam
2532 5797 2588 5853 in
2621 5796 2914 5861 comoedia,
2982 5793 3328 5850 indoctorum
3369 5790 3666 5855 inscitiam,
3699 5787 3824 5855 ριιιιε

647 5874 731 5922 est
775 5867 1034 5937 ineptum,
1067 5883 1168 5925 nec
1217 5867 1326 5923 ullo
1361 5869 1520 5926 modo
1559 5869 1832 5928 idoneum.
