4034 6464
224 281 330 342 909

1173 443 1425 459 ~—

1281 288 1552 344 CONTRA
1599 288 1979 362 EUNOMIUM,
2027 292 2156 348 LIB.
2203 295 2311 350 XII.

3362 301 3465 360 910

1434 447 3424 478 Ἦ..-

1139 597 1314 649 ΠΡΟΣ
1349 595 1482 651 TON
1540 599 1898 655 ΕΥΝοΜῐΟΥ
1938 600 2295 654 ΔΕΥΤΕΡΟΝ
2338 602 2559 658 ΛΟΓΟΝ

1563 774 1924 858 ΛΟΓΟΣ
1999 771 2149 857 113'-

1074 1073 1347 1163 sdxrna
1440 1109 1724 1165 EUNOMII
1798 1110 2166 1169 SECUNDAM
2226 1081 2625 1168 onarloncu

847 1255 1170 1366 LIBRI
1228 1281 1900 1375 DUODECIMI
1998 1289 2284 1376 PARS
2355 1287 2850 1413 ALTERA,

753 1438 842 1524 1N
929 1440 1366 1541 QUIBUSDAM
1448 1475 1852 1534 CODICIBUS
1923 1478 2146 1532 LIBER
2223 1480 2556 1537 DECIMUS
2643 1480 2974 1537 manus;

1838 1659 1905 1672 ~

313 1777 396 1830 Τὰ
449 1774 546 1846 μὲν
589 1776 652 1846 δὴ
703 1778 892 1849 πρῶτα
940 1779 1050 1834 τῶν
1091 1779 1226 1853 πρὸς
1272 1781 1533 1853 Εὐνόμιον
1566 1782 1811 1852 ἀγώνων,

1987 1787 2105 1842 Jam
2138 1787 2353 1858 quidem
2390 1789 2572 1844 divino
2613 1783 2825 1844 favente
2857 1791 3058 1845 auxilio
3103 1793 3473 1860 superioribus

241 1869 444 1932 ἱκανῶς
481 1869 581 1939 ἤδη
630 1870 770 1923 κατά
816 1870 965 1924 Θείαν
1009 1873 1322 1943 συμμαχίαν
1347 1875 1403 1926 ἐν
1430 1876 1540 1937 τοῖς
1571 1875 1809 1942 φθάσασι

239 1952 522 2033 διήνυσται
559 1962 739 2026 πόνοις
758 1979 772 1993 ο
800 1963 1088 2036 καθώσπερ
1118 1963 1235 2018 ἔστι
1263 1969 1372 2029 τοῖς
1405 1966 1738 2036 βουλομένοις
1759 1967 1818 2033 ἐξ

240 2055 425 2108 αὐτῶν
472 2057 602 2126 ἡμῖν
647 2055 754 2108 τῶν
799 2055 1184 2126 πεπονημένων
1233 2057 1619 2126 μαθεῖν,ὅπως
1655 2061 1710 2111 ὲν
1741 2059 1819 2129 τῷ

240 2147 496 2217 ⁸προτέρῳ
530 2146 637 2199 τῶν
662 2146 854 2214 λόγων,
889 2148 923 2217 ἡ
956 2146 1138 2217 ἀπάτη
1182 2149 1321 2200 κατά
1356 2150 1553 2219 κράτος
1596 2149 1815 2220 ἐλήλεγ-

241 2248 392 2301 κται,
439 2240 532 2291 καὶ
559 2238 808 2308 οὐδεμίαν
844 2239 996 2309 ἰσχὺν
1022 2238 1100 2291 ἔτι
1147 2239 1288 2292 κατά
1319 2240 1418 2309 τῆς
1463 2241 1716 2311 ἀληθείας
1759 2243 1818 2294 ἐν

243 2333 358 2392 τοῖς
390 2329 773 2400 ὲξητασμένοις
815 2329 876 2384 τὸ
916 2329 1108 2399 ψεῦδος
1151 2331 1262 2401 ἔχει
1288 2371 1302 2394 ,
1333 2335 1444 2393 τοῖς
1481 2349 1544 2400 γε
1581 2333 1654 2402 μὴ
1698 2333 1818 2387 λίαν

244 2420 502 2491 ἐκθύμως
545 2421 956 2491 ἀναισχυντοῦσι
984 2422 1119 2495 πρὸς
1159 2424 1258 2492 τὴν
1286 2423 1559 2493 ἀλήθειαν.
1598 2424 1811 2497 Ἐπειδὴ

243 2511 302 2564 δὲ
325 2512 418 2564 καὶ
441 2511 688 2583 δεύτερος
715 2512 861 2582 αὐτῷ
892 2513 1033 2568 κατὰ
1052 2514 1149 2583 τῆς
1171 2513 1447 2577 εὐσεϐείας
1479 2509 1587 2566 οἷόν
1608 2531 1688 2578 τις
1718 2515 1814 2587 λῃ-

249 2597 470 2673 στρικὸς
500 2602 928 2676 συγκεκρότηται
962 2604 1116 2670 λόγος
1138 2621 1152 2634 ο
1193 2605 1352 2658 πάλιν
1386 2605 1477 2657 τοῦ
1517 2596 1649 2658 Θεοῦ
1677 2622 1816 2674 συμ-

252 2690 550 2760 μαχοῦντος
599 2692 666 2745 δι’
697 2693 852 2764 ἡμῶν
905 2695 937 2765 ἡ
993 2693 1215 2764 ἀλήθεια
1263 2697 1328 2765 τῇ
1373 2694 1672 2766 παρατάξει
1710 2696 1818 2748 τῶν

245 2783 459 2854 ἐχθρῶν
487 2783 899 2849 ἀνθοπλίζεται,
943 2783 1190 2856 καθάπερ
1221 2803 1304 2848 τις
1353 2786 1652 2857 στρατηγὸς
1688 2779 1820 2859 προ-

248 2875 634 2946 καθηγουμένη
685 2875 792 2929 τῶν
847 2876 1129 2948 ἡμετέρων
1183 2877 1354 2945 λόγων
1384 2919 1400 2942 ,
1426 2879 1517 2931 καὶ
1571 2877 1706 2949 πρὸς
1757 2878 1817 2931 τὸ

249 2967 442 3020 δοκοῦν
481 2969 644 3038 ἑαυτῇ
671 2966 810 3022 κατά
827 2967 933 3021 τῶν
958 2967 1228 3039 πολεμίων
1265 2969 1593 3022 εὐθύνουσα·
1699 2969 1817 3022 κατ’

250 3059 399 3128 τχνος
429 3060 709 3130 ἑπόμενοι,
741 3057 1082 3131 θαρρούντως
1111 3061 1224 3123 τοῖς
1255 3059 1524 3130 δευτέροις
1548 3059 1654 3112 τῶν
1677 3060 1821 3128 ἀγώ-

1920 1879 2194 1932 laboribus
2223 1879 2394 1948 prima
2420 1887 2612 1932 contra
2655 1879 2982 1933 Eunomium
3019 1883 3314 1936 certamina
3347 1897 3475 1934 con-

1919 1970 2058 2022 fecta
2095 1977 2241 2034 sunt,
2276 1970 2418 2023 sicut
2452 1969 2536 2024 his
2571 1971 2664 2039 qui
2705 1971 2975 2024 voluerint
3007 1986 3073 2026 ex
3103 1973 3188 2028 his
3222 1972 3475 2041 operibus

1917 2074 2037 2126 quae
2081 2059 2478 2114 elaboravimus
2534 2059 2657 2114 licet
2721 2058 3030 2129 perdiscere
3087 2062 3358 2131 quomodo
3421 2062 3476 2114 in

1917 2149 2098 2216 priore
2136 2151 2445 2203 sermonum
2496 2161 2648 2220 parte
2696 2165 2849 2205 error
2905 2160 3155 2220 potenter
3206 2153 3474 2207 relutatus

1917 2242 2018 2303 est,
2071 2255 2246 2310 neque
2290 2241 2459 2294 ullum
2519 2242 2753 2310 amplius
2793 2243 2960 2297 robur
3016 2242 3283 2299 adversus
3333 2247 3480 2300 vcri-
3538 2261 3552 2282 ο

1917 2333 2133 2386 ritatem
2169 2332 2222 2385 in
2263 2332 2349 2388 his
2385 2347 2505 2402 quae
2558 2343 2686 2388 sunt
2731 2335 3037 2388 examinata
3068 2342 3124 2389 et
3166 2336 3477 2406 disquisita,

1919 2423 2080 2477 habet
2129 2423 2496 2486 mendacium,
2545 2423 2686 2494 apud
2737 2439 2833 2478 eos
2878 2426 2968 2494 qui
3016 2441 3124 2478 non
3182 2424 3339 2479 valde
3365 2426 3482 2479 ani-

1917 2529 2070 2569 mose
2110 2524 2300 2568 contra
2328 2517 2609 2568 veritatem
2651 2523 2780 2568 sunt
2807 2516 3172 2585 impudentes.
3209 2517 3480 2582 Quoniam

1921 2620 2050 2660 vero
2087 2605 2360 2660 secundus
2403 2605 2554 2658 labor
2585 2606 2652 2659 ab
2695 2620 2761 2659 eo
2801 2615 2990 2660 contra
3031 2607 3281 2676 pietatem
3316 2609 3480 2663 veluti

1918 2697 2297 2767 pmdatorium
2332 2696 2600 2766 quoddam
2658 2711 2851 2767 agmen
2908 2697 3170 2752 collectus
3210 2707 3328 2764 est;
3363 2713 3484 2752 rur-

1919 2796 2036 2850 s'us,
2072 2787 2181 2842 Deo
2220 2786 2538 2857 opitulante,
2580 2803 2674 2857 per
2702 2803 2800 2842 nos
2839 2788 3108 2842 instructa
3142 2791 3259 2844 acie
3291 2798 3482 2855 contra

1919 2881 2102 2935 hostes
2131 2887 2372 2934 armatur
2393 2879 2614 2943 veritas,
2638 2893 2702 2931 ac
2729 2893 2827 2934 ceu
2858 2878 3104 2949 quasdam
3131 2878 3238 2933 dux
3268 2891 3478 2934 nostro.

1919 2985 2039 3024 rum
2083 2985 2395 3026 sermonum
2435 2969 2824 3039 propugnatrix
2854 2969 3028 3039 praeit,
3065 2976 3246 3038 atque,
3283 2978 3342 3023 ut
3377 2969 3482 3024 sibi

1919 3059 2155 3125 videtur,
2213 3068 2404 3114 contra
2449 3060 2634 3114 hostes
2668 3059 2874 3129 dirigit,
2906 3075 3068 3130 quam
3112 3068 3212 3116 no’s
3257 3076 3287 3115 e
3318 3061 3486 3116 vesti-

249 3169 360 3204 νων
410 3151 883 3221 ὲπιτολμήσομεν,
914 3149 1062 3206 οὐδὲν
1107 3148 1545 3220 καταπλαγέντες
1586 3153 1683 3222 τὴν
1727 3151 1818 3205 τοῦ

1926 3152 2011 3220 gio
2055 3158 2348 3221 sequentes
2394 3149 2730 3204 conﬁdenter
2786 3151 3041 3206 secundis
3091 3151 3486 3206 certaminibus

153 3249 156 3252 ⁴
249 3242 480 3313 ψεύδους
521 3240 859 3312 παράταξιν,
888 3239 994 3296 κᾶν
1029 3242 1085 3294 ἐν
1116 3241 1309 3312 πλήθει
1354 3242 1712 3313 προφαίνηται
1741 3242 1823 3295 λό-

249 3347 388 3398 γων.
415 3330 608 3393 Πιστὸς
640 3330 748 3401 γὰρ
786 3331 814 3384 ό
839 3329 1300 3401 ἐπαγγειλάμενος
1342 3330 1542 3400 χιλίους
1580 3332 1667 3398 ὐφ’
1702 3331 1822 3395 ἐνὸς

249 3421 668 3492 διωχθήσεσθαι,
698 3421 791 3475 καὶ
827 3420 1088 3493 μυριάδας
1121 3421 1226 3474 ὐπὸ
1259 3421 1350 3474 δύο
1394 3421 1822 3492 μετακινηθήσε-

255 3511 410 3566 σθαι’
441 3513 516 3574 ὡς
550 3511 648 3580 τῆς
674 3509 971 3575 εὐσεϐείας,
1004 3512 1064 3564 οὐ
1085 3511 1184 3581 τῆς
1215 3510 1560 3582 πολυχειρίας
1595 3510 1824 3581 ἐχούσης

251 3603 319 3657 τὺ
351 3601 492 3656 κατά
524 3601 756 3672 πόλεμον
786 3601 1001 3671 κράτος.
1032 3601 1245 3671 ’Ὠσπερ
1281 3601 1310 3652 ὁ
1347 3601 1684 3671 πολύσαρκος
1737 3602 1827 3656 Γο-

253 3694 405 3758 λιὰθ,
426 3693 523 3765 τὴν
553 3694 773 3764 βαρεῖαν
804 3693 1017 3761 ἐκείνην
1045 3694 1154 3755 τοῖς
1192 3693 1544 3764 Ἰσραηλίταις
1573 3695 1826 3748 ἐπισείων

256 3785 486 3856 αἰχμὴν,
510 3785 760 3855 οὐδεμίαν
794 3784 1036 3855 ἐπήγαγε
1068 3782 1266 3836 δειλίαν
1299 3783 1452 3854 ἀνδρὶ
1477 3785 1691 3856 ποιμένι
1732 3788 1826 3839 καὶ

257 3875 579 3945 ἀμελετήτῳ
613 3874 711 3945 τῆς
749 3872 1046 3942 πολεμικῆς
1100 3872 1423 3944 εὐστροφίας
1458 3891 1472 3904 ο
1498 3867 1542 3941 ᾧ
1584 3875 1828 3945 συμπλα-

258 3965 553 4029 κεὶς-κατὰ
565 3968 664 4036 τὴν
689 3966 868 4037 μάχην
899 3964 1167 4034 ἀκέφαλος
1182 3966 1409 4035 γίνεται,
1432 3966 1570 4038 πρὸς
1596 3967 1826 4020 τούναν-

259 4059 376 4113 τίον
411 4058 558 4127 αὐτῷ
589 4058 687 4126 τῆς
733 4057 943 4120 ἐλπίδος
988 4057 1472 4129 περιστραφείσης.
1523 4057 1627 4111 Τὸν
1671 4057 1828 4111 αὐτὸν

260 4152 463 4226 τρόπον
491 4152 583 4204 καὶ
607 4151 634 4202 ὁ
655 4149 773 4203 καθ’
804 4151 951 4220 ἡμᾶς
969 4148 1159 4202 Γολιάθ
1185 4149 1214 4202 ό
1240 4150 1340 4219 τῆς
1373 4149 1667 4218 ἀλλοφύλου
1696 4147 1830 4201 καθ-

261 4243 561 4318 ηγούμενος
605 4241 854 4311 γνώσεως
881 4281 896 4304 ,
931 4240 1218 4312 πρόκωπόν
1246 4258 1305 4293 τε
1357 4241 1448 4294 καὶ
1474 4240 1682 4310 γυμνὴν
1718 4233 1830 4295 οἷόν

261 4353 386 4390 τινα
407 4333 679 4406 ῥομφαίαν
707 4331 803 4403 τὴν
827 4332 1173 4403 βλασφημίαν
1213 4333 1326 4395 τοῖς
1362 4331 1832 4402 ἀντιτεταγμένοις

1919 3243 2263 3306 andebimus,
2310 3241 2447 3296 nihil
2491 3239 2914 3296 reformidantes
2957 3240 3280 3295 instructam
3332 3256 3486 3294 men-

1919 3333 2062 3388 dacii
2081 3333 2272 3393 aciem,
2297 3332 2510 3387 etiamsi
2534 3331 2884 3386 multitudine
2911 3344 3224 3385 sermonum
3245 3341 3485 3385 nostram

1922 3439 2186 3495 superare
2220 3423 2490 3478 videatur.
2528 3423 2731 3477 Fidelis
2761 3424 2905 3477 enim
2935 3424 3025 3493 qui
3067 3423 3314 3492 promisit
3343 3423 3489 3475 mille

1923 3517 1991 3571 ab
2035 3531 2142 3570 uno
2196 3514 2626 3586 persequendos,
2667 3523 2722 3569 et
2761 3515 2946 3569 decem
2993 3514 3160 3568 millia
3204 3529 3234 3565 a
3277 3511 3488 3566 duobus

1925 3608 2284 3679 proﬂigandos
2326 3624 2449 3663 esse
2491 3609 2530 3671 ⁸,
2594 3608 2721 3677 quia
2764 3607 2936 3676 pietas
2986 3621 3093 3659 non
3127 3621 3157 3658 a
3203 3620 3490 3659 numerosa

1925 3715 2086 3755 manu
2137 3699 2304 3753 robur
2353 3697 2419 3751 ad
2456 3699 2655 3752 bellum
2710 3698 2971 3751 obtineat.
3029 3695 3488 3761 Quemadmodum

1926 3791 2018 3845 ille
2052 3788 2408 3858 corpulentus
2443 3785 2654 3841 Goliath
2694 3801 2914 3857 gravem
2961 3786 3106 3840 illam
3135 3785 3190 3838 in
3221 3781 3492 3838 lsraclitas

1926 3880 2208 3952 cuspidem
2231 3879 2551 3941 obvibrans,
2581 3877 2791 3932 nullum
2825 3879 3056 3932 incussit
3083 3884 3344 3931 terrorem
3374 3877 3492 3929 viro

1929 3973 2153 4041 pastori,
2203 3969 2411 4024 bellica:
2456 3966 2816 4022 volubilitatis
2849 3965 2974 4019 rudi
3027 3975 3188 4034 atque
3220 3965 3489 4032 imperito,

1928 4080 1958 4117 a
2003 4078 2112 4133 quo
2165 4068 2459 4116 consertus
2509 4059 2564 4113 in
2594 4073 2772 4128 pugna
2809 4058 2987 4126 capite
3010 4056 3365 4110 obtruncatus
3387 4064 3490 4116 est,

1928 4155 1985 4210 in
2021 4153 2356 4209 contrarium
2389 4152 2437 4206 ei
2465 4165 2559 4220 spe
2591 4163 2856 4203 conversa
2890 4166 2903 4200 :
2941 4146 3128 4200 eodem
3159 4155 3304 4200 certe
3335 4145 3494 4200 modo

1931 4247 2019 4302 hic
2065 4253 2252 4301 noster
2297 4243 2532 4306 Goliath,
2576 4242 2692 4311 qui,
2739 4239 2932 4294 aliena:
2964 4250 3017 4292 et
3069 4238 3362 4308 peregrinae
3403 4253 3494 4292 co-

1928 4338 2184 4410 gnitionis
2222 4336 2331 4392 dux
2374 4344 2429 4389 et
2477 4341 2688 4397 auctor,
2744 4329 2995 4400 capulum
3039 4329 3348 4384 districtum
3396 4346 3498 4383 nu-

264 4429 593 4500 προτείνων,
627 4427 721 4480 καὶ
752 4426 1010 4491 στίλϐων,
1040 4426 1155 4496 ἅμα
1179 4429 1298 4489 τοῖς
1335 4425 1643 4496 νεοθήκτοις
1679 4421 1832 4491 σοφί-

1933 4429 2174 4499 dumque
2200 4428 2348 4482 velut
2373 4440 2559 4480 ensem
2593 4433 2781 4478 tenens
2809 4421 3131 4491 sacrilegum
3164 4420 3497 4490 impiumque

267 4535 497 4589 σμασιν,
546 4518 644 4572 οὐκ
699 4517 870 4588 ἐφάνη
914 4517 1139 4586 φοϐερὸς
1190 4517 1283 4569 καὶ
1339 4515 1666 4586 δυσάντητος
1720 4514 1831 4578 τοῖς

1935 4518 2239 4572 convicium
2273 4515 2558 4585 pratendit
2601 4522 2655 4569 et
2705 4528 2897 4568 recens
2942 4511 3118 4566 acutis
3147 4511 3498 4582 sophismatis

269 4611 506 4674 ἰδιώταις
524 4613 674 4682 ἡμῖν,
714 4611 788 4674 ὠς
817 4611 933 4664 κατ’
960 4608 1203 4674 ἐξουσίαν
1237 4607 1380 4678 ἔχειν
1415 4607 1575 4662 αὐτὸν
1607 4609 1672 4676 τῇ
1705 4605 1834 4675 ἐρη-

269 4703 372 4774 μίᾳ
411 4702 520 4755 τῶν
576 4701 987 4755 ἀντιϐαινόντων
1038 4697 1467 4770 ὲπικομπάζειν·
1508 4697 1622 4750 ἀλλ’
1675 4690 1832 4768 εὗρεν

266 4795 418 4865 ἡμᾶς
445 4795 509 4846 ἐκ
531 4794 630 4862 τῆς
655 4791 749 4845 τοῦ
786 4790 990 4862 Κυρίου
1021 4790 1253 4860 ποίμνης
1284 4788 1654 4858 αὐτοσχεδίους
1675 4786 1831 4840 πολε-

273 4882 493 4956 μιστάς,
519 4883 645 4945 τοὺς
691 4880 825 4952 μήτε
880 4880 1144 4950 μαθόντας
1197 4877 1538 4949 λογομαχεῖν,
1569 4877 1701 4946 μήτε
1734 4875 1830 4944 ζη-

273 4973 406 5042 μίαν
430 4970 490 5024 τὸ
519 4971 592 5042 μὴ
617 4969 988 5042 μεμαθηκέναι
1014 4969 1349 5038 νομίζοντας,
1372 4967 1632 5020 ἰδιωτικόν
1653 4982 1708 5018 τε
1736 4965 1832 5020 καὶ

271 5062 656 5134 ἁγροικίζοντα
703 5061 793 5114 τὸν
841 5059 996 5128 λόγον
1047 5061 1144 5130 τῆς
1193 5058 1449 5128 ἀληθείας
1505 5057 1624 5110 κατ’
1670 5056 1831 5110 αὐτοῦ

275 5155 754 5225 σφενδονήσαντας.
793 5152 1006 5223 Ἐπειδὴ
1040 5153 1218 5206 τοίνυν
1257 5151 1350 5204 καὶ
1384 5152 1413 5202 ὁ
1449 5148 1834 5221 μνημονευθεὶς

275 5247 482 5307 ἐκεῖνος
512 5245 714 5316 ποιμὴν
740 5247 806 5316 τῇ
848 5242 1104 5315 σφενδόνῃ
1140 5240 1454 5295 καταϐαλὼν
1483 5240 1572 5292 τὸν
1603 5239 1834 5306 ἀλλόφυ-

1938 4607 2172 4671 micans,
2200 4606 2362 4661 nobis
2387 4603 2728 4674 simplicibus
2755 4611 2810 4657 et
2837 4602 3068 4658 indoctis
3099 4617 3205 4656 non
3237 4611 3321 4657 est
3348 4603 3498 4655 visus

1936 4697 2217 4759 terribilis,
2261 4711 2437 4766 neque
2485 4693 2726 4748 occurrit
2775 4691 3156 4756 formidabilis,
3189 4692 3261 4744 ita
3305 4702 3362 4744 ut
3401 4703 3498 4759 pro

1938 4803 2039 4844 suo
2087 4788 2312 4844 arbitrio
2375 4787 2493 4857 ipse
2557 4785 2972 4856 repugnantium
3046 4785 3268 4853 penuria
3329 4783 3495 4850 possit

1939 4881 2236 4937 insolenter
2276 4896 2336 4936 se
2379 4880 2618 4950 jactare;
2667 4878 2761 4934 sed
2816 4892 2917 4932 nos
2971 4891 3037 4930 ex
3085 4875 3295 4928 Domini
3339 4889 3500 4943 grege

1938 4973 2095 5044 quasi
2145 4971 2531 5027 tumultuarios
2579 4979 2636 5026 et
2689 4986 2755 5024 ex
2808 4979 3046 5038 tempore
3094 4965 3306 5020 oblatos
3335 4965 3500 5019 bella-

1940 5074 2086 5118 tores
2120 5072 2312 5117 nactus
2341 5068 2446 5125 est,
2485 5058 2578 5128 qui
2619 5072 2797 5127 neque
2823 5057 3004 5111 verbis
3045 5056 3373 5112 contendere
3413 5056 3500 5109 di-

1939 5153 2193 5214 dicimus,
2241 5165 2417 5219 neque
2450 5163 2559 5202 non
2599 5147 2855 5202 didicisse
2881 5147 3104 5200 multam
3127 5146 3210 5200 vel
3240 5145 3496 5200 damnum

1941 5242 2338 5302 existimamus,
2363 5237 2628 5307 plebeium
2651 5244 2706 5289 et
2728 5234 2988 5289 rusticum
3028 5249 3332 5290 sermonem
3363 5252 3498 5290 con-

274 5335 395 5399 λον,
422 5335 822 5405 ύποῤῥαγείσης
855 5332 931 5405 τῷ
958 5333 1088 5403 λίθῳ
1134 5333 1232 5402 τῆς
1275 5329 1718 5401 περικεφαλαίας,
1745 5328 1839 5382 καὶ

1947 5344 2031 5389 tra
2074 5334 2250 5403 ipsum
2301 5331 2445 5385 velut
2480 5327 2830 5384 fuit-libularii
2877 5327 3201 5395 iaculantes.
3233 5327 3500 5394 Quoniam

274 5426 416 5498 πρὸς
443 5425 541 5497 τὴν
583 5425 704 5496 βίαν
737 5426 834 5496 τῆς
877 5425 1035 5496 βολῆς
1061 5425 1194 5496 πρὸς
1219 5425 1286 5479 τὰ
1324 5425 1469 5488 ἐντὸς
1494 5422 1835 5494 διασχούσης,

274 5517 340 5570 οὐ
372 5515 560 5570 τοῦτον
589 5517 881 5586 ἐποιήσατο
926 5517 1022 5586 τῆς
1065 5516 1428 5588 ἀνδραγαθίας
1478 5515 1565 5569 τὸν
1602 5516 1744 5585 ὅρον,
1779 5515 1838 5566 τὸ

361 5690 377 5720 ¹
411 5688 564 5743 Deut.
598 5705 767 5745 sun.
802 5691 883 5745 30.

1947 5427 2112 5497 igitur
2156 5423 2244 5477 ille
2270 5421 2381 5490 jam
2425 5425 2883 5474 commcmoratus
2933 5425 3120 5486 pastor
3174 5417 3336 5472 l'umla
3381 5433 3502 5486 per-

1945 5528 2106 5569 cusso
2134 5511 2456 5581 alienigena,
2475 5515 2528 5562 ct
2553 5505 2702 5577 galea
2730 5512 2979 5560 contorto
3003 5505 3178 5575 lapide
3210 5506 3500 5576 perfracta,
