4034 6468
613 341 712 396 θιι

1851 338 1908 395 S.
1958 341 2288 398 CIIEGURII
2345 342 2641 399 NYSSENI
3725 359 3805 417 9|!

611 472 667 518 et
708 462 775 517 ad
804 461 1112 517 violentiam
1142 460 1323 530 jactus
1356 463 1423 516 ad
1460 464 1647 516 intima
1679 463 2044 527 discindente,
2082 480 2193 518 non

2309 465 2429 517 ἰδεῖν
2453 468 2511 518 ὲν
2550 464 2803 536 πτώματι
2838 466 2899 519 τὸ
2952 468 3206 539 πολέμιον
3238 484 3253 501 ·
3290 469 3401 522 ἀλλ’
3436 469 3717 543 ἐπιδραμὼν
3740 478 3809 531 καὶ

614 552 761 609 hunc
798 555 925 610 fecit
973 555 1320 610 strenuitatis
1363 556 1680 621 terminum,
1722 564 1780 609 ut
1815 556 2027 611 hostem
2058 571 2189 626 pro-

617 654 849 701 stratum
878 647 1108 712 videret,
1155 646 1249 702 sed
1300 647 1505 717 impetu
1546 648 1691 703 facto
1727 649 1905 719 capite
1938 649 2194 704 adversa-

614 740 760 793 rium
817 740 1112 808 spoliatum
1163 741 1338 793 victor
1382 740 1683 809 trophzcum
1729 740 1909 795 ferens
1955 740 2022 793 ad
2064 756 2195 796 suos

615 830 800 892 rediit,
853 830 1262 901 magniloquum
1296 831 1425 884 illud
1467 839 1631 899 caput
1668 832 1733 884 ad
1762 846 1987 885 suorum
2016 832 2194 885 tribu-

617 923 750 977 lium
797 923 1100 978 exercitum
1162 930 1471 992 reportans.
1530 921 1612 976 0b
1662 936 1780 977 eam
1819 937 2042 976 causam
2094 938 2195 977 nos

617 1015 781 1069 etiam
809 1015 963 1070 decet
986 1016 1040 1069 in
1074 1016 1382 1085 exemplum
1412 1014 1543 1068 illud
1578 1015 1851 1069 intuentes
1882 1031 1991 1069 nou
2020 1016 2196 1071 lentos

619 1108 687 1161 ad
717 1106 988 1161 secundos
1017 1122 1298 1161 sermones
1332 1106 1736 1170 remollescere,
1786 1107 1903 1169 sed,
1930 1115 2196 1177 quantum

618 1198 861 1252 maxime
885 1198 1031 1261 licet,
1057 1197 1568 1268 praestantissimam
1604 1198 1751 1251 illam
1780 1198 1999 1253 Davidis
2025 1200 2197 1254 actio-

618 1306 744 1345 nem
782 1289 1004 1355 imitari,
1054 1304 1118 1345 ac
1168 1290 1420 1346 similiter
1472 1298 1595 1360 post
1646 1289 1884 1359 primum
1939 1291 2106 1345 ictum
2142 1291 2198 1346 in

620 1382 833 1438 hostem
866 1381 1137 1450 jacentem
1170 1382 1477 1447 incurrere,
1518 1390 1577 1435 ut
1614 1384 1794 1451 capite
1835 1384 2197 1439 obtruncatus

621 1484 675 1530 et
709 1478 1024 1538 destitutus,
1048 1476 1295 1531 veritatis
1318 1475 1612 1545 perduellis
1636 1476 1900 1531 videatur.
1923 1476 2025 1543 Qui
2052 1478 2197 1531 enim

621 1582 652 1622 a
696 1567 801 1623 ﬁde
827 1568 1077 1622 divulsus
1120 1576 1223 1632 est,
1277 1575 1442 1636 caput
1474 1567 1644 1636 magis
1692 1568 1854 1621 habet
1889 1568 2199 1622 abscissum

620 1670 676 1716 et
709 1677 737 1715 a
780 1662 993 1715 cervice
1024 1660 1298 1713 revulsum
1337 1675 1501 1729 quant
1555 1660 1645 1713 ille
1690 1661 2015 1730 alienigena.
2054 1659 2201 1726 Quo-

621 1754 769 1808 niam
848 1752 1033 1806 Omnis
1085 1752 1183 1805 viri
1248 1759 1405 1821 caput
1457 1759 1537 1804 est
1592 1748 1855 1814 Christus,
1925 1751 2068 1806 sicut
2125 1750 2201 1803 ait

620 1848 920 1917 Apostolus
969 1849 1011 1909 ³,
1056 1845 1231 1899 virum
1286 1852 1466 1899 autem
1513 1843 1721 1899 ﬁdelem
1781 1844 2004 1897 Omnino
2057 1842 2199 1897 veri-

622 1938 801 1993 simile
841 1946 925 1992 est
964 1936 1265 1991 nominari:
1297 1949 1407 1989 non
1448 1935 1593 1988 enim
1624 1933 1923 1987 inﬁdelium
1951 1931 2201 1985 Christus

622 2038 787 2099 caput
842 2042 964 2082 esse
1013 2033 1191 2096 potest
1221 2040 1235 2076 :
1265 2024 1359 2096 qui
1400 2039 1430 2078 a
1479 2025 1583 2079 ﬁde
1630 2024 1927 2079 servatrice
1972 2038 2201 2092 prorsus

620 2122 895 2176 rescissus
925 2127 1028 2186 est,
1086 2119 1261 2187 capite
1295 2125 1465 2179 caret,
1522 2117 1664 2170 haud
1697 2131 1859 2171 secus
1908 2130 2068 2184 quam
2116 2114 2204 2168 ille

622 2210 838 2267 Goliath
879 2227 981 2267 suo
1034 2211 1217 2280 gladio
1268 2210 1575 2279 jugulatus.
1614 2224 1775 2279 quem
1808 2208 2073 2262 adversus
2107 2223 2204 2261 ve-

624 2306 842 2360 ritatem
877 2312 1189 2367 exacuerat,
1232 2317 1264 2357 a
1314 2317 1444 2358 vero
1484 2303 1664 2372 capite
1694 2302 2026 2369 diremptus;
2058 2299 2203 2369 quod

624 2406 788 2468 caput
837 2414 945 2452 non
994 2404 1300 2466 amputare,
1345 2395 1440 2450 sed
1472 2395 1541 2449 ab
1568 2395 1689 2465 ejus
1731 2392 1979 2449 humeris
2013 2408 2205 2463 ampu-

624 2498 796 2545 tatum
847 2491 1024 2561 palam
1077 2497 1388 2544 monstrare
1432 2486 1611 2542 nostri
1660 2486 1904 2541 muneris
1955 2494 2057 2539 est.

694 2581 883 2650 Neque
927 2596 1058 2636 vero
1100 2582 1226 2650 quis
1263 2594 1349 2634 me
1378 2578 1653 2633 existimet
1704 2576 2001 2631 ambitione
2023 2576 2204 2645 aliqua

622 2682 678 2728 et
732 2674 984 2728 humanae
1033 2673 1220 2743 gloria:
1257 2671 1576 2742 cupiditate,
1625 2670 1693 2724 ad
1746 2670 1849 2723 hoc
1880 2675 2202 2738 perpetuum

623 2776 678 2819 et
712 2765 1057 2835 implacabile
1100 2764 1300 2818 bellum
1336 2762 1757 2817 descendentem
1791 2775 1915 2815 cum
1950 2758 2205 2811 adversa-

624 2855 727 2908 riis
761 2868 1072 2907 conserere.
1112 2851 1170 2905 Si
1198 2852 1342 2907 enim
1385 2851 1575 2921 procul
1610 2866 1639 2903 a
1680 2848 1916 2919 negotiis
1943 2848 2204 2918 curisque

625 2948 791 3001 vitam
844 2949 1081 3016 quietam
1145 2958 1196 3001 et
1258 2946 1539 3015 paciﬁcam
1601 2958 1761 3013 agere
1813 2943 1994 3006 liceat,
2049 2943 2205 3012 longe

626 3038 873 3108 profecto
912 3054 942 3091 a
984 3040 1265 3107 proposito
1292 3037 1509 3091 abesset
1574 3036 1719 3089 ultro
1755 3034 2203 3104 tranquillitatem

2298 557 2397 627 τῆς
2426 559 2668 629 κεφαλῆς
2690 559 2781 611 τὸν
2807 560 3063 630 πολέμιον
3090 561 3457 631 ἀποσυλήσας,
3483 566 3811 637 τροπαιοφόρος

2297 656 2409 716 τοῖς
2467 652 2614 715 ἰδίοις
2656 654 2941 715 ἐπάνεισι,
2984 654 3082 723 τὴν
3137 653 3583 725 μεγαλορῤήμονα
3626 660 3811 730 κεφαλὴν

2298 744 2512 813 ἐκείνην
2536 744 2613 814 τῷ
2653 742 2867 815 στρατῷ
2891 743 2999 796 τῶν
3028 744 3315 813 ὁμοφύλων
3342 744 3715 813 διαπομπεύων.
3741 752 3812 802 Διὰ

2298 834 2456 888 τοῦτο
2483 836 2578 887 καὶ
2600 836 2749 904 ἡμᾶς
2779 835 3047 904 προσήκει
3076 834 3211 904 πρὸς
3236 833 3297 886 τὸ
3326 833 3612 902 ὑπόδειγμα
3638 835 3811 903 βλέπον-

2298 942 2425 990 τας,
2457 923 2531 995 μὴ
2565 923 3112 993 καταμαλακισθῆναι
3147 922 3281 994 πρὸς
3306 925 3429 985 τοὺς
3463 924 3715 995 δευτέρους
3736 928 3813 979 τῶν

2300 1018 2474 1085 λόγων
2495 1033 2508 1045 ·
2545 1016 2658 1071 ἀλλ’
2710 1016 2786 1080 ὼς
2818 1016 2895 1069 ἔνι
2928 1017 3162 1086 μάλιστα
3204 1016 3540 1087 μιμήσασθαι
3575 1018 3659 1070 τοῦ
3693 1020 3815 1072 Δασιδ

2299 1110 2398 1180 τὴν
2452 1109 2734 1181 ἀριστείαν
2760 1123 2773 1137 ’
2807 1109 2901 1162 καὶ
2946 1110 3342 1181 παραπλησίως
3375 1110 3562 1179 ἐκείνῳ
3606 1113 3722 1181 μετὰ
3748 1113 3816 1183 τὴν

2302 1200 2525 1273 πρώτην
2575 1201 2790 1272 πληγὴν
2825 1200 3133 1271 ἐπεμϐῆναι
3182 1202 3421 1271 κειμένῳ
3440 1240 3453 1263 ,
3482 1201 3553 1264 ὡς
3580 1201 3638 1255 ἂν
3668 1204 3816 1274 φανείη

2303 1292 2537 1363 μάλιστα
2570 1291 2668 1361 τῆς
2694 1291 2936 1359 κεφαλῆς
2975 1290 3196 1361 ἔρημος,
3223 1292 3251 1344 ὁ
3280 1292 3377 1359 τῆς
3423 1292 3661 1361 ἀληθείας
3700 1294 3818 1346 πολὲ-

2305 1400 2446 1453 μιος.
2489 1384 2545 1434 '0
2579 1383 2687 1453 γὰρ
2714 1382 2813 1453 τῆς
2847 1384 3080 1447 πίστεως
3102 1383 3481 1454 διεζευγμένας
3513 1386 3604 1455 τὴν
3632 1386 3821 1456 κεφαλὴν

2302 1475 2680 1543 ἀποτέτμηται
2708 1474 2803 1527 τοῦ
2851 1474 3149 1543 ἀλλοφύλου
3200 1476 3421 1546 μᾶλλον.
3467 1475 3609 1529 Ἐπεὶ
3632 1476 3723 1547 γὰρ
3744 1482 3821 1532 Κε-

2301 1566 2467 1635 φαλὴ
2500 1564 2725 1630 πάντας
2767 1565 2988 1634 ἀνδρὸς
3031 1568 3064 1620 ὸ
3099 1567 3371 1634 Χριστὸς,
3432 1566 3604 1629 καθώς
3650 1572 3824 1639 φησινό

2315 1656 2655 1719 Ἀπόστολος,
2687 1654 2857 1727 ἄνδρα
2884 1656 2942 1708 δὲ
2964 1655 3056 1709 τὸν
3098 1657 3287 1710 πιστὸν
3318 1658 3534 1716 πάντως
3569 1658 3696 1720 εἰκὸς
3733 1658 3821 1711 ὀνο-

2307 1748 2604 1820 μάζεσθαι·
2641 1747 2701 1800 ού
2730 1748 2839 1819 γὰρ
2864 1749 2929 1820 δὴ
2963 1752 3057 1803 καὶ
3091 1750 3199 1802 τῶν
3238 1750 3483 1803 ἀπίστων
3514 1750 3575 1803 ἂν
3609 1746 3822 1823 ᾗκεφαλὴ

2303 1843 2331 1894 ὁ
2358 1840 2610 1906 Χριστὸς,
2644 1840 2861 1904 πάντως
2889 1842 2917 1895 ὁ
2945 1840 3046 1911 τῆς
3073 1840 3351 1913 σωζούσης
3372 1841 3600 1905 πίστεως
3624 1844 3825 1911 ἀποτμη-

2305 1931 2440 1995 θεὶς,
2470 1931 2739 2000 ἀκέφαλος
2768 1932 2833 1986 ἂν
2866 1932 2949 2004 εἴη
2980 1932 3123 1986 κατά
3151 1934 3242 1987 τὸν
3276 1934 3313 1985 Γ
3316 1933 3485 1987 ωλιάθ
3507 1934 3589 1987 διὰ
3616 1934 3701 2001 τῆς
3722 1933 3823 1995 ἰδίας

2308 2026 2584 2097 μαχαίρας
2614 2026 2681 2095 ἢν
2722 2026 2864 2079 κατὰ
2904 2026 3003 2095 τῆς
3037 2025 3293 2097 ἀληθείας
3341 2026 3590 2097 ὲθήξατο,
3619 2026 3706 2095 τῆς
3729 2026 3823 2095 ἁλη-

2305 2117 2458 2185 θινῆς
2507 2117 2750 2187 κεφαλῆς
2821 2117 3209 2188 μεριζόμενος,
3256 2119 3322 2188 ἣν
3377 2117 3501 2188 οὐχὶ
3561 2120 3720 2187 τεμεῖν
3757 2118 3823 2171 ἀπ’

2303 2210 2468 2263 αὑτοῦ
2498 2248 2513 2271 ,
2558 2210 2672 2263 ἀλλ’
2722 2206 3000 2272 ἀποδεῖξαι
3062 2209 3409 2279 τετμημένην
3469 2207 3623 2278 ἔργον
3676 2206 3825 2277 ἡμέτε-

2307 2316 2418 2372 ρον.

2377 2580 2484 2633 Καί
2509 2598 2575 2649 με
2620 2580 2811 2651 μηδεὶς
2842 2579 3038 2632 οίὲσθω
3064 2578 3343 2651 φιλοτιμίᾳ
3368 2580 3477 2632 τινὶ
3504 2579 3595 2633 καὶ
3615 2576 3747 2648 δόξης
3760 2578 3827 2629 ἀν-

2308 2671 2587 2742 θρωπίνης
2638 2670 2902 2742 ἐπιθυμίᾳ
2948 2670 3083 2741 πρὸς
3119 2671 3209 2723 τὸν
3254 2670 3518 2724 ἄσπονδον
3564 2670 3729 2723 τοῦτον
3763 2669 3829 2721 καὶ

2306 2762 2616 2831 ἀκήρυκτον
2656 2761 2891 2830 πόλεμον
2920 2760 3151 2831 ἑτοίμως
3185 2760 3464 2823 κατιόντα,
3497 2762 3603 2823 τοῖς
3626 2757 3827 2818 ἐναντίοις

2312 2851 2737 2923 συμπλέκεσθαι.
2789 2853 2851 2904 ΕΞ
2899 2852 2999 2922 μὲν
3049 2852 3159 2922 γὰρ
3197 2852 3322 2919 ἐξῆν
3370 2852 3721 2923 ἀπραγμόνως
3743 2849 3828 2902 καθ’

2305 2945 2534 3015 ἡσυχίαν
2566 2944 2772 3013 διάγειν
2803 2946 2859 2997 ὲν
2903 2944 3234 3016 εἰρηνεύοντι
3263 2946 3383 3015 βίῳ,
3425 2946 3611 3016 πόρρω
3638 2942 3718 2996 τοῦ
3741 2941 3832 2995 καθ-

2308 3038 2543 3100 εστῶτος
2592 3036 2659 3091 ἂν
2702 3032 2769 3107 ἦν
2814 3036 3076 3099 ἑκουσίως
3109 3038 3499 3108 ἐπιταράσσειν
3520 3037 3614 3107 τὴν
3656 3034 3833 3106 ἡσυχίαν

627 3132 968 3200 perturbare,
1014 3145 1078 3185 ac
1103 3131 1304 3184 bellum
1338 3136 1532 3199 sponte
1563 3136 1878 3197 susceptum
1914 3127 2204 3182 adversum

2312 3131 2632 3201 αὐθαίρετον
2675 3132 2739 3184 ἐκ
2780 3129 3136 3202 προκλήσεως
3182 3131 3417 3201 πόλεμον
3457 3129 3577 3183 καθ’
3606 3128 3739 3199 ἡμῶν
3771 3126 3835 3178 ab-

626 3239 730 3279 nos
770 3240 837 3277 ex
888 3222 1273 3293 provocatione
1317 3222 1607 3276 suscitare.
1653 3218 1758 3275 Sed
1810 3219 2069 3290 quoniam
2106 3218 2203 3272 Dei

628 3316 848 3387 quidem
876 3315 1093 3378 civitas,
1134 3314 1186 3367 id
1214 3322 1319 3377 est,
1350 3312 1595 3368 Ecclesia
1631 3312 1937 3376 obsidetur,
1971 3326 2202 3381 magnus

628 3416 811 3464 autem
866 3421 1059 3460 murus
1110 3406 1381 3459 machinis
1436 3406 1706 3459 Imreseos
1753 3406 2023 3474 quatitur,
2074 3402 2203 3455 dum

630 3500 685 3552 in
738 3498 973 3551 circuitu
1023 3500 1315 3565 agitatur:
1367 3512 1431 3550 ac
1475 3496 1778 3563 periculum
1829 3510 1935 3549 non
1978 3508 2203 3565 parvum

630 3591 898 3654 imminet,
934 3606 999 3643 ne
1031 3606 1060 3643 a
1103 3589 1409 3643 daemonum
1433 3588 1676 3643 exercitu
1702 3587 1797 3642 Dei
1826 3602 2008 3642 sermo
2050 3586 2205 3640 abre-

630 3691 777 3752 ptus,
810 3682 1060 3752 captivus
1098 3682 1255 3736 abeat
1294 3682 1402 3735 :ob
1441 3697 1561 3735 eam
1591 3694 1815 3736 causam
1867 3677 2209 3733 formidabile

627 3790 753 3832 esse
792 3773 1068 3845 judicans.
1110 3775 1400 3828 anxietatis
1442 3773 1880 3828 Christianorum
1929 3787 2039 3826 non
2084 3786 2208 3827 esse

628 3869 949 3938 participem
1015 3876 1069 3919 et
1107 3866 1314 3920 laboris
1366 3866 1600 3928 socium,
1662 3880 1772 3919 non
1818 3864 1885 3917 ad
1930 3864 2100 3917 otium
2154 3871 2208 3918 et

630 3959 867 4028 quietem
900 3957 1193 4018 declinavi,
1220 3956 1314 4011 sed
1340 3956 1525 4026 potius
1561 3971 1625 4009 ex
1664 3956 1947 4009 laboribus
1974 3955 2207 4009 sudores

629 4057 916 4105 manantes
964 4048 1333 4119 przeferendos
1384 4064 1507 4105 esse
1552 4048 1880 4111 existimavi,
1932 4061 2095 4117 quam
2141 4062 2209 4101 ex

628 4142 743 4195 otio
789 4148 843 4196 et
897 4141 1081 4211 quieta
1126 4142 1239 4195 vita
1292 4141 1698 4206 remissionem,
1738 4138 1979 4209 perfecte
2026 4140 2208 4194 sciens

628 4231 774 4301 quod
818 4233 1274 4301 quemadmodum
1320 4232 1687 4303 Unusquisque
1724 4248 1819 4300 pro
1868 4248 1963 4284 suo
2010 4231 2207 4295 labore,

629 4330 691 4377 ut
727 4324 803 4377 ait
841 4324 1138 4393 Apostolus
1183 4324 1225 4387 ³,
1300 4324 1591 4378 mercedem
1632 4323 1876 4391 accipiet,
1922 4322 2003 4376 sic
2046 4323 2207 4376 etiam

628 4430 822 4471 omnes
853 4416 923 4471 ob
962 4417 1199 4482 labores,
1235 4433 1377 4488 quos
1418 4433 1519 4488 pro
1552 4416 1765 4471 viribus
1798 4415 2073 4471 sustinere
2106 4431 2209 4485 po-

2313 3225 2422 3279 τῶν
2476 3223 2843 3293 ὲπεγείραντι.
2905 3223 3044 3276 Ἀλλ’
3090 3222 3276 3293 ἐπειδὴ
3330 3222 3685 3296 πολιορκεῖται
3712 3221 3834 3291 μὲνή

2313 3317 2467 3379 πόλις
2492 3317 2586 3369 τοῦ
2616 3316 2748 3369 Θεοῦ
2781 3318 2813 3385 ὴ
2846 3315 3166 3387 Ἐκκλησία·
3194 3315 3543 3369 κατασείεται
3571 3314 3623 3366 δὲ
3648 3313 3702 3366 τὸ
3734 3311 3836 3382 μέγα

2312 3413 2485 3479 τεῖχος
2510 3411 2622 3471 τοῖς
2655 3410 3009 3479 μηχανήμασι
3041 3408 3139 3477 τῆς
3164 3409 3425 3478 αἱρέσεως
3459 3410 3517 3461 ἐν
3542 3407 3709 3475 κύκλῳ
3724 3420 3837 3473 meo

2312 3500 2621 3569 δινούμενον
2649 3518 2661 3531 ·
2694 3499 2937 3562 κίνδυνος
2975 3498 3029 3550 δὲ
3063 3500 3121 3551 ού
3156 3498 3349 3569 μικρὸς
3378 3497 3703 3568 αἰχμάλωτον
3731 3494 3834 3561 οίχε-

2316 3592 2440 3645 σθαι
2471 3590 2621 3662 παρά
2652 3591 2749 3661 τῆς
2792 3590 2900 3642 τῶν
2930 3590 3199 3660 δαιμόνων
3239 3590 3622 3660 ἐπιστρατείας
3647 3586 3836 3656 ἀνάρπα-

2317 3702 2437 3738 στον
2467 3685 2556 3737 τὸν
2581 3684 2738 3754 λόγον
2765 3686 2858 3737 τοῦ
2895 3684 3099 3755 Κυρίου
3144 3684 3432 3753 γενόμενον
3457 3700 3469 3712 °
3503 3684 3588 3736 διὰ
3614 3680 3751 3734 τοῦτο
3772 3694 3837 3745 φο-

2315 3778 2472 3848 ϐερὸν
2501 3774 2639 3830 εἶναι
2680 3777 2913 3847 κρίνων,
2948 3776 3021 3847 μὴ
3060 3779 3464 3847 συμμετασχεῖν
3497 3777 3592 3847 τῆς
3628 3773 3725 3826 τῶν
3742 3771 3838 3841 Χρι-

2316 3870 2547 3923 στιανῶν
2590 3869 2827 3937 ἀγωνίας
2853 3910 2868 3933 ,
2897 3870 2996 3921 οὐκ
3040 3869 3132 3921 ἐπὶ
3176 3870 3274 3937 τὴν
3309 3867 3539 3937 ἡσυχίαν
3590 3863 3835 3918 ἀπέκλινα·

2315 3960 2739 4031 προτιμοτέρους
2789 3959 2847 4012 δὲ
2901 3959 3100 4030 μᾶλλον
3139 3959 3485 4030 ἐποιησάμην
3529 3959 3647 4022 τοὺς
3682 3957 3736 4008 ὲκ
3762 3950 3840 4005 τιῖιν

2317 4054 2494 4107 πόνων
2539 4052 2766 4123 ἱδρῶτας
2796 4053 2896 4122 τῆς
2921 4054 2984 4106 ἐκ
3004 4051 3097 4105 τοῦ
3128 4050 3428 4123 ἡσυχάζειν
3458 4052 3700 4113 ἀνέσεως,
3725 4039 3839 4105 235?»;

2315 4145 2555 4216 ἀκριϐῶς
2592 4146 2676 4198 ὅτι
2730 4144 2917 4215 ὥσπερ
2972 4143 3087 4197 Τὸν
3126 4142 3348 4213 μισθὸν
3380 4142 3672 4211 λήψεται,
3702 4136 3839 4197 καθὼς

2317 4255 2480 4309 φησιν
2501 4240 2529 4290 ὁ
2560 4235 2898 4299 Ἀπὸστολος,
2921 4236 3071 4290 κατὰ
3091 4236 3196 4289 τὸν
3219 4235 3373 4288 [dior
3402 4237 3595 4289 κόπον
3614 4233 3837 4292 ἕκαστος.

2316 4329 2457 4383 οὕτω
2478 4330 2683 4392 πάντας
2703 4330 2797 4381 καὶ
2818 4330 2917 4398 τὴν
2948 4328 3216 4399 τιμωρίαν
3238 4328 3327 4379 ἐπὶ
3351 4329 3415 4397 τῇ
3445 4325 3553 4379 τῶν
3574 4326 3701 4380 κατὰ
3724 4321 3840 4376 51M-

2321 4437 2413 4491 μιν
2442 4421 2618 4473 πόνων
2645 4419 2924 4490 ὀλιγωρία.
2953 4420 3050 4473 Διὰ
3088 4418 3243 4472 τοῦτο
3280 4420 3372 4471 καὶ
3407 4418 3505 4490 τὴν
3538 4417 3740 4488 πρώτην
3770 4409 3839 4465 τοῦ

630 4516 875 4573 luerunt,
918 4518 1260 4578 contemptos
1296 4518 1349 4563 et
1386 4508 1653 4571 desertos,
1692 4510 1961 4580 supplicia
2010 4508 2204 4564 ferent.

2314 4516 2472 4582 λόγου
2525 4514 2701 4584 μάχην
2749 4513 3028 4585 εὐθαρσῶς
3055 4513 3293 4584 ὑπέστην
3333 4514 3397 4565 ὲκ
3440 4512 3533 4565 τοῦ
3576 4502 3840 4580 ποιμενικοῦ

630 4600 994 4666 Quamobrem
1028 4600 1255 4671 primam
1281 4602 1551 4656 sermonis
1591 4617 1830 4671 pugnam
1859 4600 2121 4656 audenter
2143 4615 2211 4655 ex

634 4692 900 4764 pastorali
930 4692 1090 4754 cado,
1122 4690 1175 4744 id
1197 4703 1300 4757 cst,
1333 4692 1721 4747 ecclesiasticis
1750 4693 2005 4755 decretis,
2041 4692 2177 4746 susti
2196 4721 2210 4731 ο

629 4787 748 4852 nui,
797 4786 896 4841 hos
950 4787 1119 4841 rudes
1149 4794 1203 4839 et
1234 4785 1510 4855 impolitos
1570 4795 1624 4841 et
1672 4795 1866 4856 sponte
1911 4785 2063 4841 fusos
2094 4800 2211 4841 ser-

632 4896 822 4936 mones
874 4880 942 4935 ad
989 4880 1326 4935 eversionem
1388 4886 1442 4935 et
1493 4880 1705 4933 ruinam
1744 4879 2094 4949 blasphemiae
2128 4877 2211 4932 di-

631 4974 875 5034 mittens,
922 4972 1072 5026 nulla
1123 4987 1190 5026 ex
1236 4970 1480 5042 profanis
1530 4973 1885 5040 externisque
1916 4971 2112 5025 litteris
2144 4969 2209 5023 ad

632 5063 945 5117 institutum
995 5072 1271 5117 certamen
1320 5062 1572 5131 indigens
1612 5071 1923 5126 armatura;
1962 5076 2108 5116 nunc
2144 5062 2212 5116 ad

630 5153 875 5209 secunda
911 5154 1211 5209 certamina
1260 5153 1447 5206 venire
1498 5167 1602 5205 non
1654 5167 1873 5214 recuso.
1925 5169 2076 5222 spem
2117 5168 2213 5223 po-

631 5262 790 5309 nens,
819 5246 975 5314 juxta
1011 5259 1262 5315 magnum
1291 5240 1479 5304 David,
1521 5245 1575 5297 in
1609 5260 1674 5298 eo
1706 5243 1810 5310 Qui
1845 5244 1992 5298 docet
2026 5263 2212 5300 manus

632 5354 775 5390 meas
831 5336 899 5390 ad
954 5336 1218 5405 prwlium,
1271 5346 1320 5389 et
1369 5335 1563 5404 digitos
1614 5352 1753 5389 meos
1806 5336 1875 5388 ad
1924 5336 2114 5390 bellum
2168 5340 2209 5404 ⁵,

634 5425 903 5493 siquidem
952 5424 1109 5481 nobis
1170 5425 1333 5479 etiam
1380 5424 1661 5493 contingat
1691 5438 1756 5477 ex
1798 5422 1983 5475 divina
2013 5424 2214 5479 virtute

634 5529 857 5569 manum
913 5531 1091 5570 meam
1124 5516 1457 5571 scribentem
1507 5515 1665 5585 dirigi
1716 5515 1781 5569 ad
1832 5514 2210 5573 haereticorum

636 5604 948 5675 dogmatum
974 5607 1419 5670 destructionem,
1453 5607 1758 5678 digitosque
1794 5622 1944 5662 meos
1976 5609 2195 5663 subser-

709 5781 775 5851 ⁸1
806 5784 932 5840 Cor.
972 5800 1050 5851 xx,
1083 5786 1138 5841 5.
1212 5782 1282 5840 'I
1322 5786 1449 5841 Cor.
1485 5803 1568 5853 tu,
1601 5785 1654 5841 8.
1732 5787 1754 5819 ⁸
1788 5788 1934 5848 Psal.
1969 5805 2159 5859 estin,
2192 5791 2244 5847 l.

2317 4606 2505 4667 καδοῦ,
2542 4606 2921 4671 τουτέστιν,ὲκ
2948 4606 3055 4657 τῶν
3089 4604 3555 4675 ὲκκλησιαστικῶν
3585 4601 3837 4672 δογμάτων,

2315 4700 2442 4761 τοὺς
2470 4697 2879 4761 ἀκατασκεύους
2898 4698 3122 4761 τούτους
3158 4699 3251 4750 καὶ
3281 4699 3567 4767 αὐτοφυεῖς
3596 4696 3763 4762 λόγους
3783 4690 3840 4748 εἰς

2316 4792 2627 4859 ἀνατροπὴν
2672 4789 2771 4859 τῆς
2804 4788 3151 4860 βλασφημίας
3175 4788 3333 4857 ἀφεὶς
3355 4830 3371 4855 ,
3396 4790 3490 4841 καὶ
3515 4786 3748 4858 οὐδεμιᾶς
3771 4780 3840 4848 τῆς

2316 4881 2380 4934 ἐκ
2410 4880 2517 4933 τῶν
2546 4880 2743 4945 ἔξωθεν
2764 4881 2938 4949 λόγων
2966 4881 3230 4944 ὁπλίσεως
3265 4882 3358 4933 ἐπὶ
3390 4880 3480 4934 τὸν
3504 4879 3680 4948 ἀγῶνα
3707 4887 3839 4943 προσ·

2314 4971 2558 5043 δεηθείς·
2591 4972 2685 5026 καὶ
2724 4972 2819 5025 νῦν
2866 4972 3007 5042 πρὸς
3046 4974 3171 5036 τοὺς
3220 4972 3502 5043 δευτέρους
3540 4972 3643 5024 τῶν
3665 4966 3841 5034 ἀγώνων

2314 5065 2415 5118 ούκ
2445 5064 2763 5135 ἀναδύομαι,
2793 5064 2890 5135 τὴν
2925 5064 3114 5118 ἐλπίδα
3161 5064 3409 5135 θέμενος,
3433 5062 3575 5116 κατά
3596 5063 3681 5114 τὸν
3710 5056 3839 5128 μέγαν

2316 5157 2497 5223 Δαδὶδ,
2526 5158 2619 5210 ἐπὶ
2649 5157 2759 5211 Τὸν
2792 5156 3155 5211 διδάσκοντα
3191 5156 3393 5226 χεῖρας
3417 5157 3502 5221 εις
3539 5147 3839 5221 παράταξιν,

2316 5249 2762 5316 καίδακτύλους
2782 5252 2867 5315 είς
2886 5250 3170 5321 πόλεμον.
3187 5251 3256 5304 Et
3274 5268 3391 5314 πως
3412 5248 3619 5317 γένοιτο
3638 5243 3721 5297 καὶ
3743 5237 3838 5309 ἡμῖν

2318 5340 2381 5392 ἐκ
2423 5338 2572 5404 θείας
2613 5338 2893 5412 δυνάμεως
2940 5340 3265 5411 εύθυνθῆναι
3313 5341 3411 5411 μὲν
3442 5339 3539 5411 τὴν
3577 5335 3838 5405 γράφουσιν

2319 5435 2476 5503 Χεῖρα
2510 5430 2646 5503 πρὸς
2670 5432 2769 5503 τὴν
2790 5431 2898 5485 τῶν
2944 5431 3233 5502 αίρετικῶν
3270 5432 3552 5503 δογμάτων
3578 5426 3835 5497 ἀναίρεσιν’

2320 5525 2707 5596 ὑπηρετεῖσθαι
2754 5526 2810 5577 δὲ
2851 5527 2975 5589 τοὺς
3007 5524 3299 5590 δακτύλους
3350 5530 3415 5597 τῇ
3467 5523 3727 5596 ἀνατροπῇ
3766 5515 3838 5581 τῆς

2304 5618 2543 5686 πονηρᾶς
2572 5615 2950 5687 παρατάξεως,
2971 5617 3249 5689 ἐμπείρως
3269 5616 3362 5670 καλ⁸
3385 5611 3737 5687 ἀγωνιστικῶς
3754 5606 3840 5659 δια*
