4034 6476
237 334 348 391 915

1369 339 1647 395 CONTRA
1686 340 2073 410 EUNOMIUM,
2117 346 2245 401 LIB.
2278 350 2367 402 Xll

3384 363 3490 419 ιιι

235 440 485 505 τιθέντας
536 442 678 521 κατὰ
719 442 827 496 τῶν
872 444 1144 515 πολεμίων
1190 446 1281 499 τὸν
1314 447 1488 517 λόγον.
1528 451 1735 522 Ὠσπερ
1757 451 1804 504 δὲ

1918 454 2031 509 vire
2084 457 2150 510 ad
2203 460 2463 528 improbae
2516 463 2655 519 aciei
2708 467 3153 531 subversionem.
3213 471 3384 540 perite
3434 484 3491 532 et

236 532 332 585 ἐπὶ
357 532 466 583 τῶν
496 518 851 601 ἀνθρωπίνων
879 534 1128 605 πολέμων
1157 536 1203 588 οἱ
1236 536 1336 606 μὲν
1366 539 1583 611 ἀνδρείᾳ
1609 559 1667 593 τε
1705 518 1810 595 ’καὶ

230 619 460 690 δυνάμει
489 620 599 673 τῶν
618 621 819 674 λοιπῶν
854 622 1215 695 διαφέροντες,
1246 628 1340 679 καὶ
1369 645 1505 699 κατη
1517 631 1813 701 σφαλισμέο

232 729 317 766 νοι
347 715 457 776 τοῖς
480 713 664 777 ὅπλοις
684 755 697 778 ,
725 716 818 768 καλ⁵
848 719 968 780 ταῖς
1009 718 1144 787 πρὸς
1168 721 1295 782 τοὺς
1338 721 1611 786 κινδύνους
1652 725 1808 794 μελέ-

229 804 503 875 tamet»;
530 804 623 857 τοῦ
657 810 911 877 πολεμεῖν
948 810 1239 879 ἐμπειρίαν
1285 813 1689 883 προειληφότες,
1720 816 1811 868 ἐπὶ

230 892 328 945 τοῦ
365 894 616 963 μετιίιπου
649 899 749 967 τῆς
794 897 1069 967 φάλαγγος
1118 900 1392 966 ἵστανται,
1426 904 1534 956 τῶν
1568 906 1704 958 κατά
1750 906 1811 958 τὸ

230 984 400 1054 βάθος
444 987 882 1058 ἐπιτεταγμένων
919 992 1446 1061 προκινδυνεύοντες·
1490 998 1519 1049 6
1542 996 1595 1048 δὲ
1629 996 1811 1061 λοιπὸς

228 1078 421 1144 ὅμιλος
465 1080 544 1143 είς
598 1082 766 1151 μόνην
820 1084 1119 1150 φαντασίαν
1166 1085 1404 1157 πλήθους
1453 1088 1811 1152 συντείνοντες

227 1169 385 1240 αὐτῷ
433 1170 512 1240 τῷ
548 1173 901 1244 συνασπισμῷ
935 1174 1148 1229 δοκοῦσί
1197 1196 1249 1231 τι
1283 1180 1472 1250 κέρδος
1521 1183 1596 1253 τῷ
1648 1182 1811 1252 κοινῷ

232 1264 604 1332 συνεισφέρειν
628 1278 643 1296 ·
678 1262 851 1327 οὕτως
882 1267 972 1318 καὶ
1001 1267 1221 1321 ἐπὶτῶν
1249 1272 1530 1343 ἡμετέρων
1562 1274 1807 1342 ἀγώνιον,

223 1354 260 1405 6
292 1354 392 1424 μὲν
429 1359 674 1422 γενναῖος·
702 1357 793 1410 τοῦ
822 1359 1057 1429 Χριστοῦ
1078 1362 1430 1432 στρατιώτης,
1459 1367 1550 1419 καὶ
1587 1368 1811 1438 σφοδρὸς

227 1446 373 1498 κατά
403 1446 512 1499 τῶν
542 1446 849 1515 ἀλλοφύλων
895 1450 1221 1523 ἀγωνιστὴς,
1255 1456 1283 1507 6
1314 1455 1485 1524 μέγας
1514 1457 1605 1509 τοῦ
1638 1457 1809 1511 Πνεύ-

230 1556 405 1609 ματος
441 1539 665 1610 ὁπλίτης
719 1541 1075 1607 Βασίλειος,ὀ
1114 1546 1213 1617 τὴν
1264 1547 1624 1620 ἀποστολικὴν
1678 1567 1812 1602 παν-

224 1629 424 1682 οπλίαν
452 1631 760 1697 ἐνδεδυκὼς,
782 1634 873 1686 καὶ
887 1634 964 1705 τῷ
989 1635 1163 1709 θυρεῷ
1187 1640 1690 1711 κατησιραλισμένος
1712 1641 1811 1710 τῆς

228 1721 489 1786 πίστεως,
518 1723 578 1775 τό
595 1741 653 1776 τε
679 1725 1006 1796 ἀμυντήριον
1036 1728 1226 1795 ὅπλον,
1261 1730 1357 1798 τὴν
1374 1731 1462 1783 τοῦ
1497 1733 1635 1784 Πνεύ
1644 1750 1811 1802 ματος

1916 545 2130 602 fortiter
2165 558 2355 604 contra
2388 553 2575 609 hostes
2613 555 3068 627 disceptationem
3105 562 3482 633 disponentes.

1913 635 2377 703 Quemadmodum
2412 655 2590 700 autem
2623 648 2675 701 in
2708 648 2865 705 bellis
2900 651 3173 717 humanis,
3210 658 3301 725 qui
3338 658 3492 713 forti-

1913 729 2142 785 titudine
2175 740 2228 787 et
2261 735 2456 789 robore
2487 739 2712 808 reliquis
2743 751 3024 810 prmstant,
3060 748 3333 817 armisque
3355 766 3491 820 pra:-

1912 822 2108 874 muniti
2156 834 2208 879 et
2253 826 2319 879 ad
2392 830 2676 885 subeunda
2734 836 2973 903 pericula
3040 839 3491 899 meditationibus

1912 912 2146 967 bellandi
2187 918 2438 984 peritiam
2492 922 2647 991 prius
2670 924 2874 993 adepti,
2910 926 2963 979 in
2994 926 3171 984 fronte
3205 932 3491 1005 phalangis

1911 1014 2186 1073 prostant,
2220 1024 2319 1076 pro
2361 1011 2471 1065 illis
2501 1014 2594 1083 qui
2625 1016 2679 1068 in
2724 1016 2996 1085 profundo
3025 1023 3306 1077 constituti
3340 1036 3490 1089 sunt,

1912 1096 2153 1164 pericula
2198 1100 2531 1167 subeuntes;
2575 1107 2785 1175 reliqua
2822 1125 2952 1164 vero
3002 1114 3162 1167 turba
3210 1115 3278 1168 ad
3320 1119 3491 1172 solam

1911 1192 2227 1259 opinionem
2262 1197 2635 1253 multitudinis
2666 1200 2911 1265 intuens,
2945 1212 3135 1257 mutua
3170 1206 3494 1265 defensione

1911 1287 1965 1333 et
2006 1282 2318 1352 clypeorum
2353 1288 2668 1343 obtentione
2702 1293 2983 1346 communi
3030 1296 3252 1351 utilitati
3287 1300 3495 1356 servire

1911 1381 1963 1428 et
2016 1377 2364 1432 commodum
2397 1380 2592 1435 aﬂ‘erre
2618 1383 2835 1437 videtur
2861 1402 2874 1438 :
2904 1388 2983 1439 sic
3004 1387 3169 1440 etiam
3204 1388 3256 1442 in
3284 1393 3493 1447 nostris

1912 1470 2308 1525 certaminibus
2336 1487 2635 1541 generosus
2675 1476 2894 1545 quidem
2926 1488 2980 1531 et
3007 1486 3264 1537 strenuus
3288 1482 3494 1539 Christi

1914 1560 2090 1621 miles,
2118 1569 2176 1614 ut
2200 1577 2328 1617 acer
2350 1571 2543 1617 contra
2568 1565 2906 1636 alienigenas
2931 1578 3192 1631 ecrtater,
3226 1587 3289 1626 ac
3314 1575 3493 1629 sancti

1914 1648 2153 1721 Spiritus
2197 1656 2345 1710 velut
2378 1658 2646 1727 gravioris
2700 1671 2994 1715 armaturm
3040 1664 3198 1719 miles
3231 1663 3490 1730 Basilius,

1913 1745 2272 1811 apostolicam
2328 1763 2544 1801 omnem
2588 1759 2924 1805 armaturam
2990 1754 3214 1810 indutus
3269 1765 3321 1811 et
3368 1757 3491 1810 ﬁdei

224 1810 375 1880 λέγω
402 1814 692 1886 μάχαιραν,
726 1817 811 1869 ἀεὶ
852 1818 1287 1890 προϐαλλόμενος
1308 1837 1322 1852 ο
1344 1816 1499 1886 οὗτος
1531 1825 1628 1893 μὲν
1670 1842 1803 1895 προ-

1910 1810 2098 1904 clypeo
2149 1838 2530 1905 przemunitus,
2594 1841 2759 1895 telum
2823 1845 3313 1913 propulsatorium,
3369 1848 3493 1902 dico

224 1906 461 1975 πολεμεῖ
482 1906 583 1975 τῆς
620 1907 714 1960 τοῦ
766 1909 968 1979 Κυρίου
1014 1915 1267 1982 στρατιᾶς
1300 1916 1357 1966 ὲν
1392 1915 1469 1985 τῷ
1518 1916 1803 1986 πονηθέντι

226 1998 374 2049 κατά
401 1997 498 2066 τῆς
521 1998 783 2069 αἱρέσεως
813 1999 976 2071 λόγῳ,
1003 2002 1109 2066 ζῶν
1140 2021 1197 2057 τε
1223 2006 1316 2059 καὶ
1339 2008 1693 2077 ἀμυνόμενος,
1714 2011 1807 2063 καὶ

225 2089 371 2142 κατὰ
426 2089 532 2141 τῶν
586 2090 793 2161 ἐχθρῶν
826 2093 1146 2161 ἀριστεύων.
1190 2097 1378 2167 Ἡμεῖς
1405 2098 1458 2151 δὲ
1501 2100 1559 2152 τὸ
1604 2101 1807 2170 πλῆθος

223 2178 309 2250 τῷ
354 2179 531 2251 θυρεῷ
576 2180 668 2233 τοῦ
703 2183 986 2254 προμάχου
1012 2188 1110 2256 τῆς
1150 2187 1382 2252 πίστεως
1412 2191 1636 2254 ἑαυτοὺς
1671 2192 1803 2245 ὑπο-

226 2271 569 2340 κρύψαντες,
604 2272 855 2346 καθάπερ
882 2274 947 2328 ἂν
989 2279 1294 2347 προηγῆται
1330 2281 1465 2350 πρὸς
1493 2283 1615 2335 τοὺς
1650 2283 1807 2335 ἐναν-

223 2364 378 2427 τίους
414 2366 442 2417 6
473 2366 775 2435 στρατηγὸς
799 2407 814 2429 ,
844 2367 951 2420 τῶν
998 2369 1140 2423 κατὰ
1177 2370 1401 2441 δύναμιν
1437 2372 1661 2441 ἀγώνων
1709 2376 1807 2427 οὐκ

222 2455 558 2526 ἀφεξόμεθα.
605 2458 756 2511 Ἐπεὶ
781 2459 959 2512 τοίνυν
981 2460 1269 2531 διελέγχων
1303 2464 1505 2526 ἐκεῖνος
1535 2465 1631 2535 τὴν
1670 2467 1808 2534 ἡπα-

223 2547 469 2618 τημένην
502 2549 600 2618 τῆς
648 2550 911 2619 αἱρέσεως
943 2554 1035 2605 καὶ
1072 2553 1440 2608 ἀνυπόστατον
1483 2559 1803 2625 φαντασίαν,

222 2637 479 2707 οὐδαμῶς
515 2640 685 2703 ἄλλως
730 2641 829 2712 τὴν
872 2645 1240 2713 προσηγορίαν
1279 2647 1378 2715 τῆς
1408 2648 1805 2717 ἀγεννησίας,ἢ

224 2730 349 2783 κατ’
380 2731 653 2794 ἐπίνοιαν,
682 2734 844 2803 φησὶν
893 2734 1235 2803 ἐπιλέγεσθαι
1288 2736 1364 2807 τῷ
1415 2738 1553 2809 Θεῷ,
1586 2740 1677 2791 καὶ
1707 2739 1806 2803 τὰς

221 2820 526 2886 ἀποδείξεις
553 2824 819 2893 ἐπήγαγε,
853 2828 970 2889 ταῖς
994 2844 1051 2879 τε
1094 2832 1295 2891 κοιναῖς
1342 2830 1433 2881 καὶ
1458 2832 1577 2893 ταῖς
1604 2831 1808 2902 Γραφι-

224 2915 355 2976 καῖς
400 2915 723 2986 μαρτυρίαις
770 2917 1196 2988 ἠσφαλισμένας.
1242 2920 1299 2973 '0
1346 2921 1401 2973 δὲ
1448 2922 1546 2991 τῆς
1594 2923 1806 2993 ἀπάτης

225 3005 455 3076 εὑρετὴς
491 3007 770 3077 Εὑνόμιος,
813 3008 934 3062 οὔτε
968 3010 1267 3064 συντίθεται
1321 3015 1435 3075 τοῖς
1470 3014 1803 3084 είρημένοις,

223 3095 351 3149 οὗτε
390 3097 711 3168 ἀνατρέπειν
740 3098 977 3163 δυνατῶς
1010 3100 1120 3171 ἔχει
1141 3141 1155 3164 ,
1189 3104 1541 3173 συνεχόμενος
1572 3104 1626 3156 δὲ
1671 3105 1805 3177 πρὸς

223 3188 325 3255 τὴν
353 3187 608 3259 ἀλήθειαν
628 3229 642 3252 ,
673 3191 784 3260 ὅσῳ
810 3190 1233 3262 τηλαυγέστερον
1264 3192 1557 3264 διαλάμπει
1580 3195 1680 3265 τῆς
1715 3173 1802 3248 εύ-
1831 3173 1875 3232 c'

223 3276 443 3340 σεὸείας
469 3278 539 3331 τά
564 3278 829 3350 δόγματα,
859 3280 1111 3334 τοσοῦτον
1144 3281 1341 3351 μᾶλλον
1362 3284 1501 3336 κατά
1522 3283 1589 3336 τά
1620 3293 1813 3345 νυκτι-

220 3384 367 3438 νομα
394 3368 504 3421 τῶν
530 3369 683 3434 ζώων
732 3371 868 3441 πρὸς
893 3372 956 3425 τὸ
1000 3372 1115 3441 φῶς
1140 3372 1502 3444 ἀμϐλυώττων
1523 3413 1539 3439 ,
1565 3375 1658 3428 καὶ
1684 3375 1804 3428 οὐδὲ

220 3460 326 3523 τὰς
358 3461 605 3531 συνήθεις
639 3461 747 3515 τῶν
780 3464 1127 3534 σοφισμάτων
1168 3466 1485 3530 καταδύσεις
1514 3468 1803 3539 εὑρίσκων,

225 3551 406 3621 μάτην
434 3552 817 3607 διαπλανᾶταισ
849 3557 943 3608 καὶ
972 3556 1107 3628 πρὸς
1140 3557 1199 3609 τὸ
1226 3557 1319 3609 τοῦ
1343 3557 1567 3627 ψεύδους
1602 3559 1804 3625 ἀδιεξό-

216 3643 411 3696 δευτον
463 3643 646 3699 εἰσιὼν
685 3646 813 3717 περὶ
852 3646 920 3700 τά
955 3648 1095 3701 αύτά
1141 3650 1491 3706 ουνειλεῖται.
1528 3651 1638 3704 Καὶ
1695 3653 1804 3713 πᾶς

218 3735 373 3807 αύτῷ
425 3738 607 3808 σχεδὸν
650 3740 778 3810 περὶ
830 3739 926 3811 τὴν
967 3740 1136 3811 αὐτὴν
1177 3740 1442 3811 φλυαρίαν
1483 3742 1512 3794 6
1556 3741 1804 3812 δεύτερος

221 3832 620 3903 κατησχόληται
656 3833 834 3896 πόνος.
866 3834 963 3887 Διά
1002 3834 1159 3887 τοῦτο
1187 3833 1367 3897 καλῶς
1399 3834 1510 3904 ἔχει
1538 3837 1628 3887 καὶ
1670 3837 1802 3907 ἡμῖν

221 3926 283 3977 ὲν
340 3923 511 3994 τούτῳ
547 3925 793 3993 γενέσθαι
824 3926 920 3999 τὴν
967 3928 1099 3998 πρὸς
1150 3931 1274 3991 τοὺς
1320 3930 1802 4002 ἀντιτεταγμένους

224 4016 429 4086 μάχην,
459 4018 516 4068 ὲν
657 4018 750 4070 καὶ
785 4019 814 4071 ὁ
851 4020 1132 4092 πρόμαχος
1182 4020 1339 4091 ήμῶν
1386 4020 1474 4073 διὰ
1523 4022 1614 4074 τοῦ
1669 4023 1797 4076 ἰδίου

220 4108 576 4179 καθηγήσατο
608 4109 787 4179 λόγου.

1910 1927 2149 1996 gladium
2194 1928 2458 1999 Spiritus,
2498 1946 2712 2001 semper
2744 1933 3047 1989 obtendens
3087 1954 3099 1989 :
3138 1936 3228 1991 hic
3271 1939 3492 2008 quidem

1909 2022 2306 2091 antesignanus
2332 2023 2536 2076 militiae
2571 2022 3189 2098 Dominipropugnatin
3215 2047 3489 2094 sermone,
3562 2097 3568 2102 D

1908 2128 2068 2181 quem
2118 2123 2309 2167 contra
2360 2113 2612 2170 heresim
2666 2118 2992 2184 elaboravit,
3036 2120 3252 2176 fervens
3295 2130 3348 2177 et
3393 2124 3490 2177 de-

1909 2203 2161 2269 fendens,
2215 2220 2278 2258 ac
2330 2215 2522 2260 contra
2586 2207 2776 2265 hostes
2832 2210 3136 2266 fortissime
3180 2221 3233 2267 et
3288 2213 3493 2283 optime

1909 2313 1967 2352 se
2018 2314 2232 2368 gerens.
2280 2297 2390 2353 Nos
2441 2308 2621 2355 autem
2670 2318 2767 2357 ceu
2810 2304 2963 2373 plebs
3001 2305 3120 2359 sine
3167 2308 3406 2368 nomine,
3438 2314 3494 2361 et

1907 2388 2071 2440 veluti
2120 2388 2319 2442 milites
2374 2386 2632 2458 gregarii,
2688 2391 2880 2461 clypeo
2939 2391 3091 2447 illius
3146 2396 3489 2465 antesignani

1906 2487 1960 2531 et
2012 2482 2432 2548 prepugnatoris
2480 2480 2715 2535 obvelati
2765 2491 2819 2536 et
2866 2485 3118 2553 protecti,
3154 2494 3316 2555 prout
3368 2487 3486 2556 ipse

1907 2568 2032 2621 belli
2085 2571 2191 2623 dux
2232 2571 2448 2639 praeibit
2497 2573 2760 2627 adversus
2796 2573 3000 2637 hostes,
3051 2577 3118 2630 ah
3172 2576 3259 2631 his
3306 2588 3488 2632 certa-

1908 2661 2145 2715 minibus
2180 2678 2299 2731 qua:
2344 2677 2441 2729 pro
2478 2664 2685 2718 nostris
2734 2665 2945 2719 viribus
2993 2665 3217 2731 fuerint,
3252 2683 3359 2722 non
3392 2670 3490 2725 ab-

1908 2751 2255 2807 stinebimus.
2303 2752 2575 2819 Quoniam
2622 2756 2792 2826 igitur
2835 2758 2924 2812 ille
2951 2758 3284 2829 redarguens
3314 2776 3376 2815 ac
3401 2778 3489 2816 re-

1906 2842 2100 2898 fellens
2151 2844 2423 2907 fallacem,
2475 2856 2528 2899 et
2588 2862 2709 2916 qua:
2774 2864 2883 2901 non
2934 2858 3114 2918 potest
3164 2850 3488 2918 subsistere,

1910 2935 2248 3005 Opinionem,
2285 2952 2392 2990 non
2422 2936 2582 2991 aliter
2609 2938 2785 3008 inquit
2815 2939 3039 3009 ingeniti
3070 2942 3487 3010 appellationem

1908 3025 1975 3082 de
2027 3025 2138 3081 Deo
2181 3027 2309 3090 dici,
2374 3043 2539 3098 quam
2592 3044 2657 3082 ex
2711 3029 2993 3085 hominum
3049 3041 3394 3098 commento;
3433 3042 3489 3089 et

1908 3118 2412 3175 demonstrationes
2440 3120 2727 3189 subiunxit
2767 3124 3152 3179 communibus
3190 3124 3404 3179 notitiis
3432 3133 3487 3179 et

1908 3227 2078 3266 sacra:
2113 3209 2413 3280 Scriptura:
2438 3213 2767 3267 testimoniis
2791 3213 3163 3271 conﬁrmatas.
3187 3216 3255 3268 At
3280 3217 3487 3270 erroris

1908 3304 2160 3358 inventor
2188 3304 2495 3360 Eunomius
2542 3320 2719 3375 neque
2747 3307 3047 3362 assentitur
3080 3306 3267 3368 dictis,
3303 3321 3483 3374 neque

1908 3403 2152 3449 evertere
2222 3403 2434 3465 potest;
2498 3396 2830 3452 constrictus
2890 3404 3074 3451 autem
3130 3412 3159 3450 a
3207 3398 3479 3456 veritate,

1916 3497 2125 3558 quanto
2154 3488 2449 3560 fulgentius
2472 3490 2689 3559 pietatis
2719 3489 2969 3561 dogmata
2994 3490 3299 3560 perlucent,
3332 3498 3483 3542 tanto

1912 3580 2086 3649 magis
2135 3579 2279 3635 sicut
2314 3582 2605 3652 noctivaga
2646 3581 2901 3635 animalia
2928 3581 2995 3635 ad
3032 3582 3206 3636 lucem
3238 3581 3484 3651 caligans

1907 3679 1959 3724 et
1997 3671 2363 3737 hallucinans,
2404 3688 2580 3741 neque
2632 3681 2929 3727 consuetas
2974 3672 3343 3742 captiosarum
3390 3687 3483 3724 ar-

1904 3764 2371 3831 gumentationum
2429 3765 2668 3818 latebras
2704 3763 3009 3825 inveniens,
3046 3765 3250 3819 l'rustra
3285 3763 3482 3817 dubius

1904 3862 2157 3921 vagatur,
2203 3863 2255 3907 et
2316 3856 2381 3908 ad
2431 3856 2701 3910 mendacii
2752 3855 3137 3910 diverticulum
3193 3857 3343 3910 exitu
3391 3870 3483 3909 ca-

1904 3958 2031 3998 rens
2081 3944 2395 4014 ingrediens
2447 3947 2655 4000 circum
2707 3946 2897 4001 eadem
2947 3946 3269 4000 devolvitur.
3305 3944 3482 4013 Atque

1904 4034 2083 4088 onmis
2132 4035 2252 4105 ejus
2303 4036 2457 4090 labor
2515 4037 2792 4093 secundus
2846 4040 2897 4091 in
2945 4038 3132 4091 eadem
3186 4035 3481 4105 nugationc

1905 4122 2017 4180 fere
2036 4135 2118 4180 est
2153 4134 2474 4195 occupatus.
2498 4124 2628 4179 Eam
2650 4127 2720 4181 ob
2748 4142 2968 4181 causam
3003 4127 3264 4197 praeclare
3295 4124 3477 4185 habet,

222 4203 272 4255 si
304 4202 357 4256 in
388 4216 455 4257 eo
487 4213 676 4257 contra
720 4201 1062 4259 adversarios
1091 4219 1121 4258 a
1148 4203 1307 4259 nobis
1337 4220 1515 4276 pugna
1546 4207 1783 4276 ineatur,
1824 4211 1879 4268 in
1903 4232 2013 4286 quo
2040 4225 2227 4272 noster
2256 4228 2628 4288 prepugnator
2663 4234 2762 4273 suo
2808 4232 3059 4274 sermone
3122 4219 3263 4272 viam
3335 4230 3477 4286 pra:-

222 4296 573 4353 monstravit.

292 4392 516 4463 Πρῶτον
543 4390 599 4443 δέ
638 4408 778 4462 φημι
825 4392 1022 4464 χρῆναι
1058 4396 1233 4449 πᾶσαν
1265 4397 1357 4450 ἐπὶ
1385 4398 1663 4469 κεφαλαίῳ
1698 4398 1797 4469 τὴν

1971 4398 2212 4453 Primum
2246 4406 2425 4453 autem
2457 4397 2581 4451 dico
2615 4404 2866 4467 Oportere
2898 4412 3112 4453 omnem
3162 4403 3475 4455 summatim

216 4485 497 4557 ἡμετέραν
524 4484 653 4556 περὶ
679 4482 786 4537 τῶν
817 4484 1098 4555 δογμάτων
1138 4487 1401 4559 ὑπόληψιν
1444 4491 1537 4545 καὶ
1565 4492 1665 4562 τὴν
1692 4481 1798 4544 τῶν

218 4573 432 4645 ἐχθρῶν
484 4573 619 4643 πρὸς
671 4574 817 4643 ἡμᾶς
868 4574 1159 4645 διαφωνίαν
1206 4580 1525 4651 ἐπιδραμεῖν
1556 4621 1571 4646 ,
1608 4582 1683 4645 ὼς
1732 4582 1798 4636 ἂν

217 4664 431 4733 γένοιτο
477 4663 597 4718 καθ’
622 4664 738 4717 ὁδὸν
787 4666 978 4736 ήμῖνή
1018 4667 1127 4719 τῶν
1167 4671 1538 4742 προκειμένων
1585 4673 1793 4743 σκέψις.

221 4755 382 4810 ⁸Ἐστι
424 4756 600 4809 τοίνυν
634 4756 693 4809 τὸ
734 4756 1024 4826 κεφάλαιον
1066 4759 1163 4830 τῆς
1196 4761 1301 4813 τῶν
1337 4764 1676 4833 Χριστιανῶν
1707 4766 1798 4818 εύ-

219 4846 465 4910 σεὸείας,
493 4844 551 4898 τὸ
603 4846 879 4900 πιστεύειν
919 4847 1010 4900 τὸν
1037 4849 1310 4921 Μονογενῆ
1357 4851 1508 4917 Θεὸν,
1548 4855 1606 4915 ὃς
1648 4856 1793 4907 ἐστιν

216 4935 475 5007 ἀλήθεια,
499 4936 591 4989 καὶ
630 4936 745 5005 φῶς
796 4937 1064 5009 ἀληθινὸν,
1099 4942 1191 4993 καὶ
1238 4941 1464 5011 δύναμις
1516 4944 1671 5008 Θεοῦ,
1700 4948 1792 5000 καὶ

216 5027 364 5099 ζωήο
397 5027 611 5098 ἀληθῶς
644 5029 818 5083 πάντα
848 5027 983 5084 εἶναι
1011 5031 1045 5085 ἃ
1074 5032 1307 5101 λέγεται,
1333 5037 1400 5089 τά
1432 5054 1487 5088 τε
1522 5038 1653 5090 ἄλλα
1700 5040 1793 5091 καὶ

216 5121 328 5191 πρὸ
349 5120 455 5173 τῶν
482 5121 654 5175 ἄλλων
694 5122 890 5189 ταῦτα,
916 5124 1047 5177 Θεὸν
1090 5128 1182 5179 καὶ
1216 5128 1485 5199 ἀλήθειαν,
1521 5130 1788 5195 τουτέστι,

214 5214 352 5268 Θεὸν
374 5214 513 5267 κατά
535 5215 791 5287 ἀλήθειαν
813 5217 898 5271 ἀεὶ
926 5220 1072 5282 ὄντα,
1095 5221 1229 5292 ὅπερ
1251 5225 1447 5275 νοεῖται
1473 5224 1563 5276 καὶ
1590 5224 1790 5294 ὀνομά-

215 5305 372 5370 ζεται
403 5321 418 5336 ⁸
449 5307 541 5359 καὶ
568 5304 690 5359 οὔτε
732 5308 859 5361 ποτὲ
890 5308 962 5379 μὴ
995 5310 1140 5374 ὄντα,
1173 5310 1294 5365 οὔτε
1330 5314 1460 5367 ποτὲ
1499 5314 1573 5384 μὴ
1603 5316 1793 5385 ἐσόμεο

215 5412 330 5448 νον.
354 5389 427 5448 Οὖ
456 5397 516 5450 τὸ
545 5394 681 5451 εἶναι
711 5399 739 5451 ὃ
790 5400 844 5453 τί
889 5417 1017 5454 ποτε
1073 5403 1190 5455 κατ’
1234 5404 1421 5458 οὐσίαν
1458 5406 1593 5468 ἐστὶ,
1616 5408 1790 5460 πᾶσαν

214 5485 476 5554 ικφεύγει
526 5489 932 5561 καταληπτικὴν
964 5490 1147 5559 ἔφοδον
1204 5496 1295 5548 καὶ
1345 5494 1793 5567 πολυπραγμοσύ-

215 5593 339 5648 νην.
382 5577 538 5649 Ἡμῖν
563 5580 646 5647 δὲ,
678 5580 857 5647 καθώς
899 5600 1030 5656 φησι
1076 5586 1171 5657 τῆς
1207 5586 1409 5658 Σοφίας
1456 5591 1483 5644 6
1526 5588 1700 5657 λόγος,
1727 5591 1790 5643 ἐκ

296 5755 320 5789 ⁵
361 5755 487 5827 Sap.
532 5773 645 5820 xm,

1903 4500 2151 4546 nostram
2182 4490 2249 4544 de
2287 4488 2523 4543 decretis
2550 4489 2861 4558 opinionem
2892 4496 2946 4544 et
2971 4489 3317 4546 inimicorum
3345 4508 3478 4547 cono

1900 4592 1983 4637 tra
2033 4599 2133 4638 nos
2179 4581 2573 4637 dissensionem
2627 4595 2970 4651 percurrere,
3030 4591 3088 4635 ut
3131 4594 3279 4639 recte
3314 4593 3477 4655 atque

1897 4675 2090 4729 ordine
2127 4673 2284 4728 nobis
2324 4672 2582 4742 procedat
2618 4672 3051 4743 propositionum
3087 4678 3473 4731 consideratio.

1897 4765 1996 4820 Est
2046 4766 2210 4836 igitur
2255 4764 2583 4819 Christiana:
2638 4763 2859 4834 pietatis
2914 4775 3078 4834 caput
3136 4774 3189 4819 et
3240 4783 3472 4834 summa,

1900 4858 2246 4930 Unigenitum
2294 4856 2466 4911 Deum
2515 4858 2758 4920 credere,
2792 4859 2882 4927 qui
2915 4868 2997 4912 est
3033 4858 3253 4923 veritas,
3290 4868 3342 4912 et
3382 4859 3473 4911 lux

1898 4960 2123 5014 vera,et
2165 4950 2258 5004 Dei
2301 4952 2494 5014 virtus,
2526 4958 2579 5004 et
2610 4951 2743 5013 vita,
2778 4966 2905 5004 vere
2956 4950 3137 5003 omnia
3188 4965 3310 5005 esse
3353 4966 3473 5019 qua:

1898 5045 2119 5107 dicitur,
2168 5044 2381 5114 aliaque
2422 5052 2475 5097 et
2509 5051 2634 5097 ante
2670 5042 2772 5095 alia
2809 5044 2943 5103 lucc,
3000 5042 3166 5095 Deum
3201 5057 3392 5111 nempe
3420 5051 3475 5097 et

1898 5136 2203 5195 veritatem,
2242 5133 2344 5187 hoc
2374 5140 2457 5188 est
2507 5132 2677 5187 Deum
2721 5132 2775 5187 in
2824 5132 3053 5185 veritate
3088 5147 3299 5201 semper
3328 5148 3470 5194 esse,

1897 5223 2040 5296 quod
2064 5224 2385 5294 intelligitur
2409 5232 2461 5278 et
2496 5222 2850 5278 nominatur:
2885 5238 3061 5293 neque
3089 5238 3328 5290 unquam
3364 5238 3469 5277 non

1896 5334 2034 5381 esse,
2093 5332 2269 5387 neque
2318 5331 2553 5386 unquam
2600 5330 2709 5368 non
2752 5314 2992 5367 futurum
3046 5332 3058 5366 :
3115 5313 3272 5382 cujus
3326 5328 3467 5371 esse.

1896 5409 2160 5480 quidquid
2191 5408 2406 5463 tandem
2441 5424 2537 5479 per
2566 5408 2858 5461 essentiam
2890 5415 2994 5469 est,
3036 5422 3249 5460 onmem
3285 5405 3471 5478 eﬂ‘ugit

1896 5500 2397 5571 comprehensivam
2470 5498 2896 5552 insinuationem
2956 5506 3011 5551 et
3069 5497 3463 5552 curiositatem.

1896 5591 2063 5649 Nobis
2113 5603 2319 5658 autem,
2363 5592 2503 5649 sicut
2546 5590 2722 5661 inquit
2774 5588 3065 5661 Sapientiae
3094 5604 3275 5647 sermo
3305 5591 3349 5658 ⁸,
3398 5606 3466 5645 ex
