4034 6482
591 387 698 469 ﬁt?

1876 390 1937 476 S’.
1973 391 2304 469 οῐιειιοῐιιι
2342 391 2639 466 ΝΥΒΞΕΝΙ

3735 393 3839 464 si;

592 518 777 589 rerum
843 486 1151 585 creatarum
1205 506 1579 576 magnitudine
1634 516 1689 563 et
1752 509 2157 582 pulchritudine

2274 510 2521 581 μεγέθους
2573 510 2667 566 καὶ
2718 508 2982 580 καλλονῆς
3030 506 3341 577 κτισμάτων
3382 505 3522 565 κατά
3558 524 3687 567 τινα
3730 510 3838 577 τῶν

596 596 947 665 proportione
986 596 1221 666 quadam
1272 613 1461 652 eorum
1496 613 1616 668 quae
1665 609 2074 669 cognoscuntur
2106 602 2157 655 in

596 685 964 755 cognitionem
999 688 1148 740 venit
1186 688 1328 756 quod
1364 691 1453 749 sit.
1486 690 1662 744 solum
1702 688 1861 745 ﬁdem
1890 706 1987 760 per
2020 706 2153 761 ope-

598 778 859 841 rationes,
896 775 1373 849 noncognitionem
1390 777 1507 847 ejus
1524 782 1667 849 quod
1702 781 1775 836 sit
1823 782 2157 852 gratiﬁcans.

594 870 733 923 Cum
770 869 936 939 igitur
982 869 1097 923 haec
1149 870 1291 939 apud
1342 885 1533 926 omnes
1565 872 1909 948 Christianos
1961 875 2154 941 intelli-

597 961 779 1031 gentia
813 960 1121 1031 przevaleat,
1144 961 1265 1035 illos
1301 968 1480 1040 autem
1502 963 1626 1018 dico
1662 965 1755 1035 qui
1788 964 1887 1020 hac
1920 967 2163 1036 appella-

600 1054 745 1120 tione
779 1061 908 1109 sunt
936 1053 1107 1124 digni,
1159 1053 1251 1123 qui
1283 1068 1353 1126 ex
1384 1055 1498 1127 lege
1540 1055 1676 1130 nihil
1733 1056 1963 1113 adorare
2016 1058 2160 1127 quod

600 1160 707 1199 non
738 1146 808 1201 sit
852 1161 1013 1200 verus
1054 1145 1216 1210 Deus,
1248 1145 1579 1213 didicerunt,
1617 1147 1747 1202 dum
1794 1149 1896 1221 ipsi
1932 1150 2162 1204 adorant

606 1235 950 1315 linigenitum
990 1234 1179 1301 Deum,
1218 1235 1273 1289 in
1308 1237 1533 1307 veritate
1575 1238 1903 1305 confitentur
1932 1255 2031 1299 nec
2064 1239 2165 1294 fal-

2260 600 2672 672 γινωσκομένων
2729 600 3018 667 ἀναλογίαν
3074 601 3154 661 είς
3203 596 3405 666 γνῶσιν
3461 598 3685 670 ἔρχεται
3745 601 3835 655 τοῦ

2261 689 2418 756 εἶναι,
2469 692 2627 763 μόνον
2658 691 2755 763 τήν
2784 691 2966 746 πίστιν
3013 692 3102 747 διά
3142 692 3253 746 τῶν
3282 692 3597 762 ἐνεργειῶν,
3629 693 3693 755 οὐ
3732 691 3835 761 τήν

2261 785 2460 852 γνῶσιν
2528 782 3201 854 τουτέστι’χαριξὸμενος.
3255 784 3465 853 Ταύτης,
3519 783 3700 835 τοίνυν
3739 782 3837 851 τῆς

2261 875 2495 939 διανοίας
2535 875 2687 947 παρά
2714 876 2848 929 πᾶσι
2899 878 3009 938 τοῖς
3037 876 3378 947 Χριστιανοῖς
3406 872 3835 945 κεκρατηκυίας,

2261 971 2373 1032 τοῖς
2402 984 2465 1035 γε
2495 968 2593 1037 τῆς
2620 967 2933 1037 ὲπωνυμίας
2961 967 3161 1037 ταύτης
3189 967 3382 1034 ἀξίοις,
3407 965 3638 1029 ἐκείνοις
3672 967 3834 1035 φημὶ,

2264 1061 2587 1129 προσκυνεῖν
2620 1058 2769 1129 παρά
2825 1058 2917 1112 τοῦ
2972 1058 3135 1129 νόμου
3194 1057 3567 1129 μεμαθηκόσιν
3605 1057 3774 1129 μηδὲν
3811 1056 3841 1110 δ

2265 1153 2339 1222 μή
2392 1154 2537 1217 ἐστιν
2580 1149 2831 1220 ἀληθινὸς
2874 1150 3037 1215 Θεὸς,
3083 1150 3231 1220 αὐτῷ
3268 1149 3348 1221 τῷ
3386 1151 3715 1221 προσκυνεῖν
3752 1148 3840 1207 τὸν

2267 1239 2526 1310 μονογενῆ
2550 1239 2681 1293 Θεὸν
2701 1281 2715 1302 ,
2743 1239 3091 1308 ὁμολογοῦσιν
3124 1241 3182 1292 ἐν
3202 1238 3430 1310 ἀληθείᾳ
3457 1239 3552 1291 καὶ¹
3579 1238 3641 1290 οὐ
3674 1236 3839 1306 ψευδ-

596 1328 924 1397 sinominem
962 1327 1128 1401 Deum
1154 1343 1299 1401 esse.
1340 1330 1652 1401 corruptrix
1690 1332 1878 1402 rubigo
1910 1332 2165 1389 Ecclesiae

2274 1330 2476 1401 ώνυμον
2515 1326 2653 1384 εἶναι
2694 1330 2847 1393 Θεὸν,
2875 1326 3035 1401 ἦλθεν
3060 1331 3093 1401 ή
3133 1330 3452 1401 φθοροποιὸς
3481 1328 3713 1400 ὲρυσίϐη
3742 1327 3839 1397 τῆς

598 1420 840 1484 inolevit,
880 1434 999 1489 qtue
1035 1419 1120 1488 pia
1163 1419 1372 1491 semina
1418 1420 1629 1474 inutilia
1662 1420 1915 1487 reddens,
1950 1421 2164 1495 Judaici

2277 1422 2647 1493 Ἐκκλησίαςή
2682 1420 2971 1494 ἀχρειοῦσα
3005 1422 3070 1475 τὰ
3101 1422 3299 1491 εὐσεϐῆ
3338 1421 3651 1492 σπέρματα,
3674 1421 3709 1489 ὴ
3743 1422 3839 1489 τῆς

594 1509 805 1581 erroris
854 1516 1102 1577 patrona,
1145 1509 1308 1562 habet
1356 1510 1561 1579 aliquid
1596 1512 1926 1583 Graecanica:
1976 1514 2166 1582 impie-

2278 1516 2569 1583 Ἰουδαϊκῆς
2629 1515 2842 1585 ἀπάτης
2897 1516 3191 1585 συνήγορος
3243 1513 3442 1584 έχουσά
3487 1529 3540 1565 τι
3593 1511 3688 1565 καὶ
3741 1511 3840 1580 τῆς

600 1596 747 1667 tatis.
779 1595 837 1648 In
868 1610 933 1649 eo
974 1596 1119 1650 enim
1152 1597 1296 1665 quod
1330 1597 1495 1652 Deum
1523 1599 1685 1670 ﬁngat
1717 1613 1982 1667 creatum,
2015 1604 2166 1659 Grae-

2278 1606 2591 1677 Ἐλληνικῆς
2635 1605 2842 1668 ἀθεῖας.
2871 1605 2961 1675 Τῷ
2987 1606 3083 1676 μὲν
3103 1606 3209 1676 γάρ
3238 1604 3449 1657 κτιστὸν
3475 1604 3840 1657 ἀναπλάττειν

598 1702 790 1765 eorum
820 1687 993 1741 errori
1028 1689 1427 1757 patrocinatur;
1461 1690 1515 1744 in
1544 1706 1609 1745 eo
1638 1707 1766 1747 vero
1795 1694 1941 1764 quod
1966 1694 2165 1749 Filium

2274 1699 2417 1760 Θεὸν,
2449 1699 2548 1768 τῆς
2577 1696 2684 1753 τῶν
2717 1696 2979 1766 Ἐλλήνων
3029 1694 3240 1767 ἀπάτης
3276 1697 3573 1766 συνήγορος
3610 1696 3836 1762 γίνεται·

601 1784 710 1856 n'on
745 1777 1026 1848 suscipiat,
1064 1777 1349 1833 Iudaicum
1385 1785 1727 1837 commendat
1752 1799 2013 1841 errorem.
2043 1786 2167 1842 Haec

2274 1789 2345 1860 τῷ
2388 1790 2444 1843 δὲ
2489 1790 2562 1859 μὴ
2611 1788 3008 1859 παραδέχεσθαι
3056 1790 3147 1842 τὸν
3197 1789 3322 1841 Υίὸν
3346 1830 3360 1852 ,
3395 1789 3493 1860 τὴν
3547 1788 3839 1857 Ἰουδαῖκὴν

602 1849 765 1938 igitur
799 1869 1021 1924 haeresis
1053 1885 1172 1939 quae
1200 1870 1454 1926 obliterat
1496 1887 1676 1927 veram
1723 1872 1934 1929 Domini
1969 1875 2167 1931 divini-

2275 1849 2562 1951 συνίστησι·
2594 1849 2799 1951 πλάνην
2882 1880 3017 1950 αὕτη
3045 1880 3287 1951 τοίνυνή
3336 1849 3543 1950 αἵρεσις
3577 1883 3610 1949 ή
3660 1849 3837 1951 παρα-

602 1968 791 2023 tatem,
826 1969 878 2015 et
907 1976 1028 2029 quae
1062 1961 1239 2030 ipsum
1270 1976 1379 2016 non
1412 1962 1715 2018 increatum
1745 1964 2166 2022 existimandum

601 2069 724 2129 esse
752 2054 1051 2122 praestruit,
1095 2068 1197 2108 nec
1249 2053 1381 2109 illud
1437 2069 1562 2110 esse
1604 2055 1750 2125 quod
1801 2056 2021 2126 quidem
2073 2074 2170 2127 per

601 2148 893 2205 essentiam
934 2154 989 2202 et
1038 2147 1292 2203 virtutem
1345 2155 1401 2202 et
1454 2148 1770 2218 dignitatem
1810 2158 1898 2203 est
1956 2147 2167 2205 Pater:

605 2219 877 2304 siquidem
933 2224 1136 2314 ubique
1188 2237 1417 2314 veritate
1462 2236 1911 2307 circumlulgente
1964 2240 2167 2295 nullam

606 2325 805 2379 habent
849 2310 1313 2405 adStt'uCtionem'
1354 2326 1468 2405 haec
1524 2326 1785 2399 nebulosa
1841 2337 2166 2395 commenta,

604 2402 867 2496 omnibus
892 2416 1223 2486 posthabitis
1269 2402 1391 2487 quae
1429 2417 1494 2471 ad
1537 2415 1645 2471 Deo
1675 2417 1927 2472 decoram
1956 2428 2009 2473 et
2037 2434 2169 2474 con-

603 2511 909 2570 venientem
982 2509 1218 2579 aliquam
1278 2508 1734 2580 gloriﬁcationem
1789 2527 1819 2563 a
1886 2510 2168 2583 Scriptura

602 2606 827 2659 inventa
876 2613 1005 2660 sunt
1034 2605 1278 2670 nomina,
1308 2614 1363 2661 et
1396 2621 1515 2677 quae
1548 2614 1655 2660 tam
1702 2607 1767 2661 de
1814 2606 1973 2662 Patre
2005 2624 2168 2677 quam

603 2696 672 2750 de
716 2695 855 2749 Filio
907 2696 1197 2763 dicuntur;
1246 2705 1511 2753 venerunt
1564 2696 1631 2751 ad
1676 2698 1730 2753 id
1785 2698 1927 2769 quod
1970 2699 2170 2753 dicitur

605 2796 800 2865 nomen
840 2787 1186 2858 ἀγεννησίας,
1240 2787 1308 2840 ab
1362 2787 1448 2842 his
1493 2788 1625 2857 ipsis
1686 2788 1740 2841 in
1802 2799 2167 2860 contemptum

605 2880 909 2948 uiajestatis
944 2869 1217 2961 Ultigettiti
1243 2879 1557 2935 eonllctum.
1592 2883 1725 2934 Cum
1750 2882 1893 2936 enim
1927 2883 2011 2952 pia
2044 2898 2171 2936 con-

604 2971 775 3025 fessio
808 2972 965 3026 lidem
994 2975 1046 3025 in
1080 2969 1429 3041 Unigenitum
1456 2970 1626 3026 Deum
1673 2972 1863 3027 doceat
1894 2982 1953 3045 nt
1981 2989 2168 3029 omnes

605 3044 806 3116 'Filium
841 3064 1128 3128 honorent,
1166 3064 1307 3117 sicut
1355 3062 1567 3117 Patrem
1605 3063 1783 3131 ipsum
1820 3064 2024 3118 honore
2052 3063 2167 3120 alli-

604 3156 797 3233 ciunt:
832 3170 1021 3210 omnes
1057 3154 1192 3210 istas
1240 3155 1356 3224 pias
1388 3169 1547 3208 voces
1581 3155 1782 3223 quibus
1828 3154 1947 3209 Filii
1979 3154 2167 3224 ampli-

606 3248 756 3309 tudo,
781 3246 896 3315 pari
920 3246 1122 3319 honore
1154 3260 1277 3299 eum
1318 3244 1495 3299 Patris
1517 3246 1779 3314 dignitate
1808 3247 2165 3317 signiﬁcatur,

606 3340 1005 3409 propulsantes.
1029 3338 1153 3393 inde
1185 3338 1287 3393 sibi
1319 3338 1454 3407 ipsis
1478 3337 1699 3393 nefaria
1724 3348 1777 3394 et
1809 3338 1973 3394 Deum
2007 3340 2171 3394 abne-

606 3433 785 3501 gantis
836 3434 889 3488 in
922 3432 1173 3501 dogmate
1225 3433 1520 3502 impietatis
1569 3434 1835 3505 principia
1874 3443 1929 3489 et
1977 3434 2171 3489 funda-

607 3534 787 3576 menta
818 3524 1329 3577 comminiscuntur.
1369 3525 1636 3590 Quoniam
1673 3528 1815 3579 enim
1865 3527 2171 3594 unigenitus

608 3614 775 3688 Deus.
804 3614 945 3671 sicut
970 3630 1069 3667 vox
1098 3614 1372 3685 Evangelii
1401 3616 1581 3679 docet,
1608 3633 1671 3671 ex
1705 3615 1864 3671 Patre
1891 3618 2081 3681 exivit,
2117 3624 2172 3669 et

609 3707 675 3759 ab
723 3721 786 3761 eo
820 3713 906 3760 est
948 3723 961 3759 :
998 3706 1122 3761 aliis
1162 3706 1477 3762 nominibus
1517 3708 1927 3776 intelligentiam
1984 3723 2173 3776 perpe—

608 3814 724 3853 ram
769 3806 1220 3863 transmutantcs,
1277 3816 1372 3873 per
1427 3800 1516 3853 illa
1544 3815 1727 3855 veram
1784 3801 1940 3854 iidem
1973 3798 2174 3854 dilace-

607 3898 748 3945 rant.
768 3890 903 3953 Cum
928 3890 1074 3944 enim
1103 3891 1304 3959 veritas
1332 3890 1545 3954 doceat,
1573 3888 1717 3959 quod
1746 3888 1906 3945 Pater
1932 3905 1997 3944 ex
2027 3891 2169 3943 nulla

607 3980 887 4051 superiore
916 3983 986 4037 sit
1013 3997 1200 4047 causa,
1242 3982 1329 4055 isti
1362 3982 1709 4052 ἀγεννησίαν,
1744 3981 1796 4036 id
1828 3991 1935 4043 est,
1967 3983 2175 4050 ingene-

606 4074 888 4136 rationem,
926 4061 1281 4143 nominarunt
1320 4074 1477 4128 talem
1508 4072 1806 4135 notionem,
1834 4084 1887 4127 et
1917 4087 1980 4127 ex
2018 4071 2175 4125 Patre

605 4163 881 4237 Unigeniti
918 4164 1331 4237 subsistentiam
1369 4164 1739 4235 generationis
1766 4164 1984 4218 nomine
2006 4163 2176 4233 signi-

609 4254 772 4307 licant
797 4272 809 4306 :
840 4253 1035 4309 deinde
1056 4254 1193 4307 duas
1215 4269 1376 4308 voces
1396 4264 1802 4323 componentes,
1829 4253 2171 4323 ἀγεννησίαν,

608 4346 1071 4415 ingenerationem,
1112 4354 1166 4401 et
1203 4346 1476 4416 γέννησιν,
1502 4348 1908 4415 generationem,
1958 4358 2176 4399 contra-

606 4437 837 4491 dictorie
868 4437 970 4491 sibi
1001 4437 1232 4493 invicem
1270 4438 1645 4511 adversantes,
1684 4436 1809 4504 inde
1833 4452 2176 4506 consequen-

2273 1973 2589 2045 γραφομέντ⁸
2634 1972 2729 2043 τὴν
2781 1970 3041 2043 ἀληθινήν
3080 1970 3174 2023 τοῦ
3218 1971 3423 2041 Κυρίου
3467 1970 3717 2045 θεότητα,
3748 1971 3838 2023 καὶ

2274 2062 2763 2135 παρασκευάζουσα
2798 2063 2871 2133 μὴ
2922 2062 3171 2115 ἄκτιστον
3203 2062 3364 2117 αὐτὸν
3404 2056 3544 2115 εἶναι
3571 2062 3681 2114 δεῖν
3710 2062 3839 2114 6m-

2273 2152 2566 2226 λαμϐάνειν
2584 2167 2596 2179 ·
2627 2152 2723 2205 καὶ
2758 2152 2833 2223 μὴ
2867 2152 3039 2205 ἐκεῖνο
3058 2152 3193 2223 ὅπερ
3218 2152 3335 2211 κατ’
3355 2153 3541 2206 οὐσίαν
3562 2154 3656 2205 καὶ
3684 2150 3839 2205 δῦνα-

2277 2260 2367 2313 μιν
2397 2242 2490 2296 καὶ
2530 2241 2685 2306 ἀξίαν
2730 2234 2877 2297 ἐστὶν
2921 2244 2949 2293 ὁ
2991 2243 3197 2313 Πατήρ.
3255 2243 3468 2313 Ἐπειδὴ
3510 2243 3839 2311 πανταχόθεν

2271 2333 2373 2404 τῆς
2414 2333 2666 2403 ἀληθείας
2715 2333 3190 2409 περιλαμπούσης,
3235 2334 3487 2405 οὐδεμίαν
3536 2335 3646 2403 ἔχει
3680 2351 3840 2386 κατα-

2276 2424 2472 2496 σκευήν
2499 2424 2565 2478 τὰ
2594 2422 2803 2495 ζοφώδη
2829 2424 3001 2478 ταῦτα
3040 2426 3283 2495 νοήματα
3315 2442 3329 2456 ⁸
3366 2427 3541 2479 πάντα
3580 2426 3691 2477 τῶν
3727 2426 3839 2477 δνο-

2277 2516 2460 2587 μάτων
2488 2514 2827 2587 ὑπεριδόντες
2853 2514 2957 2567 τῶν
2984 2516 3062 2576 είς
3084 2514 3359 2585 θεοπρεπῆ
3392 2531 3511 2566 τινα
3538 2513 3839 2579 δοξολογίαν

2273 2609 2425 2679 παρά
2451 2610 2547 2679 τῆς
2585 2608 2805 2678 Γραφῆς
2854 2605 3201 2678 εὑρεθέντων,
3234 2606 3431 2677 ὁμοίως
3472 2607 3563 2658 ἐπὶ
3595 2605 3688 2658 τοῦ
3736 2606 3837 2658 Πα-

2272 2701 2399 2772 τρὸς
2422 2700 2517 2753 καὶ
2546 2698 2639 2751 τοῦ
2660 2697 2791 2751 Υίοῦ
2811 2698 3135 2768 λεγομένων,
3150 2693 3310 2767 ἦλθον
3335 2696 3425 2749 ἐπὶ
3446 2696 3505 2747 τὸ
3528 2696 3625 2764 τῆς
3671 2696 3839 2761 ἀτεν-

2272 2792 2496 2860 νησίας
2520 2790 2689 2860 ὄνομα
2711 2830 2725 2853 ,
2751 2788 2811 2843 τὸ
2851 2789 2977 2860 παρ’
3016 2787 3191 2842 αὐτῶν
3226 2785 3424 2839 τούτων
3467 2786 3557 2838 ἐπὶ
3590 2784 3838 2855 ἀθετήσει

2273 2884 2371 2954 τῆς
2406 2880 2817 2952 μεγαλειότητος
2863 2879 2955 2932 τοῦ
2995 2876 3314 2949 μονογενοῦς
3343 2876 3473 2930 Θεοῦ
3519 2878 3839 2946 συμπεπλα-

2275 2973 2486 3044 σμένον.
2509 2972 2619 3041 Τῆς
2642 2971 2747 3041 γὰρ
2768 2969 3019 3032 εὐσεϐοῦς
3039 2968 3321 3037 ὁμολογίας
3340 2966 3436 3037 τὴν
3460 2968 3535 3029 είς
3570 2966 3660 3019 τὸν
3691 2984 3841 3036 μονο-

2273 3065 2404 3135 γενῆ
2437 3065 2567 3119 Θεὸν
2600 3064 2778 3117 πίστιν
2809 3060 3271 3131 ὼγματιζοὺσης,
3306 3060 3394 3114 ἵνα
3418 3060 3615 3123 πάντες
3640 3059 3840 3129 τιμῶσι

2274 3159 2365 3211 τὸν
2389 3157 2514 3210 Υίὸν
2542 3154 2721 3219 καθὼς
2750 3144 2960 3224 τιμῶσι
2985 3153 3076 3205 τὸν
3102 3152 3336 3223 Πατέρα,
3361 3152 3537 3214 πάσας
3567 3144 3714 3203 οῦτοι
3746 3151 3841 3214 τάς

2272 3249 2511 3311 εὐσεϐεῖς
2536 3247 2737 3317 φωνὰς,
2756 3240 2843 3308 αἷς
2866 3247 2899 3316 ή
2920 3244 3010 3297 τοῦ
3031 3243 3159 3297 Υἱοῦ
3186 3241 3538 3314 μεγαλειότης
3566 3242 3842 3311 όμοτίμως

2273 3341 2408 3411 πρὸς
2429 3339 2527 3410 τὴν
2555 3337 2647 3391 τοῦ
2681 3337 2891 3408 Πατρὸς
2923 3336 3077 3401 ἀξίαν
3114 3334 3554 3406 διασημαίνεται,
3588 3334 3844 3400 παρωσά⁴

2278 3449 2464 3501 μενοι,
2496 3430 2742 3484 ἐντεῦθεν
2786 3432 2997 3492 ἑαυτοῖς
3052 3428 3151 3497 τῆς
3206 3427 3365 3480 ἀθέου
3415 3429 3542 3497 περὶ
3570 3427 3631 3479 τὸ
3670 3427 3844 3496 δόγμα

2275 3524 2613 3594 παρανομίας
2636 3522 2733 3585 τὰς
2760 3522 2931 3591 ἀρχὰς
2958 3522 3051 3574 καὶ
3085 3521 3181 3585 τάς
3207 3520 3487 3584 ὑποθέσεις
3519 3518 3840 3573 ἐπινοοῦσιν.

2285 3616 2498 3687 Ἐπειδὴ
2534 3616 2639 3686 γὰρ
2664 3617 2692 3668 ό
2720 3613 3007 3685 μονογενὴς
3039 3612 3188 3677 Θεὸς,
3211 3612 3286 3675 ὼς
3322 3614 3355 3681 ἡ
3390 3610 3482 3664 τοῦ
3516 3610 3843 3679 Εὐαγγελίον

2273 3708 2507 3761 διδάσκει
2534 3706 2713 3776 φωνή,
2747 3708 2810 3759 ἐκ
2843 3704 2935 3758 τοῦ
2968 3704 3179 3776 Πατρὸς
3219 3702 3425 3773 ἐξῆλθε,
3463 3702 3555 3756 καὶ
3598 3702 3730 3773 παρ’
3760 3704 3846 3754 αὐ-

2274 3799 2366 3852 τοῦ
2396 3801 2541 3851 ἐστιν
2568 3816 2581 3829 ·
2616 3797 2794 3860 ἄλλοις
2831 3796 3057 3865 ὀνόμασι
3090 3795 3189 3866 τήν
3236 3794 3364 3865 παρ’
3400 3793 3564 3849 αὑτοῦ
3610 3793 3844 3847 διάνοιαν

2278 3889 2666 3959 μεταϐαλόντες
2706 3888 2772 3941 δι’
2797 3888 3018 3941 ἐκείνων
3049 3887 3145 3957 τὴν
3177 3885 3433 3955 ἀληθινὴν
3461 3885 3644 3937 πίστιν
3679 3902 3844 3937 κατα-

2280 3979 2669 4049 σπαράσσουσι.
2708 3980 2780 4032 Τὸ
2818 3979 2925 4051 γάρ
2964 3978 3039 4050 μὴ
3072 3978 3133 4031 ἐκ
3161 3995 3303 4040 τινος
3326 3977 3731 4047 ὑπερκειμένης
3758 3978 3843 4029 ai-

2274 4072 2395 4136 τίας
2442 4068 2578 4125 εἶναι
2626 4072 2717 4125 τὸν
2751 4073 3004 4143 Πατέρα,
3042 4072 3140 4141 τῆς
3185 4069 3439 4141 ἀληθείας
3470 4070 3843 4137 διδασκούσης.

2275 4157 2418 4216 οῦτοι
2486 4161 2856 4231 ἁγεννησίαν
2907 4162 3196 4234 ὠνόμασαν
3243 4162 3304 4215 τὸ
3353 4160 3592 4214 τοιοῦτον
3632 4162 3843 4231 νόημα·

2276 4254 2368 4307 καὶ
2400 4253 2496 4323 τὴν
2540 4254 2605 4306 ἐκ
2658 4254 2866 4325 Πατρὸς
2911 4254 3001 4306 τοῦ
3047 4251 3388 4321 Μονογενοῦς
3432 4252 3747 4315 ὑπόστασιν,
3770 4252 3846 4319 τῷ

2275 4345 2370 4414 τῆς
2394 4344 2697 4415 γεννήσεως
2722 4344 3128 4415 διασημαίνουσι
3167 4345 3389 4414 ῥήματι.
3408 4341 3537 4396 Εἶτα
3562 4344 3841 4405 συνθέντες

2275 4434 2371 4498 τάς
2395 4420 2486 4487 δύο
2514 4434 2713 4503 φωνὰς,
2742 4437 2836 4506 τὴν
2881 4437 3248 4505 ἁγεννησιδαν
3272 4453 3332 4488 τε
3367 4436 3458 4488 καὶ
3484 4435 3584 4505 τὴν
3636 4435 3846 4501 γένγηο

607 4528 741 4593 tium
794 4529 1014 4599 ignaros
1060 4537 1114 4595 et
1161 4530 1438 4601 imperitos
1487 4530 1539 4585 in
1578 4544 1820 4605 errorem
1866 4529 2169 4600 impellunt.

2278 4541 2381 4577 σιν
2421 4524 2785 4592 ἀντιφατικῶς
2818 4525 3231 4595 ἐναντιουμένοις
3278 4525 3557 4596 ἀλλήλαις,
3596 4526 3845 4578 ἐντεῦθεν

606 4616 741 4697 Νίκη
786 4628 844 4672 ut
889 4620 1033 4689 quis,
1072 4621 1303 4690 exempli
1338 4621 1533 4690 gratia,
1581 4620 1893 4686 declararit,
1954 4622 2174 4697 genitus

607 4718 715 4788 est,
748 4720 801 4765 et
832 4725 941 4764 non
974 4717 1057 4765 est
1078 4710 1317 4785 genitus,
1353 4712 1458 4764 tale
1488 4698 1590 4775 est,
1622 4712 1781 4780 quale
1812 4711 1963 4766 sedet
1983 4721 2036 4766 ct
2066 4729 2175 4767 non

608 4801 778 4863 sedet.
806 4811 857 4858 et
887 4817 1222 4872 quaacunque
1272 4803 1362 4861 tali
1399 4802 1698 4857 elleruntur
1725 4804 1885 4857 modo
1925 4823 1937 4857 :
1968 4804 2019 4858 hi
2050 4821 2177 4861 vero

608 4894 743 4948 istas
760 4910 917 4949 voces
946 4894 1015 4949 ab
1030 4910 1093 4948 ea
1119 4910 1239 4964 quae
1252 4904 1335 4949 est
1355 4895 1652 4964 secundum
1675 4903 1926 4949 naturam
1945 4898 2178 4967 genuina

609 4984 1003 5061 signiﬁcatione
1040 4974 1377 5039 dimoventes
1421 4986 1535 5040 sive
1571 4984 1977 5061 detorquentes,
2016 4988 2177 5041 aliam

608 5077 712 5133 sibi
760 5077 895 5147 ipsis
944 5077 1359 5132 accommodare
1412 5077 1822 5151 intelligentiam
1855 5079 1921 5132 ad
1962 5079 2179 5151 pictatis

606 5166 940 5222 eversionem
968 5182 1219 5236 perverse
1257 5167 1612 5221 contendunt.
1656 5167 1791 5233 Cum
1834 5168 2001 5239 enim,
2036 5168 2180 5222 sicut

607 5258 809 5312 dictum
832 5268 934 5322 est,
964 5259 1153 5311 horum
1172 5260 1459 5312 verborum
1487 5258 1842 5329 signiﬁcantia
1861 5260 2180 5333 aequivaleat

608 5349 655 5401 ei
674 5349 816 5417 quod
834 5350 1034 5402 dicitur
1057 5347 1304 5404 :sedetet
1320 5364 1428 5403 non
1445 5350 1596 5406 sedet
1638 5349 1863 5415 (tollitur
1882 5350 2025 5404 enim
2046 5365 2180 5419 quo-

609 5437 897 5491 dammodo
912 5440 966 5493 in
989 5439 1157 5492 altero
1175 5439 1597 5509 significatorum
1621 5440 1890 5509 alterum),
1909 5441 2046 5509 hanc
2062 5456 2180 5511 qua!

610 5537 694 5579 est
745 5529 1041 5586 secundum
1072 5530 1299 5605 formam
1352 5531 1669 5600 prolationis
1718 5532 2179 5609 contrarietatem,

611 5619 729 5686 ejus
746 5636 866 5689 qua:
881 5606 962 5674 est
980 5620 1274 5691 secundum
1297 5622 1588 5676 essentiam
1606 5606 1917 5677 di'll‘erentize
1948 5612 2180 5677 indicem

612 5727 735 5763 esse
783 5712 1023 5779 captiose
1062 5698 1293 5776 certant,
1340 5714 1467 5766 huic
1500 5711 1738 5782 quidem,
1777 5713 1915 5768 Filio
1966 5726 2177 5781 nempe,

614 5805 1043 5873 generationem;
1083 5804 1155 5859 illi
1186 5821 1328 5883 vero,
1356 5805 1498 5885 Patri
1530 5806 1794 5873 videlicet,
1822 5824 1924 5863 non
1957 5821 2181 5878 genera-

2276 4617 2401 4676 τούς
2446 4616 2700 4685 ἀνοήτους
2726 4614 2833 4668 τῶν
2872 4616 3150 4687 ἑπομένων
3178 4617 3356 4680 αὐτοῖς
3381 4616 3841 4687 παρακρούονται.

2277 4705 2350 4777 Τὸ
2374 4704 2481 4775 γὰρ
2508 4705 2770 4776 ἐγεννήθη
2817 4707 2909 4759 καὶ
2937 4708 3037 4759 οὐκ
3064 4706 3322 4778 ἐγεννήθη
3348 4746 3364 4770 ,
3390 4707 3464 4770 ὡς
3498 4706 3563 4759 ἄν
3597 4724 3683 4770 τις
3717 4708 3845 4759 ὐπο-

2276 4798 2527 4867 δείγματι
2575 4797 2916 4868 σαφηνίσειε,
2966 4798 3201 4851 τοιοῦτόν
3253 4800 3432 4863 ἐστιν,
3478 4793 3588 4851 οἷον
3644 4799 3739 4851 καὶ
3788 4800 3846 4850 τὸ

2279 4889 2511 4960 κάθηται
2536 4893 2629 4956 καὶ
2660 4891 2719 4943 οὐ
2750 4891 3002 4959 κάθηται,
3040 4891 3135 4944 καὶ
3157 4892 3257 4945 ὅσα
3282 4890 3357 4961 τῷ
3377 4890 3601 4960 τοιούτῳ
3630 4890 3845 4958 λέγεται

2280 4982 2464 5053 τρόπῳ
2487 4999 2499 5012 ’
2525 4983 2574 5033 οί
2595 4982 2651 5034 δὲ
2679 4983 2777 5055 τῆς
2800 4981 2941 5045 κατά
2969 4982 3127 5050 φύσιν
3147 4982 3254 5035 τῶν
3286 4983 3539 5054 ῥημάτων
3558 4982 3844 5050 ἐμφάσεως

2279 5075 2376 5137 τὰς
2422 5074 2604 5141 φωνὰς
2648 5074 2847 5137 ταύτας
2899 5076 3397 5146 παρακινήσαντες,
3441 5074 3607 5145 ἄλλην
3667 5075 3845 5136 αὐτοῖς

2284 5163 2611 5234 ἐφαρμόζειν
2656 5165 2888 5219 διάνοιαν
2917 5166 3009 5223 ἐπὶ
3058 5166 3368 5237 καθαιρέσει
3421 5167 3521 5235 τῆς
3569 5165 3845 5227 εὐσεϐείας

2281 5254 2688 5322 φιλονεικοῦσιν.
2744 5255 3180 5326 Ἱσοδυναμούσης
3227 5255 3354 5327 γὰρ,
3393 5254 3573 5317 καθὼς
3612 5257 3842 5326 εἴρηται,

2279 5347 2378 5416 τῆς
2408 5348 2513 5399 τῶν
2541 5348 2796 5418 ῥημάτων
2832 5348 3103 5417 σημασίας
3129 5346 3224 5418 τῷ,
3248 5348 3475 5418 κάθηται
3502 5348 3596 5399 καὶ
3628 5348 3693 5399 οὐ
3718 5345 3843 5399 κάθ-

2280 5455 2409 5506 ηται
2426 5454 2440 5469 ο
2465 5440 2765 5510 ἀναιρεῖται
2792 5440 2899 5508 γάρ
2930 5456 3046 5507 πως
3073 5440 3131 5506 έν
3148 5438 3356 5509 θατέρῳ
3388 5437 3494 5490 τῶν
3513 5436 3843 5507 σημαινομέ-

2282 5548 2387 5582 νων
2421 5530 2481 5582 τὸ
2497 5530 2681 5600 ἓτερον
2702 5549 2714 5563 ο
2740 5530 2939 5601 ταύτην
2961 5530 3058 5600 τήν
3093 5532 3215 5602 περὶ
3237 5531 3295 5586 τὸ
3316 5535 3495 5600 σχῆμα
3512 5528 3614 5596 τῆς
3647 5544 3843 5597 προψ

2287 5620 2382 5687 ρᾶς
2406 5619 2713 5673 ἐναντίωσιν
2739 5621 2837 5689 τῆς
2863 5622 2999 5674 κατά
3030 5622 3127 5691 τήν
3162 5620 3349 5673 οὐσίαν
3380 5617 3733 5689 παραλλαγῆς
3760 5618 3841 5667 ἐν-

2282 5711 2553 5781 δεικτικὴν
2575 5708 2710 5765 εἶναι
2741 5712 3062 5780 σοφίζονται.
3083 5712 3171 5781 Τῷ
3209 5711 3307 5780 μὲν
3332 5710 3428 5785 τὴν
3466 5709 3738 5778 γέννησιν,
3766 5705 3840 5773 τῷ

2284 5800 2339 5856 δὶ
2379 5802 2474 5871 τήν
2532 5802 2605 5872 μή
2637 5801 2884 5873 γέννησιν
2922 5802 3108 5857 οὐσίαν
3134 5796 3269 5855 εἶναι
3297 5800 3646 5871 διοριζόμενοι
3677 5816 3689 5828 ο
3724 5797 3840 5849 ut.
