4034 6476
268 308 378 368 91⁵1

1424 305 1703 363 CONTRA
1743 303 2127 371 EUNOMIUM,
2148 302 2277 358 LIB.
2318 301 2429 358 XII.

3403 287 3509 345 918

268 441 354 478 τοι
389 420 578 498 ὥσπερ
607 421 707 476 οὐκ
750 419 895 475 ἔστιν
940 421 1125 476 οὐσίαν
1163 420 1449 491 ἀνθρώπου
1503 423 1741 493 νομίσαι,
1785 420 1846 474 τὸ

1976 421 2175 485 ionem,
2201 418 2495 496 essentiam
2521 428 2646 471 esse
2668 412 3011 470 deﬁnientes.
3052 408 3218 480 Atqui
3250 407 3509 479 quemad—

273 515 544 586 καθῆσθαι
593 517 686 570 καὶ
717 515 794 586 μὴ
842 513 1106 585 καθῆσθαι
1138 513 1228 567 τὸν
1285 513 1599 585 ἄνθρωπονο
1625 515 1685 569 ού
1729 513 1840 586 γὰρ

271 607 366 663 τὸν
404 607 565 661 αὐτὸν
598 607 664 661 ἄν
689 625 773 671 τις
797 607 1020 678 ἀποδοίη
1047 607 1222 676 λόγον,
1241 607 1508 678 καθέδραν
1537 624 1596 660 τε
1627 607 1840 679 ἀνθρώ-

275 717 381 754 που
426 700 520 753 καὶ
568 698 852 769 ἄνθρωπον
897 699 1057 755 αὑτὸν
1097 698 1408 770 ὁριζόμενος
1434 715 1450 730 ο
1479 698 1652 762 οὔτως
1691 701 1725 770 ἡ
1768 698 1843 770 μὴ

275 790 592 859 γεννηθείσα
621 790 774 842 οὐσία
804 791 942 843 κατά
991 789 1088 860 τὴν
1133 788 1421 857 ἀναλογίαν
1462 787 1556 840 τοῦ
1593 787 1844 859 ῥηθέντος

277 885 410 953 ἡμῖν
431 881 840 952 ὑποδείγματος,
859 879 983 933 ἄλλο
1005 897 1055 932 τι
1080 879 1294 943 πάντως
1321 878 1436 932 ἐστὶ
1464 878 1539 948 τῷ
1569 877 1680 948 ἰδίῳ
1703 877 1844 947 λόγῳ

279 975 416 1046 πρὸς
441 974 500 1027 τὸ
533 975 598 1026 ὲκ
632 975 724 1028 τοῦ
758 973 830 1043 μὴ
856 971 1178 1042 γεννηθῆναι
1209 969 1551 1041 δηλούμενον.
1590 968 1726 1024 Ἀλλ’
1760 961 1848 1021 οὗ·

277 1085 364 1122 τοι
396 1067 531 1138 πρὸς
556 1065 648 1119 τὸν
685 1065 916 1135 πονηρὸν
954 1066 1155 1118 ἐκεῖνον
1191 1062 1387 1116 σκοπὸν
1416 1060 1745 1131 ἀφορῶντες,
1773 1058 1849 1122 ὼς

283 1160 352 1213 ἂν
378 1159 610 1230 μάλιστα
657 1160 756 1228 τῆς
804 1155 897 1209 τοῦ
929 1154 1263 1224 Μονογενοῦς
1285 1153 1535 1223 θεότητος
1560 1154 1593 1221 ὴ
1624 1151 1846 1222 ἄρνησις

283 1251 467 1312 αὐτοῖς
496 1248 765 1320 κυρωθείη
786 1265 799 1278 ο
835 1248 954 1316 οὐχὶ
982 1247 1080 1316 τὴν
1101 1244 1284 1300 οὐσίαν
1303 1243 1394 1297 τοῦ
1425 1243 1634 1314 Πατρὸς
1679 1243 1852 1310 ἀγεν-

282 1341 508 1408 νησίαν
546 1336 686 1392 εἶναι
728 1339 994 1406 λέγουσιν,
1021 1336 1134 1391 ἀλλ’
1163 1333 1595 1404 ἀναστρέψαντες
1636 1331 1728 1385 τὸν
1759 1330 1849 1401 λό-

283 1449 418 1501 γον.
463 1430 648 1484 οὐσίαν
698 1429 796 1499 τὴν
881 1427 1250 1496 ἀγεννησίαν
1292 1425 1564 1496 ὁρίζονται
1595 1463 1609 1488 ,
1649 1423 1735 1476 ἵνα
1783 1425 1851 1493 τῇ

283 1525 422 1596 πρὸς
445 1523 506 1576 τὸ
527 1522 777 1593 γεννητὸν
800 1519 1167 1590 ἁντιδιαστολῇ
1191 1518 1252 1572 τὸ
1285 1519 1384 1588 τῆς
1412 1517 1625 1586 φύσεως
1645 1513 1855 1586 παρηλ-

283 1612 550 1684 λαγμένον
579 1611 666 1664 διά
692 1610 792 1678 τῆς
838 1607 1201 1670 ἐναντιώσεως
1243 1607 1350 1658 τῶν
1373 1605 1646 1674 ὀνομάτων
1686 1619 1856 1658 κατα-

286 1705 616 1758 σκευάσωσι.
673 1703 784 1755 Kal
836 1700 971 1771 πρὸς
1023 1700 1119 1769 μὲν
1175 1699 1273 1768 τὴν
1333 1697 1586 1750 ἀσέϐειαν
1640 1695 1853 1767 μυρίοις

1941 512 2161 566 modum
2185 525 2291 565 non
2331 509 2456 563 licet
2487 506 2804 562 existimare
2831 502 3122 558 essentiam
3155 499 3393 554 hominis
3418 513 3509 553 se-

1941 603 2071 660 dere
2104 612 2157 658 et
2188 617 2296 658 non
2324 599 2545 666 sedere;
2577 598 2760 652 nullus
2779 595 2924 650 enim
2956 593 3201 652 eamdem
3237 590 3511 646 deﬁnitio-

1943 709 2066 748 nem
2095 691 2410 755 reddiderit,
2443 688 2680 744 hominis
2710 685 3023 742 cathedram
3048 691 3103 739 et
3133 685 3310 755 ipsum
3335 681 3512 738 homi-

1944 803 2068 842 nem
2099 785 2361 841 deﬁniens
2394 783 2512 840 :sic
2547 797 2658 837 non
2697 779 2877 850 genita
2911 778 3172 840 essentia,
3208 773 3511 832 secundum

1945 877 2247 948 analogiam
2265 876 2395 930 dicti
2418 890 2448 928 a
2471 875 2628 929 nobis
2649 871 2902 943 exempli,
2921 869 3066 927 aliud
3085 867 3340 938 quiddam
3355 880 3512 934 pror-

1947 987 2043 1028 sus
2069 981 2148 1026 est
2167 967 2466 1024 secundum
2485 965 2757 1036 propriam
2775 963 3061 1026 rationem,
3081 959 3149 1014 ab
3164 973 3230 1013 eo
3256 956 3399 1028 quod
3417 969 3513 1026 per

1949 1062 2001 1116 id
2033 1060 2178 1131 quod
2215 1074 2324 1113 non
2353 1067 2434 1112 est
2475 1057 2738 1127 genitum,
2783 1049 3143 1124 signiﬁcatur.
3178 1047 3286 1102 Sed
3321 1045 3413 1101 isti
3443 1043 3515 1098 ad

1948 1152 2101 1206 illum
2132 1149 2437 1220 improbum
2467 1162 2694 1216 scepum
2723 1149 3154 1214 prospectantes,
3184 1146 3244 1193 ut
3279 1136 3516 1192 maxime

1952 1243 2230 1313 Πιιὶμηὶιὶ
2254 1240 2471 1295 deitatis
2493 1237 2780 1307 abnegatio
2799 1233 3173 1295 conﬁrmetur,
3199 1243 3307 1283 non
3329 1242 3517 1283 essen-

1952 1336 2082 1390 tiam
2130 1333 2304 1388 Patris
2334 1347 2455 1388 esse
2491 1327 2815 1399 ἀγεννησίαν
2852 1333 3138 1390 asserunt;
3167 1320 3262 1377 sed
3299 1320 3518 1375 inversa

1951 1428 2200 1483 oratione
2228 1423 2572 1495 ἀγεννησίαν,
2613 1421 2666 1476 id
2697 1429 2801 1485 est,
2830 1417 3293 1489 ingencrationem,
3328 1427 3516 1467 essen-

1952 1522 2083 1576 tiam
2111 1535 2234 1575 esse
2261 1517 2548 1579 deﬁniunt,
2588 1523 2648 1569 ut
2679 1527 2775 1584 per
2804 1509 3162 1567 diﬁ‘erentiam
3193 1520 3315 1576 quae
3340 1510 3424 1559 est
3450 1500 3520 1555 ad

1955 1613 2010 1668 id
2035 1611 2181 1682 quod
2219 1611 2462 1680 genitum
2505 1614 2608 1670 est,
2644 1615 2850 1659 naturae
2885 1600 3258 1655 diversitatem
3292 1609 3388 1665 per
3416 1607 3520 1646 no-

1956 1704 2162 1758 minum
2198 1699 2636 1756 contrarietatem
2669 1697 3016 1764 praestruant.
3061 1689 3139 1743 Ac
3180 1685 3400 1757 quidem
3451 1683 3522 1736 ad

283 1796 581 1866 ὀφθαλμοῖς
633 1795 918 1864 βλέπουσι,
954 1792 1087 1864 πρὸς
1117 1792 1174 1844 δὲ
1202 1792 1262 1844 τὸ
1297 1791 1574 1859 ἀμήχανον
1596 1790 1693 1858 τῆς
1725 1787 1854 1859 περὶ

1981 1793 2286 1862 mpietatem
2358 1785 2848 1844 innumerabilibus
2899 1778 3076 1835 oculis
3141 1773 3520 1845 prospiciunt;

285 1892 446 1945 τοῦτο
488 1887 744 1956 σπουδῆς,
773 1886 846 1948 ὡς
869 1883 1172 1956 μεμυκότες
1205 1883 1271 1936 τὰ
1297 1882 1518 1952 ὄμματα
1556 1882 1656 1950 τῆς
1680 1879 1856 1950 ψυχῆς

284 1979 722 2052 ἀμϐλυώττουσι.
750 1977 843 2040 Τίς
866 1975 974 2047 γὰρ
1004 1975 1078 2045 μὴ
1118 1973 1429 2028 παντάπασι
1447 1973 1634 2042 λημῶν
1663 1971 1731 2025 τά
1758 1972 1856 2040 τῆς

284 2073 469 2143 ψυχῆς
517 2069 877 2140 αἰσθητήρια,
907 2069 967 2120 ού
1002 2068 1154 2138 διορᾷ.
1195 2066 1292 2136 τῆς
1327 2065 1420 2118 τοῦ
1457 2064 1721 2133 δόγματος
1761 2064 1856 2116 αύ-

284 2165 398 2218 τῶν
423 2163 595 2233 ἀρχῆς
627 2161 686 2214 τὺ
717 2161 923 2229 ἀπαγὲς
945 2147 1036 2212 acati.
1071 2157 1387 2220 ἀσύστατον,
1415 2156 1509 2209 καὶ
1539 2156 1613 2218 ὡς
1643 2155 1728 2207 ἐπ’
1764 2154 1857 2207 οὐ·

289 2253 440 2316 δενὸς
472 2252 701 2322 βέϐηκεν
730 2250 909 2313 αὐτοῖς
935 2247 1153 2316 όλόγος,
1185 2248 1214 2299 ό
1234 2245 1331 2317 τὴν
1387 2245 1751 2314 ἀγεννησίαν
1770 2245 1861 2296 ού-

292 2351 417 2403 σίαν
462 2347 629 2403 ποιῶν
667 2363 682 2376 ο
715 2343 855 2399 οὕτω
890 2345 997 2414 γὰρ
1027 2343 1212 2405 αὐτοῖς
1255 2343 1289 2412 ή
1324 2341 1504 2411 ἀπάτη
1530 2339 1865 2393 κατασκευά-

292 2446 466 2509 ζεται.
513 2440 665 2507 Λέξω
716 2439 773 2491 δὲ
827 2437 1007 2500 καθώς
1053 2437 1168 2489 ἐστι
1227 2434 1450 2488 δυνατὸν
1513 2433 1744 2505 ἰσχυρῶς
1796 2435 1864 2504 τῇ

293 2536 507 2606 ἰμαυτῇ
544 2534 692 2602 φωνῇ
742 2530 833 2583 τὸν
879 2530 986 2584 τῶν
1019 2528 1225 2599 ἐχθρῶν
1264 2526 1652 2598 ἀνθυποφέρων
1687 2525 1863 2594 λόγον.

1961 1861 2115 1938 adid
2149 1889 2328 1936 autem
2363 1878 2507 1950 quod
2545 1881 2599 1930 in
2648 1872 2926 1945 proposito
2957 1869 3060 1925 sibi
3087 1865 3270 1923 studio
3303 1861 3524 1917 omnino

1963 1974 2082 2030 ﬁeri
2123 1989 2230 2026 non
2265 1977 2468 2038 potest,
2518 1975 2776 2035 tanquam
2831 1962 3186 2018 eonniventes
3239 1963 3293 2011 et
3327 1951 3526 2008 mentis

1962 2065 2153 2120 oculos
2214 2061 2532 2116 claudentes
2585 2057 2822 2126 caligant
2878 2060 3040 2120 atque
3096 2045 3524 2102 ballucinantur.

1964 2156 2096 2224 Quis
2125 2153 2272 2208 enim
2303 2167 2412 2206 non
2446 2151 2670 2205 omnino
2715 2145 2882 2200 animi
2916 2141 3126 2197 viribus
3159 2147 3212 2193 et
3257 2131 3526 2192 sentiendi

1965 2223 2348 2300 instrumentis
2382 2241 2616 2312 lippiens
2661 2245 2717 2293 et
2751 2235 3068 2296 caecutiens,
3119 2245 3229 2284 non
3275 2223 3530 2294 intelligit

1966 2335 2296 2406 principium
2330 2331 2602 2402 dogmatis
2628 2343 2816 2384 eorum
2855 2325 3006 2380 nulla
3035 2334 3296 2390 compage
3327 2315 3531 2372 solida-

1968 2435 2104 2493 tum,
2134 2427 2284 2481 nullo
2324 2424 2484 2479 modo
2523 2437 2684 2494 posse
2716 2417 3034 2479 subsistere,
3076 2423 3130 2467 et
3168 2411 3312 2480 quod
3341 2420 3528 2461 eorum

1969 2522 2111 2576 ratio
2136 2519 2288 2574 nullo
2320 2495 2662 2572 ﬁrmamento
2698 2512 2915 2571 nititur,
2948 2521 3068 2577 qua:
3096 2500 3439 2573 ἁγεννησὶαν,
3479 2497 3533 2551 id

291 2637 401 2688 est,
432 2625 892 2696 ingenerationem,
933 2622 1062 2676 facit
1114 2621 1406 2676 essentiam
1438 2638 1453 2674 :
1485 2620 1566 2674 sic
1597 2619 1739 2673 enim
1783 2617 1932 2671 fraus
1972 2629 2161 2669 eorum
2187 2611 2550 2682 prxstruitur.
2582 2608 2765 2661 Dicam
2790 2603 2934 2659 enim
2965 2597 3142 2668 quoad
3183 2594 3296 2648 ﬁeri
3336 2596 3533 2662 pulest.

296 2738 416 2777 mea
457 2734 586 2774 voce
627 2718 835 2772 fortiter
881 2715 1315 2770 adversariorum
1354 2728 1660 2769 sermonem
1699 2713 2026 2781 subiiciens.

369 2811 554 2875 Φασὶν,
586 2809 875 2878 ἀγέννητον
917 2807 1007 2859 τὸν
1055 2805 1184 2860 Θεὸν
1229 2805 1590 2876 ὀνομάζεσθαι
1610 2821 1624 2836 ⁸
1665 2803 1867 2858 ἁπλοῦν

298 2904 358 2957 δὲ
397 2899 536 2955 εἶναι
575 2903 641 2970 τῇ
668 2900 828 2969 φύσει
853 2897 915 2950 τὸ
945 2896 1096 2949 Θεῖον
1116 2913 1130 2926 ·
1166 2896 1226 2948 τὸ
1252 2895 1308 2948 δὲ
1345 2894 1569 2960 ἁπλοῦν,
1603 2894 1869 2965 μηδεμίαν

301 2988 641 3060 ἐπιδέχεσθαι
689 2986 969 3040 σύνθεσιν*
1019 2987 1067 3038 εί
1111 2980 1203 3038 οὖν
1253 2983 1542 3048 ἀσύνθετος
1589 2983 1732 3039 κατὰ
1772 2983 1871 3054 τὴν

299 3084 467 3152 φύσιν
517 3081 663 3134 ἐστὶν
715 3081 743 3132 ὁ
771 3074 923 3141 Θεὸς,
980 3070 1024 3144 ᾧ
1063 3076 1125 3130 τὸ
1171 3076 1262 3130 τοῦ
1309 3077 1601 3147 άγεννήτου
1653 3075 1872 3128 ἔπεστιν

303 3174 495 3243 δνομα,
537 3170 703 3240 αὐτῆς
737 3169 802 3222 ἂν
839 3169 924 3238 εἴη
967 3168 1062 3239 τῆς
1096 3167 1306 3236 φύσεως
1335 3169 1506 3238 ὄνομα
1545 3167 1606 3221 τὸ
1648 3168 1876 3236 ἀγέννη-

304 3279 418 3318 τον.
455 3263 562 3317 Kal
583 3261 726 3314 ἔστιν
746 3259 895 3312 οὐδὲν
917 3259 1101 3331 ἕτερον
1133 3262 1180 3312 εί
1204 3259 1277 3331 μὴ
1303 3260 1594 3331 ἀγεννησία
1634 3262 1666 3329 ἡ
1691 3259 1871 3328 φύσις.
1903 3259 1946 3282 ’³

309 3357 452 3428 Πρὸς
482 3355 573 3418 οὒς
604 3352 760 3406 τοῦτό
797 3367 1009 3421 φαμενο
1045 3352 1126 3404 ὅτι
1147 3351 1328 3422 ἓτερον
1348 3351 1441 3404 τοῦ
1455 3350 1878 3413 ἀσυνθέτου,καὶ

307 3449 495 3519 ἕτερον
521 3445 616 3500 τοῦ
645 3446 935 3514 ἀγεννήτου
967 3443 1029 3496 τὸ
1063 3443 1476 3514 σημαινόμενον.
1509 3443 1582 3494 Τὸ
1623 3442 1722 3512 μὲν
1748 3440 1877 3512 γὰρ,

309 3539 410 3608 τὴν
441 3536 714 3606 ἁπλότητα
747 3533 838 3587 τοῦ
881 3533 1235 3604 ὑποκειμένου
1255 3549 1270 3564 ο
1303 3533 1364 3585 τὸ
1389 3532 1465 3594 δὲ,
1499 3531 1560 3584 τὸ
1611 3531 1684 3602 μὴ
1712 3530 1770 3596 ἐξ
1798 3533 1882 3584 ai-

307 3631 433 3693 τίας
466 3625 605 3683 εῖναι
631 3628 944 3699 παρίστησι,
993 3626 1086 3678 καὶ
1129 3625 1228 3678 οὐκ
1276 3624 1703 3678 ἀπαλλάσσονται
1747 3621 1882 3691 πρὸς

313 3722 550 3792 ἀλλήλας
595 3721 652 3772 αἱ
681 3719 788 3773 τῶν
817 3717 1094 3786 ὀνομάτων
1124 3715 1407 3786 ἐμφάσεις,
1441 3713 1542 3767 κᾶν
1581 3713 1709 3786 περὶ
1736 3714 1796 3765 τὸ
1824 3712 1882 3767 ἓν

315 3813 598 3884 ἀμφότερα
628 3810 872 3880 λέγηται.
917 3807 1056 3860 Ἀλλ’
1088 3807 1152 3858 ὲκ
1185 3805 1284 3876 μὲν
1328 3805 1427 3874 τῆς
1459 3802 1551 3856 τοῦ
1589 3803 1882 3872 ἀγεννήτου

318 3904 710 3976 προσηγορίας,
751 3901 812 3954 τὸ
845 3901 971 3955 ἄνευ
1005 3899 1180 3961 αἰτίας
1222 3894 1358 3951 εἶναι
1397 3897 1486 3949 τὸν
1530 3893 1700 3958 οὕτως
1749 3895 1882 3947 ὠνο-

320 3997 597 4067 μασμένον
628 3992 901 4065 ἐμάθομεν
921 4007 938 4024 ο
978 3992 1042 4044 ὲκ
1071 3990 1128 4044 δὲ
1157 3990 1256 4059 τῆς
1284 3989 1374 4042 τού
1404 3987 1596 4053 ἁπλοῦ,
1632 3987 1692 4041 τὸ
1715 3987 1884 4041 καθα-

325 4087 501 4161 ρεύειν
559 4084 889 4146 συνθέσεωςο
940 4082 1219 4152 οὐθέτερον
1264 4079 1320 4132 δὲ
1370 4078 1572 4132 τούτων
1626 4079 1746 4132 ἀντὶ
1792 4077 1885 4132 τοῦ

321 4182 480 4236 ἄλλου
549 4177 788 4246 λέγεται.
854 4173 1060 4228 Οὐκοῦν
1127 4171 1380 4243 οὐδεμίαν
1444 4171 1688 4242 ἀνάγκην
1753 4169 1885 4240 ἔχει,

323 4271 512 4341 ἐπειδὴ
556 4267 762 4323 ἁπλοῦν
803 4267 919 4319 ἐστι
969 4267 1038 4336 τῇ
1086 4264 1244 4333 φύσει
1271 4264 1331 4318 τὸ
1361 4263 1531 4328 Θεῖον,
1566 4262 1890 4332 ἀγεννησίαν

320 4363 487 4419 ,αὐτοῦ
513 4362 608 4434 τὴν
641 4359 801 4431 φύσιν
833 4356 1314 4428 κατονομάζεσθαι.
1379 4355 1539 4409 Ἀλλὰ
1569 4355 1690 4409 καθ’
1727 4355 1756 4408 ὃ
1792 4355 1892 4424 μὲν

324 4457 538 4526 ἀμερής
569 4457 683 4507 ἐστι
712 4453 807 4505 καὶ
844 4450 1153 4515 ἀσύνθετος,
1189 4449 1394 4513 ἀπλοῦς
1443 4448 1682 4517 λέγεται.
1717 4446 1836 4501 καθ’
1863 4447 1892 4500 ὃ

324 4549 514 4620 eam
556 4544 840 4615 ἐγεννήθη.
890 4543 1197 4612 ἀγέννητος.
1240 4543 1301 4594 El
1343 4543 1398 4594 δὲ
1435 4541 1508 4612 μὴ
1554 4539 1802 4612 σημαίνοι
1831 4540 1893 4593 τὸ
1925 4572 1972 4627 D

325 4641 457 4694 ἄνευ
485 4639 662 4699 αἰτίας
690 4631 828 4688 εἶναι
864 4635 897 4704 ἡ
940 4632 1090 4704 φωνὴ
1115 4632 1210 4685 τοῦ
1244 4633 1558 4703 ἀγεννήτου,
1589 4630 1701 4684 ἀλλ’
1728 4630 1894 4684 ἁπλό-

325 4747 426 4799 της
450 4726 839 4796 ἀντεισέρχοιτο
859 4726 925 4794 τῇ
955 4722 1200 4794 σημασὶᾳ
1217 4723 1309 4775 τοῦ
1342 4721 1579 4774 τοιούτου
1614 4721 1895 4790 ὀνόματος,

329 4821 425 4874 καὶ
459 4819 545 4872 διὰ
589 4817 747 4871 τοῦτο
779 4815 1070 4884 ἀγέννητος
1117 4815 1258 4870 κατά
1303 4814 1393 4866 τὸν
1437 4814 1592 4880 λόγον
1622 4813 1718 4881 τῆς
1747 4812 1896 4882 αἱρέ-

334 4929 468 4974 σεως
500 4911 728 4976 λέγοιτο,
762 4908 894 4962 διότι
919 4905 1123 4968 ἁπλοῦς
1175 4908 1288 4959 ἐστι
1323 4904 1417 4958 καὶ
1449 4902 1765 4966 ἀσύνθετος·
1802 4902 1899 4972 μία

333 5004 389 5056 δὲ
422 5001 513 5055 τοῦ
548 5000 719 5054 ἁπλοῦ
761 5016 820 5052 τε
868 4998 962 5050 καὶ
1009 4997 1301 5067 ἁγεννήτου
1345 4996 1379 5066 ἡ
1427 4993 1687 5064 σημασία,
1723 4994 1816 5046 καὶ
1864 4995 1896 5064 ἡ

333 5092 428 5147 τοῦ
461 5092 588 5146 Υίοῦ
619 5090 858 5159 ἁπλότης
884 5088 1176 5158 ἀγεννησία
1206 5088 1419 5146 πάντως
1447 5085 1898 5156 όνομασθήσεται.

344 5183 573 5239 ’.ἁπλοῦν
605 5183 711 5254 γὰρ
746 5177 882 5235 εἶναι
911 5183 976 5250 τῇ
1013 5179 1168 5250 φύσει
1207 5177 1300 5233 καὶ
1333 5175 1423 5229 τὸν
1474 5175 1732 5246 μονογενῆ
1772 5175 1904 5228 Θεὸν

335 5277 438 5330 οὐκ
457 5275 798 5346 ἀρνήσονται,
831 5273 878 5324 εί
913 5271 987 5343 μὴ
1027 5269 1134 5341 ἄρα
1166 5269 1260 5322 καὶ
1301 5268 1363 5320 τὸ
1405 5267 1534 5320 Θεὸν
1559 5260 1697 5318 εἶναι
1741 5267 1904 5318 αὑτὸν

336 5367 678 5437 ἀρνήσαιντο.
724 5363 930 5417 Οὐκοῦν
960 5361 1211 5430 οὐδεμίαν
1240 5358 1380 5411 κατά
1404 5358 1465 5411 τὸ
1512 5359 1905 5428 σημαινόμενον

335 5458 618 5512 κοινωνίαν
652 5457 685 5526 ἡ
722 5454 960 5524 ἁπλότης
995 5452 1129 5523 πρὸς
1162 5452 1221 5505 τὸ
1245 5451 1532 5520 ἀγέννητον
1553 5449 1686 5514 ἕξει,
1717 5451 1791 5514 ὠς
1817 5451 1902 5503 διὰ

331 5546 397 5600 τὸ
429 5545 714 5598 ἀσύνθετον
756 5541 1078 5612 ἀγεννησίαν
1104 5540 1200 5611 τὴν
1243 5539 1401 5608 φύσιν
1428 5540 1518 5590 καὶ
1555 5537 1900 5608 νομίζεσθαι·

337 5639 428 5692 ἴνα
468 5638 541 5707 μὴ
571 5637 713 5689 δυοῖν
748 5635 965 5688 άτόποιν
990 5632 1048 5686 τὸ
1071 5632 1256 5704 ἓτερον
1283 5632 1401 5685 καθ’
1432 5631 1639 5684 ἑαυτῶν
1668 5629 1902 5683 ἐπισπά-

342 5747 536 5795 σοιντο,
569 5727 602 5800 ἢ
637 5727 952 5799 ἀρνούμενοι
978 5725 1069 5780 τοῦ
1103 5723 1438 5795 Μονογενοῦς
1476 5722 1572 5793 τῆν
1603 5721 1904 5792 θεότητα,ῆ

1399 5960 1447 5972 σθ’
1465 5956 1471 5960 ⁷

2043 2801 2228 2863 Aiunt,
2263 2797 2429 2852 Deum
2469 2791 2767 2864 ingenitum
2801 2783 3094 2847 nominari.
3136 2780 3397 2836 deitatem
3442 2789 3541 2829 au-

1971 2899 2080 2946 tem
2134 2887 2436 2958 simplicem
2484 2899 2605 2938 esse
2642 2888 2858 2941 natura,
2906 2875 3220 2941 nullamque
3257 2867 3544 2922 admittere

1973 2982 2446 3054 compositionem.
2488 2975 2546 3030 Si
2581 2975 2744 3046 igitur
2774 2969 3071 3028 secundum
3114 2975 3361 3018 naturam
3404 2957 3544 3012 Deus

1973 3085 2060 3133 est
2091 3074 2318 3144 simplex
2349 3079 2404 3126 et
2437 3065 2804 3124 concretionis
2827 3075 3040 3144 expers.
3076 3056 3161 3110 cui
3195 3049 3422 3124 ingeniti
3450 3063 3544 3103 no-

1977 3184 2102 3223 men
2131 3167 2293 3228 inest,
2337 3163 2509 3233 ipsius
2549 3168 2757 3214 natura:
2790 3137 2985 3209 nome'n
3019 3149 3178 3203 fuerit
3217 3143 3361 3216 quod
3394 3142 3548 3209 inge-

1977 3261 2149 3315 nitum
2175 3265 2278 3313 est.
2297 3231 2547 3324 Nihilque
2584 3258 2669 3306 est
2696 3246 2840 3302 aliud
2868 3253 3082 3304 natura,
3101 3239 3204 3294 nisi
3231 3231 3545 3305 ἀγεννησία,

1978 3353 2031 3408 id
2071 3359 2154 3408 est
2202 3347 2545 3420 ingeneratio.
2578 3342 2659 3396 Ad
2703 3355 2841 3410 quos
2885 3337 2987 3391 hoc
3039 3333 3274 3387 dicimus
3324 3347 3336 3381 :
3390 3324 3549 3391 Quod

1980 3445 2123 3500 aliud
2151 3449 2235 3496 est
2257 3435 2627 3507 incompositi,
2649 3441 2702 3486 et
2725 3430 2868 3484 aliud
2899 3425 3125 3498 ingeniti
3147 3420 3548 3492 signiﬁcatum;

1980 3533 2113 3591 illud
2137 3532 2359 3602 quidem
2396 3526 2796 3598 simplicitatem
2832 3516 3098 3586 subjecti,
3144 3516 3247 3568 huc
3281 3527 3408 3566 vero
3443 3523 3552 3563 non

1981 3637 2048 3677 ex
2078 3600 2240 3674 causa
2283 3633 2405 3674 esse
2439 3620 2815 3685 reprmseutat.
2861 3608 2971 3663 Nec
3005 3605 3282 3660 nominum
3320 3600 3554 3672 propri:e

1985 3709 2409 3781 signiﬁcationes
2462 3705 2604 3759 inter
2640 3718 2701 3758 se
2744 3707 3044 3761 mutantur,
3090 3697 3303 3750 tametsi
3335 3692 3402 3747 de
3446 3704 3555 3744 uno

1985 3804 2144 3856 ambo
2173 3799 2447 3854 dicantur.
2477 3795 2584 3850 Sed
2626 3810 2693 3849 ex
2735 3790 2961 3862 ingeniti
3003 3787 3383 3858 appellatione,
3425 3783 3555 3835 abs-

1984 3907 2089 3963 que
2122 3904 2287 3945 causa
2330 3902 2450 3943 esse
2479 3901 2601 3940 eum
2640 3885 2732 3954 qui
2779 3884 2858 3936 sic
2897 3879 3206 3934 nominatur
3239 3872 3552 3934 didicimus,

1985 3989 2148 4050 atque
2173 3994 2240 4034 ex
2271 3977 2536 4048 simplicis
2563 3971 2944 4045 appellatione,
2983 3983 3108 4023 eum
3139 3966 3206 4020 ab
3236 3965 3383 4019 omni
3418 3977 3556 4016 con-

1985 4072 2229 4127 cretione
2261 4079 2315 4126 et
2359 4066 2755 4137 compositione
2812 4063 3042 4117 liberum
3089 4069 3144 4114 et
3189 4071 3384 4127 purum
3433 4067 3556 4108 esse

1987 4162 2337 4232 intelligimus
2369 4175 2384 4214 °.
2411 4159 2606 4212 horum
2657 4163 2837 4208 autem
2871 4159 3122 4206 neutrmn
3157 4162 3254 4218 pro
3281 4145 3386 4198 alio
3415 4143 3556 4198 dici-

1987 4263 2097 4309 tur.
2149 4251 2362 4308 Nullam
2420 4249 2583 4318 igitur
2624 4245 3002 4302 necessitatem
3059 4241 3253 4304 habet,
3298 4237 3556 4308 quoniam

1990 4357 2181 4402 natura
2205 4343 2342 4398 Deus
2359 4339 2586 4409 simplex
2612 4345 2714 4401 est,
2747 4333 3092 4403 ἀγεννησίαν.
3116 4327 3561 4400 ingenerationem

1991 4439 2110 4508 ejus
2140 4443 2386 4491 naturam
2415 4429 2706 4486 nominari.
2735 4425 2841 4482 Sed
2866 4439 2971 4494 qua
2994 4423 3229 4494 partium
3257 4428 3341 4473 est
3365 4432 3562 4488 expers

1998 4540 2052 4586 et
2080 4527 2491 4598 incompositus,
2531 4522 2758 4591 simplex
2785 4517 3018 4581 dicitur;
3047 4530 3152 4585 qua
3182 4528 3312 4568 vero
3347 4527 3454 4565 non
3479 4518 3564 4564 est

2003 4621 2241 4691 genitus,
2274 4615 2550 4685 ingenitus
2589 4612 2769 4666 dictus
2805 4614 2908 4662 est.
2942 4605 3096 4671 Quod
3133 4604 3178 4657 si
3210 4601 3431 4671 ingeniti
3459 4613 3563 4650 vox

2003 4715 2120 4768 sine
2149 4725 2312 4763 causa
2344 4722 2464 4760 esse
2489 4720 2597 4760 non
2627 4702 2894 4774 signiticet
2919 4718 2930 4754 :
2957 4696 3049 4754 sed
3079 4693 3398 4764 simplicitas
3430 4689 3564 4743 sub-

2003 4804 2374 4874 ingrederetur
2421 4796 2870 4868 signiﬁcationem
2921 4791 3048 4844 talis
3093 4785 3330 4840 nominis
3369 4800 3380 4834 :
3415 4780 3564 4834 ideo-

2006 4913 2110 4968 que
2151 4894 2424 4964 ingenitus
2460 4887 2765 4945 secundum
2813 4884 3082 4937 rationem
3116 4880 3384 4932 luercscos
3412 4871 3565 4925 dice-

2005 4964 2176 5048 retur,
2203 4991 2485 5055 propterea
2509 4979 2652 5050 quod
2682 4976 2908 5045 simplex
2941 4981 3026 5027 est
3049 4979 3103 5025 et
3133 4964 3561 5034 incompositus:

2005 5094 2110 5132 una
2147 5085 2326 5130 autem
2375 5073 2643 5142 simplicis
2689 5077 2742 5124 et
2785 5063 3132 5133 incompositi
3180 5057 3566 5126 signiﬁcantia,

2004 5173 2166 5226 etiam
2206 5169 2328 5222 Filii
2361 5165 2682 5236 simplicitas
2721 5158 3016 5231 ἀγεννησία
3069 5167 3294 5225 prorsus
3321 5149 3569 5204 nomina-

2005 5265 2152 5320 bitur
2198 5281 2210 5314 :
2264 5261 2564 5331 simplicem
2613 5256 2755 5310 enim
2797 5269 2917 5306 esse
2967 5257 3159 5302 natura
3231 5240 3568 5310 unigenitum

2005 5356 2174 5410 Deum
2212 5370 2317 5408 non
2347 5352 2756 5408 inﬁcialmntur,
2804 5344 2909 5398 nisi
2960 5357 3091 5396 sane
3127 5337 3343 5407 penitus
3389 5333 3567 5398 ipsum

2011 5445 2178 5500 Deum
2209 5459 2328 5499 esse
2364 5448 2581 5509 negent.
2619 5437 2759 5506 Ergo
2789 5433 2991 5487 nullam
3031 5425 3330 5484 secundum
3362 5420 3570 5490 signiti-

2011 5546 2191 5591 catum
2228 5533 2549 5602 simplicitas
2570 5541 2694 5581 cum
2723 5523 2966 5592 ingenito
2990 5517 3208 5573 habebit
3235 5509 3572 5567 communio-

2013 5645 2161 5691 nem,
2203 5634 2260 5679 ut
2293 5640 2386 5694 per
2421 5621 2472 5675 id
2504 5617 2651 5690 quod
2687 5627 2770 5672 est
2804 5604 3568 5682 iucompositumﬁyswqeta,

2015 5719 2067 5774 id
2103 5726 2183 5773 est
2228 5693 2787 5784 inqcnrratiomatura
2827 5702 3191 5762 existimetur,
3235 5711 3301 5750 ne
3337 5693 3569 5746 duorum
