4034 6478
480 304 585 363 M9

1714 301 1771 356 S.
1807 296 2139 355 GRECORII
2179 299 2468 357 NYSSENI

3609 310 3720 368 9&0

480 416 845 476 absurdorum
899 416 1133 473 alterum
1178 425 1373 473 contra
1416 418 1626 488 seipsos
1668 417 1931 473 eliciant:
1962 415 2045 471 vel

2152 420 2383 491 κάκείνῳ
2438 421 2536 491 τὴν
2589 421 2911 492 ἀγεννησίαν
2974 423 3414 493 ἐπιφημίζοντες.
3483 422 3547 479 El
3607 428 3716 499 γάρ

483 520 744 583 negantes
773 510 1051 582 Unigeniti
1092 510 1375 579 deitatem,
1405 512 1492 565 vel
1545 512 1705 566 etiam
1742 513 1795 564 in
1845 514 1937 567 illo
1966 512 2049 565 in-

480 604 647 673 geniti
706 603 975 658 rationem
1018 602 1314 657 celebrent.
1368 600 1423 655 Si
1462 602 1605 657 enim
1657 600 1799 655 Deus
1857 613 2050 656 natura

482 695 730 764 simplex,
750 710 946 749 nomen
964 702 1143 749 autem
1164 692 1480 764 (secundum
1500 694 1666 763 ipsos)
1686 693 2050 762 simplicitatis

480 795 565 843 est
582 787 901 857 ingenitum,
917 788 1002 843 vel
1014 788 1374 857 compositum
1392 784 1586 840 Filium
1603 802 1726 842 esse
1742 787 2048 851 adstruent,

483 894 608 933 cum
671 894 781 949 quo
830 895 1009 949 neque
1070 878 1241 935 Deum
1293 894 1414 933 esse
1467 879 1904 943 demonstratur,
1964 879 2047 935 vel

481 970 529 1024 si
583 971 637 1024 in
700 971 820 1039 ipso
866 970 1121 1025 deitatem
1159 970 1518 1032 conﬁtentur,
1580 971 1809 1039 simplex
1868 979 2048 1025 autem

482 1062 626 1114 sicut
679 1062 886 1116 dictum
926 1069 1031 1126 est,
1092 1061 1232 1116 Deus
1293 1070 1397 1127 est,
1448 1062 1697 1117 eumdem
1751 1063 2047 1132 ingenitum

484 1161 705 1224 propter
760 1153 1164 1223 simplicitatem
1230 1156 1454 1208 omnino
1510 1170 1630 1210 esse
1678 1162 2045 1223 praestruunt;

482 1244 750 1315 siquidem
812 1244 1136 1315 simplicitas
1190 1245 1329 1299 idem
1398 1261 1521 1299 cum
1568 1246 1860 1317 ἁγεννησίᾳ
1912 1247 2047 1300 exis-

482 1339 728 1393 timatur.
789 1335 858 1393 Ut
900 1348 1081 1392 autem
1130 1338 1275 1408 quod
1328 1338 1533 1392 dicitur
1587 1340 1791 1394 clarius
1841 1340 2049 1394 eluees—

484 1438 607 1493 cat,
661 1446 853 1486 rursus
912 1431 1058 1500 quod
1100 1441 1185 1486 est
1235 1430 1441 1486 dictum
1483 1440 1739 1501 repetam.
1786 1430 1895 1486 Nos
1945 1433 2049 1486 hoc

482 1523 738 1585 dicimus,
770 1521 915 1590 quod
964 1521 1018 1575 in
1060 1532 1290 1591 utroque
1339 1520 1619 1574 nominum
1659 1522 1848 1575 subest
1887 1521 2048 1590 quid-

480 1612 605 1666 dam
640 1613 922 1683 proprium
954 1613 1100 1682 quod
1142 1611 1514 1682 signiﬁcatur,
1553 1628 1726 1681 neque
1761 1628 1858 1681 per
1894 1613 2047 1682 iuge-

479 1703 679 1770 nitum,
725 1704 779 1758 id
828 1705 973 1774 quod
1022 1704 1395 1769 individuum,
1447 1705 1561 1759 sive
1603 1705 1746 1773 quod
1801 1704 2046 1773 partibus

478 1803 653 1861 caret,
707 1796 1083 1867 signiﬁcatur,
1132 1812 1308 1866 neque
1350 1812 1445 1866 per
1495 1798 1725 1866 simplex
1771 1798 1915 1866 quod
1962 1808 2048 1851 est

478 1884 808 1958 ingenitum,
856 1887 951 1943 sed
994 1888 1050 1941 in
1098 1888 1331 1957 simplici
1379 1888 1596 1957 quidem
1642 1889 1785 1956 quod
1836 1890 2046 1941 incom-

481 1980 719 2051 positum
754 1990 857 2042 est,
900 1988 1081 2034 mente
1131 1980 1575 2050 complectimur,
1617 1989 1670 2033 et
1719 1980 1772 2032 in
1808 1980 2047 2049 ingenito

482 2084 592 2127 non
622 2087 685 2126 ex
731 2071 912 2141 aliqua
948 2087 1113 2125 causa
1144 2086 1266 2125 esse
1308 2071 1601 2139 signiﬁcari
1645 2072 1791 2125 docti
1832 2088 2042 2127 sumus.

482 2159 678 2217 Filium
717 2171 895 2216 autem
924 2178 987 2216 ex
1020 2161 1128 2216 Deo
1163 2161 1327 2215 Deum
1355 2178 1497 2225 esse,
1530 2161 1813 2232 ipsumque
1842 2165 2049 2232 simpli-

489 2266 610 2306 cem
642 2251 866 2306 credere
903 2261 1153 2321 0portere
1181 2252 1530 2316 arbitramur,
1566 2254 1695 2321 quia
1728 2255 1871 2323 quod
1904 2256 2047 2310 Deus

482 2350 589 2407 est,
620 2343 688 2397 ab
725 2343 872 2397 omni
903 2346 1251 2400 concretione
1288 2362 1480 2417 purum
1514 2356 1615 2402 est.
1654 2350 1825 2416 Atque
1858 2350 2046 2404 eodem

485 2440 647 2493 modo
667 2440 829 2492 etiam
873 2439 927 2492 in
967 2438 1090 2503 hoc,
1134 2455 1310 2509 neque
1342 2456 1438 2510 per
1470 2441 1592 2495 Filii
1636 2445 2047 2512 appellationem

482 2530 884 2600 simplicitatem
915 2532 1165 2586 essentia:
1192 2532 1521 2601 signiﬁcare,
1554 2550 1727 2603 neque
1751 2552 1845 2604 per
1876 2536 2046 2607 ipsam

484 2620 890 2686 simplicitatem
941 2619 1061 2674 Filii
1097 2620 1461 2690 signiﬁcatum
1492 2632 1902 2692 reprzesentare,
1953 2624 2045 2678 sed

482 2726 551 2767 ex
576 2710 678 2765 hoc
705 2710 947 2781 quidem.
984 2727 1176 2782 nempe
1218 2712 1336 2767 Filii
1370 2714 1608 2773 nomine.
1637 2731 1757 2783 qua:
1796 2733 1859 2769 ex
1885 2718 2049 2769 Patre

482 2808 567 2858 est
610 2802 967 2857 subsistentia
1015 2804 1302 2859 manifesta
1350 2804 1483 2858 ﬁat:
1513 2821 1577 2859 ex
1614 2807 1849 2875 simplici
1897 2823 2047 2869 vero,

481 2892 539 2951 id
566 2893 711 2965 quod
750 2911 853 2949 vox
890 2896 1013 2950 talis
1043 2895 1304 2950 declarat.
1334 2895 1599 2963 Quoniam
1634 2898 1797 2966 igitur
1838 2899 2049 2968 simpli-

481 2984 667 3040 citatis
708 3000 828 3055 quze
873 2994 957 3040 est
992 2987 1289 3041 secundum
1322 2988 1614 3042 essentiam
1657 2989 1793 3041 ratio
1832 2990 2048 3057 quidem

488 3095 596 3133 una
628 3089 682 3135 et
723 3080 910 3133 eadem
951 3090 1005 3134 et
1034 3079 1090 3134 in
1126 3078 1283 3135 Patre
1312 3088 1366 3134 et
1398 3080 1453 3133 in
1488 3079 1624 3133 Filio
1667 3082 1900 3147 dicatur,
1954 3097 2047 3135 ne-
2073 3094 2120 3157 ο

485 3186 596 3239 que
625 3170 1007 3226 imminutione
1051 3172 1251 3241 aliqua,
1282 3188 1457 3242 neque
1502 3173 1861 3227 redundantia
1892 3173 2048 3228 dilic—

486 3276 639 3326 rons;
678 3262 921 3329 genitum
958 3271 1140 3316 autem
1171 3264 1239 3317 ab
1275 3264 1515 3333 ingenito
1550 3264 1845 3318 secundum
1878 3266 2048 3333 signi-

484 3361 705 3416 ﬁcatum
740 3360 965 3413 multum
1011 3358 1225 3414 diﬂerat
1258 3379 1272 3414 :
1311 3361 1412 3414 hoc
1451 3361 1593 3415 enim
1641 3364 1693 3414 in
1744 3364 1914 3416 altero
1949 3378 2047 3414 no-

485 3454 694 3508 minum
742 3453 867 3507 licet
912 3452 1233 3521 intelligere.
1266 3453 1409 3521 quod
1453 3454 1507 3506 in
1552 3454 1722 3507 alteio
1766 3469 1871 3507 non
1908 3464 1989 3508 est
2030 3470 2049 3507 :

487 3555 774 3616 propterea
814 3544 1069 3607 dicimus,
1108 3545 1311 3597 nullam
1342 3546 1720 3599 necessitatem
1750 3563 1891 3607 esse,
1924 3561 2047 3599 cum

487 3639 561 3694 sit
587 3638 858 3708 ingenitus
885 3635 1064 3701 Pater,
1102 3637 1362 3707 quoniam
1403 3638 1522 3707 ejus
1551 3638 1789 3692 essentia
1822 3640 2046 3709 simplex

486 3737 593 3795 est,
615 3730 959 3799 ἁγεννησίαν,
980 3729 1439 3799 ingenerationem,
1464 3730 1571 3784 dici
1595 3730 1713 3799 ejus
1731 3732 2045 3786 essentiam.

486 3820 673 3892 Neque
706 3826 872 3885 enim,
914 3821 1139 3891 simplex
1177 3837 1301 3876 cum
1352 3822 1422 3876 sit
1458 3819 1645 3885 Filius,
1681 3831 1735 3877 et
1771 3824 1911 3876 idem
1960 3839 2051 3892 ge—

489 3914 639 3969 nitus
693 3913 957 3974 creditus.
996 3913 1399 3982 simplicitatem
1443 3914 1562 3982 ejus
1602 3914 1832 3968 dicimus
1862 3930 2050 3968 essen-

487 4006 640 4059 tiam.
688 4004 793 4059 Sed
839 4004 1291 4074 quemadmodum
1324 4005 1548 4073 simplex
1591 4013 1673 4059 est
1719 4006 1957 4059 essentia
1998 4014 2053 4059 et

488 4113 598 4152 non
638 4098 982 4167 simplicitas,
1039 4098 1118 4152 sic
1163 4107 1217 4152 et
1267 4098 1506 4152 essentia
1550 4098 1811 4167 ingenita,
1862 4106 2051 4153 etnon

487 4188 804 4258 ἀγεννησία,
836 4190 1177 4259 ingeneratio.
1212 4187 1412 4241 Eodem
1446 4190 1607 4242 modo
1637 4205 1760 4241 cum
1794 4189 1863 4242 sit
1888 4190 2049 4243 etiam

489 4279 706 4347 genitus
737 4277 926 4342 Filius,
959 4280 1027 4333 ab
1058 4278 1206 4333 omni
1252 4279 1575 4333 necessitate
1605 4279 1782 4332 soluta
1811 4290 1894 4333 est
1923 4294 2050 4331 ona-

491 4374 588 4437 tlo,
634 4370 892 4440 quoniam
939 4370 1167 4440 simplex
1222 4379 1307 4424 est
1357 4371 1528 4441 ipsius
1564 4370 1823 4432 essentia,
1864 4386 2053 4425 essen-

2152 510 2354 564 ἁπλοῦν
2385 511 2483 581 μὲν
2511 514 2575 582 τῇ
2600 511 2757 581 φύσει
2786 513 2847 565 τὸ
2874 512 3049 575 Θεῖον,
3084 516 3253 586 ὄνομα
3287 517 3343 568 δὲ
3378 518 3497 569 κατ’
3522 519 3718 585 αὐτοὺς

2148 602 2248 671 τῆς
2285 602 2583 673 ἁπλότητός
2614 606 2728 656 ἐστι
2772 605 2831 655 τὸ
2859 604 3168 673 ἀγέννητον,
3214 606 3248 676 ἧ
3295 606 3545 660 σύνθετον
3579 605 3716 662 εἶναι

2150 695 2241 748 τὸν
2282 696 2410 748 Υίὸν
2455 696 2969 761 κατασκευάσουσιν,
3021 691 3065 765 ᾧ
3106 698 3168 751 τὸ
3218 699 3352 767 μηδὲ
3398 699 3530 752 Θεὸν
3577 699 3715 754 εἶναι

2150 788 2652 854 συναποδείκνυται,
2698 788 2731 859 ἥ
2763 792 2809 842 εί
2838 790 3147 861 ὁμολογοῖεν
3175 793 3259 844 ἐπ’
3289 791 3439 862 αὖ(τῷ
3466 793 3565 858 τὴν
3597 793 3714 846 θεό-

2148 894 2304 946 τητα,
2342 877 2545 930 ἁπλοῦν
2582 879 2659 940 δὲ,
2693 878 2873 943 καθὼς
2918 882 3152 951 εἴρηται,
3184 880 3243 933 τὸ
3262 880 3413 934 Θεῖόν
3454 884 3589 939 ἐστι.
3626 884 3716 935 τὸν

2148 968 2309 1019 αὑτὸν
2351 969 2442 1021 καὶ
2468 967 2757 1037 ἀγέννητον
2785 970 2872 1022 διά
2898 971 2996 1039 τὴν
3029 970 3305 1041 ἁπλότητα
3334 972 3549 1034 πάντως
3577 969 3717 1025 εἶναι

2149 1060 2643 1123 κατασκευάζουσιν
2666 1077 2681 1091 ·
2731 1062 2887 1132 εἴπερ
2929 1064 2961 1133 ή
2992 1062 3229 1132 ἁπλότης
3258 1062 3422 1115 ταὺτὸ
3447 1066 3512 1134 τῇ
3556 1065 3713 1131 ἀγεν-

2148 1154 2309 1224 νησία
2338 1153 2647 1223 νομίζεται·
2686 1154 2761 1216 ὡς
2803 1154 2847 1207 δ’
2882 1155 2947 1208 ἂν
2975 1153 3304 1225 σαφέστερον
3336 1153 3396 1206 τὸ
3425 1153 3716 1223 λεγόμενον

2147 1246 2375 1313 γένοιτο,
2420 1247 2580 1299 πάλιν
2618 1246 2679 1299 τὸ
2721 1246 2883 1317 ῥηθὲν
2922 1246 3283 1316 ἀναλήψομαι.
3328 1244 3519 1316 Ἡμεῖς
3554 1246 3715 1300 τοῦτό

2148 1356 2346 1407 φαμεν,
2396 1339 2475 1392 ὃτι
2527 1341 2585 1392 ὲν
2632 1340 2875 1410 ἐκατέρῳ
2907 1338 3013 1391 τῶν
3052 1339 3348 1408 ὀνομάτων,
3397 1339 3523 1391 ἴδιόν
3553 1356 3604 1391 τι
3652 1341 3714 1393 τὸ

2150 1430 2544 1501 σημαινόμενον
2596 1429 2821 1483 ὕπεστιο
2880 1431 2974 1482 καὶ
3029 1429 3152 1481 οὔτε
3209 1428 3285 1499 τῷ
3331 1431 3606 1501 ἀγεννήτῳ
3651 1432 3714 1484 τὸ

2148 1522 2351 1591 ἀμερὲς
2392 1522 2770 1593 ἑρμηνεύεται,
2819 1520 2941 1575 οῦτε
2985 1521 3064 1592 τῷ
3096 1521 3248 1592 ἁπλῷ
3288 1521 3351 1575 τὸ
3385 1522 3708 1593 ἀγέννητονο

2147 1612 2261 1666 ἀλλ’
2291 1616 2348 1666 ὲν
2380 1614 2477 1684 μὲν
2504 1613 2583 1684 τῷ
2617 1614 2790 1684 ἁπλῷ,
2819 1614 2879 1666 τὸ
2907 1613 3195 1666 ἀσύνθετον
3217 1616 3535 1685 ὲνοήσαμεν,
3567 1616 3626 1667 ἑν
3654 1615 3711 1669 δὲ

2146 1700 2225 1771 τῷ
2253 1702 2550 1772 ἀγεννήτῳ,
2577 1702 2636 1754 τὸ
2678 1703 2751 1771 μὴ
2798 1702 2855 1768 ἐξ
2890 1703 3065 1765 αἰτίας
3097 1699 3233 1756 εἶναί
3260 1721 3400 1767 τινος
3432 1704 3713 1775 ἐδιδάχθη-

2078 1764 2120 1819 B
2152 1764 2270 1863 μεν.
2302 1764 2449 1846 -ΤὸνΙ
2474 1764 2529 1845 δίε
2563 1764 2692 1846 Υιδᾴ
2737 1764 2801 1847 εκ
2838 1764 2972 1848 θεοῦ
3023 1764 3154 1846 Θεὸν
3206 1794 3353 1858 ὄντα,
3383 1764 3495 1848 ’καὶ
3550 1764 3715 1849 αῦτόν

2147 1885 2351 1940 ἁπλοῦν
2385 1886 2659 1938 πιστεύειν
2690 1886 2912 1955 οίόμεθα
2934 1887 3044 1939 δεῖν
3065 1903 3078 1917 ⁸
3108 1886 3193 1939 διὰ
3220 1887 3279 1939 τὸ
3313 1887 3492 1957 πάσης
3524 1888 3715 1940 συνθέ-

2149 1994 2286 2040 σεως
2315 1977 2635 2047 καθαρεύειν
2662 1978 2723 2031 τὸ
2755 1979 2922 2032 Θείον.
2958 1980 3069 2032 Καὶ
3094 1980 3235 2032 κατὰ
3279 1980 3369 2032 τὸν
3402 1980 3560 2033 αὑτὸν
3590 1981 3713 2050 τρόσ

2149 2088 2246 2122 πον
2268 2070 2360 2123 καὶ
2384 2071 2476 2122 ἐπὶ
2502 2070 2709 2133 τούτου,
2744 2072 2878 2140 μήτε
2908 2071 2996 2123 διὰ
3026 2072 3127 2141 τῆς
3162 2071 3255 2124 τοῦ
3284 2072 3415 2124 Τίοῦ
3440 2090 3714 2142 προσηγο-

2153 2162 2270 2231 ρίας
2300 2162 2395 2233 τὴν
2422 2162 2693 2232 ἁπλότητα
2730 2162 2827 2229 τῆς
2855 2162 3040 2225 οὐσίας
3084 2164 3389 2233 σημαίνειν,
3423 2164 3548 2235 μήτ’
3574 2166 3713 2233 αύτῇ

2150 2254 2407 2318 ἁπλότητι
2445 2256 2712 2324 παριστᾷν
2750 2252 2810 2305 τό
2842 2253 2933 2307 τοῦ
2961 2254 3090 2307 Υίοῦ
3130 2256 3539 2325 σημαινόμενον.
3576 2255 3722 2307 Ἀλλ’

2148 2346 2212 2396 ἐκ
2255 2346 2441 2397 τούτου
2492 2345 2611 2414 μὲν,
2636 2345 2734 2415 τὴν
2774 2346 2837 2397 ὲκ
2868 2346 2962 2397 τοῦ
2998 2346 3208 2417 Πατρὸς
3234 2346 3526 2399 ὑπόστασιν
3553 2364 3720 2414 φανε-

2151 2436 2394 2507 ρούσθω’
2431 2438 2494 2489 ἐκ
2532 2437 2588 2489 δὲ
2629 2436 2721 2489 τοῦ
2768 2435 2958 2500 ἁπλοῦ,
2990 2438 3125 2508 ὅπερ
3152 2438 3402 2507 ἐμφαίνει
3435 2440 3467 2508 ή
3495 2439 3721 2507 τοιαύτη

2150 2531 2323 2598 φωνή.
2392 2530 2544 2582 Ἐπεὶ
2580 2526 2672 2584 οὖν
2717 2532 2745 2582 6
2792 2529 2890 2599 μὲν
2918 2529 3016 2598 τῆς
3056 2529 3176 2581 κατ’
3204 2530 3391 2583 οὐσίαν
3417 2530 3722 2601 ἁπλότητος

2148 2616 2304 2685 λόγος
2330 2614 2409 2680 εἷς
2441 2619 2533 2672 καὶ
2581 2621 2610 2672 6
2653 2619 2814 2684 αὐτὸς
2859 2622 2951 2674 καὶ
3002 2620 3091 2673 ἐπὶ
3134 2619 3347 2691 Πατρὺς
3370 2620 3590 2691 λέγηται
3627 2624 3725 2674 καὶ

2149 2710 2241 2762 ἐπὶ
2275 2709 2424 2773 Υίοῦ,
2452 2710 2572 2765 οῦτε
2602 2711 2788 2781 ὑφέσει
2812 2712 2939 2773 τινὶ,
2968 2709 3089 2763 οὔτε
3124 2712 3444 2783 πλεονασμῷ
3470 2712 3718 2764 διαλλάσ-

2151 2816 2287 2851 σωνσ
2337 2801 2396 2853 τὸ
2431 2800 2487 2853 δὲ
2515 2800 2771 2870 γεννητὸν
2800 2801 2878 2871 τῷ
2925 2801 3203 2871 άγεννήτῳ
3239 2799 3438 2871 πολλὴν
3478 2801 3620 2854 κατὰ
3659 2800 3727 2853 τὸ

2151 2893 2545 2961 σημαινόμενον
2574 2892 2669 2963 τὴν
2697 2893 2956 2961 διαφορὰν
2978 2892 3088 2961 ἔχει
3109 2907 3129 2923 ο
3166 2893 3322 2944 τοῦτο
3350 2896 3457 2963 γὰρ
3494 2892 3639 2946 ἔστιν
3664 2896 3728 2944 ἐν

2151 2982 2227 3051 τῷ
2274 2982 2444 3053 ἑτέρῳ
2484 2983 2592 3035 τῶν
2642 2984 2918 3051 ὀνομάτων
2950 2982 3158 3052 νοῆσαι,
3202 2981 3229 3033 ὃ
3260 2984 3316 3033 ἐν
3342 2980 3420 3051 τῷ
3454 2982 3593 3049 ἄλλῳ
3621 2984 3732 3036 οὐκ

2152 3073 2265 3125 ἔστι
2294 3087 2309 3101 ⁸
2349 3073 2434 3127 διὰ
2475 3072 2630 3125 τοῦτό
2678 3089 2857 3141 φαμεν
2928 3071 3199 3143 μηδεμίαν
3261 3072 3505 3141 ἀνάγκην
3555 3069 3727 3137 εἶναι,

2154 3166 2447 3235 ἀγεννήτου
2496 3165 2647 3227 ὄντος
2701 3164 2794 3217 τοῦ
2845 3164 3078 3233 Πατρός,
3134 3163 3318 3235 ἐπειδὴ
3368 3164 3508 3235 ἁπλῆ
3570 3166 3730 3217 ἐστιν

2154 3257 2317 3309 αὐτοῦ
2368 3258 2401 3327 ἡ
2447 3257 2621 3318 οὐσία,
2656 3257 2976 3327 ἀγεννησίαν
3018 3256 3271 3324 λέγεσθαι
3295 3254 3457 3309 αύτοῦ
3492 3256 3590 3324 τὴν
3628 3257 3730 3307 ού-

2156 3350 2295 3403 σίαν.
2348 3348 2480 3401 Οὐδὲ
2522 3348 2630 3418 γὰρ
2680 3348 2849 3401 ἁπλοῦ
2900 3347 3050 3411 ὄντος
3088 3347 3182 3400 τοῦ
3226 3347 3377 3411 Υίοῦ,
3424 3348 3517 3402 τοῦ
3555 3348 3734 3401 αὐτοῦ

2155 3442 2249 3495 καὶ
2276 3438 2534 3508 γεννητοῦ
2570 3434 2707 3491 εἶναι
2748 3438 3200 3507 πεπιστευμένου,
3245 3436 3517 3507 ἁπλότητα
3562 3430 3743 3505 λέγοί

2158 3549 2253 3603 μεν
2276 3530 2371 3602 τὴν
2398 3530 2604 3583 οὐσίαν.
2653 3529 2791 3582 Ἀλλ’
2823 3528 3007 3600 ὥσπερ
3032 3528 3175 3597 ἁπλῆ
3202 3530 3346 3582 ἐστιν
3376 3531 3409 3599 ἡ
3439 3530 3614 3591 οὐσία,
3632 3530 3735 3582 καὶ

2152 3625 2250 3693 ούχ
2282 3623 2538 3692 ἁπλότης,
2561 3622 2731 3684 οὕτως
2758 3622 2850 3676 καὶ
2877 3620 3167 3692 ἀγέννητός
3197 3621 3344 3673 ἐστιν
3376 3621 3408 3689 ή
3436 3619 3590 3673 ούσία
3631 3621 3739 3676 καὶ

2152 3717 2251 3769 οὐκ
2295 3714 2605 3785 ἁγεννησία.
2654 3714 2757 3767 Τὸν
2804 3713 2967 3766 αὑτὸν
3012 3713 3210 3784 τρόπον
3256 3711 3512 3781 γεννητοῦ
3568 3712 3738 3774 ὄντος

2154 3811 2246 3863 καὶ
2282 3809 2376 3863 τοῦ
2427 3807 2579 3872 Υἱοῦ,
2614 3808 2792 3877 πάσης
2842 3808 3086 3876 ἀνάγκης
3128 3809 3156 3860 6
3187 3806 3341 3875 λόγος
3373 3804 3737 3875 κεχώρισται,

2152 3898 2337 3969 ἐπειδὴ
2389 3899 2531 3968 ἁπλῆ
2580 3898 2724 3949 ἐστιν
2767 3894 2929 3948 αὑτοῦ
2978 3896 3011 3964 ἠ
3052 3894 3226 3957 ούσία,
3274 3894 3522 3962 γέννησιν
3555 3892 3738 3943 αὑτοῦ

2151 3992 2250 4064 τὴν
2280 3992 2464 4044 οὐσίαν
2494 3990 2769 4062 ὁρίζεσθαι
2789 4007 2801 4021 ·
2835 3988 2967 4041 ἀλλὰ
2996 3988 3088 4041 καὶ
3112 3986 3341 4040 ἐνταῦθα
3374 3986 3509 4039 ἰδίαν
3538 3985 3739 4055 ἔμφα-

2154 4100 2237 4135 σιν
2270 4083 2504 4152 ἑκάτερα
2545 4081 2654 4133 τῶν
2678 4080 2954 4150 ὀνομάτων
2984 4078 3117 4149 ἔχει.
3155 4078 3227 4133 ’Ἡ
3252 4094 3309 4129 τε
3352 4077 3456 4145 γὰρ
3478 4074 3569 4127 τοῦ
3604 4092 3744 4143 γεν-

2153 4176 2313 4247 νητοῦ
2347 4175 2707 4246 προσηγορία,
2750 4173 2809 4225 τὸ
2856 4172 2918 4224 ἐκ
2964 4171 3109 4233 τινός
3155 4187 3235 4222 σοι
3280 4170 3595 4240 παρίστησι,
3634 4169 3742 4219 καὶ

2153 4268 2228 4339 τῷ
2283 4267 2502 4328 ἁπλοῦν,
2563 4265 2641 4336 τῷ
2697 4262 3037 4333 ἀπηλλάχθαι
3094 4260 3410 4322 συνθέσεως.
3478 4258 3616 4311 Ἀλλ’
3665 4262 3739 4311 οὐ

2154 4361 2324 4415 ταῦτα
2358 4359 2628 4421 κάκείνοις
2674 4358 2847 4410 δοκεῖ’
2904 4354 3177 4426 βούλονται
3214 4354 3323 4423 γάρ
3357 4352 3536 4423 ἐπειδὴ
3578 4351 3741 4422 ἁπλῆ

493 4463 625 4517 tiam
683 4462 802 4530 ejus
859 4463 1258 4531 generationem
1324 4478 1467 4525 esse,
1543 4462 1789 4516 delinire.
1853 4459 2049 4515 Verum

2153 4455 2244 4507 τοῦ
2282 4453 2493 4525 Πατρός
2522 4453 2668 4504 ἐστιν
2699 4450 2937 4521 ἡούσία,
2977 4448 3050 4519 μὴ
3080 4448 3204 4502 ἄλλο
3243 4464 3294 4498 τι
3325 4447 3356 4517 ῆ
3405 4444 3743 4512 ἀγεννησίαν

490 4555 655 4609 etiam
685 4555 774 4607 liic
805 4554 1077 4623 propriam
1104 4554 1553 4623 signiﬁcationem
1582 4564 1811 4624 utraque
1835 4555 2053 4608 nomina

492 4647 715 4703 habent.
749 4643 881 4699 Nam
904 4654 959 4700 et
987 4645 1153 4716 geniti
1189 4646 1478 4715 appellatio
1506 4662 1569 4699 ex
1596 4646 1776 4717 aliquo
1808 4662 1931 4700 esse
1956 4645 2055 4699 tibi

491 4738 676 4794 animo
709 4735 947 4805 subjicit,
978 4745 1033 4791 et
1070 4750 1175 4806 qua
1214 4736 1443 4805 simplex
1488 4736 1709 4800 dicitur,
1746 4735 1798 4791 id
1834 4736 1977 4805 quod
2025 4751 2056 4790 a

492 4830 891 4901 compositione
944 4828 1177 4882 alienum
1225 4836 1308 4881 est
1369 4837 1423 4881 et
1485 4826 1736 4882 liberum.
1790 4827 1896 4881 Sed
1945 4828 2059 4881 haec

495 4922 605 4977 illis
634 4937 742 4976 non
776 4920 1027 4975 videntur
1058 4938 1071 4974 :
1100 4920 1288 4974 volunt
1322 4921 1489 4982 enim,
1526 4922 1784 4989 quoniam
1829 4922 2054 4989 simplex

492 5022 577 5070 est
629 5011 809 5069 Patris
860 5012 1097 5067 essentia
1145 5028 1252 5065 non
1307 5012 1453 5066 aliud
1504 5012 1654 5081 quid,
1685 5028 1845 5081 quam
1902 5014 2061 5080 ἀγεν-

493 5104 723 5176 νησίαν,
789 5105 1268 5175 ingenerationem,
1328 5105 1498 5173 ipsam
1534 5120 1657 5159 esse
1711 5105 2053 5159 existimari:

494 5196 726 5267 ideoque
764 5206 818 5251 et
860 5197 1132 5267 ingenitus
1171 5196 1391 5251 dicitur.
1425 5196 1502 5248 Ad
1537 5211 1675 5265 quos
1722 5205 1775 5250 et
1806 5196 1907 5250 hoc
1938 5197 2061 5251 licet

494 5292 680 5345 dicere
726 5289 871 5359 quod
903 5289 1158 5359 quoniam
1206 5288 1369 5344 etiam
1401 5289 1611 5342 Patrem
1659 5297 1956 5342 creatorem
2008 5299 2062 5345 et

497 5382 836 5436 conditorem
874 5382 1177 5440 nominant,
1227 5380 1454 5447 simplex
1511 5390 1688 5433 autem
1727 5387 1810 5431 est
1860 5395 2059 5433 secun-

497 5474 628 5528 dum
664 5473 981 5530 essentiam.
1036 5472 1128 5541 qui
1174 5472 1241 5526 iis
1278 5470 1592 5525 nominibus
1643 5480 1902 5533 vocatur;
1946 5472 2059 5540 jam

498 5569 715 5632 tempus
750 5570 833 5617 est
864 5570 921 5615 ut
950 5560 1039 5615 isti
1065 5561 1338 5630 sapientes
1362 5568 1669 5616 creaturam
1704 5568 1757 5614 et
1786 5561 2062 5630 Opiﬁcium

498 5653 679 5712 Patris
733 5656 1027 5710 essentiam
1094 5654 1481 5723 pronuntient.
1522 5652 1792 5723 siquidem
1844 5669 2060 5708 omnem

503 5747 921 5821 signiﬁcantiam
947 5748 1186 5806 nominis
1214 5748 1361 5819 quod
1406 5748 1461 5804 in
1492 5764 1555 5805 eo
1582 5746 1800 5815 dicitur,
1855 5750 2061 5824 simpli~

2158 4546 2325 4619 αὐτὴν
2364 4540 2499 4598 εἶναι
2547 4542 2890 4614 νομίζεσθαι’
2942 4542 3189 4595 διότικαὶ
3238 4539 3524 4606 ἀγέννητος
3568 4535 3742 4602 λέγε-

2158 4658 2265 4694 ται.
2301 4640 2443 4708 Πρός
2467 4637 2561 4700 οὓς
2600 4637 2876 4690 καὶτοῦτο
2909 4630 3055 4687 ἔστιν
3089 4633 3280 4695 εἰπεῖν,
3306 4632 3386 4683 ὅτι
3410 4628 3595 4697 ἐπειδὴ
3634 4631 3744 4680 καὶ

2159 4730 2380 4799 κτίστην
2434 4727 2523 4780 τὸν
2574 4726 2790 4798 Πατέρα
2822 4725 2915 4777 καὶ
2970 4722 3296 4793 δημιουργὸν
3342 4716 3736 4789 ὀνομάζουσιν·

2159 4823 2361 4885 ἁπλοῦς
2405 4822 2461 4875 δὲ
2491 4820 2611 4874 κατ’
2648 4819 2833 4871 οὐσίαν
2860 4816 3005 4869 ἐστὶν
3035 4818 3061 4868 6
3100 4813 3271 4867 ταῦτα
3298 4809 3693 4881 ὀνομαζόμενος
3720 4826 3737 4837 ·

2161 4914 2277 4985 ὥρα
2317 4916 2427 4977 τοῖς
2458 4914 2639 4981 σοφοῖς
2681 4909 2890 4971 τούτοις
2919 4908 3095 4961 κτίσιν
3124 4906 3216 4958 καὶ
3249 4901 3601 4973 δημιουργίαν
3632 4900 3743 4971 τὴν

2160 5006 2347 5058 οὐσίαν
2398 5004 2491 5056 τοῦ
2540 5002 2749 5071 Πατρὸς
2798 4997 3211 5069 ἀποφαίνεσθαι,
3266 4995 3491 5062 ἐπείπερ
3546 4994 3742 5044 πᾶσαν

2164 5098 2434 5169 σημασίαν
2456 5095 2549 5148 τοῦ
2580 5096 2706 5168 περὶ
2735 5093 2898 5147 αὑτὸν
2931 5090 3220 5161 λεγομένου
3259 5087 3537 5157 ὀνόματος,
3570 5086 3600 5137 6
3632 5084 3743 5152 τῆς

2162 5191 2460 5261 ἁπλότητος
2501 5188 2656 5257 λόγος
2692 5189 2769 5250 είς
2821 5186 2918 5256 τὴν
2949 5183 3136 5236 οὐσίαν
3183 5180 3391 5248 ἀνάγει.
3436 5177 3506 5229 Ἦ
3551 5175 3744 5227 τοίνυν

2162 5285 2549 5357 χωρισὰτωσαν
2595 5280 2687 5335 τοῦ
2743 5276 2971 5352 ὁρισμοῦ
3026 5277 3125 5345 τῆς
3171 5273 3321 5335 θείας
3380 5270 3567 5332 οὐσίας
3631 5268 3743 5337 τὴν

2163 5376 2505 5446 ἀγεννησίαν,
2538 5374 2629 5427 ἐπὶ
2679 5372 2845 5442 μόνης
2886 5368 2985 5437 τῆς
3035 5367 3169 5429 ἰδίας
3213 5364 3501 5435 ἐμφάσεως
3544 5360 3747 5431 μένους

2166 5486 2285 5532 σαν,
2320 5468 2352 5537 ἥ
2396 5467 2552 5536 εἴπερ
2601 5464 2684 5517 διὰ
2726 5464 2824 5534 τὴν
2856 5461 3127 5529 ἁπλότητα
3154 5457 3246 5510 τοῦ
3279 5454 3637 5523 ὑποκειμένου
3667 5455 3738 5521 τῇ

2165 5560 2457 5631 ἀγεννησίᾳ
2483 5559 2586 5627 τὴν
2620 5556 2803 5610 τύσίαν
2832 5554 3112 5625 ὁρίζοιντο,
3140 5548 3226 5602 διὰ
3250 5549 3346 5617 τὴν
3370 5546 3537 5615 αὐτὴν
3556 5543 3741 5595 αἰτίαν

2167 5658 2259 5710 καὶ
2285 5656 2381 5724 τὴν
2417 5653 2590 5709 κτίσιν
2637 5651 2729 5703 καὶ
2759 5648 2856 5720 τὴν
2902 5643 3258 5717 δημιουργίαν
3290 5642 3351 5709 τῇ
3396 5637 3487 5691 τοῦ
3521 5634 3740 5703 Πατετδς

2170 5751 2328 5821 οὐσίᾳ.
2375 5744 2825 5817 ἐνθεωριίτωσαν.
2876 5741 2949 5805 ὡς
2997 5737 3116 5808 οὐχὶ
3165 5732 3451 5801 κτιζούσης
3500 5728 3590 5781 καί
3642 5726 3739 5797 δη-
