4034 6482
1397 323 1678 384 CONTRA
1716 318 2116 383 EUNOMIUM,
2156 318 2283 375 LIB.
2318 319 2435 377 XII.

3424 320 3538 377 νεα

288 439 658 513 μιουργούσης
693 440 752 495 ἐν
775 441 841 512 τῇ
891 440 1048 510 οὐσίᾳ
1080 438 1382 510 δυνάμεως,
1425 438 1537 491 ἀλλ’
1569 437 1739 504 αὑτῆς
1764 437 1851 505 τῆς

1964 435 2145 490 citatis
2176 435 2317 488 ratio
2353 433 2421 487 ad
2454 432 2744 488 essentiam
2777 430 3002 487 reducit.
3035 428 3130 486 Vel
3175 429 3340 502 igitur
3371 444 3402 483 ιι
3428 430 3528 483 de-

281 531 565 602 δυνάμεως
614 531 821 601 κτίσμα
869 533 965 586 καὶ
1008 531 1397 602 δημιούργημα
1444 531 1760 601 νοουμένης.
1798 530 1861 583 Εἰ

282 620 341 674 δι
380 619 538 674 τοῦτο
566 621 958 675 ἀποϐάλλουσιν
999 622 1076 686 ὡς
1119 622 1353 693 πονηρόν
1395 638 1454 674 τε
1501 622 1596 675 καὶ
1642 620 1859 687 ἄτοπον,

283 712 665 782 πεισθήτωσαν
691 715 755 767 ἐκ
783 714 881 785 τῆς
906 713 1225 777 ἀκολουθίας
1249 715 1499 767 κάκεῖνον
1523 713 1697 784 τούτῳ
1734 731 1859 767 συν-

282 803 607 857 αποόάλλειν
650 805 743 857 τὸν
781 805 954 874 λόγον.
1019 806 1106 868 Ὠς
1153 806 1261 878 γὰρ
1313 807 1413 859 οὑκ
1454 805 1568 859 ἐστι
1604 802 1861 876 δημιοὺρὲ-

283 910 438 964 γημα
467 895 563 947 τοῦ
588 894 920 967 δημιουργοῦ
946 895 1119 959 οὑσία,
1154 896 1326 959 οὑτως
1360 896 1478 949 οὑδὲ
1503 896 1793 967 ἀγεννησία
1824 896 1859 967 ή

282 984 376 1038 τοῦ
412 987 706 1055 ἀγεννήτου
737 987 914 1042 οὑσία.
944 987 1239 1057 Συντομίας
1269 987 1326 1040 δὲ
1367 988 1525 1059 χάριν
1552 987 1646 1041 καὶ
1684 1004 1860 1057 σαφη-

282 1074 451 1139 νείας,
484 1075 646 1130 πάλιν
674 1076 763 1128 τὸν
797 1076 959 1131 αὑτὸν
1004 1076 1419 1146 ἐπαναλήψομαι
1465 1076 1639 1145 λόγον.
1687 1075 1750 1131 Εἰ
1783 1078 1857 1150 μή

282 1164 373 1218 διά
399 1163 461 1217 τὸ
489 1163 565 1236 μή
600 1165 976 1235 γεγεννῆσθαι.
1014 1165 1149 1218 ἀλλά
1184 1165 1275 1219 διά
1310 1165 1371 1217 τὸ
1397 1166 1538 1233 ἀπλῆ
1577 1167 1670 1221 καὶ
1699 1166 1859 1221 ἀσύν-

283 1253 437 1318 θετος
480 1255 639 1308 οὑσία
667 1257 695 1309 ό
729 1254 916 1325 Πατὴρ
945 1248 1104 1318 εἶναι,
1147 1254 1440 1325 ἀγέννητος
1480 1255 1725 1325 λέγεται’
1772 1256 1858 1310 διά

279 1343 381 1415 τὴν
406 1344 576 1414 αὑτήν
600 1344 777 1397 αἰτίαν
798 1346 889 1398 καὶ
918 1346 946 1397 ὁ
970 1345 1097 1408 Υἱὸς
1119 1345 1411 1415 ἀγέννητος
1435 1345 1824 1416 νομισθήσεται
1842 1362 1856 1377 ·

279 1433 445 1486 οὑσία
470 1435 577 1503 γάρ
608 1433 703 1487 xui.
732 1426 888 1498 οὗτός
927 1435 1041 1486 ἐστι
1084 1434 1357 1503 μονοειδής
1406 1434 1499 1487 καὶ
1546 1434 1855 1499 ἀσύνθετος.

280 1525 345 1577 Εἰ
384 1524 442 1576 δὲ
472 1524 562 1577 τὸν
594 1524 723 1577 Υίὸν
748 1525 867 1577 ἐπεὶ
913 1525 1171 1595 ἐγεννήθη
1206 1525 1461 1593 γεννητὸν
1506 1526 1564 1592 ἐξ
1611 1525 1857 1595 ἀνάγκης

276 1614 708 1685 ὁμολογήσομεν,
753 1615 909 1684 δῆλον
938 1616 1019 1668 ὅτι
1067 1616 1281 1669 καὶτὸν
1323 1616 1562 1688 Πατέρα,
1595 1618 1716 1670 ἐπεὶ
1758 1619 1857 1672 οὑκ

280 1704 564 1775 ἐγεννήθη,
596 1705 969 1776 προσεροῦμεν
994 1707 1304 1777 ἀγέννητον.
1345 1709 1406 1761 Εἰ
1439 1708 1495 1761 δὲ
1525 1708 1701 1774 τοῦτο,
1731 1709 1767 1779 ἦ
1795 1726 1856 1761 τε

1967 522 2211 579 ﬁnitione
2239 523 2436 579 divina:
2470 523 2721 579 essentia:
2763 521 3108 592 ἀγεννησίαν,
3152 520 3205 575 id
3248 527 3353 583 est,
3384 520 3531 589 inge.

1962 617 2309 679 nerationem,
2357 624 2632 686 separent,
2680 615 2733 668 in
2783 615 2896 668 sola
2944 612 3161 683 propria
3200 622 3255 667 et
3293 613 3529 681 genuina

1965 707 2365 777 signiﬁcatione
2421 716 2751 771 manentem,
2791 705 2874 760 vel
2914 705 2957 759 si
2995 714 3215 774 propter
3263 703 3526 773 simplici-

1961 802 2125 849 tatem
2176 794 2410 864 subjecti
2456 798 2522 866 τῇ
2574 795 2888 865 ἀγεννησίᾳ,
2941 809 3047 848 non
3087 793 3252 863 geniti
3294 794 3523 857 ratione,

1960 892 2257 945 essentiam
2306 889 2585 952 definiant,
2634 895 2857 957 propter
2902 886 3143 940 eamdem
3199 901 3421 940 causam
3470 894 3527 939 et

1959 990 2290 1040 creaturam.
2319 988 2374 1034 et
2404 979 2676 1049 opiﬁcium
2708 979 2762 1032 in
2801 977 2981 1032 Patris
3024 978 3259 1031 essentia
3288 985 3527 1031 contem-

1958 1069 2201 1139 plentur,
2242 1069 2471 1140 perinde
2523 1085 2587 1123 ac
2622 1070 2667 1124 si
2703 1069 2873 1123 virtus
2903 1082 3024 1137 qua:
3063 1069 3232 1122 estin
3261 1067 3524 1130 essentia,

1959 1172 2069 1212 non
2102 1168 2254 1214 creet
2294 1166 2348 1213 et
2394 1158 2676 1222 moliatur,
2714 1157 2808 1211 sed
2843 1158 2959 1227 ipsa
2984 1158 3161 1211 virtus
3203 1166 3257 1211 et
3285 1165 3525 1227 potestas

1961 1249 2293 1320 intelligatur
2344 1259 2596 1304 creatura
2653 1256 2709 1302 et
2766 1248 3062 1318 opiﬁcium.
3114 1248 3269 1314 Quod
3326 1248 3373 1303 si
3421 1248 3526 1303 hoc

1958 1339 2224 1417 abjiciunt
2252 1346 2309 1392 ut
2338 1338 2640 1407 improbum
2669 1346 2721 1391 et
2748 1337 3068 1401 absurdum,
3098 1337 3527 1407 persuadeantur

1959 1445 2023 1484 ex
2050 1430 2460 1493 consecutione,
2498 1428 2663 1483 etiam
2700 1444 2807 1481 una
2838 1445 2960 1482 cum
2990 1431 3093 1482 lioc
3130 1430 3281 1483 illum
3312 1446 3525 1485 sermo-

1960 1534 2087 1574 nem
2124 1520 2440 1589 repudiare:
2461 1526 2519 1572 ut
2552 1520 2702 1574 enim
2737 1519 3012 1588 opiﬁcium
3042 1535 3149 1573 non
3195 1529 3280 1574 est
3312 1521 3524 1589 Opiticis

1965 1613 2229 1675 essentia,
2261 1612 2338 1666 sic
2364 1625 2541 1681 neque
2569 1611 2885 1679 ἀγεννησία,
2916 1612 3257 1681 ingeneralio,
3296 1612 3523 1683 ingeniti

1957 1704 2216 1758 essentia.
2268 1703 2587 1773 Compemlii
2641 1710 2821 1757 autem
2886 1711 2939 1757 et
2990 1703 3341 1758 diluciditatis
3400 1720 3526 1773 gra-

279 1795 509 1866 ἀλήθεια
548 1796 640 1849 καὶ
676 1798 709 1867 ή
744 1797 849 1850 τῶν
893 1797 1155 1851 τεθέντων
1186 1798 1473 1852 ἀκολουθία
1517 1801 1851 1868 καταναγκά-

1960 1797 2055 1859 tia,
2110 1809 2305 1851 rursus
2351 1794 2598 1849 eumdem
2648 1807 2992 1847 rcsnmamus
3036 1807 3365 1848 sermonem.
3408 1792 3524 1850 Nisi

280 1885 397 1954 ζει,
448 1888 709 1959 πρόδηλον
765 1890 846 1942 ὅτι
893 1890 1013 1960 οὑχὶ
1057 1891 1240 1953 οὐσίας
1291 1892 1405 1944 ἐστὶ
1454 1892 1515 1945 τὸ
1560 1890 1852 1961 ἀγέννητον

277 1978 471 2050 ὄνομα,
513 1980 647 2034 ἀλλά
686 1980 948 2051 διαφορᾶς
994 1998 1137 2044 τινος
1178 1982 1464 2051 νοημάτων
1501 1982 1849 2052 σημαντικὸν,

277 2071 381 2140 τῆς
412 2071 473 2123 τὸ
502 2070 757 2141 γεννηθὲν
788 2069 882 2124 τοῦ
928 2070 1001 2143 μή
1040 2070 1387 2139 γεννηθέντος
1416 2071 1848 2142 διαστελλούσης.

1959 1894 2243 1957 propterea
2286 1884 2432 1955 quod
2468 1901 2576 1938 non
2609 1884 2822 1955 genitus
2870 1892 2975 1948 est,
3012 1884 3115 1940 sed
3140 1886 3264 1955 quia
3297 1885 3523 1954 simplex

1957 1987 2012 2035 et
2063 1977 2424 2048 incomposita
2458 1977 2529 2031 sit
2575 1977 2829 2039 essentia,
2882 1975 3042 2031 Pater
3074 1978 3344 2045 ingenitus
3378 1977 3526 2031 dici-

1958 2081 2069 2139 tur,
2103 2071 2169 2125 ob
2200 2068 2445 2123 eamdem
2475 2082 2696 2123 causam
2724 2070 2887 2123 etiam
2926 2067 3092 2123 Filius
3121 2070 3394 2138 ingenitus
3414 2067 3527 2121 exi-

286 2158 619 2212 stimabitur.
653 2156 901 2213 Essentia
940 2159 1083 2213 enim
1116 2159 1277 2213 etiam
1318 2158 1407 2213 hic
1447 2167 1530 2213 est
1560 2157 1848 2215 uniformis
1886 2170 1939 2214 et
1968 2157 2382 2229 compositionis
2411 2172 2621 2212 exsors.
2660 2156 2815 2223 Quod
2861 2158 2907 2211 si
2973 2157 3192 2217 Filium,
3266 2157 3526 2227 quoniam

278 2250 498 2319 genitus
530 2258 632 2311 est,
674 2248 915 2319 genitum
965 2249 1277 2305 necessario
1305 2249 1705 2316 conﬁtebimur,
1732 2252 2076 2321 perspicuum
2103 2249 2249 2320 quod
2278 2248 2440 2303 etiam
2500 2246 2738 2313 Patrem,
2810 2250 3067 2317 quoniam
3133 2264 3239 2302 non
3306 2250 3524 2319 genitus

275 2347 386 2403 est,
418 2339 661 2394 dicemus
702 2338 1025 2410 ingenitum.
1064 2340 1217 2406 Quod
1252 2340 1299 2395 si
1338 2340 1442 2395 hoc
1474 2352 1528 2395 et
1555 2341 1758 2396 veritas
1794 2349 1848 2395 et
1889 2342 2191 2411 positorum
2222 2340 2391 2394 series
2457 2352 2798 2408 consequens
2833 2338 2998 2407 cogit,
3063 2337 3267 2407 liquido
3310 2347 3525 2393 constat

281 2433 582 2503 ingenitum
625 2446 732 2486 non
763 2446 887 2488 esse
927 2447 1124 2487 nomen
1163 2434 1437 2496 essentize,
1499 2434 1593 2487 sed
1660 2434 1975 2489 diﬁ‘crentia:
2040 2433 2271 2502 alicujus
2321 2446 2511 2487 eorum
2577 2446 2697 2500 quae
2763 2432 3157 2500 intelliguntur,
3205 2431 3525 2501 signiﬁcati-

280 2541 434 2589 vnm,
479 2540 600 2596 quae
644 2524 790 2595 quod
831 2533 914 2580 est
961 2526 1203 2594 genitum
1253 2541 1283 2579 a
1340 2542 1446 2581 non
1493 2530 1673 2596 genito
1725 2527 1855 2581 facit
1890 2528 2220 2597 discrepare.

353 2616 486 2673 Εἶτα
530 2620 621 2672 καὶ
655 2618 811 2672 τοῦτο
844 2620 956 2681 τοῖς
998 2620 1304 2691 εἰρημένοις
1340 2620 1855 2691 προσεξετάσωμενο

281 2711 348 2765 Εἰ
380 2710 441 2763 τὸ
470 2711 760 2780 ἀγέννητον
788 2708 959 2780 ὄνομά
998 2727 1131 2779 φασι
1172 2710 1268 2779 τήν
1314 2710 1501 2763 οὑσίαν
1553 2711 1855 2781 σημαίνειν,

279 2802 375 2855 καὶ
417 2803 491 2873 μὴ
534 2801 596 2854 τὸ
624 2802 751 2855 ἄνευ
793 2800 973 2864 αἰτίας
1018 2801 1117 2871 τὴν
1145 2801 1442 2855 ὑπόστασιν
1486 2801 1661 2871 ἔχειν’
1720 2803 1857 2874 ποίῳ

216 2884 220 2888 ’
280 2892 506 2961 ὀνόματι
561 2891 622 2945 τδ
667 2891 795 2945 ἄνευ
848 2891 1024 2956 αἰτίας
1076 2887 1211 2944 εἶναι
1266 2891 1357 2944 τὸν
1407 2894 1621 2963 Πατέρα
1661 2894 1857 2964 συστή-

283 2998 457 3049 σουσι,
503 2984 601 3054 τῆς
650 2982 973 3051 ἀγεννησίας
1004 2983 1081 3043 εἰς
1125 2982 1224 3050 τὴν
1268 2983 1366 3052 τῆς
1410 2982 1593 3045 οὐσίας
1632 2981 1851 3047 ἔνδειξιν

280 3075 414 3143 παρ’
448 3074 627 3127 αὑτῶν
653 3073 1129 3143 ἀποτεταγμένης;
1165 3072 1227 3125 Εἰ
1252 3071 1357 3143 γάρ
1390 3072 1463 3143 μή
1490 3074 1586 3143 τὴν
1611 3072 1852 3127 διασταλο

281 3168 439 3239 τικήν
476 3168 584 3221 τῶν
617 3168 963 3221 ὑποστάσεων
1006 3166 1263 3235 διαφορὰν
1301 3166 1387 3219 διά
1430 3167 1529 3237 τῆς
1561 3167 1652 3220 τοῦ
1702 3169 1852 3237 ἀγεν-

2032 2619 2236 2675 Deinde
2264 2619 2364 2674 hoc
2385 2619 2548 2674 etiam
2573 2627 2769 2689 praeter
2795 2634 2856 2675 ea
2879 2636 3000 2690 quae
3021 2628 3150 2675 sunt
3171 2621 3312 2676 dicta
3335 2624 3525 2693 exqui-

1958 2725 2181 2765 ramus:
2205 2709 2261 2764 Si
2292 2724 2493 2763 nomen
2525 2710 2627 2763 hoc
2657 2709 2956 2779 ingenitum
2984 2711 3346 2765 substantiam
3372 2713 3525 2767 aiunt

1956 2799 2289 2871 signiﬁcare,
2328 2809 2379 2855 et
2431 2815 2541 2855 non
2588 2802 2793 2872 absque
2849 2817 3015 2856 causa
3073 2801 3288 2858 Patrem
3339 2804 3522 2858 subsi-

1955 2892 2215 2946 stentiam
2244 2890 2463 2956 habere,
2493 2908 2601 2962 quo
2624 2893 2844 2948 nomine
2874 2894 3082 2965 absque
3114 2910 3275 2949 causa
3306 2894 3519 2950 Patrem

1956 2997 2079 3038 esse
2106 2984 2465 3049 constituent,
2498 3000 2621 3039 cum
2655 2985 2947 3056 ἀγεννησία
2987 2986 3055 3040 ad
3090 2987 3339 3041 essentia:
3384 2986 3524 3040 indi-

1958 3075 2225 3129 cationem
2272 3077 2341 3130 ab
2376 3078 2511 3147 ipsis
2561 3079 2631 3131 sit
2661 3077 2947 3132 ordinata?
2987 3076 3046 3131 Si
3085 3079 3228 3132 enim
3268 3077 3522 3133 diﬁeren~

1958 3163 2089 3218 tiam
2119 3181 2243 3235 quae
2277 3167 2662 3222 subsistentias
2688 3167 2971 3238 disiungit,
3003 3168 3224 3239 ingeniti
3256 3183 3382 3222 voce
3411 3182 3519 3221 non

280 3234 446 3331 νήτου
482 3258 666 3327 φωνῆς
716 3234 1113 3327 διδασκόμεθα,
1146 3234 1259 3308 ἀλλ’
1304 3234 1726 3325 αὑτῆςῄφύσεως
1752 3234 1848 3309 *ὲν-

1956 3256 2237 3321 docemur,
2279 3259 2373 3313 sed
2430 3259 2603 3329 ipsius
2656 3267 2863 3313 natura:
2921 3260 3059 3313 hanc
3114 3260 3347 3314 indicem
3397 3274 3521 3315 esse

279 3350 553 3421 δεικτικήν
580 3345 718 3403 εἶναι
742 3348 943 3419 ταύτην
980 3347 1387 3417 ὑποληοᾷόμεθα,
1417 3343 1527 3400 οἷον
1556 3348 1851 3419 ἀπορρέου-

282 3442 382 3495 σάν
420 3458 535 3504 πως
562 3440 655 3493 τοῦ
686 3439 1077 3510 ὑπερκειμένου
1115 3440 1465 3509 πράγματος’
1500 3440 1591 3492 καὶ
1628 3439 1717 3493 διὰ
1752 3441 1850 3511 τῆς

276 3530 391 3584 τῶν
425 3530 699 3583 συλλαϐῶν
750 3531 1110 3600 ὲκφωνήσεως
1157 3528 1603 3582 ὲκκαλύπτουσαν
1652 3528 1712 3581 τὸ
1761 3528 1851 3600 ζηο

278 3619 561 3691 τοὺμενον,
604 3622 815 3690 ἀνάγκη
847 3622 995 3673 πᾶσα
1033 3620 1066 3689 ῆ
1120 3618 1194 3689 μὴ
1230 3614 1367 3672 εἶναι
1396 3620 1485 3673 τὸν
1511 3621 1641 3674 Θεὸν
1686 3622 1848 3688 ἀγέν-

278 3728 461 3781 νητον,
495 3712 527 3782 ἢ
559 3711 632 3781 μὴ
660 3710 934 3779 λέγεσθαι,
973 3712 1243 3781 μηδεμιᾶς
1265 3712 1445 3781 φωνῆς
1464 3710 1559 3781 τὴν
1597 3713 1850 3784 τοιαύτην

279 3804 518 3873 ἔμφασιν
547 3802 853 3866 ἰδιαζόντως
877 3804 964 3855 ἐπ’
986 3802 1153 3856 αὑτοῦ
1180 3802 1576 3872 παρεχομένης.
1609 3802 1719 3873 Τῆς
1741 3804 1850 3874 γάρ

278 3894 629 3963 ἀγεννησίας,
682 3892 864 3956 καθὼς
908 3888 1052 3946 οὑτοι
1084 3910 1269 3962 φασιν,
1310 3893 1370 3945 οὑ
1410 3892 1470 3944 τδ
1512 3893 1639 3946 ἄνευ
1672 3893 1849 3957 αἰτίας

279 3981 422 4040 εἶναι
454 3985 931 4055 διασημαινούσης,
976 3984 1112 4037 ἀλλά
1159 3984 1257 4056 τὴν
1308 3984 1467 4053 φύσιν
1512 3984 1851 4054 ἐνδεικνυμέ-

280 4094 401 4147 νης,
431 4079 897 4149 περιτραπήσεται
927 4079 1141 4141 πάντως
1166 4079 1349 4142 αὑτοῖς
1380 4079 1514 4150 πρὸς
1545 4079 1850 4133 τούναντίον

280 4169 343 4222 τὸ
385 4168 644 4239 σόφισμα,
695 4170 788 4222 καὶ
819 4168 1171 4239 εὑρεθήσεται
1203 4169 1490 4238 διαφεῦγον
1520 4168 1613 4221 τοῦ
1647 4169 1851 4239 δόγμα-

280 4277 375 4323 τος
403 4260 581 4313 αὑτῶν
606 4259 697 4313 ἐπὶ
725 4259 819 4313 τοῦ
848 4260 981 4313 θεοῦ
1021 4260 1082 4312 τὸ
1117 4261 1428 4330 ἀγέννητον.
1474 4260 1714 4331 Μηδενὸς
1741 4260 1849 4329 γὰρ

280 4353 467 4423 ἑτέρου
512 4354 753 4423 ῥήματος
793 4352 826 4422 ἢ
867 4352 1126 4422 ὀνόματος
1166 4352 1227 4405 τὸ
1266 4351 1340 4424 μὴ
1393 4352 1717 4424 γεννηθῆναι
1760 4352 1849 4405 τὸν

280 4445 498 4513 Πατέρα
544 4443 931 4515 παριστῶντος,
980 4444 1072 4497 τοῦ
1119 4444 1172 4496 δὲ
1225 4446 1517 4516 ἁγεννήτου
1568 4445 1709 4497 κατά
1752 4443 1850 4515 τῆν

282 4535 471 4604 σοφίαν
504 4535 701 4597 αὑτῶν,
742 4533 867 4587 ἄλλο
900 4551 952 4586 τι
984 4535 1075 4586 καὶ
1110 4535 1229 4604 οὑχὶ
1268 4535 1329 4587 τὸ
1376 4534 1449 4605 μὴ
1494 4533 1849 4604 γεγεννῆσθαι

278 4625 753 4697 διερμηνεύοντος,
814 4624 1017 4695 οἴχεται
1072 4626 1164 4678 καὶ
1222 4626 1502 4697 συνερῤοίη
1572 4627 1708 4697 πρὸς
1760 4628 1851 4680 τὸν

279 4719 565 4775 Σαῦέλλιον
610 4720 795 4780 αὑτοῖς
850 4716 1241 4787 κατολισθήσας
1300 4719 1328 4769 ὁ
1372 4716 1547 4786 λόγος.
1613 4719 1850 4791 Ἀνάγκη

278 4807 388 4877 γάρ
440 4808 587 4860 πᾶσα
639 4804 725 4858 διά
770 4805 870 4875 τῆς
922 4804 1241 4868 ἀκολουθίας
1277 4804 1500 4875 ταύτης,
1552 4806 1643 4859 τὸν
1692 4808 1853 4862 αὑτὸν

276 4894 418 4951 εἰναι
452 4897 763 4968 νομίζεσθαι
806 4896 884 4967 τῷ
914 4895 1027 4967 Υἱῷ
1074 4897 1163 4949 τὸν
1209 4897 1446 4968 Πατέρα,
1479 4898 1578 4969 τῆς
1620 4899 1761 4953 κατά
1791 4901 1852 4955 τὸ

276 4990 533 5060 γεννητὸν
578 4991 671 5044 καὶ
707 4989 998 5059 ἀγέννητον
1041 4988 1302 5057 διαφορᾶς
1349 4988 1413 5040 ἐκ
1455 4988 1548 5041 τοῦ
1586 4990 1850 5059 δόγματος

275 5078 459 5132 αὐτῶν
485 5078 870 5147 ὲκκλαπείσης.
908 5078 1069 5129 Ὥστε
1098 5077 1241 5129 δυοῖν
1286 5077 1527 5148 θάτερον,
1564 5078 1596 5150 ἢ
1643 5079 1849 5149 ἀναθή-

275 5186 462 5226 σονται
509 5170 608 5241 τήν
641 5168 903 5241 περιτοῦ
950 5169 1211 5238 ὀνόματος
1256 5168 1434 5234 δόξαν,
1480 5169 1555 5232 ὡς
1586 5170 1849 5239 διαφορὰν

275 5265 376 5336 τῆς
405 5264 663 5334 ἑκατέρου
694 5263 973 5332 ἰδιότητος,
1009 5261 1102 5315 καί⁵
1121 5262 1241 5331 οὐχὶ
1271 5262 1431 5330 φύσιν
1461 5262 1811 5330 σημαίνοντος
1832 5280 1844 5293 ·

272 5356 305 5424 ἢ
353 5353 761 5424 παραμένοντες
804 5355 915 5414 τοῖς
943 5351 1322 5420 ἐγνωσμένοις,
1358 5352 1486 5421 περὶ
1516 5350 1717 5419 ταύτης
1747 5352 1847 5419 τῆς

275 5445 458 5515 φωνῆς
486 5444 758 5514 Σαϐελλίῳ
789 5444 1162 5512 συνθήσονται.
1205 5443 1279 5495 Οὑ
1316 5442 1423 5512 γάρ
1458 5444 1604 5494 ἐστιν
1632 5443 1776 5506 ὅπως
1807 5446 1840 5513 ή

278 5539 384 5595 τῶν
413 5540 760 5592 ὑποστάσεων
799 5535 1029 5607 διαφορά
1060 5536 1122 5587 τὸ
1152 5533 1453 5603 ἀσύγχυτον
1493 5535 1625 5601 ἕξει,
1658 5536 1731 5605 μὴ
1764 5535 1841 5604 τῷ

282 5629 522 5702 γεννητῷ
545 5628 961 5700 διαστελλομένη
991 5626 1126 5698 πρὸς
1167 5625 1229 5679 τὸ
1256 5626 1566 5694 ἀγέννητον.
1608 5627 1766 5677 Ὥστε
1796 5627 1844 5679 εί

274 5725 381 5798 μιν
412 5724 671 5796 διαφορὰν
705 5723 958 5794 σημαίνει
1001 5719 1061 5773 τὸ
1093 5718 1282 5791 ὄνομα,
1316 5719 1348 5788 ή
1378 5716 1533 5770 οὐσία
1569 5716 1718 5771 ἔσται
1760 5717 1844 5771 διὰ

1950 3348 2322 3416 opinabimur,
2363 3350 2508 3403 velut
2547 3365 2577 3403 a
2624 3365 2682 3403 re
2727 3350 2968 3421 subjecta
2999 3351 3401 3420 quodammodo
3440 3351 3521 3406 cf-

1949 3435 2228 3501 ﬁuentem,
2263 3452 2359 3508 per
2393 3438 2725 3509 syllabarum
2762 3440 3188 3495 enuntiationem
3230 3442 3523 3510 explican-

1949 3535 2057 3581 tem
2099 3527 2245 3596 quod
2291 3528 2571 3598 quaaritur,
2604 3529 2826 3583 omnino
2880 3544 3102 3583 necesse
3150 3541 3233 3583 est
3281 3532 3363 3585 vel
3412 3547 3522 3587 non

1948 3632 2073 3673 esse
2107 3616 2273 3673 Deum
2308 3620 2630 3689 ingenitum,
2666 3620 2893 3674 vel'non
2938 3619 3067 3682 dici,
3102 3635 3225 3672 cum
3267 3621 3414 3673 nulla
3449 3622 3523 3676 sit

1948 3726 2053 3764 vox
2080 3727 2198 3781 qua:
2228 3711 2387 3767 talem
2420 3710 2869 3782 signiﬁcationem
2902 3713 3119 3781 proprie
3146 3720 3200 3765 et
3227 3714 3518 3781 separatim

1951 3800 2005 3855 in
2039 3816 2104 3857 eo
2134 3803 2388 3872 praebeat.
2422 3802 2558 3857 Nam
2593 3818 2717 3857 cum
2762 3818 2960 3857 nomen
3000 3802 3344 3872 ἀγεννησίας,
3380 3805 3522 3857 sicut

1951 3893 2043 3949 isti
2075 3904 2350 3957 asserunt,
2388 3896 2592 3964 absque
2612 3909 2775 3949 causa
2808 3910 2930 3949 esse
2961 3910 3066 3947 non
3102 3894 3392 3963 signiﬁcet,
3420 3894 3518 3949 sed

1950 3997 2201 4041 naturam
2234 3987 2460 4048 indicet,
2496 3988 2551 4040 in
2590 3988 2922 4041 contrarium
2957 4000 3183 4056 prorsus
3209 4001 3396 4039 eorum
3430 4001 3520 4041 so-

1950 4079 2164 4149 phisma
2194 4079 2309 4135 sive
2330 4078 2583 4132 cavillum
2614 4080 3079 4147 contorquebitur,
3111 4084 3165 4133 et
3215 4077 3520 4133 invenietur

1950 4171 2019 4224 ab
2048 4184 2237 4225 eorum
2264 4169 2517 4239 dogmate
2549 4170 2692 4239 quod
2722 4169 3017 4239 ingenitum
3052 4179 3134 4224 est
3165 4170 3217 4223 in
3244 4168 3355 4225 Deo
3382 4169 3517 4226 eﬁ’u-

1950 4276 2097 4333 gere.
2133 4261 2270 4315 Cum
2314 4262 2458 4316 enim
2503 4262 2711 4315 nullum
2748 4260 2891 4313 aliud
2934 4262 3157 4315 verbum
3194 4262 3277 4316 vel
3320 4278 3517 4316 nomen

1950 4348 2251 4419 ingenitum
2292 4364 2414 4404 esse
2456 4347 2668 4402 Patrem
2701 4347 2883 4402 animo
2931 4357 3301 4418 repraesentet,
3340 4358 3395 4405 et
3435 4350 3519 4404 in-

1952 4442 2117 4511 geniti
2160 4456 2355 4495 nomen
2390 4439 2689 4495 secundum
2736 4440 2979 4509 ipsorum
3016 4441 3337 4511 sapientiam
3370 4443 3515 4497 aliud

1953 4531 2209 4600 quiddam
2262 4546 2426 4601 quam
2474 4545 2582 4583 non
2638 4531 2877 4599 genitum
2938 4547 3058 4588 esse
3114 4532 3403 4601 signiﬁcet,
3448 4534 3516 4589 ad

1955 4620 2251 4675 Sabellium
2287 4620 2401 4674 abit
2442 4629 2497 4675 ct
2533 4621 2754 4675 conﬂuit
2804 4636 2991 4677 eorum
3031 4622 3288 4679 delabens
3315 4641 3515 4682 sermo.

1952 4709 2189 4766 Omnino
2217 4712 2362 4779 enim
2389 4726 2613 4769 necesse
2641 4720 2724 4767 est
2753 4729 2818 4768 ex
2846 4713 2949 4768 hac
2989 4718 3376 4785 consequentia
3417 4715 3518 4769 Pa-

1952 4812 2090 4857 trem
2131 4818 2253 4858 cum
2298 4802 2438 4857 Filio
2469 4806 2716 4860 eumdem
2761 4820 2883 4861 esse
2912 4807 3235 4871 existimari,
3275 4810 3317 4862 si
3348 4808 3516 4878 geniti

1951 4902 2006 4947 et
2044 4894 2267 4965 ingeniti
2314 4894 2621 4951 diﬁ‘erentia
2666 4912 2733 4952 ex
2780 4913 2970 4952 eorum
3009 4898 3262 4968 dogmate
3302 4899 3515 4955 sublata

1952 4987 2133 5042 fuerit.
2183 4986 2259 5041 Ita
2316 4998 2375 5042 ut
2412 4990 2645 5043 duorum
2695 4992 2946 5052 alterum,
2980 4991 3061 5044 vel
3109 5006 3270 5060 quam
3314 4991 3515 5047 habent

1952 5078 2018 5131 de
2046 5079 2145 5131 hoc
2172 5080 2390 5133 nomine
2413 5082 2721 5150 opinionem
2752 5083 3140 5146 retractabunt,
3170 5090 3353 5152 utpote
3368 5087 3515 5152 quod

1951 5169 2307 5223 diﬁcrentiam
2361 5174 2650 5243 utriusque
2698 5172 3045 5243 pmprictatis
3104 5189 3210 5227 non
3261 5182 3513 5228 naturam

1952 5261 2241 5328 signiﬁcet,
2292 5263 2374 5317 vel
2408 5264 2459 5317 in
2514 5264 2631 5318 suis
2662 5262 2900 5320 decretis
2936 5274 3338 5334 permanentes,
3368 5266 3515 5320 circa

1952 5354 2093 5407 hanc
2122 5369 2308 5407 vocem
2331 5355 2567 5408 Sabellio
2592 5354 3091 5424 adstipulabuntur.
3115 5355 3230 5411 Non
3258 5357 3401 5411 enim
3432 5366 3515 5411 est

1950 5446 2222 5515 quomodo
2253 5446 2617 5515 ltypostascon
2650 5446 2949 5501 diﬁ'erentia
2991 5446 3043 5500 id
3086 5449 3228 5517 quod
3264 5448 3517 5502 inconfu-

1948 5552 2068 5591 sum
2098 5545 2181 5591 est
2222 5536 2440 5601 habent,
2486 5537 2533 5593 si
2567 5554 2630 5591 ea
2664 5552 2783 5606 qua:
2806 5547 2890 5592 est
2918 5539 3087 5609 geniti
3118 5553 3241 5592 cum
3275 5539 3515 5609 ingenito

1951 5625 2253 5681 diﬁ‘erentia
2290 5644 2395 5681 non
2442 5627 2831 5699 diStingnatur.
2862 5629 3040 5695 Quare
3090 5630 3135 5686 si
3173 5645 3368 5685 nomen
3410 5632 3516 5685 dif-

1952 5718 2238 5773 ferentiam
2274 5722 2472 5789 signat,
2506 5720 2743 5776 essentia
2787 5738 2882 5793 per
2910 5722 3325 5793 appellationem
3354 5722 3513 5781 istam
