4034 6476
516 347 627 403 923

1743 334 1801 391 S.
1837 330 2163 390 GREGORII
2198 326 2483 385 NYSSENI

3645 317 3751 373 εει

520 461 745 521 minimc
797 459 1218 530 signiﬁcabitur.
1296 456 1418 511 Alia
1468 454 1615 512 enim
1668 453 1986 510 differentiae
2031 458 2086 508 et

2205 449 2287 520 τῆς
2337 445 2704 523 προσηγορίας
2754 442 2955 514 ταύτης
3003 440 3332 512 ἀσήμαντος.
3396 437 3587 502 ’Ἄλλος
3642 438 3748 508 γὰρ

520 555 625 614 alia
680 552 931 608 essentia:
961 551 1123 606 ratio.
1154 549 1310 617 Quod
1350 549 1395 605 si
1429 548 1495 602 ad
1541 555 1790 602 naturam
1830 547 1979 601 vocis
2010 544 2086 601 si-

520 643 893 714 gniﬁcantiam
919 644 1263 713 detorquent,
1289 642 1356 696 ad
1377 642 1752 696 haereticorum
1778 640 1870 709 qui
1893 637 2084 690 υίοπάο

519 755 676 808 τορες
705 735 985 803 dicuntur,
1009 736 1102 805 qui
1125 734 1322 790 Filium
1350 742 1407 789 et
1437 733 1673 794 Patrem.
1702 731 1945 786 eamdem
1966 746 2088 787 esse

526 842 819 896 personam
859 833 1129 889 asserunt,
1169 840 1408 879 errorem
1448 822 1852 893 pertrahentur,
1883 835 2089 876 sermo-

522 922 623 982 ,ni‘s
658 918 1045 989 perspicuitate
1081 916 1259 986 quoad
1308 922 1566 985 personas
1596 913 1828 978 divinas,
1876 912 2091 967 subtra-

526 1023 643 1083 ‘cta.
673 1011 827 1077 Quod
853 1011 898 1065 si
920 1010 1105 1064 dicant
1133 1007 1269 1063 nihil
1307 1006 1592 1076 prohibere
1615 1021 1711 1075 per
1734 1004 2087 1075 ἀγεννησίαν,

530 1103 761 1173 ingeniti
795 1116 917 1157 cum
946 1100 1126 1171 genito
1152 1097 1512 1152 diﬁerentiam
1541 1096 1858 1185 signiﬁcari,
1897 1102 1951 1150 et
1970 1109 2092 1151 eam

523 1209 743 1263 quoque
813 1207 999 1246 vocem
1072 1190 1366 1246 essentiam
1428 1183 1857 1259 repraesentare,
1933 1184 2092 1241 nobis

526 1284 872 1352 distinguant
919 1288 1179 1351 cognatas
1232 1278 1469 1334 nominis
1515 1277 1963 1349 signiﬁcationes,
2017 1276 2093 1330 ita

524 1382 589 1436 ut
619 1375 831 1442 possint
876 1374 1093 1443 proprie
1126 1385 1426 1440 congruere
1469 1371 1686 1439 utrique
1725 1367 1975 1423 bifariam
2005 1367 2093 1421 di-

527 1464 657 1519 visa:
699 1465 923 1535 ingeniti
959 1463 1192 1518 notioni.
1224 1462 1359 1516 Nam
1393 1460 1710 1539 diﬁ‘crentire
1750 1476 1870 1529 quae
1908 1466 1991 1517 est
2026 1475 2095 1539 ex

530 1558 749 1611 nomine
791 1557 1111 1619 declaratio,
1159 1554 1565 1624 ambiguitatem
1604 1567 1713 1606 non
1754 1552 1933 1617 habet,
1969 1544 2094 1606 com

524 1650 797 1718 oppositae
836 1647 1152 1702 differentia:
1205 1646 1452 1699 oratione
1504 1644 1877 1707 constituitur,
1921 1642 2096 1712 siqni-

524 1740 649 1793 dem
682 1756 778 1809 pro
814 1754 879 1792 eo
905 1739 1049 1807 quod
1082 1736 1527 1808 dicitur,genitus
1555 1744 1639 1791 est
1673 1734 1865 1797 Filius,
1894 1742 1946 1789 et
1985 1748 2092 1787 non

2187 540 2285 609 τῆς
2324 538 2584 608 διαφορᾶς
2622 536 2717 590 καὶ
2762 536 2946 607 ἕτερος
2975 535 3077 606 τῆς
3118 534 3304 596 ούσίας
3331 536 3359 587 6
3388 532 3566 602 λόγος.
3603 535 3663 586 El
3692 534 3748 586 δὲ

2187 629 2322 700 πρὸς
2350 628 2444 699 τὴν
2490 627 2649 698 φύσιν
2680 626 2777 703 τὴν
2804 628 3075 698 σημασίαν
3104 629 3203 699 τῆς
3236 627 3417 699 φωνῆς
3462 626 3748 680 καθέλκου-

2190 738 2307 784 σιν,
2366 722 2444 784 είς
2490 720 2588 792 τὴν
2636 719 2743 773 τῶν
2788 722 3153 789 υἱοπατόρων
3180 722 3483 793 λεγομένων
3536 720 3747 792 ἀπάτην

2187 809 2492 872 ἀκολούθως
2526 809 2968 880 ύποσυρήσονται,
3000 812 3097 881 τῆς
3128 812 3266 866 κατά
3306 813 3401 871 τὰς
3430 813 3753 883 ὑποστάσεις

2189 899 2515 973 τρανότητπ
2561 901 2922 973 ὑποσυρείσης
2969 901 3061 956 τοῦ
3106 902 3283 972 λόγου.
3342 903 3402 956 Εἰ
3446 905 3499 957 δὲ
3533 905 3749 974 λέγουσι

2191 991 2417 1046 κωλύειν
2435 992 2598 1062 μηδὲν
2623 994 2716 1046 καὶ
2738 993 2832 1065 τὴν
2850 994 2982 1064 πρὸς
2998 994 3057 1047 τὸ
3082 996 3333 1065 γεννητὸν
3354 997 3752 1067 ἀντιδιαστολὴν

2191 1085 2256 1137 ἐκ
2277 1084 2375 1153 τῆς
2404 1084 2729 1155 ἀγεννησίας
2762 1086 3139 1156 σημαίνεσθαι,
3167 1089 3259 1140 καὶ
3290 1088 3454 1161 αὐτὴν
3487 1092 3755 1160 παριστᾷν

2190 1176 2289 1248 τὴν
2309 1175 2492 1229 ούσίαν
2514 1216 2529 1240 ,
2562 1176 3008 1235 διαστειλάτωσαν
3036 1180 3166 1249 ἡμῖν
3196 1180 3293 1243 τὰς
3320 1184 3614 1251 προσφυεῖς
3661 1181 3756 1234 τοῦ

2192 1266 2453 1339 ὀνόματος
2500 1270 2792 1341 σημασίας,
2835 1269 2910 1334 ὡς
2963 1270 3218 1326 δύνασθαι
3253 1274 3453 1345 κυρίως
3496 1275 3757 1345 ἁρμόζειν

2194 1361 2331 1430 πρὸς
2360 1360 2625 1431 ἑκατέραν
2652 1362 3052 1432 διασχισθεῖσαν
3079 1365 3171 1418 τοῦ
3214 1366 3508 1435 ἁγεννήτου
3540 1366 3635 1437 τὴν
3670 1366 3759 1418 ἔν-

2194 1467 2362 1506 νοιαν.
2410 1451 2473 1503 Ἦ
2525 1452 2622 1522 μὲν
2664 1451 2772 1523 γὰρ
2817 1454 2913 1524 τῆς
2948 1455 3208 1528 διαφορᾶς
3249 1458 3313 1509 ὲκ
3353 1456 3447 1509 τοῦ
3496 1457 3761 1529 ὀνόματος

2195 1541 2443 1613 δήλωσις,
2474 1541 2800 1612 ἀμφιϐολίαν
2832 1545 2930 1596 ούκ
2956 1544 3089 1615 ἔχει,
3119 1546 3194 1617 τῷ
3217 1550 3315 1618 τῆς
3357 1546 3760 1614 ἀντιδιαστολῆς

2195 1633 2338 1705 λόγῳ
2387 1636 2769 1707 συνισταμένη.
2847 1637 2991 1691 Ἀντὶ
3058 1639 3167 1710 γὰρ
3216 1639 3681 1710 τοῦ,γεγέννηται
3727 1641 3759 1692 6

2198 1721 2344 1788 Υἱὸς,
2366 1725 2458 1777 καὶ
2481 1724 2540 1777 ού
2564 1725 2882 1795 γεγέννηται
2913 1728 2941 1779 6
2964 1727 3173 1799 Πατὴρ,
3202 1730 3291 1782 τὸν
3323 1732 3417 1800 μὲν
3443 1731 3757 1802 ἀγέννητον,

530 1799 747 1899 genitus
790 1837 875 1884 est
920 1799 1100 1892 l‘ater,
1141 1799 1551 1896 hunc’vquidem
1588 1828 1906 1899 ingenitum,
1942 1828 2095 1882 illum

2205 1814 2287 1867 τὸν
2323 1814 2378 1867 δὲ
2412 1816 2663 1886 γεννητὸν
2712 1816 2966 1884 λέγεσθαι
2996 1820 3136 1872 κατά
3176 1837 3297 1874 τινα
3331 1822 3588 1891 ῥημάτων
3626 1799 3763 1893 παρ-

532 1937 659 1975 vero
689 1924 928 1991 genitum
969 1921 1078 1976 dici
1137 1919 1436 1974 secundum
1474 1920 1765 1988 quamdam
1809 1919 2098 1975 verborum

522 2008 1062 2085 denominationem,
1099 2022 1199 2061 nos
1233 2010 1394 2061 etiam
1440 2009 1791 2063 assentimur.
1838 2008 2103 2065 Essentiae

535 2107 715 2152 autent
761 2098 1028 2151 indicatio
1057 2114 1123 2152 ex
1152 2112 1259 2167 qua
1304 2098 1665 2168 intelligentia
1706 2115 1802 2169 per
1834 2100 1939 2155 hoc
1979 2116 2102 2157 ver-

533 2189 661 2241 bum
693 2188 1078 2249 declarabitnr,
1124 2204 1231 2241 non
1270 2197 1488 2258 possent
1520 2188 1727 2245 dicere.

611 2278 716 2332 Sed
795 2279 900 2332 hoc
969 2278 1190 2334 silentio
1242 2280 1521 2334 involvens
1567 2296 1743 2336 novus
1792 2281 2100 2352 theologus,

539 2369 677 2423 alias
708 2370 867 2425 nobis
895 2384 1067 2439 nugas
1105 2369 1156 2422 in
1194 2370 1527 2439 prmeedente
1556 2374 1853 2442 scriptione
1876 2382 2101 2429 nectens

541 2462 1090 2531 persequiturzﬂuia
1125 2463 1345 2529 simplex
1370 2480 1487 2515 cum
1531 2465 1600 2517 sit
1642 2464 1802 2528 Deus,
1849 2467 2103 2536 ingenitus

534 2551 733 2603 dicitur
755 2591 768 2613 ,
799 2561 1069 2620 propterea
1122 2554 1418 2623 ἀγεννησία
1454 2554 1593 2609 Deus
1625 2565 1720 2610 est.
1758 2540 1898 2622 Quid
1948 2557 2107 2612 habet

537 2658 832 2697 commune
862 2643 1233 2713 simplicitatis
1267 2661 1449 2701 sermo
1491 2662 1614 2701 cum
1651 2649 1838 2701 notitia
1878 2662 1987 2703 non
2013 2664 2109 2718 ge.

538 2735 682 2787 niti?
714 2734 924 2787 Etenim
955 2735 1269 2805 unigenitus
1305 2746 1357 2790 et
1383 2741 1599 2808 genitus
1638 2747 1762 2802 est,
1795 2748 1847 2793 et
1878 2740 2106 2809 simplex

540 2842 661 2881 esse
693 2841 800 2880 non
829 2826 1136 2897 ambigitur.
1172 2827 1273 2882 Sed
1314 2831 1474 2883 etiam
1502 2831 1801 2885 individuus
1822 2871 1838 2896 ,
1868 2832 2107 2901 partibus

535 2932 722 2969 carens
785 2927 833 2970 et
899 2917 1296 2983 incompositus.
1373 2917 1511 2983 Quid
1570 2919 1732 2972 etiam
1790 2919 1893 2973 hoc
1945 2917 2012 2972 ad
2057 2918 2108 2971 id

542 3009 686 3078 quod
735 3009 1043 3077 quaeritur?
1070 3024 1245 3078 neque
1272 3010 1416 3065 enim
1448 3008 1618 3067 Filius
1663 3009 2010 3065 multiformis
2054 3018 2110 3065 et

544 3101 900 3167 compositus.
934 3115 1043 3154 non
1075 3110 1254 3154 tamen
1308 3111 1593 3171 propterea
1636 3102 1929 3172 ingenitus.
1977 3101 2106 3165 Sed,

543 3190 743 3259 inquit,
802 3191 1123 3260 quantitatis
1188 3192 1453 3260 amnisque
1497 3190 1871 3261 magnitudinis
1928 3205 2108 3258 expers

544 3289 620 3332 est
659 3296 676 3332 :
708 3280 819 3333 haec
874 3280 947 3333 ita
983 3279 1113 3335 sint.
1176 3279 1385 3334 Etenim
1420 3278 1589 3335 Filius
1639 3280 1942 3350 quantitate
1977 3279 2110 3333 deﬁ-

548 3372 653 3424 niri
697 3387 805 3424 non
844 3379 1020 3439 potest
1059 3386 1160 3426 nec
1221 3371 1620 3435 circumscribi,
1678 3382 1733 3426 et
1787 3371 2110 3442 quantitatis

548 3463 728 3513 omnis
773 3472 857 3515 est
899 3476 1114 3529 expers,
1152 3468 1206 3515 et
1243 3461 1599 3515 nihilominus
1647 3458 1838 3515 Filius.
1877 3460 1979 3515 Sed
2010 3461 2113 3516 hoc

551 3566 660 3604 non
696 3551 959 3621 estquod
1016 3551 1071 3605 in
1111 3552 1465 3621 quaestionem
1522 3552 1711 3620 cadit;
1772 3553 2112 3623 pr0positum

549 3649 635 3696 est
661 3643 803 3696 enim
838 3644 1220 3699 demonstrare
1270 3659 1378 3715 qua
1418 3643 1645 3715 ingeniti
1715 3644 2114 3715 signiﬁcatione

550 3734 791 3787 essentia
826 3733 1274 3805 dignoscitur:nt
1301 3735 1446 3797 enim
1479 3750 1543 3788 ex
1574 3734 1676 3788 hac
1716 3750 1849 3791 voce
1875 3738 2117 3807 proprie—

550 3832 724 3877 latum
774 3824 1093 3880 dillerentia:
1124 3825 1265 3879 ratio
1312 3831 1396 3879 est
1434 3825 1846 3895 comprehensa,
1908 3827 1988 3881 sic
2019 3840 2116 3880 vo-

552 3915 734 3969 lebant
766 3916 1075 3985 ambiguam
1104 3931 1226 3972 esse
1258 3917 1422 3971 etiam
1459 3926 1667 3971 naturae
1723 3917 2114 3971 indicationem

551 4022 618 4060 ex
647 4007 826 4077 aliquo
851 4022 1039 4063 eorum
1080 4023 1200 4078 quae
1258 4023 1354 4078 per
1387 4007 1631 4063 eamdem
1684 4008 1824 4063 hanc
1876 4009 2116 4081 appella-

554 4093 755 4149 tionem
790 4095 1191 4167 signiﬁcantur.

626 4189 693 4237 At
747 4186 851 4240 hoc
908 4193 1103 4246 tacitus
1165 4186 1423 4256 praeterit.
1478 4184 1618 4240 Dicit
1660 4186 2023 4252 autcm,Non
2051 4202 2117 4243 ex

554 4274 745 4327 utentis
768 4285 1056 4328 commento
1086 4275 1303 4345 ingeniti
1327 4291 1497 4329 vocem
1524 4274 1588 4329 de
1617 4274 1723 4329 Deo
1753 4275 2115 4331 celebrandam

550 4381 686 4417 esse.
724 4363 854 4428 Quw
878 4366 1017 4417 enim
1049 4365 1125 4418 sic
1147 4364 1291 4418 dicta
1321 4373 1463 4431 sunt,
1513 4365 1709 4435 inquit,
1751 4381 1868 4419 cum
1911 4368 2116 4421 vocibus

2198 1904 2458 1974 ωνυμίαν,
2506 1906 2600 1957 καὶ
2644 1906 2801 1975 ἡμεῖς
2840 1908 3212 1978 συντιθέμεθα.
3254 1910 3317 1962 Ἡ
3353 1912 3407 1963 δὲ
3443 1912 3544 1982 τῆς
3574 1913 3760 1979 οὐσίας

2198 1996 2358 2061 δεῖξις
2391 1997 2455 2050 ὲκ
2498 1997 2658 2061 ποίας
2699 1999 2933 2064 διανοίας
2970 2000 3055 2053 διὰ
3083 2000 3174 2053 τοῦ
3212 2002 3621 2075 πρὸςᾋήματος
3646 2005 3763 2058 τού-

2199 2104 2290 2140 του
2326 2088 2801 2160 σαφηνισθήσεται,
2834 2092 3005 2144 εἰπεῖν
3032 2092 3130 2145 ούκ
3161 2092 3226 2146 ἂν
3257 2094 3445 2164 ἔχοιεν.

2284 2268 2441 2323 Ἀλλὰ
2467 2270 2622 2324 τοῦτο
2654 2272 2930 2343 σιωπήσας
2956 2273 2984 2326 6
3019 2275 3200 2338 καινὸς
3235 2276 3501 2347 θεολόγος,
3546 2282 3767 2352 ἐτέρους

2202 2363 2332 2432 ἡμῖν
2365 2361 2670 2433 φληνάφους
2714 2365 2805 2418 ἐπὶ
2837 2366 2935 2436 τῆς
2986 2367 3358 2440 προλαϐούσης
3407 2371 3767 2443 λογογραφίας

2203 2454 2363 2513 εἴρων
2394 2454 2661 2520 διέξεισιν.
2697 2456 2825 2509 Ὀτι
2872 2457 3124 2524 ἁπλοῦς,
3177 2461 3359 2530 φησιν,
3394 2462 3477 2514 ὢν
3520 2467 3552 2517 ό
3600 2467 3767 2530 Θεὸς,

2202 2546 2528 2615 ἀγέννητος
2567 2548 2822 2618 λέγεται,
2873 2548 2968 2604 διὰ
3008 2551 3182 2605 τοῦτο
3220 2553 3549 2622 ἁγεννησία
3594 2557 3772 2611 ἐστίν

2205 2639 2237 2689 ό
2268 2637 2427 2701 Θεός.
2465 2638 2529 2690 Τί
2563 2639 2737 2694 κοινὸν
2780 2643 2806 2692 ὁ
2841 2640 2940 2709 τῆς
2972 2642 3267 2712 ἁπλότητος
3306 2644 3415 2715 ἔχει
3446 2646 3597 2715 λόγος
3634 2650 3772 2719 πρὸς

2204 2728 2301 2799 τὴν
2331 2728 2423 2782 τοῦ
2457 2731 2750 2800 ἀγεννήτου
2797 2732 3067 2799 διάνοιαν;
3109 2736 3218 2788 Καὶ
3266 2738 3370 2809 γὰρ
3418 2740 3509 2793 καὶ
3540 2744 3566 2794 6
3604 2743 3774 2795 Μονο-

2206 2819 2386 2892 γενὴς,
2417 2822 2509 2874 καὶ
2544 2824 2799 2893 γεννητός
2825 2827 2963 2889 ἐστι,
2999 2827 3093 2881 καὶ
3127 2829 3329 2893 ἁπλοῦς
3374 2829 3510 2886 εἶναι
3551 2836 3649 2888 οὐκ
3672 2838 3774 2907 ἀμη

2211 2912 2546 2979 φιϐάλλεται.
2599 2915 2773 2971 Ἀλλὰ
2819 2917 2918 2972 καὶ
2953 2919 3210 2988 ἀμερὴς,
3259 2926 3413 2993 φησὶ,
3462 2927 3557 2978 καὶ
3591 2928 3775 2982 ἀσύν-

2210 3008 2396 3071 θετος.
2438 3006 2502 3059 Τί
2531 3008 2625 3060 καὶ
2656 3008 2811 3063 τοῦτο
2840 3010 2974 3081 πρὸς
3010 3012 3069 3065 τὸ
3105 3014 3464 3086 ζητούμενονς
3507 3021 3639 3073 υύδὲ
3664 3023 3775 3093 γὰρ

2135 3142 2182 3205 c
2210 3099 2239 3149 6
2263 3098 2390 3161 Υἱὸς
2418 3099 2698 3172 πολυειδὴς
2728 3102 2823 3154 καὶ
2850 3104 3220 3173 συγκείμενος,
3251 3107 3365 3161 ἀλλ’
3394 3111 3542 3181 ὅμως
3578 3112 3640 3165 ού
3684 3113 3776 3169 διὰ

2211 3188 2368 3241 τοῦτο
2394 3188 2706 3259 ἀγέννητος.
2754 3190 2937 3245 Ἀλλὰ
2966 3191 3062 3245 καὶ
3091 3196 3443 3265 ποσότητος,
3485 3203 3636 3270 φησὶ,
3671 3202 3777 3255 καὶ

2212 3281 2611 3347 πηλικότητος
2647 3281 3069 3348 ἠλλοτρίωταιο
3117 3284 3255 3339 ἔστω
3285 3287 3377 3340 καὶ
3420 3288 3587 3343 ταῦτα
3610 3307 3623 3321 ·
3678 3294 3779 3346 καὶ

2212 3368 2319 3440 γὰρ
2343 3368 2438 3423 καὶ
2474 3372 2503 3423 6
2532 3370 2660 3434 Υἱὸς
2696 3370 3071 3443 ἀπεριόριστος
3096 3374 3172 3445 τῷ
3201 3378 3411 3449 πηλίκῳ
3435 3380 3526 3433 καὶ
3550 3380 3777 3447 ἀποσος,

2213 3462 2307 3516 καὶ
2339 3462 2485 3531 ὅμως
2513 3462 2657 3526 Υἱός.
2702 3463 2860 3517 Ἀλλὰ
2887 3465 2946 3518 τὸ
2972 3466 3299 3538 ζητούμενον
3326 3470 3385 3522 ού
3426 3471 3577 3525 τοῦτό
3621 3476 3739 3527 ἐστι
3760 3492 3776 3515 ε

2214 3550 2498 3621 πρόκειται
2528 3551 2634 3623 γὰρ
2671 3552 3049 3625 ἀποδειχθῆναι
3083 3557 3222 3611 κατά
3267 3575 3384 3611 τινα
3430 3560 3522 3613 τοῦ
3551 3562 3782 3633 ἀγεννή-

2212 3657 2306 3693 του
2356 3642 2630 3713 σημασίαν
2676 3645 2710 3713 ἡ
2744 3644 2898 3698 ούσία
2937 3646 3263 3718 γνωρίζεται
3285 3664 3298 3678 ’
3342 3650 3417 3711 ὡς
3446 3652 3552 3723 γὰρ
3580 3654 3646 3706 ὲκ
3675 3655 3783 3724 τῆς

2215 3732 2399 3803 φωνῆς
2438 3732 2642 3804 ταύτης
2681 3736 2709 3788 6
2749 3735 2850 3805 τῆς
2890 3736 2997 3790 τῶν
3031 3738 3331 3809 ἰδιωμάτων
3358 3742 3613 3814 διαφορᾶς
3643 3764 3784 3800 κατ-

2214 3822 2419 3896 ελήφθη
2443 3823 2618 3893 λόγος,
2650 3824 2821 3890 οὕτως
2862 3826 3045 3896 ἠξίουν
3074 3828 3371 3899 ἀμφίϐολον
3395 3828 3531 3886 εἶναι
3559 3836 3655 3887 καὶ
3681 3836 3783 3893 τοῧ

2242 3911 2267 3934 τ
2525 3917 2545 3930 .,
2586 3917 2633 3944 ._
3146 3921 3171 3933 ..

2215 3933 2351 3971 ειναι
2392 3916 2490 3989 τὴν
2522 3916 2763 3982 ενοειξιν,
2812 3917 2874 3972 ἔκ
2915 3937 3058 3982 τινος
3102 3938 3211 3976 των
3250 3926 3661 3996 σημαινομένων
3689 3927 3786 3986 διὰ

2198 4005 2313 4077 ητῆς
2339 3996 2507 4077 αὐτῆς
2538 4007 2742 4078 ταύτης
2768 4011 3157 4083 προσηγορίας.

2297 4183 2458 4236 Ἀλλὰ
2486 4183 2643 4236 τοῦτο
2674 4185 2769 4255 μὲν
2816 4187 3013 4257 σιωπᾷ.
3053 4187 3212 4254 Λέγει
3255 4187 3329 4252 δὲ,
3353 4189 3448 4257 Μὴ
3480 4190 3605 4243 δεῖν
3647 4196 3789 4247 κατ’

2214 4273 2487 4328 ἐπίνοιαν
2530 4274 2976 4344 ἐπιφημίζεσθαι
3030 4277 3110 4343 τῷ
3151 4278 3270 4343 Θεῷ
3312 4280 3380 4333 τὸ
3426 4280 3787 4349 ἀγέννητον.

2220 4365 2297 4418 Τὰ
2327 4367 2436 4435 γὰρ
2474 4366 2628 4419 οὕτω
2658 4368 2988 4437 λελεγμένα
3021 4369 3147 4435 ταῖς
3178 4371 3420 4439 φωναῖς,
3456 4375 3605 4443 φησὶ,
3636 4392 3793 4430 συν-

554 4454 685 4523 ipsis
724 4454 940 4509 dissolvi
966 4455 1151 4509 solent.
1183 4454 1323 4521 Quid
1353 4463 1532 4510 autem
1564 4470 1752 4509 eorum
1776 4470 1894 4525 quae
1916 4456 2105 4510 dicun-

2217 4455 2564 4511 διαλύεσθαι
2595 4459 2842 4526 πέφυκε.
2880 4461 2921 4511 Τ
2928 4461 2943 4511 ί
2968 4461 3023 4514 δὲ
3052 4461 3160 4513 τῶν
3199 4462 3501 4533 λεγομένων
3526 4466 3623 4536 οὐχ
3641 4469 3790 4536 ὁμοῦ

553 4556 665 4611 tur,
703 4564 811 4600 non
844 4548 1006 4602 simul
1064 4563 1126 4602 ac
1164 4546 1371 4601 dictum
1422 4557 1507 4601 est
1555 4546 1717 4601 etiam
1755 4546 2113 4601 dissolvitur?

554 4638 674 4693 Non
720 4640 863 4693 enim
917 4638 1374 4708 quemadmodum
1418 4637 1473 4690 hi
1504 4637 1595 4706 qui
1654 4652 1782 4693 vasa
1816 4654 1883 4693 ex
1923 4639 2114 4709 argilla

556 4732 788 4799 ﬁngunt.
818 4729 902 4783 vel
930 4730 1147 4795 lateres,
1180 4728 1478 4784 secundum
1509 4729 1677 4784 semel
1711 4729 1764 4782 in
1787 4744 1882 4783 ore
1914 4728 2114 4782 factam

553 4821 827 4874 orationis
858 4820 1255 4886 formationem,
1292 4834 1411 4890 qua:
1466 4834 1598 4874 voce
1653 4820 2002 4889 proferuntur
2031 4821 2115 4873 in-

554 4911 821 4965 dissoluta
860 4909 1223 4966 servabimus.
1254 4908 1361 4964 Sed
1387 4908 1548 4962 simul
1590 4917 1753 4979 atque
1780 4910 1931 4962 vocis
1979 4924 2115 4963 sono

554 5003 798 5071 prolatus
837 5008 921 5056 est
951 5016 1154 5067 sermo,
1205 5000 1369 5055 etiam
1422 4999 1569 5070 quod
1622 4999 1827 5054 dictum
1861 5011 1964 5063 est,
2006 5014 2116 5053 non

551 5104 672 5158 est;
707 5108 901 5147 rursus
943 5093 1089 5148 enim
1151 5092 1207 5145 in
1259 5105 1439 5145 aerem
1470 5090 1618 5145 vocis
1674 5090 1866 5161 spiritu
1913 5078 2116 5144 diﬁlato

552 5187 762 5240 nullum
794 5185 1067 5240 dictorum
1113 5184 1397 5255 vestigium
1438 5185 1764 5254 impressum
1795 5195 1877 5239 est
1910 5184 1963 5237 in
1994 5183 2116 5237 loco

553 5279 608 5332 in
640 5293 749 5347 quo
780 5279 930 5333 vocis
960 5278 1103 5331 facta
1131 5282 1218 5332 est
1246 5275 1488 5330 diﬁ‘usio.
1528 5275 1606 5329 lta
1643 5287 1701 5329 ut
1726 5277 1770 5331 si
1817 5291 1881 5329 ex
1908 5292 1972 5329 eo
2002 5290 2117 5329 ser-

552 5386 792 5436 monem,
825 5370 918 5439 qui
956 5368 1013 5423 ﬁt
1034 5383 1130 5439 per
1175 5366 1709 5429 commentationem,
1747 5367 1941 5436 ﬁgurat
1970 5366 2115 5436 quod

552 5462 823 5530 ejusmodi
848 5476 1029 5516 sermo
1055 5468 1177 5531 post
1207 5461 1564 5532 prolationem
1592 5474 1700 5513 non
1738 5467 1973 5522 maneat,
2021 5458 2115 5513 sed

553 5553 715 5606 simul
771 5567 897 5607 cum
950 5552 1225 5623 loquentis
1274 5568 1405 5608 voce
1455 5561 1763 5611 evanescat,
1809 5567 1917 5605 non
1954 5552 2114 5605 etiam

552 5644 791 5714 cllugict,
816 5660 1032 5701 omnem
1056 5661 1361 5701 sermonem
1394 5645 1682 5700 nominans
1714 5644 2117 5698 commentatio-

537 5724 699 5798 nem,
733 5750 855 5789 cum
886 5736 1069 5795 nullus
1105 5739 1176 5794 sit
1211 5753 1392 5795 sermo
1424 5738 1477 5793 in
1505 5752 1612 5809 quo
1651 5737 1760 5792 ulla
1787 5744 1905 5808 post
1934 5737 2115 5806 prola-

2213 4549 2293 4621 τῷ
2326 4550 2579 4621 λεχθῆναι
2624 4553 2716 4604 καὶ
2761 4552 3067 4618 διαλύεται;
3115 4555 3189 4607 υύ
3226 4556 3333 4626 γὰρ
3383 4556 3564 4629 ὥσπερ
3613 4576 3795 4630 κερα-
3844 4606 3847 4607 ,

2218 4641 2468 4713 μεύοντες
2498 4644 2531 4714 ἢ
2581 4642 2983 4713 πλινθευόμενοι
3018 4646 3154 4699 κατὰ
3186 4646 3282 4716 τὴν
3312 4647 3456 4713 ἅπαξ
3486 4651 3791 4721 γενομένην

2216 4736 2274 4788 ἐν
2302 4734 2380 4805 τῷ
2409 4735 2634 4804 στόματι
2666 4734 2759 4788 τοῦ
2793 4735 2951 4804 λόγου
2983 4736 3241 4806 τύπωσιν,
3269 4738 3522 4792 ἀδιάλυτα
3549 4740 3793 4808 φυλάξοο

2219 4842 2317 4896 μεν
2358 4825 2425 4878 τὰ
2465 4825 2553 4879 διὰ
2598 4825 2697 4895 τῆς
2728 4827 2909 4895 φωνῆς
2957 4828 3357 4899 προφερόμενα,
3408 4829 3518 4881 ἀλλ’
3548 4830 3683 4900 ὁμοῦ
3728 4850 3794 4886 τε

2216 4918 2604 4987 προενήνεκται
2637 4915 2723 4970 διά
2754 4916 2847 4969 τοῦ
2878 4917 3112 4986 φθόγγου
3146 4921 3173 4971 6
3204 4918 3379 4986 λόγος,
3408 4921 3501 4974 καὶ
3527 4921 3588 4974 τὸ
3618 4922 3795 4991 ῥηθὲν

2216 5010 2315 5061 οὐκ
2358 5008 2493 5061 ἔστι.
2528 5009 2696 5061 Πάλιν
2727 5008 2835 5079 γὰρ
2867 5008 3002 5078 πρὸς
3049 5009 3139 5061 τὸν
3168 5009 3304 5079 ἀέρα
3331 5010 3423 5063 τοῦ
3457 5011 3553 5081 τῆς
3598 5014 3796 5084 φωνῆς

2216 5096 2523 5167 πνεύματος
2568 5098 2950 5168 ἀναχυθέντος,
3015 5100 3165 5153 οὐδὲν
3219 5101 3364 5170 ἴχνος
3405 5102 3511 5154 τῶν
3556 5103 3797 5175 εἰρημέ-

2216 5206 2322 5241 νων
2366 5187 2617 5257 ὲτυπώθη
2663 5188 2740 5258 τῷ
2771 5189 2919 5259 τόπῳ
2964 5192 3021 5242 ἐν
3060 5183 3103 5257 ᾧ
3152 5190 3341 5259 γέγονε
3377 5193 3473 5262 τῆς
3519 5194 3709 5262 φωνῆς
3758 5197 3795 5266 ἡ

2218 5278 2495 5348 ἀνάχυσις.
2550 5280 2712 5332 Ὥστε
2762 5282 2810 5333 εἰ
2861 5281 3032 5352 τούτῳ
3086 5282 3177 5335 τὸν
3237 5286 3355 5337 κατ’
3415 5286 3657 5339 ἐπίνοιαν
3700 5286 3796 5340 λό-

2217 5388 2311 5438 γον
2359 5371 2776 5443 χαρακτηρίζει,
2829 5373 2907 5442 τῷ
2947 5372 3021 5445 μὴ
3068 5374 3249 5444 μένειν
3293 5375 3480 5442 λόγον,
3530 5375 3668 5429 ἀλλὰ
3721 5381 3793 5449 τῇ

2219 5466 2368 5532 φωνῇ
2439 5463 2532 5515 τοῦ
2598 5463 2965 5533 φθεγγομένου
3016 5467 3498 5535 συναφανίζεσθαι,
3554 5466 3660 5523 οὒκ
3722 5469 3797 5522 ἀν

2219 5554 2409 5622 φθάνοι
2476 5555 2653 5609 πάντα
2699 5556 2853 5623 λόγον
2902 5556 3178 5627 ὀνομάζων
3216 5559 3475 5622 ἐπίνοιαν,
3513 5561 3797 5631 μηδεμιᾶς

2219 5646 2565 5710 ὑποστάσεως
2626 5649 2684 5699 ὲν
2754 5648 2928 5700 οὐδενὶ
2985 5648 3127 5718 λόγῳ
3184 5649 3321 5718 μετά
3392 5650 3489 5716 τὴν
3543 5667 3797 5719 προσφο-

2223 5737 2319 5808 ρὰν
2362 5736 2735 5807 διαμενούσης.
2767 5737 2900 5793 Οὐδὲ
2945 5740 3051 5812 γὰρ
3104 5740 3268 5810 αὐτὴν
3302 5740 3399 5811 τὴν
3437 5742 3796 5810 ἁγεννησίαν,
