4034 6476
301 390 411 447 923

1394 372 1674 432 CONTRA
1710 367 2102 433 EUNOMIUM,
2141 367 2269 421 LIB.
2311 364 2426 421 XII.

3437 354 3546 411 926

301 509 372 579 ἦν
426 505 631 574 ἐξαιρεῖ
682 502 783 573 τῆς
827 500 1103 564 ἐπινοίας,
1170 497 1451 552 ἀδιάλυτον
1510 494 1603 547 καὶ
1673 491 1906 559 παγίαν,

2007 489 2177 541 ionem
2201 488 2512 556 permaneat
2536 478 2803 537 soliditas.
2821 476 3007 547 Neque
3032 475 3174 531 enim
3200 472 3372 544 ipsam
3388 471 3550 539 ἀγεν-

307 594 447 669 μετά
487 594 549 648 τὸ
599 592 994 665 πρπνεχθῆναι
1040 589 1212 657 δεῖξαι
1267 588 1575 658 δυνήσεται,
1614 584 1712 654 τῆς
1747 600 1880 654 προ-

304 687 618 759 ενεχθείσης
649 686 736 740 διά
776 685 869 739 τοῦ
899 684 1139 754 φθόγγου
1172 684 1381 754 ῥήσεως
1426 680 1489 731 ἐκ
1535 676 1627 731 τοῦ
1685 676 1885 746 στόμα-

302 798 397 843 τος
453 780 510 832 ἐν
547 778 626 849 τῷ
674 778 798 849 ἀέρι
834 778 908 847 μὴ
951 773 1349 846 συμμενοὺσης.
1396 772 1505 824 Καὶ
1550 768 1692 822 οὑτω
1726 768 1770 821 δ’
1820 768 1885 822 ἄν

303 888 389 933 τις
444 870 604 941 μάθοι
653 868 713 922 τὸ
761 869 870 921 τῶν
921 866 1227 939 εἰρημένων
1273 862 1600 917 ἀσύστατονο
1644 861 1724 912 ὃτι
1783 858 1888 911 κᾶν

311 962 624 1024 σιωπῶντες
668 961 764 1024 τὰς
815 960 913 1031 τῆς
964 958 1138 1029 ψυχῆς
1170 955 1376 1017 ἐννοίας
1418 948 1885 1023 άπογραφώμεθα,

308 1056 368 1108 οὑ
414 1054 482 1105 τά
538 1052 636 1123 μὲν
689 1050 973 1120 ὑφεστῶτα
1017 1049 1125 1102 τῶν
1168 1045 1453 1117 νοημάτων
1494 1043 1593 1113 τὴν
1642 1040 1730 1094 διὰ
1782 1038 1889 1091 τῶν

309 1144 653 1215 γραμμάτων
704 1140 1001 1212 σημείωσιν
1064 1138 1305 1206 δέξεται,
1356 1136 1417 1188 τὸ
1479 1133 1537 1186 δὲ
1591 1130 1889 1185 ἀσύστατον

310 1236 603 1306 ἀμοιρήσει
625 1234 722 1303 τῆς
745 1234 802 1285 ἐν
828 1235 937 1296 τοῖς
963 1231 1254 1303 γράμμασι
1279 1226 1648 1298 σημειώσεως.
1676 1221 1891 1286 Ἔξεστι

314 1325 424 1395 γάρ
457 1325 565 1377 πᾶν
610 1324 639 1376 ὅ
664 1322 716 1377 τί
745 1340 849 1394 περ
892 1321 957 1377 ἂν
1000 1322 1090 1375 ἐπὶ
1114 1319 1235 1373 νοῦν
1277 1318 1425 1391 ἔλθῃ,
1470 1319 1572 1371 κᾶν
1605 1316 1891 1385 ὑφίσταται

317 1415 458 1467 κατὰ
487 1412 585 1483 τὴν
627 1411 861 1477 σύνεσιν,
892 1410 993 1465 κᾶν
1014 1411 1088 1474 ὡς
1118 1409 1314 1480 ἑτέρως
1340 1408 1472 1478 ἔχει,
1502 1407 1621 1459 κατ’
1648 1402 1892 1468 ἐξουσίαν

318 1503 675 1560 ἐναποθέσθαι
702 1503 779 1573 τῷ
817 1504 1124 1574 γράμματι.
1161 1501 1337 1553 Ταὺτὸ
1379 1498 1435 1552 δὲ
1469 1500 1547 1562 είς
1587 1497 1893 1568 φανέρωσιν

317 1597 557 1660 διανοίας
584 1598 613 1651 ό
640 1595 872 1665 φθόγγος
914 1596 1025 1648 ἐστὶ
1083 1594 1161 1665 τῷ
1203 1592 1518 1662 γράμματι’
1555 1590 1747 1659 ἐπίσης
1785 1589 1894 1662 γὰρ

319 1686 387 1739 δι’
418 1684 690 1756 ἑκατέρων
723 1685 781 1738 τὸ
813 1685 1002 1755 νοηθὲν
1040 1684 1453 1754 ἐξαγγέλλομεν.
1504 1682 1645 1752 Πρὸς
1690 1682 1739 1734 τί
1785 1681 1894 1734 τοί-

318 1794 418 1830 νυν
465 1778 608 1847 ὁρῶν
664 1777 798 1850 μόνῃ
843 1777 1143 1829 σὐνδιαλὺει
1186 1780 1251 1847 τῇ
1303 1778 1452 1846 φωνῇ
1486 1775 1583 1846 τὴν
1630 1772 1890 1835 ἐπίνοιαν,

1984 580 2196 651 νησίαν,
2224 592 2385 648 quam
2413 591 2476 630 ex
2502 571 2960 629 commentatione
2986 570 3167 639 eripit,
3196 564 3549 621 indissolubi-

1983 674 2086 729 lem
2107 682 2158 727 et
2177 673 2333 725 lixam
2366 675 2488 739 post
2511 667 2781 738 prolatum
2811 677 3115 719 sermonem
3148 660 3434 715 ostendere
3455 671 3550 726 po-

1986 765 2129 827 terit,
2157 778 2280 816 cum
2325 776 2420 830 per
2446 773 2642 813 sonum
2675 756 2840 811 dictio
2872 770 2935 809 ex
2961 769 3054 807 ore
3084 753 3290 822 prolata
3317 751 3371 803 in
3424 763 3550 802 aere

1988 871 2095 910 non
2128 860 2462 923 permaneat.
2488 849 2553 904 Et
2583 850 2664 904 sic
2699 848 2971 901 dictorum
3007 846 3127 914 ejus
3158 844 3466 897 futilitatem
3497 848 3552 894 et

1987 940 2405 998 instabilitatem
2429 938 2554 1009 quis
2595 936 2945 1001 intellexerit,
2968 936 3093 1003 quia
3129 932 3341 988 etiamsi
3371 940 3556 985 tacue—

1987 1036 2182 1096 rimus,
2227 1040 2414 1086 tamen
2473 1029 2639 1083 animi
2681 1028 2933 1083 notiones
2978 1025 3177 1081 litteris
3211 1023 3552 1085 mandamus,

1989 1140 2099 1179 non
2128 1132 2310 1177 tamen
2332 1137 2395 1177 ea
2432 1136 2553 1191 qua:
2584 1134 2709 1173 vere
2735 1118 3044 1173 subsistunt
3069 1115 3233 1169 animi
3260 1128 3439 1177 sensa,
3459 1126 3557 1183 per
3653 1150 3665 1162 .

1990 1215 2199 1269 litteras
2235 1211 2688 1284 signiﬁcationem
2729 1208 3020 1278 accipient,
3059 1205 3206 1277 quod
3236 1213 3417 1259 autem
3456 1217 3559 1258 ne-

1991 1311 2110 1381 quit
2137 1306 2462 1364 subsistere.
2514 1301 2883 1358 declaratione
2931 1314 3052 1370 quae
3103 1298 3160 1352 ﬁt
3197 1314 3291 1368 per
3350 1297 3560 1350 litteras

1991 1399 2218 1453 carebit.
2276 1395 2551 1465 Quidquid
2599 1393 2742 1447 enim
2800 1392 2853 1447 in
2911 1398 3144 1445 mentem
3175 1388 3404 1450 venerit,
3443 1385 3562 1440 sive

1992 1487 2352 1558 intelligentia
2382 1486 2673 1548 subsistat,
2700 1482 2815 1537 sive
2869 1481 3028 1536 aliter
3054 1496 3113 1535 se
3176 1479 3392 1541 habeat,
3433 1477 3561 1532 licet

1992 1595 2092 1651 pro
2144 1580 2269 1649 jure
2314 1591 2368 1632 et
2420 1577 2687 1630 arbitratu
2735 1574 2931 1627 litteris
2996 1572 3353 1625 committere.
3415 1570 3560 1623 Idem

1994 1680 2173 1727 autem
2205 1678 2288 1725 est
2319 1668 2386 1722 ad
2441 1667 2866 1722 declarationem
2934 1663 3151 1723 mentis.
3187 1676 3355 1717 sonus
3413 1662 3562 1731 quod

1994 1764 2229 1829 litterae;
2259 1776 2325 1815 ex
2359 1773 2515 1827 atquo
2547 1757 2691 1813 enim
2729 1772 2825 1826 per
2854 1763 3084 1824 utraque
3120 1752 3265 1822 quod
3301 1754 3483 1806 animo
3509 1760 3565 1807 et

324 1843 555 1923 συνιδεῖν
586 1843 687 1923 οὑκ
730 1843 856 1939 ιίω.
904 1869 1114 1932 Παντὸς
1144 1843 1252 1939 γάρ
1292 1843 1452 1936 λόγου
1494 1843 1587 1919 τοῦ
1633 1866 1720 1919 διά
1750 1881 1888 1927 τινος

2007 1862 2177 1910 mente
2230 1860 2551 1922 conceptum
2612 1857 2717 1915 est,
2772 1848 3137 1903 enuntiamus.
3207 1845 3345 1912 Quid
3398 1843 3568 1915 igitur

322 1961 455 2030 ἤχου
484 1959 909 2031 προφερομένου,
942 1958 1035 2011 τοῦ
1071 1958 1169 2028 μὲν
1198 1956 1505 2028 πνεύματος
1537 1955 1629 2009 τοῦ
1654 1956 1753 2026 τὴν
1779 1972 1891 2024 φω-

322 2050 421 2121 νὴν
460 2050 991 2121 διαπορθμεύσαντος
1032 2049 1168 2120 πρὸς
1217 2049 1278 2102 τὸ
1324 2049 1600 2117 συγγενὲς,
1645 2049 1678 2118 ἡ
1726 2063 1893 2117 μετα-

327 2142 565 2211 χώρησις
593 2140 832 2208 γίνεται·
883 2142 912 2192 ό
957 2139 1013 2191 δὲ
1056 2138 1165 2192 τῶν
1213 2137 1484 2209 ῥηθέντων
1524 2136 1645 2199 νοῦς
1680 2136 1767 2189 διά
1799 2136 1897 2207 τῆς

326 2234 493 2301 ἀκοῆς
522 2230 599 2303 τῷ
634 2230 951 2302 μνημονικῷ
981 2233 1079 2302 τῆς
1109 2229 1202 2283 τοῦ
1230 2227 1515 2292 ἀκούοντος
1534 2228 1708 2299 ψυχῆς
1735 2231 1898 2297 ἐγχα-

328 2322 608 2393 ράσσεται,
660 2322 769 2376 εἴτε
834 2320 1037 2393 ἀληθὴς
1103 2321 1209 2373 εἴτε
1266 2319 1654 2389 διεσφαλμένος
1725 2317 1895 2389 τύχοι.

328 2409 537 2464 Οὑκοῦν
565 2410 778 2481 ψυχράν
819 2409 919 2479 τῆς
949 2408 1189 2471 ἐπινοίας
1214 2408 1242 2461 ό
1270 2407 1605 2480 λογογράφος
1642 2408 1770 2478 ἡμῖν
1804 2405 1901 2476 τὴν

328 2498 621 2569 ἑρμηνείαν
646 2496 847 2568 ταύτην
876 2497 1240 2568 προτείνεται,
1272 2496 1339 2564 τῇ
1383 2493 1622 2547 διαλύσει
1650 2492 1749 2562 τῆς
1787 2510 1901 2561 φω-

333 2592 429 2658 νῆς
456 2588 874 2661 χαρακτηρίζων
904 2590 999 2642 καὶ.
1026 2586 1361 2658 ὁριζόμενος.
1397 2585 1508 2639 Καὶ
1531 2584 1719 2638 τούτου
1745 2585 1903 2654 χάριν

331 2687 360 2745 ὁ
404 2682 620 2743 συνετὸς
662 2680 937 2754 ἀκροατὴς
975 2681 1201 2743 ἐκεῖνος,
1248 2678 1425 2742 καθώς
1456 2694 1616 2749 φησιν
1655 2677 1901 2740 Ἡσαΐας,

333 2772 756 2844 παραγράφεται
804 2771 901 2842 μὲν
944 2770 1041 2842 τὴν
1090 2771 1399 2840 ἀδιανόητον
1426 2769 1628 2839 ταύτην
1665 2768 1765 2836 τῆς
1788 2768 1905 2820 ἐπι-

332 2863 503 2929 νοίας
547 2861 911 2932 φυσιολογίαν,
960 2860 1127 2925 ὅντως
1169 2860 1419 2930 διαλυτὴν
1466 2859 1635 2930 αὑτὴν
1682 2858 1774 2911 καὶ
1820 2858 1907 2911 άνο

336 2954 636 3007 υπόστατον
668 2952 954 3017 ἀποδείξας
994 2952 1134 3005 κατά
1157 2952 1248 3005 τὸν
1288 2950 1476 3004 τούτου
1509 2950 1684 3019 λόγον.
1713 2950 1909 3020 Τεχνο-

335 3046 483 3113 λογεί
505 3045 561 3098 δὲ
594 3045 721 3115 περὶ
744 3043 843 3114 τῆς
892 3044 1214 3114 ἐγκειμένης
1241 3046 1306 3113 τῇ
1342 3042 1482 3106 λέξει
1509 3042 1789 3111 δυνάμεως
1820 3040 1907 3094 διὰ

336 3136 444 3191 τῶν
473 3135 764 3207 γνωρίμων
816 3134 1250 3204 ὑποδειγμάτων,
1287 3135 1351 3203 τῇ
1388 3133 1514 3203 περὶ
1546 3131 1654 3184 τῶν
1701 3130 1906 3200 δογμάο

1995 1961 2223 2002 cernens
2256 1945 2370 1999 sola
2404 1958 2526 1997 cum
2560 1956 2692 1996 voce
2747 1940 2913 1994 animi
2968 1939 3237 1993 notionem
3292 1936 3568 2004 dissolvit,

1996 2054 2104 2094 non
2132 2051 2355 2107 possum
2386 2034 2708 2103 intelligere.
2748 2030 2937 2086 Omnis
2966 2031 3110 2085 enim
3144 2030 3414 2084 sermonis
3471 2028 3563 2098 qui

1997 2128 2178 2198 aliquo
2203 2142 2337 2180 sono
2375 2125 2669 2194 profertur,
2710 2122 2935 2193 spiritus
2980 2122 3196 2191 quidem
3228 2121 3321 2190 qui
3376 2135 3568 2174 vocem

2000 2218 2318 2274 transmittit
2346 2217 2411 2271 ad
2436 2218 2487 2272 id
2513 2216 2660 2287 quod
2694 2215 2798 2271 sibi
2829 2224 3119 2284 cognatum
3147 2221 3249 2277 est,
3300 2213 3357 2266 ﬁt
3387 2222 3569 2266 trans-

1999 2311 2289 2382 migratio;
2325 2309 2591 2362 dictorum
2622 2313 2801 2361 autem
2860 2307 3127 2360 sententia
3166 2312 3220 2358 et
3278 2319 3431 2358 mens
3464 2316 3564 2373 per

2002 2403 2243 2456 auditum
2302 2402 2356 2455 in
2411 2398 2681 2453 audientis
2736 2396 2997 2451 memoria
3055 2395 3406 2464 imprimitur,
3453 2394 3572 2451 sive

2001 2511 2151 2562 vera,
2184 2495 2299 2550 sive
2354 2492 2487 2548 falsa
2551 2491 2736 2546 fuerit.
2775 2489 3142 2555 Quamobrem
3203 2487 3305 2542 iste
3337 2487 3574 2558 scriptor

2004 2588 2163 2643 nobis
2192 2586 2329 2640 hanc
2359 2582 2839 2638 commentationis
2888 2580 3135 2651 frigidam
3171 2580 3575 2649 interpretatio-

2004 2694 2129 2735 nem
2161 2676 2426 2741 obtendit,
2463 2676 2590 2730 dum
2619 2690 2738 2730 eam
2772 2673 2921 2729 vocis
2968 2674 3327 2728 dissolutione
3377 2672 3575 2742 ﬁgurat

2004 2780 2059 2826 et
2088 2770 2294 2827 deﬁnit.
2325 2771 2505 2838 Atque
2536 2768 2699 2837 hujus
2734 2767 2908 2838 gratia
2941 2766 3245 2836 intelligens
3277 2766 3366 2820 ille
3413 2763 3574 2819 audi-

2004 2871 2113 2928 tor,
2147 2864 2290 2919 sicut
2327 2864 2403 2915 ait
2441 2862 2645 2924 lsaias,
2695 2859 3101 2930 incogitabilem
3135 2858 3277 2913 hanc
3304 2855 3574 2924 ἐπινοίας,

2006 2953 2487 3018 commentationis,
2525 2950 2919 3022 physiologiam
2969 2949 3251 3020 expungit,
3301 2963 3430 3003 vere
3461 2947 3578 3002 dis-

2008 3047 2291 3104 solubilem
2346 3056 2399 3101 et
2431 3059 2551 3115 quae
2584 3043 2886 3097 consistere
2924 3042 3149 3095 omnino
3205 3055 3313 3094 non
3374 3047 3575 3110 potest,

2008 3139 2393 3195 demonstrans
2422 3134 2719 3191 secundum
2760 3133 2881 3204 ejus
2906 3147 3237 3188 sermonem.
3270 3131 3579 3187 Artiﬁciosa

336 3245 445 3282 των
483 3226 685 3298 θεωρίᾳ
715 3226 1059 3298 προόιδάζων
1088 3226 1176 3279 τὸν
1205 3225 1381 3293 λόγον.
1422 3223 1564 3293 Πρὸς
1597 3222 1656 3275 ὃν
1697 3223 1725 3275 ό
1756 3221 1906 3275 Εὑνό-

2010 3243 2188 3288 autem
2216 3233 2283 3287 de
2309 3233 2359 3285 vi
2395 3230 2449 3284 in
2504 3230 2745 3285 dictione
2806 3229 2983 3297 posita
3042 3226 3282 3287 disserit,
3317 3224 3578 3295 exemplis

341 3337 486 3391 μιος,
532 3320 620 3374 διά
667 3321 764 3391 τῆς
814 3319 1015 3390 σεμνῆς
1058 3316 1261 3389 ταύτης
1306 3317 1669 3389 λογογραφίας
1716 3316 1905 3370 ἐαυτὸν

339 3411 703 3483 ἀντεπαίρων,
748 3409 997 3465 ἀναλύειν
1047 3410 1315 3480 ἐπιχειρεῖ
1361 3410 1429 3461 τά
1474 3409 1599 3480 περὶ
1646 3409 1745 3480 τῆς
1794 3410 1907 3461 ἐπι-

339 3505 487 3569 νοίας
513 3503 911 3576 διηρθρωμένα,
942 3503 1126 3556 τοῦτον
1151 3503 1239 3555 τὸν
1278 3502 1495 3573 τρόπον.

416 3793 667 3862 Ἄμεινον
698 3793 754 3845 δὲ
788 3793 916 3856 ἴσως
949 3792 1074 3863 πρὶν
1106 3792 1374 3847 διευθῦναι
1417 3790 1486 3844 τά
1516 3792 1914 3862 γεγραμμένα,

339 3904 434 3940 τον
454 3886 650 3940 σκοπὸν
679 3886 946 3951 ἐξετάσαι,
969 3887 1019 3939 τί
1042 3886 1357 3955 βουλόμενος
1384 3885 1682 3954 ἀποφεύγει
1706 3885 1765 3938 τὸ
1789 3887 1908 3938 κατ’

343 3980 584 4033 ἐπίνοιαν
617 3979 959 4049 ἐπιλέγεσθαι
1010 3978 1088 4050 τῷ
1118 3978 1237 4049 Θεῷ
1266 3978 1327 4031 τὸ
1367 3977 1675 4047 ἀγέννητον.
1725 3975 1911 4045 Δόγμα

346 4070 522 4124 κοινὸν
567 4072 658 4123 ἐπὶ
694 4072 909 4124 πάντων
948 4069 1058 4122 τῶν
1110 4068 1588 4141 παραδεδεγμένων
1635 4066 1724 4119 τὸν
1758 4065 1911 4134 λόγον

346 4164 444 4233 τῆς
493 4162 772 4225 εὐσεϐείας
812 4161 1117 4233 κεκράτηκε
1137 4204 1151 4227 ,
1201 4160 1262 4213 τὸ
1290 4162 1469 4219 πᾶσαν
1498 4161 1554 4211 ὲν
1582 4156 1659 4228 τῷ
1694 4154 1913 4226 Χριστῴ

346 4257 444 4326 τὴν
471 4254 657 4307 ἐλπίδα
680 4254 777 4324 τῆς
813 4253 1082 4325 σωτηρίας
1112 4252 1220 4305 δεῖν
1254 4252 1416 4321 ἐχειν.
1464 4251 1548 4313 Ὠς
1573 4250 1673 4302 οὑκ
1710 4246 1915 4318 ἐνδεχό-

352 4363 509 4417 μενον
535 4346 706 4408 ἄλλως
728 4346 784 4399 ἐν
804 4344 1026 4412 ἀγαθοῖς
1050 4343 1320 4412 γενέσθαι,
1349 4340 1422 4411 μὴ
1452 4342 1548 4411 τῆς
1577 4340 1651 4401 εἰς
1682 4336 1913 4407 Χριστὸν

350 4438 579 4499 πίστεως
615 4435 991 4507 παρεχομένης
1019 4434 1079 4487 τὸ
1123 4434 1571 4503 σπουδαζόμενον.
1606 4429 1821 4499 Ταύτης
1857 4428 1915 4480 δὲ

351 4530 446 4597 τῆς
475 4528 707 4590 διανοίας
739 4526 949 4595 παγίως
973 4529 1092 4588 ταῖς
1117 4526 1313 4596 ψυχαῖς
1342 4524 1447 4578 τῶν
1476 4520 1915 4576 πεπιστευκότων

352 4587 764 4690 ἐρηρεισμένης,
805 4587 896 4670 καὶ
922 4617 1100 4687 πάσης
1126 4587 1377 4686 ﬁdem:
1408 4616 1503 4667 καὶ
1545 4612 1799 4685 λατρείας
1825 4610 1920 4663 καὶ
1950 4587 1994 4642 Ῑ)

353 4710 507 4780 δόξης
527 4709 603 4780 τῷ
630 4711 902 4779 μονογενεῖ
921 4708 1036 4779 Θεῷ
1067 4708 1215 4778 παρὰ
1244 4708 1459 4761 πάντων
1481 4706 1555 4769 ὡς
1580 4702 1804 4776 ἀρχηγῴ
1824 4703 1923 4773 τῆς

354 4804 499 4873 ζωῆς
527 4802 908 4872 ἀνακειμένης,
942 4802 1021 4871 τῷ
1052 4801 1288 4853 ποιοῦντι
1318 4800 1386 4853 τά
1410 4799 1498 4851 τοῦ
1523 4798 1734 4869 Πατρός
1765 4796 1920 4867 ἔργα,

356 4895 535 4958 καθὼς
570 4895 729 4957 αὑτὸς
758 4895 786 4945 ό
832 4892 1033 4964 Κύριος
1070 4894 1126 4945 ἐν
1158 4892 1236 4961 τῷ
1271 4889 1585 4960 Εὑαγγελίῳ
1633 4887 1799 4958 φησὶ,
1830 4888 1924 4939 καὶ

360 4986 625 5057 μηδεμιᾶς
675 4984 814 5039 κατὰ
862 4987 1037 5037 πᾶσαν
1097 4982 1298 5051 ἀγαθοῦ
1350 4982 1668 5053 πράγματος
1718 4978 1923 5031 ἔννοιαν

358 5076 657 5148 ὑπερὸολῆς
691 5074 1090 5145 ὲλαττουμένῳ,
1138 5074 1238 5127 οὑκ
1266 5069 1380 5126 οἶδα
1430 5072 1589 5125 πόθεν
1621 5085 1924 5142 παρακινη-

359 5163 539 5227 θέντες
569 5164 859 5235 δυσμενείᾳ
898 5165 989 5217 καὶ
1020 5162 1195 5233 φθόνῳ
1230 5163 1329 5232 τῆς
1370 5160 1458 5214 τοῦ
1493 5160 1690 5230 Κυρίου
1722 5161 1883 5229 τιμῆς
1907 5195 1922 5218 ,

358 5254 607 5327 καθάπερ
656 5255 855 5325 ζημίαν
902 5257 1110 5317 ἑαυτοῖς
1161 5255 1434 5325 κρίνοντες
1490 5252 1586 5322 τὴν
1639 5250 1925 5321 γινομένην

355 5345 436 5416 τῷ
481 5349 755 5415 μονογενεῖ
795 5345 912 5415 Θεῷ
958 5347 1105 5415 παρὰ
1133 5345 1239 5397 τῶν
1283 5342 1719 5396 πεπιστευκότων
1760 5357 1926 5412 προσ-

358 5437 605 5507 κύνησιν,
657 5438 941 5509 άντεροῦσι
992 5439 1110 5499 ταῖς
1161 5436 1330 5499 θείαις
1376 5438 1592 5504 τιμαῖς,
1656 5434 1749 5502 καὶ
1809 5432 1923 5484 πεί-

358 5529 471 5580 θειν
518 5529 906 5600 ἐπιχειροῦσιν,
941 5529 1015 5592 ὡς
1057 5527 1205 5581 οὐδὲν
1242 5526 1349 5581 τῶν
1396 5525 1523 5596 περὶ
1567 5522 1722 5578 αὑτοῦ
1774 5522 1923 5590 λεγο·

364 5623 539 5692 μένων
570 5621 781 5691 ἀληθῶς
811 5622 1045 5691 λέγεται.
1070 5620 1204 5676 Οὔτε
1235 5618 1342 5693 γὰρ
1365 5619 1496 5683 Θεὸς
1533 5618 1633 5672 κᾶν
1662 5616 1925 5685 ὀνομάζη-

438 5815 462 5850 ⁶
490 5811 649 5870 Joan.
685 5824 738 5874 ιι,
764 5806 848 5862 57.

2011 3326 2156 3380 notis
2183 3341 2197 3389 ;
2228 3337 2290 3377 ac
2322 3337 2413 3392 per
2442 3321 2758 3389 dogmatum
2805 3316 3229 3387 speculationem
3272 3326 3577 3369 sermonem

2011 3413 2280 3485 producit.
2321 3413 2522 3464 Contra
2553 3424 2712 3479 quem
2746 3406 3063 3470 Eunomins,
3098 3422 3195 3475 per
3232 3407 3373 3459 hanc
3412 3417 3579 3458 vene-

2012 3506 2239 3563 randam
2269 3516 2579 3559 sermonum
2619 3499 2973 3568 scriptionem
3034 3498 3270 3565 seipsum
3325 3491 3577 3556 eﬁ‘erens,

2013 3615 2133 3669 qua:
2190 3597 2258 3651 de
2311 3592 2769 3650 commentatione
2815 3588 3051 3643 dilucide
3108 3594 3235 3643 sunt
3289 3584 3578 3655 explicata,

2013 3691 2313 3746 dissolvere
2344 3694 2575 3741 conatur
2603 3685 2667 3738 ad
2701 3686 2843 3736 hunc
2881 3680 3119 3734 modum.

2087 3783 2192 3837 Sed
2225 3787 2447 3851 praestat
2474 3778 2704 3831 fortasse
2726 3775 3041 3844 priusquam
3073 3785 3194 3841 quae
3222 3778 3351 3824 sunt
3375 3767 3579 3837 scripta

2016 3874 2083 3929 ad
2132 3886 2374 3927 normam
2432 3869 2739 3937 exigantur,
2804 3878 3027 3931 scopum
3084 3859 3419 3920 examinare,
3473 3871 3581 3925 qua

2016 3973 2195 4021 mente
2221 3962 2357 4032 fugit
2389 3959 2612 4030 ingeniti
2660 3972 2858 4012 nomen
2891 3954 2957 4008 de
3017 3951 3126 4005 Deo
3160 3949 3266 4004 dici
3318 3949 3438 4001 κατ’
3467 3948 3583 4000 ἐπί-

2014 4074 2183 4121 νοιαν,
2216 4056 2268 4109 id
2297 4062 2402 4119 est,
2431 4067 2493 4107 ex
2527 4050 2725 4104 mentis
2755 4044 3235 4101 commentatione.
3279 4039 3439 4096 Fides
3465 4039 3582 4093 hac

2018 4147 2324 4204 communis
2382 4145 2435 4199 in
2498 4142 2753 4195 ornnihus
2811 4138 2903 4208 qui
2960 4136 3188 4190 verbum
3255 4144 3584 4201 acceperunt

2027 4240 2247 4313 pietatis
2277 4235 2579 4307 praevaluit,
2613 4244 2829 4284 onmem
2862 4226 3054 4282 salutis
3084 4238 3234 4294 spem
3267 4222 3323 4277 in
3362 4220 3585 4277 Christo

2020 4311 2321 4385 habendam
2389 4339 2532 4379 esse.
2597 4318 2751 4386 Quod
2821 4332 2928 4371 non
2987 4314 3267 4383 contingat
3324 4312 3481 4365 aliter
3527 4311 3585 4366 in

2020 4423 2178 4477 bonis
2207 4434 2350 4484 esse,
2386 4415 2440 4470 id
2466 4423 2568 4477 est,
2601 4421 2855 4466 aeternam
2890 4406 3201 4463 felicitatem
3241 4403 3492 4474 adipisci,
3535 4403 3585 4461 si

2022 4514 2077 4567 in
2103 4511 2379 4565 Christum
2406 4506 2537 4561 ﬁdes
2566 4519 2671 4558 non
2706 4498 2937 4571 prcebeat
2962 4496 3104 4567 quod
3128 4495 3419 4565 expetitur.
3447 4492 3583 4547 Cum

2022 4614 2201 4661 autem
2245 4604 2358 4657 haec
2396 4596 2662 4655 sententia
2720 4594 2945 4648 ﬁrmiter
2990 4588 3325 4644 credentium
3389 4585 3586 4640 animis

2020 4700 2091 4754 sit
2143 4695 2338 4756 deﬁxa,
2394 4699 2448 4746 et
2501 4691 2674 4744 honos
2736 4685 2914 4742 omnis
2969 4692 3023 4737 et
3076 4681 3256 4736 cultus
3304 4686 3361 4733 et
3406 4677 3580 4747 gloria

2022 4788 2300 4858 unigenito
2347 4785 2455 4841 Deo
2510 4795 2567 4838 ut
2620 4782 2744 4836 vitae
2777 4778 3011 4850 principi
3065 4775 3138 4832 sit
3181 4770 3444 4858 reposita,
3490 4766 3586 4837 qui

2022 4857 2197 4937 Patris
2230 4892 2394 4947 opera
2417 4881 2694 4946 operatur,
2727 4872 2870 4927 sicut
2898 4870 3014 4939 ipse
3040 4863 3302 4919 Dominus
3330 4860 3385 4913 in
3411 4857 3588 4912 Evan-

2021 4975 2160 5047 gelio
2205 4970 2405 5035 dicit“,
2449 4967 2651 5039 quique
2698 4962 2845 5018 nulla
2891 4956 3185 5015 secundum
3239 4963 3453 5008 omnem
3508 4948 3587 5004 rei

2027 5039 2181 5123 bona:
2239 5062 2489 5118 notitiam
2537 5052 2923 5126 exsuperantia
2985 5047 3209 5103 inferior
3259 5052 3343 5098 est
3401 5039 3586 5106 Patre,

2024 5157 2211 5215 nescio
2239 5155 2384 5210 unde
2407 5149 2662 5207 commoti
2710 5144 2909 5200 infesto
2941 5140 3065 5196 odio
3098 5145 3151 5192 et
3182 5133 3384 5190 invidia
3415 5132 3589 5187 hono-

2024 5253 2102 5305 ris
2140 5247 2355 5302 Domini
2389 5254 2645 5311 tanquam
2681 5236 2940 5289 damnum
2975 5240 3028 5283 et
3069 5224 3455 5281 detrimentum
3485 5218 3587 5275 sibi

2027 5338 2161 5408 ipsis
2192 5308 2521 5405 judicantes,
2556 5340 2673 5382 eam
2697 5338 2817 5394 qua:
2859 5318 3146 5376 exhibetur
3167 5311 3449 5384 unigenito
3480 5308 3592 5364 Deo

2028 5401 2097 5483 ab
2129 5401 2214 5481 his
2245 5424 2338 5494 qui
2362 5418 2712 5477 crediderunt
2759 5411 3155 5474 adorationem,
3213 5403 3333 5475 ejus
3391 5401 3592 5456 divinis

2029 5517 2328 5574 honoribus
2372 5511 2771 5573 contradicunt,
2826 5512 2881 5559 et
2927 5498 3255 5572 persuadere
3323 5500 3593 5550 conantur

2030 5610 2175 5681 quod
2209 5607 2342 5664 nihil
2377 5618 2564 5661 eorum
2605 5614 2725 5670 qua:
2750 5597 2818 5654 de
2848 5595 2969 5668 ipso
3012 5592 3295 5658 dicuntur,
3327 5601 3453 5644 vcrc
3504 5583 3592 5641 dl-
