4034 6498
539 331 647 389 Ώῖτ
1781 337 1841 393 S.
1881 337 2207 394 GREGORII
2239 338 2530 397 NYSSENI
3627 356 3711 410 928

508 452 709 506 ’cltur.
737 450 925 525 Neque
952 453 1122 519 enim,
1153 454 1370 510 tametsi
1427 452 1570 511 Deus
1622 456 2024 528 quodammodo
2081 481 2084 510 ;

2212 465 2300 518 ταί
2329 481 2446 528 πως
2483 463 2586 518 ύπδ
2616 465 2713 536 τῆς
2739 465 2960 538 Γραφῆς
2978 507 2993 530 ,
3023 465 3272 537 ἀληθινός
3313 467 3419 521 ἔστι
3447 467 3582 534 Θεός⁶
3613 470 3712 527 οὕτε

544 541 828 615 Scriptura
863 548 1201 611 nominatur,
1238 562 1402 602 verus
1430 556 1514 604 est
1545 549 1724 616 Deus;
1754 565 1949 622 neque,
1983 553 2082 608 lice

2208 558 2334 620 Υἱὸς
2361 557 2646 629 λεγόμενος
2671 598 2685 622 ,
2717 557 3154 630 ὲπαληθεύουσαν
3179 559 3291 631 ἔχει
3327 563 3390 631 τῇ
3428 563 3715 637 προσηγορίᾳ

540 631 714 691 Filius
739 635 979 702 dicatur,
1016 653 1200 693 veram
1231 638 1412 704 habet,
1440 656 1560 709 qua:
1589 641 1688 695 hac
1751 644 2084 714 appellationi

2203 647 2300 718 τὴν
2339 649 2519 716 φύσιν,
2547 647 2668 701 οὔτε
2700 647 2887 715 ἀξίας,
2933 649 3054 703 οὔτε
3089 651 3300 720 φύσεως
3336 651 3474 721 αύτῷ
3503 653 3620 724 πρὸς
3644 657 3714 709 τὸν

539 728 869 789 declaratur.
903 740 1158 784 naturam
1189 747 1204 796 ;
1241 747 1419 801 neque
1448 734 1750 804 dignitatis,
1802 751 1978 806 neque
2010 754 2078 792 na

2204 739 2419 809 Πατέρα
2444 739 2558 792 ὲστί
2582 756 2662 802 τις
2693 741 2957 794 κοινωνία.
2985 741 3133 811 Μηδὲ
3154 742 3261 812 γὰρ
3289 738 3420 795 εἶναι
3445 741 3638 797 δυνατὴν
3655 749 3717 818 τῷ

543 825 680 872 tura:
721 818 822 887 ipsi
855 835 978 882 cum
1008 819 1167 877 Patre
1199 830 1283 877 est
1313 822 1490 894 aliqua
1519 827 1901 893 communitas;
1935 843 2084 897 neque

2204 831 2603 902 γεγεννημένῳ,
2624 832 2760 901 πρὸς
2780 832 2869 885 τὸν
2893 835 3209 903 ποιήσαντα,
3231 833 3291 886 τὸ
3315 833 3449 888 κατά
3465 835 3553 905 τὴν
3571 836 3714 901 ἀξίαν.

543 909 686 961 enim
727 909 839 964 ﬁeri
873 925 1054 980 posse,
1081 919 1139 965 ut
1168 913 1214 966 ei
1251 912 1344 982 qui
1383 917 1594 983 genitus
1625 924 1726 980 est,
1757 931 1880 970 cum
1911 932 1976 972 eo
2011 934 2081 988 qu

2202 922 2235 992 ἢ
2265 923 2362 992 τὴν
2394 921 2639 992 δύναμιν,
2663 921 2695 993 ἦ
2725 922 2820 993 τὴν
2844 922 3003 992 φύσιν
3029 925 3290 995 ὑπάρχειν
3318 926 3576 994 ὁμότιμον.
3602 931 3717 984 Διότι

539 998 686 1063 iecit,
717 1015 814 1070 par
836 1003 1014 1056 honor
1060 1002 1360 1056 secundum
1386 1003 1723 1074 dignitatem,
1777 1006 1864 1059 vel
1917 1015 2084 1077 poten‘

2201 1012 2278 1083 τῷ
2310 1012 2424 1082 μὲν,
2469 1011 2714 1082 ἀόριστος
2747 1015 2778 1080 ἡ
2827 1013 2957 1082 ζωὴ,
3007 1013 3100 1067 καὶ
3136 1014 3195 1078 ἐξ
3229 1014 3394 1067 ἀϊδίου
3433 1016 3464 1086 ἡ
3503 1016 3717 1089 ὕπαρξιςο

535 1092 690 1156 tiam,
740 1093 822 1147 vel
876 1103 1126 1148 naturam
1177 1093 1340 1149 adsit.
1402 1093 1695 1164 Propterea
1754 1096 1902 1166 quod
1955 1096 2082 1152 Patr

2195 1104 2276 1174 τῷ
2319 1101 2374 1153 δὲ
2403 1101 2537 1172 Υίῷ,
2586 1103 2785 1173 τρόπον
2811 1101 2930 1155 τινὰ
2967 1103 3400 1173 περιγέγραπται
3437 1107 3469 1174 ἡ
3499 1106 3619 1176 ζωὴ,
3639 1108 3718 1178 τῆς

534 1182 753 1250 quidem
807 1183 1082 1238 indeﬁnita
1144 1192 1230 1239 est
1288 1185 1431 1250 vita,
1471 1196 1635 1256 atque
1691 1202 1756 1242 ex
1802 1188 2084 1244 aaternitati

2201 1192 2375 1262 ἀρχῆς
2414 1191 2533 1246 καθ’
2577 1193 2645 1262 ἢν
2680 1191 2867 1259 γέγονε
2903 1193 3239 1262 περατούσης
3280 1193 3371 1245 ἐπὶ
3411 1193 3467 1245 τὸ
3513 1193 3612 1246 ἄνω
3637 1195 3717 1264 τῆς

531 1274 872 1342 exsistentia,
912 1273 1050 1330 Filio
1074 1290 1205 1329 vero
1239 1277 1400 1330 modo
1426 1277 1660 1347 quodam
1682 1281 2084 1350 circumscript:

2201 1282 2343 1352 ζωῆς
2373 1285 2471 1353 τὴν
2500 1283 2739 1354 πρόοδον,
2769 1283 2860 1336 καὶ
2885 1287 2949 1354 τῇ
2973 1284 3065 1336 τού
3096 1285 3305 1356 Πατρὸς
3333 1283 3575 1353 ἀῐδιότητι
3607 1303 3719 1357 συμ-

535 1371 620 1417 εει
669 1363 800 1426 vita,
857 1364 986 1434 quia
1044 1379 1238 1433 nempe
1299 1366 1625 1436 principium
1666 1367 1820 1432 illud,
1878 1369 1930 1421 in
1993 1384 2102 1438 quo

534 1454 749 1526 genitus
774 1461 880 1520 est,
921 1454 1043 1510 vitae
1075 1454 1193 1524 ejus
1222 1471 1538 1526 processum
1593 1458 1649 1511 in
1708 1459 1954 1518 anterius
1991 1468 2103 1513 ter-

2203 1373 2615 1446 παρατείνεσθαι
2641 1373 2973 1444 κωλυούσης·
3015 1375 3151 1428 ὥστε
3181 1375 3272 1429 καὶ
3297 1375 3466 1445 τούτῳ
3486 1376 3574 1446 τὴν
3599 1374 3717 1446 ζωὴν

2201 1467 2389 1538 ὲλλιπῆ
2412 1466 2721 1537 νομίζεσθαι
2741 1483 2756 1498 ο
2787 1467 2879 1519 καὶ
2901 1467 2991 1518 τὸν
3012 1465 3227 1536 Πατέρα
3249 1467 3322 1536 μὴ
3344 1467 3430 1520 ἀεὶ
3458 1463 3583 1519 εἶναι
3607 1469 3716 1537 ὅπερ

533 1547 724 1608 minet,
778 1555 834 1603 et
888 1547 957 1601 ad
1021 1545 1199 1602 Patris
1258 1549 1617 1603 teternitatem
1677 1549 1848 1614 simul
1879 1551 2098 1606 extendi

529 1639 842 1710 prohibeat;
907 1639 984 1694 ita
1019 1648 1078 1692 ut
1115 1641 1278 1694 etiam
1316 1641 1443 1695 huic
1474 1643 1584 1695 vita
1650 1641 1966 1711 imperfecta
2001 1659 2100 1699 nec

528 1732 738 1802 integra
777 1729 949 1786 fuisse
974 1730 1338 1786 existimetur.
1371 1729 1437 1785 Et
1470 1730 1687 1786 Patrem
1720 1747 1828 1786 non
1878 1747 2096 1802 semper

2199 1560 2293 1612 νῦν
2322 1559 2434 1612 ἐστί
2478 1575 2533 1610 τε
2568 1559 2660 1610 καὶ
2693 1558 2937 1627 λέγεται,
2986 1559 3100 1611 ἀλλ’
3134 1558 3316 1629 ἔτερόν
3354 1560 3466 1610 ἐστι
3497 1559 3718 1630 πρότερον

2197 1653 2356 1712 ὄντα,
2387 1650 2523 1721 μετά
2567 1649 2739 1703 ταῦτα
2788 1648 3172 1719 βουλεύσασθαι
3216 1649 3461 1716 γενέσθαι
3505 1649 3716 1720 Πατέρα,

2202 1743 2396 1813 μᾶλλον
2425 1742 2512 1804 δὲ,
2547 1742 2666 1811 οὐχὶ
2711 1740 2766 1793 δὲ
2808 1741 3096 1808 γενέσθαι,
3134 1740 3267 1793 ἀλλά
3299 1741 3570 1810 κληθῆναι.
3598 1740 3720 1810 Μηδὲ

527 1823 702 1878 fuisse
734 1819 879 1891 quod
917 1835 1064 1875 nunc
1123 1829 1208 1876 est
1254 1829 1310 1875 et
1364 1820 1588 1885 dicitur,
1635 1823 1729 1877 sed
1784 1822 1920 1877 alter
1967 1839 2084 1878 cum

2198 1836 2304 1904 γάρ
2336 1832 2463 1886 Υἱοῦ
2500 1833 2638 1886 κατά
2670 1832 2923 1903 ἀλήθειαν
2953 1831 3314 1901 ὀνομασθῆναι
3343 1831 3574 1895 Πατέρα.
3611 1831 3719 1884 ἀλλά

526 1914 680 1985 prius
706 1921 872 1979 esset,
898 1921 1091 1983 postea
1119 1912 1455 1967 deliberasse
1483 1922 1542 1966 ut
1571 1911 1731 1968 Pater
1761 1912 1934 1980 ﬁeret,
1981 1914 2092 1968 imo

524 2023 654 2063 vero
685 2023 795 2063 non
826 2015 887 2062 ut
917 2007 1089 2074 ﬁeret,
1119 2007 1212 2061 sed
1241 2013 1302 2059 ut
1341 2012 1654 2059 vocaretur.
1711 2002 1898 2073 Neque
1945 2003 2092 2060 enim

523 2097 647 2154 Filii
681 2099 844 2153 Pater
870 2097 1172 2154 secundum
1196 2097 1482 2151 veritatem
1513 2094 1828 2150 nominatus
1858 2104 1964 2159 est,
1995 2095 2092 2152 sed

523 2197 797 2246 creaturae
825 2205 1023 2244 nomen
1053 2190 1107 2243 in
1135 2187 1257 2242 Filii
1293 2188 1715 2258 appellationem
1750 2187 2089 2256 suppositum

521 2293 631 2338 est.
663 2280 900 2338 Omnino
956 2282 1102 2336 enim
1164 2281 1340 2342 aiunt,
1391 2279 1536 2350 quod
1573 2280 1848 2350 posterius
1886 2287 1970 2334 est
2023 2279 2092 2333 ab

521 2374 838 2444 antiquiore
861 2416 876 2441 ,
902 2383 955 2428 et
983 2373 1128 2444 quod
1159 2371 1439 2427 deﬁnitum
1477 2379 1560 2426 cst
1597 2372 1666 2424 ab
1690 2379 1918 2434 aeterno,
1944 2371 2090 2441 quod

519 2465 821 2520 secundum
855 2465 1186 2519 voluntatem
1214 2463 1334 2532 ejus
1363 2463 1455 2533 qui
1506 2461 1635 2518 fecit
1681 2464 1920 2532 genitum
1977 2471 2087 2526 est,

517 2553 591 2610 ab
620 2555 740 2624 ipso
762 2554 856 2623 qui
890 2553 1020 2608 fecit
1050 2564 1103 2608 et
1137 2562 1425 2622 potestate,
1460 2560 1514 2606 et
1562 2551 1846 2622 dignitate.
1898 2561 1952 2608 et
1983 2569 2083 2606 na-

517 2653 642 2702 tura
669 2646 1048 2716 pmcipuoque
1070 2645 1192 2715 jure
1224 2644 1511 2713 temporis,
1565 2643 1930 2714 omnibusque
1963 2645 2088 2698 aliis

521 2735 746 2791 honoris
779 2735 1157 2806 prterogativis
1214 2734 1528 2790 necessario
1589 2736 1862 2805 superari.
1904 2738 1949 2790 A
1981 2751 2090 2806 quo

517 2835 699 2884 autem
732 2827 877 2897 quod
913 2827 1215 2898 perfectum
1251 2837 1336 2883 est
1371 2829 1428 2882 in
1480 2828 1843 2884 diviniuribus
1872 2831 2088 2899 Opinio-

520 2919 683 2973 nibus
709 2918 885 2982 abest,
908 2935 1018 2989 quo
1047 2920 1172 2990 quis
1207 2919 1368 2973 modo
1389 2920 1490 2974 hoc
1518 2922 1632 2975 veri
1659 2920 1753 2975 Dei
1789 2922 2088 2979 honoribus

513 3009 639 3081 jure
686 3024 751 3064 ac
814 3013 1010 3066 merito
1047 3012 1390 3066 excoluerit?
1445 3010 1536 3066 Sic
1580 3028 1643 3067 ex
1687 3013 1772 3068 his
1832 3014 1902 3068 ab
1954 3016 2088 3084 ipsis

519 3102 883 3172 praestruitur,
910 3100 1106 3157 Filium
1133 3103 1350 3174 quidem
1391 3103 1769 3174 imperfectum
1795 3111 2083 3175 potestate,

517 3195 851 3269 destitutum.
884 3195 1006 3248 vita'
1067 3194 1423 3263 perfectione,
1484 3197 1694 3265 potenti
1747 3184 2152 3267 subjectum,C

515 3287 655 3342 nihil
687 3300 720 3340 a
755 3287 937 3354 seipse
971 3285 1278 3350 facientem,
1319 3295 1682 3357 praeterquam
1715 3288 1761 3343 si
1793 3289 1924 3358 quid
1953 3305 2083 3344 san-

513 3379 663 3433 citur
729 3379 1064 3433 dominantis
1121 3379 1388 3449 imperio;
1441 3379 1585 3434 hunc
1642 3380 1696 3434 in
1731 3381 1903 3436 .nullo
1965 3397 2086 3437 esse

515 3470 727 3526 honore
761 3469 870 3526 Deo
924 3468 1126 3523 decoro
1186 3477 1242 3523 et
1294 3470 1700 3527 existimatione
1754 3471 1867 3527 Deo
1921 3471 2083 3543 digna

510 3560 758 3624 credere,
791 3560 885 3614 sed
915 3558 1083 3614 Deum
1109 3559 1332 3630 quidem
1363 3561 1665 3628 nominare,
1715 3565 1866 3617 omni
1899 3572 2081 3620 tamen

515 3660 807 3731 magniﬁca
880 3659 1104 3714 natione
1155 3674 1391 3714 vacuum
1447 3675 1645 3716 nomen
1705 3661 2080 3718 circumferre.

511 3753 691 3821 Atque
715 3751 782 3806 ad
816 3751 932 3806 haec
982 3751 1064 3808 sic
1089 3750 1256 3816 dicta,
1293 3752 1411 3806 sine
1469 3753 1739 3806 rationum
1798 3755 2085 3810 momentis

506 3852 566 3900 et
619 3844 957 3914 amplexibus
987 3843 1056 3898 ad
1093 3844 1228 3897 iram
1279 3843 1679 3914 quodammodo
1720 3844 1967 3907 exacuit,
2029 3853 2084 3901 et

508 3931 813 3988 auditorem
850 3932 1147 4003 peregrinae
1187 3939 1241 3986 et
1283 3932 1518 3986 insolitae
1552 3933 1628 3986 rei
1680 3933 1920 3988 novitate
1954 3935 2083 3987 hor-

510 4039 632 4081 rere
657 4023 806 4080 facit.
843 4024 979 4090 Quis
1009 4023 1155 4078 enim
1185 4024 1494 4094 improbum
1525 4024 1902 4079 consiliarium
1928 4039 2082 4082 acce-

510 4118 670 4185 perit.
714 4114 858 4171 nude
909 4123 964 4170 et
1024 4114 1290 4183 imparate
1359 4113 1703 4169 eversionem
1775 4116 2078 4186 majestatis

509 4205 716 4262 Christi
743 4205 1122 4260 consulentem
1144 4203 1168 4258 ?
1193 4210 1481 4274 propterea
1522 4203 1796 4260 illecebris
1841 4215 1894 4261 et
1927 4207 2078 4262 leno-

508 4297 672 4352 ciuiia
695 4295 1022 4367 quibusdam
1055 4294 1506 4365 persuasibilibus
1529 4303 1584 4349 et
1613 4293 1841 4351 fallaciis
1877 4297 2080 4368 impro-

510 4385 610 4442 bas
642 4384 909 4440 orationis
954 4383 1182 4439 insidias
1223 4383 1696 4456 circumtcgeutes,
1737 4388 1978 4441 externis
2011 4403 2077 4443 ac

2193 1926 2486 1991 κτίσματος
2511 1925 2589 1986 είς
2633 1923 2761 1975 Υίοῦ
2795 1923 2983 1993 κλῆσιν
3013 1921 3420 1990 ύποϐληθέντος.
3448 1917 3722 1980 Πάντωςδὲ,

2194 2013 2421 2084 φασὶ,τὺ
2457 2014 2930 2084 μεταγενέστερον,
2980 2012 3074 2066 τοῦ
3121 2014 3515 2084 πρεσδυτέρου,
3562 2012 3642 2064 καὶ
3672 2010 3722 2062 τὸ

2191 2103 2491 2175 ὡρισμένον
2521 2103 2614 2156 τοῦ
2643 2103 2834 2166 ἀϊδίου,
2874 2105 2964 2156 καὶ
2991 2103 3052 2156 τὸ
3081 2104 3220 2157 κατά
3250 2102 3497 2173 βούλησιν
3530 2101 3614 2175 τοῦ
3644 2117 3722 2153 πε-

2192 2195 2477 2266 ποιηκότος
2501 2194 2913 2265 γεγεννημένον,
2959 2193 3120 2246 αὑτὸν
3151 2191 3241 2246 τοῦ
3271 2192 3613 2261 πεποιηκότος
3647 2190 3722 2242 δυ-

2191 2285 2350 2355 νάμει
2391 2303 2447 2338 τε
2479 2286 2571 2338 καὶ
2605 2284 2762 2355 ἀξία,
2809 2285 2903 2338 καὶ
2945 2283 3103 2354 φύσει
3128 2325 3143 2350 ,
3182 2283 3274 2337 καὶ
3315 2285 3429 2345 τοῖς
3465 2284 3523 2335 ἐκ
3563 2279 3721 2350 χρόνον

2191 2375 2518 2447 πρεσϐείοις,
2547 2377 2639 2429 καὶ
2669 2375 2836 2429 ἆπασι
2860 2378 2971 2439 τοῖς
3005 2375 3202 2444 τιμίοις
3230 2375 3289 2439 ἐξ
3317 2375 3558 2441 ἀνάγκης
3586 2371 3723 2437 ἠλάτ-

2187 2485 2375 2521 τωται.
2405 2461 2479 2520 Οὖ
2509 2467 2565 2520 δὲ
2591 2467 2650 2520 τὸ
2678 2468 2881 2520 τέλειον
2912 2470 2968 2520 ἐν
3000 2468 3115 2528 ταῖς
3149 2464 3448 2534 θειοτέραις
3483 2461 3582 2515 τῶν
3612 2461 3722 2512 ὑπο-

2188 2559 2400 2631 λήψεων
2422 2561 2616 2615 ἄπεστι
2636 2599 2652 2622 ,
2685 2559 2799 2623 πῶς
2834 2559 2899 2612 ἀν
2927 2576 3010 2622 τις
3036 2556 3192 2612 τοῦτο
3239 2558 3359 2620 ταῖς
3401 2553 3493 2608 τοῦ
3526 2551 3726 2621 ἀληθοῦς

2189 2649 2322 2703 Θεοῦ
2355 2654 2541 2722 τιμαῖς
2582 2650 2818 2718 εὐλόγως
2856 2647 3313 2718 ἀποσεμνύνειεν;
3363 2647 3450 2709 Ὠς
3478 2645 3540 2697 ὲκ
3565 2643 3723 2696 τούτου

2189 2741 2689 2806 κατασκευάζεσθαι
2719 2741 2848 2811 παρ’
2867 2739 3044 2793 αὐτῶν
3069 2739 3160 2791 τὸν
3183 2738 3344 2808 ἀτελῆ
3377 2737 3476 2807 μὲν
3501 2737 3629 2788 κατά
3645 2735 3726 2802 τὴν

2187 2834 2446 2905 δύναμιν,
2477 2832 2666 2902 ἐλλιπῆ
2707 2831 2763 2884 δὲ
2793 2829 2933 2885 κατά
2977 2830 3075 2898 τὴν
3118 2830 3214 2898 τῆς
3241 2827 3388 2896 ζωῆς
3429 2825 3724 2894 τελειότητα.

2187 2924 2495 2996 ὑποχείριον
2520 2923 2577 2976 δὲ
2594 2921 2674 2992 τῷ
2694 2919 3087 2985 δυναστεύοντι,
3111 2917 3364 2972 ποιοῦντα
3394 2917 3452 2970 δὲ
3476 2916 3629 2986 μηδὲν
3652 2913 3727 2981 ἀφ’

2187 3015 2403 3079 ἑαυτοῦ,
2434 3015 2573 3087 πλὴν
2615 3015 2667 3067 el’
2695 3031 2748 3066 τι
2777 3013 3144 3084 νομοθετεῖται
3188 3009 3264 3080 τῷ
3300 3009 3397 3062 τοῦ
3435 3007 3726 3079 κρατοῦντος

2189 3106 2582 3178 προστάγματι·
2610 3102 2797 3156 τοῦτον
2824 3103 2881 3154 ὲν
2923 3101 3159 3171 μηδεμιᾷ
3204 3099 3499 3168 θεοπρεπεῖ
3537 3098 3654 3166 τιμῇ
3681 3110 3728 3145 τι

2185 3196 2277 3248 καὶ
2315 3192 2574 3264 ὑπολήψει
2602 3189 2874 3244 πιστεύειν
2917 3184 3072 3242 εἶναι·
3111 3185 3244 3240 ἀλλά
3271 3184 3405 3238 Θεὸν
3440 3183 3537 3256 μὲν
3561 3179 3728 3251 ὀνομά-

2186 3287 2318 3351 ζειν,
2362 3284 2515 3339 κενὸν
2556 3283 2612 3336 δὲ
2660 3283 2837 3351 πάσης
2880 3274 3329 3350 μεγαλοπρεποῦς
3360 3273 3565 3336 ἐννοίας
3597 3287 3728 3341 περι-

2187 3380 2373 3450 φέρειν
2400 3377 2462 3430 τὸ
2485 3377 2674 3446 ὄνομα.
2717 3375 2826 3426 Καὶ
2851 3373 2942 3424 ἐπὶ
2970 3369 3140 3424 ταῦτα
3166 3368 3310 3420 οὕτω
3341 3367 3602 3436 λεγόμενα
3626 3364 3725 3432 δίχα

2184 3470 2278 3540 τῆς
2294 3467 2402 3520 τῶν
2419 3464 2690 3536 λογισμῶν
2714 3462 3000 3535 περιϐολῆς
3022 3459 3309 3531 παροξύνει
3337 3476 3453 3522 πως
3471 3461 3548 3520 είς
3565 3456 3728 3526 ὀργὴν.

2185 3562 2278 3615 καὶ
2305 3559 2544 3631 φρίττειν
2576 3559 2716 3611 ποιεῖ
2733 3556 2810 3625 τῷ
2836 3553 3068 3625 ξενισμῷ
3088 3554 3177 3607 τὸν
3208 3552 3493 3605 ἀκούοντα.
3525 3551 3615 3614 Τίς
3639 3548 3729 3616 γὰρ

2182 3652 2394 3721 δέχεται
2416 3648 2647 3719 πονηρὸν
2670 3646 2732 3699 σύ
2741 3646 2987 3717 μόουλον,
3010 3643 3228 3714 γυμνῶς
3249 3645 3344 3696 καὶ
3367 3638 3730 3698 ἀκατασκεύως

2181 3744 2280 3814 τὴν
2307 3741 2620 3812 καθαίρεσιν
2651 3739 2750 3810 τῆς
2781 3737 3192 3809 μεγαλειότητος
3217 3735 3308 3788 τοῦ
3349 3732 3584 3807 Χριστοῦ
3615 3748 3729 3800 συμ-

2183 3834 2536 3898 6ουλεύοντα;
2563 3831 2660 3886 Διά
2686 3831 2842 3885 τοῦτο
2871 3831 3225 3902 παραγωγαῖς
3249 3845 3360 3880 τισι
3389 3826 3634 3886 πιθαναῖς
3651 3821 3730 3874 καὶ

2181 3925 2417 3987 ἀπάταις
2447 3923 2543 3994 τὴν
2585 3921 2824 3992 πονηρὰν
2852 3919 3053 3990 ταύτην
3093 3918 3308 3989 ἐνέδραν
3333 3918 3430 3970 τοῦ
3471 3918 3622 3985 λόγου
3649 3929 3731 3964 πε·

2183 4016 2604 4090 ρικαλύψαντες,
2635 4015 2755 4077 ταῖς
2797 4011 2991 4076 ἔξωθεν
3030 4011 3290 4072 ἐπινοίαις
3332 4010 3460 4072 τοὺς
3499 4007 3730 4076 ἀνοήτους

2183 4108 2292 4162 τῶν
2318 4105 2600 4179 ἀκροατῶν
2641 4105 3094 4177 παρακρούονται.
3143 4101 3223 4154 Τά
3260 4100 3369 4171 γάρ
3409 4099 3544 4154 ἄλλα
3583 4111 3730 4150 κατα-

2185 4202 2548 4262 σκευάσαντες
2597 4199 2665 4253 δι’
2712 4191 2786 4251 ὧν
2828 4196 2894 4250 ἂν
3017 4193 3237 4248 δυνατὸν
3285 4192 3606 4260 αὐτομάτως
3653 4185 3730 4238 ἐπὶ

2182 4295 2356 4349 ταῦτα
2385 4291 2754 4362 κατασυρῆναι
2781 4289 2878 4359 τὴν
2912 4286 3022 4340 τῶν
3053 4284 3356 4340 ἀκουόντων
3387 4283 3640 4343 διάνοιαν,
3666 4275 3730 4342 τῷ

2183 4389 2422 4459 ἀκροατῇ
2453 4384 2514 4438 τὸ
2543 4383 2716 4453 πέρας
2745 4381 2844 4452 τῆς
2874 4378 3254 4449 καταστροφῆς
3280 4372 3699 4428 καταλείπουσιν.

507 4476 754 4550 profanis
805 4475 1354 4531 commentationibus
1402 4476 1684 4532 dementes
1738 4477 2019 4536 auditores
2049 4481 2288 4552 maligne
2317 4477 2596 4548 decipiunt
2654 4482 2708 4530 et
2741 4472 3113 4528 ludiﬁcantur.
3145 4469 3280 4524 Aliis
3315 4468 3461 4523 enim
3501 4470 3723 4534 praestru-

504 4575 612 4630 ctis
636 4572 838 4644 quibus
864 4577 1058 4640 sponte
1093 4569 1162 4624 ad
1201 4571 1315 4626 haec
1341 4571 1584 4640 pertrahi
1618 4572 1792 4642 possit
1839 4574 2178 4631 audientium
2254 4572 2609 4645 intelligentia
2631 4611 2648 4638 ,
2711 4569 3118 4624 conclusionem
3179 4561 3579 4631 catastrophes,
3633 4556 3729 4612 sive

503 4677 807 4725 extremm
846 4663 1042 4719 fabula:
1067 4672 1248 4718 actum
1272 4663 1510 4720 auditori
1540 4666 1878 4736 relinquunt.

571 4763 708 4820 Nam
743 4776 868 4818 cum
901 4760 1156 4817 dixerunt
1191 4774 1300 4814 non
1351 4773 1474 4815 esse
1517 4758 1767 4814 eumdem
1829 4762 2070 4818 essentia

2245 4759 2503 4820 Είπόντες
2529 4756 2636 4826 γὰρ
2665 4755 2740 4826 μὴ
2769 4750 2906 4806 εἶναι
2945 4749 3110 4805 ταύτὸ
3136 4747 3275 4802 κατὰ
3306 4745 3404 4817 τὴν
3445 4745 3628 4800 οὐσίαν
3653 4739 3730 4794 τὸν

502 4857 836 4931 unigenitum
873 4854 1038 4910 Deum
1069 4868 1191 4908 cum
1221 4867 1350 4907 vero
1400 4850 1576 4915 Patre,
1610 4861 1664 4907 et
1697 4852 1797 4906 hoc
1832 4855 2074 4923 captiose

498 4961 553 5008 et
582 4949 845 5004 fallaciter
871 4947 1282 5002 concluserunt.
1311 4957 1409 5013 per
1462 4943 1687 5012 ingeniti
1731 4958 1855 4998 cum
1892 4947 2074 5015 genito

496 5040 897 5113 oppositionem
935 5053 950 5090 :
981 5035 1124 5105 quod
1150 5049 1216 5089 ex
1249 5033 1352 5088 hoc
1385 5034 1634 5105 sequitur
1667 5041 1914 5088 tacentes
1935 5052 2071 5089 con-

495 5136 706 5198 iiciunt,
739 5133 883 5186 ultro
914 5143 1010 5199 per
1043 5126 1446 5197 consequentiae
1491 5127 1754 5181 rationem
1795 5128 2073 5198 impietate

496 5222 926 5299 praevalenteEt
944 5218 1398 5293 quemadmodum
1424 5218 1697 5273 veneﬁcus
1721 5217 1880 5272 letale
1909 5235 2071 5274 vene-

494 5333 626 5373 num
659 5323 879 5384 sumptu
903 5311 1062 5367 facile
1080 5309 1211 5366 facit
1249 5309 1299 5364 ei
1323 5323 1482 5377 quem
1540 5307 1805 5362 insidiose
1833 5309 1948 5363 vult
1975 5324 2070 5361 ne-

494 5425 644 5472 care,
679 5408 838 5463 melle
893 5405 1119 5460 exitium
1168 5401 1429 5457 edulcans
1463 5417 1478 5453 :
1519 5410 1682 5469 atque
1711 5399 1799 5453 hic
1847 5398 2066 5466 quidem

495 5502 671 5557 solum
697 5498 877 5560 dedit;
939 5495 1070 5549 illud
1120 5502 1298 5548 autent
1353 5492 1405 5544 in
1456 5490 1758 5545 visceribus
1822 5489 2063 5555 mistum,

494 5590 706 5647 etiamsi
735 5588 870 5642 nihil
893 5585 1038 5641 aliud
1062 5593 1185 5655 agat
1211 5580 1506 5644 veneﬁcus,
1564 5596 1755 5635 necem
1804 5588 2063 5648 operatur

497 5693 552 5738 et
576 5679 852 5735 interitum
897 5695 912 5732 :
948 5675 1204 5747 quiddam
1251 5673 1429 5728 simile
1462 5671 1530 5726 ab
1583 5671 1670 5727 his
1722 5671 2059 5739 conﬁcitur;

495 5771 708 5832 festiv-is
729 5771 872 5828 enim
901 5768 1233 5842 argutiarum
1263 5773 1318 5824 et
1349 5764 1660 5835 captionum
1693 5764 2062 5822 invitamentis

2183 4849 2444 4924 μονογενῆ
2475 4848 2606 4901 Θεὸν
2635 4845 2712 4917 τῷ
2747 4843 2934 4915 ἀληθεί
2961 4843 3154 4912 Πατρὶ,
3192 4839 3288 4893 καὶ
3313 4835 3474 4890 τοῦτο
3513 4850 3730 4924 σοφιστιί

2180 4921 2292 5005 κῶς
2338 4941 2782 5011 συμπεράναντες
2809 4934 2895 4988 διὰ
2929 4933 3029 5003 τῆς
3061 4931 3153 4984 τοῦ
3183 4929 3477 4999 ἀγεννήτου
3523 4925 3652 4996 πρὸς
3678 4921 3729 4972 τὸ

2180 5032 2434 5103 γεννητὸν
2458 5029 2800 5091 ἀντιθέσεως,
2829 5025 2889 5078 τὸ
2917 5025 3025 5078 ἀπὸ
3042 5023 3230 5076 τούτου
3260 5019 3569 5079 σιωπῶντες
3594 5014 3730 5085 ὲργὰο

2180 5125 2380 5190 ζονται,
2425 5121 2744 5192 αὐτομάτως
2784 5117 2871 5170 διά
2899 5115 2992 5169 τοῦ
3038 5113 3327 5168 ἀκολούθου
3368 5111 3467 5179 τῆς
3497 5105 3729 5165 ἀσεϐείας

2176 5213 2600 5286 κρατυνομένης.
2654 5211 2763 5264 Καὶ
2804 5209 2989 5279 ὥσπερ
3025 5206 3085 5260 τὸ
3121 5205 3444 5275 δηλητήριον
3471 5205 3500 5254 ὁ
3529 5213 3729 5269 φαρμα-

2173 5309 2302 5370 κεὺς
2326 5305 2725 5377 εύπαράδεκτον
2760 5304 2901 5355 ποιεῖ
2935 5300 3011 5370 τῷ
3041 5295 3522 5364 ὲπιόουλευομένῳ,
3571 5289 3727 5360 μέλιτι

2171 5398 2583 5467 καταγλυκάνας
2613 5395 2702 5449 τὸν
2740 5393 2978 5463 ὄλεθρονο
3015 5390 3108 5443 καὶ
3149 5392 3178 5442 ὁ
3218 5387 3314 5459 μὲν
3355 5386 3522 5439 ἔδωκε
3565 5382 3725 5452 μόνον’

2167 5491 2228 5543 τὸ
2259 5490 2314 5543 δὲ
2344 5486 2740 5558 ἐγκαταμιχθὲν
2762 5487 2874 5547 τοῖς
2906 5482 3222 5551 σπλάχνοις,
3259 5477 3408 5530 οὐδὲν
3439 5476 3522 5527 ἔτι
3567 5483 3727 5540 πραγ-

2169 5579 2530 5651 ματευομένου
2577 5577 2667 5631 τοῦ
2704 5574 3056 5645 φαρμακέως,
3087 5571 3184 5639 τὴν
3231 5567 3435 5637 φθορὰν
3472 5560 3728 5651 κατεργά-

2168 5670 2340 5738 ζεταισ
2374 5669 2557 5743 ὅμοιόν
2602 5685 2655 5720 τι
2686 5666 2779 5719 καὶ
2811 5662 2960 5734 παρὰ
3003 5661 3200 5714 τούτων
3223 5659 3450 5726 γίνεται.
3484 5655 3613 5715 Ταῖς
3634 5649 3726 5743 vi}?

2170 5733 2456 5832 έιομψείαιῖς
2478 5757 2585 5813 τῶν
2616 5733 2963 5828 σοφισμάτων
2989 5752 3051 5806 τὺ
3083 5750 3398 5821 φθοροποιὸν
3419 5746 3601 5816 δόγμα
3629 5733 3726 5794 οἷόν
