4034 6480
318 342 423 399 929

315 479 422 516 τινι
469 460 642 532 μέλιτι
686 458 1167 533 καταχριίηαντες,

311 555 530 625 ἀπάτην
550 556 613 624 τῇ
640 554 783 626 ψυχῇ
803 556 898 608 τοῦ
918 555 1223 620 ἀκούοντος,
1246 558 1343 628 τὴν
1374 560 1501 629 περὶ
1526 559 1618 611 τοῦ
1645 558 1718 630 μὴ
1745 555 1882 612 εἶναι

312 645 445 697 θεὸν
481 643 730 713 ἀληθινὸν
776 646 866 698 τόν
896 636 1179 718 Μονογενῆ
1225 649 1355 702 Θεόν
1379 664 1393 677 ⁸
1441 648 1510 702 τὰ
1535 650 1668 703 ἄλλα
1707 652 1884 704 πάντα

311 733 485 804 τούτῳ
530 736 625 787 καὶ
670 737 980 802 σιωπῶντες
1028 741 1579 810 συγκατειργάσαντο.
1628 742 1719 813 Τῷ
1774 743 1883 813 γὰρ

312 824 600 895 πεισθῆναι
627 826 700 898 μὴ
728 828 940 899 άληθῶς
962 826 1100 884 εἶναι
1131 832 1258 884 Θεὸν
1285 833 1631 886 ἐπακολουθεῖ
1657 834 1717 887 τὸ
1747 835 1881 904 μηδὲ

314 915 442 968 ἄλλο
484 932 537 969 τι
573 917 680 969 τῶν
731 918 1045 991 θεοπρεπῶς
1095 924 1219 993 περί⁸
1269 922 1431 976 αὐτοῦ
1471 923 1775 994 λεγομένων
1823 925 1882 976 ἐν

312 1008 538 1079 ἀληθείᾳ
578 1009 849 1078 λέγεσθαι.
897 1013 959 1066 Εἰ
991 1014 1101 1084 γὰρ
1144 1014 1266 1067 οὔτε
1304 1015 1460 1081 Υἱὸς,
1502 1014 1623 1069 οὔτε
1654 1016 1786 1079 Θεὸς
1823 1016 1882 1080 ἐξ

311 1098 605 1168 ἀληθείας,
647 1101 761 1155 ἀλλ’
810 1104 875 1156 ὲκ
932 1106 1318 1175 καταχρήσεως
1350 1104 1552 1159 τούτων
1598 1106 1877 1177 ἑκάτερον,

312 1191 527 1254 πάντως
572 1192 654 1245 ὄτι
703 1195 794 1247 καὶ
836 1195 905 1247 τά
939 1197 1101 1250 λοιπὰ
1139 1196 1247 1252 τῶν
1286 1198 1582 1268 ὀνομάτων,
1613 1192 1695 1264 οἷς
1731 1199 1880 1267 παρὰ

309 1282 409 1353 τῆς
448 1282 598 1345 θείας
634 1284 854 1355 Γραφῆς
900 1286 1248 1357 ὀνομάζεται,
1276 1290 1373 1361 τῆς
1401 1289 1659 1360 ἀληθείας
1702 1289 1877 1359 κεχώ-

313 1390 512 1443 ρισται.
547 1374 622 1427 Οὐ
652 1376 758 1445 γάρ
788 1375 850 1447 δὴ
882 1376 940 1430 τὸ
985 1378 1079 1447 μὲν
1120 1379 1333 1449 ἀληθῶς
1372 1382 1457 1433 ἐπ’
1508 1380 1672 1434 αὐτοῦ
1709 1383 1878 1453 ῥηθή-

310 1473 483 1527 σεται,
517 1466 576 1517 τὸ
603 1465 659 1518 δὲ
699 1467 988 1538 άμοιρήσει
1020 1470 1119 1539 τῆς
1143 1469 1417 1540 ἀληθείας.
1470 1471 1628 1525 Ἀλλὰ
1661 1474 1878 1536 πάντως

306 1555 556 1628 ἀλλήλοις
604 1557 953 1628 ἀκολουθήσει
994 1561 1189 1614 πάντα·
1228 1562 1366 1615 ὥστε
1418 1563 1466 1615 εί
1514 1563 1612 1634 μὲν
1665 1564 1876 1634 άληθῶς

308 1648 393 1718 εἴη
446 1646 597 1711 Θεὸς,
654 1649 748 1701 καὶ
790 1651 1001 1721 κριτὴν,
1059 1652 1151 1704 καὶ
1199 1652 1457 1722 βασιλέα,
1500 1654 1593 1707 καὶ
1642 1654 1709 1708 τὰ
1756 1655 1875 1708 καθ’

306 1738 537 1791 ἕκαστον
583 1739 691 1792 τῶν
740 1739 1043 1811 λεγομένων
1068 1738 1205 1796 εἶναι
1235 1743 1310 1806 ὠς
1361 1744 1594 1813 λέγεται.
1641 1746 1703 1799 El
1743 1746 1800 1799 δὲ
1839 1748 1872 1819 ὴ

308 1829 496 1899 θεότης
532 1807 820 1896 ψεύδοιτο,
838 1807 971 1901 μηδὲ
1001 1832 1127 1885 ἄλλο
1163 1850 1215 1885 τι
1259 1834 1365 1888 τῶν
1396 1807 1523 1905 περὶ
1554 1836 1715 1890 αὐτοῦ
1748 1807 1881 1908 ἁλη1
1911 1807 1951 1862 Β

309 1919 475 1973 θεύει.
503 1920 837 1974 Πεισθέντων
857 1923 1029 1976 τοίνυν
1050 1924 1157 1977 τῶν
1180 1927 1543 1997 ἠπατημένων
1569 1930 1645 2000 τῷ
1672 1930 1879 1999 ψευδώο

308 2029 474 2081 νυμον
522 2013 611 2065 ἐπὶ
654 2012 746 2065 τοῦ
789 2015 1123 2083 Μονογενοῦς
1165 2012 1302 2070 εἶναι
1343 2018 1440 2089 τὴν
1493 2021 1590 2091 τῆς
1631 2021 1880 2094 θεότητος

306 2103 518 2172 κλῆσιν·
546 2103 606 2155 τὸ
632 2103 764 2174 μηδὲ
790 2104 1090 2174 λατρεύειν,
1125 2107 1257 2179 μηδὲ
1286 2110 1557 2173 σέϐεσθαι,
1590 2113 1723 2184 μηδὲ
1745 2113 1881 2177 ὅλως

305 2193 404 2264 τὴν
447 2193 565 2267 Θεῷ
592 2196 1040 2268 χρεωστουμένην
1083 2199 1374 2269 ἀπονέμειν
1416 2202 1603 2273 τιμὴν,
1645 2219 1881 2271 συγκατ-

306 2284 653 2339 εσκεύασται.
686 2286 804 2339 Ἵνα
844 2287 1020 2341 τοίνυν
1050 2290 1276 2360 ἐνεργὴς
1301 2291 1479 2356 αὐτοῖς
1522 2295 1554 2364 ἡ
1605 2294 1745 2347 κατὰ
1785 2296 1876 2349 τοῦ

306 2378 557 2448 Σωτῆρος
594 2380 931 2450 ἐπιχείρησις
976 2380 1239 2452 γένηται,
1280 2384 1483 2454 ταύτην
1523 2384 1742 2457 εὕροντο
1776 2388 1877 2457 τῆς

309 2465 655 2537 βλασφημίας
688 2467 786 2538 τὴν
819 2468 1064 2539 μέθοδον⁸
1092 2470 1518 2541 Συμϐουλεύουσι
1550 2476 1624 2547 μὴ
1649 2475 1757 2530 δεῖν
1779 2478 1877 2549 τὴν

307 2558 365 2608 ὲν
406 2559 518 2618 τοῖς
549 2555 728 2620 ἄλλοις
764 2558 985 2628 ὀνόμασι
1012 2561 1291 2615 κοινωνίαν
1327 2565 1661 2628 ἐπισκοπεῖν,
1708 2568 1773 2620 δι’
1802 2562 1876 2621 ὧν

305 2645 365 2696 τὸ
392 2646 655 2715 ὁμότιμον
676 2650 774 2717 τῆς
804 2648 959 2713 ἀξίας
980 2650 1071 2703 τοῦ
1100 2651 1228 2704 Υίοῦ
1257 2654 1391 2723 πρὸς
1418 2655 1507 2708 τὸν
1530 2658 1743 2729 Πατέρα
1765 2658 1877 2711 δια·

307 2738 645 2807 σημαίνεται,
665 2740 777 2793 ἀλλ’
805 2743 868 2794 ὲκ
896 2743 993 2812 τῆς
1013 2742 1103 2795 τοῦ
1129 2744 1418 2815 ἀγεννήτου
1445 2749 1578 2817 πρὸς
1606 2750 1665 2802 τὸ
1689 2767 1878 2819 γεννη-

304 2827 395 2881 τὸν
438 2828 757 2893 ἀντιθέσεως
805 2831 866 2883 τὸ
899 2832 1344 2904 παρηλλαγμένον
1377 2837 1475 2907 τῆς
1513 2838 1723 2907 φύσεως
1752 2842 1875 2894 συλ-

302 2918 628 2986 λογίζεσθαν
654 2920 809 2974 τοῦτο
834 2922 940 2993 γὰρ
965 2921 1100 2978 εἶναι
1124 2925 1221 2996 τὴν
1247 2926 1396 2979 θείαν
1420 2928 1745 3003 φύσιν,ὃπερ
1780 2950 1876 3004 ση-

308 3009 487 3078 μαίνει
530 3010 589 3063 τδ
636 3011 735 3081 τῆς
772 3015 1097 3084 ἁγεννησίας
1120 3017 1308 3087 ὄνομα.
1342 3016 1476 3074 Εἶτα
1503 3022 1720 3075 πάντων
1766 3024 1872 3076 τῶν

1408 342 1688 401 CONTRA
1728 341 2121 409 EUNORHUM,
2162 342 2293 396 LIB.
2334 339 2452 397 XII.

1222 456 1439 519 ἐπειδὰν
1492 466 1721 536 ὲγχέωσι
1779 465 1874 536 τὴν

1980 464 2172 534 dogma
2230 466 2588 529 mortiferum,
2616 463 2763 519 velut
2814 463 2973 520 melle
3028 463 3265 536 Quodam
3318 464 3549 535 illitum.

3441 318 3558 396 sa

1985 571 2105 610 cum
2137 558 2190 612 in
2213 559 2483 614 audientis
2513 560 2755 613 animum
2791 558 2858 613 ad
2892 558 3184 616 fallendum
3220 562 3547 634 infuderint,

1983 662 2177 718 nempe
2220 648 2562 720 Unigenitum
2608 648 2773 704 Deum
2810 666 2917 704 non
2967 666 3090 709 esse
3112 666 3299 709 verum
3332 656 3500 714 Deum
3531 677 3546 714 :

1983 756 2080 810 per
2103 742 2204 795 hoc
2226 742 2330 796 alia
2354 743 2535 797 omnia
2564 742 2710 797 taciti
2729 742 3047 797 conﬁciunt.
3082 744 3217 799 Nam
3239 761 3362 802 cum
3381 752 3550 806 semel

1984 832 2229 900 persuasi
2266 832 2485 893 fuerint,
2517 849 2625 886 non
2655 848 2785 887 vere
2818 832 2983 887 Deum
3033 840 3175 900 esse,
3209 836 3336 892 hinc
3358 853 3550 893 conse-

1982 922 2189 991 quitur,
2223 938 2401 990 neque
2426 923 2570 976 aliud
2627 922 2923 993 quidquam
2955 938 3142 978 eorum
3170 942 3292 995 qua:
3332 927 3399 983 de
3430 929 3550 999 ipso

1982 1010 2092 1067 Deo
2120 1013 2317 1069 decore
2332 1014 2613 1077 dicuntur,
2645 1015 2698 1069 in
2721 1019 2953 1070 veritate
2979 1015 3106 1073 dici.
3132 1015 3188 1072 Si
3208 1019 3352 1072 enim
3373 1032 3548 1091 neque

1978 1102 2171 1167 Filius,
2198 1122 2369 1177 neque
2401 1106 2545 1163 Deus
2569 1122 2634 1161 ex
2662 1108 2911 1170 veritate,
2944 1109 3037 1163 sed
3070 1124 3136 1163 ex
3155 1109 3326 1165 abusu
3354 1111 3548 1167 borum

1981 1206 2288 1266 utrumque,
2313 1198 2535 1251 omnino
2569 1196 2775 1267 reliqua
2810 1198 3049 1262 nomina,
3080 1201 3280 1269 quibus
3308 1200 3547 1255 adlvina

1981 1284 2267 1356 Scriptura
2294 1286 2627 1348 nominatur,
2662 1300 2692 1339 a
2724 1287 2950 1341 veritate
2971 1297 3219 1357 separata
3254 1296 3401 1343 sunt.
3426 1287 3546 1344 Non

1976 1395 2108 1435 sane
2135 1379 2262 1434 illud
2295 1378 2510 1449 quidem
2566 1380 2620 1433 in
2666 1394 2731 1434 eo
2760 1395 2885 1434 vere
2922 1380 3165 1443 dicetur,
3220 1383 3322 1437 hoc
3366 1391 3546 1438 autem

1976 1473 2204 1527 veritate
2233 1470 2459 1534 carebit,
2490 1471 2583 1525 sed
2610 1472 2767 1541 plane
2783 1473 2963 1525 omnia
2984 1487 3106 1527 sese
3119 1482 3546 1543 consequentur.

1977 1560 2160 1627 Quare
2191 1561 2333 1615 Deus
2366 1560 2412 1615 si
2444 1560 2535 1613 hic
2559 1574 2681 1613 vere
2719 1558 3316 1629 fuerit,etjudicem,et
3341 1577 3548 1630 regem,

1975 1660 2029 1704 et
2082 1666 2202 1721 qua:
2246 1649 2313 1705 de
2356 1652 2475 1720 ipso
2530 1649 2744 1720 singula
2777 1649 3054 1716 dicuntur,
3088 1649 3229 1703 sicut
3269 1649 3555 1715 dicuntur,

1978 1756 2100 1795 esse
2148 1741 2517 1795 necessarium
2560 1748 2663 1795 est.
2695 1739 2851 1805 Quod
2903 1740 2950 1795 si
2988 1741 3162 1795 deitas
3192 1740 3329 1795 falso
3372 1740 3442 1797 de
3483 1757 3549 1796 eo

1982 1831 2361 1893 aﬁirmaretur,
2398 1847 2573 1901 neque
2619 1833 2764 1886 aliud
2791 1833 3087 1901 quidquam
3114 1848 3301 1887 eorum
3334 1849 3454 1903 quae
3479 1834 3550 1888 de

1981 1924 2099 1993 ipso
2141 1924 2419 1987 dicuntur,
2472 1939 2597 1979 vere
2635 1926 3031 1978 enuntiarctur.
3067 1920 3352 1979 Persuasis
3385 1925 3549 1994 igitur

1980 2015 2090 2071 illis
2119 2018 2212 2085 qui
2253 2015 2463 2086 decepti
2514 2016 2755 2079 fuerunt,
2781 2025 2835 2069 et
2867 2017 2919 2069 in
2951 2015 3192 2070 fraudem
3224 2016 3451 2078 inducti,
3492 2016 3547 2069 in

1981 2106 2271 2176 Unigenito
2294 2106 2511 2161 deitatis
2538 2108 2947 2177 appellationem
2971 2107 3371 2161 falsinominem
3402 2122 3547 2170 esse,

1979 2200 2242 2253 continuo
2267 2214 2442 2266 neque
2474 2214 2596 2253 eum
2631 2198 2916 2253 colendum
2948 2212 3091 2262 esse,
3115 2206 3169 2251 et
3199 2198 3286 2267 pie
3318 2197 3561 2251 adorati.-

1980 2290 2129 2352 dum,
2157 2305 2333 2359 neque
2364 2290 2413 2345 ei
2451 2289 2692 2344 debitum
2744 2289 2853 2345 Deo
2889 2290 3149 2345 honorem
3198 2289 3557 2344 tribuendum»

1978 2394 2119 2442 esse,
2150 2380 2313 2434 simul
2348 2388 2726 2449 praestructum
2749 2389 2835 2434 est
2862 2398 2875 2434 :
2909 2388 2969 2432 ut
2999 2380 3163 2449 igitur
3190 2379 3378 2435 eﬁicax
3402 2393 3549 2435 esset

1954 2480 2167 2526 contra
2197 2473 2527 2527 Salvatorem
2556 2480 2782 2527 conatus
2811 2480 2863 2525 et
2898 2474 3192 2542 aggressio,
3236 2474 3374 2527 hanc
3405 2476 3556 2526 viam,

1976 2570 2030 2617 et
2066 2564 2331 2616 rationem
2361 2562 2735 2631 excogitarunt
2758 2606 2765 2613 .
2791 2559 2907 2615 Non
2938 2572 3192 2631 Oportere
3228 2564 3553 2628 consulunt,

1976 2671 2096 2723 quae
2126 2666 2207 2709 est
2248 2657 2297 2708 in
2337 2655 2648 2708 nominibus
2688 2655 3129 2708 communionem
3164 2655 3548 2719 considerare,

1976 2748 2174 2816 quibus
2200 2761 2294 2816 par
2325 2747 2500 2801 honor
2547 2746 2825 2816 dignitatis
2858 2744 2977 2818 Filii
3018 2761 3142 2799 cum
3182 2746 3341 2802 Patre
3372 2749 3545 2818 signi-

1979 2841 2200 2904 ﬁcatur;
2232 2840 2324 2893 sed
2347 2854 2411 2893 ex
2442 2838 2662 2908 ingeniti
2695 2853 2817 2891 cum
2853 2817 3036 2907 genito
3054 2839 3413 2909 oppositione,
3433 2817 3545 2893 na-

1974 2938 2109 2985 ειη-’.ε
2140 2930 2498 2985 diﬁ'erentiam
2519 2938 2572 2985 et
2600 2930 2896 2985 discrimen
2936 2930 3357 2986 ratiocinatione
3390 2930 3546 2984 colli-

1975 3034 2137 3088 gere:
2164 3019 2264 3071 hoc
2285 3020 2425 3072 enim
2460 3034 2580 3073 esse
2601 3020 2839 3073 divinam
2870 3008 3120 3073 naturam
3163 3022 3310 3089 quod
3342 3036 3543 3076 nomen

302 3100 606 3172 ἀνθρώπων
634 3102 741 3155 τῶν
779 3120 843 3171 γε
884 3104 1005 3157 νοῦν
1035 3108 1263 3177 ἑχόντων
1294 3111 1573 3181 ἀμήχανον
1609 3111 1745 3167 εἶναι
1784 3116 1872 3169 λο-

1978 3110 2295 3179 ἀγεννησίας
2349 3108 2642 3177 signiﬁcat.
2678 3106 2878 3163 Deinde
2910 3124 3034 3162 cum
3075 3124 3265 3165 omnes
3299 3110 3544 3166 homines

302 3194 604 3264 γιζομένων
637 3195 863 3266 δυνάμει
885 3199 992 3251 τινὶ
1018 3201 1273 3271 ῥημάτων
1293 3203 1390 3273 τὴν
1413 3205 1686 3275 ἄφραστον
1712 3208 1869 3276 φύσιν

303 3282 714 3355 ὲξαγγελθῆναι,
757 3286 880 3340 οὔτε
906 3292 1005 3360 τῆς
1029 3291 1283 3358 γνώσεως
1306 3296 1338 3365 ή
1349 3295 1465 3365 μῶν
1498 3296 1750 3351 τοσοῦτον
1782 3301 1865 3352 ὲκ-

302 3376 639 3446 τεινομένης,
675 3377 750 3441 ὡς
787 3380 867 3442 είς
897 3379 965 3433 τὰ
1005 3381 1398 3453 ὑπερεπέκεινα
1430 3386 1538 3439 τῶν
1571 3404 1871 3456 γιγνωσκο-

307 3467 484 3538 μένων
528 3467 768 3536 φθάνειν,
809 3469 931 3524 οὔτε
959 3473 1057 3541 τῆς
1092 3473 1199 3526 τῶν
1223 3474 1395 3543 λόγων
1425 3477 1724 3548 ὑπηρεσίας
1756 3497 1871 3533 τοσ-

302 3560 473 3631 αύτην
512 3562 739 3632 δύναμιν
790 3566 847 3617 ὲν
891 3566 1020 3636 ἡμῖν
1063 3567 1507 3639 κεκληρωμένης,
1559 3572 1633 3634 ὠς
1680 3573 1869 3643 ἱκανὴν

300 3649 442 3706 εἶναι
462 3654 522 3707 τὸ
550 3655 736 3723 νοηθὲν
773 3656 1098 3725 ἐξαγγεῖλαι,
1138 3660 1294 3730 εἴπερ
1330 3679 1382 3714 τι
1419 3663 1554 3725 ὅλως
1580 3662 1779 3734 ὑψηλόν
1808 3682 1868 3717 τε

300 3747 400 3801 καὶ
430 3746 572 3800 θεῖον
609 3749 701 3801 ἐπὶ
740 3748 863 3801 νοῦν
898 3749 1058 3803 ἔλθοι.
1097 3751 1263 3804 Πάλιν
1291 3754 1341 3804 οί
1372 3756 1522 3823 σοφοὶ
1546 3750 1690 3809 οὗτοι
1733 3757 1867 3809 πολ-

301 3839 401 3909 λὴν
426 3839 749 3911 ἀϐελτηρίαν
773 3841 863 3893 καὶ
894 3842 989 3912 τῆς
1018 3841 1239 3912 λογικῆς
1274 3846 1585 3916 ἐπιστήμης
1615 3848 1869 3919 ἀπειρίαν

302 3931 410 3984 τῶν
438 3930 644 3983 πολλῶν
667 3931 1187 4003 καταψηφιζόμενοι,
1212 3935 1365 3987 αὐτοί
1395 3952 1453 3987 τε
1476 3936 1669 3991 εἰδέναι
1692 3938 1871 3992 5:06a-

304 4016 580 4071 δαιοῦνται
615 4018 838 4090 ταύτην,
871 4022 964 4073 καὶ
997 4016 1076 4085 οἷς
1108 4022 1173 4074 ἂν
1208 4023 1428 4077 ἐθέλωσι
1471 4026 1729 4082 δύνασθαι
1770 4030 1870 4100 τὴν

302 4111 432 4181 περὶ
461 4109 663 4163 τούτων
690 4112 984 4182 ἐμποιῆσαι
1008 4113 1231 4182 γνῶσιν,
1254 4117 1345 4169 καὶ
1365 4117 1451 4171 διὰ
1474 4118 1630 4173 τοῦτο
1653 4121 1869 4189 λέγουσι

307 4201 472 4272 μηδὲν
491 4200 674 4271 ἕτερον
694 4197 948 4275 εἶναιτὴν
979 4203 1124 4259 θείαν
1142 4204 1322 4273 φύσιν,
1358 4208 1496 4279 πλὴν
1517 4208 1615 4281 τὴν
1638 4212 1868 4282 ἀγεννη-

306 4292 428 4346 σίαν
447 4294 633 4364 αὑτήν·
657 4294 746 4346 καὶ
770 4292 971 4366 ταύτην
1000 4296 1338 4369 κυριωτάτην
1353 4299 1446 4351 καὶ
1474 4300 1755 4373 ἀνωτάτην
1778 4303 1870 4356 καὶ

302 4384 560 4439 ἀνωτάτω
584 4388 1091 4458 προσαγορεύοντες,
1113 4389 1254 4442 ἆπαν
1268 4389 1328 4443 τὸ
1353 4390 1635 4460 μεγαλεῖον
1649 4394 1745 4463 τῆς
1756 4392 1871 4447 θεός-

1977 3208 2154 3255 mente
2196 3200 2401 3270 praediti
2458 3200 2570 3255 ﬁeri
2626 3216 2734 3254 non
2776 3215 2936 3270 posse
2960 3202 3293 3267 existiment,
3320 3210 3379 3257 ut
3431 3204 3542 3258 ulla

1970 3293 2258 3347 verborum
2316 3301 2585 3363 potestate
2645 3292 2932 3349 ineﬁ‘abilis
2961 3306 3155 3349 natura
3205 3297 3539 3360 enuntietur,

1970 3399 2093 3437 cum
2120 3384 2277 3439 etiam
2297 3399 2470 3453 neque
2494 3393 2679 3440 nostra
2709 3386 2950 3456 cognitio
2970 3394 3179 3441 tantum
3194 3388 3541 3451 extendatur,

1971 3484 2028 3529 ut
2058 3476 2124 3529 ad
2169 3478 2256 3528 illa
2291 3491 2409 3544 qua:
2438 3485 2699 3545 superant
2733 3479 2913 3530 omnia
2965 3494 3087 3547 qua:
3116 3490 3540 3547 COgnoscuntur,

1966 3570 2251 3636 pervenire
2280 3569 2471 3637 possit,
2495 3585 2668 3638 neque
2691 3585 3007 3625 sermonum
3031 3573 3392 3627 ministerium
3419 3582 3539 3627 tan-

1970 3668 2079 3712 tam
2112 3660 2167 3712 in
2192 3660 2351 3713 nobis
2388 3670 2706 3729 potestatem
2744 3664 2996 3715 sortitum
3034 3674 3137 3724 est,
3163 3673 3221 3716 ut
3260 3665 3394 3719 satis
3420 3679 3543 3719 esse

1968 3760 2128 3819 queat
2150 3750 2217 3803 ad
2248 3751 2298 3804 id
2316 3752 2459 3820 quod
2477 3762 2655 3808 mente
2670 3755 2975 3825 concipitur
2994 3755 3349 3819 ellerendum,
3372 3757 3545 3825 siqui-

1968 3842 2089 3895 dem
2141 3844 2359 3909 penitus
2418 3844 2675 3912 quiddam
2742 3846 3016 3899 excelsum
3072 3853 3125 3898 ct
3187 3847 3427 3901 divinum
3484 3848 3540 3901 in

1969 3938 2204 3985 mentem
2233 3934 2456 3986 venerit.
2484 3932 2694 3987 Rursus
2719 3933 2808 3987 isti
2854 3934 3124 4001 sapientes
3158 3950 3364 4003 magna:
3392 3938 3539 3991 iner-

1969 4022 2058 4075 tim
2085 4030 2139 4076 et
2161 4023 2560 4091 disceptatricis
2581 4026 2825 4079 scientia
2849 4026 3131 4094 imperitia:
3157 4028 3356 4082 multos
3378 4042 3543 4083 accu-

1970 4119 2177 4176 santes,
2228 4111 2331 4181 ipsi
2364 4127 2423 4166 se
2453 4113 2593 4166 hanc
2648 4114 2790 4167 scire
2834 4115 3185 4175 conﬁrmant,
3250 4123 3305 4169 et
3336 4116 3539 4186 quibus

1969 4202 2137 4256 velint
2178 4203 2492 4272 proﬁtentur
2518 4220 2576 4257 se
2594 4219 2751 4272 posse
2774 4205 2840 4259 de
2880 4205 2965 4260 his
2999 4206 3363 4276 cognitionem
3392 4209 3540 4263 inse-

1968 4310 2108 4349 rere.
2138 4295 2314 4365 Atque
2350 4297 2555 4350 idcirco
2574 4297 2763 4350 dicunt
2792 4298 2926 4351 nihil
2957 4298 3105 4351 aliud
3137 4315 3260 4354 esse
3293 4300 3538 4355 divinam

1969 4396 2219 4440 naturam
2259 4404 2419 4457 quam
2453 4389 2624 4458 ipsam
2660 4389 3008 4459 ἁγεννησίαν,
3051 4400 3105 4445 et
3146 4393 3284 4446 hanc
3337 4392 3544 4462 princi-

300 4495 465 4549 τητος
498 4481 562 4547 τῇ
584 4481 732 4549 φωνῇ
760 4478 930 4550 ταύτῃ
961 4480 1452 4548 ἔγκατακλείουσιν·
1484 4484 1559 4546 ὡς
1591 4485 1654 4538 ὲκ
1678 4485 1867 4539 τούτου

1974 4479 2302 4547 palissimam
2319 4488 2373 4533 et
2405 4494 2733 4549 supremam,
2761 4482 2880 4535 etin
2903 4498 3120 4537 summo
3141 4484 3311 4552 gradu
3345 4484 3542 4555 pandi-

304 4570 826 4635 κατασκευάζεσθαι’
861 4574 906 4624 εἰ
930 4574 962 4642 ὴ
988 4573 1275 4641 άγεννησία
1312 4574 1371 4627 τὸ
1397 4574 1729 4645 κυριώτατον
1771 4579 1867 4650 τῆς

303 4661 488 4726 οὐσίας
523 4664 657 4725 ἐστὶ,
695 4664 788 4716 καὶ
816 4663 883 4715 τὰ
909 4664 1068 4718 λοιπὰ
1109 4666 1215 4718 τῶν
1258 4665 1572 4737 θεοπρεπῶν
1593 4672 1870 4739 ὀνομάτων

300 4752 473 4825 ταύτῃ
500 4756 846 4825 συνήρτηται,
876 4756 909 4824 ἡ
938 4755 1145 4825 θεότης,
1172 4759 1204 4827 ἡ
1238 4756 1480 4827 δύναμις,
1517 4760 1866 4833 ήάφθαρσία,

300 4845 399 4897 καὶ
436 4845 503 4898 τά
538 4845 671 4899 ἄλλα
710 4848 899 4899 πάντα.
939 4845 1003 4899 El
1031 4843 1122 4900 οὖν
1149 4848 1318 4902 ταῦτα
1349 4849 1440 4901 καὶ
1474 4851 1542 4903 τὰ
1580 4852 1801 4906 τοιαῦτα
1834 4856 1866 4923 ἠ

303 4940 598 5010 ἁγεννησία
635 4941 778 5009 ἐστὶ,
816 4940 1030 5003 πάντως
1071 4944 1117 4994 εἰ
1153 4942 1309 4995 τοῦτο
1348 4942 1422 5013 μὴ
1463 4943 1709 5011 λέγεται,
1749 4946 1871 5000 οὐδὲ

302 5032 488 5085 ἐκεῖνα
514 5034 678 5086 ἐστίν.
710 5034 799 5095 Ὦς
834 5033 941 5105 γὰρ
965 5035 1023 5086 τὸ
1052 5034 1285 5100 λογικὸν,
1312 5036 1403 5088 καὶ
1435 5036 1496 5088 τὸ
1529 5036 1867 5105 γελαστικὸν,

301 5125 475 5177 καὶτὸ
499 5125 805 5195 ἐπιστήμης
829 5125 1093 5189 δεκτικὸν,
1114 5126 1243 5179 ἴδιον
1267 5126 1360 5179 τοῦ
1392 5127 1675 5198 ἀνθρώπου
1700 5130 1865 5183 ἐστίν·

302 5218 351 5269 εί
396 5215 453 5269 δέ
493 5234 545 5269 τι
580 5218 651 5287 μή
692 5220 837 5270 ἐστιν
881 5216 1192 5288 ἄνθρωπος,
1237 5218 1353 5270 οὐδὲ
1389 5220 1445 5271 ἐν
1475 5223 1585 5283 τοῖς
1622 5220 1870 5291 ἰδιώματι

301 5311 520 5368 πάντως
556 5310 709 5364 ἔσται
741 5312 841 5381 τῆς
881 5312 1128 5381 φύσεως,
1164 5311 1333 5375 οὕτως
1374 5312 1530 5384 είπερ
1578 5316 1870 5387 ἀγεννησία

300 5402 447 5456 ἔστὶν
474 5400 507 5470 ἡ
538 5402 765 5473 ἀληθινὴ
795 5403 983 5474 θεότης
1001 5444 1015 5466 ,
1050 5396 1093 5471 ᾧ
1130 5404 1189 5456 τὸ
1211 5405 1382 5475 ὄνομα
1410 5404 1564 5457 τοῦτο
1589 5406 1662 5476 μὴ
1703 5407 1870 5477 πρόσ-

300 5492 469 5553 ὲστιν,
497 5491 615 5543 οὐδὲ
640 5491 763 5544 ἄλλο
785 5510 835 5544 τι
866 5492 973 5545 τῶν
996 5491 1091 5563 τὴν
1117 5491 1343 5562 θεότητα
1364 5491 1870 5564 χαρακτηριζόντων

297 5581 473 5653 τούτῳ
515 5581 729 5646 πάντως
772 5583 1212 5655 ὲφευρεθήσεται.
1261 5583 1371 5653 Τῆς
1420 5579 1513 5638 οὖν
1548 5585 1870 5655 ἀγεννησίας

299 5672 430 5744 περὶ
457 5673 545 5725 τὸν
576 5672 700 5726 Υἱὺν
726 5674 799 5744 μὴ
824 5673 1141 5744 λεγομένης,
1162 5674 1223 5728 τὸ
1247 5674 1381 5746 μηδὲ
1402 5675 1470 5729 τὰ
1504 5675 1667 5729 λοιπὰ
1692 5677 1869 5731 πάντα

302 5768 406 5819 τῶν
434 5765 653 5839 ὑψηλῶν
676 5782 734 5819 τε
766 5767 857 5821 καὶ
896 5764 1213 5837 θεοπρεπῶν
1248 5767 1546 5839 ὀνομάτων,
1579 5768 1665 5822 ἐπ’
1702 5769 1864 5823 αύτοῦ

1971 4578 2179 4633 cantes,
2219 4569 2481 4639 quidquid
2543 4572 2885 4641 magniﬁcum
2939 4582 3025 4627 est
3073 4581 3128 4628 et
3172 4574 3429 4630 eximium
3474 4576 3543 4631 de

1969 4660 2168 4714 deitatc
2193 4660 2293 4714 hac
2340 4676 2471 4715 voce
2504 4662 2825 4718 includunt:
2853 4665 2925 4717 ita
2961 4671 3021 4717 ut
3052 4680 3116 4720 ex
3154 4666 3257 4720 hoc
3286 4666 3543 4721 conﬁcia-

1971 4760 2095 4806 tur:
2127 4754 2171 4807 si
2199 4754 2493 4825 ἁγεννησία
2520 4765 2621 4815 est,
2648 4756 2699 4809 id
2732 4756 2878 4826 quod
2912 4757 3430 4828 principalissimum
3456 4765 3541 4812 est

1969 4845 2237 4906 essentia,
2265 4854 2318 4898 et
2342 4846 2547 4915 reliqua
2574 4848 2757 4901 omnia
2779 4863 2899 4919 quae
2927 4848 3038 4903 Deo
3061 4851 3414 4908 conveniunt,
3440 4849 3541 4903 hac

1971 4938 2357 5006 comprehensa
2393 4947 2523 4993 sunt
2572 4948 2627 4994 et
2668 4955 2903 5003 annexa,
2931 4941 3129 5004 deitas,
3159 4948 3423 5011 potestas,
3454 4939 3542 4993 in-

1972 5030 2424 5099 corruptibilitas,
2456 5040 2509 5087 et
2539 5033 2643 5086 alia
2670 5032 2874 5088 omnia.
2910 5030 2967 5085 Si
2999 5032 3165 5101 igitur
3208 5031 3320 5085 hac
3344 5039 3400 5086 et
3434 5030 3539 5084 bu-

1967 5121 2206 5191 jusmodi
2233 5129 2315 5177 est
2343 5123 2657 5193 ἁγεννησία,
2683 5123 2907 5177 omnino
2956 5122 3004 5177 si
3032 5122 3134 5176 hoc
3163 5136 3274 5175 non
3316 5119 3538 5184 dicitur,

1972 5229 2147 5284 neque
2193 5224 2321 5269 sunt
2346 5215 2436 5268 illa
2468 5234 2481 5269 :
2514 5225 2572 5268 ut
2597 5216 2740 5269 enim
2790 5214 3054 5268 rationale
3104 5223 3158 5269 et
3208 5212 3438 5277 risibile,
3484 5222 3541 5269 et

1970 5306 2211 5362 scientia:
2231 5322 2399 5378 capax
2437 5309 2714 5377 proprium
2755 5315 2841 5361 est
2866 5306 3101 5360 hominis
3136 5323 3151 5360 :
3184 5306 3329 5377 quod
3352 5306 3398 5361 si
3426 5321 3543 5359 am-

1969 5400 2111 5467 plius
2134 5413 2307 5469 neque
2344 5407 2429 5454 est
2458 5400 2641 5460 homo,
2696 5414 2871 5467 neque
2900 5398 2953 5452 in
2990 5398 3415 5468 proprietatibus
3439 5412 3542 5452 na-

1971 5499 2106 5546 tura:
2122 5494 2253 5547 erit:
2274 5491 2415 5545 haud
2452 5506 2612 5546 secus
2643 5491 2688 5545 si
2733 5492 3027 5560 ἀγεννησία
3057 5500 3141 5546 est
3175 5506 3299 5546 vera
3339 5490 3537 5552 deitas.

1969 5584 2057 5639 cui
2084 5584 2185 5639 hoc
2202 5599 2395 5638 nomen
2422 5598 2529 5638 non
2559 5584 2839 5654 competit,
2864 5600 3038 5655 neque
3071 5583 3215 5639 aliud
3244 5582 3541 5655 quidquam

1969 5692 2154 5732 eorum
2181 5693 2300 5747 quae
2328 5676 2577 5732 deitatem
2607 5679 2939 5747 exprimunt,
2985 5678 3040 5731 in
3073 5676 3177 5732 hoc
3204 5675 3431 5731 omnino
3456 5672 3541 5727 in-

1972 5770 2233 5828 venietur.
2260 5770 2316 5827 Si
2370 5784 2499 5843 ergo
2540 5770 2833 5841 ἁγεννησία
2867 5770 2933 5827 de
2980 5769 3116 5829 Filio
3174 5785 3283 5826 non
3320 5768 3541 5834 dicitur.
