4034 6484
518 298 622 356 951

1758 300 1819 362 s.
1852 270 2181 363 cnseonn
2214 304 2510 366 NYSSENI

3668 322 3765 379 932

521 435 698 484 neque
730 421 948 493 reliqua
1000 421 1220 478 excelsa
1243 430 1296 478 et
1324 419 1435 479 Deo
1468 421 1667 479 decora
1699 425 1924 480 nomina
1938 427 2003 481 in
2029 442 2085 483 eo

2197 434 2401 507 κυρίως
2424 434 2677 505 λέγεσθαι
2718 437 3149 510 κατεσκευάσθηο
3187 433 3347 495 τοῦτο
3377 432 3474 495 οὖν
3512 434 3653 496 εἶναι
3672 444 3761 513 τὴν

522 514 741 584 proprie
774 515 884 570 dici
927 522 1311 586 pmstructum
1348 523 1453 580 est;
1484 516 1589 572 hoc
1620 517 1786 589 igitur
1806 534 1930 575 esse
1954 520 2096 576 divi-

520 620 716 661 norum
767 608 1154 680 mysteriorer
1204 612 1747 681 comprehensionem
1807 612 2092 681 deﬁniunt,

2199 524 2500 596 κατάληψιν
2533 524 2640 577 τῶν
2679 524 2837 578 θείων
2864 526 3177 598 μυστηρίων
3206 526 3505 597 ὁρίζονται,
3542 528 3604 581 τδ
3642 528 3763 582 ἀθε-

2198 615 2403 670 τεῖσθαι
2426 615 2518 668 τοῦ
2547 614 2679 669 Υίοῦ
2706 616 2802 688 τὴν
2830 616 3060 688 θεύτητα
3080 657 3097 682 ,
3128 621 3351 689 μονονοὺ
3389 620 3639 691 φανερῶς
3668 622 3763 691 έμ-

520 712 717 770 nempe
742 698 867 755 Filii
906 702 1163 759 deitatem
1189 704 1395 775 sperni,
1424 705 1603 776 palam
1644 702 1759 759 fere
1806 712 1862 761 et
1882 705 1938 760 in
1965 722 2085 776 pro-

2198 704 2430 769 ϐοῶντες
2457 706 2620 759 παντὶ
2649 705 2725 777 τῷ
2750 706 2847 778 τήν
2872 706 3041 777 ἀκοὴν
3064 708 3338 779 ὑπέχοντι,
3370 710 3453 761 ὅτι
3479 698 3573 759 Σοί
3590 709 3760 775 ἔξεστι

521 791 709 859 patulo
745 793 1119 851 exclamantes
1151 796 1299 850 omni
1338 796 1585 850 auditum
1629 795 1915 866 praebenti,
1949 796 2095 867 quod

512 876 667 943 Licet
682 883 780 942 tibi
799 886 1100 941 secundum
1132 887 1497 957 cognitionem
1546 888 1789 958 perfecto
1813 903 1957 955 esse,
1984 904 2094 944 non

519 975 763 1028 credenti
818 976 1109 1048 Unigenito
1148 978 1277 1043 Deo,
1306 980 1451 1050 quod
1486 980 1603 1049 ipse
1649 995 1775 1035 vere
1811 987 1895 1035 est
1927 981 2091 1047 Deus,

518 1078 698 1135 neque
724 1064 919 1122 Filium
944 1068 1147 1124 honore
1167 1069 1416 1125 allicienti
1446 1078 1500 1125 et
1528 1072 1748 1134 colenti,
1771 1071 1915 1126 sicut
1935 1070 2094 1127 Pater

518 1155 821 1213 honoratur
883 1167 939 1214 et
983 1161 1211 1227 colitur,
1260 1177 1370 1217 non
1399 1161 1595 1218 Filium
1642 1163 1737 1219 sed
1783 1173 2091 1219 creaturam

516 1256 715 1303 natura
741 1251 1070 1307 existimanti
1094 1271 1109 1318 ;
1138 1269 1247 1307 non
1277 1252 1585 1319 Dominum,
1612 1270 1722 1310 non
1755 1254 1970 1317 herum,
1996 1255 2092 1310 sed

516 1356 737 1395 servum
763 1352 817 1396 et
846 1343 1169 1411 subjectum.
1197 1343 1279 1399 Ad
1306 1343 1409 1398 hoc
1435 1345 1582 1400 enim
1610 1354 1826 1415 spectat
1874 1346 2090 1402 consilii

515 1446 709 1486 eorum
728 1431 871 1497 linis,
895 1434 1113 1489 tametsi
1143 1434 1324 1491 verbis
1348 1434 1473 1491 aliis
1491 1435 1830 1507 blasphemia
1849 1437 2093 1508 contegi-

514 1529 628 1580 tur.

584 1614 877 1686 Propterea
912 1617 1062 1672 varie
1110 1617 1377 1689 inpriore
1429 1618 1725 1689 scriptione
1781 1620 2091 1690 tripudians

514 1713 855 1782 argutiarum
906 1710 1160 1766 versutiis
1189 1718 1242 1766 et
1272 1711 1426 1765 varia
1490 1712 1791 1782 ingenitum
1824 1722 1944 1769 arte
1981 1721 2092 1766 tra-

514 1811 695 1871 ctans,
718 1804 1068 1872 deceptorum
1092 1804 1317 1873 surripit
1340 1804 1775 1873 intelligentiam,
1802 1805 1860 1859 in
1890 1805 2089 1875 quibus

513 1893 647 1947 dicit
673 1911 687 1947 :
721 1892 896 1959 Quare
927 1893 974 1945 si
1003 1909 1162 1962 neque
1198 1908 1263 1946 ex
1306 1894 1758 1959 commentatione,
1783 1910 1944 1963 neque
1975 1897 2089 1964 pri-

514 1983 741 2049 vatione,
774 1998 935 2052 neque
972 1982 1025 2035 in
1045 1993 1225 2051 parte;
1253 1993 1330 2036 est
1363 1984 1502 2036 enim
1540 1984 1709 2052 partis
1731 1999 1947 2048 exsors;
1982 1986 2088 2039 sive

512 2077 834 2140 individuus,
868 2094 1028 2146 neque
1058 2079 1111 2130 in
1142 2078 1252 2147 ipso
1278 2088 1355 2131 est
1405 2077 1649 2141 alterum,
1680 2094 1817 2131 unus
1867 2080 2007 2133 enim
2037 2088 2089 2135 et

510 2168 657 2222 solus
678 2169 933 2238 ingenitus
956 2183 974 2222 :
1004 2169 1111 2236 ipse
1132 2170 1292 2238 igitur
1314 2169 1542 2239 ingenita
1562 2171 1658 2223 erit
1677 2171 1924 2225 essentia.
1950 2171 2087 2227 Cum

512 2261 678 2331 igitur
707 2260 899 2313 doctor
951 2268 1137 2315 noster
1194 2260 1562 2330 perspexisset
1627 2260 1888 2315 damnum
1941 2262 2088 2332 quod

509 2369 578 2409 ex
607 2354 933 2409 necessitate
971 2355 1325 2423 consequitur
1361 2361 1414 2408 et
1447 2353 1681 2424 maligne
1719 2356 1996 2412 succussis
2024 2372 2089 2413 ac

511 2445 756 2516 deceptis
784 2445 1039 2512 infertur,
1071 2445 1219 2514 quod
1251 2445 1425 2515 ipsius
1451 2454 1534 2500 est
1567 2448 1620 2499 in
1640 2445 1933 2502 Dominum
1957 2463 2089 2503 con-

510 2537 766 2593 fessionis
801 2535 1186 2606 transgressio,
1231 2550 1424 2605 nempe
1478 2535 1728 2591 assensio
1762 2536 1926 2606 hujus
1961 2553 2090 2608 pro-

510 2628 799 2700 positionis
860 2628 1040 2698 ipsum
1090 2641 1199 2682 non
1230 2641 1353 2683 esse
1403 2642 1531 2682 vere
1589 2627 1782 2693 Deum,
1839 2630 1907 2684 ad
1937 2630 2084 2700 quod

508 2719 804 2775 verborum
859 2718 1055 2772 horum
1119 2718 1434 2773 consecutio
1470 2727 1796 2790 contorquet
1853 2719 2086 2792 dogma;

508 2820 795 2881 propterea
832 2808 938 2862 hoc
994 2800 1213 2878 quidem
1249 2815 1307 2861 ut
1343 2817 1550 2877 partem
1601 2825 1711 2865 non
1743 2812 1797 2865 in
1841 2810 1950 2866 Deo
1978 2811 2088 2867 dici

506 2903 606 2974 τὴν
663 2899 987 2972 ἀγεννησίαν
1059 2914 1169 2953 non
1226 2900 1587 2965 contradicit,
1647 2901 1987 2974 simplexque
2035 2911 2090 2958 et

507 2994 833 3067 quantitatis
893 2990 1396 3061 magnitudinisque
1428 3007 1629 3062 expers
1658 3004 1713 3048 et
1746 2994 2087 3063 incomposi-

2195 797 2383 868 τελείῳ
2410 796 2549 851 κατὰ
2569 798 2667 867 τὴν
2697 796 2893 867 γνῶσιν
2922 795 3060 852 εἶναι
3077 838 3093 864 ,
3127 800 3202 870 μὴ
3232 790 3538 853 πιστεύοντι
3566 798 3645 869 τῷ
3666 798 3761 851 Μο-

2195 893 2401 960 νογενεῖ
2426 889 2563 961 Θεῷ,
2592 892 2677 943 ὅτι
2707 891 2823 945 ἐστὶ
2847 892 2978 955 Θεὸς
3006 891 3217 963 ἀληθῶς
3238 907 3253 921 °
3290 888 3367 964 μῆ
3399 893 3624 962 τιμῶντι
3673 892 3761 945 τὸν

2195 983 2343 1051 Υίδν,
2366 983 2544 1047 καθὼς
2563 986 2785 1056 τιμᾶται
2810 985 2837 1037 ὁ
2860 986 3068 1057 Πατὴρ,
3104 986 3179 1057 μὴ
3210 985 3357 1048 Υἱὸν,
3391 984 3524 1037 ἀλλά
3561 984 3760 1053 κτίσμα

2195 1076 2336 1130 κατὰ
2367 1077 2463 1146 τὴν
2500 1076 2660 1147 φύσιν
2684 1074 2823 1131 εἶναι
2858 1078 3149 1146 νομίζοντι·
3208 1078 3283 1149 μὴ
3312 1078 3535 1151 Κύριον,
3572 1077 3645 1147 μὴ
3673 1076 3757 1129 δε-

2196 1167 2423 1239 σπότην,
2455 1169 2589 1223 ἀλλά
2613 1167 2796 1223 δοῦλον
2820 1170 2912 1222 καὶ
2939 1170 3269 1240 ὑποχείριον.
3305 1169 3447 1239 Πρὸς
3470 1168 3626 1221 τοῦτο
3654 1166 3758 1239 γὰρ

2196 1256 2379 1327 βλέπει
2409 1258 2469 1311 τὸ
2491 1258 2661 1328 πέρας
2682 1260 2781 1329 τῆς
2811 1257 3136 1330 συμϐουλῆς,
3164 1258 3267 1313 κᾶν
3301 1258 3504 1330 ἑτέροις
3526 1259 3758 1330 ῥήμασιν

2194 1352 2227 1421 ή
2263 1350 2574 1422 βλασφημία
2599 1351 3093 1423 περικαλύπτηται.

2261 1616 2362 1672 Διά
2383 1615 2552 1671 ταῦτα
2583 1612 2842 1680 ποικίλως
2875 1614 3017 1670 κατά
3059 1616 3157 1688 τὴν
3195 1610 3462 1690 προτέραν
3498 1612 3757 1690 λογογρα-

2193 1711 2321 1778 φίαν
2370 1709 2778 1782 ὲμπυρριχίζων
2804 1711 2870 1780 τῇ
2899 1707 3008 1763 τῶν
3036 1712 3380 1781 σοφισμάτων
3409 1714 3632 1782 στροφῇ,
3666 1713 3756 1764 καὶ

2122 1776 2166 1832 Β
2189 1776 2461 1874 διαφόρως
2506 1776 2938 1873 τεχνολογῶνητὸ
2979 1776 3290 1871 ἀγέννητον,
3330 1776 3619 1857 ἐκκλέπτει
3661 1805 3763 1879 τὴν⁴

2188 1894 2425 1949 διάνοιαν
2446 1894 2554 1948 τῶν
2584 1893 2956 1966 ἐξαπατήτων,
2998 1895 3056 1947 ὲν
3098 1892 3179 1958 οἷς
3217 1912 3402 1968 φησιν’
3440 1897 3674 1951 Οὐκοῦν
3706 1901 3756 1951 εί

2183 1985 2338 2055 μήτε
2362 1987 2487 2038 κατ’
2516 1984 2806 2049 ἐπίνοιαν,
2822 1982 2975 2054 μήτε
2998 1985 3148 2038 κατὰ
3176 1985 3483 2054 στέρησιν,
3511 1989 3660 2056 μήτε
3689 1990 3756 2042 ἐν

2190 2075 2382 2147 μέρεν
2411 2076 2635 2147 ἀμερὴς
2650 2076 2781 2146 γάρ’
2808 2076 2960 2145 μήτε
2982 2076 3051 2130 ἐν
3071 2076 3229 2142 αὐτῷ
3248 2078 3417 2131 ἐστιν
3436 2078 3655 2147 ἕτερον,
3672 2074 3756 2146 εἷς

2186 2172 2298 2241 γὰρ
2341 2168 2440 2223 καί
2486 2170 2668 2238 μόνος
2719 2166 3061 2238 ὰτέννητος·
3103 2168 3283 2234 αὐτὸς
3330 2167 3409 2223 ἂν
3433 2170 3524 2238 εἴη
3579 2173 3757 2225 οὐσία

2187 2264 2535 2336 ἀτέννητος.
2580 2261 2815 2316 Συνιδὼν
2856 2262 3036 2315 τοίνυν
3068 2262 3097 2315 ὁ
3125 2261 3438 2326 διδάσκαλος
3465 2263 3619 2334 ήμῶν
3661 2266 3757 2335 τὴν

2188 2359 2253 2412 ἐκ
2303 2356 2403 2427 τῆς
2454 2356 2697 2426 ἀνάγκης
2742 2354 3097 2425 ὲγγινομένην
3143 2356 3253 2418 τοῖς
3299 2356 3755 2427 παρακρουσθεῦι

2189 2449 2417 2521 ζημίαν,
2450 2448 2533 2502 ὅτι
2567 2447 2739 2515 αὐτῆς
2767 2448 2881 2499 ἔστι
2908 2447 3005 2516 τῆς
3032 2446 3111 2508 είς
3133 2445 3225 2498 τὸν
3255 2444 3458 2517 Κύριον
3476 2446 3756 2517 ὁμολογίας

2188 2542 2500 2613 παράϐασις
2529 2540 2562 2610 ή
2596 2540 2726 2610 περὶ
2760 2537 2855 2591 τοῦ
2890 2537 2965 2609 μὴ
3008 2532 3145 2591 εἶναι
3186 2537 3347 2591 αὐτὸν
3384 2537 3596 2613 ἀληθῶς
3626 2538 3757 2592 Θεὸν

2190 2629 2606 2699 συγκατάθεσιςυ
2630 2630 2711 2691 είς
2733 2628 2870 2700 ὅπερ
2958 2627 3067 2680 τῶν
3096 2628 3355 2703 ῥημάτων
3386 2628 3592 2682 τούτων
3624 2630 3755 2681 ἀκο-

2188 2722 2372 2776 λουθία
2401 2720 2771 2792 καταστρέφει
2803 2720 2864 2773 τὸ
2889 2718 3086 2790 δόγμα.
3116 2719 3215 2772 Διά
3258 2718 3417 2773 τοῦτο
3448 2721 3508 2773 τὸ
3539 2720 3635 2790 μὲν
3681 2722 3757 2785 ὼς

2192 2815 2353 2885 μέρος
2384 2813 2457 2885 μὴ
2491 2812 2835 2880 ἐπιλέγεσθαι
2879 2812 2959 2882 τῷ
2996 2811 3114 2883 Θεῷ
3144 2811 3243 2883 τὴν
3290 2812 3613 2885 ἀγεννησίαν
3660 2813 3755 2866 ούκ

2188 2906 2492 2974 ἀντιλέγει,
2534 2904 2736 2960 ἁπλοῦν
2773 2922 2833 2957 τε
2869 2905 2962 2957 καὶ
3002 2905 3204 2958 ἄποσον
3238 2904 3331 2959 καὶ
3368 2905 3635 2975 ἀμέγεθες
3667 2901 3762 2959 καῖ

2190 2998 2486 3052 ἀσύνθετον
2518 2999 2612 3052 καὶ
2651 2997 2810 3061 αὐτὸς
2840 2997 3212 3068 συνομολογῶν
3240 2993 3377 3051 εἶναι
3409 2998 3469 3051 τὸ
3490 2998 3659 3061 Θείον,
3698 2997 3759 3051 τὸ

508 3096 625 3143 tum
677 3086 838 3141 etiam
872 3084 988 3155 ipse
1025 3082 1187 3137 Deum
1212 3082 1505 3149 confitens,
1532 3085 1636 3139 hoc
1673 3094 1852 3141 autem
1916 3102 2085 3155 neque

2193 3091 2250 3144 δὲ
2273 3092 2395 3144 κατ’
2434 3090 2676 3143 ἐπίνοιαν
2712 3091 2785 3162 μὴ
2827 3090 2936 3143 δεῖν
2970 3091 3057 3142 ἐπ’
3104 3090 3266 3144 αὑτοῦ
3311 3090 3409 3161 τὴν
3449 3092 3759 3161 ἐπωνυμίαν

510 3179 813 3237 secundum
850 3175 1369 3231 commentationem
1420 3186 1672 3246 oportere
1701 3176 1756 3231 in
1793 3177 1910 3246 ipso
1944 3178 2085 3233 hanc

2193 3181 2444 3250 λέγεσθαι
2486 3182 2712 3251 ταύτην,
2764 3183 2858 3235 καὶ
2902 3182 3169 3251 ἀντιλέγει
3221 3182 3313 3236 καὶ
3360 3183 3753 3236 ἀποδείκνυσιν⁴

508 3268 1041 3341 cognomlnationem
1063 3264 1193 3329 dici,
1218 3276 1272 3321 et
1300 3267 1632 3321 contradicit
1655 3275 1711 3322 et
1727 3270 2088 3323 demonstrat:

504 3358 703 3433 quibus
780 3375 892 3414 non
949 3358 1259 3413 immanens
1324 3374 1501 3429 neque
1565 3360 1925 3429 acquiescens
1982 3361 2086 3418 iste

504 3455 869 3524 scriptitator,
922 3465 1116 3505 rursus
1165 3450 1337 3505 nobis
1363 3467 1517 3506 suam
1545 3453 1867 3521 sapientiam
1909 3453 1965 3507 in
1996 3470 2084 3509 εει·

505 3546 687 3604 eundo
715 3560 966 3599 sermone
988 3560 1051 3597 ex
1094 3542 1328 3597 adverso
1363 3542 1578 3612 objicit,
1608 3544 1694 3599 his
1722 3560 1843 3614 quae
1873 3545 1941 3599 de
1976 3546 2089 3615 upi-

507 3643 693 3703 nione,
740 3639 790 3692 id
842 3643 949 3699 est,
982 3636 1445 3690 commentatione
1488 3636 1633 3690 dicta
1675 3636 1896 3691 luerunt
1928 3652 2087 3708 repu-

502 3744 923 3886 εῦέἒὲἷῑεωρυε
949 3824 1314 3885 opportunum
1368 3814 1529 3870 fuerit
1589 3816 1878 3886 reliquum,
1939 3817 2085 3888 quod

506 3913 574 3967 ad
660 3911 761 3965 hoc
832 3908 1063 3979 pertinet
1133 3909 1487 3965 astructionis
1558 3909 1695 3979 ipsis
1767 3910 1821 3963 in
1881 3926 2086 3966 memo-

503 4006 642 4063 riam
670 4017 945 4063 revocare,
985 4009 1196 4055 tantum
1232 4001 1334 4054 hoc
1366 4000 1541 4057 solum
1596 4001 1895 4058 subdentes
1928 4006 2079 4059 :Nou

501 4104 589 4152 est
612 4096 667 4149 in
697 4095 936 4147 humana
987 4101 1183 4145 natura
1224 4090 1479 4154 facultas,
1510 4091 1575 4146 ad
1611 4101 1862 4147 exactam
1890 4093 2081 4162 cogni-

503 4190 706 4244 tionem
765 4185 1017 4242 essentize
1052 4184 1142 4239 Dei
1197 4202 1209 4239 :
1248 4183 1478 4240 fortasse
1507 4191 1691 4239 autem
1723 4186 1827 4238 hoc
1856 4185 1913 4239 in
1965 4186 2080 4240 sola

504 4283 744 4337 humana
773 4280 1011 4351 potentia
1035 4278 1304 4332 allirmare
1327 4292 1519 4347 parum
1550 4287 1664 4343 est;
1700 4292 1887 4331 verum
1917 4278 2077 4331 etiam

504 4376 880 4444 incorpoream
937 4379 1187 4425 naturam
1239 4369 1551 4426 inferiorem
1603 4372 1649 4425 si
1704 4370 1829 4440 quis
1859 4370 2075 4435 dixerit,

2183 3267 2267 3334 οἷς
2290 3271 2391 3325 οὐκ
2419 3273 2671 3342 ἐμμένων
2702 3274 2730 3324 ὁ
2769 3272 3124 3344 λογογράφος,
3158 3274 3319 3328 πάλιν
3345 3276 3480 3345 ἡμῖν
3503 3275 3599 3344 τήν
3627 3277 3756 3345 παρ’

2186 3361 2379 3415 ἑαυτοῦ
2430 3364 2621 3433 σοφίαν
2661 3363 3105 3433 ἀντικαθίστησιν
3156 3365 3214 3416 ἐν
3241 3363 3318 3433 τῷ
3370 3364 3604 3435 δευτέρῳ
3649 3364 3756 3416 τῶν

2184 3454 2377 3522 λόγων,
2411 3458 2523 3518 τοῖς
2574 3456 2698 3525 πιερῖ¹
2742 3456 2839 3524 τῆς
2889 3455 3129 3518 ἐπινοίας
3177 3456 3416 3526 ῥηθεῖσιν
3463 3455 3757 3527 ἀντιμαχό-

2189 3561 2369 3615 μενος.

2253 3796 2457 3877 Καιρδς
2480 3803 2525 3857 δ’
2552 3804 2617 3859 ἂν
2643 3804 2725 3876 εἴη
2759 3796 2940 3859 λοιπὸν
2982 3807 3076 3860 καὶ
3107 3790 3289 3872 αύτοίς
3332 3803 3631 3881 μνησθῆναι
3660 3814 3759 3880 τῆς

2182 3901 2263 3963 εἰς
2297 3888 2453 3953 τούτο
2493 3900 2857 3969 κατασκευῆς,
2899 3900 3148 3955 τοσοῦτον
3199 3902 3529 3967 ὑπειπόντας
3564 3904 3753 3974 μόνον·

2180 3988 2293 4047 Ούκ
2320 3992 2465 4047 ἔστιν
2512 3994 2569 4046 ὲν
2610 3992 2921 4064 ἀνθρωπίνῃ
2967 3993 3125 4062 φύσει
3166 3994 3391 4065 δύναμις
3435 3998 3514 4058 είς
3553 3996 3755 4068 ἀκριθῆ

2181 4084 2503 4156 κατανόησιν
2534 4083 2668 4137 Θεοῦ
2711 4083 2896 4147 οὐσίας
2916 4102 2930 4114 ⁸
2958 4085 3097 4154 τάχα
3138 4085 3195 4139 δὲ
3240 4086 3435 4157 μικρόν
3468 4089 3629 4159 ,ἐστιν
3661 4090 3759 4141 ἐπὶ

2182 4180 2349 4251 μόνης
2375 4178 2753 4250 ἀποφήνασθαι
2781 4162 2937 4232 τοῦτο
2961 4172 3059 4249 τῆς
3084 4179 3425 4253 ἀνθρωπίνης
3445 4180 3718 4249 δυνάμεως
3739 4196 3756 4213 ’

2178 4271 2312 4326 ἀλλά
2349 4271 2442 4324 κα)⁵
2473 4271 2572 4340 τὴν
2597 4258 2887 4341 ἀσώματον
2940 4270 3116 4323 κτίσιν
3162 4269 3415 4325 ἐλάττονά
3439 4288 3522 4336 τις
3565 4274 3768 4337 είπων,

2177 4363 2212 4436 ἦ
2236 4363 2376 4416 ὥστε
2408 4362 2652 4433 χωρῆσαι
2681 4362 2775 4415 καὶ
2810 4360 3121 4430 περιλαϐεῖν
3154 4364 3220 4432 τῇ
3259 4359 3454 4430 γνώσει
3482 4362 3579 4433 τὴν
3607 4362 3767 4429 ἁόρι-’

504 4479 668 4535 quam
696 4471 755 4517 ut
788 4464 962 4534 possit
988 4476 1188 4532 capere
1215 4470 1268 4515 et
1300 4460 1588 4532 complecti
1614 4461 1926 4531 cognitione
1956 4460 2078 4514 inﬁ-

2184 4474 2301 4510 στον
2335 4455 2514 4524 φύσιν,
2550 4455 2611 4507 ού
2655 4454 2750 4506 τοῦ
2794 4448 2993 4517 πάντος
3039 4453 3435 4525 ἁμαρτήσεται,
3472 4448 3580 4506 οἷον
3613 4448 3757 4505 ἔστιν

504 4558 676 4611 nitam
730 4563 1002 4617 naturam,
1035 4570 1215 4625 neque
1245 4553 1470 4607 omnino
1508 4553 1806 4617 aberrabit,
1850 4560 1909 4607 ut
1950 4552 2077 4607 licet

501 4647 767 4717 exemplis
790 4645 1157 4701 familiaribus
1188 4645 1371 4699 animo
1403 4645 1711 4715 percipere.
1759 4643 1915 4711 Quod
1950 4660 2073 4698 cum

504 4739 672 4794 multa
699 4738 809 4793 sint
835 4738 997 4792 etiam
1038 4736 1341 4799 dill'erentia
1393 4752 1515 4806 qua:
1540 4752 1636 4806 per
1664 4752 1881 4791 carnem
1909 4737 2075 4791 vitam

506 4832 705 4885 sortita
763 4836 895 4885 sunt
922 4828 1203 4896 animalia,
1256 4829 1502 4898 quaedam
1535 4827 1753 4898 quidem
1808 4828 2076 4891 volatilia,

502 4923 752 4993 quaedam
810 4938 940 4978 vero
991 4921 1298 4984 terrestria,
1332 4921 1590 4990 quodque
1645 4921 1822 4976 nubes
1852 4931 2077 4990 superat

507 5014 717 5067 alarum
746 5012 971 5075 virtute,
999 5019 1054 5066 et
1082 5012 1223 5081 quod
1251 5012 1403 5066 cavis
1440 5011 1660 5077 insidet,
1695 5020 1749 5066 et
1782 5011 1836 5065 in
1877 5011 2078 5066 latibu-

506 5105 576 5159 lis
599 5105 775 5158 latitat
811 5122 826 5159 :
870 5103 917 5158 si
958 5102 1176 5172 quidem
1230 5103 1374 5156 inter
1425 5118 1484 5156 se
1529 5110 1935 5171 comparentur,
1972 5116 2078 5156 non

508 5211 701 5267 parum
737 5195 942 5250 distare
968 5193 1243 5249 videbitur
1264 5193 1471 5247 aerium
1503 5210 1531 5245 a
1563 5194 1827 5248 terrestri.
1862 5192 1919 5246 Si
1950 5208 2081 5248 vero

508 5302 633 5342 cum
658 5286 954 5349 sideribus,
987 5293 1041 5339 et
1072 5299 1179 5338 non
1206 5294 1425 5339 errante
1452 5283 1584 5338 orbe
1612 5284 1704 5337 tiat
1723 5283 2078 5351 comparatio,

507 5379 646 5435 nihil
679 5379 861 5433 minus
886 5393 916 5431 a
947 5376 1089 5431 caelo
1113 5375 1413 5429 discretum
1446 5390 1570 5430 esse
1600 5375 1743 5444 quod
1776 5374 1829 5427 in
1857 5372 2079 5428 sublimi

508 5487 606 5542 per
628 5470 865 5525 volatum
898 5467 1093 5532 fertur,
1133 5468 1203 5522 ab
1240 5466 1571 5522 animalibus
1611 5465 1959 5521 terrestribus
1990 5480 2083 5534 pu-

508 5562 734 5617 tabitur.
770 5558 865 5615 Sic
893 5560 1210 5629 angelorum
1240 5564 1484 5627 potestas
1514 5572 1638 5612 eum
1667 5564 1847 5611 nostra
1882 5555 2082 5610 collata

509 5652 683 5704 multo
723 5652 844 5720 plus
905 5648 1219 5720 praecellere
1248 5647 1487 5712 videtur,
1530 5646 1675 5720 quod
1718 5646 1870 5700 nullo
1915 5662 2080 5702 sensu

509 5743 870 5798 inter-turbata
925 5741 1067 5797 nuda
1120 5748 1167 5797 et
1203 5741 1443 5821 revelata
1497 5740 1792 5810 cognitrit‘c
1815 5748 2083 5811 potestate

2177 4549 2270 4601 ὲπ⁶ι
2325 4546 2434 4599 τῶν
2481 4546 2603 4600 καθ’
2629 4548 2778 4617 ἡμᾶς
2823 4545 3233 4616 ὑποδειγμάτων
3285 4544 3597 4617 ὑπονοῆσαι.
3633 4546 3759 4598 Ὀτι

2178 4637 2384 4691 πολλῶν
2405 4637 2573 4691 ὄντων
2607 4637 2700 4689 καὶ
2726 4636 2994 4708 διαφόρων
3015 4628 3121 4689 τῶν
3146 4635 3235 4688 διὰ
3265 4636 3467 4707 σαρκὸς
3491 4635 3587 4706 τὴν
3612 4632 3759 4705 ζωὴν

2180 4730 2488 4800 εἰληχότων,
2519 4727 2626 4781 τῶν
2663 4727 2763 4797 μὲν
2797 4727 3032 4799 πτηνῶν,
3056 4728 3165 4782 τῶν
3190 4728 3246 4781 δὲ
3280 4724 3569 4798 χερσαίων,
3602 4727 3664 4779 τό
3694 4743 3761 4779 τε

2179 4820 2478 4892 ύπερνεφὲς
2529 4820 2588 4872 ἐν
2636 4823 2705 4891 τῇ
2750 4816 2859 4874 τῶν
2904 4818 3119 4903 πτερῶν
3168 4820 3396 4891 δυνάμει
3447 4820 3759 4890 γενόμενον,

2181 4915 2273 4968 καί⁸
2300 4913 2359 4964 τὸ
2391 4915 2501 4975 τοῖς
2536 4910 2733 4975 κοίλοις
2758 4910 3164 4983 καθιδρυμένον
3201 4912 3295 4965 καὶ
3332 4910 3665 4981 ὲμφωλεῦον.
3692 4911 3763 4965 El

2182 5003 2281 5073 μὲν
2323 5002 2459 5073 πρὸς
2498 5000 2700 5071 ἄλληλα
2738 4998 3005 5069 κρίνοιντο
3026 5041 3042 5067 ,
3076 4999 3174 5053 οὐκ
3205 4994 3381 5070 ὄλίγον
3413 4996 3479 5054 ἂν
3523 5000 3763 5070 ἀφεστά-

2179 5110 2268 5147 ναι
2299 5093 2423 5162 δόξῃ
2462 5091 2556 5145 τοῦ
2587 5092 2837 5164 χερσαίου
2885 5076 2945 5145 τδ
2986 5092 3259 5163 ἐναέριονο
3307 5094 3355 5146 εί
3405 5092 3460 5146 δὲ
3513 5093 3648 5165 πρὸς
3691 5094 3764 5147 τὰ

2181 5185 2375 5259 ἄστρα,
2422 5184 2516 5237 καὶ
2569 5182 2667 5254 τὴν
2719 5182 2930 5255 ἀπλανῆ
2981 5187 3216 5257 σφαῖραν
3258 5185 3290 5256 ή
3337 5180 3616 5256 σύγκρισις
3650 5184 3755 5253 εἴη,

2181 5276 2330 5329 οὐδὲν
2358 5274 2575 5327 ἔλαττον
2616 5273 2945 5345 κεχωρίσθαι
2986 5271 3079 5327 τού
3128 5273 3356 5347 ούρανοῦ
3399 5276 3460 5328 τὸ
3496 5292 3760 5347 μετεωρο-⁹

2182 5365 2381 5430 ποροῦν
2432 5364 2521 5417 διὰ
2581 5361 2829 5436 πτήσεως
2887 5366 2994 5419 τῶν
3046 5370 3174 5439 περὶ
3226 5368 3331 5437 γῆν
3378 5368 3763 5438 νομισθήσεται
3810 5370 3821 5417 ἰ

2184 5456 2355 5522 ζώων.
2390 5455 2575 5520 Οὕτως
2607 5458 2699 5510 καὶ
2737 5459 2770 5529 ή
2818 5459 2928 5513 τῶν
2974 5457 3222 5527 ἀγγέλων
3265 5458 3512 5529 δύναμις,
3556 5456 3635 5529 τῷ
3664 5459 3765 5529 μὲν

2182 5550 2435 5620 ἡμετέρῳ
2485 5550 2915 5621 συγκρινομένη,
2982 5550 3241 5620 πάμπολυ
3292 5550 3543 5621 προέχειν
3594 5548 3764 5612 δοκεῖ,

2183 5642 2262 5694 ὅτι
2312 5640 2565 5709 οὐδεμιᾶς
2618 5642 2917 5712 αἰσθήσεως
2953 5642 3289 5713 ἐνοχλούσης,
3330 5645 3511 5713 γυμνῇ
3557 5658 3617 5693 τε
3665 5644 3766 5694 καὶ

2185 5735 2630 5808 ἀπαρακαλύπτῳ
2683 5737 2747 5808 τῇ
2796 5739 3065 5808 γνωστικῇ
3116 5735 3336 5807 δυνάμει
3392 5736 3499 5790 τῶν
3544 5736 3765 5809 ut}quer
