4034 6484
339 333 450 388 9ἷὸ

1466 326 1742 385 CONTRA
1774 325 2165 395 EUNOMIUM,
2200 328 2324 385 LIB.
2370 329 2485 385 Χιι.

3482 336 3585 391 931

340 455 685 527 ἰπορέγεται.
720 452 781 505 El
803 450 860 506 δὲ
884 450 1022 522 πρὸς
1044 449 1105 503 τὸ
1138 448 1422 520 μεγαλεῖον
1453 450 1547 503 τοῦ
1573 450 1740 514 ὅντως
1767 448 1886 502 δντο

2023 465 2143 518 qua:
2175 462 2303 506 sunt
2350 452 2566 508 excelsa
2597 460 2652 509 et
2682 468 2893 511 summa
2937 454 3164 528 expetit.
3194 455 3349 524 Quod
3377 459 3423 514 si
3456 477 3580 514 cum

339 545 493 615 καὶὴ
528 543 750 596 ἐκείνων
789 541 1089 610 κατάληψις
1131 537 1450 604 ἐξετάζοιτο,
1488 540 1629 610 τάχα
1654 541 1683 591 ὁ
1714 540 1914 610 τολμή-

340 653 441 698 σας
470 636 639 688 εἰπεῖν
669 633 742 704 μὴ
788 633 974 704 πόῤῥω
1008 633 1106 703 τῆς
1150 632 1420 703 ἡμετέρας
1459 631 1791 703 βραχύτητος
1820 633 1913 686 καὶ

335 727 437 797 τὴν
465 725 686 779 ἐκείνων
716 725 942 795 δύναμιν
976 724 1270 791 ἀφεστάναι
1297 727 1393 794 τῆς
1448 723 1595 787 θείας
1648 726 1913 796 κατανοή-

340 836 499 882 σεως,
538 819 637 871 οὐκ
674 816 777 881 ἔξω
814 816 907 869 τοῦ
954 816 1158 878 εἰκότος
1210 815 1589 885 ἀποτολμήσει.
1617 816 1757 869 Πολὺ
1804 816 1910 886 γὰρ

335 911 399 962 τὸ
431 911 592 980 μέσον
637 910 731 961 καὶ
777 907 1123 977 ἀδιεξίτητον,
1252 907 1385 976 πρὸς
1429 908 1526 977 τὴν
1565 908 1785 979 κτιστὴν
1816 911 1909 963 ού-

339 1002 460 1052 σίαν
499 1001 531 1068 ὴ
563 998 809 1059 ἀκτιστος
844 996 1002 1065 φύσις
1028 995 1468 1065 διατετείχισται·
1500 995 1636 1067 αὕτη
1667 996 1910 1068 πεπερά-

334 1110 523 1149 τωται.
547 1091 724 1159 ἐκείνη
746 1089 914 1159 πέρας
944 1089 1043 1140 οὐκ
1072 1086 1201 1157 ἔχει*
1232 1086 1370 1157 αὔτη
1391 1089 1500 1150 τοῖς
1525 1087 1669 1151 ἰδίοις
1694 1088 1909 1158 μέτροις

333 1182 478 1234 κατὰ
513 1182 572 1234 τὸ
606 1181 805 1252 ἀρέσαν
846 1182 909 1250 τῇ
945 1178 1104 1248 σοφίᾳ
1141 1178 1233 1231 τοῦ
1277 1178 1633 1245 πεποιηκότος
1678 1180 1906 1249 ἐμπερι-

332 1274 586 1342 είληπται
606 1290 620 1303 ·
653 1273 749 1342 τῆς
784 1273 839 1324 δὲ
876 1272 1070 1342 μέτρον
1103 1272 1135 1341 ἡ
1166 1270 1408 1341 ἀπειρία.
1434 1269 1580 1340 Αὕτη
1614 1270 1908 1341 διαστημα-

329 1366 457 1433 τικῇ
510 1381 612 1415 τινι
659 1362 960 1433 παρατάσει
1010 1360 1551 1431 συμπαρεκτείνεται,
1603 1362 1695 1413 καὶ
1732 1362 1906 1431 χρόνῳ

331 1454 427 1507 καὶ¹
452 1455 600 1523 τόπῳ
624 1470 688 1504 πε
698 1452 1064 1522 ριειργομένη·
1089 1451 1269 1520 ἐκείνη
1296 1450 1690 1522 ύπερεκπίπτει
1724 1452 1904 1504 πᾶσαν

326 1545 689 1615 διαστήματος
722 1544 957 1597 ἐννοιαψ
1000 1543 1237 1613 καθόπερ
1281 1544 1344 1595 ἄν
1392 1560 1474 1606 τις
1516 1542 1775 1613 ἐπιὸἀλλῃ
1814 1542 1904 1595 τὸν

329 1638 475 1701 νοῦν,
507 1637 624 1689 κατ’
661 1638 833 1689 ἐκεῖνο
864 1635 960 1706 τὴν
990 1634 1513 1705 πολυπραγμοσύνην
1541 1634 1900 1703 ἐκφεύγουσα.

340 1729 430 1781 Ἐν
477 1728 649 1801 ταύτῃ
694 1731 759 1798 τῇ
800 1726 909 1797 ζωῇ
956 1726 1049 1779 καὶ
1077 1725 1247 1797 ἀρχὴν
1298 1728 1408 1788 τοῖς
1458 1722 1574 1779 οὖσι
1623 1726 1715 1779 καὶ
1752 1726 1903 1789 τέλος

342 1819 489 1872 ἔστιν
521 1819 837 1887 ἐπινοῆσαι·
889 1819 920 1888 ή
966 1818 1021 1870 δέ
1054 1817 1191 1888 ὑπὲρ
1222 1817 1315 1888 τὴν
1357 1817 1530 1871 κτίσιν
1559 1818 1897 1889 μακαριότης

324 1910 451 1963 οὕτε
493 1909 665 1980 ἀρχὴν
710 1907 832 1962 οὗτε
877 1908 1026 1971 τέλος
1082 1908 1379 1980 προσίεται,
1412 1909 1523 1961 ἀλλ’
1554 1910 1693 1981 ὑπὲρ
1734 1910 1795 1963 τὸ
1838 1911 1894 1962 ἐν

324 2003 571 2076 ἐκατέρῳ
606 2002 998 2072 σημαινόμενον
1027 2000 1266 2068 πέφυκεν
1290 2001 1375 2053 ἀεὶ
1400 2001 1657 2065 ὡσαύτως
1676 2002 1890 2071 ἔχουσα,

324 2096 419 2148 καὶ
452 2096 533 2162 ἐφ’
566 2094 762 2160 ἑαυτῆς
792 2092 1072 2163 βεϐηκυῖα,
1106 2093 1167 2144 ού
1198 2092 1631 2161 διαστηματικῶς
1663 2092 1725 2145 ἐκ
1751 2110 1894 2157 τινος

321 2186 404 2249 εἷς
443 2202 495 2247 τι
534 2187 600 2255 τῇ
645 2184 755 2252 ζωῇ
784 2181 1107 2235 διοδεύουσα.
1156 2180 1289 2234 Οῦτε
1322 2180 1431 2249 γὰρ
1466 2181 1719 2251 μετουσία
1753 2179 1895 2251 ζωῆς

323 2277 517 2348 ἑτέρας
564 2278 620 2327 ὲν
668 2274 745 2343 τῷ
788 2274 885 2344 ζῇν
917 2273 1139 2340 γίνεται,
1175 2273 1248 2335 ὼς
1292 2273 1577 2325 ἀκόλουθον
1622 2270 1758 2327 εἶναι
1802 2275 1894 2327 καὶ

324 2369 496 2437 πέρας
520 2367 612 2418 καὶ
634 2365 806 2434 ἀρχὴν
839 2364 1127 2433 μετουσίας
1148 2363 1398 2416 νοεῖσθαι.
1445 2363 1579 2416 Ἀλλ’
1605 2364 1732 2416 αὐτὸ
1759 2365 1893 2435 ὅπερ

319 2459 460 2519 ἐστὶ,
501 2457 610 2527 ζωή
652 2460 798 2511 ἐστιν
833 2458 904 2509 ἐν’
927 2455 1074 2525 αύτῷ
1121 2455 1503 2525 ἐνεργουμένη,
1545 2454 1665 2507 οὔτε
1698 2455 1893 2525 μείζων

317 2549 442 2603 οὔτε
474 2549 706 2601 ἐλάττων
736 2550 802 2601 ἐκ
830 2546 1143 2616 προσθήκης
1180 2546 1212 2617 ἦ
1245 2546 1578 2614 ὑφαιρέσεως
1612 2547 1888 2617 γινομένη.

331 2640 395 2693 Ἦ
426 2641 522 2710 μὲν
550 2642 657 2711 γὰρ
683 2641 762 2703 είς
794 2640 853 2692 τὸ
904 2638 1084 2709 μεῖζον
1128 2637 1442 2705 ὲπαύξησις,
1478 2640 1534 2690 ἐν
1570 2637 1645 2707 τῷ
1683 2638 1892 2709 ἀπείρῳ

320 2732 506 2802 χώραν
526 2733 624 2785 οὐκ
644 2731 775 2801 ἔχει.
804 2730 916 2798 Τῆς
938 2728 994 2781 δὲ
1021 2728 1159 2781 κατά
1182 2730 1276 2797 τὴν
1302 2728 1591 2780 ἐλάττωσιν
1629 2728 1888 2792 ἐπινοίας,

315 2824 381 2877 τὸ
417 2823 558 2877 κατά
604 2822 763 2891 φύσιν
814 2818 1020 2881 ἀπαθὲς
1066 2817 1430 2871 ἀνεπίδεκτον.
1457 2818 1663 2887 Ὠσπερ
1706 2818 1761 2870 δὲ
1800 2818 1891 2870 τὸν

317 2914 544 2985 οὐρανὸν
571 2912 821 2984 ὁρῶντες,
853 2911 947 2965 καὶ
985 2910 1183 2978 τρόπον
1223 2909 1340 2961 τινὰ
1371 2909 1456 2962 διὰ
1487 2909 1593 2961 τῶν
1624 2908 1889 2979 ὁρατικῶν

315 3004 685 3075 αἰσθητηρίων
712 3004 805 3056 τοῦ
834 3002 972 3056 κατά
1006 3001 1067 3054 τὸ
1097 3000 1226 3069 ὕψος
1259 3001 1615 3070 ἐφαπτόμενοι
1641 3000 1887 3064 κάλλους,

314 3093 457 3150 εἶναι
490 3096 586 3165 μὲν
613 3095 673 3147 τὸ
701 3095 1019 3164 φαινόμενον
1061 3093 1161 3146 οὐκ
1205 3091 1639 3162 ἀμφιϐάλλομεψ
1668 3092 1730 3144 τὸ
1754 3092 1809 3144 δὲ
1837 3092 1888 3144 τί

316 3192 465 3244 ἐστιν
491 3188 852 3260 ἐρωτηθέντες
887 3184 1267 3258 διερμηνεῦσαι
1305 3184 1382 3254 τῷ
1425 3185 1566 3254 λόγῳ
1603 3183 1698 3254 τὴν
1728 3184 1887 3252 φύσιν

310 3283 417 3337 ούκ
443 3282 635 3353 ἔχομεν
655 3298 669 3311 ο
702 3280 1047 3350 θαυμάζομεν
1074 3278 1130 3331 δὲ
1164 3279 1319 3349 μόνον
1347 3277 1443 3347 τὴν
1473 3276 1755 3345 ἐγκύκλιον
1791 3276 1885 3331 τοῦ

313 3374 517 3437 παντὸς
567 3372 799 3441 ὁρῶντες
846 3371 1167 3440 περιφορὰν,
1204 3370 1296 3421 καὶ
1342 3368 1448 3422 τῶν
1484 3369 1764 3433 πλανήτων
1790 3368 1885 3439 τὴν

311 3467 631 3536 ἐναρμόνιον
674 3466 764 3516 ἐπὶ
798 3462 860 3515 τὸ
900 3462 1133 3532 ἔμπαλιν
1170 3461 1394 3530 κίνησιν,
1443 3462 1635 3513 κύκλον
1670 3460 1727 3512 τέ
1768 3477 1886 3513 τινα

310 3559 403 3611 τὸν
429 3558 714 3625 λεγόμενον
742 3555 1030 3624 ζωοφόρον,
1058 3553 1198 3606 κατά
1220 3553 1280 3605 τὸ
1300 3552 1448 3616 λοξδν
1475 3552 1884 3621 ἐγκεχαραγμέ-

308 3665 403 3702 νον
430 3646 508 3716 τῷ
540 3645 705 3715 πόλῳ,
756 3638 800 3711 ᾧ
838 3644 934 3713 τὴν
977 3643 1185 3712 κίνησιν
1232 3642 1336 3694 τῶν
1386 3641 1524 3693 κατά
1558 3640 1617 3691 τὸ
1649 3641 1883 3693 ἐναντίον

308 3735 634 3806 εἰλουμένων
688 3732 1092 3805 παρατηροῦσιν
1146 3732 1194 3783 οἱ
1241 3730 1411 3782 ταῦτα
1449 3730 1626 3797 σοφοί·
1668 3731 1883 3799 φωστὴ-

311 3844 422 3885 οων
455 3844 512 3879 τε
538 3826 795 3896 διαφορὰς
824 3825 962 3877 κατά
1004 3840 1064 3875 τε
1110 3823 1176 3875 τὰ
1221 3822 1420 3891 μεγέθη
1450 3822 1540 3873 καὶ
1570 3821 1664 3883 τὰς
1700 3822 1882 3888 αὐγῶν

310 3919 599 3987 .διότητας,
634 3916 881 3978 ἐπιτολάς
907 3932 967 3968 τε
992 3913 1084 3967 καὶ
1114 3912 1288 3975 δύσεις
1318 3911 1454 3964 κατά
1475 3910 1570 3980 τὴν
1598 3911 1880 3978 ἐγκύκλιον

306 4009 404 4064 τοῦ
438 4010 589 4071 ἔτους
616 4008 855 4079 περίοδον
893 4008 984 4059 ἐπὶ
1033 4004 1141 4057 τῶν
1175 4003 1351 4057 αὐτῶν
1390 4003 1474 4055 ἀεὶ
1502 4002 1703 4073 καιρῶν
1737 4020 1880 4070 γινο-

309 4102 478 4169 μένας
503 4100 886 4171 ἀπαραὸἀτως⁶
911 4097 1154 4159 συνόδους
1178 4113 1236 4148 τε
1262 4095 1368 4148 τῶν
1385 4094 1763 4164 πλανωμένων,
1786 4094 1879 4147 καὶ

306 4192 617 4262 ύποδρομάς
666 4190 771 4243 τῶν
817 4188 1267 4260 ὑποϐεϐηκότων,
1318 4187 1410 4239 καὶ
1457 4184 1723 4253 ἐκλείψεις
1771 4185 1877 4237 τῶν

304 4282 735 4353 ὑπερκειμένων,
782 4282 871 4334 καὶ
900 4282 1001 4350 γῆς
1040 4278 1412 4341 ἀποηιάσεις,
1462 4276 1555 4329 καὶ
1603 4277 1877 4329 ἀποκατα-

304 4375 524 4436 στάσεις
546 4372 652 4425 τῶν
683 4372 1059 4435 ἐκλειπόντων,
1090 4371 1187 4441 τήν
1220 4387 1277 4423 τε
1305 4368 1552 4435 πολυειδῆ
1586 4369 1683 4438 τῆς
1717 4366 1874 4437 σελή-

1915 3148 1957 3206 C

2020 544 2303 612 majestate
2333 546 2454 614 ejus
2476 547 2568 615 qui
2624 562 2750 602 vere
2779 556 2882 611 est,
2914 548 3131 603 illorum
3170 550 3584 621 comprehensio

2016 637 2376 701 exauiinetur,
2438 636 2669 691 fortasse
2711 636 2803 705 qui
2844 652 3011 693 ausus
3065 639 3226 694 fuerit
3260 639 3439 695 dicere
3472 655 3582 695 non

2017 727 2174 796 longe
2230 743 2260 780 a
2318 737 2505 783 nostra
2563 729 2828 784 brevitate
2885 730 3100 785 illorum
3156 734 3266 785 vim
3316 747 3344 785 a
3396 732 3579 786 divina

2016 820 2325 889 cognitione
2385 819 2613 884 distare,
2676 836 2784 875 non
2818 821 3023 891 absque
3057 824 3321 892 probabili
3370 825 3584 880 ratione

2016 911 2252 965 audebit.
2286 908 2508 965 Multum
2540 911 2683 966 enim
2715 913 2860 981 quod
2892 913 3265 968 intermedium
3296 921 3378 969 est
3404 922 3457 967 et
3486 915 3583 967 im-

2014 996 2281 1065 pervium,
2321 1010 2431 1066 quo
2455 996 2521 1050 ad
2548 1004 2786 1051 creatam
2820 1008 3067 1051 naturam
3110 1000 3349 1053 increata
3381 1007 3579 1053 natura

2015 1087 2338 1156 praemunita
2370 1095 2456 1142 est
2504 1096 2558 1142 et
2591 1088 2860 1143 obvallata
2889 1108 2901 1142 :
2936 1090 3050 1159 ipsa
3086 1090 3233 1145 ﬁnita
3265 1100 3348 1145 est
3374 1100 3427 1145 et
3466 1102 3580 1145 ter—

2015 1178 2240 1240 minata,
2295 1178 2384 1232 illa
2420 1195 2549 1233 vero
2578 1181 2867 1234 terminum
2910 1198 3017 1236 non
3053 1183 3211 1236 habet
3250 1199 3265 1247 ;
3304 1184 3417 1238 haec
3465 1184 3587 1237 suis

2012 1269 2305 1333 mensuris,
2339 1271 2481 1326 sicut
2518 1271 2661 1340 ejus
2692 1273 2783 1341 qui
2823 1273 2952 1327 fecit
3011 1275 3291 1343 sapientiae
3349 1275 3578 1345 placuit,

2011 1359 2492 1430 circumprehensa
2512 1371 2615 1427 est,
2656 1364 2805 1418 illius
2860 1380 2989 1419 vero
3018 1381 3270 1420 mensura
3336 1367 3577 1423 inﬁnitas

2012 1450 2163 1519 ipsa;
2194 1453 2305 1507 haec
2356 1453 2688 1509 intervallari
2716 1456 2948 1524 quadam
2999 1457 3321 1511 extensione
3355 1468 3576 1525 proten-

2010 1542 2177 1605 ditur,
2202 1552 2549 1615 temporeque
2570 1558 2620 1599 et
2646 1550 2765 1600 loco
2786 1548 3044 1609 coercita,
3067 1548 3155 1601 illa
3178 1564 3393 1602 omnem
3416 1550 3579 1604 inter-

2008 1636 2131 1688 valli
2157 1636 2429 1691 notionem
2455 1646 2690 1706 superat.
2730 1638 2807 1690 Ad
2830 1639 2972 1708 quod
2999 1640 3122 1708 quis
3146 1650 3374 1694 mentem
3397 1640 3577 1696 immi-

2010 1728 2161 1790 serit,
2195 1728 2491 1782 secundum
2518 1730 2645 1783 illud
2676 1729 3325 1799 Cttriositatcmeﬁugicns
3353 1729 3439 1784 :in
3473 1733 3574 1785 hac

1998 1818 2108 1872 vita
2150 1828 2203 1874 et
2253 1821 2579 1891 principium
2638 1838 2826 1877 eorum
2856 1840 2975 1892 qua:
2998 1831 3143 1884 sunt.
3172 1831 3225 1877 et
3268 1824 3423 1878 ﬁnem
3450 1825 3576 1879 licet

2000 1910 2321 1981 intelligere:
2356 1913 2469 1967 haec
2504 1929 2668 1982 supra
2712 1921 3017 1968 creaturam
3071 1913 3367 1977 beatitudo,
3392 1930 3571 1982 neque

1997 2002 2342 2070 principium,
2391 2018 2568 2073 neque
2602 2004 2762 2058 ﬁnem
2822 2006 3044 2074 appetit,
3077 2006 3172 2060 sed
3214 2021 3375 2073 supra
3403 2006 3454 2059 id
3488 2013 3573 2059 est

1996 2090 2137 2161 quod
2176 2093 2226 2144 in
2270 2099 2499 2161 utroque
2540 2092 2896 2160 signiﬁcatur,
2922 2108 3137 2161 semper
3188 2094 3375 2145 eodem
3411 2092 3572 2144 modo

1997 2198 2115 2237 sese
2146 2182 2370 2244 habens,
2401 2183 2528 2237 etin
2559 2186 2735 2252 seipsa
2762 2184 3026 2253 ingressa,
3062 2201 3168 2237 non
3198 2200 3291 2253 per
3316 2185 3574 2239 interval-

1997 2274 2106 2327 lum
2139 2289 2200 2327 ex
2235 2272 2415 2342 alique
2446 2274 2511 2327 ad
2561 2275 2762 2342 aliquid
2799 2276 2851 2328 in
2899 2276 3006 2329 vita
3036 2277 3139 2330 iter
3175 2276 3377 2331 faciens
3411 2296 3423 2330 :
3463 2292 3577 2330 noui

1995 2365 2136 2419 enim
2170 2366 2291 2420 vitae
2322 2367 2545 2421 alterius
2575 2368 2986 2436 participatione
3026 2368 3252 2424 vivendo
3305 2370 3566 2440 gignitur,

1996 2460 2067 2512 ita
2106 2467 2165 2513 ut
2216 2475 2554 2529 consequens
2585 2459 2678 2525 sit,
2727 2470 2781 2514 et
2817 2462 3131 2523 terminum,
3164 2469 3219 2516 et
3243 2462 3567 2531 principium

1994 2550 2424 2619 participationis
2456 2558 2632 2604 mente
2656 2558 2709 2603 et
2740 2551 3096 2619 intelligentia
3123 2553 3427 2621 complecti.
3462 2552 3571 2607 Sed

1994 2642 2169 2710 ipsum
2221 2642 2363 2711 quod
2406 2649 2509 2705 est,
2544 2643 2650 2695 vita
2675 2650 2760 2696 est
2787 2644 2841 2696 in
2877 2643 2997 2711 ipso
3029 2658 3285 2712 Operans,
3320 2660 3440 2715 qua:
3470 2661 3569 2700 ne-

1992 2747 2099 2801 que
2133 2732 2305 2800 major
2381 2748 2556 2802 neque
2611 2733 2790 2785 minor
2824 2748 2887 2787 ex
2933 2735 3245 2789 accessione
3310 2737 3393 2790 vel
3437 2737 3570 2791 sult-

1993 2822 2286 2876 stractione
2322 2821 2399 2875 ﬁt.
2433 2821 2566 2875 Nam
2595 2822 2738 2892 quod
2771 2822 2823 2875 in
2867 2823 3043 2890 majus
3069 2825 3124 2876 ﬁt
3154 2825 3569 2888 incrementum,

1992 2913 2045 2966 in
2071 2913 2282 2966 inﬁnito
2316 2913 2494 2967 locum
2522 2929 2631 2967 non
2672 2914 2854 2968 habet.
2906 2913 3057 2979 Quod
3090 2917 3231 2969 enim
3266 2917 3567 2971 secundum

1992 3011 2240 3056 naturam
2273 3004 2568 3072 impatibile
2612 3013 2717 3069 est,
2750 3005 2988 3059 notionis
3016 3022 3133 3075 quae
3176 3005 3233 3059 ﬁt
3266 3006 3566 3061 secundum

1992 3093 2418 3159 decrementutn,
2450 3110 2556 3149 non
2580 3105 2663 3151 est
2682 3111 2873 3166 capax.
2893 3096 3356 3161 Quemadmodum
3382 3106 3567 3153 autem

1992 3185 2191 3238 coelum
2223 3186 2514 3247 intuentes,
2555 3194 2609 3240 et
2656 3186 3054 3255 quodammodo
3086 3202 3182 3255 per
3236 3188 3433 3241 visoria
3479 3188 3565 3242 in-

1990 3282 2287 3330 strumenta
2307 3276 2761 3345 pulchritudinem
2786 3295 2905 3346 qua:
2935 3278 2985 3330 in
3007 3278 3223 3331 sublimi
3259 3286 3363 3342 est,
3399 3279 3567 3332 attin-

1986 3372 2192 3434 gentes,
2223 3379 2345 3418 esse
2364 3364 2578 3433 quidem
2637 3366 2782 3435 quod
2816 3374 3037 3436 apparet
3062 3382 3168 3420 non
3199 3367 3558 3435 ambigimus,

1986 3456 2114 3525 quid
2163 3464 2341 3509 autem
2397 3456 2466 3511 sit
2501 3457 2813 3527 interrogati
2870 3457 3096 3510 deﬁnire
3156 3459 3403 3511 oratione
3446 3473 3556 3512 non

1986 3564 2311 3619 possumus;
2348 3548 2442 3603 sed
2482 3549 2656 3603 solum
2686 3550 3004 3602 circularem
3039 3549 3299 3603 ambitum
3325 3550 3567 3605 universi

1985 3642 2420 3709 contemplantes
2464 3639 2821 3693 admiramur.
2845 3639 3021 3708 Atque
3051 3639 3390 3707 planetarum
3432 3655 3564 3693 eon-

1985 3731 2203 3785 cordem
2228 3740 2282 3785 et
2310 3732 2635 3785 concinnum
2672 3740 2875 3783 motum
2914 3730 2966 3783 in
2982 3731 3311 3783 contrarium
3347 3732 3563 3784 :eireu-

1984 3824 2203 3895 lumque
2234 3822 2543 3892 quemdam,
2595 3822 2687 3891 qui
2724 3821 3015 3877 Zodiacus
3047 3822 3266 3885 dicitur,
3319 3824 3371 3880 in
3424 3824 3563 3876 obli-

1981 3930 2147 3983 quum
2198 3916 2320 3984 polo
2354 3915 2705 3983 insculptum,
2735 3915 2787 3967 in
2845 3929 2952 3983 quo
3002 3914 3295 3967 motionem
3329 3930 3543 3976 eorum,

1981 4022 2100 4076 qua;
2125 4006 2178 4061 in
2214 4007 2544 4061 contrarium
2577 4005 2890 4067 volvuntur,
2922 4005 3212 4058 observant
3248 4004 3435 4057 harum
3468 4021 3556 4058 re-

1981 4111 2099 4149 rum
2135 4095 2280 4149 docti
2315 4104 2368 4149 et
2396 4096 2683 4164 sapientes.
2712 4092 3082 4147 Luminarium
3103 4104 3280 4147 autem
3304 4094 3558 4149 diﬂeren-

1977 4188 2083 4240 tias
2106 4186 2403 4240 secundum
2420 4185 2819 4256 magnitudines
2832 4193 2885 4239 et
2911 4186 3148 4254 ipsorum
3174 4188 3552 4256 proprietates,

1976 4287 2238 4349 ortusque
2278 4286 2333 4333 et
2388 4292 2639 4341 occasus,
2704 4275 3003 4332 secundum
3047 4278 3367 4335 circularem
3425 4283 3554 4337 anni

1977 4370 2266 4426 circuitum
2292 4370 2349 4424 in
2405 4369 2595 4425 iisdem
2625 4384 2840 4439 semper
2861 4370 3198 4439 temporibus
3234 4370 3405 4427 factas
3434 4373 3555 4429 sine

300 4479 401 4532 νης
433 4461 733 4525 ἀλλοίωσιν,
766 4461 856 4513 καὶ
885 4459 975 4513 τοῦ
1011 4458 1157 4530 ἡλίου
1186 4458 1282 4529 τὴν
1325 4459 1416 4510 ἐπὶ
1451 4456 1543 4510 τοῦ
1572 4456 1735 4526 μέσου
1765 4456 1871 4509 τῶν

1989 4480 2162 4519 errore
2199 4464 2309 4518 ullo
2340 4471 2395 4518 et
2422 4462 2757 4533 evagatione,
2824 4463 3109 4532 coitusque
3165 4466 3459 4518 errantium
3500 4476 3555 4521 et

300 4553 480 4606 πόλων
538 4552 768 4623 κίνησιν,
819 4552 894 4613 ὼς
939 4550 1219 4613 ἀνάπλεως
1264 4547 1340 4601 ὣν
1396 4547 1487 4600 τοῦ
1518 4547 1645 4601 ίδίου
1695 4548 1870 4616 φωτὸς

300 4645 395 4699 καὶ
418 4646 537 4706 ταῖς
572 4646 781 4695 ἀκτῖσιν
811 4646 867 4695 ἐν
893 4642 1075 4713 κύκλῳ
1113 4641 1477 4711 καταστεφὴς,
1506 4641 1680 4692 πάντα
1716 4656 1773 4691 τε
1802 4642 1866 4710 τῇ

299 4737 601 4806 φωτιστικῇ
642 4735 865 4803 δυνάμει
908 4733 1422 4803 περιπτυσσόμενος,
1471 4731 1611 4782 ἔστιν
1653 4733 1741 4783 ὅτε
1776 4731 1867 4783 καὶ

297 4827 461 4889 αὐτὸς
512 4827 749 4879 ἐκλείπει
793 4826 886 4877 τοῦ
939 4824 1217 4894 σεληναίου
1264 4822 1531 4892 σώματος,
1575 4822 1647 4885 ὣς
1682 4840 1866 4889 φασιν,

296 4917 766 4989 ἐπιπροσθοῦντος.
806 4916 908 4968 Καὶ
954 4915 1026 4978 ὡς
1070 4915 1209 4967 κατά
1245 4914 1306 4967 τὸ
1349 4913 1587 4983 βούλημα
1624 4913 1718 4965 τοῦ
1750 4914 1866 4965 δια-

292 5014 554 5077 τάξαντος
584 5011 668 5063 ἀεὶ
693 5010 781 5062 τὸν
818 5011 944 5062 ἴδιον
988 5008 1181 5078 δρόμον
1230 5007 1423 5071 ἀνύων,
1452 5006 1866 5078 περιπορεύεται

291 5104 383 5156 διὰ
408 5104 505 5171 τῆς
530 5102 864 5170 τεταγμένης
893 5099 1114 5171 προόδου
1144 5098 1237 5151 καὶ
1260 5098 1595 5160 ὑποὸἀσεως,
1627 5098 1720 5159 τὰς
1746 5098 1867 5150 τέσ-

294 5212 465 5264 σαρας
501 5193 594 5246 τοῦ
626 5194 772 5254 ἔτους
800 5191 945 5261 ὧρας
978 5193 1034 5242 ἐν
1063 5190 1279 5252 ἑαυταῖς
1310 5190 1644 5242 ἀνειλίσσων.
1682 5188 1864 5241 Ταῦτα

288 5286 545 5357 ὁρῶντες,
582 5280 719 5338 εἶναι
751 5284 848 5353 μὲν
893 5282 960 5334 τὰ
1002 5282 1296 5350 φαινόμενα
1324 5281 1389 5332 δι’
1418 5274 1491 5333 ὧν
1520 5281 1734 5349 ὁρῶμεν
1765 5283 1865 5334 οὐκ

289 5376 727 5446 ἀμφιϐάλλομεν
785 5375 969 5427 οὐσίαν
1014 5374 1070 5427 δὲ
1114 5372 1283 5441 λόγων
1334 5373 1562 5426 ἑκάστου
1614 5372 1864 5425 τοσοῦτον

286 5471 399 5524 τῶν
431 5470 599 5523 ὄντων
625 5468 896 5537 ἀπέχομεν
944 5466 1298 5535 κατανοῆσαι,
1347 5468 1468 5519 ὅσον
1518 5469 1564 5520 εί
1598 5467 1729 5535 μηδὲ
1764 5468 1861 5538 τὴν

286 5561 463 5635 ἀρχὴν
491 5564 555 5631 τῇ
582 5559 829 5629 αἰσθήσει
853 5558 915 5611 τὸ
949 5559 1113 5627 φανὲν
1150 5558 1537 5629 ἐγνωρίσαμεν.
1570 5558 1724 5612 Οὕτω
1767 5558 1861 5611 καὶ

285 5664 378 5711 τὸν
403 5656 632 5725 ποιητὴν
674 5652 767 5706 τοῦ
799 5652 1024 5721 κόσμου,
1067 5651 1147 5703 ὅτι
1180 5650 1276 5722 μὲν
1319 5650 1463 5705 ἐστιν
1499 5652 1737 5722 οἴδαμεν,
1769 5649 1861 5704 τὸν

283 5750 344 5803 δὲ
371 5748 472 5817 τῆς
495 5746 678 5811 οὐσίας
699 5744 853 5815 λόγον
878 5743 1089 5812 ἀγνοεῖν
1114 5742 1212 5797 οὐκ
1244 5741 1571 5818 ἀρνούμεθα.

1973 4557 2271 4612 subcursus
2291 4554 2723 4619 subeuntium,et
2741 4553 2987 4610 defectus
3008 4555 3548 4624 supereminentium,

1969 4658 2025 4703 et
2050 4658 2206 4702 terra:
2226 4646 2669 4701 obumbrationes
2700 4653 2750 4699 et
2774 4646 3137 4700 revolutiones
3156 4645 3549 4715 delicientium,

1970 4734 2465 4803 multiformemque
2494 4734 2634 4788 lume
2658 4735 3034 4799 mutationem,
3069 4735 3307 4804 solisque
3341 4736 3392 4789 in
3431 4754 3547 4793 me-

1970 4826 2060 4878 dio
2145 4824 2392 4893 polorum
2463 4830 2691 4885 motum,
2781 4832 2839 4876 ιιι
2918 4824 3133 4895 propria
3197 4826 3317 4880 luce
3350 4827 3546 4895 plenus

1968 4924 2073 4979 est,
2155 4918 2378 4983 suisque
2428 4914 2597 4969 radiis
2683 4914 2736 4968 in
2797 4916 3002 4969 circulo
3072 4926 3368 4972 coronatus
3428 4934 3543 4971 om-

1967 5008 2057 5061 nia
2117 5021 2217 5061 sua
2266 5007 2569 5063 illustrante
2610 5014 2874 5077 potestate
2931 5009 3317 5079 complectens,
3373 5010 3542 5063 inter-
3570 5016 3583 5073 ξ

1968 5097 2096 5151 dum
2138 5098 2301 5152 etiam
2344 5097 2458 5167 ipse
2502 5095 2701 5161 deﬁcit,
2761 5097 2934 5151 lunari
2982 5112 3233 5166 corpore,
3271 5100 3537 5163 utaiunt,

1950 5196 2292 5255 occursante
2342 5197 2395 5244 et
2428 5187 2803 5243 obumbrante.
2849 5187 3028 5258 Atque
3058 5198 3117 5243 ut
3140 5204 3237 5259 pro
3270 5191 3543 5247 voluntate

1966 5279 2270 5334 ordiuantis
2297 5292 2511 5347 semper
2559 5291 2718 5330 suum
2757 5292 2977 5333 cursum
3002 5279 3318 5343 conﬁciens.
3344 5282 3543 5336 circuit

1964 5382 2019 5429 et
2041 5371 2353 5427 obambulat
2403 5384 2498 5438 per
2544 5369 2646 5423 sibi
2696 5370 3053 5425 constitutum
3107 5386 3457 5443 progressum
3488 5384 3541 5429 et

1964 5463 2273 5518 ordinatum
2305 5461 2505 5523 locum,
2540 5466 2775 5530 quatuor
2807 5460 2934 5513 anni
2966 5460 3175 5517 diverSa
3206 5470 3449 5534 tempora
3482 5465 3539 5519 in

1965 5554 2161 5625 seipsis
2187 5552 2538 5613 convolvens,
2571 5551 2683 5604 bare
2713 5552 3071 5620 suspicientes
3099 5570 3219 5625 quae
3248 5565 3536 5627 apparent.

1963 5662 2087 5702 esse
2110 5644 2326 5714 quidem
2363 5658 2458 5714 per
2495 5656 2558 5697 ea
2583 5657 2704 5713 qure
2731 5644 3002 5701 cernimus
3051 5662 3156 5702 non
3204 5646 3533 5713 dubitamus,

1965 5738 2061 5796 sed
2090 5738 2361 5793 rationum
2403 5734 2693 5791 essentiam
2730 5736 2996 5809 cujusque
3023 5754 3209 5797 eorum
3240 5754 3359 5812 qua
3384 5748 3536 5810 sunt,
