4034 6472
535 320 641 379 935

1765 312 1824 371 S.
1854 311 2185 371 GREGORII
2217 310 2509 371 NYSSENI

3682 316 3781 372 9:5

533 445 746 493 tantum
795 435 949 492 abest
998 442 1059 490 ut
1107 432 1497 507 intelligamus,
1555 442 1818 505 quantum
1890 438 1938 493 si
1986 454 2162 508 neque
2193 441 2519 509 principium
2566 454 2733 494 sensu
2798 437 2957 509 quod
2982 447 3235 510 apparuit
3288 451 3778 525 cognovissemus:

532 532 616 588 sic
640 530 907 585 et‘mundi
943 530 1199 586 factorem
1224 529 1368 602 quod
1385 537 1533 586 certe
1551 533 1623 585 sit
1645 532 1918 597 novimus,
1939 543 2195 588 essentne
2233 543 2411 588 autem
2470 535 2733 589 rationem
2801 535 2916 589 sive
2984 535 3352 589 deﬁnitionem
3398 547 3504 587 nos
3567 530 3783 602 ignora-

534 636 595 675 re
624 634 733 673 non
765 634 1050 689 negamus.

597 713 701 780 Qui
737 722 915 767 autem
953 715 1066 768 haec
1119 728 1181 768 se
1226 712 1368 768 scire
1414 712 1643 781 iactant,
1698 714 1849 786 prius
1899 715 1967 771 de
2003 716 2089 770 his

2266 715 2331 767 Οί
2386 713 2443 766 δέ
2499 710 2784 779 γινώσκειν
2836 709 3009 763 ταῦτα
3064 708 3474 779 κομτσάξοντες,
3520 713 3778 784 πρότερον

529 824 649 878 qua:
684 805 960 861 inferioris
992 817 1121 860 sunt
1150 813 1358 859 natura:
1402 806 1609 870 dicant,
1650 806 1782 875 quid
1817 822 1943 862 esse
1992 822 2095 876 pu-

530 908 647 955 tent
671 898 892 953 caeleste
920 898 1159 967 corpus?
1190 912 1438 966 quaenam
1480 898 1552 951 sit
1581 914 1703 968 qum
1730 898 1893 953 orbes
1922 898 2097 953 defert

532 1009 629 1064 per
674 990 991 1045 universum
1047 989 1334 1043 machina?
1380 989 1434 1042 in
1484 1005 1593 1058 quo
1643 993 1931 1046 motionem
1981 990 2095 1047 ﬁeri

531 1083 858 1155 opinentur?
878 1081 1023 1151 quod
1050 1080 1193 1135 enim
1215 1080 1340 1149 quis
1364 1079 1717 1151 intelligentia
1738 1083 2091 1151 reputaverit,

532 1190 759 1244 prorsus
798 1173 851 1226 in
886 1170 1108 1225 dubium
1152 1178 1207 1223 et
1239 1170 1529 1231 incertum,
1584 1178 1748 1240 atque
1784 1170 2093 1241 incompre-

530 1265 801 1319 hensibile
827 1262 967 1316 ratio
990 1262 1290 1331 procedens
1310 1260 1555 1326 desinet;
1590 1262 1704 1317 sive
1720 1262 1865 1317 enim
1893 1277 2094 1333 corpus

529 1356 775 1411 similiter
804 1354 1094 1424 ﬁguratum
1126 1351 1275 1407 dicat
1301 1354 1425 1423 quis
1476 1353 1530 1407 in
1565 1353 1738 1407 forma
1783 1353 2094 1425 circumap-

527 1457 699 1501 tatum
734 1446 985 1499 lationem
1018 1445 1326 1509 continere,
1356 1445 1437 1499 sic
1462 1459 1679 1515 semper
1714 1460 1939 1501 cursum
1967 1444 2096 1499 ﬂec-

524 1548 665 1603 tens,
714 1532 986 1591 consimili
1045 1535 1209 1589 modo
1266 1536 1473 1590 circum
1522 1538 1763 1606 seipsum
1814 1538 2091 1601 convolvi,

525 1630 847 1686 necessitate
879 1628 1293 1697 complectentis
1332 1627 1399 1682 ad
1436 1637 1643 1684 rectum
1678 1646 1899 1687 sursum
1962 1630 2094 1685 ferri

522 1721 1164 1791 cobiltitumzquomodo
1215 1722 1380 1787 dicet,
1432 1722 1548 1777 haec
1598 1738 1833 1794 corpora
1881 1739 2096 1795 perma-

523 1814 695 1870 nere?
736 1828 835 1868 cur
876 1828 982 1867 non
1015 1813 1177 1883 longa
1232 1822 1288 1868 et
1332 1816 1590 1869 continua
1621 1814 1913 1871 detritione
1953 1817 2095 1871 inter

522 1924 582 1963 se
631 1906 1023 1963 absumantur?
1084 1906 1369 1971 Quomodo
1418 1908 1580 1962 etiam
1636 1908 1870 1963 ellicitur
1911 1916 2095 1963 motus

521 1998 752 2052 duorum
787 2011 1074 2066 corporum
1108 1996 1274 2051 simul
1316 2006 1571 2051 natorum
1604 1997 1671 2051 ad
1718 1998 1949 2053 formam
1984 1998 2091 2055 sibi

2203 805 2464 875 περὶτῶν
2506 803 2905 873 ἐπιῦεὸηκότων
2945 803 3275 855 εἰπάτωσανο
3321 803 3387 855 Τί
3427 801 3489 855 τὸ
3530 805 3777 875 οὐράνιον

2200 900 2398 951 οἴονται
2446 897 2641 966 σῶμαζ
2681 894 2799 948 τίνα
2834 894 2933 965 τὴν
2972 894 3413 967 κυκλωφοροῦσαν
3444 896 3532 949 διὰ
3582 900 3777 964 παντὸς

2205 986 2471 1058 μηχανὴν,
2498 986 2554 1037 ἐν
2586 984 2691 1037 τίνι
2730 984 2785 1036 δέ
2813 983 2911 1054 τὴν
2944 984 3155 1053 κίνησιν
3198 984 3441 1052 γίνεσθαι
3470 1002 3483 1042 :
3509 986 3647 1056 ὅπερ
3672 987 3778 1058 γὰρ

2200 1079 2264 1132 ἄν
2287 1095 2371 1139 τις
2399 1079 2464 1146 τῇ
2489 1076 2693 1145 διανοίᾳ
2724 1075 3023 1143 λογίσηται,
3051 1075 3266 1139 πάντως
3296 1080 3377 1140 είς
3412 1078 3475 1131 τὸ
3501 1079 3779 1148 ἀμήχανόν

2198 1186 2258 1221 τε
2300 1169 2395 1221 καὶ
2425 1166 2805 1236 ἀκατάληπτον
2840 1166 2870 1218 ό
2913 1165 3168 1236 λογισμὸς
3213 1167 3415 1238 προῖὼν
3465 1170 3775 1239 καταλήξει.

2200 1263 2322 1315 Είτε
2347 1261 2454 1332 γὰρ
2475 1260 2660 1330 ἕτερον
2683 1260 3207 1330 όμοιοσχημάτιστον
3248 1260 3408 1331 σῶμα
3452 1261 3661 1328 λέγοιτό
3694 1280 3777 1325 τις

2199 1355 2258 1408 ἐν
2279 1353 2431 1421 τύπῳ
2459 1351 2930 1424 περιηρμοσμένον
2971 1355 3317 1423 περικρατεῖν
3352 1354 3451 1423 τὴν
3482 1353 3673 1423 φορὰν.
3702 1354 3778 1418 ὡς

2200 1446 2287 1499 ἀελ⁸
2311 1446 2402 1499 τὸν
2419 1446 2615 1516 δρόμον
2636 1446 3019 1516 καμπτόμενον
3045 1446 3411 1517 ὁμοιοτρόπως
3433 1447 3565 1517 περὶ
3583 1447 3775 1500 ἑαυτὸν

2199 1538 2614 1604 ἀνειλίσσεσθαι,
2644 1542 2710 1609 τῇ
2744 1539 2957 1609 ἀνάγκη
2989 1537 3081 1591 τοῦ
3117 1538 3461 1607 περιέχοντος
3495 1538 3776 1609 ἐξενεχθῆο

2198 1648 2287 1685 ναι
2318 1631 2456 1704 πρὸς
2500 1631 2561 1685 τὸ
2610 1632 2737 1684 εὐθὺ
2789 1630 3160 1700 κωλυόμενον
3191 1630 3309 1692 πῶς
3349 1632 3463 1701 ἐρεῖ
3499 1630 3773 1699 διαμένειν

2199 1723 2371 1778 ταῦτα
2416 1724 2484 1778 τὰ
2538 1723 2783 1795 σώματα,
2829 1722 2917 1777 διὰ
2965 1723 3064 1793 τῆς
3117 1722 3392 1793 διηνεκοῦς
3437 1722 3670 1793 τρίψεως
3714 1724 3773 1775 ἐν

2200 1814 2449 1885 ἀλλήλοις
2482 1814 2543 1867 ού
2572 1812 2971 1883 δαπανώμενα;
3004 1812 3126 1875 Πῶς
3165 1812 3223 1865 δὲ
3264 1813 3359 1866 καὶ
3401 1813 3703 1883 ἐνεργεῖται
3734 1815 3772 1885 ἡ

2199 1906 2430 1975 κίνησις,
2458 1904 2549 1958 δύο
2588 1905 2853 1975 σωμάτων
2892 1904 3145 1975 ὁμοφυῶν
3168 1903 3305 1974 πρὸς
3328 1903 3499 1957 τύπον
3524 1904 3771 1975 ἀλληλοις

2200 1996 2693 2068 ἐναρμοττομένων,
2729 1995 2856 2049 ὅταν
2893 1996 2953 2048 τὸ
2994 1994 3177 2065 ἕτερον
3214 1994 3468 2064 ἀκίνητον
3501 1994 3658 2064 μένῃ.
3689 1995 3773 2067 Τῇ

522 2092 753 2147 invicem
778 2090 1222 2160 congruentium,
1250 2104 1375 2143 cum
1410 2090 1638 2143 alterum
1665 2090 1942 2145 immobile
1971 2106 2091 2143 ma-

2194 2088 2301 2159 γάρ
2331 2088 2586 2157 ἀκινησία
2614 2086 2708 2139 τοῦ
2751 2086 3239 2156 περιδεδραγμένου
3267 2085 3327 2137 τὸ
3349 2085 3498 2147 ἐντὸς
3522 2085 3769 2154 διασφιγο

523 2192 689 2248 neat;
720 2181 1098 2235 immobilitate
1131 2181 1272 2235 enim
1308 2180 1740 2250 complectentis,
1774 2180 1919 2250 quod
1948 2182 2097 2237 intus

519 2274 936 2344 constringitur,
996 2288 1225 2340 prorsus
1279 2272 1345 2326 ad
1384 2287 1540 2327 suum
1578 2279 1758 2326 actum
1794 2273 2094 2328 invalidum

518 2365 646 2419 erit.
687 2364 826 2429 Quid
885 2373 967 2417 est
1010 2364 1155 2433 quod
1204 2364 1536 2417 continentis
1566 2364 1713 2420 illius
1765 2365 2093 2421 soliditatem

524 2455 705 2508 ﬁrmat
737 2457 809 2508 ita
852 2462 910 2507 ut
943 2456 1329 2509 inconcussum
1379 2465 1716 2524 permaneat,
1768 2472 1798 2510 a
1847 2472 2097 2512 connexa

523 2556 674 2599 motu
704 2561 811 2599 non
848 2546 1145 2615 agitatum?
1171 2544 1325 2611 Quod
1349 2546 1395 2601 si
1426 2548 1589 2601 etiam
1619 2548 1767 2602 illius
1789 2549 2093 2604 secundum
2119 2604 2125 2611 ,

520 2636 829 2693 intellectus
880 2636 1153 2689 curiosam
1217 2635 1616 2707 indagationem
1671 2637 1828 2693 sedes
1900 2640 2085 2709 aliqua

519 2743 643 2784 esse
671 2728 1036 2791 existimetur,
1074 2742 1193 2796 qua:
1226 2735 1512 2782 conservet
1544 2728 1596 2781 in
1660 2729 1833 2783 solido
1862 2737 2089 2793 statum,

521 2819 712 2891 procul
740 2817 905 2872 dubio
930 2833 994 2873 ex
1020 2819 1407 2873 consecutione
1427 2818 1727 2889 procedens
1753 2822 1907 2885 ratio,
1926 2822 2090 2876 etiam

523 2909 674 2965 illius
720 2908 919 2963 baseos
992 2907 1151 2962 basin
1203 2908 1419 2963 curiose
1483 2910 1756 2977 inquiret,
1810 2912 2092 2981 hucusque

522 3002 703 3060 aliam,
736 3009 789 3054 et
820 3002 897 3052 sic
927 2998 1189 3068 deinceps
1237 2999 1417 3053 aliam.
1450 3000 1627 3069 Atque
1657 3002 1730 3054 ita
1762 3018 1859 3071 per
1891 3004 2090 3057 similia

522 3085 807 3155 inquisitio
842 3086 1195 3155 progrediens
1236 3086 1289 3139 in
1342 3087 1615 3141 inﬁnitum
1653 3091 1913 3159 prodibit,
1948 3100 2001 3145 et
2036 3093 2090 3146 in

520 3178 749 3233 dubium
828 3186 990 3247 atque
1037 3178 1415 3234 inextricabile
1457 3179 1691 3241 desinet,
1754 3182 1859 3237 hoc
1899 3183 2091 3237 ultimo

521 3283 749 3337 corpore
818 3267 885 3320 ad
976 3270 1216 3323 universi
1280 3271 1726 3326 constitutionem
1790 3274 2087 3340 substrato,

522 3358 744 3429 aliquod
780 3358 929 3427 quod
962 3359 1031 3412 sit
1064 3360 1291 3415 ulterius
1340 3376 1557 3429 semper
1604 3363 1954 3434 investigaus.
2012 3366 2088 3420 lta

2196 2182 2421 2251 γόμενον
2441 2181 2761 2250 ἀδυνατήσει
2789 2179 3005 2241 πάντως
3031 2178 3164 2248 πρὸς
3192 2178 3291 2248 τὴν
3312 2176 3446 2231 ίδίαν
3467 2176 3763 2246 ἐνέργειαν.

2196 2272 2351 2326 Τίδέ
2392 2275 2484 2327 καὶ
2533 2272 2594 2326 τὸ
2641 2270 2863 2343 ἐδράζον
2910 2270 3003 2323 τοῦ
3056 2269 3396 2341 περιέχοντος
3434 2268 3644 2321 ἐκείνου
3670 2269 3770 2341 τὴν

2197 2365 2533 2435 παγιότητα·
2583 2364 2721 2417 ὥστε
2762 2362 3033 2432 διαμένειν
3080 2362 3327 2414 ἄσειστον
3356 2360 3459 2414 ὑπὸ
3488 2360 3583 2413 τού
3608 2362 3768 2431 ἐνηρ-

2198 2457 2472 2527 μοσμένον
2495 2458 2759 2527 κινήσεως
2790 2455 2865 2525 μὴ
2888 2453 3303 2524 τινασσόμενον;
3330 2453 3392 2506 Ei
3420 2453 3477 2507 δὲ
3515 2454 3769 2507 κάκείνου

2195 2547 2335 2600 κατά
2381 2547 2481 2618 τὴν
2531 2544 3055 2615 πολυπραγμοσύνην
3103 2544 3202 2613 τῆς
3244 2544 3481 2607 διανοίας
3510 2540 3647 2597 εἷναί
3684 2559 3771 2609 τις

2194 2640 2321 2709 ἔδρα
2359 2638 2704 2709 ύπολειφθείη
2752 2640 2785 2708 ἡ
2844 2636 3181 2707 συντηροῦσα
3224 2638 3281 2689 ἐν
3323 2636 3402 2706 τῷ
3448 2636 3630 2707 παγίῳ

2196 2731 2402 2794 στάσιν,
2429 2731 2643 2791 πάντως
2684 2725 2885 2799 προῖὼν
2928 2727 3066 2781 κατὰ
3107 2726 3167 2779 τὸ
3205 2726 3494 2780 ἀκόλουθον
3531 2730 3561 2781 ό
3586 2728 3763 2797 λόγος,

2194 2820 2450 2889 κάκείνης
2494 2818 3006 2889 πολυπραγμονήσει
3055 2816 3211 2888 βάσιν
3251 2818 3350 2889 τῆς
3402 2818 3627 2887 βάσεως,
3672 2821 3772 2872 καὶ

2191 2912 2391 2982 ταύτης
2417 2912 2601 2981 ἀλλην,
2630 2912 2723 2965 καὶ
2760 2911 2858 2981 τῆς
2890 2911 3083 2982 ἐφεξῆς
3114 2910 3323 2982 ἑτέραν.
3356 2912 3467 2965 Kal
3511 2911 3656 2965 οὕτω
3680 2912 3769 2965 διὰ

2190 3001 2300 3053 τῶν
2348 3002 2545 3070 ὁμοίων
2581 3002 2615 3070 ἡ
2654 3000 2893 3065 ἐξέτασις
2946 2999 3206 3062 ἀνιοῦσα,
3251 2998 3387 3069 πρὸς
3428 3000 3491 3054 τὺ
3541 3002 3765 3072 ἄπειρον

2193 3090 2558 3162 ἐνεχθησεται,
2585 3092 2675 3144 καὶ
2716 3094 2796 3154 είς
2837 3091 3039 3162 ἄπορον
3069 3090 3379 3161 καταλήξει,
3410 3091 3501 3145 τού
3538 3094 3677 3146 κατὰ
3702 3092 3764 3145 τὸ

2192 3182 2413 3251 ἔσχατον
2455 3183 2533 3244 είς
2574 3183 2670 3251 τὴν
2711 3182 2803 3236 τοῦ
2850 3182 3049 3247 παντὸς
3099 3182 3352 3237 σύστασιν
3397 3183 3767 3254 ὑποϐεϐλημέ-

2191 3290 2280 3327 νου
2316 3273 2582 3344 σὼματος,
2618 3274 2679 3327 τὸ
2723 3277 2975 3329 ἐπέκεινα
3022 3275 3224 3329 τούτων
3268 3275 3430 3330 πάλιν
3479 3278 3765 3340 κατεξετά-

2192 3367 2377 3429 ζουσα,
2412 3366 2488 3429 ὡς
2522 3366 2769 3437 μηδαμοῦ
2803 3368 2992 3437 στῆναι
3034 3367 3124 3420 τὸν
3170 3366 3326 3435 λόγον
3355 3366 3449 3420 τοῦ
3495 3369 3580 3421 ἀεὶ
3606 3384 3762 3439 περι-

523 3459 584 3504 ut
652 3465 921 3518 nusquam
963 3458 1111 3505 stare
1164 3452 1333 3521 possit
1390 3453 1531 3505 ratio
1592 3469 1806 3522 semper
1854 3458 2091 3527 comple-

2196 3457 2408 3526 έχοντος
2450 3456 2547 3527 τὴν
2583 3458 2871 3529 περιϐολὴν
2917 3458 3197 3528 ζητοῦντα.
3243 3458 3400 3512 Ἀλλά
3447 3459 3605 3513 τοῦτο
3643 3460 3761 3529 μὲν,

448 3540 453 3543 ’
520 3543 722 3597 olentis
751 3543 1092 3611 complexum
1122 3552 1177 3598 et
1208 3544 1468 3598 ambitum
1498 3545 1799 3615 inquirens.
1842 3547 1945 3601 Sed
1980 3550 2093 3605 haec

522 3632 741 3701 quidem
773 3619 847 3685 it'a
880 3647 938 3685 se
986 3632 1184 3687 habere
1218 3634 1310 3687 alii
1359 3645 1579 3704 negant.
1621 3635 1861 3691 Vacuum
1912 3648 2091 3694 autem

526 3722 785 3793 quiddam
822 3722 1121 3777 secundum
1152 3740 1349 3779 vanam
1385 3742 1595 3791 eorum,
1632 3730 1723 3798 qui
1761 3729 1815 3783 in
1848 3730 1932 3785 his
1962 3732 2094 3784 mul-

523 3824 637 3869 tum
689 3815 927 3870 studium
973 3822 1027 3868 et
1069 3830 1289 3884 operam
1344 3828 1667 3886 posuerunt,
1704 3820 2090 3888 suspicionem,

522 3909 834 3964 cmlestibus
894 3908 1073 3963 dorsis
1130 3917 1184 3964 et
1244 3912 1502 3967 convexis
1555 3913 1947 3967 circumfusum
1984 3920 2087 3968 est.

524 4002 701 4070 Atque
744 4002 797 4054 in
846 4000 948 4054 hoc
1003 4001 1193 4056 labens
1234 4002 1473 4057 universi
1518 4006 1725 4075 vertigo
1773 4006 1825 4058 in
1858 4008 2091 4075 seipsam

523 4092 841 4155 reﬂectitur,
875 4092 1082 4145 nullum
1115 4108 1182 4147 ex
1233 4093 1407 4148 solido
1453 4096 1635 4164 aliquo
1680 4096 1961 4151 inveniens
2003 4112 2091 4152 re-

523 4186 761 4256 pulsutn.
804 4185 895 4254 qui
932 4184 1105 4253 possit
1132 4200 1199 4239 ex
1242 4185 1521 4240 contraria
1575 4187 1694 4241 basi
1756 4188 2008 4243 insistere
2038 4195 2091 4242 et

523 4276 763 4330 incidere
802 4276 1184 4344 procedentem
1234 4276 1291 4330 in
1343 4276 1532 4331 orbem
1584 4279 1903 4333 motionem.
1949 4277 2090 4344 Quid

524 4366 688 4435 igitur
744 4365 873 4417 illud
924 4379 1155 4419 vacuum
1198 4408 1213 4433 ,
1254 4366 1395 4438 quod
1428 4383 1605 4437 neque
1639 4382 1861 4439 corpus,
1912 4372 2087 4437 aiunt,

523 4470 698 4524 neque
718 4454 976 4507 notio?et
1004 4469 1290 4525 quousque
1331 4459 1485 4511 stat?
1526 4466 1580 4512 et
1608 4461 1739 4528 quid
1789 4459 1921 4514 illud
1968 4478 2091 4518 sus-

522 4546 692 4616 cipit‘?
739 4544 871 4610 Qum.
901 4554 1081 4599 autem
1130 4547 1311 4611 solidi,
1361 4557 1414 4601 et
1466 4550 1751 4604 renitentis
1782 4567 1904 4605 cum
1942 4553 2089 4607 inani

522 4648 579 4691 et
626 4653 733 4692 non
788 4637 1121 4693 subsistente
1159 4640 1459 4708 cognatio?
1516 4639 1655 4707 Quid
1691 4652 1793 4709 est,
1847 4645 1991 4714 quod
2019 4645 2092 4699 sit

520 4726 901 4781 intermedium
931 4726 1016 4780 bis
1052 4742 1173 4795 qua:
1202 4735 1394 4781 natura
1426 4728 1701 4797 disjuncta
1736 4740 1864 4785 sunt
1894 4742 1947 4787 et
1980 4732 2088 4786 dif-

2119 4782 2169 4843 D

2196 3548 2315 3617 ούχί
2335 3566 2348 3580 ·
2380 3548 2532 3601 κενὸν
2561 3549 2618 3602 δέ
2648 3566 2700 3601 τι
2733 3550 2871 3603 κατά
2890 3549 2988 3621 τὴν
3018 3551 3251 3620 ματαίαν
3280 3552 3386 3605 τῶν
3406 3552 3581 3606 ταῦτα
3603 3568 3764 3622 πεφι-

2193 3638 2564 3709 λοσοφηκότων
2621 3640 2873 3691 ὑπόνοιαν
2925 3642 3036 3702 τοῖς
3090 3640 3356 3711 οὐρανίοις
3413 3643 3763 3713 περικέχυται

2192 3730 2379 3793 νώτοις
2400 3747 2411 3760 ·
2458 3731 2551 3783 καὶ
2595 3730 2766 3801 τούτῳ
2801 3730 3230 3785 ὲνολισθαίνουσα
3262 3731 3355 3785 τοῦ
3389 3734 3589 3795 παντὸς
3624 3736 3656 3802 ἡ
3686 3735 3763 3787 δί-

2193 3839 2366 3891 νησις,
2397 3822 2532 3893 πρὸς
2562 3822 2756 3891 ἐαυτὴν
2788 3822 3131 3892 ἀναστρέφει,
3160 3822 3423 3893 μηδεμίαν
3448 3825 3510 3876 ἐκ
3545 3823 3763 3893 στερεοῦ

2192 3930 2332 3975 τινος
2357 3913 2673 3965 ἀντιτυπίαν
2706 3913 3048 3983 εύρίσκουσα,
3078 3913 3175 3984 τὴν
3201 3914 3503 3985 δυναμένην
3534 3913 3593 3979 ἐξ
3612 3917 3759 3968 ἀντι-

2193 4004 2402 4067 δάσεως
2450 4004 2662 4075 στῆσαι,
2712 4004 2804 4056 καὶ
2847 4004 3113 4074 ἀνακόψαι
3170 4004 3461 4076 προῖούσαν
3488 4008 3545 4058 ἐν
3581 4006 3765 4076 κύκλῳ

2190 4092 2290 4162 τὴν
2318 4090 2547 4162 κίνησιν.
2576 4092 2639 4144 Τί
2668 4092 2844 4143 τοίνυν
2881 4093 2997 4145 ἐστὶ
3028 4093 3087 4145 τὸ
3118 4093 3274 4146 κενὸν
3316 4095 3489 4147 ἐκεῖνο
3512 4133 3528 4157 ,
3562 4094 3590 4147 ὃ
3626 4097 3760 4165 μήτε

2193 4182 2371 4253 σῶμα,
2406 4184 2558 4253 φασὶ,
2590 4184 2725 4254 μήτε
2758 4184 2968 4254 νόημας
3019 4184 3125 4237 Kal
3159 4185 3316 4256 μέχρι
3346 4185 3487 4249 τίνος
3537 4188 3758 4257 ίστάμε-

2191 4292 2319 4341 νον;
2348 4276 2457 4328 Kal
2488 4275 2541 4328 τί
2571 4275 2633 4328 τὸ
2669 4274 3075 4345 διαδεχόμενον;
3107 4276 3202 4339 Τίς
3226 4277 3282 4329 δὲ
3317 4276 3410 4329 τοῦ
3445 4278 3641 4330 ναστοῦ
3666 4279 3760 4331 καὶ

2192 4364 2483 4418 ἀντιτύπου
2533 4368 2566 4436 ἡ
2602 4366 2737 4435 πρὸς
2768 4367 2831 4418 τὸ
2858 4367 3011 4419 κενὸν
3060 4370 3153 4421 καὶ
3185 4368 3550 4423 ἀνυπόστατον
3588 4372 3759 4422 ἐκεῖνο

2192 4454 2513 4523 συγγένειας
2546 4455 2611 4507 Τί
2643 4456 2701 4510 τὸ
2731 4458 3012 4527 μεσιτεύον
3049 4460 3159 4523 τοῖς
3202 4458 3669 4529 παρηλλαγμένοις
3690 4464 3755 4531 τῇ

2192 4546 2540 4615 φύσει;Πῶς
2583 4547 2639 4601 δὲ
2679 4548 2768 4602 διά
2814 4548 2922 4602 τῶν
2970 4549 3293 4621 ἐτεροφυιῶν
3337 4551 3369 4620 ή
3403 4552 3639 4622 τοσαύτη
3664 4552 3754 4604 τοῦ

2192 4638 2390 4701 παντὸς
2437 4639 2770 4711 εὐαρμοστία
2806 4640 3151 4705 συνίσταταις
3189 4640 3253 4693 Τί
3301 4640 3346 4693 δ’
3382 4640 3448 4694 ἄν
3490 4659 3573 4705 τις
3617 4647 3757 4695 εἴποι

2191 4728 2281 4781 τὸν
2310 4730 2534 4799 οὐρανὸν
2574 4730 2735 4783 αὐτὸν
2774 4726 2949 4796 εἶναι;
3002 4731 3179 4801 μίγμα
3214 4747 3265 4784 τι
3303 4732 3407 4784 τῶν
3439 4735 3755 4805 περιεχομέ-

520 4818 742 4873 ferunt?
772 4816 1056 4882 Quomodo
1092 4833 1186 4887 per
1215 4833 1277 4872 ea
1313 4834 1434 4887 qua:
1466 4828 1597 4874 sunt
1622 4821 1850 4876 diversa:
1876 4832 2086 4878 natura:

2194 4834 2298 4871 νων
2328 4819 2621 4895 στοιχείων,
2675 4820 2707 4890 ἢ
2749 4820 2807 4872 ἓν
2862 4821 2919 4885 ἐξ
2960 4820 3233 4881 ἁπάντων,
3276 4822 3308 4893 ἢ
3359 4823 3486 4877 ἄλλο
3538 4842 3590 4876 τι
3631 4827 3756 4896 περὶ

518 4919 668 4963 tanta
703 4909 941 4964 universi
979 4924 1290 4981 compages,
1334 4919 1388 4965 et
1415 4920 1538 4981 apta
1587 4914 1912 4984 compositio
1956 4931 2089 4969 con-

518 5001 801 5055 stituitur?
852 5000 992 5067 Quid
1033 4989 1215 5056 autem
1279 5003 1480 5058 cmlum
1540 5004 1716 5073 ipsum
1771 5020 1894 5061 esse
1954 5008 2084 5077 quis

516 5094 757 5148 dixerit?
794 5108 863 5147 an
907 5092 1039 5164 quid
1082 5095 1301 5150 mistum
1342 5112 1409 5151 ex
1440 5097 1723 5153 elementis
1753 5115 1873 5168 quae
1917 5102 1969 5154 ln
2020 5115 2088 5154 eo

516 5186 889 5249 continentur,
928 5185 1009 5239 vel
1037 5201 1205 5239 unum
1240 5202 1305 5241 ex
1334 5187 1613 5251 omnibus,
1648 5189 1733 5243 vel
1761 5190 1905 5244 aliud
1929 5191 2085 5260 quid-

516 5275 641 5331 dam
681 5287 873 5347 praeter
900 5280 1013 5332 hzec
1036 5278 1060 5330 ?
1086 5277 1228 5343 Quid
1277 5289 1460 5334 autem
1491 5296 1612 5335 esse
1661 5282 1849 5335 stellas
1896 5282 2089 5351 ipsas?

520 5364 673 5424 Unde
713 5369 845 5437 ipsis
895 5368 1240 5438 splendorem
1293 5368 1552 5441 all'ulgere
1590 5370 1827 5425 dixerit?
1873 5373 1938 5424 Et
1999 5372 2088 5428 hic

516 5459 772 5529 splendor
806 5460 933 5529 quid
971 5461 1095 5515 est?
1122 5457 1187 5513 Et
1215 5462 1488 5531 quomodo
1517 5463 1917 5517 constituitur?
1968 5462 2086 5517 Dil-

517 5550 758 5605 ferentia:
785 5558 963 5605 autem
995 5552 1238 5620 ipsorum
1284 5552 1585 5607 secundum
1620 5554 2082 5625 pulchritudinem

516 5650 571 5697 et
601 5643 1022 5712 magnitudinem
1060 5660 1309 5716 quasnam
1356 5647 1537 5701 ratio?
1575 5645 1870 5703 Interiores
1902 5654 2081 5703 autem

518 5734 755 5790 circulos
777 5736 1116 5793 contrarium
1143 5737 1403 5795 universo
1424 5747 1627 5795 motum
1650 5738 2082 5814 circumagentes

2189 4908 2401 4975 ταύτα;
2433 4910 2497 4962 Τί
2523 4910 2578 4963 δὲ
2607 4912 2731 4974 τοὺς
2765 4912 3000 4983 ἀστέρας
3032 4912 3256 4978 αὐτούς
3286 4914 3455 4967 Πόθεν
3489 4915 3546 4969 δὲ
3578 4916 3756 4980 αὐτοῖς

2189 4999 2286 5070 τὴν
2310 5001 2482 5072 αὐγὴν
2519 5003 2895 5067 ἀποστίλϐεινς
2928 5004 2992 5056 Τί
3017 5001 3198 5069 οὖσαν,
3227 5007 3317 5059 καὶ
3338 5008 3486 5070 ὅπως
3514 5024 3767 5061 συνιστας

2193 5090 2357 5161 μένην
2380 5110 2393 5123 ·
2416 5091 2514 5161 τῆς
2539 5092 2595 5146 δὲ
2620 5092 2879 5163 διαφορᾶς
2902 5094 3077 5149 αὐτῶν
3107 5096 3243 5150 κατά
3269 5113 3326 5150 τε
3352 5096 3412 5149 τὸ
3441 5097 3634 5161 κάλλος
3668 5100 3754 5151 κατ

2191 5183 2416 5253 μέγεθος
2452 5186 2606 5253 λόγος
2626 5191 2744 5253 τίς;
2776 5187 2912 5251 Τοὺς
2939 5187 2994 5240 δὲ
3038 5188 3187 5251 ἐντὸς
3229 5190 3365 5243 ἑπτὰ
3391 5190 3625 5254 κύκλους
3663 5191 3757 5261 τὴν

2196 5276 2440 5329 ἐναντίαν
2470 5277 2547 5348 τῷ
2580 5279 2738 5332 παντὶ
2778 5279 2989 5349 κίνησιν
3021 5281 3467 5350 περιαγομένους,
3500 5281 3555 5335 τί
3598 5277 3754 5345 εῖναι,

2193 5367 2224 5437 ἢ
2293 5368 2397 5422 ὑπὸ
2448 5372 2606 5435 ποίας
2658 5372 2902 5441 ἀνάγκης
2952 5372 3305 5436 ἐλαύνεσθαι;
3357 5373 3430 5425 Τὸ
3484 5373 3541 5426 δέ
3598 5374 3757 5427 ἇῦλσν

2191 5460 2364 5513 ἐκεῖνο
2412 5464 2503 5515 καὶ
2550 5462 2786 5535 αἰθέριον
2810 5463 2941 5535 πῦρ,
2974 5465 3067 5518 καὶ
3091 5466 3118 5518 ό
3147 5464 3508 5535 ἐγκεχυμένος
3538 5465 3624 5519 διὰ
3660 5466 3755 5537 μία

2191 5567 2282 5604 σου
2313 5552 2438 5622 ἀὴρ,
2466 5547 2575 5606 οἶόν
2601 5571 2649 5605 τι
2679 5554 3015 5626 διατείχισμα
3042 5554 3328 5626 γενόμενος
3350 5555 3447 5625 τῆς
3473 5554 3756 5626 θερμαντι-

2176 5645 2288 5715 ·κῆς
2313 5661 2369 5697 τε
2398 5647 2489 5698 καὶ
2518 5647 2854 5719 ἀναλωτικῆς
2882 5650 3112 5718 φύσεως,
3156 5649 3293 5721 πρὸς
3332 5649 3429 5719 τὴν
3461 5648 3631 5719 ύγράν
3663 5649 3755 5701 καὶ

2184 5735 2557 5806 εὐανάλωτονς
2601 5740 2710 5796 Καὶ
2757 5742 2904 5807 ὅπως
2941 5740 3079 5797 κατά
3117 5740 3177 5797 τὸ
3226 5740 3447 5813 ἔσχατον
3484 5741 3518 5811 ἠ
3565 5737 3635 5812 γῆ
3671 5737 3751 5809 τῷ
