4034 6470
217 296 324 355 937

1341 321 1618 380 CONTRA
1650 324 2039 394 EUNOMIUM,
2079 330 2350 389 Μελ-ΧΠ.

3372 341 3477 398 938

223 417 386 526 πριντὶ
429 419 816 526 ύποὸἐσληται,
862 428 913 481 τί
963 429 1019 483 τὸ
1056 433 1328 500 φυλάσσον
1375 441 1432 492 ὲν
1472 440 1550 510 τῷ
1599 441 1800 514 βεϐαίῳ

1915 446 2037 516 ιιιίιΙ
2067 462 2216 513 esse,
2241 448 2328 504 vel
2356 447 2462 506 sub
2504 464 2669 520 quam
2705 454 3090 511 necessitatem
3141 455 3328 526 adigi?
3378 455 3478 514 Ille

220 505 321 575 τὴν
351 507 570 576 στάσιν;
603 513 666 565 Τί
701 516 762 569 τὸ
793 518 1070 589 ὑπερεῖδον
1091 523 1259 594 αὐτῆς
1286 528 1384 596 τὴν
1418 505 1611 583 ini-ro
1645 505 1795 588 κάτω

1915 505 2080 592 intem
2120 505 2598 594 immaterialis'et
2647 541 2908 598 aetherius
2945 546 3112 615 ignis,
3155 505 3319 618 atquue
3388 549 3480 606 hic

220 596 428 668 'tpop'c'tv;
459 601 519 654 Et
545 603 714 658 ταῦτα
739 608 828 660 καὶ
854 609 919 662 τὰ
943 610 1170 668 τοιαῦτά
1211 633 1294 680 τις
1324 619 1473 688 ἡμᾶς
1506 620 1795 686 κατεξετά-

226 684 328 749 (ot,
361 689 468 760 ἄρα
500 692 581 756 τίς
601 694 752 750 ἔσται
774 700 1022 755 τοσοῦτον
1043 707 1375 778 ἀνεστηκὼς,
1407 709 1547 764 ὥστε
1569 713 1802 768 καθυποο

227 779 450 846 σχέσθαι
472 782 578 836 τῶν
603 787 855 842 τοιούτων
873 791 972 862 τὴν
993 795 1192 863 γνῶσιν
1213 814 1230 861 ;
1259 799 1421 853 Οὐδὲν
1446 801 1552 872 γὰρ
1577 803 1656 866 εἰς
1677 805 1800 857 ἁπό-

226 886 407 940 γρισιν
451 878 561 937 τοῖς
606 879 942 952 εὐγνώμοσιν
988 885 1020 956 ἢ
1072 887 1230 942 τοῦτο
1280 890 1540 957 λείπεται,
1565 895 1645 947 ὅτι
1675 898 1704 949 ό
1733 897 1804 950 τὰ

223 961 399 1014 πάντα
447 965 502 1015 ὲν
549 967 705 1039 σοφίᾳ
751 973 998 1042 ποιήσας.
1035 976 1194 1045 μόνος
1235 979 1339 1032 οἶδε
1394 981 1483 1034 τὸν
1522 982 1674 1050 λόγον
1704 985 1802 1054 τῆς

221 1048 471 1114 κτίσεως.
512 1054 696 1124 Ἡμεῖς
726 1058 782 1115 δὲ
812 1062 986 1116 πίστει
1021 1066 1251 1138 νοοῦμεν
1288 1072 1643 1143 κατηρτίσθαι
1678 1077 1802 1140 τοὺς

217 1138 426 1203 αἰῶνας
478 1145 680 1213 ῥήματι
719 1149 886 1216 θεοῦ,
935 1153 1113 1218 καθώς
1161 1175 1324 1229 φησιν
1379 1161 1407 1212 ὸ
1462 1161 1800 1228 Ἀπόστολος.

1898 627 2120 686 infusus
2168 645 2264 699 per
2326 630 2588 696 medium,
2639 648 2753 700 aer,
2801 637 2897 706 qui
2951 637 3102 694 velut
3146 653 3338 696 murus
3392 649 3480 698 est

1903 721 2123 790 quidam
2157 721 2518 793 intersepiens
2547 732 2798 782 naturam
2828 728 3235 786 calefacientem
3264 739 3318 786 et
3343 746 3479 789 con-

1898 821 2211 866 eminentem
2260 812 2331 868 ab
2379 811 2602 867 humida
2654 823 2849 871 natura
2902 825 2960 872 et
3010 830 3341 889 consumpta
3400 820 3482 874 fa-

1908 899 2036 954 cili?
2077 899 2256 970 Atque
2301 903 2579 971 quomodo
2639 911 2786 959 terra
2832 907 2888 959 in
2923 916 3074 976 parte
3105 907 3212 961 ima
3255 908 3310 962 in
3352 907 3478 963 uni-

1907 1003 2068 1044 verso
2104 989 2319 1048 ﬁrmata
2365 1000 2423 1046 et
2475 993 2760 1063 subjecta!
2789 995 3053 1066 quidnam
3094 1003 3181 1054 est
3227 996 3373 1067 quod
3421 997 3478 1054 in

1909 1081 2066 1138 ﬁrmo
2096 1091 2299 1142 statum
2325 1087 2641 1144 custodiat?
2667 1088 2929 1158 quidnam
2960 1089 3161 1152 ﬁrmat,
3185 1097 3239 1147 et
3271 1090 3480 1146 stabilit

1908 1171 2030 1240 ejus
2065 1173 2134 1228 ad
2166 1174 2336 1233 imum
2369 1177 2672 1233 lationem?
2705 1179 2760 1234 Si
2811 1179 2926 1234 haec
2969 1188 3024 1236 et
3054 1180 3184 1234 talia
3217 1181 3343 1252 quis
3377 1195 3479 1236 nos

220 1231 559 1341 exquirendo
589 1233 915 1335 interroget,
969 1259 1037 1296 an
1069 1245 1192 1314 quis
1240 1250 1342 1303 erit
1402 1251 1536 1306 adeo
1575 1255 1773 1310 mentis
1811 1231 1988 1319 impos
2019 1271 2074 1319 et
2103 1276 2259 1319 extra
2381 1267 2648 1336 deiectus,
2703 1277 2764 1324 ut
2800 1270 2989 1324 talium
3065 1231 3308 1341 polliceri
3379 1286 3481 1326 au.

221 1319 803 1430 (Ieat.cognitio.nem?
847 1331 993 1388 Nihil
1051 1339 1221 1410 aequis
1271 1352 1323 1395 et
1371 1343 1618 1400 candidis
1653 1349 1784 1404 viris
1823 1353 1892 1404 ad
1968 1368 2296 1426 responsum
2380 1319 2745 1429 reiiiitluiiur,
2803 1377 2968 1434 quam
3019 1319 3166 1432 quod
3231 1363 3324 1418 ille
3379 1364 3476 1433 qui

217 1413 409 1466 ornnia
439 1415 493 1468 in
531 1418 800 1488 sapientia
834 1423 1033 1492 fecit",

218 1511 410 1572 aptata
433 1522 555 1563 esse
580 1513 800 1577 saecula,
837 1517 979 1573 sicut
1016 1522 1092 1576 ait
1119 1523 1416 1592 Apostolus
1442 1531 1482 1584 ⁸.

296 1599 358 1652 Ei
399 1596 491 1654 οὖν
540 1603 690 1658 κάτω
741 1610 914 1675 κτίσις
955 1615 988 1684 ἡ
1019 1617 1183 1689 μέχρι
1223 1622 1330 1675 τῶν
1357 1625 1659 1695 αἰσθήσεων
1693 1629 1800 1682 τῶν

543 1694 1006 1815 φθάνουησαέὐπὲῖρ
1030 1711 1300 1815 tantae-cpe
1326 1719 1423 1787 τῆς
1455 1688 1802 1796 ἀνθρωπίνης

223 1783 248 1828 ὲ
258 1783 344 1832 στὶ

221 1870 499 1976 ξτξηιενος.
549 1879 700 1944 ἐντὸς
742 1884 841 1955 τῆς
909 1870 1348 1962 ἡμετέρας-ἐστὶ
1413 1870 1805 1976 καταλήψεωές

225 1962 546 2065 gat-atem;
573 1970 744 2065 ταῦτα
788 1977 881 2029 καὶ
911 1981 1077 2048 μανία
1115 1984 1331 2058 ψευδὴς,
1368 1991 1548 2057 καθώς
1577 1962 1810 2065 φΙτΞσινῈ

221 2051 549 2154 ΠροφήτηςῘ
582 2058 640 2110 τὸ
667 2061 872 2116 οἴεσθαι
891 2051 1280 2141 δυνατὴνεῖναί
1299 2051 1402 2130 τινι
1430 2051 1662 2151 τὴνντδὺν
1687 2051 1812 2154 did);

224 2160 385 2199 πτων
418 2148 712 2218 περίνοιαν.
753 2154 939 2220 Οὕτως
984 2159 1133 2214 ἔστιν
1175 2165 1301 2219 ἰδεῖν
1335 2148 1506 2242 μικρά
1533 2178 1699 2244 νήπια
1724 2176 1810 2231 διὰ

223 2233 329 2305 τὴν
377 2237 440 2288 ἐκ
489 2239 588 2309 τῆς
637 2242 849 2312 ἡλικίας
892 2248 1112 2318 ἄγνοιαν
1147 2255 1404 2319 παίζοντά
1439 2278 1497 2313 τε
1536 2263 1669 2333 ὁμοῦ
1715 2267 1811 2322 καὶ

224 2326 620 2391 σπουδάζοντα.
659 2333 923 2401 Πολλάκις
949 2341 1056 2411 γάρ
1083 2343 1300 2408 ἀκτῖνος
1341 2349 1574 2419 ἡλιακῆς
1599 2353 1686 2410 διά
1717 2355 1811 2408 θυι

223 2417 378 2487 ρίδος
408 2420 589 2487 αὐτοῖς
610 2427 937 2500 εἰσρυεῖσης,
971 2437 1332 2507 περιχαρὲντα
1358 2439 1434 2510 τῷ
1463 2443 1647 2498 κάλλει
1677 2447 1810 2519 πρὸς

221 2509 293 2608 τό
318 2511 637 2608 φαινόμενον
668 2517 827 2608 ίεται,
858 2523 951 2574 καὶ
994 2525 1179 2598 φέρειν
1210 2509 1502 2597 φιλονεικεῖ
1527 2534 1613 2588 διὰ
1629 2509 1811 2608 χειρὸς

220 2598 334 2669 τὴν
365 2601 576 2664 ἀκτῖνα,
609 2607 701 2658 καὶ
735 2607 1054 2680 διαμάχεται
1089 2614 1223 2685 πρὸς
1265 2615 1489 2688 ἄλληλα,
1523 2598 1811 2695 κα“ι’ίτατε’ριζ

221 2689 528 2760 δράσσεται
556 2695 648 2748 τοῦ
681 2700 854 2766 φωτὸς
881 2704 945 2772 τῇ
981 2705 1236 2778 περιϐολῇ
1273 2707 1380 2760 τῶν
1411 2709 1707 2776 δακτύλων,
1737 2715 1811 2779 ὡς

215 2783 442 2848 οἴεται,
487 2785 586 2857 τὴν
633 2790 808 2861 αὐγὴν
861 2793 1234 2870 ἐνδησάμενα·
1282 2801 1417 2856 ἀλλὰ
1470 2804 1810 2877 διαλυθείσης

221 2875 342 2928 τῶν
369 2877 645 2934 δακτύλων
692 2884 789 2953 τῆς
829 2886 1129 2960 ἐμπλοκῆς,
1159 2891 1370 2959 γέλωτα
1403 2901 1547 2949 ποιεῖ
1577 2901 1687 2962 τοῖς
1720 2875 1813 2969 νή-

224 2968 381 3031 πίοις
415 2972 504 3024 καὶ
536 2973 730 3043 κρότον
750 2975 1068 3049 διαρρυεῖσα
1093 2982 1200 3036 τῶν
1226 2985 1425 3058 χειρῶν
1460 2991 1492 3058 ἡ
1523 2989 1624 3061 τῆς
1653 2968 1810 3044 ἀκτῖ-

221 3075 326 3150 νος
361 3059 519 3132 λαὸή.
560 3063 716 3119 Οὕτω
737 3067 832 3120 καὶ
865 3069 932 3122 τὰ
957 3070 1055 3141 τῆς
1086 3074 1356 3147 ἡμετέρας
1383 3059 1589 3146 γενεᾶς
1603 3082 1808 3150 παιδία,

226 3149 418 3246 acadd);
452 3158 673 3246 concivi;
705 3137 1158 3233 παραϐολὴξταῖς
1203 3137 1429 3239 ἀγοραῖς
1466 3137 1812 3246 ἐγκαθήμενα
1839 3137 1881 3195 c

229 3237 441 3302 παίζει.
484 3243 546 3294 0i
581 3244 677 3314 τὴν
713 3246 860 3302 θείαν
897 3249 1124 3323 δύναμιν
1163 3255 1252 3314 διὰ
1295 3259 1403 3313 τῶν
1427 3261 1524 3331 τῆς
1551 3263 1813 3336 Προνοίας

227 3329 410 3422 λόγων
446 3334 538 3385 καὶ
574 3334 682 3422 τῷν
735 3336 1029 3410 θαυμάτων
1057 3346 1177 3411 ταῖς
1201 3346 1399 3418 ψυχαῖς
1437 3329 1813 3422 ἐλλάμπουσαν

224 3420 548 3490 βλέποντες,
579 3420 690 3480 οἷον
720 3429 914 3484 ἀκτῖνα
945 3451 1064 3488 τινα
1088 3436 1180 3490 καὶ
1211 3438 1522 3513 θερμότητα
1553 3420 1649 3514 τῆς
1673 3446 1817 3516 ἡλια-

229 3514 341 3583 κῆς
369 3514 742 3588 ἀπορρέουσαν
772 3522 1003 3590 φύσεως,
1030 3529 1150 3598 οὐχ).
1180 3531 1515 3601 θαυμάζουσι
1535 3535 1632 3606 τὴν
1655 3514 1815 3608 χάριν

227 3609 333 3661 καὶ
353 3611 717 3679 προσκυνοῦσι
776 3617 866 3670 τὸν
921 3618 1009 3672 διά
1063 3623 1267 3678 τούτων
1321 3626 1605 3696 νοούμενον
1632 3645 1645 3657 ·
1699 3631 1814 3685 ἀλλ’

229 3700 576 3792 ὑπερβάντες
617 3704 678 3758 τὸ
701 3710 945 3779 χωρητὸν
975 3714 1040 3783 τῇ
1073 3712 1238 3785 ψυχῇ,
1266 3719 1384 3780 ταῖς
1411 3719 1520 3772 τῶν
1550 3700 1817 3792 σοφισμά-

229 3807 346 3842 των
381 3789 573 3857 λαϐαῖς
593 3795 688 3848 τοῦ
717 3797 956 3868 ἀναφοῦς
986 3803 1455 3875 περιδράσσονται,
1483 3811 1580 3864 καὶ
1595 3816 1816 3882 κρατεῖν

226 3882 445 3937 οἴονται
482 3884 570 3939 διὰ
593 3886 700 3940 τῶν
733 3890 1107 3965 συλλογισμῶν
1136 3895 1278 3968 ἅπερ
1303 3898 1506 3953 οἴονται
1525 3919 1539 3932 ο
1577 3901 1818 3975 διασχόν-

230 3989 330 4036 τος
355 3971 538 4062 δὲτοῦᾷ
558 3973 718 4046 λόγου
757 3981 850 4034 καὶ
881 3981 1270 4049 διαπτύξαντος
1289 3987 1388 4056 τὴν
1417 3988 1526 4043 τῶν
1553 3971 1818 4062 σοφισμάο

229 4075 347 4111 των
391 4059 606 4132 πλοκὴν,
645 4065 956 4136 εὑρίσκεται
978 4073 1088 4135 τοῖς
1121 4073 1243 4126 νοῦν
1271 4074 1452 4146 ἔχουσι
1481 4080 1540 4132 τὸ
1559 4080 1820 4154 ἀπειλημ-

233 4149 403 4219 μένον
464 4153 645 4208 ούδέν⁶
701 4157 843 4214 οὕτω
878 4166 1272 4237 μικροπρεπῶς
1304 4185 1361 4220 τε
1407 4171 1498 4223 καὶ
1543 4171 1816 4242 βρεφικῶς

233 4244 351 4304 τοῖς
394 4243 696 4316 ἀμηχάνοις
750 4250 1235 4322 ὲμματαιάζοντες,
1283 4254 1394 4314 οἷόν
1432 4277 1539 4315 τινι
1593 4264 1819 4338 παλάμῃ

237 4333 465 4406 παιδικῇ
499 4337 598 4409 τὴν
629 4341 983 4414 ἀπερινόητον
1005 4346 1097 4399 τοῦ
1124 4348 1257 4403 Θεοῦ
1285 4351 1445 4420 φύσιν
1467 4356 1585 4417 ταῖς
1611 4333 1818 4426 ὀλίγαις

238 4428 534 4494 συλλαϐαῖς
556 4432 654 4502 τῆς
689 4434 1013 4508 ἁγεννησίας
1033 4441 1458 4508 ὲναποκλείουσι.
1477 4447 1569 4500 καὶ
1589 4463 1816 4516 συναγο-

1093 1431 1246 1488 solus
1287 1437 1434 1490 novit
1475 1449 1741 1497 creaturae
1803 1445 2092 1502 rationem.

2185 1451 2295 1506 Nos
2368 1462 2548 1507 autem
2601 1453 2703 1509 ﬁde
2754 1454 3126 1526 intelligimus.
3175 1455 3338 1511 verbo
3386 1455 3479 1512 Dei

1979 1628 2036 1683 Si
2085 1630 2271 1700 itaque
2302 1631 2411 1686 ima
2458 1640 2734 1696 creatura,
2768 1649 2891 1703 quae
2941 1642 3165 1692 nostros
3201 1651 3374 1705 usque
3410 1638 3480 1694 ad

1910 1737 2105 1778 sensus
2145 1723 2424 1792 pertingit,
2460 1725 2681 1780 modum
2712 1726 2962 1782 humana
3016 1728 3348 1798 cognitionis
3383 1745 3480 1786 stt-

377 1783 655 1888 yvtbcat»;,
680 1789 797 1854 πῶς
830 1794 858 1847 ό
900 1797 1045 1867 μόνῳ
1079 1783 1342 1874 θελήματι
1371 1783 1432 1862 τὸ
1468 1783 1574 1865 πᾶν
1611 1783 1809 1888 auctr);

1915 1822 2082 1881 perat,
2139 1783 2413 1882 quemn-do
2465 1813 2512 1866 is
2546 1814 2640 1883 qui
2679 1813 2795 1868 sola
2848 1783 3122 1870 voluntate
3157 1817 3476 1873 universum

1909 1902 2221 1966 constituit,
2254 1903 2311 1956 in
2343 1911 2528 1966 nostra
2563 1903 3048 1973 comprehensione
3073 1908 3483 1966 contineretur?

1910 1994 2140 2050 Vanitas
2182 1993 2297 2049 haec
2326 2001 2380 2049 et
2411 1994 2567 2050 furor
2602 1993 2776 2050 falsus
2813 2036 2828 2061 ,
2857 1995 3002 2051 sicut
3047 1997 3125 2051 ait
3173 1997 3475 2070 Propheta,

1911 2094 2102 2154 putare
2126 2084 2762 2156 incompreiiensibilium
2781 2086 3146 2157 cognitionem
3168 2089 3334 2146 alicui
3356 2105 3483 2148 con-

1910 2185 2123 2226 cassam
2187 2185 2332 2227 esse.
2393 2171 2484 2226 Sic
2541 2171 2725 2227 videre
2779 2173 2904 2228 licet
2967 2177 3226 2245 parvulos
3260 2187 3483 2250 propter

1910 2261 2088 2317 aetatis
2107 2261 2339 2335 puerilis
2359 2261 2725 2329 ignorantiam
2746 2263 2933 2318 ludere
2951 2264 3119 2320 simul
3140 2274 3194 2320 et
3217 2269 3438 2324 studere
3464 2284 3480 2323 :

1913 2367 2054 2422 saepe
2106 2352 2254 2410 enim
2287 2353 2441 2410 radio
2471 2352 2638 2408 solari
2672 2369 2766 2423 per
2795 2352 3092 2412 fenestram
3124 2357 3194 2412 ad
3232 2358 3358 2414 illos
3390 2358 3482 2414 in-

1911 2443 2130 2508 ﬂuente,
2183 2443 2437 2500 delectati
2485 2443 2911 2513 pulchritudine,
2965 2446 3033 2500 ad
3081 2446 3134 2504 id
3183 2447 3330 2519 quod
3387 2464 3485 2520 ap-

1913 2541 2067 2606 paret
2099 2541 2254 2600 eunt,
2298 2544 2354 2591 et
2379 2549 2546 2588 manu
2606 2533 2817 2588 radium
2845 2533 2990 2590 ferre
3037 2538 3397 2604 contendunt,
3425 2550 3482 2595 et

1912 2627 2054 2680 inter
2127 2639 2190 2681 se
2252 2636 2513 2696 pugnant,
2563 2633 2726 2694 atque
2772 2625 3067 2696 digitorum
3121 2643 3290 2694 nexu,
3337 2631 3486 2688 sicut

1913 2727 2125 2788 putant,
2187 2717 2326 2774 lucis
2359 2717 2622 2787 fulgorem
2678 2717 2943 2789 illigatum
2985 2718 3232 2790 undique
3288 2737 3482 2794 appre-

1915 2808 2180 2872 luendum,
2215 2806 2312 2864 sed
2338 2807 2638 2877 digitorum
2664 2807 2935 2866 dissoluto
2957 2811 3270 2882 complexu,
3309 2814 3482 2868 risum

1911 2909 1966 2954 et
2008 2900 2260 2968 plausum
2297 2898 2542 2970 parvulis
2573 2898 2755 2955 facere
2785 2899 3002 2956 videtur
3027 2916 3058 2956 e
3090 2903 3346 2960 manibus
3373 2905 3483 2960 dif-

1912 2990 2087 3050 ﬂuens
2114 2990 2252 3048 radii
2274 2990 2473 3062 captio.
2508 2988 2601 3045 Sic
2618 3001 2820 3049 nostrae
2835 2992 3206 3065 generationis
3235 2994 3473 3063 parvuli,

1913 3084 2056 3138 sicut
2082 3082 2260 3152 inquit
2295 3081 2575 3151 parabola,
2614 3082 2667 3137 in
2700 3081 2832 3139 furis
2864 3082 3211 3139 considenles
3244 3084 3476 3142 ludunt:

1916 3174 2012 3244 qui
2059 3173 2301 3227 divinam
2349 3173 2646 3242 potentiam
2695 3188 2794 3247 per
2829 3172 3193 3235 Providentiae
3244 3177 3486 3237 rationes

1916 3270 1970 3318 et
2025 3262 2290 3317 miracula
2349 3262 2660 3318 illucentcm
2718 3261 2980 3326 videntes,
3039 3263 3186 3318 velut
3269 3265 3484 3320 radium

1871 3415 1882 3422 ,
1916 3354 2205 3422 quemdam
2231 3360 2287 3410 et
2317 3353 2556 3407 calorem
2595 3369 2626 3410 e
2675 3353 2840 3410 solari
2885 3360 3079 3410 natura
3122 3353 3482 3420 deﬂuentem,

1915 3458 2017 3502 nec
2032 3443 2374 3500 admirantur
2389 3446 2744 3515 gratiam,nec
2758 3444 2988 3500 adorant
3003 3460 3125 3498 eum
3146 3445 3241 3516 qui
3259 3461 3354 3516 per
3370 3446 3489 3501 haec

1918 3535 2276 3606 intelligitur;
2329 3535 2427 3590 sed
2465 3535 2636 3590 animi
2685 3545 2908 3608 captum
2961 3540 3326 3608 supergressi,
3389 3553 3476 3595 ar-

1917 3626 2190 3700 gutiarum
2235 3626 2692 3700 prehensionilius
2743 3643 2869 3685 eum
2911 3629 3000 3698 qui
3055 3637 3265 3683 tactum
3301 3627 3488 3702 eil'uglt

1919 3732 2134 3774 omnem
2170 3719 2634 3788 complectuntur,
2661 3726 2824 3790 atque
2855 3734 2914 3776 se
2930 3728 3123 3790 putant
3151 3727 3338 3778 tenere
3362 3723 3483 3778 suis

1920 3808 2488 3879 argumentationibus
2530 3824 2595 3866 ea
2622 3825 2743 3879 quae
2775 3811 3092 3880 opinantur.
3127 3808 3266 3865 Cum
3301 3819 3486 3867 autem

1919 3901 2058 3954 ratio
2100 3899 2485 3970 penetraverit,
2537 3907 2594 3958 et
2647 3900 3002 3970 explicaverit
3032 3899 3373 3969 argutiarum
3430 3908 3488 3956 ct

1918 3993 2230 4062 captionum
2263 3992 2503 4062 plexum,
2525 3992 2581 4048 hi
2611 3994 2706 4064 qui
2737 4001 2918 4050 mente
2942 4003 2995 4049 et
3019 3993 3249 4050 rationis
3265 3992 3484 4064 judicio

1919 4084 2120 4146 valent,
2155 4082 2288 4140 nihil
2311 4083 2766 4154 comprehensum
2805 4098 2929 4139 esse
2976 4084 3343 4153 coutperiunt.
3393 4083 3487 4142 Sic

1920 4176 2119 4248 pusillo
2166 4177 2350 4232 animo
2399 4185 2453 4232 et
2495 4175 2758 4240 infantili,
2809 4177 2957 4234 circa
3008 4176 3368 4248 impossibilia
3419 4178 3476 4234 in

1919 4283 2118 4324 vanum
2169 4269 2501 4333 laborantes,
2561 4268 2728 4324 veluti
2773 4267 3009 4340 quadam
3059 4269 3240 4340 palma
3287 4271 3484 4341 puerili

1922 4361 2402 4433 imperceptibilem
2431 4359 2528 4415 Dei
2556 4369 2806 4418 naturam
2837 4361 3029 4434 paucis
3055 4361 3282 4432 syllabis
3311 4362 3480 4432 hujus

1928 4453 2168 4510 nominis
2214 4452 2540 4526 ἀγεννησίαν
2594 4452 2902 4515 includunt,
2947 4459 3002 4509 et
3052 4467 3168 4508 sua
3197 4452 3489 4510 dementia:

237 4518 461 4590 ρεύουσι
479 4524 542 4592 τῇ
567 4526 854 4598 παρανοίᾳ,
877 4529 970 4583 καὶ
982 4530 1178 4586 οἴονται
1201 4534 1451 4588 τοσοῦτον
1473 4538 1568 4591 καὶ
1580 4521 1814 4593 τοιοῦτον

1925 4518 2357 4610 patrocinentur,
2401 4518 2572 4612 atque
2622 4541 2917 4612 opinantur
2946 4548 3155 4595 tantum
3213 4550 3269 4600 et
3323 4543 3487 4602 talem

238 4610 378 4666 εἶναι
424 4614 486 4666 τὸ
521 4614 692 4681 Θεῖον,
733 4618 807 4682 ὡς
827 4619 1157 4696 ἀνθρωπικῷ
1173 4625 1416 4698 λογισμῷ
1433 4628 1691 4686 δύνασθαι
1729 4631 1819 4686 διὰ

241 4705 377 4775 μιᾶς
404 4708 772 4780 προσηγορίας
793 4712 1294 4785 ἐμπεριείργεσθαι,
1333 4719 1427 4771 καὶ
1456 4723 1574 4786 ταῖς
1594 4722 1691 4790 μὲν
1710 4722 1821 4776 τῶν

239 4798 414 4865 ἁγίων
427 4804 628 4868 φωναῖς
642 4802 952 4860 ἀκολουθεῖν
970 4824 1069 4878 σχη
1077 4808 1409 4877 ματίζονται’
1426 4812 1605 4864 αὐτῶν
1616 4812 1672 4865 δὲ
1687 4815 1823 4866 ἐκεί.

242 4913 352 4948 νων
377 4895 768 4968 ὑπεραίροντες
797 4901 996 4965 αὐτοὺς
1019 4903 1080 4956 ού
1113 4903 1428 4958 δεδοίκασιν.
1444 4907 1510 4961 Ἃ
1527 4905 1635 4978 γὰρ
1651 4908 1822 4974 οὐδεὶς

244 4986 354 5039 τῶν
380 4989 664 5061 μακαρίων
705 4991 914 5061 ἀνδρῶν
952 4995 1187 5065 εἰρηκὼς
1219 4996 1605 5063 ἐπιδείκνυται,
1633 4993 1708 5053 ὧν
1733 5017 1816 5064 τις

245 5079 343 5133 καὶ
360 5079 514 5150 λόγος
539 5084 601 5136 ἐν
628 5087 746 5147 ταῖς
775 5084 946 5149 θείαις
980 5086 1180 5155 βίϐλοις
1201 5088 1544 5164 ἀνάγραπτος
1573 5089 1816 5161 φέρεται,

244 5170 421 5225 ταῦτα
439 5167 602 5236 οὗτοι,
636 5175 816 5239 καθώς
839 5195 1002 5248 φησιν
1025 5181 1052 5230 ὁ
1089 5181 1143 5232 ’Δ
1156 5180 1424 5245 πόστολος,
1446 5179 1544 5249 Μὴ
1576 5181 1820 5248 εἰδότες,

243 5265 399 5334 μήτε
430 5265 470 5319 ἂ
517 5265 764 5336 λέγουσι
812 5270 911 5323 καὶ
948 5271 1079 5339 περὶ
1105 5268 1197 5327 ὧν
1235 5271 1645 5337 eratab-artat,
1679 5275 1826 5344 ὅμως

250 5357 406 5411 αύτοί
452 5375 512 5412 τε
555 5359 752 5412 ειδέναι
783 5361 933 5430 φασὶ,
985 5364 1216 5425 καὶτοῖς
1255 5363 1436 5427 ἄλλοις
1471 5364 1828 5434 καθηγεῖσθαι

253 5449 357 5520 τῆς
386 5450 641 5520 εἰδήσεως
675 5452 1096 5522 μεγαλαυχοῦσι.
1134 5452 1236 5506 Καὶ
1257 5453 1345 5508 διὰ
1360 5453 1518 5507 τοῦτο
1541 5454 1632 5508 τὸν
1663 5454 1831 5508 Μονο-

1921 4648 2045 4686 csse
2085 4631 2274 4698 Deum,
2333 4642 2390 4690 ut
2427 4633 2666 4688 humana
2708 4634 2920 4688 ratione
2955 4647 3050 4701 per
3101 4647 3264 4688 unam
3303 4633 3490 4704 appel-

1924 4723 2180 4782 lationem
2214 4726 2390 4794 possit
2422 4726 2684 4781 coerceri.
2719 4727 2798 4779 Ac
2829 4739 2889 4779 se
2911 4723 3131 4799 quidem
3169 4731 3488 4780 sanctorum

1924 4830 2084 4869 voces
2137 4816 2292 4888 sequi
2337 4815 2636 4872 simulant:
2689 4815 2784 4872 sed
2828 4831 2888 4870 se
2939 4827 3105 4884 supra
3153 4813 3279 4868 illos
3338 4813 3491 4883 ipsos

1925 4906 2266 4974 extollentes,
2307 4922 2405 4963 eos
2457 4921 2566 4964 non
2617 4915 2890 4962 verentur.
2940 4904 3071 4971 Qua:
3113 4903 3258 4962 enim
3308 4903 3494 4961 nullus

1930 4999 2205 5054 beatorum
2239 4998 2478 5056 virorum
2527 5000 2730 5060 dixisse
2773 4997 3204 5067 demonstratur,
3258 5008 3489 5064 quorum

1927 5090 2108 5162 aliqua
2163 5090 2220 5146 in
2264 5090 2466 5150 divinis
2529 5091 2688 5145 libris
2739 5089 2946 5156 scripta
2999 5087 3139 5142 ratio
3191 5084 3490 5162 profertur,

1931 5182 2046 5238 lucc
2091 5181 2201 5246 isti,
2243 5181 2390 5237 sicut
2439 5182 2678 5252 loquitur
2731 5179 3046 5252 Apostolus,
3097 5192 3202 5231 non
3248 5177 3492 5240 scientes,

1935 5288 2095 5340 neque
2106 5287 2223 5342 qua
2237 5271 2436 5336 dicunt,
2459 5286 2619 5341 neque
2634 5270 2698 5324 de
2715 5267 2898 5340 quibus
2919 5269 3191 5338 afﬁrmant
3215 5265 3258 5329 ’,
3279 5279 3495 5325 verum-

1929 5371 2110 5418 tamen
2139 5363 2328 5433 ipsise
2358 5362 2500 5418 scire
2535 5359 2883 5430 proﬁtentur,
2915 5366 2969 5414 et
2997 5358 3120 5414 aliis
3160 5357 3330 5416 duces
3373 5373 3498 5424 esse

1933 5452 2174 5508 scientia
2211 5450 2533 5522 gloriantur.
2567 5449 2643 5502 Ac
2669 5461 2764 5516 per
2787 5447 2896 5508 hoc
2931 5445 3284 5518 Unigenitum
3323 5441 3493 5500 Deum

255 5542 392 5611 γενῆ
422 5542 554 5596 Θεὸν
610 5544 686 5615 μὴ
735 5545 947 5615 άληθῶς
979 5543 1115 5599 εἶναι
1149 5547 1178 5600 ὃ
1207 5545 1422 5616 λέγεται
1451 5545 1810 5618 κατειληφένα

1937 5560 2046 5599 non
2073 5559 2199 5601 vere
2225 5558 2346 5600 esse
2377 5540 2523 5612 quod
2552 5539 2752 5598 dicitur
2801 5537 3288 5611 comprehendisse
3348 5545 3498 5592 asse-

328 5720 352 5754 '
390 5717 538 5775 Psal.
565 5734 688 5782 CIII,
725 5719 814 5774 ει.
893 5720 914 5752 ⁸
951 5719 1113 5774 llcbr.
1143 5736 1178 5785 I,
1210 5719 1265 5775 2.
1340 5721 1408 5775 ’l
1442 5719 1580 5775 Tim.
1621 5733 1661 5786 ι,
1694 5718 1746 5775 7.

538 5819 808 5880 Pnaoc.
853 5818 968 5878 Gn.
1001 5818 1186 5881 XLV.

3074 5807 3151 5869 30
