4034 6478
557 330 664 387 939

1822 326 1877 379 S.
1919 323 2245 379 GREGORII
2272 323 2565 379 NYSSENI

3691 313 3787 368 950

561 457 791 518 verant,
832 445 1129 500 necessitas
1182 447 1328 503 enim
1373 444 1852 501 ratiocinationum
1895 443 1999 497 hoc
2039 442 2127 511 ju-

2242 444 2662 514 Ξιισχυρίζονται.
2692 440 2757 493 Ἡ
2780 438 2888 509 γὰρ
2903 436 3012 491 τῶν
3034 430 3405 503 συλλογισμῶν
3419 428 3625 498 ἀνάγκη
3643 428 3789 481 τοῦτο

564 546 671 597 bet.

632 639 806 701 Quam
861 636 1046 690 miseri
1096 644 1151 690 et
1177 634 1398 689 solertia
1424 631 1703 687 destituti!
1745 629 1917 695 Quam
1947 626 2129 680 infelix
2164 700 2170 705 '

566 730 701 799 ipsis
726 738 780 783 et
812 728 1052 784 exitialis
1082 728 1427 782 considerata
1461 723 1835 795 philosophia!
1872 720 2007 786 Quis
2058 722 2133 773 ita

564 820 690 873 data
720 834 887 889 opera
921 829 1116 889 sponte
1154 834 1253 873 sua
1281 818 1393 871 ruit
1418 818 1472 870 in
1503 815 1845 878 barathrum,
1870 814 2013 866 sicut
2044 812 2131 865 isti

566 914 752 966 labore
788 922 841 965 et
882 912 1061 966 studio
1093 912 1269 963 lacum
1322 908 1668 979 blasphemiae
1696 906 1802 961 sibi
1871 904 2005 974 ipsis
2054 902 2134 957 lo-

564 1005 1032 1073 (lerunt?quanta
1070 1016 1327 1056 mensura
1361 1017 1389 1053 a
1423 1016 1518 1070 spe
1549 999 1991 1053 Christianorum
2030 994 2137 1049 fru-

567 1098 722 1151 strati
776 1107 903 1150 sunt
928 1104 982 1150 et
1018 1095 1214 1150 excisi!
1267 1093 1425 1158 Quali
1470 1093 1619 1145 hiatu
1673 1089 1739 1144 ad
1784 1090 2135 1143 servatriCcm

568 1188 729 1242 ﬁdem
777 1188 1057 1255 intersepti
1114 1186 1270 1238 sunt!
1304 1182 1519 1249 Quanto
1555 1182 1677 1237 sinu
1726 1194 1755 1232 a
1814 1178 1917 1233 title
1962 1178 2137 1247 patris

567 1281 797 1335 Abrahae
835 1278 1237 1347 demigrarunt!
1268 1276 1361 1331 llle
1385 1276 1452 1341 (si
1484 1283 1699 1344 oportet
1729 1273 2028 1330 secundum
2056 1272 2137 1324 in-

568 1373 711 1440 genii
744 1372 1133 1427 sublimitatem
1174 1369 1415 1438 Apostoli
1476 1377 1682 1420 mutata
1738 1381 1869 1418 voce
1935 1366 2136 1433 allego-

565 1467 675 1518 rice
719 1469 954 1513 mentem
1007 1469 1061 1513 et
1095 1474 1318 1514 sensum
1357 1459 1599 1513 historia:
1643 1458 1964 1526 intelligere,
2024 1468 2134 1507 ma-

568 1561 729 1607 nente
755 1552 1013 1605 nimirum
1047 1552 1309 1605 historica
1330 1550 1601 1618 veritate),
1630 1550 1743 1613 ille,
1779 1549 2023 1616 inquam,
2058 1546 2140 1597 di-

564 1642 691 1695 vino
732 1643 987 1696 mandato
1034 1644 1248 1697 exsule
1280 1652 1424 1697 terra
1470 1642 1688 1711 propria
1734 1651 1786 1694 et
1818 1639 2141 1708 cognatione

569 1750 666 1788 sua
688 1734 1059 1804 egressiOnem
1084 1734 1210 1788 feett
1232 1736 1349 1787 viro
1370 1734 1644 1803 prophetae
1659 1731 1931 1792 decoram,
1952 1730 2017 1782 ad
2041 1728 2131 1783 Dei

568 1826 935 1897 cognitionem
974 1827 1207 1893 urgenti.
1246 1824 1359 1879 Non
1393 1826 1537 1878 enim
1572 1824 1705 1878 mihi
1737 1824 1949 1878 videtur
1980 1837 2127 1890 qua:-

566 1918 693 1971 dam
724 1917 913 1973 localis
957 1918 1279 1987 demigratio
1322 1933 1514 1970 eorum
1560 1932 1682 1985 quae
1717 1914 2137 1984 intelligibiliter

566 2010 945 2070 inveniuntur,
968 2009 1264 2061 conciliare
1294 2007 1864 2077 comprehensionem,
1888 2005 1983 2059 sed
2023 2005 2137 2074 ipse

564 2115 630 2153 ex
666 2100 847 2167 seipso
877 2106 933 2152 et
980 2097 1199 2167 propria
1252 2104 1419 2159 terra,
1470 2110 1665 2163 nempe
1723 2109 1786 2148 ex
1823 2102 2038 2147 terreno
2084 2100 2138 2145 et

566 2191 753 2244 humili
780 2189 976 2258 Spiritu
1011 2203 1287 2257 egressus,
1311 2196 1369 2243 ut
1386 2188 1561 2257 quoad
1585 2187 1698 2241 ﬁeri
1733 2193 1935 2255 potest,
1972 2198 2137 2252 supra

566 2280 875 2335 communis
929 2287 1138 2333 naturae
1192 2280 1454 2333 terminus
1503 2293 1656 2331 suam
1706 2276 1879 2345 ipsius
1936 2274 2137 2328 intelli-

565 2370 804 2438 gentiam
836 2368 1081 2429 extollat,
1130 2368 1408 2436 animique
1454 2382 1578 2420 cum
1628 2366 1882 2420 sensibus
1929 2377 2134 2433 cogna-

567 2463 768 2514 tionem
822 2461 1094 2528 relinquat
1132 2478 1145 2514 :
1186 2466 1245 2511 ut
1274 2457 1425 2513 nullo
1454 2472 1642 2511 eorum
1673 2470 1795 2525 quae
1838 2454 2021 2509 sensui
2051 2468 2141 2521 ap-

486 2610 489 2613 λ
566 2559 760 2622 parent
823 2552 1171 2622 praepeditus,
1210 2549 1277 2603 ad
1328 2549 1703 2618 cognitionem
1750 2559 1965 2607 eorum,
2018 2556 2140 2611 qua:

564 2661 788 2699 sensum
839 2647 1123 2700 oculorum
1144 2642 1434 2713 effugiunt,
1480 2641 1810 2696 obscuretur
1830 2644 1885 2691 et
1908 2636 2136 2704 caliget;

563 2752 740 2805 neque
792 2734 977 2789 auditu
1041 2735 1502 2795 circumsonante,
1560 2746 1737 2801 neque
1791 2729 1912 2785 visu
1949 2729 2005 2781 in
2054 2726 2138 2779 his

562 2842 684 2898 qua:
729 2833 993 2897 apparent
1044 2823 1455 2895 intelligentiam
1509 2821 1823 2883 seducente,
1877 2817 2139 2888 quemad-

565 2918 787 2972 modum
828 2917 903 2970 ait
939 2915 1269 2985 Apostolus;
1322 2929 1418 2984 per
1455 2913 1613 2967 tidem
1661 2914 1968 2973 ambulans,
2029 2926 2136 2966 non

566 3009 803 3079 speciem
834 3007 901 3071 ‘°,
939 3007 994 3060 in
1036 3012 1249 3060 tantum
1306 3004 1602 3060 subrectus
1662 3003 1762 3057 fuit
1811 3003 2139 3072 cognitionis

2236 536 2464 589 κελεύει.

2314 628 2403 691 Ὠς
2448 626 2667 680 δείλαιοι
2711 623 2813 693 τῆς
2850 619 3162 690 ἀγχινοίαςο
3195 617 3273 678 ὡς
3318 611 3580 681 δυστυχὴς
3617 609 3792 670 αὐτοῖς

2234 718 2328 771 καὶ
2347 718 2590 787 ὀλέθριος
2633 717 2667 785 ἡ
2718 709 3135 780 κατεσκεμμένη
3185 700 3489 776 φιλοσοφίαῖ
3525 701 3619 762 Τίς
3662 698 3794 787 uinco

2234 810 2375 863 κατά
2400 784 2635 877 σπουδὴν
2657 784 2947 873 αὐτομολεῖ
2981 801 3115 871 πρὸς
3145 800 3206 851 τὺ
3234 798 3523 867 βάραθρον,
3554 793 3626 855 ὡς
3660 784 3794 845 οὗτοι

2218 902 2381 970 πόνῳ
2414 900 2505 952 καὶ
2539 898 2740 967 σπουδῇ
2766 896 2855 949 τὸν
2875 896 3076 948 λάκκον
3105 893 3315 953 ἑαυτοῖς
3338 892 3436 959 τῆς
3464 883 3795 957 βλασφημίας

2234 993 2550 1063 ὠρύξαντος
2580 993 2689 1060 ὅσῳ
2724 989 2801 1060 τῷ
2835 990 3019 1059 μέτρῳ
3043 989 3142 1056 τῆς
3178 984 3392 1045 ἐλπίδος
3417 981 3521 1033 τῶν
3545 979 3793 1049 Χριστια-

2234 1086 2340 1139 νῶν
2374 1083 2762 1153 ἀφωρίσθησαν
2787 1099 2801 1111 ο
2829 1081 2923 1149 οἴῳ
2955 1080 3193 1148 χάσματι
3229 1075 3363 1146 πρὸς
3408 1072 3504 1142 τὴν
3533 1070 3797 1134 σώζουσαν

2236 1176 2418 1229 πίστιν
2454 1170 2906 1241 διετειχίσθησαν’
2946 1170 3067 1221 ὅσον
3096 1167 3185 1219 τὸν
3214 1166 3410 1218 κόλπον
3444 1161 3540 1228 τῆς
3574 1159 3799 1219 πίστεως

2235 1266 2327 1319 τοῦ
2356 1266 2567 1336 [ἰατρὸς
2610 1262 2860 1333 Ἀϐρααμ
2907 1256 3316 1330 ἀπῳκίσθησανῖ
3353 1255 3588 1314 Ἐκεῖνος
3633 1252 3702 1320 (εἰ
3729 1250 3802 1301 δεῖ

2239 1358 2379 1411 κατὰ
2418 1357 2514 1425 τὴν
2556 1354 2648 1407 τοῦ
2713 1350 3033 1405 ’Δποστὸλου
3093 1346 3459 1419 μεγαλοφυῖαν
3508 1340 3803 1404 ἀλλάξαντα

2237 1448 2333 1517 τὴν
2361 1448 2542 1516 φωνὴν
2574 1442 2944 1514 ἀλληγορικῶς
2969 1442 3058 1494 τὸν
3089 1440 3212 1493 νοῦν
3242 1439 3342 1507 τῆς
3384 1435 3618 1504 ἱστορίας
3649 1448 3803 1485 κατα·

2238 1543 2446 1611 νοῆσαι,
2484 1538 2747 1609 μενούσης
2764 1535 2963 1606 δηλαδὴ
2992 1532 3083 1586 καὶ
3107 1531 3208 1600 τῆς
3238 1529 3510 1598 ἱστορικῆς
3532 1521 3803 1591 ἀληθείας)

2239 1633 2429 1702 ἐξῆλθε
2489 1631 2576 1684 διὰ
2629 1630 2774 1683 θείου
2816 1628 3234 1698 προστάγματος
3266 1622 3364 1690 τῆς
3402 1618 3534 1677 [δίας
3556 1616 3685 1684 γῆς’
3721 1614 3805 1664 καὶ

2240 1726 2340 1794 τῆς
2393 1724 2512 1778 καθ’
2568 1722 2758 1777 ἑαυτὸν
2804 1719 3137 1788 συγγενείας,
3170 1713 3345 1778 ἔξοδον
3379 1708 3530 1778 ἀνδρὶ
3560 1706 3807 1776 προφήτῃ

2238 1818 2371 1888 πρὸς
2394 1814 2527 1869 Θεοῦ
2546 1813 2866 1883 κατανόησιν
2889 1806 3221 1876 ἐπειγομένῳ
3243 1802 3571 1873 πρέπουσαν.
3595 1797 3675 1848 Οὐ
3707 1795 3805 1863 γάρ

2240 1926 2329 1979 μοι
2357 1908 2502 1960 δοκεῖ
2520 1923 2603 1969 τις
2624 1903 2819 1973 τοπικὴ
2867 1899 3258 1969 μετανάστασις
3296 1892 3405 1945 τῶν
3430 1887 3640 1957 νοητῶς
3674 1885 3808 1955 εὔρις

2239 2002 2515 2070 σχομένων
2534 1996 2809 2069 προξενεῖν
2829 1994 2925 2063 τὴν
2953 1989 3276 2059 κατάληψιν.
3327 1984 3464 2037 Ἀλλ’
3492 1982 3657 2042 αὐτὸς
3685 1982 3805 2032 ἰαυ-

2235 2090 2332 2143 τοῦ
2387 2089 2480 2142 καὶ
2528 2090 2625 2158 τῆς
2687 2085 2821 2147 ἰδίας
2845 2083 2967 2152 γῆς,
2999 2080 3091 2134 τοῦ
3124 2080 3311 2147 γηῖνου
3344 2091 3401 2127 τε
3432 2074 3521 2125 καὶ
3556 2067 3805 2123 ταπεινοῦ

2238 2182 2382 2249 λέγω
2418 2180 2759 2250 φρονήματος
2812 2175 2915 2239 ἔξω
2952 2171 3259 2240 γενόμενος,
3297 2168 3389 2219 καὶ
3419 2163 3705 2233 ὑπεράρας
3743 2160 3809 2219 ὡς

2236 2268 2347 2326 οἶόν
2372 2289 2431 2324 τε
2461 2267 2528 2341 ἦν
2556 2269 2663 2321 τῶν
2685 2266 2876 2321 κοινῶν
2919 2264 3019 2332 τῆς
3054 2262 3273 2329 φύσεως
3322 2258 3464 2327 ὅρων
3490 2250 3691 2306 ἑαυτοῦ
3720 2250 3808 2319 τὴν

2238 2362 2495 2425 διάνοιαν,
2549 2361 2642 2413 καί
2706 2353 3027 2411 καταλιπὼν
3074 2352 3173 2420 τῆς
3223 2348 3403 2418 ψυχῆς
3431 2345 3526 2414 τὴν
3559 2342 3697 2414 πρὸς
3721 2341 3808 2401 τὰς

2238 2454 2513 2522 αἰσθήσεις
2538 2449 2851 2518 συγγένειαν
2877 2464 2891 2476 ·
2926 2445 3001 2507 ὼς
3044 2441 3233 2514 μηδενὶ
3271 2438 3379 2491 τῶν
3411 2436 3530 2488 κατ’
3562 2432 3810 2503 αῑσθησιν

2238 2542 2683 2616 προφαινομένων
2739 2536 3134 2608 διοχλούμενος,
3184 2532 3318 2602 πρὸς
3349 2528 3448 2598 τὴν
3491 2526 3810 2593 κατανόησιν

2236 2638 2345 2691 τῶν
2372 2637 2616 2707 ἀοράτων
2640 2629 3055 2702 ἀμαυρωθῖμαι,
3075 2627 3208 2697 μήτε
3231 2623 3401 2690 ἀκοῆς
3426 2637 3489 2672 πε
3500 2616 3809 2689 ριηχούσης.

2242 2732 2377 2800 μήτε
2412 2728 2585 2795 ὅψεως
2611 2727 2668 2777 ὲν
2697 2725 2806 2785 τοῖς
2836 2720 3179 2791 φαινομένοις
3212 2716 3308 2785 τὴν
3340 2713 3578 2766 διάνοιαν
3602 2708 3813 2761 διαπλα·

2239 2823 2437 2889 νώσης,
2463 2816 2641 2879 καθώς
2669 2831 2832 2884 φησιν
2860 2815 2888 2865 ὁ
2922 2809 3262 2870 ’Λπόστολος,
3291 2805 3377 2859 διὰ
3404 2804 3645 2863 πίστεως
3676 2817 3813 2869 περι-

2240 2911 2447 2974 πατῶν,
2479 2909 2537 2962 οὐ
2576 2908 2663 2960 διὰ
2691 2906 2882 2967 εἴδους,
2916 2904 2995 2964 εἰς
3032 2899 3281 2953 τοσοῦτον
3316 2894 3528 2965 ἐπήρθη
3554 2896 3624 2963 τῇ
3659 2909 3815 2961 μεγαν

2239 3003 2431 3074 λοφυῖᾳ
2457 3001 2552 3071 τῆς
2578 2998 2828 3066 γνώσεως
2848 3036 2861 3057 ,
2898 2994 3037 3046 ὥστε
3091 2994 3211 3062 ὅρος
3238 2987 3567 3059 νομισθῆναι
3597 2987 3700 3053 τῆς
3732 2986 3814 3036 ἀν-

565 3074 942 3169 magnitudine
990 3106 1043 3150 et
1094 3094 1452 3158 excellentia,
1507 3095 1580 3147 ita
1614 3102 1672 3147 ut
1720 3093 1972 3147 humana:
2013 3108 2138 3160 pcr-

2242 3093 2517 3163 θρωπίνης
2544 3086 2873 3147 τελειώσεως
2891 3100 2905 3112 ’
2926 3082 3177 3135 τοσοῦτον
3204 3082 3366 3148 γνοὺς
3397 3077 3489 3131 τὸν
3520 3075 3678 3138 Θεὸν,
3708 3074 3816 3126 ὅσον

566 3189 818 3245 lectionis
872 3188 1141 3244 terminus
1204 3187 1596 3242 existimetur:
1649 3186 1704 3240 in
1763 3194 1981 3241 tantum
2040 3183 2132 3239 Dei

564 3280 929 3349 cognitionem
990 3277 1241 3346 adeptus,
1273 3286 1535 3345 quantum
1589 3275 1670 3330 fas
1701 3284 1786 3329 est
1825 3275 2044 3329 brevem
2088 3281 2144 3327 et

566 3372 848 3426 mortalem
886 3370 1026 3422 hanc
1056 3367 1355 3437 potentiam
1382 3372 1659 3420 extentam
1691 3380 1906 3435 capere.
1939 3363 2143 3429 Quam-

563 3464 753 3516 obrem
788 3460 958 3515 omnis
987 3468 1247 3512 creatura:
1278 3457 1537 3511 Dominus
1558 3497 1572 3519 ,
1612 3471 1676 3512 ac
1706 3458 1752 3512 si
1789 3457 2009 3525 aliquod
2059 3456 2145 3511 in-

571 3564 792 3609 ventum
858 3552 1052 3606 fuisset
1111 3551 1439 3621 patriarchae
1475 3549 1672 3613 factus,
1733 3550 1951 3619 proprie
2006 3548 2142 3603 Deus

571 3645 842 3701 Abraham
890 3644 1243 3698 nominatur:
1306 3648 1682 3697 verumtamen
1737 3640 1867 3710 quid
1936 3642 2004 3695 de
2053 3641 2145 3694 illo

568 3750 749 3792 sermo
781 3735 956 3789 dicit?
986 3736 1131 3805 quod
1168 3733 1337 3788 exivit
1375 3734 1626 3788 nesciens
1658 3747 1767 3801 quo
1800 3732 1902 3785 iret
1935 3732 2001 3785 “.
2030 3729 2140 3785 Sed

568 3842 743 3898 neque
796 3827 872 3881 illi
921 3841 1117 3887 nomen
1155 3826 1277 3896 ejus
1325 3839 1487 3894 quem
1522 3823 1804 3893 diligebat,
1832 3822 2047 3877 discere
2078 3822 2144 3874 li-

567 3923 719 3988 cuit;
757 3934 934 3990 neque
954 3928 1136 3974 tamen
1167 3919 1237 3973 ob
1270 3918 1412 3972 hanc
1442 3917 1804 3988 ignorantiam
1846 3930 1989 3983 :egre
2016 3915 2144 3966 tulit

567 4023 661 4068 aut
687 4012 924 4067 erubuit.
962 4009 1076 4066 Hoc
1098 4010 1270 4083 igitur
1298 4010 1402 4080 ipsi
1429 4017 1547 4063 erat
1582 4023 1776 4065 secura
1808 4018 1862 4062 et
1887 4015 2027 4069 tuta,
2077 4006 2142 4061 ad

568 4104 624 4159 id
658 4104 803 4174 quod
836 4103 1201 4173 quaerebatur,
1256 4102 1535 4163 deductio,
1592 4100 1737 4170 quod
1778 4100 1928 4154 nulla
1957 4115 2145 4154 eorum

569 4212 693 4267 quae
721 4203 970 4266 prompta
1011 4202 1140 4250 sunt
1179 4194 1243 4249 ad
1270 4192 1638 4265 cognitionem
1691 4192 1744 4245 in
1799 4191 1884 4245 his
1937 4193 2147 4246 notitiis

569 4302 693 4358 qua:
721 4286 788 4342 de
816 4285 928 4341 Deo
962 4292 1122 4349 sunt,
1156 4285 1308 4355 quasi
1354 4300 1517 4340 manu
1544 4284 1858 4348 duceretur,
1893 4284 2149 4354 quodque

572 4376 725 4433 nullo
784 4377 1004 4446 penitus
1059 4391 1248 4430 eorum
1296 4390 1417 4445 quae
1455 4375 1841 4446 comprehendi
1894 4384 2145 4443 possunt,

2241 3184 2308 3258 ἦν
2328 3184 2551 3238 δυνατὸν
2575 3182 2675 3251 τὴν
2706 3180 2960 3250 βραχεῖαν
2995 3178 3085 3229 καὶ
3131 3176 3392 3244 ἐπίκηρον
3428 3168 3633 3238 ταύτην
3668 3167 3815 3219 δύνα-

2246 3295 2338 3348 μιν
2364 3272 2758 3345 ὑπερταθεῖσαν
2782 3269 3047 3340 χωρῆσαι.
3081 3263 3381 3334 Τοιγαροῦν
3413 3264 3506 3315 καὶ
3541 3262 3595 3313 Ὀ
3622 3260 3815 3321 πάσης

2242 3367 2491 3430 κτίσεως
2528 3364 2759 3430 Κύριος,
2804 3358 2991 3428 ὥσπερ
3030 3375 3083 3409 τι
3120 3355 3338 3427 εὕρημα
3363 3351 3456 3406 τοῦ
3482 3351 3814 3420 πατριάρχου

2244 3458 2554 3528 γενόμενος,
2620 3452 2765 3513 ἰδίως
2837 3448 2983 3513 Θεὸς
3023 3446 3128 3501 τοῦ
3174 3446 3425 3513 Ἀϐραὰμ
3474 3441 3812 3510 ὀνομάζεται,

2255 3549 2393 3602 Ἀλλ’
2426 3549 2571 3616 ὅμως
2604 3544 2655 3596 τί
2691 3560 2823 3612 φησι
2868 3541 2993 3612 περὶ
3039 3537 3246 3591 ἐκείνου
3272 3539 3299 3590 ὁ
3330 3535 3483 3603 λόγος
3512 3550 3526 3594 ;
3574 3532 3705 3585 Ὀτι
3738 3529 3816 3591 ἐξ·

2244 3640 2423 3711 ἦλθεν,
2459 3638 2557 3690 οὑκ
2587 3633 2947 3702 ἐπιστάμενος
2987 3630 3091 3684 ποῦ
3123 3628 3441 3699 ἀπέρχεται’
3469 3624 3584 3677 ἀλλ’
3612 3621 3734 3674 οὐδὲ
3765 3620 3817 3673 τὺ

2244 3735 2415 3802 ὄνομα
2435 3728 2527 3782 τοῦ
2578 3724 2946 3795 ἀγαπωμένου
2998 3721 3187 3791 μαθεῖν
3234 3719 3508 3789 χωρήσας,
3557 3713 3687 3766 οὔτε
3722 3715 3816 3783 μὴν

2246 3828 2310 3895 τῇ
2340 3823 2530 3891 ἀγνοίᾳ
2555 3819 2728 3889 ταύτῃ
2756 3813 3168 3884 δυσανασχετῶν
3195 3828 3253 3863 τε
3288 3809 3381 3861 καὶ
3408 3806 3813 3875 αίσχυνόμενος.

2246 3915 2415 3968 Τοῦτο
2444 3915 2539 3984 μὲν
2574 3906 2666 3964 οῦν
2692 3907 2839 3977 αῦτῷ
2878 3907 2972 3960 καὶ
2993 3908 3025 3975 ἡ
3054 3902 3298 3973 ἀσφαλὴς
3324 3896 3391 3971 ἦν
3406 3898 3467 3951 τ’)
3492 3896 3815 3966 ζητούμενον

2246 4007 2453 4076 ὁδηγία,
2501 4004 2560 4057 τὸ
2592 4001 2778 4074 μηδενὶ
2803 3999 2912 4052 τῶν
2959 3995 3261 4067 προχείρων
3294 3994 3372 4055 είς
3414 3989 3743 4058 κατανόησιν
3766 3988 3816 4037 ἐν

2245 4099 2363 4159 ταῖς
2387 4096 2513 4163 περὶ
2539 4090 2631 4144 τοῦ
2666 4089 2801 4143 Θεοῦ
2851 4087 3112 4148 διανοίαις
3154 4079 3643 4154 χειραγωγεῖσθαι·
3693 4076 3815 4148 μηδὲ

2246 4207 2349 4242 τινι
2399 4186 2534 4248 ὅλως
2571 4181 2678 4236 τῶν
2723 4175 3289 4248 καταλαμϐανομένων
3320 4172 3644 4226 ὲνσείσασαν
3680 4167 3815 4235 αὑτῷ

2249 4297 2380 4335 ποτε
2412 4278 2511 4348 τὴν
2535 4273 2771 4328 διάνοιαν
2806 4270 2993 4341 στῆναι
3022 4268 3119 4337 τῆς
3142 4268 3218 4328 εἰς
3248 4265 3308 4317 τὸ
3337 4263 3591 4316 ἐπέκεινα
3613 4260 3723 4313 τῶν
3739 4276 3817 4327 γι-

2251 4367 2614 4440 νωσκομένων
2642 4363 2888 4434 πορείας.

571 4477 842 4525 commota
878 4469 1051 4539 ipsius
1089 4432 1441 4540 intelligentia
1482 4432 1831 4538 progressum
1864 4432 2256 4539 eius‘sisteret,
2288 4468 2353 4521 ad
2375 4432 2603 4529 id'quod
2633 4432 2816 4511 omnia
2850 4468 2970 4524 qua.»
2998 4454 3405 4540 cognoscuntur
3439 4432 3682 4515 superat.

645 4560 751 4618 Sed
781 4561 1242 4633 quemadmodum
1278 4561 1592 4630 indigenam
1629 4562 1752 4629 ejus
1792 4563 2137 4632 sapientiam,
2176 4591 2218 4646 υ

571 4650 919 4709 Chaldaicam
956 4652 1079 4707 dico
1122 4652 1541 4721 philosophiam.
1596 4668 1771 4722 usque
1804 4653 1870 4705 ad
1918 4669 1981 4707 ea
2025 4670 2144 4723 qua:

572 4752 839 4813 apparent
878 4743 1269 4799 consistentem
1319 4743 1739 4798 ratiocinatione
1777 4759 1901 4797 cum
1946 4746 2145 4800 transi-

572 4836 770 4898 liisset,
808 4842 971 4905 atque
998 4835 1083 4889 his
1108 4850 1228 4904 qua:
1250 4850 1416 4889 sensu
1441 4844 1853 4904 cognoscuntur
1877 4838 2147 4891 excelsior

572 4923 774 4987 factus,
837 4938 904 4977 ex
945 4922 1357 4993 pulchritudine
1404 4936 1591 4977 eorum
1640 4937 1764 4992 quae
1808 4923 2147 4991 contempla-

571 5014 722 5069 tione
769 5013 1167 5082 percipiuntur,
1218 5020 1382 5081 atque
1437 5027 1504 5066 ex
1555 5012 1860 5069 emlestium
1908 5013 2147 5067 miracu-

572 5106 753 5160 lorum
809 5104 1200 5168 concinnitate,
1253 5103 1446 5159 formis
1493 5119 1603 5159 non
1655 5104 1888 5160 efﬁctam
1920 5118 2021 5159 nec
2047 5119 2144 5159 ex-

572 5210 822 5267 pressam
855 5194 1321 5264 pulchritudinem
1346 5194 1827 5263 videreexpetivit:
1864 5193 1945 5249 sic
1960 5202 2013 5248 et
2037 5194 2142 5247 alia

572 5286 757 5340 omnia
786 5302 906 5356 quae
932 5286 1354 5340 ratiocinatione
1389 5285 1692 5356 procedens
1723 5284 2145 5354 comprehende-

572 5376 684 5442 bat,
733 5378 848 5432 sive
884 5377 1205 5448 potentiam,
1248 5376 1363 5433 sive
1389 5377 1709 5441 bonitatem,
1746 5376 1862 5430 sive
1889 5373 2033 5444 quod
2063 5386 2147 5431 est

573 5474 695 5524 esse
741 5469 949 5539 absque
987 5468 1198 5539 origine
1227 5479 1291 5524 et
1331 5468 1619 5540 principio,
1670 5466 1786 5521 sive
1818 5463 1965 5536 quod
1994 5466 2145 5519 nullo

576 5558 834 5614 delinitur
881 5560 1137 5628 termino,
1188 5561 1305 5617 sive
1342 5560 1474 5631 quid
1516 5560 1663 5615 aliud
1710 5558 1818 5615 tale
1849 5559 2146 5631 cogitatum

685 5736 731 5768 “
770 5735 811 5790 ll
838 5736 965 5792 Cor.
1008 5754 1060 5803 ν,
1096 5738 1147 5793 7.
1260 5738 1301 5771 ¹¹
1338 5737 1501 5794 Hebr.
1536 5753 1613 5807 xt,
1645 5738 1699 5793 8.

2327 4554 2466 4609 Ἀλλ’
2499 4552 2688 4621 ὥσπερ
2718 4547 2817 4618 τὴν
2848 4544 3109 4616 ἐγχώριον
3138 4539 3303 4596 αὐτοῦ
3337 4539 3545 4607 σοφίαν,
3573 4537 3673 4606 τὴν
3696 4534 3823 4588 Χαλ-

2246 4650 2438 4721 δαῖκὴν
2459 4648 2601 4715 λέγω
2624 4640 2959 4715 φιλοσοφίαν,
2989 4638 3147 4709 μέχρι
3168 4636 3275 4687 τῶν
3297 4631 3633 4704 φαινομένων
3655 4627 3813 4682 ἑστῶ-

2251 4740 2435 4812 σαντῷ
2450 4728 2692 4808 λογισμῷ
2704 4733 2910 4797 διαϐὰς,
2929 4732 3023 4785 καὶ
3039 4729 3265 4799 M1615
3276 4743 3365 4798 ρος
3382 4724 3488 4777 τῶν
3502 4723 3592 4775 διὰ
3618 4721 3717 4791 τῆς
3737 4722 3813 4773 aio

2251 4834 2491 4905 σθήσεως
2508 4827 2922 4899 γινωσκομένων
2943 4824 3252 4891 γενόμενος,
3273 4822 3337 4871 ὲκ
3358 4816 3452 4870 τοῦ
3470 4815 3696 4877 κάλλους
3716 4812 3815 4865 τῶν

2250 4922 2658 4995 θεωρουμένων,
2685 4918 2780 4973 καὶ
2808 4918 2872 4970 ὲκ
2914 4917 3013 4987 τῆς
3045 4911 3407 4983 εὐαρμοστίας
3428 4908 3534 4960 τῶν
3557 4905 3811 4995 οὐρανίων

2250 4994 2562 5086 θαυμάτων,
2614 5010 2677 5064 τὸ
2713 5008 2996 5063 ἁτύπωτον
3045 5004 3239 5067 κάλλος
3284 5003 3409 5056 ἰδεῖν
3436 4994 3813 5086 ’ἐπεθύμησενι

2257 5102 2401 5161 οὕτω
2456 5104 2549 5157 καὶ
2587 5102 2656 5156 τὰ
2705 5100 2839 5155 ἄλλα
2878 5099 3054 5152 πάντα
3087 5100 3187 5151 ὅσα
3221 5092 3422 5165 προῖὼν
3460 5090 3539 5160 τῷ
3579 5084 3811 5155 λογισμῷ

2250 5192 2671 5263 κατελάμϐανεν,
2720 5190 2827 5242 εἴτε
2853 5188 3102 5259 δύναμιν,
3133 5185 3239 5239 εἴτε
3275 5182 3599 5252 ἀγαθότητα,
3629 5179 3736 5230 εττε
3758 5175 3810 5226 τὸ

2248 5288 2496 5356 ἀνάρχως
2523 5279 2680 5345 εἶναι,
2704 5280 2813 5333 εἴτε
2844 5280 2905 5333 τὸ
2934 5279 3070 5350 πρὸς
3106 5277 3255 5330 οὐδὲν
3305 5275 3478 5343 πέρας
3522 5267 3807 5342 ὁρίζεσθαι,

2249 5378 2357 5430 εἴτε
2410 5394 2462 5429 τι
2488 5374 2722 5428 τοιοῦτον
2753 5373 2938 5443 ἕτερον
2967 5371 3143 5442 νόημα
3183 5370 3309 5439 περὶ
3353 5367 3451 5437 τὴν
3484 5364 3632 5417 θείαν
3659 5361 3807 5430 φύσιν

2251 5468 2581 5539 εὑρίσκεται,
2615 5466 2789 5519 πάντα
2811 5463 2996 5533 ἐφόδια
3030 5462 3166 5535 πρὸς
3191 5461 3288 5532 τὴν
3312 5459 3423 5513 ἄνω
3456 5455 3696 5529 πορείαν,
3724 5450 3807 5505 καὶ

2253 5558 2565 5630 ὑποϐάθρας
2616 5555 2956 5627 ποιούμενος,
3013 5556 3107 5612 καὶ
3149 5553 3236 5609 ἀεὶ
3277 5555 3387 5616 τοῖς
3415 5546 3803 5623 εὑρισκομένοις
