4034 6476
266 304 361 361 ιιι

1385 312 1665 371 CONTRA
1706 317 2096 387 EUNOMIUM,
2132 321 2255 377 LIB.
2306 321 2413 377 ΧΠ.

3413 322 3515 377 9Ξέ

262 426 675 495 ἐπερειδόμενος
704 429 800 482 καὶ
820 430 929 493 τοῖς
948 428 1253 501 ἔμπροσθεν
1277 434 1720 506 ἐπεκτεινόμενος
1743 439 1842 502 τὰς

1952 449 1998 495 et
2037 443 2221 496 animo
2260 449 2579 513 perceptum
2617 439 2687 497 de
2731 440 2918 496 divina
2968 448 3165 496 natura
3209 442 3504 507 invenitur,

264 515 438 578 καλάς
467 516 680 576 ὲκείνας
722 518 1031 582 ἀναϐάσεις.
1056 519 1237 584 καθώς
1278 539 1439 593 φησιν
1464 525 1493 576 ό
1523 528 1837 598 Προφήτης,

262 608 323 660 ἐν
350 611 417 678 τῇ
448 609 642 680 καρδίᾳ
669 610 1060 682 διατιθέμενος,
1097 615 1191 666 καὶ
1211 616 1318 668 πᾶν
1341 615 1402 669 τὸ
1426 617 1840 689 καταλαμϐανό-

266 715 427 767 μενον
462 699 567 752 ὑπὸ
606 700 707 769 τῆς
757 700 891 765 ἰδίας
924 702 1226 773 δυνάμεως,
1257 704 1333 767 ὡς
1376 705 1469 758 τοῦ
1511 704 1840 778 ζητουμένου

268 788 596 861 μικρότερον
638 790 980 863 ὑπερϐαίνων
1008 809 1023 824 ο
1079 792 1201 847 ἐπεὶ
1249 798 1429 849 πᾶσαν
1467 800 1525 850 ἐν
1565 802 1683 863 ταῖς
1716 802 1843 871 περὶ

266 879 361 933 τοῦ
397 881 531 933 Θεοῦ
584 881 882 953 ὑπολήψεσι
912 884 1007 955 τὴν
1036 886 1093 949 ἐξ
1128 886 1387 957 ὀνόματος
1421 891 1711 960 γινομένην
1740 893 1843 962 τῆς

269 971 487 1039 φύσεως
506 973 753 1027 εἰκασίαν
767 975 1130 1047 παρέδραμεν,
1151 978 1461 1050 ἐκκαθήρας
1482 981 1573 1034 τὸν
1589 983 1843 1053 λογισμὸν

268 1065 379 1117 τῶν
401 1066 659 1119 τοιούτων
681 1067 963 1131 ὑπονοιῶν,
994 1071 1168 1141 ἀμιγῆ
1187 1089 1245 1125 τε
1278 1074 1370 1128 καὶ
1394 1074 1640 1145 καθαρὰν
1666 1077 1844 1146 πάσης

271 1154 481 1216 ἑννοίας
533 1156 634 1226 τὴν
669 1156 849 1211 πίστιν
877 1158 1181 1224 ἀναλαϐὼν,
1212 1161 1369 1215 τοῦτο
1400 1165 1623 1234 σημεῖον
1657 1166 1843 1237 ἐποιή-

274 1262 405 1299 σατο
427 1246 527 1317 τῆς
551 1247 640 1301 τοῦ
671 1247 803 1301 Θεοῦ
835 1250 1181 1319 ἐπιγνώσεως
1214 1252 1452 1316 ἀπλανὲς
1475 1270 1531 1307 τε
1562 1255 1655 1309 καὶ
1689 1254 1846 1325 ἔκδη-

273 1336 386 1399 λον,
417 1337 478 1391 τὸ
508 1338 740 1408 κρείττω
762 1342 857 1393 καὶ
895 1342 1220 1413 ὑψηλότερον
1255 1344 1455 1408 παντὸς
1485 1346 1844 1414 γνωριστικοῦ

275 1428 505 1497 σημεὼυ
537 1429 628 1482 τὸν
644 1430 777 1483 Θεὸν
799 1426 936 1484 εἶναι
959 1431 1260 1486 πιστεῦσαι.
1295 1435 1392 1489 Διά
1420 1452 1501 1488 τοι
1534 1435 1690 1489 τοῦτο
1711 1436 1848 1505 μετὰ

272 1519 373 1588 τὴν
422 1519 789 1575 ὶπιπεσοῦσαν
825 1523 1039 1594 ἐκείνην
1067 1524 1321 1579 ἔκστασιν
1385 1529 1449 1580 ἐκ
1478 1527 1586 1581 τῶν
1630 1527 1847 1599 ὑψηλῶν

272 1610 583 1682 θεαμάτωνι
610 1615 771 1669 πάλιν
792 1616 849 1679 ὲς
871 1617 970 1689 τὴν
993 1616 1334 1694 ἀνθρωπίνην
1356 1620 1670 1691 κατακύψας
1690 1619 1848 1674 ἀσθέ-

272 1720 423 1757 νειαν
448 1721 462 1735 '
503 1705 649 1775 Ἐγὼ
678 1708 747 1762 δέ
773 1710 908 1778 εἶμι.
942 1710 1094 1781 φησὶ,
1128 1708 1205 1779 γῆ
1234 1712 1332 1764 καὶ
1386 1712 1617 1779 σποδός
1640 1726 1654 1740 ’
1690 1729 1847 1765 τουτ-

273 1796 442 1859 έστιν,
477 1798 691 1867 ἄφωνός
722 1816 780 1852 τε
828 1800 921 1853 καὶ
948 1800 1324 1871 ἀνενέργητος,
1365 1801 1441 1866 ὡς
1468 1804 1604 1873 πρὸς
1629 1802 1726 1874 τὴν
1750 1804 1842 1857 τοῦ
1880 1799 1918 1850 Β

271 1885 557 1953 νοηθέντος
610 1887 817 1956 ἀγαθοῦ
853 1888 1166 1959 ἑρμηνείαν.
1216 1891 1282 1944 Ἠ
1328 1892 1435 1962 γὰρ
1463 1893 1533 1963 γῆ
1572 1885 1720 1946 δοκεῖ
1754 1910 1844 1961 μοι

272 1980 370 2032 καὶ
400 1981 433 2049 ἡ
462 1979 637 2054 τέφρα
664 1981 723 2033 τὸ
744 1980 945 2051 ἄψυχον
976 1982 1069 2035 καὶ
1099 1982 1160 2035 τὸ
1187 1982 1377 2050 ἄγονον
1408 1984 1521 2053 ἃμα
1557 1984 1844 2053 διασημαί-

271 2090 407 2136 νειν,
444 2073 534 2125 καὶ
554 2071 695 2126 οὑτω
715 2073 875 2143 νόμος
907 2073 1139 2137 πίστεως
1169 2074 1375 2143 γίνεται
1403 2076 1478 2147 τῷ
1509 2077 1645 2145 μετά
1674 2076 1847 2129 ταῦτα

274 2162 376 2232 βίῳ
401 2180 414 2192 ·
471 2162 737 2215 διδάσκων
770 2152 835 2234 τῇ
884 2166 1003 2218 κατ’
1037 2165 1198 2219 αὑτὸν
1228 2167 1437 2237 ἱστορίᾳ
1473 2168 1597 2230 τοὺς
1625 2168 1700 2237 τῷ
1731 2167 1847 2237 Θεῷ

273 2254 615 2323 προσιόντας,
671 2255 754 2308 ὅτι
775 2256 874 2308 οὑκ
927 2256 1073 2310 ἔστιν
1103 2257 1275 2321 ἄλλως
1309 2259 1662 2329 προσεγγίσαι
1694 2259 1844 2327 Θεῷ,

278 2345 354 2415 μὴ
381 2345 613 2408 πίστεως
649 2345 1035 2419 μεσιτευούσης
1072 2349 1166 2403 καὶ
1199 2348 1577 2419 συναπτούσης
1623 2349 1690 2402 δι’
1729 2352 1850 2404 ἐαυ-

273 2438 373 2507 τῆς
417 2438 510 2490 τὸν
560 2437 919 2509 ἐπιζητοῦντα
968 2440 1093 2496 νοῦν
1134 2441 1270 2513 πρὸς
1317 2441 1413 2513 τὴν
1469 2442 1847 2511 ἀκατάληπτον

279 2526 465 2596 φύσιν.
500 2529 829 2584 Καταλιπὼν
857 2530 966 2603 γὰρ
996 2533 1095 2602 τὴν
1135 2535 1200 2585 ὲκ
1252 2533 1352 2603 τῆς
1402 2533 1654 2601 γνώσεως
1692 2535 1851 2587 πολυ-

276 2621 670 2692 πραγμοσύνην
697 2662 712 2684 ,
785 2623 1171 2688 Ἐπίστευσε,
1218 2624 1380 2695 φησὶν
1400 2667 1415 2691 ,
1477 2625 1720 2694 Ἀϐραὰμ
1772 2622 1853 2691 τῷ

280 2711 421 2777 Θεῷ.
476 2713 571 2765 καὶ
618 2713 900 2782 ἐλογίσθη
933 2712 1095 2779 αὐτῷ
1138 2713 1227 2776 εὶς
1270 2713 1684 2782 δικαιοσύνην.
1739 2718 1853 2769 υὺκ

279 2803 493 2875 ἐγράφη
523 2804 577 2857 δὲ
627 2804 692 2857 δι’
728 2806 953 2869 ἐκεῖνον,
986 2806 1015 2858 ὁ
1058 2804 1374 2870 ’Λπόστολος
1410 2807 1578 2876 λέγει,
1614 2806 1750 2860 ἀλλά
1785 2807 1851 2860 δι’

279 2896 445 2965 ἡμᾶς,
469 2896 549 2949 ὅτι
585 2896 683 2967 τὴν
729 2896 928 2959 πίστιν,
942 2898 1061 2968 οὑχὶ
1093 2897 1191 2969 τὴν
1222 2898 1424 2968 γνῶσιν
1450 2902 1478 2952 ό
1507 2899 1639 2962 Θεὸς
1669 2900 1751 2963 εἰς
1778 2899 1855 2953 δι-

278 2984 571 3056 καιοσύνην
598 2986 869 3054 λογίζεται
888 2990 998 3050 τοῖς
1017 2987 1342 3059 ἀνθρώποις.
1372 2989 1433 3042 Ἦ
1459 2990 1558 3057 μὲν
1584 2988 1694 3060 γὰρ
1713 2989 1856 3058 γνῶ·

1943 535 2123 585 omnia
2146 533 2342 587 viatica
2372 533 2438 587 ad
2473 546 2838 603 supernorum
2864 531 3251 603 perfectionem
3285 533 3516 596 faciens,

1941 626 1995 673 et
2042 619 2199 688 quasi
2254 619 2512 685 fulcrum,
2564 628 2622 676 et
2665 622 3105 676 sustentaculum
3171 623 3516 693 prtejaciens,

1943 726 2268 783 semperque
2316 712 2551 769 inventis
2584 714 2807 768 innixus
2854 724 2907 768 et
2937 717 3301 784 praesentibus
3337 719 3517 772 inten-

1945 814 2053 865 tus,
2080 804 2341 873 pulchras
2367 805 2490 859 illas
2515 805 2887 870 ascensiones,
2914 808 3057 861 sicut
3077 808 3436 879 aitl’roplieta
3453 811 3515 869 ",

1904 895 1998 948 'in
2045 895 2212 951 corde
2262 894 2585 966 disponens,
2616 907 2672 951 et
2716 912 2879 951 omne
2923 898 3067 967 quod
3104 900 3521 969 comprehendi-

1944 996 2034 1043 tur
2083 1003 2113 1041 a
2155 989 2375 1059 propria
2411 988 2688 1052 facultate,
2725 998 2785 1043 ut
2821 1004 2888 1045 eo
2912 990 3056 1060 quod
3110 992 3373 1061 quaeritur
3411 987 3519 1041 mi-

1944 1093 2070 1138 nus,
2110 1077 2619 1147 superascendens;
2668 1088 2958 1151 postquam
3014 1095 3231 1135 omnem
3285 1097 3406 1151 qua
3452 1097 3516 1137 ex

1945 1168 2263 1223 nominibus
2300 1177 2481 1239 potest
2517 1170 2825 1240 ingenerari
2877 1181 3085 1226 natura?
3124 1173 3516 1241 conjecturam,

1945 1258 2093 1311 circa
2141 1258 2429 1327 opiniones
2472 1274 2595 1328 qua:
2645 1258 2715 1314 de
2767 1258 2878 1313 Deo
2928 1268 3077 1321 sunt.
3132 1262 3517 1331 praetercnrrit,

1948 1350 2149 1405 talibus
2174 1351 2583 1420 suspicionibus
2615 1352 2881 1407 rationem
2907 1358 3260 1421 expurgatam
3292 1354 3519 1414 habens,

1949 1442 2451 1512 impermistamque
2484 1451 2540 1495 et
2582 1456 2775 1511 puram
2829 1440 2900 1495 ab
2936 1441 3087 1495 omni
3138 1442 3329 1495 notitia
3363 1442 3519 1496 ﬁdem

1948 1533 2201 1603 adeptus,
2227 1533 2331 1587 hoc
2355 1533 2574 1604 signum
2598 1533 2805 1589 erroris
2827 1533 3073 1588 nescium
3094 1540 3148 1586 et
3171 1531 3517 1588 manifestum

1947 1624 2015 1679 de
2050 1624 2140 1679 Dei
2200 1625 2515 1695 cognitione
2573 1624 2724 1689 fecit,
2777 1624 2924 1695 quod
2964 1626 3316 1695 praestantius
3344 1632 3427 1679 est
3467 1631 3522 1679 et

1948 1717 2221 1771 excelsius
2251 1716 2398 1770 omni
2441 1717 2597 1787 signo
2623 1715 2690 1771 ad
2739 1716 3105 1786 cognitionem
3141 1716 3291 1779 dato,
3327 1731 3523 1784 nempe

1947 1808 2195 1872 credere,
2248 1809 2376 1879 quia
2413 1808 2558 1865 Dens
2582 1819 2684 1865 est.
2716 1808 3011 1880 Propterea
3037 1817 3158 1878 post
3187 1809 3331 1861 illam
3365 1822 3519 1861 men-

1948 1902 2018 1954 tis
2040 1902 2457 1956 commotionem
2483 1916 2603 1971 qua‘.
2624 1918 2687 1955 ex
2715 1901 2824 1957 illis
2847 1900 3080 1956 excelsis
3096 1899 3521 1968 speculamentis

1928 1993 2234 2053 inciderat,
2294 2008 2487 2049 rursus
2531 1993 2598 2047 ad
2658 1993 2949 2047 humanam
3013 1991 3381 2045 infirmitatem
3431 2005 3521 2043 re.-

1948 2085 2186 2147 volnlns,
2230 2084 2337 2153 Ego
2364 2101 2477 2139 vero
2504 2124 2519 2146 .
2558 2085 2738 2152 inquit
2763 2124 2777 2145 ,
2808 2100 2926 2136 sum
2979 2083 3148 2150 pulvis
3180 2091 3229 2135 et
3259 2082 3394 2134 cinis
3414 2121 3429 2144 ,
3469 2080 3520 2131 id

1946 2186 2031 2232 est
2052 2186 2260 2238 mutus,
2292 2177 2439 2232 iners
2473 2184 2528 2232 et
2560 2175 2805 2231 ineflicax
2842 2175 2907 2229 ad
2935 2174 3359 2243 explicationem
3394 2159 3547 2224 boni~

1948 2267 2095 2336 quod
2145 2276 2325 2323 mente
2366 2275 2716 2337 conceperat.
2748 2265 2917 2322 Terra
2950 2266 3095 2321 enim
3141 2264 3271 2320 mihi
3309 2262 3524 2317 videtur

1949 2369 2005 2414 et
2035 2360 2201 2422 cinis,
2231 2360 2379 2429 quod
2416 2360 2612 2414 anima:
2661 2373 2859 2429 expers
2894 2364 2948 2413 et
2979 2357 3167 2412 sterile
3218 2355 3402 2416 simul,
3444 2354 3521 2409 si-

1950 2452 2229 2521 gnificare.
2278 2450 2340 2505 Et
2369 2451 2451 2505 sic
2499 2450 2583 2505 lex
2619 2449 2740 2504 fidei
2777 2448 2837 2502 fit
2861 2450 2988 2503 vitae
3020 2455 3273 2517 posterae,
3318 2445 3523 2500 docens

1952 2544 2053 2595 hac
2094 2542 2320 2597 historia
2362 2556 2456 2596 eos
2487 2541 2579 2611 qui
2610 2538 2679 2594 ad
2711 2539 2878 2594 Deum
2912 2537 3200 2600 accedunt,
3236 2529 3381 2606 quod
3415 2552 3522 2589 non

1953 2636 2113 2690 aliter
2163 2634 2289 2689 licet
2335 2633 2447 2689 Deo
2487 2631 2948 2704 apprOpinquare,
3003 2630 3108 2685 nisi
3152 2629 3255 2684 fide
3285 2629 3524 2682 interve-
3584 2626 3600 2637 “

1955 2726 2158 2789 niente,
2197 2734 2252 2780 et
2282 2741 2377 2795 per
2409 2740 2467 2780 se
2494 2724 2788 2793 copulante
2817 2722 3155 2777 intellectum
3178 2722 3270 2788 qui
3302 2718 3527 2788 inquirit

1953 2831 2077 2871 cum
2142 2824 2339 2871 natura
2388 2811 2947 2884 incowpreliensibili.
3002 2809 3209 2866 Relicta
3266 2811 3410 2864 enim
3458 2824 3526 2862 ex

1953 2907 2263 2977 cognitione
2299 2905 2640 2965 curiositate,
2694 2900 2950 2965 Credidit,
3013 2900 3208 2967 inquit,
3257 2898 3527 2952 Abraham

1956 2995 2087 3059 Deo,
2152 3005 2200 3050 et
2251 3005 2549 3062 reputatum
2602 3002 2680 3047 est
2739 2992 2787 3046 ei
2837 2990 2906 3045 ad
2951 2990 3226 3060 justitiam
3274 2989 3339 3042 ".
3408 2980 3525 3042 Non

281 3093 363 3139 σις
405 3076 481 3140 ὡς
539 3079 845 3149 ἐμπορικήν
876 3096 998 3133 τινα
1028 3079 1126 3148 τὴν
1153 3080 1393 3134 διάθεσιν
1432 3081 1567 3150 ἔχει,
1603 3081 1747 3152 μόνῳ
1777 3080 1853 3151 τῷ

1958 3089 2223 3157 scriptum
2285 3097 2373 3142 est
2417 3094 2639 3156 propter
2701 3085 2879 3151 illum,
2932 3083 3008 3135 ait
3068 3081 3385 3150 Apostolus,
3433 3080 3528 3133 aed

279 3172 665 3241 γινωσκομένῳ
718 3170 1075 3243 συντιθεμένη
1099 3188 1113 3205 ο
1162 3174 1196 3244 ἡ
1245 3173 1301 3226 δὲ
1361 3173 1470 3226 τῶν
1513 3173 1854 3245 Χριστιανῶν

280 3260 484 3324 πίστις,
515 3260 611 3329 οὑχ
644 3259 834 3325 οὕτως.
863 3264 936 3315 Οὑ
958 3263 1067 3335 γὰρ
1096 3263 1206 3317 τῶν
1242 3266 1659 3336 γινωσκομένων
1678 3307 1692 3328 ,
1721 3266 1856 3320 ἀλλά

278 3353 387 3405 τῶν
419 3351 785 3422 ἐλπιζομένων
812 3355 958 3406 ἐστὶν
991 3355 1287 3420 ὑπόστασις
1314 3374 1327 3387 ’
1361 3357 1420 3411 τὺ
1448 3358 1502 3412 δὲ
1533 3358 1856 3430 διακρατού-

281 3462 441 3513 μενον
468 3445 569 3499 οὑκ
589 3444 886 3510 ὲλπίζεται.
924 3449 985 3500 "0
1028 3448 1137 3518 γὰρ
1177 3448 1302 3518 ἔχει
1334 3467 1445 3515 τις,
1490 3452 1648 3520 φησὶ,
1678 3451 1735 3504 τι
1758 3451 1857 3504 καί

275 3534 501 3596 ἐλπίζει
521 3552 541 3600 ;
561 3538 634 3590 Τὸ
660 3538 717 3590 δὲ
740 3538 1031 3607 διαφεῦγον
1059 3539 1155 3610 τὴν
1173 3542 1498 3612 κατανόησιν
1525 3542 1703 3612 ἡμῶν,
1729 3543 1859 3612 ὴμέ-

278 3644 434 3699 τερον
461 3630 495 3699 ἡ
542 3628 722 3692 πίστις
754 3631 914 3693 ποιετ,
935 3630 1023 3683 διὰ
1051 3631 1150 3701 τῆς
1200 3630 1333 3695 ίδίας
1376 3631 1720 3703 βεϐαιότητος
1765 3634 1851 3700 ἐγο

279 3720 535 3791 γοωμένη
569 3720 630 3774 τὺ
658 3720 733 3791 μὴ
762 3722 1106 3792 φαινόμενον.
1142 3721 1297 3777 οὑτω
1322 3724 1430 3794 γάρ
1459 3741 1589 3795 φησι
1612 3724 1856 3796 περὶτοῦ

280 3812 475 3868 πιστοῦ
530 3815 559 3867 ό
602 3813 941 3877 Ἀπόστολος.
992 3816 1075 3868 ὅτι
1123 3814 1241 3869 Τὸν
1279 3815 1547 3884 ἀόρατον,
1568 3817 1652 3884 ὠς
1704 3816 1859 3885 ὀρῶν

277 3903 665 3972 ἐκαρτέρησε.
692 3904 936 3968 Μάταιος
979 3900 1073 3959 οῦν
1094 3907 1123 3959 ὁ
1155 3904 1245 3958 διὰ
1269 3905 1521 3974 γνώσεως
1548 3907 1645 3977 τῆς
1683 3908 1859 3978 μάτην

283 3996 585 4069 φυσιούσης
612 3998 910 4067 ἐπιγνῶναι
942 3997 1039 4069 τὴν
1067 3997 1216 4052 θείαν
1247 3998 1436 4052 οὑσίαν
1462 3999 1686 4053 δυνατὸν
1720 3995 1858 4052 εἶναι

280 4094 477 4162 λέγων.
502 4091 639 4146 Οὔτε
671 4093 778 4164 γὰρ
807 4093 1091 4165 ἄνθρωπος
1120 4090 1262 4145 οὕτω
1290 4092 1641 4163 μέγας,ὦστε
1665 4091 1857 4157 ἐξισῶ-

284 4202 378 4237 σαι
431 4183 509 4255 τῷ
564 4182 750 4255 Κυρίῳ
795 4184 895 4256 τὴν
931 4183 1346 4255 καταληπτικὴν
1378 4183 1574 4239 ἑαυτοῦ
1607 4183 1859 4254 δύναμιν.

290 4278 387 4342 Τίς
412 4276 521 4347 γὰρ
551 4276 622 4330 ἐν
648 4276 931 4345 νεφέλαις
947 4276 1305 4344 ίσωθήσεται
1332 4275 1413 4341 τῷ
1441 4276 1672 4345 Κυρίῳ;
1696 4279 1860 4348 φησιν

285 4370 315 4420 ό
339 4366 525 4420 Δαϐίδ·
557 4365 683 4420 οῦτε
712 4364 856 4419 οὑτω
896 4365 1091 4439 μικρὸν
1110 4366 1171 4419 τὸ
1203 4366 1554 4437 ζητούμενον,
1583 4366 1723 4420 ὥστε
1755 4366 1863 4421 ὑπὸ

1960 3190 2182 3252 propter
2228 3196 2351 3246 nos,
2403 3179 2551 3251 quod
2588 3178 2773 3244 fidem,
2822 3190 2933 3231 non
2980 3175 3345 3245 cognitionem
3388 3172 3531 3227 Deus

1957 3272 2025 3327 ad
2063 3273 2334 3342 justitiam
2383 3271 2698 3326 hominibus
2730 3275 2972 3340 reputat.
3005 3264 3137 3319 Nam
3160 3264 3404 3334 cognitio
3434 3278 3527 3316 ve-

1959 3365 2040 3419 lut
2085 3364 2502 3435 negotiatoriam
2549 3361 2844 3432 quamdam
2895 3358 3309 3428 dispositionem
3347 3355 3531 3415 habet,

1958 3456 2061 3511 soli
2108 3455 2328 3524 cognito
2366 3455 2699 3519 assentiens,
2745 3452 2841 3508 sed
2910 3449 3349 3505 Christianorum
3399 3446 3534 3501 (idea

1958 3563 2067 3602 non
2107 3548 2225 3612 sic;
2278 3562 2383 3599 non
2418 3545 2563 3600 enim
2601 3560 2790 3599 eorum
2830 3558 2950 3613 quae
2978 3547 3409 3611 cognoscuntur,
3439 3537 3535 3591 sed

1957 3652 2080 3708 quae
2126 3645 2419 3707 sperantur
2462 3645 2548 3692 est
2593 3634 3006 3689 fundamentum
3056 3631 3174 3685 sive
3207 3628 3532 3685 substantia.

1958 3728 2116 3795 Quod
2164 3743 2293 3782 vero
2353 3735 2571 3782 tenetur
2623 3726 2853 3780 ﬁrmiter
2903 3738 3010 3778 non
3062 3728 3337 3791 speratur.
3383 3718 3536 3782 Quod

1957 3822 2095 3875 enim
2121 3820 2237 3889 quis
2267 3817 2439 3881 habet,
2473 3819 2547 3871 ait
2575 3817 2887 3887 Apostolus,
2910 3812 3034 3885 quid
3070 3814 3231 3867 etiam
3258 3819 3433 3880 sperat
3458 3808 3538 3860 “2

1958 3910 2114 3977 Quod
2164 3920 2344 3967 autem
2394 3919 2640 3964 nostram
2674 3908 3043 3978 cognitionem
3080 3903 3241 3974 fugit,
3279 3909 3532 3955 nostrum

1962 4007 2097 4062 fides
2138 4003 2293 4068 facit,
2332 4003 2613 4074 spondens
2662 3999 2881 4072 propria
2940 3996 3195 4053 firmitate
3225 3992 3372 4063 quod
3422 4007 3532 4045 non

1960 4106 2207 4169 apparet.
2254 4095 2347 4150 Sic
2386 4096 2531 4151 enim
2573 4093 2649 4147 ait
2696 4092 2764 4146 de
2813 4090 2955 4145 tideli
3012 4086 3328 4159 Apostolus,
3380 4084 3534 4149 Quod

1959 4189 2273 4244 inuisibilem
2313 4197 2568 4255 tanquam
2600 4183 2776 4237 uidens
2804 4182 3012 4250 fortiter
3039 4178 3291 4233 sustinuit
3322 4176 3387 4228 ".
3422 4172 3532 4225 Va-

1960 4297 2064 4336 nus
2100 4280 2265 4350 igitur
2305 4277 2401 4348 qui
2433 4290 2530 4346 per
2567 4274 2931 4343 cognitionem
2980 4270 3186 4323 frustra
3231 4266 3533 4324 innantem.

1960 4373 2201 4427 divinam
2254 4370 2551 4425 essentiam
2596 4381 2756 4437 posse
2803 4362 3051 4435 dignosci
3087 4366 3355 4415 autumat.
3414 4356 3534 4411 Non

284 4458 562 4529 λογισμῶν
626 4456 975 4529 ἀνθρωπίνης
1045 4456 1381 4529 βραχύτητος
1439 4458 1853 4529 περιληφθῆναι.

1963 4459 2108 4515 enim
2145 4460 2309 4512 homo
2354 4456 2426 4510 ita
2459 4470 2710 4525 magnus.
2743 4461 2804 4508 ut
2834 4450 3341 4522 comprehensivam
3375 4462 3531 4503 suam

288 4549 490 4603 ’Δκουε
515 4548 611 4603 τοῦ
645 4546 1072 4619 Ἐκκλησιαστοῦ
1112 4546 1589 4617 συμϐουλεύοντος,
1628 4545 1724 4613 Μὴ
1761 4546 1848 4609 ἑξ-

283 4641 554 4712 ενεγκεῖν
572 4640 738 4710 ῥῆμα
765 4641 880 4710 πρὸ
930 4640 1253 4712 προσώπου
1285 4639 1455 4703 Θεοῦ,
1495 4638 1583 4692 ὅτι
1631 4640 1665 4692 ό
1694 4638 1856 4703 Θεὸς,

288 4734 474 4804 φησιν,
529 4734 600 4786 ἐν
660 4733 741 4798 τῷ
788 4733 1021 4802 οὐρανῷ
1069 4733 1213 4797 ἅνω,
1238 4731 1336 4785 καὶ
1360 4730 1441 4784 σὺ
1470 4729 1569 4784 ἐπὶ
1608 4728 1719 4796 τῆς
1754 4727 1864 4799 γῆς

286 4825 465 4880 κάτω.
488 4824 734 4877 Δείκνυσι
761 4825 839 4887 δὲ,
871 4821 1047 4895 οἶμαι,
1069 4823 1159 4877 διὰ
1183 4824 1281 4893 τῆς
1305 4822 1413 4874 τῶν
1441 4822 1723 4890 στοιχείων
1742 4820 1865 4873 τού-

285 4935 395 4971 των
420 4918 555 4988 πρὸς
575 4917 781 4986 ἄλληλα
810 4916 1158 4979 οἰκειώσεως,
1198 4914 1395 4986 μᾶλλον
1424 4913 1481 4966 δὲ
1509 4912 1862 4977 διαστάσεως,

1965 4530 2276 4603 facultatem
2306 4545 2535 4600 Domino
2566 4560 2784 4615 aequare
2811 4543 3026 4597 audeat.
3072 4541 3203 4606 Quis
3249 4540 3421 4599 enim,
3453 4539 3538 4592 iu-

1965 4641 2082 4710 quit
2121 4638 2309 4700 David,
2346 4638 2399 4691 in
2424 4636 2645 4690 nubibus
2668 4634 2967 4705 aequabitur
2990 4632 3215 4687 Domino
3239 4632 3319 4685 “1'
3359 4644 3538 4697 neque

1959 4732 2103 4785 enim
2134 4729 2282 4800 quod
2332 4730 2599 4798 quaeritur
2650 4727 2725 4781 ita
2775 4741 3001 4795 parvum
3042 4732 3128 4780 est
3162 4734 3216 4779 et
3263 4722 3422 4778 exile.
3476 4729 3537 4771 nt

1962 4820 2272 4875 rationibus
2303 4820 2555 4873 humanae
2587 4817 2870 4872 brevitatis
2906 4817 3078 4887 possit
3122 4811 3528 4882 comprehendi.

1961 4912 2100 4967 Audi
2138 4910 2522 4966 Ecclesiastem
2568 4910 2648 4964 sic
2681 4908 3084 4964 consulentem:
3130 4902 3257 4959 Noli
3301 4902 3535 4969 proferre

286 5012 411 5063 ὅσον
468 5008 772 5080 ὑψηλοτέρα
810 5007 991 5078 ἡθεία
1030 5006 1189 5076 φύσις
1241 5007 1340 5076 τῆς
1365 5003 1472 5056 τῶν
1511 5003 1853 5074 ἀνθρωπίνωη

1963 5001 2173 5057 verbum
2224 5012 2346 5055 ante
2396 5001 2590 5067 faciem
2641 4998 2758 5053 Dei.
2815 4997 2957 5063 Quia
3007 4995 3171 5055 Deus.
3227 4992 3426 5061 inquit,
3478 4991 3534 5041 in

287 5099 566 5169 λογισμῶν
623 5099 921 5170 περινοίας.
958 5100 1119 5151 Ὅσον
1167 5098 1276 5167 γὰρ
1304 5094 1549 5166 ἀνώτερα
1588 5094 1657 5146 τὰ
1689 5093 1863 5164 ἄστρα

286 5192 389 5262 τῆς
416 5193 525 5245 τῶν
548 5191 823 5246 δακτύλων
854 5190 1014 5258 ἁφῆς.
1052 5186 1326 5249 τοσοῦτον,
1358 5184 1557 5256 μᾶλλον
1584 5182 1641 5235 δὲ
1667 5182 1864 5237 πολλα-

1969 5094 2098 5148 coelo
2128 5109 2362 5158 sursum,
2396 5102 2447 5146 et
2488 5106 2543 5145 tu
2571 5092 2624 5143 iu
2649 5100 2787 5143 terra
2825 5088 3068 5141 deorsum
3093 5086 3154 5137 ν.
3193 5083 3536 5137 Demonstrat

1971 5194 2152 5240 autem
2192 5201 2287 5255 per
2337 5184 2532 5238 borum
2584 5183 2977 5235 elementorum
3021 5184 3262 5229 mutuam
3300 5172 3528 5240 conjun-

289 5284 516 5340 πλάσιον
543 5285 680 5354 καὶὴ
700 5283 879 5336 πάντα
902 5279 1027 5335 νοῦν
1052 5278 1389 5350 ὑπερέχουσα
1415 5276 1574 5346 φύσις
1596 5274 1703 5329 τῶν
1721 5275 1853 5343 λογι-

1971 5275 2227 5339 ctionem,
2254 5274 2363 5327 imo
2391 5287 2520 5326 vero
2540 5268 2879 5331 distantiam,
2905 5273 3110 5335 quanto
3128 5264 3311 5325 divina
3344 5270 3538 5315 natura

291 5374 446 5446 σμῶν
472 5374 580 5427 τῶν
608 5372 810 5444 γηΐνων
848 5368 1301 5440 ὑπερανέστηκεν.

1974 5368 2331 5421 humanarum
2380 5361 2855 5419 ratiocinationum
2888 5355 3287 5425 excogitatione
3318 5360 3403 5407 est
3444 5368 3536 5407 su-

268 5469 531 5524 ‘blimior.
581 5467 797 5533 Quanto
827 5466 969 5522 enim
999 5463 1178 5520 sidera
1210 5463 1501 5534 digitorum
1544 5470 1689 5517 tactu
1734 5471 1862 5517 sunt
1899 5464 2111 5523 altiora,
2134 5470 2308 5525 tanto,
2335 5460 2445 5514 imo
2469 5472 2597 5514 vero
2614 5455 2800 5510 multis
2854 5452 3120 5523 partibus,
3142 5465 3262 5521 qua
3322 5462 3536 5503 omnem

289 5560 626 5616 intellectum
657 5568 876 5630 superat
902 5567 1117 5621 natura,
1147 5557 1377 5613 terrenis
1415 5556 1833 5628 cogitationibus
1868 5564 1922 5610 et
1961 5556 2261 5611 rationibus
2296 5552 2543 5623 superior
2584 5555 2780 5604 exstat.

395 5675 438 5706 "
474 5672 619 5729 Psal.
654 5688 852 5733 Laxxv,
885 5671 939 5726 6.

289 5759 561 5809 unum
586 5743 638 5799 7.
720 5744 760 5775 ⁸⁷
794 5741 977 5799 Eccle.
1005 5759 1057 5809 ν,
1088 5743 1139 5798 Ι.

1062 5672 1105 5703 ’³
1137 5671 1272 5727 Gen.
1307 5687 1396 5737 xv,
1442 5670 1505 5735 6;
1557 5669 1711 5725 Rom.
1771 5685 1843 5733 rt,
1878 5670 1932 5725 ὅ.

3312 5652 3354 5684 ιο
3384 5644 3523 5701 Psal.

2065 5670 2108 5701 “
2140 5668 2295 5725 Rom.
2330 5682 2450 5728 vm,
2481 5663 2568 5716 Ἡ.
2697 5661 2735 5692 ’⁸
2773 5658 2935 5715 ilebr.
2984 5673 3059 5723 si,
3090 5657 3181 5712 27.
