4034 6494
474 315 578 370 943

1676 310 1733 363 S.
1788 309 2110 365 GliEGORll
2154 312 2438 369 NYSSENI

3620 302 3720 355 litt

548 428 688 499 Ergo
709 442 833 482 cum
864 426 1217 482 didicerimus
1236 433 1496 495 quantum
1524 434 1732 481 natura!
1753 427 2045 483 discrimen

2220 431 2427 485 υὺκοῦν
2465 430 2725 499 μαθόντες
2756 431 2879 484 ὅσον
2906 429 3009 498 τῆς
3055 427 3267 496 φύσεως
3316 426 3378 479 τὸ
3414 422 3725 478 διαλλάττα

475 526 579 585 est,
618 522 673 574 in
730 520 966 589 prapriis
1006 517 1253 572 terminis
1288 517 1470 586 quiete
1511 525 1563 571 et
1611 519 1899 587 tranquille
1933 534 2048 573 ma-

477 626 725 666 neamus.
751 611 945 664 Tutius
965 609 1107 663 enim
1129 606 1293 663 simul
1314 614 1368 661 ct
1388 607 1718 677 religiosius,
1742 609 1864 679 plus
1885 623 2048 677 quam

476 703 620 770 quod
666 699 1013 771 intelligitur,
1064 697 1159 753 Dei
1208 696 1544 767 majestatem
1592 707 1646 753 et
1696 699 2051 768 magniﬁcen-

476 798 607 849 tiam
649 810 773 850 esse
828 792 1073 855 credere,
1119 805 1284 861 quam
1326 790 1651 860 quibusdam
1701 792 2052 861 opinionibus

478 886 705 954 gloriam
744 881 917 953 ipsius
953 879 1471 936 circumscribentes
1494 919 1508 940 .
1540 879 1673 933 nihil
1708 893 1869 947 supra
1905 879 2050 933 illam
2110 894 2121 904 ·

482 983 699 1043 putare;
738 973 1037 1043 pra‘sertim
1062 986 1237 1040 neque
1263 969 1307 1025 si
1333 970 1456 1039 quis
1480 978 1655 1024 tutum
1677 986 1799 1026 esse
1828 970 2049 1035 dixerit,

479 1064 717 1118 divinam
743 1063 1037 1119 essentiam
1068 1078 1174 1116 non
1201 1061 1420 1115 curiose
1454 1069 1507 1113 et
1539 1060 1773 1115 sollicite
1799 1076 2053 1130 perscru-

388 1224 395 1231 .
482 1156 720 1217 tandam,
770 1162 828 1208 ut
889 1153 1305 1209 inenarraliilem
1351 1160 1406 1205 et
1470 1151 1721 1208 humanis
1770 1152 2051 1222 cogitatio-

481 1245 643 1298 nibus
685 1242 1309 1312 iuconiprehensihilem,
1361 1250 1415 1296 et
1458 1242 1881 1297 intractabilem.
1917 1239 2050 1293 Nam

480 1337 712 1390 obscura
768 1336 905 1389 velle
953 1334 1269 1403 conjectura
1320 1335 1659 1403 pertingere,
1710 1342 1764 1389 et
1816 1333 2051 1404 aliquam

481 1430 819 1485 occultorum
869 1428 1232 1498 cognitionem
1268 1444 1334 1483 ex
1383 1429 1742 1483 humanarum
1781 1429 2052 1483 rationum

481 1517 938 1572 commentatione
971 1517 1231 1580 scrutari.
1266 1518 1418 1573 falsis
1444 1519 1796 1589 opinionibus
1831 1528 1886 1573 et
1913 1533 2056 1572 com-

482 1607 744 1663 mentitiis
788 1607 995 1661 aditum
1051 1614 1106 1661 ct
1160 1608 1604 1677 consequentiam
1653 1608 1876 1678 praebet,
1926 1606 2055 1675 quia

481 1699 571 1767 qui
610 1714 671 1753 ea
702 1714 821 1768 quae
868 1700 1187 1769 ignorantur
1231 1700 1582 1769 eoujectavit,
1620 1715 1727 1753 non
1759 1699 1933 1753 solum
1962 1713 2054 1753 ve-

480 1807 626 1853 rum,
683 1793 776 1847 sed
811 1800 864 1847 et
910 1792 1088 1862 ipsum
1138 1793 1481 1848 mendacium
1530 1809 1704 1863 saepe,
1752 1802 1809 1847 ut
1868 1809 2052 1847 verum
2088 1776 2129 1830 Β

485 1883 815 1953 opinabitur.
850 1882 1262 1954 Evangeliorum
1288 1893 1469 1939 autem
1497 1892 1550 1938 et
1571 1884 1867 1953 prophetiae
1889 1883 2056 1939 disci-

484 1974 665 2043 pulus,
697 1974 841 2044 quod
874 1975 1091 2044 quidem
1125 1985 1211 2031 est
1234 1975 1325 2029 ille
1345 1975 1439 2044 qui
1463 1984 1568 2040 est,
1606 1984 1712 2028 tam
1744 1990 1808 2029 ex
1850 1975 2056 2029 sanctis

486 2064 783 2135 Scripturis
828 2080 966 2135 quas
1006 2066 1231 2133 audivit,
1275 2081 1437 2136 quam
1468 2081 1535 2120 ex
1576 2080 1762 2120 eorum
1796 2082 1916 2136 qum
1958 2082 2056 2137 ap-

485 2166 679 2227 parent
716 2166 839 2227 apta
878 2159 1270 2224 concinnitate,
1291 2166 1344 2213 et
1372 2174 1467 2227 per
1503 2156 1863 2213 Providentia:
1893 2174 2057 2230 Opera

486 2248 676 2304 credit.
700 2248 838 2315 Quid
864 2257 1045 2304 autem
1070 2260 1125 2303 et
1147 2249 1421 2319 quomodo
1460 2256 1565 2310 est.
1598 2255 1658 2302 ut
1685 2248 1872 2305 inutile
1896 2250 2059 2305 simul

485 2353 539 2396 et
589 2343 827 2413 ineptum
870 2357 977 2396 non
1008 2342 1278 2410 exquiret,
1320 2356 1497 2409 neque
1531 2339 1700 2395 ullum
1735 2340 1883 2395 dabit
1907 2358 2057 2397 men-

488 2434 648 2488 dacio
684 2441 873 2487 contra
918 2432 1197 2487 veritatem
1247 2431 1564 2499 introitum;
1616 2448 1742 2488 nam
1792 2434 1846 2487 iu
1896 2432 2060 2486 nimis

490 2526 651 2579 anxie
683 2534 736 2579 et
774 2524 991 2579 curiose
1035 2524 1365 2594 inquirendo
1406 2541 1666 2595 perversa
1702 2532 1755 2581 et
1788 2524 1949 2578 fallax
1980 2538 2062 2577 ra-

491 2616 773 2670 tLocinatio
841 2616 1018 2670 locum
1082 2617 1323 2682 invenit,
1384 2617 1479 2671 sed
1541 2617 1690 2673 omni
1742 2615 2063 2672 curiositate

490 2719 737 2764 cessante
773 2722 1002 2778 prorsus
1049 2710 1227 2764 omnis
1264 2710 1549 2764 aberrandi
1597 2710 1897 2766 necessitas
1930 2708 2061 2763 abs-

490 2800 764 2856 conditur.
827 2800 889 2853 Et
939 2795 1083 2869 (ιιιοά
1134 2815 1259 2855 vera
1314 2802 1455 2855 ratio
1494 2801 1669 2867 adest,
1702 2816 1768 2856 ex
1803 2800 1905 2855 hoc
1952 2799 2063 2854 dis-

493 2893 670 2959 cendi,
702 2892 977 2963 quomodo
1015 2890 1381 2947 Ecelesiarum
1430 2893 1666 2949 haereses
1708 2893 1763 2947 in
1798 2892 1978 2947 varias
2008 2899 2063 2945 et

493 2986 866 3056 discrepantes
914 2985 984 3040 de
1037 2984 1147 3039 Deo
1192 2985 1478 3055 opiniones
1525 3000 1650 3040 cum
1687 3000 1876 3041 errore
1906 2982 2067 3040 delle-

2153 524 2286 589 ἐστὶ,
2312 526 2423 587 τοῖς
2464 523 2613 585 ἰδίοις
2641 524 2784 591 ὅροις
2814 522 2881 574 δι’
2916 521 3146 591 ἡσυχίας
3170 519 3513 589 ἐμμένωμεν.
3532 516 3727 584 Ἀσφα-

2152 617 2401 688 λὲστερον
2424 616 2531 685 γάρ
2559 615 2676 684 ἁμα
2719 616 2812 668 καὶ
2849 614 3229 683 εὐσεϐέστερον
3266 611 3426 664 πλέον
3454 608 3553 662 τοῦ
3576 624 3719 661 νοου-

2156 705 2314 774 μένου
2366 704 2429 757 τὸ
2477 702 2893 774 μεγαλοπρεπὲς
2925 697 3063 755 εἶναι
3106 699 3201 753 τοῦ
3240 697 3377 752 Θεοῦ
3424 696 3751 760 πιστεύεται

2151 799 2185 867 ἦ
2217 814 2357 851 τισιν
2396 796 2670 859 ὑπονοίαις
2723 794 2822 865 τὴν
2859 794 3015 859 δόξαν
3046 792 3210 847 αὑτοῦ
3258 789 3721 863 περιγράψαντας,

2157 884 2320 953 μηδὲν
2384 884 2523 953 ὑπὲρ
2573 885 2749 936 ἐκεῖνο
2784 883 3010 937 οἴεσθαι.
3040 880 3149 936 Καὶ
3196 882 3371 943 ἄλλως
3412 879 3519 932 οὐδ’
3554 878 3618 932 ἀν
3641 897 3724 942 τις

2154 974 2394 1043 ἀσφαλὲς
2438 968 2577 1027 εἶναι
2600 974 2845 1043 φήσειεν,
2893 971 3451 1042 ἀπολυπραγμόνητον
3498 969 3593 1039 ἐᾷν
3626 969 3727 1038 τὴν

2155 1066 2305 1120 θείαν
2338 1064 2526 1118 οὐσίαν
2571 1064 2646 1127 ὡς
2683 1063 2991 1135 ἀπόρρητον
3017 1063 3109 1115 καὶ
3140 1062 3418 1131 ἀνέπαφον
3451 1059 3728 1130 ἀνθρωπί-

2153 1176 2264 1222 νοις
2290 1160 2585 1228 λογισμοῖς.
2636 1158 2710 1210 Τὸ
2740 1157 2836 1227 μὲν
2861 1157 2968 1227 γὰρ
3002 1156 3109 1211 τῶν
3139 1156 3349 1227 ἀδήλων
3388 1154 3727 1222 καταστοχάο

2156 1252 2361 1316 ζεσθαι,
2391 1251 2483 1304 καί
2503 1268 2622 1304 τινα
2648 1249 2756 1303 τῶν
2795 1249 3129 1319 ἀποκρύφων
3152 1248 3353 1317 γνῶσιν
3387 1247 3444 1314 ἐξ
3484 1246 3726 1309 ἐπινοίας

2155 1344 2507 1414 ἀνθρωπίνων
2533 1342 2810 1413 λογισμῶν
2857 1341 3201 1414 ἐρευνᾶσθαι,
3225 1340 3458 1409 πάροδον
3488 1340 3579 1392 καὶ
3599 1339 3726 1392 ἀκό-

2154 1435 2339 1489 λουθον
2374 1436 2465 1488 καὶ
2494 1436 2611 1495 ταῖς
2637 1433 3049 1503 διεψευσμέναις
3091 1433 3198 1485 τῶν
3221 1432 3541 1501 ὑπολήψεων
3573 1430 3724 1483 656m-

2158 1544 2258 1581 σιν.
2283 1527 2423 1580 Διὸτι
2444 1527 2553 1579 τῶν
2589 1526 2964 1596 ἀγνοουμένων
2991 1527 3019 1578 6
3044 1524 3456 1595 ἐστοχασμένος,
3481 1524 3540 1575 οὑ
3570 1524 3725 1592 μόνον

2154 1620 2216 1673 τὸ
2256 1620 2473 1690 ἀληθὲς,
2514 1619 2648 1673 ἀλλά
2690 1620 2783 1672 καὶ
2822 1616 2959 1671 αύτό
3003 1617 3263 1679 πολλάκις
3302 1617 3362 1669 τὸ
3395 1616 3607 1685 ψεῦδος,
3650 1614 3725 1679 ὡς

2156 1715 2353 1786 ἀληθὲς
2394 1713 2741 1784 ὑπολήψεται.
2792 1713 2849 1765 '0
2880 1713 2936 1764 δὲ
2969 1710 3078 1765 τῶν
3114 1711 3463 1779 Εὑαγγελίων
3495 1711 3589 1763 καὶ
3629 1708 3726 1777 τῆς

2158 1807 2490 1879 προφητείας
2538 1804 2815 1875 μαθητὴς,
2864 1804 2946 1857 ὅτι
2995 1802 3091 1873 μὲν
3137 1801 3280 1854 ἔστιν
3325 1803 3355 1853 6
3395 1799 3501 1864 ῶν,
3544 1799 3602 1863 ἐξ
3650 1792 3726 1852 ὧν

2157 1903 2363 1975 ἀκήκοε
2405 1919 2465 1955 τε
2494 1900 2600 1953 τῶν
2629 1898 2818 1966 ἁγίων,
2854 1895 2948 1948 καί
2992 1894 3079 1946 διὰ
3116 1896 3212 1962 τῆς
3256 1891 3361 1944 τῶν
3391 1889 3725 1960 φαινομένων

2156 1993 2551 2065 εὑαρμοστίας,
2583 1991 2676 2042 καὶ
2706 1988 2815 2041 τῶν
2844 1986 2944 2057 τῆς
2977 1984 3237 2056 Προνοίας
3262 1982 3436 2054 ἔργων
3462 1979 3723 2033 πιστεύει.

2157 2090 2221 2142 Τί
2249 2088 2305 2140 δὲ
2340 2086 2433 2139 καὶ
2480 2085 2628 2145 ὅπως
2673 2082 2839 2142 ἐστὶν,
2873 2079 2948 2141 ὡς
2975 2076 3245 2145 ἀνωφελὲς
3274 2075 3391 2144 ἁμα
3422 2073 3510 2125 καὶ
3538 2073 3727 2141 ἀνόνη-

2156 2197 2246 2234 τον
2270 2180 2369 2231 οὑκ
2394 2174 2679 2240 ἐξετάζων,
2706 2170 2958 2241 οὐδεμίαν
2980 2167 3138 2220 δώσει
3166 2166 3242 2237 τῷ
3260 2164 3444 2234 ψεύδει
3469 2163 3609 2216 κατά
3626 2161 3731 2233 τῆς

2157 2262 2412 2337 ἀληθείας
2439 2266 2538 2337 τὴν
2566 2262 2787 2317 εἴσοδον.
2831 2260 2919 2313 Ἐν
2956 2258 3052 2328 μὲν
3079 2257 3187 2327 γὰρ
3220 2254 3299 2325 τῷ
3331 2254 3724 2323 πολυπραγμο-

2158 2364 2268 2415 νεῖν
2318 2359 2413 2412 καὶ
2458 2352 2866 2427 παραλογισμὸς
2908 2349 3088 2421 χώραν
3134 2347 3406 2417 εὑρίσκει”
3459 2346 3638 2415 πὰσης
3673 2343 3728 2396 δὲ

2159 2444 2683 2519 πολυπραγμοσύνης
2732 2440 3003 2513 ἀργούσης
3028 2479 3042 2502 ,
3078 2436 3545 2491 συναποκὸπτεται
3589 2435 3724 2489 πάν-

2158 2558 2265 2603 τως
2292 2540 2386 2593 καὶ
2414 2540 2447 2609 ἡ
2474 2536 2567 2589 τοῦ
2593 2534 2911 2604 διαμαρτεῖν
2949 2531 3180 2599 ἀνάγκη.
3213 2529 3323 2582 Καὶ
3358 2528 3440 2579 ὅτι
3472 2525 3671 2597 ἀληθὴς
3700 2526 3729 2577 ὁ

2157 2631 2312 2699 λόγος
2342 2620 2602 2697 πάρεστιν
2630 2628 2695 2678 ἐκ
2749 2623 2938 2676 τούτου
2967 2621 3175 2692 μαθεῖν,
3205 2620 3325 2681 πῶς
3362 2619 3418 2671 αἱ
3461 2617 3565 2670 τῶν
3604 2617 3728 2668 Ἐκ-

2161 2720 2399 2793 κλησιῶν
2440 2718 2679 2789 αἱρέσεις
2730 2716 2809 2777 είς
2865 2711 3112 2773 ποικίλας
3157 2710 3252 2762 καὶ
3295 2708 3582 2777 διαφόρους
3630 2708 3730 2767 τὰς

2162 2810 2398 2882 περὶτοῦ
2423 2808 2557 2862 Θεοδ
2590 2804 2883 2876 ὑπολήψεις
2915 2801 3394 2871 ἀπεπλανήθησαν,
3416 2799 3573 2852 ἄλλου
3602 2798 3729 2850 κατ’

2161 2901 2326 2972 ἀλλην
2350 2899 2470 2952 τινὰ
2489 2900 2586 2967 τῆς
2613 2895 2850 2957 διανοίας
2882 2892 3091 2962 κίνησιν
3113 2890 3301 2944 ἐαυτὸν
3326 2890 3726 2957 ἀπατήσαντος.

2164 2992 2287 3055 Πῶς
2326 2991 2476 3044 αὑτοὶ
2500 2983 2644 3041 οὗτοι
2682 2985 2808 3057 περὶ
2841 2977 2916 3038 ῶν
2942 2986 2970 3037 6
3007 2983 3165 3050 λόγος
3208 2981 3334 3051 περὶ
3364 2981 3426 3032 τὸ
3463 2978 3731 3049 βάραθρον

495 3078 694 3139 xerint.
722 3092 845 3131 cum
879 3075 1021 3129 alius
1062 3076 1362 3131 secundum
1395 3078 1630 3147 aliquam
1663 3078 1825 3131 aliam
1863 3078 2063 3131 mentis

2164 3082 2322 3135 τοῦτο
2374 3080 2473 3149 τῆς
2530 3075 2780 3138 ἀσεϐείας
2827 3070 3176 3127 κατώλισθον.
3220 3065 3345 3140 Ἆρ’
3393 3068 3512 3137 οὐχὶ
3566 3068 3733 3119 πᾶσιν

494 3167 788 3222 motionem
842 3166 1080 3235 seipsum
1119 3165 1409 3235 deceperit.
1449 3166 1517 3221 Ut
1560 3167 1722 3221 etiam
1770 3166 1823 3220 hi
1855 3166 1956 3236 ipsi
1997 3166 2065 3219 de

496 3260 696 3331 quibus
742 3266 826 3314 est
888 3273 1091 3323 sermo,
1140 3258 1193 3311 in
1248 3258 1350 3312 hoc
1410 3258 1703 3328 impietatis
1753 3258 2064 3312 barathrum

498 3351 707 3405 lubrice
748 3356 1094 3403 corruerunt.
1146 3347 1338 3401 Annon
1393 3347 1648 3403 omnibus
1698 3355 1845 3403 esset
1896 3347 2068 3402 tutius

498 3439 800 3496 secundum
884 3440 1137 3508 apientiae
1188 3440 1477 3494 consilium
1510 3454 1631 3494 non,
1656 3454 1902 3509 querere
1938 3455 2067 3508 pro-

501 3532 786 3593 fundiora.
845 3530 942 3586 sed
980 3547 1034 3586 ιιι
1087 3533 1271 3601 quiete
1325 3532 1555 3601 simplex
1595 3530 1716 3585 fidei
1761 3531 2066 3600 depositum

500 3622 809 3678 inviolabile
862 3630 916 3677 et
972 3622 1232 3677 intactum
1287 3623 1390 3677 sibi
1427 3623 1559 3692 ipsis
1589 3621 1908 3677 custodire?
1962 3620 2068 3674 Sed

499 3719 785 3782 postquam
815 3712 1030 3782 penitus
1057 3710 1221 3781 erepit
1249 3712 1523 3765 hominum
1544 3710 1722 3765 vilitas
1751 3718 1807 3764 et
1831 3710 2065 3774 vanitas,

497 3814 700 3859 temere
742 3818 838 3873 per
877 3818 940 3858 ea
999 3818 1119 3873 qua:
1165 3808 1343 3856 mente
1384 3799 1771 3871 comprehendi
1802 3814 1909 3854 non
1943 3814 2068 3869 pos-

499 3903 647 3961 sunt,
694 3895 963 3959 incedere,
993 3909 1057 3949 ac
1094 3892 1332 3949 decretis
1364 3891 1581 3947 ﬁrmare
1612 3906 1765 3946 vanae
1792 3891 2068 3960 opinionis

499 4002 612 4041 sua:
649 3980 952 4040 commdnta
996 4004 1010 4040 :
1046 3985 1172 4040 inde
1200 3985 1396 4055 longus
1432 3983 1718 4056 catalogus
1756 3996 1944 4038 eorum
1975 3981 2069 4052 qui

497 4077 712 4132 veritati
763 4078 959 4131 bellum
1007 4077 1267 4141 inferunt,
1318 4075 1460 4130 inter
1497 4089 1637 4144 quos
1673 4073 1725 4128 lii
1769 4074 1930 4128 etiam
1964 4073 2069 4143 ipsi

497 4168 566 4220 de
609 4167 807 4226 quibus
844 4181 1023 4221 sermo
1070 4175 1173 4231 est,
1238 4166 1329 4236 qui
1373 4168 1580 4221 erroris
1631 4172 1685 4219 et
1723 4163 1932 4220 fraudis
1969 4166 2070 4217 do-

500 4257 770 4326 gmatistm
797 4264 1186 4325 apparuerunt.
1224 4258 1316 4325 qui
1346 4256 1489 4325 quod
1527 4257 1668 4311 Deus
1698 4265 1801 4318 est.
1829 4256 2068 4312 circum-

500 4348 799 4416 scriptione
862 4347 1097 4416 quadam
1160 4347 1625 4417 complectentes,
1676 4347 2067 4419 propemodum

2167 3171 2566 3241 ἀσφαλέστερον
2595 3163 2662 3238 ἦν
2692 3165 2831 3218 κατὰ
2858 3164 2955 3232 τὴν
2983 3159 3291 3230 συμϐουλὴν
3318 3160 3417 3230 τῆς
3432 3158 3627 3228 Σοφίας
3657 3155 3733 3226 μὴ

2168 3264 2346 3333 ζητεῖν
2372 3262 2440 3313 τὰ
2463 3259 2763 3328 βαθύτερας
2801 3254 2960 3307 Ἀλλά
2977 3251 3287 3323 δι’ήσυχίας
3314 3248 3409 3318 τὴν
3439 3246 3615 3315 ἁπλῆν
3634 3246 3733 3314 τῆς

2169 3356 2401 3415 πίστεως
2433 3348 2904 3422 παρακαταθήκην
2949 3343 3143 3398 ἄσυλον
3189 3343 3401 3403 ἑαυτοῖς
3445 3338 3734 3408 ἁσφαλίζε-

2168 3446 2292 3499 σθαι
2313 3462 2327 3511 ;
2368 3443 2505 3498 Ἀλλ’
2529 3441 2650 3495 ἐπεὶ
2674 3440 2810 3501 ὅλως
2834 3435 3006 3507 ἀρχὴν
3027 3433 3216 3487 ἔλαϐεν
3242 3435 3274 3502 ἡ
3300 3432 3407 3484 τῶν
3433 3427 3735 3499 ἀνθρώπων

2166 3538 2438 3601 οὑδὲνεια,
2489 3536 2600 3598 τοῖς
2646 3530 3021 3602 ἀπερινοήτοις
3068 3524 3387 3596 ἐρὸατεύειν
3443 3523 3601 3593 εἰκῆ,
3644 3519 3735 3572 καὶ

2167 3628 2399 3699 δόγμασι
2430 3624 2719 3698 κρατύνειν
2763 3620 2832 3674 τὰ
2882 3622 2981 3691 τῆς
3020 3617 3254 3691 ματαίας
3285 3615 3513 3684 οἰήσεως
3560 3611 3736 3666 αὐτῶν

2169 3719 2597 3789 παρευρήματα·
2648 3712 2894 3767 ἐντεῦθεν
2917 3712 2946 3763 6
2976 3709 3143 3773 πολὺς
3188 3704 3483 3772 κατάλογος
3516 3702 3623 3756 τῶν
3670 3704 3735 3771 τῇ

2170 3812 2394 3880 ἀληθείᾳ
2436 3804 2978 3879 προσπολεμούντων,
3025 3801 3120 3855 καὶ
3151 3798 3304 3852 αὑτοὶ
3336 3792 3480 3850 οὗτοι
3510 3796 3639 3866 περὶ
3663 3789 3738 3848 ὧν

2168 3905 2198 3956 6
2229 3904 2385 3972 λόγος
2411 3900 2577 3965 ἐστὶν,
2607 3898 2656 3951 οῖ
2685 3893 3042 3967 δογματισταὶ
3079 3893 3179 3964 τῆς
3209 3890 3424 3959 ἀπάτης
3457 3888 3737 3957 ἀναπεφή-

2169 4012 2344 4058 νασιν,
2365 3995 2411 4046 οἱ
2438 3993 2516 4055 είς
2548 3989 2895 4060 περιγραφήν
2925 4001 3046 4038 τινα
3082 3983 3144 4036 τὸ
3165 3983 3319 4035 Θεῖον
3356 3980 3600 4048 ἀγοντες,
3641 3994 3739 4047 μο-

2169 4087 2383 4159 νονουχλ⁵
2431 4082 2678 4155 φανερῶς
2719 4079 3186 4138 εἰδωλοποιοῦντες
3226 4072 3433 4128 ἑαυτῶν
3465 4070 3561 4140 τὴν
3603 4069 3740 4122 ὑπό·

2171 4195 2337 4244 νοιαν,
2377 4177 2433 4229 ἐν
2462 4174 2539 4245 τῷ
2567 4174 2667 4245 τὴν
2698 4169 3103 4241 ἐμφαινομένην
3138 4168 3205 4235 τῇ
3270 4161 3598 4233 amr-110'th
3624 4158 3739 4211 διὰ-

2169 4286 2318 4324 νοιαν
2357 4266 2559 4337 ταύτην
2608 4264 2893 4328 θεοποιεῖν,
2935 4259 3011 4322 ὼς
3058 4258 3177 4328 οὑχ).
3228 4254 3370 4309 κατά
3415 4269 3541 4306 τινα
3583 4252 3737 4316 λόγον

2171 4357 2646 4429 ἐπιθεωρουμένην
2687 4356 2756 4425 τῇ
2803 4351 2924 4422 θεία
2975 4349 3160 4420 φύσει,
3206 4345 3319 4399 ἀλλ’
3364 4344 3536 4414 αὑτὴν
3573 4337 3737 4395 οὖσαν

499 4450 681 4505 aperte
718 4451 872 4490 suam
903 4437 1211 4506 opinionem
1248 4439 1393 4493 velut
1429 4438 1630 4493 idolum
1668 4439 1897 4507 lingunt,
1935 4439 2062 4492 dum

2169 4451 2321 4509 Θεὸν,
2348 4449 2382 4518 ἢ
2408 4447 2594 4500 οὑσίαν
2636 4444 2793 4498 Θεοῦ.
2825 4442 3016 4497 Καίτοι
3043 4457 3105 4509 γε
3136 4440 3264 4501 ῐσως
3295 4437 3459 4507 ἐχρῆν
3487 4434 3619 4506 πρὸς
3647 4432 3739 4485 τὸν
3782 4513 3795 4524 ρ

500 4527 641 4582 hanc
682 4527 1093 4598 intelligentiam
1141 4543 1263 4598 quae
1309 4538 1392 4584 est
1432 4531 1483 4583 in
1539 4544 1730 4585 eorum
1774 4530 2069 4600 ἀγεννησίίι

500 4621 773 4683 deiﬁcant,
828 4631 887 4675 ut
926 4638 1046 4689 qua:
1090 4623 1245 4680 nulla
1296 4623 1508 4676 ratione
1558 4622 1613 4675 in
1662 4622 1844 4676 divina
1876 4633 2068 4675 natura

498 4724 773 4776 cernatur,
808 4713 904 4767 sed
934 4714 1049 4782 ipsa
1087 4714 1159 4768 sit
1190 4713 1353 4776 Deus,
1383 4715 1465 4768 vel
1500 4714 1591 4767 Dei
1616 4714 1874 4769 essentia.
1905 4713 2067 4781 Atqui

501 4804 738 4859 fortasse
762 4804 1049 4874 oportebat
1078 4820 1172 4859 eos
1212 4804 1277 4859 ad
1308 4815 1618 4859 sanctorum
1646 4806 1874 4859 chorum
1912 4806 2071 4874 inspi-

497 4897 726 4962 cienles,
768 4896 1064 4967 prophetas
1113 4896 1356 4964 intelligo
1387 4905 1442 4951 et
1477 4897 1836 4966 patriarchas,
1870 4897 2069 4967 quibus

498 4986 852 5041 multifariam
907 4987 1206 5056 multisque
1256 4987 1436 5042 modis
1466 4989 1711 5043 veritatis
1767 5002 1948 5043 sermo
1988 4989 2071 5041 in-

499 5080 717 5146 sonuit;
757 5088 812 5134 et
857 5088 1045 5148 postea
1104 5079 1257 5148 ipsos
1314 5080 1476 5133 etiam
1511 5080 1851 5149 inspectores
1879 5087 1932 5133 ct
1967 5080 2071 5134 mi-

499 5170 708 5224 nistros
753 5169 929 5225 factos
980 5171 1154 5225 verbi.
1204 5185 1330 5227 cum
1379 5172 1624 5225 venerari
1673 5171 1795 5226 ﬁdei
1850 5173 2068 5242 dignam

499 5260 850 5316 autoritatem
907 5275 1121 5323 eorum,
1159 5276 1281 5331 quam
1331 5259 1398 5314 ab
1450 5261 1569 5330 ipso
1620 5260 1825 5331 Spiritu
1876 5269 2068 5315 testata

500 5362 627 5406 sunt
657 5359 712 5405 et
741 5351 1082 5409 confirmata.
1123 5360 1239 5405 tum
1265 5351 1480 5405 illorum
1514 5352 1779 5405 doctrinm
1803 5359 1857 5405 et
1885 5352 2071 5421 cogni-

500 5442 666 5495 tionis
710 5443 961 5497 terminis
1004 5443 1279 5507 insistere,
1309 5458 1484 5513 neque
1515 5443 1717 5498 audere
1758 5444 1811 5496 in
1841 5443 1926 5497 liis
1952 5458 2071 5512 quae

499 5539 813 5586 sanctorum
841 5534 1255 5603 comprehensio
1286 5549 1395 5588 non
1444 5533 1746 5589 afﬁrmavit.
1789 5533 1867 5588 llli
1902 5534 2067 5595 enim,

500 5632 629 5676 tunc
662 5622 915 5676 humanm
946 5624 1068 5678 vitae
1091 5624 1425 5693 incognitum
1460 5625 1648 5688 Deum.
1687 5634 1907 5695 propter
1937 5642 2071 5696 prae-

495 5709 765 5766 valentent
812 5713 960 5768 circa
988 5716 1129 5769 idola
1154 5731 1393 5769 errorem
1423 5717 1764 5785 perspicuum
1794 5725 1847 5773 et
1883 5726 2066 5772 notum

2170 4540 2278 4595 τῶν
2297 4539 2466 4608 ἁγίων
2489 4537 2646 4608 χορὸν
2674 4535 3096 4595 ἀποϐλέποντας,
3132 4532 3257 4592 τοὺς
3280 4528 3567 4601 προφήτας
3595 4527 3738 4593 λέγω

2171 4634 2265 4686 καὶ
2298 4629 2644 4700 πατριάρχας
2671 4669 2685 4694 ,
2728 4625 2809 4688 οἷς
2837 4623 3156 4695 πολυμερῶς
3191 4622 3285 4675 καὶ
3331 4619 3680 4688 πολυτρόπως
3707 4618 3741 4669 ὁ

2169 4725 2269 4794 τῆς
2319 4720 2576 4789 ἀληθείας
2615 4716 2973 4785 ἐνεφθέγξατο
3006 4715 3195 4782 λύγος⁹
3246 4713 3339 4766 καὶ
3389 4710 3530 4781 μετά
3566 4707 3738 4762 ταῦτα

2168 4813 2296 4874 τοὺς
2329 4810 2602 4871 αὐτόπτας
2630 4824 2690 4860 τε
2724 4806 2818 4859 καὶ
2848 4804 3125 4875 ὑπηρέτας
3156 4803 3484 4872 γενομένους
3514 4799 3609 4852 τοῦ
3644 4798 3742 4851 λό-

2170 4916 2265 4968 γου
2289 4939 2301 4959 ,
2330 4898 2425 4951 καὶ
2449 4894 2835 4965 δυσωπηθῆναι
2870 4895 2967 4963 μὲν
3005 4893 3101 4961 τὴν
3135 4891 3475 4956 ἀξιοπιστίαν
3508 4889 3617 4944 τῶν
3647 4889 3737 4941 ὑπ’

2171 4989 2335 5043 αὑτοῦ
2376 4986 2833 5059 μαρτυρηθέντων
2863 4983 2955 5036 τοῦ
2994 4984 3341 5053 Πνεύματος,
3389 4980 3648 5052 ἐμμένειν
3680 4979 3737 5031 δὲ

2170 5082 2281 5144 τοῖς
2310 5080 2455 5150 ὅροις
2480 5078 2576 5146 τῆς
2598 5075 2820 5130 ἐκείνων
2845 5071 3186 5135 διδασκαλίας
3207 5072 3299 5124 καὶ
3322 5071 3575 5140 γνώσεως
3590 5108 3605 5132 ,
3647 5068 3739 5121 καὶ

2175 5172 2249 5243 μὴ
2296 5167 2593 5239 ἐπιτολμᾷν
2630 5165 2842 5229 τούτοις
2874 5157 2950 5217 ὧν
2996 5166 3028 5233 ή
3074 5162 3182 5216 τῶν
3226 5162 3394 5225 ἁγίων
3436 5158 3736 5228 κατάληψις

2170 5260 2269 5312 οὑκ
2298 5258 2552 5327 ὲφήσατο.
2599 5255 2822 5309 Ἐκεῖνοι
2860 5252 2969 5322 γάρ
2992 5250 3352 5322 ἀγνοούμενον
3377 5250 3517 5313 τέως
3541 5251 3606 5319 τῇ
3640 5250 3736 5302 ἀν-

2171 5348 2415 5420 θρωπίνῃ
2463 5346 2573 5416 ζωῇ
2613 5345 2704 5398 τὸν
2746 5345 2877 5399 Θεὸν
2910 5344 2996 5398 διά
3028 5343 3125 5415 τὴν
3162 5340 3566 5413 ἐπικρατοῦσαν
3605 5340 3726 5392 τότε

2174 5440 2300 5509 περὶ
2338 5439 2409 5492 τά
2443 5437 2637 5491 εἴδωλα
2681 5436 2888 5504 πλάνην
2934 5435 3147 5506 ἐμφανῆ
3189 5434 3283 5487 καὶ
3318 5431 3591 5503 γνώριμον
3626 5432 3736 5491 τοῖς

2171 5532 2477 5603 ἀνθρώποις
2501 5531 2780 5594 ποιοῦντες
2805 5530 2868 5585 ἐκ
2886 5547 2944 5584 τε
2972 5529 3082 5584 τῶν
3105 5528 3397 5598 θαυμάτων
3417 5526 3454 5582 ὃ.
3478 5526 3591 5588 τοῖς
3610 5524 3734 5593 παρ’

2172 5622 2334 5677 αὑτοῦ
2368 5624 2759 5694 γεγενημένοις
2819 5622 3163 5692 ἐμφαίνεται,
3191 5619 3285 5687 καὶ
3326 5620 3390 5671 ἐκ
3416 5616 3525 5679 τῶν
3546 5614 3734 5683 ὁνομάο

2172 5734 2279 5769 των
2310 5715 2376 5768 δι’
2402 5715 2477 5769 ῶν
2506 5716 2567 5769 τὸ
2599 5717 2835 5770 ποικίλον
2862 5714 2960 5785 τῆς
2981 5713 3128 5778 θείας
3153 5713 3432 5783 δυνάμεως
3462 5707 3735 5763 κατανοεῖ·
