4034 6468
275 354 382 408 95:“:

1366 347 1643 403 CONTRA
1680 344 2044 402 EUNOMIUM
2083 344 2214 398 LIB.
2249 344 2364 398 XII.

3424 349 3527 403 ωδ

273 488 365 523 ται
390 509 404 529 .
440 467 575 540 πρὸς
614 468 713 540 τὴν
750 468 962 522 σύνεσιν
998 469 1097 539 τῆς
1128 469 1278 533 Θείας
1318 470 1534 539 φύσεως
1572 486 1842 541 χειραγω-

1971 468 2263 524 nominibus
2315 467 2600 530 facientes,
2662 477 2775 523 tum
2836 485 2902 523 ex
2960 468 3243 524 miraculis
3297 485 3419 539 quas
3474 469 3527 523 in

276 559 452 628 γοῦσι,
483 559 580 630 τὴν
615 560 1082 630 μεγαλοπρέπειαν
1113 560 1280 631 μόνην
1304 561 1411 615 τῶν
1437 561 1564 632 napi.
1597 560 1689 614 τὸν
1716 560 1848 614 Θεὸν

278 650 666 721 θεωρουμένων
685 653 798 714 τοῖς
825 648 1131 722 ἀνθρώποις
1157 651 1533 723 γνωρίζοντες·
1560 653 1649 706 τὸν
1674 652 1731 705 δὲ
1752 653 1851 722 τῆς

276 744 467 807 οὐσίας
507 742 684 813 λόγον,
718 743 793 807 ὡς
829 742 952 796 οὔτε
1000 743 1221 798 δυνατὸν
1250 743 1589 816 χωρηθῆναι,
1628 742 1752 796 οὕτε
1796 761 1850 796 τι

279 832 513 907 φέροντα
541 838 652 899 τοῖς
702 836 1212 907 πολυπραγμονοῦσι
1247 836 1308 889 τὸ
1348 836 1574 907 κέρδος.
1617 834 1853 907 ἄρρητον

277 928 499 998 ἀφῆκαν
524 930 620 981 καὶ
652 927 1026 992 ἀνεξέταστον.
1072 929 1180 982 Καὶ
1214 929 1323 999 γὰρ
1352 930 1448 982 καὶ
1476 928 1642 983 τᾶλλα
1676 929 1853 982 πάντα

278 1021 360 1075 ὅτι
392 1021 490 1091 μὲν
520 1021 709 1089 γέγονε
730 1021 1059 1092 διηγήσαντο
1084 1063 1098 1084 ,
1126 1022 1370 1093 οὐρανὸν,
1401 1022 1526 1092 γῆν,
1552 1023 1848 1086 θάλασσαν,

279 1112 527 1183 χρόνους,
571 1113 772 1177 αίῶνας
800 1114 893 1169 καὶ
935 1115 1031 1184 τὴν
1065 1116 1122 1167 ὲν
1164 1114 1374 1177 τούτοις
1411 1114 1621 1168 κτίσινο
1668 1115 1751 1167 ὅτι
1797 1113 1853 1167 δὲ

281 1204 485 1259 τούτων
517 1206 767 1271 ἕκαστον,
799 1207 891 1260 καὶ
919 1207 1087 1271 ὅπως,
1124 1209 1217 1261 καὶ
1245 1208 1387 1271 ὃθεν,
1421 1206 1814 1277 ἀπεσιώπησαν
1834 1225 1849 1240 ο

282 1296 426 1352 οὕτω
454 1298 549 1352 καὶ
576 1299 704 1371 περὶ
733 1298 889 1355 Θεοῦ.
921 1299 1002 1352 ὅτι
1029 1300 1125 1369 μὲν
1148 1299 1263 1353 ἐστι
1289 1341 1304 1365 ,
1334 1299 1430 1353 καὶ
1456 1302 1569 1362 τοῖς
1596 1298 1846 1369 ὲκζητοῦ·

284 1406 369 1442 σιν
396 1388 560 1444 αὐτὸν
593 1389 988 1460 μισθαποδότης
1014 1390 1244 1459 γίνεται,
1280 1390 1705 1460 συμϐουλεύουσι
1738 1390 1855 1444 πεί-

283 1482 494 1537 θεσθαι·
523 1483 620 1553 τὴν
637 1482 694 1536 δὲ
715 1482 875 1551 φύσιν
896 1483 1063 1553 αὐτὴν
1083 1484 1158 1547 ὡς
1179 1484 1317 1555 ὑπὲρ
1341 1485 1450 1537 πᾶν
1467 1479 1631 1539 οὖσαν
1649 1484 1851 1555 ὄνομα,

279 1573 406 1628 οὔτε
437 1576 729 1646 ὠνόμασαν
749 1617 764 1640 ,
802 1575 923 1629 οὔτε
957 1576 1249 1646 ὲμέλησαν.
1285 1577 1348 1631 Εἰ
1386 1577 1496 1648 γάρ
1525 1594 1579 1631 τι
1604 1576 1740 1648 πρὸς
1764 1578 1856 1649 δή·

280 1668 449 1721 λωσιν
477 1668 575 1738 τῆς
596 1667 756 1733 θείας
789 1672 1168 1738 κατανοήσεως
1216 1669 1615 1741 μεμαθήκαμεν
1650 1670 1852 1741 ὄνομα,

280 1760 460 1813 πάντα
491 1756 665 1814 ταῦτα
692 1760 974 1815 κοινωνίαν
1003 1760 1112 1831 ἔχει
1151 1763 1245 1816 καὶ
1290 1763 1581 1831 ἀναλογίαν
1606 1764 1744 1836 πρὸς
1783 1764 1851 1819 τὰ

280 1850 508 1906 τοιαῦτα
546 1853 654 1906 τῶν
699 1853 996 1924 ὀνομάτων,
1043 1853 1080 1908 ἃ.
1107 1855 1199 1908 τοῦ
1243 1872 1389 1919 τινος
1423 1856 1709 1927 ἀνθρώπου
1756 1858 1856 1931 τὴν

286 1943 525 2014 ἰδιότητα
560 1944 849 1998 δείκνυσιν.
893 1944 980 2009 Ὠς
1011 1946 1120 2017 γὰρ
1157 1947 1207 1999 οῖ
1245 1947 1337 2000 τὸν
1374 1948 1735 2018 ἀγνοούμενον
1769 1951 1857 2006 διά

281 2052 447 2090 τινων
475 2036 869 2106 γνωρισμάτων
909 2036 1216 2107 δηλοῦντες,
1247 2038 1547 2111 εύπατρίδα
1574 2041 1759 2107 αὐτὸν,
1790 2040 1856 2095 ἂν

282 2127 431 2182 οὕτω
462 2125 598 2198 τύχῃ
617 2168 631 2190 .
664 2128 755 2180 καὶ
779 2128 889 2182 τῶν
903 2125 962 2183 εὖ
974 2130 1274 2197 γεγονότων
1298 2131 1546 2201 λέγουσιν
1574 2130 1734 2198 εἶναι,
1765 2136 1858 2189 καὶ

284 2219 545 2292 λαμπρὸν,
557 2221 613 2273 ὲν
634 2218 847 2290 πλούτῳ
859 2220 955 2273 καλ⁵
974 2222 1032 2274 ἐν
1051 2220 1179 2293 ἀξία
1198 2240 1263 2275 πε
1273 2223 1574 2294 ρίσλεπτον,
1595 2225 1861 2281 ἀνθοῦντα

282 2330 345 2368 τε
374 2315 440 2385 τῇ
463 2311 609 2384 ὥρᾳ,
633 2313 727 2367 καὶ
748 2313 841 2368 ἐπὶ
872 2313 1029 2368 τόσον
1047 2315 1380 2372 διανεστῶτα
1400 2318 1476 2388 τῷ
1498 2318 1732 2390 σώματι,
1765 2322 1860 2375 καὶ

284 2408 353 2462 τὰ
385 2406 610 2462 τοιαῦτα
639 2407 918 2476 λέγοντες,
947 2406 1007 2461 ού
1032 2406 1128 2479 τὴν
1169 2408 1327 2478 φύσιν
1357 2410 1451 2465 τοῦ
1490 2411 1819 2484 δηλουμένου
1844 2454 1858 2478 ,

282 2500 421 2556 ἀλλά
446 2518 566 2554 τινα
590 2500 946 2571 γνωρίσματα
974 2500 1082 2553 τῶν
1110 2500 1235 2571 περὶ
1253 2501 1415 2555 αὑτὸν
1448 2506 1861 2576 γινωσκομένων

287 2594 581 2664 ἐδήλωσαν.
614 2591 751 2645 Οὔτε
778 2593 885 2664 γὰρ
918 2591 979 2646 τὸ
1010 2594 1247 2661 εὐγενὲς,
1276 2594 1399 2649 οὗτε
1423 2598 1486 2650 τὸ
1510 2598 1863 2670 πολυχρήμα-

286 2704 400 2751 τον,
415 2685 538 2739 οὔτε
560 2685 621 2738 τὸ
639 2685 934 2756 περιφανὲς
950 2684 1042 2739 τοῦ
1055 2685 1379 2758 ἀξιώματος,
1399 2687 1520 2743 οὔτε
1536 2691 1594 2744 τὺ
1614 2691 1752 2745 κατὰ
1765 2694 1863 2764 τὴν

287 2775 808 2848 ὤρανπερίὸλεπτον
824 2776 851 2829 ὁ
867 2775 1150 2848 ἄνθρωπός
1170 2779 1338 2840 ἐστιν.
1355 2780 1469 2834 ἀλλ’
1491 2782 1717 2836 ἕκαστον
1737 2784 1863 2838 τού-

288 2888 396 2924 των
424 2869 551 2939 περὶ
577 2869 670 2923 τόν
696 2886 817 2923 τινα
850 2868 1154 2940 θεωρεῖται·
1186 2870 1358 2935 οὕτως
1378 2874 1472 2926 καὶ
1499 2875 1669 2928 πᾶσαι
1692 2876 1865 2944 φωναὶ

288 2963 388 3029 τῆς
417 2961 577 3029 ἁγίας
609 2960 830 3030 Γραφῆς
866 2962 945 3024 εἰς
973 2959 1277 3030 δοξολογίαν
1302 2964 1454 3019 θείαν
1484 2964 1861 3038 ὲξευρημέναι,

290 3052 401 3104 τῶν
437 3051 562 3120 περὶ
592 3050 684 3103 τὸν
724 3049 856 3102 Θεόν
888 3068 942 3103 τι
988 3050 1331 3122 δηλουμένων
1376 3054 1861 3125 ἀποσημαίνουσιν,

1958 558 2131 628 ipsius
2160 558 2419 629 operibus
2441 560 2678 625 elucent,
2703 575 2825 614 cum
2867 575 2930 615 ex
2960 560 3298 622 nominibus.
3332 558 3529 628 quibus

1957 650 2192 706 varietas
2226 649 2425 706 divinae
2459 653 2673 709 virtutis
2716 653 3059 722 intelligitur,
3105 651 3173 706 ad
3207 651 3404 706 divinae
3432 665 3532 704 na-

1958 749 2097 797 tura:
2136 742 2545 811 intelligentiam
2578 753 2837 815 tanquam
2870 759 3033 799 manu
3065 744 3294 807 ducunt,
3325 743 3533 812 magni-

1961 835 2231 891 ficentiam
2271 836 2443 890 solam
2474 851 2663 891 eorum
2692 852 2815 907 qua:
2850 838 2917 891 de
2946 837 3056 891 Deo
3088 836 3527 899 considerantur,

1961 925 2278 981 hominibus
2306 935 2493 981 notam
2524 927 2817 991 facientes;
2855 927 3110 983 essentiae
3146 936 3326 982 autem
3360 926 3532 979 ratio-

1960 1033 2109 1081 nem,
2158 1026 2218 1071 ut
2256 1033 2379 1087 quae
2424 1019 2543 1089 capi
2579 1020 2731 1073 nullo
2771 1020 2932 1073 modo
2975 1019 3170 1089 possit,
3199 1034 3377 1088 neque
3401 1018 3530 1087 quid

1961 1108 2150 1165 afferat
2197 1110 2332 1165 lucri
2390 1117 2444 1166 et
2493 1111 2764 1166 commodi
2796 1111 2881 1167 his
2918 1113 3011 1181 qui
3065 1111 3229 1166 nimis
3280 1110 3439 1165 anxie
3482 1120 3533 1164 et

1961 1204 2179 1259 curiose
2224 1207 2564 1273 perquirunt,
2601 1204 2925 1260 ineffabilem
2957 1213 3012 1259 et
3048 1219 3161 1258 non
3197 1202 3536 1273 pervestiga-

1961 1296 2123 1351 bilem
2167 1295 2516 1351 dimiserunt.
2562 1294 2778 1351 Etenim
2809 1297 2971 1351 etiam
3014 1296 3119 1349 alia
3160 1295 3342 1350 omnia
3389 1302 3535 1347 certe

1962 1388 2102 1443 facta
2134 1405 2255 1446 esse
2279 1398 2661 1454 narraverunt,
2691 1390 2913 1451 ctelum,
2940 1397 3162 1454 terram,
3196 1402 3366 1449 mare,
3398 1393 3537 1440 tem-

1962 1496 2116 1550 pora,
2179 1481 2402 1545 saecula,
2432 1490 2486 1536 et
2508 1496 2629 1549 qua:
2661 1482 2715 1536 in
2753 1483 2835 1537 eis
2865 1490 3017 1545 sunt,
3052 1487 3354 1535 creaturas.
3391 1466 3533 1545 Quid

1963 1586 2141 1629 autem
2169 1575 2364 1630 borum
2400 1575 2853 1646 unumquodque,
2877 1586 2930 1630 et
2957 1572 3254 1645 quomodo,
3288 1582 3343 1627 et
3374 1570 3534 1637 unde,

1963 1667 2112 1721 taciti
2155 1666 2537 1737 praeterierunt
2570 1687 2583 1721 :
2628 1667 2711 1723 sic
2740 1668 2905 1720 etiam
2939 1667 3005 1722 de
3041 1664 3152 1723 Deo
3182 1666 3310 1734 quia
3336 1672 3441 1726 est,
3482 1670 3537 1717 et

1964 1760 2339 1829 quaerentibus
2386 1774 2447 1815 se
2492 1758 2550 1813 fit
2583 1769 2963 1813 remunerator
2994 1758 3059 1822 ’⁸,
3089 1756 3382 1812 consulunt
3414 1770 3535 1809 cre-

1964 1852 2135 1907 dere:
2168 1858 2421 1905 naturam
2462 1859 2642 1906 autem
2690 1851 2864 1921 ipsam
2902 1865 3022 1920 quas
3069 1863 3234 1920 supra
3273 1858 3358 1906 est
3376 1862 3539 1903 omne

1962 1963 2187 2009 nomen,
2238 1962 2414 2018 neque
2478 1946 2856 2007 nominarunt.
2911 1959 3089 2015 neque
3139 1953 3423 2001 curarunt.
3479 1941 3537 1997 Si

1963 2042 2106 2097 enim
2133 2055 2331 2096 nomen
2377 2038 2597 2109 aliquod
2638 2039 2705 2094 ad
2729 2038 3151 2095 declarationem
3206 2038 3402 2093 divina:
3445 2053 3540 2093 co-

1966 2134 2227 2203 gnitionis
2283 2132 2602 2198 didicimus,
2665 2132 2781 2186 bzec
2853 2132 3034 2186 omnia
3098 2131 3538 2187 communionem

1970 2224 2189 2284 habent.
2222 2232 2275 2279 et
2310 2224 2725 2293 pr0portionem
2769 2238 2892 2278 cum
2925 2223 3199 2292 ejusmodi
3225 2224 3542 2277 nominibus

1967 2331 2089 2385 quae
2136 2315 2369 2384 alicujus
2414 2314 2653 2369 hominis
2704 2316 3092 2386 proprietatem
3139 2315 3538 2375 demonstrant.

1968 2407 2436 2476 Quemadmodum
2490 2407 2634 2462 enim
2691 2406 2743 2461 bi
2791 2407 2885 2478 qui
2938 2408 3248 2480 quempiam
3301 2407 3406 2462 sibi
3461 2423 3545 2461 tn-

1969 2502 2267 2571 cognitum,
2324 2514 2419 2570 per
2475 2500 2657 2569 aliqua
2715 2499 2918 2553 indicia
2953 2508 3023 2555 et-
3051 2500 3204 2570 signa
3241 2499 3541 2561 declarant,

1970 2599 2148 2669 ipsum
2192 2614 2257 2654 ex
2306 2596 2449 2651 bono
2501 2603 2654 2665 patre
2696 2601 2877 2649 ortum
2926 2603 2980 2651 et
3020 2595 3337 2666 ingenuum,
3384 2595 3427 2650 si
3464 2596 3545 2651 sic

1971 2704 2092 2745 sors
2134 2687 2344 2751 tulerit,
2399 2682 2459 2742 et
2503 2701 2569 2740 ex
2616 2684 2895 2740 nobilibus
2949 2683 3139 2739 dicunt
3182 2699 3324 2750 esse,
3384 2694 3546 2754 atque

1971 2778 2176 2835 divitiis
2209 2780 2418 2833 clarum
2453 2784 2509 2831 et
2552 2776 2817 2845 dignitate
2849 2777 3230 2846 conspicuum,
3269 2784 3425 2831 aetate
3450 2777 3546 2831 lio-

1974 2880 2201 2937 rentem,
2239 2879 2293 2925 et
2342 2870 2396 2924 in
2448 2876 2660 2923 tantum
2698 2882 2927 2938 corpore
2965 2868 3315 2933 eminentem,
3346 2876 3399 2923 et
3427 2884 3548 2939 quae

1974 2973 2103 3022 sunt
2133 2961 2401 3032 ejusmodi
2441 2961 2569 3016 dum
2615 2961 2826 3022 dicunt,
2874 2977 2980 3016 non
3013 2970 3264 3015 naturam
3302 2961 3423 3030 ejus
3451 2962 3544 3030 qui

1972 3057 2308 3118 declaratur,
2338 3050 2433 3109 sed
2467 3051 2712 3120 quaedam
2746 3051 2900 3121 signa
2933 3062 2986 3105 et
3013 3059 3171 3107 notas
3203 3065 3392 3106 eorum
3428 3066 3549 3121 qua:

295 3145 431 3198 ίδίαν
465 3142 701 3212 ἔμφασιν
726 3142 929 3212 ἑκάστη
964 3143 1309 3215 παρεχομένη
1343 3145 1410 3199 δι’
1432 3138 1509 3200 ὧν
1536 3146 1570 3218 ἢ
1611 3148 1673 3201 τὸ
1703 3148 1863 3205 δυνα-

1972 3149 2026 3204 ἰη
2052 3147 2173 3218 ipso
2198 3150 2628 3216 cognoscuntur,
2660 3142 2997 3198 indicarunt.
3023 3141 3210 3214 Neque
3236 3144 3380 3198 enim
3404 3143 3548 3214 quod

292 3236 404 3299 τὸν,
454 3234 489 3305 ἢ
520 3234 582 3287 τδ
605 3234 699 3287 τοῦ
749 3234 992 3305 χείρονος
1032 3235 1403 3303 ἀνεπίδεκτον,
1443 3237 1477 3305 ἢ
1505 3238 1566 3292 τὺ
1597 3240 1670 3312 μὴ
1701 3240 1760 3306 ἐξ
1788 3242 1871 3295 αί-

291 3328 414 3389 τὶας
442 3320 601 3391 εἶναι,
645 3326 677 3397 ἢ
707 3326 769 3380 τὸ
799 3327 872 3397 μὴ
904 3328 983 3391 είς
1008 3329 1353 3399 περιγραφὴν
1382 3330 1569 3394 τέλους
1590 3331 1866 3403 ἔρχεσθαι,

294 3418 327 3487 ἦ
359 3417 422 3471 τὸ
460 3416 603 3471 κατὰ
644 3418 862 3471 πάντων
916 3416 1059 3486 ἔχειν
1090 3418 1151 3471 τὸ
1191 3417 1413 3488 κράτος.
1450 3419 1481 3489 ἦ
1515 3420 1651 3485 ὅλως
1682 3440 1734 3475 τι
1762 3423 1871 3477 τῶν

295 3510 427 3581 περὶ
476 3509 672 3571 αὐτὸν.
712 3508 1109 3578 διδασκόμεθα·
1146 3507 1317 3580 αὐτὴν
1346 3510 1401 3563 δὲ
1434 3512 1532 3580 τὴν
1571 3513 1757 3567 οὐσίαν
1795 3514 1871 3578 ὡς

276 3601 417 3655 »οὔτε
439 3602 644 3672 διανοίᾳ
664 3601 770 3654 τινὶ
787 3601 1059 3673 χωρητὴν.
1083 3599 1203 3654 οὕτε
1226 3600 1367 3670 λόγῳ
1387 3604 1653 3675 φραστὴν,
1679 3606 1869 3660 ἀπολυο

294 3693 680 3765 πραγμόνητον
708 3694 887 3756 εἴασε,
921 3695 1099 3763 σιωπῇ
1140 3692 1402 3762 τιμᾶσθαι
1440 3694 1865 3765 νομοθετήσασα,

292 3787 352 3838 ὲν
371 3783 448 3856 τῷ
473 3786 699 3839 κωλύειν
717 3785 826 3839 τῶν
854 3782 1163 3855 βαθυτέρων
1187 3784 1284 3854 τὴν
1309 3784 1552 3855 ζήτησιν.
1585 3787 1679 3841 καὶ
1703 3790 1762 3841 ὲν
1792 3786 1869 3859 τῷ

291 3877 474 3945 λέγειν
502 3877 576 3949 μὴ
603 3879 712 3932 δεῖν
750 3878 1052 3946 ἐξενεγκεῖν
1081 3877 1229 3948 ῥῆμα
1253 3876 1358 3947 πρὸ
1387 3876 1678 3949 προσώπου
1712 3881 1866 3937 Θεοῦ.

1973 3252 2301 3312 generosum
2356 3247 2410 3293 et
2459 3235 2664 3298 nobile,
2720 3250 2900 3305 neque
2943 3235 3321 3306 pecuniosum,
3371 3252 3550 3307 neque

1976 3331 2187 3388 illustre
2214 3329 2498 3401 dignitate,
2532 3342 2712 3398 neque
2746 3327 2891 3398 quod
2924 3335 3083 3383 aetate
3112 3326 3287 3390 floret,
3323 3336 3378 3384 et
3426 3343 3552 3399 spe—

1976 3424 2178 3480 ctabile
2205 3429 2311 3485 est,
2350 3420 2468 3491 ipse
2502 3420 2665 3474 homo
2692 3426 2796 3480 est,
2830 3418 2924 3473 sed
2960 3419 3154 3473 horum
3206 3421 3551 3488 unumquodv

1975 3532 2081 3587 que
2121 3514 2173 3569 in
2220 3515 2403 3582 aliquo
2455 3521 2758 3582 spectatur.
2818 3512 2910 3566 Sic
2952 3511 3118 3566 etiam
3156 3526 3349 3568 omnes
3389 3526 3549 3568 voces

1976 3616 2180 3664 sanctae
2220 3605 2518 3676 Scriptura:
2565 3604 2631 3658 ad
2678 3603 3127 3675 gloriticationem
3176 3604 3416 3658 ditfmam
3466 3604 3550 3659 in-

1977 3711 2169 3765 ventze,
2206 3713 2395 3753 eorum
2441 3696 2645 3768 aliquid
2691 3712 2811 3767 quaa
2840 3696 2892 3750 in
2936 3695 3044 3751 Deo
3069 3695 3438 3760 declarantur,
3478 3697 3553 3753 si-

1975 3792 2251 3864 gnificant,
2313 3790 2585 3861 propriam
2632 3788 3083 3858 significationem
3142 3789 3369 3857 singulae
3420 3805 3555 3860 prm-

1976 3884 2187 3949 bentes,
2229 3898 2326 3954 per
2382 3898 2542 3953 quas,
2574 3881 2658 3935 vel
2706 3884 2849 3951 quod
2888 3888 3079 3949 potens
3132 3886 3237 3945 est,
3277 3880 3361 3936 vel
3405 3884 3553 3951 quod

292 3969 582 4024 deterioris
642 3986 750 4023 non
798 3978 884 4025 est
924 3984 1115 4039 capax,
1165 3971 1247 4023 vel
1284 3970 1428 4039 quod
1486 3987 1596 4026 non
1646 3982 1732 4029 est
1779 3990 1843 4030 ex
1886 3992 2074 4042 causa,
2106 3978 2190 4032 vel
2237 3977 2382 4046 quod
2446 3974 2824 4029 circumscribi
2851 3990 2957 4028 non
2992 3979 3189 4043 potest,
3262 3974 3343 4028 vel
3408 3974 3551 4042 quod

296 4057 352 4114 in
403 4061 583 4115 omnia
614 4060 778 4116 habet
817 4062 1128 4130 imperium,
1162 4061 1245 4114 vel
1293 4062 1517 4117 omnino
1578 4064 1709 4129 quid
1750 4082 1938 4123 eorum
1979 4084 2099 4135 qum
2142 4068 2197 4123 in
2248 4068 2369 4138 ipso
2405 4065 2847 4128 considerantur,
2899 4062 3203 4119 docemur:
3260 4065 3550 4119 essentiam

294 4158 477 4204 autem
526 4152 720 4220 ipsam,
755 4161 815 4205 ut
858 4166 1034 4221 neque
1084 4151 1436 4222 intelligentia
1490 4156 1929 4225 pereeptibilem,
1971 4176 2146 4229 neque
2197 4158 2445 4213 oratione
2491 4155 2791 4217 etl'abilem,
2838 4170 2944 4209 non
3001 4155 3219 4209 curiose
3274 4154 3552 4225 inquiren-

293 4242 419 4295 dam
457 4240 678 4299 dimisit.
715 4242 931 4296 silentio
959 4242 1241 4296 colendam
1274 4257 1397 4298 esse
1424 4245 1701 4307 sanciens,
1739 4248 1867 4302 dum
1911 4251 2081 4305 vetuit
2132 4247 2527 4322 profundorum
2572 4245 3004 4317 inquisitionem,
3057 4254 3109 4300 et
3181 4246 3311 4301 dum
3385 4245 3554 4303 edixit

300 4343 411 4383 non
452 4339 702 4400 oportere
735 4324 927 4386 cll'erre
964 4332 1189 4387 verbum
1238 4340 1365 4388 ante
1421 4333 1612 4391 faciem
1664 4337 1776 4393 Dei.

286 4442 293 4443 ί
367 4424 467 4478 Διὰ
496 4422 655 4476 τοῦτο
691 4424 869 4476 πᾶσάν
898 4440 983 4486 τις
1013 4423 1368 4477 θεόπνευστον
1407 4427 1592 4498 φωνὴν
1636 4429 1863 4499 ἐρευνώ.

2043 4427 2125 4484 Ob
2158 4444 2277 4484 eam
2310 4440 2531 4482 causam
2568 4426 2660 4496 qui
2687 4437 2903 4480 omnem
2937 4424 3203 4482 divinitus
3235 4427 3553 4499 inspiratam

301 4533 462 4587 μενος
482 4554 496 4580 ,
523 4516 625 4569 οὐκ
652 4514 717 4568 ἂν
758 4512 905 4585 εὖροι
937 4514 1037 4584 τῆς
1062 4514 1213 4578 θείας
1245 4515 1458 4583 φύσεως
1492 4520 1590 4589 τὴν
1621 4520 1875 4575 διδασκα-

298 4609 441 4669 λίαν,
476 4606 597 4660 ούδὲ
626 4606 729 4677 μὴν
757 4607 916 4660 ἄλλου
957 4607 1098 4671 τινὸς
1122 4607 1229 4660 τῶν
1261 4610 1386 4662 κατ’
1412 4609 1599 4663 ούσίαν
1638 4613 1875 4685 ὑφεστη-

298 4700 491 4751 κότων.
539 4696 700 4751 Ὅθεν
744 4698 801 4749 ὲν
839 4697 1033 4768 ἀγνοίᾳ
1073 4699 1293 4752 πάντων
1331 4700 1614 4771 διάγομεν,
1664 4704 1879 4774 πρῶτον

299 4787 531 4852 ἑαυτοὺς
563 4787 882 4855 ἀγνοοῦντες
912 4790 959 4841 οῖ
1005 4789 1312 4860 ἄνθρωποι,
1352 4790 1542 4845 ἔπειτα
1577 4794 1635 4846 δὲ
1683 4796 1776 4848 καὶ
1810 4796 1879 4849 τὰ

301 4878 437 4930 ἄλλα
468 4876 668 4931 πάντα.
703 4877 801 4940 Τίς
834 4879 943 4949 γάρ
974 4881 1119 4932 ἔστιν
1151 4880 1210 4942 ὃς
1241 4879 1340 4948 τῆς
1376 4880 1512 4944 ἰδίας
1553 4883 1747 4937 ἑαυτοῦ
1778 4885 1881 4953 ψυ-

300 4968 403 5038 χῆς
441 4968 503 5021 ἐν
532 4969 835 5037 καταλήψει
880 4970 1206 5040 γεγένηταις
1247 4966 1346 5035 Τίς
1371 4974 1399 5026 ὁ
1428 4974 1683 5042 ἐπιγνοὺς
1712 4977 1882 5048 αὐτῆς

299 5064 403 5136 τὴν
439 5060 659 5122 οὐσίαν;
713 5062 902 5130 ’Υλική
948 5062 1030 5126 τίς
1072 5063 1251 5123 ἐστιν,
1306 5063 1337 5134 ἢ
1390 5064 1580 5127 ἄῡλοςς
1628 5067 1883 5139 καθαρῶς

304 5154 625 5224 ἀσώματος,
658 5153 690 5225 ἡ
726 5170 778 5207 τι
817 5153 911 5207 καὶ
956 5156 1316 5223 σωματοειδὲς
1348 5157 1477 5226 περὶ
1507 5156 1716 5227 αὑτήν;
1759 5158 1884 5224 Πῶς

306 5248 547 5315 γίνεταις
599 5246 723 5309 Πῶς
781 5247 1062 5317 κιρνᾶται;
1126 5248 1709 5321 πόθενέἱσιιρίνεται;
1765 5252 1884 5315 πῶς

305 5338 626 5404 ἁφίσταταις
651 5338 715 5391 Τί
739 5338 801 5391 τὸ
829 5337 1157 5407 συνδεσμοῢν
1174 5340 1267 5392 καλ⁸
1294 5339 1575 5409 μεσιτεῦον
1598 5342 1710 5413 ἔχει
1741 5344 1875 5415 πρὸς

304 5429 402 5498 τὴν
430 5428 524 5482 τοῦ
555 5429 804 5500 σώματος
825 5429 1018 5497 φύσιν;
1051 5428 1172 5493 Πῶς
1199 5431 1231 5500 ἡ
1255 5432 1468 5503 ἀναφὴς
1494 5450 1552 5485 τε
1584 5436 1681 5488 καὶ
1708 5435 1877 5505 ἀσχη-

308 5518 597 5589 μάτιστος,
649 5521 755 5592 ἰδίᾳ.
803 5521 911 5573 τινὶ
952 5524 1264 5592 περιγραφῇ
1309 5524 1728 5595 περιείληπταις
1780 5526 1877 5590 Τίς

306 5610 447 5664 κατὰ
480 5612 578 5675 τὰς
620 5611 897 5682 ὶνεργείας
937 5612 1206 5685 διαφορά;
1239 5613 1417 5686 Πῶςή
1448 5616 1586 5689 αὐτὴ
1614 5618 1708 5672 καὶ
1733 5618 1875 5686 ὑπὲρ

384 5795 426 5827 ⁸⁸
468 5793 629 5855 llcbr.
660 5812 755 5863 xv,
792 5795 844 5852 6.

1973 4534 2159 4575 vocem
2214 4515 2545 4588 perscrutari
2593 4516 2845 4580 voluerit,
2906 4528 3011 4572 non
3070 4496 3556 4575 invenietidivinm

1977 4622 2187 4667 natura:
2214 4610 2543 4673 doctrinam,
2569 4622 2671 4664 nec
2696 4608 2863 4663 ullius
2887 4623 3077 4664 eorum
3096 4626 3219 4680 quae
3242 4627 3338 4682 per
3367 4628 3556 4668 essen-

1980 4703 2109 4755 tiam
2143 4701 2455 4757 subsistunt
2491 4718 2503 4754 ε
2536 4701 2680 4756 unde
2721 4698 2777 4758 in
2813 4715 2996 4756 rerum
3026 4703 3270 4757 omnium
3301 4703 3556 4774 ignoran-

1979 4794 2053 4847 tia
2086 4800 2140 4847 ct
2183 4792 2419 4863 caligine
2465 4790 2739 4862 degimus,
2775 4793 3012 4863 primum
3054 4809 3156 4850 nos
3202 4795 3349 4865 ipsos
3401 4794 3555 4865 igno-

1983 4893 2170 4940 rantes
2200 4884 2471 4949 homines,
2503 4883 2700 4939 deinde
2741 4885 2907 4939 etiam
2946 4892 3141 4940 caetera
3175 4886 3377 4940 omnia.
3420 4886 3555 4953 Quis

1981 4978 2125 5034 enim
2155 4986 2238 5032 est
2268 4974 2360 5047 qui
2396 4992 2510 5032 sua:
2539 4976 2772 5047 propria:
2808 4977 3004 5031 animae
3034 4976 3399 5047 cognitionem
3434 4994 3557 5048 per-

1982 5080 2193 5141 ceptam
2235 5070 2463 5125 habuit?
2509 5067 2643 5135 Quis
2684 5069 2835 5123 novit
2883 5068 3057 5139 ipsius
3097 5070 3434 5125 essentiam?
3472 5070 3554 5124 An

1984 5163 2287 5218 tuaterialis
2324 5168 2430 5225 est,
2481 5179 2548 5216 an
2587 5162 2993 5218 immaterialis?
3023 5178 3158 5233 pure
3208 5161 3552 5233 incorporea,

1985 5271 2052 5308 an
2084 5252 2215 5324 quid
2242 5254 2293 5308 in
2318 5269 2381 5309 ea
2413 5255 2776 5324 corporeum?
2804 5252 3089 5320 Quomodo
3117 5254 3382 5317 nascitur,
3414 5271 3555 5325 quo-

1985 5346 2146 5401 modo
2207 5347 2582 5417 temperatur?
2624 5344 2767 5402 unde
2833 5346 2888 5401 in
2941 5358 3143 5416 corpus
3204 5345 3558 5401 insinuatur?

1986 5438 2260 5509 quomodo
2313 5436 2601 5494 abscedit?
2650 5436 2792 5505 Quid
2843 5437 3006 5492 habet
3054 5438 3199 5509 quod
3238 5437 3461 5509 colliget
3500 5445 3556 5495 ct

1986 5529 2371 5586 intermedium
2408 5529 2591 5583 veniat
2646 5528 2715 5584 ad
2765 5535 3017 5583 naturam
3070 5528 3365 5600 corporis?
3411 5527 3551 5595 Quo-

1987 5622 2150 5678 modo
2183 5628 2387 5675 tactum
2444 5619 2577 5690 fugit
2625 5629 2673 5676 et
2722 5619 2904 5690 figurae
2945 5620 3125 5677 omnis
3164 5634 3379 5692 expers,
3425 5636 3553 5691 pro.
