4034 6478
493 356 589 413 937

1751 356 1812 411 8.
1850 354 1940 409 (ΣΒ
1951 353 2177 409 EGOllll
2217 353 2258 407 N
2271 352 2509 408 YSSENI

3641 358 3747 411 958

494 476 614 546 pria
670 474 903 544 quadam
966 472 1477 542 circumscriptione
1538 473 2067 543 comprehenditur?

2177 472 2260 527 τδν
2302 474 2525 544 οὐρανὸν
2564 473 2903 527 ἀνατείνεται
2926 514 2941 539 ,
2986 475 3051 543 τῇ
3094 472 3596 545 πολυπραγμοσύνῃ
3638 474 3744 525 τῶν

494 564 753 630 Quaenam
808 564 1108 620 secundum
1158 566 1511 633 operationes
1556 564 1677 633 ejus
1723 563 2069 620 differentia?

492 656 779 721 Quomodo
830 656 1020 711 eadem
1067 655 1231 712 etiam
1275 671 1441 725 supra
1482 656 1683 709 malum
1728 655 2061 719 extenditur,

495 750 625 801 dum
666 750 888 803 curiosa
925 749 1272 819 indagatione
1306 763 1426 816 qua:
1467 756 1595 801 sunt
1647 748 1943 802 invisibilia
1981 749 2065 800 in-

497 841 753 910 vestigat,
791 853 954 910 atque
1001 840 1166 895 etiam
1208 840 1274 892 ad
1316 839 1627 893 materiales
1659 838 1888 894 affectus
1922 839 2068 893 dela-

496 932 649 985 bitur
666 932 911 1001 pondere
932 931 1183 1001 corporis
1210 938 1471 994 attracta,
1500 930 1745 998 iramque
1763 937 1817 985 et
1843 939 2065 991 metum,

497 1021 742 1077 dolorem
766 1030 820 1077 et
854 1023 1206 1091 voluptatem,
1233 1020 1671 1075 misericordiam
1702 1030 1757 1074 et
1779 1019 2065 1084 saevitiam,

498 1128 650 1182 spem
687 1121 742 1167 et
773 1113 1112 1175 memoriam,
1156 1112 1425 1182 ignaviam
1472 1119 1525 1165 et
1552 1109 1859 1173 audaciam,
1884 1109 2069 1164 amici-

500 1204 630 1255 tiam
660 1204 953 1265 etodium,
998 1212 1053 1257 et
1091 1202 1273 1256 munia
1306 1216 1427 1270 qua:
1456 1215 1519 1253 ex
1578 1201 1859 1254 contrario
1900 1200 2065 1253 animi

502 1294 857 1348 facultatibus
889 1292 1237 1348 ellieiuntur:
1270 1307 1393 1363 qua:
1444 1292 1568 1362 quis
1602 1291 2067 1351 animadverteris,

486 1401 608 1440 non
660 1386 983 1457 cogitaverit
1034 1385 1324 1454 quemdam
1375 1385 1634 1454 populum
1684 1384 1981 1437 animatum
2014 1384 2068 1435 in

500 1477 681 1544 seipso
710 1477 947 1529 coitioae
987 1474 1221 1545 quadam
1254 1482 1657 1529 eoarctatarum
1690 1480 1746 1529 et
1777 1487 2069 1542 compara-

500 1575 677 1619 tarum
713 1567 936 1631 habere,
986 1582 1110 1620 cum
1145 1582 1333 1621 eorum
1385 1581 1506 1637 quae
1534 1565 1681 1620 dicta
1715 1572 1844 1619 sunt
1876 1580 2070 1617 unum-

501 1656 758 1728 quodque
809 1659 1140 1728 permultum
1197 1673 1226 1711 a
1280 1656 1496 1711 caeteris
1555 1655 1806 1711 diﬂ'erat?
1854 1664 1909 1710 et
1962 1670 2069 1725 qua

502 1758 655 1820 parte
685 1750 995 1819 praevaleat,
1057 1759 1112 1803 et
1160 1750 1214 1803 in
1255 1748 1462 1817 reliqua
1525 1745 1810 1816 imperium
1853 1745 2066 1808 habeat,

503 1850 563 1895 ut
598 1842 761 1896 etiam
795 1840 878 1895 vis
930 1841 1025 1894 illa
1089 1839 1469 1894 ratiocinatrix
1517 1837 1708 1890 talium
1768 1836 2071 1891 motionum

502 1932 968 1986 dominationibus
1005 1938 1059 1984 et
1088 1931 1331 2000 imperiis
1368 1927 1692 1982 succumbat
1730 1934 1783 1981 et
1814 1925 2075 1994 subjicia-

504 2034 613 2083 tur,
647 2031 811 2092 atque
840 2040 905 2077 ex
941 2025 1121 2092 seipsa
1173 2036 1328 2077 suam
1358 2021 1522 2075 etiam
1574 2032 1793 2088 operam
1837 2015 1904 2070 ad
1938 2017 2075 2070 tales

506 2115 759 2183 impetus,
809 2114 970 2166 veluti
1034 2112 1263 2166 domino
1319 2110 1537 2163 cuidam
1596 2108 1882 2179 tyrannico
1942 2121 2075 2159 con~

502 2207 709 2261 ducat?
742 2205 894 2259 llanc
934 2205 1100 2274 igitur
1150 2204 1255 2256 vim
1294 2202 1649 2271 multiplicem
1700 2207 1753 2253 et
1808 2197 2077 2252 multifor-

490 2312 649 2361 mem
680 2311 866 2350 eorum
902 2310 1022 2364 qua:
1076 2296 1129 2348 in
1176 2295 1357 2347 animo
1398 2291 1800 2361 intelliguntur,
1848 2289 1973 2359 quis
2010 2303 2076 2342 ex

510 2386 795 2455 Scriptura
845 2384 1111 2439 divinitus
1153 2383 1416 2451 inspirata
1468 2396 1571 2436 nos
1620 2379 1847 2435 docuit?
1885 2378 2075 2433 Utrum

504 2493 673 2532 unum
710 2474 969 2547 quiddam
1021 2483 1108 2530 est
1155 2491 1220 2529 ex
1275 2474 1533 2528 omnibus
1572 2477 2075 2539 contemperatum,

506 2578 560 2624 et
596 2584 718 2639 qum
746 2567 1145 2623 contrariorum
1188 2567 1332 2620 inter
1367 2581 1425 2620 se
1462 2562 1783 2633 temperatio
1829 2570 1884 2614 et
1946 2574 2078 2613 con-

517 2659 767 2729 spiratio,
804 2670 861 2715 ut
894 2658 1040 2731 quod
1072 2673 1238 2713 unum
1269 2666 1375 2720 est,
1399 2653 1716 2723 multasit?
1750 2652 1856 2708 Sed
1885 2651 2078 2705 horum

505 2755 747 2824 quidque
777 2754 1070 2823 separatim
1103 2753 1464 2814 intellectum,
1490 2750 1637 2805 velut
1666 2749 1721 2803 in
1750 2747 1933 2817 amplo
1951 2761 2080 2800 vase

506 2846 713 2911 aliqua.
767 2824 965 2913 nempe
996 2842 1180 2897 anima
1223 2843 1493 2895 inclusum
1532 2838 1655 2894 est?
1687 2837 1755 2891 Et
1801 2835 2079 2908 quomodo

505 2933 751 2985 onmium
786 2932 868 2986 sic
914 2931 1350 2985 incumbentium
1384 2943 1609 2987 sensum
1646 2943 1757 2982 non
1788 2926 2076 2988 habemus,

505 3020 843 3075 ciuilidentes
882 3019 1043 3075 simul
1085 3026 1139 3073 et
1167 3018 1547 3081 formidantes,
1582 3016 1709 3071 odio
1742 3015 2003 3069 habentes
2028 3024 2096 3067 et

2167 567 2411 638 ἀοράτων
2442 568 2534 619 καὶ
2576 565 2708 635 πρὸς
2737 565 2803 618 τὰ
2833 564 2993 618 ύλικέι
3033 564 3179 634 παθη
3223 565 3623 618 κατολισθαίνει
3666 564 3743 632 τῷ

2168 657 2325 727 βάρει
2349 656 2441 709 τοῦ
2474 655 2721 727 σώματος
2742 654 3139 726 καθελκομένη,
3165 656 3332 725 θυμόν
3354 672 3413 708 τε
3438 656 3533 708 καὶ
3555 655 3741 724 φόϐον,

2167 744 2341 815 λύπην
2367 762 2425 797 τε
2447 745 2539 796 καὶ
2558 743 2769 814 ἡδονήν,
2797 743 2944 796 ἔλεον
2976 744 3069 797 καὶ
3102 745 3390 814 ἀπήνειαν,
3417 743 3607 796 ἐλπίδα
3647 744 3739 794 καὶ

2170 838 2410 906 μνήμην,
2441 836 2641 889 δειλίαν
2685 837 2778 888 καὶ
2808 835 3039 906 θράσος,
3068 837 3251 905 φιλίαν
3294 836 3391 889 καὶ
3422 838 3576 907 μῖσος
3598 879 3614 899 ,

2169 928 2345 981 πάντα
2374 927 2442 981 τὰ
2476 928 2617 981 κατὰ
2645 928 2705 980 τὸ
2732 930 2972 981 ἐναντίον
3000 931 3122 991 ταῖς
3142 928 3404 997 δυνάμεσι
3435 929 3535 998 τῆς
3563 928 3743 998 ψυχῆς

2168 1019 2556 1089 ἐνεργούμενα;
2586 1020 2682 1082 Τίς
2725 1022 2833 1090 ἄρα
2858 1022 3197 1090 κατανοήσας
3230 1021 3329 1073 οὑκ
3356 1021 3638 1088 ἐλογίσατο
3668 1023 3741 1091 μή

2167 1127 2290 1163 τινα
2317 1111 2489 1181 δῆμον
2516 1110 2703 1180 ψυχῶν
2743 1115 2801 1164 ὲν
2844 1111 3021 1180 ἐαυτῴ
3048 1112 3569 1182 συγκεκροτημένων
3593 1113 3705 1180 ἔχοι
3723 1154 3739 1177 ,

2171 1202 2427 1271 πάμπολυ
2473 1201 2584 1256 τῶν
2641 1204 2943 1273 εἰρημένων
2999 1204 3229 1256 ἑκάστου
3281 1205 3414 1275 πρὸς
3463 1206 3535 1257 τὰ
3575 1205 3743 1257 λοιπὰ

2168 1294 2542 1364 διαφέροντοςς
2573 1295 2683 1348 Καὶ
2714 1295 2850 1349 καθὸ
2893 1294 2961 1349 ἂν
3003 1294 3270 1366 ἐπικρατῇ
3298 1295 3399 1366 τὴν
3434 1297 3573 1350 κατὰ
3605 1298 3741 1350 πάνυ

2169 1403 2278 1439 των
2317 1386 2531 1456 ἔχοντος
2562 1387 2901 1450 δυναστείαν,
2949 1388 3022 1450 ὡς
3051 1390 3144 1440 καὶ
3172 1389 3304 1442 αὐτὸ
3339 1389 3401 1442 τὸ
3437 1389 3743 1457 λογιστικὸν

2168 1480 2288 1539 ταῖς
2318 1478 2709 1548 ἐπικρατήσεσι
2738 1477 2845 1530 τῶν
2896 1478 3154 1531 τοιούτων
3194 1479 3510 1550 κινημάτων
3549 1480 3746 1533 ὑποπί-

2169 1583 2325 1622 πτειν
2356 1569 2449 1621 καὶ
2474 1568 2873 1622 ὑποτάσσεσθαι
2896 1585 2912 1598 ’
2941 1570 3033 1622 καὶ
3050 1570 3148 1640 τήν
3178 1572 3307 1641 παρ’
3336 1570 3528 1625 ἑαυτοῦ
3555 1588 3745 1641 συνερ-

2170 1659 2296 1727 γίαν
2330 1659 2466 1730 πρὸς
2488 1658 2587 1723 τὰς
2614 1659 2866 1723 τοιαύτας
2900 1660 3077 1731 ὁρμὰς
3125 1655 3235 1715 οἷον
3264 1662 3500 1733 δεσπότῃ
3528 1666 3635 1716 τινὶ
3662 1681 3748 1716 τυ-

2175 1749 2440 1821 ραννικῶς
2472 1750 2877 1820 συνεισφέρειν;
2916 1752 2989 1805 Τὸ
3028 1748 3121 1805 οὖν
3167 1752 3481 1824 πολυμερὲς
3515 1754 3610 1807 καὶ
3650 1771 3752 1807 που

3649 837 3740 888 καὶ

2181 1843 2387 1906 λυειδὲς
2421 1844 2579 1897 τοῦτο
2608 1844 2716 1896 τῶν
2752 1843 2895 1898 κατὰ
2927 1843 3104 1915 ψυχὴν
3134 1848 3456 1916 νοουμένων,
3490 1848 3573 1910 τίς
3609 1848 3639 1898 ὁ
3668 1847 3747 1899 δι-

2179 1932 2341 1996 δάξας
2387 1934 2534 2004 ἡμᾶς
2592 1935 2657 1987 ἐκ
2704 1934 2805 2003 τῆς
2866 1934 3227 1988 θεοπνεύστου
3280 1936 3503 2007 Γραφῆς
3548 1937 3743 2006 λόγοςς

2180 2024 2414 2094 Πότερον
2443 2023 2501 2077 ἐν
2524 2025 2576 2077 τί
2606 2026 2756 2077 ἐστιν
2776 2025 2834 2091 ἐξ
2857 2026 3111 2079 ἁπάντων
3132 2029 3572 2099 συγκεκραμένον
3599 2046 3613 2091 ;
3637 2031 3748 2082 Καὶ

2178 2114 2261 2175 τίς
2283 2115 2315 2184 ή
2337 2114 2445 2167 τῶν
2469 2114 2725 2168 ἐναντίων
2747 2116 2883 2185 πρὸς
2901 2115 3105 2186 ἄλληλα
3126 2117 3319 2187 κρᾶσις
3335 2119 3429 2170 καὶ⁵
3451 2118 3748 2188 σύμπνοια,

2177 2204 2252 2267 ὼς
2303 2205 2361 2257 ἒν
2400 2207 2630 2277 πρᾶγμα
2673 2205 2742 2259 τὰ
2786 2206 2954 2259 πολλὰ
2995 2207 3289 2276 γενέσθαι;
3349 2210 3492 2262 Ἀλλ’
3519 2211 3752 2266 ἕκαστον

2178 2296 2383 2349 τούτων
2420 2299 2537 2350 κατ’
2570 2297 2705 2350 ἰδίαν
2734 2298 3021 2368 νοούμενον
3051 2293 3167 2352 οἷον
3204 2300 3266 2352 ἐν
3308 2299 3610 2372 πολυχώρῳ
3643 2304 3753 2357 τινὶ

2180 2385 2385 2456 ἀγγείῳ
2430 2389 2495 2456 τῇ
2531 2387 2675 2457 ψυχῇ
2716 2388 3208 2455 κατακέκλεισταις
3246 2392 3355 2445 Καὶ
3385 2392 3500 2455 πῶς
3525 2394 3626 2446 οὐκ
3659 2395 3749 2447 ἀεὶ

2181 2476 2396 2528 πάντων
2438 2476 2513 2536 ὠς
2561 2478 2894 2547 ἐγκειμένων
2930 2479 3028 2549 τὴν
3071 2480 3321 2551 αἴσθησιν
3360 2482 3573 2552 ἔχομεν,
3620 2484 3755 2553 θαῤ-

2182 2565 2401 2635 ροῦντες
2445 2566 2561 2637 ἅμα
2595 2569 2687 2620 καὶ¹
2727 2567 3138 2641 δειλαινόμενοι,
3185 2572 3469 2642 μισοῦντές
3512 2590 3571 2626 τε
3619 2575 3747 2626 κατ’

2180 2658 2343 2711 αὐτὸν
2377 2661 2471 2712 καὶ
2518 2660 2786 2730 ἡδόμενοι,
2823 2664 2917 2715 καὶ
2951 2664 3060 2717 τῶν
3104 2664 3278 2719 ἄλλων
3308 2666 3523 2720 πάντων
3550 2684 3754 2735 συγκε-

2180 2750 2418 2821 χυμένην
2448 2752 2542 2803 καὶ
2568 2751 3021 2824 ἀναμεμιγμένην
3052 2753 3196 2808 ἔνδον
3227 2756 3327 2826 τὴν
3355 2757 3565 2827 κίνησιν
3600 2758 3755 2827 ἕχον-

2178 2857 2269 2902 τες
2296 2854 2309 2868 ⁶
2345 2840 2458 2893 ἀλλ’
2494 2842 2599 2895 ἀνὰ
2652 2842 2815 2914 μέρος
2865 2844 3042 2898 αὐτῶν
3079 2845 3177 2915 τὴν
3208 2846 3525 2901 δυναστείαν
3562 2851 3751 2917 ἐπιγι-

2180 2930 2482 3003 νώσκομεν,
2511 2935 2638 2987 ὅταν
2672 2937 3018 3008 ἐπικρατήσῃ
3060 2954 3113 2991 τι
3136 2938 3340 2992 τούτων
3369 2940 3756 3009 ἡσυχαζόντων

2180 3024 2287 3077 τῶν
2307 3025 2507 3094 allow;
2554 3026 2646 3089 Τίς
2677 3026 2734 3079 δὲ
2763 3028 2899 3092 ὅλως
2928 3030 3022 3083 καὶ¹
3053 3030 3087 3100 ή
3120 3028 3366 3095 σύνθεσις
3395 3034 3485 3084 καὶ
3512 3034 3543 3103 ή
3566 3032 3759 3085 διαθε-

509 3109 820 3182 diligentes.
869 3108 1117 3165 dolentes
1146 3118 1201 3165 et
1243 3109 1566 3180 gaudentes,
1598 3113 1654 3161 et
1688 3105 1922 3159 aliorum
1962 3118 2075 3157 om-

2184 3132 2267 3177 σις
2294 3115 2430 3186 αὕτη
2452 3156 2467 3178 ,
2510 3118 2601 3170 καὶ
2646 3118 2939 3183 πολύκενος
2966 3122 3025 3173 ἐν
3052 3123 3189 3191 ἡμῖν
3227 3122 3532 3194 εὐρυχωρία
3558 3162 3574 3186 ,
3609 3123 3761 3177 ὥστε

507 3204 658 3264 nium
689 3202 979 3257 confusura
1016 3210 1071 3255 et
1101 3204 1419 3271 permiStum
1449 3199 1598 3253 intus
1629 3204 1836 3250 motum
1868 3193 2081 3249 haben-

508 3306 611 3357 tes.
645 3296 737 3350 sed
776 3293 1146 3365 particulatim
1181 3293 1425 3363 ipsorum
1464 3289 1758 3361 potentiam
1791 3286 2081 3356 cognosci-

514 3404 655 3450 ;zus,
686 3403 811 3442 cum
849 3386 1054 3455 aliquid
1086 3386 1302 3446 horum,
1333 3383 1455 3437 aliis
1477 3378 1910 3452 quiescentibus,
1944 3391 2081 3447 prae-

506 3478 646 3534 valet
697 3487 750 3532 et
800 3477 1122 3545 exsuperat?
1172 3474 1432 3540 Quaenam
1491 3473 1708 3542 penitus
1754 3471 2083 3540 compositio

510 3568 627 3621 bazc
663 3574 716 3621 et
750 3565 1063 3636 dispositio,
1108 3571 1272 3633 atque
1321 3562 1547 3622 multum
1598 3560 1782 3615 inanis
1823 3560 1878 3614 in
1922 3560 2080 3615 nobis

510 3658 750 3728 spatiosa
778 3655 1076 3727 capacius,
1108 3654 1182 3708 ita
1214 3660 1273 3708 ut
1303 3654 1499 3723 cuique
1530 3652 1785 3723 proprius
1818 3652 1971 3707 locus
2009 3653 2081 3707 sit

510 3749 853 3819 assignatus,
884 3748 1031 3802 velut
1063 3744 1393 3817 quibusdam
1436 3745 1629 3800 mediis
1670 3751 1726 3799 et
1774 3744 2080 3813 interiectis

510 3838 828 3909 sepimentis
867 3837 1147 3909 prohibito
1193 3834 1325 3890 ferri
1361 3833 1429 3887 ad
1473 3833 1637 3888 vicini
1686 3834 2079 3888 commercium

506 3940 563 3986 et
592 3930 1071 3987 commistionem?
1100 3927 1214 3984 Hoc
1260 3928 1425 3984 etiam
1462 3926 1640 3997 ipsum
1684 3925 1731 3981 si
1763 3941 1861 3996 per
1890 3939 2078 3981 essen-

508 4024 641 4077 tiam
677 4023 759 4076 ira
788 4020 1063 4087 subsistit,
1097 4019 1184 4074 vel
1213 4026 1414 4083 metus,
1437 4016 1519 4071 vel
1549 4016 1756 4085 reliqua
1784 4031 1904 4085 quae
1933 4015 2080 4069 dicta

507 4122 659 4181 sunt,
694 4114 777 4169 vel
798 4126 1047 4183 quaenam
1074 4111 1348 4166 motiones
1373 4123 1482 4163 non
1508 4107 1874 4163 subsistentes
1903 4108 2078 4164 exsis-

508 4216 650 4273 tunt,
691 4207 817 4276 quis
870 4219 1051 4261 sermo
1099 4198 1510 4272 explanaverit?
1562 4197 1620 4251 Si
1671 4199 1817 4252 enim
1868 4212 1964 4267 per
2019 4212 2079 4252 se

507 4298 839 4359 subsistunt,
876 4311 985 4349 non
1014 4310 1122 4348 una
1154 4301 1240 4348 est
1294 4291 1498 4354 anima,
1533 4289 1675 4344 sicut
1718 4287 1923 4342 dictum
1971 4297 2078 4353 est,

506 4390 602 4445 sed
645 4388 891 4457 quadam
942 4385 1251 4439 animarum
1306 4382 1363 4436 in
1400 4380 1561 4435 nobis
1610 4379 1781 4434 coitio
1826 4393 2076 4449 compre-

2182 3206 2394 3278 ἑκάστῳ
2424 3210 2521 3278 τὴν
2551 3209 2682 3262 ἰδίαν
2715 3210 2897 3281 χώραν
2929 3212 3321 3282 ἀποταχθῆναι,
3353 3210 3463 3266 οἷόν
3502 3229 3609 3265 τισι
3648 3215 3762 3283 μέο

2188 3314 2296 3360 σοις
2320 3300 2411 3351 καὶ
2438 3299 2842 3371 διατειχίσμασι
2862 3301 3187 3374 κωλυομένῳ
3213 3303 3346 3374 πρὸς
3360 3303 3457 3374 τὴν
3474 3302 3766 3373 ἐπιμιξίαν

2180 3388 2274 3440 τοῦ
2307 3388 2544 3457 γείτονος
2570 3408 2583 3455 ;
2615 3391 2756 3445 Λύτδ
2781 3392 2838 3445 δὲ
2868 3393 3046 3458 τοῦτο,
3072 3395 3121 3447 εἰ
3156 3396 3272 3448 κατ’
3307 3395 3491 3449 οὐσίαν
3517 3395 3766 3464 ὑφέστη-

2183 3495 2276 3531 κεν
2299 3480 2329 3532 ό
2370 3478 2570 3550 θυμὸς,
2599 3482 2630 3551 ἢ
2656 3483 2684 3534 ό
2708 3482 2888 3551 φόϐος,
2916 3485 2948 3555 ἢ
2989 3485 3083 3538 καὶ
3113 3485 3179 3539 τὰ
3205 3485 3366 3539 λοιπὰ
3396 3486 3503 3539 τῶν
3529 3487 3767 3556 είρημέ-

2180 3587 2305 3634 νων,
2339 3571 2373 3641 ἦ
2402 3586 2545 3635 τινες
2584 3573 2945 3628 ἀνυπόστατοι
2968 3577 3206 3646 κινήσεις
3228 3578 3546 3649 τυγχάνωσι
3564 3620 3581 3644 ,
3613 3578 3702 3640 τίς
3729 3577 3768 3633 θ

2179 3660 2571 3733 διερμηνεύσας
2617 3663 2805 3731 λόγος;
2842 3665 2903 3717 ΕΞ
2947 3665 3047 3735 μὲν
3082 3666 3191 3738 γὰρ
3242 3668 3632 3738 ὑφεστήκασιν,
3688 3668 3766 3721 οὔ

2182 3746 2279 3814 μία
2336 3747 2515 3819 ψυχὴ,
2570 3749 2751 3813 καθὼς
2813 3751 3025 3823 εἴρηται
3052 3792 3068 3814 ,
3112 3754 3248 3808 ἀλλά
3293 3773 3346 3808 τι
3395 3756 3766 3825 συγκρότημι

2179 3836 2363 3908 ψυχῶν
2398 3841 2456 3893 ἐν
2499 3842 2628 3910 ἡμῖν
2672 3840 3090 3913 περιείληπται,
3141 3844 3371 3898 ἑκάστου
3419 3843 3621 3897 τούτων
3669 3847 3765 3908 εἰς

2182 3928 2482 3992 ἰδιάζουσαν
2522 3932 2614 3984 καὶ
2646 3934 3163 4005 περιγεγραμμένην
3187 3935 3365 4005 ψυχὴν
3392 3936 3769 4005 ἀποκεκριμέ.

2179 4036 2291 4075 νου.
2345 4019 2407 4073 Εἰ
2458 4021 2514 4074 δέ
2555 4039 2677 4076 τινα
2730 4024 2943 4095 κίνησιν
2976 4026 3342 4079 ἀνυπόστατον
3389 4026 3594 4079 οἴεσθαι
3640 4030 3767 4101 χρὴ

2177 4110 2350 4164 ταῦτα
2372 4107 2531 4178 εἶναι,
2563 4113 2678 4176 πῶς
2700 4118 3033 4186 κατακρατεῖ
3056 4117 3148 4169 καὶ
3165 4118 3479 4172 δυναστεύει
3505 4118 3661 4189 ήμῶν
3693 4122 3768 4174 τὸ

2179 4202 2543 4276 ἀνύπαρκτον,
2583 4205 2839 4278 καθάπερ
2872 4208 2935 4261 ἑκ
2976 4210 3284 4281 τυραννίδος
3311 4213 3457 4281 ήμᾶς
3483 4211 3768 4267 δουλωσά-

2181 4309 2364 4361 μενον,
2408 4294 2603 4365 ὅτιπερ
2630 4295 2694 4349 ἂν
2740 4297 2944 4352 τούτων
2980 4300 3405 4371 κατακρατῆσαν
3429 4299 3599 4373 τύχῃς
3633 4302 3761 4356 Καὶ

2178 4384 2226 4434 εί
2246 4384 2431 4454 νοητόν
2454 4384 2505 4437 τί
2522 4386 2666 4438 ἐστιν
2696 4388 2727 4455 ή
2754 4386 2919 4457 ψυχὴ,
2947 4388 3064 4451 πῶς
3091 4391 3149 4442 ἐν
3173 4389 3250 4459 τῷ
3270 4390 3444 4461 νοητῷ
3468 4390 3765 4460 θεωρεῖται

505 4483 678 4537 bensa
716 4486 824 4541 est,
868 4492 993 4532 cum
1028 4477 1226 4532 horum
1276 4473 1517 4545 quidque
1546 4472 1601 4527 in
1640 4471 1990 4541 peculiarem,
2023 4482 2075 4525 et

2182 4472 2243 4526 τὸ
2276 4473 2578 4546 πολυμερὲς
2620 4492 2674 4529 τε
2718 4478 2812 4531 καὶ
2852 4477 3123 4542 σύνθετον,
3168 4480 3313 4545 ίδίως
3348 4482 3448 4553 τῆς
3485 4487 3759 4558 τοιαύτης

505 4566 976 4635 circumscriptam
1030 4566 1268 4618 animam
1305 4569 1575 4618 secretum
1625 4562 1699 4616 sit
1751 4576 1815 4615 ac
1845 4560 2082 4617 distinc-

507 4668 643 4712 tum.
687 4656 842 4723 Quod
874 4657 920 4712 si
964 4654 1256 4726 quamdam
1295 4654 1592 4710 motionem
1622 4667 1744 4723 quae
1782 4653 2084 4708 subsistere

508 4758 767 4821 nequeat,
810 4750 928 4803 baac
976 4764 1076 4805 nos
1111 4756 1302 4817 putare
1335 4755 1587 4817 oportet;
1619 4746 1893 4816 quomodo
1938 4746 2083 4815 quod

508 4856 616 4896 non
652 4840 1024 4897 essentialiter
1056 4838 1306 4903 exsistit,
1338 4838 1503 4892 nobis
1532 4838 1843 4891 dominatur
1886 4847 1942 4891 et
1977 4838 2081 4892 im-

509 4942 683 5005 perat,
726 4943 985 5004 tanquam
1031 4946 1096 4987 ex
1151 4929 1436 5001 tyrannide
1488 4944 1589 4983 nos
1640 4929 1697 4983 in
1752 4930 2072 4986 servitutem

462 5058 465 5061 -
508 5025 753 5088 trahens,
804 5023 1172 5094 quodcunque
1231 5020 1426 5073 borum
1479 5019 1860 5090 prazvaluerit?
1910 5019 1974 5074 Et
2028 5021 2074 5077 si

509 5115 690 5169 anima
719 5114 851 5184 quid
893 5122 979 5169 est
1019 5111 1165 5183 quod
1202 5120 1381 5165 mente
1415 5110 1767 5179 percipiatur,
1799 5112 2075 5183 quomodo

510 5204 567 5259 in
597 5204 953 5276 intelligibili,
988 5201 1132 5273 quod
1162 5200 1351 5254 multis
1382 5198 1674 5254 conﬂatum
1711 5209 1794 5256 est
1826 5202 2073 5270 partibus

509 5300 563 5347 et
583 5294 973 5363 compositum,
999 5298 1178 5361 potest
1211 5288 1577 5352 considerari,
1608 5302 1732 5343 cum
1764 5290 1889 5343 talis
1922 5292 2073 5346 notio

2179 4564 2381 4626 ἐννοίας
2414 4565 2563 4635 παρὰ
2611 4565 2709 4630 τὰς
2742 4568 3054 4638 σωματικὰς
3085 4569 3287 4635 ταύτας
3309 4573 3594 4645 ποιότητας
3623 4576 3766 4630 θεω-

2187 4655 2491 4726 ρουμένης;
2534 4658 2598 4710 Ἡ
2630 4658 2687 4712 δὲ
2718 4659 2982 4732 αὐξητικὴ
3010 4660 3237 4731 δύναμις
3263 4664 3361 4735 τῆς
3383 4664 3579 4738 ψυχῆς,
3618 4669 3652 4738 ἧ
3690 4687 3762 4723 τε

2178 4747 2467 4817 ὀρεκτικὴ,
2523 4748 2617 4802 καὶ
2666 4748 2957 4823 θρεπτικὴ,
2996 4755 3089 4806 καὶ
3138 4754 3462 4829 ἀλλοιωτικὴ
3489 4798 3504 4820 ,
3554 4760 3647 4811 καὶ
3692 4763 3760 4813 τὸ

2180 4838 2355 4890 πάντα
2378 4839 2477 4907 μὲν
2499 4839 2568 4892 τὰ
2589 4840 2683 4893 τοῦ
2703 4841 2951 4912 σώματος
2976 4845 3287 4915 τρέφεσθαι,
3317 4848 3391 4918 μὴ
3420 4848 3508 4902 διὰ
3532 4851 3759 4904 πάντων

2179 4926 2235 4978 δὲ
2264 4926 2470 4998 διήκειν
2516 4930 2612 5001 τὴν
2660 4933 2940 5004 αἴσθησιν·
2975 4935 3088 4989 ἀλλ’
3132 4937 3328 5009 ἐπίσης
3370 4941 3485 5003 τοῖς
3520 4940 3758 5011 ἀψύχοις

2178 5018 2297 5073 ἔνια
2328 5021 2436 5073 τῶν
2481 5022 2539 5076 ἐν
2581 5024 2713 5094 ἡμῖν
2739 5024 2986 5096 ἀμοιρεῖν
3031 5027 3133 5098 τῆς
3159 5031 3462 5100 αἰσθήσεως
3491 5071 3506 5090 .
3545 5032 3759 5086 ὀστέων

2179 5114 2273 5167 καὶ
2301 5114 2556 5186 χόνδρων,
2592 5116 2798 5188 ὀνύχων
2832 5137 2890 5173 τε
2921 5122 3015 5175 καὶ
3039 5121 3260 5193 τριχῶν,
3285 5122 3378 5176 καὶ
3400 5126 3757 5196 τρεφομένων

2177 5205 2270 5259 κει.)⁵
2305 5206 2404 5259 ούκ
2436 5206 2854 5279 αἰσθανομένων.

513 5385 723 5455 absque
752 5383 1032 5455 corporeis
1079 5382 1167 5438 his
1234 5381 1590 5453 qualitatibus
1631 5381 1847 5451 proprie
1892 5386 2128 5452 spectari
2168 5388 2404 5447 debeat?
2448 5392 2512 5447 Et
2546 5395 2755 5449 auctrix
2796 5390 2992 5448 animae
3032 5396 3294 5465 potentia,
3341 5406 3397 5452 et
3428 5398 3745 5469 appetitrix,

512 5487 565 5532 et
595 5478 777 5544 altrix,
835 5486 889 5531 et
932 5477 1295 5540 immutatrix,
1341 5483 1395 5530 ct
1428 5473 1571 5545 quod
1622 5474 1806 5528 omnia
1857 5474 2077 5545 quidem
2115 5485 2362 5554 corporis
2392 5489 2631 5543 membra
2667 5488 3008 5553 nutriuntur,
3034 5504 3139 5543 non
3166 5500 3344 5545 tamen
3403 5505 3499 5559 per
3562 5491 3748 5544 omnia

513 5584 712 5627 sensus
749 5576 1022 5642 penetrat,
1063 5568 1158 5626 sed
1197 5584 1351 5639 atque
1393 5584 1456 5622 ac
1502 5582 1623 5638 qua!
1689 5576 1817 5621 sunt
1860 5568 2122 5636 inanima.
2178 5579 2440 5635 nonnulla
2485 5581 2540 5637 in
2584 5582 2745 5638 nobis
2782 5597 2948 5638 sensu
2996 5591 3208 5648 carent,
3254 5580 3565 5651 cuiusmodi
3617 5589 3747 5637 sunt

512 5679 661 5728 ossa,
692 5665 1059 5735 eartilagines,
1095 5679 1328 5735 ungues,
1357 5674 1410 5718 et
1437 5663 1552 5734 pili,
1583 5678 1704 5733 qua:
1729 5664 1951 5718 aluntur
1975 5681 2077 5720 nec
2106 5672 2370 5727 sentiunt.
2462 5738 2465 5739 ν

583 5756 1029 5825 διεωίυοτίοειαω
1081 5758 1251 5832 igitur
1297 5759 1491 5813 animae
1522 5758 1922 5828 Operationem,
1953 5761 2079 5832 quis

2254 5772 2361 5845 Τὴν
2386 5773 2476 5832 οὖν
2495 5774 2726 5848 ἡμιτελῆ
2752 5774 2853 5845 τῆς
2879 5772 3054 5846 ψυχῆς
3083 5772 3174 5826 ἐπὶ
3202 5769 3401 5824 τούτοιν
3464 5770 3741 5841 ἐνέρχτιαυ
