4034 6484
273 346 380 401 969

1397 339 1673 397 CONTRA
1714 335 2097 406 EUNOMIUM,
2141 341 2271 397 LIB.
2316 342 2428 398 ΧΠ.

3424 345 3529 405 θδῢ

277 455 362 519 τίς
395 458 425 509 6
455 459 821 529 κατανοήσας,
849 456 967 512 εἰπέ
998 475 1120 529 μοι;
1149 458 1271 512 Καὶ.
1297 458 1348 510 τί
1381 458 1509 528 περὶ
1538 458 1634 526 τῆς
1676 458 1845 527 ψυχῆς

1959 466 2043 512 est
2075 457 2167 511 ille
2196 456 2289 525 qui
2333 460 2503 524 novit,
2536 458 2624 512 dic
2665 459 2836 513 mihi?
2864 458 2926 513 Et
2958 459 3087 529 quid
3119 459 3187 515 de
3216 459 3398 513 anima
3450 466 3527 518 lo-

278 546 450 615 λέγως
484 549 621 602 Ἀλλ’
643 550 759 603 οὐδὲ
775 554 872 621 τῆς
888 551 1085 622 σαρκὸς
1097 551 1266 620 αὐτῆς
1285 550 1384 612 τὰς
1401 548 1716 619 σωματικὰς
1731 550 1854 603 ἀνα-

274 637 389 692 διδε
398 642 616 709 ιγμένον
632 644 917 713 ποιότητας
930 625 1149 715 ὲναργεϊ
1159 660 1262 696 τινι
1274 641 1571 711 καταλήψει
1587 642 1747 712 μέχρι
1758 639 1852 693 τοῦ

276 729 440 801 δεῦρο
472 732 787 805 τεθήραται.
827 734 950 788 Ἐἀν
966 735 1075 805 γάρ
1101 752 1185 799 τις
1199 734 1278 805 τῷ
1292 734 1436 803 λόγῳ
1449 734 1510 786 τὸ
1533 733 1853 803 φαινόμενον

274 822 359 885 είς
376 824 445 875 τὰ
460 822 518 889 ἐξ
534 817 608 876 ὧν
626 826 909 893 σύγκειται
925 824 1172 897 διαλύσῃ,
1196 828 1291 879 καὶ
1305 825 1546 895 ψιλώσας
1570 826 1677 877 τῶν
1700 841 1851 877 ποιο-

274 916 455 984 τήτων
470 918 554 985 ἐφ’
572 918 765 971 ἑαυτοῦ
781 919 1113 989 κατανοῆσαι
1132 918 1550 992 φιλονεικησῃτδ
1567 918 1854 987 ὑποκείμε-

275 1022 387 1066 νον.
406 1007 457 1059 τί
474 1008 945 1079 καταληφθήσεται
956 1013 1021 1081 τῇ
1041 1009 1243 1081 θεωρίᾳ
1256 1010 1315 1063 οὐ
1330 1010 1731 1080 συνοριτ›.”οταν
1742 1008 1850 1078 γὰρ

1954 548 2130 619 quor?
2157 546 2263 602 Sed
2299 564 2475 618 neque
2498 550 2879 619 carnisipsius
2904 565 3205 621 corporeas
3230 553 3528 619 qualitates

1953 640 2360 696 demonstratas
2394 640 2633 695 evidenti
2662 642 2845 711 aliqua
2884 650 2938 697 et
2968 643 3117 697 clara
3163 645 3527 714 comprehen-

1952 734 2109 788 sione
2147 742 2379 788 venatus
2403 740 2509 787 est.
2543 733 2599 788 Si
2647 735 2791 789 enim
2824 735 2948 805 quis
2983 736 3214 799 ratione,
3254 736 3401 807 quod
3431 753 3527 800 ap-

1955 832 2109 894 paret
2159 824 2213 877 in
2245 838 2307 877 ea
2334 838 2403 878 ex
2438 825 2639 893 quibus
2685 826 3057 895 componitur,
3099 826 3431 889 dissolverit,
3472 836 3527 881 et

1951 915 2258 984 subjectum
2278 916 2632 985 qualitatibus
2660 917 2994 972 denudatum
3032 918 3085 972 in
3110 918 3291 989 seipse
3326 935 3527 991 cogno-

1953 1022 2113 1062 scere
2170 1008 2535 1073 contenderit,
2584 1006 2711 1077 quid
2746 1008 2847 1062 hac
2875 1010 3245 1079 speculatione
3274 1025 3525 1079 compre-

271 1096 453 1169 ἀφέλῃ
488 1098 579 1150 τοῦ
600 1098 849 1169 σώματος
870 1100 930 1153 τὸ
952 1100 1172 1171 χρῶμα,
1191 1101 1251 1153 τὸ
1278 1101 1484 1171 σχῆμα,
1509 1101 1609 1171 τὴν
1630 1102 1845 1154 ἀντιτυ-

1951 1096 2208 1151 henderit
2240 1112 2349 1151 nou
2395 1096 2571 1151 video.
2603 1097 2737 1152 Cum
2770 1099 2914 1152 enim
2950 1114 2978 1151 a
3011 1114 3243 1169 corpore
3277 1100 3522 1155 colorem

272 1187 428 1253 πίαν,
462 1189 523 1241 τὸ
547 1190 731 1260 βάρος,
755 1192 853 1262 τὴν
880 1192 1231 1262 πηλικότητά,
1261 1193 1357 1262 τὴν
1376 1194 1469 1246 ἐπὶ
1487 1193 1651 1245 τόπου
1678 1193 1845 1258 θέσιν,

1951 1199 2007 1243 et
2055 1190 2282 1260 figuram
2333 1189 2688 1253 abstraxerit,
2740 1192 3083 1258 gravitatem,
3135 1192 3521 1261 quantitatem,

270 1280 374 1350 τὴν
390 1279 620 1351 κίνησιν,
632 1283 731 1354 τὴν
747 1283 1056 1353 παθητικήν
1065 1301 1124 1336 τε
1144 1286 1236 1337 καὶ
1247 1283 1623 1354 ὲνεργητικὴν.
1643 1283 1702 1336 τὸ
1713 1287 1845 1353 πρός

1948 1281 2115 1338 situm
2156 1282 2210 1334 in
2246 1281 2387 1344 loco,
2428 1290 2634 1335 motum
2672 1282 2951 1351 passivum
2993 1293 3047 1337 et
3077 1285 3338 1348 activum,
3379 1284 3522 1337 rela-

271 1372 327 1425 τί
378 1390 497 1436 πως
541 1372 716 1443 ἔχειν’
751 1367 827 1429 ὧν
862 1376 1089 1429 ἕκαστον
1134 1376 1286 1429 οὐδὲν
1338 1378 1425 1444 ἐφ’
1454 1374 1647 1428 ἑαυτοῦ
1689 1375 1845 1444 σῶμά

1947 1375 2150 1427 tionem
2198 1374 2263 1427 ad
2323 1373 2550 1443 aliquid,
2599 1389 2833 1444 quorum
2884 1376 3315 1446 unumquodque
3363 1392 3427 1431 ex
3463 1393 3524 1432 se

272 1464 415 1528 ἐστι,
459 1465 589 1534 περὶ
620 1465 677 1518 δὲ
698 1466 759 1518 τὸ
793 1466 953 1536 σῶμα
996 1467 1064 1520 τά
1103 1467 1301 1530 πάντα,
1332 1467 1385 1519 τί
1429 1466 1613 1519 λοιπον
1639 1466 1790 1519 ἔσται
1819 1466 1845 1518 ὃ

1947 1478 2147 1533 corpus
2178 1478 2283 1517 non
2314 1474 2417 1525 est,
2458 1464 2568 1519 haec
2592 1472 2773 1518 tamen
2800 1466 2982 1518 omnia
3019 1465 3071 1519 in
3109 1481 3339 1535 corpore
3363 1481 3521 1536 spec-

269 1548 365 1602 τὺν
405 1550 497 1603 τοῦ
547 1551 796 1621 σώματος
845 1554 1057 1624 δέχεται
1089 1554 1290 1622 λόγονς
1331 1556 1468 1608 Οὔτε
1515 1556 1584 1609 δι’
1632 1556 1845 1609 ἑαυτῶν

1947 1560 2152 1615 tantur,
2183 1551 2316 1622 quid
2351 1553 2619 1622 reliquum
2650 1555 2776 1617 erit,
2808 1553 2953 1623 quod
2977 1555 3224 1624 corporis
3256 1556 3518 1610 rationem

272 1641 508 1695 συνιδεῖν
564 1641 797 1712 ἔχομεν,
864 1643 986 1698 οὔτε
1035 1646 1186 1717 παρὰ
1243 1649 1343 1716 τῆς
1393 1646 1616 1717 Γραφῆς
1670 1664 1845 1718 μεμα-

1947 1644 2199 1713 suscipit,
2232 1660 2406 1714 neque
2431 1659 2526 1713 per
2554 1660 2653 1698 nos
2685 1644 2836 1714 ipsos
2868 1645 3168 1715 intelligere
3202 1660 3519 1715 possumus,

270 1730 542 1803 θήκαμεν.
591 1735 649 1786 ’0
685 1735 730 1788 δ’
754 1735 944 1788 ἑαυτὸν
974 1735 1205 1804 ἀγνοῶν,
1240 1735 1357 1799 πῶς
1388 1736 1453 1790 ἀν
1476 1753 1529 1789 τι
1566 1736 1673 1790 τῶν
1707 1738 1845 1809 ὑπὲρ

1947 1750 2123 1805 neque
2148 1749 2215 1789 ex
2251 1734 2535 1805 Scriptura
2560 1735 2875 1789 didicimus.
2915 1736 3019 1803 Qui
3058 1743 3240 1790 autem
3277 1737 3516 1804 seipsum

270 1822 436 1875 αὐτὸν
465 1824 711 1896 ὲπιγνοίη
734 1841 750 1889 ;
781 1825 892 1878 Kal.
917 1827 945 1879 6
972 1828 1040 1897 τῇ
1064 1827 1192 1897 περὶ
1217 1826 1385 1880 αὐτοῦ
1418 1828 1611 1899 ἀγνοίᾳ
1635 1806 1845 1899 προτει-

1951 1826 2188 1897 ignorat,
2246 1828 2522 1897 quomodo
2572 1828 2872 1898 quidquam
2934 1843 3123 1883 eorum
3188 1844 3307 1897 quae
3353 1844 3516 1897 supra

270 1912 529 1983 θισμένος
548 1954 563 1977 ,
594 1911 703 1985 ἆρα
756 1917 877 1987 οὐχὶ
919 1918 1167 1989 φανερῶς
1200 1920 1268 1971 δι’
1298 1920 1461 1973 αὐτοῦ
1485 1922 1675 1973 τούτου
1705 1920 1850 1974 διδά-

269 2020 464 2060 σκεται
485 2007 618 2077 πρὸς
651 2008 816 2077 μηδὲν
837 2009 945 2061 τῶν
974 2009 1168 2074 ἔξωθεν
1193 2013 1694 2083 άποκεκρυμμένων
1710 2012 1848 2080 ξενί-

268 2098 499 2163 ζέσθαις
522 2100 619 2152 Διά
643 2100 803 2154 τοῦτο
825 2103 919 2155 καὶ
945 2103 1013 2155 τὰ
1034 2102 1127 2156 τοῦ
1151 2102 1356 2173 κόσμου
1381 2108 1633 2175 στοιχεῖα,
1659 2108 1723 2177 τῇ
1750 2106 1847 2176 μὲν

268 2190 521 2259 αἰσθήσει
559 2190 809 2244 τοσοῦτον
846 2194 1207 2264 γινώσκομεν,
1239 2195 1362 2247 ὅσον
1393 2194 1452 2247 τὸ
1492 2195 1584 2264 ἀφ’
1615 2196 1845 2249 ἑκάστου

269 2281 545 2350 χρήσιμον
579 2281 716 2350 πρὸς
752 2280 850 2351 τὴν
880 2281 1023 2352 ζωὴν
1048 2281 1203 2353 ήμῶν
1234 2282 1500 2352 δέχεσθαι.
1534 2284 1637 2335 Τὸν
1661 2282 1716 2335 δὲ
1750 2283 1848 2352 τῆς

266 2370 457 2433 οὐσίας
490 2371 668 2425 αὐτῶν
700 2371 888 2440 λόγον,
920 2371 1042 2425 οὔτε
1082 2372 1378 2444 ἐμάθομεν,
1410 2372 1531 2427 οὔτε
1557 2373 1617 2426 τὸ
1652 2374 1726 2444 μὴ
1766 2375 1844 2426 εί-

265 2460 416 2515 δέναι
443 2461 646 2531 ζημίαν
676 2462 995 2533 ποιούμεθα.
1026 2464 1092 2517 Τί
1120 2465 1229 2535 γάρ
1260 2483 1348 2535 μοι
1375 2464 1845 2535 πολυπραγμονεῖν

262 2554 365 2609 τοῦ
394 2557 564 2626 πυρὸς
579 2557 678 2626 τὴν
702 2556 884 2625 φύσιν,
909 2556 1024 2620 πῶς
1045 2556 1374 2627 ἐκτρίϐεται,
1398 2557 1514 2621 πῶς
1534 2558 1843 2625 ἐξάπτεται,

268 2646 390 2711 ¹πῶς
428 2650 526 2718 τῆς
570 2648 979 2719 παρακειμένης
1013 2648 1381 2719 δρασσόμενον
1408 2648 1573 2713 ὕλης,
1604 2650 1664 2701 οὐ
1712 2650 1845 2720 πρό-

269 2756 430 2811 τερον
464 2741 772 2811 ἀποχωρεῖ,
803 2740 930 2811 πρὶν
962 2740 1247 2808 διαφαγεῖν
1284 2741 1379 2794 καὶ
1419 2740 1755 2805 ἐξαναλῶσαι
1784 2739 1844 2794 τὸ

268 2830 669 2901 ὑποκείμενον;
702 2831 820 2895 πῶς
846 2830 1095 2885 λανθάνει
1142 2834 1170 2884 6
1205 2832 1437 2902 σπινθὴρ
1478 2831 1555 2902 τῷ
1595 2832 1726 2902 λίθῳ
1755 2835 1845 2901 ἑγ-

267 2921 519 2993 κιιμενος
542 2939 557 2983 ;
588 2923 711 2986 Πῶς
733 2923 938 2994 ψυχρὸς
954 2923 1029 2975 ὢν
1056 2926 1164 2986 τοῖς
1195 2924 1517 2993 ἁπτομένοις
1541 2926 1569 2977 6
1606 2924 1841 2995 σίδηρος,

1948 1926 2079 1971 sunt
2134 1918 2310 1988 ipsum
2365 1918 2696 1989 cognoscat?
2741 1918 2843 1984 Qui
2899 1934 3030 1973 vero
3078 1920 3399 1989 ignorantia:
3434 1921 3518 1975 sui

1950 2009 2125 2077 ipsius
2156 2018 2240 2065 est
2273 2009 2637 2072 assuefactus,
2672 2024 2851 2063 annon
2898 2026 2993 2079 per
3028 2010 3131 2065 hoc
3154 2013 3332 2080 ipsum
3356 2010 3520 2064 doce-

1948 2110 2059 2166 tur,
2092 2115 2152 2157 se
2202 2100 2269 2154 ad
2312 2100 2446 2154 nihil
2498 2116 2686 2154 eorum
2736 2116 2857 2171 quae
2890 2102 3231 2156 extrinsecus
3274 2109 3402 2155 sunt
3429 2116 3522 2156 oc—

1947 2194 2095 2248 culta
2144 2203 2198 2247 et
2241 2192 2425 2246 abdita
2471 2192 2741 2247 diversari
2782 2200 2835 2247 et
2875 2193 3178 2263 hospitari?
3226 2192 3519 2263 Propterea

1947 2293 2003 2338 et
2055 2283 2245 2337 mundi
2295 2284 2567 2338 elementa
2622 2298 2787 2338 sensu
2841 2285 3227 2354 cognoscimus
3282 2294 3516 2345 tantum.

1946 2384 2213 2445 quantum
2259 2391 2325 2431 ex
2362 2389 2693 2445 unoquoque
2744 2377 3171 2430 emolumentum
3222 2376 3289 2430 ad
3353 2376 3518 2430 vitam

1947 2474 2191 2521 nostram
2220 2466 2342 2521 licet
2374 2467 2672 2537 percipere.
2716 2465 2980 2522 Esscntiaa
3011 2483 3140 2521 vero
3163 2467 3407 2537 ipsorum
3439 2483 3520 2521 ra-

1948 2558 2172 2619 tionem,
2208 2573 2383 2627 neque
2413 2556 2727 2622 didicimus,
2773 2574 2949 2628 neque
2993 2560 3211 2614 nescire
3257 2558 3516 2613 damnum

1948 2650 2207 2705 facimus.
2237 2648 2379 2715 Quid
2406 2650 2552 2704 enim
2586 2650 2720 2703 mihi
2763 2650 2985 2719 prodest
3015 2651 3232 2704 curiose
3271 2660 3325 2703 et
3354 2650 3519 2704 anxie

1946 2742 2268 2813 perquirere
2330 2742 2471 2813 ignis
2526 2748 2799 2807 naturam,
2866 2741 3143 2811 quomodo
3182 2741 3516 2805 extenditur,

1944 2831 2218 2901 quomodo
2255 2832 2597 2895 accenditur,
2637 2831 2915 2900 quomodo
2958 2832 3195 2901 oblatam
3229 2830 3515 2885 materiam

1944 2921 2101 2975 avide
2129 2920 2368 2989 rapiens,
2398 2935 2505 2974 non
2537 2922 2688 2990 prius
2719 2921 2987 2987 abscedit,
3017 2936 3177 2990 quam
3208 2920 3355 2989 quod
3385 2920 3516 2975 sub-

265 3010 544 3081 ἀπογεννᾷ
577 3012 676 3082 τὴν
705 3013 911 3081 φλόγας
942 3013 1065 3076 Πῶς
1096 3014 1387 3085 τριϐόμενα
1412 3016 1545 3086 πρὸς
1583 3016 1751 3069 ἑαυτά
1776 3018 1843 3071 τά

1947 3012 2148 3077 iectum
2191 3021 2298 3078 est,
2350 3014 2664 3068 exhauserit
2712 3022 2765 3068 et
2798 3012 3203 3084 absumpserit?
3233 3012 3519 3078 Quomodo

266 3099 401 3165 ξύλα
440 3100 550 3171 πῦρ
594 3100 955 3166 ἁνάπτουσιν;
990 3102 1113 3164 Πῶς
1158 3102 1477 3170 ἀπαυγάζον
1512 3104 1571 3155 ὲν
1620 3104 1753 3175 ἡλίῳ
1782 3105 1842 3157 τὸ

1947 3104 2077 3157 latet
2110 3102 2166 3157 in
2212 3104 2364 3158 venis
2395 3104 2569 3159 silicis
2610 3106 2863 3159 abstrusa
2921 3104 3183 3167 scintilla,
3241 3100 3517 3173 quomodo

269 3193 414 3263 ὓδωρ
438 3193 611 3261 φλόγα
640 3194 819 3257 ποιεῖς
848 3191 959 3264 Τῆς
986 3193 1163 3245 τενὲπὶ
1190 3193 1252 3246 τὸ
1278 3193 1392 3247 ἄνω
1421 3196 1590 3264 φορᾶς
1626 3194 1724 3265 τὴν
1756 3198 1841 3250 ai-

265 3283 410 3343 τίαν.
468 3284 561 3336 καὶ
604 3283 703 3354 τὴν
748 3282 1056 3353 ἀεικίνητον
1095 3283 1352 3354 δύναμιν,
1404 3286 1497 3338 καὶ
1550 3285 1729 3338 πάντα
1770 3286 1841 3339 τὰ

265 3376 493 3430 τοιαῦτα
538 3376 800 3446 παρέντες
830 3376 1301 3447 πολυπραγμονεῖν
1324 3394 1385 3429 τε
1418 3376 1511 3429 καὶ
1545 3377 1837 3442 ἐξετάζειν,

269 3466 431 3535 μόνον
460 3466 519 3519 τὸ
533 3467 627 3518 ἀπ’
643 3465 809 3518 αὑτοῦ
831 3466 1099 3537 χρήσιμον
1119 3468 1198 3528 είς
1226 3466 1316 3518 τὸν
1347 3465 1462 3535 βίον
1484 3467 1662 3519 αὐτῶν
1686 3468 1841 3538 ἐνοή-

266 3571 471 3627 σαμενο
498 3557 697 3620 εἰδότες
722 3558 802 3609 ὅτι
833 3557 983 3609 οὐδὲν
1005 3556 1222 3611 ἔλαττον
1246 3556 1356 3627 ἔχει
1378 3557 1472 3610 τοῦ
1519 3555 1837 3629 πολυπραγ-

268 3649 555 3721 μονοῦντος
577 3690 594 3716 ,
626 3650 655 3700 ὁ
685 3648 1055 3719 ἀπραγμόνως
1086 3649 1185 3718 τὴν
1225 3648 1493 3717 ὠφέλειαν
1534 3650 1837 3720 δεχόμενος.

1944 3191 2148 3247 ferrum
2187 3208 2311 3246 cum
2371 3194 2443 3247 sit
2496 3194 2843 3263 tangentibus
2898 3192 3183 3264 frigidum,
3242 3192 3514 3245 flammam

1942 3283 2092 3338 elicit
2134 3291 2189 3338 et
2214 3284 2475 3354 generat?
2520 3282 2809 3350 Quomodo
2841 3284 2985 3353 ligna
3038 3284 3182 3338 inter
3222 3296 3283 3335 se
3330 3280 3513 3334 attrita

1942 3376 2123 3445 ignem
2154 3377 2501 3430 accendunt?
2544 3375 2828 3441 Quomodo
2860 3377 2915 3429 in
2954 3375 3070 3430 sole
3104 3390 3245 3444 aqua
3274 3373 3519 3442 resplen-

1939 3468 2077 3521 dens
2110 3467 2290 3537 ignem
2329 3466 2503 3521 facit?
2533 3477 2586 3522 et
2622 3469 2845 3522 lationis
2878 3481 3097 3523 sursum
3144 3482 3265 3536 qua:
3295 3465 3352 3519 iit
3386 3478 3520 3518 cau-

1942 3573 2060 3613 sam
2096 3566 2150 3613 et
2182 3558 2289 3612 vim
2336 3573 2553 3629 semper
2589 3559 2871 3623 mobilem,
2914 3566 2969 3613 et
3015 3558 3200 3612 omnia
3250 3554 3521 3625 ejusmodi

1947 3651 2167 3705 curiose
2196 3650 2477 3721 indagare,
2509 3660 2562 3706 et
2601 3652 2761 3706 anxie
2791 3652 3071 3721 inquirere
3104 3649 3520 3719 prietermilten.

264 3752 373 3804 tes,
406 3752 617 3796 tantum
653 3741 799 3811 quod
828 3757 895 3795 ex
931 3741 1051 3810 ipso
1098 3742 1529 3796 emolumentum
1573 3743 1693 3812 capi
1740 3751 1940 3812 potest,
1979 3744 2045 3797 ad
2073 3743 2240 3796 vitam
2306 3753 2550 3798 nostrain
2622 3744 2999 3815 cognovimus,
3070 3742 3307 3796 scientes
3376 3737 3523 3808 quod

264 3838 402 3892 nihil
433 3838 613 3891 minus
636 3838 861 3891 curioso
890 3836 1219 3907 inquisitore
1239 3837 1403 3891 habet
1432 3838 1545 3898 ille,
1575 3838 1668 3908 qui
1701 3839 1910 3909 absque
1949 3838 2041 3891 tali
2071 3852 2202 3891 cura
2235 3847 2289 3891 et
2314 3838 2589 3891 anxietate
2620 3838 2907 3891 utilitatem
2938 3836 3104 3904 capit.

334 3934 436 3987 Διά
468 3933 626 3987 τοῦτο
673 3933 861 4004 ὥσπερ
905 3933 1156 4003 περιττόν
1204 3950 1256 3986 τι
1305 3934 1400 3987 καὶ
1453 3934 1727 4003 ἀνωφελὲς
1783 3936 1845 3988 τὸ

2018 3934 2384 4000 Quamobrem
2422 3941 2481 3987 ut
2513 3932 2851 4003 superfluum
2882 3939 2936 3986 et
2965 3927 3153 3982 inutile
3186 3927 3253 3980 de
3280 3922 3517 3979 essentia

264 4026 397 4096 περὶ
424 4028 525 4097 τῆς
564 4024 751 4088 οὐσίας
780 4025 887 4077 τῶν
916 4024 1213 4092 γεγονότων
1246 4024 1549 4095 ἀδολεσχεῖν
1583 4027 1616 4095 ή
1653 4026 1842 4097 Γραφὴ

1947 4044 2135 4083 eorum
2179 4042 2298 4097 qua-
2329 4025 2472 4080 facta
2526 4031 2656 4079 sunt
2707 4022 2897 4092 nugari
2959 4018 3242 4086 Scriptura
3297 4024 3519 4085 praeter-

264 4117 506 4188 παρῆκε.
540 4117 647 4169 Καί
678 4133 766 4185 μοι
798 4116 944 4168 δοκεί
971 4117 1048 4169 ὅτι
1085 4118 1112 4169 6
1138 4116 1235 4186 τῆς
1267 4116 1493 4189 βροντῆς
1514 4117 1629 4180 υίὸς
1665 4118 1844 4171 Ἰωάν-

1948 4118 2114 4173 misit.
2142 4120 2219 4173 Ac
2250 4117 2381 4171 mihi
2420 4115 2637 4186 quidem
2684 4112 2899 4166 videtur
2940 4109 3087 4179 quod
3121 4105 3345 4160 tonitrui
3375 4104 3519 4159 filius

216 4206 219 4207 ⁷
264 4223 365 4277 νης
401 4209 429 4259 ὁ
476 4208 542 4277 τῇ
598 4206 978 4276 μεγαλοφωνίᾳ
1024 4206 1133 4261 τῶν
1185 4208 1304 4260 κατ’
1357 4208 1517 4261 αὑτὸν
1558 4208 1844 4279 δογμάτων

1947 4208 2203 4271 Joannes,
2236 4222 2357 4262 cum
2391 4220 2583 4275 magna
2612 4218 2743 4258 voce
2777 4217 2999 4257 suorum
3041 4200 3353 4268 dogmatum
3383 4210 3519 4265 pra:-

267 4299 621 4369 ὑπερηχὴσας
650 4298 718 4352 τὰ
753 4299 1093 4368 προλαϐόντα
1140 4299 1493 4370 κηρύγματα,
1524 4301 1680 4354 τοῦτο
1722 4302 1845 4373 νοή-

1948 4297 2194 4353 cedentia
2233 4295 2503 4367 praeconia
2539 4293 2889 4355 intonuisset,
2938 4290 3039 4343 hoc
3069 4288 3230 4342 etiam
3281 4285 3517 4345 novisse,

266 4406 366 4453 σας
396 4391 490 4442 ἐπὶ
528 4390 671 4442 τέλει
705 4390 802 4458 τῆς
841 4390 1199 4461 εὐαγγελικῆς
1236 4393 1497 4464 ἱστορίας,
1541 4388 1729 4446 εἶπεν·
1764 4394 1845 4447 ὃτι

1950 4391 2078 4443 dum
2124 4390 2177 4442 in
2232 4388 2339 4442 line
2392 4384 2718 4455 evangelica:
2764 4380 3004 4435 historia:
3055 4379 3192 4434 dixit
3246 4378 3327 4442 ¹⁸,
3373 4376 3519 4445 quod

266 4478 473 4532 Πολλά
504 4479 635 4531 ἐστι
678 4479 747 4532 τὰ
798 4479 914 4532 ὑπὸ
968 4476 1074 4533 τοῦ
1118 4483 1337 4548 Κιιρίου
1382 4482 1763 4552 γεγενημένα,
1786 4485 1845 4543 ἅ.

1951 4484 2121 4537 multa
2152 4483 2257 4536 sint
2289 4480 2399 4533 alia
2432 4494 2545 4545 qua:
2580 4494 2611 4528 a
2642 4474 2865 4527 Domino
2909 4481 3030 4525 sunt
3066 4470 3229 4539 facta,
3263 4485 3400 4538 quit,
3434 4468 3518 4519 in-

264 4586 422 4632 τινα,
471 4572 659 4641 φησὶν,
698 4570 806 4624 ἐὰν
844 4572 1131 4641 γράφηται
1169 4574 1299 4629 καθ’
1335 4574 1424 4639 ἓν,
1483 4575 1624 4629 οὐδὲ
1662 4578 1845 4629 αὑτὸν

1947 4576 2082 4646 quit,
2108 4571 2317 4642 singula
2356 4572 2398 4623 si
2431 4566 2805 4629 scriberentur,
2838 4580 2899 4617 ne
2927 4564 3097 4631 ipsum
3131 4560 3339 4630 quidem
3370 4576 3521 4611 mun-

263 4664 424 4731 οἶμαι
453 4664 562 4717 τὸν
595 4665 828 4732 κόσμον
857 4662 1121 4731 χωρῆσαι
1150 4666 1222 4718 τὰ
1248 4667 1585 4736 γραφόμενα
1618 4666 1845 4731 βιϐλία.

1947 4667 2071 4719 dum
2119 4664 2210 4733 qui
2253 4660 2603 4715 scriberentur
2642 4658 2801 4710 libros
2846 4671 2996 4725 posse
3044 4669 3227 4720 rapere
3267 4650 3515 4703 arbitror.

261 4754 339 4806 Οὐ
376 4755 553 4807 πάντα
595 4754 770 4807 ταῦτα
816 4754 991 4823 λέγων
1038 4756 1178 4809 κατά
1224 4758 1321 4819 τὰς
1367 4758 1534 4820 ἰάσεις
1578 4757 1844 4826 θαύματα,

1947 4758 2069 4811 llzec
2093 4756 2274 4809 omnia
2300 4767 2425 4806 cum
2455 4750 2611 4815 dixit,
2640 4764 2748 4801 nun
2773 4747 3023 4815 intelligit
3057 4758 3323 4814 aegrorum
3360 4755 3519 4795 sana—

260 4844 469 4899 τούτων
498 4846 606 4914 γάρ
648 4845 800 4899 οὐδὲν
831 4846 1041 4915 ἀφῆκεν
1086 4847 1492 4917 ἀμνημόνευτον
1536 4850 1569 4919 ἡ
1604 4849 1843 4918 ἱστορία·

1947 4852 2152 4903 tionum
2190 4844 2477 4905 miracula,
2509 4841 2703 4895 horum
2736 4840 2879 4895 enim
2917 4838 3125 4892 nullum
3158 4850 3263 4888 non
3288 4845 3521 4884 comme-

263 4938 311 4988 εἰ
344 4938 439 4989 καὶ
490 4938 565 5009 μὴ
607 4938 696 4988 ἐπ’
725 4937 989 5006 ὀνόματος
1030 4938 1248 4990 πάντων
1280 4938 1385 4991 τῶν
1441 4939 1845 5010 τεθεραπευμέ-

262 5045 370 5080 νων
392 5029 490 5097 τὴν
525 5028 745 5097 μνήμην
775 5028 1086 5097 πεποίηται.
1120 5030 1284 5081 Ὅταν
1307 5028 1413 5100 γὰρ
1439 5028 1585 5097 λέγει
1618 5030 1845 5101 νεκροὺς

264 5120 595 5191 ἐγείρεσθαι,
640 5120 869 5188 τυφλοὺς
918 5120 1276 5186 ἀναϐλέπειν,
1333 5122 1549 5190 κωφοὺς
1603 5122 1841 5185 ἀκούειν,

1952 4947 2221 4992 moratum
2250 4933 2596 5005 praetermisit
2627 4932 2874 4994 historia,
2906 4928 3006 4985 etsi
3048 4942 3155 4979 non
3197 4920 3516 4977 nominatim

1951 5027 2193 5082 omnium
2239 5034 2555 5080 sanatorqu
2602 5022 2930 5077 mentionem
2983 5017 3128 5071 fecit.
3193 5015 3327 5066 Cum
3372 5014 3515 5064 enim

1951 5122 2085 5176 dicit
2113 5128 2358 5173 mortuos
2386 5114 2735 5175 exsuSritari,
2770 5127 2947 5166 caecos
2971 5109 3174 5171 videre,
3208 5105 3404 5159 surdos
3424 5117 3519 5154 au-

265 5212 473 5282 χωλοὺς
503 5214 844 5281 περιπατεῖν,
876 5213 969 5264 καὶ
998 5212 1159 5265 πάλιν
1202 5212 1451 5266 ἰάσασθαι
1486 5214 1663 5265 πᾶσαν
1691 5213 1844 5265 νόσον

1951 5215 2089 5279 dire,
2121 5213 2345 5267 claudos
2376 5208 2677 5267 ambulare,
2708 5213 2761 5258 et
2795 5217 2989 5256 rursus
3013 5212 3227 5251 onmem
3269 5193 3517 5248 morbqu

264 5304 361 5355 καὶ
396 5302 574 5354 πᾶσαν
609 5301 900 5371 μαλακίαν,
940 5301 1090 5355 οὐδὲν
1118 5302 1207 5355 διὰ
1252 5302 1455 5355 τούτων
1496 5302 1844 5372 ἀνιστόρητον

1950 5313 2006 5359 et
2036 5305 2347 5373 languorem
2381 5313 2628 5359 sanasse,
2671 5296 2878 5349 nullum
2916 5306 3011 5361 per
3052 5290 3165 5343 haec
3195 5285 3518 5341 miraculum

263 5395 373 5447 τῶν
419 5394 712 5465 θαυμάτων
766 5395 1029 5459 ἀπέλιπε,
1078 5398 1195 5459 ταῖς
1246 5396 1561 5457 καθολικαῖς
1616 5395 1845 5458 ἐννοίαις

1947 5398 2182 5465 reliquit,
2217 5394 2378 5462 cujus
2404 5406 2512 5445 non
2549 5388 2620 5443 sit
2656 5386 2799 5439 facta
2836 5385 2892 5437 in
2925 5380 3156 5435 historia
3190 5389 3518 5432 commemo-

264 5487 655 5557 ἐμπεριλαϐὼν
687 5487 756 5540 τὰ
787 5487 907 5540 καθ’
936 5489 1183 5541 ἕκαστον.
1230 5488 1367 5540 Ἀλλ’
1406 5490 1579 5541 ἐκεῖνο
1605 5488 1739 5557 τάχα
1774 5488 1845 5560 τῷ

1947 5487 2103 5547 ratio,
2139 5481 2540 5539 universalibus
2602 5474 2812 5531 notitiis
2844 5469 3142 5541 singularia
3181 5465 3515 5536 complexus.

263 5576 419 5649 βάθει
447 5579 545 5646 τῆς
572 5577 826 5646 γνώσεως
860 5580 889 5631 6
917 5580 1304 5651 εὖαγγελιστὴς
1334 5580 1501 5649 λέγει,
1538 5582 1619 5634 ὅτι
1648 5580 1706 5635 τὸ
1740 5596 1838 5651 με·

1953 5578 2059 5635 Sed
2088 5576 2222 5633 illud
2282 5574 2513 5629 fortasse
2541 5586 2604 5625 ex
2639 5564 2906 5639 profunda
2937 5562 3245 5633 cognitione
3286 5571 3522 5627 evange-

340 5751 385 5786 ’ν
420 5753 580 5809 Joan.
622 5772 729 5819 ut,
764 5754 855 5809 '25.
