4034 6524
488 348 585 405 951

1713 345 1769 399 S.
1804 341 2129 398 GREGORII
2172 340 2211 393 Ν
2225 340 2467 396 YSSENI

3631 341 3737 397 95'?

492 466 615 520 lista
642 462 795 526 dicit,
832 461 976 532 quod
1015 461 1273 529 majestas
1304 459 1421 515 Filii
1459 460 1553 515 Dei
1586 478 1691 515 non
1719 476 1786 516 ex
1817 464 2050 515 miracu-
2079 511 2082 518 ι

2185 460 2366 511 ἀλεξον
2396 458 2490 511 τοῦ
2527 458 2656 511 Υἱοῦ
2688 459 2782 511 τοῦ
2814 458 2971 523 Θεοῦ;
3009 460 3108 512 οὐκ
3150 462 3213 513 ἐκ
3257 460 3367 515 τῶν
3396 460 3484 513 διὰ
3533 461 3732 532 σαρκὸς

494 555 624 608 Iosis
649 567 744 621 per
781 566 1001 607 carnem
1044 550 1301 618 operibus
1333 550 1507 604 solum
1547 551 1920 619 cognoscenda
1956 559 2063 615 est;

506 646 617 697 hac
647 643 789 697 enim
820 657 982 711 parva
1013 652 1162 708 sunt,
1188 641 1233 696 si
1260 655 1384 694 cum
1432 641 1635 710 reliqua
1680 655 1904 709 operum
1951 654 2066 694 ma-

496 734 807 803 gniﬁcentia
842 733 1112 802 exquisite
1140 742 1545 801 comparentur.
1582 730 1661 785 Tu
1695 746 1825 786 vero
1855 730 2065 799 respice

499 827 551 878 in
585 826 805 887 ccelum,
832 824 955 878 vide
978 826 1030 877 in
1065 839 1131 877 eo
1158 823 1613 892 pulchritudines,
1652 820 1891 877 transfer
1917 830 2065 875 tuam

500 916 892 984 cogitationem
931 931 1026 984 per
1063 923 1218 968 terra:
1254 914 1612 978 latitudinem,
1644 912 1712 966 ad
1745 928 1898 983 aqua:
1936 928 2066 983 pro-

500 1004 817 1070 funditatcs,
868 1006 1127 1059 mundum
1177 1011 1356 1058 mente
1401 1004 1736 1072 complexus.
1795 1010 1850 1058 et
1886 1013 2068 1058 trans-

499 1096 833 1152 mundanam
876 1108 1124 1150 naturam
1162 1094 1371 1149 ratione
1409 1109 1531 1147 cum
1566 1094 1921 1159 imellexeris,
1954 1094 2068 1148 haec

500 1203 672 1245 nosce
698 1203 823 1243 vera
850 1188 970 1256 ejus
991 1187 1085 1256 qui
1112 1194 1289 1242 tecum
1326 1185 1380 1239 in
1409 1200 1573 1241 carne
1607 1194 1963 1241 conversatus
1986 1196 2069 1241 est

502 1296 690 1351 opera.
732 1279 882 1347 Quae,
923 1279 1121 1348 inquit,
1154 1277 1201 1333 si
1242 1277 1457 1347 singula
1498 1277 1892 1341 scriberentur,
1936 1279 2069 1348 quid

506 1381 563 1429 et
591 1370 886 1441 quomodo,
942 1378 997 1424 et
1049 1369 1214 1431 unde.
1248 1376 1303 1422 et
1339 1376 1627 1438 quantum,
1669 1383 1832 1437 supra
1881 1369 2068 1423 mundi

504 1462 857 1533 capacitatem
884 1461 1145 1515 doctrinae
1167 1459 1234 1514 de
1254 1460 1371 1529 ipso
1402 1460 1607 1514 mundo
1630 1459 1735 1514 erit
1756 1459 2067 1530 plenitudo:

504 1555 762 1625 quoniam
788 1553 935 1608 enim
964 1553 1145 1606 omnia
1186 1549 1330 1605 Deus
1366 1551 1421 1605 in
1459 1550 1727 1621 sapientia
1768 1550 1930 1617 fecit,
1962 1560 2072 1607 ter-

507 1647 713 1700 minum
749 1652 929 1700 autem
962 1642 1059 1698 Dei
1091 1642 1360 1712 sapientia
1392 1656 1501 1697 non
1533 1642 1694 1697 habet
1728 1662 1741 1697 :
1771 1641 2074 1713 Intelligen-

506 1738 593 1790 tiw
612 1737 750 1804 ejus,
773 1735 969 1805 inquit,
997 1751 1101 1788 non
1138 1743 1216 1788 est
1246 1749 1493 1787 numerus
1526 1734 1606 1798 ’°;
1640 1732 1806 1800 igitur
1838 1734 2073 1803 propriis

505 1827 782 1882 mensuris
806 1827 1133 1895 terminatus
1168 1825 1406 1880 mundus
1434 1825 1489 1879 in
1532 1826 1711 1895 seipso
1738 1826 1963 1881 inﬁnita:
1993 1843 2075 1882 sa-

510 1918 722 1985 pientia:
745 1918 1010 1972 rationem
1038 1932 1144 1972 non
1167 1916 1363 1988 capiet.
1394 1917 1451 1972 Si
1478 1917 1642 1989 igitur
1662 1917 1901 1973 mundus
1927 1926 2074 1975 totus

509 2008 688 2061 minor
715 2015 820 2070 est,
842 2022 1005 2078 quam
1034 2017 1093 2062 ut
1124 2006 1336 2062 Domini
1364 2022 1589 2078 operum
1614 2010 1921 2067 doctrinam
1951 2029 2075 2083 pos-

510 2100 583 2153 sit
608 2114 827 2169 capere,
849 2110 981 2168 quot
1005 2099 1193 2153 mundi
1218 2100 1283 2155 de
1310 2101 1417 2155 Deo
1444 2101 1823 2157 universorum
1849 2120 2075 2161 enarra-

511 2191 713 2246 tionem
743 2190 996 2261 capient?
1019 2189 1272 2247 Fortasse
1296 2207 1473 2257 neque
1498 2193 1812 2264 blaSpbema
1832 2204 1887 2251 et
1914 2198 2076 2267 impia

512 2284 696 2353 lingua
728 2282 945 2353 negabit
979 2281 1205 2337 inﬁnitis
1237 2283 1481 2351 partibus
1521 2284 1786 2353 majorem
1811 2302 1934 2342 esse
1964 2286 2077 2341 lac-

511 2380 683 2428 torem
715 2382 769 2427 et
798 2381 1077 2427 auctorem
1107 2373 1372 2435 omnium,
1396 2389 1516 2443 quae
1539 2377 1655 2431 sola
1684 2378 1861 2446 ipsius
1884 2380 2079 2435 volun-

513 2473 624 2518 tate
647 2466 699 2518 in
735 2479 917 2518 rerum
951 2472 1145 2518 natura
1177 2465 1619 2533 productasunt.
1670 2466 1729 2521 Si
1766 2470 1932 2540 igitur
1958 2487 2078 2525 om-

514 2556 599 2609 nis
619 2565 868 2609 creatura
895 2556 1165 2610 sermonis
1190 2554 1257 2609 de
1276 2556 1451 2625 seipsa
1478 2557 1602 2613 facti
1633 2575 1738 2613 non
1769 2569 1853 2615 est
1882 2577 2076 2632 capax;

513 2645 618 2700 hoc
644 2647 786 2700 enim
834 2662 1063 2717 magnus
1103 2644 1343 2704 Joannes
1392 2657 1624 2704 testatur
1677 2652 1973 2706 secundum
2026 2655 2078 2707 id

514 2735 661 2807 quod
684 2736 948 2802 diximus,
981 2737 1255 2805 quomodo
1278 2737 1513 2792 humana
1542 2740 1783 2797 brevitas
1814 2751 1986 2797 totum
2013 2744 2080 2799 de

515 2825 743 2880 domino
766 2834 1031 2882 creaturae
1064 2840 1373 2882 sermonem
1401 2829 1618 2897 capiet?
1651 2828 1845 2885 Dicant
1874 2835 2083 2902 magni-

515 2916 660 2987 loqui
704 2916 814 2983 isti,
849 2917 980 2986 quid
1030 2926 1116 2972 est
1160 2918 1324 2972 homo
1374 2920 1614 2975 universi
1649 2925 2078 2991 comparatione,

516 3010 643 3064 dum
679 3009 1096 3066 consideratur?
1143 3009 1313 3076 Quale
1360 3012 1746 3081 geometricum
1799 3025 2080 3085 punctum,

2167 548 2460 617 θαυμάτων
2505 547 2833 617 ποιηθέντων
2866 548 3026 617 μόνον
3062 549 3351 618 γινώσκειν
3380 551 3520 620 χρή·
3566 556 3734 618 μικρὰ

2166 640 2275 709 γὰρ
2310 638 2486 692 ταῦτα
2512 638 2586 702 ὡς
2612 639 2747 710 πρὸς
2769 638 2867 709 τὴν
2897 622 3088 710 λοιπήν
3117 640 3514 712 μεγαλουργίαν
3549 639 3731 705 ἕξεται

2166 730 2386 801 ζόμενα.
2418 731 2488 782 Σὺ
2526 730 2583 783 δὲ
2625 729 2925 793 ἀνάϐλεψον
2953 731 3032 793 είς
3063 730 3153 783 τὸν
3184 732 3429 800 οὐρανὸν,
3472 732 3550 784 ἴδε
3576 732 3647 782 τὰ
3679 734 3733 782 ἐν

2166 822 2312 893 αὐτῷ
2363 822 2556 891 κάλλη,
2602 822 2887 891 μετένεγκε
2918 822 3017 893 τὴν
3039 822 3275 877 διάνοιαν
3314 825 3407 877 ἐπὶ
3449 823 3510 876 τὸ
3536 823 3732 885 πλάτος

2167 915 2266 983 τῆς
2298 915 2423 983 γῆς,
2450 916 2543 967 ἐπὶ
2566 914 2635 967 τὰ
2663 913 2799 984 βάθη
2830 913 2924 967 τοῦ
2955 914 3164 978 ὓδατος,
3200 916 3375 969 πάντα
3403 914 3494 968 τὸν
3530 915 3732 983 κόσμοι)

2167 1007 2233 1074 τῇ
2259 1004 2466 1074 διανοίᾳ
2487 1002 2684 1068 λαϐὼν,
2710 1004 2805 1055 καὶ
2838 1003 2938 1073 τήν
2967 1004 3334 1074 ύπερκόσμισν
3357 1004 3518 1072 φύσιν
3543 1003 3622 1073 τῷ
3649 1004 3733 1056 3.0-

2168 1095 2353 1167 γισμῷ
2378 1097 2733 1165 κατανοήσας,
2760 1094 2933 1149 ταῦτα
2974 1095 3140 1164 γνῶθι
3166 1097 3233 1149 τὰ
3258 1096 3483 1167 ἀληθινὰ
3533 1096 3625 1149 τοῦ
3655 1114 3733 1149 σοι

2169 1188 2258 1241 διὰ
2279 1187 2479 1259 σαρκὸς
2520 1188 2950 1258 ἐπιδημήσαντος
2982 1188 3138 1258 ἔργα.
3174 1189 3386 1253 Ἀτινα,
3418 1189 3599 1259 φησὶν,
3642 1190 3741 1241 ἐὰν

2170 1280 2292 1333 καθ’
2336 1280 2561 1332 ἕκαστον
2606 1278 2905 1349 γράφηται,
2934 1279 2995 1332 τὸ
3036 1280 3091 1333 τί
3129 1282 3223 1333 καὶ
3250 1282 3417 1345 ὅπως,
3463 1283 3557 1334 καὶ
3590 1282 3737 1343 ὅθεν,

2171 1370 2268 1423 καὶ
2303 1368 2486 1430 πόσον,
2537 1367 2679 1437 ὑπὲρ
2709 1367 2771 1421 τὸ
2812 1367 3047 1439 χώρημα
3086 1368 3179 1421 τοῦ
3228 1369 3433 1439 κόσμου
3471 1370 3573 1439 τῆς
3609 1372 3741 1441 περὶ

2171 1460 2335 1515 αὐτοῦ
2390 1459 2488 1513 τοῦ
2544 1460 2749 1530 κόσμου
2800 1459 3145 1523 διδασκαλίας
3195 1461 3346 1514 εσται
3395 1461 3457 1514 τδ
3511 1463 3733 1530 πλῆθος.

2186 1554 2336 1607 Ἐπεὶ
2365 1553 2473 1622 γὰρ
2502 1550 2571 1605 τά
2604 1552 2781 1607 πάντα
2812 1552 2841 1602 6
2873 1552 3003 1614 Θεὸς
3033 1553 3090 1604 ὲν
3118 1553 3279 1622 σοφίᾳ
3308 1553 3589 1624 ἐποίησεν,
3615 1555 3739 1624 ὅρον

2171 1645 2227 1698 δὲ
2264 1646 2297 1715 ἡ
2336 1643 2429 1698 τοῦ
2457 1642 2591 1697 Θεοῦ
2638 1641 2798 1712 σοφία
2824 1643 2924 1695 οὐκ
2958 1643 3092 1711 ἔχει,
3127 1642 3237 1711 Τῆς
3281 1646 3389 1713 γὰρ
3431 1643 3741 1709 συνέσεως

2172 1734 2379 1798 αὐτοῦ,
2405 1734 2595 1805 φησὶν,
2621 1736 2735 1789 οὐκ
2762 1733 2936 1789 ἐστιν
2964 1735 3210 1803 ἀριθμός
3227 1752 3240 1764 ·
3272 1736 3300 1788 ὁ
3325 1738 3435 1798 τοῖς
3465 1736 3612 1799 ίδίοις
3643 1736 3739 1805 μέ-

2175 1842 2320 1895 τροις
2343 1824 2752 1898 πεπερασμένος
2777 1825 2981 1895 κόσμος
2996 1827 3055 1878 ού
3084 1826 3318 1896 χωρήσει
3352 1829 3409 1879 ὲν
3447 1826 3625 1897 ἐαυτῷ
3643 1827 3744 1896 τῆς

2175 1918 2429 1987 ἀορίστου
2481 1918 2671 1988 σοφίας
2720 1918 2811 1971 τὸν
2859 1918 3035 1986 λόγον.
3077 1919 3139 1970 Εἰ
3174 1913 3267 1971 οὖν
3306 1918 3335 1970 6
3373 1918 3577 1988 κόσμος
3624 1918 3743 1981 ὅλος

2176 2010 2392 2064 ἔλαττόν
2441 2010 2609 2073 ἐστιν,
2642 2008 2677 2079 ἦ
2719 2006 2860 2061 ὥστε
2902 2008 3001 2077 τὴν
3047 2007 3388 2061 διδασκαλίαν
3429 2010 3534 2062 τῶν
3569 2010 3744 2079 ἔργων

2175 2100 2270 2153 τοῦ
2306 2101 2510 2168 Κυρίου
2559 2098 2825 2169 χωρῆσαι,
2868 2097 3024 2151 πόσοι
3065 2098 3258 2170 κόσμοι
3303 2102 3609 2171 χωρήσουσι
3645 2103 3753 2169 τὴν

2178 2194 2308 2263 περὶ
2338 2191 2430 2245 τοῦ
2457 2190 2591 2244 Θεοῦ
2618 2190 2727 2242 τῶν
2766 2188 2901 2241 ὅλων
2925 2189 3203 2261 διήγησιν;
3245 2190 3397 2262 Τάχα
3426 2192 3534 2262 γάρ
3561 2191 3679 2245 οὐδὲ
3708 2195 3743 2262 ἡ

2180 2282 2497 2353 βλάσφημος
2544 2280 2840 2351 ἀρνήσεται
2891 2278 3131 2347 γλῶσσα,
3183 2280 3245 2334 τὸ
3291 2282 3751 2353 ἀπειροπλασίονα

2178 2371 2315 2428 εἶναι
2349 2375 2438 2427 τὸν
2485 2372 2712 2443 ποιητὴν
2740 2370 2848 2423 τῶν
2890 2370 3124 2433 πάντων,
3156 2371 3263 2424 τῶν
3296 2373 3442 2443 μόνῳ
3480 2373 3747 2445 θελήματι

2179 2463 2568 2535 παραχθέντων
2600 2464 2680 2525 είς
2724 2462 2954 2530 γένεσιν.
2984 2462 3045 2515 Εἰ
3072 2457 3164 2515 οὖν
3207 2464 3239 2532 ἡ
3274 2464 3449 2526 κτίσις
3484 2466 3633 2519 πᾶσα
3654 2464 3750 2517 τοῦ

2180 2557 2307 2627 περὶ
2327 2557 2493 2627 αὐτῆς
2522 2554 2677 2624 λόγου
2704 2555 2850 2607 ἐστὶν
2880 2552 3185 2623 ἀχώρητος·
3210 2554 3367 2607 τοῦτο
3393 2555 3502 2625 γάρ
3527 2559 3556 2609 6
3579 2557 3753 2626 μέγας

2193 2648 2441 2719 Ἰωάννης
2477 2646 2809 2717 μαρτύρεται
2848 2646 2991 2699 κατά
3027 2662 3091 2714 γε
3132 2646 3223 2699 τὸν
3255 2647 3523 2718 ἡμέτερον
3561 2649 3747 2716 λόγον’

2177 2740 2299 2803 πῶς
2329 2739 2395 2793 ἂν
2437 2737 2747 2810 ἀνθρωπίνη
2778 2736 3053 2809 βραχύτης
3100 2737 3219 2790 ὅλον
3250 2738 3341 2791 τὸν
3384 2739 3511 2811 περὶ
3535 2740 3629 2791 τοῦ
3659 2743 3754 2791 As-

2184 2830 2380 2883 σπότου
2428 2830 2527 2899 τῆς
2562 2828 2792 2891 κτίσεως
2837 2830 3076 2899 χωρήσει
3119 2828 3307 2896 λόγον;
3349 2830 3671 2883 Είπάτωσαν
3700 2832 3750 2882 οἱ

2182 2923 2250 2974 τὰ
2286 2920 2496 2992 μεγάλα
2520 2919 2899 2988 φθεγγόμενοι,
2925 2920 2977 2971 τί
3006 2920 3150 2971 ἐστιν
3191 2918 3493 2989 ἄνθρωπος,
3525 2922 3753 2990 συγκρξο

2186 3029 2269 3065 σει
2292 3012 2384 3065 τοῦ
2417 3010 2613 3072 παντὸς
2648 3009 3049 3079 θεωρούμενοςς
3087 3010 3241 3061 Ποῖον
3260 3012 3630 3081 γεωμετρικὸν
3654 3029 3752 3080 ση-

512 3100 591 3156 ἱιιι
631 3100 1007 3156 individuum?
1051 3100 1192 3167 Quid
1234 3100 1454 3171 Epicuri
1504 3106 1957 3174 corpusculorum
2003 3109 2082 3165 sic

2194 3106 2342 3171 μεῖον
2375 3100 2545 3163 οὕτως
2582 3100 2821 3170 ἁμερές;
2855 3099 2920 3152 Τί
2964 3098 3070 3152 τῶν
3112 3100 3497 3170 Ἐπικουρείων
3537 3102 3753 3171 ἀτόμων

516 3191 756 3245 vanitate
777 3207 969 3246 eorum
992 3195 1085 3262 qui
1115 3192 1229 3247 hac
1256 3195 1692 3264 contemplantur
1732 3205 2080 3265 extenuatur,

517 3290 572 3337 et
616 3297 786 3352 prope
830 3282 883 3335 id
917 3283 1062 3352 quod
1094 3299 1203 3338 non
1234 3293 1316 3339 est
1348 3284 1427 3351 ﬁt,
1482 3294 1540 3340 ut
1574 3287 1811 3344 humana
1842 3290 2084 3348 brevitas

521 3388 643 3427 cum
696 3373 957 3429 universo
1003 3382 1315 3441 comparata
1367 3384 1451 3429 est
1496 3375 1670 3429 nihil?
1725 3376 1879 3432 Sicut
1921 3380 2084 3433 etiam

521 3478 749 3534 magnus
776 3464 944 3519 David
974 3464 1070 3528 ait,
1096 3465 1353 3532 prazrlare
1382 3466 1690 3522 mortalium
1719 3467 2085 3523 inﬁrmitatem

524 3553 837 3619 meditatus,
873 3553 1135 3619 Quoniam
1176 3552 1474 3608 substantia
1511 3571 1626 3609 mea
1662 3564 1914 3626 tanquam
1946 3559 2087 3612 nilii-

525 3648 633 3699 lum
670 3654 793 3698 ante
828 3643 939 3698 te“
974 3662 988 3697 :
1024 3658 1131 3697 non
1169 3644 1417 3699 absolute
1454 3645 1682 3701 nihilum
1720 3662 1843 3703 esse
1877 3648 2084 3715 dicens,

524 3736 620 3793 sed
657 3736 828 3791 nihilo
858 3734 1113 3799 similem,
1147 3734 1292 3804 quod
1334 3750 1500 3804 supra
1549 3737 1768 3793 modum
1799 3746 1884 3794 est
1928 3740 2090 3796 breve

525 3844 648 3882 cum
681 3842 749 3882 eo
779 3826 923 3897 quod
948 3841 1056 3880 non
1080 3827 1291 3882 exsistit
1316 3826 1462 3881 facta
1488 3832 1897 3899 comparatione
1925 3835 2091 3904 signi-

524 3920 715 3976 ﬁcans.
1792 3974 1793 3977 η

601 4009 983 4066 Verumtamen
1028 4026 1059 4065 a
1095 4011 1189 4067 tali
1232 4019 1434 4067 natura
1482 4013 1776 4079 concitati,
1829 4016 2093 4076 adversus

525 4102 852 4159 ineﬁ‘abilem
884 4104 1181 4174 potentiam
1217 4119 1313 4159 sua
1348 4104 1582 4160 dilatant
1614 4123 1709 4161 ora
1729 4147 1745 4172 ,
1776 4117 1831 4165 et
1858 4113 2097 4181 appella-

529 4196 674 4251 tione
698 4210 808 4249 una
835 4195 1160 4251 ineffabilem
1189 4204 1437 4251 naturam
1471 4198 1791 4264 metiuntur,
1814 4200 1914 4270 τῆς
1937 4203 2098 4272 ἀγεν-

528 4288 717 4357 νησίας
756 4289 973 4342 nomine
1018 4287 1110 4342 Dei
1156 4288 1453 4343 essentiam
1509 4290 1985 4362 constringentes,
2043 4304 2101 4348 ut

530 4376 794 4433 adversus
835 4376 1185 4446 Unigenitum
1224 4377 1329 4433 sibi
1372 4378 1510 4448 ipsis
1554 4394 1650 4448 per
1690 4380 1804 4435 lure
1844 4383 2097 4453 blasphe-

2187 3194 2330 3247 οὕτω
2372 3196 2440 3264 τῇ
2484 3192 2800 3262 ματαιότητι
2847 3189 2954 3243 τῶν
3014 3188 3185 3242 ταῦτα
3236 3190 3579 3262 θεωρούντων
3623 3194 3752 3244 ἀπο-

2186 3284 2524 3350 λεπτύνεται,
2555 3284 2649 3337 καὶ
2686 3283 2851 3351 ἐγγὺς
2883 3281 2978 3335 τοῦ
3024 3282 3097 3353 μὴ
3130 3281 3279 3344 δντος
3307 3282 3536 3350 γίνεται,
3562 3283 3638 3346 ὡς
3665 3285 3752 3336 ἁν-

2188 3377 2431 3447 θρωπίνη
2472 3373 2747 3446 βραχύτης
2791 3374 2906 3427 ἀντ’
2953 3373 3165 3437 οὐδενός
3218 3374 3332 3426 ἐστι
3377 3374 3511 3444 πρὸς
3550 3374 3611 3426 τὸ
3650 3378 3753 3427 πᾶν

2188 3468 2506 3543 κρινομένη,
2552 3466 2730 3530 καθώς
2779 3482 2911 3537 φησι
2951 3466 3046 3519 καὶ
3076 3467 3103 3517 6
3145 3464 3315 3533 μέγας
3356 3464 3537 3527 Δασὶδ,
3580 3464 3752 3526 καλῶς

2190 3558 2592 3630 ἐπεσκεμμένος
2640 3556 2747 3610 τῶν
2805 3554 3011 3626 βροτῶν
3062 3554 3158 3624 τὴν
3210 3553 3510 3617 ἀσθένειαν,
3566 3554 3647 3605 ὃτι
3690 3554 3756 3608 Ἠ

2190 3650 2529 3713 ὑπόστασις
2553 3666 2667 3715 μου
2698 3646 2840 3700 ὡσεί
2863 3644 3041 3699 οὐθὲν
3069 3644 3324 3697 ἐνώπιόν
3349 3659 3486 3697 σου.
3521 3641 3596 3694 Οὐ
3623 3660 3756 3698 παν-

2191 3743 2359 3804 τελῶς
2404 3737 2542 3794 εἶναι
2572 3740 2744 3808 λέγων
2776 3738 2947 3800 οὐδὲν,
2981 3736 3097 3790 ἀλλ’
3140 3736 3326 3805 ὅμοιον
3360 3734 3437 3804 τῷ
3474 3733 3663 3805 μηδὲν,
3694 3734 3757 3786 τὸ

2193 3834 2313 3887 καθ’
2342 3831 2641 3902 ὑπερϐολήν
2678 3830 2856 3883 πᾶσαν
2887 3826 3060 3897 βραχὺ
3083 3829 3145 3898 τῇ
3176 3825 3305 3896 πρὸς
3328 3825 3388 3878 τὸ
3416 3824 3760 3893 ἀνύπαρκτον

2195 3925 2480 3996 συγκρίσει
2510 3920 2898 3991 διασημαίνων.

2267 4018 2455 4086 Ὅμως
2487 4012 2595 4066 άπὸ
2635 4010 2887 4079 τοιαύτης
2923 4007 3242 4079 ὡρμημένοι
3281 4006 3514 4077 φύσεως,
3556 4006 3758 4061 πλατύ-

2196 4124 2343 4161 νουσι
2367 4104 2509 4159 κατὰ
2531 4105 2629 4173 τῆς
2663 4102 2939 4171 ἀφράστου
2972 4099 3248 4169 δυνάμεως
3273 4099 3341 4151 τά
3364 4099 3470 4151 ἴδια
3498 4100 3757 4168 στόματα,

2201 4200 2294 4255 καὶ
2342 4195 2676 4267 προσηγορίᾳ
2723 4195 2821 4264 μιᾷ
2870 4193 2968 4263 τὴν
3013 4192 3259 4262 ἀόριστον
3321 4191 3478 4262 φύσιν
3536 4208 3758 4261 περιμε-

2196 4288 2402 4359 τροῦσι,
2437 4286 2514 4357 τῷ
2550 4287 2771 4356 ὀνόματι
2819 4286 2917 4356 τῆς
2944 4285 3267 4354 άγεννησίας
3309 4282 3405 4353 τὴν
3438 4283 3621 4337 οὐσίαν
3668 4282 3759 4334 τοῦ

2196 4380 2331 4436 Θεοῦ
2366 4377 2838 4451 περισφίγγοντες,
2900 4374 2989 4428 ἵνα
3010 4376 3107 4446 τὴν
3142 4375 3282 4428 κατὰ
3308 4374 3402 4428 τοῦ
3432 4374 3762 4441 Μονογενοῦς

532 4468 653 4522 mia:
681 4469 822 4521 viam
854 4477 1125 4523 sternant.
1172 4468 1309 4522 Cum
1357 4478 1535 4523 autem
1582 4485 1810 4541 magnus
1861 4472 2082 4529 Basilius

2198 4474 2406 4534 ἑαυτοῖς
2440 4467 2788 4541 βλασφημίαν
2816 4465 2904 4520 διὰ
2936 4465 3140 4518 τούτων
3172 4466 3544 4537 ὁδοποιήσωσι.
3574 4465 3677 4517 Τοῦ
3704 4466 3763 4517 δὲ

530 4559 874 4615 emendasset
898 4559 1179 4629 deceptam
1206 4567 1259 4614 et
1289 4558 1480 4614 falsam
1507 4561 1818 4630 opinionem
1838 4602 1855 4626 ,
1876 4571 1931 4618 ct
1957 4579 2095 4633 qua:-

530 4648 655 4703 dain
690 4648 760 4704 de
793 4650 1103 4707 uoininibus
1136 4650 1518 4719 exposuisset,
1550 4661 1610 4706 ut
1645 4667 1769 4721 qum
1797 4669 1861 4707 ex
1905 4664 2099 4709 natura

530 4757 641 4796 non
673 4748 836 4806 sunt,
882 4741 976 4796 sed
1019 4757 1084 4796 ex
1124 4741 1406 4798 hominum
1450 4743 1768 4800 inventione
1810 4761 1906 4800 seu
1949 4762 2100 4802 com-

531 4840 719 4887 mento
746 4832 917 4888 rebus
944 4831 1080 4902 ipsis
1110 4832 1283 4887 indita
1319 4833 1465 4898 sint,
1508 4841 1721 4889 tantum
1767 4836 2006 4902 absunt,
2043 4847 2102 4893 ut

532 4924 598 4979 ad
628 4925 911 4979 veritatem
941 4931 1307 4987 revertantur,
1342 4924 1475 4995 quin
1517 4927 1700 4994 potius
1740 4929 1906 4983 veluti
1941 4930 2100 4986 visco

532 5016 750 5071 cuidam
778 5017 1160 5073 adluerescunt
1190 5016 1277 5071 his
1305 5033 1428 5087 quae
1457 5019 1525 5073 ab
1575 5017 1710 5088 ipsis
1755 5018 1903 5073 dicta
1935 5029 2097 5086 sunt,

532 5121 713 5177 neque
740 5106 999 5162 desinunt
1032 5122 1062 5161 a
1089 5107 1334 5177 captiosa
1363 5116 1418 5163 et
1455 5107 1636 5163 fallaci
1667 5114 2098 5179 argumentatio-

532 5213 636 5263 ne,
671 5214 851 5269 neque
883 5214 949 5254 ex
983 5200 1447 5257 commentatione
1481 5202 1678 5256 mentis
1711 5202 1819 5256 dici
1850 5204 1911 5255 τὸ
1942 5204 2101 5273 ἀγέν-

531 5308 693 5362 νητον
715 5330 732 5355 ,
761 5290 859 5347 sed
890 5299 1099 5347 natura:
1124 5307 1246 5348 esse
1279 5293 1781 5361 repmsentativum
1811 5295 2097 5354 deﬁniunt.

534 5381 761 5440 Omnem
797 5382 961 5453 igitur
990 5398 1299 5440 sermonem
1330 5383 1583 5454 persequi
1611 5390 1665 5439 et
1698 5400 1981 5443 recensere
2001 5429 2015 5453 ,
2046 5396 2100 5444 et

533 5474 705 5530 delira
733 5476 1056 5545 prolixaque
1103 5474 1172 5530 ad
1224 5477 1451 5531 verbum
1504 5476 1752 5546 apposita
1807 5478 2101 5547 nugatione

535 5564 683 5621 hanc
712 5576 957 5624 evertere
988 5568 1207 5633 conari,
1240 5567 1388 5639 longi
1421 5577 1568 5623 esset
1609 5569 1705 5624 otii
1740 5577 1794 5624 et
1834 5573 2099 5643 temporis

614 5751 661 5785 ⁸⁸
688 5748 835 5806 Psal.
855 5765 1035 5815 cum,
1060 5751 1113 5806 5.
1191 5751 1231 5781 "
1261 5732 1413 5805 Psal‘.
1444 5764 1679 5815 uxvm,
1703 5750 1761 5807 θα

2200 4563 2435 4635 μεγάλου
2481 4558 2761 4614 Βασιλείου
2798 4557 3235 4629 διορθωσαμένου
3276 4559 3372 4628 τὴν
3410 4559 3762 4629 ἡπατημένην

2197 4656 2471 4721 ὑπόνοιαν,
2502 4653 2593 4706 καί
2626 4668 2747 4705 τινα
2787 4652 2916 4720 περὶ
2946 4650 3054 4703 τῶν
3087 4650 3363 4720 ὀνομάτων
3389 4650 3761 4715 διεξελθόντος,

2198 4748 2272 4811 ὡς
2302 4747 2400 4800 οὐκ
2428 4747 2492 4797 ἐκ
2518 4744 2730 4812 φύσεως
2764 4740 2952 4805 ὄντων,
2983 4739 3116 4793 ἀλλὰ
3154 4740 3270 4793 κατ’
3296 4740 3535 4793 ἐπίνοιαν
3566 4742 3764 4792 ὲπικει·

2200 4840 2373 4909 μένων
2409 4839 2521 4899 τοῖς
2555 4835 2876 4907 πράγμασι·
2925 4834 3176 4887 τοσοῦτον
3216 4832 3477 4902 ἀπέχουσι
3521 4830 3613 4882 τοῦ
3640 4831 3763 4882 ἀνα-

2196 4931 2354 4984 λύσαι
2390 4929 2524 5000 πρὸς
2548 4928 2645 4998 τὴν
2671 4925 2947 4996 ἀλήθειαν,
2973 4926 3053 4979 ὅτι
3078 4924 3325 4994 καθάπερ
3354 4922 3446 4992 ἰξῷ
3475 4939 3577 4975 τινι
3604 4938 3765 4991 προο-

2205 5022 2523 5092 κατέχονται
2555 5021 2662 5082 τοῖς
2688 5017 2836 5081 ἆπαξ
2860 5016 2988 5088 παρ’
3017 5015 3192 5070 αὐτῶν
3226 5014 3556 5085 εἰρημένοις,
3590 5013 3682 5065 καὶ
3705 5012 3765 5064 ού

2209 5110 2480 5181 μεθίενται
2512 5108 2606 5162 τοῦ
2643 5108 2999 5178 σοφίσματος,
3025 5106 3144 5159 οὐδὲ
3188 5104 3306 5158 κατ’
3346 5104 3583 5156 ἐπίνοιαν
3614 5100 3765 5169 λέγε-

2207 5204 2329 5258 σθαι
2357 5203 2416 5256 τὸ
2444 5202 2759 5272 ἀγέννητον,
2787 5200 2922 5254 ἀλλὰ
2951 5202 3049 5270 τῆς
3080 5199 3293 5267 φύσεως
3322 5192 3459 5250 εἶναι
3492 5210 3765 5266 παραστα-

2205 5295 2355 5348 τικὸν
2400 5294 2740 5366 διορίζονται.
2772 5291 2845 5346 T6
2891 5293 2991 5361 μὲν
3028 5287 3119 5345 οὖν
3172 5290 3348 5345 πάντα
3384 5288 3638 5355 διεξιέναι
3681 5284 3764 5339 τὸν

2205 5385 2381 5454 λόγον,
2415 5387 2508 5438 καὶ¹
2531 5383 2629 5455 τὴν
2658 5380 2872 5453 ληρώδη
2900 5382 3005 5433 «καὶ
3037 5377 3252 5451 μακρὰν
3286 5376 3499 5446 ἐκείνην
3530 5370 3763 5444 παραθέ-

2210 5494 2369 5549 μενον
2424 5475 2684 5548 φλυαρίαν
2724 5474 2815 5527 ὲπὶ
2851 5472 3044 5539 λέξεως
3088 5470 3411 5543 ἀνατρέπειν
3460 5463 3765 5537 πειρᾶσθαι,

2213 5571 2428 5642 μακρᾶς
2466 5568 2529 5637 ᾂν
2556 5568 2640 5628 εἴη
2678 5565 2871 5638 σχολῆς
2896 5564 2989 5618 καὶ
3021 5564 3211 5637 χρόνον
3239 5560 3435 5619 πολλοῦ
3461 5558 3560 5614 καὶ
3578 5554 3773 5623 πολλῆς
