4034 6490
250 339 361 399 953

1390 340 1673 397 CONTRA
1706 338 2103 407 EUNOMIUM,
2148 339 2274 395 LIB.
2312 340 2426 397 Xll.

3421 344 3528 401 954

250 458 527 530 ἀπραξίας
572 458 846 530 δεόμενον.
879 459 1146 531 Καθάπερ
1190 459 1374 514 ἀκούω
1416 461 1511 515 καὶ
1556 459 1648 516 τὸν
1679 460 1849 515 Εὐνό-

1968 463 2133 527 nulti,
2151 463 2411 535 quodque
2427 472 2622 534 magna
2642 478 2673 517 a
2692 464 2927 535 negotiis
2951 466 3225 524 vacuitate
3243 475 3296 523 et
3312 483 3342 523 a
3361 468 3527 525 rebus

254 568 379 621 μιον
406 551 548 622 ὑπὲρ
576 552 665 605 τὸν
704 552 933 606 Ἰλιακὸν
968 553 1203 623 πόλεμον
1234 556 1301 625 τῇ
1333 553 1592 625 πολυετίᾳ
1625 554 1849 623 φιλοπό-

248 658 362 707 νως
412 644 507 697 καὶ
543 644 665 697 καθ’
701 645 937 715 ἡσυχίαν
983 643 1184 715 πολλὴν
1239 644 1737 716 προσεδρεύσαντα,
1788 646 1849 697 ἐν

253 734 440 805 πολλῷ
486 734 564 805 τῷ
606 734 760 806 ὕπνῳ
807 735 898 788 τὸν
947 734 1158 807 μακρὸν
1193 734 1383 788 τοῦτον
1426 735 1633 806 ὄνειρον
1671 732 1850 806 ἑαυτῷ

254 828 599 899 συμπλάσαι,
626 826 893 900 ζητοῦντα
917 828 1241 897 φιλοπόνως,
1263 829 1361 898 οὐχ
1373 829 1519 891 ὃπως
1538 827 1852 900 ἑρμηνεύσῃ

250 937 309 973 τι
340 920 450 974 τῶν
482 921 806 993 νοηθέντων,
842 921 956 975 ἀλλ’
980 922 1129 985 ὅπως
1174 921 1317 975 κατά
1346 920 1454 975 τῶν
1496 921 1699 987 λέξεων
1728 921 1852 975 ἐπι-

257 1012 497 1084 σύρηται
544 1014 1040 1085 κατηναγκασμένα
1087 1015 1358 1084 νοήματα,
1396 1013 1489 1067 καὶ
1531 1011 1853 1084 περισυλλέ-

256 1122 426 1173 γοντα
450 1106 550 1169 τὰς
584 1106 918 1177 εὐηχοτέρας
962 1106 1149 1175 φωνὰς
1182 1108 1247 1160 ἐκ
1291 1104 1742 1179 συγγραμμάτων
1768 1121 1853 1158 τι-

256 1196 388 1250 νῶν.
418 1197 527 1249 Καὶ
567 1195 756 1268 ὥσπερ
785 1199 835 1250 oi
864 1197 1071 1267 πτωχοὶ
1110 1196 1197 1250 διὰ
1232 1197 1465 1268 ἀπορίαν
1510 1196 1759 1266 ἐσθῆτος,
1787 1196 1854 1249 ὲκ

258 1287 608 1359 ρακωμὰτων
636 1287 799 1342 τινῶν
819 1288 944 1352 τοὺς
978 1288 1211 1360 χιτῶνας
1235 1290 1445 1352 ἑαυτοῖς
1470 1286 1853 1361 περικεντοῦν-

255 1394 351 1440 τες
397 1379 837 1450 συρράπτσυσινο
879 1379 1022 1433 οὕτω
1063 1381 1157 1433 καὶ
1184 1379 1372 1434 τοῦτον
1405 1381 1571 1450 ἀλλην
1598 1379 1853 1449 ἀλλαχόθι

257 1465 407 1533 λέξιν
472 1468 951 1539 περιϐοσκόμενον,
996 1469 1084 1523 διὰ
1123 1469 1328 1523 τούτων
1371 1469 1631 1540 ὲξυφῆναι
1674 1468 1854 1539 ἑαυτῷ

256 1557 356 1611 τοῦ
386 1558 543 1627 λόγου
588 1560 682 1612 τὸν
729 1560 1030 1631 κέντρωνα,
1075 1562 1176 1613 οὐκ
1203 1558 1602 1630 ἀταλαιπώρως
1639 1558 1856 1612 διακολ-

258 1643 438 1698 λῶντα
461 1645 559 1718 τὴν
588 1647 865 1720 συμϐολὴν
885 1648 995 1703 τῶν
1024 1650 1287 1720 ῥημάτων
1308 1650 1404 1703 καὶ
1425 1649 1851 1722 συναρμόζοντα.

261 1728 337 1789 Οὗ
373 1736 437 1791 τὺ
472 1737 728 1809 γλίσχρον
768 1741 863 1793 καὶ
897 1742 1261 1813 μειρακιῶδες
1303 1743 1403 1813 τῆς
1435 1742 1744 1813 φιλοτιμίας
1775 1743 1855 1805 είς

263 1828 499 1899 ἅμιλλαν
524 1831 680 1901 ἀνδρὶ
713 1832 850 1902 πρὸς
876 1832 1136 1904 ἀλήθειαν
1163 1833 1412 1903 βλέποντι
1438 1832 1695 1887 τοσοῦτον
1721 1833 1857 1887 ἀπό·
1891 1820 1930 1874 Β

265 1920 483 1992 ϐλητον,
516 1922 640 1976 ὅσον
673 1922 878 1994 ἀθλητῇ
923 1942 1031 1977 τινι
1060 1924 1169 1977 τῶν
1212 1925 1495 1996 καρτερῶν
1528 1942 1587 1979 τε
1634 1925 1729 1979 καὶ
1773 1924 1858 1991 ἑξ-

263 2011 425 2083 ὡρων
464 2013 526 2066 τὸ
556 2014 645 2067 διά
679 2015 997 2085 περιεργίας
1024 2016 1385 2088 κομμωικῆς
1419 2014 1852 2084 γυναικίζεσθαι.

279 2103 442 2157 Ἀλλά
473 2122 561 2174 μοι
588 2106 734 2159 δοκεῖ
760 2106 851 2160 τὸν
875 2107 1074 2161 σκοπὸν
1104 2108 1199 2161 τοῦ
1232 2108 1679 2179 παντδςιὲγχειρή
1689 2123 1857 2179 ματος

266 2195 334 2249 δι’
375 2196 572 2264 ὀλίγων
613 2198 1005 2270 ἐπιδραμόντα,
1039 2200 1139 2263 τὰς
1181 2201 1399 2281 μακρὰς
1434 2201 1712 2272 περιόδους
1743 2200 1861 2270 χαί-

270 2306 388 2360 ρειν
426 2292 605 2344 ἐᾶσαι.
651 2292 861 2345 Οὐκοῦν
907 2292 1124 2363 εἴρηται
1166 2296 1295 2367 παρ’
1324 2293 1484 2365 ἡμῶν
1508 2308 1522 2321 ⁸
1556 2293 1859 2363 οίκειοῦμαι

271 2381 381 2452 γὰρ
409 2381 501 2435 τοῦ
534 2383 854 2437 διδασκάλου
882 2383 973 2437 τὸν
1004 2384 1159 2454 λόγον
1179 2403 1193 2416 ο
1227 2387 1309 2439 ὅτι
1340 2386 1442 2455 τῆς
1467 2385 1617 2447 θείας
1647 2384 1860 2455 φύσεως

270 2474 524 2545 ἀμυδρὰν
556 2473 653 2543 μὲν
683 2476 775 2528 καὶ
821 2474 1167 2547 βραχυτάτην
1194 2476 1390 2547 ἔχομεν
1435 2475 1527 2530 διά
1564 2476 1674 2530 τῶν
1713 2476 1832 2543 λογι

273 2564 431 2635 σμῶν
464 2563 563 2635 τὴν
599 2564 911 2636 ἀντίληψιν⁸
946 2567 1275 2637 ἀποχρῶσαν
1299 2568 1344 2621 δ’
1379 2569 1528 2638 ὅμως
1557 2568 1623 2637 τῇ
1661 2566 1863 2639 βραχύ-

272 2675 397 2728 τητι
426 2658 521 2727 τῆς
549 2657 830 2728 δυνάμεως
856 2660 1013 2731 ἡμῶν
1041 2659 1130 2713 διὰ
1152 2660 1261 2713 τῶν
1290 2661 1571 2732 ὀνομάτων
1594 2664 1703 2718 τῶν
1734 2665 1861 2735 περὶ

273 2750 445 2822 αὐτὴν
474 2750 713 2814 εὐσεϐῶς
759 2750 1066 2823 λεγομένων
1096 2752 1193 2824 τὴν
1232 2753 1434 2822 γνῶσιν
1474 2755 1858 2827 ὲρανιζόμεθα.

275 2840 496 2895 Τούτων
524 2842 579 2895 δέ
610 2859 790 2913 φαμεν
819 2841 927 2894 τῶν
956 2842 1238 2913 ὀνομάτων
1263 2845 1325 2897 οὐ
1364 2847 1609 2919 μονοειδῆ
1645 2848 1861 2902 πάντων

274 2930 540 3005 εἶναιτὴν
568 2934 864 3005 σημασίαν,
892 2935 1025 2989 ἀλλὰ
1061 2935 1129 2989 τά
1162 2937 1259 3006 μὲν
1299 2937 1408 2990 τῶν
1446 2940 1757 3010 προσόντων
1782 2939 1863 3011 τῷ

274 3027 418 3098 Θεῷ,
458 3028 528 3081 τά
572 3029 630 3081 δὲ
669 3028 778 3081 τῶν
812 3029 1245 3099 ἀποπεφυκότων
1290 3029 1403 3100 ἔχει
1450 3031 1548 3103 τὴν
1591 3031 1861 3105 ἔμφασιν·

273 3115 410 3185 οἷον,
444 3121 649 3175 δίκαιον
669 3121 832 3175 αὑτὸν
860 3120 954 3176 καὶ
978 3120 1255 3193 ἄφθαρτον
1275 3122 1528 3194 λέγομεν,
1562 3124 1642 3195 τῷ
1676 3125 1775 3195 μὲν
1792 3126 1866 3179 δι-

274 3213 440 3284 καίῳ,
480 3214 542 3267 τὸ
581 3216 862 3285 προσεῖναι
898 3213 1279 3285 δικαιοσύνην*
1307 3215 1385 3287 τῷ
1420 3215 1476 3268 δὲ
1505 3216 1769 3288 ἀφθάρτῳ
1803 3218 1864 3271 τὸ

280 3307 356 3378 μὴ
387 3309 670 3378 προσεῖναι
705 3306 912 3379 φθοράν
951 3306 1368 3378 ἐνδεικνύμενοι.
1414 3308 1629 3374 Ἔξεστι
1673 3309 1731 3361 δὲ
1760 3308 1865 3363 πά-

275 3400 360 3454 λιν
390 3401 486 3453 καὶ
522 3398 906 3466 ὑπαλλάξαντα
932 3399 1032 3463 τὰς
1064 3399 1336 3470 σημασίας
1373 3400 1512 3453 κατά
1541 3400 1603 3453 τδ
1633 3400 1865 3470 ἔμπαλιν

278 3490 575 3563 προσφυῶς
604 3492 912 3562 ἐφαρμόσαι
947 3491 1025 3563 τῷ
1062 3490 1182 3563 Θεῷ
1211 3491 1281 3544 τὰ
1315 3492 1557 3561 ὀνόματα
1576 3508 1587 3520 ⁸
1625 3492 1763 3546 ὥστε
1788 3494 1866 3565 τῷ

281 3587 381 3657 μὲν
414 3584 837 3655 ἀπεμφαίνοντι,
884 3584 946 3637 τὸ
993 3586 1214 3648 οἰκεῖον,
1267 3583 1346 3654 τῷ
1375 3584 1431 3638 δὲ
1484 3586 1760 3656 προσόντι,
1807 3586 1867 3640 τὸ

277 3679 560 3749 ἀλλότριον
603 3676 1080 3750 παραστήσασθαι.
1123 3677 1201 3748 Τῇ
1248 3676 1357 3747 γὰρ
1410 3676 1725 3749 δικαιοσύνῃ
1768 3676 1867 3747 τῆς

276 3772 494 3835 ἀδικίας
542 3769 977 3840 ἀντινοουμένης,
1018 3772 1085 3840 τῇ
1128 3768 1185 3823 δὲ
1230 3770 1404 3842 φθορᾷ
1433 3771 1532 3841 τῆς
1568 3771 1869 3838 ἀῖδιότητος

279 3866 689 3936 ἀντικειμένης,
740 3864 965 3918 δυνατόν
1018 3864 1133 3917 ἐστι
1192 3863 1495 3936 χρήσασθαι
1545 3864 1869 3934 προσφόρως

279 3962 375 4013 ἐπὶ
410 3958 508 4012 τοῦ
541 3957 676 4012 Θεοῦ
722 3960 834 4022 τοῖς
870 3957 1154 4022 ἐναντίοις,
1192 3958 1286 4010 καὶ
1327 3957 1401 4029 μὴ
1426 3957 1745 4027 διαμαρτεῖν
1774 3955 1867 4010 τοῦ

283 4052 656 4122 προσήκοντος
705 4052 762 4103 ἐν
801 4048 879 4120 τῷ
920 4052 1114 4113 εἰπεῖν,
1164 4049 1250 4103 ἀεί
1288 4065 1347 4102 τε
1395 4049 1557 4102 αὑτὸν
1603 4043 1740 4100 εἶναι
1774 4048 1870 4102 καὶ

282 4143 467 4198 ἄδικον
500 4142 573 4214 μὴ
596 4139 769 4196 εἶναι’
801 4143 939 4214 ὅπερ
966 4137 1085 4196 ἶσόν
1129 4145 1243 4196 ἐστι
1291 4140 1370 4212 τῷ
1402 4140 1608 4195 δίκαιόν
1635 4158 1694 4194 τε
1731 4135 1869 4194 εἶναι

282 4236 484 4304 λέγειν,
522 4236 618 4290 καὶ
662 4235 868 4304 φθορὰν
912 4235 985 4306 μὴ
1037 4234 1446 4306 προσδέχεσθαι.
1489 4232 1644 4287 Οὕτω
1682 4232 1871 4286 καὶτὰ

283 4328 449 4382 λοιπά
475 4327 584 4382 τῶν
636 4328 916 4398 ὀνομάτων
943 4330 1009 4397 τῇ
1054 4328 1181 4397 ποιᾷ
1219 4326 1514 4397 μεταλήψει
1561 4325 1661 4395 τῆς
1692 4342 1870 4395 σημα-

286 4418 411 4483 σίας
462 4419 602 4491 πρὸς
637 4419 900 4489 ἑκατέραν
930 4418 1029 4489 τὴν
1077 4417 1313 4488 ἔμφασιν
1366 4417 1684 4488 ἐπιτηδείως
1730 4416 1871 4487 ἔχειν

1951 555 2206 622 gerendis
2223 554 2548 609 avocatione
2568 552 2857 625 indigeret.
2874 554 3347 620 Quemadmodum
3363 558 3529 613 audio

1958 642 2289 699 Eunomium
2320 659 2488 715 super
2516 643 2741 699 Iliacum
2784 645 2989 701 bellum
3025 661 3296 701 annorum
3337 648 3528 702 multi-

1954 736 2145 791 tudine
2171 737 2446 793 laboriose
2466 745 2521 792 et
2546 736 2759 801 sedulo,
2779 744 2836 792 et
2866 738 2922 792 in
2945 733 3336 809 tranqthllitate
3357 740 3530 793 multa

1953 829 2393 897 incumbentem,
2428 831 2483 886 in
2510 831 2681 887 multo
2721 845 2916 887 somno
2954 831 3059 886 hoc
3106 835 3378 887 somnium
3423 830 3530 888 sibi

1953 920 2319 985 continuisse,
2350 930 2688 991 quaerentem
2719 922 3014 993 diligenter
3040 930 3095 979 et
3124 923 3379 991 solerter,
3417 940 3532 979 non

1954 1013 2230 1082 quomodo
2254 1015 2647 1084 interpretetur
2670 1015 2804 1086 quid
2834 1030 3025 1071 eorum
3061 1032 3184 1086 quae
3216 1017 3533 1088 intelligun-

1955 1111 2066 1171 tur,
2091 1106 2187 1161 sed
2222 1106 2499 1176 quomodo
2520 1106 2589 1160 ad
2612 1106 2884 1163 dictiones
2909 1122 3071 1164 sensa
3102 1119 3292 1164 coacta
3320 1117 3533 1180 pertra-

1956 1197 2079 1261 hat,
2112 1207 2277 1269 atque
2315 1199 2664 1255 sonantiores
2698 1214 2862 1255 voces
2902 1200 3250 1272 colligentem
3296 1216 3365 1257 ex
3409 1202 3535 1273 qui-

1956 1287 2189 1343 busdam
2213 1288 2456 1358 scriptis.
2476 1286 2545 1341 Et
2566 1288 3026 1359 quemadmodum
3052 1289 3289 1346 mendici
3311 1299 3535 1362 propter

1956 1380 2245 1450 penuriam
2295 1381 2464 1436 vestis
2496 1396 2563 1436 ex
2598 1381 2797 1437 laceris
2841 1388 2896 1437 et
2938 1381 3157 1437 detritis
3203 1380 3533 1452 quibusdam

1956 1473 2270 1544 panniculis
2300 1471 2523 1528 tunicas
2553 1487 2654 1528 acu
2684 1483 2993 1545 puugentes
3017 1483 3295 1530 consuunt
3320 1493 3334 1529 :
3370 1475 3454 1531 sic
3480 1482 3536 1531 et

1957 1568 2103 1623 hunc
2136 1568 2299 1622 aliam
2336 1567 2468 1622 alibi
2502 1566 2797 1622 dictionem
2834 1568 3216 1640 decerpentem
3240 1607 3254 1632 ,
3298 1584 3397 1640 per
3435 1568 3535 1625 has

1959 1662 2065 1717 sibi
2116 1661 2281 1731 hujus
2335 1661 2602 1716 orationis
2654 1670 2942 1718 centonem
2995 1663 3377 1729 contexuisse,
3423 1677 3534 1717 non

1960 1753 2078 1809 sine
2098 1754 2322 1808 miseria
2342 1752 2634 1808 verborum
2656 1754 3079 1809 commissuram
3103 1753 3535 1824 compingentem

1959 1853 2013 1900 et
2043 1855 2465 1914 componentem
2485 1883 2500 1907 ,
2524 1842 2685 1913 cujus
2711 1844 2921 1900 lubrica
2945 1844 3275 1915 etjuvenilis
3306 1844 3538 1901 ambitio

1958 1936 2026 1991 ad
2059 1947 2339 1991 certamen
2377 1936 2496 1991 viro
2525 1935 2593 1990 ad
2622 1937 2908 1991 veritatem
2945 1938 3212 2006 spectanti
3244 1945 3355 1990 tam
3384 1952 3540 2005 repu-

1958 2028 2157 2084 dianda
2185 2040 2269 2086 est
2292 2069 2308 2095 ,
2339 2044 2502 2099 quam
2530 2030 2746 2084 athletae
2779 2029 2941 2084 alicui
2977 2029 3103 2084 forti
3132 2037 3186 2084 et
3215 2037 3344 2084 natu
3377 2045 3541 2098 gran-

1958 2124 2098 2179 diori
2119 2164 2133 2190 ,
2169 2137 2350 2194 neque
2377 2123 2660 2180 amoribus
2696 2124 2933 2195 amplius
2966 2124 3194 2189 idoneo,
3228 2123 3540 2194 superﬂuus

1958 2226 2015 2272 et
2068 2224 2324 2287 comptus
2366 2216 2654 2272 muliebris
2702 2217 2884 2273 cultus
2934 2224 2989 2271 et
3041 2226 3271 2272 ornatus
3319 2224 3402 2271 est
3452 2215 3541 2271 [ιι-

1960 2308 2211 2380 giendus.
2268 2306 2374 2363 Sed
2424 2308 2591 2364 totius
2646 2308 3144 2380 argumentationis
3195 2316 3250 2363 et
3306 2316 3540 2364 conatus

1960 2414 2128 2469 scopo
2162 2399 2401 2453 breviter
2434 2414 2702 2467 percurso
2726 2439 2741 2462 ,
2786 2399 2978 2470 longas
3016 2399 3312 2454 verborum
3353 2398 3542 2453 amba-

1959 2501 2053 2557 ges
2079 2494 2135 2541 et
2163 2485 2427 2543 circuitus
2452 2486 2651 2556 jubere
2679 2488 2860 2544 valere
2888 2503 3108 2544 censeo.
3138 2490 3309 2561 Igitur
3333 2488 3540 2543 dictum

1959 2588 2036 2633 est
2078 2593 2109 2631 a
2151 2578 2314 2634 nobis
2356 2578 2645 2648 (doctoris
2689 2580 2833 2635 enim
2874 2594 3182 2635 sermonem
3230 2580 3363 2633 mihi
3408 2595 3537 2650 pro-

1961 2670 2139 2738 prium
2167 2678 2220 2723 et
2253 2670 2611 2724 domesticum
2646 2669 2827 2737 facio)
2862 2669 2930 2725 de
2957 2668 3143 2724 divina
3194 2677 3389 2724 natura
3438 2685 3543 2725 nos

1964 2762 2313 2831 perexiguam
2346 2768 2400 2817 et
2429 2761 2719 2816 obscuram
2747 2761 2905 2817 valde
2944 2776 3042 2832 per
3087 2762 3541 2819 ratiocinationes

1961 2856 2363 2924 perceptionem
2392 2864 2446 2908 et
2471 2855 3017 2922 comprehensionem
3050 2853 3250 2909 habere
3278 2872 3292 2909 :
3327 2868 3547 2908 verum-

1962 2951 2145 2997 tamen
2178 2934 2387 2997 nostrae'
2408 2940 2689 2997 facultatis
2716 2934 3011 3013 exiguitate
3037 2950 3325 2999 contentos
3355 2960 3452 3014 per
3480 2961 3545 2998 ea

1964 3035 2185 3088 nomina
2215 3049 2337 3105 quae
2367 3034 2435 3090 de
2468 3035 2586 3105 ipsa
2625 3036 2711 3105 pie
2740 3034 3024 3102 dicuntur,
3060 3034 3417 3090 suﬁicientem
3454 3051 3548 3090 co—

1967 3128 2265 3198 gnitionem
2313 3142 2417 3182 nos
2459 3128 2757 3198 colligere:
2805 3128 3002 3183 horum
3042 3136 3219 3183 autem
3264 3129 3546 3183 nominum

1972 3222 2211 3278 dicimus
2246 3236 2357 3276 non
2390 3236 2512 3277 esse
2546 3221 2790 3276 omnium
2829 3220 3155 3276 uniformem
3192 3221 3549 3292 signiﬁcatio-

1972 3330 2135 3379 nem,
2185 3314 2282 3369 sed
2332 3313 2579 3385 quaedam
2630 3328 2820 3369 eorum
2875 3329 2996 3384 quae
3042 3315 3230 3368 insunt
3258 3314 3407 3378 Deo,
3442 3316 3550 3368 alia

1973 3421 2103 3462 vero
2128 3406 2317 3463 eurum
2346 3420 2469 3475 qua:
2495 3405 2566 3460 ab
2594 3420 2659 3460 eo
2684 3405 2923 3470 absunt,
2954 3405 3292 3461 notationem
3322 3405 3550 3469 habere,

1974 3507 2034 3553 ιιι
2066 3514 2189 3553 cum
2220 3498 2430 3569 justum
2465 3496 2644 3569 ipsum
2679 3506 2734 3552 et
2770 3497 3239 3567 incorruptibilem
3280 3497 3549 3561 dicimus,

1969 3591 2121 3662 justo
2148 3592 2366 3663 quidem
2407 3591 2592 3647 inesse
2629 3591 2897 3661 justitiam
2920 3633 2934 3655 ,
2971 3592 3382 3662 iucorruptibili
3424 3608 3554 3647 vero

1974 3696 2085 3740 non
2116 3685 2297 3739 inesse
2342 3683 2625 3737 interitum
2672 3683 3134 3738 demonstramus.
3177 3682 3326 3738 Licet
3360 3698 3551 3737 rursus

1976 3773 2140 3829 etiam
2172 3774 2395 3828 mutatis
2428 3772 2926 3842 signiﬁcationibus
2957 3773 3075 3827 vice
3107 3787 3266 3826 versa
3307 3772 3416 3827 Deo
3455 3789 3556 3825 nu-

1978 3865 2125 3919 mina
2160 3865 2502 3919 cohaerenter
2531 3864 2949 3920 accommodare
2969 3905 2983 3930 ,
3010 3864 3081 3918 ita
3115 3873 3175 3917 ut
3202 3863 3306 3917 hoc
3331 3865 3551 3932 quEdem

1981 3956 2130 4027 quod
2165 3956 2319 4010 nullo
2362 3955 2526 4011 modo
2570 3958 2859 4022 convenit,
2914 3954 3061 4025 quod
3113 3955 3217 4024 ipsi
3271 3956 3551 4025 prepriuut

1978 4056 2063 4105 est
2084 4089 2098 4113 ,
2131 4064 2196 4104 eo
2228 4064 2361 4103 vero
2390 4047 2535 4119 quod
2567 4047 2756 4112 adest,
2791 4047 2936 4117 quod
2967 4048 3035 4100 ab
3074 4062 3139 4101 eo
3183 4054 3268 4101 est
3315 4047 3552 4102 alienum

1977 4147 2419 4209 reprazsenletur.
2453 4138 2588 4191 Nam
2621 4152 2744 4191 cum
2780 4135 3047 4206 iniustitia
3076 4135 3306 4206 justitize
3338 4148 3554 4190 contra-

1977 4234 2059 4288 ria
2110 4233 2466 4303 intelligatur,
2506 4239 2559 4287 et
2604 4229 2847 4285 interitui
2887 4230 3166 4285 mternitas
3209 4231 3554 4295 adversetur,

1979 4327 2062 4383 fas
2087 4340 2172 4383 εει
2203 4326 2596 4381 convenienter
2628 4324 2706 4378 uti
2755 4324 2807 4377 in
2845 4321 2951 4378 Deo
2996 4323 3293 4379 contrariis
3314 4365 3329 4387 ,
3377 4340 3556 4393 neque

1980 4422 2239 4477 aberrare
2272 4419 2340 4473 ab
2372 4434 2438 4474 eo
2464 4417 2608 4489 quod
2638 4418 2934 4482 convenit,
2968 4417 3200 4473 dicendo
3229 4432 3563 4498 semperque

288 4516 493 4586 φαμὲν,
529 4508 639 4567 οἷον
682 4513 741 4566 τὸ
776 4512 975 4582 ἀγαθὸν
1004 4513 1097 4566 καὶ
1130 4512 1414 4578 ἀθάνατον,
1447 4514 1541 4567 καὶ
1593 4514 1775 4569 πάντα
1802 4517 1864 4570 τὰ

1982 4512 2159 4581 ipsum
2189 4524 2313 4565 esse
2334 4516 2386 4564 et
2413 4508 2676 4578 injustum
2702 4523 2810 4562 non
2838 4522 2960 4563 esse
2984 4527 2997 4562 :
3024 4506 3170 4577 quod
3198 4507 3326 4563 huic
3350 4509 3561 4577 aequale

288 4609 433 4663 κατὰ
481 4608 573 4661 τὸν
620 4608 805 4677 ὅμοιον
857 4606 1199 4677 ἐκφερόμενα
1246 4606 1434 4662 τύπον.
1485 4606 1717 4662 Δύναται
1763 4607 1873 4681 γὰρ

290 4701 522 4759 ἕκαστον
571 4698 752 4752 αὐτῶν
789 4697 965 4761 ἄλλως
1020 4699 1112 4751 καὶ
1155 4696 1330 4761 ἄλλως
1380 4698 1743 4769 μεταληφθὲν,
1783 4701 1877 4753 καὶ

289 4792 354 4845 τὸ
376 4791 580 4863 προσὸν
610 4790 704 4843 καὶ
730 4790 791 4842 τὸ
817 4788 892 4861 μὴ
914 4789 1113 4861 προσὸν
1138 4788 1230 4841 ἐπὶ
1252 4789 1351 4859 τῆς
1374 4788 1522 4853 θείας
1542 4791 1877 4857 ἐνδείξασθαι

294 4885 540 4955 φύσεως·
573 4883 714 4937 ὥστε
768 4882 864 4935 τοῦ
910 4883 1187 4953 σχήματος
1234 4881 1342 4936 τῶν
1388 4883 1665 4952 ὀνομάτων
1706 4886 1878 4940 ὑπαλ-

292 4979 651 5049 λασσομένου,
681 4976 780 5049 τὴν
798 4974 999 5045 εὐσεϐῆ
1023 4976 1149 5046 περὶ
1174 4975 1234 5028 τὸ
1261 4974 1617 5046 ὑποκείμενον
1644 4977 1883 5032 διάνοιαν

300 5069 481 5141 μένειν
532 5067 809 5138 ἀκίνητον.
862 5064 1038 5118 Ταύτὺ
1076 5062 1185 5135 γάρ
1230 5066 1395 5127 ἐστιν,
1444 5065 1791 5121 ἀνεπίδεκτόν
1824 5086 1882 5122 τε

298 5161 567 5233 πονηρίας
595 5161 687 5213 τὸν
717 5159 849 5213 Θεὸν
879 5160 1068 5220 είπεῖν,
1102 5156 1196 5211 καὶ
1228 5157 1430 5226 ἀγαθὸν
1458 5160 1723 5229 ὀνομάσαι
1743 5178 1756 5191 ⁸
1790 5163 1883 5215 καὶ

298 5255 564 5311 ἀθάνατον
611 5251 963 5322 ὁμολογῆσαι,
1015 5249 1109 5302 καὶ
1152 5249 1237 5302 ἀεὶ
1274 5247 1450 5313 ζῶντα
1480 5252 1671 5305 εἰπεῖν.
1723 5253 1885 5306 Οὐδε-

305 5350 435 5421 μίαν
460 5347 569 5417 γὰρ
613 5348 669 5399 ὲν
698 5344 908 5406 τούτοις
943 5341 1085 5395 κατὰ
1113 5340 1170 5426 τὸ
1199 5343 1593 5413 σημαινόμενον
1621 5344 1882 5415 διαφορὰν

303 5436 612 5508 ἐννοοῦμεν,
646 5434 763 5489 ἀλλ’
809 5432 866 5486 ἒν
914 5432 982 5486 δι’
1010 5432 1284 5503 ἑκατέρων
1313 5432 1421 5486 τῶν
1468 5433 1640 5501 λόγων
1677 5436 1881 5506 ἀποση-

308 5528 603 5599 μαίνομεν·
639 5527 746 5582 κᾶν
779 5526 841 5579 τὸ
877 5525 978 5595 μὲν
1028 5523 1197 5588 θέσιν,
1225 5524 1285 5576 τὸ
1328 5524 1383 5576 δὲ
1415 5524 1691 5596 ἀναίρεσίν
1741 5546 1882 5591 τινος

304 5620 450 5691 ἔχειν
474 5620 625 5693 δοκῇ.
1728 5602 1729 5605 Ἴ

1982 4612 2087 4668 est,
2112 4617 2303 4673 nempe
2326 4602 2510 4656 dicere
2531 4599 2739 4669 justum
2763 4614 2885 4655 esse
2901 4607 2955 4654 et
2975 4614 3083 4654 non
3109 4600 3385 4655 interitum
3415 4601 3561 4654 acci-

1984 4712 2146 4769 pere:
2177 4695 2257 4750 sic
2287 4695 2451 4749 etiam
2482 4693 2693 4763 reliqua
2722 4693 2947 4747 nomina
2975 4692 3211 4763 quadam
3245 4701 3556 4747 transsum-

1986 4790 2168 4859 ptione
2218 4785 2635 4856 signiﬁcationis
2676 4783 2744 4838 ad
2791 4792 3081 4855 utramque
3130 4783 3562 4840 declarationem

1984 4892 2109 4954 apte
2134 4890 2188 4937 et
2218 4886 2583 4951 congruenter
2629 4893 2688 4933 se
2724 4876 2927 4932 habere
2970 4877 3308 4939 asserimus,
3353 4882 3413 4930 ut
3460 4877 3558 4929 bo-

1986 4989 2114 5029 num
2145 4979 2199 5027 et
2229 4970 2567 5033 immortale,
2597 4977 2650 5024 et
2676 4970 2859 5023 omnia
2893 4982 3014 5039 quae
3040 4967 3203 5023 simili
3236 4966 3406 5021 forma
3440 4966 3563 5022 cll‘e-

1986 5074 2223 5132 runtur;
2260 5070 2441 5135 potest
2470 5063 2615 5117 enim
2645 5060 3077 5129 unumquodque
3128 5058 3322 5112 horum
3351 5099 3365 5123 ,
3400 5058 3567 5113 aliter

1987 5167 2151 5229 atque
2179 5158 2337 5211 aliter
2374 5160 2811 5223 transsumptum
2836 5192 2849 5215 ,
2884 5160 2937 5206 et
2977 5150 3121 5221 quod
3156 5152 3296 5205 inest
3328 5157 3380 5204 et
3416 5149 3567 5218 quod

1988 5268 2097 5307 non
2135 5251 2277 5307 inest
2309 5249 2363 5305 in
2398 5249 2584 5304 divina
2619 5256 2813 5301 natura
2854 5244 3118 5299 indicare.
3167 5243 3241 5298 Ita
3283 5252 3340 5297 ut
3391 5242 3566 5313 ﬁgura

1988 5346 2270 5401 nominum
2300 5351 2541 5405 mutata,
2571 5340 2657 5411 pia
2687 5340 2740 5393 in
2771 5337 3020 5405 subjecto
3046 5336 3403 5406 intelligentia
3442 5352 3561 5388 Ina-

1990 5446 2114 5491 neat
2147 5434 2484 5491 immobilis:
2520 5432 2660 5486 idem
2692 5430 2835 5485 enim
2871 5436 2955 5483 est
2994 5427 3160 5482 Deum
3195 5427 3569 5498 improbitatis

1992 5544 2099 5583 non
2133 5540 2386 5597 capacem
2426 5506 2641 5586 dicere,
2676 5530 2728 5576 et
2763 5521 2973 5574 bonum
3002 5520 3323 5587 nominare;
3366 5528 3420 5573 et
3465 5520 3567 5571 im-

1992 5621 2278 5677 mortalem
2330 5614 2619 5680 conﬁteri,
2671 5623 2724 5671 et
2773 5628 2989 5684 semper
3037 5612 3306 5665 viventem
3360 5610 3564 5665 dicere.

207 5701 218 5710 ’
306 5711 522 5773 Eullam
567 5714 712 5771 cnim
794 5712 852 5769 in
894 5714 960 5769 iis
1000 5713 1301 5769 secundum
1347 5711 1711 5784 signiﬁcatum
1759 5715 2116 5777 dillerentiam
2186 5711 2571 5784 intelligimus,
2618 5708 2708 5765 sci
2759 5724 2927 5763 unum
3006 5714 3235 5776 utraque
3314 5703 3572 5760 oratione
