4034 6470
546 322 653 378 953

1797 317 1862 373 S.
1905 314 2233 372 GREGORII
2270 314 2565 373 NYSSENI

3696 324 3798 379 956

542 444 944 516 signiﬁcamus,
997 439 1253 510 quamvis
1310 438 1415 493 hoc
1467 438 1688 507 quidem
1742 438 2110 509 positionem,
2151 436 2268 491 sive
2298 437 2750 500 allirmationem.
2788 438 2922 493 illud
2990 454 3118 494 vero
3185 440 3519 497 ablationem
3567 458 3663 500 seu
3702 462 3799 501 ne-

544 536 816 605 gationem
846 531 1084 601 alicujus
1121 530 1321 584 habere
1346 528 1623 584 videatur.

614 628 811 683 Eodem
845 635 1002 696 pacto
1042 626 1288 679 omnium
1334 625 1667 695 principium
1714 623 1884 679 Deum
1925 624 2112 678 dicen-
2147 627 2194 681 Λ

540 730 652 782 tes,
683 729 737 774 et
767 734 961 773 rursus
992 718 1248 787 ἄναρχον,
1281 716 1334 770 id
1364 724 1486 781 est,
1517 729 1792 771 carentem
1820 716 2111 786 principio,

545 812 921 875 nominantes,
959 809 1095 862 nihil
1123 808 1305 877 quoad
1336 824 1557 862 sensum
1596 823 1930 879 pugnamus,
1963 817 2114 861 utro—

537 917 645 971 que
674 900 893 953 nomine
926 898 1226 967 principem
1257 904 1311 951 et
1340 905 1621 951 auctorem
1655 897 1891 951 universi
1932 897 2115 951 decla-

539 1000 747 1047 rantes.
782 994 965 1055 Quare
992 990 1109 1043 sive
1150 988 1421 1058 principio
1463 996 1737 1043 carentem
1780 987 2109 1054 dixerimus,

539 1085 656 1140 sive
704 1082 941 1137 universi
996 1089 1308 1143 auctorem,
1357 1080 1459 1133 hoc
1510 1079 1727 1148 quidem
1760 1080 1904 1148 quod
1934 1080 2109 1146 inest,

539 1175 712 1228 altero
763 1186 925 1236 vero,
975 1169 1119 1239 quod
1174 1185 1281 1222 non
1334 1171 1480 1223 inest
1525 1169 1926 1238 expressimus.
1972 1169 2107 1222 Cum

538 1265 622 1317 fas
648 1263 746 1325 sit,
780 1261 921 1316 sicut
946 1260 1153 1314 dictum
1179 1266 1265 1313 est
1284 1297 1299 1319 .
1331 1275 1426 1327 per
1450 1260 1878 1328 signiticatorum
1912 1260 2108 1313 immu-

539 1356 800 1408 tationem
824 1392 837 1413 .
874 1352 1160 1405 nominum
1194 1351 1623 1421 signiﬁcationes
1673 1351 1726 1405 in
1768 1351 2107 1406 contrarium

534 1451 940 1507 transmutare,
1002 1452 1056 1498 et
1111 1458 1259 1497 nunc
1316 1442 1539 1511 quidem
1596 1442 1951 1498 dissentanea
2007 1458 2109 1498 no-

536 1534 681 1588 mine
725 1549 820 1603 per
861 1534 1151 1603 quamdam
1197 1532 1731 1602 transﬁgurationem
1773 1534 1920 1604 quod
1966 1533 2107 1590 inest

535 1633 723 1678 notum
774 1625 927 1687 ﬁeri,
971 1632 1026 1679 et
1074 1626 1246 1681 altero
1299 1626 1579 1701 alterum:
1626 1625 1754 1681 licet
1805 1628 1951 1681 enim
2007 1642 2105 1696 pro

532 1730 598 1769 eo
650 1714 795 1784 quod
840 1714 1138 1778 diceretur,
1188 1713 1519 1783 Principium
1566 1714 1685 1782 ipse
1734 1729 1845 1769 non
1897 1715 2099 1785 habet,

531 1804 760 1859 delinire
790 1805 969 1875 ipsum
1001 1819 1122 1859 esse
1153 1804 1394 1859 universi
1425 1804 1754 1875 principium
1780 1844 1797 1870 ,
1829 1814 1884 1861 et
1913 1818 2102 1862 contra

534 1912 633 1967 pro
687 1897 824 1963 hoc,
882 1898 1062 1966 ipsum
1115 1896 1290 1951 solum
1343 1896 1587 1953 conﬁteri
1649 1898 1811 1953 modo
1862 1900 2103 1970 ingenito

529 1988 645 2044 sive
681 1987 1126 2059 ingenerabiliter
1157 1986 1474 2043 subsistere.
1492 1989 1570 2042 Ita
1600 1998 1657 2042 ut
1693 1990 1855 2044 verba
1883 1992 2101 2060 quidem
2138 1984 2179 2037 Β

533 2080 817 2135 videantur
870 2081 1055 2149 ligura:
1113 2078 1491 2132 immutatione
1536 2078 1848 2134 dilferenter
1894 2097 1953 2136 se
2009 2082 2104 2135 ha-

529 2170 677 2228 bere.
720 2169 1055 2223 intellectum
1092 2184 1222 2224 vero
1251 2170 1321 2238 ,in
1364 2170 1449 2225 his
1472 2184 1592 2239 quae
1623 2170 1899 2235 dicuntur,
1937 2188 2100 2225 unum

526 2260 892 2332 euvndemque
924 2275 1277 2329 permanere;
1328 2261 1431 2317 hoc
1478 2262 1623 2316 enim
1671 2271 1754 2318 est
1792 2262 1939 2333 quod
1986 2272 2103 2319 stu-

525 2354 680 2408 diose
726 2353 1061 2422 perquiritur
1105 2354 1160 2407 in
1212 2353 1297 2408 his
1330 2369 1451 2423 quae
1482 2354 1548 2408 de
1588 2354 1699 2409 Deo
1744 2355 2104 2410 instituuntur

525 2444 892 2508 sermonibus,
928 2452 987 2496 ut
1025 2458 1135 2497 non
1186 2445 1475 2499 verborum
1526 2461 1745 2501 suavem
1788 2455 1843 2502 et
1888 2448 2099 2502 dulcem

523 2554 740 2603 sonum,
771 2537 1025 2608 quodque
1053 2538 1384 2592 concinnum
1422 2547 1477 2593 et
1527 2540 1885 2606 modulatnm,
1927 2551 2102 2597 atten-

520 2628 755 2692 damus,.
770 2628 864 2683 sed
898 2638 955 2681 ut
980 2629 1123 2697 piam
1150 2628 1557 2698 intelligentiam
1581 2631 1971 2699 excogitemus.
2005 2647 2101 2700 per

518 2734 682 2787 quam
718 2719 978 2772 decorum
1017 2718 1084 2774 de
1126 2717 1234 2773 Deo
1277 2718 1671 2773 existimationi
1717 2730 2095 2775 conservetur.

521 2810 786 2875 Quoniam
821 2810 986 2880 igitur
1030 2810 1179 2880 pium
1216 2819 1300 2865 est
1345 2809 1610 2865 rationem
1642 2811 1926 2882 complecti
1978 2813 2101 2867 uni-

520 2902 661 2955 versi
693 2909 994 2965 auctorem,
1032 2902 1210 2971 ipsum
1250 2916 1472 2956 causam
1515 2918 1625 2958 non
1660 2902 1860 2959 habere
1912 2917 2100 2974 super-

519 2995 754 3061 positam
796 3012 809 3047 :
858 2992 960 3046 hac
998 2992 1267 3049 sententia
1301 2993 1461 3049 nobis
1491 2993 1701 3047 ﬁrmata
1736 3002 1790 3049 et
1823 3004 2096 3061 manente,

514 3099 764 3154 quamam
790 3085 1024 3154 amplius
1052 3092 1234 3140 mente
1270 3085 1514 3155 prazditis
1541 3095 1594 3141 et
1628 3094 1774 3141 recte
1796 3086 2098 3156 judicanti-

516 3177 619 3230 bus
655 3176 941 3230 verborum
982 3177 1363 3231 controversia
1418 3184 1473 3231 et
1513 3193 1695 3247 pugna
1740 3177 2099 3247 relinquitur?

514 3267 649 3320 Cum
684 3284 781 3322 vox
811 3268 990 3321 omnis
1022 3284 1129 3337 qua
1175 3267 1282 3323 tale
1307 3267 1475 3322 animi
1510 3283 1731 3323 sensqu
1780 3270 2100 3323 enuntiatur

2305 619 2579 682 Ὡσαύτως
2616 618 2712 671 καὶ
2759 619 2975 674 πάντων
3012 621 3188 693 ἀρχὴν
3229 623 3476 689 λέγοντες
3506 627 3601 682 τὸν
3643 629 3795 694 Θεὸν,

2220 712 2314 765 καὶ
2346 710 2508 765 πάλιν
2556 710 2791 781 ἄναρχον
2820 711 3195 780 ὀνομάζοντες,
3222 714 3373 767 οὐδὲν
3401 718 3542 771 κατά
3585 719 3688 783 τὰς
3715 722 3798 771 ἐν-

2219 804 2366 867 νοίας
2402 802 2704 873 μαχόμεθα,
2731 801 2852 855 καθ’
2878 803 3137 876 ἑκάτερον
3164 805 3276 859 τῶν
3294 806 3601 879 λεγομένων
3621 814 3797 883 ἀρχη-

2218 896 2313 963 γὸν
2334 895 2426 948 καὶ
2458 894 2631 948 αἴτιον
2669 889 2809 947 εἶναι
2838 895 2932 947 τοῦ
2964 896 3161 960 παντὸς
3189 899 3601 968 ἀποφαίνοντες.
3634 904 3794 958 Ὥστε

2218 986 2319 1040 κᾶν
2347 986 2582 1057 ἄναρχον
2606 985 2868 1056 εἴπωμεν,
2897 986 3000 1040 κᾶν
3024 987 3117 1041 τοῦ
3140 989 3334 1054 παντὸς
3363 992 3695 1064 ἀρχηγέτην,
3716 996 3796 1065 τῷ

2218 1080 2316 1150 μὲν
2343 1080 2403 1133 τὸ
2454 1078 2678 1149 προσὸν,
2710 1079 2791 1149 τῷ
2834 1080 3067 1151 δευτέρῳ
3098 1081 3156 1134 δὲ
3199 1083 3261 1136 τὸ
3296 1084 3369 1155 μὴ
3407 1086 3608 1156 προσὸν
3654 1105 3794 1157 παρ-

2215 1172 2541 1241 εστήσαμεν.
2591 1170 2825 1224 Δυνατοῦ
2862 1171 3033 1235 ὖντος,
3078 1172 3261 1236 καθὼς
3291 1176 3523 1246 εἴρηται,
3557 1176 3649 1229 διὰ
3692 1180 3793 1249 τῆς

2213 1263 2321 1317 τῶν
2364 1264 2777 1334 σημαινομένων
2807 1265 3142 1335 ὑπαλλαγῆς,
3194 1266 3521 1337 μεταλλάξαι
3561 1272 3701 1341 πρὸς
3728 1273 3793 1326 τδ

2212 1354 2452 1408 ἐναντίον
2497 1354 2597 1418 τὰς
2648 1355 2755 1407 τῶν
2802 1354 3080 1424 ὀνομάτων
3112 1358 3397 1426 ἐμφάσεις,
3448 1362 3538 1413 καὶ
3584 1363 3662 1433 τῷ
3693 1365 3791 1416 νῦν

2212 1445 2606 1515 ἀπεμφαίνοντι
2638 1447 2773 1510 τέως
2802 1447 3023 1516 ὀνόματι
3064 1448 3151 1502 διά
3198 1467 3343 1514 τινος
3380 1470 3791 1525 μετασχηματι-

2214 1535 2351 1606 σμοῦ
2380 1537 2440 1589 τὸ
2467 1536 2668 1606 προσὸν
2698 1538 3063 1608 γνωρισθῆναι
3083 1556 3096 1569 ·
3135 1540 3229 1594 καὶ
3257 1542 3333 1612 τῷ
3362 1545 3534 1616 ἑτέρῳ
3579 1549 3641 1601 τὸ
3671 1550 3791 1601 ἐτε-

2215 1644 2323 1698 ρον.
2365 1628 2578 1695 Ἔξεστι
2611 1628 2720 1700 γὰρ
2756 1629 2879 1682 ἀντὶ
2935 1629 3030 1683 τοῦ
3085 1632 3259 1703 ἀρχὴν
3303 1635 3464 1688 αὐτὸν
3513 1639 3587 1709 μὴ
3636 1639 3785 1709 ἔχειν

2209 1721 2401 1783 εἰπεῖν,
2432 1720 2495 1772 τὸ
2524 1720 2700 1792 ἀρχὴν
2743 1722 2902 1774 αὑτὸν
2932 1720 3028 1776 τοῦ
3077 1726 3275 1789 παντὸς
3303 1723 3440 1781 εἶναι
3476 1730 3783 1800 ὁρίσασθαι,

2209 1813 2303 1864 καὶ
2337 1812 2457 1865 ἀντὶ
2502 1812 2693 1866 τούτου
2738 1813 2919 1876 πάλιν,
2955 1813 3017 1867 τὸ
3069 1815 3228 1885 μόνον
3265 1818 3426 1872 αὑτὸν
3472 1822 3785 1892 ἀγεννήτως

2207 1904 2487 1973 ὁμολογεῖν
2535 1904 2846 1971 ὑφεστάναι.
2886 1907 3045 1959 Ὥστε
3080 1906 3147 1960 τὰ
3192 1909 3292 1979 μὲν
3342 1910 3559 1981 ῥήματα
3604 1914 3785 1969 δοκεῖν

2210 1998 2276 2066 τῇ
2311 1994 2403 2048 τοῦ
2436 1998 2712 2067 σχήματος
2736 1997 3002 2068 ἐξαλλαγῇ
3040 2000 3313 2073 διαφόρως
3348 2006 3491 2075 ἔχειν
3516 2008 3652 2078 πρὸς
3688 2009 3788 2061 άλ-

2210 2085 2365 2155 ληλα,
2399 2085 2489 2139 τὸν
2517 2086 2574 2139 δὲ
2595 2086 2719 2140 νοῦν
2743 2089 2801 2141 ἐν
2827 2093 2937 2153 τοῖς
2969 2090 3278 2159 λεγομένοις
3317 2095 3411 2148 ἕνα
3447 2098 3540 2150 καὶ
3569 2100 3664 2153 τὸν
3692 2103 3788 2155 αὐ·

2208 2175 2299 2228 τὸν
2339 2175 2634 2245 διαμένειν.
2671 2178 2743 2229 Τὸ
2781 2176 2888 2250 γάρ
2939 2181 3365 2253 σπουδαζόμενον
3411 2187 3469 2239 ἐν
3505 2191 3618 2251 τοῖς
3654 2192 3786 2261 περὶ

2209 2265 2344 2318 Θεοῦ
2367 2265 2545 2334 λόγοις
2568 2266 2737 2332 ἐστὶν,
2765 2269 2884 2339 οὐχὶ
2912 2272 3173 2341 ῥημάτων
3194 2272 3463 2342 εὐφωνίαν
3486 2277 3786 2348 εῦκρουτόν

2209 2372 2265 2407 τε
2293 2355 2387 2408 καὶ
2428 2355 2744 2427 ἐναρμόνιον
2774 2358 3058 2427 ἐπινοῆσαι
3082 2376 3097 2390 ·
3150 2361 3266 2415 ἀλλ’
3299 2364 3495 2436 εὐσεϐῆ
3542 2367 3785 2423 διάνοιαν

2209 2444 2445 2513 ἐξευρεῖν
2480 2446 2547 2498 δι’
2570 2441 2637 2518 ἧς
2666 2447 2727 2499 τὸ
2758 2448 2966 2518 πρέπον
3002 2454 3066 2522 τῇ
3102 2453 3364 2525 ὑπολήψει
3394 2460 3458 2528 τῇ
3487 2460 3615 2529 περὶ
3639 2461 3779 2513 Θεοῦ

2210 2534 2627 2606 φυλαχθήσεται.
2669 2537 2886 2609 Ἐπειδὴ
2918 2541 3091 2596 τοίνυν
3111 2544 3330 2611 εὐσεϐὲς
3351 2547 3653 2617 λογίζεσθαι
3683 2555 3779 2607 τὸν

2207 2625 2300 2678 τοῦ
2334 2626 2529 2691 παντὸς
2585 2627 2776 2691 αἴτιον,
2817 2631 2978 2685 αὑτὸν
3026 2634 3204 2688 αἰτίαν
3239 2639 3311 2707 μὴ
3349 2639 3492 2710 ἔχειν
3529 2642 3780 2714 ὑπερκει-

2211 2717 2400 2789 μένην·
2449 2718 2652 2790 ταύτης
2689 2722 2818 2791 ἡμῖν
2856 2724 2953 2792 τῆς
2984 2724 3217 2789 διανοίας
3246 2731 3657 2803 ἐρηρεισμένης,
3689 2737 3779 2799 τίς

2207 2809 2287 2860 ἐτι
2325 2808 2454 2881 περὶ
2499 2810 2565 2863 τά
2595 2813 2817 2882 ῥήματα
2857 2818 2969 2879 τοῖς
3003 2817 3123 2872 νοῦν
3174 2820 3388 2890 ἔχουσιν
3429 2824 3780 2881 ὑπολείπεται

2208 2899 2392 2970 μάχης
2424 2902 2609 2974 Πάσης
2653 2905 2859 2975 φωνῆς,
2906 2908 3026 2961 καθ’
3056 2910 3121 2981 ἢν
3149 2912 3208 2965 τὸ
3240 2912 3481 2970 τοιοῦτον
3519 2918 3781 2987 ἐξαγγὲλο

2206 2992 2353 3045 λεται
2381 2993 2579 3064 νόημα,
2612 2995 2673 3048 τὸ
2716 2997 2851 3052 αὐτὸ
2888 3002 3257 3075 παριστώσης.
3289 3007 3415 3061 Είτε
3467 3010 3573 3082 γάρ
3599 3012 3778 3084 ἀρχὴν

2206 3085 2364 3138 αὐτὸν
2384 3087 2477 3140 καὶ
2506 3087 2676 3142 αἴτιον
2710 3089 2804 3143 τοῦ
2837 3093 3036 3157 παντὸς
3068 3089 3206 3149 εἶναι
3239 3098 3439 3166 λέγοις,
3468 3102 3574 3171 εἴτε
3603 3104 3777 3175 ἄναρ-

2205 3195 2298 3247 χον
2330 3179 2490 3232 αὐτὸν
2529 3180 2832 3250 ὀνομάζοις,
2867 3184 2978 3238 εἴτε
3025 3188 3334 3260 ἀγεννήτως
3382 3188 3541 3258 εἶναι,
3570 3195 3679 3248 εἴτε
3710 3197 3776 3262 ἐξ

2205 3271 2374 3323 ἀϊδίου
2410 3271 2727 3341 ὑφεστάναι,
2758 3276 2867 3329 εἴτε
2902 3277 2997 3331 τοῦ
3030 3282 3230 3346 παντὸς
3257 3286 3448 3348 αίτιον,
3479 3288 3585 3340 εἴτε
3609 3290 3666 3354 ἐξ
3686 3292 3777 3342 οὐ-

515 3358 657 3411 idem
706 3358 992 3427 exprimat.
1055 3359 1182 3413 Sive
1232 3359 1378 3413 enim
1419 3359 1745 3428 principium
1806 3360 1983 3429 ipsum
2045 3370 2096 3414 et

2199 3362 2346 3427 δενὸς
2373 3365 2546 3418 αίτίου
2578 3367 2761 3436 μόνον,
2800 3369 2978 3425 πάντα
3011 3372 3078 3426 τὰ
3101 3373 3322 3429 τοιαῦτα
3357 3334 3781 3445 ἱσοστάσιάῖπως
3864 3438 3867 3439 ,

514 3463 737 3503 causam
764 3448 1004 3503 universi
1039 3465 1160 3504 esse
1190 3448 1366 3513 dicas,
1403 3449 1518 3504 sive
1570 3449 1839 3519 principio
1894 3465 2090 3505 caren-

516 3549 625 3592 tem
664 3554 785 3593 esse
826 3555 948 3592 eum
1000 3539 1272 3606 nomines,
1314 3541 1428 3594 sive
1459 3539 1700 3611 ingenito
1756 3541 1915 3595 modo
1952 3556 2092 3604 esse,

513 3630 629 3685 sive
658 3646 722 3685 ex
748 3632 1051 3686 aeternitate
1089 3632 1413 3697 subsistere,
1450 3632 1564 3689 sive
1604 3634 1843 3687 universi
1893 3642 2087 3688 aucto-

514 3735 651 3782 rem,
714 3721 829 3774 sive
852 3735 917 3774 ex
950 3721 1096 3774 nulla
1136 3736 1300 3777 causa
1331 3722 1529 3785 solum,
1560 3722 1672 3776 haec
1701 3724 1881 3776 omnia
1905 3722 2094 3793 hujus-

512 3811 657 3864 modi
720 3812 954 3879 arqualia
998 3820 1126 3867 sunt
1175 3813 1409 3882 quodam
1445 3816 1607 3868 modo
1642 3816 1782 3869 inter
1804 3832 1883 3880 se,
1920 3833 2092 3887 quau-

510 3912 624 3955 tum
674 3902 742 3955 ad
795 3902 1225 3972 significaturum
1274 3905 1383 3958 vim
1429 3905 1638 3961 attinet.
1686 3908 1751 3960 Et
1800 3924 1976 3965 vanus
2009 3919 2091 3963 est

508 3993 601 4061 qui
639 3994 943 4048 reluctatur
975 4003 1027 4049 et
1060 3996 1342 4050 contendit
1381 3999 1529 4051 circa
1591 4000 1754 4053 talem
1812 4002 1963 4056 vocis
2003 4017 2090 4056 so-

508 4102 661 4148 num,
698 4095 956 4156 tanquam
992 4102 1100 4141 non
1136 4089 1189 4140 in
1244 4097 1423 4142 mente
1472 4097 1527 4142 et
1564 4090 1853 4153 sententia.
1881 4092 1975 4146 sed
2035 4094 2087 4146 in

508 4178 730 4247 syllabis
759 4186 813 4232 et
830 4178 980 4233 sonis
1009 4180 1276 4233 consistat
1297 4180 1492 4249 pietas.
1521 4179 1634 4236 Hac
1674 4181 1844 4251 igitur
1876 4184 2048 4238 intelli
2074 4217 2082 4223 -

507 4269 688 4336 gentia
720 4283 749 4320 a
784 4268 1010 4323 doctore
1042 4270 1332 4324 articulate
1373 4270 1653 4335 distincta,
1684 4287 1781 4341 per
1813 4289 1973 4343 quam
2003 4275 2086 4328 his

505 4359 599 4427 qui
635 4374 740 4412 non
792 4359 1048 4415 lia:retieo
1083 4362 1353 4415 velamine
1394 4362 1618 4416 obducti
1651 4371 1778 4417 sunt
1829 4372 1883 4418 et
1912 4366 2085 4434 operti

505 4451 632 4503 licet
680 4453 1007 4519 perspicere,
1062 4452 1205 4521 quod
1248 4468 1450 4509 numen
1503 4455 1994 4528 quomodocunque
2026 4474 2086 4513 se

505 4541 725 4604 habeat,
763 4544 1062 4597 secundum
1100 4553 1355 4599 naturam
1417 4561 1635 4601 omnem
1688 4546 1826 4618 fugit
1881 4558 2084 4606 tactum

2196 3452 2445 3523 ἀλλήλοις
2479 3454 2595 3507 ἐστὶ
2641 3457 2780 3511 κατὰ
2811 3458 2909 3530 τὴν
2936 3460 3164 3531 δύναμιν
3195 3465 3305 3517 τῶν
3336 3471 3779 3539 σημαινομένων,

2195 3547 2288 3598 καὶ
2320 3546 2595 3618 ὁμοτίμως
2626 3549 2737 3619 ἔχει
2782 3551 2847 3604 τὰ
2883 3552 3123 3623 ῥήματα.
3153 3557 3261 3609 Καὶ
3300 3560 3525 3629 μάταιος
3555 3565 3582 3615 ό
3610 3563 3783 3631 ζυγο-

2197 3637 2385 3728 μαχῶν
2410 3640 2537 3709 περὶ
2566 3641 2657 3694 τὸν
2694 3642 2893 3697 τοιόνδε
2926 3645 3026 3716 τῆς
3054 3648 3235 3718 φωνῆς
3269 3645 3421 3722 ἦχον,
3452 3652 3527 3716 ὡς
3551 3656 3672 3724 οὐχὶ
3700 3660 3777 3728 τῇ

2194 3727 2420 3799 διανοίᾳ,
2452 3733 2573 3793 ταῖς
2602 3730 2660 3783 δὲ
2711 3733 3004 3797 συλλαϐαῖς
3040 3737 3129 3789 καὶ
3158 3742 3269 3803 τοῖς
3312 3739 3565 3809 φθόγγοις
3594 3727 3783 3812 ἐγκειὲ

2198 3820 2364 3890 μένης
2393 3821 2492 3891 τῆς
2514 3822 2817 3888 εὐσεϐείας·
2854 3825 3052 3896 ταύτης
3074 3828 3250 3882 τοίνυν
3268 3831 3367 3901 τῆς
3388 3834 3595 3898 ἐννοίας
3615 3841 3779 3907 παρά

2192 3912 2286 3965 τοῦ
2332 3912 2648 3966 διδασκάλου
2693 3914 3123 3989 διηρθρωμένης,
3171 3921 3236 3973 δι’
3266 3918 3336 3992 ἧς
3368 3922 3483 3977 ἔστι
3516 3928 3640 3990 τοὺς
3688 3931 3776 4002 μὴ

2192 4003 2638 4073 κεκαλυμμένους
2684 4004 2763 4075 τῷ
2808 4007 3067 4078 αἱρετικῴ
3106 4012 3526 4086 προκαλύμματι
3576 4021 3775 4086 σαφῶς

2190 4094 2392 4158 διῖδεῖν,
2428 4095 2597 4148 ὅτιτὸ
2627 4096 2780 4150 Θεῖον
2816 4098 2962 4162 ὅπως
3016 4101 3081 4155 ἂν
3125 4105 3263 4157 κατά
3302 4106 3401 4177 τὴν
3438 4108 3598 4177 φύσιν
3640 4114 3770 4185 ἔχῃ,

2188 4190 2464 4258 ἀνέπαφόν
2486 4206 2544 4242 τε
2567 4191 2660 4243 καὶ
2686 4191 3072 4264 άκατανόητον,
3104 4197 3196 4249 καὶ
3226 4199 3407 4271 πάσης
3430 4202 3775 4273 ἀντιλήψεως

2188 4282 2286 4346 τῆς
2312 4284 2377 4333 ἐκ
2408 4280 2517 4333 τῶν
2560 4281 2837 4352 λογισμῶν
2875 4284 3205 4356 ὑψηλότερον
3227 4302 3240 4318 ⁸
3281 4293 3313 4359 ἡ
3363 4291 3419 4344 δὲ
3447 4293 3771 4366 ἀνθρωπίνη

2186 4371 2395 4424 διάνοια
2445 4371 2976 4443 πολυπραγμονοῦσα
3018 4378 3111 4430 καὶ
3158 4378 3551 4453 διερευνωμένη
3588 4387 3656 4439 δι’
3684 4382 3770 4444 ὧν

2188 4464 2253 4516 ἂν
2342 4463 2564 4517 δυνατὸν
2594 4463 2889 4534 λογισμῶν,
2916 4468 3237 4537 ἐπορέγεται
3264 4473 3358 4526 καὶ
3388 4474 3632 4544 θιγγάῦει
3658 4480 3769 4550 τῆς

2186 4554 2635 4625 ἁπροσπελάστου
2669 4556 2762 4607 καὶ
2812 4556 3022 4627 minii];
3065 4559 3310 4629 φύσεως-
3341 4563 3463 4618 οὔτε
3508 4569 3767 4625 τοσοῦτον

504 4646 859 4700 sensumque,
896 4642 947 4686 et
989 4633 1323 4689 intellectum
1368 4645 1614 4706 superat,
1651 4641 1910 4710 omnique
1952 4658 2082 4697 con--

2199 4647 2524 4714 5ξυωποῦσα,
2558 4649 2634 4710 ὼς
2669 4649 2912 4719 ἐναργῶς
2959 4653 3084 4706 ἰδεῖν
3112 4654 3171 4707 τὸ
3205 4656 3453 4728 ἀόρατον,
3485 4659 3607 4713 οὔτε
3632 4665 3767 4717 καθο

502 4722 864 4790 prehensione
895 4740 1019 4792 qua:
1057 4726 1360 4780 rationibus
1393 4736 1630 4793 constat,
1666 4731 1952 4785 sublimior
2001 4742 2081 4788 est

500 4823 553 4866 et
612 4812 804 4881 altior;
866 4814 1104 4869 humana
1141 4824 1321 4871 autem
1378 4820 1735 4892 intelligentia
1777 4825 1992 4879 curiose
2034 4836 2087 4880 et

506 4899 738 4955 sollicite
780 4902 1155 4971 pervestigans
1186 4911 1237 4956 et
1266 4917 1638 4973 perscrutans.
1680 4912 1878 4979 quibus
1906 4923 2086 4983 potest

500 4993 1072 5062 argumentationibus
1094 4994 1429 5051 inaccessam
1446 5005 1497 5053 et
1519 5002 1786 5056 excelsam
1806 5007 2010 5074 expetit
2033 5014 2086 5062 et

499 5084 720 5153 attingit
748 5092 1023 5149 naturam,
1046 5102 1224 5157 neque
1255 5095 1362 5141 tam
1384 5098 1543 5144 acute
1573 5107 1822 5159 cernens,
1851 5103 1910 5149 ut
1932 5097 2078 5152 clare

496 5179 551 5226 et
582 5174 862 5230 evidenter
896 5178 1039 5246 quod
1089 5177 1479 5247 inaspectabile
1512 5189 1594 5235 est
1642 5193 1802 5251 queat
1853 5185 2074 5250 intueri,

498 5279 675 5333 neque
728 5267 954 5322 omnino
1004 5268 1077 5322 ita
1144 5269 1213 5324 ab
1258 5285 1481 5325 accessu
1531 5279 1583 5326 et
1620 5274 2075 5345 propinquatione

497 5354 765 5424 seiuncta,
819 5366 877 5412 ut
932 5360 1131 5414 nullam
1188 5362 1360 5431 possit
1396 5362 1535 5432 ejus,
1597 5366 1743 5434 quod
1785 5368 2071 5438 quaeritur,

495 5448 871 5504 adumbratam
906 5452 1192 5522 imaginem
1223 5468 1451 5523 capere;
1475 5455 1570 5511 sed
1592 5466 1800 5526 partem
1833 5459 2069 5530 aliquam

495 5538 563 5592 de
595 5555 658 5593 eo
689 5541 834 5609 quod
893 5544 1159 5611 quatritur
1204 5560 1300 5613 per
1333 5546 1811 5603 ratiocinationnm
1862 5562 2063 5606 tactum

495 5630 806 5699 conjectura
836 5642 1083 5689 assecuta
1116 5642 1220 5700 est,
1245 5639 1440 5707 partim
1474 5656 1601 5695 vero
1623 5657 1688 5696 ex
1718 5659 1783 5697 eo
1810 5645 1953 5713 quod
1980 5663 2068 5701 ne-

492 5732 657 5791 queat
684 5723 859 5794 ipsum
895 5728 1642 5802 perspicere,quodammodo
1663 5738 1928 5807 cognovit,
1954 5740 2064 5799 vel-

2187 4738 2331 4802 ἁπαξ
2347 4738 2801 4809 ἁπεσχοινισμένη
2822 4740 2918 4808 τῆς
2944 4746 3367 4812 προσεγγίσεως,
3384 4748 3461 4813 ὼς
3486 4751 3762 4821 μηδεμίαν

2182 4829 2440 4885 δύνασθαι
2478 4829 2570 4882 τοῦ
2607 4828 2937 4901 ζητουμένου
2976 4833 3157 4888 λαϐεῖν
3191 4840 3454 4895 εἰκασίαν.
3505 4844 3665 4897 Ἀλλά
3700 4847 3763 4899 τὸ

2187 4924 2284 4995 μέν
2313 4939 2367 4975 τι
2396 4921 2489 4973 τοῦ
2517 4920 2846 4991 ζητουμένου
2872 4923 2958 4977 διὰ
2990 4926 3089 4995 τῆς
3109 4928 3217 4980 τῶν
3246 4929 3517 5002 λογισμῶν
3540 4936 3758 5007 ἐπαφῆς

2182 5012 2531 5082 ἐστοχάσατο,
2552 5012 2612 5064 τὸ
2640 5012 2716 5076 δὲ,
2735 5012 2865 5067 αὐτὸ
2880 5014 2957 5085 τῷ
2980 5017 3053 5089 μὴ
3082 5018 3338 5075 δύνασθαι
3354 5024 3533 5077 διῖδεῖν
3553 5028 3757 5097 τρόπον

2182 5104 2303 5158 τινὰ
2325 5103 2669 5172 κατενόησεν,
2691 5100 2802 5157 οἶόν
2822 5122 2941 5159 τινα
2965 5108 3163 5174 γνῶσιν
3185 5112 3386 5184 ἐναργῆ
3407 5115 3467 5167 τὸ
3489 5118 3629 5187 ὑπὲρ
3648 5122 3755 5172 πᾶ-

2184 5214 2282 5249 σαν
2303 5196 2502 5265 γνῶσιν
2522 5196 2581 5249 τὸ
2599 5196 2925 5267 ζητούμενον
2944 5194 3079 5253 εἶναι
3099 5206 3460 5276 ποιησαμένη.
3480 5208 3560 5261 Τά
3576 5226 3632 5261 τε
3648 5212 3757 5281 γὰρ

2184 5288 2596 5357 ἀπεμφαίνοντα
2636 5288 2764 5359 περὶ
2796 5288 2894 5359 τὴν
2922 5289 3067 5343 θείαν
3095 5293 3255 5361 φύσιν
3290 5297 3499 5365 ἐνόησε,
3535 5302 3631 5353 καὶ
3654 5303 3755 5356 ὅσα

2179 5377 2379 5447 πρέπει
2406 5378 2532 5448 περὶ
2549 5377 2715 5447 αὐτὴν
2736 5379 2982 5433 ὑπονοεῖν
3006 5382 3106 5435 οὐκ
3127 5384 3362 5454 ἐνόησεν·
3378 5388 3441 5441 οὐ
3460 5390 3569 5460 μὴν
3585 5392 3752 5463 αὐτὴν

2178 5470 2391 5539 ἐκείνην
2420 5470 2540 5540 ἥτις
2569 5470 2685 5523 ἐστὶ
2718 5472 2843 5542 περὶ
2882 5474 2948 5543 ἣν
2977 5474 3147 5529 ταῦτα
3181 5477 3473 5546 λογίζεται,
3515 5486 3751 5539 κατιδεῖν

2173 5560 2431 5632 ἠδυνήθη,
2465 5560 2579 5614 ἀλλ’
2611 5563 2675 5614 ἐκ
2695 5562 2793 5631 τῆς
2824 5564 2931 5618 τῶν
2951 5567 3260 5636 προσόντων
3287 5588 3344 5623 τε
3368 5574 3459 5625 καὶ
3484 5575 3559 5645 μὴ
3582 5594 3748 5646 προσ-

2171 5650 2336 5704 όντων
2371 5650 2623 5719 γνὼσεως
2644 5648 2802 5719 εἶδεν,
2831 5653 2859 5707 ὃ
2894 5656 3050 5725 μόνον
3082 5660 3310 5730 ὀφθῆναι
3334 5662 3554 5718 δυνατόν
3575 5667 3739 5721 ἐστιν.

2175 5742 2295 5794 ’Ὁτι
2331 5741 2389 5794 τὸ
2427 5742 2621 5805 παντὸς
2675 5742 2773 5814 μὲν
2814 5745 2984 5799 κακοῦ
3020 5749 3300 5820 πόρρωθεν
3349 5753 3653 5827 ἱδρυμένον,
3695 5760 3748 5812 ἐν
