4034 6532
282 372 385 429 957

1410 371 1690 429 CONTRA
1726 372 2117 439 EUNOMIUM,
2147 374 2278 429 LIB.
2315 374 2432 429 XII.

3442 376 3548 435 953

282 489 447 543 παντὶ
481 489 537 541 δὲ
572 488 859 559 νοούμενον
892 487 1101 558 ἀγαθῷ.
1134 488 1362 552 Πάντως
1381 506 1435 541 τι
1461 488 1700 542 τοιοῦτόν
1724 491 1849 542 ἐστι’

1974 494 2034 540 ut
2074 487 2445 557 cognitionem
2496 482 2839 547 evidentem,
2892 483 3042 555 quod
3100 500 3267 556 super
3323 501 3541 541 omnem

276 575 393 633 οἷον
429 579 573 648 λέγω
599 596 657 632 τε
685 581 922 651 ἄρρητον
961 574 1121 645 εἶναι,
1153 580 1249 633 καὶ
1276 580 1556 650 λογισμοῖς
1602 580 1862 634 ἀνεπίϐα-

275 688 374 726 τον
399 671 455 725 δὲ
487 671 636 725 ὄντα.
668 672 858 724 Τοίνυν
892 672 1070 735 πάσας
1098 671 1196 741 μὲν
1227 671 1326 734 τὰς
1363 673 1631 741 ἀπρεπεῖς
1652 672 1863 735 ἑννοίας

276 764 338 816 ὲν
368 766 433 834 τῇ
466 765 591 835 περὶ
630 765 726 832 τῆς
764 763 913 828 θείας
948 763 1160 832 φύσεως
1192 762 1460 833 ὑπολήψει
1481 762 1575 816 τοῦ
1601 762 1861 816 διδασκά-

274 852 370 906 λου
405 854 563 925 ἡμῶν
606 854 1085 927 ἀποκαθήραντος·
1117 856 1224 908 πᾶν
1262 855 1319 908 δὲ
1363 855 1488 907 ὅσον
1524 852 1767 925 εὖφημόν
1798 871 1859 906 τε

274 942 371 996 καὶ
405 944 707 1014 θεοπρεπὲς
726 946 852 1013 περὶ
881 944 1048 1016 αὑτὴν
1077 948 1216 997 νοεῖν
1244 942 1745 1014 συμϐουλεύσαντος
1766 943 1859 995 καὶ

272 1036 607 1101 διδάξαντος,
639 1037 717 1100 ὡς
764 1037 887 1091 οὔτε
931 1056 984 1091 τι
1018 1038 1124 1091 τῶν
1155 1036 1432 1108 φθαρτῶν,
1463 1034 1587 1088 οὔτε
1629 1035 1737 1090 τῶν
1773 1035 1862 1089 διὰ

273 1126 543 1193 γενέσεως
571 1128 652 1191 είς
682 1126 744 1180 τὸ
768 1123 906 1181 εἶναι
937 1128 1327 1199 παρηγμένων,
1349 1127 1411 1179 τὸ
1443 1127 1658 1197 πρῶτον
1683 1127 1860 1181 αἴτιόν

272 1216 452 1269 ἐστιν·
486 1216 621 1270 ἀλλὰ
669 1217 851 1285 πάσης
888 1216 1142 1286 τοιαύτης
1190 1214 1443 1277 ὑπονοίας
1485 1214 1590 1280 ἔξω
1630 1216 1852 1267 νοεῖται.

283 1307 381 1361 Ἐκ
410 1308 466 1361 δὲ
496 1308 595 1380 τῆς
624 1311 905 1380 ἀρνήσεως
935 1309 1046 1362 τῶν
1076 1308 1153 1379 μὴ
1181 1307 1492 1379 προσόντων
1521 1307 1614 1360 καὶ
1651 1308 1717 1360 ὲκ
1756 1307 1858 1378 τῆς

270 1398 562 1467 ὁμολογίας
588 1400 697 1453 τῶν
742 1398 981 1462 εὑσεόῶς
1023 1398 1151 1467 περὶ
1199 1396 1363 1450 αὑτοῦ
1410 1396 1737 1467 νοουμένων,
1770 1396 1853 1450 ὃτι

270 1489 408 1555 ἔστι,
437 1492 930 1563 καταλαμόάνεται.

1966 578 2247 632 scientiam
2272 578 2364 640 sit,
2390 574 2447 628 id
2471 574 2615 644 quod
2646 576 2925 645 quaeritur,
2952 583 3198 631 statuens
3227 594 3241 630 :
3273 591 3398 632 nam
3424 594 3546 648 qua:

1960 669 2303 723 dissentanea
2354 673 2503 729 sunt,
2545 681 2647 721 nec
2690 666 2747 720 in
2786 665 3026 720 divinam
3066 674 3317 721 naturam
3349 668 3546 723 cadere

1961 765 2217 827 possunt,
2255 755 2570 811 intellexit:
2601 763 2656 811 et
2709 770 3051 825 quaecunque
3088 757 3161 811 de
3220 758 3340 827 ipsa
3392 758 3546 813 decet

1960 850 2195 919 opinari,
2231 865 2340 903 non
2372 851 2545 904 novit.
2575 846 2696 917 Non
2724 858 2904 903 tamen
2926 848 3073 902 illam
3104 849 3276 919 ipsam
3293 864 3542 919 quaenam

1960 941 2033 996 sit
2063 940 2129 995 de
2182 954 2289 1010 qua
2325 940 2439 994 haec
2468 940 2681 995 ratione
2720 940 2928 1011 colligit
2980 941 3302 1011 conspicere
3331 941 3540 1012 potuit;

1958 1031 2054 1086 sed
2076 1047 2142 1087 ex
2167 1046 2356 1087 eorum
2382 1046 2505 1102 qua:
2532 1030 2738 1094 insunt,
2766 1038 2820 1086 et
2849 1045 2972 1101 qua:
2997 1045 3106 1085 non
3145 1030 3334 1087 insunt
3354 1033 3543 1103 cogni-

1957 1123 2108 1179 tione
2142 1123 2313 1189 novit,
2349 1122 2498 1193 quod
2534 1122 2709 1177 solum
2743 1120 2913 1177 videri
2951 1130 3151 1191 potest.
3194 1122 3351 1190 Quod
3384 1123 3544 1194 longe

1957 1214 2175 1285 quidem
2210 1216 2280 1270 ab
2311 1216 2463 1269 omni
2516 1215 2659 1270 malo
2698 1213 2969 1268 ﬁrmatum
3003 1222 3089 1270 est
3127 1234 3139 1269 :
3173 1216 3229 1269 in
3260 1216 3408 1271 omni
3444 1231 3543 1269 au-

1960 1317 2067 1361 tem
2099 1306 2243 1361 bono
2286 1306 2626 1378 intelligitur.
2673 1305 2827 1372 Quod
2883 1306 3104 1376 quidem
3164 1310 3392 1363 omnino
3438 1309 3543 1365 tale

1961 1405 2068 1461 est,
2122 1398 2283 1467 quale
2320 1396 2446 1451 dico
2505 1396 2795 1461 inen‘abile,
2829 1407 2885 1453 et
2916 1399 3188 1453 rationum
3247 1402 3540 1457 momentis

1962 1488 2516 1559 incomprehensibile
2541 1498 2597 1543 et
2629 1488 3007 1545 inaccessibile
3036 1504 3177 1545 esse.
3203 1489 3340 1545 Cum
3374 1492 3539 1562 igitur

270 1584 466 1640 omnes
530 1585 819 1640 indecoras
850 1586 1104 1641 notiones
1142 1598 1280 1655 quas
1349 1583 1404 1637 in
1460 1580 1641 1637 divina
1696 1589 1894 1636 natura
1933 1581 2149 1636 animus
2182 1588 2367 1651 posset
2405 1580 2697 1651 suSpicari,
2730 1581 2989 1652 magister
3014 1590 3069 1638 et
3103 1582 3294 1637 doctor
3357 1594 3533 1639 nostet

271 1679 682 1749 perpurgaveril
724 1699 738 1735 :
787 1679 1152 1749 quodcunque
1210 1693 1341 1734 vero
1389 1675 1735 1748 praedicabile
1792 1685 1842 1732 et
1879 1675 2153 1732 laudabile
2186 1675 2407 1748 Deoque
2445 1678 2702 1732 decorum
2770 1676 2825 1731 in
2894 1677 3013 1748 ipsa
3063 1678 3365 1749 intelligere
3415 1694 3542 1734 con-

270 1773 507 1826 suluerit
554 1782 609 1827 et
654 1775 923 1842 docuerit,
964 1774 1036 1829 ita
1073 1782 1131 1829 ut
1172 1790 1349 1845 neque
1402 1772 1846 1844 corruptibilium
1880 1774 2197 1844 quidquam,
2237 1788 2416 1845 neque
2447 1788 2632 1829 eorum
2667 1788 2787 1843 qua:
2849 1789 2946 1845 per
3014 1776 3414 1846 generationem
3482 1776 3537 1833 in

269 1880 453 1921 rerum
479 1872 727 1921 naturam
759 1867 1022 1937 producta
1057 1874 1205 1931 sunt,
1235 1868 1409 1938 prima
1439 1880 1606 1923 causa
1637 1867 1728 1931 sit,
1805 1866 1898 1921 sed
1972 1876 2125 1921 extra
2178 1883 2375 1923 nomen
2439 1868 2598 1921 talem
2646 1867 3008 1937 suspicionem
3058 1875 3112 1924 et
3156 1870 3536 1941 cogitationem

270 1956 616 2026 intelligitur.
677 1958 853 2027 Atque
893 1973 959 2013 ex
1014 1959 1298 2029 negatione
1344 1972 1533 2013 eorum
1579 1972 1700 2028 quae
1750 1972 1860 2012 non
1898 1956 2106 2021 insunt,
2148 1967 2202 2014 et
2230 1974 2295 2014 ex
2345 1958 2699 2015 allirmatione
2746 1975 2931 2015 eorum
3006 1976 3127 2032 qua:
3166 1962 3251 2032 pie
3310 1962 3378 2020 de
3422 1965 3537 2036 ipso

271 2049 677 2121 intelliguntur,
711 2042 837 2120 quia
878 2061 983 2114 est,
1014 2053 1517 2121 comprehenditur.

339 2147 589 2217 Μάχεται
616 2151 727 2211 τοῖς
757 2148 1067 2219 εἰρημένοις
1096 2148 1124 2200 ὁ
1167 2147 1391 2218 σφοδρὸς
1420 2146 1559 2201 κατά
1591 2146 1690 2217 τῆς
1719 2146 1845 2215 ἀλη-

2021 2140 2122 2195 llic
2150 2151 2332 2195 tamen
2362 2139 2653 2196 vehemens
2680 2141 2923 2198 veritatis
2964 2156 3327 2216 oppugnator.
3372 2150 3536 2209 dictis

270 2235 423 2297 θείας
456 2238 779 2309 ἀγωνιστὴς,
804 2240 898 2291 καὶ
925 2237 1173 2309 βούλεται
1204 2237 1295 2290 τὸν
1322 2237 1522 2290 τοιόνδε
1549 2235 1643 2290 τοῦ
1675 2237 1851 2307 ῥήμα-

268 2347 361 2393 τος
387 2325 538 2399 ἦχον,
572 2330 670 2401 τὴν
696 2333 795 2401 τῆς
825 2329 1152 2401 ἀγεννησίας
1181 2329 1325 2398 λέγω
1361 2328 1566 2400 φωνὴν,
1595 2326 1851 2398 ἐμφανῶς

269 2420 543 2475 δεικνύναι
574 2423 667 2475 τοῦ
696 2422 831 2475 θεοῦ
869 2422 966 2494 τὴν
994 2423 1202 2476 οὐσίαν.
1236 2421 1427 2475 Καίτοι
1460 2420 1620 2473 παντὶ
1650 2419 1851 2490 πρόδη-

271 2510 363 2563 λον
391 2510 468 2580 τῷ
502 2528 566 2579 γε
607 2512 842 2583 μετρίως
876 2512 1275 2582 ὲπεσκεμμένῳ
1311 2511 1407 2573 τὰς
1436 2509 1545 2563 τῶν
1573 2510 1850 2581 ὀνομάτων

271 2599 516 2668 χρήσεις,
545 2600 624 2653 ὅτι
651 2601 685 2671 ἡ
716 2600 990 2673 ἀφθαρσία
1015 2600 1102 2655 διὰ
1125 2599 1218 2655 τοῦ
1252 2599 1606 2670 άφαιρετικοῠ
1634 2601 1846 2671 μορίου,

271 2691 334 2742 τὸ
384 2689 546 2760 μηδὲν
584 2691 786 2745 τούτων
828 2696 1106 2764 προσεῖναι
1140 2693 1217 2765 τῷ
1259 2690 1397 2762 θεῷ,
1435 2693 1571 2763 μήτε
1623 2692 1848 2763 φθορὰν,

275 2782 416 2852 μήτε
448 2781 699 2854 γέννησιν
741 2784 1129 2855 ἀποσημαίνει.
1190 2783 1343 2837 Ἐπεὶ
1378 2785 1473 2838 καὶ
1512 2783 1647 2839 ἄλλα
1683 2783 1851 2838 πολλὰ

269 2871 381 2926 τῶν
405 2873 680 2942 ὀνομάτων
707 2873 1001 2945 ὁμοφώνως
1030 2874 1299 2945 λεγόμενα
1322 2876 1421 2945 τὴν
1443 2874 1729 2945 ἀφαίρεσιν
1756 2873 1849 2927 τοῦ

272 2962 350 3033 μὴ
396 2963 708 3034 προσόντος,
747 2965 808 3018 ού
840 2966 938 3037 τὴν
980 2964 1124 3018 θέσιν
1168 2964 1261 3018 τοῦ
1298 2964 1447 3029 δντος
1481 2964 1809 3019 ἐνδείκνυται
1833 2982 1846 2996 ο

267 3051 332 3105 τὸ
362 3053 563 3107 ἄκακον
592 3054 684 3107 καὶ
724 3054 931 3108 ἄλυπον
960 3055 1053 3108 καὶ
1092 3053 1362 3126 ἀπόνηρον
1390 3094 1407 3117 ,
1449 3054 1543 3107 καί¹
1583 3055 1851 3125 ἀτάραχον

269 3146 366 3200 καὶ
395 3147 685 3219 ἀόργητον,
712 3146 937 3211 ἀπαθὲς,
969 3146 1350 3219 ἀνεπίληπτον,
1370 3146 1462 3201 καὶ
1481 3148 1582 3201 ὅσα
1604 3146 1848 3201 τοιαῦτα.

268 3236 503 3304 Λέγεται
535 3237 633 3308 μὲν
672 3238 764 3292 καὶ
799 3237 1011 3309 ἀληθῶς
1051 3237 1223 3294 ταῦτα
1242 3279 1256 3303 ,
1288 3239 1382 3294 καὶ
1412 3235 1524 3292 οἷον
1554 3238 1851 3307 κατάλογός

268 3345 354 3389 τις
382 3322 452 3399 ἦν
492 3328 587 3381 καὶ
618 3329 994 3401 ἀπαρίθμησις
1023 3329 1129 3384 τῶν
1162 3329 1300 3401 πρὸς
1329 3329 1390 3383 τὸ
1415 3331 1596 3401 χεῖρον
1626 3328 1850 3401 νοουμέ-

270 3436 397 3484 νων,
428 3412 506 3475 ὧν
536 3418 771 3481 τδΘείον
806 3419 1151 3493 κεχώρισται.
1182 3421 1256 3473 Ού
1287 3421 1395 3491 μήν
1422 3437 1476 3473 τι
1510 3419 1637 3490 περὶ
1674 3416 1733 3474 οὑ
1761 3420 1853 3474 λέ-

1952 2234 2269 2296 reluctatur,
2303 2242 2466 2303 atque
2499 2233 2614 2286 vult
2652 2232 2811 2288 talem
2840 2235 3131 2291 verborum
3185 2240 3401 2308 sonuiu,
3446 2261 3541 2297 vo-

1952 2340 2069 2380 cem
2100 2325 2198 2397 τῆς
2224 2322 2547 2395 ἀγεννησίας
2581 2324 2723 2390 dico,
2757 2325 2849 2381 Dei
2890 2328 3184 2384 essentiam
3251 2335 3535 2390 manifeste

1961 2415 2363 2473 demonstrare.
2400 2418 2470 2471 At
2497 2418 2674 2473 cuivis
2705 2420 3050 2489 perspicuum
3084 2430 3137 2476 et
3181 2422 3411 2493 clarum,
3441 2423 3532 2497 qui

1958 2508 2311 2564 mediocriter
2331 2525 2464 2565 usus
2483 2510 2762 2564 nominum
2787 2510 3166 2579 considerarit,
3185 2514 3327 2583 quod
3354 2517 3537 2573 incor-

1952 2600 2286 2670 ruptibilitas
2318 2615 2414 2671 per
2445 2601 2767 2670 privativam
2801 2602 3148 2672 particulam,
3176 2606 3311 2660 nihil
3343 2623 3534 2665 eorum

1956 2690 2064 2746 Deo
2090 2690 2300 2757 adesse,
2348 2706 2526 2761 neque
2555 2692 2858 2760 interitum,
2890 2709 3066 2765 neque
3101 2705 3280 2751 ortum
3326 2700 3537 2770 signiti-

1952 2789 2061 2836 cat.
2085 2781 2352 2847 Quoniam
2381 2790 2434 2838 et
2468 2782 2573 2836 alia
2613 2783 2783 2837 multa
2816 2784 3034 2839 nomina
3068 2802 3187 2856 qua:
3217 2788 3379 2844 simili
3409 2806 3538 2849 voce

1951 2874 2228 2939 dicuntur,
2279 2874 2700 2931 abstractionem
2734 2876 2853 2947 ejus
2880 2878 3022 2947 quod
3076 2895 3183 2933 non
3218 2881 3381 2945 inest,
3416 2900 3528 2940 non

1953 2962 2275 3033 positionem
2307 2963 2428 3033 ejus
2454 2964 2600 3033 quod
2655 2975 2740 3020 est
2795 2966 3108 3022 ostendunt.
3157 2969 3288 3025 Illud
3335 2960 3534 3045 nempe

1952 3052 2214 3107 innocens
2242 3060 2297 3107 et
2337 3053 2667 3108 immaastum
2700 3065 2755 3110 et
2807 3057 3127 3125 innocuum,
3165 3061 3533 3135 imperturba-

1954 3149 2088 3207 tum,
2123 3142 2447 3212 impatibile,
2480 3144 3030 3215 incomprehensibile
3060 3157 3114 3205 et
3136 3152 3241 3207 alia
3292 3153 3347 3209 id
3375 3171 3538 3226 gena-

1952 3232 2028 3288 ris
2048 3274 2063 3299 ,
2113 3234 2370 3288 dicuntur
2400 3235 2620 3304 quidem
2653 3251 2781 3292 vere
2811 3237 2948 3303 hac,
2980 3248 3033 3294 et
3059 3241 3209 3297 velut
3255 3247 3536 3318 catalogus

1951 3322 2171 3393 quidam
2218 3334 2359 3379 esset
2398 3332 2452 3379 et
2511 3326 2759 3380 recensio
2806 3341 2994 3383 eorum
3041 3346 3162 3401 quae
3194 3332 3249 3387 in
3293 3334 3535 3391 deterius

1953 3414 2355 3486 intelliguntur,
2387 3430 2417 3469 a
2449 3416 2649 3486 quibus
2680 3414 2889 3473 Numen
2940 3431 3247 3492 separatum
3282 3432 3382 3481 est.
3418 3427 3537 3485 Non

269 3527 425 3578 γεται
465 3511 554 3566 διὰ
584 3514 692 3567 τῶν
722 3514 998 3585 ὀνομάτων
1028 3516 1056 3567 ὁ
1082 3512 1238 3583 λόγος
1268 3513 1615 3584 παρίστησιν.
1645 3512 1709 3566 Τί
1751 3512 1848 3582 μὲν

1957 3514 2139 3562 tamen
2159 3507 2289 3578 quid
2323 3509 2420 3572 sit,
2446 3507 2499 3562 id
2531 3506 2598 3562 de
2618 3522 2725 3577 quo
2755 3508 3033 3580 dicuntur,
3069 3529 3165 3585 per
3181 3515 3292 3571 haec
3315 3520 3535 3574 nomina

270 3602 379 3674 γάρ
427 3605 523 3675 οὑχ
554 3605 734 3674 ὑγιὲς,
777 3605 845 3658 δι’
884 3599 959 3659 ὧν
998 3604 1308 3676 ἠκούσαμεν
1345 3604 1739 3675 ἐδιδάχθημεν;
1783 3603 1847 3655 Τί

268 3696 328 3748 δέ
368 3699 533 3763 ἐστιν,
584 3700 616 3769 ἡ
661 3698 768 3751 τῶν
802 3696 1104 3768 εἰρημένων
1132 3697 1233 3750 ούκ
1268 3694 1561 3759 ἐνεδείξατο
1601 3695 1842 3764 δύναμις.

272 3788 482 3860 Ὠσπερ
512 3788 620 3861 γὰρ
647 3788 800 3852 εἴτις
830 3789 958 3858 περὶ
984 3788 1082 3858 τῆς
1107 3786 1198 3841 τοῦ
1224 3786 1509 3859 ἀνθρώπου
1540 3786 1751 3855 φύσεως
1773 3787 1849 3838 εί-

270 3880 395 3932 πεῖν
425 3895 476 3931 τι
501 3877 689 3943 θέλων,
721 3880 781 3932 τὸ
810 3882 944 3949 μήτε
976 3878 1179 3948 ἄψυχον
1210 3876 1379 3945 λέγει,
1410 3880 1546 3948 μήτε
1588 3874 1846 3946 ἀναίσθη-

267 3985 384 4033 τον,
417 3969 553 4039 μήτε
588 3968 819 4038 πτηνὸν,
861 3968 996 4039 μήτε
1028 3967 1364 4037 τετράπουν,
1404 3967 1478 4038 μὴ
1507 3966 1755 4038 ἔνυδρον,
1787 3966 1848 4019 τὸ

272 4058 374 4128 μὲν
419 4057 478 4110 ὂν
523 4057 623 4111 οὑκ
654 4056 949 4121 ἐνεδείξατο
969 4073 983 4087 ο
1024 4056 1087 4110 τὸ
1112 4055 1167 4109 δὲ
1200 4055 1275 4128 μὴ
1302 4056 1360 4109 ὃν
1393 4055 1706 4127 διεσάφησε,
1754 4056 1848 4108 καὶ

268 4148 394 4203 οὔτε
439 4149 690 4220 ψεύδεται
731 4148 903 4203 ταῦτα
953 4146 1211 4220 περὶτοῦ
1264 4146 1550 4219 ἀνθρώπου
1601 4144 1844 4209 διεξιὼν,

268 4240 396 4295 ούτε
426 4242 611 4312 σαφῶς
638 4242 699 4296 τὸ
733 4241 1087 4311 ὑποκείμενον
1118 4240 1409 4295 δείκνυσιν.
1447 4239 1602 4293 Κατά
1634 4240 1723 4292 τὸν
1752 4238 1848 4292 αύ-

268 4334 361 4387 τὺν
387 4333 543 4402 λόγον
578 4332 785 4387 πολλῶν
821 4332 1074 4385 τοιούτων
1106 4333 1234 4405 περὶ
1256 4332 1355 4404 τὴν
1387 4331 1536 4385 θείαν
1562 4330 1721 4401 φύσιν
1757 4331 1845 4383 λε-

265 4426 536 4496 γομένων,
571 4428 628 4479 ὲν
656 4420 737 4489 οἷς
770 4425 876 4497 χρὴ
904 4425 995 4477 τὸν
1028 4425 1159 4478 Θεὸν
1185 4425 1428 4479 ὑπονοεῖν
1465 4420 1601 4478 εἶναι
1637 4423 1846 4496 μανθά-

266 4536 434 4589 νομεν
457 4536 472 4550 ο
507 4517 639 4572 αὑτδ
668 4518 723 4571 δὲ
752 4518 780 4571 ὅ
808 4518 859 4570 τί
893 4534 1021 4571 ποτε
1048 4513 1116 4588 ἦν
1153 4519 1272 4571 κατ’
1307 4517 1492 4571 οὐσίαν
1519 4516 1607 4570 διὰ
1633 4516 1741 4570 τῶν
1772 4520 1849 4571 εί-

270 4610 523 4681 ρημένων
548 4611 607 4663 οὑ
639 4607 1020 4680 διδασκόμεθα.
1057 4606 1353 4677 Φεύγοντες
1388 4607 1444 4661 δὲ
1472 4610 1634 4662 παντὶ
1661 4607 1846 4679 τρόπῳ

266 4703 379 4755 τῶν
400 4703 614 4756 ἀτόπων
632 4702 793 4755 τινῶν
818 4701 1103 4773 νοημάτων
1120 4701 1178 4753 ὲν
1201 4703 1321 4763 ταῖς
1350 4701 1476 4770 περὶ
1503 4699 1637 4754 Θεοῦ
1666 4700 1848 4765 δόξαις

270 4794 669 4865 συνενεχθῆναι,
692 4793 913 4856 πολλαῖς
940 4793 1033 4845 καὶ
1058 4791 1335 4854 ποικίλαις
1359 4791 1696 4861 ἐπωνυμίαις
1724 4792 1844 4844 κατ’

1953 3613 2135 3655 sermo
2188 3599 2465 3670 exprimit.
2516 3598 2658 3665 Quid
2686 3600 2830 3656 enim
2883 3617 2991 3657 non
3044 3620 3259 3674 sanum,
3298 3625 3392 3680 per
3418 3610 3537 3682 qua:

1951 3691 2259 3747 audivimus
2297 3693 2473 3747 edocti
2528 3695 2762 3750 sumus?
2804 3693 2945 3760 Quid
2998 3708 3179 3754 autem
3202 3704 3293 3765 sit,
3342 3720 3532 3760 eorum

1950 3798 2070 3852 quae
2113 3790 2242 3839 sunt
2294 3782 2438 3837 dicta
2475 3784 2558 3838 vis
2587 3799 2698 3839 non
2734 3785 3015 3842 indicavit.
3052 3789 3531 3855 Quemadmodum

1948 3874 2092 3929 enim
2123 3874 2169 3929 si
2200 3874 2322 3943 quis
2355 3873 2421 3929 de
2453 3875 2685 3932 hominis
2726 3885 2923 3932 natura
2962 3880 3146 3936 dicere
3195 3883 3401 3953 aliquid
3431 3900 3531 3939 cn-

1951 3964 2106 4035 piens
2135 4004 2148 4027 .
2184 3981 2359 4035 neque
2389 3965 2686 4021 inanimum
2724 3967 2891 4033 dicat,
2923 3985 3098 4041 neque
3126 3987 3288 4029 sensu
3316 3990 3532 4042 carens,

1952 4072 2128 4126 neque
2162 4057 2403 4120 volucre,
2442 4072 2619 4127 neque
2659 4058 3001 4130 quadrupes,
3055 4078 3232 4133 neque
3262 4067 3533 4135 aquatile;

1955 4147 2099 4217 quod
2129 4147 2348 4216 quidem
2373 4156 2457 4203 est
2495 4164 2602 4202 non
2643 4149 3059 4218 demonstravit,
3100 4153 3195 4209 sed
3246 4156 3391 4225 quod
3422 4173 3532 4213 non

1947 4247 2033 4294 est
2058 4239 2387 4308 explanavit,
2414 4254 2590 4309 neque
2614 4241 2876 4294 mentitur
2902 4240 3015 4296 haec
3034 4243 3101 4298 de
3131 4244 3347 4300 homine
3372 4262 3533 4303 enar-

1948 4345 2098 4395 rans,
2149 4345 2326 4399 neque
2378 4338 2559 4384 tamen
2615 4331 2765 4386 clare
2813 4332 3119 4402 subjectum
3171 4336 3532 4396 demonstrat.

1928 4420 2149 4476 Eadem
2182 4420 2391 4476 ratione
2418 4420 2589 4475 multa
2640 4422 2771 4476 talia
2800 4437 2927 4478 cum
2967 4423 3147 4480 divina
3196 4438 3392 4483 natura
3452 4430 3537 4485 di-

1948 4521 2169 4576 cuntur,
2194 4528 2256 4568 ea
2291 4512 2346 4566 in
2371 4511 2572 4582 quibus
2619 4512 2786 4568 Deum
2812 4529 2936 4571 esse
2960 4516 3171 4587 opinari
3195 4531 3411 4590 oportet
3443 4522 3521 4576 dio

1947 4604 2153 4659 scimus
2184 4623 2197 4658 :
2234 4604 2410 4674 ipsum
2444 4612 2651 4671 autem,
2672 4604 2803 4675 quid
2851 4608 3071 4663 tandem
3116 4620 3201 4665 est
3231 4613 3532 4669 secundum

1946 4695 2264 4757 essentiam,
2327 4709 2425 4764 per
2454 4695 2601 4750 dicta
2644 4711 2754 4751 non
2798 4697 3081 4753 docemur.
3111 4699 3400 4773 Fugientes
3432 4723 3532 4759 au-

1948 4794 2055 4838 tem
2096 4785 2246 4839 omni
2281 4786 2538 4843 cautione
2567 4788 2837 4844 absurdus
2890 4790 3103 4861 aliquas
3157 4794 3428 4857 notiones,
3477 4795 3534 4851 in

265 4884 432 4938 αὑτοῦ
463 4883 797 4956 κεχρήμεθα,
834 4882 976 4936 κατά
1013 4882 1112 4953 τὴν
1148 4882 1255 4936 τῶν
1299 4881 1551 4935 ἐπινοιῶν
1587 4882 1847 4953 διαφοράν

1954 4877 2036 4932 his
2060 4892 2198 4947 quas
2241 4878 2443 4934 habere
2469 4879 2732 4937 debemus
2767 4881 2833 4935 de
2871 4881 2982 4938 Deo
3006 4884 3382 4954 Opinionibus,
3411 4887 3531 4939 ani-

265 4977 366 5039 τὰς
416 4977 783 5047 προσηγορίας
834 4974 1184 5046 ἁρμόζοντες.
1247 4973 1401 5026 Ἐπεὶ
1433 4973 1542 5043 γὰρ
1592 4972 1657 5025 ἂν
1694 4973 1845 5027 οὐδὲν

265 5068 437 5136 ὄνομα
468 5068 853 5139 περιληπτικὸν
880 5070 979 5138 τῆς
1008 5066 1154 5130 θείας
1176 5064 1460 5136 ἐξεύρηται
1487 5064 1700 5134 φύσεως
1725 5066 1845 5118 κατ’

267 5157 433 5213 αὐτοῦ
481 5158 572 5213 τοῦ
622 5159 978 5230 ὑποκειμένου
1024 5156 1316 5229 προσφυῶς
1359 5157 1718 5227 τεταγμένον’
1758 5157 1845 5210 διά

264 5252 425 5305 τοῦτο
450 5251 663 5315 πολλοῖς
694 5252 949 5322 ὀνόμασιν
978 5250 1207 5303 ἑκάστου
1243 5247 1383 5302 κατά
1409 5247 1698 5319 διαφόρους
1720 5250 1844 5303 ἐπι-

266 5342 430 5405 ϐολὰς
467 5340 771 5405 ίδιάζουσάν
799 5356 919 5393 τινα
947 5339 1072 5410 περὶ
1098 5334 1262 5391 αὑτοῦ
1296 5334 1395 5408 τὴν
1425 5336 1632 5391 ἔννοιαν
1662 5339 1843 5392 ποιού-

271 5453 445 5504 μενοι,
479 5436 538 5488 τὸ
577 5435 730 5487 Θεῖον
769 5430 1263 5503 προσαγορεύομεν,
1295 5431 1358 5484 ὲκ
1396 5430 1496 5499 τῆς
1534 5431 1843 5496 πολυειδούς

269 5529 363 5581 καὶ
386 5526 635 5594 ποικίλης
664 5525 782 5577 κατ’
810 5523 971 5576 αὑτοῦ
1001 5521 1269 5593 σημασίας
1296 5520 1538 5591 ὀνόματά
1568 5538 1688 5576 τινα
1711 5521 1846 5594 πρὸς

269 5615 367 5685 τὴν
400 5613 725 5684 κατανόησιν
767 5612 861 5666 τοῦ
908 5610 1239 5683 ζητουμένου
1284 5610 1624 5682 θηρεύοντες.
1682 5614 1847 5683 Ἐρω-

271 5705 469 5767 τῶντες
497 5702 605 5774 γὰρ
630 5705 775 5775 ἡμᾶς
801 5703 995 5765 αὑτοὺς
1015 5702 1107 5755 καὶ
1129 5700 1522 5765 διεξετάζοντες
1546 5703 1598 5755 τί
1618 5703 1676 5756 τὸ
1695 5703 1846 5757 Θεῖόν

270 5802 407 5861 ἐστι,
437 5793 704 5869 διαφόρως
736 5790 1175 5863 ἀποφαινόμεθα,
1208 5786 1318 5846 οἷον
1352 5792 1413 5847 τὸ
1454 5793 1844 5866 ὑπερκείμενον

1953 4970 2055 5026 mis
2073 4971 2335 5037 inserere,
2363 4972 2548 5028 multis
2569 4982 2623 5028 ct
2652 4975 2814 5029 variis
2832 4976 3248 5045 cognominibus
3274 4977 3325 5030 in
3355 4978 3531 5046 ipsum

1950 5062 2032 5117 usi
2085 5078 2307 5128 sumus,
2366 5065 2667 5120 secundum
2719 5066 3114 5135 cogitationum
3170 5067 3531 5124 differentiam

1947 5151 2336 5221 appellationes
2366 5156 2864 5211 accommodantes.
2897 5154 3173 5223 Quoniam
3232 5158 3377 5213 enim
3411 5159 3532 5212 nul-

1948 5244 2057 5298 lum
2083 5258 2282 5299 nomen
2322 5245 2521 5302 divina:
2551 5255 2757 5302 naturae
2791 5248 3306 5318 comprehensivum
3342 5251 3531 5307 inven~

1948 5348 2061 5389 tum
2087 5343 2191 5398 est,
2227 5336 2372 5405 quod
2397 5336 2461 5391 ad
2490 5338 2662 5408 ipsius
2700 5338 2929 5406 subjecti
2970 5346 3223 5393 naturam
3251 5340 3534 5395 declarano

1949 5424 2071 5478 dam
2114 5425 2181 5479 sit
2231 5426 2566 5490 ordinatum,
2630 5438 2915 5499 prapterea
2968 5428 3155 5485 multis
3211 5431 3532 5489 nominibus

1948 5519 2250 5575 secundum
2298 5518 2611 5575 dill‘erentes
2662 5521 2936 5589 notiones,
2968 5523 3241 5594 cujusque
3292 5524 3533 5595 peculia-

1945 5625 2058 5666 rem
2109 5612 2401 5682 quamdam
2448 5612 2514 5666 de
2557 5626 2623 5667 eo
2669 5613 2944 5669 nationem
2988 5613 3274 5680 facientes,
3313 5614 3533 5671 Numen

1945 5703 2280 5772 appellanms
2316 5721 2328 5757 :
2375 5719 2442 5758 ex
2493 5703 2815 5758 multiformi
2858 5706 3118 5777 variaque
3159 5706 3227 5762 dc
3258 5722 3323 5761 co
3357 5706 3535 5778 signi-

1946 5796 2197 5852 licationc
2233 5794 2299 5851 ad
2331 5794 2451 5866 ejus
2481 5795 2625 5867 quod
2660 5796 2928 5867 quaeritur
2968 5797 3331 5869 cognitionem
3371 5809 3537 5867 quao-
