4034 6518
547 320 653 376 939

1789 317 1846 373 S.
1904 314 2234 374 CREGORII
2285 314 2578 371 NYSSENI

3702 317 3805 370 9(ἒο

546 434 671 488 dam
721 433 1166 489 nomenclaturas
1211 442 1493 485 venantes.
1532 429 1936 500 lnterrogantes
1976 430 2121 485 enim

2224 429 2322 500 τῆς
2349 430 2457 482 τῶν
2497 428 2664 481 ὄντων
2697 427 3006 491 συστάσεως
3043 444 3102 479 τε
3136 428 3227 479 καὶ
3260 426 3610 498 διοικήσεως·
3642 430 3673 481 ὃ
3706 431 3807 483 οὐκ

547 540 648 579 nos
677 525 828 594 ipsos
852 532 906 577 et
929 522 1331 592 perquirentes,
1364 520 1494 590 quid
1526 521 1597 575 sit
1623 519 1788 583 Deus,
1815 518 2124 575 dill'erenter

547 616 988 684 pronuntiamus,
1023 615 1168 668 velut
1196 613 1344 684 quod
1368 621 1453 668 est
1480 627 1644 682 super
1673 613 2121 667 constitutionem

544 714 597 759 et
632 704 1163 759 administrationem
1187 719 1376 759 eorum
1401 718 1521 772 qua:
1549 710 1677 757 sunt
1707 719 1721 767 ;
1752 703 1897 772 quod
1928 717 2034 755 non
2057 717 2121 755 ex

544 810 708 851 causa
763 797 1134 850 exsistentiam
1198 795 1381 859 habet,
1434 796 1529 850 sed
1588 794 1814 863 reliquis
1871 793 2123 847 omnibus

545 900 714 941 causa
739 901 840 939 cur
872 888 984 941 sint
1012 887 1232 941 exsistit
1258 903 1272 951 ;
1305 886 1360 941 in
1382 902 1489 955 quo
1512 895 1667 941 ortus
1697 893 1750 939 et
1771 885 2119 955 principium,

544 978 804 1033 interitus
838 965 891 1031 εἰ
920 977 1042 1031 linis
1074 992 1179 1031 non
1214 985 1319 1042 est,
1345 993 1519 1048 neque
1552 978 1607 1031 in
1640 977 1980 1032 contrarium
2005 990 2124 1029 mu-

542 1071 699 1134 tatio,
734 1085 911 1139 neque
936 1070 1334 1139 prmstantioris
1358 1070 1686 1135 imminutio,
1721 1084 1895 1138 neque
1918 1069 2122 1122 malum

545 1164 602 1216 in
631 1178 698 1217 eo
726 1163 904 1216 locum
942 1163 1141 1217 habere
1196 1170 1397 1231 potest,
1435 1177 1613 1230 neque
1664 1162 1864 1216 bonum
1906 1162 2118 1216 abesse.

543 1253 699 1317 Quod
721 1253 765 1305 si
793 1253 918 1321 quis
940 1252 1077 1307 tales
1096 1252 1319 1307 notitias
1342 1252 1655 1307 nominibus
1680 1253 1804 1307 velit
1822 1253 2120 1322 percipere,

542 1360 767 1399 necesse
809 1354 894 1398 est
933 1345 1157 1398 omnino
1206 1344 1359 1398 illum
1409 1344 1462 1396 in
1497 1344 1739 1399 deterius
1767 1346 2119 1398 mutationem

540 1450 651 1490 non
677 1436 983 1501 admittere,
1013 1444 1069 1490 et
1128 1437 1464 1490 immutabile
1493 1447 1545 1491 et
1586 1436 1909 1492 invariabile
1947 1437 2124 1491 nomi-

542 1541 692 1580 nare.
729 1525 842 1581 lloc
875 1538 1057 1582 autem
1096 1527 1346 1582 videlicet
1383 1530 1619 1598 primum
1659 1529 1897 1584 universi
1929 1536 2121 1583 aucto-

541 1632 655 1670 rem
695 1626 750 1672 et
775 1632 998 1673 causam
1034 1616 1200 1673 Deum
1229 1634 1350 1674 esse
1372 1620 1575 1685 dicere,
1607 1619 1748 1675 idem
1771 1630 1856 1677 est
1877 1635 1940 1674 ac
1967 1621 2122 1691 inge-

544 1712 720 1765 nitum
752 1712 1048 1781 appellare,
1080 1718 1135 1765 et
1158 1711 1650 1780 ineorruptibilem,
1691 1711 1835 1782 quod
1866 1711 2121 1767 interitus

2225 521 2285 584 ἐξ
2306 519 2476 573 αίτίου
2505 519 2602 589 τὴν
2640 517 2870 588 ὓπαρξιν
2894 518 3036 587 ἕχει·
3072 520 3182 581 τοῖς
3210 519 3267 571 δὲ
3289 518 3496 581 λοιποῖς
3527 521 3698 572 πᾶσιν
3716 521 3806 573 αἰ-

2224 628 2335 664 τιον
2365 608 2457 662 τοῦ
2486 605 2624 662 εἶναι
2652 608 3001 679 καθέστηκεν·
3030 610 3156 678 περὶ
3179 609 3208 660 ὃ
3232 608 3481 679 γέννησις
3512 611 3607 661 καὶ
3638 610 3803 679 ἁρχὴ,

2225 703 2399 773 φθορὰ
2436 703 2527 755 καὶ
2562 701 2714 763 τέλος
2754 700 2853 753 οὐκ
2883 701 3060 763 ἐστιν,
3103 699 3225 752 οὔτε
3269 700 3405 767 πρὸς
3449 701 3513 753 τὸ
3562 703 3807 753 ἐναντίον

2224 794 2418 865 τροπὴ,
2450 792 2570 845 οὔτε
2602 792 2695 846 τοῦ
2728 792 3033 862 κρείττονος
3064 792 3270 860 ὕφεσις.
3312 792 3398 855 Ὠς
3444 794 3582 862 μήτε
3613 790 3676 844 τὸ
3705 810 3807 845 κα·

2225 888 2318 941 κὸν
2348 888 2433 940 ἐπ’
2463 887 2614 955 αὐτῷ
2657 885 2839 956 χώραν
2868 886 3007 955 ἔχειν
3026 924 3040 948 ,
3072 888 3207 955 μήτε
3235 886 3297 939 τὸ
3326 887 3531 954 ἀγαθὸν
3560 887 3803 939 ἀπεῖναι.

2224 980 2286 1031 El
2319 979 2376 1032 δέ
2407 996 2487 1041 τις
2520 979 2619 1041 τὰς
2647 977 2899 1041 τοιαύτας
2927 978 3132 1040 ἐννοίας
3166 978 3389 1047 ὀνόμασι
3414 978 3805 1049 διαλαμϐάνειν

2223 1071 2413 1134 ἐθέλοι,
2438 1071 2650 1140 ἀνάγκη
2681 1073 2830 1124 πάσα
2859 1070 2920 1122 τὸ
2954 1070 3052 1139 μὲν
3084 1069 3157 1140 μὴ
3189 1069 3506 1140 προσίεσθαι
3533 1071 3635 1141 τὴν
3667 1072 3805 1143 πρὸς

2223 1160 2283 1213 τὸ
2311 1163 2489 1231 χεῖρον
2520 1159 2743 1231 τροπὴν.
2779 1159 3043 1229 άτρεπτόν
3072 1176 3130 1212 τε
3166 1161 3258 1213 καὶ
3290 1160 3648 1213 ἀναλλοίωτον
3684 1162 3803 1214 ὀνοο

2227 1253 2415 1323 μάσαι.
2458 1252 2532 1304 Τὸ
2562 1252 2619 1305 δὲ
2650 1250 2866 1321 πρῶτον
2902 1252 3071 1305 αἴτιον
3102 1250 3197 1303 τοῦ
3237 1251 3455 1314 παντὸς,
3506 1251 3803 1322 ἀγέννητον

2223 1348 2570 1417 προσειπεῖν·
2610 1344 2883 1417 ἄφθαρτον
2917 1344 2975 1398 δέ
3018 1345 3079 1397 τ’)
3127 1344 3331 1415 φθορᾶς
3384 1344 3799 1415 άπαράδεκτον·

2222 1437 2284 1490 τὸ
2313 1436 2369 1488 δὲ
2401 1438 2477 1498 εἰς
2524 1434 2690 1505 μηδὲν
2734 1434 3035 1503 καταλῆγον
3074 1435 3264 1504 πέρας,
3311 1434 3575 1488 ἀθάνατόν
3610 1453 3668 1487 τε
3705 1436 3802 1487 καὶ

2224 1526 2600 1597 ἀτελεύτητον·
2636 1525 3046 1596 παντοκράτορα
3073 1525 3129 1578 δέ
3154 1524 3246 1577 τοῦ
3282 1525 3481 1588 παντὸς
3506 1523 3701 1595 ἐξηγοῦ
3710 1542 3805 1594 με·

2225 1636 2333 1672 νον.
2370 1618 2478 1671 Ka‘t
2503 1616 2646 1671 οὕτω
2673 1617 2840 1670 τᾶλλα
2872 1616 3046 1669 πάντα
3079 1614 3223 1668 κατὰ
3253 1615 3349 1678 τάς
3394 1614 3637 1677 εύσεόεἰς
3668 1615 3804 1667 ὑπο·

2224 1710 2410 1781 λήψεις
2454 1708 2991 1780 ὀνοματοποιοῦντες,
3034 1711 3152 1771 ταῖς
3186 1706 3289 1760 τῶν
3321 1707 3569 1759 ἐπινοιῶν
3614 1706 3803 1773 Euam.

542 1814 718 1869 capax
754 1815 863 1854 non
893 1809 997 1865 est,
1019 1799 1378 1855 immortalem
1408 1807 1588 1855 autem
1612 1808 1668 1857 et
1694 1802 2117 1865 indelicientem,

2225 1807 2345 1877 ραῖς
2377 1802 2549 1865 ἄλλως
2598 1803 2691 1856 καὶ
2726 1801 2899 1865 άλλως
2942 1799 3436 1872 προσαγορεύομεν,
3470 1798 3503 1868 ἦ
3544 1797 3801 1867 δύναμιν,

541 1894 689 1967 quod
728 1896 785 1949 in
815 1895 1029 1949 nullum
1061 1894 1276 1949 desinat
1322 1896 1639 1961 terminum,
1689 1895 2119 1965 omnipotentem

543 2001 722 2046 autem
759 1990 901 2060 quod
933 1988 1191 2043 universo
1216 1990 1400 2058 praesit
1441 1998 1494 2043 et
1519 1990 1784 2058 imperet;
1814 1997 1867 2043 et
1904 1989 1985 2044 sic
2016 1989 2122 2042 alia

2218 1897 2251 1966 ἢ
2289 1894 2508 1966 κράτος,
2539 1894 2573 1964 ἢ
2605 1891 2935 1961 άγαθότητα,
2982 1891 3016 1961 ἢ
3060 1891 3119 1944 τὸ
3161 1890 3236 1961 μὴ
3266 1888 3325 1954 ἐξ
3366 1889 3539 1942 αἰτίου
3570 1884 3736 1951 εἶναι,
3766 1888 3799 1945 ἦ

2221 1986 2282 2038 τὸ
2306 1986 2384 2048 εἰς
2414 1984 2500 2037 ἀεὶ
2527 1984 2821 2051 διαμένειν,
2861 1982 2950 2036 διὰ
2976 1981 3081 2034 τῶν
3111 1982 3391 2052 ὀνομάτων
3418 1981 3781 2052 σημαίνοντες

542 2083 725 2137 omnia
760 2080 1055 2136 secundum
1090 2079 1208 2148 pias
1250 2079 1537 2147 opiniones
1580 2081 1803 2132 nomina
1850 2079 2151 2148 ﬁngentes,
2192 2075 2492 2130 secundum
2540 2072 2874 2126 dilIerentias
2915 2070 3303 2141 cogitationum
3334 2070 3493 2125 aliter
3520 2081 3681 2140 atque
3701 2069 3801 2122 ali.

544 2185 627 2229 ter
654 2187 1067 2242 nuncupamus;
1104 2172 1187 2226 vel
1222 2172 1541 2241 potentiam,
1572 2175 1654 2228 vel
1691 2174 2001 2242 imperium,
2046 2173 2130 2229 vel
2170 2172 2470 2227 bonitatem
2494 2208 2509 2232 ,
2545 2168 2629 2223 vel
2662 2166 2819 2237 quod
2856 2181 2966 2220 non
2998 2181 3064 2220 ex
3104 2179 3270 2220 causa
3311 2176 3416 2223 est.
3452 2165 3534 2219 vel
3562 2165 3712 2235 quod
3747 2165 3801 2219 in

545 2274 864 2336 perpetuum
897 2273 1195 2333 permanet,
1230 2278 1326 2333 per
1360 2264 1579 2318 nomina
1606 2266 2000 2335 signiﬁcantes.

614 2356 746 2409 Dico
796 2356 965 2425 igitur
1017 2355 1183 2423 hujus
1238 2356 1520 2410 nominum
1583 2356 1821 2413 ﬁctionis
1874 2358 2123 2412 homines

545 2471 671 2512 esse
718 2456 998 2523 dominos,
1059 2470 1157 2525 pro
1208 2455 1437 2511 arbitrio
1484 2456 1803 2526 judicioque
1857 2457 2125 2527 cujusque

544 2554 937 2609 convenienter
968 2555 1360 2625 appellationes
1407 2556 1657 2627 subjecto
1700 2558 2123 2612 accommodan-

543 2664 649 2719 tes,
686 2655 930 2725 nihilque
963 2655 1263 2710 absurdum
1297 2663 1441 2722 esse,
1478 2658 1629 2727 quod
1653 2659 1875 2729 quidem
1910 2669 1967 2712 ut
2013 2659 2123 2713 for-

542 2757 801 2814 midabile
833 2766 885 2813 et
922 2757 1205 2825 horribile,
1260 2766 1319 2812 ut
1362 2774 1464 2815 nos
1511 2760 1787 2824 teri-ilicet,
1836 2762 1939 2815 iste
1985 2760 2116 2815 seri-

543 2870 663 2931 ptnr
702 2860 969 2924 obtendit,
1026 2876 1222 2930 nempe
1256 2862 1591 2917 recentiores
1641 2864 1923 2917 nominum
1968 2864 2116 2933 posi-

543 2955 721 3008 tiones
770 2953 1018 3006 conl‘itcri
1066 2954 1118 3006 in
1155 2954 1305 3007 omni
1350 2969 1409 3008 re
1448 2970 1568 3025 qua:
1596 2959 2019 3025 cognominatur
2062 2956 2117 3010 in

544 3053 662 3121 ipso
707 3050 854 3107 Deo:
890 3068 997 3105 non
1045 3052 1189 3108 enim
1225 3051 1553 3106 vocabulum
1608 3052 1750 3109 Deus
1796 3063 1899 3119 cst,
1943 3070 2119 3124 neque

2288 2350 2435 2420 Φημὶ
2465 2348 2641 2402 τοίνυν
2677 2350 2775 2419 τῆς
2809 2345 3063 2418 τοιαύτης
3091 2348 3508 2418 ὀνοματοποιίας
3543 2348 3671 2412 τοὺς
3708 2350 3801 2403 ἀν-

2226 2440 2475 2515 θρώπους
2506 2436 2641 2493 εἶναι
2671 2440 2912 2511 κυρίους,
2946 2439 3086 2493 κατὰ
3112 2439 3174 2492 τὸ
3198 2440 3360 2508 φανὲν
3384 2440 3599 2510 ἑκάστῳ
3626 2456 3803 2511 προσ-

2221 2533 2369 2599 φυῶς
2415 2531 2823 2601 ἐφαρμόζοντας
2864 2529 2943 2601 τῷ
3004 2530 3345 2602 ὑποκειμένῳ
3398 2530 3495 2595 τὰς
3554 2532 3799 2601 κλήσεις.

2221 2624 2329 2678 Καὶ
2358 2622 2520 2691 μηδὲν
2548 2622 2745 2675 ἄτοπον
2770 2617 2928 2685 εἶναι,
2951 2622 3087 2693 ὅπερ
3110 2622 3186 2685 ὡς
3212 2623 3440 2693 φοϐερόν
3467 2641 3520 2675 τι
3547 2624 3645 2676 καὶ
3667 2642 3800 2694 φρι-

2221 2712 2391 2774 κῶδες
2422 2711 2919 2782 μορμολυττόμενος
2940 2714 2967 2764 ὀ
2989 2712 3322 2783 λογογράφος
3348 2714 3710 2784 προτείνεται,
3740 2714 3803 2766 τὸ

2221 2803 2491 2874 νεωτέρας
2530 2799 2668 2857 εἶναι
2710 2805 2807 2867 τὰς
2854 2803 2961 2856 τῶν
3004 2804 3281 2873 ὀνομάτων
3315 2803 3494 2868 θέσεις
3520 2803 3804 2874 ὁμολογεῖν

2226 2898 2318 2951 ἐπὶ
2358 2895 2553 2959 παντὸς
2585 2894 2747 2947 αὑτοῦ
2787 2893 2880 2947 τοῦ
2924 2894 3424 2965 κατονομαζομένου
3457 2897 3801 2968 πράγματος,

2225 2988 2312 3040 ἐπ’
2351 2983 2513 3039 αὑτοῦ
2555 2982 2649 3037 τοῦ
2692 2983 2846 3038 Θεοῦ.
2888 2984 2960 3036 Οὐ
3000 2983 3106 3054 γὰρ
3140 2983 3292 3054 ῥῆμα
3322 2986 3350 3038 ὀ
3386 2986 3537 3048 Θεὸς,
3575 2987 3698 3039 οὐδὲ
3745 2990 3803 3040 ἐν

2227 3080 2375 3148 φωνῇ
2406 3078 2499 3129 καὶ
2521 3075 2740 3144 φθόγγῳ
2765 3072 2877 3144 ἔχει
2903 3074 2961 3127 τὸ
2992 3071 3149 3127 εἶναι.
3183 3074 3320 3127 Ἀλλ’
3348 3076 3377 3127 ὀ
3406 3076 3502 3144 μὲν
3530 3075 3662 3140 Θεός
3683 3078 3805 3129 ἐστι

544 3153 598 3207 in
629 3168 761 3208 voce
807 3163 861 3208 et
898 3168 1034 3209 sono
1078 3168 1201 3208 esse
1246 3152 1430 3208 habet.
1474 3153 1580 3208 Sed
1622 3153 1764 3209 Deus
1787 3154 2005 3224 quidem
2038 3162 2117 3210 est

2225 3169 2342 3223 καθ’
2366 3169 2577 3233 ἑαυτὸν,
2615 3168 2643 3221 ὀ
2680 3167 2877 3239 δήποτε
2915 3167 3009 3221 καὶ
3035 3162 3173 3221 εἶναι
3202 3168 3610 3222 πεπίστευσται.
3654 3169 3809 3220 Ὀνο-

545 3270 640 3325 per
685 3254 925 3324 seipsum
949 3252 1095 3323 quod
1144 3252 1365 3324 quidem
1428 3269 1665 3324 unquam
1712 3271 1832 3310 esse
1882 3257 2125 3312 creditus

544 3360 629 3406 est
662 3370 676 3406 :
707 3353 1021 3407 nominatur
1075 3360 1260 3408 autem
1307 3354 1376 3407 ab
1416 3352 1503 3409 his
1552 3354 1645 3423 qui
1691 3354 1972 3421 invocant,
2016 3371 2124 3410 non

547 3444 726 3513 ipsum
773 3443 920 3512 quod
969 3451 1053 3498 est
1103 3443 1420 3512 (ineﬂ‘abilis
1450 3444 1594 3498 enim
1640 3454 1726 3500 est
1773 3456 1973 3499 natura
2007 3447 2126 3515 ejus

546 3536 639 3605 qui
668 3550 796 3589 vere
824 3534 950 3604 est),
984 3535 1076 3589 sed
1116 3550 1183 3589 ex
1226 3535 1312 3589 his
1343 3551 1463 3605 qua:
1492 3536 1707 3605 operari
1739 3544 1793 3590 et
1830 3538 2041 3593 eﬂieere
2070 3540 2124 3592 in

546 3628 657 3681 vita
710 3634 901 3679 nostra
948 3625 1194 3681 creditus
1226 3634 1331 3691 est,
1381 3628 1703 3697 cognomina
1747 3629 1930 3695 habet,
1964 3632 2126 3700 quale

547 3725 600 3769 et
632 3715 736 3769 hoc
769 3716 944 3785 ipsum
974 3716 1117 3784 quod
1165 3716 1219 3770 in
1269 3726 1521 3786 promptu
1550 3717 1789 3785 dicitur;
1825 3734 1948 3773 cum
1979 3721 2121 3774 enim

548 3805 716 3860 Deum
780 3808 958 3875 ipsum
1004 3807 1264 3870 dicimus,
1310 3808 1674 3877 inspectorem
1721 3817 1775 3864 et
1823 3810 2127 3879 explorato.

548 3911 687 3957 rem,
744 3906 798 3950 et
858 3897 1305 3951 absconditorum
1365 3897 1738 3967 perspicacem
1789 3901 2122 3968 cognitorem

547 3996 988 4042 commentantes
1044 4003 1329 4044 vocamus.
1392 3988 1547 4054 Quod
1605 3991 1653 4045 si
1708 3992 2124 4061 operationibus

550 4083 701 4151 prior
735 4082 948 4137 exsistit
991 4083 1253 4144 essentia,
1306 4082 1663 4152 intelligimus
1705 4091 1884 4138 autem
1931 4101 2124 4155 Opera-

549 4175 729 4229 tiones
778 4190 873 4244 per
918 4190 983 4229 ea
1016 4190 1137 4245 quae
1178 4174 1465 4237 sentimus,
1527 4176 1709 4230 verbis
1747 4192 1878 4231 vero
1924 4178 2124 4246 quibus

549 4281 843 4335 possumus
906 4267 1293 4335 cnuntiamus;
1349 4268 1473 4337 quis
1516 4268 1751 4336 amplius
1794 4268 2125 4338 relinquitur

549 4361 729 4407 metus
775 4355 999 4409 nomina
1052 4359 1361 4411 recentiora
1409 4368 1462 4411 et
1505 4357 1726 4425 juniora
1774 4359 1938 4413 rebus
1990 4360 2123 4428 ipsis

549 4443 764 4498 dicere?
801 4442 859 4498 Si
893 4446 1038 4500 enim
1084 4463 1196 4501 non
1228 4447 1381 4516 prius
1427 4447 1634 4518 aliquid
1672 4462 1859 4503 eorum
1890 4464 2010 4518 quae
2055 4450 2123 4505 de

2231 3259 2460 3330 μάζεται
2516 3260 2573 3312 δὲ
2628 3260 2779 3328 παρά
2836 3257 2943 3311 τῶν
3016 3259 3450 3328 ἐπικαλουμένων
3511 3260 3609 3312 οὐκ
3664 3262 3809 3313 αὐτὸ

2226 3352 2254 3405 ὃ
2284 3353 2461 3405 ἐστιν·
2499 3351 2771 3421 ἄφραστος
2803 3351 2911 3421 γὰρ
2951 3353 2985 3421 ἡ
3039 3351 3198 3419 φύσις
3244 3351 3337 3404 τοῦ
3376 3351 3555 3415 ὄντος·
3591 3352 3709 3405 ἀλλ’
3748 3354 3808 3419 ἐξ

2226 3436 2301 3497 ὧν
2361 3446 2600 3515 ἐνεργεῖν
2651 3461 2704 3496 τι
2756 3444 2885 3514 περὶ
2946 3442 3042 3514 τὴν
3092 3442 3234 3510 ζωὴν
3281 3440 3807 3513 ἡμῶνπεπίστευται

2225 3534 2323 3596 τὰς
2349 3534 2664 3603 ὁμωνυμίας
2694 3532 2828 3602 ἔχει,
2857 3525 2968 3585 οἷον
3001 3532 3092 3584 καὶ⁴
3124 3531 3254 3584 αὐτό
3288 3532 3463 3595 τοῦτο,
3496 3537 3553 3584 τὸ
3600 3535 3662 3585 ἐκ
3707 3534 3807 3586 τοῦ

2226 3624 2517 3694 προχείρου
2544 3621 2834 3693 λεγόμενον
2857 3638 2870 3651 ·
2904 3620 3036 3674 Θεὸν
3075 3621 3183 3692 γὰρ
3212 3622 3372 3674 αὐτὸν
3405 3620 3673 3689 λέγοντες.
3711 3623 3807 3674 τὸν

2225 3714 2417 3783 ἔφορον
2450 3716 2543 3767 καὶ
2572 3715 2842 3783 ἐπόπτην,
2890 3714 2985 3766 καὶ
3008 3713 3307 3783 διορατικὸν
3348 3713 3453 3766 τῶν
3484 3714 3807 3783 κεκρυμμέ-

2225 3824 2330 3858 νων
2366 3805 2735 3869 ἐπινοοῦντες,
2768 3803 3192 3875 ἐπικαλούμεθα.
3230 3805 3291 3857 Εἰ
3328 3804 3384 3857 δὲ
3420 3807 3805 3874 προϋφέστηκε

2222 3898 2331 3951 τῶν
2361 3898 2647 3967 ἐνεργειῶν
2676 3900 2709 3967 ἡ
2744 3897 2921 3962 οὐσία,
2951 3896 3175 3966 νοοῦμεν
3201 3896 3257 3950 δὲ
3287 3896 3384 3960 τὰς
3419 3898 3699 3968 ἐνεργείας
3736 3898 3805 3951 δι’

2224 3982 2299 4043 ὧν
2324 3989 2712 4060 αἰσθανόμεθα,
2749 3990 2954 4060 ῥήμασι
2980 3990 3034 4042 δὲ
3063 3991 3207 4052 ὅπως
3235 3988 3301 4042 ἂν
3393 3988 3612 4042 δυνατὸν
3640 3990 3805 4057 ἐξαγ-

2224 4082 2481 4152 γέλλομεν
2500 4099 2514 4112 ·
2557 4082 2639 4144 τίς
2669 4081 2748 4135 ἔτι
2780 4080 3165 4135 καταλείπεται
3200 4080 3391 4150 φόϐος,
3420 4082 3657 4152 νεώτερα
3690 4084 3806 4135 τῶν

2227 4173 2566 4246 πραγμάτων
2591 4173 2657 4226 τά
2684 4172 2920 4242 ὀνόματα
2948 4172 3154 4240 λέγεινς
3196 4173 3257 4225 El
3290 4172 3396 4242 γὰρ
3429 4172 3501 4244 μὴ
3534 4174 3803 4243 πρότερον

2225 4264 2597 4335 ἐρμηνεύομέν
2628 4282 2680 4317 τι
2710 4265 2817 4317 τῶν
2854 4265 2982 4334 περὶ
3017 4262 3152 4316 Θεοῦ
3190 4262 3525 4332 λεγομένων,
3560 4264 3689 4333 πρὶν
3737 4265 3804 4316 ἂν

2225 4355 2537 4425 νοήσωμεν·
2568 4352 2794 4423 νοοῦμεν
2825 4352 2880 4405 δὲ
2919 4352 2983 4404 δι’
3022 4345 3097 4405 ὧν
3135 4352 3199 4404 ἐκ
3239 4350 3345 4403 τῶν
3385 4349 3668 4421 ἐνεργειῶν
3716 4353 3802 4405 δι-

2224 4445 2566 4517 δασκόμεθα,
2612 4444 2992 4515 προϋφέστηκε
3031 4442 3086 4495 δὲ
3123 4441 3219 4510 τῆς
3257 4442 3533 4513 ἐνεργείας
3562 4444 3596 4511 ἡ
3638 4442 3803 4495 δύνα-

548 4533 661 4586 Deo
702 4534 964 4588 dicuntur
1010 4536 1458 4606 interpretamur,
1498 4554 1661 4609 quam
1705 4541 1888 4594 animo
1919 4556 2118 4597 conce-

2229 4555 2346 4608 μις·
2379 4540 2411 4607 ὴ
2439 4538 2496 4590 δέ
2535 4536 2764 4606 δύναμις
2802 4534 3090 4605 ἐξήρτηται
3126 4532 3218 4586 τοῦ
3263 4533 3406 4586 θείου
3436 4533 3799 4605 βουλήματος,

552 4622 816 4692 perimus,
854 4624 1208 4694 intelligimus
1256 4636 1435 4680 autem
1475 4643 1541 4681 ex
1591 4628 1676 4682 his
1714 4630 2125 4698 Operationibus

2224 4628 2283 4681 τὸ
2329 4627 2385 4681 δὲ
2429 4627 2671 4699 βούλημα
2716 4628 2773 4679 ἐν
2822 4628 2887 4698 τῇ
2933 4626 3148 4697 ἐξουσίᾳ
3190 4626 3288 4695 τῆς
3323 4626 3470 4690 θείας
3508 4626 3799 4680 ἀπόκειται

550 4730 646 4783 per
687 4729 827 4783 quas
878 4714 1157 4778 docemur,
1204 4717 1465 4785 praecedit
1514 4727 1695 4773 autem
1752 4722 2121 4790 operationem

2224 4717 2464 4786 φύσεως·
2533 4713 2618 4789 ἆρ’
2642 4717 2701 4769 οὐ
2738 4716 2923 4784 σαφῶς
2950 4715 3326 4785 διδασκόμεθα,
3357 4716 3438 4768 ὅτι
3465 4717 3797 4784 ἐπιγίνονται

548 4806 745 4870 virtus,
778 4806 954 4861 virtus
977 4821 1106 4859 vero
1132 4807 1332 4875 pendet
1368 4825 1435 4863 ex
1471 4809 1658 4864 divina
1690 4812 1990 4876 voluntate,
2031 4829 2121 4867 vo-

2224 4812 2336 4873 τοῖς
2361 4808 2678 4880 πράγμασιν
2721 4810 2775 4861 αἱ
2806 4808 3133 4879 σημαντικαὶ
3171 4808 3277 4861 τῶν
3310 4808 3605 4878 γινομένων
3634 4826 3797 4878 προσ-

549 4896 734 4952 luntas
766 4906 952 4954 autem
992 4897 1047 4953 in
1092 4907 1365 4968 potestate
1408 4900 1603 4955 divina:
1641 4912 1853 4957 natura:
1887 4908 2121 4976 reposita

2224 4899 2465 4969 ηγορίαι,
2493 4898 2586 4951 καὶ
2631 4898 2818 4969 ὥσπερ
2866 4900 3012 4951 σκιαὶ
3048 4898 3153 4950 τῶν
3191 4898 3528 4968 πραγμάτων
3566 4901 3703 4951 εἰσὶν
3741 4902 3794 4952 αἱ

548 4999 651 5044 est:
697 5004 875 5046 nonne
904 4990 1072 5061 igitur
1112 4990 1314 5046 diserte
1341 4992 1620 5059 docemur,
1658 4997 1804 5065 quod
1832 4999 1997 5054 rebus
2025 4999 2123 5053 ad-

549 5091 849 5137 nascantur
878 5097 1068 5136 eorum
1108 5099 1227 5154 quae
1258 5084 1446 5139 insunt
1477 5085 1849 5155 signiﬁeativze
1893 5090 2125 5159 appella-

550 5174 750 5238 tiones,
797 5183 851 5229 et
886 5176 1033 5230 velut
1073 5176 1282 5231 umbrae
1319 5192 1500 5231 rerum
1534 5186 1667 5232 sunt
1696 5194 1859 5235 voces
1904 5181 1971 5235 ad
2007 5196 2123 5235 mo-

549 5262 725 5317 tiones
758 5278 947 5317 eorttm
975 5279 1096 5334 quae
1128 5264 1183 5318 in
1222 5265 1356 5335 ipsis
1398 5268 1675 5322 exsistunt
1706 5268 1985 5338 ﬁguratae?
2022 5271 2121 5324 At-

547 5369 654 5423 que
686 5354 798 5409 htec
837 5354 913 5408 ita
961 5370 1085 5410 esse
1113 5357 1260 5411 clare
1289 5359 1585 5426 persuadet
1614 5358 1796 5413 divina
1838 5359 2118 5429 Scriptura

551 5458 647 5513 per
692 5458 949 5513 magnum
1010 5444 1297 5505 Davidem,
1361 5447 1453 5518 qui
1511 5447 1677 5502 veluti
1720 5463 1816 5518 per
1868 5451 2114 5518 quaedam

550 5531 769 5600 propria
808 5540 860 5586 et
893 5540 1090 5600 agnata
1129 5534 1372 5597 nomina,
1413 5549 1533 5603 quae
1566 5534 1666 5604 ipsi
1704 5551 1766 5588 ex
1801 5536 2116 5604 operatione

549 5622 768 5690 cognita
800 5631 980 5690 erant,
1025 5623 1263 5677 divinam
1316 5631 1568 5678 naturam
1605 5627 1684 5680 sic
1719 5625 1971 5695 appellat.
2013 5626 2114 5679 Mi-

554 5712 794 5775 sericors,
836 5713 1031 5784 inquit,
1078 5722 1125 5767 cl
1161 5713 1441 5769 miserator
1484 5714 1759 5780 Dominus,
1801 5716 2111 5786 luugauimt's

2220 4991 2395 5059 φωναὶ
2427 4990 2558 5061 πρὸς
2582 4990 2679 5054 τὰς
2705 4991 2943 5060 κινήσεις
2975 4989 3081 5043 τῶν
3109 4988 3430 5058 ὑφεστώτων
3462 4992 3794 5059 σχηματιξός

2224 5100 2413 5153 μεναι;
2457 5083 2565 5135 Καὶ
2590 5083 2671 5135 ὅτι
2706 5082 2879 5136 ταῦτα
2924 5081 3093 5145 οὕτως
3126 5080 3272 5151 ἔχει,
3310 5081 3484 5134 πείθει
3537 5082 3726 5149 σαφῶς
3762 5085 3793 5152 ἡ

2222 5173 2339 5225 θεία
2368 5173 2558 5245 Γραφὴ
2586 5172 2672 5225 διὰ
2706 5172 2799 5225 τοῦ
2832 5170 3064 5242 μεγάλου
3097 5171 3275 5233 Δαϐὶδ,
3306 5170 3398 5223 τοῦ
3430 5172 3682 5242 καθάπερ
3709 5173 3793 5226 Eii

2222 5282 2380 5318 τινων
2429 5265 2571 5318 ἰδίων
2619 5267 2713 5319 καὶ
2758 5264 3047 5338 προσφυῶν
3094 5263 3403 5333 ὀνομάτων,
3446 5264 3557 5316 τῶν
3592 5266 3657 5317 ἐκ
3698 5266 3792 5334 τῆς

2222 5357 2500 5426 ἐνεργείας
2530 5355 2676 5426 αὐτῷ
2716 5354 3044 5427 νοηθέντων,
3076 5355 3170 5427 τὴν
3202 5356 3348 5409 θείαν
3382 5355 3541 5424 φύσιν
3586 5357 3789 5409 ἀνακαι

2219 5447 2454 5511 λοῦντος.
2484 5448 2806 5515 Οὶκτίρμων
2822 5444 2961 5516 γὰρ,
2992 5448 3173 5517 φησιν,
3207 5448 3301 5500 καί
3328 5446 3599 5514 ἐλεήμων
3624 5448 3655 5499 ό
3684 5447 3790 5499 Κίκ-

2210 5557 2364 5607 ριος,
2392 5541 2770 5607 μακρόθυμος
2800 5539 2897 5591 καὶ
2928 5536 3276 5602 πολυένιεος.
3315 5535 3497 5588 Ταῦτα
3539 5537 3718 5588 τοίνυν
3743 5536 3788 5587 τί

2217 5627 2461 5694 λέγουσιν
2507 5626 2782 5697 ἐνεργείας
2824 5625 2966 5697 ἔχειν
3006 5625 3102 5697 τὴν
3130 5626 3433 5696 σημασίαν,
3466 5625 3499 5696 ἢ
3543 5626 3779 5696 φύσεως;

2217 5720 2329 5774 υὺκ
2361 5720 2424 5775 ἄν
2456 5737 2536 5784 τις
2569 5719 2693 5774 ἄλλο
2731 5737 2783 5772 τι
2825 5719 2974 5792 παρά
3013 5721 3111 5790 τὴν
3144 5720 3420 5791 ἐνέργειαν
3455 5720 3605 5791 εἴπῃ.
3658 5719 3782 5769 Πότε
