4034 6470
199 315 299 372 961

1318 303 1598 359 CONTRA
1635 301 2024 367 EUNOMIUM,
2068 303 2199 357 LIB.
2240 301 2355 356 ΧΠ.

3344 304 3449 360 962

192 419 373 474 τοίνυν
406 418 701 489 ἐνεργήσας
734 419 859 481 τούς
886 417 1202 490 οίκτιρμούς
1226 420 1255 472 6
1274 416 1460 489 Θέὸςῆ
1488 418 1580 471 τὸν
1605 417 1775 481 ἔλεον,

1910 426 1927 469 t
1965 416 2190 471 multum
2220 417 2517 473 misericors
2537 420 2603 473 ”.
2636 419 2773 487 Quid
2808 414 2970 491 igitur
3006 420 3230 478 dicunt?
3252 422 3448 481 Utrum

192 512 354 581 ἔσχεν
386 512 450 563 ὲκ
475 509 575 574 τῆς
608 510 885 581 ἐνεργείας
912 510 972 562 τὸ
999 510 1203 580 ὅνομα;
1234 506 1380 580 *Δρα
1423 510 1529 580 πρὸ
1554 510 1654 579 τῆς
1693 510 1787 563 ἀνο

194 604 473 675 θρωπίνης
510 601 689 672 ζωῆς;
732 604 840 658 Καὶ
868 604 952 667 τίς
984 599 1053 675 ἦν
1091 606 1119 657 6
1156 604 1251 656 τοῦ
1279 604 1461 667 ἐλέους
1500 604 1783 675 δεόμενος;

196 694 334 748 ἀλλὰ
365 694 503 765 μετὰ
525 695 624 764 τὴν
650 696 925 767 ἁμαρτίαν
950 697 1169 759 πάντως
1191 711 1206 725 ·
1233 697 1266 766 ἡ
1293 696 1352 748 δὲ
1375 695 1617 765 ἁμαρτία
1650 696 1787 765 μετὰ

197 784 290 836 τὸν
321 784 626 855 ἄνθρωπον.
651 785 860 839 Οὐκοῦν
894 784 1033 855 μετά
1055 786 1148 839 τὸν
1178 785 1462 858 ἄνθρωπον
1502 784 1651 855 καὶὴ
1691 785 1785 838 τοῦ

199 874 373 927 ἐλεεῖν
401 875 651 946 ἐνέργεια
671 915 684 937 ,
715 877 806 929 καὶ
831 875 923 929 τοῦ
951 877 1102 929 ελέου
1130 874 1389 947 τούνομα.
1422 877 1487 929 Τί
1522 871 1618 931 οῦν
1638 875 1746 947 ἄρα
1770 892 1786 942 ;

200 967 296 1034 Μὴ
322 967 417 1021 καὶ
446 965 541 1019 τοῦ
571 966 734 1020 Δαὸὶδ
758 966 1207 1035 καταγνώσεται,
1240 971 1269 1021 6
1310 968 1449 1038 ὑπὲρ
1489 968 1618 1030 τοὺς
1652 982 1789 1038 προ-

203 1061 382 1126 φήτας
413 1057 624 1127 φρονῶν
644 1072 658 1087 ⁸
700 1059 783 1111 ὅτι
809 1058 875 1110 δι’
910 1051 985 1111 ὧν
1024 1058 1215 1130 ἐνόησε
1246 1059 1339 1111 τὸν
1368 1058 1521 1126 Θεὸν,
1549 1058 1637 1113 διὰ
1668 1058 1791 1112 τού-

203 1167 314 1202 των
338 1148 653 1218 ὡνόμασενς
690 1151 759 1201 Ἢ
798 1149 894 1204 καὶ
919 1149 1056 1220 πρὸς
1084 1150 1245 1202 αὐτὸν
1270 1150 1664 1221 ζυγομαχήσει,
1690 1152 1789 1220 τὴν

207 1239 415 1311 σεμνὴν
455 1241 671 1310 ἐκείνην
706 1239 893 1311 ὥσπερ
926 1242 990 1293 ὲκ
1017 1242 1325 1312 τραγῳδίας
1360 1242 1654 1313 προτείνων
1693 1243 1791 1313 ῥῆ-

206 1350 334 1395 σιν,
424 1333 512 1385 ὅτι
549 1332 648 1402 τὴν
685 1332 1112 1403 μακαριωτάτην
1160 1334 1253 1386 τοῦ
1295 1334 1428 1388 Θεοῦ
1474 1334 1638 1406 ζωὴν,
1680 1337 1791 1397 τοῖς

206 1422 468 1495 περὶτῆς
514 1424 757 1488 ἐπινοίας
788 1424 1011 1492 ἀγάλλει
1057 1425 1319 1495 ὀνόμασι,
1353 1426 1451 1496 τὴν
1492 1427 1576 1494 ἐφ’
1623 1427 1789 1496 ἑαυτῇ

211 1516 351 1587 μόνῃ
384 1515 479 1568 καὶ
508 1515 612 1585 πρὸ
638 1514 733 1585 τῆς
761 1515 870 1567 τῶν
900 1516 1259 1570 ἐπινοούντων
1287 1517 1588 1587 γεννήσεως
1634 1516 1793 1584 ἀγαλ-

208 1604 467 1676 λομένην;
512 1604 658 1675 Ἑρεῖ
697 1604 806 1675 γὰρ
852 1606 1069 1670 πάντως
1103 1609 1133 1661 6
1185 1606 1326 1675 ὑπὲρ
1366 1607 1460 1661 τοῦ
1504 1609 1790 1676 Προφήτου

210 1699 418 1766 λέγων’
448 1698 531 1752 ὅτι
557 1699 591 1769 ἡ
618 1699 715 1768 μὲν
742 1697 862 1751 θεία
888 1699 1047 1768 φύσις
1073 1698 1156 1768 ἐφ’
1189 1701 1357 1769 ἑαυτῇ
1401 1701 1535 1772 μόνῃ
1565 1700 1793 1768 ἀγάλλε-

209 1809 323 1854 ται,
356 1790 453 1845 καὶ
472 1790 580 1861 πρὸ
606 1790 706 1860 τῆς
732 1791 841 1843 τῶν
862 1791 1217 1846 ἐπινοούντων
1240 1792 1505 1860 γενέσεως
1526 1810 1539 1824 ·
1565 1795 1595 1846 6
1615 1793 1671 1845 δὲ
1700 1793 1791 1845 ὰν-
1825 1773 1865 1827 Β

212 1878 485 1950 θρώπινος
530 1877 683 1941 νοῦς,
718 1880 840 1932 ὅσον
897 1883 1065 1950 χωρεῖ
1106 1880 1197 1935 διὰ
1238 1881 1346 1934 τῶν
1380 1882 1671 1954 ἐνεργειῶν
1718 1882 1794 1934 δι-

209 1968 568 2039 δασκόμενος,
603 1969 857 2024 τοσοῦτον
887 1970 1202 2040 φθέγγεται.
1258 1974 1353 2026 Ἐκ
1392 1973 1500 2044 γὰρ
1532 1972 1795 2043 μεγέθους

214 2059 308 2112 καὶ
332 2057 592 2127 καλλονῆς
620 2060 935 2128 κτισμάτων
965 2060 1245 2129 ἀναλόγως
1268 2063 1302 2132 ἡ
1328 2062 1499 2130 Σοφία
1528 2060 1681 2130 φησὶ,
1706 2060 1796 2115 τὸν

214 2150 435 2202 πάντων
475 2149 856 2218 γενεσιουργὸν
901 2149 1245 2221 θεωρεῖσθαι.
1302 2151 1385 2220 Τῇ
1428 2150 1487 2203 δὲ
1537 2150 1655 2219 θείᾳ
1703 2149 1800 2202 καὶ

216 2241 557 2313 ὐπερεχούσῃ
585 2243 763 2295 πάντα
795 2241 919 2295 νοῦν
948 2244 1107 2315 οὐσίᾳ
1130 2243 1229 2306 τὰς
1250 2244 1504 2306 τοιαύτας
1534 2259 1801 2314 προσηγο-

219 2335 344 2405 ρίας
371 2333 809 2405 ἐπιφημίζομεν,
857 2336 957 2388 οὐκ
998 2336 1213 2406 εκείνην
1255 2335 1578 2404 ἀγάλλοντες
1614 2335 1680 2388 δι’
1726 2330 1802 2390 ὧν

215 2424 591 2496 ὀνομάζομεν,
622 2425 735 2479 ἀλλ’
775 2427 922 2497 ἡμᾶς
970 2425 1165 2488 αὐτοὺς
1214 2425 1303 2479 διὰ
1348 2426 1457 2478 τῶν
1496 2426 1802 2496 λεγομένων

216 2518 536 2586 ὁδηγοῦντες
557 2517 692 2588 πρὸς
716 2518 815 2588 τὴν
842 2517 949 2570 τῶν
987 2516 1243 2589 κρυπτῶν
1280 2518 1623 2586 κατανόησιν.
1670 2512 1803 2571 Elea

217 2609 298 2680 τῷ
327 2610 517 2680 Κυρίῳ
544 2611 705 2680 φησὶν
749 2612 777 2662 6
806 2611 1095 2681 Προφήτης
1121 2626 1134 2640 ο
1174 2611 1318 2675 Θεός
1352 2625 1471 2678 μου
1499 2605 1561 2662 εἷ
1577 2608 1680 2676 σὺ,
1717 2608 1806 2662 ὅτι

219 2701 342 2755 τῶν
395 2701 631 2771 ἀγαθῶν
661 2720 780 2772 μου
813 2704 885 2756 οὐ
932 2704 1142 2771 χρείαν
1186 2703 1364 2770 ἔχεις.
1410 2700 1534 2765 Πῶς
1586 2697 1677 2755 οὖν
1708 2701 1806 2772 τὴν

225 2794 647 2864 μακαριωτάτην
677 2793 771 2846 τοῦ
804 2793 938 2846 Θεοῦ
973 2792 1116 2864 ζωὴν
1141 2834 1155 2859 ,
1196 2796 1356 2864 ἡμεῖς
1386 2792 1557 2855 οὕτως
1578 2834 1591 2856 ,
1626 2791 1807 2855 καθώς

223 2895 387 2952 φησιν
403 2875 576 2945 οὗτος,
600 2880 923 2953 ἀγαλλομεν,
946 2883 1012 2953 ἢν
1042 2900 1203 2954 φησιν
1233 2886 1261 2936 6
1290 2884 1580 2954 Προφήτης
1602 2884 1808 2954 ἀπροσ-

223 2971 322 3041 δεῆ
372 2970 483 3025 τῶν
524 2971 877 3043 ἀνθρωπίνων
906 2968 1042 3027 εἶναι
1072 2974 1287 3040 καλῶν;
1326 2975 1396 3027 Ἢ
1429 2973 1548 3027 ἀντὶ
1576 2973 1671 3027 τοῦ
1702 2975 1809 3026 όνο-

226 3062 424 3134 μάζειν
460 3062 521 3116 τὸ
552 3064 808 3133 ἀγάλλειν
841 3064 1048 3135 ἐνόησε.
1089 3065 1198 3117 Καὶ
1228 3062 1334 3135 μὴν
1362 3063 1630 3134 ἀκούομεν
1660 3064 1810 3135 παρά

223 3153 339 3208 τῶν
358 3152 535 3223 ὀρθῶς
562 3156 630 3225 τῇ
657 3154 798 3222 λέξει
823 3155 1141 3227 χρωμένων,
1176 3156 1270 3208 καὶ
1298 3154 1364 3208 δι’
1391 3154 1675 3224 ἀκρισείας
1700 3155 1807 3208 τῶν
1834 3140 1876 3196 C

225 3241 508 3314 ὀνομάτων
553 3242 652 3314 τὴν
701 3244 894 3315 χρῆσιν
932 3243 1550 3315 παραπεπαιδευμένων,
1599 3243 1674 3314 μὴ
1717 3244 1808 3297 ἐπὶ

226 3332 390 3404 ψιλῆς
421 3333 520 3403 τῆς
553 3333 839 3406 δηλώσεως
878 3334 975 3406 τὴν
1004 3335 1097 3388 τοῦ
1128 3335 1382 3404 ἀγάλλειν
1413 3336 1669 3405 τετάχθαι
1698 3353 1809 3404 φω-

226 3426 328 3496 νήν
349 3442 362 3454 ·
396 3424 534 3479 ἀλλά
563 3426 626 3480 τὸ
657 3428 756 3497 μὲν
786 3427 1024 3481 τοιοῦτον
1049 3427 1081 3497 ἦ
1112 3428 1431 3498 γνωρίζειν,
1460 3428 1494 3499 ἢ
1523 3427 1735 3498 δηλοῦν,
1773 3427 1807 3497 ἢ

231 3516 548 3587 σημαίνειν,
584 3516 617 3587 ἢ
660 3516 787 3571 ἄλλο
819 3534 872 3570 τι
898 3518 1305 3589 τοιουτότροπον
1340 3517 1609 3586 λέγεσθαι.
1650 3519 1721 3572 Τὸ
1752 3520 1810 3573 δὲ

228 3606 484 3675 ἀγάλλειν
512 3602 629 3660 ἶσόν
658 3609 775 3660 ἐστι
819 3607 898 3678 τῷ
937 3609 1356 3679 ἐπικαυχᾶσθαι,
1389 3611 1483 3664 καὶ
1510 3611 1810 3681 ὲπευφραίκ

231 3698 441 3762 νεσθαι,
472 3699 565 3751 καὶ
592 3698 648 3751 εί
669 3716 722 3753 τι
764 3700 862 3770 τῆς
887 3700 1141 3771 τοιαύτης
1170 3704 1459 3772 ἐμφάσεως
1500 3703 1700 3773 ἔχεται.
1751 3701 1812 3757 Ὁ

232 3789 289 3842 δέ
329 3805 497 3860 φησιν
522 3790 668 3859 ἡμᾶς
704 3794 815 3853 τοῖς
840 3790 938 3859 τῆς
981 3792 1220 3854 ἐπινοίας
1247 3792 1474 3862 ὀνόμασι
1506 3793 1606 3862 τὴν
1637 3808 1813 3862 μακα-

236 3880 361 3952 ρίαν
391 3881 648 3948 ἀγάλλειν
667 3880 831 3953 ζωήν.
863 3881 1051 3952 Ἡμεῖς
1067 3881 1125 3934 δὲ
1148 3882 1463 3951 προσθεῖναι
1491 3882 1589 3954 μέν
1608 3901 1727 3937 τινα
1743 3885 1809 3955 τῇ

234 3972 359 4043 θείᾳ
392 3973 549 4042 φύσει
575 3973 739 4044 τιμὴν
766 3976 840 4045 τῇ,
863 3974 1003 4046 ὑπὲρ
1029 3976 1209 4028 πᾶσαν
1244 3974 1380 4049 οῦσῃ
1407 3973 1591 4046 τιμὴν,
1631 3974 1813 4044 μεῖζον

233 4064 268 4134 ἢ
294 4066 439 4119 κατά
462 4064 561 4138 τὴν
589 4064 868 4119 ἀσθένειαν
889 4066 987 4136 τὴν
1016 4064 1360 4137 ἀνθρωπίνην
1385 4064 1611 4136 οἰόμεθα
1627 4079 1641 4093 ⁸
1670 4073 1812 4133 γνω-

237 4157 388 4229 ρίσαι
408 4157 465 4210 δέ
493 4173 546 4209 τι
577 4156 685 4209 τῶν
713 4157 842 4229 περὶ
869 4158 1037 4227 αὐτὴν
1064 4158 1151 4213 διὰ
1174 4157 1283 4211 τῶν
1311 4155 1550 4219 εὐσεϐῶς
1572 4159 1815 4209 ἐπινοοῦ-

240 4245 422 4315 μένων
453 4244 711 4315 ῥημάτων
735 4262 793 4299 τε
823 4246 917 4299 καὶ
944 4246 1220 4316 ὀνομάτων
1249 4246 1545 4315 ἐπιχειρεῖν
1574 4245 1674 4297 οὐκ
1715 4246 1817 4315 ἀρ.

237 4335 496 4407 νοὺμεθα.
526 4336 635 4389 Καὶ
654 4335 744 4389 διὰ
766 4335 924 4389 τοῦτο
943 4337 1065 4389 καθ’
1090 4338 1212 4391 ὅσον
1232 4336 1455 4389 δυνατὸν
1478 4337 1607 4407 ἡμῖν
1635 4335 1696 4388 τὸ
1723 4337 1816 4389 εὐ-

1885 507 2001 560 ιιιεο
2036 506 2255 559 nomina
2299 509 2633 577 Operationis
2661 511 2863 563 habent
2902 512 3323 582 signiﬁcantiam
3363 518 3449 572 vel

1887 598 2132 653 naturae?
2183 614 2289 652 non
2333 600 2481 653 aliud
2516 603 2641 669 quis
2680 611 2876 670 praeter
2914 612 3119 668 actum,
3173 606 3287 661 sive
3322 622 3453 678 ope-

1887 690 2152 743 rationem
2191 689 2408 745 dixerit.
2461 689 2692 756 Quando
2724 692 2891 761 igitur
2929 704 3188 763 operatus
3222 697 3454 752 misera-

1889 780 2066 834 tiones
2100 782 2183 835 vel
2220 781 2676 849 miscricordiam,
2718 783 2861 838 Deus
2882 800 2950 839 ex
2990 786 3082 840 illa
3112 792 3451 858 operatione,

1889 872 1992 926 hoc
2030 887 2229 926 nomen
2259 874 2537 927 obtinuit?
2566 874 2704 928 Num
2753 887 2880 931 ante
2914 877 3211 933 humanam
3244 882 3407 934 vitam
3429 882 3455 935 τ

1890 962 1956 1017 Et
1988 966 2112 1033 quis
2143 973 2261 1019 erat
2304 966 2399 1035 qui
2436 967 2811 1022 misericordia
2845 969 3156 1039 indigebat?
3195 970 3299 1028 Sed
3335 982 3456 1042 post

1891 1064 2173 1124 peccatum
2201 1056 2453 1111 omnino:
2486 1066 2768 1125 peccatum
2805 1068 2985 1114 autem
3015 1069 3138 1129 post
3162 1061 3453 1117 hominem.

1891 1147 2034 1216 Ergo
2067 1155 2191 1216 post
2225 1147 2499 1202 hominem
2539 1149 2835 1203 miserandi
2871 1159 3027 1206 actus
3062 1160 3119 1207 et
3148 1154 3459 1209 misericor-

1890 1235 1994 1313 dia:
2049 1253 2271 1292 nomen.
2328 1238 2468 1304 Quid
2520 1240 2725 1310 igitur?
2772 1240 3027 1313 Nunquid
3081 1253 3134 1299 et
3200 1244 3459 1302 Davidelu

1891 1328 2297 1394 condemnabit,
2352 1331 2440 1400 qui
2489 1346 2657 1401 super
2711 1333 3004 1403 prephetas
3048 1336 3287 1406 sapiens,
3330 1339 3459 1408 quia

1893 1434 1992 1488 per
2044 1434 2166 1488 qua:
2224 1418 2392 1474 Deum
2446 1422 2616 1488 novit,
2675 1437 2771 1493 per
2817 1424 2932 1479 haec
2995 1427 3333 1481 nominavit?
3375 1430 3457 1483 An

1892 1507 2055 1561 etiam
2094 1508 2358 1564 adversus
2402 1510 2579 1579 ipsum
2622 1511 2857 1566 nobilem
2910 1514 3058 1568 illam
3093 1513 3351 1585 tanquam
3393 1534 3460 1572 ex

1893 1599 2159 1668 tragmdia
2195 1599 2485 1655 dictionem
2528 1602 2862 1671 protendens
2905 1606 3288 1672 recalcitrabit,
3316 1610 3462 1678 quod

1895 1705 2005 1745 non
2035 1701 2251 1760 oportet
2290 1692 2664 1747 beatissimam
2710 1694 2804 1750 Dei
2850 1696 3015 1750 vitam
3049 1700 3360 1756 nominibus
3394 1717 3461 1756 ex

1895 1782 2174 1836 hominum
2209 1784 2674 1839 commentatione
2705 1786 2886 1841 ductis
2917 1788 3211 1855 exsultare,
3256 1807 3377 1862 qua:
3407 1793 3463 1847 in

1897 1876 2076 1944 seipsa
2126 1876 2241 1929 sola
2285 1885 2340 1928 et
2378 1884 2504 1930 ante
2540 1876 2962 1947 intelligentiqu
3011 1890 3190 1936 ortum
3226 1886 3466 1939 exsulta-

1898 1967 2029 2020 bat?
2056 1966 2215 2023 Dicet
2237 1968 2382 2023 enim
2412 1969 2577 2040 plane
2600 1972 2694 2040 qui
2726 1970 3011 2043 Propheta:
3040 1988 3262 2030 causam
3298 1990 3462 2048 agere

1898 2060 2149 2119 voluerit,
2180 2061 2326 2129 quod
2374 2060 2557 2115 divina
2597 2073 2746 2118 certe
2788 2074 2986 2120 natura
3027 2067 3083 2122 in
3129 2070 3307 2139 seipsa
3350 2071 3467 2124 sola

1898 2150 2231 2211 exsultabat,
2271 2157 2328 2205 et
2378 2159 2505 2205 ante
2556 2152 2974 2223 intelligentium
3023 2158 3467 2227 generationem;

1902 2239 1997 2294 sed
2044 2256 2199 2295 mens
2227 2240 2484 2306 humana,
2519 2252 2781 2312 quantum
2828 2248 2970 2316 capit
3011 2263 3107 2317 per
3148 2248 3246 2303 has
3277 2265 3473 2320 opera-

1902 2331 2081 2386 tiones
2107 2332 2321 2396 educta,
2375 2342 2584 2389 tantum
2629 2335 2943 2405 alloquitur.
2980 2338 3113 2393 Nam
3140 2356 3207 2396 ex
3254 2350 3473 2398 creatu-

1905 2436 2089 2476 rarum
2135 2425 2508 2493 magnitudine
2550 2438 2605 2482 et
2648 2430 3074 2498 pulchritudine,
3117 2435 3474 2504 proportione

1904 2512 2141 2583 quadam
2207 2513 2488 2586 Sapientia
2543 2519 2768 2588 dicit",
2813 2523 3055 2577 omnium
3112 2526 3361 2595 Opiﬁcem
3420 2536 3475 2583 et

1905 2604 2205 2673 genitorem
2253 2608 2609 2662 considerari.
2668 2610 2723 2664 ln
2774 2611 2955 2667 divina
3000 2622 3181 2669 autem
3229 2624 3283 2670 et
3317 2608 3477 2673 exqu

1908 2700 2134 2761 perante
2161 2708 2379 2750 omnem
2412 2696 2747 2751 intellectum
2782 2703 3040 2768 essentia,
3071 2705 3204 2761 tales
3236 2709 3476 2777 appellav-

1909 2783 2086 2839 tiones
2137 2786 2518 2851 celebramus,
2568 2806 2677 2844 non
2729 2792 2874 2846 illam
2929 2810 3053 2848 cum
3113 2799 3477 2857 exsultatione

1909 2874 2199 2931 laudantes
2228 2892 2326 2945 per
2363 2894 2487 2948 quae
2517 2882 2901 2951 nominamus;
2950 2886 3044 2940 sed
3076 2902 3176 2943 nos
3201 2889 3347 2958 ipsos
3379 2907 3477 2960 per

1909 2980 1974 3020 ea
2006 2982 2128 3035 qua:
2156 2967 2416 3022 dicuntur
2461 2971 2760 3042 dirigentes
2806 2975 2873 3029 ad
2916 2979 3253 3034 occultorum
3284 2985 3478 3053 cogni-

1914 3058 2137 3113 tionem.
2184 3059 2386 3117 Deinde
2417 3061 2646 3119 Domiuo
2670 3066 2804 3121 dicit
2828 3067 3117 3137 Propheta,
3161 3072 3296 3127 Deus
3334 3092 3479 3129 meus

1908 3167 1963 3204 es
1991 3161 2066 3214 tu,
2114 3155 2363 3222 quoniam
2406 3155 2662 3210 bonorum
2698 3175 2929 3213 meorum
2973 3178 3077 3216 non
3098 3180 3212 3233 eges
3235 3166 3296 3219 “.
3328 3167 3480 3233 Qum

1909 3241 2073 3297 modo
2099 3244 2267 3313 igitur
2292 3246 2663 3303 beatissimam
2706 3249 2802 3310 Dei
2834 3252 3018 3318 vitam,
3056 3255 3137 3309 sic
3182 3272 3306 3322 nos,
3337 3261 3481 3315 sicut

1910 3333 2012 3387 iste
2043 3341 2311 3399 autumat,
2340 3352 2690 3406 exornamus,
2734 3356 2896 3410 quam
2928 3341 3194 3413 Propheta
3222 3348 3483 3417 prmdicat

1912 3423 2276 3491 humanorum
2325 3427 2591 3482 bonorum
2630 3445 2737 3484 non
2785 3447 2909 3488 esse
2951 3434 3227 3506 indigam?
3269 3442 3350 3495 An
3381 3457 3483 3510 pro

1914 3516 2079 3571 verbo
2131 3517 2456 3587 ὀνομάζειν,
2510 3523 2813 3585 nominare,
2874 3528 3203 3597 excogitavit
3256 3532 3483 3589 verbum

1910 3607 2183 3675 ἀγάλλειν,
2228 3610 2374 3679 quod
2420 3622 2506 3666 est
2551 3614 2863 3672 exsultare?
2904 3618 3081 3687 Atque
3129 3621 3384 3679 audimus
3415 3641 3482 3681 ex

1916 3696 2002 3752 his
2035 3699 2127 3767 qui
2160 3707 2309 3755 recte
2333 3701 2500 3755 verbo
2533 3712 2782 3770 utuntur,
2814 3715 2869 3760 et
2898 3708 2988 3772 qui
3032 3721 3221 3764 exacta
3268 3714 3485 3768 subtili-

1914 3796 2024 3842 tate
2056 3789 2345 3845 verborum
2381 3807 2540 3846 usum
2582 3793 2913 3860 didicerunt,
2948 3812 3055 3852 non
3097 3815 3196 3869 pro
3226 3802 3368 3857 nuda
3407 3807 3485 3859 si-

1914 3878 2257 3949 gniﬁcatione
2312 3880 2415 3934 hoc
2478 3883 2702 3937 verbum
2753 3884 3005 3951 ἀγάλλειν
3058 3890 3325 3956 construi,
3383 3893 3481 3947 sed

1916 3971 2018 4025 hoc
2047 3970 2152 4025 tale
2179 3970 2267 4025 vel
2296 3979 2487 4025 notum
2517 3971 2717 4036 facere,
2747 3975 2832 4028 vel
2862 3975 3162 4042 declarare,
3199 3979 3280 4034 vel
3309 3982 3482 4051 signi-

1915 4061 2100 4125 ﬁcare,
2156 4061 2243 4116 vel
2286 4061 2432 4116 aliud
2495 4061 2754 4131 quiddam
2813 4064 2906 4118 tali
2952 4066 3118 4120 modo
3158 4067 3287 4123 dici.
3348 4069 3484 4126 Ver-

1915 4150 2043 4207 bum
2083 4157 2266 4205 autem
2320 4150 2573 4220 ἀγάλλειν
2612 4151 2753 4207 idem
2806 4161 2923 4220 est,
2977 4157 3122 4225 quod
3177 4161 3481 4231 exsultare,

1914 4243 2157 4313 gloriari,
2208 4242 2401 4305 laetari,
2453 4251 2511 4298 et
2558 4243 2606 4297 si
2657 4243 2787 4313 quid
2822 4245 2982 4300 talem
3026 4246 3483 4317 signiﬁcationem

1916 4335 2102 4391 habet.
2136 4335 2234 4391 llic
2264 4342 2443 4390 autem
2476 4335 2610 4390 dicit
2650 4351 2751 4392 nos
2789 4339 3122 4405 nominibus,
3170 4357 3240 4397 ex
3288 4348 3486 4404 mentis

238 4427 399 4489 σεὸὲς
433 4427 761 4497 ἰχνεύοντες,
803 4428 865 4480 τὸ
900 4429 974 4499 μὴ
1007 4428 1066 4495 ἐξ
1104 4428 1282 4491 αἰτίας
1314 4426 1714 4498 ὑπερκειμένης
1754 4427 1806 4479 τὸ

1917 4427 2375 4483 commentatione
2404 4426 2610 4489 ductis,
2646 4429 2813 4483 vitam
2860 4429 3072 4485 beatam
3111 4432 3386 4502 ἀγάλλειν,
3428 4438 3485 4493 id

236 4517 458 4587 πρῶτον
486 4519 657 4571 αἴτιον
680 4520 776 4590 τὴν
801 4520 1096 4573 ὑπόστασιν
1115 4520 1281 4590 ἐχειν,
1301 4517 1809 4588 ηταλαμόάνομεν.

245 4615 423 4681 ὀπερ
451 4611 501 4662 εί
533 4610 632 4680 μὲν
653 4610 729 4673 ὡς
752 4610 949 4681 ἀληθὲς
978 4611 1288 4681 ἀποδέχοιτό
1315 4628 1418 4673 τις,
1444 4608 1723 4665 ἐπαινετὸν
1746 4608 1813 4663 ἂν

238 4702 329 4771 ein
360 4702 450 4755 διὰ
467 4702 567 4773 τὴν
588 4702 844 4774 ἀλήθειαν
877 4702 1063 4774 μόνην.
1089 4703 1153 4757 El
1179 4702 1234 4755 δὲ
1259 4702 1336 4766 ὼς
1368 4702 1550 4773 μεῖζον
1571 4701 1681 4754 τῶν
1706 4701 1815 4755 λοι-

238 4795 361 4847 πῶν
384 4794 492 4849 τῶν
520 4795 650 4866 περὶ
672 4795 770 4866 τὴν
800 4795 949 4849 θείαν
977 4793 1136 4865 φύσιν
1159 4792 1463 4864 νοουμένων
1488 4792 1549 4846 τὸ
1574 4793 1813 4847 τοιοῦτον

239 4886 441 4954 κρίνοι,
473 4887 569 4938 κα)⁵
592 4885 679 4938 διὰ
705 4886 861 4940 τοῦτο
895 4886 1033 4959 μόνῃ
1062 4883 1233 4956 ταύτῃ
1262 4885 1329 4955 τῇ
1370 4884 1635 4954 ὑπολήψει
1666 4884 1812 4953 λέγοι

236 4978 335 5031 τὸν
379 4977 510 5031 Θεὸν
543 4979 947 5050 ὲπιγαυριῶντα
988 4980 1083 5032 καὶ
1125 4977 1580 5047 εὐφραινόμενον,
1610 4975 1685 5041 ὥς
1716 4994 1821 5030 τινι

236 5068 355 5121 τῶν
382 5069 752 5141 ὑπερεχόντων
799 5069 1165 5138 ἀγάλλεσθαι,
1213 5068 1380 5141 μόνης
1416 5068 1516 5138 τῆς
1555 5066 1819 5139 Εὐνομίου

244 5160 455 5233 μούσης
493 5160 561 5215 ἂν
593 5163 680 5232 είη
702 5202 716 5227 ,
750 5160 845 5216 τοῦ
893 5162 1140 5230 λέγοντος
1175 5162 1342 5232 αὐτὴν
1391 5162 1474 5230 ἐφ’
1509 5163 1672 5233 ἑαυτῇ
1721 5162 1819 5231 τὴν

240 5258 571 5327 ἀγεννησίαν
599 5256 945 5326 ἀγάλλεσθαι,
984 5258 1048 5327 ἢν
1088 5256 1152 5327 δὴ
1195 5255 1383 5309 οὐσίαν
1409 5272 1468 5309 τε
1498 5255 1646 5323 λέγει
1670 5298 1683 5315 ,
1721 5256 1815 5308 καὶ

249 5346 524 5419 μακαρίαν
550 5365 610 5401 τε
639 5348 733 5403 καὶ
761 5348 910 5401 θείαν
939 5348 1191 5419 ὀνομάζει
1223 5347 1387 5418 ζωήν.

1915 4527 2021 4583 est,
2060 4532 2345 4573 exornare.
2386 4516 2497 4573 Nos
2528 4528 2708 4573 autem
2740 4518 2938 4575 divinae
2970 4529 3183 4578 natura:
3213 4541 3335 4595 quae
3363 4542 3484 4582 om-

1917 4624 2039 4664 nem
2071 4615 2290 4677 superat
2323 4607 2609 4673 honorem,
2643 4608 2880 4680 aliquem
2929 4612 3167 4683 adjicere
3198 4616 3483 4684 honorem,

1919 4702 2153 4755 humana
2181 4700 2495 4756 inﬁrmitate
2538 4702 2716 4771 majus
2754 4704 3119 4773 arbitramur;
3154 4708 3357 4779 aliquid
3389 4727 3487 4765 au-

1919 4798 2026 4846 tem
2061 4804 2249 4844 eorum
2292 4804 2415 4860 quae
2460 4790 2516 4845 in
2548 4806 2612 4845 ea
2641 4802 2963 4855 cernuntur,
3001 4804 3188 4849 notum
3228 4797 3406 4853 facere
3432 4808 3487 4853 et

1918 4879 2197 4935 celebrare
2225 4880 2406 4936 verbis
2439 4887 2494 4937 et
2538 4883 2857 4939 nominibus
2882 4884 2970 4955 pie
3019 4894 3076 4940 et
3111 4888 3365 4958 religiose
3396 4890 3484 4943 in-

1922 4972 2154 5029 tellectis
2186 4974 2375 5028 conari
2425 4990 2535 5029 non
2580 4975 2907 5033 inficiamur.
2957 4977 3190 5050 Ideoque
3216 4991 3484 5051 quantum

1925 5065 2006 5121 fas
2039 5074 2146 5123 est.
2178 5064 2434 5134 pietatem
2476 5075 2808 5136 spectantes,
2851 5083 2960 5122 non
2992 5085 3059 5123 ex
3091 5086 3257 5127 causa
3291 5087 3486 5141 super-

1919 5159 2194 5213 eminente
2246 5157 2473 5226 primani
2519 5172 2741 5213 causam
2810 5160 3223 5216 subsistentiam
3287 5163 3489 5220 habere

1921 5250 2453 5318 comprehendimus.
2500 5251 2645 5320 quod
2686 5250 2905 5321 quidem
2956 5252 3005 5308 si
3050 5261 3112 5307 ut
3147 5269 3335 5310 verum
3362 5256 3490 5326 quis

1923 5342 2205 5414 approbet,
2245 5341 2517 5396 laudabile
2543 5340 2705 5396 fuerit
2734 5350 2956 5413 propter
2983 5344 3154 5398 solam
3178 5347 3487 5401 veritatem.

243 5446 305 5501 Si
334 5452 518 5497 autem
558 5450 617 5497 ut
662 5443 839 5512 majus
877 5442 1104 5511 reliquis
1133 5457 1255 5512 quas
1314 5442 1384 5497 de
1429 5442 1615 5497 divina
1657 5449 1852 5496 natura
1888 5447 2214 5500 noscuntur,
2246 5437 2299 5491 id
2340 5435 2570 5505 judicct,
2606 5444 2662 5491 et
2722 5445 3009 5508 propterea
3050 5439 3152 5494 hac
3198 5441 3312 5497 sola
3383 5442 3494 5511 opi-

243 5537 409 5592 nione
441 5536 588 5592 dicat
623 5536 788 5592 Deum
824 5538 1143 5608 gestientem
1186 5543 1240 5591 et
1274 5536 1566 5602 laetantem,
1616 5545 1675 5590 ut
1714 5537 1896 5608 aliquo
1937 5532 2459 5606 supereminentium
2532 5532 2830 5601 exsultare,
2897 5532 2999 5588 hoc
3074 5536 3246 5592 solius
3304 5536 3492 5593 Euno-

317 5739 364 5771 “
406 5738 550 5796 Psat.
588 5753 683 5803 cu,
716 5739 768 5794 8.
845 5740 891 5771 ³³
932 5738 1061 5811 Sap.
1100 5754 1222 5803 xm,
1259 5738 1310 5793 δ.
1389 5739 1434 5773 ’⁸
1476 5738 1620 5793 Psal.
1662 5755 1749 5805 xv,
1782 5740 1836 5794 2.
