4034 6470
578 274 685 330 965

1761 274 1819 328 S.
1867 272 2192 329 GREGORH
2249 273 2337 326 ΝΥ
2352 275 2537 329 .SSENI
3724 286 3821 336 064

568 381 669 437 mii
712 396 884 437 musae
929 380 1091 435 fuerit
1130 382 1391 449 dicentis,
1446 386 1621 457 ipsam
1657 386 1712 442 in
1755 388 1936 459 seipsa
1986 390 2311 459 άγεννησέαν
2335 393 2632 455 exsultare,
2674 408 2835 463 quam
2872 402 3019 450 certe
3088 408 3141 451 et
3200 399 3520 457 essentiam.
3584 409 3637 451 et
3713 401 3829 453 hm-

568 486 705 539 tam,
741 483 796 531 et
824 474 1065 529 divinam
1095 476 1261 531 vitam
1289 480 1559 535 nominat.

641 568 749 625 Sed
780 568 1091 636 audiamus,
1122 575 1399 640 quomodo
1426 575 1733 630 secundum
1770 576 1991 631 modum
2020 576 2144 631 usui
2180 589 2221 642 Α

565 668 960 730 congruentem
1014 669 1070 716 et
1118 664 1513 731 praecedentem
1563 668 1796 721 formam
1848 667 1954 736 (sic
1998 668 2145 723 enim

565 754 757 808 eodem
823 753 983 809 modo
1046 754 1297 811 formatis
1351 759 1667 814 nominibus
1726 775 1923 815 rursus
1987 761 2148 817 nobis

563 846 857 901 etllorescit
889 855 943 901 et
981 863 1104 904 sese
1135 850 1420 921 ostentat),
1446 851 1724 920 quomodo
1765 868 1859 921 per
1896 852 2012 907 haec
2036 853 2149 909 dis-

568 935 781 989 solvere
810 935 987 1006 inquit
1010 937 1079 992 de
1113 953 1179 993 eo
1218 948 1543 1009 conceptam
1587 942 1922 1011 opinionem,
1961 960 2024 999 ac
2053 944 2149 1000 de-

566 1035 850 1096 ceptorum
902 1029 1264 1098 ignorantiam
1294 1038 1571 1090 eoercere.
1628 1033 1760 1089 Utar
1791 1037 1935 1091 enim
1972 1038 2149 1108 ipsius

568 1118 999 1189 dithyrambistte
1054 1121 1307 1177 similiter
1362 1123 1742 1182 desinentibus
1805 1130 2143 1186 vocabulis:

568 1211 675 1278 Qui
716 1212 973 1275 diximus,
1018 1213 1216 1282 inquit,
1244 1215 1383 1284 quod
1421 1233 1484 1269 ea
1527 1234 1644 1286 qua:
1690 1236 1755 1273 ea:
1787 1221 1976 1274 mentis
2006 1238 2148 1276 com-

567 1301 888 1353 mutatione
929 1299 1213 1365 dicuulur,
1264 1302 1433 1355 solent
1466 1320 1584 1356 cum
1640 1305 1853 1359 uocibus
1901 1305 2145 1371 dissolvi,

566 1393 648 1446 Itis
695 1393 943 1446 addimus
975 1410 993 1446 :
1024 1392 1167 1446 Deus
1200 1394 1409 1464 quidem
1454 1398 1616 1449 etiam
1653 1399 1944 1451 tacentibus
1986 1408 2035 1451 et
2069 1401 2148 1453 lo-

566 1485 839 1553 quentibus
876 1486 940 1539 iis
971 1502 1087 1554 qua:
1117 1496 1240 1539 sunt
1280 1487 1335 1539 iu
1384 1504 1559 1541 rerum
1609 1498 1829 1552 natura,
1857 1491 2017 1543 etiam
2052 1507 2149 1543 an-

569 1583 776 1643 (equam
810 1573 956 1642 facta
994 1585 1166 1628 essent
1206 1577 1444 1641 nomina,
1494 1586 1611 1629 erat
1658 1587 1706 1631 et
1736 1587 1815 1630 est
1865 1578 2142 1648 ingenitus.

566 1664 851 1721 Discamus
893 1668 1059 1737 igitur
1088 1668 1296 1739 aliquid
1336 1684 1628 1724 commune
1658 1672 1946 1725 verborum
1978 1688 2146 1727 exco-

564 1758 839 1830 gitationi,
878 1759 963 1813 vel
996 1759 1282 1813 nominum
1326 1759 1585 1829 positioni
1613 1775 1737 1814 cum
1782 1761 1949 1815 rebus
1982 1762 2138 1831 ipsis,

564 1861 703 1918 quas
743 1850 923 1920 aliqua
956 1851 1238 1905 nominum
1269 1859 1323 1906 et
1368 1852 1661 1905 verborum
1693 1867 1826 1907 voce
1867 1864 2141 1909 notamus.

2336 576 2471 627 Ἀλλ’
2510 577 2835 647 ἀκούσωμεν
2878 578 2997 642 πῶς
3039 580 3181 633 κατὰ
3223 582 3313 634 τὸν
3350 584 3716 641 ἐπιϐάλλοντα
3767 595 3827 660 τῇ

2250 667 2409 737 χρείᾳ
2438 668 2658 737 τρόπον,
2691 670 2784 722 καὶ
2816 670 2907 723 τὸν
2934 670 3273 741 προλαϐόντα
3303 674 3473 728 τύπον
3493 694 3507 707 ο
3536 678 3680 732 οὕτω
3727 682 3828 754 γὰρ

2249 762 2360 814 τοῖς
2400 757 2671 823 ίσοτύποις
2712 758 2820 812 τῶν
2853 760 3132 830 ὀνομάτων
3175 764 3336 817 πάλιν
3374 768 3506 837 ἡμῖν
3543 769 3829 841 ὲνωραῖζε-

2248 866 2340 901 ται
2361 863 2375 876 '
2412 848 2526 913 πῶς
2552 850 2639 902 διά
2669 850 2872 903 τούτων
2899 851 3133 904 διαλύειν
3163 855 3263 922 μέν
3288 872 3421 927 φησι
3449 857 3549 929 τὴν
3576 863 3706 932 περὶ
3735 864 3827 915 αὖ.

2248 937 2341 991 τοῦ
2390 939 2686 1009 γενομένην
2725 938 2979 993 ὑπόνοιαν
2999 983 3016 1005 ,
3065 944 3433 1013 περιστέλλειν
3473 947 3529 999 δὲ
3581 950 3682 1020 τὴν
3726 952 3828 1005 τῶν

2249 1028 2619 1098 ἠπατημένων
2651 1029 2891 1097 ἄγνοιαν.
2932 1032 3133 1095 Δὺταῖς
3161 1033 3269 1104 γάρ
3310 1038 3586 1107 χρήσομαι
3621 1039 3719 1094 τοῦ
3752 1044 3827 1096 δι·

2250 1116 2617 1188 θυραμδιστοῦ
2664 1124 2782 1179 ταῖς
2834 1122 3206 1191 ὀμοιοληκτοις
3251 1130 3486 1193 φωναῖς’
3518 1132 3826 1199 Εὶπόντες,

2250 1211 2435 1279 φησὶν,
2465 1210 2551 1262 ὅτι
2586 1211 2657 1262 τὰ
2686 1212 2810 1265 κατ’
2841 1212 3112 1266 ἐπίνοιαν
3134 1217 3431 1285 λεγόμενα
3456 1219 3585 1285 ταῖς
3609 1225 3827 1289 φωναῖς

2248 1300 2719 1355 συνδιαλύεσθιιι
2750 1301 3040 1372 πέφυκεν,
3068 1305 3442 1377 ἐπηγάγομεν
3480 1314 3739 1380 τούτοις-
3779 1317 3827 1368 '0

2246 1390 2315 1443 δὲ
2350 1390 2514 1457 Θεὸς,
2534 1393 2631 1445 καὶ
2654 1393 3012 1448 σιωπώντων
3032 1398 3125 1449 καὶ
3151 1401 3569 1469 φθεγγομένων
3588 1411 3826 1474 γεγονός

2249 1498 2384 1545 των,
2414 1483 2510 1536 καὶ
2536 1484 2649 1552 πρὸ
2676 1484 2782 1538 τοῦ
2807 1484 3112 1553 γεγονέναι
3135 1492 3207 1542 τὰ
3226 1491 3516 1560 ὀνόματα,
3540 1491 3622 1564 ἦν
3644 1513 3712 1551 τε
3732 1501 3827 1554 καὶ

2247 1573 2421 1627 ἔστιν
2450 1575 2796 1643 ἀγέννητος.
2832 1577 3109 1649 Μάθωμεν
3143 1582 3321 1634 τοίνυν
3350 1585 3544 1639 κοινῶν
3568 1590 3827 1660 ῥημάτων

2249 1664 2480 1735 ἐπινοίᾳ,
2512 1666 2544 1735 ἢ
2574 1666 2854 1735 ὀνομάτων
2887 1667 3054 1732 θέσει,
3087 1670 3221 1741 πρὸς
3247 1672 3386 1726 αὑτὰ
3412 1675 3479 1726 τὰ
3507 1679 3824 1749 πράγματα,

2247 1750 2283 1804 ἃ.
2306 1752 2393 1804 διὰ
2424 1754 2521 1823 τῆς
2560 1754 2718 1816 ποιᾶς
2740 1753 2838 1823 τῆς
2862 1755 3139 1825 ὀνομάτων
3163 1774 3221 1810 τε
3245 1760 3337 1811 καὶ
3359 1762 3617 1831 ῥημάτων
3646 1770 3828 1837 φωνῆς

2251 1843 2644 1914 σημειούμεθα.
2679 1845 2841 1901 Ὥστε
2884 1848 2933 1899 εί
2968 1848 3273 1919 ἀγεννήτως
3309 1852 3453 1903 ἐστὶν
3498 1856 3526 1905 ὁ
3559 1854 3695 1920 Θεὸς
3726 1860 3828 1929 apt

564 1940 746 2007 Quare
796 1941 842 1996 si
883 1940 1029 1996 Deus
1078 1950 1163 1997 est
1210 1942 1454 2013 ingenito
1488 1943 1649 1997 modo
1698 1953 1823 1997 ante
1856 1943 2146 1998 humanam

2250 1941 2351 2009 τῆς
2408 1941 2753 2011 ἀνθρωπίνης
2799 1940 3140 2006 συστάσεως,
3190 1944 3289 2014 τὴν
3344 1946 3687 2020 ὲμφαντικὴν
3732 1952 3828 2021 τῆς

564 2032 1035 2099 constitutionem,
1076 2033 1465 2088 declarativam
1504 2034 1629 2089 talis
1661 2033 1937 2103 Opinionis
1958 2051 2144 2090 vocem

564 2135 824 2195 tanquam
858 2141 995 2181 sono
1022 2125 1276 2181 diffusam
1309 2126 1662 2198 impropriam
1706 2136 1957 2197 oporteat
1997 2128 2147 2197 judi-

563 2231 714 2277 care.
759 2216 805 2271 si
847 2216 1148 2270 secundum
1184 2216 1480 2270 humanam
1523 2217 1804 2272 notionem
1836 2215 2003 2273 fuerit
2042 2233 2144 2272 no-

564 2309 769 2363 minata
799 2328 811 2362 ε
841 2307 985 2362 haud
1031 2309 1178 2362 enim
1234 2315 1316 2363 est
1364 2307 1531 2370 idem,
1578 2324 1702 2363 esse
1758 2317 1813 2363 et
1852 2308 1959 2363 dici
1997 2330 2009 2363 :
2044 2310 2138 2365 sed

562 2408 646 2454 est
681 2400 900 2469 quidem
930 2406 1149 2464 natura,
1186 2399 1333 2469 quod
1362 2399 1582 2469 quidem
1622 2408 1706 2455 est
1745 2400 1907 2454 Deus.
1942 2399 2146 2456 Dicitur

564 2503 745 2547 autem
786 2507 815 2545 a
853 2490 1013 2545 nobis
1042 2498 1307 2561 quantum
1354 2490 1519 2546 fuerit
1557 2491 1821 2561 possibile
1858 2494 2145 2548 enuntiare

564 2588 785 2651 propter
818 2590 1030 2636 natura:
1075 2588 1279 2637 nostra:
1323 2589 1646 2652 egestatem,
1693 2597 1814 2652 qua:
1862 2583 1917 2636 in
1964 2584 2144 2639 anima

566 2672 791 2727 allectus
840 2672 1146 2742 incognitus
1198 2672 1314 2727 sive
1358 2672 1749 2741 inconspicuus
1803 2672 1986 2740 habet,
2036 2675 2145 2730 nisi

566 2779 663 2834 per
722 2778 910 2818 vocem
974 2771 1029 2817 et
1086 2764 1393 2818 orationem
1464 2764 1667 2817 evoluti
1722 2763 1947 2819 fuerint.
2003 2764 2146 2837 Ergo

566 2855 747 2923 ipsum
777 2868 887 2907 non
927 2868 992 2908 ex
1028 2868 1194 2908 causa
1230 2869 1352 2908 esse
1386 2853 1774 2923 intelligentes.
1810 2864 2145 2908 commenta-

564 2951 716 3004 tione
739 2946 975 3018 quadam
1015 2946 1155 3001 hanc
1212 2948 1491 3001 notionem
1544 2961 1640 3015 per
1688 2947 1912 3015 ingeniti
1954 2961 2143 2999 vocem

563 3041 937 3095 enuntiamus.
961 3038 1247 3105 Quodnam
1272 3039 1439 3109 igitur
1458 3036 1723 3092 damnum
1747 3038 1795 3091 ei
1820 3038 1913 3108 qui
1938 3037 2017 3092 sic
2038 3047 2140 3096 est,

566 3131 696 3199 quid
713 3132 794 3186 sic
813 3138 919 3195 est,
944 3147 973 3184 a
998 3130 1156 3186 nobis
1178 3129 1489 3183 nominari?
1516 3126 1633 3181 Non
1651 3129 1797 3183 enim
1817 3142 1881 3183 ex
1915 3143 1981 3181 eo
1997 3127 2141 3197 quod

568 3222 784 3278 d'catur
812 3224 1109 3293 ingenitus,
1138 3222 1406 3277 exsistere
1438 3220 1885 3290 ingenerabiliter
1914 3220 2140 3282 dicitur,

564 3313 662 3374 sed
706 3331 773 3370 ex
806 3330 871 3369 eo
914 3314 1061 3384 quod
1110 3314 1205 3378 sit,
1245 3312 1356 3367 dici
1411 3312 1577 3367 etiam
1618 3312 1668 3366 ei
1729 3311 1966 3366 advenit.
2031 3310 2145 3365 Hoc

569 3414 751 3458 autem
798 3421 907 3459 non
964 3406 1232 3459 intellexit
1282 3404 1503 3459 subtilis
1563 3415 1618 3459 et
1674 3405 1852 3459 solers
1903 3404 2144 3474 ingenio.

573 3512 750 3567 neque
793 3511 821 3548 a
852 3511 911 3550 se
946 3496 1120 3566 posita
1152 3496 1440 3551 manifeste
1467 3495 1872 3549 animadvertit.
1901 3493 2036 3547 Nam
2066 3496 2147 3549 vel

569 3592 718 3639 certe
754 3596 1025 3641 cessasset
1064 3598 1160 3640 eos
1191 3585 1285 3655 qui
1317 3601 1411 3653 per
1446 3584 1959 3639 commentationem
1989 3584 2149 3653 ἀγεν-

565 3676 759 3750 ντῖσίας
794 3693 989 3733 nomen
1006 3676 1284 3748 eﬂingunt,
1312 3677 1556 3747 improbe
1576 3676 1859 3731 insectari.
1890 3674 2149 3730 Animad-

571 3772 768 3827 vertite
829 3768 975 3823 enim
1016 3768 1160 3840 quod
1222 3769 1342 3823 ait:
1395 3768 1528 3836 Qum
1584 3785 1680 3840 per
1731 3769 2149 3824 commentatio-

573 3877 700 3917 nem
756 3860 1095 3925 etferuntur,
1157 3861 1324 3917 simul
1379 3875 1502 3915 cum
1553 3860 1780 3915 vocibus
1827 3860 2143 3915 dissolvun-

575 3965 701 4019 tur;
737 3952 878 4008 Deus
927 3961 1111 4007 autem
1151 3964 1238 4008 est
1270 3954 1469 4024 genitis
1514 3953 1687 4023 prior,
1723 3960 1778 4008 et
1820 3952 2143 4022 priusquam

568 4046 793 4100 n‘umina
838 4044 1092 4114 imposita
1137 4052 1343 4110 essent,
1389 4053 1443 4098 et
1490 4052 1687 4099 eratet
1720 4049 1805 4099 est
1846 4044 2142 4113 ingenitus.

571 4134 738 4190 Vides
793 4133 938 4205 quod
990 4149 1135 4200 esse,
1181 4134 1326 4205 quod
1373 4134 1592 4204 quidem
1645 4141 1749 4198 est,
1810 4133 1974 4188 habet
2017 4142 2147 4187 ante

566 4230 816 4284 omnium
874 4229 1170 4282 tacentium
1233 4236 1289 4282 et
1340 4228 1675 4297 loquentium
1734 4226 2142 4291 exsistentiam,

573 4336 752 4390 neque
790 4320 965 4389 magis
995 4334 1173 4389 neque
1200 4320 1383 4373 minus
1410 4318 1554 4388 quod
1588 4327 1689 4381 est,
1727 4318 1844 4387 ipse
1871 4324 1974 4373 est.
2010 4314 2146 4371 Ver-

574 4408 768 4464 borum
811 4421 992 4465 autem
1027 4418 1080 4465 et
1104 4410 1383 4464 nominum
1413 4425 1547 4465 usus
1578 4416 1699 4480 post
1719 4408 1997 4463 hominum
2020 4422 2146 4477 pro-

569 4502 884 4555 ductionem
927 4501 1273 4571 excogitatus
1316 4509 1421 4565 est,
1464 4501 1556 4569 qui
1602 4514 1632 4553 a
1677 4498 1786 4553 Deo
1827 4499 2058 4553 rationis
2089 4505 2145 4553 et

571 4593 839 4648 orationis
866 4591 1123 4647 facultate
1162 4594 1408 4647 exornati
1436 4592 1678 4647 luerunt.
1707 4590 1763 4644 Si
1798 4590 1961 4661 igitur
1986 4605 2142 4644 crea-
2173 4616 2217 4671 ο

572 4693 697 4738 tura
748 4691 998 4737 creatore
1047 4682 1316 4750 posterior
1365 4690 1472 4746 est,
1533 4680 1888 4749 omniumque
1927 4685 2143 4733 creatu-

569 4789 757 4829 rarum
789 4773 951 4826 homo
978 4781 1063 4828 est
1103 4774 1366 4837 ultimus;
1399 4772 1619 4842 pmpria
1647 4778 1828 4826 autem
1855 4780 1940 4827 est
1964 4771 2138 4826 homi-

569 4866 657 4920 nis
684 4863 894 4929 oratio;
917 4862 1186 4918 orationis
1211 4873 1391 4916 autem
1414 4872 1597 4932 partes
1621 4861 1839 4915 nomina
1865 4868 1921 4916 et
1944 4862 2140 4928 verba;

569 4972 766 5012 nomen
790 4966 918 5011 vero
936 4962 1021 5010 est
1042 4952 1364 5023 ἀγεννησία;
1389 4952 1665 5023 quomodo
1693 4967 1803 5006 non
1851 4952 2139 5024 intelligat,

571 5065 631 5104 se
661 5049 747 5102 his
776 5062 898 5116 qua:
942 5044 1222 5115 praestruit
1252 5045 1601 5114 repugnare?
1648 5042 1758 5098 Nos
1787 5043 1934 5098 enim
1976 5044 2141 5097 etiam

569 5138 869 5193 asserimus
915 5136 1138 5189 nomina
1186 5133 1255 5187 ad
1305 5147 1394 5187 res
1430 5132 1789 5188 declarandas
1832 5140 1886 5187 et
1933 5132 2144 5202 signiﬁ-

569 5230 774 5285 caudas
805 5229 1045 5282 humana
1071 5226 1290 5281 solertia
1328 5226 1546 5280 inventa
1585 5241 1705 5281 esse
1734 5244 1749 5279 :
1784 5226 1872 5280 ille
1893 5241 2021 5280 vero
2049 5241 2144 5282 eos

570 5321 665 5391 qui
702 5321 951 5375 oratione
997 5326 1247 5377 utuntur,
1296 5318 1479 5373 divina
1530 5318 1639 5373 vita
1689 5320 2018 5389 posteriores
2045 5321 2141 5376 de-

572 5411 867 5467 monstrari
902 5410 1212 5466 confitetur.
1251 5409 1500 5463 Divinam
1533 5417 1712 5465 autem
1744 5419 1994 5464 naturam
2018 5426 2142 5467 esse

569 5503 903 5573 άγεννήτως,
950 5499 1112 5555 modo
1140 5497 1535 5569 ‘ingenerabili,
1579 5500 1722 5553 sicut
1767 5514 1912 5553 nunc
1948 5509 2053 5559 est.
2088 5510 2141 5555 et

573 5608 787 5663 semper
823 5600 963 5648 erat.
1009 5590 1066 5647 Si
1099 5591 1265 5663 igitur
1305 5590 1396 5645 ille
1426 5590 1643 5645 beatam
1669 5591 1835 5645 vitam
1878 5599 2003 5646 ante
2050 5593 2143 5646 ho.

572 5685 749 5740 mines
789 5695 950 5739 natos
988 5681 1267 5740 exstitisse
1292 5681 1583 5739 confitetur
1611 5682 1825 5753 (rursus
1872 5684 2017 5739 enim
2045 5699 2136 5739 re-

2246 2030 2502 2100 τοιαύτης
2543 2031 2861 2101 ὑπολήψεως
2902 2030 3084 2100 φωνὴν
3120 2031 3194 2094 ὡς
3230 2032 3309 2103 τῷ
3346 2033 3568 2106 φθόγγῳ
3616 2040 3827 2091 συνδια-

2247 2121 2512 2192 χεομένην
2540 2122 2741 2194 ἄκυρον
2772 2122 2997 2192 κρίνειν.
3038 2123 3086 2175 εἰ
3125 2122 3243 2175 κατ’
3275 2125 3515 2178 ἐπίνοιαν
3550 2127 3828 2199 άνθρωπί-

2247 2230 2344 2282 νην
2380 2211 2743 2281 ὀνομασθεῖσα
2769 2208 2942 2279 τύχοι.
2971 2210 3046 2262 Οὑ
3078 2209 3187 2280 γὰρ
3217 2212 3409 2264 ταὺτόν
3436 2214 3553 2266 ἐστι
3575 2214 3637 2267 τὸ
3668 2212 3826 2277 εἶναι,

2245 2303 2323 2373 τῷ
2358 2302 2632 2371 λέγεσθαι.
2678 2300 2815 2354 Ἀλλ’
2858 2300 2973 2353 ἔστι
3008 2302 3106 2370 μὲν
3145 2304 3211 2372 τῇ
3243 2302 3401 2372 φύσει
3440 2305 3581 2374 ὅπερ
3615 2308 3763 2360 ἐστὶν
3797 2310 3829 2361 ὀ

2246 2394 2397 2457 Θεός.
2424 2394 2654 2462 Λέγεται
2686 2392 2741 2446 δὲ
2770 2394 2897 2462 παρ’
2930 2392 3107 2462 ἡμῶν,
3137 2392 3212 2453 ὼς
3240 2392 3305 2446 ἂν
3403 2394 3629 2449 δυνατὸν
3662 2397 3825 2466 ἐξαγ-

2246 2486 2419 2553 γεῖλαι
2443 2484 2530 2538 διὰ
2560 2484 2660 2554 τὴν
2687 2484 2784 2554 τῆς
2817 2483 3031 2553 φύσεως
3066 2483 3219 2553 ἡμῶν
3246 2485 3540 2554 πτωχείαν,
3574 2486 3609 2557 ἥ
3645 2488 3745 2551 τὰς
3772 2492 3830 2541 ὲν

2245 2580 2310 2648 τῇ
2354 2577 2498 2647 ψυχῇ
2530 2575 2797 2640 διαθέσεις
2830 2576 3059 2646 ἀδήλους
3092 2577 3234 2645 ἔχει,
3277 2577 3350 2647 μὴ
3393 2576 3481 2629 διὰ
3512 2578 3701 2647 φωνῆς
3736 2581 3829 2632 ὲκ-

2246 2666 2659 2736 καλυπτομένας
2682 2667 2776 2719 καὶ
2796 2666 2975 2733 λόγου.
3010 2666 3219 2720 Οὑκοῦν
3248 2667 3308 2719 τὸ
3339 2666 3413 2736 μὴ
3447 2668 3506 2731 ἐξ
3537 2669 3718 2731 αἰτίας
3739 2670 3830 2724 αὑ-

2243 2756 2335 2807 τὸν
2362 2749 2497 2808 εἶναι
2530 2755 2842 2824 νοήσαντες,
2885 2754 3095 2824 ἐπινοίᾳ
3139 2754 3236 2824 τὴν
3276 2754 3458 2823 νόησιν
3489 2756 3696 2829 ταύτην
3740 2758 3829 2813 διὰ

2244 2846 2341 2914 τῆς
2373 2844 2467 2897 τοὺ
2510 2846 2800 2915 ἁγεννήτον
2841 2845 3023 2917 φωνῆς
3062 2845 3471 2916 ἐξαγγέλλομεν.
3519 2850 3616 2912 Τίς
3654 2846 3747 2902 οὖν
3788 2853 3822 2919 ὴ

2247 2936 2416 3005 βλάϐη
2445 2935 2522 3006 τῷ
2551 2935 2721 2999 οὕτως
2743 2936 2877 3010 ὀντι,
2907 2938 2968 2990 τὸ
2990 2937 3066 3000 ὡς
3096 2937 3211 2991 ἔστι
3251 2940 3381 3010 παρ’
3422 2940 3581 3009 ἡμῶν
3620 2942 3826 3011 ὀνομά-

2245 3028 2471 3095 ζεσθαι;
2502 3030 2578 3082 Οὑ
2609 3030 2718 3099 γάρ
2756 3030 2821 3082 ὲκ
2861 3028 2954 3081 τοῦ
3008 3030 3235 3101 ῥηθῆναι
3284 3031 3601 3100 ἀγέννητον,
3633 3036 3724 3086 καὶ
3768 3034 3827 3086 τὸ

2246 3122 2508 3193 ὑπάρχειν
2542 3123 2852 3193 άγεννήτως
2891 3124 3037 3176 ἐστὶν
3058 3162 3073 3184 .
3102 3122 3214 3175 ἀλλ’
3248 3126 3311 3177 ἐκ
3338 3124 3431 3177 τοῦ
3470 3121 3606 3178 εἶναι
3649 3128 3739 3179 καὶ
3767 3130 3828 3181 τὸ

2248 3211 2477 3282 ῥηθῆναι
2506 3213 2874 3282 προσγίνεται.
2915 3213 3084 3266 Τοῦτο
3122 3214 3178 3266 δὲ
3213 3214 3273 3266 οὑ
3308 3214 3546 3268 σύνοιδεν
3581 3217 3609 3268 ὀ
3636 3216 3828 3279 λεπτος

2249 3302 2346 3371 τὴν
2393 3302 2645 3366 διάνοιαν,
2685 3303 2804 3356 οὑδὲ
2847 3302 2915 3357 τὰ
2970 3305 3099 3373 παρ’
3154 3303 3314 3357 αὑτοῦ
3376 3305 3598 3358 τεθέντα
3642 3308 3823 3376 σαφῶς

2249 3392 2593 3463 κατενόησεν.
2642 3388 2718 3446 Ἦ
2754 3393 2863 3465 γὰρ
2903 3394 2970 3448 ἂν
3010 3393 3283 3448 ἐπαύσατο
3324 3397 3447 3458 τοὺς
3482 3396 3551 3449 δι’
3588 3400 3826 3462 ἐπινοίας

2248 3484 2345 3554 τὴν
2369 3484 2694 3555 ἀγεννησίαν
2725 3486 3242 3556 ὀνοματοποιοῦπας
3273 3488 3533 3551 κακίζων.
3562 3489 3822 3542 Σκοπεῐτε

2248 3572 2355 3644 γάρ
2381 3573 2409 3626 ὃ
2430 3588 2598 3643 φησι·
2635 3575 2717 3627 Τά
2743 3577 2867 3629 κατ’
2907 3575 3148 3629 ἐπίνοιαν
3176 3576 3437 3645 λεγόμενα
3468 3579 3589 3640 ταῖς
3622 3582 3823 3646 φωναῖς

2250 3660 2652 3715 συνδιαλύεταιο
2682 3664 2711 3715 ὀ
2745 3662 2801 3716 δὲ
2836 3662 2968 3726 Θεὸς
3007 3664 3100 3716 καὶ
3133 3665 3535 3732 γεγενημένων,
3583 3667 3678 3718 καὶ
3717 3671 3824 3741 πρὸ

2247 3749 2341 3802 τοῦ
2357 3751 2609 3818 γενέσθαι
2629 3752 2696 3805 τά
2717 3752 2976 3821 ὀνόματα.
3000 3754 3093 3805 καὶ
3114 3748 3200 3823 ἦν,
3228 3753 3323 3806 καὶ
3346 3753 3491 3807 ἐστιν
3507 3755 3820 3825 ἁγέννητος.

2258 3844 2420 3914 Ὁρᾷς
2446 3845 2527 3897 ὅτι
2554 3844 2617 3897 τὸ
2650 3844 2750 3916 μὲν
2780 3841 2916 3899 εἶναι
2952 3846 3087 3917 ὅπερ
3112 3846 3280 3911 ἐστὶν,
3310 3845 3423 3917 ἔχει
3452 3847 3558 3917 πρὸ
3585 3848 3686 3918 τῆς
3714 3850 3819 3901 ὠν

2247 3935 2462 3988 πάντων
2494 3935 2781 4007 ὑπάρξεως
2810 3938 2903 3990 καὶ
2934 3937 3262 3990 σιωπώντων
3292 3937 3386 3990 καὶ
3412 3937 3820 4009 φθεγγομένων.

2245 4029 2369 4084 οὔτε
2411 4032 2609 4102 μᾶλλον
2630 4031 2752 4085 οὔτε
2780 4027 2940 4103 ἦττον
2964 4033 2994 4085 ὃ
3026 4033 3174 4085 ἐστιν
3193 4030 3288 4085 ὢν.
3330 4032 3396 4085 Ἦ
3421 4032 3477 4085 δὲ
3501 4033 3612 4086 τῶν
3647 4035 3823 4105 ῥημά-

2247 4141 2358 4177 των
2389 4141 2445 4176 τε
2474 4125 2568 4177 καὶ
2591 4123 2871 4194 ὀνομάτων
2892 4123 3087 4195 χρῆσις
3109 4122 3247 4193 μετὰ
3268 4121 3365 4194 τὴν
3389 4123 3496 4175 τῶν
3520 4124 3824 4195 ἀνθρώπων

2246 4214 2587 4287 κατασκευὴν
2620 4216 2892 4284 ὲλογίσθαι
2922 4214 3032 4268 τῶν
3075 4217 3139 4284 τῇ
3179 4215 3368 4286 λογικῇ
3406 4214 3633 4284 δυνάμει
3668 4214 3825 4286 παρὰ

2243 4306 2337 4359 τοῦ
2378 4306 2511 4359 Θεοὺ
2555 4306 2911 4379 τιμηθέντων.
2960 4307 3021 4359 Et
3062 4300 3157 4359 οὖν
3197 4305 3397 4373 ὑστέρα
3439 4305 3537 4375 μὲν
3579 4304 3673 4357 τοῦ
3718 4323 3823 4359 πε-

2245 4400 2532 4470 ποιηκότος
2574 4401 2606 4471 ἡ
2646 4399 2855 4466 κτίσις,
2898 4399 2997 4470 τῆς
3046 4398 3277 4461 κτίσεως
3320 4398 3377 4450 δὲ
3429 4397 3609 4467 πάσης
3656 4398 3823 4466 ἐσχα-

2242 4508 2335 4553 τος
2380 4491 2408 4543 ὀ
2452 4490 2741 4561 ἄνθρωπός
2790 4492 2970 4552 ἔστιν,
3020 4489 3147 4543 ἴδιον
3192 4488 3248 4541 δὲ
3297 4485 3391 4540 τοῦ
3448 4486 3732 4557 ἀνθρώπου
3792 4489 3823 4542 6

2244 4582 2431 4649 λόγος’
2485 4582 2643 4647 λόγου
2697 4580 2755 4635 δὲ
2810 4580 2950 4652 μέρη
3020 4579 3240 4651 ῥήματά
3286 4596 3344 4631 τε
3399 4578 3491 4632 καὶ
3545 4578 3820 4649 ὀνόματα,

2246 4675 2416 4745 ὄνομα
2445 4673 2501 4729 δὲ
2538 4675 2573 4745 ἡ
2609 4674 2937 4744 ἀγεννησία’
2987 4673 3103 4737 πῶς
3151 4672 3211 4725 οὑ
3257 4670 3500 4741 συνίησιν
3540 4666 3621 4735 οἷς
3654 4688 3823 4725 κατα-

2249 4767 2500 4832 σκευάζει
2528 4766 2735 4830 τούτοις
2771 4766 3113 4837 μαχόμενος;
3157 4765 3345 4835 Ἡμεῖς
3372 4781 3432 4817 τε
3477 4765 3585 4835 γάρ
3637 4779 3821 4833 φαμεν

2243 4858 2575 4927 ἐφευρῆσθαι
2604 4860 2715 4922 τοῖς
2746 4854 2863 4911 οὖσι
2902 4855 2971 4910 τὰ
3010 4856 3339 4927 γνωριστικά
3368 4856 3473 4907 τῶν
3501 4855 3670 4907 ὄντων
3699 4854 3820 4907 ὀνό-

2246 4965 2391 5018 ματα
2414 4948 2503 5001 διὰ.
2527 4948 2626 5017 τῆς
2652 4947 2996 5018 ἀνθρωπίνης
3017 4945 3241 5008 ἐννοίας,
3272 4946 3518 5006 κάκεῖνος
3555 4943 3819 5014 ὑστέρους

2243 5037 2493 5108 ὁμολογεῖ
2516 5040 2638 5101 τοὺς
2669 5038 3039 5108 κεχρημένους
3066 5035 3144 5106 τῷ
3182 5034 3324 5105 λόγῳ
3355 5035 3454 5105 τῆς
3482 5034 3631 5095 θείας
3684 5036 3819 5086 ἀνα-

2243 5131 2515 5200 δειχθῆναι
2552 5128 2725 5199 ζωῆς·
2757 5123 2893 5182 εἶναι
2934 5128 3001 5195 δὲ¹
3028 5127 3125 5198 τὴν
3147 5126 3293 5180 θείαν
3326 5125 3485 5195 φύσιν
3511 5125 3587 5187 ὡς
3622 5124 3717 5177 νῦν
3758 5127 3816 5178 τέ

2244 5223 2357 5272 ἐστι
2394 5221 2488 5274 καὶ
2519 5220 2604 5273 ἀεὶ
2632 5215 2699 5290 ἦν
2721 5260 2733 5279 ,
2763 5218 3087 5289 ἀγεννήτως.
3125 5217 3187 5269 Ei
3212 5211 3303 5268 οὗν
3330 5217 3534 5277 ἐκεῖνος
3565 5214 3629 5267 τὸ
3679 5232 3818 5285 προ-

2248 5312 2510 5383 ὑπάρχειν
2532 5312 2639 5364 τῶν
2656 5310 2952 5382 ἀνθρώπων
2976 5307 3224 5379 ὁμολογεῖ
3236 5307 3333 5377 τὴν
3349 5306 3621 5377 μακαρίαν
3643 5306 3809 5378 ζωήν.

2245 5405 2411 5459 Πάλιν
2454 5404 2560 5474 γὰρ
2593 5400 3002 5474 ὲπαναστρέψας
3031 5399 3110 5470 τῷ
3148 5398 3296 5469 αὑτῷ
3330 5400 3601 5470 χρήσομαι
3630 5398 3808 5468 λόγῳ.

2243 5500 2401 5569 ἡμεῖς
2430 5514 2488 5548 τε
2532 5496 2590 5548 τὸ
2630 5494 2843 5568 χρόνοις
2874 5492 3094 5564 ὕστερον
3132 5490 3292 5560 φῦναι
3325 5491 3448 5551 τοὺς
3492 5489 3815 5561 άνθρὼποκ

2243 5592 2342 5643 οὑκ
2369 5588 2737 5658 ἀντιλέγομεν,
2760 5589 2961 5659 ῥήμασι
2984 5585 3039 5638 δὲ
3064 5582 3359 5655 κεχρῆσθαί
3382 5598 3560 5652 φαμεν
3582 5583 3674 5635 καὶ
3698 5584 3818 5635 ὀνό·

2248 5697 2445 5753 μασιν,
2481 5678 2573 5747 ἀφ’
2615 5672 2677 5733 οὗ
2715 5694 2772 5731 τε
2818 5675 3146 5746 συνέστημεν
3187 5673 3280 5727 καὶ
3323 5673 3385 5726 τὸ
3424 5672 3632 5742 λογικοὶ
3674 5660 3813 5718 εἶναι
