4034 6482
294 306 402 365 965
1392 299 1672 357 CONTRA
1728 299 2128 373 EUNOMIUM,
2180 304 2307 359 LIB.
2351 302 2464 360 XII.
3450 309 3555 369 966

292 420 445 495 παρὰ
477 420 570 474 τοῦ
612 418 972 491 πεποιηκότος
1000 417 1335 491 ἐσχήκαμεν.
1388 420 1451 473 Ἦ
1492 422 1546 475 δὲ
1589 421 1843 494 ἀγεννησί

1946 426 2209 484 ,volvens
2272 426 2460 480 eadem
2518 432 2645 479 utar
2695 426 2999 498 oratione),
3058 442 3158 484 nos
3216 432 3552 501 temporibus

288 514 462 585 ὸνομά
500 515 645 565 ἐστιν
676 512 1009 581 ἐμφαντικὸν
1047 512 1141 564 τοῦ
1192 512 1322 565 ἰδίου
1353 515 1620 583 νοήματος
1641 533 1653 543 ο
1691 516 1843 568 πᾶνί

1987 516 2320 585 posteriores
2349 526 2515 570 natus
2560 532 2683 571 esse
2725 533 2835 572 non
2869 520 3320 585 contradicimus,
3370 524 3549 579 verbis

287 605 458 675 δνομα
477 601 573 656 τοῦ
596 602 937 673 ἀνθρωπίνου
967 602 1125 671 λόγου
1156 602 1319 672 μέρος
1352 603 1504 656 ἐστὶν
1548 604 1656 665 ἄρα
1692 605 1719 656 ό
1752 622 1843 676 πρε

1987 624 2114 662 vero
2158 617 2213 665 et
2255 610 2568 666 nominibus
2621 625 2750 666 usos
2781 612 2952 667 fuisse
2995 614 3311 678 asserimns,
3344 630 3408 668 ex
3440 631 3548 683 quo

289 690 587 759 ὓφεστάναι
619 689 725 742 τῶν
754 689 1056 759 ἀνθρώπων
1090 690 1185 761 τὴν
1209 691 1359 744 θείαν
1392 693 1550 760 φύσιν
1580 694 1843 763 όμολογῶη

1980 700 2321 764 exsistimus,
2370 712 2423 755 et
2480 711 2536 755 ut
2585 703 2878 758 rationales
2918 705 3113 769 simus,
3179 720 3209 758 a
3264 707 3545 760 conditore

289 779 757 850 μεταγενεστέραν
794 774 933 832 εἶναι
990 778 1088 849 τὴν
1150 779 1535 849 ἐφευρεθεῖσαν
1593 784 1660 852 τῇ
1718 782 1843 851 φύσε

1976 792 2285 860 accepimus
2317 808 2329 844 :
2366 794 2656 862 ἀγεννησία
2712 804 2889 849 autem
2953 810 3147 850 nomen
3185 806 3270 851 est
3310 799 3544 866 propria:

286 871 479 941 κλῆσιν
518 870 839 924 συντίθεται.
872 871 1007 925 Οὐδὲ
1038 870 1146 941 γὰρ
1178 866 1245 942 ἦν
1284 872 1428 935 είκὸς
1458 871 1551 925 τοῦ
1584 872 1745 943 λόγου
1774 875 1838 945 τὴ

1978 883 2219 937 notionis
2271 884 2715 953 signiﬁcativum.
2758 884 2930 940 Omne
2974 895 3153 941 autem
3193 902 3391 941 nomen
3441 888 3543 941 hu-

284 962 482 1032 χρῆσιν
512 962 617 1033 πρὸ
656 963 755 1033 τῆς
788 962 896 1015 τῶν
931 962 1284 1034 κεχρημένων
1331 966 1675 1034 κατασκευῆς
1721 968 1843 1036 ἐνερ

1980 990 2151 1028 mante
2182 975 2445 1031 orationis
2476 992 2601 1046 pars
2644 986 2748 1032 est.
2795 976 2937 1047 Ergo
2965 979 3057 1032 ubi
3107 978 3346 1033 divinam
3382 988 3541 1033 natu-

282 1054 516 1121 γείσθαι.
547 1056 718 1106 Ὠσπε
725 1071 756 1125 ρ
773 1054 891 1107 οὐδὲ
906 1057 1179 1126 γεωργίαν
1204 1056 1308 1127 πρὸ
1330 1054 1438 1109 τῶν
1458 1057 1843 1126 γεωργούντων

1982 1081 2096 1119 ram
2144 1065 2459 1121 hominibus
2504 1068 2657 1136 prius
2701 1070 2974 1123 etStitisse
3004 1068 3318 1132 conﬁtetur,
3357 1069 3540 1139 appel-

280 1144 403 1199 ούδὲ
438 1144 713 1199 ναυτιλίαν
746 1144 850 1216 πρὸ
883 1144 990 1198 τῶν
1024 1146 1474 1215 ναυτιλλομένων,
1504 1147 1623 1200 οὐδὲ
1655 1147 1783 1201 ἄλλο
1815 1166 1843 1201 τ

1978 1156 2237 1211 lationem
2298 1158 2448 1213 hanc
2520 1160 2588 1213 ab
2632 1160 2946 1215 hominibus
3012 1162 3285 1214 inventam
3342 1168 3537 1215 natura

278 1235 389 1288 τῶν
419 1234 558 1288 κατά
593 1234 685 1287 τὸν
726 1233 837 1303 βίον
878 1234 1283 1306 ἐνεργουμένων
1321 1237 1429 1306 πρὸ
1472 1235 1567 1289 τοῦ
1603 1241 1841 1308 συστῆνα

1975 1246 2327 1313 posteriorem
2354 1262 2476 1301 esse
2514 1247 2805 1301 consentit.
2840 1245 3025 1316 Neque
3068 1248 3213 1301 enim
3249 1256 3366 1301 erat
3393 1262 3533 1302 con-

278 1327 371 1382 τδν
402 1326 739 1397 ἀνθρώπινον
780 1326 890 1396 βίον
911 1344 924 1357 ο
954 1328 1005 1379 τί
1041 1324 1132 1382 οὖν
1169 1331 1304 1399 ἡμῖν
1340 1329 1681 1400 διαμάχεται,
1729 1330 1843 1401 μηδί

1969 1344 2288 1391 sentaneum
2327 1338 2591 1393 orationis
2635 1354 2793 1393 usum
2830 1347 2956 1394 ante
3000 1339 3279 1393 hominum
3330 1338 3536 1393 consti-

278 1422 392 1483 τοῖς
424 1420 572 1482 ίδίοις
602 1418 781 1473 αὐτῶν
806 1419 982 1487 λόγοις
1004 1420 1323 1475 ἀκολουθίαν
1347 1422 1629 1489 γινώσκων
1650 1440 1663 1489 ;

1969 1429 2239 1482 tutionem
2272 1430 2519 1485 oratione
2559 1432 2825 1484 utentium
2859 1439 3140 1499 operatum
3172 1430 3360 1494 fuisse,
3389 1432 3533 1484 sicut

277 1530 457 1585 neque
516 1515 905 1585 agriculturam
975 1526 1103 1571 ante
1154 1534 1251 1571 eos
1303 1518 1393 1586 qui
1449 1534 1611 1588 agros
1655 1520 1932 1585 colerent,
1997 1539 2173 1592 neque
2236 1525 2634 1595 navigationem
2704 1535 2828 1579 ante
2885 1540 2980 1579 eos
3028 1525 3121 1594 qui
3189 1526 3527 1595 navigarent,

276 1617 456 1674 neque
483 1607 630 1661 aliud
668 1608 965 1678 quidquam
999 1622 1188 1662 eorum
1224 1623 1346 1678 qua:
1395 1609 1461 1663 ad
1518 1610 1643 1663 vitae
1711 1612 2096 1668 necessitatem
2160 1614 2487 1680 elliciuntnr,
2533 1625 2821 1686 antequam
2862 1616 2970 1670 vita
3042 1616 3278 1669 humana
3348 1614 3529 1671 consi-

276 1702 466 1753 steret.
501 1697 615 1752 Cur
646 1698 814 1768 igitur
861 1698 1021 1753 nobis
1063 1706 1353 1770 repugnat,
1392 1714 1570 1769 neque
1613 1701 1860 1770 cognitas
1899 1717 2028 1758 suas
2058 1704 2298 1760 rationes
2331 1708 2615 1777 sequitur?

347 1783 487 1851 ἾΙν,
507 1790 691 1859 φησὶν,
726 1792 758 1843 ό
790 1788 954 1855 Θεὸς,
985 1788 1128 1858 ὅπερ
1161 1789 1292 1843 ἐστὶ
1316 1790 1430 1857 πρὸ
1453 1790 1558 1842 τοῦ
1581 1790 1843 1858 γενέσθαι

2028 1796 2182 1855 Erat,
2234 1795 2433 1866 inquit,
2504 1795 2643 1849 Deus
2694 1797 2980 1867 quodest,
3031 1813 3310 1875 antequam
3351 1800 3522 1868 factus

274 1880 385 1932 τὸν
428 1881 763 1948 ἄνθρωπον.
816 1880 987 1933 Τοῦτο
1039 1882 1132 1934 καὶ
1174 1883 1334 1952 ἡμεῖς
1386 1882 1485 1934 οὐκ
1522 1882 1851 1953 ἀρνούμεθα.

274 1973 398 2025 Πᾶν
434 1973 543 2043 γάρ
568 1974 759 2041 ὃτιπέρ
791 1976 908 2027 ἐστι
937 1974 1065 2045 περὶ
1092 1975 1185 2027 τὸν
1210 1975 1343 2027 Θεὸν
1374 1973 1678 2043 νοούμενον,
1701 1976 1855 2029 τοῦτο

272 2066 384 2138 πρὸ
424 2067 524 2136 τῆς
568 2065 661 2119 τοῦ
706 2066 910 2136 κόσμου
957 2066 1265 2129 συστάσεως
1294 2063 1381 2137 ἦν.
1428 2067 1564 2119 Ἀλλ’
1591 2068 1854 2137 ὀνομάζε-

272 2160 397 2213 σθαι
422 2158 611 2212 τοῦτόν
643 2176 822 2229 φαμεν
849 2158 987 2229 μετά
1018 2158 1078 2211 τὸ
1104 2159 1355 2227 γενέσθαι
1383 2159 1475 2212 τόν
1502 2160 1851 2230 ὀνομάζοντα.

268 2251 336 2303 Ei
370 2250 478 2322 γὰρ
520 2249 607 2303 διά
653 2250 811 2304 τοῦτο
838 2250 1097 2323 χρώμεθα
1134 2255 1246 2315 τοῖς
1298 2252 1575 2323 ὀνόμασιν,
1611 2253 1750 2306 ὥστε
1778 2253 1855 2307 δι·-

267 2342 566 2395 δασκαλίαν
600 2343 733 2413 ἡμῖν
784 2342 991 2395 ἐκεῖθεν
1042 2344 1149 2395 τῶν
1189 2344 1530 2415 πραγμάτων
1573 2344 1849 2413 γίνεσθαι·

271 2434 435 2503 μόνον
465 2432 520 2486 δὲ
548 2432 608 2485 τὸ
640 2431 865 2500 ἀγνοοῦν
899 2433 1111 2498 ἐπιδεές
1141 2437 1256 2488 ἐστι
1287 2434 1380 2487 τοῦ
1423 2436 1782 2499 διδάσκοντος,
1818 2438 1850 2508 ἡ

265 2524 327 2578 δέ
379 2524 499 2579 θεία
543 2523 705 2594 φύσις
756 2523 843 2578 διά
895 2526 955 2578 τὸ
1014 2527 1191 2580 πᾶσαν
1221 2528 1703 2599 ἐμπεριειληφέναι
1754 2529 1851 2600 τὴν

267 2617 496 2686 γνῶσιν,
532 2616 796 2687 κρείττων
819 2616 1000 2687 πάσης
1030 2618 1373 2682 διδασκαλίας
1402 2619 1547 2672 ἐστί·
1578 2620 1850 2673 δείκνυται

267 2704 333 2760 δέ
356 2707 443 2761 διὰ
469 2706 673 2761 τούτων
699 2708 780 2761 ὅτι
810 2709 870 2762 οὐ
910 2708 1003 2762 τοῦ
1033 2708 1167 2762 Θεοῦ
1190 2710 1372 2783 χάριν,
1402 2711 1517 2765 ἀλλ’
1546 2713 1577 2781 ἡ
1588 2711 1703 2781 μῶν
1727 2711 1847 2764 ἐνε-

269 2816 368 2851 κεν
392 2798 460 2852 τά
495 2798 733 2870 ὀνόματα
765 2799 901 2871 πρὸς
930 2799 1162 2872 δήλωσιν
1186 2802 1278 2854 τοῦ
1312 2802 1463 2866 ὄντος
1487 2803 1845 2874 ἐπινενόηται.

266 2890 347 2943 υύ
373 2889 481 2960 γάρ
510 2889 655 2953 ὅπως
699 2890 766 2945 ἂν
792 2893 995 2955 ἐκεῖνος
1026 2892 1216 2945 ἑαυτὸν
1252 2893 1443 2963 μάθοι,
1469 2894 1530 2946 τὸ
1561 2894 1659 2966 τῆς
1686 2894 1849 2963 ἀγεν-

266 2982 461 3053 νησίας
486 2982 655 3053 ὄνομα
693 2984 757 3053 τῇ
791 2974 947 3053 φύσει
981 2984 1310 3055 ἐφήρμοσεν.
1363 2986 1422 3038 '0
1449 2984 1558 3058 γὰρ
1587 2985 1741 3049 εἰδὼς
1781 2986 1849 3039 τὰ

267 3070 471 3138 πάντα,
519 3072 615 3125 καὶ
662 3072 853 3126 ἑαυτὸν
894 3073 999 3144 πρὸ
1034 3076 1271 3137 πάντων,
1308 3075 1586 3130 συλλαϐῶν
1619 3079 1714 3130 καὶ
1750 3080 1847 3148 ρη-

1951 1898 2084 1946 esset
2146 1889 2303 1942 Iiomo
2343 1903 2358 1940 :
2408 1900 2586 1956 neque
2642 1901 2742 1941 nos
2801 1888 2903 1941 hoc
2934 1902 3218 1957 negamus.
3252 1886 3522 1957 Quidquid

1955 1974 2099 2027 enim
2128 1973 2196 2028 de
2227 1973 2335 2028 Deo
2363 1982 2543 2029 mente
2574 1986 2623 2029 el
2664 1976 2845 2031 animo
2875 1978 3239 2047 cognoscitur,
3271 1977 3371 2029 hoc
3400 1976 3524 2031 arite

1956 2065 2143 2117 mundi
2167 2065 2613 2119 constitutionem
2639 2074 2754 2120 erat
2781 2084 2795 2131 ;
2818 2067 2911 2120 sed
2940 2068 3039 2119 hoc
3088 2068 3356 2121 nominari
3388 2069 3524 2123 die?-

1954 2171 2095 2221 mus,
2120 2165 2469 2226 posteaquam
2499 2158 2588 2227 qui
2624 2159 2925 2212 nominaret
2940 2173 3060 2213 esse
3080 2160 3264 2229 cmpit.
3298 2157 3354 2213 Si
3377 2161 3520 2215 enim

1955 2248 2266 2302 nominibus
2301 2248 2369 2302 ob
2416 2263 2534 2303 eam
2570 2264 2789 2304 causam
2829 2250 3055 2313 utimur,
3094 2260 3152 2304 ut
3185 2266 3364 2305 rerum
3397 2252 3522 2306 inde

1955 2339 2110 2392 nobis
2156 2339 2401 2393 doctrina
2458 2351 2844 2410 comparetur;
2902 2342 3076 2395 solum
3122 2350 3302 2397 autem
3374 2343 3520 2413 quod

1954 2429 2187 2499 ignorat,
2225 2431 2454 2485 docente
2475 2433 2677 2501 indiget
2706 2450 2721 2497 ;
2751 2432 2932 2486 divina
2963 2441 3139 2488 autem
3170 2442 3363 2487 natura
3391 2436 3519 2504 quia

1951 2536 2166 2577 omnem
2214 2526 2591 2593 complectitur
2652 2525 3034 2594 cognitionem,
3093 2526 3240 2579 omni
3274 2525 3520 2580 doctrina

1952 2614 2301 2681 praestantior
2328 2624 2408 2667 est
2433 2631 2446 2666 :
2493 2627 2587 2683 per
2610 2612 2722 2666 haec
2758 2621 2936 2666 autem
2958 2612 3360 2667 demonstratur
3374 2614 3519 2684 quod

1950 2718 2059 2757 non
2090 2702 2183 2759 Dei
2212 2704 2405 2773 gratia,
2455 2702 2549 2757 sed
2593 2702 2766 2756 nostri
2809 2716 2975 2755 causa
3026 2703 3244 2756 nomina
3298 2702 3364 2756 ad
3401 2701 3520 2771 ejus

1949 2795 2041 2865 qui
2100 2802 2184 2850 est
2207 2794 2631 2850 declarationem
2678 2802 2806 2850 sunt
2831 2795 3153 2864 excogitata.
3205 2793 3323 2850 Non
3371 2797 3514 2851 enim

1950 2896 2008 2941 ut
2034 2888 2120 2943 ille
2150 2902 2211 2941 se
2234 2887 2411 2956 ipsum
2438 2886 2691 2948 disceret,
2718 2901 2914 2939 nomen
2962 2886 3285 2957 ἁγεννησίας
3312 2897 3518 2941 natura:

1948 2978 2394 3033 accommodavit.
2436 2975 2539 3041 Qui
2570 2977 2713 3030 enim
2756 2976 2907 3030 novit
2937 2977 3138 3039 omnia,
3194 2986 3247 3031 et
3276 2977 3515 3046 seipsum

1948 3079 2073 3125 ante
2094 3070 2298 3132 omnia,
2332 3070 2555 3139 syllabis
2583 3076 2637 3122 et
2664 3067 2844 3123 verbis
2870 3068 2937 3121 ad
2984 3084 3043 3123 se
3078 3069 3515 3137 cognoscendum

271 3164 460 3235 μάτων
482 3164 616 3235 πρὸς
645 3165 701 3219 τὸ
733 3166 923 3237 μαθεῖν
953 3166 1027 3230 ὼς
1052 3166 1163 3238 ἔχει
1191 3168 1404 3236 φύσεως
1437 3168 1530 3222 καὶ
1558 3169 1747 3236 ἀξίας,
1783 3171 1841 3223 ού

1948 3171 2005 3218 ut
2028 3162 2131 3218 fert
2172 3163 2291 3233 ejus
2325 3170 2511 3217 natura
2550 3170 2604 3216 et
2629 3160 2884 3232 dignitas,
2908 3177 3014 3215 non
3056 3161 3257 3233 indiget
3288 3202 3302 3225 ,
3326 3162 3421 3218 sed
3454 3174 3515 3217 ut

265 3254 467 3311 δέεται.
530 3256 669 3310 Ἀλλ’
722 3259 870 3321 ὅπως
905 3259 1064 3328 ἡμεῖς
1110 3276 1229 3312 τινα
1277 3259 1386 3312 τῶν
1435 3259 1674 3325 εὐσεϐῶς
1718 3262 1846 3332 περὶ

265 3348 429 3400 αὑτὸν
477 3348 777 3420 νοουμένων
810 3349 1112 3420 κατάληψιν
1157 3350 1432 3421 σχοίημεν,
1472 3353 1681 3423 ῥήμασί
1736 3370 1844 3407 τισι

264 3440 364 3493 καὶ
390 3439 677 3504 συλλαϐαῖς
702 3439 803 3504 τὰς
826 3440 933 3493 τῶν
961 3440 1244 3512 νοημάτων
1269 3442 1529 3515 διαφορὰς
1558 3443 1843 3497 ἐτυπώσα-

271 3546 391 3599 μεν,
440 3523 550 3581 οἶόν
597 3546 717 3583 τινα
753 3531 1037 3601 σήμαντρα
1085 3530 1178 3584 καὶ
1227 3534 1579 3604 χαρακτῆρας
1619 3535 1718 3598 τὰς
1757 3534 1845 3588 διά

265 3620 376 3674 τῶν
424 3621 597 3689 λόγων
645 3621 917 3686 τυπώσεις
970 3623 1099 3686 τοῖς,
1134 3624 1231 3694 τῆς
1270 3625 1505 3688 διανοίας
1550 3628 1844 3697 κινήμασιν

267 3711 690 3782 ἐπιγράψαντες.
725 3711 885 3765 Ὥστε
912 3711 1018 3764 τῶν
1049 3713 1439 3784 ἐπιγινομένων
1472 3718 1536 3785 τῇ
1585 3716 1727 3787 ψυχῇ
1762 3734 1843 3770 κι-

268 3804 525 3875 νημάτων
574 3804 776 3875 τρανὴν
819 3804 913 3857 καὶ
957 3804 1258 3875 ἀσύγχυτον
1305 3809 1571 3859 ποιεῖσθαι
1623 3806 1720 3877 τὴν
1752 3806 1843 3878 δή·

267 3898 455 3960 λωσιν,
476 3895 564 3948 διὰ
588 3893 696 3947 τῶν
723 3895 1154 3967 ἐφηρμοσμένων
1178 3899 1289 3960 τοῖς
1313 3898 1546 3967 νοήμασι
1570 3897 1839 3966 φθόγγων.

266 3989 335 4041 Τί
362 3987 540 4041 τοίνυν
567 3986 776 4056 ἐλέγχει
804 3986 894 4039 τὸν
924 3987 1188 4059 ἡμέτερον
1221 3988 1395 4056 λόγον,
1426 3988 1545 4042 καθ’
1574 3990 1632 4041 ὃν
1662 4006 1841 4060 φαμεν

267 4078 641 4150 ἐπινενοῆσθαι
674 4077 734 4130 τὸ
772 4079 869 4148 τῆς
907 4078 1228 4149 άγεννησίας
1252 4080 1423 4151 ὄνομα
1454 4080 1589 4152 πρὸς
1622 4080 1841 4145 ἔνδειξιν

265 4174 361 4230 τοῦ
410 4176 643 4246 ἄναρχον
689 4174 779 4228 τὸν
809 4174 939 4227 Θεὸν
982 4174 1309 4244 ὑφεστάναι,
1340 4175 1417 4246 τῷ
1466 4175 1643 4244 λέγειν
1689 4176 1769 4229 ὅτι
1814 4178 1842 4229 ὁ

263 4268 399 4330 Θεὸς
441 4266 531 4320 καὶ
578 4263 877 4318 λαλούντων
924 4266 1018 4320 καὶ
1048 4266 1377 4322 σιωπώντων
1401 4266 1493 4320 καὶ
1535 4266 1843 4340 διανοουμέ-

261 4376 395 4422 νων,
426 4359 518 4412 καὶ
555 4356 662 4427 πρὸ
718 4359 815 4428 τῆς
866 4357 973 4409 τῶν
1024 4358 1326 4429 γενομένων
1373 4358 1611 4423 ἐπινοίας
1663 4354 1732 4431 ἦν
1782 4377 1840 4413 τε

262 4450 364 4504 καὶ
410 4448 553 4501 ἐστιν
603 4447 916 4518 ἀγέννητος.
976 4447 1039 4500 Ei
1071 4448 1169 4518 μὲν
1224 4448 1333 4520 γάρ
1364 4466 1448 4513 τις
1498 4445 1567 4521 ἦν
1609 4452 1637 4502 ό
1675 4467 1842 4504 κατα-

251 4537 549 4603 ·σκευάζων
595 4538 669 4611 μὴ
703 4540 961 4613 πρότερον
994 4540 1155 4593 αὐτὸν
1196 4541 1485 4614 ἀγέννητον
1520 4538 1678 4607 εἶναι,
1710 4545 1837 4614 πρὶν

261 4631 299 4703 ἢ
332 4630 461 4703 παρ’
504 4630 661 4701 ἡμῶν
705 4628 1052 4703 ἐξευρεθῆναι
1079 4633 1139 4686 τὸ
1166 4633 1334 4705 ὄνομα
1356 4673 1372 4697 ,
1401 4636 1742 4704 συγγνωστὸς
1774 4636 1837 4689 ἂν

260 4722 335 4796 ἦν
365 4723 500 4795 πρὸς
526 4723 623 4795 τὴν
657 4723 910 4794 τοιαύτην
944 4726 1174 4779 ἀτοπίαν
1207 4727 1388 4781 ἐκεῖνα
1417 4721 1662 4798 γράφων.
1692 4729 1756 4784 Εἰ
1783 4729 1839 4783 δέ

262 4816 329 4868 τὸ
358 4815 759 4884 προϋφεστάναι
801 4817 893 4867 καὶ
930 4814 1086 4884 λόγου
1121 4817 1213 4870 καὶ
1240 4817 1474 4880 διανοίας
1504 4819 1663 4871 αὑτὸν
1692 4820 1841 4890 παρά

266 4906 487 4961 πάντων
519 4909 877 4979 ὁμολογεῖται,
911 4910 945 4979 ἡ
991 4908 1048 4962 δὲ
1094 4908 1187 4962 τοῦ
1226 4909 1488 4980 ὀνόματος
1533 4910 1679 4975 θέσις
1718 4911 1840 4964 καθ’

262 4998 335 5069 ἢν
356 5001 384 5051 ὁ
412 4997 535 5063 νοῦς
580 4999 989 5069 ἐξαγγέλλεται.
1017 4999 1084 5053 δι’
1114 5000 1351 5065 ἐπινοίας
1384 5001 1512 5073 παρ’
1556 5004 1588 5074 ἡ
1599 5002 1713 5073 μῶν
1746 5004 1837 5057 εύ-

266 5090 464 5162 ρῆσθαι
496 5089 744 5160 λέγεται·
801 5091 830 5144 δ
866 5090 919 5145 δὲ
951 5092 1150 5156 σκοπὸς
1188 5092 1335 5164 αύτῷ
1368 5093 1467 5164 τῆς
1515 5095 1651 5166 πρὸς
1693 5096 1839 5165 ἡμᾶς

265 5184 385 5235 ἐστι
425 5182 604 5253 μάχης
623 5224 638 5248 ,
664 5182 725 5237 τὸ
749 5181 917 5248 δεῖξαι
952 5186 1025 5255 μὴ
1055 5184 1203 5255 παρὰ
1232 5184 1533 5256 ἀνθρώπων
1564 5186 1839 5258 ὲπινενοῆ-

268 5272 392 5326 σθαι
437 5272 499 5325 τὸ
547 5273 742 5343 ὸνομα,
798 5273 911 5326 ἀλλ’
957 5271 1092 5328 εἶναι
1124 5273 1281 5328 τοῦτο
1306 5278 1398 5330 καὶ
1438 5276 1541 5349 πρὸ
1575 5281 1671 5349 τῆς
1702 5280 1839 5348 ἠμε-

265 5364 430 5435 τέρας
459 5365 799 5430 συστάσεως,
827 5365 925 5418 οὐκ
953 5360 1069 5420 οἶδα
1096 5367 1247 5437 παρὰ
1277 5367 1418 5431 τίνος
1450 5367 1758 5437 λεγόμενον,
1784 5368 1837 5421 τί

268 5453 448 5509 κοινὸν
478 5453 589 5524 ἔχει
617 5454 752 5524 πρὸς
775 5454 872 5527 τὴν
900 5457 1264 5527 προκειμένην
1299 5458 1446 5528 αὐτῷ
1482 5458 1713 5528 σπουδὴν
1732 5496 1747 5519 ,
1780 5457 1840 5510 τὸ

270 5543 378 5615 πρὸ
404 5543 513 5597 τῶν
537 5544 705 5597 ὄντων
729 5546 1021 5615 ὑφεστάναι
1048 5547 1136 5601 τὸν
1160 5548 1291 5601 Θεὸν
1311 5550 1617 5619 ἀγεννήτως
1641 5550 1838 5617 λέγειν,

270 5634 366 5686 καὶ
394 5633 453 5686 rb
480 5633 914 5692 διασεδαιοῦσθαι
941 5639 1400 5709 μεταγενεστέραν
1430 5636 1565 5692 εἶναι
1594 5638 1841 5707 διαγωνί-

271 5721 490 5792 ζεσθαι,
532 5726 624 5781 καὶ
656 5727 833 5795 λέγειν
864 5726 898 5781 ἃ
926 5731 1175 5797 είοηκεν;
1211 5730 1331 5785 Ὀτι
1359 5731 1700 5799 μαινομένων
1725 5732 1840 5784 ἐστὶ

1946 3270 2047 3311 nos
2075 3271 2265 3311 eorum
2291 3271 2412 3325 qua?
2458 3255 2544 3325 pie
2578 3254 2645 3309 de
2676 3255 2796 3324 ipso
2849 3254 3243 3324 intelliguntur,
3272 3255 3509 3325 aliquam

1944 3348 2483 3417 comprehensionem
2511 3348 2962 3417 adipisceremur,
2989 3348 3170 3402 verbis
3190 3348 3515 3417 quibusdam

1942 3446 1993 3492 et
2021 3437 2244 3508 syllabis
2270 3436 2551 3490 notionum
2583 3434 2919 3490 differentias
2969 3434 3397 3499 ell‘ormavimus,
3426 3454 3519 3493 ve—

1942 3524 2041 3579 luti
2065 3526 2344 3593 signacula
2362 3524 2607 3593 quaedam
2640 3532 2694 3578 et
2718 3531 2878 3578 notas
2904 3538 2999 3593 per
3020 3538 3331 3580 sermonum
3352 3526 3517 3581 ell‘or-

1941 3619 2228 3681 mationes,
2263 3618 2628 3687 intelligentiae
2666 3617 2997 3672 motionibus
3019 3617 3380 3675 inscribentes
3407 3664 3422 3687 ,
3457 3632 3519 3677 ut

1941 3725 2129 3766 earum
2160 3725 2281 3779 qua:
2296 3710 2590 3764 adveniunt
2616 3711 2800 3763 animo
2824 3709 3209 3778 impulsionum
3236 3727 3331 3781 per
3350 3728 3515 3769 sonos

1943 3802 2141 3856 mentis
2171 3801 2528 3871 eoneeptibus
2560 3815 2831 3871 congruos
2879 3817 3004 3856 vera
3038 3813 3091 3856 et
3147 3801 3402 3858 distincta
3431 3815 3517 3859 at-

1942 3910 2048 3965 que
2073 3895 2356 3950 inconfusa
2384 3896 2475 3948 llat
2498 3894 2816 3949 declaratio.
2842 3893 2953 3948 Cur
2975 3894 3139 3963 igitur
3155 3903 3402 3951 nostrum
3434 3912 3515 3950 ar-

1942 3987 2057 4057 guit
2111 4000 2438 4049 sermonem,
2496 3999 2604 4055 quo
2642 3985 2875 4040 dicimus
2939 4000 3135 4039 nomen
3191 3986 3514 4058 ἀγεννησίας

1940 4076 2307 4146 excogitatum
2349 4074 2517 4131 fuisse
2551 4076 2617 4129 ad
2649 4074 3134 4130 demonstrandum
3169 4077 3375 4146 absque
3402 4084 3513 4133 ori-

1943 4165 2067 4236 gine
2097 4170 2150 4217 et
2178 4163 2445 4234 principio
2480 4163 2645 4219 Deum
2677 4164 2997 4230 subsistere,
3028 4164 3158 4220 dum
3188 4166 3340 4233 dicit,
3366 4173 3510 4241 quod

1945 4255 2088 4311 Deus
2118 4264 2171 4310 et
2189 4256 2538 4326 loquentibus
2553 4297 2567 4318 .
2585 4264 2639 4310 et
2657 4258 2962 4313 tacentibus
2984 4299 2999 4325 ,
3019 4264 3074 4312 et
3090 4259 3513 4331 intelligentibus

1945 4347 2115 4418 prior,
2130 4355 2185 4403 et
2205 4358 2331 4404 ante
2346 4363 2534 4404 eorum
2552 4366 2673 4421 qua:
2696 4351 2835 4405 laeta
2854 4363 2979 4408 sunt
3000 4356 3511 4411 commentationem

1944 4448 2082 4504 erat,
2100 4450 2153 4496 et
2168 4448 2252 4497 est
2270 4440 2563 4511 ingenitus.
2581 4444 2637 4497 Si
2654 4445 2797 4499 enim
2814 4446 3011 4516 aliquis
3023 4456 3169 4504 esset
3186 4450 3276 4519 qui
3303 4459 3515 4505 astrue-

1946 4539 2049 4596 ret,
2091 4546 2199 4586 non
2224 4532 2375 4602 prius
2392 4532 2569 4603 ipsum
2593 4533 2763 4592 fuisse
2796 4537 3096 4608 ingenitum
3121 4557 3281 4611 quam
3302 4557 3330 4595 a
3355 4544 3513 4597 nobis

1947 4638 2141 4679 nomen
2178 4624 2457 4680 inventum
2477 4636 2644 4693 esset,
2666 4628 2823 4682 venia
2853 4630 3051 4702 dignus
3074 4642 3221 4687 esset
3250 4633 3513 4689 adversus

1946 4717 2107 4772 talem
2131 4716 2520 4775 absurditatem
2541 4719 2632 4774 illa
2651 4722 2919 4777 scribens.
2946 4722 3099 4790 Quod
3124 4725 3168 4779 si
3190 4726 3364 4795 ipsum
3387 4737 3511 4781 ante

1945 4822 2161 4861 onmem
2184 4819 2491 4863 sermonem
2513 4821 2568 4866 et
2593 4813 3001 4884 intelligentiam
3026 4817 3300 4871 exstitisse
3321 4833 3511 4873 omnes

1946 4897 2222 4969 fatentur;
2257 4902 2495 4959 nominis
2516 4911 2694 4960 autem
2718 4908 2936 4976 positio,
2955 4923 3059 4977 qua
3082 4923 3235 4963 mens
3253 4911 3511 4965 enuntia-

1940 4995 2520 5054 tur,eommentatione
2547 4996 2766 5051 inventa
2791 5012 2914 5053 esse
2946 4997 3148 5051 dicitur
3171 5014 3400 5070 ;scopus
3422 5016 3512 5055 au-

1942 5091 2050 5139 tem
2068 5093 2259 5139 contra
2273 5100 2374 5141 nos
2386 5101 2579 5157 pugnre
2593 5087 2642 5141 ei
2662 5089 2977 5158 propositus
2998 5096 3080 5144 est
3103 5130 3117 5152 ,
3135 5088 3511 5147 demonstrare

1942 5191 2049 5230 non
2086 5176 2153 5231 ab
2213 5176 2523 5234 hominibus
2572 5180 2933 5248 excogitatum
2989 5195 3112 5235 esse
3159 5181 3261 5236 hoc
3292 5198 3508 5245 nomen,

1942 5267 2035 5322 sed
2071 5269 2171 5321 hoc
2203 5281 2324 5324 esse
2352 5278 2477 5323 ante
2506 5277 2745 5324 nostram
2776 5272 3238 5337 constitutionem,
3272 5276 3458 5329 nescio
3480 5292 3510 5329 a

1941 5373 2051 5427 quo
2073 5358 2274 5413 dictum
2308 5377 2322 5413 :
2377 5359 2507 5429 quid
2542 5374 2833 5415 commune
2872 5361 3182 5417 habetcum
3232 5367 3511 5435 proposito

1941 5452 2061 5520 ejus
2085 5452 2285 5514 studio,
2310 5466 2501 5521 nempe
2531 5450 2730 5515 dicere,
2758 5462 2884 5507 ante
2915 5468 2977 5507 ea
3024 5470 3143 5523 qua,
3172 5467 3317 5520 sunt,
3342 5455 3508 5510 Deum

1944 5543 2107 5598 modo
2141 5544 2380 5613 ingenito
2430 5544 2750 5607 subsistere,
2775 5553 2829 5600 et
2860 5562 3057 5617 magno
3086 5557 3279 5603 conatu
3307 5550 3510 5605 contir-

1944 5648 2093 5689 mare
2126 5634 2476 5703 posteriorem
2533 5650 2654 5690 esse
2700 5642 3233 5706 commentationem,
3289 5649 3343 5696 et
3392 5658 3512 5712 qua

1945 5727 2101 5791 dixit,
2138 5726 2453 5783 allirmare?
2484 5724 2773 5783 Hominum
2810 5732 2955 5787 enim
3007 5745 3089 5790 est
3124 5735 3511 5790 insanientium
