4006 6486
532 295 558 348 ι·
568 294 638 348 67

1752 288 1810 344 S.
1851 287 2180 345 GREGORII
2217 285 2505 343 NYSSENI

3690 284 3799 340 968

518 415 866 476 'existimare',
915 410 1297 479 cogitationem
1359 405 1491 477 quid
1542 404 1821 475 antiquius
1874 418 1999 460 esse
2031 403 2111 458 his

2217 402 2275 455 τὸ
2306 401 2674 473 πρεσϐύτερον
2722 398 2831 452 τῶν
2872 396 3228 452 ἐπινοούντων
3258 394 3509 465 ἡγεῖσθαι
3540 393 3641 463 τὴν
3674 396 3801 447 ἑπτ-

534 507 628 575 qui
694 502 1023 573 echgitaut.
1056 498 1257 567 Estque
1312 508 1571 567 praeterea
1615 510 1956 565 quacunque
1987 507 2114 562 pro-

533 611 754 666 gressus
781 599 1019 655 enarrat,
1037 588 1491 659 quemadmodum
1520 602 1697 656 neque
1718 585 1848 639 illud
1874 585 2116 639 sentien-

534 685 689 747 tium,
717 696 911 751 nempe
939 680 1213 743 homines,
1243 678 1494 745 quamvis
1527 676 1618 729 Dei
1648 675 1996 745 opiliciorutn
2030 674 2114 729 ul-

533 775 720 827 timos.
771 788 883 827 sua:
908 769 1294 838 excogitationi
1327 782 1665 837 prmponere.
1726 764 1971 835 Magnam
2007 766 2113 819 vim

533 880 719 918 revera
754 862 1004 917 habuerit.
1036 861 1295 919 oratio.si
1318 858 1534 928 quidem
1567 855 1763 924 aliquis
1794 854 2113 919 exinsania,

531 954 616 1007 vel
644 952 881 1007 amentia
936 949 1103 1003 Deum
1137 964 1260 1002 esse
1307 946 1819 999 counuentationem
1869 956 2114 1011 pronun-

534 1043 715 1098 tiaret.
750 1041 808 1096 Si
842 1050 1022 1095 autem
1082 1039 1195 1092 haec
1226 1036 1362 1089 ratio
1408 1050 1582 1102 neque
1612 1041 1717 1095 est,
1778 1048 1960 1102 neque
1986 1028 2111 1092 fuit.

535 1136 680 1203 (quis
705 1134 849 1189 enim
887 1148 952 1187 eo
980 1130 1220 1199 stuporis
1243 1137 1296 1182 et
1323 1126 1585 1181 vecordia:
1615 1126 1877 1195 adegerit.
1912 1133 1968 1178 ut
1990 1139 2113 1177 eum

533 1226 623 1292 qui
655 1240 781 1279 vere
804 1231 908 1289 est,
946 1232 998 1276 et
1037 1222 1127 1291 qui
1182 1220 1284 1272 alia
1331 1219 1539 1281 omnia,
1572 1231 1911 1286 quacunque
1960 1226 2111 1278 sunt,

536 1314 603 1367 ad
648 1314 1051 1382 generationem
1088 1309 1334 1372 adduxit,
1379 1323 1487 1360 non
1538 1322 1660 1362 esse
1709 1320 1802 1375 per
1835 1306 2113 1374 prOpriam

533 1405 945 1458 Subsistentiam
1014 1399 1263 1464 affirmet,
1301 1400 1394 1453 sed
1432 1414 1525 1466 per
1550 1396 1788 1451 nominis
1839 1396 2115 1466 excogita-

534 1498 735 1550 tionem
769 1493 1148 1562 pronuntiet?)
1175 1507 1269 1544 cur
1300 1491 1499 1544 frustra
1526 1488 1798 1543 umbratili
1818 1487 2116 1542 certamine

530 1586 806 1658 depugnat
839 1585 1102 1640 adversus
1133 1599 1197 1640 ea
1227 1599 1346 1653 quae
1374 1583 1556 1636 nullus
1580 1581 1799 1642 asserit,
1824 1578 2115 1649 pugnans?

533 1680 727 1733 Annon
756 1676 1042 1732 manifesta
1082 1690 1246 1731 causa
1294 1674 1455 1743 hujus
1493 1675 1696 1727 insana:
1746 1671 2112 1724 contentionis

532 1780 636 1834 est,
662 1770 802 1839 quod
828 1769 955 1822 dum
990 1768 1060 1822 ob
1086 1768 1339 1835 deceptos
1372 1766 1615 1834 captioso
1645 1771 1969 1833 argumento
1997 1761 2099 1815 hu-
2134 1754 2174 1807 Β

529 1860 622 1927 jus
693 1858 931 1912 nominis
1006 1856 1330 1923 ἀγεννησίας
1392 1870 1515 1908 cum
1602 1852 1785 1923 pudet,
1846 1852 2105 1921 quoniam

535 1951 639 2006 hoc
672 1966 865 2004 nomen
900 1964 1007 2002 non
1068 1948 1397 2018 permultum
1432 1946 1498 2001 ab
1542 1944 1797 2000 essentia:
1835 1943 2109 2012 signiﬁca-

535 2046 681 2097 tione
705 2048 1013 2111 separatum
1047 2055 1167 2096 esse
1212 2039 1497 2107 probatum
1545 2046 1627 2092 est
1655 2076 1670 2101 ,
1720 2044 1914 2105 sponte
1965 2036 2108 2089 dicta

535 2134 843 2196 confundit,
871 2147 901 2185 a
929 2132 1150 2186 nomine
1182 2130 1248 2183 ad
1280 2144 1369 2185 res
1408 2127 1839 2183 controversiam
1876 2126 2112 2180 transfe—

536 2242 686 2288 rens,
718 2232 778 2278 ut
810 2223 969 2277 facile
1022 2223 1224 2277 incauti
1263 2223 1364 2277 hac
1421 2220 1743 2276 confusione
1797 2219 2107 2282 cludantur,

537 2329 791 2389 putantes
814 2318 897 2371 vel
921 2315 1435 2370 commentationem
1455 2312 1623 2367 Deum
1655 2326 1685 2363 a
1715 2310 1873 2365 nobis
1904 2309 2108 2362 dictum

535 2428 677 2473 esse,
701 2411 781 2463 vel
809 2406 1170 2462 humanorum
1200 2406 1479 2460 nominum
1508 2402 1822 2458 inventione
1841 2399 2134 2469 posterio-_

536 2519 674 2562 rem.
708 2501 940 2569 ideoque
969 2499 1159 2552 relicto
1196 2505 1384 2551 nostro
1424 2491 1889 2563 irreprehensibili
1944 2506 2109 2560 argu-

537 2602 718 2645 mento
770 2604 1004 2659 pugnam
1043 2589 1349 2656 detorquet.
1396 2584 1510 2640 Hoc
1538 2586 1684 2640 enim
1727 2598 1757 2635 a
1782 2581 1941 2636 nobis
1969 2588 2107 2644 erat,

530 2688 676 2743 sicut
704 2683 908 2739 dictum
947 2686 1051 2743 est,
1084 2694 1281 2733 nomen
1346 2676 1670 2746 ἀγεννησίας
1704 2690 1812 2730 non
1860 2683 2108 2728 naturam

535 2783 931 2837 uenmnstrare,
969 2772 1064 2829 sed
1100 2788 1166 2826 ex
1206 2769 1664 2824 commentatione
1722 2775 1931 2821 natura:
1983 2780 2113 2817 con-

535 2883 751 2943 gruere,
778 2882 874 2937 per
902 2882 1063 2935 quam
1124 2864 1299 2933 ipsum
1342 2860 1545 2927 absque
1595 2872 1762 2911 causa
1814 2856 2112 2912 subsistere

535 2959 900 3028 significatur.
933 2956 1086 3022 Quod
1123 2968 1259 3008 vero.
1279 2952 1348 3005 ab
1380 2950 1513 3019 ipsis
1540 2949 1909 3009 astruebatur,
1939 2946 2112 3015 ipsius

534 3052 785 3107 essentia
809 3050 1039 3104 indicem
1066 3059 1251 3101 vocem
1286 3058 1427 3099 esse.
1478 3040 1579 3096 Ubi
1614 3042 1777 3111 igitur
1804 3048 2107 3095 astructum

534 3143 780 3206 cst,vim
838 3142 1001 3209 hujus
1062 3135 1298 3191 nominis
1348 3135 1421 3188 ita
1455 3149 1513 3187 se
1561 3132 1794 3187 habere?
1845 3130 1951 3187 Sed
1999 3130 2113 3184 haec

536 3234 734 3289 alicubi
761 3233 815 3287 in
844 3233 964 3286 aliis
984 3226 1444 3298 disputationibus
1468 3224 1632 3294 plane
1652 3222 1929 3278 recondita
1962 3228 2109 3277 sunt.

533 3330 726 3385 Ounis
765 3336 943 3382 autem
966 3325 1015 3380 ei
1038 3324 1191 3377 labor
1218 3327 1519 3389 occupatus
1555 3328 1658 3381 est,
1694 3326 1752 3369 ut
1780 3317 2114 3370 demonstret

538 3421 707 3474 Deum
739 3419 987 3473 substare
1005 3412 1335 3482 ἀγεννήτως,
1367 3409 1587 3480 perinde
1611 3423 1673 3461 ac
1699 3409 1742 3463 si
1761 3409 1884 3475 quis
1908 3407 2113 3464 diserte

537 3512 607 3565 de
643 3511 727 3564 his
756 3510 1136 3576 interrogaret,
1178 3517 1470 3573 quamnam
1521 3500 1589 3555 de
1636 3499 1857 3553 nomine
1884 3499 2114 3569 ἀγεννη-

537 3605 658 3666 σίας
680 3600 1089 3669 intelligentiam
1142 3596 1392 3657 haberet,
1430 3603 1611 3648 utrum
1662 3591 1998 3646 existimaret
2019 3605 2113 3645 ex-

534 3695 831 3763 cogitatum
855 3690 920 3743 ad
951 3684 1433 3743 demonstrandum
1464 3684 1693 3753 primam
1715 3696 1935 3737 causam
1966 3680 2114 3749 prin-

534 3784 682 3853 cipio
708 3792 761 3837 et
781 3783 988 3852 origine
1015 3794 1221 3843 carere,
1245 3794 1314 3832 an
1340 3791 1470 3832 vero
1498 3776 1670 3846 ipsam
1700 3772 1991 3829 essentiam
2027 3775 2115 3827 de-

535 3878 767 3931 clarare.
799 3873 899 3928 Hic
953 3882 1134 3927 autem
1182 3871 1339 3926 valde
1370 3870 1606 3941 graviter
1632 3874 1687 3924 et
1742 3866 1999 3922 audacter
2024 3882 2110 3922 re-

534 3966 847 4036 sponderet,
908 3978 971 4017 se
1000 3977 1110 4015 non
1165 3961 1414 4015 dubitare
1476 3956 1644 4013 Deum
1691 3957 1817 4012 caeli
1867 3964 1921 4011 et
1953 3964 2112 4011 terra:

532 4064 836 4109 creatorem
886 4064 1028 4108 esse.
1081 4048 1150 4105 Ut
1183 4050 1346 4120 igitur
1401 4047 1489 4102 hic
1540 4060 1721 4102 sermo
1771 4060 1801 4099 a
1830 4048 2111 4116 proposito

533 4148 800 4207 dissonat,
835 4158 1011 4214 neque
1041 4156 1287 4197 connexa
1310 4142 1452 4196 serie
1481 4140 1749 4209 sequitur,
1782 4138 1971 4193 eodem
2000 4154 2110 4193 mo-

534 4240 607 4293 do
636 4237 911 4294 inveneris
934 4236 989 4291 in
1015 4235 1240 4304 pulchre
1268 4233 1541 4303 descripta
1564 4239 1752 4287 contra
1781 4244 1882 4286 nos
1907 4246 2106 4301 pugna,

532 4329 682 4399 quod
714 4343 745 4381 a
769 4342 935 4397 scopo
962 4328 1369 4383 dissentaneum
1402 4334 1487 4381 est
1510 4336 1566 4380 et
1584 4324 1822 4380 alienum
1854 4341 1868 4379 :
1898 4325 1981 4379 sic
2006 4339 2106 4378 au-

535 4429 642 4476 tem
670 4418 1083 4489 perspiciamus.

605 4510 905 4579 lngenitum
958 4511 1110 4564 aiunt
1165 4508 1332 4566 Deum
1389 4524 1560 4565 esse:
1617 4508 1744 4563 huic
1789 4508 1952 4563 etiam
2003 4525 2103 4565 nos

534 4602 921 4663 assentiamur,
958 4601 1052 4657 sed
1084 4601 1247 4655 etiam
1286 4600 1610 4671 ἁγεννησίαν
1638 4600 1932 4656 essentiam
1961 4615 2103 4668 esse,

534 4695 603 4750 ad
636 4695 738 4748 hoc
766 4707 797 4745 a
827 4692 987 4747 nobis
1024 4689 1383 4745 contradictio
1414 4691 1689 4747 occurrit:
1716 4690 1817 4744 hoc
1837 4690 1978 4745 enim
2005 4705 2104 4746 no-

534 4801 655 4841 men
685 4785 918 4841 dicimus
944 4782 1427 4840 demonstrativum
1459 4796 1601 4844 esse.
1629 4782 1797 4839 Deum
1822 4782 2104 4852 ingenera-

533 4882 716 4934 biliter
746 4877 1019 4941 substare,
1046 4891 1153 4930 non
1214 4873 1535 4942 ἀγεννησίαν
1562 4889 1683 4929 esse
1717 4873 1883 4928 Deum
1923 4892 1935 4928 :
1961 4875 2105 4929 hunc

533 4984 840 5027 sermonem
899 4966 1145 5023 refellere
1199 4974 1448 5020 nostrum
1506 4965 1813 5034 pollicetur.
1845 4965 2103 5031 Quaanam

535 5057 701 5126 igitur
729 5058 1021 5115 refutatio?
1050 5057 1203 5124 Quod
1235 5066 1354 5111 ante
1387 5056 1656 5111 hominum
1681 5057 2105 5111 constitutionem

535 5163 671 5216 erat,
713 5153 909 5222 inquit,
965 5152 1247 5220 ingenitus.
1276 5150 1417 5217 Quid
1451 5150 1555 5205 hoc
1586 5149 1654 5203 a’d
1689 5149 1743 5204 id
1770 5150 1918 5221 quod
1954 5167 2105 5220 quae-

536 5247 697 5305 ritur,
732 5245 875 5312 quod
910 5259 969 5298 se
992 5243 1484 5297 demonstraturum
1508 5239 1789 5311 profitetur
1814 5242 1953 5297 idem
1983 5257 2105 5298 esse

536 5351 736 5389 nomen
762 5349 885 5387 cum
916 5331 1201 5399 subjecto?
1249 5331 1545 5387 essentiam
1586 5330 1732 5383 enim
1781 5330 2104 5399 ἀγεννησίαν

536 5429 745 5482 deltnit.
766 5424 1023 5487 Quianam
1042 5424 1201 5493 igitur
1222 5422 1669 5493 pollicitationum
1688 5422 2106 5477 demonstratio?

538 5518 923 5573 Demonstrara
952 5532 1163 5585 nempe,
1197 5504 1364 5569 Deum
1392 5516 1656 5571 exsistere
1688 5524 1811 5570 ante
1856 5515 2102 5569 homines

541 5626 672 5664 voce
703 5616 935 5664 utentes.
959 5605 1006 5663 Ο
1027 5607 1306 5661 mirificam
1336 5606 1877 5669 demonstrationem,
1931 5614 1984 5660 et
2015 5606 2103 5660 cui

549 5700 846 5754 contradici
887 5716 993 5757 non
1026 5698 1225 5769 possit!
1261 5697 1375 5753 haec
1422 5706 1507 5753 est
1530 5714 1595 5754 ex
1650 5699 1955 5756 disserendi
1988 5706 2104 5754 arte

2138 4433 2187 4490 D

2215 492 2396 561 νόησιν
2414 506 2427 520 ·
2462 492 2556 544 καὶ
2589 490 2704 542 ἐστι
2736 490 2871 559 πρὸς
2895 488 3104 551 τούτοις
3128 488 3228 540 ὅσα
3254 486 3460 549 ὑποϐάς
3490 486 3804 555 ἐξέρχεται,

2214 583 2403 653 ὥσπερ
2431 582 2551 635 οὑδὲ
2578 583 2753 634 έκεῖνο
2781 579 3138 651 φρονούντων,
3182 580 3241 632 τὸ
3259 619 3274 642 ,
3304 580 3426 641 τοὺς
3474 577 3803 648 ἀνθρώπους

2216 674 2417 743 καίπερ
2477 674 2634 735 ὄντας
2686 674 2947 735 ὑστάτους
2998 670 3107 723 τῶν
3151 670 3243 723 τοὺ
3282 669 3415 723 Θεοῦ
3454 670 3807 740 δημιουργη-

2219 766 2403 833 μάιτων
2443 765 2763 835 προτάττειν
2806 764 2904 835 τῆς
2950 763 3098 831 σφῶν
3141 762 3322 814 αὑτῶν
3366 762 3630 823 ἐπινοίας.
3684 762 3809 813 Με-

2215 855 2386 924 γάλην
2412 856 2517 925 γάρ
2538 855 2614 925 τῷ
2638 855 2751 908 εντι
2777 856 2873 924 τὴν
2906 856 3055 923 ἰσχὺν
3081 857 3108 906 ὁ
3133 853 3286 920 λόγος
3308 848 3473 921 εἶχεν,
3511 853 3675 920 εἴπερ
3716 866 3808 912 τις

2216 948 2281 1001 ἐκ
2315 947 2510 1016 μανίας
2548 945 2581 1016 ἢ
2621 945 3043 1017 παραφροσύνης
3078 946 3319 998 ἐπίνοιαν
3364 941 3503 996 εἶναι
3532 944 3627 996 τὸν
3661 944 3807 995 Θεὸν

2216 1037 2561 1105 ἀπεφαίνετο.
2598 1038 2661 1090 Εἰ
2688 1038 2743 1090 δὲ
2775 1033 2926 1100 οὗτος
2954 1036 3053 1106 μὲν
3086 1038 3115 1088 ό
3136 1036 3288 1103 λόγος
3319 1035 3439 1089 οὔτε
3470 1037 3643 1098 ἐστὶν,
3666 1034 3801 1087 οὕτε

2220 1129 2320 1199 μὲν
2350 1125 2797 1197 γεγένηταιο(τίς
2834 1128 2942 1198 γάρ
2980 1127 3046 1180 ἂν
3091 1130 3169 1191 είς
3203 1126 3356 1180 τοῦτο
3408 1128 3802 1197 παραπληξία,

2217 1220 2478 1283 ὲλάσειεν,
2503 1220 2642 1274 ὥστε
2667 1220 2755 1273 τὸν
2784 1220 2951 1281 ὅντως
2972 1220 3119 1281 ὄντα,
3139 1220 3231 1272 καὶ
3250 1219 3318 1272 τά
3336 1218 3469 1271 ἄλλα
3493 1219 3671 1272 πάντα
3697 1222 3808 1270 ὅσα

2216 1313 2363 1364 ἐστὶν
2386 1315 2461 1374 εἰς
2484 1312 2693 1379 γένεσιν
2723 1312 3015 1378 ἀγαγόντα,
3039 1312 3226 1365 τοῦτον
3250 1311 3324 1380 μὴ
3346 1311 3463 1364 καθ’
3491 1312 3807 1362 ὑπόστασιν

2220 1402 2355 1454 ἰδίαν
2384 1402 2561 1469 λέγειν
2599 1398 2765 1464 εἶναι,
2810 1402 2921 1454 ἀλλ’
2950 1402 3186 1455 ἐπίνοιαν
3207 1402 3464 1471 ὀνόματος
3492 1402 3809 1469 ἀποφαίνε-

2220 1488 2456 1555 σθαι;)τί
2490 1492 2663 1562 μάτην
2692 1496 2990 1562 σκιομαχεῖ.
3016 1496 3126 1555 τοῖς
3147 1493 3207 1544 οὑ
3236 1493 3433 1544 τεθεῖσι
3458 1494 3811 1561 μαχόμενοςς

2218 1582 2251 1652 ἢ
2308 1581 2567 1651 πρόδηλος
2604 1582 2753 1636 αἰτία
2785 1582 2882 1651 τῆς
2920 1583 3147 1652 ἀνοήτου
3195 1581 3393 1651 ταύτης
3432 1580 3806 1649 φιλονεικίας,

2219 1674 2300 1727 ὃτι
2330 1675 2455 1737 τοὺς
2476 1672 2912 1744 ἐξαπατηθέντας
2938 1673 3025 1726 διὰ
3054 1673 3147 1725 τοῦ
3184 1674 3300 1725 κατ’
3338 1672 3660 1741 ἀγεννησίαν
3714 1689 3808 1724 σο-

2210 1765 2477 1834 φίσματος
2500 1765 2904 1834 αἰσχυνόμενος,
2933 1766 3055 1817 ἐπεὶ
3078 1765 3364 1834 διηλέγχθη
3404 1763 3665 1833 πάμπολυ
3696 1766 3801 1832 τῆς

2210 1855 2350 1909 κατά
2378 1856 2474 1925 τὴν
2503 1856 2690 1908 οὑσίαν
2733 1855 3007 1926 σημασίας
3049 1855 3447 1926 κεχωρισμένον
3476 1853 3533 1905 τὸ
3581 1854 3800 1921 δνομα,

2209 1947 2351 2001 ἑκὼν
2378 1951 2610 2001 ποιεῖται
2640 1947 2747 2000 τῶν
2777 1947 3081 2018 λεγομένων
3110 1947 3207 2018 τὴν
3246 1946 3522 2015 σύγχυσιν,
3554 1945 3668 1998 ἀπὸ
3698 1944 3800 1998 τοῦ

2210 2042 2469 2111 ὀνόματος
2494 2042 2585 2093 ἐπὶ
2614 2040 2682 2093 τά
2710 2040 3007 2110 πράγματα
3039 2038 3414 2109 μεταὸιὸάζων
3442 2038 3537 2108 τὴν
3581 2038 3797 2108 μάχην,

2209 2134 2282 2198 ὡς
2308 2135 2431 2196 τοὺς
2479 2134 2867 2195 ἀνεπιστάτους
2899 2132 3135 2195 εὐκόλως
3159 2131 3244 2184 διὰ
3274 2132 3371 2199 τῆς
3398 2130 3654 2199 τοιαύτης
3686 2148 3797 2182 πα-

2214 2226 2615 2297 ρακρουσθῆναι
2646 2224 2976 2293 συγχύσεως,
3002 2223 3320 2294 νομίζοντας
3346 2223 3378 2294 ἢ
3414 2222 3657 2276 ἐπίνοιαν
3703 2223 3801 2273 τὸν

2208 2316 2343 2368 Θεὸν
2388 2316 2517 2386 παρ’
2563 2314 2720 2385 ἡμῶν
2760 2314 3043 2386 εἰρῆσθαι,
3075 2313 3108 2384 ἦ
3140 2316 3239 2384 τῆς
3288 2313 3395 2364 τῶν
3430 2311 3800 2382 ἀνθρωπίνων

2211 2392 2503 2476 ὀνομάτωνχ
2524 2407 2790 2476 εὑρέσεως
2828 2406 3108 2475 δεύτερον·
3153 2406 3248 2457 καὶ
3286 2405 3374 2457 διὰ
3418 2403 3577 2457 τοῦτο
3623 2420 3803 2456 καταο

2212 2498 2380 2551 λιπὼν
2425 2498 2745 2566 ἀνέλεγκτον
2794 2498 2854 2550 τὸ
2898 2498 3185 2568 ἡμέτερον,
3229 2496 3521 2566 μεταφέρει
3551 2495 3650 2564 τὴν
3688 2497 3801 2563 μά·-

2212 2608 2331 2663 χην.
2364 2592 2437 2644 Τὸ
2482 2591 2591 2661 γὰρ
2632 2590 2761 2661 παρ’
2798 2589 2956 2661 ἡμῶν
2984 2585 3072 2659 ἦν,
3101 2587 3281 2651 καθὼς
3323 2588 3557 2658 εἴρηται,
3596 2587 3656 2639 τὸ
3700 2584 3798 2655 τῆς

2214 2681 2537 2751 ἀγεννησίας
2563 2681 2734 2750 ὄνομα
2764 2682 2838 2751 μὴ
2862 2681 2957 2751 τὴν
2988 2680 3147 2748 φύσιν
3173 2677 3556 2739 ἐνδείκνυσθαι,
3587 2677 3705 2729 ἀλλ’
3736 2680 3794 2743 ἐξ

2214 2768 2451 2829 ἐπινοίας
2491 2768 2818 2839 ἐφαρμόζειν
2864 2771 2929 2839 τῇ
2973 2768 3151 2836 φύσει,
3185 2766 3249 2819 δι’
3276 2762 3341 2837 ἧς
3370 2767 3431 2820 τὸ
3456 2768 3583 2821 ἀνευ
3604 2769 3793 2830 αἰτίας

2213 2856 2372 2912 αὑτὸν
2400 2859 2693 2925 ὑφεστάναι
2716 2859 3033 2929 σημαίνεται
3051 2874 3063 2886 ’
3088 2858 3149 2910 τὸ
3179 2858 3234 2912 δὲ
3264 2859 3391 2927 παρ’
3415 2858 3595 2911 αὑτῶν
3616 2876 3784 2912 κατα-

2215 2948 2606 3019 σκευαζόμενον
2627 2944 2712 3019 ἦν,
2738 2950 2904 3019 αὑτῆς
2942 2947 3077 3003 εἶναι
3110 2950 3206 3019 τῆς
3231 2950 3419 3012 οὐσίας
3451 2949 3788 3019 ὲνδεικτικὴν

2212 3040 2309 3112 τὴν
2337 3042 2539 3113 φωνήν.
2574 3040 2683 3095 Ποῦ
2722 3042 2899 3095 τοίνυν
2931 3041 3338 3110 κατεσκευάσθη
3367 3042 3425 3093 τὸ
3447 3041 3618 3103 οὑτως
3642 3044 3786 3111 ἔχειν

2213 3129 2309 3199 τὴν
2335 3128 2428 3181 τοῦ
2465 3130 2728 3199 ὀνόματος
2766 3130 3028 3201 δύναμινς
3069 3130 3206 3185 ἀλλὰ
3234 3131 3405 3185 ταῦτα
3441 3132 3541 3203 μὲν
3580 3133 3785 3203 ἑτέροις

2215 3238 2315 3274 που
2339 3220 2552 3284 πάντως
2571 3222 2915 3291 τεταμίευται
2934 3222 3128 3289 λόγοις.
3167 3222 3225 3275 Ὀ
3245 3222 3299 3275 δὲ
3321 3225 3426 3286 πᾶς
3450 3224 3597 3293 αὑτῷ
3624 3226 3785 3291 πόνος

2214 3311 2293 3374 είς
2326 3310 2384 3363 τὸ
2433 3311 2725 3379 ὑφεστάναι
2774 3312 2864 3365 τὸν
2916 3311 3043 3365 Θεὸν
3095 3314 3401 3382 ἁγεννήτως
3455 3316 3778 3385 ἠσχόληταιο

2212 3405 2394 3474 ὅμοιον
2434 3404 2621 3475 ὥσπερ
2652 3404 2718 3457 ἂν
2747 3405 2800 3458 εἴ
2832 3422 2911 3468 τις
2954 3406 3138 3475 σαφῶς
3183 3408 3305 3475 περὶ
3351 3407 3553 3460 τούτων
3597 3409 3779 3479 ἤρετο,

2212 3496 2331 3549 τίνα
2364 3498 2490 3566 περὶ
2519 3496 2612 3549 τοῦ
2634 3497 2892 3567 ὀνόματος
2917 3498 3014 3567 τῆς
3039 3500 3361 3567 ἀγεννησίας
3385 3499 3495 3570 ἔχει
3523 3500 3779 3562 διάνοιαν,

2213 3586 2319 3638 εἴτε
2361 3586 2433 3649 ὡς
2481 3588 2861 3658 ἐπινοουμένου
2920 3588 3047 3657 πρὸς
3102 3589 3321 3653 ἔνδειξιν
3379 3590 3472 3642 τοῦ
3530 3592 3783 3663 ἀνάρχως

2211 3674 2429 3731 εἶναιτὸ
2464 3678 2675 3749 πρῶτον
2706 3678 2896 3742 αἴτιον,
2928 3679 3035 3732 εἴτε
3064 3680 3157 3733 καὶ
3185 3681 3259 3743 ὡς
3280 3682 3446 3751 αὑτῆς
3480 3682 3778 3751 δηλωτικοῦ

2211 3767 2309 3836 τῆς
2328 3768 2543 3831 οὐσίας’
2574 3769 2602 3819 ό
2633 3769 2688 3821 δὲ
2733 3769 2877 3838 μάλα
2902 3770 3110 3838 σεμνῶς
3150 3771 3240 3823 καὶ
3283 3772 3647 3836 ὲπιστατικῶς
3678 3776 3781 3827 ἀπ-

2212 3862 2473 3932 εκρίνετο,
2500 3861 2561 3914 τὸ
2592 3862 2818 3934 οὐρανοῦ
2848 3863 2941 3916 καὶ
2974 3864 3074 3935 γῆς
3099 3863 3190 3915 τὸν
3212 3863 3343 3917 Θεὸν
3376 3866 3604 3936 ποιητὴν
3642 3865 3778 3920 εἶναι

2214 3955 2287 4022 μὴ
2312 3951 2690 4022 ἀμφιϐάλλειν.
2732 3953 2819 4017 Ὠς
2841 3953 3016 4006 τοίνυν
3044 3948 3195 4019 οὗτος
3224 3957 3252 4009 ό
3285 3956 3439 4024 λόγος
3468 3959 3664 4031 ἀπᾴδει
3689 3959 3777 4012 τοῦ

2210 4044 2590 4115 προταθέντος,
2637 4045 2731 4099 καὶ
2770 4045 2830 4098 οὑ
2879 4047 3243 4116 συνήρτηται·
3298 4050 3437 4102 κατά
3479 4048 3574 4102 τὸν
3618 4051 3778 4103 αὑτὸν

2208 4135 2406 4205 τροπὸν
2449 4136 2627 4207 εὑροις
2668 4135 2731 4191 ἂν
2775 4137 2867 4190 καὶ
2904 4139 2995 4191 ἐπὶ
3035 4142 3131 4208 τῆς
3148 4140 3606 4213 καλλιγραφείσης
3629 4143 3779 4212 αὑτῷ

2209 4228 2328 4281 καθ’
2360 4228 2515 4298 ἡμῶν
2553 4230 2732 4299 μάχης
2769 4230 2830 4282 τὸ
2856 4230 2989 4301 πρὸς
3022 4233 3110 4284 τὸν
3144 4231 3339 4284 σκοπὸν
3383 4235 3771 4307 ἀσυνάρτητον.

2209 4320 2417 4373 Οὑτωσὶ
2450 4320 2505 4374 δὲ
2530 4324 2701 4391 σκοπή
2711 4338 2908 4391 σωμεν.

2290 4498 2605 4568 Ἀγέννητόν
2646 4515 2777 4568 φασι
2819 4497 2908 4550 τὸν
2951 4498 3080 4550 Θεὸν
3110 4493 3269 4557 εἶναι,
3302 4498 3459 4550 τοῦτο
3496 4501 3592 4551 καὶ⁵
3616 4503 3778 4569 ἡμεῖς

2207 4588 2562 4659 συντιθέμεθα
2584 4607 2598 4620 ο
2626 4588 2761 4643 ἀλλά
2790 4590 2883 4642 καὶ
2909 4592 3004 4658 τὴν
3032 4589 3375 4658 ἀγεννησίαν,
3398 4591 3587 4643 οὑσίαν
3611 4587 3771 4655 εἶναι,

2205 4680 2534 4749 πρὸςκτοῦτο
2571 4668 2698 4752 παρ’
2749 4680 2907 4751 ἡμῶν
2954 4682 2986 4751 ἡ
3030 4680 3365 4751 ἀντίρρησις.
3416 4683 3629 4751 Ὄνομα
3672 4685 3778 4753 γὰρ

2204 4769 2359 4823 τοῦτό
2407 4786 2584 4841 φαμεν
2629 4770 2955 4825 ἐνδεικτικὸν
3005 4765 3140 4823 εἶναι
3190 4770 3283 4822 τοῦ
3324 4772 3639 4841 ἀγεννήτως
3692 4774 3777 4823 τὸν

2204 4861 2333 4913 Θεὸν
2397 4864 2729 4932 ὑφεστάναι,
2786 4864 2845 4914 οὑ
2900 4862 2997 4933 τὴν
3035 4862 3358 4933 ἀγεννησὶαν
3415 4859 3557 4917 εἷναι
3619 4862 3779 4916 Θεόν·

2205 4960 2442 5029 ἐλέγχειν
2474 4956 2860 5025 ἐπαγγέλλεται
2882 4956 2971 5008 τὸν
2993 4954 3254 5025 ἡμέτερον
3296 4954 3479 5022 λόγον’
3506 4956 3589 5019 τίς
3622 4954 3719 5010 οὖν
3748 4959 3775 5007 ό

2206 5053 2451 5122 ἕλεγχοςς
2483 5052 2603 5102 Ὀτι
2632 5049 2750 5115 Πρὸ
2784 5045 2891 5114 τῆς
2915 5046 3031 5100 τῶν
3054 5045 3376 5115 ἀνθρώπων
3415 5046 3776 5113 συστάσεως

2206 5143 2304 5211 ἦν.
2343 5142 2527 5210 φησιν.
2560 5139 2906 5209 ἀγέννητος.
2942 5137 3006 5191 Τί
3036 5137 3195 5191 τοῦτο
3244 5139 3380 5210 πρὸς
3408 5139 3471 5192 τὸ
3508 5139 3774 5210 ζητούμεο

2205 5252 2314 5297 νον,
2350 5234 2376 5286 ὃ
2419 5232 2609 5298 δείξειν
2636 5223 2791 5295 οὗτος
2820 5230 3348 5298 κατεπαγγέλλεται,
3393 5230 3592 5285 ταὺτὸν
3638 5228 3774 5283 εἶναι

2206 5324 2282 5393 τῷ
2309 5320 2647 5392 ὑποκειμένῳ
2673 5323 2732 5375 τὸ
2752 5322 2947 5393 όνομα;
2970 5322 3169 5375 Οὑσίαν
3194 5322 3301 5393 γάρ
3327 5317 3468 5375 εἶναι
3493 5324 3593 5393 τὴν
3617 5325 3770 5390 ἀγεν-

2206 5417 2397 5487 νησίαν
2426 5414 2683 5487 ὁρίζεται.
2722 5416 2815 5478 Τίς
2855 5411 2946 5469 οὖν
2982 5416 3015 5484 ὴ
3046 5415 3155 5468 τῶν
3188 5416 3611 5486 ἐπηγγελμένων
3645 5418 3774 5471 ἀπόι

2205 5510 2400 5575 aetate;
2443 5510 2515 5563 Τὸ
2567 5510 2735 5576 δεῖξαι
2787 5511 3174 5579 προϋφεστῶτα
3234 5510 3342 5564 τῶν
3387 5514 3539 5583 φωνῇ
3581 5530 3774 5584 κεχρη-

2210 5603 2405 5675 μένων,
2438 5602 2527 5655 τὸν
2558 5601 2708 5655 Θεόν.
2750 5604 2812 5656 Ὢ
2856 5603 2954 5673 τῆς
2998 5605 3392 5676 ἀναντιρῤήτου
3429 5605 3523 5657 καὶ
3570 5603 3776 5673 θαυμα-

2209 5698 2337 5766 στῆς
2360 5693 2719 5759 ἀποδείξεωςῑ
2756 5694 2895 5768 αῦτη
2936 5698 3103 5761 ἐστὶν,
3149 5699 3182 5766 ἡ
3216 5698 3279 5749 ἐκ
3306 5698 3402 5767 τῆς
3432 5697 3772 5763 διαλεκτικῆς
