4006 6500
295 356 406 420 969

1428 360 1704 417 CONTRA
1742 350 2126 430 EUNOMlUM,
2167 350 2294 420 LIB.
2338 354 2475 421 xtl-

3419 378 3525 434 (ΠΩ

294 468 495 541 τέχνης
536 469 721 537 λογικὴ
766 469 1111 539 τεχνουργίας
1146 464 1289 543 Πρὸς
1328 475 1393 544 ἣν
1423 475 1505 538 τίς
1530 476 1855 547 ἀντιϐλέψειε

1963 478 2313 550 disceptatrix
2372 481 2644 538 subtilitas
2703 494 2756 539 et
2816 488 3065 557 argutia?
3117 480 3174 544 In
3204 498 3366 562 quam
3400 495 3527 564 quis

293 558 405 613 τῶν
452 558 707 626 ἀμυήτων
757 558 855 629 τῆς
907 561 1215 633 ἀπορρήτου
1279 566 1637 633 παιδεύσεωςς
1700 570 1858 623 Ἀλλά

297 644 506 718 σεμνῶς
538 646 667 714 ἡμῖν
712 647 771 699 ἐν
801 651 921 712 ταῖς
967 654 1092 723 περὶ
1136 654 1231 725 τῆς
1272 658 1510 720 ἐπινοίας
1556 659 1858 724 διαστολαῖς

289 733 421 786 αὐτὸ
451 734 792 805 διακωμῳδεί
832 742 931 809 τῆς
980 742 1217 808 ἐπινοίας
1264 746 1321 799 τὸ
1366 746 1555 817 ὄνομα.
1594 749 1714 800 Τῶν
1752 750 1857 820 γάρ

289 825 432 880 οὕτω
473 828 594 879 κατ’
623 828 864 883 ἐπίνοιαν
896 831 1219 904 λεγομένων,
1258 838 1423 907 φησι,
1462 838 1530 890 τά
1572 840 1687 908 μὲν,
1719 840 1860 893 κατὰ

288 919 389 989 τὴν
416 919 697 989 προφορὰν
737 920 893 989 μόνον
936 922 1047 992 ἔχει
1083 925 1179 994 τὴν
1216 925 1469 996 ὓπαρξιν,
1499 927 1574 990 ὡς
1597 929 1664 981 τά
1695 930 1859 1000 μηδὲν

291 1008 654 1079 σημαίνοντα*
683 1009 751 1062 τὰ
785 1011 841 1062 δέ
886 1012 1005 1065 κατ’
1050 1014 1182 1066 ἰδίαν
1217 1015 1453 1068 διάνοιαν
1477 1034 1489 1047 ·
1521 1018 1614 1071 καὶ
1656 1019 1858 1072 τούτων

287 1098 357 1152 τὰ
388 1097 507 1167 μὲν,
554 1100 696 1150 κατά
746 1097 992 1169 αὔξησιν,
1036 1102 1109 1165 ὡς
1151 1104 1242 1154 ἐπὶ
1270 1103 1379 1155 τῶν
1406 1104 1733 1157 κολοσσαίων
1753 1122 1767 1137 ο
1792 1105 1861 1158 τὰ

285 1190 342 1243 δὲ
370 1190 510 1243 κατὰ
544 1189 785 1259 μείωσιν,
814 1191 886 1253 ὡς
916 1193 1005 1244 ἐπὶ
1026 1192 1131 1245 τῶν
1162 1196 1452 1265 πυγμαίων
1474 1213 1486 1226 ·
1516 1196 1584 1250 τὰ
1620 1197 1676 1249 δέ
1721 1197 1861 1251 κατά

287 1283 579 1353 πρόσθεσιν
600 1282 675 1345 ὠς
700 1283 791 1336 ἐπὶ
815 1283 919 1336 τῶν
942 1285 1348 1355 πολυκεφάλων,
1373 1287 1404 1358 ἢ
1428 1288 1568 1341 κατά
1591 1288 1857 1355 σύνθεσιν,

284 1373 361 1436 ὡς
401 1375 493 1426 ἐπὶ
532 1373 638 1425 τῶν
686 1374 1011 1445 μιξοθὴρων.
1067 1377 1230 1447 Ὁρᾷς
1270 1381 1350 1441 είς
1388 1378 1441 1430 τί
1484 1380 1581 1451 τὴν
1620 1380 1860 1433 ἐπίνοιαν

284 1468 418 1537 ἡμῖν
452 1469 479 1519 6
520 1466 680 1535 σοφὸς
715 1467 1140 1538 διακερματίσας
1173 1473 1479 1543 περαιτέρω
1508 1474 1605 1541 τὴν
1634 1472 1860 1542 δύναμιν

285 1559 456 1629 αὐτῆς
490 1559 765 1630 προελθεῖν
789 1562 886 1613 οὐκ
916 1560 1173 1629 ἠξίωσεν·
1218 1566 1528 1635 ἀσήμαντον
1557 1563 1697 1618 εἷναί
1727 1584 1859 1634 φησι

285 1650 383 1719 τὴν
406 1649 668 1715 ἐπίνοιαν,
694 1653 1022 1725 ἀδιανόητον,
1050 1654 1118 1707 τὰ
1138 1656 1287 1727 παρὰ
1311 1657 1474 1725 φύσιν
1501 1658 1859 1728 σοφιζομένην

284 1740 316 1810 ἦ
356 1739 799 1804 διακολοϐοὖσαν,
834 1742 866 1812 ἦ
909 1742 1327 1813 ὑπερτείνουσαν
1354 1744 1423 1797 τὰ
1458 1744 1733 1816 ὡρισμένα
1767 1744 1860 1814 μέ-

284 1850 389 1902 τρα
410 1831 505 1902 τῆς
526 1831 757 1899 φύσεως,
782 1832 814 1901 ἢ
843 1832 900 1898 ἐξ
932 1833 1239 1905 ἐτεροφυῶν
1262 1835 1611 1900 συντιθεῖσαν,
1635 1836 1666 1907 ἧ
1697 1854 1855 1908 τερα-

284 1923 580 1993 τευομένην
624 1925 742 1986 ταῖς
771 1922 1075 1986 ἀλλοκότοις
1122 1925 1476 1997 προσθήκαις.
1528 1927 1616 1981 Ἐν
1648 1927 1855 1991 τούτοις

285 2015 626 2080 καταπαίξας
645 2016 738 2069 τοῦ
767 2016 864 2085 τῆς
894 2014 1131 2081 ἐπινοίας
1152 2015 1431 2088 ὀνόματος,
1456 2020 1723 2091 ἄχρηστον
1757 2020 1856 2074 αὑ-

284 2107 385 2178 τὴν
424 2108 514 2159 καὶ
540 2106 798 2177 ἀνόνητον
825 2107 903 2177 τῷ
933 2107 1033 2178 βίῳ
1053 2104 1251 2161 τὸκατ’
1275 2109 1436 2163 αὑτὸν
1456 2109 1851 2165 ἀποδείκνυσιν.

287 2198 457 2252 Πόθεν
497 2192 589 2251 οὖν
627 2197 736 2251 τῶν
782 2199 1117 2270 μαθημάτων
1157 2200 1225 2253 τά
1256 2199 1586 2274 ὑψηλότερα;
1623 2202 1792 2257 Πόθεν
1820 2205 1854 2275 ἡ

286 2290 615 2361 γεωμετρία,
644 2290 737 2343 καὶ
759 2293 790 2362 ἡ
816 2291 1149 2363 ἀριθμητικὴ
1180 2293 1486 2361 φιλοσοφία,
1514 2295 1606 2349 καὶ
1634 2294 1744 2348 τῶν
1778 2295 1858 2348 λο-

284 2382 459 2450 γικῶν
486 2398 544 2434 τε
571 2383 664 2436 καὶ
688 2383 932 2450 φυσικῶν
964 2384 1335 2454 θεωρημάτων
1370 2388 1403 2456 ἡ
1427 2385 1766 2449 διδασκαλία,
1797 2390 1855 2442 αἱ

283 2473 343 2526 δὲ
366 2473 472 2525 τῶν
500 2472 905 2543 μηχανημάτων
930 2474 1205 2544 εὐρέσειςς
1232 2476 1342 2528 Καὶ
1361 2475 1430 2529 τὰ
1456 2476 1543 2530 διὰ
1565 2478 1769 2547 χαλκοῦ
1796 2496 1856 2533 τε

286 2566 380 2618 καὶ
405 2563 593 2627 ὓδατος
615 2565 673 2617 ὲν
692 2564 1051 2636 ὡροσκοπίοις
1077 2566 1327 2637 θαύματα
1346 2585 1360 2633 ;
1390 2568 1536 2639 Αὐτὴ
1557 2572 1590 2640 ἠ
1617 2588 1681 2624 πε
1691 2573 1742 2639 pl.
1763 2570 1855 2624 τοῦ

284 2655 436 2719 ὄντος
459 2656 774 2726 φιλοσοφία,
806 2659 897 2711 καὶ
919 2662 952 2729 ἠ
976 2660 1083 2712 τῶν
1121 2661 1325 2730 νοητῶν
1355 2662 1582 2735 θεωρία,
1612 2666 1706 2718 καὶ
1729 2667 1853 2720 συλ-

284 2748 485 2820 λήϐδην
518 2747 699 2818 φάναι,
719 2751 869 2803 πᾶσά
896 2768 954 2803 τε
978 2753 1011 2821 ἡ
1038 2752 1158 2821 περὶ
1172 2752 1239 2804 τὰ
1258 2754 1467 2822 μεγάλα
1482 2772 1540 2807 τε
1566 2756 1660 2809 καὶ
1680 2756 1858 2827 ὑψηλὰ

285 2842 386 2909 τῆς
401 2840 576 2911 ψυχῆς
599 2840 820 2912 ἀσχολία
837 2860 851 2906 ;
881 2843 945 2894 Τί
966 2842 1022 2895 δὲ
1040 2844 1072 2913 ή
1090 2846 1331 2917 γεωργία
1348 2863 1361 2911 ;
1386 2846 1449 2898 Τί
1462 2847 1518 2899 δέ
1535 2849 1566 2918 ἡ
1581 2848 1853 2916 ναυτιλία;

285 2934 351 2986 Τί
384 2934 439 2986 δὲ
469 2934 501 3004 ή
540 2932 696 3004 λοιπὴ
722 2933 863 2986 κατά
885 2934 975 2986 τὸν
1003 2933 1114 3003 βίον
1141 2935 1299 3006 ήμῶν
1337 2938 1645 3007 οίκονομία;
1690 2939 1856 2992 Πόθεν

288 3026 517 3099 βάσιμος
536 3028 612 3097 τῷ
632 3028 904 3098 ἀνθρώπῳ
924 3033 954 3098 ὴ
984 3029 1224 3084 θάλασσα
1241 3048 1257 3095 ;
1281 3030 1405 3093 Πῶς
1424 3031 1759 3087 δεδούλευται
1780 3034 1857 3104 τῷ

1962 568 2223 639 profanus
2254 585 2354 625 nec
2382 574 2596 627 arcanis
2627 572 2888 631 doctrina:
2904 576 3145 636 initiatus
3173 582 3531 640 obtuebitur?

1963 663 2069 717 Sed
2107 663 2345 733 graviter
2392 666 2551 721 nobis
2585 666 2639 720 in
2666 667 2985 726 diﬁ'erentiis
3018 673 3132 728 sive
3160 674 3528 731 distinctioni-

1960 756 2063 810 bus
2094 755 2257 823 hujus
2298 757 2535 812 nominis
2574 758 2834 824 ἐπινοίας,
2886 766 3359 821 commentationis
3412 768 3529 824 sive

1960 848 2374 917 excogitationis
2455 848 2629 917 ipsum
2696 866 2893 907 nomen
2970 854 3210 919 ἐπινοίας
3267 859 3523 917 traducit.

1961 937 2181 1000 Eorum,
2218 940 2412 1009 inquit,
2447 956 2568 1010 qua:
2607 942 2904 997 secundum
2940 946 3199 1009 ἐπινοίαν,
3233 948 3284 1002 id
3315 957 3419 1013 est,
3459 967 3529 1006 ex

1961 1028 2239 1083 hominum
2290 1033 2743 1087 commentatione
2796 1032 3072 1096 dicuntur,
3110 1036 3355 1105 quaedam
3411 1041 3529 1095 sola

1961 1119 2261 1189 prolatione
2289 1122 2620 1184 consistunt,
2655 1130 2712 1176 ut
2739 1135 2860 1191 quae
2883 1124 3015 1177 nihil
3046 1125 3385 1195 signiﬁcant;
3421 1130 3528 1183 alia

1960 1225 2087 1264 vero
2156 1212 2373 1280 propria
2428 1212 2825 1282 intelligentia:
2854 1222 2910 1267 et
2938 1213 3128 1269 horum
3174 1216 3278 1271 alia
3309 1217 3528 1288 quidem

1960 1315 2056 1369 per
2085 1302 2575 1371 ampliﬁcationem,
2604 1312 2660 1356 ut
2692 1303 2746 1357 in
2776 1305 3081 1370 colossicis,
3115 1307 3217 1360 alia
3240 1323 3339 1378 per
3369 1309 3530 1364 dimi-

1959 1392 2263 1457 nutionem,
2292 1403 2351 1447 ut
2384 1395 2437 1447 in
2461 1396 2735 1464 pygmaéis,
2766 1397 2869 1450 alia
2899 1414 2992 1466 per
3016 1400 3443 1469 appositionem,
3471 1412 3530 1457 ut

1960 1483 2014 1535 in
2056 1482 2493 1551 multicipitibus,
2524 1484 2607 1537 vel
2650 1500 2745 1553 per
2777 1486 3248 1556 compositionem,
3279 1496 3339 1542 ut
3365 1490 3419 1543 in
3446 1506 3533 1545 se-

1961 1570 2191 1625 miferis.
2229 1569 2394 1627 Vides
2420 1589 2680 1641 quorsum
2719 1575 2806 1629 hic
2834 1576 3050 1644 sapiens
3079 1578 3313 1634 nobisin
3353 1580 3530 1635 minu-

1960 1663 2065 1717 tias
2087 1663 2409 1733 discerptam
2435 1666 2677 1719 ἐπίνοιαν
2706 1667 2934 1722 ulterius
2966 1668 3085 1737 ejus
3104 1669 3213 1723 vim
3235 1671 3530 1740 procedere

1962 1755 2154 1810 noluit.
2183 1755 2331 1810 Nihil
2364 1760 2542 1828 inquit
2594 1760 2836 1812 ἐπίνοιαν
2894 1760 3216 1830 signiﬁcare,
3248 1777 3411 1817 sensu
3439 1777 3531 1816 ca-

1953 1861 2093 1910 rere,
2121 1862 2184 1901 ea
2208 1863 2327 1917 quae
2373 1858 2500 1903 sunt
2558 1858 2753 1919 praeter
2784 1858 3033 1905 naturam
3060 1853 3303 1923 captiose
3333 1861 3521 1909 osten-

1955 1938 2194 2003 dentem,
2229 1940 2311 1995 vel
2343 1940 2740 2005 decurtantem,
2779 1942 2857 1996 vel
2882 1950 3088 1996 natura:
3129 1942 3383 1999 deﬁnitos
3407 1959 3525 2000 mo-

1955 2030 2055 2087 dos
2078 2034 2643 2101 superextendentem,
2668 2036 2751 2090 vel
2788 2051 2854 2090 ex
2890 2035 3120 2091 diversis
3153 2034 3345 2091 formis
3372 2051 3528 2091 com-

1954 2134 2264 2194 ponentem,
2288 2126 2372 2180 vel
2423 2127 2616 2181 alienis
2669 2128 3106 2197 monstrosisque
3154 2126 3527 2183 additionibus

1955 2221 2205 2283 portenta
2236 2214 2546 2286 ﬁngentem.
2575 2216 2633 2269 ln
2670 2216 2755 2272 his
2796 2216 3036 2278 ἐπινοίας
3054 2230 3253 2271 nomen
3282 2215 3529 2271 ludiﬁca-

1956 2311 2045 2360 tus
2073 2304 2316 2360 inutilem
2347 2308 2521 2376 ipsam
2553 2323 2779 2378 prorsus
2801 2323 2864 2362 ac
2889 2308 3093 2363 nullius
3127 2309 3398 2363 commodi
3428 2309 3530 2363 hu-

1956 2412 2130 2452 mana:
2146 2399 2270 2453 vitae
2294 2415 2360 2453 ex
2398 2401 2512 2455 suis
2541 2401 2900 2455 demonstrat.
2946 2399 3101 2456 Unde
3125 2401 3288 2471 igitur
3308 2401 3530 2457 altiores

1956 2492 2295 2564 disciplinae?
2327 2494 2468 2550 unde
2495 2497 2811 2565 geometria,
2848 2504 2901 2550 et
2923 2494 3247 2550 numerandi
3276 2495 3526 2558 scientia,

1956 2586 2393 2641 sermocinalium
2454 2597 2506 2641 et
2557 2589 2883 2642 naturalium
2939 2598 3347 2657 perceptarum,
3414 2587 3531 2642 sive

1957 2678 2489 2746 speeulamentorum
2543 2679 2836 2733 doctrina?
2887 2686 2940 2733 et
2973 2678 3527 2733 machinamentorum

1958 2768 2317 2835 inventiones,
2345 2776 2400 2823 et
2436 2784 2532 2839 per
2556 2784 2631 2824 aes
2660 2779 2713 2824 et
2757 2783 2951 2838 aquam
2994 2769 3049 2822 in
3082 2767 3438 2837 horoscopiis.
3474 2767 3527 2821 id

1957 2872 2042 2915 est
2069 2861 2328 2916 horarum
2357 2862 2848 2923 observationibus,
2879 2860 3139 2914 miracula
3165 2860 3188 2912 ?
3220 2857 3530 2929 ipsaquede

1959 2968 2023 3007 eo
2056 2952 2202 3023 quod
2230 2960 2315 3009 est
2340 2952 2721 3023 philosophia?
2741 2961 2922 3021 atque,
2947 2950 3365 3020 iutelligibilium
3399 2964 3530 3004 eon-

1954 3044 2277 3114 templatio?
2308 3050 2468 3113 atque
2493 3083 2506 3105 ,
2566 3054 2622 3097 ut
2660 3042 2972 3097 summatim
3018 3040 3217 3103 dicam,
3266 3040 3444 3095 omnis
3470 3040 3527 3093 in

285 3119 525 3189 χερσαίῳ
548 3119 606 3171 τὸ
629 3119 901 3190 ἐναέριονς
926 3119 1047 3183 Πῶς
1069 3118 1444 3175 τιθασσεύεται
1464 3123 1525 3176 τὸ
1544 3124 1815 3196 ἀνήμερον
1835 3146 1848 3193 ;

287 3206 408 3230 ἡγηΑ
442 3210 729 3230 οης,1.ν-ςηκ
779 3211 819 3230 ,\
869 3210 1190 3230 ,,-Q_,I,A,,
1286 3212 1369 3230 TI‘
1473 3214 1485 3230 0
1576 3215 1588 3230 Ι
1747 3217 1802 3230 ιι.

1960 3134 2172 3204 magnis
2215 3140 2271 3188 et
2301 3134 2532 3188 excelsis
2579 3132 2744 3186 animi
2777 3131 3107 3201 occupatio?
3163 3130 3303 3197 Quid
3347 3139 3527 3185 autem

287 3206 410 3273 Πῶς
437 3210 735 3280 δαμάζεται
768 3211 829 3265 τὸ
862 3210 1260 3282 φοόερώτερονς
1286 3212 1410 3277 Πῶς
1435 3214 1535 3267 οὐκ
1565 3215 1850 3287 ἀφηνιάζει

283 3302 347 3353 τὸ
377 3303 718 3372 ἰσχυρότερον
739 3319 752 3365 ;
776 3290 899 3373 Ἆρ’
932 3304 991 3355 οὐ
1023 3303 1088 3356 δι’
1122 3304 1361 3369 ἐπινοίας
1390 3306 1653 3379 ἐφευρέθη
1679 3310 1851 3365 ταῦτα

286 3393 461 3445 πάντα
492 3395 555 3463 τῇ
586 3392 902 3466 ἀνθρωπίνῃ
926 3394 1071 3465 ζωῇς
1104 3396 1257 3448 Ἔστι
1294 3395 1401 3468 γὰρ
1436 3398 1576 3451 κατὰ
1602 3399 1692 3451 τὸν
1720 3400 1850 3471 ἐμὸν

284 3480 441 3551 λόγον
467 3484 676 3537 ἐπίνοια
708 3484 891 3553 ἔφοδος
915 3486 1166 3556 εὑρετικὴ
1196 3488 1303 3540 τῶν
1337 3489 1731 3559 ἀγνοουμένων,
1763 3491 1852 3544 διὰ

282 3575 393 3629 τῶν
434 3575 711 3647 προσεχῶν
754 3594 812 3629 τε
842 3578 935 3629 καὶ
960 3576 1267 3629 ἀκολούθων
1298 3580 1363 3647 τῇ
1403 3579 1594 3649 πρώτῃ
1632 3580 1761 3651 περὶ
1790 3579 1852 3632 τὸ

286 3666 716 3736 σπουδαζόμενον
773 3670 987 3737 νοήσει,
1042 3666 1104 3719 τὸ
1170 3667 1368 3736 ἐφεξῆς
1442 3667 1847 3739 ἐξευρίσκουσα.

285 3750 595 3831 Νοήσαντες
620 3761 728 3831 γάρ
749 3778 801 3814 τι
841 3758 968 3829 περὶ
995 3757 1088 3811 τοῦ
1129 3757 1461 3827 ζητουμένου
1492 3763 1557 3829 τῇ
1589 3761 1728 3832 ἀρχῇ
1756 3763 1850 3816 τοῦ

283 3842 608 3924 ληφθέντος,
646 3853 733 3907 διὰ
763 3853 872 3905 τῶν
906 3851 1379 3923 ἐφευρισκομένων
1416 3852 1699 3921 νοημάτων
1728 3871 1855 3907 συν-

282 3945 614 4016 αρμόζοντες
656 3944 720 3997 τὸ
756 3942 1062 4005 ἀκόλουθον,
1095 3943 1173 4005 είς
1197 3942 1255 3996 τὸ
1281 3942 1451 4014 πέρας
1486 3943 1593 3997 τῶν
1624 3946 1856 3999 σπουδα-

282 4032 525 4106 ζομένων
555 4036 653 4107 τὴν
679 4036 989 4107 ἐγχείρησιν
1020 4034 1245 4104 ἄγομεν.

1958 3224 2338 3295 agricultura?
2365 3224 2493 3293 quid
2547 3221 2835 3292 navigandi
2884 3221 3110 3292 peritia?
3134 3220 3265 3289 quid
3314 3221 3522 3289 reliqua

1959 3317 2015 3371 in
2048 3317 2158 3371 vita
2182 3316 2552 3387 dispensatio?
2613 3314 2763 3370 Unde
2815 3314 3059 3383 pervium
3084 3313 3299 3366 homini
3341 3312 3529 3367 mare?

1958 3408 2241 3475 Quomodo
2272 3426 2301 3463 a
2320 3410 2562 3464 terrestri
2591 3406 2737 3478 quod
2777 3415 2860 3461 est
2889 3407 2945 3460 in
2972 3420 3097 3461 aere
3131 3406 3187 3459 in
3213 3406 3527 3461 servitutem

1907 3516 1924 3532 -
1956 3500 2235 3554 redactum
2263 3501 2390 3555 est?
2411 3499 2691 3566 Quomodo
2714 3498 2857 3569 quod
2878 3496 3057 3553 ferum
3089 3504 3175 3552 est
3216 3493 3532 3549 cicuratur?

1958 3589 2242 3655 Quomodo
2265 3592 2517 3645 domatur
2552 3590 2699 3660 quod
2727 3597 2811 3645 est
2842 3588 3162 3644 horribilius
3185 3585 3211 3641 ἳ
3240 3584 3529 3651 Quomodo

1957 3680 2168 3735 frenum
2227 3697 2335 3735 non
2376 3682 2660 3745 detrectat,
2715 3688 2770 3736 et
2821 3680 3029 3750 respuit
3054 3677 3199 3749 quod
3248 3686 3334 3733 est
3361 3676 3528 3730 robu-

1956 3770 2095 3826 stius
2121 3772 2357 3826 ?Annou
2418 3787 2513 3840 per
2533 3773 2793 3834 ἐπίνοιαν,
2825 3772 2876 3826 id
2905 3777 2990 3825 est
3022 3768 3528 3823 commentationem

1956 3862 2068 3915 haec
2147 3862 2327 3915 omnia
2401 3864 2526 3916 vita:
2594 3864 2845 3916 humanae
2918 3862 3134 3915 inventa
3193 3858 3367 3912 sunt?
3430 3855 3528 3912 Est

1954 3949 2099 4003 enim
2151 3948 2450 4003 secundum
2488 3964 2661 4003 meam
2698 3948 3067 4003 deﬁnitionem
3122 3946 3354 4010 ἐπίνοια,
3384 3945 3528 3999 ratio

1954 4041 2225 4096 inventrix
2252 4056 2437 4097 eorum
2461 4056 2581 4111 quae
2612 4042 2957 4110 ignorantur,
2982 4054 3080 4110 per
3108 4038 3437 4093 adhaerentia
3472 4046 3527 4090 et

280 4138 648 4188 consentanea
676 4132 865 4201 prima:
905 4130 972 4185 de
1014 4145 1079 4184 eo
1124 4130 1265 4199 quod
1295 4131 1536 4187 studiose
1600 4134 1882 4201 quaeritur,
1958 4137 2189 4202 notioni,
2232 4137 2375 4207 quod
2406 4137 2661 4206 deinceps
2689 4138 2934 4206 sequitur
2972 4132 3342 4192 adinveniens.
3390 4130 3524 4184 Nam

280 4240 407 4278 cum
470 4224 838 4279 intelleximus
861 4222 1065 4291 aliquid
1094 4223 1161 4277 de
1194 4237 1259 4276 eo
1282 4221 1429 4293 quod
1492 4227 1777 4293 quaeritur,
1834 4242 1928 4297 per
1963 4228 2288 4299 principium
2337 4229 2457 4298 ejus
2503 4229 2648 4297 quod
2678 4236 2954 4298 sumptum
3004 4234 3106 4290 est,
3137 4242 3234 4298 per
3276 4240 3340 4281 ea
3365 4239 3526 4279 sensa

280 4329 404 4381 qua:
435 4315 805 4379 inveniuntur,
845 4315 991 4384 quod
1020 4330 1363 4384 consequens
1394 4324 1478 4369 est
1504 4316 1849 4387 adaptantes,
1891 4320 1956 4373 ad
1993 4322 2289 4375 terminum
2315 4336 2504 4376 eorum
2529 4320 2582 4374 in
2612 4320 2813 4389 quibus
2868 4318 3211 4374 elaboramus
3268 4324 3525 4372 conatum

280 4406 624 4462 adduchnus.

351 4503 462 4555 Kal.
488 4500 540 4553 τί
579 4517 668 4570 μοι
705 4500 772 4553 τά
814 4498 981 4569 μείζω
1026 4501 1118 4552 καὶ
1143 4501 1445 4572 ὑψηλότερα
1475 4501 1583 4553 τῶν
1607 4499 1707 4570 τῆς
1733 4502 1850 4554 ἐπι-

2026 4496 2091 4550 Et
2115 4496 2241 4565 quid
2273 4496 2404 4550 mihi
2438 4511 2659 4551 necesse
2686 4506 2767 4549 est
2794 4494 3033 4557 ἐπινοίας
3058 4498 3523 4553 commentatione

279 4594 428 4655 νοίας
461 4591 897 4662 κατορθωμάτων
940 4590 1326 4661 ἀριθμεῖσθαι;
1380 4590 1596 4657 Ἔξεστι
1638 4592 1746 4661 γὰρ
1772 4590 1849 4661 τῷ

1956 4590 2219 4646 beneﬁcia
2253 4591 2460 4658 majora
2494 4597 2547 4641 et
2593 4588 2911 4642 sublimiora
2956 4586 3295 4641 numerando
3337 4604 3527 4644 recen-

285 4686 361 4755 μὴ
407 4683 720 4753 φιλονείκως
760 4681 934 4752 ἔχοντι
980 4683 1115 4753 πρὸς
1166 4682 1262 4753 τὴν
1298 4682 1550 4753 ἀλήθειαν
1592 4683 1847 4745 κατιδεῖν,

1958 4683 2117 4738 sere?
2160 4681 2309 4735 Licet
2356 4681 2499 4734 enim
2539 4679 2745 4732 homini
2776 4693 2882 4731 non
2913 4678 3253 4733 contentiosa
3281 4677 3349 4733 ad
3380 4681 3524 4734 veri-

281 4777 364 4829 ὅτι
393 4775 486 4828 καὶ
512 4775 579 4827 τά
607 4773 738 4828 ἄλλα
780 4774 954 4827 πάντα
986 4774 1085 4826 ὅσα
1119 4772 1352 4843 βιωφελῆ
1400 4790 1459 4825 τε
1488 4775 1580 4827 καὶ
1608 4775 1851 4844 χρήσιμα

1957 4784 2122 4829 tatem
2152 4774 2479 4844 perspicere,
2517 4772 2657 4841 quod
2689 4772 2791 4824 alia
2826 4772 3008 4824 omnia
3037 4785 3158 4839 qua:
3190 4770 3312 4823 vitae.
3343 4769 3522 4824 homi-

282 4870 349 4937 τῇ
378 4868 487 4936 ζωῇ
516 4866 623 4918 τῶν
647 4864 945 4935 ἀνθρώπων
977 4867 1005 4917 ὁ
1033 4865 1222 4935 χρόνος
1243 4865 1489 4935 ἐφεῦρεν,
1514 4866 1610 4936 οὐχ
1632 4867 1851 4937 ἑτέρως,

285 4960 420 5013 ἀλλά
438 4959 527 5011 διὰ
558 4958 658 5027 τῆς
688 4958 927 5020 ἐπινοίας
958 4956 1271 5029 ἐξηύρηται.
1305 4958 1412 5010 Καί
1444 4975 1532 5027 μοι
1559 4958 1705 5011 δοκεῖ
1722 4960 1855 5012 πάν-

284 5068 391 5103 των
439 5050 546 5105 τῶν
597 5050 735 5103 κατὰ
781 5050 877 5119 τὴν
924 5049 1064 5120 ζωὴν
1116 5048 1318 5119 ταύτην
1366 5050 1768 5120 ἐνεργουμένων
1797 5054 1854 5106 ἐν

285 5144 415 5213 ἡμῖν
448 5141 667 5207 ἀγαθῶν
693 5141 800 5194 τῶν
828 5143 950 5203 ταῖς
979 5141 1177 5212 ψυχαῖς
1224 5140 1377 5210 ἡμῶν
1404 5142 1555 5211 παρὰ
1579 5143 1677 5214 τῆς
1708 5144 1855 5206 θείας

285 5232 626 5303 προμηθείας
656 5232 1089 5301 ἐνυπαρχόντων,
1120 5230 1217 5301 τὴν
1255 5231 1498 5284 ἐπίνοιάν
1538 5249 1621 5296 τις
1673 5251 1857 5304 προτι-

288 5325 522 5394 μοτέραν
557 5324 779 5396 κρίνων,
818 5322 892 5393 μὴ
923 5323 989 5376 ἂν
1012 5323 1109 5393 τῆς
1139 5322 1453 5393 πρεπούσης
1483 5323 1715 5395 κρίσεως
1739 5325 1853 5377 δια-

282 5414 599 5486 ψευσθῆναι.
632 5416 789 5483 Λέγω
816 5414 881 5485 δὴ
912 5415 1083 5467 ταῦτα
1110 5414 1260 5487 παρὰ
1286 5415 1381 5468 τοῦ
1424 5415 1541 5467 ’1ὼό
1569 5415 1853 5486 διδαχθεὶς,

285 5508 344 5558 ἐν
376 5500 457 5569 οἷς
504 5508 532 5559 6
577 5504 707 5563 Θεὸς
738 5504 814 5574 τῷ
840 5503 982 5572 λόγῳ
1017 5506 1328 5576 πεποίηται,
1363 5504 1448 5558 διὰ
1480 5504 1738 5567 λαίλαπος
1766 5506 1857 5558 καὶ

282 5596 481 5667 νεφῶν.
510 5595 592 5667 τῷ
618 5597 907 5662 θεράποντι
939 5595 1290 5667 χρηματίζων
1309 5615 1323 5627 ·
1352 5596 1420 5649 τά
1446 5613 1504 5649 τε
1526 5595 1657 5648 ἄλλα
1685 5595 1856 5663 λέγων

282 5692 381 5744 ὅσα
409 5690 529 5760 Θεῷ
556 5688 765 5760 πρέπον
790 5684 858 5758 ἦν
886 5689 1084 5755 λέγειν,
1123 5690 1216 5741 καὶ
1258 5690 1339 5741 ὅτι
1384 5689 1545 5751 αὐτὸς
1575 5688 1658 5759 εἴη
1685 5689 1713 5740 6
1738 5690 1857 5752 ταῖς

283 5782 501 5855 τέχναις
530 5783 827 5851 ἐπιστήσας
870 5780 958 5834 τὸν
992 5782 1295 5849 ἄνθρωπον,
1330 5782 1423 5837 καὶ
1455 5782 1666 5851 γυναιξὶ
1704 5798 1857 5853 χαρι-

604 5900 873 5961 ΡΑτιιοι..
908 5899 1025 5961 Gn.
1064 5899 1251 5960 XLV.

1956 4881 2086 4919 num
2122 4865 2273 4918 utilia
2302 4871 2356 4917 et
2388 4864 2695 4918 necessaria
2726 4872 2940 4931 tempus
2972 4862 3197 4923 invenit,
3234 4876 3342 4914 nou
3364 4862 3525 4917 aliter

1953 4973 2115 5028 quam
2148 4958 2237 5011 διὰ
2277 4957 2377 5026 τῆς
2415 4956 2678 5020 ἐπινοίας,
2720 4956 2773 5009 id
2818 4964 2922 5017 est,
2973 4953 3428 5008 commentatione
3470 4964 3525 5008 et

1957 5049 2255 5105 subtilitate
2306 5048 2503 5102 mentis
2550 5047 2765 5101 iuventa
2811 5053 2940 5098 sunt
2985 5052 3039 5098 et
3086 5044 3410 5114 excogitata.
3447 5046 3526 5099 Ac

1956 5142 2087 5196 mihi
2118 5140 2337 5211 quidem
2371 5139 2579 5195 videtur
2598 5137 2853 5192 omnibus
2880 5136 3038 5191 bouis
3068 5150 3189 5204 quae
3216 5136 3270 5188 in
3293 5134 3393 5190 hac
3415 5136 3523 5188 vita

1956 5235 2261 5290 elﬁciuntur
2288 5232 2343 5286 in
2374 5231 2555 5295 nobis,
2588 5244 2815 5299 quaque
2844 5228 3041 5281 animis
3068 5226 3268 5281 nostris
3291 5240 3319 5277 a
3344 5227 3523 5281 divina

1958 5324 2301 5379 Providentia
2329 5324 2535 5386 insunt,
2556 5319 2653 5390 τὴν
2674 5318 2934 5381 ἐπίνοιαν,
2961 5317 3067 5369 vim
3100 5318 3527 5374 commentandi.

1957 5419 2077 5487 quis
2117 5416 2493 5485 pretiosiorem
2522 5421 2575 5467 et
2607 5409 3065 5465 honorabiliorem
3090 5408 3366 5476 judicans,
3418 5422 3524 5459 nou

1957 5524 1990 5560 a
2029 5510 2251 5561 decente
2282 5512 2336 5561 et
2388 5510 2537 5559 recto
2572 5501 2778 5571 judicio
2827 5498 2967 5553 falso
2997 5500 3350 5553 aberraturus
3382 5514 3524 5552 esse.

1958 5597 2083 5654 Haec
2118 5608 2298 5653 autem
2328 5596 2451 5652 dico
2478 5610 2507 5647 a
2528 5593 2633 5649 Job
2658 5593 2908 5656 edoctus,
2938 5592 2993 5645 in
3024 5591 3223 5662 quibus
3246 5589 3387 5644 Deus
3418 5605 3523 5643 ser-

1958 5707 2118 5745 mone
2148 5706 2241 5760 per
2265 5690 2508 5743 turbines
2529 5696 2583 5742 et
2604 5686 2781 5740 nubes
2803 5698 2960 5739 servo
2991 5683 3328 5752 respondens
3353 5681 3523 5734 fatim

1957 5790 2063 5846 est,
2112 5790 2224 5834 tum
2261 5781 2363 5834 alia
2412 5794 2538 5848 qum
2581 5776 2749 5831 Deum
2797 5775 2949 5830 decet
2995 5773 3177 5829 dicere
3229 5773 3507 5839 proici-ens

3176 5890 3247 5949 31
