4006 6486
540 304 641 362 971

1786 308 1842 363 S.
1890 307 2210 372 GREGORII
2265 310 2553 370 NYSSENI

3687 338 3784 394 97!

522 435 673 513 δωω
712 421 875 477 etiam
908 421 1051 491 quod
1077 422 1194 493 ipse
1223 423 1294 479 sit
1320 426 1415 497 qui
1438 427 1645 483 artibus
1677 428 1949 485 hominem
1982 447 2105 502 pra:-

2221 435 2450 505 σάμενος
2482 436 2780 508 ὑιραντικήν
2828 455 2888 491 τε
2942 440 3033 493 καὶ
3080 442 3411 517 ποικιλτικηι
3458 452 3781 529 ἐπιστήμην,

520 515 696 619 ἔΐεοὶι.
746 523 799 569 et
836 514 1050 569 mulieri
1090 516 1425 585 gratiﬁcatus
1456 530 1624 575 artem
1674 523 1889 576 texendi
1916 533 1970 577 et
2012 539 2113 577 aeu

550 608 803 678 pingendi
838 607 1146 664 scientiam.
1194 609 1348 675 Quod
1386 612 1531 666 enim
1565 630 1673 668 non
1718 624 1841 667 actu
1878 616 2113 683 quodam

548 700 680 753 tales
711 707 856 755 artes
883 700 1088 762 docuit,
1136 702 1251 770 ipse
1279 717 1456 771 operae
1488 706 1808 774 prarsidens,
1853 707 2114 775 quemad-

546 790 765 844 modum
816 791 872 845 in
921 791 1004 847 his
1034 808 1153 862 quae
1199 794 1552 863 corporaliter
1596 795 1894 851 edocentur
1932 796 2113 852 videre

544 883 693 947 licet,
750 884 934 938 nullus
989 885 1147 955 plane
1198 888 1604 951 contradixerit,
1662 889 1752 957 qui
1792 890 2027 943 carnalis
2059 896 2113 942 et

544 974 820 1031 belluinus
853 992 960 1031 non
1003 978 1075 1033 sit
1105 995 1117 1028 :
1143 978 1237 1033 sed
1286 980 1491 1035 dictum
1528 990 1611 1037 est
1656 982 1723 1035 ab
1764 981 1881 1051 ipso
1922 982 2109 1034 talium

544 1068 744 1121 artium
767 1068 922 1123 nobis
952 1069 1169 1123 insitam
1200 1086 1322 1127 esse
1350 1072 1673 1136 doctrinam,
1696 1074 1822 1142 quia
1850 1073 2108 1127 nimirum

546 1156 755 1211 dederit
780 1167 986 1212 natura:
1013 1159 1352 1229 excogitandi
1381 1170 1433 1215 et
1459 1161 1764 1215 inveniendi
1788 1176 1849 1216 ea
1877 1177 1997 1231 qua:
2023 1162 2109 1215 in-

544 1250 870 1318 quiruntur,
916 1250 1222 1307 facultatem
1250 1293 1264 1317 ,
1319 1254 1507 1323 sicque
1548 1254 1665 1323 ipse
1711 1269 1811 1309 nos
1855 1255 1920 1307 ad
1964 1263 2109 1308 artes

544 1342 790 1397 adduxit.
836 1342 902 1397 Et
939 1353 1158 1414 propter
1204 1360 1384 1399 causa
1432 1345 1695 1400 rationem
1746 1345 2007 1415 quidquid
2043 1360 2109 1398 ex

543 1434 799 1498 ἐπινοίας,
845 1435 896 1489 id
935 1445 1014 1491 est
1056 1437 1512 1491 commentatione
1544 1437 1902 1507 excogitatur,
1937 1445 1993 1491 et
2025 1437 2108 1490 in-

542 1526 758 1581 venitur
783 1534 944 1596 atque
978 1527 1277 1596 perﬁcitur,
1314 1528 1368 1581 in
1404 1528 1702 1597 principem
1736 1528 1899 1597 hujus
1934 1528 2105 1583 facul-

542 1617 670 1671 tatis
691 1627 968 1672 auctorem
998 1617 1250 1672 refertur:
1278 1618 1356 1671 sic
1386 1617 1709 1673 medicinam
1738 1618 1848 1671 vita
1881 1618 2103 1683 invenit,

541 1716 915 1762 verumtamen
968 1707 1059 1761 Dei
1110 1707 1310 1761 donum
1363 1706 1684 1761 medicinam
1741 1707 1834 1776 qui
1886 1707 2100 1769 dixerit,

540 1813 651 1852 non
700 1797 991 1853 aberrabit.
1030 1796 1096 1849 Et
1129 1814 1288 1851 omne
1322 1798 1465 1867 quod
1517 1798 1570 1851 in
1603 1798 1709 1851 vita
1743 1797 1975 1851 humana
2015 1800 2099 1852 in-

541 1898 758 1946 ventum
790 1896 894 1953 est,
939 1898 994 1944 et
1023 1888 1090 1943 ad
1125 1890 1325 1957 aliquid
1356 1905 1542 1944 eorum
1574 1906 1693 1959 qua:
1735 1890 1801 1944 ad
1832 1907 2019 1961 pacem
2050 1902 2103 1946 et

539 1981 740 2037 bellum
776 1981 927 2035 utilia
976 1989 1123 2046 sunt,
1160 1980 1438 2044 conducit,
1496 1997 1602 2036 non
1652 1982 1867 2037 aliunde
1917 1983 2104 2037 habuit

541 2074 769 2137 aditum,
798 2073 891 2129 sed
926 2088 1085 2127 mens-
1109 2082 1191 2128 est
1217 2088 1337 2142 quae
1368 2073 1581 2143 singula
1615 2074 1789 2137 nobis,
1818 2085 1979 2145 prout
2011 2092 2105 2129 na-

541 2172 677 2219 tura:
710 2174 909 2219 nostra:
958 2164 1229 2234 congruit,
1263 2165 1535 2234 excogitat
1564 2173 1617 2219 et
1673 2166 1896 2222 invenit.
1955 2167 2103 2223 Meus

542 2262 722 2307 autem
752 2268 886 2323 opus
913 2250 1007 2307 Dei
1053 2260 1154 2307 est.
1190 2252 1359 2323 lgitur
1386 2269 1450 2307 ex
1486 2253 1594 2309 Deo
1637 2257 1817 2311 omnia
1857 2274 1977 2328 qua:
2009 2274 2105 2329 per

539 2352 772 2399 mentem
823 2344 980 2399 nobis
1041 2345 1382 2414 suppeditata
1420 2355 1568 2401 sunt.
1614 2346 1771 2413 Quod
1822 2358 1999 2404 autem
2036 2350 2105 2405 ab

539 2437 867 2492 adversariis
898 2436 1119 2501 dicitur,
1161 2436 1408 2492 fabulosa
1441 2436 1690 2509 ﬁgmenta
1721 2447 1774 2493 et
1822 2440 2103 2495 mendacia

538 2540 854 2603 portentosa
882 2531 983 2585 hac
1009 2532 1467 2586 commentatione
1497 2536 1729 2587 conlicta
1754 2548 1877 2588 esse
1902 2544 1955 2589 et
1978 2550 2105 2589 eon-

537 2624 762 2693 scripta,
796 2637 971 2693 neque
1000 2636 1099 2693 ego
1133 2620 1250 2693 ipse
1278 2621 1553 2694 refragor;
1590 2638 1715 2677 nam
1746 2624 1813 2679 ad
1852 2634 2103 2679 nostrum

538 2731 762 2785 scopum
792 2715 950 2769 etiam
986 2715 1199 2768 illorum
1240 2714 1379 2767 ratio
1418 2716 1651 2770 confert.
1690 2715 1929 2772 Dicimus
1958 2718 2102 2772 enim

536 2820 639 2860 nos
659 2806 899 2859 eamdem
922 2822 1043 2861 esse
1064 2806 1463 2860 contrariorum
1488 2808 1793 2873 scientiam,
1816 2817 1869 2864 ct
1891 2810 2104 2864 utilium

536 2906 590 2950 et
620 2910 807 2949 eorum
839 2910 959 2964 quae
992 2896 1267 2950 contrario
1302 2896 1462 2950 modo
1490 2912 1549 2952 se
1582 2896 1802 2962 habent,
1844 2908 1901 2951 ut
1936 2898 2107 2952 medi-

536 2986 737 3051 cinam,
767 2988 1228 3057 gubernatricem,
1264 2995 1317 3042 et
1346 2988 1392 3043 si
1417 2988 1547 3057 quid
1575 2989 1720 3042 aliud
1746 2989 1850 3044 tale
1874 2999 1976 3045 est.
2001 2990 2103 3056 Qui

2222 522 2341 614 "Dn
2364 523 2473 594 γάρ
2491 525 2591 576 οὑκ
2620 526 2869 614 ἐνεργείᾳ
2894 528 3002 580 τινὶ
3028 527 3126 591 τὰς
3151 530 3406 594 τοιαύτας
3430 522 3786 614 τέχνας

2216 610 2487 677 ἐδιδάξατο
2516 613 2677 675 αὑτὸς
2707 616 3120 685 προκαθήμενος
3163 618 3265 688 τῆς
3309 621 3591 687 ἐργασίας,
3633 610 3786 688 κᾷθά-

2215 716 2320 768 περ
2355 700 2412 749 ἐν
2460 702 2572 762 τοῖς
2619 702 2944 770 σωματικῶς
2986 704 3391 775 διδασκομένοις
3440 708 3588 761 ἔστιν
3638 714 3778 773 ἶδεξι,

2213 785 2385 847 οὐδεὶς
2412 786 2656 838 ἀντείποι
2705 788 2941 853 πάντως,
2994 789 3067 859 μή
3105 792 3356 861 σάρκινος
3390 795 3485 847 καὶ
3517 800 3791 870 κτηνώδης

2211 887 2295 934 τις
2341 873 2435 925 ὢν.
2499 873 2659 925 Ἀλλά
2693 872 2797 943 μὴν
2826 877 3038 946 εῐρηται
3088 880 3216 947 παρ’
3260 880 3424 933 αὑτοῦ
3462 886 3789 953 γεγενῆσθαι

2212 961 2341 1029 ήμίν
2385 959 2490 1011 τῶν
2525 960 2777 1013 τοιούτων
2808 963 3009 1032 τεχνῶν
3046 966 3078 1033 ή
3124 966 3425 1037 καθήγησις
3452 986 3465 999 ·
3516 972 3717 1024 οὐκοῦν
3763 978 3790 1027 6

2210 1046 2331 1107 δοὺς
2378 1048 2442 1115 τῇ
2486 1045 2643 1114 φύσει
2688 1048 2786 1118 τὴν
2833 1049 3180 1122 ἐπινοητικὴν
3215 1056 3309 1107 καὶ
3353 1057 3640 1128 εὑρετικὴν
3683 1061 3789 1113 τῶν

2212 1132 2555 1204 ζητουμένων
2585 1135 2831 1205 δύναμιν,
2884 1140 3044 1202 αὑτὸς
3088 1142 3235 1210 ἡμᾶς
3279 1144 3414 1213 πρὸς
3458 1146 3554 1208 τὰς
3599 1148 3789 1217 τέχνας

2210 1220 2404 1290 ἠγαγε-
2439 1223 2548 1276 Καὶ
2578 1225 2655 1293 τῷ
2701 1224 2797 1293 τῆς
2826 1225 3003 1288 αἰτίας
3046 1227 3187 1297 λόγῳ
3218 1231 3326 1282 πᾶν
3368 1231 3429 1283 τὸ
3459 1232 3517 1296 ἐξ
3547 1236 3788 1301 ἐπινοίας

2210 1309 2597 1379 εὑρισκόμενον
2625 1326 2681 1362 τε
2712 1312 2804 1363 καὶ
2844 1312 3298 1384 κατορθούμενον,
3327 1320 3406 1380 είς
3430 1320 3519 1372 τὸν
3547 1323 3787 1393 ἀρχηγὸν

2211 1399 2311 1467 τῆς
2352 1397 2633 1468 δυνάμεως
2659 1398 2863 1471 ταύτης
2890 1402 3307 1474 ἐπαναφέρεται.
3342 1406 3525 1471 Οὕτως
3562 1412 3655 1462 καὶ
3688 1412 3788 1482 τὴν

2219 1484 2464 1555 ἰατρικὴν
2497 1487 2525 1537 6
2566 1485 2675 1554 βίος
2717 1485 2947 1557 εὑρατο⁶
2997 1488 3110 1542 ἀλλ’
3139 1491 3288 1561 ὅμως
3324 1492 3457 1546 Θεοῦ
3492 1496 3661 1566 δῶρον
3687 1500 3789 1568 τήν

2212 1573 2459 1644 ἰατρικὴν
2519 1571 2687 1624 εἰπών
2740 1591 2823 1636 τις
2882 1576 2979 1645 οὑχ
3033 1577 3426 1649 ἁμαρτήσεται.
3502 1583 3613 1635 Καὶ
3676 1588 3788 1638 πᾶν

2208 1660 2348 1729 ὅπερ
2379 1660 2493 1712 ἐστὶ
2524 1659 2665 1712 κατά
2706 1660 2805 1732 τὴν
2838 1662 3183 1734 ἀνθρωπίνην
3229 1664 3371 1736 ζωὴν
3404 1667 3786 1739 ἐξευρημένον,

2131 1778 2172 1833 Β
2207 1750 2324 1799 κατ’
2347 1748 2567 1817 εἰρήνην
2593 1748 2686 1799 καὶ
2715 1748 2968 1818 πόλεμον,
2991 1750 3126 1820 πρός
3152 1768 3204 1803 τι
3227 1752 3334 1804 τῶν
3359 1757 3642 1826 χρησίμων
3673 1759 3793 1810 ἐπι-

2203 1835 2426 1905 τηδείως
2442 1834 2583 1905 ἕχον,
2598 1835 2890 1905 οὐδαμόθεν
2902 1838 2933 1906 ή
2942 1839 3030 1906 μῖν
3044 1837 3165 1907 ἔσχε
3180 1840 3276 1910 τήν
3290 1841 3677 1910 πάροῶν,ἀλλά
3690 1845 3786 1898 τοῦ

2204 1922 2295 1976 νοῦ
2323 1922 2389 1975 τὰ
2408 1921 2526 1974 καθ’
2544 1922 2769 1975 ἕκαστον
2797 1923 2928 1992 ἡμῖν
2959 1924 3303 1994 καταλλήλως
3331 1928 3668 1994 ἐπινοοῦντος
3690 1936 3787 1984 καὶ

2205 2011 2635 2081 ἐφευρίσκοντοςο
2660 2009 2782 2073 νοῦς
2801 2010 2857 2063 δὲ
2874 2010 3032 2081 ἔργον
3046 2011 3198 2065 Θεοῦ·
3217 2015 3411 2069 οὑκοῦν
3429 2018 3631 2072 ἐκθεοῦ
3648 2020 3787 2073 πάν-

2203 2115 2271 2152 τα
2284 2098 2383 2150 ὅσα
2400 2096 2488 2150 διὰ
2501 2095 2594 2149 τοῦ
2611 2097 2702 2150 νοῦ
2717 2099 2848 2166 ἡμῖν
2866 2098 3207 2169 πεπόρισται⁸
3226 2102 3285 2153 τὸ
3297 2101 3351 2153 δέ
3369 2102 3621 2169 λέγεσθαι
3636 2108 3788 2177 παρά

2203 2187 2310 2239 τῶν
2339 2184 2675 2239 ὑπεναντίων
2703 2186 2771 2238 τά
2807 2186 3022 2257 μυθώδη
3064 2186 3355 2257 πλάσματα
3393 2193 3485 2243 καὶ
3512 2192 3582 2244 τά
3615 2194 3788 2265 ψευδῆ

2203 2272 2579 2344 τερατεὺματα
2630 2275 2781 2343 παρά
2839 2274 2937 2343 τῆς
2968 2275 3208 2338 ἐπινοίας
3240 2275 3639 2344 λογοποιεῖσθαι
3694 2284 3791 2335 καὶ

2206 2360 2552 2421 πλάττεσθαι,
2564 2359 2684 2412 οὑδέ
2697 2360 2857 2422 αὐτὸς
2877 2360 3140 2429 ἀντιλέγω
3158 2376 3171 2391 ⁸
3212 2364 3345 2433 πρὸς
3360 2365 3468 2436 γὰρ
3483 2366 3574 2418 τὸν
3588 2369 3620 2434 η
3630 2368 3796 2435 μέτε-

2210 2467 2298 2521 ρον
2317 2446 2514 2501 σκοπὸν
2532 2447 2626 2500 καὶ⁵
2641 2448 2669 2499 ὁ
2684 2446 2904 2499 ἐκείνων
2916 2445 3071 2515 λόγος
3103 2464 3166 2499 συ
3173 2449 3458 2519 μιρέρεται.
3481 2452 3663 2521 Φαμὲν
3680 2453 3792 2522 γὰρ

2205 2538 2299 2590 καὶ¹
2329 2538 2520 2607 ἡμεῖς,
2566 2533 2665 2605 τὴν
2696 2534 2867 2603 αὑτὴν
2912 2530 3052 2588 εἶναι
3092 2534 3199 2588 τῶν
3240 2538 3494 2590 ἐναντίων
3535 2541 3637 2608 τὴν
3665 2540 3794 2592 ἐπι-

2207 2625 2439 2695 στήμην,
2469 2622 2576 2675 τῶν
2606 2639 2664 2675 τε
2694 2621 3008 2690 ἐπωφελῶν,
3048 2623 3139 2676 καὶ
3164 2623 3271 2677 τῶν
3305 2624 3380 2689 ὡς
3410 2624 3610 2697 ἑτέρως
3635 2628 3794 2696 ἐχόν-

2204 2732 2332 2777 των,
2364 2706 2475 2765 οἷον
2498 2712 2598 2783 τὴν
2625 2711 2894 2781 ἰατρικὴν,
2928 2710 3343 2783 κυϐερνητικὴν,
3370 2715 3461 2767 καὶ
3491 2716 3614 2767 εἴτι
3652 2717 3793 2769 ἄλλο

2205 2800 2439 2855 τοιοῦτόν
2460 2800 2624 2852 ἐστιν·
2656 2800 2683 2852 ὁ
2711 2800 2818 2869 γὰρ
2842 2798 2995 2862 εἰδὼς
3024 2800 3282 2871 βοηθῆσαι
3305 2805 3415 2865 τοῖς
3442 2804 3795 2875 ἀρρωστοῦσι

2206 2893 2292 2945 διὰ
2322 2890 2645 2963 φαρμάκων,
2677 2891 2924 2960 ἐπιγνοίη
2958 2890 3043 2957 ἂν,
3083 2892 3239 2961 εἴπερ
3271 2894 3363 2945 ἐπὶ
3411 2894 3559 2963 κακῷ
3604 2895 3799 2964 χρῷτο

2208 2986 2273 3055 τῇ
2303 2984 2488 3055 τέχνῃ,
2538 2983 2631 3035 καὶ
2669 2985 2780 3044 τοῖς
2826 2982 3157 3049 ὑγιαίνουσιν
3185 2984 3430 3054 ἐντρίψαι
3461 2984 3518 3037 τὸ
3545 2986 3797 3058 δηλητή-

536 3080 680 3134 enim
726 3080 877 3133 novit
916 3096 1073 3149 opem
1120 3079 1261 3133 ferre
1301 3082 1687 3150 mgrotantibus
1718 3098 1812 3152 per
1866 3083 2094 3137 medica-

2212 3096 2322 3151 ριον
2349 3094 2363 3108 ·
2420 3080 2513 3131 καὶ
2541 3081 2569 3131 6
2614 3078 2746 3148 πρὸς
2775 3078 2866 3130 τὸν
2893 3077 3081 3148 λιμένα
3108 3077 3393 3131 διευθὺνων
3421 3078 3496 3149 τῷ
3534 3079 3797 3151 πηδαλίῳ

539 3181 739 3236 menta,
773 3172 981 3226 noverit
1006 3172 1167 3226 etiam
1206 3172 1284 3243 (si
1323 3173 1540 3242 quidem
1575 3181 1693 3229 arte
1724 3174 1777 3228 in
1808 3176 2104 3244 perniciem

538 3263 685 3316 abuti
714 3264 869 3330 velit)
906 3264 1056 3318 sanis
1082 3262 1419 3318 mortiferum
1451 3281 1715 3320 venenum
1740 3267 2019 3337 ingerere;
2051 3275 2106 3321 et

538 3354 633 3424 qui
681 3354 747 3407 ad
795 3362 1005 3424 portum
1052 3357 1420 3424 gubernaculo
1455 3358 1727 3426 navigium
1776 3358 2000 3427 dirigit,
2037 3356 2104 3412 ad

538 3461 670 3499 saxa
699 3446 860 3500 etiam
890 3445 1108 3500 latentia
1136 3456 1189 3501 et
1222 3448 1500 3516 paululum
1543 3447 1862 3511 eminentia,
1894 3456 1949 3503 et
1981 3462 2105 3503 sco-

538 3537 699 3606 pulos
728 3536 998 3606 appellere
1034 3538 1253 3606 poterit,
1287 3540 1334 3593 si
1373 3538 1474 3592 hoc
1507 3537 1556 3592 ei
1588 3538 1735 3592 cordi
1771 3538 1934 3593 fuerit
1969 3539 2106 3594 insi-

538 3627 691 3681 diose
726 3627 951 3698 perdere
990 3628 1325 3699 navigantes.
1364 3628 1430 3684 Et
1457 3630 1635 3701 pictor
1686 3630 1871 3685 eadem
1901 3641 2016 3686 arte
2051 3633 2103 3686 in

536 3719 719 3774 tabula
764 3719 1181 3789 pulcherrimam
1231 3722 1457 3777 formam
1507 3723 1766 3786 ostendit,
1816 3733 1870 3779 et
1914 3741 2107 3782 rursus

536 3813 906 3882 turpissimam
940 3814 1217 3870 evidenter
1249 3815 1497 3871 imitatus
1522 3825 1638 3871 est:
1691 3818 1773 3871 sic
1811 3817 2106 3887 pzedotriba

2212 3172 2273 3225 τὸ
2301 3171 2528 3242 σκάφος,
2576 3171 2845 3224 εὑθὺνειεν
2887 3169 2952 3223 ἂν
2986 3171 3078 3223 καὶ
3109 3172 3199 3223 ἐπὶ
3228 3172 3477 3241 χοιράδας
3513 3171 3545 3241 ἦ
3581 3174 3795 3225 σκοπέ-

2213 3264 2357 3327 λους,
2405 3265 2453 3316 εί
2494 3263 2649 3316 τοῦτο
2676 3262 2881 3331 γένοιτο
2911 3262 3062 3329 φίλον
3091 3262 3257 3332 αὑτῷ,
3288 3264 3347 3315 τὸ
3387 3264 3452 3316 δι’
3487 3264 3798 3333 ἐπιϐουλῆς

2212 3352 2516 3423 διαφθεῖραι
2556 3353 2681 3415 τοὺς
2710 3352 2990 3415 πλέοντας.
3037 3353 3145 3405 Καὶ
3174 3354 3202 3404 6
3235 3351 3517 3422 ζωγράφος
3548 3356 3614 3423 τῇ
3642 3356 3796 3426 αὐτῇ

2212 3446 2370 3516 τέχνῃ
2390 3445 2486 3515 τήν
2505 3462 2564 3497 τε
2588 3444 2878 3513 καλλίστην
2898 3445 3109 3515 μορφὴν
3130 3446 3220 3497 ἐπὶ
3242 3445 3333 3497 τοῦ
3349 3445 3571 3508 πίνακος
3590 3446 3795 3509 ἔδειξε,

2212 3537 2306 3591 καὶ
2334 3538 2432 3607 τὴν
2456 3535 2737 3606 αἰσχίστην
2771 3536 2930 3589 πάλιν
2959 3536 3202 3607 ἐναργῶς
3227 3539 3531 3607 ἐμιμήσατο
3552 3554 3566 3565 ·
3610 3537 3803 3602 οὓτως

2211 3631 2240 3683 ὁ
2266 3627 2612 3699 παιδοτρίϐης
2639 3628 2697 3681 τὸ
2724 3626 3133 3700 ἐξηρθρωμένον
3167 3629 3325 3699 μέλος
3366 3629 3452 3682 διὰ
3495 3629 3592 3699 τῆς
3636 3630 3800 3681 ἀλει-

2214 3723 2411 3790 πτικῆς
2441 3721 2725 3791 ἐμπειρίας
2753 3722 3041 3791 ἐνήρμοσε,
3076 3721 3168 3773 καὶ
3202 3722 3262 3774 τὸ
3290 3723 3528 3790 ὑγιαῖνον
3562 3724 3610 3775 εἰ
3656 3722 3798 3792 30-3-

2214 3816 2357 3869 λοιτο
2386 3814 2473 3867 διὰ
2499 3815 2597 3882 τῆς
2622 3812 2789 3883 αὑτῆς
2817 3812 3008 3883 τέχνης
3036 3813 3323 3883 ἐξήρμοσε.

538 3908 653 3961 sive
699 3908 964 3978 palaestra:
1012 3909 1285 3979 magister,
1340 3912 1639 3965 membrum
1697 3912 1938 3966 luxatum
1993 3915 2109 3968 sive
2148 3926 2245 3967 sua
2281 3911 2410 3965 sede
2451 3920 2677 3971 motum,
2748 3907 2980 3978 ungendi
3031 3909 3220 3979 peritia
3293 3921 3659 3979 congruenter
3708 3927 3802 3964 re-

535 4000 739 4067 stituit;
792 4011 845 4055 et
895 4001 1038 4071 quod
1083 4000 1217 4057 bene
1258 4000 1441 4063 habet,
1488 4002 1535 4055 si
1580 4002 1731 4066 velit,
1780 4002 1967 4058 eadem
2008 4013 2124 4057 arte
2157 4001 2485 4056 deartuabit.

608 4091 671 4145 Et
702 4091 832 4163 quid
862 4107 999 4163 Opus
1032 4102 1117 4147 est
1138 4092 1352 4161 singula
1379 4094 1715 4148 recensendo
1744 4094 1967 4148 multam
1990 4110 2111 4149 ora-

536 4184 683 4237 tione
708 4184 918 4238 turbam
946 4183 1240 4239 inducere?
1274 4182 1340 4239 Ut
1366 4184 1532 4254 igitur
1555 4184 1640 4241 his
1661 4202 1781 4256 quae
1810 4187 1955 4241 dicta
1978 4196 2109 4242 sunt

536 4275 718 4329 nullus
748 4274 1158 4336 contradixerit,
1200 4290 1322 4328 eum
1355 4276 1447 4343 qui
1490 4284 1659 4330 artem
1696 4277 1933 4348 aliquam
1960 4279 2106 4333 didi--

534 4368 691 4427 ccrit,
734 4369 799 4420 ad
830 4368 878 4421 id
906 4368 1049 4438 quod
1076 4377 1160 4421 est
1190 4368 1385 4422 melius
1425 4368 1782 4434 eﬂicieudum,
1820 4386 1981 4439 posse
2008 4386 2103 4425 ea-

2284 4096 2394 4147 Καὶ
2436 4095 2487 4145 τί
2521 4092 2625 4163 χρὴ
2652 4091 2719 4144 τὰ
2752 4090 2870 4144 καθ’
2910 4090 3134 4144 ἕκαστον
3162 4090 3387 4159 λέγοντα
3430 4092 3597 4145 πολὺν
3623 4092 3799 4163 δχλον

2213 4184 2520 4250 ἐπεισάγειν
2553 4180 2629 4249 τῷ
2670 4180 2812 4250 λόγῳ
2841 4197 2855 4245 ;
2911 4180 2999 4241 Ὠς
3020 4180 3194 4232 τοίνυν
3224 4181 3315 4232 ἐπὶ
3344 4181 3451 4233 τῶν
3477 4184 3800 4254 εἰρημένων

2211 4276 2309 4329 οὑκ
2345 4276 2409 4329 ἄν
2440 4290 2523 4336 τις
2551 4273 2812 4335 ἀντείποι,
2845 4272 2936 4324 τὸν
2972 4272 3106 4341 πρὸς
3154 4272 3214 4323 τὸ
3264 4275 3507 4342 κρεῖττον
3539 4276 3799 4346 ἐνεργεῖν

2213 4365 2567 4437 μεμαθηκότα
2615 4364 2805 4433 τέχνην
2837 4362 2957 4417 τινὰ
3002 4361 3252 4416 δύνασθαι
3295 4363 3361 4416 ἂν
3403 4366 3469 4435 τῇ
3516 4366 3650 4436 αὑτῇ
3689 4369 3794 4421 καὶ

535 4461 656 4513 dem
698 4467 812 4512 arte
838 4460 903 4512 ad
934 4475 995 4513 ea
1028 4475 1150 4529 qua:
1178 4475 1283 4512 non
1322 4461 1654 4514 conveniunt
1682 4459 1960 4516 efﬁcienda
1994 4462 2105 4515 uti:

2213 4459 2349 4529 πρὸς
2372 4458 2444 4511 τὰ
2474 4458 2555 4528 μὴν
2572 4457 2759 4509 δέοντα
2782 4455 3105 4527 χρήσασθαι.
3140 4455 3323 4519 Οὖτως
3354 4458 3530 4527 φαμὲν
3566 4459 3660 4511 καὶ
3688 4461 3795 4530 τῆς

536 4552 617 4606 sic
648 4550 879 4606 dicimus
913 4553 1017 4605 vim
1061 4553 1323 4617 ἐπινοίας,
1361 4555 1859 4617 commentationis,
1906 4555 1972 4609 ad
2010 4556 2108 4610 ho—

536 4655 664 4694 num
698 4640 913 4709 quidem
964 4657 994 4693 a
1029 4640 1135 4695 Deo
1172 4642 1423 4697 humana?
1457 4652 1663 4698 naturae
1697 4645 1922 4700 inditam
1952 4662 2103 4711 esse;

534 4730 885 4787 abutentibus
938 4747 1067 4786 vero
1126 4734 1427 4789 inventricc
1482 4737 1737 4791 facultate
1798 4738 2105 4793 ministram

534 4838 677 4890 saepe
726 4832 780 4877 et
836 4825 1192 4879 inventricem
1243 4826 1355 4880 ﬁeri
1410 4828 1680 4881 inutilium
1740 4831 2104 4885 inventorum.

535 4912 899 4977 Quamobrem
939 4929 1048 4969 non
1094 4916 1350 4985 quoniam
1382 4917 1518 4971 falsa
1559 4927 1613 4975 et
1644 4934 1752 4974 non
1791 4920 2107 4975 exsistentia

536 5006 888 5073 probabiliter
943 5016 1119 5074 potest
1156 5008 1365 5062 ἐπίνοια
1420 5011 1752 5081 conﬁngere,
1810 5012 1931 5068 ideo
1988 5029 2109 5083 quze

535 5114 658 5151 vere
690 5108 818 5151 sunt
842 5107 895 5153 et
930 5116 1056 5155 vere
1086 5102 1358 5168 substant,
1394 5106 1726 5165 perscrutari
1756 5120 1863 5161 non
1896 5116 2103 5177 potest;

532 5191 625 5243 sed
658 5192 769 5245 haec
803 5192 918 5261 ipsa
970 5194 1216 5262 aptitudo
1242 5203 1297 5249 et
1337 5196 1591 5253 habilitas
1628 5214 1791 5267 quam
1844 5199 2003 5254 habet
2037 5201 2105 5254 ad

530 5281 821 5347 ejusmodi,
871 5282 1042 5351 aequis
1072 5291 1127 5338 et
1161 5285 1317 5340 bonis
1372 5285 1645 5341 facultatis
1681 5287 1747 5340 ad
1785 5287 1914 5340 illud
1947 5289 2103 5342 testi-

532 5373 775 5424 monium
799 5381 902 5426 est.
928 5372 1084 5438 Quod
1106 5374 1248 5429 enim
1276 5378 1609 5445 propositum
1633 5385 1719 5431 est
1739 5377 1805 5430 ad
1827 5394 2103 5446 pavorem,

528 5463 613 5515 vel
666 5463 830 5517 animi
883 5465 1300 5520 oblectationem
1338 5468 1571 5537 aliquam
1617 5467 1926 5521 videntibus
1958 5468 2108 5521 cien-

528 5550 654 5607 dam
690 5563 742 5606 et
776 5556 1113 5619 movendam,
1160 5558 1618 5613 commentatione
1662 5575 1768 5612 non
1803 5574 1990 5614 carere
2038 5561 2104 5613 ad

532 5640 585 5694 id
635 5642 974 5697 eﬁiciendum
1025 5647 1170 5716 quod
1224 5648 1569 5712 elaboratur;
1626 5650 1721 5704 scd
1779 5651 1859 5705 vel
1906 5652 2105 5704 multas

533 5744 728 5785 manus
757 5744 809 5787 et
836 5736 998 5789 multa
1030 5738 1203 5807 capita
1231 5738 1491 5793 habentes
1520 5739 1787 5807 homines,
1817 5742 1896 5797 vel
1927 5743 2103 5813 ignem

2206 4550 2441 4612 ἐπινοίας
2462 4549 2561 4618 τὴν
2581 4548 2807 4617 δύναμιν
2828 4547 2911 4599 ἐπ’
2934 4547 3122 4618 ἀγαθῷ
3151 4548 3251 4617 μὲν
3281 4548 3612 4602 ἐντεθεῖσθαι
3630 4553 3794 4620 παρὰ

2206 4641 2299 4693 τοῦ
2331 4639 2465 4693 Θεοῦ
2504 4642 2570 4710 τῇ
2601 4640 2912 4713 ἀνθρωπίνῃ
2936 4640 3093 4709 φύσει
3122 4655 3134 4667 ·
3184 4640 3689 4709 κατακεχρημένων
3733 4642 3792 4693 δὲ

2207 4732 2366 4785 τινῶν
2396 4735 2460 4803 τῇ
2490 4734 2809 4803 ξιφευρετικῇ
2844 4732 3089 4801 δυνάμει,
3121 4730 3367 4784 διάκονον
3394 4732 3659 4795 πολλάκις
3692 4737 3794 4785 καὶ

2211 4826 2466 4895 συνεργὸν
2485 4824 2731 4892 γίνεσθαι
2756 4824 2862 4877 τῶν
2885 4824 3173 4892 ἀνωφελῶν
3197 4825 3541 4894 εὑρημάτων.
3574 4828 3795 4878 Οὐκοῦν

2208 4917 2306 4969 οὑκ
2338 4915 2523 4986 ἐπειδὴ
2554 4915 2774 4969 δύναται
2818 4916 2886 4968 τὰ
2925 4915 3091 4985 ψευδῆ
3141 4917 3235 4968 καὶ
3269 4915 3590 4986 ἀνύπαρκτα
3620 4918 3789 4969 πιθαο

2209 5010 2312 5072 νῶς
2424 5008 2632 5061 ἐπίνοια
2659 5007 3026 5071 διαπλάσσειν,
3067 5006 3153 5060 διά
3183 5004 3337 5058 τοῦτο
3363 5006 3430 5059 τά
3455 5005 3619 5067 ὅντως
3655 5007 3788 5058 ὅντα

2207 5103 2300 5154 καὶ
2356 5101 2567 5171 άληθῶς
2624 5101 2908 5169 ὑφεστῶτα
2957 5098 3329 5172 διερευνᾶσθαι
3392 5098 3452 5150 οὑ
3512 5098 3782 5151 δύναται·

2207 5194 2319 5247 ἁλλ’
2350 5195 2383 5264 ή
2422 5193 2556 5262 πρὸς
2583 5192 2641 5245 τὸ
2673 5192 2909 5245 τοιοῦτον
2947 5190 3334 5261 ἐπιτηδειότης,
3366 5191 3644 5261 μαρτυρία
3673 5193 3785 5251 τοῖς

2209 5286 2510 5354 εὐγνώμοσι
2529 5285 2628 5344 τῆς
2656 5284 2791 5347 πρὸς
2816 5284 2989 5336 ἐκεῖνο
3012 5282 3291 5352 δυνάμεως
3315 5283 3543 5349 γίνεται.
3578 5284 3650 5334 Τὸ
3680 5284 3785 5351 γὰρ

2210 5378 2538 5446 προθέμενον
2576 5372 2911 5443 κατάπληξιν
2939 5375 3051 5435 τοῖς
3078 5371 3275 5443 ὁρῶσιν
3303 5372 3335 5442 ῆ
3370 5372 3636 5442 θυμηδίαν
3664 5374 3779 5425 τινὰ

2214 5466 2625 5539 μηχανήσασθαι
2667 5464 2767 5535 τῆς
2817 5465 2950 5535 πρὸς
2978 5464 3039 5517 τὸ
3070 5464 3500 5535 σπουδαζόμενον
3541 5464 3781 5526 ἐπινοίας

2212 5560 2285 5628 μὴ
2312 5560 2583 5628 ἀπορήσαι
2604 5575 2617 5587 ·
2665 5557 2779 5610 ἀλλ’
2806 5557 2837 5626 ἥ
2874 5555 3200 5627 πολὺχειράς
3231 5572 3382 5617 τινας
3408 5554 3440 5625 ἢ
3478 5554 3782 5622 πολυκεφά-

2208 5650 2349 5712 λους.
2382 5650 2415 5719 ἢ
2454 5650 2559 5720 πῦρ
2595 5650 2872 5711 πνέοντας,
2900 5649 2933 5720 ἢ
2965 5648 3272 5719 δρακόντων
3301 5646 3476 5707 ὁλκοξ
3499 5661 3783 5697 συνεσπει-

2211 5743 2476 5814 ραμένους
2510 5743 2865 5813 εἰδοποιῆσαι,
2900 5742 2931 5812 ἢ
2969 5741 3104 5812 πρὸς
3135 5739 3195 5793 τὸ
3239 5740 3420 5811 μεῖξον
3456 5737 3652 5809 ἐξᾶραι
3681 5736 3781 5808 τὴν
