  <div class='ocr_page' id='page_1' title='image "/cluster/home/n/w/nwhite01/storage/ocr_20150623/45/hvd.32044019826437/490.png"; bbox 0 0 4006 6506; ppageno 0'>
   <div class='ocr_carea' id='block_1_1' title="bbox 308 363 414 419">
    <p class='ocr_par' dir='ltr' id='par_1_1' title="bbox 308 363 414 419">
     <span class='ocr_line' id='line_1_1' title="bbox 308 363 414 419; baseline -0.019 -1"><span class='ocrx_word' id='word_1_1' title='bbox 308 363 414 419; x_wconf 74' lang='lat'><strong>975</strong></span> 
     </span>
    </p>
   </div>
   <div class='ocr_carea' id='block_1_2' title="bbox 1416 364 2439 452">
    <p class='ocr_par' dir='ltr' id='par_1_2' title="bbox 1416 364 2439 452">
     <span class='ocr_line' id='line_1_2' title="bbox 1416 364 2439 452; baseline 0.014 -21"><span class='ocrx_word' id='word_1_2' title='bbox 1416 364 1695 434; x_wconf 80' lang='lat' dir='ltr'><strong>CONTRA</strong></span> <span class='ocrx_word' id='word_1_3' title='bbox 1728 379 2113 452; x_wconf 76' lang='lat' dir='ltr'><strong>EUNOMIUM,</strong></span> <span class='ocrx_word' id='word_1_4' title='bbox 2156 384 2280 440; x_wconf 84' lang='lat' dir='ltr'><strong>LIB.</strong></span> <span class='ocrx_word' id='word_1_5' title='bbox 2325 388 2439 444; x_wconf 77' lang='lat' dir='ltr'><strong>XII.</strong></span> 
     </span>
    </p>
   </div>
   <div class='ocr_carea' id='block_1_3' title="bbox 3441 408 3546 471">
    <p class='ocr_par' dir='ltr' id='par_1_3' title="bbox 3441 408 3546 471">
     <span class='ocr_line' id='line_1_3' title="bbox 3441 408 3546 471; baseline 0.038 -6"><span class='ocrx_word' id='word_1_6' title='bbox 3441 408 3546 471; x_wconf 70' lang='lat' dir='ltr'><strong>9N</strong></span> 
     </span>
    </p>
   </div>
   <div class='ocr_carea' id='block_1_4' title="bbox 307 482 1870 584">
    <p class='ocr_par' dir='ltr' id='par_1_4' title="bbox 307 482 1870 569">
     <span class='ocr_line' id='line_1_4' title="bbox 307 482 1870 569; baseline 0.01 -32"><span class='ocrx_word' id='word_1_7' title='bbox 307 482 664 556; x_wconf 77' lang='grc' dir='ltr'><strong>συμμετρίαν,</strong></span> <span class='ocrx_word' id='word_1_8' title='bbox 744 483 1128 540; x_wconf 79' lang='grc' dir='ltr'>διακολοϐὦσαι</span> <span class='ocrx_word' id='word_1_9' title='bbox 1155 489 1290 561; x_wconf 79' lang='grc' dir='ltr'>πρὸς</span> <span class='ocrx_word' id='word_1_10' title='bbox 1310 491 1370 545; x_wconf 88' lang='grc' dir='ltr'><strong>τὸ</strong></span> <span class='ocrx_word' id='word_1_11' title='bbox 1390 494 1596 561; x_wconf 75' lang='grc' dir='ltr'>γελοῖον</span> <span class='ocrx_word' id='word_1_12' title='bbox 1614 494 1683 549; x_wconf 83' lang='grc' dir='ltr'><strong>τά</strong></span> <span class='ocrx_word' id='word_1_13' title='bbox 1707 496 1870 569; x_wconf 86' lang='grc' dir='ltr'>μέτρα</span> 
     </span>
    </p>
   </div>
   <div class='ocr_carea' id='block_1_5' title="bbox 1971 482 3549 584">
    <p class='ocr_par' dir='ltr' id='par_1_5' title="bbox 1984 503 3549 584">
     <span class='ocr_line' id='line_1_5' title="bbox 1984 503 3549 584; baseline 0.017 -27"><span class='ocrx_word' id='word_1_14' title='bbox 1984 503 2277 573; x_wconf 76' lang='lat' dir='ltr'><strong>spirantes,</strong></span> <span class='ocrx_word' id='word_1_15' title='bbox 2314 507 2395 561; x_wconf 86' lang='lat' dir='ltr'><strong>vel</strong></span> <span class='ocrx_word' id='word_1_16' title='bbox 2435 507 2734 565; x_wconf 81' lang='lat' dir='ltr'><strong>draconum</strong></span> <span class='ocrx_word' id='word_1_17' title='bbox 2779 514 2942 584; x_wconf 76' lang='lat' dir='ltr'><strong>Spiris</strong></span> <span class='ocrx_word' id='word_1_18' title='bbox 2984 516 3256 577; x_wconf 83' lang='lat' dir='ltr'><strong>involutos</strong></span> <span class='ocrx_word' id='word_1_19' title='bbox 3288 522 3549 584; x_wconf 87' lang='lat' dir='ltr'><strong>simulare</strong></span> 
     </span>
    </p>
   </div>
   <div class='ocr_carea' id='block_1_6' title="bbox 302 576 1876 660">
    <p class='ocr_par' dir='ltr' id='par_1_6' title="bbox 302 576 1876 660">
     <span class='ocr_line' id='line_1_6' title="bbox 302 576 1876 660; baseline 0.008 -29"><span class='ocrx_word' id='word_1_20' title='bbox 302 576 405 648; x_wconf 80' lang='grc' dir='ltr'>τῆς</span> <span class='ocrx_word' id='word_1_21' title='bbox 432 576 665 645; x_wconf 84' lang='grc' dir='ltr'>φύσεως,</span> <span class='ocrx_word' id='word_1_22' title='bbox 697 576 730 646; x_wconf 85' lang='grc' dir='ltr'>ἢ</span> <span class='ocrx_word' id='word_1_23' title='bbox 760 577 942 647; x_wconf 86' lang='grc' dir='ltr'>πηγὰς</span> <span class='ocrx_word' id='word_1_24' title='bbox 962 582 1087 644; x_wconf 79' lang='grc' dir='ltr'>τοὺς</span> <span class='ocrx_word' id='word_1_25' title='bbox 1109 581 1428 655; x_wconf 77' lang='grc' dir='ltr'><strong>ἀνθρώπους</strong></span> <span class='ocrx_word' id='word_1_26' title='bbox 1455 588 1547 641; x_wconf 77' lang='grc' dir='ltr'>καὶ</span> <span class='ocrx_word' id='word_1_27' title='bbox 1571 588 1760 660; x_wconf 80' lang='grc' dir='ltr'>δένδρα</span> <span class='ocrx_word' id='word_1_28' title='bbox 1782 592 1876 644; x_wconf 77' lang='grc' dir='ltr'><strong>καὶ</strong></span> 
     </span>
    </p>
   </div>
   <div class='ocr_carea' id='block_1_7' title="bbox 302 664 1879 749">
    <p class='ocr_par' dir='ltr' id='par_1_7' title="bbox 302 664 1879 749">
     <span class='ocr_line' id='line_1_7' title="bbox 302 664 1879 749; baseline 0.011 -29"><span class='ocrx_word' id='word_1_29' title='bbox 302 667 463 736; x_wconf 69' lang='grc' dir='ltr'>ὄρνεα</span> <span class='ocrx_word' id='word_1_30' title='bbox 493 664 744 732; x_wconf 80' lang='grc' dir='ltr'>γενέσθαι</span> <span class='ocrx_word' id='word_1_31' title='bbox 788 668 877 722; x_wconf 86' lang='grc' dir='ltr'><strong>διὰ</strong></span> <span class='ocrx_word' id='word_1_32' title='bbox 925 665 1224 745; x_wconf 64' lang='grc' dir='ltr'>μεταϐολῆς</span> <span class='ocrx_word' id='word_1_33' title='bbox 1263 676 1644 749; x_wconf 81' lang='grc' dir='ltr'>διηγήσασθαι,</span> <span class='ocrx_word' id='word_1_34' title='bbox 1696 684 1765 737; x_wconf 85' lang='grc' dir='ltr'>δι’</span> <span class='ocrx_word' id='word_1_35' title='bbox 1804 677 1879 737; x_wconf 81' lang='grc' dir='ltr'><strong>ὧν</strong></span> 
     </span>
    </p>
   </div>
   <div class='ocr_carea' id='block_1_8' title="bbox 299 756 1877 845">
    <p class='ocr_par' dir='ltr' id='par_1_8' title="bbox 299 756 1877 845">
     <span class='ocr_line' id='line_1_8' title="bbox 299 756 1877 845; baseline 0.012 -36"><span class='ocrx_word' id='word_1_36' title='bbox 299 756 417 809; x_wconf 85' lang='grc' dir='ltr'>ἔστι</span> <span class='ocrx_word' id='word_1_37' title='bbox 456 756 812 833; x_wconf 68' lang='grc' dir='ltr'><strong>ψυχαγωγίαν</strong></span> <span class='ocrx_word' id='word_1_38' title='bbox 854 762 976 816; x_wconf 79' lang='grc' dir='ltr'>τινὰ</span> <span class='ocrx_word' id='word_1_39' title='bbox 1021 765 1146 829; x_wconf 79' lang='grc' dir='ltr'>τοὺς</span> <span class='ocrx_word' id='word_1_40' title='bbox 1192 766 1280 820; x_wconf 85' lang='grc' dir='ltr'>διὰ</span> <span class='ocrx_word' id='word_1_41' title='bbox 1320 770 1428 837; x_wconf 83' lang='grc' dir='ltr'><strong>τῶν</strong></span> <span class='ocrx_word' id='word_1_42' title='bbox 1471 773 1724 827; x_wconf 76' lang='grc' dir='ltr'><strong>τοιούτων</strong></span> <span class='ocrx_word' id='word_1_43' title='bbox 1755 776 1877 845; x_wconf 77' lang='grc' dir='ltr'>ἠδο-</span> 
     </span>
    </p>
   </div>
   <div class='ocr_carea' id='block_1_9' title="bbox 300 845 1877 935">
    <p class='ocr_par' dir='ltr' id='par_1_9' title="bbox 300 845 1877 935">
     <span class='ocr_line' id='line_1_9' title="bbox 300 845 1877 935; baseline 0.015 -40"><span class='ocrx_word' id='word_1_44' title='bbox 300 845 498 916; x_wconf 80' lang='grc' dir='ltr'>μένους</span> <span class='ocrx_word' id='word_1_45' title='bbox 538 848 719 919; x_wconf 77' lang='grc' dir='ltr'>εὑρεῖν</span> <span class='ocrx_word' id='word_1_46' title='bbox 745 863 759 877; x_wconf 88' lang='grc'><em>’</em></span> <span class='ocrx_word' id='word_1_47' title='bbox 808 851 1209 928; x_wconf 77' lang='grc' dir='ltr'><strong>ἐναργεστάτην</strong></span> <span class='ocrx_word' id='word_1_48' title='bbox 1241 858 1513 925; x_wconf 76' lang='grc' dir='ltr'>ἀπόδειξιν</span> <span class='ocrx_word' id='word_1_49' title='bbox 1546 859 1686 917; x_wconf 76' lang='grc' dir='ltr'>εἷναί</span> <span class='ocrx_word' id='word_1_50' title='bbox 1734 883 1877 935; x_wconf 89' lang='grc' dir='ltr'>φημι</span> 
     </span>
    </p>
   </div>
   <div class='ocr_carea' id='block_1_10' title="bbox 297 936 1875 1018">
    <p class='ocr_par' dir='ltr' id='par_1_10' title="bbox 297 936 1875 1018">
     <span class='ocr_line' id='line_1_10' title="bbox 297 936 1875 1018; baseline 0.015 -31"><span class='ocrx_word' id='word_1_51' title='bbox 297 936 393 989; x_wconf 88' lang='grc' dir='ltr'><strong>τοῦ</strong></span> <span class='ocrx_word' id='word_1_52' title='bbox 432 938 526 990; x_wconf 78' lang='grc' dir='ltr'>καὶ</span> <span class='ocrx_word' id='word_1_53' title='bbox 557 938 624 991; x_wconf 79' lang='grc' dir='ltr'>τὰ</span> <span class='ocrx_word' id='word_1_54' title='bbox 652 940 883 1011; x_wconf 77' lang='grc' dir='ltr'>κρείττω</span> <span class='ocrx_word' id='word_1_55' title='bbox 912 944 1019 997; x_wconf 89' lang='grc' dir='ltr'><strong>τῶν</strong></span> <span class='ocrx_word' id='word_1_56' title='bbox 1051 947 1387 1018; x_wconf 83' lang='grc' dir='ltr'><strong>μαθημάτων</strong></span> <span class='ocrx_word' id='word_1_57' title='bbox 1412 951 1669 1007; x_wconf 86' lang='grc' dir='ltr'>δύνασθαι</span> <span class='ocrx_word' id='word_1_58' title='bbox 1696 955 1763 1010; x_wconf 84' lang='grc' dir='ltr'>ἂν</span> <span class='ocrx_word' id='word_1_59' title='bbox 1788 956 1875 1011; x_wconf 80' lang='grc' dir='ltr'>διὰ</span> 
     </span>
    </p>
   </div>
   <div class='ocr_carea' id='block_1_11' title="bbox 298 1029 1876 1117">
    <p class='ocr_par' dir='ltr' id='par_1_11' title="bbox 298 1029 1876 1117">
     <span class='ocr_line' id='line_1_11' title="bbox 298 1029 1876 1117; baseline 0.013 -38"><span class='ocrx_word' id='word_1_60' title='bbox 298 1031 398 1098; x_wconf 79' lang='grc' dir='ltr'>τῆς</span> <span class='ocrx_word' id='word_1_61' title='bbox 440 1029 728 1100; x_wconf 84' lang='grc' dir='ltr'>εὐρετικῆς</span> <span class='ocrx_word' id='word_1_62' title='bbox 764 1031 1043 1104; x_wconf 86' lang='grc' dir='ltr'>δυνάμεως</span> <span class='ocrx_word' id='word_1_63' title='bbox 1089 1041 1441 1110; x_wconf 86' lang='grc' dir='ltr'>κατανοῆσαι.</span> <span class='ocrx_word' id='word_1_64' title='bbox 1494 1042 1568 1095; x_wconf 90' lang='grc' dir='ltr'>Οὐ</span> <span class='ocrx_word' id='word_1_65' title='bbox 1600 1044 1708 1116; x_wconf 80' lang='grc' dir='ltr'>γὰρ</span> <span class='ocrx_word' id='word_1_66' title='bbox 1740 1046 1876 1117; x_wconf 90' lang='grc' dir='ltr'>πρὸς</span> 
     </span>
    </p>
   </div>
   <div class='ocr_carea' id='block_1_12' title="bbox 302 1118 1877 1205">
    <p class='ocr_par' dir='ltr' id='par_1_12' title="bbox 302 1118 1877 1205">
     <span class='ocr_line' id='line_1_12' title="bbox 302 1118 1877 1205; baseline 0.011 -34"><span class='ocrx_word' id='word_1_67' title='bbox 302 1118 403 1189; x_wconf 87' lang='grc' dir='ltr'>μὲν</span> <span class='ocrx_word' id='word_1_68' title='bbox 444 1120 542 1191; x_wconf 80' lang='grc' dir='ltr'><strong>τὴν</strong></span> <span class='ocrx_word' id='word_1_69' title='bbox 590 1120 697 1173; x_wconf 83' lang='grc' dir='ltr'><strong>τῶν</strong></span> <span class='ocrx_word' id='word_1_70' title='bbox 728 1122 1091 1195; x_wconf 83' lang='grc' dir='ltr'><strong>ἀνυπάρκτων</strong></span> <span class='ocrx_word' id='word_1_71' title='bbox 1123 1125 1408 1182; x_wconf 81' lang='grc' dir='ltr'>διάπλασιν</span> <span class='ocrx_word' id='word_1_72' title='bbox 1436 1130 1655 1202; x_wconf 75' lang='grc' dir='ltr'>ἐντελὴς</span> <span class='ocrx_word' id='word_1_73' title='bbox 1687 1136 1818 1205; x_wconf 84' lang='grc' dir='ltr'>ἡμῖν</span> <span class='ocrx_word' id='word_1_74' title='bbox 1848 1138 1877 1188; x_wconf 85' lang='grc' dir='ltr'><strong>δ</strong></span> 
     </span>
    </p>
   </div>
   <div class='ocr_carea' id='block_1_13' title="bbox 299 1209 1875 1296">
    <p class='ocr_par' dir='ltr' id='par_1_13' title="bbox 299 1209 1875 1296">
     <span class='ocr_line' id='line_1_13' title="bbox 299 1209 1875 1296; baseline 0.011 -33"><span class='ocrx_word' id='word_1_75' title='bbox 299 1209 423 1273; x_wconf 91' lang='grc' dir='ltr'>νοῦς</span> <span class='ocrx_word' id='word_1_76' title='bbox 451 1211 599 1281; x_wconf 87' lang='grc' dir='ltr'>παρά</span> <span class='ocrx_word' id='word_1_77' title='bbox 615 1211 708 1264; x_wconf 89' lang='grc' dir='ltr'><strong>τοῦ</strong></span> <span class='ocrx_word' id='word_1_78' title='bbox 735 1212 1023 1279; x_wconf 82' lang='grc' dir='ltr'><strong>δεδωκότος</strong></span> <span class='ocrx_word' id='word_1_79' title='bbox 1045 1217 1329 1288; x_wconf 77' lang='grc' dir='ltr'><strong>ἐμπέφυκε</strong></span> <span class='ocrx_word' id='word_1_80' title='bbox 1346 1237 1359 1250; x_wconf 89' lang='grc'><strong>·</strong></span> <span class='ocrx_word' id='word_1_81' title='bbox 1394 1222 1529 1291; x_wconf 88' lang='grc' dir='ltr'>πρὸς</span> <span class='ocrx_word' id='word_1_82' title='bbox 1560 1223 1617 1276; x_wconf 76' lang='grc' dir='ltr'><strong>δὲ</strong></span> <span class='ocrx_word' id='word_1_83' title='bbox 1646 1224 1743 1296; x_wconf 82' lang='grc' dir='ltr'>τὴν</span> <span class='ocrx_word' id='word_1_84' title='bbox 1768 1227 1875 1281; x_wconf 84' lang='grc' dir='ltr'>τῶν</span> 
     </span>
    </p>
   </div>
   <div class='ocr_carea' id='block_1_14' title="bbox 298 1302 1874 1389">
    <p class='ocr_par' dir='ltr' id='par_1_14' title="bbox 298 1302 1874 1389">
     <span class='ocr_line' id='line_1_14' title="bbox 298 1302 1874 1389; baseline 0.011 -35"><span class='ocrx_word' id='word_1_85' title='bbox 298 1302 632 1374; x_wconf 72' lang='grc' dir='ltr'>ψυχωφελῶν</span> <span class='ocrx_word' id='word_1_86' title='bbox 679 1303 926 1376; x_wconf 88' lang='grc' dir='ltr'>εῦρεσιν,</span> <span class='ocrx_word' id='word_1_87' title='bbox 974 1307 1230 1378; x_wconf 76' lang='grc' dir='ltr'><strong>οὐδεμίαν</strong></span> <span class='ocrx_word' id='word_1_88' title='bbox 1276 1311 1501 1383; x_wconf 86' lang='grc' dir='ltr'>δύναμιν</span> <span class='ocrx_word' id='word_1_89' title='bbox 1554 1317 1874 1389; x_wconf 84' lang='grc' dir='ltr'>ποριστικὴν</span> 
     </span>
    </p>
   </div>
   <div class='ocr_carea' id='block_1_15' title="bbox 296 1394 1872 1481">
    <p class='ocr_par' dir='ltr' id='par_1_15' title="bbox 296 1394 1872 1481">
     <span class='ocr_line' id='line_1_15' title="bbox 296 1394 1872 1481; baseline 0.008 -33"><span class='ocrx_word' id='word_1_90' title='bbox 296 1396 406 1476; x_wconf 76' lang='grc' dir='ltr'>τῶν</span> <span class='ocrx_word' id='word_1_91' title='bbox 456 1394 872 1451; x_wconf 82' lang='grc' dir='ltr'><strong>λυσιτελούντων</strong></span> <span class='ocrx_word' id='word_1_92' title='bbox 919 1400 1280 1472; x_wconf 84' lang='grc' dir='ltr'>κεκλήρωται.</span> <span class='ocrx_word' id='word_1_93' title='bbox 1340 1405 1500 1459; x_wconf 80' lang='grc' dir='ltr'><strong>Ἀλλά</strong></span> <span class='ocrx_word' id='word_1_94' title='bbox 1544 1406 1795 1479; x_wconf 81' lang='grc' dir='ltr'>καθάπερ</span> <span class='ocrx_word' id='word_1_95' title='bbox 1839 1412 1872 1481; x_wconf 87' lang='grc' dir='ltr'><strong>ή</strong></span> 
     </span>
    </p>
   </div>
   <div class='ocr_carea' id='block_1_16' title="bbox 296 1465 1872 1569">
    <p class='ocr_par' dir='ltr' id='par_1_16' title="bbox 296 1465 1872 1569">
     <span class='ocr_line' id='line_1_16' title="bbox 296 1465 1872 1569; baseline 0.011 -35"><span class='ocrx_word' id='word_1_96' title='bbox 296 1465 571 1555; x_wconf 70' lang='grc' dir='ltr'>δρμητικὴ</span> <span class='ocrx_word' id='word_1_97' title='bbox 603 1485 694 1537; x_wconf 68' lang='grc' dir='ltr'><strong>καὶ¹</strong></span> <span class='ocrx_word' id='word_1_98' title='bbox 720 1465 1205 1563; x_wconf 38' lang='grc' dir='ltr'>προαιρετική-τῆς</span> <span class='ocrx_word' id='word_1_99' title='bbox 1233 1494 1410 1565; x_wconf 77' lang='grc' dir='ltr'>ψυχῆς</span> <span class='ocrx_word' id='word_1_100' title='bbox 1442 1496 1600 1567; x_wconf 76' lang='grc' dir='ltr'>ἡμῶν</span> <span class='ocrx_word' id='word_1_101' title='bbox 1624 1465 1872 1569; x_wconf 59' lang='grc' dir='ltr'>δύναμις,</span> 
     </span>
    </p>
   </div>
   <div class='ocr_carea' id='block_1_17' title="bbox 298 1575 1874 1657">
    <p class='ocr_par' dir='ltr' id='par_1_17' title="bbox 298 1575 1874 1657">
     <span class='ocr_line' id='line_1_17' title="bbox 298 1575 1874 1657; baseline 0.01 -28"><span class='ocrx_word' id='word_1_102' title='bbox 298 1575 442 1630; x_wconf 84' lang='grc' dir='ltr'>κατά</span> <span class='ocrx_word' id='word_1_103' title='bbox 476 1577 576 1646; x_wconf 84' lang='grc' dir='ltr'><strong>μὲν</strong></span> <span class='ocrx_word' id='word_1_104' title='bbox 625 1576 686 1630; x_wconf 87' lang='grc' dir='ltr'><strong>τὸ</strong></span> <span class='ocrx_word' id='word_1_105' title='bbox 715 1581 1121 1651; x_wconf 83' lang='grc' dir='ltr'>προηγούμενον</span> <span class='ocrx_word' id='word_1_106' title='bbox 1169 1586 1305 1657; x_wconf 85' lang='grc' dir='ltr'>πρὸς</span> <span class='ocrx_word' id='word_1_107' title='bbox 1344 1586 1442 1657; x_wconf 80' lang='grc' dir='ltr'><strong>τὴν</strong></span> <span class='ocrx_word' id='word_1_108' title='bbox 1468 1587 1575 1641; x_wconf 85' lang='grc' dir='ltr'>τῶν</span> <span class='ocrx_word' id='word_1_109' title='bbox 1604 1589 1785 1643; x_wconf 85' lang='grc' dir='ltr'>καλῶν</span> <span class='ocrx_word' id='word_1_110' title='bbox 1812 1608 1874 1644; x_wconf 89' lang='grc' dir='ltr'><strong>τε</strong></span> 
     </span>
    </p>
   </div>
   <div class='ocr_carea' id='block_1_18' title="bbox 298 1668 1871 1751">
    <p class='ocr_par' dir='ltr' id='par_1_18' title="bbox 298 1668 1871 1751">
     <span class='ocr_line' id='line_1_18' title="bbox 298 1668 1871 1751; baseline 0.008 -30"><span class='ocrx_word' id='word_1_111' title='bbox 298 1668 394 1721; x_wconf 62' lang='grc' dir='ltr'><strong>καὶ¹</strong></span> <span class='ocrx_word' id='word_1_112' title='bbox 409 1668 626 1737; x_wconf 81' lang='grc' dir='ltr'>ἀγαθῶν</span> <span class='ocrx_word' id='word_1_113' title='bbox 642 1668 825 1737; x_wconf 83' lang='grc' dir='ltr'>ἔφεσιν</span> <span class='ocrx_word' id='word_1_114' title='bbox 842 1673 1314 1746; x_wconf 81' lang='grc' dir='ltr'>ἐγκατεσκευάσοη</span> <span class='ocrx_word' id='word_1_115' title='bbox 1329 1679 1395 1748; x_wconf 83' lang='grc' dir='ltr'>τῇ</span> <span class='ocrx_word' id='word_1_116' title='bbox 1411 1677 1588 1747; x_wconf 83' lang='grc' dir='ltr'>φύσει’</span> <span class='ocrx_word' id='word_1_117' title='bbox 1609 1681 1871 1751; x_wconf 82' lang='grc' dir='ltr'>χρήσαιτο</span> 
     </span>
    </p>
   </div>
   <div class='ocr_carea' id='block_1_19' title="bbox 296 1758 1868 1842">
    <p class='ocr_par' dir='ltr' id='par_1_19' title="bbox 296 1758 1868 1842">
     <span class='ocr_line' id='line_1_19' title="bbox 296 1758 1868 1842; baseline 0.008 -29"><span class='ocrx_word' id='word_1_118' title='bbox 296 1758 344 1813; x_wconf 79' lang='grc' dir='ltr'>δ’</span> <span class='ocrx_word' id='word_1_119' title='bbox 376 1759 442 1812; x_wconf 78' lang='grc' dir='ltr'><strong>ἀν</strong></span> <span class='ocrx_word' id='word_1_120' title='bbox 473 1776 555 1823; x_wconf 91' lang='grc' dir='ltr'><strong>τις</strong></span> <span class='ocrx_word' id='word_1_121' title='bbox 586 1760 837 1832; x_wconf 55' lang='grc' dir='ltr'>καὶπρὸς</span> <span class='ocrx_word' id='word_1_122' title='bbox 850 1761 918 1815; x_wconf 77' lang='grc' dir='ltr'><strong>τά</strong></span> <span class='ocrx_word' id='word_1_123' title='bbox 948 1762 1022 1834; x_wconf 77' lang='grc' dir='ltr'>μὴ</span> <span class='ocrx_word' id='word_1_124' title='bbox 1044 1762 1231 1819; x_wconf 81' lang='grc' dir='ltr'>δέοντα</span> <span class='ocrx_word' id='word_1_125' title='bbox 1263 1768 1333 1838; x_wconf 83' lang='grc' dir='ltr'>τῇ</span> <span class='ocrx_word' id='word_1_126' title='bbox 1363 1769 1588 1841; x_wconf 83' lang='grc' dir='ltr'>τοιαύτῃ</span> <span class='ocrx_word' id='word_1_127' title='bbox 1620 1773 1868 1842; x_wconf 85' lang='grc' dir='ltr'>κινήσει·</span> 
     </span>
    </p>
   </div>
   <div class='ocr_carea' id='block_1_20' title="bbox 1979 594 3546 678">
    <p class='ocr_par' dir='ltr' id='par_1_20' title="bbox 1979 594 3546 678">
     <span class='ocr_line' id='line_1_20' title="bbox 1979 594 3546 678; baseline 0.015 -29"><span class='ocrx_word' id='word_1_128' title='bbox 1979 602 2034 650; x_wconf 89' lang='lat' dir='ltr'><strong>et</strong></span> <span class='ocrx_word' id='word_1_129' title='bbox 2064 594 2283 666; x_wconf 81' lang='lat' dir='ltr'><strong>lingere,</strong></span> <span class='ocrx_word' id='word_1_130' title='bbox 2311 598 2395 652; x_wconf 85' lang='lat' dir='ltr'><strong>vel</strong></span> <span class='ocrx_word' id='word_1_131' title='bbox 2422 600 2477 654; x_wconf 91' lang='lat' dir='ltr'><strong>in</strong></span> <span class='ocrx_word' id='word_1_132' title='bbox 2507 601 2685 670; x_wconf 85' lang='lat' dir='ltr'><strong>majus</strong></span> <span class='ocrx_word' id='word_1_133' title='bbox 2726 613 2989 662; x_wconf 88' lang='lat' dir='ltr'><strong>staturam</strong></span> <span class='ocrx_word' id='word_1_134' title='bbox 3015 611 3290 678; x_wconf 82' lang='lat' dir='ltr'><strong>extollere,</strong></span> <span class='ocrx_word' id='word_1_135' title='bbox 3329 616 3414 671; x_wconf 89' lang='lat' dir='ltr'><strong>vel</strong></span> <span class='ocrx_word' id='word_1_136' title='bbox 3446 634 3546 672; x_wconf 66' lang='lat' dir='ltr'><strong>na~</strong></span> 
     </span>
    </p>
   </div>
   <div class='ocr_carea' id='block_1_21' title="bbox 1977 687 3547 765">
    <p class='ocr_par' dir='ltr' id='par_1_21' title="bbox 1977 687 3547 765">
     <span class='ocr_line' id='line_1_21' title="bbox 1977 687 3547 765; baseline 0.017 -27"><span class='ocrx_word' id='word_1_137' title='bbox 1977 693 2116 739; x_wconf 73' lang='lat' dir='ltr'><strong>tum</strong></span> <span class='ocrx_word' id='word_1_138' title='bbox 2139 687 2329 743; x_wconf 89' lang='lat' dir='ltr'><strong>modos</strong></span> <span class='ocrx_word' id='word_1_139' title='bbox 2356 688 2421 743; x_wconf 85' lang='lat' dir='ltr'><strong>ad</strong></span> <span class='ocrx_word' id='word_1_140' title='bbox 2457 689 2745 747; x_wconf 87' lang='lat' dir='ltr'><strong>ridiculum</strong></span> <span class='ocrx_word' id='word_1_141' title='bbox 2770 695 3075 765; x_wconf 90' lang='lat' dir='ltr'><strong>decurtare,</strong></span> <span class='ocrx_word' id='word_1_142' title='bbox 3105 703 3189 757; x_wconf 90' lang='lat' dir='ltr'><strong>vel</strong></span> <span class='ocrx_word' id='word_1_143' title='bbox 3221 703 3469 764; x_wconf 86' lang='lat' dir='ltr'><strong>homines</strong></span> <span class='ocrx_word' id='word_1_144' title='bbox 3492 709 3547 764; x_wconf 89' lang='lat' dir='ltr'><strong>in</strong></span> 
     </span>
    </p>
   </div>
   <div class='ocr_carea' id='block_1_22' title="bbox 1978 777 3543 861">
    <p class='ocr_par' dir='ltr' id='par_1_22' title="bbox 1978 777 3543 861">
     <span class='ocr_line' id='line_1_22' title="bbox 1978 777 3543 861; baseline 0.014 -30"><span class='ocrx_word' id='word_1_145' title='bbox 1978 777 2176 840; x_wconf 89' lang='lat' dir='ltr'><strong>fontes,</strong></span> <span class='ocrx_word' id='word_1_146' title='bbox 2203 785 2258 832; x_wconf 88' lang='lat' dir='ltr'><strong>et</strong></span> <span class='ocrx_word' id='word_1_147' title='bbox 2287 780 2530 845; x_wconf 69' lang='grc' dir='ltr'>ετὴοτεε,</span> <span class='ocrx_word' id='word_1_148' title='bbox 2578 792 2631 837; x_wconf 87' lang='lat' dir='ltr'><strong>et</strong></span> <span class='ocrx_word' id='word_1_149' title='bbox 2668 794 2797 841; x_wconf 79' lang='lat' dir='ltr'><strong>aves</strong></span> <span class='ocrx_word' id='word_1_150' title='bbox 2836 789 3255 850; x_wconf 77' lang='lat' dir='ltr'><strong>transfermatos</strong></span> <span class='ocrx_word' id='word_1_151' title='bbox 3296 811 3543 861; x_wconf 88' lang='lat' dir='ltr'><strong>narrare.</strong></span> 
     </span>
    </p>
   </div>
   <div class='ocr_carea' id='block_1_23' title="bbox 1977 867 3546 945">
    <p class='ocr_par' dir='ltr' id='par_1_23' title="bbox 1977 867 3546 945">
     <span class='ocr_line' id='line_1_23' title="bbox 1977 867 3546 945; baseline 0.017 -27"><span class='ocrx_word' id='word_1_152' title='bbox 1977 881 2072 935; x_wconf 83' lang='lat' dir='ltr'><strong>per</strong></span> <span class='ocrx_word' id='word_1_153' title='bbox 2096 880 2217 937; x_wconf 65' lang='lat' dir='ltr'><strong>qua;</strong></span> <span class='ocrx_word' id='word_1_154' title='bbox 2239 867 2363 922; x_wconf 89' lang='lat' dir='ltr'><strong>licet</strong></span> <span class='ocrx_word' id='word_1_155' title='bbox 2393 885 2487 925; x_wconf 86' lang='lat' dir='ltr'><strong>eos</strong></span> <span class='ocrx_word' id='word_1_156' title='bbox 2526 873 2618 941; x_wconf 89' lang='lat' dir='ltr'><strong>qui</strong></span> <span class='ocrx_word' id='word_1_157' title='bbox 2662 875 2863 933; x_wconf 90' lang='lat' dir='ltr'><strong>talibus</strong></span> <span class='ocrx_word' id='word_1_158' title='bbox 2890 877 3230 938; x_wconf 81' lang='lat' dir='ltr'><strong>delectantur</strong></span> <span class='ocrx_word' id='word_1_159' title='bbox 3258 887 3423 942; x_wconf 88' lang='lat' dir='ltr'><strong>animi</strong></span> <span class='ocrx_word' id='word_1_160' title='bbox 3454 903 3546 945; x_wconf 86' lang='lat' dir='ltr'><strong>so-</strong></span> 
     </span>
    </p>
   </div>
   <div class='ocr_carea' id='block_1_24' title="bbox 1975 959 3545 1038">
    <p class='ocr_par' dir='ltr' id='par_1_24' title="bbox 1975 959 3545 1038">
     <span class='ocr_line' id='line_1_24' title="bbox 1975 959 3545 1038; baseline 0.014 -26"><span class='ocrx_word' id='word_1_161' title='bbox 1975 959 2165 1013; x_wconf 91' lang='lat' dir='ltr'><strong>latium</strong></span> <span class='ocrx_word' id='word_1_162' title='bbox 2196 959 2412 1031; x_wconf 82' lang='lat' dir='ltr'><strong>aliquod</strong></span> <span class='ocrx_word' id='word_1_163' title='bbox 2444 973 2498 1017; x_wconf 91' lang='lat' dir='ltr'><strong>et</strong></span> <span class='ocrx_word' id='word_1_164' title='bbox 2536 964 2844 1023; x_wconf 88' lang='lat' dir='ltr'><strong>illecebram</strong></span> <span class='ocrx_word' id='word_1_165' title='bbox 2896 970 3161 1038; x_wconf 86' lang='lat' dir='ltr'><strong>invenire,</strong></span> <span class='ocrx_word' id='word_1_166' title='bbox 3200 976 3545 1035; x_wconf 87' lang='lat' dir='ltr'><strong>evidentissi-</strong></span> 
     </span>
    </p>
   </div>
   <div class='ocr_carea' id='block_1_25' title="bbox 1975 1057 3545 1140">
    <p class='ocr_par' dir='ltr' id='par_1_25' title="bbox 1975 1057 3545 1140">
     <span class='ocr_line' id='line_1_25' title="bbox 1975 1057 3545 1140; baseline 0.015 -39"><span class='ocrx_word' id='word_1_167' title='bbox 1975 1063 2121 1103; x_wconf 87' lang='lat' dir='ltr'><strong>mum</strong></span> <span class='ocrx_word' id='word_1_168' title='bbox 2154 1063 2278 1106; x_wconf 89' lang='lat' dir='ltr'><strong>esse</strong></span> <span class='ocrx_word' id='word_1_169' title='bbox 2320 1064 2696 1122; x_wconf 80' lang='lat' dir='ltr'><strong>argumentum</strong></span> <span class='ocrx_word' id='word_1_170' title='bbox 2732 1057 2878 1124; x_wconf 89' lang='lat' dir='ltr'><strong>dico,</strong></span> <span class='ocrx_word' id='word_1_171' title='bbox 2933 1061 3166 1132; x_wconf 80' lang='lat' dir='ltr'><strong>aliquem</strong></span> <span class='ocrx_word' id='word_1_172' title='bbox 3220 1081 3382 1136; x_wconf 88' lang='lat' dir='ltr'><strong>posse</strong></span> <span class='ocrx_word' id='word_1_173' title='bbox 3423 1087 3545 1140; x_wconf 68' lang='lat' dir='ltr'><strong>qua:</strong></span> 
     </span>
    </p>
   </div>
   <div class='ocr_carea' id='block_1_26' title="bbox 1978 1138 3545 1226">
    <p class='ocr_par' dir='ltr' id='par_1_26' title="bbox 1978 1138 3545 1226">
     <span class='ocr_line' id='line_1_26' title="bbox 1978 1138 3545 1226; baseline 0.015 -34"><span class='ocrx_word' id='word_1_174' title='bbox 1978 1138 2184 1208; x_wconf 86' lang='lat' dir='ltr'><strong>majora</strong></span> <span class='ocrx_word' id='word_1_175' title='bbox 2219 1150 2349 1196; x_wconf 89' lang='lat' dir='ltr'><strong>sunt</strong></span> <span class='ocrx_word' id='word_1_176' title='bbox 2370 1151 2424 1199; x_wconf 86' lang='lat' dir='ltr'><strong>et</strong></span> <span class='ocrx_word' id='word_1_177' title='bbox 2454 1148 2829 1213; x_wconf 63' lang='lat' dir='ltr'><strong>praestantiora</strong></span> <span class='ocrx_word' id='word_1_178' title='bbox 2862 1150 2916 1205; x_wconf 92' lang='lat' dir='ltr'><strong>in</strong></span> <span class='ocrx_word' id='word_1_179' title='bbox 2947 1152 3274 1226; x_wconf 86' lang='lat' dir='ltr'><strong>disciplinis,</strong></span> <span class='ocrx_word' id='word_1_180' title='bbox 3329 1138 3545 1215; x_wconf 75' lang='lat' dir='ltr'><strong>hacin-</strong></span> 
     </span>
    </p>
   </div>
   <div class='ocr_carea' id='block_1_27' title="bbox 1975 1230 3541 1311">
    <p class='ocr_par' dir='ltr' id='par_1_27' title="bbox 1975 1230 3541 1311">
     <span class='ocr_line' id='line_1_27' title="bbox 1975 1230 3541 1311; baseline 0.017 -29"><span class='ocrx_word' id='word_1_181' title='bbox 1975 1230 2214 1287; x_wconf 90' lang='lat' dir='ltr'><strong>ventrice</strong></span> <span class='ocrx_word' id='word_1_182' title='bbox 2260 1232 2520 1291; x_wconf 80' lang='lat' dir='ltr'><strong>facultate</strong></span> <span class='ocrx_word' id='word_1_183' title='bbox 2557 1240 2889 1311; x_wconf 79' lang='lat' dir='ltr'><strong>excogitare.</strong></span> <span class='ocrx_word' id='word_1_184' title='bbox 2923 1242 3041 1299; x_wconf 86' lang='lat' dir='ltr'><strong>Non</strong></span> <span class='ocrx_word' id='word_1_185' title='bbox 3072 1249 3216 1302; x_wconf 89' lang='lat' dir='ltr'><strong>enim</strong></span> <span class='ocrx_word' id='word_1_186' title='bbox 3249 1251 3315 1303; x_wconf 90' lang='lat' dir='ltr'><strong>ad</strong></span> <span class='ocrx_word' id='word_1_187' title='bbox 3354 1268 3541 1308; x_wconf 88' lang='lat' dir='ltr'><strong>eorum</strong></span> 
     </span>
    </p>
   </div>
   <div class='ocr_carea' id='block_1_28' title="bbox 1974 1324 3544 1402">
    <p class='ocr_par' dir='ltr' id='par_1_28' title="bbox 1974 1324 3544 1402">
     <span class='ocr_line' id='line_1_28' title="bbox 1974 1324 3544 1402; baseline 0.017 -29"><span class='ocrx_word' id='word_1_188' title='bbox 1974 1334 2096 1388; x_wconf 64' lang='lat' dir='ltr'><strong>qua:</strong></span> <span class='ocrx_word' id='word_1_189' title='bbox 2133 1336 2241 1376; x_wconf 92' lang='lat' dir='ltr'><strong>non</strong></span> <span class='ocrx_word' id='word_1_190' title='bbox 2286 1324 2595 1381; x_wconf 87' lang='lat' dir='ltr'><strong>subsistunt</strong></span> <span class='ocrx_word' id='word_1_191' title='bbox 2630 1327 2880 1400; x_wconf 85' lang='lat' dir='ltr'><strong>figmenta</strong></span> <span class='ocrx_word' id='word_1_192' title='bbox 2923 1335 3163 1402; x_wconf 84' lang='lat' dir='ltr'><strong>perfecta</strong></span> <span class='ocrx_word' id='word_1_193' title='bbox 3198 1336 3356 1398; x_wconf 79' lang='lat' dir='ltr'><strong>nobis</strong></span> <span class='ocrx_word' id='word_1_194' title='bbox 3391 1360 3544 1400; x_wconf 86' lang='lat' dir='ltr'><strong>mens</strong></span> 
     </span>
    </p>
   </div>
   <div class='ocr_carea' id='block_1_29' title="bbox 1975 1412 3543 1490">
    <p class='ocr_par' dir='ltr' id='par_1_29' title="bbox 1975 1412 3543 1490">
     <span class='ocr_line' id='line_1_29' title="bbox 1975 1412 3543 1490; baseline 0.013 -25"><span class='ocrx_word' id='word_1_195' title='bbox 1975 1412 2043 1466; x_wconf 87' lang='lat' dir='ltr'><strong>ab</strong></span> <span class='ocrx_word' id='word_1_196' title='bbox 2090 1427 2157 1468; x_wconf 93' lang='lat' dir='ltr'><strong>eo</strong></span> <span class='ocrx_word' id='word_1_197' title='bbox 2192 1414 2285 1483; x_wconf 85' lang='lat' dir='ltr'><strong>qui</strong></span> <span class='ocrx_word' id='word_1_198' title='bbox 2332 1414 2500 1481; x_wconf 86' lang='lat' dir='ltr'><strong>dedit,</strong></span> <span class='ocrx_word' id='word_1_199' title='bbox 2549 1418 2863 1490; x_wconf 88' lang='lat' dir='ltr'><strong>ingenerata</strong></span> <span class='ocrx_word' id='word_1_200' title='bbox 2911 1432 3023 1489; x_wconf 89' lang='lat' dir='ltr'><strong>est;</strong></span> <span class='ocrx_word' id='word_1_201' title='bbox 3066 1426 3132 1481; x_wconf 90' lang='lat' dir='ltr'><strong>ad</strong></span> <span class='ocrx_word' id='word_1_202' title='bbox 3183 1440 3370 1484; x_wconf 85' lang='lat' dir='ltr'><strong>eOrum</strong></span> <span class='ocrx_word' id='word_1_203' title='bbox 3414 1448 3543 1487; x_wconf 84' lang='lat' dir='ltr'><strong>vero</strong></span> 
     </span>
    </p>
   </div>
   <div class='ocr_carea' id='block_1_30' title="bbox 1973 1503 3545 1577">
    <p class='ocr_par' dir='ltr' id='par_1_30' title="bbox 1973 1503 3545 1577">
     <span class='ocr_line' id='line_1_30' title="bbox 1973 1503 3545 1577; baseline 0.015 -23"><span class='ocrx_word' id='word_1_204' title='bbox 1973 1518 2094 1571; x_wconf 62' lang='lat' dir='ltr'><strong>qua!</strong></span> <span class='ocrx_word' id='word_1_205' title='bbox 2118 1503 2359 1558; x_wconf 88' lang='lat' dir='ltr'><strong>animum</strong></span> <span class='ocrx_word' id='word_1_206' title='bbox 2399 1506 2613 1576; x_wconf 88' lang='lat' dir='ltr'><strong>juvant,</strong></span> <span class='ocrx_word' id='word_1_207' title='bbox 2646 1510 3038 1577; x_wconf 87' lang='lat' dir='ltr'><strong>inventionem,</strong></span> <span class='ocrx_word' id='word_1_208' title='bbox 3081 1519 3283 1573; x_wconf 91' lang='lat' dir='ltr'><strong>nullam</strong></span> <span class='ocrx_word' id='word_1_209' title='bbox 3321 1518 3545 1577; x_wconf 84' lang='lat' dir='ltr'><strong>faculta-</strong></span> 
     </span>
    </p>
   </div>
   <div class='ocr_carea' id='block_1_31' title="bbox 1975 1592 3544 1683">
    <p class='ocr_par' dir='ltr' id='par_1_31' title="bbox 1975 1592 3544 1683">
     <span class='ocr_line' id='line_1_31' title="bbox 1975 1592 3544 1683; baseline 0.017 -39"><span class='ocrx_word' id='word_1_210' title='bbox 1975 1599 2080 1645; x_wconf 90' lang='lat' dir='ltr'><strong>tem</strong></span> <span class='ocrx_word' id='word_1_211' title='bbox 2119 1592 2330 1648; x_wconf 89' lang='lat' dir='ltr'><strong>utilium</strong></span> <span class='ocrx_word' id='word_1_212' title='bbox 2359 1598 2839 1667; x_wconf 82' lang='lat' dir='ltr'><strong>suppeditatricem</strong></span> <span class='ocrx_word' id='word_1_213' title='bbox 2877 1606 3067 1660; x_wconf 87' lang='lat' dir='ltr'><strong>sortita</strong></span> <span class='ocrx_word' id='word_1_214' title='bbox 3096 1617 3200 1663; x_wconf 91' lang='lat' dir='ltr'><strong>est.</strong></span> <span class='ocrx_word' id='word_1_215' title='bbox 3226 1608 3329 1664; x_wconf 84' lang='lat' dir='ltr'><strong>Sed</strong></span> <span class='ocrx_word' id='word_1_216' title='bbox 3354 1629 3544 1683; x_wconf 81' lang='lat' dir='ltr'><strong>quem-</strong></span> 
     </span>
    </p>
   </div>
   <div class='ocr_carea' id='block_1_32' title="bbox 1973 1682 3541 1761">
    <p class='ocr_par' dir='ltr' id='par_1_32' title="bbox 1973 1682 3541 1761">
     <span class='ocr_line' id='line_1_32' title="bbox 1973 1682 3541 1761; baseline 0.015 -25"><span class='ocrx_word' id='word_1_217' title='bbox 1973 1682 2264 1740; x_wconf 90' lang='lat' dir='ltr'><strong>admodum</strong></span> <span class='ocrx_word' id='word_1_218' title='bbox 2293 1686 2575 1758; x_wconf 88' lang='lat' dir='ltr'><strong>impultrix</strong></span> <span class='ocrx_word' id='word_1_219' title='bbox 2597 1699 2651 1747; x_wconf 91' lang='lat' dir='ltr'><strong>et</strong></span> <span class='ocrx_word' id='word_1_220' title='bbox 2670 1694 2893 1750; x_wconf 70' lang='lat' dir='ltr'><strong>electri:</strong></span> <span class='ocrx_word' id='word_1_221' title='bbox 2920 1698 3086 1753; x_wconf 84' lang='lat' dir='ltr'><strong>animi</strong></span> <span class='ocrx_word' id='word_1_222' title='bbox 3113 1703 3285 1757; x_wconf 79' lang='lat' dir='ltr'><strong>nostri</strong></span> <span class='ocrx_word' id='word_1_223' title='bbox 3310 1682 3541 1761; x_wconf 79' lang='lat' dir='ltr'><strong>facultas</strong></span> 
     </span>
    </p>
   </div>
   <div class='ocr_carea' id='block_1_33' title="bbox 1974 1775 3541 1863">
    <p class='ocr_par' dir='ltr' id='par_1_33' title="bbox 1974 1775 3541 1863">
     <span class='ocr_line' id='line_1_33' title="bbox 1974 1775 3541 1863; baseline 0.016 -36"><span class='ocrx_word' id='word_1_224' title='bbox 1974 1775 2247 1846; x_wconf 70' lang='lat' dir='ltr'><strong>praecipue</strong></span> <span class='ocrx_word' id='word_1_225' title='bbox 2278 1776 2347 1832; x_wconf 92' lang='lat' dir='ltr'><strong>ad</strong></span> <span class='ocrx_word' id='word_1_226' title='bbox 2395 1779 2751 1838; x_wconf 85' lang='lat' dir='ltr'><strong>honestorum</strong></span> <span class='ocrx_word' id='word_1_227' title='bbox 2784 1794 2838 1840; x_wconf 92' lang='lat' dir='ltr'><strong>et</strong></span> <span class='ocrx_word' id='word_1_228' title='bbox 2883 1787 3148 1845; x_wconf 83' lang='lat' dir='ltr'><strong>bonorum</strong></span> <span class='ocrx_word' id='word_1_229' title='bbox 3180 1795 3473 1863; x_wconf 88' lang='lat' dir='ltr'><strong>appetitum</strong></span> <span class='ocrx_word' id='word_1_230' title='bbox 3509 1814 3541 1853; x_wconf 83' lang='lat' dir='ltr'><strong>a</strong></span> 
     </span>
    </p>
   </div>
   <div class='ocr_carea' id='block_1_34' title="bbox 298 1851 1870 1955">
    <p class='ocr_par' dir='ltr' id='par_1_34' title="bbox 298 1851 1870 1935">
     <span class='ocr_line' id='line_1_34' title="bbox 298 1851 1870 1935; baseline 0.007 -29"><span class='ocrx_word' id='word_1_231' title='bbox 298 1852 393 1906; x_wconf 75' lang='grc' dir='ltr'><strong>καὶ</strong></span> <span class='ocrx_word' id='word_1_232' title='bbox 442 1851 542 1905; x_wconf 87' lang='grc' dir='ltr'><strong>οὐκ</strong></span> <span class='ocrx_word' id='word_1_233' title='bbox 570 1853 636 1907; x_wconf 83' lang='grc' dir='ltr'><strong>ἄν</strong></span> <span class='ocrx_word' id='word_1_234' title='bbox 676 1872 758 1931; x_wconf 83' lang='grc' dir='ltr'><strong>τις</strong></span> <span class='ocrx_word' id='word_1_235' title='bbox 806 1854 951 1908; x_wconf 76' lang='grc' dir='ltr'>εἴποι</span> <span class='ocrx_word' id='word_1_236' title='bbox 992 1854 1085 1909; x_wconf 85' lang='grc' dir='ltr'><strong>τοῦ</strong></span> <span class='ocrx_word' id='word_1_237' title='bbox 1134 1857 1272 1928; x_wconf 88' lang='grc' dir='ltr'>πρὸς</span> <span class='ocrx_word' id='word_1_238' title='bbox 1322 1859 1733 1930; x_wconf 83' lang='grc' dir='ltr'>μηδὲν-ἀγαθὸν</span> <span class='ocrx_word' id='word_1_239' title='bbox 1776 1863 1870 1935; x_wconf 76' lang='grc' dir='ltr'>τὴν</span> 
     </span>
    </p>
   </div>
   <div class='ocr_carea' id='block_1_35' title="bbox 1971 1851 3542 1955">
    <p class='ocr_par' dir='ltr' id='par_1_35' title="bbox 1975 1851 3542 1955">
     <span class='ocr_line' id='line_1_35' title="bbox 1975 1851 3542 1955; baseline 0.015 -35"><span class='ocrx_word' id='word_1_240' title='bbox 1975 1873 2171 1921; x_wconf 87' lang='lat' dir='ltr'><strong>natura</strong></span> <span class='ocrx_word' id='word_1_241' title='bbox 2196 1868 2463 1923; x_wconf 86' lang='lat' dir='ltr'><strong>instructa</strong></span> <span class='ocrx_word' id='word_1_242' title='bbox 2496 1881 2600 1936; x_wconf 90' lang='lat' dir='ltr'><strong>est,</strong></span> <span class='ocrx_word' id='word_1_243' title='bbox 2630 1872 2765 1929; x_wconf 91' lang='lat' dir='ltr'><strong>nihil</strong></span> <span class='ocrx_word' id='word_1_244' title='bbox 2805 1886 2985 1934; x_wconf 86' lang='lat' dir='ltr'><strong>tamen</strong></span> <span class='ocrx_word' id='word_1_245' title='bbox 3014 1851 3239 1953; x_wconf 70' lang='lat' dir='ltr'><strong>impedit</strong></span> <span class='ocrx_word' id='word_1_246' title='bbox 3254 1851 3400 1955; x_wconf 48' lang='lat' dir='ltr'><strong>&#39;quin</strong></span> <span class='ocrx_word' id='word_1_247' title='bbox 3441 1889 3542 1943; x_wconf 89' lang='lat' dir='ltr'><strong>ali-</strong></span> 
     </span>
    </p>
   </div>
   <div class='ocr_carea' id='block_1_36' title="bbox 296 1944 1873 2027">
    <p class='ocr_par' dir='ltr' id='par_1_36' title="bbox 296 1944 1873 2027">
     <span class='ocr_line' id='line_1_36' title="bbox 296 1944 1873 2027; baseline 0.006 -28"><span class='ocrx_word' id='word_1_248' title='bbox 296 1945 619 2017; x_wconf 81' lang='grc' dir='ltr'>προαίρεσιν</span> <span class='ocrx_word' id='word_1_249' title='bbox 647 1946 854 2025; x_wconf 79' lang='grc' dir='ltr'>ῥέπειν,</span> <span class='ocrx_word' id='word_1_250' title='bbox 882 1950 1180 2027; x_wconf 83' lang='grc' dir='ltr'>τεκμήριον</span> <span class='ocrx_word' id='word_1_251' title='bbox 1208 1944 1427 2005; x_wconf 73' lang='grc' dir='ltr'>εἶναιτὸ</span> <span class='ocrx_word' id='word_1_252' title='bbox 1446 1953 1673 2025; x_wconf 82' lang='grc' dir='ltr'>πρὸςτά</span> <span class='ocrx_word' id='word_1_253' title='bbox 1694 1954 1873 2025; x_wconf 87' lang='grc' dir='ltr'>φαῦλά</span> 
     </span>
    </p>
   </div>
   <div class='ocr_carea' id='block_1_37' title="bbox 297 2038 1871 2117">
    <p class='ocr_par' dir='ltr' id='par_1_37' title="bbox 297 2038 1871 2117">
     <span class='ocr_line' id='line_1_37' title="bbox 297 2038 1871 2117; baseline 0.006 -26"><span class='ocrx_word' id='word_1_254' title='bbox 297 2054 428 2091; x_wconf 86' lang='grc' dir='ltr'>ποτε</span> <span class='ocrx_word' id='word_1_255' title='bbox 453 2038 553 2108; x_wconf 82' lang='grc' dir='ltr'>τὴν</span> <span class='ocrx_word' id='word_1_256' title='bbox 581 2038 753 2108; x_wconf 80' lang='grc' dir='ltr'>ῥοπὴν</span> <span class='ocrx_word' id='word_1_257' title='bbox 775 2038 921 2109; x_wconf 84' lang='grc' dir='ltr'>ἔχειν</span> <span class='ocrx_word' id='word_1_258' title='bbox 952 2057 965 2071; x_wconf 74' lang='grc' dir='ltr'><strong>ο</strong></span> <span class='ocrx_word' id='word_1_259' title='bbox 1015 2040 1187 2106; x_wconf 78' lang='grc' dir='ltr'>οὕτως</span> <span class='ocrx_word' id='word_1_260' title='bbox 1215 2043 1310 2097; x_wconf 70' lang='grc' dir='ltr'>καὶ</span> <span class='ocrx_word' id='word_1_261' title='bbox 1332 2045 1365 2113; x_wconf 82' lang='grc' dir='ltr'><strong>ἡ</strong></span> <span class='ocrx_word' id='word_1_262' title='bbox 1400 2045 1528 2116; x_wconf 77' lang='grc' dir='ltr'>περὶ</span> <span class='ocrx_word' id='word_1_263' title='bbox 1559 2046 1628 2099; x_wconf 82' lang='grc' dir='ltr'>τὰ</span> <span class='ocrx_word' id='word_1_264' title='bbox 1668 2047 1871 2117; x_wconf 89' lang='grc' dir='ltr'>μάταιά</span> 
     </span>
    </p>
   </div>
   <div class='ocr_carea' id='block_1_38' title="bbox 295 2124 1917 2210">
    <p class='ocr_par' dir='ltr' id='par_1_38' title="bbox 295 2124 1917 2210">
     <span class='ocr_line' id='line_1_38' title="bbox 295 2124 1917 2210; baseline 0.007 -30"><span class='ocrx_word' id='word_1_265' title='bbox 295 2124 356 2182; x_wconf 83' lang='grc' dir='ltr'><strong>τε</strong></span> <span class='ocrx_word' id='word_1_266' title='bbox 387 2128 480 2182; x_wconf 76' lang='grc' dir='ltr'>καὶ</span> <span class='ocrx_word' id='word_1_267' title='bbox 524 2128 757 2201; x_wconf 81' lang='grc' dir='ltr'>ἀνόνητα</span> <span class='ocrx_word' id='word_1_268' title='bbox 787 2131 885 2202; x_wconf 84' lang='grc' dir='ltr'>τῆς</span> <span class='ocrx_word' id='word_1_269' title='bbox 917 2130 1153 2197; x_wconf 79' lang='grc' dir='ltr'>ἐπινοίας</span> <span class='ocrx_word' id='word_1_270' title='bbox 1199 2134 1430 2206; x_wconf 88' lang='grc' dir='ltr'>κίνησις,</span> <span class='ocrx_word' id='word_1_271' title='bbox 1476 2137 1537 2189; x_wconf 90' lang='grc' dir='ltr'><strong>οὐ</strong></span> <span class='ocrx_word' id='word_1_272' title='bbox 1571 2138 1871 2210; x_wconf 81' lang='grc' dir='ltr'>κατηγορία</span> <span class='ocrx_word' id='word_1_273' title='bbox 1910 2126 1917 2135; x_wconf 62' lang='grc'><em>’</em></span> 
     </span>
    </p>
   </div>
   <div class='ocr_carea' id='block_1_39' title="bbox 294 2214 1871 2296">
    <p class='ocr_par' dir='ltr' id='par_1_39' title="bbox 294 2214 1871 2296">
     <span class='ocr_line' id='line_1_39' title="bbox 294 2214 1871 2296; baseline 0.008 -24"><span class='ocrx_word' id='word_1_274' title='bbox 294 2214 397 2296; x_wconf 68' lang='grc' dir='ltr'>τῆς</span> <span class='ocrx_word' id='word_1_275' title='bbox 429 2220 565 2292; x_wconf 89' lang='grc' dir='ltr'>πρὸς</span> <span class='ocrx_word' id='word_1_276' title='bbox 594 2220 656 2275; x_wconf 86' lang='grc' dir='ltr'><strong>τὸ</strong></span> <span class='ocrx_word' id='word_1_277' title='bbox 687 2216 953 2294; x_wconf 86' lang='grc' dir='ltr'>χρήσιμον</span> <span class='ocrx_word' id='word_1_278' title='bbox 1002 2222 1303 2296; x_wconf 81' lang='grc' dir='ltr'>ἀδυναμίας</span> <span class='ocrx_word' id='word_1_279' title='bbox 1353 2218 1525 2293; x_wconf 66' lang='grc' dir='ltr'>ἐστὶν,</span> <span class='ocrx_word' id='word_1_280' title='bbox 1576 2228 1695 2282; x_wconf 82' lang='grc' dir='ltr'>ἀλλ’</span> <span class='ocrx_word' id='word_1_281' title='bbox 1736 2230 1871 2284; x_wconf 72' lang='grc' dir='ltr'>άπόο</span> 
     </span>
    </p>
   </div>
   <div class='ocr_carea' id='block_1_40' title="bbox 295 2285 1868 2388">
    <p class='ocr_par' dir='ltr' id='par_1_40' title="bbox 295 2285 1868 2388">
     <span class='ocr_line' id='line_1_40' title="bbox 295 2285 1868 2388; baseline 0.005 -23"><span class='ocrx_word' id='word_1_282' title='bbox 295 2285 484 2377; x_wconf 27' lang='grc' dir='ltr'>δενιξις</span> <span class='ocrx_word' id='word_1_283' title='bbox 511 2285 740 2380; x_wconf 45' lang='grc' dir='ltr'>γίνεται.</span> <span class='ocrx_word' id='word_1_284' title='bbox 765 2285 868 2366; x_wconf 45' lang='grc' dir='ltr'>τοῦ.</span> <span class='ocrx_word' id='word_1_285' title='bbox 906 2314 1001 2368; x_wconf 74' lang='grc' dir='ltr'><strong>καὶ</strong></span> <span class='ocrx_word' id='word_1_286' title='bbox 1050 2285 1188 2386; x_wconf 76' lang='grc' dir='ltr'>πρὸς</span> <span class='ocrx_word' id='word_1_287' title='bbox 1232 2285 1298 2370; x_wconf 75' lang='grc' dir='ltr'><strong>τά</strong></span> <span class='ocrx_word' id='word_1_288' title='bbox 1335 2285 1628 2388; x_wconf 76' lang='grc' dir='ltr'>ψυχωφελῆ</span> <span class='ocrx_word' id='word_1_289' title='bbox 1678 2336 1737 2371; x_wconf 91' lang='grc' dir='ltr'><strong>τε</strong></span> <span class='ocrx_word' id='word_1_290' title='bbox 1778 2320 1868 2373; x_wconf 78' lang='grc' dir='ltr'>καὶ</span> 
     </span>
    </p>
   </div>
   <div class='ocr_carea' id='block_1_41' title="bbox 295 2403 1869 2485">
    <p class='ocr_par' dir='ltr' id='par_1_41' title="bbox 295 2403 1869 2485">
     <span class='ocr_line' id='line_1_41' title="bbox 295 2403 1869 2485; baseline 0.006 -29"><span class='ocrx_word' id='word_1_291' title='bbox 295 2404 573 2472; x_wconf 78' lang='grc' dir='ltr'>ἀναγκαῖα</span> <span class='ocrx_word' id='word_1_292' title='bbox 604 2404 678 2475; x_wconf 79' lang='grc' dir='ltr'><strong>μὴ</strong></span> <span class='ocrx_word' id='word_1_293' title='bbox 710 2405 992 2475; x_wconf 80' lang='grc' dir='ltr'>ἄπρακτος</span> <span class='ocrx_word' id='word_1_294' title='bbox 1028 2403 1188 2462; x_wconf 77' lang='grc' dir='ltr'>εἶναι.</span> <span class='ocrx_word' id='word_1_295' title='bbox 1237 2408 1323 2485; x_wconf 82' lang='grc' dir='ltr'>Ὡς</span> <span class='ocrx_word' id='word_1_296' title='bbox 1353 2409 1461 2480; x_wconf 83' lang='grc' dir='ltr'>γὰρ</span> <span class='ocrx_word' id='word_1_297' title='bbox 1497 2409 1718 2481; x_wconf 77' lang='grc' dir='ltr'>ἐξεῦρεν</span> <span class='ocrx_word' id='word_1_298' title='bbox 1754 2413 1869 2465; x_wconf 84' lang='grc' dir='ltr'>ἐκεί</span> 
     </span>
    </p>
   </div>
   <div class='ocr_carea' id='block_1_42' title="bbox 295 2496 1868 2569">
    <p class='ocr_par' dir='ltr' id='par_1_42' title="bbox 295 2496 1868 2569">
     <span class='ocr_line' id='line_1_42' title="bbox 295 2496 1868 2569; baseline 0.006 -22"><span class='ocrx_word' id='word_1_299' title='bbox 295 2496 355 2548; x_wconf 87' lang='grc' dir='ltr'><strong>τὸ</strong></span> <span class='ocrx_word' id='word_1_300' title='bbox 382 2496 517 2566; x_wconf 87' lang='grc' dir='ltr'>πρὸς</span> <span class='ocrx_word' id='word_1_301' title='bbox 543 2496 732 2568; x_wconf 83' lang='grc' dir='ltr'>ήδονην</span> <span class='ocrx_word' id='word_1_302' title='bbox 755 2497 787 2567; x_wconf 86' lang='grc' dir='ltr'><strong>ἧ</strong></span> <span class='ocrx_word' id='word_1_303' title='bbox 812 2498 1164 2569; x_wconf 82' lang='grc' dir='ltr'>κατάπληξιν,</span> <span class='ocrx_word' id='word_1_304' title='bbox 1188 2499 1360 2566; x_wconf 79' lang='grc' dir='ltr'>οὕτως</span> <span class='ocrx_word' id='word_1_305' title='bbox 1384 2502 1477 2555; x_wconf 78' lang='grc' dir='ltr'><strong>καὶ</strong></span> <span class='ocrx_word' id='word_1_306' title='bbox 1502 2501 1734 2556; x_wconf 89' lang='grc' dir='ltr'>ἐνταῦθα</span> <span class='ocrx_word' id='word_1_307' title='bbox 1757 2503 1868 2557; x_wconf 84' lang='grc' dir='ltr'><strong>τῶν</strong></span> 
     </span>
    </p>
   </div>
   <div class='ocr_carea' id='block_1_43' title="bbox 294 2587 1867 2664">
    <p class='ocr_par' dir='ltr' id='par_1_43' title="bbox 294 2587 1867 2664">
     <span class='ocr_line' id='line_1_43' title="bbox 294 2587 1867 2664; baseline 0.006 -24"><span class='ocrx_word' id='word_1_308' title='bbox 294 2588 434 2660; x_wconf 87' lang='grc' dir='ltr'>πρὸς</span> <span class='ocrx_word' id='word_1_309' title='bbox 472 2587 569 2659; x_wconf 83' lang='grc' dir='ltr'>τὴν</span> <span class='ocrx_word' id='word_1_310' title='bbox 602 2588 855 2659; x_wconf 84' lang='grc' dir='ltr'>ἀλήθειαν</span> <span class='ocrx_word' id='word_1_311' title='bbox 884 2591 1088 2659; x_wconf 78' lang='grc' dir='ltr'>ἐφόδων</span> <span class='ocrx_word' id='word_1_312' title='bbox 1120 2591 1217 2661; x_wconf 84' lang='grc' dir='ltr'>οὐχ</span> <span class='ocrx_word' id='word_1_313' title='bbox 1258 2592 1653 2664; x_wconf 80' lang='grc' dir='ltr'>ἁμαρτήσεται.</span> <span class='ocrx_word' id='word_1_314' title='bbox 1691 2595 1787 2648; x_wconf 84' lang='grc' dir='ltr'>Ἕν</span> <span class='ocrx_word' id='word_1_315' title='bbox 1809 2594 1867 2649; x_wconf 86' lang='grc' dir='ltr'><strong>δὲ</strong></span> 
     </span>
    </p>
   </div>
   <div class='ocr_carea' id='block_1_44' title="bbox 294 2676 1866 2755">
    <p class='ocr_par' dir='ltr' id='par_1_44' title="bbox 294 2676 1866 2755">
     <span class='ocr_line' id='line_1_44' title="bbox 294 2676 1866 2755; baseline 0.002 -20"><span class='ocrx_word' id='word_1_316' title='bbox 294 2680 405 2735; x_wconf 85' lang='grc' dir='ltr'>τῶν</span> <span class='ocrx_word' id='word_1_317' title='bbox 435 2681 779 2753; x_wconf 79' lang='grc' dir='ltr'>ζητουμένων</span> <span class='ocrx_word' id='word_1_318' title='bbox 806 2676 896 2752; x_wconf 74' lang='grc' dir='ltr'><strong>ἦν,</strong></span> <span class='ocrx_word' id='word_1_319' title='bbox 928 2683 977 2735; x_wconf 89' lang='grc' dir='ltr'><strong>εί</strong></span> <span class='ocrx_word' id='word_1_320' title='bbox 1019 2681 1079 2735; x_wconf 84' lang='grc' dir='ltr'><strong>τὸ</strong></span> <span class='ocrx_word' id='word_1_321' title='bbox 1114 2682 1326 2755; x_wconf 85' lang='grc' dir='ltr'>πρῶτον</span> <span class='ocrx_word' id='word_1_322' title='bbox 1370 2683 1560 2747; x_wconf 84' lang='grc' dir='ltr'>αίτιον,</span> <span class='ocrx_word' id='word_1_323' title='bbox 1602 2685 1633 2738; x_wconf 82' lang='grc' dir='ltr'><strong><em>ὃ</em></strong></span> <span class='ocrx_word' id='word_1_324' title='bbox 1665 2687 1811 2740; x_wconf 84' lang='grc' dir='ltr'>ἐστιν</span> <span class='ocrx_word' id='word_1_325' title='bbox 1837 2686 1866 2738; x_wconf 85' lang='grc' dir='ltr'>ὁ</span> 
     </span>
    </p>
   </div>
   <div class='ocr_carea' id='block_1_45' title="bbox 294 2758 1866 2849">
    <p class='ocr_par' dir='ltr' id='par_1_45' title="bbox 294 2758 1866 2849">
     <span class='ocr_line' id='line_1_45' title="bbox 294 2758 1866 2849; baseline 0.004 -25"><span class='ocrx_word' id='word_1_326' title='bbox 294 2758 447 2834; x_wconf 83' lang='grc' dir='ltr'>Θεὸς.</span> <span class='ocrx_word' id='word_1_327' title='bbox 474 2771 724 2842; x_wconf 78' lang='grc' dir='ltr'>ἀνάρχως</span> <span class='ocrx_word' id='word_1_328' title='bbox 755 2773 922 2839; x_wconf 79' lang='grc' dir='ltr'>ἐστὶν,</span> <span class='ocrx_word' id='word_1_329' title='bbox 962 2769 997 2844; x_wconf 81' lang='grc' dir='ltr'><strong>ή</strong></span> <span class='ocrx_word' id='word_1_330' title='bbox 1030 2791 1174 2837; x_wconf 88' lang='grc' dir='ltr'>τινος</span> <span class='ocrx_word' id='word_1_331' title='bbox 1215 2774 1388 2849; x_wconf 80' lang='grc' dir='ltr'>ἀρχῆς</span> <span class='ocrx_word' id='word_1_332' title='bbox 1417 2773 1721 2846; x_wconf 75' lang='grc' dir='ltr'>ἐξημμένον</span> <span class='ocrx_word' id='word_1_333' title='bbox 1753 2776 1866 2846; x_wconf 79' lang='grc' dir='ltr'>ἔχει</span> 
     </span>
    </p>
   </div>
   <div class='ocr_carea' id='block_1_46' title="bbox 293 2857 1865 2941">
    <p class='ocr_par' dir='ltr' id='par_1_46' title="bbox 293 2857 1865 2941">
     <span class='ocr_line' id='line_1_46' title="bbox 293 2857 1865 2941; baseline 0.005 -25"><span class='ocrx_word' id='word_1_334' title='bbox 293 2858 356 2916; x_wconf 78' lang='grc' dir='ltr'><strong>τὸ</strong></span> <span class='ocrx_word' id='word_1_335' title='bbox 387 2857 547 2916; x_wconf 81' lang='grc' dir='ltr'>εἶναι.</span> <span class='ocrx_word' id='word_1_336' title='bbox 590 2862 997 2928; x_wconf 56' lang='grc' dir='ltr'>Καταλαδὼτες</span> <span class='ocrx_word' id='word_1_337' title='bbox 1030 2864 1088 2918; x_wconf 79' lang='grc' dir='ltr'><strong>δέ</strong></span> <span class='ocrx_word' id='word_1_338' title='bbox 1112 2868 1179 2937; x_wconf 82' lang='grc' dir='ltr'>τῇ</span> <span class='ocrx_word' id='word_1_339' title='bbox 1225 2867 1454 2939; x_wconf 81' lang='grc' dir='ltr'>διανοίᾳ,</span> <span class='ocrx_word' id='word_1_340' title='bbox 1491 2869 1566 2941; x_wconf 83' lang='grc' dir='ltr'><strong>μὴ</strong></span> <span class='ocrx_word' id='word_1_341' title='bbox 1609 2869 1865 2924; x_wconf 85' lang='grc' dir='ltr'>δύνασθαι</span> 
     </span>
    </p>
   </div>
   <div class='ocr_carea' id='block_1_47' title="bbox 295 2947 1866 3039">
    <p class='ocr_par' dir='ltr' id='par_1_47' title="bbox 295 2947 1866 3039">
     <span class='ocr_line' id='line_1_47' title="bbox 295 2947 1866 3039; baseline 0.006 -33"><span class='ocrx_word' id='word_1_342' title='bbox 295 2952 511 3022; x_wconf 84' lang='grc' dir='ltr'>πρῶτον</span> <span class='ocrx_word' id='word_1_343' title='bbox 540 2947 680 3006; x_wconf 80' lang='grc' dir='ltr'>εῖναι</span> <span class='ocrx_word' id='word_1_344' title='bbox 723 2952 784 3033; x_wconf 84' lang='grc' dir='ltr'><strong>τὸ</strong></span> <span class='ocrx_word' id='word_1_345' title='bbox 834 2953 894 3019; x_wconf 80' lang='grc' dir='ltr'>ἐξ</span> <span class='ocrx_word' id='word_1_346' title='bbox 926 2954 1113 3026; x_wconf 85' lang='grc' dir='ltr'>ἐτέρου</span> <span class='ocrx_word' id='word_1_347' title='bbox 1158 2957 1463 3029; x_wconf 86' lang='grc' dir='ltr'>νοούμενον,</span> <span class='ocrx_word' id='word_1_348' title='bbox 1494 2962 1866 3039; x_wconf 73' lang='grc' dir='ltr'>ἐπενοήσαμεν</span> 
     </span>
    </p>
   </div>
   <div class='ocr_carea' id='block_1_48' title="bbox 293 3028 1863 3131">
    <p class='ocr_par' dir='ltr' id='par_1_48' title="bbox 293 3028 1863 3131">
     <span class='ocr_line' id='line_1_48' title="bbox 293 3028 1863 3131; baseline 0.008 -33"><span class='ocrx_word' id='word_1_349' title='bbox 293 3042 469 3116; x_wconf 73' lang='grc' dir='ltr'>δνομα</span> <span class='ocrx_word' id='word_1_350' title='bbox 495 3046 597 3118; x_wconf 82' lang='grc' dir='ltr'>τῆς</span> <span class='ocrx_word' id='word_1_351' title='bbox 619 3028 872 3117; x_wconf 88' lang='grc' dir='ltr'>τοιαύτης</span> <span class='ocrx_word' id='word_1_352' title='bbox 901 3049 1210 3121; x_wconf 83' lang='grc' dir='ltr'>ἐμφατικῆς</span> <span class='ocrx_word' id='word_1_353' title='bbox 1250 3052 1588 3131; x_wconf 64' lang='grc' dir='ltr'>ὑπολήψεως,</span> <span class='ocrx_word' id='word_1_354' title='bbox 1636 3028 1729 3109; x_wconf 81' lang='grc' dir='ltr'><strong>καί</strong></span> <span class='ocrx_word' id='word_1_355' title='bbox 1757 3028 1863 3125; x_wconf 81' lang='grc' dir='ltr'>φα-</span> 
     </span>
    </p>
   </div>
   <div class='ocr_carea' id='block_1_49' title="bbox 297 3139 1865 3221">
    <p class='ocr_par' dir='ltr' id='par_1_49' title="bbox 297 3139 1865 3221">
     <span class='ocr_line' id='line_1_49' title="bbox 297 3139 1865 3221; baseline 0.008 -32"><span class='ocrx_word' id='word_1_356' title='bbox 297 3154 399 3209; x_wconf 84' lang='grc' dir='ltr'><strong>μεν</strong></span> <span class='ocrx_word' id='word_1_357' title='bbox 442 3139 535 3192; x_wconf 89' lang='grc' dir='ltr'><strong>τὸν</strong></span> <span class='ocrx_word' id='word_1_358' title='bbox 588 3139 715 3194; x_wconf 81' lang='grc' dir='ltr'>ἄνευ</span> <span class='ocrx_word' id='word_1_359' title='bbox 757 3140 936 3205; x_wconf 86' lang='grc' dir='ltr'>αίτίας</span> <span class='ocrx_word' id='word_1_360' title='bbox 975 3142 1375 3221; x_wconf 82' lang='grc' dir='ltr'>ὑπερκειμένης</span> <span class='ocrx_word' id='word_1_361' title='bbox 1416 3145 1577 3211; x_wconf 76' lang='grc' dir='ltr'>ὄντα,</span> <span class='ocrx_word' id='word_1_362' title='bbox 1613 3147 1865 3219; x_wconf 84' lang='grc' dir='ltr'>ἀνάρχως</span> 
     </span>
    </p>
   </div>
   <div class='ocr_carea' id='block_1_50' title="bbox 295 3228 1865 3311">
    <p class='ocr_par' dir='ltr' id='par_1_50' title="bbox 295 3228 1865 3311">
     <span class='ocr_line' id='line_1_50' title="bbox 295 3228 1865 3311; baseline 0.008 -30"><span class='ocrx_word' id='word_1_363' title='bbox 295 3229 473 3283; x_wconf 82' lang='grc' dir='ltr'>είτουν</span> <span class='ocrx_word' id='word_1_364' title='bbox 494 3230 806 3303; x_wconf 16' lang='grc' dir='ltr'>νάγεννήτως</span> <span class='ocrx_word' id='word_1_365' title='bbox 830 3228 999 3307; x_wconf 64' lang='grc' dir='ltr'>εἷναιέ</span> <span class='ocrx_word' id='word_1_366' title='bbox 1052 3234 1145 3288; x_wconf 90' lang='grc' dir='ltr'><strong>τὸν</strong></span> <span class='ocrx_word' id='word_1_367' title='bbox 1171 3236 1227 3289; x_wconf 87' lang='grc' dir='ltr'>δὲ</span> <span class='ocrx_word' id='word_1_368' title='bbox 1256 3234 1426 3301; x_wconf 78' lang='grc' dir='ltr'>οὕτως</span> <span class='ocrx_word' id='word_1_369' title='bbox 1455 3238 1607 3306; x_wconf 77' lang='grc' dir='ltr'>ὄντα,</span> <span class='ocrx_word' id='word_1_370' title='bbox 1637 3240 1865 3311; x_wconf 86' lang='grc' dir='ltr'>ἀγέννη-</span> 
     </span>
    </p>
   </div>
   <div class='ocr_carea' id='block_1_51' title="bbox 294 3320 1865 3397">
    <p class='ocr_par' dir='ltr' id='par_1_51' title="bbox 294 3320 1865 3397">
     <span class='ocr_line' id='line_1_51' title="bbox 294 3320 1865 3397; baseline 0.01 -26"><span class='ocrx_word' id='word_1_371' title='bbox 294 3336 387 3373; x_wconf 86' lang='grc' dir='ltr'><strong>τον</strong></span> <span class='ocrx_word' id='word_1_372' title='bbox 416 3320 511 3374; x_wconf 78' lang='grc' dir='ltr'>καὶ</span> <span class='ocrx_word' id='word_1_373' title='bbox 556 3320 786 3391; x_wconf 80' lang='grc' dir='ltr'>ἄναρχον</span> <span class='ocrx_word' id='word_1_374' title='bbox 817 3322 1197 3397; x_wconf 85' lang='grc' dir='ltr'>ὠνομάσαμεν,</span> <span class='ocrx_word' id='word_1_375' title='bbox 1242 3328 1304 3380; x_wconf 80' lang='grc' dir='ltr'><strong>οὐ</strong></span> <span class='ocrx_word' id='word_1_376' title='bbox 1353 3327 1407 3381; x_wconf 88' lang='grc' dir='ltr'><strong>τί</strong></span> <span class='ocrx_word' id='word_1_377' title='bbox 1434 3320 1602 3395; x_wconf 76' lang='grc' dir='ltr'>ἐστιν,</span> <span class='ocrx_word' id='word_1_378' title='bbox 1649 3330 1785 3386; x_wconf 83' lang='grc' dir='ltr'>ἀλλὰ</span> <span class='ocrx_word' id='word_1_379' title='bbox 1812 3334 1865 3387; x_wconf 91' lang='grc' dir='ltr'><strong>τί</strong></span> 
     </span>
    </p>
   </div>
   <div class='ocr_carea' id='block_1_52' title="bbox 294 3411 1865 3492">
    <p class='ocr_par' dir='ltr' id='par_1_52' title="bbox 294 3411 1865 3492">
     <span class='ocr_line' id='line_1_52' title="bbox 294 3411 1865 3492; baseline 0.008 -28"><span class='ocrx_word' id='word_1_380' title='bbox 294 3412 395 3487; x_wconf 87' lang='grc' dir='ltr'><strong>οὐκ</strong></span> <span class='ocrx_word' id='word_1_381' title='bbox 420 3411 589 3479; x_wconf 72' lang='grc' dir='ltr'>ἐστιν,</span> <span class='ocrx_word' id='word_1_382' title='bbox 615 3412 704 3467; x_wconf 82' lang='grc' dir='ltr'>διὰ</span> <span class='ocrx_word' id='word_1_383' title='bbox 726 3415 819 3469; x_wconf 89' lang='grc' dir='ltr'><strong>τοῦ</strong></span> <span class='ocrx_word' id='word_1_384' title='bbox 846 3415 1111 3489; x_wconf 85' lang='grc' dir='ltr'>ὀνόματος</span> <span class='ocrx_word' id='word_1_385' title='bbox 1141 3418 1556 3492; x_wconf 88' lang='grc' dir='ltr'>ἐνδεικνύμενοι.</span> <span class='ocrx_word' id='word_1_386' title='bbox 1598 3423 1684 3486; x_wconf 86' lang='grc' dir='ltr'>Ὠς</span> <span class='ocrx_word' id='word_1_387' title='bbox 1723 3424 1768 3477; x_wconf 80' lang='grc' dir='ltr'>δ’</span> <span class='ocrx_word' id='word_1_388' title='bbox 1800 3424 1865 3479; x_wconf 87' lang='grc' dir='ltr'>ἂν</span> 
     </span>
    </p>
   </div>
   <div class='ocr_carea' id='block_1_53' title="bbox 299 3486 1867 3586">
    <p class='ocr_par' dir='ltr' id='par_1_53' title="bbox 299 3486 1867 3586">
     <span class='ocr_line' id='line_1_53' title="bbox 299 3486 1867 3586; baseline 0.008 -29"><span class='ocrx_word' id='word_1_389' title='bbox 299 3486 534 3574; x_wconf 83' lang='grc' dir='ltr'>μάλιστα</span> <span class='ocrx_word' id='word_1_390' title='bbox 560 3504 869 3576; x_wconf 85' lang='grc' dir='ltr'>καταφανὲς</span> <span class='ocrx_word' id='word_1_391' title='bbox 902 3486 963 3561; x_wconf 84' lang='grc' dir='ltr'><strong>τὸ</strong></span> <span class='ocrx_word' id='word_1_392' title='bbox 989 3508 1157 3580; x_wconf 74' lang='grc' dir='ltr'>ὄνομα</span> <span class='ocrx_word' id='word_1_393' title='bbox 1182 3486 1410 3579; x_wconf 68' lang='grc' dir='ltr'>γένοιτο,</span> <span class='ocrx_word' id='word_1_394' title='bbox 1448 3512 1518 3565; x_wconf 85' lang='grc' dir='ltr'>δι’</span> <span class='ocrx_word' id='word_1_395' title='bbox 1547 3513 1867 3586; x_wconf 88' lang='grc' dir='ltr'>ὑποδείγμα-</span> 
     </span>
    </p>
   </div>
   <div class='ocr_carea' id='block_1_54' title="bbox 295 3597 1867 3675">
    <p class='ocr_par' dir='ltr' id='par_1_54' title="bbox 295 3597 1867 3675">
     <span class='ocr_line' id='line_1_54' title="bbox 295 3597 1867 3675; baseline 0.008 -26"><span class='ocrx_word' id='word_1_396' title='bbox 295 3612 387 3659; x_wconf 90' lang='grc' dir='ltr'><strong>τος</strong></span> <span class='ocrx_word' id='word_1_397' title='bbox 411 3597 799 3669; x_wconf 77' lang='grc' dir='ltr'>ἐναργεστέρου</span> <span class='ocrx_word' id='word_1_398' title='bbox 833 3600 1183 3671; x_wconf 85' lang='grc' dir='ltr'>παραστῆσαι</span> <span class='ocrx_word' id='word_1_399' title='bbox 1231 3603 1581 3675; x_wconf 83' lang='grc' dir='ltr'>πειράσομαι.</span> <span class='ocrx_word' id='word_1_400' title='bbox 1624 3606 1867 3662; x_wconf 83' lang='grc' dir='ltr'>Δεδόσθω</span> 
     </span>
    </p>
   </div>
   <div class='ocr_carea' id='block_1_55' title="bbox 296 3687 1866 3766">
    <p class='ocr_par' dir='ltr' id='par_1_55' title="bbox 296 3687 1866 3766">
     <span class='ocr_line' id='line_1_55' title="bbox 296 3687 1866 3766; baseline 0.008 -25"><span class='ocrx_word' id='word_1_401' title='bbox 296 3687 426 3759; x_wconf 76' lang='grc' dir='ltr'>περὶ</span> <span class='ocrx_word' id='word_1_402' title='bbox 449 3688 663 3763; x_wconf 81' lang='grc' dir='ltr'>δένδρου</span> <span class='ocrx_word' id='word_1_403' title='bbox 688 3691 832 3755; x_wconf 81' lang='grc' dir='ltr'>τινὸς</span> <span class='ocrx_word' id='word_1_404' title='bbox 867 3688 1006 3747; x_wconf 82' lang='grc' dir='ltr'>εἶναι</span> <span class='ocrx_word' id='word_1_405' title='bbox 1047 3693 1146 3764; x_wconf 77' lang='grc' dir='ltr'>τὴν</span> <span class='ocrx_word' id='word_1_406' title='bbox 1174 3693 1419 3765; x_wconf 81' lang='grc' dir='ltr'>ζήτησιν,</span> <span class='ocrx_word' id='word_1_407' title='bbox 1454 3698 1563 3749; x_wconf 82' lang='grc' dir='ltr'>είτε</span> <span class='ocrx_word' id='word_1_408' title='bbox 1608 3699 1866 3766; x_wconf 83' lang='grc' dir='ltr'>φυτευτόν</span> 
     </span>
    </p>
   </div>
   <div class='ocr_carea' id='block_1_56' title="bbox 295 3781 1868 3859">
    <p class='ocr_par' dir='ltr' id='par_1_56' title="bbox 295 3781 1868 3859">
     <span class='ocr_line' id='line_1_56' title="bbox 295 3781 1868 3859; baseline 0.007 -24"><span class='ocrx_word' id='word_1_409' title='bbox 295 3781 465 3849; x_wconf 75' lang='grc' dir='ltr'>ἐστιν,</span> <span class='ocrx_word' id='word_1_410' title='bbox 492 3781 525 3854; x_wconf 76' lang='grc' dir='ltr'>ἦ</span> <span class='ocrx_word' id='word_1_411' title='bbox 551 3783 870 3855; x_wconf 83' lang='grc' dir='ltr'>αὐτομάτως</span> <span class='ocrx_word' id='word_1_412' title='bbox 892 3785 1197 3856; x_wconf 85' lang='grc' dir='ltr'>γενόμενον.</span> <span class='ocrx_word' id='word_1_413' title='bbox 1230 3788 1292 3840; x_wconf 73' lang='lat' dir='ltr'><strong>Et</strong></span> <span class='ocrx_word' id='word_1_414' title='bbox 1320 3787 1419 3859; x_wconf 87' lang='grc' dir='ltr'><strong>μὲν</strong></span> <span class='ocrx_word' id='word_1_415' title='bbox 1442 3783 1533 3842; x_wconf 84' lang='grc' dir='ltr'><strong>οῦν</strong></span> <span class='ocrx_word' id='word_1_416' title='bbox 1560 3789 1624 3842; x_wconf 83' lang='grc' dir='ltr'><strong>ἐκ</strong></span> <span class='ocrx_word' id='word_1_417' title='bbox 1644 3790 1868 3859; x_wconf 82' lang='grc' dir='ltr'>φυτείας</span> 
     </span>
    </p>
   </div>
   <div class='ocr_carea' id='block_1_57' title="bbox 295 3873 1866 3952">
    <p class='ocr_par' dir='ltr' id='par_1_57' title="bbox 295 3873 1866 3952">
     <span class='ocr_line' id='line_1_57' title="bbox 295 3873 1866 3952; baseline 0.006 -25"><span class='ocrx_word' id='word_1_418' title='bbox 295 3873 405 3945; x_wconf 80' lang='grc' dir='ltr'>είη,</span> <span class='ocrx_word' id='word_1_419' title='bbox 432 3875 692 3943; x_wconf 75' lang='grc' dir='ltr'>φυτευτὸν</span> <span class='ocrx_word' id='word_1_420' title='bbox 723 3876 941 3939; x_wconf 87' lang='grc' dir='ltr'>πάντως</span> <span class='ocrx_word' id='word_1_421' title='bbox 975 3877 1347 3948; x_wconf 78' lang='grc' dir='ltr'>προσεροῦμεν</span> <span class='ocrx_word' id='word_1_422' title='bbox 1365 3876 1427 3933; x_wconf 86' lang='grc' dir='ltr'><strong>τὸ</strong></span> <span class='ocrx_word' id='word_1_423' title='bbox 1458 3879 1693 3952; x_wconf 81' lang='grc' dir='ltr'>δένδρον,</span> <span class='ocrx_word' id='word_1_424' title='bbox 1724 3884 1772 3936; x_wconf 88' lang='grc' dir='ltr'><strong>εί</strong></span> <span class='ocrx_word' id='word_1_425' title='bbox 1809 3883 1866 3937; x_wconf 83' lang='grc' dir='ltr'>δὲ</span> 
     </span>
    </p>
   </div>
   <div class='ocr_carea' id='block_1_58' title="bbox 296 3965 1868 4045">
    <p class='ocr_par' dir='ltr' id='par_1_58' title="bbox 296 3965 1868 4045">
     <span class='ocr_line' id='line_1_58' title="bbox 296 3965 1868 4045; baseline 0.007 -27"><span class='ocrx_word' id='word_1_426' title='bbox 296 3965 637 4035; x_wconf 79' lang='grc' dir='ltr'>αὐτομάτως,</span> <span class='ocrx_word' id='word_1_427' title='bbox 688 3968 990 4037; x_wconf 85' lang='grc' dir='ltr'>ἀφύτευτον</span> <span class='ocrx_word' id='word_1_428' title='bbox 1020 3986 1035 4000; x_wconf 76' lang='grc' dir='ltr'><strong>ο</strong></span> <span class='ocrx_word' id='word_1_429' title='bbox 1091 3969 1154 4023; x_wconf 82' lang='grc' dir='ltr'><strong>τὸ</strong></span> <span class='ocrx_word' id='word_1_430' title='bbox 1189 3969 1252 4042; x_wconf 85' lang='grc' dir='ltr'>δὴ</span> <span class='ocrx_word' id='word_1_431' title='bbox 1284 3970 1523 4027; x_wconf 86' lang='grc' dir='ltr'>τοιοῦτον</span> <span class='ocrx_word' id='word_1_432' title='bbox 1564 3973 1732 4045; x_wconf 72' lang='grc' dir='ltr'>ὄνομα</span> <span class='ocrx_word' id='word_1_433' title='bbox 1774 3976 1868 4029; x_wconf 69' lang='grc' dir='ltr'><strong>καὶ</strong></span> 
     </span>
    </p>
   </div>
   <div class='ocr_carea' id='block_1_59' title="bbox 294 4056 1868 4137">
    <p class='ocr_par' dir='ltr' id='par_1_59' title="bbox 294 4056 1868 4137">
     <span class='ocr_line' id='line_1_59' title="bbox 294 4056 1868 4137; baseline 0.008 -28"><span class='ocrx_word' id='word_1_434' title='bbox 294 4056 395 4127; x_wconf 83' lang='grc' dir='ltr'>τῆς</span> <span class='ocrx_word' id='word_1_435' title='bbox 421 4057 679 4127; x_wconf 77' lang='grc' dir='ltr'>ἀληθείας</span> <span class='ocrx_word' id='word_1_436' title='bbox 720 4059 780 4111; x_wconf 85' lang='grc' dir='ltr'><strong>οὐ</strong></span> <span class='ocrx_word' id='word_1_437' title='bbox 806 4058 1206 4130; x_wconf 82' lang='grc' dir='ltr'>διασφάλλεται.</span> <span class='ocrx_word' id='word_1_438' title='bbox 1253 4063 1473 4127; x_wconf 88' lang='grc' dir='ltr'>Πάντως</span> <span class='ocrx_word' id='word_1_439' title='bbox 1504 4064 1667 4137; x_wconf 84' lang='grc' dir='ltr'>γάρῆ</span> <span class='ocrx_word' id='word_1_440' title='bbox 1695 4066 1868 4131; x_wconf 83' lang='grc' dir='ltr'>οὑτως</span> 
     </span>
    </p>
   </div>
   <div class='ocr_carea' id='block_1_60' title="bbox 296 4143 1868 4229">
    <p class='ocr_par' dir='ltr' id='par_1_60' title="bbox 296 4143 1868 4229">
     <span class='ocr_line' id='line_1_60' title="bbox 296 4143 1868 4229; baseline 0.008 -29"><span class='ocrx_word' id='word_1_441' title='bbox 296 4147 331 4219; x_wconf 72' lang='grc' dir='ltr'><strong>ἢ</strong></span> <span class='ocrx_word' id='word_1_442' title='bbox 362 4143 565 4221; x_wconf 74' lang='grc' dir='ltr'>ἑτέρως</span> <span class='ocrx_word' id='word_1_443' title='bbox 610 4150 762 4205; x_wconf 77' lang='grc' dir='ltr'>ἔσται</span> <span class='ocrx_word' id='word_1_444' title='bbox 797 4151 858 4205; x_wconf 88' lang='grc' dir='ltr'><strong>τὸ</strong></span> <span class='ocrx_word' id='word_1_445' title='bbox 888 4152 1121 4225; x_wconf 83' lang='grc' dir='ltr'>δένδρον,</span> <span class='ocrx_word' id='word_1_446' title='bbox 1164 4156 1257 4209; x_wconf 74' lang='grc' dir='ltr'><strong>καὶ</strong></span> <span class='ocrx_word' id='word_1_447' title='bbox 1282 4155 1375 4209; x_wconf 87' lang='grc' dir='ltr'><strong>τοῦ</strong></span> <span class='ocrx_word' id='word_1_448' title='bbox 1407 4157 1575 4227; x_wconf 81' lang='grc' dir='ltr'>φυτοῦ</span> <span class='ocrx_word' id='word_1_449' title='bbox 1605 4158 1705 4229; x_wconf 86' lang='grc' dir='ltr'>τὴν</span> <span class='ocrx_word' id='word_1_450' title='bbox 1736 4159 1868 4212; x_wconf 83' lang='grc' dir='ltr'>ίδιά-</span> 
     </span>
    </p>
   </div>
   <div class='ocr_carea' id='block_1_61' title="bbox 296 4239 1868 4321">
    <p class='ocr_par' dir='ltr' id='par_1_61' title="bbox 296 4239 1868 4321">
     <span class='ocr_line' id='line_1_61' title="bbox 296 4239 1868 4321; baseline 0.006 -29"><span class='ocrx_word' id='word_1_451' title='bbox 296 4239 493 4306; x_wconf 80' lang='grc' dir='ltr'>ζουσαν</span> <span class='ocrx_word' id='word_1_452' title='bbox 540 4240 639 4295; x_wconf 89' lang='grc' dir='ltr'><strong>οὐκ</strong></span> <span class='ocrx_word' id='word_1_453' title='bbox 682 4242 1010 4297; x_wconf 81' lang='grc' dir='ltr'>ἐνδείκνυται</span> <span class='ocrx_word' id='word_1_454' title='bbox 1057 4245 1238 4314; x_wconf 87' lang='grc' dir='ltr'>φύσιν.</span> <span class='ocrx_word' id='word_1_455' title='bbox 1291 4247 1365 4301; x_wconf 86' lang='grc' dir='ltr'>Τὸ</span> <span class='ocrx_word' id='word_1_456' title='bbox 1417 4251 1516 4320; x_wconf 90' lang='grc' dir='ltr'><strong>μέν</strong></span> <span class='ocrx_word' id='word_1_457' title='bbox 1563 4250 1672 4321; x_wconf 83' lang='grc' dir='ltr'><strong>γάρ</strong></span> <span class='ocrx_word' id='word_1_458' title='bbox 1709 4251 1868 4303; x_wconf 87' lang='grc' dir='ltr'>αὐτο-</span> 
     </span>
    </p>
   </div>
   <div class='ocr_carea' id='block_1_62' title="bbox 297 4329 1869 4409">
    <p class='ocr_par' dir='ltr' id='par_1_62' title="bbox 297 4329 1869 4409">
     <span class='ocr_line' id='line_1_62' title="bbox 297 4329 1869 4409; baseline 0.005 -23"><span class='ocrx_word' id='word_1_459' title='bbox 297 4332 449 4402; x_wconf 84' lang='grc' dir='ltr'>φυῶς</span> <span class='ocrx_word' id='word_1_460' title='bbox 478 4329 637 4398; x_wconf 82' lang='grc' dir='ltr'>εἶναι,</span> <span class='ocrx_word' id='word_1_461' title='bbox 659 4331 746 4386; x_wconf 81' lang='grc' dir='ltr'>διὰ</span> <span class='ocrx_word' id='word_1_462' title='bbox 772 4332 866 4388; x_wconf 89' lang='grc' dir='ltr'><strong>τοῦ</strong></span> <span class='ocrx_word' id='word_1_463' title='bbox 898 4336 1200 4404; x_wconf 86' lang='grc' dir='ltr'>ἀφυτεύτου</span> <span class='ocrx_word' id='word_1_464' title='bbox 1234 4338 1511 4409; x_wconf 82' lang='grc' dir='ltr'>ἐμάθομεν</span> <span class='ocrx_word' id='word_1_465' title='bbox 1531 4357 1544 4370; x_wconf 85' lang='grc'><strong>·</strong></span> <span class='ocrx_word' id='word_1_466' title='bbox 1578 4340 1629 4393; x_wconf 86' lang='grc' dir='ltr'><strong>εί</strong></span> <span class='ocrx_word' id='word_1_467' title='bbox 1654 4339 1710 4394; x_wconf 85' lang='grc' dir='ltr'><strong>δέ</strong></span> <span class='ocrx_word' id='word_1_468' title='bbox 1738 4339 1869 4394; x_wconf 87' lang='grc' dir='ltr'><strong>πλά-</strong></span> 
     </span>
    </p>
   </div>
   <div class='ocr_carea' id='block_1_63' title="bbox 296 4424 1866 4500">
    <p class='ocr_par' dir='ltr' id='par_1_63' title="bbox 296 4424 1866 4500">
     <span class='ocr_line' id='line_1_63' title="bbox 296 4424 1866 4500; baseline 0.006 -23"><span class='ocrx_word' id='word_1_469' title='bbox 296 4440 476 4489; x_wconf 77' lang='grc' dir='ltr'>τανος,</span> <span class='ocrx_word' id='word_1_470' title='bbox 502 4424 536 4495; x_wconf 78' lang='grc' dir='ltr'>ἢ</span> <span class='ocrx_word' id='word_1_471' title='bbox 563 4424 825 4495; x_wconf 76' lang='grc' dir='ltr'>ἄμπελος,</span> <span class='ocrx_word' id='word_1_472' title='bbox 847 4425 881 4496; x_wconf 80' lang='grc' dir='ltr'><strong>ἢ</strong></span> <span class='ocrx_word' id='word_1_473' title='bbox 903 4426 1031 4481; x_wconf 82' lang='grc' dir='ltr'>ἀλλο</span> <span class='ocrx_word' id='word_1_474' title='bbox 1050 4446 1102 4481; x_wconf 89' lang='grc' dir='ltr'><strong>τι</strong></span> <span class='ocrx_word' id='word_1_475' title='bbox 1130 4428 1240 4484; x_wconf 83' lang='grc' dir='ltr'><strong>τῶν</strong></span> <span class='ocrx_word' id='word_1_476' title='bbox 1262 4430 1515 4485; x_wconf 89' lang='grc' dir='ltr'>τοιούτων</span> <span class='ocrx_word' id='word_1_477' title='bbox 1547 4431 1726 4500; x_wconf 86' lang='grc' dir='ltr'>φυτῶν</span> <span class='ocrx_word' id='word_1_478' title='bbox 1752 4434 1866 4487; x_wconf 88' lang='grc' dir='ltr'>ἐστι</span> 
     </span>
    </p>
   </div>
   <div class='ocr_carea' id='block_1_64' title="bbox 1971 1951 3518 2047">
    <p class='ocr_par' dir='ltr' id='par_1_64' title="bbox 1971 1951 3518 2047">
     <span class='ocr_line' id='line_1_64' title="bbox 1971 1951 3518 2047; baseline 0.018 -43"><span class='ocrx_word' id='word_1_479' title='bbox 1971 1951 2097 2020; x_wconf 91' lang='lat' dir='ltr'><strong>quis</strong></span> <span class='ocrx_word' id='word_1_480' title='bbox 2121 1953 2216 2008; x_wconf 88' lang='lat' dir='ltr'><strong>tali</strong></span> <span class='ocrx_word' id='word_1_481' title='bbox 2243 1953 2571 2026; x_wconf 86' lang='lat' dir='ltr'><strong>impulsione</strong></span> <span class='ocrx_word' id='word_1_482' title='bbox 2597 1961 2661 2016; x_wconf 90' lang='lat' dir='ltr'><strong>ad</strong></span> <span class='ocrx_word' id='word_1_483' title='bbox 2685 1977 2748 2017; x_wconf 89' lang='lat' dir='ltr'><strong>ea</strong></span> <span class='ocrx_word' id='word_1_484' title='bbox 2777 1979 2900 2034; x_wconf 64' lang='lat' dir='ltr'><strong>quae</strong></span> <span class='ocrx_word' id='word_1_485' title='bbox 2925 1983 3030 2022; x_wconf 90' lang='lat' dir='ltr'><strong>non</strong></span> <span class='ocrx_word' id='word_1_486' title='bbox 3052 1951 3209 2026; x_wconf 79' lang='lat' dir='ltr'><strong>decet</strong></span> <span class='ocrx_word' id='word_1_487' title='bbox 3233 1951 3309 2027; x_wconf 78' lang='lat' dir='ltr'><strong>uti</strong></span> <span class='ocrx_word' id='word_1_488' title='bbox 3346 1978 3518 2047; x_wconf 79' lang='lat' dir='ltr'><strong>possit</strong></span> 
     </span>
    </p>
   </div>
   <div class='ocr_carea' id='block_1_65' title="bbox 1970 2045 3540 2128">
    <p class='ocr_par' dir='ltr' id='par_1_65' title="bbox 1970 2045 3540 2128">
     <span class='ocr_line' id='line_1_65' title="bbox 1970 2045 3540 2128; baseline 0.019 -35"><span class='ocrx_word' id='word_1_489' title='bbox 1970 2053 2147 2112; x_wconf 84' lang='lat' dir='ltr'><strong>neque</strong></span> <span class='ocrx_word' id='word_1_490' title='bbox 2187 2045 2312 2115; x_wconf 92' lang='lat' dir='ltr'><strong>quis</strong></span> <span class='ocrx_word' id='word_1_491' title='bbox 2353 2046 2572 2113; x_wconf 76' lang='lat' dir='ltr'><strong>dixerit,</strong></span> <span class='ocrx_word' id='word_1_492' title='bbox 2623 2061 2831 2109; x_wconf 90' lang='lat' dir='ltr'><strong>certum</strong></span> <span class='ocrx_word' id='word_1_493' title='bbox 2866 2071 3245 2128; x_wconf 74' lang='lat' dir='ltr'><strong>argumentum</strong></span> <span class='ocrx_word' id='word_1_494' title='bbox 3280 2045 3540 2122; x_wconf 23' lang='lat' dir='ltr'><strong>etvindu-</strong></span> 
     </span>
    </p>
   </div>
   <div class='ocr_carea' id='block_1_66' title="bbox 1969 2132 3539 2214">
    <p class='ocr_par' dir='ltr' id='par_1_66' title="bbox 1969 2132 3539 2214">
     <span class='ocr_line' id='line_1_66' title="bbox 1969 2132 3539 2214; baseline 0.018 -29"><span class='ocrx_word' id='word_1_495' title='bbox 1969 2132 2198 2188; x_wconf 89' lang='lat' dir='ltr'><strong>bitatum</strong></span> <span class='ocrx_word' id='word_1_496' title='bbox 2221 2135 2435 2206; x_wconf 89' lang='lat' dir='ltr'><strong>signum</strong></span> <span class='ocrx_word' id='word_1_497' title='bbox 2461 2155 2583 2197; x_wconf 85' lang='lat' dir='ltr'><strong>esse</strong></span> <span class='ocrx_word' id='word_1_498' title='bbox 2611 2145 2756 2213; x_wconf 85' lang='lat' dir='ltr'><strong>quod</strong></span> <span class='ocrx_word' id='word_1_499' title='bbox 2787 2147 2982 2204; x_wconf 89' lang='lat' dir='ltr'><strong>electio</strong></span> <span class='ocrx_word' id='word_1_500' title='bbox 3008 2152 3213 2209; x_wconf 90' lang='lat' dir='ltr'><strong>nullum</strong></span> <span class='ocrx_word' id='word_1_501' title='bbox 3243 2156 3310 2211; x_wconf 86' lang='lat' dir='ltr'><strong>ad</strong></span> <span class='ocrx_word' id='word_1_502' title='bbox 3339 2158 3539 2214; x_wconf 90' lang='lat' dir='ltr'><strong>bonum</strong></span> 
     </span>
    </p>
   </div>
   <div class='ocr_carea' id='block_1_67' title="bbox 1969 2228 3542 2306">
    <p class='ocr_par' dir='ltr' id='par_1_67' title="bbox 1969 2228 3542 2306">
     <span class='ocr_line' id='line_1_67' title="bbox 1969 2228 3542 2306; baseline 0.019 -31"><span class='ocrx_word' id='word_1_503' title='bbox 1969 2232 2178 2295; x_wconf 78' lang='lat' dir='ltr'><strong>vergat,</strong></span> <span class='ocrx_word' id='word_1_504' title='bbox 2206 2228 2333 2297; x_wconf 87' lang='lat' dir='ltr'><strong>quia</strong></span> <span class='ocrx_word' id='word_1_505' title='bbox 2367 2230 2433 2284; x_wconf 86' lang='lat' dir='ltr'><strong>ad</strong></span> <span class='ocrx_word' id='word_1_506' title='bbox 2469 2232 2611 2287; x_wconf 88' lang='lat' dir='ltr'><strong>mala</strong></span> <span class='ocrx_word' id='word_1_507' title='bbox 2639 2235 2934 2306; x_wconf 85' lang='lat' dir='ltr'><strong>aliquando</strong></span> <span class='ocrx_word' id='word_1_508' title='bbox 2980 2253 3313 2301; x_wconf 87' lang='lat' dir='ltr'><strong>momentum</strong></span> <span class='ocrx_word' id='word_1_509' title='bbox 3346 2249 3542 2306; x_wconf 71' lang='lat' dir='ltr'><strong>habeat</strong></span> 
     </span>
    </p>
   </div>
   <div class='ocr_carea' id='block_1_68' title="bbox 1967 2315 3542 2397">
    <p class='ocr_par' dir='ltr' id='par_1_68' title="bbox 1967 2315 3542 2397">
     <span class='ocr_line' id='line_1_68' title="bbox 1967 2315 3542 2397; baseline 0.017 -27"><span class='ocrx_word' id='word_1_510' title='bbox 1967 2323 2021 2370; x_wconf 89' lang='lat' dir='ltr'><strong>et</strong></span> <span class='ocrx_word' id='word_1_511' title='bbox 2050 2315 2322 2374; x_wconf 88' lang='lat' dir='ltr'><strong>declinet:</strong></span> <span class='ocrx_word' id='word_1_512' title='bbox 2350 2321 2428 2375; x_wconf 91' lang='lat' dir='ltr'><strong>sic</strong></span> <span class='ocrx_word' id='word_1_513' title='bbox 2458 2322 2618 2379; x_wconf 89' lang='lat' dir='ltr'><strong>etiam</strong></span> <span class='ocrx_word' id='word_1_514' title='bbox 2663 2326 2791 2381; x_wconf 87' lang='lat' dir='ltr'><strong>licet</strong></span> <span class='ocrx_word' id='word_1_515' title='bbox 2829 2330 2896 2382; x_wconf 89' lang='lat' dir='ltr'><strong>ad</strong></span> <span class='ocrx_word' id='word_1_516' title='bbox 2939 2331 3119 2388; x_wconf 83' lang='lat' dir='ltr'><strong>inania</strong></span> <span class='ocrx_word' id='word_1_517' title='bbox 3154 2344 3207 2390; x_wconf 89' lang='lat' dir='ltr'><strong>et</strong></span> <span class='ocrx_word' id='word_1_518' title='bbox 3244 2338 3416 2393; x_wconf 88' lang='lat' dir='ltr'><strong>futilia</strong></span> <span class='ocrx_word' id='word_1_519' title='bbox 3457 2345 3542 2397; x_wconf 85' lang='lat' dir='ltr'><strong>in-</strong></span> 
     </span>
    </p>
   </div>
   <div class='ocr_carea' id='block_1_69' title="bbox 1968 2407 3539 2487">
    <p class='ocr_par' dir='ltr' id='par_1_69' title="bbox 1968 2407 3539 2487">
     <span class='ocr_line' id='line_1_69' title="bbox 1968 2407 3539 2487; baseline 0.016 -25"><span class='ocrx_word' id='word_1_520' title='bbox 1968 2407 2110 2477; x_wconf 82' lang='lat' dir='ltr'><strong>genii</strong></span> <span class='ocrx_word' id='word_1_521' title='bbox 2154 2410 2374 2466; x_wconf 86' lang='lat' dir='ltr'><strong>solertia</strong></span> <span class='ocrx_word' id='word_1_522' title='bbox 2415 2425 2718 2478; x_wconf 87' lang='lat' dir='ltr'><strong>moveatur.</strong></span> <span class='ocrx_word' id='word_1_523' title='bbox 2766 2420 2890 2475; x_wconf 90' lang='lat' dir='ltr'><strong>inde</strong></span> <span class='ocrx_word' id='word_1_524' title='bbox 2938 2430 3115 2479; x_wconf 89' lang='lat' dir='ltr'><strong>tamen</strong></span> <span class='ocrx_word' id='word_1_525' title='bbox 3149 2433 3393 2486; x_wconf 84' lang='lat' dir='ltr'><strong>accusari</strong></span> <span class='ocrx_word' id='word_1_526' title='bbox 3432 2449 3539 2487; x_wconf 92' lang='lat' dir='ltr'><strong>non</strong></span> 
     </span>
    </p>
   </div>
   <div class='ocr_carea' id='block_1_70' title="bbox 1967 2497 3539 2585">
    <p class='ocr_par' dir='ltr' id='par_1_70' title="bbox 1967 2497 3539 2585">
     <span class='ocr_line' id='line_1_70' title="bbox 1967 2497 3539 2585; baseline 0.016 -34"><span class='ocrx_word' id='word_1_527' title='bbox 1967 2497 2128 2554; x_wconf 88' lang='lat' dir='ltr'><strong>debet</strong></span> <span class='ocrx_word' id='word_1_528' title='bbox 2171 2499 2507 2570; x_wconf 63' lang='lat' dir='ltr'><strong>impotentia</strong></span> <span class='ocrx_word' id='word_1_529' title='bbox 2553 2505 2620 2561; x_wconf 88' lang='lat' dir='ltr'><strong>ad</strong></span> <span class='ocrx_word' id='word_1_530' title='bbox 2675 2507 2730 2563; x_wconf 88' lang='lat' dir='ltr'><strong>id</strong></span> <span class='ocrx_word' id='word_1_531' title='bbox 2764 2510 2908 2579; x_wconf 92' lang='lat' dir='ltr'><strong>quod</strong></span> <span class='ocrx_word' id='word_1_532' title='bbox 2946 2514 3077 2568; x_wconf 90' lang='lat' dir='ltr'><strong>utile</strong></span> <span class='ocrx_word' id='word_1_533' title='bbox 3111 2525 3195 2571; x_wconf 89' lang='lat' dir='ltr'><strong>est</strong></span> <span class='ocrx_word' id='word_1_534' title='bbox 3232 2527 3285 2574; x_wconf 86' lang='lat' dir='ltr'><strong>et</strong></span> <span class='ocrx_word' id='word_1_535' title='bbox 3314 2520 3539 2585; x_wconf 85' lang='lat' dir='ltr'><strong>bonum,</strong></span> 
     </span>
    </p>
   </div>
   <div class='ocr_carea' id='block_1_71' title="bbox 1968 2589 3540 2676">
    <p class='ocr_par' dir='ltr' id='par_1_71' title="bbox 1968 2589 3540 2676">
     <span class='ocr_line' id='line_1_71' title="bbox 1968 2589 3540 2676; baseline 0.015 -32"><span class='ocrx_word' id='word_1_536' title='bbox 1968 2589 2080 2676; x_wconf 82' lang='lat' dir='ltr'><strong>imo</strong></span> <span class='ocrx_word' id='word_1_537' title='bbox 2111 2606 2243 2647; x_wconf 91' lang='lat' dir='ltr'><strong>vero</strong></span> <span class='ocrx_word' id='word_1_538' title='bbox 2304 2594 2359 2648; x_wconf 91' lang='lat' dir='ltr'><strong>id</strong></span> <span class='ocrx_word' id='word_1_539' title='bbox 2403 2603 2587 2665; x_wconf 90' lang='lat' dir='ltr'><strong>aperte</strong></span> <span class='ocrx_word' id='word_1_540' title='bbox 2632 2598 2991 2667; x_wconf 87' lang='lat' dir='ltr'><strong>demonstrat,</strong></span> <span class='ocrx_word' id='word_1_541' title='bbox 3033 2607 3177 2676; x_wconf 89' lang='lat' dir='ltr'><strong>quod</strong></span> <span class='ocrx_word' id='word_1_542' title='bbox 3227 2609 3340 2665; x_wconf 62' lang='lat' dir='ltr'><strong>haec</strong></span> <span class='ocrx_word' id='word_1_543' title='bbox 3377 2613 3445 2665; x_wconf 92' lang='lat' dir='ltr'><strong>ad</strong></span> <span class='ocrx_word' id='word_1_544' title='bbox 3477 2630 3540 2670; x_wconf 84' lang='lat' dir='ltr'><strong>ca</strong></span> 
     </span>
    </p>
   </div>
   <div class='ocr_carea' id='block_1_72' title="bbox 1966 2665 3543 2764">
    <p class='ocr_par' dir='ltr' id='par_1_72' title="bbox 1966 2665 3543 2764">
     <span class='ocr_line' id='line_1_72' title="bbox 1966 2665 3543 2764; baseline 0.016 -31"><span class='ocrx_word' id='word_1_545' title='bbox 1966 2665 2088 2749; x_wconf 62' lang='lat' dir='ltr'><strong>quae</strong></span> <span class='ocrx_word' id='word_1_546' title='bbox 2140 2684 2325 2738; x_wconf 89' lang='lat' dir='ltr'><strong>animo</strong></span> <span class='ocrx_word' id='word_1_547' title='bbox 2377 2696 2606 2754; x_wconf 87' lang='lat' dir='ltr'><strong>prosunt</strong></span> <span class='ocrx_word' id='word_1_548' title='bbox 2650 2697 2702 2744; x_wconf 90' lang='lat' dir='ltr'><strong>et</strong></span> <span class='ocrx_word' id='word_1_549' title='bbox 2750 2695 3059 2749; x_wconf 87' lang='lat' dir='ltr'><strong>necessaria</strong></span> <span class='ocrx_word' id='word_1_550' title='bbox 3106 2706 3263 2764; x_wconf 84' lang='lat' dir='ltr'><strong>sunt,</strong></span> <span class='ocrx_word' id='word_1_551' title='bbox 3314 2717 3421 2756; x_wconf 90' lang='lat' dir='ltr'><strong>non</strong></span> <span class='ocrx_word' id='word_1_552' title='bbox 3471 2707 3543 2759; x_wconf 87' lang='lat' dir='ltr'><strong>sit</strong></span> 
     </span>
    </p>
   </div>
   <div class='ocr_carea' id='block_1_73' title="bbox 1966 2771 3541 2860">
    <p class='ocr_par' dir='ltr' id='par_1_73' title="bbox 1966 2771 3541 2860">
     <span class='ocr_line' id='line_1_73' title="bbox 1966 2771 3541 2860; baseline 0.018 -37"><span class='ocrx_word' id='word_1_553' title='bbox 1966 2771 2143 2825; x_wconf 81' lang='lat' dir='ltr'><strong>Otiosa</strong></span> <span class='ocrx_word' id='word_1_554' title='bbox 2172 2780 2227 2827; x_wconf 90' lang='lat' dir='ltr'><strong>et</strong></span> <span class='ocrx_word' id='word_1_555' title='bbox 2253 2773 2422 2834; x_wconf 86' lang='lat' dir='ltr'><strong>iners.</strong></span> <span class='ocrx_word' id='word_1_556' title='bbox 2453 2776 2521 2833; x_wconf 90' lang='lat' dir='ltr'><strong>Ut</strong></span> <span class='ocrx_word' id='word_1_557' title='bbox 2545 2780 2689 2834; x_wconf 87' lang='lat' dir='ltr'><strong>enim</strong></span> <span class='ocrx_word' id='word_1_558' title='bbox 2722 2782 2832 2838; x_wconf 93' lang='lat' dir='ltr'><strong>illic</strong></span> <span class='ocrx_word' id='word_1_559' title='bbox 2862 2784 3089 2850; x_wconf 88' lang='lat' dir='ltr'><strong>invenit,</strong></span> <span class='ocrx_word' id='word_1_560' title='bbox 3112 2792 3255 2860; x_wconf 89' lang='lat' dir='ltr'><strong>quod</strong></span> <span class='ocrx_word' id='word_1_561' title='bbox 3291 2794 3356 2847; x_wconf 90' lang='lat' dir='ltr'><strong>ad</strong></span> <span class='ocrx_word' id='word_1_562' title='bbox 3388 2797 3541 2850; x_wconf 88' lang='lat' dir='ltr'><strong>volu-</strong></span> 
     </span>
    </p>
   </div>
   <div class='ocr_carea' id='block_1_74' title="bbox 1965 2865 3542 2943">
    <p class='ocr_par' dir='ltr' id='par_1_74' title="bbox 1965 2865 3542 2943">
     <span class='ocr_line' id='line_1_74' title="bbox 1965 2865 3542 2943; baseline 0.019 -30"><span class='ocrx_word' id='word_1_563' title='bbox 1965 2869 2169 2931; x_wconf 91' lang='lat' dir='ltr'><strong>ptatem</strong></span> <span class='ocrx_word' id='word_1_564' title='bbox 2196 2865 2280 2941; x_wconf 85' lang='lat' dir='ltr'><strong>vel</strong></span> <span class='ocrx_word' id='word_1_565' title='bbox 2313 2876 2591 2939; x_wconf 87' lang='lat' dir='ltr'><strong>stuporem</strong></span> <span class='ocrx_word' id='word_1_566' title='bbox 2622 2872 2857 2937; x_wconf 87' lang='lat' dir='ltr'><strong>confert.</strong></span> <span class='ocrx_word' id='word_1_567' title='bbox 2906 2877 2988 2933; x_wconf 91' lang='lat' dir='ltr'><strong>sic</strong></span> <span class='ocrx_word' id='word_1_568' title='bbox 3022 2880 3186 2935; x_wconf 84' lang='lat' dir='ltr'><strong>etiam</strong></span> <span class='ocrx_word' id='word_1_569' title='bbox 3217 2882 3306 2937; x_wconf 81' lang='lat' dir='ltr'><strong>hic</strong></span> <span class='ocrx_word' id='word_1_570' title='bbox 3348 2885 3417 2941; x_wconf 89' lang='lat' dir='ltr'><strong>ab</strong></span> <span class='ocrx_word' id='word_1_571' title='bbox 3455 2886 3542 2943; x_wconf 87' lang='lat' dir='ltr'><strong>bis</strong></span> 
     </span>
    </p>
   </div>
   <div class='ocr_carea' id='block_1_75' title="bbox 1964 2956 3538 3037">
    <p class='ocr_par' dir='ltr' id='par_1_75' title="bbox 1964 2956 3538 3037">
     <span class='ocr_line' id='line_1_75' title="bbox 1964 2956 3538 3037; baseline 0.016 -27"><span class='ocrx_word' id='word_1_572' title='bbox 1964 2971 2088 3025; x_wconf 68' lang='lat' dir='ltr'><strong>quae</strong></span> <span class='ocrx_word' id='word_1_573' title='bbox 2141 2956 2211 3013; x_wconf 90' lang='lat' dir='ltr'><strong>ad</strong></span> <span class='ocrx_word' id='word_1_574' title='bbox 2253 2961 2533 3018; x_wconf 84' lang='lat' dir='ltr'><strong>veritatem</strong></span> <span class='ocrx_word' id='word_1_575' title='bbox 2590 2964 2731 3020; x_wconf 90' lang='lat' dir='ltr'><strong>viam</strong></span> <span class='ocrx_word' id='word_1_576' title='bbox 2774 2979 3048 3037; x_wconf 88' lang='lat' dir='ltr'><strong>sternunt,</strong></span> <span class='ocrx_word' id='word_1_577' title='bbox 3100 2989 3204 3028; x_wconf 90' lang='lat' dir='ltr'><strong>non</strong></span> <span class='ocrx_word' id='word_1_578' title='bbox 3239 2976 3538 3035; x_wconf 90' lang='lat' dir='ltr'><strong>aberrabit.</strong></span> 
     </span>
    </p>
   </div>
   <div class='ocr_carea' id='block_1_76' title="bbox 1966 3047 3541 3133">
    <p class='ocr_par' dir='ltr' id='par_1_76' title="bbox 1966 3047 3541 3133">
     <span class='ocr_line' id='line_1_76' title="bbox 1966 3047 3541 3133; baseline 0.014 -30"><span class='ocrx_word' id='word_1_579' title='bbox 1966 3047 2168 3105; x_wconf 87' lang='lat' dir='ltr'><strong>Eorum</strong></span> <span class='ocrx_word' id='word_1_580' title='bbox 2223 3060 2403 3107; x_wconf 87' lang='lat' dir='ltr'><strong>autem</strong></span> <span class='ocrx_word' id='word_1_581' title='bbox 2459 3070 2582 3125; x_wconf 70' lang='lat' dir='ltr'><strong>qua:</strong></span> <span class='ocrx_word' id='word_1_582' title='bbox 2643 3059 3028 3127; x_wconf 75' lang='lat' dir='ltr'><strong>quaerebantur</strong></span> <span class='ocrx_word' id='word_1_583' title='bbox 3071 3072 3189 3119; x_wconf 89' lang='lat' dir='ltr'><strong>erat</strong></span> <span class='ocrx_word' id='word_1_584' title='bbox 3236 3082 3427 3133; x_wconf 90' lang='lat' dir='ltr'><strong>unum,</strong></span> <span class='ocrx_word' id='word_1_585' title='bbox 3494 3070 3541 3125; x_wconf 91' lang='lat' dir='ltr'><strong>si</strong></span> 
     </span>
    </p>
   </div>
   <div class='ocr_carea' id='block_1_77' title="bbox 1965 3142 3543 3225">
    <p class='ocr_par' dir='ltr' id='par_1_77' title="bbox 1965 3142 3543 3225">
     <span class='ocr_line' id='line_1_77' title="bbox 1965 3142 3543 3225; baseline 0.014 -30"><span class='ocrx_word' id='word_1_586' title='bbox 1965 3142 2144 3212; x_wconf 89' lang='lat' dir='ltr'><strong>prima</strong></span> <span class='ocrx_word' id='word_1_587' title='bbox 2196 3158 2365 3201; x_wconf 89' lang='lat' dir='ltr'><strong>causa</strong></span> <span class='ocrx_word' id='word_1_588' title='bbox 2412 3162 2534 3218; x_wconf 73' lang='lat' dir='ltr'><strong>quae</strong></span> <span class='ocrx_word' id='word_1_589' title='bbox 2578 3147 2719 3206; x_wconf 89' lang='lat' dir='ltr'><strong>Deus</strong></span> <span class='ocrx_word' id='word_1_590' title='bbox 2758 3160 2863 3216; x_wconf 89' lang='lat' dir='ltr'><strong>est,</strong></span> <span class='ocrx_word' id='word_1_591' title='bbox 2907 3154 3116 3225; x_wconf 83' lang='lat' dir='ltr'><strong>origine</strong></span> <span class='ocrx_word' id='word_1_592' title='bbox 3149 3168 3317 3225; x_wconf 86' lang='lat' dir='ltr'><strong>caret,</strong></span> <span class='ocrx_word' id='word_1_593' title='bbox 3360 3161 3443 3217; x_wconf 77' lang='lat' dir='ltr'><strong>vel</strong></span> <span class='ocrx_word' id='word_1_594' title='bbox 3474 3176 3543 3217; x_wconf 80' lang='lat' dir='ltr'><strong>ex</strong></span> 
     </span>
    </p>
   </div>
   <div class='ocr_carea' id='block_1_78' title="bbox 1913 3231 3544 3311">
    <p class='ocr_par' dir='ltr' id='par_1_78' title="bbox 1913 3231 3544 3311">
     <span class='ocr_line' id='line_1_78' title="bbox 1913 3231 3544 3311; baseline 0.013 -25"><span class='ocrx_word' id='word_1_595' title='bbox 1913 3231 1934 3254; x_wconf 88' lang='lat'>‘</span> <span class='ocrx_word' id='word_1_596' title='bbox 1967 3234 2151 3305; x_wconf 89' lang='lat' dir='ltr'><strong>aliquo</strong></span> <span class='ocrx_word' id='word_1_597' title='bbox 2200 3235 2473 3310; x_wconf 88' lang='lat' dir='ltr'><strong>principio</strong></span> <span class='ocrx_word' id='word_1_598' title='bbox 2519 3240 2833 3311; x_wconf 88' lang='lat' dir='ltr'><strong>dependens</strong></span> <span class='ocrx_word' id='word_1_599' title='bbox 2871 3245 3038 3302; x_wconf 83' lang='lat' dir='ltr'><strong>habet</strong></span> <span class='ocrx_word' id='word_1_600' title='bbox 3070 3263 3213 3305; x_wconf 87' lang='lat' dir='ltr'><strong>esse.</strong></span> <span class='ocrx_word' id='word_1_601' title='bbox 3244 3250 3315 3305; x_wconf 86' lang='lat' dir='ltr'><strong>At</strong></span> <span class='ocrx_word' id='word_1_602' title='bbox 3360 3262 3544 3308; x_wconf 91' lang='lat' dir='ltr'><strong>mente</strong></span> 
     </span>
    </p>
   </div>
   <div class='ocr_carea' id='block_1_79' title="bbox 1964 3326 3542 3415">
    <p class='ocr_par' dir='ltr' id='par_1_79' title="bbox 1964 3326 3542 3415">
     <span class='ocr_line' id='line_1_79' title="bbox 1964 3326 3542 3415; baseline 0.015 -37"><span class='ocrx_word' id='word_1_603' title='bbox 1964 3326 2348 3397; x_wconf 84' lang='lat' dir='ltr'><strong>percipientes,</strong></span> <span class='ocrx_word' id='word_1_604' title='bbox 2392 3345 2500 3385; x_wconf 91' lang='lat' dir='ltr'><strong>non</strong></span> <span class='ocrx_word' id='word_1_605' title='bbox 2533 3347 2696 3401; x_wconf 90' lang='lat' dir='ltr'><strong>posse</strong></span> <span class='ocrx_word' id='word_1_606' title='bbox 2723 3334 2951 3405; x_wconf 89' lang='lat' dir='ltr'><strong>primam</strong></span> <span class='ocrx_word' id='word_1_607' title='bbox 2999 3354 3220 3395; x_wconf 86' lang='lat' dir='ltr'><strong>causam</strong></span> <span class='ocrx_word' id='word_1_608' title='bbox 3248 3358 3371 3399; x_wconf 89' lang='lat' dir='ltr'><strong>esse</strong></span> <span class='ocrx_word' id='word_1_609' title='bbox 3396 3346 3542 3415; x_wconf 91' lang='lat' dir='ltr'><strong>quod</strong></span> 
     </span>
    </p>
   </div>
   <div class='ocr_carea' id='block_1_80' title="bbox 1965 3418 3544 3506">
    <p class='ocr_par' dir='ltr' id='par_1_80' title="bbox 1965 3418 3544 3506">
     <span class='ocr_line' id='line_1_80' title="bbox 1965 3418 3544 3506; baseline 0.015 -35"><span class='ocrx_word' id='word_1_610' title='bbox 1965 3432 2029 3472; x_wconf 79' lang='lat' dir='ltr'><strong>ex</strong></span> <span class='ocrx_word' id='word_1_611' title='bbox 2073 3418 2246 3473; x_wconf 88' lang='lat' dir='ltr'><strong>altero</strong></span> <span class='ocrx_word' id='word_1_612' title='bbox 2281 3420 2620 3491; x_wconf 72' lang='lat' dir='ltr'><strong>intelligitur,</strong></span> <span class='ocrx_word' id='word_1_613' title='bbox 2669 3430 3098 3497; x_wconf 80' lang='lat' dir='ltr'><strong>excogitavimus</strong></span> <span class='ocrx_word' id='word_1_614' title='bbox 3145 3449 3339 3490; x_wconf 88' lang='lat' dir='ltr'><strong>nomen</strong></span> <span class='ocrx_word' id='word_1_615' title='bbox 3376 3436 3544 3506; x_wconf 84' lang='lat' dir='ltr'><strong>hujus</strong></span> 
     </span>
    </p>
   </div>
   <div class='ocr_carea' id='block_1_81' title="bbox 1965 3512 3543 3600">
    <p class='ocr_par' dir='ltr' id='par_1_81' title="bbox 1965 3512 3543 3600">
     <span class='ocr_line' id='line_1_81' title="bbox 1965 3512 3543 3600; baseline 0.013 -37"><span class='ocrx_word' id='word_1_616' title='bbox 1965 3525 2240 3581; x_wconf 71' lang='lat' dir='ltr'><strong>expressae</strong></span> <span class='ocrx_word' id='word_1_617' title='bbox 2265 3512 2506 3571; x_wconf 88' lang='lat' dir='ltr'><strong>uotionis</strong></span> <span class='ocrx_word' id='word_1_618' title='bbox 2527 3514 2940 3586; x_wconf 83' lang='lat' dir='ltr'><strong>declarativum,</strong></span> <span class='ocrx_word' id='word_1_619' title='bbox 2967 3532 3024 3577; x_wconf 88' lang='lat' dir='ltr'><strong>et</strong></span> <span class='ocrx_word' id='word_1_620' title='bbox 3050 3524 3282 3581; x_wconf 88' lang='lat' dir='ltr'><strong>dicimus</strong></span> <span class='ocrx_word' id='word_1_621' title='bbox 3305 3543 3428 3583; x_wconf 90' lang='lat' dir='ltr'><strong>eum</strong></span> <span class='ocrx_word' id='word_1_622' title='bbox 3448 3531 3543 3600; x_wconf 91' lang='lat' dir='ltr'><strong>qui</strong></span> 
     </span>
    </p>
   </div>
   <div class='ocr_carea' id='block_1_82' title="bbox 1966 3601 3547 3691">
    <p class='ocr_par' dir='ltr' id='par_1_82' title="bbox 1966 3601 3547 3691">
     <span class='ocr_line' id='line_1_82' title="bbox 1966 3601 3547 3691; baseline 0.013 -35"><span class='ocrx_word' id='word_1_623' title='bbox 1966 3608 2051 3656; x_wconf 84' lang='lat' dir='ltr'><strong>est</strong></span> <span class='ocrx_word' id='word_1_624' title='bbox 2083 3601 2291 3674; x_wconf 88' lang='lat' dir='ltr'><strong>absque</strong></span> <span class='ocrx_word' id='word_1_625' title='bbox 2336 3608 2778 3677; x_wconf 86' lang='lat' dir='ltr'><strong>supereminente</strong></span> <span class='ocrx_word' id='word_1_626' title='bbox 2822 3628 3013 3681; x_wconf 88' lang='lat' dir='ltr'><strong>causa,</strong></span> <span class='ocrx_word' id='word_1_627' title='bbox 3056 3616 3176 3673; x_wconf 85' lang='lat' dir='ltr'><strong>sine</strong></span> <span class='ocrx_word' id='word_1_628' title='bbox 3223 3620 3439 3691; x_wconf 86' lang='lat' dir='ltr'><strong>origine</strong></span> <span class='ocrx_word' id='word_1_629' title='bbox 3488 3632 3547 3679; x_wconf 89' lang='lat' dir='ltr'><strong>et</strong></span> 
     </span>
    </p>
   </div>
   <div class='ocr_carea' id='block_1_83' title="bbox 1967 3694 3544 3785">
    <p class='ocr_par' dir='ltr' id='par_1_83' title="bbox 1967 3694 3544 3785">
     <span class='ocr_line' id='line_1_83' title="bbox 1967 3694 3544 3785; baseline 0.015 -38"><span class='ocrx_word' id='word_1_630' title='bbox 1967 3694 2259 3766; x_wconf 89' lang='lat' dir='ltr'><strong>principio,</strong></span> <span class='ocrx_word' id='word_1_631' title='bbox 2290 3698 2408 3754; x_wconf 87' lang='lat' dir='ltr'><strong>sive</strong></span> <span class='ocrx_word' id='word_1_632' title='bbox 2438 3701 2685 3770; x_wconf 84' lang='lat' dir='ltr'><strong>ingenito</strong></span> <span class='ocrx_word' id='word_1_633' title='bbox 2713 3706 2873 3761; x_wconf 92' lang='lat' dir='ltr'><strong>modo</strong></span> <span class='ocrx_word' id='word_1_634' title='bbox 2902 3723 3045 3763; x_wconf 88' lang='lat' dir='ltr'><strong>esse.</strong></span> <span class='ocrx_word' id='word_1_635' title='bbox 3080 3708 3218 3765; x_wconf 85' lang='lat' dir='ltr'><strong>Eum</strong></span> <span class='ocrx_word' id='word_1_636' title='bbox 3239 3721 3421 3769; x_wconf 89' lang='lat' dir='ltr'><strong>autem</strong></span> <span class='ocrx_word' id='word_1_637' title='bbox 3452 3716 3544 3785; x_wconf 91' lang='lat' dir='ltr'><strong>qui</strong></span> 
     </span>
    </p>
   </div>
   <div class='ocr_carea' id='block_1_84' title="bbox 1968 3786 3540 3877">
    <p class='ocr_par' dir='ltr' id='par_1_84' title="bbox 1968 3786 3540 3877">
     <span class='ocr_line' id='line_1_84' title="bbox 1968 3786 3540 3877; baseline 0.012 -34"><span class='ocrx_word' id='word_1_638' title='bbox 1968 3786 2048 3843; x_wconf 91' lang='lat' dir='ltr'><strong>sic</strong></span> <span class='ocrx_word' id='word_1_639' title='bbox 2073 3798 2177 3854; x_wconf 88' lang='lat' dir='ltr'><strong>est,</strong></span> <span class='ocrx_word' id='word_1_640' title='bbox 2209 3791 2504 3865; x_wconf 83' lang='grc' dir='ltr'>ἀγέννητον</span> <span class='ocrx_word' id='word_1_641' title='bbox 2527 3797 2621 3849; x_wconf 78' lang='grc' dir='ltr'><strong>καὶ</strong></span> <span class='ocrx_word' id='word_1_642' title='bbox 2646 3798 2903 3870; x_wconf 79' lang='grc' dir='ltr'>ἄναρχον,</span> <span class='ocrx_word' id='word_1_643' title='bbox 2934 3801 2987 3856; x_wconf 90' lang='lat' dir='ltr'><strong>id</strong></span> <span class='ocrx_word' id='word_1_644' title='bbox 3016 3814 3117 3869; x_wconf 85' lang='lat' dir='ltr'><strong>est,</strong></span> <span class='ocrx_word' id='word_1_645' title='bbox 3160 3806 3451 3877; x_wconf 80' lang='lat' dir='ltr'><strong>ingenitum</strong></span> <span class='ocrx_word' id='word_1_646' title='bbox 3486 3819 3540 3862; x_wconf 80' lang='lat' dir='ltr'><strong>et</strong></span> 
     </span>
    </p>
   </div>
   <div class='ocr_carea' id='block_1_85' title="bbox 1966 3884 3544 3965">
    <p class='ocr_par' dir='ltr' id='par_1_85' title="bbox 1966 3884 3544 3965">
     <span class='ocr_line' id='line_1_85' title="bbox 1966 3884 3544 3965; baseline 0.015 -33"><span class='ocrx_word' id='word_1_647' title='bbox 1966 3890 2230 3935; x_wconf 84' lang='lat' dir='ltr'><strong>carentem</strong></span> <span class='ocrx_word' id='word_1_648' title='bbox 2257 3884 2535 3953; x_wconf 81' lang='lat' dir='ltr'><strong>principio,</strong></span> <span class='ocrx_word' id='word_1_649' title='bbox 2562 3890 2999 3949; x_wconf 85' lang='lat' dir='ltr'><strong>nominavimus:</strong></span> <span class='ocrx_word' id='word_1_650' title='bbox 3031 3910 3138 3950; x_wconf 89' lang='lat' dir='ltr'><strong>non</strong></span> <span class='ocrx_word' id='word_1_651' title='bbox 3157 3897 3286 3965; x_wconf 90' lang='lat' dir='ltr'><strong>quid</strong></span> <span class='ocrx_word' id='word_1_652' title='bbox 3308 3908 3419 3960; x_wconf 86' lang='lat' dir='ltr'><strong>est,</strong></span> <span class='ocrx_word' id='word_1_653' title='bbox 3447 3899 3544 3954; x_wconf 90' lang='lat' dir='ltr'><strong>sed</strong></span> 
     </span>
    </p>
   </div>
   <div class='ocr_carea' id='block_1_86' title="bbox 1968 3974 3544 4053">
    <p class='ocr_par' dir='ltr' id='par_1_86' title="bbox 1968 3974 3544 4053">
     <span class='ocr_line' id='line_1_86' title="bbox 1968 3974 3544 4053; baseline 0.01 -26"><span class='ocrx_word' id='word_1_654' title='bbox 1968 3974 2097 4044; x_wconf 88' lang='lat' dir='ltr'><strong>quid</strong></span> <span class='ocrx_word' id='word_1_655' title='bbox 2129 3989 2238 4030; x_wconf 90' lang='lat' dir='ltr'><strong>non</strong></span> <span class='ocrx_word' id='word_1_656' title='bbox 2264 3985 2351 4031; x_wconf 87' lang='lat' dir='ltr'><strong>est</strong></span> <span class='ocrx_word' id='word_1_657' title='bbox 2377 3976 2482 4034; x_wconf 87' lang='lat' dir='ltr'><strong>hoc</strong></span> <span class='ocrx_word' id='word_1_658' title='bbox 2512 3980 2733 4036; x_wconf 89' lang='lat' dir='ltr'><strong>nomine</strong></span> <span class='ocrx_word' id='word_1_659' title='bbox 2760 3982 3100 4053; x_wconf 89' lang='lat' dir='ltr'><strong>indicantes;</strong></span> <span class='ocrx_word' id='word_1_660' title='bbox 3134 3996 3194 4041; x_wconf 92' lang='lat' dir='ltr'><strong>ut</strong></span> <span class='ocrx_word' id='word_1_661' title='bbox 3223 3994 3404 4044; x_wconf 91' lang='lat' dir='ltr'><strong>autem</strong></span> <span class='ocrx_word' id='word_1_662' title='bbox 3437 3988 3544 4043; x_wconf 83' lang='lat' dir='ltr'><strong>hoc</strong></span> 
     </span>
    </p>
   </div>
   <div class='ocr_carea' id='block_1_87' title="bbox 1968 4066 3543 4146">
    <p class='ocr_par' dir='ltr' id='par_1_87' title="bbox 1968 4066 3543 4146">
     <span class='ocr_line' id='line_1_87' title="bbox 1968 4066 3543 4146; baseline 0.011 -27"><span class='ocrx_word' id='word_1_663' title='bbox 1968 4079 2163 4120; x_wconf 89' lang='lat' dir='ltr'><strong>nomen</strong></span> <span class='ocrx_word' id='word_1_664' title='bbox 2225 4066 2530 4124; x_wconf 90' lang='lat' dir='ltr'><strong>clarissime</strong></span> <span class='ocrx_word' id='word_1_665' title='bbox 2585 4070 2877 4138; x_wconf 88' lang='lat' dir='ltr'><strong>elucescat,</strong></span> <span class='ocrx_word' id='word_1_666' title='bbox 2939 4076 3189 4146; x_wconf 78' lang='lat' dir='ltr'><strong>exemplo</strong></span> <span class='ocrx_word' id='word_1_667' title='bbox 3239 4077 3543 4136; x_wconf 90' lang='lat' dir='ltr'><strong>illustriore</strong></span> 
     </span>
    </p>
   </div>
   <div class='ocr_carea' id='block_1_88' title="bbox 1969 4158 3543 4241">
    <p class='ocr_par' dir='ltr' id='par_1_88' title="bbox 1969 4158 3543 4241">
     <span class='ocr_line' id='line_1_88' title="bbox 1969 4158 3543 4241; baseline 0.013 -33"><span class='ocrx_word' id='word_1_668' title='bbox 1969 4158 2211 4211; x_wconf 83' lang='lat' dir='ltr'><strong>conabor</strong></span> <span class='ocrx_word' id='word_1_669' title='bbox 2231 4158 2446 4214; x_wconf 83' lang='lat' dir='ltr'><strong>docere.</strong></span> <span class='ocrx_word' id='word_1_670' title='bbox 2474 4159 2639 4215; x_wconf 90' lang='lat' dir='ltr'><strong>Detur</strong></span> <span class='ocrx_word' id='word_1_671' title='bbox 2665 4162 2734 4217; x_wconf 89' lang='lat' dir='ltr'><strong>de</strong></span> <span class='ocrx_word' id='word_1_672' title='bbox 2757 4165 2938 4234; x_wconf 90' lang='lat' dir='ltr'><strong>aliqua</strong></span> <span class='ocrx_word' id='word_1_673' title='bbox 2970 4167 3166 4225; x_wconf 91' lang='lat' dir='ltr'><strong>arbore</strong></span> <span class='ocrx_word' id='word_1_674' title='bbox 3188 4171 3543 4241; x_wconf 68' lang='lat' dir='ltr'><strong>quaestionem</strong></span> 
     </span>
    </p>
   </div>
   <div class='ocr_carea' id='block_1_89' title="bbox 1966 4251 3546 4333">
    <p class='ocr_par' dir='ltr' id='par_1_89' title="bbox 1966 4251 3546 4333">
     <span class='ocr_line' id='line_1_89' title="bbox 1966 4251 3546 4333; baseline 0.009 -30"><span class='ocrx_word' id='word_1_675' title='bbox 1966 4263 2109 4311; x_wconf 89' lang='lat' dir='ltr'><strong>esse,</strong></span> <span class='ocrx_word' id='word_1_676' title='bbox 2142 4258 2323 4305; x_wconf 92' lang='lat' dir='ltr'><strong>utrum</strong></span> <span class='ocrx_word' id='word_1_677' title='bbox 2355 4251 2521 4306; x_wconf 81' lang='lat' dir='ltr'><strong>sativa</strong></span> <span class='ocrx_word' id='word_1_678' title='bbox 2568 4263 2653 4307; x_wconf 91' lang='lat' dir='ltr'><strong>est</strong></span> <span class='ocrx_word' id='word_1_679' title='bbox 2684 4269 2753 4307; x_wconf 90' lang='lat' dir='ltr'><strong>an</strong></span> <span class='ocrx_word' id='word_1_680' title='bbox 2787 4266 2981 4324; x_wconf 89' lang='lat' dir='ltr'><strong>sponte</strong></span> <span class='ocrx_word' id='word_1_681' title='bbox 3014 4267 3143 4313; x_wconf 88' lang='lat' dir='ltr'><strong>nata</strong></span> <span class='ocrx_word' id='word_1_682' title='bbox 3173 4270 3228 4315; x_wconf 90' lang='lat' dir='ltr'><strong>et</strong></span> <span class='ocrx_word' id='word_1_683' title='bbox 3273 4262 3546 4333; x_wconf 79' lang='lat' dir='ltr'><strong>agrestis?</strong></span> 
     </span>
    </p>
   </div>
   <div class='ocr_carea' id='block_1_90' title="bbox 1970 4339 3611 4423">
    <p class='ocr_par' dir='ltr' id='par_1_90' title="bbox 1970 4339 3611 4423">
     <span class='ocr_line' id='line_1_90' title="bbox 1970 4339 3611 4423; baseline 0.01 -30"><span class='ocrx_word' id='word_1_684' title='bbox 1970 4339 2025 4394; x_wconf 89' lang='lat' dir='ltr'><strong>Si</strong></span> <span class='ocrx_word' id='word_1_685' title='bbox 2058 4339 2226 4412; x_wconf 86' lang='lat' dir='ltr'><strong>igitur</strong></span> <span class='ocrx_word' id='word_1_686' title='bbox 2254 4357 2319 4395; x_wconf 78' lang='lat' dir='ltr'><strong>ex</strong></span> <span class='ocrx_word' id='word_1_687' title='bbox 2349 4343 2686 4410; x_wconf 81' lang='lat' dir='ltr'><strong>plantatione</strong></span> <span class='ocrx_word' id='word_1_688' title='bbox 2719 4345 2904 4411; x_wconf 82' lang='lat' dir='ltr'><strong>fuerit,</strong></span> <span class='ocrx_word' id='word_1_689' title='bbox 2940 4351 3169 4406; x_wconf 90' lang='lat' dir='ltr'><strong>sativam</strong></span> <span class='ocrx_word' id='word_1_690' title='bbox 3201 4368 3428 4423; x_wconf 90' lang='lat' dir='ltr'><strong>prorsus</strong></span> <span class='ocrx_word' id='word_1_691' title='bbox 3459 4369 3547 4409; x_wconf 86' lang='lat' dir='ltr'><strong>ar—</strong></span> <span class='ocrx_word' id='word_1_692' title='bbox 3606 4368 3611 4371; x_wconf 82' lang='lat'><em>&#39;</em></span> 
     </span>
    </p>
   </div>
   <div class='ocr_carea' id='block_1_91' title="bbox 1969 4432 3544 4511">
    <p class='ocr_par' dir='ltr' id='par_1_91' title="bbox 1969 4432 3544 4511">
     <span class='ocr_line' id='line_1_91' title="bbox 1969 4432 3544 4511; baseline 0.01 -24"><span class='ocrx_word' id='word_1_693' title='bbox 1969 4432 2156 4487; x_wconf 84' lang='lat' dir='ltr'><strong>berem</strong></span> <span class='ocrx_word' id='word_1_694' title='bbox 2179 4436 2674 4504; x_wconf 84' lang='lat' dir='ltr'><strong>pronuntiabimus.</strong></span> <span class='ocrx_word' id='word_1_695' title='bbox 2704 4438 2750 4493; x_wconf 93' lang='lat' dir='ltr'><strong>si</strong></span> <span class='ocrx_word' id='word_1_696' title='bbox 2776 4452 2973 4510; x_wconf 88' lang='lat' dir='ltr'><strong>sponte</strong></span> <span class='ocrx_word' id='word_1_697' title='bbox 2998 4443 3117 4498; x_wconf 90' lang='lat' dir='ltr'><strong>fusa</strong></span> <span class='ocrx_word' id='word_1_698' title='bbox 3143 4451 3198 4499; x_wconf 94' lang='lat' dir='ltr'><strong>et</strong></span> <span class='ocrx_word' id='word_1_699' title='bbox 3229 4444 3397 4511; x_wconf 87' lang='lat' dir='ltr'><strong>edita,</strong></span> <span class='ocrx_word' id='word_1_700' title='bbox 3431 4462 3544 4502; x_wconf 89' lang='lat' dir='ltr'><strong>non</strong></span> 
     </span>
    </p>
   </div>
   <div class='ocr_carea' id='block_1_92' title="bbox 294 4514 1870 4600">
    <p class='ocr_par' dir='ltr' id='par_1_92' title="bbox 294 4514 1867 4591">
     <span class='ocr_line' id='line_1_92' title="bbox 294 4514 1867 4591; baseline 0.005 -24"><span class='ocrx_word' id='word_1_701' title='bbox 294 4515 358 4568; x_wconf 90' lang='grc' dir='ltr'><strong>τὸ</strong></span> <span class='ocrx_word' id='word_1_702' title='bbox 394 4514 740 4587; x_wconf 84' lang='grc' dir='ltr'>δηλούμενον,</span> <span class='ocrx_word' id='word_1_703' title='bbox 772 4514 860 4569; x_wconf 82' lang='grc' dir='ltr'>διὰ</span> <span class='ocrx_word' id='word_1_704' title='bbox 890 4516 990 4587; x_wconf 84' lang='grc' dir='ltr'>τῆς</span> <span class='ocrx_word' id='word_1_705' title='bbox 1016 4517 1271 4591; x_wconf 88' lang='grc' dir='ltr'>τοιαύτης</span> <span class='ocrx_word' id='word_1_706' title='bbox 1310 4519 1608 4591; x_wconf 80' lang='grc' dir='ltr'>ὀνομασίας</span> <span class='ocrx_word' id='word_1_707' title='bbox 1635 4521 1735 4575; x_wconf 91' lang='grc' dir='ltr'><strong>οὐκ</strong></span> <span class='ocrx_word' id='word_1_708' title='bbox 1763 4521 1867 4575; x_wconf 90' lang='grc' dir='ltr'>ἐδι-</span> 
     </span>
    </p>
   </div>
   <div class='ocr_carea' id='block_1_93' title="bbox 1971 4514 3551 4600">
    <p class='ocr_par' dir='ltr' id='par_1_93' title="bbox 1972 4524 3551 4600">
     <span class='ocr_line' id='line_1_93' title="bbox 1972 4524 3551 4600; baseline 0.01 -23"><span class='ocrx_word' id='word_1_709' title='bbox 1972 4524 2235 4579; x_wconf 86' lang='lat' dir='ltr'><strong>sativam:</strong></span> <span class='ocrx_word' id='word_1_710' title='bbox 2277 4527 2387 4582; x_wconf 89' lang='lat' dir='ltr'><strong>tale</strong></span> <span class='ocrx_word' id='word_1_711' title='bbox 2440 4543 2635 4583; x_wconf 91' lang='lat' dir='ltr'><strong>nomen</strong></span> <span class='ocrx_word' id='word_1_712' title='bbox 2687 4544 2716 4585; x_wconf 90' lang='lat' dir='ltr'><strong>a</strong></span> <span class='ocrx_word' id='word_1_713' title='bbox 2748 4532 2974 4588; x_wconf 87' lang='lat' dir='ltr'><strong>veritate</strong></span> <span class='ocrx_word' id='word_1_714' title='bbox 3018 4550 3126 4588; x_wconf 93' lang='lat' dir='ltr'><strong>non</strong></span> <span class='ocrx_word' id='word_1_715' title='bbox 3158 4535 3395 4600; x_wconf 89' lang='lat' dir='ltr'><strong>aberrat,</strong></span> <span class='ocrx_word' id='word_1_716' title='bbox 3428 4552 3551 4592; x_wconf 83' lang='lat' dir='ltr'><strong>om-</strong></span> 
     </span>
    </p>
   </div>
   <div class='ocr_carea' id='block_1_94' title="bbox 295 4607 597 4679">
    <p class='ocr_par' dir='ltr' id='par_1_94' title="bbox 295 4607 597 4679">
     <span class='ocr_line' id='line_1_94' title="bbox 295 4607 597 4679; baseline 0 -17"><span class='ocrx_word' id='word_1_717' title='bbox 295 4607 467 4679; x_wconf 83' lang='grc' dir='ltr'>δάχθη</span> <span class='ocrx_word' id='word_1_718' title='bbox 477 4625 597 4679; x_wconf 90' lang='grc' dir='ltr'>μεν.</span> 
     </span>
    </p>
   </div>
   <div class='ocr_carea' id='block_1_95' title="bbox 1973 4616 3550 4699">
    <p class='ocr_par' dir='ltr' id='par_1_95' title="bbox 1973 4616 3550 4699">
     <span class='ocr_line' id='line_1_95' title="bbox 1973 4616 3550 4699; baseline 0.009 -29"><span class='ocrx_word' id='word_1_719' title='bbox 1973 4616 2103 4672; x_wconf 82' lang='grc' dir='ltr'>ηἰηο</span> <span class='ocrx_word' id='word_1_720' title='bbox 2146 4619 2316 4681; x_wconf 91' lang='lat' dir='ltr'><strong>enim,</strong></span> <span class='ocrx_word' id='word_1_721' title='bbox 2375 4620 2458 4674; x_wconf 89' lang='lat' dir='ltr'><strong>vel</strong></span> <span class='ocrx_word' id='word_1_722' title='bbox 2510 4621 2613 4687; x_wconf 91' lang='lat' dir='ltr'><strong>sic,</strong></span> <span class='ocrx_word' id='word_1_723' title='bbox 2667 4623 2752 4678; x_wconf 90' lang='lat' dir='ltr'><strong>vel</strong></span> <span class='ocrx_word' id='word_1_724' title='bbox 2802 4624 2960 4680; x_wconf 86' lang='lat' dir='ltr'><strong>aliter</strong></span> <span class='ocrx_word' id='word_1_725' title='bbox 2992 4626 3093 4680; x_wconf 89' lang='lat' dir='ltr'><strong>erit</strong></span> <span class='ocrx_word' id='word_1_726' title='bbox 3121 4627 3304 4691; x_wconf 90' lang='lat' dir='ltr'><strong>arbor,</strong></span> <span class='ocrx_word' id='word_1_727' title='bbox 3350 4629 3550 4699; x_wconf 70' lang='lat' dir='ltr'><strong>planta:</strong></span> 
     </span>
    </p>
   </div>
   <div class='ocr_carea' id='block_1_96' title="bbox 296 4700 3550 4782">
    <p class='ocr_par' dir='ltr' id='par_1_96' title="bbox 296 4700 3550 4782">
     <span class='ocr_line' id='line_1_96' title="bbox 296 4700 3550 4782; baseline 0.005 -26"><span class='ocrx_word' id='word_1_728' title='bbox 296 4710 479 4756; x_wconf 88' lang='lat' dir='ltr'><strong>autem</strong></span> <span class='ocrx_word' id='word_1_729' title='bbox 542 4707 793 4755; x_wconf 91' lang='lat' dir='ltr'><strong>naturam</strong></span> <span class='ocrx_word' id='word_1_730' title='bbox 859 4700 1185 4771; x_wconf 87' lang='lat' dir='ltr'><strong>peculiarem</strong></span> <span class='ocrx_word' id='word_1_731' title='bbox 1253 4717 1361 4758; x_wconf 91' lang='lat' dir='ltr'><strong>non</strong></span> <span class='ocrx_word' id='word_1_732' title='bbox 1423 4701 1662 4771; x_wconf 86' lang='lat' dir='ltr'><strong>indicat;</strong></span> <span class='ocrx_word' id='word_1_733' title='bbox 1734 4718 1859 4758; x_wconf 90' lang='lat' dir='ltr'><strong>nam</strong></span> <span class='ocrx_word' id='word_1_734' title='bbox 1899 4715 2094 4776; x_wconf 85' lang='lat' dir='ltr'><strong>sponte</strong></span> <span class='ocrx_word' id='word_1_735' title='bbox 2124 4716 2306 4762; x_wconf 89' lang='lat' dir='ltr'><strong>natam</strong></span> <span class='ocrx_word' id='word_1_736' title='bbox 2342 4710 2592 4765; x_wconf 88' lang='lat' dir='ltr'><strong>arborem</strong></span> <span class='ocrx_word' id='word_1_737' title='bbox 2623 4727 2766 4776; x_wconf 85' lang='lat' dir='ltr'><strong>esse,</strong></span> <span class='ocrx_word' id='word_1_738' title='bbox 2798 4714 2923 4782; x_wconf 80' lang='lat' dir='ltr'><strong>quia</strong></span> <span class='ocrx_word' id='word_1_739' title='bbox 2956 4730 3064 4769; x_wconf 92' lang='lat' dir='ltr'><strong>non</strong></span> <span class='ocrx_word' id='word_1_740' title='bbox 3132 4717 3207 4772; x_wconf 88' lang='lat' dir='ltr'><strong>sit</strong></span> <span class='ocrx_word' id='word_1_741' title='bbox 3235 4727 3371 4782; x_wconf 87' lang='lat' dir='ltr'><strong>sata,</strong></span> <span class='ocrx_word' id='word_1_742' title='bbox 3434 4720 3550 4774; x_wconf 89' lang='lat' dir='ltr'><strong>sive</strong></span> 
     </span>
    </p>
   </div>
   <div class='ocr_carea' id='block_1_97' title="bbox 297 4798 3551 4886">
    <p class='ocr_par' dir='ltr' id='par_1_97' title="bbox 297 4798 3551 4886">
     <span class='ocr_line' id='line_1_97' title="bbox 297 4798 3551 4886; baseline 0.005 -33"><span class='ocrx_word' id='word_1_743' title='bbox 297 4799 567 4870; x_wconf 86' lang='lat' dir='ltr'><strong>plantata.</strong></span> <span class='ocrx_word' id='word_1_744' title='bbox 615 4798 942 4866; x_wconf 83' lang='lat' dir='ltr'><strong>didicimus;</strong></span> <span class='ocrx_word' id='word_1_745' title='bbox 987 4798 1036 4854; x_wconf 93' lang='lat' dir='ltr'><strong>si</strong></span> <span class='ocrx_word' id='word_1_746' title='bbox 1063 4806 1244 4855; x_wconf 82' lang='lat' dir='ltr'><strong>autem</strong></span> <span class='ocrx_word' id='word_1_747' title='bbox 1285 4801 1563 4871; x_wconf 89' lang='lat' dir='ltr'><strong>platanus,</strong></span> <span class='ocrx_word' id='word_1_748' title='bbox 1632 4800 1718 4858; x_wconf 88' lang='lat' dir='ltr'><strong>vel</strong></span> <span class='ocrx_word' id='word_1_749' title='bbox 1789 4802 1937 4868; x_wconf 86' lang='lat' dir='ltr'><strong>vitis,</strong></span> <span class='ocrx_word' id='word_1_750' title='bbox 1976 4804 2063 4859; x_wconf 89' lang='lat' dir='ltr'><strong>vel</strong></span> <span class='ocrx_word' id='word_1_751' title='bbox 2106 4804 2297 4859; x_wconf 92' lang='lat' dir='ltr'><strong>talium</strong></span> <span class='ocrx_word' id='word_1_752' title='bbox 2354 4806 2661 4877; x_wconf 89' lang='lat' dir='ltr'><strong>plantarum</strong></span> <span class='ocrx_word' id='word_1_753' title='bbox 2703 4818 2789 4864; x_wconf 85' lang='lat' dir='ltr'><strong>est</strong></span> <span class='ocrx_word' id='word_1_754' title='bbox 2829 4825 2893 4865; x_wconf 90' lang='lat' dir='ltr'><strong>ea</strong></span> <span class='ocrx_word' id='word_1_755' title='bbox 2933 4826 3053 4882; x_wconf 71' lang='lat' dir='ltr'><strong>quae</strong></span> <span class='ocrx_word' id='word_1_756' title='bbox 3082 4811 3411 4879; x_wconf 86' lang='lat' dir='ltr'><strong>declaratur,</strong></span> <span class='ocrx_word' id='word_1_757' title='bbox 3450 4829 3551 4886; x_wconf 81' lang='lat' dir='ltr'><strong>per</strong></span> 
     </span>
    </p>
   </div>
   <div class='ocr_carea' id='block_1_98' title="bbox 296 4894 1408 4953">
    <p class='ocr_par' dir='ltr' id='par_1_98' title="bbox 296 4894 1408 4953">
     <span class='ocr_line' id='line_1_98' title="bbox 296 4894 1408 4953; baseline -0.002 -1"><span class='ocrx_word' id='word_1_758' title='bbox 296 4898 460 4953; x_wconf 90' lang='lat' dir='ltr'><strong>talem</strong></span> <span class='ocrx_word' id='word_1_759' title='bbox 491 4895 919 4952; x_wconf 89' lang='lat' dir='ltr'><strong>nominationem</strong></span> <span class='ocrx_word' id='word_1_760' title='bbox 952 4910 1063 4950; x_wconf 90' lang='lat' dir='ltr'><strong>non</strong></span> <span class='ocrx_word' id='word_1_761' title='bbox 1094 4894 1408 4952; x_wconf 87' lang='lat' dir='ltr'><strong>didicimus.</strong></span> 
     </span>
    </p>
   </div>
   <div class='ocr_carea' id='block_1_99' title="bbox 368 4987 1867 5064">
    <p class='ocr_par' dir='ltr' id='par_1_99' title="bbox 368 4987 1867 5064">
     <span class='ocr_line' id='line_1_99' title="bbox 368 4987 1867 5064; baseline 0.003 -21"><span class='ocrx_word' id='word_1_762' title='bbox 368 4989 432 5043; x_wconf 80' lang='lat' dir='ltr'><strong>Ei</strong></span> <span class='ocrx_word' id='word_1_763' title='bbox 451 4988 516 5060; x_wconf 80' lang='grc' dir='ltr'>δὴ</span> <span class='ocrx_word' id='word_1_764' title='bbox 545 4988 793 5059; x_wconf 87' lang='grc' dir='ltr'>νενόηται</span> <span class='ocrx_word' id='word_1_765' title='bbox 824 4987 886 5041; x_wconf 90' lang='grc' dir='ltr'><strong>τὸ</strong></span> <span class='ocrx_word' id='word_1_766' title='bbox 910 4988 1232 5059; x_wconf 87' lang='grc' dir='ltr'>ὑπόδειγμα,</span> <span class='ocrx_word' id='word_1_767' title='bbox 1267 4990 1455 5062; x_wconf 85' lang='grc' dir='ltr'>καιρὸς</span> <span class='ocrx_word' id='word_1_768' title='bbox 1480 4989 1546 5045; x_wconf 77' lang='grc' dir='ltr'>ἂν</span> <span class='ocrx_word' id='word_1_769' title='bbox 1581 4991 1669 5063; x_wconf 81' lang='grc' dir='ltr'><strong>εἴη</strong></span> <span class='ocrx_word' id='word_1_770' title='bbox 1702 5009 1867 5064; x_wconf 82' lang='grc' dir='ltr'>μετα·</span> 
     </span>
    </p>
   </div>
   <div class='ocr_carea' id='block_1_100' title="bbox 296 5076 1863 5155">
    <p class='ocr_par' dir='ltr' id='par_1_100' title="bbox 296 5076 1863 5155">
     <span class='ocr_line' id='line_1_100' title="bbox 296 5076 1863 5155; baseline 0.001 -19"><span class='ocrx_word' id='word_1_771' title='bbox 296 5081 518 5137; x_wconf 59' lang='grc' dir='ltr'>διδάσαι</span> <span class='ocrx_word' id='word_1_772' title='bbox 543 5081 635 5135; x_wconf 87' lang='grc' dir='ltr'><strong>τὸν</strong></span> <span class='ocrx_word' id='word_1_773' title='bbox 659 5080 816 5148; x_wconf 83' lang='grc' dir='ltr'>λόγον</span> <span class='ocrx_word' id='word_1_774' title='bbox 845 5080 938 5133; x_wconf 75' lang='grc' dir='ltr'><strong>ἐπὶ</strong></span> <span class='ocrx_word' id='word_1_775' title='bbox 978 5080 1041 5132; x_wconf 88' lang='grc' dir='ltr'><strong>τὸ</strong></span> <span class='ocrx_word' id='word_1_776' title='bbox 1069 5082 1303 5153; x_wconf 78' lang='grc' dir='ltr'>πρᾶγμα</span> <span class='ocrx_word' id='word_1_777' title='bbox 1344 5076 1404 5136; x_wconf 78' lang='grc' dir='ltr'><strong>οῦ</strong></span> <span class='ocrx_word' id='word_1_778' title='bbox 1447 5083 1509 5136; x_wconf 87' lang='grc' dir='ltr'><strong>τὸ</strong></span> <span class='ocrx_word' id='word_1_779' title='bbox 1541 5084 1863 5155; x_wconf 88' lang='grc' dir='ltr'>ὑπόδειγμα.</span> 
     </span>
    </p>
   </div>
   <div class='ocr_carea' id='block_1_101' title="bbox 295 5170 1868 5246">
    <p class='ocr_par' dir='ltr' id='par_1_101' title="bbox 295 5170 1868 5246">
     <span class='ocr_line' id='line_1_101' title="bbox 295 5170 1868 5246; baseline 0.001 -17"><span class='ocrx_word' id='word_1_780' title='bbox 295 5176 370 5229; x_wconf 86' lang='grc' dir='ltr'><strong>Τὸ</strong></span> <span class='ocrx_word' id='word_1_781' title='bbox 399 5174 615 5245; x_wconf 85' lang='grc' dir='ltr'>πρῶτον</span> <span class='ocrx_word' id='word_1_782' title='bbox 643 5172 814 5227; x_wconf 84' lang='grc' dir='ltr'>αίτιον</span> <span class='ocrx_word' id='word_1_783' title='bbox 858 5170 919 5238; x_wconf 82' lang='grc' dir='ltr'>ἐξ</span> <span class='ocrx_word' id='word_1_784' title='bbox 963 5172 1217 5243; x_wconf 74' lang='grc' dir='ltr'>οὐδεμιᾶς</span> <span class='ocrx_word' id='word_1_785' title='bbox 1256 5174 1656 5246; x_wconf 75' lang='grc' dir='ltr'>ὑπερκειμένης</span> <span class='ocrx_word' id='word_1_786' title='bbox 1684 5177 1868 5240; x_wconf 78' lang='grc' dir='ltr'>αἰτίας</span> 
     </span>
    </p>
   </div>
   <div class='ocr_carea' id='block_1_102' title="bbox 296 5260 1869 5337">
    <p class='ocr_par' dir='ltr' id='par_1_102' title="bbox 296 5260 1869 5337">
     <span class='ocr_line' id='line_1_102' title="bbox 296 5260 1869 5337; baseline 0.002 -19"><span class='ocrx_word' id='word_1_787' title='bbox 296 5266 442 5336; x_wconf 80' lang='grc' dir='ltr'>ἐχειν</span> <span class='ocrx_word' id='word_1_788' title='bbox 461 5265 523 5317; x_wconf 87' lang='grc' dir='ltr'><strong>τὸ</strong></span> <span class='ocrx_word' id='word_1_789' title='bbox 552 5260 693 5319; x_wconf 74' lang='grc' dir='ltr'>εἶναι</span> <span class='ocrx_word' id='word_1_790' title='bbox 718 5263 1148 5335; x_wconf 82' lang='grc' dir='ltr'>κατελαδὸμεθα.</span> <span class='ocrx_word' id='word_1_791' title='bbox 1179 5265 1281 5318; x_wconf 89' lang='grc' dir='ltr'>Τὸν</span> <span class='ocrx_word' id='word_1_792' title='bbox 1302 5262 1403 5318; x_wconf 76' lang='grc' dir='ltr'><strong>οὖν</strong></span> <span class='ocrx_word' id='word_1_793' title='bbox 1413 5266 1722 5337; x_wconf 85' lang='grc' dir='ltr'>ἀγεννήτως</span> <span class='ocrx_word' id='word_1_794' title='bbox 1739 5267 1869 5321; x_wconf 75' lang='grc' dir='ltr'>ὄντα</span> 
     </span>
    </p>
   </div>
   <div class='ocr_carea' id='block_1_103' title="bbox 295 5357 1870 5431">
    <p class='ocr_par' dir='ltr' id='par_1_103' title="bbox 295 5357 1870 5431">
     <span class='ocr_line' id='line_1_103' title="bbox 295 5357 1870 5431; baseline 0.001 -19"><span class='ocrx_word' id='word_1_795' title='bbox 295 5357 450 5423; x_wconf 87' lang='grc' dir='ltr'>Θεὸν,</span> <span class='ocrx_word' id='word_1_796' title='bbox 487 5360 565 5423; x_wconf 85' lang='grc' dir='ltr'><strong>είς</strong></span> <span class='ocrx_word' id='word_1_797' title='bbox 606 5358 867 5428; x_wconf 85' lang='grc' dir='ltr'>ὀνόματος</span> <span class='ocrx_word' id='word_1_798' title='bbox 892 5357 1058 5412; x_wconf 87' lang='grc' dir='ltr'>τύπον</span> <span class='ocrx_word' id='word_1_799' title='bbox 1084 5359 1183 5429; x_wconf 84' lang='grc' dir='ltr'><strong>τὴν</strong></span> <span class='ocrx_word' id='word_1_800' title='bbox 1217 5357 1424 5413; x_wconf 77' lang='grc' dir='ltr'>ἔννοιαν</span> <span class='ocrx_word' id='word_1_801' title='bbox 1454 5359 1655 5430; x_wconf 88' lang='grc' dir='ltr'>ταύτην</span> <span class='ocrx_word' id='word_1_802' title='bbox 1692 5360 1870 5431; x_wconf 84' lang='grc' dir='ltr'>παρά-</span> 
     </span>
    </p>
   </div>
   <div class='ocr_carea' id='block_1_104' title="bbox 295 5449 1870 5521">
    <p class='ocr_par' dir='ltr' id='par_1_104' title="bbox 295 5449 1870 5521">
     <span class='ocr_line' id='line_1_104' title="bbox 295 5449 1870 5521; baseline 0.003 -19"><span class='ocrx_word' id='word_1_803' title='bbox 295 5466 507 5519; x_wconf 87' lang='grc' dir='ltr'>γοντες,</span> <span class='ocrx_word' id='word_1_804' title='bbox 556 5450 850 5520; x_wconf 81' lang='grc' dir='ltr'>ἀγέννητον</span> <span class='ocrx_word' id='word_1_805' title='bbox 895 5449 1274 5521; x_wconf 82' lang='grc' dir='ltr'>ὠνομάσαμεν.</span> <span class='ocrx_word' id='word_1_806' title='bbox 1333 5450 1455 5504; x_wconf 81' lang='grc' dir='ltr'>Ὀτι</span> <span class='ocrx_word' id='word_1_807' title='bbox 1507 5452 1605 5521; x_wconf 81' lang='grc' dir='ltr'>μὲν</span> <span class='ocrx_word' id='word_1_808' title='bbox 1648 5449 1742 5507; x_wconf 83' lang='grc' dir='ltr'><strong>οὖν</strong></span> <span class='ocrx_word' id='word_1_809' title='bbox 1781 5452 1870 5507; x_wconf 84' lang='grc' dir='ltr'>διὰ</span> 
     </span>
    </p>
   </div>
   <div class='ocr_carea' id='block_1_105' title="bbox 295 5541 1869 5614">
    <p class='ocr_par' dir='ltr' id='par_1_105' title="bbox 295 5541 1869 5614">
     <span class='ocr_line' id='line_1_105' title="bbox 295 5541 1869 5614; baseline 0.001 -18"><span class='ocrx_word' id='word_1_810' title='bbox 295 5542 563 5611; x_wconf 82' lang='grc' dir='ltr'>γενέσεως</span> <span class='ocrx_word' id='word_1_811' title='bbox 593 5544 695 5596; x_wconf 82' lang='grc' dir='ltr'><strong>οὐκ</strong></span> <span class='ocrx_word' id='word_1_812' title='bbox 739 5542 905 5606; x_wconf 82' lang='grc' dir='ltr'>ἐστιν,</span> <span class='ocrx_word' id='word_1_813' title='bbox 945 5545 1010 5597; x_wconf 87' lang='grc' dir='ltr'><strong>ἐκ</strong></span> <span class='ocrx_word' id='word_1_814' title='bbox 1048 5541 1149 5612; x_wconf 84' lang='grc' dir='ltr'>τῆς</span> <span class='ocrx_word' id='word_1_815' title='bbox 1171 5542 1265 5596; x_wconf 92' lang='grc' dir='ltr'><strong>τοῦ</strong></span> <span class='ocrx_word' id='word_1_816' title='bbox 1291 5542 1552 5613; x_wconf 83' lang='grc' dir='ltr'>ὀνόματος</span> <span class='ocrx_word' id='word_1_817' title='bbox 1581 5544 1869 5614; x_wconf 84' lang='grc' dir='ltr'>ἐμφάσεως</span> 
     </span>
    </p>
   </div>
   <div class='ocr_carea' id='block_1_106' title="bbox 297 5631 1869 5706">
    <p class='ocr_par' dir='ltr' id='par_1_106' title="bbox 297 5631 1869 5706">
     <span class='ocr_line' id='line_1_106' title="bbox 297 5631 1869 5706; baseline 0 -18"><span class='ocrx_word' id='word_1_818' title='bbox 297 5632 645 5705; x_wconf 79' lang='grc' dir='ltr'>ἐδηλώσαμεν</span> <span class='ocrx_word' id='word_1_819' title='bbox 666 5651 681 5665; x_wconf 88' lang='grc'><strong>·</strong></span> <span class='ocrx_word' id='word_1_820' title='bbox 729 5633 865 5704; x_wconf 82' lang='grc' dir='ltr'>αὑτὴ</span> <span class='ocrx_word' id='word_1_821' title='bbox 899 5633 956 5687; x_wconf 87' lang='grc' dir='ltr'>δὲ</span> <span class='ocrx_word' id='word_1_822' title='bbox 982 5636 1015 5706; x_wconf 86' lang='grc' dir='ltr'><strong>ή</strong></span> <span class='ocrx_word' id='word_1_823' title='bbox 1038 5632 1194 5688; x_wconf 88' lang='grc' dir='ltr'>οὑσία</span> <span class='ocrx_word' id='word_1_824' title='bbox 1225 5635 1257 5703; x_wconf 85' lang='grc' dir='ltr'><strong>ή</strong></span> <span class='ocrx_word' id='word_1_825' title='bbox 1287 5635 1597 5706; x_wconf 87' lang='grc' dir='ltr'>ἀγεννήτως</span> <span class='ocrx_word' id='word_1_826' title='bbox 1619 5631 1755 5689; x_wconf 80' lang='grc' dir='ltr'>οὖσα</span> <span class='ocrx_word' id='word_1_827' title='bbox 1784 5636 1869 5699; x_wconf 87' lang='grc' dir='ltr'><strong>τίς</strong></span> 
     </span>
    </p>
   </div>
   <div class='ocr_carea' id='block_1_107' title="bbox 298 5724 1870 5796">
    <p class='ocr_par' dir='ltr' id='par_1_107' title="bbox 298 5724 1870 5796">
     <span class='ocr_line' id='line_1_107' title="bbox 298 5724 1870 5796; baseline 0.001 -18"><span class='ocrx_word' id='word_1_828' title='bbox 298 5730 444 5779; x_wconf 80' lang='grc' dir='ltr'>κατὰ</span> <span class='ocrx_word' id='word_1_829' title='bbox 474 5724 572 5795; x_wconf 77' lang='grc' dir='ltr'>τὴν</span> <span class='ocrx_word' id='word_1_830' title='bbox 600 5724 735 5778; x_wconf 87' lang='grc' dir='ltr'>ίδίαν</span> <span class='ocrx_word' id='word_1_831' title='bbox 768 5724 927 5793; x_wconf 90' lang='grc' dir='ltr'>φύσιν</span> <span class='ocrx_word' id='word_1_832' title='bbox 954 5724 1121 5788; x_wconf 71' lang='grc' dir='ltr'>ἐστὶν,</span> <span class='ocrx_word' id='word_1_833' title='bbox 1158 5724 1309 5781; x_wconf 83' lang='grc' dir='ltr'>οὐδὲν</span> <span class='ocrx_word' id='word_1_834' title='bbox 1340 5726 1404 5778; x_wconf 87' lang='grc' dir='ltr'><strong>ἐκ</strong></span> <span class='ocrx_word' id='word_1_835' title='bbox 1427 5725 1525 5795; x_wconf 82' lang='grc' dir='ltr'><strong>τῆς</strong></span> <span class='ocrx_word' id='word_1_836' title='bbox 1553 5725 1870 5796; x_wconf 86' lang='grc' dir='ltr'>ἐπωνυμίας</span> 
     </span>
    </p>
   </div>
   <div class='ocr_carea' id='block_1_108' title="bbox 298 5814 1869 5891">
    <p class='ocr_par' dir='ltr' id='par_1_108' title="bbox 298 5814 1869 5891">
     <span class='ocr_line' id='line_1_108' title="bbox 298 5814 1869 5891; baseline 0.003 -20"><span class='ocrx_word' id='word_1_837' title='bbox 298 5817 504 5891; x_wconf 84' lang='grc' dir='ltr'>ταύτης</span> <span class='ocrx_word' id='word_1_838' title='bbox 546 5818 679 5889; x_wconf 78' lang='grc' dir='ltr'>πρὸς</span> <span class='ocrx_word' id='word_1_839' title='bbox 708 5818 766 5871; x_wconf 85' lang='grc' dir='ltr'><strong>τὸ</strong></span> <span class='ocrx_word' id='word_1_840' title='bbox 798 5818 1031 5873; x_wconf 71' lang='grc' dir='ltr'>κατιδεῖν</span> <span class='ocrx_word' id='word_1_841' title='bbox 1062 5816 1439 5889; x_wconf 50' lang='lat' dir='ltr'><strong>camenas».</strong></span> <span class='ocrx_word' id='word_1_842' title='bbox 1484 5819 1614 5874; x_wconf 86' lang='grc' dir='ltr'>Οὐδέ</span> <span class='ocrx_word' id='word_1_843' title='bbox 1645 5819 1750 5891; x_wconf 69' lang='grc' dir='ltr'><strong>γὰρ</strong></span> <span class='ocrx_word' id='word_1_844' title='bbox 1802 5814 1869 5875; x_wconf 65' lang='grc' dir='ltr'><strong>ἦν</strong></span> 
     </span>
    </p>
   </div>
   <div class='ocr_carea' id='block_1_109' title="bbox 2047 4988 3550 5059">
    <p class='ocr_par' dir='ltr' id='par_1_109' title="bbox 2047 4988 3550 5059">
     <span class='ocr_line' id='line_1_109' title="bbox 2047 4988 3550 5059; baseline 0.002 -15"><span class='ocrx_word' id='word_1_845' title='bbox 2047 4989 2103 5044; x_wconf 91' lang='lat' dir='ltr'><strong>Si</strong></span> <span class='ocrx_word' id='word_1_846' title='bbox 2135 4989 2247 5058; x_wconf 89' lang='lat' dir='ltr'><strong>jam</strong></span> <span class='ocrx_word' id='word_1_847' title='bbox 2292 4988 2598 5059; x_wconf 79' lang='lat' dir='ltr'><strong>exemplum</strong></span> <span class='ocrx_word' id='word_1_848' title='bbox 2633 4988 2966 5044; x_wconf 89' lang='lat' dir='ltr'><strong>intellectum</strong></span> <span class='ocrx_word' id='word_1_849' title='bbox 2994 4995 3099 5051; x_wconf 87' lang='lat' dir='ltr'><strong>est,</strong></span> <span class='ocrx_word' id='word_1_850' title='bbox 3135 4998 3351 5059; x_wconf 86' lang='lat' dir='ltr'><strong>tempus</strong></span> <span class='ocrx_word' id='word_1_851' title='bbox 3382 4991 3550 5047; x_wconf 90' lang='lat' dir='ltr'><strong>fuerit</strong></span> 
     </span>
    </p>
   </div>
   <div class='ocr_carea' id='block_1_110' title="bbox 1974 5075 3555 5150">
    <p class='ocr_par' dir='ltr' id='par_1_110' title="bbox 1974 5075 3555 5150">
     <span class='ocr_line' id='line_1_110' title="bbox 1974 5075 3555 5150; baseline -0.003 -12"><span class='ocrx_word' id='word_1_852' title='bbox 1974 5095 2281 5139; x_wconf 83' lang='lat' dir='ltr'><strong>sermonem</strong></span> <span class='ocrx_word' id='word_1_853' title='bbox 2312 5082 2378 5134; x_wconf 87' lang='lat' dir='ltr'><strong>ad</strong></span> <span class='ocrx_word' id='word_1_854' title='bbox 2412 5094 2522 5134; x_wconf 86' lang='lat' dir='ltr'><strong>rem</strong></span> <span class='ocrx_word' id='word_1_855' title='bbox 2544 5080 2721 5150; x_wconf 88' lang='lat' dir='ltr'><strong>ipsam</strong></span> <span class='ocrx_word' id='word_1_856' title='bbox 2742 5075 3060 5143; x_wconf 81' lang='lat' dir='ltr'><strong>transferre,</strong></span> <span class='ocrx_word' id='word_1_857' title='bbox 3083 5078 3243 5147; x_wconf 90' lang='lat' dir='ltr'><strong>cujus</strong></span> <span class='ocrx_word' id='word_1_858' title='bbox 3270 5090 3355 5143; x_wconf 85' lang='lat' dir='ltr'><strong>est</strong></span> <span class='ocrx_word' id='word_1_859' title='bbox 3373 5096 3555 5136; x_wconf 81' lang='lat' dir='ltr'><strong>exem-</strong></span> 
     </span>
    </p>
   </div>
   <div class='ocr_carea' id='block_1_111' title="bbox 1975 5172 3556 5245">
    <p class='ocr_par' dir='ltr' id='par_1_111' title="bbox 1975 5172 3556 5245">
     <span class='ocr_line' id='line_1_111' title="bbox 1975 5172 3556 5245; baseline -0.004 -14"><span class='ocrx_word' id='word_1_860' title='bbox 1975 5176 2144 5245; x_wconf 86' lang='lat' dir='ltr'><strong>plum.</strong></span> <span class='ocrx_word' id='word_1_861' title='bbox 2203 5172 2438 5229; x_wconf 87' lang='lat' dir='ltr'><strong>Primam</strong></span> <span class='ocrx_word' id='word_1_862' title='bbox 2493 5187 2714 5227; x_wconf 86' lang='lat' dir='ltr'><strong>causam</strong></span> <span class='ocrx_word' id='word_1_863' title='bbox 2777 5188 2841 5226; x_wconf 78' lang='lat' dir='ltr'><strong>ex</strong></span> <span class='ocrx_word' id='word_1_864' title='bbox 2898 5172 3045 5225; x_wconf 88' lang='lat' dir='ltr'><strong>nulla</strong></span> <span class='ocrx_word' id='word_1_865' title='bbox 3109 5172 3556 5242; x_wconf 66' lang='lat' dir='ltr'><strong>supereminente</strong></span> 
     </span>
    </p>
   </div>
   <div class='ocr_carea' id='block_1_112' title="bbox 1975 5262 3551 5333">
    <p class='ocr_par' dir='ltr' id='par_1_112' title="bbox 1975 5262 3551 5333">
     <span class='ocr_line' id='line_1_112' title="bbox 1975 5262 3551 5333; baseline -0.003 -11"><span class='ocrx_word' id='word_1_866' title='bbox 1975 5281 2143 5323; x_wconf 87' lang='lat' dir='ltr'><strong>causa</strong></span> <span class='ocrx_word' id='word_1_867' title='bbox 2168 5265 2366 5320; x_wconf 87' lang='lat' dir='ltr'><strong>habere</strong></span> <span class='ocrx_word' id='word_1_868' title='bbox 2383 5280 2505 5319; x_wconf 80' lang='lat' dir='ltr'><strong>esse</strong></span> <span class='ocrx_word' id='word_1_869' title='bbox 2534 5262 3067 5332; x_wconf 83' lang='lat' dir='ltr'><strong>comprehendimus.</strong></span> <span class='ocrx_word' id='word_1_870' title='bbox 3097 5262 3237 5333; x_wconf 84' lang='lat' dir='ltr'><strong>Ergo</strong></span> <span class='ocrx_word' id='word_1_871' title='bbox 3266 5262 3434 5319; x_wconf 89' lang='lat' dir='ltr'><strong>Deum</strong></span> <span class='ocrx_word' id='word_1_872' title='bbox 3458 5268 3551 5331; x_wconf 80' lang='lat' dir='ltr'><strong>qui</strong></span> 
     </span>
    </p>
   </div>
   <div class='ocr_carea' id='block_1_113' title="bbox 1976 5353 3543 5428">
    <p class='ocr_par' dir='ltr' id='par_1_113' title="bbox 1976 5353 3543 5428">
     <span class='ocr_line' id='line_1_113' title="bbox 1976 5353 3543 5428; baseline -0.004 -15"><span class='ocrx_word' id='word_1_873' title='bbox 1976 5358 2140 5414; x_wconf 91' lang='lat' dir='ltr'><strong>modo</strong></span> <span class='ocrx_word' id='word_1_874' title='bbox 2172 5357 2414 5428; x_wconf 84' lang='lat' dir='ltr'><strong>ingenito</strong></span> <span class='ocrx_word' id='word_1_875' title='bbox 2445 5371 2503 5411; x_wconf 85' lang='lat' dir='ltr'><strong>se</strong></span> <span class='ocrx_word' id='word_1_876' title='bbox 2538 5355 2721 5418; x_wconf 86' lang='lat' dir='ltr'><strong>habet,</strong></span> <span class='ocrx_word' id='word_1_877' title='bbox 2757 5353 2823 5407; x_wconf 92' lang='lat' dir='ltr'><strong>ad</strong></span> <span class='ocrx_word' id='word_1_878' title='bbox 2866 5354 3105 5409; x_wconf 88' lang='lat' dir='ltr'><strong>nominis</strong></span> <span class='ocrx_word' id='word_1_879' title='bbox 3138 5354 3368 5409; x_wconf 82' lang='lat' dir='ltr'><strong>formam</strong></span> <span class='ocrx_word' id='word_1_880' title='bbox 3403 5358 3543 5408; x_wconf 86' lang='lat' dir='ltr'><strong>noti-</strong></span> 
     </span>
    </p>
   </div>
   <div class='ocr_carea' id='block_1_114' title="bbox 1974 5443 3551 5514">
    <p class='ocr_par' dir='ltr' id='par_1_114' title="bbox 1974 5443 3551 5514">
     <span class='ocr_line' id='line_1_114' title="bbox 1974 5443 3551 5514; baseline -0.004 -11"><span class='ocrx_word' id='word_1_881' title='bbox 1974 5449 2108 5503; x_wconf 89' lang='lat' dir='ltr'><strong>tiam</strong></span> <span class='ocrx_word' id='word_1_882' title='bbox 2130 5448 2273 5502; x_wconf 90' lang='lat' dir='ltr'><strong>hanc</strong></span> <span class='ocrx_word' id='word_1_883' title='bbox 2290 5444 2621 5501; x_wconf 88' lang='lat' dir='ltr'><strong>adducentes</strong></span> <span class='ocrx_word' id='word_1_884' title='bbox 2643 5444 2939 5514; x_wconf 86' lang='lat' dir='ltr'><strong>ingenitum</strong></span> <span class='ocrx_word' id='word_1_885' title='bbox 2954 5444 3375 5497; x_wconf 85' lang='lat' dir='ltr'><strong>nominavimus.</strong></span> <span class='ocrx_word' id='word_1_886' title='bbox 3394 5443 3551 5509; x_wconf 69' lang='lat' dir='ltr'><strong>Quod</strong></span> 
     </span>
    </p>
   </div>
   <div class='ocr_carea' id='block_1_115' title="bbox 1976 5533 3553 5610">
    <p class='ocr_par' dir='ltr' id='par_1_115' title="bbox 1976 5533 3553 5610">
     <span class='ocr_line' id='line_1_115' title="bbox 1976 5533 3553 5610; baseline -0.006 -16"><span class='ocrx_word' id='word_1_887' title='bbox 1976 5540 2143 5610; x_wconf 88' lang='lat' dir='ltr'><strong>igitur</strong></span> <span class='ocrx_word' id='word_1_888' title='bbox 2172 5552 2268 5609; x_wconf 91' lang='lat' dir='ltr'><strong>per</strong></span> <span class='ocrx_word' id='word_1_889' title='bbox 2299 5535 2702 5607; x_wconf 88' lang='lat' dir='ltr'><strong>generationem</strong></span> <span class='ocrx_word' id='word_1_890' title='bbox 2738 5548 2847 5588; x_wconf 93' lang='lat' dir='ltr'><strong>non</strong></span> <span class='ocrx_word' id='word_1_891' title='bbox 2892 5540 2977 5587; x_wconf 85' lang='lat' dir='ltr'><strong>est</strong></span> <span class='ocrx_word' id='word_1_892' title='bbox 3012 5547 3075 5586; x_wconf 80' lang='lat' dir='ltr'><strong>cx</strong></span> <span class='ocrx_word' id='word_1_893' title='bbox 3108 5533 3348 5587; x_wconf 92' lang='lat' dir='ltr'><strong>nominis</strong></span> <span class='ocrx_word' id='word_1_894' title='bbox 3378 5534 3553 5602; x_wconf 80' lang='lat' dir='ltr'><strong>signi-</strong></span> 
     </span>
    </p>
   </div>
   <div class='ocr_carea' id='block_1_116' title="bbox 1975 5624 3553 5694">
    <p class='ocr_par' dir='ltr' id='par_1_116' title="bbox 1975 5624 3553 5694">
     <span class='ocr_line' id='line_1_116' title="bbox 1975 5624 3553 5694; baseline -0.003 -9"><span class='ocrx_word' id='word_1_895' title='bbox 1975 5630 2227 5686; x_wconf 82' lang='lat' dir='ltr'><strong>ficatione</strong></span> <span class='ocrx_word' id='word_1_896' title='bbox 2272 5625 2702 5684; x_wconf 87' lang='lat' dir='ltr'><strong>declaravimus:</strong></span> <span class='ocrx_word' id='word_1_897' title='bbox 2761 5625 2877 5694; x_wconf 77' lang='lat' dir='ltr'><strong>ipsa</strong></span> <span class='ocrx_word' id='word_1_898' title='bbox 2928 5632 3110 5679; x_wconf 89' lang='lat' dir='ltr'><strong>autem</strong></span> <span class='ocrx_word' id='word_1_899' title='bbox 3150 5624 3389 5681; x_wconf 89' lang='lat' dir='ltr'><strong>essentia</strong></span> <span class='ocrx_word' id='word_1_900' title='bbox 3429 5632 3553 5694; x_wconf 61' lang='lat' dir='ltr'><strong>qui:</strong></span> 
     </span>
    </p>
   </div>
   <div class='ocr_carea' id='block_1_117' title="bbox 1974 5716 3548 5791">
    <p class='ocr_par' dir='ltr' id='par_1_117' title="bbox 1974 5716 3548 5791">
     <span class='ocr_line' id='line_1_117' title="bbox 1974 5716 3548 5791; baseline -0.004 -13"><span class='ocrx_word' id='word_1_901' title='bbox 1974 5730 2060 5778; x_wconf 88' lang='lat' dir='ltr'><strong>est</strong></span> <span class='ocrx_word' id='word_1_902' title='bbox 2094 5722 2333 5791; x_wconf 82' lang='lat' dir='ltr'><strong>ingenita</strong></span> <span class='ocrx_word' id='word_1_903' title='bbox 2361 5716 2659 5776; x_wconf 90' lang='lat' dir='ltr'><strong>secundum</strong></span> <span class='ocrx_word' id='word_1_904' title='bbox 2704 5717 2981 5789; x_wconf 84' lang='lat' dir='ltr'><strong>propriam</strong></span> <span class='ocrx_word' id='word_1_905' title='bbox 3016 5725 3267 5771; x_wconf 86' lang='lat' dir='ltr'><strong>naturam</strong></span> <span class='ocrx_word' id='word_1_906' title='bbox 3300 5732 3548 5787; x_wconf 64' lang='lat' dir='ltr'><strong>quaenam</strong></span> 
     </span>
    </p>
   </div>
   <div class='ocr_carea' id='block_1_118' title="bbox 1976 5808 3545 5882">
    <p class='ocr_par' dir='ltr' id='par_1_118' title="bbox 1976 5808 3545 5882">
     <span class='ocr_line' id='line_1_118' title="bbox 1976 5808 3545 5882; baseline -0.008 -8"><span class='ocrx_word' id='word_1_907' title='bbox 1976 5824 2080 5879; x_wconf 84' lang='lat' dir='ltr'><strong>est,</strong></span> <span class='ocrx_word' id='word_1_908' title='bbox 2146 5813 2277 5869; x_wconf 91' lang='lat' dir='ltr'><strong>nihil</strong></span> <span class='ocrx_word' id='word_1_909' title='bbox 2331 5828 2396 5869; x_wconf 76' lang='lat' dir='ltr'><strong>ex</strong></span> <span class='ocrx_word' id='word_1_910' title='bbox 2450 5810 2928 5882; x_wconf 87' lang='lat' dir='ltr'><strong>coguomiuationc</strong></span> <span class='ocrx_word' id='word_1_911' title='bbox 2976 5809 3045 5864; x_wconf 88' lang='lat' dir='ltr'><strong>ad</strong></span> <span class='ocrx_word' id='word_1_912' title='bbox 3096 5808 3545 5880; x_wconf 86' lang='lat' dir='ltr'><strong>conspiciendum</strong></span> 
     </span>
    </p>
   </div>
  </div>
