  <div class='ocr_page' id='page_1' title='image "/cluster/home/n/w/nwhite01/storage/ocr_20150623/45/hvd.32044019826437/491.png"; bbox 0 0 4006 6496; ppageno 0'>
   <div class='ocr_carea' id='block_1_1' title="bbox 553 351 660 409">
    <p class='ocr_par' dir='ltr' id='par_1_1' title="bbox 553 351 660 409">
     <span class='ocr_line' id='line_1_1' title="bbox 553 351 660 409; baseline -0.009 -1"><span class='ocrx_word' id='word_1_1' title='bbox 553 351 660 409; x_wconf 80' lang='lat'><strong>975</strong></span> 
     </span>
    </p>
   </div>
   <div class='ocr_carea' id='block_1_2' title="bbox 1796 359 3751 444">
    <p class='ocr_par' dir='ltr' id='par_1_2' title="bbox 1796 359 3751 444">
     <span class='ocr_line' id='line_1_2' title="bbox 1796 359 3751 444; baseline 0.015 -30"><span class='ocrx_word' id='word_1_2' title='bbox 1796 359 1854 414; x_wconf 88' lang='lat' dir='ltr'><strong>S.</strong></span> <span class='ocrx_word' id='word_1_3' title='bbox 1893 359 2220 419; x_wconf 77' lang='lat' dir='ltr'><strong>GREGORII</strong></span> <span class='ocrx_word' id='word_1_4' title='bbox 2258 366 2548 427; x_wconf 69' lang='lat' dir='ltr'><strong>NYSSFNI</strong></span> <span class='ocrx_word' id='word_1_5' title='bbox 3661 387 3751 444; x_wconf 82' lang='lat'><strong>976</strong></span> 
     </span>
    </p>
   </div>
   <div class='ocr_carea' id='block_1_3' title="bbox 546 461 2101 561">
    <p class='ocr_par' dir='ltr' id='par_1_3' title="bbox 546 461 2101 532">
     <span class='ocr_line' id='line_1_3' title="bbox 546 461 2101 532; baseline 0.01 -16"><span class='ocrx_word' id='word_1_6' title='bbox 546 461 741 518; x_wconf 82' lang='lat' dir='ltr'><strong>directi</strong></span> <span class='ocrx_word' id='word_1_7' title='bbox 796 478 1006 520; x_wconf 85' lang='lat' dir='ltr'><strong>sumus.</strong></span> <span class='ocrx_word' id='word_1_8' title='bbox 1067 461 1186 521; x_wconf 83' lang='lat' dir='ltr'><strong>Non</strong></span> <span class='ocrx_word' id='word_1_9' title='bbox 1228 467 1373 522; x_wconf 89' lang='lat' dir='ltr'><strong>enim</strong></span> <span class='ocrx_word' id='word_1_10' title='bbox 1419 477 1536 524; x_wconf 89' lang='lat' dir='ltr'><strong>erat</strong></span> <span class='ocrx_word' id='word_1_11' title='bbox 1581 483 2004 531; x_wconf 75' lang='lat' dir='ltr'><strong>consentaneum</strong></span> <span class='ocrx_word' id='word_1_12' title='bbox 2058 479 2101 532; x_wconf 86' lang='lat' dir='ltr'><strong>in</strong></span> 
     </span>
    </p>
   </div>
   <div class='ocr_carea' id='block_1_4' title="bbox 2203 461 3751 561">
    <p class='ocr_par' dir='ltr' id='par_1_4' title="bbox 2215 484 3751 561">
     <span class='ocr_line' id='line_1_4' title="bbox 2215 484 3751 561; baseline 0.012 -27"><span class='ocrx_word' id='word_1_13' title='bbox 2215 484 2359 548; x_wconf 77' lang='grc' dir='ltr'>εἰκὸς</span> <span class='ocrx_word' id='word_1_14' title='bbox 2412 486 2573 556; x_wconf 84' lang='grc' dir='ltr'>μέχρι</span> <span class='ocrx_word' id='word_1_15' title='bbox 2624 488 2876 541; x_wconf 77' lang='grc' dir='ltr'><strong>τοσούτου</strong></span> <span class='ocrx_word' id='word_1_16' title='bbox 2921 487 3017 558; x_wconf 76' lang='grc' dir='ltr'>τὴν</span> <span class='ocrx_word' id='word_1_17' title='bbox 3063 487 3173 541; x_wconf 88' lang='grc' dir='ltr'><strong>τῶν</strong></span> <span class='ocrx_word' id='word_1_18' title='bbox 3220 488 3491 560; x_wconf 72' lang='grc' dir='ltr'><strong>λογισμῶν</strong></span> <span class='ocrx_word' id='word_1_19' title='bbox 3533 497 3751 561; x_wconf 84' lang='grc' dir='ltr'>ἐπίνοιαν</span> 
     </span>
    </p>
   </div>
   <div class='ocr_carea' id='block_1_5' title="bbox 546 555 2108 637">
    <p class='ocr_par' dir='ltr' id='par_1_5' title="bbox 546 555 2108 637">
     <span class='ocr_line' id='line_1_5' title="bbox 546 555 2108 637; baseline 0.012 -30"><span class='ocrx_word' id='word_1_20' title='bbox 546 560 758 608; x_wconf 86' lang='lat' dir='ltr'><strong>tantum</strong></span> <span class='ocrx_word' id='word_1_21' title='bbox 814 555 1286 612; x_wconf 83' lang='lat' dir='ltr'><strong>ratiocinationum</strong></span> <span class='ocrx_word' id='word_1_22' title='bbox 1337 565 1847 622; x_wconf 71' lang='lat' dir='ltr'><strong>commentationem</strong></span> <span class='ocrx_word' id='word_1_23' title='bbox 1905 570 2108 637; x_wconf 88' lang='lat' dir='ltr'><strong>valere,</strong></span> 
     </span>
    </p>
   </div>
   <div class='ocr_carea' id='block_1_6' title="bbox 550 647 2112 732">
    <p class='ocr_par' dir='ltr' id='par_1_6' title="bbox 550 647 2112 732">
     <span class='ocr_line' id='line_1_6' title="bbox 550 647 2112 732; baseline 0.013 -34"><span class='ocrx_word' id='word_1_24' title='bbox 550 653 608 698; x_wconf 92' lang='lat' dir='ltr'><strong>ut</strong></span> <span class='ocrx_word' id='word_1_25' title='bbox 639 660 738 700; x_wconf 92' lang='lat' dir='ltr'><strong>nos</strong></span> <span class='ocrx_word' id='word_1_26' title='bbox 766 647 987 702; x_wconf 91' lang='lat' dir='ltr'><strong>extollat</strong></span> <span class='ocrx_word' id='word_1_27' title='bbox 1021 664 1186 722; x_wconf 86' lang='lat' dir='ltr'><strong>supra</strong></span> <span class='ocrx_word' id='word_1_28' title='bbox 1214 662 1420 708; x_wconf 67' lang='lat' dir='ltr'><strong>natura:</strong></span> <span class='ocrx_word' id='word_1_29' title='bbox 1444 656 1655 719; x_wconf 89' lang='lat' dir='ltr'><strong>modos,</strong></span> <span class='ocrx_word' id='word_1_30' title='bbox 1689 669 1740 713; x_wconf 89' lang='lat' dir='ltr'><strong>et</strong></span> <span class='ocrx_word' id='word_1_31' title='bbox 1783 659 1851 713; x_wconf 91' lang='lat' dir='ltr'><strong>ad</strong></span> <span class='ocrx_word' id='word_1_32' title='bbox 1892 677 1956 716; x_wconf 89' lang='lat' dir='ltr'><strong>ea</strong></span> <span class='ocrx_word' id='word_1_33' title='bbox 1991 679 2112 732; x_wconf 70' lang='lat' dir='ltr'><strong>quae</strong></span> 
     </span>
    </p>
   </div>
   <div class='ocr_carea' id='block_1_7' title="bbox 546 737 2112 816">
    <p class='ocr_par' dir='ltr' id='par_1_7' title="bbox 546 737 2112 816">
     <span class='ocr_line' id='line_1_7' title="bbox 546 737 2112 816; baseline 0.011 -28"><span class='ocrx_word' id='word_1_34' title='bbox 546 737 936 807; x_wconf 82' lang='lat' dir='ltr'><strong>comprehendi</strong></span> <span class='ocrx_word' id='word_1_35' title='bbox 994 754 1103 794; x_wconf 92' lang='lat' dir='ltr'><strong>non</strong></span> <span class='ocrx_word' id='word_1_36' title='bbox 1159 751 1408 810; x_wconf 88' lang='lat' dir='ltr'><strong>possunt,</strong></span> <span class='ocrx_word' id='word_1_37' title='bbox 1476 747 1771 802; x_wconf 83' lang='lat' dir='ltr'><strong>ascendere</strong></span> <span class='ocrx_word' id='word_1_38' title='bbox 1819 750 2002 816; x_wconf 87' lang='lat' dir='ltr'><strong>faciat,</strong></span> <span class='ocrx_word' id='word_1_39' title='bbox 2058 761 2112 808; x_wconf 87' lang='lat' dir='ltr'><strong>et</strong></span> 
     </span>
    </p>
   </div>
   <div class='ocr_carea' id='block_1_8' title="bbox 547 835 2109 912">
    <p class='ocr_par' dir='ltr' id='par_1_8' title="bbox 547 835 2109 912">
     <span class='ocr_line' id='line_1_8' title="bbox 547 835 2109 912; baseline 0.012 -31"><span class='ocrx_word' id='word_1_40' title='bbox 547 844 780 897; x_wconf 91' lang='lat' dir='ltr'><strong>quorum</strong></span> <span class='ocrx_word' id='word_1_41' title='bbox 814 846 924 887; x_wconf 88' lang='lat' dir='ltr'><strong>non</strong></span> <span class='ocrx_word' id='word_1_42' title='bbox 957 839 1041 886; x_wconf 92' lang='lat' dir='ltr'><strong>est</strong></span> <span class='ocrx_word' id='word_1_43' title='bbox 1071 846 1326 889; x_wconf 82' lang='lat' dir='ltr'><strong>accessus</strong></span> <span class='ocrx_word' id='word_1_44' title='bbox 1355 835 1423 889; x_wconf 89' lang='lat' dir='ltr'><strong>ad</strong></span> <span class='ocrx_word' id='word_1_45' title='bbox 1451 848 1692 894; x_wconf 87' lang='lat' dir='ltr'><strong>nostram</strong></span> <span class='ocrx_word' id='word_1_46' title='bbox 1723 844 2109 912; x_wconf 84' lang='lat' dir='ltr'><strong>cognitionem.</strong></span> 
     </span>
    </p>
   </div>
   <div class='ocr_carea' id='block_1_9' title="bbox 547 921 2111 1001">
    <p class='ocr_par' dir='ltr' id='par_1_9' title="bbox 547 921 2111 1001">
     <span class='ocr_line' id='line_1_9' title="bbox 547 921 2111 1001; baseline 0.012 -27"><span class='ocrx_word' id='word_1_47' title='bbox 547 921 663 975; x_wconf 61' lang='lat' dir='ltr'><strong>haec</strong></span> <span class='ocrx_word' id='word_1_48' title='bbox 717 930 906 978; x_wconf 89' lang='lat' dir='ltr'><strong>nostra</strong></span> <span class='ocrx_word' id='word_1_49' title='bbox 962 925 1272 994; x_wconf 77' lang='lat' dir='ltr'><strong>cognitione</strong></span> <span class='ocrx_word' id='word_1_50' title='bbox 1327 930 1612 998; x_wconf 86' lang='lat' dir='ltr'><strong>complecti</strong></span> <span class='ocrx_word' id='word_1_51' title='bbox 1675 936 1965 1001; x_wconf 84' lang='lat' dir='ltr'><strong>possimus.</strong></span> <span class='ocrx_word' id='word_1_52' title='bbox 2004 935 2111 992; x_wconf 88' lang='lat' dir='ltr'><strong>Sed</strong></span> 
     </span>
    </p>
   </div>
   <div class='ocr_carea' id='block_1_10' title="bbox 548 1017 2111 1098">
    <p class='ocr_par' dir='ltr' id='par_1_10' title="bbox 548 1017 2111 1098">
     <span class='ocr_line' id='line_1_10' title="bbox 548 1017 2111 1098; baseline 0.012 -33"><span class='ocrx_word' id='word_1_53' title='bbox 548 1021 797 1068; x_wconf 89' lang='lat' dir='ltr'><strong>nostrum</strong></span> <span class='ocrx_word' id='word_1_54' title='bbox 833 1017 1151 1086; x_wconf 85' lang='lat' dir='ltr'><strong>magistrum</strong></span> <span class='ocrx_word' id='word_1_55' title='bbox 1183 1019 1442 1089; x_wconf 76' lang='lat' dir='ltr'><strong>exagitat,</strong></span> <span class='ocrx_word' id='word_1_56' title='bbox 1501 1031 1556 1076; x_wconf 91' lang='lat' dir='ltr'><strong>et</strong></span> <span class='ocrx_word' id='word_1_57' title='bbox 1599 1038 1906 1081; x_wconf 90' lang='lat' dir='ltr'><strong>sermonem</strong></span> <span class='ocrx_word' id='word_1_58' title='bbox 1949 1045 2111 1098; x_wconf 89' lang='lat' dir='ltr'><strong>quem</strong></span> 
     </span>
    </p>
   </div>
   <div class='ocr_carea' id='block_1_11' title="bbox 547 1099 2114 1180">
    <p class='ocr_par' dir='ltr' id='par_1_11' title="bbox 547 1099 2114 1180">
     <span class='ocr_line' id='line_1_11' title="bbox 547 1099 2114 1180; baseline 0.013 -26"><span class='ocrx_word' id='word_1_59' title='bbox 547 1099 614 1154; x_wconf 90' lang='lat' dir='ltr'><strong>de</strong></span> <span class='ocrx_word' id='word_1_60' title='bbox 644 1103 1096 1158; x_wconf 80' lang='lat' dir='ltr'><strong>commentatione</strong></span> <span class='ocrx_word' id='word_1_61' title='bbox 1121 1104 1280 1160; x_wconf 84' lang='lat' dir='ltr'><strong>habet</strong></span> <span class='ocrx_word' id='word_1_62' title='bbox 1317 1107 1407 1163; x_wconf 90' lang='lat' dir='ltr'><strong>ille</strong></span> <span class='ocrx_word' id='word_1_63' title='bbox 1422 1109 1674 1166; x_wconf 85' lang='lat' dir='ltr'><strong>distrahit</strong></span> <span class='ocrx_word' id='word_1_64' title='bbox 1705 1129 1768 1166; x_wconf 88' lang='lat' dir='ltr'><strong>ac</strong></span> <span class='ocrx_word' id='word_1_65' title='bbox 1803 1115 2026 1180; x_wconf 87' lang='lat' dir='ltr'><strong>lacerat,</strong></span> <span class='ocrx_word' id='word_1_66' title='bbox 2060 1126 2114 1174; x_wconf 87' lang='lat' dir='ltr'><strong>et</strong></span> 
     </span>
    </p>
   </div>
   <div class='ocr_carea' id='block_1_12' title="bbox 546 1192 2111 1264">
    <p class='ocr_par' dir='ltr' id='par_1_12' title="bbox 546 1192 2111 1264">
     <span class='ocr_line' id='line_1_12' title="bbox 546 1192 2111 1264; baseline 0.011 -18"><span class='ocrx_word' id='word_1_67' title='bbox 546 1192 710 1247; x_wconf 75' lang='lat' dir='ltr'><strong>dictis</strong></span> <span class='ocrx_word' id='word_1_68' title='bbox 773 1193 1031 1260; x_wconf 85' lang='lat' dir='ltr'><strong>insultat,</strong></span> <span class='ocrx_word' id='word_1_69' title='bbox 1089 1211 1281 1253; x_wconf 86' lang='lat' dir='ltr'><strong>rursus</strong></span> <span class='ocrx_word' id='word_1_70' title='bbox 1337 1211 1602 1257; x_wconf 88' lang='lat' dir='ltr'><strong>consueto</strong></span> <span class='ocrx_word' id='word_1_71' title='bbox 1651 1205 2111 1264; x_wconf 87' lang='lat' dir='ltr'><strong>dictiuncularnm</strong></span> 
     </span>
    </p>
   </div>
   <div class='ocr_carea' id='block_1_13' title="bbox 546 1283 2108 1365">
    <p class='ocr_par' dir='ltr' id='par_1_13' title="bbox 546 1283 2108 1365">
     <span class='ocr_line' id='line_1_13' title="bbox 546 1283 2108 1365; baseline 0.012 -29"><span class='ocrx_word' id='word_1_72' title='bbox 546 1298 681 1336; x_wconf 87' lang='lat' dir='ltr'><strong>sono</strong></span> <span class='ocrx_word' id='word_1_73' title='bbox 703 1291 754 1337; x_wconf 91' lang='lat' dir='ltr'><strong>et</strong></span> <span class='ocrx_word' id='word_1_74' title='bbox 777 1283 972 1353; x_wconf 89' lang='lat' dir='ltr'><strong>plausu</strong></span> <span class='ocrx_word' id='word_1_75' title='bbox 1003 1285 1291 1342; x_wconf 85' lang='lat' dir='ltr'><strong>lasciviens</strong></span> <span class='ocrx_word' id='word_1_76' title='bbox 1315 1291 1495 1346; x_wconf 84' lang='lat' dir='ltr'><strong>verbis</strong></span> <span class='ocrx_word' id='word_1_77' title='bbox 1518 1304 1570 1347; x_wconf 90' lang='lat' dir='ltr'><strong>et</strong></span> <span class='ocrx_word' id='word_1_78' title='bbox 1592 1294 1896 1363; x_wconf 86' lang='lat' dir='ltr'><strong>luxurians,</strong></span> <span class='ocrx_word' id='word_1_79' title='bbox 1938 1308 1991 1353; x_wconf 90' lang='lat' dir='ltr'><strong>et</strong></span> <span class='ocrx_word' id='word_1_80' title='bbox 2014 1302 2108 1365; x_wconf 84' lang='lat' dir='ltr'><strong>ait,</strong></span> 
     </span>
    </p>
   </div>
   <div class='ocr_carea' id='block_1_14' title="bbox 547 1373 2112 1452">
    <p class='ocr_par' dir='ltr' id='par_1_14' title="bbox 547 1373 2112 1452">
     <span class='ocr_line' id='line_1_14' title="bbox 547 1373 2112 1452; baseline 0.013 -26"><span class='ocrx_word' id='word_1_81' title='bbox 547 1373 786 1438; x_wconf 85' lang='lat' dir='ltr'><strong>Quorum</strong></span> <span class='ocrx_word' id='word_1_82' title='bbox 823 1376 928 1430; x_wconf 89' lang='lat' dir='ltr'><strong>sibi</strong></span> <span class='ocrx_word' id='word_1_83' title='bbox 980 1378 1218 1433; x_wconf 89' lang='lat' dir='ltr'><strong>vindicat</strong></span> <span class='ocrx_word' id='word_1_84' title='bbox 1254 1381 1772 1452; x_wconf 85' lang='lat' dir='ltr'><strong>interpretationem,</strong></span> <span class='ocrx_word' id='word_1_85' title='bbox 1809 1405 1996 1444; x_wconf 88' lang='lat' dir='ltr'><strong>eorum</strong></span> <span class='ocrx_word' id='word_1_86' title='bbox 2033 1403 2112 1447; x_wconf 89' lang='lat' dir='ltr'><strong>te-</strong></span> 
     </span>
    </p>
   </div>
   <div class='ocr_carea' id='block_1_15' title="bbox 545 1465 2113 1544">
    <p class='ocr_par' dir='ltr' id='par_1_15' title="bbox 545 1465 2113 1544">
     <span class='ocr_line' id='line_1_15' title="bbox 545 1465 2113 1544; baseline 0.012 -26"><span class='ocrx_word' id='word_1_87' title='bbox 545 1465 862 1518; x_wconf 82' lang='lat' dir='ltr'><strong>stimonium</strong></span> <span class='ocrx_word' id='word_1_88' title='bbox 913 1482 1023 1536; x_wconf 75' lang='lat' dir='ltr'><strong>prae</strong></span> <span class='ocrx_word' id='word_1_89' title='bbox 1080 1469 1286 1538; x_wconf 90' lang='lat' dir='ltr'><strong>pudore</strong></span> <span class='ocrx_word' id='word_1_90' title='bbox 1334 1474 1554 1544; x_wconf 89' lang='lat' dir='ltr'><strong>refugit.</strong></span> <span class='ocrx_word' id='word_1_91' title='bbox 1589 1476 1724 1532; x_wconf 86' lang='lat' dir='ltr'><strong>Nam</strong></span> <span class='ocrx_word' id='word_1_92' title='bbox 1767 1495 1890 1534; x_wconf 91' lang='lat' dir='ltr'><strong>cum</strong></span> <span class='ocrx_word' id='word_1_93' title='bbox 1938 1497 2113 1536; x_wconf 84' lang='lat' dir='ltr'><strong>enun-</strong></span> 
     </span>
    </p>
   </div>
   <div class='ocr_carea' id='block_1_16' title="bbox 545 1554 2109 1638">
    <p class='ocr_par' dir='ltr' id='par_1_16' title="bbox 545 1554 2109 1638">
     <span class='ocr_line' id='line_1_16' title="bbox 545 1554 2109 1638; baseline 0.014 -34"><span class='ocrx_word' id='word_1_94' title='bbox 545 1554 753 1619; x_wconf 89' lang='lat' dir='ltr'><strong>tiasset,</strong></span> <span class='ocrx_word' id='word_1_95' title='bbox 776 1565 982 1626; x_wconf 90' lang='lat' dir='ltr'><strong>partem</strong></span> <span class='ocrx_word' id='word_1_96' title='bbox 1009 1559 1244 1628; x_wconf 84' lang='lat' dir='ltr'><strong>aliquam</strong></span> <span class='ocrx_word' id='word_1_97' title='bbox 1267 1576 1456 1618; x_wconf 90' lang='lat' dir='ltr'><strong>eorum</strong></span> <span class='ocrx_word' id='word_1_98' title='bbox 1479 1580 1599 1635; x_wconf 67' lang='lat' dir='ltr'><strong>quae</strong></span> <span class='ocrx_word' id='word_1_99' title='bbox 1627 1583 1656 1620; x_wconf 91' lang='lat' dir='ltr'><strong>a</strong></span> <span class='ocrx_word' id='word_1_100' title='bbox 1683 1571 1942 1638; x_wconf 89' lang='lat' dir='ltr'><strong>magistro</strong></span> <span class='ocrx_word' id='word_1_101' title='bbox 1963 1572 2109 1627; x_wconf 90' lang='lat' dir='ltr'><strong>circa</strong></span> 
     </span>
    </p>
   </div>
   <div class='ocr_carea' id='block_1_17' title="bbox 543 1649 2108 1730">
    <p class='ocr_par' dir='ltr' id='par_1_17' title="bbox 543 1649 2108 1730">
     <span class='ocr_line' id='line_1_17' title="bbox 543 1649 2108 1730; baseline 0.015 -36"><span class='ocrx_word' id='word_1_102' title='bbox 543 1649 1053 1704; x_wconf 84' lang='lat' dir='ltr'><strong>commentationem</strong></span> <span class='ocrx_word' id='word_1_103' title='bbox 1081 1653 1524 1722; x_wconf 90' lang='lat' dir='ltr'><strong>considerantur,</strong></span> <span class='ocrx_word' id='word_1_104' title='bbox 1561 1658 1616 1712; x_wconf 91' lang='lat' dir='ltr'><strong>in</strong></span> <span class='ocrx_word' id='word_1_105' title='bbox 1655 1660 1853 1730; x_wconf 91' lang='lat' dir='ltr'><strong>quibus</strong></span> <span class='ocrx_word' id='word_1_106' title='bbox 1881 1662 1972 1717; x_wconf 91' lang='lat' dir='ltr'><strong>ille</strong></span> <span class='ocrx_word' id='word_1_107' title='bbox 2001 1677 2108 1718; x_wconf 92' lang='lat' dir='ltr'><strong>non</strong></span> 
     </span>
    </p>
   </div>
   <div class='ocr_carea' id='block_1_18' title="bbox 543 1737 2109 1809">
    <p class='ocr_par' dir='ltr' id='par_1_18' title="bbox 543 1737 2109 1809">
     <span class='ocr_line' id='line_1_18' title="bbox 543 1737 2109 1809; baseline 0.014 -21"><span class='ocrx_word' id='word_1_108' title='bbox 543 1737 720 1791; x_wconf 81' lang='lat' dir='ltr'><strong>solum</strong></span> <span class='ocrx_word' id='word_1_109' title='bbox 774 1739 829 1793; x_wconf 89' lang='lat' dir='ltr'><strong>in</strong></span> <span class='ocrx_word' id='word_1_110' title='bbox 862 1742 1016 1799; x_wconf 84' lang='lat' dir='ltr'><strong>vanis</strong></span> <span class='ocrx_word' id='word_1_111' title='bbox 1055 1742 1325 1800; x_wconf 83' lang='lat' dir='ltr'><strong>ellicacem</strong></span> <span class='ocrx_word' id='word_1_112' title='bbox 1371 1747 1586 1803; x_wconf 87' lang='lat' dir='ltr'><strong>dicebat</strong></span> <span class='ocrx_word' id='word_1_113' title='bbox 1625 1765 1746 1806; x_wconf 85' lang='lat' dir='ltr'><strong>esse</strong></span> <span class='ocrx_word' id='word_1_114' title='bbox 1773 1766 2109 1809; x_wconf 88' lang='lat' dir='ltr'><strong>commenta-</strong></span> 
     </span>
    </p>
   </div>
   <div class='ocr_carea' id='block_1_19' title="bbox 543 1828 2108 1911">
    <p class='ocr_par' dir='ltr' id='par_1_19' title="bbox 543 1828 2108 1911">
     <span class='ocr_line' id='line_1_19' title="bbox 543 1828 2108 1911; baseline 0.012 -31"><span class='ocrx_word' id='word_1_115' title='bbox 543 1828 706 1884; x_wconf 89' lang='lat' dir='ltr'><strong>tionis</strong></span> <span class='ocrx_word' id='word_1_116' title='bbox 733 1845 915 1898; x_wconf 90' lang='lat' dir='ltr'><strong>usum,</strong></span> <span class='ocrx_word' id='word_1_117' title='bbox 965 1832 1059 1888; x_wconf 84' lang='lat' dir='ltr'><strong>sed</strong></span> <span class='ocrx_word' id='word_1_118' title='bbox 1087 1833 1248 1888; x_wconf 88' lang='lat' dir='ltr'><strong>etiam</strong></span> <span class='ocrx_word' id='word_1_119' title='bbox 1284 1835 1481 1892; x_wconf 88' lang='lat' dir='ltr'><strong>habere</strong></span> <span class='ocrx_word' id='word_1_120' title='bbox 1519 1839 1752 1908; x_wconf 89' lang='lat' dir='ltr'><strong>aliquam</strong></span> <span class='ocrx_word' id='word_1_121' title='bbox 1791 1843 1859 1896; x_wconf 87' lang='lat' dir='ltr'><strong>ad</strong></span> <span class='ocrx_word' id='word_1_122' title='bbox 1902 1845 2108 1911; x_wconf 83' lang='lat' dir='ltr'><strong>majora</strong></span> 
     </span>
    </p>
   </div>
   <div class='ocr_carea' id='block_1_20' title="bbox 540 1919 2109 1998">
    <p class='ocr_par' dir='ltr' id='par_1_20' title="bbox 540 1919 2109 1998">
     <span class='ocr_line' id='line_1_20' title="bbox 540 1919 2109 1998; baseline 0.015 -27"><span class='ocrx_word' id='word_1_123' title='bbox 540 1919 673 1984; x_wconf 88' lang='lat' dir='ltr'><strong>vim,</strong></span> <span class='ocrx_word' id='word_1_124' title='bbox 708 1936 803 1990; x_wconf 90' lang='lat' dir='ltr'><strong>per</strong></span> <span class='ocrx_word' id='word_1_125' title='bbox 831 1933 1148 1991; x_wconf 88' lang='lat' dir='ltr'><strong>argumenta</strong></span> <span class='ocrx_word' id='word_1_126' title='bbox 1176 1937 1389 1997; x_wconf 90' lang='lat' dir='ltr'><strong>sumpta</strong></span> <span class='ocrx_word' id='word_1_127' title='bbox 1423 1943 1452 1982; x_wconf 89' lang='lat' dir='ltr'><strong>a</strong></span> <span class='ocrx_word' id='word_1_128' title='bbox 1479 1928 1769 1998; x_wconf 90' lang='lat' dir='ltr'><strong>frumento,</strong></span> <span class='ocrx_word' id='word_1_129' title='bbox 1813 1937 2021 1990; x_wconf 87' lang='lat' dir='ltr'><strong>semine</strong></span> <span class='ocrx_word' id='word_1_130' title='bbox 2055 1948 2109 1994; x_wconf 91' lang='lat' dir='ltr'><strong>et</strong></span> 
     </span>
    </p>
   </div>
   <div class='ocr_carea' id='block_1_21' title="bbox 539 2012 2108 2094">
    <p class='ocr_par' dir='ltr' id='par_1_21' title="bbox 539 2012 2108 2094">
     <span class='ocr_line' id='line_1_21' title="bbox 539 2012 2108 2094; baseline 0.013 -30"><span class='ocrx_word' id='word_1_131' title='bbox 539 2012 680 2076; x_wconf 84' lang='lat' dir='ltr'><strong>cibo,</strong></span> <span class='ocrx_word' id='word_1_132' title='bbox 731 2013 942 2068; x_wconf 89' lang='lat' dir='ltr'><strong>inducit</strong></span> <span class='ocrx_word' id='word_1_133' title='bbox 991 2033 1115 2070; x_wconf 92' lang='lat' dir='ltr'><strong>eum</strong></span> <span class='ocrx_word' id='word_1_134' title='bbox 1167 2033 1433 2074; x_wconf 85' lang='lat' dir='ltr'><strong>accusans</strong></span> <span class='ocrx_word' id='word_1_135' title='bbox 1466 2021 1610 2090; x_wconf 83' lang='lat' dir='ltr'><strong>quod</strong></span> <span class='ocrx_word' id='word_1_136' title='bbox 1645 2038 1706 2076; x_wconf 88' lang='lat' dir='ltr'><strong>ea</strong></span> <span class='ocrx_word' id='word_1_137' title='bbox 1739 2039 1859 2094; x_wconf 70' lang='lat' dir='ltr'><strong>qum</strong></span> <span class='ocrx_word' id='word_1_138' title='bbox 1895 2029 1964 2083; x_wconf 92' lang='lat' dir='ltr'><strong>ab</strong></span> <span class='ocrx_word' id='word_1_139' title='bbox 2015 2029 2108 2084; x_wconf 94' lang='lat' dir='ltr'><strong>illo</strong></span> 
     </span>
    </p>
   </div>
   <div class='ocr_carea' id='block_1_22' title="bbox 538 2101 2106 2186">
    <p class='ocr_par' dir='ltr' id='par_1_22' title="bbox 538 2101 2106 2186">
     <span class='ocr_line' id='line_1_22' title="bbox 538 2101 2106 2186; baseline 0.013 -33"><span class='ocrx_word' id='word_1_140' title='bbox 538 2101 684 2156; x_wconf 87' lang='lat' dir='ltr'><strong>dicta</strong></span> <span class='ocrx_word' id='word_1_141' title='bbox 727 2113 856 2157; x_wconf 90' lang='lat' dir='ltr'><strong>sunt</strong></span> <span class='ocrx_word' id='word_1_142' title='bbox 895 2115 1134 2162; x_wconf 71' lang='lat' dir='ltr'><strong>externae</strong></span> <span class='ocrx_word' id='word_1_143' title='bbox 1165 2124 1261 2163; x_wconf 88' lang='lat' dir='ltr'><strong>seu</strong></span> <span class='ocrx_word' id='word_1_144' title='bbox 1296 2109 1534 2178; x_wconf 74' lang='lat' dir='ltr'><strong>profana:</strong></span> <span class='ocrx_word' id='word_1_145' title='bbox 1572 2113 1929 2186; x_wconf 68' lang='lat' dir='ltr'><strong>philosophiae</strong></span> <span class='ocrx_word' id='word_1_146' title='bbox 1978 2127 2106 2173; x_wconf 89' lang='lat' dir='ltr'><strong>sunt</strong></span> 
     </span>
    </p>
   </div>
   <div class='ocr_carea' id='block_1_23' title="bbox 537 2197 2106 2274">
    <p class='ocr_par' dir='ltr' id='par_1_23' title="bbox 537 2197 2106 2274">
     <span class='ocr_line' id='line_1_23' title="bbox 537 2197 2106 2274; baseline 0.012 -29"><span class='ocrx_word' id='word_1_147' title='bbox 537 2197 947 2262; x_wconf 86' lang='lat' dir='ltr'><strong>consequentia,</strong></span> <span class='ocrx_word' id='word_1_148' title='bbox 981 2205 1036 2252; x_wconf 91' lang='lat' dir='ltr'><strong>et</strong></span> <span class='ocrx_word' id='word_1_149' title='bbox 1072 2197 1167 2253; x_wconf 91' lang='lat' dir='ltr'><strong>Dei</strong></span> <span class='ocrx_word' id='word_1_150' title='bbox 1199 2214 1384 2255; x_wconf 88' lang='lat' dir='ltr'><strong>curam</strong></span> <span class='ocrx_word' id='word_1_151' title='bbox 1437 2219 1530 2258; x_wconf 92' lang='lat' dir='ltr'><strong>seu</strong></span> <span class='ocrx_word' id='word_1_152' title='bbox 1569 2206 1965 2274; x_wconf 81' lang='lat' dir='ltr'><strong>providentiam</strong></span> <span class='ocrx_word' id='word_1_153' title='bbox 1998 2210 2106 2263; x_wconf 87' lang='lat' dir='ltr'><strong>cir-</strong></span> 
     </span>
    </p>
   </div>
   <div class='ocr_carea' id='block_1_24' title="bbox 539 2281 2103 2358">
    <p class='ocr_par' dir='ltr' id='par_1_24' title="bbox 539 2281 2103 2358">
     <span class='ocr_line' id='line_1_24' title="bbox 539 2281 2103 2358; baseline 0.013 -21"><span class='ocrx_word' id='word_1_154' title='bbox 539 2286 869 2348; x_wconf 88' lang='lat' dir='ltr'><strong>cumcidere.</strong></span> <span class='ocrx_word' id='word_1_155' title='bbox 927 2289 1054 2358; x_wconf 90' lang='lat' dir='ltr'><strong>quia</strong></span> <span class='ocrx_word' id='word_1_156' title='bbox 1109 2307 1218 2346; x_wconf 92' lang='lat' dir='ltr'><strong>non</strong></span> <span class='ocrx_word' id='word_1_157' title='bbox 1263 2281 1590 2349; x_wconf 79' lang='lat' dir='ltr'><strong>confiteatur</strong></span> <span class='ocrx_word' id='word_1_158' title='bbox 1627 2298 1694 2352; x_wconf 89' lang='lat' dir='ltr'><strong>ab</strong></span> <span class='ocrx_word' id='word_1_159' title='bbox 1747 2299 1840 2353; x_wconf 89' lang='lat' dir='ltr'><strong>illo</strong></span> <span class='ocrx_word' id='word_1_160' title='bbox 1884 2303 2103 2357; x_wconf 91' lang='lat' dir='ltr'><strong>nomina</strong></span> 
     </span>
    </p>
   </div>
   <div class='ocr_carea' id='block_1_25' title="bbox 541 2376 2104 2451">
    <p class='ocr_par' dir='ltr' id='par_1_25' title="bbox 541 2376 2104 2451">
     <span class='ocr_line' id='line_1_25' title="bbox 541 2376 2104 2451; baseline 0.015 -24"><span class='ocrx_word' id='word_1_161' title='bbox 541 2376 702 2431; x_wconf 80' lang='lat' dir='ltr'><strong>rebus</strong></span> <span class='ocrx_word' id='word_1_162' title='bbox 730 2377 897 2431; x_wconf 87' lang='lat' dir='ltr'><strong>indita</strong></span> <span class='ocrx_word' id='word_1_163' title='bbox 921 2395 1072 2435; x_wconf 85' lang='lat' dir='ltr'><strong>esse:</strong></span> <span class='ocrx_word' id='word_1_164' title='bbox 1121 2383 1417 2451; x_wconf 85' lang='lat' dir='ltr'><strong>quinetiam</strong></span> <span class='ocrx_word' id='word_1_165' title='bbox 1450 2387 1624 2442; x_wconf 87' lang='lat' dir='ltr'><strong>atheis</strong></span> <span class='ocrx_word' id='word_1_166' title='bbox 1656 2391 1771 2445; x_wconf 89' lang='lat' dir='ltr'><strong>sive</strong></span> <span class='ocrx_word' id='word_1_167' title='bbox 1808 2389 1976 2446; x_wconf 92' lang='lat' dir='ltr'><strong>Deum</strong></span> <span class='ocrx_word' id='word_1_168' title='bbox 2009 2411 2104 2450; x_wconf 84' lang='lat' dir='ltr'><strong>ne-</strong></span> 
     </span>
    </p>
   </div>
   <div class='ocr_carea' id='block_1_26' title="bbox 536 2471 2099 2544">
    <p class='ocr_par' dir='ltr' id='par_1_26' title="bbox 536 2471 2099 2544">
     <span class='ocr_line' id='line_1_26' title="bbox 536 2471 2099 2544; baseline 0.015 -24"><span class='ocrx_word' id='word_1_169' title='bbox 536 2471 794 2537; x_wconf 86' lang='lat' dir='ltr'><strong>gantibus</strong></span> <span class='ocrx_word' id='word_1_170' title='bbox 823 2473 1099 2542; x_wconf 87' lang='lat' dir='ltr'><strong>suppetias</strong></span> <span class='ocrx_word' id='word_1_171' title='bbox 1127 2474 1289 2541; x_wconf 89' lang='lat' dir='ltr'><strong>ferre,</strong></span> <span class='ocrx_word' id='word_1_172' title='bbox 1323 2486 1377 2533; x_wconf 91' lang='lat' dir='ltr'><strong>et</strong></span> <span class='ocrx_word' id='word_1_173' title='bbox 1406 2480 1666 2538; x_wconf 88' lang='lat' dir='ltr'><strong>adversus</strong></span> <span class='ocrx_word' id='word_1_174' title='bbox 1699 2482 2099 2544; x_wconf 84' lang='lat' dir='ltr'><strong>Providentiam</strong></span> 
     </span>
    </p>
   </div>
   <div class='ocr_carea' id='block_1_27' title="bbox 535 2560 2100 2649">
    <p class='ocr_par' dir='ltr' id='par_1_27' title="bbox 535 2560 2100 2649">
     <span class='ocr_line' id='line_1_27' title="bbox 535 2560 2100 2649; baseline 0.015 -37"><span class='ocrx_word' id='word_1_175' title='bbox 535 2560 773 2614; x_wconf 86' lang='lat' dir='ltr'><strong>divinam</strong></span> <span class='ocrx_word' id='word_1_176' title='bbox 815 2564 1158 2634; x_wconf 61' lang='lat' dir='ltr'><strong>armaferre,</strong></span> <span class='ocrx_word' id='word_1_177' title='bbox 1191 2576 1352 2638; x_wconf 89' lang='lat' dir='ltr'><strong>atque</strong></span> <span class='ocrx_word' id='word_1_178' title='bbox 1382 2570 1622 2636; x_wconf 89' lang='lat' dir='ltr'><strong>illorum,</strong></span> <span class='ocrx_word' id='word_1_179' title='bbox 1662 2590 1857 2646; x_wconf 83' lang='lat' dir='ltr'><strong>nempe</strong></span> <span class='ocrx_word' id='word_1_180' title='bbox 1907 2580 2100 2649; x_wconf 90' lang='lat' dir='ltr'><strong>impio-</strong></span> 
     </span>
    </p>
   </div>
   <div class='ocr_carea' id='block_1_28' title="bbox 534 2656 2098 2741">
    <p class='ocr_par' dir='ltr' id='par_1_28' title="bbox 534 2656 2098 2741">
     <span class='ocr_line' id='line_1_28' title="bbox 534 2656 2098 2741; baseline 0.014 -35"><span class='ocrx_word' id='word_1_181' title='bbox 534 2667 654 2706; x_wconf 90' lang='lat' dir='ltr'><strong>rum</strong></span> <span class='ocrx_word' id='word_1_182' title='bbox 693 2656 1016 2714; x_wconf 85' lang='lat' dir='ltr'><strong>sententiam</strong></span> <span class='ocrx_word' id='word_1_183' title='bbox 1050 2661 1338 2730; x_wconf 87' lang='lat' dir='ltr'><strong>plusquam</strong></span> <span class='ocrx_word' id='word_1_184' title='bbox 1386 2663 1598 2720; x_wconf 87' lang='lat' dir='ltr'><strong>divinas</strong></span> <span class='ocrx_word' id='word_1_185' title='bbox 1644 2667 1788 2738; x_wconf 86' lang='lat' dir='ltr'><strong>leges</strong></span> <span class='ocrx_word' id='word_1_186' title='bbox 1817 2671 2098 2741; x_wconf 86' lang='lat' dir='ltr'><strong>admirari,</strong></span> 
     </span>
    </p>
   </div>
   <div class='ocr_carea' id='block_1_29' title="bbox 534 2745 2100 2836">
    <p class='ocr_par' dir='ltr' id='par_1_29' title="bbox 534 2745 2100 2836">
     <span class='ocr_line' id='line_1_29' title="bbox 534 2745 2100 2836; baseline 0.015 -38"><span class='ocrx_word' id='word_1_187' title='bbox 534 2745 750 2816; x_wconf 85' lang='lat' dir='ltr'><strong>illisque</strong></span> <span class='ocrx_word' id='word_1_188' title='bbox 771 2747 1031 2817; x_wconf 86' lang='lat' dir='ltr'><strong>majorem</strong></span> <span class='ocrx_word' id='word_1_189' title='bbox 1067 2752 1348 2822; x_wconf 68' lang='lat' dir='ltr'><strong>sapientiae</strong></span> <span class='ocrx_word' id='word_1_190' title='bbox 1376 2755 1589 2811; x_wconf 89' lang='lat' dir='ltr'><strong>laudem</strong></span> <span class='ocrx_word' id='word_1_191' title='bbox 1620 2759 1882 2827; x_wconf 84' lang='lat' dir='ltr'><strong>tribuere,</strong></span> <span class='ocrx_word' id='word_1_192' title='bbox 1915 2773 2100 2836; x_wconf 89' lang='lat' dir='ltr'><strong>utpote</strong></span> 
     </span>
    </p>
   </div>
   <div class='ocr_carea' id='block_1_30' title="bbox 532 2837 2099 2914">
    <p class='ocr_par' dir='ltr' id='par_1_30' title="bbox 532 2837 2099 2914">
     <span class='ocr_line' id='line_1_30' title="bbox 532 2837 2099 2914; baseline 0.017 -26"><span class='ocrx_word' id='word_1_193' title='bbox 532 2837 624 2905; x_wconf 91' lang='lat' dir='ltr'><strong>qui</strong></span> <span class='ocrx_word' id='word_1_194' title='bbox 679 2839 886 2908; x_wconf 90' lang='lat' dir='ltr'><strong>primos</strong></span> <span class='ocrx_word' id='word_1_195' title='bbox 931 2840 1224 2913; x_wconf 74' lang='lat' dir='ltr'><strong>Scriptum</strong></span> <span class='ocrx_word' id='word_1_196' title='bbox 1274 2860 1553 2904; x_wconf 78' lang='lat' dir='ltr'><strong>sermones</strong></span> <span class='ocrx_word' id='word_1_197' title='bbox 1604 2854 1947 2912; x_wconf 86' lang='lat' dir='ltr'><strong>considerate</strong></span> <span class='ocrx_word' id='word_1_198' title='bbox 1989 2875 2099 2914; x_wconf 91' lang='lat' dir='ltr'><strong>non</strong></span> 
     </span>
    </p>
   </div>
   <div class='ocr_carea' id='block_1_31' title="bbox 533 2929 2097 3007">
    <p class='ocr_par' dir='ltr' id='par_1_31' title="bbox 533 2929 2097 3007">
     <span class='ocr_line' id='line_1_31' title="bbox 533 2929 2097 3007; baseline 0.02 -30"><span class='ocrx_word' id='word_1_199' title='bbox 533 2929 897 2998; x_wconf 85' lang='lat' dir='ltr'><strong>perpenderit,</strong></span> <span class='ocrx_word' id='word_1_200' title='bbox 955 2935 1098 3002; x_wconf 85' lang='lat' dir='ltr'><strong>quod</strong></span> <span class='ocrx_word' id='word_1_201' title='bbox 1150 2937 1390 2991; x_wconf 88' lang='lat' dir='ltr'><strong>nondum</strong></span> <span class='ocrx_word' id='word_1_202' title='bbox 1439 2940 1506 2993; x_wconf 89' lang='lat' dir='ltr'><strong>ad</strong></span> <span class='ocrx_word' id='word_1_203' title='bbox 1552 2949 1732 2998; x_wconf 89' lang='lat' dir='ltr'><strong>ortum</strong></span> <span class='ocrx_word' id='word_1_204' title='bbox 1787 2945 2097 3007; x_wconf 89' lang='lat' dir='ltr'><strong>hominibus</strong></span> 
     </span>
    </p>
   </div>
   <div class='ocr_carea' id='block_1_32' title="bbox 531 3020 2095 3110">
    <p class='ocr_par' dir='ltr' id='par_1_32' title="bbox 531 3020 2095 3110">
     <span class='ocr_line' id='line_1_32' title="bbox 531 3020 2095 3110; baseline 0.017 -40"><span class='ocrx_word' id='word_1_205' title='bbox 531 3020 782 3076; x_wconf 86' lang='lat' dir='ltr'><strong>adductis</strong></span> <span class='ocrx_word' id='word_1_206' title='bbox 825 3021 1035 3079; x_wconf 88' lang='lat' dir='ltr'><strong>fructus</strong></span> <span class='ocrx_word' id='word_1_207' title='bbox 1066 3036 1119 3080; x_wconf 92' lang='lat' dir='ltr'><strong>et</strong></span> <span class='ocrx_word' id='word_1_208' title='bbox 1163 3030 1390 3086; x_wconf 88' lang='lat' dir='ltr'><strong>seminis</strong></span> <span class='ocrx_word' id='word_1_209' title='bbox 1431 3034 1723 3102; x_wconf 89' lang='lat' dir='ltr'><strong>appellatio</strong></span> <span class='ocrx_word' id='word_1_210' title='bbox 1751 3051 1780 3090; x_wconf 90' lang='lat' dir='ltr'><strong>a</strong></span> <span class='ocrx_word' id='word_1_211' title='bbox 1813 3038 2095 3110; x_wconf 87' lang='lat' dir='ltr'><strong>Scriptura</strong></span> 
     </span>
    </p>
   </div>
   <div class='ocr_carea' id='block_1_33' title="bbox 530 3111 2169 3227">
    <p class='ocr_par' dir='ltr' id='par_1_33' title="bbox 530 3111 2169 3227">
     <span class='ocr_line' id='line_1_33' title="bbox 530 3111 2169 3227; baseline 0.015 -65"><span class='ocrx_word' id='word_1_212' title='bbox 530 3111 809 3166; x_wconf 87' lang='lat' dir='ltr'><strong>nominata</strong></span> <span class='ocrx_word' id='word_1_213' title='bbox 843 3122 942 3169; x_wconf 88' lang='lat' dir='ltr'><strong>est.</strong></span> <span class='ocrx_word' id='word_1_214' title='bbox 985 3114 1110 3170; x_wconf 57' lang='lat' dir='ltr'><strong>llaec</strong></span> <span class='ocrx_word' id='word_1_215' title='bbox 1139 3129 1266 3173; x_wconf 86' lang='lat' dir='ltr'><strong>sunt</strong></span> <span class='ocrx_word' id='word_1_216' title='bbox 1307 3121 1458 3178; x_wconf 91' lang='lat' dir='ltr'><strong>illius</strong></span> <span class='ocrx_word' id='word_1_217' title='bbox 1487 3135 1677 3181; x_wconf 90' lang='lat' dir='ltr'><strong>contra</strong></span> <span class='ocrx_word' id='word_1_218' title='bbox 1705 3143 1805 3184; x_wconf 90' lang='lat' dir='ltr'><strong>nos</strong></span> <span class='ocrx_word' id='word_1_219' title='bbox 1843 3134 2092 3198; x_wconf 86' lang='lat' dir='ltr'><strong>crimina,</strong></span> <span class='ocrx_word' id='word_1_220' title='bbox 2126 3167 2169 3227; x_wconf 62' lang='grc' dir='ltr'>ο</span> 
     </span>
     <span class='ocr_line' id='line_1_34' title="bbox 533 3205 1726 3227; baseline 0 0"><span class='ocrx_word' id='word_1_221' title='bbox 533 3217 638 3227; x_wconf 69' lang='lat'><strong>_....</strong></span> <span class='ocrx_word' id='word_1_222' title='bbox 694 3205 769 3227; x_wconf 75' lang='lat'><strong>-2-</strong></span> <span class='ocrx_word' id='word_1_223' title='bbox 825 3207 964 3227; x_wconf 63' lang='lat' dir='ltr'><strong>:II2_,_</strong></span> <span class='ocrx_word' id='word_1_224' title='bbox 1008 3225 1062 3227; x_wconf 63' lang='grc' dir='ltr'><strong>μ.</strong></span> <span class='ocrx_word' id='word_1_225' title='bbox 1106 3211 1154 3227; x_wconf 82' lang='grc' dir='ltr'><strong>ιο</strong></span> <span class='ocrx_word' id='word_1_226' title='bbox 1410 3217 1420 3227; x_wconf 77' lang='grc' dir='ltr'>ι</span> <span class='ocrx_word' id='word_1_227' title='bbox 1471 3224 1478 3227; x_wconf 80' lang='lat'><em>_</em></span> <span class='ocrx_word' id='word_1_228' title='bbox 1636 3221 1647 3227; x_wconf 87' lang='lat'><strong>-</strong></span> <span class='ocrx_word' id='word_1_229' title='bbox 1714 3222 1726 3227; x_wconf 84' lang='grc'><strong>-</strong></span> 
     </span>
    </p>
   </div>
   <div class='ocr_carea' id='block_1_34' title="bbox 532 3205 2096 3291">
    <p class='ocr_par' dir='ltr' id='par_1_34' title="bbox 532 3205 2096 3291">
     <span class='ocr_line' id='line_1_35' title="bbox 532 3205 2096 3291; baseline 0.017 -35"><span class='ocrx_word' id='word_1_230' title='bbox 532 3217 640 3257; x_wconf 85' lang='lat' dir='ltr'><strong>non</strong></span> <span class='ocrx_word' id='word_1_231' title='bbox 693 3205 772 3260; x_wconf 91' lang='lat' dir='ltr'><strong>sic</strong></span> <span class='ocrx_word' id='word_1_232' title='bbox 825 3207 970 3261; x_wconf 84' lang='lat' dir='ltr'><strong>illius</strong></span> <span class='ocrx_word' id='word_1_233' title='bbox 1007 3211 1188 3266; x_wconf 89' lang='lat' dir='ltr'><strong>verbis</strong></span> <span class='ocrx_word' id='word_1_234' title='bbox 1218 3217 1518 3285; x_wconf 86' lang='lat' dir='ltr'><strong>perscripta</strong></span> <span class='ocrx_word' id='word_1_235' title='bbox 1561 3221 1726 3275; x_wconf 90' lang='lat' dir='ltr'><strong>animi</strong></span> <span class='ocrx_word' id='word_1_236' title='bbox 1780 3240 1959 3291; x_wconf 82' lang='lat' dir='ltr'><strong>sensa,</strong></span> <span class='ocrx_word' id='word_1_237' title='bbox 2001 3230 2096 3283; x_wconf 91' lang='lat' dir='ltr'><strong>sed</strong></span> 
     </span>
    </p>
   </div>
   <div class='ocr_carea' id='block_1_35' title="bbox 532 3301 2096 3385">
    <p class='ocr_par' dir='ltr' id='par_1_35' title="bbox 532 3301 2096 3385">
     <span class='ocr_line' id='line_1_36' title="bbox 532 3301 2096 3385; baseline 0.02 -39"><span class='ocrx_word' id='word_1_238' title='bbox 532 3302 742 3349; x_wconf 92' lang='lat' dir='ltr'><strong>tantum</strong></span> <span class='ocrx_word' id='word_1_239' title='bbox 773 3313 802 3350; x_wconf 90' lang='lat' dir='ltr'><strong>a</strong></span> <span class='ocrx_word' id='word_1_240' title='bbox 831 3301 988 3355; x_wconf 89' lang='lat' dir='ltr'><strong>nobis</strong></span> <span class='ocrx_word' id='word_1_241' title='bbox 1018 3302 1221 3357; x_wconf 90' lang='lat' dir='ltr'><strong>locutio</strong></span> <span class='ocrx_word' id='word_1_242' title='bbox 1247 3308 1559 3364; x_wconf 88' lang='lat' dir='ltr'><strong>submutata</strong></span> <span class='ocrx_word' id='word_1_243' title='bbox 1589 3323 1691 3378; x_wconf 90' lang='lat' dir='ltr'><strong>est,</strong></span> <span class='ocrx_word' id='word_1_244' title='bbox 1721 3328 1983 3385; x_wconf 86' lang='lat' dir='ltr'><strong>quantum</strong></span> <span class='ocrx_word' id='word_1_245' title='bbox 2013 3335 2096 3379; x_wconf 85' lang='lat' dir='ltr'><strong>sat</strong></span> 
     </span>
    </p>
   </div>
   <div class='ocr_carea' id='block_1_36' title="bbox 2216 575 3754 660">
    <p class='ocr_par' dir='ltr' id='par_1_36' title="bbox 2216 575 3754 660">
     <span class='ocr_line' id='line_1_37' title="bbox 2216 575 3754 660; baseline 0.004 -31"><span class='ocrx_word' id='word_1_246' title='bbox 2216 575 2435 646; x_wconf 71' lang='grc' dir='ltr'>ἰσχύειν,</span> <span class='ocrx_word' id='word_1_247' title='bbox 2465 577 2603 631; x_wconf 77' lang='grc' dir='ltr'>ὥστε</span> <span class='ocrx_word' id='word_1_248' title='bbox 2627 579 2938 651; x_wconf 75' lang='grc' dir='ltr'><strong>ὑπεραίρειν</strong></span> <span class='ocrx_word' id='word_1_249' title='bbox 2965 580 3109 650; x_wconf 73' lang='grc' dir='ltr'>ἡμᾶς</span> <span class='ocrx_word' id='word_1_250' title='bbox 3139 580 3241 632; x_wconf 81' lang='grc' dir='ltr'><strong>τῶν</strong></span> <span class='ocrx_word' id='word_1_251' title='bbox 3277 580 3488 652; x_wconf 90' lang='grc' dir='ltr'>μέτρων</span> <span class='ocrx_word' id='word_1_252' title='bbox 3534 585 3628 654; x_wconf 74' lang='grc' dir='ltr'>τῆς</span> <span class='ocrx_word' id='word_1_253' title='bbox 3668 591 3754 660; x_wconf 61' lang='grc' dir='ltr'><strong>φά-</strong></span> 
     </span>
    </p>
   </div>
   <div class='ocr_carea' id='block_1_37' title="bbox 2213 668 3754 742">
    <p class='ocr_par' dir='ltr' id='par_1_37' title="bbox 2213 668 3754 742">
     <span class='ocr_line' id='line_1_38' title="bbox 2213 668 3754 742; baseline 0.007 -22"><span class='ocrx_word' id='word_1_254' title='bbox 2213 685 2369 731; x_wconf 88' lang='grc' dir='ltr'>σεως,</span> <span class='ocrx_word' id='word_1_255' title='bbox 2423 671 2515 723; x_wconf 78' lang='grc' dir='ltr'>καὶ</span> <span class='ocrx_word' id='word_1_256' title='bbox 2563 673 2675 734; x_wconf 87' lang='grc' dir='ltr'>τοῖς</span> <span class='ocrx_word' id='word_1_257' title='bbox 2716 671 2976 742; x_wconf 82' lang='grc' dir='ltr'>ἀλήπτοις</span> <span class='ocrx_word' id='word_1_258' title='bbox 3007 671 3368 736; x_wconf 77' lang='grc' dir='ltr'>ἐπιϐιϐάζειν,</span> <span class='ocrx_word' id='word_1_259' title='bbox 3418 674 3510 726; x_wconf 77' lang='grc' dir='ltr'><strong>καὶ</strong></span> <span class='ocrx_word' id='word_1_260' title='bbox 3559 668 3629 728; x_wconf 81' lang='grc' dir='ltr'>ὧν</span> <span class='ocrx_word' id='word_1_261' title='bbox 3673 683 3754 737; x_wconf 59' lang='grc' dir='ltr'>οἰκ</span> 
     </span>
    </p>
   </div>
   <div class='ocr_carea' id='block_1_38' title="bbox 2211 761 3759 837">
    <p class='ocr_par' dir='ltr' id='par_1_38' title="bbox 2211 761 3759 837">
     <span class='ocr_line' id='line_1_39' title="bbox 2211 761 3759 837; baseline 0.006 -24"><span class='ocrx_word' id='word_1_262' title='bbox 2211 761 2356 814; x_wconf 79' lang='grc' dir='ltr'>ἔστιν</span> <span class='ocrx_word' id='word_1_263' title='bbox 2380 762 2564 830; x_wconf 68' lang='grc' dir='ltr'>ἔφοδος</span> <span class='ocrx_word' id='word_1_264' title='bbox 2586 765 2665 828; x_wconf 85' lang='grc' dir='ltr'><strong>εἰς</strong></span> <span class='ocrx_word' id='word_1_265' title='bbox 2696 765 3038 834; x_wconf 72' lang='grc' dir='ltr'><strong>κατανόησιν,</strong></span> <span class='ocrx_word' id='word_1_266' title='bbox 3069 763 3239 818; x_wconf 81' lang='grc' dir='ltr'>ταῦτα</span> <span class='ocrx_word' id='word_1_267' title='bbox 3267 766 3332 834; x_wconf 79' lang='grc' dir='ltr'>τῇ</span> <span class='ocrx_word' id='word_1_268' title='bbox 3366 766 3608 837; x_wconf 65' lang='grc' dir='ltr'>ἡμετέρα</span> <span class='ocrx_word' id='word_1_269' title='bbox 3637 772 3759 835; x_wconf 78' lang='grc' dir='ltr'><strong>γνὼ-</strong></span> 
     </span>
    </p>
   </div>
   <div class='ocr_carea' id='block_1_39' title="bbox 2214 854 3756 926">
    <p class='ocr_par' dir='ltr' id='par_1_39' title="bbox 2214 854 3756 926">
     <span class='ocr_line' id='line_1_40' title="bbox 2214 854 3756 926; baseline 0.004 -20"><span class='ocrx_word' id='word_1_270' title='bbox 2214 870 2295 906; x_wconf 87' lang='grc' dir='ltr'><strong>σει</strong></span> <span class='ocrx_word' id='word_1_271' title='bbox 2331 855 2762 926; x_wconf 73' lang='grc' dir='ltr'>περιλαμϐάνειν.</span> <span class='ocrx_word' id='word_1_272' title='bbox 2821 854 2979 908; x_wconf 80' lang='grc' dir='ltr'>Ἀλλά</span> <span class='ocrx_word' id='word_1_273' title='bbox 3009 855 3312 909; x_wconf 78' lang='grc' dir='ltr'>διασαλεύει</span> <span class='ocrx_word' id='word_1_274' title='bbox 3340 857 3430 909; x_wconf 80' lang='grc' dir='ltr'><strong>τὸν</strong></span> <span class='ocrx_word' id='word_1_275' title='bbox 3459 858 3756 912; x_wconf 79' lang='grc' dir='ltr'>διδάσκαλον</span> 
     </span>
    </p>
   </div>
   <div class='ocr_carea' id='block_1_40' title="bbox 2211 945 3760 1019">
    <p class='ocr_par' dir='ltr' id='par_1_40' title="bbox 2211 945 3760 1019">
     <span class='ocr_line' id='line_1_41' title="bbox 2211 945 3760 1019; baseline 0.005 -22"><span class='ocrx_word' id='word_1_276' title='bbox 2211 945 2386 1014; x_wconf 78' lang='grc' dir='ltr'>ἡμῶν,</span> <span class='ocrx_word' id='word_1_277' title='bbox 2418 947 2511 998; x_wconf 73' lang='grc' dir='ltr'>καὶ</span> <span class='ocrx_word' id='word_1_278' title='bbox 2537 948 2820 1018; x_wconf 79' lang='grc' dir='ltr'>περισύρει</span> <span class='ocrx_word' id='word_1_279' title='bbox 2846 948 2936 1000; x_wconf 82' lang='grc' dir='ltr'><strong>τὸν</strong></span> <span class='ocrx_word' id='word_1_280' title='bbox 2963 947 3137 1016; x_wconf 86' lang='grc' dir='ltr'>λόγον,</span> <span class='ocrx_word' id='word_1_281' title='bbox 3170 947 3228 999; x_wconf 82' lang='grc' dir='ltr'>ὃν</span> <span class='ocrx_word' id='word_1_282' title='bbox 3259 948 3385 1018; x_wconf 74' lang='grc' dir='ltr'>περὶ</span> <span class='ocrx_word' id='word_1_283' title='bbox 3417 949 3512 1019; x_wconf 77' lang='grc' dir='ltr'>τῆς</span> <span class='ocrx_word' id='word_1_284' title='bbox 3547 952 3760 1016; x_wconf 84' lang='grc' dir='ltr'>ἐπινοίας</span> 
     </span>
    </p>
   </div>
   <div class='ocr_carea' id='block_1_41' title="bbox 2211 1036 3760 1113">
    <p class='ocr_par' dir='ltr' id='par_1_41' title="bbox 2211 1036 3760 1113">
     <span class='ocr_line' id='line_1_42' title="bbox 2211 1036 3760 1113; baseline 0.005 -24"><span class='ocrx_word' id='word_1_285' title='bbox 2211 1036 2412 1100; x_wconf 88' lang='grc' dir='ltr'>ἐκεῖνός</span> <span class='ocrx_word' id='word_1_286' title='bbox 2461 1055 2628 1107; x_wconf 79' lang='grc' dir='ltr'>φησι,</span> <span class='ocrx_word' id='word_1_287' title='bbox 2674 1039 2768 1091; x_wconf 71' lang='grc' dir='ltr'>καὶ</span> <span class='ocrx_word' id='word_1_288' title='bbox 2820 1041 3074 1113; x_wconf 83' lang='grc' dir='ltr'>κατορχεῖ</span> <span class='ocrx_word' id='word_1_289' title='bbox 3117 1038 3223 1092; x_wconf 82' lang='grc' dir='ltr'>τῶν</span> <span class='ocrx_word' id='word_1_290' title='bbox 3265 1040 3566 1110; x_wconf 69' lang='grc' dir='ltr'>εἰρημένων</span> <span class='ocrx_word' id='word_1_291' title='bbox 3618 1041 3760 1096; x_wconf 81' lang='grc' dir='ltr'>πάλιν</span> 
     </span>
    </p>
   </div>
   <div class='ocr_carea' id='block_1_42' title="bbox 2211 1129 3763 1202">
    <p class='ocr_par' dir='ltr' id='par_1_42' title="bbox 2211 1129 3763 1202">
     <span class='ocr_line' id='line_1_43' title="bbox 2211 1129 3763 1202; baseline 0.003 -21"><span class='ocrx_word' id='word_1_292' title='bbox 2211 1129 2454 1199; x_wconf 83' lang='grc' dir='ltr'><strong>συνήθως</strong></span> <span class='ocrx_word' id='word_1_293' title='bbox 2483 1129 2560 1200; x_wconf 81' lang='grc' dir='ltr'><strong>τῷ</strong></span> <span class='ocrx_word' id='word_1_294' title='bbox 2607 1130 2785 1202; x_wconf 81' lang='grc' dir='ltr'>κρότῳ</span> <span class='ocrx_word' id='word_1_295' title='bbox 2813 1131 2920 1183; x_wconf 81' lang='grc' dir='ltr'><strong>τῶν</strong></span> <span class='ocrx_word' id='word_1_296' title='bbox 2957 1130 3247 1195; x_wconf 79' lang='grc' dir='ltr'>λεξειδίων,</span> <span class='ocrx_word' id='word_1_297' title='bbox 3275 1131 3638 1201; x_wconf 76' lang='grc' dir='ltr'>ἐνσατυρίζων</span> <span class='ocrx_word' id='word_1_298' title='bbox 3665 1137 3763 1198; x_wconf 86' lang='grc' dir='ltr'>τοῖς</span> 
     </span>
    </p>
   </div>
   <div class='ocr_carea' id='block_1_43' title="bbox 2212 1219 3760 1294">
    <p class='ocr_par' dir='ltr' id='par_1_43' title="bbox 2212 1219 3760 1294">
     <span class='ocr_line' id='line_1_44' title="bbox 2212 1219 3760 1294; baseline 0.002 -20"><span class='ocrx_word' id='word_1_299' title='bbox 2212 1222 2437 1290; x_wconf 77' lang='grc' dir='ltr'>ῥήμασι,</span> <span class='ocrx_word' id='word_1_300' title='bbox 2486 1221 2581 1275; x_wconf 86' lang='grc' dir='ltr'><strong>καί</strong></span> <span class='ocrx_word' id='word_1_301' title='bbox 2610 1219 2910 1292; x_wconf 70' lang='grc' dir='ltr'>φησιν,⁷Ων</span> <span class='ocrx_word' id='word_1_302' title='bbox 2930 1221 3300 1294; x_wconf 76' lang='grc' dir='ltr'>σφετερίζεται</span> <span class='ocrx_word' id='word_1_303' title='bbox 3328 1223 3426 1294; x_wconf 80' lang='grc' dir='ltr'>τὴν</span> <span class='ocrx_word' id='word_1_304' title='bbox 3461 1225 3760 1294; x_wconf 88' lang='grc' dir='ltr'>ἐρμηνείαν,</span> 
     </span>
    </p>
   </div>
   <div class='ocr_carea' id='block_1_44' title="bbox 2209 1311 3763 1384">
    <p class='ocr_par' dir='ltr' id='par_1_44' title="bbox 2209 1311 3763 1384">
     <span class='ocr_line' id='line_1_45' title="bbox 2209 1311 3763 1384; baseline 0.003 -20"><span class='ocrx_word' id='word_1_305' title='bbox 2209 1311 2410 1364; x_wconf 77' lang='grc' dir='ltr'>τούτοιν</span> <span class='ocrx_word' id='word_1_306' title='bbox 2458 1311 2837 1382; x_wconf 80' lang='grc' dir='ltr'>ἐπαισχύνεται</span> <span class='ocrx_word' id='word_1_307' title='bbox 2881 1313 2980 1383; x_wconf 83' lang='grc' dir='ltr'>τὴν</span> <span class='ocrx_word' id='word_1_308' title='bbox 3029 1313 3350 1384; x_wconf 70' lang='grc' dir='ltr'>μαρτυρίαν.</span> <span class='ocrx_word' id='word_1_309' title='bbox 3419 1315 3763 1384; x_wconf 81' lang='grc' dir='ltr'>Ἐπαγγείλας</span> 
     </span>
    </p>
   </div>
   <div class='ocr_carea' id='block_1_45' title="bbox 2211 1402 3760 1476">
    <p class='ocr_par' dir='ltr' id='par_1_45' title="bbox 2211 1402 3760 1476">
     <span class='ocr_line' id='line_1_46' title="bbox 2211 1402 3760 1476; baseline 0.001 -20"><span class='ocrx_word' id='word_1_310' title='bbox 2211 1402 2318 1472; x_wconf 88' lang='grc' dir='ltr'><strong>γάρ</strong></span> <span class='ocrx_word' id='word_1_311' title='bbox 2346 1420 2396 1455; x_wconf 91' lang='grc' dir='ltr'><strong>τι</strong></span> <span class='ocrx_word' id='word_1_312' title='bbox 2433 1403 2594 1476; x_wconf 81' lang='grc' dir='ltr'>μέρος</span> <span class='ocrx_word' id='word_1_313' title='bbox 2620 1403 2728 1455; x_wconf 87' lang='grc' dir='ltr'><strong>τῶν</strong></span> <span class='ocrx_word' id='word_1_314' title='bbox 2762 1402 2882 1455; x_wconf 83' lang='grc' dir='ltr'>κατ’</span> <span class='ocrx_word' id='word_1_315' title='bbox 2913 1403 3154 1456; x_wconf 88' lang='grc' dir='ltr'>ἐπίνοιαν</span> <span class='ocrx_word' id='word_1_316' title='bbox 3183 1402 3566 1472; x_wconf 83' lang='grc' dir='ltr'>θεωρηθέντων</span> <span class='ocrx_word' id='word_1_317' title='bbox 3595 1403 3667 1474; x_wconf 81' lang='grc' dir='ltr'><strong>τῷ</strong></span> <span class='ocrx_word' id='word_1_318' title='bbox 3690 1405 3760 1457; x_wconf 87' lang='grc' dir='ltr'>δι-</span> 
     </span>
    </p>
   </div>
   <div class='ocr_carea' id='block_1_46' title="bbox 2207 1489 3762 1565">
    <p class='ocr_par' dir='ltr' id='par_1_46' title="bbox 2207 1489 3762 1565">
     <span class='ocr_line' id='line_1_47' title="bbox 2207 1489 3762 1565; baseline 0.003 -19"><span class='ocrx_word' id='word_1_319' title='bbox 2207 1493 2478 1564; x_wconf 81' lang='grc' dir='ltr'>δασκάλῳ,</span> <span class='ocrx_word' id='word_1_320' title='bbox 2529 1497 2586 1548; x_wconf 86' lang='grc' dir='ltr'><strong>ἐν</strong></span> <span class='ocrx_word' id='word_1_321' title='bbox 2634 1489 2714 1558; x_wconf 78' lang='grc' dir='ltr'>οἷς</span> <span class='ocrx_word' id='word_1_322' title='bbox 2754 1497 2958 1558; x_wconf 86' lang='grc' dir='ltr'>ἐκεῖνος</span> <span class='ocrx_word' id='word_1_323' title='bbox 2988 1495 3047 1546; x_wconf 78' lang='grc' dir='ltr'>οὐ</span> <span class='ocrx_word' id='word_1_324' title='bbox 3082 1495 3242 1564; x_wconf 84' lang='grc' dir='ltr'>μόνον</span> <span class='ocrx_word' id='word_1_325' title='bbox 3268 1497 3358 1548; x_wconf 79' lang='grc' dir='ltr'><strong>ἐπὶ</strong></span> <span class='ocrx_word' id='word_1_326' title='bbox 3390 1496 3498 1549; x_wconf 81' lang='grc' dir='ltr'>τῶν</span> <span class='ocrx_word' id='word_1_327' title='bbox 3536 1497 3762 1565; x_wconf 78' lang='grc' dir='ltr'>ματαίων</span> 
     </span>
    </p>
   </div>
   <div class='ocr_carea' id='block_1_47' title="bbox 2209 1581 3761 1657">
    <p class='ocr_par' dir='ltr' id='par_1_47' title="bbox 2209 1581 3761 1657">
     <span class='ocr_line' id='line_1_48' title="bbox 2209 1581 3761 1657; baseline 0.001 -19"><span class='ocrx_word' id='word_1_328' title='bbox 2209 1585 2430 1657; x_wconf 84' lang='grc' dir='ltr'>ἐνεργὸν</span> <span class='ocrx_word' id='word_1_329' title='bbox 2457 1585 2660 1655; x_wconf 76' lang='grc' dir='ltr'>ἔφασκε</span> <span class='ocrx_word' id='word_1_330' title='bbox 2705 1587 2803 1657; x_wconf 87' lang='grc' dir='ltr'>τῆς</span> <span class='ocrx_word' id='word_1_331' title='bbox 2851 1587 3090 1650; x_wconf 81' lang='grc' dir='ltr'>ἐπινοίας</span> <span class='ocrx_word' id='word_1_332' title='bbox 3119 1581 3255 1638; x_wconf 74' lang='grc' dir='ltr'>εἶναι</span> <span class='ocrx_word' id='word_1_333' title='bbox 3284 1585 3382 1654; x_wconf 82' lang='grc' dir='ltr'><strong>τὴν</strong></span> <span class='ocrx_word' id='word_1_334' title='bbox 3415 1590 3632 1657; x_wconf 86' lang='grc' dir='ltr'>χρῆσιν,</span> <span class='ocrx_word' id='word_1_335' title='bbox 3660 1589 3761 1641; x_wconf 82' lang='grc' dir='ltr'>ἀλλ’</span> 
     </span>
    </p>
   </div>
   <div class='ocr_carea' id='block_1_48' title="bbox 2210 1678 3763 1750">
    <p class='ocr_par' dir='ltr' id='par_1_48' title="bbox 2210 1678 3763 1750">
     <span class='ocr_line' id='line_1_49' title="bbox 2210 1678 3763 1750; baseline 0.003 -20"><span class='ocrx_word' id='word_1_336' title='bbox 2210 1678 2352 1748; x_wconf 80' lang='grc' dir='ltr'>ἔχειν</span> <span class='ocrx_word' id='word_1_337' title='bbox 2382 1680 2503 1731; x_wconf 80' lang='grc' dir='ltr'>τινὰ</span> <span class='ocrx_word' id='word_1_338' title='bbox 2527 1680 2619 1732; x_wconf 73' lang='grc' dir='ltr'><strong>καὶ</strong></span> <span class='ocrx_word' id='word_1_339' title='bbox 2652 1680 2787 1750; x_wconf 80' lang='grc' dir='ltr'>πρὸς</span> <span class='ocrx_word' id='word_1_340' title='bbox 2811 1678 2880 1731; x_wconf 76' lang='grc' dir='ltr'><strong>τὰ</strong></span> <span class='ocrx_word' id='word_1_341' title='bbox 2915 1678 3083 1748; x_wconf 75' lang='grc' dir='ltr'>μείζω</span> <span class='ocrx_word' id='word_1_342' title='bbox 3111 1678 3334 1748; x_wconf 80' lang='grc' dir='ltr'>δύναμιν</span> <span class='ocrx_word' id='word_1_343' title='bbox 3355 1695 3368 1708; x_wconf 90' lang='grc'><strong>·</strong></span> <span class='ocrx_word' id='word_1_344' title='bbox 3398 1679 3486 1732; x_wconf 77' lang='grc' dir='ltr'><strong>διὰ</strong></span> <span class='ocrx_word' id='word_1_345' title='bbox 3521 1679 3613 1732; x_wconf 81' lang='grc' dir='ltr'><strong>τοῦ</strong></span> <span class='ocrx_word' id='word_1_346' title='bbox 3635 1681 3763 1735; x_wconf 70' lang='grc' dir='ltr'>κατὰ</span> 
     </span>
    </p>
   </div>
   <div class='ocr_carea' id='block_1_49' title="bbox 2209 1768 3764 1842">
    <p class='ocr_par' dir='ltr' id='par_1_49' title="bbox 2209 1768 3764 1842">
     <span class='ocr_line' id='line_1_50' title="bbox 2209 1768 3764 1842; baseline 0.001 -20"><span class='ocrx_word' id='word_1_347' title='bbox 2209 1770 2299 1823; x_wconf 84' lang='grc' dir='ltr'><strong>τὸν</strong></span> <span class='ocrx_word' id='word_1_348' title='bbox 2334 1773 2476 1823; x_wconf 86' lang='grc' dir='ltr'>σῖτον</span> <span class='ocrx_word' id='word_1_349' title='bbox 2504 1770 2596 1823; x_wconf 73' lang='grc' dir='ltr'>καὶ</span> <span class='ocrx_word' id='word_1_350' title='bbox 2624 1771 2685 1822; x_wconf 83' lang='grc' dir='ltr'><strong>τὸ</strong></span> <span class='ocrx_word' id='word_1_351' title='bbox 2733 1769 2952 1839; x_wconf 84' lang='grc' dir='ltr'>σπέρμα</span> <span class='ocrx_word' id='word_1_352' title='bbox 2988 1771 3081 1822; x_wconf 74' lang='grc' dir='ltr'><strong>καὶ</strong></span> <span class='ocrx_word' id='word_1_353' title='bbox 3111 1768 3208 1840; x_wconf 73' lang='grc' dir='ltr'>τὴν</span> <span class='ocrx_word' id='word_1_354' title='bbox 3250 1768 3454 1840; x_wconf 55' lang='grc' dir='ltr'>τροφὴν</span> <span class='ocrx_word' id='word_1_355' title='bbox 3489 1769 3764 1842; x_wconf 75' lang='grc' dir='ltr'>θεωρημα-</span> 
     </span>
    </p>
   </div>
   <div class='ocr_carea' id='block_1_50' title="bbox 2208 1860 3765 1936">
    <p class='ocr_par' dir='ltr' id='par_1_50' title="bbox 2208 1860 3765 1936">
     <span class='ocr_line' id='line_1_51' title="bbox 2208 1860 3765 1936; baseline -0.001 -21"><span class='ocrx_word' id='word_1_356' title='bbox 2208 1879 2318 1926; x_wconf 88' lang='grc' dir='ltr'>τος,</span> <span class='ocrx_word' id='word_1_357' title='bbox 2351 1864 2544 1930; x_wconf 90' lang='grc' dir='ltr'>ἐπάγει</span> <span class='ocrx_word' id='word_1_358' title='bbox 2571 1863 2639 1916; x_wconf 72' lang='grc' dir='ltr'><strong>τὰ</strong></span> <span class='ocrx_word' id='word_1_359' title='bbox 2671 1861 2955 1932; x_wconf 71' lang='grc' dir='ltr'>εἰρημένα,</span> <span class='ocrx_word' id='word_1_360' title='bbox 2981 1864 3047 1932; x_wconf 81' lang='grc' dir='ltr'><strong>τῇ</strong></span> <span class='ocrx_word' id='word_1_361' title='bbox 3078 1860 3272 1926; x_wconf 73' lang='grc' dir='ltr'>ἔξωθεν</span> <span class='ocrx_word' id='word_1_362' title='bbox 3301 1861 3463 1914; x_wconf 79' lang='grc' dir='ltr'>αὑτὸν</span> <span class='ocrx_word' id='word_1_363' title='bbox 3492 1862 3765 1936; x_wconf 72' lang='grc' dir='ltr'>φιλοσοφία</span> 
     </span>
    </p>
   </div>
   <div class='ocr_carea' id='block_1_51' title="bbox 2208 1953 3763 2025">
    <p class='ocr_par' dir='ltr' id='par_1_51' title="bbox 2208 1953 3763 2025">
     <span class='ocr_line' id='line_1_52' title="bbox 2208 1953 3763 2025; baseline 0 -17"><span class='ocrx_word' id='word_1_364' title='bbox 2208 1955 2621 2008; x_wconf 79' lang='grc' dir='ltr'>κατακολουθεῖν</span> <span class='ocrx_word' id='word_1_365' title='bbox 2666 1953 3001 2025; x_wconf 71' lang='grc' dir='ltr'>αἰτιώμενος,</span> <span class='ocrx_word' id='word_1_366' title='bbox 3043 1953 3136 2006; x_wconf 70' lang='grc' dir='ltr'>καὶ</span> <span class='ocrx_word' id='word_1_367' title='bbox 3181 1953 3526 2023; x_wconf 78' lang='grc' dir='ltr'>περικόπτειν</span> <span class='ocrx_word' id='word_1_368' title='bbox 3552 1954 3652 2025; x_wconf 76' lang='grc' dir='ltr'>τὴν</span> <span class='ocrx_word' id='word_1_369' title='bbox 3678 1955 3763 2008; x_wconf 76' lang='grc' dir='ltr'>τοῦ</span> 
     </span>
    </p>
   </div>
   <div class='ocr_carea' id='block_1_52' title="bbox 2205 2043 3764 2117">
    <p class='ocr_par' dir='ltr' id='par_1_52' title="bbox 2205 2043 3764 2117">
     <span class='ocr_line' id='line_1_53' title="bbox 2205 2043 3764 2117; baseline 0.001 -17"><span class='ocrx_word' id='word_1_370' title='bbox 2205 2046 2339 2100; x_wconf 76' lang='grc' dir='ltr'>Θεοῦ</span> <span class='ocrx_word' id='word_1_371' title='bbox 2366 2047 2684 2117; x_wconf 75' lang='grc' dir='ltr'>κηδεμονίαν</span> <span class='ocrx_word' id='word_1_372' title='bbox 2717 2047 2869 2116; x_wconf 62' lang='grc' dir='ltr'>φησι,</span> <span class='ocrx_word' id='word_1_373' title='bbox 2900 2046 2973 2117; x_wconf 84' lang='grc' dir='ltr'>μὴ</span> <span class='ocrx_word' id='word_1_374' title='bbox 3002 2043 3362 2115; x_wconf 79' lang='grc' dir='ltr'>ὁμολογοῦντα</span> <span class='ocrx_word' id='word_1_375' title='bbox 3408 2049 3536 2117; x_wconf 84' lang='grc' dir='ltr'>παρ’</span> <span class='ocrx_word' id='word_1_376' title='bbox 3569 2046 3764 2101; x_wconf 81' lang='grc' dir='ltr'>ἐκείνου</span> 
     </span>
    </p>
   </div>
   <div class='ocr_carea' id='block_1_53' title="bbox 2205 2137 3762 2208">
    <p class='ocr_par' dir='ltr' id='par_1_53' title="bbox 2205 2137 3762 2208">
     <span class='ocr_line' id='line_1_54' title="bbox 2205 2137 3762 2208; baseline -0.001 -17"><span class='ocrx_word' id='word_1_377' title='bbox 2205 2139 2303 2202; x_wconf 77' lang='grc' dir='ltr'><strong>τὰς</strong></span> <span class='ocrx_word' id='word_1_378' title='bbox 2327 2138 2616 2208; x_wconf 81' lang='grc' dir='ltr'>ὀνομασίας</span> <span class='ocrx_word' id='word_1_379' title='bbox 2638 2137 2910 2191; x_wconf 81' lang='grc' dir='ltr'>τεθεῖσθαι</span> <span class='ocrx_word' id='word_1_380' title='bbox 2943 2139 3054 2200; x_wconf 85' lang='grc' dir='ltr'>τοῖς</span> <span class='ocrx_word' id='word_1_381' title='bbox 3087 2137 3392 2208; x_wconf 87' lang='grc' dir='ltr'>πράγμασι,</span> <span class='ocrx_word' id='word_1_382' title='bbox 3427 2137 3523 2189; x_wconf 72' lang='grc' dir='ltr'>καὶ</span> <span class='ocrx_word' id='word_1_383' title='bbox 3551 2154 3762 2207; x_wconf 74' lang='grc' dir='ltr'>συμμαο</span> 
     </span>
    </p>
   </div>
   <div class='ocr_carea' id='block_1_54' title="bbox 2205 2227 3784 2300">
    <p class='ocr_par' dir='ltr' id='par_1_54' title="bbox 2205 2227 3784 2300">
     <span class='ocr_line' id='line_1_55' title="bbox 2205 2227 3784 2300; baseline -0.003 -17"><span class='ocrx_word' id='word_1_384' title='bbox 2205 2233 2318 2300; x_wconf 82' lang='grc' dir='ltr'>χεῖν</span> <span class='ocrx_word' id='word_1_385' title='bbox 2351 2229 2510 2282; x_wconf 76' lang='grc' dir='ltr'>αὐτὸν</span> <span class='ocrx_word' id='word_1_386' title='bbox 2532 2233 2645 2293; x_wconf 87' lang='grc' dir='ltr'>τοῖς</span> <span class='ocrx_word' id='word_1_387' title='bbox 2691 2230 2890 2292; x_wconf 84' lang='grc' dir='ltr'>ἀθέοις,</span> <span class='ocrx_word' id='word_1_388' title='bbox 2923 2231 3014 2282; x_wconf 74' lang='grc' dir='ltr'>καὶ</span> <span class='ocrx_word' id='word_1_389' title='bbox 3042 2229 3180 2281; x_wconf 85' lang='grc' dir='ltr'><strong>κατά</strong></span> <span class='ocrx_word' id='word_1_390' title='bbox 3210 2227 3308 2296; x_wconf 74' lang='grc' dir='ltr'>τῆς</span> <span class='ocrx_word' id='word_1_391' title='bbox 3339 2228 3596 2298; x_wconf 83' lang='grc' dir='ltr'>προνοίας</span> <span class='ocrx_word' id='word_1_392' title='bbox 3623 2228 3784 2280; x_wconf 80' lang='grc' dir='ltr'>όπ).ί-’</span> 
     </span>
    </p>
   </div>
   <div class='ocr_carea' id='block_1_55' title="bbox 2205 2317 3766 2391">
    <p class='ocr_par' dir='ltr' id='par_1_55' title="bbox 2205 2317 3766 2391">
     <span class='ocr_line' id='line_1_56' title="bbox 2205 2317 3766 2391; baseline 0 -18"><span class='ocrx_word' id='word_1_393' title='bbox 2205 2321 2411 2386; x_wconf 79' lang='grc' dir='ltr'>ζεσθαι,</span> <span class='ocrx_word' id='word_1_394' title='bbox 2444 2322 2536 2373; x_wconf 70' lang='grc' dir='ltr'>καὶ</span> <span class='ocrx_word' id='word_1_395' title='bbox 2564 2320 2660 2389; x_wconf 73' lang='grc' dir='ltr'>τὴν</span> <span class='ocrx_word' id='word_1_396' title='bbox 2682 2321 2901 2374; x_wconf 77' lang='grc' dir='ltr'>ἐκείνων</span> <span class='ocrx_word' id='word_1_397' title='bbox 2924 2320 3145 2390; x_wconf 81' lang='grc' dir='ltr'><strong>γνώμην</strong></span> <span class='ocrx_word' id='word_1_398' title='bbox 3178 2320 3282 2389; x_wconf 85' lang='grc' dir='ltr'><strong>πρὸ</strong></span> <span class='ocrx_word' id='word_1_399' title='bbox 3313 2317 3421 2372; x_wconf 84' lang='grc' dir='ltr'>τῶν</span> <span class='ocrx_word' id='word_1_400' title='bbox 3447 2321 3628 2391; x_wconf 84' lang='grc' dir='ltr'>νόμων</span> <span class='ocrx_word' id='word_1_401' title='bbox 3650 2321 3766 2373; x_wconf 78' lang='grc' dir='ltr'>θαυο</span> 
     </span>
    </p>
   </div>
   <div class='ocr_carea' id='block_1_56' title="bbox 2207 2412 3762 2485">
    <p class='ocr_par' dir='ltr' id='par_1_56' title="bbox 2207 2412 3762 2485">
     <span class='ocr_line' id='line_1_57' title="bbox 2207 2412 3762 2485; baseline 0 -20"><span class='ocrx_word' id='word_1_402' title='bbox 2207 2414 2415 2485; x_wconf 76' lang='grc' dir='ltr'>μάζειν,</span> <span class='ocrx_word' id='word_1_403' title='bbox 2448 2414 2716 2478; x_wconf 77' lang='grc' dir='ltr'>κάκείνρις</span> <span class='ocrx_word' id='word_1_404' title='bbox 2740 2412 2922 2465; x_wconf 86' lang='grc' dir='ltr'>πλεῖον</span> <span class='ocrx_word' id='word_1_405' title='bbox 2948 2415 3026 2475; x_wconf 82' lang='grc' dir='ltr'><strong>εἰς</strong></span> <span class='ocrx_word' id='word_1_406' title='bbox 3060 2413 3250 2480; x_wconf 70' lang='grc' dir='ltr'>σοφίαν</span> <span class='ocrx_word' id='word_1_407' title='bbox 3277 2412 3480 2482; x_wconf 81' lang='grc' dir='ltr'>νέμειν,</span> <span class='ocrx_word' id='word_1_408' title='bbox 3510 2413 3614 2465; x_wconf 75' lang='grc' dir='ltr'>οὐκ</span> <span class='ocrx_word' id='word_1_409' title='bbox 3645 2416 3762 2466; x_wconf 85' lang='grc' dir='ltr'>ἐπε-</span> 
     </span>
    </p>
   </div>
   <div class='ocr_carea' id='block_1_57' title="bbox 2205 2500 3764 2573">
    <p class='ocr_par' dir='ltr' id='par_1_57' title="bbox 2205 2500 3764 2573">
     <span class='ocr_line' id='line_1_58' title="bbox 2205 2500 3764 2573; baseline 0 -18"><span class='ocrx_word' id='word_1_410' title='bbox 2205 2502 2510 2573; x_wconf 84' lang='grc' dir='ltr'>σκεμμένον</span> <span class='ocrx_word' id='word_1_411' title='bbox 2533 2503 2658 2565; x_wconf 75' lang='grc' dir='ltr'>τοὺς</span> <span class='ocrx_word' id='word_1_412' title='bbox 2692 2501 2938 2572; x_wconf 84' lang='grc' dir='ltr'>πρώτους</span> <span class='ocrx_word' id='word_1_413' title='bbox 2966 2501 3073 2555; x_wconf 83' lang='grc' dir='ltr'><strong>τῶν</strong></span> <span class='ocrx_word' id='word_1_414' title='bbox 3107 2500 3280 2568; x_wconf 88' lang='grc' dir='ltr'>λόγων</span> <span class='ocrx_word' id='word_1_415' title='bbox 3304 2518 3318 2530; x_wconf 90' lang='grc'><strong>·</strong></span> <span class='ocrx_word' id='word_1_416' title='bbox 3352 2503 3431 2554; x_wconf 78' lang='grc' dir='ltr'>ὅτι</span> <span class='ocrx_word' id='word_1_417' title='bbox 3467 2503 3635 2572; x_wconf 76' lang='grc' dir='ltr'>μήπω</span> <span class='ocrx_word' id='word_1_418' title='bbox 3672 2521 3764 2555; x_wconf 80' lang='grc' dir='ltr'>πα·</span> 
     </span>
    </p>
   </div>
   <div class='ocr_carea' id='block_1_58' title="bbox 2205 2592 3763 2666">
    <p class='ocr_par' dir='ltr' id='par_1_58' title="bbox 2205 2592 3763 2666">
     <span class='ocr_line' id='line_1_59' title="bbox 2205 2592 3763 2666; baseline -0.001 -18"><span class='ocrx_word' id='word_1_419' title='bbox 2205 2595 2509 2666; x_wconf 78' lang='grc' dir='ltr'>ραχθέντων</span> <span class='ocrx_word' id='word_1_420' title='bbox 2537 2595 2645 2647; x_wconf 86' lang='grc' dir='ltr'>τῶν</span> <span class='ocrx_word' id='word_1_421' title='bbox 2670 2595 2968 2666; x_wconf 84' lang='grc' dir='ltr'>ἀνθρώπων</span> <span class='ocrx_word' id='word_1_422' title='bbox 2997 2595 3077 2657; x_wconf 86' lang='grc' dir='ltr'><strong>είς</strong></span> <span class='ocrx_word' id='word_1_423' title='bbox 3101 2594 3330 2660; x_wconf 85' lang='grc' dir='ltr'>γένεσιν,</span> <span class='ocrx_word' id='word_1_424' title='bbox 3365 2595 3398 2663; x_wconf 76' lang='grc' dir='ltr'><strong>ὴ</strong></span> <span class='ocrx_word' id='word_1_425' title='bbox 3432 2593 3525 2646; x_wconf 76' lang='grc' dir='ltr'>τοῦ</span> <span class='ocrx_word' id='word_1_426' title='bbox 3555 2592 3763 2665; x_wconf 74' lang='grc' dir='ltr'>καρποῦ</span> 
     </span>
    </p>
   </div>
   <div class='ocr_carea' id='block_1_59' title="bbox 2201 2682 3764 2755">
    <p class='ocr_par' dir='ltr' id='par_1_59' title="bbox 2201 2682 3764 2755">
     <span class='ocr_line' id='line_1_60' title="bbox 2201 2682 3764 2755; baseline -0.003 -17"><span class='ocrx_word' id='word_1_427' title='bbox 2201 2685 2296 2738; x_wconf 70' lang='grc' dir='ltr'><strong>καὶ</strong></span> <span class='ocrx_word' id='word_1_428' title='bbox 2349 2683 2441 2736; x_wconf 80' lang='grc' dir='ltr'>τοῦ</span> <span class='ocrx_word' id='word_1_429' title='bbox 2493 2684 2804 2754; x_wconf 83' lang='grc' dir='ltr'>σπέρματος</span> <span class='ocrx_word' id='word_1_430' title='bbox 2867 2682 3149 2754; x_wconf 78' lang='grc' dir='ltr'>ἐπωνυμία</span> <span class='ocrx_word' id='word_1_431' title='bbox 3199 2683 3347 2754; x_wconf 77' lang='grc' dir='ltr'>ποιρά</span> <span class='ocrx_word' id='word_1_432' title='bbox 3397 2683 3494 2752; x_wconf 82' lang='grc' dir='ltr'>τῆς</span> <span class='ocrx_word' id='word_1_433' title='bbox 3547 2684 3764 2755; x_wconf 76' lang='grc' dir='ltr'>Γραφῆς</span> 
     </span>
    </p>
   </div>
   <div class='ocr_carea' id='block_1_60' title="bbox 2201 2774 3760 2848">
    <p class='ocr_par' dir='ltr' id='par_1_60' title="bbox 2201 2774 3760 2848">
     <span class='ocr_line' id='line_1_61' title="bbox 2201 2774 3760 2848; baseline -0.003 -18"><span class='ocrx_word' id='word_1_434' title='bbox 2201 2776 2511 2848; x_wconf 76' lang='grc' dir='ltr'>ὠνομάσθη.</span> <span class='ocrx_word' id='word_1_435' title='bbox 2555 2776 2738 2830; x_wconf 79' lang='grc' dir='ltr'>Ταῦτα</span> <span class='ocrx_word' id='word_1_436' title='bbox 2781 2775 2899 2829; x_wconf 88' lang='grc' dir='ltr'>καθ’</span> <span class='ocrx_word' id='word_1_437' title='bbox 2927 2776 3081 2846; x_wconf 77' lang='grc' dir='ltr'>ἡμῶν</span> <span class='ocrx_word' id='word_1_438' title='bbox 3109 2775 3237 2845; x_wconf 79' lang='grc' dir='ltr'>παρ’</span> <span class='ocrx_word' id='word_1_439' title='bbox 3266 2774 3428 2828; x_wconf 77' lang='grc' dir='ltr'>αὑτοῦ</span> <span class='ocrx_word' id='word_1_440' title='bbox 3470 2776 3538 2828; x_wconf 84' lang='grc' dir='ltr'><strong>τά</strong></span> <span class='ocrx_word' id='word_1_441' title='bbox 3574 2776 3760 2846; x_wconf 81' lang='grc' dir='ltr'>ἐγκλή-</span> 
     </span>
    </p>
   </div>
   <div class='ocr_carea' id='block_1_61' title="bbox 2205 2867 3763 2942">
    <p class='ocr_par' dir='ltr' id='par_1_61' title="bbox 2205 2867 3763 2942">
     <span class='ocr_line' id='line_1_62' title="bbox 2205 2867 3763 2942; baseline -0.002 -19"><span class='ocrx_word' id='word_1_442' title='bbox 2205 2887 2367 2942; x_wconf 89' lang='grc' dir='ltr'>ματα,</span> <span class='ocrx_word' id='word_1_443' title='bbox 2394 2871 2492 2940; x_wconf 74' lang='grc' dir='ltr'>οὐχ</span> <span class='ocrx_word' id='word_1_444' title='bbox 2519 2869 2688 2932; x_wconf 76' lang='grc' dir='ltr'>οὕτως</span> <span class='ocrx_word' id='word_1_445' title='bbox 2711 2867 3065 2939; x_wconf 81' lang='grc' dir='ltr'>γεγραμμένα</span> <span class='ocrx_word' id='word_1_446' title='bbox 3095 2869 3205 2931; x_wconf 90' lang='grc' dir='ltr'>τοῖς</span> <span class='ocrx_word' id='word_1_447' title='bbox 3235 2867 3440 2920; x_wconf 84' lang='grc' dir='ltr'>ἐκείνου</span> <span class='ocrx_word' id='word_1_448' title='bbox 3473 2868 3538 2938; x_wconf 75' lang='grc' dir='ltr'><strong>ρή</strong></span> <span class='ocrx_word' id='word_1_449' title='bbox 3550 2867 3763 2937; x_wconf 77' lang='grc' dir='ltr'>μασιτὰ</span> 
     </span>
    </p>
   </div>
   <div class='ocr_carea' id='block_1_62' title="bbox 2200 2961 3760 3036">
    <p class='ocr_par' dir='ltr' id='par_1_62' title="bbox 2200 2961 3760 3036">
     <span class='ocr_line' id='line_1_63' title="bbox 2200 2961 3760 3036; baseline -0.004 -18"><span class='ocrx_word' id='word_1_450' title='bbox 2200 2965 2467 3036; x_wconf 84' lang='grc' dir='ltr'>νοήματα,</span> <span class='ocrx_word' id='word_1_451' title='bbox 2501 2963 2635 3016; x_wconf 83' lang='grc' dir='ltr'><strong>άλλά</strong></span> <span class='ocrx_word' id='word_1_452' title='bbox 2683 2962 2933 3016; x_wconf 80' lang='grc' dir='ltr'>τοσοῦτον</span> <span class='ocrx_word' id='word_1_453' title='bbox 2987 2961 3323 3032; x_wconf 77' lang='grc' dir='ltr'>ὑπήλλακται</span> <span class='ocrx_word' id='word_1_454' title='bbox 3372 2963 3502 3031; x_wconf 79' lang='grc' dir='ltr'>παρ’</span> <span class='ocrx_word' id='word_1_455' title='bbox 3548 2961 3760 3031; x_wconf 77' lang='grc' dir='ltr'><strong>ήμῶνή</strong></span> 
     </span>
    </p>
   </div>
   <div class='ocr_carea' id='block_1_63' title="bbox 2201 3051 3762 3127">
    <p class='ocr_par' dir='ltr' id='par_1_63' title="bbox 2201 3051 3762 3127">
     <span class='ocr_line' id='line_1_64' title="bbox 2201 3051 3762 3127; baseline -0.004 -17"><span class='ocrx_word' id='word_1_456' title='bbox 2201 3057 2418 3127; x_wconf 84' lang='grc' dir='ltr'>φράσις,</span> <span class='ocrx_word' id='word_1_457' title='bbox 2450 3057 2571 3108; x_wconf 79' lang='grc' dir='ltr'>ὅσον</span> <span class='ocrx_word' id='word_1_458' title='bbox 2598 3054 2658 3108; x_wconf 89' lang='grc' dir='ltr'><strong>τὸ</strong></span> <span class='ocrx_word' id='word_1_459' title='bbox 2679 3054 2848 3127; x_wconf 76' lang='grc' dir='ltr'>τραχὺ</span> <span class='ocrx_word' id='word_1_460' title='bbox 2877 3073 2936 3108; x_wconf 90' lang='grc' dir='ltr'><strong>τε</strong></span> <span class='ocrx_word' id='word_1_461' title='bbox 2963 3057 3055 3110; x_wconf 75' lang='grc' dir='ltr'>καὶ</span> <span class='ocrx_word' id='word_1_462' title='bbox 3077 3055 3304 3126; x_wconf 84' lang='grc' dir='ltr'>δύσηχον</span> <span class='ocrx_word' id='word_1_463' title='bbox 3332 3053 3433 3122; x_wconf 76' lang='grc' dir='ltr'>τῆς</span> <span class='ocrx_word' id='word_1_464' title='bbox 3468 3051 3762 3115; x_wconf 83' lang='grc' dir='ltr'>συντάξεως</span> 
     </span>
    </p>
   </div>
   <div class='ocr_carea' id='block_1_64' title="bbox 2199 3140 3770 3240">
    <p class='ocr_par' dir='ltr' id='par_1_64' title="bbox 2199 3140 3770 3240">
     <span class='ocr_line' id='line_1_65' title="bbox 2199 3140 3770 3240; baseline -0.003 -39"><span class='ocrx_word' id='word_1_465' title='bbox 2199 3147 2307 3201; x_wconf 82' lang='grc' dir='ltr'><strong>τῶν</strong></span> <span class='ocrx_word' id='word_1_466' title='bbox 2338 3147 2644 3218; x_wconf 78' lang='grc' dir='ltr'>εἰρημένων</span> <span class='ocrx_word' id='word_1_467' title='bbox 2686 3145 3187 3217; x_wconf 86' lang='grc' dir='ltr'>ἐπανορθώσασθαι.</span> <span class='ocrx_word' id='word_1_468' title='bbox 3239 3145 3303 3198; x_wconf 88' lang='grc' dir='ltr'>Τί</span> <span class='ocrx_word' id='word_1_469' title='bbox 3335 3140 3426 3198; x_wconf 79' lang='grc' dir='ltr'><strong>οὖν</strong></span> <span class='ocrx_word' id='word_1_470' title='bbox 3459 3146 3660 3213; x_wconf 78' lang='grc' dir='ltr'>ἡμεῖς;</span> <span class='ocrx_word' id='word_1_471' title='bbox 3706 3143 3770 3240; x_wconf 54' lang='grc' dir='ltr'>Τί</span> 
     </span>
    </p>
   </div>
   <div class='ocr_carea' id='block_1_65' title="bbox 2202 3235 3762 3314">
    <p class='ocr_par' dir='ltr' id='par_1_65' title="bbox 2202 3235 3762 3314">
     <span class='ocr_line' id='line_1_66' title="bbox 2202 3235 3762 3314; baseline -0.005 -22"><span class='ocrx_word' id='word_1_472' title='bbox 2202 3238 2477 3314; x_wconf 19' lang='grc' dir='ltr'>πρὸς-Ατὸν</span> <span class='ocrx_word' id='word_1_473' title='bbox 2527 3237 2795 3309; x_wconf 79' lang='grc' dir='ltr'>κηδεμόνα</span> <span class='ocrx_word' id='word_1_474' title='bbox 2839 3238 2940 3307; x_wconf 81' lang='grc' dir='ltr'>τῆς</span> <span class='ocrx_word' id='word_1_475' title='bbox 2982 3236 3131 3301; x_wconf 82' lang='grc' dir='ltr'>θείας</span> <span class='ocrx_word' id='word_1_476' title='bbox 3182 3235 3432 3307; x_wconf 87' lang='grc' dir='ltr'>προνοίας</span> <span class='ocrx_word' id='word_1_477' title='bbox 3477 3235 3762 3304; x_wconf 76' lang='grc' dir='ltr'><strong>ἀποκρινό⁴</strong></span> 
     </span>
    </p>
   </div>
   <div class='ocr_carea' id='block_1_66' title="bbox 2207 3332 2364 3403">
    <p class='ocr_par' dir='ltr' id='par_1_66' title="bbox 2207 3332 2364 3403">
     <span class='ocr_line' id='line_1_67' title="bbox 2207 3332 2364 3403; baseline 0.013 -20"><span class='ocrx_word' id='word_1_478' title='bbox 2207 3332 2364 3403; x_wconf 71' lang='grc' dir='ltr'>μεθας</span> 
     </span>
    </p>
   </div>
   <div class='ocr_carea' id='block_1_67' title="bbox 528 3393 3770 3496">
    <p class='ocr_par' dir='ltr' id='par_1_67' title="bbox 528 3393 3770 3496">
     <span class='ocr_line' id='line_1_68' title="bbox 528 3393 3770 3496; baseline 0.011 -56"><span class='ocrx_word' id='word_1_479' title='bbox 528 3397 634 3454; x_wconf 90' lang='lat' dir='ltr'><strong>est,</strong></span> <span class='ocrx_word' id='word_1_480' title='bbox 662 3398 720 3444; x_wconf 93' lang='lat' dir='ltr'><strong>ut</strong></span> <span class='ocrx_word' id='word_1_481' title='bbox 758 3393 1024 3461; x_wconf 88' lang='lat' dir='ltr'><strong>asperitas</strong></span> <span class='ocrx_word' id='word_1_482' title='bbox 1062 3406 1115 3450; x_wconf 89' lang='lat' dir='ltr'><strong>et</strong></span> <span class='ocrx_word' id='word_1_483' title='bbox 1156 3398 1496 3456; x_wconf 88' lang='lat' dir='ltr'><strong>dissonantia</strong></span> <span class='ocrx_word' id='word_1_484' title='bbox 1556 3416 1849 3475; x_wconf 85' lang='lat' dir='ltr'><strong>syntaxcos</strong></span> <span class='ocrx_word' id='word_1_485' title='bbox 1901 3393 2218 3481; x_wconf 47' lang='lat' dir='ltr'><strong>verborum&#39;</strong></span> <span class='ocrx_word' id='word_1_486' title='bbox 2246 3393 2583 3483; x_wconf 83' lang='lat' dir='ltr'><strong>emendetur.</strong></span> <span class='ocrx_word' id='word_1_487' title='bbox 2629 3425 2770 3492; x_wconf 87' lang='lat' dir='ltr'><strong>Quid</strong></span> <span class='ocrx_word' id='word_1_488' title='bbox 2839 3426 3004 3496; x_wconf 88' lang='lat' dir='ltr'><strong>igitur</strong></span> <span class='ocrx_word' id='word_1_489' title='bbox 3068 3441 3190 3489; x_wconf 87' lang='lat' dir='ltr'><strong>nos,</strong></span> <span class='ocrx_word' id='word_1_490' title='bbox 3238 3423 3367 3495; x_wconf 88' lang='lat' dir='ltr'><strong>quid</strong></span> <span class='ocrx_word' id='word_1_491' title='bbox 3432 3422 3500 3477; x_wconf 89' lang='lat' dir='ltr'><strong>ad</strong></span> <span class='ocrx_word' id='word_1_492' title='bbox 3579 3421 3770 3476; x_wconf 61' lang='lat' dir='ltr'><strong>divinat-</strong></span> 
     </span>
    </p>
   </div>
   <div class='ocr_carea' id='block_1_68' title="bbox 529 3479 1841 3562">
    <p class='ocr_par' dir='ltr' id='par_1_68' title="bbox 529 3479 1841 3562">
     <span class='ocr_line' id='line_1_69' title="bbox 529 3479 1841 3562; baseline 0.022 -35"><span class='ocrx_word' id='word_1_493' title='bbox 529 3479 882 3547; x_wconf 74' lang='lat' dir='ltr'><strong>providentia:</strong></span> <span class='ocrx_word' id='word_1_494' title='bbox 910 3495 1319 3552; x_wconf 87' lang='lat' dir='ltr'><strong>procuratorem</strong></span> <span class='ocrx_word' id='word_1_495' title='bbox 1351 3495 1841 3562; x_wconf 87' lang='lat' dir='ltr'><strong>respondebimus?</strong></span> 
     </span>
    </p>
   </div>
   <div class='ocr_carea' id='block_1_69' title="bbox 599 3573 2096 3661">
    <p class='ocr_par' dir='ltr' id='par_1_69' title="bbox 599 3573 2096 3661">
     <span class='ocr_line' id='line_1_70' title="bbox 599 3573 2096 3661; baseline 0.021 -34"><span class='ocrx_word' id='word_1_496' title='bbox 599 3573 710 3629; x_wconf 86' lang='lat' dir='ltr'><strong>Nos</strong></span> <span class='ocrx_word' id='word_1_497' title='bbox 733 3575 987 3645; x_wconf 87' lang='lat' dir='ltr'><strong>injuriam</strong></span> <span class='ocrx_word' id='word_1_498' title='bbox 1021 3578 1198 3636; x_wconf 81' lang='lat' dir='ltr'><strong>facere</strong></span> <span class='ocrx_word' id='word_1_499' title='bbox 1229 3594 1474 3642; x_wconf 89' lang='lat' dir='ltr'><strong>autumat</strong></span> <span class='ocrx_word' id='word_1_500' title='bbox 1515 3594 1659 3661; x_wconf 83' lang='lat' dir='ltr'><strong>quod</strong></span> <span class='ocrx_word' id='word_1_501' title='bbox 1695 3595 1966 3655; x_wconf 87' lang='lat' dir='ltr'><strong>hominem</strong></span> <span class='ocrx_word' id='word_1_502' title='bbox 2005 3619 2096 3659; x_wconf 81' lang='lat' dir='ltr'><strong>ra-</strong></span> 
     </span>
    </p>
   </div>
   <div class='ocr_carea' id='block_1_70' title="bbox 530 3666 2092 3764">
    <p class='ocr_par' dir='ltr' id='par_1_70' title="bbox 530 3666 2092 3764">
     <span class='ocr_line' id='line_1_71' title="bbox 530 3666 2092 3764; baseline 0.02 -44"><span class='ocrx_word' id='word_1_503' title='bbox 530 3666 697 3724; x_wconf 91' lang='lat' dir='ltr'><strong>tionis</strong></span> <span class='ocrx_word' id='word_1_504' title='bbox 723 3669 1040 3740; x_wconf 88' lang='lat' dir='ltr'><strong>participem</strong></span> <span class='ocrx_word' id='word_1_505' title='bbox 1070 3690 1099 3727; x_wconf 88' lang='lat' dir='ltr'><strong>a</strong></span> <span class='ocrx_word' id='word_1_506' title='bbox 1132 3673 1242 3732; x_wconf 88' lang='lat' dir='ltr'><strong>Deo</strong></span> <span class='ocrx_word' id='word_1_507' title='bbox 1269 3677 1470 3735; x_wconf 87' lang='lat' dir='ltr'><strong>factum</strong></span> <span class='ocrx_word' id='word_1_508' title='bbox 1501 3697 1624 3739; x_wconf 85' lang='lat' dir='ltr'><strong>esse</strong></span> <span class='ocrx_word' id='word_1_509' title='bbox 1667 3703 1777 3743; x_wconf 90' lang='lat' dir='ltr'><strong>non</strong></span> <span class='ocrx_word' id='word_1_510' title='bbox 1808 3707 2092 3764; x_wconf 58' lang='lat' dir='ltr'><strong>negamus,</strong></span> 
     </span>
    </p>
   </div>
   <div class='ocr_carea' id='block_1_71' title="bbox 530 3761 2096 3843">
    <p class='ocr_par' dir='ltr' id='par_1_71' title="bbox 530 3761 2096 3843">
     <span class='ocr_line' id='line_1_72' title="bbox 530 3761 2096 3843; baseline 0.019 -29"><span class='ocrx_word' id='word_1_511' title='bbox 530 3761 625 3815; x_wconf 81' lang='lat' dir='ltr'><strong>sed</strong></span> <span class='ocrx_word' id='word_1_512' title='bbox 673 3762 962 3817; x_wconf 88' lang='lat' dir='ltr'><strong>verborum</strong></span> <span class='ocrx_word' id='word_1_513' title='bbox 1000 3764 1344 3825; x_wconf 78' lang='lat' dir='ltr'><strong>inventiones</strong></span> <span class='ocrx_word' id='word_1_514' title='bbox 1379 3772 1445 3827; x_wconf 90' lang='lat' dir='ltr'><strong>ad</strong></span> <span class='ocrx_word' id='word_1_515' title='bbox 1478 3777 1845 3838; x_wconf 88' lang='lat' dir='ltr'><strong>ratiocinandi</strong></span> <span class='ocrx_word' id='word_1_516' title='bbox 1869 3761 2096 3843; x_wconf 48' lang='lat' dir='ltr'><strong>faculta;</strong></span> 
     </span>
    </p>
   </div>
   <div class='ocr_carea' id='block_1_72' title="bbox 532 3852 2091 3936">
    <p class='ocr_par' dir='ltr' id='par_1_72' title="bbox 532 3852 2091 3936">
     <span class='ocr_line' id='line_1_73' title="bbox 532 3852 2091 3936; baseline 0.02 -32"><span class='ocrx_word' id='word_1_517' title='bbox 532 3859 640 3906; x_wconf 89' lang='lat' dir='ltr'><strong>tem</strong></span> <span class='ocrx_word' id='word_1_518' title='bbox 693 3867 723 3906; x_wconf 88' lang='lat' dir='ltr'><strong>a</strong></span> <span class='ocrx_word' id='word_1_519' title='bbox 763 3852 874 3909; x_wconf 91' lang='lat' dir='ltr'><strong>Deo</strong></span> <span class='ocrx_word' id='word_1_520' title='bbox 907 3864 1119 3912; x_wconf 46' lang='lat' dir='ltr'><strong>natura)</strong></span> <span class='ocrx_word' id='word_1_521' title='bbox 1170 3859 1449 3917; x_wconf 92' lang='lat' dir='ltr'><strong>hominum</strong></span> <span class='ocrx_word' id='word_1_522' title='bbox 1493 3865 1715 3924; x_wconf 87' lang='lat' dir='ltr'><strong>inditam</strong></span> <span class='ocrx_word' id='word_1_523' title='bbox 1753 3889 2091 3936; x_wconf 87' lang='lat' dir='ltr'><strong>revocamus.</strong></span> 
     </span>
    </p>
   </div>
   <div class='ocr_carea' id='block_1_73' title="bbox 527 3943 2094 4038">
    <p class='ocr_par' dir='ltr' id='par_1_73' title="bbox 527 3943 2094 4038">
     <span class='ocr_line' id='line_1_74' title="bbox 527 3943 2094 4038; baseline 0.018 -42"><span class='ocrx_word' id='word_1_524' title='bbox 527 3943 704 4012; x_wconf 81' lang='lat' dir='ltr'><strong>Atque</strong></span> <span class='ocrx_word' id='word_1_525' title='bbox 749 3944 853 3999; x_wconf 92' lang='lat' dir='ltr'><strong>hoc</strong></span> <span class='ocrx_word' id='word_1_526' title='bbox 905 3957 990 4002; x_wconf 86' lang='lat' dir='ltr'><strong>est</strong></span> <span class='ocrx_word' id='word_1_527' title='bbox 1035 3949 1326 4006; x_wconf 86' lang='lat' dir='ltr'><strong>criminum</strong></span> <span class='ocrx_word' id='word_1_528' title='bbox 1386 3958 1815 4031; x_wconf 86' lang='lat' dir='ltr'><strong>acerbissimum,</strong></span> <span class='ocrx_word' id='word_1_529' title='bbox 1872 3983 1980 4038; x_wconf 85' lang='lat' dir='ltr'><strong>quo</strong></span> <span class='ocrx_word' id='word_1_530' title='bbox 2029 3970 2094 4024; x_wconf 90' lang='lat' dir='ltr'><strong>ad</strong></span> 
     </span>
    </p>
   </div>
   <div class='ocr_carea' id='block_1_74' title="bbox 527 4036 2093 4131">
    <p class='ocr_par' dir='ltr' id='par_1_74' title="bbox 527 4036 2093 4131">
     <span class='ocr_line' id='line_1_75' title="bbox 527 4036 2093 4131; baseline 0.018 -42"><span class='ocrx_word' id='word_1_531' title='bbox 527 4036 813 4092; x_wconf 89' lang='lat' dir='ltr'><strong>atheorum</strong></span> <span class='ocrx_word' id='word_1_532' title='bbox 846 4042 1172 4096; x_wconf 86' lang='lat' dir='ltr'><strong>sententiam</strong></span> <span class='ocrx_word' id='word_1_533' title='bbox 1209 4047 1551 4119; x_wconf 80' lang='lat' dir='ltr'><strong>transfugere</strong></span> <span class='ocrx_word' id='word_1_534' title='bbox 1581 4055 1796 4114; x_wconf 87' lang='lat' dir='ltr'><strong>pietatis</strong></span> <span class='ocrx_word' id='word_1_535' title='bbox 1835 4036 2093 4131; x_wconf 75' lang='lat' dir='ltr'><strong>magister</strong></span> 
     </span>
    </p>
   </div>
   <div class='ocr_carea' id='block_1_75' title="bbox 525 4135 2094 4221">
    <p class='ocr_par' dir='ltr' id='par_1_75' title="bbox 525 4135 2094 4221">
     <span class='ocr_line' id='line_1_76' title="bbox 525 4135 2094 4221; baseline 0.015 -37"><span class='ocrx_word' id='word_1_536' title='bbox 525 4139 837 4200; x_wconf 87' lang='lat' dir='ltr'><strong>accusatur,</strong></span> <span class='ocrx_word' id='word_1_537' title='bbox 873 4143 926 4188; x_wconf 87' lang='lat' dir='ltr'><strong>et</strong></span> <span class='ocrx_word' id='word_1_538' title='bbox 955 4135 1157 4190; x_wconf 76' lang='lat' dir='ltr'><strong>illicita:</strong></span> <span class='ocrx_word' id='word_1_539' title='bbox 1173 4141 1586 4198; x_wconf 85' lang='lat' dir='ltr'><strong>consuetudinis</strong></span> <span class='ocrx_word' id='word_1_540' title='bbox 1623 4146 1793 4204; x_wconf 71' lang='lat' dir='ltr'><strong>haeres</strong></span> <span class='ocrx_word' id='word_1_541' title='bbox 1817 4158 1869 4205; x_wconf 91' lang='lat' dir='ltr'><strong>et</strong></span> <span class='ocrx_word' id='word_1_542' title='bbox 1910 4163 2094 4221; x_wconf 89' lang='lat' dir='ltr'><strong>patro-</strong></span> 
     </span>
    </p>
   </div>
   <div class='ocr_carea' id='block_1_76' title="bbox 526 4225 2096 4313">
    <p class='ocr_par' dir='ltr' id='par_1_76' title="bbox 526 4225 2096 4313">
     <span class='ocr_line' id='line_1_77' title="bbox 526 4225 2096 4313; baseline 0.016 -39"><span class='ocrx_word' id='word_1_543' title='bbox 526 4237 632 4277; x_wconf 91' lang='lat' dir='ltr'><strong>nus</strong></span> <span class='ocrx_word' id='word_1_544' title='bbox 660 4231 713 4278; x_wconf 86' lang='lat' dir='ltr'><strong>et</strong></span> <span class='ocrx_word' id='word_1_545' title='bbox 746 4225 928 4279; x_wconf 89' lang='lat' dir='ltr'><strong>omnia</strong></span> <span class='ocrx_word' id='word_1_546' title='bbox 969 4229 1316 4284; x_wconf 77' lang='lat' dir='ltr'><strong>atrocissima</strong></span> <span class='ocrx_word' id='word_1_547' title='bbox 1346 4235 1679 4292; x_wconf 89' lang='lat' dir='ltr'><strong>nominatur.</strong></span> <span class='ocrx_word' id='word_1_548' title='bbox 1733 4239 1888 4295; x_wconf 90' lang='lat' dir='ltr'><strong>Dicat</strong></span> <span class='ocrx_word' id='word_1_549' title='bbox 1933 4244 2096 4313; x_wconf 75' lang='lat' dir='ltr'><strong>igitur</strong></span> 
     </span>
    </p>
   </div>
   <div class='ocr_carea' id='block_1_77' title="bbox 524 4318 2096 4392">
    <p class='ocr_par' dir='ltr' id='par_1_77' title="bbox 524 4318 2096 4392">
     <span class='ocr_line' id='line_1_78' title="bbox 524 4318 2096 4392; baseline 0.015 -25"><span class='ocrx_word' id='word_1_550' title='bbox 524 4323 840 4370; x_wconf 87' lang='lat' dir='ltr'><strong>nostrorum</strong></span> <span class='ocrx_word' id='word_1_551' title='bbox 872 4318 1122 4388; x_wconf 86' lang='lat' dir='ltr'><strong>lapsuum</strong></span> <span class='ocrx_word' id='word_1_552' title='bbox 1158 4332 1438 4379; x_wconf 89' lang='lat' dir='ltr'><strong>corrector</strong></span> <span class='ocrx_word' id='word_1_553' title='bbox 1467 4345 1479 4380; x_wconf 95' lang='lat'><strong>:</strong></span> <span class='ocrx_word' id='word_1_554' title='bbox 1505 4327 1647 4384; x_wconf 90' lang='lat' dir='ltr'><strong>Deus</strong></span> <span class='ocrx_word' id='word_1_555' title='bbox 1695 4333 1857 4388; x_wconf 89' lang='lat' dir='ltr'><strong>rebus</strong></span> <span class='ocrx_word' id='word_1_556' title='bbox 1896 4337 2096 4392; x_wconf 89' lang='lat' dir='ltr'><strong>creatis</strong></span> 
     </span>
    </p>
   </div>
   <div class='ocr_carea' id='block_1_78' title="bbox 2283 3599 3765 3673">
    <p class='ocr_par' dir='ltr' id='par_1_78' title="bbox 2283 3599 3765 3673">
     <span class='ocr_line' id='line_1_79' title="bbox 2283 3599 3765 3673; baseline -0.005 -15"><span class='ocrx_word' id='word_1_557' title='bbox 2283 3605 2511 3657; x_wconf 86' lang='grc' dir='ltr'>Ἀδικεῖν</span> <span class='ocrx_word' id='word_1_558' title='bbox 2544 3605 2692 3673; x_wconf 78' lang='grc' dir='ltr'>ἡμᾶς</span> <span class='ocrx_word' id='word_1_559' title='bbox 2724 3601 2890 3671; x_wconf 85' lang='grc' dir='ltr'>λέγει,</span> <span class='ocrx_word' id='word_1_560' title='bbox 2941 3601 3108 3654; x_wconf 83' lang='grc' dir='ltr'>ὅτιτὸ</span> <span class='ocrx_word' id='word_1_561' title='bbox 3158 3600 3255 3670; x_wconf 80' lang='grc' dir='ltr'>μὲν</span> <span class='ocrx_word' id='word_1_562' title='bbox 3292 3599 3504 3668; x_wconf 82' lang='grc' dir='ltr'>λογικὸν</span> <span class='ocrx_word' id='word_1_563' title='bbox 3547 3602 3765 3673; x_wconf 81' lang='grc' dir='ltr'>γεγενῆ-</span> 
     </span>
    </p>
   </div>
   <div class='ocr_carea' id='block_1_79' title="bbox 2201 3691 3763 3766">
    <p class='ocr_par' dir='ltr' id='par_1_79' title="bbox 2201 3691 3763 3766">
     <span class='ocr_line' id='line_1_80' title="bbox 2201 3691 3763 3766; baseline -0.004 -15"><span class='ocrx_word' id='word_1_564' title='bbox 2201 3699 2320 3751; x_wconf 83' lang='grc' dir='ltr'>σθαι</span> <span class='ocrx_word' id='word_1_565' title='bbox 2348 3697 2498 3766; x_wconf 81' lang='grc' dir='ltr'><strong>παρά</strong></span> <span class='ocrx_word' id='word_1_566' title='bbox 2521 3694 2612 3748; x_wconf 76' lang='grc' dir='ltr'>τοῦ</span> <span class='ocrx_word' id='word_1_567' title='bbox 2655 3692 2786 3746; x_wconf 87' lang='grc' dir='ltr'><strong>Θεοῦ</strong></span> <span class='ocrx_word' id='word_1_568' title='bbox 2827 3693 2917 3746; x_wconf 81' lang='grc' dir='ltr'><strong>τὸν</strong></span> <span class='ocrx_word' id='word_1_569' title='bbox 2958 3692 3239 3763; x_wconf 78' lang='grc' dir='ltr'>ἄνθρωπον</span> <span class='ocrx_word' id='word_1_570' title='bbox 3285 3691 3383 3745; x_wconf 83' lang='grc' dir='ltr'>οὐκ</span> <span class='ocrx_word' id='word_1_571' title='bbox 3410 3693 3724 3763; x_wconf 74' lang='grc' dir='ltr'>ἀρνούμεθα</span> <span class='ocrx_word' id='word_1_572' title='bbox 3749 3711 3763 3726; x_wconf 78' lang='grc'><em>’</em></span> 
     </span>
    </p>
   </div>
   <div class='ocr_carea' id='block_1_80' title="bbox 2198 3784 3766 3858">
    <p class='ocr_par' dir='ltr' id='par_1_80' title="bbox 2198 3784 3766 3858">
     <span class='ocr_line' id='line_1_81' title="bbox 2198 3784 3766 3858; baseline -0.003 -15"><span class='ocrx_word' id='word_1_573' title='bbox 2198 3792 2295 3854; x_wconf 74' lang='grc' dir='ltr'><strong>τὰς</strong></span> <span class='ocrx_word' id='word_1_574' title='bbox 2323 3789 2379 3842; x_wconf 83' lang='grc' dir='ltr'>δὲ</span> <span class='ocrx_word' id='word_1_575' title='bbox 2408 3787 2515 3841; x_wconf 80' lang='grc' dir='ltr'>τῶν</span> <span class='ocrx_word' id='word_1_576' title='bbox 2555 3786 2812 3858; x_wconf 77' lang='grc' dir='ltr'>ῥημάτων</span> <span class='ocrx_word' id='word_1_577' title='bbox 2848 3785 3092 3856; x_wconf 76' lang='grc' dir='ltr'>εὑρέσεις</span> <span class='ocrx_word' id='word_1_578' title='bbox 3125 3785 3204 3848; x_wconf 82' lang='grc' dir='ltr'>εἰς</span> <span class='ocrx_word' id='word_1_579' title='bbox 3233 3784 3328 3854; x_wconf 83' lang='grc' dir='ltr'>τὴν</span> <span class='ocrx_word' id='word_1_580' title='bbox 3359 3784 3588 3855; x_wconf 84' lang='grc' dir='ltr'>λογικὴν</span> <span class='ocrx_word' id='word_1_581' title='bbox 3617 3785 3766 3840; x_wconf 78' lang='grc' dir='ltr'>δύνα-</span> 
     </span>
    </p>
   </div>
   <div class='ocr_carea' id='block_1_81' title="bbox 2201 3875 3770 3950">
    <p class='ocr_par' dir='ltr' id='par_1_81' title="bbox 2201 3875 3770 3950">
     <span class='ocr_line' id='line_1_82' title="bbox 2201 3875 3770 3950; baseline 0.001 -19"><span class='ocrx_word' id='word_1_582' title='bbox 2201 3898 2291 3950; x_wconf 83' lang='grc' dir='ltr'><strong>μιν</strong></span> <span class='ocrx_word' id='word_1_583' title='bbox 2313 3880 2411 3950; x_wconf 73' lang='grc' dir='ltr'>τὴν</span> <span class='ocrx_word' id='word_1_584' title='bbox 2441 3878 2747 3932; x_wconf 79' lang='grc' dir='ltr'>ἐντεθεῖσαν</span> <span class='ocrx_word' id='word_1_585' title='bbox 2775 3877 2924 3949; x_wconf 86' lang='grc' dir='ltr'><strong>παρά</strong></span> <span class='ocrx_word' id='word_1_586' title='bbox 2967 3875 3060 3930; x_wconf 80' lang='grc' dir='ltr'><strong>τοῦ</strong></span> <span class='ocrx_word' id='word_1_587' title='bbox 3089 3876 3224 3930; x_wconf 77' lang='grc' dir='ltr'>Θεοῦ</span> <span class='ocrx_word' id='word_1_588' title='bbox 3254 3879 3320 3948; x_wconf 81' lang='grc' dir='ltr'><strong>τῇ</strong></span> <span class='ocrx_word' id='word_1_589' title='bbox 3350 3876 3506 3946; x_wconf 79' lang='grc' dir='ltr'>φύσει</span> <span class='ocrx_word' id='word_1_590' title='bbox 3544 3879 3658 3932; x_wconf 79' lang='grc' dir='ltr'><strong>τῶν</strong></span> <span class='ocrx_word' id='word_1_591' title='bbox 3683 3881 3770 3932; x_wconf 80' lang='grc' dir='ltr'>ἀν-</span> 
     </span>
    </p>
   </div>
   <div class='ocr_carea' id='block_1_82' title="bbox 2198 3969 3770 4042">
    <p class='ocr_par' dir='ltr' id='par_1_82' title="bbox 2198 3969 3770 4042">
     <span class='ocr_line' id='line_1_83' title="bbox 2198 3969 3770 4042; baseline 0.001 -17"><span class='ocrx_word' id='word_1_592' title='bbox 2198 3971 2430 4042; x_wconf 84' lang='grc' dir='ltr'>θρώπων</span> <span class='ocrx_word' id='word_1_593' title='bbox 2473 3970 2765 4042; x_wconf 80' lang='grc' dir='ltr'>ἀνάγομεν.</span> <span class='ocrx_word' id='word_1_594' title='bbox 2817 3971 2927 4024; x_wconf 74' lang='grc' dir='ltr'><strong>Καὶ</strong></span> <span class='ocrx_word' id='word_1_595' title='bbox 2953 3969 3109 4024; x_wconf 78' lang='grc' dir='ltr'>τοῦτό</span> <span class='ocrx_word' id='word_1_596' title='bbox 3140 3973 3256 4024; x_wconf 90' lang='grc' dir='ltr'>ἐστι</span> <span class='ocrx_word' id='word_1_597' title='bbox 3297 3970 3358 4023; x_wconf 91' lang='grc' dir='ltr'><strong>τὸ</strong></span> <span class='ocrx_word' id='word_1_598' title='bbox 3387 3971 3770 4040; x_wconf 81' lang='grc' dir='ltr'>χαλεπώτατον</span> 
     </span>
    </p>
   </div>
   <div class='ocr_carea' id='block_1_83' title="bbox 2195 4052 3766 4134">
    <p class='ocr_par' dir='ltr' id='par_1_83' title="bbox 2195 4052 3766 4134">
     <span class='ocr_line' id='line_1_84' title="bbox 2195 4052 3766 4134; baseline 0 -20"><span class='ocrx_word' id='word_1_599' title='bbox 2195 4063 2304 4114; x_wconf 84' lang='grc' dir='ltr'>τῶν</span> <span class='ocrx_word' id='word_1_600' title='bbox 2328 4061 2706 4132; x_wconf 83' lang='grc' dir='ltr'>ἐγκλημάτων,</span> <span class='ocrx_word' id='word_1_601' title='bbox 2737 4060 2803 4114; x_wconf 87' lang='grc' dir='ltr'><strong>δι’</strong></span> <span class='ocrx_word' id='word_1_602' title='bbox 2833 4052 2893 4114; x_wconf 70' lang='grc' dir='ltr'><strong>οὗ</strong></span> <span class='ocrx_word' id='word_1_603' title='bbox 2929 4059 3065 4129; x_wconf 87' lang='grc' dir='ltr'>πρὸς</span> <span class='ocrx_word' id='word_1_604' title='bbox 3089 4059 3187 4130; x_wconf 83' lang='grc' dir='ltr'>τὴν</span> <span class='ocrx_word' id='word_1_605' title='bbox 3208 4060 3315 4112; x_wconf 85' lang='grc' dir='ltr'>τῶν</span> <span class='ocrx_word' id='word_1_606' title='bbox 3339 4061 3511 4114; x_wconf 87' lang='grc' dir='ltr'>ἀθέων</span> <span class='ocrx_word' id='word_1_607' title='bbox 3543 4061 3766 4134; x_wconf 82' lang='grc' dir='ltr'>γνώμην</span> 
     </span>
    </p>
   </div>
   <div class='ocr_carea' id='block_1_84' title="bbox 2197 4151 3762 4225">
    <p class='ocr_par' dir='ltr' id='par_1_84' title="bbox 2197 4151 3762 4225">
     <span class='ocr_line' id='line_1_85' title="bbox 2197 4151 3762 4225; baseline -0.001 -18"><span class='ocrx_word' id='word_1_608' title='bbox 2197 4154 2513 4224; x_wconf 77' lang='grc' dir='ltr'>αὐτομολεῖν</span> <span class='ocrx_word' id='word_1_609' title='bbox 2543 4154 2572 4206; x_wconf 88' lang='grc' dir='ltr'><strong>ὀ</strong></span> <span class='ocrx_word' id='word_1_610' title='bbox 2595 4153 2908 4216; x_wconf 73' lang='grc' dir='ltr'>διδάσκαλος</span> <span class='ocrx_word' id='word_1_611' title='bbox 2938 4153 3037 4223; x_wconf 78' lang='grc' dir='ltr'>τῆς</span> <span class='ocrx_word' id='word_1_612' title='bbox 3062 4151 3335 4216; x_wconf 79' lang='grc' dir='ltr'>εὐσεϐείας</span> <span class='ocrx_word' id='word_1_613' title='bbox 3362 4158 3762 4225; x_wconf 81' lang='grc' dir='ltr'>κατηγορεῖται,</span> 
     </span>
    </p>
   </div>
   <div class='ocr_carea' id='block_1_85' title="bbox 2197 4241 3761 4316">
    <p class='ocr_par' dir='ltr' id='par_1_85' title="bbox 2197 4241 3761 4316">
     <span class='ocr_line' id='line_1_86' title="bbox 2197 4241 3761 4316; baseline 0.001 -19"><span class='ocrx_word' id='word_1_614' title='bbox 2197 4245 2291 4297; x_wconf 68' lang='grc' dir='ltr'><strong>καῖ</strong></span> <span class='ocrx_word' id='word_1_615' title='bbox 2323 4243 2604 4314; x_wconf 84' lang='grc' dir='ltr'>συνηθείας</span> <span class='ocrx_word' id='word_1_616' title='bbox 2632 4242 2898 4312; x_wconf 88' lang='grc' dir='ltr'>ἐκθέσμου</span> <span class='ocrx_word' id='word_1_617' title='bbox 2930 4241 3261 4313; x_wconf 86' lang='grc' dir='ltr'>κληρονόμος</span> <span class='ocrx_word' id='word_1_618' title='bbox 3305 4245 3397 4296; x_wconf 74' lang='grc' dir='ltr'>καὶ</span> <span class='ocrx_word' id='word_1_619' title='bbox 3447 4247 3761 4316; x_wconf 80' lang='grc' dir='ltr'>συνήγορος,</span> 
     </span>
    </p>
   </div>
   <div class='ocr_carea' id='block_1_86' title="bbox 2198 4332 3769 4402">
    <p class='ocr_par' dir='ltr' id='par_1_86' title="bbox 2198 4332 3769 4402">
     <span class='ocr_line' id='line_1_87' title="bbox 2198 4332 3769 4402; baseline 0.001 -15"><span class='ocrx_word' id='word_1_620' title='bbox 2198 4334 2292 4388; x_wconf 63' lang='grc' dir='ltr'><strong>καὶ¹</strong></span> <span class='ocrx_word' id='word_1_621' title='bbox 2338 4335 2513 4387; x_wconf 87' lang='grc' dir='ltr'>πάντα</span> <span class='ocrx_word' id='word_1_622' title='bbox 2557 4333 2878 4402; x_wconf 74' lang='grc' dir='ltr'>ὀνομάζεται</span> <span class='ocrx_word' id='word_1_623' title='bbox 2909 4332 2977 4385; x_wconf 82' lang='grc' dir='ltr'><strong>τά</strong></span> <span class='ocrx_word' id='word_1_624' title='bbox 3006 4332 3300 4386; x_wconf 80' lang='grc' dir='ltr'>δεινότατα.</span> <span class='ocrx_word' id='word_1_625' title='bbox 3335 4333 3560 4388; x_wconf 87' lang='grc' dir='ltr'>Είπάτω</span> <span class='ocrx_word' id='word_1_626' title='bbox 3589 4335 3769 4388; x_wconf 82' lang='grc' dir='ltr'>τοίνυν</span> 
     </span>
    </p>
   </div>
   <div class='ocr_carea' id='block_1_87' title="bbox 527 4407 2101 4509">
    <p class='ocr_par' dir='ltr' id='par_1_87' title="bbox 527 4407 2090 4496">
     <span class='ocr_line' id='line_1_88' title="bbox 527 4407 2090 4496; baseline 0.016 -37"><span class='ocrx_word' id='word_1_627' title='bbox 527 4407 921 4476; x_wconf 85' lang='lat' dir='ltr'><strong>appellationes</strong></span> <span class='ocrx_word' id='word_1_628' title='bbox 953 4411 1230 4481; x_wconf 83' lang='lat' dir='ltr'><strong>imposuit,</strong></span> <span class='ocrx_word' id='word_1_629' title='bbox 1279 4415 1382 4471; x_wconf 89' lang='lat' dir='ltr'><strong>hoc</strong></span> <span class='ocrx_word' id='word_1_630' title='bbox 1425 4419 1568 4472; x_wconf 90' lang='lat' dir='ltr'><strong>enim</strong></span> <span class='ocrx_word' id='word_1_631' title='bbox 1615 4424 1688 4476; x_wconf 86' lang='lat' dir='ltr'><strong>ait</strong></span> <span class='ocrx_word' id='word_1_632' title='bbox 1736 4427 2090 4496; x_wconf 83' lang='lat' dir='ltr'><strong>mysticorum</strong></span> 
     </span>
    </p>
   </div>
   <div class='ocr_carea' id='block_1_88' title="bbox 2203 4407 3763 4509">
    <p class='ocr_par' dir='ltr' id='par_1_88' title="bbox 2203 4424 3763 4499">
     <span class='ocr_line' id='line_1_89' title="bbox 2203 4424 3763 4499; baseline -0.003 -18"><span class='ocrx_word' id='word_1_633' title='bbox 2203 4430 2224 4482; x_wconf 74' lang='grc' dir='ltr'><strong>ὸ</strong></span> <span class='ocrx_word' id='word_1_634' title='bbox 2275 4426 2568 4499; x_wconf 86' lang='grc' dir='ltr'>διορθωτὴς</span> <span class='ocrx_word' id='word_1_635' title='bbox 2615 4425 2724 4478; x_wconf 89' lang='grc' dir='ltr'><strong>τῶν</strong></span> <span class='ocrx_word' id='word_1_636' title='bbox 2775 4424 3056 4495; x_wconf 78' lang='grc' dir='ltr'>ἡμετέρων</span> <span class='ocrx_word' id='word_1_637' title='bbox 3109 4425 3502 4494; x_wconf 57' lang='grc' dir='ltr'>πταισμάτων</span> <span class='ocrx_word' id='word_1_638' title='bbox 3541 4425 3606 4482; x_wconf 89' lang='grc' dir='ltr'>Ὁ</span> <span class='ocrx_word' id='word_1_639' title='bbox 3639 4426 3763 4488; x_wconf 84' lang='grc' dir='ltr'>Θεὸς</span> 
     </span>
    </p>
   </div>
   <div class='ocr_carea' id='block_1_89' title="bbox 524 4497 2092 4587">
    <p class='ocr_par' dir='ltr' id='par_1_89' title="bbox 524 4497 2092 4587">
     <span class='ocr_line' id='line_1_90' title="bbox 524 4497 2092 4587; baseline 0.017 -36"><span class='ocrx_word' id='word_1_640' title='bbox 524 4497 978 4556; x_wconf 87' lang='lat' dir='ltr'><strong>documentorum</strong></span> <span class='ocrx_word' id='word_1_641' title='bbox 1025 4518 1200 4560; x_wconf 86' lang='lat' dir='ltr'><strong>novus</strong></span> <span class='ocrx_word' id='word_1_642' title='bbox 1234 4508 1586 4579; x_wconf 80' lang='lat' dir='ltr'><strong>explanator,</strong></span> <span class='ocrx_word' id='word_1_643' title='bbox 1614 4515 1738 4584; x_wconf 88' lang='lat' dir='ltr'><strong>quia</strong></span> <span class='ocrx_word' id='word_1_644' title='bbox 1767 4532 1984 4587; x_wconf 88' lang='lat' dir='ltr'><strong>germen</strong></span> <span class='ocrx_word' id='word_1_645' title='bbox 2041 4532 2092 4577; x_wconf 92' lang='lat' dir='ltr'><strong>et</strong></span> 
     </span>
    </p>
   </div>
   <div class='ocr_carea' id='block_1_90' title="bbox 523 4588 2092 4680">
    <p class='ocr_par' dir='ltr' id='par_1_90' title="bbox 523 4588 2092 4680">
     <span class='ocr_line' id='line_1_91' title="bbox 523 4588 2092 4680; baseline 0.017 -39"><span class='ocrx_word' id='word_1_646' title='bbox 523 4588 772 4654; x_wconf 87' lang='lat' dir='ltr'><strong>herbam,</strong></span> <span class='ocrx_word' id='word_1_647' title='bbox 813 4598 867 4645; x_wconf 90' lang='lat' dir='ltr'><strong>et</strong></span> <span class='ocrx_word' id='word_1_648' title='bbox 896 4591 1099 4656; x_wconf 87' lang='lat' dir='ltr'><strong>fenum,</strong></span> <span class='ocrx_word' id='word_1_649' title='bbox 1135 4603 1190 4649; x_wconf 88' lang='lat' dir='ltr'><strong>et</strong></span> <span class='ocrx_word' id='word_1_650' title='bbox 1238 4613 1449 4663; x_wconf 87' lang='lat' dir='ltr'><strong>semen,</strong></span> <span class='ocrx_word' id='word_1_651' title='bbox 1504 4611 1558 4655; x_wconf 85' lang='lat' dir='ltr'><strong>et</strong></span> <span class='ocrx_word' id='word_1_652' title='bbox 1609 4603 1834 4674; x_wconf 88' lang='lat' dir='ltr'><strong>lignum,</strong></span> <span class='ocrx_word' id='word_1_653' title='bbox 1879 4617 1934 4663; x_wconf 91' lang='lat' dir='ltr'><strong>et</strong></span> <span class='ocrx_word' id='word_1_654' title='bbox 1973 4627 2092 4680; x_wconf 65' lang='lat' dir='ltr'><strong>qum</strong></span> 
     </span>
    </p>
   </div>
   <div class='ocr_carea' id='block_1_91' title="bbox 523 4679 2093 4757">
    <p class='ocr_par' dir='ltr' id='par_1_91' title="bbox 523 4679 2093 4757">
     <span class='ocr_line' id='line_1_92' title="bbox 523 4679 2093 4757; baseline 0.016 -25"><span class='ocrx_word' id='word_1_655' title='bbox 523 4689 651 4733; x_wconf 88' lang='lat' dir='ltr'><strong>sunt</strong></span> <span class='ocrx_word' id='word_1_656' title='bbox 702 4679 1014 4749; x_wconf 87' lang='lat' dir='ltr'><strong>bujusmodi</strong></span> <span class='ocrx_word' id='word_1_657' title='bbox 1066 4695 1192 4740; x_wconf 83' lang='lat' dir='ltr'><strong>ante</strong></span> <span class='ocrx_word' id='word_1_658' title='bbox 1246 4686 1483 4745; x_wconf 89' lang='lat' dir='ltr'><strong>hominis</strong></span> <span class='ocrx_word' id='word_1_659' title='bbox 1537 4691 1913 4752; x_wconf 82' lang='lat' dir='ltr'><strong>formationem</strong></span> <span class='ocrx_word' id='word_1_660' title='bbox 1951 4679 2093 4757; x_wconf 83' lang='lat' dir='ltr'><strong>Deus</strong></span> 
     </span>
    </p>
   </div>
   <div class='ocr_carea' id='block_1_92' title="bbox 523 4768 2088 4853">
    <p class='ocr_par' dir='ltr' id='par_1_92' title="bbox 523 4768 2088 4853">
     <span class='ocr_line' id='line_1_93' title="bbox 523 4768 2088 4853; baseline 0.015 -31"><span class='ocrx_word' id='word_1_661' title='bbox 523 4768 846 4833; x_wconf 80' lang='lat' dir='ltr'><strong>nominavit,</strong></span> <span class='ocrx_word' id='word_1_662' title='bbox 883 4786 1008 4825; x_wconf 91' lang='lat' dir='ltr'><strong>cum</strong></span> <span class='ocrx_word' id='word_1_663' title='bbox 1036 4773 1104 4826; x_wconf 90' lang='lat' dir='ltr'><strong>ad</strong></span> <span class='ocrx_word' id='word_1_664' title='bbox 1142 4777 1477 4833; x_wconf 89' lang='lat' dir='ltr'><strong>creationem</strong></span> <span class='ocrx_word' id='word_1_665' title='bbox 1508 4795 1572 4835; x_wconf 89' lang='lat' dir='ltr'><strong>ea</strong></span> <span class='ocrx_word' id='word_1_666' title='bbox 1594 4799 1714 4852; x_wconf 75' lang='lat' dir='ltr'><strong>quze</strong></span> <span class='ocrx_word' id='word_1_667' title='bbox 1748 4794 1878 4841; x_wconf 90' lang='lat' dir='ltr'><strong>sunt</strong></span> <span class='ocrx_word' id='word_1_668' title='bbox 1926 4787 2088 4853; x_wconf 83' lang='lat' dir='ltr'><strong>facta,</strong></span> 
     </span>
    </p>
   </div>
   <div class='ocr_carea' id='block_1_93' title="bbox 515 4859 2092 4951">
    <p class='ocr_par' dir='ltr' id='par_1_93' title="bbox 515 4859 2092 4951">
     <span class='ocr_line' id='line_1_94' title="bbox 515 4859 2092 4951; baseline 0.014 -38"><span class='ocrx_word' id='word_1_669' title='bbox 515 4859 675 4930; x_wconf 73' lang='lat' dir='ltr'><strong>jussu</strong></span> <span class='ocrx_word' id='word_1_670' title='bbox 699 4877 800 4916; x_wconf 88' lang='lat' dir='ltr'><strong>suo</strong></span> <span class='ocrx_word' id='word_1_671' title='bbox 831 4863 1141 4920; x_wconf 81' lang='lat' dir='ltr'><strong>adduceret.</strong></span> <span class='ocrx_word' id='word_1_672' title='bbox 1179 4866 1345 4937; x_wconf 79' lang='lat' dir='ltr'><strong>Igitur</strong></span> <span class='ocrx_word' id='word_1_673' title='bbox 1379 4871 1423 4924; x_wconf 91' lang='lat' dir='ltr'><strong>si</strong></span> <span class='ocrx_word' id='word_1_674' title='bbox 1458 4872 1513 4924; x_wconf 91' lang='lat' dir='ltr'><strong>in</strong></span> <span class='ocrx_word' id='word_1_675' title='bbox 1561 4875 1706 4928; x_wconf 85' lang='lat' dir='ltr'><strong>nuda</strong></span> <span class='ocrx_word' id='word_1_676' title='bbox 1748 4877 1922 4933; x_wconf 87' lang='lat' dir='ltr'><strong>littera</strong></span> <span class='ocrx_word' id='word_1_677' title='bbox 1968 4897 2092 4951; x_wconf 84' lang='lat' dir='ltr'><strong>per-</strong></span> 
     </span>
    </p>
   </div>
   <div class='ocr_carea' id='block_1_94' title="bbox 520 4954 2094 5032">
    <p class='ocr_par' dir='ltr' id='par_1_94' title="bbox 520 4954 2094 5032">
     <span class='ocr_line' id='line_1_95' title="bbox 520 4954 2094 5032; baseline 0.016 -28"><span class='ocrx_word' id='word_1_678' title='bbox 520 4960 729 5012; x_wconf 88' lang='lat' dir='ltr'><strong>manet,</strong></span> <span class='ocrx_word' id='word_1_679' title='bbox 753 4961 806 5006; x_wconf 89' lang='lat' dir='ltr'><strong>et</strong></span> <span class='ocrx_word' id='word_1_680' title='bbox 850 4954 903 5007; x_wconf 90' lang='lat' dir='ltr'><strong>in</strong></span> <span class='ocrx_word' id='word_1_681' title='bbox 938 4955 1038 5010; x_wconf 90' lang='lat' dir='ltr'><strong>hac</strong></span> <span class='ocrx_word' id='word_1_682' title='bbox 1067 4966 1222 5027; x_wconf 88' lang='lat' dir='ltr'><strong>parte</strong></span> <span class='ocrx_word' id='word_1_683' title='bbox 1256 4959 1523 5028; x_wconf 80' lang='lat' dir='ltr'><strong>jndaizat,</strong></span> <span class='ocrx_word' id='word_1_684' title='bbox 1553 4964 1602 5016; x_wconf 90' lang='lat' dir='ltr'><strong>id</strong></span> <span class='ocrx_word' id='word_1_685' title='bbox 1639 4974 1742 5032; x_wconf 90' lang='lat' dir='ltr'><strong>est,</strong></span> <span class='ocrx_word' id='word_1_686' title='bbox 1783 4967 2094 5028; x_wconf 63' lang='lat' dir='ltr'><strong>Judmorum</strong></span> 
     </span>
    </p>
   </div>
   <div class='ocr_carea' id='block_1_95' title="bbox 521 5040 2093 5132">
    <p class='ocr_par' dir='ltr' id='par_1_95' title="bbox 521 5040 2093 5132">
     <span class='ocr_line' id='line_1_96' title="bbox 521 5040 2093 5132; baseline 0.017 -38"><span class='ocrx_word' id='word_1_687' title='bbox 521 5040 690 5095; x_wconf 67' lang='lat' dir='ltr'><strong>litaret</strong></span> <span class='ocrx_word' id='word_1_688' title='bbox 739 5047 1048 5112; x_wconf 68' lang='lat' dir='ltr'><strong>sementim,</strong></span> <span class='ocrx_word' id='word_1_689' title='bbox 1095 5066 1270 5120; x_wconf 85' lang='lat' dir='ltr'><strong>neque</strong></span> <span class='ocrx_word' id='word_1_690' title='bbox 1308 5053 1488 5108; x_wconf 88' lang='lat' dir='ltr'><strong>adhuc</strong></span> <span class='ocrx_word' id='word_1_691' title='bbox 1537 5056 1745 5122; x_wconf 85' lang='lat' dir='ltr'><strong>didicit,</strong></span> <span class='ocrx_word' id='word_1_692' title='bbox 1807 5063 1934 5132; x_wconf 90' lang='lat' dir='ltr'><strong>quia</strong></span> <span class='ocrx_word' id='word_1_693' title='bbox 1985 5081 2093 5121; x_wconf 90' lang='lat' dir='ltr'><strong>non</strong></span> 
     </span>
    </p>
   </div>
   <div class='ocr_carea' id='block_1_96' title="bbox 519 5135 2090 5226">
    <p class='ocr_par' dir='ltr' id='par_1_96' title="bbox 519 5135 2090 5226">
     <span class='ocr_line' id='line_1_97' title="bbox 519 5135 2090 5226; baseline 0.018 -39"><span class='ocrx_word' id='word_1_694' title='bbox 519 5135 714 5191; x_wconf 78' lang='lat' dir='ltr'><strong>littera:</strong></span> <span class='ocrx_word' id='word_1_695' title='bbox 754 5138 1104 5199; x_wconf 86' lang='lat' dir='ltr'><strong>Christianus</strong></span> <span class='ocrx_word' id='word_1_696' title='bbox 1163 5156 1248 5200; x_wconf 90' lang='lat' dir='ltr'><strong>cst</strong></span> <span class='ocrx_word' id='word_1_697' title='bbox 1298 5148 1625 5217; x_wconf 83' lang='lat' dir='ltr'><strong>discipulus,</strong></span> <span class='ocrx_word' id='word_1_698' title='bbox 1686 5154 1778 5208; x_wconf 89' lang='lat' dir='ltr'><strong>sed</strong></span> <span class='ocrx_word' id='word_1_699' title='bbox 1827 5158 2090 5226; x_wconf 83' lang='lat' dir='ltr'><strong>spiritus:</strong></span> 
     </span>
    </p>
   </div>
   <div class='ocr_carea' id='block_1_97' title="bbox 515 5224 2092 5317">
    <p class='ocr_par' dir='ltr' id='par_1_97' title="bbox 515 5224 2092 5317">
     <span class='ocr_line' id='line_1_98' title="bbox 515 5224 2092 5317; baseline 0.018 -40"><span class='ocrx_word' id='word_1_700' title='bbox 515 5224 721 5282; x_wconf 78' lang='lat' dir='ltr'><strong>Littera</strong></span> <span class='ocrx_word' id='word_1_701' title='bbox 751 5231 920 5297; x_wconf 87' lang='lat' dir='ltr'><strong>enim,</strong></span> <span class='ocrx_word' id='word_1_702' title='bbox 973 5235 1146 5302; x_wconf 82' lang='lat' dir='ltr'><strong>inquit</strong></span> <span class='ocrx_word' id='word_1_703' title='bbox 1206 5239 1499 5308; x_wconf 82' lang='lat' dir='ltr'><strong>Apostolus</strong></span> <span class='ocrx_word' id='word_1_704' title='bbox 1524 5243 1589 5309; x_wconf 78' lang='lat'><strong>&quot;,</strong></span> <span class='ocrx_word' id='word_1_705' title='bbox 1627 5224 2092 5317; x_wconf 42' lang='lat' dir='ltr'><strong>certoin—spiritus</strong></span> 
     </span>
    </p>
   </div>
   <div class='ocr_carea' id='block_1_98' title="bbox 516 5321 2087 5409">
    <p class='ocr_par' dir='ltr' id='par_1_98' title="bbox 516 5321 2087 5409">
     <span class='ocr_line' id='line_1_99' title="bbox 516 5321 2087 5409; baseline 0.019 -43"><span class='ocrx_word' id='word_1_706' title='bbox 516 5326 693 5370; x_wconf 80' lang='lat' dir='ltr'><strong>autem</strong></span> <span class='ocrx_word' id='word_1_707' title='bbox 723 5321 972 5388; x_wconf 77' lang='lat' dir='ltr'><strong>viviﬁcat.</strong></span> <span class='ocrx_word' id='word_1_708' title='bbox 1004 5323 1172 5381; x_wconf 87' lang='lat' dir='ltr'><strong>Nobis</strong></span> <span class='ocrx_word' id='word_1_709' title='bbox 1199 5330 1344 5383; x_wconf 90' lang='lat' dir='ltr'><strong>enim</strong></span> <span class='ocrx_word' id='word_1_710' title='bbox 1385 5332 1586 5386; x_wconf 90' lang='lat' dir='ltr'><strong>nudam</strong></span> <span class='ocrx_word' id='word_1_711' title='bbox 1620 5336 1684 5388; x_wconf 90' lang='lat' dir='ltr'><strong>ad</strong></span> <span class='ocrx_word' id='word_1_712' title='bbox 1709 5339 1932 5392; x_wconf 85' lang='lat' dir='ltr'><strong>verbum</strong></span> <span class='ocrx_word' id='word_1_713' title='bbox 1958 5356 2087 5409; x_wconf 92' lang='lat' dir='ltr'><strong>pro-</strong></span> 
     </span>
    </p>
   </div>
   <div class='ocr_carea' id='block_1_99' title="bbox 519 5406 2089 5502">
    <p class='ocr_par' dir='ltr' id='par_1_99' title="bbox 519 5406 2089 5502">
     <span class='ocr_line' id='line_1_100' title="bbox 519 5406 2089 5502; baseline 0.02 -44"><span class='ocrx_word' id='word_1_714' title='bbox 519 5406 621 5460; x_wconf 78' lang='lat' dir='ltr'><strong>fert</strong></span> <span class='ocrx_word' id='word_1_715' title='bbox 649 5410 954 5468; x_wconf 87' lang='lat' dir='ltr'><strong>litterarum</strong></span> <span class='ocrx_word' id='word_1_716' title='bbox 987 5419 1300 5486; x_wconf 72' lang='lat' dir='ltr'><strong>.ectioncm,</strong></span> <span class='ocrx_word' id='word_1_717' title='bbox 1334 5439 1396 5477; x_wconf 88' lang='lat' dir='ltr'><strong>ac</strong></span> <span class='ocrx_word' id='word_1_718' title='bbox 1431 5425 1475 5479; x_wconf 91' lang='lat' dir='ltr'><strong>si</strong></span> <span class='ocrx_word' id='word_1_719' title='bbox 1524 5425 1668 5483; x_wconf 86' lang='lat' dir='ltr'><strong>Deus</strong></span> <span class='ocrx_word' id='word_1_720' title='bbox 1701 5429 1812 5484; x_wconf 77' lang='lat' dir='ltr'><strong>haec</strong></span> <span class='ocrx_word' id='word_1_721' title='bbox 1853 5447 2089 5502; x_wconf 82' lang='lat' dir='ltr'><strong>expone-</strong></span> 
     </span>
    </p>
   </div>
   <div class='ocr_carea' id='block_1_100' title="bbox 515 5499 2088 5589">
    <p class='ocr_par' dir='ltr' id='par_1_100' title="bbox 515 5499 2088 5589">
     <span class='ocr_line' id='line_1_101' title="bbox 515 5499 2088 5589; baseline 0.02 -40"><span class='ocrx_word' id='word_1_722' title='bbox 515 5507 617 5589; x_wconf 81' lang='lat' dir='ltr'><strong>ret.</strong></span> <span class='ocrx_word' id='word_1_723' title='bbox 647 5499 713 5553; x_wconf 85' lang='lat' dir='ltr'><strong>Et</strong></span> <span class='ocrx_word' id='word_1_724' title='bbox 750 5502 854 5557; x_wconf 91' lang='lat' dir='ltr'><strong>hoc</strong></span> <span class='ocrx_word' id='word_1_725' title='bbox 886 5508 1140 5573; x_wconf 85' lang='lat' dir='ltr'><strong>credidit,</strong></span> <span class='ocrx_word' id='word_1_726' title='bbox 1187 5513 1324 5567; x_wconf 85' lang='lat' dir='ltr'><strong>nihil</strong></span> <span class='ocrx_word' id='word_1_727' title='bbox 1368 5516 1538 5582; x_wconf 87' lang='lat' dir='ltr'><strong>aliud,</strong></span> <span class='ocrx_word' id='word_1_728' title='bbox 1579 5536 1740 5589; x_wconf 88' lang='lat' dir='ltr'><strong>quam</strong></span> <span class='ocrx_word' id='word_1_729' title='bbox 1791 5499 2088 5581; x_wconf 77' lang='lat' dir='ltr'><strong>secundum</strong></span> 
     </span>
    </p>
   </div>
   <div class='ocr_carea' id='block_1_101' title="bbox 511 5587 2091 5673">
    <p class='ocr_par' dir='ltr' id='par_1_101' title="bbox 511 5587 2091 5673">
     <span class='ocr_line' id='line_1_102' title="bbox 511 5587 2091 5673; baseline 0.019 -30"><span class='ocrx_word' id='word_1_730' title='bbox 511 5587 927 5648; x_wconf 65' lang='lat' dir='ltr'><strong>similitudinem</strong></span> <span class='ocrx_word' id='word_1_731' title='bbox 965 5597 1268 5666; x_wconf 90' lang='lat' dir='ltr'><strong>hominum,</strong></span> <span class='ocrx_word' id='word_1_732' title='bbox 1308 5603 1476 5662; x_wconf 89' lang='lat' dir='ltr'><strong>Deum</strong></span> <span class='ocrx_word' id='word_1_733' title='bbox 1502 5587 1664 5664; x_wconf 74' lang='lat' dir='ltr'><strong>etiam</strong></span> <span class='ocrx_word' id='word_1_734' title='bbox 1685 5627 1936 5670; x_wconf 84' lang='lat' dir='ltr'><strong>sermone</strong></span> <span class='ocrx_word' id='word_1_735' title='bbox 1971 5617 2091 5673; x_wconf 88' lang='lat' dir='ltr'><strong>fuso</strong></span> 
     </span>
    </p>
   </div>
   <div class='ocr_carea' id='block_1_102' title="bbox 582 5766 1063 5844">
    <p class='ocr_par' dir='ltr' id='par_1_102' title="bbox 582 5766 1063 5844">
     <span class='ocr_line' id='line_1_103' title="bbox 582 5766 1063 5844; baseline 0.021 -25"><span class='ocrx_word' id='word_1_736' title='bbox 582 5766 633 5804; x_wconf 81' lang='grc'><strong>²⁸</strong></span> <span class='ocrx_word' id='word_1_737' title='bbox 665 5767 706 5821; x_wconf 92' lang='lat' dir='ltr'><strong>Il</strong></span> <span class='ocrx_word' id='word_1_738' title='bbox 735 5770 863 5825; x_wconf 83' lang='lat' dir='ltr'><strong>Cor.</strong></span> <span class='ocrx_word' id='word_1_739' title='bbox 895 5787 978 5844; x_wconf 86' lang='grc' dir='ltr'>ιιι,</span> <span class='ocrx_word' id='word_1_740' title='bbox 1008 5774 1063 5830; x_wconf 87' lang='grc'><strong>6.</strong></span> 
     </span>
    </p>
   </div>
   <div class='ocr_carea' id='block_1_103' title="bbox 2197 4514 3768 4590">
    <p class='ocr_par' dir='ltr' id='par_1_103' title="bbox 2197 4514 3768 4590">
     <span class='ocr_line' id='line_1_104' title="bbox 2197 4514 3768 4590; baseline -0.001 -17"><span class='ocrx_word' id='word_1_741' title='bbox 2197 4519 2347 4573; x_wconf 79' lang='grc' dir='ltr'>ἔθετο</span> <span class='ocrx_word' id='word_1_742' title='bbox 2373 4518 2471 4581; x_wconf 74' lang='grc' dir='ltr'><strong>τὰς</strong></span> <span class='ocrx_word' id='word_1_743' title='bbox 2505 4517 2870 4590; x_wconf 77' lang='grc' dir='ltr'>προσηγορίας</span> <span class='ocrx_word' id='word_1_744' title='bbox 2897 4519 3008 4580; x_wconf 86' lang='grc' dir='ltr'>τοῖς</span> <span class='ocrx_word' id='word_1_745' title='bbox 3036 4514 3203 4569; x_wconf 81' lang='grc' dir='ltr'>οὖσιν·</span> <span class='ocrx_word' id='word_1_746' title='bbox 3236 4516 3390 4570; x_wconf 84' lang='grc' dir='ltr'>τοῦτο</span> <span class='ocrx_word' id='word_1_747' title='bbox 3416 4517 3526 4588; x_wconf 87' lang='grc' dir='ltr'><strong>γάρ</strong></span> <span class='ocrx_word' id='word_1_748' title='bbox 3553 4534 3715 4588; x_wconf 77' lang='grc' dir='ltr'>φησιν</span> <span class='ocrx_word' id='word_1_749' title='bbox 3736 4519 3768 4571; x_wconf 75' lang='grc' dir='ltr'>ὁ</span> 
     </span>
    </p>
   </div>
   <div class='ocr_carea' id='block_1_104' title="bbox 2197 4607 3762 4680">
    <p class='ocr_par' dir='ltr' id='par_1_104' title="bbox 2197 4607 3762 4680">
     <span class='ocr_line' id='line_1_105' title="bbox 2197 4607 3762 4680; baseline -0.001 -17"><span class='ocrx_word' id='word_1_750' title='bbox 2197 4611 2317 4674; x_wconf 83' lang='grc' dir='ltr'>νέος</span> <span class='ocrx_word' id='word_1_751' title='bbox 2349 4609 2615 4680; x_wconf 77' lang='grc' dir='ltr'>ἐξηγητὴς</span> <span class='ocrx_word' id='word_1_752' title='bbox 2645 4609 2752 4660; x_wconf 81' lang='grc' dir='ltr'>τῶν</span> <span class='ocrx_word' id='word_1_753' title='bbox 2786 4607 3060 4678; x_wconf 81' lang='grc' dir='ltr'>μυστικῶν</span> <span class='ocrx_word' id='word_1_754' title='bbox 3109 4607 3468 4678; x_wconf 84' lang='grc' dir='ltr'>διδαγμάτων,</span> <span class='ocrx_word' id='word_1_755' title='bbox 3515 4610 3600 4662; x_wconf 80' lang='grc' dir='ltr'>ὅτι</span> <span class='ocrx_word' id='word_1_756' title='bbox 3644 4609 3762 4678; x_wconf 79' lang='grc' dir='ltr'>βλά-</span> 
     </span>
    </p>
   </div>
   <div class='ocr_carea' id='block_1_105' title="bbox 2200 4700 3759 4772">
    <p class='ocr_par' dir='ltr' id='par_1_105' title="bbox 2200 4700 3759 4772">
     <span class='ocr_line' id='line_1_106' title="bbox 2200 4700 3759 4772; baseline -0.002 -17"><span class='ocrx_word' id='word_1_757' title='bbox 2200 4720 2350 4772; x_wconf 83' lang='grc' dir='ltr'>στην,</span> <span class='ocrx_word' id='word_1_758' title='bbox 2377 4702 2468 4755; x_wconf 75' lang='grc' dir='ltr'><strong>καὶ</strong></span> <span class='ocrx_word' id='word_1_759' title='bbox 2496 4702 2742 4772; x_wconf 79' lang='grc' dir='ltr'>βοτάνην,</span> <span class='ocrx_word' id='word_1_760' title='bbox 2762 4700 2854 4753; x_wconf 69' lang='grc' dir='ltr'>καὶ</span> <span class='ocrx_word' id='word_1_761' title='bbox 2875 4701 3084 4771; x_wconf 84' lang='grc' dir='ltr'>χόρτον,</span> <span class='ocrx_word' id='word_1_762' title='bbox 3104 4701 3194 4753; x_wconf 71' lang='grc' dir='ltr'>καὶ</span> <span class='ocrx_word' id='word_1_763' title='bbox 3219 4702 3455 4772; x_wconf 84' lang='grc' dir='ltr'>σπέρμα,</span> <span class='ocrx_word' id='word_1_764' title='bbox 3471 4701 3564 4754; x_wconf 76' lang='grc' dir='ltr'><strong>καὶ</strong></span> <span class='ocrx_word' id='word_1_765' title='bbox 3589 4701 3759 4766; x_wconf 76' lang='grc' dir='ltr'>ξύλον,</span> 
     </span>
    </p>
   </div>
   <div class='ocr_carea' id='block_1_106' title="bbox 2199 4793 3766 4864">
    <p class='ocr_par' dir='ltr' id='par_1_106' title="bbox 2199 4793 3766 4864">
     <span class='ocr_line' id='line_1_107' title="bbox 2199 4793 3766 4864; baseline 0 -17"><span class='ocrx_word' id='word_1_766' title='bbox 2199 4797 2292 4848; x_wconf 80' lang='grc' dir='ltr'>καὶ</span> <span class='ocrx_word' id='word_1_767' title='bbox 2337 4795 2403 4848; x_wconf 73' lang='grc' dir='ltr'><strong>τὰ</strong></span> <span class='ocrx_word' id='word_1_768' title='bbox 2448 4795 2670 4847; x_wconf 76' lang='grc' dir='ltr'>τοιαῦτα</span> <span class='ocrx_word' id='word_1_769' title='bbox 2698 4793 3049 4864; x_wconf 89' lang='grc' dir='ltr'>κατωνόμασε</span> <span class='ocrx_word' id='word_1_770' title='bbox 3095 4793 3198 4864; x_wconf 72' lang='grc' dir='ltr'><strong>πρὸ</strong></span> <span class='ocrx_word' id='word_1_771' title='bbox 3230 4794 3329 4863; x_wconf 84' lang='grc' dir='ltr'>τῆς</span> <span class='ocrx_word' id='word_1_772' title='bbox 3357 4793 3449 4846; x_wconf 79' lang='grc' dir='ltr'>τοῦ</span> <span class='ocrx_word' id='word_1_773' title='bbox 3475 4793 3766 4864; x_wconf 73' lang='grc' dir='ltr'>ἀνθρώπου</span> 
     </span>
    </p>
   </div>
   <div class='ocr_carea' id='block_1_107' title="bbox 2198 4885 3764 4956">
    <p class='ocr_par' dir='ltr' id='par_1_107' title="bbox 2198 4885 3764 4956">
     <span class='ocr_line' id='line_1_108' title="bbox 2198 4885 3764 4956; baseline -0.001 -16"><span class='ocrx_word' id='word_1_774' title='bbox 2198 4887 2542 4955; x_wconf 75' lang='grc' dir='ltr'>κατασκευῆς</span> <span class='ocrx_word' id='word_1_775' title='bbox 2583 4888 2612 4938; x_wconf 83' lang='grc' dir='ltr'>ὁ</span> <span class='ocrx_word' id='word_1_776' title='bbox 2659 4887 2809 4949; x_wconf 83' lang='grc' dir='ltr'>Θεὸς,</span> <span class='ocrx_word' id='word_1_777' title='bbox 2862 4886 2920 4937; x_wconf 84' lang='grc' dir='ltr'>ὲν</span> <span class='ocrx_word' id='word_1_778' title='bbox 2949 4885 3024 4956; x_wconf 84' lang='grc' dir='ltr'>τῷ</span> <span class='ocrx_word' id='word_1_779' title='bbox 3058 4885 3324 4956; x_wconf 84' lang='grc' dir='ltr'>παράγειν</span> <span class='ocrx_word' id='word_1_780' title='bbox 3367 4887 3446 4948; x_wconf 84' lang='grc' dir='ltr'><strong>εἰς</strong></span> <span class='ocrx_word' id='word_1_781' title='bbox 3489 4886 3668 4938; x_wconf 80' lang='grc' dir='ltr'>κτίσιν</span> <span class='ocrx_word' id='word_1_782' title='bbox 3697 4885 3764 4939; x_wconf 72' lang='grc' dir='ltr'><strong>τά</strong></span> 
     </span>
    </p>
   </div>
   <div class='ocr_carea' id='block_1_108' title="bbox 2197 4975 3768 5049">
    <p class='ocr_par' dir='ltr' id='par_1_108' title="bbox 2197 4975 3768 5049">
     <span class='ocr_line' id='line_1_109' title="bbox 2197 4975 3768 5049; baseline 0.001 -19"><span class='ocrx_word' id='word_1_783' title='bbox 2197 4979 2454 5046; x_wconf 88' lang='grc' dir='ltr'>γεγονότα</span> <span class='ocrx_word' id='word_1_784' title='bbox 2497 4979 2584 5031; x_wconf 83' lang='grc' dir='ltr'>διὰ</span> <span class='ocrx_word' id='word_1_785' title='bbox 2629 4977 3066 5049; x_wconf 85' lang='grc' dir='ltr'>προστάγματος.</span> <span class='ocrx_word' id='word_1_786' title='bbox 3101 4976 3308 5030; x_wconf 80' lang='grc' dir='ltr'>Οὐκοῦν</span> <span class='ocrx_word' id='word_1_787' title='bbox 3337 4977 3385 5029; x_wconf 84' lang='grc' dir='ltr'><strong>εί</strong></span> <span class='ocrx_word' id='word_1_788' title='bbox 3414 4975 3556 5046; x_wconf 76' lang='grc' dir='ltr'>ψιλῷ</span> <span class='ocrx_word' id='word_1_789' title='bbox 3585 4995 3768 5046; x_wconf 82' lang='grc' dir='ltr'>παρα-</span> 
     </span>
    </p>
   </div>
   <div class='ocr_carea' id='block_1_109' title="bbox 2201 5067 3761 5141">
    <p class='ocr_par' dir='ltr' id='par_1_109' title="bbox 2201 5067 3761 5141">
     <span class='ocr_line' id='line_1_110' title="bbox 2201 5067 3761 5141; baseline -0.002 -19"><span class='ocrx_word' id='word_1_790' title='bbox 2201 5071 2350 5140; x_wconf 83' lang='grc' dir='ltr'>μένει</span> <span class='ocrx_word' id='word_1_791' title='bbox 2378 5070 2455 5140; x_wconf 81' lang='grc' dir='ltr'>τῷ</span> <span class='ocrx_word' id='word_1_792' title='bbox 2484 5071 2792 5141; x_wconf 84' lang='grc' dir='ltr'>γράμματι,</span> <span class='ocrx_word' id='word_1_793' title='bbox 2843 5071 2937 5122; x_wconf 72' lang='grc' dir='ltr'>καὶ</span> <span class='ocrx_word' id='word_1_794' title='bbox 2969 5069 3107 5121; x_wconf 79' lang='grc' dir='ltr'>κατὰ</span> <span class='ocrx_word' id='word_1_795' title='bbox 3148 5067 3307 5121; x_wconf 78' lang='grc' dir='ltr'>τοῦτο</span> <span class='ocrx_word' id='word_1_796' title='bbox 3338 5067 3398 5120; x_wconf 79' lang='grc' dir='ltr'><strong>τὸ</strong></span> <span class='ocrx_word' id='word_1_797' title='bbox 3438 5067 3605 5138; x_wconf 87' lang='grc' dir='ltr'>μέρος</span> <span class='ocrx_word' id='word_1_798' title='bbox 3641 5069 3761 5120; x_wconf 73' lang='grc' dir='ltr'>Ἰουο</span> 
     </span>
    </p>
   </div>
   <div class='ocr_carea' id='block_1_110' title="bbox 2195 5157 3762 5233">
    <p class='ocr_par' dir='ltr' id='par_1_110' title="bbox 2195 5157 3762 5233">
     <span class='ocr_line' id='line_1_111' title="bbox 2195 5157 3762 5233; baseline -0.003 -18"><span class='ocrx_word' id='word_1_799' title='bbox 2195 5161 2367 5226; x_wconf 74' lang='grc' dir='ltr'>δαΐζει</span> <span class='ocrx_word' id='word_1_800' title='bbox 2412 5165 2476 5233; x_wconf 80' lang='grc' dir='ltr'><strong>τῇ</strong></span> <span class='ocrx_word' id='word_1_801' title='bbox 2529 5161 2742 5232; x_wconf 79' lang='grc' dir='ltr'>γνώμῃ,</span> <span class='ocrx_word' id='word_1_802' title='bbox 2787 5161 2879 5212; x_wconf 65' lang='grc' dir='ltr'>καὶ</span> <span class='ocrx_word' id='word_1_803' title='bbox 2921 5159 3072 5214; x_wconf 78' lang='grc' dir='ltr'>οὔπω</span> <span class='ocrx_word' id='word_1_804' title='bbox 3115 5158 3487 5217; x_wconf 76' lang='grc' dir='ltr'>πεπαίδευται,</span> <span class='ocrx_word' id='word_1_805' title='bbox 3531 5158 3616 5211; x_wconf 85' lang='grc' dir='ltr'>ὅτι</span> <span class='ocrx_word' id='word_1_806' title='bbox 3649 5157 3762 5227; x_wconf 69' lang='grc' dir='ltr'>οὐχὶ</span> 
     </span>
    </p>
   </div>
   <div class='ocr_carea' id='block_1_111' title="bbox 2197 5248 3760 5324">
    <p class='ocr_par' dir='ltr' id='par_1_111' title="bbox 2197 5248 3760 5324">
     <span class='ocr_line' id='line_1_112' title="bbox 2197 5248 3760 5324; baseline -0.004 -18"><span class='ocrx_word' id='word_1_807' title='bbox 2197 5253 2520 5324; x_wconf 87' lang='grc' dir='ltr'>γράμματός</span> <span class='ocrx_word' id='word_1_808' title='bbox 2562 5254 2707 5305; x_wconf 85' lang='grc' dir='ltr'>ἐστιν</span> <span class='ocrx_word' id='word_1_809' title='bbox 2733 5253 2762 5304; x_wconf 86' lang='grc' dir='ltr'>ὁ</span> <span class='ocrx_word' id='word_1_810' title='bbox 2791 5250 3112 5322; x_wconf 84' lang='grc' dir='ltr'>Χριστιανὸς</span> <span class='ocrx_word' id='word_1_811' title='bbox 3141 5249 3402 5321; x_wconf 80' lang='grc' dir='ltr'>μαθητὴς,</span> <span class='ocrx_word' id='word_1_812' title='bbox 3431 5249 3563 5303; x_wconf 87' lang='grc' dir='ltr'><strong>ἀλλά</strong></span> <span class='ocrx_word' id='word_1_813' title='bbox 3603 5248 3760 5301; x_wconf 66' lang='lat' dir='ltr'><strong>maii-</strong></span> 
     </span>
    </p>
   </div>
   <div class='ocr_carea' id='block_1_112' title="bbox 2199 5336 3760 5412">
    <p class='ocr_par' dir='ltr' id='par_1_112' title="bbox 2199 5336 3760 5412">
     <span class='ocr_line' id='line_1_113' title="bbox 2199 5336 3760 5412; baseline -0.003 -18"><span class='ocrx_word' id='word_1_814' title='bbox 2199 5348 2363 5412; x_wconf 85' lang='grc' dir='ltr'>ματος</span> <span class='ocrx_word' id='word_1_815' title='bbox 2391 5357 2405 5370; x_wconf 82' lang='lat'>&#39;</span> <span class='ocrx_word' id='word_1_816' title='bbox 2450 5342 2520 5396; x_wconf 80' lang='grc' dir='ltr'>Τό</span> <span class='ocrx_word' id='word_1_817' title='bbox 2551 5341 2656 5411; x_wconf 86' lang='grc' dir='ltr'>γὰρ</span> <span class='ocrx_word' id='word_1_818' title='bbox 2692 5341 2943 5410; x_wconf 75' lang='grc' dir='ltr'>γράμμα,</span> <span class='ocrx_word' id='word_1_819' title='bbox 2988 5341 3170 5411; x_wconf 71' lang='grc' dir='ltr'>φησὶν,</span> <span class='ocrx_word' id='word_1_820' title='bbox 3211 5340 3562 5402; x_wconf 74' lang='grc' dir='ltr'>ἀποκτείνει,</span> <span class='ocrx_word' id='word_1_821' title='bbox 3600 5338 3667 5392; x_wconf 82' lang='grc' dir='ltr'><strong>τὸ</strong></span> <span class='ocrx_word' id='word_1_822' title='bbox 3698 5336 3760 5390; x_wconf 81' lang='grc' dir='ltr'>δὲ</span> 
     </span>
    </p>
   </div>
   <div class='ocr_carea' id='block_1_113' title="bbox 2196 5432 3757 5506">
    <p class='ocr_par' dir='ltr' id='par_1_113' title="bbox 2196 5432 3757 5506">
     <span class='ocr_line' id='line_1_114' title="bbox 2196 5432 3757 5506; baseline 0.003 -20"><span class='ocrx_word' id='word_1_823' title='bbox 2196 5435 2428 5501; x_wconf 71' lang='grc' dir='ltr'>πνεῦμα</span> <span class='ocrx_word' id='word_1_824' title='bbox 2473 5433 2757 5498; x_wconf 80' lang='grc' dir='ltr'>ζωοποιεῖ.</span> <span class='ocrx_word' id='word_1_825' title='bbox 2810 5433 3074 5506; x_wconf 83' lang='grc' dir='ltr'>Προφέρει</span> <span class='ocrx_word' id='word_1_826' title='bbox 3112 5432 3168 5485; x_wconf 82' lang='grc' dir='ltr'>δὲ</span> <span class='ocrx_word' id='word_1_827' title='bbox 3208 5433 3366 5504; x_wconf 75' lang='grc' dir='ltr'>ψιλὴν</span> <span class='ocrx_word' id='word_1_828' title='bbox 3401 5433 3490 5485; x_wconf 74' lang='grc' dir='ltr'>ἐπὶ</span> <span class='ocrx_word' id='word_1_829' title='bbox 3519 5433 3757 5502; x_wconf 76' lang='grc' dir='ltr'>ῥήματος</span> 
     </span>
    </p>
   </div>
   <div class='ocr_carea' id='block_1_114' title="bbox 2197 5520 3756 5597">
    <p class='ocr_par' dir='ltr' id='par_1_114' title="bbox 2197 5520 3756 5597">
     <span class='ocr_line' id='line_1_115' title="bbox 2197 5520 3756 5597; baseline -0.003 -18"><span class='ocrx_word' id='word_1_830' title='bbox 2197 5529 2328 5596; x_wconf 75' lang='grc' dir='ltr'>ἡμῖν</span> <span class='ocrx_word' id='word_1_831' title='bbox 2354 5525 2450 5597; x_wconf 80' lang='grc' dir='ltr'>τὴν</span> <span class='ocrx_word' id='word_1_832' title='bbox 2477 5526 2585 5578; x_wconf 85' lang='grc' dir='ltr'>τῶν</span> <span class='ocrx_word' id='word_1_833' title='bbox 2605 5525 2948 5597; x_wconf 86' lang='grc' dir='ltr'>γραμμάτων</span> <span class='ocrx_word' id='word_1_834' title='bbox 2976 5525 3300 5593; x_wconf 88' lang='grc' dir='ltr'>ἀνάγνωσιν,</span> <span class='ocrx_word' id='word_1_835' title='bbox 3330 5525 3404 5587; x_wconf 85' lang='grc' dir='ltr'>ὠς</span> <span class='ocrx_word' id='word_1_836' title='bbox 3427 5524 3559 5576; x_wconf 81' lang='grc' dir='ltr'>Θεοῦ</span> <span class='ocrx_word' id='word_1_837' title='bbox 3588 5520 3756 5576; x_wconf 71' lang='grc' dir='ltr'>ταῦτα</span> 
     </span>
    </p>
   </div>
   <div class='ocr_carea' id='block_1_115' title="bbox 2196 5610 3752 5686">
    <p class='ocr_par' dir='ltr' id='par_1_115' title="bbox 2196 5610 3752 5686">
     <span class='ocr_line' id='line_1_116' title="bbox 2196 5610 3752 5686; baseline -0.003 -15"><span class='ocrx_word' id='word_1_838' title='bbox 2196 5618 2568 5683; x_wconf 80' lang='grc' dir='ltr'>διεξελθόντος.</span> <span class='ocrx_word' id='word_1_839' title='bbox 2602 5619 2711 5673; x_wconf 76' lang='grc' dir='ltr'><strong>Καὶ</strong></span> <span class='ocrx_word' id='word_1_840' title='bbox 2739 5618 2894 5672; x_wconf 70' lang='grc' dir='ltr'>τοῦτο</span> <span class='ocrx_word' id='word_1_841' title='bbox 2922 5619 3301 5686; x_wconf 86' lang='grc' dir='ltr'>πεπίστευκεν,</span> <span class='ocrx_word' id='word_1_842' title='bbox 3331 5616 3480 5672; x_wconf 79' lang='grc' dir='ltr'>οὐδὲν</span> <span class='ocrx_word' id='word_1_843' title='bbox 3511 5610 3752 5686; x_wconf 69' lang='grc' dir='ltr'>ἕτερονῆ</span> 
     </span>
    </p>
   </div>
  </div>
