4006 6504
299 352 413 413 e77
445 334 454 349 ‘

1400 363 1678 419 CONTRA
1715 364 2097 436 EUNOMIUM,
2136 371 2264 427 LIB.
2306 374 2416 427 XII.

3434 379 3540 436 978

312 465 437 562 καθέ
472 466 759 562 ὁμοιότητα
801 468 908 523 τῶν
951 470 1270 543 ἀνθρώπων,
1309 475 1403 529 καὶ
1438 476 1528 529 τὸν
1554 476 1686 530 Θεὸν
1713 476 1881 541 διεξο-

1996 490 2037 535 :t
2061 483 2366 540 discursivo
2396 502 2554 542 usum
2588 489 2778 552 tuisse,
2808 502 2942 545 voce
2974 504 3220 560 sonoque
3249 506 3349 546 sua
3394 491 3544 562 cogi-

310 548 447 627 δικῷ
488 556 786 628 κεχρῆσθαι
818 562 1233 629 κατασκευάσει,
1274 566 1369 618 καὶ
1406 570 1557 637 φωνῇ
1592 567 1686 619 καὶ
1720 566 1884 636 φθόγ-

314 664 395 717 γῳ
426 646 786 702 διατυποῦντα
832 650 901 704 τά
938 654 1197 726 νοήματα.
1255 658 1316 709 Εἰ
1356 658 1533 712 τοίνυν
1568 658 1723 712 τοῦτο
1753 662 1883 726 νοεῖ,

314 738 535 803 πάντως
564 741 647 793 ὅτι
683 743 776 796 καὶ
809 742 877 797 τά
904 745 1113 811 τούτοις
1147 749 1412 804 ἀκόλουθα
1445 752 1544 805 οὐκ
1568 752 1882 823 ἀρνήσεται.

325 831 384 883 '0
414 831 521 901 γὰρ
556 834 685 903 παρ’
734 834 887 905 ἡμῶν
936 836 1091 905 λόγος
1136 838 1225 892 διὰ
1269 840 1378 893 τῶν
1424 842 1744 913 φωνητικῶν
1791 846 1885 897 ὲκ·-

315 925 575 991 φωνεῖται
603 924 826 995 μορίων,
858 927 1143 999 ἀρτηρίας,
1180 929 1449 1002 γλώσσης,
1483 932 1729 996 ὀδόντων,
1763 933 1885 987 στό-

317 1029 509 1082 ματος,
546 1014 910 1086 συνεργούσης
941 1018 1077 1088 πρὸς
1103 1018 1199 1090 τὴν
1228 1020 1532 1092 ὲκφώνησιν
1561 1023 1770 1093 καὶτῆς
1790 1023 1884 1075 τοῦ

316 1105 479 1177 ἀέρος
508 1106 669 1178 ὁλκῆς
692 1109 785 1163 καὶ
814 1108 908 1164 τοῦ
936 1109 1144 1165 ἔνδοθεν
1174 1113 1496 1184 πνεύματος.
1538 1114 1769 1187 ’Υπηχεῖ
1789 1115 1886 1185 μὲν

315 1197 428 1271 γὰρ
461 1200 591 1270 ἡμῖν
623 1202 856 1273 ἀρτηρία
890 1203 1132 1257 κάτωθεν
1162 1206 1323 1259 αὐλοῦ
1367 1224 1509 1270 τινος
1538 1207 1692 1277 δίκην
1724 1209 1885 1279 ἐνηρ-

322 1288 565 1361 μοσμένη
594 1292 657 1361 τῇ
688 1290 925 1363 φάρυγγι
948 1310 961 1323 ·
992 1294 1026 1363 ἡ
1057 1292 1113 1347 δὲ
1134 1293 1357 1366 ὑπερῴα
1383 1295 1471 1349 διά
1501 1296 1593 1349 τοῦ
1631 1298 1889 1367 ὑπερκει-

315 1377 483 1448 μένου
510 1380 821 1451 κενώματος
841 1382 932 1435 τοῦ
970 1383 1108 1437 κατὰ
1134 1385 1257 1448 τοὺς
1287 1386 1570 1457 μυκτῆρας
1590 1386 1887 1457 διήκοντος,

316 1467 572 1540 καθάπερ
599 1487 691 1545 τις
712 1472 890 1540 μαγάς
922 1472 1129 1527 ἄνωθεν
1172 1473 1527 1528 ἐπιπλατύνει
1550 1474 1627 1544 τῷ
1658 1476 1774 1546 ἤχῳ
1798 1477 1888 1529 τὸν

321 1560 576 1630 φθόγγον.
620 1562 778 1617 Ἀλλά
806 1564 898 1617 καὶ
931 1566 986 1617 αἱ
1015 1567 1238 1636 παρειαὶ
1277 1566 1592 1638 συνεργοῦσι
1619 1568 1695 1639 τῷ
1724 1568 1886 1639 λόγῳ,

316 1652 466 1704 κατά
496 1652 592 1717 τάς
624 1653 780 1717 ποιὰς
808 1655 915 1708 τῶν
944 1656 1161 1728 ἄρθρων
1192 1658 1462 1723 τυπώσεις
1494 1660 1889 1731 κοιλαινόμεναί

320 1764 383 1799 τε
408 1746 499 1800 καὶ
524 1747 940 1820 πλατυνόμεναι,
972 1754 1065 1805 κα)⁸
1085 1751 1172 1806 διά
1207 1754 1391 1808 στενοῦ
1422 1755 1580 1807 πάλιν
1608 1756 1698 1808 τὸν
1732 1756 1890 1825 φθόγ-

322 1856 417 1909 γον
443 1841 777 1912 προάγουσαι
810 1843 949 1917 κατά
984 1845 1081 1908 τὰς
1122 1845 1491 1917 πολυτρόπους
1516 1847 1615 1917 τῆς
1639 1823 1886 1919 γλώσσης
1919 1823 1961 1878 Β

318 1932 683 2002 ἀναστροφὰς,
726 1934 791 1999 ἃς
833 1939 1064 1990 ποιεῖται
1110 1937 1236 1993 ἄλλο
1279 1956 1339 1991 τε
1382 1940 1520 1993 κατά
1568 1940 1692 1995 ἄλλο
1726 1942 1888 2014 μέρος

312 2018 542 2092 ἑαυτῆς,
581 2022 614 2093 ἢ
651 2026 761 2087 τοῖς
802 2024 1008 2078 ὀδοῦσιν
1057 2026 1090 2099 ἢ
1140 2030 1203 2098 τῇ
1248 2028 1470 2101 ὑπερῲᾳ
1518 2030 1577 2083 τὸ
1621 2031 1686 2084 δι’
1720 2033 1891 2102 αὑτῆς

324 2111 518 2183 παριὸν
563 2114 780 2184 πνεῦμα
826 2119 1315 2189 παρατραχύνουσά
1365 2140 1500 2186 πως,
1549 2124 1581 2195 ἢ
1626 2124 1889 2195 παραθλί-

248 2266 252 2269 ι
320 2200 513 2258 ὀουσα.
566 2204 813 2259 Συντελεϊ
839 2207 895 2260 δέ
940 2226 992 2261 τι
1031 2210 1123 2263 καὶ
1164 2213 1197 2283 ἡ
1244 2213 1351 2266 τῶν
1381 2215 1570 2285 χειλῶν
1600 2216 1889 2287 ὑπουργία,

322 2295 384 2347 ὲν
410 2294 651 2366 διαφόρῳ
672 2296 750 2367 τῷ
777 2298 874 2369 τῆς
900 2302 1163 2370 κινήσεως
1201 2303 1385 2375 τρόπῳ
1410 2306 1665 2370 ποικίλως
1708 2325 1891 2376 συνεφ-

329 2386 612 2458 απτομένη
646 2387 740 2440 τοῦ
762 2389 1019 2459 φθόγγου,
1062 2394 1156 2445 καὶ
1181 2393 1273 2446 τὸν
1300 2395 1408 2448 τῶν
1442 2399 1699 2468 ῥημάτων
1726 2398 1892 2451 τύπον

325 2477 819 2547 συναπαρτίςουσα.
868 2479 932 2533 Ei
962 2483 1137 2535 τοίνυν
1180 2486 1208 2536 ὁ
1237 2484 1363 2547 Θεὸς
1397 2485 1466 2539 τὰ
1512 2488 1749 2558 ὀνόματα
1780 2495 1892 2555 τοῖς

327 2566 614 2636 πράγμασι
648 2568 870 2634 τίθεται,
898 2571 1077 2636 καθὼς
1109 2574 1136 2625 ὁ
1165 2574 1282 2638 νέος
1332 2577 1427 2647 τῆς
1468 2578 1615 2642 θείας
1658 2581 1894 2653 ἱστορίας

324 2655 595 2728 ἐξηγητὴς
616 2656 929 2729 διεσάφησε,
955 2661 1189 2734 βλάστην
1215 2666 1306 2717 καὶ
1325 2664 1571 2736 βοτάνην,
1592 2668 1685 2721 καὶ
1718 2667 1889 2734 ξύλον,

328 2749 423 2800 καὶ
452 2748 660 2818 καρπὸν
701 2752 1000 2821 ὀνομάζων,
1035 2755 1248 2826 ἀνάγκη
1283 2759 1430 2811 πᾶσα
1464 2762 1537 2829 μὴ
1568 2759 1742 2826 ἄλλως
1773 2764 1895 2817 τού-

327 2856 435 2893 των
468 2841 695 2897 ἕκαστον
735 2846 906 2898 εἰπεῖν
950 2848 1130 2913 αὑτὸν,
1182 2850 1215 2921 ἢ
1260 2852 1334 2915 ὡς
1364 2853 1599 2923 λέγεται,
1631 2857 1771 2911 κατὰ
1796 2859 1893 2923 τὰς

325 2930 436 2983 τῶν
475 2932 749 2985 συλλαϐών
784 2951 924 3005 φημι
971 2938 1304 3007 συμπλοκὰς,
1339 2936 1412 2995 ὧν
1442 2945 1494 2997 αἱ
1531 2946 1625 3015 μὲν
1655 2947 1741 2999 διὰ
1779 2965 1894 3017 χει-

329 3021 457 3084 λῶν,
504 3025 557 3075 αἱ
602 3024 657 3076 δὲ
688 3025 774 3077 διά
802 3026 1069 3098 γλώσσης,
1118 3033 1172 3083 αἱ
1202 3032 1256 3084 δὲ
1288 3032 1352 3085 δι’
1382 3035 1654 3107 ἑκατέρων
1695 3040 1894 3092 ἀποτυ-

1987 584 2095 631 tata
2133 578 2480 634 formantem.
2514 578 2573 634 Si
2628 581 2794 651 igitur
2820 582 2923 636 hoc
2977 582 3306 652 intelligitet
3353 584 3540 650 sentit,

1985 668 2207 722 omnino
2236 684 2355 739 quae
2400 670 2486 724 liis
2527 680 2895 727 consentanea
2949 682 3077 728 sunt
3120 681 3173 727 et
3212 680 3542 743 sequuntur,

1986 774 2094 813 non
2117 760 2356 827 negabit.
2419 758 2616 815 Noster
2663 761 2808 816 enim
2866 776 3045 817 sermo
3094 778 3189 832 per
3246 763 3545 833 particulas

1985 850 2412 919 pronuntiationi
2448 851 2747 908 servientes
2776 852 3069 922 profertur,
3110 853 3389 915 arteriam,
3433 852 3545 907 lin-

1986 958 2167 1012 gnam,
2210 942 2421 1008 dentes,
2472 959 2556 1008 os,
2601 944 2891 1013 adjuvante
2936 946 3000 999 ad
3052 945 3545 1015 pronuntiationem

1985 1035 2131 1089 aeris
2161 1043 2341 1090 tractu
2364 1043 2418 1092 et
2462 1036 2721 1092 interiore
2767 1038 2981 1107 spiritu.
3028 1038 3239 1092 Arteria
3284 1037 3426 1091 enim
3477 1036 3548 1090 ab

1984 1119 2095 1172 imo
2130 1119 2288 1173 nobis
2325 1119 2562 1174 succinit
2605 1120 2887 1189 cujusdam
2936 1121 3082 1175 tibia:
3129 1122 3301 1175 instar
3338 1121 3545 1189 gutturi

1987 1214 2414 1269 accommodata.
2438 1211 2683 1267 Palatum
2698 1228 2826 1269 vero
2843 1229 2937 1284 per
2950 1212 3350 1282 superpositam
3373 1212 3550 1265 inani-

1987 1310 2152 1357 tatem
2181 1302 2244 1356 ad
2284 1316 2443 1357 nares
2470 1310 2841 1371 penetrantem
2885 1303 3029 1357 velut
3075 1303 3201 1373 lyra
3229 1301 3553 1372 hemispha-

1986 1392 2127 1445 rium
2162 1408 2193 1446 e
2237 1392 2520 1461 snperiore
2551 1391 2674 1444 loco
2706 1406 2891 1444 vocem
2941 1406 3077 1445 sono
3116 1390 3303 1444 dilatat
3336 1407 3349 1443 :
3387 1390 3552 1459 quin-

1986 1484 2148 1537 etiam
2173 1498 2323 1552 gena:
2350 1496 2652 1537 sermonem
2678 1482 2936 1551 adjuvant
2966 1497 3060 1550 per
3081 1482 3341 1550 quasdam
3357 1480 3551 1535 articu-

1988 1576 2163 1630 lorum
2197 1574 2572 1637 formationes,
2602 1573 2730 1628 dum
2764 1582 3027 1627 cavantur
3054 1583 3107 1630 et
3137 1573 3451 1637 dilatantur,
3488 1586 3553 1624 ac

1987 1685 2181 1725 rursus
2232 1684 2329 1738 per
2364 1675 2651 1737 angustum
2698 1665 3059 1736 propellentes
3109 1680 3301 1718 sonum
3355 1679 3552 1719 secun-

1990 1762 2116 1815 dum
2176 1759 2526 1814 multimodas
2569 1759 2762 1829 linguae
2793 1756 3197 1818 conversiones,
3245 1770 3385 1826 quas
3424 1755 3553 1810 facit

1990 1855 2096 1907 alia
2123 1861 2283 1923 atque
2308 1852 2414 1905 alia
2447 1851 2533 1906 sui
2559 1859 2736 1919 parte,
2769 1850 2855 1905 vel
2906 1848 3185 1914 dentibus,
3235 1848 3317 1902 vel
3348 1847 3551 1916 palato,

1992 1945 2244 2014 Spiritum
2272 1959 2367 2013 per
2391 1958 2508 1998 eam
2544 1948 2955 2013 prmtereuntem
2976 1940 3373 2010 quodammodo
3396 1952 3555 1993 exas-

1991 2053 2189 2109 perans
2215 2047 2268 2091 et
2316 2043 2578 2089 atterens.
2613 2033 2837 2089 Confert
2886 2042 3066 2087 autem
3121 2031 3327 2100 aliquid
3378 2029 3553 2083 labio-

1992 2145 2113 2185 rum
2153 2128 2542 2190 ministerium,
2568 2125 2850 2180 dill'erente
2896 2124 3154 2178 motionis
3213 2121 3373 2176 modo
3408 2121 3556 2175 varie

1993 2230 2339 2277 contrectans
2374 2233 2587 2283 sonum,
2624 2231 2687 2272 ac
2730 2216 3019 2271 verborum
3070 2214 3296 2267 formam
3335 2225 3556 2281 compo-

1993 2331 2150 2369 nens.
2172 2313 2227 2368 Si
2250 2312 2413 2382 igitur
2433 2310 2574 2365 Deus
2602 2310 2764 2364 rebus
2784 2308 3003 2363 nomina
3037 2306 3283 2375 imponit,
3304 2304 3447 2359 sicut
3466 2301 3556 2355 hic

1995 2424 2168 2463 novus
2194 2407 2391 2461 divinae
2415 2404 2655 2458 historiae
2669 2402 2944 2470 expositor
2970 2398 3555 2467 explauavit,germen,

1993 2499 2213 2553 herbam
2237 2505 2292 2550 et
2316 2495 2521 2565 lignum
2546 2501 2601 2547 et
2626 2491 2860 2545 fructum
2890 2490 3173 2543 nominans
3191 2503 3205 2540 :
3225 2485 3446 2540 omnino
3467 2497 3559 2536 ne-

1994 2610 2147 2650 cesse
2183 2599 2268 2647 est
2295 2606 2404 2645 non
2434 2589 2590 2643 aliter
2628 2586 2821 2641 horum
2864 2584 3101 2655 quidque
3148 2583 3322 2650 ipsum
3352 2579 3558 2633 dixisse

1994 2702 2154 2757 quam
2173 2683 2469 2740 secundum
2486 2679 2815 2752 syllabarum
2833 2676 3169 2745 complexus,
3190 2687 3418 2741 quarum
3438 2670 3558 2725 alia

1995 2796 2090 2851 per
2124 2779 2294 2843 labra,
2318 2776 2435 2829 alia:
2458 2790 2557 2844 per
2576 2773 2836 2841 linguam,
2869 2769 2988 2823 alia:
3022 2782 3114 2837 per
3138 2774 3364 2831 utraque
3392 2760 3556 2816 επον-

1995 2878 2231 2924 mantur.
2270 2867 2328 2920 Si
2375 2865 2540 2935 igitur
2564 2877 2671 2917 non
2707 2860 2858 2914 aliter
2899 2858 3239 2913 enuntiatum
3272 2853 3433 2907 fuerit
3459 2866 3558 2904 no-

1995 2978 2137 3024 men,
2196 2960 2301 3013 nisi
2349 2964 2534 3027 partes
2592 2954 2713 3008 voci
2755 2950 3113 3007 inservientes
3174 2963 3266 3015 per
3319 2944 3554 3012 aliquem

1998 3064 2199 3108 motum
2230 3051 2467 3121 syllabas
2487 3056 2542 3102 et
2569 3048 2869 3102 orationem
2903 3040 3327 3101 eﬂ‘ormaveriut,
3378 3034 3555 3087 omni-

330 3114 576 3172 ποῦνται.
609 3117 671 3170 Ei
700 3114 792 3171 οῦν
812 3121 910 3172 οὐκ
939 3120 1004 3174 ἂν
1034 3122 1232 3193 ἑτέρως
1260 3126 1593 3200 ἐκφωνηθείη
1620 3131 1678 3183 τὸ
1705 3131 1891 3202 ὄνομα,

2000 3164 2070 3201 no
2103 3146 2216 3200 lnec
2249 3142 2359 3197 Deo
2411 3140 2618 3209 adjicit,
2646 3145 2699 3193 et
2750 3141 2970 3208 propter
2997 3130 3257 3186 orationis
3306 3139 3563 3181 necessa-

336 3208 410 3277 μὴ
440 3207 547 3260 τῶν
591 3212 909 3280 φωνητικῶν
940 3216 1139 3285 μορίων
1167 3217 1251 3270 διὰ
1287 3218 1384 3289 τῆς
1424 3223 1582 3284 ποιᾶς
1634 3226 1895 3293 κινήσεως

332 3300 751 3368 ἀπογεννῶντων
778 3305 874 3367 τὰς
917 3306 1183 3372 συλλαϐάς
1213 3310 1308 3361 κοιλ¹
1342 3309 1432 3364 τὸν
1474 3312 1647 3381 λόγον,
1681 3317 1897 3378 πάντως

330 3391 414 3444 ὅτι
460 3393 552 3444 καὶ
602 3392 772 3447 ταῦτα
805 3397 1122 3468 προστίθησι
1156 3399 1234 3469 τῷ
1268 3399 1403 3471 Θεῷ,
1431 3404 1522 3455 καὶ
1558 3404 1645 3457 διὰ
1675 3405 1772 3477 τὴν
1804 3409 1896 3462 τοῦ

334 3482 492 3551 λόγου
521 3485 709 3554 χρείαν
736 3486 1151 3559 διασχηματίσει
1198 3491 1257 3544 τὸ
1295 3492 1468 3549 Θεῖον.
1517 3496 1579 3548 Ἡ
1621 3498 1729 3570 γὰρ
1771 3500 1899 3553 ποιά

333 3573 445 3626 τῶν
483 3575 580 3645 τὴν
623 3576 805 3647 φωνὴν
851 3579 1206 3634 ὲκτελούντων
1254 3585 1454 3653 μορίων
1499 3586 1802 3654 διάπλασις,
1841 3594 1899 3644 ὲν

336 3667 576 3736 σχήματι
622 3668 839 3731 πάντως
885 3669 1029 3721 ἐστί’
1081 3674 1265 3743 σχῆμα
1296 3674 1374 3739 δὲ,
1413 3674 1660 3747 σώματος
1685 3680 1856 3753 πέρας
1882 3699 1896 3715 ι

336 3760 448 3811 πᾶν
494 3758 550 3812 δὲ
596 3758 754 3829 σῶμα
808 3760 869 3812 τὸ
924 3760 1174 3817 σύνθετον
1222 3761 1358 3819 εἶναι
1404 3768 1464 3820 οὑ
1516 3769 1896 3840 διαπέφευγεν.

339 3850 512 3903 Ὅπου
559 3850 616 3903 δὲ
655 3850 937 3922 θεωρεῖται
967 3853 1230 3921 σύνθεσις,
1278 3858 1394 3910 ἐκεῖ
1430 3860 1901 3931 καταλαμϐάνεται

338 3944 553 4006 πάντως
578 3944 669 3997 καὶ
698 3945 730 4016 ἡ
754 3943 847 3997 τοῦ
881 3946 1131 4000 συνθέτου
1158 3948 1422 4014 διάλυσις.
1468 3952 1528 4004 Ἡ
1554 3953 1611 4006 δὲ
1638 3954 1900 4022 διάλυσις,

334 4036 531 4089 ταύτὸν
582 4036 724 4090 κατὰ
771 4036 869 4109 τὴν
898 4038 1103 4094 έννοιάν
1156 4042 1270 4096 ἐστι
1321 4047 1386 4115 τῇ
1435 4046 1611 4117 φθορᾷ
1639 4064 1652 4078 ·
1710 4049 1905 4105 οὐκοῦν

336 4128 496 4182 τοῦτο
526 4130 623 4201 τῆς
655 4129 774 4183 καθ’
804 4130 959 4202 ἡμῶν
988 4131 1142 4205 νίκης
1170 4134 1247 4206 τῷ
1268 4136 1588 4211 λογογράφῳ
1618 4141 1678 4194 τὸ
1710 4143 1902 4215 πέρας⁹

338 4220 401 4274 τὸ
428 4219 595 4287 δεῖξαι
618 4221 709 4275 τὸν
741 4221 869 4277 ἴδιον
897 4225 1089 4279 ἑαυτοῦ
1119 4226 1271 4293 Θεὸν,
1305 4228 1364 4284 δν
1392 4230 1479 4284 διὰ
1519 4233 1613 4286 τοῦ
1646 4234 1907 4307 ὀνόματος

337 4311 441 4383 τῆς
468 4313 790 4385 ἀγεννησίας
832 4315 1121 4382 ἀνέπλασε,
1156 4319 1520 4393 φθεγγόμενον
1554 4325 1674 4397 μὲν,
1721 4329 1804 4385 ἵνα
1831 4331 1907 4403 μὴ

341 4405 620 4479 ἀμοιρήσῃ
644 4406 743 4477 τῆς
772 4406 882 4461 τῶν
915 4410 1193 4479 ὀνομάτων
1221 4414 1489 4484 εὑρέσεως
1522 4435 1535 4449 ·
1581 4421 1909 4491 σχηματιζό-

344 4513 502 4568 μενον
547 4497 605 4551 δὲ
647 4501 757 4562 τοῖς
789 4504 1114 4571 φωνητικοῖς
1160 4504 1395 4574 μέλεσιν,
1438 4508 1523 4561 ἵνα
1563 4510 1632 4564 τά
1671 4511 1907 4583 ὀνόματα

1999 3242 2138 3294 rium
2185 3251 2342 3291 usum
2372 3233 2541 3288 Deum
2587 3231 2749 3285 etiam
2795 3224 3064 3298 ligurabit.
3110 3221 3243 3276 Nam
3312 3217 3564 3289 quaelibet

2000 3331 2231 3401 partium
2260 3341 2447 3384 vocem
2479 3321 2877 3393 perlicientium
2920 3316 3303 3372 conformatio,
3339 3323 3565 3381 prorsus

2001 3424 2057 3477 in
2110 3426 2277 3490 figura
2308 3423 2429 3484 est;
2485 3416 2659 3485 figura
2707 3420 2906 3476 autem,
2945 3408 3193 3477 corporis
3253 3402 3560 3457 terminus:

2001 3530 2160 3568 omne
2190 3527 2316 3567 vero
2341 3524 2539 3578 corpus
2571 3505 2931 3576 compositum
2958 3516 3079 3557 esse
3114 3516 3222 3553 non
3253 3497 3406 3567 fugit.
3462 3493 3565 3547 Ubi

2002 3615 2179 3661 autem
2221 3602 2465 3659 cernitur
2497 3597 2839 3668 compositio,
2882 3594 2957 3649 ibi
2992 3593 3156 3648 etiam
3180 3590 3399 3643 omnino
3418 3601 3567 3640 com-

2001 3699 2165 3770 positi
2210 3693 2497 3751 dissolutio
2541 3686 3052 3760 comprehenditur;
3093 3683 3383 3739 dissolutio
3439 3692 3567 3733 vero

2003 3790 2302 3847 secundum
2333 3785 2581 3840 notitiam
2614 3782 2755 3835 idem
2804 3786 2888 3834 est
2911 3793 3035 3832 cum
3062 3776 3306 3829 interitu.
3338 3772 3436 3825 Hic
3467 3771 3569 3839 igi-

2004 3888 2093 3933 tur
2116 3876 2357 3932 victorize
2403 3881 2593 3929 contra
2627 3885 2728 3925 nos
2755 3866 3008 3938 scriptori
3052 3863 3340 3926 terminus,
3370 3869 3426 3912 ut
3468 3859 3567 3911 de-

2004 3978 2273 4027 monstret
2306 3982 2463 4023 suum
2485 3964 2678 4027 Deum,
2702 3977 2861 4033 quem
2901 3974 2996 4031 per
3027 3973 3222 4013 nomen
3245 3952 3568 4022 ἀγεννησίαν

2006 4062 2286 4125 confinxit,
2318 4060 2625 4129 loquentem
2671 4054 2911 4125 quidem,
2943 4066 3011 4105 ne
3059 4047 3340 4102 nominum
3380 4044 3567 4097 inven-

2006 4163 2154 4213 tione
2182 4160 2384 4219 careat,
2436 4150 2695 4207 membris
2726 4148 2890 4203 etiam
2928 4142 3208 4200 vocalibus
3256 4140 3565 4210 figuratum,

2008 4259 2068 4307 ut
2101 4252 2389 4320 loquatur:
2420 4255 2628 4300 natura:
2655 4243 2819 4297 etiam
2854 4254 3152 4308 corporeae,
3193 4245 3412 4307 propter
3434 4234 3567 4304 figu-

2008 4359 2195 4399 rarum
2235 4338 2639 4396 necessitatem.
2670 4348 2780 4389 non
2824 4339 3137 4402 expertem;
3187 4345 3294 4383 non
3327 4329 3471 4383 enim
3510 4327 3567 4381 in

2010 4437 2190 4506 seipsa
2217 4433 2327 4488 ulla
2367 4431 2538 4501 figura
2567 4424 2802 4496 spectari
2837 4424 3028 4495 possit,
3081 4424 3187 4477 nisi
3232 4422 3290 4475 in
3341 4432 3569 4486 corpore

2015 4529 2174 4599 plane
2212 4524 2501 4587 formatur,
2553 4517 2813 4589 paulatim
2851 4524 3027 4570 autem
3058 4510 3453 4584 progrediendo
3500 4508 3568 4562 ad

342 4588 639 4689 φθέγξηται
658 4606 671 4620 ·
699 4594 803 4689 Δτῆς
837 4592 891 4645 δὲ
920 4593 1010 4647 τοῦ
1035 4594 1282 4667 σώματος
1305 4600 1516 4669 φύσεως
1546 4604 1636 4657 διὰ
1673 4605 1771 4678 τὴν
1795 4607 1896 4662 τῶν

2006 4588 2320 4689 congenitos
2375 4588 2620 4680 corporis
2681 4606 2926 4671 affectus,
2978 4619 3074 4674 per
3126 4602 3567 4671 compositionem

344 4681 641 4751 σχημάτων
687 4683 953 4755 ἀνάγκην,
1008 4686 1108 4741 οὑκ
1147 4689 1391 4762 ἄμοιρον.
1451 4694 1525 4748 Οὑ
1575 4696 1682 4767 γάρ
1720 4698 1787 4752 ἂν
1819 4702 1902 4769 ἐφ’

341 4773 535 4827 ἑαυτοῦ
574 4792 626 4828 τι
674 4776 973 4850 θεωρηθείη
1018 4780 1203 4852 σχῆμα
1245 4782 1319 4853 μὴ
1356 4786 1415 4837 ὲν
1450 4788 1659 4859 σώματι
1688 4793 1903 4861 πάντως

2012 4712 2228 4784 quidem
2290 4705 2357 4760 ad
2411 4702 2849 4763 dissolutionem,
2906 4699 3172 4769 perinane
3245 4695 3311 4747 ad
3378 4691 3569 4746 interi-

2006 4809 2119 4855 tum
2155 4797 2509 4853 desinentem.

340 4867 698 4964 τυπούμενον,
895 4870 1071 4964 ὀλίγον
1097 4873 1153 4927 δὲ
1194 4877 1445 4945 προϊόντα
1484 4882 1619 4951 πρὸς
1658 4886 1726 4939 τά
1759 4894 1982 4964 συμφυῆ
2013 4893 2104 4947 τοῦ
2139 4890 2384 4961 σώματος
2415 4884 2584 4954 πάθη,
2630 4882 2719 4935 διά
2751 4882 2847 4951 μὲν
2882 4878 2975 4933 τοῦ
3017 4876 3267 4931 συνθέτου
3306 4879 3438 4941 πρὸς
3469 4869 3567 4943 τὴν

343 4957 582 5011 διάλυσιν
616 4978 629 4989 ·
676 4960 763 5013 διά
802 4961 859 5014 δὲ
884 4963 1086 5036 ταύτης
1112 4969 1190 5031 εἰς
1215 4968 1420 5041 φθοράν
1451 4957 1843 5048 καταλήγοντα,

415 5050 650 5122 Τοιαύτη
683 5051 777 5106 τοῦ
807 5056 1115 5126 προσφάτου
1138 5059 1271 5113 Θεοῦ
1298 5064 1330 5133 ή
1362 5064 1521 5133 φύσις
1543 5067 1629 5122 διὰ
1654 5071 1751 5143 τῆς
1781 5075 1911 5129 ἀκο-

342 5141 557 5207 λουθίας
585 5144 692 5197 τῶν
714 5146 833 5218 είρη
844 5147 1019 5216 μένων
1044 5149 1148 5203 ὑπὸ
1168 5152 1260 5206 τοῦ
1292 5155 1410 5208 νέου
1444 5156 1690 5215 θεοποιοῦ
1708 5141 1910 5218 ἀναπέ-

345 5253 531 5306 φηνεν.
571 5236 731 5292 Ἀλλά
756 5240 1206 5313 ἀντιλαμϐάνεται
1234 5247 1341 5300 τῶν
1372 5253 1787 5323 γεγραμμένων,
1814 5258 1907 5311 καί

344 5345 475 5400 φησι
500 5327 673 5382 ταῦτα
700 5331 791 5384 τὸν
821 5333 1021 5388 Μωσέα
1047 5336 1339 5410 διαρρήδην
1364 5340 1492 5414 βοᾷν
1514 5360 1528 5374 ⁶
1568 5345 1648 5398 ὅτι
1665 5344 1849 5401 Εἶπεν
1873 5348 1907 5402 ὁ

345 5420 511 5488 Θεός·
541 5421 632 5474 καὶ
650 5423 968 5497 προστίθησι
990 5428 1057 5482 τὰ
1077 5431 1318 5501 ῥήματα,
1344 5434 1403 5486 τὸ
1422 5437 1737 5506 Γενηθήτω
1756 5440 1903 5509 φῶς,

344 5510 440 5569 καὶ
470 5513 787 5581 Γενηθήτω
811 5518 1129 5589 στερέωμα,
1162 5526 1255 5577 καὶ
1284 5528 1643 5597 Συνιιχθήτω
1669 5530 1741 5584 τὰ
1768 5532 1908 5586 ὕδα-

346 5620 438 5671 τα,
471 5604 566 5661 καὶ
601 5607 863 5677 Ὀξοθήτω
892 5610 931 5679 ἠ
966 5613 1136 5684 ξηρὰ,
1174 5619 1266 5671 καὶ
1296 5621 1700 5690 Βλαστησάτω
1736 5625 1774 5694 ἡ
1803 5623 1902 5695 γῆ,

415 5782 467 5816 ⁸⁸
494 5784 606 5841 Gen
678 5801 709 5857 ',
741 5788 798 5842 5.
830 5806 958 5863 sqq.

2080 5075 2228 5130 Talis
2256 5074 2419 5145 igitur
2471 5069 2594 5126 novi
2625 5067 2717 5122 Dei
2749 5072 2944 5120 natura
3007 5078 3075 5117 ex
3119 5060 3387 5115 dictorum
3432 5071 3567 5112 con-

2006 5168 2289 5225 secutione
2339 5165 2408 5220 ab
2462 5165 2563 5216 hoc
2624 5174 2763 5213 novo
2810 5156 2905 5211 Dei
2929 5155 3117 5209 fictore
3145 5149 3415 5221 apparuit.
3461 5148 3568 5204 Sed

2005 5259 2248 5316 vindicat
2275 5257 2568 5326 scripta,et
2586 5252 2783 5307 asserit
2804 5248 3008 5304 Mosem
3024 5253 3209 5316 aperte
3233 5241 3563 5300 clamare“:

2007 5355 2150 5424 quod
2174 5351 2322 5408 Dixit
2347 5348 2487 5403 Deus
2505 5387 2521 5411 ,
2555 5356 2609 5400 et
2633 5344 2795 5398 verba
2823 5340 3037 5410 adjicit:
3059 5336 3183 5392 Fiat
3200 5338 3291 5391 [απ
3308 5348 3414 5403 ,et,
3438 5335 3567 5389 Fiat

2011 5446 2421 5514 ﬁrmamentum,
2438 5446 2512 5503 et,
2536 5437 2988 5506 Cogamur‘aquar,
3008 5442 3080 5497 et,
3100 5431 3365 5499 Appareat
3383 5425 3562 5489 arida,

2009 5544 2084 5599 et,
2118 5534 2377 5589 Germinct
2416 5540 2579 5594 terra,
2628 5537 2702 5592 et,
2742 5524 3048 5580 Producant
3092 5537 3263 5592 aque,
3293 5528 3347 5576 et
3380 5519 3564 5575 omnia

2010 5640 2129 5695 qua:
2175 5624 2430 5694 deinceps
2483 5618 2816 5676 scribuntur.
2872 5614 3233 5684 Quamobrem
3285 5611 3562 5669 dictorum
