4006 6542
453 376 553 434 ιιῑυ

1671 370 1729 426 ς.
1754 368 2078 427 GREGORIl
2104 367 2394 425 NYSSENI

3576 372 3675 428 980

446 490 858 562 intelligentiam
920 489 1317 548 examinemus.
1375 489 1512 556 Quis
1569 491 1644 544 ita
1694 490 1926 546 stolidus
1955 498 2038 549 et.

2135 491 2204 544 :al.
2246 487 2603 559 Ἐεαγαγέτω
2634 490 2707 553 τὰ
2736 488 2946 554 ὕδατα,
2983 488 3076 541 καὶ
3107 487 3284 561 πάντα
3322 488 3421 542 ὅσα
3448 489 3675 562 καθεξῆς

444 600 659 646 uecors,
710 584 807 653 qui
854 583 1062 639 nesciat
1119 582 1363 637 auditum
1408 591 1464 637 et
1506 598 1813 638 sermonem
1861 593 2018 638 natu-

449 673 619 727 ralem
682 674 828 728 inler
854 688 940 730 se-
972 674 1172 729 habere
1211 673 1566 739 relationem;
1621 688 1721 728 nec
1773 673 2016 728 auditum

454 778 613 831 posse
657 764 809 834 fungi
855 779 958 819 suo
1007 779 1236 820 munere
1284 765 1433 818 nullo
1472 765 1744 835 loquente,
1793 767 1873 820 sic
1919 781 2018 819 nec

455 869 764 909 sermonem
795 853 1064 910 eﬂicacem
1099 870 1224 910 esse
1249 856 1342 925 qui
1377 870 1484 910 non
1516 857 1581 910 ad
1611 855 1855 910 auditum
1887 856 2022 911 diri-

458 947 648 1015 gitur?
688 945 745 1000 Si
811 947 981 1018 igitur
1033 948 1231 1002 asserit
1284 947 1453 1002 Deum
1501 948 1723 1014 dixisse,
1773 950 2024 1004 ostendat

461 1039 622 1093 nobis
655 1040 818 1094 etiam
837 1041 1078 1094 auditum
1117 1040 1184 1094 ad
1218 1055 1376 1110 quem
1409 1041 1580 1107 dixit;
1618 1055 1686 1095 an
1711 1041 1776 1095 ad
1806 1057 1865 1097 se
1909 1042 2025 1097 haec

461 1129 650 1184 dicere
687 1131 1070 1200 respondebit?
1102 1130 1241 1201 Ergo
1268 1130 1370 1185 sibi
1420 1129 1524 1201 ipsi
1554 1129 1859 1199 imperabit,
1910 1132 2024 1185 hmc

457 1221 680 1290 jubens.
734 1220 935 1291 Ecquis
988 1222 1092 1277 hoc
1144 1222 1413 1292 probabit,
1457 1220 1622 1275 Deum
1651 1220 1840 1276 sedere
1879 1223 2026 1291 quod

465 1315 732 1384 agendum
764 1322 847 1370 est
864 1314 966 1369 sibi
991 1313 1366 1383 imperantem,
1397 1319 1521 1367 etse
1537 1295 2027 1366 ministro'manda-

465 1415 643 1462 torum
672 1414 723 1461 et
747 1414 1067 1462 exsecutore
1085 1405 1362 1459 utentem?
1389 1403 1542 1470 Quod
1559 1404 1604 1459 si
1623 1406 1746 1474 quis
1763 1404 1864 1459 hoc
1877 1404 2025 1478 pium

465 1512 588 1553 esse
638 1497 819 1554 dicere
865 1497 1219 1563 concesserit,
1258 1497 1381 1568 quis
1429 1500 1482 1551 in
1511 1497 1691 1566 seipso
1744 1497 1925 1553 verbis
1972 1504 2028 1551 et

466 1589 810 1644 sermonibus
848 1577 1159 1659 indiguerit,
1197 1589 1444 1658 quamvis
1479 1588 1640 1642 homo
1671 1587 1781 1642 sit?
1818 1587 2029 1657 Cuique

465 1666 611 1742 enim
645 1680 846 1735 mentis
889 1681 1110 1752 agitatio
1152 1679 1351 1735 suiIicit
1399 1679 1464 1734 ad
1510 1679 1789 1734 electionis
1834 1679 2030 1748 impul-

468 1753 678 1837 sionem
707 1767 1073 1824 excitandam.
1109 1767 1215 1823 Sed
1245 1784 1367 1823 cum
1412 1767 1550 1821 Filio
1591 1767 1858 1821 disserere
1902 1783 2028 1838 pro-

467 1835 554 1914 Cul
578 1857 741 1912 dubio
765 1857 927 1912 dicet.
952 1857 1016 1911 Et
1036 1857 1166 1926 quid
1195 1873 1331 1927 Opus
1353 1866 1470 1912 erat
1494 1857 1561 1910 ad
1588 1857 1688 1911 hoc
1711 1858 1875 1911 voce?
1903 1834 2029 1927 pro-
2059 1834 2100 1889 Β

466 1949 645 2018 prium
690 1949 834 2004 enim
884 1963 1159 2018 corporea:
1203 1955 1408 2002 natura;
1485 1961 1580 2017 per
1625 1948 1789 2002 verba
1847 1947 2029 2001 cordis

467 2041 583 2097 sive
621 2040 786 2094 animi
819 2056 980 2096 sensa
1018 2041 1322 2095 enuntiare.
1377 2039 1531 2096 Unde
1571 2040 1734 2095 etiam
1777 2039 2031 2110 aaquipol-

469 2135 588 2206 lens
617 2118 740 2188 usui
787 2133 936 2188 vocis
967 2149 1061 2202 per
1095 2133 1304 2187 litteras
1335 2132 1555 2185 inventa
1587 2141 1670 2186 est
1694 2131 1986 2185 declaratio
2014 2149 2026 2185 :

468 2241 534 2280 ex
564 2240 721 2293 aequo
751 2224 895 2279 enim
935 2225 1217 2294 loquentes
1254 2231 1307 2278 et
1346 2223 1647 2279 scribentes
1677 2223 1820 2292 quod
1852 2232 2031 2278 mente

471 2325 795 2387 conceptum
839 2325 923 2371 est
964 2317 1348 2383 enuntiamus;
1408 2315 1503 2370 sed
1552 2329 1740 2370 eorum
1791 2315 1882 2384 qui
1920 2330 2030 2368 non

471 2408 630 2464 valde
662 2408 886 2472 distant,
919 2423 1050 2462 voce
1079 2407 1324 2461 auditum
1366 2407 1745 2477 pertingimus,
1778 2407 1844 2461 ad
1872 2407 2032 2477 longe

473 2501 724 2556 absentes
777 2502 969 2557 litteris
1014 2501 1333 2556 sententiam
1385 2500 1748 2562 declaramus,
1797 2499 1864 2554 iis
1903 2513 2030 2554 vero

473 2594 567 2662 qui
603 2581 902 2665 praesentes
944 2593 1166 2657 adsunt,
1215 2607 1313 2662 pro
1363 2594 1573 2647 ratione
1609 2591 1901 2655 distantia},
1948 2591 2032 2644 vel

473 2687 624 2739 vocis
663 2695 848 2739 tonum
881 2684 1232 2746 intendimus,
1260 2684 1344 2737 vel
1369 2683 1698 2742 remittimus
1723 2700 1736 2736 :
1759 2682 2031 2740 interdum

475 2778 638 2831 etiam
668 2779 784 2832 solo
813 2785 968 2841 nutu,
1007 2777 1138 2846 quid
1169 2776 1432 2847 agendum
1476 2776 1569 2842 sit,
1622 2775 1707 2829 his
1746 2775 1838 2843 qui
1868 2789 2034 2844 prope

475 2878 604 2924 sunt
634 2871 1030 2941 signiﬁcamus,
1072 2878 1124 2925 et
1156 2871 1300 2939 quod
1333 2871 1387 2926 in
1418 2869 1603 2923 animo
1633 2875 1716 2923 est
1747 2868 2034 2922 consilium

475 2960 857 3031 patefecimus,
892 2972 945 3017 et
981 2964 1172 3018 oculus
1217 2961 1307 3015 tali
1360 2959 1761 3031 quodammodo
1811 2958 2036 3014 allectus

476 3054 759 3118 indicavit,
821 3061 877 3108 et
927 3033 1118 3110 manus
1163 3051 1408 3122 quaedam
1458 3053 1627 3106 motio
1673 3065 1786 3105 rem
1828 3057 2035 3119 gestam

478 3145 697 3215 probari
744 3145 829 3199 vel
867 3143 1146 3214 reprobat-1
1178 3142 1592 3200 demonstravit.
1635 3140 1692 3194 Si
1725 3141 1891 3210 igitur
1943 3139 2036 3208 qui

478 3238 802 3307 corporibus
861 3235 1104 3290 conclusi
1154 3243 1326 3298 sunt,
1385 3233 1583 3288 mentis
1639 3232 1820 3287 abdita
1876 3246 2036 3288 sensa

479 3330 703 3384 nutibus
723 3327 928 3396 absque
953 3340 1084 3380 voce
1109 3325 1192 3380 vel
1215 3325 1399 3390 verbo,
1431 3325 1514 3378 vel
1546 3324 1816 3393 colloquio
1843 3322 2037 3378 litteris

479 3420 872 3488 comprehenso
897 3433 1036 3487 sape
1062 3418 1145 3471 his
1174 3419 1264 3487 qui
1296 3432 1461 3486 prope
1483 3427 1630 3481 sunt,
1652 3424 1780 3470 nota
1811 3414 2034 3478 faciunt,

481 3514 796 3580 nullumque
846 3511 922 3564 rei
963 3508 1210 3580 gerenda:
1237 3509 1619 3564 detrimentum
1660 3508 1840 3561 attulit
1873 3508 2038 3562 silen.

483 3606 642 3664 tium,
696 3617 764 3655 an
816 3601 1154 3655 immateriali
1202 3609 1257 3656 et
1297 3598 1548 3665 intactili,
1594 3606 1648 3652 et
1699 3607 1756 3652 ut
1802 3598 2039 3669 loquitur

482 3695 802 3759 Eunomius,
832 3699 1161 3763 supremmet
1185 3694 1371 3763 primze
1393 3692 1644 3747 essentia:
1683 3691 1863 3747 verbis
1898 3706 2038 3761 Opus

485 3790 605 3850 fuit,
634 3803 753 3857 qua:
789 3785 968 3840 Patris
1017 3785 1290 3839 notionem
1342 3783 1705 3846 declararent,
1735 3791 1789 3838 et
1838 3781 2041 3853 Unige-

485 3882 600 3934 nito
634 3879 968 3932 voluntatem
1015 3884 1196 3930 notam
1235 3873 1513 3929 facerent?
1546 3871 1758 3939 Verbis,
1798 3873 2038 3942 inquam,

485 3975 625 4028 sicut
647 3973 723 4025 ait
750 3973 866 4041 ipse
888 3968 1206 4032 Eunomius,
1234 3981 1353 4038 qua:
1379 3967 1541 4021 simul
1570 3982 1691 4020 cum
1716 3982 1846 4020 voce
1867 3965 2040 4020 solent

485 4063 740 4133 dissipari
767 4081 779 4115 :
816 4061 960 4114 haud
988 4060 1100 4114 scio
1125 4059 1170 4113 si
1193 4059 1314 4128 quis
1347 4057 1543 4113 mentis
1565 4073 1806 4128 compos,
1840 4057 1953 4112 hmo
1985 4066 2044 4111 ut

486 4173 611 4230 vera
638 4156 900 4217 admittet,
937 4155 1234 4224 praesertim
1284 4165 1408 4206 eum
1459 4166 1627 4205 sonus
1659 4151 1836 4207 omnis
1869 4151 1923 4204 in
1957 4165 2045 4205 ae-

488 4266 602 4304 rem
649 4263 874 4318 prorsus
913 4244 1291 4315 prolundatur.
1324 4242 1510 4313 Neque
1573 4243 1718 4296 enim
1763 4259 1866 4298 vox
1915 4245 2043 4298 alibi

489 4341 596 4395 nisi
635 4343 686 4392 in
714 4353 837 4392 aere
866 4337 979 4392 ﬁeri
1016 4344 1214 4406 potest.
1261 4334 1495 4390 Necesse
1542 4341 1626 4389 est
1671 4349 1896 4403 prorsus
1929 4350 2043 4389 me-

489 4431 639 4484 dium
691 4428 946 4499 quiddam
989 4430 1153 4482 etiam
1201 4426 1345 4494 ipsos
1395 4440 1720 4495 supponere,
1773 4425 1915 4479 inter
1969 4427 2047 4479 lo-

2117 586 2546 657 ἀναγέγραπται.
2605 583 2813 638 Οὐκοῦν
2853 581 3195 650 ἐξετάσωμεν
3245 579 3344 650 τὴν
3387 580 3497 631 τῶν
3539 585 3676 653 εἰρη-

2121 678 2294 747 μένων
2314 677 2568 730 διάνοιαν.
2603 676 2697 738 Τίς
2723 677 2822 728 οὐκ
2846 670 2950 728 οἶδε
2973 674 3066 726 καὶ
3089 671 3197 724 τῶν
3234 671 3426 741 κομιδῆ
3453 689 3520 741 νη
3532 672 3676 736 πίων,

2117 773 2199 824 ὄτι
2245 769 2477 841 φυσικὴν
2521 769 2634 839 ἔχει
2686 769 2822 838 πρὸς
2875 766 3078 837 ἄλληλα
3112 764 3295 834 σχέσιν
3327 764 3460 834 ἀκοή
3497 781 3558 815 τε
3596 767 3682 820 καὶ

2118 863 2292 929 λόγος,
2342 861 2437 914 καὶ
2477 861 2552 923 ὼς
2592 859 2867 914 οὐκέστιν
2910 858 3078 927 ἀκοὴν
3121 856 3412 926 ἐνεργῆσαι
3461 854 3683 926 μηδενὸς

2120 953 2512 1023 φθεγγομένου,
2533 952 2702 1015 οῦτως
2728 950 2846 1004 οὐδέ
2868 950 3023 1018 λόγον
3044 949 3261 1020 ἐνεργὸν
3290 942 3425 1000 εἶναι
3453 946 3530 1016 μὴ
3555 946 3684 1023 πρὸς

2122 1043 2290 1113 ἀκοὴν
2305 1041 2679 1112 εὐθυνόμενον,
2701 1041 2760 1093 Εἰ
2783 1037 2875 1094 οῦν
2895 1040 3040 1108 λέγει
3056 1040 3116 1092 τὸ
3135 1039 3415 1110 εἰρηκέναι
3431 1037 3524 1089 τὸν
3536 1036 3682 1099 Θεὸν,

2124 1133 2451 1198 ὐποδειξάτω
2479 1134 2609 1202 ἡμῖν
2639 1132 2732 1184 καὶ
2759 1133 2856 1202 τὴν
2889 1131 3055 1201 ἀκοὴν
3078 1131 3213 1201 πρὸς
3239 1132 3303 1198 ἥν
3334 1129 3579 1200 εἴρηκεν.
3619 1130 3685 1180 Ἦ

2124 1225 2261 1295 πρὸς
2315 1225 2504 1278 ἐαυτὸν
2549 1224 2720 1277 ταῦτα
2769 1224 2947 1291 λέγειν
2996 1223 3202 1292 φησίν;
3259 1220 3466 1274 Οὐκοῦν
3515 1219 3688 1291 ἐαυτῴ

2125 1315 2453 1386 προστάσσει
2481 1315 2652 1368 ταῦτα
2687 1314 3122 1384 ἐγκελευόμενος.
3169 1314 3280 1366 Καὶ
3309 1311 3391 1375 τίς
3416 1311 3582 1365 τοῦτο
3608 1311 3683 1364 δέ·

2127 1407 2274 1472 ξεται
2305 1407 2573 1477 καθῆσθαι
2597 1406 2688 1459 τὸν
2714 1405 2843 1460 Θεὸν
2875 1404 2936 1458 τδ
2965 1403 3234 1475 πρακτέον
3265 1401 3456 1457 ἑαυτοῦ
3485 1401 3688 1454 διατάτο

2125 1517 2308 1561 τοντα,
2357 1498 2450 1550 καὶ
2500 1495 2675 1566 ἑαυτῷ
2709 1495 2935 1565 διακόνῳ
2963 1493 3070 1547 τῶν
3121 1493 3560 1565 προσταγμάτων
3600 1493 3687 1560 καὶ

2127 1589 2374 1662 ὑπηρέτῃ
2417 1588 2726 1660 χρώμενον;
2789 1589 2850 1640 El
2895 1585 2953 1639 δὲ
2997 1586 3092 1638 καὶ
3128 1584 3285 1638 τοῦτο
3316 1584 3432 1654 δοίη
3479 1600 3565 1646 τις
3601 1584 3688 1636 εὐ·

2127 1685 2254 1750 αγές
2282 1678 2419 1750 εἶναι
2443 1681 2638 1750 λέγειν,
2658 1681 2742 1744 τίς
2779 1681 2863 1748 ἐφ’
2887 1678 3075 1732 ἐαυτοῦ
3102 1678 3360 1749 ῥημάτων
3381 1675 3581 1747 ἐδεήθη
3603 1675 3692 1729 καὶ

2127 1776 2317 1844 λόγων,
2367 1773 2470 1828 κᾶν
2521 1767 2900 1844 ᾶνθρωποςῇς
2959 1771 3142 1843 Ἀρκεί
3189 1769 3297 1840 γὰρ
3347 1769 3566 1837 ἑκάστῳ
3601 1767 3692 1837 τῆς

2128 1867 2364 1928 διανοίας
2393 1867 2426 1936 ἠ
2480 1864 2690 1934 κίνησις
2736 1863 2836 1933 τὴν
2864 1862 2962 1933 τῆς
2988 1861 3356 1932 προαιρέσεως
3387 1859 3564 1930 ὁρμὴν
3601 1860 3694 1928 sp.-

2131 1958 2372 2028 ποιῆσαι.
2419 1955 2576 2008 Ἀλλά
2615 1955 2694 2025 τῷ
2752 1954 2866 2025 Υίῷ
2908 1952 3247 2021 διαλέγεσθαι
3293 1952 3511 2014 πάντως
3564 1952 3692 2022 ἐρεῖ.

2129 2051 2238 2103 Καὶ
2260 2049 2343 2111 τίς
2369 2043 2436 2119 ἦν
2476 2046 2631 2118 χρεία
2663 2045 2800 2116 πρὸς
2840 2042 2996 2097 τοῦτο
3023 2043 3202 2116 φωνῆς
3227 2059 3241 2107 ;
3277 2042 3436 2100 Ἵδιον
3461 2041 3572 2112 γὰρ
3601 2041 3695 2109 τῆς

2130 2142 2440 2212 ἐνσωμάτου
2502 2140 2736 2209 φύσεως,
2769 2137 2830 2190 τὸ
2868 2135 2955 2189 διὰ
2985 2135 3239 2206 ῥημάτων
3270 2134 3609 2202 ἐξαγγέλλειν
3633 2134 3696 2188 τά

2127 2237 2226 2306 τῆς
2273 2233 2494 2304 καρδίας
2540 2233 2821 2302 νοήματα”
2878 2229 2998 2282 ὅθεν
3045 2228 3138 2282 καὶ
3203 2226 3598 2297 ίσοδυναμοῦσα

2131 2327 2319 2397 χρήσει
2348 2325 2446 2394 τῆς
2479 2322 2682 2392 φωνῆς,
2706 2321 2738 2390 ἠ
2766 2319 2851 2373 διά
2895 2318 3002 2371 τῶν
3027 2316 3368 2388 γραμμάτων
3407 2315 3695 2387 ἐξεύρηται

2129 2418 2376 2486 δήλωσις.
2425 2415 2648 2484 Ἑπίσης
2677 2413 2784 2482 γὰρ
2805 2411 3161 2481 φθεγγόμενοι
3188 2428 3245 2462 τε
3264 2410 3357 2463 καὶ
3376 2410 3696 2479 γράφοντες,

2129 2508 2189 2561 τὸ
2220 2507 2407 2578 νοηθὲν
2453 2504 2866 2573 ἐξαγγέλλομεν.
2911 2502 3047 2554 Ἀλλ’
3084 2502 3174 2554 ἐπὶ
3202 2501 3298 2571 μὲν
3341 2501 3452 2552 τῶν
3477 2500 3553 2571 μὴ
3585 2499 3698 2564 λίαν

2130 2600 2532 2670 ἀφεστηκότων,
2568 2600 2718 2668 φωνῇ
2766 2597 2864 2667 τῆς
2905 2595 3072 2666 ἀκοῆς
3098 2593 3506 2664 καθικνούμεθα
3528 2610 3542 2624 ⁸
3570 2593 3698 2662 πρὸς

2130 2693 2187 2746 δὲ
2228 2694 2352 2755 τούς
2399 2689 2700 2762 πόρῥωθεν,
2722 2689 3008 2760 γράμμασι
3039 2687 3303 2760 δηλοῦμεν
3334 2686 3433 2757 τὴν
3459 2685 3698 2755 γνώμην,

2133 2787 2226 2839 καὶ
2255 2786 2345 2838 ἐπὶ
2372 2784 2481 2837 τῶν
2509 2781 2808 2853 παρόντων,
2841 2779 2977 2850 πρὸς
3015 2779 3169 2847 λόγον
3193 2779 3292 2848 τῆς
3327 2777 3698 2840 ἀποστάσεως,

2132 2865 2166 2946 ἢ
2201 2874 2536 2945 ἐπιτείνομεν
2566 2873 2656 2927 τὸν
2679 2871 2830 2925 τόνον
2851 2870 2951 2940 τῆς
2981 2870 3233 2942 φωνῆς,ῆ
3269 2869 3521 2938 ὑφίεμεν.
3550 2869 3700 2921 Ἔστι

2134 2965 2189 3022 δὲ
2210 2969 2297 3022 ὅτε
2334 2968 2426 3021 καὶ
2454 2966 2540 3020 διὰ
2566 2965 2800 3028 νεύσεως
2832 2965 2988 3034 μόνον
3015 2962 3074 3015 τὸ
3103 2961 3372 3032 πρακτέον
3403 2963 3515 3023 τοῖς
3540 2959 3701 3021 πέλας

2135 3058 2561 3127 διεσαφήσαμεν,
2605 3057 2698 3109 καὶ
2746 3057 2845 3125 τὴν
2871 3056 2926 3107 ἐν
2963 3057 3027 3124 τῇ
3080 3053 3225 3123 ψυχῇ
3257 3053 3577 3125 προαίρεσιν
3617 3052 3702 3117 καί

2063 3170 2104 3227 C
2137 3139 2417 3220 ὀφθαλμὸς
2457 3148 2675 3201 τοιῶσδε
2712 3146 2977 3226 διατεθεὶς
3023 3145 3338 3221 ἐνεδείξατο,
3391 3144 3486 3198 καὶ
3531 3143 3704 3214 χειρὸς

2138 3241 2265 3294 ποιά
2291 3241 2504 3313 κίνησις
2557 3239 2588 3310 ἢ
2637 3239 2835 3304 ἀπεῖπέ
2862 3256 2916 3290 τι
2952 3237 3060 3290 τῶν
3089 3237 3458 3308 γινομένων,ἣ
3491 3235 3704 3288 κατεδέ-

2139 3329 2283 3404 ξατο.
2316 3330 2378 3380 Ei
2400 3329 2577 3381 τοίνυν
2609 3329 2656 3380 οἱ
2682 3327 2894 3398 σώμασι
2926 3325 3370 3398 περιειλημμένοι
3404 3327 3470 3379 τὰ
3493 3325 3704 3398 κρυπτά

2135 3422 2233 3490 τῆς
2260 3421 2492 3483 διανοίας
2526 3425 2798 3491 κινήματα
2832 3422 2926 3474 καὶ
2973 3421 3096 3492 δίχα
3135 3421 3318 3490 φωνῆς
3369 3419 3402 3490 ἢ
3444 3421 3701 3490 ῥήματος,

2137 3514 2299 3584 ἦτῆς
2355 3515 2412 3566 ὲν
2467 3514 2786 3584 γράμμασιν
2837 3513 3051 3584 ὁμιλίας
3099 3511 3356 3586 πολλάκις
3399 3514 3506 3574 τοῖς
3545 3510 3704 3576 πέλας

2137 3607 2476 3678 γνωρίζουσι,
2511 3607 2604 3666 καὶ
2660 3605 2912 3677 οὐδεμίαν
2958 3607 3154 3674 ἤνεγκε
3191 3603 3269 3674 τῷ
3300 3601 3703 3671 σπουδαζομένη)

2139 3698 2421 3769 πράγματι
2468 3697 2669 3767 ζημίαν
2724 3698 2757 3767 η
2806 3697 2981 3766 σιωπή
3001 3711 3014 3724 ’
3049 3692 3156 3767 ἆρα
3183 3696 3275 3753 ἐπὶ
3305 3695 3403 3762 τῆς
3431 3695 3597 3746 eam
3619 3692 3704 3756 καὶ

2139 3789 2392 3859 ἀναφοῦς,
2416 3791 2508 3842 καὶ
2534 3789 2607 3852 ὣς
2633 3805 2795 3860 φησιν
2816 3789 2844 3840 ό
2861 3789 3139 3859 Εὐνόμιος,
3168 3788 3423 3840 ἀνωτάτω
3449 3786 3541 3838 καὶ
3571 3783 3702 3855 πρώ-

2139 3899 2236 3953 της
2288 3883 2492 3946 οὐσίας,
2545 3881 2802 3953 ῥημάτων
2834 3881 2990 3952 χρεία
3030 3863 3135 3933 τῶν
3164 3881 3254 3933 τοῦ
3288 3879 3497 3949 Πατρὸς
3527 3878 3706 3930 διασα-

2143 3970 2381 4039 φούντων
2407 3970 2468 4022 τὸ
2496 3969 2692 4040 νόημα,
2721 3969 2911 4039 καὶτῷ
2943 3969 3234 4036 Μονογενεί
3265 3968 3635 4036 γνωριζόντων
3653 3965 3706 4017 τὸ

2145 4063 2414 4134 βούλημα;
2453 4046 2758 4131 Ῥημάτων,
2786 4060 2964 4123 καθὼς
2992 4060 3154 4122 αὐτός
3181 4062 3412 4130 φησι,τῇ
3441 4062 3592 4129 φωνῇ
3626 4075 3706 4108 πε-

2145 4155 2389 4226 φυκότων
2429 4152 2835 4207 συνδιαλύεσθαι
2863 4170 2880 4186 ⁸
2928 4153 3027 4206 οὐκ
3082 4145 3198 4204 οἶδα
3248 4152 3403 4213 εἴτις
3444 4150 3553 4202 τῶν
3591 4149 3704 4219 νοῦν

2146 4248 2373 4318 ἐχόντων
2406 4246 2577 4301 ταῦτα
2601 4246 2675 4308 ὡς
2697 4245 2869 4316 ἀληθῆ
2895 4243 3276 4317 παραδέξεται,
3296 4245 3466 4307 ἄλλως
3493 4261 3552 4296 τε
3591 4260 3707 4296 παν-

2145 4338 2235 4402 τὸς
2265 4337 2498 4406 φθόγγου
2528 4339 2604 4400 είς
2629 4337 2764 4407 ἀέρα
2790 4337 3006 4400 πάντως
3035 4337 3414 4412 προχεομένου.
3442 4337 3576 4389 Οὐδέ
3605 4335 3702 4405 γάρ

2147 4429 2367 4482 δυνατὸν
2411 4428 2662 4497 γενέσθαι
2719 4428 2902 4497 φωνὴν
2946 4428 3018 4497 μὴ
3048 4429 3102 4480 ἐν
3129 4411 3250 4496 ἀέρι
3300 4428 3700 4496 συνισταμένην,

489 4517 741 4591 quentem
775 4526 827 4570 et
876 4533 999 4583 eum
1053 4517 1120 4570 ad
1181 4531 1340 4585 quem
1387 4516 1445 4569 ﬁt
1476 4530 1701 4570 sermo:
1747 4517 1852 4571 nisi
1900 4517 2038 4570 enim

2146 4521 2356 4591 ἀνάγκη
2391 4523 2534 4574 πᾶσα
2561 4521 2719 4589 μέσον
2742 4537 2792 4572 τι
2827 4519 2920 4572 τοῦ
2956 4519 3322 4588 φθεγγομένου
3349 4520 3440 4570 καὶ
3469 4515 3559 4570 τοῦ
3580 4517 3702 4587 πρὸς

490 4613 726 4667 medium
766 4609 1108 4677 interiectum
1152 4609 1333 4672 fuerit,
1378 4609 1650 4679 quomodo
1684 4624 1749 4664 ex
1793 4610 2048 4678 loquente

488 4721 592 4775 vox
640 4703 707 4756 ad
759 4703 1065 4756 audientem
1110 4701 1444 4771 permeabit?
1485 4700 1624 4766 Quid
1656 4701 1821 4770 igitur
1868 4701 2049 4756 dicent

490 4799 751 4860 medium,
784 4811 891 4866 quo
929 4794 1124 4848 Filium
1161 4810 1228 4848 ex
1259 4793 1420 4849 Patre
1461 4793 1884 4849 disterminant?
1913 4793 2048 4848 Cor-

491 4905 684 4958 porum
724 4889 865 4942 enlm
903 4875 955 4940 in
986 4901 1110 4941 aere
1136 4879 1288 4940 locus
1323 4885 1552 4945 eiIlcitur
1581 4884 1812 4951 medius,
1839 4886 1932 4956 qui
1968 4893 2050 4939 est

493 4983 639 5035 aliud
689 4981 820 5050 quid
874 4979 1174 5035 secundum
1230 4978 1502 5048 propriam
1559 4986 1809 5031 naturam
1858 4987 2050 5047 praeter

492 5077 859 5130 humanorum
933 5074 1235 5142 corporum
1287 5071 1664 5127 substantiam.
1716 5067 1820 5136 Qui
1869 5080 2049 5124 autem

492 5174 674 5221 tactus
702 5181 916 5234 expers,
949 5173 1002 5220 et
1027 5159 1276 5219 informis
1304 5163 1372 5217 ab
1397 5163 1546 5216 omni
1572 5162 1922 5216 concretione
1949 5179 2050 5232 pu-

492 5273 588 5312 rus
621 5266 675 5312 et
701 5257 960 5310 immunis
999 5254 1142 5310 Deus
1171 5270 1294 5309 cum
1336 5252 1627 5323 Unigenito
1667 5253 1775 5309 Deo
1809 5256 2054 5323 persimi-

493 5350 639 5411 liter,
679 5348 791 5402 imo
817 5362 946 5402 vero
971 5346 1161 5401 eodem
1205 5346 1386 5408 modo,
1425 5345 1770 5401 immateriali
1799 5354 1852 5400 et
1881 5346 2054 5402 incor-

493 5457 658 5509 poreo
703 5441 1048 5510 propriorum
1106 5439 1465 5494 consiliorum
1516 5439 1785 5509 particeps
1830 5447 1885 5493 et
1925 5456 2056 5494 con-

494 5548 615 5587 sors
647 5551 660 5586 :
693 5533 737 5586 si
767 5531 984 5602 quidem
1011 5547 1106 5601 per
1138 5546 1322 5586 vocem
1344 5530 1781 5584 communionem
1808 5529 2050 5592 haberet,

494 5625 624 5691 quid
651 5623 1032 5680 intermedium
1069 5623 1313 5686 haberet,
1344 5637 1440 5693 per
1473 5621 1618 5690 quod
1651 5636 1848 5691 repens
1874 5637 2054 5678 sermo

495 5724 551 5770 et
577 5714 865 5772 dimanans
890 5717 946 5770 in
975 5730 1135 5770 aures
1169 5715 1444 5784 Unigeniti
1473 5714 1741 5780 inllueret,
1771 5724 1826 5769 et
1857 5714 2054 5768 admit-

494 5805 808 5898 .tsretur?Si
831 5806 1049 5881 quidem
1088 5807 1190 5864 hoc
1217 5813 1274 5862 ut
1305 5807 1740 5866 consideratione
1776 5805 2053 5878 indignum

2147 4613 2206 4665 ὃν
2239 4615 2265 4664 ὁ
2290 4613 2444 4680 λόγος
2463 4612 2669 4679 γίνεται
2701 4613 2791 4663 καὶ
2817 4612 3010 4673 αὐτοὺς
3036 4611 3344 4664 ὑποθέσθαι.
3372 4611 3462 4680 Μὴ
3497 4611 3602 4679 γάρ
3622 4609 3700 4661 6v-

2146 4721 2236 4766 τος
2275 4703 2366 4755 τοῦ
2411 4701 2802 4772 μεσιτεύοντος,
2840 4701 2956 4763 πῶς
2997 4703 3059 4754 ἐκ
3092 4701 3182 4753 τοῦ
3207 4701 3488 4764 λαλοῦντος
3510 4703 3542 4770 ὴ
3564 4698 3702 4770 φωνὴ

2147 4793 2403 4845 διοδεύσει
2436 4793 2568 4864 πρὸς
2587 4793 2675 4844 τὸν
2706 4793 3005 4856 ἀκούοντα;
3035 4792 3099 4846 Τί
3122 4788 3212 4845 οὐν
3234 4791 3416 4862 ἐροῦσι
3447 4792 3505 4844 τὸ
3528 4792 3701 4861 μέσον,

2149 4877 2194 4951 ᾧ
2227 4885 2316 4937 τὸν
2340 4885 2465 4936 Υἱὶν
2498 4885 2562 4936 ἐκ
2599 4885 2692 4936 τοῦ
2751 4885 2960 4954 Πατρὸς
2978 4885 3300 4956 διορίζουσις
3333 4884 3451 4936 Τῶν
3488 4885 3583 4954 μὲν
3605 4882 3704 4951 γάρ

2153 4979 2435 5046 σωμάτων,
2469 4979 2496 5029 ὁ
2527 4978 2664 5030 κατά
2692 4978 2782 5031 τὸν
2811 4978 2950 5048 ἀέρα
2980 4978 3140 5040 τόπος
3157 4978 3362 5046 γίνεται
3382 4978 3562 5046 μέσος,
3587 4976 3704 5029 ἄλλο

2150 5088 2203 5122 τι
2226 5070 2298 5122 ὢν
2329 5071 2467 5122 κατὰ
2491 5069 2589 5140 τὴν
2627 5069 2760 5122 ἰδίαν
2795 5069 2952 5137 φύσιν
2991 5069 3139 5140 παρά
3175 5070 3272 5140 τὴν
3294 5069 3399 5122 τῶν
3441 5065 3702 5139 ἀνθρωπί-

2151 5179 2258 5214 νων
2287 5161 2549 5231 σωμάτων
2579 5160 2783 5215 οὐσίαν.
2812 5161 2871 5214 '0
2912 5160 2968 5214 δὲ
2993 5161 3202 5231 ἀναφὴς
3245 5162 3337 5214 καὶ
3366 5161 3597 5223 ἀνείδεος
3619 5158 3704 5212 καὶ

2152 5255 2334 5325 πάσης
2390 5254 2688 5317 συνθέσεως
2734 5253 3050 5325 καθαρεύων
3112 5254 3262 5318 Θεὸς,
3319 5254 3396 5324 τῷ
3444 5253 3705 5324 μονογενεῖ

2152 5343 2270 5412 Θεῷ
2310 5343 2388 5414 τῷ
2425 5344 2831 5415 παραπλησίως,
2867 5345 3062 5415 μᾶλλον
3101 5345 3157 5397 δὲ
3195 5346 3451 5408 ὡσαύτως
3480 5345 3623 5413 άΰλῳ
3650 5359 3703 5394 τε

2153 5437 2246 5488 καὶ
2273 5436 2544 5506 ἀσωμάτῳ
2561 5435 2669 5488 τῶν
2693 5435 2836 5488 ίδίων
2854 5436 3123 5489 κοινωνῶν
3140 5436 3532 5507 βουλευμάτων,
3560 5434 3703 5502 εἴπερ

2153 5527 2240 5579 διὰ
2289 5529 2469 5597 φωνῆς
2517 5529 2750 5581 ἐποιεῖτο
2787 5527 2884 5598 τὴν
2932 5527 3234 5587 κοινωνίαν,
3268 5528 3320 5580 τί
3347 5527 3407 5578 τὸ
3438 5524 3704 5596 μεσιτεῦον

2155 5613 2287 5686 εἶχε,
2335 5618 2399 5670 δι’
2459 5612 2520 5671 οὗ
2563 5619 2745 5688 ῥέπων
2775 5619 2804 5670 ὁ
2832 5618 2986 5684 λόγος
3035 5619 3128 5671 καὶ
3186 5618 3568 5688 μεθιστάμενος
3594 5615 3701 5675 ταῖς

2155 5710 2342 5771 ἀκοαῖς
2387 5707 2479 5761 τοῦ
2523 5707 2856 5775 Μονογενοῦς
2886 5707 3262 5771 εἰσοικίζεται;
3325 5706 3451 5772 Εἴγε
3488 5706 3589 5774 χρὴ
3619 5703 3700 5754 καὶ

2157 5800 2311 5873 τοῦτο
2339 5800 2712 5872 παραδραμεῖν
2747 5799 3076 5871 ἀθεώρητον,
3117 5800 3176 5852 τὸ
3210 5798 3284 5872 μὴ
3313 5796 3627 5869 μεμερίσθαι
3650 5793 3700 5850 τὺ
