4006 6544
315 341 415 396 981

1407 350 1685 407 CONTRA
1719 346 2113 413 EUNOMIUM,
2147 347 2277 402 LIB.
2323 346 2437 402 XII.

3446 336 3554 396 983

312 474 472 529 Θεῖον
512 479 633 542 ταῖς
664 480 1076 554 ἀντιληπτικαῖς
1131 488 1448 559 ἐνεργείαις,
1491 489 1568 552 ὡς
1596 489 1726 559 παρ’
1749 487 1881 559 ἡμῖν

1986 484 2261 554 praeterire
2292 489 2528 553 oportet,
2555 481 2722 537 Deum
2758 479 3170 553 operationibus
3196 475 3551 547 comprehen-

306 566 651 639 διῃρημένως
680 572 913 628 ἕκαστον
934 576 1044 630 τῶν
1069 578 1433 651 αἰσθητηρίων
1470 579 1564 633 τοῦ
1596 578 1889 648 συγγενοῦς

307 657 715 728 ὲπιδράσσεται,
737 664 830 717 τοῦ
855 666 1047 736 ὁρατοῦ
1080 668 1180 737 μὲν
1205 670 1239 739 ἠ
1261 669 1471 740 ὅρασις,
1500 669 1593 723 τοῦ
1624 667 1888 723 ἀκουστοῦ

306 744 365 798 δὲ
393 748 425 815 ἠ
460 748 600 801 κατά
646 751 756 822 ’τὴν
810 754 980 825 ἀκοὴν
1018 756 1267 827 αἴσθησις
1287 775 1299 787 ·
1330 759 1421 811 καὶ
1452 758 1575 812 οὔτε
1604 758 1826 826 γεύεται
1853 757 1888 825 ή

310 838 447 905 ἁφὴ,
472 839 595 893 οὔτε
625 843 657 913 ἡ
684 844 820 915 ἀκοὴ
844 846 954 900 τῶν
970 848 1159 918 ἀτμῶν
1189 850 1222 920 ἢ
1255 850 1365 903 τῶν
1394 851 1581 921 χυμῶν
1608 847 1890 921 ἀντίληψιν

309 928 446 997 ἔχει,
476 932 610 986 ἀλλά
656 937 959 1006 παραμένει
1010 938 1238 992 ἕκαστον
1265 942 1333 1010 τῇ
1374 942 1473 1010 μιᾷ
1509 938 1777 1011 ἐνεργείᾳ,
1806 940 1891 996 εἰς

309 1020 378 1090 ἣν
412 1023 613 1094 ἐτάχθη
636 1025 787 1096 παρά
818 1027 915 1097 τῆς
945 1028 1178 1096 φύσεως,
1206 1030 1525 1100 ἀναίσθητον
1551 1032 1746 1101 τρόπον
1769 1030 1891 1083 τινά

309 1111 452 1181 πρὸς
470 1112 498 1165 ὃ
523 1113 597 1184 μὴ
618 1115 825 1183 πέφυκε
852 1117 1122 1189 διαμένον,
1142 1120 1236 1175 καλ⁸
1255 1121 1515 1189 ἄγευστον
1536 1122 1636 1191 τῆς
1649 1119 1888 1174 ἀπολαύ-

312 1217 452 1265 σεως
484 1198 551 1275 ἦς
584 1206 884 1275 καρποῦται
912 1210 945 1278 ἡ
974 1210 1168 1277 γείτων
1199 1211 1469 1286 αἴσθησις.
1532 1214 1678 1267 Ἐκεῖ
1708 1212 1764 1265 δὲ
1792 1213 1889 1284 οὐχ

306 1294 505 1360 οὕτως,
530 1296 642 1349 ἀλλ’
669 1299 786 1352 ὅλον
808 1300 874 1353 δι’
900 1302 1021 1355 ὅλου
1034 1303 1095 1356 τὸ
1114 1303 1266 1358 Θεῖον
1285 1306 1474 1376 ὅρασίς
1500 1307 1614 1359 ἐστι
1636 1305 1729 1359 καὶ
1751 1306 1887 1377 ἀκοὴ

308 1387 408 1440 καὶ
432 1389 649 1455 γνῶσις.
689 1392 764 1444 Οὐ
815 1392 923 1463 γὰρ
964 1395 1031 1464 δὴ
1064 1395 1219 1466 Θέμις
1247 1401 1341 1450 κα)⁸
1373 1396 1472 1459 τὰς
1513 1396 1889 1468 ζωωδεστέρας

308 1478 422 1531 τῶν
443 1479 748 1552 αἰσθήσεων
779 1483 1107 1557 ἐφαρμόζειν
1135 1491 1201 1559 τῇ
1232 1488 1497 1561 ἀκηράτῳ
1526 1488 1703 1558 φύσει,
1752 1488 1889 1558 πλὴν

311 1572 360 1623 εί
388 1573 491 1643 χρή
514 1589 573 1625 τι
600 1574 692 1627 καὶ
714 1577 963 1629 ταπεινὸν
987 1578 1297 1647 ὑποθέσθαι,
1324 1582 1419 1635 καὶ
1452 1580 1780 1648 καταγαγεῖν
1810 1581 1889 1642 είς

310 1663 680 1734 χαμαιζήλους
728 1668 1021 1739 ὑπολήψεις
1067 1671 1128 1724 τὸ
1160 1671 1340 1727 θεῖον’
1384 1673 1524 1726 ὥστε
1572 1673 1745 1726 λαλεῖν
1791 1671 1890 1742 μὲν

308 1752 518 1807 οἴεσθαι
557 1757 775 1827 ῥήματα
815 1760 903 1813 διὰ
938 1761 1200 1829 στόματος
1242 1764 1334 1817 τὸν
1370 1764 1609 1835 Πατέρα,
1652 1766 1889 1834 ἐνεργεῖν

306 1843 369 1897 δὲ
388 1845 486 1915 τὴν
518 1847 689 1919 ἀκοὴν
722 1849 814 1903 τοῦ
843 1851 995 1915 Υίοῦ,
1044 1853 1096 1907 τί
1122 1854 1182 1907 τὸ
1231 1855 1393 1926 μέσον
1440 1856 1804 1926 ὑποτιθέμεθα
1827 1856 1890 1910 τὸ
1919 1847 1962 1903 Β

306 1936 496 2006 διάγον
512 1940 610 2011 τὴν
644 1945 911 2015 πατρικὴν
945 1945 1124 2017 φωνὴν
1153 1949 1232 2011 είς
1254 1949 1353 2021 τὴν
1390 1949 1485 2003 τοῦ
1526 1949 1656 2003 Υίοῦ
1679 1950 1885 2020 ἀκοήν;

310 2029 547 2084 Κτιστὸν
594 2027 733 2086 εἶναι
774 2036 877 2105 χρὴ
912 2035 1067 2090 τοῦτο
1119 2036 1151 2108 ἢ
1191 2039 1473 2093 ἄκτιστονο
1505 2040 1640 2093 ἀλλὰ
1672 2040 1888 2093 κτιστὸν

315 2123 417 2191 μὲν
444 2124 545 2176 οὐκ
575 2124 719 2177 ἔστιν
751 2130 944 2193 εἰπεῖν,
984 2131 1089 2202 πρὸ
1122 2132 1229 2201 γὰρ
1254 2131 1347 2185 τοῦ
1379 2132 1744 2203 συστῆναιτὴν
1775 2131 1891 2186 κτί-

314 2229 401 2265 σιν
430 2215 459 2266 ὁ
490 2214 661 2282 Λόγος
687 2216 921 2283 ἐγένετο.
950 2220 1235 2275 Ἀκτιστον
1262 2221 1319 2274 δὲ
1340 2222 1477 2292 πλὴν
1497 2222 1595 2293 τῆς
1621 2222 1769 2285 θείας
1796 2220 1890 2292 φύ-

312 2321 475 2366 σεως,
500 2305 649 2358 ἐστὶν
670 2308 841 2361 οὐδέν.
884 2310 945 2361 Εἰ
982 2306 1074 2363 υύν
1101 2312 1278 2375 κτίσις
1306 2312 1404 2365 οὐκ
1435 2308 1521 2383 ἦν,
1546 2314 1573 2365 6
1602 2312 1658 2365 δὲ
1682 2328 1891 2382 μνημο-

316 2396 520 2459 θεαθεὶς
549 2399 606 2451 ἐν
634 2402 701 2469 τῇ
725 2403 1081 2472 κοσμογενείᾳ
1100 2404 1276 2472 λόγος,
1293 2405 1391 2474 τῆς
1402 2404 1630 2467 κτίσεως
1651 2402 1890 2473 πρεσϐύ-

310 2503 471 2557 τερος
488 2484 573 2559 ἦν.
608 2491 749 2560 Ἀρα
788 2493 816 2545 6
846 2492 1017 2560 λέγων
1047 2496 1264 2564 ῥήματα
1301 2496 1394 2548 καὶ
1426 2498 1606 2566 φωνῆς
1632 2493 1769 2567 ἦχον
1800 2497 1889 2551 διὰ

310 2578 409 2636 τοῦ
454 2581 611 2649 λόγου
677 2584 1057 2653 σημαίνεσθαι,
1091 2586 1141 2639 τί
1190 2587 1248 2639 τὸ
1283 2587 1482 2656 μεταξὺ
1518 2588 1610 2640 τοῦ
1644 2588 1772 2641 Υίού
1797 2591 1890 2643 καὶ

310 2671 407 2724 τοῦ
442 2672 652 2744 Πατρὸς
685 2673 1034 2745 ὑποθήσεται,
1056 2670 1100 2743 ᾧ
1129 2677 1444 2730 διετυποῦτο
1469 2679 1501 2749 ἡ
1524 2679 1673 2751 φωνὴ
1702 2681 1797 2733 καὶ
1818 2680 1887 2734 τά

310 2766 565 2835 ρήματα;
600 2767 662 2818 Ei
684 2766 793 2837 γάρ
826 2768 940 2821 ὲστι
972 2768 1152 2838 μέσον,
1181 2770 1236 2820 ὲν
1267 2768 1541 2841 ίδιαζούσῃ
1567 2770 1726 2837 φύσει
1753 2771 1888 2825 πάν-

310 2873 421 2920 τως
442 2858 610 2922 ἐστὶν,
636 2857 712 2922 ὡς
735 2861 870 2930 μήτε
904 2858 981 2929 τῷ
1014 2860 1219 2930 Πατέρι
1245 2861 1439 2914 ταύτὸν
1459 2856 1616 2923 εἶναι,
1642 2864 1779 2933 μήτε
1810 2863 1888 2933 τῷ

311 2945 429 3015 Υίῷ
449 2944 589 2998 κατά
614 2945 712 3016 τὴν
732 2945 892 3015 φύσιν
916 2946 1250 3017 συμϐαίνειν.
1292 2949 1430 3001 Ἀλλ’
1464 2949 1648 3021 ἕτερόν
1668 2967 1720 3004 τι
1752 2953 1889 3005 πάν-

311 3056 421 3101 τως
444 3040 504 3093 ὃν
529 3038 793 3110 διίστησιν
847 3040 942 3094 ἀπ’
987 3040 1229 3112 ἀλλήλων
1283 3042 1374 3096 τὸν
1403 3044 1621 3114 Πατέρα
1660 3046 1754 3099 καὶ
1797 3047 1888 3099 τὸν

314 3130 463 3197 Υἰὺν,
502 3132 701 3203 μεταξὺ
729 3131 836 3185 τῶν
868 3131 960 3186 δύο
1004 3134 1472 3204 παρενειρόμενον.
1497 3135 1561 3187 Τί
1584 3131 1675 3188 οὖν
1705 3136 1883 3203 τούτος

312 3222 546 3276 Κτιστδν
572 3222 670 3276 οὐκ
716 3222 831 3276 ἔστι
854 3240 869 3254 ο
904 3223 1139 3295 νεωτέρα
1166 3226 1274 3297 γὰρ
1304 3227 1337 3297 ή
1367 3225 1541 3290 κτίσις
1571 3225 1662 3281 τοῦ
1686 3228 1882 3297 Λόγου,

311 3314 567 3383 γεννητὸν
603 3315 693 3367 τὸν
725 3316 999 3386 Μονογενῆ
1029 3316 1399 3387 ἐδιδάχθημεν,
1434 3318 1723 3389 ἀγέννητον
1748 3320 1886 3393 πλὴν

312 3405 407 3457 τοῦ
442 3407 652 3478 Πατρός
677 3409 822 3460 ἐστιν
854 3409 1024 3461 οὐδέν.
1047 3409 1254 3463 Οὐκοῦν
1281 3409 1338 3475 ἐξ
1368 3409 1610 3479 ἀνάγκης
1637 3412 1697 3465 τὸ
1724 3413 1887 3483 μηδὲν

313 3493 454 3550 εἶναι
477 3498 639 3567 μέσον
669 3498 763 3552 τοῦ
790 3500 1001 3570 Πατρὸς
1029 3500 1122 3553 καὶ
1147 3499 1239 3554 τοῦ
1263 3500 1392 3555 Υίοῦ
1410 3504 1550 3555 νοεῖν
1571 3503 1601 3554 6
1633 3504 1731 3574 τῆς
1758 3504 1889 3577 ἀλη-

312 3589 466 3653 θείας
517 3590 669 3659 λόγος
723 3591 1133 3657 συναναγκάζει.
1182 3591 1353 3645 Ὅπου
1399 3592 1455 3646 δὲ
1482 3593 1758 3658 διάστασις
1788 3594 1889 3648 οὐκ

314 3680 631 3742 ἐπινοεῖται,
680 3678 742 3731 τὸ
789 3679 1131 3749 συνημμένον
1172 3680 1387 3744 πάντως
1417 3682 1792 3753 ὁμολογεῖται·
1823 3684 1883 3738 τὸ

309 3769 370 3822 δὲ
404 3769 491 3823 διὰ
515 3770 729 3825 πάντων
777 3771 1136 3841 συνημμένον,
1168 3776 1317 3843 φωνῇ
1349 3773 1439 3826 καὶ
1470 3772 1614 3843 λόγῳ
1641 3775 1701 3828 ού
1738 3792 1886 3845 μεσι-

313 3862 530 3914 τεύεται
547 3879 562 3895 ο
583 3864 924 3935 συνημμένον
948 3862 1004 3916 δὲ
1029 3863 1171 3932 λέγω
1188 3864 1248 3916 τὸ
1275 3865 1333 3918 ἐν
1358 3867 1520 3919 πᾶσιν
1548 3864 1845 3935 ἀχώριστον
1866 3882 1880 3898 ⁶

312 3954 375 4009 ού
408 3954 516 4024 γὰρ
540 3955 854 4025 σωματικήν
884 3972 1006 4008 τινα
1036 3957 1309 4026 συμφυΐαν
1341 3956 1433 4009 ἐπὶ
1464 3956 1561 4026 τῆς
1575 3958 1766 4027 νοερᾶς
1782 3957 1882 4026 φύ-

315 4064 454 4110 σεως
489 4046 548 4099 τὸ
579 4048 749 4117 ὄνομα
773 4049 871 4119 τῆς
902 4049 1194 4118 συναφείας
1231 4048 1580 4115 ἐνδείκνυται,
1608 4048 1743 4104 ἀλλά
1782 4049 1882 4121 τὴν

312 4137 409 4191 τοῦ
443 4138 631 4208 νοητοῦ
671 4139 805 4210 πρὸς
847 4140 908 4193 τὸ
934 4140 1121 4210 νοητὸν
1158 4139 1245 4193 διὰ
1281 4140 1380 4211 τῆς
1418 4139 1741 4212 ταυτότητος
1776 4140 1884 4194 τῶν

314 4227 655 4300 θελημάτων,
686 4230 877 4284 ἓνωσίν
904 4247 962 4283 τε
989 4230 1080 4283 καὶ
1108 4229 1425 4302 ἀνάκρασιν.

1990 574 2123 630 εἱνίε
2153 590 2262 629 non
2289 590 2412 630 esse
2443 574 2810 643 dispertitum,
2854 573 2997 628 sicut
3026 571 3169 643 apud
3201 585 3302 625 nos
3330 583 3553 639 separa-

1990 665 2086 720 tim
2118 665 2384 721 sentiendi
2405 666 2892 721 instrumentorum
2926 663 3374 733 unumquodque,
3404 659 3552 731 quod

1989 757 2093 813 sibi
2127 769 2414 829 cognatum
2444 758 2695 829 percipit,
2719 756 2935 813 visibile
2966 756 3185 827 quidem
3214 752 3434 810 videndi
3470 752 3553 807 fa-

1990 848 2188 912 cultas,
2244 849 2481 905 audibile
2526 848 2781 905 audiendi
2838 863 3036 904 sensus
3079 866 3092 900 :
3141 860 3316 915 neque
3373 851 3553 898 tactus

1991 948 2386 1012 gustat,neque
2412 940 2631 996 auditus
2662 954 2890 1010 vapores
2931 946 2986 996 et
3027 952 3253 1009 sapores
3295 934 3549 1006 percipit,

1992 1035 2086 1089 sed
2116 1034 2542 1105 unumquodque
2568 1035 2623 1089 in
2666 1050 2773 1088 una
2808 1031 3120 1104 operatione
3141 1037 3442 1100 permanet,
3484 1026 3553 1080 ad

1990 1144 2153 1199 quam
2200 1145 2231 1184 a
2284 1138 2479 1184 natura
2526 1129 2839 1184 ordinatum
2885 1136 2989 1192 est,
3038 1140 3103 1181 ac
3152 1122 3553 1195 quodammodo

1991 1235 2157 1277 sensu
2190 1226 2357 1277 caret'
2383 1223 2447 1276 ad
2493 1221 2547 1277 id
2577 1222 2719 1291 quod
2754 1236 2865 1275 non
2893 1236 2924 1274 a
2953 1226 3147 1273 natura
3175 1224 3552 1287 comparatum

1990 1319 2096 1376 est,
2132 1329 2234 1369 nec
2260 1314 2381 1383 ejus
2415 1313 2701 1371 suavitatis
2734 1320 2950 1384 gustum
2994 1309 3179 1373 habet,
3225 1307 3381 1376 cujus
3424 1304 3553 1358 vici-

1992 1421 2095 1460 nus
2122 1422 2321 1462 sensus
2354 1407 2683 1477 voluptatem
2719 1405 2884 1475 capit.
2926 1402 3039 1457 Illic
3075 1408 3253 1455 autem
3298 1412 3407 1452 non
3447 1395 3550 1457 sic,

1992 1499 2086 1554 sed
2120 1507 2269 1553 totus
2297 1514 2392 1568 per
2421 1507 2594 1552 totum
2638 1498 2780 1551 Deus
2808 1504 2914 1559 est,
2960 1494 3112 1549 visus
3144 1499 3199 1547 et
3236 1489 3455 1545 auditus
3497 1494 3554 1542 et

1991 1590 2250 1660 cognitio.
2286 1588 2403 1644 Non
2436 1591 2578 1643 enim
2607 1588 2717 1657 jam
2756 1586 2836 1641 fas
2879 1593 2962 1641 est
3005 1592 3212 1639 natura:
3258 1576 3553 1635 immortali

1993 1697 2189 1737 sensus
2220 1681 2393 1751 magis
2420 1679 2684 1734 animales
2706 1677 3023 1739 attribuere,
3047 1673 3153 1728 nisi
3183 1688 3305 1727 cum
3338 1675 3555 1739 oportet

1994 1769 2199 1840 aliquid
2238 1769 2441 1824 humile
2473 1782 2799 1838 supponere,
2847 1771 2902 1820 et
2944 1765 3010 1818 ad
3065 1762 3212 1817 humi
3264 1760 3552 1830 depressas

1989 1863 2277 1933 opiniones
2324 1848 2469 1929 quod
2508 1859 2754 1915 divinum
2793 1865 2877 1913 est
2927 1854 3218 1912 deducere.
3272 1853 3453 1918 Quare
3502 1849 3553 1907 si

1990 1966 2244 2029 putemus
2280 1955 2494 2010 Patrem
2528 1969 2625 2024 per
2665 1968 2729 2008 os
2776 1951 2941 2007 verba
2986 1948 3243 2010 fundere,
3278 1945 3552 2001 auditum-

1990 2064 2095 2120 que
2146 2047 2269 2103 Filii
2321 2045 2573 2101 audiendi
2603 2044 2751 2113 [ωιςὶ
2801 2056 3027 2097 munere
3070 2037 3244 2109 :quid
3314 2034 3552 2091 medium

1989 2153 2384 2211 supponemus,
2424 2136 2570 2207 quod
2614 2135 2681 2191 ad
2714 2133 2837 2189 Filii
2867 2132 3109 2189 auditum
3148 2138 3423 2201 paternam
3457 2140 3554 2181 vo-

1987 2248 2106 2289 cem
2137 2230 2395 2287 deducit?
2422 2228 2538 2284 lloc
2577 2234 2791 2300 oportet
2812 2234 3054 2280 creatum
3080 2237 3204 2278 esse
3224 2220 3308 2276 vel
3342 2219 3553 2273 increa-

1986 2322 2249 2379 tumrsed
2282 2328 2523 2378 creatum
2549 2320 2735 2375 dicere
2784 2317 2865 2373 fas
2912 2332 3019 2370 non
3061 2322 3181 2380 est;
3233 2310 3551 2383 priusquam

1987 2414 2135 2470 enim
2191 2422 2443 2469 creatura
2492 2412 2839 2474 consisteret,
2873 2406 3111 2463 Verbum
3148 2412 3287 2460 erat.
3337 2401 3552 2456 lncrea-

1988 2508 2104 2554 tum
2140 2509 2321 2555 autem
2362 2500 2495 2554 nihil
2527 2508 2611 2554 est
2644 2506 3002 2568 prteterquam
3031 2493 3213 2548 divina
3246 2500 3458 2546 natura.
3493 2488 3552 2546 Si

1987 2592 2156 2663 igitur
2196 2606 2306 2644 non
2365 2599 2483 2643 erat
2534 2598 2805 2650 creatura,
2864 2600 3044 2641 sermo
3086 2585 3245 2654 cujus
3294 2581 3436 2636 facta
3468 2586 3555 2635 est

1987 2684 2193 2739 mentio
2218 2683 2269 2736 in
2296 2683 2482 2737 mundi
2512 2682 2804 2741 creatione,
2833 2678 3108 2747 antiquior
3132 2682 3249 2730 erat
3277 2680 3549 2727 creatura.

1988 2772 2129 2845 Ergo
2148 2774 2238 2844 qui
2271 2772 2434 2828 verba
2460 2772 2594 2826 dicit
2624 2778 2679 2825 et
2716 2768 2868 2824 vocis
2898 2782 3089 2823 sonum
3131 2780 3226 2834 per
3246 2775 3551 2819 sermonem

1988 2864 2306 2934 signiﬁcari,
2355 2862 2483 2933 quid
2552 2860 2791 2916 medium
2834 2861 2977 2914 inter
3004 2856 3218 2911 Patrem
3271 2863 3326 2909 et
3354 2853 3553 2907 Filium

1987 2954 2259 3025 subiiciet,
2289 2968 2397 3024 quo
2423 2968 2524 3007 vox
2554 2960 2609 3008 et
2638 2952 2804 3006 verba
2837 2946 3299 3005 eﬂormabantur?
3325 2943 3383 2998 Si
3404 2944 3551 3000 enim

1986 3054 2070 3102 est
2116 3045 2379 3111 medium,
2432 3046 2487 3098 in
2530 3042 2795 3119 peculiari
2841 3049 2895 3097 et
2928 3050 3178 3110 separata
3227 3046 3421 3092 natura
3465 3042 3553 3091 est

1940 3195 1952 3213 ε
1987 3138 2176 3209 procul
2207 3137 2395 3193 dubio.
2422 3135 2498 3189 Ita
2547 3142 2606 3189 ut
2655 3135 2953 3204 contingat,
3000 3146 3177 3200 neque
3222 3144 3346 3184 eum
3390 3127 3550 3181 Patre

1987 3229 2129 3285 idem
2176 3245 2320 3296 esse,
2370 3243 2549 3298 neque
2597 3243 2720 3282 cum
2759 3220 2896 3280 Filio
2938 3222 3236 3279 secundum
3276 3228 3548 3279 naturam,

1986 3321 2083 3379 sed
2110 3321 2239 3391 quid
2260 3320 2483 3376 omnino
2505 3319 2779 3374 diversum
2805 3317 2946 3387 quod
2972 3316 3185 3370 Patrem
3217 3321 3270 3367 et
3304 3310 3496 3365 Filium
3519 3323 3551 3361 ιι

1987 3429 2048 3469 se
2075 3411 2382 3482 distinguit,
2406 3410 2548 3481 quod
2571 3410 2712 3466 inter
2732 3409 2870 3464 duos
2893 3409 3173 3463 inseritur.
3210 3403 3349 3469 Quid
3384 3401 3554 3471 igitur

1988 3505 2093 3561 hoc
2108 3504 2308 3560 fuerit?
2326 3503 2442 3558 Non
2459 3514 2541 3559 est
2554 3510 2818 3566 creatum,
2835 3501 3020 3572 junior
3039 3499 3181 3554 enim
3207 3496 3382 3551 Verbo
3401 3508 3523 3548 crea
3536 3520 3554 3532 -

1988 3603 2132 3659 tura,
2157 3596 2446 3666 unigenam
2476 3594 2646 3649 Deum
2677 3593 2918 3664 genitum
2961 3606 3083 3647 esse
3121 3587 3296 3644 edocti
3338 3599 3548 3647 sumus,

1987 3686 2288 3757 ingenitum
2314 3694 2516 3751 autem,
2544 3686 2702 3740 Patre
2723 3695 2969 3755 excepto.
2998 3681 3133 3737 nihil
3162 3687 3265 3735 est.
3292 3676 3554 3732 Necessa-

1987 3778 2073 3832 rio
2102 3778 2270 3849 igitur
2294 3776 2427 3831 nihil
2448 3779 2588 3831 inter
2616 3776 2833 3831 Patrem
2861 3782 2914 3831 et
2940 3774 3137 3827 Filium
3166 3770 3404 3826 medium
3430 3780 3554 3821 esse

1988 3869 2232 3940 cogitare
2264 3883 2445 3924 sermo
2473 3866 2719 3922 veritatis
2760 3866 2947 3937 adigit.
2998 3863 3101 3921 Ubi
3133 3875 3264 3918 vero
3290 3856 3549 3915 distantia

1987 3976 2097 4016 non
2120 3960 2459 4031 intelligitur,
2487 3959 2592 4013 hoc
2621 3966 2960 4027 compactum
2991 3964 3044 4011 et
3066 3966 3371 4009 connexum
3395 3961 3550 4019 pror-

1989 4069 2084 4111 sus
2113 4053 2464 4118 conceditur;
2494 4050 2636 4122 quod
2669 4058 2848 4104 autem
2879 4063 2974 4118 per
3003 4046 3183 4101 omnia
3207 4049 3546 4110 compactum

1987 4155 2093 4209 est,
2123 4145 2299 4200 media
2357 4158 2489 4199 voce
2544 4149 2598 4197 et
2651 4154 2902 4197 sermone
2940 4153 3045 4194 non
3090 4136 3276 4191 utitur.
3312 4132 3549 4199 Compa-

1990 4244 2137 4291 ctum
2169 4243 2349 4291 autem
2376 4234 2499 4290 dico
2512 4233 2654 4304 quod
2684 4233 2739 4287 in
2760 4232 3015 4287 omnibus
3041 4236 3125 4285 est
3154 4221 3546 4294 inseparabile;

316 4334 424 4375 non
446 4323 592 4377 enim
622 4323 959 4388 corporalem
992 4322 1228 4393 aliquam
1257 4336 1572 4393 compagem
1605 4321 1659 4376 in
1693 4323 2023 4396 intelligente
2056 4337 2251 4383 natura
2320 4342 2515 4382 nomen
2573 4325 2849 4395 compagis
2895 4323 3120 4389 indicat,
3185 4318 3279 4376 sed
3348 4312 3547 4371 intelli-

313 4415 497 4485 gibilis
518 4430 642 4469 cum
671 4414 1017 4485 intelligibili,
1044 4431 1139 4485 per
1159 4415 1495 4471 identitatem
1520 4415 1879 4483 voluntatum,
1915 4422 2280 4493 unionemque
2298 4427 2353 4475 et
2386 4419 2853 4490 temperationem.

385 4529 529 4581 Διότι
576 4527 697 4580 ούδὲ
731 4528 848 4579 ἐστι
876 4526 1104 4597 διαφορά
1135 4526 1228 4581 τοῦ
1251 4526 1382 4581 Υἱοῦ
1421 4527 1516 4581 καὶ
1546 4526 1640 4580 τοῦ
1676 4528 1884 4600 Πατρδς

2054 4533 2323 4599 Quocirca
2352 4547 2528 4603 neque
2569 4539 2654 4587 est
2687 4529 2991 4586 diﬂ‘erentia
3029 4528 3150 4584 Filii
3181 4535 3235 4583 et
3274 4526 3450 4581 Patris
3490 4526 3543 4580 in

313 4624 372 4675 ὲν
396 4622 664 4691 θελήματι
682 4639 695 4652 ’
723 4620 857 4674 ἀλλά
880 4621 1021 4674 κατὰ
1039 4620 1099 4673 τὸ
1110 4620 1416 4692 ἀρχέτυπον
1429 4622 1525 4693 τῆς
1553 4621 1886 4692 ἀγαθότητος

311 4714 526 4777 κάλλος,
563 4713 657 4765 καὶ
679 4714 711 4783 ἡ
743 4712 905 4766 είκών
931 4714 1048 4766 ἐστι
1070 4713 1170 4781 τῆς
1187 4713 1540 4783 ἀγαθότητος.
1570 4715 1680 4767 Καὶ
1699 4716 1887 4788 ὥσπερ

312 4806 367 4857 εί
393 4823 475 4868 τις
495 4804 685 4857 ἑαυτὸν
719 4805 776 4855 ὲν
810 4804 1099 4875 κατόπτρῳ
1130 4802 1315 4874 βλέποι
1345 4803 1565 4872 (κωλύει
1599 4806 1706 4877 γὰρ
1733 4805 1886 4859 οὐδὲν

314 4897 646 4966 σωματικοῖς
678 4895 1038 4965 ὑποδείγμασι
1058 4895 1405 4966 παραστῆσαι
1424 4896 1484 4948 τὸ
1502 4898 1719 4967 νόημα),
1745 4898 1886 4953 κατά

314 4988 491 5042 πάντα
520 4990 657 5058 πρὸς
686 4987 747 5039 τὸ
770 4986 1125 5058 πρωτότυπον
1152 4988 1244 5039 καὶ
1270 4988 1305 5057 ἡ
1334 4985 1499 5040 εἰκὼν
1530 4989 1883 5060 μορφωθήσε-

310 5098 419 5147 ται,
454 5081 530 5145 ὡς
559 5079 734 5133 αἰτίαν
756 5079 854 5149 τῆς
873 5082 929 5134 ἐν
952 5077 1030 5149 τῷ
1058 5078 1347 5150 κατόπτρῳ
1378 5079 1588 5150 μορφῆς
1616 5078 1753 5135 εἶναι
1782 5082 1882 5152 τὴν

311 5172 585 5241 ὲνορῶσαν
614 5172 827 5241 μορφήν
850 5186 863 5199 ·
894 5170 987 5224 καὶ
1013 5170 1148 5241 μήτε
1188 5169 1472 5230 κινεῖσθαι,
1509 5172 1644 5243 μήτε
1668 5173 1880 5226 ἐπικλί-

309 5263 495 5318 νεσθαι
521 5262 643 5317 καθ’
669 5262 865 5333 ἑαυτὴν
897 5263 992 5333 τὴν
1015 5262 1215 5327 είκόνα,
1248 5261 1322 5333 μὴ
1355 5260 1445 5315 τοῦ
1461 5262 1764 5334 ἀρχετύπου
1782 5266 1880 5334 τῆς

311 5354 634 5417 ἐπικλίσεως
658 5353 691 5425 ἦ
724 5352 823 5423 τῆς
845 5354 1109 5423 κινήσεως
1151 5352 1432 5421 ἄρξαντος.
1460 5354 1523 5407 El
1543 5354 1597 5407 δὲ
1630 5354 1873 5425 κινηθείη

307 5446 371 5499 τὸ
412 5444 840 5517 προηγούμενον,
882 5442 1247 5511 συγκινεῖσθαι
1275 5444 1493 5508 πάντως
1520 5445 1692 5499 καὶτὸ
1719 5447 1774 5497 ἐν
1797 5446 1875 5516 τῷ

308 5537 597 5609 κατόπτρῳ
626 5536 990 5606 δεικνύμενον.
1028 5534 1183 5589 Οὕτω
1215 5536 1395 5606 φαμὲν
1430 5537 1523 5590 καὶ
1551 5535 1648 5606 τὴν
1691 5537 1873 5589 εἰκόνα

306 5630 403 5685 τοῦ
435 5628 569 5685 Θεοῦ
595 5629 687 5685 τοῦ
712 5630 966 5702 ἀοράτου,
994 5628 1083 5683 τὸν
1122 5628 1342 5703 Κύριον,
1366 5629 1499 5700 πρὸς
1514 5630 1693 5684 πᾶσαν
1714 5627 1868 5702 θελήο

1980 4625 2281 4687 voluntate,
2308 4623 2402 4678 sed
2431 4622 2728 4678 secundum
2756 4620 3132 4691 primigeniam
3158 4619 3417 4674 bonitatis
3436 4618 3547 4688 pul~

1981 4717 2371 4782 chritudinem,
2392 4715 2559 4771 etiam
2585 4715 2760 4784 imago
2783 4721 2866 4769 est
2888 4712 3164 4767 bonitatis.
3194 4709 3260 4766 Et
3286 4708 3546 4781 quemad-

1980 4807 2199 4863 modum
2234 4808 2282 4864 si
2308 4806 2432 4879 quis
2459 4806 2701 4877 seipsum
2736 4810 2791 4860 In
2826 4805 3048 4876 speculo
3084 4804 3544 4872 contemplaretur

1984 4900 2141 4974 (nihil
2177 4901 2320 4957 enim
2351 4908 2497 4955 vetat
2527 4899 2804 4971 corporeis
2842 4898 3105 4967 exemplis
3148 4896 3423 4951 notionem
3457 4910 3545 4950 re-

1983 4992 2356 5063 pracsentare),
2384 5008 2479 5063 per
2510 4992 2692 5046 omnia
2724 4991 2788 5046 ad
2822 4989 3096 5059 exemplar
3122 4988 3302 5055 imago
3340 4986 3545 5041 forma-

1982 5082 2147 5143 bitur.
2171 5091 2229 5135 ut
2257 5096 2421 5136 causa
2456 5082 2527 5137 sit
2558 5081 2747 5135 formae
2775 5095 2896 5149 quae
2925 5086 3009 5133 est
3036 5078 3091 5132 in
3118 5076 3340 5145 speculo
3364 5076 3542 5131 forma

1982 5186 2102 5240 qua:
2135 5171 2374 5225 intuetur
2417 5189 2431 5223 :
2475 5170 2550 5223 ita
2603 5178 2663 5223 ut
2694 5184 2870 5237 neque
2909 5176 3211 5229 moveatur,
3254 5182 3429 5236 neque
3457 5167 3544 5221 in-

1981 5263 2218 5317 clinetur
2246 5277 2342 5332 per
2372 5263 2609 5331 seipsam
2644 5262 2841 5330 imago,
2890 5260 2994 5315 nisi
3027 5261 3304 5330 exemplar
3331 5260 3540 5333 princi-

1980 5354 2128 5425 pium
2163 5354 2373 5410 dederit
2412 5353 2778 5408 inclinationis
2832 5352 2915 5407 vel
2958 5352 3234 5407 motionis.
3284 5351 3436 5418 Quod
3490 5353 3537 5408 si

1981 5446 2125 5517 quod
2153 5448 2307 5516 praeit
2334 5454 2540 5499 motum
2560 5444 2743 5505 fuerit,
2768 5442 2927 5497 simul
2959 5444 3120 5496 etiam
3149 5443 3352 5497 moveri
3382 5444 3540 5512 plane

1979 5540 2122 5610 quod
2163 5540 2215 5593 in
2246 5538 2469 5611 speculo
2509 5543 2947 5607 repraesentatur.
2991 5536 3083 5590 Sic
3121 5534 3355 5590 dicimus
3403 5535 3539 5587 ima-

1977 5633 2154 5708 ginem
2187 5630 2278 5686 Dei
2322 5628 2611 5684 invisibilis
2650 5627 2961 5690 Dominum,
3004 5626 3068 5681 ad
3099 5642 3311 5682 onmem
3346 5626 3537 5681 volun-
