4006 6500
482 291 586 355 uti?»

1697 298 1756 355 Β.
1797 295 2081 355 σκεθοιι

2185 294 2443 352 ῖῖΒΞΕΝΙ
3586 303 3669 359 984

478 426 610 483 tatis
646 424 961 485 motionem,
1020 417 1329 476 immediate
1391 426 1444 473 et
1500 419 1705 488 absque
1756 418 2084 477 intervallo;

2186 432 2309 477 ατος
2333 414 2566 483 κίνησιν,
2613 411 2834 482 ἀμέσως
2860 427 2921 464 τε
2951 411 3046 463 καὶ
3086 410 3418 476 ἅδιαστάτως
3452 416 3674 473 συνδιατξ.

482 535 608 574 cum
658 518 819 574 Patre
866 517 1026 571 allici.
1064 513 1247 569 Voluit
1285 512 1492 583 aliquid
1533 511 1711 575 Pater,
1755 520 1810 566 et
1860 513 1954 582 qui
1992 513 2046 565 in

482 611 643 667 Patre
672 620 753 667 est
783 610 952 665 Filius
977 607 1153 662 Patris
1184 606 1517 660 voluntatem
1544 606 1694 660 novit
1720 620 1734 657 :
1772 606 1882 659 imo
1917 618 2047 659 vero

484 706 601 775 ipse
628 704 804 759 Patris
828 702 1080 758 voluntas
1109 706 1213 755 est.
1240 697 1342 764 Qui
1374 698 1518 752 enim
1557 697 1738 752 omnia
1767 710 1889 765 quae
1920 702 2050 750 sunt

486 795 664 852 Patris
710 798 767 851 in
794 796 974 865 seipso
1005 794 1189 854 habet,
1239 791 1376 845 nihil
1420 799 1505 845 est
1532 804 1722 845 eorum
1761 804 1882 859 quae
1924 797 2052 842 sunt

488 887 634 958 quod
671 902 781 942 non
823 886 1037 940 habeat.
1100 881 1155 937 Si
1196 882 1308 952 jam
1337 882 1519 936 omnia
1570 880 1735 933 habet
1777 879 1832 933 in
1869 878 2051 947 seipso

491 996 613 1051 qua:
650 987 875 1050 paterna
928 984 1087 1040 sunt,
1139 976 1246 1028 imo
1297 988 1427 1027 vero
1478 981 1532 1026 et
1582 973 1762 1041 ipsum
1818 968 2051 1035 Patrem,

494 1072 715 1127 omnino
743 1085 867 1125 cum
899 1067 1059 1124 Patre
1089 1074 1142 1121 et
1176 1066 1261 1120 his
1299 1080 1418 1134 qua;
1451 1073 1577 1121 sunt
1630 1061 1827 1125 Patris,
1886 1070 2052 1114 totam

494 1166 831 1220 voluntatem
867 1172 1143 1232 paternam
1190 1159 1243 1212 in
1305 1158 1485 1226 seipso
1538 1156 1718 1209 habet.
1774 1153 1891 1208 Non
1940 1163 2059 1221 egt-l

498 1256 664 1326 igitur
716 1252 892 1307 Patris
947 1250 1277 1307 voluntatem
1326 1263 1422 1317 per
1468 1260 1774 1303 sermonem
1823 1243 2055 1302 discere,

499 1348 617 1415 ipse
647 1361 770 1400 cum
805 1344 875 1398 sit
918 1340 1094 1395 Patris
1148 1339 1363 1399 Sermo.
1418 1337 1735 1392 sublimiore
1787 1334 2058 1391 sermonis

502 1435 918 1507 signiﬁcatione.
950 1432 1083 1498 Quis
1108 1431 1275 1499 igitur
1310 1430 1398 1483 ille
1427 1443 1606 1482 sermo
1638 1426 1732 1496 qui
1764 1426 1821 1480 lit
1845 1426 1910 1480 ad
1932 1440 2056 1480 eum

500 1524 595 1593 qui
652 1537 776 1577 vere
812 1528 896 1576 est
942 1518 1171 1574 Sermo?
1214 1529 1269 1572 et
1324 1515 1599 1587 quomodo
1650 1517 1745 1586 qui
1797 1531 1920 1571 vere
1976 1522 2060 1567 cst

504 1614 716 1677 Sermo,
749 1627 939 1668 rursus
968 1610 1075 1664 alio
1103 1624 1355 1665 sermone
1384 1608 1447 1661 ad
1483 1607 1789 1661 doctrinam
1824 1607 2061 1676 indiget?

505 1707 610 1772 Qui
648 1706 700 1758 in
727 1703 835 1760 Deo
858 1713 967 1770 est,
1001 1702 1144 1757 sicut
1174 1700 1251 1755 ait
1283 1700 1598 1770 Apostolus,
1632 1708 1678 1753 et
1702 1700 1879 1752 omnia
1912 1715 2062 1752 scru-

505 1806 672 1860 tatur,
695 1798 855 1850 etiam
892 1792 1155 1863 profunda
1185 1792 1283 1847 Dei
1317 1794 1383 1846 ¹⁷.
1416 1792 1473 1847 Si
1510 1792 1672 1861 igitur
1709 1791 1931 1847 verbum
1962 1790 2065 1843 aii-

506 1890 651 1960 quod
680 1888 822 1944 Deus
856 1887 1080 1958 profert,
1129 1886 1307 1942 omnis
1350 1894 1529 1939 autem
1569 1898 1747 1939 sermo
1778 1884 1831 1937 in
1878 1883 2063 1937 auditu

508 1987 785 2051 operatur,
813 1978 888 2031 illi
916 1976 1007 2047 qui
1040 1976 1207 2030 Deum
1238 1974 1453 2043 operari
1483 1974 1828 2028 sermonibus
1854 1973 2068 2027 discur-

512 2072 644 2126 sivis
686 2078 959 2135 asserunt,
989 2077 1174 2123 notum
1194 2066 1395 2119 faciant
1423 2066 1581 2119 nobis
1610 2065 1915 2119 divinorum
1950 2080 2068 2119 ser-

513 2179 734 2219 monum
758 2162 1107 2217 auditorium.
1140 2160 1220 2214 Ad
1248 2161 1483 2228 seipsqu
1521 2159 1668 2228 loqui
1702 2174 1809 2211 non
1845 2158 2068 2226 indiget,

515 2270 615 2310 nec
651 2265 768 2308 erat
801 2253 972 2311 Filius
999 2254 1215 2325 indigus
1254 2255 1373 2323 ejus
1408 2255 1672 2308 doctrinze
1702 2270 1820 2322 qua:
1857 2260 2073 2305 constat

512 2347 696 2401 verbis
726 2365 738 2399 :
774 2345 1027 2412 Spiritus.
1071 2347 1268 2416 inquit,
1307 2348 1481 2399 omnia
1504 2355 1881 2406 perscrutatur,
1912 2344 2071 2397 etiam

512 2438 776 2507 profunda
811 2438 929 2493 Dei.
1000 2436 1257 2493 Creatura
1316 2438 1555 2492 nondum
1605 2446 1741 2491 erat.
1784 2436 1863 2490 Ad
1914 2451 2075 2505 quem

516 2546 697 2587 sermo
749 2532 924 2585 lactus
972 2531 1096 2585 est?
1124 2529 1229 2584 Sed
1279 2544 1408 2594 non,
1444 2529 1538 2591 ait,
1593 2527 1757 2583 Mosis
1794 2526 2076 2597 Scriptura

518 2621 796 2685 mentitur,
832 2634 929 2689 per
962 2635 1125 2689 quam
1169 2620 1337 2674 Deum
1382 2619 1585 2689 aliquid
1629 2620 1834 2674 dixisse
1865 2618 2077 2672 audivi-

520 2728 663 2767 mus.
704 2710 888 2782 Neque
917 2727 1146 2782 magnus
1180 2710 1348 2765 David
1376 2721 1456 2765 est
1486 2727 1516 2766 e
1545 2726 1770 2766 numero
1812 2712 2080 2765 mentien-

518 2805 678 2867 tium,
707 2805 839 2858 dicit
886 2804 1029 2859 enim
1076 2802 1363 2858 manifeste
1395 2803 1475 2857 sic
1520 2803 1588 2857 ad
1641 2802 1887 2865 verbum,
1933 2800 2080 2870 quod

522 2895 651 2952 Caeli
696 2905 947 2950 enarrant
992 2895 1216 2965 gloriam
1260 2895 1377 2955 Dei,
1417 2904 1466 2948 et
1518 2910 1645 2962 opus
1680 2911 1929 2947 manuum
1966 2895 2081 2962 ejus

524 2988 800 3049 annuntiat
822 2988 1231 3055 ﬁrmamentum.
1270 2986 1389 3040 Dies
1414 2986 1517 3041 diei
1540 2996 1744 3041 eructat
1780 2990 2010 3048 verbum,
2033 2993 2084 3039 et

2148 508 2333 561 θεσθαι
2362 506 2440 574 τῷ
2465 504 2658 575 Πατρί.
2693 503 2951 575 Ἠθέλησέ
2989 520 3043 555 τι
3070 504 3103 557 6
3136 504 3343 574 Πατὴρ,
3373 507 3465 559 καὶ
3493 510 3519 562 6
3546 513 3595 561 ὲν
3615 516 3676 583 τῷ

2148 602 2323 671 Ilath
2348 600 2424 653 ὢν
2451 600 2576 661 Υἱὸς
2604 594 2711 651 εἶδε
2746 599 2808 651 τὸ
2837 599 3045 668 θέλημα
3079 599 3174 651 τοῦ
3217 601 3425 669 Πατρός
3451 618 3465 632 ·
3515 605 3678 673 μᾶλλον

2148 694 2202 746 δὲ
2235 691 2393 755 αὐτὸς
2411 691 2504 744 τοῦ
2544 691 2754 760 Πατρὸς
2786 692 3002 758 ἐγένετο
3043 691 3271 761 θέλημα.
3318 692 3375 744 'U
3403 694 3507 764 γὰρ
3538 697 3681 752 πάντα

2149 782 2217 837 τὰ
2239 783 2329 836 τοῦ
2355 780 2564 850 Πατρὸς
2590 780 2725 849 ἔχων
2752 780 2808 831 ὲν
2853 779 3047 849 ἐαυτῷ,
3072 780 3173 831 οὐκ
3209 779 3354 831 ἔστιν
3374 780 3403 832 ὃ
3420 797 3470 831 τι
3490 781 3588 833 τῶν
3611 785 3681 835 τοῦ

2152 876 2362 943 Πατρὸς
2388 874 2487 926 οὐκ
2538 873 2668 942 ἔχει.
2699 873 2761 924 Εἰ
2788 873 2844 925 δὲ
2871 873 3050 925 πάντα
3091 873 3203 940 ἔχει
3235 875 3293 925 ἐν
3325 874 3499 942 ἐαυτῷ
3524 876 3585 926 τὰ
3610 895 3685 930 πα.

2151 967 2303 1039 τρῷα
2320 984 2333 997 '
2377 966 2573 1036 μᾶλλον
2598 965 2654 1018 δὲ
2680 966 2772 1018 καὶ
2797 966 2959 1018 αὑτὸν
2988 965 3078 1017 τὸν
3099 965 3319 1034 Πατέρα
3339 968 3548 1029 πάντως
3577 969 3689 1035 μετὰ

2152 1057 2245 1111 τοῦ
2301 1056 2512 1127 Πατρός
2544 1057 2637 1109 καὶ
2663 1057 2772 1110 τῶν
2795 1056 2886 1108 τοῦ
2918 1057 3147 1126 Πατρὸς,
3186 1056 3306 1108 ὅλον
3340 1057 3401 1108 τὸ
3419 1057 3617 1127 θέλημα
3645 1062 3689 1111 ὲν

2154 1149 2329 1218 ἐαυτῷ
2352 1148 2465 1217 ἔχει
2503 1148 2561 1199 τὸ
2607 1147 2875 1218 πατρῷον.
2909 1148 2985 1201 Οὐ
3018 1148 3209 1218 χρῄζει
3232 1149 3409 1201 τοίνυν
3452 1149 3584 1218 λόγῳ
3607 1170 3692 1219 μα.

2157 1241 2267 1294 θεῖν
2294 1238 2389 1294 τοῦ
2444 1239 2658 1311 Πατρός
2687 1240 2750 1292 τὸ
2782 1240 3012 1309 θέλημα,
3039 1241 3201 1303 αὐτὸς
3232 1239 3308 1292 ὢν
3339 1239 3433 1293 τοῦ
3463 1242 3695 1309 Πατρὸςό

2157 1335 2329 1402 Λόγος
2386 1333 2526 1387 κατὰ
2573 1333 2671 1404 τὴν
2705 1331 3037 1403 ὑψηλοτέραν
3084 1334 3361 1403 σημασίαν
3402 1332 3495 1384 τοῦ
3537 1334 3693 1401 λόγου.

2157 1427 2253 1491 Τίς
2272 1422 2363 1481 οὖν
2384 1429 2589 1489 ἐκεῖνος
2619 1428 2647 1479 6
2667 1426 2822 1493 λόγος
2852 1426 2879 1477 6
2910 1425 3046 1495 πρὸς
3064 1425 3154 1478 τὸν
3186 1424 3355 1487 ὅντως
3379 1425 3547 1493 Λόγον
3579 1428 3698 1491 γινό-

2162 1536 2353 1590 μενος;
2396 1520 2505 1572 Καὶ
2555 1517 2670 1580 πῶς
2698 1519 2728 1569 ό
2754 1517 2921 1579 ὅντως
2946 1518 3116 1585 Λόγος
3151 1517 3307 1586 λόγου
3355 1517 3516 1570 πάλιν
3542 1518 3701 1589 ἐτέρου

2160 1612 2296 1682 πρὸς
2324 1610 2677 1665 διδασκαλίαν
2708 1610 3061 1681 προσδέεταις
3098 1612 3195 1673 “Oc
3220 1611 3290 1663 ὲν
3324 1608 3403 1673 τῷ
3446 1609 3561 1674 Θεῲ
3576 1610 3702 1674 ἐστι,

2163 1703 2346 1765 καθώς
2384 1720 2546 1773 φησιν
2580 1704 2609 1755 ὁ
2645 1702 2983 1765 Ἀπόστολος.
3022 1701 3119 1755 καὶ
3150 1700 3343 1754 πάντα
3370 1700 3601 1769 ἐρευνᾷ,
3626 1706 3705 1756 καὶ

2168 1798 2240 1849 τὰ
2258 1794 2417 1861 βάθη
2440 1794 2544 1847 τοῦ
2565 1794 2733 1847 Θεοῦ.
2761 1794 2824 1846 Εἰ
2847 1789 2939 1846 οὖν
2969 1794 3170 1863 ῥήματι
3201 1792 3497 1861 φθέγγεται
3529 1795 3555 1844 6
3582 1793 3707 1855 Θεὸς,

2170 1890 2277 1951 πᾶς
2303 1888 2358 1940 δὲ
2388 1887 2540 1954 λόγος
2562 1887 2653 1938 ἐπὶ
2672 1886 2839 1954 ἀκοῆς
2860 1886 3181 1955 ἐνεργεῖται,
3211 1887 3258 1937 οί
3286 1886 3629 1954 δημιουργεῖν
3640 1887 3711 1939 τὸν

2170 1980 2299 2031 Θεὸν
2316 1979 2621 2042 διεξοδικοῖς
2642 1977 2820 2044 λόγοις
2844 1976 3286 2047 ἀποφαινόμενοι,
3313 1978 3713 2047 γνωρισάτωσαν

2172 2074 2300 2141 ἡμῖν
2329 2071 2421 2123 καὶ
2448 2070 2508 2122 τὸ
2532 2069 2637 2122 τῶν
2663 2068 2819 2121 θείων
2843 2068 3016 2136 λόγων
3044 2069 3421 2139 ἀκροατήριον.
3454 2069 3589 2136 Πρὸς
3615 2070 3716 2121 eav-

2171 2166 2261 2218 τὸν
2306 2164 2484 2217 λαλεῖν
2526 2164 2624 2216 οὐκ
2648 2161 2905 2222 ὲνδέεται,
2934 2161 2962 2212 6
2984 2162 3107 2224 Υἱὸς
3135 2162 3440 2232 ἀπροσδεὴς
3475 2158 3541 2232 ἦν
3562 2162 3648 2231 τῆς
3668 2164 3718 2213 ἐκ

2176 2258 2434 2327 ῥημάτων
2497 2253 2875 2315 διδασκαλίας’
2905 2254 2977 2307 Τὸ
3034 2254 3271 2322 Πνεῦμα
3307 2253 3524 2313 πάντα,
3559 2255 3716 2322 φησὶν,

2174 2346 2407 2415 ἐρευνᾷ,
2442 2346 2537 2399 καὶ
2571 2346 2642 2397 τὰ
2666 2344 2826 2411 βάθη
2855 2346 2961 2399 τοῦ
2988 2344 3137 2398 Θεοῦ
3156 2360 3169 2373 ⁸
3203 2347 3234 2415 ἡ
3266 2345 3441 2407 κτίσις
3471 2344 3616 2397 οὔπω
3648 2341 3719 2414 ἦν.

2176 2439 2318 2509 Πρὸς
2340 2437 2455 2491 τίνα
2477 2439 2503 2489 ὁ
2539 2437 2695 2503 λόγος
2718 2437 2955 2503 ἱγίνετο;
2998 2437 3136 2488 ’Λλλ’
3172 2437 3232 2488 οὑ
3262 2436 3534 2502 ψεύδεται,
3564 2437 3723 2505 φησὶν,

2178 2534 2211 2603 ἡ
2244 2532 2335 2584 τοῦ
2359 2531 2597 2593 Μωσέως
2634 2530 2843 2602 Γραφὴ,
2861 2530 2927 2583 δι’
2948 2526 3013 2601 ἧς
3038 2530 3097 2583 τὺ
3125 2530 3400 2599 εἰρηκέναι
3421 2546 3478 2582 τι
3500 2530 3588 2582 τὸν
3617 2530 3726 2581 Θεὸν

2179 2623 2516 2691 ἀκηκόαμεν.
2548 2621 2681 2673 Οὐδὲ
2711 2621 2821 2689 γὰρ
2841 2621 2868 2671 6
2894 2621 3066 2691 μέγας
3091 2620 3253 2671 Δασὶδ
3273 2620 3383 2671 τῶν
3407 2620 3728 2689 ψευδομένων

2179 2716 2330 2768 ἐστί’
2367 2714 2511 2781 λέγει
2530 2714 2586 2766 δὲ
2605 2712 2787 2781 σαφῶς
2814 2712 2985 2774 οὕτως
3012 2711 3154 2766 κατᾶ
3188 2712 3351 2777 λέξιν,
3380 2712 3463 2763 ὅτι
3499 2715 3561 2764 Οἱ
3586 2713 3732 2778 οἱφα-

2180 2810 2273 2864 vol
2334 2808 2673 2876 διηγοῦνται
2706 2806 2893 2870 δόξαν
2924 2806 3093 2870 Θεοῦ,
3123 2807 3222 2859 καὶ
3261 2807 3515 2871 ποίησιν
3546 2806 3734 2874 χειρῶν

2182 2900 2365 2955 αὐτοῦ
2403 2898 2756 2968 ἀναγγέλλει
2794 2898 2859 2951 τὸ
2892 2897 3208 2967 στερέωμα.
3243 2896 3449 2966 Ἡμέρα
3474 2897 3547 2965 τῇ
3574 2897 3735 2965 ἡμέρᾳ

2184 2993 2480 3061 ἐρεύγεται
2491 2988 2670 3059 ῥῆμα,
2696 2989 2791 3044 καὶ
2815 2988 2930 3053 νὺξ
2947 2990 3301 3057 ἀναγγέλλει
3321 2991 3552 3058 γνῶσιν
3564 2990 3732 3043 νυκτί.

525 3090 630 3128 no.1:
688 3075 825 3128 nocti
862 3074 1057 3128 indicat
1097 3077 1372 3131 scientiam
1390 3076 1458 3132 ³⁸.
1501 3076 1566 3130 ΕΙ.
1596 3092 1719 3129 cum
1751 3076 1887 3131 dixit
1916 3077 2084 3131 cmlos

2186 3086 2297 3138 Καὶ
2328 3083 2494 3137 εἰπὼν
2518 3081 2817 3153 διηγεῖσθαι
2846 3082 2971 3144 τοὺς
2983 3082 3242 3151 οὐρανοὺς
3258 3082 3349 3134 καὶ
3369 3083 3430 3134 τὸ
3454 3082 3734 3152 στερέωμα,

526 3172 580 3219 et
607 3164 1028 3231 ﬁrmamentum,
1075 3175 1130 3219 et
1161 3181 1190 3217 a
1230 3167 1337 3229 die,
1367 3177 1420 3221 et
1459 3180 1489 3218 a
1533 3174 1689 3220 nocte
1720 3167 2085 3235 cegnitionem

526 3265 583 3312 et
608 3257 773 3312 verba
812 3258 1148 3320 annuntiari,
1183 3274 1376 3312 rursus
1413 3258 1577 3314 dictis
1608 3258 1910 3328 subjuugit,
1941 3260 2086 3329 quod

530 3348 646 3403 haec
678 3364 785 3403 non
809 3359 938 3408 sunt
951 3350 1176 3419 loquela:
1202 3366 1375 3419 neque
1398 3366 1703 3413 sermones,
1726 3366 1901 3419 neque
1926 3367 2088 3406 voces

531 3438 727 3493 horum
780 3440 1095 3492 audiuntur.
1154 3438 1436 3505 Quomodo
1488 3441 1649 3510 igitur
1696 3442 2087 3502 enarratioues.

535 3530 909 3587 nuntiationes
935 3538 987 3585 et
1016 3531 1178 3584 verba
1204 3532 1431 3600 loquelae
1473 3546 1577 3584 non
1607 3540 1753 3596 sunt,
1789 3550 1963 3602 neque
1991 3551 2092 3588 vox

536 3637 657 3689 quae
692 3621 945 3675 audiendi
976 3636 1137 3676 sensu
1161 3622 1503 3691 percipitur?
1534 3622 1615 3676 An
1650 3624 1752 3677 sibi
1779 3624 1880 3693 ipsi
1907 3624 2097 3679 adrer-

538 3722 693 3769 satur
724 3711 1032 3783 Propheta?
1064 3715 1146 3767 An
1188 3715 1391 3784 aliquid
1424 3731 1613 3769 eorum
1661 3730 1781 3784 quae
1823 3731 1928 3769 non
1975 3733 2099 3771 con-

536 3805 759 3875 tingunt
795 3806 1050 3874 explicat,
1083 3806 1305 3860 verbum
1340 3806 1460 3861 soni
1485 3822 1681 3875 expers
1713 3817 1767 3861 et
1792 3810 2098 3861 enarratio-

539 3911 662 3949 nem
714 3896 833 3951 siue
886 3898 1095 3965 loilucla
1154 3905 1207 3951 et
1267 3898 1663 3952 nuntiationem
1716 3899 1920 3969 absque
1970 3915 2102 3955 voce

540 3987 777 4044 docens?
812 3988 895 4043 Au
948 3992 1127 4059 potius
1163 3990 1378 4059 penitus
1424 4008 1613 4047 verum
1650 4000 1734 4047 est
1785 3994 2100 4048 vaticinium

541 4080 686 4149 quod
720 4096 811 4150 per
845 4081 989 4135 dicta
1022 4082 1122 4136 hoc
1155 4084 1398 4147 instruit,
1432 4082 1576 4153 quod
1602 4086 1879 4138 enarratio
1913 4087 2105 4141 cceles-

543 4175 614 4227 tis
652 4181 706 4228 et
749 4175 973 4229 verbum
1008 4178 1150 4245 quod
1185 4192 1214 4228 a
1253 4178 1341 4232 die
1387 4178 1675 4241 clamatur,
1728 4194 1829 4231 vox
1884 4181 2103 4250 quidem

546 4266 837 4319 articulata
870 4282 979 4322 non
1009 4277 1114 4331 est,
1151 4284 1327 4338 neque
1356 4269 1570 4337 loquela
1602 4284 1695 4338 per
1720 4285 1802 4335 os,
1840 4271 1933 4325 sed
1974 4271 2107 4324 doc-

547 4356 691 4409 trina
736 4357 934 4413 divina:
987 4361 1274 4430 potestatis
1322 4364 1379 4415 lit
1420 4362 1487 4417 iis
1538 4362 1630 4431 qui
1677 4363 1867 4417 audire
1926 4364 2109 4418 sciunt

548 4457 761 4504 tacente
788 4465 919 4505 voce
940 4452 961 4501 ’ἲ

622 4542 762 4607 Quid
790 4543 952 4612 igitur
984 4534 1051 4599 de
1080 4544 1163 4599 his
1180 4544 1613 4599 existimavimus
1626 4543 1935 4614 ?(Fortasse
1960 4546 2107 4602 enim

551 4633 598 4687 si
635 4635 737 4689 hoc
772 4636 1108 4699 noverimus,
1144 4644 1197 4690 et
1229 4652 1349 4705 qua:
1374 4651 1403 4689 a
1439 4634 1587 4690 Mose
1629 4639 1830 4707 scripta
1867 4646 1994 4691 sunt
2036 4640 2109 4693 iu-

552 4726 902 4797 telligemus.)
941 4726 1092 4797 Saepe
1125 4726 1406 4797 Scriptura
1430 4728 1495 4781 ad
1524 4727 1728 4781 claram
1748 4730 2111 4799 cognitionem

555 4819 635 4874 rei
656 4834 777 4889 quae
805 4817 1136 4885 declaratur,
1169 4818 1509 4889 eorporalius
1538 4832 1725 4873 eorum
1755 4834 1877 4889 qua:
1911 4820 2113 4875 intelli-

556 4912 736 4981 gentia
822 4912 1201 4982 percipiuntur
1283 4912 1797 4981 contemplationem
1873 4923 2117 4983 praestat,

558 5005 718 5076 quale
742 5006 853 5076 jam
906 5006 1012 5061 hoc
1045 5016 1133 5061 est
1183 5006 1488 5070 decretum,
1528 5005 1674 5076 quod
1720 5006 1939 5077 quidem
1988 5010 2120 5064 mihi

560 5097 772 5153 videtur
805 5097 975 5153 David
1030 5099 1333 5166 declarare,
1393 5099 1497 5153 hoc
1549 5114 1645 5168 per
1677 5114 1741 5153 ea
1795 5115 1915 5168 qua:
1960 5100 2118 5161 dixit.

561 5189 931 5253 docens,nihil
960 5206 1151 5246 eorum
1195 5208 1315 5261 qua:
1380 5202 1508 5247 sunt
1551 5206 1619 5246 ex
1658 5191 1842 5261 aliquo
1899 5192 2123 5247 fortuito

562 5295 695 5335 casu
726 5282 1010 5347 exsistere,
1040 5282 1497 5352 quemadmodum
1521 5281 1738 5352 quidam
1758 5282 1962 5353 opinati
1994 5289 2124 5336 sunt

565 5370 819 5428 fortuitas
856 5382 910 5430 et
956 5376 1170 5431 ratione
1203 5382 1453 5430 carentes
1482 5376 1781 5445 primorum
1826 5375 2121 5431 elemento-

565 5477 688 5523 rum
716 5466 1084 5524 connexiones
1132 5467 1393 5525 mundum
1427 5476 1601 5523 totum
1640 5476 1694 5523 et
1739 5482 1861 5539 qua:
1909 5467 1963 5521 in
2004 5467 2125 5538 ipso

566 5566 699 5619 sunt
725 5556 989 5623 ellecisse,
1042 5558 1189 5612 nulla
1237 5559 1577 5629 providentia
1616 5574 1710 5628 per
1738 5574 1801 5614 ea
1845 5573 1966 5629 quae
1998 5566 2127 5614 sunt

640 5670 684 5713 "
723 5669 744 5733 Ι
777 5671 903 5728 Cor.
934 5688 992 5740 tt,
1026 5672 1112 5729 to.
1186 5674 1230 5705 ³⁸
1261 5672 1402 5731 Psal,
1440 5689 1590 5737 xvui,
1627 5673 1648 5726 ~l
1682 5688 1779 5749 sqq

2190 3179 2283 3231 καὶ
2304 3177 2454 3248 παρὰ
2478 3178 2574 3245 τῆς
2599 3176 2812 3247 ἡμέρας
2851 3174 2947 3227 καὶ
2984 3175 3081 3243 τῆς
3111 3175 3301 3237 νυκτὸς
3324 3174 3739 3242 ἀπαγγέλλεσθαι

2190 3270 2388 3338 γνῶσιν
2414 3269 2510 3321 καὶ
2538 3269 2773 3338 ῥήματα,
2802 3266 2962 3319 πάλιν
2984 3266 3179 3333 ὲπάγει
3207 3268 3316 3327 τοῖς
3341 3266 3646 3337 εἰρημένοις
3674 3267 3741 3317 ὅτι

2190 3360 2361 3413 ταῦτα
2388 3358 2565 3411 λαλιαὶ
2604 3359 2703 3410 οὐκ
2748 3358 2884 3410 εἰσὶν
2917 3356 3038 3410 οὐδὲ
3086 3357 3253 3425 λόγοι,
3290 3356 3406 3409 οὐδὲ
3436 3358 3613 3425 φωναὶ
3641 3356 3744 3409 τού-

2192 3469 2299 3504 των
2328 3450 2633 3503 ἀκούονται.
2688 3448 2812 3513 Πῶς
2844 3445 2935 3502 οὖν
2957 3449 3287 3518 διηγήματα,
3325 3451 3416 3502 καὶ
3445 3450 3745 3517 ἀναγγελξαι

2194 3544 2289 3596 καὶ
2342 3545 2560 3614 ῥήματα
2619 3542 2795 3594 λαλιαὶ
2837 3543 2936 3594 οὐκ
3004 3543 3160 3604 εἰσὶν,
3196 3541 3314 3594 οὐδὲ
3368 3542 3523 3613 φωνὴ
3546 3542 3631 3594 διὰ
3663 3542 3745 3609 τῆς

2196 3633 2525 3702 ἀκουστικῆς
2581 3632 2881 3702 αἰσθήσεως
2936 3633 3295 3702 ἐγγινομένη;
3342 3628 3490 3703 τΛρα
3540 3635 3748 3702 μάχεται

2198 3726 2335 3797 πρὸς
2362 3726 2555 3778 ἑαυτὸν
2579 3724 2607 3775 6
2636 3725 2923 3795 Προφήτης
2945 3742 2959 3787 ;
2989 3722 3135 3794 ’Λρά
3158 3742 3208 3777 τι
3233 3724 3341 3776 τῶν
3370 3724 3469 3776 οὐκ
3491 3722 3751 3791 ἐνδεχομέ-

2198 3835 2303 3871 νων
2336 3818 2605 3882 διέξεισιν,
2655 3817 2923 3885 ἄφθογγον
2961 3816 3133 3887 ῥῆμα,
3167 3816 3259 3867 καὶ
3304 3816 3553 3884 διήγησιν
3581 3815 3752 3868 ἄλαλον

2200 3911 2292 3963 καὶ
2319 3910 2575 3977 ἀγγελίαν
2600 3908 2719 3977 δίχα
2750 3908 2929 3977 φωνῆς
2961 3907 3222 3959 διδάσκων
3250 3924 3264 3971 ;
3309 3908 3375 3957 Ἦ
3409 3906 3608 3967 παντὸς
3638 3903 3754 3973 μᾶλ-

2201 4002 2290 4055 λον
2320 4001 2523 4070 ἀληθὴς
2559 4002 2592 4071 ἡ
2632 3999 2933 4070 προφητεία
2968 4000 3001 4068 ή
3034 3997 3189 4051 τοῦτο
3216 3998 3302 4050 διὰ
3337 3998 3440 4051 τῶν
3467 3996 3754 4065 εἰρημένων

2204 4094 2561 4158 παιδεύουσα,
2633 4097 2719 4149 ὅτι
2781 4096 2841 4144 τὸ
2892 4092 3132 4161 διήγημα
3179 4091 3238 4143 τὸ
3285 4091 3554 4160 οὐράνιον,
3590 4085 3755 4141 καὶτὸ

2208 4187 2355 4256 ῥῆμα
2384 4184 2445 4237 τὸ
2474 4184 2619 4253 παρὰ
2648 4186 2745 4252 τῆς
2767 4184 2976 4254 ἡμέρας
3002 4184 3288 4254 βοώμενον,
3323 4182 3470 4253 φωνὴ
3497 4184 3593 4251 μὲν
3614 4184 3756 4248 ἐναρ-

2208 4277 2333 4349 θρος
2366 4278 2465 4330 οὑκ
2497 4277 2661 4339 ἐστιν,
2685 4274 2807 4328 οὔτε
2838 4276 2995 4329 λαλιὰ
3014 4274 3102 4328 διὰ
3132 4276 3393 4344 στόματος
3414 4290 3428 4303 ⁸
3458 4270 3759 4326 διδασκαλία

2207 4370 2263 4423 δὲ
2288 4370 2387 4439 τῆς
2434 4368 2583 4431 θείας
2630 4368 2908 4437 δυνάμεως
2934 4368 3138 4436 γίνεται
3180 4368 3292 4427 τοῖς
3313 4365 3523 4417 ἐπαΐειν
3550 4366 3759 4416 ἐπιστα-

2139 4452 2184 4508 Ι)
2216 4463 2394 4534 μένοις
2420 4460 2707 4530 σιωπώσης
2729 4460 2909 4530 φωνῆς
2938 4475 2954 4520 ς

2284 4554 2348 4607 Τί
2362 4548 2453 4605 οὖν
2468 4552 2807 4622 περὶτούτων
2823 4550 3199 4620 ὑπειλήφαμεν
3215 4548 3371 4619 (τάχα
3384 4546 3491 4619 γὰρ
3509 4547 3603 4599 ἐὰν
3624 4544 3765 4599 τοῦτο

2214 4648 2513 4717 νοήσωμεν,
2545 4644 2716 4697 καὶτὰ
2739 4642 2888 4713 παρὰ
2918 4642 3158 4703 Μωσέως
3170 4638 3480 4709 νενοηκότες
3502 4634 3762 4705 eamea);

2216 4738 2482 4799 Πολλάκις
2511 4738 2544 4805 ἡ
2590 4735 2777 4807 Γραφὴ
2808 4735 2941 4805 πρὸς
2985 4733 3185 4804 ἐναργῆ
3214 4730 3538 4800 κατανόησιν
3570 4726 3662 4780 τοῦ
3683 4726 3766 4793 δη-

2218 4831 2309 4884 λου
2317 4830 2475 4901 μένου
2500 4828 2838 4897 πράγματος,
2858 4824 3205 4895 σωματικώτε
3215 4840 3303 4893 ρον
3322 4821 3663 4884 διασκευάζει
3682 4816 3769 4885 τὴν

2214 4924 2322 4978 τῶν
2370 4920 2576 4991 νοητῶν
2623 4920 2870 4990 θεωρίαν,
2915 4914 3026 4971 οἷον
3055 4917 3117 4987 δὴ
3165 4916 3260 4969 καὶ
3317 4912 3473 4966 τοῦτο
3514 4912 3577 4964 τὸ
3607 4910 3770 4978 δόγμα

2215 5016 2381 5077 ἐστὶν,
2412 5015 2546 5083 ὅπερ
2565 5013 2709 5067 δοκεῖ
2734 5030 2822 5081 μοι
2847 5015 2875 5065 ὁ
2904 5011 3064 5065 Δα6“ιδ
3093 5008 3503 5078 ἀποφαίνεσθαι,
3534 5007 3691 5059 τοῦτο
3707 5005 3769 5058 δι’

2216 5101 2289 5160 ὧν
2326 5102 2465 5168 εἷπε,
2499 5104 2763 5158 διδάσκων
2792 5104 2939 5157 οὐδὲν
2968 5102 3073 5155 τῶν
3097 5102 3263 5153 ὄντων
3285 5100 3347 5152 ἐκ
3374 5117 3516 5162 τινος
3542 5096 3772 5166 αὐτομά-

2217 5212 2311 5247 του
2336 5194 2621 5263 συντυχίας
2664 5192 2760 5263 τὴν
2799 5192 3094 5245 ὑπόστασιν
3130 5191 3292 5261 ἔχειν,
3328 5189 3574 5259 καθάπερ
3606 5186 3776 5256 ᾠήθη-

2229 5288 2326 5341 σὰν
2353 5304 2496 5349 τινες
2523 5287 2748 5357 τυχαὶας
2783 5302 2843 5337 τε
2871 5287 2965 5338 καὶ
2989 5284 3213 5352 ἀλόγους
3238 5283 3343 5335 τῶν
3386 5281 3615 5351 πρώτων
3647 5296 3776 5331 στοιο

2229 5378 2388 5449 χείων
2416 5378 2815 5448 αὑτεμπλοκὰς,
2856 5378 2947 5430 τὸν
2973 5376 3173 5445 κόσμον
3201 5377 3331 5445 ἡμῖν
3362 5375 3478 5426 ὅλον
3508 5373 3600 5425 καὶ
3629 5371 3696 5423 τὰ
3726 5372 3778 5420 ἐν

2231 5467 2377 5538 αὑτῴ
2406 5468 2860 5540 κατεργάσασθαι,
2892 5467 3143 5536 οὐδεμιᾶς
3172 5464 3422 5535 προνοίας
3459 5462 3544 5516 διὰ
3571 5462 3679 5514 τῶν
3703 5460 3779 5512 ὃν·

2230 5576 2338 5613 των
2371 5561 2607 5640 ἡκούσης
2631 5579 2641 5592 ο
2675 5561 2786 5617 ἀλλ’
2810 5561 2989 5616 ἐστιτι
3011 5558 3110 5637 τῆς
3137 5558 3229 5618 τοῦ
3255 5557 3453 5621 παντὸς
3482 5548 3779 5613 cuniculis
