4006 6476
242 338 353 396 εει

1300 344 1574 409 CONTRA
1610 344 1987 412 EUNOMIUM,
2010 346 2139 402 LIB.
2162 344 2278 405 ΧΠ.

3324 348 3429 405 986

222 478 285 515 τε
309 460 407 515 καὶ
428 458 743 533 διοικήσεως
770 460 961 525 αίτιον,
1003 457 1063 517 οὗ
1112 465 1258 517 πᾶσα
1287 465 1512 536 ἐξῆπται
1541 468 1574 535 ἡ
1607 464 1785 532 φύσις,

1890 468 2241 532 penetrante,
2270 459 2365 516 sed
2394 460 2639 530 qumdam
2664 469 2749 518 est
2770 461 3019 519 universi.
3035 462 3438 518 constitutionis

223 554 481 609 κάκεῖθεν
515 553 611 617 τὰς
664 555 839 626 ἀρχὰς
886 557 977 609 καὶ¹
1000 555 1097 621 τὰς
1122 558 1294 618 αίτίας
1331 558 1461 629 ἔχει,
1509 560 1601 611 καὶ
1648 559 1784 629 πρὸς

224 647 432 698 ἐκεῖνον
480 644 697 699 νένευκέ
750 663 807 699 τε
872 648 964 701 καὶ
1000 647 1517 720 ὲπιστρέφεται,καὶ
1554 652 1611 702 ὲν
1638 649 1785 719 αύτῷ

222 735 487 806 διαμένει.
545 736 655 787 Καὶ
688 736 893 805 ἐπειδὴ,
934 738 1111 801 καθώς
1144 756 1306 809 φησιν
1331 740 1358 791 6
1389 740 1721 804 Ἀπόστολος,
1750 743 1783 811 ἡ

223 826 393 888 ἀΐδιος
423 826 582 879 αύτοῦ
614 826 840 896 δύναμις
870 830 963 881 καὶ
994 829 1201 899 θειότης
1216 832 1321 884 ἀπὸ
1335 831 1433 901 τῆς
1460 831 1551 885 τοῦ
1580 833 1784 902 κόσμου

223 916 454 979 κτίσεως
488 919 746 988 νοουμένη
789 919 1105 989 καθορᾶται,
1140 922 1226 975 διά
1254 922 1412 976 τοῦτο
1443 926 1589 977 πᾶσα
1614 926 1647 994 ἡ
1670 924 1787 977 κτί-

226 1026 334 1071 σις.
363 1010 458 1062 καὶ
497 1010 600 1079 πρό
630 1027 692 1078 γε
718 1011 953 1075 πάντων,
987 1012 1166 1076 καθώς
1196 1031 1358 1083 φησιν
1388 1018 1417 1069 6
1466 1017 1640 1083 λόγος,
1671 1018 1703 1086 ἡ
1728 1018 1785 1069 ὲν

222 1101 339 1160 τοῖς
383 1099 628 1168 οὐρανοῖς
671 1098 1045 1171 διακόσμησις,
1099 1104 1185 1157 διὰ
1235 1104 1333 1173 τῆς
1388 1107 1786 1175 ἐμφαινομένης

221 1194 337 1247 τοῖς
400 1192 643 1260 γεγονόσι
694 1194 907 1264 τέχνης,
941 1196 1039 1266 τὴν
1069 1196 1161 1249 τοῦ
1216 1200 1567 1269 πεποιηκότος
1597 1201 1786 1269 σοφίαν

222 1282 577 1337 ἐνδείκνυται.
616 1285 721 1337 Καὶ
753 1286 905 1339 τοῦτό
942 1303 1030 1356 μοι
1063 1286 1206 1339 δοκεί
1245 1291 1587 1361 παραστῆσαι
1621 1291 1787 1344 θέλων

222 1373 324 1444 τὴν
354 1375 416 1426 ἐκ
459 1373 566 1426 τῶν
606 1375 941 1445 φαινομένων
970 1378 1291 1448 μαρτυρίαν,
1342 1379 1433 1431 τοῦ
1474 1380 1652 1448 σοφῶς
1696 1384 1788 1435 καὶ

223 1463 489 1533 ἐντέχνως
526 1464 596 1517 τὰ
636 1464 763 1519 ὄντα
806 1467 1256 1531 κατεσκευάσθαι,
1294 1470 1385 1522 καὶ
1416 1472 1587 1523 είσαε¹ι
1612 1472 1788 1542 διαμέ·

221 1571 334 1608 νειν
361 1557 419 1607 ὲν
446 1556 509 1625 τῇ
548 1554 768 1626 δυνάμει
812 1556 906 1609 ’τοῦ
938 1558 998 1610 16
1033 1561 1142 1613 πᾶν
1183 1560 1529 1625 οίακίζοντος.
1561 1563 1765 1626 Αὐτοὺς

224 1650 365 1716 φησὶ
414 1648 537 1709 τοὺς
570 1648 847 1719 οὐρανοὺς,
879 1651 947 1703 δι’
977 1644 1050 1703 ὧν
1090 1650 1186 1722 τὴν
1225 1652 1413 1722 σοφίαν
1443 1652 1534 1706 τοῦ
1565 1672 1789 1725 πεποιη-

222 1738 380 1800 κότος
430 1737 780 1804 δεικνύουσιν,
826 1742 1103 1811 μονονουχὶ
1149 1742 1329 1812 φωνὴν
1348 1745 1623 1813 ἀφιέντας,
1661 1744 1788 1815 βοᾷν

224 1828 319 1879 καὶ
365 1828 743 1899 διακηρύσσειν
791 1829 883 1883 τοῦ
923 1830 1249 1902 δημιουργοῦ
1302 1834 1401 1903 τὴν
1451 1835 1638 1903 σοφίαν
1671 1834 1789 1903 δίχα

224 1920 429 1989 φωνῆς.
489 1921 701 1985 Ἔξεστι
722 1922 830 1993 γὰρ
867 1923 1027 1976 οἱονεὶ
1070 1924 1211 1995 λόγῳ
1240 1924 1410 1978 ταῦτα
1439 1927 1790 1980 διδασκόντων

221 2008 465 2075 ἀκούειν,
490 2011 570 2064 ὅτι
590 2012 727 2083 Πρὸς
757 2016 789 2084 ἡ
800 2015 903 2083 μᾶς
929 2015 1183 2085 δρῶντες,
1217 2011 1261 2070 ὦ
1284 2018 1579 2089 ἄνθρωποι,
1609 2020 1702 2073 καὶ
1728 2019 1789 2073 16

222 2104 283 2156 έν
309 2103 438 2173 ἡμῖν
471 2102 662 2166 κάλλος
693 2105 786 2157 καὶ
818 2106 1062 2175 μέγεθος,
1096 2108 1188 2160 καὶ
1216 2109 1314 2178 τὴν
1338 2109 1640 2179 ἀεικίνητον
1654 2111 1787 2163 ταύ-

220 2211 323 2265 την
348 2195 667 2265 περιφορὰν,
706 2198 800 2249 καὶ
837 2196 933 2268 τὴν
964 2197 1223 2252 εὔτακτόν
1248 2217 1306 2252 τε
1329 2201 1422 2253 καὶ
1450 2202 1786 2272 ἐναρμόνιον,

222 2288 321 2340 καὶ
350 2289 437 2341 ἀεὶ
466 2288 606 2342 κατὰ
637 2288 705 2342 τά
749 2289 886 2342 αύτά
908 2292 1000 2343 καὶ
1022 2291 1277 2357 ὡσαύτως
1304 2292 1529 2363 ἔχουσαν
1555 2296 1786 2365 κίνησιν,

219 2382 451 2452 νοήσατε
484 2381 572 2435 τὴν
601 2382 989 2435 ἐπιστατοῦντα
1025 2385 1123 2455 τῆς
1154 2385 1426 2456 ἡμετέρας
1458 2387 1786 2451 συστάσεως,

221 2474 318 2528 καὶ
344 2473 431 2529 διά
466 2474 559 2527 τοῦ
590 2475 909 2546 φαινομένου
955 2477 1203 2541 κάλλους,
1236 2476 1299 2529 16
1327 2479 1673 2547 πρωτότυπον
1694 2479 1789 2532 καλ⁵

220 2565 454 2635 ἀόρατον
500 2566 692 2631 κάλλος
730 2568 1135 2636 ἀναλογίσασθε.
1183 2569 1348 2622 Οὐδὲν
1401 2570 1509 2641 γὰρ
1552 2571 1609 2623 ὲν
1656 2572 1788 2641 ἡμῖν

222 2658 519 2711 ἀδέσποτον
544 2659 578 2730 ἢ
612 2660 1032 2731 αύτοκίνητον,ἢ
1059 2660 1359 2731 αὐτόματον
1379 2678 1392 2693 ·
1434 2663 1567 2717 ἀλλά
1599 2666 1705 2716 πᾶν
1727 2664 1789 2719 16

222 2751 545 2821 φαινόμενόν
571 2769 628 2805 τε
650 2752 778 2824 περὶ
803 2754 951 2824 ἡμᾶς
987 2754 1079 2808 καὶ
1117 2754 1418 2825 νοούμενον,
1453 2756 1551 2826 τῆς
1579 2756 1788 2828 ὑψηλῆς

222 2858 284 2894 τε
311 2843 406 2895 καὶ
436 2844 711 2913 ἀφράστου
743 2846 1018 2917 δυνάμεως
1039 2849 1286 2919 ῆρτηται.
1314 2848 1497 2902 Ταῦτα
1510 2849 1664 2917 λόγος
1689 2852 1787 2921 μὲν

219 2931 483 3005 ἔναρθρος
510 2934 607 2987 οὑκ
635 2934 801 3002 ἐστιν,
844 2936 1083 3007 ἐντίθησι
1110 2937 1166 2991 δὲ
1205 2938 1293 2991 διὰ
1320 2936 1431 2990 τῶν
1455 2939 1787 3007 φαινομένων

221 3029 344 3089 ταῖς
372 3026 570 3095 ψυχαῖς
592 3026 691 3097 τὴν
718 3028 919 3095 γνῶσιν
945 3028 1043 3098 τῆς
1068 3029 1217 3093 Θείας
1253 3030 1550 3100 δυνάμεως,
1590 3032 1786 3101 μᾶλλον

221 3117 260 3188 ἢ
288 3120 335 3170 εί
362 3117 450 3170 διὰ
479 3118 660 3189 φωνῆς
700 3120 729 3171 6
781 3118 939 3187 λόγος
984 3121 1305 3192 ἐκήρυσσεν.
1359 3122 1566 3193 Ὠσπερ
1611 3124 1787 3176 τοίνυν

218 3207 485 3280 διηγεῖται
511 3211 540 3263 6
575 3210 819 3281 οὐρανὸς,
847 3212 941 3264 καὶ
966 3213 1024 3265 ού
1059 3213 1371 3282 φθέγγεται,
1397 3216 1489 3268 καὶ
1526 3215 1787 3285 ἀναγγέλ-

222 3301 309 3355 λει
338 3300 400 3353 16
438 3300 721 3372 στερέωμα
764 3302 861 3374 τὴν
891 3302 986 3356 τοῦ
1016 3303 1149 3356 Θεοῦ
1189 3304 1423 3376 ποίησιν,
1473 3307 1567 3359 καὶ
1608 3309 1787 3379 φωνῆς

223 3393 287 3446 οὐ
335 3392 669 3463 προσδέεται,
708 3395 800 3449 καὶ
828 3395 979 3465 ῥῆμα
1007 3395 1067 3448 οὐ
1102 3397 1345 3466 προΐεται
1396 3399 1429 3467 ἡ
1466 3398 1666 3469 ἡμέρα,
1697 3399 1789 3453 καὶ

224 3485 385 3539 λαλιὰ
408 3487 507 3539 οὐκ
533 3485 705 3539 ἔστιν’
740 3488 833 3540 καὶ
858 3488 954 3541 ούκ
986 3488 1050 3541 ἀν
1073 3506 1157 3552 τις
1200 3490 1340 3543 εῐποι
1374 3490 1788 3560 διασφάλλεσθαι

222 3577 325 3647 τὴν
369 3580 702 3648 προφητείαν
729 3591 742 3606 ⁶
769 3580 909 3631 κατὰ
940 3579 1029 3632 16v
1048 3580 1206 3633 αὑτὸν
1239 3582 1455 3652 τρόπον,
1491 3584 1677 3654 ἐπειδὴ
1710 3578 1789 3645 εἷς

223 3671 552 3742 ἀμφοτέροις
580 3672 658 3741 τῷ
676 3672 860 3724 Μωσεί
889 3672 981 3725 καὶ
1009 3670 1085 3741 τῷ
1121 3671 1284 3724 Δαεὶδ
1313 3673 1342 3723 6
1367 3672 1700 3738 διδάσκαλος,
1727 3675 1789 3727 τὸ

225 3763 451 3833 Πνεῦμα
481 3763 625 3831 λέγω
664 3762 727 3817 16
761 3764 933 3831 ἅγιον,
968 3766 996 3817 6
1036 3764 1096 3817 16
1130 3766 1453 3835 πρόσταγμα
1476 3766 1788 3837 καθηγήσα-

221 3854 351 3911 σθαι
379 3855 476 3923 τῆς
498 3857 723 3920 κτίσεως
741 3856 933 3924 λέγων,
960 3857 1020 3910 ού
1040 3858 1296 3928 ῥημάτων
1315 3859 1443 3927 ἡμῖν
1465 3858 1790 3931 δημιουργὸν

224 3946 317 4000 τὸν
346 3946 479 4000 Θεὸν
524 3947 853 4011 ὑποτίθεται,
892 3947 1030 4002 ἀλλά
1072 3951 1410 4020 πραγμάτων
1438 3949 1525 4004 διὰ
1556 3952 1652 4021 τῆς
1682 3950 1789 4005 τῶν

227 4038 489 4109 ῥημάτων
520 4040 791 4109 σημασίας
841 4040 1269 4111 γνωριζομένων.
1295 4043 1407 4095 Ἵνα
1435 4043 1543 4113 γὰρ
1566 4043 1639 4114 μὴ
1665 4042 1786 4095 ἀδέ-

227 4128 405 4182 σποτά
434 4146 553 4182 τινα
598 4131 690 4183 καὶ
711 4130 955 4200 αὐτοφυῆ
984 4132 1082 4201 τὴν
1111 4132 1284 4185 κτίσιν
1316 4128 1452 4187 εἶναι
1485 4136 1785 4205 νοήσωμεν,

224 4220 321 4277 καὶ
366 4220 690 4291 γεγενῆσθαι
744 4221 946 4291 ταύτην
998 4222 1146 4291 παρὰ
1171 4226 1269 4294 τῆς
1299 4225 1501 4291 τάξεως
1526 4227 1801 4298 φιλοσοφῇν

222 4309 337 4363 τῶν
361 4309 505 4363 κατά
530 4310 631 4381 τὴν
659 4311 1009 4381 κοσμοποιίαν
1038 4312 1142 4365 ὑπὸ
1174 4313 1267 4367 τοῦ
1287 4316 1527 4378 Μωσέως
1552 4318 1607 4369 έν
1648 4318 1801 4369 ἱστο-

225 4402 349 4475 ρίας
397 4405 699 4475 χαρακτῆρι
743 4404 1082 4474 δογματικῶς
1130 4408 1450 4478 εἰρημένων.
1485 4408 1551 4462 Ἦ
1586 4410 1697 4483 γὰρ
1721 4410 1786 4465 ἂν

1884 561 1938 607 et
1968 554 2461 609 administrationis
2489 569 2676 617 causa,
2715 571 2782 609 ex
2816 570 2921 625 qua
2952 554 3437 625 omnisdepcndet

1885 652 2101 707 natura,
2132 653 2293 713 atque
2315 644 2465 699 illiue
2488 645 2751 716 principia
2774 653 2827 701 et
2850 661 3043 701 causas
3074 646 3258 709 habet,
3286 656 3335 700 et
3369 645 3437 700 ad

1885 734 2038 787 illum
2068 744 2241 798 nutat,
2273 744 2327 789 et
2365 736 2719 799 convertitur,
2755 744 2810 792 et
2842 738 2898 791 in
2927 752 2992 792 eo
3025 748 3319 806 permanet.
3359 735 3437 790 Ac

1884 827 2166 894 quoniam,
2199 827 2340 881 sicut
2368 827 2444 880 ait
2482 828 2774 896 Apostolus
2795 828 2861 892 ",
2895 830 3221 897 sempiterna
3265 828 3437 882 virtus

1887 926 1943 973 et
1973 917 2149 973 deitas
2181 934 2211 971 a
2252 917 2437 971 mundi
2470 927 2719 972 creatura
2757 920 2884 972 dum
2921 918 3260 988 intelligitur,
3306 934 3437 972 con-

1892 1010 2143 1079 spicitur,
2178 1019 2461 1080 propterea
2491 1012 2668 1066 omnis
2700 1019 2967 1076 creatura,
2999 1020 3052 1065 et
3076 1021 3201 1065 ante
3231 1012 3435 1072 omnia,

1886 1101 2028 1156 sicut
2059 1103 2190 1155 dicit
2232 1120 2430 1167 sermo,
2465 1105 2519 1157 in
2550 1103 2703 1157 cwlis
2725 1114 2971 1165 ornatus,
3002 1118 3096 1173 per
3126 1112 3291 1157 artem
3319 1118 3439 1171 qua:

1887 1194 1945 1247 in
1974 1196 2057 1249 his
2091 1211 2210 1264 qua:
2248 1196 2389 1249 facta
2436 1205 2565 1250 sunt
2605 1205 2850 1266 apparet,
2890 1195 3008 1263 ejus
3061 1197 3153 1264 qui
3196 1195 3438 1249 condidit

1886 1287 2207 1354 sapientiam
2256 1288 2609 1341 demonstrat.
2668 1289 2841 1356 Atque
2903 1287 3003 1340 hoc
3060 1286 3190 1339 mihi
3229 1288 3440 1339 vitietur

1887 1378 2024 1431 velle
2076 1394 2139 1431 ex
2176 1379 2261 1433 his
2295 1396 2415 1452 qua:
2460 1391 2719 1451 apparent
2764 1378 3130 1434 testimonium
3163 1378 3436 1441 exhibere,

1886 1466 2030 1534 quod
2046 1481 2108 1521 ea
2128 1484 2246 1537 qua:
2263 1478 2390 1525 sunt
2419 1472 2691 1539 sapienter
2712 1480 2763 1524 et
2789 1469 3082 1523 artiticiose
3105 1477 3435 1533 t‘Otistt‘ut'la,

1887 1569 2205 1626 permanent
2238 1561 2291 1613 in
2323 1570 2640 1631 perpetuum
2666 1562 2719 1615 in
2755 1562 2951 1615 virtute
2983 1562 3103 1629 ejus
3132 1560 3223 1629 qui
3255 1562 3437 1613 omnia

1888 1648 2172 1716 gubernat.
2206 1650 2355 1720 Ipsos
2406 1653 2581 1720 inquit
2632 1654 2822 1716 etelos,
2850 1667 2944 1721 per
2974 1668 3093 1721 qua:
3117 1652 3438 1721 sapientiam

1886 1738 2005 1807 ejus
2030 1740 2121 1808 qui
2144 1742 2383 1796 condidit
2408 1742 2803 1806 demonstrant,
2833 1743 3220 1813 propemodum
3247 1757 3435 1796 vocem

1820 1811 1863 1865 Β
1892 1833 2201 1888 emittentes
2230 1836 2463 1891 clamare
2499 1844 2551 1890 et
2579 1836 2872 1905 prmdieare
2898 1836 3015 1889 sine
3044 1848 3193 1899 voce,
3231 1834 3442 1904 opiﬁcis

1891 1926 2238 1993 sapientiam.
2271 1924 2422 1981 Licet
2453 1927 2597 1981 enim
2632 1928 2778 1981 velut
2805 1940 3053 1981 sermone
3091 1925 3204 1979 haec
3233 1924 3439 1980 docen-

1888 2020 1970 2069 tes
2003 2017 2213 2081 audire,
2252 2018 2395 2087 quod
2427 2019 2487 2073 In
2518 2034 2620 2073 nos
2662 2026 2966 2081 cernentes,
3010 2032 3043 2071 o
3087 2017 3354 2079 homines,
3385 2023 3442 2070 et

1889 2110 2083 2177 quaiin
2116 2109 2275 2165 nobis
2304 2118 2386 2164 est
2411 2110 2889 2180 pulchritudinem,
2921 2117 2977 2165 et
3013 2110 3439 2179 magnitudinem

1889 2216 2206 2271 semperque
2252 2202 2504 2257 mobilem
2551 2205 2691 2257 hanc
2739 2204 2791 2257 in
2842 2203 3028 2259 orbem
3085 2203 3439 2269 lationem,et

1889 2290 2025 2345 bene
2053 2292 2387 2355 ordinatum,
2420 2307 2484 2348 ac
2519 2294 2843 2349 concinnum
2889 2308 2985 2363 per
3008 2292 3195 2348 eadem
3227 2308 3442 2361 semper

1888 2389 1942 2436 et
1971 2382 2162 2436 eodem
2190 2382 2661 2439 modohahentem
2699 2393 2927 2450 motum,
2956 2384 3149 2437 animis
3179 2384 3443 2438 advertite

1888 2481 2085 2528 nostra:
2111 2474 2519 2530 constitutionis
2551 2485 2829 2531 auctorem
2858 2482 2911 2530 et
2934 2475 3238 2545 praesidem,
3263 2484 3315 2529 et
3345 2490 3442 2544 per

1888 2576 2234 2635 apparentem
2261 2567 2717 2635 pulchritudinem
2746 2569 3061 2637 primariam
3091 2578 3144 2622 et
3163 2570 3442 2637 exempla-

1886 2670 2023 2721 rem,
2052 2665 2213 2727 atque
2231 2644 2561 2715 invisibilem
2590 2659 3050 2730 pulchritudinem
3077 2660 3286 2714 ratione
3315 2675 3442 2729 per-

1887 2749 2123 2819 pendite.
2174 2748 2319 2804 Nihil
2364 2751 2419 2806 in
2464 2753 2623 2807 nobis
2683 2753 2887 2821 absque
2940 2751 3169 2806 Domino
3201 2761 3254 2808 et
3292 2760 3444 2807 certo

1888 2850 2131 2904 auctore,
2170 2842 2303 2897 nihil
2352 2859 2449 2912 per
2495 2859 2554 2900 se
2588 2845 2785 2898 mobile
2824 2846 2906 2899 vel
2947 2858 3076 2897 casu
3123 2852 3175 2896 et
3217 2844 3444 2898 fortuito

1886 2931 2211 2997 incitatum;
2254 2932 2348 2988 sed
2398 2934 2658 3004 quidquid
2708 2935 2764 2987 in
2806 2934 2966 2988 nobis
3005 2944 3231 3004 apparet
3277 2945 3329 2988 et
3359 2936 3445 2989 in-

1885 3022 2161 3092 telligiiur,
2187 3038 2251 3077 ex
2279 3024 2499 3078 sublimi
2553 3034 2609 3079 et
2652 3024 3018 3094 inexplicabili
3042 3025 3276 3093 potentia
3307 3040 3441 3094 pen-

1887 3115 1996 3170 det.
2028 3115 2154 3169 tlaae
2193 3118 2410 3185 quidem
2442 3132 2549 3171 non
2578 3123 2706 3171 sunt
2746 3131 2923 3171 sermo
2968 3118 3307 3180 articulatus,
3346 3114 3441 3171 sed

1887 3221 1984 3277 per
2014 3220 2078 3261 ea
2106 3221 2225 3277 quae
2253 3215 2517 3277 apparent
2544 3206 2716 3277 magis
2744 3207 2992 3262 inserunt
3018 3208 3217 3261 animis
3242 3206 3443 3260 divinae

1888 3297 2107 3354 virtutis
2156 3300 2541 3367 cognitionem,
2599 3300 2780 3367 potius
2823 3314 2987 3369 quam
3038 3299 3084 3355 si
3119 3313 3213 3368 per
3256 3312 3443 3353 vocem

1887 3403 2067 3444 sermo
2113 3389 2469 3459 praedicaret.
2511 3388 2975 3454 Quemadmodum
3028 3390 3193 3459 igitur
3242 3390 3443 3445 emtum

1886 3488 2123 3545 enarrat,
2169 3494 2267 3532 nec
2305 3479 2569 3549 loquitur,
2615 3489 2669 3534 et
2706 3482 2993 3533 annuntiat
3044 3481 3443 3533 ﬁrmamentum

1888 3569 1983 3625 Dei
2010 3572 2403 3639 operationem,
2441 3586 2615 3641 neque
2644 3587 2775 3627 voce
2817 3572 3040 3642 indiget,
3077 3586 3176 3626 nec
3214 3571 3445 3626 verbum

1886 3661 2004 3717 dies
2054 3663 2289 3731 proiicit,
2340 3672 2393 3717 et
2425 3678 2533 3717 non
2585 3672 2669 3718 est
2719 3664 2933 3735 loquela
2964 3704 2979 3725 ,
3036 3678 3214 3734 neque
3244 3664 3446 3719 dixerit

1885 3753 2171 3822 quisquam
2216 3754 2531 3808 vaticinium
2578 3769 2833 3810 errasse:
2867 3754 3058 3811 eodem
3113 3755 3274 3811 modo
3308 3772 3445 3826 quo-

1886 3845 2031 3903 niam
2066 3860 2206 3901 unus
2241 3848 2507 3901 ambobus
2540 3845 2673 3900 Mosi
2706 3856 2761 3900 et
2794 3844 3252 3917 David(Spiritus,
3286 3848 3435 3916 dico,

1889 3932 2324 4000 sanctus)doctor
2354 3937 2474 4001 fuit,
2500 3936 2592 4007 qui
2615 3938 2830 4005 jussum
2865 3948 3125 3992 creatura:
3158 3939 3445 4008 praefuisse

1887 4027 2043 4091 dicit,
2083 4044 2190 4082 non
2216 4028 2513 4083 verborum.
2535 4031 2693 4084 nobis
2712 4030 2959 4099 opiﬁcem
2993 4030 3158 4086 Deum
3189 4034 3440 4103 subjicit,

1888 4120 1984 4177 sed
2026 4137 2206 4177 rerum
2256 4138 2378 4192 quae
2427 4122 2713 4177 verborum
2759 4124 3156 4192 signiﬁcatione
3226 4126 3441 4183 innote-

1888 4220 2067 4269 scunt.
2082 4213 2162 4268 Ne
2178 4215 2322 4267 enim
2354 4212 2595 4281 quaedam
2625 4212 2745 4267 sine
2769 4221 2917 4266 certo
2932 4221 3152 4268 auctore
3172 4223 3225 4269 et
3252 4225 3445 4285 sponte

1887 4318 1986 4358 sua
2011 4305 2159 4359 edita
2198 4320 2342 4370 esse,
2381 4304 2559 4374 quoad
2595 4304 2949 4367 creationem,
2998 4305 3181 4359 animo
3216 4321 3442 4377 capere-

1886 4412 2030 4458 mus,
2077 4398 2237 4451 etiam
2274 4397 2414 4451 hanc
2458 4396 2693 4466 genitam
2740 4412 2859 4451 esse
2902 4396 2972 4451 ab
3009 4397 3201 4453 ordine
3250 4414 3445 4456 eorum

227 4493 449 4563 μᾶλλον,
473 4494 540 4547 δι’
578 4495 806 4549 ἑκάστου
832 4496 940 4551 τῶν
976 4497 1389 4568 γεγραμμένων,
1424 4500 1484 4553 16
1513 4502 1787 4573 πεπλανη-

1886 4504 2007 4561 qute
2040 4489 2098 4545 in
2149 4488 2336 4543 mundi
2383 4489 2657 4543 creatione
2684 4503 2714 4542 a
2741 4487 2889 4543 bluse
2932 4490 2987 4543 in
3035 4490 3275 4546 historia:
3314 4493 3447 4547 cha-

227 4586 389 4657 μένον
426 4603 485 4641 τε
543 4589 635 4642 καὶ
664 4588 890 4658 μάταιον
923 4588 1024 4658 τῆς
1057 4589 1165 4642 τῶν
1190 4591 1443 4647 ἐναντίων
1472 4593 1785 4666 ὑπολήψεως

1885 4589 2097 4636 ractere
2151 4581 2457 4650 dogmatice
2490 4580 2633 4634 dicta
2672 4588 2821 4643 sunt,
2873 4581 3083 4636 discere
3117 4583 3264 4639 licet.
3321 4584 3447 4641 Ete-

224 4677 472 4748 φανερῶς
530 4678 841 4749 διηλέγχθη.
882 4678 1096 4743 Ἔξεστι
1143 4680 1200 4734 δὲ
1238 4682 1314 4751 τῷ
1349 4682 1650 4755 βουλομένῳ
1672 4689 1784 4752 τοῖς

224 4772 303 4832 εἰς
327 4770 425 4841 τὴν
476 4770 689 4824 Γένεσιν
734 4772 1130 4841 πεπονημένοις
1160 4774 1288 4842 ἡμῖν
1320 4776 1611 4844 ἐντυχόντι,
1640 4776 1784 4831 δοκι-

226 4862 397 4932 μάσαι
420 4861 527 4915 τῶν
574 4879 633 4914 τε
669 4863 947 4933 ἡμετέρων
977 4866 1070 4917 καὶ
1099 4864 1206 4918 τῶν
1235 4865 1562 4920 ὑπεναντίων
1590 4868 1784 4939 δογμάο

221 4969 329 5005 των
351 4953 441 5005 τὸν
471 4952 883 5024 ἀκολουοότερον
922 4953 1096 5023 λόγον.
1135 4955 1270 5008 Ἀλλ’
1309 4957 1399 5008 ἐπὶ
1428 4958 1526 5027 τὴν
1563 4974 1785 5029 προκει-

226 5044 395 5115 μένην
416 5045 546 5115 ἡμίν
577 5045 808 5116 σπουδὴν
836 5046 1165 5100 ἐπανακτέον
1200 5048 1289 5100 τὸν
1322 5048 1487 5117 λόγον.

298 5302 419 5353 Ὂτι
451 5301 513 5353 ού
542 5301 758 5365 πάντως
792 5304 883 5355 ἐπὶ
922 5303 1053 5358 Θεοῦ
1092 5306 1274 5376 φωνὴν
1318 5308 1409 5361 καὶ
1442 5309 1594 5381 ῥῆμα
1622 5312 1656 5380 ἠ
1693 5312 1785 5365 τοῦ

218 5394 565 5462 είπεῖνλέξις
588 5396 935 5463 ἐνδείκνυται,
962 5398 1093 5453 ἀλλά
1117 5398 1192 5470 τῷ
1217 5401 1509 5472 βουλήματι
1536 5403 1628 5456 τοῦ
1654 5404 1787 5458 Θεοῦ

223 5489 519 5558 σύνδρομον
545 5490 915 5558 ἀποφαίνουσα
937 5493 1035 5565 τὴν
1062 5492 1307 5565 δύναμιν,
1333 5495 1788 5567 αἰσθητικώτερον

222 5580 353 5648 ἡμῖν
382 5579 481 5649 τὴν
509 5579 702 5652 νοητὴν
741 5582 1079 5637 ὑποδείκνυσι
1129 5583 1381 5657 θεωρίανο
1425 5586 1636 5658 Ἐπειδὴ
1682 5590 1789 5660 γὰρ

219 5668 486 5739 θελήματι
518 5669 612 5723 τοῦ
633 5671 765 5724 Θεοῦ
780 5674 1004 5745 συνέστη
1030 5677 1097 5731 τά
1126 5677 1321 5743 πάντα,
1351 5678 1575 5750 σύνηθες
1598 5679 1657 5733 δὲ
1676 5682 1789 5744 τοῖς

221 5760 528 5831 ἀνθρώποις
577 5760 719 5831 λόγῳ
756 5764 970 5836 πρῶτον
1018 5767 1392 5841 διασημαίνειν
1426 5770 1487 5826 16
1516 5770 1782 5844 βούλημα,

290 5871 340 5909 ι’
369 5869 526 5927 Rom.
558 5887 597 5939 ι,
625 5867 710 5927 εο.

1883 4676 2019 4739 nim,
2056 4691 2120 4729 ex
2157 4687 2488 4744 unoquoque
2531 4674 2827 4743 Scriptura:
2859 4676 3000 4741 loco,
3032 4689 3170 4731 vana
3209 4685 3264 4732 et
3294 4692 3448 4732 erro-

1887 4782 1985 4821 nea
2007 4765 2447 4820 adversariorum
2471 4765 2655 4835 opinio
2677 4766 2850 4835 magis
2872 4775 3057 4836 aperte
3077 4767 3441 4838 redarguitur.

1882 4855 2035 4912 Licet
2064 4865 2247 4911 autem
2278 4857 2503 4911 cuilibet
2534 4860 2712 4927 tegere
2736 4858 2940 4913 volenti
2972 4874 3091 4928 qua:
3122 4861 3443 4929 scripsimus

1890 4950 1945 5005 in
1975 4948 2224 5004 Genesim
2257 4950 2611 5020 perpendere,
2638 4951 2887 5020 nunquid
2911 4952 2985 5007 sit
3008 4964 3318 5007 nostrorum
3344 4953 3443 5008 de-

1888 5051 2160 5097 cretorum
2192 5041 2331 5095 ratio
2359 5042 2531 5112 magis
2555 5050 2947 5107 consentanea,
2987 5058 3057 5096 an
3099 5043 3444 5100 adversario-

1887 5149 2031 5187 rum.
2066 5130 2173 5187 Sed
2196 5131 2262 5186 ad
2292 5134 2634 5204 propositum
2664 5135 2826 5189 nobis
2869 5134 3109 5190 studium
3140 5138 3447 5193 revocanda

1886 5234 1971 5281 est
2004 5224 2198 5279 oratio.

1955 5314 2106 5381 Quod
2139 5315 2195 5369 in
2219 5313 2327 5368 Deo
2352 5328 2538 5369 vocem
2564 5322 2620 5369 et
2640 5314 2865 5370 verbum
2893 5314 3061 5370 dictio
3091 5315 3225 5384 haec,
3254 5316 3443 5387 Dixit,

1887 5408 2110 5463 minime
2138 5408 2505 5469 demonstrat,
2537 5405 2632 5460 sed
2662 5406 2753 5459 Dei
2782 5406 3045 5461 voluntati
3075 5410 3326 5465 comitem
3356 5427 3449 5480 po-

1890 5499 2111 5555 tentiam
2131 5496 2415 5553 declarans
2438 5536 2453 5561 ,
2478 5495 2732 5550 sensibus
2754 5495 3221 5553 accommodatius
3244 5498 3445 5557 intelli-

1889 5590 2108 5659 gibilem
2141 5588 2379 5645 ostendit
2408 5587 2940 5658 contemplationem.
2977 5587 3245 5656 Quoniam
3281 5592 3448 5662 igitur

1889 5681 1983 5737 Dei
2012 5680 2289 5735 voluntate
2325 5678 2631 5734 consistunt
2670 5679 2874 5747 omnia,
2916 5680 3227 5739 hominibus
3268 5696 3444 5739 autem

1891 5782 2209 5829 consuetum
2237 5780 2291 5827 et
2321 5769 2590 5847 familiare
2631 5786 2880 5830 sermone
2921 5774 3156 5847 primum
3202 5776 3450 5832 volunta-
