4006 6486
564 339 670 403 Θὸτ

1756 324 1815 381 s.
1848 320 2170 381 GBEGORII
2225 319 2515 378 NYSSENI
3676 330 3756 388 93;

567 452 676 500 tem
725 443 1064 517 signiﬁcare,
1119 447 1174 498 et
1227 439 1309 498 sic
1356 455 1493 513 opus
1519 439 1787 496 voluntati
1833 452 2134 495 consonum

2238 437 2333 490 καὶ
2352 437 2524 499 οὕτως
2539 437 2762 505 ἐπάγειν
2781 435 2841 490 τὸ
2855 437 3012 508 ἔργον
3040 436 3361 507 συμφωνοῦν
3379 437 3457 508 τῷ
3478 436 3757 510 βουλήματιο

568 537 865 603 inducere;
917 534 1200 605 Scriptura
1262 540 1442 588 autem
1499 532 1567 586 de
1624 530 1816 587 mundi
1861 530 2136 586 creatione

567 626 970 697 quodammodo
1034 625 1104 680 ad
1175 623 1269 680 Dei
1327 623 1690 696 cognitionem
1750 621 2136 691 incipientibus

565 719 967 777 introductoria
995 726 1113 783 est,
1143 733 1241 788 per
1269 731 1333 772 ea
1359 731 1479 786 qua:
1523 724 1651 771 sunt
1693 715 2030 786 promptiora
2065 713 2134 767 ad

566 811 969 882 cognitionem,
1017 810 1186 864 robur
1233 817 1287 864 et
1336 808 1632 878 potentiam
1679 808 1876 862 divina:
1925 815 2136 861 natura

567 913 957 975 reprasentat,
995 904 1298 974 promptior
1331 911 1511 956 autem
1553 909 1640 956 est
1683 901 1750 955 ad
1793 916 1982 956 eorum
2013 916 2136 971 quae

572 997 953 1067 intelliguntur
990 995 1355 1066 cognitionem
1397 1009 1460 1049 ea
1497 1009 1619 1064 qua:
1665 993 1722 1047 ﬁt
1775 1007 1870 1063 per
1911 1008 2133 1047 sensum

567 1087 1014 1158 comprehensio:
1045 1086 1212 1156 hujus
1243 1100 1408 1141 causa
1440 1085 1615 1142 Moses
1646 1101 1742 1156 per
1779 1083 1831 1137 id
1873 1083 2018 1154 quod
2047 1083 2134 1138 di-

569 1182 650 1236 xit
678 1180 844 1236 Deum
868 1180 1100 1248 jussisse
1131 1179 1282 1243 ﬁeri,
1313 1180 1637 1234 excitantem
1666 1179 1961 1233 voluntatis
1986 1187 2136 1248 pote-

566 1280 765 1329 statem
791 1271 1067 1342 exprimit.
1091 1271 1226 1325 Cum
1263 1272 1488 1340 adjecit,
1525 1270 1593 1324 Et
1624 1272 1699 1324 ita
1729 1271 1929 1340 factum
1958 1280 2034 1324 est
2064 1270 2130 1333 “,

568 1363 773 1418 nullam
801 1377 923 1417 esse
956 1362 1251 1416 voluntatis
1279 1370 1334 1416 et
1365 1370 1520 1417 actus
1565 1362 1619 1416 in
1665 1361 1850 1416 divina
1893 1361 2132 1432 potentia

565 1454 929 1509 dill‘erentiam
959 1453 1232 1519 05Iendit,
1259 1453 1356 1509 sed
1387 1453 1546 1508 docet
1579 1453 1633 1506 in
1661 1452 1768 1508 Deo
1799 1454 2133 1508 intellectum

567 1545 711 1599 actui
738 1545 928 1615 praeire
945 1587 960 1610 ,
985 1560 1092 1598 non
1120 1552 1300 1600 tamen
1323 1554 1502 1599 actum
1527 1546 1748 1616 cognito
1776 1546 2131 1615 posteriorem

566 1654 722 1700 esse,
755 1637 849 1693 sed
884 1638 1043 1692 simul
1081 1637 1224 1703 duo,
1255 1649 1308 1694 et
1350 1639 1650 1694 secundum
1697 1639 1837 1692 idem
1881 1638 2134 1693 conside-

566 1732 706 1794 rari,
737 1741 789 1784 et
815 1731 1097 1785 electivam
1133 1733 1332 1786 mentis
1366 1733 1660 1786 motionem
1698 1739 1752 1786 et
1781 1731 2130 1801 perlectivam

2233 529 2268 598 η
2296 529 2352 581 δέ
2404 527 2592 599 Γραφὴ
2647 528 2743 597 τῆς
2786 527 3167 598 κοσμογενείας
3201 529 3531 598 εἰσαγωγική
3575 535 3756 594 mel;

2235 619 2561 688 θεογνωσίαν
2589 621 2699 682 τοῖς
2725 618 3045 688 ἀρχομένοις
3059 619 3196 682 ἐστὶ,
3219 618 3308 672 διὰ
3320 620 3426 671 τῶν
3444 620 3758 692 ἑτοιμοτέρων

2233 712 2315 774 είς
2332 710 2656 780 κατανόησιν
2675 709 2772 779 τὴν
2793 711 2943 780 ἰσχὺν
2965 713 3065 781 τῆς
3084 711 3231 774 Θείας
3248 711 3541 784 παρίστησι
3559 713 3758 781 φύσεως,

2232 802 2646 874 προχειρότερον
2665 801 2722 854 δὲ
2751 803 2830 866 εἰς
2848 803 3046 870 γνῶσιν
3062 804 3169 856 τῶν
3196 803 3497 873 νοουμένων
3590 804 3668 856 διὰ
3683 808 3760 874 τῆς

2233 896 2536 967 αἰσθήσεως
2566 895 2867 966 κατάληψις
2899 897 3136 963 γίνεται⁹
3164 895 3350 949 τούτου
3385 896 3543 966 χάριν
3577 893 3605 945 ὀ
3629 897 3762 950 Mini-

2235 988 2333 1058 σῆς
2360 988 2447 1042 διὰ
2474 987 2566 1041 τοῦ
2599 990 2774 1041 εἰπεῖν
2793 989 2882 1041 τὸν
2914 988 3045 1040 Θεὸν
3064 987 3181 1041 τόδε
3201 988 3452 1056 γενέσθαι
3475 988 3760 1058 προστάξαι,

2232 1080 2330 1151 τὴν
2359 1079 2664 1152 όρμητικὴν
2707 1079 2801 1133 τοῦ
2847 1080 3144 1151 θελήματος
3177 1078 3420 1144 ἐξουσίαν
3466 1079 3759 1150 παρίστησι·

2233 1171 2320 1228 διὰ
2361 1171 2414 1224 δὲ
2440 1171 2531 1224 τοῦ
2564 1172 2872 1242 προσθεῖναι
2900 1171 3096 1237 τὸ,Καὶ
3116 1170 3351 1240 ἐγένετο
3371 1171 3577 1237 οὕτως,
3599 1171 3653 1224 τὸ
3680 1190 3764 1242 μη-

2231 1263 2421 1334 δεμίαν
2465 1263 2602 1318 εἶναι
2646 1265 2906 1334 διαφορὰν
2941 1262 3273 1334 βουλήματός
3313 1280 3371 1317 τε
3398 1264 3490 1317 καὶ
3519 1265 3762 1333 ἐνεργείας

2232 1359 2324 1411 ἐπὶ
2380 1357 2482 1426 τῆς
2531 1357 2678 1422 Θείας
2709 1357 3036 1411 ἐνδείκνυται
3094 1355 3329 1425 φύσεως,
3381 1355 3518 1410 ἀλλὰ
3557 1355 3764 1409 διδάσκει

2233 1449 2588 1522 καθηγεῖσθαι
2637 1452 2733 1521 μὲν
2774 1450 2866 1504 ἐπὶ
2893 1449 2985 1503 τοῦ
3041 1449 3174 1503 Θεοῦ
3233 1451 3332 1519 τῆς
3370 1448 3641 1518 ἐνεργείας
3683 1449 3763 1517 τὴν

2231 1542 2436 1611 νόησιν,
2466 1542 2566 1594 ούκ
2593 1540 2964 1611 ἐφυστερίζειν
2977 1540 3033 1593 δὲ
3057 1541 3194 1610 μετὰ
3211 1541 3271 1593 τὸ
3299 1539 3486 1610 νοηθὲν
3525 1540 3619 1608 τὴν
3637 1540 3764 1609 ἐνέρ-

2232 1652 2405 1703 γειαν,
2427 1634 2539 1687 ἀλλ’
2569 1635 2686 1704 ἅμα
2720 1633 2787 1686 τὰ
2807 1634 2920 1694 δύο,
2950 1633 3044 1686 καὶ
3070 1631 3207 1685 κατὰ
3229 1632 3420 1684 ταύτὸν
3457 1631 3764 1701 θεωρεῖσθαι,

2232 1728 2332 1798 τήν
2360 1744 2419 1779 τε
2454 1725 2840 1797 προαιρετικὴν
2860 1725 2954 1778 τοῦ
2993 1723 3080 1777 νοῦ
3112 1724 3322 1794 κίνησιν
3362 1725 3454 1777 καὶ
3479 1723 3578 1794 τὴν
3601 1725 3766 1776 ἀποτε-

567 1823 646 1876 rei
677 1824 995 1891 potentiam.
1027 1822 1242 1877 Nullum
1288 1824 1434 1878 enim
1479 1823 1625 1878 dedit
1665 1800 1902 1878 medium
1944 1824 2134 1878 intelli-

2234 1820 2486 1890 λεστικὴν
2513 1817 2606 1872 τοῦ
2638 1818 2960 1889 πράγματος
2990 1816 3239 1887 δύναμιν.
3271 1815 3434 1868 Οὐδὲν
3459 1816 3568 1886 γὰρ
3598 1816 3766 1868 ἔδωκεν

563 1913 801 1985 gendum
845 1914 982 1968 ratio
1021 1913 1308 1969 electionis
1353 1924 1406 1968 et
1436 1915 1710 1979 actionis;
1748 1915 1842 1970 sed
1873 1914 2136 1984 quemad-

565 2007 786 2060 modum
815 2021 937 2060 cum
969 2007 1293 2061 accensioue
1328 2007 1556 2062 ﬂamma:
1601 2009 1764 2062 etiam
1814 2009 1990 2079 fulgor
2039 2024 2136 2079 ap-

567 2104 751 2167 paret,
784 2096 876 2166 qui
906 2112 971 2152 ex
1001 2097 1090 2150 illa
1121 2107 1205 2152 est
1227 2140 1241 2164 ,
1273 2108 1326 2152 et
1355 2113 1477 2152 cum
1510 2099 1626 2168 ipsa
1655 2099 1912 2171 effulget:
1944 2101 2132 2155 eodem

568 2188 730 2240 modo
757 2202 891 2255 opus
915 2187 1133 2256 quidem
1159 2189 1354 2243 divina:
1379 2191 1669 2247 voluntatis
1693 2200 1775 2246 est
1799 2207 1988 2247 eorum
2015 2207 2137 2261 quae

567 2276 714 2332 facta
753 2287 882 2333 sunt
912 2280 1220 2335 substantia
1247 2320 1263 2346 ,
1297 2298 1403 2336 non
1446 2292 1624 2340 tamen
1664 2284 1856 2340 ordine
1893 2286 2136 2340 secundo

564 2371 818 2439 sequitur
853 2379 974 2439 post
1009 2372 1362 2431 voluntatem.
1405 2373 1522 2428 Non
1559 2376 1706 2430 enim
1729 2415 1744 2439 ,
1778 2378 2136 2446 quemadmo-

568 2461 701 2515 dum
734 2462 787 2515 in
814 2463 937 2517 aliis
963 2463 1162 2531 quibus
1188 2466 1367 2533 aliqua
1400 2469 1641 2535 potentia
1669 2470 1846 2522 activa
1877 2479 1961 2524 est
1991 2486 2018 2524 a
2048 2485 2138 2524 na-

567 2561 726 2616 tura,
762 2555 863 2608 hoc
891 2555 1108 2623 quidem
1139 2559 1380 2624 potentia
1415 2561 1680 2624 cernitur,
1716 2562 1846 2614 illud
1880 2577 2008 2616 vero
2051 2579 2137 2618 se-

568 2647 808 2699 cundum
863 2654 1018 2701 actus
1073 2649 1579 2717 complementum;
1637 2653 1870 2721 exempli
1923 2654 2134 2722 gratia,

567 2754 785 2808 semper
809 2739 1029 2808 quidem
1059 2740 1291 2796 dicimus
1319 2757 1440 2796 esse
1487 2743 1704 2797 navium
1750 2744 2134 2802 fabricatorem

561 2830 622 2886 in
675 2830 909 2900 potentia
962 2831 1247 2887 habentem
1296 2842 1468 2889 artem
1520 2837 1740 2891 navium
1791 2837 2136 2893 fabricanda-

567 2937 728 2992 rum,
775 2923 990 2992 operari
1037 2932 1216 2980 autem
1263 2940 1387 2980 cum
1437 2928 1492 2980 in
1539 2929 1794 2999 operibus
1840 2933 2133 2986 scientiam

563 3015 826 3070 ostendit.
866 3014 982 3070 Non
1027 3017 1108 3070 sic
1149 3019 1200 3071 in
1249 3017 1404 3072 beata
1447 3020 1591 3085 vita,
1637 3021 1730 3077 sed
1775 3031 1944 3077 totum
1988 3024 2134 3095 quod

2234 1913 2482 1983 ἐννοῆσαι
2541 1909 2703 1983 μέσον
2749 1912 2777 1962 ὁ
2812 1911 2966 1977 λόγος
3007 1909 3108 1979 τῆς
3150 1909 3524 1980 προαιρέσεως
3567 1908 3654 1960 καὶ
3688 1909 3766 1977 τῆς

2235 2005 2508 2076 πράξεως,
2558 2003 2672 2058 ἀλλ’
2712 2002 2899 2073 ὥσπερ
2930 2004 2996 2072 τῇ
3041 2001 3227 2070 ἐξάψει
3273 2004 3372 2071 τῆς
3414 2000 3609 2068 φλογὸς
3636 2001 3766 2069 καὶὴ

2233 2101 2375 2172 αὐγὴ
2397 2100 2827 2168 συνεκφαίνεται,
2849 2097 2942 2150 καὶ
2969 2097 3026 2162 ἐξ
3044 2096 3256 2165 ἐκείνης
3275 2091 3427 2158 οὖσα,
3443 2096 3539 2147 καί
3564 2094 3669 2165 μετ’
3691 2094 3768 2146 ati-

2233 2197 2331 2265 τῆς
2346 2192 2812 2259 συνεκλάμπουσα,
2846 2189 2986 2243 κατὰ
3010 2188 3099 2240 τὸν
3117 2188 3277 2242 αὑτὸν
3291 2188 3489 2258 τρόπον
3523 2188 3671 2256 ἔργον
3692 2189 3768 2256 μὲν

2233 2287 2326 2341 τοῦ
2352 2288 2497 2340 θείου
2522 2286 2820 2356 θελήματος
2853 2287 2887 2354 ὴ
2927 2283 3035 2336 τῶν
3063 2282 3359 2350 γεγονότων
3387 2281 3534 2334 ἐστὶν
3561 2282 3768 2334 ὑπόστα-

2237 2398 2338 2444 σις,
2371 2380 2430 2433 οὐ
2483 2381 2588 2450 μὴν
2628 2377 2929 2447 δευτερεύει
2973 2379 3038 2448 τῇ
3085 2375 3231 2439 τάξει
3265 2374 3400 2445 μετὰ
3436 2375 3498 2427 τὸ
3533 2374 3767 2444 βούλημα.

2236 2474 2309 2525 Οὐ
2338 2471 2466 2542 γὰρ,
2495 2471 2680 2541 ὥσπερ
2712 2471 2801 2524 ἐπὶ
2840 2470 2947 2522 τῶν
2982 2469 3152 2522 ἄλλων
3177 2463 3258 2530 οἷς
3285 2485 3369 2530 τις
3401 2466 3671 2537 πρακτικὴ
3695 2465 3768 2518 δύ-

2236 2582 2397 2633 ναμις
2432 2566 2495 2616 ἐκ
2523 2562 2735 2631 φύσεώς
2765 2564 2900 2624 ἐστι,
2927 2561 2986 2614 τὸ
3023 2561 3119 2630 μέν
3151 2560 3375 2630 δυνάμει
3405 2560 3698 2630 θεωρεῖται,
3725 2558 3772 2610 τὸ

2235 2658 2291 2711 δέ
2331 2661 2470 2712 κατὰ
2504 2659 2600 2728 τὴν
2629 2657 2728 2726 τῆς
2761 2655 3039 2726 ἐνεργείας
3068 2653 3409 2723 ἐκπλήρωσιν
3431 2670 3443 2681 ·
3465 2651 3563 2719 ὡς,
3576 2651 3693 2720 φέρε
3713 2652 3773 2702 elo

2236 2759 2383 2820 πεῖν,
2411 2756 2498 2808 ἀεὶ
2543 2755 2638 2825 μὲν
2672 2748 2808 2806 εἶναι
2847 2751 3122 2820 ναυπηγόν
3152 2766 3330 2819 φαμεν
3359 2750 3423 2818 τῇ
3453 2746 3671 2815 δυνάμει
3697 2745 3770 2796 τὸν

2233 2846 2332 2918 τὴν
2361 2844 2702 2916 ναυπηγικὴν
2739 2843 3151 2914 ἐχοντατέχνην,
3179 2841 3417 2911 ἐνεργεῖν
3451 2838 3510 2891 δὲ
3531 2837 3648 2890 τότε
3669 2838 3773 2889 ὅταν

2235 2940 2326 2993 ἐπὶ
2357 2938 2466 2991 τῶν
2492 2938 2663 3009 ἔργων
2709 2937 2852 3007 δείξῃ
2882 2936 2980 3005 τὴν
3001 2934 3325 3002 ἐπιστήμην.
3359 2931 3470 3000 Οὐχ
3507 2930 3672 2992 οῦτως
3699 2926 3772 2980 καὶ

2235 3033 2326 3086 ἐπὶ
2351 3035 2450 3104 τῆς
2501 3032 2774 3104 μακαρίας
2803 3029 2968 3100 ζωῆς,
3002 3029 3113 3082 ἀλλ’
3137 3029 3256 3081 ὅλον
3287 3028 3314 3079 ὃ
3362 3042 3413 3078 τι
3440 3025 3549 3096 πέρ
3571 3027 3703 3078 ἐστιν
3727 3024 3773 3074 ἐν

564 3107 787 3178 quidem
840 3108 895 3162 in
949 3109 1040 3162 illa
1093 3110 1434 3179 intelligitur,
1486 3113 1674 3167 ellicax
1714 3123 1833 3179 est,
1883 3123 1936 3170 et
1978 3125 2134 3172 actus

2237 3127 2417 3198 ἐκείνῃ
2442 3126 2747 3197 νοούμενον,
2783 3124 3020 3194 ἐνεργές,
3055 3120 3148 3174 καὶ
3174 3118 3367 3191 πρᾶξίς
3397 3119 3567 3178 ἐστιν,
3585 3116 3774 3186 άμέσως

565 3206 685 3262 est,
717 3198 996 3253 voluntate
1021 3201 1137 3254 sine
1168 3202 1346 3255 medio
1370 3202 1436 3256 ad
1470 3202 1628 3259 linem
1659 3205 1762 3260 sibi
1794 3207 2135 3276 propositum

565 3297 907 3344 transeunte.
943 3289 1012 3344 Ut
1047 3292 1213 3359 igitur
1247 3293 1336 3360 qui
1383 3295 1438 3348 in
1467 3297 1608 3350 cmlo
1648 3305 1732 3351 est
1759 3307 1988 3354 ornatus
2007 3301 2137 3371 Opi-

567 3377 658 3432 ﬁci
688 3379 914 3448 gloriam
948 3381 1288 3446 testiﬁcatur,
1313 3391 1366 3438 et
1393 3401 1517 3438 eum
1547 3386 1638 3456 qui
1673 3387 1798 3442 fecit
1825 3392 2133 3458 conlitetur,

569 3484 670 3522 nec
699 3482 878 3523 tamen
907 3486 1040 3525 voce
1069 3472 1310 3541 indiget:
1338 3473 1419 3528 sic
1448 3485 1636 3530 contra
1669 3479 1791 3546 quis
1823 3490 2040 3550 sumpto
2069 3499 2135 3538 ex

569 3557 738 3612 Mosis
771 3559 1052 3628 Scriptura
1080 3569 1232 3628 loco,
1258 3579 1468 3618 mecum
1513 3576 1762 3636 reputet,
1807 3574 1949 3640 quod
1995 3573 2135 3630 Deus

566 3652 661 3721 qui
696 3653 975 3722 suojussu
1045 3656 1302 3710 universa
1343 3659 1397 3711 in
1439 3674 1621 3714 rerum
1657 3671 1905 3718 naturam
1943 3668 2138 3736 produ-

567 3747 681 3812 xit,
717 3748 978 3801 mundum
1009 3747 1142 3803 dicit
1173 3766 1326 3805 suam
1359 3767 1484 3806 esse
1513 3763 1851 3822 creaturam,
1884 3774 1984 3811 nec
2017 3776 2137 3814 ver-

568 3839 655 3895 bis
691 3839 758 3893 ad
794 3840 955 3909 hujus
985 3842 1193 3896 notitiae
1225 3843 1645 3899 declarationem
1682 3846 1904 3918 indiget.
1936 3848 2006 3903 Ut
2043 3851 2136 3921 igi-

567 3940 660 3986 tur
686 3932 778 4002 qui
810 3933 1015 3986 audivit
1043 3935 1240 3988 cmlum
1278 3952 1538 3990 enarrare
1559 3981 1572 4003 ,
1623 3953 1931 3996 sermonem
1973 3958 2134 3998 enar-

569 4023 801 4076 rativum
835 4039 941 4077 non
969 4025 1251 4094 quaesivit:
1272 4026 1504 4082 mundus
1528 4027 1672 4080 enim
1704 4042 1882 4086 mente
1912 4033 2134 4099 praedito

567 4117 810 4186 loquitur
841 4132 935 4185 per
976 4131 1039 4171 ea
1083 4133 1204 4187 qua:
1249 4117 1420 4181 ﬁunt,
1465 4119 1886 4176 declarationem
1925 4140 2044 4193 qua:
2076 4125 2134 4179 lit

568 4209 748 4263 verbis
801 4210 980 4263 valere
1023 4210 1248 4265 sinens:
1295 4210 1376 4265 sic
1413 4219 1468 4266 et
1516 4210 1719 4267 Mosem
1767 4213 2036 4271 dicentem
2084 4219 2131 4271 si

567 4302 690 4371 quis
718 4302 984 4366 audierit,
1019 4300 1186 4355 Deum
1216 4302 1535 4357 nominatim
1567 4303 1634 4359 de
1666 4305 1904 4375 singulis
1938 4308 2130 4362 mundi

568 4394 819 4463 partibus
849 4393 1149 4448 edicentem
1178 4402 1231 4448 et
1254 4393 1532 4460 jubentem
1551 4436 1566 4461 ,
1600 4412 1775 4467 neque
1809 4400 2127 4468 prophetam

2237 3219 2332 3273 τοῦ
2368 3219 2704 3290 βουλήματος
2731 3217 2864 3287 πρὸς
2901 3215 2962 3268 τὸ
3007 3213 3147 3267 κατὰ
3193 3213 3444 3284 πρόθεσιν
3469 3212 3618 3275 τέλος
3665 3209 3772 3280 μεθ-

2241 3311 2547 3380 ισταμένου.
2578 3311 2666 3372 Ὠς
2724 3309 2902 3361 τοίνυν
2931 3309 3195 3378 μαρτυρεῖ
3229 3305 3308 3375 τῷ
3344 3302 3666 3376 Δημιουργῷ
3694 3303 3773 3372 τὴν

2235 3405 2390 3469 δόξαν
2414 3407 2446 3474 ἡ
2485 3403 2634 3473 ἐντῷ
2667 3400 2879 3473 οὐρανῷ
2900 3399 3274 3470 διακόσμησις,
3305 3401 3396 3452 καὶ
3427 3399 3674 3469 ὁμολογεί
3699 3398 3772 3449 τὸν

2237 3497 2592 3568 πεποιηκότα,
2631 3498 2724 3550 καὶ
2755 3495 2936 3564 φωνῆς
2980 3495 3039 3546 οὑ
3074 3492 3407 3564 προσδέεται,
3443 3492 3587 3545 οὕτω
3622 3509 3702 3561 μοι
3727 3490 3774 3541 τὸ

2237 3589 2470 3660 ἔμπαλιν
2532 3589 2595 3639 ἐκ
2642 3586 2742 3656 τῆς
2784 3586 2875 3638 τοῦ
2921 3585 3194 3646 Μωῦσέως
3230 3583 3447 3653 Γραφῆς
3484 3580 3772 3652 μεταλαϐὼν

2237 3684 2300 3736 ἄν
2327 3701 2408 3745 τις
2436 3682 2725 3749 λογίσαιτο,
2759 3681 2838 3732 ὅτι
2871 3678 2963 3731 καὶ
2996 3675 3187 3730 ἐαυτοῦ
3219 3676 3418 3746 κτίσμα
3444 3678 3472 3728 ὁ
3494 3675 3623 3738 Θεὸς
3651 3675 3772 3740 λέγει

2235 3774 2324 3826 τὸν
2350 3775 2550 3842 κόσμον
2582 3775 2609 3824 ὀ
2644 3771 2722 3841 τῷ
2766 3771 3140 3842 προστάγματι
3164 3767 3224 3820 τὸ
3249 3770 3356 3820 πᾶν
3379 3767 3662 3830 ούσιώσας,
3697 3764 3772 3819 καὶ

2239 3867 2495 3936 ῥημάτων
2542 3864 2674 3934 πρὸς
2702 3862 2926 3934 δήλωσιν
2957 3861 3055 3931 τῆς
3101 3860 3306 3922 ἐννοίας
3331 3858 3533 3929 ταύτης
3562 3860 3656 3912 οὐκ
3679 3861 3774 3910 ἑπι-

2235 3957 2431 4010 δέεται.
2474 3956 2562 4018 Ὠς
2591 3951 2683 4007 οὖν
2711 3956 2738 4006 ό
2770 3951 3005 4015 ἀκούσας
3029 3949 3257 4020 οὐρανοῦ
3295 3950 3669 4019 διηγουμένου,
3712 3947 3773 3999 δι·

2235 4047 2470 4113 εξοδικὸν
2493 4047 2590 4099 οὐκ
2617 4044 2844 4115 ἐζήτησε
2865 4042 3020 4109 λόγον
3043 4054 3056 4068 ·
3081 4036 3230 4093 λαλεῖ
3253 4037 3357 4109 γὰρ
3373 4036 3448 4106 τῷ
3473 4036 3597 4090 νοῦν
3625 4035 3773 4105 ἔχοντι

2234 4141 2324 4195 διὰ
2353 4140 2459 4192 τῶν
2490 4138 2787 4208 γινομένων
2836 4136 2864 4187 ὁ
2905 4136 3124 4203 κόσμος,
3158 4133 3254 4203 τὴν
3291 4130 3378 4183 διὰ
3407 4131 3514 4182 τῶν
3539 4129 3773 4200 ῥημάτων

2233 4234 2461 4304 δήλωσιν
2507 4231 2713 4302 χαίρειν
2751 4229 2915 4289 ἐάσας
2937 4247 2949 4257 ·
2986 4224 3123 4278 οὕτω
3160 4224 3263 4277 κᾶν
3290 4222 3379 4276 τοῦ
3407 4223 3677 4285 Μωῦσὲως
3705 4220 3776 4273 λέ-

2233 4324 2422 4393 γοντός
2455 4339 2537 4386 τις
2567 4319 2795 4391 ἀκούσῃ,
2844 4317 2919 4381 ὡς
2968 4315 3061 4368 τοῦ
3087 4312 3219 4367 Θεοῦ
3257 4314 3517 4384 ὀνομαστὶ
3547 4310 3772 4383 περὶτῶν

2234 4417 2353 4471 καθ’
2381 4415 2609 4468 ἕκαστον
2629 4412 2722 4463 τοῦ
2757 4410 2958 4478 κόσμου
2997 4406 3176 4477 μερῶν
3201 4404 3571 4467 διατάττοντός
3612 4422 3666 4457 τε
3697 4402 3774 4456 καὶ

569 4485 790 4538 mentiri
841 4487 1170 4552 suspicetur,
1220 4500 1394 4555 neque
1441 4486 1674 4543 exilibus
1721 4498 1775 4543 et
1829 4491 2127 4546 humilibus

2234 4506 2559 4570 κελεύοντος,
2584 4504 2718 4574 μήτε
2743 4499 3029 4570 ψεύδεσθαι
3055 4499 3144 4551 τὸν
3175 4497 3458 4568 προφήτην
3483 4497 3771 4557 ὑπονοείτω,

568 4575 886 4630 nationibus
915 4575 1122 4629 deterat
1146 4575 1457 4630 sublimium
1485 4580 1943 4647 speculationem,
1970 4583 2124 4651 quasi

568 4668 904 4722 divinitatem
926 4684 1019 4738 per
1041 4668 1349 4737 hujusmodi
1372 4670 1437 4723 ad
1460 4671 1695 4727 hominis
1719 4673 1935 4729 modum
1960 4679 2129 4732 trans;

570 4762 785 4825 ferens,
831 4770 884 4814 et
933 4769 1124 4815 nostro
1184 4775 1332 4815 more
1375 4763 1576 4818 emissa
1610 4765 1863 4819 mandata
1893 4775 1947 4821 et
1973 4768 2128 4836 jussa

569 4869 891 4925 percensere
920 4869 1251 4922 supponens.
1287 4851 1392 4908 Sed
1421 4854 1635 4923 jussum
1669 4858 1903 4926 explicet
1938 4861 2130 4915 volun-

570 4957 733 5000 tatem
763 4964 778 5011 ;
815 4960 998 4998 rerum
1029 4952 1211 4998 autem
1245 4953 1552 4999 creatarum
1584 4947 1804 5001 nomina
1837 4949 2008 5019 ipsam
2041 4967 2128 5006 re-

2237 4602 2371 4672 μήτε
2408 4596 2620 4668 μικροῖς
2639 4596 2732 4647 καὶ
2768 4592 3121 4664 χαμαιζήλοις
3151 4591 3382 4659 νοήμασι
3421 4606 3772 4660 κατασμικρύ-

2232 4693 2369 4747 νέτω
2399 4691 2498 4760 τὴν
2530 4687 2636 4741 τῶν
2684 4685 2901 4756 ὑψηλῶν
2943 4684 3191 4754 θεωρίαν,
3236 4676 3345 4734 οἷον
3379 4681 3772 4752 ἐξανθρωπίζων

2233 4785 2323 4840 διὰ
2361 4783 2469 4837 τῶν
2519 4779 2772 4834 τοιούτων
2818 4777 2877 4830 τὸ
2906 4779 3078 4836 Θεῖον,
3111 4773 3205 4827 καὶ
3234 4773 3371 4826 κατὰ
3401 4771 3497 4843 τὴν
3525 4771 3772 4843 ἡμετέραν

2237 4876 2520 4947 συνήθειαν
2555 4872 2704 4941 φωνῇ
2743 4868 2812 4921 τὰ
2858 4866 3245 4936 προστάγματα
3276 4863 3589 4928 διεξοδεύειν
3615 4866 3772 4916 ύποτιο

2233 4969 2474 5040 θέμενος,
2500 4963 2633 5018 ἀλλὰ
2665 4963 2725 5013 τὸ
2765 4960 2860 5030 μὲν
2894 4958 3215 5028 πρόσταγμα
3265 4955 3502 5025 δηλούτω
3532 4956 3630 5026 τὴν
3667 4953 3771 5023 βού-

571 5053 687 5089 rum
727 5036 992 5090 factarum
1035 5035 1396 5091 substantiam
1435 5038 1782 5108 signiﬁcent:
1815 5042 1890 5095 ita
1921 5052 1982 5097 ut
2025 5043 2133 5098 duo

2234 5035 2382 5129 λησιν
2401 5073 2414 5086 ·
2436 5054 2503 5108 τὰ
2521 5054 2576 5107 δέ
2600 5052 2706 5105 τῶν
2726 5049 3049 5104 κτισθέντων
3064 5047 3297 5116 ὀνόματα
3322 5044 3489 5116 αὐτὴν
3506 5044 3773 5112 διασημαι-

569 5144 663 5197 per
695 5128 807 5182 haec
833 5128 977 5181 dicta
1012 5129 1225 5195 discat,
1259 5137 1312 5183 et
1339 5129 1484 5199 quod
1531 5130 1671 5186 Deus
1715 5134 1898 5186 omnia
1941 5135 2133 5191 volens

2234 5128 2364 5206 νέτω
2392 5147 2490 5217 τὴν
2511 5145 2619 5199 τῶν
2648 5143 2946 5212 γεγονότων
2983 5140 3304 5194 ὑπόστασινο
3329 5135 3466 5190 ὥστε
3491 5135 3560 5189 τὰ
3593 5135 3680 5187 δύο
3702 5131 3771 5183 διὰ

567 5226 826 5285 operatus
861 5229 978 5284 est,
1010 5226 1063 5273 et
1090 5219 1233 5288 quod
1276 5221 1484 5290 absque
1527 5238 1690 5291 opera
1735 5231 1789 5276 et
1832 5225 2016 5280 labore
2056 5226 2133 5280 di-

566 5309 691 5363 vina
721 5309 971 5363 voluntas
992 5350 1006 5375 ,
1038 5318 1234 5364 natura
1267 5311 1446 5367 ﬁebat.

635 5509 790 5574 Quod
834 5511 878 5564 si
927 5511 1052 5581 quis
1097 5509 1265 5576 illud,
1298 5510 1445 5566 Dixit
1498 5511 1633 5565 Deus
1665 5512 1729 5573 ³³,
1757 5515 2034 5568 carnalius
2076 5522 2131 5569 et
2192 5561 2195 5563 .

563 5601 807 5657 crassius
837 5603 1244 5673 interpretetur,
1283 5611 1342 5656 ut
1373 5619 1466 5668 per
1497 5607 1597 5658 hoc
1627 5607 1971 5662 articulatum
2009 5623 2127 5663 ser-

632 5779 677 5811 "
706 5778 841 5836 Gen.
876 5799 914 5849 ι,
945 5782 978 5834 7
1009 5798 1128 5855 sqq.
1207 5783 1248 5815 ³⁸
1283 5779 1417 5839 Gen.
1450 5797 1487 5849 ι,
1518 5783 1551 5838 3
1584 5797 1705 5836 Nu.

2226 5240 2334 5293 τῶν
2367 5238 2671 5309 εἰρημένων
2712 5233 2922 5304 μαθεῖν,
2967 5233 3059 5284 καὶ
3099 5232 3179 5283 ὅτι
3214 5228 3488 5300 βουληθεὶς
3513 5230 3542 5279 ὁ
3569 5225 3694 5286 Θεὸς
3716 5221 3770 5273 τὰ

2237 5329 2416 5383 πάντα
2440 5327 2846 5396 κατείργασται,
2870 5324 2964 5377 καὶ
2978 5323 3057 5375 ὅτι
3078 5320 3438 5391 ἀπραγμόνως
3465 5334 3522 5369 τε
3550 5318 3643 5369 καὶ
3662 5312 3771 5367 ἀκύ-

2237 5439 2353 5482 πως
2383 5420 2444 5472 τὸ
2470 5420 2609 5472 θεῖον
2651 5417 2893 5490 βούλημα
2921 5415 3078 5484 φύσις
3109 5413 3331 5481 ἐγίνετο.

2308 5513 2369 5563 Εἰ
2395 5510 2452 5563 δέ.
2484 5528 2565 5572 τις
2591 5510 2680 5574 τὸ,
2708 5505 2890 5561 Εἶπεν
2918 5510 2950 5560 d
2995 5505 3156 5570 Θεὸς,
3191 5502 3585 5573 σαρκικὼτερον
3618 5499 3769 5567 ἑρμη-

2235 5602 2398 5670 νεύοι,
2425 5603 2496 5667 ὡς
2534 5603 2619 5656 διὰ
2648 5601 2833 5654 τούτου
2861 5600 2949 5653 τὸν
2992 5596 3246 5667 ἔναρθρον
3284 5595 3434 5657 λόγον
3464 5591 3592 5661 παρ’
3628 5588 3768 5641 αὐτου
