4006 6490
169 356 278 413 989
1243 356 1518 414 CONTRA
1545 355 1923 418 EUNOMIUM,
1979 352 2101 409 LIB.
2139 352 2253 411 χιι.
3304 360 3413 418 900

174 475 505 548 γεγενῆσθαι
555 478 1002 542 κατασκευάζειν,
1048 478 1077 531 6
1124 478 1284 542 αὑτὸς
1337 471 1492 541 οὖτος
1535 479 1630 531 καὶ
1656 477 1748 541 τὺ,

1854 490 2068 529 monem
2111 475 2180 528 ab
2218 489 2282 530 eo
2330 475 2530 529 factum
2578 489 2698 532 esse
2739 475 3022 538 adstruat,
3058 474 3146 532 hic
3179 476 3318 532 idem
3351 488 3410 537 et

177 565 360 624 Εἵδεν
383 572 415 623 d
435 570 601 634 Θεὸς,
632 570 772 622 κατὰ
793 572 890 641 τὴν
912 569 1293 641 ἀντιληπτικὴν
1324 570 1478 640 ἡμῶν
1503 569 1751 639 αἴσθησιν

1854 567 1990 631 hoc,
2031 566 2173 620 Vidit
2209 566 2345 621 Deus
2374 568 2439 630 ",
2470 575 2633 636 prout
2675 583 2870 624 sensus
2914 575 3100 623 noster
3142 571 3409 641 percipit,

176 660 268 713 διὰ
305 661 403 730 τῆς
433 659 540 713 τῶν
572 660 862 732 ὀφθαλμῶν
895 661 1171 732 ἐνεργείας
1207 659 1494 730 γινώσκειν
1537 661 1752 722 πάντως

179 754 490 823 ὑπονοήσει.
525 753 635 806 Καὶ
663 753 1008 827 τὸξἨκουσε
1045 754 1258 822 Κύριος
1286 753 1384 806 καί
1411 751 1638 820 ὴλέησέ
1653 768 1748 821 με,

180 846 297 910 καὶ,
338 842 674 913 Ὀσφράνθη
709 843 908 912 ὀσμὴν
936 843 1211 909 εὐωδίας.
1246 845 1338 902 καὶ
1363 845 1461 897 ὅσα
1499 843 1624 913 περὶ
1657 860 1749 895 κε-

179 939 359 1009 φαλῆς
385 938 554 1000 θείας,
575 939 606 1007 ἦ
631 937 806 1003 ποδὸς,
836 938 867 1008 ἢ
892 937 1088 1008 χειρὸς,
1116 938 1148 1007 ἢ
1181 937 1482 1007 βλεφάρων,
1504 938 1536 1008 ἢ
1561 936 1751 989 δακτύ-

178 1030 312 1095 λων,
351 1031 385 1100 ἥ
417 1028 754 1100 ὑποδήματος
788 1031 820 1099 ὴ
851 1030 1038 1101 Γραφὴ
1073 1029 1521 1101 σωματικώτερον
1543 1027 1748 1099 διεξέρ-

178 1137 358 1190 χεται,
384 1120 560 1172 πάντα
582 1118 722 1172 κατὰ
751 1119 811 1172 τὸ
840 1120 1141 1191 προχείρως
1172 1121 1565 1191 σημαινόμενον
1587 1120 1750 1173 ἐκλα-

179 1211 314 1276 ϐὼν,
366 1209 760 1280 ἀνθρωποειδὲς
801 1213 931 1281 ημῖν
981 1211 1263 1281 διαγράφει
1309 1212 1370 1264 τὸ
1411 1211 1583 1275 Θεῖον,
1631 1210 1749 1263 καθ’

177 1303 472 1373 ὁμοιότητα
503 1301 610 1353 τῶν
648 1303 706 1353 ἐν
740 1302 870 1371 ἡμῖν
903 1301 1258 1372 φαινομένων.
1296 1303 1357 1355 Εἰ
1387 1302 1443 1355 δέ
1475 1301 1751 1355 δακτύλων

178 1412 269 1456 τις
300 1393 432 1464 ἔργα
465 1393 589 1454 τοὺς
617 1393 875 1463 οὐρανοὺς
904 1393 1134 1458 ἀκούων,
1161 1393 1252 1445 καὶ
1275 1395 1430 1464 χεῖρα
1459 1393 1747 1464 κραταιὰν,

175 1486 276 1538 καὶ
310 1484 564 1554 βραχίονα
604 1482 826 1553 ὑῂλὺν,
871 1482 965 1536 καὶ
1008 1482 1302 1553 ὀφθαλμὸν,
1351 1483 1444 1537 καὶ
1479 1483 1752 1553 βλέφαρα,

177 1575 278 1628 καὶ
303 1574 459 1638 πόδα,
488 1577 582 1626 καὶ
606 1573 943 1643 ὑποδήματα,
974 1572 1290 1644 Θεοπρεπεῖς
1314 1574 1517 1635 ἐννοίας
1537 1573 1602 1626 δι’
1628 1573 1755 1626 ἐκά-

180 1683 312 1719 στου
340 1665 447 1718 τῶν
477 1663 780 1734 εἰρημένων
810 1663 1204 1732 ἀναλογίζεται,
1237 1664 1331 1717 καὶ
1360 1665 1420 1716 οὑ
1449 1664 1754 1735 διαμολύνει

1851 672 1946 728 per
1973 656 2258 712 oculorum
2303 657 2568 712 actionem
2600 671 2932 728 cognoscere
2960 673 3187 727 prorsus
3217 662 3403 731 suspi-

1850 748 2084 804 cabitur.
2129 746 2197 802 Et
2241 747 2372 802 illud
2395 789 2409 813 ,
2439 749 2652 803 Audiuit
2689 748 2975 817 Dominus,
3007 759 3056 802 et
3089 753 3188 804 mei
3223 753 3409 806 miser-

1853 849 1933 893 tus
1961 849 2038 893 est
2072 839 2154 904 3’;
2185 849 2274 902 et,
2310 838 2575 894 Odoralus
2607 847 2683 893 est
2712 838 2922 893 odorem
2951 841 3227 894 suavitatis
3261 841 3327 906 “,
3354 849 3410 896 et

1850 945 2188 1000 quaecunque
2215 931 2282 984 de
2309 931 2484 999 capite
2513 930 2698 984 divino
2720 969 2735 993 ,
2767 930 2850 985 vel
2879 930 3016 1000 pede
3039 971 3052 994 ,
3085 932 3169 986 vel
3201 947 3361 985 manu
3390 972 3407 998 ,

1851 1025 1934 1077 vel
1975 1021 2282 1093 palpebris,
2331 1022 2412 1076 vel
2449 1021 2669 1092 digitis,
2712 1022 2795 1076 vel
2839 1023 3214 1077 calceamento
3255 1022 3410 1078 Scri-.

1850 1120 2009 1182 ptura
2040 1112 2378 1181 corporalius
2406 1119 2620 1174 narrat,
2642 1113 2824 1167 omnia
2849 1122 3099 1183 prompto
3123 1125 3174 1168 et
3199 1115 3408 1184 vulgari

1850 1203 2155 1274 signiﬁcato
2189 1204 2464 1273 accipiens
2485 1243 2499 1266 ,
2537 1203 2697 1258 nobis
2732 1205 2969 1259 humana
3001 1207 3182 1274 specie
3213 1208 3410 1275 pradi-

1851 1303 1965 1348 tum
2005 1293 2213 1350 Numen
2238 1294 2506 1365 (lepinget,
2535 1311 2628 1365 per
2651 1297 3058 1352 similitudinem
3083 1311 3268 1352 eorum
3289 1314 3412 1368 quae

1853 1386 1905 1440 in
1939 1386 2096 1442 nobis
2129 1397 2407 1457 apparent.
2443 1386 2596 1453 Quod
2628 1389 2673 1444 si
2706 1388 2998 1458 digitorum
3041 1403 3207 1459 Opera
3240 1393 3414 1448 caelos

1852 1477 2106 1540 audiens,
2150 1485 2203 1531 et
2249 1493 2467 1530 manum
2513 1477 2752 1542 ﬁrmam,
2798 1485 2851 1534 et
2902 1479 3182 1535 brachium
3232 1480 3415 1537 excel-

1854 1585 2006 1628 sum,
2039 1579 2091 1622 et
2119 1569 2338 1623 oculum
2360 1611 2375 1635 ,
2407 1579 2458 1624 et
2490 1571 2773 1640 palpebras
2795 1610 2809 1634 ,
2839 1578 2894 1626 et
2938 1572 3126 1641 pedem
3149 1613 3164 1638 ,
3206 1580 3260 1628 et
3298 1574 3415 1628 cal-

1855 1664 2172 1723 ceamenta,
2222 1657 2332 1714 Deo
2376 1659 2607 1716 decoras
2651 1661 2871 1716 notitias
2917 1678 3012 1732 per
3053 1664 3244 1718 horum
3289 1681 3413 1735 quae

175 1758 273 1811 τὸν
301 1756 546 1826 περὶτῆς
569 1755 816 1828 καθαρᾶς
846 1755 1058 1822 φύσεως
1090 1755 1244 1824 λόγον
1270 1758 1390 1819 ταῖς
1421 1759 1755 1827 σωματικαῖς

1857 1748 1999 1802 dicta
2031 1757 2161 1805 sunt
2201 1752 2627 1822 unumquodque
2664 1761 2904 1822 reputat,
2955 1769 3056 1810 nec
3103 1757 3294 1826 polluit
3344 1756 3414 1813 de

179 1854 483 1923 ὑπολήψεσι
516 1853 953 1923 καταρυπαίνων,
997 1850 1280 1903 ἀκόλουθον
1311 1849 1376 1902 ἂν
1408 1848 1493 1918 εἴη
1529 1850 1622 1901 καὶ
1657 1847 1754 1910 τάς

1856 1856 1991 1911 pura
2023 1851 2218 1898 natura
2258 1858 2565 1900 sermonem
2613 1848 2894 1916 corporeis
2934 1848 3286 1918 Opinionibus
3327 1850 3415 1904 in-

179 1945 291 1998 τῶν
321 1945 580 2015 ῥημάτων
622 1944 956 2014 ἐκφωνήσεις
1000 1941 1333 2004 ἐνδεικτικάς
1373 1940 1470 2010 μὲν
1510 1939 1753 2010 ἡγεῖσθαι

180 2037 278 2090 τοῦ
311 2036 456 2089 θείου
501 2035 864 2104 βουλήματος,
921 2033 993 2104 μὴ
1031 2034 1208 2105 μέντοι
1253 2031 1430 2101 φωνὰς
1465 2032 1756 2102 ἐνάρθρους

184 2127 608 2197 ὑπολαμϐάνειν,
650 2125 761 2178 ἀλλ’
799 2127 971 2178 ἐκεῖνο
1002 2122 1329 2192 λογίζεσθαι,
1361 2123 1440 2175 ὅτι
1470 2123 1498 2174 6
1537 2124 1634 2192 τῆς
1666 2121 1746 2174 λο-

183 2218 348 2288 γικῆς
369 2215 581 2286 φύσεως
604 2216 940 2286 Δημιουργὸς
968 2213 1326 2282 ἀναλογοῦντα
1353 2213 1429 2283 τῷ
1453 2212 1633 2283 μέτρῳ
1659 2215 1756 2282 τῆς

181 2309 399 2378 φύσεως
435 2307 525 2360 τὸν
565 2307 718 2374 λόγον
764 2308 893 2377 ἡμῖν
946 2305 1274 2377 δεδώρηται,
1327 2304 1403 2367 ώς
1430 2303 1497 2356 ἂν
1543 2303 1755 2373 ἔχοιμεν

182 2399 529 2468 ἐξαγγέλλειν
559 2399 624 2452 δι’
654 2397 812 2450 αὑτοῦ
841 2397 940 2467 τῆς
965 2397 1141 2467 ψυχῆς
1167 2396 1235 2450 τὰ
1269 2397 1564 2465 κινήματα.
1593 2397 1755 2447 Ὅσον

177 2493 240 2546 δὲ
277 2492 468 2561 ἀπέχει
511 2492 543 2559 ὴ
595 2488 754 2558 φύσις
799 2490 894 2560 τῆς
941 2489 1181 2557 φύσεως,
1231 2489 1265 2556 ὴ
1317 2486 1434 2540 θεία
1477 2486 1620 2554 λέγω
1657 2487 1755 2554 τῆς

176 2584 476 2656 ἡμετέρας,
507 2580 646 2634 κατά
664 2579 725 2633 τὸ
745 2575 861 2633 ἶσον
887 2579 1078 2650 μέτρον
1099 2579 1197 2647 τῆς
1216 2577 1560 2640 ὑποστάσεως
1583 2577 1754 2630 πάντα

179 2676 255 2730 τὰ
284 2677 410 2746 περὶ
440 2672 609 2743 αὑτὴν
639 2671 768 2724 ὄντα
795 2669 902 2726 τῶν
938 2671 996 2722 ἐν
1029 2672 1160 2740 ἡμῖν
1189 2667 1588 2739 Θεωρουμένων,
1621 2666 1754 2737 πρὸς

178 2768 246 2820 τδ
279 2762 690 2838 μεγαλειότερόν
723 2780 780 2816 τε
809 2763 903 2816 καὶ
931 2760 1394 2832 Θεοπρεπέστερον
1420 2758 1516 2830 τὴν
1545 2756 1754 2829 παραλ-

181 2859 358 2930 λαγὴν
384 2857 514 2928 ἔχει.
543 2859 650 2913 Καὶ
679 2858 754 2920 ὡς
785 2858 818 2926 ἠ
849 2853 1077 2924 δύναμις
1111 2853 1144 2923 ἡ
1171 2852 1290 2905 καθ’
1317 2853 1463 2923 ἡμᾶς
1492 2851 1626 2922 πρὸς
1656 2850 1754 2922 τὴν

180 2949 280 3003 τοῦ
316 2950 451 3002 Θεοῦ
485 2949 774 3020 κρινομένη
813 2946 875 2999 τὸ
919 2946 1080 3017 μηδέν
1108 2947 1242 3009 ἐστι,
1276 2946 1370 2997 καὶ
1405 2946 1438 3013 η
1470 2943 1581 3013 ζωὴ
1617 2940 1754 3012 πρὸς

179 3043 286 3113 τὴν
314 3041 478 3112 ζωὴν,
508 3041 600 3094 καὶ
631 3039 700 3094 τὰ
729 3038 865 3092 ἀλλα
913 3037 1087 3091 πάντα
1129 3035 1198 3089 τὰ
1244 3035 1485 3105 ἡμέτερα
1528 3033 1662 3105 πρὸς
1687 3032 1756 3085 τά

181 3137 246 3187 ὲν
269 3134 459 3204 ἐκείνῳ
486 3132 799 3205 κρινόμενα,
828 3129 902 3192 ώς
934 3128 1090 3182 οὐθὲν
1113 3125 1339 3180 ἐνώπιον
1365 3126 1546 3189 αὑτοῦ,
1577 3124 1755 3187 καθὼς

183 3227 220 3295 ή
248 3224 558 3296 προφητεία
577 3222 758 3294 φησίν
790 3219 960 3284 οὕτως
983 3220 1076 3273 καὶ
1103 3220 1130 3272 ὀ
1158 3219 1418 3288 ἡμέτερος
1448 3217 1602 3286 λόγος
1625 3216 1756 3288 πρὲς

185 3316 278 3369 τὸν
318 3316 486 3376 ὅντως
514 3314 644 3367 ὅντα
677 3313 848 3380 Λόγον
881 3309 1195 3380 κρινόμενός
1220 3309 1362 3361 ἐστιν
1387 3308 1556 3363 οὐδέν.
1590 3302 1757 3371 Οὗτος

191 3405 292 3474 μὲν
325 3403 431 3472 γὰρ
459 3405 514 3456 ἐν
535 3403 676 3473 ἀρχῇ
722 3401 820 3454 οὑκ
862 3395 950 3470 ἦν,
985 3399 1118 3452 ἀλλὰ
1147 3401 1212 3470 τῇ
1243 3399 1484 3470 ἡμετέρᾳ
1527 3415 1757 3466 συγκατ-

187 3493 496 3564 εσκευάσοη
520 3492 697 3562 φύσει*
721 3491 841 3544 οὔτε
858 3491 977 3544 κατ’
999 3489 1130 3542 ίδίαν
1145 3489 1422 3560 Θεωρεῖται
1444 3488 1754 3554 ὑπόστασιν,

188 3588 307 3641 ἀλλ’
335 3586 411 3650 ὥς
438 3585 568 3655 φησί
593 3602 695 3637 που
721 3585 749 3637 6
766 3582 1100 3645 διδάσκαλος,
1123 3581 1199 3652 τῷ
1216 3580 1372 3650 ψόφῳ
1396 3581 1492 3651 τῆς
1511 3579 1758 3650 γλώσσης

191 3677 625 3748 συναφανίζεται·
665 3677 785 3731 οῦτε
837 3675 994 3746 ἔργον
1029 3674 1147 3729 ἔστι
1191 3673 1382 3726 τούτου
1428 3678 1614 3745 νοῆσαι
1663 3674 1757 3728 τοῦ

189 3772 370 3838 λόγου,
401 3769 513 3822 ἀλλ’
547 3771 602 3822 ἐν
641 3767 776 3838 μόνῃ
807 3765 1068 3834 φωνῇκαὶ
1093 3765 1376 3835 γράμματι
1399 3763 1497 3834 τὴν
1519 3765 1756 3818 ὑπόστα-

193 3879 277 3914 σιν
309 3862 441 3931 ἔχει.
483 3861 542 3912 'O
574 3859 628 3911 δὲ
660 3860 723 3909 ἔκ
753 3857 844 3909 τοῦ
883 3854 1016 3908 Θεοῦ
1048 3854 1238 3922 Λόγος,
1267 3854 1397 3917 Θεός
1423 3855 1557 3918 ἐστι,
1589 3856 1759 3923 Λόγος

188 3954 249 4004 ἐν
275 3949 417 4020 ἀρχῇ
443 3950 517 4001 ὢν
546 3949 637 4001 καὶ
663 3946 836 3999 εἰσαεὶ
875 3945 1160 4015 διαμένων,
1189 3943 1257 3996 δι’
1283 3938 1344 3997 οῦ
1369 3944 1437 3996 τὰ
1463 3945 1637 3998 πάντα
1665 3946 1760 3998 κα)⁸

187 4046 305 4097 ἔστι
339 4042 432 4094 καὶ
479 4041 770 4108 συνέστηκε
793 4076 808 4101 ,
841 4038 933 4090 καὶ
960 4035 1052 4090 τοῦ
1087 4034 1282 4098 παντὸς
1331 4035 1633 4100 ἐπιστατεῖ,
1665 4036 1759 4089 καὶ⁹

187 4138 372 4189 πᾶσαν
395 4133 505 4204 ἔχει
541 4131 637 4202 τὴν
668 4129 910 4196 ἐξουσίαν
941 4128 1046 4181 τῶν
1078 4130 1134 4181 ἐν
1171 4127 1386 4198 οὐρανῷ
1411 4128 1505 4180 καὶ
1533 4127 1641 4180 τῶν
1665 4129 1759 4182 ἐπὶ

188 4226 294 4295 τῆς
317 4228 440 4295 γῆς,
470 4224 603 4293 ζωὴ,
631 4223 723 4275 καὶ
745 4220 991 4290 ἀλήθεια.
1015 4220 1108 4272 καὶ
1143 4218 1472 4288 δικαιοσύνη,
1500 4220 1593 4272 κα)⁸
1621 4219 1754 4288 φῶς,

189 4318 289 4372 καὶ
321 4317 428 4368 πᾶν
457 4313 657 4382 ἀγαθὸν
695 4312 789 4376 ὢν,
824 4311 918 4364 καὶ
953 4309 1022 4364 τά
1051 4309 1227 4363 πάντα
1268 4311 1325 4363 ἐν
1363 4309 1439 4380 τῷ
1477 4306 1614 4364 εἶναι
1643 4311 1757 4364 δια-

192 4409 432 4481 κρατῶν.
467 4407 716 4460 Τοιούτου
747 4404 924 4457 τοίνυν
957 4403 1107 4468 όντος
1136 4403 1228 4456 καὶ
1263 4401 1513 4455 τοσούτου
1543 4401 1637 4455 τοῦ
1657 4400 1759 4455 Λό-

1854 1933 2094 2002 quinans
2113 1974 2128 1998 ,
2160 1949 2505 2005 consequens
2535 1935 2699 1991 fuerit
2726 1938 2891 1992 etiam
2920 1940 3208 1994 verborum
3238 1957 3412 1996 enun-

1853 2025 2109 2080 tiationes
2158 2027 2379 2096 quidem
2434 2027 2632 2083 divinae
2684 2030 2978 2086 voluntatis
3027 2033 3237 2088 indices
3287 2048 3415 2090 esse

1853 2119 2206 2182 existimare,
2252 2135 2360 2174 non
2404 2129 2554 2176 certe
2597 2136 2760 2176 voces
2803 2123 3121 2180 articulatas
3163 2125 3411 2194 opinari,

1854 2208 1948 2263 sed
1975 2209 2106 2263 illud
2131 2211 2340 2265 ratione
2370 2212 2657 2281 complecti
2680 2252 2694 2275 ,
2720 2213 2863 2282 quod
2892 2222 3100 2268 natura:
3124 2215 3414 2271 rationalis

1853 2299 2034 2370 Opifex
2061 2308 2270 2355 natura;
2297 2303 2456 2356 modo
2487 2305 2958 2374 proportionatum
2983 2321 3288 2360 sermonem
3311 2321 3413 2361 no-

1855 2392 1938 2446 bis
1985 2392 2242 2457 donavit,
2293 2400 2354 2446 ut
2399 2410 2496 2464 per
2535 2409 2657 2449 eum
2700 2396 2866 2448 animi
2911 2407 3094 2451 motus
3125 2413 3413 2466 possemus

1853 2485 2155 2539 enuntiare.
2192 2484 2464 2551 Quantum
2504 2496 2682 2541 autem
2711 2498 2906 2542 natura
2934 2489 3085 2543 abest
3115 2505 3143 2541 a
3175 2498 3372 2543 natura
3393 2529 3411 2557 ,

1853 2576 2033 2630 divina
2063 2576 2187 2631 dico
2217 2593 2247 2630 a
2291 2588 2510 2643 nostra,
2553 2586 2762 2633 tantum
2805 2595 2926 2649 quae
2977 2583 3122 2634 circa
3164 2591 3412 2637 nostram

1853 2671 2261 2726 subsistentiam
2293 2671 2732 2737 considerantur,
2779 2671 3037 2726 dill‘erunt
3065 2673 3134 2728 ab
3167 2688 3233 2728 eo
3263 2671 3412 2743 quod

1853 2768 1938 2816 est
1989 2762 2045 2816 in
2099 2761 2209 2818 Deo
2263 2763 2695 2833 magnificentius
2728 2771 2784 2819 et
2826 2764 2929 2833 ipsi
2975 2765 3411 2822 convenientiae.

1854 2851 1920 2906 Et
1973 2861 2034 2908 ut
2094 2863 2280 2910 nostra
2331 2863 2572 2924 potestas
2626 2870 2748 2910 cum
2793 2855 2888 2910 Dei
2937 2855 3174 2925 potentia
3214 2857 3413 2912 collata

1852 2943 1988 2998 nihil
2021 2952 2135 3010 est,
2166 2953 2223 3001 et
2251 2946 2359 3000 vita
2389 2961 2512 3000 cum
2564 2947 2705 3012 vita,
2757 2954 2809 3002 et
2854 2947 2957 3001 alia
3001 2949 3180 3002 omnia
3221 2956 3412 3003 nostra

1855 3050 1982 3090 cum
2013 3035 2098 3091 his
2125 3051 2248 3106 qua:
2276 3036 2331 3090 in
2367 3037 2459 3093 illo
2505 3047 2631 3092 sunt
2680 3047 2990 3106 comparata
3013 3078 3027 3101 ,
3076 3049 3129 3093 ut
3179 3039 3411 3095 nihilum

1782 3161 1826 3222 ε
1856 3141 2038 3181 coram
2067 3127 2209 3198 ipso,
2237 3128 2378 3184 sicut
2405 3129 2480 3183 ait
2507 3129 2789 3199 prophetia
2816 3130 2880 3184 ":
2914 3130 2994 3184 sic
3025 3131 3188 3184 etiam
3221 3138 3416 3188 noster

1858 3229 2037 3270 sermo
2075 3230 2200 3270 cum
2239 3231 2305 3271 eo
2334 3218 2427 3286 qui
2478 3233 2603 3272 vere
2655 3225 2738 3272 est
2781 3217 2993 3280 Sermo,
3032 3230 3411 3288 comparatus,

1858 3307 1993 3361 nihil
2025 3316 2128 3363 est.
2161 3307 2261 3361 ilic
2289 3309 2432 3364 enim
2471 3309 2522 3362 in
2550 3309 2816 3379 principio
2845 3325 2951 3363 non
2978 3318 3128 3374 erat,
3159 3312 3252 3366 sed
3287 3327 3411 3368 cum

1859 3409 2049 3454 nostra
2097 3407 2290 3454 natura
2340 3410 2702 3456 constructus
2749 3409 2872 3468 est;
2912 3417 3088 3468 neque
3111 3403 3413 3458 secundum

1859 3491 2132 3561 propriam
2177 3500 2455 3561 spectatur
2479 3493 2924 3557 subsistentiam,
2958 3495 3050 3548 sed
3073 3534 3088 3558 ,
3130 3494 3274 3548 sicut
3313 3493 3418 3548 ali-

1860 3581 1986 3635 cubi
2017 3582 2146 3637 dicit
2170 3583 2449 3653 magister,
2475 3598 2600 3638 cum
2628 3584 2824 3654 linguae
2849 3585 3075 3654 strepitu
3106 3587 3414 3650 evanescit,

1860 3688 2038 3743 neque
2081 3674 2242 3742 hujus
2289 3675 2558 3730 sermonis
2599 3690 2737 3746 opus
2785 3676 3002 3746 aliquod
3050 3677 3174 3732 licet
3213 3679 3418 3734 intelli—

1860 3779 2006 3833 gere,
2028 3764 2123 3820 sed
2150 3766 2202 3819 in
2227 3767 2340 3821 sola
2367 3782 2496 3821 voce
2521 3775 2572 3822 et
2594 3768 2768 3822 littera
2791 3769 3195 3824 subsistentiam
3224 3771 3410 3828 habet.

1861 3855 1968 3912 Sed
1995 3858 2087 3928 qui
2115 3873 2181 3912 ex
2211 3857 2319 3913 Deo
2345 3867 2428 3914 est
2452 3857 2665 3924 Sermo,
2690 3860 2832 3915 Deus
2859 3869 2974 3926 est,
3001 3859 3234 3915 Verbum
3266 3862 3411 3932 quod

1858 3957 1942 4004 est
1973 3952 2026 4002 in
2073 3948 2339 4018 principio
2388 3958 2443 4004 et
2488 3950 2540 4003 in
2593 3961 2906 4019 perpetuum
2954 3959 3265 4021 permanet,
3314 3967 3416 4022 per

1858 4055 2016 4108 quem
2047 4039 2226 4095 omnia
2253 4048 2306 4095 et
2335 4049 2462 4095 sunt
2487 4049 2540 4096 et
2572 4049 2857 4106 constant,
2888 4049 2940 4096 et
2975 4042 3228 4096 universo
3272 4057 3410 4110 pra:-

1859 4133 2000 4187 sidet
2028 4147 2350 4201 omnemque
2377 4132 2536 4187 habet
2559 4147 2745 4187 eorum
2777 4148 2897 4202 quae
2932 4141 3060 4188 sunt
3086 4133 3137 4185 in
3178 4133 3318 4188 coelo
3355 4141 3412 4188 et

1859 4225 1915 4280 in
1944 4234 2088 4280 terra
2119 4232 2440 4293 potestatem
2459 4265 2473 4287 ,
2497 4225 2604 4279 vita
2631 4233 2685 4279 et
2711 4226 2939 4289 veritas,
2969 4225 3181 4293 justitia
3211 4233 3263 4278 et
3292 4225 3409 4290 lux,

1857 4325 1912 4372 et
1940 4331 2101 4372 omne
2127 4317 2328 4372 bonum
2353 4315 2625 4372 exsistens
2646 4357 2660 4376 ,
2693 4325 2746 4371 et
2773 4316 2954 4369 omnia
2990 4317 3044 4369 in
3086 4325 3308 4382 natura,
3349 4325 3414 4371 ut

1859 4406 1971 4462 sint
2012 4405 2320 4460 continens.
2362 4403 2510 4460 Talis
2553 4405 2717 4475 igitur
2745 4415 2798 4460 et
2846 4413 3031 4459 tantus
3062 4404 3251 4460 Sermo
3281 4421 3410 4460 cum

192 4519 292 4570 γου
338 4499 433 4553 τοῦ
476 4500 602 4570 περὶ
627 4498 716 4551 τὸν
741 4497 870 4550 Θεὸν
897 4496 1183 4566 νοουμένου
1204 4536 1219 4561 ,
1253 4489 1406 4559 οὗτος
1443 4495 1534 4547 τὸν
1565 4495 1622 4548 ἐν
1648 4493 1755 4548 ὀνό-

1863 4498 1935 4551 sit
1965 4503 2018 4552 et
2048 4497 2104 4551 in
2134 4494 2242 4550 Deo
2272 4495 2626 4565 intelligatur,
2671 4496 2777 4550 iste
2839 4511 3169 4563 sermonem,
3219 4496 3308 4565 qui
3353 4495 3410 4551 in

198 4609 334 4664 μασι
363 4593 458 4645 καὶ
485 4592 693 4661 ῥήμασι
741 4590 836 4642 καὶ
875 4588 1191 4658 συνδέσμοις
1240 4587 1765 4658 συναπαρτιζόμενον

195 4684 374 4750 λόγον,
404 4681 478 4744 ὦς
521 4698 572 4733 τι
603 4681 743 4750 μέγα
771 4679 1049 4748 χαρίζεται
1075 4676 1212 4746 Θεῷ,
1241 4676 1444 4744 ἀγνοῶν
1469 4677 1550 4730 ὃτι
1579 4675 1765 4748 ὥσπερ

194 4778 225 4828 6
255 4775 353 4844 τὴν
377 4773 682 4844 πρακτικὴν
702 4773 765 4840 τῇ
785 4769 941 4838 φύσει
964 4768 1119 4839 ἡμῶν
1140 4769 1499 4839 χαρισάμενος
1515 4767 1762 4838 δύναμιν,

195 4866 260 4916 οὑ
286 4861 354 4915 τά
392 4861 512 4913 καθ’
537 4862 768 4914 ἕκαστον
787 4859 940 4929 ἡμῶν
963 4859 1100 4928 ἔργα
1141 4859 1490 4928 δημιουργεῖν
1526 4859 1762 4927 λέγεται,

183 4945 313 5015 ἷάλὶσ
376 4955 405 5005 6
434 4953 530 5022 μὲν
557 4953 720 5005 ἔδωκε
747 4954 812 5022 τῇ
845 4951 1001 5019 φύσει
1035 4951 1131 5021 τὴν
1176 4950 1422 5021 δύναμιν,
1464 4953 1760 5021 ἐνεργεῖται

193 5046 254 5098 δὲ
290 5046 417 5116 παρ’
453 5045 608 5114 ήμῶν
639 5044 804 5107 οἰκία,
839 5043 930 5096 καὶ
975 5041 1188 5112 βάθρον,
1219 5043 1312 5096 καὶ
1354 5043 1624 5114 ῥομφαία,
1669 5043 1762 5096 καὶ

195 5138 448 5206 ἄροτρον,
478 5137 574 5188 καὶ
618 5136 852 5205 ὅτουπερ
881 5135 946 5187 ἂν
976 5135 1004 5187 6
1046 5133 1157 5202 βίος
1189 5136 1323 5204 τύχῃ
1366 5133 1612 5203 δεόμενος
1647 5147 1660 5160 ⁶
1688 5130 1762 5186 ὢν

195 5229 268 5281 τὰ
295 5229 414 5281 καθ’
458 5229 688 5281 ἕκαστόν
723 5230 836 5280 ἐστι
869 5229 964 5298 μὲν
1001 5226 1134 5297 ἔργα
1178 5227 1452 5297 ἡμέτερα,
1483 5227 1560 5287 είς
1587 5225 1643 5277 δὲ
1669 5223 1759 5277 τὸν

197 5319 358 5389 ἡμῶν
385 5319 562 5372 αὑτῶν
584 5320 752 5372 αῐτιον
803 5319 898 5390 τὴν
928 5319 1200 5388 ἀναφορὰν
1230 5317 1362 5387 ἔχει,
1391 5317 1482 5370 τὸν
1515 5316 1765 5386 δεκτικὴν

200 5411 383 5480 πάσης
424 5412 729 5481 ἐπιστήμης
752 5410 850 5481 τὴν
878 5411 1036 5480 φύσιν
1076 5411 1231 5480 ἡμῶν
1271 5409 1759 5479 δημιουργήσαντα·

199 5502 374 5568 οὕτως
403 5505 496 5559 καὶ
526 5506 560 5574 ἡ
605 5504 695 5557 τοῦ
730 5504 886 5571 λόγου
920 5503 1166 5572 δύναμις,
1202 5503 1360 5575 ἔργον
1402 5501 1498 5572 μὲν
1530 5501 1642 5554 ἔστι
1669 5501 1762 5554 τοῦ

198 5593 456 5664 τοιαύτην
483 5595 637 5666 ἡμῶν
665 5593 1022 5664 πεποιηκότος
1043 5595 1141 5664 τὴν
1162 5593 1341 5662 φύσιν,
1376 5594 1410 5663 η
1435 5593 1491 5646 δὲ
1516 5591 1622 5645 τῶν
1643 5592 1762 5646 καθ’

283 5776 328 5820 ³³
362 5778 492 5832 Gen.
522 5794 565 5846 ι,
597 5778 627 5831 ι
651 5791 773 5848 sqq.

1857 4589 2170 4643 nominibus
2197 4594 2251 4642 et
2277 4586 2460 4642 verbis
2487 4593 2540 4641 et
2582 4585 3067 4656 coniunctionibus
3110 4587 3413 4657 compingi-

1857 4685 1968 4742 tur,
1990 4677 2136 4732 velnt
2154 4675 2284 4747 quid
2309 4690 2558 4745 magnum
2580 4675 2690 4731 Deo
2712 4676 2957 4748 largitur,
2985 4677 3241 4748 ignorans
3264 4675 3410 4747 quod

1857 4769 2312 4841 quemadmodum
2343 4768 2435 4838 qui
2465 4769 2693 4823 activam
2725 4770 3020 4842 potentiam
3064 4779 3269 4823 natura:
3312 4783 3410 4821 no-

1854 4869 1984 4917 atrae
2012 4859 2353 4931 gratiﬁcatns
2381 4867 2468 4916 est
2494 4901 2509 4926 ,
2539 4875 2650 4915 non
2677 4877 2796 4932 qua
2821 4871 2948 4916 sunt
2977 4862 3028 4914 in
3053 4875 3267 4931 quoque
3311 4873 3410 4912 no-

1865 4961 2039 5007 strum
2064 4965 2225 5022 opera
2245 4949 2454 5006 ellicere
2477 4951 2676 5007 dicitur
2694 4989 2706 5009 ,
2737 4951 2824 5008 sed
2855 4951 2944 5008 ille
2971 4952 3185 5022 quidem
3213 4959 3412 5004 nostra

1865 5050 2078 5097 naturae
2105 5041 2212 5095 vim
2243 5041 2422 5104 dedit,
2454 5057 2481 5095 a
2515 5043 2672 5098 nobis
2703 5059 2828 5098 vero
2861 5042 3053 5097 domus
3080 5041 3324 5105 eﬂicitur,
3355 5049 3412 5095 et

1865 5147 2149 5189 scamnum
2171 5173 2186 5196 ,
2219 5140 2272 5188 et
2295 5134 2538 5205 gladius,
2569 5142 2624 5189 et
2651 5144 2888 5188 aratrum
2910 5173 2924 5197 ,
2956 5143 3010 5189 et
3051 5133 3412 5204 quodcunque

1864 5239 2003 5293 opus
2028 5240 2136 5294 quo
2159 5224 2268 5278 vita
2291 5231 2480 5281 nostra
2504 5224 2742 5295 indigeat
2763 5245 2774 5281 :
2795 5239 3026 5294 quorum
3049 5224 3259 5294 singula
3285 5234 3413 5280 sunt

1863 5315 2080 5384 quidem
2107 5329 2270 5386 opera
2299 5325 2485 5370 nostra
2511 5354 2526 5380 ,
2553 5315 2650 5371 sed
2681 5314 2748 5369 ad
2774 5323 3020 5369 nostrum
3051 5315 3292 5384 ipsorum
3323 5331 3413 5370 au-

1863 5414 2068 5462 ctorem
2099 5407 2414 5462 relationem
2447 5407 2686 5472 habent,
2721 5405 2812 5476 qui
2845 5405 3022 5462 omnis
3053 5407 3294 5462 scientia:
3330 5422 3396 5461 ea

1863 5513 2049 5569 pacem
2087 5510 2339 5553 naturam
2375 5507 2620 5553 nostram
2656 5499 2898 5554 condidit
2928 5519 2940 5553 :
2981 5500 3061 5554 sic
3094 5499 3254 5554 etiam
3300 5514 3395 5553 ser

1863 5591 2041 5646 monis
2089 5591 2326 5661 potentia
2373 5605 2512 5660 opus
2560 5590 2775 5662 quidem
2824 5597 2908 5648 est
2948 5590 3066 5660 ejus
3113 5589 3205 5661 qui
3250 5588 3414 5644 talem

851 5778 896 5809 ³³
921 5775 1064 5835 Psal.
1107 5792 1255 5844 χιιι,
1291 5777 1371 5832 ll.
1447 5776 1491 5809 ³⁸
1521 5777 1652 5833 Gcn.
1685 5791 1801 5845 \‘lll,
1835 5777 1926 5831 2i.
2004 5777 2048 5808 "
2091 5774 2239 5830 Psal.
2277 5788 2503 5839 xxxvttt,
2532 5774 2564 5828 6
