4006 6484
592 326 700 388 ω(
1822 319 1881 376 5.
1912 317 2229 376 GREGORII
2259 318 2547 375 NYSSENI
3699 320 3797 377 993

540 442 548 483 ί
587 448 836 498 nostram
878 435 1008 495 fecit
1046 445 1299 493 naturam
1324 478 1340 505 ,
1380 436 1625 493 inventio
1668 418 1800 493 vero
1851 437 2144 493 verborum

2260 439 2471 493 ἕκαστον
2512 438 2770 509 ῥημάτων
2795 436 3030 509 εὕρεσις,
3070 438 3204 509 πρὸς
3234 436 3331 508 τὴν
3352 438 3542 509 χρείαν
3567 438 3670 510 τῆς
3700 441 3800 492 τῶν

592 532 935 602 singulorum
976 529 1043 585 ad
1086 544 1267 584 rerum
1304 529 1684 600 signiﬁcantia:
1722 544 1882 585 usum
1914 544 1947 583 a
1986 529 2144 585 nobis

2260 528 2610 598 ὅποκειμένων
2652 528 2919 598 σημασίας
2956 530 3082 599 παρ’
3122 530 3274 600 ἡμῶν
3312 530 3489 584 αὐτῶν
3516 531 3799 601 ἐπενοήθη.

593 625 730 694 ipsis
757 622 1062 692 excogitata
1088 632 1190 676 est.
1226 619 1381 687 Quod
1410 621 1540 676 hinc
1569 619 1857 677 manifeste
1882 628 2143 692 apparet,

593 716 723 785 quia
752 712 1152 783 quamplurima
1185 728 1304 782 quae
1325 713 1580 767 dicuntur
1604 713 1781 782 turpia
1812 721 1867 767 et
1892 714 2149 768 indecora

596 820 822 876 prorsus
853 820 976 861 esse
1008 814 1321 868 censentur,
1345 820 1577 875 quorum
1603 807 1787 860 nullus
1806 814 1987 861 mente
2019 820 2150 875 pras-

596 899 747 954 ditus
788 900 1130 955 inventorem
1168 897 1339 953 Deum
1388 899 1700 968 suspicatus
1744 898 1924 954 fuerit.
1972 899 2151 965 Quare

596 990 816 1046 tametsi
846 1006 911 1046 ex
946 989 1041 1045 Dei
1073 1004 1307 1060 persona
1339 990 1582 1060 quaedam
1617 1004 1647 1043 a
1678 1005 1834 1045 sacra
1867 988 2152 1061 Scriptura

596 1084 763 1137 verba
793 1081 955 1136 nobis
986 1080 1274 1135 familiaria
1308 1089 1363 1136 et
1392 1090 1612 1136 assueta
1645 1081 1922 1144 dicantur,
1951 1097 2155 1153 cogno-

599 1175 860 1231 scendum
888 1181 969 1229 est
999 1173 1143 1243 quod
1173 1172 1411 1244 Spiritus
1440 1182 1663 1229 sanctus
1702 1189 1769 1228 ex
1811 1174 2013 1229 nostris
2051 1190 2155 1229 no-

599 1262 811 1319 biscum
837 1263 1095 1318 disserit:
1125 1261 1581 1332 quemadmodum
1611 1263 1665 1316 in
1696 1264 1953 1318 Actorum
1987 1264 2159 1319 histo—

599 1354 683 1409 ria
710 1353 1003 1408 didicimus
1022 1353 1089 1420 “,
1112 1352 1256 1423 quod
1287 1354 1663 1424 unusquisque
1686 1354 1742 1408 in
1764 1370 1863 1409 sua
1896 1356 2074 1425 lingua
2102 1356 2157 1410 in

598 1460 710 1516 qua
737 1452 899 1499 natus
923 1452 1041 1500 erat
1060 1485 1075 1509 ,
1100 1445 1404 1499 doctrinam
1438 1444 1773 1514 accipiebat,
1804 1461 1899 1516 per
1929 1447 2031 1503 sibi
2062 1462 2157 1503 co-

600 1537 751 1609 gnita
783 1535 944 1591 verba
971 1535 1077 1589 vim
1102 1550 1412 1590 sermonum
1442 1534 1693 1592 audiens.

674 1627 739 1682 Et
787 1628 931 1698 quod
981 1627 1095 1681 haec
1146 1642 1270 1682 vera
1325 1631 1455 1690 sint,
1507 1629 1680 1698 magis
1734 1627 2005 1693 didicerit,
2064 1629 2160 1701 qui

604 1718 920 1790 diligentius
966 1727 1019 1773 et
1058 1718 1366 1773 accuratius
1399 1718 1690 1774 Leviticam
1718 1720 1890 1790 legum
1924 1722 2163 1776 sanctio-

2243 621 2552 691 Τεκμήρισν
2584 620 2640 673 δὲ
2660 662 2675 685 ,
2704 622 2783 674 ὃτι
2820 621 2990 674 πολλὰ
3020 623 3128 676 τῶν
3170 623 3476 693 λεγομένων
3520 626 3726 695 αἰσχρά
3748 642 3802 676 τε

2246 714 2338 769 καὶ
2367 712 2587 782 ἀπρεπῆ
2627 714 2963 767 παντάπασιν
2991 710 3126 767 εἶναι
3160 716 3465 785 νενόμισται
3488 756 3503 779 ,
3524 709 3598 769 ὧν
3624 716 3726 769 οὐκ
3746 718 3805 770 av

2246 820 2329 867 τις
2373 804 2481 856 τῶν
2517 802 2640 857 νοῦν
2684 805 2911 875 ἑχόντων
2953 807 3177 877 εὑρετὴν
3222 806 3311 859 τὸν
3352 807 3482 860 Θεὸν
3527 806 3805 859 ὑπολάϐοι.

2250 893 2411 946 ’Ὥστε
2438 892 2541 946 κᾶν
2567 895 2631 947 ὲκ
2659 892 2947 965 προσώπου
2974 894 3064 947 τοῦ
3093 894 3225 947 Θεοῦ
3252 894 3478 965 λέγηται
3510 912 3637 947 τινα
3662 894 3807 964 παρά

2250 986 2345 1054 τῆς
2372 983 2519 1048 θείας
2552 985 2773 1056 Γραφῆς
2799 984 2905 1037 τῶν
2929 988 3057 1055 ἡμῖν
3092 987 3333 1058 συνήθων
3362 989 3642 1059 ῥημάτων,
3669 1005 3808 1056 γνω-

2254 1079 2407 1131 στέον
2440 1079 2521 1131 ὅτι
2553 1078 2613 1131 τὸ
2642 1078 2860 1148 Πνεῦμα
2882 1078 2942 1131 τὸ
2970 1080 3122 1147 ἅγιον
3152 1082 3214 1132 ὲκ
3237 1080 3342 1132 τῶν
3370 1082 3657 1152 ἡμετέρων
3685 1084 3809 1152 ἡμῖν

2246 1166 2575 1235 διαλέγεται.
2605 1166 2868 1237 Καθάπερ
2896 1168 2989 1220 καὶ
3010 1168 3101 1220 ἐπὶ
3124 1169 3221 1239 τῆς
3245 1168 3351 1220 τῶν
3380 1169 3639 1239 Πράξεων
3671 1173 3810 1222 ἰπο-

2257 1260 2377 1331 ρίας
2403 1259 2694 1329 ἐμάθομεν,
2716 1260 2796 1312 ὅτι
2823 1258 3047 1322 ἕκαστος
3080 1262 3135 1313 ὲν
3163 1263 3227 1330 τῇ
3259 1260 3363 1331 ἰδίᾳ
3398 1260 3666 1330 διαλέκτῳ
3694 1264 3753 1312 ὲν
3779 1256 3810 1331 ᾖ

2256 1350 2484 1421 ἐγενήθη
2506 1350 2604 1420 τὴν
2631 1349 2969 1403 διδασκαλίαν
3014 1351 3243 1421 ἐδέχετο,
3266 1352 3353 1405 διὰ
3386 1353 3493 1405 τῶν
3518 1352 3811 1423 γνωρίμων

2256 1439 2405 1511 αὑτῷ
2434 1440 2691 1512 ῥημάτων
2713 1444 2809 1513 τῆς
2829 1442 3105 1513 δυνάμεως
3127 1443 3329 1497 ὲπαῖων
3354 1443 3460 1496 τῶν
3492 1442 3689 1512 λόγων.

2327 1622 2438 1676 Καὶ
2475 1622 2557 1675 ὅτι
2589 1621 2762 1692 ἀληθῆ
2792 1622 2994 1685 ταῦτα,
3029 1623 3226 1694 μᾶλλον
3258 1624 3323 1679 άν
3350 1642 3433 1688 τις
3469 1625 3633 1696 μάθοι
3672 1625 3815 1693 φιλο-

2262 1715 2562 1787 πονώτερον
2600 1715 2697 1787 τὴν
2738 1715 3022 1785 Λευῖτικὴν
3066 1716 3381 1786 νομοθεσίαν
3421 1718 3814 1782 κατεξετάζων.

604 1828 729 1869 nem
780 1810 1143 1881 perpenderit.
1178 1808 1292 1864 illic
1316 1810 1359 1842 ³’¹
1374 1810 1517 1866 enim
1550 1811 1869 1881 sartaginis,
1896 1820 1952 1867 et
1981 1812 2159 1883 lagani

2260 1808 2500 1876 Τηγάνου
2527 1807 2636 1878 γάρ
2658 1808 2792 1871 ἐκεῖ,
2824 1809 2916 1861 καὶ
2960 1808 3195 1883 λαγάνου
3236 1808 3329 1861 καὶ
3361 1810 3695 1879 σεμιδάλεως
3724 1812 3817 1863 καὶ

609 1905 726 1961 sive
766 1902 1040 1972 placentas,
1081 1910 1137 1956 et
1180 1900 1392 1966 similae,
1447 1910 1504 1955 et
1549 1902 1815 1970 ejusmodi
1877 1904 2157 1959 nominum

605 1995 851 2049 meminit
900 1994 956 2047 in
998 1992 1243 2064 mysticis
1289 1991 1596 2056 sacrificiis,
1643 1994 1937 2064 symbolice
1981 2003 2036 2050 et
2068 2010 2162 2065 per

603 2086 891 2155 enigmata
940 2086 1134 2139 animae
1177 2083 1333 2138 utilia
1391 2084 1636 2153 quaedam
1676 2086 1928 2153 dogmata
1974 2087 2163 2142 subin-

605 2176 814 2231 dicans.
849 2174 1153 2241 Quinetiam
1182 2190 1466 2230 mensuras
1490 2175 1750 2245 quasdam
1790 2178 2032 2232 nominat
2070 2194 2161 2234 so-

607 2266 704 2321 lito
745 2274 855 2321 tum
906 2281 1074 2332 more,
1124 2267 1287 2338 hyphi
1331 2266 1603 2337 quoddam
1656 2266 1842 2324 dicens
1887 2277 1941 2322 et
1984 2270 2159 2335 nebel,

604 2364 661 2413 et
695 2357 771 2423 in,
805 2366 859 2412 et
888 2358 1057 2410 multa
1094 2358 1215 2428 ejus
1250 2360 1486 2429 generis.
1534 2357 1673 2413 Num
1719 2360 1815 2415 has
1848 2363 2163 2431 appellatio-

606 2463 704 2505 nes
739 2450 996 2519 imposuit
1041 2458 1095 2503 et
1146 2450 1564 2515 nominationes,
1594 2458 1648 2504 et
1692 2467 1723 2505 a
1776 2453 2043 2523 principio
2085 2455 2164 2509 sic

604 2540 934 2611 pmoripsit
964 2538 1078 2594 fieri
1105 2546 1160 2594 et
1204 2538 1339 2602 dici,
1393 2540 1467 2592 ita
1498 2548 1556 2593 ut
1592 2540 1693 2595 hoc
1734 2542 1949 2611 quidem
1980 2558 2163 2597 semen

603 2630 933 2685 frumentum
968 2629 1193 2693 diceret,
1238 2628 1404 2699 hujus
1436 2637 1615 2683 autem
1656 2632 1944 2686 medullam
1988 2633 2165 2686 nomi-

602 2728 761 2776 naret
811 2720 1083 2787 similam;
1124 2734 1247 2790 quae
1286 2734 1415 2775 vero
1458 2721 1513 2775 in
1558 2720 1842 2791 superficie
1881 2730 2162 2793 apparent,

602 2818 660 2867 et
686 2818 814 2866 sunt
838 2810 1219 2867 membranosa
1246 2819 1302 2866 et
1332 2821 1688 2881 supernatant
1708 2812 1947 2874 bellaria,
1974 2813 2166 2884 lagana

603 2902 1017 2973 appellaretzet
1036 2917 1132 2958 vas
1154 2902 1265 2957 tale
1307 2900 1363 2956 in
1395 2918 1505 2972 quo
1548 2917 1730 2958 massa
1767 2904 1984 2958 humida
2017 2918 2167 2959 exas-

603 2997 756 3045 satur
796 2995 959 3059 atque
1005 2988 1341 3053 exsiccatur,
1379 2991 1707 3061 sartaginem
1734 2992 1960 3062 jusserit
1986 2994 2164 3047 nomi-

2257 1900 2364 1953 τῶν
2392 1900 2646 1953 τοιούτων
2687 1900 2955 1970 μέμνηται
2983 1900 3257 1970 ὀνομάτων
3288 1902 3346 1954 ὲν
3377 1904 3495 1964 ταῖς
3526 1909 3816 1971 μυστικαῖς

2261 1988 2606 2061 ἱερουργίαις,
2629 1988 2961 2058 συμϐολικῶς
2984 1989 3077 2041 καὶ
3099 1989 3163 2041 δι’
3188 1990 3502 2058 αἰνίγματος
3521 1990 3815 2062 ψυχωφελῆ

2257 2095 2378 2132 τινα
2408 2079 2650 2149 δόγματα
2681 2078 3072 2149 ὑφηγούμενος.
3100 2080 3208 2132 Καὶ
3239 2080 3410 2151 μέτρα
3451 2082 3570 2133 τινὰ
3604 2097 3819 2133 κατονο-

2263 2170 2422 2239 μάζει
2462 2169 2601 2222 κατὰ
2628 2170 2723 2249 τὴν
2759 2170 2876 2222 τότε
2925 2170 3229 2241 συνήθειαν,
3268 2171 3363 2241 ῦφι
3399 2189 3454 2224 τι
3496 2172 3692 2240 λέγων,
3731 2178 3817 2228 καὶ

2260 2260 2432 2324 νέὸελ,
2458 2262 2552 2313 καὶ
2582 2261 2656 2323 ἲν,
2686 2261 2779 2313 καὶ
2810 2262 2975 2314 πολλὰ
2999 2261 3239 2316 τοιαῦτα.
3276 2258 3421 2335 τΑρα
3457 2268 3691 2335 ποιήσας
3725 2271 3817 2331 τάς

2262 2351 2624 2421 προσηγορίας
2646 2354 2841 2413 ταύτας
2870 2352 2962 2403 καὶ
2979 2353 3287 2421 ὀνομασίας,
3312 2354 3345 2426 ἢ
3369 2354 3466 2425 τὴν
3487 2357 3662 2427 ἀρχὴν
3682 2358 3819 2411 οὕτω

2261 2443 2642 2513 διαταξάμενος
2692 2445 2932 2513 γίνεσθαι
2968 2446 3061 2497 καὶ
3104 2445 3390 2514 λέγεσθαι,
3429 2449 3568 2502 ὥστε
3612 2453 3675 2503 τὸ
3727 2455 3819 2522 μὲν

2262 2536 2496 2587 τοιοῦτον
2527 2536 2743 2605 σπέρμα
2774 2537 2916 2588 σῖτον
2942 2540 3133 2590 εἰπεῖν·
3156 2538 3345 2593 τούτου
3379 2540 3436 2592 δὲ
3472 2542 3569 2613 τὴν
3586 2544 3821 2612 ἐντεριώ-

2262 2642 2359 2695 νην
2387 2626 2643 2695 ὀνομάσαι
2684 2627 2977 2697 σεμίδαλινο
3005 2633 3097 2682 καὶ
3132 2628 3200 2682 τὰ
3236 2631 3525 2685 ὲπιπόλαια
3561 2636 3660 2687 καὶ
3687 2636 3819 2704 ὑμεε-

2263 2713 2401 2782 νώδη
2430 2716 2521 2767 καὶ
2547 2715 2893 2785 διηπλωμένα
2918 2716 3025 2769 τῶν
3050 2720 3372 2788 πεμμάτων,
3401 2719 3612 2788 λάγανα
3651 2739 3823 2791 προσ-

2264 2808 2437 2858 ειπεῖν
2466 2810 2480 2825 ⁸
2506 2805 2683 2857 καὶτὸ
2702 2807 2897 2859 τοιόνδε
2927 2808 3115 2871 σκεῦος
3146 2812 3202 2862 ὲν
3234 2803 3278 2877 ᾧ
3309 2810 3369 2863 τὸ
3402 2811 3565 2881 ὑγρὸν
3601 2812 3693 2866 τοῦ
3727 2831 3823 2881 φυ-

2268 2897 2507 2968 ράματος
2538 2897 2826 2964 ἐξοπτᾶται
2858 2901 2950 2952 καὶ
2976 2900 3345 2971 ὲξικμάζεται,
3375 2904 3607 2974 τήγανον
3638 2907 3826 2975 ὄνομα·

2266 2988 2452 3059 σθῆναι
2478 2990 2791 3060 προστάξαι’
2816 2990 2906 3043 τοῦ
2926 3009 2983 3044 τε
3003 2993 3166 3062 ὑγροῦ
3191 2994 3290 3065 τὴν
3309 2996 3525 3065 τοσήνδε
3548 2999 3827 3068 ποσότητα

602 3081 757 3149 nari;
796 3079 1003 3136 humidi
1028 3095 1156 3137 vero
1184 3088 1387 3135 tantam
1415 3084 1770 3153 quantitatem
1806 3085 1861 3137 in
1897 3084 1980 3139 vel
2008 3085 2161 3141 nebel

2265 3080 2341 3150 τῷ
2376 3080 2468 3133 τοῦ
2536 3081 2589 3133 ἲν
2638 3082 2670 3152 ἦ
2716 3081 2869 3134 νέὸελ
2912 3083 3130 3153 ὀνόματι
3168 3084 3520 3156 διαγορεύειν,
3567 3089 3661 3140 καὶ
3698 3090 3828 3153 τοὺς

604 3172 827 3231 nomine
857 3172 1149 3243 appellare,
1184 3181 1239 3228 et
1266 3171 1475 3228 fructus
1510 3173 1775 3229 aridiores
1805 3175 1982 3229 metiri
2009 3191 2161 3231 men-

2268 3146 2587 3243 ξηροτέρους
2613 3146 2851 3244 καρποὺς
2882 3146 3281 3245 διαμετρεῖσθαι
3302 3146 3379 3248 τῷ
3406 3146 3615 3252 γόμορς
3653 3146 3829 3235 (una:

604 3279 734 3320 sura
768 3264 913 3319 dicta
952 3264 1181 3335 gomor?
1225 3262 1391 3334 Nugae
1428 3274 1480 3319 ει
1519 3266 1728 3320 vanitas
1768 3264 2011 3331 Iudaica,
2047 3283 2165 3337 qua;

604 3354 933 3426 permultum
956 3370 987 3409 a
1027 3354 1467 3410 Christianorum
1500 3355 1719 3411 sublimi
1752 3366 1944 3411 natura
1981 3370 2035 3413 et
2065 3376 2162 3414 ex-

604 3444 857 3499 cellentia
901 3444 1122 3512 excidit,
1165 3444 1421 3499 nimirum
1465 3452 1659 3514 putare
1702 3460 1955 3517 magnum
1987 3456 2040 3502 et
2073 3465 2165 3503 ex-

604 3532 1001 3601 celsissimum,
1064 3541 1119 3588 et
1184 3548 1346 3604 supra
1397 3547 1558 3589 omne
1620 3549 1814 3589 nomen
1881 3544 1936 3591 et
1995 3539 2163 3592 animi

607 3627 987 3697 cogitationem
1034 3624 1226 3693 Deum,
1274 3630 1368 3698 qui
1411 3628 1525 3683 sola
1559 3622 1854 3683 voluntatis
1902 3637 2165 3700 potestate

606 3719 922 3775 universum
971 3726 1143 3786 creat,
1188 3727 1242 3775 et
1282 3719 1351 3775 ad
1391 3721 1793 3792 generationem
1834 3722 2071 3787 adducit,
2110 3732 2164 3779 et

605 3810 665 3867 in
707 3826 807 3866 sua
851 3820 1049 3867 natura
1090 3813 1269 3884 ipsum
1298 3820 1607 3878 conservat,
1638 3820 1697 3867 ut
1727 3814 1960 3884 aliquem
1987 3831 2165 3887 gram-

604 3902 903 3968 matistam,
953 3902 1007 3958 id
1053 3913 1141 3960 est
1180 3902 1292 3958 ludi
1338 3904 1591 3959 litterarii
1629 3904 1967 3974 magistrum,
2019 3906 2164 3975 ejus-

606 3994 754 4050 modi
811 3996 1090 4051 nominum
1159 3995 1461 4067 positiones
1530 3996 1768 4051 inaniter
1826 4006 2161 4067 operantem,

605 4084 815 4142 sedere.
857 4082 965 4141 Sed
1001 4086 1459 4157 quemadmodum
1500 4087 1681 4143 surdis
1715 4086 1885 4158 signis
1915 4098 1970 4143 et
1998 4090 2163 4159 gesti-

604 4175 707 4233 bus
738 4175 868 4247 quid
907 4192 1066 4248 agere
1109 4178 1361 4241 debeant,
1396 4178 1722 4243 indicamus,
1762 4194 1868 4235 non
1898 4181 2028 4250 quia
2062 4182 2160 4251 ipsi

605 4281 794 4323 vocem
826 4282 935 4322 non
966 4269 1282 4337 habeamus,
1315 4284 1437 4324 cum
1484 4271 1589 4323 hoc
1626 4268 1877 4335 facimus,
1911 4272 2007 4327 sed
2034 4273 2163 4343 quia

602 4359 829 4414 omnino
871 4359 944 4414 sit
981 4359 1187 4415 inutilis
1225 4376 1334 4415 non
1367 4360 1713 4417 audientibus
1737 4377 1857 4432 qua:
1896 4362 1957 4418 fit
1986 4364 2164 4421 verbis

2268 3264 2357 3335 ρία
2379 3265 2547 3318 ταῦτα
2573 3266 2665 3317 καὶ
2694 3266 2987 3337 ματαιότης
3026 3267 3283 3339 ἰουδαῖκὴ
3315 3270 3567 3341 πάμπολυ
3589 3273 3692 3341 τῆς
3720 3275 3829 3326 τῶν

2263 3356 2600 3426 Χριστιανῶν
2623 3357 2985 3426 μεγαλοφυῖας
3003 3360 3399 3425 ὲκπεπτωκυῖα,
3424 3364 3485 3416 τὸ
3507 3365 3717 3419 οἴεσθαι
3740 3368 3829 3420 τὸν

2267 3446 2459 3516 μέγαν,
2488 3446 2578 3500 καὶ
2602 3445 2840 3514 ὕψιστον,
2866 3450 3112 3520 κα¹ιὺπὲρ
3129 3453 3233 3505 πᾶν
3253 3452 3420 3523 ὄνομά
3434 3471 3493 3507 τε
3520 3457 3613 3509 καὶ
3642 3458 3826 3528 νόημα

2263 3537 2414 3603 Θεὸν,
2449 3538 2538 3590 τὸν
2576 3538 2708 3609 μόνῃ
2749 3543 2815 3611 τῇ
2859 3540 2951 3593 τοῦ
2985 3541 3318 3613 βουλήματος
3363 3546 3588 3617 δυνάμει
3616 3550 3677 3603 τὸ
3718 3554 3828 3606 πᾶν

2263 3625 2650 3697 διακρατοῦντα
2678 3628 2772 3681 καὶ
2794 3632 2869 3693 είς
2908 3631 3121 3697 γένεσιν
3143 3634 3360 3701 ἄγοντα,
3386 3636 3479 3689 καὶ
3499 3638 3555 3689 ὲν
3580 3638 3660 3709 τῷ
3686 3635 3829 3696 εἶναι

2262 3715 2638 3787 διατηροῦντα,
2682 3718 2869 3773 τοῦτον
2908 3721 2981 3784 ὥς
2996 3740 3117 3775 τινα
3149 3728 3562 3799 γραμματιστὴν
3584 3732 3687 3795 τάς
3717 3751 3829 3786 τοι-

2264 3805 2391 3860 άσδε
2431 3808 2540 3861 τῶν
2593 3812 2869 3881 ὀνομάτων
2927 3814 3100 3879 θέσεις
3133 3815 3645 3890 διαλεπτουργοῦντα
3692 3826 3828 3878 καθ·

2262 3899 2445 3969 ἧσθαι.
2506 3902 2641 3956 Ἀλλ’
2671 3904 2856 3977 ὥσπερ
2893 3910 3002 3970 τοῖς
3043 3912 3243 3978 κωφοῖς
3278 3911 3829 3985 διασχηματιζόμενοι

2263 3990 2355 4042 καὶ
2384 3993 2820 4063 χειρονομοῦντες
2839 3996 2898 4049 τὸ
2925 3998 3192 4068 πρακτέον
3218 4000 3680 4072 ὑποσημαίνομεν,
3706 4007 3831 4075 οὐχὶ

2262 4081 2339 4154 τῷ
2366 4084 2441 4154 μὴ
2468 4084 2610 4156 ἔχειν
2641 4086 2773 4141 [δίαν
2812 4090 2963 4142 αὐτοὶ
2988 4092 3190 4162 φωνὴν,
3220 4093 3345 4147 ὅταν
3377 4093 3530 4147 τοῦτο
3556 4097 3829 4166 ποιῶμεν,

2263 4177 2399 4231 ἀλλά
2414 4178 2489 4249 τῷ
2511 4181 2854 4235 παντάπασιν
2871 4186 3141 4254 ἄχρηστον
3160 4183 3297 4240 εἶναι
3316 4193 3424 4252 τοῖς
3441 4190 3541 4243 οὐκ
3562 4192 3829 4247 ἀκούουσι

2262 4268 2359 4341 τὴν
2387 4269 2475 4324 διὰ
2502 4272 2609 4325 τῶν
2643 4274 2903 4345 ῥημάτων
2935 4277 3225 4349 ὑφήγησινο
3269 4280 3410 4334 οῦτω
3451 4283 3542 4336 καὶ
3586 4286 3689 4355 τῆς
3732 4288 3829 4339 άν-

2264 4360 2540 4434 (τρωπίνης
2565 4365 2777 4432 φύσεως
2799 4370 3147 4439 κωφευοῦσης
3169 4372 3366 4442 τρόπον
3395 4376 3515 4429 τινὰ
3549 4379 3645 4431 καὶ
3673 4380 3829 4435 οὐδὲν

602 4451 881 4505 enarratio
915 4468 928 4505 :
960 4451 1041 4506 sic
1084 4459 1278 4505 natura
1326 4452 1561 4507 humana
1613 4467 1736 4507 cum
1781 4455 1852 4508 sit
1898 4455 2161 4524 quodam-

2264 4454 2371 4507 τῶν
2400 4455 2616 4525 ὑψηλῶν
2656 4459 2950 4530 ὲπαῖούσης
2972 4503 2987 4529 ,
3022 4462 3119 4534 τὴν
3145 4464 3237 4517 τοῦ
3279 4465 3411 4519 Θεοῦ
3447 4468 3608 4539 χάριν
3642 4475 3829 4544 φαμὲν

607 4541 771 4596 modo
807 4541 970 4596 surda
1013 4549 1068 4596 et
1106 4541 1240 4597 nihil
1285 4542 1562 4598 excelsum
1593 4551 1648 4599 et
1687 4544 1915 4600 sublime
1957 4546 2161 4610 audiat,

610 4634 704 4690 Dei
746 4634 973 4705 gratiam
1006 4633 1238 4690 dicimus
1271 4634 1623 4689 multifariam
1654 4634 1948 4706 multisque
1990 4636 2164 4692 modis

608 4726 664 4781 in
730 4725 1007 4797 prophetis
1058 4726 1368 4796 loquentem
1389 4726 1457 4791 ³⁸,
1493 4740 1593 4797 pro
1657 4734 1817 4796 captu
1869 4735 2061 4781 nostro
2110 4734 2166 4782 et

604 4817 908 4873 secundum
952 4817 1005 4872 id
1051 4817 1197 4887 quod
1229 4818 1386 4873 nobis
1432 4828 1515 4873 est
1550 4827 1873 4873 consuetum
1916 4826 1967 4873 et
2010 4818 2166 4872 fami-

604 4910 741 4964 liare
785 4915 1097 4965 sanctorum
1145 4907 1529 4979 prophetarum
1574 4910 1787 4979 linguas
1814 4908 2162 4965 conforman-

606 5009 737 5065 tem,
772 5014 869 5071 per
897 5000 1012 5055 haec
1041 5014 1147 5056 nos
1182 4998 1252 5055 ad
1279 4999 1587 5055 sublimium
1620 5002 1984 5073 cognitionem
2016 5006 2165 5059 velut

605 5105 772 5145 manu
815 5090 1036 5155 ducere,
1088 5105 1197 5147 non
1242 5105 1373 5145 vero
1422 5090 1725 5147 secundum
1759 5108 1913 5148 suam
1956 5095 2165 5166 magni-

605 5184 853 5240 tudinem
900 5193 956 5241 et
1000 5184 1387 5241 sublimitatem
1420 5183 1722 5240 doctrinam
1770 5186 1988 5242 facere:
2027 5202 2167 5256 quo-

600 5276 766 5332 modo
786 5294 930 5333 enim
962 5277 1020 5333 in
1055 5278 1253 5350 exiguo
1274 5278 1422 5349 quod
1457 5293 1709 5350 magnum
1737 5289 1818 5333 est
1846 5279 2165 5349 caperetur?

605 5367 701 5425 sed
748 5370 878 5439 quia
934 5369 1002 5426 ad
1056 5371 1376 5442 parvitatem
1420 5378 1664 5425 nostram
1729 5387 1789 5426 se
1843 5371 1925 5425 vis
1980 5370 2164 5426 divina

605 5460 859 5517 demittit.
896 5460 964 5516 Et
1004 5461 1457 5533 quemadmodum
1503 5463 1782 5517 motricem
1833 5461 2048 5516 animali
2082 5462 2159 5515 fa-

604 5552 863 5611 cultatem
912 5553 1056 5611 Deus
1093 5568 1216 5610 cum
1268 5552 1438 5619 dedit,
1478 5570 1587 5609 non
1632 5554 1865 5625 amplius
1912 5553 2157 5623 singulos

677 5733 725 5765 ³⁸
750 5731 867 5789 Act.
909 5748 971 5801 ιι.
996 5734 1049 5792 8.
1125 5738 1166 5771 "
1200 5737 1370 5796 chit.
1402 5755 1461 5807 ιι,
1503 5739 1535 5795 5
1562 5754 1682 5813 sqq.
1758 5742 1802 5774 ³⁸
1835 5738 1995 5798 llehr.
2026 5756 2064 5811 ι,
2102 5741 2153 5797 1.

2265 4549 2585 4621 πολυμερῶς
2608 4552 2701 4604 καὶ
2730 4552 3074 4625 πολυτρόπως
3095 4558 3152 4611 ὲν
3174 4561 3286 4623 τοῖς
3313 4564 3614 4631 προφήταις
3633 4564 3833 4618 λαλοῦ-

2266 4657 2385 4704 σαν,
2411 4641 2548 4695 κατά
2573 4643 2635 4696 τὸ
2659 4646 2787 4714 ἡμῖν
2813 4647 3135 4702 εὐσύνοπτόν
3154 4668 3213 4703 τε
3241 4652 3333 4705 καὶ
3350 4652 3577 4723 σύνηθες
3595 4656 3700 4720 τάς
3720 4657 3831 4710 τῶν

2265 4730 2431 4801 άγίων
2457 4736 2746 4806 προφητῶν
2771 4737 2959 4810 διασχη
2969 4742 3289 4809 ματίζουσαν
3310 4744 3576 4812 γλώσσας,
3600 4748 3693 4800 διά
3714 4750 3833 4802 τοῦ·

2264 4841 2369 4877 των
2399 4824 2545 4895 ἡμᾶς
2574 4828 2653 4892 είς
2672 4829 2768 4902 τὴν
2790 4830 2897 4883 τῶν
2929 4832 3147 4905 ὑψηλῶν
3169 4841 3523 4907 χειραγωγεῖν
3554 4844 3832 4912 κατανόη-

2266 4931 2371 5005 σιν,
2405 4917 2466 4969 οὐ
2499 4920 2640 4973 κατὰ
2672 4920 2769 4991 τὴν
2794 4923 2928 4978 ἰδίαν
2969 4926 3331 4997 μεγαλοερυϊαν
3367 4932 3703 5002 ποιουμένην
3734 4935 3831 5005 τὴν

2259 5002 2622 5062 διδασκαλίαν.
2663 5010 2787 5074 Πῶς
2820 5012 2926 5083 γάρ
2953 5015 3018 5067 ἂν
3042 5018 3099 5068 ὲν
3127 5016 3204 5087 τῷ
3242 5018 3420 5089 μικρῷ
3449 5021 3735 5093 χωρηθείη

2264 5098 2443 5169 μέγας
2489 5101 2647 5155 Ἀλλά
2672 5107 2734 5175 τῇ
2767 5104 3060 5177 βραχύτητι
3083 5110 3177 5179 τῆς
3200 5110 3470 5181 ἡμετέρας
3500 5116 3832 5181 συγκατιοῦ-

2262 5206 2359 5243 σαν
2402 5192 2701 5264 δυνάμεως.
2756 5197 2864 5249 Καὶ
2904 5197 3091 5268 ῶσπερ
3131 5200 3227 5272 τὴν
3265 5205 3551 5274 κινητικὴν
3583 5205 3662 5275 τῷ
3706 5209 3829 5278 ζώω

2260 5282 2489 5354 δύναμιν
2507 5286 2628 5348 δοὺς
2655 5289 2683 5341 ὁ
2725 5288 2875 5353 Θεὸς,
2904 5290 3081 5343 οὐκέτι
3123 5292 3439 5364 δημιουργεί
3460 5298 3556 5349 καὶ
3594 5299 3667 5351 τά
3704 5302 3825 5354 καθ’

2261 5374 2488 5430 ἕκαστον
2536 5377 2867 5449 διαδήματα·
2913 5381 3059 5447 ἅπαξ
3097 5385 3205 5454 γὰρ
3243 5384 3339 5456 τὴν
3370 5386 3544 5457 ἀρχὴν
3583 5388 3828 5444 λαϐοῦσα

2266 5469 2415 5539 παρὰ
2437 5468 2531 5522 τοῦ
2563 5472 2921 5541 πεποιηκότος
2956 5478 2989 5545 ἡ
3033 5475 3190 5543 φύσις
3233 5475 3425 5548 ἑαυτὴν
3461 5482 3696 5533 κινεῖτε
3738 5483 3829 5534 καὶ

2260 5558 2523 5630 διεξάγει,
2568 5564 2704 5636 πρὸς
2732 5564 2796 5619 τὸ
2830 5565 3041 5638 ἑκάστῳ
3080 5584 3137 5620 τε
3173 5567 3360 5623 δοκοῦν
3391 5570 3702 5640 ὲνεργοῦσα
3733 5574 3827 5643 τὴν
