4006 6492
249 367 360 423 995

1327 364 1604 423 CONTRA
1659 365 2064 434 EUNOMIUM,
2104 368 2229 423 LIB.
2273 362 2379 422 ΧΠ.

3351 356 3468 420 m

247 479 465 549 κίνησιν
488 476 658 549 (πλὴν
680 477 832 550 παρὰ
855 478 1058 550 Κυρίου
1081 479 1293 549 λέγεται
1313 479 1556 552 τάὃιασή
1566 499 1710 553 ματα
1734 483 1812 556 τῷ

1937 502 2134 556 gressus
2168 486 2347 545 etlicit.
2392 481 2560 540 semel
2601 480 2747 537 enim
2791 478 3116 551 principium
3146 475 3216 534 ab
3257 491 3327 534 eo
3366 477 3462 548 qui

248 568 406 640 ἀνδρὶ
431 565 848 623 κατευθύνεσθαι
868 574 883 638 )
900 612 914 635 ,
944 569 1114 633 οὕτως
1145 573 1322 625 καὶτὸ
1349 573 1605 626 δύνασθαι
1630 573 1808 628 λαλεῖν

249 675 308 710 τε
365 657 460 711 καὶ
490 656 815 725 φθέγγεσθαι
844 658 939 710 καὶ
964 657 1022 710 τὸ
1044 657 1132 711 διὰ
1172 659 1352 729 φωνῆς
1383 658 1720 728 ἐξαγγέλλειν
1751 659 1812 712 τὸ

252 746 500 817 βούλημα
528 746 676 816 παρά
700 746 794 800 τοῦ
831 747 964 801 Θεοῦ
998 747 1252 812 λαϐοῦσα,
1285 748 1389 819 ὀδῷ
1414 751 1700 820 πορεύεται
1721 750 1809 804 διὰ

249 834 361 886 τῶν
405 835 800 906 πραγμάτωνή
844 835 1002 902 φύσις
1037 839 1233 907 σημεῖά
1259 855 1379 890 τινα
1418 841 1530 901 τοῖς
1566 834 1684 892 οὖσι
1727 838 1814 893 διὰ

252 926 354 997 τῆς
385 928 544 990 ποιᾶς
579 926 685 979 τῶν
722 925 968 995 φθόγγων
997 927 1254 999 διαφορᾶς
1286 928 1665 985 ἐπιϐάλλουσαι.
1706 929 1814 982 Καὶ

252 1018 428 1073 ταῦτά
461 1020 574 1072 ἐστι
603 1017 670 1071 τὰ
701 1020 830 1088 παρ’
863 1018 1016 1090 ἡμῶν
1053 1020 1318 1090 λεγόμενα
1361 1021 1578 1092 ῥήματά
1618 1038 1676 1074 τε
1721 1022 1815 1074 καὶ

251 1110 493 1180 ὀνόματα
520 1105 599 1174 οἷς
624 1111 722 1181 τὴν
752 1110 979 1180 δύναμιν
1007 1111 1113 1162 τῶν
1153 1113 1488 1182 πραγμάτων
1529 1111 1817 1182 διασημαί-

253 1217 438 1271 νομεν.
469 1202 582 1254 Κᾶν
603 1199 826 1268 λέγηται
855 1200 1002 1270 παρά
1028 1198 1121 1252 τοῦ
1152 1201 1425 1263 Μωῦσέως
1449 1200 1555 1272 πρὸ
1582 1201 1682 1270 τῆς
1708 1199 1816 1253 τῶν

254 1291 481 1362 καρπῶν
511 1291 774 1359 γενέσεως
800 1293 827 1343 ὁ
853 1290 1080 1361 καρπὸς,
1105 1291 1200 1345 καὶ
1231 1291 1334 1361 πρὸ
1353 1291 1460 1345 τῶν
1485 1291 1816 1362 σπερμάτων

251 1384 324 1437 τὰ
367 1383 674 1454 σπέρματα,
715 1382 813 1436 οὐκ
838 1381 1044 1451 ἐλέγχει
1075 1383 1163 1435 τὸν
1189 1382 1454 1454 ήμέτερρν
1485 1382 1662 1450 λόγον,
1695 1381 1818 1435 οὐδὲ

257 1475 492 1547 μάχεται
521 1478 632 1538 τοῖς
653 1475 780 1546 περὶ
804 1477 902 1544 τῆς
932 1475 1169 1538 ἐπινοίας
1209 1473 1515 1546 εἰρημένοις
1543 1476 1576 1544 ἡ
1609 1473 1702 1526 τοῦ
1733 1490 1821 1526 νο-

172 1595 174 1598 ·
257 1569 485 1638 μοθέτου
526 1567 747 1622 διάνοια.
800 1567 864 1618 Ὃ
910 1565 1017 1636 γὰρ
1061 1566 1219 1636 ἡμεῖς
1269 1565 1439 1636 πέρας
1488 1563 1821 1636 ὀνομάζομεν

253 1661 356 1730 τῆς
397 1657 768 1732 παρελθούσης
793 1657 1061 1728 γεωργίας
1088 1657 1297 1729 καρπὸν
1342 1657 1587 1726 λέγοντες
1607 1696 1622 1722 ,
1649 1656 1822 1728 ἀρχὴν

253 1749 315 1803 δὲ
343 1750 440 1819 τῆς
472 1747 763 1819 μελλούσης
795 1747 1010 1817 σπέρμα
1049 1745 1556 1817 προσαγορεύοντες,
1584 1745 1740 1799 τοῦτο
1763 1746 1824 1800 τὸ

1910 578 2036 633 fecit
2074 577 2265 647 adepta
2311 581 2504 630 natura
2543 571 2774 641 seipsam
2805 576 2984 626 movet
3017 579 3072 626 et
3117 568 3358 634 deducit,
3393 566 3464 622 ad

1909 669 2272 742 quodcunque
2300 667 2512 723 libitum
2544 673 2628 721 est
2653 672 2857 718 motum
2899 662 3138 718 efficiens
3169 661 3296 732 (nisi
3325 659 3464 716 forte

1911 773 2128 830 gressus
2181 755 2418 810 hominis
2464 768 2494 806 a
2550 751 2778 808 Domino
2832 749 2990 821 dirigi
3037 748 3330 818 dicantur),
3383 747 3464 803 sic

1911 851 2059 919 loqui
2100 864 2282 920 posse.
2332 854 2387 902 et
2421 859 2584 902 sonos
2633 844 2792 898 edere
2839 858 2900 896 ac
2932 857 3027 912 per
3052 855 3239 896 vocem
3267 838 3467 894 volun-

1913 953 2076 999 tatem
2115 937 2402 996 enuntiare
2450 951 2479 989 a
2538 935 2645 989 Deo
2687 949 2808 987 cum
2856 931 3084 1003 accepit,
3116 931 3256 984 viam
3295 929 3468 1001 pergit

1915 1040 2110 1087 natura
2139 1045 2233 1099 per
2257 1042 2344 1081 res
2371 1026 2522 1095 signa
2553 1023 2797 1093 qumdam
2842 1022 3004 1077 rebus
3041 1029 3189 1076 certa
3232 1019 3464 1090 quadam

1916 1137 2170 1181 sonorum
2211 1120 2510 1175 differentia
2561 1119 2864 1188 imponens.
2909 1113 2974 1168 Et
3025 1114 3138 1168 [nec
3189 1119 3318 1168 sunt
3349 1125 3470 1182 qua:

1917 1232 1946 1269 a
1993 1215 2151 1270 nobis
2201 1215 2459 1268 dicuntur
2498 1210 2665 1265 verba
2695 1216 2770 1264 -et
2807 1211 3025 1262 nomina
3060 1206 3259 1277 quibus
3283 1219 3468 1260 rerum

1915 1308 2024 1362 vim
2071 1305 2458 1376 signiﬁcamus.
2502 1303 2565 1359 Et
2601 1303 2727 1358 licet
2775 1317 2804 1355 a
2843 1301 2987 1356 Mose
3034 1309 3160 1355 ante
3199 1298 3469 1354 fructuum

1921 1397 2326 1467 generationem
2384 1395 2588 1450 dicitur
2628 1394 2861 1456 fructus,
2917 1401 2970 1448 et
3021 1399 3145 1446 ante
3200 1390 3470 1446 seminum

1919 1493 2096 1540 ortum
2145 1484 2376 1550 semina,
2432 1499 2539 1538 non
2592 1492 2770 1538 tamen
2825 1482 2926 1537 hoc
2973 1491 3217 1536 nostrum
3277 1479 3476 1535 refellit

1921 1592 2248 1639 sermonem,
2283 1591 2457 1646 neque
2488 1577 2574 1631 his
2611 1591 2732 1646 quae
2761 1574 2906 1630 dicta
2935 1580 3062 1630 sunt
3099 1572 3166 1628 de
3195 1586 3474 1627 commen-

1922 1670 2126 1723 tatione
2169 1675 2435 1739 repugnat
2461 1667 2788 1738 legislatoris
2821 1666 3105 1721 sententia.
3134 1661 3289 1730 Quod
3330 1661 3475 1716 enim

1924 1775 2024 1815 nos
2063 1759 2354 1814 terminum
2396 1757 2738 1829 agriculturae
2776 1755 3062 1826 praeteritae
3105 1751 3339 1808 fructum
3371 1766 3474 1805 no-

257 1841 495 1910 πρᾶγμα
539 1838 600 1892 τὸ
637 1841 749 1902 τοῖς
788 1837 1042 1907 ὀνόμασιν
1089 1837 1458 1908 ὑποκείμενον,
1501 1838 1608 1890 εἴτε
1654 1840 1818 1901 σῖτον,

1937 1853 2212 1914 ηὶηυιηιιε,
2227 1850 2549 1921 principium
2566 1864 2694 1905 vero
2711 1848 2904 1902 fotum
2922 1861 3105 1902 semen
3121 1843 3474 1914 appellamus,

257 1931 372 1982 εἴτε
413 1947 464 1982 τι
493 1928 618 1983 ἄλλο
644 1928 753 1981 τῶν
792 1927 878 1980 διὰ
919 1928 1126 1997 σπορᾶς
1164 1925 1555 1997 πληθυνόντων,
1586 1925 1824 1979 διδάσκει

264 2020 340 2091 μὴ
381 2019 696 2091 αὐτομάτως
722 2019 988 2089 γενέσθαι,
1031 2018 1144 2072 ἀλλ’
1185 2019 1240 2072 ὲν
1287 2017 1548 2088 θελήματι
1604 2016 1698 2071 τοῦ
1732 2033 1826 2069 πε-

262 2112 554 2183 ποιηκότος
596 2111 732 2181 μετὰ
775 2111 874 2180 τῆς
933 2111 1212 2179 δυνάμεως
1255 2108 1456 2179 ταύτης
1502 2107 1821 2178 ἀναφυῆναιο

260 2201 403 2256 ὥστε
426 2203 516 2256 τὸν
545 2201 704 2257 αὐτόν
733 2219 792 2255 τε
822 2199 1062 2271 γίνεσθαι
1089 2199 1319 2270 καρπὸν,
1350 2197 1538 2252 ἑαυτόν
1570 2215 1628 2251 τε
1671 2198 1828 2252 πάλιν

261 2297 417 2362 ἄγειν
446 2295 664 2364 σπέρμα
689 2293 984 2362 γινόμενον,
1016 2293 1108 2345 καὶ
1127 2291 1201 2362 τῷ
1225 2291 1589 2361 περιττεύοντι
1613 2291 1829 2362 τρέφειν

262 2386 355 2436 τὸν
386 2385 690 2454 ἄνθρωπον,
721 2383 911 2452 φύεται
943 2383 998 2436 δὲ
1015 2382 1156 2436 κατά
1179 2381 1238 2434 τδ
1260 2381 1400 2434 θεῖον
1420 2381 1659 2451 βούλημα
1688 2383 1829 2452 πρᾶ-

263 2494 383 2546 γμα
431 2477 530 2529 οὐκ
575 2476 760 2545 ὄνομα.
815 2477 975 2527 Ὥστε
1019 2475 1080 2526 τὸ
1123 2474 1218 2542 μὲν
1262 2472 1381 2526 καθ’
1427 2473 1721 2525 ὑπόστασιν
1774 2470 1832 2524 ὃν

265 2571 498 2640 πρᾶγμα
534 2568 632 2638 τῆς
661 2567 755 2620 τοῦ
795 2566 1152 2636 πεποιηκότος
1183 2565 1464 2635 δυνάμεως
1497 2563 1650 2634 ἔργον
1672 2559 1831 2626 εἶναι,

266 2660 364 2721 τὰς
387 2660 444 2712 δὲ
470 2658 832 2728 γνωριστικὼς
856 2657 965 2709 τῶν
1008 2657 1174 2709 ὄντων
1201 2656 1403 2724 φωνὰς,
1435 2655 1498 2707 δι’
1521 2648 1592 2706 ὧν
1618 2653 1686 2707 τὰ
1717 2652 1834 2706 καθ’

267 2749 498 2803 ἕκαστον
525 2749 661 2818 πρὸς
688 2747 887 2820 ἀκριϐῆ
927 2765 987 2800 τε
1019 2749 1111 2800 καὶ
1150 2747 1452 2816 ἀσύγχυτον
1492 2745 1836 2798 διδασκαλίαν

269 2841 682 2911 ὲπισημείοῦται
710 2843 738 2893 ὁ
762 2840 916 2908 λόγος
935 2879 950 2902 ,
984 2838 1158 2892 ταῦτα
1181 2839 1280 2909 τῆς
1310 2836 1532 2906 λογικῆς
1560 2836 1838 2906 δυνάμεως

270 2937 410 3004 ἔργα
442 2951 499 2987 τε
523 2935 618 2988 καὶ
643 2935 930 3004 εὑρήματα
951 2945 966 2962 ο
983 2932 1152 3004 αὐτὴν
1182 2932 1237 2984 δὲ
1266 2931 1468 3002 ταύτην
1496 2931 1594 3001 τὴν
1620 2929 1840 2999 λογικὴν

269 3027 498 3098 δύναμίν
530 3044 590 3080 τε
620 3027 712 3080 καὶ
751 3026 932 3096 φύσιν,
959 3024 1116 3096 ἔργον
1139 3023 1293 3078 Θεοῦ.
1329 3025 1437 3076 Καὶ
1461 3022 1642 3092 ἐπειδὴ
1663 3022 1722 3074 τὸ
1757 3021 1842 3073 λο-

271 3117 426 3185 γικὸν
455 3118 513 3169 ἐν
535 3118 700 3168 πᾶσιν
723 3114 1027 3185 ἀνθρώποις
1046 3156 1060 3179 ,
1091 3113 1393 3182 ἀναγκαίως
1424 3112 1562 3166 κατά
1600 3111 1697 3175 τὰς
1735 3110 1842 3164 τῶν

270 3206 443 3260 ἐθνῶν
476 3205 755 3276 διαφορὰς,
785 3205 878 3257 καὶ
910 3205 964 3256 αἱ
995 3203 1100 3256 τῶν
1134 3203 1410 3273 ὀνομάτων
1438 3201 1691 3272 διαφοραὶ
1711 3200 1842 3254 θεω-

276 3296 515 3368 ροῦνται.
543 3297 606 3349 Ei
631 3296 692 3366 δή
721 3313 804 3358 τις
855 3292 1213 3365 ἀνθρωπικῶς
1239 3293 1300 3345 τὸ
1323 3292 1457 3360 φῶς,
1494 3293 1528 3362 ἢ
1556 3294 1646 3344 τὸν
1677 3293 1840 3361 ούρα-

274 3389 386 3453 νὸν,
413 3388 445 3458 ἧ
477 3386 571 3458 τὴν
598 3387 720 3457 γῆν,
745 3387 778 3456 ἢ
805 3385 870 3438 τὰ
895 3385 1182 3456 σπέρματα
1209 3384 1359 3455 παρά
1385 3383 1478 3436 τοῦ
1516 3383 1650 3437 Θεοῦ
1686 3400 1844 3454 προσο

275 3476 526 3549 ειρῆσθαι
553 3476 721 3544 λέγοι,
765 3476 980 3538 πάντως
1005 3475 1086 3528 ὅτι
1115 3475 1256 3527 κατά
1287 3475 1416 3544 μίαν
1444 3474 1563 3527 τινὰ
1596 3473 1843 3543 γλώσσης

281 3567 514 3638 ἰδιότητα
563 3564 887 3636 γεγενῆσθαι
936 3565 1331 3618 κατασκευάσει
1376 3563 1467 3616 τὸν
1514 3562 1687 3630 λόγον.
1746 3562 1842 3624 Τίς

275 3655 370 3713 οὖν
401 3658 541 3728 αὕτη
562 3699 576 3722 ,
609 3659 853 3724 δειξάτω.
886 3657 988 3709 Τὸν
1028 3657 1137 3726 γὰρ
1167 3658 1341 3708 έκεῖνο
1371 3638 1722 3723 γινώσκοντα,
1753 3653 1846 3706 καὶ

275 3753 434 3806 τοῦτο
465 3751 538 3823 μὴ
566 3753 776 3820 ἀγνοεῖν
819 3749 1036 3812 πάντως
1061 3749 1161 3802 οὐκ
1190 3749 1294 3816 ἔξω
1321 3747 1413 3802 τοῦ
1449 3746 1655 3808 εἰκότος
1707 3745 1842 3799 ἐστί.

279 3845 392 3898 Καὶ
419 3843 528 3916 γὰρ
558 3845 652 3897 καὶ
676 3846 732 3897 ὲν
757 3842 832 3914 τῷ
873 3841 1110 3914 Ἰορδάνῃ
1135 3840 1271 3911 μετὰ
1293 3840 1392 3910 τὴν
1408 3837 1502 3891 τοῦ
1535 3836 1846 3908 Πνεύματος

278 3934 524 4004 δύναμιν,
558 3932 652 3987 καὶ
680 3931 840 3986 πάλιν
883 3934 940 3984 ὲν
971 3931 1158 3992 ἀκοαῖς
1183 3927 1290 3982 τῶν
1340 3925 1625 3988 Ἰουδαίων,
1670 3924 1760 3976 καὶ
1789 3925 1846 3977 ἐν

281 4030 346 4096 τῇ
375 4022 788 4096 μεταμορφώσει
809 4063 822 4086 ,
862 4021 1011 4092 φωνὴ
1039 4019 1247 4088 γίνεται
1284 4015 1488 4072 ἄνωθεν
1525 4013 1849 4068 διδάσκουσα

279 4119 407 4180 τοὺς
435 4115 772 4186 ἀνθρώπους,
803 4113 893 4167 καὶ
923 4111 1106 4182 σχῆμά
1127 4127 1178 4163 τι
1215 4108 1288 4180 μὴ
1312 4107 1371 4160 τὸ
1394 4105 1713 4175 φαινόμενον
1738 4103 1848 4156 οἶε-

286 4210 410 4264 σθαι
445 4211 620 4280 μόνον,
664 4206 799 4260 ἀλλά
831 4205 1044 4259 καὶτὸν
1085 4201 1362 4272 ἀγαπητὸν
1409 4198 1536 4252 Υίὸν
1579 4195 1673 4250 τοῦ
1713 4193 1847 4248 Θεοῦ

285 4301 559 4355 πιστεύειν
595 4295 732 4352 εἶναι
761 4298 953 4369 ἀληθῆ.
996 4297 1232 4365 Τοιαύτη
1265 4293 1416 4364 φωνὴ
1448 4291 1583 4364 πρὸς
1611 4291 1710 4363 τὴν
1743 4289 1849 4343 τῶν

285 4390 589 4444 ἀκουόντων
621 4388 831 4461 σύνεσιν
877 4389 935 4440 ὲν
975 4385 1052 4456 τῷ
1094 4385 1262 4455 ἀερίῳ
1303 4383 1514 4453 σώματι
1560 4380 1712 4451 παρά
1755 4378 1848 4433 τοῦ

1923 1945 2064 2000 hanc
2103 1959 2216 1998 rem
2245 1957 2366 2013 quae
2392 1941 2700 1998 nominibus
2736 1938 3045 2009 subjicitur,
3081 1938 3195 1993 sive
3235 1936 3476 1991 frumen-

1927 2045 2059 2097 tum,
2093 2035 2205 2089 sive
2257 2031 2458 2103 aliquid
2489 2046 2676 2087 eorum
2723 2044 2842 2100 qua:
2873 2043 2968 2099 per
2996 2027 3258 2084 sationem
3293 2023 3481 2080 multi-

1926 2125 2216 2195 plicantur,
2263 2122 2420 2176 docet
2463 2135 2570 2174 non
2619 2133 2750 2174 casu
2797 2126 2854 2173 et
2905 2117 3130 2171 fortuito
3165 2114 3332 2185 gigni,
3380 2114 3477 2170 sed

1927 2217 2048 2286 ejus
2083 2215 2173 2287 qui
2229 2212 2357 2269 fecit
2404 2211 2680 2267 voluntate
2727 2224 2849 2264 cum
2907 2207 3011 2262 hac
3051 2207 3102 2261 vi
3156 2206 3478 2277 productum

1929 2324 2088 2364 esse:
2149 2307 2222 2360 ita
2270 2313 2322 2359 ut
2378 2305 2518 2359 idem
2555 2302 2770 2358 fructus
2815 2310 3092 2364 nascatur,
3137 2300 3488 2369 seipsumque

1932 2416 2124 2454 rursus
2161 2399 2447 2469 producat,
2483 2411 2606 2450 cum
2651 2395 2706 2449 iit
2737 2410 2943 2457 semen,
2987 2404 3040 2450 et
3067 2408 3134 2448 eo
3163 2392 3304 2463 quod
3333 2407 3488 2447 exsu-

1933 2502 2088 2563 perat
2133 2491 2402 2544 hominem
2445 2489 2585 2555 alat;
2631 2486 2816 2541 divina
2862 2492 3038 2540 autem
3077 2483 3353 2538 voluntate
3399 2495 3490 2538 res

1935 2600 2046 2638 non
2087 2597 2282 2636 nomen
2323 2581 2588 2635 nascitur.
2630 2578 2809 2644 Quare
2836 2593 2922 2632 res
2961 2575 3176 2646 quidem
3207 2589 3328 2644 quae
3356 2573 3490 2629 sub.

1935 2686 2045 2732 stat
2085 2675 2385 2729 conditoris
2431 2687 2568 2741 opus
2615 2678 2699 2726 est
2749 2672 2988 2735 virtutis,
3024 2685 3183 2725 voces
3213 2684 3343 2724 vero
3370 2683 3494 2738 qua:

1935 2784 2025 2824 res
2069 2767 2217 2838 ipsas
2262 2765 2562 2825 notiiicant.
2613 2779 2708 2833 per
2737 2778 2875 2833 quas
2906 2761 3120 2832 singula
3155 2761 3219 2815 ad
3246 2769 3492 2815 exactam

1937 2870 1991 2915 et
2040 2858 2380 2914 inconfusam
2414 2856 2718 2912 doctrinam
2747 2869 2927 2910 sermo
2952 2855 3219 2924 designat,
3254 2853 3336 2907 har
3364 2859 3494 2907 sunt

1940 2953 2129 3021 logica:
2170 2949 2441 3004 facultatis
2471 2962 2633 3017 opera
2668 2955 2722 3000 et
2752 2947 2986 3002 inventa.
3016 2945 3141 3000 llaec
3166 2953 3344 3000 autem
3375 2945 3495 3013 ipsa

1941 3039 2245 3096 disserendi
2283 3047 2337 3094 ct
2383 3036 2746 3092 ratiocinandi
2793 3036 3024 3091 facultas
3064 3045 3118 3089 et
3158 3043 3351 3089 natura
3397 3033 3494 3088 Dei

1943 3143 2027 3189 est
2055 3149 2213 3204 opus.
2242 3131 2308 3186 Et
2344 3131 2599 3201 quoniam
2649 3129 2904 3184 omnibus
2936 3128 3248 3183 hominibus
3278 3127 3500 3182 ratioci-

1946 3225 2110 3280 nandi
2135 3224 2363 3278 facultas
2394 3223 2556 3283 inest,
2589 3220 2898 3277 necessario
2921 3218 3218 3274 secundum
3256 3218 3497 3289 gentium

1943 3319 2255 3382 varietates,
2290 3317 2454 3371 etiam
2500 3316 2777 3369 nominum
2815 3310 3130 3366 dill‘erentiae
3165 3318 3498 3380 spectantur.

1945 3411 2101 3478 Quod
2146 3410 2192 3465 si
2241 3409 2363 3479 quis
2403 3407 2724 3461 humanitus
2775 3405 2973 3465 lucem,
3027 3403 3105 3457 vel
3167 3401 3387 3467 cmlum,
3419 3398 3505 3454 vel

1944 3512 2169 3562 terram.
2201 3503 2284 3555 vel
2317 3500 2525 3555 semina
2566 3513 2594 3550 a
2627 3497 2736 3552 Deo
2774 3494 3043 3565 appellata
3075 3493 3245 3548 fuisse
3270 3499 3502 3554 asserat,

1945 3596 2132 3667 procul
2166 3593 2331 3648 dubio
2365 3590 2665 3647 secundum
2693 3603 2854 3642 unam
2895 3587 3130 3656 aliquam
3159 3585 3352 3654 linguae
3378 3599 3508 3653 pro-

1946 3689 2228 3760 prietatem
2255 3686 2456 3739 factum
2497 3697 2620 3738 esse
2649 3693 2955 3736 sermonem
2989 3684 3214 3733 astruet.
3242 3675 3502 3742 Qnarnam

1947 3780 2111 3852 igitur
2151 3779 2287 3844 haec,
2327 3777 2682 3831 demonstret.
2731 3771 2865 3825 Eum
2915 3771 3059 3826 enim
3109 3769 3201 3839 qui
3252 3768 3382 3822 illud
3415 3782 3511 3820 co-

1946 3871 2179 3943 gnoscit,
2226 3876 2280 3923 et
2327 3867 2431 3921 hoc
2463 3881 2573 3920 non
2599 3865 2850 3931 ignorare
2881 3862 3045 3932 plane
3077 3865 3161 3914 est
3190 3855 3507 3913 verisimile.

1948 3960 2157 4018 Etenim
2178 3960 2230 4014 in
2255 3957 2491 4013 Iordane
2521 3962 2644 4025 post
2671 3952 2910 4024 Spiritus
2956 3951 3274 4021 potentiam,
3303 3957 3353 4001 et
3386 3961 3506 3999 rur-

1948 4069 2042 4110 sus
2084 4053 2139 4108 in
2199 4050 2425 4105 auribus
2471 4046 2803 4106 Judaaornm,
2848 4051 3010 4112 atque
3061 4040 3115 4094 in
3155 4038 3511 4108 transﬁgura-

1947 4147 2095 4203 tione
2147 4160 2251 4198 vox
2301 4141 2361 4196 tit
2409 4141 2644 4209 desuper
2689 4136 2895 4191 docens
2957 4131 3202 4188 homines
3253 4146 3319 4184 ne
3365 4127 3509 4198 quod

1948 4235 2242 4304 apparebat
2267 4232 2492 4302 figuram
2515 4243 2636 4283 esse
2661 4224 2963 4294 simplicem
2986 4221 3384 4288 existimarent,
3414 4217 3510 4274 sed

1947 4327 2111 4381 etiam
2136 4323 2394 4378 dilectum
2420 4317 2619 4374 Filium
2650 4316 2743 4370 Dei
2773 4329 2958 4370 verum
2987 4328 3108 4368 esse
3129 4311 3413 4366 crederent
3442 4311 3510 4363 ".

1950 4416 2274 4488 [huiusmodi
2319 4429 2422 4468 vox
2476 4411 2542 4466 ad
2589 4407 2925 4465 audientium
2983 4402 3394 4474 intelligentiam
3457 4401 3512 4455 in

287 4477 422 4535 Θεοῦ
459 4479 760 4551 διετυπώθη
786 4478 923 4533 κατά
941 4478 1040 4549 τὴν
1062 4474 1462 4546 ἐπικρατοῦσαν
1488 4472 1597 4526 τῶν
1621 4472 1837 4542 φθεγγοε

1955 4527 2116 4567 aereo
2165 4522 2393 4578 corpore
2422 4521 2452 4559 a
2498 4503 2606 4559 Deo
2635 4501 2866 4557 formata
2897 4507 3001 4560 est,
3033 4495 3334 4551 secundum
3363 4494 3517 4548 inva—

292 4572 467 4644 μένων
522 4571 806 4641 συνήθειαν
859 4567 1142 4638 γενομένη.
1201 4565 1357 4620 Οῦτω
1407 4564 1500 4618 τοῦ
1532 4563 1688 4625 Θεοῦ,
1744 4563 1850 4614 τοῦ

291 4661 520 4727 πάντας
544 4660 822 4726 θέλοντος
838 4659 1102 4728 σωθῆναι
1127 4657 1224 4712 καὶ
1251 4659 1338 4723 εὶς
1355 4657 1680 4726 ἐπίγνωσιν
1704 4655 1854 4721 ἀλη-

292 4755 454 4820 θείας
494 4751 710 4818 ἐλθεῖν,
751 4751 884 4821 πρὸς
923 4750 1016 4804 τὸν
1061 4750 1258 4804 σκοπὸν
1293 4749 1391 4819 τῆς
1433 4745 1702 4817 σωτηρίας
1746 4744 1854 4796 τῶν

291 4843 594 4899 ἀκουόντων
623 4845 680 4896 ὲν
709 4841 786 4912 τῷ
807 4842 930 4914 ἀέρι
949 4843 1039 4895 τὸν
1067 4841 1220 4908 λόγον
1243 4838 1641 4910 ἀρθρώσαντος,
1676 4834 1856 4898 καθώς

294 4953 427 5007 φησι
465 4936 559 4989 καὶ
587 4935 724 5006 πρὸς
749 4934 875 4997 τοὺς
910 4932 1192 4994 Ἰουδαίους
1226 4934 1254 4985 ὁ
1283 4930 1486 5000 Κύριος
1525 4928 1648 4991 τοὺς
1676 4926 1856 4997 οἰομέ-

291 5045 414 5090 νους
445 5025 670 5098 βροντὴν
696 5026 975 5094 γεγονέναι
993 5063 1008 5087 ,
1036 5023 1123 5077 διὰ
1149 5023 1207 5076 τὺ
1235 5024 1293 5076 ὲν
1323 5022 1444 5090 ἀέρι
1482 5019 1742 5089 συστῆναι
1768 5017 1861 5070 τὸν

290 5115 444 5189 ἦχον,
474 5119 554 5171 ὅτι
592 5119 675 5170 Οὐ
702 5116 776 5170 δι’
807 5115 912 5186 ἐμὲ
938 5116 975 5182 ή
1019 5117 1186 5184 φωνὴ
1222 5113 1372 5180 αὕτη
1402 5112 1664 5182 γέγονεν,
1703 5107 1863 5164 ἀλλὰ

292 5211 364 5262 δι’
390 5209 563 5279 ὑμᾶς.
599 5209 712 5281 Πρὸ
737 5208 792 5262 δὲ
827 5209 920 5278 τῆς
957 5208 1050 5261 τοῦ
1094 5206 1294 5269 παντὸς
1319 5204 1626 5266 συστάσεως
1653 5198 1861 5262 οὐδενὸς

219 5349 224 5352 .
293 5304 443 5364 δντος
487 5300 583 5355 τοῦ
627 5301 1019 5370 ὑποδεχομένου
1073 5299 1163 5352 τὸν
1208 5297 1385 5364 λόγον,
1428 5295 1462 5366 ἢ
1505 5291 1862 5364 σωματώδους

298 5394 558 5464 στοιχείου
579 5393 722 5456 τινὸς
748 5392 840 5444 τοῦ
883 5391 1129 5444 τυπῶσαι
1155 5389 1253 5459 τὴν
1277 5387 1534 5459 ἔναρθρον
1561 5385 1857 5455 δυναμένου

298 5483 498 5556 φωνὴν,
545 5486 574 5537 ό
616 5483 787 5551 λέγων
822 5483 1027 5553 ῥήμασι
1066 5478 1158 5532 τὸν
1195 5478 1328 5531 Θεὸν
1370 5473 1702 5548 κεχρῆσθαι,
1741 5470 1859 5534 πῶς

296 5575 564 5632 ἀποδώσει
601 5575 663 5627 τὸ
687 5572 829 5636 εἰκὸς
850 5571 926 5642 τῷ
946 5569 1117 5640 λόγως
1151 5568 1318 5632 Αὐτὸς
1341 5565 1650 5637 ἀσώματος,
1679 5565 1713 5634 ἡ
1743 5564 1858 5614 κτί-

1957 4607 2247 4662 lescentem
2304 4598 2639 4669 loquentium
2706 4589 3157 4650 consuetudinem
3209 4585 3373 4641 facta.
3429 4586 3519 4638 Su".

1956 4699 2118 4753 etiam
2162 4709 2284 4751 cum
2337 4693 2497 4753 Dens,
2564 4688 2653 4760 qui
2710 4701 2884 4739 omnes
2940 4682 3052 4738 vult
3099 4681 3271 4736 salvos
3311 4679 3428 4747 ﬁeri
3472 4689 3518 4728 εἰ

1959 4791 2026 4843 nd
2060 4788 2375 4860 agnitionem
2397 4782 2630 4837 veritatis
2658 4778 2831 4832 venire
2857 4775 2926 4840 ⁸⁸,
2965 4774 3030 4828 ad
3070 4785 3292 4842 scepum
3325 4771 3522 4825 salutis

1959 4881 2292 4938 audientium
2329 4877 2381 4930 in
2431 4888 2554 4928 aere
2593 4883 2898 4928 sermonem
2948 4865 3521 4932 articulasset,qucm-

1961 4973 2252 5030 admodum
2283 4971 2358 5023 ait
2407 4968 2470 5022 ad
2492 4965 2708 5020 Judzcos
2742 4961 3005 5016 Dominus
3034 4957 3240 5010 tonitru
3288 4969 3408 5008 esse
3445 4953 3521 5004 [τις

1961 5078 2109 5123 ctum
2156 5071 2428 5136 putantes,
2459 5061 2585 5130 quia
2622 5058 2675 5111 in
2717 5069 2845 5110 acre
2879 5065 3048 5106 sonus
3092 5053 3337 5130 steterat,
3371 5044 3538 5119 quia...

1965 5159 2085 5214 Non
2111 5168 2319 5229 propter
2340 5170 2420 5208 me
2449 5155 2558 5207 haec
2587 5164 2683 5205 vox
2707 5148 2851 5217 facta
2875 5152 2973 5206 est,
3000 5141 3088 5197 sed
3110 5151 3318 5212 propter
3346 5156 3432 5194 vos
3455 5137 3520 5193 ⁸⁸.

1961 5251 2102 5304 Ante
2123 5262 2250 5303 vero
2276 5245 2513 5299 universi
2543 5235 2991 5295 constitutionem
3017 5247 3140 5286 cum
3163 5229 3344 5284 nullus
3375 5234 3522 5283 esset

1962 5344 2056 5416 qui
2094 5353 2397 5399 sermonem
2443 5334 2766 5403 susciperet,
2809 5329 2894 5385 vel
2940 5339 3259 5396 corporeum
3285 5324 3524 5380 elemen-

1964 5445 2081 5490 tnm
2137 5433 2284 5505 quod
2336 5437 2519 5501 posset
2572 5439 2757 5479 vocem
2796 5419 3145 5478 articulatam
3191 5417 3520 5488 exprimere,

1965 5532 2056 5604 qui
2087 5528 2218 5585 dicit
2251 5525 2418 5582 Deum
2456 5520 2638 5578 verbis
2665 5533 2825 5574 usum
2858 5514 3048 5582 fuisse,
3073 5511 3348 5586 quomodo
3373 5515 3520 5582 quod

380 5760 421 5791 ἐ
452 5761 640 5816 Matth.
681 5773 765 5827 ιιι,
797 5759 900 5827 Πς
934 5755 1101 5812 Marc.
1131 5752 1255 5821 1,9;
1309 5746 1443 5805 Luc.
1478 5761 1556 5814 ιι,
1592 5744 1644 5801 5-
1722 5739 1819 5796 ⁸⁸1

1937 5739 2090 5796 notb.
2126 5752 2208 5804 Ill,
2243 5735 2296 5790 4.
2373 5732 2418 5766 δι
2449 5729 2606 5786 Joan.
2644 5744 2745 5793 xu,
2787 5725 2878 5784 29.
