4006 6510
594 340 698 399 995

1846 337 1899 396 S.
1946 335 2271 396 GREGORII
2326 334 2620 391 NYSSENI

3717 337 3822 392 996

590 453 791 511 rationi
817 455 1237 506 consentaneum
1265 455 1348 505 est
1373 451 1610 507 sermoni
1637 466 1737 507 suo
1766 453 1996 508 reddet?
2028 454 2137 523 ipse

2243 465 2326 511 σις
2363 448 2461 501 οὐκ
2493 443 2581 518 ἦν,
2621 446 2771 502 οὐδὲν
2813 448 2937 518 περὶ
2963 448 3119 502 αυτὸν
3149 448 3345 512 ὑλῶδες
3369 450 3400 503 ὁ
3431 448 3593 518 λόγος
3621 450 3825 502 ἐννοεῖν

591 545 944 613 incorporeus
990 549 1093 606 est,
1153 548 1402 595 creatura
1446 556 1557 596 non
1616 549 1754 607 erat,
1819 543 1952 597 nihil
2004 543 2148 597 circa

588 636 765 705 ipsum
799 632 1077 686 materiale
1102 632 1242 686 ratio
1274 633 1536 701 permittit
1562 632 1881 703 intelligere,
1910 633 2148 687 nondum

587 727 678 794 qui
720 741 814 794 per
846 724 1089 776 auditum
1124 723 1511 789 adjuvarentur
1551 725 1644 776 ulli
1690 732 1864 785 erant,
1914 724 2149 777 homini-

591 815 692 870 bus
718 823 899 869 autcm
929 830 1033 867 non
1071 814 1482 878 cxsistentibus,
1527 830 1701 884 neque
1727 817 1870 870 ullus
1894 817 2146 886 loquendi

589 907 786 960 modus
830 903 1129 959 secundum
1167 907 1346 976 gentis
1377 905 1608 974 alicujus
1657 908 2036 976 proprietatem
2067 906 2146 962 ef-

588 996 856 1051 l'ormatus
894 1003 1012 1050 erat
1068 1011 1312 1064 prorsus.
1362 995 1464 1060 Qui
1522 996 1686 1066 igitur
1729 997 1796 1051 ad
1839 998 2030 1052 exilem
2092 1006 2147 1054 et

588 1087 788 1141 nudam
836 1087 1070 1140 litteram
1120 1095 1348 1156 spectat,
1397 1087 1598 1156 quibus
1649 1089 1950 1143 rationibus
2000 1090 2145 1143 hunc

588 1179 761 1239 fulcit,
796 1193 858 1231 ac
901 1180 946 1232 si
987 1177 1124 1233 Deus
1165 1179 1277 1232 haec
1309 1180 1472 1234 verba
1509 1188 1563 1233 et
1599 1195 1758 1234 sensa
1799 1180 2145 1250 loqueretur?

657 1266 959 1331 Quinetiam
991 1283 1052 1321 ex
1080 1267 1164 1321 his
1194 1284 1523 1336 cognoscere
1553 1269 1678 1324 licet
1713 1271 2011 1324 vanitatem
2058 1285 2145 1324 eo-

590 1371 708 1409 rum
767 1357 858 1425 qui
916 1358 1044 1410 talia
1104 1357 1421 1426 loquuntur.
1480 1357 1940 1423 Quemadmodum
1998 1362 2142 1415 enim

585 1447 978 1500 elementorum
1005 1458 1232 1506 naturae.
1258 1463 1376 1516 quae
1404 1459 1530 1501 sunt
1558 1463 1694 1517 opus
1723 1448 1842 1516 ejus
1869 1449 1959 1518 qui
1994 1449 2139 1515 fecit,

585 1536 839 1591 omnibus
859 1538 1044 1591 eodem
1073 1539 1233 1592 modo
1260 1547 1542 1608 apparent,
1569 1540 1823 1609 nullaque
1844 1541 2140 1596 secundum

586 1643 806 1683 sensum
866 1629 1178 1684 hominibus
1237 1639 1321 1684 est
1369 1629 1674 1686 differentia
1724 1633 1779 1685 in
1839 1633 1999 1703 ignis,
2059 1634 2141 1688 vel

586 1720 751 1782 aeris,
789 1720 868 1774 vel
897 1736 1048 1788 aquae
1091 1722 1524 1791 participatione,
1560 1723 1654 1778 sed
1691 1737 1798 1776 una
1842 1733 1924 1778 est
1956 1735 2009 1780 et
2043 1725 2141 1778 int-

2245 541 2475 606 δίδωσιν,
2502 541 2551 593 οἱ
2575 540 2941 610 ὠφεληθέντες
2964 540 3029 592 ἂν
3053 540 3140 593 διὰ
3158 541 3257 611 τῆς
3286 540 3472 610 ἀκοῆς,
3500 540 3656 592 οὔπω
3696 558 3814 593 συνο

2245 633 2497 702 έστησαν,
2529 630 2824 701 ἀνθρώπων
2850 631 2906 683 δὲ
2933 631 3005 702 μὴ
3032 632 3216 694 ὄντων,
3236 631 3353 684 οὐδὲ
3382 632 3670 685 διαλέκτου
3695 634 3821 702 τρε-

2245 741 2344 786 πος
2381 723 2522 776 κατά
2549 740 2668 775 τινα
2693 723 2856 776 ἐθνων
2894 724 3125 792 ἰδιότητα
3152 723 3426 776 τετύπωτο
3463 724 3706 785 πάντως.
3763 725 3821 775 'U

2243 816 2417 868 τοίνυν
2445 815 2578 884 πρὸς
2614 815 2674 867 τὸ
2711 814 2939 885 γράμμα
2961 815 3110 883 ψιλὸν
3145 815 3372 885 βλέπων,
3398 814 3507 866 τίσι
3536 813 3823 882 λογισμοῖς

2243 911 2309 979 τῇ
2345 907 2564 977 τοιαύτῃ
2600 907 2804 977 διανοίᾳ
2845 907 3169 977 παρίσταται
3212 906 3286 968 ὡς
3321 905 3413 958 τοῦ
3457 905 3594 958 Θεοῦ
3642 905 3817 959 ταῦτα

2244 998 2611 1068 φθεγγομένου
2639 997 2708 1050 τὰ
2741 999 2957 1068 ῥήματά
2983 1015 3041 1051 τε
3078 999 3168 1050 καὶ
3195 998 3260 1050 τὰ
3287 999 3563 1067 νοήματας

2315 1262 2503 1314 Καίτοι
2551 1261 2644 1314 καὶ
2689 1259 2778 1313 διὰ
2818 1260 3020 1314 τούτων
3066 1261 3215 1332 γνοίη
3262 1279 3342 1324 τις
3388 1262 3452 1315 ἂν
3485 1261 3543 1315 τὸ
3578 1261 3813 1333 μάταιον

2245 1352 2351 1404 τῶν
2379 1352 2445 1405 τά
2488 1353 2707 1404 τοιαῦτα
2737 1351 3018 1419 λεγόντων.
3052 1353 3259 1421 ’Ὥσπερ
3285 1353 3391 1422 γάρ
3428 1354 3618 1405 αἰτῶν
3667 1371 3815 1406 στοι-

2243 1442 2402 1511 χείων
2451 1441 2637 1510 φύσεις
2681 1441 2836 1511 ἔργον
2875 1437 3026 1493 οὖσαι
3076 1441 3168 1493 τοῦ
3220 1443 3602 1511 πεποιηκότος,
3640 1445 3813 1495 πᾶσιν

2243 1531 2501 1594 ὡσαύτως
2532 1530 2831 1598 φαίνονται,
2871 1533 2964 1584 καὶ
2995 1532 3214 1602 οὐδεμία
3257 1533 3392 1586 κατά
3419 1535 3516 1603 τὴν
3552 1533 3811 1598 αἴσθησιν

2242 1624 2352 1685 τοῖς
2377 1621 2681 1692 ἀνθρώποις
2719 1622 2833 1674 ἐστὶ
2861 1621 3086 1692 διαφορά
3118 1624 3176 1675 ὲν
3208 1625 3272 1692 τῇ
3297 1622 3388 1675 τοῦ
3418 1622 3607 1692 πυρὸς,
3642 1623 3675 1692 ἢ
3713 1623 3809 1674 τοῦ

2241 1712 2434 1782 ἀέρος,
2467 1712 2500 1782 ἢ
2537 1711 2630 1764 τοῦ
2676 1710 2866 1775 ὓδατος
2919 1713 3200 1784 μετουσία,
3247 1713 3381 1766 ἀλλά
3427 1715 3524 1783 μία
3554 1715 3671 1766 ἐστὶ
3713 1717 3809 1767 καὶ

584 1811 801 1866 mobilis
841 1812 892 1864 in
923 1813 1175 1868 omnibus
1206 1823 1422 1876 natura,
1465 1815 1652 1869 eodem
1689 1816 1849 1870 modo
1883 1833 2136 1887 Operans,

2242 1804 2492 1874 ἀκίνητος
2523 1805 2612 1857 ἐπὶ
2649 1805 2863 1857 πάντων
2909 1806 2942 1874 ἡ
2982 1804 3168 1872 φύσις,
3211 1804 3468 1867 ὡσαύτως
3503 1805 3808 1877 ἐνεργοῦσα

581 1910 638 1956 et
670 1903 723 1954 in
763 1902 908 1956 nulla
946 1918 1003 1957 re
1047 1915 1263 1971 propter
1315 1920 1500 1960 eorum
1537 1907 1626 1976 qui
1677 1908 2000 1977 participant
2034 1909 2141 1962 dif-

582 1989 844 2048 ferentias
882 1994 1158 2048 immutata
1211 2013 1224 2048 :
1259 1995 1339 2049 sic
1379 2007 1434 2050 et
1473 1999 1754 2054 nominum
1790 2000 2012 2068 positio,
2096 1999 2140 2055 si

581 2085 799 2154 quidem
828 2101 859 2137 a
893 2084 1001 2140 Deo
1034 2094 1178 2140 esset
1206 2087 1367 2142 rebus
1395 2090 1680 2158 applicata,
1715 2093 1966 2146 omnibus
1994 2097 2140 2146 esset

592 2174 800 2230 eadem.
845 2174 1002 2231 Nunc
1049 2185 1229 2231 autem
1278 2194 1459 2234 rerum
1501 2188 1714 2243 natura,
1747 2189 1937 2251 utpote
1973 2198 2000 2234 a
2033 2182 2141 2238 Deo

580 2265 710 2331 ﬁxa,
746 2277 925 2322 manet
959 2269 1290 2336 immobilis;
1320 2286 1482 2326 voces
1515 2283 1698 2327 autem
1747 2273 1938 2327 borum
1973 2276 2142 2345 signi-

582 2354 813 2410 ﬁcativa:
855 2356 921 2410 ad
953 2364 1030 2409 tot
1072 2357 1376 2426 linguarum
1409 2358 1742 2414 differentias
1781 2361 1966 2415 divisae
1990 2370 2136 2425 sunt,

577 2453 641 2499 ut
689 2461 863 2516 neque
895 2447 1296 2502 multitudinem
1329 2464 1617 2504 numerare
1657 2451 1812 2506 facile
1855 2453 1945 2508 sit.
1986 2454 2138 2518 Quod

577 2535 626 2593 si
657 2537 780 2606 quis
817 2537 1191 2594 confusionem
1220 2555 1337 2609 qua:
1366 2540 1419 2594 in
1447 2543 1820 2598 exstructione
1851 2545 2017 2599 turris
2051 2559 2140 2599 ac-

575 2628 711 2684 cidit
752 2636 810 2682 ut
854 2629 1014 2684 dictis
1049 2633 1379 2684 contrariam
1428 2631 1654 2701 profert,
1687 2650 1862 2704 neque
1891 2635 2002 2690 illic
2032 2636 2138 2689 lin-

576 2735 712 2790 guas
751 2720 1031 2774 hominum
1087 2721 1265 2777 facere
1307 2722 1451 2778 Deus
1486 2724 1706 2790 dicitur,
1752 2724 1846 2781 sed
1879 2743 1998 2797 quae
2021 2735 2140 2782 erat

573 2825 697 2866 eam
763 2810 1127 2878 confundere,
1177 2825 1237 2867 ut
1294 2829 1403 2868 non
1451 2830 1640 2870 omnes
1686 2831 1846 2873 unam
1897 2819 2136 2872 omnium

574 2902 828 2957 audirent
875 2904 943 2958 δ’.
998 2903 1248 2970 Quandiu
1302 2906 1444 2960 enim
1490 2914 1608 2960 erat
1662 2909 1848 2963 eadem
1896 2911 2028 2974 vita,
2084 2919 2139 2966 et

575 2992 812 3046 nondum
871 2993 923 3046 iu
961 2994 1161 3048 multas
1195 2994 1440 3065 gentium
1474 2995 1810 3053 differentias
1864 2998 2138 3068 dispertiti

575 3081 819 3146 fuerunt,
856 3100 960 3138 una
992 3099 1124 3140 voce
1154 3086 1454 3157 eodemque
1484 3103 1737 3144 sermone
1783 3101 1940 3144 utens
1973 3091 2134 3146 simul

573 3174 788 3230 vivebat
809 3176 1049 3230 omnium
1072 3177 1350 3230 hominum
1371 3178 1679 3247 plenitudo;
1701 3189 1983 3248 postquam
2012 3195 2136 3234 vero

572 3265 758 3321 divina
787 3269 1066 3322 voluntate
1090 3270 1330 3337 oportuit
1360 3285 1574 3324 omnem
1601 3271 1668 3325 ab
1696 3271 2006 3326 hominibus
2032 3281 2139 3327 ter-

573 3370 691 3411 ram
723 3358 976 3422 habitari,
1002 3367 1131 3413 tunc
1163 3360 1358 3414 divulsi
1389 3363 1690 3416 secundum
1713 3364 1866 3417 vocis
1897 3379 2138 3418 commu-

574 3446 800 3501 nionem
837 3447 929 3500 alii
981 3449 1088 3501 alio
1131 3448 1369 3517 dispersi
1421 3447 1660 3517 fuerunt,
1689 3458 1742 3505 et
1782 3466 1904 3504 cum
1939 3452 2046 3506 alio
2084 3459 2138 3505 et

572 3537 686 3590 alio
739 3540 1028 3592 verborum
1089 3546 1145 3593 et
1188 3541 1339 3595 vocis
1393 3540 1713 3596 charactere
1760 3541 2036 3611 conjuncti
2085 3551 2139 3598 et

572 3628 969 3683 accommodati
995 3629 1235 3696 fuerunt,
1267 3631 1688 3687 conciliatricem
1709 3634 1994 3702 quamdam
2020 3650 2138 3688 mu-

573 3724 681 3771 tuae
729 3718 1033 3774 concordiae
1081 3720 1352 3776 sermonis
1389 3723 1804 3776 consonantiam
1849 3723 2049 3785 sortiti,
2082 3724 2136 3778 in

573 3823 754 3863 rerum
783 3808 1002 3879 quidem
1043 3811 1357 3880 cognitione
1397 3827 1508 3866 non
1529 3812 1926 3877 discordantes,
1954 3816 2045 3871 sed
2082 3817 2137 3870 in

573 3903 854 3956 nominum
903 3901 1078 3957 forma
1115 3901 1453 3958 differentes.
1497 3901 1616 3956 Non
1650 3904 1795 3957 enim
1824 3905 1954 3975 qttid
1990 3906 2136 3961 aliud

572 3993 715 4063 apud
761 3993 900 4048 alios
947 3993 1111 4062 lapis,
1163 3994 1244 4048 vel
1296 3994 1497 4064 lignum
1565 3995 1798 4057 videtur,
1854 3995 1950 4051 sed
1993 3997 2135 4068 apud

571 4082 820 4152 singulos
877 4084 1116 4137 materiae
1167 4085 1385 4137 nomina
1423 4084 1696 4140 differunt.
1739 4084 1919 4150 Quare
1958 4103 2136 4143 sermo

571 4175 737 4229 nobis
761 4174 900 4229 ﬁxus
921 4185 1124 4238 manet,
1153 4175 1246 4245 qui
1271 4190 1430 4231 voces
1462 4177 1732 4232 humanas
1753 4189 1952 4233 nostra:
1981 4195 2134 4234 men-

575 4265 646 4320 tis
687 4265 803 4320 sive
852 4267 1225 4336 intelligentiae
1270 4267 1490 4322 inventa
1540 4283 1662 4323 esse
1714 4269 1918 4323 delinit.
1951 4269 2134 4340 Neque

572 4355 716 4410 enim
747 4371 775 4409 a
803 4356 1072 4426 principio
1095 4358 1334 4427 quandiu
1363 4375 1660 4414 consonum
1687 4360 1788 4415 sibi
1813 4361 1916 4429 ipsi
1947 4361 2135 4416 huma-

2243 1896 2336 1949 καὶ
2372 1895 2522 1948 οὐδὲν
2565 1896 2699 1966 πρὸς
2741 1897 2837 1958 τὰς
2878 1896 3134 1966 διαφορὰς
3181 1897 3287 1948 τῶν
3326 1897 3659 1967 μετεχόντων
3708 1900 3806 1951 ἀλ-

2240 1983 2554 2055 λοιουμένη·
2600 1984 2769 2047 οὕτως
2807 1985 2900 2037 καὶ
2928 1987 2960 2055 ἡ
2996 1985 3104 2038 τῶν
3139 1986 3414 2055 ὀνομάτων
3445 1987 3611 2052 θέσις,
3646 1989 3805 2057 εἴπερ

2239 2073 2305 2150 ἦν
2332 2079 2395 2131 ὲκ
2426 2078 2518 2130 τοῦ
2545 2078 2678 2130 Θεοῦ
2711 2080 2821 2138 τοῖς
2850 2079 3165 2148 πράγμασιν
3195 2079 3604 2149 ὲφηρμοσμένη.
3636 2082 3804 2131 πᾶσιν

2241 2169 2306 2222 ἂν
2337 2172 2369 2240 ἡ
2399 2170 2534 2239 αὑτὴ
2557 2165 2643 2240 ἦν.
2674 2168 2806 2222 Νυνὶ
2835 2170 2891 2222 δὲ
2917 2169 3006 2222 τὸν
3029 2169 3137 2222 τῶν
3165 2169 3549 2240 πραγμάτωνή
3577 2171 3739 2240 φίας
3758 2171 3807 2224 ἆ-

2239 2277 2299 2313 τε
2319 2261 2382 2330 δὴ
2402 2260 2550 2332 παρά
2578 2259 2670 2312 τοῦ
2691 2259 2823 2312 Θεοῦ
2853 2261 3149 2328 πεπηγυῖα,
3183 2259 3332 2329 μένει
3357 2259 3633 2328 ἀκίνητος,
3660 2259 3717 2310 αἱ
3748 2258 3800 2309 δὲ

2242 2352 2571 2421 σημαντικαὶ
2598 2351 2800 2404 τούτων
2847 2351 3018 2420 φωναὶ
3065 2351 3199 2422 πρὸς
3243 2349 3506 2412 τοσαύτας
3535 2348 3802 2416 γλωσσῶν

2238 2443 2496 2514 διαφορὰς
2536 2441 2945 2512 διεσχίσθησαν,
2995 2443 3069 2505 ὼς
3119 2441 3249 2512 μηδὲ
3303 2439 3710 2511 ἀριθμήσασθαι
3743 2439 3800 2492 τὸ

2239 2536 2439 2606 πλῆθος
2474 2534 2691 2587 εὔκολον
2726 2528 2883 2587 εἶναι.
2916 2534 2976 2586 Εί
3005 2533 3061 2586 δέ
3093 2550 3174 2595 τις
3209 2533 3306 2603 τὴν
3328 2531 3420 2584 ἐπὶ
3453 2531 3548 2599 τῆς
3590 2547 3799 2597 πυργο-

2238 2628 2419 2689 ποιῖας
2463 2625 2740 2694 σύγχυσιν,
2789 2624 2863 2685 ὡς
2905 2622 3313 2692 ἐναντιουμένην
3345 2621 3456 2681 τοῖς
3489 2619 3800 2689 εἰρημένοις

2239 2717 2531 2791 προφέρει,
2576 2716 2694 2769 οὐδὲ
2731 2718 2846 2769 ἐκεῖ
2887 2717 3058 2768 ποιεῖν
3098 2713 3309 2782 λέγεται
3336 2710 3584 2779 γλώσσας
3611 2713 3639 2763 ό
3667 2710 3801 2770 Θεὸς

2236 2811 2344 2866 τῶν
2381 2809 2701 2881 ἀνθρώπων,
2747 2807 2882 2861 ἀλλά
2917 2809 3133 2876 συγχεῖν
3173 2805 3270 2876 τὴν
3295 2800 3455 2857 οὖσαν
3499 2803 3575 2865 ὡς
3623 2802 3692 2855 ἂν
3727 2801 3802 2870 μὴ

2238 2902 2435 2966 πάντες
2478 2900 2693 2954 πάντων
2733 2899 2999 2954 ἀκούοιεν.
3033 2899 3178 2960 Ἕως
3222 2896 3329 2967 γὰρ
3376 2891 3442 2965 ἦν
3484 2897 3620 2947 πᾶσι
3676 2895 3800 2944 κατ’

2237 2992 2452 3062 αὑτὸνή
2487 2992 2618 3062 ζωὴ,
2649 2992 2740 3046 καὶ
2770 2991 2921 3044 οὔπω
2953 2988 3084 3061 πρὸς
3117 2987 3314 3049 πολλὰς
3341 2986 3508 3038 ὲθνῶν
3534 2984 3802 3053 διαφορὰς

2237 3082 2622 3156 ἐμερίσθησαν,
2664 3084 2760 3153 μιᾷ
2796 3081 3027 3145 συνέζων
3062 3081 3208 3149 φωνῇ
3243 3079 3453 3131 πάντων
3496 3075 3803 3146 ἀνθρώπων

2237 3179 2298 3231 τὺ
2328 3176 2599 3246 πλήρωμα
2619 3190 2630 3202 ·
2659 3174 2778 3226 ἐπεὶ
2797 3173 2852 3227 δὲ
2877 3171 3017 3225 κατά
3039 3171 3186 3224 θείαν
3214 3169 3461 3239 βούλησιν
3486 3167 3592 3220 ἔδει
3618 3169 3802 3219 πᾶσαν

2238 3269 2342 3323 ὑπὸ
2368 3268 2475 3322 τῶν
2504 3266 2801 3337 ἀνθρώπων
2834 3263 3220 3334 κατοικηθῆναι
3247 3262 3344 3332 τὴν
3373 3262 3496 3329 γῆν,
3521 3259 3643 3312 τότε
3683 3258 3801 3311 δια-

2241 3359 2570 3420 σπασθέντες
2609 3357 2748 3411 κατὰ
2787 3357 2882 3427 τὴν
2934 3356 3034 3425 τῆς
3077 3357 3260 3424 φωνῆς
3307 3351 3586 3406 κοινωνίαν
3637 3351 3800 3415 ἄλλος

2237 3453 2441 3522 ἀλλαχῆ
2487 3450 2874 3518 διεσπάρησαν,
2905 3449 2996 3501 καὶ
3025 3446 3160 3517 πρὸς
3189 3445 3344 3499 ἄλλον
3377 3443 3469 3496 καὶ
3503 3442 3658 3497 ἄλλον
3699 3461 3800 3511 χα-

2241 3543 2484 3614 ρακτῆρα
2512 3542 2770 3612 ῥημάτων
2798 3541 2891 3594 καὶ
2920 3539 3100 3608 φωνῆς
3135 3535 3584 3607 μεθηρμόσθησαν
3616 3535 3803 3586 συνδε-

2234 3636 2392 3705 τικήν
2413 3650 2534 3686 τινα
2552 3633 2648 3701 τῆς
2673 3631 2805 3703 πρὸς
2826 3629 3081 3701 ἀλλήλους
3102 3628 3347 3696 ὁμονοίας
3369 3625 3464 3695 τὴν
3485 3624 3796 3693 ὁμοφωνίαν

2237 3727 2491 3797 λαχόντες
2509 3765 2523 3789 ,
2572 3724 2707 3794 πρὸς
2735 3725 2833 3794 μὲν
2859 3723 2954 3793 τὴν
2978 3722 3084 3774 τῶν
3130 3718 3464 3791 πραγμάτων
3499 3716 3560 3768 οὐ
3590 3716 3798 3783 διαφω·

2237 3817 2451 3879 νοῡντες
2473 3815 2691 3884 γνῶσιν,
2717 3814 2851 3885 πρὸς
2871 3814 2926 3866 δὲ
2951 3813 3042 3865 τὸν
3066 3812 3170 3864 τῶν
3197 3809 3470 3878 ὀνομάτων
3485 3807 3651 3860 τύπον
3681 3807 3798 3860 δια-

2237 3909 2546 3978 φερόμενοι.
2576 3906 2649 3958 Οὑ
2683 3905 2792 3975 γὰρ
2825 3904 2950 3958 ἄλλο
2975 3921 3028 3955 τι
3057 3905 3184 3973 παρ’
3207 3901 3382 3962 ἄλλοις
3413 3902 3441 3952 ὁ
3467 3898 3630 3960 λίθος,
3671 3898 3710 3968 ἦ
3740 3897 3801 3951 τδ

2237 3999 2390 4065 ξύλον
2419 3999 2594 4057 δοκεῖ,
2623 3997 2851 4067 διάφορα
2878 3995 2934 4050 δὲ
2978 3995 3109 4067 παρ’
3148 3994 3392 4054 ἑκάστοις
3419 3989 3486 4043 τά
3526 3991 3626 4063 τῆς
3663 3991 3800 4062 ὕλης

2234 4089 2493 4157 ὀνόματα.
2543 4086 2705 4138 Ὥστε
2754 4088 2901 4155 μένει
2953 4085 3145 4153 πάγιος
3189 4085 3318 4155 ἡμῖν
3357 4083 3385 4137 ό
3423 4081 3602 4151 λόγος,
3635 4086 3663 4137 ὁ
3695 4086 3798 4147 τὰς

2234 4179 2576 4251 ἀνθρωπίνας
2603 4179 2783 4248 φωνὰς
2818 4178 2915 4248 τῆς
2953 4178 3222 4249 ἡμετέρας
3249 4177 3486 4240 διανοίας
3509 4178 3797 4247 εὑρήματα

2235 4267 2374 4325 εἶναι
2411 4271 2789 4343 διοριζόμενος.
2824 4268 2961 4322 Οὔτε
2992 4269 3098 4340 γὰρ
3131 4269 3189 4335 ἐξ
3229 4267 3397 4339 ἀρχῆς
3443 4267 3545 4330 ἕως
3575 4259 3801 4337 ὀμόφωέ

2235 4382 2322 4417 νον
2362 4365 2505 4418 ἅπαν
2539 4360 2606 4434 ἦν
2644 4361 2819 4431 ἑαυτῷ
2857 4360 2918 4414 τὸ
2959 4359 3310 4430 ἀνθρώπινον,
3357 4357 3490 4410 Θεοῦ
3530 4359 3796 4428 ῥημάτων

574 4460 703 4498 num
744 4459 916 4514 genus
951 4446 1268 4501 universum
1301 4447 1422 4509 fuit,
1457 4448 1742 4502 verborum
1773 4448 1863 4504 Dei
1898 4450 2132 4520 aliquam

2237 4455 2354 4508 τινὰ
2382 4453 2720 4508 διδασκαλίαν
2767 4451 3090 4520 γεγενῆσθαι
3126 4451 3236 4512 τοῖς
3290 4447 3591 4517 ἀνθρώποις
3641 4451 3794 4518 παρὰ

574 4535 880 4589 doctrinam
950 4535 1146 4592 factam
1205 4553 1327 4593 esse
1377 4539 1687 4594 hominibus
1736 4555 1803 4594 ex
1855 4540 2132 4610 Scriptura

570 4624 897 4694 didicimus;
942 4641 1117 4694 neque
1165 4635 1452 4696 postquam
1506 4629 1560 4682 iu
1600 4630 1780 4684 varias
1827 4631 2133 4699 linguarum

571 4712 906 4769 differentias
953 4713 1225 4783 dispertiti
1284 4714 1502 4770 fuerunt
1549 4718 1814 4784 homines,
1860 4721 2132 4790 quomodo

571 4805 808 4875 quisque
862 4805 1174 4875 loqueretur
1217 4805 1401 4860 divina
1435 4808 1519 4862 lex
1560 4811 1873 4879 praestituit,
1917 4812 2008 4866 sed
2038 4828 2132 4866 vo-

570 4900 689 4954 lens
731 4897 875 4954 Deus
923 4899 1175 4953 homines
1223 4899 1454 4955 diversis
1499 4903 1578 4956 uti
1610 4904 1830 4974 linguis,
1879 4914 2128 4958 naturam

568 4989 798 5054 dimisit,
853 4996 910 5043 ut
959 4999 1207 5060 pergeret
1261 5005 1359 5060 pro
1414 4993 1640 5049 arbitrio
1689 4996 1830 5065 apud
1888 4997 2131 5065 singulos

569 5095 767 5136 sonum
841 5081 1137 5137 articulare
1197 5082 1263 5137 ad
1324 5086 1758 5154 explanationem
1824 5087 2124 5142 hominum.

569 5173 758 5243 Itaque
797 5172 996 5238 Moses,
1042 5174 1231 5231 multis
1279 5177 1496 5231 saeculis
1545 5185 1665 5245 post
1701 5177 1869 5231 turris
1899 5177 2129 5232 aedifica-

568 5264 770 5319 tionem
823 5273 1004 5332 natus,
1060 5279 1167 5319 una
1217 5280 1280 5320 ex
1327 5267 1723 5336 posterioribus
1779 5266 1957 5336 lingua
1995 5283 2126 5323 usus

567 5361 673 5420 εει,
727 5353 990 5410 historice
1025 5356 1184 5411 nobis
1231 5357 1419 5411 mundi
1449 5357 1780 5411 creationem
1830 5372 2129 5425 exponens,

566 5454 728 5516 atque
765 5447 978 5516 aliquas
1008 5461 1168 5502 voces
1200 5445 1310 5502 Dco
1350 5449 1607 5518 applicat,
1654 5464 1751 5503 sua
1801 5451 1970 5519 ipsius
2005 5465 2134 5505 vore

565 5538 622 5594 in
668 5553 774 5610 qua
822 5539 1108 5594 institutus
1160 5538 1266 5594 fuit
1313 5548 1367 5596 et
1410 5549 1662 5598 assuetus
1699 5543 1812 5598 ltaac
1843 5557 2130 5608 cnarrans,

654 5718 699 5750 δ’
730 5719 863 5774 Gen.
895 5737 970 5785 xl,
1007 5721 1057 5788 4,
1088 5736 1208 5792 sqq.

2233 4547 2331 4617 τῆς
2360 4547 2579 4617 Γραφῆς
2612 4543 3004 4616 μεμαθήκαμεν
3025 4558 3040 4571 °
3076 4541 3197 4594 οὔτε
3230 4541 3309 4603 είς
3337 4538 3584 4601 ποικίλας
3619 4539 3799 4606 γλωσα

2236 4637 2343 4690 σῶν
2370 4636 2625 4708 διαφορὰς
2655 4634 3077 4705 διατμηθέντων,
3106 4632 3250 4693 ὅπως
3277 4629 3342 4683 ἂν
3369 4629 3594 4692 ἕκαστος
3626 4630 3799 4706 φθέγέ

2233 4745 2380 4796 γοιτο
2422 4728 2560 4790 θεῖος
2592 4728 2924 4795 ἐπεστάτησε
2963 4724 3141 4794 νόμος,
3177 4722 3310 4775 ἀλλά
3347 4720 3575 4790 θελήσας
3606 4723 3633 4772 ό
3658 4711 3799 4804 Θεὸς

2232 4818 2356 4879 τοὺς
2379 4814 2693 4886 ἀνθρώπους
2723 4816 2779 4867 ὲν
2800 4813 2983 4874 ἄλλαις
3005 4810 3249 4879 γενέσθαι
3274 4808 3557 4877 γλώσσαις,
3583 4809 3798 4892 ἀφῆκενν

2233 4905 2336 4974 ὁδῷ
2377 4906 2475 4974 τὴν
2521 4904 2678 4973 φύσιν
2717 4902 3069 4973 πορεύεσθαι,
3100 4901 3238 4954 κατά
3275 4901 3335 4952 τὸ
3378 4900 3607 4969 ἀρέσκον
3637 4899 3794 4967 διαρ-

2237 4994 2468 5066 ορούσαν
2500 4995 2628 5065 παρ’
2651 4993 2897 5056 ἑκάστοις
2925 4993 3010 5046 τὸν
3036 4988 3165 5063 ἦχον
3194 4991 3327 5061 πρὸς
3345 4990 3439 5059 τὴν
3468 4989 3577 5041 τῶν
3605 4989 3798 5059 ὀνομάέ

2233 5105 2340 5140 των
2375 5087 2687 5156 σαφήνειαν,
2731 5085 2790 5137 '0
2820 5085 2997 5137 τοίνυν
3029 5083 3292 5153 Μωῠσῆς,
3318 5081 3534 5143 πολλαῖς
3568 5082 3794 5154 ὕστερον

2233 5181 2445 5248 γενεαῖς
2492 5179 2587 5249 τῆς
2629 5177 2984 5247 πυργοποιῖας
3013 5175 3330 5243 γενόμενος,
3375 5175 3470 5243 μιᾷ
3518 5174 3629 5225 τῶν
3658 5177 3796 5243 μετά

2231 5271 2402 5325 ταῦτα
2443 5271 2702 5341 κέχρηται
2737 5267 2976 5337 γλώσσῃ,
3007 5266 3286 5336 ίστορικῶς
3309 5265 3405 5334 τὴν
3433 5267 3791 5334 κοσμογενίαν

2228 5362 2359 5430 ἡμῖν
2378 5359 2743 5430 διηγούμενος,
2765 5358 2856 5410 καί
2872 5374 3021 5419 τινας
3040 5356 3114 5424 τῷ
3135 5356 3250 5425 Θεῷ
3271 5356 3570 5425 προσάπτει
3589 5356 3787 5424 φωνέις,

2228 5455 2292 5521 τῇ
2324 5452 2514 5503 ἑαυτοῦ
2545 5449 2762 5521 γλώσσῃ
2801 5448 2918 5501 καθ’
2948 5448 3013 5518 ἣν
3039 5445 3362 5500 πεπαίδευτὸ
3394 5463 3451 5498 τε
3490 5448 3586 5499 καὶ
3621 5450 3791 5499 συνεί-

2230 5541 2380 5595 οιστο
2416 5540 2586 5595 ταῦτα
2633 5538 2859 5604 διεξιὼν,
2916 5537 3008 5591 καὶ
3055 5538 3154 5590 οὐκ
3211 5535 3493 5590 ἀλλάσσων
3541 5536 3645 5601 τὰς
3702 5539 3788 5598 τοῦ
