4006 6492
306 348 411 403 99'!

1386 348 1666 409 CONTRA
1702 346 2067 407 EUNOMIUM
2088 390 2102 417 ,
2142 347 2272 405 LIB.
2310 348 2424 408 XII.

3413 346 3521 411 ιοε

304 467 443 521 Θεοῦ
474 468 655 538 φωνάς
704 470 1068 544 ἁλλοιοτρόπῳ
1105 473 1210 527 τινὶ
1256 475 1350 528 καὶ
1387 473 1642 541 ξενίζοντι
1689 475 1870 544 φωνῆς

1972 486 2074 526 nec
2103 470 2198 528 Dei
2225 487 2386 529 voces
2426 472 2725 529 immutans
2758 474 2863 530 alio
2889 474 3124 547 quedam
3151 477 3205 530 et
3238 474 3527 546 peregrino

307 563 638 633 χαρακτῆρι,
672 562 808 617 ὥστε
838 564 926 618 διά
971 565 1064 619 τοῦ
1116 565 1266 630 ξένου
1309 567 1409 635 τῆς
1447 565 1731 637 συνηθείας
1776 566 1871 619 καὶ

307 653 761 725 παρηλλαγμένου
791 657 898 709 τῶν
921 657 1218 729 ὀνομάτων,
1251 656 1415 711 αὐτοῦ
1441 657 1531 711 τοῦ
1564 655 1700 710 Θεοῦ
1734 652 1870 711 εἶναι

305 746 402 809 τὰς
445 746 627 815 φωνὰς
679 749 1135 815 κατασκευάζειν,
1184 749 1318 803 ἀλλά
1362 752 1427 820 τῇ
1467 750 1681 820 συνήθει
1725 748 1867 821 χρώ-

310 854 470 906 μενος
533 836 771 908 γλώσσῃ,
808 840 1006 910 ὁμοίως
1052 841 1122 895 τά
1163 858 1221 893 τε
1272 840 1465 894 ἑαυτοῦ
1520 842 1613 893 καὶ
1655 840 1723 893 τὰ
1775 839 1869 893 τοῦ

305 926 439 979 Θεοῦ
475 928 821 998 διεξέρχεται.
851 930 988 984 Φασὶ
1029 931 1088 983 δέ
1128 948 1273 995 τινες
1308 932 1415 986 τῶν
1455 930 1870 1003 ἐπιμελέστερον

306 1021 424 1081 ταῖς
458 1019 697 1089 Γραφαίς
749 1022 1261 1093 ὲπηκολουθηκότων
1299 1024 1431 1095 μηδὲ
1463 1023 1741 1096 ἀρχατζειν
1771 1023 1869 1093 τὴν

315 1106 586 1179 Ἑϐραίων
627 1109 807 1179 φωνὴν
847 1112 966 1165 καθ’
1005 1114 1292 1183 ὁμοιότητα
1332 1114 1439 1166 τῶν
1488 1112 1708 1178 λοιπῶν,
1736 1112 1871 1167 ἀλλά

308 1200 447 1270 μετά
474 1199 583 1253 τῶν
626 1200 800 1255 ἄλλων
851 1202 1163 1274 θαυμάτων,
1195 1206 1290 1257 καὶ
1321 1204 1477 1257 τοῦτο
1502 1208 1613 1269 τοῖς
1658 1205 1868 1275 Ἰσραη-

306 1289 478 1351 Αίταις
525 1288 1096 1363 θαυματοποιηθῆναι,
1148 1292 1208 1346 τὸ
1253 1293 1351 1363 τὴν
1386 1292 1632 1361 γλῶσσαν
1667 1293 1870 1363 ταύτην

306 1379 514 1451 ἀθρόως
539 1382 674 1452 μετά
720 1384 818 1454 τὴν
860 1384 1131 1453 Αἴγυπτον
1162 1385 1540 1456 σχεδιασθῆναι
1582 1384 1659 1455 τῷ
1700 1385 1864 1439 ἔθνει.

307 1469 414 1522 Καί
446 1469 529 1532 τίς
558 1471 672 1523 ἐστι
696 1471 790 1525 τοῦ
815 1472 1095 1545 Προφήτου
1118 1473 1271 1543 λόγος
1302 1474 1362 1527 τὸ
1382 1474 1616 1527 τοιοῦτον
1649 1474 1869 1527 πιστού-

307 1572 467 1626 μενος
488 1572 501 1586 ·
538 1561 636 1613 Ἐν
663 1560 771 1633 γὰρ
803 1559 881 1625 τῷ
904 1561 1169 1625 ἐξελθεῖν
1204 1562 1408 1626 αὐτὸν,
1449 1564 1631 1633 φησιν,
1662 1564 1729 1617 ἐκ
1758 1563 1870 1635 γῆς

306 1649 617 1717 Αἰγύπτου,
660 1653 791 1706 τότε
811 1653 1099 1723 γλῶσσαν
1140 1655 1220 1723 ἣν
1251 1660 1363 1711 οὐκ
1393 1657 1544 1725 ἔγνω
1581 1657 1863 1725 ἤκουσεν.

307 1736 370 1791 Εἰ
397 1734 490 1792 οὗν
527 1740 774 1811 Ἐϐραῖος
811 1744 1073 1815 Μωῠσῆς,
1101 1746 1379 1801 τελευταία
1405 1747 1460 1800 δὲ
1495 1747 1602 1801 τῶν
1632 1747 1804 1801 ἀλλων
1828 1749 1862 1819 ή

1970 562 2121 618 vocis
2172 563 2510 629 charactere,
2556 564 2631 619 ita
2674 572 2734 619 ut
2788 566 3089 636 peregrinis
3134 575 3190 622 et
3247 566 3524 623 inusitatis

1971 656 2287 712 nominibus
2336 658 2510 727 ipsius
2556 657 2651 712 Dei
2705 672 2867 713 voces
2910 674 3034 715 esse
3076 666 3381 729 praestruat,
3430 658 3525 714 sed

1972 742 2228 801 familiari
2284 756 2441 803 utens
2482 748 2685 819 lingua,
2735 748 2991 804 similiter
3032 758 3085 804 et
3122 765 3241 819 quae
3268 765 3365 805 sua
3397 757 3525 803 sunt

1968 844 2023 891 et
2081 854 2199 907 qua:
2257 840 2428 909 ipsius
2477 838 2568 895 Dei
2626 848 2860 897 enarrat.
2913 839 3141 907 Quidam
3199 850 3377 895 autem
3430 840 3522 910 qui

1969 926 2302 981 exactiorem
2350 927 2755 998 Seripturarum
2796 929 3158 999 cognitionem
3196 938 3324 985 sunt
3378 944 3525 986 asse-

1969 1016 2079 1070 cuti
2109 1026 2363 1073 asserunt
2395 1019 2633 1089 linguam
2674 1018 2994 1074 Hebraicam
3034 1034 3138 1073 non
3175 1020 3249 1074 ita
3280 1030 3524 1075 vetusta-

1970 1114 2077 1161 tem
2116 1108 2360 1164 redolere
2390 1110 2530 1165 sicut
2554 1110 2798 1179 reliqua,
2820 1110 2913 1164 sed
2949 1126 3071 1165 cum
3096 1111 3219 1165 aliis
3249 1112 3523 1168 miraculis

1968 1206 2023 1252 et
2073 1198 2177 1254 hoc
2218 1199 2479 1256 lsraelitis
2508 1202 2836 1256 miraculose
2866 1202 3153 1264 accidisse,
3200 1217 3391 1272 nempe
3417 1204 3523 1257 lin-

1970 1302 2127 1357 guam
2171 1290 2311 1347 hanc
2353 1292 2636 1347 confertim
2684 1292 2845 1348 simul
2881 1301 3003 1363 post
3045 1294 3411 1363 egressionem
3456 1307 3525 1347 ex

1968 1379 2203 1451 Egypto
2262 1385 2407 1451 genti
2468 1385 2888 1454 extemporalem
2956 1384 3152 1439 factam
3215 1384 3403 1440 fuisse.
3459 1384 3525 1438 Et

1969 1472 2156 1525 nescio
2188 1473 2311 1542 quis
2336 1473 2620 1543 Propheta:
2666 1489 2845 1529 sermo
2876 1474 2983 1529 tale
3032 1473 3163 1545 quid
3205 1475 3521 1542 conﬁrmat;

1970 1576 2117 1629 nam,
2160 1562 2301 1617 Dum
2346 1579 2412 1618 ea:
2444 1563 2675 1636 Egypto
2709 1567 2816 1635 ipse
2850 1566 3194 1638 egrederetur,
3243 1578 3391 1630 tunc,
3440 1568 3525 1621 in-

1971 1652 2125 1721 quit,
2178 1653 2413 1723 linguam
2481 1672 2638 1725 quam
2692 1674 2794 1710 non
2844 1666 3053 1711 noverat
3101 1657 3302 1711 audivit
3343 1657 3407 1711 ⁸³.
3464 1656 3523 1712 Si

1976 1742 2140 1812 igitur
2194 1742 2372 1799 Moses
2424 1744 2707 1811 Hebraeus,
2748 1748 2869 1801 aliis
2917 1758 3097 1803 autem
3134 1750 3401 1816 posterior
3440 1756 3525 1802 est

306 1830 413 1884 τῶν
456 1832 721 1903 Ἐϐραίων
774 1836 945 1907 φωνή,
975 1838 1004 1889 ὁ
1041 1839 1178 1909 μετά
1221 1840 1319 1910 τὴν
1362 1840 1456 1893 τοῦ
1514 1840 1717 1911 κόσμου
1770 1841 1865 1893 σύ-

1971 1832 2321 1888 ιίεὺτωοτιιιιι
2367 1837 2572 1906 lingua,
2608 1840 2696 1906 qui
2746 1840 2901 1908 longe
2932 1848 3056 1909 post
3099 1840 3283 1894 mundi
3317 1840 3525 1893 consti-

306 1938 492 1976 στασιν
545 1923 767 1995 ὕστερον
806 1929 1076 1997 γεγονὼς,
1113 1932 1204 1985 καὶ
1246 1934 1309 2002 τῇ
1339 1934 1459 1985 κατ’
1493 1932 1681 1985 ἑαυτὸν
1716 1935 1866 2003 φωνῇ

305 2012 401 2074 τὰς
439 2012 533 2065 τοῦ
578 2014 711 2068 Θεοῦ
752 2015 1101 2088 διηγούμενος
1147 2022 1364 2090 ῥήσεις,
1413 2017 1501 2092 ἆρ’
1539 2023 1659 2093 οὐχὶ
1686 2023 1869 2092 σαφῶς

304 2103 539 2159 διδάσκει
576 2106 637 2158 τὸ
673 2106 748 2178 μὴ
780 2108 1030 2180 τοιαύτην
1075 2111 1256 2180 φωνὴν
1282 2112 1380 2182 τὴν
1405 2113 1543 2165 κατὰ
1588 2112 1869 2183 ἄνθρωπον

306 2195 778 2269 σχηματιζομένην
825 2200 1160 2270 ἀναγράφειν
1203 2202 1296 2255 ἐπὶ
1322 2202 1481 2264 Θεοῦ,
1520 2203 1653 2257 ἀλλά
1699 2203 1869 2257 ταῦτα

307 2286 406 2356 μὲν
466 2286 641 2357 λέγειν
690 2287 776 2343 διὰ
838 2292 899 2343 τὸ
950 2291 1083 2363 μηδὲ
1133 2292 1353 2346 δυνατὸν
1395 2289 1529 2347 εἶναι
1584 2293 1645 2347 τὸ
1684 2294 1870 2365 νοηθὲν

304 2376 503 2449 ἑτέρως
541 2379 714 2431 εἰπεῖν
757 2379 1180 2452 ήάνθρωπίναις
1220 2387 1452 2453 φωναῖς’
1501 2384 1781 2455 σημαίνειν
1813 2386 1869 2438 δὲ

304 2468 393 2521 διὰ
428 2468 537 2522 τῶν
583 2469 885 2541 λεγομένων
941 2474 1213 2547 θεοπρεπῆ
1248 2494 1367 2529 τινα
1414 2477 1506 2530 καὶ
1540 2477 1871 2547 μεγαλοφυε-

304 2559 499 2632 στέραν
526 2561 759 2616 διάνοιαν
780 2581 794 2629 ;
818 2563 889 2617 Τὸ
917 2564 1025 2636 γὰρ
1054 2565 1259 2620 οίεσθαι
1283 2570 1349 2639 τῇ
1391 2567 1628 2639 Ἐὕραῖδι
1652 2568 1870 2643 γλώσσῃ

304 2650 394 2703 τὸν
443 2650 574 2705 Θεὸν
628 2653 957 2723 κεχρῆσθαι,
998 2657 1224 2727 μηδενὸς
1275 2658 1425 2721 ὗντος
1474 2658 1568 2712 τοῦ
1615 2659 1869 2730 τοιαύτης

306 2743 488 2814 φωνῆς
525 2745 825 2809 ἐπαΐοντος,
856 2747 959 2799 οὐκ
992 2744 1110 2801 οῐδα
1142 2749 1257 2813 πῶς
1283 2751 1312 2802 ό
1338 2749 1711 2821 λελογισμένος
1744 2769 1869 2804 συν-

306 2834 549 2906 θήσεται.
604 2838 689 2889 Ἑν
732 2841 848 2901 ταῖς
878 2838 1113 2910 Πρὰξεσι
1148 2841 1545 2913 μεμαθήκαμεν
1589 2843 1677 2896 διά
1715 2844 1870 2898 τοῦτο

308 2928 405 2997 τὴν
439 2927 587 2981 θείαν
617 2928 841 3000 δύναμιν
874 2933 951 2995 είς
991 2933 1187 2997 πολλὰς
1229 2933 1523 3005 διεσχίσθαι
1561 2935 1761 3005 φωνὰς,
1794 2937 1870 3001 ὡς

307 3017 374 3071 ἂν
401 3020 587 3090 μηδεὶς
615 3021 720 3074 τῶν
748 3022 1166 3093 ἑτερογλώσσων
1206 3027 1553 3098 ἀποστεροῖτο
1598 3031 1696 3098 τῆς
1727 3030 1871 3097 ὠφε-

1970 1926 2237 1980 tutionem
2290 1936 2455 1983 natus
2514 1939 2616 1989 est.
2664 1938 2717 1984 et
2772 1932 2864 1999 qui
2923 1932 3139 2001 propria
3192 1932 3371 2001 lingua
3429 1930 3523 1986 Dei

1969 2016 2274 2075 locutiones
2306 2031 2546 2083 enarrat,
2576 2037 2642 2076 an
2670 2038 2776 2077 non
2805 2023 2949 2078 clare
2982 2024 3158 2084 docet.
3196 2024 3334 2078 lianc
3362 2024 3524 2079 talem

1970 2122 2155 2161 vocem
2190 2108 2259 2163 ad
2316 2110 2610 2164 humanum
2660 2112 2877 2167 modum
2928 2113 3212 2183 ﬁguratam
3258 2112 3366 2169 Deo
3414 2129 3523 2168 non

1969 2200 2264 2265 ascribere,
2314 2201 2409 2256 sed
2450 2202 2564 2256 hac
2604 2203 2822 2273 quidem
2871 2204 3075 2271 dicere,
3109 2207 3234 2275 quia
3273 2205 3384 2259 fieri
3415 2218 3525 2260 non

1970 2291 2140 2359 possit
2172 2301 2231 2346 ut
2270 2293 2415 2363 quod
2444 2295 2738 2365 cogitatum
2780 2304 2864 2352 est
2913 2298 3069 2351 aliter
3100 2312 3260 2367 quam
3292 2299 3523 2352 vocibus

1973 2382 2231 2440 humanis
2264 2388 2630 2456 exprimatur;
2663 2403 2760 2457 per
2786 2404 2849 2442 ea
2895 2398 3077 2444 autem
3127 2404 3247 2459 quae
3271 2388 3529 2443 dicuntur

1971 2473 2081 2529 Deo
2129 2476 2382 2531 decoram
2416 2485 2470 2532 ct
2502 2478 2841 2549 magnificam
2888 2480 3178 2549 quamdam
3220 2479 3529 2549 intelligen-

1970 2566 2099 2621 tiam
2154 2567 2501 2638 signiﬁcare?
2566 2566 2845 2641 Siquidem
2887 2581 3077 2640 putare
3125 2569 3292 2625 Deum
3343 2570 3529 2639 lingua

1970 2657 2236 2713 llebraica
2276 2676 2433 2714 usum
2473 2660 2663 2726 fuisse,
2696 2677 2818 2716 cum
2853 2662 3037 2717 nullus
3064 2672 3209 2719 esset
3237 2661 3329 2731 qui
3362 2661 3527 2716 talem

1970 2764 2156 2805 vocem
2207 2750 2444 2817 audiret,
2477 2753 2667 2807 nescio
2702 2754 2971 2823 quomodo
2999 2754 3095 2823 qui
3140 2760 3287 2807 recta
3317 2752 3531 2807 ratione

1969 2857 2105 2898 usus
2154 2841 2317 2897 fuerit
2358 2846 2711 2899 assentietur.
2754 2843 2812 2899 In
2859 2845 3009 2900 Actis
3035 2846 3399 2915 apostolorum
3442 2845 3530 2899 di-

1969 2934 2223 2999 dicimus,
2276 2934 2480 2988 idcirco
2528 2935 2632 2988 vim
2690 2934 2923 2990 divinam
2976 2937 3030 2989 in
3080 2937 3278 2990 multas
3314 2937 3531 3007 linguas

1969 3023 2199 3078 divisam
2225 3023 2413 3087 fuisse,
2443 3032 2501 3078 ut
2527 3024 2710 3079 nullus
2737 3040 2923 3079 eorum
2949 3026 3043 3095 qui
3065 3026 3294 3081 diversis
3325 3026 3436 3097 ling
3449 3026 3527 3081 :l‘s

311 3110 485 3175 λείας.
524 3113 581 3165 '0
606 3114 661 3166 δὲ
690 3114 820 3177 Θεὸς
860 3116 964 3187 πρὸ
1004 3117 1102 3186 τῆς
1130 3118 1356 3182 κτίσεως
1384 3120 1739 3190 ἀνθρωπικῶς
1764 3122 1870 3174 διε-

1972 3122 2255 3169 nterentnr
2305 3116 2540 3170 utilitate
2594 3116 2918 3185 privaretur.
2978 3116 3120 3172 Deus
3171 3125 3350 3172 autem
3400 3128 3529 3174 ante

308 3200 513 3271 λέγετο,
547 3207 666 3258 τίνα
692 3205 917 3276 ὠφελεῖν
944 3206 1148 3277 μέλλων
1174 3210 1237 3262 ὲκ
1262 3210 1357 3279 τῆς
1380 3212 1627 3280 τοιαύτης
1652 3212 1866 3282 φωνῆς;

306 3296 369 3348 τὸ
420 3296 518 3366 μὲν
558 3297 665 3368 γὰρ
718 3298 1142 3353 συνδιατίθεσθαι
1188 3304 1253 3371 τῇ
1297 3301 1403 3355 τῶν
1452 3302 1750 3355 ἀκουόντων
1778 3304 1869 3356 δυ-

309 3388 470 3459 νάμει
505 3388 597 3440 τὸν
629 3387 783 3457 λόγον
815 3388 947 3461 πρὸς
977 3390 1066 3441 τὸν
1093 3390 1191 3458 τῆς
1218 3390 1481 3459 ὠφελείας
1509 3393 1725 3457 σκοπὸν,
1752 3393 1869 3445 οὐδὲ

308 3478 375 3532 ἀν
399 3496 483 3541 τις
506 3477 721 3543 ἀνάξιον
764 3480 862 3550 τῆς
890 3479 1037 3544 θείας
1075 3476 1212 3533 εἶναι
1247 3482 1646 3553 φιλανθρωπίας
1676 3484 1869 3537 ὑποτο-

311 3572 556 3640 πήσειεν,
580 3570 703 3623 ἐπεὶ
732 3572 825 3624 καὶ
844 3570 1051 3635 Παῦλος
1078 3574 1105 3624 ό
1136 3574 1377 3643 μιμητὴς
1394 3573 1487 3626 τοῦ
1510 3576 1711 3646 Κυρίου
1736 3575 1869 3647 πρὸς

310 3659 406 3723 τὰς
434 3661 541 3714 τῶν
564 3661 865 3714 ἀκουόντων
902 3662 1062 3728 ἕξεις,
1097 3658 1235 3715 οἶδεν
1283 3664 1553 3736 ἁρμοδίως
1580 3666 1670 3719 τὸν
1715 3666 1870 3735 λόγον

313 3753 813 3824 μεταχειρίζεσθαι·
848 3754 986 3822 γάλα
1018 3757 1128 3817 τοῖς
1164 3756 1377 3824 νηπίοις
1422 3758 1735 3827 γινόμενος,
1776 3759 1870 3813 καὶ

311 3844 505 3914 στερεά
533 3848 643 3908 τοῖς
684 3845 905 3908 τελείοις
940 3848 1132 3916 τροφή.
1180 3846 1253 3898 Τὸ
1302 3849 1527 3918 μηδενὸς
1576 3850 1871 3919 κατορθου-

312 3936 475 4003 μένου
511 3937 711 3990 σκοποῦ
742 3937 829 3990 διά
858 3938 957 4008 τῆς
985 3938 1078 3991 τοῦ
1116 3938 1272 4007 λόγου
1310 3940 1562 4009 τοιαύτης
1598 3942 1864 4012 χρήσεως,

310 4028 498 4082 ἔπειτα
530 4028 954 4093 κατασκευάζειν
990 4030 1165 4083 τοιάδε
1195 4030 1317 4083 τινά
1359 4033 1578 4102 ῥήματα
1613 4032 1704 4086 τὸν
1739 4032 1870 4086 Θεὸν

310 4120 395 4190 ἐφ’
435 4121 625 4174 ἑαυτοῦ
650 4120 935 4192 ῥαψῳδεῖν,
961 4122 1061 4175 οὐκ
1089 4122 1240 4185 ὄντος
1264 4122 1356 4176 τοῦ
1384 4122 1634 4193 δεομένου
1656 4124 1754 4195 τῆς
1781 4125 1870 4178 διὰ

308 4210 419 4265 τῶν
451 4209 704 4264 τοιούτων
743 4210 932 4279 φωνῶν
987 4211 1292 4282 σημασίας,
1325 4212 1424 4265 οὐκ
1451 4208 1566 4266 οἶδα
1600 4212 1715 4274 πῶς
1755 4214 1868 4266 ἐστι

314 4304 389 4374 μὴ
418 4302 819 4371 καταγέλαστον
868 4304 981 4373 ἅμα
1022 4306 1114 4357 καὶ
1163 4303 1477 4375 βλάσφημον
1528 4305 1589 4358 τὸ
1634 4305 1869 4359 τοιοῦτον

309 4395 537 4448 οἴεσθαι.
587 4394 722 4447 Οὔτε
754 4389 845 4447 οὗν
897 4394 1120 4465 Ἐϐραία
1151 4395 1245 4449 τοῦ
1285 4396 1418 4450 Θεοῦ
1462 4400 1495 4468 ή
1534 4398 1704 4469 φωνὴ,
1747 4396 1868 4451 οὔτε

308 4486 431 4540 καθ’
461 4486 719 4557 ἑκάτερόν
746 4502 865 4539 τινα
892 4485 1060 4540 τύπον
1084 4488 1190 4541 τῶν
1228 4490 1285 4541 ὲν
1317 4492 1428 4553 τοῖς
1459 4489 1633 4543 ἔθνεσι
1660 4507 1867 4560 νενομι-
1900 4477 1942 4531 θ

312 4573 524 4644 σμένων
556 4574 956 4647 προφερομένη,
982 4576 1094 4629 ἀλλ’
1120 4578 1233 4631 ὅσοι
1258 4577 1351 4631 τοῦ
1378 4579 1509 4632 Θεοῦ
1541 4579 1687 4648 λόγοι
1719 4580 1870 4651 παρὰ

308 4665 403 4717 τοῦ
436 4665 737 4730 Μωῦσέως,
783 4666 817 4736 ἢ
858 4666 963 4719 τῶν
1000 4667 1294 4740 προφητῶν
1332 4670 1735 4742 ἀνεγράφησαν,
1786 4672 1871 4723 ὲν-

308 4757 499 4822 δείξεις
532 4758 638 4811 εἰσὶ
680 4757 773 4811 τοῦ
805 4757 948 4811 θείου
984 4759 1281 4831 θελήματος
1301 4801 1315 4825 ,
1363 4762 1535 4826 ἄλλως
1564 4765 1657 4817 καὶ
1696 4764 1867 4828 άλλως

309 4850 447 4903 κατά
482 4849 578 4920 τὴν
606 4850 761 4917 ἀξίαν
792 4850 900 4904 τῶν
932 4853 1261 4923 μετεχόντων
1292 4854 1388 4923 τῆς
1415 4854 1633 4924 χάριτος
1663 4855 1741 4925 τῷ
1774 4873 1870 4909 κα-

312 4941 462 5013 θαρῷ
500 4960 558 4994 τε
619 4942 711 4994 καὶ⁵
759 4942 1065 5013 ήγεμονικῷ
1108 4944 1215 4996 τῶν
1264 4946 1433 5012 ἁγίων
1474 4946 1865 5017 ὲλλάμπουςαι.

310 5034 516 5088 Οὐκοῦν
559 5035 854 5104 ἐφθέγγετο
897 5038 995 5108 μὲν
1043 5039 1072 5089 ὁ
1117 5037 1353 5106 Μωῦσῆς
1384 5037 1457 5100 ὼς
1505 5038 1765 5107 ἐπεφύκει
1808 5057 1869 5093 τε

310 5130 407 5181 καί¹
457 5128 811 5182 πεπαίδευτο·
859 5128 1163 5199 προσετίθει
1200 5128 1255 5181 δὲ
1299 5128 1374 5199 τῷ
1412 5128 1530 5199 Θεῷ
1560 5130 1655 5193 τὰς
1689 5130 1870 5199 φωνάς

306 5217 538 5281 ταύτας,
572 5217 755 5282 καθὼς
803 5218 1018 5289 εῖρηται
1067 5216 1349 5281 πολλάκις,
1397 5218 1483 5271 διὰ
1510 5218 1570 5269 τὸ
1602 5218 1869 5288 musas;

306 5308 415 5362 τῶν
453 5310 575 5382 ἄρτι
607 5313 675 5380 τῇ
701 5310 997 5380 θεογνωσίᾳ
1025 5308 1467 5379 προσαγομένων,
1503 5308 1637 5379 πρὸς
1665 5310 1866 5380 ἐναργῆ

305 5414 366 5451 τε
414 5400 753 5470 παράστασιν
803 5398 897 5453 τοῦ
927 5399 1081 5453 Θείου
1133 5399 1494 5471 βουλήματος,
1546 5400 1640 5453 καὶ
1689 5399 1764 5462 ὡς
1802 5398 1868 5453 ἂν

305 5490 749 5563 εὐπειθεστέρους
768 5492 1137 5564 ἀπεργάσαιτο
1167 5494 1291 5556 τοὺς
1315 5492 1607 5557 ἀκούοντας
1632 5496 1697 5565 τῇ
1721 5492 1867 5560 ἀξιο-

305 5584 496 5655 πιστίᾳ
524 5584 615 5637 τοῦ
638 5585 917 5656 εἰρηκότος
938 5584 1401 5655 δυσωπουμένους.

376 5762 422 5796 ⁸³
448 5759 789 5845 Ρειιῖηιιιι,
821 5763 873 5820 ﬁ.
948 5763 993 5797 “
1025 5762 1188 5822 Ucbr.
1223 5780 1274 5833 v,
1314 5764 1397 5819 l2.

1969 3207 2302 3262 creationem
2369 3208 2606 3261 humano
2651 3224 2801 3263 more
2863 3208 3187 3273 disserebat,
3233 3225 3524 3280 quemnam

1970 3300 2072 3354 hac
2124 3300 2219 3353 tali
2248 3314 2380 3354 voce
2414 3300 2739 3369 adjuturns?
2770 3315 3072 3355 sermonem
3101 3302 3243 3356 enim
3288 3301 3528 3358 aﬁ'ectio-

1970 3405 2093 3444 nem
2132 3388 2419 3459 quamdam
2459 3390 2659 3446 habere
2703 3405 2827 3445 cum
2873 3391 3214 3448 audientium
3270 3392 3530 3448 facultate

1971 3480 2037 3534 ad
2081 3480 2332 3536 utilitatis
2382 3496 2632 3552 scopum,
2687 3483 2871 3538 nullus
2913 3482 3096 3537 divina
3152 3484 3529 3540 benevolentia

1970 3586 2097 3640 erga
2146 3586 2322 3641 genus
2370 3571 2665 3626 humanum
2710 3588 2833 3628 esse
2882 3573 3162 3645 indignum
3220 3576 3529 3645 suspicatus

1971 3660 2159 3727 fuerit,
2204 3663 2459 3732 quoniam
2515 3662 2719 3719 Paulus
2766 3664 2974 3719 Domini
3026 3666 3268 3720 imitator
3323 3667 3387 3721 ad
3430 3682 3529 3722 an-

1973 3754 2234 3808 dientium
2270 3755 2488 3810 habitus
2542 3757 2689 3810 novit
2720 3757 3103 3811 convenienter
3130 3766 3181 3812 et
3219 3772 3528 3814 accommo-

1971 3847 2096 3900 date
2127 3860 2437 3901 sermonem
2478 3846 2881 3910 administrare,
2921 3847 3003 3902 lac
3028 3847 3246 3918 quidem
3285 3851 3528 3918 parvulis

1973 3938 2175 4002 factus,
2221 3938 2420 3994 adultis
2460 3953 2591 3993 vero
2624 3949 2678 3993 et
2730 3938 2984 4008 perfectis
3025 3939 3179 3993 cibus
3209 3938 3414 3994 solidus
3457 3940 3525 3996 ⁵⁸.

1971 4028 2125 4095 Quod
2165 4030 2210 4085 si
2253 4045 2374 4083 cum
2429 4030 2613 4084 nullus
2661 4028 2927 4098 dirigatur
2978 4043 3177 4099 scopus
3222 4044 3318 4099 per
3363 4029 3524 4085 talem

1972 4120 2240 4175 sermonis
2261 4136 2441 4187 usum,
2478 4122 2603 4191 quis
2630 4128 2841 4175 astruat
2875 4118 3042 4174 Deum
3074 4120 3128 4174 in
3166 4121 3344 4191 seipso
3375 4129 3525 4177 certa

1970 4211 2215 4281 quaedam
2266 4211 2429 4267 verba
2476 4227 2761 4275 consuere,
2822 4212 2867 4267 si
2917 4227 3024 4266 non
3074 4220 3158 4267 est
3223 4212 3316 4282 qui
3371 4221 3527 4284 egeat

1972 4303 2367 4373 signiﬁcatione
2422 4319 2544 4374 qua:
2590 4304 2646 4357 ﬁt
2685 4316 2779 4373 per
2834 4302 3101 4372 ejusmodi
3147 4319 3329 4366 voces,
3381 4304 3526 4359 haud

1973 4397 2087 4452 scio
2128 4396 2399 4464 quomodo
2448 4410 2553 4451 non
2596 4396 2698 4449 hoc
2738 4395 2895 4450 liceat
2936 4396 3222 4450 ridiculum
3264 4396 3428 4451 simul
3474 4404 3528 4452 et

1974 4490 2198 4559 impium
2242 4489 2540 4545 convitium
2589 4501 2799 4559 putare.
2855 4487 3038 4558 Neque
3084 4488 3249 4558 igitur
3297 4487 3523 4543 Hebraea

1975 4578 2066 4634 Dei
2111 4596 2235 4644 vox,
2286 4596 2464 4650 neque
2513 4580 2810 4635 secundum
2859 4580 3019 4634 aliam
3069 4580 3295 4635 formam
3337 4596 3527 4636 eorum

1974 4685 2095 4741 qua:
2133 4672 2187 4725 in
2236 4671 2489 4742 gentibus
2529 4686 2630 4725 usu
2677 4679 2893 4740 recepta
2936 4677 3083 4733 sunt,
3134 4669 3527 4739 proferebatur,

1974 4760 2067 4817 sed
2098 4762 2413 4833 quicunque
2445 4760 2536 4816 Dei
2570 4777 2852 4817 sermones
2879 4776 2909 4814 a
2948 4760 3096 4815 lose
3134 4762 3213 4815 vel
3250 4760 3528 4829 praphetis

1974 4852 2234 4924 descripti
2283 4862 2432 4916 sunt,
2458 4853 2653 4908 divina
2675 4853 2967 4908 voluntatis
2993 4859 3117 4907 sunt
3149 4850 3525 4914 indicationes,

1971 4941 2127 4995 aliter
2169 4949 2333 5011 atque
2379 4942 2535 4997 aliter
2575 4957 2672 5012 pro
2724 4942 2934 4997 ratione
2978 4954 3164 4994 eorum
3214 4938 3304 5007 qui
3339 4944 3526 5012 gratiae

1972 5035 2105 5087 liunt
2134 5034 2450 5104 participes,
2484 5045 2796 5089 sanctorum
2827 5046 2960 5100 puro
2984 5039 3037 5084 et
3069 5030 3300 5085 rationis
3325 5032 3526 5085 tenenti

1971 5124 2336 5193 principatum
2381 5124 2678 5179 intellectui
2721 5124 3120 5177 illucescentes.
3164 5119 3304 5190 Ergo
3344 5121 3527 5191 loque-

1971 5218 2133 5272 batur
2179 5215 2358 5271 Moses
2404 5216 2546 5271 sicut
2602 5223 2770 5269 natus
2819 5222 2935 5267 erat
2976 5220 3029 5267 et
3078 5211 3358 5277 eruditus;
3424 5209 3528 5263 Deo

1974 5320 2153 5367 autem
2178 5311 2507 5367 attribuebat
2533 5310 2632 5364 has
2661 5324 2843 5371 voces,
2868 5319 2924 5362 ut
2956 5308 3158 5362 dictum
3192 5314 3275 5362 est
3309 5306 3527 5374 sepius.

1975 5411 2196 5473 propter
2223 5403 2481 5473 puerilem
2523 5398 2947 5454 imbecillitatem
2986 5411 3175 5451 eorum
3209 5398 3301 5467 qui
3335 5396 3402 5449 ad
3435 5393 3527 5448 Dei

1973 5492 2338 5563 cognitionem
2386 5488 2825 5553 adducebantur,
2882 5495 2941 5543 et
2985 5486 3055 5541 ad
3117 5487 3422 5543 evidentem
3477 5489 3530 5537 et

1975 5582 2175 5639 claram
2209 5582 2405 5640 divina:
2451 5580 2746 5639 voluntatis
2778 5579 3209 5653 expressionem,
3238 5589 3292 5637 et
3322 5587 3382 5635 ut
3408 5576 3523 5634 obe
