4006 6532
517 331 623 395 999

1713 332 1772 393 S.
1804 326 2131 391 GREGOBII
2168 324 2438 389 NYSSEN
2445 334 2465 389 ι

3629 341 3774 395 1003

516 448 817 507 dientiores
851 457 906 505 et
961 448 1029 504 ad
1097 447 1399 519 parendum
1462 449 1735 507 faciliores
1802 450 2039 507 alliceret
2108 447 2411 516 auditores,
2458 451 2666 508 veritos
2721 455 3107 511 auctoritatem
3163 463 3218 512 et
3271 458 3595 529 dignitatern
3649 459 3773 525 ejus

516 543 612 613 qui
668 544 820 612 ipsos
866 548 1011 598 esset
1067 542 1359 597 allocutus.

590 634 694 691 Sed
746 643 904 705 negat
939 633 1258 698 Eunomius,
1306 635 1398 705 qui
1448 635 1574 691 talia
1607 637 1662 692 in
1708 651 1810 692 nos
1856 634 2090 691 convitia

2276 628 2414 685 Ἀλλ’
2444 632 2504 686 οὒ
2547 650 2712 705 φησιν
2746 637 2776 688 6
2805 635 3087 705 Εὐνόμιος,
3110 638 3137 691 6
3163 636 3418 701 τοιαύτας
3458 637 3585 691 καθ’
3615 637 3775 705 ὴμᾷιν

516 726 744 797 profert,
809 727 899 797 qui
949 727 1151 782 illicita:
1198 734 1251 782 et
1299 727 1518 782 nefaria:
1564 727 1976 784 consuetudinis
2016 728 2100 781 est

519 820 689 874 haeres
731 828 784 872 et
826 826 1124 889 patronus;
1170 835 1430 874 conversa
1479 822 1624 874 enim
1672 820 2001 874 contumelia
2045 819 2100 872 in

520 914 694 981 ipsius
737 913 1089 982 ignominiam
1133 913 1369 982 propriis
1415 928 1537 967 eum
1580 913 1764 968 verbis
1812 910 2098 981 excipiam.

522 1001 627 1058 Sed
662 1005 838 1073 ipsum
871 1004 973 1059 sibi
1020 1003 1220 1057 Mosem
1274 1004 1591 1058 testimonio
1638 1018 1739 1059 suo
1772 999 2100 1072 patrocinari

520 1095 828 1155 confirmat.
866 1095 1009 1165 quod
1045 1095 1297 1149 videlicet
1338 1110 1367 1147 a
1409 1094 1518 1149 Deo
1549 1095 1639 1164 qui
1682 1104 1931 1148 naturam
1973 1107 2104 1147 con-

521 1189 679 1249 didit,
711 1198 765 1241 et
795 1203 979 1242 eorum
1013 1203 1135 1257 qua:
1162 1187 1514 1241 nominantur
1560 1195 1614 1242 et
1657 1187 1936 1240 nominum
1973 1200 2103 1238 usus

450 1318 453 1325 .
522 1278 831 1332 hominibus
860 1278 1019 1332 datus
1048 1288 1150 1341 est,
1178 1286 1234 1331 et
1267 1277 1415 1347 quod
1446 1293 1634 1332 eorum
1660 1293 1782 1348 quze
1818 1276 1946 1329 data
1978 1282 2105 1331 sunt

523 1370 812 1438 appellatio
861 1370 1127 1422 utentium
1190 1370 1539 1435 generatione
1580 1375 1660 1424 est
1702 1368 1973 1438 superior,
2023 1369 2104 1422 sic

524 1461 707 1513 omnia
763 1459 832 1513 ad
890 1461 1115 1515 verbum
1172 1461 1434 1525 locutus,
1495 1461 1763 1530 siquidem
1825 1460 2104 1531 proprium

524 1562 722 1607 nactus
747 1561 831 1608 est
860 1553 1093 1622 aliquem
1127 1551 1352 1618 Mosem,
1378 1569 1406 1606 a
1437 1569 1548 1623 quo
1580 1554 1695 1608 haec
1747 1553 1963 1607 erudita
2002 1551 2104 1605 do-

526 1624 698 1708 cetur,
731 1654 890 1715 atque
921 1646 1071 1699 illinc
1110 1646 1369 1702 incitatus
1412 1648 1614 1702 talibus
1643 1645 1868 1700 conﬁdit
1896 1658 2105 1699 sermo-

526 1738 709 1799 nibus,
734 1738 879 1806 quod
916 1737 1057 1794 Deus
1104 1739 1220 1809 lege
1252 1738 1450 1802 sancit,
1486 1738 1628 1793 sicut
1658 1737 1746 1793 hic
1790 1739 1908 1806 ipse
1950 1736 2103 1801 dicit,

528 1829 808 1882 hominum
840 1828 1126 1895 dictiones,
1159 1829 1239 1884 sic
1272 1829 1471 1897 jubens
1504 1836 1559 1884 et
1604 1829 1761 1883 aliter
1807 1828 2104 1899 prohibens

528 1920 693 1973 rebus
718 1934 880 1974 voces
910 1919 1114 1991 imponi
1151 1928 1334 1973 utatur
1369 1935 1470 1989 pro
1504 1936 1604 1975 suo
1633 1920 1895 1974 arbitratu
1926 1920 2103 1990 nugis,

531 2010 832 2079 adjutorem
865 2011 1071 2066 habens
1094 2014 1359 2066 sermonis
1379 2012 1651 2066 occultum
1682 2012 1845 2066 istum
1879 2010 2102 2066 Mosem.

541 2104 697 2171 Quod
732 2105 775 2159 si
798 2105 946 2159 solus
975 2112 1058 2159 est
1088 2102 1283 2167 Moses,
1308 2104 1465 2171 cujus
1496 2102 1774 2173 Scriptura
1801 2104 2108 2159 communis

529 2204 613 2250 est
644 2195 930 2265 disciplina
961 2196 1043 2250 his
1075 2196 1164 2264 qui
1197 2195 1440 2249 divinum
1469 2210 1773 2250 sermonem
1807 2194 1952 2249 docti
1978 2196 2107 2255 sint.

531 2286 1032 2341 condemnationem
1058 2286 1410 2356 accipiemus.
1439 2287 1483 2340 si
1519 2301 1549 2340 a
1580 2285 1746 2343 Mosis
1771 2287 1887 2357 lege
1926 2287 2110 2342 redar-

531 2379 765 2448 guimur.
800 2376 1027 2431 Ubinam
1053 2394 1180 2447 ergo
1208 2378 1275 2433 de
1300 2379 1479 2433 verbis
1506 2385 1562 2432 et
1602 2378 1912 2433 nominibus
1940 2379 2108 2449 legem

532 2469 773 2523 invenit?
811 2468 867 2522 In
893 2468 1011 2538 ejus
1050 2471 1270 2537 scriptis
1302 2470 1620 2539 proponitur
1649 2468 1834 2521 mundi
1880 2469 2105 2534 creatio,

531 2569 585 2615 et
630 2560 882 2630 deinceps
938 2561 1215 2614 hominum
1278 2561 1687 2631 generationum
1742 2560 2009 2621 recensio,
2058 2568 2112 2615 ct

531 2654 890 2725 quarumdam
962 2669 1144 2707 rerum
1202 2653 1451 2717 historia,
1509 2660 1563 2707 et
1619 2655 1771 2708 varia
1825 2653 2109 2723 legislatio,

531 2747 705 2817 deque
735 2747 819 2802 his
848 2761 966 2816 quae
1015 2745 1083 2799 ad
1120 2761 1308 2800 verum
1343 2744 1433 2799 Dei
1472 2746 1677 2798 cultum
1726 2744 2017 2813 pertinent,
2058 2750 2114 2798 et

531 2852 653 2907 quae
683 2838 733 2890 in
777 2838 897 2889 vitae
954 2835 1164 2889 ratione
1208 2841 1335 2889 sunt
1398 2832 1756 2897 observanda,
1817 2833 1930 2887 haec
1986 2838 2113 2887 sunt

536 2927 705 2984 Musis
733 2928 1025 2997 Scriptura:
1062 2927 1335 2996 praecipua
1375 2926 1573 2995 capita.
1609 2923 1765 2989 Quod
1814 2925 1857 2978 si
1894 2924 1981 2978 hic
2014 2938 2112 2978 au-

534 3029 705 3074 tumat
729 3035 850 3074 esse
879 3020 1116 3089 aliquam
1160 3021 1447 3073 verborum
1484 3016 1895 3086 legislationem,
1932 3023 2115 3068 osten-

533 3111 626 3165 dat
659 3112 851 3180 legem,
880 3118 933 3164 et
963 3125 1063 3179 ego
1109 3109 1319 3164 tacebo.
1363 3108 1467 3163 Sed
1508 3124 1617 3162 non
1665 3112 1851 3177 posset
1895 3106 2111 3171 dicere;

535 3219 642 3257 non
673 3204 818 3258 enim
860 3201 1187 3256 clarioribus
1227 3201 1450 3255 omissis
1481 3198 1990 3255 confirntationibus
2022 3197 2113 3251 illa

2199 721 2298 785 τὰς
2327 722 2593 795 λοιδορίας
2644 726 2958 797 προφέρων,
2996 730 3025 780 6
3052 727 3152 795 τῆς
3182 727 3449 799 ὲκθέσμου
3482 728 3775 797 συνηθείας

2201 813 2529 883 κληρονόμος
2539 832 2597 868 τε
2614 816 2707 868 καὶ
2725 818 3037 888 συνήγορος
3053 819 3359 885 ὑπαλλάξας
3375 821 3447 887 γά
3454 837 3485 891 ρ
3498 820 3598 889 τὴν
3614 819 3776 889 ὓϐριν

2202 906 2282 968 είς
2320 906 2544 975 ἀτιμίαν
2572 910 2683 970 τοῖς
2719 907 2867 972 ίδίοις
2897 909 3058 963 αὐτὸν
3088 909 3433 981 δεξιώσομαι.
3480 911 3624 963 Ἀλλ’
3681 914 3778 964 αύ-

2201 996 2291 1049 τὸν
2318 996 2462 1067 αὐτῷ
2491 1002 2783 1069 μαρτυρεῖν
2808 999 2899 1053 τὸν
2927 1001 3164 1054 Μωῦσέα
3185 1002 3599 1073 διῑσχυρίζεται,
3624 1005 3777 1073 παρὰ

2202 1087 2296 1141 τοῦ
2356 1088 2885 1160 δημιουργήσαντος,
2925 1092 3023 1163 τὴν
3073 1092 3230 1162 φύσιν
3279 1094 3615 1165 δεδωρῆσθαι
3664 1098 3779 1157 τοῖς

2202 1180 2508 1252 ἀνθρώποις
2545 1182 2654 1235 τῶν
2682 1202 2738 1236 τε
2787 1186 3198 1255 ὀνομαζομένων
3234 1185 3327 1239 καὶ
3353 1187 3461 1239 τῶν
3489 1188 3778 1258 ὀνομάτων

2202 1270 2302 1340 τὴν
2324 1270 2537 1341 χρῆσιν,
2570 1272 2664 1325 καὶ
2692 1274 2789 1345 τήν
2826 1290 2888 1339 γε
2919 1275 3026 1326 τῶν
3062 1274 3357 1345 δεδομένων
3403 1278 3597 1347 κλῆσιν
3633 1280 3779 1332 ἀνω·

2206 1361 2366 1433 τέραν
2413 1358 2553 1417 εἶναι
2607 1364 2708 1433 τῆς
2756 1365 2862 1417 τῶν
2904 1366 3198 1436 χρωμένων
3241 1367 3524 1434 γενέσεως,
3576 1371 3779 1424 οὑτωσὶ

2206 1456 2382 1509 πάντα
2416 1456 2555 1509 κατὰ
2581 1457 2723 1523 λέξιν
2763 1458 2932 1510 εἰπάν
2955 1474 2968 1488 ·
3004 1461 3051 1511 εί
3085 1459 3182 1529 μὲν
3220 1456 3311 1513 οὖν
3343 1460 3466 1515 ἴδιον
3506 1463 3779 1531 κέκτηταί

2204 1566 2327 1603 τινα
2376 1548 2606 1602 Μωῦσέα
2655 1550 2783 1620 παρ’
2830 1541 2890 1602 οὗ
2930 1549 2998 1603 τὰ
3038 1551 3176 1620 σοφὰ
3223 1552 3393 1605 ταῦτα
3441 1554 3777 1618 διδάσκεται,

2205 1641 2457 1695 κάκεῖθεν
2501 1640 2815 1713 ὁρμώμενος
2864 1645 2976 1706 τοῖς
3015 1643 3271 1707 τοιούτοις
3325 1645 3611 1716 ὲπιθαρσεῖ
3666 1647 3783 1699 τῶν

2205 1732 2396 1800 λόγων,
2441 1732 2523 1786 ὅτι
2556 1733 2687 1796 Θεὸς
2729 1733 3168 1804 διαθεσμοθετεί,
3213 1734 3392 1799 καθὼς
3428 1728 3585 1800 οὗτος
3610 1740 3778 1801 αὐτός

2208 1840 2361 1892 φησι,
2387 1824 2495 1878 τῶν
2519 1823 2816 1896 ἀνθρώπων
2839 1825 2936 1889 τὰς
2964 1828 3168 1897 ῥήσεις.
3197 1827 3391 1881 οὑτωσί
3422 1846 3479 1881 τε
3510 1828 3778 1893 κελεύων,

2208 1914 2301 1967 καὶ
2344 1914 2542 1986 ἑτέρως
2584 1916 2938 1987 ἀπαγορεύων
2992 1918 3089 1981 τὰς
3138 1919 3230 1971 ἐπὶ
3277 1919 3384 1973 τῶν
3432 1922 3780 1991 πραγμάτων

2211 2005 2420 2059 κεῖσθαι
2447 2007 2651 2076 φωνὰς,
2674 2009 2958 2079 κεχρήσθω
2985 2009 3120 2081 πρὸς
3139 2010 3200 2063 τὸ
3222 2010 3409 2064 δοκοῦν
3430 2014 3541 2075 τοῖς
3565 2011 3779 2085 λὴρσις,

2215 2096 2500 2168 σύμμαχον
2539 2098 2675 2170 ἔχων
2704 2100 2795 2153 τοῦ
2828 2100 2987 2169 λόγου
3019 2100 3111 2153 τὸν
3150 2102 3389 2173 κρυπτὸν
3419 2103 3685 2156 Μωῦσέα.
3718 2105 3782 2161 ΕΞ

2208 2189 2264 2243 δὲ
2297 2190 2455 2260 μόνον
2497 2192 2611 2243 ἐστὶ
2657 2192 2892 2262 Μωῦσῆς
2930 2187 2993 2245 οὗ
3024 2194 3058 2264 ἡ
3099 2192 3286 2264 Γραφὴ
3327 2194 3500 2248 κοινὸν
3545 2194 3784 2266 μάθημα

2208 2283 2322 2346 τοῖς
2348 2281 2437 2334 τὸν
2471 2281 2610 2336 θεῖον
2630 2282 2787 2340 λόγον
2814 2284 3218 2355 παιδευομένοις
3244 2286 3379 2351 ἐστὶ,
3400 2285 3665 2355 δεξόμεθα
3685 2288 3783 2355 τὴν

2210 2374 2576 2443 κατάγνωσιν,
2620 2377 2668 2428 εί
2708 2375 2812 2430 ὑπὸ
2853 2375 2962 2430 τῶν
2994 2375 3089 2430 τοῦ
3117 2377 3394 2441 Μωῦσέως
3442 2378 3783 2450 ἐλεγχόμεθα

2211 2467 2412 2537 νόμων.
2449 2466 2557 2518 Ποῦ
2585 2470 2763 2519 τοίνυν
2795 2468 2886 2520 τὸν
2917 2469 3044 2541 περὶ
3076 2470 3332 2540 ῥημάτων
3356 2487 3414 2523 τε
3447 2471 3542 2523 καὶ
3578 2472 3785 2541 ὀνομάο

2210 2575 2317 2611 των
2368 2557 2562 2628 εὕρατο
2600 2558 2793 2628 νόμον;
2862 2559 2979 2612 Ἐπ’
3026 2560 3203 2613 αὐτῶν
3244 2559 3493 2614 ἐκθέσθαι
3540 2560 3652 2614 τῶν
3689 2579 3786 2629 γει

2211 2651 2561 2722 γραμμένων,
2588 2652 2946 2721 κοσμογένεια
2972 2653 3189 2707 καὶτῶν
3220 2653 3450 2724 καθεξῆς
3473 2653 3788 2724 ἀνθρώπων

2212 2743 2562 2812 γενεαλογία,
2597 2743 2689 2796 καὶ
2736 2744 3075 2814 πραγμάτων
3120 2744 3282 2798 τινῶν
3325 2744 3562 2815 ίστορία,
3607 2746 3714 2797 καὶ
3755 2748 3790 2814 η

2214 2835 2428 2906 ποικίλη
2472 2834 2777 2905 νομοθεσία,
2820 2837 2945 2907 περί
2970 2853 3027 2888 τε
3055 2835 3161 2888 τῶν
3189 2837 3329 2889 κατὰ
3362 2837 3456 2907 τὴν
3499 2836 3788 2907 λατρείαν,

2214 2928 2307 2980 καὶ
2338 2926 2445 2980 τῶν
2486 2926 2627 2980 κατὰ
2657 2927 2747 2980 τὸν
2781 2926 2892 2997 βίον
2934 2928 3431 2999 παρατηρημάτων.
3458 2926 3650 2981 Ταῦτα
3690 2927 3794 2996 τῆς

2214 3020 2490 3082 Μωῦσέως
2521 3019 2744 3090 Γραφῆς
2782 3018 2850 3072 τὰ
2878 3020 3170 3088 κεφάλαια.
3222 3021 3283 3072 Et
3320 3018 3378 3072 δέ
3425 3036 3587 3090 φησιν
3628 3014 3796 3085 οὗτος

2215 3107 2352 3164 εἷναί
2381 3128 2499 3163 τινα
2533 3110 2789 3180 ῥημάτων
2819 3112 3155 3181 νομοθεσίαν,
3198 3104 3423 3177 δειξάτω
3465 3110 3557 3164 τὸν
3595 3112 3793 3181 νόμον,

2216 3204 2368 3269 κάγὼ
2398 3204 2759 3275 σιωπήσομαι.
2805 3204 2943 3257 Ἀλλ’
2984 3205 3081 3257 ούκ
3112 3204 3179 3256 ἂν
3209 3205 3380 3257 εἰπεῖν
3419 3202 3561 3273 ἔχοι⁸
3588 3205 3657 3255 οὐ
3685 3204 3797 3275 γὰρ

536 3304 953 3365 persequeretur
1000 3293 1203 3363 quibus
1250 3293 1519 3348 ridiculus
1561 3291 1733 3361 magis
1771 3305 1934 3361 quam
1980 3305 2111 3360 prov

2215 3291 2278 3344 ἂν
2320 3292 2430 3343 τῶν
2469 3292 2871 3362 ἐναργεστέρων
2904 3292 3169 3363 ἀφέμενος
3198 3291 3550 3356 ἀποδείξεων,
3598 3293 3798 3345 ἐκεῖνα

535 3386 733 3440 babilis
768 3386 1039 3439 videretur
1070 3386 1155 3440 his
1203 3386 1299 3455 qui
1338 3393 1517 3439 mente
1550 3392 1677 3439 sunt
1716 3383 1925 3454 pra-diti
1950 3394 2003 3439 et
2030 3399 2112 3438 sa-l

2215 3380 2408 3453 διεξῄει
2435 3381 2501 3434 δι’
2532 3374 2606 3437 ὧν
2631 3381 3031 3450 καταγέλαστος
3061 3382 3278 3453 μᾶλλον,
3306 3382 3339 3453 ἢ
3362 3382 3583 3445 πιθανὸς
3612 3384 3795 3436 ὲῶκει

537 3476 713 3546 piunt.
750 3474 883 3527 Nam
926 3475 1028 3529 hoc
1064 3485 1254 3545 putare
1280 3490 1403 3529 esse
1454 3475 1669 3543 pietatis
1701 3483 1885 3545 caput,
1928 3490 2112 3545 nempe

2215 3476 2324 3536 τοῖς
2362 3490 2426 3541 γε
2455 3472 2578 3527 νοῦν
2609 3473 2810 3544 ἔχουσι.
2847 3474 2919 3526 T6
2950 3473 3059 3544 γὰρ
3087 3474 3291 3527 οἴεσθαι
3333 3473 3487 3526 τοῦτο
3518 3472 3667 3527 εἶναι
3696 3476 3795 3545 τῆς

536 3567 825 3622 verborum
850 3566 1213 3619 inventionem
1264 3565 1373 3620 Deo
1412 3565 1731 3630 attribuere,
1782 3566 1869 3619 cui
1922 3581 2112 3636 parvus

2218 3564 2493 3628 εὐσεϐείας
2527 3566 2835 3633 κεφάλαιον,
2863 3566 2942 3628 τὸ,
2975 3565 3233 3636 ῥημάτων
3258 3565 3471 3637 εὕρεσιν
3499 3584 3796 3639 προσμαρο

538 3659 607 3712 ad
627 3658 1043 3712 celebrationem
1078 3663 1225 3712 totus
1255 3656 1512 3717 mundus.
1547 3666 1601 3711 et
1634 3671 1753 3727 quae
1778 3658 1830 3710 in
1860 3657 1975 3725 ipso
1992 3666 2112 3711 sunt

2215 3659 2398 3728 τυρεῖν
2425 3656 2502 3727 τῷ
2523 3656 2663 3728 Θεῷ,
2688 3650 2732 3725 ᾧ
2757 3657 2951 3728 μικρὸς
2972 3659 3051 3721 είς
3073 3658 3345 3729 εὐφημίαν
3368 3658 3484 3722 δλος
3505 3661 3535 3711 6
3561 3660 3791 3729 κόσμος,

538 3750 823 3813 miracula,
884 3748 1158 3819 quomodo
1213 3763 1323 3802 non
1376 3758 1629 3803 extremae
1689 3757 1773 3805 est
1834 3749 2112 3815 fatuitatis,

2218 3750 2313 3803 καὶ
2368 3747 2438 3801 τὰ
2484 3749 2543 3800 ἐν
2602 3750 2750 3820 αύτῷ
2790 3749 3067 3819 θαύματα,
3117 3750 3234 3813 πῶς
3278 3752 3337 3804 ού
3381 3752 3478 3821 τῆς
3550 3752 3794 3821 ἐσχάτης

539 3844 752 3913 magnis
798 3842 1019 3897 omissis
1072 3856 1138 3896 ex
1194 3842 1449 3897 humanis
1501 3841 1671 3898 Deum
1732 3843 2112 3914 magnillcarel

2219 3840 2440 3911 εὐηθίας
2473 3841 2617 3905 ἐστὶ,
2647 3840 2753 3895 τῶν
2780 3841 3032 3912 μεγάλων
3061 3840 3330 3912 ἀφέμενον
3358 3843 3419 3895 ἐκ
3440 3842 3553 3894 τῶν
3574 3844 3792 3913 ἀνθρω-

536 3933 760 3990 Jussum
809 3935 1141 3988 creationem
1201 3932 1498 4002 prmcessit,
1553 3931 1756 3986 dictum
1812 3933 2029 4002 quidem
2091 3945 2123 3985 a

539 4029 686 4083 Mose
726 4028 964 4081 humano
994 4038 1167 4091 more,
1208 4024 1318 4080 Deo
1351 4039 1481 4079 vero
1510 4026 1893 4079 convenienter
1932 4032 1989 4079 et
2031 4024 2123 4078 de-

538 4134 667 4174 core
691 4117 910 4171 factum.
942 4115 1142 4169 Eurum
1167 4115 1331 4186 igitur
1365 4130 1486 4184 quae
1519 4115 1704 4169 divina
1730 4114 1969 4184 potentia
1997 4123 2125 4169 sunt

542 4210 838 4264 constituta
888 4208 1143 4261 voluntas
1193 4215 1277 4262 est
1324 4205 1603 4271 effectrix;
1649 4206 1790 4260 hanc
1836 4206 2123 4260 verborum

540 4302 841 4355 dectrinam
893 4309 1187 4354 accuratus
1210 4308 1263 4353 et
1291 4296 1522 4368 diligens
1585 4298 1991 4368 Scripturarum
2034 4313 2127 4353 co-

540 4393 721 4461 gnitor
750 4391 1083 4459 pronuntiat.
1116 4389 1181 4443 Et
1220 4389 1443 4460 perinde
1490 4405 1555 4444 ac
1596 4389 1641 4445 si
1688 4389 1829 4445 Deus
1877 4390 2125 4454 dixisset,

540 4482 661 4536 Fiat
717 4482 963 4547 verbum,
1036 4481 1120 4535 vel
1188 4496 1368 4536 sermo
1421 4481 1824 4547 constituatur,
1880 4482 1964 4536 vel
2023 4483 2129 4535 hoc

541 4573 703 4627 talem
731 4572 1018 4641 quamdam
1059 4572 1320 4628 sortiatur
1350 4572 1786 4642 appellationem,
1817 4572 1897 4627 sic
1931 4573 1998 4627 ad
2030 4590 2129 4644 pa-

2222 3933 2390 3987 πίνων
2421 3932 2706 4003 σεμνύνειν
2738 3933 2798 3985 τὸ
2835 3933 3018 3997 Θείον;
3070 3933 3403 4003 Πρόσταγμα
3431 3934 3532 4005 τῆς
3561 3937 3796 3998 κτίσεως

2222 4026 2589 4097 καθηγήσατο,
2614 4024 2774 4096 ῥηθὲν
2800 4026 2896 4096 μὲν
2920 4024 3069 4096 παρὰ
3090 4024 3182 4078 τοῦ
3209 4026 3482 4090 Μωῡσέως
3516 4025 3794 4096 ἀνθρωπιο

2224 4120 2356 4185 κῶς,
2399 4116 2717 4189 θεοπρεπῶς
2743 4117 2799 4170 δὲ
2838 4119 3145 4187 γενόμενον.
3189 4117 3260 4169 Τὸ
3296 4117 3473 4169 τοίνυν
3509 4118 3800 4184 ποιητικὸν

2223 4211 2331 4263 τῶν
2360 4210 2478 4279 θείᾳ
2519 4209 2745 4278 δυνάμει
2791 4208 3193 4279 συνεστηκότων
3222 4207 3465 4278 θέλημα’
3498 4208 3665 4262 τοῦτο
3700 4213 3793 4278 ρη-

2231 4302 2412 4373 μάτων
2440 4300 2785 4353 διδασκαλίαν
2815 4300 2844 4351 6
2871 4299 3102 4371 ἀκρισὴς
3132 4299 3391 4369 ὲπιϊστωρ
3419 4299 3528 4351 τῶν
3563 4301 3797 4369 rgat;th

2227 4393 2603 4462 ἀποφαίνεται.
2646 4392 2751 4443 Καὶ
2799 4389 2985 4461 ὥσπερ
3019 4390 3259 4451 εἰπόντος
3287 4388 3379 4442 τοῦ
3419 4390 3580 4456 Θεοῦ,
3632 4392 3793 4461 Γενη-

2230 4483 2373 4555 θήτω
2417 4481 2596 4553 ῥῆμα,
2632 4482 2664 4551 ἢ
2709 4482 2956 4550 συστήτω
2998 4479 3185 4547 λόγος,
3234 4480 3266 4550 ἦ
3303 4480 3416 4532 τόδε
3452 4483 3665 4535 τοιάνδε
3704 4484 3795 4535 λα-

2229 4574 2369 4644 χέτω
2403 4571 2499 4642 τὴν
2524 4570 2733 4640 κλῆσιν,
2776 4569 2948 4631 οὕτως
2973 4572 3050 4632 είς
3086 4571 3406 4640 συνηγορίαν
3434 4572 3793 4641 προϐάλλεται

540 4665 832 4720 trocinium
852 4679 1070 4719 suarum
1095 4679 1359 4734 nugarum
1387 4663 1638 4734 proponit
1664 4665 1957 4719 motionem
1975 4666 2112 4718 illam

2225 4664 2330 4717 τῶν
2357 4662 2500 4716 ίδίων
2526 4662 2702 4732 λήρων
2728 4661 2824 4732 τὴν
2849 4663 3213 4734 ύποστατικὴν
3241 4664 3338 4733 τῆς
3370 4664 3600 4725 κτίσεως
3626 4667 3687 4718 ὲν
3725 4668 3794 4737 τις·

539 4774 661 4830 qua:
702 4764 786 4812 est
832 4758 887 4811 in
943 4756 1127 4809 divina
1181 4756 1457 4811 voluntate
1518 4770 1700 4811 rerum
1740 4757 2117 4823 conditricem,

541 4866 653 4922 prae
696 4849 865 4903 multa
895 4848 1192 4903 attentione
1226 4846 1635 4917 Scripturarum
1682 4857 1735 4902 et
1763 4850 2117 4918 experientia,

544 4958 719 5013 neque
763 4942 868 4996 hoc
926 4941 1126 5004 sciens,
1185 4941 1329 5010 quod
1377 4940 1685 4995 intellectus
1715 4940 1969 5010 impulsio
2015 4954 2120 4994 vox

542 5051 685 5104 saepe
712 5051 743 5089 a
789 5034 1069 5105 Scriptura
1118 5040 1309 5088 sancta
1346 5034 1678 5087 nominetur.
1725 5030 1901 5102 Atque
1956 5030 2119 5099 hujus

542 5126 700 5180 testis
731 5123 907 5179 Moses
942 5124 1080 5194 ipse,
1117 5137 1276 5192 quem
1319 5121 1520 5191 passim
1568 5121 1898 5190 detorquens
1926 5122 1979 5174 in
2019 5122 2120 5175 hac

543 5222 697 5282 parte
724 5215 1012 5285 ignoravit.
1047 5214 1182 5281 Quis
1223 5216 1365 5270 enim
1402 5215 1485 5269 vel
1509 5215 1777 5269 tantillum
1812 5214 1867 5269 in
1909 5215 2027 5284 ejus
2056 5215 2121 5268 li-

545 5307 768 5359 brorum
822 5306 1056 5362 lectione
1106 5313 1357 5362 versatus
1413 5308 1647 5376 ignorat,
1696 5305 1838 5376 quod
1890 5306 2121 5377 populus

544 5396 895 5464 lsraeliticus,
930 5398 1025 5469 qui
1070 5411 1243 5468 nuper
1281 5413 1349 5453 ex
1397 5396 1633 5469 [Egypto
1670 5397 1904 5469 fugerat,
1951 5397 2120 5469 Egy-

546 5488 784 5557 ptiorum
816 5489 1094 5544 incursum
1137 5488 1422 5545 confertim
1452 5490 1509 5543 in
1537 5489 1754 5547 deserto
1780 5490 2122 5545 vehementer

546 5579 835 5631 extimuit?
859 5577 995 5634 Cum
1019 5590 1199 5634 autem
1226 5579 1465 5650 undique
1491 5581 1677 5651 gravia
1706 5580 1840 5651 ipsis
1882 5581 2121 5652 pericula

544 5670 937 5741 ebjicerentur,
984 5670 1135 5725 illinc
1182 5672 1319 5726 mari
1367 5673 1657 5727 transitum
1711 5671 2035 5736 obvallante,
2091 5687 2121 5725 a

549 5765 701 5833 tergo
746 5760 995 5817 hostibus
1045 5760 1226 5834 fugam
1287 5762 1747 5835 impedientibus,
1798 5763 2117 5837 prophetam

2228 4754 2357 4825 θείῳ
2386 4753 2647 4824 θελήματι
2691 4754 2924 4824 κίνησιν,
2982 4756 3086 4807 ὑπὸ
3115 4755 3310 4826 πολλῆς
3363 4758 3644 4827 προσοχῆς
3697 4761 3798 4811 τῶν

2226 4844 2458 4917 Γραφῶν
2503 4845 2597 4897 καὶ
2649 4846 2940 4916 ἐμπειρίας
2987 4846 3107 4899 οὐδὲ
3151 4846 3308 4899 τοῦτο
3349 4846 3525 4911 εἰδὼς,
3565 4851 3649 4902 ὅτι
3712 4854 3799 4903 καὶ

2225 4939 2369 5010 ὁρμὴ
2422 4938 2657 5001 διανοίας
2713 4938 2863 5009 φωνὴ
2914 4939 3173 5003 πολλάκις
3223 4939 3375 5010 παρὰ
3422 4939 3521 5010 τῆς
3575 4942 3799 5013 Γραφῆς

2226 5029 2563 5101 ὀνομάζεται.
2616 5031 2723 5082 Καὶ
2760 5030 2948 5082 τούτου
2993 5032 3203 5101 μάρτυς
3235 5030 3471 5101 Μωῦσῆς
3518 5033 3717 5100 αὐτὸς,
3748 5035 3799 5086 ὃν

2224 5122 2463 5192 πολλαχῆ
2498 5121 2805 5192 περισύρων
2849 5122 2989 5174 κατὰ
3033 5123 3189 5174 τοῦτο
3224 5122 3283 5175 τὸ
3331 5122 3491 5194 μέρος
3544 5126 3795 5197 ἠγνόησε.

2225 5214 2318 5277 Τίς
2349 5213 2456 5284 γὰρ
2479 5214 2579 5266 οὑκ
2617 5207 2727 5265 οἶδε
2749 5212 2855 5265 τῶν
2883 5214 3127 5267 ὁπωσοῦν
3151 5215 3599 5286 καθομιληκότων
3630 5222 3699 5289 τῇ
3728 5220 3798 5289 βί-

2227 5307 2355 5377 ϐλῳ,
2382 5306 2463 5359 ὅτι
2489 5306 2908 5376 κατεπλάγησαν
2940 5306 3039 5376 μὲν
3069 5305 3278 5377 ἀθρόως
3301 5308 3360 5360 ὲν
3384 5311 3449 5377 τῇ
3474 5309 3674 5378 ἐρήμῳ
3701 5310 3797 5361 τῶν

2225 5397 2536 5465 Αἰγυπτίων
2565 5398 2664 5468 τὴν
2696 5397 2880 5467 ἔφοδον
2910 5400 2938 5451 ὁ
2991 5398 3330 5470 Ἰσραηλίτης
3361 5399 3516 5465 λαὸς,
3550 5399 3680 5470 ἄρτι
3709 5401 3796 5468 τὴν

2228 5491 2501 5558 Αἴγυπτον
2534 5488 2900 5561 ἀποδράντες;
2946 5488 3288 5560 Πανταχόθεν
3329 5490 3383 5543 δὲ
3424 5491 3795 5561 προσφερομέ-

2228 5600 2333 5636 νων
2365 5582 2547 5644 αύτοῖς
2578 5581 2687 5634 τῶν
2738 5581 2960 5646 δεινῶν,
2993 5580 3200 5635 ἐκεῖθεν
3242 5586 3341 5653 τῆς
3365 5582 3647 5653 θαλάσσης
3671 5584 3793 5636 ἀπο⁸

2228 5672 2568 5744 τειχιζούσης
2589 5672 2685 5743 τὴν
2716 5673 2967 5744 πάροδον,
3004 5673 3233 5727 κατόπιν
3270 5672 3377 5729 τῶν
3409 5674 3685 5746 πολεμίων
3706 5676 3792 5741 τὴν

2230 5765 2405 5838 φυγὴν
2434 5765 2769 5834 κωλυόντων,
2799 5766 3088 5832 συστάντες
3116 5766 3251 5839 πρὶς
3274 5767 3363 5821 τὸν
3392 5770 3678 5841 προφήτην
3704 5768 3792 5836 τῆς
