4006 6490
212 313 343 363 1001

1230 312 1512 369 CONTRA
1551 315 1958 389 EUNOMIUM,
1997 320 2128 375 LIB.
2170 319 2284 375 xu.

3286 315 3424 373 1002

201 431 513 503 ἀμηχανίας
559 430 758 501 ταύτης
787 433 987 484 ἐκεῖνον
1019 433 1335 502 ἐπῃτιῶντο.
1368 433 1473 485 Τοῦ
1499 433 1553 485 δὲ
1584 451 1759 504 παρα-

1883 436 2277 491 :ircumstantes
2312 440 2528 503 propter
2556 433 2710 487 illam
2739 434 3103 489 diliicultatem
3134 441 3187 487 et
3210 435 3424 491 consilii

205 523 544 593 μυθουμένω
567 523 690 585 τοὺς
716 522 1115 593 κατεπτηχότας
1142 522 1217 593 τῷ
1237 523 1403 593 φόϐῳ,
1422 524 1515 576 καὶ
1544 526 1619 586 είς
1636 542 1766 595 προ-

203 615 405 686 θυμίαν
438 614 972 685 παραθρασύνοντος,
1007 614 1211 682 γίνεται
1248 613 1427 667 θεόθεν
1461 618 1609 685 φωνὴ
1652 616 1764 668 όνο-
1802 654 1807 659 -

206 708 373 778 μαστὶ
400 706 491 759 τὸν
521 708 803 778 προφήτην
835 706 1299 777 προσκαλουμένη.
1346 706 1405 758 Τί
1437 705 1587 773 ,ϐοᾷς
1621 708 1767 774 πρὸς

199 799 319 869 μέ;
346 799 535 853 Καίτοι
565 816 628 865 γε
670 799 775 869 πρὸ
795 798 903 851 τῶν
934 798 1235 867 εἰρημένων
1270 798 1519 868 οὐδεμιᾶς
1556 800 1584 850 6
1612 798 1767 865 λόγος

206 890 575 961 ἐπιμέμνηται
604 890 877 953 Μωῦσέως
910 890 1111 960 φωνῆς,
1146 889 1258 943 ἀλλ’
1286 892 1317 959 ἡ
1349 889 1483 959 πρὸς
1521 889 1611 941 τὸν
1637 889 1768 941 Θεὸν

204 981 303 1035 τοῦ
354 981 633 1053 προφήτου
668 979 893 1044 διάνοια,
923 982 1069 1051 φωνή
1102 998 1186 1044 τις
1226 980 1510 1051 ὠνομάσθη
1541 980 1679 1033 κατὰ
1709 982 1769 1034 τὸ

206 1073 560 1143 σιωπώμενον
599 1074 656 1125 ἐν
712 1072 788 1141 τῷ
834 1072 1060 1142 κρυπτῷ
1109 1075 1206 1143 τῆς
1253 1071 1474 1141 καρδίας
1541 1073 1769 1141 νοήματι

206 1162 480 1233 βοωμένη.
524 1163 586 1216 Εἰ
632 1162 695 1233 δὴ
725 1164 960 1231 Μωῦσῆς
1137 1162 1210 1233 μὴ
1257 1161 1622 1230 φθεγγόμενος
1667 1161 1769 1213 ὑπὸ

211 1252 449 1324 μάρτυρι
478 1251 555 1321 τῷ
585 1250 691 1303 τῶν
733 1250 1016 1318 ἀλαλήτων.
1053 1248 1366 1318 στεναγμῶν
1414 1248 1649 1301 ἐπαΐοντι
1670 1286 1683 1306 ,
1718 1246 1769 1297 τί

207 1343 426 1406 καινὸν,
476 1345 524 1395 εἰ
565 1344 659 1396 καὶ
692 1343 753 1395 τὸ
778 1343 927 1395 Θεῖον
955 1341 1197 1412 βούλημα
1223 1339 1381 1408 γνοὺς
1418 1340 1447 1389 6
1492 1338 1770 1411 προφήτης

207 1436 288 1497 ὡς
317 1433 535 1487 δυνατὸν
576 1430 643 1504 ἦν
679 1434 848 1485 εἰπεῖν
871 1451 929 1485 τε
960 1432 1105 1503 αὑτῷ
1143 1433 1233 1483 καὶ
1256 1433 1383 1501 ἡμῖν
1406 1430 1653 1493 ἀκοῦσαι,
1684 1428 1772 1483 διὰ

208 1524 320 1576 τῶν
363 1524 652 1594 γνωρίμων
690 1525 819 1593 ἡμῖν
848 1523 939 1575 καὶ
969 1522 1211 1593 συνήθων
1245 1520 1549 1590 ἐψανέρωσε
1577 1520 1768 1587 λόγων,

207 1618 457 1684 διάλογον
485 1614 617 1669 Θεοῦ
643 1615 1089 1686 σωματικώτερον
1113 1612 1443 1683 διαγράφων,
1468 1612 1526 1663 οὑ
1564 1612 1770 1681 ῥήμασι

207 1706 499 1777 γινόμενον
522 1745 537 1769 ,
578 1706 711 1759 ἀλλὰ
750 1706 972 1761 διάητῶν
1011 1706 1184 1776 ἔργων
1222 1704 1399 1756 αὐτῶν
1427 1702 1771 1772 ἐκφωνούμε-

212 1813 337 1863 νονς
382 1798 485 1852 Ἑν
503 1798 657 1868 ἀρχῇ
677 1800 923 1865 ἐποίησε
941 1838 955 1862 ,
992 1799 1171 1868 φησὶν,
1205 1799 1238 1849 ὁ
1268 1794 1409 1860 Θεὸς
1434 1796 1493 1847 οὑ
1515 1795 1574 1847 τὸ
1600 1794 1767 1865 ὄνομα

212 1887 311 1940 τοῦ
361 1889 587 1961 οὑρανοῦ
626 1892 719 1944 καὶ
753 1892 849 1961 τῆς
880 1892 1003 1961 γῆς,
1041 1889 1171 1943 ἀλλὰ
1250 1891 1355 1940 τὸν
1393 1888 1648 1955 οὐρανὸν
1673 1887 1769 1940 καί

216 1979 333 2046 τὴν
354 1978 488 2049 γῆν.
513 1984 619 2037 Καὶ
642 1980 785 2049 εἷπε,
801 1978 1106 2049 Γενηθήτω
1133 1976 1276 2046 φῶς,
1300 1979 1417 2049 οὑχὶ
1440 1978 1773 2049 προσηγορία

217 2071 425 2140 φωτός.
448 2072 581 2125 ’Καὶ
625 2069 901 2139 διακρίνας
954 2070 1013 2123 τὸ
1068 2070 1181 2137 φῶς
1224 2070 1331 2123 ἀπὸ
1386 2070 1478 2123 τοῦ
1531 2071 1772 2133 σκότους,

212 2162 505 2223 ἐκάλεσε,
540 2164 722 2230 φησὶν,
765 2166 797 2216 ὀ
827 2163 969 2229 Θεὸς
1002 2162 1069 2216 τὸ
1104 2160 1227 2231 φῶς
1260 2161 1517 2231 ἡμέραν,
1569 2161 1664 2215 καὶ
1710 2161 1777 2215 τὸ

217 2255 440 2318 σκότος
469 2253 723 2308 ἐκάλεσε
746 2256 953 2309 νύκτα.

292 2345 511 2407 Τούτοις
545 2345 687 2408 εἰκός
716 2348 828 2397 ἐστι
869 2347 983 2407 τοὺς
1037 2345 1473 2413 ἐναντιουμένους
1504 2344 1633 2414 ἡμῖν
1661 2344 1778 2394 ἐπι-

223 2436 593 2507 στηρίζεσθαι.
625 2438 965 2507 Συστήσομαι
991 2436 1097 2506 γάρ
1136 2437 1275 2507 ὑπὲρ
1305 2437 1480 2489 αὑτῶν
1504 2434 1581 2504 τῷ
1603 2434 1743 2504 λόγῳ
1762 2475 1776 2498 ,

220 2530 318 2581 καὶ
347 2529 416 2581 τὰ
459 2528 758 2597 παρεθέντα
790 2529 916 2599 παρ’
950 2528 1169 2581 ἐκείνων
1201 2527 1506 2581 ἁνθυποίσω
1546 2529 1611 2597 τῇ
1648 2527 1778 2578 άκο-

219 2620 407 2689 λουθία
452 2621 545 2689 τῆς
580 2620 898 2685 ἐξετάσεως,
934 2619 1007 2682 ὡς
1051 2619 1114 2672 ἂν
1153 2619 1491 2690 ἰσχυρότερον
1530 2620 1659 2688 ἡμῖν
1690 2618 1779 2688 βε-

221 2710 476 2779 ϐαιωθείη
504 2710 563 2762 τὸ
581 2711 772 2780 δόγμα,
803 2710 1067 2780 μηδεμιᾶς
1090 2710 1407 2773 ἀντιθέσεως
1428 2708 1780 2773 άνεξετάστου

222 2800 702 2871 παραλειφθείσης.
746 2801 1023 2854 Ἑκάλεσε
1046 2841 1058 2863 ,
1090 2801 1273 2871 φησιν,
1312 2804 1343 2853 ὀ
1384 2799 1526 2864 Θεὸς
1554 2800 1619 2852 τὸ
1651 2812 1783 2852 στε-

213 2892 416 2962 ρέωμα
436 2893 711 2960 οὐρανὸν,
742 2892 838 2944 καὶ
868 2892 980 2959 τὴν
1000 2891 1188 2959 ξηρὰν
1213 2890 1467 2945 ἐκάλεσε
1494 2890 1608 2961 γῆν
1630 2908 1645 2923 ο
1680 2892 1779 2944 καὶ

223 2984 291 3036 τὸ
336 2983 462 3053 φῶς
502 2985 746 3053 ἡμέραν,
791 2970 887 3038 καὶ
937 2984 1001 3037 τὸ
1018 2986 1236 3051 σκότος
1278 2986 1530 3039 ἐκάλεσε
1574 2988 1782 3039 νύκτα.

1868 524 2125 594 in0piam,
2183 524 2334 577 illum
2372 523 2713 577 incusabant.
2755 522 2872 593 Ipse
2904 538 3030 576 vero
3059 537 3181 577 cum
3227 524 3426 577 attoni-

1868 624 1953 671 tos
1990 623 2043 671 et
2081 622 2226 669 metu
2258 614 2538 684 perculsos
2564 614 2962 675 consolaretur,
2996 622 3049 669 et
3083 614 3149 667 ad
3176 614 3429 668 alacrita--

1868 716 1976 760 tem
2010 705 2173 759 animi
2203 714 2255 759 et
2286 702 2539 758 ﬁduciam
2569 706 2965 768 exhortaretur,
3002 720 3033 758 a
3068 704 3176 759 Deo
3229 706 3283 757 fit
3329 718 3427 757 vox

1870 796 2190 851 nominatim
2237 798 2553 868 prapln-tam
2598 797 2914 865 appellans:
2954 794 3090 860 Quid
3134 798 3332 848 clamas
3364 795 3429 847 ad

1870 907 1948 943 me
1968 890 2012 921 "
2032 890 2053 943 ?
2074 890 2236 959 Atqui
2268 897 2425 942 antea
2456 888 2657 942 nullius
2680 887 2826 941 vocis
2850 901 3009 957 quam
3049 884 3223 941 Moses
3251 895 3435 955 protu-

1870 981 2043 1045 lisset,
2076 979 2370 1049 Scriptura:
2405 994 2583 1035 sermo
2613 978 2940 1032 mentionem
2989 976 3117 1032 fecit
3145 995 3158 1031 :
3216 977 3309 1032 sed
3343 990 3435 1031 co-

1868 1072 2054 1141 gitatio
2120 1086 2280 1140 quam
2344 1071 2601 1140 propheta
2653 1070 2717 1122 ad
2780 1067 2945 1122 Deum
3000 1076 3273 1131 erexerat,
3332 1083 3434 1123 vox

1868 1160 2113 1231 quaadam
2148 1160 2421 1215 nominata
2453 1170 2557 1225 est,
2584 1175 2678 1228 per
2710 1158 2979 1212 silentium
3014 1158 3069 1212 in
3122 1158 3438 1213 abscondito

1874 1252 2054 1307 cordis
2086 1267 2248 1316 sensu
2277 1252 2537 1306 clamans.
2581 1252 2733 1316 Quod
2781 1252 2827 1306 si
2861 1250 3035 1307 Moses
3078 1252 3277 1305 clamat
3328 1264 3437 1306 non

1870 1342 2117 1410 loquens,
2144 1356 2207 1397 eo
2238 1349 2372 1395 teste
2400 1342 2491 1411 qui
2528 1342 2760 1411 gemitus
2780 1342 2928 1395 audit
2947 1340 3336 1396 inenarrabiles
3356 1342 3435 1406 “;

1877 1432 2008 1501 quid
2040 1432 2186 1494 novi,
2227 1435 2272 1487 si
2315 1432 2475 1487 etiam
2503 1433 2759 1502 propheta
2803 1449 2925 1493 cum
2961 1433 3197 1487 divinam
3240 1434 3433 1490 volun-

1871 1533 2036 1579 tatem
2080 1526 2344 1589 novisset,
2384 1534 2646 1595 quantum
2676 1525 2756 1579 fas
2782 1525 2829 1579 ei
2869 1526 2967 1579 fuit
3006 1527 3127 1581 etei
3160 1526 3341 1580 dicere
3384 1534 3440 1581 et.

1871 1618 2028 1671 nobis
2062 1617 2269 1682 audire,
2311 1618 2656 1672 sermonibus
2689 1617 2846 1671 nobis
2896 1616 3038 1671 uotis
3066 1624 3121 1670 et
3163 1617 3443 1673 consuetis

1875 1707 2146 1777 patefecit,
2181 1708 2451 1779 dialogum
2472 1708 2564 1763 Dei
2599 1708 2934 1779 corporalius
2960 1708 3299 1775 describens,
3331 1725 3438 1763 non

1872 1800 2049 1853 verbis
2078 1798 2300 1862 factum,
2342 1799 2435 1854 sed
2476 1816 2568 1869 per
2596 1816 2756 1868 opera
2801 1799 2913 1869 ipsa
2957 1800 3348 1854 enuntiatum?
3379 1798 3441 1854 In

1871 1891 2148 1959 principio,
2178 1891 2352 1958 inquit
2383 1891 2449 1956 ⁸⁷,
2483 1890 2603 1958 fecit
2639 1889 2796 1948 Deus.
2830 1905 2937 1943 non
2978 1905 3175 1944 nomen
3218 1889 3341 1944 mali
3391 1898 3445 1944 et

1876 1990 2050 2043 terrai,
2076 1982 2167 2035 sed
2191 1983 2371 2035 malum
2399 1992 2447 2035 et
2476 1990 2687 2035 terram.
2739 1978 2805 2032 Et
2838 1980 3006 2034 dixit:
3036 1978 3161 2033 Fiat
3196 1982 3305 2043 lux,
3337 1995 3444 2035 non

1875 2075 2161 2144 appellatio
2197 2075 2352 2127 locis.
2424 2073 2511 2140 Et,
2554 2073 2870 2128 discernens
2907 2074 3079 2127 lucem
3111 2089 3138 2126 a
3189 2074 3447 2136 tenebris,

1876 2170 2093 2228 vocavit,
2134 2166 2328 2235 inquit,
2373 2165 2507 2220 Deus
2556 2166 2721 2219 lucem
2766 2165 2922 2231 diem,
2969 2176 3021 2219 et
3075 2166 3308 2219 tenebras
3349 2183 3446 2221 no-

1877 2268 2025 2309 clem.

1950 2345 2045 2401 liis
2084 2346 2375 2401 verisimile
2431 2356 2513 2401 est
2572 2346 2913 2404 adversarios
2979 2356 3198 2403 nostros
3270 2347 3438 2402 inniti.

1882 2439 2166 2494 Assentiar
2193 2440 2334 2494 enim
2366 2454 2464 2509 pro
2497 2440 2628 2510 ipsis
2663 2442 2924 2506 sermoni,
2963 2451 3016 2497 et
3047 2442 3114 2494 ab
3144 2442 3250 2496 illis
3277 2441 3447 2511 posita

1884 2536 2168 2599 postquam
2209 2532 2510 2585 examinata
2554 2531 2775 2597 fuerint,
2803 2530 3163 2593 subinfcram,
3208 2539 3263 2584 ut
3314 2530 3448 2584 vali—

1883 2620 2005 2676 dius
2054 2623 2210 2676 nobis
2247 2622 2623 2677 confirmatum
2682 2625 2752 2678 sit
2787 2624 3018 2694 dogma,
3082 2623 3226 2678 nulla
3281 2637 3450 2695 oppo-

1886 2713 2079 2768 sitione
2110 2714 2416 2769 indiscussa
2446 2716 2654 2771 relicta.
2693 2715 2926 2779 Vocavit,
2951 2716 3143 2785 inquit,
3178 2714 3313 2768 Deus
3353 2715 3449 2782 [ir-

1886 2812 2201 2855 mamentum
2261 2803 2466 2866 acetum,
2512 2814 2559 2858 et
2604 2803 2815 2857 aridam
2870 2806 3066 2859 vocavit
3129 2815 3346 2862 terram.
3396 2814 3444 2858 et

1888 2895 2052 2948 lucem
2079 2894 2235 2960 diem,
2282 2905 2331 2949 et
2375 2898 2609 2950 tenebras
2667 2897 2866 2951 vocavit
2910 2907 3132 2951 noctem.
3168 2894 3449 2961 Quomodo

1890 2988 2072 3054 igitur,
2100 2985 2301 3050 dicent,
2335 2985 2614 3053 Scriptura
2642 2990 2930 3043 conlitente
2963 3004 2993 3042 a
3034 2987 3142 3042 Deo
3176 2988 3259 3042 his
3291 2987 3449 3042 rebus

221 3074 349 3137 Πῶς
385 3070 476 3126 οὖν
503 3074 708 3142 ἐροῦσι,
738 3074 835 3143 τῆς
873 3075 1088 3145 Γραφῆς
1124 3075 1486 3147 ὁμολογούσης
1520 3078 1667 3147 παρὰ
1692 3076 1780 3129 τοῦ

1891 3078 2085 3131 inditas
2118 3094 2239 3132 esse
2269 3080 2654 3148 appellationes
2676 3121 2689 3141 .
2745 3096 2839 3135 vos
2867 3080 3113 3144 humanae
3172 3094 3447 3135 commen-

219 3166 360 3219 Θεοῦ
398 3165 667 3219 τεθεῖσθαι
715 3165 920 3227 τούτοις
954 3166 1050 3229 τάς
1082 3166 1297 3236 κλήσεις
1327 3206 1342 3228 ,
1380 3167 1533 3236 ὑμεῖς
1572 3169 1780 3237 ἀνθρω-

224 3260 386 3329 πίνης
414 3259 649 3321 ἐπινοίας
680 3254 812 3310 εἶναί
851 3275 984 3327 φατε
1017 3258 1083 3310 τὰ
1116 3258 1386 3328 ὀνόματα;
1424 3258 1487 3311 Τί
1527 3254 1618 3311 οὑν
1652 3261 1783 3330 πρὸς

224 3350 396 3403 ταῦτα
423 3352 614 3421 ἡμείς;
646 3349 811 3402 Πάλιν
859 3350 950 3400 ἐπὶ
984 3348 1072 3401 τὸν
1117 3347 1328 3418 ἰδιώτην
1372 3350 1784 3420 καταφεύγομεν

220 3441 403 3508 λόγον,
446 3440 537 3493 καί
580 3456 755 3509 φαμεν
789 3440 869 3491 ὅτι
894 3440 922 3491 6
948 3442 1126 3493 πᾶσαν
1156 3440 1253 3509 τὴν
1290 3440 1463 3492 κτίσιν
1502 3442 1564 3493 ἐκ
1589 3439 1680 3492 τοῦ
1712 3440 1784 3509 μὴ

222 3534 379 3595 δντος
411 3530 633 3600 ἀγαγὼν
666 3535 743 3595 εἰς
771 3532 973 3595 οὐσίαν,
1019 3532 1353 3603 πραγμάτων
1392 3531 1507 3583 ἐστὶ
1535 3533 1787 3602 δημιουρ-

222 3628 344 3695 γὸς,
381 3627 436 3678 ἐν
466 3625 755 3678 ὑποστάσει
785 3626 1183 3697 θεωρουμένων,
1217 3625 1316 3676 οὑκ
1347 3624 1623 3694 ὀνομάτων
1657 3626 1783 3677 ἀνυ-

228 3718 533 3780 ποστάτων,
567 3719 623 3770 ἐν
648 3716 828 3787 φωνῆς
850 3717 965 3786 ῆχῳ
985 3716 1076 3769 καὶ
1100 3714 1255 3784 ψόφῳ
1277 3712 1515 3782 γλώττης
1541 3730 1785 3764 συνιστα-

230 3810 409 3882 μένων
433 3826 447 3839 °
474 3810 543 3863 τὰ
557 3810 613 3863 δὲ
634 3809 931 3882 πράγματα
953 3806 1091 3860 κατὰ
1106 3806 1204 3877 τὴν
1222 3809 1371 3873 ἐγκει
1380 3806 1542 3875 μένην
1574 3802 1786 3872 ἑκάστῳ

224 3902 391 3973 φύσιν
416 3904 507 3955 καὶ
540 3901 765 3968 δύναμιν
792 3901 879 3954 διά
916 3917 1060 3961 τινος
1100 3896 1438 3969 σημαπικῆς
1467 3895 1647 3964 φωνῆς
1673 3893 1788 3946 ὀνο-

232 3995 484 4066 μάζεται,
521 3993 661 4047 κατὰ
687 3994 785 4062 τὴν
816 3990 1274 4064 ἐπιχωριάζουσαν
1308 3990 1365 4040 ἐν
1402 3988 1614 4053 ἑκάστῳ
1646 3985 1787 4038 ἔθνει

232 4085 521 4158 συνήθειαν
554 4086 651 4156 τῆς
684 4084 1046 4157 προσηγορίας
1068 4086 1178 4146 τοῖς
1207 4080 1585 4151 ὑποκειμένοις
1616 4079 1789 4148 ἁρμο-

231 4180 483 4252 ζομένης.
538 4180 674 4232 Ἀλλ’
704 4178 887 4248 ἐπειδὴ
926 4178 993 4231 τὰ
1044 4174 1211 4229 πολλὰ
1258 4173 1366 4227 τῶν
1404 4175 1461 4226 ἐν
1499 4175 1565 4244 τῇ
1616 4170 1789 4225 κτίσει

231 4271 639 4343 θεωρουμένων,
673 4270 769 4341 οὑχ
799 4269 969 4339 ἁπλῆν
995 4267 1105 4338 ἔχει
1142 4268 1240 4337 τὴν
1276 4265 1457 4336 φύσιν,
1481 4264 1554 4327 ὡς
1585 4264 1789 4334 ῥήματι

231 4363 472 4426 δυνατῶς
504 4362 643 4432 ἔχειν
671 4359 1137 4432 ἐμπεριληφθῆναι
1169 4360 1229 4411 τὸ
1268 4356 1641 4427 ὑποκείμενον,
1670 4348 1788 4406 οἷον

1891 3168 2111 3221 tatiouis
2143 3184 2264 3223 esse
2308 3169 2487 3225 dicitis
2520 3170 2779 3225 nomina?
2830 3168 2967 3236 Quid
3024 3170 3185 3240 igitur
3225 3184 3322 3223 nos
3379 3170 3446 3224 ad

1890 3259 2041 3312 haec?
2075 3258 2285 3316 Rursus
2325 3260 2393 3313 ad
2444 3271 2690 3315 nostrum
2750 3261 3045 3331 simplicem
3104 3260 3447 3332 confugimus

1893 3367 2222 3413 sermonem,
2262 3364 2314 3405 et
2347 3351 2581 3406 dicimus
2612 3352 2757 3422 quod
2788 3354 2833 3407 is
2857 3353 2949 3423 qui
2983 3367 3195 3407 omnem
3236 3361 3449 3409 creatu-

1894 3466 2008 3502 ram
2043 3466 2106 3505 ex
2140 3449 2311 3502 nihilo
2340 3449 2617 3515 produxit,
2648 3464 2827 3503 rerum
2862 3458 2945 3502 est
3002 3449 3182 3520 opifex
3229 3457 3282 3504 et
3314 3462 3447 3502 con-

1892 3541 2036 3594 ditor
2067 3556 2188 3609 qua:
2227 3540 2282 3594 in
2330 3540 2635 3595 substantia
2664 3548 2980 3600 cernuntur.
3024 3556 3130 3595 non
3171 3542 3446 3596 nominum

1891 3648 2012 3703 quae
2049 3632 2346 3687 subsistere
2385 3642 2692 3702 nequeunt,
2724 3647 2950 3702 qumque
2980 3634 3032 3687 in
3062 3634 3211 3687 vocis
3238 3648 3374 3688 sono
3398 3640 3451 3688 et

1894 3723 2088 3792 lingua:
2119 3720 2344 3791 strepitu
2372 3721 2545 3775 solum
2593 3721 2941 3786 consistunt;
2986 3735 3071 3775 res
3127 3727 3306 3773 autem
3366 3734 3448 3773 se-

1892 3813 2132 3869 cundum
2166 3818 2417 3865 naturam
2452 3819 2505 3866 et
2546 3812 2651 3864 vim
2685 3812 2879 3881 cuique
2924 3810 3149 3865 inditam
3180 3809 3451 3880 significa-

1893 3906 2002 3958 tiva
2038 3918 2167 3958 voce
2197 3903 2378 3972 aliqua
2434 3902 2802 3965 nominantur,
2857 3901 3152 3957 secundum
3193 3901 3447 3957 usitatam

1898 3997 1950 4050 in
1977 4009 2191 4065 quaque
2217 4002 2375 4066 gente
2399 3993 2843 4049 consuetudinem
2898 3994 3258 4064 appellatione
3312 3992 3446 4049 sub-

1889 4088 2049 4157 jectis
2079 4093 2429 4158 congruente.
2465 4084 2567 4139 Sed
2633 4085 2883 4154 quoniam
2946 4086 3110 4138 umlta
3174 4094 3301 4140 sunt
3332 4100 3450 4155 quae

1895 4189 2071 4234 creata
2107 4186 2421 4239 cernuntur,
2451 4192 2569 4247 qua:
2599 4177 2897 4245 simplicem
2932 4192 3036 4230 non
3071 4177 3267 4232 habent
3296 4188 3450 4231 natu-

1896 4284 2034 4331 ram,
2069 4270 2143 4321 ita
2182 4276 2239 4322 ut
2280 4281 2389 4321 uno
2418 4267 2584 4321 verbo
2635 4265 2937 4335 subjectum
2975 4267 3145 4335 possit
3201 4282 3449 4337 compre-

1897 4360 2094 4414 hendi:
2130 4356 2271 4411 velut
2299 4360 2352 4412 in
2391 4360 2534 4429 igne,
2567 4357 2711 4411 aliud
2738 4358 2954 4428 quidem
2986 4368 3071 4412 est
3115 4366 3313 4413 natura
3364 4375 3452 4416 res

234 4458 327 4509 ἐπὶ
355 4456 449 4509 τοῦ
483 4457 651 4526 πυρὸς
680 4455 804 4509 ἄλλο
831 4454 925 4525 μὲν
954 4454 1067 4506 ἐστι
1095 4455 1158 4523 τῇ
1180 4453 1337 4521 φύσει
1356 4450 1415 4505 τὸ
1440 4448 1780 4518 ὑποκείμενον

1892 4452 2155 4522 subjecta,
2189 4448 2334 4503 aliud
2370 4466 2498 4505 vero
2531 4464 2727 4504 nomen
2756 4450 2832 4502 rei
2866 4450 3317 4519 significativum:
3347 4450 3451 4507 hoc

237 4550 503 4620 πρᾶγμα,
547 4549 731 4618 ἓτερον
762 4547 817 4601 δὲ
866 4547 927 4599 τὸ
976 4546 1300 4616 σημαντικὸν
1342 4544 1433 4597 τοῦ
1466 4543 1784 4613 πράγματος

235 4640 431 4709 δνομαο
458 4639 518 4691 τὸ
538 4638 638 4709 μὲν
663 4638 769 4709 γάρ
789 4640 931 4691 ἐστιν
954 4637 1339 4711 ἐκλαμπτικδν,
1363 4637 1451 4689 καὶ
1479 4634 1784 4697 καυστικδν,

240 4730 400 4801 ξηρόν
436 4747 495 4782 τε
529 4730 621 4783 καὶ
660 4729 1033 4800 θερμαντικὸν,
1061 4731 1151 4781 καὶ
1182 4728 1507 4781 άναλωτικὸν
1535 4727 1632 4796 τῆς
1658 4726 1788 4796 ὑλης

244 4820 310 4897 ἦς
336 4822 401 4875 ἂν
429 4821 842 4892 περιδράξηται·
889 4823 950 4874 τὸ
970 4821 1031 4874 δὲ
1066 4822 1231 4891 ὄνομα
1268 4822 1415 4890 φωνή
1448 4836 1529 4881 τις
1565 4818 1787 4887 βραχεῖα

240 4915 325 4966 διὰ
373 4916 501 4983 μιᾶς
545 4913 805 4983 συλλαϐῆς
849 4914 1254 4983 ἐκφωνούμένη·
1308 4909 1497 4963 τούτου
1532 4910 1714 4961 ἕνεκεν
1758 4910 1786 4961 6

244 5005 459 5075 διαιρῶν
492 5006 645 5073 λόγος
665 5006 762 5068 τάς
790 5007 845 5057 ἐν
865 5004 943 5074 τῷ
975 5004 1104 5074 πυρὶ
1134 5000 1503 5074 θεωρουμένας
1534 5002 1787 5071 δυνάμεις

248 5114 297 5149 τε
338 5097 429 5149 καὶ
463 5096 744 5167 ποιότητας
773 5095 1007 5166 ἑκάστην
1039 5095 1180 5157 ἰδίως
1210 5092 1585 5163 κατονομάζει,
1610 5092 1791 5156 καθὼς

244 5188 541 5257 φθάσαντες
572 5189 793 5259 εἴπομεν
833 5189 923 5241 καὶ
954 5189 1051 5240 οὑκ
1080 5186 1143 5240 ἄν
1175 5204 1258 5250 τις
1287 5186 1455 5255 ὄνομα
1484 5186 1641 5256 μόνον
1672 5187 1793 5239 ἐπι-

243 5281 531 5353 6ε6λῆσθαι
581 5281 656 5352 τῷ
720 5281 851 5352 πυρὶ
898 5280 1037 5332 εἴποι
1068 5318 1083 5341 ,
1139 5279 1264 5332 ὅταν
1313 5294 1397 5341 τις
1445 5276 1477 5347 ἢ
1527 5276 1713 5345 φανὸν,
1758 5279 1790 5348 ἢ

243 5373 590 5434 ἀναλωτικὸν,
625 5373 657 5443 ἦ
692 5372 817 5427 ἄλλο
870 5389 921 5423 τι
950 5370 1057 5423 τῶν
1086 5369 1212 5439 περὶ
1247 5367 1377 5421 αὑτὸ
1406 5367 1791 5437 θεωρουμένων

244 5464 590 5537 κατονομάσῃ
610 5481 623 5495 ο
648 5463 754 5516 τῶν
786 5462 894 5534 γάρ
934 5463 991 5515 ἐν
1021 5460 1167 5531 αὐτῷ
1201 5458 1440 5529 φυσικῶς
1468 5459 1796 5529 ἐγκειμένων

245 5555 543 5621 δυνάμεων,
574 5554 896 5627 σημαντικαί
918 5555 1053 5608 εἰσιν
1078 5557 1132 5607 αἱ
1157 5553 1395 5608 τοιαῦται
1423 5552 1612 5622 φωναί.
1642 5552 1795 5605 Κατὰ

320 5733 364 5763 ⁸³
397 5728 564 5785 Exod.
601 5745 706 5793 xiv,
738 5730 824 5783 lii.
900 5729 944 5759 “
969 5728 1127 5784 Rom.
1161 5745 1278 5784 vui.
1313 5727 1400 5783 26.
1478 5728 1523 5759 "
1552 5726 1688 5785 Gen.
1724 5742 1760 5793 ι,
1791 5725 1840 5790 ἰ,
1870 5740 1986 5795 sqq.

574 5823 841 5882 Pauor.
868 5821 983 5883 Gn.
1026 5822 1209 5883 XLV.

1885 4542 2028 4598 enim
2073 4542 2308 4610 estquid
2339 4540 2576 4595 lucidum
2622 4549 2675 4596 et
2716 4543 2855 4611 quod
2880 4542 3070 4597 urendi
3115 4544 3222 4598 vim
3271 4545 3451 4612 habet,

1888 4635 2095 4688 siccum
2119 4640 2172 4687 et
2209 4630 2549 4696 calefaciens,
2578 4643 2631 4687 et
2657 4633 2802 4700 quod
2846 4635 3121 4688 materiam
3164 4651 3323 4707 quam
3361 4651 3452 4705 ap-

1888 4724 2237 4795 prehenderit-
2280 4724 2589 4778 consumit:
2644 4740 2838 4778 nomen
2887 4742 3014 4782 vero
3058 4742 3161 4781 vox
3206 4728 3449 4797 quaedam

1890 4818 2069 4872 brevis
2109 4824 2212 4877 est,
2261 4831 2380 4886 quae
2440 4831 2547 4869 una
2599 4817 2803 4886 syllaba
2862 4817 3173 4871 enuntiatur
3221 4834 3234 4869 :
3290 4816 3450 4886 hujus

1892 4923 2057 4963 causa
2091 4923 2269 4963 sermo
2305 4908 2398 4977 qui
2441 4907 2629 4959 dividit
2668 4922 2827 4962 voces
2858 4916 2911 4962 et
2951 4908 3285 4978 :equalitates
3329 4923 3447 4977 quae

1890 4999 1946 5053 in
1980 4999 2100 5069 igne
2128 5006 2443 5061 cernuntur,
2470 5014 2903 5069 unamquamque
2924 4998 3136 5068 proprie
3168 4998 3437 5059 nominat,

1891 5090 2031 5144 sicut
2063 5088 2427 5158 prtediximus,
2466 5105 2563 5143 nec
2590 5091 2873 5160 quisquam
2910 5102 3103 5143 nomen
3137 5088 3310 5143 solum
3338 5089 3446 5160 igni

1893 5180 2199 5249 impositum
2232 5195 2353 5235 esse
2380 5179 2593 5244 dixerit,
2624 5196 2743 5233 cum
2780 5179 2902 5247 quis
2949 5178 3029 5233 vel
3074 5178 3333 5245 lucidum,
3364 5183 3446 5235 vel

1897 5272 2380 5342 consumptorium,
2413 5272 2495 5326 vel
2526 5271 2670 5324 aliud
2699 5270 2828 5340 quid
2866 5285 3051 5326 eorum
3078 5285 3199 5341 qua:
3240 5270 3295 5324 in
3332 5272 3447 5342 ipso

1894 5375 2225 5436 spectantur,
2264 5366 2657 5420 nominaverit:
2694 5362 3005 5417 facultatum
3036 5364 3177 5420 enim
3224 5379 3343 5435 quae
3393 5365 3445 5418 in

1896 5460 2015 5529 ipso
2068 5461 2386 5514 naturaliter
2450 5459 2636 5513 insunt
2693 5456 3061 5526 signiﬁcativa:
3132 5466 3260 5513 sunt
3315 5456 3446 5511 tales

1898 5566 2075 5607 voces.
2110 5550 2307 5606 Eodem
2334 5549 2491 5604 modo
2520 5558 2571 5603 et
2596 5549 2648 5605 in
2678 5548 2837 5615 cmlo,
2866 5558 2920 5604 et
2978 5549 3033 5605 in
3088 5548 3443 5615 ﬁrmamento,

3045 5814 3123 5874 32
