4006 6482
600 314 738 374 1003

1814 322 1869 377 S.
1898 320 2221 379 GREGORH
2247 318 2538 380 NYSSENI

3678 328 3823 389 10(ιέ

597 432 845 502 quamvis
861 446 965 486 una
990 440 1187 487 natura
1212 431 1266 487 in
1294 444 1523 505 utroque
1546 438 1760 493 nomine
1790 440 2146 511 signiﬁcetur,

2264 441 2338 495 εδν
2365 442 2524 495 αὑτὸν
2556 441 2755 512 τρόπον
2787 442 2878 495 καὶ
2906 442 2997 494 ἐπὶ
3027 440 3118 495 τοῦ
3148 442 3378 512 οὐρανοῦ
3406 484 3420 506 ,
3452 446 3545 497 καὶ
3578 445 3669 497 τοῦ
3704 465 3824 501 στε-

595 532 775 579 tamen
800 525 1078 594 proprium
1121 526 1374 595 quiddam
1410 543 1598 583 eorum
1625 545 1743 600 quae
1780 532 1833 585 in
1867 533 1966 587 hac
2003 547 2155 587 crea-

596 630 715 673 tura
752 617 902 680 ﬁunt,
955 617 1234 672 nominum
1293 618 1594 676 differentia
1638 624 1909 693 exprimit.
1978 623 2156 689 Quare
2208 622 2219 633 ’

596 724 697 765 nos
720 710 787 764 ad
817 710 917 765 hoc
949 709 1241 774 intuentes,
1274 713 1420 767 aliud
1449 714 1577 783 quid
1610 714 1871 771 discimus
1906 716 2029 771 coeli
2059 731 2151 785 ap-

595 801 905 871 pellatione,
942 802 1088 856 aliud
1130 818 1257 858 vero
1310 802 1650 859 ﬁrmamenti.
1674 805 1808 860 Cum
1846 808 1991 862 enim
2035 826 2165 883 seu;

596 893 774 949 sibilis
829 901 1089 949 creaturae
1116 896 1405 950 terminum
1454 896 1716 953 describit
1773 914 1972 964 sermo,
2034 910 2156 971 post

596 999 759 1054 quam
790 984 1648 1056 intelligibilisettransmundana
1677 999 1928 1045 creatura
1960 1007 2153 1047 succeo

598 1076 733 1133 dens
793 1078 1014 1141 desinit,
1063 1080 1465 1148 comparatione
1508 1081 1627 1150 ejus
1670 1082 1816 1152 quod
1856 1086 2003 1153 tangi
2048 1101 2153 1139 non

599 1178 775 1239 potest
805 1172 1251 1241 etincorporeum
1273 1182 1356 1227 est
1376 1182 1430 1228 et
1456 1172 1627 1229 forma
1656 1186 1827 1237 caret,
1857 1175 2158 1233 ﬁrmamen-

598 1270 713 1315 tum
742 1261 961 1329 dicitur,
1020 1264 1344 1333 principium
1367 1274 1422 1319 et
1482 1264 1602 1319 ﬁnis
1633 1267 1811 1322 omnis
1861 1267 2156 1322 materialis

599 1354 933 1409 substantiae.
965 1353 1099 1409 Cum
1125 1362 1302 1411 autem
1355 1355 1671 1411 inferiorum
1716 1373 2004 1428 corporum
2040 1374 2154 1413 am-

598 1444 764 1499 bitum
791 1445 1148 1514 exquirimus,
1180 1461 1289 1516 quo
1316 1448 1493 1502 omnis
1526 1450 1822 1504 materialis
1849 1453 2158 1505 continetur

598 1544 812 1599 natura,
846 1535 947 1590 hoc
975 1537 1170 1591 caelum
1197 1537 1530 1606 appellamus
1558 1539 1699 1607 quod
1719 1540 2013 1596 visibilium
2043 1558 2159 1596 om-

598 1627 748 1681 nium
812 1629 1077 1697 terminus
1102 1628 1353 1683 eﬂicitur.
1397 1630 1596 1684 Eodem
1646 1631 1805 1685 modo
1836 1640 1889 1687 et
1924 1634 1975 1686 in
2016 1642 2157 1687 terra

600 1720 770 1788 arida,
800 1723 1055 1791 quoniam
1094 1723 1147 1777 in
1182 1724 1293 1777 haec
1317 1724 1425 1778 duo
1450 1724 1712 1778 elementa
1749 1726 2000 1781 deorsum
2032 1742 2154 1781 ver-

600 1814 698 1884 git,
733 1820 786 1867 et
822 1816 1001 1884 gravis
1034 1825 1222 1869 natura
1252 1816 1541 1871 distributa
1580 1826 1684 1883 est,
1718 1826 1915 1872 terram
1947 1820 2071 1873 dico
2102 1827 2155 1874 et

599 1921 789 1977 aquas,
820 1906 933 1961 haec
958 1907 1173 1975 quidem
1210 1906 1373 1962 arida:
1397 1910 1683 1979 appellatio
1714 1909 2001 1981 distinguit
2033 1926 2161 1981 quo.

599 1995 886 2050 damtnodo
926 1996 993 2050 ab
1030 2012 1092 2050 ea
1126 1997 1384 2065 qualitate
1428 2013 1547 2066 quae
1591 2013 1654 2051 ex
1686 1998 1911 2052 adverso
1942 1998 2044 2067 ipsi
2078 2014 2161 2053 re-

599 2086 856 2157 spondet;
880 2088 1218 2156 oppositione
1251 2088 1392 2141 enim
1423 2088 1486 2140 ad
1520 2087 1570 2140 id
1596 2088 1737 2157 quod
1767 2100 1851 2142 est
1882 2088 2159 2141 humidum

600 2180 752 2233 arida
776 2180 1153 2248 cognominata
1184 2189 1287 2244 est,
1309 2194 1429 2232 cum
1483 2180 1667 2233 divino
1694 2179 1945 2233 mandato
1968 2195 2159 2249 aquam

602 2267 988 2325 circumfusam
1016 2286 1220 2325 exuens
1253 2271 1306 2324 in
1337 2272 1551 2341 propria
1578 2270 1838 2339 qualitate
1890 2272 2158 2342 apparuit.

598 2358 804 2414 Nomen
854 2369 1031 2415 autem
1082 2369 1237 2415 terra:
1287 2377 1394 2414 non
1441 2360 1673 2430 amplius
1722 2360 1881 2415 unius
1932 2360 2162 2429 alicujus

600 2466 786 2505 earum
810 2452 1125 2521 qualitatum
1155 2467 1276 2521 quae
1317 2453 1369 2505 in
1406 2453 1520 2521 ipsa
1551 2459 1699 2515 sunt,
1741 2450 2154 2521 signiﬁcantiam

601 2536 968 2601 demonstrat,
1016 2538 1110 2594 sed
1156 2554 1253 2608 per
1295 2540 1401 2593 vim
1437 2539 1846 2609 significativam
1883 2556 2003 2609 qua:
2036 2541 2162 2594 huic

600 2627 826 2682 dictioni
860 2629 1020 2691 inest,
1055 2644 1214 2683 omne
1241 2629 1637 2698 complectitur,
1670 2627 1810 2698 quod
1841 2627 1894 2681 in
1933 2627 2037 2683 hoc
2056 2630 2164 2683 ele-

602 2726 784 2774 mento
808 2718 1159 2791 intelligitur,
1201 2728 1259 2773 ut
1286 2720 1428 2789 quod
1458 2720 1676 2785 durum,
1712 2722 1855 2792 quod
1907 2722 2160 2781 densum,

601 2810 745 2879 quod
778 2824 960 2880 grave,
993 2812 1136 2880 quod
1177 2812 1405 2875 resistit,
1461 2813 1605 2883 quod
1656 2814 1723 2867 ad
1770 2829 1985 2869 omnem
2046 2812 2163 2867 fru-

600 2910 784 2957 ctuum
819 2911 873 2957 et
894 2903 1206 2957 animalium
1236 2905 1591 2959 nutritionem
1640 2914 1824 2975 aptum
1857 2916 1962 2961 est.
2000 2905 2165 2975 Igitur

599 3009 709 3050 non
740 3010 770 3048 a
798 3010 1045 3052 sermone
1092 2998 1469 3067 cognominata
1515 3007 1599 3054 est
1653 3000 1826 3061 arida,
1861 3008 1919 3053 ut
1951 3000 2021 3053 sit
2050 2999 2150 3053 hoc

600 3097 935 3158 postremum
984 3089 1034 3144 ei
1062 3104 1258 3145 nomen
1293 3092 1543 3151 inditum.
1578 3090 1694 3147 Non
1745 3093 1889 3147 enim
1916 3092 2164 3162 deposuit

604 3196 699 3252 per
722 3180 1021 3237 secundum
1082 3197 1276 3236 nomen
1307 3190 1364 3237 ut
1389 3182 1540 3237 arida
1590 3187 1660 3239 sit
1693 3193 1745 3239 et
1769 3184 2004 3251 dicatur,
2039 3186 2157 3247 sed,

605 3284 850 3332 manente
876 3276 1232 3346 appellatione
1259 3283 1311 3329 et
1337 3275 1436 3329 hac
1465 3282 1518 3330 et
1547 3275 1657 3342 illa,
1682 3277 1866 3347 utique
1893 3278 2167 3331 nominum

604 3369 821 3439 propria
850 3367 1093 3438 quaedam
1138 3367 1325 3423 subest
1371 3368 1694 3438 signiﬁcatio
1757 3388 1770 3422 :
1804 3369 1917 3423 haec
1954 3368 2167 3438 quidem

605 3474 724 3529 quae
749 3459 937 3513 dividit
984 3472 1046 3512 ac
1074 3458 1356 3527 distinguit
1376 3475 1404 3510 a
1435 3458 1633 3513 diversi
1663 3461 1875 3530 generis
1894 3469 2088 3515 natura
2118 3470 2171 3515 et

607 3548 981 3619 pmprietate;
1018 3548 1108 3602 illa
1166 3563 1294 3601 vero
1345 3564 1465 3617 qua:
1502 3563 1714 3603 onmem
1766 3565 1884 3620 qua:
1954 3551 2008 3604 in
2054 3551 2169 3620 ipsa

606 3647 883 3713 spectatur
924 3640 1217 3710 potentiam
1275 3640 1694 3709 complectitur:
1736 3642 1816 3696 sic
1854 3652 1908 3697 et
1963 3644 2017 3697 in
2052 3644 2170 3699 luce

607 3742 662 3789 et
693 3733 807 3799 die,
836 3734 916 3789 sic
947 3748 1144 3787 rursus
1195 3734 1249 3787 in
1286 3741 1443 3787 nocte
1480 3743 1532 3787 et
1562 3734 1802 3788 tenebris
1842 3736 2167 3797 invenimus.

607 3842 714 3883 non
749 3825 966 3898 syllaba:
999 3840 1191 3880 sonum
1229 3826 1295 3877 ab
1328 3826 1564 3880 universi
1622 3825 1905 3881 conditore
1942 3825 2165 3894 factum,

608 3920 702 3975 sed
740 3934 919 3973 rerum
952 3918 1311 3975 substantiam
1342 3935 1480 3987 quas
1516 3934 1609 3988 per
1652 3919 1749 3975 bas
1778 3922 2169 3991 appellationes

608 4010 1016 4080 cognoscimus;
1038 4007 1333 4063 Solvuntur
1349 4006 1438 4061 Dei
1464 4009 1737 4062 voluntate
1756 4009 1891 4064 lucis
1919 4009 2167 4081 ingressu

607 4104 843 4158 tenebrae
874 4101 1227 4173 praevalentes
1252 4115 1347 4170 per
1400 4100 1627 4171 primam
1683 4109 2024 4167 creaturam;
2073 4103 2167 4157 sed

610 4197 863 4266 quoniam
896 4203 1041 4250 terra
1076 4194 1129 4247 in
1165 4191 1342 4247 medio
1393 4190 1890 4262 comprehenditur,
1919 4206 1980 4246 ac
2007 4194 2168 4247 undi-

611 4297 716 4350 que
736 4296 853 4335 eam
877 4280 1215 4334 diversorum
1235 4280 1620 4333 elementorum
1655 4281 1889 4334 ambitus
1912 4282 2161 4347 sustinet,

611 4372 754 4427 sicut
784 4372 858 4425 ait
885 4369 985 4423 Job
1028 4368 1161 4434 :Qui
1193 4369 1434 4438 appendit
1457 4380 1650 4423 terram
1672 4386 1827 4439 super
1851 4373 2075 4426 nihilum
2096 4375 2161 4437 ⁸⁸,

2256 532 2567 603 ρεώματος,
2605 535 2732 603 μιᾶς
2776 533 2986 601 φύσεως
3027 536 3083 585 ἐν
3114 535 3356 604 ἐκατέρῳ
3400 535 3509 587 τῶν
3538 538 3822 605 ὀνομάτων

2257 626 2674 694 σημαινομένης,
2705 624 2833 677 ἴδιόν
2851 642 2903 677 τι
2925 624 3033 677 τῶν
3062 625 3117 677 ἐν
3137 627 3203 694 τῇ
3220 625 3387 677 κτίσει
3414 626 3591 699 ταύτῃ
3610 629 3824 697 γινομέ-

2256 718 2410 786 νωνή
2440 716 2667 789 διαφορά
2694 716 2799 770 τῶν
2825 716 3101 786 ὀνομάτων
3132 718 3655 787 παρίστησιν.ὀστε
3687 720 3824 790 πρὸς

2254 807 2409 861 τοῦτο
2451 808 2737 876 βλέποντας
2770 808 2915 878 ἡμᾶς
2938 849 2954 870 ,
2989 808 3115 859 ἄλλο
3150 826 3203 860 τι
3225 808 3431 878 ιμαθεῖν
3467 809 3556 862 διὰ
3592 813 3691 881 τῆς
3731 808 3822 862 τοῦ

2255 900 2479 971 ούρανοῦ
2504 887 2889 971 προσηγορίας,
2912 899 3096 969 ἕτερον
3120 899 3175 951 δὲ
3198 899 3283 951 διὰ
3301 899 3395 952 τοῦ
3419 901 3821 971 στερέωματος.

2259 993 2425 1043 Ὀταν
2454 990 2552 1060 μὲν
2572 991 2678 1061 γὰρ
2709 992 2768 1043 τὸ
2796 990 2966 1061 πέρας
3000 990 3101 1061 τῆς
3128 991 3391 1060 αἰσθητῆς
3421 992 3657 1053 κτίσεως
3689 994 3823 1044 ὑπο-

2256 1084 2441 1155 γράφῃ
2466 1086 2494 1137 ὁ
2530 1084 2682 1151 λόγος
2704 1124 2717 1146 ,
2753 1083 2869 1154 μεθ’
2897 1084 2962 1153 ἢν
2994 1085 3026 1153 ή
3059 1084 3220 1153 νοητή
3249 1099 3306 1135 τε
3331 1084 3424 1135 καὶ
3451 1084 3824 1154 ὑπερκόσμιος

2256 1175 2552 1245 διαδέχεται
2595 1174 2743 1245 λῆξις
2770 1217 2782 1238 ,
2818 1174 3097 1245 συγκρίσει
3130 1176 3196 1244 τῇ
3239 1174 3372 1243 πρὸς
3413 1174 3473 1225 τὸ
3497 1175 3709 1241 ἀναφὲς
3735 1178 3825 1227 καὶ

2257 1268 2539 1337 ἀσώματον
2567 1267 2659 1320 καὶ
2686 1266 2937 1327 ἀνείδεον,
2965 1265 3248 1335 στερέωμα
3270 1264 3503 1333 λέγεται,
3533 1266 3568 1335 ἡ
3590 1266 3740 1335 ἀρχή
3771 1282 3824 1317 τε

2257 1359 2350 1413 καὶ
2380 1360 2441 1411 τὸ
2473 1358 2642 1429 πέρας
2671 1358 2848 1428 πάσης
2880 1358 2976 1427 τῆς
3012 1357 3200 1425 ὑλικῆς
3238 1357 3600 1418 ὑποστάσεως.
3649 1358 3827 1409 Ὅταν

2256 1450 2310 1503 δὲ
2349 1450 2443 1517 τὴν
2481 1449 2588 1501 τῶν
2640 1448 3010 1518 ὑποκειμένων
3052 1446 3310 1517 περιοχὴν
3352 1445 3729 1515 ἐξετάζωμεν,

2259 1544 2405 1595 πᾶσα
2438 1543 2470 1611 ἡ
2506 1540 2664 1611 ὑλικὴ
2710 1541 3119 1610 περικρατεῖται
3150 1537 3340 1605 φύσις,
3371 1538 3597 1606 οὐρανὸν
3630 1536 3831 1589 τοῦτον

2258 1632 2727 1704 προσαγορεύομεν
2761 1631 2851 1683 τὸν
2879 1630 2984 1683 τῶν
3022 1629 3228 1699 ὁρατῶν
3260 1629 3475 1682 πάντων
3510 1630 3638 1699 ὅρον
3675 1630 3830 1696 γινό-

2262 1742 2438 1795 μενον.
2477 1724 2579 1775 Τὸν
2624 1721 2786 1775 αὑτὸν
2831 1721 3029 1791 τρόπον
3076 1720 3167 1773 καὶ
3196 1720 3290 1773 ἐπὶ
3338 1720 3434 1789 τῆς
3462 1720 3566 1789 γῆς
3600 1720 3703 1770 καὶ
3732 1719 3833 1788 τῆς

2263 1820 2449 1891 ξηρᾶς,
2484 1816 2665 1886 ἐπειδὴ
2696 1815 2829 1885 πρὸς
2851 1814 2942 1866 δύο
2969 1813 3141 1866 ταῦτα
3172 1815 3408 1881 στοιχεῖα
3434 1812 3466 1880 ὴ
3492 1810 3831 1882 κατωφερὴς

2261 1914 2351 1966 καὶ
2383 1910 2570 1981 βαρεῖα
2607 1907 2764 1977 φύσις
2794 1905 3140 1976 διεμερίσθη,
3172 1904 3303 1974 πρός
3327 1920 3387 1956 τε
3425 1903 3519 1973 τὴν
3550 1903 3651 1973 γῆν
3684 1919 3830 1971 φημι

2261 2005 2351 2056 καὶ
2372 2003 2438 2055 τὰ
2468 2002 2653 2064 ὑδατα,
2680 2003 2712 2069 ὴ
2750 2000 2846 2069 μὲν
2867 1998 2966 2068 τῆς
2988 1998 3155 2067 ξηρᾶς
3183 1996 3539 2065 προσηγορία,
3572 1995 3831 2047 διασταλ-

2260 2096 2381 2165 τική
2414 2111 2529 2156 πως
2551 2093 2648 2161 τῆς
2666 2088 3100 2159 ἀντιστοιχούσης
3130 2088 3433 2156 ποιότητος,
3464 2089 3527 2155 τῇ
3552 2086 3663 2155 γάρ
3692 2086 3831 2156 πρὸς

2261 2188 2320 2238 τὸ
2362 2186 2524 2255 ὑγρὸν
2572 2181 3023 2253 ἀντιπαραθέσει,
3059 2180 3199 2252 ξηρὰ
3242 2179 3658 2249 κατωνόμασται
3686 2219 3702 2241 ,
3739 2178 3823 2229 ὅτε

2262 2276 2639 2345 ἀποδυσαμένη
2692 2274 2817 2345 θείῳ
2866 2274 3241 2344 προστάγματι
3290 2271 3349 2323 τὸ
3390 2269 3827 2339 περικεχυμένον

2264 2371 2403 2441 ὕδωρ
2428 2410 2440 2427 ,
2464 2370 2554 2420 ἐπὶ
2580 2367 2676 2436 τῆς
2703 2367 2836 2429 ἰδίας
2879 2365 3156 2434 ποιότητος
3193 2363 3385 2435 ἐφάνη.
3409 2364 3484 2415 Τὸ
3506 2363 3564 2415 δὲ
3587 2366 3690 2431 τῆς
3725 2361 3829 2432 γῆς

2262 2462 2448 2531 ὄνομα,
2494 2458 2675 2511 οὑκέτι
2710 2459 2835 2527 μιᾶς
2862 2473 3001 2518 τινος
3023 2456 3128 2507 τῶν
3168 2456 3293 2525 περὶ
3322 2453 3488 2519 αὑτὴν
3522 2454 3829 2522 ποιοτήτων

2261 2553 2359 2623 τὴν
2388 2550 2658 2622 σημασίαν
2684 2549 3030 2608 ἐνδείκνυται,
3056 2547 3190 2599 ἀλλὰ
3218 2548 3321 2599 πᾶν
3351 2545 3831 2615 ἐμπεριλαμϐάνει

2262 2644 2348 2696 διὰ
2396 2644 2493 2712 τῆς
2539 2640 2856 2710 ἐγκειμένης
2904 2636 3189 2708 ἐμφάσεως
3230 2637 3290 2690 τὸ
3337 2639 3394 2689 ἐν
3444 2636 3522 2705 τῷ
3572 2637 3831 2706 στοιχείῳ

2263 2732 2567 2801 νοούμενον,
2591 2726 2699 2782 οἷον
2729 2729 2787 2781 τὸ
2809 2728 3018 2789 ναστὸν,
3048 2727 3107 2779 τὸ
3132 2726 3349 2787 πυκνὸν,
3380 2725 3441 2777 τὸ
3465 2724 3747 2795 ἐμϐριθὲς,
3774 2724 3836 2777 τὸ

2264 2822 2573 2884 ἀντίτυπον,
2594 2821 2655 2873 τὸ
2688 2821 2820 2891 πρὸς
2852 2821 3029 2872 πᾶσαν
3058 2817 3283 2887 καρπῶν
3306 2833 3365 2869 τε
3396 2816 3490 2869 καὶ
3518 2815 3674 2880 ζώων
3699 2807 3834 2870 ἄνα-

2262 2916 2463 2985 τροφὴν
2520 2914 2845 2983 ἐπιτήδειον.
2903 2910 3108 2964 Ούκοῦν
3145 2910 3204 2962 οὑ
3243 2906 3625 2978 μετωνομάσθη
3679 2909 3839 2977 παρὰ

2263 3003 2355 3055 τοῦ
2385 3003 2541 3070 λόγου
2570 3004 2601 3072 ὴ
2626 3001 2780 3071 ξηρὰ,
2804 3002 2938 3069 πρὸς
2957 3000 3016 3052 τὸ
3043 2998 3343 3052 τελευταῖον
3373 2996 3662 3067 ἐπικληθὲν
3694 2998 3836 3066 αὐτῇ

2193 3117 2234 3175 c
2266 3094 2453 3164 ὄνομα.
2491 3093 2564 3145 Οὑ
2588 3093 2694 3162 γὰρ
2722 3091 2951 3144 ἀπέθετο
2978 3091 3064 3143 διὰ
3091 3089 3182 3142 τοῦ
3211 3087 3460 3157 δευτέρου
3488 3086 3757 3156 ὀνόματος
3780 3087 3838 3138 τὸ

2274 3185 2411 3256 ξηρά
2444 3186 2536 3238 καὶ
2584 3181 2715 3237 εἶναι
2749 3184 2839 3236 καὶ
2885 3182 3168 3250 λέγεσθαι,
3210 3179 3373 3241 ἀλλά,
3414 3178 3687 3249 μενούσης
3739 3179 3838 3247 τῆς

2272 3276 2512 3346 κλήσεως
2535 3275 2625 3328 καὶ
2644 3274 2844 3345 ταύτης
2866 3273 3143 3340 κάκείνης,
3166 3272 3405 3341 ἐκατέρῳ
3430 3270 3537 3322 τῶν
3554 3268 3839 3339 ὀνομάτων

2274 3368 2375 3423 ἰδία
2394 3386 2475 3431 τις
2505 3367 2712 3438 ὑπέστη
2748 3365 2989 3436 σημασία
3008 3381 3020 3394 ’
3064 3367 3096 3434 ἡ
3125 3365 3243 3433 μὲν,
3278 3360 3710 3433 ἀντιδιαιρετικὴ
3740 3362 3839 3430 τῆς

2271 3458 2608 3532 ἐτερογενοῦς
2633 3456 2845 3525 φύσεώς
2869 3474 2926 3508 τε
2958 3456 3047 3508 καὶ
3079 3455 3353 3525 ἰδιότητος,
3378 3454 3483 3523 ἡδὲ
3509 3454 3837 3523 περιεκτικη

2271 3550 2450 3619 πάσης
2496 3548 2595 3617 τῆς
2630 3550 2686 3599 ἐν
2726 3548 2859 3617 αὑτῇ
2906 3545 3280 3615 θεωρουμένης
3311 3544 3620 3614 δυνάμεως’
3662 3543 3836 3605 οὕτως

2270 3642 2363 3696 καὶ
2391 3640 2482 3693 ἐπὶ
2521 3638 2611 3692 τοῦ
2644 3638 2818 3708 φωτὸς
2863 3639 2955 3691 καὶ
3002 3637 3101 3705 τῆς
3134 3638 3363 3707 ἡμέρας,
3403 3638 3495 3687 καὶ
3547 3634 3717 3689 πάλιν
3748 3636 3835 3686 ἐπὶ

2267 3736 2365 3805 τῆς
2393 3733 2583 3796 νυκτὸς
2621 3733 2713 3784 καὶ
2744 3730 2835 3783 τοῦ
2881 3730 3101 3792 σκότους
3134 3729 3472 3799 εὑρίσκομεν,
3518 3728 3579 3779 οὑ
3632 3727 3833 3779 συλλα-

2268 3825 2378 3878 ϐῶν
2417 3819 2548 3895 ἦχον
2600 3822 2747 3893 παρὰ
2790 3820 2882 3874 τοῦ
2923 3820 3143 3891 ποιητοῦ
3177 3820 3283 3872 τῶν
3328 3819 3462 3870 ὅλων
3494 3818 3587 3870 ἐπὶ
3624 3817 3831 3870 τούτων

2267 3917 2791 3987 δημιουργούμενον,
2832 3914 2963 3966 ἀλλά
3013 3913 3345 3983 πραγμάτων
3392 3910 3696 3963 ὑπόστασιν
3750 3910 3831 3963 διὰ

2268 4009 2374 4061 τῶν
2408 4006 2784 4077 προσηγοριῶν
2817 4006 3018 4057 τούτων
3055 4002 3405 4072 γινώσκομεν.
3456 4000 3662 4055 Λύεται
3696 4004 3833 4053 κατα

2268 4101 2327 4153 τὸ
2364 4100 2571 4169 θέλημα
2598 4098 2689 4150 τοῦ
2713 4098 2844 4150 Θεοῦ
2873 4099 2938 4167 τῇ
2970 4096 3155 4165 εἰσόδῳ
3182 4093 3273 4146 τοῦ
3306 4094 3477 4162 φωτὸς
3501 4094 3564 4145 τὸ
3599 4096 3831 4163 ἐπικρα-

2268 4193 2393 4245 τοῦν
2426 4192 2614 4253 σκότος
2648 4190 2797 4259 παρὰ
2825 4189 2922 4259 τὴν
2950 4187 3169 4258 πρώτην
3200 4188 3390 4248 κτίσιν,
3422 4186 3518 4254 τῆς
3548 4186 3605 4238 δὲ
3641 4186 3747 4255 γῆς
3777 4188 3833 4238 ἐν

2267 4286 2343 4355 τῷ
2370 4285 2517 4355 μέσῳ
2549 4280 2955 4352 περισχεθείσης
2974 4322 2989 4345 ,
3017 4279 3109 4331 καὶ
3136 4281 3199 4348 τῇ
3228 4277 3555 4346 πανταχόθεν
3588 4276 3699 4329 τῶν
3721 4279 3834 4330 ὲτε⁶

2272 4376 2481 4447 ροφυῶν
2511 4374 2784 4444 στοιχείων
2807 4371 3059 4443 περιϐολῇ
3089 4372 3279 4440 ἑαυτὴν
3301 4372 3616 4439 ἀνεχούσης,
3654 4370 3832 4431 καθὼς

611 4481 834 4527 necesse
855 4474 991 4531 erat,
1027 4480 1148 4519 cum
1179 4480 1271 4533 per
1296 4481 1455 4518 unam
1509 4473 1714 4535 partem
1778 4467 1867 4520 lux
1913 4468 2085 4524 obiret
2114 4475 2163 4521 et

2271 4483 2431 4537 φησιν
2486 4467 2513 4517 ὁ
2565 4465 2712 4518 Ἰώϐο
2760 4466 2839 4516 ὅτι
2886 4461 3187 4532 Κρεμάζων
3230 4462 3346 4533 γῆν
3393 4463 3489 4515 ἐπὶ
3540 4464 3831 4531 pnas-r60

612 4558 908 4627 oppositam
964 4566 1168 4626 partem
1229 4557 1370 4609 mole
1408 4571 1505 4610 sua
1534 4566 1677 4611 terra
1733 4557 2059 4625 Obstrueret,
2112 4568 2167 4612 ut

613 4650 1009 4723 relinqueretur
1038 4649 1215 4718 aliqua
1241 4663 1367 4718 pars
1396 4648 1736 4703 tenebrarum
1771 4665 1867 4718 per
1886 4650 2169 4705 obumbra-

613 4742 837 4796 tionem.
867 4740 1130 4806 Quoniam
1153 4756 1281 4796 vero
1302 4750 1554 4812 perpetuo
1586 4750 1731 4797 motu
1764 4744 1908 4797 circa
1932 4758 1988 4797 se
2012 4744 2168 4812 polus

613 4835 935 4905 circumagit
964 4834 1123 4889 istam
1153 4850 1271 4905 qua:
1299 4850 1363 4889 ex
1392 4835 1801 4890 obumbratione
1827 4837 2042 4890 advenit
2077 4852 2167 4889 ca-

616 4926 856 4996 liginem,
909 4940 1131 4981 necesse
1192 4924 1291 4979 luit
1322 4924 1486 4981 Deum
1528 4926 1672 4981 hunc
1701 4929 2022 4983 circularem
2064 4946 2171 4983 am-

614 5018 784 5072 bitum
816 5016 1121 5081 ordinasse,
1154 5028 1211 5074 ut
1232 5033 1479 5071 mensura
1507 5021 1816 5088 temporalis
1838 5021 2170 5075 cxtensionis

619 5112 787 5167 ﬁeret.
820 5108 942 5162 Haec
958 5117 1135 5162 autem
1166 5123 1418 5163 mensura
1433 5117 1516 5164 est
1534 5126 1639 5164 nox
1655 5121 1706 5165 et
1726 5111 1860 5165 dies.
1883 5110 2169 5182 Propterea

618 5215 716 5267 pro
740 5213 838 5253 sua
872 5199 1135 5267 sapientia
1167 5199 1422 5254 historice
1446 5202 1571 5254 talia
1594 5203 1841 5273 dogmata
1868 5204 2042 5260 Moses
2072 5220 2169 5259 no-

616 5290 698 5345 bis
725 5289 1027 5353 declarans,
1048 5289 1187 5345 lianc
1209 5305 1273 5345 ex
1308 5292 1681 5348 obstructione
1702 5296 2017 5350 subeuntem
2044 5298 2173 5351 cali-

616 5381 792 5449 ginem
827 5380 1029 5450 absque
1066 5382 1186 5437 lnce
1232 5384 1446 5452 quidem
1481 5393 1543 5440 et
1592 5386 1825 5441 tenebris
1852 5389 2168 5454 nominavit,

617 5481 671 5527 et
697 5488 813 5527 eam
844 5490 966 5543 quae
996 5474 1055 5528 ﬁt
1084 5476 1342 5531 continuo
1371 5478 1579 5534 circum
1622 5480 1799 5534 locum
1832 5488 2166 5545 terrestrem,

618 5562 755 5617 lucis
784 5563 851 5618 ad
872 5566 1127 5621 tenebras
1170 5576 1535 5625 mensuratam
1577 5570 2000 5638 successionem,
2029 5571 2167 5626 diem

690 5743 735 5777 ⁸⁸
756 5744 854 5804 Job
878 5766 1022 5818 saw,
1056 5750 1107 5807 7.

2274 4562 2577 4627 ἐπάναγκες
2604 4554 2688 4629 ἦν,
2726 4558 2843 4611 καθ’
2885 4556 2941 4608 ἓν
2977 4556 3137 4627 μέρος
3168 4554 3260 4608 τοῦ
3288 4555 3459 4623 φωτὸς
3485 4555 3827 4617 διοδεύοντος,

2275 4648 2732 4721 ἀντιφραττούσης
2786 4648 2923 4699 κατά
2964 4646 3023 4698 τὸ
3068 4644 3432 4714 ἀντικείμενον
3486 4646 3545 4697 ἐν
3590 4645 3669 4715 τῷ
3722 4645 3831 4714 ἰδίῳ

2275 4742 2420 4810 ὄγκῳ
2452 4741 2547 4810 τῆς
2584 4740 2703 4809 γῆς,
2741 4735 3123 4805 ὑπολειφθῆναί
3153 4753 3270 4787 τινα
3314 4734 3397 4787 διὰ
3437 4734 3529 4786 τοῦ
3562 4736 3828 4787 ἀποσκιά-

2281 4850 2479 4904 σματος
2509 4833 2699 4901 μοῖραν
2724 4828 2815 4882 τοῦ
2840 4828 3077 4889 σκότους.
3114 4827 3222 4896 Τῆς
3256 4827 3309 4879 δὲ
3337 4828 3645 4894 ἀεικινὴτου
3682 4844 3829 4896 περι-

2280 4925 2448 4995 φορᾶς
2478 4922 2570 4973 τοῦ
2594 4920 2752 4973 πόλου
2786 4918 3260 4990 συμπεριαγούσης
3297 4920 3457 4986 ἑαυτῇ
3505 4918 3630 4969 κατ’
3652 4920 3825 4985 ,ἀνάγ-

2274 5034 2375 5086 κην
2408 5016 2500 5067 καὶ
2539 5013 2627 5065 τὸν
2670 5015 2732 5064 ἐκ
2769 5011 2861 5063 τοῦ
2895 5011 3335 5080 ἀποσκιάσματος
3367 5008 3825 5078 ἐπισυμόαίνοντα

2274 5106 2453 5175 ζόφον,
2484 5105 2578 5174 τὴν
2604 5101 2885 5171 ἐγκύκλιον
2913 5102 3112 5172 ταύτην
3145 5100 3381 5170 περίοδον
3408 5100 3566 5163 τάξαι
3589 5102 3683 5154 τὸν
3704 5102 3825 5155 Θεὸν

2274 5202 2351 5261 εἰς
2404 5199 2465 5250 τὸ
2506 5196 2753 5263 γενέσθαι
2786 5195 2978 5266 μέτρον
3024 5197 3120 5262 τῆς
3155 5194 3403 5264 χρονικῆς
3444 5195 3819 5264 παρατάσεως.

2275 5292 2349 5345 Τὸ
2373 5291 2429 5343 δὲ
2471 5291 2662 5360 μέτρον
2698 5288 2852 5340 τοῦτό
2891 5288 3036 5339 ἐστιν
3066 5287 3247 5356 ἡμέρα
3277 5286 3367 5337 καὶ
3399 5285 3510 5348 νύξ.
3546 5285 3648 5339 Διά
3678 5287 3823 5339 τοῦτο

2277 5382 2417 5437 κατά
2433 5381 2528 5452 τὴν
2547 5378 2736 5433 ἐαυτοῦ
2762 5380 2949 5448 σοφίαν
2975 5376 3378 5447 ίστορικώτερον
3396 5377 3462 5428 τὰ
3482 5378 3711 5431 τοιαῦτα
3726 5381 3821 5431 τῶν

2274 5475 2556 5546 δογμάτων
2595 5475 2622 5525 ὁ
2651 5472 2889 5541 Μωὺσῆς
2934 5472 3060 5541 ἡμῖν
3102 5468 3404 5540 σαφηνίζων
3445 5464 3535 5518 τὸν
3573 5466 3631 5530 ἐξ
3683 5474 3820 5523 ἀντ-

2276 5565 2519 5637 φράξεως
2550 5560 2853 5615 ἐπεισιόντα
2886 5559 3045 5629 ζόφον
3066 5560 3229 5632 χωρὶς
3255 5558 3351 5631 μὲν
3382 5558 3559 5628 φωτὸς
3588 5563 3681 5612 καὶ
3712 5562 3823 5613 σκό-
