4006 6500
270 363 412 416 I003

1322 364 1599 419 CONTRA
1640 365 2040 431 EUNOMIHM,
2097 367 2224 424 ιιι).
2266 366 2380 420 ΧΗ.

3354 365 3491 418 1006

266 496 392 541 τους
415 476 663 549 ὠνόμασε
688 519 702 543 ,
734 480 826 533 καὶ
857 480 953 553 τὴν
985 481 1070 535 ἀεῖ¹
1101 482 1388 555 γινομένην
1434 488 1558 557 περὶ
1590 487 1649 538 τὸ
1677 487 1832 557 περί-

1944 494 1989 541 et
2022 498 2230 541 noctem
2272 486 2580 557 appeUavit.
2627 486 2805 549 Quare
2862 497 2967 536 non
3015 498 3134 552 quae
3162 482 3272 552 jam
3308 492 3493 540 vocata

269 580 417 632 γειον
443 566 618 636 χῶρον
649 566 741 619 τοῦ
765 568 938 636 φωτὸς
973 570 1106 640 πρὸς
1130 570 1189 623 τδ
1217 572 1402 636 σκότος
1426 574 1695 647 ἔμμετρον
1721 576 1832 629 δια-

265 651 450 722 δοχὴν,
476 653 683 724 ἡμέραν
712 656 803 706 καὶ
826 654 993 709 νύκτα
1026 660 1335 727 προσεῖπεν.
1367 661 1531 715 Ὥστε
1565 663 1683 733 οὐχὶ
1711 664 1827 716 ἐπί-

269 743 468 815 κλητον
512 746 571 797 τὸ
605 745 720 813 φῶς
764 747 944 817 ἡμέρα
994 750 1440 823 προσηγορεύθη,
1484 753 1599 806 ἀλλ’
1646 754 1832 825 ὥσπερ

271 835 488 901 ἐγένετο
519 836 653 904 φῶς,
673 838 765 890 καὶ
792 839 911 908 ούχὶ
934 838 1060 911 ψιλὴ
1084 843 1420 915 προσηγορία
1443 846 1638 913 φωτὸς,
1662 846 1834 908 οὕτως

270 926 364 979 καὶ
395 926 610 993 ἐγένετο
636 928 729 980 τού
759 929 951 1000 χρόνου
980 931 1042 983 τὸ
1087 932 1283 1004 μέτρον
1301 951 1314 966 ο
1349 936 1754 1007 ἐπηκολούθησε
1775 938 1832 990 δὲ

272 1016 347 1086 τῷ
377 1018 557 1089 μέτρῳ
580 1018 639 1071 τὸ
658 1018 826 1089 ὄνομα
844 1061 857 1082 ,
881 1021 980 1075 ούκ
1010 1022 1068 1074 ἐν
1099 1025 1355 1093 ῥημάτων
1376 1026 1531 1098 ψόφῳ
1557 1029 1707 1098 παρὰ
1738 1028 1832 1082 τοῦ

273 1110 632 1179 πεποιηκότος
667 1112 955 1183 γενόμενον
983 1152 998 1176 ,
1028 1114 1141 1167 ἀλλ’
1174 1116 1341 1187 αὐτῆς
1372 1117 1469 1170 τοῦ
1512 1121 1832 1190 πράγματος

272 1199 487 1267 φύσεως
519 1201 970 1275 ἐπισπασαμένης
989 1205 1088 1275 τὴν
1102 1205 1189 1259 διὰ
1214 1207 1313 1277 τῆς
1336 1210 1518 1279 φωνῆς
1539 1228 1605 1281 οη
1614 1212 1829 1282 μασίαν.

273 1291 385 1344 Καὶ
419 1290 605 1364 ῶσπερ
630 1296 677 1347 εί
707 1295 864 1349 τοῦτο
896 1298 1083 1366 σαφῶς
1111 1300 1294 1370 εἴρητο
1317 1302 1467 1373 παρά
1494 1303 1587 1356 τού
1622 1308 1835 1377 νομοθέ-

273 1400 396 1449 του,
435 1385 517 1438 ὅτι
564 1388 670 1439 πᾶν
702 1386 763 1440 τὸ
805 1389 1124 1460 φαινόμενον
1156 1392 1251 1445 καὶ
1282 1392 1693 1465 ὀνομαζόμενον,
1735 1398 1835 1452 ούκ

273 1474 545 1541 αὐτοφυές
593 1477 737 1528 ἐστιν
782 1478 901 1529 οὐδὲ
956 1480 1237 1550 ἀποίητον,
1290 1481 1405 1535 ἀλλ’
1448 1486 1513 1536 ὲκ
1560 1485 1692 1538 Θεοῦ
1734 1488 1835 1559 τὴν

274 1565 571 1618 ὑπόστασιν
626 1567 755 1637 ἔχει,
797 1569 892 1638 ἀφ’
946 1571 1155 1625 ἐαυτῶν
1214 1572 1280 1625 ἂν
1334 1574 1726 1646 συνεθήκαμεν,
1777 1580 1836 1633 τὸ

275 1652 453 1705 πάντα
484 1653 572 1705 τὸν
596 1654 796 1724 κόσμον
827 1658 918 1710 καὶ
960 1655 1027 1712 τὰ
1052 1660 1109 1712 ἐν
1141 1661 1288 1731 αύτῷ
1312 1662 1471 1734 μέρη,
1502 1666 1595 1717 καὶ
1628 1666 1725 1736 τὴν
1752 1669 1837 1721 ὲν-

273 1742 655 1815 θεωρουμένην
696 1744 845 1811 τάξιν
883 1748 974 1807 καὶ
1002 1750 1100 1820 τὴν
1139 1754 1499 1825 γνωριστικὴν
1529 1755 1635 1809 τῶν
1671 1759 1835 1813 ὀντων

274 1831 505 1901 δύναμιν
522 1833 610 1885 τὸν
642 1834 772 1889 Θεὸν
803 1839 1185 1904 πεποιηκέναι·
1219 1841 1389 1907 οὕτως
1412 1847 1503 1898 καὶ
1529 1845 1596 1898 δι’
1620 1843 1692 1901 ὧν
1718 1845 1838 1901 εἷπε
1870 1828 1913 1887 Β

278 1925 415 1992 πρὸς
446 1926 647 1996 ταύτην
686 1928 867 1996 ἐνάγει
901 1930 1047 1999 ἡμᾶς
1086 1932 1183 2002 τὴν
1227 1932 1464 1988 διάνοιαν
1498 1938 1577 1998 είς
1614 1938 1675 1990 τὸ
1719 1956 1841 1991 πισ-

276 2016 453 2069 τεύειν
479 2017 539 2070 τὸ
571 2018 734 2088 μηδὲν
767 2019 874 2072 τῶν
906 2020 1074 2074 ὀντων
1113 2022 1348 2094 ἄναρχον
1377 2021 1533 2081 εἶναι.
1564 2029 1673 2082 Καὶ
1707 2030 1842 2101 πρὸς

275 2106 435 2162 τοῦτο
470 2107 701 2177 βλέπων,
724 2110 826 2180 ὀδῷ
852 2111 943 2163 καὶ
963 2111 1113 2178 τάξει
1140 2114 1208 2167 τὰ
1226 2114 1460 2185 καθεξῆς
1485 2111 1837 2189 διεξέρχεται,

278 2198 375 2267 τὴν
443 2200 551 2253 τῶν
602 2203 900 2270 γεγονότων
959 2204 1276 2260 ἀκολουθίαν
1340 2208 1837 2280 άπαριθμούμενος.

276 2288 463 2343 Ταῦτα
489 2291 547 2344 δὲ
578 2293 677 2345 ούκ
710 2289 778 2363 ἦν
801 2292 972 2357 ἄλλως
1001 2298 1451 2368 παραστήσασθαι
1477 2299 1553 2370 τῷ
1576 2301 1737 2373 λόγῳ,
1767 2304 1841 2374 μὴ

274 2382 364 2434 διὰ
389 2382 494 2436 τῶν
516 2384 886 2454 γνωριστικῶν
915 2385 1192 2456 ὀνομάτων
1219 2388 1318 2459 τὴν
1354 2391 1627 2460 σημασίαν
1659 2392 1842 2445 ποιού-

280 2491 458 2545 μενον.
501 2475 651 2528 Ἐπεὶ
686 2471 781 2528 οὖν
815 2475 1120 2547 γέγραπται
1160 2478 1241 2531 ὅτι
1279 2480 1535 2534 ἐκάλεσεν
1564 2485 1592 2536 ὁ
1621 2483 1751 2547 Θεὸς
1781 2484 1842 2537 τὸ

278 2567 395 2633 φῶς
443 2568 675 2639 ἡμέραν,
718 2569 956 2638 νοητέον,
1000 2570 1078 2622 ὅτι
1118 2571 1370 2642 ἐποίησεν
1410 2575 1438 2626 ὀ
1476 2574 1607 2637 Θεὸς
1645 2578 1709 2627 ἐκ
1746 2574 1839 2628 τού

276 2658 457 2725 φωτὸς
489 2659 719 2730 ἡμέραν,
749 2661 933 2731 ἐτερόν
956 2678 1007 2714 τι
1028 2657 1190 2716 οὖσαν
1215 2664 1356 2716 κατὰ
1378 2664 1468 2717 τὸν
1497 2666 1626 2718 ἴδιον
1654 2666 1836 2734 λόγον·

276 2751 339 2801 οὐ
370 2751 476 2821 γὰρ
518 2751 583 2803 ἂν
627 2752 718 2804 τὸν
763 2753 923 2805 αὐτὴν
956 2754 1213 2828 ἀποδοίης
1260 2754 1435 2825 φωτὸς
1480 2756 1573 2811 καὶ
1620 2757 1833 2827 ἡμέρας

277 2841 457 2909 λόγον,
488 2842 621 2896 ἀλλὰ
646 2842 759 2912 φῶς
790 2844 887 2913 μὲν
909 2845 969 2897 τὸ
995 2847 1056 2897 ἐκ
1087 2846 1178 2899 τού
1209 2848 1447 2900 ἐναντίου
1476 2848 1609 2919 πρὸς
1629 2850 1690 2902 τὸ
1717 2850 1842 2903 σκό-

276 2948 374 2996 ⁸τος
405 2934 688 3003 νοούμενον
711 2951 724 2964 ·
755 2935 937 3007 ἡμέρα
959 2936 1043 3000 δέ,
1073 2937 1131 2989 τὸ
1162 2924 1373 3009 τοσόνδε
1394 2937 1488 2991 τοῦ
1517 2940 1575 2991 ἐν
1600 2938 1677 3009 τῷ
1704 2940 1842 3008 φωτὶ

278 3026 641 3098 διαστήματος
674 3027 888 3098 μέτρον.
927 3029 1196 3094 Ὡσαύτως
1220 3015 1314 3083 καὶ
1341 3029 1508 3083 νύκτα
1532 3032 1625 3084 καὶ
1654 3031 1843 3095 σκότος

280 3116 425 3169 κατὰ
474 3118 572 3187 τὴν
606 3117 774 3189 αὐτὴν
815 3118 907 3171 τοῦ
945 3119 1104 3188 λόγου
1149 3121 1414 3191 διαίρεσιν
1452 3124 1838 3193 κατανοήσεις,

282 3208 475 3272 σκότος
511 3210 607 3279 μὲν
651 3209 710 3261 τὸ
756 3210 814 3276 ἐξ
848 3210 1088 3265 ἐναντίου
1135 3212 1269 3284 πρὸς
1304 3213 1365 3265 τὸ
1401 3214 1515 3281 φῶς
1557 3213 1843 3285 νοούμενον

281 3298 627 3369 ὁριζόμενος·
661 3299 831 3354 νύκτα
859 3299 914 3353 δὲ
946 3301 1044 3372 τὴν
1068 3302 1285 3373 τοσήνδε
1314 3303 1406 3356 τοῦ
1441 3304 1662 3368 σκότους
1687 3322 1844 3376 περι-

284 3390 501 3461 γραφὴν
526 3390 823 3461 ὀνομάζων.
863 3392 1069 3446 Οὐκοῦν
1093 3394 1324 3466 ἔρρωται
1358 3394 1443 3450 διά
1473 3396 1688 3450 πάντων
1713 3398 1845 3467 ἡμῖν

284 3482 317 3532 ὀ
348 3480 505 3551 λόγος
524 3523 539 3547 ,
573 3485 620 3536 εί
650 3484 744 3536 καὶ
782 3485 855 3555 μὴ
884 3486 1146 3556 τεχνικῶς
1178 3487 1318 3539 κατά
1358 3488 1425 3540 τὰ
1456 3491 1713 3559 σχήματα
1748 3490 1845 3560 τῆς

286 3573 632 3647 διαλεκτικῆς
663 3577 1024 3648 συγκροτῆται
1043 3593 1056 3606 ⁸
1082 3576 1296 3641 δεικνὺς
1323 3580 1403 3631 ὃτι
1434 3578 1564 3642 Θεὸς
1590 3582 1847 3652 πραγμά-

286 3684 396 3720 των
440 3667 556 3720 ἐστί¹
595 3667 956 3738 δημιουργὸς,
1000 3668 1060 3719 ού
1108 3668 1364 3738 ῥημάτων
1396 3669 1598 3738 ψιλῶνο
1642 3672 1703 3723 οὐ
1741 3671 1846 3749 γὰρ

285 3757 496 3811 ἐκείνου
521 3758 698 3827 χάριν,
722 3758 835 3812 ἀλλ’
863 3760 895 3830 ἡ
902 3757 1015 3828 μῶν
1029 3758 1214 3810 ἕνεκεν
1242 3757 1509 3812 ἐπίκειται
1535 3760 1646 3821 τοῖς
1668 3760 1846 3830 πράγ-

292 3868 424 3920 μασι
454 3849 521 3902 τὰ
548 3850 805 3920 ὀνόματα.

361 3943 458 3995 Διά
486 3942 589 4014 γὰρ
626 3942 686 3995 τὸ
718 3943 791 4013 μὴ
833 3942 1055 3996 πάντοτε
1083 3940 1301 3996 δυνατὸν
1335 3942 1464 4013 ἡμῖν
1497 3938 1636 3995 εἷναι
1674 3944 1848 3998 πάντα

290 4035 349 4085 ἐν
386 4034 679 4103 ὀφθαλμοῖς
711 4033 852 4104 ἔχειν
882 4033 947 4086 τὰ
972 4033 1098 4086 ὄντα
1122 4073 1136 4093 ,
1180 4035 1240 4085 τὸ
1280 4032 1378 4103 μέν
1405 4050 1457 4085 τι
1486 4033 1594 4085 τῶν
1630 4034 1715 4086 ἀεὶ
1752 4052 1851 4087 πα-

292 4127 491 4195 ρόντων
516 4125 871 4196 γινώσκομεν,
896 4125 962 4178 τὰ
985 4125 1040 4178 δὲ
1071 4127 1134 4196 τῇ
1161 4126 1345 4196 μνήμῃ
1378 4126 1846 4195 ἐναπογράφομεν.

298 4217 503 4279 Ἄλλως
528 4217 582 4269 δὲ
609 4218 706 4270 οὐκ
727 4216 870 4270 ἔστιν
897 4216 1196 4285 ἁσύγχυτον
1219 4216 1553 4286 φυλαχθῆναι
1587 4218 1717 4286 ἡμῖν
1752 4218 1850 4286 τὴν

298 4308 402 4378 μνὴ
413 4325 537 4377 μην.
569 4308 641 4378 μὴ
669 4308 764 4377 τῆς
790 4306 897 4359 τῶν
927 4307 1203 4376 ὀνομάτων
1229 4307 1497 4377 σημασίας
1520 4304 1853 4361 διαστελλού-

296 4417 394 4470 σης
411 4401 503 4453 ἀπ’
517 4399 754 4469 ἀλλήλων
766 4398 832 4452 τὰ
843 4398 1232 4466 ἐναποκείμενα
1243 4401 1307 4467 τῇ
1321 4398 1523 4468 διανοίᾳ
1536 4398 1850 4469 πράγματα.

1935 578 2108 633 fuerat
2165 579 2277 640 lux,
2309 578 2425 632 dies
2465 576 2727 645 appellata
2766 583 2870 636 est,
2913 575 3004 629 sed
3033 575 3175 629 sicut
3224 573 3358 628 facta
3408 585 3493 629 est

1936 669 2049 730 lux,
2072 654 2244 737 neque
2275 668 2417 722 nuda
2454 668 2591 722 lucis
2616 666 2927 736 appellatio.
2961 666 3040 720 sic
3061 665 3221 719 etiam
3250 664 3389 720 facta
3411 675 3495 720 est

1937 759 2193 828 temporis
2239 773 2492 815 mensura
2529 778 2542 812 :
2571 770 2880 811 mensuram
2916 762 3097 808 autem
3133 763 3378 809 secutum
3412 762 3497 810 est

1934 862 2151 910 nomen,
2182 862 2290 900 non
2321 861 2384 900 ex
2417 846 2703 901 verborum
2736 860 2871 899 sono
2901 858 2931 897 a
2961 844 3241 899 conditore
3268 852 3494 904 iactum.

1934 937 2029 992 sed
2052 938 2169 1007 ipsa
2203 938 2277 991 rei
2302 946 2493 991 natura
2521 936 2770 990 trahente
2789 936 2890 990 sibi
2923 951 3041 990 eam
3069 928 3188 1006 qua:
3210 936 3353 992 inest
3380 936 3498 992 voci

1935 1027 2401 1098 signiﬁcationem.
2434 1031 2511 1083 Ac
2542 1028 2687 1082 velut
2708 1027 2755 1081 si
2778 1042 2808 1079 a
2832 1026 3142 1097 legislatore
3171 1027 3273 1081 hoc
3317 1034 3501 1097 aperte

1934 1120 2316 1185 dictumesset,
2337 1121 2483 1190 quod
2513 1118 2829 1189 omnequod
2852 1127 3072 1189 apparet
3096 1128 3146 1173 et
3167 1118 3499 1181 nominatur,

1934 1228 2041 1266 non
2071 1221 2263 1283 sponte
2310 1225 2491 1269 natum
2522 1228 2698 1283 neque
2736 1228 2843 1267 non
2874 1212 3074 1266 factum
3130 1220 3233 1273 est,
3296 1210 3390 1266 sed
3434 1228 3502 1265 ex

1936 1304 2045 1359 Deo
2073 1304 2478 1360 subsistentiam
2516 1304 2697 1362 habet.
2728 1320 2793 1358 ex
2831 1303 2987 1357 nobis
3008 1303 3143 1372 ipsis
3164 1318 3492 1373 componere

1935 1396 2094 1453 facile
2120 1398 2509 1467 potuissemus,
2545 1411 2735 1465 nempe
2782 1397 3094 1450 universum
3154 1395 3414 1449 mundum
3449 1403 3503 1450 et

1935 1504 2125 1544 omnes
2158 1503 2277 1559 quae
2302 1489 2355 1542 in
2388 1503 2455 1543 eo
2484 1495 2612 1542 sunt
2640 1494 2841 1555 partes,
2883 1496 2935 1542 et
2963 1488 3056 1557 qui
3086 1488 3141 1540 in
3174 1487 3292 1557 ipso
3322 1489 3506 1543 cerni-

1934 1585 2024 1629 tur
2056 1576 2302 1630 ordinem
2351 1584 2406 1630 et
2444 1576 2571 1641 vim,
2609 1592 2729 1646 qua:
2780 1576 3021 1631 notiﬁcat
3078 1592 3140 1631 ea
3200 1593 3321 1646 quae
3356 1584 3503 1647 sunt,

1936 1667 2104 1722 Deum
2127 1666 2318 1723 fecisse
2347 1688 2362 1722 :
2400 1667 2480 1721 sic
2507 1682 2722 1737 quoque
2744 1683 2842 1738 per
2864 1682 2926 1722 ea
2953 1682 3073 1736 quae
3105 1667 3242 1722 dixit
3269 1668 3336 1722 ad
3363 1668 3503 1723 hanc

1938 1774 2037 1813 nos
2072 1758 2277 1814 inducit
2306 1758 2735 1829 intelligentiam,
2764 1757 3121 1813 utcredamus
3158 1760 3290 1812 nihil
3315 1775 3502 1814 eorum

1940 1865 2059 1918 quae
2119 1859 2245 1905 sunt
2290 1849 2562 1920 principio
2615 1864 2824 1904 carere.
2871 1848 2934 1902 Et
2970 1850 3035 1902 ad
3069 1850 3172 1903 hoc
3208 1850 3504 1919 respiciens

1942 1942 2023 1996 via
2048 1950 2102 1995 et
2129 1942 2318 1995 ordine
2341 1957 2404 1997 ea
2436 1956 2557 2010 qua:
2609 1940 2863 2009 deinceps
2909 1949 3210 2010 sequuntur
3261 1950 3503 2003 enarrat,

1942 2031 2331 2102 productorum
2393 2032 2588 2086 seriem
2629 2046 2974 2086 enumerans.
3036 2030 3157 2085 Haec
3192 2040 3371 2086 autem
3397 2047 3501 2086 nou

1940 2119 2097 2173 aliter
2137 2120 2260 2188 quis
2295 2134 2546 2173 sermone
2604 2119 2907 2188 exprimere
2967 2127 3196 2188 poterat,
3253 2122 3356 2176 nisi
3393 2122 3507 2177 haec

1940 2226 2035 2280 per
2061 2211 2280 2265 nomina
2298 2225 2417 2279 quae
2442 2225 2553 2263 rem
2586 2209 2831 2263 indicant
2864 2209 3215 2278 signiﬁcaret.
3235 2208 3505 2274 Quoniam

1942 2302 2105 2373 igitur
2139 2303 2400 2373 scriptum
2432 2311 2514 2356 est
2543 2300 2689 2371 quod
2738 2300 2882 2355 Deus
2903 2302 3115 2355 vocavit
3147 2302 3317 2355 lucem
3342 2301 3505 2363 diem,

1942 2391 2348 2461 intelligendum
2382 2400 2465 2447 est
2494 2390 2663 2445 Deum
2696 2405 2761 2444 ex
2793 2390 2915 2446 luce
2945 2390 3088 2447 diem
3143 2391 3359 2452 fecisse.
3388 2406 3510 2461 quae

1940 2482 2185 2552 estquid
2212 2482 2440 2537 alterum
2498 2480 2799 2537 secundum
2861 2482 3137 2552 propriam
3184 2484 3458 2537 rationem
3492 2498 3508 2540 :

1940 2588 2050 2626 non
2077 2573 2221 2629 enim
2253 2572 2495 2627 eamdem
2530 2571 2831 2627 reddideris
2854 2572 2991 2631 lucis
3014 2580 3072 2628 et
3101 2574 3206 2627 diei
3240 2573 3509 2628 deﬁnitio-

1940 2679 2084 2730 nem,
2112 2664 2205 2720 sed
2227 2664 2317 2718 lux
2349 2665 2567 2734 quidem
2591 2672 2675 2718 est
2696 2663 2840 2733 quod
2873 2679 2939 2719 ex
2969 2665 3239 2722 contrario
3279 2665 3511 2720 tenebris

1941 2754 2248 2825 oppositum
2298 2755 2663 2825 intelligitur;
2719 2755 2838 2811 dies
2876 2769 3006 2809 vero
3059 2770 3314 2811 mensura
3357 2763 3511 2811 tanta

1942 2845 2209 2900 intervalli
2236 2846 2379 2916 quod
2408 2845 2570 2900 estin
2604 2845 2745 2900 luce.
2778 2846 3041 2900 Similiter
3067 2852 3280 2901 noctem
3333 2855 3387 2900 et
3425 2856 3510 2900 te.

1941 2935 2135 2990 nebras
2168 2950 2263 3005 per
2317 2936 2562 2990 eamdem
2623 2936 2953 2991 deﬁnitionis
3034 2936 3351 2994 divisionem
3421 2953 3509 2993 co-

1942 3042 2189 3096 gnosces,
2222 3028 2268 3081 si
2289 3027 2543 3082 tenebras
2571 3027 2787 3097 quidem
2812 3026 3087 3083 deﬁnieris
3106 3028 3250 3098 quod
3272 3044 3336 3085 ex
3373 3044 3506 3083 con-

1943 3119 2112 3173 trario
2141 3119 2245 3174 luci
2279 3120 2585 3195 oppositum
2620 3119 2959 3190 intelligitur,
2990 3130 3203 3175 noctem
3232 3138 3358 3176 vero
3395 3131 3513 3176 tan-

1944 3221 2051 3263 tam
2108 3211 2453 3265 tenebrarum
2511 3212 3069 3282 circumscriptiOnem
3123 3213 3509 3269 nominaveris.

1945 3300 2124 3367 Quare
2154 3317 2249 3371 per
2290 3304 2472 3357 omnia
2507 3304 2666 3359 nobis
2699 3303 3018 3359 conﬁrmata
3058 3314 3141 3360 est
3165 3306 3359 3369 oratio,
3389 3306 3513 3361 licet

1944 3407 2053 3447 non
2088 3393 2382 3448 artiﬁciose
2455 3409 2549 3463 per
2577 3395 2777 3465 ﬁguras
2835 3396 2969 3449 artis
3020 3395 3322 3451 disserendi
3375 3410 3511 3451 con-

1946 3491 2155 3539 structa
2173 3491 2277 3544 est,
2311 3484 2693 3542 demonstrans
2732 3486 2878 3556 quod
2926 3486 3072 3543 Deus
3102 3502 3281 3540 rerum
3316 3494 3369 3539 et
3391 3487 3512 3557 opi~

1947 3578 2036 3634 fex
2067 3586 2121 3633 et
2146 3578 2415 3646 conditor,
2456 3595 2565 3634 non
2594 3582 2879 3635 verborum
2902 3582 3202 3643 nudorum;
3229 3594 3337 3633 non
3369 3580 3510 3634 enim

1948 3668 2097 3725 illius
2125 3670 2318 3740 gratia,
2353 3671 2447 3726 sed
2496 3673 2669 3727 nostri
2703 3686 2866 3729 causa
2903 3672 3065 3729 rebus
3108 3682 3231 3727 sunt
3263 3672 3512 3742 imposita

1946 3773 2187 3815 nomina.

2018 3933 2285 4001 Quoniam
2311 3935 2455 3989 enim
2490 3950 2602 3990 non
2634 3949 2845 4005 semper
2872 3948 3161 4003 possumus
3176 3933 3357 3986 omnia
3392 3947 3512 4001 quas
3594 3994 3604 4001 _

1950 4033 2076 4080 sunt
2126 4040 2236 4096 pra:
2285 4026 2459 4081 oculis
2520 4025 2741 4091 habere,
2794 4039 3009 4094 semper
3069 4022 3284 4093 quidem
3322 4036 3509 4076 eorum

1949 4130 2070 4185 qua:
2127 4116 2327 4171 adsunt
2382 4116 2585 4187 aliquid
2640 4114 3043 4186 cognoscimus,
3097 4114 3203 4167 alia
3254 4126 3380 4167 vero
3454 4112 3510 4165 in

1952 4208 2211 4262 memoria
2265 4208 2635 4262 inscribimus.
2694 4206 2947 4276 Alioquin
3003 4203 3261 4259 memoria
3322 4204 3512 4257 incon-

1953 4296 2072 4352 fusa
2126 4297 2283 4352 aliter
2349 4297 2661 4353 conservari
2727 4312 2835 4350 non
2906 4304 3108 4364 posset,
3175 4294 3282 4349 nisi
3340 4294 3511 4348 nomi-

1953 4402 2080 4440 num
2108 4385 2431 4455 siguiﬁcatio
2460 4401 2546 4441 res
2570 4400 2690 4455 qua:
2723 4386 2777 4439 in
2808 4393 2987 4439 mente
3013 4385 3344 4453 consignata:
3363 4391 3507 4445 sunt,

292 4489 411 4559 Θεῷ
433 4490 485 4542 δὲ
514 4490 685 4543 πάντα
709 4490 954 4561 πάρεστι,
972 4490 1061 4542 καὶ
1075 4488 1221 4541 οὐδὲν
1236 4489 1315 4541 δεῖ
1334 4490 1434 4559 μνὴ
1445 4508 1549 4560 μης
1568 4489 1713 4560 αὐτῷ
1729 4489 1843 4543 πάν

1958 4489 1987 4527 a
2022 4475 2324 4530 seinvicem
2346 4475 2718 4546 distingueret.
2758 4474 2869 4530 Deo
2890 4486 3065 4530 autem
3091 4474 3287 4528 adsunt
3310 4476 3509 4539 omnia,

294 4599 399 4634 των
438 4585 502 4652 τῇ
531 4582 804 4651 διορατικῇ
844 4581 1066 4650 δυνάμει
1109 4580 1619 4651 περικρατουμένων
1658 4598 1717 4633 τε
1757 4580 1851 4633 καὶ

293 4671 795 4742 θεωρουμένων.Τίς
810 4666 898 4723 οὖν
914 4671 996 4723 ἐπ’
1015 4671 1173 4723 αὐτοῦ
1190 4669 1345 4741 χρεία
1360 4671 1601 4741 ῥήματος
1613 4673 1645 4742 ἦ
1659 4672 1852 4742 ὀνόμα-

294 4782 403 4826 τος,
421 4764 585 4825 αὐτῆς
607 4763 705 4831 τῆς
731 4763 787 4814 ἐν
804 4762 947 4833 αύτῷ
975 4763 1159 4832 σοφίας
1186 4779 1242 4815 τε
1261 4761 1663 4831 καὶδυνάμεως,
1684 4761 1852 4829 ἀσύγ-

296 4857 453 4925 χυτόν
478 4873 536 4907 τε
564 4856 656 4908 καὶ
678 4853 1091 4925 διακεκριμένην
1107 4854 1205 4924 τὴν
1232 4852 1339 4906 τῶν
1362 4852 1529 4904 ὀντων
1560 4850 1720 4918 φύσιν
1749 4867 1846 4902 πε-

299 4946 600 5019 ριεχούσηςς
614 4946 817 4999 Οὐκοῦν
835 4944 980 5013 παρὰ
991 4944 1122 4997 Θεοῦ
1142 4946 1237 5013 μὲν
1253 4944 1319 4996 τά
1331 4945 1457 4996 ὄντα
1469 4942 1559 4995 καὶ
1575 4940 1854 5009 ὑφεστῶτα

297 5037 503 5100 πάντα,
538 5036 636 5107 τῆς
663 5034 720 5087 δέ
754 5034 1027 5104 ἡμετέρας
1050 5032 1232 5085 ἕνεκεν
1258 5032 1498 5100 ὁδηγίας,
1535 5030 1721 5083 ἔπεστι
1743 5032 1853 5092 τοῖς

294 5125 415 5183 οὖσι
435 5128 500 5180 τὰ
532 5125 867 5197 σημειωτικὰ
898 5125 1004 5177 τῶν
1026 5124 1361 5196 πραγμάτων
1380 5122 1633 5193 ὀνόματα.
1662 5118 1848 5173 Ταῦτα

293 5223 376 5287 δέ,
404 5222 547 5275 κατὰ
575 5221 635 5272 τὸ
665 5219 895 5291 ἀρέσκον
923 5219 1040 5280 ταῖς
1066 5215 1171 5269 τῶν
1204 5214 1502 5286 ἀνθρώπων
1544 5211 1850 5283 συνηθείαις

296 5312 546 5384 γίνεσθαί
579 5329 661 5374 τις
685 5308 871 5370 εἰπὼν,
905 5308 1054 5360 ούδέν
1083 5308 1161 5369 εἰς
1178 5306 1266 5359 τὸν
1292 5307 1385 5375 τῆς
1413 5304 1662 5375 προνοίας
1683 5303 1786 5373 πλη
1797 5321 1856 5373 μ-

301 5404 525 5475 μελήσει
548 5402 722 5469 λόγον.
748 5400 821 5452 υύ
855 5399 960 5469 γὰρ
984 5398 1081 5467 τὴν
1104 5397 1260 5465 φύσιν
1288 5396 1396 5447 τῶν
1421 5396 1587 5449 ὄντων
1609 5393 1854 5463 γίνεσθαι

306 5490 437 5560 παρ’
462 5488 639 5559 ἡμῶν,
668 5486 800 5539 ἀλλὰ
825 5487 890 5539 τὰ
920 5485 1150 5554 ὀνόματα
1170 5483 1630 5553 λέγομεν.Ἀλλως
1659 5483 1853 5553 ὀνομά-

301 5584 384 5645 ζει
414 5580 503 5632 τὸν
525 5578 748 5647 οὐρανὸν
772 5579 800 5630 ὀ
827 5575 1090 5647 Ἐϐραῖος,
1118 5574 1209 5626 καὶ
1238 5574 1435 5644 ἑτέρως
1462 5575 1489 5627 ὁ
1520 5574 1817 5634 Χαναναῖος
1835 5588 1850 5603 ι

294 5671 405 5721 νοεῖ
425 5668 480 5721 δέ
496 5666 750 5729 ὡσαύτως
769 5666 923 5719 ἐκάτε
934 5681 1040 5736 ρος,
1062 5664 1209 5716 οὐδὲν
1234 5666 1298 5734 τῇ
1315 5663 1545 5735 διαφορᾷ
1565 5662 1670 5714 τῶν
1690 5662 1853 5730 φθόγ-

299 5759 555 5833 γωνςπερὶ
580 5758 675 5831 τὴν
702 5757 1025 5827 κατανόησιν
1042 5755 1133 5808 τοῦ
1160 5756 1513 5827 ὑποκειμένου
1530 5754 1849 5824 διασφαλὶό-

1956 4581 2131 4635 neque
2170 4566 2221 4621 ei
2268 4582 2404 4635 opus
2431 4575 2515 4621 est
2546 4567 2827 4629 memoria,
2860 4580 2984 4620 cum
3031 4566 3149 4635 ejus
3200 4567 3513 4635 perspicace

1950 4656 2190 4726 potentia
2211 4657 2392 4711 omnia
2408 4657 2789 4711 contineantur
2801 4667 2852 4711 et
2870 4664 3185 4712 cernantur.
3200 4656 3334 4721 Quis
3352 4657 3513 4726 igitur

1948 4750 2005 4802 in
2030 4764 2094 4804 eo
2119 4748 2269 4802 verbi
2300 4748 2640 4817 velnominis
2677 4765 2833 4814 usus,
2862 4764 2987 4803 cum
3020 4750 3133 4817 ipsa
3177 4763 3298 4817 qua:
3345 4750 3397 4799 in
3446 4761 3511 4799 eo

1950 4847 2033 4893 est
2088 4838 2352 4907 sapientia
2404 4847 2457 4892 ct
2516 4839 2757 4908 potentia
2808 4838 3148 4893 inconfusam
3212 4845 3265 4890 et
3319 4837 3511 4890 distin,

1950 4938 2095 4983 ctam
2126 4944 2315 4984 eorum
2345 4945 2467 4999 qua:
2510 4938 2638 4984 sunt
2667 4938 2919 4984 naturam
2956 4929 3271 4983 contineat“!
3307 4927 3509 4993 Quam-,-

1948 5022 2135 5075 obrem
2186 5036 2216 5073 a
2255 5019 2364 5076 Deo
2411 5020 2629 5091 quidem
2687 5030 2813 5076 sunt
2869 5036 2930 5075 ea
2979 5034 3098 5089 qua:
3175 5026 3302 5073 sunt
3361 5033 3508 5088 quae-

1950 5128 2057 5182 que
2111 5111 2420 5167 subsistunt
2467 5113 2687 5176 omnia,
2745 5111 2837 5166 sed
2900 5118 3098 5164 nostra:
3169 5109 3507 5165 deduCtionis
3613 5143 3623 5157 ς

1949 5218 2115 5258 causa
2135 5202 2220 5257 his
2250 5218 2369 5271 qua:
2390 5214 2517 5257 sunt
2554 5202 2915 5273 signiﬁcativa
2945 5214 3127 5254 rerum
3154 5200 3512 5270 imponuntur

1951 5296 2189 5349 nomina.
2224 5293 2345 5349 Hmc
2373 5306 2569 5357 autem,
2619 5303 2674 5348 ut
2706 5294 2977 5348 hominum
3021 5292 3141 5345 usui
3173 5298 3227 5346 et
3279 5305 3509 5345 consueo

1951 5385 2128 5438 tudini
2182 5384 2380 5454 placet,
2412 5384 2456 5438 si
2488 5384 2613 5453 quis
2644 5382 2843 5437 dixerit
2884 5382 3019 5444 ﬁeri,
3076 5382 3209 5437 nihil
3244 5382 3297 5434 in
3333 5381 3511 5449 provi-

1953 5476 2151 5530 dentia;
2184 5478 2443 5531 rationem
2470 5476 2796 5544 peccaverit.
2850 5474 2965 5528 Non
3008 5474 3149 5527 enim
3177 5489 3366 5529 eorum
3390 5488 3510 5542 qua:

1953 5577 2081 5622 sunt
2113 5577 2383 5630 naturam,
2412 5567 2504 5621 sed
2526 5565 2744 5619 nomina
2776 5566 2893 5621 ﬁeri
2927 5580 2956 5618 ι
2993 5567 3152 5620 nobis
3181 5566 3503 5621 asscrimus.

1952 5660 2123 5714 Aliter
2152 5659 2411 5714 Hebraeus
2442 5657 2637 5712 coelum
2664 5658 2929 5722 nominat,
2954 5658 3110 5711 aliter
3139 5656 3507 5725 Chananzeus;

1956 5752 2050 5809 sed
2105 5750 2293 5807 eodem
2338 5747 2501 5804 modo
2544 5747 2798 5818 intelligit
2827 5758 3073 5819 uterque,
3110 5747 3242 5802 nihil
3293 5754 3510 5819 prapter
