4006 6490
557 358 689 411 1007

1782 368 1839 420 S.
1890 365 2215 423 GREGOItIl
2262 367 2545 425 NYSSENI

3638 380 3778 435 1003

550 491 806 529 sonorum
832 473 1187 528 differentiam
1228 479 1280 531 in
1321 480 1548 549 subjecti
1593 484 1899 551 cognitione
1954 486 2109 539 aber-

2218 504 2392 556 μενος.
2433 489 2495 542 Ἦ
2524 489 2580 542 δὲ
2606 489 2721 543 λίαν
2757 491 2985 561 εὐλαϐὴς
3012 490 3116 543 τῶν
3149 490 3325 558 σοφῶν
3347 493 3552 547 τούτων
3592 496 3779 550 ἐθελο-

552 582 695 621 rans.
740 565 840 621 Sed
875 568 1065 622 horum
1095 572 1396 640 sapientum
1433 575 1658 627 nimium
1700 584 1857 629 cauta
1882 585 1935 629 et
1965 576 2109 628 timi-

549 654 617 707 da
665 657 1002 723 superstitio,
1046 674 1141 726 per
1198 675 1317 729 qum
1369 664 1585 725 asserit,
1632 665 1776 732 quod
1819 666 1865 718 si
1918 665 2109 718 datum

552 746 713 799 fuerit
753 746 821 800 ab
854 747 1167 803 hominibus
1198 750 1400 807 inditas
1425 768 1546 807 esse
1584 754 1747 809 rebus
1782 769 1965 819 voces,
2013 756 2108 809 ho—

551 838 723 891 mines
772 839 880 893 Deo
920 841 1334 911 principaliores
1379 860 1524 907 esse,
1562 860 1701 898 vana
1744 861 1867 900 esse
1922 846 2108 900 redar-

550 932 751 999 guitur,
784 941 976 1003 etquae
994 934 1291 991 subsistere
1312 937 1515 1005 nequit,
1536 953 1596 989 ac
1612 954 1705 1007 per
1726 939 1903 1007 ipsum
1942 937 2107 993 lllosis

550 1026 856 1093 exemplum
904 1027 1046 1095 quod
1112 1028 1269 1082 nobis
1327 1029 1381 1082 in
1430 1029 1708 1099 Scriptura
1775 1046 2106 1085 commemo-

550 1124 702 1169 ratur
734 1117 795 1169 δ’.
859 1116 990 1183 Quis
1058 1120 1201 1173 enim
1264 1120 1365 1187 ipsi
1425 1120 1560 1175 Mosi
1621 1122 1816 1176 indidit
1872 1124 2108 1176 nomen?

552 1205 738 1261 Nonne
766 1209 869 1262 lilia
899 1207 1216 1275 Pharaonis,
1247 1228 1365 1280 qua:
1391 1228 1512 1265 eum
1534 1229 1595 1267 ex
1627 1224 1823 1268 eventu
1863 1215 2108 1267 nomina-

554 1299 666 1353 vit?
696 1300 869 1356 Moses
904 1302 1044 1355 enim
1080 1301 1455 1373 [Egyptiorum
1491 1306 1671 1375 lingua
1704 1305 1905 1361 dicitur
1946 1323 2103 1375 aqua.

552 1389 813 1455 Quoniam
849 1392 1013 1462 igitur
1051 1393 1346 1448 secundum
1367 1396 1579 1466 tyranni
1599 1397 1832 1450 edictum
1860 1398 1913 1450 in
1943 1412 2105 1465 capsa

551 1487 664 1536 sive
694 1486 829 1538 cista
866 1486 1175 1553 impositum
1206 1487 1463 1541 infantem
1498 1496 1743 1557 parentes
1774 1488 1989 1543 ﬂuentis
2013 1490 2107 1542 de-

550 1571 741 1626 derant
775 1574 877 1643 (sic
910 1576 1050 1628 enim
1084 1576 1303 1644 quidam
1338 1576 1723 1631 historicorum
1752 1577 1818 1631 de
1847 1579 1963 1647 ipso
1988 1595 2108 1632 nar-

550 1667 846 1731 raverunt),
887 1665 1000 1720 haec
1051 1683 1177 1723 vero
1227 1668 1364 1722 cista
1399 1668 1580 1722 divina
1613 1671 1885 1723 voluntate
1932 1670 2105 1723 unda-

553 1772 670 1808 rum
700 1757 904 1809 vortice
932 1756 1218 1818 ﬂuctuans,
1274 1759 1405 1828 ripae
1438 1758 1651 1813 admota
1678 1768 1779 1823 est,
1809 1767 1864 1815 et
1911 1775 1941 1813 a
1997 1760 2105 1813 lilia

2215 579 2477 651 θρησκεία
2515 582 2581 634 δι’
2613 577 2687 635 ὧν
2716 585 2763 635 εί
2787 582 2961 653 δοθείη
2988 581 3137 651 παρὰ
3162 583 3460 653 ἀνθρώπων
3494 581 3637 639 εἶναι
3668 592 3779 649 τοῖς

2216 672 2501 741 πράγμασι
2544 670 2644 735 τὰς
2678 672 2879 742 φωνάς,
2907 672 2967 725 τὸ
3004 674 3484 743 ἀρχηγικωτέρους
3515 671 3657 729 εἶναι
3680 679 3777 731 τοῦ

2214 761 2347 816 Θεοῦ
2378 765 2503 826 τοὺς
2544 764 2860 835 ἀνθρώπους
2899 765 3292 829 κατασκευάζει
3314 807 3329 831 ,
3358 767 3641 838 ἐλέγχεται
3675 788 3779 840 μα-

2213 854 2339 907 ταία
2379 872 2461 917 τις
2500 850 2632 907 οὖσα
2675 856 2767 908 καὶ
2810 857 3204 922 ἀνυπόστατος,
3236 858 3330 910 καὶ
3362 858 3429 911 δι’
3471 860 3641 913 αὑτοῦ
3680 862 3775 913 τοῦ

2216 946 2355 999 κατά
2382 946 2472 1000 τὸν
2506 948 2748 1001 Μωῦσέα
2781 948 3240 1019 μνημονευθέντος
3270 951 3400 1019 ἡμῖν
3435 951 3778 1023 ὑποδείγμα-

2213 1055 2322 1101 τος.
2344 1037 2500 1108 Αὑτῴ
2521 1038 2626 1109 γὰρ
2648 1038 2724 1108 τῷ
2744 1040 2947 1109 Μωῡσῇ
2976 1040 3058 1103 τίς
3080 1039 3230 1092 ἔθετο
3254 1040 3349 1111 τὴν
3371 1044 3776 1113 προσηγορία-η

2214 1129 2324 1198 Οὐχ
2354 1132 2387 1200 ἡ
2424 1130 2663 1200 θυγάτηρ
2700 1130 2792 1182 τοῦ
2830 1130 3026 1200 Φαραὼ
3050 1132 3115 1183 ὲκ
3141 1131 3233 1185 τοῦ
3266 1133 3566 1202 συμϐάντος
3590 1137 3781 1187 ἐπονο-

2216 1222 2465 1290 μάσασα;
2498 1222 2732 1290 Μωῦσῆς
2776 1222 2883 1292 γάρ
2913 1222 2975 1275 τὸ
3013 1222 3165 1291 ὔδωρ
3202 1224 3416 1291 λέγεται
3444 1227 3509 1295 τῇ
3538 1226 3651 1278 τῶν
3680 1229 3781 1279 Αἰ-

2212 1312 2452 1379 γυπτίων
2499 1315 2667 1382 φωνῇ.
2707 1313 2858 1365 Ἐπεὶ
2902 1308 2992 1365 οῦν
3030 1313 3169 1365 κατὰ
3208 1314 3270 1366 τὸ
3319 1315 3643 1386 πρόσταγμα
3678 1318 3778 1370 τοῦ

2210 1402 2491 1472 τυράννου,
2516 1401 2728 1472 κιϐωτῷ
2744 1402 2803 1455 τὸ
2833 1402 3025 1472 βρέφος
3048 1403 3289 1467 ἐνθέντες
3314 1406 3362 1457 οἱ
3380 1407 3777 1476 γεννησάμενοι

2210 1496 2320 1556 τοῖς
2343 1492 2573 1564 ῥείθροις
2588 1492 2809 1546 ἔδωκανο
2828 1492 2967 1545 οὕτω
2990 1493 3097 1563 γάρ
3112 1512 3253 1557 τινες
3275 1495 3381 1547 τῶν
3402 1497 3685 1567 ἱστορικῶν
3708 1500 3778 1550 τὰ

2210 1586 2326 1637 κατ’
2358 1584 2515 1637 αὐτὸν
2543 1585 2893 1655 διηγήσαντο·
2922 1585 2955 1654 ἡ
2983 1584 3037 1637 δὲ
3060 1587 3199 1638 κατὰ
3227 1585 3367 1638 θεῖον
3394 1587 3643 1657 βούλημα
3664 1589 3772 1641 ὑπὸ

2209 1673 2308 1743 τῆς
2333 1675 2478 1745 δίνης
2506 1674 2610 1726 τῶν
2636 1675 2890 1744 κυμάτων
2916 1675 3312 1745 ὲκκυμανθείσα
3334 1678 3675 1748 προσηνέχθη
3705 1682 3775 1748 τῇ

2210 1766 2362 1837 ὄχθῃ,
2392 1768 2483 1818 καὶ
2507 1766 2721 1837 εὕρημα
2747 1764 2843 1833 τῆς
2882 1763 3148 1833 βασιλίδος
3169 1768 3287 1820 κατ’
3314 1768 3504 1837 ἐκείνῳ
3538 1768 3619 1836 τῷ
3648 1768 3775 1821 λου-

550 1846 697 1916 regis
733 1846 967 1909 inventa,
1001 1864 1121 1917 qua:
1159 1855 1287 1902 tunc
1312 1850 1364 1902 in
1394 1848 1487 1902 illo
1514 1847 1736 1902 ﬂumine
1764 1864 1960 1920 corpus
2008 1851 2104 1906 ab-

2212 1856 2321 1928 τρῷ
2348 1856 2407 1909 τὸ
2437 1857 2593 1927 σῶμα
2634 1857 3063 1929 φαιδρυνομένης
3103 1857 3343 1925 ἐγένετο,
3372 1858 3447 1921 ὡς
3476 1858 3532 1924 ἐξ
3579 1859 3775 1922 ὓδατος

551 1935 757 2001 luebat,
786 1950 839 1993 et
866 1940 1007 2007 quod
1038 1956 1101 1994 ex
1135 1954 1273 2009 aqua
1308 1956 1440 2009 puer
1473 1940 1576 2011 ipsi
1606 1941 1907 2011 acquisitus
1943 1955 2105 2007 esset,

554 2039 961 2085 monumentum
994 2030 1197 2085 fortuiti
1230 2040 1456 2087 eventus
1484 2048 1654 2102 puero
1701 2033 1899 2087 dicitur
1933 2036 2109 2105 impo-

558 2123 732 2175 suisse
770 2137 983 2177 nomen.
1037 2122 1156 2189 Quo
1180 2124 1342 2177 etiam
1370 2123 1510 2179 Deus
1537 2126 1651 2193 ipse
1679 2125 1732 2177 in
1769 2140 1869 2180 suo
1909 2125 2109 2180 famulo

553 2212 631 2263 uti
668 2228 774 2266 non
807 2215 1130 2284 dedignatus
1156 2224 1256 2278 est,
1316 2231 1490 2284 neque
1538 2216 1816 2286 indignum
1851 2215 2111 2284 judicavit

553 2302 798 2358 barbarae
826 2306 1161 2361 vocationem
1192 2308 1244 2359 in
1282 2307 1538 2376 pmpheta
1565 2307 1835 2376 propriam
1889 2308 2067 2361 sinere
2093 2326 2104 2360 :

555 2395 635 2448 sic
665 2404 788 2449 ante
819 2398 962 2451 hunc
993 2397 1159 2451 Jacob
1192 2398 1375 2452 fratris
1412 2399 1593 2467 planta
1623 2414 1784 2451 manu
1819 2398 2111 2466 apprehen-

554 2501 633 2551 sa,
666 2488 1041 2557 supplantator
1067 2504 1132 2543 ex
1161 2488 1330 2558 figura
1369 2505 1475 2559 qua
1505 2489 1683 2543 editus
1719 2500 1803 2543 est
1830 2490 1880 2542 in
1912 2490 2107 2557 lucem,

553 2579 851 2648 appellatus
882 2587 965 2634 est
994 2578 1062 2633 ⁵ο.
1096 2580 1177 2633 Ad
1203 2582 1302 2634 hoc
1336 2596 1479 2634 enim
1507 2582 1648 2635 ferre
1677 2581 1912 2635 nominis
1938 2580 2107 2635 Jacob

552 2670 1052 2740 interpretationem
1090 2673 1143 2727 in
1178 2671 1420 2726 Graecam
1451 2688 1639 2728 vocem
1680 2682 2108 2743 transsumptam

554 2763 630 2817 illi
661 2766 751 2833 qui
790 2766 915 2817 talia
945 2774 1213 2820 noverunt
1244 2766 1473 2832 docent;
1516 2775 1569 2821 et
1612 2767 1814 2822 Phares
1846 2767 2108 2821 obstetrix

552 2872 743 2910 rursus
772 2872 837 2911 ex
871 2864 1063 2913 eventu
1102 2858 1192 2927 qui
1229 2858 1426 2912 accidit
1455 2860 1509 2916 in
1538 2868 1693 2928 partu
1716 2858 2016 2914 nominavit
2037 2858 2106 2913 σί.

553 2949 617 3003 Et
646 2939 829 3004 nullus
864 2950 1013 3014 ideo,
1042 2950 1337 3006 secundum
1365 2950 1710 3013 Eunomium,
1742 2951 1844 3006 sibi
1904 2950 2109 3020 princi—

552 3052 737 3110 patum
769 3040 863 3096 Dei
896 3050 1162 3111 potestate
1196 3042 1559 3112 antiquiorem
1605 3044 1892 3099 ambitiose
1943 3043 2111 3098 voluit

2178 1950 2342 2023 ,αὐτῇ
2379 1948 2471 2001 τοῦ
2515 1947 2697 2011 παιδὸς
2721 1948 3029 2016 κτηθέντος,
3068 1948 3405 2018 μνημόσυνον
3443 1948 3543 2016 τῆς
3582 1966 3769 2003 συννεν-

2208 2042 2327 2111 χίας
2355 2040 2570 2108 λέγεται
2599 2039 2674 2110 τῷ
2700 2040 2845 2093 παιδὶ
2871 2040 3054 2093 θέσθαι
3084 2040 3145 2092 τὸ
3166 2040 3356 2108 ὄνομα.
3387 2032 3457 2109 ᾯ
3486 2040 3582 2092 καὶ
3610 2040 3775 2103 αὐτὸς

2205 2137 2233 2187 ό
2260 2135 2387 2198 Θεὸς
2416 2136 2509 2187 ἐπὶ
2526 2134 2619 2188 τοῦ
2638 2134 2963 2205 θεράποντος
2986 2131 3285 2203 κεχρῆσθαι
3308 2132 3407 2184 οὐκ
3434 2131 3772 2201 ἀπηξίωσεν,

2207 2226 2325 2279 οὐδὲ
2355 2226 2569 2290 ἀνάξιον
2597 2226 2777 2296 ἔκρινε
2800 2225 2897 2296 τὴν
2918 2226 3014 2295 τῆς
3046 2224 3316 2295 βαρϐάρου
3345 2224 3531 2291 κλῆσιν
3554 2225 3647 2275 ἐπὶ
3674 2223 3775 2275 τοῦ

2210 2319 2486 2389 προφήτου
2510 2318 2699 2388 κυρίαν
2728 2317 2883 2369 ἐάσαι
2904 2330 2920 2348 ο
2947 2314 3118 2378 οὕτως
3144 2316 3279 2385 πρὸς
3322 2315 3509 2367 τούτου
3549 2313 3773 2373 Ἰακὼϐ,

2206 2408 2304 2478 τῆς
2334 2407 2428 2459 τοῦ
2451 2408 2708 2475 συγγόνου
2740 2406 2975 2477 πτέρνης
3006 2406 3421 2476 ἐπειλημμένος,
3444 2406 3777 2476 πτερνιστὴς

2207 2501 2272 2552 ὲκ
2314 2498 2406 2551 τοῦ
2459 2499 2731 2569 σχήματος
2770 2490 2814 2564 ᾧ
2864 2497 3273 2566 συναπεκυήθη,
3330 2495 3775 2566 προσηγορεύθη.

2208 2590 2303 2652 Εἰς
2333 2588 2488 2641 τοῦτο
2521 2587 2626 2658 γὰρ
2657 2587 2839 2657 φέρειν
2874 2587 2966 2639 τοῦ
3013 2584 3204 2639 Ἰακὼϐ
3238 2586 3337 2655 τὴν
3366 2586 3665 2656 ἑρμηνείαν
3698 2588 3781 2647 εἰς

2219 2678 2443 2733 Ἐλλάδα
2475 2678 2655 2750 φωνὴν
2701 2676 3128 2747 μεταληφθεῖσαν
3163 2678 3210 2728 οἱ
3247 2676 3313 2728 τά
3336 2675 3557 2729 τοιαῦτα
3585 2692 3780 2744 νενοη-

2210 2772 2361 2834 κότες
2393 2770 2728 2825 διδάσκουσιν
2750 2786 2762 2798 ·
2802 2770 2893 2821 καὶ
2922 2769 3013 2821 τὸν
3048 2768 3221 2839 Φαρὲς
3254 2770 3287 2838 ἡ
3324 2768 3459 2838 μαία
3496 2766 3660 2820 πάλιν
3708 2770 3778 2819 ὲκ

2209 2863 2300 2917 τοῦ
2330 2864 2455 2933 περὶ
2494 2861 2583 2915 τὸν
2614 2863 2768 2914 τόκον
2801 2859 3099 2930 συμϐάντος
3127 2858 3397 2930 ὠνόμασε.
3436 2860 3546 2912 Καὶ
3574 2859 3781 2921 οὐδεὶς,

2209 2954 2351 3008 κατά
2394 2954 2669 3024 Εὐνόμιον,
2713 2953 2788 3015 ὡς
2828 2950 3274 3022 ἀρχηγικωτέραν
3326 2950 3495 3019 αὐτὴν
3540 2950 3641 3019 τῆς
3683 2949 3785 3003 τοῦ

2209 3048 2342 3101 Θεοῦ
2368 3046 2611 3112 ἐξουσίας
2633 3044 3044 3114 έζηλοτῦπησεν.
3064 3042 3222 3095 Ἀλλά
3251 3044 3343 3095 καὶ
3368 3046 3477 3105 τοῖς
3499 3044 3786 3113 πατριάρο

550 3150 827 3207 arrogare.
863 3134 968 3190 Sed
997 3143 1050 3191 et
1085 3138 1411 3206 patriarchis
1453 3142 1656 3192 matres
1689 3137 1907 3191 nomina
1937 3138 2108 3206 impo-

2214 3159 2335 3212 χαις
2383 3142 2439 3193 αἱ
2491 3138 2722 3210 μητέρες
2764 3136 2833 3189 τὰ
2884 3137 3122 3206 ὀνόματα
3174 3134 3441 3187 τίθενται·
3490 3134 3784 3203 Ῥουϐεὶμ,

550 3234 719 3291 nunt;
750 3227 962 3293 Ruben,
1008 3227 1250 3293 Simeon,
1301 3228 1426 3283 Levi
1455 3229 1522 3294 ",
1567 3236 1620 3283 et
1674 3230 1898 3298 reliquis
1933 3227 2107 3282 omni-

551 3321 651 3375 bus
679 3321 933 3391 deinceps
974 3322 1244 3377 similiter.
1292 3320 1356 3374 Et
1400 3322 1582 3376 nullus
1626 3320 1921 3375 secundum
1962 3320 2109 3373 hunc

554 3422 869 3484 nugatorem
900 3416 953 3469 in
997 3416 1105 3470 illis
1135 3414 1471 3483 temporibus
1517 3413 1714 3468 divinm
1761 3412 2111 3482 providentiae

554 3505 821 3559 sollicitus
868 3513 1087 3557 curator
1136 3503 1365 3568 exstitit,
1414 3503 1508 3573 qui
1564 3502 1873 3572 prohiberet
1905 3518 1973 3557 ne
2016 3517 2112 3571 per

553 3596 695 3651 hanc
720 3595 997 3648 nominum
1032 3594 1431 3665 impositionem
1462 3592 1795 3647 muliercula:
1829 3592 1940 3647 Deo
1962 3592 2110 3662 prin-

554 3690 842 3760 cipaliores
872 3690 1078 3743 tierent.
1112 3687 1245 3754 Quis
1266 3694 1444 3741 autem
1475 3686 1687 3755 singula
1713 3700 1833 3755 qum
1864 3701 1929 3739 ex
1953 3698 2111 3739 sacra

556 3783 832 3852 Scriptura
859 3782 1099 3851 depromi
1128 3787 1374 3851 possunt,
1394 3779 1569 3833 valeat
1598 3793 1897 3836 recensere:
1916 3792 2112 3847 aquam

553 3874 1021 3937 contradictionis,
1072 3880 1125 3927 et
1154 3873 1331 3926 locum
1368 3872 1567 3935 luctus,
1597 3877 1651 3924 et
1677 3868 1865 3924 collem
1898 3883 2112 3939 prazpu-

555 3969 775 4029 tiorum,
810 3974 864 4021 et
895 3966 1089 4019 vallem
1120 3964 1342 4028 racemi,
1368 3971 1423 4017 et
1470 3976 1659 4032 agrum
1699 3960 2000 4030 sanguinis,
2059 3968 2113 4014 et

553 4063 734 4115 omnia
770 4056 1083 4127 hujusmodi
1118 4056 1359 4121 nomina,
1385 4069 1505 4123 quae
1535 4053 1751 4123 quidem
1775 4053 1845 4106 ab
1874 4051 2112 4106 homini-

554 4153 656 4206 bus
680 4152 952 4220 imposita,
986 4163 1129 4218 saepe
1152 4148 1315 4201 etiam
1364 4162 1424 4199 ex
1463 4160 1694 4215 persona
1735 4143 1826 4198 Dei
1872 4159 2112 4217 comme-

556 4248 877 4300 morantur?
916 4242 1019 4297 Per
1068 4256 1188 4309 qua:
1226 4240 1353 4295 licet
1377 4238 1585 4293 discere
1618 4237 1758 4307 quod
1794 4250 1969 4304 neque
2018 4251 2112 4289 su-

557 4344 655 4400 pra
704 4330 995 4383 humanam
1027 4328 1345 4399 dignitatem
1380 4337 1464 4384 est
1493 4343 1556 4382 ea
1585 4342 1704 4396 quae
1748 4324 1804 4378 fit
1851 4325 1916 4379 de
1950 4326 2112 4380 rebus

557 4437 655 4492 per
684 4421 845 4475 verba
877 4422 1193 4487 declaratio,
1225 4435 1399 4489 neque
1431 4435 1526 4485 per
1558 4419 1672 4473 haec
1704 4417 1919 4472 «divina:
1957 4428 2113 4472 natu-

557 4528 629 4565 ται
655 4512 891 4581 potentia
922 4512 1041 4580 plus
1069 4511 1411 4566 auctoritatis
1438 4510 1621 4563 habet.

632 4602 735 4658 Sed
777 4604 910 4656 alias
938 4603 1152 4673 quidem
1201 4618 1374 4672 nugas
1430 4617 1565 4671 quas
1593 4609 1784 4657 contra
1829 4600 2113 4656 veritatem

557 4704 789 4766 nugatus
817 4704 899 4749 est
931 4695 1152 4761 delirus,
1188 4704 1246 4749 ut
1276 4694 1481 4749 nullum
1508 4702 1694 4748 contra
1735 4694 1985 4763 dogmata
2027 4708 2115 4748 ro-

558 4790 658 4842 bur
694 4789 948 4841 habentes
976 4787 1195 4843 silentio
1216 4787 1528 4857 praeteribo,
1561 4801 1958 4856 supervacuum
1992 4802 2114 4841 esse

552 4882 804 4947 judicans
842 4881 892 4932 iu
929 4879 1081 4934 vanis
1112 4880 1313 4935 diutius
1338 4880 1632 4934 immorari.
1682 4879 1814 4945 Quis
1846 4880 1990 4935 enim
2040 4882 2113 4934 ita

554 4973 777 5026 demens
811 4981 862 5023 et
894 4970 1207 5027 melioribus
1253 4971 1398 5026 curis
1428 4987 1650 5035 vacuus,
1680 4980 1740 5025 ut
1791 4986 2010 5040 operam
2061 4978 2114 5026 et

555 5064 795 5119 studium
830 5064 884 5116 in
923 5063 1265 5118 sermonibus
1297 5064 1602 5118 amentibus
1631 5070 1684 5119 et
1724 5063 1933 5117 insanis
1988 5077 2113 5132 per-

555 5157 683 5210 dere
713 5156 864 5217 velit,
910 5164 963 5207 et
998 5154 1245 5208 altercari
1294 5155 1553 5211 adversus
1586 5172 1680 5211 eos
1722 5155 1815 5225 qui
1860 5160 2114 5210 asserunt

555 5265 655 5302 nos
714 5248 985 5302 aﬂirmare
1049 5247 1194 5316 quod
1251 5247 1528 5301 hominum
1594 5262 1725 5301 cura
1783 5245 1878 5301 Dei
1964 5244 2113 5300 solli-

555 5337 793 5389 citudine
877 5343 931 5390 et
1008 5350 1138 5388 cura
1203 5336 1551 5404 principalior
1624 5343 1727 5397 est,
1813 5343 1867 5389 et
1933 5335 2111 5404 potio-

557 5442 667 5481 rem
744 5428 1124 5482 auctoritatem
1190 5426 1393 5491 habet,
1456 5434 1531 5483 .et
1606 5426 1747 5497 quod
1833 5428 2108 5497 negligen-

555 5518 683 5573 tiam
727 5535 848 5589 qua:
894 5520 1184 5575 solutiores
1239 5520 1451 5573 animos
1503 5518 1792 5585 disturbat,
1850 5518 1919 5573 ad
1965 5519 2111 5573 illius

556 5609 941 5665 transierimus
989 5610 1417 5681 providentiam?
1470 5607 1598 5663 llaec
1645 5608 1711 5662 ad
1749 5608 1968 5664 verbum
2007 5626 2111 5663 vox

557 5702 943 5757 culumniantis
972 5718 1071 5755 nos
1093 5701 1333 5771 potuiit.
1376 5698 1485 5768 Ego
1508 5707 1687 5755 autem
1714 5700 1919 5768 aequale
1968 5701 2112 5755 arbio

628 5800 671 5830 ’δ’
696 5798 865 5854 Exod.
903 5815 961 5865 ll,
998 5799 1081 5852 10.
1156 5799 1199 5828 ⁵ο
1232 5796 1366 5851 Gen.
1408 5812 1532 5861 xxv,
1572 5795 1660 5848 2.3.

1736 5797 1776 5826 ⁶¹
1807 5794 1941 5851 Gen.
1974 5814 2199 5867 xxxvm,
2238 5797 2326 5853 9.9.

2212 3229 2462 3300 Συμεὼν,
2496 3227 2589 3281 xui.
2612 3226 2761 3289 Λευὶ,
2802 3225 2894 3278 καὶ
2930 3227 3041 3288 τοῖς
3073 3224 3303 3293 καθεξῆς
3336 3224 3498 3276 πᾶσιν
3542 3223 3778 3293 ὁμοίως,

2212 3320 2318 3373 Καὶ
2355 3319 2527 3381 οὐδεὶς
2578 3316 2717 3370 κατά
2761 3315 2851 3367 τὸν
2896 3313 2991 3366 νῦν
3036 3313 3373 3384 λογογράφον
3410 3313 3467 3364 ὲν
3500 3313 3614 3375 τοῖς
3649 3313 3787 3365 τότε

2209 3411 2417 3483 χρόνοις
2445 3410 2539 3479 τῆς
2568 3407 2717 3471 θείας
2745 3406 2997 3477 προνοίας
3037 3404 3286 3476 κηδεμὼν
3326 3405 3589 3474 ἀνεφάνη,
3631 3409 3791 3460 ὥστε

2211 3501 2449 3555 κωλύσαι
2483 3499 2570 3553 διά
2604 3498 2703 3570 τῆς
2732 3497 2839 3550 τῶν
2863 3496 3141 3567 ὀνομάτων
3184 3496 3382 3558 θέσεως
3404 3535 3418 3555 ,
3455 3496 3790 3567 ἀρχηγικὼ-

2208 3611 2341 3665 τερα
2375 3591 2469 3646 τοῦ
2510 3590 2643 3645 Θεοῦ
2680 3587 3026 3659 γενέσθαιτά
3066 3587 3282 3655 γύναια.
3312 3586 3377 3640 Τί
3408 3587 3452 3639 δ’
3491 3588 3556 3640 ἄν
3590 3603 3680 3650 τις
3716 3587 3790 3640 τά

2212 3682 2333 3736 καθ’
2350 3683 2587 3739 ,ἕκαστον
2613 3681 2675 3733 ὲκ
2704 3680 2802 3749 τῆς
2827 3677 3067 3749 ἱστορίας
3086 3676 3252 3744 λέγοι,
3281 3676 3421 3746 ὕδωρ
3445 3674 3789 3742 ἀντιλογίας,

2212 3774 2305 3826 καὶ
2332 3773 2495 3825 τόπον
2523 3770 2769 3834 πένθους,
2797 3770 2888 3822 καί
2917 3766 3101 3839 βουνὸν
3131 3766 3517 3836 ἀκροϐυστιῶν,
3553 3767 3649 3819 καὶ
3677 3767 3792 3833 φά-

2215 3881 2391 3937 ραγγα
2423 3863 2641 3934 βότρυος
2661 3903 2677 3929 ,
2711 3862 2806 3915 καὶ
2829 3859 2994 3931 ἀγρὸν
3032 3858 3293 3930 αἳματος,
3324 3859 3416 3911 καὶ
3451 3857 3516 3909 τὰ
3545 3857 3791 3909 τοιαῦτα

2214 3958 2390 4011 πάντα
2414 3955 2520 4007 τῶν
2552 3954 2848 4024 ὀνομάτων,
2875 3950 3095 4005 τεθέντα
3128 3950 3225 4021 μὲν
3254 3949 3401 4021 παρὰ
3422 3950 3527 4001 τῶν
3566 3951 3668 4004 άνΘ
3680 3948 3793 4018 ρώ-

2214 4064 2350 4112 πων,
2384 4044 2827 4116 μνημονευόμενα
2854 4042 2911 4095 δὲ
2952 4041 3206 4105 πολλάκις
3243 4043 3333 4094 καὶ
3376 4043 3438 4094 ὲκ
3476 4041 3787 4111 προσώπου

2213 4139 2305 4192 τοῦ
2323 4138 2484 4200 Θεοῦ;
2505 4138 2580 4190 Δι’
2600 4130 2674 4189 ὧν
2698 4135 2812 4188 ἔστι
2838 4134 3026 4204 μαθεῖν
3049 4134 3121 4197 ὡς
3148 4132 3270 4185 οὔτε
3291 4133 3427 4203 ὑπὲρ
3448 4133 3544 4202 τὴν
3561 4133 3663 4185 άνθ
3677 4152 3791 4203 ρω-

2214 4208 2379 4299 πίνην
2408 4228 2561 4293 ἀξίαν
2590 4226 2733 4278 ἐστὶν
2762 4227 2794 4295 ἡ
2821 4223 2907 4277 διὰ
2931 4223 3188 4293 ῥημάτων
3217 4222 3475 4291 γινομένη
3496 4222 3638 4274 κατά
3669 4224 3790 4276 τῶν

2216 4321 2552 4393 πραγμάτων
2599 4319 2931 4389 σημείωσις,
2967 4314 3089 4369 οὔτε
3134 4318 3166 4385 ὴ
3217 4315 3315 4383 τῆς
3363 4315 3509 4377 θείας
3559 4315 3791 4383 φύσεως

2215 4414 2437 4485 δύναμις
2468 4413 2553 4465 διὰ
2588 4412 2788 4464 τούτων
2813 4410 2909 4480 τὴν
2945 4407 3246 4479 μαρτυρίαν
3288 4405 3419 4476 ἔχει.

2298 4591 2457 4646 Ἀλλά
2490 4591 2612 4651 τοὺς
2649 4588 2746 4658 μὲν
2772 4586 2963 4649 ἄλλους
2994 4583 3304 4654 φληνάφους
3323 4623 3340 4647 ,
3368 4581 3461 4645 οὓς
3497 4582 3642 4635 κατά
3684 4585 3789 4653 τῆς

2215 4683 2468 4753 ἀληθείας
2508 4680 2790 4750 ἐλήρησεν,
2838 4676 2913 4738 ὡς
2947 4674 3200 4744 οὐδεμίαν
3238 4672 3457 4742 ἔχοντας
3481 4670 3625 4724 κατά
3672 4673 3788 4724 τῶν

2216 4776 2494 4845 δογμάτων
2540 4772 2709 4840 ἰσχὺν,
2752 4766 3159 4838 ὑπερϐήσομαι,
3197 4766 3447 4837 περιττὸν
3477 4760 3618 4817 εἶναι
3659 4767 3786 4835 κρί-

2217 4888 2322 4923 νων
2379 4865 2770 4939 ὲμφιλοχωρεῖν
2827 4862 2938 4924 τοῖς
2993 4858 3258 4930 ματαίοις.
3300 4857 3394 4920 Τίς
3445 4857 3556 4927 γὰρ
3604 4856 3785 4918 οὕτως

2217 4963 2424 5031 ἄφρων,
2454 4958 2536 5019 τίς
2562 4956 2667 5008 τῶν
2697 4951 3122 5021 σπουδαιοτέρων
3155 4948 3466 5019 φροντίδων,
3495 4947 3641 5000 ὥστε
3670 4952 3783 5010 τοῖς

2217 5055 2460 5124 ἀνοήτοις
2486 5049 2594 5102 τῶν
2613 5048 2784 5115 λόγων
2804 5043 3250 5114 προσαναλίσκειν
3272 5041 3369 5110 τὴν
3400 5041 3660 5112 σπουδὴν,
3689 5042 3784 5094 καὶ

2217 5141 2574 5214 διαμάχεσθαι
2609 5137 2742 5210 πρὸς
2772 5136 2900 5198 τοὺς
2927 5134 3178 5203 λέγοντας
3215 5133 3294 5184 ὅτι
3322 5132 3781 5202 άρχηγικωτέραν

2221 5238 2320 5309 μὲν
2360 5236 2450 5289 καὶ
2473 5229 2807 5302 κυριωτέραν
2832 5225 3201 5294 ἀποφαίνομεν
3222 5224 3317 5293 τὴν
3340 5223 3446 5274 τῶν
3474 5222 3779 5291 ἀνθρώπων

2219 5326 2489 5401 φροντίδα,
2514 5324 2610 5393 τῆς
2640 5319 2733 5373 τοῦ
2769 5317 2900 5371 Θεοῦ
2932 5315 3272 5386 κηδεμονίας,
3302 5313 3396 5384 τὴν
3422 5312 3477 5365 δὲ
3504 5316 3617 5376 τοῖς
3643 5316 3779 5383 άμε-

2216 5420 2491 5490 λεστέροις
2520 5414 2838 5485 ἐνοχλοῦσαν
2864 5409 3176 5480 ὀλιγωρίαν,
3212 5408 3289 5470 είς
3309 5406 3404 5476 τὴν
3438 5406 3650 5457 ἐκείνου
3687 5424 3777 5475 μευ

2217 5514 2525 5585 ταφέρομεν
2566 5509 2845 5581 πρόνοιαν;
2873 5503 3057 5558 Ταῦτα
3089 5502 3181 5554 ἐπὶ
3212 5497 3405 5562 λέξεως
3442 5499 3475 5567 ἡ
3521 5497 3616 5549 τοῦ
3667 5496 3777 5548 δια-

2219 5606 2499 5665 ϐάλλοντος
2518 5601 2661 5672 ἡμᾶς
2688 5598 2796 5668 ἔχει
2827 5594 2997 5665 φωνή.
3025 5590 3164 5661 Ἐγὼ
3183 5590 3238 5644 δὲ
3259 5590 3368 5643 τσον
3388 5586 3524 5658 ἡγοῦ
3532 5605 3627 5657 μαι
3652 5586 3776 5657 περὶ

2216 5718 2275 5754 τε
2307 5698 2375 5750 τὰ
2402 5695 2622 5749 τοιαῦτα
2653 5686 2970 5751 σπουδάζειν
3002 5686 3096 5739 καὶ
3124 5682 3356 5756 γραῒδων
3386 5680 3617 5751 ὀνείροις
3649 5680 3775 5731 um-

2406 5795 2449 5825 ⁵³
2484 5789 2619 5845 Gen.
2656 5801 2807 5849 xxxx,
2832 5782 3015 5837 52-31.
