4006 6500
276 304 299 357 ί
311 303 416 358 009

1311 298 1587 356 CONTRA
1627 294 2000 354 EUNOMIUM
2029 335 2044 356 .
2099 294 2229 349 LIB.
2274 293 2385 349 XII.

3367 297 3513 353 10ίο

275 420 576 495 σχολάζειν.
613 422 686 475 Τὸ
717 423 820 494 γὰρ
856 422 912 474 ἐν
945 421 1098 490 τύπῳ
1139 419 1389 490 φθόγγων
1435 420 1594 474 τινῶν
1641 420 1844 473 οἴεσθαι

1951 427 2064 470 Iror
2090 416 2142 470 in
2180 415 2380 471 talibus
2409 414 2647 470 studium
2693 420 2745 472 et
2775 431 2994 487 operam
3047 431 3244 485 ponere
3278 431 3341 471 ac
3388 419 3504 471 ani-

273 518 342 584 τῇ
376 513 501 583 Θείᾳ
528 511 684 580 φύσει
717 513 777 568 τὸ
813 515 912 582 τῆς
939 512 1113 584 ἀρχῆς
1143 512 1234 565 καὶ
1274 512 1592 582 κυριότητος
1628 512 1843 581 ἀξίωμα

273 605 678 673 διαφυλάσσειν,
713 606 806 657 καὶ
831 605 929 673 τὴν
971 604 1212 673 μεγάλην
1240 602 1333 658 τοῦ
1359 603 1494 656 Θεοῦ
1521 604 1746 673 δύναμιν
1788 605 1845 657 ἐν

273 696 452 766 τούτῳ
479 695 763 757 δεικνύειν,
798 694 1019 764 ἀμελεῖν
1051 713 1107 749 τε
1139 696 1300 750 πάλιν
1331 695 1420 747 τὸν
1451 695 1581 747 Θεὸν
1624 694 1718 746 καὶ
1743 694 1844 746 όλι-

276 788 479 856 γωρεῖν
527 786 626 856 τῆς
671 787 1050 857 προσηκούσης
1090 786 1239 856 αὐτῷ
1286 785 1570 855 προνοίας,
1607 786 1751 855 ἡμᾶς
1785 802 1844 838 τε

275 878 582 933 διαϐάλλειν
601 920 616 944 ,
645 879 725 932 ὅτι
756 880 856 948 τὴν
895 879 1116 949 λογικὴν
1149 879 1374 948 δύναμιν
1404 878 1554 948 παρὰ
1589 876 1682 930 τοῦ
1708 875 1843 928 Θεοῦ

277 969 534 1032 λαῦόντες
561 971 609 1022 oi
650 969 946 1041 ἄνθρωποι,
981 970 1169 1022 ἔπειτα
1201 971 1321 1022 κατ’
1353 967 1596 1033 ἐξουσίαν
1620 970 1729 1029 τοῖς
1755 967 1842 1018 λό-

277 1079 398 1131 γοις
433 1061 569 1133 πρὸς
605 1061 704 1132 τὴν
739 1061 846 1114 τῶν
882 1061 1218 1131 πραγμάτων
1245 1059 1474 1132 δήλωσιν
1518 1060 1840 1129 κέχρηνταιο,

277 1152 331 1203 τί
379 1152 506 1206 ἄλλο
545 1151 578 1222 ἦ
619 1152 739 1222 οὐχὶ
787 1150 1036 1222 γραώδης
1109 1151 1275 1222 μῦθος
1334 1151 1366 1221 ἢ
1415 1148 1843 1220 κραιπαλώντων

277 1245 486 1314 ὄνειρος
519 1244 577 1297 τὸ
619 1243 856 1297 τοιοῦτόν
881 1245 1029 1297 ἐστιν
1056 1261 1070 1308 ;
1113 1243 1176 1296 Ἦ
1204 1241 1311 1312 γὰρ
1341 1241 1543 1311 ἀληθὴς
1584 1239 1676 1293 τοῦ
1708 1238 1841 1292 Θεοῦ

277 1334 505 1404 δύναμίς
533 1352 594 1388 τε
622 1335 716 1388 καλ⁵
747 1334 981 1399 ἐξουσία,
1004 1335 1096 1388 καὶ
1133 1334 1274 1406 ἀρχὴ
1308 1333 1401 1385 καὶ
1425 1332 1679 1403 κυριότης
1703 1331 1844 1386 κατά

279 1448 343 1499 γε
371 1433 465 1486 τὸν
483 1433 749 1504 ἡμέτερον
769 1432 924 1500 λόγον
953 1432 1050 1485 οὐκ
1071 1432 1128 1483 ἐν
1153 1431 1438 1494 συλλαϐαῖς
1459 1431 1516 1484 τὸ
1548 1426 1684 1484 εἶναι
1709 1429 1840 1498 ἔχει,

277 1523 312 1593 ἢ
345 1522 515 1587 οὕτως
544 1523 609 1577 ἂν
633 1525 710 1586 εἰς
730 1524 994 1594 ὁμότιμον
1028 1523 1170 1576 ἔλθοι
1210 1522 1288 1592 τῷ
1314 1522 1431 1593 Θεῷ
1456 1523 1562 1585 πᾶς
1593 1518 1841 1574 ὁστισοῦν

277 1615 506 1686 εὑρετὴς
552 1614 812 1685 ῥημάτων
848 1614 1128 1685 γινόμενος
1155 1653 1170 1677 ,
1203 1614 1316 1667 ἀλλ’
1360 1613 1554 1676 αίῶνες
1591 1612 1839 1682 ἄπειροι,

279 1709 375 1762 καὶ
407 1708 610 1778 κόσμου
636 1705 808 1777 κάλλη
832 1748 848 1773 ,
876 1707 967 1760 καὶ
990 1707 1288 1776 φωστήρων
1311 1707 1496 1773 αὐγαὶ,
1537 1705 1631 1757 καὶ
1653 1704 1721 1757 τὰ
1748 1704 1840 1756 ἐπὶ

277 1801 381 1870 γῆς
408 1799 501 1852 καὶ
543 1798 808 1868 Θαλάττης
851 1797 1136 1869 θαύματα,
1179 1797 1422 1866 ἀγγέλων
1461 1814 1518 1849 τε
1551 1796 1832 1867 στρατιαὶ,

279 1893 375 1946 καὶ
411 1891 770 1963 ὕπερκόσμιοι
812 1891 1083 1962 δυνάμεις,
1113 1891 1206 1943 καὶ
1238 1891 1289 1944 εί
1320 1907 1372 1943 τι
1410 1888 1536 1943 ἄλλο
1569 1889 1707 1942 κατά
1738 1889 1836 1958 τὴν

279 1983 393 2038 ἄνω
432 1982 584 2054 λῆξιν
624 1983 774 2054 παρὰ
806 1983 907 2052 τῆς
950 1982 1172 2054 Γραφῆς
1216 1975 1353 2034 εἶναι
1389 1980 1456 2033 δι’
1502 1981 1836 2051 αἰνιγμάτων

280 2072 570 2144 ἀκούομεν,
614 2072 788 2126 ταῦτά
826 2075 942 2126 ἐστι
968 2073 1037 2126 τὰ
1078 2071 1456 2143 μαρτυροῦντα
1491 2071 1568 2142 τῷ
1595 2071 1712 2141 Θεῷ
1741 2070 1837 2141 τὴν

280 2165 420 2236 ὑπὲρ
461 2165 638 2218 πάντα
682 2164 930 2235 δύναμιν.
964 2165 1151 2234 Φωνῆς
1185 2164 1241 2218 δέ
1270 2159 1404 2236 ἦχον
1431 2167 1542 2226 τοῖς
1571 2164 1836 2232 πεφυκόσι

280 2255 609 2324 φθέγγεσθαι
639 2257 926 2326 μαρτυρῶν
945 2273 1048 2321 τις,
1069 2256 1219 2310 οὐδὲν
1243 2259 1321 2320 είς
1342 2257 1432 2310 τὸν
1456 2255 1721 2309 δεδωκότα
1740 2257 1839 2326 τὴν

279 2345 462 2418 φωνὴν
500 2346 788 2417 άσεόήσει·
825 2349 943 2401 οὐδέ
981 2348 1089 2420 γὰρ
1129 2349 1272 2419 μέγα
1305 2366 1358 2402 τι
1392 2347 1548 2401 τοῦτο
1578 2348 1836 2418 οἰόμεθα,

279 2439 342 2490 τὸ
375 2438 710 2508 σημαντικὰς
744 2439 850 2492 τῶν
891 2439 1225 2510 πραγμάτων
1271 2439 1604 2510 ἐξευρίσκειν
1634 2440 1836 2508 φωνάς.

280 2522 353 2599 Ὦ
385 2530 491 2600 γὰρ
524 2531 556 2600 ἡ
597 2531 783 2602 Γραφὴ
811 2531 950 2584 κατά
986 2532 1084 2600 τὴν
1113 2532 1388 2603 ἱστορικὴν
1427 2532 1836 2602 κοσμογένειαν,

281 2619 568 2694 ἀνθρώπου
596 2623 762 2693 ὄνομα
793 2623 868 2694 τῷ
890 2624 1010 2678 καθ’
1044 2626 1192 2696 ἡμᾶς
1220 2625 1370 2678 ἔθετο
1397 2624 1696 2695 πλάσματι,
1724 2624 1840 2678 τοῦ·

280 2732 376 2768 τον
410 2717 438 2768 ό
485 2714 603 2768 Ἰὼϐ
648 2715 833 2788 βροτὸν
873 2716 1156 2785 ὀνομάζει,
1188 2717 1281 2772 καί
1313 2733 1457 2781 τινες
1501 2717 1608 2770 τῶν
1644 2715 1840 2780 ἔξωθεν

283 2803 458 2874 φῶτα,
492 2806 584 2859 καὶ
615 2806 823 2876 μέροπα
859 2807 1031 2878 ἕτεροι
1053 2847 1068 2869 .
1103 2808 1190 2862 ἵνα
1221 2809 1365 2863 ἐάσω
1387 2808 1485 2872 τὰς
1517 2809 1657 2863 κατὰ
1690 2808 1840 2872 ἔθνος

281 2893 472 2946 τούτου
499 2895 776 2967 διαφοράς.
824 2891 947 2967 ’Ἆρ’
985 2890 1076 2949 οῦν
1121 2900 1199 2961 εἰς
1233 2898 1346 2952 ῐσον
1383 2900 1588 2969 ἄγομεν
1613 2899 1690 2968 τῷ
1723 2899 1841 2969 Θεῷ

285 2987 378 3037 καὶ
414 2985 512 3048 τὰς
541 2985 759 3038 ἐκείνων
798 2985 961 3056 τιμὰς
983 3027 998 3052 ,
1025 2988 1106 3041 ὅτι
1139 2985 1254 3041 ἴσον
1277 2989 1617 3059 δυναμούσας
1648 2991 1714 3060 τῇ
1748 2987 1840 3042 τοῦ

1947 509 2190 564 cularum
2217 508 2442 564 somniis
2470 509 2743 577 occupari.
2776 509 2907 562 Nam
2934 511 2988 562 in
3040 509 3210 562 forma
3246 525 3502 565 sonorum

1945 600 2301 671 quorumdam
2338 608 2530 670 putare
2559 599 2755 654 divinae
2800 608 3007 655 natura:
3069 602 3402 670 principattls
3449 609 3504 656 et

1946 691 2337 746 dominationis
2365 693 2704 760 majestatem
2749 707 3092 756 conservare,
3147 703 3200 746 et
3253 709 3501 765 magnam

1947 780 2039 834 Dei
2071 781 2367 850 potentiam
2415 780 2471 833 in
2517 779 2620 834 hoc
2674 795 2793 834 esse
2828 781 3057 848 positam
3105 780 3499 845 demonstrare,

1945 888 2246 941 rursusque
2280 887 2378 926 nos
2414 870 2582 925 Deum
2611 872 2882 942 negligere
2902 886 2966 926 ac
2998 887 3093 941 pro
3113 872 3281 926 nihilo
3304 874 3504 928 habere

1947 965 2049 1033 ipsi
2085 964 2490 1018 convenientem
2541 964 2958 1034 providentiam,
3010 965 3245 1033 itemque
3297 966 3500 1019 calum-

1946 1059 2102 1121 niari,
2137 1056 2286 1126 quod
2316 1055 2673 1110 ratiocinandi
2703 1057 3014 1111 facultatem
3047 1073 3077 1110 a
3109 1056 3216 1111 Deo
3254 1057 3500 1114 homines

1947 1149 2125 1217 adepti
2162 1147 2357 1202 exinde
2393 1164 2491 1217 pro
2541 1148 2768 1202 arbitrio
2811 1149 3153 1204 sermonibus
3201 1150 3266 1204 ad
3321 1166 3502 1205 rerum

1944 1238 2366 1294 declarationem
2418 1239 2500 1292 usi
2549 1247 2697 1304 sunt,
2746 1239 2876 1309 quid
2923 1239 3067 1293 aliud
3109 1240 3210 1295 hoc
3260 1249 3344 1296 est
3397 1243 3506 1297 nisi

1945 1330 2106 1384 anilis
2139 1329 2319 1383 fabula
2357 1330 2436 1383 vel
2466 1330 2805 1384 ebriosorum
2840 1331 3155 1385 somnium?
3187 1330 3325 1387 Vera
3358 1333 3501 1388 enim

1944 1421 2038 1476 Dei
2069 1422 2242 1477 virtus
2275 1431 2328 1476 et
2360 1431 2620 1491 potestas,
2649 1431 2702 1476 et
2730 1423 3068 1492 principatus
3105 1432 3158 1477 et
3206 1423 3505 1478 dominatio

1944 1514 2241 1568 secundum
2279 1523 2524 1568 nostrum
2563 1529 2865 1568 sermonem
2899 1529 3005 1568 non
3040 1515 3093 1568 in
3126 1515 3347 1585 syllabis
3383 1531 3505 1571 esse

1943 1605 2126 1669 habet,
2163 1604 2248 1659 vel
2284 1605 2358 1657 ita
2385 1615 2530 1658 certe
2564 1605 2630 1658 ad
2682 1620 2864 1674 parem
2917 1605 3175 1660 honorem
3223 1620 3348 1659 cum
3394 1605 3507 1661 Deo

1942 1696 2152 1750 venerit
2211 1696 2522 1764 quicunque
2553 1697 2839 1749 verborum
2884 1693 3049 1751 fuerit
3079 1697 3366 1764 inventor;
3409 1698 3504 1753 sed

1943 1787 2157 1841 inﬁnita
2213 1790 2434 1850 saecula,
2471 1796 2525 1841 et
2563 1786 2751 1840 mundi
2790 1786 3162 1856 pulchritudo,
3198 1801 3251 1844 et
3279 1791 3509 1845 lumina-

1938 1879 2078 1933 rium
2117 1878 2457 1949 splendores,
2503 1886 2557 1933 et
2610 1894 2730 1948 quae
2795 1889 2923 1934 sunt
2976 1882 3028 1934 in
3078 1882 3212 1935 mari
3260 1890 3312 1935 et
3362 1889 3506 1936 terra

1940 1972 2220 2036 miracula,
2247 1972 2671 2042 angelorumque
2705 1971 2930 2036 militize,
2980 1984 3032 2028 et
3087 1977 3505 2043 supermundia-

1943 2065 2021 2119 les
2052 2064 2300 2128 virtutes,
2333 2073 2387 2118 et
2417 2065 2462 2119 si
2494 2065 2624 2134 quid
2675 2072 2758 2120 est
2791 2064 2940 2119 aliud
2974 2065 3119 2134 quod
3161 2068 3214 2120 in
3271 2084 3506 2138 superna

1945 2157 2071 2212 sede
2099 2172 2128 2210 a
2152 2155 2434 2226 Scriptura
2472 2173 2569 2226 per
2592 2157 2876 2228 aenigmata
2917 2157 3188 2223 audimus,
3220 2159 3332 2214 lucc
3382 2167 3508 2215 sunt

1944 2264 2065 2320 quae
2095 2249 2456 2304 testiﬁcantur
2476 2249 2586 2303 Deo
2613 2264 2734 2320 quae
2776 2257 2859 2304 est
2912 2265 3075 2319 supra
3109 2252 3289 2305 omnia
3344 2254 3509 2308 virtu-

1947 2351 2073 2397 tem.
2107 2340 2270 2396 Vocis
2299 2347 2686 2395 autemsonum
2712 2341 2797 2397 his
2823 2343 2916 2412 qui
2939 2342 3259 2397 naturaliter
3278 2345 3509 2412 loquun-

1949 2442 2037 2487 tur
2087 2432 2178 2502 qui
2223 2431 2489 2494 attribuit,
2547 2430 2681 2484 nihil
2715 2430 2769 2484 in
2826 2447 2948 2486 eum
2988 2431 3078 2503 qui
3123 2446 3307 2486 vocem
3363 2431 3509 2486 dedit

1952 2526 2112 2595 impie
2153 2525 2336 2590 dicet;
2377 2538 2553 2588 neque
2610 2521 2752 2577 enim
2795 2539 3047 2594 magnum
3103 2524 3304 2594 aliquid
3345 2535 3507 2594 puta-

1951 2633 2095 2683 mus,
2139 2630 2330 2684 nempe
2353 2614 2740 2684 signiﬁcativas
2782 2630 2962 2670 rerum
2990 2613 3150 2670 voces
3182 2617 3504 2686 excogitare.

1950 2707 2050 2761 Cui
2094 2706 2238 2760 enim
2296 2704 2576 2774 Scriptura
2623 2705 2921 2760 secundum
2967 2705 3277 2761 historicam
3322 2708 3509 2762 mundi

1951 2799 2282 2854 creationem
2308 2797 2546 2852 humano
2579 2797 2708 2852 huic
2740 2798 2996 2869 ﬁgmento
3017 2798 3301 2870 ἀνθρώπου
3335 2800 3508 2854 homi-

1950 2892 2029 2945 nis
2088 2905 2287 2944 nomen
2319 2889 2512 2944 indidit
2552 2889 2617 2955 ⁸³,
2651 2889 2798 2943 hunc
2836 2889 2937 2944 Job
2989 2889 3197 2961 βροτόν,
3234 2891 3509 2946 mortalem

1951 2981 2195 3035 nominat
2227 2980 2297 3046 “,
2337 2990 2391 3036 et
2415 2980 2635 3050 quidam
2682 2981 2892 3035 externi
2936 2980 3110 3049 φῶτα,
3160 2983 3315 3052 quasi
3359 2982 3509 3038 dicas

284 3073 565 3143 ἀνθρώπου
590 3074 927 3147 προσηγορίᾳ
947 3077 1186 3132 κάκεῖνοί
1207 3096 1360 3142 τινας
1387 3080 1606 3151 ἐξεῦρον
1641 3080 1842 3150 φωνὰς,

1953 3075 2212 3128 hominem
2249 3075 2539 3144 loquentem
2573 3083 2628 3128 et
2656 3074 2747 3128 alii
2787 3074 2996 3145 μέροπα
3034 3075 3086 3129 id
3132 3082 3234 3142 est,
3291 3075 3512 3130 diversi-

280 3167 348 3219 δι’
383 3162 455 3221 ὧν
482 3169 679 3238 ὁμοίιος
701 3167 950 3238 δηλοῦται
977 3168 1040 3222 τὸ
1065 3169 1444 3240 ὑποκείμενον;
1482 3171 1617 3224 ἀλλὰ
1641 3171 1844 3243 ταύτην

287 3255 389 3324 μὲν
407 3255 504 3325 τὴν
543 3256 922 3325 ματαιολογίαν
949 3257 1133 3311 ἐατέον
1163 3261 1314 3328 ἡμῖν,
1349 3259 1528 3324 καθὼς
1563 3264 1842 3331 προεῖπον,

285 3351 380 3400 καὶ
405 3345 504 3408 τὰς
524 3345 720 3417 ἐφεξῆς
740 3346 999 3418 λοιδορίας
1021 3351 1077 3402 ἐν
1105 3349 1316 3412 οὐδενὸς
1339 3351 1492 3424 μέρει
1515 3351 1714 3406 θετέον.
1761 3353 1849 3405 Ἐν

286 3432 375 3501 αἷς
401 3438 828 3508 καταψεύδεσθαι
859 3440 964 3492 τῶν
996 3437 1154 3493 Θείων
1184 3442 1332 3513 ἡμᾶς
1360 3443 1551 3512 λογίων
1574 3443 1728 3516 φησὶ,
1756 3445 1850 3498 καὶ

287 3528 428 3583 κατά
454 3530 633 3582 πᾶσαν
665 3529 844 3583 ἄδειαν
891 3535 1266 3602 συκοφαντεῖν,
1291 3534 1362 3588 τά
1388 3552 1448 3589 τε
1476 3534 1609 3588 ἄλλα
1646 3536 1849 3600 πάντα,

288 3623 383 3675 καὶ
407 3623 566 3676 αὑτὸν
589 3623 678 3676 τὸν
705 3624 854 3678 Θεόν.
881 3625 1238 3696 Μετέλθωμεν
1266 3625 1322 3680 δέ
1347 3625 1423 3696 τῷ
1456 3627 1598 3699 λόγῳ
1627 3630 1762 3700 πρὸς
1783 3631 1852 3683 τὰ

288 3709 600 3782 λειπόμενα.

1951 3168 2195 3238 linguam,
2227 3167 2309 3220 vel
2339 3167 2606 3221 diversam
2636 3171 2689 3220 et
2713 3166 3053 3220 articulatam
3085 3182 3270 3221 vocem
3311 3168 3514 3223 baben-

1952 3265 2083 3320 tem,
2117 3264 2176 3310 ut
2206 3257 2452 3310 omittam
2485 3256 2782 3310 secundum
2821 3255 3066 3326 singulas
3112 3267 3299 3328 gentes
3353 3258 3514 3328 hujus

1956 3349 2194 3403 nominis
2225 3347 2585 3403 differentias.
2627 3346 2764 3402 Num
2816 3348 2981 3418 igitur
3013 3350 3359 3422 adaequamus
3406 3351 3515 3407 Deo

1953 3442 2115 3497 etiam
2149 3442 2367 3495 illorum
2404 3441 2663 3504 honores,
2690 3441 2814 3511 quia
2852 3443 3234 3512 aaquivalentes
3282 3445 3516 3501 hominis

1959 3532 2494 3602 appellationietiam
2531 3531 2610 3585 illi
2636 3547 2798 3586 voces
2819 3532 3163 3597 invenerunt,
3192 3536 3392 3604 quibus
3443 3537 3517 3589 si—

1958 3625 2157 3678 militer
2186 3624 2499 3678 declaratur
2526 3621 2863 3692 subjectum?
2893 3622 3000 3678 Sed
3033 3624 3148 3679 haec
3171 3627 3516 3697 vaniloquen-

1955 3719 2030 3771 tia
2083 3716 2384 3771 omittenda
2421 3724 2507 3771 est
2544 3717 2726 3778 nobis.
2789 3716 2933 3771 sicut
2985 3718 3235 3787 praedixi,
3288 3729 3343 3773 et.
3395 3736 3516 3789 qua:

298 3804 558 3874 deinceps
583 3812 890 3874 sequuntur
916 3803 1154 3859 convitia
1182 3819 1282 3874 pro
1337 3805 1508 3860 nihilo
1541 3817 1668 3862 sunt
1742 3811 2088 3882 reputanda,.
2113 3808 2314 3878 quibus
2378 3823 2481 3862 nos
2558 3816 2748 3863 contra
2792 3809 2972 3863 divina
3021 3811 3241 3864 oracula
3300 3813 3518 3867 mentiri

291 3906 556 3964 autumat,
591 3905 753 3969 atque
803 3898 949 3952 omni
1019 3905 1166 3952 metu
1229 3899 1444 3955 sublato
1492 3902 1840 3972 calumniari,
1883 3907 2097 3975 aliaque
2129 3903 2313 3957 omnia
2335 3910 2388 3956 et
2422 3903 2600 3971 ipsum
2633 3901 2818 3957 Deum.
2863 3902 2968 3958 Sed
3008 3903 3073 3958 ad
3139 3903 3346 3974 reliqua
3395 3919 3512 3974 per-

290 4006 502 4062 gamus.

361 4083 652 4156 Προτίθησι
698 4081 858 4137 πάλιν
902 4084 995 4138 τοῦ
1041 4084 1354 4142 διδασκάλου
1414 4093 1569 4163 ῥῆσιν
1621 4095 1849 4167 ἔχουσαν

291 4177 491 4242 05m;-
517 4179 954 4246 Παραπλησίως
995 4179 1064 4232 δὲ
1097 4188 1193 4234 καὶ
1239 4183 1418 4238 οὐδὲν
1468 4188 1852 4262 ἀλλοιότερον

293 4272 406 4338 τὴν
450 4269 559 4338 τῆς
601 4271 866 4337 ἐπινοίας
916 4270 1135 4340 χρῆσιν
1165 4275 1322 4342 παρὰ
1367 4277 1471 4332 τοῦ
1509 4281 1671 4337 θείου
1701 4283 1854 4339 δεδι-

291 4363 552 4433 δάγμεθα
579 4363 783 4433 λόγου.
801 4366 852 4415 '0
883 4365 1094 4431 Κύριος
1119 4365 1283 4434 ἡμῶν
1321 4367 1550 4436 Ἰησοῦς
1578 4375 1849 4444 Χριστός,

2025 4103 2286 4174 Pr0ponit
2340 4115 2532 4156 rursus
2578 4093 2821 4166 magistri
2880 4093 3040 4149 verba
3076 4107 3195 4162 quae
3226 4092 3299 4145 lta
3327 4106 3387 4147 se
3418 4089 3518 4144 ha-

1956 4195 2214 4265 bent:(a)
2244 4192 2592 4249 Persimiliter
2622 4198 2794 4242 autem
2839 4195 2888 4239 et
2917 4202 3019 4238 non
3057 4184 3329 4237 diversiori
3363 4183 3517 4236 modo

1959 4285 2408 4340 commentationis
2446 4297 2598 4336 usum
2620 4295 2683 4333 ea:
2735 4277 2886 4332 verbo
2918 4276 3092 4330 divino
3141 4276 3282 4328 docti
3313 4291 3515 4328 sumus.

1962 4375 2218 4430 Dominus
2271 4385 2446 4428 noster
2502 4371 2656 4425 Jesus
2708 4367 2949 4422 Christus
3008 4375 3255 4419 naturam
3307 4365 3518 4418 deitatis

292 4455 406 4524 τὴν
437 4457 626 4524 φύσιν
671 4454 780 4522 τῆς
818 4455 1092 4522 θεότητος
1132 4455 1254 4522 τοῖς
1300 4458 1625 4530 ἀνθρώποις
1669 4483 1844 4534 παρα-

1956 4468 2252 4522 hominibus
2289 4467 2591 4526 declarans,
2620 4460 3026 4533 proprietatibus
3065 4458 3377 4529 quibusdam
3405 4474 3522 4528 qua:

292 4547 534 4614 δηλῶν,
592 4545 864 4616 ἰδιώμαονί
915 4563 1035 4600 τισι
1086 4547 1210 4613 τοῖς
1261 4554 1684 4623 θεωρουμένοις
1725 4561 1857 4629 περὶ

292 4639 478 4693 αὑτὸν
506 4637 903 4706 ἀποσημαίνει
956 4641 1213 4708 ταύτην·
1266 4645 1453 4712 θύραν
1501 4648 1716 4701 ἑαυτὸν
1759 4650 1858 4704 λέ-

292 4745 412 4800 γων
440 4727 537 4781 καί
568 4727 781 4795 ἄρτον,
815 4727 913 4781 καὶ
951 4727 1125 4794 ὁδὸν,
1155 4731 1252 4782 καὶ
1275 4731 1570 4799 ἄμπελον,
1602 4737 1699 4789 καὶ
1730 4751 1857 4790 ποι-

287 4819 462 4890 μένα,
499 4818 597 4873 καὶ
622 4817 766 4887 φῶς.
803 4818 882 4871 Τά
919 4820 1015 4888 μὲν
1038 4816 1130 4872 οὖν
1171 4823 1254 4890 ἐφ’
1290 4821 1444 4894 ὕϐρει
1476 4825 1704 4896 ρηθέντα
1741 4829 1856 4882 καθ’

293 4913 448 4983 ἡμῶν
501 4912 628 4982 παρ’
677 4910 838 4964 αὑτοῦ
871 4911 961 4962 ἐπὶ
1006 4912 1212 4976 τούτοις
1247 4903 1426 4983 (οὕτω
1471 4917 1577 4987 γὰρ
1617 4917 1776 4971 αὐτόν
1821 4921 1854 4992 ἡ

290 5003 598 5072 διαλεκτικὴ
632 5001 896 5072 μάχεσθαι
936 5004 1045 5065 τοῖς
1087 5002 1452 5071 ἀντιλέγουσιν
1503 5006 1855 5079 ἐδιδάξατο),

292 5096 535 5165 παριδεῖν
568 5090 719 5164 οἶμαι
753 5094 979 5164 πρέπειν
1003 5133 1018 5156 ,
1053 5096 1147 5147 καὶ
1177 5096 1340 5164 μηδὲν
1371 5098 1505 5168 πρὸς
1531 5099 1629 5161 τὰς
1661 5119 1852 5172 μειρα-

291 5185 504 5249 κιώδεις
555 5184 740 5247 ἀνοίας
793 5184 1283 5255 ὑποταράσσεσθαι.
1352 5187 1508 5242 Ἀλλά
1539 5191 1632 5262 ,τὸ
1690 5192 1850 5264 δριμὺ

290 5283 448 5337 τοῦτο
495 5281 588 5336 καὶ
620 5281 856 5349 ἄφυκτον
902 5279 1050 5349 ῥῆμα
1083 5277 1525 5349 κατεξετάσωμεν
1551 5323 1566 5345 ,
1612 5283 1746 5353 ὅπερ
1775 5287 1854 5348 είς

291 5374 601 5446 ἀνατροπὴν
647 5371 740 5424 τοῦ
787 5370 910 5424 καθ’
954 5372 1098 5441 ἡμᾶς
1147 5371 1480 5443 προτείνεται
1526 5372 1700 5442 λόγου.
1735 5377 1850 5441 Τίς,

291 5467 443 5539 φησὶ,
470 5466 577 5519 τῶν
611 5465 778 5534 ἁγίων
805 5463 969 5526 ἐστὶν,
995 5464 1052 5527 ὃς
1084 5465 1201 5516 κατ’
1238 5464 1476 5518 ἐπίνοιαν
1502 5465 1749 5535 λέγεσθαι
1778 5470 1853 5542 τῷ

362 5601 564 5665 "Gen.
602 5618 640 5665 1,
669 5603 755 5655 26.
866 5602 912 5633 ⁵⁸
938 5599 1036 5656 Job
1071 5616 1181 5666 xlv,
1211 5602 1264 5654 1,

364 5747 440 5816 (α)
473 5743 530 5798 D.
563 5743 792 5801 Basilius
826 5757 1009 5799 contra
1044 5745 1378 5809 Eunomium,
1414 5745 1505 5801 lib.
1551 5771 1588 5800 ι.

1955 4560 2006 4611 in
2031 4562 2142 4628 ipso
2159 4558 2493 4625 peculiariter
2517 4563 2839 4623 spectantur,
2866 4553 2999 4606 hanc
3025 4552 3299 4621 designat:
3328 4551 3520 4604 ostium

1955 4651 2180 4717 seipsum
2215 4647 2412 4709 dicens,
2436 4657 2485 4700 et
2513 4660 2720 4714 panem,
2753 4654 2801 4699 et
2824 4645 2984 4708 viam,
3005 4655 3054 4698 et
3079 4648 3316 4707 vitem,et
3345 4653 3522 4711 pasto-

1955 4757 2083 4804 rem,
2124 4748 2173 4792 et
2212 4740 2398 4793 lucem.
2433 4737 2564 4804 Quae
2606 4739 2772 4808 igitur
2809 4753 2908 4808 per
2932 4738 3310 4792 contumeliam
3333 4743 3522 4788 contra

1957 4849 2055 4886 nos
2089 4831 2157 4885 ab
2182 4832 2298 4901 ipso
2330 4831 2399 4885 ob
2425 4830 2538 4884 hzec
2571 4831 2718 4885 dicta
2751 4838 2878 4886 sunt
2897 4829 2999 4899 (sic
3036 4829 3178 4883 enim
3210 4829 3384 4895 ipsum
3414 4824 3524 4878 dia-

1957 4923 2149 4978 lectica
2181 4921 2678 4978 contradicentibus
2705 4923 2985 4977 decertare
3014 4920 3218 4988 docuit)
3243 4918 3522 4986 despicere

1958 5014 2198 5068 arbitror
2227 5014 2419 5069 decere
2441 5053 2454 5077 ,
2479 5023 2533 5069 ct
2554 5013 2688 5067 nihil
2717 5013 2783 5067 ad
2812 5011 3080 5082 juveniles
3109 5009 3373 5062 amentias
3397 5005 3524 5061 sub-

1957 5105 2186 5158 turbari.
2223 5103 2326 5159 Sed
2360 5106 2463 5160 hoc
2495 5121 2620 5160 acre
2650 5104 2870 5159 verbum
2901 5111 2954 5156 et
2984 5099 3296 5155 inevitabile
3321 5099 3525 5151 exami-

1956 5212 2169 5260 nemus,
2219 5197 2363 5266 quod
2408 5197 2474 5250 ad
2512 5196 2848 5250 eversionem
2880 5193 3050 5247 nostri
3103 5188 3371 5245 sermonis
3398 5200 3526 5254 pro-

1956 5288 2146 5343 tendit.
2182 5287 2315 5353 Quis
2349 5297 2688 5350 sancturum,
2726 5286 2921 5355 inquit,
2957 5292 3058 5348 est,
3085 5283 3178 5352 qui
3229 5295 3323 5350 per
3373 5293 3528 5333 conr-

1960 5380 2340 5435 mentationem
2369 5380 2480 5433 lucc
2502 5379 2719 5432 nomina
2752 5377 2978 5430 Domino
3001 5373 3223 5426 attribui
3260 5369 3530 5426 testetur?

1961 5471 2092 5539 Quis
2123 5483 2300 5528 autem
2349 5472 2627 5543 prohibet,
2683 5471 2751 5525 ad
2806 5470 2983 5539 ipsum
3041 5466 3222 5520 hercle
3269 5462 3524 5523 dixerim,
