4006 6490
203 346 343 401 1015

1258 344 1536 400 CONTRA
1564 345 1969 412 EUNOMIUM,
2012 344 2141 399 LIB.
2184 345 2299 398 XII.

3274 336 3411 389 10H

203 466 339 535 φησι
364 503 377 527 ,
410 464 505 533 τὴν
536 462 682 516 θείαν
726 464 914 532 φύσιν,
947 466 1037 517 καὶ
1078 464 1463 519 πολυσύνθετον
1494 465 1632 518 κατὰ
1661 466 1758 526 τὰς

1877 463 2087 518 'ormem
2119 461 2411 533 quamdam
2445 458 2682 514 divinam
2715 465 2989 517 naturam,
3030 451 3411 521 multiplicem-

200 556 461 625 διαφορὰς
489 554 594 605 τῶν
623 554 679 605 ὲν
710 558 821 617 τοῖς
848 555 1068 624 ὀνόμασι
1098 556 1521 627 σημαινομένων,
1553 557 1613 609 τὸ
1640 574 1761 610 ποι-

204 646 353 697 κίλον
385 644 812 714 ὲνδεικνυμένην.
850 646 923 698 Οὐ
965 646 1070 715 γὰρ
1105 648 1135 717 ἡ
1171 647 1306 717 αὐτὴ
1347 645 1437 699 τοῦ
1478 648 1638 716 άρτου
1672 648 1764 699 καὶ

199 739 299 790 τοῦ
328 736 536 798 λέον-τος
565 736 805 805 σημασία
829 777 844 799 ,
884 737 1000 789 ούδέ
1032 737 1198 807 θύρας
1242 756 1299 790 τε
1340 740 1433 791 καὶ
1462 737 1761 808 δαμάλεως,

202 825 324 877 οὐδὲ
362 825 547 893 ἁξίνης
582 826 673 878 καὶ
701 826 887 889 ὕδατος
908 870 920 889 ,
957 828 1068 880 ἀλλ’
1093 830 1319 881 ἐκάστου
1352 828 1457 881 τῶν
1490 828 1764 899 ὀνομάτων

205 917 336 969 ῐδιόν
367 919 513 970 ἐστιν
548 920 769 987 ὁρισμὸν
800 919 1109 979 ἀποδοῦναι.
1151 922 1268 973 κατ’
1296 921 1449 973 οὐδὲν
1487 922 1763 973 ἐπικοινω-

203 1008 399 1061 νοῦντα
426 1011 536 1072 τοῖς
563 1010 755 1071 ἄλλοις.
797 1011 1003 1063 Οὐκοῦν
1037 1011 1194 1079 φύσιν
1241 1012 1337 1082 μὲν
1374 1012 1434 1064 οὐ
1472 1012 1764 1081 σημαίνου-

206 1116 321 1150 σιν·
352 1100 551 1170 ἄκυρον
575 1100 629 1152 δέ
658 1117 742 1162 τις
782 1103 871 1153 καὶ
899 1103 1209 1171 ἀσήμαντον
1237 1105 1409 1155 εἰπεῖν
1450 1102 1549 1173 τὴν
1576 1102 1765 1171 κλῆσιν

203 1190 315 1243 τῶν
344 1192 647 1262 ὀνομάτων,
669 1193 765 1245 οὐκ
801 1192 867 1246 ἂν
890 1193 1227 1265 τολμήσειεν.
1258 1196 1319 1247 Et
1344 1195 1521 1247 τοίνυν
1552 1194 1766 1261 λέγεται

210 1283 333 1351 μὲν,
367 1284 428 1336 οὐ
467 1285 607 1337 κατὰ
638 1284 796 1351 φύσιν
819 1284 896 1346 δὲ,
928 1287 1034 1339 πᾶν
1062 1286 1115 1339 δὲ
1155 1287 1214 1338 τὸ
1243 1285 1389 1356 παρὰ
1427 1286 1527 1355 τῆς
1553 1286 1767 1356 Γραφῆς

208 1374 495 1445 λεγόμενον
529 1377 715 1445 κύριον
758 1370 1118 1439 πάντωςέσῇ
1147 1378 1240 1430 καὶ
1269 1376 1560 1449 προσφυῶς
1591 1378 1768 1429 ἐπιλέ-

208 1486 388 1535 γεται,
426 1471 509 1533 τίς
550 1467 733 1539 ἕτερος
761 1468 1100 1521 ὑπολείπεται
1127 1468 1281 1537 λόγος
1313 1469 1402 1521 τοῦ
1429 1469 1767 1539 ἁρμοζόντως

203 1560 289 1630 τῷ
329 1561 621 1627 Μονογενεῖ
672 1559 789 1630 Θεῷ
825 1559 921 1622 τὰς
958 1560 1207 1624 τοιαύτας
1265 1560 1518 1630 τετάχθαι
1565 1561 1766 1628 φωνὰς,

208 1655 352 1724 πλὴν
377 1650 468 1705 τοῦ
502 1655 619 1705 κατ’
649 1653 886 1706 ἐπίνοιαν
913 1653 1149 1723 τρόπου;
1188 1653 1351 1723 Δῆλον
1383 1652 1489 1723 γὰρ
1518 1654 1598 1705 ὅτι
1633 1654 1768 1723 πρὸς

205 1745 273 1797 τὸ
302 1743 541 1797 ποικίλον
573 1744 679 1796 τῶν
711 1742 994 1813 ἐνεργειῶν
1018 1744 1155 1796 κατὰ
1182 1743 1464 1813 διαφόρους
1499 1744 1767 1812 σημασίας

204 1838 672 1907 ὀνοματοποιεὴαι
734 1835 791 1887 τὸ
824 1836 984 1897 θεῖον,
1022 1836 1167 1898 ὅπως
1202 1834 1268 1888 ἂν
1296 1836 1575 1905 νοήσωμεν
1599 1833 1769 1896 οὕτως

206 1927 624 1998 ὀνομαζόμενον.
664 1928 728 1979 Τί
763 1922 853 1979 οὖν
891 1926 1207 1996 λυμαίνεται
1233 1929 1341 1989 τοῖς
1372 1925 1769 1996 εύσεϐεστέροις

208 2024 244 2090 ή
276 2020 369 2073 τοῦ
400 2018 490 2073 νοῦ
524 2018 678 2090 ήμῶν
716 2019 843 2089 πρὸς
867 2019 966 2090 τὴν
995 2019 1313 2089 κατανόησιν
1339 2018 1444 2070 τῶν
1472 2018 1769 2087 γινομένων

207 2109 460 2180 ἐνέργεια
484 2150 498 2175 ,
532 2110 597 2180 ἣν
626 2111 783 2179 ἡμεῖς
824 2110 918 2178 μὲν
952 2110 1188 2161 ἐπίνοιαν
1223 2108 1471 2177 λέγομεν.’
1504 2109 1566 2160 Εἰ
1599 2106 1655 2160 δέ
1688 2124 1770 2168 τις

204 2202 399 2274 ἔτερόν
437 2219 488 2254 τι
517 2201 700 2256 καλεῖν
728 2201 916 2261 ἐθέλοι,
950 2201 1009 2252 οὐ
1044 2199 1369 2269 διοισόμεθα.
1412 2198 1545 2251 Ἀλλ’
1575 2199 1634 2251 οὐ
1673 2216 1770 2268 με-

206 2296 381 2366 θίησι,
404 2294 648 2364 καθάπερ
668 2293 717 2345 οἱ
746 2292 905 2344 δεινοὶ
932 2291 1037 2343 τῶν
1060 2291 1390 2358 ἀγωνιστῶν,
1416 2290 1512 2359 τὴν
1536 2290 1769 2357 ἄφυκτον

206 2388 417 2457 ταύτην
446 2386 564 2439 καθ’
593 2386 749 2455 ἡμῶν
786 2383 971 2454 λαϐὴν,
1004 2383 1094 2435 καί
1128 2398 1287 2451 φησιν
1317 2381 1486 2442 οὕτως
1514 2380 1651 2433 κατὰ
1683 2378 1771 2431 λέ-

210 2481 295 2545 ξιν
321 2520 336 2543 ,
367 2482 449 2533 ὅτι
483 2477 671 2532 Ταῦτα
718 2477 793 2531 δι’
826 2476 1092 2541 ἐπινοίας
1124 2474 1497 2541 ἀνθρωπίνης
1544 2470 1672 2525 ἐστὶ
1700 2470 1771 2524 τὰ

210 2573 504 2642 ὀνόματα,
528 2572 626 2623 καὶ
658 2572 781 2623 κατ’
808 2569 1076 2621 ἐπίνοιαν
1105 2565 1339 2633 λέγεταί
1371 2582 1566 2629 τινων,
1602 2562 1641 2617 ἃ
1668 2566 1770 2617 οὺ-

206 2665 339 2730 δεὶς
368 2664 726 2717 ἀποστόλων
754 2662 890 2713 οὔτε
919 2659 1034 2711 τῶν
1056 2656 1494 2727 εὺαγγελιστῶν
1516 2655 1769 2718 ἐδίδαξε.

214 2760 329 2811 Καὶ
358 2757 497 2828 μετὰ
529 2755 625 2825 τὴν
660 2755 870 2824 ἄμαχον
901 2750 1101 2819 ταύτην
1131 2748 1486 2819 ἐπιχείρησιν,
1526 2747 1771 2817 ἐπιφέρει

208 2852 314 2922 τὴν
336 2848 486 2919 ἱερὰν
510 2846 720 2916 ἐκείνην
744 2843 944 2914 φωνὴν,
964 2847 1028 2913 τῇ
1052 2839 1447 2910 πεπαιδευμένη
1468 2840 1533 2893 τὰ
1555 2838 1772 2892 τοιαῦτα

212 2944 368 3011 φωνῇ
417 2941 517 3010 τὴν
561 2936 768 3006 δυσώδη
822 2936 981 2989 πάλιν
1026 2934 1145 2987 καθ’
1193 2931 1348 3002 ἡμῶν
1388 2931 1651 3002 λοιδορίαν
1678 2931 1772 2983 ἐκ·-

215 3035 422 3088 πτύων.
467 3031 750 3101 Τοιγάρτοι
778 3028 909 3099 φησὶ
932 3027 1029 3096 τὴν
1069 3026 1125 3092 ἐξ
1155 3024 1438 3092 ἀναλογίας
1463 3024 1773 3094 ὁμωνυμίαν

1863 570 1968 624 que
1994 554 2288 609 secundum
2319 551 2649 606 diil‘erentias
2687 549 3115 619 signiﬁcatorum
3147 558 3266 612 quae
3289 551 3415 596 sunt

1863 650 1917 702 in
1948 647 2033 702 his
2073 646 2385 700 nominibus
2407 643 2551 713 quod
2582 642 2789 697 varium
2821 648 2904 695 est
2930 640 3410 693 demonstrantcm.
3466 676 3467 679 η

1863 734 1978 788 Non
2006 736 2148 788 enim
2177 734 2363 789 eadem
2398 714 2551 800 panis
2594 736 2648 784 et
2687 728 2861 784 leonis
2904 724 3282 797 signiﬁcantia,
3318 735 3414 775 nea

1864 844 1966 896 que
2004 828 2130 881 ostii
2174 833 2229 879 et
2258 825 2459 884 vitulae,
2498 837 2673 891 neque
2697 820 2855 874 asciae
2896 825 2948 873 et
2991 832 3161 886 aquae,
3192 813 3286 870 sed
3315 828 3413 867 cu-

1860 922 2058 988 jusque
2081 918 2316 972 nominis
2345 914 2563 985 propria
2592 911 2834 966 deﬁnitio
2871 908 3138 964 reddenda
3162 914 3266 971 est,
3297 920 3415 974 quae

1866 1011 2013 1064 nulla
2056 1010 2109 1062 in
2134 1024 2191 1062 re
2236 1008 2356 1060 aliis
2405 1004 2693 1060 convenire
2737 1002 2925 1072 possit.
2976 999 3116 1069 Ergo
3159 1005 3409 1051 naturam

1864 1100 2077 1171 quidem
2109 1113 2215 1152 non
2251 1095 2576 1166 signiﬁcant,
2603 1092 2955 1163 impropriam
2983 1100 3160 1143 autem
3183 1096 3239 1142 et
3274 1086 3412 1140 nihil

1866 1190 2256 1263 signiﬁcantem
2304 1188 2581 1242 nominum
2626 1182 3032 1254 appellationem
3062 1179 3240 1234 dicere
3294 1192 3407 1230 non

1868 1298 2037 1338 ausus
2069 1281 2251 1335 fuerit.
2292 1278 2349 1332 Si
2386 1279 2567 1346 itaque
2613 1276 2871 1330 dicuntur
2908 1271 3146 1341 quidem,
3184 1282 3291 1322 non
3319 1281 3416 1320 au-

1866 1384 1973 1431 tem
1996 1372 2294 1429 secundum
2314 1378 2580 1435 naturam,
2603 1364 2861 1437 quidquid
2890 1372 3067 1417 autem
3093 1357 3416 1427 aScriptura

1867 1468 2099 1530 dicitur,
2140 1465 2417 1536 proprium
2462 1473 2545 1518 est
2594 1460 2815 1516 omnino
2861 1468 2915 1511 et
2964 1463 3170 1507 naturae
3222 1465 3417 1504 conve-

1866 1561 2079 1615 nienter
2130 1559 2378 1613 dicitur:
2429 1564 2673 1625 quaenam
2721 1550 2881 1620 igitur
2933 1546 3038 1600 alia
3093 1542 3415 1609 relinquitur

1866 1653 2003 1707 ratio
2017 1666 2116 1707 cur
2139 1645 2407 1718 ejusmodi
2433 1658 2593 1699 voces
2623 1640 2730 1695 Deo
2753 1637 3034 1708 Unigenito
3058 1640 3416 1703 congruenter

1868 1744 2137 1799 attributa:
2165 1741 2297 1801 sint,
2350 1743 2541 1806 printer
2589 1731 2806 1786 modum
2853 1728 2947 1798 qui
2984 1723 3181 1781 dicitur
3222 1738 3417 1780 secun—

1870 1836 1996 1890 dum
2024 1825 2569 1888 commentationem?
2602 1820 2952 1890 Perspicuum
2982 1816 3127 1871 enim
3151 1821 3235 1869 est
3271 1811 3413 1882 quod

1870 1942 1969 1996 pro
2019 1924 2277 1978 varietate
2328 1918 2703 1988 Operationum
2756 1910 3053 1968 secundum
3113 1905 3419 1960 diﬁ‘erentes

1872 2014 2259 2087 signiﬁcantias
2288 2011 2431 2066 Deus
2460 2007 2786 2069 nominatur,
2826 2010 2885 2057 ut
2916 1999 3276 2069 intelligamus
3295 2010 3419 2049 eum

1872 2109 1950 2164 sic
2000 2107 2359 2161 nominatum.
2408 2099 2550 2165 Quid
2606 2097 2772 2167 igitur
2814 2094 2919 2165 piis
2946 2090 3216 2146 mentibus
3262 2094 3423 2140 nocet

1870 2199 2043 2255 nostri
2076 2198 2382 2252 intellectus
2430 2191 2672 2261 operatio
2715 2188 2781 2243 ad
2829 2182 3191 2256 cognitionem
3234 2193 3421 2234 eorum

1870 2306 1989 2361 qua:
2019 2296 2167 2349 sunt.
2206 2301 2367 2355 quam
2417 2298 2521 2338 nos
2559 2279 2780 2351 quidem
2809 2275 3043 2330 ἐπίνοιαν
3081 2270 3336 2330 dicimus,
3369 2265 3423 2320 id

1871 2360 1952 2438 est
1981 2377 2507 2435 commentationem?
2555 2370 2708 2438 Quod
2738 2370 2785 2425 si
2826 2367 2949 2437 quis
2994 2365 3151 2419 aliter
3179 2360 3308 2417 velit
3336 2373 3425 2411 vo-

1872 2489 2019 2535 care,
2058 2486 2163 2526 non
2210 2466 2626 2538 refragabimur.
2668 2461 2774 2516 Sed
2807 2473 2913 2513 non
2948 2454 3196 2517 remittit,
3238 2464 3425 2520 quem-

1872 2565 2161 2621 admodum
2240 2562 2586 2616 vehementer
2653 2559 2950 2609 certatores
3022 2542 3425 2602 ineluctabilem

1871 2660 2012 2713 hanc
2065 2664 2254 2711 contra
2291 2668 2389 2707 nos
2425 2665 2612 2706 ansam
2666 2655 2719 2701 et
2763 2641 3173 2713 prehensionem
3216 2640 3271 2690 et
3296 2631 3429 2687 dicit

1872 2748 1951 2803 sic
1972 2747 2039 2801 ad
2073 2745 2316 2805 verbum,
2352 2743 2496 2810 quod
2526 2737 2653 2792 ch
2685 2751 2774 2805 per
2804 2726 3283 2786 commentationem
3331 2721 3429 2773 hu-

1872 2857 2029 2894 mana
2060 2848 2179 2891 sunt
2218 2836 2429 2889 nomina
2455 2843 2503 2886 et
2554 2846 2644 2900 per
2675 2822 3154 2882 commentationem
3182 2829 3432 2887 quorum-

1872 2933 1995 2985 dam
2027 2931 2294 2992 dicuntur,
2320 2940 2434 2996 qua:
2466 2922 2641 2978 nullus
2686 2915 3036 2987 apostolorum
3075 2920 3233 2978 neque
3276 2921 3432 2961 evan-

1872 3022 2176 3092 gelistarum
2225 3016 2421 3070 docuit.
2475 3012 2542 3066 Et
2607 3018 2729 3081 post
2775 3008 2917 3063 hanc
2964 2997 3429 3070 inexpugnabilem

214 3086 513 3199 προφέρειν
543 3086 621 3185 είς
638 3086 997 3191 ,ἀνθρωπίνην
1019 3086 1276 3182 ἐπίνοιαν,
1306 3086 1478 3186 φυχῆς
1497 3086 1662 3187 ’ἔργον
1686 3116 1775 3167 τὸν

1878 3113 2304 3184 aggressionem,
2342 3120 2556 3163 sacram
2593 3103 2739 3158 illam
2769 3098 2933 3155 infert
2977 3107 3187 3154 vocem,
3221 3086 3431 3144 erudita

220 3222 323 3291 μὲν
351 3214 660 3290 ἐρρωμένον
692 3212 815 3266 νοῦν
855 3210 995 3265 κατὰ
1020 3210 1174 3280 δίκην
1217 3208 1609 3279 παρηρημένης
1635 3246 1649 3269 ,
1679 3207 1778 3278 ἁρ-

219 3312 413 3383 ρὡτῳ
444 3310 500 3361 δὲ
546 3306 753 3377 διανοίᾳ
804 3304 899 3357 καὶ
951 3301 1320 3374 πεφωρημένῃ
1361 3302 1466 3353 τινὶ
1526 3298 1778 3370 συνηθείᾳ

217 3405 347 3465 τοὺς
383 3399 473 3454 τοῦ
520 3397 726 3468 Κυρίου
774 3394 962 3461 λόγους
1014 3390 1428 3459 ἐπισκοπούσης.
1468 3388 1634 3440 Βαϐαὶ
1681 3388 1777 3458 τῆς

214 3492 562 3562 διαλεκτικῆς
589 3487 910 3552 ἀποδείξεως
933 3525 948 3549 ,
998 3484 1073 3546 ὡς
1099 3481 1356 3553 τεχνικῶς
1387 3481 1415 3533 ὁ
1444 3481 1599 3549 λόγος
1634 3479 1779 3549 αὐτῷ

220 3588 360 3660 πρὸς
388 3586 476 3638 τὸν
510 3581 707 3635 σκοπὸν
739 3576 1193 3647 συμπεραίνεται;
1221 3574 1316 3635 Τίς
1347 3573 1413 3626 ἂν
1447 3571 1527 3626 ἔτι
1554 3572 1778 3641 συσταίη

220 3682 303 3751 τῷ
352 3679 470 3733 κατ’
506 3676 744 3728 ἐπίνοιαν
791 3671 971 3738 λόγῳ;
1027 3666 1303 3735 Τοσαύτης
1348 3664 1521 3734 όσμῆς
1574 3666 1638 3717 ὲκ
1687 3663 1780 3716 τοῦ

225 3772 490 3841 στόματος
514 3764 677 3819 αὑτοῦ
701 3765 810 3825 τοῖς
838 3756 1167 3829 ἐπιχειροῦσί
1201 3773 1251 3807 τι
1276 3756 1451 3822 λέγειν
1492 3753 1783 3824 προχεομέ-

224 3879 357 3933 νηςς
410 3858 533 3929 Ἆρ’
578 3852 669 3909 οὖν
728 3850 986 3921 ἀφεκτέον
1037 3848 1131 3900 καὶ
1168 3849 1295 3916 ἡμῖν
1345 3844 1431 3897 διὰ
1482 3844 1635 3898 τοῦτο
1670 3846 1782 3908 τοῖς

225 3945 827 4023 ἐπιχειροῦσίτιλέγειν
857 3942 954 4011 τῆς
987 3940 1120 4010 πρὸς
1156 3938 1315 3990 αὐτὸν
1350 3935 1443 3989 τοῦ
1476 3936 1632 4003 λόγου
1658 3952 1782 3987 συν-

227 4046 523 4111 εξετάσεως
544 4082 557 4101 ,
585 4039 658 4102 ὡς
690 4038 754 4090 ἂν
792 4033 865 4105 μὴ
891 4034 1009 4086 καθ’
1039 4030 1192 4100 ἡμῶν
1224 4028 1319 4097 τὴν
1345 4027 1560 4097 ἀμάραν
1583 4026 1782 4095 ταύτην

226 4140 327 4207 τῆς
353 4133 613 4203 λοιδορίας
646 4127 1016 4195 ύποκινήσειεν
1039 4162 1053 4184 ν
1090 4119 1123 4189 ἢ
1178 4117 1520 4188 μικροψύκων
1565 4116 1677 4168 ἐστὶ
1723 4116 1783 4169 τδ

230 4230 365 4298 πρὸς
402 4226 499 4288 τὰς
530 4218 812 4293 νηπιώδεις
848 4211 1265 4284 παραφροσύνας
1288 4207 1781 4279 άντιτραχύνεσθαι.

228 4319 438 4390 Ούκοῦν
464 4310 844 4385 συγχωρητέον
868 4307 945 4377 τῷ
977 4306 1199 4375 ὑϐριστῇ
1232 4301 1528 4372 κεχρῆσθαι
1569 4301 1700 4371 πρὸς
1727 4299 1785 4352 τὸ

226 4409 415 4467 δοκοῦν
461 4407 538 4478 τῷ
589 4404 792 4475 τρόπῳ.
845 4393 1276 4465 Ἐπαναληπτὲον
1328 4392 1384 4444 δὲ
1438 4392 1527 4445 τὸν
1579 4391 1781 4444 ἐκείνου

1877 3205 1942 3257 ad
1967 3205 2079 3256 haec
2092 3216 2222 3255 voce
2250 3198 2476 3254 fetidum
2498 3202 2686 3249 contra
2707 3204 2803 3246 nos
2828 3184 3123 3242 convitium
3139 3191 3430 3248 exspuens.

1874 3292 2044 3356 Nam,
2102 3289 2303 3358 inquit,
2371 3283 2774 3355 homonymiam
2836 3294 2902 3335 ex
2961 3276 3141 3345 aliqua
3189 3267 3433 3358 analogia

1877 3332 2044 3356 μων,
2102 3332 2303 3358 ....,...-,
2371 3332 2570 3341 --ν-η--
2610 3332 2773 3336 *πω
2846 3332 2899 3335 π
3051 3332 3071 3345 _
3350 3332 3376 3339 _

1877 3385 2213 3453 desumptam
2266 3381 2322 3433 in
2370 3332 2605 3432 medium
2657 3371 2900 3443 proferre
2947 3368 3013 3423 ad
3057 3332 3435 3422 stabilietidam

1877 3477 2170 3531 humanam
2201 3472 2341 3526 hanc
2382 3464 2916 3528 commentationem,
2959 3457 3125 3511 animi
3166 3465 3304 3522 opus
3328 3456 3433 3508 est.

1880 3579 2057 3623 mente
2093 3564 2311 3636 quidem
2369 3561 2548 3616 valida
2594 3575 2649 3612 in
2676 3553 2883 3625 judicio
2938 3547 3181 3619 spoliati,
3225 3541 3438 3598 inﬁrma

1879 3675 2007 3715 vero
2060 3654 2416 3725 intelligentia
2462 3660 2515 3706 et
2560 3647 2896 3719 deprehensa
2943 3639 3174 3710 quadam
3211 3648 3440 3690 consue—

1881 3749 2073 3804 tudine
2106 3744 2320 3802 Domini
2361 3755 2639 3798 sermones
2691 3734 3047 3807 explorantis.
3076 3728 3257 3798 Papae!
3294 3738 3435 3795 quato

1881 3856 2004 3896 nam
2042 3840 2154 3893 hmo
2210 3834 2495 3890 dialectica
2547 3826 2978 3886 demonstratio?
3017 3822 3223 3877 siccine
3271 3813 3440 3869 artiﬁ-

1881 3933 2029 3987 ciose
2072 3930 2123 3985 ei
2169 3929 2306 3982 ratio
2357 3925 2425 3980 ad
2467 3937 2692 3992 scopum
2744 3912 3128 3973 concluditur?
3176 3909 3437 3975 Quisnam

1882 4022 2114 4092 amplius
2138 4020 2368 4091 probare
2405 4015 2635 4071 voluerit
2681 4023 2984 4067 sermonem
3024 3999 3439 4061 commentatio-

1882 4120 1987 4179 nis,
2016 4123 2126 4167 tam
2156 4112 2306 4182 gravi
2346 4109 2513 4164 odore
2559 4120 2625 4161 ex
2672 4118 2767 4158 ore
2817 4100 2936 4168 ejus
2979 4098 3036 4151 in
3068 4109 3162 4150 eos
3211 4090 3305 4162 qui
3341 4088 3442 4141 ali-

1882 4207 2014 4276 quid
2043 4203 2223 4258 dicere
2279 4198 2687 4272 aggrediuntur,
2738 4188 3076 4263 proﬂuente?
3110 4184 3249 4251 Quin
3277 4182 3440 4237 etiam

1883 4273 2043 4358 nobis
2088 4304 2371 4370 propterea
2395 4290 2597 4361 aliquid
2632 4288 2811 4342 dicere
2862 4277 3321 4354 aggredientibus,
3354 4273 3447 4370 ab-

1886 4364 2207 4449 stinendum
2234 4396 2316 4443 est
2366 4384 2433 4437 ab
2463 4378 2822 4439 examinanda
2864 4384 2918 4430 et
2942 4367 3285 4428 discutiendo
3326 4364 3445 4434 ejus

227 4504 384 4571 λόγον
410 4541 424 4565 ,
462 4460 535 4561 ὡς
564 4460 638 4551 ἂν,
675 4460 921 4547 κάκεῖθεν
952 4460 1157 4557 γένοιτο
1187 4484 1465 4556 συμμαχία
1511 4485 1644 4556 πρὸς
1684 4485 1775 4556 τὴν

1888 4498 2155 4544 sermone,
2195 4494 2261 4534 ne
2309 4483 2500 4532 contra
2546 4486 2645 4527 nos
2674 4470 2913 4525 cloacam
2955 4460 3179 4519 convitii
3211 4470 3447 4513 commo-

2382 4568 2451 4571 ⁷⁸⁸
2558 4565 2569 4571 ⁵
2634 4564 2645 4571 ⁸
2886 4559 2934 4571 ·“
3011 4567 3021 4571 Α
3134 4569 3147 4571 -
3178 4548 3444 4571 Ι-.--Αμεὶζιι

229 4594 506 4665 ἀλήθειαν,

1894 4584 2032 4641 vcat,
2062 4576 2145 4629 vel
2174 4589 2243 4628 ne
2273 4568 2456 4639 pusilli
2484 4564 2647 4619 animi
2695 4576 2818 4617 esse
2850 4559 3095 4614 videatur
3128 4552 3194 4607 ad
3217 4548 3447 4621 puerilia

229 4684 422 4741 deliria
454 4688 643 4735 contra
689 4673 1018 4742 exasperari.
1093 4666 1232 4737 Ergo
1299 4667 1693 4724 contumelioso
1756 4666 2100 4723 convitiatori
2156 4657 2561 4717 concedendum
2613 4661 2736 4713 est,
2782 4665 2881 4721 pro
2948 4647 3168 4704 libidine
3222 4642 3299 4697 uti
3351 4652 3450 4695 suo

232 4772 416 4828 modo.
448 4768 828 4823 Rcsumendus
892 4770 976 4820 est
1030 4770 1208 4814 autem
1265 4758 1409 4813 illius
1479 4774 1691 4823 sermo,
1745 4763 1985 4816 utetiam
2020 4758 2170 4811 illinc
2197 4751 2409 4808 veritati
2453 4749 2658 4802 feratur
2690 4746 2972 4798 auxilium.

317 4868 627 4935 Ἀναλογίας
663 4861 901 4932 ἐμνήσθη
923 4899 937 4923 ,
978 4860 1069 4911 καὶ
1108 4858 1204 4925 τὴν
1248 4859 1310 4908 ἐκ
1342 4855 1543 4924 ταύτης
1581 4858 1787 4925 ὁμωνυ-

236 4960 366 5032 μίαν
395 4958 602 5028 ἐνόησε.
635 4953 802 5008 Πόθεν
831 4950 1003 5003 ταῦτα
1038 4947 1240 5018 μαθὼν,
1268 4948 1359 4999 καὶ
1386 4946 1533 5016 παρὰ
1563 4947 1703 5010 τίνος
1724 4949 1789 5001 τὰ

235 5052 490 5123 ῥήματα;
527 5046 760 5115 Μωῡσῆς
790 5044 889 5096 οὐκ
916 5036 1033 5094 εἷπε
1056 5083 1069 5104 ,
1116 5038 1404 5110 προφητῶν
1434 5037 1528 5090 καὶ
1568 5038 1790 5092 ἀποστό-

227 5142 341 5195 λων
373 5141 471 5194 οὐκ
514 5140 763 5210 ἤκουσεν,
797 5132 1172 5201 εὑαγγελισταὶ
1205 5130 1301 5194 τὰς
1328 5130 1575 5192 τοιαύτας
1611 5130 1790 5198 φωνάς

235 5218 586 5302 σεσιγήκασιν
605 5270 619 5294 ,
652 5228 899 5297 οὐδεμιᾶς
932 5224 1042 5276 ἔστι
1074 5222 1293 5292 Γραφῆς
1316 5220 1486 5273 ταῦτα
1511 5220 1789 5273 διδασκού-

235 5343 336 5395 σης
370 5325 575 5393 μαθεῖν.
608 5321 775 5373 Πόθεν
816 5314 907 5371 οὖν
936 5316 1080 5385 αὐτῷ
1125 5315 1184 5367 τὸ
1228 5314 1397 5376 οὕτως
1433 5315 1639 5379 είπεῖν;
1666 5309 1790 5384 Ἆρ’

234 5418 358 5486 οὐχὶ
386 5416 483 5486 τῆς
526 5412 617 5466 τοῦ
661 5411 901 5470 εἰπόντος
933 5405 1167 5468 διανοίας
1204 5404 1419 5476 εὕρημα
1442 5445 1456 5467 ,
1500 5405 1528 5456 ὁ
1560 5404 1794 5467 τοιοῦτος

236 5510 395 5577 λόγος
446 5507 625 5569 ἐστὶν,
664 5506 691 5557 ὁ
733 5503 829 5572 τὴν
884 5500 1038 5553 ποιάν
1071 5497 1162 5551 τοῦ
1216 5499 1480 5566 νοήματος
1526 5498 1793 5567 σημασίαν

236 5600 529 5667 ἀναλογίαν
560 5594 993 5668 προσαγορεύων.
1028 5590 1150 5655 Πῶς
1193 5586 1284 5643 οὖν
1332 5590 1389 5642 οὐ
1436 5588 1674 5659 συνίησιν
1716 5584 1795 5651 οἷς

242 5694 469 5762 πολεμεῖ
494 5731 507 5753 ,
541 5690 748 5752 τούτοις
787 5687 1086 5758 συμμάχοις
1118 5684 1251 5755 πρὸς
1278 5682 1366 5736 τὸν
1396 5681 1623 5751 πόλεμον
1656 5681 1797 5752 χρώ-

247 5800 432 5849 μενος;
472 5782 701 5848 Πολεμεῖ
732 5780 787 5833 δὲ
838 5777 952 5831 κατ’
999 5776 1238 5830 ἐπίνοιαν
1290 5773 1430 5843 λόγῳ
1477 5772 1667 5837 αὐτὸς,
1711 5770 1796 5826 διὰ

884 5931 907 5957 κ

1964 4852 2236 4922 Analogiae
2261 4848 2527 4910 meminit,
2541 4852 2595 4900 et
2615 4860 2679 4897 ex
2698 4858 2761 4897 ea
2778 4836 3197 4907 homonymiam,
3214 4830 3445 4884 siveno-

1896 4946 2060 5000 minis
2107 4941 2542 4996 communionem
2586 4936 2753 4989 novit.
2786 4931 2943 4987 Unde
2976 4926 3164 4982 didicit
3192 4931 3244 4977 et
3277 4936 3306 4973 a
3346 4932 3453 4988 quo

1896 5036 2056 5090 verba
2086 5033 2231 5087 haec?
2252 5030 2426 5085 Moses
2456 5044 2563 5081 non
2585 5028 2750 5088 dixit,
2778 5021 3065 5092 prophetas
3087 5024 3140 5071 et
3171 5012 3445 5081 apostolos

1898 5128 1983 5181 his
2013 5126 2235 5180 vocibus
2268 5130 2485 5178 utentes
2533 5134 2638 5172 non
2679 5114 2903 5177 audivit,
2945 5106 3286 5175 evangelistze
3320 5102 3454 5154 tales

1897 5234 2058 5274 voces
2113 5216 2329 5273 silentio
2357 5215 2660 5273 involvunt,
2708 5222 2882 5276 neque
2918 5218 2984 5257 ex
3031 5199 3139 5253 ulla
3170 5196 3450 5263 Scriptura

1902 5312 2013 5366 hmc
2046 5310 2275 5365 docente
2306 5307 2435 5361 licet
2484 5303 2775 5375 percipere.
2814 5296 2968 5352 Unde
2992 5294 3155 5360 igitur
3182 5287 3379 5342 accidit
3404 5286 3455 5338 ei

1900 5404 1978 5457 sic
2006 5402 2224 5456 dicere?
2253 5400 2333 5454 An
2374 5412 2480 5451 non
2519 5397 2792 5448 inventum
2827 5384 3191 5455 intelligentia:
3222 5380 3339 5448 ejus
3361 5376 3455 5446 qui

1899 5510 2020 5548 eum
2057 5492 2298 5559 protulit,
2328 5489 2451 5543 talis
2492 5496 2573 5541 cst
2610 5498 2807 5546 sermo,
2842 5478 2935 5548 qui
2976 5476 3132 5529 talem
3166 5468 3456 5541 quamdam

1902 5582 2138 5638 uotiouis
2187 5554 2598 5649 signiﬁcantiam
2656 5568 2958 5638 analogiam
3006 5561 3257 5632 appellat.
3299 5554 3447 5621 Quo-

1905 5665 2065 5729 modo
2121 5646 2282 5743 igitur
2336 5686 2441 5725 non
2519 5665 2767 5735 intelligit
2823 5674 2960 5731 quos
3016 5659 3288 5724 Oppugnat
3370 5646 3456 5699 his

1906 5740 2312 5823 auxiliatoribus
2334 5762 2398 5817 ad
2414 5760 2610 5816 bellum
2634 5752 2959 5813 uti‘lBellum
2983 5754 3160 5803 autem
3181 5740 3315 5814 gerit
3339 5740 3454 5807 ipse
