4006 6494
590 322 725 381 1015

1843 326 1904 381 S.
1941 325 2273 382 GBEGORII
2312 324 2598 382 NYSSENI

3666 326 3805 380 1016

586 453 776 498 contra
817 447 1139 503 sermonem,
1177 442 1271 511 qui
1320 449 1403 497 est
1459 442 1754 498 secundum
1805 456 2111 500 commenta

2241 444 2348 495 τῶν
2373 444 2471 514 τῆς
2498 441 2737 503 ἐπινοίας
2762 438 2932 509 λόγων
2955 481 2969 497 .
3001 439 3063 492 τὸ
3090 440 3164 509 μὴ
3190 440 3298 493 δεῖν
3324 443 3443 493 κατ’
3473 441 3720 495 ἐπίνοιάν
3754 460 3803 495 τι

588 537 825 596 tionem,
863 547 957 601 per
1007 545 1287 587 sermones
1329 534 1422 602 qui
1468 542 1595 588 sunt
1644 538 2137 599 commentationis,

582 638 694 677 non
745 632 993 693 oportere
1031 638 1127 693 per
1168 626 1675 681 commentationem
1730 628 1932 698 aliquid
1959 630 2141 684 dicere

583 715 710 769 dum
734 714 949 769 astruit.
983 714 1088 770 Sed
1119 716 1317 781 nullus,
1341 717 1537 786 inquit,
1561 726 1874 773 sanctorum
1913 720 2016 774 hoc
2042 720 2140 772 do-

584 809 716 862 cuit.
768 806 851 861 Tu
917 821 1046 861 vero
1101 808 1157 862 in
1222 823 1380 877 quem
1430 818 1668 863 veterum
1726 809 1929 865 referre
1988 820 2139 880 potes

581 899 903 970 ἀγεννησίας
926 912 1132 963 vocem,
1163 907 1216 953 et
1244 899 1384 969 quod
1412 902 1518 955 tale
1534 914 1728 954 nomen
1756 901 1822 955 de
1842 900 1933 955 Dei
1951 916 2138 956 esseu-

582 992 653 1044 tia
670 990 1010 1060 praedicatur,
1033 989 1140 1042 imo
1170 1004 1296 1043 vero
1326 990 1503 1059 ipsum
1521 989 1818 1060 ingenitum
1836 999 1920 1046 est
1948 1007 2136 1047 essen-

581 1080 695 1132 tia?
719 1080 801 1133 An
826 1080 918 1134 tibi
958 1079 1170 1150 quidem
1203 1079 1349 1146 licet,
1387 1080 1440 1133 in
1463 1080 1659 1149 quibus
1684 1080 1885 1150 aliquid
1913 1082 2134 1151 impium

580 1170 1013 1227 concludendum
1069 1179 1185 1234 est,
1232 1171 1505 1241 placentes
1553 1187 1711 1227 voces
1771 1172 2030 1229 innovare
2081 1183 2136 1229 et

578 1262 925 1331 excogitare?
973 1261 1018 1316 si
1065 1269 1243 1316 autem
1286 1263 1488 1333 aliquid
1537 1263 1601 1318 ad
1652 1265 1943 1334 impietatis
1981 1283 2133 1322 ever-

578 1355 783 1409 sionem
812 1356 878 1407 ab
912 1353 1018 1408 alio
1060 1353 1289 1419 dicatur,
1319 1354 1708 1411 contradicenti
1737 1356 1876 1411 hanc
1901 1365 2134 1427 potestas

575 1452 681 1499 tem
716 1443 948 1507 auferre,
1002 1457 1155 1498 saeva:
1208 1444 1510 1515 tyrannidis
1572 1462 1699 1501 reus
1763 1446 2132 1516 deprehensus

574 1536 762 1601 fueris,
794 1536 840 1590 si
886 1536 1026 1590 hanc
1076 1536 1173 1590 tibi
1223 1537 1324 1607 ipsi
1374 1546 1693 1607 palestatem
1750 1540 2025 1603 vindices,
2074 1546 2132 1593 ut

573 1642 692 1698 quae
739 1627 794 1680 in
842 1626 963 1683 aliis
1010 1628 1297 1697 prohibes,
1333 1629 1445 1683 haec
1495 1629 1672 1685 facere
1707 1632 1809 1686 soli
1846 1632 1941 1689 tibi
1971 1632 2133 1687 licere

572 1718 871 1784 existimes,
903 1728 959 1775 et
990 1733 1111 1788 qua
1143 1719 1259 1790 ipse
1298 1736 1396 1790 pro
1447 1721 1661 1776 licentia
1705 1722 1894 1788 audes,
1926 1725 1994 1779 ab
2042 1724 2127 1779 his

2243 536 2418 602 λέγειν
2447 535 2882 597 κατασκευάζων.
2914 532 3049 585 Ἀλλ’
3078 533 3251 593 ούδεὶς
3276 571 3290 594 ,
3326 536 3479 601 φησὶ,
3505 532 3664 585 τοῦτο
3695 534 3802 584 τῶν

2238 626 2407 694 ἁγίων
2461 625 2714 689 ἐδίδαξεν.
2769 626 2839 677 Συ
2881 625 2935 678 δὲ
2967 628 3044 687 είς
3076 624 3194 677 τίνα
3232 623 3338 676 τῶν
3382 624 3627 693 ἀρχαίων
3671 625 3799 675 ἀνα-

2239 721 2420 791 φέρειν
2442 720 2581 789 ἑχεις
2609 719 2704 789 τὴν
2733 720 2830 787 τῆς
2847 719 3165 787 ἀγεννησίας
3182 717 3380 788 φωνὴν,
3408 718 3503 770 καὶ
3525 718 3609 769 ὅτι
3631 718 3799 785 0.577;;

2236 815 2613 880 κατηγορεῖται
2638 810 2697 861 τὸ
2722 811 2892 877 ὄνομα
2921 808 3010 860 τοῦ
3037 808 3171 860 Θεοῦ
3215 807 3311 877 τῆς
3337 808 3521 870 ούσίας
3551 848 3566 870 ,
3598 807 3800 875 μᾶλλον

2234 903 2290 956 δὲ
2322 903 2451 956 αὐτό
2495 904 2641 956 ἐστιν
2689 902 3041 971 ἀγέννητονή
3096 899 3287 963 ούσία;
3331 900 3404 952 Ἥ
3436 917 3516 952 σοι
3581 900 3682 969 μὲν
3719 900 3799 963 ἐξ·

2234 1010 2379 1046 εστιν
2400 994 2457 1044 ὲν
2476 989 2554 1055 οἷς
2583 994 2649 1046 ἂν
2677 992 2843 1062 μέλλῃ
2866 1009 2918 1043 τι
2944 991 3048 1043 τῶν
3078 990 3285 1043 ἀσεϐῶν
3310 989 3796 1059 συμπεραίνεσθαι,

2235 1088 2572 1155 καινοτομεῖν
2628 1102 2683 1137 τε
2724 1085 2814 1137 καὶ
2870 1084 3251 1153 παρευρίσκειν
3307 1082 3403 1145 τάς
3454 1082 3798 1151 ἀρεσκούσας

2235 1174 2415 1242 φωνάς
2440 1191 2453 1237 ;
2506 1176 2552 1226 εί
2582 1174 2638 1227 δέ
2665 1191 2717 1226 τι
2749 1173 2883 1243 πρὸς
2932 1174 3030 1241 τὴν
3055 1174 3151 1240 τῆς
3195 1171 3444 1234 ἀσεϐείας
3474 1171 3795 1237 καθαίρεσιν

2234 1266 2361 1334 παρ’
2389 1262 2573 1334 ἐτέρου
2602 1264 2807 1328 λέγοιτο
2830 1306 2845 1328 ,
2880 1262 3263 1332 παραιρεῖσθαι
3302 1261 3398 1331 τῆς
3428 1261 3676 1328 ἐξουσίας
3708 1264 3797 1313 τὸν

2232 1356 2571 1424 ἀντιλέγοντα
2595 1397 2608 1418 ,
2660 1356 2899 1426 μεγάλης
2959 1356 3006 1408 τ’
3041 1356 3106 1407 ἂν
3140 1356 3255 1423 είης
3302 1354 3609 1423 τυραννίδος
3641 1356 3791 1406 ἐττει-

2231 1444 2532 1516 λημμένος,
2565 1448 2612 1499 εἰ
2656 1446 2857 1513 ταύτην
2906 1444 3110 1514 σεαυτῷ
3153 1444 3250 1515 τὴν
3292 1444 3538 1507 ἐξουσίαν
3584 1444 3795 1511 κρατύ-

2232 1554 2376 1599 νειας
2397 1577 2413 1599 ,
2447 1538 2520 1599 ὡς
2563 1538 2703 1607 άπερ
2753 1537 2844 1589 ἐπὶ
2881 1536 2985 1589 τῶν
3017 1536 3189 1589 ἄλλων
3215 1536 3439 1597 κωλύεις
3460 1576 3474 1599 ,
3508 1536 3593 1587 σοὶ
3617 1534 3793 1587 ταῦτα

2231 1630 2398 1680 ποιεῖν
2428 1629 2623 1692 ἐξεῖναι
2668 1628 2846 1697 μόνῳ,
2887 1627 2979 1679 καὶ
3018 1629 3155 1697 άπερ
3190 1627 3347 1690 αὐτὸς
3384 1631 3499 1679 κατ’
3539 1627 3791 1693 ἐξουσίαν

2229 1718 2427 1787 τολμᾷς
2451 1758 2464 1780 ,
2488 1716 2686 1769 τούτων
2716 1719 2995 1788 ἀπείργειν
3029 1718 3151 1780 τοὺς
3179 1718 3386 1778 ἀλλους.
3415 1718 3511 1770 Διά
3542 1720 3788 1788 προστά-

570 1810 706 1863 alios
750 1823 954 1864 arcere.
992 1810 1157 1876 Quasi
1190 1826 1287 1881 per
1329 1811 1564 1867 edictum
1618 1814 1846 1885 abrogas
1890 1816 2002 1871 haec
2032 1833 2111 1886 pet

2223 1826 2429 1877 γματος
2463 1808 2671 1871 ἀθετεῖς
2697 1808 2757 1860 τὸ
2785 1809 2903 1861 κατ’
2943 1809 3179 1862 ἐπίνοιαν
3210 1810 3461 1877 λέγεσθαι
3492 1811 3671 1865 ταῦτα
3710 1813 3789 1881 τῷ

568 1900 1017 1972 excogitationem
1086 1902 1191 1956 dici
1270 1902 1336 1956 de
1401 1902 1622 1959 Christo
1678 1907 1936 1970 nomina,
1997 1911 2122 1977 quia

567 1996 746 2050 nullus
777 2001 1086 2049 sanctorum
1130 2003 1381 2063 oportere
1414 1996 1499 2051 sic
1528 1995 1638 2052 dici
1698 1998 1947 2055 edixerit.
1978 1999 2122 2065 Quo-

566 2085 726 2139 modo
755 2086 922 2156 igitur
972 2101 1065 2155 per
1112 2088 1338 2158 ingeniti
1381 2103 1566 2145 vocem
1615 2092 1761 2145 velut
1795 2094 1963 2163 legem
1995 2111 2122 2165 pro-

566 2177 778 2245 mulgas
810 2176 876 2229 de
915 2176 1203 2231 verborum
1236 2180 1579 2245 rectitudine,
1616 2192 1673 2235 ut
1696 2198 1758 2237 ea
1796 2184 1910 2239 sola
1944 2187 2123 2254 profe~

564 2275 753 2320 rantur
778 2282 896 2336 qua:
929 2282 959 2321 a
989 2266 1097 2323 Deo
1147 2269 1445 2340 inspiratus
1488 2289 1666 2329 sermo
1694 2274 1986 2346 Scriptura:
2024 2294 2120 2333 ex-

563 2359 845 2426 posuerit?
878 2358 952 2413 Ex
981 2360 1090 2415 tuis
1118 2360 1281 2431 igitur
1305 2365 1524 2433 scriptis
1552 2366 1773 2436 ingeniti
1804 2384 1996 2423 nomen
2025 2372 2120 2426 de-

563 2448 778 2502 Iendum
826 2457 927 2516 est,
964 2450 1090 2519 quia
1144 2452 1327 2507 nullus
1382 2465 1696 2511 sanctorum
1746 2475 1929 2514 vocem
1979 2462 2117 2517 hanc

560 2540 889 2595 auctoritate
932 2555 1030 2595 sua
1074 2542 1356 2610 probavit;
1392 2546 1485 2599 sed
1524 2557 1741 2617 propter
1787 2550 2116 2606 intellectum

558 2634 647 2702 qui
686 2633 812 2688 huic
841 2633 1105 2689 vocabulo
1138 2636 1346 2697 subest,
1379 2637 1670 2693 dictionem
1699 2643 1989 2711 approbas.
2008 2644 2115 2699 Nos

557 2725 729 2779 simili
750 2723 910 2780 modo
933 2732 1154 2795 pr0pter
1183 2742 1401 2782 sensum
1434 2729 1485 2781 in
1513 2745 1573 2783 ea
1602 2731 1890 2797 inclusum,
1930 2749 2113 2790 vocem

554 2814 693 2868 lianc
724 2816 980 2881 ὲπινοίας,
1007 2816 1059 2870 id
1081 2826 1163 2872 est
1190 2820 1642 2875 commentationis
1668 2822 2006 2891 admisimus,
2030 2824 2115 2882 vel

556 2906 665 2959 duo
694 2922 758 2961 ex
791 2924 892 2962 usu
939 2910 1261 2971 eximemus,
1292 2912 1375 2966 vel
1429 2920 1679 2967 neutrum
1722 2914 1934 2982 borum,
1964 2918 2111 2987 quia,

550 2997 595 3051 si
617 2997 727 3060 fiat,
752 3014 847 3067 per
868 3007 1093 3067 utraque
1124 3001 1422 3056 vincemus.
1456 3001 1590 3056 Nam
1623 3004 1667 3057 si
1704 3006 1916 3073 penitus
1942 3007 2113 3062 dictio

550 3086 871 3157 ἀγεννησίας
905 3088 1122 3144 silentio
1150 3089 1434 3156 obruatur,
1470 3093 1648 3148 omnis
1674 3095 2107 3154 adversariorum

549 3184 736 3230 contra
766 3178 1042 3235 veritatem
1090 3196 1191 3234 vox
1227 3184 1493 3239 exstincta
1537 3195 1639 3239 est.
1682 3188 1854 3258 Atque
1908 3189 2109 3261 Unige-

549 3268 664 3321 nito
700 3268 805 3324 Deo
836 3271 1004 3337 gloria
1034 3274 1102 3327 ab
1127 3275 1379 3330 omnibus
1420 3275 1714 3346 eﬂ‘ulgebit,
1742 3282 1867 3349 quia
1900 3283 2107 3336 nullum

546 3359 649 3411 erit
678 3373 872 3413 nomen
912 3376 978 3415 ex
1010 3365 1281 3418 contraria
1319 3369 1679 3436 oppositione,
1713 3372 1857 3438 quod
1889 3370 2103 3428 Domini

553 3449 891 3517 majestatem
931 3452 1235 3507 imtuinuat.
1288 3454 1343 3509 Si
1395 3459 1553 3509 ambo
1600 3466 1874 3523 maneant,
1933 3472 1985 3516 et
2029 3465 2108 3519 sic

546 3540 830 3593 nobiscum
878 3542 1057 3597 vincet
1087 3546 1309 3606 veritas,
1342 3546 1409 3599 ad
1455 3548 1717 3611 ἐπίνοιαν,
1752 3549 1803 3605 id
1833 3560 1935 3616 est,
1968 3571 2108 3607 com-

546 3633 930 3697 memntionem,
963 3650 1029 3689 ex
1072 3638 1310 3693 essentia
1355 3641 1617 3695 translato
1666 3645 1987 3715 ἀγεννησίας
2013 3664 2108 3701 uo-

547 3722 710 3775 mine.
753 3720 857 3776 Sed
894 3726 1131 3793 quaudiu
1176 3743 1243 3783 ex
1284 3730 1399 3784 suis
1425 3732 1641 3801 scriptis
1672 3734 1896 3804 ingeniti
1920 3752 2105 3792 vocem

544 3825 651 3863 non
684 3813 892 3878 eximit,
942 3816 1178 3885 seipsum
1226 3820 1543 3874 abltortetur
1592 3823 1681 3891 qui
1738 3840 1837 3880 nos
1891 3827 2106 3885 lacessit

543 3900 864 3964 Pharisaeus.
892 3920 959 3961 ne
983 3908 1134 3976 prius
1152 3908 1219 3962 ad
1244 3919 1482 3964 nostram
1506 3912 1769 3968 festucam
1791 3919 2100 3995 perSpiciat.

538 4006 697 4060 quam
746 3995 950 4049 trabem
986 3996 1088 4052 sibi
1146 3998 1545 4057 incumbentem
1596 4012 1651 4058 et
1702 4008 1982 4062 molestam
2030 4023 2101 4062 ex

538 4086 718 4140 oculis
755 4087 1023 4156 ejiciat".
1056 4088 1161 4144 Sed
1196 4090 1360 4156 Deus,
1395 4093 1592 4163 inquit,
1626 4104 1678 4149 et
1711 4097 2097 4155 infirmissimis

535 4191 723 4231 eorum
772 4193 891 4247 qua:
947 4178 1001 4234 in
1027 4188 1174 4236 terra
1228 4185 1520 4248 exsistunt,
1570 4188 1961 4256 pretiosissima
2007 4193 2101 4245 tri-

542 4271 657 4322 buit
686 4272 928 4335 nomina,
969 4288 1079 4328 non
1117 4274 1436 4345 dignitatum
1465 4280 1825 4347 aequalitatem
1861 4283 2099 4353 imperti-

536 4368 644 4422 tus,
691 4370 745 4415 et
794 4362 1266 4434 principalissimis
1313 4368 1614 4433 vilissima,
1661 4388 1764 4426 non
1815 4383 1990 4428 tamen
2032 4390 2097 4429 ex

2223 1899 2439 1970 Χριστῷ
2470 1900 2537 1952 τά
2564 1900 2797 1969 ὀνόματα
2823 1942 2836 1963 ,
2876 1902 2956 1954 ὅτι
2994 1902 3179 1971 μηδεὶς
3220 1902 3326 1955 τῶν
3360 1902 3525 1970 ἀγίων
3565 1903 3629 1956 τὸ
3675 1905 3785 1956 δεῖν

2222 1990 2361 2043 οὔτω
2388 1990 2635 2058 λέγεσθαι
2663 1991 2959 2057 διετάξατο.
2996 1991 3119 2055 Πῶς
3146 1988 3237 2045 οὖν
3262 1994 3327 2063 τῇ
3356 1992 3448 2044 τοῦ
3483 1994 3783 2063 ἀγεννήτου

2222 2082 2369 2148 φωνῇ
2396 2079 2701 2149 νομοθετεῖς
2732 2080 2835 2132 τῶν
2880 2081 3134 2150 ῥημάτων
3162 2081 3457 2151 ὀρθότητας
3480 2122 3494 2145 ,
3525 2085 3587 2137 τὸ
3623 2084 3782 2153 μόνον

2221 2173 2400 2223 ἐκεῖνα
2429 2172 2757 2240 φθέγγεσθαι
2788 2174 2928 2243 άπερ
2955 2174 3020 2225 ἂν
3049 2176 3076 2226 ὁ
3109 2174 3460 2239 θεόπνευστος
3500 2176 3659 2242 λόγος
3685 2177 3781 2244 τῆς

2220 2264 2257 2313 Γ
2263 2264 2439 2333 ραφῆς
2471 2265 2851 2334 ύφηγήσῃαη
2893 2265 3259 2329 Ἐξαλειπτέον
3300 2265 3365 2320 ἂν
3397 2268 3481 2337 εἴη
3508 2267 3620 2319 τῶν
3651 2284 3780 2331 συγ-

2218 2354 2553 2424 γραμμάτων
2594 2372 2686 2409 σου
2709 2395 2723 2419 ,
2747 2356 2806 2408 τὸ
2840 2356 3128 2425 ἀγέννητον
3152 2358 3317 2428 ὄνομα
3341 2399 3357 2422 ,
3394 2357 3623 2428 μηδενὸς
3673 2358 3780 2410 τῶν

2219 2446 2383 2513 ἁγίων
2404 2448 2497 2517 τὴν
2528 2448 2708 2518 φωνὴν
2734 2446 2931 2516 ταύτην
2964 2447 3451 2519 θεσμοθετήσαντος
3472 2466 3485 2478 ·
3520 2448 3664 2503 ἀλλά
3692 2450 3777 2500 διὰ

2216 2538 2305 2589 τὸν
2337 2540 2647 2608 ἐγκείμενον
2672 2538 2746 2609 τῷ
2777 2541 3120 2609 προσρήματι
3146 2540 3315 2609 τούτῳ
3341 2540 3463 2594 νοῦν
3495 2540 3775 2610 παραδέχῃ

2216 2628 2485 2698 τὴνὶέξιν.
2518 2630 2623 2682 Καὶ
2658 2632 2814 2700 ἡμεῖς
2853 2631 3109 2691 ὡσαύτως
3156 2631 3243 2683 διὰ
3293 2632 3393 2699 τὴν
3446 2633 3773 2701 ἐγκειμένην

2216 2718 2435 2783 ἔννοιαν,
2463 2720 2558 2789 τὴν
2585 2722 2763 2790 ιίωνὴν
2787 2722 2883 2788 τῆς
2912 2723 3147 2783 ἐπινοίας
3178 2722 3609 2791 παρεδεξάμεθα.
3633 2724 3773 2774 Οὐκ-

2214 2809 2305 2862 οῦν
2335 2810 2367 2880 ἦ
2394 2810 2461 2862 τά
2485 2808 2576 2862 δύο
2603 2811 2700 2881 τῆς
2749 2812 2993 2881 χρήσεως
3020 2810 3400 2884 ἐξαιρήσομεν,
3434 2812 3465 2883 ἢ
3504 2812 3617 2865 αὖθ’
3653 2814 3769 2865 ξτε-

2215 2918 2305 2971 ρον
2324 2918 2336 2930 ·
2360 2903 2387 2955 ὅ
2406 2918 2457 2952 τι
2481 2902 2525 2953 δ’
2566 2899 2630 2953 ἂν
2664 2901 2883 2969 γένηται
2932 2901 3131 2953 τούτων
3156 2943 3172 2965 ,
3205 2900 3271 2953 δι’
3298 2902 3576 2970 ἑκατέρων
3612 2904 3767 2971 νική-

2216 3009 2392 3061 σομεν.
2428 2992 2796 3061 Σιωπηθείσης
2853 2992 2951 3061 μὲν
2997 2992 3099 3062 γάρ
3150 2992 3372 3045 καθόλου
3400 2996 3496 3061 τῆς
3542 2996 3769 3060 ἀγέννη-

2214 3083 2331 3145 σίας
2351 3125 2365 3147 ,
2400 3085 2544 3134 πᾶσα
2572 3082 3007 3153 συγκατεσϐέσθη
3036 3082 3142 3134 τῶν
3164 3083 3414 3135 ἐναντίων
3445 3085 3476 3152 ἡ
3504 3084 3645 3135 κατὰ
3672 3085 3768 3152 τῆς

2210 3175 2460 3246 ἀληθείας
2481 3176 2648 3245 φωνὴ,
2678 3177 2767 3228 καὶ
2790 3175 3066 3246 πρέπουσα
3088 3176 3163 3245 τῷ
3188 3178 3477 3243 Μονογενεί
3496 3177 3614 3246 Θεῴ
3629 3178 3756 3242 δόξα

2210 3266 2356 3337 παρά
2391 3265 2604 3318 πάντων
2632 3266 2896 3337 ὲκλάμψει
2917 3308 2931 3332 ,
2960 3266 3182 3336 μηδενὸς
3210 3266 3359 3330 ὄντος
3388 3269 3646 3336 ὀνόματος
3672 3269 3763 3320 τού

2211 3358 2268 3421 ἑξ
2298 3358 2729 3429 ἀντιδιαιρέσεως
2754 3359 2811 3411 τὸ
2847 3360 3126 3429 μεγαλεῖον
3154 3360 3246 3413 τοῦ
3266 3360 3467 3429 Κυρίου
3492 3378 3764 3429 κατασμι-

2210 3448 2515 3520 κρύνοντος.
2553 3450 2612 3501 Εἰ
2636 3449 2690 3502 δὲ
2723 3450 2869 3519 μένοι
2903 3450 3201 3519 ἀμφότερα,
3230 3453 3322 3503 καὶ
3345 3450 3511 3513 οὕτως
3542 3454 3762 3522 ἐπικρα-

2207 3544 2355 3611 τήσει
2390 3541 2508 3611 μεθ’
2539 3542 2692 3611 ἡμῶν
2721 3544 2752 3611 ἡ
2790 3540 3048 3610 ἀληθεία,
3082 3544 3159 3605 εἰς
3185 3541 3279 3607 τὴν
3303 3542 3542 3595 ἐπίνοιαν
3571 3544 3632 3594 ὲκ
3665 3544 3763 3612 τῆς

2205 3633 2388 3696 ούσίας
2446 3631 2824 3703 μετατεθέντος
2870 3631 2963 3684 τοῦ
2992 3632 3087 3702 τῆς
3120 3633 3437 3703 ἀγεννησίας
3476 3634 3756 3703 ὀνόματος.

2218 3724 2352 3776 Ἀλλ’
2398 3724 2500 3787 ἕως
2547 3725 2644 3776 ούκ
2683 3723 2885 3793 ἐξαιρεῖ
2934 3723 3040 3777 τῶν
3105 3723 3244 3777 ἰδίων
3289 3723 3460 3790 λόγων
3505 3724 3603 3795 τὴν
3667 3727 3758 3778 τοῦ

2205 3816 2491 3884 ἀγεννήτου
2546 3816 2757 3884 φωνὴν,
2813 3814 3181 3883 νουθετησάτω
3227 3815 3411 3868 ἑαυτὸν
3458 3817 3579 3868 καθ’
3609 3819 3758 3887 ἡμᾶς

2201 3908 2484 3975 Φαρισαῖος
2504 3946 2516 3965 ,
2545 3904 2616 3975 μὴ
2648 3906 2902 3974 πρότερον
2924 3905 3058 3976 πρὸς
3087 3906 3146 3957 τὸ
3172 3906 3428 3975 ἡμέτερον
3453 3906 3757 3961 διαὸλέπειν

2202 3998 2439 4067 κάρφος,
2493 3997 2625 4065 πρὸς
2656 3997 2751 4064 τὴν
2794 3996 3115 4065 ἐγκειμένην
3152 3996 3297 4065 αὐτῷ
3345 3996 3495 4049 δοκὸν
3552 3999 3759 4051 ἀποδα-

2200 4088 2309 4140 λεῖν
2358 4088 2463 4139 τῶν
2520 4087 2798 4156 ὀμμάτων.
2844 4085 2978 4138 Ἀλλ’
3024 4090 3051 4139 ὁ
3084 4086 3251 4151 Θεὸς,
3307 4090 3472 4157 φησὶ,
3503 4090 3594 4141 καὶ
3645 4094 3761 4153 τοῖς

2199 4179 2600 4240 ἀσθενεστάτοις
2652 4178 2754 4230 τῶν
2790 4177 2913 4248 περὶ
2955 4177 3055 4244 γῆν
3086 4180 3419 4247 τιμιωτάτων
3456 4181 3753 4249 μεταδέδω-

2201 4289 2291 4323 κεν
2320 4270 2597 4339 ὀνομάτων
2616 4309 2629 4332 ,
2664 4268 2736 4338 μὴ
2772 4268 3141 4338 συμμεταδοὺς
3173 4271 3269 4338 τῆς
3296 4271 3400 4321 τῶν
3430 4271 3754 4341 ἀξιωμάτων

2201 4361 2529 4431 ἰσομοιρίας,
2582 4359 2673 4410 καὶ
2720 4362 2829 4420 τοῖς
2882 4358 3262 4428 κυριωτάτοις,
3305 4360 3409 4411 τῶν
3438 4362 3755 4415 εὐτελεστά-

534 4452 842 4508 nominibus
863 4456 1076 4510 coillata
1099 4460 1332 4513 naturali
1365 4460 1587 4517 vilitate.
1622 4462 1744 4518 Haec
1773 4465 1836 4518 ad
1868 4467 2086 4518 verbum

2213 4469 2332 4516 των,
2365 4449 2438 4520 μὴ
2475 4450 2884 4519 συμφερομένης
2912 4449 3013 4500 ὑπὸ
3040 4450 3144 4501 τῶν
3189 4452 3462 4520 ὀνομάτων
3500 4454 3597 4522 τῆς
3650 4471 3753 4521 φυ-

533 4542 675 4594 dieta
719 4552 866 4607 sunt,
898 4546 1039 4599 sicut
1088 4549 1157 4602 ab
1204 4550 1356 4617 ipsis,
1405 4551 1486 4605 sic
1531 4568 1561 4605 a
1609 4554 1767 4609 nobis
1813 4554 2086 4625 descripta

532 4640 677 4685 sunt.
710 4630 764 4686 Si
797 4634 1029 4705 aliquam
1058 4638 1115 4691 in
1172 4639 1439 4707 profundo
1470 4644 1774 4699 abstrusam
1816 4632 1974 4698 habet
2009 4646 2093 4698 itt-

532 4726 882 4794 telligentiam
918 4743 1038 4797 quae
1068 4745 1167 4783 nos
1193 4729 1380 4799 fugiat,
1410 4734 1699 4803 dicantqui
1735 4737 2091 4803 comprehen-

529 4816 727 4869 derunt
750 4832 809 4872 ea
842 4834 958 4887 quae
1000 4820 1213 4888 longius
1262 4822 1460 4875 absunt
1494 4839 1523 4875 a
1560 4834 1746 4879 nostro
1774 4836 2095 4894 conspectu,

527 4908 618 4976 qui
648 4910 843 4963 initiati
872 4919 999 4964 sunt
1028 4920 1080 4965 et
1106 4911 1281 4966 edocti
1333 4914 1578 4969 intimam
1614 4917 1793 4980 istam,
1816 4928 1868 4971 et
1899 4918 2087 4973 inclia-

528 5000 688 5055 bilem
720 5003 1096 5057 initiationem.
1141 5005 1294 5069 Quod
1327 5007 1370 5061 si
1422 5008 1555 5061 nihil
1590 5009 1817 5077 amplius
1860 5010 1941 5064 bis
1970 5026 2088 5080 quae

528 5093 580 5144 in
608 5094 858 5161 promptu
908 5095 1281 5165 intelliguntur
1320 5098 1767 5167 interpretantur,
1802 5102 1943 5155 haud
1972 5104 2087 5157 scio

528 5189 677 5235 utros
725 5182 909 5238 alteris
962 5185 1383 5241 miserabiliores
1433 5191 1824 5257 reputaverim,
1878 5208 1945 5246 an
1990 5208 2085 5248 eos

525 5273 613 5338 qui
641 5272 764 5325 talia
789 5272 997 5335 dicunt,
1037 5290 1105 5329 au
1148 5291 1240 5331 eos
1269 5278 1363 5346 qui
1397 5294 1556 5334 aures
1586 5282 1784 5336 talibus
1818 5284 2077 5351 praebent.

528 5362 935 5426 lnfirmissituis,
969 5366 1065 5428 ait,
1095 5372 1433 5423 terrestrium
1471 5373 1860 5441 pretiosissima
1890 5376 2079 5429 tribuit

526 5454 767 5519 nomina,
822 5472 928 5510 non
979 5458 1136 5512 simul
1193 5461 1513 5529 dignitatum
1560 5465 1917 5535 mqualitatem
1969 5469 2078 5524 lar-

524 5543 687 5615 gitus.

589 5751 629 5787 οδ
668 5747 848 5813 Matth.
888 5767 979 5816 vn,
1017 5752 1063 5808 5.
1098 5769 1209 5827 stiti;

2194 4546 2348 4612 σικῆς
2402 4540 2685 4603 εὐτελείας.
2747 4540 2927 4592 Ταῦτα
2976 4543 3092 4592 κατ’
3152 4542 3317 4611 αὐτὴν
3372 4542 3585 4614 εἴρηται
3653 4545 3750 4615 τὴν

2192 4633 2354 4697 λέξιν,
2377 4629 2518 4685 οὕτω
2546 4634 2668 4703 παρ’
2689 4631 2863 4685 αὐτῶν
2892 4632 2965 4694 ὡς
2991 4635 3115 4701 παρ’
3140 4633 3293 4703 ἡμῶν
3316 4633 3747 4706 ἀναγέγραπται.

2196 4723 2258 4777 El
2296 4724 2392 4794 μέν
2419 4741 2539 4776 τινα
2573 4724 2709 4776 κατά
2742 4723 2800 4774 τὸ
2832 4723 2989 4791 βάθος
3017 4726 3462 4797 ὲγκεκρυμμένην
3490 4729 3601 4797 ἔχει
3637 4731 3749 4783 διά-

2194 4834 2340 4869 νοιαν
2373 4816 2469 4886 τὴν
2494 4817 2639 4885 ἡμᾶς
2667 4815 3056 4883 διαφεύγουσαν
3076 4857 3089 4876 ,
3133 4817 3437 4883 λεγέτωσαν
3469 4820 3517 4870 οί
3567 4838 3749 4874 κατει-

2195 4910 2423 4979 ληφότες
2471 4910 2536 4962 τὰ
2568 4909 2751 4979 πόρρω
2789 4909 2887 4977 τῆς
2933 4911 3195 4979 ἡμετέρας
3234 4910 3509 4979 ἐπόψεως,
3554 4913 3601 4965 οἱ
3657 4932 3748 4982 με-

2197 5003 2459 5073 μυημένοι
2494 5003 2620 5071 παρ’
2648 5001 2808 5053 αὑτοῦ
2840 5000 2934 5070 τὴν
2973 5003 3298 5072 ἐσωτερικήν
3334 5018 3389 5053 τε
3439 5004 3532 5055 καὶ
3574 5004 3747 5075 ἀπὸρο

2194 5099 2353 5165 ρητον
2379 5094 2591 5165 μύησιν.
2609 5094 2669 5145 Εἰ
2698 5094 2751 5144 δὲ
2772 5093 2931 5145 πλέον
2958 5093 3107 5145 οὐδὲν
3126 5094 3229 5144 τῶν
3251 5096 3312 5145 ἐκ
3334 5094 3422 5146 τοῦ
3456 5099 3746 5166 προχείρου

2191 5184 2490 5255 νοουμένων
2520 5183 2977 5252 διερμηνεύουσιν,
3005 5183 3101 5235 ούκ
3136 5179 3249 5235 οἶδα
3283 5184 3539 5253 ποτέρους
3570 5186 3634 5237 iv
3669 5202 3746 5247 τις

2190 5275 2576 5347 ἐλεεινοτέρους
2604 5274 2706 5325 τῶν
2743 5274 2940 5343 ἑτέρων
2965 5274 3261 5340 λογίσαιτο,
3308 5275 3431 5337 τοὺς
3475 5276 3545 5327 τὰ
3568 5276 3744 5328 τοιαῦ·

2183 5386 2247 5420 τα
2277 5368 2556 5434 λέγοντας,
2604 5364 2787 5434 ἢτοὺς
2826 5364 2923 5427 τὰς
2965 5366 3129 5427 ἀκοὰς
3174 5369 3283 5429 τοῖς
3331 5367 3585 5429 τοιούτοις
3614 5367 3742 5418 ὔπέο

2182 5477 2391 5531 χον-τας.
2433 5460 2555 5519 Τοῖς
2602 5456 3042 5519 ἀσθενεστάτοις,
3095 5458 3257 5529 φησὶ,
3299 5459 3405 5510 τῶν
3454 5458 3583 5526 περὶ
3614 5457 3736 5525 γῆν,

2183 5553 2285 5605 τῶν
2311 5551 2648 5622 τιμιωτάτων
2690 5549 3053 5619 μεταδέδωκεν
3090 5552 3391 5621 ὀνομάτων,
3448 5551 3523 5622 μὴ
3572 5568 3735 5620 μετατ

2183 5644 2300 5705 δοὺς
2331 5647 2429 5714 τῆς
2461 5643 2564 5696 τῶν
2601 5642 2922 5713 ἀξιωμάτων
2959 5644 3283 5717 ἰσομοιρίαςι
