4006 6490
285 340 415 393 NW7

1346 340 1618 397 CONTRA
1660 338 2044 404 EUNOMlUﬂ,
2084 341 2213 397 LIB.
2256 341 2370 398 XII.

3358 342 3495 397 1618

356 459 561 512 Οὐκοῦν
593 458 949 531 σκοπήσωμεν
975 460 1069 532 τὴν
1101 461 1209 515 τῶν
1237 462 1536 531 εἰρημένων
1562 461 1797 515 διάνοιαν
1820 478 1829 491 ·

2011 458 2150 530 Ergo
2180 460 2449 514 dictorum
2491 473 2715 513 sensum
2747 457 3177 513 consideremus.
3215 456 3485 527 Inﬁrmi;-

290 550 363 602 Τὰ
385 551 807 613 ἀσθενέστατα,
843 553 996 621 φησὶ,
1030 552 1220 621 ψιλῆς
1242 553 1544 616 ἀξιοῦνται
1573 551 1680 621 τῆς
1718 552 1835 607 τῶν

280 644 487 709 τιμίων
524 644 925 713 προσηγορίας
946 686 960 707 ,
996 646 1105 697 οὐκ
1137 644 1279 698 ὄντα
1307 644 1420 711 τὴν
1464 647 1651 714 φύσιν
1687 645 1835 712 ἅπερ

281 734 749 803 κατονομάζεται.
787 736 894 789 Καὶ
937 737 1089 789 τοῦτο
1130 737 1286 808 ἔργον
1318 733 1456 790 εἶναι
1498 738 1641 806 λέγει
1678 737 1833 803 Θεοῦ,

280 824 339 875 τὸ
366 824 737 893 διαᾷεύδεσθαι
780 830 846 897 τῇ
894 828 1192 899 τιμιωτέρᾳ
1238 829 1422 900 κλήσει
1477 828 1572 901 τὴν
1622 830 1835 899 χείρονα

280 916 474 982 φύσιν,
500 921 591 972 καὶ
621 918 681 971 τὸ
721 919 955 988 ἔμπαλιν
1002 921 1100 984 τὰς
1146 922 1470 992 ἀτιμοτέρας
1515 922 1696 989 φωνὰς
1724 923 1834 984 τοῖς

278 1006 418 1059 κατά
465 1008 623 1075 φύσιν
672 1008 961 1079 προέχουσι
996 1011 1089 1063 τὸν
1119 1010 1250 1064 Θεὸν
1296 1012 1622 1083 ἐφαρμόζειν
1663 1013 1831 1079 λέγει,

281 1100 355 1167 μὴ
397 1099 933 1170 συμμετατιθεμένης
982 1102 1045 1170 τῇ
1094 1100 1281 1171 κλήσει
1332 1102 1431 1172 τῆς
1471 1103 1701 1171 φύσεως.
1748 1103 1833 1165 Ὠς

276 1189 321 1242 δ’
352 1190 417 1243 ἂν
452 1191 678 1260 μάλιστα
706 1192 1011 1261 καταφανὲς
1044 1194 1172 1263 ἡμῖν
1201 1194 1259 1246 τὸ
1286 1193 1570 1263 λεγόμενον
1603 1196 1829 1262 γένοιτο,

277 1284 365 1335 ἐπ’
398 1282 573 1336 αὐτῶν
618 1283 954 1352 δειχθήσεται
1000 1284 1109 1337 τῶν
1152 1286 1489 1355 πραγμάτων
1534 1287 1567 1354 ἡ
1613 1287 1828 1341 ἀτοπία.

278 1372 345 1423 lii
368 1389 451 1435 τις
478 1372 566 1425 τὸν
597 1372 685 1424 διά
731 1374 911 1445 πάσης
949 1374 1145 1445 ἀρετῆς
1194 1374 1471 1445 εὐδόκιμον
1493 1418 1506 1437 ,
1539 1376 1831 1430 ἀκόλαστον

276 1464 421 1532 λέγοι
444 1482 456 1494 ο
487 1465 518 1535 ἢ
550 1466 887 1537 ἀναστρέψας
914 1506 929 1529 ,
956 1467 1045 1519 τὸν
1082 1467 1168 1537 ἴσῃ
1200 1468 1365 1539 κακίᾳ
1397 1469 1829 1539 διαϐεϐλημένον,

276 1558 477 1624 ἀγαθὸν
502 1560 643 1610 εἰποι
668 1559 761 1610 καὶ
790 1559 1015 1629 κόσμιον
1033 1576 1046 1588 ·
1070 1554 1176 1631 ἆρα
1201 1563 1494 1631 σωφρονεῖν
1516 1563 1543 1614 0
1571 1562 1828 1625 τοιοῦτος,

276 1650 309 1719 ἡ
346 1668 467 1702 τινα
506 1650 601 1719 τῆς
629 1650 881 1719 ἀληθείας
923 1650 1063 1721 ἔχειν
1094 1652 1345 1722 φροντίδα
1392 1652 1539 1723 παρά
1570 1655 1679 1715 τοῖς
1707 1652 1830 1705 νοῦν

277 1743 455 1811 ἔχουσι
492 1742 905 1812 νομισθήσεται,
938 1742 1334 1814 ἐνηλλαγμένας
1363 1744 1497 1815 πρὸς
1525 1746 1829 1799 τούναντίον

274 1834 373 1894 τὰς
404 1832 770 1903 προσηγορίας
821 1832 1164 1902 ποιούμενος,

274 1924 339 1993 τῇ
379 1924 621 1995 σημασίᾳ
667 1924 773 1976 τῶν
808 1925 1082 1994 ὀνομάτων
1128 1925 1226 1993 τῆς
1268 1925 1511 1993 φύσεως;
1554 1927 1691 1995 Ἐγὼ
1734 1929 1829 1997 μὲν

273 2017 372 2067 οὐκ
408 2012 581 2083 οἶμαι.
610 2016 793 2068 Ταῦτα
820 2016 993 2070 τοίνυν
1025 2015 1153 2087 περί
1188 2018 1279 2071 τοῦ
1306 2018 1440 2071 Θεοῦ
1467 2019 1708 2087 γίνεσθαί
1728 2037 1831 2089 φη-

276 2122 359 2157 σιν
408 2099 560 2169 οὗτος
586 2146 599 2165 ,
632 2105 665 2158 ἆ
706 2106 828 2158 οὔτε
875 2109 991 2171 ταῖς
1033 2110 1235 2171 κοιναῖς
1280 2108 1387 2161 τῶν
1432 2110 1677 2173 ἐννοιῶν,
1708 2110 1828 2163 οὕτε

271 2200 391 2260 ταῖς
442 2200 734 2268 γραφικαῖς
771 2198 1092 2270 μαρτυρίαις
1127 2199 1431 2269 συμϐαίνει.
1474 2202 1560 2253 Ἐν
1600 2204 1695 2272 μὲν
1722 2205 1830 2275 γὰρ

270 2290 339 2359 τῇ
372 2289 515 2341 κατά
548 2290 639 2341 τὸν
671 2288 782 2358 βίον
806 2288 961 2359 ἡμῶν
987 2290 1259 2361 συνηθείᾳ,
1293 2292 1466 2362 μόνων
1501 2292 1609 2345 τῶν
1638 2296 1701 2347 ἐκ
1732 2296 1828 2363 μέ-

274 2381 375 2451 θης
412 2380 445 2451 ἢ
482 2382 782 2451 φρενίτιδος
824 2383 1241 2452 παραπαιόντων
1267 2385 1381 2437 ἐστὶ
1407 2423 1421 2447 ,
1455 2385 1516 2437 τὸ
1546 2384 1831 2441 διαπλανᾶ·

274 2474 398 2526 σθαι
431 2474 565 2544 πρὸς
587 2474 655 2526 τά
676 2475 931 2544 ὀνόματα,
958 2476 1049 2528 καὶ
1078 2476 1150 2545 μὴ
1179 2476 1317 2529 κατά
1345 2476 1406 2529 10
1438 2479 1829 2549 σημαινόμενον

271 2568 391 2628 ταῖς
427 2565 516 2617 ἐπὶ
569 2565 675 2618 τῶν
707 2567 1044 2637 πραγμάτων
1088 2568 1383 2639 κεχρῆσθαι
1423 2573 1655 2638 φωναῖς,
1694 2572 1829 2625 ἀλλά

273 2656 411 2707 κύνα
444 2656 541 2725 μὲν
572 2656 769 2725 λέγειν,
805 2660 871 2711 ἂν
897 2658 1067 2721 οὕτως
1092 2660 1205 2731 ἔχῃ,
1240 2660 1330 2713 τὸν
1367 2656 1645 2731 ἇνθῶπον
1666 2680 1679 2694 ·
1709 2664 1829 2715 κυνί

271 2747 331 2799 δέ
367 2748 524 2799 πάλιν
558 2748 887 2817 ἐφαρμόζειν
930 2748 1211 2818 ἀνθρώπου
1251 2747 1633 2822 προσηγῶίαν.
1678 2752 1740 2804 Ἢ
1773 2752 1827 2803 δὲ

274 2838 394 2891 θεία
417 2838 605 2908 Γραφὴ
637 2839 885 2892 τοσοῦτον
931 2841 1120 2911 ἀπέχει
1149 2840 1242 2894 τοῦ
1274 2844 1336 2912 τῇ
1376 2842 1630 2913 συγχύσει
1657 2842 1827 2916 ταύτῃ

276 2926 631 2990 συντίθεσθαι,
663 2929 801 2981 ῶστε
839 2931 931 2982 καὶ
961 2931 1204 3004 φανερῶς
1229 2930 1341 2984 ἔστι
1375 2932 1471 3002 τῆς
1496 2934 1828 3003 προφητείας

274 3019 367 3071 ἐπὶ
412 3017 620 3080 τούτοις
648 3018 1061 3089 σχετλιάζούσης
1102 3018 1337 3073 ἀκούειν.
1383 3020 1530 3073 Οὐαὶ
1556 3024 1588 3073 ό
1614 3022 1823 3089 λέγων,

275 3110 425 3179 φησὶ,
461 3110 529 3162 τὸ
565 3108 689 3178 φῶς
720 3110 969 3175 σκότος,
1006 3110 1100 3162 καὶ
1127 3110 1191 3163 τὸ
1220 3112 1438 3176 σκότος
1479 3111 1603 3180 φῶς
1624 3154 1639 3178 ,
1682 3116 1715 3166 ό
1741 3129 1824 3165 τι-

274 3202 395 3267 θεὶς
424 3201 490 3254 τὸ
522 3202 734 3268 πικρὸν
759 3202 972 3270 γλυκὺ,
1004 3203 1099 3254 κ(ιί
1123 3202 1189 3255 τὸ
1218 3202 1405 3271 γλυκὺ
1427 3206 1657 3271 πικρόν.
1686 3203 1827 3275 Πρὸς

272 3292 325 3343 τί
356 3292 532 3344 τοίνυν
563 3291 771 3360 βλέπων
793 3292 890 3362 τὴν
918 3292 1144 3344 ἀτοπίαν
1163 3292 1363 3362 ταύτην
1392 3296 1828 3363 προσμαρτυρεῖν

272 3384 437 3436 οῖεται
468 3383 574 3435 δεῖν
612 3382 687 3451 τῷ
723 3382 833 3453 ἰδίῳ
861 3382 1012 3451 Θεῷ;
1044 3384 1365 3438 Είπάτωσαν
1396 3386 1442 3437 οί
1475 3400 1830 3456 μυσταγωγη-

276 3474 456 3536 θέντες
492 3474 620 3543 παρ’
651 3473 797 3544 αύτῴ
840 3473 907 3526 τά
937 3474 1219 3547 ἀπόρρητα
1244 3514 1259 3537 ,
1313 3475 1366 3528 τί
1394 3476 1501 3528 τῶν
1546 3477 1673 3547 περί
1724 3475 1828 3546 γῆν

274 3566 658 3623 ἀσθενέστατον
715 3566 1024 3635 κρίνουσιν,
1085 3565 1113 3617 ὃ
1162 3568 1282 3628 ταῖς
1334 3567 1689 3636 τιμιωτάταις
1720 3567 1828 3619 τῶν

275 3657 594 3727 ὲπωνυμιῶν
621 3656 770 3727 παρὰ
796 3656 887 3708 τοῦ
910 3655 1042 3709 Θεοῦ
1075 3656 1409 3725 σεμνύνεται.
1444 3658 1827 3712 Ἀσθενέστατα

273 3749 379 3802 τῶν
407 3749 576 3801 ὄντων
607 3748 675 3802 τά
698 3747 917 3800 τοιαῦτα
935 3747 1040 3799 τῶν
1067 3747 1217 3811 ζώων
1248 3748 1393 3801 ἐστὶν
1413 3790 1427 3813 ,
1454 3744 1533 3813 οἷς
1558 3753 1590 3820 ἡ
1618 3752 1827 3819 γένεσις

274 3842 382 3897 ἀπὸ
411 3841 622 3912 σήψεως
648 3841 828 3911 ὑγρῶν
862 3839 959 3909 τὴν
989 3839 1243 3893 σύστασιν
1283 3840 1413 3911 ἔχει.
1436 3842 1747 3911 Τιμιώτατα
1772 3846 1828 3898 δὲ

274 3934 380 3985 τῶν
416 3934 584 3986 ὄντων
609 3934 771 4002 ἀρετή
794 3949 852 3984 τε
888 3932 977 3984 καὶ
1014 3932 1263 4002 ἀγιὸτης,
1296 3934 1389 3986 καὶ
1415 3936 1467 3987 εῖ
1496 3951 1547 3985 τι
1576 3935 1725 4003 φίλον
1750 3937 1828 4006 τῷ

274 4023 412 4093 Θεῷ.
447 4020 574 4093 Ἀρ*
602 4020 693 4076 οὖν
727 4025 900 4092 μυῖαι,
931 4024 1024 4075 καὶ⁸
1052 4022 1239 4086 κνίπες
1258 4064 1271 4084 .
1307 4025 1399 4077 καὶ
1428 4024 1704 4096 βάτραχοι,
1735 4031 1828 4082 καὶ

272 4111 352 4176 οἷς
377 4116 440 4167 ἐκ
463 4114 668 4183 κόπρου
695 4114 727 4183 ή
761 4113 969 4180 γένεσις
989 4152 1004 4177 ,
1024 4112 1196 4167 ταῦτα
1216 4115 1279 4184 τῇ
1306 4114 1400 4167 τοῦ
1424 4115 1579 4184 ἁγίου
1601 4157 1613 4179 ,
1642 4120 1731 4171 καὶ
1759 4122 1824 4190 τῇ

273 4205 371 4273 τῆς
399 4206 599 4274 ἀρετῆς
630 4206 908 4275 ἐπωνυμίᾳ
947 4205 1261 4275 τετίμηται,
1293 4205 1430 4259 ὥστε
1477 4208 1827 4277 σεμνύνεσθαι

277 4297 375 4366 μὲν
402 4298 513 4353 τοῖς
540 4300 736 4365 τιμίοις
778 4294 885 4349 τῶν
915 4295 1190 4366 ὀνομάτων
1210 4339 1225 4363 ,
1251 4299 1324 4368 μὴ
1382 4300 1737 4371 συμμετέχειν
1772 4302 1826 4355 δὲ

273 4387 371 4453 τῆς
420 4384 529 4437 τῶν
564 4385 884 4454 ἀξιωμάτων
913 4385 1208 4455 ἰσομοιρίας
1227 4429 1240 4449 ,
1276 4385 1454 4449 καθώς
1483 4404 1641 4458 φησιν
1670 4390 1697 4441 0
1726 4376 1828 4442 Εύ-

1935 555 2092 615 sima,
2142 552 2341 621 inquit,
2398 551 2561 621 digna
2602 560 2876 604 censentur
2927 551 3054 605 exili
3105 550 3492 604 honorabilimn

1935 644 2299 711 appellatione.
2327 659 2443 696 cum
2466 659 2568 695 non
2597 643 2703 694 sint
2734 652 2928 695 natura
2969 644 3103 696 sicut
3128 644 3486 696 nominantur.

1933 738 2011 790 Ac
2042 736 2130 791 Dei
2162 751 2299 806 Opus
2322 737 2420 789 hoc
2442 752 2561 790 esse
2581 737 2676 794 ait.
2706 735 3065 805 appellatione
3086 736 3488 791 honorabiliore

1934 840 2183 883 naturam
2236 828 2560 882 deteriorem
2614 828 2904 888 ementiri,
2951 843 3015 881 ac
3084 844 3275 883 rursus
3328 845 3489 886 voces

1934 922 2114 975 minus
2162 917 2531 981 honorabiles,
2570 930 2759 972 natura
2808 921 3277 987 praestantioribus
3320 921 3488 975 Deum

1933 1012 2231 1066 attribuere
2260 1012 2415 1074 dicit,
2448 1020 2639 1065 natura
2672 1027 2767 1081 per
2802 1014 3218 1081 appellationem
3266 1014 3491 1068 minime

1933 1104 2233 1159 immutata.
2280 1103 2347 1159 Ut
2400 1113 2581 1157 autem
2618 1105 2761 1174 quod
2796 1104 3018 1168 dicitur,
3077 1107 3311 1160 maxime
3362 1123 3485 1175 per—

1933 1199 2179 1267 spicuum
2211 1198 2369 1251 nobis
2397 1196 2510 1258 ﬁat,
2554 1195 2606 1250 in
2662 1198 2797 1267 ipsis
2830 1198 2993 1252 rebus
3028 1198 3493 1253 demonstrabitnr

1932 1288 2261 1341 absurditas.
2291 1285 2347 1339 Si
2375 1287 2497 1353 quis
2517 1286 2665 1339 omni
2695 1287 2913 1341 virtutis
2941 1287 3098 1342 laude
3126 1289 3485 1355 cumulatum,

1932 1376 2373 1445 intemperantem
2414 1373 2600 1438 dicat;
2640 1374 2723 1429 vel
2750 1390 2780 1429 e
2810 1376 3085 1429 contrario
3134 1378 3323 1447 aequali
3356 1380 3486 1432 vitio

1930 1470 2472 1529 damuatum,bonum
2492 1477 2545 1523 et
2574 1468 2876 1522 modestum
2901 1468 3117 1527 dixerit.
3144 1478 3321 1523 utrum
3342 1484 3487 1524 sanze

1930 1564 2130 1617 mentis
2163 1562 2326 1615 homo
2345 1561 2470 1614 talis
2490 1576 2634 1622 esse,
2663 1560 2744 1613 vel
2768 1558 3004 1629 aliquam
3036 1561 3278 1615 veritatis
3300 1576 3484 1615 curam

1932 1653 2136 1707 habere
2174 1651 2317 1722 apud
2354 1651 2549 1705 mentis
2584 1662 2859 1719 compotes
2899 1651 3233 1715 censebitur,
3273 1653 3324 1705 in
3357 1668 3487 1707 con-

1930 1744 2157 1798 trarium
2220 1744 2634 1813 appellationem
2702 1750 3065 1803 commutatis,
3127 1743 3485 1813 signiﬁcantia

1219 1834 1291 1905 μὴ
1341 1833 1828 1905 συμμαρτυρούσης

1931 1838 2209 1891 nominum
2246 1851 2352 1889 non
2412 1835 2769 1889 conveniente
2804 1835 3051 1888 naturai?
3082 1834 3190 1903 Ego
3236 1836 3484 1905 equidem

1930 1944 2038 1982 non
2091 1929 2347 1981 arbitror.
2408 1927 2534 1981 Haec
2588 1928 2750 1998 igitur
2786 1926 2853 1980 de
2888 1924 2997 1981 Deo
3032 1926 3145 1980 lieri
3198 1927 3285 1981 hic
3331 1928 3483 1992 dicit,

1928 2037 2049 2092 quae
2082 2037 2257 2089 neque
2279 2020 2661 2075 communibus
2692 2019 2933 2083 notitiis,
2971 2034 3145 2087 neque
3194 2018 3487 2088 Scriptum:

1930 2114 2599 2180 testimoniiscongruunt.
2625 2108 2755 2163 Nam
2792 2110 2843 2162 in
2864 2109 3256 2165 consuetudine
3289 2121 3487 2167 nostrae

1930 2207 2051 2259 vita:
2081 2206 2320 2259 solorum
2362 2211 2445 2257 est
2484 2203 2745 2255 ebrietate
2777 2202 2857 2255 vel
2890 2202 3193 2270 phrenitide
3216 2203 3487 2274 desipien-
3561 2233 3564 2237 ε

1928 2299 2084 2362 tium,
2104 2298 2156 2349 in
2188 2294 2496 2349 nominibus
2524 2309 2740 2357 errare;
2777 2300 2829 2346 et
2859 2309 2964 2347 non
2998 2295 3298 2349 secundum
3324 2296 3489 2365 signi-

1929 2388 2144 2440 ﬁcatum
2188 2385 2242 2437 in
2281 2383 2441 2438 rebus
2476 2383 2551 2436 uti
2589 2384 2845 2446 vocibus;
2892 2382 2986 2435 sed
3029 2397 3217 2437 canem
3265 2385 3482 2453 quidem

1928 2478 2108 2532 dicere
2135 2476 2437 2541 hominem;
2490 2456 2611 2528 cani
2644 2490 2773 2528 vero
2803 2484 2991 2528 contra
3019 2476 3254 2530 hominis
3301 2478 3482 2547 appel-

1928 2566 2182 2621 lationem
2230 2565 2661 2619 accommodare.
2717 2562 2947 2616 Tantum
2996 2572 3173 2616 3“le
3226 2563 3379 2618 abest
3428 2577 3485 2617 ιιι

1928 2658 2107 2713 divina
2155 2656 2431 2726 Scriptura
2485 2655 2609 2709 huic
2664 2653 2972 2709 confusioni
3022 2656 3374 2719 assentiatur,
3426 2666 3485 2709 ut

1926 2752 2085 2803 etiam
2119 2747 2401 2802 manifeste
2424 2747 2612 2799 audire
2631 2745 2789 2799 liceat
2821 2745 3134 2814 pr0phetam
3159 2746 3228 2799 ob
3252 2747 3361 2799 haec
3382 2746 3482 2799 do-

1929 2842 2144 2895 lentem.
2180 2838 2287 2903 Vw,
2315 2839 2611 2908 inquit,qui
2632 2838 2758 2890 dicit
2783 2838 2947 2890 lucem
2979 2837 3235 2901 tenebras,
3260 2847 3308 2891 et
3344 2850 3483 2891 tene—

1928 2933 2045 2984 bras
2096 2931 2282 2993 lurem,
2312 2938 2361 2983 et
2416 2930 2504 2999 qui
2542 2930 2685 2997 ponit
2738 2945 2981 2981 amarum
3031 2930 3203 2995 dulce,
3244 2940 3291 2983 et
3334 2931 3487 2985 dulce

1928 3039 2169 3076 amarum
2189 3023 2255 3075 ⁵⁸.
2289 3021 2427 3088 Quid
2468 3022 2629 3091 igitur
2675 3029 2928 3090 spectans
2969 3020 3107 3075 hanc
3147 3029 3352 3073 tantam
3387 3023 3483 3075 ah-

1928 3116 2245 3170 surditatem
2302 3121 2454 3183 putat
2486 3120 2739 3181 oportere
2774 3111 2882 3165 Deo
2923 3112 3255 3165 attribuere?
3294 3111 3483 3166 Dieant

1928 3204 2018 3273 qui
2086 3204 2206 3273 ejus
2249 3204 2468 3257 arcanis
2512 3203 2707 3256 initiati
2743 3212 2892 3267 sunt,
2941 3204 3197 3271 quidnam
3246 3206 3300 3258 in
3341 3213 3483 3259 terra

1929 3294 2353 3348 inﬁrmissimum
2378 3293 2624 3362 jndicant
2665 3294 2808 3361 quod
2868 3294 3360 3350 honorabilissimis
3386 3311 3484 3365 ap-

1930 3386 2311 3455 pellationibus
2336 3400 2364 3436 a
2396 3383 2505 3437 Deo
2526 3384 2867 3438 nobilitatur.
2896 3381 3269 3440 lnﬁrmissima
3291 3401 3481 3440 eorum

1926 3492 2046 3547 quae
2087 3485 2213 3530 sunt
2263 3491 2327 3529 ea
2377 3480 2505 3529 sun‘t
2556 3474 2829 3538 animalia,
2883 3474 3085 3543 quibus
3127 3478 3405 3545 generatio
3454 3495 3482 3532 a

1928 3568 2213 3640 putredine
2267 3566 2610 3620 humidorum
2666 3566 2945 3621 consistit:
3008 3566 3484 3647 honorabilissima

1928 3678 2056 3717 vero
2078 3676 2263 3714 eorum
2322 3675 2441 3727 qua:
2487 3667 2633 3722 sunt,
2670 3658 2845 3713 virtus
2884 3665 2936 3713 et
2985 3660 3269 3723 sanctitas,
3324 3669 3379 3715 et
3433 3662 3477 3716 si

1926 3753 2053 3825 quid
2092 3752 2199 3805 Deo
2228 3752 2472 3805 charum.
2506 3750 2585 3801 An
2626 3749 2806 3818 igitur,
2858 3764 3064 3812 musca,
3088 3751 3316 3817 culices,
3340 3768 3485 3806 rana:

1926 3853 1978 3898 et
2005 3843 2200 3913 quibus
2225 3856 2256 3894 e
2279 3848 2520 3893 stercore
2543 3848 2719 3901 ortus,
2754 3839 2865 3892 inec
2897 3854 2965 3893 ne
2991 3840 3164 3894 sancti
3194 3847 3249 3894 et
3266 3841 3482 3895 virtutis

1928 3932 2285 4003 appellatione
2308 3929 2571 3983 honorata
2594 3937 2740 4007 sunt,
2770 3929 2843 3981 ita
2868 3939 2927 3983 ut
2957 3930 3363 3985 honorabilibus
3382 3948 3483 3986 no-

1928 4027 2164 4081 minibus
2220 4024 2599 4086 illustrentur,
2661 4022 2882 4077 minime
2935 4038 3064 4077 vero
3117 4025 3477 4093 aequalitatem

1928 4120 2250 4191 dignitatum
2277 4113 2623 4186 participent,
2663 4114 3116 4185 quemadmodum
3168 4116 3243 4169 ait
3288 4115 3477 4172 Euno-

1928 4211 2101 4266 mius?
2139 4207 2242 4265 Sed
2284 4205 2524 4262 nondum
2557 4206 2663 4261 tale
2710 4206 2837 4275 quid
2888 4206 3215 4271 audivimus,
3244 4210 3388 4278 quod
3418 4226 3480 4265 ea

1927 4318 2045 4375 quae
2077 4310 2203 4357 sunt
2231 4300 2442 4354 inﬁrma
2467 4298 3017 4369 magniﬁcentioribus
3043 4302 3351 4357 nominibus
3382 4319 3478 4374 ap-

1928 4397 2122 4467 pellata
2155 4394 2281 4459 sint,
2310 4393 2392 4448 vel
2416 4391 2560 4461 quod
2608 4406 2858 4462 magnum
2910 4400 2963 4446 et
3014 4394 3329 4451 honorabile
3380 4413 3482 4451 na-

274 4476 477 4545 νόμιος.
522 4474 657 4527 Ἀλλ’
689 4474 840 4526 οὔπω
886 4473 946 4525 τὸ
994 4474 1230 4529 τοιοῦτον
1273 4477 1613 4547 ἠκούσαμεν,
1642 4480 1722 4532 ὅτι
1760 4481 1827 4535 τὰ

1932 4500 2071 4552 tura,
2097 4488 2287 4541 horum
2318 4484 2481 4539 unius
2507 4483 2868 4553 appellatione
2897 4486 3287 4542 contumeliosa
3318 4486 3484 4543 fuerit

275 4565 474 4634 ἀσθενῆ
508 4564 679 4618 ταῦτα
706 4567 823 4627 ταῖς
856 4565 1378 4637 μεγαλοφυεστέραις
1421 4568 1527 4621 τῶν
1560 4586 1829 4642 προσηγο-

280 4656 407 4727 ριῶν
439 4657 868 4725 κατωνόμασται.
910 4656 943 4725 ἢ
972 4658 1051 4709 ὅτι
1077 4658 1138 4709 τὸ
1171 4658 1311 4727 μέγα
1343 4661 1407 4728 τῇ
1439 4660 1594 4727 φύσει
1621 4663 1714 4715 καὶ
1746 4663 1829 4715 τί-

280 4766 435 4819 μιον,
484 4750 549 4818 τῇ
582 4747 697 4809 ἐνὸς
727 4748 926 4800 τούτων
970 4748 1324 4817 καθυϐρίσθαι
1352 4754 1703 4824 προσηγορίᾳ,
1742 4756 1830 4808 Δί.

279 4856 429 4900 καιος
458 4834 525 4908 ἦν
553 4841 581 4891 0
620 4838 741 4891 Νῶε
762 4878 776 4898 ,
818 4840 979 4908 φησὶν
1012 4840 1043 4907 ἡ
1076 4839 1259 4910 Γραφὴ
1286 4881 1298 4903 ,
1337 4842 1522 4905 πιστὸς
1561 4845 1827 4918 Ἀϐραὰμ,

278 4930 372 4982 καὶ
400 4928 575 4998 πραῢς
606 4929 838 4997 Μωῦσῆς
862 4969 875 4992 ,
910 4928 1001 4980 καὶ
1031 4930 1191 4996 σοφὸς
1223 4930 1447 4999 Δανιὴλ,
1483 4932 1576 4986 καὶ
1602 4933 1830 5008 σώφρων

276 5022 306 5072 ὁ
352 5019 583 5089 Ἰωσὴφ,
636 5018 730 5072 καὶ
785 5020 1067 5087 ἄμεμπτος
1108 5019 1258 5082 Ἰὼϐ,
1304 5022 1396 5073 καὶ
1454 5024 1830 5095 μακροθυμίαν

277 5109 658 5181 κατωρθωκὼς
693 5113 721 5163 0
749 5110 926 5163 Δαϐίδ.
956 5112 1274 5165 Είπάτωσαν
1300 5114 1499 5176 τοίνυν,
1539 5119 1590 5170 ετ
1613 5135 1685 5186 πη
1712 5119 1832 5172 τού-

275 5222 383 5255 των
409 5202 634 5264 ἕκαστος
663 5204 726 5253 ἐκ
752 5201 859 5253 τῶν
897 5202 1151 5255 ἐναντίων
1179 5203 1275 5268 τάς
1310 5207 1619 5276 ἐπωνυμίας
1653 5210 1833 5280 ἔσχεν,

277 5295 310 5364 ἦ
339 5296 432 5347 καὶ
472 5295 561 5346 ἐπί
594 5294 700 5347 τῶν
742 5292 877 5363 πρὸς
910 5295 969 5346 τὸ
993 5298 1169 5365 χεῖρον
1203 5301 1657 5369 μαρτυρουμένων
1678 5345 1692 5367 ,
1722 5298 1833 5357 οἷον

278 5384 467 5439 Νάϐαλ
510 5387 538 5437 0
571 5384 911 5454 Καρμήλιος,
944 5387 1034 5437 καὶ
1063 5388 1257 5458 Φαραὼ
1288 5390 1317 5443 ὁ
1364 5392 1653 5460 Αἰγύπτιος
1678 5434 1691 5457 ,
1735 5397 1829 5449 καί⁵

292 5475 575 5544 Ἀϐιμέλεχ
605 5479 634 5529 0
676 5476 1003 5544 ἀλλόφυλος,
1058 5480 1146 5531 καὶ
1191 5480 1386 5545 πάντες
1425 5485 1474 5537 οε
1524 5486 1615 5539 ἐπὶ
1662 5490 1829 5560 κακίᾳ

181 5595 190 5605 -
281 5568 759 5641 μνημονευόμενοι,
792 5570 836 5621 εἰ
867 5570 983 5632 ταῖς
1012 5570 1350 5643 δεξιωτέραις
1374 5574 1482 5630 τῶν
1511 5576 1828 5651 ἐπωνυμιῶν

350 5746 393 5781 υι
430 5744 530 5801 lsa.
562 5760 611 5799 ι.
643 5744 728 5798 τω.

1931 4579 2203 4634 affectum.
2233 4575 2419 4631 Justus
2451 4582 2569 4629 erat
2595 4572 2729 4639 Noe,
2756 4574 2933 4645 inquit
2968 4575 3268 4645 Scriptura,
3312 4580 3483 4637 ﬁdelis

1930 4673 2222 4733 Abraham,
2258 4677 2311 4723 et
2340 4676 2657 4721 mansuetus
2686 4666 2879 4728 Moses.
2910 4677 2963 4721 et
2994 4669 3215 4737 sapiens
3262 4670 3477 4736 Daniel,

1929 4773 1983 4819 et
2030 4772 2340 4832 temperans
2375 4758 2597 4828 Joseph,
2639 4767 2693 4814 et
2764 4760 3071 4829 inculpatus
3108 4759 3232 4825 Job,
3284 4772 3337 4817 et
3390 4766 3481 4832 qui

1932 4862 2112 4925 partes
2172 4865 2359 4905 omnes
2410 4848 2829 4918 aequanimitatis
2889 4850 3001 4904 sive
3047 4852 3503 4907 mansuetudinis.

1932 4942 2191 5014 implevit,
2255 4940 2441 4995 David.
2500 4940 2693 4994 Dicant
2740 4942 2920 5011 igitur,
2956 4942 3002 4995 si
3032 4942 3232 4996 alicubi
3286 4942 3477 4997 horum

1932 5035 2136 5104 quique
2171 5048 2235 5087 ex
2264 5032 2555 5086 contrariis
2587 5033 2803 5086 nomina
2833 5033 3007 5088 sortiti
3036 5034 3166 5097 sint,
3212 5048 3280 5087 an
3318 5035 3483 5089 etiam

1936 5110 1990 5180 lii
2016 5140 2247 5195 quorum
2280 5124 2467 5178 vitium
2505 5124 2785 5194 Scriptura
2825 5133 3073 5189 testatur,
3116 5125 3262 5179 velut
3313 5125 3482 5182 Nabal

1934 5216 2256 5279 Carmelius,
2313 5226 2369 5269 et
2431 5214 2641 5268 Pharao
2697 5213 3006 5285 Egyptius,
3062 5223 3115 5269 et
3174 5216 3483 5269 Abimelecli

1935 5309 2259 5379 alienigena,
2287 5317 2447 5376 atque
2477 5321 2666 5360 omnes
2690 5307 2782 5375 qui
2816 5307 2884 5359 ob
2921 5307 3045 5359 vitia
3075 5308 3483 5361 commemorati

1934 5409 2081 5465 sunt,
2111 5416 2201 5464 an,
2237 5401 2478 5469 inquam,
2525 5397 2991 5453 favorabilioribus
3010 5408 3064 5453 et
3097 5399 3486 5453 faventiorilms

1935 5491 2294 5546 nominibusa
2331 5490 2513 5543 divina
2545 5503 2678 5543 voce
2714 5489 2981 5543 honestati
3029 5489 3195 5545 sunt?
3224 5491 3339 5543 Non
3374 5491 3485 5543 haec

1936 5584 2015 5639 ita
2038 5590 2188 5647 sunt,
2226 5581 2319 5637 sed
2351 5590 2410 5637 ut
2442 5597 2501 5637 se
2524 5581 2685 5637 habet
2715 5590 2907 5637 natura
2928 5590 2981 5638 et
3008 5582 3233 5648 veritas,
3284 5583 3360 5638 sic
3400 5596 3501 5643 res.
