4006 6486
504 312 642 368 1019

1742 309 1797 361 S.
1837 303 2161 362 CREGURII
2194 304 2486 361 NYSSENI

3576 301 3595 357 ί
3612 299 3720 355 θῖο

503 448 534 486 a
571 430 684 486 Deo
726 428 1042 499 judicantur
1069 435 1123 482 et
1170 425 1447 490 dicuntur,
1509 441 1619 480 non
1672 432 1730 478 ut
1776 422 2054 477 contrario

2165 423 2305 494 παρὰ
2335 423 2432 493 τῆς
2456 422 2601 485 Θείας
2630 422 2810 492 φωνῆς
2840 420 3210 491 ἐτιμήθησαν;
3236 419 3349 471 Οὐκ
3379 418 3493 470 ἐστι
3520 417 3709 483 ταῦτα,

506 521 665 575 modo
689 536 747 575 se
771 521 970 575 habent
994 521 1303 579 nominatae,
1326 520 1418 572 sed
1446 529 1501 571 ut
1523 532 1641 585 quae
1681 515 2056 586 signiﬁcantur

506 611 791 666 manifesta
826 611 976 675 ﬁant,
1020 611 1251 681 propriis
1297 609 1398 664 sibi
1435 615 1487 662 et
1513 606 1938 675 congruentibus
1964 620 2057 673 ap-

507 701 888 770 pellationibus
916 703 1290 758 enuntiantur.

578 967 678 1024 Iste
693 985 818 1023 vero
834 970 924 1038 qui
954 977 1129 1022 mente
1147 968 1300 1022 ﬁrma
1321 967 1575 1036 praeditus
1595 975 1697 1032 est,
1724 967 1814 1036 qui
1847 967 2058 1021 usitata:

507 1063 918 1116 consuetudinis
945 1071 1342 1123 accusatore-st,
1362 1061 1452 1132 qui
1477 1063 1528 1115 in
1544 1061 1752 1129 judicio
1770 1061 2061 1114 ratiocina-

508 1156 655 1209 tione
686 1155 942 1224 spoliatos
986 1155 1336 1216 convitiatur,
1383 1157 1497 1209 haec
1530 1155 1597 1209 de
1628 1154 1812 1208 divina
1863 1162 2058 1207 natura

509 1261 836 1316 cognoscere
862 1246 1132 1315 supponit,
1158 1246 1253 1299 bas
1273 1245 1340 1299 de
1371 1245 1477 1300 Deo
1497 1247 1783 1315 Opiniones
1816 1249 2058 1316 exponit,
2089 1235 2102 1246 ’

511 1339 664 1402 quasi
699 1353 785 1392 res
815 1338 958 1406 ipsas
985 1337 1414 1392 falsinominibns
1465 1339 1684 1392 vocibus
1714 1338 1976 1400 derideat,
2007 1350 2061 1394 et

513 1427 896 1480 inﬁrmissimis
951 1427 1452 1482 bonorabilissimas
1517 1428 1904 1496 appellationes
1953 1430 2058 1483 lar-

510 1521 709 1585 giatnr,
741 1529 793 1572 et
823 1518 1157 1572 honorabilia
1190 1517 1388 1587 probro
1423 1517 1617 1572 alliciat
1659 1535 1837 1573 rerum
1873 1521 2055 1574 vilium

511 1610 727 1664 nomina
776 1611 908 1679 ipsis
938 1612 1371 1666 communicans.
1427 1610 1566 1666 Fieri
1616 1611 1832 1681 quidem
1887 1621 2061 1682 potest

510 1709 570 1754 ut
598 1701 780 1764 homo,
827 1703 1041 1756 etiamsi
1077 1701 1238 1756 fuerit
1268 1718 1331 1757 ex
1366 1717 1553 1757 eorum
1585 1719 1812 1758 numero
1858 1705 1950 1774 qui
2004 1706 2055 1758 in

2158 514 2268 566 ἀλλ’
2308 517 2384 578 ὡς
2423 514 2532 583 ἔχει
2572 515 2730 582 φύσις
2756 531 2814 567 τε
2859 514 2952 566 καὶ
2982 511 3207 582 ἀλήθεια
3231 552 3246 576 ,
3288 510 3426 562 οὕτω
3472 509 3540 562 τά
3588 510 3718 561 ὄντα

2158 607 2306 676 παρὰ
2331 606 2422 660 τοῦ
2447 605 2578 659 Θεού
2603 605 2844 676 κρίνεται
2867 621 2924 656 τε
2963 604 3053 656 καὶ
3079 602 3310 669 λέγεται,
3330 601 3428 652 οὐκ
3460 598 3717 655 ἐναντίως

2157 703 2264 762 τοῖς
2294 696 2440 752 οὖσιν
2469 697 2863 766 ὀνομαζόμενα,
2907 694 3019 746 ἀλλ’
3051 692 3124 756 ὡς
3167 691 3233 744 ἂν
3267 691 3498 761 μάλιστα
3549 703 3719 740 κατα.-

2157 792 2299 860 ιρανῆ
2340 789 2547 859 γένοιτο
2593 787 2660 840 τά
2711 787 3073 856 σημαινόμενα
3119 788 3238 847 ταῖς
3277 784 3502 843 οἰκείαις
3544 795 3718 849 προσ-

2157 879 2401 951 ηγορίαις
2432 878 2876 948 ἐξαγγελλόμενα.

2227 973 2410 1026 Ταῦτα
2435 973 2463 1024 ὀ
2499 970 2754 1040 εὐσθενὴς
2783 969 2878 1039 τὴν
2911 967 3166 1029 διάνοιαν,
3197 967 3225 1018 ὁ
3258 965 3354 1034 τῆς
3384 963 3721 1034 πεφωρημέ-

2157 1083 2251 1134 νης
2290 1063 2572 1134 συνηθείας
2619 1063 2938 1132 κατήγορος,
2971 1061 2999 1112 ὁ
3037 1059 3160 1121 τούς
3193 1057 3613 1128 παρῃρημένους
3657 1055 3721 1105 ἐν

2157 1157 2276 1226 δίκῃ
2306 1156 2395 1208 τὸν
2436 1154 2689 1223 λογισμὸν
2721 1151 3008 1221 διασύρων,
3053 1147 3222 1202 ταῦτα
3260 1149 3541 1217 γινώσκειν
3587 1147 3724 1216 περὶ

2159 1249 2253 1317 τῆς
2287 1248 2432 1308 Θείας
2461 1244 2768 1308 ὑποτίθεται
2803 1243 3032 1311 φύσεως.
3057 1240 3256 1302 ταύτας
3291 1239 3415 1308 περὶ
3455 1239 3589 1292 Θεοῦ
3617 1239 3724 1298 τὰς

2159 1340 2312 1406 δόξας
2339 1337 2624 1399 ἐκτίθεται,
2659 1335 2732 1398 ὡς
2774 1331 3297 1402 κατειρωνευομένου
3331 1331 3436 1382 τῶν
3465 1329 3724 1400 πραγμά-

2158 1451 2264 1486 των
2284 1435 2401 1494 ταῖς
2421 1428 2660 1500 ψευδωνύ
2671 1444 2789 1498 μοις
2817 1428 3038 1493 φωναῖς,
3061 1425 3152 1476 καὶ
3177 1425 3285 1485 τοῖς
3307 1423 3724 1481 ἀσθενεστάτοις

2158 1528 2255 1587 τὰς
2302 1523 2629 1593 τιμιωτάτας
2681 1518 3035 1590 χαριζομένου
3083 1513 3461 1584 προσηγορίας,
3502 1515 3595 1565 καὶ
3649 1514 3727 1564 τά

2158 1617 2310 1686 τίμια
2355 1613 2767 1684 καθυϐρίζοντες
2804 1613 2870 1680 τῇ
2921 1609 3054 1678 πρὸς
3096 1606 3162 1658 τὰ
3196 1606 3370 1673 φαῦλα
3409 1604 3513 1657 τῶν
3547 1605 3726 1656 ὀντων

2159 1703 2462 1774 ὁμωνυμία.
2498 1704 2602 1756 Καὶ
2641 1703 2921 1772 ἄνθρωπος
2960 1699 3055 1769 μέν
3087 1715 3167 1761 τις
3203 1696 3309 1748 τῶν
3355 1695 3486 1764 πρὸς
3513 1692 3723 1763 ἀρετὴν

511 1798 788 1852 veritatem
841 1797 1139 1859 intuentur,
1191 1803 1342 1850 extra
1405 1796 1686 1850 veritatem
1739 1797 2059 1866 plerumque

2165 1797 2462 1868 βλεπόντων
2490 1795 2591 1858 ἔξω
2627 1795 2726 1863 τῆς
2757 1792 3010 1863 ἀληθείας
3033 1792 3125 1844 καὶ
3159 1789 3423 1850 ἀκουσίως
3457 1787 3726 1848 πολλάκις

511 1891 775 1945 abductus
805 1905 912 1959 prae
949 1889 1153 1958 pudore
1192 1889 1565 1944 absorbeatur.
1597 1888 1661 1940 At.
1682 1889 1781 1943 iste
1831 1887 1936 1942 Deo
1967 1889 2063 1944 de-

510 1997 696 2036 corum
730 1981 988 2035 honorem
1015 1981 1289 2034 existimat
1309 1979 1476 2033 videri
1503 1995 1588 2034 res
1609 1979 2060 2049 appellationibus

512 2074 662 2129 falsis
698 2073 966 2128 ementiri.
1013 2071 1128 2126 Non
1179 2073 1294 2125 ham:
1341 2071 1538 2124 divinae
1578 2081 1785 2125 natura:
1839 2071 2060 2124 oracula

513 2165 774 2215 tribuunt.
798 2159 1139 2230 Longanimis
1167 2170 1213 2212 et
1241 2159 1462 2211 multant
1492 2159 1786 2212 misericors
1810 2170 1858 2212 et
1913 2177 2061 2214 verus

519 2255 676 2318 Deus,
707 2255 781 2307 ait
805 2252 972 2306 David
1003 2254 1045 2284 ⁵⁷
1077 2271 1090 2306 :
1122 2253 1394 2322 quomodo
1424 2253 1588 2321 igitur
1617 2268 1800 2313 verus.
1833 2254 1923 2322 qui
1974 2269 2061 2309 res

510 2345 822 2406 ententitur,
861 2347 1060 2413 quique
1101 2343 1379 2397 nominum
1436 2341 1922 2412 signiﬁcationibus
1959 2343 2062 2395 im-

511 2445 684 2491 mutat
715 2435 1031 2491 veritatem?
1060 2435 1262 2488 [lectus
1295 2433 1557 2488 Dominus
1596 2432 1739 2488 Deus
1772 2435 1840 2488 ab
1874 2435 2060 2490 eodem

518 2544 712 2585 rursus
748 2528 1050 2597 appellatur
1076 2527 1138 2578 ⁸⁸.
1172 2524 1362 2580 Utrum
1425 2526 1588 2596 igitur
1607 2525 1949 2582 rectitudinis
1983 2537 2066 2582 est

514 2619 1004 2674 honorabilissimis
1054 2618 1362 2671 nominibus
1437 2617 1726 2672 honestare
1781 2617 2061 2686 ignobilia,

511 2714 815 2780 exilemque
845 2710 1269 2765 nominationem
1324 2709 1564 2764 tribuere
1613 2718 1666 2763 et
1710 2716 2063 2778 apparentem

513 2807 566 2857 in
601 2803 766 2858 verbo
800 2801 1109 2871 dignitatem
1162 2799 1402 2855 invidere
1439 2801 1487 2855 ei
1522 2800 1613 2869 qui
1648 2800 2063 2869 appellationem

513 2894 761 2964 accepit?
795 2891 908 2947 Hoc
949 2893 1317 2962 theologorum
1374 2895 1601 2946 istorum
1633 2891 1702 2946 de
1748 2906 1888 2946 novo
1953 2891 2063 2945 Deo

513 2985 924 3049 testimonium;
979 2985 1066 3038 hic
1123 2985 1445 3054 pervulgata:
1479 2983 1780 3038 dialectica:
1830 2984 2065 3038 solertiae

2163 1888 2530 1960 παρενεχθεὶς,
2565 1887 2653 1940 ὐπ’
2694 1886 2871 1948 αἰδοῦς
2896 1884 3238 1937 καταδύεται.
3262 1879 3378 1951 Θεῷ
3402 1881 3456 1933 δὲ
3484 1881 3728 1952 πρέπου-

2164 2000 2260 2036 σαν
2293 1983 2505 2051 ἡγεῖται
2550 1979 2713 2048 τιμὴν
2757 1978 2816 2030 τὸ
2856 1976 3090 2045 φανῆναι
3140 1973 3546 2043 διαψευδόμενον
3596 1975 3727 2032 ταῖς

2161 2071 2491 2142 ἐπωνυμίαις
2513 2071 2578 2123 τὰ
2609 2071 2921 2140 πράγματα.
2955 2069 3028 2120 Οὐ
3058 2065 3226 2120 ταῦτα
3271 2064 3629 2136 μαρτυροῦσιν
3662 2066 3727 2116 αἱ

2163 2167 2484 2234 προφητεῖαι
2511 2165 2576 2232 τῇ
2617 2162 2732 2231 θείᾳ
2758 2159 2933 2228 φύσει.
2971 2161 3349 2227 Μακρόθυμος
3381 2157 3477 2209 καὶ
3506 2155 3730 2208 πολυέ-

2161 2261 2299 2320 νῖεος
2340 2257 2435 2310 καὶ
2469 2256 2756 2322 ἀληθινὸς
2791 2253 2952 2318 Θεὸς,
2983 2241 3145 2323 ’φησὶν
3184 2253 3212 2303 ὀ
3243 2250 3421 2304 Δαδίδ.
3467 2250 3590 2313 Πῶς
3626 2245 3728 2302 οὖν

2163 2349 2406 2418 ἀληθινὸς
2458 2350 2484 2401 ὁ
2544 2347 2652 2400 τῶν
2700 2345 3035 2416 πραγμάτων
3090 2343 3567 2412 καταψευδόμενος,
3624 2344 3728 2396 καὶ

2163 2441 2508 2494 ἐπαλλάσσων
2567 2442 2622 2492 ἐν
2670 2441 2786 2500 ταῖς
2835 2437 2941 2490 τῶν
2993 2437 3270 2507 ὀνομάτων
3310 2438 3579 2507 ἐμφάσεσι
3618 2439 3725 2506 τὴν

2163 2530 2449 2600 ἀλήθειανς
2484 2528 2654 2592 Εὐθὺς
2687 2528 2888 2597 Κύριος
2915 2531 2942 2580 ὀ
2971 2527 3098 2589 Θεὸς
3132 2526 3278 2597 παρά
3305 2525 3396 2578 τοῦ
3426 2527 3592 2580 αὐτοῦ
3616 2527 3728 2578 πά-

2163 2621 2244 2673 λὶν
2276 2620 2750 2691 προσαγορεύεται·
2779 2616 2865 2689 ἆρ’
2883 2615 2973 2671 οὖν
2996 2619 3282 2688 εὐθύτητός
3311 2620 3424 2670 ἐστι
3450 2619 3508 2670 τὸ
3531 2620 3727 2686 σεμνύ-

2164 2729 2272 2765 νειν
2301 2715 2413 2774 τοῖς
2449 2712 2788 2780 τιμιωτάτοις
2835 2711 2940 2761 τῶν
2990 2710 3264 2777 ὀνομάτων
3301 2711 3368 2761 τά
3400 2710 3591 2779 ἄτιμα.
3623 2711 3726 2762 καὶ

2164 2803 2260 2872 τὴν
2288 2801 2596 2871 ἐπωνυμίαν
2621 2800 2826 2853 διδόντα
2846 2801 3002 2870 ψιλὴν
3025 2801 3118 2870 τῆς
3144 2800 3543 2870 ἐμφαινομένης
3565 2800 3723 2866 ἀξίας

2163 2891 2239 2962 τῷ
2269 2894 2468 2962 ῥήματι
2501 2889 2809 2960 βασκαίνειν
2835 2890 2912 2960 τῷ
2945 2891 3286 2961 μετειληφότι
3324 2890 3424 2960 τῆς
3457 2891 3725 2962 κλήσεως;

2164 2982 2312 3053 Αὕτη
2354 2981 2461 3036 τῶν
2499 2981 2759 3049 θεολόγων
2803 2980 3006 3033 τούτων
3054 2981 3085 3050 ἡ
3121 2982 3246 3051 περὶ
3291 2981 3384 3034 τοῦ
3433 2982 3554 3035 νέου
3586 2983 3721 3036 Θεοῦ

513 3076 800 3141 terminus,
859 3075 1233 3146 demonstrare
1268 3073 1431 3128 Deum
1484 3073 1724 3143 ipsorum
1785 3073 2064 3127 fraudibus

2170 3077 2474 3147 μαρτυρία’
2531 3074 2688 3128 τοῦτο
2744 3075 2840 3144 τῆς
2897 3075 3322 3146 πολυθρυλλήτου
3378 3075 3721 3144 διαλεκτικῆς

513 3166 791 3230 delectari,
827 3181 926 3220 nec
983 3166 1195 3220 invidiae
1225 3165 1357 3220 vitio
1386 3181 1580 3236 purum
1614 3181 1774 3240 esse.
1835 3166 2064 3220 Fraudis

515 3259 684 3323 enim,
720 3273 827 3312 non
856 3268 914 3311 ut
945 3273 1003 3311 se
1034 3258 1195 3311 habet
1229 3265 1425 3312 natura
1451 3265 1505 3312 et
1525 3257 1763 3327 dignitas
1796 3274 1882 3313 res
1913 3259 2062 3312 infir-

519 3363 637 3403 mas
681 3347 997 3407 nominare,
1031 3347 1122 3400 sed
1171 3362 1234 3402 ex
1271 3348 1698 3416 praecellentibus
1757 3349 2068 3418 desumptas

519 3438 905 3506 appellationes
933 3438 1066 3506 ipsis
1106 3437 1302 3491 frustra
1335 3438 1558 3508 largiri,
1593 3454 1698 3492 non
1731 3454 1855 3493 eum
1882 3442 2068 3510 appel-

516 3528 718 3581 latione
768 3543 948 3581 rerum
999 3542 1118 3596 qua:
1173 3527 1523 3580 nominantur
1575 3529 1774 3582 virtute
1823 3529 2064 3585 collata:

519 3613 731 3673 Invidiae
764 3628 966 3681 autem,
999 3629 1055 3672 nt
1108 3622 1199 3689 qui
1245 3619 1416 3688 possit
1449 3619 1820 3674 bonorabilius
1874 3637 2067 3676 nomen

516 3709 701 3774 rebus,
733 3709 1026 3764 secundum
1048 3709 1098 3764 id
1124 3713 1265 3778 quod
1295 3711 1729 3778 przestantiusest
1752 3712 2064 3777 nominatis,

518 3801 830 3872 gratiﬁcari,
876 3801 1051 3871 ipsum
1082 3803 1308 3871 gratiam
1338 3802 1466 3857 dare
1505 3803 1701 3873 pigeat.
1733 3820 1796 3860 ac
1845 3806 1890 3860 si
1943 3822 2068 3876 pro—

521 3893 696 3962 prium
728 3893 984 3947 damnum
1023 3891 1292 3961 judicaret
1324 3894 1681 3948 infirmiorurn
1731 3896 2064 3952 felicitatem.

520 3984 621 4038 Sed
650 3998 749 4054 ego
797 3983 1152 4053 prudentibus
1181 3980 1568 4046 consuluerint.
1595 3991 1808 4044 tametsi
1877 3992 2068 4047 horum

519 4072 883 4142 gnosticorum
944 4072 1087 4128 Deus
1132 4073 1256 4127 talis
1315 4089 1435 4128 esse
1490 4076 1760 4130 rationum
1813 4081 2068 4136 violentia

518 4163 750 4230 cogitur.
804 4178 910 4216 non
951 4163 1031 4216 sic
1063 4178 1245 4217 verum
1290 4163 1452 4217 Deum
1510 4165 1851 4237 Unigenitum
1905 4171 2068 4228 Deum

519 4262 730 4318 putare,
765 4253 859 4309 sed
901 4254 1079 4322 ipsum
1113 4257 1178 4308 ad
1227 4257 1595 4324 subiectorum
1632 4263 1910 4317 veritatem
1947 4281 2068 4319 cer-

519 4359 667 4405 nere,
697 4356 749 4397 et
779 4345 974 4414 cuique
1003 4362 1099 4415 pro
1129 4349 1319 4402 merito
1342 4350 1604 4414 tribuere,
1635 4363 1796 4423 atque
1817 4371 1880 4410 ex
1907 4359 2070 4414 rebus

517 4438 920 4506 cognominare.
989 4437 1182 4505 Venite,
1215 4441 1408 4510 inquit,
1443 4442 1695 4498 benedicti
1728 4447 1770 4478 ⁵⁹
1799 4465 1812 4501 :
1842 4459 1912 4511 et,
1963 4448 2063 4513 Ite,
2102 4427 2144 4480 D

520 4529 788 4582 maledicti
819 4531 896 4585 ⁸ος
936 4547 1108 4600 neque
1151 4548 1272 4586 eum
1307 4534 1398 4602 qui
1445 4537 1822 4595 maledictione
1871 4541 2065 4612 dignus

515 4631 620 4684 est,
645 4621 1036 4676 benedictionis
1078 4625 1294 4677 nomine
1334 4626 1628 4694 honorans,
1661 4645 1835 4702 neque
1873 4644 2062 4692 contra

515 4728 637 4766 eum
667 4713 756 4781 qui
781 4712 1203 4768 benedictionem
1228 4716 1328 4770 sibi
1364 4717 1766 4790 thesaurizavit,
1799 4743 1922 4781 cum
1950 4745 2068 4785 sce-

517 4804 701 4859 leratis
731 4804 1009 4872 abjiciens.

2168 3167 2440 3238 ἀγχινοίας
2479 3167 2539 3220 τὸ
2568 3167 2754 3237 πέρας,
2804 3166 2865 3218 τὸ
2900 3165 3067 3232 δεῖξαι
3099 3167 3190 3219 τὸν
3239 3167 3368 3219 Θεὸν
3415 3167 3592 3220 αὐτῶν
3625 3171 3721 3220 καὶ

2166 3263 2281 3322 ταῖς
2310 3260 2544 3322 ἀπάταις
2572 3258 3050 3329 περιτερπόμενον,
3083 3260 3176 3312 καὶ
3194 3258 3286 3310 τοῦ
3318 3259 3458 3312 κατὰ
3488 3260 3576 3312 τὸν
3598 3259 3723 3328 φοε-

2167 3368 2254 3403 νον
2282 3351 2484 3414 πάθους
2528 3350 2588 3403 οὐ
2638 3349 3024 3420 καθαρεύοντα.
3065 3351 3300 3420 Ἀπάτης
3340 3351 3436 3420 μὲν
3464 3352 3572 3422 γάρ
3604 3353 3722 3404 ἐστι

2169 3444 2226 3496 τὸ
2261 3444 2333 3515 μὴ
2361 3443 2436 3506 ὡς
2469 3443 2580 3513 ἔχει
2619 3441 2830 3512 φύσεώς
2861 3459 2917 3494 τε
2963 3444 3056 3496 καὶ
3087 3443 3239 3506 ἀξίας
3281 3443 3347 3496 τά
3375 3443 3572 3514 ἀσθενῆ
3613 3444 3722 3496 τῶν

2173 3533 2506 3604 πραγμάτων
2548 3535 2951 3607 κατονομάζειν,
2981 3536 3092 3589 ἀλλ’
3119 3539 3182 3588 ἐκ
3210 3535 3320 3588 τῶν
3347 3535 3722 3605 ὑπερεχόντων

2178 3629 2265 3689 τὰς
2294 3627 2601 3697 ἐπωνυμίας
2640 3629 2820 3692 αὐτοῖς
2871 3628 3044 3699 μάτην
3074 3626 3410 3698 χαρίζεσθαι,
3456 3629 3529 3699 μὴ
3579 3647 3721 3698 συμ-

2191 3717 2520 3770 ιετατιθέντα
2569 3722 2632 3789 τῇ
2684 3719 2868 3790 κλήσει
2902 3720 3006 3772 τῶν
3057 3720 3568 3790 κατονομαζομένων
3621 3722 3723 3790 τὴν

2169 3810 2427 3879 δύναμιν·
2480 3810 2671 3878 φθόνου
2719 3810 2774 3862 δέ
2826 3811 2886 3863 τὸ
2929 3811 3220 3880 δυνάμενον
3247 3811 3344 3882 τὴν
3392 3813 3722 3883 τιμιωτέραν

2169 3901 2310 3968 λέξιν
2347 3905 2456 3964 τοῖς
2487 3904 2618 3973 πρὸς
2643 3903 2702 3955 τὸ
2738 3905 2978 3973 κρεῖττον
3003 3903 3343 3974 ὀνομασθεῖσι
3377 3906 3719 3974 χαρίζεσθαι,

2171 4003 2344 4054 ὀκνεῖν
2383 4002 2476 4072 τὴν
2519 4002 2695 4071 χάριν,
2721 4003 2882 4053 οἱονεὶ
2923 4001 3121 4070 ζημίαν
3169 3999 3304 4053 ίδίαν
3344 4001 3595 4068 κρίνοντα
3621 4000 3721 4070 τὴν

2170 4095 2276 4148 τῶν
2300 4095 2537 4149 ἀσθενῶν
2563 4093 2885 4164 εὐπραγίαν.
2935 4092 3070 4144 Ἀλλ’
3110 4091 3219 4160 ἐγὼ
3265 4090 3721 4162 συμϐουλεύσαιμ’

2173 4188 2238 4240 ἂν
2269 4192 2379 4249 τοῖς
2407 4203 2468 4253 γε
2491 4186 2611 4238 νοῦν
2635 4185 2835 4255 έχουσι,
2867 4185 2968 4238 κᾶν
2999 4187 3026 4237 ὀ
3057 4184 3162 4237 τῶν
3203 4184 3574 4256 γνωριστικῶν
3600 4185 3722 4237 τού-

2171 4297 2276 4333 των
2297 4281 2427 4342 Θεὸς
2457 4279 2692 4340 τοιοῦτος
2728 4274 2864 4330 εἶναι
2898 4277 2998 4330 ὑπὸ
3027 4278 3122 4347 τῆς
3150 4277 3258 4329 τῶν
3295 4277 3567 4346 λογισμῶν
3601 4276 3722 4346 βίας

2174 4371 2664 4440 καταναγκάζηται,
2694 4371 2765 4441 μὴ
2794 4370 2934 4423 οὐτω
2959 4371 3052 4422 καὶ
3073 4370 3162 4421 τὸν
3187 4368 3430 4436 ἀληθινὸν
3458 4370 3607 4433 θεὸν,
3630 4371 3724 4422 τὸν

2170 4463 2439 4532 Μονογενῆ
2469 4462 2596 4515 Θεὸν
2623 4462 2846 4524 οἴεσθαι,
2881 4461 3014 4513 ἀλλὰ
3040 4461 3173 4530 πρὸς
3200 4459 3295 4531 τὴν
3323 4460 3580 4530 ἀλήθειαν
3615 4459 3725 4512 τῶν

2169 4556 2537 4626 ὑποκειμένων
2563 4557 2713 4626 ὀρᾷν,
2743 4555 2835 4607 καὶ
2862 4555 2923 4606 τὸ
2965 4555 3083 4606 κατ’
3127 4553 3281 4619 ἀξίαν
3315 4555 3524 4622 ἑκάστῳ
3557 4571 3725 4626 προσ-

2173 4649 2482 4718 μαρτυρεῖν,
2527 4647 2620 4698 καὶ
2676 4646 2740 4699 ἐκ
2780 4645 2886 4697 τῶν
2932 4645 3268 4716 πραγμάτων
3314 4646 3721 4715 κατονομάζειν.

2169 4743 2362 4804 Δεῦτε,
2410 4740 2592 4810 φησὶν,
2623 4744 2675 4793 οὶ
2715 4739 3119 4807 εὐλογημένοι,
3144 4738 3256 4803 καὶ,
3290 4741 3638 4805 Πορεύεσθε,
3671 4741 3726 4792 οἱ

2169 4829 2557 4897 κατηραμένοι
2589 4869 2603 4891 ,
2656 4826 2775 4880 οὐτε
2826 4827 2916 4879 τὸν
2974 4827 3213 4898 κατάρας
3273 4827 3419 4892 ἄξιον
3486 4828 3564 4898 τῷ
3624 4830 3726 4898 τῆς

516 4897 760 4965 εὐλογίας
799 4899 1032 4968 τιμήσας
1062 4898 1314 4970 ὀνόματ’-ν
1353 4901 1474 4954 οὔτε
1513 4903 1572 4956 τδ
1616 4905 1846 4978 ἔμτηλιν
1882 4917 1971 4971 τὸν
2005 4921 2100 4993 τὴν
2149 4924 2394 4993 εὐλογίαν
2444 4921 2618 4992 ἐαυτῷ
2651 4920 3049 4991 θησαυρίσαντα
3101 4921 3235 4991 μετὰ
3272 4922 3378 4974 τῶν
3420 4921 3722 4990 ἐξαγίστων

516 4993 991 5062 ἀποπεμψάμενος.

587 5083 688 5137 Sed
716 5083 843 5153 qttid
873 5084 1016 5138 dicta
1035 5085 1282 5156 scriptori
1319 5089 1542 5146 volunt?
1572 5093 1636 5149 Et
1663 5099 1725 5151 ad
1751 5115 1909 5170 quem
1941 5124 2062 5162 sco-

517 5189 641 5242 pum
706 5182 912 5243 spectat
955 5176 1075 5244 ejus
1117 5179 1300 5233 ratio?
1332 5179 1409 5236 Ne
1453 5199 1583 5239 vero
1619 5190 1904 5262 quisquam
1963 5204 2067 5254 hoc

517 5267 842 5337 suspicetur,
904 5271 1050 5340 quod
1104 5275 1390 5330 verborum
1439 5278 1618 5349 inopia
1680 5283 1954 5352 laborans,
2013 5302 2070 5346 ut

513 5375 674 5428 qnam
710 5363 941 5417 maxime
1001 5364 1244 5420 videatur
1293 5369 1347 5422 in
1392 5370 1732 5429 latitudinem
1780 5381 2069 5438 extendere

513 5452 836 5514 orationem,
863 5453 915 5506 in
948 5455 1269 5523 quibusdam
1315 5474 1478 5516 sensu
1530 5466 1842 5524 carentibus
1879 5471 2066 5526 debla-

511 5549 694 5597 turnus
781 5547 1150 5614 garrulitatem
1191 5551 1450 5608 extendit.
1507 5555 1609 5611 Sed
1653 5561 1813 5614 etiam
1867 5564 2063 5620 aliouid

581 5703 626 5735 "
664 5702 804 5759 Psal.
837 5724 1028 5777 nxxxv,
1065 5712 1116 5776 5,
1150 5713 1244 5781 15;
1269 5732 1445 5784 cxuv,
1475 5719 1527 5774 8.
1603 5723 1648 5755 ⁸⁸
1688 5722 1826 5779 Psal.
1865 5743 1970 5794 xei,
2005 5730 2087 5784 l6.

2245 5115 2403 5167 Ἀλλὰ
2424 5114 2473 5166 τί
2505 5113 2748 5184 βούλεται
2769 5112 2844 5182 τῷ
2874 5115 3194 5184 λογογράφῳ
3217 5113 3283 5166 τά
3303 5116 3586 5184 εἰρημένα;
3615 5120 3725 5172 Καὶ

2164 5207 2298 5278 πρὸς
2343 5207 2462 5260 τίνα
2489 5207 2669 5276 βλέπει
2715 5206 2911 5258 σκοπὸν
2938 5207 2964 5257 ὁ
2991 5206 3143 5273 λόγος
3170 5205 3367 5272 αὐτοῦ;
3403 5209 3492 5277 Μὴ
3523 5211 3630 5277 γὰρ
3660 5209 3726 5279 δὴ

2161 5295 2315 5350 τοῦτό
2338 5313 2419 5359 τις
2458 5297 2769 5359 ὐπονοείτω,
2800 5297 2879 5349 ὃτι
2913 5298 2977 5350 δι’
3000 5298 3229 5367 ἀπορίαν
3264 5299 3521 5368 ῥημάτων
3551 5301 3626 5364 ὡς
3660 5302 3726 5353 ἂν

2167 5389 2398 5458 μάλιστα
2420 5389 2618 5453 δόξειεν
2638 5393 2716 5452 είς
2745 5389 2941 5452 πλάτος
2973 5391 3229 5444 ἐκτείνειν
3256 5393 3347 5446 τὸν
3373 5393 3546 5461 λόγον,
3577 5395 3726 5448 ἀδια-

2172 5479 2376 5548 νοήτοις
2406 5478 2542 5530 τισὶν
2567 5478 2994 5548 ἐμϐατταρίζων,
3023 5480 3121 5552 τὴν
3152 5482 3411 5551 φλυαρίαν
3437 5484 3722 5550 ἐξέτεινεν.

2184 5569 2319 5620 Ἀλλ’
2349 5567 2460 5637 ἔχει
2484 5587 2537 5622 τι
2564 5569 2658 5622 καὶ
2683 5570 2743 5622 τὸ
2773 5570 2993 5640 ἀνόητον
3020 5572 3128 5624 τῶν
3159 5575 3454 5646 εἰρημένων
3487 5577 3562 5640 ὡς
3589 5579 3722 5644 πτὲις

2167 5731 2208 5763 ’⁵⁵
2240 5729 2425 5785 Matth.
2460 5746 2583 5796 xxv,
2611 5732 2698 5787 55.
2775 5733 2820 5765 ⁸⁸
2850 5734 2978 5788 ibid.
3012 5734 3096 5788 41.
