4006 6498
237 344 364 409 ιοει

1301 319 1573 405 comm
1611 337 1996 410 summum,
2028 343 2153 400 LIB.
2188 337 2306 400 xu.

3320 340 3458 398 403?.

235 471 334 540 τὴν
380 468 591 540 αἵρεσιν
639 467 892 523 ὕποπτον.
931 468 1004 520 Τὸ
1045 467 1150 539 γὰρ
1185 469 1356 520 εἰπεῖν
1405 468 1472 521 τὰ
1501 464 1802 536 τιμιώτατα

1908 463 2062 517 habet
2109 463 2251 532 quod
2300 461 2462 516 etiam
2512 459 2784 516 dictorum
2820 466 3107 516 amentiam
3153 455 3362 512 redolet
3403 462 3456 511 et

235 562 343 614 τῶν
387 561 664 631 ὀνομάτων
711 562 802 614 καὶ
840 563 948 624 τοῖς
985 560 1390 623 ἀσθενεστάτοις
1433 557 1797 626 ἐπιλέγεσθαι.

237 654 341 707 κᾶν
370 654 443 726 μὴ
478 654 852 726 ἰσομοιροῦντα
880 653 1018 726 τύχῃ
1053 646 1189 706 κατὰ
1213 653 1309 724 τὴν
1340 651 1499 721 φύσιν
1529 649 1622 704 τοῦ
1649 648 1803 716 ἀξιώ-

240 761 430 811 ματος,
459 746 770 812 κατασκευή
798 745 877 808 τίς
903 746 1052 797 ἐστιν
1076 743 1223 814 αὑτῷ
1246 744 1386 798 κατὰ
1409 744 1468 796 τὸ
1496 743 1715 812 λεληθὸς
1736 741 1800 812 τῇ

239 835 556 907 βλασφημίᾳ
604 837 702 907 τὴν
737 837 1050 890 ἀκολουθίαν
1092 837 1581 910 ὑπευτρεπίζουσα,
1620 835 1694 898 ὠς
1739 835 1803 888 ἂν

237 926 394 979 τοῦτο
433 926 561 998 παρ’
593 927 758 980 αὑτοῦ
803 927 1022 998 μάθοιεν
1064 930 1114 981 οἰ
1152 928 1219 981 τά
1263 928 1468 980 ἐκείνου
1511 927 1803 997 μανθάνον-

240 1037 368 1084 τες,
423 1021 502 1072 δτι
556 1019 653 1072 κᾶν
700 1019 830 1082 Θεὸς
876 1023 904 1073 6
954 1020 1258 1091 Μονογενὴς
1310 1021 1671 1091 ὀνομάζηται,
1714 1017 1806 1072 καί.

240 1111 432 1180 σοφία.
485 1111 578 1164 καὶ
625 1111 889 1180 δύναμις,
941 1113 1032 1165 καὶ
1083 1112 1230 1180 φῶς,
1281 1112 1372 1165 καὶ
1419 1111 1670 1183 ἀλήθεια,
1711 1111 1804 1164 καὶ

239 1203 471 1274 κριτὴς,
511 1204 602 1256 καὶ
652 1203 904 1274 βασιλεὺς
927 1243 942 1265 .
999 1205 1090 1257 καὶ
1124 1205 1216 1256 ἐπὶ
1249 1203 1465 1257 πάντων
1514 1203 1676 1264 Θεὸς,
1713 1201 1804 1254 καὶ

245 1296 420 1364 μέγας
477 1294 607 1357 Θεὸς
665 1295 758 1348 καὶ
811 1295 991 1364 ἄρχων
1048 1295 1296 1366 εἰρήνης,
1344 1293 1438 1347 καὶ
1477 1293 1661 1365 Πατὴρ
1712 1289 1802 1346 τοῦ

245 1385 528 1455 μέλλοντος
564 1385 778 1449 αἰῶνος,
812 1385 904 1438 καὶ
937 1385 1110 1438 πάντα
1137 1385 1204 1438 τὰ
1225 1385 1466 1447 τοιαῦτα,
1505 1386 1663 1456 μέχρι
1699 1386 1808 1437 ὀνό-

247 1495 416 1546 ματος
449 1477 598 1548 αὑτῷ
631 1478 787 1546 μόνον
821 1478 1023 1548 ἐστὶνὴ
1055 1478 1210 1548 τιμή.
1235 1478 1308 1529 Οὑ
1342 1479 1448 1550 γὰρ
1480 1479 1806 1548 συμμετέχει

243 1569 340 1620 καὶ
363 1568 462 1637 τῆς
486 1565 639 1633 ἀξίας
669 1569 736 1639 ἢν
768 1569 1020 1639 ἐμφαίνει
1059 1567 1166 1619 τῶν
1191 1568 1466 1637 ὀνομάτων
1492 1570 1524 1638 ἡ
1557 1568 1801 1636 δύναμις.

243 1659 358 1712 Καὶ
384 1660 520 1729 ὅπερ
552 1660 720 1712 ἐποίει
753 1663 866 1723 τοῖς
913 1659 1272 1721 Βαϐυλωνίοις
1318 1661 1346 1710 6
1381 1659 1540 1726 σοφὸς
1589 1659 1802 1729 Δανιὴλ,

239 1750 617 1820 διορθούμενος
649 1751 830 1805 αὑτῶν
864 1751 960 1822 τὴν
994 1751 1122 1821 περὶ
1145 1751 1213 1805 τά
1245 1750 1438 1804 εἴδωλα
1477 1753 1701 1824 πλάνην,
1732 1754 1805 1816 ὡς

1899 554 1966 609 ad
2018 556 2263 610 luere-sim
2297 564 2606 624 suspectum
2663 562 2765 608 est.
2810 551 2941 605 Nam
3001 553 3193 606 aﬁ‘erre
3240 551 3456 604 nomina

1899 647 2373 704 honorabilissima
2434 645 2539 700 dici
2602 643 2670 700 de
2726 644 3144 707 inﬁrmissimis,
3212 643 3460 712 quamvis

1899 737 2162 805 aequalem
2199 733 2496 790 secundum
2545 733 2857 804 dignitatem
2894 743 3141 786 naturam
3201 749 3307 785 ιιιιτι
3359 732 3456 784 ha-

1903 830 2081 889 beant,
2114 825 2360 895 quaedam
2416 832 2499 879 est
2545 825 2806 878 astructio
2847 824 3074 878 latenter
3114 822 3458 890 blasphemiae

1901 919 2342 974 consecutionem
2376 903 2708 986 preparans,
2741 924 2800 969 ut
2850 917 2951 969 hoc
2995 915 3062 967 ab
3099 915 3216 984 ipso
3245 916 3458 968 discant

1901 1011 1993 1078 qui
2025 1009 2172 1064 illius
2226 1009 2474 1078 dogmata
2511 1008 2847 1078 percipiunt,
2883 1007 3138 1075 quoniam
3189 1006 3290 1060 etsi
3319 1004 3456 1058 Deus

1908 1098 2232 1170 Unigenitus
2257 1100 2594 1163 nominatur,
2645 1099 3025 1168 et‘sapientia,
3069 1106 3122 1152 et
3164 1098 3357 1156 virtus,
3404 1103 3458 1149 et

1905 1193 2016 1252 lux,
2055 1203 2107 1246 et
2153 1192 2370 1252 veritas,
2418 1199 2470 1245 et
2521 1190 2707 1258 judex,
2739 1198 2792 1243 et
2846 1204 2960 1253 rex,
3007 1195 3061 1242 et
3114 1187 3168 1241 in
3203 1186 3457 1240 omnibus

1906 1281 2067 1345 Deus,
2100 1292 2154 1337 et
2192 1297 2417 1352 magnus
2448 1279 2612 1343 Deus,
2637 1287 2690 1333 et
2720 1279 2975 1348 princeps
3013 1277 3184 1347 pacis,
3217 1284 3272 1331 et
3301 1267 3458 1330 Pater

1904 1374 2072 1429 futuri
2101 1373 2319 1440 smculi,
2335 1381 2387 1427 et
2407 1372 2584 1426 omnia
2602 1385 2721 1440 quae
2751 1377 2876 1423 sunt
2901 1367 3226 1430 istiusmodi,
3244 1367 3458 1420 nomine

1905 1472 2063 1518 tenus
2095 1463 2196 1532 ipsi
2225 1439 2398 1516 solum
2434 1468 2517 1516 est
2545 1439 2735 1514 honor.
2770 1457 2886 1513 Non
2913 1460 3056 1511 enim
3083 1463 3164 1510 est
3191 1455 3458 1524 particeps

1905 1555 2180 1625 dignitatis
2234 1568 2393 1622 quam
2447 1551 2684 1606 ostendit
2741 1549 3018 1603 nominum
3071 1547 3170 1600 vis.
3228 1545 3293 1599 Et
3315 1547 3459 1614 quod

1909 1651 2219 1722 Babyloniis
2263 1648 2493 1702 faciebat
2543 1646 2757 1716 sapiens
2800 1643 3005 1707 Daniel,
3042 1643 3282 1712 ipsorum
3311 1641 3458 1694 circa

1908 1745 2049 1798 idola
2084 1756 2322 1797 errorem
2351 1740 2660 1802 emendans,
2694 1754 2760 1792 ne
2783 1753 2855 1792 trs
2885 1737 2968 1791 vel
2989 1736 3279 1789 draconem
3314 1733 3460 1788 cole-

244 1836 310 1890 ἂν
340 1839 412 1909 μὴ
448 1840 538 1892 τὸν
564 1840 782 1910 χαλκὸν,
813 1841 844 1912 ἢ
882 1820 973 1894 τόν
1003 1820 1269 1912 δράκοντα
1305 1841 1528 1908 σέϐοιεν,
1560 1844 1619 1896 τὸ
1637 1820 1806 1913 όνομα

1910 1843 2049 1901 rent,
2070 1849 2264 1889 nomen
2298 1831 2412 1898 Dei,
2447 1831 2589 1902 quod
2641 1845 2670 1883 a
2713 1829 2866 1884 vanis
2897 1828 3016 1882 istis
3056 1826 3365 1881 hominibus
3393 1825 3460 1879 de

244 1930 340 1982 τοῦ
369 1931 526 1995 Θεοῦ,
558 1933 618 1985 τὸ
648 1933 796 2004 παρά
827 1931 934 1984 τῶν
976 1933 1218 2002 ματαίων
1257 1934 1437 1997 αὑτοῖς
1475 1936 1810 2003 ἐπιπεφημι-

249 2021 446 2091 σμένον
473 2021 796 2091 αἰδούμενοι,
826 2023 919 2076 καὶ
959 2023 1144 2090 σαφῶς
1171 2023 1239 2075 δι’
1275 2017 1349 2076 ὦν
1375 2023 1627 2094 ἐποίησεν
1674 2023 1809 2074 ἐδει-

247 2111 358 2174 ξεν,
385 2114 466 2166 ὅτι
498 2114 557 2166 οὑ
587 2113 868 2183 συμϐαίνει
906 2114 966 2166 τὸ
995 2113 1194 2184 ὑψηλὸν
1219 2117 1317 2184 τῆς
1352 2114 1602 2184 θεότητος
1640 2114 1810 2185 ὄνομα

248 2205 384 2274 πρός
419 2221 477 2256 τε
521 2205 582 2257 τὸ
631 2205 855 2276 ἐρπετὺν
884 2207 1092 2278 θηρίου,
1127 2206 1220 2260 καὶ
1270 2206 1404 2278 πρὸς
1451 2206 1510 2260 τὸ
1557 2209 1738 2278 σχῆμα
1766 2202 1810 2276 ᾧ

244 2297 444 2365 χαλκὸς
493 2297 817 2352 ἐτετύπωτο.
867 2298 1051 2352 Ταῦτα
1097 2298 1229 2370 πρὸς
1266 2299 1326 2350 τὸ
1376 2298 1614 2350 ἐναντίον
1660 2299 1752 2352 καὶ
1783 2300 1812 2352 6

245 2389 439 2460 ἐχθρὸς
467 2389 560 2443 τοῦ
582 2390 714 2443 Θεοῦ
741 2391 832 2443 ἐπὶ
855 2391 948 2444 τοῦ
972 2391 1307 2460 Μονογενοῦς
1327 2391 1458 2444 Θεοῦ
1485 2393 1812 2446 κατασκευά-

243 2481 360 2544 ζειν
388 2481 475 2534 διά
525 2481 632 2535 τῶν
669 2482 950 2552 δογμάτων
984 2481 1294 2552 φιλονεικεῖ,
1344 2485 1498 2537 τοῦτο
1545 2484 1681 2554 βοῶν
1723 2485 1809 2539 διὰ

241 2573 446 2644 ταύτης
477 2575 576 2644 τῆς
598 2575 961 2647 προκειμένης
1010 2575 1157 2646 αὑτῷ
1184 2577 1424 2647 ρήσεως,
1456 2578 1536 2630 ὃτι
1676 2577 1810 2648 πρὸς

243 2665 315 2717 τὰ
343 2665 580 2735 ὀνόματα
607 2666 699 2718 τοῦ
729 2667 930 2738 Κυρίου
975 2665 1200 2736 βλέπετε
1243 2661 1317 2722 ὧν
1357 2668 1695 2738 μετείληφεν,
1735 2668 1811 2730 ὡς

242 2759 312 2809 ὲκ
334 2758 534 2811 τούτων
559 2758 619 2810 τὸ
655 2759 930 2824 ἄφραστον
959 2758 1122 2811 αὑτοῦ
1157 2758 1246 2812 καὶ
1280 2758 1479 2829 ὑψηλὸν
1503 2759 1602 2829 τῆς
1627 2759 1811 2822 οὐσίας

243 2848 570 2916 λογίζεσθαι.
603 2848 779 2902 Πολλὰ
809 2850 914 2920 γὰρ
955 2851 1047 2903 καὶ
1079 2850 1210 2904 ἄλλα
1255 2849 1363 2903 τῶν
1410 2850 1810 2904 ἀσθενεστάτων

243 2943 367 3003 ταῖς
395 2939 788 3014 ,ὑπερεχούσαις
821 2942 1155 3012 ἐπωνυμίαις
1195 2942 1499 3014 τετίμηται,
1539 2937 1612 2997 ὧν
1649 2946 1683 3014 ἠ
1715 2945 1811 3014 μὲν

245 3034 441 3102 κλῆσις
469 3032 529 3086 τὸ
553 3033 754 3104 ὑψηλὸν
783 3033 917 3103 ἔχει,
945 3036 976 3104 ἡ
1009 3033 1065 3087 δὲ
1098 3033 1256 3102 φύσις
1285 3036 1419 3106 πρὸς
1441 3037 1501 3088 τὸ
1531 3036 1810 3106 μεγαλεῖον

1909 1924 2044 1995 ipsis
2092 1923 2494 1987 celebrabatur,
2543 1928 2874 1984 reverentes,
2927 1930 2979 1974 et
3015 1925 3198 1988 aperte
3251 1931 3346 1986 per
3395 1931 3458 1969 ea

1907 2033 2026 2087 qua:
2051 2015 2178 2072 fecit
2225 2014 2480 2077 ostendit,
2527 2011 2670 2082 quod
2716 2010 2991 2065 excelsum
3033 2008 3332 2062 divinitatis
3364 2021 3461 2061 no-

1910 2120 2031 2158 men
2065 2111 2118 2160 et
2148 2104 2201 2156 in
2243 2103 2486 2172 reptilem
2521 2100 2689 2154 feram
2735 2113 2844 2152 non
2877 2098 3041 2160 cadit,
3071 2107 3124 2150 et
3149 2097 3202 2148 in
3233 2095 3459 2164 ﬁguram

1910 2213 2016 2267 qua
2042 2212 2116 2251 trs
2143 2194 2480 2249 ell‘ormatum
2531 2199 2668 2260 erat.
2704 2189 2826 2244 Haec
2849 2191 2902 2244 in
2933 2187 3262 2243 contrarium
3297 2185 3460 2240 etiam

1911 2285 2002 2341 Dei
2033 2288 2287 2341 inimicus
2318 2285 2370 2338 in
2405 2283 2688 2355 Unigcnito
2713 2282 2823 2336 Deo
2860 2289 3178 2350 praestruere
3219 2290 3312 2346 per
3331 2273 3462 2344 dog-

1911 2388 2051 2434 mata
2085 2392 2407 2449 magquere
2439 2373 2736 2436 contendit,
2764 2373 2864 2427 hoc
2895 2371 3177 2426 clamitans
3205 2383 3300 2438 per
3323 2367 3463 2419 hanc

1910 2472 2011 2542 ipsi
2059 2471 2387 2542 propositam
2423 2467 2712 2522 dictionem
2748 2483 2760 2518 :
2804 2463 2880 2518 Ne
2923 2460 3227 2532 respiciatis
3271 2456 3338 2510 ad
3368 2472 3464 2510 no-

1910 2565 2052 2619 mina
2095 2560 2303 2617 Domini
2340 2575 2568 2630 quorum
2597 2565 2680 2612 est
2723 2557 3012 2626 particeps,
3061 2554 3130 2606 ita
3172 2559 3230 2606 ut
3278 2565 3340 2604 ex
3378 2549 3464 2603 bis

1910 2653 2230 2710 iuetl'abilem
2263 2653 2382 2720 ejus
2431 2660 2482 2706 et
2506 2650 2777 2704 excelsam
2806 2646 3098 2702 essentiam
3135 2641 3464 2713 cogitatione

1911 2745 2188 2814 percipere
2235 2743 2412 2795 liceat.
2462 2737 2624 2792 Multa
2668 2737 2811 2792 enim
2849 2737 3007 2791 etiam
3056 2735 3158 2787 alia
3187 2747 3306 2802 qua:
3338 2738 3469 2786 sunt

1911 2834 2282 2889 inﬁrmissima
2325 2829 2852 2901 supereminentibus
2889 2823 3336 2897 appellationibus
3369 2821 3468 2874 ho-

1911 2936 2100 2982 norata
2121 2935 2266 2991 sunt,
2288 2937 2518 2994 quorum
2547 2921 2831 2992 appellatio
2847 2919 3058 2990 quidem
3082 2916 3466 2970 sublimita'em

1912 3021 1966 3076 in
2017 3033 2076 3075 se
2132 3020 2398 3081 continet,
2444 3024 2638 3070 natura
2694 3024 2870 3068 autem
2916 3012 2969 3064 in
3017 3009 3331 3079 dignitatem
3372 3022 3465 3074 ap-

244 3100 350 3194 τῆς
376 3100 744 3196 προσηγορίας
776 3100 874 3178 οὑκ
904 3100 1306 3191 ἐξαλλάσσεται.
1331 3100 1435 3180 ’Διά
1463 3100 1622 3179 τοὺτο
1664 3126 1806 3194 λέγει

1914 3113 2217 3183 pellationis
2247 3126 2353 3165 non
2393 3111 2727 3164 immutatur.
2779 3104 3067 3174 Propterea
3112 3101 3245 3156 dicit
3285 3100 3462 3152 nomi-

249 3218 442 3288 μέχρις
467 3217 744 3287 ὀνομάτων
772 3216 941 3286 ψιλῶν
972 3217 1213 3284 γίνεσθαι
1245 3217 1394 3290 παρὰ
1415 3217 1506 3271 τοῦ
1536 3217 1667 3271 Θεοῦ
1698 3221 1806 3281 τοῖς

247 3310 612 3381 ὑποϐεϐηκόσι
637 3309 731 3376 τὴν
749 3309 844 3380 τῆς
875 3309 1032 3378 τιμῆς
1055 3309 1360 3377 μετουσίαν,
1387 3307 1460 3379 μὴ
1486 3307 1806 3360 συνακολου-

247 3403 446 3472 θούσης
474 3405 536 3472 τῇ
567 3402 751 3473 κλήσει
775 3401 871 3467 τῆς
895 3399 1034 3454 κατὰ
1058 3399 1154 3471 τὴν
1182 3399 1334 3464 ἀξίαν
1359 3399 1616 3471 ἰσότητος.
1648 3401 1806 3451 Ὥστε

249 3498 426 3550 πάντα
463 3497 585 3564 περὶ
613 3492 705 3546 τοῦ
733 3492 860 3546 Υἰοῦ
894 3491 1180 3562 μαθόντας,
1207 3493 1304 3544 ὅσα
1333 3489 1431 3562 τῆς
1454 3490 1660 3560 ὑψηλῆς
1692 3491 1806 3542 ἐστι

247 3589 545 3658 σημασίας.
598 3588 786 3658 μέχρις
816 3586 1076 3656 ὀνόματος
1100 3585 1302 3638 οἴεσθαι
1328 3585 1424 3656 τὴν
1461 3588 1516 3638 ἐν
1544 3589 1662 3649 ταῖς
1705 3603 1808 3654 φω-

247 3682 363 3742 ναῖς
386 3677 550 3748 τιμὴν
581 3673 1116 3748 προσμαρτυρείσθαι
1140 3674 1313 3744 αὑτῷ⁶
1338 3674 1436 3744 τῆς
1469 3674 1523 3726 δέ
1553 3675 1690 3726 κατά
1712 3675 1806 3745 τὴν

246 3771 402 3834 ἀξίαν
439 3767 738 3838 ἰσομοιρίας
772 3766 1034 3836 ἀμέτοχον
1063 3765 1201 3818 κατά
1233 3766 1328 3836 τὴν
1355 3767 1410 3818 ἐν
1444 3766 1552 3828 τοῖς
1586 3766 1804 3836 εἰρημέ-

248 3879 354 3924 νοις
388 3859 748 3930 τεχνολογίαν.
772 3889 779 3904 ι

329 4123 488 4178 Ἀλλά
537 4121 646 4195 γὰρ
699 4116 1033 4192 ἐνσχολάζων
1085 4124 1194 4186 τοῖς
1244 4119 1502 4193 ἀνοήτοις,
1556 4120 1704 4176 ἔοικά
1751 4137 1804 4174 τι

249 4217 388 4268 κατά
427 4215 486 4268 τὸ
519 4213 740 4282 λεληθὸς
772 4217 881 4277 τοῖς
916 4215 971 4266 ἐν
1002 4214 1257 4276 ἐναντίοις
1301 4212 1632 4283 χαρίζεσθαι,
1665 4214 1805 4284 Πρὸς

249 4308 356 4378 γὰρ
385 4308 453 4361 τά
501 4306 703 4377 μάταια
742 4306 846 4358 τῶν
883 4307 1183 4378 εἰρημένων
1227 4304 1510 4368 ἀντιτιθεὶς
1535 4307 1632 4376 τὴν
1677 4306 1805 4376 ἀλή-

249 4401 418 4462 θειαν,
467 4399 778 4452 ἀποκναίειν
815 4415 903 4468 μοι
945 4397 1083 4450 δοκῶ
1111 4398 1236 4461 τοὺς
1277 4396 1696 4466 καθομιλοῦντας
1729 4396 1804 4468 τῷ

1915 3205 2073 3260 nibus
2102 3203 2334 3260 exilibus
2383 3210 2541 3257 tenus
2583 3215 2612 3254 a
2667 3199 2772 3253 Deo
2799 3195 3148 3253 inferioribus
3196 3192 3462 3247 creaturis

1912 3297 2136 3352 honoris
2179 3295 2641 3365 participationem
2692 3291 2840 3353 ﬁeri,
2882 3287 3132 3359 quamvis
3183 3284 3463 3355 aequalitas

1911 3392 2193 3462 dignitatis
2228 3388 2641 3458 appellationem
2673 3400 2779 3438 nou
2813 3392 3089 3452 sequatur.
3122 3380 3300 3445 Quare
3340 3379 3465 3431 licet

1911 3481 1978 3536 de
2032 3479 2166 3533 Filio
2220 3479 2570 3532 didicerimus
2624 3475 2803 3530 omnia
2861 3485 3195 3542 qmecuuque
3240 3469 3467 3524 excelsa

1913 3583 2038 3629 sunt
2091 3570 2522 3642 signiﬁcationis,
2559 3581 2737 3622 tamen
2791 3567 3008 3621 nomine
3050 3576 3208 3620 tenus
3253 3572 3466 3634 oportet

1913 3676 2100 3735 putare
2130 3664 2386 3716 honorem
2436 3661 2660 3714 vocibus
2701 3658 3150 3728 comprehensum
3187 3655 3286 3725 ipsi
3327 3655 3475 3710 assi-

1911 3757 2086 3826 gnari,
2125 3755 2449 3824 :cqualitatis
2486 3767 2613 3806 vero
2671 3749 2966 3806 secundum
3011 3747 3326 3819 dignitatem
3368 3761 3468 3800 ex-

1914 3857 2115 3918 pertem
2149 3863 2268 3901 esse
2295 3846 2592 3900 secundum
2627 3842 2913 3897 artiﬁcium
2976 3841 3119 3911 quod
3194 3842 3244 3898 in
3305 3837 3464 3894 dictis

1913 3940 2126 3993 illorum
2165 3946 2406 4008 apparet.

1982 4114 2084 4171 Sed
2147 4120 2287 4170 enim
2347 4116 2400 4170 in
2453 4115 2695 4170 futilibus
2735 4124 2787 4171 et
2825 4115 3089 4170 sententia
3153 4115 3462 4171 earentibus

1913 4212 2231 4274 immorans,
2277 4209 2462 4263 videor
2506 4209 2704 4278 aliquid
2743 4210 2879 4262 clam
2911 4207 3232 4262 adversariis
3262 4207 3466 4277 gratiﬁe

1911 4305 2044 4359 cari.
2077 4301 2208 4357 Nam
2239 4303 2391 4356 vanis
2424 4310 2474 4358 et
2504 4301 2755 4355 inanibus
2786 4301 2946 4354 dictis
2975 4301 3255 4354 veritatem
3291 4317 3459 4372 oppo-

1912 4412 2066 4462 nens,
2091 4395 2304 4450 tzedium
2341 4395 2470 4450 mihi
2510 4395 2696 4449 videor
2729 4394 2919 4449 aﬁ'erre
2949 4393 3014 4448 iis
3041 4393 3130 4463 qui
3173 4397 3462 4463 prazsen'tes

247 4491 389 4561 λόγῳ
437 4489 542 4561 πρὸ
592 4490 689 4560 τῆς
739 4488 844 4542 τῶν
890 4487 1310 4558 καρτερωτέρων
1364 4489 1558 4558 μάχης.
1600 4487 1805 4541 Οὐκοῦν

1910 4492 2106 4546 adsunt
2145 4491 2269 4544 huic
2317 4488 2692 4558 disputationi,
2740 4494 3023 4555 antequam
3061 4485 3124 4539 ad
3179 4484 3460 4539 fortioruui

247 4579 417 4632 ταῦτα
436 4579 581 4641 ὅπως
601 4577 665 4630 ἂν
690 4576 807 4647 ἔχη,
830 4579 939 4640 τοῖς
965 4577 1469 4647 ὲπιστατικωτέροις
1486 4577 1590 4629 τῶν
1613 4577 1808 4648 ἀκροα-

245 4668 356 4722 τῶν
379 4669 581 4733 ἐατέον,
605 4669 737 4737 ἡμῖν
760 4667 815 4720 δὲ
846 4666 981 4738 πρὸς
1001 4669 1068 4720 τὰ
1101 4666 1430 4738 προκείμενα
1466 4671 1808 4738 μετενεκτέον

245 4761 336 4815 τὸν
367 4762 548 4830 λόγον’
584 4759 821 4829 σιγάσθω
850 4759 906 4812 δὲ
933 4761 1023 4813 καὶ
1062 4759 1122 4812 τὸ
1161 4760 1435 4830 προσεχῶς
1469 4762 1578 4826 τοῖς
1620 4760 1810 4833 ἐξητα-

250 4855 464 4924 σμένοις
501 4853 877 4924 προκείμενον,
929 4848 1010 4904 ὅτι
1052 4850 1220 4904 ταῦτα
1254 4849 1434 4922 μέντοι
1467 4852 1649 4906 τοῦτον
1689 4855 1808 4908 δια-

244 4948 499 5001 τέτακται
532 4947 622 4999 τὸν
651 4946 866 5017 τρόπον,
903 4945 960 4997 οὑ
995 4939 1094 5013 τῆς
1119 4943 1356 5008 ἐπινοίας
1387 4941 1807 5016 τῶνάνθρώπων

243 5040 512 5112 λαχούσης
538 5040 637 5109 τὴν
665 5039 908 5105 ἐξουσίαν
939 5037 1046 5089 τῶν
1074 5037 1367 5106 ὀνομάτων.
1401 5038 1493 5101 Τίς
1519 5039 1625 5108 γὰρ
1652 5040 1807 5093 τοῦτό

242 5152 399 5203 φησι,
449 5132 506 5185 τὸ
542 5131 616 5202 μὴ
659 5130 778 5184 κατ’
815 5131 946 5183 ἰδίαν
989 5130 1280 5183 ὑπόστασιν
1333 5129 1716 5200 θεωρούμενον,
1749 5135 1807 5186 ἐν

242 5224 461 5295 ἐξουσία
507 5225 824 5294 πράγματος
854 5219 990 5275 εἶναί
1035 5239 1207 5288 τινος;
1241 5221 1429 5276 Μόνων
1457 5224 1562 5294 γὰρ
1597 5225 1704 5279 τῶν
1730 5229 1806 5279 οἰ-

243 5315 369 5386 κείᾳ
396 5317 499 5369 τινὶ
528 5315 837 5386 προαιρέσει
883 5314 1282 5382 διοικουμένων,
1322 5314 1382 5366 τὸ
1412 5317 1527 5367 κατ’
1561 5316 1805 5380 ἐξουσίαν

243 5425 296 5459 τι
331 5409 584 5476 πράττειν
631 5407 794 5458 ἐστίν.
835 5407 894 5458 Ἤ
927 5407 981 5458 δὲ
1019 5405 1228 5458 ἐπίνοια
1263 5405 1359 5474 τῆς
1401 5407 1673 5477 ἡμετέρας
1698 5409 1807 5461 δια-

245 5498 391 5561 νοίας
415 5501 558 5550 ἐστὶν
590 5499 852 5569 ἐνέργεια,
880 5497 971 5550 καὶ
994 5498 1089 5568 τῆς
1111 5495 1216 5548 τῶν
1240 5495 1622 5568 φθεγγομένων
1648 5501 1807 5572 ἤρτη-

245 5608 334 5643 ται
365 5590 748 5660 προαιρέσεως,
779 5589 839 5640 οὑ
885 5587 1001 5640 καθ’
1031 5586 1224 5656 ἑαυτὴν
1267 5589 1566 5655 ὑφεστῶσα,
1597 5591 1709 5644 ἀλλ’
1749 5595 1806 5646 ἐν

249 5685 310 5752 τῇ
367 5682 474 5733 τῶν
525 5681 827 5751 λεγομένοιν
879 5680 1021 5750 ὁρμῇ
1074 5679 1176 5752 ’τὴν
1229 5679 1520 5735 ὑπόστασιν
1586 5682 1800 5752 ἔχουσα.

256 5771 413 5827 Ἀλλ’
444 5769 649 5838 aurci},
686 5772 837 5844 φησὶ,
869 5771 1053 5826 ταῦτα
1093 5767 1286 5824 πάντα
1332 5769 1802 5845 δημιοιιργήσαν-

1910 4593 2141 4650 pugnam
2179 4577 2548 4631 dereniamus.
2599 4574 2721 4630 llzec
2773 4575 2935 4644 igitur
2977 4573 3470 4644 quomodocuon

1909 4687 1967 4726 se
2016 4671 2270 4733 habeant,
2320 4669 2657 4724 θοςιὶοτὶὺιιε
2713 4669 3052 4722 auditoribus
3110 4670 3464 4740 relinquenda

1908 4774 2055 4826 sunt,
2100 4763 2257 4818 nobis
2292 4775 2470 4818 autem
2533 4763 2595 4816 ad
2629 4764 2903 4833 proposita
2951 4761 3324 4817 transferenda
3379 4768 3463 4814 est

1907 4856 2101 4909 oratio.
2153 4857 2410 4920 Quocirca
2448 4854 2662 4910 silentio
2702 4863 3103 4925 pra-tereamus,
3162 4853 3302 4924 quod
3335 4868 3460 4922 pro-

1909 4947 2048 5000 xime
2070 4953 2153 5000 est
2192 4946 2520 5014 conjunctim
2553 4960 2673 5000 cum
2704 4945 2786 5000 his
2812 4961 2930 5014 quae
2954 4946 3063 5012 jam
3097 4953 3224 4996 sunt
3253 4943 3461 4997 exami-

1906 5046 2031 5092 nata
2069 5036 2405 5106 proponitur,
2429 5035 2573 5107 quod
2607 5037 2718 5092 haec
2743 5035 2956 5105 quidem
2984 5034 3049 5087 ad
3074 5033 3216 5087 hunc
3239 5033 3461 5086 modum

1907 5129 2150 5184 ordinata
2183 5137 2394 5192 sunt,ut
2429 5144 2535 5183 non
2563 5129 2806 5184 dicamus
2827 5125 3331 5182 commentationem
3362 5126 3462 5179 hoc

1907 5224 2108 5277 minum
2151 5225 2394 5277 sortitam
2451 5238 2569 5278 esse
2598 5223 2875 5276 nominum
2931 5227 3269 5289 potestatem.
3327 5218 3459 5283 Quis

1906 5315 2048 5369 enim
2079 5316 2180 5369 hoc
2207 5315 2361 5378 dicit,
2397 5325 2453 5369 ut
2483 5315 2534 5368 id
2569 5313 2710 5383 quod
2733 5329 2838 5367 non
2877 5313 2930 5366 in
2965 5311 3180 5381 propria
3204 5311 3459 5366 substan-

1907 5410 1977 5462 tia
2008 5409 2403 5472 consideratur,
2454 5408 2532 5462 rei
2583 5407 2812 5475 alicujus
2851 5404 3044 5459 habeat
3101 5403 3465 5473 potestatem?

1906 5499 2103 5554 Eorum
2125 5500 2266 5555 enim
2298 5506 2380 5554 est
2403 5499 2574 5554 solum
2596 5498 2684 5568 qui
2711 5497 2923 5568 prepria
2945 5494 3174 5566 quadam
3199 5495 3464 5550 electione

1905 5604 1957 5647 et
1984 5594 2260 5646 voluntate
2307 5599 2588 5663 reguntur,
2631 5606 2728 5660 pro
2778 5589 3004 5644 arbitrio
3031 5590 3232 5658 aliquid
3279 5605 3458 5658 agere.

1918 5683 2159 5740 Ἐπίνοια
2220 5694 2425 5750 autem,
2460 5683 2510 5739 id
2541 5693 2643 5750 cst,
2691 5684 3076 5746 commentatio,
3129 5681 3322 5736 metuis
3377 5686 3462 5734 est

1906 5777 2167 5847 operatio,
2211 5786 2371 5847 atque
2403 5793 2468 5834 ex
2506 5777 2769 5834 electione
2822 5777 2934 5833 sive
2964 5775 3198 5832 consilio
3239 5773 3458 5845 loquen-
