4006 6476
567 287 706 341 1025

1753 284 1809 341 s.
1842 281 2168 353 cnnconu
2202 280 2495 340 NYSSENI

3667 290 3802 344 102!

568 401 700 454 tium
736 398 949 471 pendet,
1001 414 1106 453 non
1141 414 1237 468 per
1264 414 1322 454 se
1345 398 1672 464 submstens,
1719 400 1813 454 sed
1849 401 1901 455 in
1933 416 2119 455 eorum

2224 418 2325 465 τος
2360 400 2529 465 Θεοῦ,
2567 398 2835 468 σχέσεώς
2866 416 2927 451 τε
2958 399 3053 451 καὶ
3093 399 3408 467 ἐνεργείας,
3448 399 3545 452 καὶ
3578 402 3798 453 cit-alc-

565 504 684 559 qua:
732 490 986 543 dicuntur
1034 488 1359 559 impulsione
1410 488 1820 543 subsistentiam
1889 490 2121 543 habens.

566 582 688 646 Sed,
722 583 915 651 inquit,
952 582 1061 634 hac
1112 584 1227 649 ipsa
1257 582 1433 635 omnia
1465 582 1561 635 Dei
1617 592 1739 634 sunt
1768 583 2125 636 universorum

563 675 868 735 conditoris,
901 686 1054 745 atque
1108 676 1270 742 ipsius
1302 676 1572 728 relationis
1601 685 1650 729 et
1705 677 2027 743 operationis
2078 687 2127 731 ct

561 766 927 833 proportionis,
963 775 1011 819 et
1038 766 1336 836 quilegibus
1367 776 1701 835 congruentes
1725 768 1908 838 cuique
1941 785 2123 821 eorum

559 873 677 922 qua:
707 858 1042 909 nominantur
1065 858 1436 925 appellationes
1468 860 1847 913 accommodat.
1880 858 2002 913 llaec
2028 875 2126 911 au-

560 955 666 997 tem
704 948 784 999 vel
834 949 1057 1001 omnino
1090 964 1309 1003 sensum
1367 966 1474 1003 non
1509 950 1728 1011 habent,
1756 952 1839 1004 vel
1876 952 1959 1005 bis
2007 967 2127 1020 qua:

560 1035 711 1102 prius
738 1036 806 1089 ab
858 1037 976 1105 ipso
1015 1040 1258 1107 exposita
1297 1048 1424 1093 sunt
1456 1040 1850 1097 adversantur..
1891 1040 1946 1094 Si
1982 1043 2126 1096 enim

560 1128 722 1181 rebus
753 1130 1130 1183 convenienter
1152 1138 1335 1199 aptare
1368 1132 1586 1184 nomina
1612 1130 1779 1185 Deum
1801 1132 1962 1185 modo
2002 1147 2128 1201 pro-

561 1218 762 1282 ﬁtetur,
790 1220 1061 1289 quomodo
1095 1219 1148 1272 in
1202 1222 1580 1291 superioribus
1619 1222 1833 1285 asserit,
1872 1222 2125 1291 ignobili-

560 1309 660 1362 bus
689 1307 852 1363 Deum
875 1310 1192 1363 sublimiora
1211 1313 1428 1369 nomina
1453 1310 1767 1381 gratiﬁcari,
1792 1327 1898 1364 non
1948 1319 2127 1365 tamen

556 1400 835 1471 dignitatis
863 1417 982 1470 quae
1008 1404 1060 1455 in
1080 1404 1355 1457 nominum
1384 1403 1777 1474 signiﬁcatione
1796 1402 2125 1465 declaratur,

561 1496 707 1563 ipsos
732 1496 1021 1565 participes
1059 1495 1236 1549 facere
1270 1513 1283 1548 :
1325 1503 1380 1548 et
1412 1504 1601 1549 contra
1632 1510 1752 1563 qum
1786 1509 1977 1563 magna
2005 1502 2129 1549 sunt

558 1595 769 1649 natura,
818 1586 1145 1655 ignobilibus
1185 1586 1410 1640 vocibus
1438 1585 1794 1643 dedecorare.
1855 1584 2127 1639 licetcum

2227 492 2377 561 γίας,
2412 492 2508 545 καὶ
2556 493 2756 559 νόμοις
2789 488 3112 559 προσφυῶς
3142 489 3375 557 ἑκάστῳ
3420 490 3539 543 τῶν
3583 493 3801 560 ὄνομα·

2232 582 2484 651 ζομένων
2522 582 2626 648 τὰς
2657 583 3057 650 προσηγορίας
3097 582 3590 651 συναρμόζοντος.
3619 584 3804 637 Ταῦτα

2226 673 2279 726 δὲ
2311 673 2342 742 ἢ
2375 673 2599 726 καθόλου
2631 672 2751 725 νοῦν
2782 673 2880 725 οὐκ
2910 672 3043 741 ἔχει,
3087 673 3119 743 ἢ
3149 673 3480 735 ὑπεναντίως
3512 676 3625 735 τοῖς
3674 691 3802 743 προ-

2227 764 2520 816 εκτεθεῖσιν
2544 764 2675 833 ἔχει.
2708 765 2768 817 Et
2793 764 2897 834 γὰρ
2931 764 3219 833 προσφυῶς
3244 763 3502 834 ἁρμόζειν
3530 767 3645 826 τοῖς
3674 766 3804 816 ὑπο-

2229 856 2495 925 κειμένοις
2532 858 2797 926 μαρτυρεῖ
2822 855 2915 907 νῦν
2953 854 3029 925 τῷ
3058 855 3175 925 Θεῴ
3203 856 3271 907 τὰ
3303 856 3563 925 ὀνόματα,
3604 857 3718 919 πῶς
3748 859 3803 908 ἐν

2226 950 2337 1009 τοῖς
2379 948 2668 1015 άνωτέροις
2702 946 3097 1009 κατασκευάζει
3132 947 3221 999 τὸν
3268 947 3398 999 Θεὸν
3440 950 3553 1010 τοῖς
3584 949 3804 1017 ἀτίμοις

2226 1037 2296 1089 τά
2324 1036 2625 1107 ὑψηλότερα
2660 1037 2763 1089 τῶν
2802 1037 3078 1106 ὀνομάτων
3134 1036 3476 1107 χαρίζεσθαι,
3531 1037 3608 1108 μὴ
3665 1055 3805 1108 συμ-

2232 1128 2572 1198 μεταδιδόντα
2590 1129 2685 1197 τῆς
2717 1128 3114 1198 ἐμφαινομένης
3130 1131 3192 1197 τῇ
3220 1129 3460 1199 σημασία
3483 1131 3590 1183 τῶν
3605 1130 3806 1199 όνομά·

2228 1238 2335 1271 των
2364 1218 2535 1282 ἀξίας,
2562 1219 2656 1271 καὶ
2685 1219 2846 1272 πάλιν
2870 1219 2937 1271 τὰ
2965 1219 3173 1289 μεγάλα
3200 1220 3340 1272 κατά
3376 1220 3473 1289 τὴν
3502 1221 3663 1288 φύσιν
3702 1238 3805 1273 κα-

2229 1309 2502 1380 θυϐρίζειν
2548 1313 2665 1373 ταῖς
2704 1310 2915 1379 ἀτίμοις
2950 1313 3169 1377 φωναῖς,
3200 1315 3265 1381 τῇ
3313 1313 3659 1382 ταπεινότητι
3694 1313 3809 1364 τῶν

2229 1396 2487 1466 ῥημάτων
2534 1397 2592 1448 ού
2636 1396 3171 1467 συμμετατιθεμένης
3217 1398 3317 1467 τῆς
3366 1399 3599 1468 φύσεως.
3658 1402 3806 1452 Ἀλλ’

2227 1487 2515 1557 ἀδικοῦμεν
2553 1490 2690 1557 τάχα
2734 1487 2831 1559 τὴν
2879 1488 3189 1559 ἀδιανόητον
3235 1490 3398 1543 αὐτοῦ
3443 1492 3647 1562 ταύτην
3691 1494 3808 1546 τῶν

2231 1581 2489 1651 ῥημάτων
2515 1581 2807 1651 συνθήκην,
2838 1583 2955 1643 ταῖς
2984 1580 3254 1646 τοιαύταις
3280 1585 3630 1653 κατηγορίαις
3658 1586 3809 1638 ὑπά-

554 1680 757 1731 vilitate
819 1677 1103 1731 verborum
1150 1686 1341 1731 natura
1373 1692 1483 1731 non
1534 1676 1865 1731 immutetur.
1930 1676 2119 1732 Verum

2229 1688 2433 1739 γοντες.
2463 1670 2644 1725 Ταῦτα
2669 1671 2776 1742 γάρ
2804 1671 3032 1725 καθόλου
3056 1671 3234 1742 πάσης
3257 1674 3371 1725 ἐστὶ
3394 1675 3629 1738 διανοίας
3649 1677 3811 1729 ἀλλό-

557 1770 785 1824 fortasse
802 1770 921 1839 ejus
947 1769 1235 1825 amentiam
1266 1769 1462 1838 injuria
1492 1767 1774 1833 allicimus,
1812 1768 1951 1825 banc
1998 1785 2123 1825 ver-

554 1862 743 1915 borum
800 1877 1113 1931 compagem
1144 1860 1346 1915 talibus
1379 1860 1823 1915 accusationibus
1850 1862 2123 1917 insectan-

554 1963 654 2007 tes.
690 1951 813 2007 Haec
867 1953 1009 2007 enim
1042 1955 1223 2007 omnia
1270 1953 1336 2006 ab
1366 1953 1510 2006 omni
1560 1968 1722 2008 sensu
1769 1963 1896 2009 sunt
1923 1957 2119 2022 aliena,

554 2060 662 2098 non
692 2044 865 2099 solum
888 2045 1012 2097 dico
1038 2058 1067 2097 a
1100 2050 1250 2097 recta
1278 2043 1333 2098 in
1357 2041 1521 2097 Deum
1558 2043 1776 2113 pietate,
1814 2046 1905 2100 sed
1942 2063 2116 2116 neque

552 2150 877 2204 quocunque
905 2134 1063 2188 modo
1091 2135 1256 2189 ullius
1291 2134 1521 2189 rationis
1556 2150 1677 2189 esse
1711 2136 2019 2206 participia,
2050 2138 2116 2191 ab

554 2224 640 2278 bis
666 2224 754 2293 qui
779 2223 846 2277 ad
884 2223 1145 2277 amussim
1183 2223 1495 2277 examinare
1527 2224 1808 2287 sciverint,
1843 2224 2120 2280 invenien-

555 2323 662 2368 tur.
696 2313 960 2380 Quoniam
988 2314 1152 2383 igitur
1197 2312 1367 2367 instar
1424 2312 1735 2381 pulmonum
1786 2314 2117 2369 marinorum

555 2417 820 2462 tumorem
850 2407 1137 2477 quemdam
1186 2406 1383 2460 habere
1407 2406 1679 2469 videntur,
1730 2413 1908 2459 tumor
1934 2414 2112 2461 autem

551 2510 637 2556 est
672 2500 917 2570 phlegma
956 2499 1067 2553 sive
1084 2497 1280 2552 humor
1311 2496 1528 2567 quidam
1561 2512 1839 2567 spumeus,
1863 2498 1980 2552 visu
2005 2499 2122 2568 qui-

552 2592 673 2645 dem
711 2588 1106 2654 abominabilis,
1153 2588 1244 2643 sed
1280 2586 1715 2649 abominabilior,
1754 2587 1809 2641 si
1844 2586 1897 2641 in
1930 2602 2121 2643 manus

552 2684 865 2753 accipiatur.
902 2681 1193 2751 Propterea
1244 2679 1310 2733 ad
1362 2678 1477 2733 haec
1508 2693 1644 2733 vana
1675 2677 2118 2733 decentissimum

2229 1780 2371 1832 τρια,
2406 1763 2467 1818 ού
2529 1764 2685 1834 μόνον
2724 1763 2823 1835 τῆς
2850 1762 3015 1836 ὀρθῆς
3056 1764 3197 1834 λέγω
3234 1764 3331 1836 τῆς
3371 1766 3447 1829 είς
3491 1766 3805 1833 εὐσέϐειαν,

2229 1855 2343 1907 ἀλλ’
2371 1854 2487 1907 οὐδὲ
2511 1854 2756 1908 ὁπωσοῦν
2786 1855 3075 1926 μετέχοντά
3097 1873 3237 1919 τινος
3260 1856 3516 1926 λογισμοῦ
3546 1861 3658 1919 τοῖς
3685 1858 3808 1923 ἐξε-

2226 1946 2407 2008 τάζειν
2442 1946 2682 2017 ἀκριϐῶς
2731 1946 3114 2017 ἐπισταμένοις
3152 1947 3480 2018 εὑρίσκεται.
3523 1948 3677 2000 Ἐπεὶ
3708 1944 3806 2001 οὖν

2227 2036 2347 2088 καθ’
2378 2036 2665 2107 ὁμοιότητα
2690 2035 2799 2088 τῶν
2826 2034 3130 2089 θαλασσίων
3158 2035 3472 2105 πνευμόνων
3501 2037 3665 2103 ὄγκον
3702 2040 3805 2107 μέν

2225 2145 2346 2181 τινα
2382 2128 2441 2179 τὸ
2492 2127 2809 2198 φαινόμενον
2851 2126 2991 2196 ἔχειν
3037 2127 3201 2191 δοκεῖ,
3229 2128 3257 2179 ὁ
3302 2126 3359 2179 δὲ
3384 2127 3546 2195 ὄγκος
3578 2128 3804 2197 φλέγμα

2227 2219 2362 2281 ἐστὶ,
2395 2217 2675 2288 βδελυκτδν
2711 2218 2807 2289 μὲν
2857 2219 3003 2282 ἰδεῖν,
3052 2217 3455 2289 βδελυκτότερον
3478 2218 3533 2271 δὲ
3574 2221 3652 2281 εἰς
3686 2223 3802 2289 χεῖ-

2229 2328 2327 2381 ρας
2368 2309 2572 2363 λαϐεῖν.
2602 2310 2698 2362 Διά
2730 2310 2884 2363 τοῦτο
2919 2310 3372 2381 πρεπωδεστάτην
3420 2310 3553 2381 πρὸς
3590 2312 3657 2363 τά
3695 2314 3803 2381 μάο

2224 2420 2350 2455 ταια
2369 2402 2466 2473 τὴν
2488 2402 2693 2472 σιωπὴν
2719 2402 2917 2473 κρίνων
2943 2402 3405 2473 παραδραμοῦμαι
3428 2403 3497 2455 τὰ
3524 2404 3801 2473 εἰρημένα

2226 2495 2373 2563 σιγῇ.
2410 2492 2527 2545 Τίνι
2559 2492 2665 2562 γάρ
2699 2491 2978 2545 διοικεῖται
3005 2492 3155 2563 νόμῳ
3182 2493 3427 2562 ἐνέργειά
3452 2510 3509 2545 τε
3537 2496 3632 2546 καὶ
3668 2496 3803 2548 ἀνα-

2224 2584 2400 2653 λογία,
2431 2584 2524 2637 καὶ
2549 2584 2764 2653 σχέσις;
2790 2584 2901 2637 Kal.
2925 2585 3009 2647 τίς
3036 2587 3065 2638 ὁ
3088 2584 3387 2655 νομοθετῶν
3419 2584 3496 2655 τῷ
3532 2586 3652 2653 Θεῴ
3674 2587 3800 2649 τοὺς

2225 2677 2324 2747 τῆς
2358 2675 2642 2743 ἀναλογίας
2675 2677 2768 2728 καλ⁵
2798 2676 3031 2745 σχέσεως
3061 2675 3255 2745 νόμους
3284 2675 3377 2727 καὶ
3397 2676 3663 2746 τρόπους;

552 2776 825 2829 silentium
854 2774 1125 2843 judicans,
1187 2786 1304 2842 qua:
1326 2771 1469 2825 dicta
1510 2776 1639 2824 sunt
1685 2769 1885 2824 tacitus
1926 2771 2231 2840 praeteribo.
2281 2767 2527 2835 Quanam
2579 2768 2724 2825 enim
2760 2770 2875 2839 lege
2933 2776 3195 2839 reguntur
3220 2768 3334 2820 hazc
3368 2768 3591 2822 nomina
3625 2768 3699 2822 ab
3734 2784 3796 2822 eo

552 2869 799 2940 prolata:
836 2867 1096 2937 operatio,
1130 2866 1410 2937 proportio
1443 2874 1495 2920 et
1523 2865 1761 2922 relatio?
1796 2866 1860 2919 Et
1898 2869 2020 2937 quis
2056 2868 2421 2937 proportionis
2457 2873 2510 2922 et
2539 2866 2820 2921 relationis
2858 2866 3001 2935 leges
3051 2874 3103 2919 et
3130 2865 3321 2922 modos
3362 2865 3474 2921 Deo
3522 2866 3796 2935 imperat?

622 2959 734 3013 Hoc
764 2960 955 3014 melius
988 2958 1151 3013 fuerit
1181 2974 1401 3014 manere
1434 2959 1784 3014 inexcussum
1821 2975 1981 3029 quam
2022 2976 2113 3029 per

2292 2961 2549 3030 Κρεῖττον
2608 2959 2674 3012 ἂν
2724 2959 2810 3029 είη
2865 2958 3042 3030 μένειν
3078 2959 3426 3023 ἀνεξέταστον
3472 2958 3503 3029 ἦ
3559 2959 3646 3011 διὰ
3698 2961 3796 3029 τῆς

551 3052 789 3106 studium
826 3051 879 3106 in
915 3052 1001 3107 his
1047 3066 1303 3107 nauseam
1353 3050 1699 3107 audientibus
1729 3067 1967 3115 movere,
2000 3062 2054 3106 et
2085 3070 2112 3104 a

2223 3052 2348 3121 περὶ
2368 3050 2538 3103 ταῦτα
2566 3051 2818 3121 σπουδῆς,
2844 3051 3063 3105 ναυτίαν
3089 3069 3148 3103 τε
3181 3053 3352 3105 ποιεῖν
3379 3053 3492 3114 τοῖς
3510 3050 3793 3113 ἀκούουσι,

551 3145 758 3214 majore
787 3144 967 3199 studio
990 3144 1167 3214 dignis
1188 3158 1493 3199 sermonem
1517 3158 1765 3200 avocare.
1800 3142 1902 3199 Sed
1927 3159 2119 3199 vereor

2220 3143 2313 3195 καὶ
2364 3143 2593 3210 ἀπάγειν
2639 3142 2748 3195 τῶν
2802 3143 3225 3212 σπουδαιοτέρων
3261 3142 3355 3194 τὸν
3394 3142 3572 3210 λόγον.
3626 3141 3792 3195 Ἀλλά

550 3252 620 3290 ne
644 3235 822 3289 omnia
847 3234 1136 3288 identidem
1153 3249 1273 3302 quae
1296 3248 1361 3287 ex
1392 3232 1687 3303 scriptione
1710 3232 1960 3287 Eunomii
1991 3244 2118 3288 sunt

550 3328 851 3397 pr0pnsita,
879 3327 1039 3381 nobis
1089 3327 1199 3381 sint
1230 3325 1470 3394 quadam
1500 3327 1804 3395 phlegmata
1836 3334 1889 3379 et
1919 3328 2113 3379 marini

551 3421 855 3489 pulmones.
885 3416 1063 3484 Quare
1096 3417 1405 3472 necessario
1446 3418 1604 3472 nobis
1636 3417 1691 3471 in
1716 3417 1801 3473 his
1823 3433 1944 3487 qua:
1972 3418 2117 3471 dicta

551 3517 698 3572 sunt,
725 3508 1021 3577 disputatio
1051 3507 1284 3568 desinat,
1320 3517 1378 3561 ut
1427 3523 1546 3577 qua:
1576 3503 1775 3561 nullam
1803 3524 1867 3561 ex
1900 3509 2117 3577 scriptis

551 3600 830 3653 materiam
863 3598 929 3652 ad
964 3597 1297 3668 Operandum
1350 3598 1608 3653 inveniat.
1642 3597 1710 3653 Ut
1736 3599 1880 3653 enim
1915 3598 2115 3663 fumus,

548 3692 633 3747 vel
663 3691 835 3762 caligo
861 3704 1103 3745 crassum
1139 3687 1354 3757 quidem
1385 3689 1514 3744 facit
1540 3698 1595 3744 et
1638 3690 1910 3744 turbidum
1944 3690 2119 3745 reddit

550 3799 727 3839 aerem
767 3802 779 3837 :
809 3784 861 3837 in
891 3796 998 3853 quo
1018 3781 1064 3836 si
1090 3780 1419 3844 constiterit,
1442 3782 1602 3836 etiam
1632 3782 1931 3835 naturalem
1965 3782 2116 3836 visus

547 3878 846 3930 orationem
878 3873 1123 3943 impedit,
1153 3888 1261 3927 non
1286 3880 1465 3927 tamen
1488 3873 1560 3925 ita
1584 3870 1842 3926 densatur
1873 3871 1927 3925 in
1956 3886 2033 3935 se,
2060 3880 2118 3925 ut

546 3966 639 4036 qui
671 3965 800 4019 velit
840 3971 1027 4032 carpat
1052 3972 1103 4016 et
1144 3962 1336 4031 palmis
1382 3962 1677 4025 contineat,
1721 3970 1774 4015 et
1812 3960 1968 4015 reniti
1996 3974 2118 4030 per-

546 4054 774 4111 cutienti
807 4054 996 4124 possit.
1032 4050 1161 4105 Tale
1215 4051 1344 4122 quid
1383 4052 1547 4106 etiam
1574 4051 1641 4106 de
1673 4051 1775 4105 hac
1805 4042 1954 4121 gravi
1982 4050 2117 4105 scri-

546 4146 733 4215 ptione
768 4145 813 4199 si
844 4145 967 4213 quis
991 4142 1211 4205 dixerit,
1240 4156 1269 4196 a
1291 4141 1405 4194 veri
1424 4142 1737 4209 conjectura
1758 4128 1865 4193 non
1893 4140 2115 4195 aberra-

545 4240 705 4294 verit.
741 4236 917 4290 Multa:
943 4244 1120 4289 autem
1168 4234 1221 4287 in
1255 4234 1357 4287 hoc
1384 4232 1596 4287 tumido
1627 4241 1680 4287 et
1704 4240 1963 4287 azstuante
1996 4248 2114 4287 ser-

546 4344 706 4385 mone
735 4344 889 4399 nugae
913 4337 1039 4381 sunt
1066 4327 1372 4388 elaboratze,
1394 4332 1448 4380 et
1469 4325 1519 4380 ei
1554 4324 1850 4395 praisertim
1883 4324 1975 4393 qui
2004 4339 2112 4378 non

543 4430 630 4477 est
657 4420 838 4475 animo
858 4419 1013 4473 valde
1038 4416 1359 4487 perspicaci,
1383 4416 1544 4470 veluti
1568 4416 1741 4486 caligo
1762 4432 1791 4469 e
1816 4416 2112 4484 longinquo
2142 4447 2191 4509 Β

544 4512 785 4568 cernenti
822 4506 1237 4566 consistentiam'
1261 4506 1550 4577 quamdam
1584 4516 1638 4563 et
1670 4506 2109 4577 imaginationem

545 4605 743 4661 habere
797 4604 1029 4658 videtur.
1067 4601 1222 4667 Quod
1276 4601 1322 4655 si
1377 4601 1501 4669 quis
1555 4600 1639 4655 sui
1669 4614 1893 4668 compos
1941 4598 2114 4652 tiate'.

540 4694 787 4765 diligenti
822 4693 1172 4763 inquisitione
1199 4701 1252 4747 et
1280 4692 1633 4761 intelligentia
1661 4706 1781 4761 quae
1811 4690 1955 4744 dicta
1984 4696 2113 4745 sunt

541 4787 795 4856 attingat,
810 4783 944 4839 fumi
960 4784 1135 4838 instar
1160 4782 1641 4852 apprehensionem
1663 4781 1926 4852 effugiunt
1946 4783 2113 4837 notio-

540 4894 660 4939 nes,
694 4885 858 4946 atque
894 4876 947 4930 in
978 4875 1208 4930 nihilum
1243 4873 1615 4942 dissipantur;
1646 4889 1820 4943 neque
1846 4875 1954 4927 ulla
1984 4874 2112 4929 soli-

540 4972 710 5026 ditate
758 4978 812 5025 et
842 4968 1127 5023 renitentia
1160 4965 1437 5021 ferientem
1482 4966 1750 5033 rccipiunt
1781 4980 2107 5021 sermonem.

542 5061 681 5129 Quid
706 5063 871 5131 igitur
900 5059 1167 5131 agendum
1212 5058 1302 5120 sit,
1358 5056 1580 5111 dubium
1620 5066 1674 5110 et
1702 5057 2112 5113 incertum.'Est

542 5156 683 5207 enim
709 5153 849 5222 apud
875 5152 1130 5222 querulos
1163 5150 1215 5204 in
1252 5158 1535 5217 utramque
1582 5156 1782 5217 partem
1828 5150 2111 5203 calumnia:

542 5245 789 5313 exposita
823 5246 995 5313 Optio,
1027 5243 1144 5297 sive
1163 5242 1306 5295 enim
1335 5240 1501 5294 veluti
1529 5254 1625 5309 per
1650 5240 1835 5293 vallem
1857 5240 2110 5296 salientes

544 5334 705 5387 istam
771 5349 963 5389 vocum
1028 5331 1341 5385 inanitatem
1396 5330 1461 5383 ad
1506 5330 1731 5382 liberum
1786 5329 2110 5399 planumque

542 5438 793 5496 campum
833 5438 1137 5479 sermonem
1160 5421 1477 5491 dirigamus,
1513 5421 1772 5473 adversus
1797 5434 1859 5473 ea
1888 5435 2007 5490 qua:
2032 5422 2110 5474 vi-

544 5517 743 5570 dentur
772 5516 879 5569 vim
903 5516 1137 5583 aliquam
1172 5514 1370 5567 habere
1395 5520 1583 5565 contra
1616 5512 1918 5577 veritatem,
1962 5521 2110 5566 stan-

544 5617 627 5661 tes
656 5621 748 5675 per
783 5603 1288 5667 contradictionem,
1343 5604 1453 5658 sive
1481 5604 1642 5657 etiam
1681 5602 1825 5656 oumi
1877 5605 2109 5671 garruli-

546 5700 654 5751 tate
691 5708 918 5764 pugnam
951 5692 1016 5746 ad
1062 5708 1199 5746 vana
1229 5703 1281 5747 et
1333 5690 1505 5745 iutilia
1550 5691 1941 5747 contendamus
1980 5710 1993 5746 :
2030 5693 2108 5747 sic

2216 3233 2427 3286 δέδοικα
2454 3234 2528 3305 μὴ
2557 3234 2731 3287 πάντα
2755 3236 2885 3305 ἡμῖν
2909 3234 3100 3303 ἐπίσης
3123 3234 3190 3286 τὰ
3215 3236 3277 3286 ὲκ
3296 3234 3395 3303 τῆς
3419 3233 3789 3302 λογογραφίας

2216 3326 2310 3378 τοῦ
2344 3325 2607 3396 Εὑνομίου
2643 3326 2996 3398 προκείμενα,
3032 3326 3315 3395 φλέγματά
3344 3344 3461 3380 τινα
3567 3327 3661 3378 καὶ¹
3699 3325 3791 3377 θα-

2217 3419 2427 3472 λάσσιοι
2479 3419 2794 3489 πνεύμονες.
2838 3420 2997 3471 Ὥστε
3038 3421 3166 3495 κατ’
3218 3419 3459 3489 ἀνάγκην
3516 3420 3647 3488 ἡμῖν
3700 3418 3789 3471 τὸν

2216 3510 2371 3579 λόγον
2396 3514 2509 3575 τοῖς
2549 3511 2856 3583 εἰρημένοις
2896 3510 3240 3580 ὲναπολῆξαι,
3278 3509 3544 3580 μηδεμίαν
3587 3512 3654 3562 ὲκ
3681 3509 3788 3561 τῶν

2216 3602 2614 3672 γεγραμμένων
2642 3600 2771 3671 ὕλην
2796 3602 2874 3665 είς
2901 3600 3523 3675 ἐργασίανεὺρίσκοντα.
3561 3601 3651 3664 Ὠς
3680 3602 3787 3670 γάρ

2214 3712 2296 3757 τις
2328 3693 2530 3756 καπνὸς
2572 3692 2827 3763 ἢόμίχλη
2864 3692 3078 3763 βαθύνει
3133 3693 3228 3763 μὲν
3265 3694 3357 3746 καὶ
3401 3692 3653 3746 ἀναθολοί
3698 3694 3787 3745 τὸν

2216 3786 2383 3856 ἀέρα’
2420 3787 2478 3838 ὲν
2507 3778 2657 3856 ᾧπερ
2699 3785 2763 3838 ἂν
2792 3785 2890 3856 τὴν
2920 3784 3175 3840 σύστασιν
3209 3785 3367 3858 λάϐῃ,
3402 3786 3494 3839 καὶ
3522 3788 3661 3857 πρὸς
3692 3786 3787 3855 τὴν

2216 3874 2354 3927 κατά
2406 3874 2566 3943 φύσιν
2600 3875 2877 3945 ἐνέργειαν
2926 3875 3120 3927 κωλύει
3172 3875 3269 3945 τὴν
3304 3876 3531 3950 ὄρασινη
3562 3876 3624 3927 ού
3678 3875 3783 3944 μὴν

2214 3965 2354 4018 οὕτω
2384 3965 2819 4020 καταπυκνοῦται
2845 3966 2979 4036 πρὸς
3008 3966 3221 4037 ἑαυτὴν,
3244 3966 3318 4029 ὡς
3356 3967 3449 4019 καὶ
3480 3965 3783 4035 δράξασθαι

2216 4058 2557 4129 βουλόμενον,
2585 4059 2679 4111 καὶ
2712 4060 2990 4129 περισχεῖν
3020 4060 3139 4122 ταῖς
3174 4059 3469 4129 παλάμαις,
3502 4059 3600 4110 καὶ
3629 4059 3781 4110 ἀντι-

2214 4151 2443 4221 τοπῆσαι
2496 4150 2573 4221 τῷ
2620 4150 2921 4220 πλήττοντι.
2959 4150 3208 4205 Τοιοῦτόν
3259 4168 3311 4203 τι
3362 4152 3452 4203 καὶ
3499 4153 3633 4223 περὶ
3687 4151 3784 4219 τῆς

2216 4245 2414 4314 σεμνῆς
2464 4242 2662 4313 ταύτης
2692 4243 3052 4314 λογογραφίας
3100 4243 3266 4296 εἰπών
3305 4260 3406 4305 τις,
3442 4243 3542 4295 οὐκ
3586 4242 3655 4295 ἂν
3685 4244 3783 4309 τῆς

2215 4334 2442 4404 ἀληθοῦς
2463 4335 2711 4398 είκασίας
2739 4335 2990 4406 ἁμάρτοι.
3022 4335 3191 4399 Πολὺς
3223 4336 3251 4387 ὁ
3280 4333 3433 4396 ύθλος
3469 4334 3528 4384 ὲν
3553 4331 3782 4400 ὀγκώδει

2216 4426 2308 4477 καὶ
2336 4410 2715 4495 φλεγμαίνοντι
2749 4426 2888 4497 λόγῳ
2920 4425 3311 4497 πεπονημένος,
3333 4424 3427 4478 καὶΙ
3452 4423 3527 4493 τῷ
3556 4424 3630 4493 μὴ
3661 4424 3782 4475 λίαν

2213 4516 2500 4587 διορατικῷ
2532 4518 2629 4588 τὴν
2676 4516 2874 4587 ψυχὴν,
2915 4517 3103 4588 ὥσπερ
3152 4515 3316 4586 ἀχλὺς
3367 4513 3443 4583 τῷ
3496 4513 3780 4583 πόρρωθεν

2214 4604 2479 4674 βλέποντι,
2513 4604 2768 4658 σύστασιν
2805 4605 2948 4675 ἔχειν
2989 4605 3107 4658 τινά
3144 4606 3234 4657 καὶ
3264 4602 3563 4673 φαντασίαν
3606 4602 3776 4656 δοκεῖ.

2212 4699 2273 4750 Ei
2310 4698 2366 4750 δέ
2394 4714 2476 4759 τις
2504 4699 2621 4750 κατ’
2658 4698 2816 4750 αὑτὸν
2845 4698 3073 4765 γένοιτο,
3106 4697 3198 4750 καὶ
3225 4699 3290 4767 τῇ
3326 4695 3645 4764 ὲξεταστικῇ
3669 4693 3779 4746 διαο

2210 4789 2325 4859 νοίᾳ
2352 4787 2459 4840 τῶν
2487 4788 2787 4859 εἰρημένων
2818 4788 3129 4857 ἐφάπτοιτο,
3158 4787 3360 4841 καπνοῦ
3383 4786 3537 4856 δίκην
3561 4787 3781 4857 διαρρεῖ

2210 4879 2307 4947 τῆς
2344 4878 2511 4947 λαϐῆς
2542 4878 2610 4931 τά
2648 4882 2908 4949 νοήματα,
2948 4879 3041 4933 καὶ
3070 4882 3148 4942 εἰς
3181 4879 3241 4931 τὸ
3277 4879 3351 4948 μὴ
3380 4878 3438 4930 ὃν
3463 4878 3777 4929 διασκίδνα-

2210 4988 2317 5033 ται,
2346 4970 2438 5023 καὶ
2475 4972 2532 5023 ού
2566 4970 2775 5041 δέχεται
2820 4971 2908 5024 διά
2939 4988 3078 5034 τινος
3113 4972 3461 5042 στερρότητος
3499 4970 3591 5021 καὶ
3620 4971 3776 5021 ἀντι-

2208 5062 2405 5125 τυπίας
2443 5064 2533 5116 τὸν
2579 5063 2880 5133 πλήττοντα
2916 5063 3089 5131 λόγον.
3125 5064 3188 5115 Τί
3218 5060 3307 5116 οῦν
3350 5064 3451 5132 χρὴ
3486 5062 3772 5131 πράττειν,

2210 5151 2429 5223 ἄπορον.
2484 5152 2959 5223 Εύσυκοφάντητος
2990 5154 3098 5223 γὰρ
3145 5153 3277 5223 πρὸς
3322 5153 3578 5222 ἑκάτερον
3620 5153 3777 5222 παρὰ

2207 5246 2316 5307 τοῖς
2338 5243 2619 5310 φιλαιτίοις
2643 5246 2674 5314 ὴ
2708 5245 2935 5315 αἵρεσις,
2960 5244 3068 5297 εἴτε
3096 5244 3340 5313 καθάπερ
3367 5243 3487 5296 τινὰ
3513 5244 3774 5312 φάραγγα

2208 5333 2630 5403 διαπηδήσαντες
2682 5334 2779 5404 τὴν
2828 5334 3176 5402 κενοφωνίαν,
3210 5334 3302 5386 ἐπὶ
3350 5332 3416 5385 τὰ
3450 5334 3629 5403 πρανῆ
3680 5335 3773 5384 καὶ

2209 5426 2472 5496 ὲπίδρομα
2489 5426 2577 5477 τὸν
2598 5426 2751 5493 λόγον
2771 5426 3098 5495 εύθύνωμεν,
3118 5430 3230 5490 τοῖς
3248 5424 3455 5479 δοκοῦσί
3482 5442 3608 5478 τινα
3635 5425 3773 5477 κατά

2208 5518 2303 5586 τῆς
2333 5516 2583 5585 ἀληθείας
2635 5517 2785 5587 ἰσχὺν
2814 5516 2975 5586 ἔχειν,
3025 5518 3371 5580 συσταθέντες
3408 5518 3495 5569 διὰ
3544 5517 3646 5585 τῆς
3675 5518 3771 5569 ἀν⁹

2209 5607 2528 5678 τιρῤήσεως,
2550 5607 2659 5659 εἴτε
2680 5609 2773 5661 καὶ
2797 5609 2941 5679 πάσῃ
2972 5611 3492 5681 συμπαρατείνωμεν
3520 5612 3585 5680 τῇ
3610 5608 3775 5677 φλυα-

2213 5699 2300 5770 ρίᾳ
2339 5699 2433 5769 τὴν
2475 5699 2609 5770 πρὸς
2634 5698 2703 5752 τά
2734 5700 2931 5771 μάταια
2963 5702 3139 5773 μάχην
3159 5720 3170 5733 ·
3206 5704 3343 5755 οὕτω
3373 5702 3467 5771 μὲν
3498 5702 3605 5772 γὰρ
3638 5701 3774 5753 ἑποι-
