4006 6492
266 374 407 423 1095

1408 370 1685 425 CONTRA
1716 373 2100 441 EUNOMIUM,
2144 376 2268 432 LIB.
2310 377 2422 433 XII.

3342 382 3479 437 109.6

264 484 401 554 χθὴς
430 482 581 537 ἔσται
620 486 730 547 τοῖς
757 484 1092 554 ἀφιλοπόνοις
1126 487 1160 556 ἡ
1195 484 1395 555 σπουδὴ
1429 487 1520 538 καὶ
1550 485 1823 557 ἀνόνητος,

1933 487 2147 558 quidem
2181 488 2266 544 his
2295 489 2387 558 qui
2414 488 2649 543 laborem
2689 493 3012 556 detrectant,
3044 490 3282 547 studiqu
3313 497 3481 548 mole-

263 577 323 629 ἐν
356 575 577 639 πολλαῖς
618 577 763 630 ἐπῶν
798 578 1027 649 χιλιάσιν
1052 580 1137 631 ἐπ’
1164 578 1335 631 οὐδενὶ
1362 580 1613 650 χρησίμῳ
1656 597 1829 651 μηκυ-

264 669 483 739 νομένη.
530 671 593 722 Εἰ
633 670 690 722 δέ
726 671 832 724 τῶν
874 670 1169 726 δοκούντων
1202 671 1345 741 ἔχειν
1388 673 1508 725 τινὰ
1554 671 1695 724 κατά
1734 672 1829 743 τῆς

262 759 521 829 ἀληθείας
576 763 726 832 ἰσχὺν
774 764 948 833 μόνων
995 764 1442 834 ἀντιλαδοίμεθα,
1498 764 1829 834 κατηγορίας

263 851 521 922 ἀφορμὴν
546 856 657 916 τοῖς
683 854 1018 912 ὑπεναντίοις
1051 855 1377 925 παρέξομεν,
1410 852 1484 917 ὡς
1511 854 1828 924 παρεικότες

263 944 383 996 τινὰ
427 946 534 997 τῶν
570 946 629 997 οὑ
672 946 973 1016 δεχομένων
1011 948 1345 1019 ἀντίρρησιν.
1392 948 1605 1018 Ἐπειδὴ
1655 948 1831 999 τοίνυν

261 1034 357 1087 δύο
385 1038 759 1106 προκειμένων
788 1039 938 1108 ἡμῖν,
970 1040 1063 1092 τοῦ
1096 1057 1152 1092 τε
1181 1040 1267 1093 διὰ
1316 1040 1529 1093 πάντων
1562 1040 1651 1091 τὸν
1676 1039 1829 1106 λόγον

261 1128 457 1193 ἐλθεῖν,
495 1130 589 1184 κα)⁸
618 1130 715 1197 τοῦ,
750 1135 862 1195 τοῖς
914 1133 1355 1203 ἀναγκαιοτέροις
1396 1132 1573 1202 μόνοις
1611 1131 1831 1201 ἐπιδρα-

266 1223 387 1289 μεῖν
408 1236 422 1251 ·
459 1222 515 1275 τὸ
545 1222 643 1291 μὲν
675 1224 906 1292 ἐπαχθὲς
948 1227 1060 1288 τοῖς
1088 1222 1363 1288 ἀκούουσι,
1395 1224 1455 1277 τὸ
1486 1224 1541 1276 δὲ
1566 1225 1676 1286 τοῖς
1702 1223 1830 1293 βάλ-

259 1312 445 1365 λουσιν
486 1312 745 1377 ὖποπτον,
777 1316 957 1379 καλῶς
998 1316 1139 1385 ἔχειν
1172 1316 1314 1387 φημί
1362 1316 1530 1387 μέσην
1558 1315 1676 1367 τινὰ
1702 1332 1831 1385 τρα-

158 1426 167 1435 ·
263 1403 499 1473 πόμενον
520 1407 773 1475 ἐκφυγεῖν
790 1408 1147 1479 ἑκατέρωθεν,
1166 1408 1239 1469 ὼς
1254 1410 1472 1471 οἴονται,
1489 1407 1548 1460 τὸ
1566 1406 1827 1459 ὑπαίτιον.

263 1495 360 1558 Τίς
392 1492 485 1549 οὖν
531 1500 564 1568 ή
617 1498 872 1568 μέθοδος;
908 1501 1130 1554 Πάντων
1167 1501 1275 1553 τῶν
1312 1500 1451 1552 κατὰ
1496 1498 1556 1551 τὸ
1608 1500 1832 1569 μάταιον

265 1590 653 1659 πεπονημένων
679 1592 826 1662 αὑτῷ
858 1593 1205 1663 συντεμόντες
1231 1592 1306 1655 ὼς
1332 1586 1439 1645 οἷόν
1464 1608 1522 1643 τε
1554 1592 1645 1644 τὸν
1668 1590 1832 1643 πολὺν

267 1680 548 1751 συρφετὸν,
578 1681 643 1733 δι’
660 1682 853 1750 ὀλίγων
882 1683 1327 1754 ἐπιδραμούμεθα
1360 1681 1741 1750 κεφαλαιωδῶς
1764 1680 1831 1733 τὰ

265 1774 544 1841 νοήματα·
575 1772 649 1835 ὠς
699 1774 833 1843 μήτε
881 1778 996 1837 τοῖς
1041 1777 1285 1846 ἀνοήτοις
1318 1773 1637 1843 ἐμϐαθύνειν
1686 1773 1830 1843 εἰκῆ.

268 1863 406 1933 μήτε
434 1881 485 1915 τι
522 1864 628 1915 τῶν
658 1866 958 1935 εἰρημένων
998 1866 1247 1931 καθάπαξ
1281 1865 1538 1935 περιιδεῖν
1586 1864 1833 1928 ἀνεξέτα-
1867 1843 1904 1896 Β

265 1969 409 2007 στον.
443 1955 620 2018 Ἀπας
661 1956 835 2008 τοίνυν
859 1959 886 2009 ὁ
923 1957 1080 2025 λόγος
1104 1958 1249 2027 αὐτῷ
1279 1958 1503 2027 άσχολός
1551 1958 1665 2008 ἐστι
1700 1956 1836 2026 πρὸς

262 2045 464 2115 ταύτην
506 2046 601 2116 τὴν
633 2049 888 2118 σπουδὴν,
919 2047 1083 2113 δεῖξαι
1120 2048 1435 2117 φιλονεικῶν
1478 2046 1836 2118 ἀνθρωπικῶς

258 2138 324 2190 τὸ
353 2137 505 2191 Θεῖον
535 2140 931 2210 διαλεγόμενον,
962 2142 1053 2194 κα)⁸
1082 2141 1178 2204 τὰς
1208 2140 1541 2211 σημαντικὰς
1569 2138 1674 2190 τῶν
1700 2154 1837 2209 πρα-

257 2232 487 2302 γμάτων
531 2233 712 2300 φωνὰς
742 2234 901 2286 αὑτὸν
932 2237 1044 2297 τοῖς
1070 2230 1187 2288 οὑσι
1228 2234 1316 2286 τὸν
1345 2233 1451 2286 τῶν
1496 2231 1836 2301 πραγμάτων

257 2324 587 2393 δημιουργὸν
635 2324 1033 2397 ἐφαρμόζοντα,
1066 2327 1174 2379 Καὶ
1206 2324 1293 2378 διὰ
1330 2325 1486 2377 τοῦτο
1530 2323 1828 2393 μαχόμενος

261 2416 403 2486 πρὸς
430 2416 519 2469 τὸν
564 2417 784 2470 εἰπόντα
806 2418 901 2486 τῆς
932 2417 1155 2488 λογικῆς
1184 2413 1321 2470 εἶναι
1360 2415 1594 2485 φύσεως,
1624 2415 1690 2484 ἢν
1713 2413 1832 2465 θεό-

259 2508 356 2563 θεν
381 2508 662 2578 ἐλάϐομεν,
690 2510 759 2563 τά
783 2509 1003 2564 τοιαῦτα
1020 2511 1127 2561 τῶν
1148 2509 1444 2578 ὀνομάτων,
1469 2506 1561 2559 καὶ
1582 2503 1682 2572 τῆς
1710 2503 1835 2571 ἀλη-

260 2601 415 2664 θείας
460 2601 847 2672 διαμαρτάνειν
894 2603 1047 2672 φησὶ,
1098 2599 1192 2653 καὶ
1236 2602 1334 2670 τῆς
1369 2597 1501 2659 ίδίας
1549 2594 1708 2649 αὑτὸν
1759 2592 1832 2662 μὴ

260 2694 484 2761 κρατεῖν
509 2690 835 2757 ὑποθέσεως,
860 2693 953 2745 καὶ
977 2690 1179 2762 ταύτην
1196 2688 1486 2759 ἐπαγαγὼν
1505 2688 1602 2757 τὴν
1628 2685 1831 2756 μέμψιν

260 2780 435 2852 αὑτῷ,
462 2781 720 2846 τοιούτοις
760 2783 1020 2854 κέχρηται
1062 2782 1338 2852 λογισμοῖς
1364 2780 1500 2851 πρὸς
1536 2776 1826 2840 ἀπόδειξιν·

1930 588 2072 636 stum
2128 582 2229 636 erit
2273 591 2324 635 et
2357 580 2567 645 inutile,
2600 581 2653 635 in
2704 583 2889 638 multis
2929 600 3181 639 versuum
3245 587 3487 643 millibus

1928 671 2063 726 nihil
2098 670 2462 741 profuturum,
2500 671 2545 725 si
2597 673 2966 740 protrahatur.
3012 672 3166 739 Quod
3198 677 3241 730 si
3270 692 3331 729 ea
3367 694 3489 745 qua:

1928 764 2094 817 robur
2122 764 2336 831 aliquod
2357 770 2614 834 putantur
2638 764 2833 819 habere
2854 774 3040 819 contra
3065 767 3338 823 veritatem
3372 770 3484 822 sola

1929 855 2378 924 eorripuerimus,
2409 857 2774 911 accusationis
2793 858 3133 913 occasionem
3161 861 3489 916 adversariis

1930 948 2309 1017 praebebimus,
2333 960 2389 1001 ut
2409 949 2501 1017 qui
2519 950 3019 1017 praetermiserimus
3042 953 3281 1019 quaedam
3300 969 3487 1007 eorum

1930 1055 2050 1108 qua:
2088 1039 2574 1094 contradictionem
2603 1057 2708 1094 non
2739 1041 3050 1097 admittunt.
3085 1044 3351 1109 Quoniam
3390 1048 3489 1118 igi-

1932 1132 2161 1187 tur.duo
2182 1132 2335 1199 nobis
2358 1142 2483 1187 sunt
2506 1135 2801 1203 proposita,
2829 1144 2882 1190 et
2916 1145 2973 1189 ut
2996 1137 3060 1190 ad
3096 1138 3278 1193 omnia
3311 1155 3491 1195 sermo

1929 1232 2115 1278 noster
2148 1233 2419 1288 occurrat,
2477 1234 2531 1280 et
2590 1234 2651 1280 ut
2680 1228 2792 1281 sola
2821 1229 2992 1300 magis
3034 1231 3340 1285 necessaria
3370 1246 3491 1301 per-

1930 1324 2156 1371 currat:
2190 1316 2321 1371 illud
2365 1317 2580 1387 quidem
2634 1320 2975 1375 auditoribus
3031 1323 3340 1387 molestum,
3389 1323 3491 1377 hoc

1929 1423 2059 1462 vero
2080 1408 2445 1476 iaculantibus
2474 1420 2811 1481 suspectum,
2862 1414 3117 1482 pravclare
3146 1423 3328 1468 actum
3365 1415 3489 1481 erit,

1932 1499 1974 1553 si
2010 1499 2240 1551 mediam
2273 1501 2558 1568 quamdam
2608 1504 2747 1556 viam
2786 1504 3033 1572 ingressi,
3064 1504 3315 1571 utrinque
3346 1507 3490 1574 q'uod

1931 1590 2147 1643 crimini
2176 1597 2259 1643 est
2288 1591 2601 1659 obnoxium,
2633 1604 2893 1663 quantum
2925 1596 3041 1649 ﬁeri
3095 1598 3328 1665 poterit,
3360 1596 3493 1650 em.-

1930 1681 2162 1751 giamus.
2195 1683 2452 1747 Quaenam
2483 1686 2647 1755 igitur
2673 1686 2778 1740 erit
2816 1687 3139 1743 methodus?
3168 1687 3244 1742 Ex
3281 1689 3347 1743 iis
3373 1704 3493 1742 om-

1934 1775 2096 1828 nibus
2128 1791 2248 1844 quaa
2276 1776 2342 1830 ab
2364 1776 2481 1844 ipso
2508 1779 2784 1833 incassum
2822 1779 3095 1833 elaborata
3125 1786 3272 1843 sunt,
3305 1794 3493 1849 ampu-

1932 1874 2110 1921 tantes
2138 1870 2314 1936 quoad
2368 1869 2483 1923 ﬁeri
2513 1871 2709 1940 poterit
2737 1870 2977 1925 sordium
3010 1871 3270 1932 illuviem.
3305 1874 3492 1941 paucis

1931 1963 1985 2009 et
2013 1958 2322 2011 summatim
2353 1960 2603 2014 notiones
2634 1968 2688 2014 et
2718 1961 3015 2015 sententias
3050 1977 3432 2031 percurremus
3475 1980 3486 2015 :

1932 2048 2004 2101 ita
2034 2055 2091 2101 ut
2115 2065 2287 2117 neque
2315 2053 2367 2103 in
2390 2068 2552 2107 sensu
2577 2054 2888 2109 carentibus
2909 2064 3105 2108 temere
3122 2054 3490 2115 immoremur,

1932 2156 2109 2210 neque
2136 2143 2428 2211 quidquam
2463 2143 2729 2198 dictorum
2756 2161 2979 2215 prorsus
3011 2147 3313 2213 neglexisse
3342 2146 3492 2201 inex-

1931 2246 2151 2285 cussum
2178 2232 2475 2287 videamur.
2513 2234 2977 2301 Quemadmodum
3012 2238 3174 2307 igitur
3228 2238 3348 2307 ejus
3376 2253 3493 2291 ser-

1932 2338 2021 2378 mo
2047 2324 2099 2377 in
2124 2339 2190 2379 eo
2225 2325 2562 2394 potissimum
2596 2337 2860 2393 versatur,
2890 2338 2948 2381 ut
2978 2329 3349 2384 demonstrare
3380 2345 3495 2383 am-

1932 2413 2127 2468 bitiose
2166 2414 2457 2467 contendat
2490 2415 2727 2469 humano
2751 2432 2901 2470 more
2928 2418 3091 2471 Deum
3125 2416 3414 2479 disserere,
3440 2424 3495 2470 et

1933 2518 2113 2558 rerum
2147 2504 2535 2573 signiﬁcativas
2564 2520 2725 2561 voces
2756 2508 2930 2575 ipsum
2966 2521 3145 2561 rerum
3167 2506 3412 2575 opilicem
3438 2517 3493 2560 et

1936 2604 2212 2651 auctorem
2236 2596 2319 2652 his
2353 2615 2473 2667 quae
2503 2606 2631 2653 sunt
2662 2600 2956 2668 applicare;
2980 2599 3209 2669 ideoque
3248 2614 3493 2670 pugnans

1935 2704 2057 2741 cum
2094 2704 2159 2743 eo
2205 2690 2295 2759 qui
2335 2690 2472 2744 dixit
2515 2692 2795 2745 rationalis
2844 2708 2964 2746 esse
3012 2699 3238 2754 naturae,
3271 2707 3433 2761 quam
3464 2706 3494 2743 a

1936 2776 2045 2831 Deo
2082 2779 2409 2846 accepimus,
2440 2778 2567 2831 talia
2599 2781 2840 2843 nomina,
2872 2796 2996 2834 eum
3022 2794 3052 2832 a
3078 2780 3303 2835 veritate
3332 2782 3495 2835 abor-

264 2888 389 2927 rare
442 2871 595 2937 dicit,
630 2881 683 2928 et
721 2890 879 2928 suum
914 2889 1021 2928 non
1052 2882 1237 2929 tenere
1268 2872 1677 2927 fundamentum
1726 2885 1741 2934 ;
1777 2879 1829 2923 et
1867 2866 2007 2924 hanc
2039 2870 2309 2939 querelam
2346 2868 2398 2923 in
2416 2870 2591 2948 ipsum
2623 2888 2744 2925 cum
2778 2872 3003 2926 adduxit
3058 2872 3256 2927 talibus
3326 2874 3494 2926 ratio-

262 2971 429 3041 nibus
456 2970 520 3025 ad
547 2970 1069 3027 demonstrationem
1102 2986 1235 3025 usus
1275 2979 1360 3024 est
1397 2988 1409 3023 :

333 3056 502 3123 Εἷπε,
527 3060 709 3130 φησὶν,
727 3064 759 3114 ὀ
780 3062 1116 3127 Βασίλειος,
1132 3062 1280 3130 μετὰ
1306 3062 1368 3115 τὸ
1403 3059 1637 3130 πρῶτον
1662 3059 1819 3127 ἐγγι-

260 3153 520 3222 νόμενον
566 3152 711 3221 ἠμῒν
743 3153 874 3221 περὶ
923 3154 1028 3207 τοῦ
1081 3153 1416 3223 πράγματος
1456 3154 1669 3221 νόημα,
1718 3151 1832 3215 τὴν

258 3245 629 3313 λεπτοτέραν
652 3244 749 3297 καὶ
782 3246 1208 3313 ἀκριϐεστέραν
1242 3245 1346 3299 τοῦ
1393 3244 1710 3312 νοηθέντος
1738 3243 1833 3307 ἐξ-

259 3334 491 3399 έτασιν,
524 3335 794 3388 ἐπίνοιαν
823 3336 1121 3405 λέγεσθαι.
1162 3337 1272 3390 Καὶ
1313 3340 1378 3407 τῇ
1417 3336 1640 3407 τοιαύτῃ
1669 3352 1834 3387 κατα-

262 3431 432 3498 σκευῇ
461 3428 721 3498 διελέγχει
744 3428 835 3481 τὸν
857 3428 1033 3497 λόγον,
1064 3429 1140 3491 ὡς
1165 3428 1333 3481 οἴεται
1359 3428 1636 3499 Εὑνόμιος,
1672 3428 1751 3479 δτι
1775 3429 1832 3480 ἐν

259 3514 346 3583 οἷς
372 3522 471 3573 οὑκ
493 3520 606 3573 ἔστι
637 3520 849 3591 πρῶτον
874 3522 968 3573 καὶ
992 3521 1242 3592 δεύτερον
1264 3523 1461 3591 νόημα,
1494 3520 1613 3574 οὑτε
1644 3519 1831 3573 λεπτό-

262 3629 422 3684 τερον
450 3611 635 3675 ἕτερον
676 3614 863 3683 ἐτέρου
896 3614 991 3667 καὶ
1034 3613 1440 3684 ἀκριῦέστερον,
1474 3614 1572 3665 οὑκ
1604 3612 1668 3665 ἂν
1698 3612 1829 3681 έχοι,

265 3705 420 3774 φησί,
448 3704 630 3775 χώραν
672 3705 731 3757 τὸ
774 3707 892 3759 κατ’
930 3704 1206 3759 ἐπίνοιαν·
1254 3706 1389 3767 τέως
1418 3703 1517 3777 μὲν
1562 3703 1833 3758 καὶτοῦτο

264 3798 495 3868 δολερῶς
523 3798 850 3868 ὑφαρπάσας
880 3797 1029 3869 παρὰ
1060 3798 1165 3851 τῶν
1195 3798 1423 3868 ἐχόντων
1450 3796 1618 3867 ἀκοὴν
1647 3812 1831 3864 φωρα-

265 3888 509 3958 θήσεται,
558 3890 633 3941 Οὐ
666 3889 774 3960 γάρ
806 3890 986 3959 πάσης
1031 3889 1270 3952 ἐπινοίας
1314 3888 1501 3941 τοῦτον
1540 3886 1831 3957 πεποίηται

265 3981 358 4033 τὸν
382 3982 605 4052 ὁρισμὸν
639 3982 667 4033 ὁ
699 3981 1009 4044 διδάσκαλος
1035 3982 1067 4050 ἡ
1077 3980 1210 4050 μῶν,
1232 3979 1343 4032 ἀλλ’
1372 3975 1482 4032 οἷον
1522 3980 1693 4049 ἰδικήν
1714 3996 1832 4033 τινα

266 4072 375 4125 τῶν
401 4074 521 4125 κατ’
549 4071 789 4125 ἐπίνοιαν
809 4070 1191 4141 θεωρουμένων
1218 4070 1583 4139 ὑποδιαίρεσιν
1608 4069 1833 4138 ποιησά-

270 4180 449 4233 μενος,
486 4164 560 4225 ὡς
588 4163 654 4215 ἂν
687 4161 759 4232 μὴ
791 4160 955 4215 πολὺν
987 4162 1143 4231 ὄχλον
1178 4162 1452 4229 ἐπεισάγοι
1481 4160 1559 4231 τῷ
1588 4161 1746 4230 λόγῳ,
1772 4160 1832 4213 τὸ

269 4255 434 4325 μέρος
476 4254 631 4305 τοῦτο
672 4253 1029 4322 διασαφήσας,
1065 4254 1242 4323 ἀφῆκε
1277 4253 1400 4314 τοὺς
1442 4251 1565 4305 νοῦν
1613 4252 1832 4321 ἔχοντας

266 4348 332 4398 ἐκ
363 4344 456 4396 τοῦ
500 4345 696 4415 μέρους
728 4343 787 4395 τὸ
826 4342 943 4396 ὅλον
980 4342 1397 4410 ἐπιλογίζεσθαι.
1429 4342 1537 4395 Καὶ
1574 4342 1647 4404 ὡς
1690 4341 1832 4394 κατά

266 4435 525 4488 πλειόνων
551 4435 642 4486 καὶ
662 4433 1022 4502 διαφερόντων
1045 4432 1122 4501 τῷ
1153 4432 1277 4484 εῖδει
1301 4432 1717 4501 κατηγορεῖσθαί
1748 4449 1831 4495 τις

1997 3051 2169 3115 Dixit,
2202 3054 2296 3117 ait,
2357 3053 2613 3119 Basilius,
2668 3065 2784 3124 post
2812 3056 3037 3124 primam
3071 3075 3186 3127 qum
3212 3060 3276 3113 de
3316 3063 3496 3131 aliqua

1936 3162 1990 3199 re
2021 3145 2167 3199 nobis
2190 3148 2519 3217 ingeneratur
2552 3148 2832 3209 notionem,
2868 3149 3004 3217 quod
3026 3150 3269 3205 subtilior
3318 3164 3365 3207 et
3406 3173 3497 3208 ac-

1935 3239 2171 3291 curatior
2207 3238 2282 3291 rei
2322 3239 2597 3293 intellecta:
2643 3239 2912 3309 indagatio
2963 3242 3172 3297 ἐπίνοια
3222 3246 3325 3299 sive
3356 3264 3498 3301 cont-

1932 3330 2181 3383 mentatio
2209 3329 2403 3383 dicitur
2418 3338 2517 3396 ;et
2559 3332 2659 3385 hac
2717 3334 3129 3401 przestructione
3185 3352 3491 3392 sermonem

1932 3422 2128 3493 arguit,
2153 3430 2209 3475 ut
2238 3432 2391 3492 putat
2424 3423 2743 3486 Eunomius,
2779 3427 2922 3496 quod
2956 3428 3006 3480 in
3034 3429 3231 3496 quibus
3275 3446 3383 3485 non
3416 3440 3500 3486 est

1931 3515 2102 3583 prima
2136 3524 2188 3568 et
2219 3517 2458 3571 secunda
2488 3519 2657 3581 notio,
2690 3534 2868 3587 neque
2894 3520 3146 3573 subtilior
3176 3521 3367 3578 altera.
3404 3540 3499 3576 ne-

1930 3622 2035 3675 que
2066 3610 2393 3673 accuratior,
2420 3625 2525 3663 non
2548 3610 2787 3675 haberet,
2813 3612 3007 3681 inquit,
3032 3614 3207 3668 locum
3232 3615 3373 3684 quod
3407 3632 3500 3686 per

1930 3704 2438 3757 commentationem
2469 3703 2708 3769 dicitur;
2742 3713 2871 3757 tunc
2905 3704 3071 3774 igitur
3095 3714 3149 3759 et
3184 3707 3286 3761 hoc
3312 3707 3501 3764 dolose

1931 3792 2235 3861 abripuisse
2262 3794 2331 3845 ab
2369 3792 2451 3845 bis
2482 3793 2571 3861 qui
2609 3807 2714 3846 non
2741 3793 2925 3847 auditu
2984 3803 3172 3849 carent
3197 3796 3501 3865 deprehen—

1930 3885 2109 3949 ditur;
2136 3899 2243 3937 non
2291 3884 2434 3939 enim
2464 3885 2642 3939 omnis
2670 3887 3142 3941 commentationis
3200 3888 3339 3942 hanc
3374 3889 3500 3943 fecit
3540 3872 3545 3879 ’

1930 3976 2296 4031 definitionem
2333 3976 2525 4030 doctor
2552 3984 2758 4036 noster.
2805 3978 2899 4032 sed
2946 3980 3090 4032 velut
3117 3981 3335 4047 speciali
3365 3997 3499 4049 qua-

1930 4067 2051 4118 dam
2097 4080 2282 4119 eorum
2315 4079 2435 4134 qua:
2467 4078 2563 4133 per
2616 4066 3124 4119 commentationem
3183 4075 3499 4135 spectantur

1932 4157 2305 4211 subdivisione
2351 4154 2515 4218 facta,
2547 4172 2615 4211 ne
2652 4157 2879 4210 multam
2910 4158 3143 4212 orationi
3169 4158 3379 4213 turbam
3410 4159 3497 4213 in-

1930 4248 2171 4313 duceret,
2224 4248 2324 4301 hac
2393 4256 2543 4317 parte
2594 4247 2884 4302 dilucidius
2931 4248 3219 4316 explicata,
3286 4250 3498 4305 dimisit

1931 4348 2110 4392 mente
2134 4337 2389 4407 praeditos
2430 4353 2491 4391 ex
2527 4345 2678 4405 parte
2725 4344 2897 4391 totum
2941 4338 3318 4393 ratiocinando
3344 4342 3499 4393 colli-

1932 4445 2089 4499 gere;
2119 4438 2282 4498 atque
2331 4439 2390 4481 ut
2438 4429 2505 4482 de
2534 4427 2781 4497 pluribus
2815 4437 2868 4481 et
2897 4428 3078 4497 specie
3124 4428 3500 4489 dill‘erentibus

264 4528 329 4579 τὸ
359 4526 495 4591 ζῶον
541 4524 741 4587 εἰπὼν,
773 4526 870 4577 οὑκ
900 4523 964 4576 ἂν
1006 4524 1081 4587 ὼς
1119 4522 1427 4593 διαμαρτὼν
1464 4523 1715 4593 ἀληθείας
1752 4524 1831 4575 δι-

1934 4520 2131 4573 aniunal
2153 4521 2421 4574 enuntiari
2453 4522 2495 4574 si
2521 4521 2644 4589 quis
2676 4520 3004 4583 dixerit,uon
3033 4536 3061 4574 a
3091 4525 3314 4578 veritate
3347 4526 3501 4580 aber-

264 4615 569 4685 ελεγχθείη,
591 4615 734 4678 ἰδίως
748 4615 838 4667 τὸν
860 4614 1137 4682 ἄνθρωπον
1158 4614 1235 4674 εἰς
1254 4613 1569 4683 ὑπογραφὴν
1585 4612 1825 4681 ἀγαγών-

264 4708 374 4761 οὐδ’
403 4709 467 4761 ἄν
516 4724 597 4770 τις
626 4708 787 4760 αὑτὸν
833 4705 906 4768 ὼς
933 4703 1310 4773 ἀποσφαλέντα
1353 4704 1445 4756 τοῦ
1487 4705 1635 4768 ὄντος
1670 4706 1827 4758 εὐθύ-

266 4814 407 4851 νοιεν
437 4798 523 4862 ἂν,
556 4799 603 4850 εἰ
641 4798 713 4869 μὴ
755 4797 896 4851 κατὰ
927 4795 1128 4867 πτηνοῦ
1166 4814 1224 4849 τε
1250 4798 1340 4849 καὶ
1362 4798 1707 4868 τετράποδος,
1740 4798 1832 4850 καί

265 4890 489 4958 ἐνύδρου
518 4889 608 4943 τὸν
642 4889 801 4942 αὑτὸν
829 4889 1102 4960 ἀποδιδοίη
1136 4888 1307 4955 λόγον,
1340 4888 1397 4940 ὃν
1428 4888 1521 4940 ἐπὶ
1566 4888 1658 4941 τοῦ
1693 4890 1832 4941 κατά

263 4984 357 5034 τὸν
390 4982 671 5052 ἄνθρωπον
701 4982 1040 5052 ἀπεφήνατο·
1074 4981 1215 5033 οὑτω
1247 4981 1575 5050 πολυσχιδῶς
1601 4983 1691 5033 καὶ
1718 5000 1834 5034 ποι-

266 5074 432 5136 κί5.ως
470 5072 562 5125 τοῦ
598 5074 715 5125 κατ’
752 5072 992 5125 ἐπίνοιαν
1022 5071 1388 5141 θεωρουμένου
1430 5071 1608 5139 λόγου,
1640 5072 1739 5123 οὑκ
1770 5072 1835 5124 ἂν

266 5167 484 5235 ἔλεγχος
518 5166 602 5241 εἴη
634 5165 693 5216 τὸ
719 5165 931 5234 ἐκείνην
961 5164 1034 5234 μὴ
1068 5159 1205 5215 εἶναι
1235 5164 1435 5233 κυρίως
1466 5164 1727 5229 ἐπίνοιαν,
1759 5163 1835 5234 τῷ

268 5259 364 5311 καὶ
408 5258 591 5327 ἕτερον
627 5252 763 5309 εἶναι
795 5258 985 5308 εἰπεῖν.
1018 5256 1177 5307 Ὥστε
1222 5255 1321 5307 κᾶν
1359 5254 1485 5308 ἀλλο
1511 5273 1562 5308 τι
1596 5257 1835 5317 ἐπινοίας

268 5343 409 5409 εἶδος
448 5346 720 5418 θεωρηθῇ,
768 5345 827 5398 τὸ
871 5344 1231 5415 προαποδοθέν
1270 5346 1365 5415 οὑχ
1400 5346 1731 5415 ἡμάρτηται.
1774 5347 1834 5398 Εἰ

270 5442 370 5513 μὲν
406 5437 498 5494 οὖν
538 5457 643 5507 τις,
668 5441 820 5510 φησὶ,
854 5438 961 5490 τῶν
993 5439 1301 5491 ἀποστόλων
1329 5439 1361 5508 ἢ
1398 5439 1505 5491 τῶν
1544 5439 1837 5509 προφητῶν

266 5531 477 5593 τούτοις
525 5532 867 5602 χρησάμενος
916 5530 1008 5582 ἐπὶ
1040 5528 1130 5582 τοῦ
1160 5530 1392 5601 Χριστοῦ
1430 5533 1539 5594 τοῖς
1583 5531 1837 5601 ὀνόμασιν

267 5626 643 5687 ἀπεδείκνυτο,
674 5621 817 5693 εἶχεν
846 5623 910 5676 ἂν
948 5624 1297 5695 παραμυθίαν
1324 5625 1383 5677 τὸ
1411 5623 1624 5692 ψεῦδος.
1667 5626 1837 5696 Ὂσην

275 5719 540 5788 μαρτυρεῖ
587 5715 664 5785 τῷ
714 5716 1033 5786 λογογράφῳ
1065 5717 1129 5769 τά
1179 5717 1442 5787 εἰρημένα
1486 5717 1583 5786 τὴν
1622 5719 1678 5770 ἐν
1719 5720 1838 5782 ταῖς

273 5806 517 5879 Γραφαῐς
546 5808 636 5860 τοῦ
666 5808 799 5861 Θεοῦ
830 5808 1167 5876 φιλοπονίανί
1202 5808 1386 5872 Οὐδεὶς
1427 5808 1543 5862 εἶπε
1575 5810 1680 5862 τῶν
1712 5826 1839 5881 προ-

1939 4626 2090 4666 rasse
2126 4611 2483 4682 reprehensus
2511 4610 2692 4673 fuerit,
2736 4611 2780 4666 si
2813 4612 3116 4680 specialiter
3143 4614 3412 4670 hominem
3444 4618 3499 4671 in

1938 4705 2243 4773 exemplum
2274 4704 2588 4767 adduxerit;
2618 4719 2792 4773 neque
2823 4705 2947 4775 quis
2985 4705 3182 4775 ipsum,
3216 4715 3272 4759 ut
3317 4725 3343 4759 a
3373 4724 3499 4762 vero

1939 4795 2242 4850 deviantem
2296 4796 2348 4849 in
2387 4796 2529 4848 viam
2560 4803 2765 4848 rectam
2796 4797 3091 4860 reduxerit,
3130 4798 3232 4851 nisi
3260 4802 3325 4851 de
3354 4799 3502 4851 vola—

1938 4888 2017 4940 tili
2048 4895 2101 4941 et
2121 4888 2467 4955 quadrupede
2493 4895 2546 4941 et
2572 4888 2639 4943 de
2671 4890 2893 4959 aquatili
2932 4892 3100 4959 ipsam
3132 4889 3495 4943 deﬁnitionem

1938 4979 2252 5042 reddiderit,
2283 4995 2445 5049 quam
2478 4980 2543 5035 de
2574 4983 2791 5037 homine
2822 4984 3119 5051 protulerat
3152 5001 3163 5035 :
3209 4982 3285 5035 sic
3318 4983 3502 5035 multi-

1938 5072 2149 5141 pliciter
2175 5080 2229 5125 et
2268 5073 2417 5127 varie
2443 5088 2565 5126 cum
2595 5080 2867 5141 spectetur
2906 5072 3135 5137 ἐπίνοια,
3168 5084 3501 5127 commenta-

1940 5166 2037 5227 tio,
2058 5178 2163 5218 non
2195 5175 2573 5235 argumentum
2614 5165 2774 5219 fuerit
2811 5166 2957 5218 illam
2992 5181 3100 5219 non
3134 5180 3256 5219 esse
3284 5166 3501 5234 proprie

1938 5256 2200 5319 ἐπίνοιαν,
2235 5258 2359 5325 quia
2391 5258 2588 5310 dixerit
2614 5257 2776 5310 etiam
2814 5257 2955 5309 aliud
2988 5255 3117 5325 quid
3142 5271 3281 5310 esse.
3322 5255 3501 5322 Quare

1940 5349 2151 5403 etiamsi
2186 5349 2287 5402 alia
2333 5350 2576 5419 quazdam
2634 5348 2843 5417 species
2876 5350 3116 5411 ἐπινοίας
3158 5350 3501 5403 considerata

1943 5442 2123 5506 fuerit,
2159 5457 2280 5511 qua:
2318 5442 2470 5511 prius
2524 5440 2727 5494 reddita
2763 5448 2867 5503 est,
2918 5455 3024 5493 non
3059 5440 3191 5495 falsa
3227 5441 3406 5494 fuerit.
3443 5441 3499 5494 Si

1940 5536 2121 5604 igitur,
2158 5534 2352 5604 inquit,
2390 5534 2756 5604 apostolorum
2789 5533 2869 5587 vel
2894 5533 3273 5602 prophetarum
3303 5534 3500 5602 aliquis

1942 5626 2028 5681 bis
2065 5640 2196 5679 usus
2253 5625 2305 5677 in
2354 5622 2573 5677 Christo
2636 5622 2948 5677 nominibus
3008 5623 3496 5684 demonstraretur,

1942 5718 2282 5771 mendacium
2334 5716 2557 5770 haberet
2608 5715 3055 5769 consolationem.
3116 5715 3386 5779 Quantum
3432 5729 3498 5768 ex

1941 5812 2057 5867 suis
2080 5809 2236 5865 dictis
2269 5812 2501 5880 scriptor
2539 5808 2623 5863 hic
2655 5808 2710 5863 in
2760 5807 2956 5864 divinis
2996 5808 3290 5878 Scripturis
3322 5822 3502 5864 versa-
