4006 6472
586 315 724 371 10ὶῖ

1869 323 1929 377 S.
1959 322 2284 380 Glll‘IGORll
2342 322 2624 381 NYSSENI

3677 333 3812 387 l028

587 446 675 490 tus
706 437 1050 507 intelligitur!
1089 437 1284 494 Nullus
1317 441 1701 512 pr0plietarum
1756 446 1836 499 vel
1867 448 2136 516 apostolo-

2243 448 2425 518 φητῶν
2454 447 2487 519 ἢ
2535 448 2643 502 τῶν
2674 448 3003 513 ἀποστόλων,
3037 449 3221 522 ἄρτον,
3253 451 3284 521 ἢ
3330 450 3497 513 λίθον,
3527 450 3559 520 ἦ
3609 454 3812 523 πηγὴν,

585 542 706 580 rum
730 527 884 592 dixit,
907 543 1120 598 panem,
1146 532 1229 585 vel
1255 532 1504 602 lapidem,
1524 536 1609 589 vel
1635 535 1857 600 fontem,
1883 538 1964 592 vel
1989 553 2136 593 secu-

585 619 708 682 rim,
746 618 827 672 vel
860 619 1054 686 lucem,
1087 622 1168 675 vel
1195 632 1464 691 pastorem
1491 623 1799 680 Dominum.
1823 625 1961 692 Quid
1983 627 2144 697 igitur

584 705 752 761 David
781 715 835 763 et
867 709 934 764 de
961 726 1069 780 quo
1093 709 1244 775 dicit,
1301 713 1557 768 Dominus
1612 718 1784 784 pascit
1831 734 1909 770 me
1937 718 2016 784 ⁶¹;
2067 727 2142 782 et,

585 800 690 864 Qui
739 803 911 869 pascis
941 801 1149 870 Israel,
1176 805 1379 859 intende
1404 806 1485 858 "‘3
1505 813 1557 860 et
1586 806 1716 876 quid
1753 807 1930 864 diﬁ‘ert
1960 820 2142 877 pasto-

586 908 692 944 rem
725 892 925 957 dicere,
959 897 1041 950 vel
1073 898 1160 966 qui
1177 899 1390 966 pascis?
1420 897 1506 963 Et,
1527 898 1677 968 Apud
1708 909 1754 954 te
1783 902 1900 970 fons
1926 905 2044 957 vita!
2075 905 2140 961 “.

584 981 754 1049 Igitur
789 985 1022 1040 admittit
1057 987 1340 1042 Dominum
1371 989 1574 1044 dictum
1635 1008 1756 1047 esse
1796 993 2018 1049 fontem.
2057 995 2141 1060 Et,

584 1072 836 1142 Lapidem
869 1094 1017 1146 quem
1045 1080 1444 1147 reprobaverunt
1469 1081 1790 1150 wdiﬁcantes
1822 1084 1886 1137 “.
1907 1082 2144 1141 Joannes

586 1165 917 1239 [llattlizeus]
950 1178 1124 1223 autem
1161 1169 1368 1224 Domini
1423 1173 1677 1227 virtutem
1737 1164 2145 1232 vitiorumam-

584 1260 925 1327 putatricem,
978 1262 1186 1316 securis
1241 1265 1457 1319 nomine
1503 1265 1836 1335 signiﬁcans,
1893 1269 1980 1324 ubi
2037 1272 2140 1325 ait:

587 1354 719 1405 lc‘cce
751 1353 945 1406 securis
970 1351 1136 1404 radici
1166 1353 1368 1408 arboris
1396 1357 1609 1410 admota
1627 1366 1703 1411 est
1731 1359 1776 1390 ⁸⁵
1803 1375 1817 1424 ;
1871 1376 1978 1416 non
2003 1361 2146 1416 locu-

583 1447 698 1512 ples
725 1451 777 1497 et
805 1445 907 1498 ﬁde
939 1445 1133 1514 dignus
1154 1449 1306 1500 testis
1335 1448 1602 1502 dictorum
1630 1451 1867 1506 videtur?
1884 1453 2059 1509 Moses
2088 1455 2142 1508 in

584 1537 703 1590 luce
741 1535 907 1590 Deum
932 1536 1189 1603 videns“,
1224 1535 1525 1593 etJoannes
1543 1557 1722 1595 veram
1759 1543 1930 1598 lucem
1957 1547 2145 1600 uomic-

583 1643 720 1680 uans
758 1628 834 1694 ";
886 1627 988 1682 hoc
1014 1627 1201 1681 eodem
1247 1631 1406 1682 etiam
1464 1628 1663 1687 Paulus
1717 1634 1769 1687 in
1829 1637 1999 1704 prima
2053 1637 2141 1694 Dei

583 1721 918 1788 apparitione
949 1719 1065 1775 luce
1101 1719 1483 1785 circumfusus,
1509 1731 1562 1777 et
1589 1734 1773 1793 postea
1815 1727 1950 1784 lucis
1983 1745 2142 1788 voces

2245 540 2277 611 ἢ
2300 540 2508 610 ἀξίνην,
2536 538 2569 610 ἢ
2598 540 2734 608 φῶς,
2759 541 2792 610 ἢ
2825 540 3054 610 ποιμένα
3079 541 3170 594 τὸν
3197 541 3416 610 Κύριον.
3448 542 3514 595 Τί
3545 538 3643 595 οὖν
3664 544 3692 594 ὁ
3714 548 3818 595 Δα-

2245 629 2348 695 ϐὶδ,
2377 630 2471 683 καὶ
2494 631 2620 700 περὶ⁵
2640 631 2782 693 τίνος
2809 633 2992 700 φησὶν,
3025 631 3108 684 ὅτι
3137 632 3350 699 Κύριος·
3379 634 3681 701 ποιμαίνει
3718 650 3812 700 με,

2247 722 2339 773 καὶ
2366 762 2380 786 ,
2433 723 2485 772 '0
2527 722 2852 790 ποιμαίνων
2891 722 2997 774 τὸν
3035 723 3300 790 Ἰσραὴλ,
3337 723 3642 792 πρόσχες;
3680 726 3817 794 ’Δρα

2244 813 2294 864 τί
2341 813 2582 883 διαφέρει
2634 812 2884 881 ποιμένα
2928 815 3101 866 εἰπεῖν
3157 814 3190 886 ἢ
3225 817 3663 884 crapula-orta;
3703 819 3815 881 καὶ,

2245 903 2408 970 Παρὰ
2440 904 2538 956 σοὶ
2579 903 2739 971 πηγὴ
2769 901 2934 970 ζωῆς.
2973 904 3114 974 Ἀρα
3140 905 3350 975 δέχεται
3381 906 3442 958 τὸ
3467 907 3654 976 πηγὴν
3675 907 3818 977 εἰρῆο

2246 993 2368 1045 σΟαι
2414 994 2504 1045 τὸν
2532 993 2725 1064 Κύριον
2748 1011 2762 1023 ·
2810 994 2924 1061 καὶ,
2963 996 3142 1049 Λίθον
3171 995 3242 1049 ὃν
3268 997 3728 1066 ἀπεδοκίμασαν
3768 1001 3823 1054 οι

2244 1084 2716 1154 οἰκοδομοῦντες.
2756 1086 2812 1138 '0
2834 1085 2891 1139 δὲ
2925 1086 3175 1157 Ἰωάννης
3199 1086 3518 1160 [Ματθαῖος]
3547 1089 3647 1161 τὴν
3669 1092 3820 1144 ἀναι-

2246 1177 2464 1246 ρετικὴν
2490 1179 2588 1246 τῆς
2622 1176 2818 1240 κακίας
2843 1177 3070 1247 δύναμιν
3099 1178 3190 1232 τοῦ
3227 1180 3436 1248 Κυρίου
3464 1181 3542 1251 τῷ
3571 1186 3671 1251 τῆς
3701 1182 3820 1248 ἀξί-

2245 1285 2339 1337 νης
2361 1267 2725 1338 διασημαίνων
2748 1270 2992 1338 ὀνόματι,
3015 1273 3072 1322 ὲν
3095 1266 3176 1332 οἷς
3195 1288 3376 1340 φησιν,
3404 1273 3554 1340 Ἤδη
3579 1275 3617 1339 ἡ
3638 1274 3820 1344 ἀξίνη

2244 1357 2394 1424 πρὸς
2418 1359 2532 1425 τὴν
2561 1358 2732 1428 ρι’ζαν
2762 1359 2880 1414 τῶν
2912 1360 3173 1430 δένδρων
3211 1363 3415 1426 κεῖται,
3465 1368 3562 1418 οὐκ
3606 1367 3824 1429 ἀξιόπιο

2246 1466 2364 1512 στος
2389 1449 2561 1521 τούτῳ
2589 1452 2799 1522 μάρτυς
2824 1452 2930 1505 τῶν
2956 1453 3255 1522 εἰρημένων
3279 1453 3454 1522 δοκεῖς
3493 1456 3548 1508 Ὀ
3577 1457 3635 1508 δὲ
3660 1459 3826 1510 Mur;-

2247 1540 2342 1610 σῆς
2387 1542 2443 1593 ὲν
2486 1543 2623 1609 φωτὶ
2672 1542 2763 1594 τὸν
2795 1542 2926 1596 Θεὸν
2982 1544 3212 1614 βλέπων,
3260 1547 3354 1598 καὶ
3396 1548 3648 1617 Ἰωάννης
3705 1549 3823 1615 φῶς

2243 1629 2492 1699 ἀληθινὸν
2533 1633 2814 1702 ὀνομάζων
2838 1652 2852 1666 ο
2887 1635 2963 1705 τῷ
2994 1636 3051 1689 δὲ
3085 1637 3230 1707 αὑτῷ
3267 1623 3438 1708 τούτῳ
3487 1643 3578 1692 καὶ
3609 1640 3823 1704 Παῦλος

2245 1722 2302 1775 ὲν
2330 1725 2392 1792 τῇ
2428 1723 2617 1798 πρώτῃ
2657 1723 2944 1796 θεοφανείᾳ
2992 1727 3384 1798 περιλαμφθεὶς
3414 1730 3491 1799 τῷ
3530 1732 3694 1798 φωτὶ,
3727 1734 3824 1783 καὶ

582 1809 808 1864 audiens
846 1825 859 1860 :
891 1808 1000 1880 Ego
1051 1827 1164 1863 sum
1196 1798 1375 1873 Iesus,
1400 1830 1547 1882 quem
1593 1826 1647 1866 tu
1670 1822 1990 1887 persequeris
2041 1821 2084 1853 ⁸⁸
2125 1840 2136 1876 :

2246 1812 2384 1881 μετὰ
2413 1815 2582 1868 ταῦτα
2613 1815 2710 1880 τὰς
2745 1817 2837 1872 τοῦ
2872 1818 3046 1888 φωτὸς
3075 1820 3286 1874 ἁκούων
3324 1823 3524 1890 φωνάς,
3555 1824 3640 1876 ὅτι

586 1919 692 1956 non
722 1902 789 1956 ad
822 1903 1189 1958 testimonimn
1234 1907 1458 1960 idoneus
1481 1908 1604 1961 est?
1644 1908 1716 1964 De
1747 1926 1884 1980 pane
1913 1928 2041 1968 vero
2067 1914 2142 1969 le,

581 2002 671 2064 gat
705 1993 1051 2065 Evangelium
1091 2014 1103 2050 :
1162 1997 1304 2065 quod
1338 2013 1366 2050 a
1410 1997 1554 2052 Mose
1582 2001 1738 2056 cibus
1766 1993 1857 2072 qui
1914 2003 1980 2060 de
2002 2009 2141 2062 caelo

589 2088 853 2143 lsraelitis
877 2085 1416 2158 suppeditabatur.‘in
1449 2090 1655 2145 Domini
1681 2091 1904 2163 ﬁguram
1928 2097 1996 2151 ab
2025 2099 2141 2168 ipso

581 2177 813 2232 Domino
867 2187 1268 2249 transsumptus
1321 2189 1420 2234 est.
1460 2179 1582 2235 Non
1609 2185 1744 2237 enim
1776 2183 1949 2242 Moses
1997 2190 2140 2244 vobis

581 2270 722 2323 dedit
750 2286 972 2338 panem;
1002 2270 1091 2324 sed
1133 2269 1293 2326 Pater
1323 2289 1462 2326 meus
1501 2271 1592 2326 dat
1621 2290 1806 2342 panem
1837 2294 2030 2346 verum,
2058 2296 2143 2336 se-

583 2365 760 2431 ipsum
785 2363 1004 2427 dicens,
1033 2364 1121 2433 qui
1153 2364 1216 2418 de
1244 2365 1370 2418 coelo
1413 2365 1698 2430 descendit,
1735 2377 1785 2420 et
1825 2370 1915 2437 qui
1949 2372 2141 2426 mundo

579 2457 673 2510 dat
704 2457 861 2510 vitam
891 2456 934 2487 "
969 2497 982 2509 .

580 2549 715 2602 dicit
747 2549 827 2602 vel
852 2548 1221 2618 apostolorum
1249 2549 1332 2602 vel
1368 2549 1747 2618 prophetarum
1796 2552 2014 2609 Christo
2039 2555 2140 2609 im-

580 2642 829 2712 posuisse
887 2641 1000 2694 haec
1031 2641 1268 2693 nomina.
1319 2639 1456 2706 Quid
1494 2641 1656 2711 igitur
1700 2645 1843 2712 quod
1883 2644 2140 2716 deinceps

580 2729 942 2802 sequitur?Et
964 2730 1008 2784 si
1033 2731 1145 2799 ipse
1169 2730 1405 2800 seipsum
1436 2729 1694 2788 Dominus
1721 2734 1804 2788 his
1830 2735 2139 2793 nominibus

580 2823 1248 2894 vocavit,quandoquidem
1273 2823 1338 2878 de
1361 2824 1674 2881 nominibus
1697 2827 2001 2883 Servatoris
2032 2845 2138 2885 non

577 2925 662 2970 est
694 2913 842 2968 aliud
899 2915 1114 2983 quidem
1171 2914 1424 2984 primum,
1459 2915 1603 2970 aliud
1647 2930 1772 2972 vero
1799 2920 2134 2987 secundum;

579 3021 754 3076 neque
785 3003 1041 3059 subtilius
1071 3004 1218 3057 aliud
1246 3005 1373 3066 alio.
1425 3021 1597 3076 neque
1641 3009 1982 3078 exquisitius,
2043 3013 2136 3068 sed

579 3095 740 3150 simul
766 3095 946 3148 omnia
1011 3101 1064 3148 et
1095 3109 1218 3147 cum
1264 3095 1456 3164 aequali
1490 3097 1790 3151 subtilitate
1817 3103 2134 3170 cognoscit:

579 3186 769 3242 horum
797 3185 1072 3239 nominum
1104 3185 1234 3238 nulli
1258 3189 1654 3242 accommodari
1696 3199 1890 3258 potest,
1924 3209 2044 3262 qua:
2071 3194 2138 3250 de

579 3277 1033 3333 commentatione
1060 3277 1268 3332 reddita
1289 3288 1372 3333 est
1400 3280 1466 3333 ab
1502 3281 1618 3350 ipso
1638 3282 1897 3340 deﬁnitio.

651 3565 846 3621 Multas
876 3582 942 3620 ex
975 3567 1094 3636 ejus
1136 3581 1382 3623 sermone
1413 3583 1587 3638 nugas
1621 3569 1878 3638 exhausi;
1927 3573 2020 3628 sed
2064 3575 2135 3630 le-

581 3665 762 3712 olores
792 3673 982 3727 precor
1014 3661 1222 3714 veniam
1254 3659 1403 3723 dare,
1439 3661 1483 3714 si
1519 3676 1692 3729 neque
1718 3678 1780 3716 ea
1808 3681 1928 3733 qua:
1951 3679 2135 3735 aperte

580 3765 720 3803 vana
771 3758 901 3805 sunt
941 3751 1272 3820 inexplorata
1323 3754 1680 3822 printerimus,
1722 3771 1830 3810 non
1880 3767 1938 3812 ut
1975 3759 2136 3815 dede-

578 3855 705 3893 core
737 3839 898 3908 hujus
939 3841 1222 3909 scriptoris
1254 3850 1309 3895 et
1338 3843 1675 3914 impudentia
1709 3845 1942 3902 nitentes
1983 3850 2134 3903 eahi-

578 3930 910 3985 lareseaiuus
966 3931 1126 4002 (quid
1179 3932 1321 3985 enim
1362 3933 1499 3987 lucri
1551 3934 1708 3990 nobis
1749 3935 1902 3991 all‘ert
1957 3940 2131 4008 palam

576 4019 901 4089 reprehensa
955 4021 1396 4076 adverSariorum
1453 4025 1747 4096 amentia?)
1796 4028 1888 4081 sed
1945 4036 2002 4080 ut
2047 4032 2129 4082 via
2187 4035 2202 4044 ’

576 4111 834 4182 procedat
885 4129 975 4184 per
1019 4114 1200 4166 omnia
1242 4113 1478 4182 seipsam
1529 4116 1860 4172 conﬁrmans
1909 4121 2127 4175 veritas.

575 4206 857 4272 Quoniam,
912 4207 1108 4273 inquit,
1165 4204 1264 4257 sibi
1308 4204 1405 4272 ipsi
1459 4205 1554 4259 has
1598 4207 1856 4261 Dominus
1897 4213 2134 4280 appella-

575 4301 739 4353 tiones
771 4296 1029 4360 attribuit,
1069 4314 1228 4365 neque
1267 4297 1390 4367 quid
1432 4301 1663 4367 primum
1691 4300 2006 4370 intelligens,
2044 4321 2132 4357 ne-

1039 2453 1144 2508 Sed
1178 2458 1444 2526 ingenuus
1503 2456 1634 2527 legis
1666 2457 1900 2523 auditor,
1934 2465 2174 2518 nullum‘

2256 1901 2505 1969 Ἰησοῦς,
2545 1904 2617 1957 ὃν
2643 1905 2724 1958 σὺ
2756 1905 2988 1973 διώκεις
3007 1925 3019 1939 ·
3044 1911 3140 1979 οὐχ
3173 1911 3352 1975 ἱκανὸς
3381 1913 3488 1983 ἄρα
3517 1916 3656 1983 πρὸς
3684 1932 3823 1984 μαρ-

2241 1993 2431 2064 τυρίαν
2472 1997 2622 2061 sati;
2659 1998 2790 2069 Περὶ⁸
2817 1998 2872 2055 δὲ
2900 1999 2992 2052 τοῦ
3025 2001 3187 2072 ἄρτου
3227 2003 3521 2070 ἀναγνώτω
3553 2006 3616 2056 τὸ
3639 2006 3816 2073 Εὐαγ-

2240 2083 2416 2152 γέλιον
2435 2103 2448 2116 ο
2477 2087 2558 2140 ὅτι
2587 2090 2618 2159 ἡ
2657 2091 2806 2161 παρὰ
2827 2089 2920 2144 τοῦ
2945 2093 3219 2156 Μωῡσέως
3243 2095 3438 2166 τροφὴ,
3461 2099 3492 2166 ή
3521 2098 3819 2168 οὐρανόθεν

2241 2175 2318 2246 τῷ
2363 2177 2575 2251 Ἰσραὴλ
2615 2183 3007 2253 χορηγουμένη,
3040 2187 3120 2248 εἰς
3150 2186 3239 2240 τὸν
3280 2187 3371 2241 τοῦ
3402 2190 3612 2260 Κυρίου
3644 2191 3819 2245 τύπον

2241 2266 2332 2319 ὑπ’
2357 2268 2520 2320 αὑτοῦ
2544 2270 2634 2322 τοῦ
2659 2273 2860 2340 Κυρίου
2891 2274 3276 2344 μετείληπται·
3311 2279 3391 2331 Οὺ
3411 2280 3522 2347 γὰρ
3551 2280 3819 2348 Μωῡσῆς

2241 2359 2498 2415 δέδωκεν
2527 2363 2672 2432 ἡμῖν
2721 2366 2826 2419 τὸν
2855 2365 3062 2434 ἄρτον-ο
3099 2369 3235 2426 ἀλλ’
3265 2373 3298 2424 ὀ
3344 2371 3544 2439 Πατήρ
3576 2391 3703 2442 μου
3729 2375 3817 2428 δί-

2242 2450 2391 2506 δωσι
2435 2454 2541 2508 τὸν
2570 2455 2748 2523 ἄρτον
2774 2457 2880 2509 τὸν
2925 2458 3428 2526 ἃληθινὸν,ὲαυτὸν
3453 2461 3656 2530 λέγων,
3713 2465 3819 2517 τὸν

2239 2543 2308 2596 ἐκ
2337 2544 2442 2598 τοῦ
2486 2548 2741 2613 οὐρανοῦ
2773 2549 3126 2614 καταϐάντα,
3169 2553 3264 2605 καὶ
3292 2553 3441 2622 ζωὴν
3460 2554 3713 2608 διδόντα
3741 2557 3818 2622 τῷ

2239 2638 2460 2705 κόσμῳ.
2514 2638 2653 2691 Ἀλλ’
2689 2641 2716 2691 ὁ
2741 2642 2956 2709 γνήσιος
2982 2643 3252 2713 ἀκροατὴς
3281 2645 3376 2698 τοῦ
3398 2647 3562 2716 νόμου
3609 2649 3816 2718 μηδένα

2241 2728 2374 2797 φησὶ
2411 2728 2519 2783 τῶν
2554 2731 2842 2801 προφητῶν
2873 2732 2905 2802 ἢ
2940 2733 3047 2786 τῶν
3086 2736 3392 2793 ἀποστόλων
3427 2738 3600 2790 ταῦτα
3635 2743 3816 2794 ἐπιτε-

2241 2817 2477 2873 Οεικέναι
2502 2819 2580 2889 τῷ
2608 2819 2827 2892 Χριστῷ
2853 2824 2922 2876 τὰ
2967 2823 3221 2895 ὀνόματα.
3257 2827 3320 2883 Ti
3348 2824 3442 2881 οὖν
3480 2831 3541 2883 τὸ
3576 2831 3812 2902 ἐφεξῆςῖ

2240 2911 2302 2964 Εἰ
2332 2911 2493 2974 αὐτὸς
2530 2913 2720 2966 ἑαυτὸν
2758 2913 2964 2979 τούτοις
2993 2917 3243 2988 ὠνόμασε
3268 2919 3469 2990 Κύριος
3491 2939 3504 2954 ·
3530 2925 3722 2996 ἐπειδή
3753 2943 3814 2996 γε

2239 3001 2346 3054 τῶν
2371 3001 2463 3055 τοῦ
2487 3003 2733 3076 Σωτῆρος
2761 3004 3059 3077 ὀνομάτων,
3093 3010 3190 3062 οὐκ
3218 3010 3330 3064 ἔστι
3358 3013 3419 3064 τὸ
3445 3015 3544 3084 μὲν
3572 3013 3812 3086 πρῶτον,

2240 3090 2299 3143 τὸ
2329 3090 2385 3142 δὲ
2426 3091 2694 3166 δεύτερον,
2725 3093 2846 3146 οὔτε
2885 3094 3202 3169 λεπτότερον
3256 3100 3439 3171 ἕτερον
3479 3103 3574 3157 τοῦ
3619 3107 3811 3176 ἑτέρου

2240 3186 2331 3237 καὶ
2359 3185 2741 3257 ἀκριϐέστερον
2758 3203 2771 3215 ·
2803 3187 2936 3257 ὁμοῦ
2959 3190 3027 3242 τὰ
3051 3191 3246 3254 πάντα,
3278 3195 3370 3246 καὶ
3400 3196 3536 3264 μετὰ
3563 3197 3662 3267 τῆς
3690 3199 3812 3271 ἴσης

2238 3276 2523 3349 ἁκριὸείας
2553 3277 2928 3348 γινώσκοντος,
2971 3282 3090 3336 οὐδὲ
3134 3284 3334 3338 τούτων
3363 3287 3537 3341 οὐδενὶ
3584 3289 3810 3344 δυνατὸν

2240 3369 2573 3439 συναρμόσαι
2617 3371 2706 3425 τὸν
2757 3374 2882 3444 περὶ
2926 3374 3024 3446 τῆς
3075 3376 3312 3441 ἐπινοίας
3368 3380 3515 3450 αὐτῷ
3568 3382 3811 3452 ρηθέντα

2237 3459 2410 3528 λόγον.

2307 3574 2479 3629 Πολὺν
2534 3576 2843 3649 ὲπήντλησα
2895 3578 2971 3649 τῷ
3019 3579 3162 3652 λόγῳ
3213 3582 3302 3637 τὸν
3350 3585 3557 3638 ἐκεῖθεν
3613 3587 3806 3657 λῆρον·

2236 3667 2369 3722 ἀλλὰ
2421 3669 2785 3740 παραιτοῦμαι
2837 3673 2963 3736 τοὺς
3013 3674 3430 3744 ἐντυγχάνοντας
3475 3681 3809 3750 συγγνώμην

2234 3759 2395 3830 ἔχειν,
2430 3764 2477 3814 εἰ
2513 3762 2644 3832 μηδὲ
2685 3763 2752 3816 τά
2787 3765 3024 3835 πρόδηλα
3057 3765 3162 3821 τῶν
3193 3771 3431 3840 ματαίων
3461 3775 3807 3845 περιορῶμεν

2233 3852 2592 3924 ἀκατανόητα,
2625 3854 2722 3924 οὐχ
2750 3855 2824 3918 ὡς
2852 3858 3334 3930 ὲμφαιδρυνόμενοι
3358 3865 3420 3935 τῇ
3451 3865 3807 3939 ἀσχημοσύνῃ

2231 3944 2324 3995 τοῦ
2360 3943 2693 4014 λογογράφου
2726 3947 2798 4014 (τί
2838 3948 2944 4019 γάρ
2979 3949 3132 4021 φέρει
3177 3953 3363 4022 κέρδος
3406 3959 3537 4026 ἡμῖν
3589 3962 3808 4031 ἐλεγχο-

2237 4034 2369 4104 μένη
2394 4035 2499 4087 τῶν
2524 4037 2777 4090 ἐναντίων
2805 4039 2837 4108 ἡ
2871 4039 3024 4094 ἄνοια
3043 4041 3108 4112 ;),
3146 4044 3260 4096 ἀλλ’
3285 4046 3358 4110 ὡς
3388 4047 3453 4100 ἂν
3489 4050 3595 4120 ὁδῷ
3627 4057 3805 4123 προῖοι

2236 4127 2536 4180 συνιστῶσα
2563 4127 2629 4180 δι’
2665 4129 2915 4184 ἁπάντων
2949 4133 3144 4204 ἑαυτὴν
3186 4138 3219 4206 ὴ
3256 4138 3496 4208 ἀλήθεια.
3547 4143 3804 4210 Ἐπειδὴ,

2233 4217 2416 4284 φησὶν,
2443 4217 2632 4284 ἑαυτῷ
2668 4222 2886 4288 ταύτας
2910 4226 3242 4294 προσέθηκε
3268 4229 3371 4296 τὰς
3404 4239 3808 4304 προσηγορίας

2232 4311 2265 4362 ό
2293 4310 2524 4377 Κύριος,
2559 4311 2696 4366 οὔτε
2723 4330 2776 4366 τι
2807 4314 3039 4382 πρῶτον
3064 4319 3307 4384 ἐννοῶν,
3333 4325 3470 4377 οὔτε
3501 4326 3804 4396 δεύτερον,

571 4406 669 4457 que
699 4389 1004 4451 secundum,
1037 4405 1197 4458 neque
1223 4389 1488 4453 subtilius,
1525 4407 1685 4460 neque
1711 4396 1983 4458 exactius;
2027 4411 2131 4450 non

2239 4400 2368 4454 οὔτε
2404 4406 2764 4472 λεπτότερον
2816 4408 2854 4475 ἢ
2903 4409 3336 4481 ἀκριϐέστερον,
3366 4419 3475 4470 οὐκ
3530 4389 3709 4473 ἐστιν⁸
3740 4389 3806 4486 ἐξ

514 4469 523 4479 ’
573 4479 697 4531 licet
740 4479 848 4531 haec
902 4479 1115 4531 nomina
1155 4495 1268 4532 esse
1321 4497 1352 4532 a
1397 4484 1830 4536 commentatione
1877 4501 2125 4541 asserere.

2239 4491 2496 4558 ἐπινοίας
2555 4469 2704 4548 εἶναι
2760 4469 2944 4554 ruina
2978 4469 3181 4556 ἐἰπεῖν
3206 4469 3302 4560 ’τὰ
3352 4509 3629 4578 ὀνόματα.
3684 4469 3805 4576 Πῶέ

575 4571 854 4635 Quomodo
906 4571 1151 4624 meminit
1199 4573 1282 4625 sui
1339 4573 1522 4642 scopi?
1572 4576 1844 4643 quomodo
1890 4579 2128 4636 rationes

574 4661 774 4729 quibus
808 4660 1001 4714 bellum
1035 4660 1288 4725 instituit,
1319 4661 1724 4717 novit?Horum
1753 4665 1985 4735 alicujus
2009 4685 2128 4738 qua:

575 4752 631 4805 in
688 4751 1137 4806 consuetudinem
1199 4754 1434 4820 cadunt,
1507 4754 1574 4808 ad
1627 4756 2125 4826 interpretationem

571 4841 668 4912 τῆς
690 4841 926 4904 ἐπινοίας
957 4841 1209 4911 magister
1239 4851 1424 4896 noster
1455 4847 1778 4899 locutionem
1815 4846 2038 4913 fecerat,
2072 4859 2127 4904 et

574 4933 626 4985 in
662 4934 921 5002 exemplis
965 4933 1354 5002 posterioribus
1406 4943 1638 4989 mentem
1684 4940 2000 5007 explicans,
2046 4943 2124 4995 sic

572 5026 841 5078 sermonis
871 5025 1382 5092 contemplationem
1427 5026 1490 5079 ad
1537 5030 1816 5096 superiora
1859 5033 2123 5100 provehit.

574 5113 717 5167 Dixit
751 5115 893 5168 enim
923 5115 1065 5183 quod
1104 5115 1204 5169 hoc
1239 5131 1434 5170 nomen
1472 5119 1611 5181 σῖτος
1645 5135 1739 5188 per
1766 5137 1825 5176 se
1853 5139 1957 5176 una
1988 5141 2127 5193 quaa-

568 5207 691 5258 dam
728 5222 814 5262 res
848 5207 1144 5261 secundum
1178 5209 1589 5262 sultsistentiam
1624 5221 1870 5280 apparet,
1919 5216 2013 5267 sed
2057 5218 2122 5272 ad

567 5298 745 5351 varias
797 5297 1176 5367 preprietates.
1229 5315 1347 5367 quae
1405 5301 1456 5352 in
1511 5301 1628 5370 ipso
1681 5304 2122 5372 considerantur,

568 5389 816 5440 immutat
836 5391 1249 5457 appellationes,
1273 5391 1401 5444 dum
1427 5391 1484 5444 ﬁt
1506 5402 1558 5444 et
1584 5407 1791 5458 semen,
1816 5405 1869 5449 et
1894 5397 2122 5465 fructus,

562 5488 613 5530 ct
650 5481 824 5541 cibus,
871 5490 926 5534 et
969 5496 1305 5550 quaecunque
1359 5482 1438 5546 ﬁt,
1494 5483 1715 5540 totidem
1760 5489 2120 5548 nominatur:

2239 4583 2506 4652 μέμνηται
2536 4587 2628 4638 τοῦ
2676 4589 2804 4642 ἰδίου
2849 4595 3084 4658 σκοποῦ;
3123 4597 3246 4659 Πῶς
3293 4595 3400 4652 οἶδε
3446 4603 3572 4666 τοὺς
3597 4604 3804 4673 λόγους

2237 4676 2354 4728 καθ’
2403 4672 2478 4730 ὧν
2519 4677 2608 4730 τὸν
2654 4680 2885 4750 πόλεμον
2944 4686 3300 4757 ἐνεστήσατο;
3341 4691 3612 4766 Ἐμνήσθη
3665 4672 3804 4761 τινὸς

2235 4765 2342 4818 τῶν
2388 4767 2744 4837 ἐντρεχόντων
2788 4773 2852 4840 τῇ
2903 4774 3157 4845 συνηθείᾳ
3202 4778 3336 4849 πρὸς
3373 4780 3472 4852 τὴν
3512 4765 3802 4856 ἑρμηνείαν

2234 4857 2331 4927 τῆς
2357 4858 2592 4923 ἐπινοίας
2630 4861 2659 4912 ὁ
2691 4860 3007 4933 καθηγητὴς
3048 4866 3076 4917 ό
3121 4868 3403 4940 ἡμέτερος,
3454 4874 3549 4928 καὶ
3597 4877 3654 4928 ὲν
3698 4881 3800 4940 τοῖς

2237 4951 2560 5018 κατωτέροις
2595 4951 2703 5004 τῶν
2742 4954 3146 5026 ὑποδειγμάτων
3173 4961 3262 5014 τὸν
3292 4963 3414 5016 νοῦν
3442 4965 3798 5040 διασαφήσας,

2233 5039 2403 5101 οὕτως
2436 5039 2754 5110 προόιὸάζει
2793 5045 2905 5105 τοῖς
2949 5044 3062 5098 ἄνω
3087 5045 3181 5116 τὴν
3211 5048 3439 5120 θεωρίαν
3481 5052 3578 5104 τοῦ
3623 5039 3797 5122 λόγου.

2235 5127 2368 5184 Eine
2396 5130 2503 5202 γὰρ
2531 5132 2613 5185 ὅτι
2640 5131 2761 5185 καθ’
2786 5133 2972 5187 ἑαυτὸν
2998 5137 3026 5188 ό
3057 5139 3200 5200 σῖτος
3232 5139 3288 5190 ἓν
3322 5157 3373 5192 τι
3402 5145 3632 5213 πρᾶγμα
3671 5149 3801 5200 κατᾶ

2234 5221 2331 5292 τὴν
2356 5223 2649 5275 ὑπόστασιν
2677 5223 2954 5290 φαίνεται’
2985 5227 3120 5296 πρὸς
3157 5229 3212 5280 δὲ
3257 5231 3355 5293 τὰς
3401 5232 3798 5307 ὲπιθεωρουμέο
3839 5223 3852 5232 ’

2233 5331 2329 5377 νας
2356 5313 2501 5384 αὐτῷ
2526 5315 2771 5378 ποικίλας
2796 5316 3075 5386 ἰδιότητας,
3099 5317 3410 5384 ἐξαλλάσσει
3437 5326 3536 5389 τὰς
3565 5329 3796 5400 κλήσεκ,

2235 5408 2327 5459 καὶ
2366 5406 2562 5475 σπόρος
2595 5407 2891 5476 γινόμενος,
2931 5409 3022 5461 καὶ
3073 5412 3300 5481 καρπὸς,
3342 5416 3432 5467 καὶ¹
3479 5420 3678 5488 τροφὴ,
3716 5422 3798 5473 καὶ

2229 5499 2329 5552 ὅσα
2374 5499 2601 5566 γίνεται,
2654 5497 2886 5552 τοσαῦτα
2935 5500 3347 5573 ὀνομαζόμενος.
3404 5507 3796 5580 Παραπλησίως

637 5654 1111 5759 “‘Ei‘f'sal.“xztt‘t:"ll.
1148 5660 1610 5759 rfiﬁsﬂaux‘th,
1636 5667 1813 5759 2.1””
1853 5665 2000 5759 l’sa‘l.
2039 5677 2316 5759 κεξκνηίῦ.
2469 5678 2796 5759 Psal‘cxvtt,
2820 5683 3156 5759 2'2_;_Matth.
3193 5706 3305 5759 ut,
3339 5691 3426 5747 42.
3506 5695 3551 5727 ⁸⁵
3584 5694 3769 5751 Matth.

570 5737 654 5783 tn,
695 5727 775 5780 it).
854 5727 900 5758 ⁸⁸
931 5729 1099 5784 ond.
1145 5745 1332 5796 xxxnt,
1364 5735 1449 5792 25.
1530 5738 1571 5767 ⁶⁴¹

1646 5736 1801 5792 Joan.
1858 5754 1893 5802 I,
1927 5739 1978 5795 9.
2057 5744 2101 5776 ⁶⁸
2129 5749 2251 5801 Act.
2288 5764 2362 5813 ix,
2395 5749 2447 5802 5.
2526 5750 2569 5782 δ’
2601 5736 2858 5821 Joan.‘vt,
2891 5736 2958 5809 fit).
2990 5736 3111 5826 sqq;
