4006 6496
272 359 415 414 1029

1350 354 1625 412 CONTRA
1658 350 2039 415 EUNOMIUM,
2071 350 2195 405 LIB.
2228 350 2334 405 X‘ll.

3353 358 3373 411 1
3385 356 3489 413 030

266 478 345 538 δὲ,
366 478 518 547 φησὶ,
557 476 648 530 καὶ
673 478 699 530 6
726 478 947 548 Κύριος·
974 477 1085 531 ἔστι
1120 477 1215 547 μὲν
1243 476 1361 529 καθ’
1382 475 1567 529 ἐαυτὸν
1592 472 1689 527 δ’τί
1714 487 1839 523 ποτε

1940 470 2209 534 similiter,
2266 470 2459 540 inquit,
2500 470 2662 523 etiam
2715 470 3013 538 Dominus;
3070 481 3154 528 est
3204 476 3346 530 enim
3404 494 3491 533 se-

268 570 412 621 κατά
434 572 531 638 τὴν
554 569 711 637 φύσιν
737 570 877 622 ἐστί·
904 571 1021 632 ταῖς
1041 568 1095 621 δὲ
1120 568 1224 621 τῶν
1249 567 1534 638 ἐνεργειῶν
1560 565 1839 633 διαφοραῖς

269 660 781 729 συνονομαζόμενος,
812 661 871 711 οὐ
915 660 1040 729 μίαν
1087 660 1178 712 ἐπὶ
1228 659 1439 711 πάντων
1491 659 1628 726 ἴσχει
1676 671 1839 726 προσ-

266 751 498 819 ηγορίαν
520 768 530 779 ·
564 751 697 803 ἀλλά
725 750 843 804 καθ’
868 750 1100 822 ἑκάστην
1126 750 1329 803 ἔννοιαν
1354 751 1449 820 τὴν
1479 748 1539 812 ἐξ
1562 747 1837 818 ἐνεργείας

268 842 625 913 ἐγγινομένην
676 844 807 913 ἡμῖν
855 843 1252 913 μεταλαμϐάνει
1297 841 1355 893 τὸ
1407 841 1592 910 ὄνομα.
1638 839 1701 891 Τί
1747 834 1837 892 οὖν

269 934 299 985 6
330 934 482 1000 λόγος
512 933 665 1003 ἡμῶν
708 934 793 987 διὰ
840 935 945 987 τῶν
993 936 1292 1006 εἰρημένων
1322 934 1627 1002 ἐλέγχεταις
1676 934 1732 985 '0
1765 934 1837 983 εἰ-

270 1023 387 1075 πὼν
414 1024 634 1076 δυνατὸν
663 1020 798 1077 εἶναι
822 1026 1017 1089 πολλὰς
1045 1027 1442 1096 ἐφαρμόξεσθαι
1477 1024 1838 1097 προσηγορίας

269 1116 409 1167 κατὰ
444 1117 539 1178 τὰς
565 1116 671 1168 τῶν
701 1118 983 1185 ἐνεργειῶν
1026 1118 1305 1188 διαφορὰς,
1340 1119 1430 1171 καί⁸
1474 1118 1570 1188 τὴν
1604 1118 1736 1187 πρὸς
1772 1116 1837 1169 τὰ

269 1206 631 1277 ἐνεργούμενα
677 1208 875 1278 σχέσιν,
922 1211 1001 1261 ἐνὶ
1055 1210 1191 1262 κατά
1234 1210 1293 1261 τὸ
1340 1210 1690 1278 ὑποκείμενον
1727 1209 1837 1261 ὄντι

268 1296 346 1367 τῷ
377 1297 489 1367 Υίῷ
514 1297 605 1349 τοῦ
638 1298 770 1350 Θεοῦ
791 1314 805 1327 ·
833 1298 904 1360 ὡς
932 1300 1022 1352 καὶ
1054 1302 1081 1352 ὁ
1109 1304 1247 1362 σῖτος
1288 1296 1364 1361 εἷς
1389 1299 1463 1352 ῶν
1498 1302 1559 1351 ἐκ
1593 1298 1697 1351 τῶν
1730 1316 1839 1350 ποι-

271 1388 435 1439 κίλων
484 1388 609 1455 περὶ
654 1388 817 1440 αὑτοῦ
860 1391 1162 1459 νοημάτων,
1200 1392 1472 1461 διαφόροις
1509 1391 1836 1459 ἐπωνυμίαις

273 1479 665 1549 ἐγπιμερίζεται.
712 1480 833 1543 Πῶς
883 1477 975 1533 οὖν
1026 1483 1311 1551 ἀνατρέπει
1366 1483 1433 1535 τὰ
1487 1483 1768 1552 εἰρημένα,
1812 1484 1839 1535 6

271 1568 442 1636 λέγων
478 1572 603 1639 περὶ
654 1571 842 1624 ἑαυτοῦ
888 1572 1058 1625 ταῦτα
1102 1573 1190 1625 τὸν
1222 1572 1452 1642 Χριστὸν
1498 1574 1840 1643 τάεὸνόματα

270 1662 475 1729 λέγειν;
502 1663 574 1713 Οὐ
606 1663 712 1731 γὰρ
748 1664 893 1725 ὅστις
928 1666 957 1716 6
990 1666 1376 1734 κατονομάσας,
1423 1665 1484 1717 τὸ
1516 1664 1839 1734 ζητούμενον

270 1746 359 1819 ἦν,
386 1752 518 1803 ἀλλά
556 1753 681 1822 περὶ
727 1754 823 1816 τῆς
869 1752 973 1805 τῶν
1014 1756 1288 1824 ὀνομάτων
1324 1756 1523 1818 ἐννοίας
1562 1758 1595 1823 ἠ
1643 1755 1838 1824 Θεωρία

273 1844 555 1913 προέκειτο
574 1864 585 1875 ·
615 1846 838 1912 πότερον
872 1848 1029 1915 φύσιν
1062 1848 1405 1907 ἐνδείκνυται,
1431 1850 1463 1919 ἢ
1490 1849 1838 1919 ἐπινοητικῶς

272 1936 337 1987 ἐκ
369 1936 476 1988 τῶν
526 1938 811 2006 ἐνεργειῶν
849 1939 1186 2008 ὀνομάζεται.
1231 1940 1367 1992 Ἀλλ’
1401 1944 1428 1994 6
1457 1941 1650 2013 δριμὺς
1692 1937 1840 2005 οὗτος

272 2028 369 2079 καὶ
410 2027 726 2098 ἀμφιλαφὴς
775 2030 871 2098 τὴν
925 2030 1178 2093 διάνοιαν,
1212 2032 1527 2102 ἀνατρέπων
1571 2032 1661 2084 τὸν
1708 2035 1840 2085 ἀπο-

271 2118 494 2170 δοθέντα
524 2121 646 2187 περὶ
677 2119 775 2188 τῆς
805 2122 1042 2183 ἐπινοίας
1079 2122 1254 2189 λόγον,
1286 2122 1376 2174 τὸν
1422 2123 1657 2185 εἰπόντα,
1689 2124 1843 2177 δυνα-

269 2210 362 2262 τὸν
394 2206 526 2262 εἶναι
558 2212 635 2263 ἐνὶ
667 2212 742 2282 τῷ
770 2214 1107 2284 ὑποκειμένῳ
1155 2214 1350 2277 πολλὰς
1397 2216 1631 2287 ἐξευρεῖν
1678 2234 1844 2287 προσ-

268 2303 517 2373 ηγορίας,
569 2305 706 2357 κατά
749 2305 845 2368 τὰς
893 2306 998 2358 τῶν
1035 2304 1319 2377 ἐνεργειῶν
1372 2309 1661 2379 σημασίας,
1700 2311 1843 2379 ἰσχυ-

276 2392 387 2462 ρῶς
427 2394 683 2463 κέχρηται
727 2395 847 2447 καθ’
875 2395 1029 2465 ἡμῶν
1078 2400 1142 2466 τῇ
1194 2397 1363 2471 μάχῃ,
1410 2397 1579 2466 λέγων
1610 2400 1683 2470 μὴ
1715 2400 1841 2471 παρ’

274 2485 464 2554 ἐτέρου
499 2486 637 2549 τινὸς
672 2486 940 2539 τεθεῖσθαι
968 2487 1045 2557 τῷ
1079 2489 1266 2559 Κυρίῳ
1304 2488 1401 2551 τὰς
1446 2490 1694 2553 τοιαύτας
1729 2508 1842 2558 φω-

273 2577 390 2638 νάς.
426 2577 489 2628 Τί
528 2573 618 2629 οὖν
648 2578 818 2631 ταῦτα
853 2580 987 2650 πρὸς
1028 2580 1125 2649 τὴν
1172 2581 1533 2651 προκειμένην
1580 2584 1839 2654 σπουδήνς

273 2668 366 2738 Μὴ
411 2669 593 2740 ἐπειδὴ
646 2670 791 2741 παρὰ
840 2671 933 2723 τοῦ
980 2673 1181 2743 Κυρίου
1222 2673 1290 2725 τά
1330 2674 1563 2743 ὀνόματα
1608 2674 1840 2742 λέγεται,

274 2761 395 2813 οὐδὲ
429 2762 664 2831 ὀνόματα
695 2762 851 2815 δώσει
878 2763 1049 2817 ταῦτα
1096 2763 1255 2827 εἶναι,
1292 2765 1412 2818 οὔτε
1454 2768 1841 2837 προσηγορίας,

274 2852 397 2905 οὐδὲ
426 2856 604 2922 φωνὰς
649 2858 929 2926 νοημάτων
981 2858 1348 2927 σημαντικάς;
1383 2860 1442 2911 Ei
1491 2860 1586 2928 μὲν
1631 2859 1737 2931 γὰρ
1782 2860 1841 2911 ού

274 2944 485 3015 δέχεται
515 2946 573 2998 τὸ
598 2942 735 2999 εἶναι
763 2947 931 3000 ταῦτα
951 2948 1207 3017 ὀνόματα,
1236 2952 1301 3019 τῇ
1340 2949 1445 3002 τῶν
1471 2949 1843 3021 προσηγοριῶν

278 3036 554 3107 ἀναιρέσει
577 3037 721 3108 καὶὴ
750 3040 957 3092 ἐπίνοια
990 3039 1369 3110 συνανῄρηται.
1401 3040 1463 3094 Et
1491 3041 1546 3094 δὲ
1569 3042 1667 3094 οὐκ
1698 3043 1843 3095 ἀντι-

1939 563 2175 616 cundum
2225 564 2461 633 seipsum
2511 562 2871 633 quodcunque
2903 566 3117 619 tandem
3161 578 3244 621 est
3299 585 3495 624 socuu-

1938 656 2066 709 dum
2114 666 2395 719 naturam;
2430 658 2803 726 operationum
2838 674 2968 712 vero
3018 659 3339 716 dilTercntiis
3368 680 3490 717 cum

1940 750 2271 812 nominatur,
2309 764 2419 801 non
2452 763 2613 801 unam
2660 748 2714 803 in
2742 749 2993 804 omnibus
3021 752 3219 806 retinet
3254 755 3493 822 appella-

1941 840 2160 896 tionem.
2214 839 2303 893 sed
2338 839 2639 895 secundum
2686 856 2954 909 quamque
2992 843 3235 896 notitiam
3267 861 3385 913 qua:
3429 860 3493 897 ex

1938 930 2257 1000 Operationc
2296 930 2454 984 nobis
2486 930 2853 999 ingeneratur,
2908 947 3099 986 nomen
3138 934 3385 987 assumit.
3436 931 3493 987 l'u

1938 1038 2046 1089 quo
2079 1021 2245 1092 igitur
2295 1022 2432 1074 ratio
2467 1030 2652 1076 nostra
2684 1039 2779 1092 per
2831 1038 2893 1077 ca
2950 1040 3068 1093 qua:
3096 1026 3163 1077 ab
3204 1027 3322 1095 ipso
3349 1027 3493 1079 dicta

1939 1117 2086 1171 sunt,
2136 1109 2519 1178 redarguitur?
2545 1111 2649 1175 .Qui
2687 1110 2824 1164 dixit
2870 1112 2981 1166 ﬁeri
3028 1128 3187 1181 posse
3220 1123 3276 1167 ut
3316 1115 3496 1168 multae

1937 1201 2326 1269 appellationes
2376 1202 2675 1256 secundum
2720 1206 3096 1272 operationum
3137 1204 3491 1270 diﬂ‘ereutias,

1938 1300 1991 1346 et
2024 1292 2341 1347 relationem
2376 1294 2441 1346 ad
2468 1309 2529 1347 ea
2560 1309 2679 1363 qua:
2721 1310 2785 1347 ex
2819 1285 3133 1363 operatione
3169 1295 3321 1361 ﬁunt,
3359 1312 3494 1349 con-

1939 1394 2137 1453 gruant
2173 1386 2262 1439 uni
2295 1387 2591 1441 secundum
2624 1387 2928 1455 subjectum
2962 1390 3241 1443 exsistcnti
3291 1390 3379 1443 Dei
3411 1389 3495 1443 Fi-

1939 1478 2032 1538 lio,
2085 1480 2225 1532 sicut
2278 1493 2473 1532 nomen
2509 1482 2651 1542 σῖτος
2696 1494 2819 1533 cum
2868 1481 2938 1533 sit
2987 1497 3172 1546 unum,
3230 1498 3293 1536 ex
3333 1483 3495 1536 variis

1940 1569 2252 1623 unctionibus
2313 1586 2432 1638 quae
2479 1570 2546 1624 de
2605 1570 2723 1639 ipso
2776 1570 3114 1635 formantur,
3180 1573 3232 1625 in
3283 1573 3493 1627 diversa

1940 1662 2158 1714 nomina
2196 1662 2475 1715 dividitur.
2514 1661 2798 1726 Quomodo
2847 1663 3014 1731 igitur
3044 1679 3162 1733 quae
3193 1665 3335 1718 dicta
3370 1677 3495 1719 sunt

1940 1754 2151 1814 evertit,
2190 1753 2283 1822 qui
2328 1754 2401 1805 ait
2447 1753 2513 1808 de
2557 1755 2736 1822 seipso
2789 1754 2901 1808 haec
2948 1754 3221 1809 Christum
3278 1758 3494 1810 nomina

1940 1843 2159 1897 dicere?
2186 1842 2303 1899 Non
2327 1844 2469 1899 enim
2499 1846 2622 1914 quis
2650 1846 2742 1900 ille
2772 1856 2853 1900 est
2876 1847 2967 1915 qui
2998 1848 3315 1908 nominavit,
3345 1865 3493 1918 qua:-

1940 1935 2177 2000 rebatur,
2212 1936 2306 1990 sed
2337 1936 2404 1991 de
2432 1938 2626 1991 notitia
2669 1938 2948 1992 nominum
2980 1939 3346 1993 consideratio
3372 1956 3497 2010 pro-

1941 2023 2240 2096 ponebatur
2282 2047 2294 2081 :
2335 2038 2512 2081 utrum
2568 2037 2760 2081 natura
2807 2029 3242 2093 demonstratur,
3281 2046 3345 2083 an
3402 2046 3496 2100 per

1940 2119 2457 2197 commentationem
2492 2134 2555 2173 ex
2587 2119 2997 2189 Ope-rationibus
3026 2121 3357 2173 nominatur.
3388 2120 3492 2173 Sed

1940 2211 2029 2265 hic
2072 2226 2196 2265 acer
2245 2218 2298 2265 et
2343 2227 2571 2281 magnus
2619 2220 2673 2266 et
2720 2214 2892 2268 solers
2938 2211 3005 2266 ad
3058 2214 3493 2283 excogitandum,

1941 2308 2190 2356 evertens
2245 2302 2577 2371 assignatam
2632 2304 2893 2366 ἐπινοίας,
2951 2303 3325 2373 deﬁnitionem,
3378 2322 3497 2375 qua:

1941 2393 2098 2457 dixit,
2138 2393 2396 2463 possibile
2439 2408 2561 2449 esse
2597 2396 2686 2448 uni
2730 2395 2979 2465 subjecto
3023 2396 3223 2451 multas
3265 2398 3496 2452 commi-

1941 2486 2079 2539 nisci
2130 2488 2537 2557 appellationes,
2572 2488 2870 2541 secundum
2912 2488 3287 2556 operationum
3330 2490 3497 2559 signi-

1943 2577 2245 2642 ﬁcationes,
2294 2586 2484 2632 contra
2520 2593 2618 2635 nos
2646 2594 2824 2648 pugna
2872 2582 3083 2634 fortiter
3112 2596 3243 2634 usus
3274 2589 3379 2645 est,
3412 2582 3496 2633 di—

1944 2683 2074 2723 cens
2128 2683 2237 2721 non
2298 2667 2368 2723 ab
2422 2668 2606 2737 aliquo
2661 2668 2858 2722 inditas
2896 2684 3017 2723 esse
3069 2666 3299 2723 Domino
3363 2671 3496 2723 tales

1944 2775 2125 2814 voces.
2160 2760 2299 2826 Quid
2337 2760 2501 2830 igitur
2549 2759 2615 2812 ad
2668 2761 3001 2829 propositum
3044 2759 3320 2814 studium?
3346 2759 3496 2826 Quo-

1944 2850 2087 2903 niam
2122 2866 2151 2903 a
2185 2850 2413 2904 llomino
2450 2850 2562 2904 IIEBC
2593 2851 2812 2903 nomina
2864 2867 2972 2904 non
3004 2852 3280 2914 dicuntur,
3322 2868 3497 2922 neque

1942 2940 2165 2994 nomina
2207 2940 2357 2994 dabit
2392 2940 2505 2995 hazc
2555 2955 2697 3001 esse,
2730 2955 2906 3010 neque
2952 2942 3362 3011 appellationes,
3399 2959 3495 2997 ne-

1943 3044 2050 3099 que
2094 3044 2256 3085 voces
2314 3030 2595 3085 notiouum
2634 3030 3042 3102 signiﬁcativas.
3090 3033 3144 3085 Si
3198 3034 3339 3087 enim
3389 3048 3496 3087 non

276 3129 424 3196 λέγει
463 3129 521 3181 τὸ
551 3129 649 3193 τάς
674 3131 853 3199 φωνάς
878 3131 1076 3195 ταύτας
1104 3132 1339 3202 ὀνόματα
1364 3131 1518 3198 εἰναι,
1545 3134 1596 3187 τί
1620 3134 1839 3203 βλάπτει

1945 3123 2179 3177 admittit
2212 3138 2332 3177 esse
2381 3122 2494 3175 haec
2544 3125 2800 3186 nomina,
2832 3124 3252 3192 appellationum
3312 3123 3494 3177 subla-

278 3220 370 3272 τὸν
400 3220 517 3273 κατ’
546 3220 784 3273 ἐπίνοιαν
812 3222 985 3290 λόγον,
1016 3223 1101 3275 διὰ
1139 3225 1230 3277 τοῦ
1260 3224 1424 3289 δείξαι
1459 3226 1530 3297 μὴ
1573 3231 1701 3299 παρ’
1737 3230 1842 3282 ἐτέ·

282 3326 376 3379 ρου
401 3310 559 3372 τινὸς,
588 3309 718 3363 ἀλλά
751 3312 877 3381 παρ’
901 3312 1062 3364 αὐτοῦ
1096 3312 1185 3365 τοῦ
1228 3314 1428 3384 Κυρίου
1458 3315 1555 3378 τὰς
1594 3317 1842 3381 τοιαύτας

278 3400 547 3453 τεθεῖσθαι
587 3401 839 3471 κλήσεις;
880 3403 951 3455 Τὸ
983 3404 1088 3475 γὰρ
1122 3404 1407 3474 λεγόμενον
1434 3402 1520 3477 ἦν,
1549 3408 1629 3460 ὅτι
1664 3426 1836 3480 παρα-

280 3492 521 3561 πλησίως
568 3492 642 3561 τῷ
684 3494 823 3547 κατά
867 3496 955 3547 τὸν
1004 3500 1144 3549 σῖτον
1191 3497 1558 3567 ὑποδείγματι.
1601 3499 1657 3552 ἒν
1706 3500 1843 3553 κατὰ

282 3580 343 3633 τὸ
372 3582 722 3652 ὑποκείμενον
750 3585 777 3635 6
816 3585 1013 3655 Κύριος
1060 3586 1153 3646 ῶν,
1201 3587 1482 3659 πρόσφορα
1532 3592 1649 3651 ταῖς
1700 3592 1843 3659 ἐνερ-

280 3674 453 3741 γείαις
490 3676 599 3746 ἔχει
631 3679 723 3729 καὶ
760 3678 827 3732 τά
854 3678 1107 3748 ὀνόματα.
1149 3678 1251 3730 Τοῦ
1297 3678 1352 3730 δέ
1391 3680 1534 3731 σίτου
1572 3682 1709 3734 κατά
1746 3683 1842 3753 τὴν

279 3765 388 3818 τῶν
420 3769 545 3838 περὶ
574 3769 731 3821 αὑτὸν
758 3769 1135 3839 θεωρουμένων
1164 3770 1398 3823 ἐπίνοιαν
1426 3771 1523 3833 τὰς
1552 3773 1841 3842 ὀνομασίας

281 3857 424 3927 ἔχειν
454 3859 895 3929 ὁμολογουμένου,
942 3862 1467 3930 συγκατεσκευάζετο
1518 3863 1611 3917 καὶ
1660 3865 1719 3917 τὸ
1766 3866 1840 3937 μὴ

284 3950 493 4018 φύσεως
517 3947 650 4002 εἶναι
678 3950 877 4016 ταύτας
914 3954 1004 4006 ἐπὶ
1028 3952 1119 4005 τοῦ
1158 3956 1358 4025 Κυρίου
1388 3956 1716 4027 σημαντικὰς
1745 3957 1841 4020 τὰς

284 4039 485 4105 φωνὰς,
514 4040 646 4094 ἀλλά
670 4042 745 4112 τῷ
775 4042 913 4113 λόγῳ
939 4044 1037 4112 τῆς
1071 4044 1308 4107 ἐπινοίας
1346 4046 1401 4097 ἐν
1438 4049 1549 4109 τοῖς
1587 4048 1711 4117 ’περί⁵
1742 4049 1839 4099 αὑ-

280 4133 373 4183 τὸν
420 4134 721 4204 νοουμένοις
764 4135 1123 4192 συνίστασθαι.
1175 4138 1230 4190 Ὀ
1282 4138 1337 4189 δὲ
1396 4138 1682 4207 ἀντιλέγων
1740 4141 1841 4193 ὑπὸ

284 4223 483 4293 πολλῆς
528 4227 812 4296 προσοχῆς,
847 4228 904 4278 οὐ
939 4229 1068 4297 πρὸς
1111 4229 1178 4281 τά
1220 4228 1439 4283 τεθέντα
1480 4234 1707 4284 ποιεῖται
1746 4232 1839 4301 τὴν

288 4315 481 4384 μάχην.
540 4317 697 4369 Ἀλλά
734 4336 894 4388 φησιν
935 4320 1093 4373 αὑτὸν
1136 4320 1225 4388 ὑφ’
1275 4320 1463 4373 ἐαυτοῦ
1498 4321 1667 4375 ταῦτα
1714 4341 1839 4375 κατ-

282 4406 655 4476 ονομάζεσθαι,
690 4408 869 4477 ὅμοιον
904 4408 1088 4480 ὥσπερ
1127 4409 1192 4463 ἂν
1224 4410 1277 4462 ετ
1307 4427 1389 4473 τις
1438 4410 1529 4463 τοῦ
1575 4410 1709 4463 κατὰ
1750 4412 1838 4463 τὸν

1943 3216 2092 3270 tione
2136 3215 2359 3285 etiamij
2395 3215 2602 3267 ἐπίνοια
2637 3214 2797 3269 simul
2852 3215 3064 3270 sublata
3114 3225 3216 3270 est.
3258 3214 3410 3281 Quod
3452 3218 3496 3272 si

1943 3323 2051 3362 non
2110 3309 2437 3363 contradicit
2480 3322 2642 3363 voces
2695 3308 2796 3364 has
2844 3309 3061 3363 nomina
3107 3324 3249 3371 esse,
3292 3310 3345 3363 in
3391 3325 3499 3379 quo

1944 3400 2089 3453 lzedit
2140 3399 2191 3453 id
2228 3400 2370 3469 quod
2425 3400 2491 3454 de
2542 3403 3001 3455 commentatione.
3048 3401 3268 3463 dicitur,
3317 3417 3381 3456 ex
3434 3418 3535 3461 eo,

1942 3489 2089 3560 quod
2133 3490 2471 3545 demonstrat
2510 3507 2616 3545 non
2650 3492 2717 3545 ab
2749 3492 2856 3546 alio
2886 3494 3091 3562 aliquo,
3142 3494 3233 3549 sed
3272 3495 3338 3548 ab
3380 3496 3499 3564 ipso

1942 3580 2172 3636 Domino
2203 3583 2339 3637 tales
2370 3583 2654 3653 impositas
2682 3599 2803 3639 esse
2828 3586 3495 3654 nomenclationes?Quod

1942 3673 2085 3727 enim
2123 3674 2424 3739 dicebatur,
2475 3676 2526 3729 id
2576 3683 2714 3740 erat,
2748 3674 2895 3745 quod
2943 3679 3397 3746 quemadmodum
3444 3680 3497 3733 in

1942 3760 2187 3830 exemplo
2248 3762 2409 3830 hujus
2453 3764 2691 3818 nominis
2747 3767 2908 3829 σῖτος,
2973 3781 3140 3819 unum
3197 3768 3494 3821 secundum

1942 3850 2242 3919 subjectum
2288 3868 2409 3906 cum
2463 3853 2533 3907 sit
2575 3853 2859 3920 Dominus,
2907 3858 3320 3925 operationibus
3364 3875 3496 3913 con-

1940 3956 2075 4009 grua
2108 3942 2268 3995 habet
2292 3943 2453 3996 etiam
2496 3944 2735 3998 nomina.
2771 3944 2903 3999 Cum
2950 3956 3128 4002 autem
3173 3949 3245 4001 sit
3283 3949 3496 4003 confes-

1942 4050 2062 4089 sum
2095 4036 2236 4096 σῖτος
2281 4034 2577 4088 secundum
2614 4038 3126 4091 commentationem
3159 4053 3347 4092 eorum
3376 4055 3497 4108 qua:

1941 4126 1997 4181 in
2046 4127 2162 4196 ipso
2215 4134 2552 4196 spectantur,
2606 4128 2997 4198 appellationes
3055 4129 3273 4195 habere,
3335 4131 3494 4185 simul

1940 4218 2100 4271 etiam
2132 4217 2553 4272 construebatur
2584 4218 2682 4273 bas
2708 4219 2761 4272 in
2799 4218 3025 4273 Domino
3049 4236 3211 4274 voces
3245 4236 3348 4275 non
3379 4238 3497 4278 esse

1940 4318 2149 4363 naturae
2181 4309 2590 4379 signiﬁcativas,
2625 4310 2719 4364 sed
2766 4312 2975 4366 ratione
3022 4316 3496 4370 commcntationis

1941 4401 1996 4454 in
2035 4400 2121 4455 his
2160 4418 2279 4465 qua:
2324 4400 2391 4456 de
2439 4402 2557 4471 ipso
2603 4403 2984 4473 intelliguntur
3036 4410 3358 4463 coosistere.
3393 4408 3495 4476 Qui

296 4496 475 4549 Ἰσαὰκ
516 4498 770 4567 ὀνόματος
815 4499 910 4570 τὴν
957 4502 1246 4571 ἑρμηνείαν
1275 4500 1468 4571 ζητῶν,
1506 4503 1725 4572 πότερον
1751 4504 1839 4572 γέ-

1941 4502 2118 4547 autem
2150 4494 2473 4548 contradicit
2520 4511 2627 4565 prae
2674 4498 2842 4549 multa
2887 4501 3209 4563 attentione,
3256 4518 3363 4556 non
3404 4504 3497 4558 ad-

281 4588 405 4650 λως,
442 4588 514 4664 ῶς
543 4590 671 4657 φασί
697 4607 857 4655 τινες,
894 4592 1265 4661 ἑρμηνεύεται.
1306 4593 1337 4662 ἢ
1377 4594 1501 4647 ἄλλο
1548 4612 1597 4647 τι
1643 4598 1840 4666 σημαί-

280 4698 360 4733 νει
381 4680 439 4732 τὺ
463 4682 650 4750 ὄνομα,
670 4683 697 4733 ὁ
721 4682 775 4733 δέ
802 4700 881 4744 τις
908 4683 1013 4734 τῶν
1036 4682 1174 4736 κατά
1205 4684 1459 4753 Εὐνόμιον
1486 4686 1843 4751 ἐπιστατικῶς

281 4774 623 4839 ἀποκρίνοιτο
648 4774 793 4844 παρὰ
824 4775 918 4843 τῆς
945 4774 1143 4845 μητρὸς
1174 4775 1437 4829 τεθεῖσθαι
1466 4776 1543 4845 τῷ
1575 4778 1721 4830 παιδὶ
1748 4780 1842 4847 τὴν

282 4863 491 4931 κλῆσιν·
522 4863 631 4916 ἀλλ’
655 4866 713 4916 ού
738 4864 909 4927 τοῦτο,
938 4866 1066 4936 φαίη
1098 4883 1178 4928 τις
1198 4866 1280 4929 ἂν,
1308 4866 1367 4918 τὸ
1398 4865 1721 4937 ζητούμενον
1752 4865 1837 4938 ἦν.

282 4959 435 5028 παρά
469 4959 607 5021 τίνος
642 4962 673 5029 ἡ
706 4959 987 5027 ἐπωνυμία
1017 4958 1355 5028 πεπόρισται,
1386 4959 1520 5012 ἀλλά
1557 4960 1607 5012 τί
1646 4962 1841 5033 σημαί-

280 5067 360 5102 νει
403 5051 800 5120 μεταληφθεῖσα
854 5050 987 5120 πρὸς
1042 5050 1138 5119 τὴν
1193 5051 1459 5121 ἡμετέραν
1508 5052 1755 5119 γλῶσσαν
1808 5055 1839 5123 ἡ

276 5142 372 5194 τοῦ
404 5141 661 5209 ὀνόματος
695 5140 884 5194 ἔννοια.
924 5141 1029 5193 Καὶ
1067 5139 1293 5192 ἐνταῦθα
1332 5142 1507 5194 τοίνυν
1550 5142 1645 5211 τῆς
1680 5142 1843 5212 ζητή-

279 5248 419 5292 σεως
463 5228 647 5298 οὔσης,
682 5231 729 5282 εἰ
766 5231 833 5283 τὰ
868 5230 1115 5291 ποικίλως
1166 5230 1517 5300 ἐπιλεγόμενα
1554 5231 1629 5301 τῷ
1659 5234 1842 5303 Κυρίῳ

280 5322 398 5373 κατ’
435 5322 673 5373 ἐπίνοιαν
711 5320 943 5389 λέγεται,
976 5322 1065 5373 καὶ
1094 5321 1210 5390 οὐχὶ
1241 5321 1335 5391 τῆς
1384 5322 1593 5391 φύσεως
1621 5323 1717 5395 τὴν
1752 5325 1834 5376 ἔν-

276 5412 442 5476 δ;ιξιν
476 5411 584 5481 ἔχει
611 5429 623 5441 ·
666 5414 693 5464 6
742 5412 990 5482 τοιαύτην
1026 5413 1242 5480 ἐπάγων
1273 5413 1369 5483 τὴν
1414 5413 1704 5479 ἀπόδειξιν,
1741 5416 1832 5468 τοῦ

280 5511 353 5573 μη
390 5504 598 5574 ἐπινοίᾳ
646 5503 959 5574 θεωρεῖσθαι
1003 5504 1099 5567 τὰς
1149 5505 1534 5576 προσηγορίας,
1582 5505 1659 5577 τῷ
1706 5508 1832 5575 παρ’

276 5594 440 5649 αὖτοῦ
486 5595 577 5647 τοῦ
612 5596 814 5666 Κυρίου
858 5596 1101 5665 λέγεσθαι
1144 5595 1362 5663 ταύτας,
1400 5598 1512 5662 πῶς
1550 5600 1685 5671 μετὰ
1730 5601 1833 5655 τῶν

354 5776 402 5812 ⁵⁸
444 5772 579 5829 Gen.
621 5790 776 5844 xvul,
814 5776 1006 5845 l2-15;
1038 5792 1148 5842 ut,
1177 5776 1232 5831 ε.

1941 4602 2133 4641 versus
2161 4588 2331 4656 posita
2366 4605 2595 4658 pugnam
2628 4591 2939 4645 committit.
2974 4591 3079 4647 Sed
3112 4594 3286 4664 inquit
3318 4597 3494 4667 ipsum

1940 4693 1968 4732 a
2004 4680 2189 4748 seipso
2222 4680 2305 4733 his
2341 4681 2650 4735 nominibus
2683 4684 2965 4752 appellari,
2994 4685 3171 4741 simile
3204 4704 3269 4741 ac
3292 4689 3335 4741 si
3372 4690 3494 4757 quis

1938 4770 2170 4824 nominis
2220 4770 2368 4825 Isaac
2421 4772 2923 4841 interpretationem
2979 4792 3264 4845 qurerens,
3312 4787 3491 4830 utrum

1938 4863 2173 4929 risus",
2208 4873 2263 4918 ut
2294 4865 2446 4917 aiunt
2470 4865 2714 4933 quidam,
2748 4867 3057 4937 exponitur,
3090 4882 3157 4920 an
3194 4867 3338 4920 aliud
3364 4869 3490 4937 quid

1939 4957 2207 5025 signiﬁcat
2242 4958 2344 5011 hoc
2404 4973 2632 5023 nomen;
2691 4959 2886 5029 aliquis
2939 4968 3118 5012 autem
3167 4974 3353 5012 eorum
3402 4960 3490 5029 qui

1940 5057 2088 5102 stant
2130 5065 2157 5101 a
2215 5055 2369 5118 parte
2421 5047 2697 5111 Eunomii,
2758 5051 3023 5104 instanter
3069 5050 3419 5119 responderet
3463 5066 3493 5104 a

1939 5147 2112 5195 matre
2144 5156 2311 5210 puero
2343 5142 2656 5210 impositum
2703 5157 2825 5196 esse
2854 5142 2957 5195 hoc
2997 5156 3193 5195 nomen
3220 5159 3235 5208 ;
3266 5141 3359 5197 sed
3392 5144 3494 5196 ali-

1940 5235 2063 5303 quis
2093 5234 2310 5298 dixerit,
2344 5250 2451 5287 non
2486 5234 2589 5288 hoc
2615 5240 2732 5287 erat
2755 5232 2899 5302 quod
2932 5233 3298 5302 quaerebatur,
3328 5249 3355 5286 a
3385 5250 3493 5304 quo

1943 5326 2055 5379 haec
2110 5324 2407 5379 nominatio
2445 5324 2645 5377 tributa
2696 5331 2798 5380 est.
2832 5321 2924 5377 sed
2977 5322 3104 5391 quid
3136 5322 3402 5391 signiticet
3438 5324 3491 5377 in

1941 5426 2185 5471 nostram
2220 5418 2454 5488 linguam
2486 5414 2730 5468 traducta
2784 5414 3022 5468 nominis
3059 5413 3273 5466 notitia.
3318 5415 3494 5483 Atque

1938 5509 2029 5564 hic
2074 5511 2235 5579 igitur
2264 5525 2385 5563 cum
2434 5508 2662 5578 quarstio
2712 5506 2993 5571 consistat,
3042 5514 3222 5559 utrum
3271 5521 3391 5575 quae
3440 5508 3491 5561 in

1941 5601 2169 5657 Domino
2212 5601 2358 5655 varie
2402 5600 2675 5665 dicuntur,
2713 5614 2808 5669 per
2848 5596 3361 5652 commentationem
3405 5597 3492 5651 di-
