4006 6492
614 325 741 378 1051

1797 321 1855 376 S.
1890 316 2212 377 GREGORII
2250 317 2540 374 NYSSENI

3649 330 3751 385 105?.

615 443 833 491 cuntur,
876 446 973 484 nec
1021 436 1224 482 natura:
1259 427 1638 483 iudicationem
1671 428 1869 485 habent
1900 448 1911 482 :
1942 431 2034 500 qui
2081 435 2158 482 ta-

2267 429 2676 499 σωφρονούντων
2727 430 3171 502 ἁριθμηθήσεται,
3226 432 3255 485 6
3317 436 3407 488 καὶ
3456 436 3675 509 πολεμῶν
3707 446 3753 513 τῇ

616 528 717 579 lem
750 522 1263 577 demonstrationem
1306 519 1536 580 inducit,
1563 522 1706 589 quod
1744 537 1847 576 non
1880 537 1975 591 per
2007 537 2162 575 com-

614 616 999 671 mentationem
1038 621 1352 683 spectentur
1388 614 1797 682 appellationes,
1829 616 1951 684 quia
1987 615 2069 669 hae
2095 614 2164 669 ab

613 711 727 777 ipso
760 707 986 760 Domino
1009 704 1281 770 dicantur,
1313 706 1586 774 quomodo
1623 707 1761 761 inter
1795 708 2010 761 sobrios
2044 722 2168 761 cen-

2266 523 2507 594 ἀληθείᾳ.
2530 525 2623 577 καὶ
2657 526 2925 588 τοιαύταις
2954 526 3086 596 πρὸς
3114 526 3207 579 τὸν
3230 526 3453 597 πόλεμον
3482 534 3755 601 συμμαχίαις

2267 613 2564 685 χρώμενος,
2582 614 2647 667 δι’
2673 608 2745 669 ὧν
2766 615 3103 686 ἰσχυρότερον
3125 617 3409 686 ἀποφαίνει
3433 618 3520 672 τὸν
3548 620 3756 691 πολεμοῶ

2273 722 2433 775 μενον
2456 722 2472 770 ;

611 803 839 866 subitur,
889 801 983 870 qui
1019 801 1232 855 veritati
1280 799 1480 853 bellum
1526 800 1707 866 infert,
1750 811 1804 855 et
1854 802 2051 856 talibus
2094 801 2160 855 ad
2209 800 2408 855 bellum
2433 800 2651 856 auxiliis
2679 800 2871 866 utitur,
2898 801 3096 872 quibus
3126 802 3402 860 fortiorem
3460 820 3574 859 esse
3623 814 3759 859 osten-

610 895 690 949 dit
718 910 840 948 eum
866 894 957 963 qui
990 892 1131 947 bello
1163 892 1489 947 lacessitur?

682 985 883 1041 Deinde
916 984 1263 1055 progrediens
1299 993 1358 1038 ut
1388 984 1498 1052 jam
1531 984 1595 1037 ad
1636 999 1857 1052 scopum
1884 984 1984 1052 ipsi
2031 999 2162 1038 con-

607 1080 767 1136 clusa
812 1078 1079 1138 oratione,
1125 1076 1228 1128 alia
1274 1083 1463 1129 contra
1521 1089 1621 1128 nos
1668 1075 1827 1129 dictis
1882 1076 2160 1128 acerbiora

608 1170 852 1231 molitur,
905 1176 965 1222 ut
1022 1168 1219 1235 inquit,
1264 1167 1513 1228 crimina,
1558 1174 1612 1220 et
1652 1167 1875 1219 multum
1918 1166 2163 1220 ﬂebiliter

609 1262 961 1321 lamentatus,
996 1266 1048 1312 et
1077 1257 1349 1327 praemissa
1384 1258 1630 1311 oratione
1666 1274 1768 1326 qua
1815 1274 1914 1311 nos
1951 1258 2160 1310 calum-

608 1353 811 1416 niatur,
857 1360 1018 1419 atque
1049 1348 1349 1407 auditorem
1390 1350 1460 1402 ob
1500 1349 1727 1403 dicenda
1768 1348 2003 1403 eﬂliclim
2035 1362 2162 1401 exa-

607 1442 815 1503 cerbat,
851 1440 903 1493 in
932 1440 1131 1509 quibus
1169 1439 1413 1508 quasdam
1447 1441 1621 1509 magis
1652 1438 1815 1507 impia
1841 1439 2165 1491 criminatur

606 1554 635 1591 a
666 1535 822 1590 nobis
858 1532 1028 1585 astrui
1061 1549 1075 1583 :
1107 1531 1248 1600 quod
1287 1546 1395 1584 non
1442 1530 1616 1585 solum
1648 1544 1748 1583 nos
1788 1530 2105 1583 distributas
2135 1544 2165 1582 a

606 1630 718 1684 Deo
749 1630 914 1684 rebus
961 1623 1349 1695 appellationes
1386 1612 1935 1676 commentationibus
1963 1620 2165 1675 nostris

2326 977 2460 1036 Εἶτα
2496 984 2699 1053 προῖὼν
2738 984 2812 1047 ὠς
2842 985 2904 1055 δὴ
2952 1000 3089 1037 κατα
3127 982 3324 1038 σκοπὸν
3363 983 3508 1054 αὐτῷ
3540 1002 3761 1056 συμπεραρ

2260 1072 2474 1138 σθέντος
2510 1075 2602 1128 τοῦ
2636 1076 2812 1145 λόγου,
2863 1076 3024 1144 ἔτερα
3060 1076 3457 1146 προχειρίζεται
3500 1077 3607 1130 καθ’
3646 1079 3761 1149 ἡμῶν

2258 1165 2605 1237 χαλεπώτερα
2633 1166 2738 1219 τῶν
2762 1167 3080 1236 εἰρημένων,
3103 1166 3178 1229 ὥς
3210 1184 3361 1237 φησι,
3389 1168 3457 1220 τά
3484 1168 3761 1239 ἐγκλήματα,

2258 1260 2352 1312 καὶ
2397 1259 2563 1313 πολλὰ
2592 1260 3018 1330 προσχετλιάσας
3049 1260 3143 1313 καὶ
3190 1259 3553 1329 προδιαϐαλὼν
3590 1262 3667 1313 τὸν
3702 1262 3763 1315 λό-

2257 1368 2373 1419 γον,
2419 1353 2513 1405 καὶ
2565 1352 2803 1421 σφοδρῶς
2842 1352 2930 1405 τὸν
2977 1352 3247 1422 ἀκροατὴν
3298 1352 3389 1405 ἐπὶ
3422 1355 3529 1415 τοῖς
3566 1354 3765 1422 μέλλουσι

2260 1445 2588 1517 ῥηθήσεσθαι
2640 1446 2961 1517 παροξύνας,
3020 1448 3076 1499 ὲν
3133 1440 3213 1508 οἷς
3271 1443 3643 1516 δυσσεϐέστερὰ
3676 1464 3765 1501 τινα

2260 1539 2389 1609 παρ’
2420 1538 2573 1608 ἡμῶν
2606 1540 2841 1591 αἰτιᾶται
2891 1536 3407 1600 κατασκευάζεσθαι,
3438 1538 3509 1601 ὡς
3552 1538 3617 1608 μὴ
3645 1540 3765 1608 μόνον

2258 1630 2356 1692 τὰς
2406 1629 2883 1699 ἀποκληρωθείσας
2928 1630 3078 1700 παρά
3134 1628 3227 1682 τοῦ
3275 1628 3409 1681 Θεοῦ
3460 1633 3767 1701 προσηγορίας

606 1722 945 1791 adaptemus,
990 1734 1112 1771 cum
1161 1730 1259 1769 nec
1299 1715 1526 1769 dixisset
1562 1727 1809 1783 quasnam
1850 1712 2158 1782 appellatio-

2260 1722 2378 1783 ταῖς
2409 1720 2671 1785 ἐπινοίαις
2700 1721 2856 1791 ήμῶν
2892 1722 3327 1793 προσαπτόντων,
3370 1721 3469 1775 οὐκ
3508 1720 3673 1786 εἰπὼν,
3706 1723 3767 1784 τίς

604 1778 734 1869 num
768 1811 1100 1868 distributio,
1135 1820 1188 1862 et
1219 1808 1437 1877 quando
1478 1814 1532 1859 et
1560 1806 1832 1875 quomodo
1865 1804 2028 1866 facta,
2059 1804 2154 1861 sed

2261 1814 2294 1883 ή
2348 1778 2455 1865 τῶν
2506 1778 2883 1883 προσηγοριῶν
2937 1778 3337 1883 ἀποκλήρωσις,
3396 1812 3490 1866 καὶ
3550 1778 3672 1865 πότε,

604 1906 767 1960 etiam
798 1902 939 1972 quod
974 1903 1152 1954 omnia
1186 1899 1607 1959 confundainus,
1643 1906 1697 1951 et
1742 1898 1807 1951 ad
1844 1897 1984 1951 idem
2032 1896 2159 1951 Uni-

603 1997 771 2067 geniti
819 2004 871 2049 et
908 1993 1200 2048 essentiam
1244 2000 1299 2045 et
1334 1992 1703 2059 Operatiouem
1753 1990 2155 2058 pertrahamus.

604 2090 737 2141 Cum
781 2085 935 2145 nihil,
972 2085 1214 2153 inquam,
1250 2082 1317 2136 de
1356 2084 1459 2135 hoc
1506 2082 1623 2151 ipso
1648 2079 2015 2143 disseruisset,
2060 2094 2155 2132 ue-

604 2198 711 2249 quc
759 2177 1193 2231 demonstrasset
1250 2173 1519 2243 quomodo
1566 2188 1597 2225 a
1646 2172 1806 2226 nubis
1847 2171 1988 2225 idem
2018 2176 2158 2225 esse

604 2285 729 2324 cum
756 2268 990 2322 ess:-ntia
1020 2267 1263 2337 operatio
1290 2264 1652 2335 praestruitur,
1684 2264 1897 2318 tandem
1926 2262 2157 2332 subjun-

604 2364 683 2431 git
732 2364 895 2416 istum
953 2360 1308 2429 colophonem
1367 2358 1680 2422 criminum,
1726 2360 1806 2411 sic
1856 2357 2036 2410 verbis
2076 2353 2160 2407 di-

604 2465 777 2508 cens:
835 2450 988 2517 lam,
1044 2449 1251 2521 inquit,
1306 2448 1565 2501 transiens
1610 2446 1674 2501 ab
1724 2444 1839 2505 his.
1884 2454 1933 2500 et
1992 2444 2157 2498 Deum

603 2544 693 2613 qui
732 2551 809 2596 est
857 2542 911 2594 in
958 2541 1217 2599 outnibus,
1270 2539 1516 2591 extremis
1567 2536 1918 2604 blasphemiis,
1953 2536 2006 2589 id
2055 2544 2154 2597 est,

604 2633 777 2700 impiis
807 2640 856 2685 et
898 2630 1165 2684 sceleratis
1233 2630 1502 2690 conviciis,
1537 2626 1912 2689 circumducit;
1950 2634 2003 2680 et
2042 2640 2155 2680 ser-

604 2722 856 2777 monibus
894 2733 1171 2774 sermones
1206 2718 1374 2771 nostri
1417 2717 1631 2785 abrupti
1666 2714 1868 2770 iuerint
1907 2724 1959 2769 et
1989 2715 2155 2768 inter-

603 2816 727 2879 cisi,
758 2824 813 2869 et
846 2812 1106 2885 quosdam
1133 2809 1361 2864 deﬁcere
1397 2807 1601 2861 faciunt
1640 2820 1671 2859 a
1700 2806 1857 2859 nobis
1884 2806 2154 2873 proposita

602 2906 867 2976 exempla,
884 2919 1006 2961 .non
1040 2902 1263 2955 omnino
1285 2909 1392 2954 tam
1419 2898 1676 2953 didicisse
1702 2896 1971 2966 indigens,
1994 2910 2156 2965 quam

604 3002 980 3054 demonstrare
1029 2994 1317 3049 verborum
1370 2990 1652 3044 colluviem
1699 2997 1753 3044 et
1802 2989 2157 3056 vaniloquen—

2261 1901 2378 1964 πῶς
2404 1902 2740 1971 γεγενημένη
2764 1942 2777 1963 ,
2808 1900 2901 1954 καὶ
2951 1900 3024 1963 ὡς
3066 1900 3241 1953 πάντα
3271 1900 3545 1970 φυρὸντων
3573 1900 3634 1952 τὰ
3664 1902 3769 1970 πρά-

2259 2011 2460 2065 γματα,
2492 1995 2583 2045 καὶ
2624 1997 2703 2056 εἰς
2739 1992 2933 2045 ταύτὸν
2961 1993 3197 2060 ἀγόντων
3239 1992 3330 2044 τοῦ
3360 1990 3672 2059 Μονογενοῦς
3698 1993 3768 2060 τήν

2258 2101 2318 2137 τε
2352 2084 2536 2137 οὐσίαν
2564 2084 2656 2135 καὶ
2680 2084 2776 2154 τὴν
2812 2083 3105 2151 ἐνέργειαν.
3142 2080 3305 2134 Οὐδὲν
3340 2081 3469 2151 περὶ
3513 2081 3656 2133 αὑτοῦ
3677 2082 3768 2132 τού-

2258 2193 2351 2229 του
2404 2175 2718 2245 διαλεχθεὶς,
2769 2175 2887 2229 οὐδὲ
2941 2173 3223 2239 ἀποδείξας
3272 2174 3385 2235 πῶς
3446 2174 3627 2226 ταύτὸν
3667 2168 3768 2227 εἶναι

2259 2264 2718 2327 κατασκευάζεται
2777 2267 2842 2334 τῇ
2888 2263 3042 2333 οὐσίᾳ
3098 2264 3227 2334 παρ’
3262 2264 3421 2334 ἡμῶν
3471 2265 3503 2333 ή
3545 2264 3768 2333 ἐνέργεια,

2255 2356 2407 2419 τέλος
2443 2356 2636 2423 ἐπάγει
2674 2354 2765 2407 καὶ
2796 2355 2884 2407 τὸν
2918 2355 3078 2407 αὐτὸν
3110 2354 3387 2422 κολοφῶνα
3421 2355 3524 2407 τῶν
3552 2354 3770 2423 ἐγκλημα-

2257 2465 2383 2511 των,
2434 2446 2631 2500 οὑτωσὶ
2684 2446 2850 2515 λέγων
2894 2449 3006 2509 τοῖς
3058 2448 3310 2518 ῥήμασιν’
3349 2445 3495 2514 Ἤδη
3546 2445 3623 2510 δὲ,
3655 2447 3768 2517 φησὶ,

2255 2537 2621 2605 μεταϐαίνων
2675 2537 2793 2590 ἀπὸ
2855 2538 3096 2601 τούτων,
3144 2537 3241 2590 καί
3292 2537 3398 2591 τὸν
3446 2538 3538 2591 ἐπὶ
3582 2536 3772 2590 πάντων

2263 2625 2410 2681 Θεὸν
2465 2625 2593 2691 ταῖς
2648 2624 2929 2693 ἐσχάταις
2988 2625 3324 2694 περιϐάλλει
3368 2627 3764 2696 βλασφημίαις·

2261 2718 2355 2772 καὶ
2390 2717 2564 2785 λόγοις
2586 2717 2965 2789 ἀπερῤώγασιν
2996 2720 3042 2771 οι
3071 2718 3324 2789 ἡμέτεροι
3348 2718 3518 2787 λόγοι,
3546 2720 3626 2772 καί
3658 2735 3769 2779 τινας

2259 2811 2553 2863 ἀποστατεῖ
2593 2809 2661 2861 τὰ
2696 2811 2823 2879 παρ’
2861 2809 3018 2880 ἡμῶν
3058 2809 3492 2880 παραδείγματα,
3513 2811 3567 2863 οὐ
3603 2810 3769 2872 πάντως

2259 2901 2350 2954 τοῦ
2383 2901 2571 2971 μαθεῖν
2604 2900 2774 2954 ταῦτα
2802 2901 3069 2971 δεόμενος,
3094 2901 3205 2955 ἀλλ’
3242 2902 3274 2972 ἢ
3315 2902 3488 2968 δεῖξαι
3523 2903 3579 2954 τὸ
3617 2918 3769 2972 συρφε-

2259 2994 2421 3057 τῶδες
2451 2995 2554 3047 τῶν
2586 2995 2839 3065 ῥημάτων
2887 2993 2978 3047 τοῦ
3013 2993 3343 3066 λογογράφου
3391 2997 3485 3047 καὶ
3524 2994 3768 3065 ἀκριτόμυ-

605 3093 734 3146 tiam
770 3088 932 3158 hujus
964 3086 1268 3155 scriptoris,
1301 3082 1500 3152 quibus
1543 3081 1818 3134 blaterans
1857 3088 1911 3133 et
1940 3079 2153 3131 obstre-

2260 3085 2368 3148 θον,
2397 3079 2476 3147 οἷς
2517 3084 2864 3154 περικτυπῶν
2899 3085 2967 3138 τὰ
3002 3086 3058 3139 ὲν
3099 3085 3320 3154 ἀνδράσι
3360 3086 3593 3158 γραῖδια,
3618 3087 3694 3138 καὶ
3713 3084 3768 3153 τῷ

603 3198 737 3253 pens
776 3196 898 3250 qua:
944 3181 1082 3232 inter
1134 3177 1281 3230 viros
1316 3174 1503 3238 anilia,
1557 3180 1613 3227 et
1657 3173 1969 3227 vocularum
2003 3170 2152 3239 gravi

603 3290 741 3332 sono
789 3275 843 3327 iu
896 3272 1118 3326 auribus
1166 3268 1279 3322 hzcc
1321 3267 1705 3322 demirantium
1749 3265 1931 3320 fucum
1981 3263 2157 3317 facere

602 3368 731 3421 dum
765 3363 964 3426 studet,
996 3367 1185 3415 contra
1218 3359 1456 3427 seipsum
1501 3358 1741 3425 cippum,
1788 3356 1839 3411 id
1868 3364 1971 3414 est,
2005 3353 2157 3407 infa-

604 3459 951 3517 mim'notam,
978 3466 1279 3523 proponere
1306 3450 1448 3519 apud
1483 3448 1727 3504 eruditos
1755 3455 1809 3503 et
1846 3461 2152 3502 sermonem

604 3547 864 3601 callentes
894 3560 1000 3597 non
1040 3540 1310 3611 intelligit.
1362 3538 1465 3594 Sed
1510 3539 1615 3593 hoc
1642 3538 1778 3592 nihil
1812 3537 1880 3591 ad
1910 3546 2153 3591 nostrum

606 3635 937 3691 institutum.
990 3632 1208 3705 Utinam
1252 3629 1470 3700 quidem
1529 3629 1811 3697 hucusque
1864 3626 2158 3697 progrede-

610 3736 799 3781 rentur
840 3739 960 3795 quae
1002 3730 1128 3778 sunt
1174 3730 1365 3776 contra
1410 3720 1586 3790 ipsum
1638 3718 1885 3778 crimina,
1924 3724 1977 3771 et
2024 3714 2157 3768 nihil

605 3819 751 3873 circa
780 3816 936 3870 ﬁdem
964 3828 1153 3869 errans
1183 3814 1237 3866 in
1271 3813 1388 3867 sola
1419 3809 1685 3866 sermonis
1713 3807 2015 3877 prolatione
2033 3821 2158 3875 psc-

604 3924 733 3964 care
768 3908 1083 3977 putareturl
1117 3906 1192 3959 Ita
1224 3920 1322 3975 pro
1360 3903 1534 3958 nihilo
1567 3900 1875 3955 ducendum
1907 3907 2051 3953 esset
2088 3898 2155 3951 ad

604 3998 816 4055 laudem
851 3999 933 4053 vel
961 3998 1285 4053 calumniam
1329 3995 1409 4051 sic
1444 3994 1530 4049 vel
1564 3993 1721 4046 aliter
1744 3991 2033 4067 dictionem
2062 3992 2157 4044 ha-

606 4092 751 4146 bere.
803 4088 1128 4145 Consecutio
1184 4089 1349 4159 igitur
1397 4097 1455 4141 et
1505 4086 1676 4141 series
1715 4101 1901 4139 eorum
1932 4100 2053 4154 qua:
2090 4085 2157 4138 ab

604 4180 725 4251 ipso
754 4186 945 4233 contra
980 4194 1080 4234 nos
1114 4179 1256 4232 dicta
1292 4184 1439 4238 sunt,
1475 4176 1636 4230 etiam
1666 4176 1769 4230 hoc
1812 4176 2085 4245 proponit.

678 4271 742 4325 In
771 4272 1027 4341 frugibus,
1052 4271 1249 4340 inquit,
1282 4278 1331 4323 et
1364 4268 1609 4331 Domino,
1641 4268 1803 4321 uariis
1836 4267 2001 4321 modis
2041 4284 2157 4320 cum

606 4366 835 4418 exercuit
882 4364 1361 4426 commentationes,
1402 4360 1742 4427 persimiliter
1789 4367 1838 4413 et
1881 4359 2157 4412 sanctissi-

2262 3179 2483 3247 στόμφῳ
2531 3178 2638 3231 τῶν
2685 3178 2951 3243 λεξειδίων
2997 3180 3054 3231 ὲν
3099 3181 3218 3241 ταῖς
3273 3178 3465 3243 ἀκοαῖς
3510 3178 3607 3231 τῶν
3638 3176 3770 3230 ταῦτα

2260 3268 2641 3339 θαυμαζόντων
2668 3268 3172 3340 καλλωπιζόμενος,
3214 3269 3413 3340 στήλην
3462 3270 3577 3322 καθ’
3620 3267 3767 3322 ἑαυτοῦ

2258 3363 2346 3415 τὸν
2366 3362 2519 3429 λόγον
2540 3365 2650 3425 τοῖς
2673 3360 3116 3432 πεπαιδευμένοις
3160 3361 3438 3432 προτιθεὶς
3468 3362 3525 3415 οὐ
3556 3360 3764 3429 συνίησιν.

2271 3454 2406 3507 Ἀλλ’
2450 3454 2599 3507 οὐδὲν
2644 3454 2797 3506 τοῦτο
2848 3454 2980 3524 πρὸς
3020 3453 3108 3505 τὸν
3160 3453 3357 3506 σκοπὸν
3395 3454 3487 3507 τὸν
3533 3454 3765 3523 ἡμέτερον.

2256 3546 2383 3598 Εἴθε
2412 3546 2517 3616 γὰρ
2546 3545 2701 3616 μέχρι
2735 3544 2931 3598 τούτων
2960 3541 3025 3617 ἦν
3052 3546 3167 3598 κατ’
3194 3544 3353 3597 αὑτοῦ
3388 3546 3459 3599 τὰ
3483 3545 3764 3612 ἐγκλήματι,

2258 3638 2349 3692 καὶ
2377 3639 2537 3709 μηδὲν
2561 3640 2688 3709 περὶ
2729 3638 2822 3708 τὴν
2852 3639 3030 3690 πίστιν
3057 3638 3464 3708 ἐξαμαρτάνων,
3496 3638 3613 3708 περὶ
3640 3636 3765 3705 μόνην

2256 3727 2349 3781 τοῦ
2385 3729 2535 3797 λόγου
2570 3727 2666 3797 τὴν
2708 3727 2980 3798 προφορὰν
3009 3726 3339 3798 πλημμελεῖν
3386 3724 3673 3795 ἐνομίζετοῑ
3706 3722 3767 3781 Ὠς

2257 3823 2368 3876 ἀντ’
2398 3820 2603 3883 οὐδενὸς
2649 3819 2713 3872 ἂν
2753 3816 2819 3888 ἦν
2860 3817 3003 3888 αὑτῷ
3046 3818 3181 3889 πρὸς
3216 3818 3429 3871 ἔπαινον
3472 3820 3503 3890 ἢ
3546 3814 3765 3882 διαϐολὴν,

2255 3913 2316 3965 τὸ
2362 3911 2532 3974 οὕτως
2582 3912 2614 3981 ἢ
2670 3910 2744 3973 ὡς
2793 3910 2991 3981 ἑτέρως
3036 3910 3133 3981 τὴν
3160 3909 3299 3975 λέξιν
3336 3911 3497 3981 ἔχειν.
3534 3910 3591 3961 Ἦ
3627 3908 3664 3960 δ’
3699 3904 3768 3957 οὖν

2256 4003 2539 4059 ἀκολουθία
2583 4002 2690 4055 τῶν
2744 4002 2871 4075 παρ’
2912 4002 3073 4055 αὑτοῦ
3126 4004 3247 4056 καθ’
3288 4003 3465 4073 ἡμῶν,
3514 4002 3601 4055 καὶ
3650 3998 3769 4051 τοῦτο

2258 4091 2623 4162 προστίθησιν.

2338 4270 2468 4325 Ἐπὶ
2495 4268 2599 4323 τοῦ
2625 4267 2819 4333 σίτου,
2863 4268 3013 4338 φησὶ,
3050 4269 3145 4323 καί
3186 4269 3290 4322 τοῦ
3333 4269 3571 4338 Κυρίου,
3608 4269 3768 4336 6411;6-

2249 4379 2369 4430 ρως
2412 4358 2721 4429 γυμνάσας
2768 4357 2873 4423 τὰς
2916 4360 3197 4426 ἐπινοίας,
3245 4363 3660 4429 παραπλησίως
3695 4358 3769 4413 καὶ

607 4472 749 4509 mam
776 4454 871 4507 Dei
903 4456 1182 4508 essentiam
1213 4453 1509 4522 differentes
1537 4452 1812 4507 admittere
1839 4461 2158 4505 commenta-

2260 4453 2372 4521 τὴν
2401 4449 2724 4520 ἁγιωτάτην
2749 4452 2963 4504 οὐσίαν
3005 4450 3109 4504 τοῦ
3153 4453 3297 4506 Θεοῦ
3328 4452 3605 4521 διαφόρως
3641 4451 3770 4517 δέκεο

610 4550 774 4601 tiones
818 4547 967 4599 dicit.
1013 4545 1125 4602 Hoc
1173 4554 1255 4600 est
1302 4544 1589 4599 criminum
1624 4543 2058 4606 acerbissimum,
2107 4554 2159 4597 et

608 4642 678 4696 ob
714 4641 766 4694 id
802 4640 986 4706 gravia
1013 4647 1205 4692 contra
1233 4653 1332 4692 nos
1358 4636 1447 4691 illa
1481 4637 1683 4705 tragice
1713 4643 1838 4689 ante
1865 4650 2159 4705 exaggera-

607 4734 706 4794 vit,
759 4730 1090 4799 impietatem
1134 4736 1188 4782 et
1237 4728 1653 4787 absurditatem,
1703 4736 1755 4781 et
1808 4726 1986 4779 omnia
2030 4726 2158 4777 talia

605 4824 770 4879 dictis
824 4822 1041 4875 crimini
1101 4828 1341 4874 vertens.
1402 4818 1650 4883 Quanam
1711 4834 1827 4883 ergo
1880 4819 2158 4885 impietatis

606 4914 1014 4970 demonstratio?
1074 4911 1212 4964 dixit
1247 4910 1562 4972 Euunmius,
1593 4910 1834 4979 (lunulam
1887 4909 1953 4962 de
1991 4908 2157 4976 frugi-

611 5009 714 5063 bus
762 5018 1068 5060 communta
1120 5002 1254 5065 haec,
1297 5010 1350 5055 et
1396 5002 1645 5054 omnibus
1688 5001 1739 5053 in
1792 5009 2042 5067 promptu
2076 5016 2161 5051 co-

614 5100 759 5166 gnita
804 5098 1138 5155 discernens,
1192 5103 1239 5147 et
1283 5091 1540 5161 quomodo
1585 5101 1889 5153 nascuntur,
1935 5100 1983 5142 et
2030 5108 2160 5159 quo-

616 5188 771 5238 modo
801 5185 1042 5252 perfecta:
1086 5199 1175 5236 seu
1208 5190 1432 5234 matura:
1460 5196 1549 5247 per
1578 5180 1809 5248 fructum
1840 5181 2009 5242 alunt,
2062 5198 2159 5232 na-

611 5280 873 5331 turalibus
926 5274 1235 5345 quibusdam
1286 5274 1657 5343 facultatibus,
1701 5274 1824 5325 dum
1872 5284 2159 5326 nascuntur

611 5380 659 5421 et
683 5377 937 5438 augentur
967 5378 1012 5420 et
1042 5366 1459 5435 dispensantur?
1490 5366 1553 5418 Et
1588 5367 1699 5419 haec
1731 5380 1853 5416 cum
1880 5365 2159 5427 disseruit,

612 5460 773 5511 etiam
812 5459 1146 5529 unigenitum
1211 5456 1375 5511 Deum
1411 5459 1544 5511 nihil
1588 5460 1991 5510 dissentancum
2041 5472 2161 5511 esse

612 5548 687 5602 ait
712 5546 1019 5603 ditiercntes
1050 5548 1294 5617 accipere
1329 5546 1838 5608 commentationes,
1871 5560 1994 5599 cum
2037 5561 2157 5613 pro—

2257 4545 2394 4597 σθαι
2425 4542 2529 4606 τὰς
2560 4540 2817 4605 ἐπινοίας
2850 4540 3020 4607 φησί.
3054 4541 3219 4594 Τοῦτό
3252 4544 3363 4595 ἐστι
3406 4544 3466 4595 τὸ
3504 4540 3768 4613 χαλεπώτα-

2253 4650 2342 4685 τον
2370 4631 2474 4684 τῶν
2512 4630 2880 4700 ἐγκλημάτων,
2923 4630 3013 4682 καὶ
3060 4632 3150 4683 ἐπὶ
3180 4632 3351 4702 τούτῳ
3381 4633 3449 4686 τὰ
3490 4632 3646 4702 βαρέα
3675 4628 3768 4681 καθ’

2254 4716 2407 4789 ἡμῶν
2450 4718 2627 4769 ἐκεῖνα
2678 4716 3145 4787 προετραγῲδησε,
3187 4718 3497 4773 δυσσέϐειαν
3550 4721 3635 4773 καὶ
3670 4720 3767 4771 a10-
3842 4714 3845 4715 ⁷

2256 4809 2380 4861 πίαν
2418 4808 2510 4861 καὶ
2545 4808 2718 4860 πάντα
2754 4808 2819 4860 τὰ
2860 4807 3079 4860 τοιαῦτα
3124 4812 3233 4873 τοῖς
3273 4813 3573 4882 εἰρημένοις
3614 4813 3767 4862 ἐπικα-

2255 4898 2379 4950 λῶν.
2414 4900 2506 4963 Τίς
2535 4894 2647 4951 οὖν
2683 4899 2721 4965 ἡ
2758 4898 2868 4966 τῆς
2904 4900 3176 4966 ἀσεϐείας
3219 4902 3552 4968 ἀπόδειξις;
3591 4898 3719 4954 εἶπεν
3748 4898 3769 4949 ὁ

2256 4992 2513 5062 Εὑνόμιός
2552 5008 2670 5043 τινα
2702 4993 2825 5061 περὶ
2856 4992 2949 5044 τοῦ
2990 4993 3153 5057 σίτου,
3188 4994 3254 5046 τὰ
3298 4995 3445 5047 κοινά
3486 4992 3674 5056 ταῦτα,
3699 4988 3770 5042 καὶ

2258 5084 2418 5135 πᾶσιν
2484 5086 2547 5135 ἐκ
2604 5082 2697 5135 τοῦ
2754 5084 3040 5154 προχείρου
3094 5084 3345 5155 γνώριμα
3410 5081 3770 5156 διευκρινούμεσ

2258 5192 2373 5240 νος,
2433 5174 2588 5241 ὅπως
2634 5193 2695 5229 τε
2732 5177 2950 5245 γίνεται
2998 5177 3093 5231 καὶ
3148 5176 3303 5242 ὅπως
3348 5176 3657 5239 τελειωθεὶς
3696 5169 3769 5222 διὰ

2258 5268 2364 5325 τοῦ
2436 5265 2665 5334 καρποῦ
2730 5266 2923 5335 τρέφει
2946 5306 2962 5329 ,
3012 5266 3290 5335 φυσικαῖς
3353 5284 3467 5320 τισι
3520 5263 3769 5329 δυνάμεσι

2258 5359 2550 5427 φυόμενος
2570 5375 2632 5411 τε
2653 5360 2747 5411 καί
2769 5360 2968 5422 αὔξων
2994 5360 3088 5413 καὶ
3111 5359 3534 5427 διοικούμενος;
3554 5357 3651 5407 Καὶ
3670 5350 3768 5404 1a?)-

2256 5466 2323 5501 τα
2349 5447 2535 5514 εἰπὼν,
2568 5450 2657 5501 καὶ
2684 5449 2771 5502 τὸν
2800 5451 3055 5520 μονογενῆ
3086 5451 3216 5503 Θεὸν
3248 5450 3394 5503 οὐδὲν
3430 5447 3642 5506 ἀπεικὸς
3661 5438 3767 5493 εἶναέ

2262 5558 2412 5611 φησι,
2433 5540 2712 5613 διαφόρους
2734 5541 2975 5610 δέχεσθαι
3002 5545 3237 5607 ἐπινοίας
3266 5544 3350 5597 διά
3377 5560 3431 5594 τε
3456 5540 3551 5602 τὰς
3578 5532 3765 5594 ἑννοίας.
