4006 6500
218 426 361 483 1033

1338 427 1617 483 CONTRA
1652 428 2039 494 EUNOMlUM,
2072 430 2197 485 [ΛΒ.
2236 430 2344 486 ΧΗ.

3330 441 3469 495 ιυπι

213 541 301 594 διά
348 554 407 592 τε
441 539 539 602 τὰς
563 539 882 609 ἑτερότητας
913 540 1017 592 τῶν
1054 541 1363 611 ἐνεργειῶν,
1398 544 1491 595 καὶ
1510 543 1800 609 ἀναλογίας

1901 549 2021 611 pter
2049 544 2321 607 notiones,
2358 552 2471 597 tum
2522 553 2743 614 propter
2786 544 3133 601 diversitates
3168 549 3468 611 actionum.

212 631 367 693 τινὰς
398 630 491 682 καὶ
520 630 749 699 σχέσεις.
787 631 971 684 Ταῦτα
1014 632 1123 703 γὰρ
1154 633 1470 704 κατακόρως
1508 634 1594 686 ἐπ’
1636 632 1799 686 αὐτοῦ

212 723 529 793 διαθρυλλεῖη
548 720 620 776 τὰ
651 723 907 793 ὀνόματα.
955 724 1139 778 Ἀλλὰ
1159 724 1304 791 πῶς,
1332 727 1515 796 φησὶν,
1543 727 1654 779 οὐκ
1677 724 1804 779 ἄτο-

214 829 352 878 πον,
376 812 655 882 ἀθέμιτον⁹
681 812 751 865 δὲ
765 812 1002 880 μᾶλλον
1015 816 1249 881 τούτοις
1264 814 1676 884 παραϐάλλειν
1695 814 1802 869 τὸν

225 905 624 975 Ἀγέννητον;
660 904 769 957 τίσι
797 904 1038 971 τούτοις;
1074 906 1151 976 τῷ
1208 906 1357 976 σίτῳ,
1412 907 1564 977 φησὶ,
1597 906 1692 959 καὶ
1724 903 1802 975 τῷ

216 999 497 1070 μονογενεί
538 994 676 1065 Θεῷ.
726 996 887 1068 Ὁρᾷς
928 996 1027 1066 τὴν
1070 996 1384 1051 εύλάῦειαν·
1416 992 1533 1050 ἴσον
1578 996 1801 1067 ἀπέχειν

211 1093 313 1160 τῆς
358 1089 514 1156 ἀξίας
564 1086 659 1141 τοῦ
717 1088 1011 1159 ἀγεννήτου
1064 1087 1199 1141 Θεοῦ
1262 1086 1659 1152 κατασκευάζει
1709 1087 1801 1139 τὸν

212 1184 427 1254 βραχὺν
470 1185 634 1247 σῖτον,
676 1183 771 1235 καὶ
822 1181 911 1235 τὸν
958 1181 1234 1252 Μονογενῆ
1264 1181 1413 1234 Θεόν.
1461 1180 1569 1233 Καὶ
1617 1180 1699 1232 ὅτι
1738 1178 1799 1237 ού

213 1274 659 1346 συκοφαντοῦμεν
690 1274 780 1328 τὸν
814 1274 992 1342 λόγον,
1036 1273 1165 1342 παρ’
1200 1271 1376 1325 αὐτῶν
1415 1272 1530 1325 ἐστι
1565 1270 1675 1324 τῶν
1708 1288 1801 1340 γε·-

209 1369 550 1440 γραμμένων
582 1367 767 1437 μαθεῖν
785 1365 949 1420 αὐτοῦ
972 1365 1067 1436 τὴν
1097 1365 1355 1419 διάνοιαν.
1379 1364 1512 1428 Πῶς
1541 1363 1669 1434 γὰρ,
1698 1380 1801 1433 φη-

214 1458 325 1522 σὶν,
368 1458 481 1510 οὐκ
529 1454 787 1518 ἄτοπον,
838 1452 1118 1522 ἀθέμιτον
1168 1452 1236 1506 δὲ
1278 1451 1520 1521 μᾶλλον
1569 1452 1801 1515 τούτοις

211 1543 625 1613 παραϐάλλειν
677 1544 786 1598 τὸν
828 1544 1222 1613 Ἀγέννητον;
1272 1544 1383 1598 Καὶ
1414 1542 1584 1596 ταῦτα
1632 1541 1800 1595 εἰπὼν

212 1634 413 1702 ἐπάγει
442 1633 585 1687 κατά
608 1632 669 1686 τὺ
701 1632 960 1703 ὁμότιμον
987 1631 1078 1685 τὸν
1108 1632 1233 1702 περὶ
1271 1630 1366 1684 τοῦ
1398 1631 1545 1683 σίτου
1585 1629 1678 1683 καὶ
1705 1627 1799 1682 τοῦ

212 1726 424 1796 Κυρίου
464 1725 639 1794 λόγον,
663 1719 781 1779 ἴσον
815 1725 896 1787 εἰς
942 1724 1175 1778 ἀτοπίαν
1220 1723 1439 1795 κρίνων,
1472 1724 1554 1777 ἐνὶ
1597 1724 1801 1777 τούτων

215 1815 585 1888 παραϐάλλειν
623 1816 715 1870 τὸν
751 1815 902 1869 Θεόν.
949 1816 1118 1868 Παντὶ
1162 1815 1218 1868 δὲ
1267 1814 1539 1885 γνώριμον
1587 1815 1799 1877 πάντως

1901 643 1956 687 et
2000 637 2382 704 proportiones
2432 642 2485 690 et
2534 636 2902 692 habitudines.
2938 635 3059 691 Hec
3092 640 3235 693 enim
3279 642 3344 693 ad
3383 659 3470 696 sa-

1903 727 2141 781 tietatem
2176 743 2350 797 usque
2390 729 2442 781 in
2476 729 2594 799 ipso
2626 729 2909 796 pervulgat
2946 733 3188 784 nomina.
3228 732 3352 792 Sed,
3389 734 3471 785 in-

1901 816 2051 885 quit,
2105 816 2364 884 quomodo
2417 833 2519 870 non
2566 816 2895 880 absurdum,
2960 818 3036 871 rel
3091 820 3265 886 potius
3319 822 3468 889 nefas

1900 922 2205 975 comparare
2256 906 2554 977 Ingenitum
2600 908 2681 960 his
2749 908 2934 961 nescio
2987 908 3217 976 quibus,
3276 925 3470 977 nempe.

1904 996 2171 1067 frugibus,
2202 996 2409 1067 inquit,
2449 1004 2504 1051 et
2535 997 2815 1065 unigenito
2845 995 2999 1051 Deo?
3032 996 3191 1052 Vides
3232 998 3416 1051 homin
3446 1019 3471 1051 ε

1900 1088 2446 1155 circumspectionem
2485 1100 2581 1141 seu
2615 1088 2866 1155 pietatem
2897 1105 2910 1141 :
2940 1088 3221 1157 aequaliter
3263 1088 3471 1141 distare

1902 1194 1931 1231 a
1962 1177 2226 1249 dignitate
2256 1178 2484 1246 ingeniti
2518 1178 2612 1233 Dei
2665 1180 2865 1234 astruit
2891 1179 2999 1233 vile
3042 1179 3376 1234 frumentum
3415 1187 3470 1231 et

1902 1271 2244 1341 unigenitum
2304 1270 2495 1325 Deum.
2563 1269 2630 1324 Et
2690 1271 2833 1341 quod
2894 1285 3001 1325 non
3068 1270 3469 1325 calumniamur

1901 1376 2235 1424 sermonem,
2274 1376 2338 1416 ex
2387 1360 2520 1429 ipsis
2562 1360 2784 1431 scriptis
2828 1360 2954 1415 licet
2995 1361 3121 1431 ejus
3158 1363 3468 1432 intelligen-
3572 1394 3577 1403 ι

1898 1454 2029 1506 tiam
2090 1453 2390 1522 percipere,
2430 1451 2727 1517 Quomodo,
2773 1452 2967 1521 inquit,
3007 1462 3106 1506 non
3154 1453 3462 1514 absurdum,

1899 1546 2005 1598 imo
2051 1560 2167 1598 vero
2220 1544 2480 1613 nefarium
2529 1543 2610 1597 his
2662 1559 2969 1611 comparare
3025 1541 3367 1612 Ingenium?
3402 1541 3464 1595 Et

1899 1634 2015 1688 htec
2066 1634 2283 1689 locutus
2331 1633 2611 1704 suhjungit
2643 1648 2826 1702 parem
2878 1632 2943 1687 de
3002 1631 3276 1686 frumento
3309 1641 3361 1684 et
3401 1631 3467 1686 tle

1902 1725 2132 1780 Domino
2188 1739 2520 1789 sermonem,
2578 1724 2839 1792 azqualem
2886 1724 3276 1779 absurditatem
3321 1724 3469 1792 jmlio

1900 1830 2055 1881 cans,
2109 1831 2231 1870 cum
2282 1815 2477 1870 borum
2534 1815 2705 1869 altero
2751 1813 2920 1869 Deum
2968 1814 3241 1869 conferre.
3280 1814 3467 1870 Cuivis

212 1907 276 1961 τὸ
302 1908 541 1961 τοιοῦτόν
572 1910 740 1971 ἐστιν,
786 1908 865 1961 ὅτι
914 1907 982 1961 τά
1024 1908 1121 1976 ίσῳ
1154 1907 1337 1978 μέτρῳ
1373 1907 1515 1967 τινὸς
1563 1907 1799 1976 ἀφεστη-

1901 1908 2041 1962 enim
2091 1916 2279 1961 nutum
2322 1915 2376 1960 ct
2428 1906 2647 1976 planum
2685 1920 2936 1976 prorsum
2989 1906 3122 1961 illud
3174 1913 3280 1970 est,
3321 1906 3466 1976 qqu

214 2000 351 2053 κότα
381 1999 474 2053 καὶ
497 2000 636 2053 αὐτά
675 1999 810 2071 πρὸς
832 1999 1035 2070 ἀλληλα
1062 1999 1121 2051 τὸ
1153 1995 1422 2069 ίσονέχει.
1460 1999 1620 2051 Ὥστε
1654 1998 1795 2051 κατά

212 2090 308 2143 τὸν
345 2090 504 2158 σοφὸν
549 2088 795 2159 θεολόγον
829 2091 858 2143 ὁ
886 2089 995 2143 τῶν
1030 2088 1245 2144 αἰώνων
1276 2087 1521 2159 ποιητὴς,
1568 2087 1662 2141 καὶ
1698 2087 1797 2141 πά·

216 2196 320 2251 σης
350 2181 837 2251 περιδεδραγμένος
881 2182 987 2235 τῶν
1019 2182 1186 2235 ὄντων
1230 2180 1463 2250 φύσεως,
1498 2179 1795 2240 ἰσοστάσιος

214 2272 497 2343 ἀνεδείχθη
543 2273 620 2343 τῷ
664 2274 986 2345 βραχυτάτῳ
1032 2274 1335 2344 σπέρματι,
1392 2272 1550 2342 εἰπερ
1600 2271 1794 2340 ἐπίσης

213 2364 570 2418 ἀπολείπεται
594 2364 696 2435 τῆς
739 2364 874 2437 πρὸς
906 2364 1000 2418 τὸν
1049 2363 1180 2419 Θεὸν
1211 2362 1549 2434 συγκρίσεως
1584 2362 1674 2415 καὶ
1699 2361 1795 2413 αύ-

210 2452 307 2515 ab;
341 2454 434 2507 καὶ
461 2453 492 2506 ὁ
520 2456 685 2520 σῖτος.
724 2455 864 2509 Ἀλλ’
891 2458 924 2527 ή
963 2454 1061 2526 μὲν
1102 2454 1327 2510 ἀσέϐεια
1366 2452 1461 2506 τοῦ
1491 2452 1648 2521 λόγου
1672 2469 1790 2506 τοσ-

211 2542 379 2615 αὕτη.

287 2721 494 2793 Καιρὸς
522 2721 566 2775 δ’
611 2720 676 2775 ἂν
707 2721 792 2792 είη
826 2720 919 2774 καὶ
957 2721 1123 2791 αὐτὴν
1152 2720 1403 2787 ἐξετάσαι
1436 2717 1535 2786 τὴν
1578 2716 1658 2776 εἰς
1696 2712 1794 2785 τὴν

214 2811 569 2884 βλασφημίαν
591 2813 951 2882 κατασκευὴν,
974 2814 1033 2865 ἐν
1050 2812 1156 2865 τίνι
1178 2811 1313 2882 πρὸς
1340 2808 1535 2877 ἑαυτὴν
1556 2804 1633 2875 τῷ
1652 2804 1795 2873 λόγῳ

211 2905 284 2961 δι’
317 2903 635 2967 ἀκολουθίας
668 2905 1018 2974 συνήρτηται.
1049 2900 1231 2956 Εἰπὼν
1263 2901 1388 2972 γὰρ,
1422 2900 1621 2953 ἄτοπον
1652 2890 1793 2948 εἶναι

211 2995 296 3065 τῷ
327 2996 459 3065 σίτῳ
487 2995 579 3048 καὶ
606 2994 684 3065 τῷ
714 2994 931 3066 Χριστῷ
954 2995 1046 3047 τὸν
1074 2993 1205 3046 Θεὸν
1236 2990 1625 3062 παραϐάλλειν,
1656 2985 1793 3053 Περὶ

211 3084 326 3139 τοῦ
354 3087 548 3151 σίτου,
582 3086 765 3155 φησὶν,
793 3086 871 3138 ὃτι
900 3086 1009 3138 οὐκ
1031 3084 1207 3138 ἐστιν
1227 3086 1260 3136 ὀ
1286 3082 1428 3147 Θεὸς
1452 3080 1580 3136 καθ’
1599 3076 1791 3147 ὁμοιό-

210 3192 365 3243 τητα
393 3176 616 3230 τούτων
638 3175 787 3244 πρὸς
808 3173 1150 3244 μεταϐολὴν
1182 3171 1515 3238 ἐπιτήδειος
1540 3209 1556 3235 ,
1585 3167 1713 3237 περὶ
1736 3165 1791 3217 δὲ

212 3268 313 3323 τοῦ
352 3266 687 3337 Μονογενοῦς
721 3267 780 3321 τὸ
828 3266 900 3336 μὴ
944 3263 1081 3319 εἶναι
1125 3264 1287 3319 αὐτὸν
1320 3262 1455 3335 πρδς
1499 3258 1795 3332 μεταϐολὴν
1822 3244 1868 3305 C

211 3358 520 3430 ἐπιτήδειον
552 3359 852 3428 σιωπήσας,
881 3358 972 3411 καὶ
998 3357 1083 3412 διὰ
1112 3355 1300 3411 τούτου
1340 3353 1524 3423 σαφῶς
1553 3350 1791 3415 ἐνδειξά-

215 3468 381 3523 μενος
411 3450 473 3503 τὸ
497 3451 748 3504 ταπεινὸν
776 3452 872 3519 τῆς
904 3449 1077 3515 ἀξίας,
1106 3449 1165 3503 ἐν
1190 3446 1266 3518 τῷ
1300 3446 1375 3518 μὴ
1395 3447 1505 3499 δεῖν
1532 3443 1693 3499 αὐτὸν
1718 3443 1794 3505 ὼς

214 3545 315 3599 καὶ
342 3543 434 3596 τὸν
476 3545 621 3595 σῖτον
655 3541 734 3613 τῷ
777 3540 895 3611 Θεῷ
930 3540 1268 3611 συγκρίνειν,
1303 3539 1482 3610 ἀφῆκε
1514 3538 1604 3591 τὸν
1640 3536 1793 3604 λόγον

218 3634 518 3706 μετέωρον,
545 3634 720 3687 οὐδενὶ
756 3632 898 3704 ἀλλῳ
924 3631 1168 3703 λογισμῷ
1199 3630 1612 3694 κατασκευάσας
1639 3629 1696 3681 ἐν
1716 3625 1794 3697 τῷ

217 3726 380 3798 μέρει
406 3725 580 3795 τούτῳ
606 3725 667 3779 τὸ
695 3724 834 3798 πρὸς
870 3724 959 3779 τὸν
990 3724 1208 3795 Πατέρα
1234 3723 1326 3776 τοῦ
1359 3720 1487 3775 Υἰοῦ
1520 3719 1794 3791 ἀπαράθε-

211 3834 333 3885 τον,
353 3817 430 3880 ὡς
454 3817 656 3872 ἱκανῶν
678 3817 847 3872 ὄντων
870 3818 979 3871 τῶν
1006 3816 1133 3887 περὶ
1160 3815 1249 3868 τὸν
1272 3814 1467 3868 κόκκον
1493 3811 1794 3883 θεωρηθέν-

212 3929 344 3973 των,
375 3910 470 3966 καὶ
493 3909 589 3963 τοῦ
622 3909 752 3963 Υἰοῦ
775 3910 874 3981 τὴν
905 3910 1039 3979 πρὸς
1066 3909 1158 3962 τὸν
1193 3904 1413 3976 Πατέρα
1450 3904 1590 3958 κατά
1620 3903 1679 3956 τὸ
1706 3921 1795 3955 τα-

217 4002 533 4074 πεινότερον
580 4000 933 4072 παραλλαγὴν
968 3997 1418 4063 πνενδείξασθαι.
1477 3995 1635 4049 Ἀλλά
1668 3996 1797 4065 περὶ

217 4097 325 4169 τῆς
360 4096 668 4166 ἀφθαρσίας
711 4093 807 4148 τοῦ
845 4091 1056 4165 Πατρδς
1106 4090 1429 4159 διαλέγεται,
1476 4088 1552 4151 ὡς
1600 4086 1700 4141 ούκ
1736 4086 1795 4152 ἐξ

215 4187 503 4261 “metu;
528 4186 836 4259 προσούσης
863 4182 1030 4255 αὐτῷ.
1070 4184 1210 4251 Ἐγὼ
1237 4182 1317 4246 δὲ,
1341 4182 1389 4234 εἰ
1423 4180 1521 4251 μὲν
1548 4178 1798 4249 ἐνέργειά

215 4280 307 4344 τίς
330 4282 478 4335 ἐστιν
505 4281 537 4350 ἡ
566 4279 735 4341 ὅντως
756 4276 891 4348 ζωὴ,
916 4276 1115 4347 ἑαυτὴν
1142 4273 1459 4345 ἐνεργοῦσα,
1486 4272 1582 4326 καὶ
1605 4272 1653 4324 εἰ
1676 4272 1798 4324 ταύ-

215 4373 313 4427 τόν
338 4373 453 4425 ἐστι
480 4370 569 4439 τῷ
588 4368 969 4441 σημαινομένῳ
1000 4368 1060 4420 τό
1085 4384 1143 4420 τε
1171 4366 1258 4420 ἀεὶ
1286 4365 1405 4437 ζῇν,
1431 4365 1525 4418 καί⁸
1545 4363 1606 4417 τὸ
1637 4362 1800 4433 μηδέ-

219 4482 355 4519 ποτε
383 4465 464 4528 εἰς
492 4463 696 4535 φθορὰν
719 4460 1064 4527 διαλύεσθαι,
1093 4460 1246 4513 olim
1279 4459 1356 4531 τῷ
1398 4458 1543 4529 λόγῳ
1570 4456 1797 4530 προστί-

219 4556 383 4626 θημι,
410 4553 547 4608 ἀλλά
578 4556 692 4616 τοῖς
724 4551 873 4615 ἰδίοις
898 4549 1263 4622 ταμιεύσομαι
1290 4549 1493 4613 τόποις.
1525 4549 1647 4603 Ὅτι
1673 4548 1800 4621 μέν·

220 4666 309 4703 τοι
341 4648 439 4719 μία
470 4648 570 4716 τῆς
598 4645 905 4715 ἀφθαρσίας
934 4644 1052 4697 ἐστί⁸
1079 4644 1304 4707 διάνοιαν,
1339 4642 1599 4706 ὡσαύτως
1627 4642 1718 4695 ἐπί
1744 4657 1804 4696 τε

219 4739 321 4793 τοῦ
351 4739 565 4805 Πατρδς
592 4739 683 4791 καὶ
705 4736 798 4789 τοῦ
825 4734 953 4788 Υἰοῦ
986 4735 1272 4807 νοουμένη,
1298 4734 1393 4788 καὶ
1421 4736 1541 4789 κατ’
1570 4734 1724 4788 οὐδὲν
1744 4732 1807 4788 τὸ

220 4831 324 4887 τοῦ
344 4828 555 4902 Πατρὺς
576 4829 851 4901 ἄφθαρτον
874 4831 971 4899 τῆς
996 4828 1303 4900 ἀφθαρσίας
1330 4826 1423 4881 τοῦ
1450 4826 1580 4880 Υίοῦ
1601 4825 1807 4898 παραλ-

220 4921 437 4988 λάσσει,
457 4920 582 4976 οὔτε
612 4920 800 4989 ὑφέσει
832 4920 937 4972 τινὶ
965 4921 1058 4973 καὶ
1082 4920 1349 4982 ἐπιτάσει,
1381 4917 1503 4973 οὔτε
1529 4920 1635 4972 τινὶ
1663 4917 1807 4989 ἀλλῳ

219 5011 526 5084 διαφθορᾶς
552 5011 740 5083 τρόπῳ
771 5010 868 5080 τῆς
900 5010 1041 5065 κατά
1067 5010 1164 5081 τὴν
1198 5008 1505 5081 ἀφθαρσίαν
1539 5009 1809 5080 παραλλα-

225 5107 335 5175 γῆς
361 5104 776 5176 εὐρισκομένης,
801 5104 959 5157 τοῦτο
986 5103 1082 5157 καὶ
1110 5102 1205 5157 νῦν
1225 5120 1366 5173 φημι
1395 5101 1648 5175 εῦκαιρον
1670 5100 1808 5160 εἶναι

227 5201 325 5252 καὶ
356 5200 443 5251 ἀεὶ
480 5198 687 5265 λέγειν,
727 5199 804 5261 ὡς
833 5197 899 5251 ἂν
933 5194 1199 5266 μηδεμίαν
1230 5195 1339 5263 έχοι
1369 5194 1455 5248 διὰ
1484 5195 1672 5251 τούτου
1701 5196 1809 5267 χώ-

233 5306 336 5361 ραν
360 5291 389 5342 ὁ
415 5290 572 5358 λόγος
597 5287 747 5360 αὐτῷ
777 5291 844 5359 τῇ
875 5288 1013 5341 κατὰ
1048 5286 1145 5357 τὴν
1178 5287 1482 5358 ἀφθαρσίαν
1523 5288 1703 5359 ἐννοίᾳ
1730 5287 1809 5360 τῷ

229 5384 409 5455 Πατρὶ
438 5380 878 5454 προσμαρτυρῶν
900 5380 960 5432 τὸ
990 5381 1123 5451 πρὸς
1152 5380 1243 5431 τὸν
1273 5379 1399 5432 Υἰδν
1426 5378 1805 5450 ἀκοινώνητον.

243 5476 331 5538 Ὠς
360 5474 471 5547 γὰρ
508 5476 636 5544 περὶ
671 5473 762 5526 τὸν
787 5472 1005 5541 Πατέρα
1030 5473 1064 5541 ἡ
1091 5470 1366 5542 ἀφθαρσία
1401 5470 1810 5541 καταλαμϐάνε-

228 5585 342 5630 ται,
374 5566 547 5628 οὓτως
578 5566 671 5618 καὶ
695 5564 810 5617 ἐστι
836 5563 930 5616 τοῦ
965 5561 1301 5630 Μονογενοῦς
1332 5556 1471 5616 εἶναι
1501 5563 1601 5616 οὐκ
1632 5564 1806 5633 ἀμφι-

229 5658 510 5713 ϐάλλεται.
557 5657 631 5709 Τὸ
676 5656 781 5728 γὰρ
819 5656 921 5726 τῆς
972 5656 1176 5726 φθορᾶς
1226 5655 1621 5724 ἀπαράδεκτον,
1671 5656 1808 5727 ὅπερ

231 5750 514 5821 ἀφθαρσία
546 5750 642 5803 καὶ
677 5749 790 5802 ἔστι
822 5750 916 5802 καὶ
954 5747 1197 5815 λέγεται,
1230 5742 1347 5800 ἴσον
1383 5747 1582 5817 μᾶλλον
1620 5748 1678 5800 δὲ
1718 5747 1810 5801 τὸν

232 5842 397 5898 αὑτὸν
424 5841 535 5913 ἔχει
561 5841 717 5908 λόγον
743 5840 826 5909 ἐφ’
847 5833 1015 5909 οὗπερ
1043 5839 1107 5892 ἂν
1139 5838 1385 5912 λέγηται.
1414 5838 1480 5892 Τί
1505 5836 1597 5895 οὖν
1624 5838 1809 5911 μαθὼν

555 5933 825 5997 Parnm.
874 5930 989 5990 Gn.
1040 5931 1227 5993 XLV.

1900 2014 2020 2068 quae
2053 2000 2245 2069 aequali
2276 2013 2529 2054 mensura
2562 1998 2632 2050 ah
2671 1998 2855 2067 aliquo
2884 1997 3109 2063 distant,
3144 2008 3198 2053 et
3237 1998 3354 2074 ipsa
3388 1998 3469 2053 in-

1899 2096 1984 2143 ter
2034 2103 2093 2145 se
2145 2090 2409 2159 aequalem
2466 2087 2669 2142 habent
2718 2102 3055 2142 mensuram.
3101 2086 3282 2153 Quare
3326 2090 3471 2144 sicut

1899 2189 2089 2234 censet
2124 2181 2213 2234 hic
2242 2180 2461 2249 sapiens
2490 2178 2796 2247 theologus,
2836 2178 3161 2232 saeculorum
3194 2178 3467 2243 conditor,

1868 2336 1871 2337 ν
1899 2281 2227 2337 omnemque
2258 2283 2447 2321 eorum
2481 2284 2601 2338 quae
2644 2274 2795 2328 sunt,
2848 2276 3096 2320 naturam
3131 2266 3446 2336 complexus

1897 2361 2126 2429 aqualis
2178 2360 2405 2413 minimo
2451 2360 2646 2414 semini
2698 2359 3103 2414 dcmunstratus
3143 2366 3247 2422 est,
3301 2358 3442 2428 siqui

1898 2451 2021 2505 dem
2055 2448 2336 2518 aequaliter
2361 2448 2527 2503 distat
2568 2464 2598 2502 a
2634 2448 2726 2503 Dei
2757 2448 3166 2519 comparatione
3194 2454 3249 2502 et
3279 2446 3394 2516 ipse
3420 2454 3473 2501 et

1899 2539 2257 2597 frtltnentum.
2289 2542 2465 2610 Atque
2490 2540 2654 2611 hujus
2674 2541 2892 2611 quidem
2916 2539 3186 2595 sermonis
3215 2538 3469 2609 impietas

1901 2639 2051 2686 tanta
2081 2640 2186 2688 est.

1972 2722 2169 2779 Verum
2211 2725 2321 2793 jam
2352 2728 2565 2794 tempus
2591 2722 2752 2780 fuerit
2778 2723 3091 2781 examinate
3120 2721 3471 2795 blasphemia

1898 2816 2307 2882 astructionem,
2357 2816 2411 2870 in
2459 2829 2569 2885 quo
2598 2816 2673 2870 ad
2712 2817 2883 2886 ipsam
2915 2832 3169 2872 sermone
3212 2834 3307 2888 per
3338 2833 3473 2873 con-

1898 2909 2235 2979 sequentiam
2276 2922 2483 2964 annexa
2524 2908 2739 2979 pendet.
2770 2909 2906 2966 Cum
2936 2911 3079 2965 enim
3110 2911 3339 2966 dixisset
3372 2911 3469 2965 ab-

1898 3001 2119 3057 surdum
2141 3015 2262 3055 esse
2295 3001 2565 3056 frumento
2597 3011 2650 3058 et
2671 3001 2889 3057 Christo
2914 3000 3079 3057 Deum
3107 3017 3469 3072 componere:

1898 3092 1976 3146 De
1995 3093 2259 3162 frumento
2287 3093 2483 3163 inquit,
2508 3095 2647 3164 quod
2681 3110 2783 3148 non
2815 3105 2889 3148 est
2921 3094 3057 3149 Deus
3087 3094 3271 3149 horum
3301 3095 3476 3148 instar

1898 3184 2211 3238 mutationis
2251 3199 2443 3253 capax,
2494 3187 2562 3240 de
2610 3184 2898 3257 Unlgenito
2939 3196 3116 3241 autem
3168 3184 3313 3256 quod
3364 3201 3471 3240 non

1899 3275 1973 3331 sit
2006 3277 2120 3345 ipse
2152 3276 2223 3329 ad
2267 3276 2621 3331 mutationem
2658 3285 2815 3346 aptus
2851 3292 2975 3331 cum
3021 3276 3268 3344 reticuit;
3307 3277 3470 3332 etiam

1900 3382 1996 3437 per
2030 3367 2133 3421 hoc
2169 3375 2355 3436 aperte
2391 3368 2649 3422 indicavit
2679 3368 2961 3438 dignitatis
2991 3367 3372 3429 humilitatem,
3414 3368 3471 3421 in

1898 3473 1964 3513 eo
1992 3459 2136 3528 quod
2170 3475 2279 3513 non
2326 3466 2575 3529 oporteat
2603 3459 2805 3529 ipsum,
2855 3460 3001 3513 sicut
3026 3468 3080 3514 et
3114 3456 3469 3521 frumentum,

1898 3565 2022 3606 cum
2042 3550 2152 3606 Deo
2177 3564 2516 3621 comparare,
2544 3564 2869 3620 suspensum
2899 3564 3205 3606 sermonem
3242 3548 3471 3611 dimisit.

1900 3642 2051 3697 nulla
2082 3643 2295 3697 ratione
2326 3642 2430 3696 alia
2464 3650 2796 3712 praestruens
2824 3642 2877 3696 in
2902 3642 3003 3696 hac
3033 3651 3183 3712 parte
3205 3638 3326 3695 Filii
3347 3656 3471 3695 cum

1899 3733 2060 3789 Patre
2101 3732 2498 3803 disparitatem,
2532 3734 2690 3804 quasi
2730 3749 2792 3789 ea
2833 3748 2954 3802 quae
2988 3734 3040 3788 in
3087 3748 3257 3804 grano
3290 3733 3469 3787 consi-

1899 3824 2180 3888 derantur,
2217 3824 2412 3880 idonea
2451 3833 2634 3881 essent
2657 3824 2724 3879 ad
2754 3823 2877 3879 Filii
2906 3839 3027 3879 cum
3072 3825 3251 3885 Patre,
3283 3839 3475 3879 secun-

1899 3914 2029 3970 dum
2088 3915 2140 3970 id
2189 3914 2336 3985 quod
2387 3926 2472 3970 est
2515 3915 2796 3977 humilius,
2844 3915 3204 3969 differentiam
3249 3915 3472 3969 demon-

1900 4005 2202 4063 strandam.
2234 4007 2340 4062 Sed
2366 4006 2434 4062 de
2457 4006 2634 4063 Patris
2681 4007 3194 4077 incorruptibilitate
3225 4006 3469 4069 disserit,

1901 4099 2045 4170 quod
2087 4113 2195 4154 non
2246 4098 2377 4155 insit
2404 4098 2454 4154 ei
2483 4113 2549 4153 ex
2595 4104 2742 4154 actu.
2787 4096 2897 4166 Ego
2944 4104 3146 4162 autem,
3202 4096 3470 4165 siquidem

1901 4199 2056 4247 actus
2086 4191 2307 4261 quidam
2350 4199 2435 4247 est
2471 4204 2599 4245 vera
2643 4197 2696 4244 et
2723 4188 3032 4244 essentialis
3060 4188 3189 4254 vita,
3238 4188 3471 4258 seipsam

1900 4282 2156 4343 elliciens.
2190 4289 2256 4338 et
2297 4282 2341 4337 si
2387 4281 2529 4337 idem
2568 4290 2652 4336 est
2682 4280 2980 4335 secundum
3018 4280 3471 4351 signiﬁcationem

1902 4382 1955 4428 et
1988 4387 2203 4443 semper
2223 4373 2424 4439 vivere,
2449 4380 2503 4427 et
2533 4386 2811 4442 nunquam
2839 4372 2891 4426 in
2916 4371 3191 4426 interitum
3222 4368 3470 4433 dissolvi,

1903 4465 2140 4519 nondum
2176 4463 2370 4518 rationi
2402 4464 2691 4529 assentior,
2731 4463 2827 4518 sed
2862 4462 3096 4533 propriis
3128 4462 3265 4517 locis
3298 4475 3473 4518 reser-

1902 4554 2059 4608 vabo.
2085 4554 2238 4619 Quod
2264 4553 2480 4623 quidem
2503 4569 2611 4608 una
2632 4562 2716 4609 est
2747 4553 2896 4608 notio
2920 4552 3471 4623 incorruptibilitatis,

1905 4660 2027 4717 quae
2071 4647 2260 4701 eodem
2306 4646 2466 4700 modo
2505 4648 2560 4701 in
2594 4644 2754 4701 Patre
2796 4653 2851 4700 et
2878 4644 3016 4701 Filio
3052 4646 3388 4715 intelligitur,
3422 4655 3477 4699 et

1906 4734 2054 4790 nulla
2116 4749 2175 4791 re
2225 4735 2369 4805 quod
2420 4735 2475 4789 in
2518 4735 2677 4791 Patre
2722 4735 3133 4807 incorruptibile
3157 4744 3261 4798 est.
3289 4750 3319 4788 a
3354 4732 3475 4787 Filii

1906 4828 2419 4898 incorruptibilitate
2456 4828 2656 4895 dill'ert,
2711 4844 2888 4900 neque
2918 4829 3240 4885 remissione
3271 4827 3473 4896 aliqua,

1907 4935 2083 4991 neque
2114 4919 2437 4984 intentione,
2466 4935 2592 4974 cum
2633 4934 2734 4975 nec
2762 4921 2944 4990 aliquo
2974 4920 3080 4975 alio
3110 4918 3476 4987 corruptionis

1908 5010 2411 5075 mododiﬂ’erentia,
2429 5026 2550 5080 qua:
2570 5010 2867 5067 secundum
2888 5006 3473 5077 incorruptibilitatcm.

1908 5101 2238 5164 inveniatur,
2270 5100 2374 5156 hoc
2402 5100 2565 5156 etiam
2597 5114 2744 5155 nunc
2791 5100 2914 5153 dico
2940 5102 3306 5167 Opportunum
3354 5110 3476 5149 esse

1907 5200 1963 5249 et
1989 5207 2201 5263 semper
2224 5192 2427 5256 dicere,
2458 5190 2604 5261 quod
2628 5190 2833 5244 nullum
2865 5204 2963 5259 per
2987 5188 3091 5241 hoc
3113 5186 3291 5241 locum
3318 5185 3482 5239 habet

1907 5285 2027 5357 ejus
2055 5298 2256 5347 sermo,
2308 5298 2406 5353 per
2445 5281 2873 5351 incorruptionis
2918 5278 3220 5343 notionem,
3278 5276 3477 5332 Filium

1909 5393 2032 5433 cum
2066 5376 2226 5432 Patre
2265 5377 2469 5430 nullam
2513 5375 2712 5429 habere
2740 5370 2991 5426 essentia:
3034 5369 3475 5424 communionem

1908 5484 2182 5527 asserens.
2219 5467 2372 5523 Sicut
2397 5466 2541 5522 enim
2563 5467 2616 5518 in
2642 5462 2802 5519 Patre
2827 5460 3316 5531 incorruptibilitas
3337 5474 3481 5516 com-

1909 5562 2284 5633 prehenditur,
2310 5560 2389 5615 sic
2405 5567 2458 5614 et
2482 5558 2534 5612 in
2561 5556 2849 5627 Unigenito
2873 5569 2996 5610 esse
3025 5568 3136 5609 non
3162 5554 3474 5623 ambigitur.

1910 5653 2067 5721 Quod
2103 5652 2248 5709 enim
2299 5650 2548 5705 interitus
2579 5663 2685 5701 non
2712 5656 2796 5703 est
2826 5660 3019 5717 capax,
3072 5646 3215 5716 quod
3259 5644 3477 5714 quidem

1910 5742 2398 5815 incorruptibilitas
2450 5748 2504 5795 et
2552 5748 2635 5796 est
2678 5746 2732 5794 et
2792 5738 3009 5803 dicitur,
3053 5738 3336 5808 aequalem,
3397 5736 3478 5789 vel

1912 5838 2094 5911 potius
2126 5834 2373 5895 eamdem
2409 5832 2569 5888 habet
2604 5832 2891 5895 rationem,
2928 5831 2980 5884 in
3015 5843 3342 5898 quoetmque
3394 5828 3478 5880 di-

3040 5917 3112 5980 33
