4006 6482
606 401 747 457 I035

1850 410 1905 466 S.
1942 408 2267 467 GBEGORII
2297 409 2573 470 NYSSEN

3713 416 3844 471 1056

607 496 768 544 citur.
827 488 967 553 Quid
1016 488 1176 560 igitur
1224 490 1436 558 didicit,
1491 510 1588 549 cur
1636 498 1735 551 soli
1781 500 2021 571 ingenito
2064 502 2166 557 Deo

2278 505 2423 576 μόνῳ
2477 506 2886 578 προσμαρτυρεῖ
2927 503 3003 575 τῷ
3052 503 3331 575 ἀγεννήτῳ
3376 502 3529 575 Θεῷ.
3581 504 3645 557 τὸ
3686 508 3759 577 μὴ
3791 508 3846 573 ἐξ

605 580 874 643 attribuit,
907 596 1015 636 non
1056 597 1123 636 ex
1156 592 1280 638 actu
1311 601 1434 642 esse
1473 588 1647 658 ipsius
1693 591 2179 663 incorruptibilita-

603 682 730 737 tem,
760 680 1015 742 tanquam
1048 690 1141 743 per
1180 677 1281 731 hoc
1311 675 1487 733 Patris
1517 693 1547 732 a
1582 677 1719 745 Filio
1748 680 2174 753 discrepantiam

603 757 1028 815 demonstrans?
1062 762 1121 817 Si
1143 765 1288 818 enim
1310 767 1716 835 corruptibilem
1746 774 2001 841 supponit
2023 788 2177 829 crea-

602 856 717 902 tum
742 865 902 904 suum
927 851 1117 919 Deum,
1147 856 1408 923 praeclare
1434 859 1811 928 corruptibilis
1837 877 1961 916 cum
1997 864 2177 919 incor-

602 941 848 1010 ruptibili
896 942 1219 1011 differentia,
1271 962 1389 1000 eam
1419 963 1539 1017 qua:
1583 950 1882 1006 secundum
1926 962 2177 1009 naturam

602 1039 707 1096 est,
743 1035 1167 1103 discrepantiam
1197 1040 1458 1093 ostendit.
1490 1040 1647 1107 Quod
1693 1042 1738 1097 si
1777 1044 2029 1100 interitus
2068 1061 2175 1100 non

604 1136 772 1190 capax
804 1125 993 1177 eodem
1026 1125 1188 1180 modo
1212 1135 1295 1181 est
1338 1138 1599 1199 uterque;
1646 1146 1823 1201 neque
1853 1135 2049 1203 magis.
2081 1150 2177 1190 ne-

605 1229 713 1282 que
740 1216 920 1270 minus
952 1217 1005 1269 in
1038 1215 1577 1288 incorruptibilitate,
1603 1239 1722 1291 qua:
1752 1226 2049 1279 secundum
2081 1242 2177 1281 na-

608 1313 783 1358 turam
817 1316 919 1373 est,
950 1308 1448 1378 comprehenditur,
1496 1314 1769 1382 quomodo
1808 1315 2017 1372 Patrem
2048 1333 2173 1374 cum

607 1398 886 1465 unigenito
925 1397 1063 1453 Filio
1104 1415 1211 1454 non
1248 1416 1408 1471 posse
1444 1407 1750 1474 comparari
1802 1407 2174 1464 demonstrat?

605 1485 701 1541 Vel
735 1488 864 1557 quid
896 1490 1011 1543 vult
1058 1506 1168 1544 non
1198 1506 1262 1545 ex
1295 1504 1418 1547 actu
1464 1511 1709 1551 asserere
1738 1496 1883 1551 Patri
1916 1500 2058 1569 quod
2091 1500 2175 1555 in~

603 1577 957 1645 corruptibile
1003 1580 1124 1634 est?
1177 1579 1280 1635 Sed
1322 1597 1548 1652 scopum
1602 1586 1801 1638 evolvit
1839 1596 1893 1640 et
1942 1588 2176 1657 explicat

604 1682 855 1721 sermone
908 1677 1189 1739 sequente.
1231 1669 1349 1725 Non
1399 1688 1465 1726 ex
1511 1676 1941 1743 operationibus,
1978 1678 2171 1748 inquit,

603 1757 1035 1826 incorruptibilis
1085 1768 1191 1825 est,
1239 1769 1292 1815 et
1330 1762 1628 1831 ingenitus,
1669 1764 1761 1817 sed
1801 1772 1859 1818 ut
1904 1764 2065 1822 Pater
2118 1775 2174 1824 et

602 1846 789 1897 mundi
830 1847 1030 1916 opifex.

673 1944 771 1998 llic
813 1946 943 1999 mihi
976 1954 1212 2004 attentas
1252 1964 1413 2005 aures
1452 1951 1693 2020 praebere
1722 1954 2023 2010 auditorem
2058 1972 2171 2011 ma-

600 2036 744 2090 xime
784 2039 1016 2107 postulo.
1053 2038 1336 2104 Quomodo
1384 2041 1527 2097 idem
1564 2059 1685 2100 esse
1739 2055 1894 2115 putat
1938 2048 2169 2104 duorum

602 2130 795 2184 horum
826 2132 1106 2187 nominum
1139 2135 1525 2203 signiﬁcatum,
1562 2143 1880 2205 creationis,
1922 2144 2168 2215 inquam,

599 2230 653 2275 et
709 2224 1081 2290 paternitatis?
1135 2224 1517 2294 Operationem
1587 2232 1731 2286 enim
1791 2250 1913 2290 esse
1974 2236 2169 2292 borum

600 2325 891 2387 utrumque
920 2332 984 2372 ex
1004 2334 1162 2389 aequo
1193 2321 1402 2386 definit,
1438 2324 1640 2381 diserte
1668 2327 1747 2381 sic
1772 2344 2023 2386 sermone
2048 2347 2171 2401 pro-

600 2408 888 2464 nuntians:
951 2410 1378 2480 lncorruptibilis
1430 2433 1534 2471 non
1596 2429 1673 2473 est
1718 2436 1783 2473 ex
1844 2425 2165 2491 operatione,

603 2499 767 2553 Pater
795 2511 967 2555 autem
992 2513 1041 2557 et
1074 2506 1257 2559 mundi
1286 2507 1461 2575 opifex
1490 2525 1555 2563 ex
1584 2512 1971 2579 operationibus
2002 2518 2169 2570 nomi-

599 2599 778 2642 natur.
814 2590 869 2644 Si
898 2592 1062 2661 igitur
1090 2594 1231 2648 idem
1267 2606 1351 2651 est
1380 2596 1594 2653 Patrem
1622 2609 1675 2655 et
1699 2603 1884 2657 mundi
1916 2607 2167 2674 opificem

599 2678 775 2749 ipsum
810 2681 937 2746 dici,
968 2684 1095 2753 quia
1126 2687 1371 2756 Operatio
1399 2690 1468 2744 sit
1497 2690 1544 2744 ei
1574 2692 1857 2747 amborum
1887 2697 2167 2752 nominum

598 2788 784 2837 causa,
820 2790 1042 2832 necesse
1075 2788 1157 2832 est
1187 2780 1411 2834 omnino
1440 2784 1819 2851 operationum
1848 2787 2037 2843 effecta
2070 2804 2167 2844 co-

596 2879 796 2934 genere
824 2882 883 2922 se
916 2867 1116 2924 habere
1147 2868 1285 2925 inter
1325 2886 1404 2937 se,
1434 2888 1498 2927 ex
1531 2888 1595 2928 eo
1624 2874 1741 2945 ipso
1774 2878 1918 2947 quod
1948 2894 2015 2933 ex
2041 2896 2169 2950 ope-

597 2956 810 3012 ratione
859 2958 1113 3014 similiter
1150 2960 1277 3015 sint.
1318 2960 1429 3018 Hoc
1478 2972 1661 3021 autem
1710 2966 1778 3021 ad
1810 2985 1969 3040 quem
2022 2972 2170 3029 blas-

598 3046 827 3115 phemiae
856 3050 1148 3103 terminum
1181 3066 1277 3120 per
1298 3056 1744 3124 consequentiam
1776 3058 2021 3125 effertur,
2051 3063 2169 3117 cui-

598 3136 680 3191 vis
712 3140 1056 3208 perspicuum
1090 3148 1173 3196 est
1197 3141 1395 3198 scienti
1423 3159 1645 3201 cernere
1665 3149 1795 3218 quid
1824 3150 2022 3222 cuique
2043 3171 2166 3209 con-
2192 3185 2236 3246 ε

598 3238 877 3300 sequatur.
916 3231 1025 3303 Ego
1057 3249 1187 3298 vero
1224 3250 1561 3308 quaecunque
1600 3240 1667 3295 de
1696 3241 1783 3298 his
1814 3246 2025 3300 ratione
2050 3248 2165 3301 col-

597 3322 728 3391 ligo,
776 3338 1089 3380 sermonum
1136 3327 1507 3398 disquisitioni
1554 3331 1678 3386 volo
1729 3333 1985 3403 adjicere.
2022 3336 2166 3394 Fieri

597 3429 706 3468 non
755 3422 950 3486 potest,
998 3424 1058 3471 ut
1095 3420 1341 3489 operatio
1374 3421 1453 3476 rei
1486 3422 1722 3492 alicujus
1752 3425 1994 3482 eﬂ‘ectrix
2048 3429 2166 3499 ipsa

597 3520 693 3572 per
723 3521 781 3559 se
805 3506 1089 3571 subsistat,
1132 3508 1178 3562 si
1204 3523 1312 3563 non
1352 3509 1541 3565 subest
1569 3512 1774 3582 aliquid
1802 3515 1947 3582 quod
1976 3530 2167 3585 opera-

598 3597 762 3650 tionis
793 3608 999 3650 motum
1030 3599 1313 3668 suscipiat,
1342 3602 1508 3656 veluti
1536 3605 1751 3673 operari
1786 3605 2020 3664 dicimus
2039 3625 2163 3663 eum

597 3684 687 3752 qui
720 3700 793 3739 res
820 3687 1090 3755 procudit,
1124 3689 1261 3745 efIici
1292 3706 1421 3747 vero
1444 3695 1728 3750 materiam
1758 3712 1881 3768 qua:
1909 3700 2009 3755 arti
2036 3702 2166 3757 sub-

592 3772 737 3839 jecta
768 3784 871 3829 est.
909 3777 1048 3846 Ergo
1076 3778 1190 3833 haec
1226 3780 1370 3835 inter
1398 3796 1456 3836 se
1476 3786 1839 3841 necessariam
1871 3789 2162 3858 quamdam

598 3863 911 3919 relationem
938 3866 1157 3932 habent,
1189 3868 1375 3926 efﬁcax
1401 3880 1454 3927 et
1480 3874 1717 3943 patibilis
1746 3876 2001 3939 facultas.
2032 3897 2165 3951 quo-

597 3970 714 4007 rum
752 3955 795 4008 si
833 3957 1041 4014 ratione
1084 3960 1311 4016 alterum
1364 3962 1526 4019 fuerit
1565 3976 1894 4036 separatum,
1950 3987 2059 4027 non
2108 3975 2163 4027 in

595 4047 774 4115 seipso
827 4064 923 4118 per
978 4066 1036 4105 se
1098 4052 1327 4108 alterum
1376 4057 1707 4112 constiterit.
1763 4060 1821 4115 Si
1874 4061 2018 4116 enim
2056 4079 2162 4118 non

597 4137 760 4194 fuerit
785 4142 927 4209 quod
966 4144 1188 4211 patitur,
1218 4145 1364 4215 quod
1395 4154 1519 4216 agat
1546 4164 1655 4203 non
1686 4151 1810 4205 erit.
1835 4152 1975 4218 Quid
2000 4154 2166 4224 igitur

595 4245 657 4283 ex
695 4234 797 4284 hoc
823 4234 1132 4297 conficitur,
1181 4235 1228 4290 si
1260 4251 1369 4291 non
1406 4252 1502 4307 per
1533 4253 1592 4293 se
1635 4241 1889 4297 consistit
1920 4246 2165 4314 operatio

597 4321 677 4373 rei
722 4322 954 4389 alicujus
997 4324 1263 4390 effectrix,
1305 4328 1350 4383 si
1391 4343 1499 4383 non
1533 4329 1676 4387 adsit
1724 4332 2027 4403 subjectum
2067 4353 2165 4406 pa-

596 4410 778 4465 tiens?
815 4412 976 4467 Pater
1014 4423 1214 4479 autem,
1246 4419 1389 4473 sicut
1422 4420 1509 4476 isti
1540 4422 1713 4486 aiunt,
1740 4424 1873 4479 nihil
1909 4427 2054 4482 aliud
2082 4437 2163 4485 est

2278 598 2558 670 ἐνεργείας
2585 592 2722 651 εἶναι
2755 597 2854 668 τὴν
2882 596 3188 668 ἀφθαρσίαν
3223 594 3408 660 αὐτοῦ,
3445 596 3522 658 ὡς
3547 595 3637 648 διὰ
3663 598 3844 651 τούτου

2276 692 2376 761 τὴν
2412 691 2551 745 κατά
2591 690 2684 744 τοῦ
2722 690 3056 757 Μονογενοῦς
3100 688 3453 759 παραλλαγὴν
3490 689 3709 761 [ἰατρὸς
3746 692 3851 744 65t-

2278 782 2486 846 κνύων;
2534 783 2597 835 Ei
2638 782 2736 852 μὲν
2761 780 2869 852 γὰρ
2907 780 3139 852 φθαρτὸν
3167 779 3480 834 ὑποτίθεται
3513 781 3608 834 τὸν
3638 783 3850 835 mme

2277 873 2469 928 ἑαυτοῦ
2499 873 2652 937 Θεὸν,
2689 871 2867 935 καλῶς
2891 874 2958 943 τῇ
2993 871 3085 925 τοῦ
3122 870 3361 941 φθαρτοῦ
3393 872 3532 941 πρὸς
3556 874 3619 924 τὸ
3646 872 3851 942 ἀφθαρ-

2275 985 2366 1021 τον
2394 967 2658 1037 διαφορᾷ,
2687 964 2785 1036 τὴν
2818 964 2958 1017 κατά
2993 962 3091 1035 τὴν
3129 963 3289 1033 φύσιν
3329 964 3688 1035 παραλλαγὴν
3716 966 3851 1017 ἀπο-

2275 1058 2563 1112 δείκνυσιν.
2598 1058 2657 1109 Εί
2686 1056 2742 1110 δὲ
2765 1057 3113 1119 ἀνεπίδεκτος
3141 1056 3346 1126 φθορᾶς
3366 1056 3632 1120 ὡσαύτως
3661 1059 3848 1110 ἑκάτε-

2279 1168 2389 1221 ρος,
2424 1150 2517 1203 καὶ
2544 1147 2666 1202 οὕτε
2703 1148 2764 1202 τὸ
2800 1148 3018 1219 μᾶλλον,
3055 1146 3177 1201 οὔτε
3214 1149 3276 1201 τὸ
3313 1145 3476 1217 ἦττον
3510 1150 3567 1201 ἐν
3597 1153 3669 1219 τῇ
3711 1150 3850 1203 κατὰ

2276 1242 2435 1311 φύσιν
2469 1242 2745 1313 ἀφθαρσίᾳ
2773 1240 3271 1311 καταλαμϐάνεται*
3317 1241 3433 1303 πῶς
3474 1240 3718 1294 δείκνυσι
3758 1240 3847 1294 τοῦ

2274 1335 2487 1407 Πατρὸς
2508 1336 2643 1407 πρὸς
2667 1335 2759 1387 τὸν
2791 1333 3049 1404 μονογενῆ
3073 1332 3200 1386 Υίὸν
3221 1333 3283 1385 τὸ
3306 1332 3636 1405 ἀσύγκριτον
3659 1350 3674 1397 ;
3697 1334 3772 1386 Ἦ
3799 1333 3848 1386 τί

2276 1426 2521 1497 βούλεται
2555 1425 2616 1478 τὸ
2656 1425 2731 1495 μὴ
2774 1424 2835 1489 ἐξ
2876 1423 3150 1494 ἐνεργείας
3194 1424 3734 1495 προσμαρτυρεῖσθαι
3774 1425 3850 1495 τῷ

2274 1518 2445 1587 Πατρὶ
2469 1516 2530 1569 τὸ
2563 1517 2865 1587 ἀφθαρτον;
2900 1514 3036 1567 Ἀλλ’
3058 1514 3385 1568 ἐκκαλύπτει
3412 1514 3503 1567 τὸν
3534 1517 3738 1568 σκοπὸν
3771 1516 3851 1585 τῷ

2275 1606 2412 1677 μετά
2428 1605 2601 1660 ταῦτα
2623 1604 2765 1675 λόγῳ
2786 1622 2798 1635 ·
2822 1606 2923 1658 οὐκ
2946 1603 3005 1671 ἐξ
3023 1603 3331 1676 ἐνεργειῶν,
3363 1606 3546 1675 φησιν,
3568 1606 3850 1676 ἄφθαρτός

2273 1699 2389 1753 ἐστι
2427 1697 2521 1752 καὶ
2553 1697 2877 1769 ἁγέννητος,
2911 1695 2987 1760 ὡς
3026 1697 3216 1767 Πατὴρ
3261 1696 3318 1749 δὲ
3367 1698 3460 1750 καὶ
3493 1696 3846 1769 δημιουργός.

2340 1967 2526 2037 Τούτῳ
2565 1982 2653 2037 μοι
2676 1963 2961 2035 προσέχειν
2988 1960 3219 2032 μάλιστα
3252 1960 3341 2013 τὸν
3370 1959 3646 2030 ἀκροατὴν
3682 1958 3843 2026 ἀξιῶ.

2272 2061 2396 2125 Πῶς
2421 2057 2614 2112 ταύτὸν
2636 2057 2807 2110 οἴεται
2832 2054 2941 2108 τῶν
2969 2052 3062 2107 δύο
3096 2052 3301 2106 τούτων
3335 2052 3615 2122 ὀνομάτων
3655 2052 3718 2104 τὸ
3748 2070 3848 2122 ση-

2274 2152 2611 2223 μαινόμενον,
2638 2146 2738 2218 τῆς
2758 2145 3134 2216 δημιουργίας,
3154 2143 3316 2212 λέγω,
3343 2144 3438 2197 καὶ
3455 2144 3552 2212 τῆς
3575 2144 3845 2213 πατρότη-

2268 2258 2380 2305 τοςο
2414 2240 2687 2311 ἐνέργειαν
2714 2238 2822 2308 γὰρ
2847 2230 2984 2288 εἶναι
3010 2233 3213 2287 τούτων
3237 2232 3491 2303 ἑκάτερον
3512 2232 3709 2303 ἐπίσης
3735 2233 3845 2303 δρία

2270 2336 2439 2400 ζεται,
2469 2331 2654 2402 σαφῶς
2675 2330 2846 2392 οὕτως
2863 2326 3190 2398 διαγορεύων
3210 2325 3288 2395 τῷ
3306 2325 3467 2395 λόγῳ,
3490 2325 3569 2377 ὅτι
3596 2326 3843 2392 “5500p—

2270 2444 2370 2492 τος
2398 2424 2514 2494 μὲν
2549 2423 2660 2477 οὐκ
2702 2418 2965 2489 ἐνεργείᾳ
3006 2416 3214 2479 ἐστίν,
3253 2414 3453 2481 Πατὴρ
3497 2412 3566 2465 δὲ
3611 2414 3709 2465 καὶ
3750 2413 3843 2479 δη-

2264 2516 2545 2587 μιουργὸς
2575 2512 2643 2576 ἐξ
2670 2508 2978 2579 ἐνεργειῶν
3010 2505 3366 2576 ὀνομάζεται.
3402 2505 3465 2557 Ei
3496 2504 3674 2556 τοίνυν
3710 2505 3841 2556 ταὺ-

2269 2610 2359 2661 τόν
2398 2610 2513 2659 ἐστι
2539 2602 2759 2673 Πατέρα
2785 2617 2843 2653 τε
2870 2601 2963 2653 καὶ
2993 2596 3319 2669 δημιουργὸν
3350 2596 3509 2649 αὑτὸν
3541 2594 3837 2662 λέγεσθαι,

2267 2700 2345 2769 τῷ
2368 2698 2465 2769 τὴν
2495 2696 2773 2764 ἐνέργειαν
2795 2690 3118 2761 ἀμφοτέρων
3156 2687 3303 2757 αὐτῷ
3327 2686 3571 2756 γίνεσθαι
3597 2687 3708 2739 τῶν
3736 2688 3841 2738 ὀνο-

2272 2794 2457 2864 μάτων
2497 2787 2706 2851 αίτίαν,
2733 2783 2947 2855 ἀνάγκη
2982 2782 3130 2835 πᾶσα
3169 2781 3264 2833 καὶ
3290 2780 3359 2832 τά
3393 2778 3502 2832 τῶν
3547 2777 3841 2847 ἐνεργειιῖιν

2266 2880 2680 2950 ἀποτελέσματα
2712 2874 2986 2947 ὁμογενῶς
3008 2873 3150 2943 ἔχειν
3178 2871 3441 2942 ἀλλήλοις,
3467 2872 3587 2923 κατ’
3619 2871 3754 2924 αὐτὸ
3784 2871 3842 2922 τὸ

2267 2971 2329 3039 ἐξ
2384 2968 2661 3043 ἐνεργείας
2714 2965 2913 3038 ὁμοίως
2962 2958 3121 3017 εἶναι.
3176 2960 3344 3015 Τοῦτο
3389 2959 3444 3014 δέ
3501 2958 3637 3030 πρὸς
3690 2961 3843 3012 ποῖον

2270 3062 2616 3138 βλασφημίας
2670 3059 2843 3130 πέρας
2894 3057 2981 3109 διὰ
3019 3057 3118 3126 τῆς
3155 3051 3472 3116 ἀκολουθίας
3516 3052 3840 3122 ἐκφέρεται,

2270 3159 2434 3213 παντὶ
2469 3154 2631 3225 δῆλόν
2675 3153 2793 3205 ἐστι
2827 3149 2905 3222 τῷ
2950 3147 3295 3218 ἐπισταμένῳ
3342 3144 3557 3214 βλέπειν
3605 3144 3745 3214 πρὸς
3782 3142 3847 3196 τὺ

2268 3244 2577 3309 ἀκόλουθον.
2620 3242 2761 3312 Ἐγὼ
2786 3242 2830 3296 δ’
2852 3242 2951 3295 ὅσα
2980 3240 3106 3311 περὶ
3140 3239 3342 3292 τούτων
3369 3238 3674 3306 λογίζομαι,
3716 3234 3841 3305 βού-

2265 3346 2429 3414 λομαι
2476 3338 2788 3410 προσθεῖναι
2840 3336 2905 3405 τῇ
2959 3331 3299 3395 συνεξετάσει
3344 3330 3455 3383 τῶν
3484 3329 3680 3397 λόγων.
3728 3329 3843 3381 Οὐκ

2266 3436 2413 3490 ἐστιν
2445 3432 2723 3504 ἐνέργειαν
2755 3426 3161 3499 ἀπεργαστικήν
3199 3441 3343 3487 τινος
3389 3424 3714 3495 πράγματος
3742 3424 3841 3475 αὖ-

2265 3529 2364 3599 τὴν
2387 3527 2473 3595 ἐφ’
2507 3521 2706 3592 ἐαυτῆς
2736 3518 3015 3587 συστῆναι,
3049 3518 3122 3588 μή
3150 3533 3290 3579 τινος
3321 3514 3717 3584 ὑποδεχομένου
3744 3515 3841 3584 τῆς

2267 3616 2546 3689 ἐνεργείας
2591 3612 2688 3683 τὴν
2727 3610 2976 3679 κίνησιν⁶
3021 3604 3134 3660 οἷον
3163 3607 3404 3677 ἐνεργεῖν
3448 3604 3500 3657 τί
3528 3621 3715 3672 φαμεν
3752 3602 3839 3655 τὸν

2266 3715 2613 3789 χαλκεύοντα,
2654 3708 2990 3782 ἐνεργεῖσθαι
3020 3706 3077 3759 δὲ
3105 3705 3202 3776 τὴν
3234 3703 3553 3773 ἐγκειμένην
3594 3700 3731 3769 ὓλην
3773 3702 3836 3770 τῇ

2264 3807 2447 3876 τέχνῃ.
2477 3799 2686 3857 Οὐκοῦν
2703 3796 3003 3865 ἀναγκαίαν
3029 3794 3139 3865 ἔχει
3159 3791 3279 3897 τινὰ
3306 3791 3494 3897 σχέσιν⁸
3508 3791 3687 3897 ταῦτα
3707 3790 3839 3897 πρρς

2267 3896 2469 3967 ἄλληλα
2502 3896 2535 3965 ἡ
2568 3888 2890 3963 ὲνεργητικὴ
2933 3887 3027 3939 καὶ
3067 3887 3100 3956 ἡ
3145 3883 3448 3981 παθητικὴ-
3465 3882 3697 3981 δύναμις
3721 3922 3736 3945 ,
3767 3882 3839 3981 ὧν

2266 3989 2315 4042 εί
2341 3984 2634 4057 χωρισθείη
2660 3980 2738 4051 τῷ
2766 3980 2911 4047 λόγῳ
2953 3976 3013 4030 τὸ
3040 3976 3257 4045 ἕτερον,
3297 3974 3395 4026 οὑκ
3417 3973 3482 4026 ἄν
3510 3972 3597 4040 ἐφ’
3642 3972 3837 4024 ἐαυτοῦ

2268 4076 2494 4147 συσταίη
2521 4075 2614 4128 καὶ
2640 4072 2700 4125 τὸ
2723 4070 3061 4139 λειπόμενον.
3088 4067 3151 4119 Εί
3174 4064 3282 4137 γὰρ
3309 4066 3382 4135 μὴ
3411 4063 3475 4117 τὸ
3496 4063 3709 4133 πάσχον
3730 4062 3836 4133 εἴη,

2264 4169 2326 4222 τὺ
2344 4164 2597 4239 ἐνεργοῦν
2624 4164 2723 4217 οὑκ
2754 4161 2925 4215 ἐσται.
2960 4159 3025 4212 Τί
3051 4153 3144 4212 οὖν
3176 4158 3240 4210 ἐκ
3267 4155 3456 4209 τούτου
3490 4157 3837 4210 κατασκευά-

2264 4258 2414 4324 ζεται
2438 4297 2455 4324 ,
2497 4258 2546 4310 εί
2587 4254 2648 4309 οὐ
2677 4254 2990 4308 συνίσταται
3031 4249 3152 4303 καθ’
3186 4247 3381 4318 ἑαυτὴν
3418 4248 3451 4316 ἡ
3483 4247 3758 4316 ἐνέργεια,
3800 4248 3835 4315 ἠ

2265 4345 2653 4415 ἀποτελεστική
2683 4358 2827 4405 τινος
2861 4340 3202 4411 πράγματος,
3236 4338 3309 4408 μὴ
3349 4337 3715 4406 ὑποκειμένου
3742 4337 3834 4389 τοῦ

2265 4439 2602 4509 πάσχοντος;
2652 4436 2711 4488 ὐ
2744 4432 2932 4503 Πατὴρ
2967 4431 3045 4497 δὲ,
3085 4429 3265 4491 καθὼς
3294 4423 3437 4482 οὗτοί
3471 4444 3657 4495 φασιν,
3686 4428 3837 4481 οὐδὲν

596 4517 758 4570 quam
788 4506 1063 4572 Operatio:
1118 4509 1360 4578 patibilis
1390 4510 1555 4580 igitur
1580 4529 1674 4582 per
1709 4513 1823 4569 ha‘c
1850 4518 2163 4587 unigenitus

2268 4506 2452 4601 ἐτερύν
2475 4529 2620 4582 ἐστιν
2652 4526 2686 4597 ἢ
2716 4525 2964 4596 ἐνέργεια
2983 4539 2998 4554 ο
3038 4521 3275 4591 παθητὸς
3300 4520 3406 4592 ἀρα
3446 4520 3535 4574 διὰ
3566 4520 3773 4573 τούτων
3806 4521 3835 4572 ὁ

595 4590 766 4648 Filius
800 4595 1227 4662 demonstratur,
1253 4600 1318 4654 ad
1360 4601 1651 4658 motionem
1686 4607 2014 4673 Operationis
2043 4625 2163 4679 qua:

594 4686 773 4753 ipsum
825 4688 1125 4745 subsistere
1171 4691 1301 4746 facit
1320 4692 1654 4753 efformatus.
1691 4698 2159 4765 Quemadmodum

592 4779 736 4832 enim
769 4781 1006 4835 universi
1053 4782 1385 4839 conditorem
1433 4786 1686 4853 dicimus,
1735 4791 2008 4859 patibilem
2056 4796 2158 4848 ali-

593 4884 753 4938 quam
796 4878 850 4925 et
891 4869 1047 4926 facile
1078 4873 1355 4927 cedentem
1384 4877 1664 4932 materiam
1696 4881 2018 4949 subiecisse,
2052 4885 2159 4940 sic-

590 4977 697 5029 que
724 4960 991 5018 eﬂicacem
1024 4965 1105 5018 sui
1130 4965 1301 5033 ipsius
1325 4967 1685 5036 operatricem
1720 4975 2011 5028 essentiam
2033 4976 2157 5031 οσο-

589 5053 758 5107 cisse:
800 5054 853 5107 in
886 5057 1237 5111 sensibilibus
1267 5058 1487 5128 quidem
1510 5062 1690 5117 varias
1716 5072 1771 5118 et
1796 5067 2158 5126 multiformes

589 5144 839 5211 subjecto
887 5148 1177 5216 qualitates
1231 5151 1298 5204 ad
1346 5152 1614 5223 cujusque
1652 5170 1839 5211 eorum
1871 5175 1993 5228 quae
2022 5160 2158 5215 ﬁunt

585 5235 921 5293 etl‘ectionem
948 5239 1243 5296 artificiose
1269 5242 1632 5312 inserentem;
1673 5255 1728 5301 at
1755 5264 1882 5303 vero
1915 5251 1968 5305 in
1998 5252 2157 5308 intel-

588 5326 884 5395 ligibilibus
920 5330 1093 5384 altero
1141 5331 1325 5395 modo,
1358 5349 1468 5388 non
1514 5336 1874 5404 quaiitatibus
1914 5341 2008 5395 sed
2044 5342 2155 5396 ele-

584 5420 743 5474 ctivis
774 5419 1197 5489 impulsionibus
1225 5422 1659 5481 conformantem
1699 5428 2024 5496 subjectum.
2064 5430 2155 5487 Sic

585 5515 896 5568 necessario
932 5515 977 5570 si
1010 5515 1306 5572 efﬁcaciam
1334 5517 1459 5585 quis
1488 5517 1711 5573 definiat
1748 5521 2150 5589 paternitatem,

582 5620 690 5657 non
741 5605 899 5659 aliter
942 5606 1340 5662 demonstrabit
1380 5623 1503 5664 esse
1550 5607 1672 5662 Filii
1708 5609 2148 5677 subsistentiam,

583 5691 684 5745 nisi
721 5708 815 5761 per
843 5695 1080 5765 aliquam
1105 5696 1383 5765 patibilem
1414 5699 1697 5753 materiam
1727 5700 1955 5754 omnino
1985 5701 2149 5757 abso;-

581 5780 769 5838 lutam.
804 5782 861 5837 Si
902 5784 1045 5840 enim
1076 5785 1395 5857 impatibilis
1422 5789 1853 5857 existimaretur,
1898 5794 2141 5851 renitens

2268 4619 2560 4692 μονογενὴς
2590 4618 2719 4681 Υἱὸς
2750 4614 3147 4675 ἀποδείκνυται,
3179 4612 3312 4682 πρὸς
3340 4611 3439 4682 τὴν
3474 4611 3692 4683 κίνησιν
3736 4611 3833 4680 τῆς

2264 4708 2573 4778 ὑφιστώσης
2600 4706 2758 4760 αὐτὸν
2786 4703 3064 4775 ἐνεργείας
3091 4699 3442 4769 τυπούμενος.
3482 4700 3572 4761 Ὧς
3598 4701 3712 4770 γὰρ
3745 4699 3831 4752 τὸν

2261 4800 2355 4853 τοῦ
2400 4798 2598 4861 παντὸς
2631 4796 2957 4867 δημιουργόν
2998 4809 3175 4863 φαμεν
3218 4791 3525 4861 παθητικήν
3572 4809 3697 4844 τινα
3743 4792 3829 4844 καὶ

2261 4890 2501 4945 εὑεικτον
2564 4888 2696 4958 ὓλην
2745 4885 3179 4955 ὑποϐαλλόμενον
3228 4883 3445 4953 ἐνεργὸν
3493 4884 3693 4937 ἑαυτοῦ
3736 4886 3827 4953 τὴν

2260 4982 2654 5055 δημιουργικὴν
2676 4979 2860 5033 οὐσίαν
2884 4978 3124 5047 ποιῆσαι·
3150 4975 3242 5028 ἐπὶ
3272 4976 3368 5042 μὲν
3394 4975 3503 5029 τῶν
3532 4976 3823 5047 αἰσθητῶν,

2259 5070 2355 5133 τὰς
2378 5069 2626 5132 ποικίλας
2643 5086 2701 5121 τε
2725 5068 2818 5121 καὶ
2840 5066 3134 5129 πολυειδεῖς
3152 5064 3228 5134 τῷ
3248 5065 3590 5135 ὑποκειμένῳ
3618 5069 3826 5134 ποιότη-

2258 5178 2357 5223 τας
2406 5161 2540 5232 πρὸς
2581 5159 2680 5230 τὴν
2727 5159 2954 5212 ἑκάστου
2985 5157 3094 5211 τῶν
3143 5156 3441 5226 γινομένων
3484 5157 3823 5226 ἀπεργασίαν

2257 5252 2515 5322 τεχνικῶς
2540 5251 2910 5311 ἐπιϐάλλοντα,
2937 5252 3028 5303 ἐπὶ
3062 5249 3117 5302 δέ
3149 5249 3253 5301 τῶν
3279 5247 3479 5318 νοητῶν
3503 5248 3695 5319 ἕτερον
3718 5251 3823 5319 τρό-

2258 5359 2357 5394 πον
2385 5342 2503 5411 οὑχὶ
2534 5340 2830 5410 ποιότησιν,
2866 5338 2999 5391 ἀλλὰ
3034 5338 3437 5409 προαιρετικαῖς
3469 5338 3671 5407 ὁρμαῖς
3714 5337 3819 5388 δια-

2259 5430 2569 5503 μορφοῦντα
2610 5431 2671 5483 τὸ
2721 5429 3093 5499 ὑποκείμενον.
3138 5427 3322 5489 Οὕτως
3373 5425 3433 5491 ἐξ
3478 5428 3726 5494 ἀνάγκης
3775 5430 3819 5478 εξ

2254 5521 2531 5591 ἐνέργειάν
2576 5538 2660 5584 τις
2694 5519 2926 5591 ὁρίζοιτο
2974 5519 3072 5588 τὴν
3122 5518 3452 5587 πατρὸτητα,
3501 5518 3603 5568 οὑκ
3651 5516 3819 5578 ἄλλως

2252 5614 2522 5680 ἀποδείξει
2556 5613 2648 5666 τοῦ
2688 5610 2813 5664 Υίοῦ
2850 5610 2948 5681 τὴν
2978 5609 3271 5663 ὑπόστασιν
3296 5650 3309 5673 ,
3344 5609 3389 5660 εί
3423 5608 3495 5677 μὴ
3528 5608 3672 5661 κατά
3702 5623 3821 5659 τινα

2253 5704 2501 5776 παθητὴν
2525 5705 2740 5766 πάντως
2764 5702 3198 5775 ἀπεργασθεῖσαν
3224 5700 3370 5771 ὓλην.
3390 5700 3453 5752 Εἰ
3475 5700 3585 5770 γὰρ
3605 5698 3818 5768 ἀπαθὴς

2251 5796 2551 5867 νομισθείη,
2600 5794 2887 5858 ἀντίτυπος
2926 5794 3141 5857 πάντως
3186 5793 3221 5863 ὴ
3267 5790 3499 5846 ἀπάθεια
3542 5790 3621 5862 τῷ
3675 5791 3821 5861 ἐνερε
