4006 6506
326 413 463 467 4337

1451 417 1730 471 CONTRA
1767 419 2133 479 EIJNOMIUM
2172 424 2297 480 LIB.
2335 426 2444 480 XII.

3434 427 3575 487 4038

323 525 506 592 γοῦντι
536 526 853 596 γενήσεται,
886 526 1233 596 κωλυομένης
1262 528 1315 580 δὲ
1344 529 1437 596 τῆς
1468 531 1770 599 ὲνεργείεις,
1803 533 1891 584 οὑκ

2007 535 2163 604 plane
2189 536 2566 606 impatibilitas
2605 536 2853 606 operanti
2886 535 3055 600 foret;
3107 538 3361 608 impedita
3390 553 3573 598 autem

323 616 475 670 ἔσται
505 617 720 682 πάντως
751 619 811 672 τὸ
839 619 1249 690 ὲνεργοὺμενον.
1298 621 1382 684 Ὡς
1413 622 1555 674 δυοῖν
1596 623 1841 694 θάτερον,
1868 624 1900 693 ἢ

323 707 570 778 παθητὴν
619 709 707 763 διά
763 710 964 763 τούτων
1017 711 1109 765 τοῦ
1165 713 1503 780 Μονογενοὺς
1558 715 1656 784 τὴν
1714 716 1902 768 οὐσίαν

322 801 658 870 ποιήσουσιν,
701 801 788 854 ἵνα
821 805 919 874 τὴν
957 803 1233 874 ἐνέργειαν
1261 805 1496 876 δέξηται,
1534 806 1566 874 ἢ
1614 806 1769 858 τοῦτο
1814 806 1903 858 διὰ

322 891 382 944 τὸ
418 893 688 962 προφανὲς
723 894 820 962 τῆς
853 894 1104 954 ἀσεϐείας
1151 895 1466 959 ὀκνοῦντες,
1502 895 1562 948 τὸ
1596 896 1727 966 μηδὲ
1765 896 1902 960 ὅλως

323 985 491 1054 αὑτὴν
523 981 657 1038 εἶναι
684 987 1197 1049 κατασκευάζουσιν.
1238 989 1304 1039 Ὃ
1330 987 1438 1055 γὰρ
1469 988 1658 1041 παθεῖν
1695 987 1897 1040 ἀποπέ-

324 1093 514 1145 φυκεν,
544 1076 664 1129 οὑδὲ
691 1077 788 1148 τὴν
813 1077 1094 1148 ποιητικὴν
1122 1078 1400 1148 ἐνέργειαν
1430 1078 1514 1147 ἐφ’
1545 1079 1735 1131 ἑαυτοῦ
1762 1078 1897 1130 πάν-

321 1184 427 1229 τως
457 1167 757 1236 προσίεται.
801 1169 856 1222 Ὀ
882 1170 1058 1222 τοίνυν
1085 1170 1360 1240 ἐνεργείας
1387 1169 1527 1232 τινὸς
1555 1169 1899 1238 ἀποτέλεσμα

321 1258 412 1310 τὸν
445 1257 572 1310 Υίὸν
609 1259 881 1330 διορίζων,
929 1261 986 1312 ’έν
1029 1278 1080 1312 τι
1117 1261 1208 1312 καὶ
1247 1259 1434 1313 τοῦτον
1489 1260 1597 1312 τῶν
1640 1260 1898 1331 παθητῶν

322 1346 632 1418 διορίζεται,
677 1351 776 1404 ὅσα
823 1351 886 1402 δι’
934 1351 1210 1420 ἐνεργείας
1253 1350 1375 1420 ἔσχε
1420 1351 1517 1422 τὴν
1573 1351 1895 1421 πρόοδον·ῆ

322 1441 478 1510 εἴπερ
527 1443 741 1513 ἀρνοῖτο
780 1443 839 1494 τὸ
875 1441 1064 1504 πάθος,
1099 1441 1191 1494 καὶ
1236 1442 1334 1510 τὴν
1384 1441 1679 1494 ὑπόστασιν
1731 1440 1894 1494 αὑτοῦ

324 1531 460 1600 μετά
506 1534 595 1586 τοῦ
631 1535 831 1597 πάθους
878 1534 1188 1605 ἀρνήσεται.
1232 1534 1368 1586 Ἀλλ’
1399 1533 1585 1604 ἐπειδὴ
1617 1533 1735 1587 καθ’
1765 1534 1895 1586 ἑκά·

318 1639 475 1692 τερον
528 1625 636 1677 τῶν
683 1626 822 1679 κατά
875 1625 933 1680 τὸ
986 1625 1320 1697 διλήμματον
1367 1625 1813 1698 προφαινομένων
1861 1627 1894 1697 ἡ

319 1713 558 1774 ἀσέϐεια,
597 1716 689 1769 καὶ
720 1717 778 1770 τὸ
809 1717 882 1787 μὴ
911 1713 1044 1770 εἶναι
1078 1717 1276 1784 λέγειν,
1313 1719 1405 1770 καὶ
1438 1717 1498 1770 τὸ
1532 1715 1770 1784 παθητὸν
1799 1717 1895 1769 αὑ-

318 1803 407 1856 τὶν
434 1805 654 1869 οἴεσθαι,
687 1808 949 1878 πρόδηλος
973 1811 1004 1878 ἡ
1036 1807 1284 1878 ἀλήθεια,
1309 1809 1394 1861 διά
1418 1808 1519 1878 τῆς
1545 1808 1653 1861 τῶν
1677 1810 1892 1862 ἀτόπων

317 1891 646 1962 ἀναιρέσεως
680 1895 1103 1966 ἀναφαινομένη.
1148 1897 1209 1948 Εί
1242 1895 1350 1967 γάρ
1383 1897 1476 1950 καὶ
1507 1897 1719 1962 ἀληθῶς
1753 1898 1889 1961 ἔστι,

317 1985 412 2036 καὶ
441 1983 680 2053 παθητὸς
717 1986 815 2038 οὑκ
861 1986 1028 2048 ἐστιν,
1062 1987 1220 2056 δῆλον
1253 1987 1332 2039 ὅτι
1375 1988 1472 2040 οὑκ
1513 1988 1571 2054 ἐξ
1615 1989 1893 2058 ἐνεργείας

317 2075 485 2137 ἐστὶν,
515 2075 630 2128 ἀλλ’
655 2077 729 2140 ὡς
762 2077 907 2140 εἰκὸς
938 2077 1188 2146 ἀληθινὸν
1216 2072 1351 2131 εἶναι
1377 2077 1508 2132 Θεὸν
1540 2081 1603 2131 ἐκ
1635 2079 1729 2132 τοῦ
1761 2080 1892 2152 ἀλη-

317 2161 464 2216 θινοὺ
492 2164 627 2217 Θεοῦ
673 2165 764 2218 τοῦ
806 2166 1038 2237 Πατρὸς,
1079 2166 1304 2230 ἀπαθῶς
1337 2167 1396 2231 ἐξ
1426 2168 1596 2221 ἀϊδίου
1643 2171 1892 2239 ἀπαυγα-

319 2252 514 2306 σθέντα
547 2271 605 2307 τε
657 2255 748 2308 καὶ
793 2255 1164 2326 ἐκλάμψαντα.
1220 2256 1378 2309 Ἀλλά
1431 2256 1550 2309 κατ’
1590 2257 1756 2328 αὑτὴν
1795 2259 1892 2329 τὴν

316 2343 538 2408 οὖσίαν,
574 2347 770 2415 φησιν,
807 2346 1079 2418 ἄφθαρτός
1121 2349 1266 2400 ἐστιν
1305 2349 1332 2399 ὁ
1374 2347 1535 2410 Θεός·
1583 2349 1636 2401 τί
1669 2349 1725 2401 δὲ
1769 2350 1894 2403 ἄλλο

314 2433 424 2484 τῶν
453 2433 768 2506 θεοπρεπῶν
792 2437 1076 2507 νοημάτων
1099 2437 1198 2490 οὑκ
1226 2438 1396 2507 αὑτῆς
1425 2437 1605 2507 ἔχεται
1639 2439 1730 2491 τοῦ
1763 2439 1892 2492 Υἱοῦ

313 2525 415 2594 τῆς
443 2526 664 2590 οὑσίας;
698 2528 770 2580 Τὸ
799 2527 1021 2593 δίκαιον,
1055 2527 1114 2581 τὸ
1145 2529 1367 2596 ἀγαθὸν,
1401 2529 1461 2581 τὸ
1489 2530 1676 2593 ἀΐδιον,
1715 2530 1773 2583 τὸ
1800 2531 1890 2583 τοῦ

315 2616 486 2669 κακοῦ
520 2617 716 2680 παντὸς
745 2619 1120 2682 ἀνεπίδεκτον,
1149 2620 1208 2672 τὸ
1247 2621 1304 2671 ὲν
1338 2622 1500 2673 παντὶ
1546 2621 1622 2691 τῷ
1668 2621 1806 2674 κατά
1834 2623 1893 2675 τὸ

316 2707 518 2774 ἀγαθὸν
558 2709 830 2779 νοουμένῳ
856 2709 1257 2780 ἀπεριόριστον.
1294 2712 1436 2781 ’Ἀρα
1465 2711 1545 2774 τίς
1575 2712 1718 2764 ἐστιν
1751 2715 1778 2765 ὀ
1807 2713 1892 2765 λέο

313 2815 444 2866 γων,
490 2800 779 2870 ὲπίκτητόν
823 2819 873 2852 τι
912 2801 1022 2853 τῶν
1062 2801 1241 2854 καλῶν
1274 2799 1410 2854 εἶναι
1445 2805 1509 2872 τῇ
1551 2802 1669 2873 θείᾳ
1713 2803 1889 2872 φύσει,

314 2889 407 2942 καὶ
433 2891 491 2944 οὑ
515 2892 621 2943 πᾶν
645 2893 672 2944 ὃ
693 2891 743 2944 τί
767 2891 872 2962 πέρ
899 2894 1012 2944 ἐστι
1035 2891 1194 2944 καλὸν
1215 2893 1420 2945 ἐκεῖθέν
1439 2910 1498 2945 τε
1523 2893 1890 2964 ἀφορμᾶσθαι,

314 2981 407 3033 καὶ
433 2982 488 3034 ὲν
524 2984 660 3054 αὑτῇ
695 2982 1047 3053 θεωρεῖσθαι;
1083 2982 1238 3035 Οὑτω
1269 2984 1361 3036 τοῦ
1395 2986 1674 3055 προφήτου
1705 2987 1890 3055 λέγον-

313 3089 424 3135 τος,
453 3073 534 3124 ὅτι
578 3074 630 3124 εἴ
652 3091 704 3126 τι
746 3074 944 3137 καλὸν,
980 3074 1162 3137 αὑτοῦ,
1202 3076 1293 3127 καὶ
1327 3077 1379 3127 εἴ
1413 3094 1465 3128 τι
1510 3076 1733 3145 ἀγαθὸν,
1760 3080 1891 3148 παρ’

315 3164 478 3216 αὑτοῦ
507 3165 638 3219 ἐστι.
672 3164 937 3217 Συνάπτει
960 3164 1015 3218 δὲ
1046 3164 1237 3236 τούτῳ,
1260 3165 1320 3218 τὸ
1342 3168 1434 3220 καὶ
1453 3168 1744 3239 ἀγέννητον
1772 3179 1890 3223 κατ’

313 3254 500 3307 οὐσίαν
526 3250 684 3310 εἶναι.
734 3255 873 3323 Ἐγὼ
901 3255 958 3308 δὲ
991 3257 1038 3308 εί
1072 3256 1171 3326 μὲν
1199 3255 1338 3309 οὑτω
1367 3257 1500 3310 νοῶν
1532 3259 1688 3312 τοῦτο
1720 3260 1885 3330 λέγει,

312 3347 394 3400 ὅτι
427 3345 716 3416 ἀγέννητὸς
752 3347 866 3399 ἐστι
894 3346 988 3398 τοῦ
1033 3347 1245 3418 Πατρδς
1275 3348 1307 3417 ἡ
1341 3348 1531 3412 οὐσία,
1579 3350 1888 3422 συντίθεμαι

311 3436 389 3507 τῷ
430 3436 726 3507 λεγομένῳ,
761 3438 852 3490 καὶ
889 3438 987 3501 οὑκ
1032 3439 1320 3493 ἀντιδαίνω
1362 3439 1439 3510 τῷ
1471 3440 1720 3511 δόγματι.
1757 3443 1889 3496 Οὑδὲ

313 3529 421 3598 γάρ
457 3546 538 3591 τις
579 3527 714 3591 ὅλως
762 3528 870 3583 τῶν
910 3529 1274 3592 εὐσεϐούντων
1319 3533 1571 3600 γεννητὸν
1618 3529 1754 3587 εἶναι
1799 3534 1890 3587 τὸν

315 3621 530 3692 Πατέρα
557 3619 650 3673 τοῦ
677 3620 1008 3690 Μονογενοῦς
1050 3622 1379 3676 ὑποτίθεται.
1416 3624 1477 3676 El
1511 3623 1568 3675 δὲ
1605 3623 1761 3678 τοῦτο
1791 3625 1889 3695 μὲν

314 3713 643 3766 ἐνδείκνυται
683 3713 825 3766 κατὰ
853 3713 912 3766 τὸ
943 3716 1127 3784 σχῆμα
1157 3713 1251 3766 τοῦ
1285 3713 1462 3782 λόγου,
1495 3716 1888 3780 κατασκευάζει

313 3805 370 3858 δὲ
396 3805 456 3858 τὺ
486 3805 655 3876 αὑτὴν
685 3806 784 3876 τὴν
813 3805 1135 3876 ἀγεννησίαν
1162 3805 1347 3858 οὑσίαν
1376 3800 1534 3867 εἶναι,
1564 3805 1719 3860 τοῦτό
1747 3825 1888 3878 φημι

314 3896 420 3950 δεῖν
458 3897 532 3968 μὴ
579 3897 956 3968 παραδραμεῖν
989 3896 1359 3964 ἀνεξέταστον,
1395 3898 1470 3961 ὡς
1515 3899 1580 3952 ἂν
1632 3899 1705 3970 μὴ
1737 3900 1887 3954 λάθοι

315 3989 436 4052 τοὺς
457 3988 885 4059 εὑεξαπατήτους
909 3988 1041 4060 πρὸς
1061 3989 1160 4059 τὴν
1191 3989 1584 4058 συγκατάθεσιν
1601 3990 1698 4060 τῆς
1723 3989 1886 4060 βλασ-

315 4080 523 4150 φημίας
554 4078 998 4148 ὑποποιούμενος.
1039 4080 1162 4133 Ὀτι
1185 4081 1360 4133 τοίνυν
1383 4079 1509 4134 ἄλλο
1529 4097 1582 4132 τι
1615 4082 1713 4146 τῆς
1733 4081 1890 4148 ἀγεν-

298 4169 488 4236 νησίας
538 4168 654 4220 ἐστὶ
688 4167 781 4220 καὶ
812 4167 1127 4237 ἀγέννητος,
1171 4167 1348 4237 ἀμιγῆ
1385 4168 1478 4219 καὶ
1520 4166 1768 4238 καθαρὰν
1798 4163 1891 4222 οὗ·

300 4279 400 4317 σαν
443 4259 624 4332 πάσης
656 4258 973 4330 ἑτερότητος
1003 4258 1098 4311 καὶ
1128 4258 1412 4330 διαφορᾶς.
1460 4257 1597 4330 Περὶ
1615 4258 1713 4312 τοῦ
1749 4256 1886 4313 Θεοῦ

298 4353 471 4409 ταῦτα
498 4353 668 4422 λέγει,
717 4346 777 4406 οὗ
823 4351 922 4422 τὴν
974 4349 1162 4406 οὐσίαν
1211 4349 1289 4422 (α)
1344 4351 1658 4422 ἀφθαρσίαν
1705 4369 1766 4405 τε
1795 4351 1891 4406 καὶ

299 4446 626 4518 ἀγεννησίαν
660 4440 796 4498 εἷναί
841 4461 994 4514 φησι.
1038 4442 1178 4514 Τρία
1210 4443 1388 4497 τοίνυν
1429 4445 1520 4498 ἐπὶ
1552 4443 1688 4497 Θεοῦ
1737 4440 1892 4498 εἶπεν

299 4541 564 4612 ὀνόματα,
600 4536 699 4609 τὴν
726 4536 937 4598 οὑσίαν,
969 4535 1030 4589 τὸ
1063 4535 1360 4606 ἄφθαρτον,
1392 4537 1450 4589 τὸ
1481 4537 1794 4607 ἀγέννητον.
1827 4537 1892 4590 Εἰ

305 4634 401 4705 μία
445 4633 551 4685 τῶν
594 4631 763 4703 τριῶν
795 4629 1000 4682 τούτων
1037 4630 1320 4701 ὀνομάτων
1365 4631 1456 4682 ἐπὶ
1506 4630 1641 4682 Θεοὺ
1675 4633 1820 4683 ἐστιν
1854 4629 1888 4701 ἡ

303 4725 498 4789 ἔννοια,
543 4724 577 4794 ἠ
608 4721 798 4793 θεότης
844 4719 1017 4773 ταῦτα
1058 4721 1127 4773 τά
1171 4719 1296 4789 τρία
1346 4721 1561 4781 πάντως
1593 4720 1756 4772 ἐστίν.
1804 4719 1892 4784 Ὠς

301 4817 353 4868 εἴ
394 4833 473 4877 τις
514 4815 660 4882 λέγοι
706 4812 797 4865 τὸν
845 4811 1131 4882 ἄνθρωπον
1183 4812 1584 4884 χαρακτηρῖσαι
1632 4809 1889 4881 βουλόμε-

299 4925 388 4970 νος
445 4906 662 4974 λογικὸν
706 4905 868 4958 αὑτὸν
919 4900 1080 4968 εἶναι,
1133 4903 1455 4972 γελαστικόν
1497 4921 1558 4955 τε
1608 4903 1701 4956 καὶ
1753 4903 1891 4956 πλα-

298 4998 597 5069 τυώνυχον.
641 4998 759 5066 Ἐφ’
876 4995 966 5050 διά
1003 4995 1062 5048 τὸ
1108 4996 1382 5067 μηδεμίαν
1426 4994 1566 5047 κατά
1601 4993 1697 5064 τὴν
1729 4992 1891 5063 φύσιν

301 5092 358 5142 ὲν
395 5090 612 5160 ἑκάστῳ
655 5087 918 5161 διαφορὰν
963 5082 1106 5141 εἶναι
1161 5087 1502 5156 ἰσοδυναμεῖν
1547 5103 1606 5138 τε
1640 5085 1892 5157 ἀλλήλοις

297 5182 366 5235 τὰ
410 5183 652 5251 ὀνόματα
702 5180 956 5250 λέγομεν,
1000 5179 1093 5232 καὶ
1141 5179 1199 5232 ἓν
1242 5173 1383 5231 εἶναι
1430 5177 1508 5247 τῷ
1548 5177 1892 5248 ὑποκειμένῳ

297 5276 367 5328 τά
401 5275 549 5346 τρία,
592 5275 693 5344 τὴν
743 5273 1168 5345 ἀνθρωπότητα,
1208 5273 1306 5344 τὴν
1345 5271 1432 5324 διὰ
1464 5273 1572 5324 τῶν
1613 5272 1892 5342 ὀνομάτων

298 5369 736 5439 ὑπογραεεῖσαν.
786 5369 849 5420 Εἰ
895 5366 1075 5420 τοίνυν
1119 5364 1280 5419 τοῦτὸ
1327 5369 1474 5418 ἐστιν
1516 5367 1548 5435 ἠ
1599 5363 1809 5435 θεότης,
1857 5367 1889 5437 ή

297 5461 598 5532 ἀγεννησία
633 5478 691 5513 τε
725 5460 819 5513 καὶ
843 5463 874 5530 ἡ
901 5459 1182 5530 ἀφθαρσία
1215 5457 1308 5512 καὶ
1339 5460 1371 5529 ἡ
1407 5455 1584 5521 οὐσία,
1617 5457 1760 5510 κατά
1787 5459 1892 5511 πᾶ-

317 5568 414 5604 σαν
439 5552 687 5622 ἀνάγκην
715 5553 772 5604 ὲν
805 5555 872 5623 τῇ
909 5551 1001 5604 τοῦ
1039 5551 1155 5614 ἐνὸς
1190 5550 1393 5603 τούτων
1425 5547 1730 5619 ἀφαιρέσει,
1769 5565 1891 5602 συν-

367 5676 446 5747 _(a)
489 5673 651 5747 Deest
685 5671 889 5742 aliquid
915 5671 1062 5747 quod
1085 5671 1360 5747 suppleex
1385 5668 1570 5747 Boico,
1594 5668 1676 5747 δτι
1694 5667 1873 5747 τοίνυν

299 5739 438 5818 and
455 5763 504 5797 τι
534 5746 632 5816 τῆς
666 5739 991 5818 ἀγεννησίας
1023 5745 1114 5818 επὶ
1147 5739 1206 5818 ea
1231 5740 1430 5818 νρημα,
1465 5740 1557 5792 καὶ
1587 5739 1875 5818 ἄλλος-τῆς

299 5814 448 5877 θείας
501 5809 725 5878 οὐσίας,
755 5816 783 5866 ὁ
832 5809 989 5881 λόγος
1032 5814 1088 5878 ἐξ
1137 5809 1469 5866 αὐτῶντῶν
1520 5809 1644 5880 παρ’
1711 5809 1877 5881 αὑτοῦ

300 5887 605 5958 λεγομένων
637 5887 783 5938 ἐστὶν
810 5888 838 5938 ὁ
869 5879 1110 5954 ἔλεγχος.
1138 5882 1292 5936 Κατά
1317 5883 1485 5953 αὑτήν
1517 5879 1649 5951 φησι
1677 5879 1775 5951 τὴν
1797 5879 1883 5932 οὑν

2005 625 2318 692 operatione
2362 641 2470 678 non
2517 626 2622 680 erit
2675 626 2900 680 omnino
2945 626 3092 697 quod
3122 627 3372 686 edicitur.
3403 630 3480 686 Ita
3513 641 3574 687 ut

2004 714 2235 769 duorum
2279 717 2533 784 alterum,
2579 717 2664 772 vel
2695 717 2976 788 patibilem
3027 734 3121 790 per
3148 720 3262 776 haec
3294 720 3571 794 Unigeniti

2001 806 2294 861 essentiam
2342 806 2565 871 facient,
2602 815 2662 862 ut
2693 809 3063 877 operationem
3102 813 3312 882 capiat;
3352 815 3436 868 vel
3468 815 3571 869 hoc

2005 902 2224 963 propter
2254 893 2560 952 evidentem
2591 897 2924 966 impietatem
2953 907 3224 966 verentes,
3258 917 3434 972 neque
3476 919 3570 974 pe-

2001 988 2149 1042 nitus
2179 988 2352 1058 ipsam
2385 1005 2508 1046 esse
2544 999 2900 1059 prazstruunt.
2937 991 3093 1057 Quod
3139 992 3284 1048 enim
3323 997 3432 1063 pati
3469 1012 3570 1050 mt-

2001 1087 2119 1132 tura
2154 1079 2431 1147 abhorret,
2485 1097 2662 1151 neque
2688 1082 3016 1138 ellectricem
3047 1083 3343 1138 eﬂicaciam
3388 1085 3444 1140 in
3478 1102 3570 1142 se-

1999 1167 2177 1237 ipsum
2219 1170 2440 1225 omnino
2473 1170 2731 1226 admittit.
2764 1171 2867 1238 Qui
2901 1173 3066 1243 igitur
3111 1175 3344 1244 alicujus
3372 1191 3572 1247 opera-

1998 1259 2165 1316 tionis
2215 1261 2465 1317 eﬂ‘ectum
2510 1263 2708 1318 Filium
2750 1263 2961 1329 deﬁnit,
3015 1265 3162 1320 hunc
3201 1267 3361 1321 etiam
3399 1284 3568 1324 unum

1998 1355 2126 1424 quid
2156 1371 2342 1410 eorum
2379 1372 2498 1426 qua:
2525 1357 2634 1426 pati
2665 1367 2792 1410 nata
2825 1365 2955 1412 sunt
2980 1357 3189 1422 deﬁnit,
3229 1375 3570 1430 quacunque

1999 1461 2094 1514 per
2144 1449 2510 1515 operationem
2554 1462 2874 1516 processum
2913 1447 3135 1513 habent,
3167 1449 3251 1503 vel
3297 1449 3567 1520 siquidem

1997 1540 2399 1607 perpessionem
2424 1547 2600 1610 neget,
2627 1541 2790 1593 etiam
2819 1540 2993 1610 ipsius
3010 1539 3423 1595 subsistentiam
3441 1556 3566 1596 cttm

1997 1628 2348 1696 perpessione
2367 1629 2600 1698 negabit.
2627 1628 2732 1683 Sed
2757 1629 3016 1699 quoniam
3037 1629 3336 1685 secundum
3359 1641 3568 1686 utrum.

1995 1732 2102 1787 que
2126 1731 2314 1771 eorum
2349 1733 2471 1786 quae
2513 1734 2609 1787 per
2650 1718 2906 1773 dilemma
2945 1719 3411 1786 demonstrantur,
3461 1721 3568 1776 im-

1996 1811 2169 1880 pietas
2197 1821 2301 1873 est,
2348 1820 2401 1866 et
2434 1826 2544 1866 non
2583 1827 2707 1866 esse
2733 1811 2936 1875 dicere,
2970 1821 3027 1867 et
3074 1813 3254 1882 ipsum
3287 1811 3564 1882 patibilem

1992 1917 2114 1956 esse
2165 1911 2375 1970 putare,
2420 1901 2709 1957 manifesta
2744 1903 2948 1958 veritas
2995 1919 3117 1973 quae
3150 1918 3246 1974 per
3299 1903 3562 1960 falsorum

1992 1992 2340 2048 abolitionem
2376 1995 2574 2048 elucet.
2611 1992 2668 2046 Si
2695 1993 2838 2047 enim
2871 1994 3034 2048 etiam
3073 2010 3199 2050 vere
3243 2004 3348 2060 est,
3382 2002 3437 2050 et
3470 2010 3566 2065 pa-

1993 2082 2161 2136 tibilis
2192 2097 2297 2135 non
2323 2089 2428 2146 est,
2453 2081 2804 2151 perspicuum
2829 2098 2895 2138 ex
2919 2083 3235 2152 operatione
3256 2085 3428 2154 ipsum
3455 2099 3565 2138 non

1989 2187 2130 2235 esse,
2167 2173 2262 2228 sed
2286 2175 2428 2228 sicut
2448 2180 2878 2229 consentaneum
2905 2182 3010 2237 est,
3041 2189 3230 2228 verum
3252 2189 3375 2230 esse
3396 2173 3564 2229 Deum

1990 2281 2056 2320 ex
2087 2281 2212 2320 vero
2236 2266 2343 2320 Deo
2366 2265 2546 2328 Patre,
2578 2265 2951 2334 impatibiliter
2981 2282 3046 2320 ex
3076 2273 3280 2320 mterno
3311 2265 3566 2335 Splende-

1990 2365 2232 2413 scentem
2287 2365 2340 2411 et
2397 2356 2769 2410 irradianteni.
2823 2357 2953 2423 Sed,
3010 2356 3204 2426 inquit,
3263 2356 3562 2412 secundum

1991 2446 2284 2502 essentiam
2330 2447 2765 2517 incorruptibilis
2792 2454 2876 2502 est
2903 2446 3068 2502 Deus.
3103 2446 3244 2512 Quid
3274 2447 3420 2502 aliud
3465 2464 3560 2502 eo-

1991 2551 2112 2591 rum
2165 2553 2285 2607 qua:
2332 2536 2499 2592 Deum
2550 2538 2742 2592 decere
2796 2538 3171 2608 intelliguntur
3225 2552 3331 2592 non
3389 2538 3562 2608 ipsam

1991 2626 2112 2682 Filii
2147 2632 2439 2684 essentiam
2477 2628 2800 2697 possident?
2845 2626 3084 2692 .lustum,
3131 2628 3355 2690 bonum,
3404 2637 3565 2683 arter-

1992 2736 2144 2783 num,
2187 2721 2386 2776 nullius
2421 2721 2545 2773 mali
2573 2735 2764 2789 capax,
2811 2721 2864 2773 in
2902 2720 3050 2774 omni
3085 2735 3148 2774 eo
3187 2720 3332 2789 quod
3362 2734 3564 2775 secun-

1993 2812 2121 2866 dum
2165 2813 2361 2866 bonum
2416 2812 2734 2882 intelligitur
2765 2811 3056 2866 inﬁnitum.
3094 2809 3294 2865 Verum
3325 2811 3449 2882 quis
3477 2819 3564 2867 est

1993 2902 2085 2972 qui
2117 2901 2263 2956 dicat
2304 2901 2505 2970 aliquid
2538 2917 2723 2956 eorum
2761 2917 2879 2971 quae
2907 2910 3035 2956 sunt
3080 2901 3307 2971 pulchra
3346 2910 3399 2957 et
3428 2917 3564 2972 prato

1993 2993 2163 3054 clara,
2186 2992 2382 3046 divinae
2411 2999 2620 3045 naturm
2643 3007 2764 3046 esse
2788 2991 3166 3055 adventitium,
3197 3002 3250 3048 et
3271 3007 3378 3046 non
3401 2994 3560 3062 quid-

1993 3084 2122 3153 quid
2162 3092 2246 3137 est
2271 3083 2556 3152 pulchrum
2601 3083 2747 3136 illinc
2779 3083 3076 3152 proﬁcisci,
3105 3091 3158 3138 et
3194 3084 3246 3139 in
3275 3099 3340 3140 ea
3370 3084 3558 3139 consi-

1921 3203 1962 3259 ο
1995 3174 2195 3235 derari,
2222 3173 2302 3227 sic
2323 3174 2537 3229 dicente
2554 3175 2838 3242 preplieta,
2869 3173 3014 3239 quod
3044 3175 3090 3230 si
3112 3172 3242 3244 quid
3275 3175 3560 3244 pulchrum

1994 3272 2098 3326 est,
2139 3264 2329 3333 ipsius,
2385 3275 2439 3319 et
2489 3266 2533 3319 si
2569 3265 2712 3334 quod
2744 3266 2966 3328 bonum,
3017 3265 3085 3320 ab
3133 3267 3252 3336 ipso
3280 3267 3397 3320 est?
3427 3267 3561 3320 Cum

1995 3353 2099 3407 hoc
2128 3360 2308 3406 autem
2341 3353 2559 3422 copulat
2602 3357 2900 3424 ingenitum
2930 3356 3093 3408 etiam
3131 3354 3432 3410 secundum
3478 3369 3564 3412 es—

1996 3443 2227 3499 sentiam
2252 3458 2395 3498 esse.
2425 3442 2535 3513 Ego
2559 3443 2810 3512 equidem
2843 3445 2890 3498 si
2914 3444 2987 3498 ita
3018 3447 3262 3502 sentiens
3283 3446 3388 3500 hoc
3407 3445 3561 3509 dicit.

1994 3535 2138 3604 quod
2169 3534 2409 3605 ingenita
2455 3543 2540 3590 est
2570 3533 2750 3590 Patris
2793 3537 3050 3602 essentia,
3085 3537 3230 3592 dicto
3268 3539 3560 3600 assentior,

1994 3641 2171 3696 neque
2223 3627 2463 3698 dogmati
2521 3629 2738 3685 resisto.
2786 3628 2977 3685 Nullus
3024 3629 3170 3685 enim
3217 3645 3445 3700 prorsus
3477 3632 3565 3702 pie

1994 3715 2292 3769 viventium
2343 3713 2560 3771 Patrem
2599 3714 2874 3787 Unigeniti
2924 3733 3048 3774 esse
3097 3718 3338 3790 genitum
3387 3720 3562 3790 ponit.

1994 3807 2150 3872 Quod
2177 3807 2225 3862 si
2255 3807 2358 3862 boc
2403 3806 2622 3877 quidem
2655 3807 3064 3863 demonstratur
3097 3809 3394 3865 secundum
3437 3809 3567 3880 ngu-

1994 3912 2111 3955 ram
2145 3898 2434 3961 sermonis,
2471 3900 2669 3954 astruit
2703 3906 2881 3954 autem
2920 3900 3263 3970 ἀγεννησιαν,
3295 3909 3349 3955 ει
3376 3915 3564 3956 essen-

1993 3988 2124 4042 tiam
2161 3987 2300 4043 idem
2341 4002 2484 4054 esse,
2519 3989 2624 4044 hoc
2653 4004 2762 4044 non
2799 3990 3235 4060 praetereundum
3261 4005 3385 4046 esse
3411 3991 3564 4046 inex-

1994 4094 2217 4135 cussutn
2233 4079 2380 4144 dico,
2403 4087 2464 4134 ut
2488 4095 2599 4135 non
2629 4081 2793 4136 lateat
2819 4081 3046 4151 deceptu
3073 4081 3261 4138 faciles
3279 4081 3346 4136 ad
3374 4097 3564 4138 assen-

1995 4171 2204 4224 sionem
2229 4169 2580 4240 blasphemia:
2601 4170 2870 4239 pellicere.
2890 4171 3043 4238 Quod
3072 4173 3235 4242 igitur
3257 4174 3403 4227 aliud
3429 4173 3561 4243 quid

1995 4258 2063 4312 ab
2090 4259 2313 4330 ingeniti
2335 4261 2550 4317 actione
2576 4268 2662 4317 est
2685 4259 2848 4316 etiam
2877 4260 3172 4331 ingenitus,
3193 4261 3492 4318 immistam
3515 4273 3570 4320 et

1993 4365 2188 4420 puram
2210 4352 2280 4406 ab
2298 4351 2792 4421 omnidiversitate
2803 4359 2858 4408 et
2879 4352 3207 4408 diﬂ‘erentia.
3224 4352 3300 4410 De
3331 4353 3443 4411 Deo
3463 4356 3574 4412 haec

1992 4440 2146 4506 dicit,
2163 4443 2320 4513 cujus
2341 4443 2638 4500 essentiam
2661 4443 3262 4513 incorruptibilitatem,
3286 4452 3341 4500 et
3356 4445 3567 4517 ingenc-

1991 4533 2318 4590 rabilitatem
2341 4552 2462 4592 esse
2487 4535 2707 4592 asserit.
2729 4535 2870 4616 Tria!
2889 4535 3053 4607 igitur
3077 4536 3132 4590 in
3161 4535 3270 4591 Deo
3299 4536 3441 4591 dixit
3468 4553 3567 4591 no-

1992 4627 2488 4694 mina,essentiam,
2506 4627 2942 4698 incorruptibile,
2961 4627 3286 4698 ingenitum.
3303 4625 3575 4685 Siborum

1993 4717 2158 4772 trium
2184 4719 2468 4774 nominum
2497 4720 2552 4774 in
2577 4719 2688 4776 Deo
2702 4727 2788 4776 est
2807 4735 2914 4773 una
2941 4719 3244 4790 eademque
3267 4720 3440 4784 notio,
3460 4719 3579 4775 dei-

1992 4817 2078 4864 tas
2103 4809 2217 4863 hmc
2240 4810 2342 4864 tria
2365 4825 2592 4880 prorsus
2617 4819 2720 4867 est.
2743 4811 2815 4867 Ut
2837 4813 2882 4867 si
2907 4814 3030 4884 quis
3047 4812 3277 4875 diceret,
3297 4809 3576 4865 hominem

1991 4899 2305 4971 exprimere
2334 4903 2546 4971 volens,
2579 4904 2902 4960 rationalem
2931 4905 3111 4976 ipsum
3140 4919 3284 4967 esse,
3309 4901 3577 4958 risibilem

1991 5000 2045 5048 et
2066 4991 2425 5063 latiunguem.
2445 4990 2502 5048 In
2517 5010 2628 5065 quo
2649 5003 2937 5066 propterea
2952 4995 3095 5064 quod
3114 4993 3264 5048 nulla
3278 5001 3363 5048 est
3380 5005 3581 5047 secun-

1991 5085 2121 5140 dum
2150 5095 2406 5141 naturam
2431 5087 2485 5142 in
2509 5103 2843 5159 unoquoque
2863 5086 3192 5151 diﬂ‘erentia,
3216 5087 3332 5141 haec
3353 5085 3577 5140 nomina

1993 5179 2137 5235 inter
2149 5196 2209 5236 se
2226 5181 2333 5234 vim
2347 5181 2611 5251 aequalem
2629 5182 2831 5235 habere
2851 5179 3111 5243 dicimus,
3125 5185 3180 5235 et
3197 5193 3366 5233 unum
3381 5190 3505 5233 esse
3520 5176 3576 5230 in

1993 5272 2240 5341 subjecto
2272 5272 2389 5326 haec
2411 5272 2537 5335 tria,
2576 5285 2770 5341 nempe
2799 5268 3198 5324 humanitatem
3221 5282 3318 5338 per
3343 5267 3566 5323 nomina

1992 5361 2412 5435 descriptam.Si
2431 5379 2562 5434 ergo
2581 5364 2684 5418 hoc
2701 5372 2784 5418 est
2797 5358 3511 5432 ἀείιιιεωειηρεάγεννησία
3524 5365 3580 5414 ει

1994 5456 2485 5526 incorruptibilitas
2499 5463 2554 5511 et
2570 5455 2830 5519 essentia,
2851 5455 2998 5510 omni
3022 5456 3352 5510 necessitate
3371 5454 3566 5509 borum

1995 5565 2106 5606 uno
2127 5550 2345 5605 sublato
2373 5549 2539 5604 simul
2565 5549 2731 5604 etiam
2764 5547 2939 5604 deitas
2971 5548 3201 5604 tollitur.
3231 5545 3302 5603 Ut
3331 5546 3480 5602 enim
3519 5545 3567 5600 si

1986 5671 2106 5724 σίαν
2139 5669 2416 5740 ἄφθαρτός
2456 5670 2575 5722 ἐστι
2606 5670 2700 5722 καὶ
2733 5669 3051 5738 ἀγέννητος,
3082 5668 3261 5740 ἀμιγῆ
3285 5668 3381 5723 καὶ
3406 5667 3585 5740 καθατ

1986 5743 2082 5812 ρᾶς
2108 5742 2276 5812 οὔσης
2295 5739 2483 5812 πάσης
2507 5741 2826 5812 ἑτερότητος
2850 5744 2946 5795 καὶ
2969 5739 3257 5811 διαφορᾶς,
3279 5741 3407 5812 περὶ
3439 5739 3576 5792 Θεοῦ

1981 5809 2152 5866 ταῦτα
2187 5809 2356 5882 λέγει,
2388 5809 2448 5870 οὗ
2477 5813 2576 5884 τὴν
2604 5809 2814 5868 οὐσίαν.
