4006 6500
465 414 604 472 1039

1691 411 1749 470 S.
1807 407 2132 465 GREGORII
2184 407 2478 463 NYSSENI

3569 415 3712 470 1040

464 530 589 599 quis
621 527 819 584 dixerit
860 543 1038 599 neque
1076 528 1306 584 rationis
1348 528 1692 599 participem,
1752 541 1929 596 neque
1962 526 2030 579 ad

2153 526 2344 594 ιναιρεῖ
2373 523 2466 577 καὶ
2492 523 2588 594 τὴν
2609 523 2852 593 θεότητα.
2903 523 2974 586 Ως
2998 521 3106 594 γὰρ
3126 523 3218 576 τὸν
3247 524 3322 596 μὴ
3342 525 3562 594 λογικὸν
3588 528 3715 580 οὐδὲ

463 620 751 677 ridendum
770 629 954 690 aptum
975 631 1206 686 natura;
1239 637 1412 690 neque
1433 621 1706 675 hominem
1738 634 1860 674 esse
1883 633 2032 673 asse-

468 713 655 767 ruerit.
690 711 766 766 Ita
795 721 847 767 et
877 712 933 766 in
969 713 1053 768 his
1085 713 1258 768 tribus
1287 713 1615 775 nominibus,
1651 711 1890 781 ingenito
1914 710 2035 764 dico

465 811 519 859 et
555 804 975 874 incorruptibili,
1004 811 1056 858 et
1090 807 1348 871 essentia,
1385 805 1429 860 si
1462 821 1554 874 per
1591 805 1702 858 haec
1725 804 1900 858 deitas
1933 819 2032 856 no-

468 895 726 959 tificatur,
760 896 980 967 quando
1009 913 1174 951 unum
1213 896 1432 966 aliquod
1484 896 1676 949 horum
1713 895 1877 948 trium
1929 910 2034 948 non

469 988 643 1050 adest,
680 988 867 1057 procul
897 988 1061 1041 dubio
1092 988 1143 1041 in
1175 1003 1239 1042 eo
1269 987 1411 1056 quod
1444 993 1692 1056 superest
1722 985 1921 1040 abolita
1957 995 2040 1038 est

468 1074 686 1129 deitatis
731 1075 890 1129 ratio.
930 1073 1069 1144 Ergo
1113 1075 1442 1146 respondeat
1483 1091 1646 1146 quam
1676 1075 1743 1129 de
1774 1074 1881 1129 Deo
1920 1075 2040 1127 uni-

469 1168 655 1239 genito
687 1169 847 1234 habet
887 1169 1226 1238 opinionem:
1282 1167 1523 1238 genitum
1556 1168 1755 1236 ipsum,
1789 1182 1856 1219 an
1892 1165 2034 1248 inge-

471 1260 644 1313 nitum
679 1266 864 1329 putet;
901 1260 1140 1328 genitum
1171 1258 1316 1314 dicet
1347 1260 1588 1323 omnino,
1625 1258 1893 1328 siquidem
1923 1256 2041 1311 suis

471 1349 630 1404 dictis
663 1365 772 1403 non
815 1357 1095 1420 repugnet.
1126 1347 1182 1403 Si
1228 1349 1394 1419 igitur
1440 1350 1580 1404 idem
1611 1359 1694 1402 est
1726 1363 1850 1401 cum
1889 1348 2040 1416 iuge-

473 1441 608 1504 nito,
637 1441 982 1510 essentiaquc
1018 1448 1070 1494 et
1099 1441 1530 1510 incorruptibile,
1565 1455 1662 1509 per
1693 1455 1815 1507 qua:
1844 1435 2043 1491 divini-

474 1541 558 1586 tas
591 1532 961 1601 dignoscitur;
1019 1533 1103 1585 cui
1147 1548 1253 1586 non
1307 1532 1459 1586 adest
1502 1530 1827 1600 ingenitum,
1880 1526 2042 1582 simul

473 1623 543 1677 ab
571 1622 673 1675 hoc
705 1624 882 1676 ablata
923 1634 1005 1679 est
1047 1624 1202 1694 plane
1233 1623 1472 1678 essentia
1509 1629 1564 1677 et
1591 1621 1738 1692 quod
1785 1621 2041 1675 incorru-

473 1713 684 1784 ptibile,
716 1714 915 1784 quibus
956 1715 1181 1771 remotis
1210 1713 1383 1769 deitas
1417 1714 1727 1768 necessario
1749 1713 2041 1768 cximetur.

474 1803 836 1869 Quamobrem
851 1803 916 1857 ad
935 1803 1203 1872 duplicem
1227 1803 1515 1856 terminum
1537 1802 1834 1858 secundum
1854 1817 2041 1857 eorum

2137 615 2452 683 γελαστικὸν
2497 615 2639 668 εἴποι
2676 632 2758 677 τις
2788 615 2871 678 ἂν,
2903 615 3020 668 οὐδὲ
3064 617 3346 687 ἄνθρωπον
3366 635 3379 648 ο
3411 618 3586 683 οὕτως
3618 622 3718 674 καὶ

2135 707 2227 758 ἐπὶ
2253 707 2454 760 τούτων
2481 707 2590 761 τῶν
2618 706 2782 779 τριῶν
2815 707 3120 777 ὀνομάτων,
3151 709 3243 762 τοῦ
3281 728 3340 764 τε
3376 712 3678 784 ἀγεννήτου
3699 753 3715 778 ,

2137 801 2300 868 φημὶ,
2340 800 2433 852 καὶ
2462 799 2555 852 τοῦ
2588 798 2861 868 ἀφθάρτου
2891 799 2983 852 καὶ
3012 799 3112 870 τῆς
3151 800 3357 865 οὐσίας,
3388 802 3436 854 εί
3467 802 3560 856 διὰ
3592 804 3719 855 τού.

2137 909 2244 945 των
2277 893 2309 962 ἡ
2339 889 2526 960 θεότης
2551 890 3008 961 χαρακτηρίζεται
3027 930 3041 952 ,
3069 877 3198 944 ὅταν
3233 892 3292 944 ἓν
3324 909 3374 945 τι
3401 893 3513 944 τῶν
3547 893 3722 964 τριῶν

2143 983 2218 1054 μὴ
2245 981 2484 1051 ὑπάρχῃ.
2516 981 2779 1052 διεγράφη
2819 982 3032 1044 πάντως
3065 982 3142 1052 τῷ
3170 983 3405 1036 λείποντι
3440 983 3535 1036 καὶ
3561 987 3590 1036 6
3615 985 3725 1053 τῆς

2141 1071 2391 1140 θεότητος
2426 1069 2598 1137 λόγος.
2635 1067 2841 1122 Οὐκοῦν
2877 1071 3278 1140 ἀποκρινάσθω,
3307 1072 3428 1124 τίνα
3456 1073 3585 1142 περὶ
3619 1073 3722 1125 τοῦ

2145 1156 2464 1230 μονογενοῦς
2497 1156 2630 1209 Θεοῦ
2678 1157 2786 1226 ἔχει
2826 1157 2923 1225 τὴν
2952 1159 3139 1224 δόξαν,
3187 1161 3442 1232 γεννητὸν
3479 1162 3640 1216 αὐτὸν
3687 1163 3724 1231 ἤ

2142 1253 2434 1322 ἀγέννητον
2475 1252 2673 1319 cierat;
2714 1253 2972 1324 Γεννητδν
3003 1255 3116 1324 ἐρεῖ
3149 1253 3384 1318 πάντως,
3413 1253 3571 1325 είπερ
3606 1255 3725 1315 τοῖς

2145 1346 2293 1408 ίδίοις
2325 1346 2398 1416 μὴ
2428 1346 2668 1415 μάχοιτο,
2700 1345 2761 1397 Εἰ
2785 1340 2877 1398 οὖν
2901 1345 3094 1398 ταύτόν
3127 1345 3242 1398 ἐστι
3267 1344 3345 1416 τῷ
3374 1346 3653 1416 ἀγεννήτῳ
3685 1348 3722 1416 η

2143 1437 2297 1489 οὐσία
2330 1454 2388 1488 τε
2423 1437 2516 1489 καὶ
2541 1435 2602 1487 τό
2639 1435 2930 1506 ἄφθαρτον,
2966 1435 3034 1488 δι’
3064 1428 3137 1489 ὧν
3170 1437 3203 1507 ἡ
3237 1436 3424 1506 θεότης
3457 1435 3724 1507 γνωρίζε-

2141 1546 2252 1591 ται,
2280 1522 2324 1596 ᾧ
2362 1527 2434 1598 μὴ
2471 1527 2726 1600 πρόσεστι
2751 1527 2809 1579 τὸ
2834 1527 3152 1596 ἀγέννητον,
3185 1528 3560 1598 συναφῄρηται
3595 1529 3723 1580 τού-

2143 1642 2237 1678 του
2260 1623 2472 1685 πάντως
2493 1623 2526 1692 ἡ
2549 1621 2702 1674 οὐσία
2721 1637 2778 1673 τε
2807 1620 2898 1673 καὶ
2920 1625 2979 1672 τὸ
3004 1620 3296 1691 ἄφθαρτον,
3316 1613 3390 1672 ὧν
3421 1621 3494 1689 μὴ
3518 1619 3725 1689 παρόν-

2145 1731 2272 1777 των,
2298 1714 2390 1766 καὶ
2411 1715 2442 1783 ἡ
2460 1711 2647 1783 θεότης
2669 1709 2808 1764 κατά
2831 1712 3006 1763 πᾶσαν
3026 1711 3268 1779 ἀνάγκην
3287 1709 3718 1780 ἐξαιρεθήσεται.

2149 1804 2356 1859 Οὐκοῦν
2382 1806 2460 1867 είς
2479 1802 2698 1857 διπλοῦν
2720 1802 2892 1872 πέρας
2913 1802 3009 1870 τῆς
3035 1799 3173 1854 κατὰ
3197 1798 3258 1852 τὸ
3286 1800 3602 1870 βλάσφημον
3630 1801 3723 1854 αὖα

473 1895 868 1965 blasphemiam
897 1895 1299 1964 consequentia:
1329 1896 1466 1949 ratio
1492 1897 1754 1966 pervenit.
1815 1894 1870 1949 Si
1896 1895 2041 1950 enim

2153 1896 2250 1950 τῶν
2276 1894 2592 1956 ἀκολουθίας
2617 1896 2645 1947 6
2670 1893 2824 1962 λόγος
2853 1895 3177 1963 κατήντησε.
3217 1893 3280 1944 Et
3309 1891 3415 1962 γὰρ
3449 1893 3590 1944 κατά
3622 1891 3721 1944 τοῦ

475 1985 773 2040 secundum
805 1983 944 2038 idem
988 1984 1352 2054 significatum
1403 1986 1454 2038 in
1489 1985 1594 2039 Deo
1625 1985 1827 2039 dicitur
1853 2000 2052 2039 esseu-'

477 2077 551 2129 tia
578 2083 631 2130 et
658 2074 1143 2143 incorruptibilitas
1175 2084 1228 2130 et
1263 2075 1584 2145 ingenitum,
1623 2074 1910 2130 manifeste
1950 2073 2044 2127 de-

477 2173 816 2221 monstratus
845 2172 929 2220 est
960 2165 1046 2218 hic
1077 2179 1252 2220 novus
1284 2164 1374 2220 Dei
1405 2165 1717 2232 fabricator,
1750 2165 1944 2220 Filium
1978 2165 2046 2218 ab

478 2271 545 2310 eo
577 2263 841 2321 creatum,
875 2256 1282 2326 corruptibilem
1330 2259 1492 2312 etiam
1527 2273 1878 2328 cognoscere,
1916 2257 2045 2326 quia

480 2362 587 2402 non
631 2349 928 2418 ingenitum
966 2358 1189 2417 noscat;
1227 2364 1325 2403 nec
1358 2352 1459 2404 hoc
1505 2351 1703 2416 solum,
1747 2350 1840 2404 sed
1881 2349 2046 2404 etiam

481 2436 727 2492 funditus
758 2453 866 2492 non
915 2440 1324 2502 subsistentem,
1363 2440 1490 2509 quia
1523 2455 1630 2493 non
1665 2439 1839 2509 possit
1869 2439 2046 2508 ipsum

481 2529 535 2582 in
568 2528 767 2584 deitate
809 2530 1027 2598 intueri,
1062 2531 1113 2583 in
1146 2545 1253 2600 quo
1297 2530 1594 2600 ingenitum
1642 2545 1748 2584 non
1781 2530 2046 2592 cernitur,

482 2620 749 2690 siquidem
792 2621 931 2676 idem
958 2621 1254 2693 ingenitmn
1281 2633 1334 2678 et
1364 2623 1778 2692 incorruptibile
1805 2638 1928 2676 cum
1961 2639 2051 2677 es-

481 2713 655 2767 sentia
694 2712 969 2782 opinatur.
1004 2712 1270 2778 Quoniam
1300 2729 1430 2768 vero
1461 2715 1512 2768 in
1546 2715 1628 2769 his
1657 2715 1944 2784 perspicua
1969 2724 2052 2770 est

483 2804 775 2875 pernicies,
813 2804 1028 2859 miseris
1060 2805 1258 2874 aliquis
1287 2806 1558 2868 consulat,
1611 2815 1672 2859 ut
1703 2805 1768 2858 ad
1808 2805 1860 2858 id
1907 2805 2050 2877 quod

482 2903 733 2964 superest
769 2895 979 2950 ratione
1021 2903 1430 2960 convertantur,
1482 2911 1582 2950 nec
1615 2896 1955 2951 reluctentur
1985 2911 2048 2949 ex

483 2985 774 3049 manifesto
801 2993 990 3040 contra
1015 2986 1319 3049 veritatem,
1343 2985 1436 3040 sed
1462 2986 1834 3040 assentiamur
1858 2985 2050 3037 horum

485 3077 824 3148 singulorum
860 3079 1142 3132 nominum
1185 3078 1463 3147 proprium
1510 3092 1631 3132 esse
1664 3075 2050 3146 significatum,

482 3168 628 3239 quod
674 3168 890 3237 quidem
939 3167 1110 3236 magis
1155 3169 1276 3237 quis
1308 3183 1403 3236 per
1434 3182 1498 3222 ea
1548 3182 1668 3236 qum
1700 3176 2051 3236 opponuntur

2147 1991 2310 2046 αὐτοῦ
2339 1988 2734 2061 σημαινομένου
2763 1987 2976 2055 λέγεται
3001 1987 3092 2038 ἐπὶ
3129 1985 3221 2038 τοῦ
3248 1985 3380 2038 Θεοῦ
3412 1985 3445 2055 ὴ
3475 1984 3629 2037 οὐσία
3659 2000 3721 2036 τε

2147 2084 2239 2135 καὶ
2253 2084 2286 2152 ἡ
2310 2079 2603 2150 ἀφθαρσία,
2629 2077 2722 2131 καὶ
2747 2077 2806 2130 τὸ
2822 2075 3323 2146 ἀγέννητον,σαιρῶς
3343 2074 3723 2128 ἀποδέδεικται

2147 2175 2175 2226 6
2220 2172 2401 2235 καινὸς
2443 2165 2599 2233 οὗτος
2640 2168 2882 2232 θεοποιὺς
2923 2168 3014 2221 τὸν
3052 2169 3181 2238 παρ’
3213 2165 3376 2220 αὐτοῦ
3428 2165 3722 2220 κτισθέντα

2151 2263 2298 2324 Υίὸν,
2342 2261 2577 2332 φθαρτόν
2625 2278 2682 2314 τε
2725 2258 3024 2329 γινώσκων,
3075 2257 3162 2311 διὰ
3197 2257 3258 2312 τὸ
3305 2260 3378 2329 μὴ
3431 2255 3722 2326 γινώσκειν

2147 2355 2438 2425 ἀγέννητον
2462 2370 2474 2383 °
2502 2353 2596 2406 καὶ
2636 2353 2698 2405 οὐ
2736 2351 2890 2404 τοῦτο
2921 2349 3100 2420 μόνον,
3135 2349 3270 2403 ἀλλά
3303 2349 3397 2401 καὶ
3441 2346 3724 2408 παντελῶς

2149 2445 2547 2509 ἀνυπόστατον,
2585 2443 2672 2496 διὰ
2717 2442 2778 2494 τὸ
2817 2439 3176 2512 μὴδύνασθαι
3207 2438 3366 2492 αὐτὸν
3405 2440 3463 2491 ὲν
3507 2437 3723 2505 θεότητι

2153 2528 2432 2607 βλέπειν,ᾧ
2446 2535 2546 2587 οὐκ
2570 2533 2906 2604 ὲνθεωρεῖται
2929 2531 2988 2585 τὸ
3010 2530 3320 2601 ἀγέννητον,
3347 2528 3503 2598 εἴπερ
3525 2527 3723 2580 mea».

2149 2629 2210 2682 τὸ
2236 2626 2525 2696 ἁγέννητόν
2548 2643 2606 2678 τε
2632 2625 2725 2678 καὶ
2753 2623 3026 2696 ἄφθαρτον
3054 2625 3120 2693 τῇ
3150 2622 3306 2674 οὐσία
3335 2621 3526 2673 οἴεται.
3567 2619 3724 2670 Ἐπεὶ

2150 2719 2204 2772 δὲ
2236 2718 2496 2790 πρόδηλος
2529 2718 2586 2768 ὲν
2606 2717 2812 2777 τούτοις
2842 2713 2986 2767 ἐστὶν
3020 2715 3053 2784 ἡ
3086 2711 3350 2774 ἀπώλεια,
3387 2708 3721 2780 συμϐουλευ-

2154 2809 2300 2863 σάτω
2339 2826 2422 2871 τις
2446 2811 2557 2871 τοῖς
2586 2807 2838 2870 δειλαίοις
2876 2807 2966 2858 ἐπὶ
3006 2805 3066 2857 τὸ
3099 2804 3414 2874 λειπόμενον
3445 2801 3721 2874 τραπῆναι

2151 2900 2229 2971 τῷ
2259 2899 2424 2969 λόγῳ,
2468 2900 2561 2952 καὶ
2594 2899 2668 2968 μὴ
2705 2899 3028 2968 ζυγομαχεῖν
3058 2899 3120 2948 ἐκ
3152 2894 3245 2948 τοῦ
3291 2893 3554 2965 προδήλου
3584 2893 3720 2962 πρὸς

2153 2989 2249 3061 τὴν
2273 2989 2550 3058 ἀλήθειαν·
2576 2987 2710 3040 ἀλλά
2741 2985 3078 3040 συντίθεσθαι
3102 2985 3230 3037 ἴδιον
3261 2984 3489 3037 ἑκάστου
3519 2981 3724 3035 τοῂων

2155 3076 2292 3136 εἶναι
2331 3081 2439 3133 τῶν
2475 3078 2755 3150 ὀνομάτων
2784 3077 2844 3130 τὸ
2887 3078 3300 3147 σημαινόμενον,
3341 3077 3476 3146 ὅπερ
3523 3075 3722 3146 μᾶλλον

2155 3172 2218 3225 ἄν
2244 3189 2327 3234 τις
2346 3168 2433 3224 διὰ
2453 3169 2560 3223 τῶν
2588 3166 3164 3237 ἀντιδιαστελλομένων
3184 3167 3408 3236 νοήσειε.
3436 3165 3506 3217 T6
3529 3181 3586 3216 τε
3613 3163 3723 3234 γὰρ

484 3257 829 3313 intellexerit.
875 3255 1010 3310 Nam
1048 3264 1101 3310 et
1149 3257 1450 3326 ingenitum
1493 3272 1587 3326 per
1619 3257 1784 3326 geniti
1829 3257 2049 3326 opposi-

2159 3262 2448 3331 άγέννητον
2491 3263 2556 3330 τῇ
2601 3259 2736 3331 πρὸς
2777 3258 3124 3328 τδγεννητὲν
3171 3256 3536 3327 ἀντιδιαστολῇ
3573 3255 3724 3319 ἐξευ-

485 3348 692 3404 tionem
742 3347 1069 3410 invenimus,
1105 3355 1158 3402 et
1196 3346 1610 3416 incorruptibile
1657 3361 1752 3414 per
1783 3347 2055 3415 corrupti-

484 3440 613 3494 bilis
659 3437 1057 3508 appositionem
1091 3438 1456 3507 cognoscitur,
1488 3446 1541 3491 et
1564 3437 1800 3491 essentia
1826 3452 1922 3506 per
1947 3437 2058 3492 dis-

488 3530 698 3585 crimen
729 3545 851 3581 cum
886 3543 952 3582 eo
979 3527 1124 3599 quod
1157 3543 1261 3581 non
1290 3527 1540 3582 subsistit
1579 3535 1875 3598 spectatur.
1905 3527 2058 3583 Sicut

487 3621 632 3675 enim
673 3618 818 3689 quod
856 3632 964 3672 non
993 3618 1233 3688 genitum
1267 3625 1372 3681 est,
1406 3617 1705 3687 ingenitum
1753 3617 1972 3683 dicitur,
2006 3626 2058 3671 et

421 3737 424 3742 -
487 3708 634 3782 quod
687 3723 794 3763 non
844 3708 1229 3777 corrumpitur,
1284 3705 1734 3777 incorruptibile:
1787 3707 1864 3761 sic
1913 3707 2057 3777 quod

489 3815 598 3856 non
638 3806 723 3854 cst
757 3813 866 3852 non
892 3797 1181 3862 exsistcns,
1218 3797 1510 3852 essentiam
1569 3797 1934 3851 nominamus.
1995 3796 2060 3850 Et

489 3899 682 3947 contra
727 3889 870 3945 sicut
912 3889 1150 3958 genitum
1202 3901 1306 3942 non
1357 3886 1587 3942 dicimus
1621 3889 1942 3959 ingenitum,
1979 3889 2060 3942 sic

489 3981 636 4055 quod
675 3981 1028 4051 corruptibile
1072 3991 1174 4042 est,
1227 3995 1334 4033 non
1367 3979 1778 4051 incorruptibile
1811 3981 2059 4034 nomina-

490 4090 634 4128 mus.
667 4071 809 4144 Ergo
838 4073 1075 4127 essentia
1115 4072 1331 4142 quidem
1375 4073 1427 4126 in
1458 4087 1522 4127 eo
1560 4071 1702 4142 quod
1741 4078 1824 4126 est
1856 4071 2061 4142 aliquid

491 4161 842 4232 intelligitur:
883 4163 1083 4217 bonum
1127 4169 1306 4215 autem
1357 4163 1440 4216 vel
1481 4161 1852 4230 corruptibile,
1902 4163 2061 4231 quale

491 4253 621 4324 quid
661 4269 780 4308 esse
814 4253 1035 4308 indicat.
1075 4252 1190 4306 Alia
1218 4252 1385 4323 igitur
1413 4254 1662 4308 essentize
1683 4255 1844 4317 ratio,
1873 4261 1926 4307 et
1955 4254 2060 4307 alia

491 4361 612 4416 qua:
633 4346 926 4415 quomodo,
964 4347 1046 4400 vel
1075 4347 1235 4416 quale
1271 4361 1365 4416 per
1396 4360 1453 4399 se
1482 4344 1743 4400 declarat.

559 4439 639 4489 Ae
665 4437 795 4490 mihi
829 4437 1085 4505 praeclare
1110 4438 1306 4491 habere
1331 4437 1564 4500 videtur,
1596 4437 1638 4490 si
1682 4435 2060 4490 intermediam

2163 3353 2440 3424 ρίσκομεν,
2468 3353 2562 3405 καὶ
2579 3351 2639 3404 τὸ
2666 3350 2940 3421 ἄφθαρτον
2961 3353 3026 3421 τῇ
3055 3350 3188 3420 πρὸς
3209 3349 3268 3402 τὸ
3295 3348 3527 3420 φθαρτὸν
3554 3363 3726 3418 παρα-

2159 3441 2303 3495 θέσει
2332 3441 2674 3512 γνωρίζεται,
2714 3441 2860 3510 καὶή
2895 3439 3051 3492 οὐσία
3087 3443 3150 3510 τῇ
3183 3440 3316 3509 πρὸς
3335 3438 3395 3490 τὸ
3419 3437 3724 3492 ἀνυπόστα-

2158 3550 2248 3586 τον
2283 3532 2603 3604 παραλλαγῇ
2639 3533 2940 3604 θεωρεῖται.
2993 3533 3084 3594 Ὠς
3121 3532 3228 3601 γὰρ
3268 3530 3295 3581 ὃ
3329 3529 3401 3601 μὴ
3439 3528 3725 3600 ἐγεννήθη,

2160 3625 2452 3696 ἀγέννητον
2481 3624 2718 3690 λέγεται,
2752 3623 2846 3678 καὶ
2891 3623 2919 3676 ὃ
2956 3623 3030 3694 μὴ
3075 3623 3384 3694 φθείρεται,
3413 3620 3688 3692 ἄφθαρτον
3711 3638 3724 3650 ·

2159 3717 2331 3782 οὕτως
2355 3720 2448 3772 καὶ
2472 3717 2533 3772 τὸ
2562 3717 2634 3788 μὴ
2662 3716 3028 3788 ἀνύπαρκτον,
3056 3715 3242 3768 οὐσίαν
3269 3714 3726 3784 κατονομάζομεν.

2161 3809 2263 3865 Καὶ
2292 3811 2351 3864 τὸ
2379 3811 2612 3882 ἔμπαλιν
2637 3808 2712 3873 ώς
2738 3809 2798 3862 τὸ
2834 3809 3089 3878 γεννητὸν
3113 3809 3213 3861 οὐκ
3242 3807 3532 3877 ἀγέννητον
3571 3806 3727 3873 λέγο-

2165 3919 2285 3972 μεν,
2315 3901 2409 3954 καὶ
2438 3901 2498 3955 τὸ
2528 3901 2762 3972 φθαρτὸν
2788 3901 2887 3954 οὐκ
2915 3899 3184 3972 ἄφθαρτον
3226 3898 3578 3969 ὀνομάζομεν.
3619 3900 3729 3952 Οὐκ

2162 3995 2294 4050 κοῦν.
2337 3995 2490 4048 οὐσία
2535 3995 2632 4065 μὲν
2671 3994 2728 4047 ἐν
2767 3993 2843 4064 τῷ
2889 3988 3024 4047 εἷναί
3066 4009 3117 4044 τι
3157 3992 3524 4044 κατανοεῖται·
3564 3990 3624 4042 τδ
3673 3989 3730 4042 δὲ

2163 4088 2362 4157 ἀγαθὸν
2398 4089 2429 4159 ἢ
2470 4090 2529 4141 τὸ
2568 4088 2825 4159 φθαρτὸν,
2857 4089 2911 4139 ὲν
2950 4087 3027 4158 τῷ
3071 4085 3310 4138 ποταπὸν
3342 4081 3494 4138 εἶναι.
3537 4084 3730 4148 ’Ἄλλος

2161 4175 2252 4234 οὖν
2278 4182 2306 4233 6
2330 4179 2421 4233 τοῦ
2447 4175 2581 4233 εἶναι
2607 4180 2781 4249 λόγος,
2811 4181 2905 4234 καὶ
2924 4179 3106 4251 ἕτερος
3128 4180 3156 4233 ό
3181 4177 3242 4230 τὸ
3270 4178 3404 4241 πῶς,
3436 4178 3468 4247 ἢ
3493 4177 3555 4230 τὸ
3579 4180 3730 4232 ποῖον

2161 4271 2226 4325 δι’
2261 4270 2465 4324 ἑαυτοῦ
2481 4270 2808 4342 σαφηνίζων.

2234 4449 2342 4501 Καί
2383 4467 2474 4520 μοι
2521 4450 2668 4503 δοκεῖ
2695 4449 2871 4514 καλῶς
2901 4450 3042 4521 ἔχειν
3075 4450 3370 4522 ὑπερϐάντι
3399 4449 3495 4521 τὴν
3524 4449 3614 4502 διὰ
3637 4450 3731 4520 μέ-

492 4542 752 4582 nauseam
811 4542 1138 4596 superavero
1184 4527 1294 4598 (sic
1342 4529 1486 4582 enim
1527 4527 1761 4581 arbitror
1804 4535 2049 4597 oportere

2162 4557 2251 4593 σου
2297 4539 2518 4594 ναυτίαν
2554 4539 2716 4608 (οὕτω
2747 4541 2854 4612 γάρ
2892 4539 3042 4611 οἶμαι
3082 4542 3276 4613 χρῆναι
3321 4541 3417 4605 τὰς
3469 4541 3730 4610 ἀνοήτους

491 4628 734 4672 amentes
759 4618 876 4686 ejus
909 4625 1098 4671 contra
1142 4621 1647 4673 commentationem
1682 4617 2056 4690 aggressiones

490 4712 824 4778 nominare),
857 4710 982 4763 dum
1016 4711 1247 4780 cupidus
1273 4713 1530 4765 immoror
1573 4711 1625 4765 in
1656 4713 1928 4782 proposita
1960 4728 2058 4766 no-

489 4799 574 4854 bis
595 4801 835 4855 notioue.
870 4800 1219 4871 Quaecunque
1240 4802 1384 4855 enim
1415 4801 1482 4855 ad
1503 4804 1837 4858 eversionem
1866 4818 2053 4858 eorum

487 4906 609 4960 qua:
628 4891 694 4945 de
718 4891 1173 4946 commentatione
1200 4907 1230 4945 a
1254 4893 1514 4962 magistro
1537 4893 1881 4948 considerata
1905 4904 2056 4961 sunt,

485 4982 651 5036 veluti
690 4982 944 5051 quiddam
981 4998 1178 5038 succus
1224 4983 1517 5053 pituitosus
1545 4987 1612 5039 ab
1657 4986 1758 5040 hoc
1789 4987 2056 5057 scriptore

486 5073 720 5126 evomita
745 5082 893 5139 sunt,
924 5075 1050 5128 talia
1085 5083 1215 5129 sunt
1245 5081 1302 5128 ut
1338 5076 1467 5129 nihil
1497 5078 1721 5146 periculi
1753 5079 2054 5148 legentibus

489 5164 782 5233 prtebeant,
839 5167 940 5221 etsi
993 5165 1287 5222 admodum
1336 5169 1534 5239 aliquis
1589 5169 1753 5225 fuerit
1804 5173 2051 5234 stolidus,

484 5265 540 5312 et
575 5257 663 5311 cui
707 5259 871 5312 verba
902 5257 1032 5314 dare
1058 5259 1128 5313 sit
1166 5259 1340 5315 facile.
1376 5261 1510 5327 Quis
1541 5263 1683 5317 enim
1733 5264 1805 5317 ita
1857 5267 2054 5320 mentis

483 5344 644 5417 inops
663 5355 716 5402 ct
744 5363 956 5413 vecors,
999 5357 1056 5403 ut
1087 5366 1206 5420 quae
1233 5353 1466 5422 exempli
1497 5355 1667 5423 gratia
1690 5355 1756 5410 de
1781 5355 2054 5413 frumento

486 5452 516 5491 a
543 5439 763 5495 doctore
786 5441 961 5511 posita
991 5449 1138 5508 sunt,
1171 5443 1370 5513 quibus
1390 5445 1536 5500 velut
1563 5452 1732 5501 artem
1763 5447 2052 5515 quamdam

486 5536 540 5581 et
576 5528 782 5583 aditum
817 5530 882 5584 ad
914 5531 1229 5587 sublimium
1268 5536 1783 5606 contemplationem
1819 5538 2050 5592 auditori

487 5621 846 5686 supponebat,
879 5621 991 5676 haec
1018 5623 1143 5677 dum
1168 5624 1380 5692 exiliter
1403 5625 1707 5683 Eunomius
1727 5629 1794 5683 de
1815 5632 2052 5686 essentia

489 5705 582 5761 Dei
616 5710 987 5767 universorum
1016 5715 1360 5772 sermonibus
1391 5721 1784 5786 accommodat,
1823 5723 2050 5778 arbitre-

490 5803 569 5854 tut
609 5798 783 5869 ipsum
826 5803 1027 5874 aliquid
1068 5805 1270 5872 dicere.
1325 5817 1378 5864 et
1428 5826 1552 5866 cum
1603 5813 1781 5884 aliqua
1831 5816 2050 5872 solertia

2165 4631 2324 4685 αὑτοῦ
2351 4633 2488 4686 κατὰ
2512 4634 2608 4702 τῆς
2641 4633 2879 4697 ἐπινοίας
2908 4635 3274 4705 ἐπιχειρήσεις
3299 4635 3728 4704 κατονομάζειν),

2164 4721 2239 4792 τῷ
2285 4723 2626 4794 προκειμένῳ
2672 4725 2802 4794 ἡμῖν
2855 4724 3292 4795 ἐμφιλοχωρῆσαι
3353 4725 3605 4796 νοήματι.
3651 4725 3730 4777 Τά

2163 4813 2270 4884 γὰρ
2307 4814 2404 4866 ὅσα
2438 4814 2571 4885 πρὸς
2599 4815 2905 4885 ἀνατροπὴν
2935 4815 3044 4868 τῶν
3091 4817 3216 4888 περὶ
3243 4818 3338 4887 τῆς
3386 4817 3630 4879 ἐπινοίας

2162 4905 2460 4978 διδασκάλῳ
2483 4906 2903 4977 τεθεωρημένων
2930 4907 3036 4962 ὑπὸ
3056 4908 3146 4963 τοῦ
3183 4908 3537 4979 λογογράφου,
3561 4910 3729 4964 καθά-

2163 5015 2267 5069 περ
2319 5015 2402 5062 τις
2452 4997 2619 5069 χυμὸς
2677 4997 3068 5071 φλεγματώδης
3130 5001 3463 5072 ἐξήμεσται,
3507 5001 3734 5055 τοιαῦτά

2165 5090 2307 5141 ἐστιν
2331 5090 2406 5152 ώς
2428 5089 2626 5161 μηδένα
2651 5090 2889 5144 κίνδυνον
2913 5093 3170 5162 παρέχειν
3191 5095 3300 5156 τοῖς
3321 5095 3726 5164 ἐντυγχάνουσι,

2161 5182 2265 5234 κᾶν
2288 5182 2488 5252 σφόδρα
2507 5199 2588 5246 τις
2620 5183 2822 5251 ἠλίθιος
2845 5184 2919 5235 ὢν
2942 5184 3033 5236 καὶ
3059 5185 3450 5256 εὐπαράγωγος
3472 5187 3730 5260 τύχῃ.’ἰ’ίς

2161 5274 2268 5344 γὰρ
2309 5272 2478 5336 οὕτως
2523 5273 2627 5340 ἔξω
2661 5274 2896 5338 διανοίας
2932 5275 3100 5339 ἐστὶν,
3125 5275 3263 5329 ὥστε
3292 5277 3358 5330 τὰ
3397 5278 3728 5349 ὑποδειγμα-

2159 5364 2324 5427 τικῶς
2358 5364 2483 5434 περὶ
2519 5363 2613 5417 τοῦ
2659 5365 2804 5419 σίτου
2838 5365 2986 5436 παρά
3017 5365 3109 5418 τοῦ
3139 5365 3456 5420 διδασκάλου
3482 5367 3724 5433 τεθέντα,

2159 5455 2225 5509 δι’
2257 5451 2330 5510 ὧν
2368 5456 2528 5509 οἱονεὶ
2565 5456 2758 5528 τέχνην
2810 5458 2929 5512 τινὰ
2972 5458 3065 5512 καὶ
3107 5458 3292 5528 ἔφοδον
3330 5460 3464 5530 πρὸς
3492 5459 3588 5531 τὴν
3618 5460 3724 5514 τῶν

2161 5545 2378 5616 ὑψηλῶν
2411 5545 2638 5616 θεωρίαν
2660 5546 2735 5616 τῷ
2761 5547 3000 5619 ἀκροατῇ
3037 5547 3334 5609 ὑπετίθετο,
3359 5548 3527 5602 ταῦτα
3557 5550 3725 5618 ψιλῶς

2159 5637 2252 5690 τοῦ
2285 5637 2547 5708 Εὑνομίου
2569 5639 2676 5701 τοῖς
2703 5639 2831 5710 περὶ⁵
2855 5641 2952 5710 τῆς
2973 5639 3159 5704 οὐσίας
3185 5640 3279 5694 τοῦ
3300 5639 3434 5694 Θεοῦ
3464 5640 3569 5694 τῶν
3590 5642 3723 5694 ὅλων

2159 5727 2556 5799 ἐφαρμόζοντος
2597 5729 2803 5798 λόγοις,
2839 5731 3084 5801 οἰηθῆναί
3117 5749 3170 5784 τι
3214 5731 3386 5800 λέγειν
3419 5731 3598 5789 αὑτὸν.
3632 5733 3722 5785 καὶ

2163 5819 2302 5890 μετά
2333 5837 2475 5884 τινος
2513 5820 2789 5893 ἀγχινοίας
2825 5822 2965 5876 κατὰ
3009 5822 3110 5894 τῆς
3164 5823 3418 5894 ἀληθείας
3473 5821 3720 5894 τεχνάζε-
