  <div class='ocr_page' id='page_1' title='image "/cluster/home/n/w/nwhite01/storage/ocr_20150623/45/hvd.32044019826437/524.png"; bbox 0 0 4006 6540; ppageno 0'>
   <div class='ocr_carea' id='block_1_1' title="bbox 380 244 510 299">
    <p class='ocr_par' dir='ltr' id='par_1_1' title="bbox 380 244 510 299">
     <span class='ocr_line' id='line_1_1' title="bbox 380 244 510 299; baseline -0.008 -1"><span class='ocrx_word' id='word_1_1' title='bbox 380 244 510 299; x_wconf 73' lang='grc'><strong>1041</strong></span> 
     </span>
    </p>
   </div>
   <div class='ocr_carea' id='block_1_2' title="bbox 1469 249 2502 320">
    <p class='ocr_par' dir='ltr' id='par_1_2' title="bbox 1469 249 2502 320">
     <span class='ocr_line' id='line_1_2' title="bbox 1469 249 2502 320; baseline 0.005 -16"><span class='ocrx_word' id='word_1_2' title='bbox 1469 249 1749 305; x_wconf 76' lang='lat' dir='ltr'><strong>CONTRA</strong></span> <span class='ocrx_word' id='word_1_3' title='bbox 1784 250 2174 320; x_wconf 76' lang='lat' dir='ltr'><strong>EUNOMIUM,</strong></span> <span class='ocrx_word' id='word_1_4' title='bbox 2216 252 2346 309; x_wconf 87' lang='lat' dir='ltr'><strong>LIB.</strong></span> <span class='ocrx_word' id='word_1_5' title='bbox 2387 254 2502 309; x_wconf 76' lang='grc' dir='ltr'><strong>ΧΠ.</strong></span> 
     </span>
    </p>
   </div>
   <div class='ocr_carea' id='block_1_3' title="bbox 3488 260 3623 314">
    <p class='ocr_par' dir='ltr' id='par_1_3' title="bbox 3488 260 3623 314">
     <span class='ocr_line' id='line_1_3' title="bbox 3488 260 3623 314; baseline 0.022 -3"><span class='ocrx_word' id='word_1_6' title='bbox 3488 260 3623 314; x_wconf 67' lang='lat'><strong>103?.</strong></span> 
     </span>
    </p>
   </div>
   <div class='ocr_carea' id='block_1_4' title="bbox 377 360 1944 443">
    <p class='ocr_par' dir='ltr' id='par_1_4' title="bbox 377 360 1944 441">
     <span class='ocr_line' id='line_1_4' title="bbox 377 360 1944 441; baseline 0.006 -26"><span class='ocrx_word' id='word_1_7' title='bbox 377 361 537 426; x_wconf 87' lang='grc' dir='ltr'>σθαι;</span> <span class='ocrx_word' id='word_1_8' title='bbox 569 360 642 413; x_wconf 81' lang='grc' dir='ltr'>Τὸ</span> <span class='ocrx_word' id='word_1_9' title='bbox 673 360 780 432; x_wconf 82' lang='grc' dir='ltr'>γὰρ</span> <span class='ocrx_word' id='word_1_10' title='bbox 834 361 1061 431; x_wconf 82' lang='grc' dir='ltr'><strong>φάσκειν</strong></span> <span class='ocrx_word' id='word_1_11' title='bbox 1093 364 1254 418; x_wconf 84' lang='grc' dir='ltr'>αὑτὸν</span> <span class='ocrx_word' id='word_1_12' title='bbox 1283 368 1739 441; x_wconf 76' lang='grc' dir='ltr'><strong>πρεπωδεστάτην</strong></span> <span class='ocrx_word' id='word_1_13' title='bbox 1771 373 1944 427; x_wconf 77' lang='grc' dir='ltr'>αἰτίαν</span> 
     </span>
    </p>
   </div>
   <div class='ocr_carea' id='block_1_5' title="bbox 2048 360 3623 443">
    <p class='ocr_par' dir='ltr' id='par_1_5' title="bbox 2052 372 3623 443">
     <span class='ocr_line' id='line_1_5' title="bbox 2052 372 3623 443; baseline 0.003 -18"><span class='ocrx_word' id='word_1_14' title='bbox 2052 382 2243 425; x_wconf 91' lang='lat' dir='ltr'><strong>contra</strong></span> <span class='ocrx_word' id='word_1_15' title='bbox 2273 374 2556 428; x_wconf 90' lang='lat' dir='ltr'><strong>veritatem</strong></span> <span class='ocrx_word' id='word_1_16' title='bbox 2586 372 2961 429; x_wconf 85' lang='lat' dir='ltr'><strong>architectari?</strong></span> <span class='ocrx_word' id='word_1_17' title='bbox 2984 372 3117 428; x_wconf 87' lang='lat' dir='ltr'><strong>Nam</strong></span> <span class='ocrx_word' id='word_1_18' title='bbox 3150 374 3293 443; x_wconf 88' lang='lat' dir='ltr'><strong>quod</strong></span> <span class='ocrx_word' id='word_1_19' title='bbox 3319 374 3433 442; x_wconf 86' lang='lat' dir='ltr'><strong>ipse</strong></span> <span class='ocrx_word' id='word_1_20' title='bbox 3472 388 3623 429; x_wconf 85' lang='lat' dir='ltr'><strong>asse-</strong></span> 
     </span>
    </p>
   </div>
   <div class='ocr_carea' id='block_1_6' title="bbox 374 449 1978 530">
    <p class='ocr_par' dir='ltr' id='par_1_6' title="bbox 374 449 1978 530">
     <span class='ocr_line' id='line_1_6' title="bbox 374 449 1978 530; baseline 0.009 -28"><span class='ocrx_word' id='word_1_21' title='bbox 374 450 468 503; x_wconf 77' lang='grc' dir='ltr'><strong>ἐπὶ</strong></span> <span class='ocrx_word' id='word_1_22' title='bbox 498 449 591 503; x_wconf 86' lang='grc' dir='ltr'><strong>τοῦ</strong></span> <span class='ocrx_word' id='word_1_23' title='bbox 611 450 745 504; x_wconf 85' lang='grc' dir='ltr'><strong>Θεοῦ</strong></span> <span class='ocrx_word' id='word_1_24' title='bbox 770 449 865 505; x_wconf 88' lang='grc' dir='ltr'><strong>τοῦ</strong></span> <span class='ocrx_word' id='word_1_25' title='bbox 887 452 1141 522; x_wconf 86' lang='grc' dir='ltr'>γεννῆσαι</span> <span class='ocrx_word' id='word_1_26' title='bbox 1166 455 1256 507; x_wconf 78' lang='grc' dir='ltr'>τὸν</span> <span class='ocrx_word' id='word_1_27' title='bbox 1272 456 1398 510; x_wconf 81' lang='grc' dir='ltr'>Υίδν</span> <span class='ocrx_word' id='word_1_28' title='bbox 1426 453 1564 512; x_wconf 80' lang='grc' dir='ltr'>εἶναι</span> <span class='ocrx_word' id='word_1_29' title='bbox 1590 461 1686 530; x_wconf 81' lang='grc' dir='ltr'>τὴν</span> <span class='ocrx_word' id='word_1_30' title='bbox 1712 462 1943 516; x_wconf 84' lang='grc' dir='ltr'>ἀδέσπο-</span> <span class='ocrx_word' id='word_1_31' title='bbox 1971 484 1978 491; x_wconf 93' lang='grc'>·</span> 
     </span>
    </p>
   </div>
   <div class='ocr_carea' id='block_1_7' title="bbox 374 540 1944 626">
    <p class='ocr_par' dir='ltr' id='par_1_7' title="bbox 374 540 1944 626">
     <span class='ocr_line' id='line_1_7' title="bbox 374 540 1944 626; baseline 0.009 -33"><span class='ocrx_word' id='word_1_32' title='bbox 374 558 465 594; x_wconf 89' lang='grc' dir='ltr'><strong>τον</strong></span> <span class='ocrx_word' id='word_1_33' title='bbox 504 540 783 607; x_wconf 79' lang='grc' dir='ltr'>ἐξουσίαν,</span> <span class='ocrx_word' id='word_1_34' title='bbox 815 544 909 597; x_wconf 79' lang='grc' dir='ltr'>καὶ</span> <span class='ocrx_word' id='word_1_35' title='bbox 958 544 1055 614; x_wconf 83' lang='grc' dir='ltr'>τὴν</span> <span class='ocrx_word' id='word_1_36' title='bbox 1087 547 1492 618; x_wconf 78' lang='grc' dir='ltr'>ἀνυπέρϐλητον</span> <span class='ocrx_word' id='word_1_37' title='bbox 1528 551 1773 622; x_wconf 86' lang='grc' dir='ltr'>δύναμιν,</span> <span class='ocrx_word' id='word_1_38' title='bbox 1810 555 1944 626; x_wconf 83' lang='grc' dir='ltr'>ὅπερ</span> 
     </span>
    </p>
   </div>
   <div class='ocr_carea' id='block_1_8' title="bbox 372 634 1941 713">
    <p class='ocr_par' dir='ltr' id='par_1_8' title="bbox 372 634 1941 713">
     <span class='ocr_line' id='line_1_8' title="bbox 372 634 1941 713; baseline 0.007 -27"><span class='ocrx_word' id='word_1_39' title='bbox 372 635 434 686; x_wconf 65' lang='grc' dir='ltr'>οὔ</span> <span class='ocrx_word' id='word_1_40' title='bbox 458 634 587 705; x_wconf 72' lang='grc' dir='ltr'>περὶ</span> <span class='ocrx_word' id='word_1_41' title='bbox 614 635 706 688; x_wconf 91' lang='grc' dir='ltr'><strong>τοῦ</strong></span> <span class='ocrx_word' id='word_1_42' title='bbox 736 635 937 706; x_wconf 85' lang='grc' dir='ltr'>κόσμου</span> <span class='ocrx_word' id='word_1_43' title='bbox 967 639 1124 707; x_wconf 85' lang='grc' dir='ltr'>μόνον</span> <span class='ocrx_word' id='word_1_44' title='bbox 1144 640 1361 692; x_wconf 80' lang='grc' dir='ltr'>καὶτῶν</span> <span class='ocrx_word' id='word_1_45' title='bbox 1392 643 1449 693; x_wconf 82' lang='grc' dir='ltr'><strong>ἐν</strong></span> <span class='ocrx_word' id='word_1_46' title='bbox 1476 642 1623 710; x_wconf 84' lang='grc' dir='ltr'>αὐτῷ</span> <span class='ocrx_word' id='word_1_47' title='bbox 1646 645 1941 713; x_wconf 72' lang='grc' dir='ltr'>στοιχείων,</span> 
     </span>
    </p>
   </div>
   <div class='ocr_carea' id='block_1_9' title="bbox 372 725 1940 803">
    <p class='ocr_par' dir='ltr' id='par_1_9' title="bbox 372 725 1940 803">
     <span class='ocr_line' id='line_1_9' title="bbox 372 725 1940 803; baseline 0.007 -26"><span class='ocrx_word' id='word_1_48' title='bbox 372 725 509 778; x_wconf 76' lang='grc' dir='ltr'>ἀλλὰ</span> <span class='ocrx_word' id='word_1_49' title='bbox 536 728 629 779; x_wconf 63' lang='grc' dir='ltr'><strong>καὶ</strong></span> <span class='ocrx_word' id='word_1_50' title='bbox 659 730 783 798; x_wconf 75' lang='grc' dir='ltr'>περὶ</span> <span class='ocrx_word' id='word_1_51' title='bbox 808 728 913 780; x_wconf 78' lang='grc' dir='ltr'><strong>τῶν</strong></span> <span class='ocrx_word' id='word_1_52' title='bbox 943 730 1183 799; x_wconf 79' lang='grc' dir='ltr'>ἑρπετῶν</span> <span class='ocrx_word' id='word_1_53' title='bbox 1215 731 1308 783; x_wconf 75' lang='grc' dir='ltr'><strong>καὶ</strong></span> <span class='ocrx_word' id='word_1_54' title='bbox 1346 730 1546 803; x_wconf 90' lang='grc' dir='ltr'>θηρίων</span> <span class='ocrx_word' id='word_1_55' title='bbox 1580 734 1724 787; x_wconf 81' lang='grc' dir='ltr'>ἔστιν</span> <span class='ocrx_word' id='word_1_56' title='bbox 1749 736 1940 787; x_wconf 83' lang='grc' dir='ltr'>εἰπεῖν’</span> 
     </span>
    </p>
   </div>
   <div class='ocr_carea' id='block_1_10' title="bbox 372 816 1942 894">
    <p class='ocr_par' dir='ltr' id='par_1_10' title="bbox 372 816 1942 894">
     <span class='ocr_line' id='line_1_10' title="bbox 372 816 1942 894; baseline 0.007 -25"><span class='ocrx_word' id='word_1_57' title='bbox 372 816 467 869; x_wconf 67' lang='grc' dir='ltr'><strong>καὶ</strong></span> <span class='ocrx_word' id='word_1_58' title='bbox 496 817 653 871; x_wconf 80' lang='grc' dir='ltr'>τοῦτο</span> <span class='ocrx_word' id='word_1_59' title='bbox 685 819 761 881; x_wconf 84' lang='grc' dir='ltr'>ὡς</span> <span class='ocrx_word' id='word_1_60' title='bbox 806 819 1012 890; x_wconf 81' lang='grc' dir='ltr'>πρέπον</span> <span class='ocrx_word' id='word_1_61' title='bbox 1049 822 1138 874; x_wconf 79' lang='grc' dir='ltr'><strong>ἐπὶ</strong></span> <span class='ocrx_word' id='word_1_62' title='bbox 1168 825 1265 891; x_wconf 84' lang='grc' dir='ltr'>τῆς</span> <span class='ocrx_word' id='word_1_63' title='bbox 1303 824 1396 876; x_wconf 92' lang='grc' dir='ltr'><strong>τοῦ</strong></span> <span class='ocrx_word' id='word_1_64' title='bbox 1445 826 1765 894; x_wconf 80' lang='grc' dir='ltr'>μονογενοῦς</span> <span class='ocrx_word' id='word_1_65' title='bbox 1806 827 1942 881; x_wconf 82' lang='grc' dir='ltr'>Θεοῦ</span> 
     </span>
    </p>
   </div>
   <div class='ocr_carea' id='block_1_11' title="bbox 373 909 1944 989">
    <p class='ocr_par' dir='ltr' id='par_1_11' title="bbox 373 909 1944 989">
     <span class='ocr_line' id='line_1_11' title="bbox 373 909 1944 989; baseline 0.008 -29"><span class='ocrx_word' id='word_1_66' title='bbox 373 909 692 978; x_wconf 73' lang='grc' dir='ltr'><strong>ὑπολήψεως</strong></span> <span class='ocrx_word' id='word_1_67' title='bbox 745 910 835 963; x_wconf 68' lang='grc' dir='ltr'>τὸν</span> <span class='ocrx_word' id='word_1_68' title='bbox 888 912 1081 982; x_wconf 79' lang='grc' dir='ltr'>σεμνὸν</span> <span class='ocrx_word' id='word_1_69' title='bbox 1137 913 1381 982; x_wconf 72' lang='grc' dir='ltr'>θεολόγον</span> <span class='ocrx_word' id='word_1_70' title='bbox 1426 916 1726 971; x_wconf 77' lang='grc' dir='ltr'>ἐκτίθεσθαι</span> <span class='ocrx_word' id='word_1_71' title='bbox 1749 936 1761 949; x_wconf 77' lang='grc'><em>’</em></span> <span class='ocrx_word' id='word_1_72' title='bbox 1803 919 1835 989; x_wconf 87' lang='grc' dir='ltr'><strong>ῆ</strong></span> <span class='ocrx_word' id='word_1_73' title='bbox 1884 920 1944 973; x_wconf 84' lang='grc' dir='ltr'>τὸ</span> 
     </span>
    </p>
   </div>
   <div class='ocr_carea' id='block_1_12' title="bbox 370 1000 1946 1080">
    <p class='ocr_par' dir='ltr' id='par_1_12' title="bbox 370 1000 1946 1080">
     <span class='ocr_line' id='line_1_12' title="bbox 370 1000 1946 1080; baseline 0.008 -28"><span class='ocrx_word' id='word_1_74' title='bbox 370 1000 549 1069; x_wconf 82' lang='grc' dir='ltr'>λέγειν</span> <span class='ocrx_word' id='word_1_75' title='bbox 575 1002 668 1055; x_wconf 75' lang='grc' dir='ltr'>καὶ</span> <span class='ocrx_word' id='word_1_76' title='bbox 694 1003 799 1073; x_wconf 85' lang='grc' dir='ltr'><strong>πρὸ</strong></span> <span class='ocrx_word' id='word_1_77' title='bbox 819 1003 915 1072; x_wconf 82' lang='grc' dir='ltr'><strong>τῆς</strong></span> <span class='ocrx_word' id='word_1_78' title='bbox 932 1004 1038 1057; x_wconf 82' lang='grc' dir='ltr'><strong>τῶν</strong></span> <span class='ocrx_word' id='word_1_79' title='bbox 1056 1005 1331 1074; x_wconf 80' lang='grc' dir='ltr'>ὀνομάτων</span> <span class='ocrx_word' id='word_1_80' title='bbox 1354 1010 1656 1076; x_wconf 82' lang='grc' dir='ltr'>γεννήσεως</span> <span class='ocrx_word' id='word_1_81' title='bbox 1694 1009 1946 1080; x_wconf 80' lang='grc' dir='ltr'>’Λγέννη-</span> 
     </span>
    </p>
   </div>
   <div class='ocr_carea' id='block_1_13' title="bbox 368 1092 1944 1172">
    <p class='ocr_par' dir='ltr' id='par_1_13' title="bbox 368 1092 1944 1172">
     <span class='ocr_line' id='line_1_13' title="bbox 368 1092 1944 1172; baseline 0.008 -29"><span class='ocrx_word' id='word_1_82' title='bbox 368 1109 481 1152; x_wconf 87' lang='grc' dir='ltr'>τον,</span> <span class='ocrx_word' id='word_1_83' title='bbox 515 1092 546 1161; x_wconf 82' lang='grc' dir='ltr'>ἢ</span> <span class='ocrx_word' id='word_1_84' title='bbox 576 1093 815 1163; x_wconf 82' lang='grc' dir='ltr'>Πατέρα,</span> <span class='ocrx_word' id='word_1_85' title='bbox 844 1095 876 1165; x_wconf 84' lang='grc' dir='ltr'>ἢ</span> <span class='ocrx_word' id='word_1_86' title='bbox 912 1096 979 1149; x_wconf 83' lang='grc' dir='ltr'><strong>τά</strong></span> <span class='ocrx_word' id='word_1_87' title='bbox 1026 1096 1189 1150; x_wconf 79' lang='grc' dir='ltr'>λοιπὰ</span> <span class='ocrx_word' id='word_1_88' title='bbox 1218 1097 1325 1149; x_wconf 81' lang='grc' dir='ltr'>τῶν</span> <span class='ocrx_word' id='word_1_89' title='bbox 1369 1099 1647 1167; x_wconf 81' lang='grc' dir='ltr'>ὀνομάτων</span> <span class='ocrx_word' id='word_1_90' title='bbox 1672 1118 1944 1172; x_wconf 82' lang='grc' dir='ltr'>προσαγο-</span> 
     </span>
    </p>
   </div>
   <div class='ocr_carea' id='block_1_14' title="bbox 374 1184 1939 1263">
    <p class='ocr_par' dir='ltr' id='par_1_14' title="bbox 374 1184 1939 1263">
     <span class='ocr_line' id='line_1_14' title="bbox 374 1184 1939 1263; baseline 0.007 -28"><span class='ocrx_word' id='word_1_91' title='bbox 374 1184 625 1254; x_wconf 81' lang='grc' dir='ltr'>ρεύεσθαι</span> <span class='ocrx_word' id='word_1_92' title='bbox 656 1184 747 1237; x_wconf 83' lang='grc' dir='ltr'><strong>τὸν</strong></span> <span class='ocrx_word' id='word_1_93' title='bbox 773 1185 937 1240; x_wconf 87' lang='grc' dir='ltr'>Θεόν·</span> <span class='ocrx_word' id='word_1_94' title='bbox 962 1189 1210 1259; x_wconf 86' lang='grc' dir='ltr'>καθάπερ</span> <span class='ocrx_word' id='word_1_95' title='bbox 1242 1189 1469 1255; x_wconf 83' lang='grc' dir='ltr'>δεδιότα,</span> <span class='ocrx_word' id='word_1_96' title='bbox 1503 1191 1577 1262; x_wconf 86' lang='grc' dir='ltr'>μὴ</span> <span class='ocrx_word' id='word_1_97' title='bbox 1608 1191 1702 1244; x_wconf 87' lang='grc' dir='ltr'><strong>τοῦ</strong></span> <span class='ocrx_word' id='word_1_98' title='bbox 1740 1192 1939 1263; x_wconf 77' lang='grc' dir='ltr'>ὀνόμα-</span> 
     </span>
    </p>
   </div>
   <div class='ocr_carea' id='block_1_15' title="bbox 370 1278 1942 1353">
    <p class='ocr_par' dir='ltr' id='par_1_15' title="bbox 370 1278 1942 1353">
     <span class='ocr_line' id='line_1_15' title="bbox 370 1278 1942 1353; baseline 0.006 -25"><span class='ocrx_word' id='word_1_99' title='bbox 370 1295 460 1338; x_wconf 86' lang='grc' dir='ltr'><strong>τος</strong></span> <span class='ocrx_word' id='word_1_100' title='bbox 499 1278 647 1348; x_wconf 78' lang='grc' dir='ltr'>παρὰ</span> <span class='ocrx_word' id='word_1_101' title='bbox 678 1281 790 1342; x_wconf 85' lang='grc' dir='ltr'>τοῖς</span> <span class='ocrx_word' id='word_1_102' title='bbox 839 1281 1002 1350; x_wconf 87' lang='grc' dir='ltr'>μήπω</span> <span class='ocrx_word' id='word_1_103' title='bbox 1050 1282 1292 1349; x_wconf 84' lang='grc' dir='ltr'>γεγονόσι</span> <span class='ocrx_word' id='word_1_104' title='bbox 1328 1283 1687 1353; x_wconf 85' lang='grc' dir='ltr'>σιωπηθέντος</span> <span class='ocrx_word' id='word_1_105' title='bbox 1709 1324 1723 1348; x_wconf 92' lang='grc'><strong>,</strong></span> <span class='ocrx_word' id='word_1_106' title='bbox 1755 1285 1942 1338; x_wconf 78' lang='grc' dir='ltr'>ἑαυτὸν</span> 
     </span>
    </p>
   </div>
   <div class='ocr_carea' id='block_1_16' title="bbox 371 1369 1938 1447">
    <p class='ocr_par' dir='ltr' id='par_1_16' title="bbox 371 1369 1938 1447">
     <span class='ocr_line' id='line_1_16' title="bbox 371 1369 1938 1447; baseline 0.01 -33"><span class='ocrx_word' id='word_1_107' title='bbox 371 1369 685 1437; x_wconf 80' lang='grc' dir='ltr'>ἀγνοήσειεν</span> <span class='ocrx_word' id='word_1_108' title='bbox 710 1408 723 1431; x_wconf 92' lang='grc'><strong>,</strong></span> <span class='ocrx_word' id='word_1_109' title='bbox 754 1369 786 1439; x_wconf 87' lang='grc' dir='ltr'>ἢ</span> <span class='ocrx_word' id='word_1_110' title='bbox 840 1372 919 1434; x_wconf 83' lang='grc' dir='ltr'><strong>είς</strong></span> <span class='ocrx_word' id='word_1_111' title='bbox 955 1371 1125 1443; x_wconf 85' lang='grc' dir='ltr'>λήθην</span> <span class='ocrx_word' id='word_1_112' title='bbox 1179 1372 1371 1427; x_wconf 81' lang='grc' dir='ltr'>ἑαυτοῦ</span> <span class='ocrx_word' id='word_1_113' title='bbox 1420 1375 1574 1426; x_wconf 85' lang='grc' dir='ltr'>πέσοι</span> <span class='ocrx_word' id='word_1_114' title='bbox 1596 1414 1609 1438; x_wconf 91' lang='grc'><strong>,</strong></span> <span class='ocrx_word' id='word_1_115' title='bbox 1646 1379 1711 1446; x_wconf 78' lang='grc' dir='ltr'>τῇ</span> <span class='ocrx_word' id='word_1_116' title='bbox 1764 1380 1938 1447; x_wconf 84' lang='grc' dir='ltr'>σιωπῇ</span> 
     </span>
    </p>
   </div>
   <div class='ocr_carea' id='block_1_17' title="bbox 369 1449 1940 1539">
    <p class='ocr_par' dir='ltr' id='par_1_17' title="bbox 369 1449 1940 1539">
     <span class='ocr_line' id='line_1_17' title="bbox 369 1449 1940 1539; baseline 0.006 -27"><span class='ocrx_word' id='word_1_117' title='bbox 369 1460 462 1513; x_wconf 83' lang='grc' dir='ltr'><strong>τοῦ</strong></span> <span class='ocrx_word' id='word_1_118' title='bbox 517 1461 775 1532; x_wconf 82' lang='grc' dir='ltr'>ὀνόματος</span> <span class='ocrx_word' id='word_1_119' title='bbox 822 1464 851 1515; x_wconf 83' lang='grc' dir='ltr'>ὃ</span> <span class='ocrx_word' id='word_1_120' title='bbox 888 1464 1033 1516; x_wconf 86' lang='grc' dir='ltr'>ἐστιν</span> <span class='ocrx_word' id='word_1_121' title='bbox 1069 1466 1357 1535; x_wconf 87' lang='grc' dir='ltr'>ἀγνοήσας.</span> <span class='ocrx_word' id='word_1_122' title='bbox 1413 1466 1476 1519; x_wconf 82' lang='grc' dir='ltr'><strong>Ἥ</strong></span> <span class='ocrx_word' id='word_1_123' title='bbox 1508 1466 1565 1520; x_wconf 80' lang='grc' dir='ltr'><strong>δὲ</strong></span> <span class='ocrx_word' id='word_1_124' title='bbox 1616 1449 1940 1539; x_wconf 84' lang='grc' dir='ltr'>χλευαστικὴ</span> 
     </span>
    </p>
   </div>
   <div class='ocr_carea' id='block_1_18' title="bbox 2052 463 3618 535">
    <p class='ocr_par' dir='ltr' id='par_1_18' title="bbox 2052 463 3618 535">
     <span class='ocr_line' id='line_1_18' title="bbox 2052 463 3618 535; baseline 0.001 -20"><span class='ocrx_word' id='word_1_125' title='bbox 2052 470 2136 516; x_wconf 85' lang='lat' dir='ltr'><strong>rat</strong></span> <span class='ocrx_word' id='word_1_126' title='bbox 2164 478 2385 518; x_wconf 89' lang='lat' dir='ltr'><strong>causam</strong></span> <span class='ocrx_word' id='word_1_127' title='bbox 2420 464 2474 518; x_wconf 91' lang='lat' dir='ltr'><strong>in</strong></span> <span class='ocrx_word' id='word_1_128' title='bbox 2512 463 2620 519; x_wconf 91' lang='lat' dir='ltr'><strong>Deo</strong></span> <span class='ocrx_word' id='word_1_129' title='bbox 2658 465 3097 520; x_wconf 90' lang='lat' dir='ltr'><strong>deccntissimam</strong></span> <span class='ocrx_word' id='word_1_130' title='bbox 3127 464 3321 518; x_wconf 77' lang='lat' dir='ltr'><strong>Filium</strong></span> <span class='ocrx_word' id='word_1_131' title='bbox 3347 463 3618 535; x_wconf 77' lang='lat' dir='ltr'><strong>gignendi.</strong></span> 
     </span>
    </p>
   </div>
   <div class='ocr_carea' id='block_1_19' title="bbox 2050 553 3621 623">
    <p class='ocr_par' dir='ltr' id='par_1_19' title="bbox 2050 553 3621 623">
     <span class='ocr_line' id='line_1_19' title="bbox 2050 553 3621 623; baseline 0.001 -16"><span class='ocrx_word' id='word_1_132' title='bbox 2050 568 2173 608; x_wconf 88' lang='lat' dir='ltr'><strong>esse</strong></span> <span class='ocrx_word' id='word_1_133' title='bbox 2215 554 2437 607; x_wconf 91' lang='lat' dir='ltr'><strong>liberam</strong></span> <span class='ocrx_word' id='word_1_134' title='bbox 2470 562 2791 623; x_wconf 86' lang='lat' dir='ltr'><strong>potestatem</strong></span> <span class='ocrx_word' id='word_1_135' title='bbox 2826 562 2879 610; x_wconf 92' lang='lat' dir='ltr'><strong>et</strong></span> <span class='ocrx_word' id='word_1_136' title='bbox 2903 555 3157 610; x_wconf 94' lang='lat' dir='ltr'><strong>virtutem</strong></span> <span class='ocrx_word' id='word_1_137' title='bbox 3187 553 3621 621; x_wconf 80' lang='lat' dir='ltr'><strong>superexcellen-</strong></span> 
     </span>
    </p>
   </div>
   <div class='ocr_carea' id='block_1_20' title="bbox 2051 643 3613 713">
    <p class='ocr_par' dir='ltr' id='par_1_20' title="bbox 2051 643 3613 713">
     <span class='ocr_line' id='line_1_20' title="bbox 2051 643 3613 713; baseline 0.001 -18"><span class='ocrx_word' id='word_1_138' title='bbox 2051 650 2181 705; x_wconf 90' lang='lat' dir='ltr'><strong>tem,</strong></span> <span class='ocrx_word' id='word_1_139' title='bbox 2211 643 2355 711; x_wconf 90' lang='lat' dir='ltr'><strong>quod</strong></span> <span class='ocrx_word' id='word_1_140' title='bbox 2398 643 2617 713; x_wconf 92' lang='lat' dir='ltr'><strong>quidem</strong></span> <span class='ocrx_word' id='word_1_141' title='bbox 2651 660 2758 698; x_wconf 92' lang='lat' dir='ltr'><strong>non</strong></span> <span class='ocrx_word' id='word_1_142' title='bbox 2791 644 2966 698; x_wconf 90' lang='lat' dir='ltr'><strong>solum</strong></span> <span class='ocrx_word' id='word_1_143' title='bbox 2995 643 3063 698; x_wconf 90' lang='lat' dir='ltr'><strong>de</strong></span> <span class='ocrx_word' id='word_1_144' title='bbox 3088 643 3291 697; x_wconf 90' lang='lat' dir='ltr'><strong>mundo</strong></span> <span class='ocrx_word' id='word_1_145' title='bbox 3322 653 3374 697; x_wconf 92' lang='lat' dir='ltr'><strong>et</strong></span> <span class='ocrx_word' id='word_1_146' title='bbox 3404 643 3471 697; x_wconf 86' lang='lat' dir='ltr'><strong>de</strong></span> <span class='ocrx_word' id='word_1_147' title='bbox 3510 644 3613 698; x_wconf 89' lang='lat' dir='ltr'><strong>ele-</strong></span> 
     </span>
    </p>
   </div>
   <div class='ocr_carea' id='block_1_21' title="bbox 2050 731 3622 801">
    <p class='ocr_par' dir='ltr' id='par_1_21' title="bbox 2050 731 3622 801">
     <span class='ocr_line' id='line_1_21' title="bbox 2050 731 3622 801; baseline 0.003 -17"><span class='ocrx_word' id='word_1_148' title='bbox 2050 732 2248 785; x_wconf 81' lang='lat' dir='ltr'><strong>mentis</strong></span> <span class='ocrx_word' id='word_1_149' title='bbox 2287 733 2339 784; x_wconf 89' lang='lat' dir='ltr'><strong>in</strong></span> <span class='ocrx_word' id='word_1_150' title='bbox 2379 732 2498 801; x_wconf 90' lang='lat' dir='ltr'><strong>ipso</strong></span> <span class='ocrx_word' id='word_1_151' title='bbox 2527 732 2824 795; x_wconf 82' lang='lat' dir='ltr'><strong>contentis,</strong></span> <span class='ocrx_word' id='word_1_152' title='bbox 2879 731 2972 787; x_wconf 90' lang='lat' dir='ltr'><strong>sed</strong></span> <span class='ocrx_word' id='word_1_153' title='bbox 3020 731 3181 786; x_wconf 88' lang='lat' dir='ltr'><strong>etiam</strong></span> <span class='ocrx_word' id='word_1_154' title='bbox 3231 732 3299 787; x_wconf 89' lang='lat' dir='ltr'><strong>de</strong></span> <span class='ocrx_word' id='word_1_155' title='bbox 3337 733 3622 801; x_wconf 87' lang='lat' dir='ltr'><strong>reptilibus</strong></span> 
     </span>
    </p>
   </div>
   <div class='ocr_carea' id='block_1_22' title="bbox 2049 821 3621 891">
    <p class='ocr_par' dir='ltr' id='par_1_22' title="bbox 2049 821 3621 891">
     <span class='ocr_line' id='line_1_22' title="bbox 2049 821 3621 891; baseline 0 -14"><span class='ocrx_word' id='word_1_156' title='bbox 2049 829 2102 877; x_wconf 91' lang='lat' dir='ltr'><strong>ct</strong></span> <span class='ocrx_word' id='word_1_157' title='bbox 2132 822 2261 876; x_wconf 85' lang='lat' dir='ltr'><strong>feris</strong></span> <span class='ocrx_word' id='word_1_158' title='bbox 2294 822 2419 877; x_wconf 89' lang='lat' dir='ltr'><strong>licet</strong></span> <span class='ocrx_word' id='word_1_159' title='bbox 2448 821 2666 889; x_wconf 85' lang='lat' dir='ltr'><strong>dicere;</strong></span> <span class='ocrx_word' id='word_1_160' title='bbox 2709 832 2762 878; x_wconf 89' lang='lat' dir='ltr'><strong>et</strong></span> <span class='ocrx_word' id='word_1_161' title='bbox 2794 824 2897 879; x_wconf 87' lang='lat' dir='ltr'><strong>hoc</strong></span> <span class='ocrx_word' id='word_1_162' title='bbox 2946 833 3005 877; x_wconf 91' lang='lat' dir='ltr'><strong>ut</strong></span> <span class='ocrx_word' id='word_1_163' title='bbox 3038 824 3295 879; x_wconf 89' lang='lat' dir='ltr'><strong>decorum</strong></span> <span class='ocrx_word' id='word_1_164' title='bbox 3330 823 3383 879; x_wconf 87' lang='lat' dir='ltr'><strong>in</strong></span> <span class='ocrx_word' id='word_1_165' title='bbox 3430 824 3621 891; x_wconf 84' lang='lat' dir='ltr'><strong>unige-</strong></span> 
     </span>
    </p>
   </div>
   <div class='ocr_carea' id='block_1_23' title="bbox 2050 912 3618 984">
    <p class='ocr_par' dir='ltr' id='par_1_23' title="bbox 2050 912 3618 984">
     <span class='ocr_line' id='line_1_23' title="bbox 2050 912 3618 984; baseline -0.001 -16"><span class='ocrx_word' id='word_1_166' title='bbox 2050 914 2149 968; x_wconf 87' lang='lat' dir='ltr'><strong>niti</strong></span> <span class='ocrx_word' id='word_1_167' title='bbox 2232 912 2325 967; x_wconf 87' lang='lat' dir='ltr'><strong>Dei</strong></span> <span class='ocrx_word' id='word_1_168' title='bbox 2389 913 2792 969; x_wconf 76' lang='lat' dir='ltr'><strong>existimatione</strong></span> <span class='ocrx_word' id='word_1_169' title='bbox 2861 930 3079 984; x_wconf 89' lang='lat' dir='ltr'><strong>gravem</strong></span> <span class='ocrx_word' id='word_1_170' title='bbox 3143 923 3196 967; x_wconf 91' lang='lat' dir='ltr'><strong>et</strong></span> <span class='ocrx_word' id='word_1_171' title='bbox 3248 915 3618 969; x_wconf 87' lang='lat' dir='ltr'><strong>venerandum</strong></span> 
     </span>
    </p>
   </div>
   <div class='ocr_carea' id='block_1_24' title="bbox 2051 998 3621 1075">
    <p class='ocr_par' dir='ltr' id='par_1_24' title="bbox 2051 998 3621 1075">
     <span class='ocr_line' id='line_1_24' title="bbox 2051 998 3621 1075; baseline -0.001 -16"><span class='ocrx_word' id='word_1_172' title='bbox 2051 1006 2356 1075; x_wconf 82' lang='lat' dir='ltr'><strong>theologum</strong></span> <span class='ocrx_word' id='word_1_173' title='bbox 2378 998 2669 1075; x_wconf 82' lang='lat' dir='ltr'><strong>exponere,</strong></span> <span class='ocrx_word' id='word_1_174' title='bbox 2691 1006 2776 1060; x_wconf 85' lang='lat' dir='ltr'><strong>vel</strong></span> <span class='ocrx_word' id='word_1_175' title='bbox 2799 1006 2926 1059; x_wconf 90' lang='lat' dir='ltr'><strong>dum</strong></span> <span class='ocrx_word' id='word_1_176' title='bbox 2950 1006 3081 1059; x_wconf 88' lang='lat' dir='ltr'><strong>dicit</strong></span> <span class='ocrx_word' id='word_1_177' title='bbox 3101 1005 3264 1059; x_wconf 91' lang='lat' dir='ltr'><strong>etiam</strong></span> <span class='ocrx_word' id='word_1_178' title='bbox 3294 1015 3418 1060; x_wconf 83' lang='lat' dir='ltr'><strong>ante</strong></span> <span class='ocrx_word' id='word_1_179' title='bbox 3441 1013 3621 1061; x_wconf 92' lang='lat' dir='ltr'><strong>ortum</strong></span> 
     </span>
    </p>
   </div>
   <div class='ocr_carea' id='block_1_25' title="bbox 2048 1095 3622 1168">
    <p class='ocr_par' dir='ltr' id='par_1_25' title="bbox 2048 1095 3622 1168">
     <span class='ocr_line' id='line_1_25' title="bbox 2048 1095 3622 1168; baseline -0.001 -18"><span class='ocrx_word' id='word_1_180' title='bbox 2048 1111 2235 1150; x_wconf 88' lang='lat' dir='ltr'><strong>eorum</strong></span> <span class='ocrx_word' id='word_1_181' title='bbox 2271 1096 2363 1166; x_wconf 77' lang='lat' dir='ltr'><strong>qui</strong></span> <span class='ocrx_word' id='word_1_182' title='bbox 2385 1096 2691 1163; x_wconf 87' lang='lat' dir='ltr'><strong>nominant,</strong></span> <span class='ocrx_word' id='word_1_183' title='bbox 2750 1098 3075 1168; x_wconf 85' lang='lat' dir='ltr'><strong>ingenitum,</strong></span> <span class='ocrx_word' id='word_1_184' title='bbox 3126 1097 3208 1151; x_wconf 86' lang='lat' dir='ltr'><strong>vel</strong></span> <span class='ocrx_word' id='word_1_185' title='bbox 3246 1095 3483 1161; x_wconf 83' lang='lat' dir='ltr'><strong>Patrem,</strong></span> <span class='ocrx_word' id='word_1_186' title='bbox 3536 1095 3622 1151; x_wconf 85' lang='lat' dir='ltr'><strong>vel</strong></span> 
     </span>
    </p>
   </div>
   <div class='ocr_carea' id='block_1_26' title="bbox 2049 1186 3622 1258">
    <p class='ocr_par' dir='ltr' id='par_1_26' title="bbox 2049 1186 3622 1258">
     <span class='ocr_line' id='line_1_26' title="bbox 2049 1186 3622 1258; baseline 0.001 -17"><span class='ocrx_word' id='word_1_187' title='bbox 2049 1187 2258 1257; x_wconf 87' lang='lat' dir='ltr'><strong>reliqua</strong></span> <span class='ocrx_word' id='word_1_188' title='bbox 2294 1187 2534 1250; x_wconf 88' lang='lat' dir='ltr'><strong>nomina,</strong></span> <span class='ocrx_word' id='word_1_189' title='bbox 2572 1186 2738 1242; x_wconf 90' lang='lat' dir='ltr'><strong>Deum</strong></span> <span class='ocrx_word' id='word_1_190' title='bbox 2775 1188 3053 1257; x_wconf 87' lang='lat' dir='ltr'><strong>appellari,</strong></span> <span class='ocrx_word' id='word_1_191' title='bbox 3098 1187 3254 1258; x_wconf 88' lang='lat' dir='ltr'><strong>quasi</strong></span> <span class='ocrx_word' id='word_1_192' title='bbox 3310 1195 3516 1243; x_wconf 87' lang='lat' dir='ltr'><strong>metuat</strong></span> <span class='ocrx_word' id='word_1_193' title='bbox 3554 1204 3622 1242; x_wconf 87' lang='lat' dir='ltr'><strong>ne</strong></span> 
     </span>
    </p>
   </div>
   <div class='ocr_carea' id='block_1_27' title="bbox 2049 1280 3623 1349">
    <p class='ocr_par' dir='ltr' id='par_1_27' title="bbox 2049 1280 3623 1349">
     <span class='ocr_line' id='line_1_27' title="bbox 2049 1280 3623 1349; baseline 0 -17"><span class='ocrx_word' id='word_1_194' title='bbox 2049 1280 2268 1334; x_wconf 87' lang='lat' dir='ltr'><strong>nomine</strong></span> <span class='ocrx_word' id='word_1_195' title='bbox 2297 1280 2436 1349; x_wconf 81' lang='lat' dir='ltr'><strong>apud</strong></span> <span class='ocrx_word' id='word_1_196' title='bbox 2463 1296 2550 1335; x_wconf 91' lang='lat' dir='ltr'><strong>res</strong></span> <span class='ocrx_word' id='word_1_197' title='bbox 2576 1281 2815 1335; x_wconf 87' lang='lat' dir='ltr'><strong>nondum</strong></span> <span class='ocrx_word' id='word_1_198' title='bbox 2840 1288 2995 1335; x_wconf 89' lang='lat' dir='ltr'><strong>natas</strong></span> <span class='ocrx_word' id='word_1_199' title='bbox 3016 1281 3185 1334; x_wconf 89' lang='lat' dir='ltr'><strong>tacito</strong></span> <span class='ocrx_word' id='word_1_200' title='bbox 3210 1280 3446 1348; x_wconf 87' lang='lat' dir='ltr'><strong>seipsqu</strong></span> <span class='ocrx_word' id='word_1_201' title='bbox 3477 1280 3623 1349; x_wconf 78' lang='lat' dir='ltr'><strong>igno-</strong></span> 
     </span>
    </p>
   </div>
   <div class='ocr_carea' id='block_1_28' title="bbox 2050 1370 3622 1441">
    <p class='ocr_par' dir='ltr' id='par_1_28' title="bbox 2050 1370 3622 1441">
     <span class='ocr_line' id='line_1_28' title="bbox 2050 1370 3622 1441; baseline 0 -17"><span class='ocrx_word' id='word_1_202' title='bbox 2050 1370 2205 1433; x_wconf 89' lang='lat' dir='ltr'><strong>rarit,</strong></span> <span class='ocrx_word' id='word_1_203' title='bbox 2238 1370 2321 1425; x_wconf 90' lang='lat' dir='ltr'><strong>vel</strong></span> <span class='ocrx_word' id='word_1_204' title='bbox 2357 1374 2411 1425; x_wconf 89' lang='lat' dir='ltr'><strong>in</strong></span> <span class='ocrx_word' id='word_1_205' title='bbox 2450 1372 2533 1425; x_wconf 92' lang='lat' dir='ltr'><strong>sui</strong></span> <span class='ocrx_word' id='word_1_206' title='bbox 2575 1370 2746 1441; x_wconf 90' lang='lat' dir='ltr'><strong>ipsius</strong></span> <span class='ocrx_word' id='word_1_207' title='bbox 2784 1371 3113 1425; x_wconf 86' lang='lat' dir='ltr'><strong>oblivionem</strong></span> <span class='ocrx_word' id='word_1_208' title='bbox 3146 1371 3419 1434; x_wconf 87' lang='lat' dir='ltr'><strong>inciderit,</strong></span> <span class='ocrx_word' id='word_1_209' title='bbox 3456 1372 3622 1426; x_wconf 89' lang='lat' dir='ltr'><strong>silen-</strong></span> 
     </span>
    </p>
   </div>
   <div class='ocr_carea' id='block_1_29' title="bbox 2051 1459 3621 1531">
    <p class='ocr_par' dir='ltr' id='par_1_29' title="bbox 2051 1459 3621 1531">
     <span class='ocr_line' id='line_1_29' title="bbox 2051 1459 3621 1531; baseline 0 -18"><span class='ocrx_word' id='word_1_210' title='bbox 2051 1461 2125 1515; x_wconf 93' lang='lat' dir='ltr'><strong>tio</strong></span> <span class='ocrx_word' id='word_1_211' title='bbox 2158 1460 2396 1515; x_wconf 88' lang='lat' dir='ltr'><strong>nominis</strong></span> <span class='ocrx_word' id='word_1_212' title='bbox 2434 1459 2563 1531; x_wconf 85' lang='lat' dir='ltr'><strong>quid</strong></span> <span class='ocrx_word' id='word_1_213' title='bbox 2615 1463 2687 1515; x_wconf 91' lang='lat' dir='ltr'><strong>sit</strong></span> <span class='ocrx_word' id='word_1_214' title='bbox 2734 1462 3007 1515; x_wconf 86' lang='lat' dir='ltr'><strong>nesciens.</strong></span> <span class='ocrx_word' id='word_1_215' title='bbox 3053 1463 3121 1514; x_wconf 83' lang='lat' dir='ltr'><strong>At</strong></span> <span class='ocrx_word' id='word_1_216' title='bbox 3155 1462 3243 1514; x_wconf 90' lang='lat' dir='ltr'><strong>illa</strong></span> <span class='ocrx_word' id='word_1_217' title='bbox 3290 1462 3621 1515; x_wconf 86' lang='lat' dir='ltr'><strong>cavillatoria</strong></span> 
     </span>
    </p>
   </div>
   <div class='ocr_carea' id='block_1_30' title="bbox 370 1551 1944 1640">
    <p class='ocr_par' dir='ltr' id='par_1_30' title="bbox 370 1551 1942 1631">
     <span class='ocr_line' id='line_1_30' title="bbox 370 1551 1942 1631; baseline 0.006 -28"><span class='ocrx_word' id='word_1_218' title='bbox 370 1551 476 1603; x_wconf 80' lang='grc' dir='ltr'><strong>τῶν</strong></span> <span class='ocrx_word' id='word_1_219' title='bbox 521 1553 800 1623; x_wconf 77' lang='grc' dir='ltr'>ἡμετέρων</span> <span class='ocrx_word' id='word_1_220' title='bbox 830 1553 1002 1622; x_wconf 87' lang='grc' dir='ltr'>λόγων</span> <span class='ocrx_word' id='word_1_221' title='bbox 1055 1557 1391 1630; x_wconf 81' lang='grc' dir='ltr'>καταδρομὴ,</span> <span class='ocrx_word' id='word_1_222' title='bbox 1431 1559 1552 1612; x_wconf 80' lang='grc' dir='ltr'>ὅσον</span> <span class='ocrx_word' id='word_1_223' title='bbox 1588 1559 1650 1611; x_wconf 86' lang='grc' dir='ltr'><strong>τὸ</strong></span> <span class='ocrx_word' id='word_1_224' title='bbox 1690 1559 1851 1631; x_wconf 88' lang='grc' dir='ltr'>δριμύ</span> <span class='ocrx_word' id='word_1_225' title='bbox 1880 1578 1942 1613; x_wconf 87' lang='grc' dir='ltr'><strong>τε</strong></span> 
     </span>
    </p>
   </div>
   <div class='ocr_carea' id='block_1_31' title="bbox 2048 1551 3621 1640">
    <p class='ocr_par' dir='ltr' id='par_1_31' title="bbox 2048 1554 3621 1623">
     <span class='ocr_line' id='line_1_31' title="bbox 2048 1554 3621 1623; baseline -0.002 -16"><span class='ocrx_word' id='word_1_226' title='bbox 2048 1564 2358 1609; x_wconf 88' lang='lat' dir='ltr'><strong>nostrorum</strong></span> <span class='ocrx_word' id='word_1_227' title='bbox 2386 1568 2697 1608; x_wconf 85' lang='lat' dir='ltr'><strong>sermonum</strong></span> <span class='ocrx_word' id='word_1_228' title='bbox 2747 1554 3054 1616; x_wconf 86' lang='lat' dir='ltr'><strong>insectatio,</strong></span> <span class='ocrx_word' id='word_1_229' title='bbox 3087 1563 3351 1623; x_wconf 88' lang='lat' dir='ltr'><strong>quantum</strong></span> <span class='ocrx_word' id='word_1_230' title='bbox 3383 1554 3621 1607; x_wconf 88' lang='lat' dir='ltr'><strong>acrimo-</strong></span> 
     </span>
    </p>
   </div>
   <div class='ocr_carea' id='block_1_32' title="bbox 370 1641 1944 1715">
    <p class='ocr_par' dir='ltr' id='par_1_32' title="bbox 370 1641 1944 1715">
     <span class='ocr_line' id='line_1_32' title="bbox 370 1641 1944 1715; baseline 0.006 -20"><span class='ocrx_word' id='word_1_231' title='bbox 370 1644 462 1696; x_wconf 68' lang='grc' dir='ltr'>καὶ</span> <span class='ocrx_word' id='word_1_232' title='bbox 500 1644 750 1713; x_wconf 82' lang='grc' dir='ltr'>ἀγχίνουν</span> <span class='ocrx_word' id='word_1_233' title='bbox 777 1644 907 1715; x_wconf 72' lang='grc' dir='ltr'>ἔχει,</span> <span class='ocrx_word' id='word_1_234' title='bbox 937 1645 1003 1699; x_wconf 84' lang='grc' dir='ltr'>δι’</span> <span class='ocrx_word' id='word_1_235' title='bbox 1032 1641 1105 1701; x_wconf 82' lang='grc' dir='ltr'>ὧν</span> <span class='ocrx_word' id='word_1_236' title='bbox 1132 1650 1523 1714; x_wconf 80' lang='grc' dir='ltr'>κατασκευάζει</span> <span class='ocrx_word' id='word_1_237' title='bbox 1548 1649 1608 1703; x_wconf 80' lang='grc' dir='ltr'><strong>τὸ</strong></span> <span class='ocrx_word' id='word_1_238' title='bbox 1630 1652 1847 1715; x_wconf 85' lang='grc' dir='ltr'>ἄτοπον,</span> <span class='ocrx_word' id='word_1_239' title='bbox 1864 1652 1944 1705; x_wconf 80' lang='grc' dir='ltr'>ὅτι</span> 
     </span>
    </p>
   </div>
   <div class='ocr_carea' id='block_1_33' title="bbox 2048 1641 3619 1715">
    <p class='ocr_par' dir='ltr' id='par_1_33' title="bbox 2048 1643 3619 1715">
     <span class='ocr_line' id='line_1_33' title="bbox 2048 1643 3619 1715; baseline -0.003 -14"><span class='ocrx_word' id='word_1_240' title='bbox 2048 1648 2150 1701; x_wconf 70' lang='lat' dir='ltr'><strong>nia:</strong></span> <span class='ocrx_word' id='word_1_241' title='bbox 2182 1655 2235 1701; x_wconf 89' lang='lat' dir='ltr'><strong>et</strong></span> <span class='ocrx_word' id='word_1_242' title='bbox 2266 1646 2501 1701; x_wconf 64' lang='lat' dir='ltr'><strong>solertia:</strong></span> <span class='ocrx_word' id='word_1_243' title='bbox 2541 1645 2723 1708; x_wconf 86' lang='lat' dir='ltr'><strong>habet,</strong></span> <span class='ocrx_word' id='word_1_244' title='bbox 2772 1646 2970 1715; x_wconf 86' lang='lat' dir='ltr'><strong>quibus</strong></span> <span class='ocrx_word' id='word_1_245' title='bbox 2997 1646 3296 1699; x_wconf 87' lang='lat' dir='ltr'><strong>absurdum</strong></span> <span class='ocrx_word' id='word_1_246' title='bbox 3327 1643 3619 1705; x_wconf 89' lang='lat' dir='ltr'><strong>construit,</strong></span> 
     </span>
    </p>
   </div>
   <div class='ocr_carea' id='block_1_34' title="bbox 370 1734 1947 1810">
    <p class='ocr_par' dir='ltr' id='par_1_34' title="bbox 370 1734 1947 1810">
     <span class='ocr_line' id='line_1_34' title="bbox 370 1734 1947 1810; baseline 0.003 -22"><span class='ocrx_word' id='word_1_247' title='bbox 370 1735 398 1788; x_wconf 85' lang='grc' dir='ltr'>ὁ</span> <span class='ocrx_word' id='word_1_248' title='bbox 419 1734 523 1804; x_wconf 81' lang='grc' dir='ltr'><strong>πρὸ</strong></span> <span class='ocrx_word' id='word_1_249' title='bbox 552 1735 767 1787; x_wconf 85' lang='grc' dir='ltr'>πάντων</span> <span class='ocrx_word' id='word_1_250' title='bbox 801 1736 1010 1789; x_wconf 83' lang='grc' dir='ltr'>αἰώνων</span> <span class='ocrx_word' id='word_1_251' title='bbox 1057 1737 1151 1789; x_wconf 74' lang='grc' dir='ltr'><strong>καὶ</strong></span> <span class='ocrx_word' id='word_1_252' title='bbox 1194 1739 1399 1809; x_wconf 83' lang='grc' dir='ltr'>χρόνων</span> <span class='ocrx_word' id='word_1_253' title='bbox 1428 1740 1521 1792; x_wconf 70' lang='grc' dir='ltr'><strong>καὶ</strong></span> <span class='ocrx_word' id='word_1_254' title='bbox 1551 1740 1730 1809; x_wconf 81' lang='grc' dir='ltr'>πάσης</span> <span class='ocrx_word' id='word_1_255' title='bbox 1764 1741 1947 1810; x_wconf 74' lang='grc' dir='ltr'>αίσθηο</span> 
     </span>
    </p>
   </div>
   <div class='ocr_carea' id='block_1_35' title="bbox 366 1826 1945 1901">
    <p class='ocr_par' dir='ltr' id='par_1_35' title="bbox 366 1826 1945 1901">
     <span class='ocr_line' id='line_1_35' title="bbox 366 1826 1945 1901; baseline 0.004 -23"><span class='ocrx_word' id='word_1_256' title='bbox 366 1826 466 1896; x_wconf 81' lang='grc' dir='ltr'>τῆς</span> <span class='ocrx_word' id='word_1_257' title='bbox 504 1844 562 1878; x_wconf 89' lang='grc' dir='ltr'><strong>τε</strong></span> <span class='ocrx_word' id='word_1_258' title='bbox 610 1827 705 1880; x_wconf 76' lang='grc' dir='ltr'>καὶ</span> <span class='ocrx_word' id='word_1_259' title='bbox 760 1829 954 1898; x_wconf 82' lang='grc' dir='ltr'>νοητῆς</span> <span class='ocrx_word' id='word_1_260' title='bbox 1002 1827 1214 1897; x_wconf 83' lang='grc' dir='ltr'>φύσεως</span> <span class='ocrx_word' id='word_1_261' title='bbox 1260 1830 1497 1898; x_wconf 83' lang='grc' dir='ltr'>γεγονὼς</span> <span class='ocrx_word' id='word_1_262' title='bbox 1550 1831 1737 1901; x_wconf 80' lang='grc' dir='ltr'>Πατήρ</span> <span class='ocrx_word' id='word_1_263' title='bbox 1761 1871 1775 1894; x_wconf 94' lang='grc'><strong>,</strong></span> <span class='ocrx_word' id='word_1_264' title='bbox 1826 1830 1945 1895; x_wconf 80' lang='grc' dir='ltr'><strong>πῶς</strong></span> 
     </span>
    </p>
   </div>
   <div class='ocr_carea' id='block_1_36' title="bbox 370 1916 1945 1990">
    <p class='ocr_par' dir='ltr' id='par_1_36' title="bbox 370 1916 1945 1990">
     <span class='ocr_line' id='line_1_36' title="bbox 370 1916 1945 1990; baseline 0.004 -23"><span class='ocrx_word' id='word_1_265' title='bbox 370 1916 653 1986; x_wconf 86' lang='grc' dir='ltr'>περιμένει</span> <span class='ocrx_word' id='word_1_266' title='bbox 699 1917 825 1981; x_wconf 79' lang='grc' dir='ltr'>τοὺς</span> <span class='ocrx_word' id='word_1_267' title='bbox 853 1918 1189 1990; x_wconf 75' lang='grc' dir='ltr'>ἀνθρώπους,</span> <span class='ocrx_word' id='word_1_268' title='bbox 1220 1921 1307 1974; x_wconf 83' lang='grc' dir='ltr'><strong>ἴνα</strong></span> <span class='ocrx_word' id='word_1_269' title='bbox 1340 1919 1427 1973; x_wconf 77' lang='grc' dir='ltr'>διὰ</span> <span class='ocrx_word' id='word_1_270' title='bbox 1470 1920 1569 1990; x_wconf 84' lang='grc' dir='ltr'>τῆς</span> <span class='ocrx_word' id='word_1_271' title='bbox 1600 1921 1802 1974; x_wconf 85' lang='grc' dir='ltr'>τούτων</span> <span class='ocrx_word' id='word_1_272' title='bbox 1837 1922 1945 1975; x_wconf 85' lang='grc' dir='ltr'>ὀνο-</span> 
     </span>
    </p>
   </div>
   <div class='ocr_carea' id='block_1_37' title="bbox 374 2009 1939 2083">
    <p class='ocr_par' dir='ltr' id='par_1_37' title="bbox 374 2009 1939 2083">
     <span class='ocr_line' id='line_1_37' title="bbox 374 2009 1939 2083; baseline 0.005 -23"><span class='ocrx_word' id='word_1_273' title='bbox 374 2009 552 2079; x_wconf 80' lang='grc' dir='ltr'>μασθῇ</span> <span class='ocrx_word' id='word_1_274' title='bbox 583 2009 843 2075; x_wconf 86' lang='grc' dir='ltr'>ἐπινοίας,</span> <span class='ocrx_word' id='word_1_275' title='bbox 859 2010 957 2063; x_wconf 87' lang='grc' dir='ltr'><strong>οὑκ</strong></span> <span class='ocrx_word' id='word_1_276' title='bbox 983 2011 1397 2083; x_wconf 73' lang='grc' dir='ltr'>ὀνομαζόμενος,</span> <span class='ocrx_word' id='word_1_277' title='bbox 1420 2013 1495 2076; x_wconf 85' lang='grc' dir='ltr'>ὥς</span> <span class='ocrx_word' id='word_1_278' title='bbox 1524 2031 1686 2083; x_wconf 89' lang='grc' dir='ltr'>φησιν</span> <span class='ocrx_word' id='word_1_279' title='bbox 1715 2014 1939 2077; x_wconf 83' lang='grc' dir='ltr'>ἐκεῖνος,</span> 
     </span>
    </p>
   </div>
   <div class='ocr_carea' id='block_1_38' title="bbox 368 2098 1943 2173">
    <p class='ocr_par' dir='ltr' id='par_1_38' title="bbox 368 2098 1943 2173">
     <span class='ocr_line' id='line_1_38' title="bbox 368 2098 1943 2173; baseline 0.001 -20"><span class='ocrx_word' id='word_1_280' title='bbox 368 2098 493 2153; x_wconf 75' lang='grc' dir='ltr'>οὕτε</span> <span class='ocrx_word' id='word_1_281' title='bbox 527 2099 633 2153; x_wconf 79' lang='grc' dir='ltr'><strong>ὑπὸ</strong></span> <span class='ocrx_word' id='word_1_282' title='bbox 664 2099 757 2152; x_wconf 90' lang='grc' dir='ltr'><strong>τοῦ</strong></span> <span class='ocrx_word' id='word_1_283' title='bbox 792 2099 942 2165; x_wconf 76' lang='grc' dir='ltr'>Υἱοῦ,</span> <span class='ocrx_word' id='word_1_284' title='bbox 967 2100 1087 2154; x_wconf 78' lang='grc' dir='ltr'>οὔτε</span> <span class='ocrx_word' id='word_1_285' title='bbox 1128 2102 1231 2154; x_wconf 85' lang='grc' dir='ltr'><strong>ὑπὸ</strong></span> <span class='ocrx_word' id='word_1_286' title='bbox 1254 2102 1360 2155; x_wconf 86' lang='grc' dir='ltr'><strong>τῶν</strong></span> <span class='ocrx_word' id='word_1_287' title='bbox 1384 2103 1449 2155; x_wconf 84' lang='grc' dir='ltr'>δι’</span> <span class='ocrx_word' id='word_1_288' title='bbox 1477 2102 1684 2156; x_wconf 83' lang='grc' dir='ltr'>ἐκείνου</span> <span class='ocrx_word' id='word_1_289' title='bbox 1717 2102 1943 2173; x_wconf 87' lang='grc' dir='ltr'>γενομέ-</span> 
     </span>
    </p>
   </div>
   <div class='ocr_carea' id='block_1_39' title="bbox 368 2188 1942 2263">
    <p class='ocr_par' dir='ltr' id='par_1_39' title="bbox 368 2188 1942 2263">
     <span class='ocr_line' id='line_1_39' title="bbox 368 2188 1942 2263; baseline 0.001 -19"><span class='ocrx_word' id='word_1_290' title='bbox 368 2208 475 2244; x_wconf 89' lang='grc' dir='ltr'><strong>νων</strong></span> <span class='ocrx_word' id='word_1_291' title='bbox 503 2190 708 2260; x_wconf 83' lang='grc' dir='ltr'>νοητῶν</span> <span class='ocrx_word' id='word_1_292' title='bbox 759 2190 986 2258; x_wconf 84' lang='grc' dir='ltr'>οὐσιῶν;</span> <span class='ocrx_word' id='word_1_293' title='bbox 1018 2191 1219 2245; x_wconf 81' lang='grc' dir='ltr'>Οὐδένα</span> <span class='ocrx_word' id='word_1_294' title='bbox 1247 2191 1355 2263; x_wconf 77' lang='grc' dir='ltr'>γὰρ</span> <span class='ocrx_word' id='word_1_295' title='bbox 1394 2190 1563 2255; x_wconf 76' lang='grc' dir='ltr'>οὕτως</span> <span class='ocrx_word' id='word_1_296' title='bbox 1596 2188 1747 2262; x_wconf 77' lang='grc' dir='ltr'>οἶμαι</span> <span class='ocrx_word' id='word_1_297' title='bbox 1776 2192 1942 2263; x_wconf 83' lang='grc' dir='ltr'>κορύ-</span> 
     </span>
    </p>
   </div>
   <div class='ocr_carea' id='block_1_40' title="bbox 368 2279 1940 2355">
    <p class='ocr_par' dir='ltr' id='par_1_40' title="bbox 368 2279 1940 2355">
     <span class='ocr_line' id='line_1_40' title="bbox 368 2279 1940 2355; baseline 0.002 -23"><span class='ocrx_word' id='word_1_298' title='bbox 368 2280 468 2350; x_wconf 78' lang='grc' dir='ltr'>ζης</span> <span class='ocrx_word' id='word_1_299' title='bbox 489 2279 624 2334; x_wconf 71' lang='grc' dir='ltr'>εἶναι</span> <span class='ocrx_word' id='word_1_300' title='bbox 662 2280 878 2351; x_wconf 80' lang='grc' dir='ltr'>βαθείας</span> <span class='ocrx_word' id='word_1_301' title='bbox 909 2281 1123 2351; x_wconf 79' lang='grc' dir='ltr'>μεστὸν,</span> <span class='ocrx_word' id='word_1_302' title='bbox 1143 2282 1217 2347; x_wconf 85' lang='grc' dir='ltr'>ὡς</span> <span class='ocrx_word' id='word_1_303' title='bbox 1239 2284 1450 2351; x_wconf 82' lang='grc' dir='ltr'>ἀγνοεῖν</span> <span class='ocrx_word' id='word_1_304' title='bbox 1481 2283 1563 2336; x_wconf 85' lang='grc' dir='ltr'>ὅτι</span> <span class='ocrx_word' id='word_1_305' title='bbox 1590 2285 1617 2336; x_wconf 83' lang='grc' dir='ltr'><strong>ὀ</strong></span> <span class='ocrx_word' id='word_1_306' title='bbox 1649 2284 1940 2355; x_wconf 81' lang='grc' dir='ltr'>μονογενής</span> 
     </span>
    </p>
   </div>
   <div class='ocr_carea' id='block_1_41' title="bbox 368 2372 1937 2445">
    <p class='ocr_par' dir='ltr' id='par_1_41' title="bbox 368 2372 1937 2445">
     <span class='ocr_line' id='line_1_41' title="bbox 368 2372 1937 2445; baseline 0.003 -22"><span class='ocrx_word' id='word_1_307' title='bbox 368 2372 523 2438; x_wconf 77' lang='grc' dir='ltr'>Θεὸς,</span> <span class='ocrx_word' id='word_1_308' title='bbox 557 2376 585 2426; x_wconf 88' lang='grc' dir='ltr'><strong>ὀ</strong></span> <span class='ocrx_word' id='word_1_309' title='bbox 627 2376 683 2426; x_wconf 83' lang='grc' dir='ltr'><strong>ἐν</strong></span> <span class='ocrx_word' id='word_1_310' title='bbox 734 2374 906 2445; x_wconf 76' lang='grc' dir='ltr'>Πατρὶ</span> <span class='ocrx_word' id='word_1_311' title='bbox 931 2373 1035 2437; x_wconf 79' lang='grc' dir='ltr'><strong>ὢν,</strong></span> <span class='ocrx_word' id='word_1_312' title='bbox 1066 2374 1158 2427; x_wconf 74' lang='grc' dir='ltr'><strong>καὶ</strong></span> <span class='ocrx_word' id='word_1_313' title='bbox 1186 2376 1242 2427; x_wconf 87' lang='grc' dir='ltr'><strong>ἐν</strong></span> <span class='ocrx_word' id='word_1_314' title='bbox 1277 2373 1427 2443; x_wconf 85' lang='grc' dir='ltr'>αὑτῷ</span> <span class='ocrx_word' id='word_1_315' title='bbox 1460 2375 1551 2428; x_wconf 80' lang='grc' dir='ltr'><strong>τὸν</strong></span> <span class='ocrx_word' id='word_1_316' title='bbox 1578 2375 1794 2445; x_wconf 78' lang='grc' dir='ltr'>Πατέρα</span> <span class='ocrx_word' id='word_1_317' title='bbox 1820 2375 1937 2445; x_wconf 79' lang='grc' dir='ltr'>βλέ-</span> 
     </span>
    </p>
   </div>
   <div class='ocr_carea' id='block_1_42' title="bbox 372 2461 1939 2535">
    <p class='ocr_par' dir='ltr' id='par_1_42' title="bbox 372 2461 1939 2535">
     <span class='ocr_line' id='line_1_42' title="bbox 372 2461 1939 2535; baseline 0.003 -23"><span class='ocrx_word' id='word_1_318' title='bbox 372 2478 507 2523; x_wconf 87' lang='grc' dir='ltr'>πων,</span> <span class='ocrx_word' id='word_1_319' title='bbox 539 2462 800 2531; x_wconf 88' lang='grc' dir='ltr'>ὀνόματος</span> <span class='ocrx_word' id='word_1_320' title='bbox 823 2461 855 2532; x_wconf 81' lang='grc' dir='ltr'>ἢ</span> <span class='ocrx_word' id='word_1_321' title='bbox 882 2463 1126 2533; x_wconf 80' lang='grc' dir='ltr'>ῥήματος</span> <span class='ocrx_word' id='word_1_322' title='bbox 1166 2463 1301 2533; x_wconf 86' lang='grc' dir='ltr'>πρὸς</span> <span class='ocrx_word' id='word_1_323' title='bbox 1339 2463 1437 2535; x_wconf 80' lang='grc' dir='ltr'>τὴν</span> <span class='ocrx_word' id='word_1_324' title='bbox 1465 2463 1557 2515; x_wconf 86' lang='grc' dir='ltr'><strong>τοῦ</strong></span> <span class='ocrx_word' id='word_1_325' title='bbox 1578 2463 1939 2534; x_wconf 86' lang='grc' dir='ltr'>ὑποκειμένου</span> 
     </span>
    </p>
   </div>
   <div class='ocr_carea' id='block_1_43' title="bbox 370 2550 1941 2623">
    <p class='ocr_par' dir='ltr' id='par_1_43' title="bbox 370 2550 1941 2623">
     <span class='ocr_line' id='line_1_43' title="bbox 370 2550 1941 2623; baseline 0.001 -20"><span class='ocrx_word' id='word_1_326' title='bbox 370 2551 572 2619; x_wconf 76' lang='grc' dir='ltr'>γνῶσιν</span> <span class='ocrx_word' id='word_1_327' title='bbox 599 2552 698 2605; x_wconf 89' lang='grc' dir='ltr'><strong>οὑκ</strong></span> <span class='ocrx_word' id='word_1_328' title='bbox 749 2550 1037 2618; x_wconf 88' lang='grc' dir='ltr'>ἐπιδέεται,</span> <span class='ocrx_word' id='word_1_329' title='bbox 1068 2552 1190 2605; x_wconf 75' lang='grc' dir='ltr'>οὕτε</span> <span class='ocrx_word' id='word_1_330' title='bbox 1226 2552 1282 2604; x_wconf 86' lang='grc' dir='ltr'><strong>τὸ</strong></span> <span class='ocrx_word' id='word_1_331' title='bbox 1320 2552 1541 2623; x_wconf 81' lang='grc' dir='ltr'>Πνεῦμα</span> <span class='ocrx_word' id='word_1_332' title='bbox 1580 2552 1642 2605; x_wconf 81' lang='grc' dir='ltr'>τὸ</span> <span class='ocrx_word' id='word_1_333' title='bbox 1675 2553 1845 2621; x_wconf 78' lang='grc' dir='ltr'>ἅγιον,</span> <span class='ocrx_word' id='word_1_334' title='bbox 1880 2554 1941 2605; x_wconf 84' lang='grc' dir='ltr'><strong>τὸ</strong></span> 
     </span>
    </p>
   </div>
   <div class='ocr_carea' id='block_1_44' title="bbox 369 2642 1941 2716">
    <p class='ocr_par' dir='ltr' id='par_1_44' title="bbox 369 2642 1941 2716">
     <span class='ocr_line' id='line_1_44' title="bbox 369 2642 1941 2716; baseline -0.001 -17"><span class='ocrx_word' id='word_1_335' title='bbox 369 2646 440 2699; x_wconf 67' lang='grc' dir='ltr'><strong>τὰ</strong></span> <span class='ocrx_word' id='word_1_336' title='bbox 475 2643 569 2697; x_wconf 88' lang='grc' dir='ltr'><strong>τοῦ</strong></span> <span class='ocrx_word' id='word_1_337' title='bbox 602 2644 736 2697; x_wconf 85' lang='grc' dir='ltr'>Θεοῦ</span> <span class='ocrx_word' id='word_1_338' title='bbox 767 2642 905 2715; x_wconf 82' lang='grc' dir='ltr'>βάθη</span> <span class='ocrx_word' id='word_1_339' title='bbox 949 2643 1385 2715; x_wconf 84' lang='grc' dir='ltr'>διερευνώμενον,</span> <span class='ocrx_word' id='word_1_340' title='bbox 1416 2644 1503 2698; x_wconf 76' lang='grc' dir='ltr'>διὰ</span> <span class='ocrx_word' id='word_1_341' title='bbox 1532 2644 1630 2715; x_wconf 82' lang='grc' dir='ltr'>τῆς</span> <span class='ocrx_word' id='word_1_342' title='bbox 1657 2646 1941 2716; x_wconf 86' lang='grc' dir='ltr'>ὀνομαστι-</span> 
     </span>
    </p>
   </div>
   <div class='ocr_carea' id='block_1_45' title="bbox 371 2733 1940 2806">
    <p class='ocr_par' dir='ltr' id='par_1_45' title="bbox 371 2733 1940 2806">
     <span class='ocr_line' id='line_1_45' title="bbox 371 2733 1940 2806; baseline -0.001 -17"><span class='ocrx_word' id='word_1_343' title='bbox 371 2736 470 2805; x_wconf 61' lang='lat' dir='ltr'><strong>acip,</strong></span> <span class='ocrx_word' id='word_1_344' title='bbox 508 2733 876 2806; x_wconf 84' lang='grc' dir='ltr'>προσηγορίας</span> <span class='ocrx_word' id='word_1_345' title='bbox 912 2735 1047 2805; x_wconf 83' lang='grc' dir='ltr'>πρὸς</span> <span class='ocrx_word' id='word_1_346' title='bbox 1080 2734 1176 2805; x_wconf 80' lang='grc' dir='ltr'><strong>τήν</strong></span> <span class='ocrx_word' id='word_1_347' title='bbox 1204 2735 1295 2787; x_wconf 87' lang='grc' dir='ltr'><strong>τοῦ</strong></span> <span class='ocrx_word' id='word_1_348' title='bbox 1354 2735 1682 2805; x_wconf 76' lang='grc' dir='ltr'>ζητουμένου</span> <span class='ocrx_word' id='word_1_349' title='bbox 1739 2734 1940 2803; x_wconf 85' lang='grc' dir='ltr'>γνῶσιν</span> 
     </span>
    </p>
   </div>
   <div class='ocr_carea' id='block_1_46' title="bbox 369 2824 1939 2897">
    <p class='ocr_par' dir='ltr' id='par_1_46' title="bbox 369 2824 1939 2897">
     <span class='ocr_line' id='line_1_46' title="bbox 369 2824 1939 2897; baseline 0.001 -19"><span class='ocrx_word' id='word_1_350' title='bbox 369 2827 641 2895; x_wconf 79' lang='grc' dir='ltr'>ἐνάγεται.</span> <span class='ocrx_word' id='word_1_351' title='bbox 675 2824 811 2879; x_wconf 81' lang='grc' dir='ltr'>υῠτε</span> <span class='ocrx_word' id='word_1_352' title='bbox 845 2826 877 2895; x_wconf 87' lang='grc' dir='ltr'><strong>ή</strong></span> <span class='ocrx_word' id='word_1_353' title='bbox 921 2824 1209 2895; x_wconf 86' lang='grc' dir='ltr'>ἀσώματος</span> <span class='ocrx_word' id='word_1_354' title='bbox 1236 2826 1344 2878; x_wconf 85' lang='grc' dir='ltr'>τῶν</span> <span class='ocrx_word' id='word_1_355' title='bbox 1375 2826 1756 2897; x_wconf 83' lang='grc' dir='ltr'>ὑπερκοσμίων</span> <span class='ocrx_word' id='word_1_356' title='bbox 1781 2826 1939 2880; x_wconf 90' lang='grc' dir='ltr'>δυνά-</span> 
     </span>
    </p>
   </div>
   <div class='ocr_carea' id='block_1_47' title="bbox 2045 1737 3620 1810">
    <p class='ocr_par' dir='ltr' id='par_1_47' title="bbox 2045 1737 3620 1810">
     <span class='ocr_line' id='line_1_47' title="bbox 2045 1737 3620 1810; baseline -0.004 -18"><span class='ocrx_word' id='word_1_357' title='bbox 2045 1738 2191 1810; x_wconf 89' lang='lat' dir='ltr'><strong>quod</strong></span> <span class='ocrx_word' id='word_1_358' title='bbox 2221 1739 2311 1808; x_wconf 91' lang='lat' dir='ltr'><strong>qui</strong></span> <span class='ocrx_word' id='word_1_359' title='bbox 2350 1746 2475 1791; x_wconf 87' lang='lat' dir='ltr'><strong>ante</strong></span> <span class='ocrx_word' id='word_1_360' title='bbox 2501 1737 2683 1791; x_wconf 89' lang='lat' dir='ltr'><strong>omnia</strong></span> <span class='ocrx_word' id='word_1_361' title='bbox 2716 1740 2911 1792; x_wconf 70' lang='lat' dir='ltr'><strong>stecula</strong></span> <span class='ocrx_word' id='word_1_362' title='bbox 2936 1744 2990 1791; x_wconf 92' lang='lat' dir='ltr'><strong>et</strong></span> <span class='ocrx_word' id='word_1_363' title='bbox 3023 1748 3287 1806; x_wconf 87' lang='lat' dir='ltr'><strong>tempora,</strong></span> <span class='ocrx_word' id='word_1_364' title='bbox 3319 1744 3373 1790; x_wconf 90' lang='lat' dir='ltr'><strong>et</strong></span> <span class='ocrx_word' id='word_1_365' title='bbox 3403 1750 3620 1789; x_wconf 87' lang='lat' dir='ltr'><strong>omnem</strong></span> 
     </span>
    </p>
   </div>
   <div class='ocr_carea' id='block_1_48' title="bbox 2044 1812 3617 1898">
    <p class='ocr_par' dir='ltr' id='par_1_48' title="bbox 2044 1812 3617 1898">
     <span class='ocr_line' id='line_1_48' title="bbox 2044 1812 3617 1898; baseline -0.006 -11"><span class='ocrx_word' id='word_1_366' title='bbox 2044 1830 2357 1886; x_wconf 86' lang='lat' dir='ltr'><strong>seusibilem</strong></span> <span class='ocrx_word' id='word_1_367' title='bbox 2411 1836 2465 1883; x_wconf 89' lang='lat' dir='ltr'><strong>et</strong></span> <span class='ocrx_word' id='word_1_368' title='bbox 2514 1828 2905 1898; x_wconf 85' lang='lat' dir='ltr'><strong>intelligibilem</strong></span> <span class='ocrx_word' id='word_1_369' title='bbox 2960 1836 3234 1892; x_wconf 87' lang='lat' dir='ltr'><strong>naturam,</strong></span> <span class='ocrx_word' id='word_1_370' title='bbox 3294 1825 3397 1881; x_wconf 89' lang='lat' dir='ltr'><strong>l&#39;uit</strong></span> <span class='ocrx_word' id='word_1_371' title='bbox 3440 1812 3617 1888; x_wconf 78' lang='lat' dir='ltr'><strong>Paier,</strong></span> 
     </span>
    </p>
   </div>
   <div class='ocr_carea' id='block_1_49' title="bbox 2043 1920 3620 1993">
    <p class='ocr_par' dir='ltr' id='par_1_49' title="bbox 2043 1920 3620 1993">
     <span class='ocr_line' id='line_1_49' title="bbox 2043 1920 3620 1993; baseline -0.003 -16"><span class='ocrx_word' id='word_1_372' title='bbox 2043 1923 2318 1993; x_wconf 89' lang='lat' dir='ltr'><strong>quomodo</strong></span> <span class='ocrx_word' id='word_1_373' title='bbox 2349 1921 2601 1977; x_wconf 87' lang='lat' dir='ltr'><strong>homines</strong></span> <span class='ocrx_word' id='word_1_374' title='bbox 2642 1928 2941 1991; x_wconf 77' lang='lat' dir='ltr'><strong>exspectat,</strong></span> <span class='ocrx_word' id='word_1_375' title='bbox 2984 1929 3041 1976; x_wconf 92' lang='lat' dir='ltr'><strong>ut</strong></span> <span class='ocrx_word' id='word_1_376' title='bbox 3078 1937 3174 1992; x_wconf 87' lang='lat' dir='ltr'><strong>per</strong></span> <span class='ocrx_word' id='word_1_377' title='bbox 3204 1920 3620 1976; x_wconf 87' lang='lat' dir='ltr'><strong>commentatio-</strong></span> 
     </span>
    </p>
   </div>
   <div class='ocr_carea' id='block_1_50' title="bbox 2043 2008 3623 2081">
    <p class='ocr_par' dir='ltr' id='par_1_50' title="bbox 2043 2008 3623 2081">
     <span class='ocr_line' id='line_1_50' title="bbox 2043 2008 3623 2081; baseline -0.004 -13"><span class='ocrx_word' id='word_1_378' title='bbox 2043 2028 2165 2068; x_wconf 90' lang='lat' dir='ltr'><strong>nem</strong></span> <span class='ocrx_word' id='word_1_379' title='bbox 2190 2011 2278 2067; x_wconf 89' lang='lat' dir='ltr'><strong>his</strong></span> <span class='ocrx_word' id='word_1_380' title='bbox 2313 2010 2772 2080; x_wconf 86' lang='lat' dir='ltr'><strong>appellationibus</strong></span> <span class='ocrx_word' id='word_1_381' title='bbox 2808 2012 3141 2074; x_wconf 89' lang='lat' dir='ltr'><strong>nominetur,</strong></span> <span class='ocrx_word' id='word_1_382' title='bbox 3174 2011 3265 2081; x_wconf 92' lang='lat' dir='ltr'><strong>qui</strong></span> <span class='ocrx_word' id='word_1_383' title='bbox 3300 2025 3409 2063; x_wconf 93' lang='lat' dir='ltr'><strong>non</strong></span> <span class='ocrx_word' id='word_1_384' title='bbox 3446 2008 3623 2064; x_wconf 82' lang='lat' dir='ltr'><strong>nomi-</strong></span> 
     </span>
    </p>
   </div>
   <div class='ocr_carea' id='block_1_51' title="bbox 2042 2104 3624 2175">
    <p class='ocr_par' dir='ltr' id='par_1_51' title="bbox 2042 2104 3624 2175">
     <span class='ocr_line' id='line_1_51' title="bbox 2042 2104 3624 2175; baseline 0 -15"><span class='ocrx_word' id='word_1_385' title='bbox 2042 2104 2293 2169; x_wconf 85' lang='lat' dir='ltr'><strong>nabatur,</strong></span> <span class='ocrx_word' id='word_1_386' title='bbox 2346 2112 2404 2157; x_wconf 91' lang='lat' dir='ltr'><strong>ut</strong></span> <span class='ocrx_word' id='word_1_387' title='bbox 2444 2105 2517 2157; x_wconf 91' lang='lat' dir='ltr'><strong>ait</strong></span> <span class='ocrx_word' id='word_1_388' title='bbox 2559 2104 2668 2166; x_wconf 90' lang='lat' dir='ltr'><strong>ille,</strong></span> <span class='ocrx_word' id='word_1_389' title='bbox 2701 2120 2877 2173; x_wconf 88' lang='lat' dir='ltr'><strong>neque</strong></span> <span class='ocrx_word' id='word_1_390' title='bbox 2908 2121 2935 2157; x_wconf 92' lang='lat' dir='ltr'><strong>a</strong></span> <span class='ocrx_word' id='word_1_391' title='bbox 2967 2104 3127 2169; x_wconf 85' lang='lat' dir='ltr'><strong>Filio,</strong></span> <span class='ocrx_word' id='word_1_392' title='bbox 3164 2120 3342 2175; x_wconf 88' lang='lat' dir='ltr'><strong>neque</strong></span> <span class='ocrx_word' id='word_1_393' title='bbox 3388 2104 3457 2158; x_wconf 90' lang='lat' dir='ltr'><strong>ab</strong></span> <span class='ocrx_word' id='word_1_394' title='bbox 3495 2105 3624 2160; x_wconf 88' lang='lat' dir='ltr'><strong>ullis</strong></span> 
     </span>
    </p>
   </div>
   <div class='ocr_carea' id='block_1_52' title="bbox 2040 2194 3621 2267">
    <p class='ocr_par' dir='ltr' id='par_1_52' title="bbox 2040 2194 3621 2267">
     <span class='ocr_line' id='line_1_52' title="bbox 2040 2194 3621 2267; baseline -0.003 -16"><span class='ocrx_word' id='word_1_395' title='bbox 2040 2212 2138 2267; x_wconf 89' lang='lat' dir='ltr'><strong>per</strong></span> <span class='ocrx_word' id='word_1_396' title='bbox 2170 2196 2321 2249; x_wconf 91' lang='lat' dir='ltr'><strong>illum</strong></span> <span class='ocrx_word' id='word_1_397' title='bbox 2355 2194 2512 2249; x_wconf 83' lang='lat' dir='ltr'><strong>factis</strong></span> <span class='ocrx_word' id='word_1_398' title='bbox 2536 2196 2700 2249; x_wconf 86' lang='lat' dir='ltr'><strong>rebus</strong></span> <span class='ocrx_word' id='word_1_399' title='bbox 2733 2195 3201 2266; x_wconf 86' lang='lat' dir='ltr'><strong>intelligihilibus?</strong></span> <span class='ocrx_word' id='word_1_400' title='bbox 3234 2195 3450 2250; x_wconf 90' lang='lat' dir='ltr'><strong>Nullum</strong></span> <span class='ocrx_word' id='word_1_401' title='bbox 3476 2195 3621 2249; x_wconf 90' lang='lat' dir='ltr'><strong>enim</strong></span> 
     </span>
    </p>
   </div>
   <div class='ocr_carea' id='block_1_53' title="bbox 2042 2286 3623 2357">
    <p class='ocr_par' dir='ltr' id='par_1_53' title="bbox 2042 2286 3623 2357">
     <span class='ocr_line' id='line_1_53' title="bbox 2042 2286 3623 2357; baseline -0.001 -16"><span class='ocrx_word' id='word_1_402' title='bbox 2042 2290 2115 2341; x_wconf 90' lang='lat' dir='ltr'><strong>ita</strong></span> <span class='ocrx_word' id='word_1_403' title='bbox 2147 2286 2419 2357; x_wconf 78' lang='lat' dir='ltr'><strong>profunda</strong></span> <span class='ocrx_word' id='word_1_404' title='bbox 2461 2288 2753 2356; x_wconf 79' lang='lat' dir='ltr'><strong>gravedine</strong></span> <span class='ocrx_word' id='word_1_405' title='bbox 2795 2288 3071 2356; x_wconf 82' lang='lat' dir='ltr'><strong>oppletum</strong></span> <span class='ocrx_word' id='word_1_406' title='bbox 3129 2294 3281 2356; x_wconf 89' lang='lat' dir='ltr'><strong>puto,</strong></span> <span class='ocrx_word' id='word_1_407' title='bbox 3322 2296 3381 2340; x_wconf 90' lang='lat' dir='ltr'><strong>ut</strong></span> <span class='ocrx_word' id='word_1_408' title='bbox 3413 2286 3623 2355; x_wconf 78' lang='lat' dir='ltr'><strong>ignoret</strong></span> 
     </span>
    </p>
   </div>
   <div class='ocr_carea' id='block_1_54' title="bbox 2039 2377 3614 2449">
    <p class='ocr_par' dir='ltr' id='par_1_54' title="bbox 2039 2377 3614 2449">
     <span class='ocr_line' id='line_1_54' title="bbox 2039 2377 3614 2449; baseline -0.001 -16"><span class='ocrx_word' id='word_1_409' title='bbox 2039 2380 2183 2449; x_wconf 88' lang='lat' dir='ltr'><strong>quod</strong></span> <span class='ocrx_word' id='word_1_410' title='bbox 2234 2378 2544 2448; x_wconf 84' lang='lat' dir='ltr'><strong>unigenitus</strong></span> <span class='ocrx_word' id='word_1_411' title='bbox 2589 2380 2751 2442; x_wconf 89' lang='lat' dir='ltr'><strong>Deus,</strong></span> <span class='ocrx_word' id='word_1_412' title='bbox 2794 2379 2886 2448; x_wconf 89' lang='lat' dir='ltr'><strong>qui</strong></span> <span class='ocrx_word' id='word_1_413' title='bbox 2920 2379 2972 2432; x_wconf 90' lang='lat' dir='ltr'><strong>in</strong></span> <span class='ocrx_word' id='word_1_414' title='bbox 3014 2377 3174 2434; x_wconf 86' lang='lat' dir='ltr'><strong>Patre</strong></span> <span class='ocrx_word' id='word_1_415' title='bbox 3202 2388 3307 2441; x_wconf 84' lang='lat' dir='ltr'><strong>est,</strong></span> <span class='ocrx_word' id='word_1_416' title='bbox 3340 2386 3394 2434; x_wconf 88' lang='lat' dir='ltr'><strong>et</strong></span> <span class='ocrx_word' id='word_1_417' title='bbox 3436 2378 3491 2431; x_wconf 91' lang='lat' dir='ltr'><strong>in</strong></span> <span class='ocrx_word' id='word_1_418' title='bbox 3524 2393 3614 2432; x_wconf 86' lang='lat' dir='ltr'><strong>se-</strong></span> 
     </span>
    </p>
   </div>
   <div class='ocr_carea' id='block_1_55' title="bbox 2040 2469 3619 2543">
    <p class='ocr_par' dir='ltr' id='par_1_55' title="bbox 2040 2469 3619 2543">
     <span class='ocr_line' id='line_1_55' title="bbox 2040 2469 3619 2543; baseline -0.004 -16"><span class='ocrx_word' id='word_1_419' title='bbox 2040 2474 2159 2543; x_wconf 90' lang='lat' dir='ltr'><strong>ipso</strong></span> <span class='ocrx_word' id='word_1_420' title='bbox 2185 2473 2398 2528; x_wconf 84' lang='lat' dir='ltr'><strong>Patrem</strong></span> <span class='ocrx_word' id='word_1_421' title='bbox 2429 2472 2574 2526; x_wconf 81' lang='lat' dir='ltr'><strong>videt</strong></span> <span class='ocrx_word' id='word_1_422' title='bbox 2597 2474 2665 2534; x_wconf 77' lang='grc' dir='ltr'>τί,</span> <span class='ocrx_word' id='word_1_423' title='bbox 2714 2471 2935 2525; x_wconf 87' lang='lat' dir='ltr'><strong>nomine</strong></span> <span class='ocrx_word' id='word_1_424' title='bbox 2965 2472 3047 2525; x_wconf 89' lang='lat' dir='ltr'><strong>vel</strong></span> <span class='ocrx_word' id='word_1_425' title='bbox 3082 2471 3243 2525; x_wconf 85' lang='lat' dir='ltr'><strong>verbo</strong></span> <span class='ocrx_word' id='word_1_426' title='bbox 3275 2470 3338 2523; x_wconf 85' lang='lat' dir='ltr'><strong>ad</strong></span> <span class='ocrx_word' id='word_1_427' title='bbox 3379 2469 3619 2539; x_wconf 86' lang='lat' dir='ltr'><strong>subjecti</strong></span> 
     </span>
    </p>
   </div>
   <div class='ocr_carea' id='block_1_56' title="bbox 2040 2559 3619 2633">
    <p class='ocr_par' dir='ltr' id='par_1_56' title="bbox 2040 2559 3619 2633">
     <span class='ocr_line' id='line_1_56' title="bbox 2040 2559 3619 2633; baseline -0.003 -16"><span class='ocrx_word' id='word_1_428' title='bbox 2040 2562 2403 2633; x_wconf 90' lang='lat' dir='ltr'><strong>cognitionem</strong></span> <span class='ocrx_word' id='word_1_429' title='bbox 2438 2577 2545 2615; x_wconf 91' lang='lat' dir='ltr'><strong>non</strong></span> <span class='ocrx_word' id='word_1_430' title='bbox 2591 2561 2814 2629; x_wconf 82' lang='lat' dir='ltr'><strong>indiget,</strong></span> <span class='ocrx_word' id='word_1_431' title='bbox 2860 2576 3036 2629; x_wconf 83' lang='lat' dir='ltr'><strong>neque</strong></span> <span class='ocrx_word' id='word_1_432' title='bbox 3083 2559 3321 2629; x_wconf 84' lang='lat' dir='ltr'><strong>Spiritus</strong></span> <span class='ocrx_word' id='word_1_433' title='bbox 3371 2568 3619 2622; x_wconf 87' lang='lat' dir='ltr'><strong>sanctus,</strong></span> 
     </span>
    </p>
   </div>
   <div class='ocr_carea' id='block_1_57' title="bbox 2042 2647 3623 2723">
    <p class='ocr_par' dir='ltr' id='par_1_57' title="bbox 2042 2647 3623 2723">
     <span class='ocr_line' id='line_1_57' title="bbox 2042 2647 3623 2723; baseline -0.003 -18"><span class='ocrx_word' id='word_1_434' title='bbox 2042 2654 2134 2723; x_wconf 90' lang='lat' dir='ltr'><strong>qui</strong></span> <span class='ocrx_word' id='word_1_435' title='bbox 2160 2653 2325 2706; x_wconf 90' lang='lat' dir='ltr'><strong>etiam</strong></span> <span class='ocrx_word' id='word_1_436' title='bbox 2357 2651 2447 2706; x_wconf 88' lang='lat' dir='ltr'><strong>Dei</strong></span> <span class='ocrx_word' id='word_1_437' title='bbox 2486 2650 2827 2705; x_wconf 83' lang='lat' dir='ltr'><strong>abditissi‘ma</strong></span> <span class='ocrx_word' id='word_1_438' title='bbox 2879 2651 3108 2702; x_wconf 89' lang='lat' dir='ltr'><strong>rimatur</strong></span> <span class='ocrx_word' id='word_1_439' title='bbox 3131 2650 3198 2713; x_wconf 74' lang='grc' dir='ltr'><strong>τ’,</strong></span> <span class='ocrx_word' id='word_1_440' title='bbox 3241 2663 3336 2719; x_wconf 89' lang='lat' dir='ltr'><strong>per</strong></span> <span class='ocrx_word' id='word_1_441' title='bbox 3377 2647 3623 2701; x_wconf 89' lang='lat' dir='ltr'><strong>nomina-</strong></span> 
     </span>
    </p>
   </div>
   <div class='ocr_carea' id='block_1_58' title="bbox 2042 2738 3616 2813">
    <p class='ocr_par' dir='ltr' id='par_1_58' title="bbox 2042 2738 3616 2813">
     <span class='ocr_line' id='line_1_58' title="bbox 2042 2738 3616 2813; baseline -0.004 -16"><span class='ocrx_word' id='word_1_442' title='bbox 2042 2745 2207 2797; x_wconf 87' lang='lat' dir='ltr'><strong>tivam</strong></span> <span class='ocrx_word' id='word_1_443' title='bbox 2248 2742 2659 2813; x_wconf 89' lang='lat' dir='ltr'><strong>appellationem</strong></span> <span class='ocrx_word' id='word_1_444' title='bbox 2703 2741 2767 2795; x_wconf 88' lang='lat' dir='ltr'><strong>ad</strong></span> <span class='ocrx_word' id='word_1_445' title='bbox 2804 2741 2923 2810; x_wconf 87' lang='lat' dir='ltr'><strong>ejus</strong></span> <span class='ocrx_word' id='word_1_446' title='bbox 2955 2741 3099 2810; x_wconf 87' lang='lat' dir='ltr'><strong>quod</strong></span> <span class='ocrx_word' id='word_1_447' title='bbox 3128 2741 3395 2810; x_wconf 69' lang='lat' dir='ltr'><strong>quaeritur</strong></span> <span class='ocrx_word' id='word_1_448' title='bbox 3423 2738 3616 2809; x_wconf 82' lang='lat' dir='ltr'><strong>cogni-</strong></span> 
     </span>
    </p>
   </div>
   <div class='ocr_carea' id='block_1_59' title="bbox 2042 2828 3623 2902">
    <p class='ocr_par' dir='ltr' id='par_1_59' title="bbox 2042 2828 3623 2902">
     <span class='ocr_line' id='line_1_59' title="bbox 2042 2828 3623 2902; baseline -0.003 -14"><span class='ocrx_word' id='word_1_449' title='bbox 2042 2836 2244 2888; x_wconf 87' lang='lat' dir='ltr'><strong>tionem</strong></span> <span class='ocrx_word' id='word_1_450' title='bbox 2286 2832 2597 2886; x_wconf 86' lang='lat' dir='ltr'><strong>adducitur.</strong></span> <span class='ocrx_word' id='word_1_451' title='bbox 2631 2832 2814 2902; x_wconf 88' lang='lat' dir='ltr'><strong>Neque</strong></span> <span class='ocrx_word' id='word_1_452' title='bbox 2857 2832 3177 2901; x_wconf 80' lang='lat' dir='ltr'><strong>incorporea</strong></span> <span class='ocrx_word' id='word_1_453' title='bbox 3228 2828 3623 2884; x_wconf 81' lang='lat' dir='ltr'><strong>transmunda-</strong></span> 
     </span>
    </p>
   </div>
   <div class='ocr_carea' id='block_1_60' title="bbox 376 2914 1944 2992">
    <p class='ocr_par' dir='ltr' id='par_1_60' title="bbox 376 2914 1937 2987">
     <span class='ocr_line' id='line_1_60' title="bbox 376 2914 1937 2987; baseline 0.001 -19"><span class='ocrx_word' id='word_1_454' title='bbox 376 2933 519 2985; x_wconf 83' lang='grc' dir='ltr'>μεων</span> <span class='ocrx_word' id='word_1_455' title='bbox 542 2914 722 2984; x_wconf 89' lang='grc' dir='ltr'>φύσις,</span> <span class='ocrx_word' id='word_1_456' title='bbox 752 2916 903 2985; x_wconf 83' lang='grc' dir='ltr'>φωνῇ</span> <span class='ocrx_word' id='word_1_457' title='bbox 932 2916 1026 2968; x_wconf 75' lang='grc' dir='ltr'><strong>καὶ</strong></span> <span class='ocrx_word' id='word_1_458' title='bbox 1055 2914 1268 2987; x_wconf 81' lang='grc' dir='ltr'>γλώττῃ</span> <span class='ocrx_word' id='word_1_459' title='bbox 1296 2915 1653 2985; x_wconf 78' lang='grc' dir='ltr'>κατονομάζει</span> <span class='ocrx_word' id='word_1_460' title='bbox 1683 2915 1742 2968; x_wconf 81' lang='grc' dir='ltr'><strong>τὸ</strong></span> <span class='ocrx_word' id='word_1_461' title='bbox 1765 2916 1937 2969; x_wconf 81' lang='grc' dir='ltr'>Θεῖον’</span> 
     </span>
    </p>
   </div>
   <div class='ocr_carea' id='block_1_61' title="bbox 2048 2914 3622 2992">
    <p class='ocr_par' dir='ltr' id='par_1_61' title="bbox 2048 2923 3622 2992">
     <span class='ocr_line' id='line_1_61' title="bbox 2048 2923 3622 2992; baseline -0.003 -13"><span class='ocrx_word' id='word_1_462' title='bbox 2048 2940 2236 2979; x_wconf 89' lang='lat' dir='ltr'><strong>narum</strong></span> <span class='ocrx_word' id='word_1_463' title='bbox 2279 2925 2542 2979; x_wconf 89' lang='lat' dir='ltr'><strong>virtutum</strong></span> <span class='ocrx_word' id='word_1_464' title='bbox 2580 2932 2776 2977; x_wconf 91' lang='lat' dir='ltr'><strong>natura</strong></span> <span class='ocrx_word' id='word_1_465' title='bbox 2811 2937 2941 2977; x_wconf 92' lang='lat' dir='ltr'><strong>voce</strong></span> <span class='ocrx_word' id='word_1_466' title='bbox 2985 2932 3037 2977; x_wconf 94' lang='lat' dir='ltr'><strong>et</strong></span> <span class='ocrx_word' id='word_1_467' title='bbox 3071 2923 3254 2992; x_wconf 80' lang='lat' dir='ltr'><strong>lingua</strong></span> <span class='ocrx_word' id='word_1_468' title='bbox 3282 2936 3482 2974; x_wconf 88' lang='lat' dir='ltr'><strong>numen</strong></span> <span class='ocrx_word' id='word_1_469' title='bbox 3514 2934 3622 2975; x_wconf 87' lang='lat' dir='ltr'><strong>no-</strong></span> 
     </span>
    </p>
   </div>
   <div class='ocr_carea' id='block_1_62' title="bbox 372 3003 1939 3076">
    <p class='ocr_par' dir='ltr' id='par_1_62' title="bbox 372 3003 1939 3076">
     <span class='ocr_line' id='line_1_62' title="bbox 372 3003 1939 3076; baseline 0.001 -18"><span class='ocrx_word' id='word_1_470' title='bbox 372 3006 465 3059; x_wconf 66' lang='grc' dir='ltr'>ἐπὶ</span> <span class='ocrx_word' id='word_1_471' title='bbox 499 3005 607 3076; x_wconf 81' lang='grc' dir='ltr'>γὰρ</span> <span class='ocrx_word' id='word_1_472' title='bbox 634 3004 732 3075; x_wconf 80' lang='grc' dir='ltr'>τῆς</span> <span class='ocrx_word' id='word_1_473' title='bbox 770 3003 935 3058; x_wconf 79' lang='grc' dir='ltr'>ἀθλου</span> <span class='ocrx_word' id='word_1_474' title='bbox 969 3005 1062 3059; x_wconf 80' lang='grc' dir='ltr'><strong>καὶ</strong></span> <span class='ocrx_word' id='word_1_475' title='bbox 1094 3007 1285 3075; x_wconf 81' lang='grc' dir='ltr'>νοερᾶς</span> <span class='ocrx_word' id='word_1_476' title='bbox 1328 3004 1568 3073; x_wconf 89' lang='grc' dir='ltr'>φύσεως,</span> <span class='ocrx_word' id='word_1_477' title='bbox 1610 3006 1643 3073; x_wconf 93' lang='grc' dir='ltr'><strong>ή</strong></span> <span class='ocrx_word' id='word_1_478' title='bbox 1674 3004 1813 3058; x_wconf 68' lang='grc' dir='ltr'>κατὰ</span> <span class='ocrx_word' id='word_1_479' title='bbox 1849 3004 1939 3059; x_wconf 80' lang='grc' dir='ltr'>τὸν</span> 
     </span>
    </p>
   </div>
   <div class='ocr_carea' id='block_1_63' title="bbox 372 3095 1942 3168">
    <p class='ocr_par' dir='ltr' id='par_1_63' title="bbox 372 3095 1942 3168">
     <span class='ocr_line' id='line_1_63' title="bbox 372 3095 1942 3168; baseline -0.003 -13"><span class='ocrx_word' id='word_1_480' title='bbox 372 3099 495 3155; x_wconf 77' lang='grc' dir='ltr'>νεῦν</span> <span class='ocrx_word' id='word_1_481' title='bbox 525 3098 773 3168; x_wconf 83' lang='grc' dir='ltr'>ἐνέργεια</span> <span class='ocrx_word' id='word_1_482' title='bbox 794 3096 950 3165; x_wconf 85' lang='grc' dir='ltr'>λόγος</span> <span class='ocrx_word' id='word_1_483' title='bbox 985 3097 1150 3161; x_wconf 78' lang='grc' dir='ltr'>ἐστὶν,</span> <span class='ocrx_word' id='word_1_484' title='bbox 1178 3096 1327 3150; x_wconf 81' lang='grc' dir='ltr'>οὐδὲν</span> <span class='ocrx_word' id='word_1_485' title='bbox 1363 3100 1428 3166; x_wconf 82' lang='grc' dir='ltr'>τῇ</span> <span class='ocrx_word' id='word_1_486' title='bbox 1460 3096 1615 3167; x_wconf 84' lang='grc' dir='ltr'>ὑλικῇ</span> <span class='ocrx_word' id='word_1_487' title='bbox 1641 3095 1747 3149; x_wconf 84' lang='grc' dir='ltr'><strong>τῶν</strong></span> <span class='ocrx_word' id='word_1_488' title='bbox 1777 3098 1942 3168; x_wconf 86' lang='grc' dir='ltr'>ὀργά-</span> 
     </span>
    </p>
   </div>
   <div class='ocr_carea' id='block_1_64' title="bbox 372 3188 1944 3261">
    <p class='ocr_par' dir='ltr' id='par_1_64' title="bbox 372 3188 1944 3261">
     <span class='ocr_line' id='line_1_64' title="bbox 372 3188 1944 3261; baseline -0.001 -18"><span class='ocrx_word' id='word_1_489' title='bbox 372 3209 478 3247; x_wconf 85' lang='grc' dir='ltr'><strong>νων</strong></span> <span class='ocrx_word' id='word_1_490' title='bbox 524 3189 795 3261; x_wconf 77' lang='grc' dir='ltr'>ὑπηρεσίᾳ</span> <span class='ocrx_word' id='word_1_491' title='bbox 839 3188 1236 3259; x_wconf 85' lang='grc' dir='ltr'>συγχρώμενος.</span> <span class='ocrx_word' id='word_1_492' title='bbox 1287 3188 1395 3240; x_wconf 71' lang='grc' dir='ltr'>Καὶ</span> <span class='ocrx_word' id='word_1_493' title='bbox 1426 3188 1533 3260; x_wconf 77' lang='grc' dir='ltr'>γὰρ</span> <span class='ocrx_word' id='word_1_494' title='bbox 1567 3189 1659 3241; x_wconf 77' lang='grc' dir='ltr'><strong>ἐπὶ</strong></span> <span class='ocrx_word' id='word_1_495' title='bbox 1704 3188 1802 3258; x_wconf 78' lang='grc' dir='ltr'><strong>τῆς</strong></span> <span class='ocrx_word' id='word_1_496' title='bbox 1851 3191 1944 3241; x_wconf 89' lang='grc' dir='ltr'><strong>ἀν-</strong></span> 
     </span>
    </p>
   </div>
   <div class='ocr_carea' id='block_1_65' title="bbox 374 3278 1942 3352">
    <p class='ocr_par' dir='ltr' id='par_1_65' title="bbox 374 3278 1942 3352">
     <span class='ocr_line' id='line_1_65' title="bbox 374 3278 1942 3352; baseline -0.001 -18"><span class='ocrx_word' id='word_1_497' title='bbox 374 3280 650 3352; x_wconf 89' lang='grc' dir='ltr'>θρωπίνης</span> <span class='ocrx_word' id='word_1_498' title='bbox 697 3278 907 3349; x_wconf 83' lang='grc' dir='ltr'>φύσεως</span> <span class='ocrx_word' id='word_1_499' title='bbox 934 3319 949 3342; x_wconf 95' lang='grc'><strong>,</strong></span> <span class='ocrx_word' id='word_1_500' title='bbox 979 3278 1132 3332; x_wconf 78' lang='grc' dir='ltr'>οὐδὲν</span> <span class='ocrx_word' id='word_1_501' title='bbox 1164 3278 1230 3332; x_wconf 77' lang='grc' dir='ltr'><strong>ἂν</strong></span> <span class='ocrx_word' id='word_1_502' title='bbox 1264 3279 1477 3349; x_wconf 81' lang='grc' dir='ltr'>ἐδέησεν</span> <span class='ocrx_word' id='word_1_503' title='bbox 1528 3280 1656 3349; x_wconf 85' lang='grc' dir='ltr'>ἡμῖν</span> <span class='ocrx_word' id='word_1_504' title='bbox 1700 3280 1797 3351; x_wconf 84' lang='grc' dir='ltr'>τῆς</span> <span class='ocrx_word' id='word_1_505' title='bbox 1836 3280 1942 3332; x_wconf 84' lang='grc' dir='ltr'><strong>τῶν</strong></span> 
     </span>
    </p>
   </div>
   <div class='ocr_carea' id='block_1_66' title="bbox 375 3366 1943 3447">
    <p class='ocr_par' dir='ltr' id='par_1_66' title="bbox 375 3366 1943 3447">
     <span class='ocr_line' id='line_1_66' title="bbox 375 3366 1943 3447; baseline -0.004 -19"><span class='ocrx_word' id='word_1_506' title='bbox 375 3376 632 3447; x_wconf 76' lang='grc' dir='ltr'>ῥημάτων</span> <span class='ocrx_word' id='word_1_507' title='bbox 662 3390 722 3426; x_wconf 86' lang='grc' dir='ltr'><strong>τε</strong></span> <span class='ocrx_word' id='word_1_508' title='bbox 770 3372 864 3425; x_wconf 74' lang='grc' dir='ltr'>καὶ</span> <span class='ocrx_word' id='word_1_509' title='bbox 900 3370 1177 3441; x_wconf 83' lang='grc' dir='ltr'>ὀνομάτων</span> <span class='ocrx_word' id='word_1_510' title='bbox 1219 3371 1463 3442; x_wconf 86' lang='grc' dir='ltr'>χρήσεως</span> <span class='ocrx_word' id='word_1_511' title='bbox 1487 3410 1500 3433; x_wconf 95' lang='grc'><strong>,</strong></span> <span class='ocrx_word' id='word_1_512' title='bbox 1537 3371 1585 3422; x_wconf 77' lang='grc' dir='ltr'><strong>εἰ</strong></span> <span class='ocrx_word' id='word_1_513' title='bbox 1617 3370 1841 3425; x_wconf 79' lang='grc' dir='ltr'>δυνατὸν</span> <span class='ocrx_word' id='word_1_514' title='bbox 1875 3366 1943 3441; x_wconf 80' lang='grc' dir='ltr'>ἦν</span> 
     </span>
    </p>
   </div>
   <div class='ocr_carea' id='block_1_67' title="bbox 374 3462 1944 3537">
    <p class='ocr_par' dir='ltr' id='par_1_67' title="bbox 374 3462 1944 3537">
     <span class='ocr_line' id='line_1_67' title="bbox 374 3462 1944 3537; baseline -0.004 -16"><span class='ocrx_word' id='word_1_515' title='bbox 374 3466 555 3537; x_wconf 80' lang='grc' dir='ltr'>γυμνὰ</span> <span class='ocrx_word' id='word_1_516' title='bbox 614 3462 983 3537; x_wconf 88' lang='grc' dir='ltr'>προδεικνύειν</span> <span class='ocrx_word' id='word_1_517' title='bbox 1012 3462 1261 3534; x_wconf 82' lang='grc' dir='ltr'>ἀλλήλοις</span> <span class='ocrx_word' id='word_1_518' title='bbox 1291 3463 1358 3515; x_wconf 79' lang='grc' dir='ltr'>τὰ</span> <span class='ocrx_word' id='word_1_519' title='bbox 1390 3463 1488 3532; x_wconf 78' lang='grc' dir='ltr'>τῆς</span> <span class='ocrx_word' id='word_1_520' title='bbox 1529 3463 1762 3527; x_wconf 88' lang='grc' dir='ltr'>διανοίας</span> <span class='ocrx_word' id='word_1_521' title='bbox 1788 3464 1944 3533; x_wconf 86' lang='grc' dir='ltr'>κινή-</span> 
     </span>
    </p>
   </div>
   <div class='ocr_carea' id='block_1_68' title="bbox 378 3552 1946 3629">
    <p class='ocr_par' dir='ltr' id='par_1_68' title="bbox 378 3552 1946 3629">
     <span class='ocr_line' id='line_1_68' title="bbox 378 3552 1946 3629; baseline -0.003 -19"><span class='ocrx_word' id='word_1_522' title='bbox 378 3575 540 3629; x_wconf 87' lang='grc' dir='ltr'>ματα.</span> <span class='ocrx_word' id='word_1_523' title='bbox 572 3556 705 3611; x_wconf 74' lang='grc' dir='ltr'>Νυνὶ</span> <span class='ocrx_word' id='word_1_524' title='bbox 745 3555 802 3607; x_wconf 85' lang='grc' dir='ltr'><strong>δὲ</strong></span> <span class='ocrx_word' id='word_1_525' title='bbox 826 3553 933 3605; x_wconf 83' lang='grc' dir='ltr'><strong>τῶν</strong></span> <span class='ocrx_word' id='word_1_526' title='bbox 961 3552 1319 3622; x_wconf 85' lang='grc' dir='ltr'>ἐγγινομένων</span> <span class='ocrx_word' id='word_1_527' title='bbox 1351 3555 1483 3623; x_wconf 83' lang='grc' dir='ltr'>ἡμῖν</span> <span class='ocrx_word' id='word_1_528' title='bbox 1521 3553 1823 3623; x_wconf 80' lang='grc' dir='ltr'>νοημάτων,</span> <span class='ocrx_word' id='word_1_529' title='bbox 1858 3552 1946 3605; x_wconf 77' lang='grc' dir='ltr'>διὰ</span> 
     </span>
    </p>
   </div>
   <div class='ocr_carea' id='block_1_69' title="bbox 373 3644 1945 3720">
    <p class='ocr_par' dir='ltr' id='par_1_69' title="bbox 373 3644 1945 3720">
     <span class='ocr_line' id='line_1_69' title="bbox 373 3644 1945 3720; baseline -0.004 -18"><span class='ocrx_word' id='word_1_530' title='bbox 373 3648 433 3703; x_wconf 77' lang='grc' dir='ltr'><strong>τὸ</strong></span> <span class='ocrx_word' id='word_1_531' title='bbox 458 3651 524 3720; x_wconf 75' lang='grc' dir='ltr'>τῇ</span> <span class='ocrx_word' id='word_1_532' title='bbox 559 3647 789 3718; x_wconf 80' lang='grc' dir='ltr'>σαρκίνῃ</span> <span class='ocrx_word' id='word_1_533' title='bbox 838 3645 1094 3716; x_wconf 76' lang='grc' dir='ltr'>περιϐολῇ</span> <span class='ocrx_word' id='word_1_534' title='bbox 1122 3644 1219 3715; x_wconf 79' lang='grc' dir='ltr'><strong>τὴν</strong></span> <span class='ocrx_word' id='word_1_535' title='bbox 1254 3644 1418 3712; x_wconf 90' lang='grc' dir='ltr'>φύσιν</span> <span class='ocrx_word' id='word_1_536' title='bbox 1447 3645 1601 3715; x_wconf 83' lang='grc' dir='ltr'>ήμῶν</span> <span class='ocrx_word' id='word_1_537' title='bbox 1640 3644 1945 3715; x_wconf 85' lang='grc' dir='ltr'>περιείργε-</span> 
     </span>
    </p>
   </div>
   <div class='ocr_carea' id='block_1_70' title="bbox 377 3733 1946 3807">
    <p class='ocr_par' dir='ltr' id='par_1_70' title="bbox 377 3733 1946 3807">
     <span class='ocr_line' id='line_1_70' title="bbox 377 3733 1946 3807; baseline -0.004 -16"><span class='ocrx_word' id='word_1_538' title='bbox 377 3739 519 3801; x_wconf 87' lang='grc' dir='ltr'>σθαι,</span> <span class='ocrx_word' id='word_1_539' title='bbox 552 3736 927 3807; x_wconf 75' lang='grc' dir='ltr'>φανερωθῆναι</span> <span class='ocrx_word' id='word_1_540' title='bbox 958 3733 1030 3804; x_wconf 81' lang='grc' dir='ltr'><strong>μὴ</strong></span> <span class='ocrx_word' id='word_1_541' title='bbox 1068 3733 1401 3803; x_wconf 86' lang='grc' dir='ltr'>δυναμένων,</span> <span class='ocrx_word' id='word_1_542' title='bbox 1432 3733 1745 3802; x_wconf 83' lang='grc' dir='ltr'>ἀναγκαίως</span> <span class='ocrx_word' id='word_1_543' title='bbox 1775 3733 1946 3787; x_wconf 83' lang='grc' dir='ltr'>καθά-</span> 
     </span>
    </p>
   </div>
   <div class='ocr_carea' id='block_1_71' title="bbox 376 3824 1945 3900">
    <p class='ocr_par' dir='ltr' id='par_1_71' title="bbox 376 3824 1945 3900">
     <span class='ocr_line' id='line_1_71' title="bbox 376 3824 1945 3900; baseline -0.004 -17"><span class='ocrx_word' id='word_1_544' title='bbox 376 3848 480 3899; x_wconf 87' lang='grc' dir='ltr'><strong>περ</strong></span> <span class='ocrx_word' id='word_1_545' title='bbox 516 3829 715 3900; x_wconf 81' lang='grc' dir='ltr'>σημεῖα</span> <span class='ocrx_word' id='word_1_546' title='bbox 746 3830 856 3890; x_wconf 88' lang='grc' dir='ltr'>τοῖς</span> <span class='ocrx_word' id='word_1_547' title='bbox 908 3827 1191 3897; x_wconf 84' lang='grc' dir='ltr'>πράγμασι</span> <span class='ocrx_word' id='word_1_548' title='bbox 1218 3825 1315 3888; x_wconf 86' lang='grc' dir='ltr'><strong>τάς</strong></span> <span class='ocrx_word' id='word_1_549' title='bbox 1346 3824 1505 3889; x_wconf 79' lang='grc' dir='ltr'>ποιὰς</span> <span class='ocrx_word' id='word_1_550' title='bbox 1536 3824 1646 3877; x_wconf 85' lang='grc' dir='ltr'><strong>τῶν</strong></span> <span class='ocrx_word' id='word_1_551' title='bbox 1668 3825 1945 3894; x_wconf 84' lang='grc' dir='ltr'>ὀνομάτων</span> 
     </span>
    </p>
   </div>
   <div class='ocr_carea' id='block_1_72' title="bbox 375 3916 1947 3986">
    <p class='ocr_par' dir='ltr' id='par_1_72' title="bbox 375 3916 1947 3986">
     <span class='ocr_line' id='line_1_72' title="bbox 375 3916 1947 3986; baseline -0.006 -10"><span class='ocrx_word' id='word_1_552' title='bbox 375 3925 552 3986; x_wconf 85' lang='grc' dir='ltr'>θέσεις</span> <span class='ocrx_word' id='word_1_553' title='bbox 584 3920 947 3983; x_wconf 78' lang='grc' dir='ltr'>ἐπιϐαλόντες,</span> <span class='ocrx_word' id='word_1_554' title='bbox 983 3920 1049 3972; x_wconf 85' lang='grc' dir='ltr'>δι’</span> <span class='ocrx_word' id='word_1_555' title='bbox 1076 3917 1297 3971; x_wconf 80' lang='grc' dir='ltr'>ἐκείνων</span> <span class='ocrx_word' id='word_1_556' title='bbox 1318 3917 1416 3979; x_wconf 83' lang='grc' dir='ltr'>τὰς</span> <span class='ocrx_word' id='word_1_557' title='bbox 1451 3916 1544 3970; x_wconf 86' lang='grc' dir='ltr'><strong>τοῦ</strong></span> <span class='ocrx_word' id='word_1_558' title='bbox 1577 3916 1667 3970; x_wconf 91' lang='grc' dir='ltr'><strong>νοῦ</strong></span> <span class='ocrx_word' id='word_1_559' title='bbox 1707 3918 1947 3986; x_wconf 83' lang='grc' dir='ltr'>κινήσεις</span> 
     </span>
    </p>
   </div>
   <div class='ocr_carea' id='block_1_73' title="bbox 374 4002 1947 4085">
    <p class='ocr_par' dir='ltr' id='par_1_73' title="bbox 374 4002 1947 4085">
     <span class='ocr_line' id='line_1_73' title="bbox 374 4002 1947 4085; baseline -0.008 -16"><span class='ocrx_word' id='word_1_560' title='bbox 374 4014 623 4085; x_wconf 84' lang='grc' dir='ltr'>ἀλλήλοις</span> <span class='ocrx_word' id='word_1_561' title='bbox 673 4009 1083 4081; x_wconf 86' lang='grc' dir='ltr'>δημοσιεύομεν.</span> <span class='ocrx_word' id='word_1_562' title='bbox 1135 4009 1198 4061; x_wconf 86' lang='grc' dir='ltr'>Εἰ</span> <span class='ocrx_word' id='word_1_563' title='bbox 1234 4008 1291 4060; x_wconf 90' lang='grc' dir='ltr'><strong>δέ</strong></span> <span class='ocrx_word' id='word_1_564' title='bbox 1337 4025 1453 4070; x_wconf 90' lang='grc' dir='ltr'><strong>πως</strong></span> <span class='ocrx_word' id='word_1_565' title='bbox 1488 4002 1556 4077; x_wconf 76' lang='grc' dir='ltr'>ἦν</span> <span class='ocrx_word' id='word_1_566' title='bbox 1599 4005 1947 4075; x_wconf 80' lang='grc' dir='ltr'>ἀπογυμνοῦν</span> 
     </span>
    </p>
   </div>
   <div class='ocr_carea' id='block_1_74' title="bbox 375 4088 1946 4177">
    <p class='ocr_par' dir='ltr' id='par_1_74' title="bbox 375 4088 1946 4177">
     <span class='ocr_line' id='line_1_74' title="bbox 375 4088 1946 4177; baseline -0.006 -19"><span class='ocrx_word' id='word_1_567' title='bbox 375 4106 577 4177; x_wconf 79' lang='grc' dir='ltr'>ἑτέρως</span> <span class='ocrx_word' id='word_1_568' title='bbox 599 4104 666 4157; x_wconf 72' lang='grc' dir='ltr'><strong>τὰ</strong></span> <span class='ocrx_word' id='word_1_569' title='bbox 688 4088 803 4173; x_wconf 37' lang='grc' dir='ltr'>τῆς.</span> <span class='ocrx_word' id='word_1_570' title='bbox 822 4102 1058 4164; x_wconf 84' lang='grc' dir='ltr'>διανοίας</span> <span class='ocrx_word' id='word_1_571' title='bbox 1094 4100 1389 4170; x_wconf 82' lang='grc' dir='ltr'>κινήματα,</span> <span class='ocrx_word' id='word_1_572' title='bbox 1424 4099 1631 4169; x_wconf 88' lang='grc' dir='ltr'>χαίρειν</span> <span class='ocrx_word' id='word_1_573' title='bbox 1655 4098 1753 4169; x_wconf 82' lang='grc' dir='ltr'><strong>τήν</strong></span> <span class='ocrx_word' id='word_1_574' title='bbox 1792 4114 1946 4167; x_wconf 67' lang='grc' dir='ltr'>περιο</span> 
     </span>
    </p>
   </div>
   <div class='ocr_carea' id='block_1_75' title="bbox 376 4189 1947 4264">
    <p class='ocr_par' dir='ltr' id='par_1_75' title="bbox 376 4189 1947 4264">
     <span class='ocr_line' id='line_1_75' title="bbox 376 4189 1947 4264; baseline -0.006 -14"><span class='ocrx_word' id='word_1_575' title='bbox 376 4196 559 4264; x_wconf 85' lang='grc' dir='ltr'>οδικὴν</span> <span class='ocrx_word' id='word_1_576' title='bbox 586 4194 693 4247; x_wconf 84' lang='grc' dir='ltr'><strong>τῶν</strong></span> <span class='ocrx_word' id='word_1_577' title='bbox 733 4192 1010 4263; x_wconf 85' lang='grc' dir='ltr'>ὀνομάτων</span> <span class='ocrx_word' id='word_1_578' title='bbox 1059 4190 1358 4262; x_wconf 80' lang='grc' dir='ltr'>ὑπηρεσίαν</span> <span class='ocrx_word' id='word_1_579' title='bbox 1394 4190 1667 4253; x_wconf 88' lang='grc' dir='ltr'>ἐάσαντες,</span> <span class='ocrx_word' id='word_1_580' title='bbox 1684 4189 1947 4259; x_wconf 83' lang='grc' dir='ltr'>τηλαυγέ-</span> 
     </span>
    </p>
   </div>
   <div class='ocr_carea' id='block_1_76' title="bbox 2042 3011 3618 3081">
    <p class='ocr_par' dir='ltr' id='par_1_76' title="bbox 2042 3011 3618 3081">
     <span class='ocr_line' id='line_1_76' title="bbox 2042 3011 3618 3081; baseline -0.005 -9"><span class='ocrx_word' id='word_1_581' title='bbox 2042 3020 2245 3072; x_wconf 88' lang='lat' dir='ltr'><strong>minat:</strong></span> <span class='ocrx_word' id='word_1_582' title='bbox 2289 3031 2413 3070; x_wconf 90' lang='lat' dir='ltr'><strong>nam</strong></span> <span class='ocrx_word' id='word_1_583' title='bbox 2465 3016 2518 3069; x_wconf 93' lang='lat' dir='ltr'><strong>in</strong></span> <span class='ocrx_word' id='word_1_584' title='bbox 2561 3024 2758 3070; x_wconf 89' lang='lat' dir='ltr'><strong>natura</strong></span> <span class='ocrx_word' id='word_1_585' title='bbox 2804 3013 3149 3069; x_wconf 87' lang='lat' dir='ltr'><strong>immateriali</strong></span> <span class='ocrx_word' id='word_1_586' title='bbox 3180 3022 3235 3067; x_wconf 89' lang='lat' dir='ltr'><strong>et</strong></span> <span class='ocrx_word' id='word_1_587' title='bbox 3268 3011 3618 3081; x_wconf 84' lang='lat' dir='ltr'><strong>intelligente,</strong></span> 
     </span>
    </p>
   </div>
   <div class='ocr_carea' id='block_1_77' title="bbox 2044 3099 3621 3178">
    <p class='ocr_par' dir='ltr' id='par_1_77' title="bbox 2044 3099 3621 3178">
     <span class='ocr_line' id='line_1_77' title="bbox 2044 3099 3621 3178; baseline -0.006 -15"><span class='ocrx_word' id='word_1_588' title='bbox 2044 3116 2199 3164; x_wconf 80' lang='lat' dir='ltr'><strong>actus</strong></span> <span class='ocrx_word' id='word_1_589' title='bbox 2227 3108 2320 3178; x_wconf 87' lang='lat' dir='ltr'><strong>qui</strong></span> <span class='ocrx_word' id='word_1_590' title='bbox 2356 3107 2413 3160; x_wconf 84' lang='lat' dir='ltr'><strong>lit</strong></span> <span class='ocrx_word' id='word_1_591' title='bbox 2460 3106 2758 3162; x_wconf 89' lang='lat' dir='ltr'><strong>secundum</strong></span> <span class='ocrx_word' id='word_1_592' title='bbox 2796 3113 3049 3168; x_wconf 91' lang='lat' dir='ltr'><strong>mentem,</strong></span> <span class='ocrx_word' id='word_1_593' title='bbox 3104 3117 3283 3158; x_wconf 90' lang='lat' dir='ltr'><strong>sermo</strong></span> <span class='ocrx_word' id='word_1_594' title='bbox 3335 3109 3439 3164; x_wconf 87' lang='lat' dir='ltr'><strong>est,</strong></span> <span class='ocrx_word' id='word_1_595' title='bbox 3484 3099 3621 3159; x_wconf 87' lang='lat' dir='ltr'><strong>nihil</strong></span> 
     </span>
    </p>
   </div>
   <div class='ocr_carea' id='block_1_78' title="bbox 2043 3189 3611 3254">
    <p class='ocr_par' dir='ltr' id='par_1_78' title="bbox 2043 3189 3611 3254">
     <span class='ocr_line' id='line_1_78' title="bbox 2043 3189 3611 3254; baseline -0.008 -1"><span class='ocrx_word' id='word_1_596' title='bbox 2043 3200 2306 3254; x_wconf 86' lang='lat' dir='ltr'><strong>materiali</strong></span> <span class='ocrx_word' id='word_1_597' title='bbox 2336 3199 2823 3253; x_wconf 78' lang='lat' dir='ltr'><strong>instrumentorum</strong></span> <span class='ocrx_word' id='word_1_598' title='bbox 2861 3194 3162 3250; x_wconf 88' lang='lat' dir='ltr'><strong>ministerio</strong></span> <span class='ocrx_word' id='word_1_599' title='bbox 3189 3200 3367 3248; x_wconf 90' lang='lat' dir='ltr'><strong>utens.</strong></span> <span class='ocrx_word' id='word_1_600' title='bbox 3394 3189 3611 3243; x_wconf 73' lang='lat' dir='ltr'><strong>Etenim</strong></span> 
     </span>
    </p>
   </div>
   <div class='ocr_carea' id='block_1_79' title="bbox 2046 3281 3618 3350">
    <p class='ocr_par' dir='ltr' id='par_1_79' title="bbox 2046 3281 3618 3350">
     <span class='ocr_line' id='line_1_79' title="bbox 2046 3281 3618 3350; baseline -0.009 -5"><span class='ocrx_word' id='word_1_601' title='bbox 2046 3292 2099 3345; x_wconf 91' lang='lat' dir='ltr'><strong>in</strong></span> <span class='ocrx_word' id='word_1_602' title='bbox 2124 3292 2359 3344; x_wconf 88' lang='lat' dir='ltr'><strong>humana</strong></span> <span class='ocrx_word' id='word_1_603' title='bbox 2385 3297 2602 3350; x_wconf 88' lang='lat' dir='ltr'><strong>natura,</strong></span> <span class='ocrx_word' id='word_1_604' title='bbox 2630 3303 2737 3341; x_wconf 92' lang='lat' dir='ltr'><strong>non</strong></span> <span class='ocrx_word' id='word_1_605' title='bbox 2758 3286 2919 3340; x_wconf 88' lang='lat' dir='ltr'><strong>nobis</strong></span> <span class='ocrx_word' id='word_1_606' title='bbox 2939 3285 3229 3339; x_wconf 86' lang='lat' dir='ltr'><strong>verborum</strong></span> <span class='ocrx_word' id='word_1_607' title='bbox 3256 3290 3309 3337; x_wconf 86' lang='lat' dir='ltr'><strong>et</strong></span> <span class='ocrx_word' id='word_1_608' title='bbox 3338 3281 3618 3336; x_wconf 84' lang='lat' dir='ltr'><strong>nominum</strong></span> 
     </span>
    </p>
   </div>
   <div class='ocr_carea' id='block_1_80' title="bbox 2047 3370 3624 3451">
    <p class='ocr_par' dir='ltr' id='par_1_80' title="bbox 2047 3370 3624 3451">
     <span class='ocr_line' id='line_1_80' title="bbox 2047 3370 3624 3451; baseline -0.008 -16"><span class='ocrx_word' id='word_1_609' title='bbox 2047 3398 2148 3437; x_wconf 91' lang='lat' dir='ltr'><strong>usu</strong></span> <span class='ocrx_word' id='word_1_610' title='bbox 2187 3396 2325 3451; x_wconf 90' lang='lat' dir='ltr'><strong>opus</strong></span> <span class='ocrx_word' id='word_1_611' title='bbox 2362 3385 2530 3443; x_wconf 86' lang='lat' dir='ltr'><strong>esset,</strong></span> <span class='ocrx_word' id='word_1_612' title='bbox 2572 3379 2617 3433; x_wconf 90' lang='lat' dir='ltr'><strong>si</strong></span> <span class='ocrx_word' id='word_1_613' title='bbox 2655 3390 2941 3448; x_wconf 86' lang='lat' dir='ltr'><strong>possemus</strong></span> <span class='ocrx_word' id='word_1_614' title='bbox 2972 3374 3148 3429; x_wconf 87' lang='lat' dir='ltr'><strong>nudas</strong></span> <span class='ocrx_word' id='word_1_615' title='bbox 3194 3373 3391 3427; x_wconf 90' lang='lat' dir='ltr'><strong>mentis</strong></span> <span class='ocrx_word' id='word_1_616' title='bbox 3427 3370 3624 3440; x_wconf 81' lang='lat' dir='ltr'><strong>impul-</strong></span> 
     </span>
    </p>
   </div>
   <div class='ocr_carea' id='block_1_81' title="bbox 2047 3465 3623 3537">
    <p class='ocr_par' dir='ltr' id='par_1_81' title="bbox 2047 3465 3623 3537">
     <span class='ocr_line' id='line_1_81' title="bbox 2047 3465 3623 3537; baseline -0.008 -11"><span class='ocrx_word' id='word_1_617' title='bbox 2047 3473 2249 3535; x_wconf 88' lang='lat' dir='ltr'><strong>siones,</strong></span> <span class='ocrx_word' id='word_1_618' title='bbox 2280 3480 2333 3525; x_wconf 87' lang='lat' dir='ltr'><strong>et</strong></span> <span class='ocrx_word' id='word_1_619' title='bbox 2368 3471 2535 3525; x_wconf 84' lang='lat' dir='ltr'><strong>animi</strong></span> <span class='ocrx_word' id='word_1_620' title='bbox 2564 3483 2725 3525; x_wconf 85' lang='lat' dir='ltr'><strong>sensa</strong></span> <span class='ocrx_word' id='word_1_621' title='bbox 2749 3466 3076 3537; x_wconf 82' lang='lat' dir='ltr'><strong>patefacere.</strong></span> <span class='ocrx_word' id='word_1_622' title='bbox 3110 3465 3263 3518; x_wconf 81' lang='lat' dir='ltr'><strong>Nunc</strong></span> <span class='ocrx_word' id='word_1_623' title='bbox 3293 3469 3472 3518; x_wconf 91' lang='lat' dir='ltr'><strong>autem</strong></span> <span class='ocrx_word' id='word_1_624' title='bbox 3494 3474 3623 3515; x_wconf 87' lang='lat' dir='ltr'><strong>cum</strong></span> 
     </span>
    </p>
   </div>
   <div class='ocr_carea' id='block_1_82' title="bbox 2047 3548 3623 3630">
    <p class='ocr_par' dir='ltr' id='par_1_82' title="bbox 2047 3548 3623 3630">
     <span class='ocr_line' id='line_1_82' title="bbox 2047 3548 3623 3630; baseline -0.009 -14"><span class='ocrx_word' id='word_1_625' title='bbox 2047 3564 2101 3617; x_wconf 89' lang='lat' dir='ltr'><strong>in</strong></span> <span class='ocrx_word' id='word_1_626' title='bbox 2135 3564 2288 3617; x_wconf 86' lang='lat' dir='ltr'><strong>nobis</strong></span> <span class='ocrx_word' id='word_1_627' title='bbox 2345 3562 2594 3616; x_wconf 86' lang='lat' dir='ltr'><strong>notiones</strong></span> <span class='ocrx_word' id='word_1_628' title='bbox 2646 3560 3064 3630; x_wconf 81' lang='lat' dir='ltr'><strong>ingeneren’tur,</strong></span> <span class='ocrx_word' id='word_1_629' title='bbox 3123 3560 3411 3625; x_wconf 86' lang='lat' dir='ltr'><strong>propterea</strong></span> <span class='ocrx_word' id='word_1_630' title='bbox 3476 3548 3623 3619; x_wconf 89' lang='lat' dir='ltr'><strong>quod</strong></span> 
     </span>
    </p>
   </div>
   <div class='ocr_carea' id='block_1_83' title="bbox 2047 3645 3623 3717">
    <p class='ocr_par' dir='ltr' id='par_1_83' title="bbox 2047 3645 3623 3717">
     <span class='ocr_line' id='line_1_83' title="bbox 2047 3645 3623 3717; baseline -0.009 -11"><span class='ocrx_word' id='word_1_631' title='bbox 2047 3653 2249 3707; x_wconf 85' lang='lat' dir='ltr'><strong>carnali</strong></span> <span class='ocrx_word' id='word_1_632' title='bbox 2282 3652 2481 3705; x_wconf 90' lang='lat' dir='ltr'><strong>amictu</strong></span> <span class='ocrx_word' id='word_1_633' title='bbox 2519 3657 2712 3703; x_wconf 88' lang='lat' dir='ltr'><strong>natura</strong></span> <span class='ocrx_word' id='word_1_634' title='bbox 2742 3645 3035 3717; x_wconf 62' lang='lat' dir='ltr'><strong>prmpedita</strong></span> <span class='ocrx_word' id='word_1_635' title='bbox 3063 3651 3169 3706; x_wconf 87' lang='lat' dir='ltr'><strong>est,</strong></span> <span class='ocrx_word' id='word_1_636' title='bbox 3198 3658 3322 3696; x_wconf 92' lang='lat' dir='ltr'><strong>cum</strong></span> <span class='ocrx_word' id='word_1_637' title='bbox 3350 3654 3459 3694; x_wconf 91' lang='lat' dir='ltr'><strong>non</strong></span> <span class='ocrx_word' id='word_1_638' title='bbox 3490 3652 3623 3707; x_wconf 86' lang='lat' dir='ltr'><strong>pos-</strong></span> 
     </span>
    </p>
   </div>
   <div class='ocr_carea' id='block_1_84' title="bbox 2047 3728 3624 3805">
    <p class='ocr_par' dir='ltr' id='par_1_84' title="bbox 2047 3728 3624 3805">
     <span class='ocr_line' id='line_1_84' title="bbox 2047 3728 3624 3805; baseline -0.01 -7"><span class='ocrx_word' id='word_1_639' title='bbox 2047 3745 2157 3798; x_wconf 86' lang='lat' dir='ltr'><strong>sint</strong></span> <span class='ocrx_word' id='word_1_640' title='bbox 2201 3742 2496 3805; x_wconf 88' lang='lat' dir='ltr'><strong>declarari,</strong></span> <span class='ocrx_word' id='word_1_641' title='bbox 2540 3738 2854 3793; x_wconf 87' lang='lat' dir='ltr'><strong>necessario</strong></span> <span class='ocrx_word' id='word_1_642' title='bbox 2902 3745 3159 3805; x_wconf 88' lang='lat' dir='ltr'><strong>tanquam</strong></span> <span class='ocrx_word' id='word_1_643' title='bbox 3193 3732 3365 3801; x_wconf 84' lang='lat' dir='ltr'><strong>signis</strong></span> <span class='ocrx_word' id='word_1_644' title='bbox 3390 3737 3444 3785; x_wconf 89' lang='lat' dir='ltr'><strong>et</strong></span> <span class='ocrx_word' id='word_1_645' title='bbox 3476 3728 3624 3783; x_wconf 87' lang='lat' dir='ltr'><strong>notis</strong></span> 
     </span>
    </p>
   </div>
   <div class='ocr_carea' id='block_1_85' title="bbox 2046 3820 3624 3904">
    <p class='ocr_par' dir='ltr' id='par_1_85' title="bbox 2046 3820 3624 3904">
     <span class='ocr_line' id='line_1_85' title="bbox 2046 3820 3624 3904; baseline -0.01 -17"><span class='ocrx_word' id='word_1_646' title='bbox 2046 3833 2376 3904; x_wconf 86' lang='lat' dir='ltr'><strong>quibusdam</strong></span> <span class='ocrx_word' id='word_1_647' title='bbox 2423 3830 2738 3885; x_wconf 89' lang='lat' dir='ltr'><strong>nominibus</strong></span> <span class='ocrx_word' id='word_1_648' title='bbox 2768 3826 3038 3898; x_wconf 85' lang='lat' dir='ltr'><strong>impositis</strong></span> <span class='ocrx_word' id='word_1_649' title='bbox 3068 3825 3189 3878; x_wconf 87' lang='lat' dir='ltr'><strong>illas</strong></span> <span class='ocrx_word' id='word_1_650' title='bbox 3216 3821 3413 3876; x_wconf 88' lang='lat' dir='ltr'><strong>mentis</strong></span> <span class='ocrx_word' id='word_1_651' title='bbox 3444 3820 3624 3874; x_wconf 89' lang='lat' dir='ltr'><strong>notio-</strong></span> 
     </span>
    </p>
   </div>
   <div class='ocr_carea' id='block_1_86' title="bbox 2050 3907 3622 3990">
    <p class='ocr_par' dir='ltr' id='par_1_86' title="bbox 2050 3907 3622 3990">
     <span class='ocr_line' id='line_1_86' title="bbox 2050 3907 3622 3990; baseline -0.009 -12"><span class='ocrx_word' id='word_1_652' title='bbox 2050 3940 2145 3979; x_wconf 88' lang='lat' dir='ltr'><strong>nes</strong></span> <span class='ocrx_word' id='word_1_653' title='bbox 2194 3923 2439 3978; x_wconf 89' lang='lat' dir='ltr'><strong>vicisslm</strong></span> <span class='ocrx_word' id='word_1_654' title='bbox 2493 3919 2885 3990; x_wconf 80' lang='lat' dir='ltr'><strong>expromimus.</strong></span> <span class='ocrx_word' id='word_1_655' title='bbox 2920 3915 3073 3983; x_wconf 83' lang='lat' dir='ltr'><strong>Quod</strong></span> <span class='ocrx_word' id='word_1_656' title='bbox 3123 3914 3168 3968; x_wconf 90' lang='lat' dir='ltr'><strong>si</strong></span> <span class='ocrx_word' id='word_1_657' title='bbox 3223 3912 3406 3981; x_wconf 88' lang='lat' dir='ltr'><strong>aliquo</strong></span> <span class='ocrx_word' id='word_1_658' title='bbox 3460 3907 3622 3964; x_wconf 91' lang='lat' dir='ltr'><strong>modo</strong></span> 
     </span>
    </p>
   </div>
   <div class='ocr_carea' id='block_1_87' title="bbox 2049 3997 3619 4084">
    <p class='ocr_par' dir='ltr' id='par_1_87' title="bbox 2049 3997 3619 4084">
     <span class='ocr_line' id='line_1_87' title="bbox 2049 3997 3619 4084; baseline -0.011 -15"><span class='ocrx_word' id='word_1_659' title='bbox 2049 3997 2232 4071; x_wconf 80' lang='lat' dir='ltr'><strong>liceret</strong></span> <span class='ocrx_word' id='word_1_660' title='bbox 2251 4012 2601 4084; x_wconf 85' lang='lat' dir='ltr'><strong>cogitationis</strong></span> <span class='ocrx_word' id='word_1_661' title='bbox 2620 4010 2944 4082; x_wconf 88' lang='lat' dir='ltr'><strong>agitationes</strong></span> <span class='ocrx_word' id='word_1_662' title='bbox 2968 4005 3264 4068; x_wconf 90' lang='lat' dir='ltr'><strong>denudare,</strong></span> <span class='ocrx_word' id='word_1_663' title='bbox 3286 3999 3619 4071; x_wconf 90' lang='lat' dir='ltr'><strong>periodicam</strong></span> 
     </span>
    </p>
   </div>
   <div class='ocr_carea' id='block_1_88' title="bbox 2048 4090 3624 4174">
    <p class='ocr_par' dir='ltr' id='par_1_88' title="bbox 2048 4090 3624 4174">
     <span class='ocr_line' id='line_1_88' title="bbox 2048 4090 3624 4174; baseline -0.013 -13"><span class='ocrx_word' id='word_1_664' title='bbox 2048 4106 2329 4162; x_wconf 84' lang='lat' dir='ltr'><strong>nominum</strong></span> <span class='ocrx_word' id='word_1_665' title='bbox 2384 4118 2607 4174; x_wconf 89' lang='lat' dir='ltr'><strong>operam</strong></span> <span class='ocrx_word' id='word_1_666' title='bbox 2659 4102 2840 4155; x_wconf 88' lang='lat' dir='ltr'><strong>valere</strong></span> <span class='ocrx_word' id='word_1_667' title='bbox 2896 4099 3175 4168; x_wconf 75' lang='lat' dir='ltr'><strong>iubentes,</strong></span> <span class='ocrx_word' id='word_1_668' title='bbox 3233 4090 3528 4161; x_wconf 82' lang='lat' dir='ltr'><strong>fulgentius</strong></span> <span class='ocrx_word' id='word_1_669' title='bbox 3567 4095 3624 4143; x_wconf 84' lang='lat' dir='ltr'><strong>et</strong></span> 
     </span>
    </p>
   </div>
   <div class='ocr_carea' id='block_1_89' title="bbox 2048 4185 3623 4267">
    <p class='ocr_par' dir='ltr' id='par_1_89' title="bbox 2048 4185 3623 4267">
     <span class='ocr_line' id='line_1_89' title="bbox 2048 4185 3623 4267; baseline -0.013 -16"><span class='ocrx_word' id='word_1_670' title='bbox 2048 4197 2241 4267; x_wconf 87' lang='lat' dir='ltr'><strong>purius</strong></span> <span class='ocrx_word' id='word_1_671' title='bbox 2266 4196 2407 4249; x_wconf 89' lang='lat' dir='ltr'><strong>inter</strong></span> <span class='ocrx_word' id='word_1_672' title='bbox 2428 4207 2531 4249; x_wconf 92' lang='lat' dir='ltr'><strong>nos</strong></span> <span class='ocrx_word' id='word_1_673' title='bbox 2561 4203 3035 4251; x_wconf 88' lang='lat' dir='ltr'><strong>conversaremur,</strong></span> <span class='ocrx_word' id='word_1_674' title='bbox 3062 4185 3233 4254; x_wconf 89' lang='lat' dir='ltr'><strong>ipsam</strong></span> <span class='ocrx_word' id='word_1_675' title='bbox 3257 4196 3439 4237; x_wconf 90' lang='lat' dir='ltr'><strong>rerum</strong></span> <span class='ocrx_word' id='word_1_676' title='bbox 3464 4186 3623 4234; x_wconf 87' lang='lat' dir='ltr'><strong>natu-</strong></span> 
     </span>
    </p>
   </div>
   <div class='ocr_carea' id='block_1_90' title="bbox 378 4262 1944 4357">
    <p class='ocr_par' dir='ltr' id='par_1_90' title="bbox 378 4262 1941 4357">
     <span class='ocr_line' id='line_1_90' title="bbox 378 4262 1941 4357; baseline -0.007 -16"><span class='ocrx_word' id='word_1_677' title='bbox 378 4262 566 4357; x_wconf 58' lang='grc' dir='ltr'>σαι-ερον</span> <span class='ocrx_word' id='word_1_678' title='bbox 594 4285 660 4338; x_wconf 81' lang='grc' dir='ltr'><strong>ἂν</strong></span> <span class='ocrx_word' id='word_1_679' title='bbox 686 4284 779 4337; x_wconf 76' lang='grc' dir='ltr'><strong>καὶ</strong></span> <span class='ocrx_word' id='word_1_680' title='bbox 820 4262 1199 4353; x_wconf 86' lang='grc' dir='ltr'>καθαρώτερον</span> <span class='ocrx_word' id='word_1_681' title='bbox 1234 4280 1484 4352; x_wconf 84' lang='grc' dir='ltr'>ἀλλήλοις</span> <span class='ocrx_word' id='word_1_682' title='bbox 1524 4278 1941 4349; x_wconf 78' lang='grc' dir='ltr'>συνεγενόμεθα,</span> 
     </span>
    </p>
   </div>
   <div class='ocr_carea' id='block_1_91' title="bbox 2048 4262 3623 4357">
    <p class='ocr_par' dir='ltr' id='par_1_91' title="bbox 2049 4262 3623 4357">
     <span class='ocr_line' id='line_1_91' title="bbox 2049 4262 3623 4357; baseline -0.013 -12"><span class='ocrx_word' id='word_1_683' title='bbox 2049 4262 2189 4352; x_wconf 80' lang='lat' dir='ltr'><strong>ram,</strong></span> <span class='ocrx_word' id='word_1_684' title='bbox 2228 4289 2281 4341; x_wconf 90' lang='lat' dir='ltr'><strong>in</strong></span> <span class='ocrx_word' id='word_1_685' title='bbox 2321 4300 2429 4357; x_wconf 87' lang='lat' dir='ltr'><strong>qua</strong></span> <span class='ocrx_word' id='word_1_686' title='bbox 2475 4300 2631 4339; x_wconf 91' lang='lat' dir='ltr'><strong>mens</strong></span> <span class='ocrx_word' id='word_1_687' title='bbox 2664 4289 2984 4351; x_wconf 84' lang='lat' dir='ltr'><strong>occupatur,</strong></span> <span class='ocrx_word' id='word_1_688' title='bbox 3035 4273 3381 4346; x_wconf 81' lang='lat' dir='ltr'><strong>cogitationis</strong></span> <span class='ocrx_word' id='word_1_689' title='bbox 3426 4268 3623 4340; x_wconf 82' lang='lat' dir='ltr'><strong>impul-</strong></span> 
     </span>
    </p>
   </div>
   <div class='ocr_carea' id='block_1_92' title="bbox 377 4367 1947 4446">
    <p class='ocr_par' dir='ltr' id='par_1_92' title="bbox 377 4367 1947 4446">
     <span class='ocr_line' id='line_1_92' title="bbox 377 4367 1947 4446; baseline -0.006 -16"><span class='ocrx_word' id='word_1_690' title='bbox 377 4377 545 4446; x_wconf 80' lang='grc' dir='ltr'>αὑτὴν</span> <span class='ocrx_word' id='word_1_691' title='bbox 581 4373 680 4444; x_wconf 82' lang='grc' dir='ltr'>τὴν</span> <span class='ocrx_word' id='word_1_692' title='bbox 720 4372 829 4426; x_wconf 83' lang='grc' dir='ltr'><strong>τῶν</strong></span> <span class='ocrx_word' id='word_1_693' title='bbox 878 4370 1219 4442; x_wconf 86' lang='grc' dir='ltr'>πραγμάτων</span> <span class='ocrx_word' id='word_1_694' title='bbox 1277 4370 1455 4439; x_wconf 84' lang='grc' dir='ltr'>φύσιν,</span> <span class='ocrx_word' id='word_1_695' title='bbox 1488 4370 1615 4440; x_wconf 77' lang='grc' dir='ltr'>περὶ</span> <span class='ocrx_word' id='word_1_696' title='bbox 1652 4371 1717 4438; x_wconf 79' lang='grc' dir='ltr'>ἣν</span> <span class='ocrx_word' id='word_1_697' title='bbox 1756 4370 1784 4421; x_wconf 88' lang='grc' dir='ltr'>ὁ</span> <span class='ocrx_word' id='word_1_698' title='bbox 1823 4367 1947 4433; x_wconf 89' lang='grc' dir='ltr'>νοῦς</span> 
     </span>
    </p>
   </div>
   <div class='ocr_carea' id='block_1_93' title="bbox 378 4461 1941 4536">
    <p class='ocr_par' dir='ltr' id='par_1_93' title="bbox 378 4461 1941 4536">
     <span class='ocr_line' id='line_1_93' title="bbox 378 4461 1941 4536; baseline -0.004 -15"><span class='ocrx_word' id='word_1_699' title='bbox 378 4466 728 4536; x_wconf 83' lang='grc' dir='ltr'>καταγίνεται</span> <span class='ocrx_word' id='word_1_700' title='bbox 758 4465 876 4527; x_wconf 86' lang='grc' dir='ltr'>ταῖς</span> <span class='ocrx_word' id='word_1_701' title='bbox 897 4462 996 4533; x_wconf 85' lang='grc' dir='ltr'>τῆς</span> <span class='ocrx_word' id='word_1_702' title='bbox 1016 4462 1253 4525; x_wconf 82' lang='grc' dir='ltr'>διανοίας</span> <span class='ocrx_word' id='word_1_703' title='bbox 1272 4464 1467 4533; x_wconf 84' lang='grc' dir='ltr'>ὁρμαῖς</span> <span class='ocrx_word' id='word_1_704' title='bbox 1494 4461 1941 4524; x_wconf 80' lang='grc' dir='ltr'>ἐκκαλύπτοντες.</span> 
     </span>
    </p>
   </div>
   <div class='ocr_carea' id='block_1_94' title="bbox 377 4553 1947 4625">
    <p class='ocr_par' dir='ltr' id='par_1_94' title="bbox 377 4553 1947 4625">
     <span class='ocr_line' id='line_1_94' title="bbox 377 4553 1947 4625; baseline -0.004 -12"><span class='ocrx_word' id='word_1_705' title='bbox 377 4560 514 4613; x_wconf 72' lang='grc' dir='ltr'>Νυνὶ</span> <span class='ocrx_word' id='word_1_706' title='bbox 550 4559 608 4611; x_wconf 82' lang='grc' dir='ltr'>δὲ</span> <span class='ocrx_word' id='word_1_707' title='bbox 646 4554 832 4610; x_wconf 86' lang='grc' dir='ltr'>τούτου</span> <span class='ocrx_word' id='word_1_708' title='bbox 883 4554 1039 4625; x_wconf 86' lang='grc' dir='ltr'>χάριν</span> <span class='ocrx_word' id='word_1_709' title='bbox 1077 4553 1150 4624; x_wconf 85' lang='grc' dir='ltr'>τῷ</span> <span class='ocrx_word' id='word_1_710' title='bbox 1183 4554 1283 4623; x_wconf 87' lang='grc' dir='ltr'><strong>μέν</strong></span> <span class='ocrx_word' id='word_1_711' title='bbox 1314 4570 1417 4606; x_wconf 89' lang='grc' dir='ltr'>τινι</span> <span class='ocrx_word' id='word_1_712' title='bbox 1443 4553 1548 4605; x_wconf 85' lang='grc' dir='ltr'><strong>τῶν</strong></span> <span class='ocrx_word' id='word_1_713' title='bbox 1576 4553 1741 4605; x_wconf 76' lang='grc' dir='ltr'>ὄντων</span> <span class='ocrx_word' id='word_1_714' title='bbox 1775 4553 1947 4624; x_wconf 80' lang='grc' dir='ltr'>ὅνομα</span> 
     </span>
    </p>
   </div>
   <div class='ocr_carea' id='block_1_95' title="bbox 378 4644 1943 4723">
    <p class='ocr_par' dir='ltr' id='par_1_95' title="bbox 378 4644 1943 4723">
     <span class='ocr_line' id='line_1_95' title="bbox 378 4644 1943 4723; baseline -0.004 -18"><span class='ocrx_word' id='word_1_715' title='bbox 378 4650 602 4723; x_wconf 77' lang='grc' dir='ltr'>οὐρανὸν</span> <span class='ocrx_word' id='word_1_716' title='bbox 648 4646 901 4719; x_wconf 88' lang='grc' dir='ltr'>ἐθέμεθα,</span> <span class='ocrx_word' id='word_1_717' title='bbox 938 4646 1109 4718; x_wconf 86' lang='grc' dir='ltr'>ἐτέρῳ</span> <span class='ocrx_word' id='word_1_718' title='bbox 1147 4646 1203 4699; x_wconf 83' lang='grc' dir='ltr'>δὲ</span> <span class='ocrx_word' id='word_1_719' title='bbox 1246 4646 1367 4714; x_wconf 81' lang='grc' dir='ltr'>γῆν,</span> <span class='ocrx_word' id='word_1_720' title='bbox 1400 4646 1493 4698; x_wconf 57' lang='grc' dir='ltr'><strong>καὶ⁸</strong></span> <span class='ocrx_word' id='word_1_721' title='bbox 1532 4646 1675 4716; x_wconf 75' lang='grc' dir='ltr'>ἄλλῳ</span> <span class='ocrx_word' id='word_1_722' title='bbox 1710 4644 1836 4699; x_wconf 80' lang='grc' dir='ltr'>ἄλλο</span> <span class='ocrx_word' id='word_1_723' title='bbox 1871 4662 1943 4699; x_wconf 88' lang='grc' dir='ltr'>τι.</span> 
     </span>
    </p>
   </div>
   <div class='ocr_carea' id='block_1_96' title="bbox 379 4736 1948 4812">
    <p class='ocr_par' dir='ltr' id='par_1_96' title="bbox 379 4736 1948 4812">
     <span class='ocr_line' id='line_1_96' title="bbox 379 4736 1948 4812; baseline -0.007 -14"><span class='ocrx_word' id='word_1_724' title='bbox 379 4743 489 4798; x_wconf 76' lang='grc' dir='ltr'>Καὶ</span> <span class='ocrx_word' id='word_1_725' title='bbox 535 4743 595 4795; x_wconf 79' lang='grc' dir='ltr'>τὸ</span> <span class='ocrx_word' id='word_1_726' title='bbox 628 4742 760 4812; x_wconf 85' lang='grc' dir='ltr'>πρός</span> <span class='ocrx_word' id='word_1_727' title='bbox 796 4738 848 4791; x_wconf 88' lang='grc' dir='ltr'><strong>τί</strong></span> <span class='ocrx_word' id='word_1_728' title='bbox 879 4755 994 4801; x_wconf 89' lang='grc' dir='ltr'><strong>πως</strong></span> <span class='ocrx_word' id='word_1_729' title='bbox 1042 4736 1258 4807; x_wconf 81' lang='grc' dir='ltr'>ἐχειν,ἣ</span> <span class='ocrx_word' id='word_1_730' title='bbox 1299 4736 1360 4787; x_wconf 87' lang='grc' dir='ltr'>τὸ</span> <span class='ocrx_word' id='word_1_731' title='bbox 1406 4736 1721 4807; x_wconf 81' lang='grc' dir='ltr'>ἐνεργεῖν,ἢ</span> <span class='ocrx_word' id='word_1_732' title='bbox 1756 4737 1815 4789; x_wconf 83' lang='grc' dir='ltr'><strong>τὸ</strong></span> <span class='ocrx_word' id='word_1_733' title='bbox 1844 4737 1948 4790; x_wconf 83' lang='grc' dir='ltr'>πά-</span> 
     </span>
    </p>
   </div>
   <div class='ocr_carea' id='block_1_97' title="bbox 381 4827 1952 4905">
    <p class='ocr_par' dir='ltr' id='par_1_97' title="bbox 381 4827 1952 4905">
     <span class='ocr_line' id='line_1_97' title="bbox 381 4827 1952 4905; baseline -0.004 -18"><span class='ocrx_word' id='word_1_734' title='bbox 381 4852 549 4905; x_wconf 85' lang='grc' dir='ltr'>σχειν,</span> <span class='ocrx_word' id='word_1_735' title='bbox 580 4834 755 4887; x_wconf 87' lang='grc' dir='ltr'>πάντα</span> <span class='ocrx_word' id='word_1_736' title='bbox 778 4830 945 4883; x_wconf 85' lang='grc' dir='ltr'>ταῦτα</span> <span class='ocrx_word' id='word_1_737' title='bbox 984 4828 1303 4890; x_wconf 75' lang='grc' dir='ltr'>ἰδιαζούσαις</span> <span class='ocrx_word' id='word_1_738' title='bbox 1335 4827 1805 4896; x_wconf 85' lang='grc' dir='ltr'>ἐπισημαινόμεθα</span> <span class='ocrx_word' id='word_1_739' title='bbox 1832 4830 1952 4891; x_wconf 84' lang='grc' dir='ltr'>ταῖς</span> 
     </span>
    </p>
   </div>
   <div class='ocr_carea' id='block_1_98' title="bbox 380 4918 1951 4995">
    <p class='ocr_par' dir='ltr' id='par_1_98' title="bbox 380 4918 1951 4995">
     <span class='ocr_line' id='line_1_98' title="bbox 380 4918 1951 4995; baseline -0.005 -17"><span class='ocrx_word' id='word_1_740' title='bbox 380 4927 586 4995; x_wconf 83' lang='grc' dir='ltr'>φωναῖς</span> <span class='ocrx_word' id='word_1_741' title='bbox 602 4924 704 4987; x_wconf 83' lang='grc' dir='ltr'><strong>’ὡς</strong></span> <span class='ocrx_word' id='word_1_742' title='bbox 733 4924 798 4976; x_wconf 83' lang='grc' dir='ltr'>ἂν</span> <span class='ocrx_word' id='word_1_743' title='bbox 827 4921 901 4992; x_wconf 83' lang='grc' dir='ltr'>μὴ</span> <span class='ocrx_word' id='word_1_744' title='bbox 925 4919 1281 4989; x_wconf 80' lang='grc' dir='ltr'>άκοινώνητός</span> <span class='ocrx_word' id='word_1_745' title='bbox 1299 4936 1357 4970; x_wconf 91' lang='grc' dir='ltr'><strong>τε</strong></span> <span class='ocrx_word' id='word_1_746' title='bbox 1378 4920 1470 4973; x_wconf 77' lang='grc' dir='ltr'><strong>καὶ</strong></span> <span class='ocrx_word' id='word_1_747' title='bbox 1492 4921 1765 4988; x_wconf 79' lang='grc' dir='ltr'>ἄγνωστος</span> <span class='ocrx_word' id='word_1_748' title='bbox 1791 4921 1822 4989; x_wconf 88' lang='grc' dir='ltr'><strong>ή</strong></span> <span class='ocrx_word' id='word_1_749' title='bbox 1857 4918 1951 4971; x_wconf 87' lang='grc' dir='ltr'><strong>τοῦ</strong></span> 
     </span>
    </p>
   </div>
   <div class='ocr_carea' id='block_1_99' title="bbox 379 4996 1955 5084">
    <p class='ocr_par' dir='ltr' id='par_1_99' title="bbox 379 4996 1955 5084">
     <span class='ocr_line' id='line_1_99' title="bbox 379 4996 1955 5084; baseline -0.003 -17"><span class='ocrx_word' id='word_1_750' title='bbox 379 5016 470 5069; x_wconf 86' lang='grc' dir='ltr'><strong>νοῦ</strong></span> <span class='ocrx_word' id='word_1_751' title='bbox 493 5014 702 5084; x_wconf 84' lang='grc' dir='ltr'>κίνησις</span> <span class='ocrx_word' id='word_1_752' title='bbox 720 5015 777 5067; x_wconf 77' lang='grc' dir='ltr'>ὲν</span> <span class='ocrx_word' id='word_1_753' title='bbox 791 5014 924 5084; x_wconf 82' lang='grc' dir='ltr'>ἡμῖν</span> <span class='ocrx_word' id='word_1_754' title='bbox 949 5011 1117 5081; x_wconf 85' lang='grc' dir='ltr'>μένοι.</span> <span class='ocrx_word' id='word_1_755' title='bbox 1132 4996 1195 5063; x_wconf 80' lang='grc' dir='ltr'><strong>Ἦ</strong></span> <span class='ocrx_word' id='word_1_756' title='bbox 1211 5010 1265 5061; x_wconf 81' lang='grc' dir='ltr'><strong>δὲ</strong></span> <span class='ocrx_word' id='word_1_757' title='bbox 1280 5011 1642 5081; x_wconf 81' lang='grc' dir='ltr'>ὑπερκὸσμιος</span> <span class='ocrx_word' id='word_1_758' title='bbox 1659 5010 1838 5080; x_wconf 80' lang='grc' dir='ltr'>ἐκείνη</span> <span class='ocrx_word' id='word_1_759' title='bbox 1862 5011 1955 5063; x_wconf 77' lang='grc' dir='ltr'>καὶ</span> 
     </span>
    </p>
   </div>
   <div class='ocr_carea' id='block_1_100' title="bbox 380 5098 1950 5175">
    <p class='ocr_par' dir='ltr' id='par_1_100' title="bbox 380 5098 1950 5175">
     <span class='ocr_line' id='line_1_100' title="bbox 380 5098 1950 5175; baseline -0.004 -13"><span class='ocrx_word' id='word_1_760' title='bbox 380 5108 541 5170; x_wconf 81' lang='grc' dir='ltr'>ἆῦλος</span> <span class='ocrx_word' id='word_1_761' title='bbox 562 5104 743 5174; x_wconf 84' lang='grc' dir='ltr'>φύσις,</span> <span class='ocrx_word' id='word_1_762' title='bbox 774 5103 872 5174; x_wconf 82' lang='grc' dir='ltr'>τῆς</span> <span class='ocrx_word' id='word_1_763' title='bbox 907 5102 1221 5172; x_wconf 79' lang='grc' dir='ltr'>σωματικῆς</span> <span class='ocrx_word' id='word_1_764' title='bbox 1248 5102 1507 5173; x_wconf 82' lang='grc' dir='ltr'>περιοχῆς</span> <span class='ocrx_word' id='word_1_765' title='bbox 1532 5102 1787 5175; x_wconf 83' lang='grc' dir='ltr'>ἐλευθέρα</span> <span class='ocrx_word' id='word_1_766' title='bbox 1816 5098 1950 5156; x_wconf 81' lang='grc' dir='ltr'>οὖσα</span> 
     </span>
    </p>
   </div>
   <div class='ocr_carea' id='block_1_101' title="bbox 384 5194 1950 5265">
    <p class='ocr_par' dir='ltr' id='par_1_101' title="bbox 384 5194 1950 5265">
     <span class='ocr_line' id='line_1_101' title="bbox 384 5194 1950 5265; baseline -0.001 -14"><span class='ocrx_word' id='word_1_767' title='bbox 384 5201 477 5253; x_wconf 75' lang='grc' dir='ltr'><strong>καὶ</strong></span> <span class='ocrx_word' id='word_1_768' title='bbox 510 5199 720 5260; x_wconf 82' lang='grc' dir='ltr'>ἄνετος,</span> <span class='ocrx_word' id='word_1_769' title='bbox 746 5195 870 5249; x_wconf 78' lang='grc' dir='ltr'>οῦτε</span> <span class='ocrx_word' id='word_1_770' title='bbox 902 5195 994 5248; x_wconf 81' lang='grc' dir='ltr'><strong>ἐπὶ</strong></span> <span class='ocrx_word' id='word_1_771' title='bbox 1032 5194 1128 5265; x_wconf 84' lang='grc' dir='ltr'>τῆς</span> <span class='ocrx_word' id='word_1_772' title='bbox 1153 5196 1554 5265; x_wconf 87' lang='grc' dir='ltr'>ὑπερκειμένης</span> <span class='ocrx_word' id='word_1_773' title='bbox 1603 5195 1816 5265; x_wconf 88' lang='grc' dir='ltr'>φύσεως</span> <span class='ocrx_word' id='word_1_774' title='bbox 1834 5196 1950 5249; x_wconf 86' lang='grc' dir='ltr'>ὀνο-</span> 
     </span>
    </p>
   </div>
   <div class='ocr_carea' id='block_1_102' title="bbox 384 5284 1949 5360">
    <p class='ocr_par' dir='ltr' id='par_1_102' title="bbox 384 5284 1949 5360">
     <span class='ocr_line' id='line_1_102' title="bbox 384 5284 1949 5360; baseline -0.003 -17"><span class='ocrx_word' id='word_1_775' title='bbox 384 5291 568 5360; x_wconf 84' lang='grc' dir='ltr'>μάτων</span> <span class='ocrx_word' id='word_1_776' title='bbox 595 5286 822 5357; x_wconf 84' lang='grc' dir='ltr'>δέεταιῆ</span> <span class='ocrx_word' id='word_1_777' title='bbox 855 5284 1132 5356; x_wconf 80' lang='grc' dir='ltr'>ῥημάτων,</span> <span class='ocrx_word' id='word_1_778' title='bbox 1179 5286 1275 5338; x_wconf 87' lang='grc' dir='ltr'>ἀλλ</span> <span class='ocrx_word' id='word_1_779' title='bbox 1306 5289 1456 5339; x_wconf 79' lang='grc' dir='ltr'>εἵπου</span> <span class='ocrx_word' id='word_1_780' title='bbox 1497 5286 1590 5340; x_wconf 75' lang='grc' dir='ltr'><strong>καὶ</strong></span> <span class='ocrx_word' id='word_1_781' title='bbox 1621 5286 1949 5357; x_wconf 87' lang='grc' dir='ltr'>μνημονεύε-</span> 
     </span>
    </p>
   </div>
   <div class='ocr_carea' id='block_1_103' title="bbox 382 5375 1951 5450">
    <p class='ocr_par' dir='ltr' id='par_1_103' title="bbox 382 5375 1951 5450">
     <span class='ocr_line' id='line_1_103' title="bbox 382 5375 1951 5450; baseline -0.002 -18"><span class='ocrx_word' id='word_1_782' title='bbox 382 5398 468 5433; x_wconf 79' lang='grc' dir='ltr'><strong>ται</strong></span> <span class='ocrx_word' id='word_1_783' title='bbox 496 5378 645 5450; x_wconf 71' lang='grc' dir='ltr'>παρὰ</span> <span class='ocrx_word' id='word_1_784' title='bbox 677 5381 774 5449; x_wconf 83' lang='grc' dir='ltr'><strong>τῆς</strong></span> <span class='ocrx_word' id='word_1_785' title='bbox 795 5377 985 5447; x_wconf 78' lang='grc' dir='ltr'>νοερᾶς</span> <span class='ocrx_word' id='word_1_786' title='bbox 1025 5375 1235 5444; x_wconf 82' lang='grc' dir='ltr'>φύσεως</span> <span class='ocrx_word' id='word_1_787' title='bbox 1276 5376 1432 5444; x_wconf 79' lang='grc' dir='ltr'>λόγος</span> <span class='ocrx_word' id='word_1_788' title='bbox 1457 5394 1537 5441; x_wconf 86' lang='grc' dir='ltr'><strong>τις</strong></span> <span class='ocrx_word' id='word_1_789' title='bbox 1573 5378 1631 5428; x_wconf 84' lang='grc' dir='ltr'><strong>ἐν</strong></span> <span class='ocrx_word' id='word_1_790' title='bbox 1658 5378 1829 5447; x_wconf 77' lang='grc' dir='ltr'>ἱεραῖς</span> <span class='ocrx_word' id='word_1_791' title='bbox 1863 5378 1951 5429; x_wconf 86' lang='grc' dir='ltr'><strong>Βί-</strong></span> 
     </span>
    </p>
   </div>
   <div class='ocr_carea' id='block_1_104' title="bbox 381 5466 1955 5539">
    <p class='ocr_par' dir='ltr' id='par_1_104' title="bbox 381 5466 1955 5539">
     <span class='ocr_line' id='line_1_104' title="bbox 381 5466 1955 5539; baseline -0.002 -13"><span class='ocrx_word' id='word_1_792' title='bbox 381 5472 529 5535; x_wconf 82' lang='grc' dir='ltr'>6λοις</span> <span class='ocrx_word' id='word_1_793' title='bbox 585 5470 947 5539; x_wconf 82' lang='grc' dir='ltr'>ἀνάγραπτος,</span> <span class='ocrx_word' id='word_1_794' title='bbox 990 5466 1143 5538; x_wconf 81' lang='grc' dir='ltr'>ἡμῶν</span> <span class='ocrx_word' id='word_1_795' title='bbox 1193 5467 1376 5522; x_wconf 78' lang='grc' dir='ltr'>ἕνεκεν</span> <span class='ocrx_word' id='word_1_796' title='bbox 1410 5470 1517 5522; x_wconf 84' lang='grc' dir='ltr'>τῶν</span> <span class='ocrx_word' id='word_1_797' title='bbox 1555 5468 1856 5523; x_wconf 87' lang='grc' dir='ltr'>ἀκουόντων</span> <span class='ocrx_word' id='word_1_798' title='bbox 1895 5470 1955 5523; x_wconf 80' lang='grc' dir='ltr'>τὺ</span> 
     </span>
    </p>
   </div>
   <div class='ocr_carea' id='block_1_105' title="bbox 456 5640 1599 5708">
    <p class='ocr_par' dir='ltr' id='par_1_105' title="bbox 456 5640 1599 5708">
     <span class='ocr_line' id='line_1_105' title="bbox 456 5640 1599 5708; baseline -0.002 -10"><span class='ocrx_word' id='word_1_799' title='bbox 456 5645 496 5675; x_wconf 70' lang='grc'>⁷⁸</span> <span class='ocrx_word' id='word_1_800' title='bbox 534 5643 693 5698; x_wconf 80' lang='lat' dir='ltr'><strong>Joan.</strong></span> <span class='ocrx_word' id='word_1_801' title='bbox 732 5659 836 5708; x_wconf 79' lang='lat' dir='ltr'><strong>xw,</strong></span> <span class='ocrx_word' id='word_1_802' title='bbox 865 5644 917 5707; x_wconf 85' lang='lat'><strong>9,</strong></span> <span class='ocrx_word' id='word_1_803' title='bbox 955 5640 1033 5695; x_wconf 86' lang='lat' dir='ltr'><strong>l0.</strong></span> <span class='ocrx_word' id='word_1_804' title='bbox 1112 5642 1156 5672; x_wconf 77' lang='lat'>&quot;</span> <span class='ocrx_word' id='word_1_805' title='bbox 1196 5640 1214 5695; x_wconf 94' lang='lat' dir='ltr'><strong>l</strong></span> <span class='ocrx_word' id='word_1_806' title='bbox 1258 5640 1383 5695; x_wconf 82' lang='lat' dir='ltr'><strong>Cor.</strong></span> <span class='ocrx_word' id='word_1_807' title='bbox 1415 5657 1474 5697; x_wconf 87' lang='lat' dir='ltr'><strong>ll.</strong></span> <span class='ocrx_word' id='word_1_808' title='bbox 1519 5644 1599 5696; x_wconf 80' lang='grc' dir='ltr'>ιυ.</span> 
     </span>
    </p>
   </div>
   <div class='ocr_carea' id='block_1_106' title="bbox 2053 4364 3624 4445">
    <p class='ocr_par' dir='ltr' id='par_1_106' title="bbox 2053 4364 3624 4445">
     <span class='ocr_line' id='line_1_106' title="bbox 2053 4364 3624 4445; baseline -0.013 -9"><span class='ocrx_word' id='word_1_809' title='bbox 2053 4379 2304 4437; x_wconf 91' lang='lat' dir='ltr'><strong>sionibus</strong></span> <span class='ocrx_word' id='word_1_810' title='bbox 2336 4375 2697 4445; x_wconf 82' lang='lat' dir='ltr'><strong>recludentes.</strong></span> <span class='ocrx_word' id='word_1_811' title='bbox 2731 4370 2886 4425; x_wconf 85' lang='lat' dir='ltr'><strong>Nunc</strong></span> <span class='ocrx_word' id='word_1_812' title='bbox 2912 4377 3093 4424; x_wconf 90' lang='lat' dir='ltr'><strong>autem</strong></span> <span class='ocrx_word' id='word_1_813' title='bbox 3116 4366 3282 4436; x_wconf 87' lang='lat' dir='ltr'><strong>hujus</strong></span> <span class='ocrx_word' id='word_1_814' title='bbox 3314 4365 3486 4436; x_wconf 85' lang='lat' dir='ltr'><strong>gratia</strong></span> <span class='ocrx_word' id='word_1_815' title='bbox 3516 4364 3624 4419; x_wconf 87' lang='lat' dir='ltr'><strong>sin-</strong></span> 
     </span>
    </p>
   </div>
   <div class='ocr_carea' id='block_1_107' title="bbox 2052 4454 3620 4543">
    <p class='ocr_par' dir='ltr' id='par_1_107' title="bbox 2052 4454 3620 4543">
     <span class='ocr_line' id='line_1_107' title="bbox 2052 4454 3620 4543; baseline -0.01 -19"><span class='ocrx_word' id='word_1_816' title='bbox 2052 4471 2194 4543; x_wconf 87' lang='lat' dir='ltr'><strong>gulis</strong></span> <span class='ocrx_word' id='word_1_817' title='bbox 2235 4468 2397 4523; x_wconf 89' lang='lat' dir='ltr'><strong>rebus</strong></span> <span class='ocrx_word' id='word_1_818' title='bbox 2432 4480 2631 4519; x_wconf 87' lang='lat' dir='ltr'><strong>nomen</strong></span> <span class='ocrx_word' id='word_1_819' title='bbox 2677 4461 2977 4532; x_wconf 86' lang='lat' dir='ltr'><strong>posuimus,</strong></span> <span class='ocrx_word' id='word_1_820' title='bbox 3016 4457 3107 4513; x_wconf 90' lang='lat' dir='ltr'><strong>alii</strong></span> <span class='ocrx_word' id='word_1_821' title='bbox 3145 4456 3362 4527; x_wconf 89' lang='lat' dir='ltr'><strong>quidem</strong></span> <span class='ocrx_word' id='word_1_822' title='bbox 3398 4454 3620 4519; x_wconf 76' lang='lat' dir='ltr'><strong>cmlum,</strong></span> 
     </span>
    </p>
   </div>
   <div class='ocr_carea' id='block_1_108' title="bbox 2053 4545 3621 4621">
    <p class='ocr_par' dir='ltr' id='par_1_108' title="bbox 2053 4545 3621 4621">
     <span class='ocr_line' id='line_1_108' title="bbox 2053 4545 3621 4621; baseline -0.012 -6"><span class='ocrx_word' id='word_1_823' title='bbox 2053 4563 2145 4615; x_wconf 90' lang='lat' dir='ltr'><strong>alii</strong></span> <span class='ocrx_word' id='word_1_824' title='bbox 2178 4574 2306 4614; x_wconf 89' lang='lat' dir='ltr'><strong>vero</strong></span> <span class='ocrx_word' id='word_1_825' title='bbox 2357 4565 2582 4618; x_wconf 87' lang='lat' dir='ltr'><strong>terram,</strong></span> <span class='ocrx_word' id='word_1_826' title='bbox 2623 4562 2677 4609; x_wconf 91' lang='lat' dir='ltr'><strong>et</strong></span> <span class='ocrx_word' id='word_1_827' title='bbox 2720 4552 2812 4606; x_wconf 90' lang='lat' dir='ltr'><strong>alii</strong></span> <span class='ocrx_word' id='word_1_828' title='bbox 2861 4550 2993 4621; x_wconf 92' lang='lat' dir='ltr'><strong>quid</strong></span> <span class='ocrx_word' id='word_1_829' title='bbox 3047 4548 3214 4604; x_wconf 87' lang='lat' dir='ltr'><strong>aliud.</strong></span> <span class='ocrx_word' id='word_1_830' title='bbox 3246 4546 3313 4600; x_wconf 85' lang='lat' dir='ltr'><strong>Et</strong></span> <span class='ocrx_word' id='word_1_831' title='bbox 3363 4545 3621 4616; x_wconf 85' lang='lat' dir='ltr'><strong>quoniam</strong></span> 
     </span>
    </p>
   </div>
   <div class='ocr_carea' id='block_1_109' title="bbox 2056 4637 3623 4718">
    <p class='ocr_par' dir='ltr' id='par_1_109' title="bbox 2056 4637 3623 4718">
     <span class='ocr_line' id='line_1_109' title="bbox 2056 4637 3623 4718; baseline -0.011 -12"><span class='ocrx_word' id='word_1_832' title='bbox 2056 4651 2200 4707; x_wconf 89' lang='lat' dir='ltr'><strong>aliud</strong></span> <span class='ocrx_word' id='word_1_833' title='bbox 2236 4650 2299 4704; x_wconf 90' lang='lat' dir='ltr'><strong>ad</strong></span> <span class='ocrx_word' id='word_1_834' title='bbox 2331 4648 2533 4718; x_wconf 89' lang='lat' dir='ltr'><strong>aliquid</strong></span> <span class='ocrx_word' id='word_1_835' title='bbox 2566 4645 2884 4700; x_wconf 88' lang='lat' dir='ltr'><strong>relationem</strong></span> <span class='ocrx_word' id='word_1_836' title='bbox 2922 4643 3105 4703; x_wconf 88' lang='lat' dir='ltr'><strong>habet.</strong></span> <span class='ocrx_word' id='word_1_837' title='bbox 3142 4638 3227 4694; x_wconf 89' lang='lat' dir='ltr'><strong>vel</strong></span> <span class='ocrx_word' id='word_1_838' title='bbox 3259 4638 3370 4708; x_wconf 79' lang='lat' dir='ltr'><strong>agit</strong></span> <span class='ocrx_word' id='word_1_839' title='bbox 3419 4637 3499 4692; x_wconf 86' lang='lat' dir='ltr'><strong>vel</strong></span> <span class='ocrx_word' id='word_1_840' title='bbox 3531 4649 3623 4706; x_wconf 83' lang='lat' dir='ltr'><strong>pa-</strong></span> 
     </span>
    </p>
   </div>
   <div class='ocr_carea' id='block_1_110' title="bbox 2053 4728 3621 4806">
    <p class='ocr_par' dir='ltr' id='par_1_110' title="bbox 2053 4728 3621 4806">
     <span class='ocr_line' id='line_1_110' title="bbox 2053 4728 3621 4806; baseline -0.01 -11"><span class='ocrx_word' id='word_1_841' title='bbox 2053 4743 2207 4804; x_wconf 90' lang='lat' dir='ltr'><strong>titur,</strong></span> <span class='ocrx_word' id='word_1_842' title='bbox 2238 4744 2418 4793; x_wconf 87' lang='lat' dir='ltr'><strong>omnia</strong></span> <span class='ocrx_word' id='word_1_843' title='bbox 2454 4738 2567 4791; x_wconf 71' lang='lat' dir='ltr'><strong>hazc</strong></span> <span class='ocrx_word' id='word_1_844' title='bbox 2597 4734 2966 4806; x_wconf 89' lang='lat' dir='ltr'><strong>peculiaribus</strong></span> <span class='ocrx_word' id='word_1_845' title='bbox 2980 4732 3205 4786; x_wconf 88' lang='lat' dir='ltr'><strong>vocibus</strong></span> <span class='ocrx_word' id='word_1_846' title='bbox 3232 4728 3621 4799; x_wconf 75' lang='lat' dir='ltr'><strong>significamus,</strong></span> 
     </span>
    </p>
   </div>
   <div class='ocr_carea' id='block_1_111' title="bbox 2052 4814 3621 4893">
    <p class='ocr_par' dir='ltr' id='par_1_111' title="bbox 2052 4814 3621 4893">
     <span class='ocr_line' id='line_1_111' title="bbox 2052 4814 3621 4893; baseline -0.012 -7"><span class='ocrx_word' id='word_1_847' title='bbox 2052 4847 2121 4887; x_wconf 89' lang='lat' dir='ltr'><strong>ne</strong></span> <span class='ocrx_word' id='word_1_848' title='bbox 2165 4826 2697 4884; x_wconf 90' lang='lat' dir='ltr'><strong>incommunicabilis</strong></span> <span class='ocrx_word' id='word_1_849' title='bbox 2727 4833 2781 4880; x_wconf 81' lang='lat' dir='ltr'><strong>et</strong></span> <span class='ocrx_word' id='word_1_850' title='bbox 2825 4824 3099 4893; x_wconf 86' lang='lat' dir='ltr'><strong>incognita</strong></span> <span class='ocrx_word' id='word_1_851' title='bbox 3144 4819 3339 4873; x_wconf 87' lang='lat' dir='ltr'><strong>mentis</strong></span> <span class='ocrx_word' id='word_1_852' title='bbox 3384 4816 3534 4869; x_wconf 92' lang='lat' dir='ltr'><strong>notio</strong></span> <span class='ocrx_word' id='word_1_853' title='bbox 3565 4814 3621 4868; x_wconf 88' lang='lat' dir='ltr'><strong>in</strong></span> 
     </span>
    </p>
   </div>
   <div class='ocr_carea' id='block_1_112' title="bbox 2052 4907 3621 4984">
    <p class='ocr_par' dir='ltr' id='par_1_112' title="bbox 2052 4907 3621 4984">
     <span class='ocr_line' id='line_1_112' title="bbox 2052 4907 3621 4984; baseline -0.013 -6"><span class='ocrx_word' id='word_1_854' title='bbox 2052 4922 2213 4978; x_wconf 87' lang='lat' dir='ltr'><strong>nobis</strong></span> <span class='ocrx_word' id='word_1_855' title='bbox 2246 4919 2529 4976; x_wconf 89' lang='lat' dir='ltr'><strong>resideret.</strong></span> <span class='ocrx_word' id='word_1_856' title='bbox 2564 4916 2657 4972; x_wconf 88' lang='lat' dir='ltr'><strong>Illa</strong></span> <span class='ocrx_word' id='word_1_857' title='bbox 2692 4933 2823 4972; x_wconf 89' lang='lat' dir='ltr'><strong>vero</strong></span> <span class='ocrx_word' id='word_1_858' title='bbox 2863 4910 3319 4984; x_wconf 88' lang='lat' dir='ltr'><strong>supermundialis</strong></span> <span class='ocrx_word' id='word_1_859' title='bbox 3345 4914 3398 4961; x_wconf 92' lang='lat' dir='ltr'><strong>et</strong></span> <span class='ocrx_word' id='word_1_860' title='bbox 3425 4907 3621 4960; x_wconf 80' lang='lat' dir='ltr'><strong>imma-</strong></span> 
     </span>
    </p>
   </div>
   <div class='ocr_carea' id='block_1_113' title="bbox 2054 5000 3622 5079">
    <p class='ocr_par' dir='ltr' id='par_1_113' title="bbox 2054 5000 3622 5079">
     <span class='ocr_line' id='line_1_113' title="bbox 2054 5000 3622 5079; baseline -0.013 -11"><span class='ocrx_word' id='word_1_861' title='bbox 2054 5012 2260 5068; x_wconf 90' lang='lat' dir='ltr'><strong>terialis</strong></span> <span class='ocrx_word' id='word_1_862' title='bbox 2290 5019 2508 5075; x_wconf 89' lang='lat' dir='ltr'><strong>natura,</strong></span> <span class='ocrx_word' id='word_1_863' title='bbox 2541 5025 2661 5079; x_wconf 80' lang='lat' dir='ltr'><strong>qua:</strong></span> <span class='ocrx_word' id='word_1_864' title='bbox 2689 5008 2758 5062; x_wconf 89' lang='lat' dir='ltr'><strong>ab</strong></span> <span class='ocrx_word' id='word_1_865' title='bbox 2782 5007 2931 5061; x_wconf 92' lang='lat' dir='ltr'><strong>omni</strong></span> <span class='ocrx_word' id='word_1_866' title='bbox 2978 5000 3322 5057; x_wconf 87' lang='lat' dir='ltr'><strong>concretione</strong></span> <span class='ocrx_word' id='word_1_867' title='bbox 3357 5009 3622 5065; x_wconf 89' lang='lat' dir='ltr'><strong>corporea</strong></span> 
     </span>
    </p>
   </div>
   <div class='ocr_carea' id='block_1_114' title="bbox 2056 5087 3624 5167">
    <p class='ocr_par' dir='ltr' id='par_1_114' title="bbox 2056 5087 3624 5167">
     <span class='ocr_line' id='line_1_114' title="bbox 2056 5087 3624 5167; baseline -0.013 -8"><span class='ocrx_word' id='word_1_868' title='bbox 2056 5106 2227 5159; x_wconf 89' lang='lat' dir='ltr'><strong>libera</strong></span> <span class='ocrx_word' id='word_1_869' title='bbox 2257 5110 2342 5158; x_wconf 86' lang='lat' dir='ltr'><strong>est</strong></span> <span class='ocrx_word' id='word_1_870' title='bbox 2371 5110 2425 5157; x_wconf 91' lang='lat' dir='ltr'><strong>et</strong></span> <span class='ocrx_word' id='word_1_871' title='bbox 2452 5101 2650 5163; x_wconf 88' lang='lat' dir='ltr'><strong>soluta,</strong></span> <span class='ocrx_word' id='word_1_872' title='bbox 2694 5112 2870 5167; x_wconf 87' lang='lat' dir='ltr'><strong>neque</strong></span> <span class='ocrx_word' id='word_1_873' title='bbox 2912 5095 2967 5148; x_wconf 92' lang='lat' dir='ltr'><strong>in</strong></span> <span class='ocrx_word' id='word_1_874' title='bbox 2996 5094 3193 5163; x_wconf 88' lang='lat' dir='ltr'><strong>seipsa,</strong></span> <span class='ocrx_word' id='word_1_875' title='bbox 3225 5103 3401 5158; x_wconf 90' lang='lat' dir='ltr'><strong>neque</strong></span> <span class='ocrx_word' id='word_1_876' title='bbox 3432 5087 3485 5139; x_wconf 90' lang='lat' dir='ltr'><strong>in</strong></span> <span class='ocrx_word' id='word_1_877' title='bbox 3527 5100 3624 5141; x_wconf 89' lang='lat' dir='ltr'><strong>su—</strong></span> 
     </span>
    </p>
   </div>
   <div class='ocr_carea' id='block_1_115' title="bbox 2057 5177 3622 5268">
    <p class='ocr_par' dir='ltr' id='par_1_115' title="bbox 2057 5177 3622 5268">
     <span class='ocr_line' id='line_1_115' title="bbox 2057 5177 3622 5268; baseline -0.015 -16"><span class='ocrx_word' id='word_1_878' title='bbox 2057 5196 2426 5268; x_wconf 88' lang='lat' dir='ltr'><strong>pereminente</strong></span> <span class='ocrx_word' id='word_1_879' title='bbox 2466 5201 2661 5247; x_wconf 88' lang='lat' dir='ltr'><strong>natura</strong></span> <span class='ocrx_word' id='word_1_880' title='bbox 2704 5186 3019 5244; x_wconf 86' lang='lat' dir='ltr'><strong>nominibus</strong></span> <span class='ocrx_word' id='word_1_881' title='bbox 3057 5184 3142 5237; x_wconf 90' lang='lat' dir='ltr'><strong>vel</strong></span> <span class='ocrx_word' id='word_1_882' title='bbox 3174 5178 3353 5235; x_wconf 81' lang='lat' dir='ltr'><strong>verbis</strong></span> <span class='ocrx_word' id='word_1_883' title='bbox 3396 5177 3622 5246; x_wconf 79' lang='lat' dir='ltr'><strong>indiget,</strong></span> 
     </span>
    </p>
   </div>
   <div class='ocr_carea' id='block_1_116' title="bbox 2058 5273 3625 5349">
    <p class='ocr_par' dir='ltr' id='par_1_116' title="bbox 2058 5273 3625 5349">
     <span class='ocr_line' id='line_1_116' title="bbox 2058 5273 3625 5349; baseline -0.017 -4"><span class='ocrx_word' id='word_1_884' title='bbox 2058 5289 2153 5345; x_wconf 88' lang='lat' dir='ltr'><strong>sed</strong></span> <span class='ocrx_word' id='word_1_885' title='bbox 2170 5287 2347 5345; x_wconf 91' lang='lat' dir='ltr'><strong>sicubi</strong></span> <span class='ocrx_word' id='word_1_886' title='bbox 2372 5302 2401 5339; x_wconf 92' lang='lat' dir='ltr'><strong>a</strong></span> <span class='ocrx_word' id='word_1_887' title='bbox 2418 5293 2612 5340; x_wconf 92' lang='lat' dir='ltr'><strong>natura</strong></span> <span class='ocrx_word' id='word_1_888' title='bbox 2639 5280 2972 5349; x_wconf 88' lang='lat' dir='ltr'><strong>intelligente</strong></span> <span class='ocrx_word' id='word_1_889' title='bbox 2993 5273 3266 5346; x_wconf 81' lang='lat' dir='ltr'><strong>profectus</strong></span> <span class='ocrx_word' id='word_1_890' title='bbox 3291 5273 3625 5324; x_wconf 86' lang='lat' dir='ltr'><strong>memoratur</strong></span> 
     </span>
    </p>
   </div>
   <div class='ocr_carea' id='block_1_117' title="bbox 2058 5357 3626 5447">
    <p class='ocr_par' dir='ltr' id='par_1_117' title="bbox 2058 5357 3626 5447">
     <span class='ocr_line' id='line_1_117' title="bbox 2058 5357 3626 5447; baseline -0.017 -12"><span class='ocrx_word' id='word_1_891' title='bbox 2058 5393 2239 5435; x_wconf 89' lang='lat' dir='ltr'><strong>sermo</strong></span> <span class='ocrx_word' id='word_1_892' title='bbox 2264 5377 2462 5447; x_wconf 90' lang='lat' dir='ltr'><strong>aliquis</strong></span> <span class='ocrx_word' id='word_1_893' title='bbox 2491 5375 2544 5429; x_wconf 91' lang='lat' dir='ltr'><strong>in</strong></span> <span class='ocrx_word' id='word_1_894' title='bbox 2587 5371 2761 5428; x_wconf 90' lang='lat' dir='ltr'><strong>sacris</strong></span> <span class='ocrx_word' id='word_1_895' title='bbox 2790 5367 2970 5423; x_wconf 87' lang='lat' dir='ltr'><strong>Libris</strong></span> <span class='ocrx_word' id='word_1_896' title='bbox 3003 5362 3328 5432; x_wconf 85' lang='lat' dir='ltr'><strong>descriptus,</strong></span> <span class='ocrx_word' id='word_1_897' title='bbox 3364 5357 3495 5413; x_wconf 91' lang='lat' dir='ltr'><strong>illud</strong></span> <span class='ocrx_word' id='word_1_898' title='bbox 3527 5370 3626 5447; x_wconf 84' lang='lat' dir='ltr'><strong>no-</strong></span> 
     </span>
    </p>
   </div>
   <div class='ocr_carea' id='block_1_118' title="bbox 2063 5446 3627 5539">
    <p class='ocr_par' dir='ltr' id='par_1_118' title="bbox 2063 5446 3627 5539">
     <span class='ocr_line' id='line_1_118' title="bbox 2063 5446 3627 5539; baseline -0.017 -12"><span class='ocrx_word' id='word_1_899' title='bbox 2063 5473 2160 5527; x_wconf 87' lang='lat' dir='ltr'><strong>stri</strong></span> <span class='ocrx_word' id='word_1_900' title='bbox 2186 5446 2370 5535; x_wconf 76' lang='lat' dir='ltr'><strong>causa,</strong></span> <span class='ocrx_word' id='word_1_901' title='bbox 2403 5468 2496 5539; x_wconf 91' lang='lat' dir='ltr'><strong>qui</strong></span> <span class='ocrx_word' id='word_1_902' title='bbox 2530 5465 2802 5528; x_wconf 84' lang='lat' dir='ltr'><strong>audimus,</strong></span> <span class='ocrx_word' id='word_1_903' title='bbox 2835 5461 3053 5525; x_wconf 88' lang='lat' dir='ltr'><strong>dicitur,</strong></span> <span class='ocrx_word' id='word_1_904' title='bbox 3086 5456 3175 5527; x_wconf 88' lang='lat' dir='ltr'><strong>qui</strong></span> <span class='ocrx_word' id='word_1_905' title='bbox 3201 5469 3307 5510; x_wconf 93' lang='lat' dir='ltr'><strong>non</strong></span> <span class='ocrx_word' id='word_1_906' title='bbox 3336 5451 3447 5507; x_wconf 88' lang='lat' dir='ltr'><strong>alio</strong></span> <span class='ocrx_word' id='word_1_907' title='bbox 3464 5446 3627 5505; x_wconf 89' lang='lat' dir='ltr'><strong>modo</strong></span> 
     </span>
    </p>
   </div>
  </div>
