4006 6484
539 262 682 321 low

1703 267 1758 320 S.
1801 265 2124 321 GREGORII
2168 266 2464 321 .‘JYSSENI

3615 264 3730 322 1οΗ

536 395 834 454 possumus
864 380 1011 452 quod
1031 381 1340 438 declaratur
1370 383 1670 454 percipere,
1700 386 1842 454 quod
1878 400 1987 438 non
2012 400 2106 454 per

2217 383 2444 436 τοιοῦτον
2498 384 2732 452 λέγεται,
2781 384 2889 437 τῶν
2937 382 3337 437 άδυνατούντων
3381 379 3574 432 τούτων
3620 383 3732 452 ἀλλῳ

536 487 702 528 voces
731 481 786 526 et
816 473 979 528 verba
1030 475 1369 531 enuntiatur.
1421 474 1483 528 Et
1514 476 1560 530 si
1586 477 1754 531 David
1810 479 1863 531 in
1899 476 2105 547 Spiritu

537 563 673 618 dicit
714 563 944 620 Domino
985 581 1015 620 a
1049 564 1276 622 Domino
1316 567 1521 637 aliquid
1571 569 1678 622 dici
1703 569 1770 632 ⁷³,
1811 575 1895 623 est
1940 568 2109 622 David

538 655 631 725 qui
663 656 923 727 loquitur,
969 659 1062 728 qui
1098 675 1204 712 non
1243 666 1421 728 potest
1454 660 1612 715 aliter
1639 661 1798 716 nobis
1826 661 1903 715 rei
1952 661 2112 715 intel-

537 747 693 804 lectae
736 748 1042 804 doctrinam
1077 751 1311 816 tradere,
1361 752 1468 806 nisi
1518 767 1613 821 per
1659 767 1823 807 voces
1859 761 1914 807 et
1946 753 2110 807 verba

539 841 920 914 mysteriorum
965 843 1328 912 cognitionem
1372 857 1402 896 a
1428 842 1538 899 Deo
1577 844 1631 898 in
1675 845 1794 914 ipso
1825 843 2111 914 ingenera-

538 942 648 987 tant
691 933 1099 1003 interpretetur.

609 1106 804 1162 Omnia
853 1108 1017 1180 igitur
1045 1126 1166 1180 qua:
1198 1118 1387 1165 contra
1435 1109 1950 1165 commentationem
1994 1113 2110 1181 ipse

538 1199 797 1256 disseruit
829 1203 991 1257 verba
1016 1242 1031 1265 ,
1060 1205 1323 1272 optimum
1357 1204 1632 1273 praiterire
1659 1202 1926 1266 arbitror,
1968 1212 2110 1256 tam-

539 1291 644 1346 etsi
704 1293 928 1348 insania:
985 1302 1208 1349 accuset
1267 1309 1361 1348 eos
1411 1294 1505 1364 qui
1549 1293 1766 1350 deitatis
1799 1309 1997 1348 nomen
2045 1295 2113 1348 ad

539 1381 962 1438 declarationem
1013 1385 1472 1454 supereminentis
1520 1385 1740 1440 virtutis
1796 1392 1990 1456 putant
2045 1385 2114 1440 ab

541 1471 856 1529 hominibus
901 1490 997 1544 per
1037 1477 1553 1530 commentationem
1598 1473 1728 1532 dici.
1779 1475 1922 1542 Quid
1970 1477 2112 1530 enim

541 1563 634 1619 hic
705 1564 1014 1635 intelligens
1077 1576 1228 1636 putat
1287 1576 1540 1638 oportere
1599 1569 2113 1623 commentationem

540 1655 805 1711 conviciis
863 1657 1175 1724 incessere,
1227 1675 1294 1714 ex
1351 1659 1499 1715 illius
1557 1659 1902 1716 sermonibus
1950 1659 2112 1721 licet,

2211 475 2396 543 τροπῳ
2431 474 2619 543 μαθεῖν
2646 475 2704 526 τὸ
2742 473 3087 542 δηλούμ;νον,
3119 473 3192 543 μὴ
3221 471 3308 525 διὰ
3340 470 3522 538 φωνῶν
3551 472 3628 522 καὶ
3657 475 3726 541 ρη-

2215 565 2397 632 μάτων
2442 564 2912 634 ἐξαγγελλόμενον.
2961 564 3079 616 Κᾶν
3120 565 3147 615 6
3196 561 3357 614 Δαεῖῖδ
3401 563 3456 612 ἐν
3504 561 3736 630 Πνεύματι

2213 655 2358 722 λέγει
2398 655 2474 725 τῷ
2512 655 2698 727 Κυρίῳ
2729 656 2876 725 παρὰ
2914 655 3007 707 τοῦ
3043 654 3245 725 Κυρίου
3278 670 3329 705 τι
3373 651 3610 719 λέγεσθαι
3633 695 3644 712 ,
3667 658 3738 706 Δα-

2213 747 2298 800 6ὶδ
2325 750 2352 800 6
2389 747 2557 814 λέγων
2588 750 2750 811 ἐστὶν,
2777 749 2803 799 6
2845 747 2917 817 μὴ
2956 748 3250 816 δυνάμενος
3288 745 3484 814 ἑτέρως
3521 748 3635 813 ημῖν
3664 747 3737 815 si;

2213 839 2305 892 τοῦ
2359 841 2640 911 νοηθέντος
2693 839 3038 894 διδασκαλίαν
3090 837 3434 909 ποιήσασθαι,
3482 839 3526 888 εξ
3581 838 3644 907 μὴ
3676 837 3742 888 διὰ

2214 931 2406 998 φωνῶν
2433 933 2524 984 καὶ
2577 930 2836 1002 ῥημάτων
2889 930 2987 1000 τὴν
3034 929 3390 998 ἐγγενομένην
3421 927 3560 996 αὑτῴ
3597 927 3743 979 θεόθεν

2213 1021 2320 1074 τῶν
2347 1022 2661 1092 μυστηρίων
2682 1022 3006 1092 κατανόησιν
3042 1019 3413 1090 ἑρμηνεύσειε.

2287 1113 2472 1166 Πάντα
2517 1113 2695 1166 τοίνυν
2750 1115 2817 1165 τά
2845 1113 2985 1166 κατὰ
3025 1113 3124 1181 τῆς
3163 1111 3405 1172 ἐπινοίας
3444 1108 3583 1179 αὑτῷ
3626 1109 3744 1178 φιλο-

2217 1205 2516 1276 σοφηθέντα
2550 1206 2770 1276 ῥήματα
2790 1247 2804 1268 ,
2838 1204 3212 1275 παραδραμεῖν
3238 1198 3388 1272 οἶμαι
3416 1201 3585 1264 καλῶς
3616 1201 3746 1271 ἔχειν,

2216 1297 2320 1349 κᾶν
2382 1297 2576 1365 μανίαν
2624 1296 2855 1367 ἐπικαλῇ
2910 1299 3023 1359 τοῖς
3069 1297 3127 1348 τὸ
3169 1297 3268 1366 τῆς
3315 1295 3557 1362 θεότητος
3610 1295 3747 1363 ὄνομα

2216 1387 2353 1458 πρὸς
2388 1389 2619 1458 δήλωσιν
2668 1390 2765 1457 τῆς
2798 1387 3168 1459 ὑπερεχούσης
3206 1388 3485 1456 δυνάμεως
3519 1386 3653 1454 παρὰ
3679 1388 3748 1438 ἀν-

2218 1477 2449 1548 θρώπων
2478 1480 2743 1549 οἰομένοις
2769 1480 2836 1532 δι’
2886 1479 3126 1542 ἐπινοίας
3160 1479 3434 1548 λέγεσθαι.
3461 1477 3522 1527 Τί
3550 1478 3633 1547 μὲν
3664 1477 3749 1546 γὰρ

2216 1562 2371 1632 οὗτος
2399 1571 2554 1633 νοῶν,
2574 1571 2849 1639 διασύρειν
2874 1571 3043 1624 οῖεται
3063 1570 3168 1623 δεῖν
3196 1570 3291 1638 τὴν
3317 1568 3571 1629 ἐπίνοιαν,
3591 1570 3646 1619 ἐκ
3667 1569 3750 1619 τῶν

2220 1660 2426 1713 ἐκείνου
2451 1664 2680 1732 πάρεστι
2701 1663 2875 1730 λόγων
2895 1663 3021 1724 τοὺς
3043 1661 3395 1730 βουλομένους
3425 1657 3748 1711 διδάσκεσθαι.

540 1749 634 1818 qui
677 1748 908 1816 volunt,
957 1751 1162 1805 doceri.
1217 1751 1408 1818 Qualia
1463 1760 1644 1807 autem
1691 1767 1789 1807 nos
1833 1752 2114 1806 existima-

2219 1746 2320 1805 υἷα
2359 1753 2413 1806 δὲ
2451 1755 2609 1823 ἡμεῖς
2650 1753 3100 1824 ὑπολαμϐάνομεν
3136 1752 3262 1821 περὶ
3308 1751 3411 1819 τῆς
3452 1748 3555 1801 τῶν
3588 1749 3752 1816 diioui-

540 1856 666 1896 mus
706 1841 775 1896 de
817 1843 1096 1898 nominum
1143 1860 1242 1899 usu
1267 1884 1284 1910 ,
1335 1844 1392 1899 in
1429 1845 1805 1914 superioribus
1852 1843 2111 1898 diximus.

541 1930 698 1999 Quod
721 1949 844 1991 cum
871 1935 944 1990 ita
979 1951 1038 1992 se
1063 1951 1152 1992 res
1181 1937 1417 1992 habeant
1445 1944 1505 1992 ut
1530 1952 1717 1992 earum
1757 1936 1863 1990 fert
1895 1945 2112 2000 natura,

541 2041 708 2084 voces
736 2043 919 2084 rerum
967 2031 1297 2099 interpretes
1331 2027 1621 2084 rationalis
1675 2028 1906 2082 facultas
1938 2043 1966 2080 a
2006 2027 2115 2081 Deo

543 2117 710 2174 insita
731 2118 785 2175 in
819 2127 1018 2174 natura
1051 2129 1236 2174 nostra
1271 2119 1622 2190 excogitavit.
1650 2118 1890 2185 Quarum
1919 2120 1965 2174 si
1990 2118 2114 2188 quis

542 2224 767 2264 causam
802 2209 860 2264 in
882 2225 1008 2266 eum
1048 2213 1142 2281 qui
1185 2209 1500 2266 facultatem
1543 2211 1711 2275 dedit,
1760 2209 1981 2273 referat,
2017 2227 2113 2264 ne.

541 2315 650 2370 que
679 2315 782 2357 nos
809 2302 1237 2372 repugnabimus
1271 2301 1452 2358 :sicut
1490 2301 1695 2356 moveri
1731 2309 1785 2356 et
1824 2301 2025 2364 videre,
2061 2310 2115 2356 et

541 2388 755 2460 reliqua
786 2405 883 2461 per
915 2405 1112 2447 sensus
1139 2392 1374 2456 efﬁcere,
1415 2392 1484 2446 ab
1526 2392 1620 2446 illo
1655 2392 1771 2446 ﬁeri
1817 2392 2052 2446 dicimus
2083 2405 2114 2444 a

541 2495 655 2554 quo
707 2481 870 2538 talem
921 2482 1103 2554 adepti
1160 2499 1352 2540 sumus
1406 2485 1743 2540 facultatem.
1809 2483 1902 2539 Sic
1947 2485 2116 2554 igitur

540 2587 712 2630 causa
743 2575 966 2645 quidem
1012 2574 1334 2630 nominandi
1361 2575 1532 2631 Deum
1563 2576 1657 2646 qui
1695 2583 1780 2631 est
1811 2577 2112 2630 secundum

541 2675 796 2722 naturam
841 2667 989 2737 quod
1031 2667 1251 2736 quidem
1290 2675 1375 2723 est
1409 2667 1714 2722 secundum
1765 2681 2111 2721 communem

541 2758 809 2813 rationem
848 2760 905 2812 in
938 2757 1092 2813 illum
1146 2757 1326 2828 ipsum
1361 2757 1523 2813 debet
1566 2757 1760 2812 referri
1808 2775 1823 2813 ι
1871 2764 2115 2826 potestas

541 2857 726 2905 autem
774 2847 966 2914 libera,
1021 2863 1185 2904 sensa
1221 2849 1388 2903 animi
1443 2849 1628 2902 omnia
1677 2858 1732 2902 et
1768 2848 2002 2916 cogitata
2035 2847 2114 2900 sic

541 2941 628 2996 vel
657 2940 818 2996 aliter
841 2939 1184 3005 nominandi,
1216 2941 1271 2994 in
1303 2950 1501 2995 natura
1530 2941 1633 2994 sita
1665 2949 1770 3003 est,
1802 2956 1963 3009 quam
2000 2939 2114 2994 sive

2217 1860 2322 1896 των
2351 1846 2627 1914 χρήσεως,
2663 1845 2720 1897 ἐν
2759 1847 2870 1907 τοῖς
2894 1843 3122 1896 κατόπιν
3159 1843 3477 1914 εἰρήκαμεν.
3529 1841 3641 1892 Ὅτι
3665 1838 3750 1892 τῶν

2219 1937 2554 2007 πραγμάτων
2571 1938 2798 2007 ἐχόντων
2814 1939 2888 2001 ὡς
2906 1939 3015 2006 ἔχει
3035 1936 3264 2006 φύσεως,
3283 1937 3378 1999 τὰς
3403 1933 3752 2004 ἐρμηνευτικάς

2215 2027 2323 2079 τῶν
2348 2027 2514 2081 ὅντων
2554 2028 2757 2096 φωνάς,
2790 2030 2822 2098 ἡ
2856 2028 3070 2080 τεθεῖσα
3099 2025 3246 2095 παρὰ
3270 2024 3361 2077 τοῦ
3383 2025 3516 2076 Θεοῦ
3540 2028 3599 2094 τῇ
3629 2022 3754 2091 φύσει

2215 2116 2372 2186 ἡμῶν
2401 2117 2592 2188 λογικὴ
2636 2119 2862 2188 δύναμις
2888 2118 3100 2188 εῦρατο.
3134 2113 3234 2169 Ὧν
3271 2119 3316 2168 εἰ
3357 2117 3456 2186 μέν
3482 2135 3560 2179 tt;
3581 2116 3665 2186 τὴν
3687 2118 3752 2168 ai-

2215 2207 2334 2260 τίαν
2370 2209 2449 2272 είς
2486 2209 2576 2261 τὸν
2619 2208 2889 2262 δεδωκότα
2932 2209 3029 2278 τὴν
3068 2207 3298 2274 δύναμιν
3344 2207 3632 2277 ἀναφέρει,
3659 2207 3755 2259 οὔτε

2215 2301 2373 2369 ἡμεῖς
2421 2299 2769 2370 ἀντιλέγομεν
2825 2299 3013 2370 ὥσπερ
3068 2300 3159 2352 καὶ
3199 2299 3260 2351 τὸ
3297 2300 3562 2351 κινεῖσθαι
3605 2300 3682 2350 καὶ
3711 2300 3757 2350 τὸ

2214 2389 2366 2460 ὁρᾷν,
2402 2389 2494 2443 καὶ
2516 2389 2583 2444 τά
2601 2389 2764 2442 λοιπά
2791 2389 2878 2444 διὰ
2910 2389 3018 2442 τῶν
3051 2389 3352 2459 αἰσθήσεων
3392 2391 3626 2459 ἐνεργεῖν
3654 2390 3755 2457 παρ’

2217 2480 2424 2532 ἐκείνου
2453 2480 2680 2551 λέγομεν
2702 2479 2970 2549 γίνεσθαι,
3001 2481 3129 2551 παρ’
3151 2474 3212 2532 οῦ
3236 2481 3332 2551 τὴν
3352 2480 3601 2548 τοιαύτην
3627 2480 3757 2547 ἐσχή-

2214 2588 2390 2641 καμεν
2444 2572 2691 2642 δύναμιν.
2728 2571 2914 2635 Οὕτως
2953 2567 3045 2625 οὖν
3090 2571 3307 2625 καὶτοῦ
3353 2569 3631 2641 ὀνομάζειν
3655 2571 3757 2622 Θεὸν

2213 2662 2302 2714 τὸν
2326 2662 2453 2715 ὄντα
2476 2663 2614 2716 κατὰ
2641 2663 2740 2733 τὴν
2769 2663 2926 2731 φύσιν
2947 2665 3082 2734 ὅπερ
3102 2664 3266 2727 ἐστὶν,
3307 2666 3338 2732 ἡ
3365 2663 3466 2731 μὲν
3487 2662 3621 2714 αἰτία
3650 2661 3758 2713 κατὰ

2213 2757 2304 2808 τὸν
2349 2757 2524 2810 κοινὸν
2571 2758 2727 2825 λόγον
2782 2761 2860 2821 εἰς
2917 2759 3076 2812 αὑτὸν
3122 2759 3326 2810 ἐκεῖνον
3379 2758 3484 2828 τὴν
3527 2756 3760 2823 ἀναφορὰν

2215 2849 2356 2918 ἔχει·
2391 2852 2429 2913 ἡ
2463 2851 2518 2903 δέ
2549 2850 2763 2914 ἐξουσία
2809 2851 2900 2904 τοῦ
2940 2851 3009 2903 τὰ
3062 2849 3318 2920 νοηθέντα
3357 2849 3536 2902 πάντα
3577 2847 3757 2900 τοιῶσδε

2214 2938 2248 3006 ἣ
2282 2937 2354 3000 ὼς
2391 2940 2590 3010 ἑτέρως
2620 2941 3025 3010 κατονομάζειν,
3053 2941 3112 2992 ἐν
3146 2942 3210 3009 τῇ
3246 2939 3402 3009 φύσει
3433 2941 3630 2993 κεῖταιο
3655 2937 3759 3007 ﬁsi-

542 3030 666 3100 quis
693 3031 936 3087 ἐπίνοιαν
962 3033 1482 3096 commentationem,
1514 3032 1628 3087 sive
1671 3033 1778 3086 alio
1804 3033 1988 3102 aliquo
2013 3048 2114 3085 no-

2217 3045 2275 3082 τε
2299 3049 2381 3093 τις
2403 3032 2664 3095 ἐπίνοιαν,
2686 3035 2790 3086 εἴτε
2813 3033 2938 3086 άλλο
2964 3051 3015 3085 τι
3044 3032 3280 3102 βούλοιτο
3301 3031 3504 3099 λέγειν,
3526 3033 3582 3084 οὑ
3608 3031 3759 3083 διοισὸ-

544 3121 690 3178 mine
720 3123 852 3178 velit
881 3125 1157 3194 appellare
1185 3140 1294 3180 non
1330 3124 1751 3179 contendemus.
1791 3123 1964 3192 llujus
1993 3140 2113 3178 ser-

544 3213 724 3271 monis
749 3215 1120 3272 certissimum
1144 3225 1522 3288 argumentum
1550 3216 1803 3280 facimus,
1831 3215 1978 3286 quod
2007 3231 2115 3269 non

545 3302 690 3373 apud
721 3318 915 3361 omnes
963 3307 1218 3362 similiter
1250 3307 1396 3377 quod
1445 3306 1590 3362 Deus
1644 3313 1730 3360 est
1779 3304 2115 3370 nominetur,

545 3396 643 3450 sed
669 3403 728 3451 ut
756 3398 957 3468 cuique
983 3400 1221 3465 videtur,
1263 3400 1407 3470 quod
1449 3400 1790 3454 intellectum
1826 3409 1908 3452 est
1949 3399 2119 3452 inter-

546 3496 811 3557 pretetur.
840 3489 1204 3555 Quamobrem
1243 3506 1458 3546 omnem
1489 3491 1660 3560 ipsius
1684 3490 1847 3545 vilem
1877 3498 1932 3544 et
1967 3491 2117 3560 abje-

547 3588 690 3634 ctam
725 3579 793 3636 de
829 3583 1290 3637 commentatione
1317 3582 1693 3650 garrulitatem
1735 3582 1954 3636 silentio
1981 3599 2119 3652 prae-

547 3679 852 3736 tereuntes,
887 3669 1105 3728 decreta
1133 3673 1462 3737 tenebimus,
1505 3680 1720 3726 tantum
1761 3673 1926 3728 nobis
1956 3674 2120 3728 adno-

548 3766 729 3814 tantes
765 3774 833 3815 ex
867 3760 1194 3831 quibusdam
1225 3777 1440 3827 eorum,
1471 3778 1594 3833 qum
1627 3763 1685 3817 in
1725 3764 1908 3820 medio
1948 3764 2118 3820 futili-

548 3848 680 3905 tatis
725 3851 842 3906 sive
890 3852 1188 3922 vaniloquii
1249 3853 1535 3924 interjecta
1591 3862 1743 3924 sunt,
1808 3857 1900 3912 ubi
1964 3866 2119 3928 putat

551 3936 717 3994 Deum
752 3941 944 4010 primis
979 3941 1230 3998 formatis
1281 3945 1620 4014 parentibus,
1665 3947 1834 4001 veluti
1879 3948 2116 4017 aliquem

549 4025 897 4099 paedagogum
938 4030 1023 4084 vel
1063 4033 1495 4101 grammatistam
1541 4034 1944 4103 praasidcntem,
1989 4053 2117 4092 ver-

548 4115 741 4171 borum
760 4125 816 4172 et
841 4119 1122 4174 nominum
1153 4121 1457 4176 doctrinam
1484 4124 1778 4179 tradidisse
1803 4144 1816 4179 :
1843 4126 1894 4179 in
1917 4127 2118 4195 quibus

549 4204 648 4268 ait,
678 4205 828 4277 ipsos
859 4207 1066 4278 primos
1092 4225 1124 4264 a
1157 4208 1268 4266 Deo
1296 4209 1542 4276 effectos,
1573 4213 1656 4267 vel
1686 4215 1945 4269 continua
1975 4217 2121 4271 serie

547 4311 616 4353 ex
646 4297 755 4352 illis
789 4298 1026 4368 genitos,
1059 4299 1170 4354 nisi
1201 4299 1381 4355 educti
1419 4301 1674 4366 fuissent,
1717 4305 1994 4371 quomodo
2027 4320 2117 4360 res

2223 3123 2378 3191 μεθα.
2410 3125 2718 3197 Τεκμήριον
2751 3127 2805 3179 δέ
2851 3127 2942 3179 τοῦ
2992 3126 3147 3195 λόγου
3191 3126 3349 3179 τοῦτο
3389 3123 3690 3196 ποιούμεθα,
3713 3122 3758 3174 τὸ

2222 3217 2294 3284 μὴ
2342 3216 2489 3288 παρὰ
2534 3220 2698 3272 πᾶσιν
2745 3219 2942 3288 ὁμοίως
2978 3221 3038 3271 τὸ
3082 3219 3238 3272 Θεῖον
3293 3216 3756 3288 κατονομάζεσθαι,

2218 3303 2353 3358 ἀλλὰ
2379 3306 2517 3360 κατὰ
2546 3307 2606 3360 τὸ
2646 3308 2835 3361 δοκοῦν
2878 3309 3127 3372 ἑκάστοις
3164 3309 3223 3361 τὸ
3260 3309 3451 3379 νοηθὲν
3507 3306 3760 3382 ἑρμηνεύε·

2220 3393 2364 3447 σθαι.
2407 3396 2615 3448 Οὑκοῦν
2663 3399 2839 3450 πᾶσαν
2888 3398 2983 3468 τὴν
3030 3399 3345 3469 συρφετὼδη
3381 3400 3509 3468 περὶ
3551 3399 3640 3467 τῆς
3667 3398 3762 3448 ἐπιο

2219 3484 2366 3546 νοίας
2425 3486 2587 3538 αὑτοῦ
2647 3487 2908 3558 φλυαρίαν
2958 3491 3309 3558 σιγήσαντες,
3355 3489 3465 3541 τῶν
3519 3487 3761 3557 δογμάτωί

2219 3574 2468 3644 ἑξόμεθα.
2501 3578 2751 3632 τοσοῦτον
2802 3583 2932 3649 ἡμῖν
2976 3579 3508 3651 παρασημηνάμενοι
3543 3579 3599 3630 έκ
3628 3595 3761 3630 τινων

2217 3667 2324 3718 τῶν
2358 3667 2496 3720 κατὰ
2523 3669 2582 3722 τὸ
2614 3671 2776 3740 μέσον
2812 3671 2958 3742 αὑτῷ
3011 3673 3107 3741 τῆς
3154 3672 3491 3741 κενοφωνίας
3534 3685 3759 3740 παρεντεο

2221 3756 2458 3822 θέντων,
2487 3759 2620 3813 ὅπου
2654 3764 2820 3815 οἴεται
2865 3763 2954 3815 τὸν
3002 3763 3132 3816 Θεὸν
3178 3766 3287 3826 τοῖς
3334 3761 3759 3832 πρωτοπλάστοις,

2220 3846 2468 3920 καθάπερ
2501 3850 2622 3903 τινὰ
2669 3852 3008 3920 παιδαγωγὸν
3047 3852 3078 3922 ἢ
3109 3851 3529 3922 γραμματιστὴν
3557 3848 3761 3917 πρνικαθ·

2220 3937 2449 4007 ήμενον,
2488 3941 2744 4010 ῥημάτων
2779 3959 2836 3994 τε
2869 3943 2961 3996 καὶ
2987 3943 3260 4010 ὀνομάτων
3307 3937 3760 4011 ὑφηγεισυαιδιδαο

2222 4029 2446 4083 σκαλίαν
2475 4047 2488 4060 ο
2507 4031 2564 4082 ἐν
2588 4026 2669 4094 οἷς
2698 4049 2882 4102 φησιν,
2913 4033 3109 4095 αὑτοὺς
3145 4034 3268 4095 τοῦς
3294 4031 3543 4100 πρώτους
3564 4032 3658 4084 ὑπὸ
3686 4029 3759 4082 τοῦ

2219 4122 2353 4174 Θεοῦ
2388 4122 2743 4187 πλασθέντας,
2781 4123 2812 4194 ἧ
2848 4126 2972 4186 τοὺς
3015 4125 3290 4197 προσεχῶς
3319 4125 3376 4188 ἐξ
3411 4125 3628 4178 ἐκείνων
3657 4122 3762 4192 φύν-

2219 4233 2334 4280 τας,
2364 4219 2411 4269 εί
2451 4215 2526 4289 μὴ
2569 4216 2923 4286 ἐδιδάχθησαν
2957 4217 3031 4281 ὡς
3065 4218 3268 4270 ἕκαστα
3308 4216 3418 4268 τῶν
3455 4217 3760 4287 πραγμάτων

2219 4306 2432 4376 λέγεταί
2460 4325 2518 4360 τε
2557 4307 2649 4361 καὶ
2671 4308 3013 4378 ὀνομάζεται,
3036 4308 3246 4377 ἀφωνία
3275 4307 3366 4361 καὶ
3391 4307 3583 4376 άλογία
3603 4307 3759 4375 συζῇν,

549 4405 778 4461 quaeque
798 4390 1056 4445 dicuntur
1085 4398 1139 4446 et
1163 4392 1536 4460 nominantur,
1569 4404 1746 4452 mutos
1768 4404 1820 4449 et
1850 4399 2114 4454 orationis

2223 4398 2314 4450 καὶ
2357 4397 2508 4450 οὐδὲν
2547 4396 2645 4460 ἂν,
2682 4399 2877 4467 φησὶν,
2913 4398 3018 4450 τῶν
3040 4397 3315 4466 βιωφελῶν
3362 4396 3757 4467 κατεπράξαντο,

550 4489 802 4548 expertes
833 4479 1078 4536 victuros
1124 4481 1327 4548 fuisse;
1359 4483 1602 4553 nihilque
1634 4485 1709 4537 ait
1755 4500 1943 4540 eorum
1998 4503 2117 4556 qua:

549 4569 678 4624 vitae
711 4569 966 4626 humanae
1020 4579 1148 4628 sunt
1181 4573 1334 4628 utilia
1371 4589 1630 4646 peragere
1680 4577 1948 4644 potuisse,
1988 4581 2118 4649 quia

548 4659 830 4731 incognita
888 4661 1083 4717 fuisset
1136 4665 1406 4734 cujusque
1456 4672 1510 4720 et
1565 4667 1772 4723 incerta
1822 4671 2115 4737 sententia,

548 4753 780 4822 penuria
814 4753 1269 4824 significantium,
1303 4772 1495 4826 nempe
1523 4759 1812 4816 verborum
1843 4770 1896 4816 et
1937 4766 2116 4818 nomi-

546 4857 702 4896 num.
735 4842 910 4901 Tanta
943 4853 1025 4901 est
1048 4843 1214 4915 hujus
1237 4847 1527 4916 scriptoris
1550 4851 1807 4915 amentia,
1843 4862 1902 4906 ut
1926 4869 2033 4907 non
2062 4855 2112 4908 ei

547 4933 686 4987 satis
723 4934 795 4990 sit
822 4935 1143 4992 existimare
1185 4945 1396 4992 natura:
1431 4938 1660 4994 inditam
1691 4957 1723 4997 a
1754 4941 1861 4997 Deo
1891 4945 2115 4998 faculta-

546 5029 652 5078 tem
691 5023 758 5078 ad
811 5039 1027 5080 onmem
1082 5027 1399 5086 methodum
1458 5031 1742 5091 rationalis
1783 5034 2110 5101 fune-tionis;

545 5116 642 5172 sed
678 5117 784 5171 nisi
821 5117 1040 5188 singula
1074 5117 1387 5183 didicisset,
1424 5127 1684 5191 tanquam
1726 5125 1820 5193 qui
1854 5123 2113 5182 Hebraeo-

544 5221 668 5262 rum
686 5206 773 5262 vel
794 5206 1168 5264 Romanorum
1191 5210 1430 5280 linguam
1453 5213 1519 5267 ad
1541 5214 1765 5275 verbum
1783 5215 2108 5284 doceantur,

545 5309 640 5351 res
670 5297 818 5366 ipsas
857 5297 988 5366 quid
1015 5305 1145 5353 sunt
1181 5298 1455 5370 ignorare,
1485 5317 1662 5372 neque
1704 5303 1904 5374 ignem,
1935 5322 2112 5377 neque

545 5394 770 5451 aquam,
809 5398 990 5452 neque
1037 5400 1242 5450 aerem,
1305 5404 1481 5458 neque
1519 5392 1727 5462 reliqua
1788 5409 1910 5463 qua:
1963 5408 2109 5463 sunt,

547 5486 968 5548 cognoscentes,
1018 5479 1122 5534 nisi
1164 5495 1260 5549 per
1303 5482 1554 5552 imposita
1605 5485 1740 5554 ipsis
1776 5489 1997 5543 nomina
2046 5493 2114 5548 de

621 5657 670 5691 "
711 5657 902 5720 Matth.
931 5676 1068 5728 xm,
1099 5660 1196 5735 ῌί
1223 5661 1369 5719 Psal.
1427 5679 1535 5730 cxx.
1599 5668 1650 5734 1,.

2218 4488 2413 4558 ἀδήλου
2448 4489 2674 4541 ἐκάστου
2697 4488 2931 4551 διανοίας
2960 4489 3304 4558 ὑπαρχούσης
3333 4487 3397 4541 δι’
3426 4489 3650 4560 ἀπορίαν
3675 4483 3759 4536 τῶν

2221 4579 2609 4648 σημαινόντων,
2641 4581 2898 4650 ῥημάτων
2947 4579 3144 4650 δηλαδὴ
3179 4580 3272 4633 καὶ⁴
3303 4579 3598 4649 ὀνομάτων.
3645 4578 3757 4628 Τοσ-

2220 4667 2357 4738 αύτη
2403 4671 2791 4740 παραφροσύνη
2819 4670 2909 4724 τοῦ
2935 4670 3271 4742 λογογράφου
3293 4710 3306 4734 ,
3331 4671 3406 4733 ὼς
3441 4671 3516 4741 μὴ
3543 4669 3758 4738 ἐξαρκεῖν

2221 4760 2468 4828 ἡγεῖσθαι
2517 4761 2613 4831 τὴν
2673 4763 2978 4815 ἐντεθεῖσαν
3025 4765 3090 4832 τῇ
3131 4763 3287 4830 φύσει
3336 4762 3486 4832 παρά
3533 4762 3620 4814 τοῦ
3646 4757 3752 4814 Θεοῖ

2217 4853 2445 4924 δύναμιν
2470 4855 2604 4925 πρὸς
2633 4856 2809 4908 πᾶσαν
2841 4854 3063 4925 μέθοδον
3107 4853 3325 4923 λογικῆς
3354 4853 3644 4924 ἐνεργείας,
3664 4849 3745 4903 ἀλλ

2214 4947 2262 4999 εί
2319 4947 2390 5016 μὴ
2422 4947 2487 4998 τά
2522 4946 2642 4998 καθ’
2668 4947 2894 4998 ἕκαστον
2938 4944 3116 5015 μάθοι,
3152 4944 3398 5015 καθάπερ
3434 4946 3483 4995 οἱ
3533 4943 3626 5012 τὴν
3670 4939 3754 4992 τῶν

2224 5038 2488 5108 Ἐϐραίων
2518 5038 2548 5108 ἢ
2573 5039 2680 5090 τῶν
2707 5037 2988 5106 Ῥωμαίων
3013 5035 3190 5106 φωνὴν
3218 5036 3305 5089 διά
3331 5035 3524 5096 λέξεων
3552 5030 3759 5087 διδασκό-

2217 5150 2387 5202 μενοι,
2406 5132 2616 5198 ἀγνοεῖν
2632 5131 2698 5182 τά
2725 5130 3022 5199 πράγματα
3037 5129 3065 5180 ὅ
3081 5127 3129 5180 τί
3152 5129 3286 5188 ἐστι,
3309 5126 3382 5196 μὴ
3403 5126 3461 5177 τὸ
3482 5123 3609 5195 πῦρ,
3634 5122 3698 5193 μὴ
3713 5120 3759 5173 τὸ

2217 5219 2383 5290 ὕδωρ,
2423 5220 2495 5290 μὴ
2523 5219 2612 5272 τὸν
2643 5220 2799 5289 ἀέρα,
2838 5220 2912 5290 μὴ
2937 5217 3003 5271 τὰ
3027 5216 3188 5270 λοιπά
3211 5215 3318 5268 τῶν
3339 5217 3504 5268 ὄντων
3537 5209 3758 5280 ἐπιγινώ-

2220 5329 2463 5376 σκοντας,
2496 5316 2543 5365 εἰ
2583 5312 2658 5382 μὴ
2676 5312 2760 5364 διὰ
2785 5311 2892 5364 τῶν
2915 5309 3270 5384 ἐπικειμένων
3298 5309 3474 5371 αὐτοῖς
3511 5305 3759 5376 ὀνομάτων

2216 5403 2314 5473 τὴν
2338 5406 2461 5475 περὶ
2500 5404 2687 5457 τούτου
2715 5402 2911 5472 γνῶσιν
2940 5403 3250 5473 ἐκτήσαντο.
3295 5401 3479 5469 Ἡμεῖς
3517 5398 3571 5450 δέ
3606 5407 3761 5465 φαμω

2219 5497 2299 5549 ὅτι
2323 5498 2350 5548 6
2375 5496 2439 5549 τά
2465 5497 2636 5550 πάντα
2662 5497 2717 5549 ἐν
2750 5494 2908 5567 σοφίᾳ
2936 5495 3183 5566 ποιήσας,
3207 5493 3298 5546 καὶ
3322 5492 3379 5544 τὸ
3399 5489 3606 5558 λογικὸν
3626 5483 3761 5540 τοῦτο
