4006 6542
270 258 409 316 1035

1388 265 1666 324 CONTRA
1701 264 2094 334 EUNOMIUM,
2135 266 2264 325 LIB.
2304 269 2424 325 XII.

3376 270 3511 327 ιοισ

268 374 490 450 πλάσμα
508 379 951 461 ζωοπλαστήσας,
974 384 1119 457 μόνῳ
1144 384 1221 456 τῷ
1249 387 1456 456 ὲφεϊναι
1478 391 1545 459 τῇ
1570 388 1728 456 φύσει
1745 388 1836 441 τὸν

1942 389 2026 444 his
2065 391 2434 460 cognitionem
2460 399 2647 446 essent
2681 389 2882 461 adepti.
2916 389 3027 445 Nos
3065 397 3245 445 autem
3274 388 3513 444 dicimus

269 466 447 535 λόγον,
469 470 648 523 πᾶσαν
675 472 774 541 τὴν
795 473 1021 546 δυναμιν
1041 476 1139 547 τὴν
1156 476 1378 546 λογικὴν
1402 478 1708 533 ἐναπέθετο.
1730 479 1840 532 Καὶ

270 557 460 628 ὥσπερ
488 560 584 629 τὴν
626 563 686 614 ὲν
720 565 833 627 τοῖς
878 565 1249 637 αἰσθητηρίοις
1295 568 1522 637 δύναμιν
1553 568 1702 639 παρὰ
1749 568 1840 621 τοῦ

270 649 575 715 πλάσαντος
611 652 703 705 τὸν
737 654 1009 725 ὀφθαλμὸν
1038 658 1131 710 καὶ
1167 658 1527 726 φυτεύσαντος
1552 659 1651 729 τὴν
1674 658 1843 729 ἀκοὴν

270 744 329 795 ὲν
365 746 430 815 τῇ
465 744 623 814 φύσει
643 745 874 816 ἔχοντες,
906 749 1034 819 παρ’
1057 750 1234 805 αὐτῶν
1264 750 1401 821 πρὸς
1436 751 1465 803 ὃ
1490 751 1701 819 πέφυκε
1734 749 1844 803 τῶν

269 833 639 905 αἰσθητηρίων
675 836 736 889 ἓν
758 836 985 892 ἕκαστον
1003 877 1017 902 ,
1042 839 1177 910 πρὸς
1204 839 1360 894 τοῦτο
1386 840 1730 911 κεχρήμεθα,
1749 839 1843 892 καὶ

268 922 331 975 οὐ
384 923 636 993 δεόμεθα,
670 924 792 979 οὔτε
824 926 918 979 τοῦ
962 927 1030 982 τὰ
1066 928 1327 999 χρώματα
1354 929 1842 998 κατονομάσαντος,

268 1004 345 1064 ὧν
366 1013 400 1081 η
426 1013 611 1083 ὅρασις
631 1015 729 1072 τὴν
753 1015 1031 1085 ἀντίληψιν
1062 1016 1173 1086 ἔχει
1200 1018 1380 1088 (ἀρκεῖ
1401 1016 1508 1087 γάρ
1526 1019 1554 1070 6
1570 1015 1846 1086 ὀφθαλμὸς

268 1103 446 1174 ἐαυτῷ
472 1105 719 1173 γενέσθαι
749 1106 857 1159 τῶν
886 1107 1136 1161 τοιούτων
1155 1108 1514 1173 διδάσκαλος),
1528 1106 1650 1161 οὔτε
1667 1101 1740 1162 ὧν
1754 1108 1841 1161 διὰ

263 1194 364 1263 τῆς
390 1195 577 1265 ἀκοῆς,
592 1196 624 1267 ἢ
641 1194 730 1248 διὰ
753 1199 854 1266 τῆς
878 1197 1135 1265 γεύσεως,
1153 1200 1185 1269 ἢ
1212 1198 1298 1251 διά
1319 1199 1417 1269 τῆς
1434 1199 1576 1269 ἀφῆς
1591 1197 1847 1269 αἱσθησό-

267 1285 428 1353 μεθα,
443 1285 734 1357 ἀλλοτρίων
760 1287 894 1359 πρὸς
914 1288 1010 1360 τὴν
1024 1290 1220 1357 γνῶσιν
1239 1289 1571 1343 διδασκάλων
1592 1289 1841 1360 δεόμεθα,

263 1376 475 1430 οἴκοθεν
509 1377 720 1447 ἔχοντες
747 1379 976 1433 ἑκάστου
1003 1380 1113 1434 τῶν
1140 1382 1258 1434 κατ’
1286 1381 1534 1451 αἴσθησιν
1565 1379 1846 1450 ἐγγινομέ-

263 1486 370 1520 νων
387 1470 515 1537 ἡμῖν
534 1467 595 1520 τὸ
609 1470 908 1540 κριτήριον.
924 1469 1076 1525 Οὕτω
1093 1471 1268 1542 φαμὲν
1284 1472 1376 1525 καὶ
1393 1471 1490 1543 τὴν
1505 1469 1844 1541 διανοητικὴν

260 1557 364 1625 τῆς
386 1556 568 1627 ψυχῆς
593 1557 822 1629 δύναμιν
848 1559 1102 1630 τοιαύτην
1128 1560 1279 1632 παρὰ
1309 1559 1402 1616 τοῦ
1444 1560 1578 1614 Θεοῦ
1621 1560 1845 1630 γενομέ-

260 1665 381 1718 νην,
419 1651 511 1718 ἀφ’
557 1651 752 1721 ἑαυτῆς
802 1651 865 1704 τὸ
903 1652 1091 1705 λοιπὸν
1124 1652 1411 1715 κινεῖσθαι,
1465 1652 1557 1705 καὶ
1607 1651 1745 1722 πρὸς
1773 1651 1843 1707 τὰ

1941 480 2086 550 quod
2116 482 2208 537 ille
2249 482 2343 552 qui
2377 482 2562 537 omnia
2590 482 2643 536 in
2677 482 2941 551 sapientia
2968 481 3097 537 fecit
3120 482 3185 545 ",
3215 491 3268 534 et
3299 480 3392 549 qui
3425 494 3511 532 ra-

1942 570 2199 636 tionalem
2236 571 2378 627 hanc
2405 579 2716 628 creaturam
2745 571 2970 636 eﬁinxit,
3002 572 3104 626 hoc
3133 570 3251 625 solo
3276 569 3422 639 quod
3451 567 3512 622 in

1941 658 2064 727 ejus
2094 668 2285 715 natura
2314 662 2452 715 ratio
2485 661 2649 728 inest,
2676 674 2895 716 omnem
2923 659 3247 715 rationalem
3278 657 3513 711 faculta-

1943 758 2050 803 tem
2087 750 2301 806 indidit.
2342 750 2887 822 thuemadmodum
2917 751 2973 804 in
3005 747 3276 806 sentiendi
3300 748 3511 803 instru-

1943 844 2143 898 mentis
2179 844 2493 898 facultatem
2533 844 2602 899 ab
2631 858 2698 899 eo
2726 843 2822 914 qui
2865 841 3023 897 finxit
3067 841 3312 904 oculum,
3348 847 3405 895 et
3440 840 3512 895 ab

1942 947 2009 987 eo
2036 932 2131 1002 qui
2162 934 2429 1002 plantavit
2457 947 2645 988 aurem
2671 934 2727 988 in
2757 941 2957 987 natura
2985 931 3272 998 habentes,
3297 931 3364 984 ab
3377 929 3510 1000 ipsis

1944 1024 2012 1079 ad
2047 1024 2194 1095 quod
2230 1027 2720 1081 instrumentorum
2764 1023 3035 1080 sentiendi
3079 1021 3513 1092 unumquodque

1944 1125 2137 1171 natura
2171 1123 2547 1187 comparatum
2571 1124 2679 1181 est,
2714 1114 2783 1170 ad
2818 1116 2921 1170 hoc
2948 1114 3034 1170 usi
3075 1127 3290 1179 sumus,
3332 1126 3513 1180 neque

1942 1222 2166 1276 egemus
2225 1222 2291 1262 eo
2344 1208 2435 1276 qui
2474 1207 2689 1264 colores
2750 1206 3017 1273 nominet,
3068 1217 3302 1274 quorum
3356 1202 3511 1256 visus

1945 1300 2349 1369 perceptionem
2376 1300 2539 1354 habet
2564 1318 2576 1353 :
2610 1297 2807 1354 suﬂicit
2836 1298 2980 1353 enim
3011 1296 3156 1367 quod
3182 1294 3380 1351 oculus
3404 1293 3511 1348 sibi

1944 1392 2015 1446 sit
2043 1392 2231 1444 talium
2270 1390 2569 1461 magister:
2602 1404 2779 1460 neque
2814 1403 3002 1444 eorum
3045 1401 3168 1458 quae
3212 1400 3310 1455 per
3355 1383 3512 1439 audi-

1943 1490 2091 1547 tum,
2132 1482 2216 1536 vel
2268 1497 2364 1551 per
2395 1490 2647 1551 gustum,
2696 1480 2779 1535 vel
2824 1494 2922 1550 per
2964 1485 3172 1532 tactum
3217 1476 3506 1539 sentimus,

1942 1572 2135 1627 alienis
2157 1570 2222 1625 ad
2243 1570 2602 1640 cognitionem
2619 1568 2932 1624 doctoribus
2952 1566 3278 1637 indigemus,
3299 1579 3331 1619 e
3348 1564 3510 1618 domo

1946 1660 2208 1716 habentes
2244 1660 2511 1728 cujusque
2545 1672 2733 1712 eorum
2767 1671 2886 1727 quae
2918 1670 3013 1726 per
3040 1668 3261 1711 sensum
3287 1652 3511 1722 ingene-

265 1741 572 1812 πράγματα
602 1742 819 1812 βλέπειν
842 1758 856 1774 ’
886 1744 982 1797 καὶ
1018 1744 1093 1808 ὡς
1131 1744 1200 1798 ἂν
1228 1745 1496 1816 μηδεμίαν
1522 1743 1780 1813 σύγχυσιν
1806 1743 1838 1812 ἡ

1947 1757 2137 1804 rantur
2170 1747 2329 1802 nobis
2354 1746 2635 1816 judicandi
2679 1745 3121 1800 instrumentum.
3151 1740 3246 1796 Sic
3275 1739 3509 1795 dicimus

264 1833 468 1901 γνῶσις
506 1834 702 1900 πάθοι,
748 1835 998 1907 καθάπερ
1032 1837 1319 1907 σήμαντρά
1354 1854 1473 1890 τινα
1500 1837 1598 1900 τὰς
1626 1836 1711 1889 διά
1734 1836 1842 1890 τῶν

264 1925 461 1993 φωνῶν
484 1925 906 1996 ὲπισημειὼσεις
940 1928 1158 1999 ἑκάστῳ
1196 1928 1303 1983 τῶν
1354 1929 1691 1999 πραγμάτων
1724 1929 1843 1981 ὲπι-

266 2015 501 2070 6ἀλλειν.
535 2017 826 2072 Πιστοῦται
857 2019 913 2072 δὲ
937 2020 997 2072 τὺ
1029 2020 1263 2074 τοιοῦτον
1285 2020 1459 2091 δόγμα
1491 2022 1582 2073 καὶ
1610 2021 1638 2072 6
1668 2020 1841 2090 μέγας

262 2107 529 2177 Μωῦσῆς,
562 2107 728 2163 εἰπὼν
781 2110 931 2180 παρά
968 2108 1061 2162 τοῦ
1103 2110 1271 2180 Ἀδάμ
1323 2110 1683 2164 ὲπιτεθεῖσθαι
1730 2112 1842 2173 τοῖς

268 2198 486 2264 ἀλόγοις
535 2200 645 2253 τῶν
692 2199 845 2265 ζώων
875 2201 973 2264 τὰς
1005 2202 1319 2271 ἐπωνυμίας
1338 2240 1352 2263 ,
1376 2202 1573 2255 οὑτωσὶ
1626 2202 1842 2273 γράψας

265 2286 348 2355 τῷ
376 2289 580 2358 ῥήματι
609 2304 625 2320 ·
654 2290 763 2343 Kal
794 2290 1065 2345 ἔπλασεν
1091 2293 1124 2345 ό
1171 2291 1315 2357 Θεὸς
1346 2291 1434 2345 ἐτι
1468 2291 1537 2345 ἐκ
1570 2290 1681 2360 τῆς
1728 2292 1841 2362 γῆς

262 2375 461 2430 πάντα
494 2379 566 2431 τὰ
592 2380 765 2448 θηρία
790 2380 897 2434 τοῦ
928 2382 1135 2451 ἀγροῦ,
1162 2382 1260 2435 καὶ
1298 2382 1493 2437 πάντα
1514 2384 1584 2437 τὰ
1602 2385 1843 2438 πετεινὰ

258 2468 369 2521 τοῦ
414 2471 692 2537 οὐρανοῦ,
725 2473 823 2526 καὶ
867 2473 1091 2543 ἤγαγεν
1127 2475 1280 2529 αὐτὰ
1326 2475 1475 2543 πρὸς
1522 2476 1628 2528 τὸν
1671 2474 1842 2544 Ἀδὰμ

262 2559 414 2613 ἰδεῖν
438 2562 495 2614 τί
521 2563 765 2616 καλέσει
786 2563 955 2618 αὑτά.
993 2564 1101 2618 Kal
1130 2564 1253 2620 πᾶν
1294 2564 1325 2618 ὃ
1355 2565 1650 2619 ἐκάλεσεν
1693 2565 1841 2619 αὐτὸ

277 2653 451 2722 Ἀδὰμ
504 2653 718 2722 ψυχὴν
765 2653 995 2716 ζῶσαν,
1026 2656 1200 2710 τοῦτο
1251 2657 1437 2725 ὄνομα
1492 2656 1671 2722 αὐτῷ.
1727 2656 1838 2709 Kal

259 2744 558 2798 ἐκάλεσεν
604 2743 774 2814 Ἀδὰμ
826 2746 1085 2815 ὀνόματα
1124 2747 1271 2800 πᾶσι
1306 2746 1429 2811 τοῖς
1459 2747 1686 2814 θηρίοις
1731 2744 1840 2813 τῆς

259 2831 378 2902 γῆς
426 2833 524 2888 καὶ
583 2833 868 2901 κτήνεσι,
916 2837 1013 2890 καί
1067 2835 1217 2891 πᾶσι
1267 2836 1391 2902 τοῖς
1441 2838 1667 2904 θηρίοις
1734 2834 1839 2888 τοῦ

264 2925 475 2995 ἀγροῦ.

349 3016 485 3069 Ἀλλ’
525 3016 667 3072 ἔοικε
711 3018 958 3090 καθάπερ
985 3037 1069 3083 τις
1093 3019 1352 3093 γλοιώδης
1386 3020 1573 3091 πηλὸς,
1591 3022 1683 3073 καὶ
1722 3020 1839 3091 ὲχὲ-

263 3106 481 3174 κολλος,
506 3110 535 3161 6
563 3108 702 3162 κατά
748 3111 845 3180 τῆς
885 3111 1127 3175 ἐπινοίας
1174 3111 1322 3183 αὐτῷ
1374 3112 1645 3175 συντεθεὶς
1674 3112 1836 3183 λῆρος

262 3198 665 3268 παρακατέχειν
704 3201 874 3269 ἡμᾶς,
904 3200 998 3253 καὶ
1032 3202 1107 3272 μὴ
1149 3202 1243 3271 ὲᾷν
1265 3200 1373 3254 τῶν
1410 3202 1838 3273 χρησιμωτέρων

261 3289 663 3360 προσάψασθαι.
688 3290 810 3353 Πῶς
842 3291 948 3363 γάρ
976 3292 1041 3345 ἄν
1063 3309 1146 3355 τις
1171 3292 1519 3363 παραδράμοι
1550 3292 1645 3364 τὴν
1668 3310 1837 3347 σπου-

259 3381 419 3435 δαίαν
451 3383 666 3452 ὲκείνην
702 3385 797 3435 καὶ
824 3383 1292 3455 πεφροντισμένην
1318 3384 1654 3452 φιλοσοφίαν,
1679 3385 1735 3437 ὲν
1757 3379 1839 3449 οἷς

263 3488 419 3539 φησι,
457 3471 529 3543 μὴ
574 3473 732 3541 μόνον
767 3474 880 3535 τοῖς
916 3473 1211 3543 ποιήμασιν
1243 3473 1598 3541 ἐμφαίνεσθαι
1621 3474 1719 3546 τὴν
1741 3473 1836 3529 τοῦ

261 3561 397 3615 Θεοῦ
460 3562 949 3633 μεγαλοπρέπειαν,
982 3562 1113 3615 ἀλλά
1161 3564 1263 3616 κάν
1306 3566 1416 3626 τοῖς
1462 3564 1683 3635 ὀνόμασι
1728 3565 1841 3619 δια-

262 3653 568 3731 δείκνυσθαι
602 3654 699 3725 τὴν
736 3654 831 3709 τοῦ
863 3653 998 3707 Θεοῦ
1037 3653 1246 3723 σοφίαν,
1285 3655 1498 3719 οίκείως
1545 3657 1637 3709 καὶ
1667 3673 1837 3728 προσ-

264 3747 413 3813 φυῶς
440 3746 653 3816 ἑκάστῳ
680 3745 787 3799 τῶν
834 3745 1136 3815 γενομένων
1184 3744 1283 3808 τὰς
1332 3747 1702 3818 προσηγορίας
1737 3749 1838 3818 ἀρ-

267 3838 529 3907 μόσαντος
551 3855 567 3903 ;
597 3836 781 3891 Ταῦτα
801 3840 1085 3906 Κρατύλῳ
1110 3837 1251 3907 τάχα
1273 3836 1349 3908 τῷ
1374 3838 1701 3909 Πλατωνικῷ
1722 3838 1839 3891 δια-

261 3928 425 3998 λόγῳ,
458 3928 491 3998 ἢ
522 3928 685 3992 αὐτὸς
713 3928 976 3999 ἐντυχὼν,
1000 3930 1034 3998 ἦ
1073 3945 1215 3991 τινος
1265 3927 1373 3981 τῶν
1406 3930 1840 3999 ἐντετυχηκότων

263 4020 523 4083 ἀκούσας,
549 4018 638 4073 διὰ
658 4019 756 4090 τὴν
801 4019 998 4090 πολλὴν
1028 4016 1178 4091 οῐμαι
1207 4018 1477 4090 πτωχείαν
1504 4019 1613 4072 τῶν
1633 4021 1839 4090 νοημά-

262 4129 369 4165 των
398 4111 659 4183 ὲρράπτει
695 4113 807 4175 τοῖς
847 4111 993 4174 ἰδίοις
1020 4110 1206 4184 λήροις
1252 4109 1350 4173 τὰς
1385 4111 1502 4163 ἐκεῖ
1551 4109 1837 4181 φλυαρίας,

261 4204 446 4273 ὅμοιον
468 4200 637 4254 ποιῶν
669 4203 784 4265 τοῖς
810 4201 907 4273 τὴν
945 4201 1149 4272 τροφὴν
1177 4202 1241 4253 ὲκ
1278 4202 1685 4271 προσαιτήσεως
1714 4203 1841 4255 ἐαυ-

262 4293 373 4354 τοῖς
429 4291 863 4362 συναγείρουσιν.
902 4292 987 4355 Ὠς
1014 4291 1121 4364 γὰρ
1154 4292 1350 4345 ἐκεῖνοι
1400 4292 1571 4363 βραχύ
1601 4311 1651 4346 τι
1704 4298 1837 4367 παρ’

1941 1840 2104 1896 etiam
2140 1837 2558 1893 intellectualem
2591 1836 2759 1890 animi
2801 1834 3112 1889 facultatem
3140 1832 3303 1887 talem
3338 1845 3368 1884 a
3399 1829 3510 1886 Deo

1942 1931 2163 1995 factam,
2198 1945 2227 1983 a
2258 1931 2436 2000 seipsa
2480 1938 2737 1983 caeterum
2778 1927 3004 1991 moveri,
3055 1931 3110 1980 et
3149 1923 3218 1978 ad
3249 1938 3337 1978 res
3376 1936 3511 1977 con-

1942 2023 2078 2078 tueri
2105 2040 2117 2075 :
2148 2030 2311 2091 atque
2344 2030 2404 2074 ut
2436 2020 2640 2074 nullam
2670 2017 3051 2073 confusionem
3083 2013 3326 2085 cognitio
3352 2022 3509 2083 pate-

1940 2112 2282 2180 retur,veluti
2305 2110 2584 2182 signacula
2603 2108 2871 2179 quaedam,
2902 2114 3059 2162 notas
3082 2119 3203 2173 qua:
3221 2118 3318 2174 per
3341 2117 3509 2157 voces

1944 2206 2093 2268 fiunt,
2128 2205 2325 2272 cuique
2341 2203 2417 2256 rei
2440 2200 2644 2255 indere.
2670 2197 2785 2253 Hoc
2813 2198 3007 2267 dogma
3035 2196 3323 2251 confirmat
3341 2195 3507 2248 etiam

1941 2312 2171 2368 magnus
2198 2294 2395 2357 Moses,
2427 2306 2548 2346 cum
2585 2291 2721 2347 dixit
2743 2290 2810 2344 ab
2831 2290 3036 2343 Adamo
3064 2286 3243 2341 brutis
3268 2284 3510 2340 anim-an-

1941 2390 2087 2444 tibus
2110 2388 2330 2442 nomina
2370 2386 2541 2439 fuisse
2577 2384 2853 2453 imposita,
2884 2382 2963 2436 sic
3004 2379 3250 2435 scribens
3289 2376 3358 2431 ad
3386 2389 3510 2431 ver-

1940 2481 2067 2533 bum
2107 2498 2119 2532 :
2177 2477 2239 2531 Et
2288 2477 2536 2546 formavit
2586 2473 2727 2528 Deus
2768 2471 2995 2541 amplius
3027 2484 3108 2524 ex
3142 2479 3284 2523 terra
3326 2482 3506 2521 omnes

1941 2569 2133 2622 bestias
2169 2567 2305 2636 agri,
2336 2575 2386 2619 et
2419 2565 2595 2618 omnia
2625 2563 2869 2617 volatilia
2896 2562 3034 2625 caeli,
3071 2568 3121 2614 et
3165 2554 3392 2611 adduxit
3431 2556 3505 2608 ad

1939 2659 2200 2712 Adamum
2258 2667 2315 2711 ut
2367 2656 2559 2711 videret
2595 2654 2853 2726 quomodo
2912 2672 2973 2708 ea
3029 2659 3354 2719 nuncuparet
3404 2666 3423 2703 :
3454 2658 3506 2704 et

1939 2765 2088 2802 omne
2126 2748 2264 2817 quod
2295 2754 2529 2800 vocasset
2558 2745 2795 2799 Adamn:
2836 2744 3071 2797 animam
3095 2743 3367 2804 viventem,
3410 2739 3507 2792 hoc

1939 2858 2124 2895 nomen
2150 2840 2270 2905 ipsi.
2298 2837 2367 2890 Et
2398 2836 2593 2890 indidit
2623 2837 2857 2889 Adamn:
2884 2834 3103 2888 nomina
3122 2832 3300 2886 bestiis
3326 2838 3503 2893 terra,

1937 2942 1986 2986 et
2009 2931 2263 2999 jumentis
2289 2939 2338 2983 et
2364 2928 2604 2982 omnibus
2640 2925 2827 2979 belluis
2865 2924 2981 2993 agri
3012 2922 3082 2975 ⁷⁸.

2013 3022 2119 3078 Sed
2160 3022 2371 3077 videtur
2394 3020 2541 3074 velut
2572 3016 2840 3087 quoddam
2879 3014 3154 3068 viscosum
3193 3011 3407 3074 lutum,
3450 3015 3508 3064 et

1939 3118 2122 3185 gluten
2164 3114 2403 3174 habens,
2449 3110 2518 3165 ab
2540 3124 2605 3165 eo
2628 3115 2817 3163 contra
2846 3103 3360 3160 commentationem
3401 3097 3507 3153 cfli-

1940 3221 2085 3263 ctum
2110 3213 2475 3261 commentum
2506 3203 2621 3258 sive
2652 3200 3065 3256 deliramentum
3099 3208 3200 3249 nos
3236 3192 3503 3253 detinere,

1939 3315 2040 3354 nec
2088 3300 2264 3351 sinere
2305 3311 2406 3350 nos
2441 3294 2508 3347 ad
2540 3307 2603 3347 ea
2638 3306 2758 3361 qua:
2792 3291 2915 3358 plus
2967 3286 3221 3342 utilitatis
3254 3282 3507 3336 habitura

1941 3392 2087 3444 sunt,
2118 3384 2439 3453 pertingere.
2463 3379 2746 3445 Quomodo
2782 3377 2927 3434 enim
2956 3376 3083 3446 quis
3130 3374 3277 3426 illam
3306 3372 3506 3426 bonam

1940 3485 1993 3531 et
2032 3482 2342 3529 accuratam
2388 3470 2786 3542 philosophiam
2837 3467 3162 3538 praeteriret,
3213 3464 3269 3517 in
3302 3461 3505 3531 quibus

1945 3570 2039 3629 ait,
2074 3582 2179 3619 non
2212 3566 2387 3619 solum
2423 3563 2477 3616 in
2499 3561 2769 3617 creaturis
2802 3556 2894 3613 Dei
2921 3553 3376 3626 magnificentiam
3407 3565 3506 3618 ap-

1942 3674 2157 3729 parere,
2212 3657 2305 3711 sed
2353 3656 2515 3709 etiam
2576 3654 2630 3708 in
2685 3650 2997 3707 nominibus
3042 3647 3136 3700 Dei
3189 3642 3509 3714 sapientiam

1940 3747 2327 3810 demonstrari,
2364 3745 2457 3814 qui
2504 3742 2723 3813 pr0prie
2771 3750 2825 3795 et
2888 3738 2954 3791 ad
2999 3744 3248 3790 naturam
3291 3745 3510 3784 accom-

1940 3838 2155 3892 modate
2194 3836 2424 3904 singulis
2456 3834 2618 3887 rebus
2649 3833 2718 3885 ab
2744 3833 2865 3900 ipso
2894 3829 3095 3882 creatis
3118 3822 3508 3892 appellationes

1941 3928 2188 3998 aptavit?
2225 3927 2349 3980 llaac
2400 3923 2633 3979 fortasse
2666 3936 2789 3975 cum
2838 3923 2891 3973 in
2935 3916 3214 3985 Cratylum
3264 3910 3508 3965 Platonis

1941 4018 2222 4088 Dialogum
2256 4017 2339 4071 vel
2377 4016 2493 4085 ipse
2538 4012 2841 4072 incidisset,
2877 4009 2960 4062 vel
3005 4022 3070 4060 ex
3110 4005 3291 4072 aliquo
3317 4014 3508 4055 eorum

1941 4113 2033 4183 qui
2064 4112 2312 4181 legerunt
2343 4120 2466 4162 cum
2496 4104 2814 4166 audivisset,
2842 4100 2912 4154 ob
2932 4098 3180 4157 multam,
3209 4102 3268 4147 ut
3292 4092 3507 4159 opinor,

1942 4180 2224 4257 notionum
2264 4195 2669 4252 mendicitatem
2704 4191 2821 4247 suis
2851 4188 3011 4259 nugis
3039 4184 3215 4241 assuit
3244 4196 3364 4252 qua:
3394 4180 3509 4233 illic

1942 4302 2068 4349 sunt
2101 4298 2449 4362 nugamenta,
2503 4287 2680 4343 simile
2729 4282 2857 4353 quid
2901 4280 3106 4334 faciens
3150 4278 3233 4331 his
3277 4273 3371 4343 qui
3406 4271 3509 4325 ali-

263 4383 495 4437 ὲκάστου
534 4381 640 4435 τῶν
685 4382 982 4453 ὀρεγόντων
1034 4362 1331 4453 δεχόμενοι,
1361 4362 1443 4437 ἐκ
1479 4362 1736 4438 ποικίλων
1771 4362 1831 4439 τε

1944 4393 2183 4440 mentum
2231 4398 2298 4437 ex
2353 4378 2703 4435 mendicitate
2748 4372 2852 4429 sibi
2886 4370 3021 4440 ipsis
3070 4372 3393 4436 congerunt.
3438 4362 3510 4417 Ut

262 4474 358 4527 atat
386 4472 678 4527 πολυειδῶν
708 4472 807 4542 τὴν
825 4472 1033 4542 τροφὴν
1055 4474 1265 4538 ἑαυτοῖς
1285 4473 1645 4546 ὲρανίζουσινο
1668 4475 1839 4542 οὕτως

262 4568 356 4619 καὶ
380 4568 408 4619 6
452 4565 544 4619 τοῦ
585 4565 845 4634 Εὑνομίου
891 4564 1044 4632 λόγος
1083 4564 1170 4619 διὰ
1199 4566 1296 4635 τὴν
1328 4566 1422 4619 τοῦ
1454 4567 1707 4637 ἀληθινοῦ
1742 4569 1839 4638 ἀρ-

259 4675 355 4710 του
388 4657 579 4711 πενίαν
599 4696 613 4720 ,
639 4657 737 4719 τὰς
785 4656 1118 4726 πανταχόθεν
1157 4656 1321 4727 ψίχας
1354 4660 1611 4729 ῥημάτων
1650 4676 1711 4713 τε
1743 4662 1838 4714 καὶ

262 4748 547 4818 νοημάτων
582 4747 661 4817 τῷ
716 4746 827 4817 ἰδίῳ
880 4747 1212 4817 συνερανίζει
1262 4749 1429 4819 πόνῳ.
1488 4750 1596 4805 Καὶ
1645 4751 1836 4805 τούτου

262 4842 422 4911 χάριν
460 4839 885 4912 περικτυπηθεὶς
911 4842 977 4910 τῇ
1000 4839 1332 4911 καλλιφωνία⁸
1361 4842 1458 4911 τῆς
1490 4843 1835 4915 Πλατωνικῆς

264 4932 489 4996 λέξεως,
534 4930 740 5001 πρέπον
786 4931 956 4984 οἴεται
1008 4931 1182 5001 δόγμα
1232 4935 1329 5003 τῆς
1372 4933 1695 5004 Ἐκκλησίας
1737 4935 1836 5007 τὴν

262 5023 471 5075 ἐκείνου
501 5021 815 5090 φιλοσοφίαν
843 5022 1188 5091 ποιήσασθαι.
1212 5023 1410 5087 Πόσαις
1434 5024 1559 5092 γάρ,
1579 5025 1697 5077 εἰπέ
1721 5043 1833 5095 μοι,

264 5117 465 5183 φωναῖς
491 5114 630 5167 κατά
661 5113 761 5177 τὰς
794 5114 902 5167 τῶν
936 5113 1103 5168 ἐθνῶν
1139 5115 1396 5186 διαφορὰς
1426 5118 1457 5186 ἡ
1483 5116 1575 5169 τοῦ
1607 5118 1836 5187 στερεώ-

268 5223 433 5272 ματος
461 5204 884 5273 κατονομάζεται
915 5206 1090 5269 κτίσις
1126 5222 1139 5270 ;
1184 5206 1371 5275 Ἡμεῖς
1408 5207 1632 5277 οὐρανὸν
1678 5208 1835 5263 τοῦτο

264 5293 515 5362 λέγομεν,
534 5294 757 5362 Σαμαὶμ
779 5296 808 5346 ὁ
841 5293 1110 5364 Ἐϐραῖος,
1136 5296 1164 5347 6
1195 5295 1460 5365 Ῥωμαῖος
1486 5296 1834 5367 Κελοὺμ,καὶ

262 5385 437 5447 ἄλλως
463 5386 491 5436 6
523 5384 711 5455 Σύρος,
749 5385 776 5436 6
812 5385 1012 5453 Μῆδος,
1045 5387 1072 5437 6
1108 5387 1501 5457 Καππαδόκης,
1524 5389 1551 5439 6
1582 5389 1835 5459 Μαυρού-

265 5492 397 5541 σιος,
419 5478 448 5528 6
476 5476 710 5548 Σκύθης,
732 5479 761 5529 6
791 5476 957 5547 Θρᾲξ,
988 5479 1017 5529 6
1045 5478 1355 5545 Αίγύπτιοςο
1388 5481 1506 5532 οὐδὲ
1532 5482 1833 5551 ἀριθμῆσαι

334 5654 386 5693 ﬂ
420 5652 558 5710 Psal.
587 5673 707 5721 cm,
738 5657 829 5711 24.
904 5660 950 5689 ⁷³
984 5656 1117 5712 Gen.
1153 5676 1232 5720 lli,
1270 5659 1352 5722 l9,
1386 5662 1473 5714 ευ.

1935 4479 2079 4534 enim
2128 4476 2205 4529 illi
2252 4473 2525 4527 modicum
2576 4468 2707 4538 quid
2747 4480 2777 4520 a
2826 4463 3060 4532 singulis
3102 4456 3508 4530 porrigentibus

1936 4569 2289 4637 accipientes,
2338 4578 2404 4618 ex
2446 4562 2609 4616 variis
2636 4567 2689 4614 et
2729 4555 3156 4611 multiformibus
3190 4552 3507 4604 alimentum

1934 4658 2040 4712 sibi
2086 4656 2221 4726 ipsis
2266 4656 2580 4721 corrogant,
2620 4649 2701 4703 sic
2744 4645 2999 4701 Eunomii
3056 4656 3238 4696 sermo
3288 4647 3509 4708 propter

1935 4749 2046 4804 veri
2083 4746 2239 4818 panis
2278 4744 2516 4815 inapiam
2557 4740 2799 4810 undique
2827 4736 3120 4793 verborum
3149 4740 3202 4787 et
3225 4733 3507 4785 notionum

1936 4842 2109 4895 micas
2150 4837 2369 4907 proprio
2400 4834 2573 4889 labori
2611 4838 2883 4901 corrogat,
2924 4827 3198 4895 hujusque
3230 4836 3397 4875 causa
3438 4820 3510 4873 ob

1938 4931 2229 4986 Platonica:
2282 4927 2539 4983 dictionis
2592 4924 2913 4994 elegantiam
2966 4917 3255 4975 attonitus,
3313 4912 3509 4966 decere

1937 5024 2191 5094 opinatur
2264 5021 2489 5077 decreta
2538 5016 2797 5071 Ecclesia:
2852 5008 3251 5083 philosophiam
3307 5005 3505 5059 facere.

1937 5116 2082 5181 Quot
2110 5114 2289 5177 enim,
2324 5111 2411 5166 dic
2451 5109 2605 5170 mihi,
2643 5106 2871 5161 vocibus
2917 5099 3217 5157 secundum
3268 5094 3508 5167 gentium

1937 5205 2274 5263 differentias
2341 5200 2668 5257 firmamenti
2733 5203 2928 5252 natura
3000 5188 3349 5246 nominatur?
3396 5183 3509 5242 Nos

1941 5295 2136 5366 (Graeci
2152 5292 2426 5363 videlicet)
2444 5289 2672 5362 οὐρανόν
2690 5287 2947 5350 dicimus,
2970 5281 3207 5338 Samaim
3225 5278 3506 5341 Hebraeus,

1938 5387 2220 5442 Romanus
2236 5385 2529 5447 ρωιυιη,ει
2548 5382 2704 5437 aliter
2741 5378 2931 5451 Syrus,
2949 5375 3154 5441 Medus,
3192 5370 3505 5441 Cappadox,

1943 5480 2273 5546 Maurusius,
2312 5477 2533 5547 Scytha,
2572 5473 2775 5537 Thrax,
2825 5468 3137 5542 Egyptius.
3181 5466 3366 5534 Neque
3398 5478 3505 5516 nu-
