4006 6552
497 240 631 298 1047

1764 235 1825 293 S.
1864 229 2189 291 GREGORH
2229 232 2520 296 NYSSENI

3616 240 3755 295 4048

496 373 710 415 merere
741 357 898 414 facile
928 367 1011 413 est
1042 354 1324 412 nominum
1364 353 1723 419 dill‘erentias,
1757 363 1897 423 quot
1935 363 2065 411 sunt

2192 356 2349 427 ἰᾲδιον
2369 360 2468 423 τὰς
2494 360 2603 414 τῶν
2633 361 2912 431 ὀνομάτων
2936 358 3220 431 διαφορὰς,
3250 358 3373 412 ὅσαι
3415 359 3558 413 κατὰ
3602 359 3752 423 ἔθνος

498 447 799 505 secundum
822 446 1065 517 singulas
1086 453 1278 516 gentes
1298 443 1367 501 de
1382 445 1533 503 coelo
1554 452 1607 501 et
1632 444 1857 515 reliquis
1874 445 2063 501 rebus.

498 536 784 603 Quodnam
820 536 1006 606 igitur.
1039 535 1149 599 dic,
1180 535 1377 591 horum
1407 534 1652 595 nativum
1684 542 1739 589 et
1758 535 2064 605 genuinum

498 636 582 683 est
620 642 817 681 nomen
840 641 1008 695 ,quo
1036 626 1321 696 magniﬁca
1372 625 1468 685 Dei
1510 626 1787 697 sapientia
1836 626 2062 681 demon-

499 720 741 772 stratur?
776 717 836 771 Si
874 717 1119 773 Graecum
1157 718 1384 789 reliquis
1406 717 1687 789 praeferas.
1714 718 1814 773 tibi
1847 719 2070 773 resistet

501 810 731 864 fortasse
761 809 1053 880 ABgyptius
1080 824 1235 865 suum
1260 822 1602 881 praponeos.
1626 808 1697 864 Et
1724 809 1769 865 si
1798 810 2069 865 llebraico

500 898 705 967 primas
730 898 965 961 deleras.
999 898 1169 969 Syrus
1202 915 1359 955 suam
1392 915 1578 955 vocem
1601 915 1671 954 ex
1702 900 1939 956 adverso
1970 916 2069 969 op-

499 998 685 1057 ponet,
715 1006 890 1060 neque
928 990 1207 1048 Romanus
1250 992 1345 1047 his
1376 991 1443 1046 de
1492 992 1731 1062 primatu
1781 993 1961 1047 cedet.
2005 992 2069 1047 Et

502 1078 691 1135 Medus
730 1096 837 1135 non
866 1080 1119 1135 admittet
1154 1096 1255 1136 sua
1286 1096 1398 1139 non
1435 1081 1648 1152 priores
1678 1090 1861 1153 partes
1894 1083 2065 1139 terre.

502 1170 566 1224 Et
594 1187 660 1226 ex
698 1173 924 1242 reliquis
944 1174 1198 1243 gentibus
1226 1190 1457 1245 qumque
1486 1190 1647 1231 suum
1686 1178 1895 1246 primas
1924 1178 2068 1232 obti-

502 1276 632 1317 nere
655 1265 815 1318 uolet.
848 1264 985 1330 Quid
1020 1267 1183 1334 igitur
1224 1283 1333 1321 non
1370 1270 1611 1337 patietur
1650 1270 1848 1339 dogma
1886 1272 1951 1326 ad
1987 1279 2071 1327 tot

499 1369 695 1410 vocum
727 1357 1063 1413 diﬂ‘erontias
1098 1374 1126 1410 τι
1157 1363 1702 1418 controversantibus
1737 1364 2073 1420 discissum?

505 1444 609 1503 Sed
632 1464 701 1503 ea:
732 1450 837 1515 his,
870 1450 1071 1522 inquit,
1104 1462 1355 1523 tanquam
1382 1454 1587 1525 legibus
1603 1457 1661 1510 in
1687 1472 1868 1522 aperto
1885 1461 2069 1527 positis

503 1540 805 1595 declaratur
836 1541 1002 1597 Deum
1029 1538 1239 1601 naturis
1278 1558 1624 1619 congruentes
1658 1550 1795 1604 inter
1811 1567 1866 1605 se
1892 1552 2074 1620 appel-

2168 447 2295 516 περί
2327 465 2387 501 τε
2428 449 2658 521 οὐρανοῦ
2687 451 2782 504 κα)⁵
2823 450 2932 504 τῶν
2963 449 3170 503 λοιπῶν
3211 449 3558 520 πραγμάτων
3595 444 3755 503 οὖσαι

2167 539 2514 610 τυγχάνουσι.
2551 543 2710 595 Ποῖον
2756 537 2871 606 οῦν,
2908 542 3029 595 εἰπέ
3076 559 3186 611 μοι,
3218 539 3423 593 τούτων
3477 540 3757 610 προσφυές

2168 631 2313 682 ἐστιν
2344 630 2534 702 ὄνομα,
2558 624 2602 698 ᾧ
2626 633 2660 701 ἡ
2702 630 3123 702 μεγαλοπρεπὴς
3154 629 3314 698 σοφία
3330 628 3429 681 τοῦ
3470 627 3609 680 Θεοῦ
3637 628 3755 680 δια-

2167 720 2471 789 adnotat;
2506 726 2604 777 Ἂν
2635 725 2697 778 τὸ
2744 724 3049 796 Ἑλληνικὸν
3098 722 3208 776 τῶν
3239 722 3445 776 λοιπιῖιν
3478 722 3759 793 προτιμή-

2171 830 2292 884 σῃς,
2318 815 2698 887 ἀντιστήσεταί
2728 831 2810 869 σοι
2852 815 3013 885 τυχὸν
3050 818 3082 868 ό
3131 814 3426 882 Αἰγύπτιος
3470 812 3532 865 τὸ
3562 810 3757 864 ἑαυτοῦ

2170 905 2624 977 προϐαλλόμενος.
2666 907 2786 961 Κᾶν
2824 906 2901 975 τῷ
2940 905 3212 977 Ἐδραῖκῷ
3253 903 3322 957 τὰ
3358 905 3605 977 προπεία
3647 902 3761 955 ve!-

2173 1011 2299 1066 μῃς,
2336 996 2756 1065 ἀντιπαρεξάγει
2793 997 2822 1049 ό
2846 994 3014 1064 Σύρος
3043 993 3140 1061 τὴν
3176 992 3312 1045 ἰδίαν
3342 990 3548 1061 φωνὴν,
3573 988 3696 1041 οὐδὲ
3728 990 3762 1041 ό

2182 1088 2448 1158 Ῥωμαίος
2468 1087 2675 1150 τούτοις
2693 1086 2800 1140 τῶν
2823 1086 3104 1156 πρωτείων
3137 1084 3403 1153 ὑφήσεται
3422 1098 3438 1112 ·
3459 1082 3555 1134 καὶ
3584 1082 3615 1133 ὁ
3634 1078 3761 1145 Mi}-

2169 1179 2353 1242 δος,οὖ
2382 1178 2589 1242 δέξεται
2626 1178 2699 1249 μὴ
2721 1178 2787 1231 τὰ
2814 1176 3003 1231 ἑαυτοῦ
3034 1174 3404 1246 προτερεὺειν·
3432 1172 3622 1225 καὶοέκ
3648 1170 3763 1223 τῶν

2171 1270 2375 1322 λοιπῶν
2405 1270 2574 1323 ἐθνῶν
2600 1270 2828 1324 ἕκαστον
2856 1268 2925 1322 τὰ
2958 1266 3151 1322 ἑαυτοῦ
3178 1266 3397 1331 ἀξιώσει
3418 1263 3752 1335 πρωτεύειν.

2171 1360 2236 1414 Τί
2267 1358 2361 1415 οὖν
2404 1361 2464 1414 οὐ
2498 1362 2743 1415 πείσεται
2775 1361 2837 1413 τὸ
2864 1362 3040 1429 δόγμα
3080 1360 3217 1429 πρὸς
3244 1357 3510 1419 τοσαύτας
3560 1353 3765 1423 φωνῶν

2170 1451 2431 1522 διαφορὰς
2463 1450 2567 1503 ὑπὸ
2604 1450 2713 1503 τῶν
2760 1448 3244 1521 ἀμφισϐητούντων
3296 1446 3711 1516 διασχιςόμενον
3745 1463 3765 1513 ;

2186 1542 2337 1594 Ἀλλ’
2374 1540 2440 1593 ἐκ
2473 1540 2718 1603 τούτων,
2746 1542 2901 1612 φησὶ,
2934 1526 3198 1606 καθάπερ
3238 1537 3437 1607 νόμων
3478 1533 3770 1604 ἐμφανῶς

502 1625 730 1681 latione:
764 1628 958 1696 facere.
999 1630 1043 1686 0
1092 1634 1494 1705 magniﬁcentia
1542 1638 1842 1710 dignitatis,
1880 1640 2071 1710 quales

2192 1630 2478 1702 ιειμένων,
2499 1632 2786 1700 δηλοῦται
2814 1632 2880 1685 τὸ
2909 1631 3015 1685 τόν
3038 1633 3186 1684 Θεὸν
3209 1628 3338 1695 ταῖς
3368 1629 3595 1697 φύσεσι
3618 1642 3771 1696 πρε-

505 1716 792 1786 opinioues
832 1720 1037 1776 diuinis
1070 1699 1337 1781 doctrinis
1381 1699 1669 1799 theologus
1709 1699 2069 1800 grat'ilicatur,

2192 1699 2420 1792 ποῦσας
2479 1699 2903 1790 καταλλήλους
2960 1723 3253 1778 ποιεῖσθαι
3318 1720 3422 1787 τὰς
3479 1719 3768 1785 κλήσεις.

505 1823 641 1878 quas
668 1824 842 1880 neque
864 1812 1269 1872 batneatoribus
1290 1818 1531 1873 invident
1554 1819 1833 1877 homines!
1866 1823 2075 1877 Etenim

509 1902 620 1958 illis
650 1906 957 1960 concedunt
997 1907 1217 1962 nomina
1254 1910 1456 1979 lingere
1483 1912 1917 1981 operationibus,
1952 1916 2077 1983 qui-

509 1994 613 2049 bus
654 1995 999 2053 elaborantes
1035 2009 1398 2070 occupantur,
1440 2011 1496 2057 et
1540 2004 1724 2058 nullus
1778 2005 1925 2073 ipsos
1972 2004 2081 2061 Deo

510 2086 809 2154 aequalibus
838 2088 1138 2147 honoribus
1188 2092 1518 2157 nobilitavit,
1571 2095 1791 2165 quando
1828 2096 2079 2165 pollubra

511 2175 626 2230 sive
654 2178 908 2245 pelluvia,
941 2188 995 2234 et
1027 2182 1341 2250 psilethera,
1396 2200 1494 2239 seu
1548 2197 1824 2256 unguenta
1871 2188 2081 2257 depila-

511 2268 670 2330 toria,
704 2278 757 2322 et
782 2270 1052 2335 mantilia,
1092 2282 1147 2327 et
1184 2274 1314 2328 talia
1350 2276 1517 2329 multa
1547 2276 1636 2331 his
1680 2293 1804 2347 quae
1838 2278 1907 2333 ab
1949 2279 2083 2348 ipsis

514 2358 671 2421 lium,
722 2359 1098 2431 imponuntur,
1167 2380 1289 2435 qua:
1337 2368 1728 2423 convenienter
1792 2369 2083 2424 verborum

514 2449 915 2521 signiﬁcatione
943 2470 1058 2510 rem
1090 2466 1275 2527 aperte
1301 2459 1608 2515 declarant.

586 2621 689 2679 Sed
736 2633 793 2679 et
840 2626 955 2682 haec
1000 2631 1311 2699 praeteribo,
1357 2641 1412 2686 et
1462 2634 1786 2705 Epicuream
1842 2638 2084 2708 ipsorum

513 2716 817 2772 naturalem
854 2719 1137 2775 scientiam
1167 2722 1427 2794 deinceps
1450 2716 1707 2796 positam,
1738 2743 1898 2798 quam
1929 2730 2092 2799 aequi-

512 2806 695 2861 ulere
724 2812 1168 2866 commentationi
1190 2812 1345 2878 dicit,
1367 2815 1459 2884 qui
1483 2816 1645 2871 inane
1662 2825 1720 2872 et
1750 2818 2089 2873 individuum

513 2899 900 2967 corpusculum
921 2908 974 2955 et
1006 2900 1259 2959 fortuitas
1284 2918 1467 2959 rerum
1497 2908 1876 2976 generationes
1897 2924 2093 2980 cogna-

514 2985 719 3042 tionem
756 2989 1047 3058 quamdam
1094 2990 1296 3048 habere
1326 2995 1523 3049 asserit
1548 3011 1672 3050 cum
1710 3013 1776 3052 eo
1805 2999 1949 3068 quod
1994 3015 2091 3069 per

515 3080 1027 3137 commentationem
1076 3098 1201 3141 esse
1269 3085 1604 3143 declaratur.
1676 3087 1755 3142 En
1815 3092 2088 3160 quomodo

517 3166 811 3239 Epicurum
843 3175 1014 3240 novit,
1043 3177 1288 3235 dicentes
1305 3182 1603 3244 arguimur.
1633 3180 1904 3238 Taceatur
1923 3186 2087 3239 etiam

516 3260 638 3330 ejus
672 3277 875 3331 praeses
891 3274 946 3320 et
975 3266 1288 3337 dogmatum
1312 3270 1531 3340 adiutor
1556 3273 1904 3337 Aristoteles,
1932 3274 2090 3341 cujus

518 3352 831 3422 opinionem
862 3355 1121 3425 deinceps
1158 3359 1336 3429 inquit
1380 3363 1859 3417 commentationis
1891 3380 2094 3419 sermo-

518 3442 682 3498 nibus
704 3443 962 3499 conferri.
993 3447 1140 3501 Illius
1171 3449 1315 3502 enim
1371 3449 1550 3519 inquit
1579 3466 1703 3505 esse
1731 3452 1947 3522 dogma,
1982 3469 2089 3508 non

519 3548 619 3602 per
670 3535 850 3588 omnia
900 3547 1188 3600 penetrare
1238 3537 1667 3605 Providentiam,
1714 3558 1888 3613 neque
1920 3560 2095 3614 usque

521 3623 590 3677 ad
641 3640 729 3679 res
760 3634 1005 3681 terrenas
1041 3643 1365 3696 permeare:
1402 3631 1546 3701 quod
1581 3633 1799 3703 quidem
1834 3635 1924 3689 hic
1960 3650 2094 3691 con—

522 3728 718 3770 sonum
778 3716 864 3772 his
920 3735 1041 3789 qua:
1095 3736 1193 3791 per
1254 3726 1767 3781 commentationem
1821 3728 2094 3797 exquisita

522 3814 673 3868 sunt,
722 3806 1044 3874 conﬁrmat;
1092 3811 1174 3867 sic
1229 3813 1578 3869 considerate
1640 3832 1735 3885 per
1783 3827 2095 3871 accuratam

525 3894 884 3952 subtilitatem
932 3897 1188 3970 dogmata
1227 3900 1517 3972 dijudieat.
1569 3903 1675 3959 Sed
1722 3904 2093 3975 progrediens,

525 3994 779 4055 oportere
810 3988 961 4055 dicit,
1006 3991 1092 4046 vel
1132 4006 1310 4063 neque
1338 4002 1518 4049 ortum
1558 4010 1747 4051 eorum
1779 4000 1909 4066 quae
1947 4004 2093 4059 sunt,

527 4076 636 4134 Deo
662 4080 985 4149 concedere,
1012 4084 1095 4139 vel
1128 4084 1172 4139 si
1209 4085 1359 4140 hunc
1386 4086 1725 4153 dederimus,
1757 4103 1866 4142 non
1889 4088 2094 4144 auferri

527 4169 808 4224 nominum
848 4172 1195 4241 positionem.
1236 4174 1549 4240 Quinetiam
1594 4177 1663 4230 de
1692 4176 1869 4232 brutis
1912 4187 1966 4231 et
2009 4193 2100 4231 ra—

525 4262 692 4317 tionis
724 4264 1059 4334 expertibus,
1088 4266 1235 4321 sicut
1260 4275 1385 4322 ante
1409 4267 1669 4333 diximus,
1700 4269 2037 4323 contrarium
2067 4283 2097 4323 a

532 4351 815 4423 Scriptura
861 4354 1139 4423 docemur,
1191 4358 1336 4428 quod
1392 4374 1566 4429 neque
1603 4358 1732 4414 fecit
1774 4360 1944 4414 Adam
1977 4362 2098 4415 ani-
2131 4397 2176 4452 Β

526 4445 712 4508 malia,
751 4460 925 4515 neque
968 4449 1268 4503 nominavit
1303 4449 1465 4513 Deus,
1513 4449 1609 4505 sed
1644 4465 1674 4504 a
1724 4449 1836 4506 Deo
1881 4450 2099 4521 quidem

527 4545 702 4602 ortus,
740 4537 810 4591 ab
843 4538 1062 4594 homine
1093 4555 1226 4596 vero
1263 4539 1534 4595 laetorum
1564 4542 1925 4612 nuncupatio,
1959 4543 2105 4598 sicut.

529 4642 561 4682 a
607 4626 756 4682 Mosa
801 4628 995 4684 litteris
1044 4631 1317 4699 proditum
1373 4641 1477 4687 est.
1533 4631 1737 4688 Deinde
1786 4648 2100 4689 sermonum

529 4718 688 4776 nobis
725 4722 1031 4775 encomium
1066 4724 1287 4792 proprio
1332 4738 1588 4779 sermone
1619 4725 1989 4793 persequitur,
2038 4738 2103 4779 ac

529 4812 578 4866 si
618 4812 743 4882 quis
770 4811 1065 4883 ignominia
1106 4812 1337 4869 alliceret
1390 4815 1495 4868 vim
1524 4822 1576 4869 et
1628 4815 1937 4871 facultatem
1984 4830 2102 4870 ser-

529 4906 729 4968 monis,
771 4914 825 4959 et
852 4905 927 4958 ait
956 4914 1079 4974 post
1124 4906 1267 4959 illam
1304 4906 1559 4961 stolidam
1591 4914 1644 4960 et
1673 4906 1889 4962 inanem
1940 4916 2104 4975 atque

524 4997 847 5053 insolentem
886 4998 1169 5052 verborum
1208 5006 1562 5062 structuram,
1602 4997 1956 5055 Providentiae
1990 5000 2105 5069 lege

528 5096 580 5140 ct
629 5103 882 5142 mensura
935 5088 1176 5158 perteue
1218 5090 1475 5158 cepulare
1518 5104 1642 5143 cum
1690 5090 2000 5161 cognitione
2050 5099 2106 5147 ct

525 5193 629 5233 usu
676 5180 1128 5245 necessariorum,
1152 5183 1430 5234 nominum
1477 5180 1856 5248 traditionem,
1907 5184 2104 5238 multa-

468 5340 471 5343 _
527 5286 634 5339 que
682 5270 951 5339 ejusmodi
1000 5272 1054 5325 in
1101 5271 1373 5343 profundo
1425 5287 1620 5328 somno
1664 5288 1787 5327 cum
1831 5274 2102 5341 delirarit,

525 5361 594 5414 ad
648 5362 1117 5433 inexpugnabilem
1155 5372 1317 5434 atque
1361 5365 1759 5419 ineluctabilem
1798 5366 2100 5420 necessita-

530 5464 635 5509 tem
658 5471 907 5511 sermone
941 5466 1256 5525 pertransrt.
1293 5457 1475 5512 Dicam
1524 5468 1701 5511 autem
1740 5473 1843 5510 non
1877 5458 1940 5509 ad
1982 5475 2106 5513 vcr-

530 5544 679 5611 bum,
736 5547 830 5601 sed
876 5550 1047 5601 solam
1095 5551 1469 5605 tantummodo
1526 5550 1847 5603 sententiam
1900 5565 2107 5603 sermo-

534 5653 659 5691 num
704 5637 848 5694 iitius
894 5654 1167 5711 exponens
1214 5660 1226 5693 :
1272 5639 1429 5703 Non,
1484 5642 1691 5712 inquit,
1738 5641 1901 5709 poclis
1970 5643 2106 5695 ossi—

2186 1816 2248 1868 ’Ὼ
2292 1816 2389 1885 τῆς
2426 1816 2790 1886 μεγαλοφυΐας
2843 1815 2935 1868 τοῦ
2976 1814 3280 1884 δόγματος1
3312 1813 3429 1875 οἵας
3460 1809 3771 1880 ὑπολήψεις

2183 1912 2301 1973 ταῖς
2340 1908 2509 1971 θείαις
2564 1907 2932 1970 διδασκαλίαις
2972 1908 3002 1961 ό
3044 1907 3293 1975 θεολόγος
3344 1903 3651 1976 χαρίζεται,
3689 1893 3771 1953 ὧν

2185 2001 2306 2056 οὐδὲ
2337 2004 2446 2066 τοῖς
2486 2000 2770 2071 βαλανεῦσι
2799 1997 3081 2069 φθονοῦσιν
3098 1999 3148 2050 οἱ
3185 1996 3491 2067 ἄνθρωποιὲ
3521 1996 3632 2048 Καὶ
3652 1993 3770 2064 γὰρ

2186 2094 2417 2157 ἐκείνοις
2447 2092 2835 2165 συγχωροῦμεν
2882 2091 3283 2163 ὀνοματοποιεῖν
3323 2088 3602 2158 ἐνεργείας
3633 2086 3773 2154 περὶ

2185 2186 2253 2248 ἃς
2279 2184 2562 2247 πονοῦντες
2586 2184 2933 2253 τυγχάνουσι,
2968 2182 3063 2235 καὶ
3104 2181 3278 2246 οὐδεὶς
3302 2178 3499 2237 αὐτοὺς
3537 2175 3773 2237 ἰσοθέοις

2189 2276 2374 2343 τιμαῖς
2402 2274 2792 2342 ἀπσέμνυνεν,
2823 2271 2913 2324 ὅτε
2946 2272 3294 2337 ποδάνιπτρα,
3318 2268 3410 2321 καὶ
3455 2264 3770 2335 ψιλέθειρα,

2190 2363 2283 2417 καὶ
2314 2362 2703 2433 χειρόμακτρα,
2740 2363 2832 2416 καὶ
2859 2361 3084 2414 τοιαῦτα
3125 2359 3295 2412 πολλὰ
3323 2359 3434 2421 τοῖς
3458 2356 3772 2426 γινομένοις

2193 2455 2323 2522 παρ’
2352 2453 2527 2506 αὐτῶν
2575 2453 2832 2515 τίθενται,
2869 2450 3163 2523 προσφυῶς
3188 2448 3454 2521 δηλοῦντα
3485 2451 3553 2519 τῇ
3583 2448 3772 2516 ἐμφά-

2194 2560 2273 2595 σει
2306 2543 2412 2596 τῶν
2441 2545 2699 2615 ῥημάτων
2723 2543 2783 2596 τὸ
2818 2542 3191 2612 ὑποκείμενον.

2277 2633 2436 2687 Ἀλλὰ
2485 2632 2943 2704 παραδραμοῦμαι
2983 2632 3078 2687 ικαὶ⁸
3119 2630 3309 2696 ταῦτα,
3345 2631 3440 2685 καὶ
3471 2630 3572 2700 τὴν
3618 2628 3774 2683 Ἐπι-

2196 2726 2438 2797 κούρειον
2468 2724 2644 2779 αὐτῶν
2675 2724 3017 2794 φυσιολογίαν
3039 2724 3236 2794 ἐφεξῆς
3252 2723 3533 2794 κειμένην,
3559 2724 3625 2793 ἣν
3661 2723 3776 2774 ἰσο-

2194 2818 2449 2887 δυναμεῖν
2473 2817 2537 2887 τῇ
2590 2816 2801 2888 ἐπινοίᾳ
2854 2818 3038 2885 φησὶν,
3070 2819 3098 2869 ὁ
3126 2817 3187 2870 τδ
3236 2815 3388 2870 κενὸν
3415 2814 3512 2868 καὶ
3545 2815 3771 2885 ἄτομον,

2196 2908 2290 2962 καὶ
2314 2908 2411 2971 τὰς
2444 2907 2668 2978 τυχαίας
2694 2908 2802 2960 τῶν
2842 2908 3010 2961 ὄντων
3030 2907 3289 2977 γενέσεις,
3316 2907 3595 2975 συγγενῶς
3621 2906 3773 2975 ἔχειν

2198 2999 2369 3067 λέγων
2404 3000 2539 3070 πρὸς
2573 3000 2632 3052 τὸ
2660 2998 2748 3052 διὰ
2780 2999 2881 3068 τῆς
2907 3000 3144 3062 ἐπινοίας
3173 2999 3521 3070 δηλούμενον.
3559 2998 3622 3051 Ὢ
3649 2997 3775 3060 πῶς

2194 3091 2383 3159 ἐνόησε
2413 3091 2502 3142 τὸν
2551 3088 2884 3160 Ἐπίκουρον,
2915 3089 3163 3157 λέγοντες
3191 3086 3524 3157 ἐλεγχόμεθα
3552 3090 3567 3141 ι
3599 3087 3774 3154 Σιγά-

2194 3182 2307 3234 σθω
2341 3182 2433 3234 καὶ
2470 3184 2499 3235 ό
2536 3183 2844 3252 προστάτης
2884 3180 3046 3234 αὐτοῦ
3078 3180 3174 3233 καὶ
3221 3178 3505 3249 σύμμαχος
3546 3177 3657 3230 τῶν
3686 3179 3777 3230 δο-

2192 3271 2420 3341 γμάτων
2458 3271 2863 3341 Ἀριστοτέλης,
2893 3266 2954 3325 οὗ
2983 3270 3082 3341 τὴν
3120 3269 3275 3336 δόξαν
3307 3271 3364 3322 ὲν
3410 3271 3523 3332 τοῖς
3570 3268 3777 3337 ἐφεξῆς

2197 3378 2331 3431 φησι
2359 3364 2471 3423 τοῖς
2501 3362 2599 3431 τῆς
2627 3360 2867 3423 ἐπινοίας
2900 3359 3075 3427 λόγοις
3101 3357 3490 3429 συμφέρεσθαι.
3526 3356 3774 3409 Ἐκείνου

2197 3452 2306 3525 γάρ
2345 3469 2507 3524 φησιν
2555 3450 2692 3505 εἶναι
2722 3452 2783 3505 τὸ
2818 3452 3026 3521 δόγμα,
3055 3449 3117 3502 τό
3164 3449 3237 3520 μὴ
3281 3449 3369 3502 διὰ
3404 3448 3622 3502 πάντων
3664 3448 3777 3499 τῶν

2197 3546 2366 3598 ὄντων
2394 3545 2601 3615 διήκειν
2632 3544 2730 3614 τὴν
2762 3544 3042 3613 Πρόνοιαν.
3091 3542 3224 3612 μηδὲ
3261 3543 3419 3612 μέχρι
3460 3540 3568 3593 τῶν
3624 3556 3776 3609 περιο

2198 3634 2359 3704 γείων
2410 3634 2705 3688 διαϐαίνειν
2737 3634 3096 3705 πραγμάτων.
3127 3634 3301 3703 Ὅπερ
3344 3626 3497 3694 οὗτος
3542 3630 3777 3700 σύμφω-

2200 3741 2287 3777 νον
2314 3727 2423 3786 τοῐς
2445 3724 2583 3777 κατὰ
2607 3723 2703 3792 τὴν
2728 3724 2966 3777 ἐπίνοιαν
2986 3722 3369 3793 ἐξητασμένοις
3394 3715 3533 3775 εἶναι
3564 3721 3776 3790 διισχυ-

2203 3816 2429 3887 ρίζεται,
2452 3813 2623 3878 οὕτως
2656 3814 2772 3867 ἐστι
2822 3814 3024 3885 κρίνειν
3061 3813 3485 3884 ὲπεσκεμμένως
3514 3812 3584 3864 δι’
3610 3813 3776 3883 ἀκριο

2202 3906 2352 3969 ϐείας
2407 3906 2475 3959 τὰ
2523 3906 2786 3975 δόγματα.
2834 3905 2993 3959 Ἀλλά
3023 3904 3226 3977 προῖὼν
3262 3904 3455 3975 χρῆναί
3512 3902 3773 3973 φησιν,ἦ

2206 3998 2339 4069 μηδὲ
2381 3998 2478 4069 τὴν
2510 3997 2721 4067 γένεσιν
2753 3996 2859 4050 τῶν
2916 3996 3083 4050 ὄντων
3127 3996 3205 4066 τῷ
3232 3995 3349 4065 Θεῷ
3381 3996 3707 4064 συγχωρεῖν,
3738 3993 3775 4063 ἢ

2201 4089 2389 4152 δόντας
2433 4091 2636 4160 ταύτην
2676 4089 2749 4160 μὴ
2794 4089 3179 4160 παραιρεῖσθαι
3224 4089 3321 4157 τὴν
3356 4086 3464 4141 τῶν
3492 4086 3775 4156 ὀνομάτων

2205 4177 2371 4232 θέσιν.
2412 4179 2523 4231 Καὶ
2561 4179 2668 4249 μὴν
2714 4179 2809 4231 καὶ
2859 4179 2987 4249 περὶ
3023 4178 3132 4230 τῶν
3164 4177 3391 4244 ἀλόγων,
3420 4174 3604 4237 καθὼς
3639 4174 3776 4243 φθά-

2205 4285 2394 4331 σαντες
2422 4268 2741 4338 εἰρήκαμεν,
2769 4267 2829 4320 τὸ
2871 4266 3107 4321 ἐναντίον
3130 4266 3277 4337 παρὰ
3302 4266 3401 4335 τῆς
3447 4265 3672 4335 Γραφῆς
3701 4266 3774 4317 δι-

2203 4360 2531 4431 δασκόμεθα,
2552 4360 2630 4411 ὅτι
2671 4358 2793 4411 οὔτε
2840 4358 3091 4428 ἐποίησεν
3127 4358 3157 4409 ὁ
3190 4356 3357 4427 Ἀδὰμ
3381 4356 3451 4410 τὰ
3489 4354 3626 4419 ζῶα,
3648 4356 3775 4407 οὔτε

2202 4449 2483 4519 ὠνόμασεν
2500 4450 2528 4500 ὁ
2547 4448 2678 4510 Θεός
2700 4465 2713 4479 ·
2737 4448 2871 4501 ἀλλὰ
2897 4446 3046 4518 παρὰ
3067 4445 3158 4500 τοῦ
3186 4445 3320 4499 Θεοῦ
3353 4445 3453 4516 μὲν
3474 4447 3507 4516 ὴ
3537 4444 3772 4513 γένεσις,

2202 4540 2352 4611 παρὰ
2383 4539 2442 4591 δὲ
2473 4538 2562 4592 τοῦ
2590 4537 2873 4608 ἀνθρώπου
2906 4536 3015 4590 τῶν
3058 4535 3354 4606 γεγονότων
3394 4537 3428 4606 ὴ
3463 4535 3679 4605 κτῆσις,
3703 4534 3775 4597 ὡς

2203 4632 2308 4685 ὐπὸ
2330 4631 2426 4685 τοῦ
2451 4630 2727 4693 Μωῦσέως
2758 4629 3055 4700 ἱστόρηται.
3085 4623 3219 4681 Εἶτα
3239 4627 3409 4694 λόγων
3434 4627 3566 4695 ἡμῖν
3594 4624 3772 4692 ἐγκώ-

2207 4741 2324 4794 μιον
2359 4721 2437 4793 τῷ
2465 4721 2578 4792 ίδίῳ
2600 4720 2817 4785 διέξεισι
2848 4720 3009 4790 λόγῳ,
3032 4719 3219 4790 ὥσπερ
3248 4715 3603 4785 ἁτιμὰζοντός
3632 4730 3773 4776 τινος

2201 4814 2293 4868 τοῦ
2318 4814 2474 4882 λόγου
2508 4814 2606 4884 τὴν
2635 4812 2892 4881 δύναμιν,’
2915 4811 3007 4865 καί
3057 4827 3190 4881 φησι
3223 4807 3362 4879 μετὰ
3385 4807 3482 4876 τὴν
3512 4804 3768 4874 ἀσύφιλον

2202 4905 2415 4974 ἐκείνην
2442 4905 2535 4958 καὶ
2557 4902 2842 4975 στομφώδη
2878 4902 2987 4956 τῶν
3029 4901 3286 4971 ῥημάτων
3313 4897 3606 4967 συνθήκην,
3632 4899 3769 4966 Προο

2204 4996 2351 5059 νοίας
2382 4996 2530 5066 νόμῳ
2560 4996 2654 5050 καὶ
2702 4994 2886 5065 μέτρῳ
2929 4993 3145 5057 τελείως
3176 4992 3404 5061 συνάψαι
3440 4993 3505 5061 τῇ
3551 4986 3768 5057 γνώσει,

2206 5089 2299 5142 καὶ
2320 5089 2386 5159 τῇ
2414 5088 2605 5158 χρήσει
2632 5085 2741 5139 τῶν
2764 5084 3077 5153 ἀναγκαίων
3107 5082 3204 5154 τὴν
3236 5081 3516 5153 μετάδοσιν
3535 5078 3643 5133 τῶν
3659 5078 3772 5129 ὀνο-

2208 5178 2414 5248 μάτων,
2448 5178 2541 5231 καὶ
2568 5176 2739 5229 πολλὰ
2784 5173 3008 5229 τοιαῦτα
3039 5177 3096 5228 ὲν
3122 5172 3275 5244 βαθεῖ
3300 5171 3377 5242 τῷ
3423 5170 3578 5238 ὕπνῳ
3608 5168 3773 5238 ληρή-

2206 5286 2325 5331 σας,
2341 5268 2432 5320 ἐπὶ
2454 5266 2551 5338 τὴν
2580 5265 2788 5337 ἄμαχόν
2811 5282 2868 5318 τε
2896 5265 2989 5319 καὶ⁹
3015 5265 3112 5336 τὴν
3127 5260 3588 5329 ἀνανταγώνιστον
3614 5259 3772 5323 ἀνάγ·

2206 5378 2307 5431 κην
2336 5358 2645 5429 μεταϐαίνει
2666 5356 2745 5426 τῷ
2784 5356 2944 5427 λόγῳ.
2974 5355 3125 5421 Λέξω
3150 5354 3227 5421 δὲ,
3256 5354 3354 5406 οὐκ
3377 5352 3467 5405 ἐπὶ
3489 5350 3766 5421 ῥημάτιον,

2206 5454 2320 5508 ἀλλ’
2349 5453 2439 5505 ἐπὶ
2481 5452 2646 5522 μόνης
2680 5450 2777 5521 τῆς
2823 5450 3057 5512 διανοίας
3098 5448 3189 5501 τὸν
3221 5448 3349 5516 παρ’
3381 5444 3589 5497 ἐκείνου
3618 5443 3771 5510 λόγον

2206 5545 2526 5614 ἐκθέμενοςο
2582 5545 2662 5597 Οὐ
2720 5542 3026 5609 ποιηταῖς,
3058 5541 3242 5610 φησιν,
3297 5536 3613 5592 ἀναθετέον
3663 5535 3771 5601 τὴν

2210 5634 2325 5689 τῶν
2347 5632 2628 5704 ῥημάτων
2651 5634 2911 5699 εὕρεσιν,
2934 5631 3055 5697 τοῖς
3075 5626 3531 5699 διαψευσθεῖσιν
3553 5625 3622 5679 ἐν
3647 5621 3772 5688 ταῖς
