4006 6542
375 244 515 301 Ιθᾶθ

1390 239 1665 297 CONTRA
1693 240 2081 309 EUNUMIUM,
2124 242 2254 299 LIB.
2296 242 2410 299 XII.

3480 252 3619 307 1θῖἰο

367 363 501 429 περὶ
554 357 701 414 Θεοῦ
750 356 1155 426 ὑπολήψεσιν.
1202 355 1302 413 Οἷα
1349 359 1632 431 χαρίζεται
1661 360 1738 429 τῷ
1768 360 1920 430 Θεῷε

2041 360 2254 431 gnanda
2288 372 2366 415 est
2402 360 2675 415 verborum
2712 363 2959 428 inventio,
3011 366 3101 434 qui
3147 366 3353 420 mentiti
3397 377 3518 420 sunt
3562 371 3618 422 in

367 450 648 519 γεννάδας,
695 447 763 502 τά
809 447 909 522 τῆς
941 450 1225 520 ποιητικῆς
1254 449 1502 516 ἐξουσίας
1533 453 1819 523 εὑρήματα
1862 454 1940 524 τῷ

367 542 487 613 Θεῷ
534 541 884 611 προσάπτων.
918 542 1085 594 Ὥστε
1131 541 1220 595 διὰ
1263 541 1452 596 τούτου
1481 544 1803 616 σεμνότερον
1830 548 1940 609 τοῖς

365 634 673 705 ἀνθρώποις
706 632 801 686 καὶ
850 631 1176 705 ὑψηλότερον
1228 634 1318 688 τὸν
1369 635 1500 688 Θεὸν
1554 635 1729 689 δοκεῖν
1771 634 1936 702 εἶναι,

364 727 493 779 ὅταν
524 724 849 778 πιστεύωσιν
893 725 942 777 oi
978 725 1227 797 Εὑνομίῳ
1266 727 1712 798 μαθητευόμενοι,
1745 728 1805 781 τὸ
1842 734 1939 782 Λι-

363 820 589 888 κριφὶς,
616 820 708 873 καὶ
733 818 793 871 τὸ
819 817 1130 887 Κάρκαιρε,
1164 820 1259 873 καὶ
1284 820 1344 873 τὸ
1381 821 1602 888 Εὺρίιξ,
1627 821 1720 874 καὶ
1754 820 1812 875 τὸ
1834 821 1940 875 Κέ-

363 910 507 963 καδε
526 950 541 973 ,
574 908 668 962 καὶ
703 907 763 960 τὸ
783 908 1013 976 Φοχειρὶ
1036 950 1050 972 ,
1080 909 1173 961 καὶ
1204 906 1349 971 Σίζε,
1388 909 1480 962 καὶ
1512 909 1820 977 Δούπησε,
1847 910 1938 962 καὶ

362 999 671 1071 Κανάχιζε,
722 998 817 1053 κα)⁵
851 998 1225 1069 Σμερδαλέον
1272 997 1553 1062 κονάϐιζε,
1591 1000 1685 1052 καὶ
1736 1000 1933 1068 Λίγξε,

362 1094 455 1148 καί
487 1093 673 1159 Ἰαχε,
725 1091 820 1144 καὶ
853 1090 1217 1161 Μερμήριξε,
1250 1090 1343 1143 καὶ
1380 1092 1557 1145 πάντα
1593 1092 1659 1144 τὰ
1693 1090 1932 1158 τοιαῦτα,

358 1184 441 1239 ὅτι
464 1184 525 1236 οὐ
563 1184 684 1236 κατ’
718 1182 963 1246 ἐξουσίαν
1005 1181 1125 1235 τινὰ
1188 1182 1322 1253 πρὸς
1360 1183 1419 1235 τὸ
1468 1182 1657 1236 δοκοῦν
1690 1184 1739 1235 oi
1778 1200 1934 1253 ποιη-

356 1276 449 1328 ταὶ
474 1274 857 1344 διεξέρχονται,
908 1273 1043 1327 ἀλλὰ
1084 1274 1214 1342 παρ’
1242 1272 1404 1328 αὑτοῦ
1440 1273 1533 1326 τοὺ
1573 1273 1708 1326 Θεοῦ
1737 1274 1804 1327 τά
1840 1276 1934 1345 ρή-

361 1384 507 1437 ματα
560 1365 731 1419 ταῦτα
792 1364 1306 1433 μυσταγωγούμενοι
1364 1368 1474 1427 τοῖς
1524 1365 1742 1437 μέτροις
1793 1366 1932 1419 ἐνεί-

361 1476 533 1530 ρουσι.
568 1458 851 1526 Παρείσθω
885 1458 975 1511 καὶ
1007 1457 1197 1523 ταῦτα,
1228 1457 1323 1511 καὶ
1353 1457 1414 1510 τὸ
1446 1458 1605 1527 σοφὸν
1639 1460 1811 1512 ἐκεῖνο
1841 1460 1933 1514 καὶ

356 1547 567 1619 ἄμαχον
590 1548 943 1619 ἐπιχείρημα,
976 1547 1037 1600 τὸ
1075 1548 1201 1611 τοὺς
1235 1547 1420 1615 ἁγίους
1457 1548 1565 1601 τῶν
1598 1548 1806 1622 ἀνδρῶν
1856 1550 1932 1621 μὴ

354 1641 500 1711 ἐχειν
527 1641 673 1712 ἡμᾶς
698 1639 1060 1694 ἐπιδεικνῦναι
1086 1640 1185 1710 τὴν
1226 1640 1500 1710 γραφικὴν
1531 1640 1787 1712 ἱστορίαν,
1812 1658 1932 1694 και-

2041 452 2374 521 opinionibus
2408 452 2471 507 de
2499 451 2629 507 Deo.
2671 453 2861 520 Qualia
2894 455 3001 510 Deo
3042 457 3129 511 hic
3160 472 3460 527 generosus
3490 476 3616 529 gra~

2040 545 2303 610 tilicatur,
2326 546 2565 615 paelices
2600 544 2874 604 facultatis
2909 549 3126 604 inventa
3160 549 3272 605 Deo
3304 552 3617 621 adaptans?

2054 634 2131 689 Ita
2166 642 2231 705 ut
2254 652 2351 707 per
2395 637 2499 691 hoc.
2546 638 2858 693 hominibus
2909 642 3194 709 augustior
3239 651 3293 696 et
3344 644 3615 697 excelsior

2042 724 2183 782 Deus
2212 741 2332 782 esse
2362 727 2633 791 videatur,
2657 743 2781 783 cum
2813 731 3043 785 credunt
3069 733 3319 786 Eunomii
3355 728 3612 803 discipuli

2040 818 2153 872 lucc
2197 820 2363 874 verba
2422 819 2705 889 Licriphis,
2752 830 2805 877 et
2840 822 3157 888 Karchaire,
3203 834 3257 880 et
3307 824 3517 891 Eurax,
3557 834 3612 881 et

2039 908 2307 973 [lac/uere,
2331 918 2383 965 et
2413 910 2710 976 Pliocheiri,
2734 922 2788 967 et
2817 912 2956 977 Size,
2995 922 3049 967 et
3079 912 3327 983 Doupese,
3351 926 3405 970 et
3432 920 3611 971 Καπα-

2038 1001 2201 1064 cltizc,
2221 1011 2272 1056 et
2292 1000 2573 1057 Intonuere
2588 1004 2777 1073 poli,el
2791 999 3002 1058 Crebris
3022 1006 3182 1059 micat
3206 1008 3407 1069 ignibus
3424 1010 3605 1075 wther,

2037 1102 2091 1146 et
2120 1088 2305 1158 Linxe,
2330 1102 2383 1148 et
2416 1092 2588 1159 Iac/ie,
2628 1106 2680 1150 et
2723 1096 2827 1149 alia
2877 1096 3143 1164 ejusmodi
3188 1108 3469 1168 poetarum
3511 1101 3610 1169 lig-

2037 1192 2254 1251 menta;
2288 1186 2431 1251 quod
2468 1202 2576 1240 non
2624 1201 2718 1256 per
2752 1185 3029 1240 licentiam
3066 1186 3301 1258 aliquam
3348 1189 3413 1243 ad
3462 1190 3609 1245 arbi-

2035 1273 2199 1328 trimu
2242 1285 2413 1344 poclm
2460 1286 2877 1346 persequuntur.
2928 1279 3021 1333 sed
3064 1278 3132 1333 ab
3187 1280 3306 1349 ipso
3347 1279 3457 1336 Deo
3492 1281 3607 1336 hmc

2036 1366 2199 1420 verba
2236 1369 2461 1437 mystice
2508 1368 2684 1422 cdocti
2737 1370 2983 1423 versibus
3023 1371 3139 1426 suis
3185 1370 3455 1425 inserunt.
3498 1369 3606 1427 Sed

2033 1464 2087 1510 et
2113 1457 2227 1511 lnnc
2262 1460 2765 1528 prartermiltantur,
2800 1469 2854 1514 ct
2880 1459 3098 1513 doctum
3129 1459 3260 1513 illud
3285 1468 3339 1515 ct
3372 1460 3605 1531 inexpu-

2033 1549 2250 1617 gnabile
2307 1549 2649 1620 epichercma
2702 1565 2800 1605 nos
2855 1566 2963 1605 non
3014 1565 3173 1619 posse
3212 1551 3606 1612 demonstrare

2032 1657 2098 1696 ex
2132 1641 2335 1711 scripta
2363 1642 2609 1707 historia,
2642 1652 2863 1697 sanctos
2892 1644 3038 1698 viros
3068 1658 3235 1699 novas
3258 1658 3419 1698 voces
3441 1658 3605 1699 exco-

355 1731 453 1796 νάς
478 1732 867 1803 ἐπεξευρόντας
896 1731 1097 1800 φωνάς.
1131 1731 1193 1785 Εί
1229 1732 1329 1801 μὲν
1356 1731 1465 1803 γάρ
1507 1733 1700 1803 ἀτελὴς
1737 1729 1805 1805 ἦν
1827 1733 1920 1803 μέ-

2032 1735 2253 1803 gitasse.
2292 1732 2349 1787 Si
2385 1733 2528 1788 enim
2569 1733 2887 1804 imperfecta
2934 1742 3053 1789 erat
3089 1750 3263 1805 usque
3316 1734 3383 1788 ad
3422 1735 3601 1788 mani-

354 1842 446 1896 χρι
469 1825 569 1896 τῆς
593 1824 912 1893 ἀναδείξεως
941 1824 1047 1878 τῶν
1077 1823 1285 1896 ἀνδρῶν
1314 1824 1587 1896 ἐκείνωνή
1616 1824 1926 1898 ἀνθρωπίνη

354 1913 537 1983 φύσις,
565 1915 661 1968 καὶ
691 1913 842 1968 οΰπω
864 1916 927 1986 τῇ
952 1918 1130 1985 χάριτι
1158 1916 1225 1985 τῇ
1256 1914 1447 1985 λογικῇ
1467 1915 1924 1985 συμπεπλήρωτο,

353 2004 534 2068 καλῶς
560 2005 665 2058 ἔδει
690 2008 817 2076 παρ’
848 2005 1022 2059 αὑτῶν
1050 2005 1423 2076 ἐπιξητείσθαι
1458 2006 1554 2077 τὴν
1591 2005 1683 2058 τοῦ
1718 2004 1929 2058 λείπον-

349 2112 441 2159 τος
477 2096 777 2167 πλήρωσιν.
817 2097 879 2149 Εί
906 2097 963 2150 δὲ
996 2097 1154 2159 εὐθὺς
1186 2098 1336 2167 παρά
1358 2098 1457 2167 τὴν
1478 2095 1700 2167 πρώτην
1725 2096 1929 2167 ἀπροσ-

350 2185 475 2258 δεὴς
506 2186 598 2239 καὶ
622 2186 822 2249 τελεία,
852 2186 991 2240 κατά
1018 2186 1116 2257 τὴν
1132 2186 1356 2257 λογικήν
1384 2204 1442 2239 τε
1466 2187 1560 2239 καὶ
1584 2185 1924 2258 διανοητικὴν

348 2279 628 2349 ἐνέργειαν
656 2280 689 2350 ὴ
722 2278 881 2346 φύσις
934 2278 1165 2348 ὑπέστη,
1207 2278 1323 2341 πῶς
1362 2280 1429 2333 ἄν
1477 2296 1561 2342 τις
1590 2277 1669 2331 ἔτι
1702 2278 1841 2331 κατά
1867 2278 1925 2331 τὸ

348 2370 567 2425 εὔκολον
592 2371 876 2442 ἐπιζητοίη
911 2370 1049 2442 πρὸς
1092 2370 1350 2425 σύστασιν
1380 2370 1474 2425 τοῦ
1510 2371 1647 2424 κατὰ
1673 2372 1771 2440 τὴν
1801 2372 1921 2424 ἐπί-

346 2479 494 2516 νοιαν
519 2461 701 2531 λόγου,
739 2462 800 2515 τὸ
837 2463 961 2524 τοὺς
1004 2462 1190 2531 ἁγίους
1233 2463 1499 2536 κατάρξαι
1534 2465 1783 2536 φωνῶνῆ
1829 2469 1924 2537 ρη-

348 2551 570 2623 μάτων;
612 2553 683 2604 Ἣ
711 2554 761 2605 εί
813 2551 889 2623 μὴ
937 2552 1097 2606 τοῦτο
1143 2551 1341 2623 ἔχομεν
1390 2554 1687 2619 ἀποδεῖξαι,
1733 2555 1921 2625 ἱκανὴν

344 2632 525 2713 ἐαυτῷ
557 2642 762 2714 κρίνειν
807 2642 1079 2707 ἀπόδειξιν
1108 2643 1200 2697 τοῦ
1230 2645 1321 2699 τὸν
1363 2643 1493 2698 Θεὸν
1537 2648 1666 2715 ἡμῖν
1698 2662 1920 2715 νενομο-

346 2737 629 2808 θετηκέναι
657 2738 753 2800 τὰς
781 2736 994 2789 τοιάσδε
1028 2735 1294 2800 συλλαϐὰς
1337 2737 1433 2791 καὶ
1468 2737 1537 2790 τὰ
1570 2739 1811 2808 ῥήματα.

429 2997 580 3051 Ἀλλ’
608 2995 837 3063 ἐπειδὴ,
872 2996 1055 3066 φησὶν,
1090 2996 1199 3048 οὺχ
1228 2996 1613 3051 ἀπαναίνεται
1638 2997 1749 3063 τὴν
1768 2998 1918 3066 πρὸς

344 3088 483 3153 τοὺς
529 3086 744 3141 ἑαυτοῦ
797 3062 1165 3153 θεράποντας
1210 3089 1243 3138 ό
1292 3086 1435 3151 Θεὸς
1478 3062 1735 3154 ὁμιλίαν,
1943 3062 1986 3120 C

341 3180 565 3234 λουθόν
584 3178 754 3231 ἐστιν
785 3177 1014 3231 οἴεσθαι
1048 3175 1252 3239 αὑτὸν,
1282 3176 1351 3241 ἐξ
1378 3176 1572 3245 ἀρχῆς
1598 3177 1702 3243 τὰς
1731 3193 1919 3247 προσ-

340 3271 515 3342 φυεῖς
564 3269 643 3335 τῷ
697 3269 990 3339 πράγματι
1029 3269 1323 3323 τεθεῖσθαι
1369 3270 1789 3339 προσηγορίας.
1851 3270 1916 3323 Τί

341 3362 433 3419 οὑν
479 3364 571 3417 καὶ
609 3362 745 3434 πρὸς
796 3362 953 3415 τοῦτο
1001 3362 1215 3435 ἡμεῖς⁵
1243 3359 1349 3412 Τοῦ
1393 3359 1490 3427 μέν
1527 3360 1915 3431 καταδέχεσθαι

340 3456 430 3510 τὸν
474 3455 608 3509 Θεὸν
640 3455 737 3525 τὴν
770 3452 908 3525 πρὸς
954 3453 1239 3523 ἄνθρωπον
1289 3452 1524 3520 ὁμιλίαν,
1555 3453 1732 3505 αἰτίαν
1777 3447 1914 3508 εἶναι

340 3550 439 3621 τὴν
490 3546 895 3619 φιλανθρωπίαν
926 3544 1289 3616 διοριζόμεθα.
1344 3546 1493 3599 Ἐπεὶ
1522 3546 1577 3598 δέ
1622 3546 1722 3598 οὑκ
1767 3545 1913 3599 ἐνδέ-

342 3658 495 3712 χεται
523 3640 585 3696 τὸ
616 3642 681 3710 τῇ
714 3638 872 3709 φύσει
904 3637 1075 3708 βραχὺ
1104 3638 1210 3691 τῶν
1242 3638 1386 3693 ἰδίων
1434 3637 1645 3709 μέτρων
1675 3639 1914 3710 ὑπεραρι

340 3736 520 3807 θῆναι,
556 3733 651 3787 καὶ
700 3733 799 3803 τῆς
848 3730 1217 3804 ὑπερεχούσης
1249 3730 1459 3800 φύσεως
1506 3730 1598 3783 τοῦ
1659 3730 1911 3800 Ὑψίστου

338 3826 669 3897 ἐφάψασθαι,
719 3824 908 3879 τούτου
954 3824 1112 3895 χάριν
1159 3821 1320 3885 αὐτὸς
1372 3822 1505 3895 πρὸς
1552 3823 1613 3876 τὸ
1644 3824 1912 3894 ἡμέτερον

339 3919 563 3982 ἀσθενὲς
615 3916 868 3984 κατάγων
918 3915 1017 3986 τὴν
1084 3912 1461 3985 φιλάνθρωπον
1517 3913 1776 3983 δύναμιν,
1837 3914 1913 3978 ὡς

337 4014 470 4085 ἡμῖν
493 4010 715 4065 δυνατὸν
738 4006 805 4081 ἦν
830 4007 1104 4073 δέξασθαι,
1136 4005 1277 4059 οὑτω
1306 4004 1403 4076 τὴν
1428 4007 1560 4077 ,παρ’
1594 4006 1785 4058 ἐαυτοῦ
1816 4006 1913 4076 χά-

340 4122 425 4176 ριν
473 4103 567 4157 καὶ
612 4101 878 4171 ὠφέλειαν
930 4100 1101 4169 νέμει.
1162 4098 1430 4169 Καθάπερ
1478 4097 1583 4168 γὰρ
1637 4096 1776 4151 κατὰ
1812 4097 1911 4169 τὴν

338 4194 489 4248 θείαν
533 4192 843 4262 οἰκονομίαν
893 4190 921 4242 δ
952 4190 1102 4261 ἥλιος
1152 4188 1212 4243 τὸ
1262 4188 1487 4260 σφοδρὸν
1523 4189 1631 4242 τῶν
1676 4189 1910 4243 ἀκτίνων

338 4285 432 4339 καὶ
459 4285 693 4356 ἄκρατον
732 4283 809 4353 τῷ
838 4283 926 4335 διὰ
965 4282 1131 4352 μέσου
1179 4281 1556 4351 κατακεράσας
1588 4281 1729 4353 ἀέρι,
1767 4281 1906 4353 σύμ-

2031 1822 2372 1879 festationem
2428 1825 2667 1879 virorum
2724 1825 2939 1878 illorum
2996 1825 3233 1879 humana
3295 1833 3492 1880 natura
3548 1834 3604 1881 et

2030 1915 2271 1969 nondum
2315 1916 2487 1985 gratia
2536 1915 2788 1970 rationali
2844 1916 3114 1985 completa
3153 1926 3290 1981 erat,
3341 1917 3601 1986 praeclare

2028 2005 2312 2075 Oportebat
2351 2005 2419 2060 ab
2459 2006 2593 2075 ipsis
2622 2006 2907 2075 exquirere
2937 2006 3182 2062 delectus
3209 2007 3595 2077 expletionem.

2028 2095 2181 2161 Quod
2218 2095 2264 2150 si
2298 2096 2483 2150 statim
2519 2097 2586 2152 ab
2630 2097 2786 2151 initio
2832 2113 2941 2151 non
2986 2097 3192 2167 indiga,
3231 2098 3323 2153 sed
3355 2098 3599 2168 perlecta

2026 2184 2326 2240 secundum
2360 2186 2820 2242 ratiocinatriccm
2845 2199 2897 2241 et
2922 2189 3370 2258 excogitatricem
3404 2204 3599 2258 opera-

2026 2277 2233 2330 tione'm
2284 2282 2478 2330 natura
2528 2276 2798 2343 subsistit,
2853 2279 3127 2346 quomodo
3177 2279 3302 2349 quis
3359 2278 3595 2348 amplius

2024 2363 2184 2419 facile
2214 2365 2453 2437 inquirat
2486 2366 2553 2420 ad
2590 2367 3035 2421 constitutionem
3084 2369 3354 2424 sermonis
3398 2384 3595 2424 secun-

2023 2455 2152 2508 dum
2179 2456 2717 2517 commentationem,
2745 2458 2890 2527 quod
2922 2460 3097 2514 sancti
3122 2475 3316 2515 vocum
3350 2462 3433 2516 vel
3470 2477 3592 2516 ver-

2021 2544 2211 2600 borum
2255 2546 2415 2617 primi
2469 2556 2720 2602 auctores
2776 2548 3035 2603 luerunt?
3075 2549 3173 2606 Vel
3225 2552 3270 2606 si
3329 2567 3434 2607 non
3486 2553 3593 2608 hoc

2023 2650 2315 2704 possumus
2350 2636 2742 2700 demonstrare,
2784 2637 3033 2693 idoneam
3073 2640 3174 2695 sibi
3210 2640 3309 2711 ipsi
3340 2641 3592 2707 judicare

2018 2727 2559 2791 demonstrationem,
2587 2728 2729 2796 quod
2765 2728 2908 2786 Deus
2940 2730 3097 2785 nobis
3118 2732 3384 2800 ejusmodi
3422 2733 3588 2801 sylla-

2019 2818 2115 2873 bas
2148 2829 2201 2873 et
2228 2818 2392 2873 verba
2431 2804 2696 2873 sanxerit.

2090 2998 2193 3054 Sed
2238 3000 2506 3070 quoniam,
2548 3000 2744 3069 inquit,
2793 3018 2895 3055 non
2945 3013 3256 3070 aspernatur
3301 3001 3443 3057 Deus
3469 3020 3588 3058 cum

2018 3093 2128 3147 suis
2156 3091 2373 3160 famulis
2398 3093 2740 3160 colloquium.
2764 3108 3080 3163 consequens
3106 3104 3183 3147 est
3211 3095 3382 3164 ipsum
3401 3105 3588 3162 putare

2019 3185 2081 3238 ab
2115 3184 2265 3237 initio
2309 3186 2384 3238 rei
2431 3200 2686 3253 congruas
2727 3185 2983 3239 indidisse
3016 3186 3408 3255 appellationes.
3446 3187 3588 3253 Quid

2017 3274 2182 3345 igitur
2212 3274 2281 3329 ad
2312 3275 2416 3330 hoc
2451 3291 2552 3331 nos
2586 3276 3075 3346 respondebimus?
3097 3275 3250 3342 Quod
3284 3275 3426 3332 Deus
3460 3293 3588 3332 cum

2018 3368 2236 3423 homine
2258 3368 2313 3422 in
2342 3382 2699 3436 congressum
2744 3367 3187 3438 colloquiumque
3216 3372 3420 3433 veniat,
3456 3384 3589 3424 cau-

2017 3473 2134 3514 sam
2178 3472 2302 3514 esse
2340 3458 2395 3512 in
2434 3458 2731 3512 humanum
2776 3473 2948 3528 genus
2992 3458 3422 3515 benevolentiam
3454 3459 3589 3515 dell-

2015 3551 2219 3605 nimus.
2250 3547 2518 3617 Quoniam
2554 3564 2684 3604 vero
2717 3548 2865 3619 quod
2904 3556 3099 3603 natura
3146 3549 3308 3604 breve
3342 3558 3446 3615 est,
3476 3565 3590 3605 non

2014 3649 2195 3713 potest
2238 3655 2403 3711 supra
2449 3639 2699 3711 proprios
2760 3640 2950 3695 modos
2992 3640 3225 3706 sustolli,
3275 3649 3329 3696 et
3359 3656 3588 3711 supere-

2014 3733 2309 3788 minentem
2333 3740 2582 3803 naturam
2611 3731 2877 3785 Altissimi
2899 3731 3184 3802 attingere.
3211 3730 3386 3801 Hujus
3410 3733 3587 3803 gratia

2013 3824 2130 3893 ipse
2170 3825 2237 3878 ad
2274 3800 2517 3878 nostram
2557 3822 2948 3884 inﬁrmitatem.
2978 3800 3269 3892 potentiam
3300 3800 3585 3880 hominum

2013 3916 2198 3986 generi
2224 3915 2543 3971 benevolam
2565 3915 2862 3979 adducens,
2889 3923 3150 3983 quantum
3176 3930 3369 3985 capere
3394 3931 3586 3983 possu-

2014 4023 2156 4070 mus,
2175 4007 2256 4061 sic
2279 4021 2433 4062 suam
2459 4006 2618 4061 nobis
2642 4007 2866 4075 gratiam
2895 4015 2948 4060 et
2974 4007 3259 4061 utilitatem
3278 4007 3579 4064 distribuit.

2011 4097 2480 4165 Quemadmodum
2506 4097 2650 4152 enim
2681 4096 2983 4151 secundum
3015 4096 3252 4150 divinam
3292 4097 3581 4167 dispensa-

2011 4192 2212 4246 tionem
2262 4190 2344 4246 sol
2374 4204 2596 4246 suorum
2625 4188 2899 4243 radiorum
2932 4189 3169 4259 vigorem
3202 4196 3252 4243 et
3290 4190 3578 4245 sincerita-

2011 4291 2117 4337 tem
2142 4296 2266 4335 cum
2290 4296 2415 4336 aere
2442 4279 2726 4349 intcrjecto
2764 4289 3203 4348 contemperans,
3238 4281 3580 4337 moderatum

341 4396 537 4450 μετρον
590 4378 780 4445 ἐπάγει
833 4380 943 4438 τοῖς
980 4376 1286 4447 δεχομένοις
1339 4374 1435 4446 τὴν
1488 4375 1660 4446 αὑγήν
1700 4392 1759 4428 τε
1812 4376 1905 4430 καὶ

2020 4372 2410 4442 accipientibus
2468 4371 2810 4442 splendorem
2877 4380 2931 4425 et
2996 4373 3231 4426 calorem
3298 4373 3578 4441 immittit,

336 4472 433 4542 τὴν
485 4470 814 4539 θερμότητα,
868 4468 989 4522 καθ’
1044 4468 1235 4521 ἐαυτὸν
1281 4468 1355 4521 ὢν
1404 4470 1471 4539 τῇ
1521 4466 1771 4538 ἀσθενείᾳ
1810 4468 1909 4538 τῆς

340 4560 552 4629 φύσεως
581 4560 740 4630 ἡμῶν
776 4559 1251 4630 ἀπροσπέλαστος·
1288 4557 1431 4611 οὑτω
1475 4559 1570 4612 καὶ
1603 4559 1636 4629 ὴ
1675 4558 1792 4611 θεία
1818 4558 1909 4612 δύ-

336 4668 499 4721 ναμις
531 4650 650 4704 καθ’
688 4649 978 4720 ὁμοιότητα
1010 4648 1104 4702 τοὺ
1140 4648 1393 4720 ῥηθέντος
1422 4650 1554 4719 ἡμῖν
1586 4648 1910 4720 ὑποδείγμα-

334 4759 425 4805 τος
471 4741 909 4813 ἀπειροπλασίως
955 4740 1323 4810 ὑπεραίρουσα
1372 4740 1468 4810 τὴν
1519 4740 1678 4809 φύσιν
1725 4742 1905 4813 ἡμῶν,

335 4835 427 4887 καὶ
457 4834 746 4905 ἀπρόσιτος
776 4833 873 4895 είς
921 4830 1208 4902 μετουσίαν
1249 4826 1403 4893 οὖσα,
1447 4828 1556 4884 οἷόν
1598 4850 1681 4895 τις
1726 4838 1907 4905 μήτηρ

335 4925 703 4995 εὔσπλαγχνος
751 4927 864 4987 τοῖς
907 4925 1137 4994 ἀσήμοις
1186 4921 1294 4976 τῶν
1342 4923 1549 4993 νηπίων
1600 4924 1907 4996 κνυζήμασι

336 4998 901 5087 συνδιαψελλιζομένη,
931 5014 1086 5068 τοῦτο
1110 5014 1263 5084 νέμει
1295 5017 1361 5085 τῇ
1390 5014 1699 5086 ἀνθρωπίνῃ
1748 5016 1905 5084 φύσει

332 5106 361 5159 ὃ
394 5106 577 5160 λαϐεῖν
606 5104 845 5168 δυνατῶς
883 5104 994 5175 ἔχει
1014 5119 1029 5135 ⁸
1081 5106 1175 5159 καὶ
1216 5105 1305 5159 διὰ
1341 5104 1518 5170 τοῦτο,
1551 5108 1609 5159 ἐν
1636 5109 1754 5171 ταῖς
1789 5124 1906 5160 ποι-

333 5196 512 5259 κίλαις
562 5195 700 5267 πρὸς
747 5196 874 5258 τοὺ-ς
897 5193 1216 5265 ἀνθρώπους
1266 5193 1603 5262 θεοφανείαις
1635 5196 1728 5248 καὶ
1764 5196 1905 5249 κατά

331 5288 615 5360 ἄνθρωπον
649 5286 1061 5358 σχηματίζεται,
1116 5286 1209 5339 καὶ
1257 5286 1619 5357 ἀνθρωπικῶς
1668 5286 1902 5357 φθέγγε-

330 5396 440 5441 ται,
475 5380 567 5433 καὶ
596 5372 787 5449 ὀργὴν,
819 5377 912 5431 καὶ
948 5377 1093 5429 ἔλεον
1140 5377 1233 5430 καὶ⁸
1272 5378 1340 5430 τά
1372 5378 1589 5432 τοιαῦτα
1617 5378 1901 5432 ὑποδύεται

332 5469 501 5538 πάθη,
536 5469 611 5531 ὡς
645 5470 711 5522 ἂν
747 5468 834 5521 διὰ
875 5468 1090 5520 πάντων
1118 5467 1224 5520 τῶν
1256 5468 1599 5538 καταλλήλων
1629 5471 1759 5538 ἡμῖν
1791 5487 1902 5538 χει-

336 5561 633 5628 ραγωγοῖτο
687 5560 720 5628 ἡ
771 5556 1044 5627 νηπιὼδης
1101 5556 1256 5626 ἡμῶν
1318 5556 1449 5626 ζωὴ,
1508 5557 1596 5610 διὰ
1643 5556 1749 5610 τῶν
1804 5559 1901 5626 τῆς

334 5646 597 5715 Προνοίας
626 5644 796 5713 λόγων
826 5645 923 5715 τῆς
953 5644 1098 5708 θείας
1127 5644 1339 5713 φύσεως
1368 5647 1737 5718 ἐφαπτομένη.
1778 5647 1898 5701 ’Ότι

2009 4465 2260 4534 quamvis
2294 4464 2366 4519 sit
2392 4480 2486 4533 per
2516 4480 2576 4519 se
2606 4463 2965 4517 imbecillitati
2996 4470 3195 4517 nostra:
3225 4462 3576 4522 inaccessos:

2010 4556 2094 4612 sic
2144 4564 2199 4612 et
2238 4555 2421 4609 divina
2450 4566 2666 4617 natura,
2700 4554 2827 4609 dicti
2868 4570 2898 4608 a
2928 4553 3087 4607 nobis
3121 4556 3353 4625 exempli
3386 4555 3582 4611 simili-

2010 4645 2219 4709 tudine,
2239 4644 2464 4699 inlinitis
2487 4646 2733 4716 partibus
2753 4654 2995 4701 nostram
3016 4652 3266 4699 naturam
3288 4662 3576 4716 superans,

2007 4744 2062 4792 et
2092 4738 2374 4792 inaccessa
2402 4737 2467 4790 ad
2491 4736 2960 4807 participationem
2985 4754 3108 4793 cum
3140 4740 3234 4801 sit,
3266 4740 3431 4793 veluti
3460 4756 3578 4794 ma-

2007 4835 2091 4882 ter
2151 4828 2385 4897 benigna
2437 4835 2490 4882 et
2539 4829 2853 4883 misericors
2902 4845 3065 4884 sensu
3105 4837 3158 4883 et
3222 4830 3576 4898 intelligentia

2007 4918 2324 4974 carentibus
2350 4917 2641 4972 infantium
2669 4920 2938 4989 vagitibus
2967 4936 3071 4973 una
3100 4920 3427 4983 balbutiens,
3472 4920 3576 4973 hoc

2008 5007 2258 5061 humana:
2299 5007 2489 5061 tribuit
2530 5017 2737 5061 natura:
2777 5008 2920 5076 quod
2961 5024 3154 5077 capere
3199 5016 3406 5078 potest;
3446 5023 3576 5077 pro-

2007 5106 2301 5168 ptereaque
2336 5100 2389 5152 in
2419 5100 2584 5154 variis
2616 5100 2680 5154 ad
2727 5101 2975 5179 homines
2999 5098 3088 5154 Dei
3114 5100 3572 5170 apparitionibus,

2006 5201 2060 5245 et
2087 5192 2390 5245 secundum
2424 5191 2697 5245 hominem
2735 5190 3016 5261 ﬁguratur,
3054 5199 3108 5244 et
3144 5191 3461 5245 humanitus
3491 5194 3574 5246 lo—

2003 5282 2222 5350 quitur,
2282 5289 2335 5334 et
2382 5280 2555 5347 iram,
2611 5290 2667 5335 et
2708 5280 3141 5336 misericordiam
3195 5289 3248 5337 et
3301 5281 3571 5350 ejusmodi

2005 5372 2183 5428 induit
2240 5372 2488 5438 aliet-tus,
2536 5381 2592 5425 ut
2643 5389 2737 5440 per
2773 5374 2953 5427 omnia
2985 5390 3106 5441 qua:
3135 5383 3342 5428 natura:
3370 5383 3571 5430 nostra:

2005 5474 2137 5519 sunt
2167 5478 2429 5533 congrua,
2464 5463 2727 5517 infantilis
2755 5474 2938 5519 nostra
2972 5466 3078 5519 vita
3118 5473 3374 5535 tanquam
3404 5482 3567 5520 manu

2000 5557 2256 5620 ducatur,
2310 5570 2404 5623 per
2452 5554 2812 5610 Providentia:
2870 5572 3149 5614 sermones
3192 5559 3429 5612 divinam
3470 5573 3567 5611 na-

2002 5656 2181 5703 turam
2228 5646 2523 5716 attingens.
2574 5646 2729 5713 Quod
2763 5648 2907 5704 enim
2948 5651 3081 5705 nulli
3132 5651 3343 5705 aﬂeclui
3376 5666 3564 5710 contui
