4006 6482
462 253 594 308 1051

1668 244 1726 303 S.
1749 246 2075 304 GREGORII
2108 245 2402 300 NYSSENI

3565 251 3704 308 101:9.

457 365 554 435 qui
591 379 688 434 per
729 365 1083 434 voluptatem,
1117 369 1198 417 ve'
1256 361 1712 427 misericordiam,
1759 361 1840 414 vel
1894 360 2028 413 iram

2139 359 2239 429 γὰρ
2277 359 2454 411 οὐδενὶ
2483 358 2642 412 πάθει
2691 359 2801 413 τῶν
2840 359 2959 412 καθ’
2996 361 3210 434 ἡδονὴν,
3243 362 3276 433 ἢ
3322 363 3442 418 κατ’
3467 365 3638 430 ἔλεον,
3669 353 3703 423 ἢ

459 457 814 526 contingunt,
876 455 1046 510 Deum
1090 456 1387 510 obnoxium
1448 469 1569 509 esse
1635 461 1886 508 sanctum
1946 460 2032 506 est

459 549 798 614 existimare,
831 549 1015 604 nullus
1063 550 1160 617 qui
1206 548 1290 602 vel
1328 546 1676 602 mediocriter
1721 561 1902 600 rerum
1947 561 2033 598 ve-

461 639 676 692 ritatem
728 638 1115 702 considerarit,
1175 638 1589 693 contradixerit.
1640 635 2029 690 Verumtamen

460 731 626 785 etiam
681 729 942 784 delectari
999 729 1264 784 Dominus
1309 729 1508 783 dicitur
1557 728 1610 781 in
1663 728 1837 782 servis
1891 727 2029 791 suis,

462 831 517 876 et
568 822 733 891 irasci
792 822 978 875 animo
1034 820 1088 874 in
1148 821 1406 890 populum
1455 819 1546 888 qui
1599 819 1783 887 lapsus
1834 817 2028 882 fuerat,

461 921 516 966 et
563 911 808 966 misereri
857 926 1050 966 rursus
1087 911 1207 980 ejus
1259 910 1417 977 cujus
1461 911 1716 963 misertus
1751 908 1935 973 fuerit,
1979 921 2032 961 et

463 1005 716 1060 similiter
778 1003 1065 1068 misereri,
1123 1017 1451 1070 unoquoque
1501 1001 1688 1054 talium
1739 1002 2029 1056 verborum

463 1093 742 1164 plausibili
772 1109 1022 1148 sermone
1062 1109 1163 1147 nos
1198 1093 1522 1156 instruente,
1546 1091 1690 1160 quod
1720 1107 1815 1160 per
1843 1101 2031 1146 nostra

464 1185 726 1238 idiomata
769 1200 861 1238 seu
896 1183 1258 1252 proprietates
1295 1182 1385 1236 Dei
1430 1181 1768 1252 providentia
1802 1181 2034 1237 inﬁrmi-

466 1276 562 1330 tati
598 1282 796 1330 nostrae
843 1273 1174 1327 admiscetur
1214 1293 1226 1327 :
1270 1282 1324 1325 ut
1361 1274 1450 1341 qui
1484 1272 1550 1326 ad
1581 1280 1867 1342 peccatum
1907 1288 2034 1343 pro-

463 1369 632 1420 clives
680 1373 827 1429 sunt,
883 1374 1092 1419 terrore
1145 1379 1208 1416 ac
1260 1373 1402 1417 metu
1446 1379 1474 1416 a
1508 1364 1664 1418 malis
1698 1364 2031 1430 abstineant,

463 1469 518 1515 et
569 1459 661 1529 qui
710 1458 765 1513 in
816 1459 1054 1527 peccatis
1097 1455 1421 1524 deprehensi
1478 1463 1605 1509 ante
1665 1455 1888 1523 fuerint,
1921 1472 2034 1511 non

463 1552 758 1622 desperent
806 1549 1041 1604 reditum
1100 1563 1198 1616 per
1244 1547 1648 1618 paenitentiam,
1698 1548 1753 1602 in
1805 1547 1900 1603 Dei
1932 1547 2034 1602 mi-

463 1641 820 1698 sericordiam
875 1639 1268 1710 respicientes;
1325 1639 1418 1707 qui
1478 1654 1608 1693 vero
1659 1639 1726 1694 ad
1785 1649 2030 1694 exactam

462 1748 712 1788 normam
764 1732 932 1786 vitam
979 1745 1132 1784 suam
1183 1729 1460 1799 dirigunt,
1509 1736 1563 1783 et
1616 1738 1762 1784 recte
1807 1729 2030 1786 confor—

462 1830 634 1887 mant,
694 1822 864 1892 magis
895 1822 1192 1876 virtutibus
1220 1820 1510 1884 exsultent,
1560 1829 1618 1874 ut
1654 1821 1746 1890 qui
1791 1837 1889 1876 sua
1919 1821 2031 1876 vita

465 1913 641 1982 ipsum
670 1912 940 1967 bonorum
963 1911 1323 1980 inspectorem
1355 1910 1645 1965 delectent.
1667 1911 2032 1976 Quemadmo-

461 2006 590 2060 dum
642 2013 821 2057 autem
872 2018 982 2057 non
1033 2002 1161 2056 licet
1211 2009 1418 2054 mutum
1468 2001 1748 2056 nominare
1779 2017 1901 2056 eum
1938 2003 2032 2072 qui

461 2111 557 2167 per
611 2095 813 2165 ﬁguras
869 2101 923 2148 et
964 2101 1152 2164 gestus
1193 2107 1316 2147 cum
1362 2092 1568 2156 surdo,
1615 2101 1886 2161 quatenus
1934 2109 2033 2148 au-

462 2187 582 2243 dire
620 2195 822 2257 potest,
851 2186 1182 2254 colloquitur
1217 2203 1229 2239 :
1265 2184 1344 2239 sic
1377 2200 1552 2254 neque
1587 2184 1885 2239 humanum
1919 2201 2032 2242 ser-

465 2293 684 2334 monem
732 2279 787 2332 in
841 2275 952 2330 Deo
992 2277 1307 2330 existimare
1360 2275 1638 2337 debemus,
1675 2277 1929 2344 quoniam
1966 2278 2034 2334 ad

463 2367 712 2424 homines
749 2381 844 2436 per
896 2363 1361 2435 dispensationem
1402 2380 1466 2418 eo
1518 2379 1651 2417 usus
1686 2373 1788 2417 est.
1823 2363 2031 2419 Etenim

465 2473 569 2514 nos
629 2457 916 2527 clyogmo,
968 2452 1020 2506 id
1066 2461 1181 2514 est,
1238 2467 1373 2508 sono
1423 2451 1665 2506 acutiore
1724 2453 1887 2522 palati
1939 2467 2034 2508 seu

464 2550 722 2622 gutturis,
771 2557 826 2603 et
873 2561 1196 2617 poppysma,
1251 2560 1386 2599 sono
1437 2543 1669 2614 quodam
1727 2546 1817 2614 qui
1870 2545 2036 2600 labris

463 2639 799 2708 compress's
847 2636 1049 2696 editur,
1093 2641 1146 2687 et
1199 2631 1359 2687 sibilo
1385 2630 1574 2684 brutas
1616 2631 1927 2684 animantes
1961 2629 2041 2684 di-

466 2727 645 2797 rigere
689 2723 1098 2778 consuevimus.
1149 2721 1215 2773 At
1245 2720 1348 2773 hoc
1379 2719 1536 2773 nobis
1572 2735 1752 2774 sermo
1794 2735 1901 2772 non
1933 2730 2035 2784 est,

2132 449 2298 520 ὀργὴν
2322 450 2720 520 συμϐαινόντων
2737 451 2928 521 εὐαγές
2953 454 3100 505 ἐστιν
3127 455 3448 510 ὑποκεῖσθαι
3467 458 3529 511 τὸ
3553 459 3706 515 Θεῖον

2131 542 2358 606 οἴεσθαι,
2389 542 2563 606 οὐδεὶς
2592 543 2830 595 ἀντείποι
2854 544 2958 596 τῶν
2990 545 3083 596 καὶ
3115 546 3347 616 μετρίως
3367 548 3710 619 ἐπεσκεμμέ-

2131 651 2237 686 νων
2273 634 2371 703 τὴν
2417 634 2542 702 περὶ
2589 634 2695 685 τῶν
2732 634 2900 686 ὄντων
2936 635 3216 705 ἀλήθειαν.
3268 637 3405 689 Ἀλλ’
3436 641 3586 708 ὅμως
3619 643 3712 694 καὶ

2133 721 2514 793 εὐφραίνεσθαι
2545 723 2746 793 Κύριος
2780 722 2996 790 λέγεται
3020 725 3112 776 ἐπὶ
3147 728 3257 788 τοῖς
3287 725 3492 790 δούλοις
3524 727 3709 792 αὐτοῦ,

2139 813 2232 864 καὶ
2273 812 2584 883 ὀργίζεσθαι
2628 812 2785 883 θυμῷ
2833 813 2924 865 ἐπὶ
2954 813 3045 866 τὸν
3073 814 3371 868 ὲπταικότα
3417 816 3568 880 λαὸν,
3621 819 3714 870 καὶ

2133 903 2298 956 ἐλεεῖν
2326 905 2485 958 πάλιν
2523 905 2581 958 ὃν
2626 904 2690 958 ἂν
2716 904 2935 976 ἐλεήσῃ,
2970 905 3064 957 καί
3096 906 3384 978 οἰκτείρειν
3425 906 3712 973 ὡσαύτως,

2134 993 2200 1047 δι’
2248 994 2499 1056 ἑκάστου,
2531 991 2703 1066 οἶμαι,
2750 994 2857 1048 τῶν
2887 995 3140 1048 τοιούτων
3168 997 3428 1066 ῥημάτων
3455 998 3550 1051 τοῦ
3583 1016 3716 1069 κρο-

2129 1085 2222 1138 τοῦ
2259 1086 2416 1154 λόγου
2451 1087 2598 1158 ἡμᾶς
2629 1085 2996 1150 παιδεύοντος,
3045 1087 3126 1140 ὅτι
3169 1087 3256 1142 διὰ
3297 1088 3403 1142 τῶν
3428 1089 3716 1158 ἡμετέρων

2137 1177 2440 1246 ἰδιωμάτων
2471 1180 2502 1248 ἡ
2539 1177 2634 1231 τοῦ
2683 1177 2818 1231 Θεοῦ
2869 1179 3097 1249 πρόνοια
3137 1182 3203 1249 τῇ
3254 1180 3504 1248 ἀσθενείᾳ
3554 1179 3718 1250 ἡμῶν

2134 1271 2516 1341 ἐπιμίγνυται·
2557 1271 2632 1335 ὡς
2669 1272 2734 1324 ἂν
2781 1271 2834 1324 οἵ
2859 1289 2918 1323 τε
2963 1270 3097 1340 πρὸς
3129 1271 3400 1342 ἁμαρτίαν
3429 1271 3716 1342 ῥέποντες,

2135 1362 2281 1432 φόϐῳ
2309 1364 2408 1433 τῆς
2439 1363 2705 1434 τιμωρίας
2735 1362 2960 1424 ἑαυτοὺς
3004 1362 3110 1415 τῶν
3147 1363 3332 1416 κακῶν
3363 1363 3629 1432 ἀνέχοιεν,
3664 1363 3724 1418 οι

2131 1471 2190 1506 τε
2227 1454 2650 1526 προειλημμένοι
2702 1453 2776 1524 μὴ
2825 1452 3251 1521 ἀπογινώσκοιεν
3285 1455 3384 1526 τὴν
3429 1457 3493 1508 ὲκ
3541 1473 3719 1526 μετα-

2133 1545 2280 1608 νοίας
2310 1545 2585 1611 ἐπάνοδον,
2620 1545 2755 1615 πρὸς
2782 1545 2873 1598 τὸν
2912 1545 3058 1598 ἔλεον
3089 1545 3407 1615 βλέποντες·
3445 1547 3534 1598 καὶ
3561 1546 3616 1598 oi
3644 1545 3716 1599 δι’

2134 1634 2394 1705 ἀκριϐοῦς
2446 1636 2717 1700 πολιτείας
2761 1636 3148 1708 κατορθοῦντες
3188 1636 3279 1689 τὸν
3327 1637 3460 1706 βίον,
3510 1636 3720 1706 μᾶλλον

2136 1730 2252 1791 ταῖς
2285 1727 2503 1796 ἀρεταῖς
2535 1728 2941 1796 ἐπαγάλλοιντο,
2977 1727 3052 1791 ὼς
3083 1727 3458 1798 εὐφραίνοντες
3485 1729 3560 1797 τῷ
3593 1728 3719 1799 ἰδίῳ

2141 1817 2239 1889 βίῳ
2271 1818 2362 1870 τὸν
2409 1818 2516 1872 τῶν
2562 1818 2781 1886 ἀγαθῶν
2822 1819 3104 1888 γινόμενον
3151 1819 3361 1889 ἔφορον.
3400 1819 3608 1889 Ὥσπερ
3651 1819 3720 1873 δι

2137 1911 2234 1963 οὐκ
2259 1910 2373 1963 ἔστι
2399 1911 2580 1980 κωφὸν
2611 1911 2871 1982 ὀνομάσαι
2898 1911 2988 1964 τὸν
3013 1910 3101 1964 διὰ
3127 1910 3416 1981 σχημάτων
3443 1910 3518 1979 τῷ
3539 1910 3721 1982 κωφῷ

2137 2000 2319 2066 καθὼς
2363 2003 2574 2055 ἐπαΐειν
2619 2002 2864 2072 πέφυκεν
2891 2001 3217 2072 ὁμιλοῦντα·
3267 2001 3435 2065 οὕτως
3470 2002 3589 2053 οὐδὲ
3617 2004 3724 2054 ἀν-

2139 2091 2407 2166 θρώπινον
2433 2095 2587 2164 λόγον
2619 2095 2747 2166 περὶ
2773 2096 2864 2148 τὸν
2897 2095 3028 2150 Θεὸν
3059 2097 3326 2167 οἰηθῆναι,
3357 2095 3540 2166 ἐπειδὴ
3573 2097 3723 2165 πρ>ς

2139 2184 2455 2256 ἀνθρώπους
2512 2186 2659 2257 αὐτῷ
2712 2187 2831 2239 κατ’
2889 2187 3199 2257 οἰκονομίαν
3247 2187 3531 2257 ἐχρήσατο.
3598 2187 3722 2240 Καὶ

2138 2276 2245 2347 γὰρ
2275 2277 2435 2346 ἡμεῖς
2463 2277 2758 2347 κλυωγμῷ,
2806 2277 2899 2330 καὶ
2936 2276 3249 2348 ποππυσμῷ
3290 2277 3383 2331 καὶ
3416 2277 3722 2347 συρίγματι

2143 2367 2211 2419 τὰ
2244 2367 2412 2435 ἄλογα
2449 2367 2743 2420 διευθύνειν
2776 2366 3062 2436 εἰώθαμεν.
3093 2368 3229 2421 Ἀλλ’
3256 2369 3318 2420 οὐ
3343 2368 3498 2420 τοῦτο
3523 2369 3657 2440 ἡμῖν
3689 2368 3726 2421 ὁ

2137 2454 2293 2524 λόγος
2322 2458 2488 2522 ἐστὶν,
2524 2450 2567 2524 ᾧ
2598 2457 2694 2526 τῆς
2720 2455 2826 2511 τῶν
2852 2457 3060 2524 ἀλόγων
3086 2457 3255 2525 ἀκοῆς
3277 2455 3722 2525 καθικνούμεθαο

2139 2544 2273 2598 ἀλλά
2314 2547 2447 2614 πρὸς
2483 2546 2582 2616 μὲν
2625 2548 2770 2617 ἡμᾶς
2819 2546 3013 2608 αὐτοὺς
3063 2549 3130 2617 τῇ
3178 2546 3334 2615 φύσει
3367 2544 3721 2618 κεχρήμεθα,

2139 2638 2248 2698 τοῖς
2287 2637 2343 2688 δὲ
2375 2637 2606 2704 ἀλόγοις,
2641 2638 2669 2690 ὅ
2710 2654 2769 2690 τε
2797 2636 3124 2707 κατάλληλος
3153 2637 3321 2706 ψόφος
3349 2638 3443 2690 καὶ
3486 2640 3514 2690 ὁ
3560 2635 3727 2700 ποιὸς

2140 2725 2228 2778 διὰ
2261 2725 2350 2778 τοῦ
2387 2729 2662 2797 σχήματος
2710 2723 2842 2797 ἦχος
2873 2728 3008 2798 πρὸς
3041 2730 3140 2798 τὴν
3179 2729 3366 2798 χρείαν
3394 2728 3719 2798 ἐξήρκεσεν.

469 2833 580 2890 quo
632 2818 919 2871 brutorum
969 2812 1287 2866 animalium
1334 2827 1495 2866 aures
1525 2819 1917 2880 penetramus:
1990 2813 2082 2866 sed
2125 2817 2264 2884 apud
2300 2833 2400 2870 nos
2443 2819 2590 2887 ipsos
2645 2818 2875 2872 naturali
2913 2818 3128 2887 quidem
3179 2834 3428 2874 sermone
3485 2821 3724 2886 utimur,

466 2925 656 2968 verum
711 2907 856 2978 apud
909 2907 1069 2959 bruta
1123 2903 1424 2956 animantia
1471 2915 1745 2973 congruos
1778 2903 2036 2972 strepitus
2072 2913 2125 2960 et
2156 2909 2553 2979 qualiscunque
2603 2925 2698 2979 per
2742 2916 2955 2980 gestum
2989 2911 3202 2965 sonitus
3239 2910 3307 2965 ad
3340 2913 3722 2966 necessarium

467 3020 630 3060 usum
684 3001 820 3056 satis
866 2997 979 3052 fuit.

543 3090 741 3148 Verum
805 3089 894 3144 hic
946 3085 1231 3156 religiosus
1279 3099 1386 3139 non
1433 3084 1549 3138 vult
1607 3069 1776 3138 Deum
1834 3085 2108 3147 nostrisa

470 3201 630 3242 usum
681 3183 870 3248 fuisse,
925 3190 1146 3251 propter
1181 3184 1421 3232 nostram
1457 3176 1522 3229 ad
1573 3176 1763 3229 vitium
1808 3191 2040 3247 propen-

469 3280 704 3341 sionem,
761 3275 1024 3344 ignorans
1070 3271 1158 3324 hic
1208 3267 1575 3321 amicissimus
1621 3266 1767 3336 quod
1819 3273 2044 3336 propter

469 3385 572 3424 nos
622 3381 797 3436 neque
839 3361 1188 3416 maledictum
1226 3367 1278 3413 et
1316 3361 1639 3420 exsecratio,
1673 3365 1726 3410 et
1762 3363 2041 3425 peccatum

469 3460 589 3516 ﬁeri
634 3456 814 3512 renuit
841 3473 853 3508 :
881 3462 1087 3508 tantum
1118 3457 1205 3504 est
1239 3449 1287 3502 ei
1341 3447 1733 3502 benevolentia:
1754 3456 1807 3501 et
1840 3445 2043 3500 amoris

470 3565 603 3619 erga
638 3547 914 3608 homines,
958 3552 1016 3596 ut
1056 3556 1168 3595 non
1197 3541 1463 3595 bonorum
1509 3539 1708 3601 solum,
1751 3536 1847 3592 sed
1879 3536 2041 3591 etiam

470 3641 742 3695 malorum
792 3644 1105 3690 nostrorum
1153 3639 1347 3702 sponte
1397 3629 1466 3684 ad
1511 3629 1899 3699 experientiam
1945 3642 2042 3683 ve-

471 3731 634 3786 nerit.
663 3727 766 3794 Qui
808 3735 989 3782 autem
1015 3723 1281 3779 malorum
1308 3721 1525 3793 quidem
1545 3729 1866 3780 nostrorum
1892 3734 2046 3773 com-

471 3821 902 3878 municationem
953 3816 1183 3886 accepit,
1211 3813 1485 3885 quomodo
1527 3828 1648 3867 eum
1688 3811 2042 3883 pulcherrimi

471 3924 786 3971 nostrorum
833 3912 1100 3966 bonorum
1142 3907 1472 3978 (sermonem
1523 3904 1784 3974 intelligo)
1828 3903 2044 3974 partici-

471 4021 594 4077 pem
637 4005 754 4061 ﬁeri
813 4001 1023 4073 piguit?
1071 3999 1174 4054 Sed
1216 4000 1283 4054 ad
1315 3997 1674 4068 patrocinium
1719 3995 1881 4049 David
1917 4010 2044 4064 pro-

472 4097 648 4170 ponit,
697 4103 751 4151 et
800 4095 878 4148 ait
926 4094 1079 4148 illum
1134 4090 1318 4144 dicere
1365 4103 1396 4142 a
1449 4087 1559 4142 Deo
1613 4087 1777 4141 rebus
1822 4085 2042 4140 nomina

473 4191 648 4253 indita
696 4202 838 4250 esse,
883 4185 1009 4254 quia
1047 4182 1311 4250 scriptum
1346 4186 1428 4233 est
1475 4177 1542 4230 ad
1595 4177 1738 4229 hunc
1777 4173 2037 4228 modum:

2225 3084 2362 3137 Ἀλλ’
2392 3086 2450 3137 οὐ
2487 3085 2732 3155 βούλεται
2760 3087 2871 3149 τοῖς
2898 3084 3189 3158 ἡμετέροις
3231 3088 3260 3139 ὁ
3287 3085 3518 3158 εὐλαϐὴς
3557 3086 3726 3156 οὗτος

2141 3175 2232 3228 τὸν
2259 3175 2391 3228 Θεὸν
2439 3176 2759 3246 κεχρῆσθαι,
2790 3175 2875 3229 διὰ
2919 3176 3016 3245 τὴν
3052 3177 3186 3246 πρὸς
3213 3179 3410 3232 κακίαν
3441 3180 3600 3250 ἡμῶν
3627 3183 3726 3252 ῥο-

2141 3265 2269 3338 πὴν,
2300 3266 2509 3334 ἀγνοῶν
2535 3269 2562 3319 ό
2589 3267 2838 3336 φίλτατος
2860 3268 2939 3320 ὅτι
2968 3267 3035 3319 δι’
3061 3269 3207 3339 ἡμᾶς
3233 3269 3352 3322 οὐδὲ
3379 3272 3594 3341 κατάρα
3619 3274 3724 3327 καὶ

2139 3357 2381 3428 ἁμαρτία
2411 3357 2674 3426 ἀπέσχετο
2699 3358 2976 3426 γενέσθαν
3002 3359 3252 3412 τοσοῦτον
3283 3360 3428 3432 αὐτῷ
3457 3363 3719 3434 περίεστι

2140 3448 2236 3518 τῆς
2267 3447 2686 3520 φιλανθρωπίας,
2718 3449 2792 3512 ὡς
2821 3450 2940 3520 οὐχὶ
2969 3451 3077 3505 τῶν
3114 3451 3334 3520 ἀγαθῶν
3371 3454 3546 3523 μόνον,
3577 3455 3724 3509 ἀλλά

2142 3541 2234 3594 καὶ
2279 3540 2387 3593 τῶν
2435 3541 2620 3594 κακῶν
2663 3541 2771 3594 τῶν
2802 3542 3082 3612 ἡμετέρων
3115 3543 3373 3607 ἑκουσίως
3402 3547 3482 3608 εἰς
3517 3549 3726 3616 πεῖραν

2141 3631 2336 3687 ἐλθεῖν.
2397 3633 2454 3684 '0
2505 3632 2561 3684 δὲ
2602 3631 2711 3686 τῶν
2740 3633 2925 3685 κακῶν
2961 3633 3059 3703 τὴν
3094 3636 3378 3688 κοινωνίαν
3401 3635 3721 3705 δεξάμενος,

2142 3723 2259 3786 πῶς
2293 3723 2357 3776 ἂν
2399 3723 2494 3778 τοῦ
2529 3724 2811 3778 καλλίστου
2843 3724 2951 3778 τῶν
2996 3725 3278 3798 ἡμετέρων
3318 3726 3481 3800 (φημί
3512 3729 3573 3782 δὲ
3617 3730 3722 3784 τοῦ

2141 3817 2320 3886 λόγου)
2373 3819 2470 3889 τὴν
2520 3819 2804 3889 μετουσίαν
2854 3818 3132 3888 ὥκνησεν;
3199 3821 3358 3875 Ἀλλά
3401 3821 3491 3875 τὸν
3548 3824 3727 3877 Δαϐὶε

2143 3911 2222 3970 είς
2252 3910 2583 3980 συνηγορίαν
2629 3909 3008 3979 προϐάλλεται,
3040 3911 3131 3963 καί
3179 3927 3338 3981 φησιν
3383 3913 3589 3966 ἐκεῖνον
3628 3914 3724 3966 λέ-

2143 4017 2279 4066 γειν,
2314 4000 2464 4071 παρά
2493 3999 2586 4053 τοῦ
2615 4001 2748 4053 Θεοῦ
2773 3995 2883 4065 τοῖς
2925 4002 3210 4072 πράγμασι
3239 4003 3305 4056 τά
3347 4003 3584 4073 ὀνόματα
3625 4023 3722 4058 τε-

2144 4094 2367 4158 θεῖσθαι,
2418 4094 2502 4148 διὰ
2549 4095 2608 4147 τὸ
2657 4095 2962 4167 γεγράφθαι
3008 4097 3193 4150 τοῦτον
3239 4098 3328 4151 τὸν
3372 4100 3603 4169 τρόπον·
3651 4101 3719 4154 '0

2141 4183 2400 4253 ἀριθμῶν
2449 4183 2650 4250 πλήθη
2697 4183 2954 4252 ἄστρων,
2999 4186 3096 4239 καὶ
3130 4185 3320 4240 πᾶσιν
3345 4189 3549 4255 αὐτοῖς
3587 4191 3720 4245 όνόο

476 4282 580 4349 Qui
629 4287 868 4334 numerat
913 4274 1304 4328 multitudinem
1353 4269 1654 4330 stellarum,
1709 4276 1757 4320 et
1802 4264 2038 4319 omnibus

2139 4293 2295 4345 ματα
2331 4274 2549 4328 καλῶν.
2603 4273 2743 4341 Ἐγὼ
2779 4275 2835 4328 δὲ
2861 4276 3120 4347 πρόδηλον
3149 4277 3245 4346 μὲν
3273 4277 3508 4347 ἡγοῦμαι
3549 4283 3718 4334 παντὶ

471 4375 546 4428 eis
594 4371 807 4424 nomina
847 4367 1082 4421 vocat”.
1128 4364 1238 4434 Ego
1264 4369 1441 4415 autem
1475 4359 1648 4412 cuivis
1672 4357 1867 4412 mentis
1892 4371 2041 4410 com-

2141 4361 2218 4431 τῷ
2249 4361 2371 4414 νοῦν
2401 4362 2572 4432 ἔχοντι
2618 4361 2708 4416 τὸν
2739 4363 2866 4434 περί
2895 4364 3096 4419 τούτων
3135 4365 3309 4433 λόγον,
3343 4367 3419 4428 ὡς
3458 4369 3716 4438 οὐδεμίαν

475 4461 586 4532 poti
608 4458 955 4530 perspicuum
986 4471 1108 4510 esse
1127 4454 1381 4513 arbitror,
1406 4449 1551 4519 quod
1574 4447 1839 4517 ejusmodi
1863 4460 2038 4500 sermo

2147 4452 2262 4524 ἔχει
2294 4453 2576 4507 κοινωνίαν
2606 4455 2744 4526 πρὸς
2785 4455 2845 4508 τὸ
2886 4456 3260 4526 προκείμενον.
3309 4457 3523 4529 Ἐπειδὴ
3552 4435 3607 4512 δέ
3635 4479 3716 4514 τι·

474 4552 569 4624 qui
612 4551 680 4606 de
725 4550 844 4604 istis
895 4548 1146 4610 habetur,
1196 4543 1401 4598 nullam
1460 4542 1622 4595 habet
1669 4555 1792 4593 cum
1841 4539 1926 4592 his
1976 4538 2043 4592 de

475 4643 678 4714 quibus
729 4642 907 4712 agitur
949 4637 1410 4693 communionem.
1454 4633 1723 4699 Quoniam
1758 4645 1886 4685 vero
1922 4645 2044 4699 pro-

474 4734 656 4790 bahile
707 4739 793 4787 est
847 4728 1114 4800 quosdam
1174 4727 1299 4780 huic
1355 4723 1593 4779 sermoni
1645 4721 2044 4776 inconsiderate

475 4822 784 4894 astipulari,
821 4835 990 4890 pauca
1025 4818 1272 4889 quaadam
1305 4816 1478 4872 dehis
1507 4815 1858 4870 disseremus.
1885 4811 2044 4866 Novit

477 4930 619 4984 sape
649 4913 835 4968 divina
889 4909 1170 4980 Scriptura
1208 4906 1519 4977 hujusmodi
1551 4921 1710 4962 voces
1742 4905 1849 4960 Deo
1888 4905 2041 4958 attri-

475 5007 645 5062 buere
691 5012 749 5058 ut
800 5003 933 5073 ipsae
971 5016 1002 5054 a
1047 4999 1252 5055 nostris
1297 4998 1432 5053 nihil
1486 4997 1772 5052 dissonare
1814 4996 2038 5050 videan-

474 5107 587 5160 tur,
617 5106 696 5163 ut,
730 5094 912 5148 Iratus
947 5102 1023 5146 est
1045 5092 1224 5161 furore
1257 5091 1508 5144 Dominus
1544 5086 2038 5159 ",et,Pwnituit"3,

473 5191 548 5244 ob
594 5195 818 5260 peccata
870 5185 1134 5253 ipsorum,
1197 5193 1271 5250 et,
1327 5182 1461 5236 Deus
1512 5180 1843 5248 pwnituerat,
1905 5176 2040 5244 quod

476 5283 711 5336 unxisset
767 5279 984 5334 Saulem
1045 5279 1098 5331 in
1142 5293 1310 5346 regem
1387 5273 1560 5344 (super
1625 5271 1794 5324 Israel
1837 5270 1942 5338 της
1988 5279 2041 5323 rt

478 5371 892 5441 Expergefactus
938 5381 1012 5424 est
1069 5368 1321 5423 Dominus
1355 5377 1604 5435 tanquam
1648 5372 1924 5430 superatus
1969 5363 2034 5416 ⁸ο.

478 5463 749 5520 Praeterea
789 5463 1128 5529 cathedram,
1154 5468 1375 5524 statum,
1395 5466 1598 5510 motum
1624 5464 1678 5510 et
1701 5454 1866 5507 multa
1897 5455 2036 5521 ejus-

2145 4563 2240 4608 νας
2269 4545 2415 4608 είκὸς
2446 4545 2854 4609 ἀνεπισκέπτως
2877 4545 2954 4616 τῷ
2977 4547 3119 4617 λόγῳ
3140 4549 3546 4618 προστίθεσθαι,
3581 4552 3717 4620 βρα-

2144 4637 2242 4706 χέα
2276 4636 2627 4708 περὶτούτων
2665 4637 3051 4710 διαληψόμεθα.
3086 4637 3205 4693 Οἵδε
3239 4642 3492 4705 πολλάκις
3521 4645 3554 4713 ἡ
3592 4643 3713 4697 θεία

2144 4727 2332 4798 Γραφὴ
2359 4727 2608 4791 τοιαύτας
2630 4729 2705 4800 τῷ
2732 4728 2850 4800 Θεῷ
2877 4731 3206 4801 περιτιθέναι
3233 4735 3432 4801 φωνάς,
3451 4735 3526 4798 ὡς
3547 4736 3714 4805 μηδὲν

2143 4819 2370 4889 ἀπᾴδειν
2399 4818 2566 4882 αὐτὰς
2595 4819 2703 4875 τῶν
2741 4821 3019 4892 ἡμετέρων
3047 4822 3252 4876 δοκεῖν
3301 4818 3409 4876 οἷον
3465 4824 3546 4893 τὸ,
3597 4826 3715 4895 Ὡρο

2143 4911 2320 4980 γίσθη
2354 4910 2516 4979 θυμῷ
2546 4913 2759 4978 Κύριος
2781 4930 2794 4944 ·
2841 4914 2956 4976 καὶ,
2982 4916 3358 4982 Μετενόησεν
3389 4917 3480 4968 ἐπὶ
3515 4915 3581 4986 τῇ
3614 4935 3712 4970 κα-

2145 4999 2237 5071 κίᾳ
2259 4999 2438 5053 αὐτῶν
2458 5018 2470 5032 ·
2509 5001 2620 5065 καὶ,
2643 5004 3020 5072 Μετεμελήθη
3039 5005 3240 5072 χρῖσαι
3263 5005 3370 5058 τὸν
3401 5007 3599 5060 Σαοὺλ
3623 5011 3712 5072 εἰς

2139 5088 2436 5153 ,ϐασιλέαο
2490 5093 2605 5154 καὶ,
2642 5091 2959 5161 Ἐξητέρθη
3004 5094 3085 5157 ὡς
3137 5097 3170 5148 ὀ
3217 5094 3426 5148 ὑπνῶν
3469 5097 3706 5163 Κύριος.

2146 5181 2255 5232 Καὶ
2281 5179 2358 5234 ἔτι
2399 5182 2534 5252 πρὸς
2564 5182 2790 5250 τούτοις,
2821 5184 3088 5256 καθέδραν
3115 5187 3207 5239 καὶ
3242 5187 3450 5251 στάσιν,
3501 5188 3594 5240 καὶ
3623 5188 3706 5240 κί-

2148 5290 2321 5341 νησιν,
2365 5273 2457 5326 καὶ
2507 5272 2674 5327 πολλά
2719 5275 2941 5329 τοιαῦτα
2981 5277 3259 5341 διέξεισιν·
3315 5277 3351 5331 ά
3397 5277 3557 5346 φύσει
3611 5279 3703 5348 μὲν

2145 5364 2269 5432 περὶ
2300 5363 2388 5416 τὸν
2416 5363 2547 5418 Θεὸν
2575 5367 2673 5418 οὐκ
2699 5365 2850 5428 -ἒστι,
2884 5366 3016 5437 πρὸς
3053 5367 3108 5420 δὲ
3138 5368 3238 5439 τὴν
3266 5369 3575 5439 οἰκονομίαν
3602 5368 3707 5420 τῶν

2144 5453 2540 5524 παιδευομένων
2599 5457 2698 5510 οὐκ
2770 5459 3054 5528 ἀχρήστως
3113 5458 3244 5529 ἔχει.
3301 5458 3438 5523 Τούς
3483 5477 3544 5513 τε
3598 5458 3705 5530 γάρ

548 5638 598 5674 ’⁸
633 5642 778 5697 Psal.
805 5655 979 5705 (λινε,
1012 5638 1064 5692 4.
1139 5636 1182 5667 ⁷⁷
1223 5633 1363 5689 Psal.
1395 5649 1479 5697 cv,
1518 5634 1602 5687 40.
1681 5634 1725 5664 ⁷⁸
1757 5630 1881 5687 ibid.
1915 5631 2000 5686 45.

2154 5630 2169 5684 l
2207 5633 2332 5704 llcg.
2371 5635 2548 5696 “3'55.
2626 5636 2670 5668 ⁸⁸³
2712 5635 2854 5692 Psal.
2892 5654 3092 5702 Lxxvu,
3124 5637 3212 5691 65.
