4006 6482
208 261 350 316 1053

1331 257 1607 315 CONTRA
1649 253 2038 321 EUNOMIUM,
2075 258 2208 316 LIB.
2247 260 2360 317 XII.

3313 267 3452 324 1054

203 375 602 446 ὲκλυτωτέρους
655 376 688 444 ἡ
735 375 832 445 τῆς
879 376 1044 448 ὀργῆς
1104 375 1324 440 ἔνδειξις
1379 373 1652 425 συστέλλει
1704 367 1784 438 τῷ

1905 374 2030 425 nodi
2084 384 2502 436 commemorat,
2536 391 2657 444 qua:
2687 384 2878 431 natura
2922 375 3138 447 quidem
3181 394 3290 432 non
3323 388 3452 436 sunt

204 466 379 536 φόόῳ,
416 467 508 519 κα)⁸
539 469 649 530 τοῖς
679 467 951 537 δεομένοις
993 466 1086 518 τοῦ
1118 467 1216 536 τῆς
1253 464 1537 535 μετανοίας
1557 462 1777 532 φαρμά-

201 572 326 621 κου,
363 559 756 626 συμμετανοεῖν
803 557 894 608 ἐπὶ
926 559 988 625 τῇ
1033 556 1197 626 κακίᾳ
1228 555 1372 621 λέγει
1403 553 1492 606 τὸν
1538 552 1772 621 Κύριον·

202 650 314 710 τοῖς
352 647 397 700 δ’
426 642 492 699 αὖ
520 647 577 699 ὲν
614 647 935 716 εὐπραγίαις
979 647 1087 698 τισὶ
1129 645 1264 716 πρὸς
1301 644 1456 713 ὓϐριν
1483 639 1780 710 ἐκφερομέ-

203 755 338 801 νοις,
374 737 434 789 τὸ
472 738 545 807 μὴ
589 736 921 804 παραμένειν
953 737 1132 799 αὐτοῖς
1169 737 1267 808 τὴν
1310 735 1626 806 εὐημερίαν,
1676 731 1780 785 κᾶν

203 830 272 880 ἐκ
318 827 454 880 Θεοῦ
500 827 562 880 τὸ
606 825 842 879 τοιοῦτον
889 820 1027 878 εἶναι
1076 826 1227 894 δοκῇ,
1277 824 1366 878 διά
1407 825 1504 893 τῆς
1549 823 1641 875 ἐπὶ
1686 821 1779 874 τοῦ

205 915 381 969 Σαοὺλ
409 915 770 985 μεταμελείας
803 913 1163 984 προδείκνυσι.
1200 914 1324 974 Τοῖς
1353 928 1412 964 τε
1445 911 1517 981 μὴ
1545 908 1782 979 ἐμϐαθύ-

204 1023 357 1060 νουσι
401 1005 479 1076 τῷ
509 1003 761 1075 πτώματι
799 1007 898 1074 τῆς
929 1004 1224 1076 ἁμαρτίας.
1267 1002 1404 1055 άλλά
1451 1000 1697 1069 καθάπερ
1724 997 1782 1063 ἐξ

207 1097 381 1150 ὖπνου
416 1095 559 1159 τινὸς
587 1094 681 1148 τοῦ
726 1095 952 1166 ματαίου
999 1095 1332 1160 διαναστᾶσι,
1369 1090 1782 1146 συνανίστασθαι

204 1189 300 1243 τὸν
351 1189 484 1241 Θεὸν
536 1187 629 1241 καὶ
681 1187 1169 1255 συναφυπνίζεσθαι
1219 1185 1399 1253 λέγει·
1463 1183 1682 1237 ἑστάναι
1726 1180 1783 1234 δὲ

205 1284 324 1345 τοῖς
352 1279 585 1343 ἀκλινῶς
620 1279 711 1332 ἐπὶ
737 1278 830 1332 τοῦ
858 1279 1022 1332 καλοῦ
1045 1278 1319 1349 βεϐηκόσι,
1351 1276 1444 1330 καὶ
1463 1273 1783 1338 καθέζεσθαι

206 1378 324 1439 τοῖς
373 1377 430 1428 ὲν
479 1372 556 1444 τῷ
611 1371 761 1442 καλῷ
810 1371 1255 1442 καθιδρυμένοις·
1308 1367 1574 1422 κινεῖσθαι
1625 1367 1670 1420 δ’
1716 1361 1782 1419 αὖ

209 1469 374 1523 πάλιν
416 1467 510 1520 καὶ
540 1467 862 1537 περιπατεῖν
904 1463 995 1515 ἐπὶ
1026 1462 1133 1515 τῶν
1185 1459 1651 1532 μετακινηθέντων
1679 1458 1786 1512 ἀπὸ

207 1560 312 1630 τῆς
357 1561 415 1612 ὲν
461 1558 539 1628 τῷ
575 1555 723 1626 καλῷ
751 1555 1098 1625 παγιότητος.
1154 1554 1240 1617 Ὠς
1283 1554 1376 1605 ἐπὶ
1406 1552 1500 1605 τοῦ
1550 1552 1718 1621 Ἀδὰμ
1751 1552 1784 1619 ἡ

213 1651 428 1722 ἱστορία
479 1647 697 1716 διέξεισι
760 1647 1164 1719 περιπατοῦντα
1215 1647 1275 1700 τὸ
1326 1647 1548 1700 δειλινὸν
1597 1647 1653 1698 ἐν
1709 1643 1786 1714 τῷ

211 1740 528 1813 παραδείσῳ
572 1739 662 1792 τὸν
697 1737 828 1791 Θεὸν
875 1738 1270 1806 διαγράφουσα,
1309 1736 1386 1806 τῷ
1438 1737 1537 1806 μὲν
1576 1735 1788 1806 δειλινῷ

213 1833 354 1904 πρὸς
387 1831 457 1884 τά
488 1830 737 1884 σκοτεινά
781 1830 874 1883 τοῦ
935 1829 1358 1899 πρωτοπλάστου
1390 1827 1560 1899 ῥοπὴν
1601 1828 1791 1896 διαση-

219 1919 506 1988 μαίνουσα,
556 1921 621 1988 τῇ
664 1918 717 1970 δὲ
768 1919 978 1985 κινήσει
1023 1917 1085 1970 τὸ
1115 1917 1324 1985 ἀπαγὲς
1360 1916 1455 1969 τοῦ
1505 1915 1790 1987 ἀνθρώπου

215 2011 346 2080 περὶ
375 2009 434 2062 τὺ
473 2008 632 2062 καλὸν
665 2009 759 2061 καὶ
795 2008 856 2060 τὸ
885 2009 1138 2061 ἄστατον.

303 2099 462 2153 Ἀλλά
507 2099 678 2152 ταῦτα
717 2098 814 2168 μὲν
844 2101 954 2162 τοῖς
984 2099 1198 2162 πολλοῖς
1242 2099 1522 2170 πόρρωθεν
1563 2099 1692 2163 ἴσως
1719 2100 1794 2165 ὡς

217 2193 356 2264 πρὸς
403 2192 504 2261 τὴν
563 2191 914 2261 προτεθεῖσαν
975 2193 1106 2261 ἡμῖν
1159 2189 1390 2262 θεωρίαν
1436 2187 1574 2245 εἶναι
1630 2192 1790 2256 δόξει.

231 2285 439 2336 Ἐκεῖνο
466 2281 521 2333 δὲ
553 2281 652 2333 οὐκ
685 2279 748 2333 ἄν
780 2297 864 2343 τις
913 2280 1140 2351 ἀπᾴδειν
1188 2280 1329 2334 εἴποι
1356 2279 1449 2333 τοῦ
1502 2280 1796 2351 προκειμέ-

217 2391 337 2436 νου,
384 2375 467 2427 ὃτι
508 2369 690 2425 πολλοὶ
739 2371 800 2424 τὸ
835 2373 1044 2434 ἑαυτοῖς
1073 2371 1334 2440 ἄληπτον,
1379 2371 1497 2424 οὐδὲ
1539 2371 1658 2442 Θεῷ
1704 2371 1797 2443 λη-

220 2466 357 2521 πτὸν
407 2461 545 2519 εἶναι
595 2464 939 2535 νομίζουσιν,
993 2464 1089 2516 καὶ
1137 2465 1271 2534 ὅπερ
1317 2463 1382 2517 ἂν
1433 2463 1645 2534 ἐκφύγῃ
1697 2464 1796 2534 τὴν

225 2556 437 2612 ἑαυτῶν
481 2555 826 2623 κατανόησιν.
885 2554 1265 2625 περισσότερον
1313 2548 1452 2607 εῖναι
1496 2554 1654 2608 τοῦτο
1704 2557 1797 2609 καὶ

224 2651 328 2718 τῆς
381 2649 529 2712 Θείας
581 2647 862 2716 δυνάμεως
913 2645 1134 2700 οἴονται.
1201 2644 1417 2716 Ἐπειδὴ
1476 2646 1653 2699 τοίνυν
1705 2647 1798 2699 καὶ

231 2741 402 2794 ποσοῦ
483 2740 676 2812 μέτρον
751 2740 910 2809 ἡμεῖς
965 2737 1056 2790 τὸν
1121 2737 1348 2808 ἀριθμὸν
1419 2738 1793 2809 πεποιήμεθα·

221 2833 253 2885 ὁ
299 2833 356 2886 δὲ
399 2831 630 2902 ἀριθμὸς
701 2830 851 2883 οὐδὲν
905 2828 1092 2900 ἕτερον
1145 2829 1178 2900 ἢ
1242 2828 1491 2894 σύνθεσις
1558 2830 1798 2900 μονάδων

222 2923 364 2986 ἐστὶ,
398 2923 656 2982 ποικίλως
712 2921 806 2992 τῆς
856 2920 1077 2991 μονάδος
1126 2921 1207 2983 είς
1250 2919 1453 2990 πλῆθος
1501 2919 1801 2990 ὲπαυξομέ-

224 3033 360 3086 νης·
427 3013 593 3083 μονὰς
642 3013 744 3084 γάρ
803 3014 897 3066 καὶ
928 3014 961 3082 ἡ
1003 3011 1162 3074 δεκάς
1215 3012 1354 3065 κατά
1407 3011 1651 3064 σύνθεσιν
1700 3027 1796 3081 μο-
1824 3053 1867 3110 C

223 3109 396 3164 νάδων
450 3107 585 3178 πρὸς
641 3104 796 3158 τοῦτο
842 3103 1246 3173 περαιουμένη,
1310 3104 1474 3174 μονάς
1543 3102 1702 3156 πάλιν
1761 3104 1794 3173 ἡ

228 3199 522 3261 έκατοντάς
566 3198 629 3250 ὲκ
680 3196 916 3250 δεκάδων
965 3195 1337 3265 συντιθεμένη.
1387 3196 1657 3257 Ὡσαύτως
1704 3201 1799 3247 καί

226 3294 263 3363 ἡ
295 3291 472 3362 χιλιὰς
501 3289 632 3359 άλλη
676 3287 861 3358 μονὰς,
929 3287 1023 3339 καὶ
1064 3288 1098 3356 ἠ
1158 3285 1355 3355 μυριὰς
1403 3285 1623 3355 ὁμοίως,
1667 3285 1798 3337 ἀνα-

225 3383 402 3449 λόγως
448 3382 512 3433 ὲκ
564 3376 1096 3446 πολλαπλασιασμοῦ,
1157 3378 1188 3446 ἡ
1261 3376 1360 3446 μὲν
1398 3377 1462 3428 ἐκ
1527 3374 1798 3444 χιλιάδων,

229 3476 264 3543 ἠ
306 3473 364 3525 δὲ
403 3471 463 3536 ἐξ
518 3469 887 3524 ὲκατοντάδων
942 3468 1080 3539 πρὸς
1133 3467 1288 3519 τοῦτο
1345 3465 1800 3536 κεφαλαιουμένη,

230 3564 373 3636 ὑπὲρ
422 3564 633 3616 ᾶπαντα
681 3563 790 3623 τοῖς
837 3558 1211 3628 ὑποκειμένοις
1253 3555 1669 3627 περιορίζοντες,
1707 3573 1806 3626 ση-

235 3656 362 3726 μεῖα
387 3651 488 3722 τῆς
519 3651 814 3720 ποσότητος
844 3649 951 3702 τῶν
997 3647 1412 3718 ἀριθμουμένων
1462 3646 1807 3717 πραγμάτων

234 3745 552 3818 ποιούμεθα.
625 3745 712 3806 Ὠς
764 3743 829 3797 ἂν
888 3739 978 3796 οὖν
1032 3741 1446 3810 παιδευθείημεν
1506 3740 1658 3810 παρὰ
1707 3739 1809 3809 τῆς

234 3840 385 3903 θείας
431 3837 656 3908 Γραφῆς
696 3835 757 3888 τὸ
809 3835 971 3905 μηδὲν
1023 3834 1296 3902 ἄγνωστον
1347 3829 1485 3886 εἶναι
1538 3832 1616 3901 τῷ
1667 3829 1807 3901 Θεῷ,

235 3929 648 4004 ἐξαριθμεῖσθαι
695 3929 823 3999 παρ’
874 3926 1034 3981 αὐτοῦ
1064 3926 1208 3994 λέγει
1233 3925 1326 3978 τοῦ
1360 3924 1492 3978 Θεοῦ
1520 3924 1580 3977 τὸ
1608 3923 1812 3993 πλῆθος

233 4023 345 4077 τῶν
391 4023 624 4093 ἄστρων,
668 4021 729 4073 οὐ
768 4020 858 4072 τὸν
895 4019 1091 4088 τρόπον
1141 4016 1326 4070 τοῦτον
1379 4017 1668 4087 γινομένης
1712 4014 1814 4084 τῆς

236 4115 610 4187 άριθμήσεως,
646 4113 742 4174 Τίς
773 4112 881 4182 γὰρ
924 4110 1092 4170 οὕτως
1123 4109 1323 4180 εὐήθης
1351 4109 1425 4170 ὠς
1471 4108 1548 4178 τῷ
1575 4107 1813 4179 περιττῷ

237 4208 333 4262 καὶ
364 4206 535 4276 ἀρτίῳ
578 4204 669 4257 τὸν
707 4203 841 4255 Θεὸν
884 4201 1088 4254 οἴεσθαι
1136 4199 1522 4269 διαλαμϐάνειν
1562 4199 1630 4252 τά
1662 4198 1809 4261 ὄντα,

1883 465 1936 517 in
1992 464 2122 531 Deo,
2180 467 2245 519 ad
2283 467 2750 535 dispensationem
2785 477 2966 523 autem
2995 485 3182 524 eorum
3213 476 3305 540 qui
3335 488 3454 528 eru-

1882 555 2104 608 diuntur
2146 571 2257 610 non
2303 565 2431 611 sunt
2484 557 2719 611 inutilia.
2775 557 2909 612 Nam
2945 559 3328 617 dissolutiores
3359 563 3454 618 ira:

1882 645 2143 700 iudicatio
2183 656 2328 702 metu
2381 649 2677 714 contrahit,
2709 659 2761 704 et
2796 651 3132 719 poenitentia:
3157 651 3453 721 pharmaco

1885 737 2256 806 indigentibus
2312 739 2447 793 dicit
2498 739 2784 795 Dominum
2833 742 2903 795 ob
2959 751 3242 811 peccatum
3289 744 3451 800 etiam

1885 827 2045 880 simul
2074 829 2377 897 paenitere;
2411 831 2503 898 qui
2547 842 2725 884 autetn
2751 831 3030 900 prosperis
3051 832 3214 888 rebus
3248 834 3453 888 insole-

1885 928 2044 972 scunt
2092 926 2145 973 et
2182 919 2480 973 efferuntur
2501 960 2515 983 ,
2549 922 2962 989 prosperitatem
2993 936 3104 976 non
3136 923 3214 977 eis
3241 938 3455 992 perma-

1885 1027 2033 1075 nere,
2062 1011 2273 1064 tametsi
2299 1027 2364 1064 ex
2395 1012 2503 1065 Deo
2529 1027 2650 1066 esse
2672 1013 2942 1076 videatur,
2965 1030 3061 1083 per
3082 1017 3455 1083 ptenitentiam

1887 1115 2050 1168 ευμεν
2087 1099 2249 1153 Saule
2287 1101 2547 1156 ostendit.
2586 1099 2651 1152 Et
2679 1101 2761 1156 eis
2798 1101 2889 1170 qui
2922 1117 3032 1155 non
3063 1101 3294 1157 demersi
3330 1111 3458 1158 sunt

1889 1192 1940 1244 in
1975 1189 2249 1260 profundo
2282 1190 2433 1259 lapsu
2470 1193 2697 1260 peccati,
2751 1191 2847 1245 sed
2883 1199 3140 1260 tanquam
3167 1207 3230 1246 ex
3263 1207 3458 1248 somno

1887 1285 2122 1352 quodam
2174 1298 2325 1336 vanae
2377 1285 2498 1336 vita:
2549 1294 2873 1351 exsurgunt,
2927 1281 3092 1337 Deum
3149 1283 3282 1336 dicit
3325 1296 3457 1336 con-

1889 1392 2112 1446 surgerc
2169 1383 2223 1429 et
2281 1374 2442 1428 simul
2492 1375 2842 1445 expergisci:
2895 1383 3042 1429 stare
3098 1374 3166 1431 iis
3229 1375 3321 1446 qui
3385 1373 3456 1429 ad

1887 1467 2089 1520 bonum
2133 1467 2409 1520 stabiliter
2441 1466 2830 1530 ascenderunt,
2869 1474 2923 1519 et
2961 1465 3150 1520 sedere
3178 1466 3244 1521 iis
3279 1466 3373 1535 qui
3403 1465 3460 1520 in

1890 1559 2032 1612 bono
2089 1558 2344 1612 collocati
2393 1565 2562 1622 sunt;
2617 1559 2822 1612 moveri
2881 1567 3071 1611 contra
3100 1566 3154 1612 et
3182 1557 3462 1611 ambulare

1891 1649 1944 1701 iu
2003 1649 2087 1702 his
2143 1649 2237 1716 qui
2287 1663 2317 1700 a
2373 1648 2628 1702 ﬁrmitate
2681 1662 2803 1716 qua
2846 1655 2930 1702 est
2985 1647 3040 1700 in
3093 1646 3236 1699 bono
3267 1644 3461 1698 dimoti

1894 1748 2044 1795 sunt.
2083 1737 2156 1793 Ut
2208 1740 2260 1793 in
2309 1738 2518 1792 Adamo
2550 1738 2781 1791 historia
2833 1744 3054 1791 enarrat
3095 1735 3138 1767 ⁸⁸
3180 1734 3344 1788 Deum
3367 1734 3462 1788 de-

1894 1832 2140 1886 scribens
2167 1830 2606 1885 deambulantem
2632 1829 2700 1883 ad
2722 1843 2980 1884 occasum
3007 1836 3130 1897 post
3157 1826 3460 1890 meridiem,

1895 1939 1989 1993 per
2043 1937 2299 1976 occasum
2367 1923 2436 1976 ad
2498 1922 2788 1976 tenebrosa
2842 1920 3163 1991 protoplasti
3227 1919 3463 1975 hominis

1896 2015 2104 2082 lapsum
2162 2013 2508 2083 significans,
2559 2029 2658 2084 per
2703 2021 2909 2067 motum
2969 2025 3097 2066 vero
3137 2010 3372 2066 hominis
3405 2009 3463 2064 in

1894 2105 2037 2159 bono
2089 2104 2454 2160 inﬁrmitatem
2489 2115 2543 2161 et
2577 2105 3010 2160 iustabilitatem.

1969 2195 2072 2251 Sed
2100 2197 2214 2250 haec
2241 2197 2428 2252 multis
2457 2198 2675 2267 longius
2719 2197 2952 2252 fortasse
2985 2198 3320 2253 videbuntur
3341 2213 3466 2254 esse

1895 2290 2160 2357 producta
2183 2305 2346 2358 quam
2376 2290 2652 2358 prOposita
2677 2291 3065 2358 contemplatio
3096 2291 3297 2361 exigat.
3327 2290 3464 2346 Illud

1897 2388 2076 2433 autem
2136 2379 2320 2435 nullus
2373 2394 2402 2430 a
2449 2394 2506 2432 re
2557 2378 2839 2449 proposita
2887 2379 3197 2448 discrepare
3247 2379 3466 2445 dixerit,

1898 2473 2043 2543 quod
2099 2473 2342 2543 plerique
2379 2471 2694 2526 existiment
2743 2470 2886 2538 quod
2923 2471 3026 2524 sibi
3075 2471 3209 2542 ipsis
3261 2482 3346 2527 est
3384 2474 3469 2527 in-

1898 2562 2388 2634 comprehensibile
2430 2575 2604 2630 neque
2644 2575 2673 2614 a
2721 2559 2831 2615 Deo
2864 2562 3249 2632 comprehendi
3285 2578 3468 2633 posse,

1897 2665 1950 2708 et
1999 2654 2146 2724 quod
2189 2653 2409 2720 quidem
2442 2650 2690 2722 effugerit
2733 2666 2886 2706 suam
2929 2653 3171 2722 ipsorum
3205 2653 3472 2723 c0guitio-

1899 2764 2046 2809 nem,
2098 2746 2199 2799 hoc
2245 2745 2668 2813 exsuperantius
2704 2744 2887 2798 divina
2932 2745 3170 2812 potentia
3215 2760 3338 2799 esse
3369 2761 3469 2814 pu—

1900 2841 2034 2888 tent.
2084 2833 2354 2898 Quoniam
2407 2831 2577 2900 igitur
2631 2847 2735 2888 nos
2774 2833 2964 2902 quanti
3024 2849 3336 2887 mensuram
3377 2850 3474 2888 nu-

1901 2933 2110 2972 merum
2150 2918 2419 2986 fecimus;
2452 2934 2716 2974 numerus
2745 2929 2925 2974 autem
2961 2920 3094 2974 nihil
3126 2921 3270 2974 aliud
3306 2937 3469 2990 quam

1902 3015 2168 3064 unitatum
2197 3011 2524 3080 compositio
2554 3019 2659 3074 est,
2696 3025 2819 3064 cum
2849 3013 2997 3068 varie
3024 3013 3205 3068 unitas
3239 3014 3294 3066 in
3332 3013 3473 3066 mui-

1902 3102 2188 3157 titudinem
2245 3112 2528 3158 excrescat
2575 3121 2588 3157 :
2638 3103 2818 3158 unitas
2873 3105 3018 3158 enim
3069 3114 3122 3159 et
3169 3103 3332 3159 decas
3379 3117 3475 3173 per

1900 3196 2349 3264 compositionem
2398 3196 2666 3249 unitatum
2699 3195 2768 3249 ad
2802 3196 2903 3249 hoc
2927 3195 3299 3265 progrediens,
3332 3198 3460 3249 uni-

1903 3296 1986 3341 tas
2037 3300 2230 3340 rursus
2255 3286 2501 3338 centuria
2527 3299 2650 3354 qua}
2681 3300 2748 3339 ex
2779 3285 3016 3338 denariis
3042 3285 3286 3339 numeris
3313 3300 3466 3338 com-

1901 3375 2141 3445 ponitur.
2193 3373 2458 3428 Similiter
2494 3385 2548 3430 et
2577 3375 2769 3428 chilias
2800 3375 2902 3427 alia
2941 3375 3144 3438 unitas,
3181 3382 3234 3429 et
3272 3375 3475 3444 myrias

1905 3467 2128 3536 pariter,
2169 3466 2522 3536 proportione
2572 3466 2756 3518 habita
2785 3480 2852 3518 ex
2906 3465 3474 3534 multiplicationibus,

1909 3556 1995 3608 illa
2020 3555 2241 3623 quidem
2274 3569 2339 3608 ex
2378 3553 2729 3619 chiliadibus,
2761 3552 2876 3606 haec
2913 3567 3038 3606 vero
3074 3568 3193 3622 quae
3217 3553 3478 3609 centuriis

1909 3645 2221 3699 summatim
2281 3645 2574 3712 colligitur,
2644 3659 2809 3713 super
2861 3646 3044 3698 omnia
3098 3645 3165 3698 de
3214 3645 3476 3712 subjectis

1910 3736 2254 3801 deﬁnientes,
2311 3737 2466 3806 signa
2515 3736 2838 3805 quantitatis
2895 3751 3077 3789 rerum
3116 3751 3236 3804 quae
3281 3751 3478 3790 nume-

1913 3841 2103 3883 rantur
2131 3828 2382 3883 facimus.
2429 3826 2497 3882 Ut
2530 3828 2693 3896 igitur
2725 3843 2754 3881 a
2780 3827 2963 3881 divina
3006 3826 3288 3896 Scriptura
3319 3826 3479 3880 insti-

1913 3923 2010 3974 tuti
2049 3934 2316 3983 essemus,
2358 3917 2492 3971 nihil
2541 3917 2648 3971 Deo
2681 3917 3015 3986 incognitum
3056 3930 3198 3980 esse,
3251 3916 3321 3968 ab
3361 3916 3480 3984 ipso

1912 4013 2039 4066 dicit
2090 4011 2371 4066 stellarum
2428 4008 2829 4063 multitudinem
2896 4008 3196 4070 numerari,
3248 4021 3358 4060 non
3415 4007 3484 4062 ad

1915 4103 2060 4156 hunc
2116 4101 2340 4156 modum
2374 4099 2775 4155 numerationis
2813 4114 2933 4169 qua:
2961 4099 3019 4152 ﬁt
3067 4112 3096 4150 a
3131 4097 3312 4152 nobis.
3350 4096 3485 4163 Quis

1913 4198 2060 4252 enim
2112 4196 2184 4249 ita
2235 4193 2467 4250 stolidus
2505 4201 2558 4247 et
2608 4191 2833 4260 simplex
2885 4190 2977 4259 qui
3031 4188 3198 4243 Deum
3254 4203 3486 4243 numero

239 4297 336 4352 καὶ
363 4297 450 4350 διὰ
477 4295 576 4364 τῆς
617 4294 728 4346 τῶν
769 4292 1008 4363 μονάδων
1035 4291 1352 4355 συνθέσεως,
1383 4291 1518 4360 πρὸς
1555 4289 1616 4341 τὸ
1647 4287 1801 4357 κεφά-

1921 4285 2114 4355 impari
2148 4292 2202 4340 et
2229 4283 2348 4354 pari
2381 4298 2445 4338 ea
2474 4297 2595 4352 quae
2637 4289 2764 4336 sunt
2796 4278 3257 4349 comprehendere
3311 4286 3486 4348 putet,

239 4389 391 4441 λαιον
422 4388 521 4457 τῆς
553 4384 943 4456 ἀθροιζομένης
983 4384 1274 4454 ποσότητος
1298 4382 1388 4434 τὸν
1420 4380 1647 4452 ἀριθμὸν
1676 4397 1817 4450 συμ-

241 4477 559 4547 περαίνειν;
603 4474 743 4527 Ἀλλ’
789 4473 974 4543 ἐπειδὴ
1016 4474 1074 4526 ὲν
1099 4475 1228 4543 ἡμῖν
1256 4476 1289 4542 ἡ
1335 4471 1566 4543 ἀκριϐὴς
1596 4471 1691 4524 τοῦ
1719 4490 1817 4525 πο-

245 4567 343 4622 σοῦ
383 4565 586 4635 γνῶσις
617 4568 682 4618 ὲκ
719 4562 815 4617 τοῦ
844 4563 1072 4634 ἀριθμοῦ
1103 4563 1331 4631 γίνεται,
1363 4563 1438 4625 ὼς
1465 4562 1530 4614 ἂν
1569 4562 1661 4615 καὶ
1691 4563 1818 4631 περὶ

240 4661 338 4715 τοῦ
378 4659 514 4713 Θεοῦ
567 4657 1004 4728 παιδευθείημεν,
1053 4657 1136 4710 ὅτι
1178 4656 1354 4709 πάντα
1393 4658 1458 4726 τῇ
1493 4655 1688 4724 γνώσει
1719 4655 1818 4724 τῆς

245 4754 440 4823 σοφίας
487 4751 651 4806 αὐτοῦ
681 4750 1060 4821 περιείληπται
1109 4751 1202 4802 καὶ
1245 4751 1392 4802 οὐδὲν
1422 4748 1677 4818 ἐκφεύγει
1724 4747 1820 4818 τὴν

246 4845 452 4917 ἀκριϐῆ
481 4843 827 4914 κατανόησιν,
869 4839 1057 4893 τούτου
1085 4841 1242 4910 χάριν
1269 4840 1518 4910 ἀριθμεῖν
1551 4839 1619 4891 τὰ
1645 4839 1819 4909 ἄστρα

244 4938 338 4990 τὸν
367 4935 499 4988 Θεὸν
536 4933 848 5005 διωρίσατο,
907 4930 1084 4994 τοῦτο,
1108 4930 1173 4982 δι’
1200 4923 1274 4983 ὧν
1302 4930 1470 4998 λέγει,
1509 4933 1648 4983 νοεῖν
1692 4947 1820 5000 συμ-

249 5025 541 5090 ϐουλεύων,
577 5025 651 5095 μὴ
682 5025 820 5078 κατά
853 5024 912 5077 τὸ
937 5023 1132 5094 μέτρον
1169 5023 1232 5075 τὸ
1256 5022 1354 5092 τῆς
1392 5023 1664 5093 ἡμετέρας
1688 5022 1825 5089 γνὼη

253 5133 392 5177 σεως
439 5114 624 5166 καὶτὸ
655 5114 807 5166 Θεῖον
852 5112 1057 5165 οἴεσθαι
1107 5111 1214 5165 τῶν
1259 5111 1427 5164 ὄντων
1467 5111 1822 5180 ἐφάπτεσθαι,

251 5205 390 5260 άλλά
420 5206 489 5258 τά
519 5207 652 5276 ἡμῖν
679 5205 894 5276 άληπτα
922 5206 1015 5258 καὶ
1047 5205 1370 5275 ἀνεπινόητα
1393 5203 1568 5257 πάντα
1596 5207 1660 5274 τῇ
1685 5203 1825 5272 γνώ-

255 5314 340 5350 σει
381 5298 482 5368 τῆς
529 5297 682 5360 θείας
741 5297 930 5367 σοφίας
979 5297 1480 5368 ἐμπεριείργεσθαι.
1541 5297 1662 5351 Τῶν
1718 5297 1825 5367 γὰρ

257 5389 472 5460 ἄστρων
525 5387 614 5441 διὰ
662 5391 723 5441 τὸ
767 5388 968 5459 πλῆθος
1009 5389 1381 5458 ὲκφευγὸντων
1430 5389 1521 5441 τὸν
1573 5388 1822 5458 ἀριθμὸν,

256 5479 335 5545 ὡς
375 5481 507 5551 πρὸς
541 5480 888 5552 ἀνθρωπίνην
931 5481 1190 5545 ἐπίνοιαν,
1224 5481 1331 5535 ἀπὸ
1384 5479 1581 5550 μέρους
1628 5480 1688 5532 τὸ
1723 5482 1828 5532 πᾶν

335 5655 378 5690 ⁸⁸
419 5656 556 5717 Gen,
588 5671 681 5724 ut,
713 5657 763 5711 8.

1919 4389 1973 4432 et
2009 4394 2101 4447 per
2131 4377 2402 4430 unitatum
2432 4373 2881 4443 compositionem
2917 4372 2982 4425 ad
3018 4387 3284 4426 summam
3316 4387 3491 4440 quan-

1922 4471 2097 4524 titatis
2125 4474 2390 4523 acervata?
2417 4479 2706 4520 numerum
2739 4464 3027 4533 complecti
3050 4464 3073 4516 ‘!
3102 4462 3205 4516 Sed
3229 4464 3487 4531 quoniam

1923 4563 1974 4615 in
2021 4562 2177 4616 nobis
2221 4567 2411 4615 exacta
2447 4559 2635 4628 quanti
2668 4556 2908 4627 cognitio
2945 4570 3009 4610 ex
3052 4569 3280 4608 numero
3311 4555 3386 4618 fit,
3430 4563 3489 4608 ut

1921 4657 1988 4710 de
2036 4656 2143 4708 Deo
2177 4654 2430 4707 instructi
2468 4665 2740 4713 essemus,
2793 4647 2936 4718 quod
2968 4649 3150 4702 omnia
3184 4649 3494 4718 cognitione

1923 4747 2100 4819 ipsius
2149 4745 2431 4814 sapientia:
2479 4743 2875 4810 comprehensa
2908 4748 3038 4794 sunt
3087 4739 3335 4807 nihilque
3374 4739 3493 4806 ejus

1925 4844 2236 4892 accuratam
2280 4834 2466 4904 effugit
2500 4833 2884 4902 cognitionem,
2925 4830 3089 4898 hujus
3121 4829 3293 4897 gratia
3323 4829 3491 4882 Deum

1925 4937 2073 4984 astra
2114 4941 2404 4981 numerare
2441 4923 2687 4979 definivit
2725 4936 2819 4991 per
2853 4935 2916 4974 ea
2947 4933 3068 4988 qua:
3095 4916 3230 4971 dicit
3277 4916 3379 4970 hoc
3409 4917 3495 4969 in-

1926 5022 2170 5092 telligere
2212 5019 2532 5080 consulens,
2563 5032 2672 5070 non
2713 5015 2781 5068 ad
2825 5025 3137 5067 mensuram
3181 5015 3378 5063 nostrae
3403 5023 3498 5062 co-

1927 5111 2189 5184 gnitionis
2222 5110 2391 5162 Deum
2426 5107 2636 5177 opinari
2676 5121 2739 5159 ea
2771 5118 2891 5171 qua:
2921 5111 3049 5157 sunt
3090 5099 3377 5168 attingere,
3403 5098 3498 5152 sed

1932 5219 2054 5274 qtne
2105 5201 2264 5256 nobis
2317 5198 2789 5267 incomprehensa,
2834 5208 2935 5247 nec
2985 5192 3283 5253 intellecta,
3320 5187 3500 5243 omnia

1933 5297 2132 5351 divina:
2169 5292 2452 5362 sapientiae
2506 5288 2811 5358 cognitione
2862 5283 3134 5339 concludi.
3173 5283 3310 5336 Cum
3357 5280 3502 5334 enim

1935 5390 2106 5444 stella:
2175 5395 2398 5456 pt-Opter
2448 5378 2848 5434 multitudinem
2907 5375 3118 5447 fugiant
3172 5387 3503 5436 numerum,

1935 5491 2195 5553 quantum
2251 5479 2315 5530 ad
2363 5477 2650 5528 hmuanaut
2708 5470 3243 5534 commentationem,
3290 5481 3319 5522 a
3353 5473 3513 5539 parte
