4006 6484
547 231 685 289 Ιθόδ

1729 224 1787 279 S.
1828 222 2155 280 GREGORII
2196 222 2491 278 NYSSENI

3657 230 3797 285 £056

545 357 719 405 totum
755 344 912 400 docet
961 358 1165 405 sermo,
1197 358 1262 397 ex
1302 356 1370 398 eo
1408 340 1555 411 quod
1590 341 1737 395 dicat
1787 342 1902 396 lucc
1945 358 1974 395 a
2012 342 2121 397 Deo

2232 344 2551 397 ἐκδιδάσκων
2600 343 2629 393 6
2673 343 2848 411 λόγος,
2889 344 2953 397 ὲκ
2998 343 3091 398 τοῦ
3130 344 3299 398 ταῦτα
3346 342 3804 415 καταριθμεῖσθαι

548 439 844 499 numerari,
886 436 1023 491 nihil
1068 450 1260 490 eorum
1324 450 1446 506 qua:
1495 448 1526 487 a
1569 433 1730 487 nobis
1779 434 2120 504 ignorantur,

550 530 643 584 llci
690 528 1055 598 cognitionem
1108 525 1297 596 fugere
1346 535 1591 581 testatur.
1638 525 1929 595 Propterea
1972 526 2122 592 dicit,

551 621 655 685 Qui
689 627 929 672 numerat
966 618 1358 671 multitudinem
1386 618 1685 678 stellarum,
1716 631 1824 670 non
1866 616 2123 686 ignorans

555 712 809 764 nimirum
848 712 1128 765 stellarum
1180 711 1536 779 quantitatem
1580 710 1898 779 priusquam
1930 724 2123 763 nume-

553 808 748 855 rasset.
804 798 1090 865 Quomodo
1143 800 1288 854 enim
1345 806 1771 853 consentaneum
1814 806 1898 853 est
1948 799 2123 868 ipsum

552 894 807 963 ignorare
840 894 985 961 quod
1023 892 1194 947 fecit?
1223 893 1325 958 Qui
1355 894 1497 947 enim
1523 892 1763 946 universi
1794 908 1993 961 prases
2020 903 2121 956 est,

553 999 662 1039 non
697 984 839 1053 quod
871 984 992 1052 eius
1024 984 1261 1054 potentia
1296 999 1563 1039 summam
1604 1000 1785 1038 rerum
1815 984 2127 1040 continente

552 1073 1002 1144 comprehensum
1059 1087 1143 1129 est
1199 1076 1432 1144 ignorat.
1494 1075 1633 1141 Quid
1692 1076 1855 1145 igitur
1908 1079 2125 1132 tandem

554 1164 696 1233 quod
733 1166 836 1219 scit
861 1173 1107 1217 numerat
1130 1165 1152 1217 ?
1178 1164 1269 1219 Est
1306 1166 1449 1219 enim
1479 1166 1869 1235 ignorantium,
1900 1183 2127 1222 numero

554 1256 908 1324 quantitatem
963 1254 1231 1319 dimetiri;
1281 1256 1373 1324 qui
1431 1264 1610 1309 autem
1660 1266 1948 1325 antequam
2006 1265 2126 1312 orta

552 1355 735 1401 essent
766 1345 946 1399 omnia
970 1346 1154 1409 scivit,
1193 1344 1260 1398 ad
1302 1360 1482 1399 rerum
1505 1348 1871 1417 cognitionem
1902 1362 2128 1402 numero

556 1454 661 1491 non
717 1437 920 1507 indiget
984 1436 1263 1506 magistro.
1326 1435 1524 1491 Verum
1591 1454 1621 1493 a
1675 1438 1874 1493 Davide
1928 1439 2129 1493 dicitur

553 1540 880 1588 numerare,
932 1524 1059 1593 quia
1108 1524 1361 1579 videlicet
1410 1526 1475 1579 ad
1526 1535 1766 1581 nostram
1821 1526 2125 1581 doctrinam

552 1632 650 1685 pro
701 1623 861 1684 captu
936 1625 1125 1672 nostro
1175 1614 1240 1668 ad
1304 1616 1645 1686 perspicuam
1692 1617 2123 1687 explanationem

2225 433 2377 505 παρά
2403 434 2494 487 τοῦ
2529 433 2661 487 Θεοῦ
2694 434 2890 503 λέγειν,
2926 437 2984 488 τὺ
3026 436 3191 507 μηδὲν
3224 435 3329 489 τῶν
3358 438 3491 506 ἡμῖν
3506 435 3803 503 ἀγνώστων

2224 526 2511 595 ἐκφεύγειν
2540 526 2633 579 τοῦ
2663 525 2799 579 Θεοῦ
2852 528 2950 597 τὴν
2987 528 3185 594 γνῶσιν
3216 527 3669 598 διαμαρτύρεται.
3702 527 3804 579 Διὶ

2224 617 2381 670 τοῦτό
2438 635 2635 687 φησιν,
2697 618 2759 671 ὐ
2810 618 3068 687 ἀριθμῶν
3119 617 3318 685 πλήθη
3366 618 3643 685 ἄστρων,
3704 618 3805 669 οὐκ

2226 708 2433 776 ἀγνοῶν
2477 708 2674 779 δηλαδὴ
2727 709 2855 779 πρὶν
2904 708 3267 779 ἐξαριθμῆσαι
3305 709 3403 778 τὴν
3440 709 3547 762 τῶν
3589 710 3806 778 ἄστρων

2226 800 2514 869 ποσότητα.
2548 800 2671 864 Πῶς
2704 801 2814 870 γὰρ
2846 801 2991 863 elato;
3010 802 3169 854 αὑτὸν
3200 803 3412 869 ἀγνοεῖν
3443 802 3473 853 ὂ
3506 800 3804 871 ἐποίησεν,

2238 892 2295 943 Ὀ
2327 891 2436 961 γάρ
2467 890 2561 943 τοῦ
2607 890 2808 954 παντὸς
2850 892 3168 962 ἐπιστάτης,
3203 894 3303 946 οὑκ
3356 892 3420 946 ἂν
3472 893 3699 961 ἀγνοοίη
3747 892 3808 943 τὸ

2226 978 2862 1049 ὲμπεριειλημμένον,τῇ
2899 984 3217 1051 περιεκτικῇ
3249 982 3357 1035 τῶν
3386 981 3522 1035 ὅλων
3553 982 3805 1051 δυνάμει.

2227 1068 2291 1119 Τί
2322 1068 2522 1137 δήποτε
2568 1064 2661 1122 οὖν
2710 1070 2937 1139 ἀριθμεῖ
2976 1072 3111 1141 ὅπερ
3159 1071 3479 1136 ἔπίσταταις
3525 1072 3652 1125 Τῶν
3699 1073 3807 1141 γὰρ

2226 1157 2558 1225 ἀγνοούντων
2588 1160 2723 1222 ἐστὶ,
2756 1159 2817 1211 τὸ
2863 1159 2940 1229 τῷ
2971 1160 3187 1230 ἀριθμῷ
3220 1161 3529 1231 διαμετρεῖν
3562 1161 3660 1230 τὴν
3712 1177 3809 1212 πο-

2229 1250 2428 1319 σότητα
2446 1267 2458 1279 ·
2493 1252 2521 1302 6
2543 1249 2600 1302 δὲ
2629 1252 2693 1303 τά
2725 1252 2899 1304 πάντα
2926 1252 3081 1314 εἰδὼς
3107 1252 3212 1323 πρὸ
3241 1252 3524 1320 γενέσεως,
3564 1250 3808 1321 ἀριθμοῦ

2226 1337 2544 1392 διδασκάλου
2595 1340 2731 1409 πρὸς
2773 1342 2872 1411 την
2904 1342 3011 1394 τῶν
3056 1341 3427 1411 ὑποκειμένων
3463 1341 3664 1408 γνῶσιν
3705 1341 3811 1392 οὑκ

2228 1426 2520 1483 ἐπιδέεται.
2584 1430 2742 1482 Ἀλλά
2797 1432 2902 1501 μὴν
2954 1432 3204 1502 ἀριθμεῖν
3248 1431 3463 1499 λέγεται
3510 1431 3663 1500 παρά
3711 1428 3813 1481 τοῦ

2227 1518 2419 1582 Δαϐὶδ,
2480 1518 2718 1589 δηλονότι
2778 1520 2913 1589 πρὸς
2972 1522 3068 1590 τὴν
3126 1521 3401 1591 ἡμετέραν
3452 1517 3813 1572 διδασκαλίαν

2229 1610 2367 1662 κατά
2402 1610 2453 1661 τὸ
2469 1611 2597 1679 ἡμῖν
2626 1612 2868 1682 χωρητδν
2886 1610 2974 1663 τοῦ
3000 1610 3159 1679 λόγου
3180 1611 3315 1681 πρὸς
3342 1612 3640 1680 σαφήνειαν
3672 1625 3815 1661 κατι

552 1720 736 1763 sermo
766 1706 1082 1769 descendat,
1109 1704 1348 1775 perfecte
1382 1708 1525 1761 scire
1563 1722 1627 1762 ea
1659 1724 1781 1777 qua:
1812 1709 1970 1765 nobis
1999 1720 2126 1765 sunt

2232 1702 2420 1765 ιόντος,
2450 1702 2509 1755 τὸ
2539 1702 2777 1773 ἀκριϐῶς
2809 1702 3003 1756 εἰδέναι
3035 1701 3103 1755 τά
3142 1704 3273 1773 ἡμῖν
3306 1702 3560 1769 ἄγνωστα
3591 1700 3683 1752 διὰ
3712 1703 3814 1769 τῆς

553 1796 827 1866 incognita
857 1812 951 1866 per
985 1797 1197 1852 numeri
1226 1798 1675 1869 signiﬁcationem
1701 1799 1870 1856 David
1903 1802 2129 1857 demon-

553 1890 770 1943 stravit.
823 1888 1288 1954 Quemadmodum
1349 1890 1515 1960 igitur
1563 1904 1850 1947 numerare
1906 1892 2126 1960 dicitur,

552 1980 689 2035 nihil
723 1980 1063 2035 arithmetica
1106 1980 1331 2051 periodo
1370 1981 1441 2036 ad
1487 1997 1667 2037 rerum
1697 1991 2003 2038 creatarum
2036 2001 2130 2040 co-

556 2073 849 2142 gnitionem
880 2072 1150 2142 indigens,
1178 2073 1259 2127 sic
1292 2073 1453 2126 etiam
1478 2073 1730 2129 omnibus
1753 2074 1886 2145 ipsis
1909 2078 2128 2132 nomina

555 2181 753 2220 vocare
808 2164 1076 2232 PrOpheta
1111 2164 1267 2231 dicit,
1303 2182 1410 2220 non
1446 2166 1608 2233 hanc,
1646 2169 1862 2237 opinor,
1913 2186 2033 2240 quae
2074 2173 2130 2226 lit

560 2271 655 2325 per
681 2270 889 2317 vocem,
923 2256 1377 2324 nuncupationem
1404 2257 1837 2328 subsignificans.
1869 2260 1960 2315 Vel
1984 2262 2127 2316 enim

559 2344 626 2398 ad
661 2344 957 2398 absurdum
1010 2344 1265 2412 quiddam
1297 2353 1350 2399 et
1394 2346 1698 2416 indignum,
1729 2350 1873 2419 quod
1916 2351 1983 2404 de
2022 2350 2129 2407 Deo

560 2437 614 2489 iu
634 2436 1000 2505 suspicionem
1021 2436 1220 2503 veniat,
1250 2436 1599 2506 progrediens
1632 2454 1811 2507 serth
1837 2440 2128 2509 desineret,

559 2527 827 2597 siquidem
865 2527 979 2582 lucc
1018 2526 1150 2582 dicit
1184 2527 1403 2582 nomina
1446 2528 1618 2583 stellis
1648 2544 1676 2581 a
1727 2529 1832 2585 Deo
1876 2532 2129 2601 imposita

560 2635 681 2688 quae.
723 2618 775 2673 in
808 2619 1207 2674 consuetudine
1256 2628 1443 2674 nostra
1490 2630 1838 2691 usurpautur.
1890 2622 1945 2675 Si
1985 2626 2128 2679 enim

558 2711 714 2765 daret
756 2711 955 2779 aliquis
990 2712 1102 2765 lucc
1135 2725 1165 2764 a
1212 2709 1321 2765 Deo
1350 2720 1540 2765 vocata
1570 2728 1712 2775 esse,
1741 2729 1964 2768 necesse
1988 2724 2132 2771 esset

559 2802 781 2856 omnino
826 2802 1136 2857 Greecorum
1176 2802 1593 2856 simulacrorum
1625 2804 1774 2857 illinc
1820 2817 2010 2875 putare
2032 2823 2129 2877 ιιι)-

561 2893 905 2962 pellationem
962 2894 1015 2944 in
1063 2892 1236 2945 stellis
1289 2892 1666 2961 pervulgatam
1702 2908 1846 2956 esse,
1898 2902 1951 2948 et
1982 2910 2129 2963 qua:-

560 2998 777 3052 eunque
806 2983 1061 3037 fabulosae
1083 2982 1322 3036 historia:
1346 2982 1397 3035 in
1428 2984 1597 3037 stellis
1621 2984 1867 3038 feruntur
1889 2987 2130 3051 nomina,

2226 1793 2320 1847 τοῦ
2353 1794 2584 1866 ἀριθμοῦ
2622 1794 2896 1864 σημασίας
2939 1795 2967 1846 6
3028 1792 3191 1845 Δαόὶδ
3218 1793 3536 1858 ἐνεδείξατο.
3590 1792 3814 1861 Ὠσπερ

2228 1883 2321 1941 οὖν
2353 1887 2599 1958 ἀριθμεῖν
2642 1888 2876 1955 λέγεται,
2906 1885 3057 1939 οὐδὲν
3086 1885 3185 1955 τῆς
3214 1884 3585 1956 ἀριθμητικῆς
3615 1883 3812 1953 περιό-

2228 1978 2317 2030 δου
2349 1979 2482 2048 πρὸς
2525 1981 2621 2049 τὴν
2648 1979 2751 2031 τῶν
2785 1978 2952 2030 ὄντων
2994 1976 3193 2045 γνῶσιν
3232 1976 3599 2045 ὲπιδεόμενος,
3628 1974 3814 2036 οὑτως

2230 2070 2323 2121 καὶ
2354 2070 2517 2121 πᾶσιν
2544 2069 2723 2131 αὑτοῖς
2749 2069 2988 2138 ὀνόματα
3015 2066 3197 2121 καλεῖν
3222 2070 3254 2137 ἡ
3298 2067 3812 2138 προφητεία-λέγει,

2228 2162 2288 2214 ού
2334 2160 2557 2231 ταύτην,
2586 2157 2759 2231 οἶμαι,
2794 2161 2889 2231 τὴν
2918 2160 3005 2214 διὰ
3035 2160 3133 2230 τῆς
3167 2160 3348 2229 φωνῆς
3380 2160 3573 2230 κλῆσιν
3602 2160 3813 2230 ὑποσηο

2232 2254 2516 2323 μαίνουσα.
2566 2248 2642 2304 Ἦ
2674 2253 2779 2323 γὰρ
2816 2252 2881 2305 ἂν
2910 2253 2989 2315 είς
3021 2250 3217 2306 ἄτοπόν
3248 2269 3298 2305 τι
3329 2252 3423 2305 καὶ
3466 2252 3692 2318 ἀνάξιον
3717 2253 3815 2322 τῆς

2234 2346 2358 2415 περὶ
2391 2344 2523 2397 Θεοῦ
2550 2344 2870 2415 ὑπολήψεως
2898 2346 2926 2397 6
2951 2343 3105 2411 λόγος
3131 2343 3336 2414 προῖὼν
3375 2344 3709 2414 καταλήγοι,
3741 2344 3813 2395 εἴ·

2231 2453 2337 2507 περ
2365 2434 2534 2488 ταῦτα
2556 2436 2700 2504 λέγει
2732 2435 2799 2489 τὰ
2823 2436 3060 2507 ὀνόματα
3087 2436 3234 2505 παρά
3254 2435 3347 2488 τοῦ
3371 2435 3509 2488 Θεοῦ
3534 2435 3814 2489 τεθεῖσθαι

2229 2531 2340 2591 τοῖς
2363 2529 2582 2599 ἄστροις
2612 2529 2679 2582 τὰ
2701 2530 2757 2581 ἐν
2782 2531 2847 2599 τῇ
2872 2528 3127 2598 συνηθείᾳ
3148 2529 3303 2599 ἡμῶν
3332 2528 3810 2598 ἀναστρεφόμενα.

2231 2621 2295 2676 Εἰ
2329 2621 2436 2693 γὰρ
2466 2621 2639 2675 ταῦτά
2679 2639 2763 2684 τις
2787 2620 2900 2693 δοίη
2932 2620 3112 2673 θεόθεν
3142 2620 3555 2690 ἐπικεκλῆσθαι,
3595 2621 3810 2689 ἀνάγκη

2233 2714 2379 2766 πᾶσα
2411 2711 2643 2765 καὶτῶν
2697 2711 3019 2781 Ἑλληνικῶν
3067 2709 3296 2765 εἰδώλων
3343 2711 3557 2762 ἐκεῖθεν
3605 2711 3812 2762 οῖεσθαι

2234 2805 2330 2875 τὴν
2360 2804 2547 2874 κλῆσιν
2575 2803 3005 2874 ὲπιτπφημίσθαι
3033 2806 3142 2865 τοῖς
3174 2803 3414 2873 ἄστροις,
3451 2803 3546 2855 καὶ
3584 2802 3689 2855 ὅσα
3718 2802 3814 2870 τῆς

2236 2895 2469 2966 μυθικῆς
2498 2894 2734 2965 ἱστορίας
2765 2894 3068 2962 ὲπιλέγεται
3096 2895 3207 2957 τοῖς
3232 2892 3497 2963 ἀπρῴοις
3528 2892 3811 2963 ὀνόμασιν,

2236 2985 2409 3056 ἀληθῆ
2434 2986 2669 3055 νομίσαι,
2696 2986 2770 3047 ὡς
2796 2985 2889 3037 τοῦ
2916 2984 3047 3037 Θεοῦ
3074 2984 3172 3047 τὰς
3198 2984 3452 3047 τοιαύτας
3476 2984 3664 3046 αὑτοῖς
3694 2985 3817 3035 ἐπυ-

562 3090 688 3129 vera
725 3075 1062 3134 existimare,
1111 3085 1367 3143 tanquam
1402 3074 1510 3128 Deo
1540 3077 1674 3130 tales
1707 3078 1760 3129 in
1811 3077 1942 3147 ipsis
1970 3092 2132 3134 voces

2234 3077 2524 3148 κυροῦντος
2562 3077 2763 3145 φωνάς.
2796 3076 2981 3139 Οὕτως
3010 3078 3042 3146 ή
3083 3074 3315 3145 ἑϐδομὰς
3348 3075 3458 3127 τῶν
3490 3076 3817 3146 περιεχομέ-

561 3173 711 3221 ratas
751 3165 999 3219 habente.
1038 3164 1128 3218 Sic
1156 3166 1500 3235 septenarius
1536 3167 1815 3223 stellarum
1845 3184 2129 3234 numerus,

561 3274 684 3328 qua:
726 3258 779 3312 in
825 3259 948 3328 polo
994 3258 1364 3319 continentur,
1420 3258 1559 3312 inter
1618 3257 1931 3313 Graecorum
1991 3259 2135 3315 idola

562 3349 911 3410 distributus,
942 3349 1102 3417 culpa
1136 3363 1328 3403 vacare
1350 3363 1444 3403 eos
1473 3350 1564 3418 qui
1607 3349 1657 3402 in
1701 3351 1783 3404 his
1811 3362 2137 3407 erraverunt

564 3442 835 3503 ostendet,
878 3439 1145 3508 siquidem
1182 3439 1284 3493 hoc
1314 3454 1342 3491 a
1376 3439 1481 3494 Deo
1520 3440 1830 3494 ordinatum
1867 3457 1989 3496 esse
2015 3458 2135 3498 cre-

562 3530 741 3587 ditum
794 3544 858 3583 ac
912 3543 1233 3598 persuasum
1276 3528 1457 3583 fuerit.
1502 3529 1687 3598 Itaque
1733 3532 1800 3586 de
1833 3533 2038 3589 Orione
2085 3544 2139 3589 et

563 3618 793 3687 Scorpio
850 3617 1030 3671 fabula
1080 3616 1147 3670 ad
1203 3616 1361 3671 ﬁdem
1416 3618 1741 3683 adducitur,
1796 3630 1849 3676 et
1896 3638 2018 3691 qua:
2072 3624 2139 3678 de

562 3714 708 3780 Argo
761 3717 1084 3775 narrantur,
1129 3716 1181 3762 et
1214 3708 1430 3779 Cycnus
1472 3721 1524 3764 et
1555 3711 1747 3779 Aquila
1775 3751 1790 3772 ,
1834 3722 1889 3766 et
1938 3713 2135 3775 Canis.

563 3808 619 3853 et
655 3799 721 3851 de
750 3796 964 3852 Corona
997 3797 1263 3853 Ariadnes
1296 3797 1576 3855 fabulatio.
1610 3801 1918 3865 Quinetiam
1955 3807 2135 3875 suspi-

560 3890 796 3943 candum
823 3897 1048 3951 astruet,
1084 3888 1248 3942 Deum
1282 3890 1617 3944 inventorem
1659 3907 1781 3946 esse
1810 3909 2000 3948 eorum
2034 3912 2138 3948 nu-

565 3981 770 4034 minum
803 3995 924 4050 qua:
982 3980 1035 4034 in
1068 3980 1202 4034 orbe
1232 3980 1494 4050 signifero
1540 3980 1611 4034 ob
1641 3985 1929 4050 quamdam
1956 3984 2139 4055 ﬁgura:

577 4072 992 4127 similitudinem
1017 4088 1175 4141 quam
1220 4086 1342 4126 cum
1370 4072 1700 4141 apparentiis
1733 4073 1951 4138 habent,
1979 4091 2141 4131 exco-

569 4166 737 4236 gitata
764 4174 914 4229 sunt,
943 4166 987 4220 si
1018 4164 1234 4234 quidem
1260 4164 1517 4235 praeclare
1544 4162 1841 4220 Eunomius
1858 4174 2009 4236 putat
2040 4166 2141 4221 Da-

568 4257 743 4311 videm
772 4256 957 4311 dicere
990 4257 1102 4310 haec
1132 4256 1265 4325 ipsis
1302 4255 1522 4309 nomina
1554 4254 1722 4311 Deum
1766 4256 2111 4326 imposuisse.

640 4348 909 4414 Quoniam
956 4349 1127 4416 igitur
1170 4348 1361 4402 talium
1406 4348 1691 4403 nominum
1727 4347 1896 4403 Deum
1944 4361 2212 4431 putare!)

569 4438 907 4493 inventorem
953 4454 1078 4493 esse
1120 4439 1423 4493 absurdum
1462 4446 1582 4505 est,
1613 4454 1683 4493 ne
1715 4440 2134 4495 simulacrorum

568 4529 788 4583 nomina
817 4530 943 4584 inde
967 4530 1297 4599 principium
1326 4529 1637 4585 obtinuisse
1663 4530 1974 4597 videantur,
2003 4534 2138 4603 opti-

567 4636 716 4675 mum
746 4622 849 4675 erit
882 4622 1026 4690 quod
1059 4622 1263 4675 dictum
1291 4631 1375 4676 est
1422 4638 1532 4675 non
1585 4623 1705 4678 sine
1758 4623 1946 4677 habita
1984 4641 2135 4693 qua:-

568 4714 746 4769 stione
772 4714 1095 4784 approbare,
1128 4712 1222 4768 sed
1247 4712 1422 4767 instar
1449 4729 1638 4769 eorum
1665 4729 1784 4783 quae.
1813 4714 1879 4769 de
1907 4731 2135 4770 numero

566 4820 595 4857 a
623 4804 782 4858 nobis
804 4805 1076 4857 intellecta
1104 4812 1255 4867 sunt,
1279 4804 1441 4872 hujus
1465 4805 1628 4859 etiam
1652 4805 1783 4860 dicti
1806 4807 2135 4861 sententiam

568 4898 848 4966 percipere
873 4914 889 4951 :
914 4898 1184 4968 siquidem
1223 4898 1363 4951 inter
1391 4912 1491 4952 nos
1522 4898 1898 4953 testimonium
1931 4909 2135 4955 exactae

566 4997 651 5041 est
678 4988 1038 5057 cognitionis,
1068 4988 1213 5058 quod
1240 5002 1272 5041 a
1304 4987 1461 5042 nobis
1496 4988 1775 5057 cognitum
1803 4995 1887 5043 est
1914 4989 2134 5060 preprio

566 5078 785 5132 nomine
809 5080 990 5132 vocari
1014 5118 1028 5141 ,
1056 5096 1151 5149 per
1176 5080 1289 5135 hazc
1315 5095 1417 5135 nos
1442 5079 1602 5134 docet
1626 5080 1771 5150 quod
1799 5096 1987 5136 eorum
2016 5097 2136 5151 qua:

566 5185 595 5221 a
626 5170 783 5223 nobis
810 5172 1197 5239 comprehendi
1249 5188 1357 5226 non
1403 5181 1670 5243 possunt,
1720 5188 1830 5227 non
1872 5175 2045 5228 solum
2079 5176 2133 5230 in

566 5278 777 5315 summa
807 5275 1070 5319 acervataa
1102 5266 1427 5334 quantitatis
1455 5266 1849 5336 plenitudinem
1885 5282 2136 5337 compre—

566 5355 757 5408 hendit
785 5357 876 5424 qui
919 5358 1234 5412 universum
1282 5360 1564 5420 continet,
1599 5360 1692 5414 sed
1728 5360 1889 5413 etiam
1922 5360 2134 5430 singula

565 5446 669 5499 scit
697 5456 886 5502 exacte
920 5457 973 5503 et
1008 5449 1266 5518 perfecte.
1296 5450 1474 5520 llujus
1504 5451 1582 5505 rei
1618 5465 1783 5503 causa
1816 5466 1922 5504 non
1956 5451 2132 5505 solum

564 5542 869 5593 enumerari
903 5543 1180 5596 stellarum
1214 5543 1590 5598 multitudines
1622 5558 1802 5597 sermo
1833 5543 1960 5595 dicit
1990 5584 2004 5605 ,
2040 5542 2133 5597 sed

564 5630 727 5685 etiam
780 5635 1099 5690 nominatim
1151 5635 1397 5707 singulas
1452 5636 1667 5700 vocari,
1717 5636 1859 5707 quod
1912 5636 2131 5707 quidem

2237 3188 2339 3223 νων
2367 3169 2444 3239 τῷ
2477 3169 2639 3221 παντὶ
2686 3167 2851 3237 πόλῳ,
2897 3170 3006 3229 τοῖς
3062 3166 3387 3236 Ἑλληνικοῖς
3425 3166 3665 3229 εἰδώλοις
3696 3169 3817 3218 ἐπι-

2239 3262 2577 3333 μερισθεῖσα,
2612 3261 2716 3326 ἔξω
2753 3259 3011 3329 μέμψεως
3040 3260 3162 3320 τοὺς
3211 3259 3346 3329 πρὸς
3386 3258 3562 3311 ταῦτα
3600 3260 3815 3312 πεπλα-

2234 3352 2499 3422 νημένους
2544 3353 2780 3421 ποιήσει,
2825 3351 2982 3421 εῖπερ
3012 3352 3076 3403 ἐκ
3116 3350 3251 3403 Θεοῦ
3298 3350 3611 3419 πιστευθείη
3656 3350 3815 3403 τοῦτο

2236 3442 2600 3514 διατετάχθαι.
2630 3443 2855 3505 Οῦτωςό
2881 3443 3017 3496 κατὰ
3040 3444 3130 3495 τὸν
3168 3443 3392 3512 Ὠρίωνα
3417 3444 3509 3495 καὶ
3545 3444 3814 3512 Σκορπίον

2240 3536 2405 3606 μῦθος
2443 3538 2522 3599 εἰς
2566 3534 2743 3588 πίστιν
2774 3535 2985 3602 ἄγεται,
3021 3536 3115 3586 καὶ
3142 3534 3209 3587 τά
3248 3534 3376 3604 περὶ
3416 3534 3512 3601 τῆς
3576 3534 3812 3603 Ἀργοῦς

2235 3623 2566 3693 διηγήματα,
2597 3622 2692 3675 καὶ
2714 3625 2742 3675 6
2772 3621 3001 3685 Κύκνος,
3028 3623 3123 3675 καὶ
3151 3624 3180 3675 6
3212 3622 3415 3687 Ἀετὸς,
3438 3624 3533 3676 καὶ
3564 3626 3593 3676 6
3624 3623 3810 3686 Κύων,

2236 3715 2269 3782 ἦ
2304 3731 2362 3765 τε
2401 3714 2541 3767 κατὰ
2567 3713 2655 3766 τὸν
2678 3713 2947 3783 Στέφανον
2997 3712 3097 3783 τῆς
3158 3714 3439 3785 Ἀριάδνης
3488 3714 3809 3784 μυθοποιία.

2238 3807 2347 3859 Καὶ
2388 3805 2482 3859 τοῦ
2529 3805 2810 3878 ζωηφόρου
2858 3805 3058 3859 κύκλου
3086 3806 3194 3858 τῶν
3220 3806 3361 3860 κατά
3388 3824 3509 3859 τινα
3541 3824 3809 3877 exque-:7.-

2237 3896 2373 3967 σμὸν
2399 3896 2791 3967 ὲπινοηθέντων
2818 3899 2929 3959 τοῖς
2966 3896 3309 3966 φαινομένοις
3338 3896 3640 3965 ὀνομάτων,
3679 3898 3811 3949 Θεὸν

2237 3988 2463 4060 εὑρετὴν
2514 3989 2853 4042 ὑπονοεῖσθαι
2890 3989 3313 4060 παρασκευάσει,
3356 3990 3513 4059 εἴπερ
3558 3990 3741 4053 καλῶς
3782 3994 3811 4045 6

2238 4080 2500 4151 Εὑνόμιος
2527 4080 2694 4134 οἴεται
2727 4080 2816 4133 τὸν
2855 4081 3019 4133 Δαόὶδ
3045 4080 3252 4148 λέγειν,
3292 4081 3373 4134 ὅτι
3410 4081 3583 4134 ταῦτα
3627 4083 3811 4144 αὐτοῖς

2238 4170 2304 4224 τὰ
2333 4171 2571 4241 ὀνόματα
2592 4173 2620 4223 6
2648 4171 2779 4235 Θεὸς
2802 4171 3125 4241 ἐπιτίθησιν.

2323 4349 2472 4401 Ἐπεὶ
2496 4343 2587 4402 οὑν
2613 4349 2810 4403 ἄτοπον
2844 4348 2951 4402 τῶν
2981 4347 3232 4402 τοιούτων
3256 4348 3534 4419 ὀνομάτων
3557 4350 3652 4402 τὸν
3679 4351 3813 4404 Θεὸν

2237 4440 2461 4511 εὑρετὴν
2495 4441 2721 4505 οἴεσθαι,
2753 4442 2828 4505 ὡς
2870 4442 2934 4496 ἂν
2982 4441 3055 4513 μὴ
3084 4444 3175 4495 καὶ
3201 4442 3269 4495 τά
3294 4442 3403 4494 τῶν
3430 4442 3668 4496 εἰδώλων
3694 4446 3810 4497 ὀνό-

2240 4550 2386 4602 ματα
2412 4532 2615 4587 ἐκεῖθεν
2648 4534 2744 4605 τὴν
2773 4535 2945 4605 ἀρχὴν
2982 4534 3273 4604 ἐσχηκέναι
3296 4534 3497 4603 δοκοίη,
3530 4537 3717 4599 καλῶς
3744 4537 3810 4590 ἂν

2237 4623 2347 4693 ἕλοι
2378 4623 2454 4694 μὴ
2492 4623 2862 4691 ἀνεξετάστως
2902 4624 2962 4676 τὸ
2993 4625 3155 4695 ῥηθὲν
3200 4624 3626 4694 παραδέξασθαι,
3678 4626 3810 4678 ἀλλὰ

2237 4719 2357 4773 καθ’
2382 4720 2669 4790 ὁμοιότητα
2699 4720 2807 4773 τῶν
2846 4720 2987 4773 κατά
3014 4720 3105 4772 τὸν
3135 4719 3363 4791 ἀριθμὸν
3389 4720 3519 4788 ημῖν
3556 4720 3810 4789 νενοημέ-

2236 4829 2362 4878 νων,
2412 4814 2507 4865 καὶ
2545 4812 2636 4864 τὸν
2675 4813 2733 4864 ὲν
2772 4811 2945 4881 τούτῳ
2990 4811 3112 4864 νοῦν
3161 4811 3507 4880 κατανοῆσαι.
3588 4811 3806 4883 Ἐπειδὴ

2235 4902 2344 4972 γὰρ
2376 4904 2434 4955 ὲν
2466 4903 2593 4973 ἡμῖν
2621 4888 2924 4973 ⁸μαρτύριον
2952 4902 3049 4971 τῆς
3087 4902 3345 4973 ἀκριϐοῦς
3374 4904 3487 4955 ἐστι
3530 4901 3803 4970 γνώσεως,

2234 4994 2295 5047 τὸ
2323 4992 2381 5057 ἐξ
2408 4993 2664 5061 ὀνόματος
2696 4992 2823 5062 παρ’
2856 4991 3014 5061 ήμῶν
3046 4991 3463 5062 προσκαλεῖσθαι
3493 4993 3584 5044 τὸν
3614 4994 3807 5062 γνώρι-

2238 5104 2357 5157 μον,
2385 5084 2623 5137 διδάσκει
2667 5084 2754 5137 διά
2802 5083 3003 5135 τούτων
3048 5084 3193 5153 ἡμᾶς
3237 5084 3318 5135 ὅτι
3361 5083 3468 5135 τῶν
3514 5086 3651 5154 ἡμῖν
3680 5085 3808 5155 ἀλή-

2236 5195 2403 5239 πτων,
2439 5177 2499 5229 οὑ
2529 5176 2687 5246 μόνον
2728 5174 2789 5227 τὸ
2813 5174 3081 5245 πλήρωμα
3105 5174 3202 5243 τῆς
3233 5176 3289 5225 ὲν
3317 5173 3596 5243 κεφαλαίῳ
3629 5176 3806 5245 ἀθροι-

2235 5269 2466 5339 ζομένης
2489 5267 2784 5337 ποσότητος
2830 5266 3183 5337 διαλαμϐάνει
3212 5268 3276 5337 τῇ
3322 5265 3518 5335 γνώσει
3542 5270 3571 5320 6
3596 5268 3662 5321 τὸ
3701 5270 3804 5323 πᾶν

2236 5360 2523 5431 περιέχων,
2572 5359 2708 5413 ἀλλὰ
2750 5358 2841 5411 καὶ
2886 5358 2953 5410 τὰ
2994 5357 3114 5410 καθ’
3153 5359 3377 5411 ἕκαστον
3410 5357 3477 5410 δι’
3521 5359 3803 5428 ἀκριϐείας

2235 5452 2543 5507 ἐπίσταται.
2580 5451 2782 5505 Τούτου
2814 5451 2972 5521 χάριν
3004 5452 3066 5503 ού
3112 5451 3269 5519 μόνον
3302 5450 3711 5520 ἐξαριθμεῖσθαι
3740 5452 3804 5502 τὲ

2237 5544 2414 5613 πλήθη
2454 5543 2562 5597 τῶν
2584 5543 2803 5612 ἄστρων
2836 5541 2998 5595 αὑτοῦ
3042 5545 3069 5595 6
3107 5542 3261 5611 λόγος
3301 5547 3484 5611 φησιν,
3530 5544 3669 5596 ἀλλά
3714 5546 3806 5597 καὶ

2237 5636 2293 5703 ἐξ
2327 5636 2586 5705 ὀνόματος
2630 5634 2854 5687 ἕκαστον
2898 5634 3305 5697 ἀποκαλεῖσθαι,
3346 5636 3481 5703 ὅπερ
3532 5634 3804 5707 σημαίνει,
