4006 6478
154 427 181 480 1
196 427 298 483 057

1283 411 1558 471 CONTRA
1602 406 1985 476 EUNOMlUM,
2028 406 2154 464 LIB.
2199 408 2308 465 XII.

3280 406 3416 462 1058

156 543 221 597 τὸ
272 542 434 612 μέχρι
466 540 572 593 τῶν
610 536 1122 607 λεπτομερεστέρων
1171 532 1383 604 διήκειν
1426 529 1592 583 αὑτοῦ
1642 529 1743 600 τὴν

1849 524 2114 594 significat
2145 526 2317 595 ipsius
2344 531 2656 578 accuratam
2692 522 3025 593 diligentiam
3051 562 3066 583 ,
3094 523 3257 577 etiam
3288 524 3417 578 sub-

153 633 467 705 ἁκρίϐειαν,
512 632 606 683 καὶ
631 630 803 692 οὕτως
840 626 1081 697 ἀκριϐῶς
1115 624 1495 693 ἐπιγινώσκειν
1520 621 1589 674 τὰ
1620 620 1743 674 καθῗ

154 726 413 786 ἕκαστον,
447 724 522 785 ὡς
550 723 579 774 ὑ
609 722 892 792 ἄνθρωπος
923 720 1013 771 τὸν
1047 718 1113 771 δι’
1146 717 1409 786 ὀνόματος
1438 713 1586 784 αὑτῷ
1614 730 1748 782 γνω-

160 811 467 882 ριζόμενον.
504 810 566 862 Ei
604 808 662 861 δέ
686 825 768 872 τις
801 808 946 875 λέγοι
973 806 1136 869 ἄλλοις
1174 800 1311 859 εἶναι
1350 804 1447 865 τάς
1476 804 1625 873 παρά
1651 802 1744 866 τοῦ

154 904 298 959 Θεοῦ
346 906 460 966 τοῖς
508 903 729 973 ἄστροις
779 899 1132 969 ἐπικειμένας
1177 896 1377 966 φωνὰς,
1422 895 1490 958 ἀς
1532 896 1744 965 ἀγνοεῖν

155 998 332 1052 οἴεται
362 998 457 1066 τὴν
506 994 854 1065 ἀνθρωπίνην
901 991 1083 1062 φύσιν,
1112 991 1237 1062 περὶ
1268 987 1342 1044 ὧν
1376 989 1743 1060 ὑπολαμϐάνει

155 1089 253 1142 τὸν
286 1088 447 1140 Δασὶδ
480 1086 782 1157 εἰρηκέναι,
818 1086 1006 1156 πόρρω
1035 1085 1131 1154 τῆς
1160 1083 1415 1147 ἀληθείας
1447 1086 1474 1137 ὁ
1509 1081 1746 1145 τοιοῦτος

156 1178 562 1232 ἀποπλανᾶται.
606 1177 670 1228 Εἰ
710 1178 818 1246 γὰρ
849 1173 917 1246 ἦν
946 1175 1107 1245 ἕτερα
1135 1173 1227 1226 ἐπὶ
1251 1174 1359 1226 τῶν
1390 1173 1603 1244 ἄστρων
1631 1171 1745 1224 ὀνό-

159 1285 332 1339 ματα,
357 1267 455 1320 οὑκ
486 1265 552 1320 ἂν
576 1267 610 1336 ή
653 1264 773 1317 θεία
799 1263 989 1335 Γραφὴ
1028 1262 1230 1316 τούτων
1252 1264 1485 1316 ἐποιεῖτο
1526 1260 1745 1331 μνήμην

155 1360 271 1412 τῶν
308 1360 607 1429 ὀνομάτων,
640 1357 677 1411 δι
720 1358 777 1409 ἐν
803 1359 871 1427 τῇ
914 1357 1251 1428 καταχρήσει
1294 1355 1393 1425 τῆς
1432 1353 1745 1423 Ἑλληνικῆς

159 1447 449 1518 συνηθείας
492 1446 658 1510 ἐστίν,
720 1444 941 1499 Ἡσαΐου
988 1444 1087 1514 μέν
1130 1444 1397 1513 λέγοντος,
1462 1442 1527 1494 ’οη
1561 1440 1747 1494 ποιῶν

157 1538 478 1605 Πλείάδας,
531 1538 627 1592 καὶ
680 1536 999 1605 Ἕσπερον,
1053 1535 1152 1589 καὶ
1219 1533 1588 1602 Ἀρκτοῦρον,
1648 1530 1745 1584 καὶ

160 1629 372 1699 ταμεῒα
413 1630 640 1683 Νότου·
694 1626 787 1681 τοῦ
834 1628 888 1681 δὲ
942 1626 1063 1681 Ἰὼϐ
1102 1627 1192 1679 τὸν
1233 1625 1481 1696 Ὠρίωνα,
1512 1623 1605 1675 καὶ
1647 1622 1746 1692 τὴν

172 1720 424 1791 Ἀσηρὼο
464 1720 840 1790 ὀνομάζοντος.
880 1720 967 1784 Ὧς
988 1721 1053 1771 ἐκ
1083 1717 1270 1771 τούτου
1304 1716 1458 1786 δῆλον
1483 1709 1641 1779 εῖναι,
1663 1714 1746 1766 ὅτι

156 1815 273 1876 τοῖς
307 1814 364 1865 ἐν
400 1811 480 1883 τῷ
513 1812 613 1884 βίῳ
651 1812 1034 1883 τετριμμένοις
1063 1812 1289 1881 ὀνόμασι
1321 1808 1457 1880 πρὸς
1492 1807 1745 1860 διδασκα-

1847 618 2028 670 tiliora
2055 625 2108 670 et
2135 617 2372 685 partium
2403 616 2717 670 tenuiorum
2752 624 3036 684 penetrare
3056 655 3071 680 ,
3105 624 3159 668 et
3184 617 3264 670 sic
3288 629 3417 669 exa-

1845 719 1930 763 cte
1962 710 2263 779 singularia
2296 722 2629 778 cognoscere
2650 750 2664 769 .
2697 717 2755 760 ut
2782 707 2945 761 homo
2975 722 3070 774 per
3098 721 3295 761 nomen
3321 723 3415 761 vo-

1844 808 1935 854 cat
1969 814 2092 853 eum
2134 800 2227 869 qui
2265 800 2370 854 sibi
2406 807 2574 853 notus
2612 806 2697 853 est
2734 805 2788 853 et
2827 797 3135 851 familiaris.
3172 797 3328 864 Quod
3367 799 3415 853 si

1844 892 1970 961 quis
2020 893 2167 945 dicat
2216 892 2353 946 alias
2398 906 2521 945 esse
2560 905 2590 943 a
2643 889 2753 944 Deo
2796 890 2973 945 stellis
3020 890 3415 959 appellationes

1846 982 2167 1051 impositas,
2206 998 2342 1052 quas
2390 990 2546 1051 putat
2604 982 2894 1036 humanam
2948 989 3200 1036 naturam
3256 982 3415 1053 igno-

1844 1086 2003 1135 rare,
2040 1073 2105 1126 de
2146 1073 2345 1142 quibus
2374 1072 2654 1127 existimat
2688 1071 2944 1126 Davidem
2981 1071 3223 1137 dixisse,
3258 1071 3417 1139 longe

1846 1179 1874 1216 a
1911 1165 2139 1219 veritate
2173 1165 2297 1219 talis
2330 1164 2567 1218 aberrat.
2606 1163 2663 1216 Si
2699 1164 2844 1218 enim
2881 1164 2987 1217 alia
3018 1171 3207 1217 essent
3241 1162 3418 1216 stellis

1847 1254 2017 1308 indita
2078 1257 2333 1320 nomina,
2391 1254 2575 1308 divina
2635 1252 2921 1323 Scriptura
2982 1253 3178 1306 horum
3228 1252 3418 1321 utique

1846 1348 2178 1401 mentionem
2216 1347 2497 1402 nominum
2543 1360 2652 1399 non
2691 1344 2941 1409 fecisset,
2991 1360 3113 1414 qua:
3147 1345 3201 1398 in
3239 1346 3415 1399 abusu

1846 1442 2046 1497 Graecae
2080 1452 2207 1497 sunt
2237 1438 2692 1502 consuetudinis,
2728 1438 2867 1492 Isaia
2901 1439 3117 1493 dicente
3149 1456 3162 1492 :
3196 1437 3302 1503 Qui
3330 1437 3416 1506 fa-

1845 1535 1916 1587 cit
1952 1533 2204 1587 Pleiadas
2228 1573 2241 1592 .
2276 1542 2325 1587 et
2367 1532 2651 1599 Vesperum
2679 1570 2693 1592 ,
2724 1539 2774 1583 et
2804 1530 3092 1582 Arcturum
3116 1567 3130 1592 ,
3163 1537 3211 1582 et
3244 1545 3419 1591 prom-

1844 1628 2060 1696 ptuaria
2091 1626 2305 1690 Noti",
2337 1623 2441 1678 Job
2469 1640 2665 1694 nempe
2691 1621 2947 1677 Orionem
2979 1628 3033 1676 et
3061 1620 3294 1675 Aseroth
3327 1635 3421 1673 no-

1847 1720 2134 1785 minante;
2165 1720 2237 1772 ita
2283 1726 2341 1771 ut
2393 1733 2457 1773 ex
2504 1717 2607 1771 hoc
2648 1716 2718 1770 sit
2755 1714 3136 1784 perspicuum,
3176 1712 3323 1783 quod
3361 1713 3416 1765 in

1849 1811 1959 1866 vita
1990 1811 2135 1865 tritis
2162 1810 2475 1864 nominibus
2503 1808 2569 1862 ad
2600 1815 2844 1862 nostram
2877 1804 3179 1859 doctrinam
3210 1819 3308 1859 usa
3335 1813 3420 1858 est

156 1905 285 1957 λίαν
330 1877 967 1976 ήμῶν-συγκέχρηταιὴ
1020 1877 1413 1973 θεία-Γραφήσ
1453 1899 1595 1953 οὕτω
1652 1897 1745 1951 καὶ

1849 1902 2030 1957 divina
2070 1900 2393 1970 Scriptura:
2430 1902 2512 1956 sic
2544 1910 2599 1955 et
2633 1899 2933 1953 Amalthea:
2972 1912 3142 1951 cornu
3167 1938 3181 1962 ,
3228 1896 3282 1949 in
3315 1893 3421 1950 Job

170 1995 499 2067 Ἀμαλθείας
526 1997 696 2068 κέρας
723 1997 780 2048 ἐν
808 1994 886 2065 τῷ
925 1994 1042 2047 Ἰὼϐ
1071 1993 1407 2063 ἀκηκόαμεν,
1453 1992 1547 2044 καὶ
1594 1988 1745 2061 παρά

154 2086 239 2156 τῷ
302 2085 503 2155 Ἡσαΐᾳ
548 2087 841 2156 Σειρῆναςο
899 2084 991 2137 τοῦ
1048 2084 1145 2154 μὲν
1192 2083 1254 2136 τὸ
1303 2083 1590 2154 πάμφορον
1636 2082 1746 2135 τῶν

154 2177 383 2246 ἀγαθῶν
418 2178 481 2230 ἐκ
510 2178 610 2248 τῆς
655 2177 976 2249 Ἑλληνικῆς
1002 2175 1257 2240 ὑπονοίας
1284 2174 1424 2228 οὑτω
1453 2175 1748 2245 κατονομάσ

155 2269 380 2333 ζὀντος⁸
444 2269 664 2322 Ἡσαΐου
714 2268 769 2320 δέ
813 2267 911 2338 τὴν
957 2267 1015 2332 ἐξ
1056 2268 1224 2337 ἀκοῆς
1278 2266 1467 2338 ἡδονὴν
1511 2267 1588 2338 τῷ
1638 2266 1746 2319 τῶν

154 2361 437 2431 Σειρήνων
490 2360 926 2433 παραδηλοῦντος
976 2360 1220 2430 ὀνόματι.
1272 2361 1483 2430 Ὥσπερ
1526 2356 1618 2413 οὖν
1663 2363 1747 2413 ἐν·

153 2448 336 2503 ταῦθα
359 2452 472 2513 τοῖς
501 2452 566 2503 ἐκ
604 2449 713 2503 τῶν
748 2449 994 2521 μυθικῶν
1036 2450 1389 2522 διηγημάτων
1426 2450 1681 2520 ὀνόμασιν
1719 2451 1749 2503 ὁ

157 2542 520 2605 θεόπνευστος
543 2542 914 2613 συνεχρήσατο
939 2543 1115 2611 λόγος,
1146 2543 1280 2613 πρὸς
1302 2542 1361 2595 τὸ
1387 2541 1493 2595 τῶν
1522 2543 1748 2596 ἀκουόν-

152 2652 270 2688 των
312 2635 580 2705 χρήσιμον
638 2633 889 2703 βλέπωνο
951 2633 1094 2687 οὕτω
1155 2635 1317 2687 κάκεῖ
1374 2633 1473 2697 τὰς
1522 2635 1587 2686 ἐκ
1647 2634 1747 2705 τῆς

157 2726 510 2799 ἀνθρωπίνης
538 2727 781 2789 ἐπινοίας
816 2729 930 2789 τοῖς
958 2726 1177 2797 ἄστροις
1220 2725 1603 2797 ἐπικληθείσας
1633 2742 1745 2794 φωο

111 2819 263 2880 ’νάς
312 2813 463 2871 εἶπεν
514 2821 955 2886 ἀνεπαισχυντως
1016 2820 1044 2870 ὁ
1106 2818 1292 2885 λόγος,
1346 2818 1611 2871 διδάσκων
1664 2818 1747 2870 ὃτι

167 2911 284 2964 πᾶν
325 2911 556 2981 πρᾶγμα
603 2910 762 2981 παρὰ
796 2912 909 2972 τοῖς
962 2908 1266 2980 ἀνθρώποις
1327 2910 1745 2979 ὀνομαζόμενον,

156 3001 228 3054 ἐκ
285 2999 420 3053 Θεοῦ
460 3002 559 3071 τὴν
605 3000 838 3071 ὓπαρξιν
888 2999 1033 3071 ἔχει,
1093 2998 1155 3053 τὸ
1209 3001 1440 3070 πρᾶγμα
1504 3000 1624 3069 οὐχὶ
1685 2998 1746 3052 τὸ

154 3090 355 3160 ὄνομα.
402 3091 476 3143 Οὐ
529 3090 635 3161 γὰρ
674 3093 703 3144 ὁ
743 3090 1043 3161 ὀνομάζων,
1094 3088 1207 3143 ἀλλ’
1266 3090 1320 3141 '0
1358 3087 1561 3154 ποιῶν,
1590 3090 1743 3158 φησὶ,

1849 1996 2194 2060 audivimus;
2230 2004 2284 2048 et
2317 1994 2459 2064 apud
2497 1993 2689 2048 Isaiam
2724 1990 2984 2046 Sirenes:
3031 1991 3125 2044 illo
3154 1988 3374 2061 quidem
3400 2028 3417 2052 ,

1848 2102 2042 2156 nempe
2069 2085 2172 2140 Job
2194 2126 2207 2147 ,
2244 2087 2509 2141 bonorum
2546 2099 2761 2139 omnem
2813 2082 3141 2137 afﬂuentiam
3171 2097 3237 2136 ex
3272 2079 3422 2134 Grie-

1848 2180 2038 2233 canica
2068 2178 2324 2248 opinione
2356 2178 2436 2232 sic
2463 2176 2852 2231 denominante
2878 2192 2893 2242 ;
2925 2175 3067 2228 Isaia
3099 2188 3230 2228 vero
3260 2174 3418 2226 volu-

1848 2278 2051 2340 ptatem
2094 2286 2159 2322 ex
2207 2268 2394 2323 auditu
2442 2275 2752 2337 perceptam
2788 2264 3042 2320 Sirenum
3076 2265 3298 2318 nomine
3328 2262 3419 2317 de-

1847 2363 2110 2417 clarante.
2142 2359 2610 2427 Quemadmodum
2638 2358 2805 2428 igitur
2830 2356 3142 2412 nominibus
3169 2373 3232 2410 ex
3262 2356 3419 2410 fabu-

1846 2453 1978 2508 losis
2021 2452 2425 2506 narrationibus
2459 2466 2641 2506 sermo
2671 2450 2932 2504 divinitus
2964 2449 3270 2519 inspiratus
3304 2449 3417 2502 illic

1849 2560 1986 2600 usus
2013 2552 2126 2609 est,
2159 2544 2225 2598 ad
2261 2542 2600 2597 audientium
2650 2541 2941 2595 utilitatem
2992 2548 3287 2611 spectans:
3336 2541 3419 2594 sic

1845 2640 2007 2693 etiam
2040 2637 2129 2691 hic
2158 2652 2221 2691 ex
2254 2636 2490 2689 humana
2520 2633 2980 2689 commentatione
3024 2632 3197 2687 stellis
3244 2632 3419 2701 impo-

1847 2731 1981 2785 sitas
2013 2728 2409 2799 appellationes
2461 2726 2598 2781 dixit
2656 2723 3026 2779 inverecunde
3073 2737 3292 2789 sermo.
3316 2722 3417 2777 do-

1846 2839 1976 2876 cens
2005 2837 2117 2875 rem
2146 2834 2361 2875 omnem
2384 2860 2399 2884 ,
2436 2833 2556 2888 qua:
2588 2817 2658 2872 ab
2706 2816 3022 2870 hominibus
3074 2816 3414 2875 nominatur.

1847 2931 1876 2968 a
1908 2914 2018 2968 Deo
2063 2912 2439 2966 exsistentiam
2488 2910 2689 2964 habere
2711 2951 2723 2974 ,
2757 2923 2952 2977 nempe
2983 2924 3095 2961 rem
3121 2948 3134 2967 .
3173 2924 3283 2961 non
3312 2920 3412 2960 no-

1846 3021 1991 3059 men.
2024 3004 2139 3057 Non
2171 3003 2315 3056 enim
2348 3001 2500 3065 dicit,
2535 3002 2628 3071 qui
2661 3000 2944 3062 nominat,
2994 2998 3114 3063 sed,
3146 2998 3251 3065 Qui
3286 2998 3417 3067 facit

1850 3096 2106 3160 Pleiada,
2138 3105 2186 3148 et
2224 3094 2506 3162 Vesperum
2536 3134 2551 3160 ,
2604 3101 2653 3146 et
2704 3089 3003 3144 Areturum.
3051 3090 3415 3154 Quamobrem

156 3179 444 3245 Πλειάδα,
482 3181 586 3235 καὶ
618 3183 944 3250 ⁸Ἐσπερον,
987 3181 1084 3236 καὶ
1125 3182 1501 3250 Ἀρκτοῦρον.
1540 3181 1745 3235 Οὐκοῦν

1851 3187 2066 3242 abunde
2099 3204 2192 3256 per
2219 3187 2361 3240 dicta
2400 3195 2453 3240 et
2497 3184 2753 3238 Davidem
2796 3189 3001 3237 nostrae
3044 3180 3289 3251 Opinioni
3337 3179 3417 3234 fa-

160 3273 369 3337 ῑκανῶς
398 3270 553 3344 οἶμαι
576 3273 665 3327 διὰ
694 3274 803 3327 τῶν
849 3273 1151 3345 εἰρημένων
1179 3273 1272 3326 καὶ
1316 3273 1407 3327 τὸν
1448 3272 1614 3327 Δαϐὶδ
1645 3272 1743 3342 τῆς

158 3366 437 3438 ὑμετέρας
467 3365 787 3436 ὑπολήψεως
829 3366 1116 3437 σύμμαχον
1147 3365 1542 3435 ἀποδεδεῖχθαι,
1592 3366 1653 3419 οὐ
1684 3366 1744 3419 τὸ

158 3456 557 3527 κατονομάζειν
584 3457 675 3510 τὸν
700 3457 832 3511 Θεὸν
857 3458 927 3510 τὰ
968 3457 1144 3527 ἄστρα
1169 3457 1258 3510 διὰ
1282 3457 1383 3527 τῆς
1411 3457 1747 3528 προφητείας

156 3550 505 3615 διδάσκοντα,
532 3548 669 3603 ἀλλά
690 3550 750 3602 τὸ
776 3550 1017 3620 ἀκριὸῶς
1037 3548 1326 3618 γινώσκειν
1351 3550 1492 3603 κατά
1518 3549 1615 3620 τὴν
1636 3550 1746 3604 τῶν

156 3642 471 3712 ἀνθρώπων
503 3642 789 3714 συνήθειαν
816 3642 925 3695 τῶν
954 3642 1195 3706 ἐκείνους
1220 3640 1457 3710 μάλιστα
1490 3641 1557 3694 δι’
1586 3642 1747 3710 ἀκρι-

161 3733 319 3798 ϐείας
352 3734 752 3806 ἐπισταμένων,
779 3732 873 3796 οὒς
896 3733 991 3786 καὶ
1021 3732 1282 3803 ὀνομαστὶ
1321 3729 1746 3801 προσκαλεῖσθαι

159 3828 253 3881 διὰ
284 3827 481 3899 πολλὴν
523 3827 811 3897 συνήθειαν
836 3824 1109 3879 δύνανται.

240 3921 300 3972 Εἰ
333 3920 387 3972 δέ
413 3920 517 3989 χρὴ
552 3919 645 3972 καὶ
680 3918 777 3990 τὴν
809 3915 960 3987 παρά
1000 3915 1110 3968 τῶν
1147 3914 1354 3967 πολλῶν
1381 3915 1475 3967 ἐπὶ
1511 3918 1622 3978 τοῖς
1658 3916 1746 3986 ρη-

159 4013 279 4074 τοῖς
306 4012 513 4074 τούτοις
538 4012 635 4081 τῆς
676 4009 994 4081 ψαλμῳδίας
1027 4008 1280 4062 ἐκθέσθαι
1319 4008 1576 4071 διάνοιαν,
1611 4006 1746 4060 πολὺ

166 4103 370 4174 μᾶλλον
391 4103 853 4173 ἀπελεγχθήσεται
881 4102 942 4154 τὸ
968 4101 1193 4172 μάταιον
1210 4104 1308 4172 τῆς
1330 4100 1590 4172 Εὑνομίου
1620 4100 1747 4171 περὶ

163 4192 371 4247 τούτων
402 4195 646 4265 οἰήσεως.
682 4193 915 4261 Λέγουσι
956 4192 1064 4264 γὰρ
1090 4193 1139 4244 οἱ
1197 4192 1611 4262 ἐπιμελέστερον
1660 4188 1746 4254 ἐξ·

163 4286 433 4348 ητακὸτες
478 4284 568 4337 τὸν
602 4284 725 4337 νοῦν
770 4285 868 4353 τῆς
905 4282 1261 4337 θεοπνεύστου
1291 4283 1511 4356 Γραφῆς
1557 4283 1636 4335 ὅτι
1686 4283 1745 4334 οὑ

164 4375 349 4428 πάντα
380 4375 447 4427 τὰ
481 4375 610 4427 ὅντα
642 4375 739 4446 τῆς
780 4375 929 4437 θείας
963 4375 1109 4427 ἐστὶν
1148 4374 1558 4445 ὲξαριθμήσεως
1586 4372 1745 4437 ἀξια*

165 4466 227 4519 ἐν
270 4482 329 4518 τε
376 4466 484 4537 γὰρ
531 4468 642 4529 τοῖς
690 4465 1061 4535 εὑαγγελικοῖς
1108 4465 1297 4529 σιτίοις
1344 4468 1456 4527 τοῖς
1501 4466 1746 4534 γεγονόσι

164 4556 312 4611 κατά
339 4557 437 4628 τὴν
480 4555 703 4628 ἔρημον,
741 4555 861 4609 οὔτε
914 4558 974 4610 τὸ
1014 4558 1302 4628 νηπιῶδες,
1331 4556 1452 4609 οὑτε
1482 4556 1543 4609 τὸ
1567 4574 1748 4625 γυναιο

167 4652 318 4703 κεῖον
349 4649 582 4720 ἀριθμοῦ
615 4650 762 4715 ἄξιον
797 4650 1056 4720 ἐνομίσθη
1080 4666 1094 4680 ο
1134 4649 1228 4702 καὶ
1261 4649 1319 4701 ἐν
1350 4653 1417 4720 τῇ
1460 4648 1622 4720 ἐξόδῳ
1657 4648 1749 4701 τοῦ

180 4741 513 4811 Ἰσραηλίτου
566 4742 694 4795 λαοῦ
741 4742 889 4812 μόνοι
929 4741 1005 4812 τῷ
1049 4741 1267 4813 ἀριθμῷ
1302 4743 1672 4815 κατελέγησαν
1704 4745 1752 4797 οί

166 4831 271 4901 ἤδη
309 4831 446 4883 κατά
478 4830 585 4883 τῶν
634 4831 842 4903 ἐχθρῶν
892 4832 1032 4886 ὅπλα
1083 4834 1266 4905 φέρειν
1314 4835 1407 4887 καὶ
1449 4834 1753 4904 ἀριστεύειν

167 4920 477 4990 δυνάμενοι.
526 4919 663 4974 Οὔτε
706 4920 815 4991 γὰρ
868 4920 1083 4974 πάντων
1134 4923 1202 4975 τὰ
1250 4922 1486 4993 ὀνόματα
1533 4923 1755 4977 τοιαῦτά

168 5013 341 5074 ἐστιν,
377 5012 451 5075 ὡς
474 5012 561 5066 διὰ
586 5012 677 5065 τοῦ
710 5012 852 5066 θείου
894 5013 1156 5084 στόματος
1187 5014 1465 5085 φέρεσθαι,
1491 5016 1606 5069 ἀλλ’
1633 5018 1752 5086 ἀρι-

171 5104 392 5175 θμεῖται
428 5106 526 5176 μέν
571 5106 626 5160 εἴ
659 5126 712 5160 τι
751 5108 914 5161 καλόν
953 5125 1012 5160 τε
1054 5108 1149 5161 καὶ
1187 5107 1465 5179 οὐράνιον’
1507 5109 1536 5161 ὃ
1575 5108 1662 5162 διὰ
1694 5110 1754 5161 τὸ

174 5197 310 5267 ὕψος
336 5198 436 5268 τῆς
462 5199 733 5263 πολιτείας
772 5200 969 5271 ἀμιγὲς
1001 5201 1157 5271 μένον
1186 5200 1284 5270 τῆς
1315 5201 1449 5274 πρὸς
1476 5201 1565 5255 τὸν
1595 5200 1754 5271 ζόφον

172 5288 474 5359 ἐπιμιξίας,
513 5293 711 5364 ἄστρον
739 5292 951 5361 λέγεται
981 5308 995 5322 °
1038 5294 1359 5363 ὀνομάζεται
1392 5294 1447 5347 δὲ
1482 5296 1535 5347 εῐ
1556 5312 1608 5347 τι
1637 5297 1753 5347 κατ’

172 5383 338 5435 αὑτὸν
382 5384 471 5437 τὸν
514 5383 669 5453 λόγον
701 5384 791 5438 τοῦ
821 5386 1159 5456 ἐγγραφῆναι
1186 5389 1302 5449 ταῖς
1342 5386 1511 5450 θείαις
1550 5386 1751 5451 δέλτοις

172 5473 325 5537 ἄξιον
366 5476 591 5543 γίνεται.
644 5478 776 5548 Περὶ
809 5476 916 5545 γὰρ
945 5477 1052 5530 τῶν
1083 5477 1411 5532 ὑπεναντίων
1453 5482 1638 5549 φησὶν,
1671 5481 1749 5532 ὅτι

177 5565 264 5617 Οὐ
286 5564 371 5633 μὴ
397 5566 649 5643 μνησθῶ
679 5565 797 5620 τῶν
816 5567 1119 5636 ὀνομάτων
1153 5566 1349 5621 αὐτῶν
1376 5567 1471 5622 διὰ
1505 5569 1752 5637 χειλέων

170 5672 313 5724 μου.
349 5656 612 5726 Ὀνόματα
632 5657 708 5722 δέ,
730 5655 817 5710 οἷα
835 5660 944 5719 τοῖς
961 5655 1218 5721 τοιούτοις
1239 5658 1512 5713 ἐπιϐάλλει
1534 5660 1751 5732 ἄστροις

251 5830 422 5887 “lsa.
450 5850 569 5903 xm,
603 5835 690 5889 62.
800 5838 846 5868 ⁸³
885 5835 1027 5893 Psal.
1067 5856 1154 5907 xv,
1180 5839 1233 5893 4.

1848 3296 1973 3335 vere
2003 3280 2197 3350 opinor
2240 3294 2363 3333 esse
2411 3276 2845 3330 demonstratum
2878 3274 3161 3328 docentem
3196 3288 3292 3341 per
3320 3285 3416 3325 va-

1846 3372 2095 3429 ticinium
2135 3371 2303 3425 Deum
2338 3384 2449 3423 non
2498 3368 2685 3423 stellas
2718 3365 3034 3428 nominare,
3082 3363 3178 3420 sed
3226 3372 3420 3418 exacte

1847 3479 2181 3536 cognoscere
2234 3460 2539 3517 secundum
2594 3457 2879 3511 hominum
2925 3455 3416 3519 consuetudinem,

1848 3559 1938 3629 qui
1973 3558 2071 3612 hos
2098 3554 2333 3609 maxime
2359 3561 2413 3608 et
2436 3549 2674 3622 perfecte
2707 3559 2928 3611 norunt,
2956 3563 3095 3617 quos
3125 3547 3289 3602 etiam
3320 3560 3422 3600 no-

1849 3652 2097 3706 minatim
2146 3657 2367 3719 propter
2392 3646 2620 3700 multam
2659 3643 3112 3699 consuetudinem
3144 3640 3425 3712 appellare

1837 3741 2077 3807 Possunt

1919 3919 2074 3986 Quod
2106 3919 2152 3972 si
2186 3924 2398 3987 oportet
2428 3916 2591 3968 etiam
2626 3897 2681 3967 in
2714 3913 2801 3968 his
2830 3911 2993 3967 dictis
3020 3910 3184 3980 hujus
3219 3907 3421 3962 cantici

1850 4028 1880 4066 a
1936 4011 2121 4065 multis
2174 4009 2425 4063 traditam
2485 4006 2811 4061 sententiam
2863 4004 3193 4073 explanare,
3247 4000 3426 4053 multo

1850 4104 2025 4175 magis
2056 4103 2267 4158 vanitas
2299 4098 2575 4170 opinionis
2598 4139 2612 4162 ,
2670 4112 2832 4167 quam
2879 4095 2946 4149 de
2992 4095 3077 4149 his
3112 4092 3275 4147 habet
3309 4090 3421 4146 Eu-

1850 4195 2069 4250 nomius
2090 4234 2103 4257 ,
2139 4192 2443 4247 refelletur.
2480 4189 2614 4243 Nam
2644 4188 2736 4258 qui
2768 4186 3086 4256 diligentius
3120 4185 3427 4255 Scriptura:

1850 4285 2117 4341 divinitus
2162 4283 2445 4353 inspirata:
2490 4287 2726 4336 mentem
2768 4278 3182 4349 exquisiverunt
3229 4277 3423 4331 dicunt

1851 4380 1997 4453 quod
2031 4396 2139 4434 non
2170 4378 2354 4437 omnia
2382 4391 2501 4447 quae
2530 4383 2659 4431 sunt
2680 4374 2863 4428 divina
2889 4371 3269 4428 numerationc
3295 4381 3425 4427 sunt

1852 4473 2016 4545 digna
2044 4491 2056 4525 :
2087 4473 2133 4526 si
2162 4470 2380 4540 quidem
2407 4468 2461 4522 in
2490 4465 2821 4537 evangelicis
2845 4465 3212 4519 cibationibus
3243 4465 3297 4518 in
3325 4464 3425 4520 de-

1781 4574 1825 4630 D
1854 4573 2001 4622 serto
2034 4564 2191 4618 factis
2213 4606 2226 4628 ,
2263 4577 2439 4631 neque
2471 4560 2697 4630 puerilis
2731 4566 2898 4622 tetas,
2931 4573 3109 4627 neque
3143 4557 3424 4612 muliebris

1848 4672 2011 4712 sexus
2042 4668 2270 4708 numero
2295 4653 2458 4722 digna
2485 4652 2795 4706 existimata
2824 4658 2992 4705 sunt:
3026 4657 3079 4704 et
3109 4649 3163 4702 in
3194 4664 3425 4719 egressu

1851 4744 2032 4815 populi
2063 4744 2342 4797 lsraelitici
2379 4742 2481 4796 soli
2511 4755 2741 4796 numero
2775 4740 2989 4795 collecti
3024 4750 3149 4794 sunt
3184 4739 3275 4807 qui
3310 4737 3423 4806 jam

1850 4844 2037 4890 contra
2070 4835 2253 4890 hostes
2280 4849 2429 4887 arma
2459 4832 2598 4887 ferre
2631 4843 2683 4887 et
2719 4832 3015 4887 fortissime
3044 4844 3287 4899 pugnare
3320 4843 3423 4897 pu-

1853 4935 2051 4983 terant.
2089 4924 2277 4996 Neque
2310 4925 2453 4979 enim
2490 4923 2736 4977 omnium
2775 4923 2995 4977 nomina
3026 4920 3155 4973 talia
3189 4927 3317 4974 sunt
3365 4926 3428 4977 ut

1852 5034 1948 5074 ore
1977 5017 2163 5072 divino
2196 5015 2511 5078 efferantur,
2544 5013 2640 5068 sed
2688 5018 3010 5066 numeratur
3052 5008 3097 5062 si
3134 5006 3265 5079 quid
3304 5007 3426 5076 pul-

1853 5112 2045 5165 chrum
2074 5117 2129 5164 et
2155 5108 2379 5164 cceleste
2405 5125 2420 5161 :
2454 5105 2599 5175 quod
2632 5111 2850 5173 propter
2874 5099 3215 5155 altitudinem
3245 5106 3428 5153 status

1854 5203 1970 5258 sive
2018 5199 2432 5272 gubernationis
2478 5197 2545 5251 ab
2589 5196 2734 5251 omni
2780 5192 3060 5249 consortio
3094 5191 3343 5262 caliginis
3373 5200 3430 5247 et

1856 5293 2221 5351 obscuritatis
2252 5294 2531 5349 sincerum
2563 5288 2978 5356 immistumque
3008 5294 3192 5341 manet
3218 5326 3231 5350 ,
3266 5286 3426 5340 stella

1856 5388 2097 5453 dicitur;
2134 5386 2447 5441 nominatur
2489 5389 2671 5436 autem
2713 5380 2758 5434 si
2803 5377 2935 5448 quid
2976 5377 3169 5434 eadem
3214 5377 3429 5430 ratione

1858 5484 1913 5537 in
1946 5479 2147 5536 divinis
2176 5476 2355 5531 Libris
2382 5473 2587 5544 scriptu
2618 5471 2836 5541 dignum
2869 5470 3163 5525 invenitur.
3192 5467 3326 5523 Nam
3358 5468 3427 5523 de

1860 5570 2189 5628 adversariis
2212 5569 2287 5623 ait
2315 5566 2491 5639 quod,
2522 5564 2644 5618 Non
2676 5566 2957 5619 meminero
2986 5565 3254 5618 nominum
3288 5562 3429 5629 ipso-

1865 5681 1979 5719 rum
2012 5678 2103 5732 per
2132 5660 2274 5716 labia
2305 5674 2418 5714 mea
2448 5657 2513 5713 ⁸³.
2542 5654 2771 5713 Nomina
2802 5663 2981 5712 autem
3015 5654 3200 5727 qualia
3228 5652 3429 5710 talibus
