4006 6500
547 415 687 474 1059

1777 403 1835 458 S.
1861 402 2192 460 GREGORII
2224 403 2516 460 NYSSENI

3662 403 3794 460 i060

546 525 782 597 imponit
811 520 984 577 stellis
1022 517 1284 572 Dominus
1307 554 1322 577 ,
1359 512 1654 568 manifeste
1689 528 1751 566 ex
1784 512 1939 568 Isaia:-
1969 512 2109 566 vati-

2230 519 2238 566 δ
2265 515 2486 586 Κύριος,
2515 515 2699 584 σαφῶς
2741 513 2889 584 παρὰ
2915 514 3012 583 τῆς
3050 511 3266 566 Ἡσαΐου
3302 515 3637 584 προφητείας
3663 519 3794 586 ἐμά-

546 620 698 674 cinio
755 613 1083 674 didicimus,
1135 607 1280 677 quod
1327 606 1460 660 dicit
1505 622 1520 659 :
1574 604 1763 658 Vocavi
1804 615 1850 658 te
1911 605 2116 658 nomine

549 721 639 763 tuo
667 749 682 774 ,
718 723 861 760 meus
891 721 945 759 es
978 713 1034 756 tu
1068 701 1133 755 ⁸⁸.
1171 700 1352 766 Quare
1384 698 1429 753 si
1463 698 1589 768 quis
1622 699 1863 766 seipsum
1902 712 2117 766 posses-

548 801 757 856 sionem
791 797 882 852 Dei
930 795 1061 850 faeit
1083 835 1097 856 ,
1130 793 1258 845 huic
1291 805 1488 844 nomen
1535 804 1674 858 opus
1722 788 1976 842 etlicitur.
2011 787 2114 841 Sed

548 891 665 946 hate
695 887 916 960 quidem
955 887 1226 945 habeant,
1267 879 1543 950 quomodo
1591 880 1790 942 habere
1833 881 2118 932 rideantur

549 981 876 1052 legentibus.
935 975 1088 1043 Quod
1146 981 1327 1026 autem
1391 970 1577 1040 adjicit
1634 971 1833 1034 dictis,
1891 969 2117 1022 exordia

549 1073 736 1126 mundi
767 1068 1060 1124 creatiouis
1098 1063 1286 1118 testari
1327 1079 1356 1116 a
1397 1061 1505 1116 Deo
1545 1061 1710 1115 rebus
1738 1075 1900 1114 voces
1945 1062 2119 1128 impo-

549 1163 684 1217 sitas
743 1160 954 1220 fuisse,
1013 1170 1245 1225 quorum
1304 1153 1522 1223 quidem
1582 1153 1638 1206 in
1693 1153 2121 1222 praecedentibus

549 1253 766 1309 abunde
801 1251 934 1306 satis
971 1248 1405 1304 examinatorum
1439 1259 1896 1314 supervacaneam
1935 1243 2122 1312 judico

550 1345 932 1415 repetitionem
952 1383 967 1407 ,
996 1347 1050 1394 et
1081 1338 1274 1391 Adami
1303 1352 1490 1392 vocem
1520 1351 1681 1406 quam
1719 1336 2034 1405 prophetice
2069 1335 2121 1388 in

549 1435 824 1490 Christum
857 1440 910 1488 et
935 1430 1231 1484 Ecclesiam
1260 1428 1454 1481 factam
1479 1427 1608 1481 dicit
1630 1427 2010 1495 Apostolus”,
2043 1426 2124 1479 in-

549 1533 880 1596 terpretetur
910 1537 1009 1591 pro
1036 1521 1266 1574 arbitrio
1299 1520 1388 1572 hic
1416 1519 1560 1573 sicut
1590 1519 1722 1571 vult.
1756 1517 1948 1572 Nullus
1979 1518 2123 1571 enim

549 1619 624 1673 ita
658 1617 891 1673 stolidus
922 1623 976 1668 et
1005 1613 1186 1667 fatuus
1212 1651 1226 1673 ,
1262 1618 1320 1663 ut
1349 1626 1472 1664 cum
1504 1609 1706 1663 Paulus
1738 1609 2122 1679 mysteriorum

546 1709 765 1764 occulta
797 1708 852 1760 in
881 1706 1081 1758 virtute
1117 1702 1355 1770 Spiritus
1400 1700 1558 1753 nobis
1606 1700 1962 1762 revelarerit,
2010 1698 2119 1750 Eu-

547 1800 791 1854 nomiunt
829 1795 1138 1850 divinorum
1177 1793 1525 1860 interpretem
1564 1788 1668 1842 (ide
1702 1789 2004 1858 digniorem
2042 1787 2122 1840 fa-

2217 604 2400 675 θομεν,
2441 605 2476 675 ἦ
2520 622 2702 674 φησιν·
2739 603 3038 658 Ἐκάλεσὰ
3075 619 3148 657 σε
3194 603 3260 656 τὸ
3289 604 3473 672 ἔγνομά
3498 622 3638 665 σου,
3664 608 3797 675 ἐμὸς

2215 692 2272 748 εἷ
2297 697 2400 750 σύ.
2450 696 2612 747 Ὥστε
2649 694 2701 746 εἴ
2745 712 2829 756 τις
2862 694 3052 746 ἑαυτὸν
3098 694 3285 763 κτῆμα
3328 697 3472 746 ποιεῖ
3505 695 3601 747 τοῦ
3646 696 3796 762 Θεοῦ,

2217 789 2384 859 ὄνομα
2402 787 2574 855 τούτῳ
2600 785 2660 838 τὸ
2689 786 2847 856 ἔργον
2875 785 3100 853 γίνεται.
3141 784 3300 836 Ἀλλὰ
3319 784 3492 838 ταῦτα
3513 785 3616 854 μὲν
3638 786 3799 854 ἐχέτω

2217 882 2362 944 ὅπως
2384 881 2448 933 ἂν
2478 879 2618 949 ἔχειν
2637 877 2763 948 δόξῃ
2797 880 2907 939 τοῖς
2939 877 3373 946 ἐντυγχάνουσιν.
3409 878 3474 928 Ὀ
3499 877 3556 928 δὲ
3584 878 3800 946 προστίο

2220 971 2343 1039 θησι
2375 973 2483 1031 τοῖς
2514 967 2840 1038 εἰρημένοις,
2873 965 2940 1017 τὰ
2970 965 3158 1035 πρῶτα
3186 963 3284 1033 τῆς
3308 966 3702 1034 κοσμογενείας
3728 968 3802 1027 είς

2224 1062 2526 1131 μαρτυρίαν
2568 1061 2659 1112 τοῦ
2707 1060 2856 1129 παρὰ
2886 1060 2978 1112 τοῦ
3021 1060 3154 1112 Θεοῦ
3204 1064 3312 1122 τοῖς
3346 1055 3465 1112 οὖσι
3497 1061 3598 1122 τὰς
3627 1061 3802 1127 φωνὰς

2222 1153 2432 1205 κεῖσθαι
2454 1170 2467 1184 ο
2507 1145 2688 1222 ὧνπερ
2719 1154 2775 1204 ἐν
2803 1155 2913 1213 τοῖς
2946 1151 3169 1204 κατόπιν
3196 1151 3579 1220 ἐξητασμένων
3610 1152 3804 1215 ἱκανῶς

2222 1243 2478 1314 περιττὴν
2508 1241 2677 1312 κρίνω
2704 1241 2800 1311 τὴν
2842 1240 3202 1311 ὲπανάληψιν,
3231 1241 3325 1291 καὶ⁸
3358 1240 3455 1308 τὴν
3494 1239 3592 1291 τοῦ
3635 1238 3805 1307 Ἀδὰμ

2225 1333 2426 1403 φωνὴν,
2475 1334 2541 1401 ἢν
2602 1331 2954 1402 προφητικῶς
2997 1333 3073 1394 είς
3119 1332 3350 1400 Χριστὸν
3392 1332 3486 1384 καὶ
3525 1331 3625 1400 τὴν
3681 1333 3805 1384 Ἐκ-

2225 1425 2450 1494 κλησίαν
2477 1423 2800 1494 γεγενῆσθαί
2827 1440 2989 1493 φησιν
3016 1426 3044 1476 ὁ
3083 1422 3420 1485 Ἀπόστολος,
3449 1423 3806 1493 ἐρμηνευέτω

2227 1519 2346 1570 κατ’
2379 1517 2626 1580 ἐξουσίαν
2670 1510 2822 1578 οὗτος
2855 1515 2928 1578 ὡς
2962 1514 3228 1584 βούλεται.
3267 1513 3451 1576 Οὐδεὶς
3494 1513 3607 1584 γὰρ
3635 1514 3809 1577 οὕτως

2225 1608 2452 1678 ἠλίθιος,
2499 1608 2573 1671 ὡς
2623 1607 2831 1661 Παύλου
2875 1606 2943 1660 τὰ
2971 1607 3325 1678 κεκρυμμένα
3352 1609 3460 1661 τῶν
3489 1607 3811 1677 μυστηρίων

2226 1702 2282 1753 ὲν
2314 1704 2380 1771 τῇ
2412 1701 2638 1770 δυνάμει
2676 1699 2768 1753 τοῦ
2807 1699 3118 1770 Πνεῦματος
3167 1702 3297 1770 ἡμῖν
3345 1702 3809 1761 ὲκκαλύπτοντος,

2226 1789 2660 1862 ἀξιοπιστότερον
2700 1789 2942 1860 ἑρμηνέα
2974 1789 3082 1841 τῶν
3129 1790 3288 1843 θείων
3335 1791 3668 1862 ποιήσασθαι
3721 1791 3813 1842 τὸν

546 1892 658 1946 ciat
684 1928 700 1953 ,
733 1896 920 1956 aperte
951 1902 978 1937 a
1017 1884 1124 1938 Deo
1153 1884 1404 1953 inspirati
1439 1882 1738 1935 testimonii
1777 1881 2002 1933 vocibus
2034 1893 2119 1932 rc-

2230 1883 2510 1952 Εὐνόμιον.
2557 1882 2649 1934 τὸν
2675 1881 2920 1953 φανερῶς
2944 1883 3062 1944 ταῖς
3089 1883 3290 1949 φωναῖς
3315 1882 3412 1952 τῆς
3442 1882 3810 1936 θεοπνεύστου

546 1975 876 2055 pugnantem
902 2019 918 2044 ,
950 1989 1003 2033 et
1036 1993 1143 2032 non
1189 1978 1257 2031 ab
1297 1976 1506 2028 Adamo
1555 1973 1858 2026 belluarum
1908 1969 2122 2039 species

545 2076 856 2130 nominatas
904 2084 1061 2133 esse,
1122 2083 1216 2137 per
1271 2065 1437 2132 hujus
1492 2063 1622 2117 dicti
1683 2061 2120 2130 explanationem

546 2174 795 2222 astruere
847 2168 1278 2230 extorquentem.
1336 2155 1512 2226 Ipsius
1565 2170 1782 2224 quoquc
1831 2162 2120 2205 contume-

548 2259 685 2313 liosa
725 2255 888 2310 verba
936 2261 1347 2322 praetereantur,
1405 2256 1572 2317 atque
1626 2247 1716 2299 illa
1773 2246 1982 2313 ingrata
2036 2243 2122 2296 in-

548 2349 740 2413 scitia,
790 2353 844 2400 et
886 2343 1051 2399 veluti
1105 2341 1229 2394 fimo
1275 2349 1330 2394 et
1382 2348 1624 2394 stercore
1685 2347 1958 2391 macerata
2018 2351 2122 2388 vox

549 2455 673 2494 cum
703 2445 964 2493 consueta
997 2433 1110 2488 oris
1145 2432 1474 2495 festivitate,
1509 2431 1621 2483 hazc
1653 2437 1845 2501 contra
1875 2436 2120 2481 nostrum

546 2529 828 2586 doctorem
862 2527 1147 2582 disserens
1170 2566 1183 2588 ,
1215 2524 1468 2578 loliorum
1521 2530 1759 2577 satorem
1802 2519 2082 2589 appellans
2105 2558 2121 2581 ,

547 2630 602 2675 et
635 2621 846 2675 fructus
881 2619 1223 2688 putredinem
1248 2657 1262 2679 ,
1296 2624 1350 2670 et
1384 2614 1659 2668 Valentini
1694 2613 1992 2682 perniciem
2025 2652 2038 2673 ,
2071 2621 2124 2664 et

548 2713 618 2766 ab
653 2713 745 2774 illo
781 2710 1016 2763 fructum
1049 2723 1208 2776 quem
1243 2706 1298 2759 in
1327 2705 1510 2758 animo
1541 2701 1783 2756 auctoris
1811 2708 2123 2754 acerratum

548 2819 672 2860 esse
703 2810 983 2866 autumat;
1021 2809 1074 2854 et
1117 2799 1326 2868 reliqua
1373 2797 1648 2851 dictorum
1697 2796 2001 2849 insuavitas
2046 2792 2123 2847 si-

551 2897 719 2951 lentio
799 2894 1127 2954 involvatur,
1187 2890 1638 2961 quemadmodum
1698 2901 1924 2956 corpora
1982 2885 2123 2955 putri

549 2989 678 3044 tabo
713 2988 976 3058 liquentia
1005 2995 1152 3041 terra
1191 2985 1385 3038 obruta
1413 3022 1424 3040 .
1459 2997 1528 3038 ne
1561 2980 1750 3035 multis
1781 2995 1878 3050 per
1909 2977 2122 3032 turbam

550 3089 754 3137 tetrum
787 3081 1009 3135 odorem
1039 3078 1307 3133 emittant.

623 3261 730 3318 Sed
757 3262 821 3316 ad
853 3277 916 3316 ea
945 3275 1066 3333 quae
1098 3259 1165 3313 ab
1196 3274 1262 3313 eo
1287 3257 1544 3326 deinceps
1573 3256 1718 3311 dicta
1753 3263 1902 3318 sunt,
1941 3265 2121 3310 trans-
2155 3236 2196 3257 u

551 3353 777 3408 ferenda
801 3359 886 3406 est
911 3351 1112 3406 oratio.
1139 3347 1352 3402 Rursus
1384 3347 1530 3401 enim
1565 3347 1856 3416 quamdam
1881 3345 2122 3400 doctoris

553 3445 848 3498 dictionem
881 3447 1104 3503 tractat,
1133 3456 1252 3509 qua:
1285 3439 1358 3492 ita
1387 3438 1549 3492 habet
1577 3456 1588 3490 :
1617 3437 1691 3506 (a)
1733 3436 2123 3504 Incorruptibi-

555 3538 657 3588 tem
687 3534 826 3587 enim
848 3542 898 3586 et
945 3532 1233 3599 ingenitum
1265 3529 1433 3581 Deum
1485 3527 1847 3580 universorum
1878 3527 2122 3590 dicimus,

555 3625 841 3680 secundum
884 3623 1116 3676 diversos
1162 3621 1352 3673 mentis
1387 3628 1663 3688 conceptus
1709 3617 1788 3670 his
1829 3617 2125 3670 nominibus

556 3725 782 3771 utentes.
811 3713 945 3770 Cum
968 3714 1105 3767 enim
1132 3711 1201 3764 ad
1236 3721 1378 3764 retro
1409 3710 1556 3777 lapsa
1609 3713 1802 3762 sazcuta
1842 3709 2124 3770 intuemur,

557 3807 656 3861 Dei
678 3808 836 3860 vitam
884 3821 1085 3858 omnem
1117 3802 1675 3869 circumscriptionem,
1714 3800 1791 3853 vel
1821 3817 1971 3854 omne
1991 3802 2128 3867 prin-

556 3898 752 3967 cipium
783 3903 1117 3964 superantem
1145 3893 1482 3950 invenientes.
1508 3891 1678 3957 ipsum
1723 3890 2009 3958 ingenitum
2049 3888 2130 3939 di-

556 3991 765 4052 cimus;
801 4004 917 4041 cum
965 4002 1081 4040 vero
1114 3987 1168 4038 in
1211 3987 1406 4038 swcuta
1453 3983 1867 4050 supervenientia
1911 3992 2126 4035 men:em

556 4079 896 4143 intendimus,
943 4092 1058 4130 eum
1092 4077 1178 4144 qui
1238 4075 1304 4128 sit
1355 4074 1596 4141 inﬁnitus
1642 4082 1689 4125 et
1729 4074 2125 4137 interminatus,

563 4171 815 4239 nulloque
844 4169 946 4237 ﬁne
983 4163 1482 4232 comprehensibilis,
1531 4161 1980 4231 incorruptibilem
2037 4179 2130 4231 ap-

561 4261 900 4331 pellavimus.
941 4257 1008 4310 Ut
1046 4258 1210 4326 igitur
1253 4253 1390 4324 quod
1434 4255 1553 4306 vita:
1594 4253 1796 4306 nullum
1837 4253 1990 4306 habet
2024 4263 2130 4307 ter-

559 4353 762 4406 minum
796 4347 1216 4416 incorruptibile,
1259 4346 1335 4398 sic
1365 4344 1502 4414 quod
1533 4343 1645 4411 ejus
1671 4344 1928 4412 principio
1965 4354 2128 4407 caret,

559 4441 844 4511 ingenitum
868 4437 1257 4489 denaminatum
1285 4444 1384 4498 est,
1407 4432 1531 4484 dum
1560 4432 1667 4484 lnec
1705 4448 1795 4500 per
1816 4444 2133 4485 commenta-

2227 1975 2528 2047 μαρτυρίας
2571 1975 3020 2045 ἀντιμαχόμενον,
3047 1975 3140 2026 καὶ
3171 1973 3230 2027 τὸ
3271 1975 3346 2046 μὴ
3382 1974 3813 2044 κατωνομάσθαι

2225 2070 2374 2140 παρὰ
2402 2067 2494 2121 τοῦ
2540 2067 2710 2138 Ἀδὰμ
2739 2067 2844 2120 τῶν
2875 2067 3086 2135 ἀλόγων
3127 2067 3194 2120 τὰ
3240 2067 3376 2138 εἴδη,
3420 2068 3506 2122 διὰ
3534 2069 3637 2137 τῆς
3667 2086 3812 2139 παρ-

2224 2161 2534 2231 εξηγήσεως
2564 2159 2656 2213 τοῦ
2689 2158 2848 2229 ῥητοῦ
2873 2160 3065 2212 τούτου
3098 2161 3528 2223 κατασκευάζειν
3562 2160 3813 2223 ἐκϐιαζό-

2228 2270 2406 2323 μενον.
2444 2251 2730 2324 Παρείσθω
2773 2251 2867 2304 καὶ
2895 2251 2963 2303 τὰ
2992 2254 3092 2321 τῆς
3125 2250 3332 2322 ὕϐρεως
3359 2251 3523 2304 αὐτοῦ
3562 2252 3812 2321 ῥήματα,

2225 2345 2318 2396 καὶ
2347 2345 2380 2414 ἡ
2406 2344 2602 2414 ἄχαρις
2633 2342 2868 2412 ἀμουσία
2901 2343 3105 2412 ἐκείνη,
3134 2343 3227 2396 καὶ
3256 2344 3288 2413 ἡ
3323 2342 3614 2414 κοπρὼδης
3645 2342 3811 2396 αὐτοῦ

2225 2436 2319 2489 καὶ
2348 2434 2780 2506 βεϐολὸιτωμένη
2805 2435 2956 2505 φωνὴ
2975 2433 3244 2502 διεξιοῦσα
3267 2433 3404 2502 μετὰ
3422 2433 3525 2502 τῆς
3548 2432 3813 2502 συνήθους

2225 2529 2518 2599 εὐστομίας
2566 2528 2738 2581 ταῦτα
2789 2527 2929 2581 κατά
2978 2527 3072 2580 τοῦ
3115 2527 3430 2580 διδασκάλου
3479 2527 3677 2596 ἡμῶν,
3731 2526 3814 2579 τὸν

2227 2619 2431 2690 σπορέα
2459 2620 2564 2671 τῶν
2590 2619 2860 2682 ζιζανίων,
2879 2619 2973 2672 καὶ
2997 2618 3094 2688 τὴν
3111 2617 3204 2670 τοῦ
3236 2616 3451 2689 καρποῦ
3474 2617 3810 2688 πρόσσηφιν,

2224 2713 2318 2764 καὶ
2351 2710 2698 2764 Οὐαλεντίνου
2745 2710 3116 2780 παραφθορὰν,
3168 2710 3259 2763 καὶ
3302 2710 3392 2762 τὸν
3436 2711 3571 2780 παρ’
3603 2709 3814 2761 ἐκείνου

2225 2803 2458 2874 καρπὸν,
2485 2803 2543 2855 ὃν
2572 2805 2628 2856 ὲν
2659 2805 2726 2872 τῇ
2757 2802 2903 2873 ψυχῇ
2933 2802 3080 2870 λέγει
3113 2800 3482 2872 σεσωρεῦσθαι
3524 2799 3619 2853 τοῦ
3666 2800 3812 2852 6:6:-

2228 2895 2450 2958 σκάλου,
2485 2895 2578 2948 καὶ
2610 2895 2642 2962 ή
2687 2893 2846 2962 λοιπὴ
2877 2893 2984 2944 τῶν
3011 2892 3311 2962 εἰρημένων
3343 2891 3504 2961 ἀηδία
3538 2889 3817 2958 συγκαλιν-

2227 2987 2412 3057 φθήτω
2457 2988 2524 3056 τῇ
2560 2987 2762 3055 σιωπῇ,
2804 2983 3054 3054 καθάπερ
3088 2983 3277 3037 καὶτὰ
3313 2983 3672 3054 μεμυδηκότα
3707 2983 3816 3033 τῶν

2228 3073 2496 3142 σωμάτων
2526 3074 2590 3142 τῇ
2624 3073 2693 3140 γῇ
2727 3071 3237 3142 κατακρυπτόμενα,
3269 3071 3343 3135 ὡς
3382 3071 3458 3141 μὴ
3494 3072 3717 3135 nonat;
3749 3072 3814 3124 δι’

2230 3162 2389 3232 ὄχλου
2417 3161 2516 3231 τὴν
2549 3160 2808 3214 δυσωδίαν
2838 3159 3100 3226 γίνεσθαι.

2302 3255 2443 3326 Πρὸς
2488 3255 2544 3308 δὲ
2595 3253 2689 3325 τὴν
2736 3253 3053 3307 ἀκολουθίαν
3088 3253 3194 3306 τῶν
3239 3254 3545 3325 εἰρημένων
3589 3272 3815 3324 μετενε-

2225 3347 2380 3401 κτέον
2408 3347 2495 3400 τὸν
2521 3347 2695 3414 λόγον.
2728 3347 2895 3400 Πάλιν
2928 3345 3036 3417 γὰρ
3059 3345 3332 3399 ὲκτίθεταί
3369 3362 3490 3398 τινα
3523 3346 3689 3416 ῥῆσιν
3714 3346 3806 3398 τοῦ

2225 3438 2542 3492 διδασκάλου
2598 3439 2824 3508 ἔχουσαν
2882 3437 3052 3500 οὕτως
3089 3452 3102 3465 ⁸
3161 3439 3502 3506 Ἀφθαρτον
3553 3435 3667 3505 γὰρ
3716 3437 3814 3488 καὶ

2225 3531 2554 3599 ἀγέννητον
2601 3531 2706 3584 τὸν
2756 3529 2904 3584 Θεὸν
2948 3529 3064 3582 τῶν
3100 3529 3258 3582 ὅλων
3311 3528 3593 3596 λέγομεν,
3667 3531 3817 3582 κατὰ

2227 3621 2548 3691 διαφόρους
2596 3623 2878 3688 ἐπιϐολὰς
2920 3619 3036 3686 τοῖς
3093 3619 3345 3688 ὀνόμασι
3383 3621 3621 3686 τούτοις
3662 3620 3815 3688 χρώ-

2226 3730 2418 3781 μενοι.
2469 3713 2656 3765 ὀταν
2685 3710 2802 3780 μὲν
2839 3712 2948 3780 γὰρ
2987 3712 3074 3776 είς
3123 3709 3264 3775 τοὺς
3298 3711 3548 3762 κατόπιν
3591 3708 3817 3774 αἰῶνας

2231 3803 2679 3872 ἀποϐλέψωμεν,
2704 3802 3268 3870 ὑπερεκπίπτουσαν
3299 3801 3500 3866 πάσης
3543 3815 3818 3869 περιστρα-

2234 3893 2351 3964 φῆς
2366 3896 2749 3961 εὑρίσκοντες
2766 3893 2880 3960 τὴν
2897 3891 3050 3959 ζωὴν
3066 3891 3170 3945 τοῦ
3186 3891 3352 3953 Θεοῦ,
3366 3889 3686 3958 ἀγέννητοι
3715 3893 3816 3943 αἰ·-

2231 3987 2338 4040 τὸν
2379 3984 2633 4054 λέγομεν
2659 4001 2672 4014 ’
2724 3984 2870 4036 ὅταν
2907 3982 2973 4034 δὲ
3015 3981 3136 4047 τοῖς
3182 3979 3604 4049 ἐπερχομένοις
3643 3981 3814 4033 aid-cn

2235 4075 2341 4126 τὸν
2364 4073 2515 4126 νοῦν
2546 4072 2975 4140 ἐπιϐάλλωμεν,
3015 4069 3082 4122 τὸ
3133 4070 3413 4136 ἀόριστον
3439 4068 3540 4121 καὶ
3567 4067 3817 4136 ἄπειρον

2240 4166 2336 4218 καὶ
2380 4164 2579 4218 οὐδενὶ
2616 4163 2770 4217 τέλει
2821 4163 3205 4230 καταληπτὸν
3240 4163 3817 4229 προσητορεύσαμεν

2234 4257 2552 4325 ἄφθαρτον.
2625 4256 2722 4320 Ὠς
2764 4251 2877 4309 οὖν
2933 4253 2999 4306 τὸ
3067 4254 3462 4319 ἀτελεύτητον
3507 4251 3617 4318 τῆς
3668 4251 3816 4318 ζωῆς

2235 4348 2570 4417 ἄφθαρτον,
2623 4347 2774 4400 οὓτω
2824 4345 2888 4399 τὸ
2941 4346 3209 4415 ἄναρχον
3258 4346 3440 4412 αὐτῆς
3485 4345 3810 4414 ὠνομάσθη

2235 4441 2563 4510 ἀγέννητον
2581 4477 2596 4502 ,
2659 4437 2734 4506 τῇ
2803 4438 3037 4505 ἐπινοίᾳ
3102 4437 3266 4506 ἡμῶν
3335 4439 3814 4505 ἐπιθεωρούντων

563 4533 758 4586 tionem
811 4530 888 4581 ita
935 4525 1366 4592 contemplamur.
1413 4523 1718 4578 Convitium
1784 4525 1944 4592 igitur
1991 4525 2126 4593 quod

2240 4531 2442 4584 ταῦτα.
2481 4530 2590 4600 Τὴν
2621 4531 2716 4601 μὲν
2744 4526 2835 4584 οὖν
2862 4530 3129 4600 λοιδορίαν
3160 4531 3225 4601 ἧν
3255 4529 3536 4600 προοίμιον
3563 4531 3667 4599 τῆς
3707 4531 3811 4582 τῶν

561 4620 886 4693 prommium
943 4617 1220 4670 dictorum
1275 4615 1756 4684 contemplationis
1807 4616 1950 4676 iecit,
2003 4623 2128 4669 item

564 4711 868 4786 praateribo,
904 4709 1127 4762 seminis
1164 4707 1398 4774 alicujus
1435 4706 1888 4768 immutationem,
1935 4719 1989 4760 et
2045 4722 2132 4760 sa-

563 4804 730 4860 tionis
788 4801 1131 4870 magistrum.
1187 4805 1240 4851 et
1291 4796 1424 4850 illud
1483 4797 1928 4864 reprehensionis
1985 4799 2130 4866 quod

563 4897 710 4950 nulla
757 4891 1171 4947 ratiocinatione
1222 4889 1544 4942 conclusum
1577 4899 1679 4952 cst,
1742 4900 1796 4943 et
1848 4891 1951 4943 alia
1985 4908 2133 4960 qua--

565 5001 784 5056 cunque
837 4983 1130 5038 insatiabili
1166 4982 1347 5050 lingua
1388 4996 1484 5050 per
1517 4980 1700 5033 inania
1745 4989 1796 5035 et
1837 4997 2005 5036 vacua
2040 4999 2134 5034 va-

563 5075 698 5131 dens
727 5073 1106 5143 perscquitur:
1167 5077 1386 5140 propter
1433 5068 1579 5138 quod
1627 5079 1806 5122 autem
1854 5071 2133 5124 criminari

565 5167 879 5239 aggreditur
939 5179 1248 5218 sermonem
1296 5161 1710 5222 calumniando.
1761 5161 1826 5214 ad
1881 5163 1984 5217 hoc
2037 5179 2138 5220 nos

564 5269 966 5316 convertemus.
1006 5255 1113 5310 Nos
1149 5270 1377 5324 arguere
1424 5255 1746 5324 pollicetur,
1791 5262 1850 5306 ut
1889 5253 2136 5310 dicentes

564 5351 734 5407 Deum
767 5366 874 5404 non
916 5348 1382 5416 incorruptibilem
1418 5361 1540 5400 esse
1579 5353 1770 5398 natura
1798 5363 1819 5411 ε.
1844 5347 1936 5400 sed
1967 5362 2066 5401 nos
2107 5364 2137 5401 a

565 5452 761 5498 natura
797 5443 886 5496 illa
920 5443 1031 5496 sola
1064 5447 1316 5510 putamus
1361 5439 1537 5492 aliena
1561 5480 1575 5502 ,
1629 5452 1968 5507 quzecunque
2010 5441 2134 5508 qui-

565 5534 795 5590 busdam
825 5533 1120 5588 adventitia
1158 5531 1364 5590 insunt,
1394 5539 1446 5582 et
1482 5545 1602 5598 qua:
1638 5528 1811 5582 amitti
1861 5539 2130 5599 possunt:

633 5673 685 5706 “
740 5671 842 5727 lsa.
899 5688 1052 5734 XLIII,
1086 5671 1134 5722 1.
1212 5671 1256 5701 ⁸⁸
1314 5669 1511 5740 Ephes.
1548 5687 1598 5734 ι’,
1633 5672 1720 5738 51,
1749 5672 1836 5725 5:2.

637 5802 718 5875 (ο)
760 5802 932 5860 Verba
957 5803 1018 5859 Ι).
1054 5803 1237 5858 Basilii
1272 5816 1455 5858 contra
1487 5803 1802 5859 Ennomium
1845 5808 1937 5862 lib.
1972 5824 2010 5864 l.

2239 4621 2539 4691 εἰρημένων
2596 4620 2827 4692 θεωρίας
2875 4621 3204 4692 πεποίηται,
3252 4621 3410 4674 πάλιν
3468 4623 3808 4692 παρήσομεν,

2240 4715 2551 4785 σπέρματός
2593 4731 2736 4776 τινος
2771 4715 3084 4786 ὑπαλλαγὴν
3111 4715 3204 4767 καὶ
3238 4716 3441 4784 σπορᾶς
3467 4714 3805 4783 καθηγητὴν.

2239 4805 2333 4858 καὶ
2359 4805 2418 4858 τὸ
2451 4805 2550 4875 τῆς
2595 4806 2850 4876 μέμψεως
2878 4806 3284 4874 ἀσυλλόγιστον,
3318 4809 3408 4860 καὶ
3441 4808 3540 4860 ὅσα
3569 4807 3709 4860 ἄλλα

2239 4898 2491 4967 ἀκορήτω
2519 4897 2737 4970 γλώσσῃ
2769 4899 3118 4968 κενεμϐατῶν
3146 4900 3476 4970 διεξέρχεται
3499 4917 3512 4929 °
3565 4901 3653 4968 ἐφ’
3686 4894 3732 4966 ᾧ
3757 4900 3809 4949 δὲ

2239 4989 2541 5042 διαϐάλλειν
2583 4992 2868 5060 ἐπιχειρεῖ,
2917 4989 3265 5058 συκοφαντῶν
3305 4991 3395 5042 τὸν
3432 4990 3625 5057 λόγον,
3680 4990 3811 5060 πρὸς

2238 5081 2394 5134 τοῦτο
2424 5083 2515 5135 καὶ
2540 5083 2698 5153 ἡμεῖς
2725 5083 3136 5154 τραπησόμεθα.
3171 5081 3443 5151 Ἐλὲγχειν
3472 5085 3623 5153 ἡμᾶς
3648 5083 3809 5146 ἐπαγ·

2241 5173 2486 5240 γέλλεται
2522 5174 2594 5238 ὼς
2645 5174 2716 5244 μὴ
2763 5173 2920 5242 φύσει
2963 5174 3219 5241 λέγοντας
3254 5174 3523 5242 ἄφθαρτον
3569 5169 3710 5226 εἶναι
3757 5173 3811 5222 τὸ

2241 5265 2391 5319 Θεῖον
2416 5283 2429 5296 ο
2463 5268 2621 5336 ἡμεῖς
2641 5265 2696 5318 δὲ
2725 5267 2857 5336 μόνα
2885 5269 2982 5336 τῆς
3008 5265 3219 5334 φύσεως
3247 5266 3637 5335 ἀλλοτριοῦμεν
3670 5267 3808 5317 ἐκεῖ·

2241 5375 2327 5420 να,
2355 5358 2454 5410 ὃσα
2484 5358 2751 5429 ἐπίκτητα
2779 5358 2988 5424 γίνεταί
3014 5374 3121 5410 τισι
3155 5357 3248 5410 καὶ
3291 5356 3593 5426 ἀπόκτητα.
3630 5351 3728 5407 Ὧν
3760 5357 3809 5406 δὲ

2243 5445 2368 5499 ἄνευ
2405 5446 2464 5498 τὸ
2494 5445 2846 5514 ὑποκείμενον
2894 5446 3150 5516 νοηθῆναι
3195 5445 3353 5514 φύσιν
3395 5446 3493 5498 οὐκ
3536 5445 3671 5514 ἔχει,
3708 5445 3811 5503 πῶς

2243 5542 2307 5594 ἄν
2333 5556 2415 5602 τις
2443 5540 2498 5592 ἐν
2525 5539 2671 5609 αἰτία
2703 5538 2930 5608 γένοιτο,
2956 5539 3031 5603 ὡς
3060 5539 3226 5593 αὐτὴν
3252 5538 3450 5607 ἑαυτῆς
3481 5536 3811 5608 διαχωρίζωι
