4006 6476
282 397 412 455 1061

1408 378 1681 434 CONTRA
1726 373 2123 436 ΕυΝΟΜΗΤΜ,
2167 372 2292 427 LIB.
2334 372 2446 428 XII.

3385 375 3524 431 1069.

278 508 376 583 τξιν
406 508 598 578 φύσιν;
648 506 710 558 Εἰ
744 504 839 575 μὲν
873 495 964 554 οὖν
989 495 1475 566 ἓπιγεννηματικὴν
1508 493 1583 561 τῷ
1612 488 1730 560 Θεῷ
1755 490 1849 560 τὴν

1968 488 2070 540 sine
2108 488 2306 556 quibus
2343 501 2471 540 vero
2512 484 2816 552 subjectum
2848 493 3028 539 mente
3069 485 3277 556 percipi
3327 496 3520 550 natura

279 598 587 671 ἀφθαρσίαν
619 598 648 650 6
693 595 958 664 ἡμέτερος
1012 590 1163 656 λόγος
1206 585 1554 656 ἐπρέσϐευεν,
1605 583 1680 644 ὥς
1722 594 1850 632 ποτε

280 692 407 762 περί
435 690 595 744 αὑτὸν
627 687 701 760 μὴ
728 683 912 744 οὖσαν,
954 685 986 754 ἢ
1018 682 1093 745 ὼς
1124 682 1223 733 οὑκ
1255 679 1518 749 ἐσομένην
1555 676 1703 736 ποτὲ,
1733 691 1853 726 και-

283 787 372 854 ρὸν
396 785 461 836 ἂν
493 777 605 850 εἶχε
638 779 806 832 ταῦτα
835 777 926 829 ἐπὶ
949 773 1167 842 διαϐολῇ
1205 771 1323 825 καθ’
1360 769 1517 839 ἡμῶν
1560 767 1756 834 λέγειν.
1789 765 1852 816 Εἰ

278 879 335 930 δὲ
363 877 448 928 ἀεὶ
477 871 735 932 ὡσαύτως
760 870 892 940 ἔχει,
924 868 1019 919 καὶ
1047 865 1074 918 6
1109 864 1201 917 νῦν
1231 866 1346 916 ἐστι
1380 862 1604 915 πάντοτε
1634 856 1854 910 εἶναιτὸ

277 970 432 1019 Θεῖον
481 968 509 1018 6
560 964 827 1034 ἡμέτερος
871 959 1157 1030 διορίζεται
1207 955 1385 1022 λόγος,
1435 953 1541 1028 ⁸καὶ
1593 950 1741 1003 οὐδὲν
1791 949 1855 1000 ἐκ

280 1057 674 1128 παραυξήσεως
725 1050 870 1120 αύτῷ
918 1065 1061 1111 τινος
1106 1048 1200 1100 καὶ
1249 1043 1565 1116 προσθήκης
1617 1041 1724 1093 τῶν
1779 1038 1853 1109 μὴ

281 1149 590 1218 προσόντων
639 1140 1044 1214 προσγίνεσθαι,
1079 1137 1191 1192 ἀλλ’
1224 1138 1282 1188 ὲν
1323 1136 1483 1187 παντὶ
1521 1131 1598 1202 τῷ
1624 1131 1766 1184 κατὰ
1795 1129 1856 1182 τὸ

280 1239 482 1308 ἀγαθὸν
513 1235 784 1305 νοουμένῳ
826 1230 919 1286 καὶ¹
948 1229 1224 1300 λεγομένῳ
1257 1227 1483 1280 πάντοτε
1534 1221 1694 1286 εἶναι,
1739 1220 1857 1284 πῶς

283 1330 357 1400 μὴ
389 1327 531 1381 κατὰ
565 1325 725 1395 φύσιν
759 1321 907 1392 αὑτῷ
937 1320 1378 1392 προσμαρτυρεῖν
1423 1316 1520 1386 τὴν
1549 1312 1855 1384 ἀφθαρσίαν

280 1416 676 1486 διαϐαλλόμεθα
699 1433 714 1480 ;
761 1412 896 1466 Ἀλλ’
925 1414 987 1465 ὲκ
1014 1411 1112 1479 τῆς
1133 1407 1651 1476 ὑπαναγνωσθείσης
1677 1402 1751 1472 τῷ
1777 1402 1856 1454 διο

279 1508 531 1576 δασκάλῳ
577 1506 786 1576 ῥήσεως
833 1504 932 1572 τῆς
973 1501 1227 1570 τοιαύτης
1259 1499 1352 1552 τοῦ
1401 1498 1560 1566 λόγου
1605 1495 1858 1564 διαϐολῆς

281 1598 558 1667 εἰληφέναι
601 1595 700 1658 τάς
753 1593 1005 1664 ἀφορμὰς
1055 1589 1477 1662 σχηματίζεται,
1527 1588 1602 1651 ὡς
1648 1589 1712 1640 ὲκ
1761 1587 1858 1656 τῆς

281 1688 636 1758 παραθέσεως
687 1685 795 1738 τῶν
848 1683 1079 1744 αἰώνων,
1124 1683 1201 1754 τῷ
1248 1680 1366 1752 Θεῷ
1411 1682 1508 1752 τὴν
1551 1678 1856 1748 ἀφθαρσίαν

281 1781 437 1852 ἡμῶν
465 1778 812 1850 ποριζόντων.
846 1776 910 1830 Εἰ
937 1777 1032 1846 μὲν
1055 1772 1146 1829 οὖν
1173 1775 1300 1844 παρ’
1326 1773 1480 1844 ἡμῶν
1511 1773 1572 1825 τὸ
1593 1771 1858 1842 ἡμέτερον

283 1872 445 1944 ῥητὸν
474 1869 825 1942 προεφέρετο,
861 1867 1099 1930 ὕποπτος
1134 1867 1198 1920 ἂν
1221 1862 1288 1937 ἦν
1309 1865 1438 1928 ἴσως
1462 1865 1541 1926 εἰς
1564 1862 1859 1930 ἀπολογίαν

280 1965 312 2016 6
342 1964 520 2032 λόγος,
549 1961 623 2025 ὡς
648 1960 742 2015 νῦν
772 1960 929 2030 ἡμῶν
963 1957 1473 2028 ἐπιδιορθουμένων,
1509 1954 1603 2007 καὶ⁸
1637 1952 1772 2023 πρὸς
1800 1952 1860 2004 τὸ

280 2055 571 2110 ἀνεύθυνον
600 2050 991 2124 μετατιθέντων
1013 2049 1110 2112 τάς
1136 2047 1415 2110 ὑπαιτίους
1449 2046 1651 2114 φωνάς.
1707 2043 1861 2097 Ἐπεὶ

281 2147 338 2199 δὲ
387 2145 537 2214 παρά
576 2143 670 2196 τοῦ
723 2141 919 2214 έχθροῦ
965 2143 1034 2194 τά
1077 2140 1319 2212 ἡμέτερα
1367 2138 1623 2206 λέγεται,
1671 2136 1754 2198 τίς
1795 2135 1862 2189 ἂν

286 2237 608 2308 ἰσχυροτέρα
628 2235 834 2304 γένοιτο
855 2234 953 2301 τῆς
978 2232 1234 2304 ἀληθείας
1262 2229 1554 2296 ἀπόδειξις,
1578 2228 1744 2298 αὑτῆς
1764 2228 1862 2296 τῆς

281 2328 391 2382 τῶν
442 2325 852 2380 ἀντιδικούντων
890 2327 1019 2395 ἡμῖν
1071 2321 1415 2394 μαρτυρίας;
1468 2320 1592 2383 Πῶς
1633 2319 1809 2372 τοίνυν
1835 2321 1864 2372 6

283 2418 416 2488 παρ’
446 2417 604 2488 ἡμῶν
633 2415 743 2486 ἔχει
783 2416 937 2483 λόγος
969 2415 1027 2468 ὃν
1057 2415 1148 2468 ἐπὶ
1197 2413 1421 2484 διαϐολῇ
1456 2411 1860 2483 προχειρίζεται

283 2509 405 2562 καθ’
427 2507 583 2579 ἡμῶν
624 2509 652 2559 6
679 2507 935 2576 Εὑνόμιος
962 2522 976 2570 ;
1027 2506 1230 2566 Ὅταν,
1276 2504 1427 2574 φησὶ,
1465 2502 1588 2567 τοῖς
1618 2502 1864 2570 ἐπερχο-

282 2599 485 2667 μένοις
514 2594 686 2650 aiebat
719 2594 824 2649 τὸν
853 2594 1006 2646 γοῦν
1027 2592 1458 2660 ἐπιϐάλλωμεν,
1496 2589 1560 2642 τὸ
1585 2590 1866 2656 ἀόριστον

282 2693 382 2743 καὶ
401 2689 647 2757 ἄπειρον
659 2687 754 2740 καὶ
769 2685 967 2740 οὐδενί
981 2684 1138 2737 τέλει
1155 2681 1560 2748 καταληπτὸν,
1579 2695 1867 2748 προσηγο-

279 2782 585 2850 psi-caper
603 2773 994 2847 ἄφθαρτονΪΛ
1007 2793 1072 2847 ρα
1085 2775 1162 2845 τῷ
1180 2775 1396 2845 πορίσαι
1417 2774 1477 2826 τὸ
1502 2770 1868 2844 προσαγορεῦ-

289 2891 384 2926 σαι
409 2870 602 2924 ταύτὸν
627 2873 654 2924 6
690 2868 950 2938 Εὐνόμιος
971 2868 1168 2933 cierat;
1200 2867 1312 2920 Kal.
1332 2866 1416 2929 τίς
1443 2866 1614 2928 οὑτως
1638 2863 1740 2928 ἔξω
1772 2863 1865 2917 τοῦ

283 2963 684 3034 καθεστηκότος
714 2959 947 3021 ὲετ”νὼς
966 2958 1062 3021 τὰς
1082 2957 1382 3022 ἰδιαζούσας
1396 2956 1598 3009 τούτων
1631 2956 1741 3008 τῶν
1768 2957 1864 3026 ρη-

295 3055 480 3124 μάτων
509 3055 720 3120 ἀγνοεῖν
753 3049 1058 3120 ἐμφάσειςς
1113 3048 1329 3120 Πορίζει
1379 3048 1476 3119 μὲν
1501 3049 1608 3118 γὰρ
1637 3048 1664 3100 6
1696 3046 1757 3100 τὸ
1793 3046 1866 3117 μὴ

1957 594 2064 633 non
2095 586 2294 648 potest,
2329 576 2604 647 quomodo
2635 577 2758 646 quis
2793 577 3000 645 culpari
3032 579 3225 647 possit.
3256 587 3314 631 ut
3346 578 3520 648 ipsam

1955 685 1984 722 a
2017 671 2194 738 seipsa
2225 679 2473 722 naturam
2517 669 2819 738 separatis?
2850 667 2906 722 Si
2942 669 3106 739 igitur
3143 669 3252 724 Deo
3281 671 3526 725 incorru-

1955 763 2299 832 ptibilitatem
2331 769 2582 831 agnatam
2615 772 2668 816 et
2699 761 2989 816 ascititiam
3023 770 3209 816 noster
3256 775 3524 818 assereret

1956 870 2158 921 sermo,
2192 863 2252 908 ut
2274 868 2395 924 quae
2423 855 2476 907 in
2510 855 2629 922 ipso
2653 870 2758 908 non
2787 853 3082 923 aliquando
3117 853 3330 918 fuisset,
3358 856 3440 909 vel
3468 865 3526 909 ut

1958 962 2065 1000 non
2101 945 2396 1014 aliquando
2440 943 2622 999 futura
2677 953 2846 1007 esset,
2890 945 3005 999 haec
3047 955 3236 1000 contra
3283 960 3384 1001 nos
3430 961 3528 1016 per

1957 1038 2288 1092 calumniam
2329 1036 2543 1091 dicendi
2582 1036 2926 1090 occasionem
2978 1035 3220 1090 haberet.
3271 1035 3426 1102 Quod
3477 1037 3523 1090 si

1958 1129 2146 1184 eodem
2189 1128 2349 1181 modo
2384 1143 2598 1198 semper
2629 1143 2687 1183 se
2728 1126 2911 1189 habet,
2940 1135 2994 1180 et
3053 1128 3182 1197 quid
3235 1142 3381 1180 nunc
3443 1136 3528 1182 est

1960 1231 2174 1287 semper
2203 1232 2322 1271 esse
2357 1215 2546 1279 Deum,
2589 1226 2774 1271 noster
2802 1217 2991 1270 delinit
3038 1232 3240 1283 sermo,
3283 1217 3530 1287 nihilque

1958 1322 2021 1361 ex
2063 1307 2404 1361 incremento
2433 1307 2615 1374 aliquo
2646 1315 2699 1361 et
2725 1306 3032 1376 adiectione
3061 1323 3249 1362 eorum
3275 1323 3394 1377 quae
3418 1323 3526 1361 non

1957 1399 2146 1453 insunt
2172 1399 2218 1452 ei
2245 1399 2519 1463 advenire,
2540 1399 2632 1454 sed
2664 1400 2718 1452 in
2748 1400 2898 1453 omni
2929 1399 3074 1469 quod
3101 1401 3397 1454 secundum
3435 1402 3532 1456 bo-

1959 1506 2090 1544 num
2121 1490 2445 1560 intelligitur
2473 1505 2525 1546 et
2552 1490 2752 1545 dicitur
2801 1508 3018 1563 semper
3065 1507 3208 1557 esse,
3253 1494 3530 1564 quomodo

1960 1597 2069 1636 non
2127 1583 2426 1636 secundum
2486 1592 2738 1636 naturam
2791 1584 2894 1654 ipsi
2956 1585 3523 1655 incorruptibilitatem

1961 1671 2256 1726 attribuere
2284 1687 2379 1741 per
2404 1673 2734 1727 calumniam
2766 1673 3130 1727 accusamur?
3167 1673 3262 1730 sed
3287 1690 3351 1729 ex
3376 1675 3527 1744 prius

1962 1765 2190 1818 recitata
2222 1763 2459 1820 dictione
2506 1765 2749 1820 doctoris
2779 1781 3088 1822 sermonem
3137 1768 3210 1822 ita
3258 1767 3532 1823 calumni-

1963 1855 2089 1908 andi
2127 1858 2445 1911 occasiones
2469 1857 2678 1926 cepisse
2709 1858 2881 1928 ﬁngit,
2907 1858 3066 1928 quasi
3095 1874 3160 1914 ex
3192 1859 3533 1930 appositione

1963 1947 2309 2011 szeculorum,
2357 1961 2458 2003 nos
2499 1947 2610 2002 Deo
2649 1949 3219 2018 incorruptibilitatem
3261 1952 3533 2008 tribuere-

1962 2055 2106 2094 mus.
2146 2039 2200 2092 Si
2236 2039 2401 2109 igitur
2429 2054 2458 2093 a
2505 2039 2662 2095 nobis
2710 2050 2959 2096 nostrum
2995 2043 3200 2098 dictum
3256 2044 3533 2114 proferre-

1962 2136 2070 2193 tur,
2106 2128 2339 2185 fortasse
2369 2129 2435 2184 ad
2459 2131 2829 2188 defensionem
2857 2141 3146 2203 suspectus
3173 2143 3530 2198 essetsermo.

1964 2228 2022 2274 ut
2051 2220 2144 2290 qui
2169 2220 2478 2276 videremur
2503 2222 2813 2286 emendare,
2839 2224 2986 2294 quod
3022 2239 3130 2279 non
3155 2231 3304 2280 recte
3323 2224 3530 2280 dictum

1965 2311 2178 2374 fuisset,
2207 2318 2262 2366 et
2289 2326 2450 2366 voces
2478 2312 2694 2366 crimini
2741 2313 3012 2369 obnoxias
3058 2313 3401 2370 immutando
3453 2315 3536 2369 in-

1963 2402 2263 2471 culpabiles
2321 2401 2551 2457 eﬁicere.
2615 2403 2720 2458 Sed
2775 2405 3032 2473 quoniam
3095 2406 3166 2460 ab
3221 2405 3536 2462 adversario

1965 2502 2153 2550 nostra
2222 2493 2593 2564 proferuntur,
2646 2510 2896 2564 quamam
2952 2496 3158 2552 ﬁrmior
3203 2513 3325 2554 esse
3372 2507 3537 2569 queat

1966 2585 2212 2640 veritatis
2254 2584 2672 2648 demonstratio,
2707 2600 2869 2656 quam
2902 2586 3339 2642 adversariorum
3383 2590 3537 2643 testi—

1966 2678 2211 2732 monium
2235 2676 2558 2744 ?Quomodo
2589 2677 2752 2747 igitur
2766 2687 2952 2734 noster
2969 2680 3131 2735 habet
3155 2696 3359 2742 sermo,
3377 2697 3536 2750 quem

1967 2778 2158 2826 contra
2197 2787 2299 2827 nos
2348 2772 2403 2827 in
2455 2771 2782 2826 calumniam
2841 2781 3139 2842 pertractat
3190 2773 3541 2830 Eunomius?

1967 2862 2122 2929 Cum,
2176 2863 2384 2934 inquit,
2434 2865 2504 2918 ad
2557 2866 2994 2933 supercminentia
3061 2866 3256 2920 swcula
3315 2878 3538 2922 mentem

1968 2954 2311 3019 intendimus,
2351 2954 2490 3027 quod
2514 2965 2606 3026 ‘est
2645 2957 3106 3010 indeterminatum
3152 2968 3201 3011 et
3244 2959 3535 3028 inﬁnitum,

1969 3057 2016 3101 et
2065 3047 2213 3101 nullo
2259 3049 2362 3117 ﬁne
2416 3048 2864 3116 comprehensum,
2933 3050 3309 3118 appellavimus
3363 3051 3540 3104 incor-

292 3144 489 3216 προσὸν
535 3143 683 3214 αὑτῷ
731 3140 1090 3210 κτησάμενος,
1145 3139 1534 3212 προσαγορεύει
1580 3139 1636 3194 δὲ
1669 3141 1696 3192 6
1723 3139 1782 3192 τὸ
1808 3138 1864 3193 ὃν

1971 3139 2232 3208 νιιριέὺίιε.
2266 3138 2346 3193 An
2375 3139 2618 3194 tribuere
2654 3149 2706 3195 et
2745 3141 3018 3211 appellare
3051 3141 3190 3196 idem
3234 3152 3386 3212 putat
3425 3141 3538 3196 Eu-

293 3235 642 3309 σημαντικῶς
689 3233 988 3304 ὀνομάζων.
1037 3233 1160 3296 Πῶς
1193 3229 1286 3286 οὖν
1333 3232 1423 3285 ἐπὶ
1475 3231 1681 3294 τούτοις
1711 3230 1861 3300 ὁτῆς

289 3328 545 3398 ἀληθείας
594 3325 866 3396 φωτιστὴς
910 3325 1008 3379 ούκ
1042 3324 1371 3394 αἰσχύνεται,
1420 3325 1477 3376 έν
1521 3322 1768 3393 προδήλῳ
1797 3324 1862 3392 τῇ

293 3418 621 3489 συκοφαντίᾳ
643 3417 742 3488 τὴν
761 3417 1008 3488 διαϐολὴν
1033 3434 1095 3468 συ
1105 3416 1448 3486 μπεραίνων;
1480 3415 1590 3467 Καὶ
1616 3413 1864 3486 καθάπερ

291 3511 341 3564 οἰ
373 3510 436 3564 ἐκ
467 3527 608 3572 τινος
642 3507 846 3573 πάθους
891 3507 964 3578 μὴ
1002 3507 1307 3578 βλέποντες,
1339 3509 1395 3560 ὲν
1426 3506 1580 3576 ὂψεσι
1609 3507 1716 3560 τῶν
1747 3508 1867 3578 βλε-

292 3601 503 3655 πόντων
535 3600 918 3671 ἀσχημονοῦσι,
952 3599 1014 3652 τδ
1059 3601 1187 3670 παρ’
1235 3597 1416 3652 αὑτῶν
1465 3599 1538 3669 μὴ
1569 3599 1864 3671 ὁρώμενον,

293 3693 388 3746 καὶ
434 3692 583 3762 παρὰ
629 3691 736 3744 τῶν
773 3689 1124 3759 ὑγιαινόντων
1173 3689 1480 3758 ἀγνοεῖσθαι
1517 3690 1825 3761 νομίζοντες
1849 3708 1864 3723 ο

292 3784 530 3842 τοιοῦτόν
551 3806 603 3841 τι
633 3787 897 3841 πέπονθεν
918 3789 947 3841 6
973 3787 1264 3859 ὀξυδερκὴς
1291 3783 1441 3852 οὗτος
1469 3789 1561 3842 καὶ
1583 3791 1751 3860 ταχὺς
1768 3791 1868 3860 τὴν

292 3878 549 3937 διάνοιαν,
580 3876 678 3947 τὴν
711 3877 845 3930 ἰδίαν
889 3876 1025 3946 πρὸς
1065 3879 1162 3942 τὴν
1194 3876 1448 3946 ἀλήθειαν
1477 3877 1740 3948 πήρωσιν,
1773 3881 1868 3933 καὶ

295 3966 352 4018 ὲν
385 3967 498 4027 τοῖς
528 3964 813 4020 ἀκούουσιν
860 3967 1049 4019 οἴεται.
1085 3966 1193 4018 Καὶ
1225 3967 1307 4029 τίς
1330 3965 1502 4031 οὕτως
1534 3967 1757 4037 ἠλίθιος,
1792 3969 1868 4034 ὡς

299 4053 373 4126 μὴ
420 4056 746 4126 παραθεῖναι
790 4058 856 4127 τῇ
900 4056 1116 4127 διαϐολῇ
1149 4056 1216 4109 τά
1260 4057 1739 4128 συκοφαντούμενα
1771 4062 1868 4131 ρή-

299 4165 466 4218 ματα,
495 4148 590 4202 καὶ
618 4149 682 4201 ἐκ
709 4147 807 4218 τῆς
839 4149 1115 4220 ἑκατέρων
1141 4149 1598 4217 ἀνταναγνώσεως
1639 4150 1735 4221 τὴν
1765 4169 1866 4205 κα-

295 4237 558 4305 κουργίαν
605 4236 699 4288 τοῦ
750 4237 1088 4308 λογογράφου
1131 4238 1447 4310 φωρᾶσθαι;
1501 4240 1560 4293 ’0
1605 4241 1869 4313 ἡμέτερος

294 4325 451 4395 λόγος
481 4327 870 4398 προσαγορεύει
903 4327 963 4381 τὸ
994 4328 1298 4401 ἄφθαρτον,
1339 4331 1546 4391 ἐκεῖνος
1576 4336 1870 4403 κατηγορεῖ

293 4417 390 4470 τοῦ
424 4417 524 4487 τὴν
563 4417 873 4489 ἀφθαρσίαν
919 4416 1250 4490 πορίζοντος.
1302 4421 1368 4473 Τί
1403 4422 1580 4475 κοινὸν
1611 4425 1774 4493 ἔχειν
1793 4423 1867 4495 τῷ

1973 3231 2234 3284 nomius?
2263 3229 2325 3284 Et
2350 3231 2474 3300 quis
2507 3231 2581 3284 ita
2620 3233 2817 3286 mentis
2850 3233 3025 3301 impos
3074 3240 3159 3288 est
3194 3241 3248 3288 et
3282 3242 3435 3288 extra
3483 3249 3543 3290 se

1971 3321 2252 3391 depulsus,
2306 3329 2365 3374 ut
2422 3321 2598 3377 claras
2657 3323 2964 3391 peculiares
3002 3324 3198 3378 borum
3247 3325 3539 3382 verborum

1973 3414 2403 3484 signiﬁcationes
2432 3413 2907 3484 ignoret?Tribuit
2937 3415 3080 3470 enim
3110 3417 3202 3486 qui
3238 3418 3383 3488 quod
3429 3434 3538 3474 non

1973 3508 2129 3562 adest
2160 3507 2259 3577 ipsi
2313 3506 2634 3576 acquisivit;
2668 3506 2902 3575 appellat
2951 3516 3130 3562 autem
3158 3509 3251 3579 qui
3298 3509 3350 3563 id
3396 3511 3542 3580 quod

1971 3606 2054 3652 est
2094 3598 2466 3668 signiﬁcanter
2507 3598 2776 3652 nominat.
2817 3597 3104 3665 Quomodo
3154 3601 3323 3671 igitur
3352 3602 3406 3655 in
3459 3603 3544 3657 his

1972 3690 2219 3745 veritatis
2251 3689 2586 3743 illuminator
2629 3705 2739 3744 non
2768 3691 3066 3753 erubescit,
3103 3691 3156 3746 in
3210 3702 3398 3763 aperta
3447 3694 3546 3748 ob-

1973 3781 2300 3834 trectatione
2348 3779 2673 3833 calumniam
2721 3780 3088 3835 concludere?
3135 3782 3213 3836 Ac
3262 3784 3409 3838 velut
3448 3783 3543 3853 qui

1973 3886 2036 3926 ex
2074 3871 2258 3940 aliquo
2281 3871 2468 3924 morbo
2502 3885 2610 3924 non
2673 3871 2879 3936 vident,
2921 3872 2975 3926 in
3027 3875 3204 3928 oculis
3243 3873 3541 3929 videntium

1973 3960 2230 4014 indecore
2287 3976 2346 4014 se
2396 3969 2630 4029 gerunt,
2677 3962 2822 4032 quod
2875 3963 2944 4017 ab
2992 3963 3126 4032 ipsis
3177 3978 3284 4017 non
3332 3963 3545 4018 videtur

1973 4051 2134 4106 etiam
2163 4065 2191 4104 a
2210 4051 2347 4106 bene
2374 4051 2684 4106 valentibus
2711 4053 2949 4124 ignorari
2975 4061 3263 4122 putantes:
3283 4054 3389 4108 tale
3411 4054 3543 4123 quid

1975 4161 2075 4198 usu
2103 4145 2247 4198 venit
2292 4144 2417 4198 huic
2445 4152 2602 4199 acute
2653 4145 2918 4209 cernenti,
2975 4144 3247 4214 celerique
3312 4145 3534 4217 ingenio

1977 4236 2226 4305 praedito,
2281 4237 2372 4304 qui
2410 4235 2474 4289 ad
2507 4236 2788 4289 veritatem
2843 4239 3157 4299 cazcutiens,
3215 4235 3344 4290 illud
3378 4238 3540 4290 etiam

1976 4328 2167 4381 vitium
2227 4326 2575 4382 audientibus
2607 4328 2787 4380 inesse
2843 4327 3139 4382 existimat.
3176 4328 3244 4380 At
3295 4328 3418 4398 quis
3468 4329 3544 4382 ita

1975 4415 2143 4471 hebes
2172 4425 2225 4471 et
2259 4416 2511 4480 stolidus,
2541 4425 2598 4469 ut
2626 4432 2734 4470 non
2767 4416 3054 4470 calumniae
3077 4426 3312 4487 apponat
3355 4419 3544 4480 verba,

296 4509 518 4583 λέγειν;
559 4509 692 4564 Ἀπὸ
716 4509 824 4562 τῶν
870 4509 1012 4562 ἰδίων
1040 4510 1268 4565 ἕκαστον
1300 4512 1615 4566 εὐθύνεσθαι
1642 4513 1864 4580 δίκαιον,

1973 4525 2093 4580 quae
2118 4526 2212 4578 per
2249 4509 2504 4562 invidiam
2535 4508 3054 4564 etobtrectationem
3075 4509 3546 4579 proleruntur,at-

298 4602 397 4653 οὑκ
423 4602 487 4653 ὲκ
528 4600 635 4653 τῶν
663 4601 955 4670 ἀλλοτρίων
988 4602 1207 4672 ὑπέχειν
1231 4602 1329 4666 τὰς
1358 4605 1608 4674 μέμψεις.
1650 4604 1782 4660 Νυνὶ
1820 4607 1875 4661 δὲ

299 4693 596 4764 κατηγορεῖ
627 4693 722 4762 μὲν
768 4692 944 4762 ἡμῶν,
978 4693 1072 4746 καὶ
1117 4696 1148 4764 ἡ
1196 4694 1387 4765 πικρία
1417 4697 1553 4767 πρὸς
1579 4699 1726 4768 ἡμᾶς
1759 4698 1878 4768 βλέ-

301 4800 413 4848 πει,
449 4783 765 4853 κατακρίνει
805 4784 859 4836 δὲ
893 4785 1080 4838 οὑδένα
1115 4786 1255 4838 κατά
1287 4802 1347 4852 γε
1378 4787 1469 4839 τὸν
1502 4787 1676 4859 ἀληθῆ
1717 4789 1876 4858 λόγον

299 4874 334 4945 ἢ
363 4874 574 4928 ἑαυτόν.
602 4876 663 4928 Εἰ
693 4874 800 4946 γὰρ
825 4875 885 4928 τὸ
917 4875 1154 4946 πορίζειν
1183 4875 1261 4945 τῷ
1293 4875 1410 4945 Θεῷ
1434 4878 1532 4947 τὴν
1567 4877 1876 4948 ἀφθαρσίαν

302 4965 582 5027 ὑπαίτιον,
636 4965 793 5018 τοῦτο
824 4965 878 5017 δὲ
927 4966 1054 5035 παρ’
1098 4965 1307 5028 οὐδενὸς
1351 4967 1510 5019 ἄλλου
1555 4967 1692 5039 πλὴν
1744 4970 1872 5041 παρ’

300 5055 465 5108 αὑτοῦ
506 5054 722 5124 λέγεται
772 5055 963 5126 μόνον·
1012 5055 1118 5126 ἄρα
1159 5055 1320 5118 αὑτὸς
1363 5055 1556 5110 ἑαυτοῦ
1597 5057 1802 5126 γίνεται
1845 5060 1874 5112 6

303 5147 645 5216 συκοφάντης
691 5147 1009 5217 κατήγορος,
1051 5147 1109 5199 τὸ
1150 5147 1343 5200 ἑαυτοῦ
1372 5146 1689 5209 διαϐάλλων.
1725 5151 1785 5202 οὑ
1814 5149 1876 5202 τὸ

302 5237 586 5308 ⁴ἡμέτερον.
631 5237 738 5290 Καὶ
764 5237 890 5308 περὶ
916 5236 1010 5290 τοῦ
1039 5237 1177 5290 κατά
1211 5237 1307 5308 τὴν
1332 5237 1652 5307 ἀγεννησίαν
1680 5240 1877 5310 ὀνόμα-

301 5346 391 5391 τος
420 5329 581 5398 ἡμεῖς
617 5327 712 5398 μέν
745 5345 920 5395 φαμεν
947 5329 1050 5389 ὃτι,
1079 5328 1264 5400 ὥσπερ
1295 5328 1357 5381 τδ
1388 5327 1741 5400 ἀτελεύτητον
1778 5331 1876 5401 τῆς

304 5425 447 5495 ζωῆς
486 5425 778 5496 ἄφθαρτον,
819 5424 990 5488 οὕτως
1020 5423 1080 5477 τὸ
1111 5424 1343 5495 ἄναρχον
1388 5425 1554 5494 αὑτῆς
1585 5426 1880 5496 ἀγέννητον

304 5516 597 5588 ὠνομάσθη
626 5535 638 5546 ·
687 5517 868 5571 οὑτοσὶ
895 5516 950 5570 δὲ
981 5516 1130 5587 παρά
1161 5516 1266 5569 τῶν
1315 5516 1524 5570 αἰώνων
1561 5519 1711 5588 ἡμᾶς
1734 5517 1880 5587 λέγει

305 5607 446 5661 κατά
502 5609 716 5662 πάντων
779 5607 885 5660 τῶν
953 5606 1224 5678 γεννητῶν
1283 5608 1560 5678 προξενεῖν
1614 5608 1760 5680 αὐτῷ
1816 5612 1883 5664 τά

305 5698 591 5770 πρεσϐεῖα.

1974 4618 2079 4672 quc
2126 4618 2189 4669 ex
2250 4613 2605 4673 utrorumque
2651 4603 2902 4672 opposita
2954 4602 3210 4666 lectione,
3257 4603 3546 4672 scriptoris

1976 4695 2234 4748 malitiam
2265 4692 2828 4768 norudeprebendat?
2860 4691 3054 4748 Noster
3085 4709 3267 4749 sermo
3312 4695 3543 4763 appellat

1976 4784 2410 4855 incorruptibile,
2452 4785 2544 4839 ille
2591 4784 2874 4838 insimulat
2923 4801 3044 4839 eum
3079 4786 3172 4855 qui
3215 4785 3548 4854 incorrupti-

1975 4877 2242 4931 bilitatem
2271 4877 2482 4931 tribuit.
2516 4877 2660 4942 Quid
2701 4892 2991 4932 commune
3028 4878 3215 4931 habere
3251 4884 3303 4930 et
3345 4873 3545 4934 dicere?

1979 4969 2046 5023 de
2075 4969 2189 5022 suis
2225 4967 2600 5038 unusquisque
2624 4969 2746 5037 jure
2776 4968 3020 5037 arguitur
3039 4976 3092 5020 et
3115 4965 3412 5034 judicatur,
3440 4982 3544 5019 non

1980 5076 2044 5115 ex
2076 5061 2268 5114 alienis
2295 5060 2542 5114 accusari
2574 5059 2730 5114 solet.
2806 5057 2962 5112 Nunc
2983 5065 3162 5111 autem
3196 5073 3295 5111 nos
3325 5057 3544 5127 quidem

1982 5160 2227 5213 accusat,
2259 5161 2312 5205 et
2339 5151 2392 5205 in
2426 5167 2524 5206 nos
2547 5151 2816 5206 acerbitas
2844 5156 3088 5220 spectat;
3117 5150 3387 5203 neminem
3421 5165 3548 5202 vero

1983 5243 2311 5300 condemnat
2339 5243 2635 5298 secundum
2673 5257 2855 5296 veram
2910 5242 3205 5307 rationem,
3247 5257 3410 5311 quam
3471 5258 3550 5296 se-

1983 5337 2184 5407 ipsum.
2223 5335 2279 5389 Si
2325 5336 2466 5390 enim
2519 5331 2624 5388 Deo
2680 5332 3247 5402 incorruptibilitatem
3310 5332 3549 5386 tribuere

1978 5427 2183 5480 crimen
2212 5433 2316 5488 est,
2340 5425 2443 5478 hoc
2470 5433 2646 5478 autem
2683 5438 2712 5476 a
2747 5423 2898 5476 nullo
2943 5423 3049 5476 alio
3079 5429 3438 5493 praeterquam
3481 5423 3549 5475 ab

1979 5516 2098 5587 ipso
2127 5517 2246 5571 solo
2276 5516 2497 5570 dicitur.
2528 5513 2669 5584 Ergo
2700 5513 2817 5582 ipse
2871 5513 3207 5582 sycophanta
3255 5514 3341 5568 sui
3373 5513 3547 5582 ipsius

1979 5618 2266 5662 accusator
2293 5615 2395 5669 est,
2431 5605 2572 5675 quod
2595 5620 2752 5658 suum
2779 5613 2862 5659 est
2887 5604 3246 5669 calumnians,
3270 5619 3378 5658 non
3403 5603 3544 5673 quod

1980 5707 2250 5755 nostrum.
2294 5697 2357 5750 Et
2405 5698 2472 5752 de
2521 5699 2742 5751 nomine
2787 5695 3112 5767 ἀγεννησίας
3165 5710 3266 5752 nos
3313 5697 3548 5752 dicimus

305 5790 472 5863 quod,
504 5791 959 5862 quemadmodum
1002 5793 1147 5864 quod
1189 5793 1396 5849 nullum
1440 5797 1560 5852 vitae
1625 5798 1787 5853 habet
1857 5797 2148 5854 terminum
2203 5795 2609 5866 incorruptibile
2665 5801 2770 5862 est,
2829 5793 2909 5851 sic
2972 5792 3117 5865 quod
3167 5793 3288 5867 ejus
3333 5793 3546 5862 origine
