4006 6494
513 424 656 479 £085

1716 418 1773 471 S.
1804 417 2129 472 GllEGOlill
2163 416 2456 472 NYSSENI

3607 430 3722 484 ωσι

514 559 565 600 et
597 542 863 614 principio
882 538 1345 609 caretingcnitum
1376 536 1712 590 nominatum
1735 542 1856 589 est:
1888 534 1975 587 hic
2000 544 2179 588 autem
2205 550 2233 587 a
2266 535 2484 589 saeculis
2513 550 2613 590 nos
2683 536 2792 606 ipsi
2827 537 3122 593 conciliare
3178 549 3231 593 et
3308 540 3594 597 altribuere
3634 549 3724 613 pri.

514 646 719 689 matum
748 633 801 685 in
825 632 1005 684 omnia
1034 646 1153 698 qua:
1184 628 1364 698 genita
1398 634 1526 681 sunt
1580 624 1837 678 aﬂirmat.

574 724 804 793 lmpium
840 722 1138 777 convitium
1166 729 1322 775 taceo
1351 718 1497 789 quod
1532 716 1701 771 Deum
1746 715 2084 786 unigenitum

506 831 628 868 cum
672 814 819 867 omni
865 813 1048 883 genito
1093 811 1221 865 facit
1254 824 1621 870 communem,
1652 814 1705 861 et
1742 809 1927 861 eadem
1958 821 2087 860 voce

507 906 682 975 ipsum
706 902 1345 973 eomplectens,eamdem
1372 915 1534 971 quam
1558 898 1624 953 de
1643 898 1853 953 caeteris
1875 898 2087 967 opinio-

506 1014 627 1051 nem
650 996 1053 1067 ingenerat,Dei
1079 994 1274 1047 Filium
1296 993 1362 1046 ad
1389 1007 1549 1045 omne
1579 990 1721 1060 quod
1754 1006 1847 1059 per
1862 1004 2087 1059 genera-

506 1090 710 1142 tionem
735 1087 989 1141 subsistit
1010 1086 1309 1141 adducens.
1337 1083 1443 1139 Sed
1464 1096 1720 1138 vesanam
1744 1080 1863 1150 ejus
1889 1080 2086 1133 maliti-

507 1195 593 1232 am
624 1180 676 1233 in
714 1181 940 1249 gratiam
972 1178 1279 1233 auditorum
1316 1174 1800 1245 intelligentiorum
1831 1172 2085 1240 adjiciam

508 1272 765 1326 orationi.
805 1275 846 1324 Α
873 1271 1080 1327 saeculis
1094 1270 1333 1325 Basilius
1352 1269 1603 1323 conciliat
1624 1266 1882 1321 actribuit
1910 1265 2019 1319 Deo
2032 1266 2087 1319 in

508 1365 683 1416 omnia
703 1364 876 1433 genita
899 1365 1209 1430 primatum.
1250 1360 1509 1427 Quaenam
1542 1360 1656 1413 haec
1682 1373 1785 1413 vox
1827 1357 2007 1412 inanis
2033 1364 2087 1409 et

507 1469 671 1509 sensu
689 1469 882 1508 carens
902 1474 914 1507 :
932 1448 1105 1506 Homo
1130 1452 1189 1507 fit
1214 1452 1307 1507 Dei
1327 1449 1659 1506 conciliator
1682 1458 1737 1504 et
1762 1464 1857 1520 per
1882 1450 2086 1503 szecula

506 1544 555 1597 ei
571 1542 826 1597 conciliat
846 1543 969 1611 jura
994 1542 1355 1612 primigenia?
1387 1543 1647 1607 Quanam
1670 1539 1865 1593 horum
1892 1538 2086 1592 verbo-

505 1651 626 1689 rum
655 1650 774 1704 quae
790 1636 1087 1689 subsistere
1105 1645 1548 1704 nequeunt,vana
1585 1640 1637 1687 et
1663 1632 1844 1686 inanis
1874 1630 2085 1701 jactan-

503 1725 603 1781 tia?
620 1726 675 1780 Si
693 1726 834 1795 quod
850 1726 904 1780 in
924 1725 1108 1780 divina
1124 1724 1359 1780 essentia
1376 1739 1440 1778 ex
1459 1732 1687 1792 utraque
1701 1730 1851 1791 parte
1864 1736 2089 1791 exsupe-

503 1827 587 1873 rat
619 1819 943 1873 saeculorum
998 1817 1399 1872 intervallarem
1454 1816 1830 1871 extensiouem
1863 1854 1879 1878 ,
1922 1812 2086 1881 signi-

504 1910 736 1965 fieativis
767 1908 1093 1979 quibusdam
1122 1907 1437 1962 nominibus
1471 1906 1665 1961 doctor
1718 1905 1853 1959 dixit
1902 1904 2095 1959 decla-’

502 1999 652 2065 rari;
688 1999 742 2052 in
767 2012 831 2051 eo
857 1997 971 2066 qui,
1014 2004 1073 2049 ut
1122 1996 1416 2065 Apostolus
1447 1995 1605 2055 dixit,
1648 2009 1824 2063 neque
1878 1992 2080 2063 princi-

503 2091 650 2159 pium
682 2089 915 2149 dierum,
947 2102 1120 2156 neque
1148 2086 1451 2139 vilmiinem
1485 2084 1723 2145 habet“,
1751 2082 2081 2138 utdiil'eren-

506 2181 655 2235 tibus
685 2180 868 2234 verbis
914 2176 1190 2248 opinionis
1239 2174 1540 2229 dim-rentia
1602 2176 1957 2243 signiﬁcetur.
2013 2172 2078 2226 Et

502 2278 790 2341 propterea
821 2270 964 2340 quod
989 2270 1136 2324 omni
1178 2269 1450 2338 principio
1484 2266 1785 2337 antiquius,
1820 2265 2073 2335 ἄναρχον,

504 2362 560 2416 id
620 2370 707 2417 est
760 2362 1028 2431 principio
1074 2376 1269 2415 carens
1308 2360 1413 2414 dici
1441 2369 1492 2415 et
1526 2359 1871 2428 ingenitum;
1924 2356 2077 2427 quod

503 2467 634 2506 vero
664 2452 813 2505 nullo
855 2451 960 2505 fine
992 2451 1472 2520 circumscriptum
1501 2459 1605 2513 est,
1656 2448 1963 2503 immortale
2010 2457 2065 2502 et

505 2544 921 2613 incorruptibile
948 2543 1239 2605 nominari,
1269 2543 1383 2595 haec
1411 2541 1820 2595 attributionem
1854 2549 1909 2593 et
1948 2554 2079 2592 con-

504 2636 865 2696 ciliationcm,
893 2644 1055 2703 atque
1098 2634 1368 2702 ejusmodi
1428 2631 2079 2687 deliramenta-scribere

504 2744 614 2783 non
655 2744 778 2781 eum
811 2728 994 2795 pudet.
1038 2726 1179 2792 Quin
1244 2727 1407 2781 etiam
1444 2741 1473 2779 a
1509 2726 1666 2780 nobis
1704 2724 1897 2779 stecnla
1946 2722 2078 2777 dicit

502 2820 753 2874 bifariam
785 2818 974 2881 dividi,
1001 2824 1058 2871 ut
1087 2818 1180 2887 qui
1212 2833 1323 2871 non
1378 2817 1574 2886 relegit
1609 2831 1731 2886 qua:
1780 2814 2074 2884 apposuit;

501 2910 586 2962 vel
616 2917 673 2962 ut
706 2908 847 2977 apud
877 2908 1175 2963 obliviosos
1202 2922 1391 2962 eorum
1423 2921 1543 2975 qua:
1587 2906 1725 2959 dixit
1766 2919 2073 2959 sermonem

501 2998 716 3051 habeat.
751 2996 891 3062 Quid
938 2998 1015 3051 ait
1064 2997 1292 3051 doctor?
1340 2997 1383 3051 si
1427 3010 1547 3065 qua:
1591 3004 1716 3048 ante
1763 3001 2072 3047 creaturam

501 3096 684 3145 mente
730 3089 1124 3158 concipiamus,
1186 3097 1240 3143 et
1267 3089 1466 3143 saecula
1518 3085 1898 3141 ratiocinando
1936 3099 2073 3155 pra:-

508 3181 793 3249 tergressi,
814 3183 866 3234 in
887 3179 1358 3249 circumscriptam
1391 3179 1555 3233 vitam
1580 3188 1836 3233 aeternam
1866 3177 2077 3229 ratione

2115 630 2161 685 Α

499 3271 767 3341 complexi
821 3271 1102 3337 fuerimus,
1156 3270 1428 3339 ejusmodi
1492 3271 1691 3324 mentis
1752 3278 2073 3337 conceptum
2103 3299 2147 3358 Ο

502 3363 723 3433 ingeniti
753 3363 972 3417 nomine
1022 3363 1438 3433 significamus;
1499 3370 1551 3416 ct
1590 3362 1635 3417 si
1697 3360 1764 3414 ad
1820 3361 1873 3414 id
1928 3362 2070 3430 quod

499 3452 761 3522 deinceps
814 3454 1084 3521 sequitur,
1148 3452 1539 3521 cogitationem
1604 3450 1956 3512 verterintus,
2020 3459 2073 3505 et

500 3544 715 3600 saeculis
738 3543 1184 3596 abundantiorem
1223 3540 1315 3595 Dei
1364 3542 1532 3596 vitam
1586 3541 2067 3610 comprehenderi-

500 3651 646 3700 mus,
685 3650 817 3689 voce
850 3634 1043 3688 infiniti
1096 3641 1150 3688 et
1198 3633 1641 3703 incorruptibilis
1670 3632 1812 3686 lianc
1864 3634 2071 3703 cogita-

498 3730 704 3783 tionem
773 3728 1217 3797 interpretamur.
1294 3723 1527 3779 Ubinam
1571 3725 1625 3778 in
1682 3724 1845 3778 dictis
1890 3740 2071 3780 sermo

499 3818 694 3873 dividit
718 3818 943 3880 saecula,
979 3818 1023 3871 si
1074 3817 1434 3871 aeternitatem
1488 3815 1581 3871 Dei
1612 3817 1911 3871 secundum
1956 3832 2071 3870 om-

499 3926 623 3966 nem
650 3911 855 3966 mentis
904 3918 1226 3978 conceptum
1257 3925 1321 3963 ex
1366 3923 1522 3977 atquo
1556 3916 1681 3962 ante
1720 3916 2067 3977 apparentem

493 4010 551 4057 et
578 4002 815 4072 undique
852 4002 1039 4056 eodem
1091 4000 1249 4054 modo
1283 3999 1591 4062 habentem,
1625 4008 1678 4054 et
1719 4000 1868 4053 nullo
1901 4000 2070 4054 inter-

495 4094 641 4148 vallo
676 4093 1005 4157 dimensam,
1038 4092 1219 4146 verbis
1272 4098 1325 4145 et
1356 4091 1663 4145 nominibus
1693 4106 1789 4160 pro
1817 4089 2069 4144 facultate

496 4193 685 4242 nostra
748 4185 1136 4240 enuntiantus?
1171 4183 1438 4249 Quoniam
1490 4183 1633 4237 enim
1674 4182 1783 4235 vita
1830 4182 2068 4236 humana

492 4290 617 4345 quae
670 4275 971 4329 intervallis
1022 4282 1289 4337 movetur,
1341 4270 1410 4326 ab
1462 4271 1642 4341 aliquo
1695 4272 1962 4341 principio
2000 4271 2067 4325 ad

496 4367 658 4421 tinem
691 4367 926 4434 aliquem
961 4362 1355 4434 pregrediendo
1389 4362 1652 4432 pervenit,
1706 4368 1761 4415 et
1817 4377 1937 4431 quae
1980 4362 2067 4417 hic

495 4458 607 4513 vita
638 4465 743 4518 est,
774 4456 907 4511 inid
942 4455 1084 4524 quod
1113 4454 1395 4524 praeteriit,
1438 4461 1491 4506 et
1540 4451 1683 4522 quod
1718 4460 2066 4520 exspectatur

494 4557 580 4605 est
620 4548 931 4613 distributa,
966 4554 1027 4599 ut
1062 4546 1165 4599 hoc
1203 4545 1419 4614 quidem
1466 4545 1517 4598 in
1562 4560 1731 4614 spem,
1772 4544 1902 4597 illud
1940 4561 2065 4597 vero

497 4639 553 4692 in
585 4636 901 4691 memoriam
937 4636 1132 4701 cadat;
1162 4634 1324 4703 bnjus
1352 4636 1523 4705 gratia
1550 4644 1711 4704 prout
1741 4643 1926 4687 nostra
1955 4636 2059 4689 fert

493 4729 777 4795 habitudo,
811 4738 865 4784 et
893 4729 1035 4800 quod
1076 4730 1333 4798 praeteriit
1362 4746 1375 4793 ;
1405 4729 1660 4798 quodque
1685 4737 2057 4798 exspectatur,

492 4819 835 4881 intervallata
853 4817 1175 4871 extensione
1204 4815 1581 4883 intelligiunts:
1604 4816 1683 4869 sic
1714 4823 1769 4869 et
1796 4816 1848 4867 in
1872 4830 2063 4883 super-

490 4912 765 4967 eminente
787 4917 977 4964 natura
1011 4925 1074 4964 ex
1102 4909 1274 4962 abusu
1300 4907 1553 4971 dicimus,
1591 4923 1699 4961 non
1732 4908 1887 4977 quasi
1914 4906 2061 4962 Deus

491 5018 589 5073 per
614 5002 887 5072 propriam
920 5002 1082 5053 vitam
1118 5016 1146 5053 a
1208 5012 1357 5070 tergo
1394 4998 1614 5070 aliquod
1648 5000 1921 5069 relinquat
1979 4999 2063 5053 in-

492 5094 799 5156 tervallum,
829 5101 881 5147 et
921 5094 985 5146 ad
1018 5092 1072 5147 id
1102 5092 1243 5162 quod
1288 5094 1543 5162 prtejacet
1588 5106 1781 5146 rursus
1832 5089 2063 5144 vivendo

492 5196 698 5257 pergat.
731 5183 838 5239 Sed
869 5184 1009 5239 sicut
1043 5191 1228 5237 nostra
1265 5182 1367 5238 fert
1427 5181 1800 5251 intelligentia,
1825 5196 1944 5249 qua:
1974 5194 2059 5234 se-

490 5276 731 5331 cundum
782 5274 1055 5345 prepriam
1093 5283 1332 5328 nostram
1367 5282 1617 5325 naturam
1667 5286 1755 5325 res
1792 5269 2052 5338 concipit,

485 5377 543 5423 et
573 5374 833 5421 aeternum
870 5367 1147 5435 prazterito
1176 5373 1230 5419 et
1260 5364 1445 5419 futuro
1474 5362 1755 5417 dimetitur
1781 5402 1794 5427 ,
1841 5364 2059 5431 quando

489 5472 667 5526 neque
696 5456 837 5525 quod
877 5472 907 5510 a
944 5467 1094 5529 tergo
1127 5466 1209 5513 est
1249 5456 1524 5511 intercidit
1548 5456 1827 5510 notionem
1882 5453 1935 5507 in
1970 5453 2057 5507 in-

490 5546 629 5598 finiti
694 5547 1114 5601 immensitatem
1179 5548 1634 5618 progredientem,
1688 5560 1862 5614 neque
1911 5544 2056 5615 quod

2094 4698 2136 4753 D

2275 708 2469 762 Σιωπῶ
2520 711 2581 763 τὸ
2626 709 2960 782 βλάσφημον,
3008 713 3089 765 ὅτι
3136 716 3425 766 κοινοποιεῖ
3469 714 3596 783 πρὸς
3640 721 3727 770 :iv

2187 801 2442 872 γεννητὸν
2475 801 2564 855 τὸν
2594 803 2869 873 Μονογενῆ
2896 803 3048 866 Θεὸν,
3091 808 3156 876 τῇ
3199 806 3558 876 περιληπτικῇ
3601 813 3727 880 φωνῇ

2186 892 2321 963 πρὸς
2363 892 2652 963 ὁμοτίμους
2686 895 2999 967 ὑπολήψεις,
3048 898 3211 950 παντὶ
3255 898 3332 968 τῷ
3370 898 3456 953 διὰ
3495 901 3730 967 γενέσεως

2188 985 2454 1052 ὑφεστῶτι
2501 986 2591 1038 τὸν
2636 985 2759 1039 Υίδν
2803 987 2897 1040 τοῦ
2947 988 3081 1041 Θεοῦ
3126 990 3398 1058 κατάγων.
3462 990 3612 1041 Ἀ)λά
3649 991 3729 1060 τὴν

2187 1078 2502 1147 ἀδιανόητον
2544 1077 2707 1131 αὐτοῦ
2740 1082 3071 1152 κακουργίαν
3098 1084 3207 1145 τοῖς
3237 1081 3612 1151 συνετωτέροις
3640 1081 3731 1133 τῶν

2187 1171 2467 1241 ἀκροατῶν
2514 1172 2806 1243 προσθήσω
2842 1172 2918 1243 τῷ
2958 1173 3120 1244 λόγῳ.
3176 1173 3339 1241 Παρὰ
3384 1172 3501 1226 τῶν
3530 1172 3732 1225 αἰώνων

2187 1262 2468 1329 προξενεῖ
2508 1264 2827 1329 Βασίλειος
2859 1266 3008 1319 κατὰ
3038 1265 3277 1318 πάντων
3314 1264 3432 1317 τῶν
3460 1264 3732 1333 γεννητῶν

2186 1352 2265 1417 τῷ
2296 1352 2416 1419 Θεῷ
2445 1354 2517 1407 τὰ
2558 1355 2861 1422 πρεσϐεῖα.
2899 1358 2994 1419 Τίς
3020 1358 3053 1426 ἡ
3086 1356 3398 1426 ἀδιανόητος
3436 1356 3570 1425 αῦτη
3598 1373 3730 1408 κενο-

2187 1445 2363 1512 φωνία
2384 1462 2396 1473 ·
2448 1446 2714 1516 Πρόξενος
2751 1446 2885 1501 Θεοῦ
2919 1447 3201 1519 ἄνθρωπος
3240 1449 3469 1517 γίνεται,
3502 1449 3590 1501 καὶ⁹
3619 1466 3729 1519 προ-

2188 1537 2327 1601 ξενεῖ
2348 1537 2433 1591 διὰ
2464 1539 2571 1591 τῶν
2598 1541 2807 1593 αἰώνων
2835 1540 2983 1610 αὐτῷ
3014 1542 3082 1595 τά
3114 1541 3411 1614 πρεσϐεἴα;
3465 1542 3558 1603 Τίς
3586 1541 3616 1610 ἡ
3646 1558 3731 1610 μα-

2185 1629 2309 1682 ταία
2336 1629 2443 1681 τῶν
2468 1630 2851 1684 ἀνυποστάτων
2875 1631 3076 1685 τούτων
3104 1633 3363 1703 ῥημάτων
3388 1630 3726 1701 κενεμϐατία;

2187 1722 2233 1773 εί
2270 1720 2331 1773 τὸ
2369 1720 2773 1789 ὑπερεκπῖπτον
2803 1723 2900 1793 τὴν
2944 1722 3367 1793 διαστηματικὴν
3404 1721 3514 1774 τῶν
3542 1722 3727 1775 αἰώνων

2186 1810 2514 1881 παράτασιν,
2566 1812 2650 1880 ἐφ’
2692 1812 2924 1883 ἑκάτερα
2965 1813 3063 1884 τῆς
3096 1813 3242 1877 θείας
3280 1812 3465 1877 οὐσίας
3498 1816 3729 1884 ἐμφαντι-

2187 1903 2302 1964 κοῖς
2330 1918 2470 1955 τισιν
2503 1902 2757 1972 ὀνόμασιν
2782 1904 2810 1956 6
2839 1903 3151 1969 διδάσκαλος
3178 1902 3328 1958 εἶπεν
3360 1904 3726 1976 σημαίνεσθαι·

2184 1993 2274 2044 ἐπὶ
2327 1992 2455 2057 τοῦ,
2504 1992 2687 2057 καθὼς
2730 1988 2881 2046 εἶπεν
2921 1995 2949 2047 6
2995 1994 3348 2059 ’Λπόστολος,
3400 1996 3538 2065 μήτε
3578 1995 3729 2066 ἀρχὴν

2182 2082 2422 2153 ἡμερῶν,
2457 2084 2589 2152 μήτε
2623 2082 2769 2153 ζωῆς
2792 2083 3001 2153 ἔχοντος
3027 2084 3208 2148 τέλος·
3239 2085 3312 2147 ὡς
3340 2084 3615 2155 διαφόροις
3634 2088 3729 2150 τοῖς

2184 2176 2388 2244 ῥήμασι
2412 2174 2474 2227 τὸ
2502 2172 2755 2245 διάφορον
2787 2174 3127 2245 σημανθῆναι
3152 2176 3250 2247 τῆς
3270 2174 3605 2246 ὑπολήψεως.
3637 2177 3731 2229 Καὶ

2179 2264 2267 2318 διὰ
2305 2265 2460 2320 τοῦτο
2508 2266 2566 2319 τὸ
2614 2267 2711 2337 μὲν
2742 2267 2921 2338 πάσης
2956 2268 3130 2339 ἀρχῆς
3161 2266 3466 2339 ἀνώτερον,
3521 2268 3731 2339 ἄναρχον

2179 2356 2428 2426 λέγεσθαι
2460 2358 2555 2411 καὶ
2588 2358 2879 2429 ἀγέννητον
2897 2374 2910 2387 ·
2941 2359 3001 2411 τὸ
3028 2359 3083 2411 δὲ
3108 2359 3291 2430 μηδενὶ
3320 2359 3464 2413 τέλει
3492 2376 3733 2430 περιγρα-

2180 2448 2413 2517 φόμενον
2461 2448 2726 2503 ἀθάνατον
2768 2450 3029 2521 ὀνομάσαι
3081 2450 3173 2502 καὶ
3219 2450 3493 2521 ἄφθαρτον
3517 2468 3531 2481 ·
3583 2450 3731 2503 ταῦτα

2180 2541 2447 2610 πορισμὸν
2492 2541 2587 2594 καὶ
2619 2541 2938 2613 προξένησιν
2967 2540 3061 2594 καὶ⁸
3097 2540 3167 2595 τά
3204 2540 3429 2595 τοιαῦτα
3466 2542 3731 2613 ληρὴματα

2178 2630 2274 2682 οὐκ
2302 2628 2611 2700 αἰσχύνεται
2631 2631 2883 2703 γράφων·
2912 2631 3045 2685 ἀλλά
3074 2634 3166 2685 καὶ
3194 2632 3593 2703 διχοτομείσθαι
3619 2634 3730 2702 παρ’

2179 2720 2333 2791 ἡμῶν
2369 2740 2499 2792 φησι
2542 2724 2667 2786 τοὺς
2712 2723 2950 2787 αἰῶνας,
3003 2723 3190 2793 ὥσπερ
3228 2724 3327 2776 οὐκ
3359 2724 3672 2792 ἀνεγνωκὼς
3702 2723 3732 2776 ἃ

2179 2813 2464 2883 παρέθετο·
2504 2813 2537 2883 ἤ
2582 2815 2657 2875 ὠς
2695 2815 2752 2867 ἐν
2787 2816 3109 2885 ἐπιλήσμοσι
3154 2815 3262 2868 τῶν
3297 2815 3629 2887 λεγομένων,
3658 2816 3731 2868 τὸν

2178 2902 2371 2955 ἑαυτοῦ
2400 2903 2557 2971 λόγον
2591 2905 2865 2969 διατιθείς.
2896 2906 2961 2958 Τί
2994 2923 3157 2977 φησιν
3180 2909 3207 2960 6
3237 2907 3581 2972 διδάσκαλος;
3623 2906 3730 2960 Ἐὰν

2176 2998 2244 3049 τά
2274 2997 2377 3068 πρὸ
2408 3000 2505 3069 τῆς
2535 3000 2761 3062 κτίσεως
2789 2999 3129 3069 ἐννοήσωμεν
3162 3000 3255 3052 καὶ
3285 3002 3412 3063 τοὺς
3445 3001 3641 3064 αἰῶνας
3667 2999 3731 3069 τῷ

2176 3088 2420 3160 λογισμῷ
2444 3090 2744 3155 διαϐάντες,
2777 3090 2836 3142 τὸ
2859 3089 3272 3161 ἁπερίγραπτον
3294 3092 3393 3162 τῆς
3419 3095 3585 3147 ἀϊδίου
3608 3093 3731 3161 ζωῆς

2176 3180 2540 3248 λογισώμεθα,
2566 3176 2630 3252 τῇ
2660 3180 2752 3233 τοῦ
2785 3181 3079 3253 ἀγεννήτου
3115 3184 3479 3255 προσηγορίᾳ,
3509 3186 3568 3237 τὸ
3588 3184 3732 3238 τοιοῦ-

2178 3288 2267 3323 τον
2298 3272 2725 3343 διασημαίνομεν
2773 3272 2953 3344 νόημα
2983 3291 2997 3305 ’
3047 3274 3147 3327 κᾶν
3195 3275 3275 3337 είς
3320 3274 3380 3328 τὸ
3427 3276 3619 3346 ἐφεξῆς
3647 3276 3731 3346 τὴν

2176 3361 2413 3413 διάνοιαν
2456 3362 2777 3433 τρέφωμεν,
2821 3366 2913 3417 καὶ
2956 3366 3344 3437 περισσοτέραν
3380 3366 3491 3420 τῶν
3536 3366 3732 3420 αἰώνων

2174 3453 2271 3523 τὴν
2306 3452 2449 3524 ζωὴν
2479 3453 2570 3506 τοῦ
2597 3453 2731 3507 Θεοῦ
2758 3456 3171 3529 καταλάϐωμεν,
3218 3458 3304 3512 διὰ
3340 3459 3435 3530 τῆς,
3462 3458 3733 3529 ἀτελευτή-

2174 3561 2268 3596 του
2297 3546 2390 3597 καὶ
2423 3544 2701 3616 ἀφθάρτου
2736 3548 2917 3618 φωνῆς
2958 3549 3057 3619 τὴν
3094 3549 3330 3605 διάνοιαν
3369 3552 3573 3621 ταύτην
3601 3552 3730 3622 διερ-

2178 3635 2504 3705 μηνεύομεν.
2555 3635 2664 3689 Ποῦ
2699 3636 2881 3706 τέμνει
2931 3640 3055 3703 τοὺς
3088 3638 3289 3704 αἰῶνας
3334 3641 3391 3694 ἐν
3438 3642 3553 3705 τοῖς
3594 3642 3732 3710 εἰρη-

2177 3724 2356 3791 μένοις
2375 3726 2402 3776 ό
2429 3724 2603 3793 λόγος.
2630 3727 2677 3780 εί
2700 3726 2797 3797 τὴν
2824 3727 3097 3800 ἀϊδιότητα
3119 3729 3210 3783 τοῦ
3242 3730 3376 3784 Θεοῦ
3404 3731 3546 3785 κατά
3566 3734 3730 3786 πᾶσαν

2174 3814 2427 3887 ἐπιϐολὴν
2484 3817 2677 3889 ἐπίσης
2728 3820 3208 3891 προφαινομένην,
3266 3822 3359 3876 καὶ
3411 3824 3731 3895 πανταχόθεν

2171 3905 2439 3971 ὡσαύτως
2486 3908 2735 3978 ἔχουσαν,
2784 3911 2878 3964 καὶ
2914 3912 3100 3981 μηδενὶ
3150 3914 3477 3985 διαστήματι
3520 3934 3728 3987 μετρου-

2175 3997 2361 4067 μένην,
2408 4002 2521 4063 τοῖς
2570 4001 2711 4054 κατὰ
2742 4001 2969 4072 δύναμιν
3015 4003 3409 4077 ἐξαγγέλλομεν
3445 4008 3649 4078 ῥήμασί
3676 4024 3727 4060 τε

2170 4088 2265 4141 καὶ
2308 4089 2598 4160 ὀνόμασιν;
2643 4093 2859 4165 Ἐπειδὴ
2903 4094 3012 4165 γὰρ
3062 4097 3095 4166 ὴ
3129 4096 3442 4171 ἀνθρωπίνη
3479 4099 3591 4169 ζωὴ
3623 4100 3727 4153 διας

2172 4182 2518 4251 στηματικῶς
2552 4184 2863 4256 κινουμένη,
2893 4186 3001 4240 ἀπό
3033 4205 3176 4252 τινος
3207 4190 3379 4261 ἀρχῆς
3412 4192 3491 4254 εἷς
3522 4210 3573 4245 τι
3594 4191 3727 4253 τέλος

2170 4271 2433 4342 προϊοῦσα
2462 4272 2699 4340 διέξεισι,
2730 4277 2823 4329 καὶ
2852 4278 3173 4350 μεμέρισται
3217 4282 3352 4352 πρὸς
3392 4282 3451 4335 τὸ
3482 4301 3727 4353 παρῳχη-

2169 4364 2263 4427 κός
2311 4383 2368 4419 τε
2419 4366 2511 4419 καὶ
2544 4368 2989 4439 προσδοκώμενον
3023 4371 3051 4422 6
3097 4371 3221 4441 τῇδε
3261 4371 3395 4441 βίος,
3430 4373 3506 4436 ὡς
3538 4374 3598 4426 τὸ
3641 4375 3728 4444 μὲν

2168 4455 2499 4521 ἐλπίζεσθαι,
2547 4458 2608 4510 τὸ
2644 4458 2701 4511 δὲ
2753 4461 3217 4531 μνημονεύεσθαιο
3265 4462 3453 4516 τούτου
3484 4465 3727 4535 χάρινὼς

2168 4544 2303 4613 πρὸς
2330 4544 2428 4615 τὴν
2458 4545 2728 4617 ἡμετέραν
2782 4549 2962 4619 σχέσιν
3008 4549 3068 4602 τό
3096 4566 3155 4602 τε
3200 4554 3529 4623 παρῳχηκδς
3562 4555 3727 4608 καὶτὸ

2167 4634 2629 4706 προσδοκώμενον,
2661 4639 2759 4709 τῆς
2792 4639 3221 4713 διαστηματικῆς
3261 4646 3617 4714 παρατάσεως
3647 4649 3724 4700 ἐν·

2166 4727 2407 4791 νοοῦντες
2427 4746 2439 4760 ο
2470 4729 2640 4793 οὕτως
2665 4731 2757 4783 καὶ
2788 4731 2878 4783 ἐπὶ
2898 4732 2996 4802 τῆς
3016 4735 3412 4806 ὑπερκειμένης
3440 4737 3649 4806 φύσεως
3670 4742 3725 4791 ἐκ

2161 4823 2547 4890 καταχρήσεως
2572 4821 2820 4893 λέγομεν,
2843 4824 2941 4893 οὐχ
2975 4825 3049 4887 ὡς
3082 4826 3171 4878 τοῦ
3204 4827 3335 4879 Θεοῦ
3364 4828 3452 4881 διά
3479 4830 3579 4899 τῆς
3604 4830 3724 4892 ἰδίας

2161 4910 2304 4980 ζωῆς
2330 4913 2555 4966 κατόπιν
2584 4914 2773 4967 ἐαυτοῦ
2804 4932 2853 4969 τι
2896 4917 3284 4982 καταλιπόντος
3318 4919 3611 4991 διάστημα,
3644 4924 3725 4974 καὶ

2162 5001 2296 5070 πρὸς
2350 5002 2410 5054 τὸ
2454 5004 2808 5074 προκείμενον
2854 5005 3013 5058 πάλιν
3046 5008 3103 5059 ἐν
3133 5007 3209 5078 τῷ
3257 5007 3356 5079 ζῇν
3385 5010 3718 5073 διοδεύονιτος,

2161 5092 2274 5144 ἀλλ’
2304 5093 2379 5156 ὡς
2417 5096 2514 5165 τῆς
2559 5096 2830 5167 ἡμετέρας
2871 5100 3270 5168 κατανοήσεως,
3304 5102 3440 5172 πρὸς
3468 5103 3567 5172 την
3599 5102 3721 5155 ἰδίαν

2162 5179 2317 5250 ἡμῶν
2343 5181 2500 5249 φύσιν
2528 5185 2881 5256 περινοούσης
2906 5185 2972 5238 τά
3002 5188 3319 5257 πράγματα,
3355 5191 3450 5244 καὶ
3476 5192 3535 5244 τὸ
3565 5192 3722 5243 ἀΐδιον

2165 5275 2224 5325 ἐν
2257 5271 2334 5343 τῷ
2368 5276 2721 5347 παρῳχηκότι
2750 5278 2842 5329 καὶ
2879 5277 3121 5347 μέλλοντι
3165 5280 3577 5352 διαμετρούσης,
3607 5284 3721 5335 ὄται

2164 5365 2303 5435 μήτε
2335 5364 2398 5418 τὸ
2422 5366 2647 5419 κατόπιν
2670 5369 2974 5439 περικόπτῃ
3001 5368 3292 5439 προϊοῦσαν
3319 5373 3400 5435 εἰς
3422 5372 3481 5425 τὸ
3508 5374 3720 5442 ἄπειρον

2160 5456 2254 5509 τοῦ
2288 5458 2539 5529 ἀορίστου
2569 5460 2664 5531 τὴν
2696 5460 2923 5528 ἔννοιαν,
2958 5464 3093 5534 μήτε
3118 5463 3176 5516 τὸ
3203 5463 3506 5534 ἔμπροσθεν
3533 5465 3718 5518 σύστα-

2162 5548 2244 5599 σίν
2276 5566 2393 5601 τινα
2437 5550 2530 5603 καὶ
2575 5551 2696 5621 ὅρον
2732 5551 2831 5619 τῆς
2872 5552 3099 5623 ἀπείρου
3130 5551 3273 5624 ζωῆς
3309 5554 3716 5625 ἐπαγγέλληται.

489 5645 724 5691 anteest
756 5638 1043 5692 stationem
1084 5640 1321 5711 aliquam
1386 5650 1437 5693 et
1494 5639 1780 5693 terminum
1837 5638 2059 5693 infinita:

2175 5640 2217 5692 Ξί
2250 5638 2420 5694 ταῦτα
2448 5643 2540 5695 καὶ
2565 5642 2789 5698 νοοῦαεν
2823 5644 2917 5700 καὶ
2947 5644 3196 5716 λέγομεν,
3246 5648 3360 5712 πῶς
3397 5649 3521 5719 ἡμῖν
3554 5648 3587 5717 ή
3620 5645 3716 5699 τῶν

559 5794 605 5827 ⁸⁸³
642 5798 777 5852 ileb.
817 5814 865 5853 ν.
896 5796 947 5853 '1.
