4006 6488
323 325 463 381 1065

1451 327 1725 382 CONTRA
1761 329 2145 397 EUNOMIUM,
2184 331 2311 389 LIB.
2344 332 2457 387 XII.

3410 335 3547 392 1066

317 435 528 490 αἰώνων
578 435 977 506 ἐπιθρυλλεῖται
1018 437 1191 507 τομής
1235 436 1295 489 Εἰ
1347 436 1422 507 μὴ
1455 440 1549 491 καὶ
1586 440 1684 509 τὴν
1724 442 1873 506 ἀγίαι

1990 444 2110 499 vita:
2150 444 2455 499 denuntiat.
2512 446 2566 499 Si
2620 445 2729 500 lucc
2784 453 2839 499 et
2889 454 3068 500 mente
3119 447 3456 515 concipimus
3492 457 3547 503 et

317 526 540 598 Γραφὴν
564 527 861 597 διχοτομεῖν
888 529 1009 591 τοὺς
1038 529 1239 592 αἰῶνας
1264 530 1292 581 ὁ
1327 530 1587 600 Εὑνὸμιος
1617 531 1782 599 λέγοι,
1817 536 1881 603 τῇ

315 620 452 690 αὐτῇ
476 619 682 689 διανοίᾳ
705 620 804 689 τῆς
834 620 980 681 θείας
1012 620 1154 689 ζωῆς
1185 621 1282 690 τὴν
1316 622 1568 692 ἀπειρίαν
1598 623 1884 693 διασημαί-

315 727 511 763 νουσαν
528 753 541 775 ,
564 710 657 763 τοῦ
683 711 778 780 μὲν
800 711 962 764 Δαεὶδ
989 713 1087 780 τὴν
1118 712 1223 781 πρὸ
1247 712 1352 764 τῶν
1380 712 1587 766 αἰώνων
1613 714 1881 782 βασιλείαν

314 803 745 872 ὑπομνήσαντος,
779 802 869 855 τοῦ
917 803 971 855 δὲ
995 805 1269 867 Μωῦσέως
1291 806 1388 873 τὴν
1429 806 1569 877 ὑπὲρ
1599 807 1723 869 τοῦς
1754 808 1883 859 αἰῶ-

312 911 411 956 νας
461 894 839 964 ἐκτεινομένην
890 894 982 947 τοῦ
1014 895 1146 947 Θεοῦ
1182 896 1453 965 βασιλείαν
1480 897 1766 960 δείξαντος,
1808 900 1884 963 ὼς

311 986 371 1050 ἑξ
400 984 724 1054 ἀμφοτέρων
759 986 904 1055 ἡμᾶς
948 984 1256 1054 διδαχθῆναι
1290 986 1370 1038 ὅτι
1398 973 1505 1039 πᾶν
1534 986 1885 1056 διαστηματι-

310 1077 406 1129 κὸν
439 1076 707 1146 διανόημα
752 1076 900 1137 ἐντὸς
927 1077 1023 1146 τῆς
1062 1075 1210 1139 θείας
1238 1076 1450 1144 φύσεως
1478 1077 1879 1148 περιείληπται,

308 1169 374 1234 τῇ
410 1165 635 1235 ἀπειρίᾳ
678 1165 770 1218 τοῦ
817 1168 923 1219 πᾶν
977 1166 1317 1236 περιέχοντος
1361 1166 1734 1235 ἁπανταχόθεν
1786 1170 1882 1237 ἑμ-

311 1257 747 1328 περατούμενον;
796 1257 853 1310 '0
886 1258 981 1326 μὲν
1011 1256 1119 1327 γὰρ
1141 1256 1380 1326 Μωῦής
1407 1258 1488 1320 εἰς
1515 1258 1575 1310 τὸ
1609 1257 1736 1328 ἑξῆς
1763 1259 1881 1329 βλέ-

310 1365 447 1413 πων,
482 1347 780 1417 βασιλεύειν
807 1348 968 1400 αὐτόν
1002 1366 1131 1418 φησι
1158 1349 1250 1401 τὸν
1281 1349 1451 1403 αίῶνα
1480 1352 1573 1404 καὶ
1606 1353 1692 1403 ἐπ’
1712 1354 1880 1407 αἰῶνα

310 1442 401 1492 καὶ
426 1440 526 1493 ἔτι.
579 1441 634 1492 'U
675 1440 731 1492 δὲ
764 1438 934 1510 μέγας
960 1441 1121 1493 Δασιδ
1152 1441 1287 1511 πρὸς
1316 1440 1378 1494 τὸ
1404 1443 1630 1496 κατόπιν
1658 1445 1878 1513 ἀγαγὼν

308 1530 408 1601 τὴν
456 1529 715 1592 διάνοιαν,
764 1525 944 1582 εἶπενο
1009 1530 1061 1582 '0
1094 1530 1161 1583 δὲ
1194 1531 1339 1597 Θεὸς
1377 1532 1675 1599 βασιλεὺς
1712 1534 1879 1601 ’ἡμῶν

309 1619 659 1687 προαιώνιος
684 1636 698 1650 ο
758 1621 851 1671 καὶ
898 1617 1093 1671 πάλινο
1135 1620 1567 1674 Εἰσακούσεται
1605 1625 1638 1675 ό
1674 1626 1815 1689 Θεῧς
1845 1627 1879 1678 ὁ

308 1711 593 1779 ὑπάρχων
619 1710 732 1778 πρὸ
760 1709 876 1763 τῶν
899 1710 1143 1764 αἰώνων.
1197 1711 1331 1764 Ἀλλ’
1357 1714 1385 1765 6
1419 1714 1578 1782 σοφὸς
1621 1717 1877 1785 Εύνὸμιος

1990 533 2246 598 dicimus,
2288 537 2558 602 quomodo
2609 536 2766 590 nobis
2801 536 3167 605 pervulgatam
3205 537 3401 591 asserit
3447 554 3549 593 Ste-

1988 624 2231 677 culorum
2262 625 2691 680 dissectionern?
2718 625 2821 679 nisi
2848 627 3009 680 etiam
3042 641 3255 679 sacram
3300 627 3549 698 Scriptu-

1988 730 2101 768 ram
2132 718 2331 771 saecula
2380 716 2620 772 dividere
2653 716 2952 771 Enuomius
3001 718 3162 780 dicat,
3198 734 3318 788 qua
3358 720 3546 774 eadem

1984 806 2338 875 intelligentia
2362 808 2561 862 divina:
2593 808 2718 862 vitae
2747 808 3066 861 inﬁnitatem
3099 810 3389 879 signiﬁcat,
3417 824 3545 863 curn

1984 896 2151 952 David
2206 916 2431 969 regnum
2462 908 2587 954 ante
2617 900 2816 955 sarcula
2873 901 3022 970 quod
3061 900 3163 954 fuit
3219 916 3547 956 commemo-

1982 994 2214 1054 raverit,
2244 1000 2298 1045 et
2328 991 2506 1046 Moses
2549 1008 2709 1062 super
2747 994 2943 1048 saecula
2974 992 3065 1047 Dei
3098 1009 3323 1063 regnum
3357 1008 3545 1049 osten-

1980 1082 2032 1135 di
2057 1083 2462 1148 demonstrarit,
2490 1086 2562 1139 ita
2588 1096 2647 1138 ut
2688 1101 2757 1144 ex
2795 1086 3059 1139 ambobus
3102 1102 3202 1140 nos
3225 1089 3396 1141 simus
3422 1089 3546 1142 edo-

1980 1173 2053 1225 cti
2080 1174 2227 1243 quod
2254 1188 2415 1229 omne
2445 1174 2590 1244 quod
2646 1176 2948 1230 intervallis
3002 1175 3320 1230 distinctum
3364 1178 3546 1232 animo

1979 1266 2308 1335 concipitur,
2348 1267 2490 1319 intra
2531 1267 2767 1320 divinam
2813 1277 3060 1321 naturam
3091 1268 3545 1337 comprehensum

1977 1363 2062 1409 est
2093 1355 2359 1410 inﬁnitate
2388 1357 2505 1425 ejus
2532 1356 2625 1425 qui
2659 1357 2972 1412 universum
3002 1358 3264 1419 continet,
3302 1360 3449 1411 omni
3477 1373 3545 1412 ex

1976 1456 2129 1515 parte
2153 1448 2534 1501 terminatum?
2568 1447 2744 1503 Moses
2773 1449 2916 1502 enim
2950 1449 3003 1503 in
3039 1449 3091 1502 id
3120 1449 3266 1519 quod
3289 1450 3547 1519 deinceps

1978 1539 2480 1607 sequiturintuens,
2507 1540 2683 1609 ipsum
2718 1555 2945 1611 regnare
2965 1542 3092 1595 dicit
3115 1543 3369 1596 sarculum
3402 1550 3456 1597 et
3491 1543 3547 1596 iu

1983 1628 2264 1691 sazcnlum,
2295 1636 2349 1682 et
2379 1629 2537 1681 ultra.
2572 1628 2799 1697 Magnus
2831 1638 3011 1683 autem
3040 1629 3205 1684 David
3221 1632 3287 1685 ad
3322 1631 3376 1685 id
3400 1631 3547 1701 quod

1981 1727 2126 1771 retro
2148 1726 2234 1772 est
2261 1719 2591 1787 cogitatione
2614 1720 2869 1785 adducta,
2894 1721 3053 1783 dixit,
3098 1720 3235 1774 Deus
3256 1736 3349 1773 rea:
3371 1732 3548 1775 noster

309 1801 583 1873 ἐρρῶσθαι
609 1802 823 1871 φράσας
851 1804 961 1865 τοῖς
982 1802 1316 1872 τηλικούτοις
1338 1805 1691 1876 καθηγηταῖς,
1714 1809 1873 1878 ἄλλην

1975 1822 2100 1865 ante
2123 1814 2318 1866 swcula
2345 1813 2412 1878 ‘7;
2443 1822 2496 1869 et
2524 1829 2753 1868 rursus:
2783 1814 2980 1867 Audiet
3011 1814 3148 1867 Deus
3178 1815 3267 1883 qui
3303 1822 3380 1867 est
3427 1822 3549 1867 ante

309 1896 472 1964 φησὶν
502 1896 646 1964 ἡμᾶς
673 1893 848 1963 λέγειν
876 1894 973 1966 τὴν
1016 1896 1247 1966 ἄναρχον
1275 1897 1438 1968 ζωὴν,
1470 1900 1660 1969 ἑτέραν
1690 1900 1757 1953 δὲο
1778 1900 1876 1973 τὴν

1980 1904 2175 1958 saecula
2204 1905 2269 1956 ⁸⁸.
2300 1904 2407 1960 Sed
2453 1906 2673 1975 sapiens
2706 1905 3009 1961 Eunomius
3043 1907 3208 1961 tantis
3266 1896 3546 1976 magistris

307 1984 658 2056 ἀτελεύτητον
681 2001 695 2014 ·
752 1986 914 2039 πάλιν
965 1986 1056 2039 καὶ
1099 1988 1308 2040 αἰώνων
1351 1988 1511 2041 τινῶν
1559 1992 1873 2062 ἑτερότητας

1978 1996 2159 2050 valere
2184 1996 2394 2059 dicens,
2425 1996 2591 2049 aliam
2636 1997 2712 2050 ait
2742 2012 2844 2051 nos
2895 2013 3140 2051 asserere
3188 1997 3357 2051 vitam
3400 1998 3547 2067 prin-

309 2079 402 2131 καὶ
444 2078 724 2149 διαφορὰς,
761 2076 1236 2148 συνδιασχιζούσας
1263 2082 1327 2150 τῇ
1361 2081 1634 2151 ἑτερότητι
1669 2084 1874 2137 ἑαυτῶν

307 2172 402 2224 καὶ
446 2169 543 2239 τὴν
587 2171 714 2240 περὶ
758 2168 889 2223 Θεοῦ
921 2170 1235 2238 φαντασίαν.
1288 2172 1427 2224 Ἀλλ’
1458 2172 1533 2236 ὠς
1565 2174 1631 2227 ἂν
1676 2173 1749 2245 μὴ
1787 2174 1873 2228 διὰ

311 2261 519 2333 μακροῦ
543 2261 753 2330 γένοιτο
779 2265 911 2333 ἡμῖν
937 2267 970 2335 ἡ
1000 2265 1135 2336 πρὸς
1179 2264 1247 2318 τά
1274 2254 1539 2335 εἰρημένα
1569 2267 1735 2337 μάχη,
1779 2270 1874 2321 αύ-

304 2353 402 2423 τὴν
434 2352 816 2422 προσθήσομεν
861 2354 1217 2408 ἀϐασάνιστον
1266 2355 1359 2407 καὶ
1402 2352 1747 2420 ἀνεξέταστον
1772 2356 1872 2425 τήν

306 2444 364 2495 ἐν
390 2444 598 2505 τούτοις
618 2443 711 2496 τοῦ
740 2444 1002 2515 Εὐνομίου
1034 2443 1364 2512 φιλοπονίαν,
1397 2441 1585 2514 ἱκανὴν
1613 2440 1775 2498 οὖσαν
1805 2445 1871 2497 δι’

305 2531 381 2590 ῶν
410 2536 696 2600 σπουδάζει
744 2538 871 2606 περὶ
919 2537 978 2589 τὸ
1009 2536 1203 2606 ψεῦδος
1252 2534 1607 2607 ἐκδηλοτέραν
1654 2540 1872 2609 ποιῆσαι

311 2634 421 2693 τοῖς
456 2632 692 2692 συνετῶς
720 2628 817 2700 τὴν
843 2628 1114 2698 ἀλήθειαν.

1978 2087 2125 2156 cipio
2160 2096 2458 2152 carentem,
2489 2087 2650 2140 aliam
2680 2104 2809 2142 vero
2857 2089 2961 2142 ﬁne
2998 2098 3296 2143 carentem.
3334 2087 3546 2143 Rursus

1977 2184 2033 2231 et
2064 2175 2389 2229 saeculorum
2430 2175 2799 2243 quorumdam
2840 2178 3159 2241 varietates,
3204 2188 3258 2231 et
3297 2177 3549 2232 ἀίσσει-οη-

1977 2266 2084 2320 tias
2107 2282 2227 2334 quae
2264 2281 2364 2320 sua
2386 2266 2707 2321 diversitate
2757 2267 2923 2321 simul
2946 2268 3110 2322 etiam
3143 2266 3212 2322 de
3251 2267 3361 2322 Deo
3408 2268 3545 2322 ima-

1977 2356 2307 2426 ginationem
2333 2356 2670 2411 discindunt.
2717 2359 2824 2413 Sed
2853 2375 2922 2413 ne
2968 2360 3185 2429 longius
3217 2368 3401 2413 nostra
3450 2360 3548 2412 ad-

1977 2464 2170 2503 versus
2202 2448 2347 2502 dicta
2378 2450 2730 2518 protrahatur
2776 2466 2982 2521 pugna,
3016 2451 3191 2521 ipsam
3223 2451 3546 2521 adjiciernus

1978 2540 2217 2594 nondum
2271 2542 2621 2613 exagitatam,
2682 2558 2858 2611 neque
2923 2545 3284 2597 examinatani
3330 2545 3401 2599 in
3459 2544 3547 2601 his

1978 2629 2232 2686 Eunomii
2273 2633 2635 2700 industriam,
2680 2650 2801 2705 qure
2835 2635 2990 2717 satis
3023 2643 3110 2690 est
3155 2635 3389 2701 idonea,
3447 2652 3547 2707 per

304 2741 426 2796 quae
455 2725 699 2779 studiose
733 2731 1034 2793 occupatur
1067 2724 1122 2776 in
1175 2723 1481 2787 mendacio,
1524 2722 1590 2775 ad
1639 2722 1990 2780 illustriorem
2021 2725 2450 2798 intelligentibus
2481 2728 2787 2783 faciendam
2826 2731 3129 2783 veritatem.

386 2820 593 2890 Ἑρωτᾷ
623 2818 730 2889 γὰρ
755 2819 900 2888 ἡμᾶς
949 2818 1150 2887 προῖὼν
1180 2818 1255 2888 τῷ
1293 2818 1433 2887 λόγῳ
1456 2860 1469 2883 ,
1506 2819 1557 2870 τί
1587 2835 1715 2870 ποτε
1750 2818 1874 2879 τοὺς

305 2910 503 2973 αἰῶνας
548 2909 791 2980 οἰόμεθα.
858 2909 965 2963 Καί
1018 2926 1098 2961 τοι
1146 2926 1208 2977 γε
1250 2909 1581 2979 δικαιότερον
1632 2904 1700 2979 ἦν
1744 2910 1875 2978 παρ’

304 2998 461 3070 ἡμῶν
499 2999 646 3069 αὐτῷ
682 3000 749 3052 τά
784 2996 1006 3051 τοιαῦτα
1047 2996 1420 3069 προτείνεσθαι
1453 2996 1559 3049 τῶν
1592 2996 1879 3067 ἐρωτημάο

304 3109 431 3146 των.
480 3091 652 3152 Αὐτὸς
697 3090 806 3160 γάρ
835 3091 980 3142 ἐστιν
1020 3091 1049 3140 ὁ
1094 3089 1188 3141 τοῦ
1221 3088 1354 3142 Θεοῦ
1399 3089 1498 3159 τὴν
1547 3088 1733 3143 οὐσίαν
1782 3090 1878 3139 ἑπ-

304 3183 604 3253 εγνωκέναι
637 3181 831 3249 λέγων,
859 3184 888 3235 6
919 3182 987 3234 τὰ
1010 3183 1141 3251 ἡμῖν
1166 3180 1431 3275 ἀνέφικτα
1453 3179 1777 3275 λκαταληπτὰ
1803 3182 1868 3250 τῇ
1901 3214 1947 3275 c

306 3277 414 3346 ἰδίᾳ.
455 3276 667 3328 συνέσει
697 3271 1079 3343 διοριζόμενος.
1116 3271 1322 3325 Οὐκοῦν
1348 3272 1508 3335 αὐτὸς
1536 3274 1668 3341 ἡμῖν
1697 3288 1875 3339 φυσιο-

301 3365 527 3435 λογείτω
547 3366 646 3436 τὴν
672 3364 780 3416 τῶν
809 3362 1018 3416 αἰώνων
1045 3362 1250 3425 οὐσίαν,
1277 3365 1306 3415 ὁ
1327 3362 1395 3416 τά
1426 3361 1680 3415 ἐπέκεινα
1703 3379 1875 3414 κατει·

300 3458 529 3527 ληφέναι
574 3453 892 3524 κομπάζων.
930 3454 1040 3505 Καὶ
1077 3452 1138 3506 τὸ
1160 3452 1550 3523 ἀμφίκρημνον
1595 3453 1753 3505 τοῦτο
1784 3452 1875 3505 καὶ

300 3551 639 3622 διλήμματον
671 3549 769 3617 τῆς
796 3546 1158 3617 ἀποκρίσεως,
1203 3545 1277 3616 μὴ
1309 3546 1428 3599 λίαν
1470 3545 1713 3615 φοϐερῶς
1753 3547 1873 3597 ἑπι-

302 3643 494 3695 σειέτω
536 3642 647 3702 τοῖς
679 3638 912 3701 ἰδιώταις
947 3639 1094 3706 ἡμῖν,
1140 3637 1235 3700 ὡς,
1280 3639 1328 3688 εἰ
1373 3636 1491 3689 τόδε
1518 3638 1643 3700 τοὺς
1669 3636 1874 3700 αἰῶνας

301 3729 438 3786 εἶναι
469 3732 810 3802 νομίσαιμεν,
854 3731 1014 3800 τῆσδε
1073 3730 1169 3799 τῆς
1197 3729 1424 3791 ἀτοπίας
1450 3729 1869 3799 ὑπαπαντώσης,

299 3826 395 3877 καὶ
427 3825 474 3876 εἰ
501 3824 562 3877 τὸ
593 3824 797 3891 ἕτερον,
830 3822 927 3890 τῆς
964 3820 1174 3892 ἑτέρας.
1225 3822 1292 3872 El
1326 3818 1445 3889 μὲν
1480 3819 1587 3887 γὰρ
1619 3819 1869 3885 ἀϊδίους,

303 3917 455 3986 φησὶ,
491 3915 740 3983 λέγοιτε,
779 3914 1083 3979 Ἕλληνες
1110 3912 1328 3965 ἔσεσθε
1364 3910 1461 3963 καὶ
1487 3910 1871 3965 οὺαλεντῖνοι

299 4008 400 4061 καὶ
438 4006 766 4074 βάρϐαροι·
815 4006 869 4057 εἰ
910 4002 979 4056 δὲ
1016 4002 1359 4072 γεννητοὺς,
1410 4001 1639 4067 οὐκέτι,
1685 4005 1868 4073 φησὶν,

300 4097 703 4168 ὁμολογήσετε
738 4094 817 4159 τῷ
858 4091 979 4159 Θεῷ
1007 4093 1070 4145 τὸ
1104 4092 1449 4161 ἀγέννητον.
1497 4094 1560 4145 Ὢ
1586 4094 1684 4162 τῆς
1722 4096 1869 4164 ἀμά-

300 4208 395 4259 χου
422 4189 623 4259 ταύτης
659 4189 749 4241 καὶ
777 4184 1239 4252 ἀνανταγωνίστου
1282 4185 1705 4256 ἐπιχειρήσεωςί
1746 4187 1869 4240 Ἐάν

298 4300 352 4335 τι
378 4280 630 4351 γεννητὸν
663 4279 990 4350 ὁμολογηθῇ,
1019 4274 1064 4333 ὦ
1104 4278 1354 4348 Εύνόμιε,
1388 4281 1421 4347 ἡ
1450 4277 1543 4331 τοῦ
1576 4279 1868 4349 ἀγεννήτου

297 4374 561 4444 ὁμολογία
587 4374 1078 4444 περιγραφήσεται.
1108 4372 1216 4424 Καὶ
1250 4370 1351 4423 ποῦ
1382 4388 1463 4424 σοι
1486 4371 1870 4441 διερρυήκασιν

299 4467 355 4519 αἰ
400 4465 495 4518 τοῦ
526 4464 783 4534 γεννητοῦ
828 4464 961 4535 πρὸς
1008 4463 1069 4516 τὸ
1103 4463 1395 4532 ἀγέννητον
1423 4463 1773 4533 τεχνολογίαι,
1800 4464 1866 4517 δι’

2045 2821 2156 2875 Nos
2188 2824 2332 2877 enim
2364 2824 2723 2893 progrediens
2756 2840 3009 2881 sermone
3036 2826 3369 2896 interrogat,
3389 2827 3547 2896 quid-

1974 2927 2096 2966 nam
2122 2917 2339 2969 tandem
2365 2916 2563 2970 saecula
2590 2924 2865 2986 putamus.
2914 2919 3076 2987 Atqui
3105 2930 3221 2973 erat
3266 2920 3465 2987 jnstius
3510 2935 3542 2975 a

1974 3004 2131 3058 nobis
2162 3004 2264 3073 ipsi
2304 3006 2443 3060 tales
2495 3008 2826 3075 quaestiones
2893 3008 3141 3077 proponi.
3216 3007 3337 3078 Ipse
3378 3011 3542 3065 etiam

1973 3103 2059 3148 est
2114 3095 2207 3164 qui
2250 3093 2345 3150 Dei
2382 3097 2679 3151 essentiam
2728 3112 2788 3152 se
2851 3100 3177 3165 cognovisse
3238 3099 3541 3169 proﬁtetur,

1975 3186 2177 3255 quique
2209 3201 2271 3240 ea
2302 3202 2422 3255 quae
2451 3187 2610 3242 nobis
2639 3190 2907 3257 attingere
2936 3205 3041 3241 non
3070 3190 3217 3251 licet,
3262 3191 3544 3246 intellectu

1976 3290 2078 3329 suo
2137 3277 2525 3344 comprehendi
2581 3277 2926 3331 determinat.
2992 3275 3160 3348 Igitur
3209 3280 3326 3349 ipse
3388 3282 3543 3336 nobis

1974 3365 2245 3420 cdisserat
2292 3368 2619 3422 smculorum
2684 3370 3002 3430 essentiam,
3034 3369 3129 3439 qui
3180 3370 3269 3424 illa
3308 3386 3543 3441 superna

1982 3471 2041 3510 se
2084 3457 2568 3525 comprehendisse
2618 3458 2851 3527 jaetitat.
2902 3462 3079 3530 Atque
3128 3461 3231 3515 hoc
3290 3465 3544 3531 utrinque

1974 3562 2215 3617 prmceps
2248 3556 2302 3602 et
2344 3548 2771 3605 dilemmaticum
2802 3551 3178 3620 responsionis
3210 3553 3264 3605 in
3302 3567 3403 3607 nos
3437 3553 3542 3606 im-

1974 3639 2201 3707 peritos,
2251 3655 2319 3692 ne
2378 3640 2542 3695 nimis
2581 3642 2897 3697 terribiliter
2955 3646 3185 3713 quatiat,
3220 3652 3280 3698 ut
3330 3646 3378 3699 si
3440 3645 3544 3699 hoc

1972 3731 2173 3784 saecula
2218 3746 2343 3785 esse
2397 3733 2752 3797 arbitremur,
2815 3736 2931 3788 haec
2977 3735 3290 3790 absurditas
3346 3736 3543 3791 suboc-

1972 3828 2182 3883 eurrat,
2252 3829 2308 3874 et
2384 3822 2430 3875 si
2482 3822 2586 3876 hoc
2664 3826 2918 3888 alterum,
2987 3826 3176 3879 altera.
3256 3828 3318 3880 Si
3378 3831 3538 3887 enim,

1972 3909 2169 3977 inquit,
2218 3914 2534 3978 sempiterna
2572 3913 2799 3978 dicatis,
2836 3914 3008 3968 (ἕνατί
3050 3917 3195 3970 eritis
3246 3926 3295 3969 et
3346 3916 3534 3969 Valen-

1974 4003 2071 4055 tini
2132 4012 2182 4056 et
2261 4005 2497 4057 barbari.
2564 4005 2718 4070 Quod
2768 4008 2814 4059 si
2880 4008 3075 4076 genita,
3132 4025 3233 4061 non
3290 4010 3538 4076 amplius,

1972 4092 2167 4161 inquit,
2214 4094 2595 4161 conﬁtebimini
2629 4096 2683 4148 in
2718 4095 2832 4149 Deo
2870 4098 3008 4164 quod
3039 4108 3119 4151 cst
3165 4100 3467 4169 ingenitum.
3493 4098 3539 4155 0

1972 4183 2444 4255 inexpugnabilem
2482 4194 2537 4242 et
2561 4188 2963 4244 ineluctabilem
2987 4192 3431 4259 aggressionem!
3480 4190 3540 4246 Si

1968 4277 2100 4346 quid
2138 4278 2402 4347 genitum,
2447 4293 2481 4332 ο
2512 4277 2762 4346 Eunomi,
2803 4294 3123 4335 concessum
3155 4280 3339 4345 fuerit,
3385 4298 3539 4352 lnge-

1970 4366 2069 4421 niti
2095 4366 2371 4423 confessio
2396 4369 2719 4424 abolebitur.
2786 4369 2849 4423 Et
2881 4386 2991 4440 quo
3052 4372 3147 4427 tibi
3203 4371 3537 4428 eﬁluxerunt

1967 4460 2134 4531 geniti
2160 4474 2286 4513 cum
2324 4460 2566 4530 ingenito
2590 4468 2743 4515 tanto
2778 4462 3010 4515 artiﬁcio
3038 4463 3411 4531 pronuntiata,
3439 4481 3539 4534 per

298 4552 373 4612 ὧν
404 4559 465 4612 τὸ
506 4559 756 4627 ἀνόμοιον
801 4556 903 4625 τῆς
937 4555 1032 4609 τοῦ
1058 4554 1190 4607 Υἱοῦ
1222 4556 1356 4626 πρὸς
1386 4555 1476 4608 τὸν
1502 4558 1866 4627 γεγεννηκότα

1975 4568 2088 4622 qua:
2116 4551 2381 4608 dissimile
2418 4554 2671 4608 essentia:
2728 4552 2849 4608 Filii
2905 4569 3029 4607 eum
3086 4571 3151 4609 eo
3194 4556 3289 4625 qui
3344 4557 3536 4625 genuit

297 4651 481 4714 οὐσίας
504 4648 1001 4713 κατασκευάζεται;
1039 4648 1221 4700 Ἔοικε
1251 4648 1357 4717 γὰρ
1386 4649 1478 4717 ἀφ’
1509 4642 1583 4702 ὧν
1608 4650 1701 4703 νῦν
1729 4650 1869 4703 διδα-

301 4742 559 4813 σκόμεθα,
595 4740 670 4812 μὴ
698 4740 963 4810 ἀνομοίως
1000 4738 1143 4809 ἔχειν
1178 4741 1207 4791 6
1242 4739 1432 4809 Πατὴρ
1469 4740 1609 4793 κατά
1648 4741 1743 4813 τὴν
1776 4743 1867 4795 οὑ-

299 4834 439 4896 σίαν,
467 4834 543 4895 ὡς
590 4832 723 4899 πρὸς
744 4830 822 4883 Δτὸ
849 4830 1105 4899 γεννητὸν
1141 4829 1528 4901 θεωρούμενος,
1570 4831 1705 4885 ἀλλὰ
1738 4832 1870 4885 καθ-

295 4928 415 4981 όλου
446 4929 511 4998 τῇ
539 4925 631 4979 τοῦ
661 4925 951 4993 ἀγεννήτου
980 4922 1236 4993 ὁμολογία
1259 4924 1337 4985 είς
1362 4923 1423 4975 τὸ
1453 4922 1525 4993 μὴ
1554 4923 1613 4976 ὃν
1641 4923 1868 4979 ἀναλύε-

297 5020 451 5073 σθαι·
489 5018 647 5089 εῖπερ
677 5019 743 5071 ἄν
769 5017 1058 5085 γεννητοὺς
1088 5016 1329 5085 εῐπωμεν
1360 5016 1487 5079 τοὺς
1528 5016 1748 5079 αἰῶνας.
1778 5020 1859 5079 εἰς

294 5113 355 5165 τὸ
385 5092 580 5182 μηκέτι
612 5109 703 5161 τὸν
732 5108 1022 5178 ἀγέννητον
1054 5106 1331 5177 ὁμολογεῖν
1360 5106 1681 5177 ἑναγόμεθα.
1722 5108 1859 5161 Ἀλλ’

296 5203 492 5273 ἴδωμεν
515 5200 611 5271 τὴν
643 5201 885 5271 ἀνάγκην
912 5200 980 5254 δι’
1018 5194 1087 5272 ἧς
1111 5201 1257 5270 ἡμᾶς
1291 5201 1425 5272 πρὸς
1448 5201 1547 5271 τὴν
1586 5202 1861 5268 συγκατά-

294 5297 439 5347 θεσιν
466 5294 563 5365 τῆς
597 5293 823 5355 ἀτοπίας
854 5290 1059 5361 ταύτης
1088 5292 1500 5361 συναναγκάζει.
1538 5288 1638 5345 Ὧν
1662 5294 1771 5364 γὰρ
1791 5296 1858 5366 τῇ

292 5387 613 5453 παραθέσει,
642 5385 795 5452 φησὶ,
836 5384 1180 5455 προσγίνεται
1225 5384 1301 5454 τῷ
1347 5384 1465 5455 Θεῷ
1505 5385 1566 5438 τὸ
1604 5386 1855 5456 ἄναρχον,

289 5476 493 5527 τούτων
525 5474 623 5526 οὐκ
666 5472 855 5536 ὄντων,
898 5474 999 5528 οὐκ
1044 5472 1277 5526 ἐπαιτὸ
1310 5476 1742 5546 προστιθέμενον.
1795 5480 1857 5531 Ὤ

290 5565 386 5634 τῆς
420 5565 642 5634 ἰσχυρᾶς
671 5563 872 5633 ταύτης
918 5565 1012 5617 καὶ
1042 5564 1283 5634 ἀφύκτου
1326 5565 1513 5635 λαϐῆς,
1555 5567 1628 5632 ώς
1658 5569 1721 5620 ἐκ
1748 5568 1855 5621 τῶν

296 5659 472 5725 μέσων
488 5657 521 5725 ἡ
532 5656 638 5725 μᾶς
662 5657 772 5720 τοῖς
790 5654 1003 5718 ἀλύτοις
1023 5654 1100 5725 ἂμ
1107 5673 1269 5725 μασιν
1286 5656 1587 5728 ἀθλητικῶς
1604 5658 1854 5729 διασφίγ-

360 5770 407 5802 ⁸¹
458 5768 602 5824 Psal.
631 5784 796 5830 XLVII,
861 5770 946 5823 l5.
1022 5768 1235 5824 “Psal.
1274 5788 1459 5839 Lxxut,
1506 5772 1588 5827 l2.

613 5840 885 5901 l’n‘noL.
933 5841 1047 5900 tiu.
1084 5842 1130 5901 Χ
1150 5841 1270 5903 LV.

1966 4645 2325 4715 pra‘struitis?
2358 4643 2589 4700 Videtur
2613 4646 2759 4699 enim
2807 4662 2872 4699 ex
2910 4646 3111 4715 quibus
3174 4663 3323 4703 nunc
3374 4648 3536 4703 doce-

1964 4754 2108 4803 mur,
2144 4756 2252 4794 non
2280 4739 2537 4795 dissimili
2583 4740 2744 4794 modo
2783 4740 2985 4796 habere
3026 4741 3185 4796 Pater
3231 4744 3534 4798 secundum

1963 4832 2281 4897 essentiam,
2325 4840 2385 4885 ut
2431 4848 2556 4886 cum
2616 4833 2802 4901 genito
2854 4834 3272 4899 consideratur;
3323 4834 3418 4888 sed
3477 4836 3533 4888 in

1964 4924 2283 4979 universum
2336 4925 2565 4995 ingeniti
2603 4927 2956 4981 confessione
3004 4927 3069 4980 ad
3127 4927 3177 4979 id
3226 4925 3371 4995 quod
3423 4943 3533 4981 non

1962 5023 2067 5075 est.
2098 5017 2298 5071 resolvi
2323 5036 2337 5071 :
2375 5018 2644 5087 siquidem
2675 5019 2856 5089 genita
2883 5019 3082 5073 sarcula
3106 5018 3435 5083 dixerimus,
3461 5020 3530 5073 ad

1964 5108 2330 5164 conﬁtendum
2381 5126 2489 5165 non
2523 5112 2759 5182 amplius
2783 5126 2905 5166 esse
2952 5111 3252 5182 ingenitum
3288 5111 3533 5182 impellew

1965 5218 2107 5255 mur.
2161 5201 2267 5256 Sed
2322 5203 2605 5258 videamus
2656 5204 3039 5258 necessitatem
3092 5219 3189 5272 per
3216 5220 3379 5273 quam
3428 5220 3532 5260 nos

1966 5292 2035 5348 ad
2061 5296 2441 5349 assensiouem
2477 5296 2835 5351 absurditatis
2880 5296 3046 5363 hujus
3081 5298 3391 5353 necessario
3434 5313 3530 5353 eo-

1965 5386 2061 5454 git.
2094 5385 2337 5452 Quorum
2364 5388 2511 5442 enim
2536 5387 2898 5456 appositione,
2927 5389 3121 5458 inquit,
3156 5387 3267 5443 Deo
3286 5390 3529 5454 advenit,

1964 5476 2017 5530 id
2039 5477 2185 5545 quod
2217 5477 2710 5546 principio.caret,
2754 5478 2802 5531 si
2850 5478 2965 5533 haec
3006 5494 3116 5532 nou
3154 5478 3381 5544 fuerint,
3414 5496 3529 5535 non

1960 5569 2066 5623 erit
2093 5570 2239 5639 quod
2274 5569 2551 5640 adjicitur.
2594 5568 2643 5624 0
2673 5569 2908 5624 validam
2948 5570 3092 5625 hanc
3142 5580 3197 5626 et
3242 5572 3529 5627 inevitabi-

1965 5662 2070 5717 lem
2103 5662 2326 5730 luctam,
2365 5670 2425 5717 ut
2454 5678 2523 5718 ex
2556 5661 2752 5717 mediis
2805 5678 2907 5719 nos
2931 5663 3323 5727 insolubilibus
3380 5680 3529 5721 nexi-

3120 5846 3196 5905 35
