4006 6488
496 302 633 358 10ῦῖ

1735 307 1791 361 S.
1834 306 2161 363 GREGORII
2202 305 2488 364 NYSSENI

3626 310 3762 366 1368

499 420 609 475 bus
643 418 897 474 atbletice
925 419 1255 475 constrictos
1305 423 1485 476 tenet!
1547 424 1870 480 saeculorum
1901 441 2068 496 appo-

2174 422 2447 495 ξαςοὲχειί
2497 425 2574 495 Τῇ
2620 424 2918 494 παραθεσει
2964 424 3070 477 τῶν
3114 425 3324 478 αἰώνων
3372 426 3763 498 προσγίνεσθαι

497 511 699 566 sitione
724 510 859 565 dicit
894 509 1002 565 Deo
1035 511 1294 567 advenire
1331 513 1655 583 ingenitum.
1691 518 1731 569 A
1776 533 1886 588 quo
1912 518 2073 575 adve-

504 600 665 654 nire?
695 599 830 665 Quis
856 600 959 655 boc
990 602 1089 666 ait,
1118 602 1263 671 quod
1296 603 1344 658 ei
1373 606 1463 674 qui
1503 617 1586 659 cst
1627 607 1835 677 absque
1869 609 2072 675 princi—

499 689 700 757 pio,ex
759 692 1125 760 acquisitione
1169 708 1267 762 per
1322 696 1717 765 appositionem
1762 698 2070 767 aliquorum

500 781 713 835 accedit
758 781 1077 852 ingenitum.
1120 782 1305 854 Neque
1355 786 1545 850 dictio,
1581 803 1759 858 neque
1802 790 2071 843 sententia

494 871 665 938 hujus
693 874 1050 930 absurditatis
1079 877 1133 930 in
1184 879 1389 933 nostris
1423 880 1577 945 libris
1618 880 2069 949 deprehenditur.

509 961 686 1017 Dictio
718 965 939 1034 quidem
973 969 1055 1023 sui
1080 968 1250 1038 ipsius
1279 971 1384 1023 crit
1406 980 1656 1041 patrona,
1678 973 1812 1026 nihil
1844 974 1949 1028 tale
1974 972 2072 1027 ha-

500 1053 634 1109 bens
662 1058 822 1125 quale
848 1068 1037 1111 contra
1070 1074 1171 1115 nos
1206 1062 1472 1131 prolatum
1508 1071 1629 1117 est:
1666 1063 1937 1117 dictorum
1982 1079 2071 1119 au-

490 1152 606 1198 tem
656 1148 1096 1217 signiﬁcationis.
1150 1154 1274 1221 quis
1331 1152 1429 1207 ﬁdc
1457 1154 1675 1222 dignior
1725 1155 2071 1211 existimatus

500 1238 663 1294 fuerit
687 1243 1009 1311 explanator
1065 1261 1229 1315 quam
1283 1246 1386 1317 ipsi
1448 1256 1705 1317 parentes
1758 1250 2073 1305 sermonis?

497 1332 705 1388 Justius
735 1346 818 1389 est
851 1336 1015 1405 igitur
1043 1345 1101 1390 ut
1130 1352 1230 1392 nos
1253 1338 1383 1407 quid
1415 1340 1598 1393 animo
1625 1340 1895 1395 sentimus
1916 1340 2072 1397 dica-

500 1440 642 1478 mus.
684 1425 818 1480 Cum
852 1429 993 1481 ultra
1023 1440 1075 1483 et
1097 1440 1221 1483 ante
1250 1430 1451 1483 Saecula
1484 1430 1577 1485 Dei
1615 1432 1778 1485 vitam
1815 1430 1987 1487 fuisse
2017 1439 2072 1486 et

489 1532 618 1570 esse
647 1532 1047 1583 asscveramus,
1077 1520 1313 1575 dicimus
1345 1520 1456 1581 haec
1487 1523 1629 1576 sicut
1664 1523 1715 1575 iu
1753 1525 2069 1592 praeceden-

491 1606 645 1662 tibus
670 1608 815 1661 dicta
866 1619 1016 1663 sunt.
1062 1610 1184 1677 Sed,
1235 1612 1329 1674 ait,
1389 1613 1435 1666 si
1482 1612 1800 1667 steculorum
1836 1631 1937 1668 non
1992 1628 2069 1669 est

486 1700 779 1766 apposilio,
815 1700 959 1753 nullo
985 1702 1140 1755 modo
1168 1713 1337 1771 potest
1360 1720 1471 1758 esse
1505 1704 1558 1756 id
1586 1705 1723 1775 quod
1754 1705 1859 1759 Deo
1887 1722 1950 1760 ex
1971 1707 2069 1760 hac

492 1790 768 1859 adjicitur.
807 1792 1123 1861 Appositam
1178 1795 1312 1848 dicit
1346 1811 1468 1849 esse.
1515 1796 1858 1866 ἀγεννησίαν.
1915 1797 2070 1852 Dicat

494 1891 549 1935 et
575 1896 603 1934 a
632 1898 740 1951 quo
774 1884 880 1935 tale
905 1884 1036 1953 quid
1083 1882 1192 1939 Dco
1223 1887 1533 1955 appositum
1555 1895 1656 1942 est.
1720 1887 1774 1942 Si
1831 1886 1997 1959 igitur
2038 1903 2069 1943 a

496 1968 698 2037 seipso,
761 1969 1029 2025 ridiculus
1088 1971 1252 2028 fuerit
1299 1989 1454 2028 suam
1513 1977 1803 2031 amentiam
1850 1978 2067 2033 crimini

492 2068 717 2115 vertens
743 2064 948 2117 nostris
980 2065 1358 2129 sermonibus;
1391 2067 1435 2119 si
1477 2076 1657 2121 autem
1704 2084 1731 2121 a
1758 2069 1941 2136 nobis,
1986 2069 2072 2124 di-

486 2151 730 2207 ctionem
756 2154 966 2222 recitet,
989 2165 1042 2209 et
1074 2159 1481 2212 accusationem
1516 2160 1888 2215 admittemus.

565 2330 672 2387 Sed
701 2333 812 2388 haec
852 2336 1223 2403 praetereunda
1265 2352 1388 2393 esse
1419 2339 1677 2402 arbitror,
1703 2350 1756 2395 et
1807 2359 2068 2413 quaecun-

490 2435 602 2489 que
633 2424 747 2477 bazc
783 2434 1216 2496 consequuntur.
1244 2428 1439 2483 Procul
1458 2429 1623 2486 dubio
1649 2432 1761 2488 haec
1787 2443 1914 2489 sunt
1946 2451 2072 2505 pue-

486 2514 738 2568 rulorum
784 2517 991 2571 ludicra
1034 2535 1100 2574 ex
1129 2535 1295 2575 arena
1340 2524 1742 2580 exstructiones
1796 2529 2062 2596 quasdam

493 2612 846 2667 aediﬁciorum
896 2617 1358 2679 componentium.
1391 2618 1720 2675 Constructa
1761 2624 2069 2693 cnimqua-

493 2703 616 2755 dam
658 2706 883 2759 membri
913 2709 1153 2774 periodo,
1186 2709 1267 2762 vix
1307 2710 1372 2763 ad
1425 2711 1583 2765 ﬁnem
1647 2714 1912 2781 pervenit,
1945 2732 2067 2770 cum

490 2798 664 2865 ipsam
697 2797 862 2851 vitam
894 2799 1229 2856 demonstrat
1254 2803 1505 2872 principii
1536 2814 1809 2879 exsortem
1843 2823 1982 2873 esse,
2015 2815 2069 2862 et

485 2891 644 2942 .nullo
682 2890 787 2943 (ine
834 2892 1177 2946 terminatam
1231 2902 1479 2949 nostrmn
1510 2906 1695 2950 votum
1753 2898 1983 2967 implens
2013 2899 2069 2954 in

495 2981 586 3035 tali
619 2981 820 3036 studio.
852 2982 1036 3053 Neque
1067 2986 1213 3039 enim
1240 3002 1271 3042 a
1319 2988 1478 3043 nobis
1537 2990 1681 3043 aliud
1731 2990 1859 3059 quid
1917 3006 2069 3047 asse-

494 3076 633 3127 ritur
661 3090 824 3144 quam
857 3078 999 3146 quod
1033 3093 1139 3132 una
1168 3088 1255 3133 est
1285 3087 1339 3134 et
1384 3081 1645 3135 continua
1680 3083 1796 3151 ipsa
1846 3098 1941 3149 per
1979 3100 2062 3139 sec

492 3166 666 3234 ipsam
699 3168 880 3222 divina
908 3170 1035 3230 vita,
1074 3170 1282 3225 inﬁnita
1312 3175 1740 3243 etsempiterna,
1781 3176 1929 3229 nullo
1966 3176 2067 3229 ali-

493 3270 602 3323 quo
630 3258 863 3311 termino
891 3275 1126 3329 unquam
1158 3262 1432 3330 prohibita
1455 3263 1521 3316 ad
1556 3264 1850 3318 inlinitum.
1879 3263 2066 3320 Hacte-

494 3363 597 3402 nus
631 3348 865 3417 scriptor
922 3367 1054 3405 suos
1087 3352 1301 3407 labores
1352 3362 1408 3408 et
1441 3354 1670 3409 sudores
1705 3356 1919 3410 veritati
1947 3372 2068 3425 qua:

481 3451 578 3495 cst
607 3442 903 3496 secundum
943 3457 1041 3496 nos
1074 3443 1317 3509 largitur,
1369 3443 1750 3499 demonstrans
1779 3446 1951 3514 ipsam
1990 3448 2068 3499 vi-

484 3540 602 3584 tam
636 3541 824 3585 neutra
848 3547 935 3600 par
953 3541 1005 3586 te
1032 3535 1334 3595 terminari,
1373 3549 1552 3603 neque
1581 3536 1628 3590 si
1655 3537 1779 3604 quis
1806 3536 1951 3606 quod
1981 3547 2066 3593 cst

497 3633 621 3677 ante
646 3623 839 3677 saecula
878 3624 1151 3693 exquirat,
1211 3640 1387 3692 neque
1417 3625 1461 3679 si
1496 3626 1640 3694 quod
1682 3628 1785 3681 erit
1818 3639 1941 3698 post
1980 3645 2068 3683 ra-

495 3715 805 3768 tiocinetur.
844 3713 949 3771 Sed
986 3716 1039 3769 in
1086 3717 1440 3784 sequentibus
1474 3734 1665 3772 rursus
1703 3722 1767 3773 ad
1803 3736 1957 3775 suam
1982 3738 2069 3777 re-

496 3806 731 3860 volvitur
762 3807 1158 3862 confusionem.
1193 3808 1329 3863 Cum
1362 3809 1505 3862 enim
1555 3811 1782 3867 dixisset
1819 3814 2064 3868 eamdem

487 3913 616 3954 esse
647 3898 813 3953 vitam
869 3899 1139 3968 principio
1187 3908 1243 3953 et
1286 3898 1388 3953 ﬁne
1422 3910 1720 3963 carentem,
1766 3904 1972 3957 omisso
1999 3904 2065 3957 de

493 3991 603 4043 vita
635 4005 905 4052 sermone,
934 3992 1183 4047 notiones
1210 4008 1331 4061 qua:
1362 3993 1413 4045 in
1461 3992 1642 4046 divina
1677 3994 1785 4046 vita
1817 3995 2067 4050 conside-

485 4093 708 4146 xrantur,
771 4082 835 4136 ad
892 4098 1054 4137 uuam
1118 4098 1308 4138 omnes
1365 4084 1611 4137 notitiam
1653 4099 1776 4139 cum
1839 4086 2063 4156 redegit,

496 4188 664 4228 unum
704 4176 883 4228 omnia
919 4174 1064 4229 fecit.
1110 4175 1174 4230 Si
1223 4176 1364 4229 enim
1414 4177 1542 4243 vita,
1583 4176 1778 4244 inquit,
1819 4179 2066 4246 principii

486 4282 678 4333 expers
702 4275 750 4320 et
784 4268 885 4335 ﬁne
910 4284 1115 4329 carens,
1146 4278 1300 4338 atque
1340 4269 1756 4337 incorruptibilis
1786 4280 1861 4323 est
1900 4281 1947 4324 et
1982 4272 2066 4325 in-

488 4359 689 4428 genita,
717 4358 852 4412 idem
885 4370 1018 4414 esset
1051 4378 1169 4414 cum
1215 4362 1446 4431 ingenito
1491 4362 1988 4429 incorruptibilitas,
2019 4374 2068 4418 et

2176 517 2424 587 λέγειτῷ
2466 515 2584 586 Θεῷ
2626 514 2687 568 τὸ
2736 515 3055 585 ἀγέννητον.
3097 517 3254 589 Παρὰ
3284 517 3426 581 τίνος
3466 518 3762 589 προσγίνε-

2178 606 2329 671 σθαι;
2380 607 2473 668 Τίς
2500 605 2651 659 τοῦτό
2691 621 2877 675 φησιν,
2908 605 2989 657 ὅτι
3019 604 3095 675 τῷ
3124 606 3373 676 ἀνάρχως
3398 607 3512 658 bim
3551 606 3612 672 ἐξ
3641 608 3761 658 ἑπι-

2175 698 2419 765 κτὴσεως
2450 697 2537 749 διά
2571 694 2920 766 παραθέσεώς
2946 713 3104 749 τινων
3135 697 3489 768 προσγίνεται
3518 697 3582 750 τὸ
3608 698 3761 767 ἀγένο

2174 805 2372 859 νητονς
2408 790 2542 842 Οῠτε
2594 790 2625 858 ἡ
2675 788 2838 853 λέξις,
2888 787 3011 842 οὔτε
3056 790 3090 859 ἡ
3134 789 3341 843 διάνοια
3384 790 3482 860 τῆς
3525 789 3761 852 ἀτοπίας

2173 884 2376 954 ταύτης
2426 884 2484 935 ὲν
2520 886 2631 945 τοῖς
2664 881 2955 953 ἡμετέροις
2982 880 3263 949 ἐλέγχεται
3301 880 3501 949 λόγοις.
3564 881 3627 932 Ἡ
3662 880 3758 949 μὲν

2174 975 2283 1047 γὰρ
2331 974 2503 1039 λέξις,
2552 975 2751 1043 ἑαυτῆς
2793 973 2942 1025 ἔσται
2992 973 3303 1042 συνήγορος,
3354 970 3507 1024 οὐδὲν
3560 970 3757 1041 ἔχουσα

2172 1067 2407 1121 τοιοῦτον
2440 1062 2549 1119 οἷον
2594 1066 2715 1120 καθ’
2750 1066 2905 1136 ἡμῶν
2933 1066 3359 1135 προενήνεκται·
3409 1064 3513 1133 τῆς
3550 1064 3607 1116 δὲ
3652 1065 3755 1117 τῶν

2174 1158 2478 1230 εἰρημένων
2499 1159 2808 1228 ἐμφάσεως,
2832 1157 2915 1220 τίς
2938 1157 3002 1210 ἂν
3024 1155 3292 1227 ἐξηγητὴς
3316 1156 3756 1225 ἀξιοπιστότερος·

2172 1250 2454 1321 νομισθείη
2499 1249 2677 1303 αὐτῶν
2707 1248 2814 1302 τῶν
2854 1249 3115 1318 πατέρων
3162 1248 3254 1300 τοῦ
3296 1247 3490 1315 λόγου;
3545 1246 3753 1301 Οὐκοῦν

2173 1345 2331 1414 ἡμεῖς
2362 1342 2684 1412 δικαιότεροι
2717 1341 2895 1409 λέγειν
2925 1358 2979 1394 τι
3010 1338 3256 1410 νοοῦμεν.
3290 1340 3461 1392 Ὅταν
3496 1339 3752 1391 ἐπέκεινα

2172 1435 2279 1487 τῶν
2300 1433 2509 1487 αἰώνων
2531 1435 2626 1504 τὴν
2662 1432 2807 1503 ζωὴν
2834 1432 2925 1485 τοῦ
2952 1432 3085 1484 Θεοῦ
3114 1427 3251 1484 εἶναι
3278 1430 3647 1501 διοριζόμεθα,
3669 1430 3753 1482 λέ-

2172 1545 2339 1597 γομεν
2360 1526 2602 1579 δὲταῦτα
2622 1525 2765 1596 ἆπερ
2788 1528 2844 1577 ὲν
2865 1528 2975 1588 τοῖς
2992 1525 3259 1594 φθάσασιν
3274 1525 3509 1593 εἴρηται.
3541 1524 3749 1585 Ἀλλὰ,

2172 1621 2306 1692 φησί
2328 1660 2343 1683 ,
2383 1616 2489 1685 τῆς
2531 1617 2911 1686 παραθέσεως
2951 1615 3067 1669 τῶν
3100 1617 3327 1670 αἰώνων
3379 1617 3490 1670 οὐκ
3535 1615 3749 1681 οὔσης,

2168 1714 2471 1769 ἀδύνατον
2506 1707 2657 1764 εἶναι
2693 1710 2759 1763 τὸ
2801 1711 2869 1762 ἐκ
2907 1710 3124 1776 ταύτης
3162 1708 3242 1773 τῷ
3282 1706 3405 1772 Θεῷ
3434 1708 3750 1774 προστιθέ-

2167 1822 2372 1875 μενον.
2408 1800 2826 1875 Προστεθεῐσθαι
2855 1800 2909 1852 δὲ
2943 1800 3042 1870 τὴν
3073 1798 3394 1869 ἀγεννησίαν
3432 1799 3599 1865 λέγει.
3640 1800 3745 1851 Λε-

2171 1898 2315 1965 γέτω
2343 1896 2436 1948 καὶ
2465 1895 2595 1964 παρ’
2623 1895 2744 1947 ὅτου
2769 1891 2846 1962 τῷ
2868 1890 2986 1960 Θεῷ
3006 1890 3066 1943 τὸ
3086 1890 3321 1943 τοιοῦτον
3349 1889 3747 1960 προστέθειται.

2172 1988 2234 2039 Εἰ
2270 1987 2367 2056 μὲν
2407 1981 2499 2038 οὖν
2536 1986 2666 2055 παρ’
2700 1981 2913 2047 ἑαυτοῦ,
2960 1980 3164 2050 γελοῖος
3210 1982 3276 2034 ἂν
3328 1982 3436 2052 εἰη,
3473 1981 3573 2051 τὴν
3614 1980 3750 2033 ἰδίαν

2169 2080 2354 2133 ἄνοιαν
2397 2076 2641 2147 ἐγκαλῶν
2680 2078 2795 2138 τοῖς
2830 2074 3118 2146 ἡμετέροις
3158 2073 3370 2142 λόγοις·
3421 2076 3470 2126 εἰ
3518 2074 3575 2126 δὲ
3610 2073 3743 2142 παρ’

2170 2175 2202 2239 ἡ
2214 2170 2350 2239 μῶν,
2391 2166 2763 2235 ὑπαναγνώτω
2801 2166 2898 2237 τὴν
2943 2164 3106 2231 λέξιν,
3152 2166 3245 2218 καὶ
3285 2165 3384 2235 τὴν
3412 2166 3751 2235 κατηγορίαν

2169 2262 2449 2332 δεξόμεθα.

2253 2354 2411 2409 Ἀλλά
2449 2353 2829 2425 παραδραμεῖν
2865 2349 3020 2423 οἶμαι
3070 2352 3268 2423 χρῆναι
3310 2352 3403 2405 καὶ
3451 2350 3631 2405 ταῦτα
3657 2353 3754 2403 καὶ

2170 2449 2269 2500 ὅσα
2295 2448 2497 2500 τούτων
2538 2442 2678 2499 κατά
2710 2444 2770 2498 τὸ
2808 2444 3094 2499 ἀκόλουθον
3128 2444 3327 2513 ἔχεται.
3370 2442 3603 2495 Παιδίων
3642 2443 3753 2513 γάρ

2169 2535 2425 2607 ἄντικρύς
2458 2536 2604 2588 ἐστιν
2649 2533 2937 2605 ἀθύρματα
2979 2531 3321 2593 κατασκευάς
3363 2547 3515 2592 τινας
3556 2532 3754 2583 οἰκοδο-

2174 2628 2440 2699 μημάτων
2473 2628 2529 2681 ἐν
2570 2627 2781 2698 ψάμμῳ
2815 2625 3177 2679 διατιθέντων.
3220 2624 3437 2687 Συνθεὶς
3481 2623 3591 2694 γάρ
3634 2642 3753 2677 τινα

2170 2720 2341 2773 κώλου
2379 2719 2641 2788 περίοδον,
2674 2720 2767 2772 καὶ
2821 2718 2971 2787 μόλις
3011 2719 3102 2771 ἐπὶ
3141 2717 3195 2769 τὸ
3242 2717 3412 2788 πέρας
3441 2714 3749 2780 διεξελθὼν,

2170 2815 2264 2885 τὴν
2300 2812 2466 2883 αὐτὴν
2504 2811 2646 2883 ζωὴν
2690 2810 3065 2864 ἀποδείκνυσιν
3105 2808 3337 2880 ἄναρχόν
3378 2826 3437 2861 τε
3488 2804 3630 2861 εἶναι
3656 2809 3753 2861 καὶ

2169 2905 2542 2975 ἀτελεύτητον,
2576 2903 2845 2974 ἡμετέραν
2879 2904 3043 2973 εὐχὴν
3089 2902 3312 2973 πληρῶν
3337 2904 3395 2955 ὲν
3431 2904 3498 2972 τῇ
3526 2901 3751 2971 τοιαύτῃ

2172 2999 2393 3068 σπουδῇ.
2430 2998 2563 3050 Οὐδὲ
2594 3000 2701 3065 γὰρ
2736 2998 2862 3067 παρ’
2894 2997 3050 3066 ἡμῶν
3092 2994 3221 3048 ἄλλο
3264 3012 3316 3046 τι
3350 2994 3570 3062 λέγεται
3601 2993 3635 3063 ἦ
3668 2994 3752 3047 ὅτι

2175 3096 2271 3165 μία
2299 3093 2412 3147 ἐστὶ
2441 3092 2535 3145 καὶ
2563 3091 2789 3160 συνεχὴς
2822 3089 2959 3160 αὐτὴ
2994 3090 3127 3159 πρὸς
3164 3088 3362 3159 ἑαυτὴν
3393 3090 3427 3157 ἠ
3459 3087 3580 3140 θεία
3613 3086 3749 3157 ζωὴν

2168 3186 2389 3257 ἄπειρός
2417 3201 2478 3237 τε
2508 3182 2601 3237 καὶ
2634 3181 2821 3245 ἀΐδιος,
2859 3182 2954 3234 καὶ
2988 3178 3282 3249 οὐδαμόθεν
3331 3178 3504 3233 οὐδενὶ
3549 3177 3747 3248 πέρατι

2167 3277 2478 3349 κωλυομένη
2514 3275 2648 3347 πρὸς
2676 3276 2738 3327 τὸ
2763 3276 3027 3345 ἀόριστον.
3073 3273 3253 3343 Μέχρι
3303 3271 3506 3325 τούτων
3535 3274 3563 3324 ὁ
3591 3271 3750 3339 λογο-

2166 3371 2375 3441 γράφος
2424 3370 2552 3432 τοὺς
2603 3366 2797 3420 ἑαυτοῦ
2846 3366 3038 3428 πόνους
3092 3365 3185 3418 καὶ
3226 3363 3353 3427 τοὺς
3411 3362 3640 3434 ἱδρῶτας
3682 3364 3753 3433 τῇ

2167 3464 2286 3517 καθ’
2326 3463 2471 3533 ἡμᾶς
2518 3459 2743 3530 ἀληθεία
2799 3457 3113 3528 χαρίζεται,
3168 3456 3381 3518 δεικνὺς
3423 3454 3522 3523 τὴν
3580 3453 3753 3523 αὐτὴν

2168 3554 2311 3625 ζωὴν
2336 3552 2454 3606 κατ’
2480 3550 2756 3620 οὐδέτερον
2790 3549 2949 3618 μέρος
2984 3547 3416 3618 περατουμένην,
3441 3543 3564 3597 οὔτε
3606 3545 3656 3597 εἰ
3687 3543 3754 3596 τὸ

2167 3646 2273 3716 πρὸ
2303 3644 2510 3699 αἰώνων
2548 3660 2633 3709 τις
2677 3638 2934 3705 ἐξετάζει,
2967 3638 3087 3692 οὔτε
3124 3641 3172 3690 εἰ
3204 3638 3264 3690 τὸ
3300 3635 3437 3707 μετά
3461 3634 3622 3688 τοῦτο
3659 3634 3752 3686 λο-

2167 3737 2387 3806 γίζοιτο.
2430 3736 2566 3788 Ἀλλ’
2597 3738 2655 3788 ὲν
2694 3735 2804 3797 τοῖς
2844 3730 3039 3801 ἐφεξῆς
3072 3731 3233 3784 πάλιν
3282 3728 3417 3800 πρὸς
3465 3727 3560 3797 τὴν
3613 3727 3753 3780 ἰδίαν

2167 3829 2525 3899 ἐπανέρχεται
2574 3824 2850 3895 σύγχυσιν.
2893 3822 3075 3876 Εἰπὼν
3121 3822 3230 3892 γὰρ
3268 3821 3365 3891 τὴν
3402 3819 3567 3891 αὐτὴν
3611 3816 3754 3873 εἶναι

2168 3924 2311 3995 ζωὴν
2341 3920 2573 3992 ἄναρχόν
2594 3936 2651 3972 τε
2678 3918 2771 3971 καὶ
2793 3916 3167 3986 ἀτελεύτητον,
3197 3916 3353 3983 ἀφεὶς
3375 3913 3467 3967 τὸν
3489 3912 3618 3984 περὶ
3645 3913 3750 3983 τῆς

2168 4015 2314 4085 ζωῆς
2340 4014 2517 4082 λόγον,
2560 4010 2656 4074 τὰς
2691 4007 3159 4077 ὲπιθεωρουμένας
3197 4004 3488 4075 ὑπολήψεις
3530 4006 3597 4071 τῇ
3626 4003 3751 4073 θεῖα

2168 4104 2281 4177 ζωῇ
2333 4107 2412 4167 εἰς
2460 4104 2587 4175 μίαν
2637 4102 2735 4162 τὰς
2786 4100 2965 4162 πάσας
3009 4097 3214 4150 ἔννοιαν
3264 4096 3546 4161 συντάξας,
3584 4096 3643 4147 ἒν
3676 4095 3754 4147 τὰ

2168 4198 2348 4252 πάντα
2379 4196 2652 4265 ἐποίησεν.
2678 4195 2745 4247 Εἰ
2777 4192 2887 4261 γὰρ
2919 4193 2956 4256 ἡ
2991 4188 3123 4256 ζωὴ,
3156 4189 3337 4258 φησὶν,
3377 4189 3639 4256 ἄναρχος
3684 4204 3754 4240 τε

2169 4292 2266 4345 καὶ
2297 4291 2688 4353 ἀτελεύτητος
2714 4286 2811 4339 καὶ
2848 4283 3143 4352 ἄφθαρτός
3174 4283 3303 4335 ἐστι
3353 4279 3450 4333 καὶ
3492 4279 3753 4347 ἀγέννη-

2172 4399 2292 4447 τος,
2324 4380 2541 4433 ταύτὸν
2566 4378 2642 4431 ἂν
2668 4378 2763 4444 εἰη
2796 4375 2877 4441 τῷ
2902 4374 3207 4445 ἀγεννήτῳ
3228 4374 3264 4440 ἡ
3291 4372 3611 4440 ἀφθαρσία,
3648 4372 3751 4423 mi

494 4448 633 4517 quod
662 4449 902 4515 principii
922 4458 999 4502 est
1025 4466 1207 4504 exsors
1239 4468 1356 4504 cum
1384 4469 1443 4506 eo
1465 4453 1603 4521 quod
1636 4453 1790 4520 ﬁnem
1822 4463 1869 4506 et
1883 4455 2065 4507 lermi»

2172 4471 2251 4537 τῷ
2284 4468 2651 4534 ἀτελευτήτῳ
2686 4468 2752 4520 τὸ
2803 4467 3085 4534 ἄναρχον.
3117 4464 3225 4518 Καὶ
3264 4462 3581 4535 προστίθησι
3628 4462 3753 4514 τούο

497 4555 623 4590 num
657 4555 757 4591 non
780 4540 948 4592 habet.
986 4542 1163 4611 Atque
1195 4543 1280 4597 bis
1306 4544 1492 4612 adjicit
1521 4561 1585 4599 ex
1634 4546 2065 4602 ratiocinationi-

496 4632 601 4684 bus
627 4631 911 4685 auxilium.
947 4632 1070 4685 Non
1096 4635 1233 4687 enim
1263 4636 1380 4703 ﬁeri
1412 4646 1598 4700 potest,
1646 4646 1703 4689 ut
1734 4654 1838 4690 una
1858 4638 2066 4707 quidem

495 4724 569 4775 sit
592 4724 719 4785 vita,
747 4723 1307 4800 incorruptibilisyro
1338 4730 1474 4782 ratio
1503 4747 1605 4783 non
1632 4730 1913 4801 sit'eadem
1948 4747 2067 4784 cum

496 4816 703 4868 ratione
734 4816 946 4885 ingeniti
968 4832 986 4869 :
1004 4819 1257 4886 praeclare
1282 4820 1369 4873 hic
1392 4837 1687 4891 generosus
1715 4822 1883 4877 addit.
1906 4821 2067 4877 Putat

498 4915 679 4962 autem
706 4922 883 4977 neque
931 4909 1157 4978 justitia:
1214 4911 1480 4967 rationem
1521 4914 1789 4969 diversam
1845 4915 2065 4970 esseab

500 4999 585 5055 bis
610 5014 731 5069 quae
757 4998 899 5054 dicta
927 5010 1077 5065 sunt,
1118 5002 1402 5067 exsistere,
1454 5020 1627 5075 neque
1670 5006 1953 5075 sapientiae
1980 5022 2068 5061 ra-

498 5095 703 5149 tionem
756 5100 811 5147 et
843 5095 1093 5163 potentia:
1123 5106 1178 5150 et
1211 5096 1490 5160 bonitatis,
1532 5104 1588 5150 at
1636 5098 2068 5169 uniuscujusque

488 5185 784 5239 siominum
818 5200 939 5255 qua:
974 5184 1080 5239 Deo
1123 5186 1321 5242 decore
1369 5197 1695 5258 congruunt.
1730 5188 1887 5244 Nulla
1932 5206 2068 5259 quo-

490 5293 603 5347 que
623 5281 697 5333 sit
734 5280 872 5333 ratio
897 5295 1018 5348 qua:
1045 5281 1388 5349 peculiariter
1413 5292 1467 5335 et
1491 5285 1783 5352 separatim
1806 5284 2069 5357 intelliga-

489 5381 607 5437 tur,
632 5372 727 5425 sed
769 5373 822 5426 in
857 5375 1005 5427 omni
1052 5375 1333 5430 nominum
1365 5378 1683 5434 recensione
1744 5395 1911 5434 unum
1946 5383 2067 5438 sub-

491 5464 713 5532 jiciatur
749 5465 894 5535 quod
936 5467 1309 5537 signiﬁcatur;
1335 5477 1495 5538 atque
1524 5486 1629 5523 una
1683 5470 2068 5543 descriptionis

494 5558 637 5609 ratio
669 5555 737 5612 de
769 5573 1098 5629 unoquoque
1126 5575 1314 5615 eorum
1346 5577 1467 5632 qua:
1491 5562 1769 5632 dicuntur,
1795 5563 2069 5622 deﬁnitio-

499 5665 623 5703 nem
656 5650 889 5720 cxpleat.
934 5652 999 5705 Et
1022 5654 1069 5707 si
1099 5654 1468 5723 interrogatus
1506 5655 1672 5713 fueris
1693 5657 1968 5726 quodnam
2000 5660 2069 5715 sit

492 5738 693 5809 judicia
752 5743 1152 5813 signiﬁcatum,
1194 5745 1698 5816 interpretationem
1748 5750 1843 5820 τῆς
1906 5750 2066 5818 ἀγεν-

2172 4579 2284 4625 τοις
2310 4562 2407 4631 τὴν
2438 4563 2499 4613 ἐκ
2526 4560 2631 4613 τῶν
2660 4558 2933 4627 λογισμῶν
2954 4556 3287 4626 συμμαχίαν.
3322 4557 3402 4608 Οὐ
3438 4554 3544 4621 γὰρ
3570 4553 3753 4606 δυνα-

2171 4656 2295 4717 τὸν,
2326 4655 2478 4722 φησί,
2520 4653 2631 4720 τὴν
2667 4652 2782 4721 μὲν
2812 4650 2963 4719 ζωὴν
2994 4646 3145 4703 εἶναι
3189 4649 3354 4715 μίαν,
3390 4645 3495 4698 τὸν
3533 4645 3604 4697 δὲ
3640 4645 3751 4698 τοῦ

2172 4741 2472 4811 ἀφθάρτου
2498 4731 2786 4811 λόγον’μὴ
2817 4741 2921 4793 τὸν
2952 4738 3136 4792 αὑτὸν
3158 4734 3307 4789 εἶναι
3335 4734 3413 4799 τῷ
3442 4733 3545 4788 τοῦ
3575 4736 3753 4802 drav-

2172 4832 2367 4902 νήτου.
2396 4832 2573 4900 λόγῳ,
2615 4831 2793 4893 καλῶς
2828 4832 2856 4882 ὁ
2900 4831 3141 4898 γενναῖος
3187 4826 3551 4897 προστίθησιν.
3589 4828 3752 4877 Δοκεῖ

2172 4924 2229 4977 δὲ
2268 4923 2401 4994 μηδὲ
2424 4922 2514 4977 τὸν
2551 4926 2649 4993 τῆς
2686 4921 3027 4990 δικαιοσύνης
3072 4920 3225 4987 λόγον
3257 4918 3440 4988 ἓτερον
3488 4916 3637 4985 παρὰ
3678 4918 3752 4969 τὰ

2174 5016 2432 5087 εἰρημένα
2452 5014 2755 5084 τυγχάνειν.
2788 5012 2922 5083 μηδὲ
2948 5012 3039 5065 τὸν
3060 5010 3157 5080 τῆς
3186 5009 3375 5079 σοφίας
3404 5008 3498 5061 καὶ
3524 5008 3618 5059 τὸν
3646 5011 3751 5077 τῆς

2173 5108 2450 5177 δυνάμεως
2475 5106 2569 5159 καὶ
2599 5105 2689 5159 τὸν
2720 5104 2819 5174 τῆς
2868 5103 3216 5172 ἀγαθότητος,
3249 5101 3345 5154 καὶ
3376 5100 3606 5153 ἑκάστου
3635 5100 3749 5151 τῶν

2173 5196 2486 5268 θεοπρεπῶν
2524 5197 2815 5266 ὀνομάτων.
2851 5195 2958 5246 Καὶ
2994 5192 3180 5264 μηδεὶς
3230 5191 3367 5244 ἔστω
3402 5190 3557 5259 λόγος
3603 5190 3749 5241 κατὰ

2172 5290 2234 5343 τὸ
2282 5289 2477 5354 ἰδιάζον
2516 5288 2819 5358 νοούμενος,
2866 5286 2979 5339 ἀλλ’
3027 5286 3118 5338 ἐπὶ
3157 5283 3319 5336 παντὶ
3349 5282 3424 5352 τῷ
3462 5282 3748 5352 καταλόγῳ

2173 5382 2280 5436 τῶν
2305 5381 2597 5452 ὀνομάτων,
2628 5379 2685 5432 ἓν
2719 5378 3023 5432 ὑποκείσθω
3064 5377 3123 5429 τὸ
3171 5374 3563 5445 σημαινόμενον
3584 5389 3600 5402 ⁸
3650 5375 3749 5426 καὶ

2174 5472 2253 5539 εἷς
2284 5474 2601 5545 ὑπογραφῆς
2638 5472 2791 5540 λόγος
2836 5471 2925 5524 τὸν
2966 5470 3093 5540 περὶ
3120 5469 3346 5521 ἑκάστου
3378 5466 3485 5519 τῶν
3512 5466 3748 5535 λεγομέ-

2172 5586 2277 5620 νων
2309 5568 2428 5639 ὅρον
2452 5563 2861 5636 ἁποπληρούτω.
2889 5564 3007 5617 Κᾶν
3038 5560 3315 5633 ἐρωτηθῇς
3351 5558 3409 5611 τὸ
3432 5557 3524 5610 τοῦ
3552 5555 3745 5625 κριτοῦ

2177 5656 2587 5728 σημαινόμενον,
2625 5655 2722 5724 τὴν
2759 5654 2854 5725 τῆς
2902 5651 3222 5721 ἀγεννησίας
3271 5648 3563 5721 ἑρμηνείαν
3607 5648 3745 5699 ἀπό-

2177 5768 2376 5821 κριναι.
2411 5749 2527 5803 Κᾶν
2560 5747 2656 5818 τῆς
2692 5745 3029 5815 δικαιοσύνης
3066 5743 3159 5816 δὲῃ
3209 5741 3302 5795 τὸν
3347 5738 3569 5813 ὁρισμὸν
3612 5738 3745 5792 ἀποο
