4006 6476
289 371 432 428 {069

1375 370 1650 428 CONTRA
1685 373 2050 431 EUNOMIUM
2085 417 2098 441 ,
2134 376 2259 431 LIB.
2301 374 2410 430 XII.

3397 373 3534 427 “70

281 491 486 549 δοῦναι,
515 485 576 538 τὸ
603 484 890 555 ἀσώματόν
923 503 1005 540 σοι
1032 486 1317 560 πρόχειρον
1345 490 1424 554 είς
1447 489 1543 561 τὴν
1572 491 1852 561 ἀπόκρισιν

1965 493 2177 562 νησίας,
2206 494 2256 548 id
2290 500 2397 550 est.
2439 489 2660 561 ingeniti
2698 488 2946 550 rationis,
2973 487 3262 558 responde.
3291 484 3354 540 Et
3381 491 3424 541 si
3447 489 3537 555 jn-

279 579 440 632 ἐστω.
468 577 532 631 Τί
563 577 619 630 δὲ
641 577 894 647 σημαίνει
918 580 952 649 ἡ
993 577 1290 650 ἀφθαρσία,
1317 581 1451 652 ὅπερ
1480 582 1512 652 ἡ
1551 581 1642 634 τοῦ
1672 582 1854 644 ἐλέους

282 671 496 732 πάντως
529 670 691 740 ἐρεῖς,
716 669 749 738 ἢ
777 670 809 740 ἡ
836 671 932 740 τῆς
955 670 1188 741 κρίσεως
1220 671 1461 743 σημασία
1497 673 1851 745 παρίστησινο

277 759 421 814 οὕτω
460 761 552 814 καὶ
578 761 645 813 τὰ
689 760 808 814 καθ’
838 761 1064 815 ἕκαστον
1111 763 1286 816 πάντα
1317 763 1660 835 προσάλληλα
1694 783 1855 834 μεταο

280 855 545 924 χωρείτω.
601 854 870 924 μηδεμιᾶς
918 853 1220 925 ίδιαζούσης
1251 857 1536 926 ἐμφάσεως
1574 856 1632 909 τὸ
1673 858 1854 926 ἕτερον

278 943 372 996 τοῦ
400 945 586 1015 ἐτέρου
612 943 1047 1014 διαστελλούσης.
1082 943 1184 997 Καὶ
1221 948 1270 999 εἰ
1317 946 1488 1000 ταῦτα
1522 947 1797 1017 νομοθετεῖ
1827 949 1856 1000 ὁ

281 1035 562 1104 Εὑνόμιος,
591 1035 642 1088 τί
673 1035 848 1105 μάτην
873 1036 928 1088 αἱ
955 1035 1170 1106 Γραφαὶ
1199 1036 1566 1109 πολυωνύμως
1583 1038 1680 1109 τὴν
1708 1039 1856 1094 Θείαν

281 1127 441 1196 φύσιν
488 1126 842 1180 ἀνακαλοῦσιν
889 1127 1054 1192 Θεὸν,
1102 1128 1315 1201 κριτὴν,
1353 1129 1579 1192 δίκαιον,
1617 1131 1853 1203 ἰσχυρὸν,

285 1220 651 1292 μακρόθυμον,
698 1219 968 1292 ἀληθινὸν,
1017 1222 1304 1293 ἐλεήμονα,
1353 1224 1445 1276 καὶ
1501 1224 1634 1278 ἄλλα
1689 1225 1856 1279 πολλά

278 1313 500 1364 τοιαῦτα
546 1310 1043 1381 κατονομὰζουσαις
1079 1315 1141 1367 Εἰ
1186 1314 1295 1386 γὰρ
1326 1315 1476 1369 οὐδὲν
1519 1316 1626 1369 τῶν
1663 1317 1858 1386 ὀνομά-

279 1421 386 1457 των
429 1403 520 1457 ἐπί
563 1421 706 1466 τινος
756 1404 1059 1476 ίδιαζούσης
1108 1408 1314 1471 ἐννοίας
1360 1408 1854 1479 καταλαμϐάνεται,

281 1494 454 1546 πάντα
477 1494 533 1546 δὲ
555 1494 800 1564 ἀλλήλοις
818 1493 906 1546 διὰ
929 1494 1028 1564 τῆς
1057 1495 1198 1549 κατὰ
1225 1498 1284 1550 τὸ
1310 1499 1702 1570 σημαινόμενον
1729 1517 1858 1567 συγ-

279 1584 489 1655 χύσεως
525 1586 922 1658 ἀναπέφυρται,
973 1589 1199 1658 μάταιον
1241 1588 1306 1642 ἂν
1357 1589 1442 1661 είη
1498 1571 1716 1653 πολλαῖς
1767 1591 1858 1644 ἐπὶ

277 1675 370 1728 τοῦ
397 1676 558 1730 αὑτοῦ
587 1679 706 1740 ταῖς
743 1679 1077 1749 ἐπωνυμίαις
1107 1680 1430 1751 κεχρῆσθαι,
1467 1682 1734 1752 μηδεμιᾶς
1758 1682 1858 1751 τῆς

280 1769 419 1821 κατὰ
458 1770 519 1821 τὸ
573 1769 966 1840 σημαινόμενον
1027 1772 1289 1842 διαφορᾶς
1349 1774 1444 1826 ἀπ’
1499 1773 1740 1844 ἀλλήλων
1789 1773 1857 1826 τὰ

1957 587 2117 643 stitia‘.
2163 584 2532 640 deﬁnitionem
2591 591 2642 636 te
2667 580 2893 637 reddere
2939 586 3210 649 oporteat,
3261 577 3411 648 quod
3448 585 3536 634 est

1898 677 1903 681 ”
1956 679 2334 748 incorporeum
2403 673 2501 727 tibi
2534 672 2606 731 sit
2649 672 2702 724 in
2731 678 2978 740 promptu
3005 669 3072 722 ad
3098 667 3533 738 responsionem.
3607 743 3610 747 ι

1956 768 2096 834 Quid
2127 775 2306 821 autem
2329 764 2596 836 signiﬁcet
2624 757 3129 830 incorruptibilitas;
3173 758 3319 830 quod
3365 759 3534 812 mise-

1955 861 2206 916 ricordia:
2227 859 2448 914 omnino
2473 857 2644 918 dices,
2669 853 2951 924 veljudieii
2973 851 3300 923 signiﬁcatio
3325 864 3524 920 reprae-

1957 960 2137 1008 sentat
2172 971 2186 1006 :
2238 951 2331 1005 'sic
2367 957 2421 1004 et
2447 947 2660 1018 singula
2709 945 2890 1001 omnia
2947 944 3091 998 inter
3147 957 3207 998 se
3235 957 3516 1012 percurre.

1957 1043 2106 1097 nulla
2149 1041 2371 1111 propria
2399 1037 2741 1108 etfpeculiari
2786 1035 3184 1105 signiﬁcatione
3215 1033 3436 1088 alteram
3467 1031 3554 1085 ab-

1957 1137 2128 1190 altero
2188 1132 2577 1201 distinguente.
2644 1130 2708 1183 Et
2741 1129 2787 1183 si
2823 1127 2937 1182 haec
2993 1125 3185 1181 statuit
3212 1123 3536 1185 Ennomins,

1957 1225 2086 1295 quid
2113 1224 2316 1278 frustra
2374 1221 2670 1290 Scriptum
2717 1220 2906 1273 multis
2960 1218 3276 1272 nominibus
3301 1215 3538 1270 divinam

1959 1326 2210 1370 naturam
2237 1321 2456 1380 vocant,
2490 1312 2680 1374 Deum,
2709 1311 2972 1380 judicem,
3026 1310 3257 1380 justum,
3316 1306 3535 1368 fortem,

1956 1408 2342 1478 longanimcm,
2380 1419 2586 1468 verum,
2618 1402 3052 1464 misericordem,
3086 1400 3318 1468 aliisque
3353 1397 3539 1452 multis

1957 1499 2224 1569 ejusmodi
2271 1497 2588 1552 nominibus
2622 1493 2999 1564 appellantes?
3051 1491 3108 1546 Si
3139 1491 3284 1546 enim
3322 1490 3535 1544 nullum

1959 1593 2152 1646 horum
2180 1591 2460 1645 nominum
2480 1589 2532 1642 in
2556 1587 2734 1657 aliqua
2757 1586 2995 1656 prOpria,
3021 1593 3075 1637 et
3099 1583 3166 1636 ab
3186 1582 3310 1636 aliis
3329 1591 3538 1636 secreta

1958 1683 2149 1738 notitia
2211 1678 2714 1749 comprehenditur,
2766 1678 2861 1733 sed
2897 1675 3079 1731 omnia
3133 1676 3277 1732 inter
3345 1688 3403 1727 se
3441 1687 3536 1741 per

1959 1773 2384 1845 signiﬁcatorum
2408 1770 2780 1825 confusionem
2808 1768 3065 1838 permista
3097 1775 3224 1820 sunt
3244 1772 3297 1820 et
3318 1771 3540 1817 contur-

277 1859 518 1930 ὀνόματα
566 1862 998 1938 διαστελλούσης.
1030 1867 1126 1932 Τίς
1171 1866 1517 1937 ἀπόπληκτος
1566 1867 1739 1932 οὕτως
1773 1869 1848 1931 ὡς

1956 1874 2099 1936 bata,
2127 1882 2322 1921 vanum
2349 1863 2514 1918 fuerit
2537 1862 2727 1916 multis
2750 1862 2804 1916 in
2827 1861 3018 1915 eodem
3046 1859 3124 1912 nti
3159 1855 3539 1928 appellationi-

277 1952 512 2019 ἀγνοεῖν,
533 1953 614 2006 ὅτι
640 1955 674 2026 ή
709 1956 808 2026 μὲν
849 1957 969 2012 Θεία
1009 1959 1188 2027 φύσις,
1211 1959 1239 2013 ὂ
1257 1959 1310 2012 τί
1339 1977 1469 2013 ποτε
1511 1960 1632 2013 κατ’
1661 1961 1847 2014 οὐσίαν

277 2042 413 2104 ἐστὶ,
450 2043 547 2114 μία
574 2046 739 2113 ἐστιν,
771 2047 918 2119 ἁπλῆ
946 2067 1030 2114 τις
1061 2050 1154 2103 καὶ
1189 2050 1462 2120 μονοειδὴς
1505 2051 1599 2104 καὶ
1627 2051 1849 2104 ἀσύνθε-

275 2152 388 2199 τος,
416 2137 510 2189 καὶ
539 2141 657 2192 κατ’
687 2141 876 2195 οὐδένα
913 2144 1134 2213 τρόπον,
1159 2144 1216 2194 ὲν
1238 2143 1455 2214 ποικίλῃ
1477 2143 1580 2197 τινὶ
1603 2143 1848 2196 συνθέσει

277 2224 713 2301 θεωρουμένηοή
753 2231 809 2284 δὲ
845 2232 1158 2304 ἀνθρωπίνη
1203 2232 1348 2305 ψυχὴ
1387 2235 1559 2305 χαμαὶ
1599 2235 1845 2304 κειμένη,

276 2318 368 2371 καὶ
395 2321 453 2372 ὲν
477 2319 554 2391 τῷ
583 2322 754 2394 γηΐνῳ
776 2322 948 2396 τούτῳ
990 2324 1088 2394 βίῳ
1133 2325 1590 2396 κατορωρυγμένη
1611 2364 1624 2388 ς
1665 2324 1740 2394 τῷ
1775 2326 1849 2395 μὴ

273 2409 534 2465 δύνασθαι
562 2413 844 2482 τηλαυγῶς
875 2417 1109 2469 κατιδεῖν
1138 2417 1198 2468 τὸ
1241 2415 1402 2486 ζητού
1411 2434 1588 2485 μενον,
1631 2416 1851 2479 πολλαῖς

277 2500 506 2564 ἐννοίαις
531 2503 628 2572 τῆς
650 2504 926 2574 ἀφράστου
955 2505 1166 2575 φύσεως
1190 2506 1539 2578 πολυτρόπως
1575 2507 1667 2560 καὶ
1694 2507 1852 2560 πολυ-

281 2591 463 2662 μερῶς
498 2594 838 2665 ἐπορέγεται.
873 2597 934 2650 οὐ
970 2598 1110 2652 κατά
1143 2598 1241 2670 τὴν
1284 2596 1409 2668 μίαν
1457 2597 1576 2651 τινὰ
1617 2598 1852 2652 διάνοιαν

276 2681 340 2734 τὸ
365 2681 741 2754 κεκρυμμένον
770 2685 1093 2758 θηρεύουσα.
1123 2683 1201 2740 Ἦ
1229 2688 1335 2759 γὰρ
1362 2687 1426 2741 ἂν
1456 2686 1674 2750 εὖκολος
1710 2684 1777 2759 ἦν
1818 2690 1851 2758 ή

277 2775 600 2846 κατάληψις,
631 2779 678 2830 εί
714 2778 810 2847 μία
857 2797 940 2842 τις
981 2781 1110 2849 ήμίν
1155 2778 1338 2848 ἔφοδος
1377 2779 1512 2850 πρὸς
1556 2779 1654 2850 τήν
1705 2779 1852 2833 θείαν

277 2866 608 2939 ἀπεκέκριτο
637 2869 854 2936 γνῶσιν.
898 2870 1032 2922 Νυνὶ
1056 2871 1112 2923 δὲ
1148 2870 1234 2924 διὰ
1275 2870 1372 2940 μὲν
1399 2871 1497 2941 τῆς
1524 2872 1852 2942 ἐμφαινομέ-

277 2972 376 3026 νης
409 2956 486 3028 τῷ
527 2959 688 3012 παντὶ
729 2961 937 3028 σοφίας,
983 2961 1144 3030 σοφὸν
1189 2956 1328 3015 εἶναι
1369 2961 1460 3014 τὸν
1510 2963 1604 3016 τοῦ
1655 2965 1853 3028 παντὸς

276 3046 670 3102 ἐπιστατοῦντα
703 3053 1021 3122 ὲνοήσαμεν.
1064 3051 1162 3105 Διά
1197 3052 1254 3106 δὲ
1296 3052 1393 3120 τῆς
1424 3051 1533 3105 τῶν
1561 3053 1852 3124 θαυμάτων

278 3140 699 3213 μεγαλουργίας,
729 3143 1009 3214 δυνάμεως
1054 3145 1288 3216 ἔμφασιν
1330 3144 1645 3215 ἐδεξάμεθα.
1684 3146 1757 3198 Τὸ
1797 3147 1853 3200 δὲ

1953 1962 2077 2022 bus.
2108 1961 2154 2017 si
2189 1959 2335 2013 nulla
2403 1955 2701 2012 secundum
2755 1944 3118 2023 signiﬁcatum
3165 1947 3466 2003 differentia
3508 1962 3540 2000 a

1955 2069 2014 2108 se
2040 2051 2340 2120 distinguat
2375 2047 2622 2101 nomina.
2652 2045 2788 2111 Quis
2825 2045 2896 2096 ita
2949 2041 3204 2112 stupidus
3247 2046 3303 2095 et
3335 2038 3537 2101 attoni-

1954 2152 2067 2206 tus.
2107 2151 2168 2197 ut
2203 2143 2436 2212 ignoret.
2485 2136 2628 2207 quod
2670 2136 2851 2190 divina
2875 2133 3090 2204 quidem
3122 2142 3314 2187 natura
3343 2146 3540 2186 secun-

1955 2235 2083 2290 dum
2113 2233 2409 2290 essentiam
2439 2229 2702 2300 quidquid
2734 2235 2838 2288 est,
2866 2241 2972 2280 una
3005 2233 3110 2285 est,
3141 2223 3371 2294 simplex
3390 2236 3539 2292 quae-

1956 2327 2080 2382 dam
2135 2333 2189 2380 et
2219 2323 2526 2382 uniformis,
2587 2329 2637 2373 et
2681 2317 3066 2388 incomposita,
3132 2323 3186 2370 et
3237 2313 3536 2383 quantillo

1956 2417 2117 2473 modo
2143 2418 2200 2472 in
2226 2416 2406 2483 aliqua
2429 2413 2578 2466 varia
2601 2409 2950 2465 concretione
2975 2414 3262 2471 cernatur,
3289 2405 3536 2459 humana

1957 2519 2136 2566 autem
2168 2508 2349 2561 anima
2402 2503 2552 2558 hutni
2604 2502 2793 2571 jacens
2826 2511 2879 2557 et
2909 2501 3010 2554 hac
3040 2507 3259 2555 terrena
3294 2497 3405 2550 vita
3439 2498 3539 2551 ob-

1958 2610 2102 2663 ruta,
2134 2599 2261 2668 quia
2289 2615 2396 2652 non
2422 2597 2597 2667 possit
2625 2593 2771 2665 quod
2798 2592 3059 2662 quaeritur
3111 2592 3258 2645 clare
3311 2598 3366 2644 et
3397 2588 3540 2643 dilu-

1957 2692 2077 2749 cide
2118 2691 2444 2760 perspicere,
2477 2688 2667 2743 multis
2703 2685 2913 2741 notitiis
2937 2683 3260 2739 inell'abilem
3287 2688 3536 2736 naturam

1959 2783 2144 2837 multis
2174 2779 2350 2834 modis
2387 2788 2440 2834 et
2474 2778 2833 2832 multifariam
2882 2776 3105 2845 expetit,
3155 2789 3264 2828 non
3301 2787 3408 2827 una
3439 2771 3539 2825 ali-

1957 2890 2064 2943 qua
2122 2871 2505 2941 intelligentia,
2567 2871 2711 2941 quod
2775 2870 3092 2924 abstrusum
3153 2876 3259 2930 est,
3305 2879 3535 2920 venans.

1957 2965 2091 3019 Nam
2123 2979 2254 3019 sane
2281 2963 2458 3018 facilis
2497 2970 2643 3019 esset
2673 2959 3124 3030 comprehensio,
3171 2959 3217 3014 si
3247 2971 3390 3011 unus
3413 2956 3540 3026 qui-

1959 3055 2080 3108 dam
2114 3054 2271 3108 nobis
2301 3054 2367 3108 ad
2403 3053 2642 3108 divinam
2671 3050 3057 3120 cogitationem
3090 3049 3268 3104 aditus
3290 3057 3541 3102 secretus

1929 3153 2126 3201 \esset.
2185 3144 2344 3198 Nune
2401 3151 2583 3198 autem
2643 3157 2739 3210 per
2771 3148 3121 3210 apparentem
3172 3139 3226 3192 in
3281 3138 3539 3193 universo

277 3206 338 3297 ἐξ
365 3206 580 3288 ἐκείνου
630 3206 689 3290 τὺ
736 3239 843 3290 πᾶν
864 3206 1102 3309 ἰξῆςρθαὶ
1138 3206 1553 3301 πιστεύεινξτοῦ
1587 3239 1852 3310 μηδεμίαν

1957 3237 2087 3291 orbe
2113 3235 2460 3305 sapientiam,
2494 3232 2547 3286 id
2579 3233 2798 3302 sapiens
2817 3229 3098 3299 essequod
3118 3229 3374 3286 universo
3401 3243 3540 3298 ιιι-ξιι-

275 3327 442 3380 αὑτοῦ
498 3329 596 3399 τῆς
653 3328 938 3402 ὑπάρξεως
1003 3329 1179 3385 αἰτίαν
1233 3324 1372 3384 εἶναι
1419 3331 1712 3401 τεκμήριον
1769 3331 1853 3400 γί-

278 3435 424 3476 νεται
433 3459 447 3474 ο

1958 3328 2116 3386 sidet.
2138 3327 2524 3382 intelleximus.
2547 3323 2650 3378 Sed
2673 3339 2767 3394 per
2786 3323 3114 3377 mirabilium
3134 3319 3536 3376 miriﬁeentiam

1958 3417 2216 3491 potentiae
2248 3415 2708 3488 signiﬁcationem
2733 3415 3071 3491 accepimus.
3128 3411 3204 3467 Ex
3224 3413 3319 3467 illo
3353 3420 3537 3467 autem

277 3511 592 3567 universum
621 3513 853 3581 pendere
880 3511 1027 3582 quod
1049 3512 1359 3575 credamus,
1390 3513 1756 3568 certissimum
1783 3512 1841 3566 iit
1873 3518 2278 3582 argumentum,
2316 3508 2519 3562 nullam
2584 3523 2708 3563 esse
2767 3506 2889 3576 ejus
2917 3506 3254 3563 exsistentim
3283 3520 3534 3561 causam.

347 3603 516 3656 Πάλιν
541 3602 602 3656 τὺ
623 3601 903 3673 βδελυκτδν
927 3603 1026 3668 τῆς
1059 3603 1254 3665 κακίας
1281 3604 1590 3673 νοήσαντες,
1610 3605 1671 3656 τὸ
1693 3603 1854 3658 ἀναλ-

275 3693 502 3747 λοίωτον
535 3694 698 3748 αὑτοῦ
744 3694 840 3748 καὶ
881 3693 1080 3764 ἀμιγὲς
1111 3693 1246 3765 πρὸς
1274 3694 1470 3748 κακίαν
1508 3695 1854 3766 καταλαμῦἁ-

277 3803 462 3856 νομεν,
487 3788 585 3858 τήν
614 3803 673 3840 τε
699 3785 791 3840 τοῦ
825 3786 1052 3839 θανάτου
1093 3786 1388 3859 διαφθορὰν
1419 3787 1603 3840 κακῶν
1631 3786 1854 3857 ἔσχατον

276 3874 416 3931 εἶναι
460 3877 814 3948 νομίσαντες,
862 3877 1128 3932 ἀθάνατόν
1183 3893 1243 3929 τε
1296 3879 1388 3930 καὶ
1444 3877 1719 3947 ἄφθαρτον
1765 3878 1856 3930 τὸν

277 3967 553 4037 ἀλλότριον
581 3967 776 4031 παντὸς
816 3965 1055 4020 τοιούτου
1095 3967 1364 4038 νοήματος
1393 3967 1770 4037 ὠνομάσαμεν,
1794 3969 1854 4021 οὐ

274 4059 338 4113 τὸ
367 4060 722 4130 ὑποκείμενον
759 4063 879 4124 ταῖς
919 4059 1149 4123 ἐννοίαις
1185 4059 1406 4124 ταύταις
1455 4056 1855 4130 συνδιασχὶζοι-

272 4170 386 4218 τες,
412 4153 525 4206 ἀλλ’
549 4153 646 4206 ὃτί
677 4170 804 4207 ποτε
842 4153 959 4206 κατ’
990 4153 1175 4206 οὑσίαν
1207 4152 1374 4214 ἐστὶν,
1416 4152 1478 4205 ἓν
1521 4148 1656 4206 εἶναι
1694 4170 1856 4207 mm-

277 4242 584 4307 στευκότες,
627 4242 760 4314 πρὸς
801 4241 978 4305 πάσας
1026 4241 1123 4305 τὰς
1164 4241 1414 4305 τοιαύτας
1457 4241 1750 4313 ὑπολήψεις
1796 4245 1857 4295 τὸ

275 4333 465 4404 νοηθὲν
496 4333 706 4397 οίκείως
741 4333 884 4404 ἔχειν
929 4333 1323 4404 ὑπειλήφαμεν.
1359 4334 1433 4387 Οὐ
1475 4332 1584 4404 γὰρ
1626 4333 1855 4403 μάχεται

276 4425 414 4497 πρὸς
455 4425 653 4496 ἄλληλα
705 4425 774 4480 τά
815 4425 1052 4495 ὀνόματα
1099 4425 1237 4479 κατὰ
1274 4425 1371 4496 τὴν
1414 4426 1521 4478 τῶν
1563 4425 1852 4479 ἀντιθέτων

2021 3602 2235 3656 Rursus
2258 3599 2721 3654 abominationem
2751 3604 2805 3652 et
2835 3599 3267 3653 exsecrationem
3325 3595 3537 3666 peccati

1955 3711 2080 3749 cum
2119 3694 2633 3754 animadvertimus,
2687 3689 3188 3745 incommutabilem
3223 3673 3343 3757 ejus
3368 3697 3530 3740 natu-

1953 3803 2068 3840 ram
2107 3795 2161 3840 et
2187 3785 2256 3840 ab
2294 3783 2444 3838 omni
2470 3783 2592 3837 labe
2614 3781 2824 3851 peccati
2855 3790 3157 3849 separatam
3183 3778 3539 3848 comprehen-

1952 3877 2156 3940 dimus,
2195 3884 2249 3930 et
2309 3875 2506 3929 mortis
2565 3873 2862 3942 perniciem
2914 3871 3182 3924 malorum
3228 3879 3534 3923 extremum

1958 3968 2230 4032 arbitrati,
2284 3965 2645 4022 immortalem
2682 3973 2737 4018 et
2778 3961 3271 4031 incorruptibilem,
3297 3959 3533 4014 alienum

1958 4059 2027 4113 ab
2048 4057 2196 4112 omni
2226 4058 2354 4111 mali
2384 4056 2606 4111 notione
2637 4054 3060 4117 nominavimus,
3092 4066 3203 4105 non
3230 4049 3536 4119 subjectum

1958 4149 2044 4204 his
2066 4149 2274 4204 notitiis
2301 4146 2702 4212 discindentes,
2722 4145 2814 4201 sed
2842 4143 2989 4214 quod
3019 4141 3318 4198 secundum
3339 4153 3536 4195 essen-

1955 4242 2087 4294 tiam
2116 4248 2222 4302 est,
2258 4255 2427 4294 unum
2459 4232 2582 4295 esse
2610 4237 2919 4305 credentes,
2947 4236 2998 4290 id
3022 4234 3166 4306 quod
3196 4235 3534 4290 intellectum

1957 4342 2062 4398 est,
2103 4330 2308 4402 aliquid
2336 4331 2544 4402 pmprii
2591 4329 2790 4384 habere
2821 4344 2944 4384 eum
2972 4326 3223 4382 omnibus
3256 4327 3406 4382 hisce
3433 4342 3535 4381 no-

1959 4425 2201 4480 tionibus
2236 4423 2694 4480 existimavimus.
2727 4420 2847 4476 Non
2883 4421 3028 4476 enim
3058 4422 3200 4476 inter
3230 4435 3288 4475 se
3315 4419 3535 4475 nomina

274 4517 456 4586 φύσιν,
480 4517 555 4580 ὡς
591 4519 638 4569 εί
677 4517 737 4570 τὸ
776 4517 834 4570 ἓν
863 4517 1115 4588 ὑπάρχει,
1152 4517 1225 4587 μὴ
1253 4517 1319 4571 ἂν
1344 4517 1421 4588 τῷ
1452 4517 1598 4587 αὑτῷ
1624 4517 1852 4571 συνθεω-

1957 4525 2223 4587 pugnant,
2282 4513 2585 4570 secundum
2633 4512 3008 4583 oppositorum
3061 4521 3335 4574 naturam.
3393 4518 3451 4565 ut
3485 4511 3534 4568 si

275 4611 507 4682 ρηθῆναι
548 4611 609 4664 τὸ
645 4611 862 4682 ἕτερον·
898 4610 973 4674 ὼς
999 4612 1098 4664 οὑκ
1141 4611 1409 4680 ἐνδέχεται
1435 4610 1577 4680 ζωὴν
1603 4610 1718 4682 ἃμα
1759 4611 1852 4664 καὶ

275 4702 502 4755 θάνατον
527 4703 653 4772 περὶ
681 4703 770 4757 τὸν
797 4703 956 4755 αὑτὸν
996 4703 1265 4773 νοηθῆναι,
1295 4702 1432 4756 ἀλλὰ
1456 4703 1676 4774 τοιαύτη
1707 4705 1852 4757 ἐστὶν

275 4795 504 4849 ἑκάστου
546 4795 653 4848 τῶν
697 4795 790 4848 ἐπὶ
837 4795 936 4868 τῆς
993 4794 1140 4858 θείας
1193 4793 1404 4870 φύσεως
1459 4795 1764 4867 λεγομένων
1817 4799 1850 4868 ή

275 4887 528 4956 ἔμφασις.
553 4887 691 4940 ὥστε
717 4886 818 4940 κᾶν
851 4885 1024 4958 ίδιάζῃ
1051 4886 1127 4957 τῷ
1156 4887 1556 4958 σημαινομένῳ,
1586 4889 1852 4960 μηδεμίαν

277 4980 446 5050 [σχειν
479 4979 614 5049 πρὸς
638 4980 699 5032 τὸ
745 4977 1233 5049 συνονομαζόμενον
1271 4979 1600 5034 ἐναντίωσιν.
1642 4981 1706 5033 Τί
1743 4981 1851 5052 γὰρ

277 5069 606 5124 ἐναντιοῦται
639 5069 718 5140 τῷ
757 5070 1036 5140 ἀσωμάτῳ
1082 5070 1143 5122 τὸ
1187 5069 1416 5131 δίκαιον,
1465 5071 1565 5124 κᾶν
1607 5071 1680 5143 μὴ
1716 5089 1850 5143 συμ-

273 5162 433 5234 ϐαίνῃ
476 5161 614 5242 κατὰ
655 5163 751 5233 τὴν
791 5161 994 5214 ἔννοιαν
1032 5161 1279 5232 ἀλλήλοις
1310 5161 1376 5215 τὰ
1413 5163 1660 5232 ῥήματας
1688 5164 1850 5218 Ποίαν

271 5252 326 5304 δὲ
360 5252 538 5321 μάχην
580 5251 612 5322 ή
655 5249 925 5320 ἀγαθότης
952 5250 1064 5320 ἔχει
1107 5250 1242 5321 πρὸς
1285 5249 1346 5302 τὸ
1378 5250 1634 5318 ἀόρατον;
1664 5248 1851 5314 Οὕτως

270 5340 392 5393 οὐδὲ
425 5341 485 5392 τὸ
513 5340 680 5392 ἀΐδιον
713 5340 809 5408 τῆς
843 5339 990 5403 θείας
1021 5339 1396 5415 ζωῆςχδιπλοίς
1424 5339 1647 5410 ὀνόμασί
1671 5357 1730 5392 τε
1757 5341 1850 5393 καὶ

271 5434 505 5502 νοήμασι
531 5431 945 5503 γνωριζόμενον,
985 5431 1064 5502 τῷ
1107 5431 1447 5502 ἀτελευτήτῳ
1496 5432 1588 5484 καὶ
1635 5431 1712 5502 τῷ
1756 5433 1850 5485 ἀν·

273 5523 425 5594 ἀρχῳ
450 5564 464 5584 ,
506 5527 573 5594 τῇ
615 5523 844 5593 διαφορᾷ
884 5522 992 5574 τῶν
1043 5523 1319 5591 ὀνομάτων
1373 5522 1842 5592 συνδιατὲμνεταιο

270 5617 366 5668 καὶ
403 5615 522 5668 οὐδὲ
554 5615 748 5667 ταύτόν
789 5616 902 5666 ἐστι
946 5614 1020 5684 τῷ
1055 5614 1223 5684 ἑτέρῳ
1255 5614 1393 5667 κατά
1431 5615 1529 5685 τὴν
1576 5615 1843 5684 σημασίαι.

269 5708 326 5758 τὲ
358 5705 539 5780 ἕτερον
573 5705 762 5774 ὄνομα.
794 5705 866 5757 Τὸ
906 5705 1002 5775 μὲν
1051 5703 1156 5775 γὰρ
1201 5703 1299 5775 τὴν
1339 5705 1437 5774 τῆς
1483 5704 1674 5775 ἀρχῆς,
1707 5703 1844 5758 τὸδὲ

270 5797 366 5870 τὴν
393 5797 486 5852 τοῦ
515 5797 701 5862 τέλους
743 5796 1092 5869 ἀλλοτρίωσιν
1139 5795 1360 5861 ἔδειξεν·
1409 5796 1532 5850 οὔτε
1582 5797 1842 5868 μερισμόν

1957 4624 2124 4662 ιιιιιιιιι
2178 4609 2356 4668 adest.
2408 4619 2515 4659 non
2545 4605 2599 4657 in
2634 4603 2825 4659 eodem
2877 4603 3215 4672 intelligatur
3248 4601 3479 4654 alterum
3513 4619 3527 4654 :

1955 4702 2099 4755 sicut
2123 4699 2176 4752 in
2201 4697 2391 4754 eodem
2420 4697 2587 4750 vitam
2623 4694 2785 4748 simul
2824 4701 2879 4748 et
2906 4701 3133 4748 mortem
3165 4691 3391 4760 intelligi
3413 4705 3527 4744 non

1953 4791 2237 4861 contingit,
2266 4789 2361 4846 sed
2399 4789 2528 4843 talis
2555 4796 2639 4844 est
2668 4787 3105 4856 uniuscnjusque
3132 4799 3318 4839 eorum
3355 4782 3532 4836 nomi-

1953 4897 2080 4935 num
2116 4895 2235 4950 quaa
2287 4882 2354 4934 de
2396 4880 2578 4933 divina
2629 4889 2824 4933 natura
2860 4875 3119 4930 diettntur
3173 4872 3527 4942 signiﬁcatio,

1959 4983 2020 5028 ut
2061 4974 2273 5028 tametsi
2300 4973 2608 5044 signiﬁcatu
2643 4962 2952 5042 separatum
2977 4967 3070 5030 sit,
3108 4965 3312 5019 nullam
3342 4971 3528 5020 tamen

1952 5067 2213 5120 adversus
2247 5064 2393 5119 aliud
2423 5064 2568 5135 quod
2601 5062 2765 5118 simul
2790 5075 2915 5115 cum
2945 5074 3011 5113 eo
3059 5057 3398 5121 nominatur,
3428 5055 3528 5110 ba-

1951 5157 2076 5213 beat
2109 5144 2572 5212 contrarietatem.
2600 5153 2740 5219 Quid
2771 5153 2918 5208 enim
2966 5151 3288 5218 incorporeo
3336 5139 3530 5202 adver-

1951 5257 2104 5303 satnr
2121 5249 2352 5318 justum,
2377 5249 2477 5303 etsi
2516 5248 2658 5299 inter
2681 5259 2738 5298 se
2761 5241 3062 5297 secundum
3093 5239 3342 5295 notitiam
3365 5239 3527 5294 verba

1949 5356 2056 5395 non
2084 5340 2450 5396 conveniant?
2487 5337 2658 5404 Quam
2693 5345 2874 5389 autem
2909 5333 3220 5387 habetcum
3257 5329 3525 5384 invisibili

1949 5433 2358 5505 repugnantiam
2387 5430 2643 5485 bonitas?
2675 5428 2765 5482 Sic
2796 5441 2973 5496 neque
2993 5423 3340 5479 divinzelvita:
3368 5433 3526 5477 aeter-

1948 5523 2199 5582 ternitas,
2234 5521 2361 5576 licet
2391 5520 2604 5574 duobus
2638 5518 2954 5573 nominibus
2976 5527 3031 5573 et
3081 5517 3400 5574 nationibus
3434 5517 3523 5570 di-

1949 5622 2263 5686 gnoscatur,
2291 5613 2358 5666 ab
2384 5627 2450 5667 eo
2497 5611 2642 5683 quod
2708 5610 3000 5666 terminum
3051 5626 3160 5665 non
3213 5609 3412 5672 habet.
3467 5615 3524 5663 et

1950 5705 2218 5775 principio
2277 5712 2448 5768 caret,
2491 5701 2773 5756 nominum
2829 5699 3129 5756 diﬁ’erentia
3159 5699 3520 5764 discinditur;

1947 5812 2122 5867 neque
2145 5795 2286 5852 idem
2315 5803 2400 5851 est
2428 5809 2551 5850 cum
2576 5793 2746 5849 altero
2771 5792 3069 5849 secundum
3102 5790 3520 5864 signiﬁcantium
