4006 6478
298 326 324 381 Ι
333 324 442 383 0'15

1427 329 1701 387 CONTRA
1742 326 2133 385 EUNOMIUM.
2174 327 2295 381 UB.
2339 329 2450 383 XII.

3399 328 3538 386 £073

362 441 475 503 Δεῖ,
490 440 639 511 φησὶ,
655 440 763 509 τῆς
779 440 967 509 αὐτῆς
979 439 1123 507 ζωῆς
1139 444 1232 496 καὶ
1248 443 1352 513 τῆς
1369 440 1698 509 εἰλικρινῶς
1708 440 1865 510 μιᾶς.

2048 437 2282 507 Oportet,
2306 438 2503 507 inquit,
2530 437 2760 506 ejusdem
2792 438 2907 492 vita
2936 448 2984 492 et
3034 438 3342 508 simpliciter
3382 444 3540 497 unius

293 532 403 587 ἕνα
418 530 514 591 καὶ
532 530 832 585 remorer
845 527 995 585 εἶναι
1009 533 1210 601 λόγον,
1228 531 1342 586 κᾶν
1357 532 1478 597 τοῖς
1498 534 1747 600 ὀνόμασι
1766 529 1863 582 καὶ

295 622 376 687 τῷ
392 623 583 691 τρόπῳ
602 621 699 675 καὶ
724 621 797 689 τῇ
813 622 970 686 τάξει
995 624 1273 691 φαίνηται
1288 622 1587 692 διάφορος.
1612 622 1732 677 Τῶν
1758 621 1865 691 γὰρ

294 712 526 781 ἀληθῶς
564 714 759 782 λόγων
778 714 846 768 ἐκ
876 714 993 767 τῶν
1022 716 1423 785 ὑποκειμένων
1450 716 1547 769 καὶ
1577 713 1865 782 δηλουμέ-

294 824 418 859 rw
442 805 796 874 πραγμάτων
821 808 1243 874 λαμϐανόντων
1270 812 1382 875 τὴν
1408 809 1729 874 ἐπίκρισιν,
1766 808 1863 860 καὶ

294 897 412 952 τῶν
423 898 636 966 ἐτέρων
649 897 869 967 ἑτέροις
882 899 1181 968 πράγμασι
1195 899 1864 970 συναρμοζομένων,ὦσ-

295 1006 405 1055 περ
418 984 493 1045 αὖ
512 989 609 1042 καὶ
631 988 746 1043 τῶν
760 990 957 1047 αὐτῶν
977 991 1097 1057 τοῖς
1115 993 1337 1058 αὐτοῖς,
1364 994 1434 1055 ἐξ
1461 993 1727 1060 ἀνάγκης
1741 992 1867 1046 δεῖν

294 1078 465 1135 δυοῖν
499 1076 650 1132 εἶναι
676 1080 942 1148 θάτερον,
973 1083 1010 1150 ἣ
1050 1083 1147 1137 καὶ
1173 1084 1239 1137 τὸ
1276 1083 1511 1153 πρᾶγμα
1546 1085 1610 1137 τὸ
1648 1085 1866 1151 δηλού-

290 1188 477 1239 per-oar
500 1170 732 1238 πᾴντως
756 1173 980 1239 ἕτερον,
1014 1174 1050 1242 ἢ
1097 1175 1249 1243 μηδὲ
1291 1175 1394 1229 τὸν
1432 1176 1733 1243 δηλοῦντα
1760 1178 1865 1229 λόο
1909 1218 1919 1228 .

296 1278 405 1329 γον
455 1262 693 1331 ἕτερον’
752 1265 1011 1331 μηδενὸς
1082 1266 1471 1336 ὑποκειμένου
1531 1266 1867 1334 πράγματος

295 1356 453 1423 παρὰ
473 1356 586 1423 τὴν
608 1357 713 1412 τοῦ
742 1358 876 1412 Υἱοῦ
901 1358 1072 1425 ζωὴν,
1103 1358 1149 1424 ᾧ
1171 1376 1261 1425 τις
1291 1357 1367 1412 ἂν
1391 1360 1429 1426 ἢ
1462 1358 1574 1425 τὴν
1600 1358 1868 1412 διάνοιαν

293 1448 676 1516 ἐπερείσειεν,
710 1450 747 1518 ἢ
786 1452 891 1505 τὸν
918 1451 1120 1518 ἕτερον
1165 1454 1350 1521 λόγον
1400 1452 1740 1520 ἑπιρῤίψειε.
1776 1452 1864 1518 Μή

294 1538 378 1601 τίς
403 1540 547 1593 ἐστιν
570 1542 628 1592 ὲν
659 1543 769 1603 τοῖς
811 1542 1115 1613 εἰρημένοις
1146 1543 1503 1613 ἀναρμοστία,
1539 1543 1614 1605 ὡς
1654 1543 1714 1595 οὐ
1752 1542 1867 1595 δέον

297 1632 389 1684 ἐπὶ
430 1631 523 1684 τοῦ
566 1632 893 1700 Μονογενοῧς
943 1634 1009 1690 τὰ
1053 1635 1273 1688 τοιαῦτα
1315 1634 1554 1705 λέγεινῆ
1597 1635 1865 1706 γράφεινς

296 1720 429 1789 Οὐχὶ
456 1721 547 1773 καὶ
598 1722 626 1773 ὁ
671 1721 795 1783 Υἱὸς
852 1722 1009 1786 αὐτὸς
1051 1726 1163 1775 ἐστι
1214 1723 1323 1793 ζωὴ
1371 1724 1671 1795 εἰλικρινῶς
1726 1725 1864 1792 pia;

296 1809 428 1877 Οὐχὶ
451 1810 545 1861 καὶ
588 1811 673 1861 ἐπ’
720 1809 882 1862 αὑτοῦ
930 1810 1027 1869 ἕνα
1073 1810 1167 1865 καὶ
1202 1810 1291 1863 τὸν
1333 1810 1490 1863 αὐτὸν
1528 1806 1664 1862 εἶναι
1702 1826 1868 1879 προσ-

296 1905 419 1973 ήκει
451 1902 626 1971 λόγον,
659 1902 758 1957 κᾶν
807 1906 917 1967 τοῖς
957 1904 1209 1974 ὀνόμασιν
1257 1905 1288 1974 ἦ
1335 1904 1408 1975 τῷ
1448 1904 1631 1975 τρόπῳ
1671 1905 1763 1956 καὶ
1798 1906 1863 1973 τῇ

295 1993 444 2057 τάξει
477 1994 729 2064 φαίνηται
770 1995 1059 2067 διάφορος;
1096 1998 1228 2067 Οὐχὶ
1272 1998 1365 2050 καὶ
1405 1998 1489 2049 ἐπ’
1519 1996 1725 2049 ἐκείνου
1757 1996 1865 2048 τῶν

294 2084 388 2138 δύο
406 2086 466 2139 τὸ
491 2086 673 2158 ἕτερον
699 2086 759 2151 ἐξ
785 2088 1029 2157 ἀνάγκης
1054 2090 1323 2156 στήσεται,
1354 2087 1387 2153 ἧ
1421 2088 1512 2143 καὶ
1548 2088 1608 2140 τὸ
1638 2090 1864 2158 πρᾶγμα

293 2176 357 2229 τὸ
390 2176 712 2247 δηλούμενον
742 2176 956 2239 πάντως
988 2178 1191 2248 ἓτερον,
1235 2178 1267 2248 ἦ
1321 2179 1454 2249 μηδὲ
1482 2179 1569 2231 τὸν
1604 2178 1867 2250 δηλοῦντα

293 2268 469 2337 λόγον,
520 2268 742 2340 μηδενὸς
781 2270 1142 2340 ὑποκειμένου
1197 2271 1512 2341 πράγματος
1569 2270 1718 2340 παρὰ
1766 2270 1862 2341 τὴν

292 2360 439 2430 ζωὴν
475 2359 658 2420 αὑτοῦ.
692 2352 735 2427 ᾧ
782 2377 864 2422 τις
904 2361 970 2417 ἂν
998 2360 1029 2425 ἦ
1069 2363 1165 2430 τὴν
1197 2362 1427 2415 διάνοιαν
1454 2361 1860 2432 ὲπερείσειεν,ἢ

290 2451 384 2505 τὸν
438 2450 623 2520 ἕτερον
674 2450 831 2519 λόγον
875 2452 1244 2522 ἐπιρῤίψειεν;
1299 2453 1464 2507 Οὐδὲν
1528 2455 1655 2522 παρ’
1706 2454 1860 2523 ἡμῶν

290 2545 403 2605 τοῖς
428 2543 556 2613 περὶ
593 2541 684 2595 τοῦ
716 2542 927 2612 Πατρὸς
960 2544 1264 2613 εἰρημένοις
1299 2543 1446 2614 παρά
1477 2544 1569 2596 τοῦ
1602 2545 1861 2615 Εὐνομίου

1966 546 2127 585 unum
2151 539 2201 582 et
2223 529 2456 582 eumdem
2480 545 2591 582 esse
2617 546 2925 590 sermonem,
2954 532 3190 598 quamvis
3217 531 3539 595 nominibus,

1965 633 2013 675 et
2042 622 2191 677 modo
2217 632 2265 675 et
2287 622 2469 676 ordine
2498 621 2737 675 videatur
2785 639 2895 676 esse
2928 622 3202 677 diversus:
3245 638 3363 677 cum
3397 624 3536 677 enim

1967 716 2071 769 veri
2102 732 2362 771 sermones
2397 730 2460 768 ex
2482 715 2727 783 subjectis
2771 724 2819 768 et
2859 714 3007 768 rebus
3032 730 3148 784 qua:
3197 712 3539 767 declarantur

1966 804 2395 873 dijudicationem
2429 814 2680 868 sumant;
2712 821 2929 875 cumque
2960 805 3051 856 alii
3082 803 3203 857 aliis
3232 804 3383 857 rebus
3414 820 3537 856 eon-

1965 903 2176 965 gruant,
2203 897 2337 947 sicut
2358 894 2514 947 iidem
2532 894 2734 959 iisdem,
2756 896 3046 949 necessario
3067 894 3290 948 duorum
3312 896 3535 948 alterum

1965 1003 2076 1039 esse
2102 996 2355 1056 oportere,
2383 988 2458 1039 rel
2482 1003 2589 1039 rem
2612 1003 2727 1053 quw
2756 985 3080 1048 declaratur,
3119 988 3329 1040 omnino
3361 986 3531 1041 direr-

1966 1094 2103 1141 sam,
2132 1079 2207 1131 vel
2236 1095 2393 1148 neque
2413 1080 2702 1133 orationem
2722 1096 2838 1149 qua:
2861 1078 3096 1133 declarat
3125 1081 3382 1134 diversam
3405 1096 3534 1139 esse,

1967 1185 2085 1221 cum
2132 1169 2278 1221 nulla
2327 1187 2406 1224 res
2438 1170 2546 1224 alia
2575 1170 2809 1239 subjecta
2869 1172 2937 1225 sit
2962 1182 3153 1239 printer
3206 1169 3328 1229 Filii
3354 1172 3533 1230 vitam,

1968 1263 2052 1316 cui
2081 1263 2341 1332 quispiam
2373 1264 2534 1330 possit
2583 1263 2951 1332 cogitationem
2992 1262 3167 1331 ﬁgere,
3215 1266 3288 1315 rel
3313 1262 3537 1315 alterum

1967 1371 2253 1407 sermonem
2280 1354 2549 1421 projicere.
2582 1352 2719 1406 Num
2745 1354 2925 1423 aliqua
2958 1354 3116 1407 estin
3154 1354 3315 1408 dictis
3347 1353 3535 1407 incon.

1968 1447 2225 1507 cinnilas,
2261 1445 2401 1514 quod
2430 1462 2535 1499 non
2566 1454 2813 1515 Oporteat
2842 1446 2908 1499 de
2938 1444 3224 1514 Unigenito
3258 1444 3384 1499 talia
3411 1461 3537 1514 pro-

1971 1540 2136 1604 ferre,
2164 1541 2247 1593 vel
2277 1540 2560 1594 scribere?
2582 1540 2827 1609 nunquid
2878 1540 3040 1592 etiam
3066 1538 3234 1593 Filius
3256 1538 3371 1605 ipse
3412 1546 3498 1590 est
3518 1577 3535 1599 ,

1934 1690 1937 1691 ν
1970 1629 2077 1682 vita
2098 1629 2311 1683 sincere
2325 1637 2375 1682 et
2397 1630 2714 1697 simpliciter
2732 1626 3127 1693 una?nunquid
3155 1627 3317 1679 etiam
3352 1625 3543 1694 inipso

1972 1718 2137 1771 vitam
2168 1726 2220 1772 et
2246 1717 2489 1771 eamdem
2521 1721 2773 1770 convenit
2802 1732 2922 1771 esse
2973 1716 3263 1779 rationem,
3320 1715 3533 1769 tametsi

1971 1809 2284 1863 nominibus
2314 1818 2367 1863 et
2418 1810 2633 1873 ordine,
2688 1809 2771 1862 vel
2806 1809 2965 1862 modo
3002 1808 3253 1862 videatur
3281 1805 3539 1859 dilierre?

1970 1898 2296 1969 Nunquidin
2330 1901 2424 1954 illo
2456 1901 2689 1955 duorum
2733 1900 2969 1954 alterum
2992 1900 3307 1953 necessario
3327 1908 3535 1953 statue-

1970 2001 2082 2057 tur,
2116 1992 2201 2046 vel
2233 2007 2345 2045 rem
2378 2008 2498 2061 qua:
2532 1992 2868 2057 declaratur,
2888 1992 3114 2047 omnino
3130 1991 3422 2054 diversam,
3456 1990 3537 2043 vel

1969 2102 2149 2157 neque
2182 2086 2488 2145 orationem
2520 2100 2644 2154 qlia:
2673 2085 2934 2148 declarat,
2981 2086 3127 2138 nulla
3175 2100 3235 2139 re
3293 2083 3536 2151 subjecta

1966 2185 2164 2249 praeter
2182 2178 2344 2237 vitam
2373 2176 2565 2246 ipsius,
2585 2177 2636 2230 in
2657 2193 2766 2246 quo
2781 2178 2902 2245 quis
2920 2178 3303 2247 cogitationem
3324 2177 3538 2229 lirmare

1969 2270 2161 2343 possit,
2190 2269 2270 2323 vel
2304 2269 2528 2321 alteram
2557 2269 2858 2323 orationem
2890 2268 3151 2337 abjicere?
3171 2266 3361 2320 Niliila
3382 2265 3541 2321 nobis

1967 2362 2053 2416 bis
2092 2375 2210 2431 quae
2233 2359 2300 2417 de
2336 2358 2496 2413 Patre
2520 2359 2589 2419 ab
2618 2358 2885 2413 Eunomio
2910 2359 3053 2412 dicta
3086 2366 3213 2414 sunt
3243 2357 3537 2410 immistqu

1966 2462 2071 2509 est.
2095 2450 2201 2506 Sed
2226 2451 2292 2507 ad
2319 2452 2564 2505 eamdem
2586 2449 2987 2509 confessionem
3013 2459 3067 2504 et
3092 2447 3539 2504 consecutionem

1970 2546 2238 2607 venimus,
2271 2545 2445 2601 solum
2502 2541 2627 2601 Filii
2655 2558 2853 2596 nomen
2880 2544 3288 2611 interponentes

290 2638 839 2710 ὲμμέμικται..Ἀλλ’
880 2640 966 2693 ἐπ’
996 2639 1165 2709 αὐτῆς
1195 2639 1427 2711 ἤλθομεν
1468 2641 1569 2711 τῆς
1612 2643 1903 2712 ὁμολογίας
1948 2641 2166 2710 καὶτῆς
2209 2637 2547 2705 ἀκολουθίας,
2589 2636 2749 2708 μόνον
2785 2636 2876 2690 τοῦ
2921 2636 3049 2697 Υἱοῦ
3087 2634 3441 2707 παρενθέντες
3477 2635 3542 2690 τὸ

289 2734 477 2801 ὃνομει.

364 2913 427 2966 El
455 2909 548 2967 οὖν
581 2915 675 2969 καὶ
704 2914 865 2979 αὐτὸς
909 2920 1003 2990 μία
1183 2919 1472 2992 εἰλικρινὴς
1518 2916 1699 2987 πάσης
1734 2934 1857 2970 συν.

294 3006 494 3069 θέσεως
524 3007 616 3060 καὶ
639 3007 842 3075 πλοκῆς
864 3006 1258 3077 κεχωρισμένη,
1284 3009 1377 3062 καὶ
1404 3009 1553 3063 οὐδὲν
1572 3009 1860 3065 ἀπόκειται

2040 2908 2095 2970 Si
2137 2916 2302 2985 igitur
2327 2916 2488 2969 etiam
2534 2916 2650 2983 ipse
2696 2928 2801 2967 una
2837 2912 3212 2977 viui'sincera,
3256 2901 3327 2968 ab
3378 2913 3528 2966 omni

1965 3009 2361 3081 compositione
2392 3018 2445 3062 et
2479 3007 2639 3077 plexu
2679 3014 2952 3073 separata,
2988 3014 3042 3059 et
3072 3005 3219 3058 nulla
3253 3020 3342 3059 res
3372 3018 3534 3074 repo-

294 3098 523 3167 πρᾶγμα
556 3097 707 3169 παρά
743 3097 840 3167 τὴν
871 3098 964 3150 τοῦ
1000 3097 1129 3155 Υἱοῦ
1173 3098 1334 3170 ζωήν.
1386 3100 1512 3163 Πῶς
1544 3102 1652 3171 γὰρ
1688 3102 1746 3154 ἐν
1782 3100 1859 3171 τῷ

1968 3099 2112 3153 uitur
2142 3104 2335 3166 praeter
2367 3095 2489 3149 Filii
2525 3095 2710 3153 vitam.
2742 3094 3025 3160 Quomodo
3056 3094 3200 3147 enim
3230 3094 3282 3147 in
3308 3109 3366 3147 re
3396 3094 3535 3148 sim-

293 3187 450 3257 ἁπλῷ
498 3188 643 3257 μίξις
674 3188 953 3260 ἀλλοτρίου
989 3189 1306 3259 πράγματος
1339 3190 1728 3256 excusatione;
1783 3193 1857 3246 Οὐ

293 3278 402 3349 γὰρ
441 3278 506 3334 ἂν
536 3280 616 3333 ἔτι
662 3280 865 3334 ἁπλοῦν
914 3279 999 3347 εἴη
1047 3281 1105 3335 τὸ
1157 3282 1271 3351 μεθ’
1302 3282 1489 3353 ἑτέρου
1538 3284 1855 3354 νοούμενον·

295 3369 437 3441 ἁπλῆ
551 3370 661 3442 ζωὴ
686 3372 776 3424 καὶ
800 3373 831 3441 ἡ
861 3371 952 3429 τοῦ
970 3372 1181 3441 Πατρὸς
1213 3372 1369 3426 οὐσία
1395 3389 1408 3402 ·
1433 3374 1608 3444 ἁπλῆς
1629 3374 1685 3427 δὲ
1715 3374 1859 3444 ζωῆς

294 3460 413 3511 κατ’
447 3459 608 3521 αὑτὸν
637 3459 725 3512 τόν
761 3477 818 3512 τε
846 3460 946 3527 τῆς
987 3460 1151 3531 ζωῆς,
1187 3464 1279 3525 καὶ
1311 3463 1398 3515 τὸν
1427 3464 1523 3533 τῆς
1563 3463 1861 3533 ἁπλότητος

295 3548 469 3617 λόγον,
491 3550 713 3616 οὐδεμία
738 3549 818 3613 τίς
845 3551 959 3602 ἐστι
979 3550 1229 3622 διαφορὰ,
1248 3551 1369 3605 οὔτε
1391 3553 1709 3618 ὲπιτάσεως,
1736 3553 1860 3608 οὔτε

296 3643 535 3711 ὑφέσεως
562 3684 574 3703 ,
609 3642 729 3696 οὔτε
762 3647 857 3714 τῆς
885 3644 1024 3696 κατὰ
1064 3645 1123 3695 τὸ
1154 3646 1337 3707 ποσὸν,
1370 3646 1401 3714 ἢ
1437 3646 1585 3698 ποιὸν
1616 3647 1865 3719 ἑτερότη-

294 3750 383 3790 τος
419 3733 518 3803 τὴν
564 3732 913 3804 παραλλαγὴν
952 3732 1301 3803 ἐμποιούσης,
1349 3734 1561 3803 ἀνάγκη
1604 3737 1749 3787 πᾶσα
1793 3734 1862 3788 τὰ

293 3824 411 3884 ταῖς
444 3822 633 3884 αὑταῖς
664 3823 894 3884 ἐννοίαις
939 3822 1320 3891 συμϐαίνοντα,
1365 3824 1455 3873 καὶ
1489 3823 1592 3875 ὑπὸ
1623 3824 1731 3876 τῶν
1767 3826 1863 3877 αὺ-

294 3914 401 3966 τῶν
434 3914 810 3985 προσηγοριῶν
838 3914 1213 3983 ὀνομάζεσθαι.
1246 3914 1308 3975 Ei
1335 3909 1425 3966 οὖν
1450 3914 1508 3966 ἓν
1535 3914 1594 3966 τὸ
1632 3917 1863 3985 πρᾶγμα

295 4008 356 4059 τὸ
385 4008 525 4060 κατά
551 4008 648 4077 τὴν
683 4006 960 4075 ἁπλότητα
1002 3996 1099 4076 τῆς
1138 4005 1283 4074 ζωῆς
1331 4008 1388 4060 ὲν
1424 4007 1595 4074 Πατρὶ
1626 4008 1719 4060 καὶ
1750 4007 1863 4078 rio

298 4097 793 4167 καταλαμβάνεται,
823 4097 1075 4166 οὐδεμίαν
1104 4095 1193 4150 τοῦ
1230 4099 1327 4167 τῆς
1358 4097 1657 4168 ἁπλότητος
1678 4098 1860 4167 λόγου,

297 4184 478 4249 καθὼς
506 4187 735 4256 εἴρηται,
769 4185 1119 4256 παραλλαγὴν
1138 4186 1447 4258 δεχομένου,
1477 4189 1687 4259 ἀνάγκη
1713 4191 1863 4261 πᾷσα

298 4278 359 4332 τὸ
386 4277 462 4348 τῷ
505 4278 586 4330 ἐνὶ
617 4280 1055 4349 ὲφαρμοζὸμενον
1085 4280 1272 4350 ὄνομα,
1309 4281 1401 4333 καὶ¹
1430 4280 1563 4352 πρὸς
1588 4281 1650 4333 τὸ
1682 4282 1863 4353 ἕτερον

298 4370 593 4441 προσφυῶς
627 4370 767 4440 ἔχειν
792 4385 805 4399 ⁸
835 4370 972 4423 ὥστε
1002 4373 1049 4424 εἰ
1088 4374 1119 4443 ἡ
1148 4372 1383 4445 ἁπλότης
1411 4373 1510 4443 τῆς
1540 4372 1632 4427 τοῦ
1654 4375 1864 4444 Πατρὸς

1967 3190 2094 3259 plici
2124 3204 2213 3251 res
2232 3189 2421 3243 alienae
2440 3188 2625 3245 mistio
2651 3187 2703 3240 in
2738 3187 3105 3259 suspicionem
3137 3184 3396 3247 caderet?
3420 3184 3540 3239 Non

1966 3282 2110 3341 enim
2143 3281 2377 3352 amplius
2407 3281 2641 3349 simplex
2679 3280 2862 3345 fuerit,
2891 3278 3035 3350 quod
3079 3294 3203 3333 cum
3240 3280 3415 3333 altero
3449 3281 3538 3334 in—

1967 3372 2247 3442 telligitur,
2281 3372 2506 3440 simplex
2559 3380 2741 3424 autem
2783 3371 2890 3423 vita
2945 3379 2998 3424 et
3028 3369 3208 3427 Patris
3256 3371 3537 3431 essentia;

1967 3463 2231 3532 simplicis
2283 3470 2463 3516 autem
2500 3463 2625 3516 vita:
2664 3463 2964 3517 secundum
3021 3460 3265 3516 eamdem
3316 3462 3438 3516 vitae
3488 3469 3544 3514 et

1968 3552 2336 3623 simplicitatis
2392 3554 2659 3607 rationem
2716 3554 2865 3606 nulla
2918 3560 3001 3606 est
3039 3552 3366 3616 dilierenlia,
3418 3568 3542 3607 eum

1966 3646 2116 3701 nulla
2148 3647 2218 3698 sit
2243 3645 2497 3705 intentio,
2532 3660 2707 3713 neque
2729 3644 3001 3709 remissio,
3028 3660 3206 3713 neque
3237 3645 3541 3703 secundum

1968 3742 2233 3809 quantum
2262 3736 2346 3789 vel
2381 3735 2541 3804 quale
2570 3735 2881 3796 diversitas,
2916 3750 3036 3804 qua:
3070 3735 3305 3802 aliquam
3332 3733 3543 3789 discre-

1968 3827 2208 3896 pantiam
2244 3826 2426 3886 faciat,
2454 3827 2823 3881 necessarium
2842 3833 2929 3880 est
2955 3826 3177 3880 omnino
3212 3840 3331 3893 quae
3350 3824 3542 3878 iisdem

1969 3914 2285 3969 nationibus
2317 3916 2673 3977 conveniunt,
2714 3915 2875 3968 etiam
2928 3914 3120 3967 iisdem
3166 3912 3515 3982 appellationi

1970 4007 2072 4063 bus
2098 4008 2392 4062 nominari.
2421 4007 2477 4060 Si
2510 4021 2641 4075 ergo
2668 4022 2757 4059 res
2784 4020 2889 4059 una
2925 4002 3225 4059 secundum
3268 4003 3389 4057 vita:
3414 4002 3543 4056 sim-

1971 4101 2263 4170 plicilatem
2298 4101 2352 4153 in
2396 4098 2554 4152 Patre
2583 4106 2638 4152 ct
2684 4096 2825 4150 Filio
2865 4094 3369 4166 comprehenditur,
3416 4108 3541 4147 cum

1970 4195 2176 4250 nullam
2207 4193 2572 4262 simplicitatis
2603 4190 2801 4251 oratio,
2832 4190 2976 4245 sicut
3004 4189 3211 4243 dictum
3242 4197 3349 4253 est,
3386 4187 3542 4243 dilic-

1969 4285 2200 4340 rentiam
2254 4284 2509 4354 accipiat,
2559 4298 2785 4337 necesse
2835 4289 2919 4341 est
2964 4281 3183 4353 penitus
3237 4290 3295 4332 ut
3345 4296 3543 4335 nomen

1972 4378 2115 4448 quod
2152 4377 2244 4431 uni
2280 4377 2533 4444 congruit
2561 4376 2722 4430 etiam
2761 4376 2917 4429 alteri
2956 4375 3268 4428 conveniat.
3294 4375 3372 4427 ita
3410 4384 3467 4427 ut
3497 4374 3545 4430 si

299 4462 444 4531 ζωῆς
474 4461 551 4531 τῷ
579 4462 676 4531 τῆς
705 4462 1028 4533 ἀγεννησὶας
1043 4465 1266 4533 ὀνόματι
1293 4464 1727 4535 διασημαίνεται,
1761 4484 1865 4536 μη-

1973 4470 2297 4539 simplicitas
2326 4469 2447 4522 vitae
2491 4466 2670 4522 Patris
2715 4466 2937 4529 nomine
2980 4467 3078 4537 τῆς
3112 4466 3435 4536 ἁγεννησίας
3471 4467 3546 4520 si-

298 4553 355 4606 δὲ
405 4553 539 4622 πρὸς
584 4553 680 4624 τὴν
722 4553 814 4605 τοῦ
854 4553 981 4606 Υἱοῦ
1023 4555 1301 4627 ἁπλότητα
1352 4556 1447 4627 τὴν
1507 4558 1686 4627 φωνὴν
1721 4558 1867 4610 ἀνοι-

300 4645 461 4707 κείως
490 4645 653 4716 ἔχειν.
706 4648 913 4716 Ὠσπερ
939 4646 1045 4715 γὰρ
1074 4646 1132 4698 τὸ
1159 4646 1371 4714 λογικὸν
1408 4650 1502 4701 καὶ
1537 4649 1748 4719 θνητὸν,
1780 4651 1870 4704 καὶ

300 4735 392 4788 νοῦ
444 4738 534 4789 καὶ
571 4738 878 4807 ἐπιστήμης
920 4738 1160 4791 δεκτικὸν
1206 4738 1486 4809 ἄνθρωπος
1524 4739 1865 4811 ὀνομάζεται,

302 4826 500 4895 ὁμοίως
527 4826 615 4878 ἐπί
644 4844 702 4878 τε
731 4827 822 4879 τοῦ
872 4828 1041 4897 Ἀδὰμ
1088 4828 1180 4887 καὶ
1212 4829 1304 4881 τοῦ
1332 4830 1495 4883 ’Ἅϐελ
1519 4847 1531 4859 ·
1586 4833 1678 4885 καὶ
1720 4833 1870 4885 οὐδὲν

300 4920 400 4988 τὴν
438 4922 535 4989 τῆς
562 4919 773 4987 φύσεως
798 4920 1107 4989 ἐπωνυμίαν
1132 4920 1456 4990 ὑπήμειψεν,
1488 4921 1609 4975 οὔτε
1650 4924 1740 4975 ἐπὶ
1778 4924 1868 4976 τοῦ

307 5012 471 5064 ’Ἅϐελ
491 5012 551 5065 τὸ
576 5011 662 5066 διά
691 5013 1009 5082 γεννήσεως,
1039 5011 1159 5065 οὔτε
1190 5015 1281 5066 ἐπὶ
1311 5013 1404 5065 τοῦ
1454 5014 1622 5085 ’Λδάμ
1658 5016 1717 5069 τὸ
1743 5018 1869 5070 ἄνευ

303 5106 609 5175 γεννήσεως
635 5106 715 5167 εἰς
740 5104 883 5175 ζωὴν
908 5105 1215 5175 παρελθεῖν,
1244 5104 1369 5159 οὔτε
1392 5107 1549 5177 εἵπερ
1574 5108 1633 5159 τὸ
1668 5108 1871 5162 ἁπλοῦν

306 5197 401 5251 καὶ
425 5196 712 5250 ἀσύνθετον
744 5197 843 5266 τῆς
881 5197 973 5249 τοῦ
997 5198 1208 5267 Πατρδς
1231 5198 1372 5268 ζωῆς
1396 5200 1564 5269 ὄνομα
1598 5202 1694 5269 τὴν
1717 5203 1872 5269 ἀγεν-

306 5286 499 5356 νησίαν
536 5286 684 5357 ἔχει’
714 5286 967 5351 ὡσαύτως
996 5288 1088 5342 καὶ
1113 5289 1205 5340 ἐπὶ
1237 5290 1336 5359 τῆς
1377 5291 1468 5344 τοῦ
1501 5291 1629 5345 Υἰοῦ
1660 5290 1801 5363 ζωῆς
1834 5297 1866 5363 ἡ

307 5376 443 5447 αὐτὴ
472 5376 648 5431 ἔννοια
674 5381 739 5447 τῇ
768 5379 904 5447 αὐτῇ
935 5382 1083 5449 φωνῇ
1107 5379 1224 5432 κατ’
1251 5380 1493 5450 ἀνάγκην
1524 5383 1871 5455 ἐφαρμοσθή-

308 5487 459 5527 σεται
480 5486 494 5500 ο
522 5471 677 5542 εἴπερ
703 5471 790 5541 δὴ,
838 5470 1017 5534 καθώς
1053 5489 1215 5543 φησιν
1243 5475 1271 5524 ὁ
1296 5474 1575 5544 Εὐνόμιος,
1608 5475 1751 5528 δυοῖν
1779 5476 1872 5530 θά-

307 5560 534 5632 τερον,ἢ
562 5564 656 5615 καὶ
676 5564 735 5617 τὸ
754 5565 985 5634 πρᾶγμα
1010 5570 1068 5617 τὸ
1086 5563 1407 5634 δηλούμενον
1435 5568 1646 5631 πάντως
1668 5569 1868 5641 ἕτερον,

308 5653 345 5724 ἢ
379 5655 509 5725 μηδὲ
539 5658 629 5709 τὸν
650 5656 911 5725 δηλοῦντα
942 5657 1097 5725 λόγον
1123 5657 1308 5712 ἕτερον
1347 5654 1503 5712 εἶναι,

1971 4562 2282 4632 gniﬁeatur,
2318 4576 2491 4629 neque
2522 4560 2590 4615 ad
2626 4558 2747 4612 Filii
2778 4559 3181 4628 simplicitatem
3219 4576 3404 4613 vocem
3442 4560 3544 4613 im-

1972 4654 2209 4721 proprie,
2241 4651 2356 4704 sive
2387 4651 2777 4704 convenieutcr
2797 4664 2857 4703 se
2884 4649 3156 4704 habuerit.
3179 4649 3545 4717 Quemadmo-

1971 4741 2098 4796 dum
2130 4740 2273 4793 euim
2306 4740 2574 4793 rationale
2609 4747 2664 4793 et
2702 4739 2956 4803 mortale,
2998 4748 3051 4794 et
3082 4741 3225 4807 quod
3264 4741 3461 4792 mentis
3492 4750 3545 4794 et

1972 4832 2214 4885 scientia:
2253 4846 2445 4899 capax,
2508 4831 2670 4885 homo
2720 4832 3057 4893 nominatur,
3103 4832 3353 4884 similiter
3405 4842 3451 4885 et
3487 4831 3540 4884 in

1974 4923 2203 4983 Atlante,
2236 4935 2288 4975 et
2336 4924 2388 4976 in
2426 4923 2612 4989 Abele,
2656 4932 2711 4978 et
2752 4924 2883 4977 nihil
2928 4931 3136 4976 natura:
3187 4924 3543 4991 cognomina-

1975 5015 2175 5071 tionem
2211 5016 2539 5081 immutavit,
2570 5033 2746 5085 neque
2778 5018 2829 5071 in
2883 5017 3047 5070 Abelc
3078 5015 3222 5083 quod
3256 5032 3352 5085 per
3379 5032 3543 5084 gone.

1972 5106 2262 5169 rationem,
2297 5120 2471 5174 neque
2502 5108 2554 5160 in
2594 5107 2803 5165 Adamo
2848 5107 2992 5175 quod
3035 5106 3152 5159 sine
3196 5110 3546 5175 generatione

1973 5197 2038 5252 ad
2090 5199 2256 5251 vitam
2314 5200 2602 5269 prodierit,
2645 5215 2821 5267 neque
2879 5199 3147 5266 siquidem
3203 5201 3432 5269 simplex
3495 5213 3546 5253 et

1974 5288 2384 5357 compositionis
2412 5303 2604 5357 expers
2633 5288 2742 5340 vita
2791 5285 2969 5342 Patris
3002 5303 3199 5341 nomen
3235 5288 3331 5357 τήν
3379 5291 3546 5356 ἀγεν-

1973 5379 2162 5448 νησίαν
2200 5380 2360 5434 habet
2395 5398 2407 5431 :
2453 5376 2640 5432 eodem
2683 5387 2841 5447 pacto
2871 5385 2923 5431 et
2966 5378 3019 5430 in
3052 5376 3174 5431 Filii
3217 5378 3326 5430 vita
3358 5378 3545 5433 eadem

1974 5473 2128 5528 notio
2164 5473 2341 5529 eidem
2373 5470 2491 5524 voci
2546 5468 2861 5524 necessario
2908 5478 3170 5539 congruet
3206 5490 3218 5524 :
3250 5469 3543 5538 siquidem,

1976 5561 2121 5615 sicut
2150 5560 2282 5613 dicit
2313 5558 2635 5619 Eunomius,
2666 5557 2900 5611 duorum
2932 5559 3185 5622 alterum,
3222 5560 3304 5613 vel
3343 5567 3396 5613 et
3430 5574 3545 5613 rem

1974 5666 2095 5721 qua:
2126 5650 2435 5705 declaratur
2480 5649 2702 5702 oumino
2740 5648 3037 5714 diversam,
3080 5651 3163 5706 vel
3211 5666 3387 5720 atque
3427 5663 3549 5721 qui:

1976 5743 2235 5807 declarat,
2265 5741 2565 5795 oralionem
2611 5740 2880 5797 diversam
2913 5756 3053 5801 esse.
