4006 6500
550 336 690 394 1075
1746 347 1803 400 S.
1843 341 2132 400 GREGOR]

2149 344 2167 398 1
2208 344 2491 402 NYSSENI
3619 339 3727 399 1676

617 452 726 508 Sed
760 451 890 524 quid
928 455 1206 524 incassum
1241 465 1296 512 et
1333 465 1535 514 temere
1573 461 1725 514 vanis
1756 460 2109 514 immorantur
2145 468 2188 520 Α

2147 468 2188 520 Α
2273 460 2456 512 ’Ἀλλὰ
2483 477 2535 512 τι
2569 463 2681 522 τοῖς
2707 458 2953 530 ματαίοις
2981 447 3456 526 ἐμφιλοχωροῧμεν
3474 452 3613 521 “ﬁt;
3638 456 3729 509 δέον

547 560 675 598 cum
716 553 992 615 oporteret
1027 548 1463 620 diligentioribus
1509 552 1576 605 ad
1609 551 1951 606 refutandam
1990 567 2113 606 ser-

2222 549 2390 619 αὐτὴν
2429 551 2543 612 τοῖς
2583 545 3028 618 φιλοποωτὲροις
3069 546 3150 605 είς
3199 543 3413 610 ἔλεγχον
3453 541 3545 610 τῆς
3585 544 3729 609 ἀνοίας

551 651 772 690 monum
804 637 978 707 ipsius
1017 642 1310 696 amentiam
1349 643 1598 699 Eunomii
1651 647 1848 699 librum
1892 657 2112 716 proten-

2222 640 2329 692 τῶν
2354 639 2527 706 λόγων
2560 639 2860 710 προτείνειν
2891 635 2984 689 τοῦ
3019 635 3287 703 Εὑνομίου
3326 635 3420 702 τὴν
3450 632 3628 701 βίϐλον,
3659 636 3730 688 καὶ

549 724 696 792 dere,
728 739 782 783 et
808 729 1016 800 absque
1037 735 1455 803 corrigentibus,
1489 736 1605 790 sive
1631 736 2108 806 redarguentibus,

2222 732 2343 804 δίχα
2371 733 2478 784 τῶν
2496 731 2826 785 εὐθυνόντων
2854 729 3080 782 αὐτόθεν
3101 728 3159 780 ού
3197 727 3354 796 μόνον
3378 725 3437 776 τὸ
3464 725 3548 778 τοῦ
3569 726 3731 795 δόγμα-

550 818 676 874 inde
728 834 836 874 non
890 821 1064 876 solum
1115 823 1385 893 dogmatis
1442 827 1856 896 blasphemiam,
1921 843 2110 882 verum

2221 845 2312 890 τος
2337 827 2682 896 βλάσφημον,
2731 822 2868 878 ἀλλά
2898 823 2992 875 καὶ
3029 821 3093 874 τὸ
3137 820 3237 889 τῆς
3287 818 3560 887 συνηθείας
3583 819 3731 872 ἄτονον

547 909 711 964 etiam
746 913 1162 968 consuetudinis
1188 914 1501 985 languorem
1533 926 1587 970 et
1617 929 1892 986 torporem
1921 917 2108 971 intelli-

2222 920 2332 980 τοῖς
2371 917 2612 978 συνετοῖς
2637 912 3029 966 ἐπιδεικνύναι.
3063 909 3419 977 Πολυτρόπως
3444 907 3545 976 γὰρ
3561 909 3647 960 οὐκ
3663 910 3733 962 ἐπὶ

549 1003 800 1070 gentibus
829 1003 1240 1061 demonstrare?
1275 1009 1627 1063 multifariam
1679 1012 1826 1064 enim
1869 1027 1977 1066 non
2020 1028 2110 1067 se-

2223 1008 2322 1076 τῆς
2349 1008 2620 1078 ἡμετέρας
2647 1007 2873 1068 ἐννοίας,
2907 1003 3043 1057 ἀλλά
3067 1002 3207 1055 κατά
3233 999 3296 1052 τὸ
3333 997 3477 1068 αὐτῷ
3499 999 3665 1052 δοκοῦν
3689 1002 3733 1054 τὸ

549 1092 792 1147 cundum
823 1105 1066 1152 nostram
1105 1099 1449 1164 sententiam,
1484 1101 1575 1155 sed
1619 1101 1920 1155 secundum
1966 1101 2115 1171 quod

2222 1101 2319 1168 τῆς
2341 1097 2577 1150 ἐπινοίας
2601 1097 2770 1165 δνομα
2785 1089 3491 1165 παρερμηνεύιω,καθάπερ
3515 1091 3568 1144 ἐν
3586 1109 3735 1144 νυκτο-

549 1185 599 1238 ei
631 1185 865 1250 videtur,
898 1203 1091 1243 nomen
1120 1190 1361 1254 ἐπινοίας
1401 1207 1683 1260 perperam
1711 1196 2109 1262 interpretans,

2152 1220 2157 1231 -
2226 1190 2398 1257 μαχία
2432 1187 2655 1258 μηδενὸς
2687 1186 3049 1256 διακρίνοντος
3078 1183 3140 1236 τὸ
3167 1182 3447 1251 φιλόπονόν
3477 1197 3533 1233 τε
3560 1184 3640 1235 καὶ
3661 1184 3734 1234 ἁλ-

552 1286 809 1346 tanquam
874 1281 928 1333 in
985 1290 1250 1335 nocturna
1304 1297 1503 1352 pugna,
1561 1283 1711 1338 nullo
1769 1283 2116 1338 discernente

2223 1280 2463 1350 λότριον,
2509 1279 2574 1331 δι’
2607 1271 2682 1332 ὧν
2721 1280 2855 1348 ἡμῖν
2894 1275 3291 1347 προσπολεμεῖν
3318 1274 3502 1334 οῑεται,
3544 1272 3598 1324 τὸ
3635 1273 3738 1327 ίδων

553 1367 700 1439 quod
731 1371 964 1425 amicum
990 1381 1093 1435 est,
1127 1383 1178 1428 et
1203 1376 1348 1443 quod
1375 1376 1636 1441 alienum,
1678 1392 1776 1446 per
1799 1392 1920 1446 quae
1957 1377 2116 1430 nobis

2221 1371 2396 1440 δόγμα
2418 1369 2766 1422 κατακεντῶν
2792 1367 2853 1421 ού
2878 1366 3143 1437 συνίησιν.
3195 1365 3261 1416 ⁸0
3293 1362 3402 1436 γὰρ
3431 1362 3638 1432 μάλιστα
3663 1363 3737 1432 τῆς

550 1462 751 1516 bellum
784 1463 988 1520 inferre
1011 1466 1330 1530 arbitratur,
1357 1484 1517 1523 suum
1546 1468 1742 1538 dogma
1775 1488 1834 1523 se
1871 1472 2112 1540 punctim

2236 1460 2558 1531 Ἐκκλησίας
2582 1459 2688 1512 τῶν
2733 1457 3098 1512 εὐσεϐούντων
3125 1455 3313 1508 ἐαυτὸν
3338 1451 3628 1520 ἀλλοτριοῦν
3656 1455 3739 1506 οίε-

551 1552 716 1610 ferire
747 1571 854 1610 non
881 1558 1148 1628 intelligit.
1173 1559 1328 1626 Quod
1347 1561 1491 1616 enim
1519 1563 1753 1616 maxime
1777 1563 1844 1616 ab
1872 1562 2114 1617 Ecclesia

2223 1571 2310 1606 ται
2337 1553 2446 1606 δεῖν
2465 1593 2480 1615 ,
2507 1551 2666 1605 τοῦτό
2697 1552 2812 1604 ἐστι
2852 1551 2914 1602 τὸ
2940 1548 3390 1612 κατασκευάζειν,
3417 1547 3511 1616 ὀψέ
3536 1563 3647 1600 ποτε
3669 1548 3739 1600 τὴν

549 1647 764 1716 piorum
811 1649 1049 1718 seipsum
1095 1651 1332 1706 alienare
1367 1661 1618 1722 oportere
1656 1661 1830 1722 putat,
1864 1654 1967 1708 huc
2007 1663 2111 1719 est,

2222 1645 2352 1698 Θεὸν
2374 1643 2695 1714 γεγενῆσθαι
2719 1643 2957 1711 Πατέρα,
2987 1641 3081 1694 καὶ
3101 1641 3162 1694 τὸ
3187 1641 3286 1708 τῆς
3315 1639 3632 1708 πατρότητος
3651 1639 3739 1690 δνο-

549 1739 696 1807 quod
752 1739 1003 1795 videlicet
1055 1744 1272 1809 astruit,
1323 1744 1540 1798 tandem
1578 1745 1871 1815 aliquando
1918 1743 2111 1808 Deum,

2226 1755 2301 1804 μα
2332 1736 2592 1806 νεώτερον
2629 1731 2765 1787 εἶναι
2792 1733 2902 1786 τῶν
2943 1732 3143 1786 λοιπῶν
3192 1734 3491 1802 ὀνομάτων,
3531 1733 3618 1784 ὅσα
3642 1731 3740 1800 περὶ

549 1825 764 1884 Patrem
798 1845 920 1886 esse
949 1833 1184 1899 factum;
1212 1845 1266 1888 et
1289 1835 1632 1904 paternitatis
1660 1851 1858 1891 nomen
1890 1835 2117 1907 reliquis

2158 1819 2191 1876 Β
2219 1826 2378 1878 αὑτὸν
2400 1826 2633 1894 λέγεται.
2691 1823 2782 1890 Ἐξ
2809 1823 3016 1876 ἐκείνου
3044 1823 3152 1892 γὰρ
3187 1824 3350 1875 αὑτὸν
3382 1821 3631 1892 κληθῆναι
3655 1823 3740 1874 Πα-

549 1919 863 1976 nominibus
909 1925 1178 1980 recentius
1218 1942 1361 1991 esse,
1408 1942 1746 1999 quaecunque
1779 1929 1846 1985 de
1876 1931 1995 2001 ipso
2035 1929 2120 1985 di-

2219 1921 2373 1988 τέρα,
2398 1918 2489 1986 ἀφ’
2520 1909 2582 1969 οὗ
2614 1914 2871 1984 προέθετο
2899 1913 3149 1981 γενέσθαι
3176 1913 3384 1984 Πατὴρ,
3419 1914 3509 1965 καὶ
3545 1913 3738 1980 ἐγένετο.

548 2020 771 2066 cuntur.
799 2012 875 2066 Ex
911 2015 1004 2069 illo
1037 2017 1181 2070 enim
1220 2027 1460 2088 tempore
1491 2020 1666 2089 ipsum
1697 2019 1912 2076 Patrem
1954 2037 2117 2076 voca-

2233 2005 2447 2078 Ἐπειδὴ
2465 2007 2641 2059 τοίνυν
2666 2007 2722 2056 ἐν
2759 2002 2837 2074 τῷ
2873 2004 3017 2074 λόγῳ
3048 2003 3220 2070 τούτῳ
3263 2003 3640 2066 κατασκευάζει
3664 2004 3743 2056 πά-

549 2113 666 2158 tum
699 2105 891 2170 fuisse,
937 2123 967 2160 a
1021 2125 1132 2178 quo
1165 2107 1326 2164 Pater
1382 2112 1666 2181 proposuit
1699 2113 1816 2169 ﬁeri
1849 2123 1903 2169 et
1941 2114 2118 2170 factus

2222 2113 2320 2160 σας
2367 2097 2468 2159 τὰς
2513 2096 2904 2166 ἐπιλεγομένας
2948 2097 3014 2164 τῇ
3064 2095 3184 2164 θείᾳ
3224 2094 3382 2162 φύσει
3424 2093 3743 2162 προσηγορίας

548 2205 653 2250 est.
691 2194 957 2262 Quoniam
984 2199 1149 2267 igitur
1181 2199 1236 2253 in
1267 2199 1371 2256 hoc
1397 2217 1647 2256 sermone
1679 2204 1968 2271 construit,
1997 2220 2116 2260 om-

2219 2192 2360 2244 κατά
2407 2191 2467 2244 τὸ
2505 2190 2896 2260 σημαινόμενον
2942 2186 3199 2256 ἀλλήλαις
3243 2183 3632 2255 συμφέρεσθαι,
3673 2185 3743 2236 καὶ

550 2302 650 2343 nes
690 2304 812 2358 quae
861 2288 929 2343 de
967 2290 1150 2344 divina
1203 2301 1398 2346 natura
1434 2292 1693 2348 dicuntur
1729 2296 2118 2366 appellationes

2223 2285 2492 2358 μηδεμίαν
2520 2287 2578 2336 ἐν
2602 2285 2790 2346 αὐταῖς
2822 2277 2960 2335 εἶναι
2982 2280 3266 2351 διαφοράν.
3301 2281 3396 2332 Ἐν
3432 2280 3487 2332 δέ
3518 2279 3615 2331 τῶν
3643 2281 3740 2332 ἐπι-

549 2381 851 2435 secundum
899 2383 1261 2454 signiﬁcatum
1307 2385 1452 2440 inter
1502 2401 1562 2440 se
1618 2395 1807 2442 mutuo
1851 2388 2115 2453 conferri,

2219 2378 2524 2448 λεγομένων
2569 2376 2712 2428 ἐστὶν
2763 2373 3041 2444 ὀνομάτων
3088 2373 3182 2425 καὶ
3231 2373 3260 2424 ὀ
3303 2371 3520 2441 Πατήρο
3563 2370 3630 2431 ὡς
3662 2367 3745 2440 γὰρ

549 2473 865 2544 nullamque
891 2477 952 2529 in
985 2476 1118 2544 ipsis
1143 2492 1266 2532 esse
1303 2476 1684 2533 diﬁerentiam.
1717 2478 1900 2533 Unum
1934 2489 2116 2536 autem

2219 2469 2493 2541 ἄφθαρτός
2518 2484 2576 2520 τε
2606 2466 2700 2520 καὶ
2724 2465 2911 2528 ἀΐδιος,
2934 2464 3076 2516 οὕτω
3106 2464 3198 2515 καὶ
3229 2463 3419 2532 Πατὴρ
3449 2461 3745 2531 ὀνομάζεται,

548 2567 854 2631 nominum,
891 2583 1012 2638 quae
1033 2569 1100 2624 de
1120 2570 1240 2638 ipso
1259 2569 1536 2635 dicuntur,
1560 2580 1644 2626 est
1670 2571 1829 2627 Pater
1852 2591 1866 2626 :
1900 2580 1958 2626 ut
1971 2573 2115 2628 enim

2219 2565 2252 2634 ἢ
2285 2560 2521 2632 κυρώσει
2544 2560 2637 2613 καὶ
2674 2559 2766 2610 ἐπὶ
2804 2557 2901 2627 τῆς
2944 2556 3126 2625 φωνῆς
3151 2554 3356 2625 ταύτης
3383 2553 3482 2624 τὴν
3516 2555 3632 2622 περὶ
3662 2551 3750 2603 τῶν

548 2658 1008 2730 incorruptibilis,
1037 2669 1092 2716 et
1115 2671 1374 2727 :eternus,
1404 2665 1484 2718 sic
1508 2671 1564 2718 et
1590 2664 1751 2718 Pater
1774 2665 2114 2728 nominatur,

2219 2651 2419 2705 λοιπῶν
2454 2650 2733 2718 ὀνομάτων
2761 2646 2917 2711 δόξαν
2936 2688 2950 2710 ,
3005 2647 3097 2698 καὶ
3123 2645 3408 2716 διαψθερεῖ
3436 2645 3529 2716 τὴν
3560 2663 3606 2709 π,
3628 2643 3741 2711 dm;

547 2751 633 2806 vel
669 2753 835 2808 etiam
871 2753 924 2806 in
957 2754 1059 2808 hac
1084 2769 1239 2818 voce,
1271 2771 1391 2809 eam
1417 2770 1579 2824 quam
1608 2755 1675 2810 de
1696 2756 1924 2825 reliquis
1953 2756 2119 2812 habet

2220 2746 2506 2814 ὑπόληψιν,
2532 2743 2690 2814 εἴπερ
2717 2742 2916 2804 πάσαις
2946 2743 3064 2804 ταῖς
3096 2739 3489 2811 προσηγορίαις
3508 2739 3589 2789 καὶ
3614 2740 3642 2806 ἡ
3673 2736 3748 2803 τῆς

548 2842 864 2898 nominibus
923 2845 1251 2899 sententiam
1322 2845 1698 2909 conﬁrmabit,
1774 2856 1828 2902 et
1884 2848 2115 2917 primam

2219 2837 2554 2908 πατρότητος
2565 2835 2740 2888 ἔννοια
2756 2852 2818 2887 συ
2826 2832 3298 2904 μπεριειλημμένη
3312 2832 3489 2900 τύχοι.
3501 2829 3651 2898 Δῆλον
3666 2829 3750 2898 γὰρ

547 2934 857 3003 opinionem
889 2942 1218 3007 corrumpet,
1259 2936 1524 3006 siquidem
1555 2953 1678 2992 cmn
1713 2939 1970 2993 omnibus
2017 2955 2119 3010 ap-

2219 2929 2301 2982 ὅτι
2329 2929 2377 2979 εί
2415 2926 2607 2980 ταύτὸν
2636 2924 2720 2994 είη
2747 2923 2809 2977 τὸ
2853 2924 3251 2993 σημαινόμενον
3275 2922 3555 2992 ἀφθάρτου
3591 2937 3642 2972 τε
3678 2919 3748 2970 καὶ

548 3026 931 3094 pellationibus
956 3028 1119 3082 etiam
1140 3029 1486 3099 paternitatis
1511 3031 1704 3084 notitia
1721 3033 2117 3100 comprehensa

2219 3019 2452 3090 Πατρὸς,
2481 3017 2555 3082 ὡς
2583 3016 2671 3071 ἀεὶ
2697 3014 2988 3086 ἄφθαρτος,
3010 3015 3180 3077 οὓτως
3210 3015 3294 3067 ἀεὶ
3315 3013 3414 3066 καὶ
3443 3013 3618 3081 Πατὴρ
3639 3012 3742 3080 ὀμο-

548 3116 729 3172 {uerit.
764 3117 1118 3188 Perspicuum
1140 3120 1287 3174 enim
1319 3119 1464 3189 quod
1495 3121 1540 3174 si
1566 3121 1706 3175 idem
1741 3123 1902 3175 fuerit
1942 3124 2119 3177 incor-

2163 3153 2189 3173 η
2219 3111 2596 3182 λογηθήσεται,
2631 3109 2779 3178 μιᾶς,
2812 3107 2888 3170 ὥς
2927 3123 3080 3176 φησι,
3129 3107 3262 3158 πᾶσι
3295 3108 3410 3167 τοίς
3442 3105 3651 3173 ὀνόμασι
3669 3103 3745 3169 τῆς

2163 3193 2191 3215 -Ι
2414 3201 2426 3215 ι
2545 3199 2568 3215 ο
2735 3198 2758 3215 ε
2813 3199 2825 3215 ο
2917 3197 2999 3215 ρ..
3039 3213 3050 3215 ᾼ
3081 3194 3136 3215 9P
3166 3196 3306 3215 27-91‘,
3359 3191 3745 3215 __‘_________-_l

547 3207 822 3276 ruptibilis
849 3220 903 3264 et
928 3207 1106 3263 Patris
1153 3209 1542 3280 signiﬁcatum,
1585 3218 1643 3264 ut
1681 3225 1897 3280 semper
1929 3212 2115 3266 incor-

2168 3193 2191 3215 ⁴
2223 3201 2494 3275 σημασίας
2513 3199 2678 3270 οὔσης
2692 3216 2706 3228 ·
2730 3198 2828 3269 ἧεί
2844 3197 3058 3266 φοϐοῖτο
3079 3194 3137 3260 ἐξ
3158 3196 3326 3249 ἀϊδίου
3353 3191 3750 3265 προσμαρτυρεῖν

548 3298 848 3368 ruptibilis,
899 3300 982 3354 sic
1020 3315 1237 3370 semper
1265 3302 1429 3356 etiam
1482 3301 1642 3356 Pater
1671 3305 1946 3358 communi
1978 3319 2118 3359 con-

2218 3296 2298 3366 τῷ
2327 3295 2446 3366 Θεῷ
2473 3294 2571 3364 τὴν
2599 3292 2933 3363 πατρότητα,
2967 3289 3118 3342 λύσει
3144 3287 3259 3341 κατ’
3287 3286 3532 3356 ἀνάγκην
3570 3282 3622 3335 τὸ
3660 3284 3751 3334 ἐπι-

549 3406 715 3445 sensu
749 3391 985 3454 dicetur,
1030 3407 1154 3446 cum
1199 3394 1291 3457 sit,
1323 3404 1383 3446 ut
1437 3394 1532 3458 ait,
1569 3409 1676 3447 una
1715 3395 1970 3448 omnibus
2014 3409 2117 3450 no-

2220 3390 2478 3462 χείρημα,
2503 3386 2718 3456 ἑκάστῳ
2742 3384 2848 3437 τῶν
2889 3383 3168 3453 ὀνομάτων
3204 3380 3532 3449 ἐνυπάρχειν
3566 3372 3751 3438 ἰδιάζου-

548 3484 791 3539 minibus
831 3485 1176 3553 signiﬁcatio,
1217 3487 1302 3539 vel
1355 3487 1402 3540 si
1435 3495 1640 3540 metuat
1669 3485 1777 3541 Deo
1819 3487 2120 3544 attribuere

2222 3500 2322 3538 σαν
2375 3479 2650 3552 ὁμολογῶν
2699 3477 2994 3548 σημασίαν,
3041 3476 3135 3529 καὶ
3171 3473 3344 3534 οὕτως
3389 3473 3420 3525 ό
3459 3469 3615 3531 πολὺς
3639 3464 3753 3532 αὺτῷ

547 3589 617 3630 ex
649 3574 796 3629 omni
821 3575 1122 3630 aeternitate
1157 3576 1559 3646 paternitatem,
1591 3578 2116 3646 argumentationem

2225 3575 2354 3647 περὶ
2380 3573 2487 3627 τῶν
2522 3570 2803 3641 ὀνομάτων
2834 3567 3012 3632 ὕθλος,
3049 3566 3398 3639 πομιιςόλυγος
3433 3563 3580 3634 δίκην
3613 3559 3751 3629 ἀπορ-

548 3666 864 3721 necessario
901 3665 1180 3730 dissolvet,
1223 3668 1420 3737 cuique
1479 3668 1687 3720 nomini
1736 3669 2012 3738 propriam
2065 3677 2120 3724 et

1315 3682 1420 3737 que
1479 3668 1687 3720 nomini
1736 3669 2012 3738 propriam
2065 3677 2120 3724 et
2226 3667 2415 3740 ραγεὶς
2444 3662 2894 3719 κατασϐέννυται.

549 3763 875 3832 peculiarem
908 3763 1087 3817 inesse
1119 3761 1571 3833 signiﬁcationem
1602 3763 1930 3828 conﬁtendo,
1981 3772 2037 3820 et
2081 3767 2162 3820 sic
2211 3765 2394 3818 multa:
2443 3760 2547 3830 ipsi
2593 3759 2660 3812 ile
2697 3754 3014 3812 nominibus
3055 3767 3212 3823 nuga:
3253 3749 3417 3805 bulla:
3454 3749 3618 3802 instar
3655 3756 3759 3833 cOn-_

549 3866 741 3928 tracta:
797 3831 1241 3922 exstinguuntur.
3533 3923 3546 3928 _
3667 3921 3678 3928 ,
3754 3831 3764 3839 ¹

619 3947 772 4014 Quod
801 3948 848 4003 si
882 3947 1185 4001 contrarias
1215 3959 1337 3998 esse
1374 3943 1568 3996 harum
1605 3957 1798 3996 vocum
1839 3941 2118 4014 signiﬁca-

2285 3939 2350 3990 Εἰ
2379 3937 2437 3990 δέ
2471 3935 2786 4002 ἀπολογοῖτο
2814 3931 2940 4002 περὶ
2967 3930 3066 3999 τῆς
3099 3928 3494 3996 ἐναντιότητος,
3517 3923 3587 3986 ὡς
3621 3921 3754 4014 μόνης

549 4012 728 4095 tiones
779 4039 1128 4109 respondeat,
1193 4037 1322 4106 quia
1369 4035 1619 4091 videlicet
1677 4037 1792 4091 sola
1845 4012 2022 4089 Patris
2066 4043 2123 4091 et

2216 4030 2318 4100 τῆς
2335 4027 2430 4082 τοῦ
2449 4027 2661 4097 Πατρὸς
2688 4026 2782 4078 καὶ
2817 4024 2914 4093 τῆς
2937 4020 3032 4074 τοῦ
3064 4018 3397 4090 δημιουργοῦ
3437 4012 3757 4109 πμσηγορίας

550 4133 765 4202 opiﬁcis
805 4100 1096 4202 appellatio
1137 4129 1448 4200 generative
1495 4127 1606 4184 Deo
1634 4129 1906 4194 adveniat,
1945 4143 2118 4197 quan-

2220 4116 2729 4191 ἐπιγεννηματικσῶς
2768 4115 2844 4184 τῷ
2873 4113 2992 4183 Θεῷ
3031 4110 3494 4182 προσγενομένης,
3536 4106 3616 4160 διὰ
3644 4104 3692 4156 τὸ
3712 4100 3757 4165 ἐξ

549 4193 933 4292 ἀὸῳιὶάεηίέι
965 4223 1299 4292 operatione,
1336 4229 1392 4274 ut
1419 4221 1536 4290 ipse
1569 4220 1836 4290 loquitur,
1877 4228 2126 4289 utraeque

2223 4213 2521 4287 ἐνεργείας,
2549 4212 2623 4274 ὡς
2658 4209 2820 4272 αὐτὸς
2847 4207 3018 4274 λέγει,
3054 4203 3318 4273 ἑκατέρας
3343 4198 3675 4267 ἐπιλέγεσθαι

546 4287 711 4388 ψόας
738 4315 808 4370 de
837 4313 949 4369 Deo
976 4287 1358 4383 p-raadicentur,
1383 4287 1482 4366 nos
1503 4287 1782 4365 cohibebit
1809 4287 2049 4363 multum
2067 4311 2117 4362 in

2225 4308 2343 4378 Θεῷ
2369 4307 2470 4370 τὰς
2518 4305 2724 4375 φωνὰς,
2763 4297 3092 4371 περιγράψει
3125 4297 3224 4365 τὴν
3265 4293 3465 4364 πολλὴν
3489 4290 3632 4361 ἡμῶν
3660 4287 3757 4356 mp".

549 4381 655 4460 boc
687 4405 934 4474 subjecto
971 4381 1278 4470 immorari,
1320 4405 1449 4457 dum
1491 4403 1605 4458 haec
1646 4401 1958 4464 conﬁtetur.
1999 4417 2121 4471 qua!

2225 4403 2286 4455 τὸ
2318 4400 2674 4473 προκείμενον
2718 4394 2992 4465 ἀσχολίαν,
3039 4390 3213 4445 ταῦτα
3249 4387 3542 4459 ὁμολογῶν,
3589 4385 3621 4438 ἃ
3659 4381 3758 4434 πολ-

551 4497 740 4550 multis
771 4504 957 4550 essent
989 4495 1269 4550 laboribus
1321 4510 1352 4548 a
1396 4494 1556 4549 nobis
1613 4493 2009 4563 redarguenda.
2065 4491 2122 4546 Si

2177 4495 2338 4559 >λοίς
2381 4492 2489 4545 ἔδει
2538 4491 2722 4551 πόνοις
2771 4486 2899 4557 παρ’
2937 4483 3094 4554 ἡμῶν
3141 4480 3530 4550 διελέγχεσθαι.
3584 4477 3639 4529 Εἰ
3677 4474 3759 4542 γὰρ

549 4589 696 4644 enim
730 4605 838 4644 una
862 4599 947 4644 est
977 4590 1279 4644 conditoris
1311 4599 1364 4644 et
1398 4589 1576 4643 Patris
1605 4589 1756 4640 vocis
1789 4587 2120 4656 signiﬁcatio

2228 4587 2324 4659 μία
2365 4586 2462 4655 τῆς
2497 4601 2557 4636 τε
2612 4580 2702 4635 τοῦ
2748 4576 3088 4650 Δημιουργοῦ
3132 4575 3226 4628 καὶ
3288 4573 3387 4642 τῆς
3449 4571 3543 4625 τοῦ
3589 4565 3759 4635 Πατβς

551 4687 637 4753 (ex
672 4682 992 4752 operatione
1023 4681 1166 4735 enim
1206 4679 1504 4749 utraque),
1545 4677 1872 4747 zequivalent
1899 4677 2123 4730 omnino

2225 4657 2408 4749 ᾲωνῆς
2455 4679 2488 4748 ἡ
2555 4673 2799 4744 σημασία
2854 4669 2948 4740 (ἐξ
3004 4668 3282 4739 ἐνεργείας
3331 4667 3439 4735 γὰρ
3500 4657 3755 4753 ἑκάτερα),

550 4773 693 4828 inter
711 4789 771 4829 se
787 4773 952 4827 etiam
979 4787 1099 4842 qua:
1121 4787 1217 4840 per
1244 4786 1406 4826 voces
1425 4770 1808 4840 signiﬁcantur
1844 4788 1856 4822 :
1887 4784 2120 4838 quorum

2229 4771 2536 4839 ἱσοδυναμεῖ
2581 4768 2798 4827 πάντως
2844 4761 3094 4832 ἀλλήλοις
3132 4759 3224 4813 καὶ
3251 4759 3320 4811 τὰ
3350 4757 3438 4810 διὰ
3471 4757 3576 4810 τῶν
3607 4750 3760 4842 cum?!

547 4865 694 4919 enim
729 4866 872 4919 idem
917 4864 1302 4934 signiﬁcatum,
1346 4863 1539 4916 horum
1596 4877 1772 4930 neque
1816 4861 2120 4930 subjectum

2226 4860 2640 4932 σημαινόμεναο
2708 4849 2783 4908 ὧν
2837 4853 2943 4922 γὰρ
2983 4851 3044 4902 τὸ
3093 4847 3489 4918 σημαινόμενον
3528 4845 3586 4897 τὸ
3629 4839 3757 4934 αὐτὸ.

549 4973 778 5029 prorsus
811 4957 1106 5026 discrepat.
1149 4955 1208 5009 Si
1253 4971 1382 5024 ergo
1425 4971 1493 5009 ex
1533 4955 1850 5024 operatione
1879 4962 1932 5008 et
1962 4952 2124 5007 Pater

2224 4929 2428 5004 τούτων
2472 4945 2593 4998 ούδέ
2640 4944 2701 4997 τὸ
2739 4940 3098 5009 ὑποκείμενον
3137 4937 3353 4996 πάντως
3402 4935 3661 5005 διάφορον.
3715 4929 3761 4980 ΕΞ

549 5059 604 5103 et
631 5047 814 5118 opifex
849 5049 1187 5114 nominatur,
1232 5049 1392 5116 plane
1425 5045 1571 5100 dicet
1602 5047 1891 5099 immutare
1925 5045 2124 5099 volenti

2224 5041 2316 5098 οὖν
2357 5040 2416 5105 ἐξ
2447 5037 2720 5109 ἐνεργείας
2750 5037 2843 5088 καὶ
2868 5031 3058 5102 Πατὴρ
3104 5031 3197 5082 καὶ
3234 5026 3571 5098 Δημιουργὸς
3604 5020 3763 5118 ὀνομάο

548 5141 636 5196 bis
692 5141 1007 5195 nominibus
1057 5155 1153 5210 per
1200 5141 1617 5194 conversionem
1671 5140 1770 5202 uti,
1820 5145 1875 5191 et
1921 5137 2122 5202 dicere,

2227 5137 2398 5200 ζεται,
2440 5131 2615 5198 ἔξεστι
2646 5129 2858 5189 πάντως
2893 5125 2986 5179 καὶ
3005 5122 3370 5187 ὑπαλλάξαντι
3396 5117 3536 5170 κατὰ
3565 5117 3620 5167 τὸ
3653 5115 3763 5165 ἀντι-

547 5231 694 5302 quod
735 5231 914 5300 opifex
938 5200 1083 5294 Filii,
1126 5241 1180 5284 et
1221 5239 1374 5298 pater
1408 5228 1607 5300 lapidis
1641 5239 1726 5282 est
1757 5200 1920 5284 Deus.
1955 5200 2125 5296 siqui;-

2228 5226 2454 5297 στρέψον
2482 5226 2594 5286 τοῖς
2625 5220 2846 5290 ὀνόμασι
2888 5214 3197 5288 χρήσασθαι
3229 5214 3320 5266 καὶ
3347 5213 3517 5262 είπείν
3537 5249 3552 5270 ,
3589 5208 3662 5258 ὅτι
3688 5200 3761 5302 καί

547 5323 671 5377 dem
723 5326 892 5390 patris
935 5324 1231 5393 appellatio
1275 5323 1482 5376 nullam
1538 5332 1744 5374 natura:
1801 5320 2122 5374 relationem

2225 5314 2550 5388 δημιουργὸς
2582 5312 2675 5365 τοῦ
2707 5308 2866 5373 Υἱοῦ,
2907 5307 3000 5359 καὶ
3038 5304 3217 5374 πατὴρ
3256 5303 3348 5355 τοῦ
3394 5301 3538 5352 λίθου
3583 5293 3712 5348 ἐστὶν
3744 5290 3763 5340 ὀ

549 5417 840 5486 signiﬁcat.
887 5390 1042 5481 Quod
1089 5427 1268 5471 autem
1305 5432 1400 5486 per
1453 5417 1552 5470 hoc
1600 5414 1966 5484 praestruitur,
2015 5427 2125 5465 non

2226 5410 2379 5473 Θεὸς,
2421 5407 2577 5476 εἴπερ
2617 5402 2844 5473 ἄμοιρόν
2873 5401 2988 5452 ἐστι
3035 5397 3097 5449 τὸ
3131 5395 3225 5448 τοῦ
3270 5391 3470 5460 πατρὸς
3505 5390 3665 5455 ὄνομα
3688 5390 3764 5448 της

551 5479 787 5578 ampiius
820 5479 980 5562 habet
1025 5479 1418 5562 absurditatem
1451 5479 1780 5578 ambiguam,
1837 5504 1981 5573 apud
2031 5520 2126 5560 eos

2227 5501 2366 5558 κατὰ
2387 5500 2548 5569 φύσιν
2579 5494 2832 5566 ηετικῆς
2866 5489 3158 5562 σημασίας.
3191 5485 3264 5539 Τὸ
3296 5485 3351 5537 δὲ
3372 5483 3456 5535 διὰ
3480 5479 3658 5533 τούτου

553 5563 659 5667 ψιί¹
699 5609 876 5656 mente
919 5608 973 5656 et
1017 5600 1374 5670 intelligentia
1428 5607 1556 5653 sunt
1597 5563 1830 5668 praditi.
1871 5595 1942 5650 Ut
1979 5595 2122 5650 enim

2225 5589 2716 5658 τασκευαζόμενον,
2749 5585 2849 5637 οὐκ
2878 5583 2952 5634 ἐτ’
2983 5579 3278 5650 ἀμφίϐολον
3312 5576 3422 5645 ἕχει
3451 5574 3548 5642 τὴν
3573 5563 3762 5622 ἀτοπίαν

554 5661 853 5743 absurdum
883 5701 966 5745 est
993 5661 1226 5761 lapidem
1252 5698 1442 5760 putare
1471 5661 1660 5751 Deum,
1687 5690 1767 5744 vel
1797 5689 1942 5742 aliud
1968 5687 2124 5751 quid-

2227 5689 2336 5748 τοῖς
2360 5701 2421 5753 γε
2451 5681 2573 5735 νοῦν
2599 5680 2808 5750 ἔχουσιν
2832 5693 2843 5704 '
2875 5676 2950 5737 ὡς
2981 5675 3092 5743 γὰρ
3120 5671 3316 5726 ἄτοπόν
3344 5672 3455 5720 ἐστι
3487 5664 3624 5717 λίθον
3644 5661 3762 5729 ἡγεῖο

554 5794 717 5851 quam
751 5795 941 5834 eorum
973 5797 1093 5851 qua:
1122 5797 1219 5851 per
1247 5782 1579 5837 creationem
1623 5781 2005 5844 substiterunt,
2046 5780 2123 5834 sic

2233 5777 2354 5830 σθαι
2377 5775 2530 5836 (θὼν,
2572 5773 2603 5842 ἦ
2650 5769 2775 5824 ἄλλο
2824 5786 2872 5821 τι
2908 5766 3013 5819 τῶν
3047 5764 3134 5818 διὰ
3184 5764 3408 5823 κτίσεως
3435 5753 3769 5813 ὑποστάντων.
