4006 6492
279 368 417 423 1077

1365 371 1644 427 CONTRA
1678 368 2069 439 EUNOMIUM,
2112 373 2239 427 LIB.
2284 374 2395 428 Xll.

3384 367 3523 422 1078

275 484 448 548 οὕτως
480 483 959 558 ὁμολόγηθήσεται,
1010 489 1145 562 μηδὲ
1182 489 1261 559 τῷ
1282 491 1571 557 Μονογενεῖ
1590 480 1710 559 Θεῷ
1734 489 1843 542 δεῖν

1969 504 2046 541 πο
2092 491 2344 546 confeSso
2375 490 2679 554 habebitur,
2728 499 2903 559 neque
2943 494 3198 557 oportere
3233 482 3522 554 Uuigenito

278 580 723 649 προσμαρτυρεῖν
751 580 849 649 τὴν
887 580 1133 651 θεότητα,
1168 583 1294 650 μιᾶς
1319 582 1412 633 καὶ
1441 582 1538 651 τῆς
1563 581 1732 648 αὐτῆς
1750 580 1851 648 τῆς

278 670 420 723 κατά
449 670 547 740 τὴν
569 670 846 740 ἐνέργειαν
870 675 1142 743 σημασίας
1169 674 1481 745 ἀμφοτέρας
1500 674 1578 743 τῷ
1601 673 1720 742 Θεῷ
1752 672 1852 736 τὰς

278 760 502 830 κλήσεις
533 762 671 816 κατὰ
690 764 781 817 τὸν
819 765 1083 835 Εὑνομίου
1116 767 1272 835 λόγον
1303 765 1849 837 προσμαρτυρούσης.

280 848 401 901 καθ’
420 849 489 920 ἢν
509 851 603 903 καὶ
624 850 831 923 Πατὴρ,
852 854 947 907 καὶ
962 856 1303 927 Δημιουργὸς
1321 854 1663 925 ὀνομάζεται.
1694 854 1855 907 Ἀλλά

279 940 391 994 τῶν
427 943 808 1014 προκειμένων
836 946 1108 1016 ἐχώμεθα.

352 1033 661 1088 Διαὸάλλων
686 1036 794 1106 γάρ
829 1036 922 1089 τὸν
953 1037 1220 1107 ἡμέτερον
1248 1038 1405 1106 λόγον
1435 1038 1527 1092 τὸν
1558 1040 1697 1093 κατά
1736 1039 1855 1093 δια-

284 1124 486 1197 φόρους
516 1126 771 1190 ὲπιὸολάς
793 1128 1018 1196 λέγοντα
1047 1129 1146 1200 τὴν
1177 1131 1307 1201 περὶ
1332 1130 1467 1183 Θεοῦ
1497 1131 1696 1199 γνῶσιν
1726 1133 1856 1202 ἡμῖν

284 1215 722 1286 συναγείρεσθαι,
743 1218 873 1288 φησι
906 1218 1097 1289 μηκέτ’
1132 1220 1293 1272 αὑτὸν
1321 1219 1449 1289 παρ’
1475 1219 1631 1289 ἡμῶν
1654 1220 1858 1273 ἁπλοῦν

283 1298 423 1356 εἶναι
445 1305 972 1371 κατασκευάζεσθαι,
989 1306 1063 1369 ὡς
1096 1308 1581 1378 μεταλαμϐάνοντα
1604 1308 1713 1361 τῶν
1734 1325 1859 1379 νοη-

285 1397 475 1467 μάτων
501 1397 611 1450 τῶν
638 1398 705 1451 δι’
742 1398 979 1469 ἑκάστης
1016 1399 1383 1470 προσηγορίας
1422 1398 1855 1469 σημαινομένων,

284 1489 381 1541 καὶ
399 1488 487 1542 διὰ
510 1488 608 1557 τῆς
644 1488 866 1543 ἐκείνων
910 1489 1198 1559 μετουσίας
1239 1488 1661 1560 συμπληροῦντα
1685 1488 1860 1559 ἑαυτῷ

282 1576 381 1647 τὴν
408 1578 548 1631 κατά
578 1578 637 1630 τὸ
658 1575 795 1631 εἶναι
821 1577 1119 1632 τελείωσιν.
1154 1576 1339 1630 Ταῦτα
1368 1577 1455 1630 διὰ
1490 1575 1590 1645 τῆς
1623 1574 1860 1645 ἐμαυτοῦ

284 1668 489 1735 λέξεως
541 1670 849 1740 συντέμνων
893 1670 1055 1723 αὐτοῦ
1109 1669 1206 1741 τὴν
1264 1668 1480 1739 μακράν
1526 1666 1860 1736 ἀδολεσχίαν.

1954 581 2216 635 deitatem
2241 582 2559 643 attribuere,
2591 596 2714 634 cum
2749 596 2857 633 una
2892 580 3191 647 eademque
3222 576 3520 631 secundum

1954 674 2321 741 operationem
2343 671 2667 743 signiﬁcatio
2689 678 2946 739 utrasque
2969 668 3079 723 Deo
3109 668 3517 737 appellationes,

1956 772 2013 817 ut
2044 762 2300 830 opinatur
2336 762 2657 826 Eunomius,
2694 761 2976 823 attribuat,
3016 759 3314 814 secundum
3362 774 3525 825 quan‘.

1952 862 2007 907 et
2031 852 2189 909 Pater
2217 862 2271 907 et
2301 852 2481 924 opifex
2511 854 2843 907 nominatur.
2880 848 2993 904 Sed
3020 850 3298 917 proposita
3329 856 3521 903 tenea-

1954 959 2098 999 mus.

2024 1035 2287 1091 Nostrum
2312 1037 2455 1091 enim
2476 1047 2782 1092 sermonem
2812 1036 3179 1096 calumnians,
3205 1032 3296 1104 qui
3324 1048 3525 1087 secun-

1957 1126 2087 1181 dum
2138 1127 2451 1183 differentes
2510 1128 2820 1184 intellectus
2857 1128 3274 1199 iapplicationcs
3332 1124 3527 1179 asserit

1960 1219 2056 1275 Dei
2088 1220 2450 1289 cognitionem
2486 1220 2539 1273 in
2582 1222 2741 1275 nobis
2766 1222 3015 1283 excitari,
3051 1220 3126 1273 ait
3157 1236 3265 1273 non
3295 1218 3527 1287 amplius

1960 1312 2140 1381 ipsum
2177 1329 2206 1366 a
2238 1312 2396 1368 nobis
2427 1312 2727 1380 simplicem
2757 1328 2878 1367 esse
2916 1312 3187 1381 prastrui,
3224 1311 3351 1380 quia
3380 1309 3528 1363 vide—

1960 1400 2088 1454 licet
2129 1404 2380 1455 notiones
2404 1417 2525 1471 qua:
2556 1416 2651 1471 per
2686 1416 2957 1470 quamque
3003 1399 3419 1468 appellationem
3454 1397 3529 1449 si-

1961 1493 2307 1562 gnificantur,
2340 1494 2476 1548 alias
2501 1501 2623 1563 post
2654 1494 2788 1547 alias
2822 1500 3087 1553 assumat,
3114 1499 3167 1545 et
3200 1505 3294 1559 per
3315 1489 3528 1541 illarum

1964 1584 2425 1653 participationem
2486 1584 2589 1639 sibi
2663 1584 2766 1653 ipsi
2822 1581 3211 1653 perfectionem
3276 1582 3530 1636 essentia

1963 1676 2249 1745 compleat.
2281 1675 2406 1730 Hae
2447 1675 2681 1745 prepriis
2724 1676 2907 1730 verbis
2947 1674 3194 1738 recitavi,
3225 1672 3526 1726 concidens

300 1760 461 1815 ’Δλλά
514 1760 649 1832 πρὸς
691 1760 789 1833 τὴν
832 1761 1063 1831 ματαίαν
1101 1760 1304 1829 ταύτην
1339 1760 1490 1829 οἶμαι
1542 1759 1636 1812 καὶ
1679 1758 1864 1811 ἀτονον

1969 1764 2085 1833 ejus
2113 1766 2379 1833 prolixam
2418 1763 2767 1834 nugationem
2826 1764 2940 1817 sive
2992 1760 3383 1831 garrulitatem.
3423 1757 3530 1813 Sed

288 1853 719 1924 περιττολογίαν,
754 1853 873 1906 οὐδὲ
904 1853 1001 1923 τὴν
1048 1852 1368 1923 ἀντίρρησιν
1405 1852 1467 1905 ἄν
1506 1868 1630 1905 τινα
1658 1850 1766 1903 τῶν
1802 1847 1863 1903 εὖ

1969 1857 2035 1910 ad
2085 1858 2226 1910 bane
2280 1871 2473 1910 vanam
2517 1864 2571 1910 ct
2623 1853 2916 1909 invalidam
2964 1865 3533 1922 superracancamque

287 1946 625 2017 φρονούντων
668 1943 775 2010 ἔξω
816 1947 914 2015 τῆς
964 1943 1107 1997 κατά
1160 1945 1260 2013 τὴν
1310 1943 1493 1997 ἄνοιαν
1534 1942 1867 2013 κατηγορίας

286 2033 639 2105 ποιήσασθαι.
673 2034 733 2087 Εἰ
757 2034 855 2105 μὲν
883 2034 989 2104 γάρ
1006 2050 1059 2085 τι
1086 2032 1322 2087 τοιοῦτον
1338 2036 1395 2087 ἐν
1420 2036 1529 2095 τοῖς
1546 2035 1676 2104 παρ’
1700 2033 1856 2104 ἡμῶν

284 2127 597 2198 είρημένοις
634 2120 722 2196 ἦν,
772 2125 881 2178 ἔδει
914 2118 1131 2188 πάντως
1168 2126 1316 2195 ἡμᾶς
1358 2124 1392 2194 ῆ
1429 2123 1773 2179 ἀνατίθεσθαι
1799 2122 1866 2176 τὰ

286 2219 476 2282 κακῶς
508 2217 791 2289 είρημένα,
824 2216 953 2287 ἢ-τὸ
982 2216 1283 2287 ἀμφίϐολον
1310 2216 1409 2286 τῆς
1447 2215 1685 2277 διανοίας
1728 2214 1864 2285 πρὸς

284 2311 349 2366 τὸ
394 2310 685 2364 ἀνεύθυνον
734 2313 833 2380 τῆς
882 2309 1178 2381 ἑρμηνείας
1219 2309 1391 2377 ἄγειν.
1450 2308 1601 2361 Ἐπεὶ
1648 2306 1705 2359 δὲ
1743 2307 1865 2360 οὔτε

285 2403 503 2474 εῐρηται
555 2404 687 2473 παρ’
734 2401 891 2473 ἡμῶν
948 2401 1189 2455 τοιοῦτον
1240 2401 1390 2454 οὐδὲν
1414 2440 1428 2463 ,
1492 2399 1615 2453 οὔτε
1672 2401 1706 2470 ή
1758 2400 1865 2454 τῶν

287 2495 594 2566 εἰρημένων
648 2493 938 2547 ἀκολουθία
998 2494 1138 2564 πρὸς
1179 2492 1277 2563 τὴν
1319 2492 1573 2563 τοιαύτην
1621 2493 1865 2563 ἀνάγκην

288 2582 482 2649 ἐξωθεῖ
516 2583 614 2654 τὴν
652 2583 905 2647 διάνοιαν,
930 2582 983 2635 τί
1019 2583 1099 2636 δεῖ
1139 2585 1252 2646 τοῖς
1286 2584 1734 2653 ὁμολογουμένοις
1780 2586 1864 2637 ὲν-

288 2672 628 2745 διατρίὸοντα
646 2672 960 2726 ἀποκναίειν
983 2674 1107 2735 τοὺς
1128 2672 1553 2742 ἐντυγχάνοντας
1580 2676 1646 2743 τῇ
1677 2689 1861 2743 παρα-

288 2762 445 2817 τάσει
468 2761 560 2815 τοῦ
588 2761 745 2829 λόγου
772 2779 788 2828 ;
823 2762 919 2825 Τίς
942 2762 1050 2833 γάρ
1080 2762 1250 2825 οὕτως
1283 2760 1390 2827 ἔξω
1422 2763 1657 2826 διανοίας
1686 2764 1859 2827 ἐστὶν,

288 2856 367 2918 ὡς
395 2855 634 2918 ἀκούσας
665 2854 753 2907 διὰ
786 2854 997 2908 πολλῶν
1025 2855 1312 2925 νοημάτων
1337 2854 1435 2916 τας
1473 2855 1715 2919 εὐσεϐεῖς
1737 2859 1864 2927 περὶ

289 2948 428 3003 Θεοῦ
460 2948 755 3018 ὑπολήψεις
794 2946 1160 3019 ἀθροίζεσθαι,
1196 2948 1449 3002 σύνθετον
1482 2950 1546 3001 ὲκ
1592 2949 1864 3019 διαφόρων

296 3041 360 3095 τὸ
386 3041 542 3095 Θεῖον
565 3042 643 3093 οίε
654 3040 796 3104 σθαι,
818 3040 851 3110 ἢ
884 3040 947 3091 ὲκ
968 3038 1320 3110 μεταλήψεώς
1349 3058 1508 3093 τινων
1534 3041 1713 3110 ἐαυτῷ
1744 3058 1867 3093 συνο

1970 1947 2331 2019 loquentiam,
2366 1962 2541 2016 neque
2569 1961 2894 2016 quemquam
2922 1946 3013 2014 qui
3046 1954 3193 1998 recte
3221 1943 3396 2012 sapiat
3434 1941 3532 1996 de-

1968 2041 2094 2095 bere
2139 2038 2569 2094 contradiccndo
2623 2037 2953 2107 respondere
3019 2037 3137 2090 sine
3183 2033 3535 2089 accusatione

1966 2131 2216 2186 amentia
2267 2130 2527 2184 arbitror.
2584 2128 2641 2182 Si
2694 2128 2838 2183 enim
2882 2125 3011 2195 quid
3061 2125 3171 2179 tale
3226 2124 3281 2196 in
3332 2122 3536 2177 nostris

1964 2221 2125 2277 dictis
2146 2228 2312 2285 esset,
2348 2228 2624 2287 oporteret
2650 2232 2751 2272 nos
2784 2216 3069 2271 maledicta
3097 2223 3417 2276 retractare,
3451 2212 3535 2265 vel

1965 2311 2108 2382 quod
2152 2311 2460 2380 ambiguam
2503 2309 2830 2364 sententiam
2869 2307 3051 2365 habet.
3098 2305 3165 2358 ad
3210 2292 3538 2372 interpreta-

1966 2402 2130 2457 tionis
2154 2416 2447 2455 censuram
2488 2410 2541 2454 et
2564 2413 2793 2453 examen
2818 2410 3096 2452 revocare.
3140 2393 3245 2449 Sed
3276 2392 3535 2464 quoniam

1966 2494 2099 2548 nihil
2137 2492 2436 2562 quidquam
2469 2491 2576 2545 tale
2611 2505 2639 2543 a
2674 2489 2830 2545 nobis
2854 2488 3058 2543 dictum
3088 2496 3170 2541 est
3198 2527 3211 2549 ,
3259 2500 3435 2555 neque
3464 2484 3541 2536 di-

1963 2595 2174 2641 ctorum
2207 2583 2524 2637 consecutio
2558 2582 2625 2636 ad
2657 2582 2821 2635 talem
2858 2579 3237 2635 necessitatem
3266 2576 3541 2645 compellit

1964 2677 2376 2747 cogitationem,
2409 2675 2541 2744 quid
2585 2690 2723 2745 opus
2767 2681 2851 2727 est
2884 2673 2937 2726 in
2974 2671 3282 2726 manifestis
3313 2678 3367 2722 et
3404 2684 3538 2722 con—

1964 2769 2125 2825 fessis
2160 2769 2545 2822 immorantetn
2576 2767 2811 2820 lectores
2844 2764 3004 2818 tadio
3027 2763 3237 2816 allicere
3272 2762 3540 2815 sermonis

1964 2860 2365 2933 protractione?
2390 2860 2523 2925 Quis
2562 2859 2706 2913 enim
2742 2860 2813 2912 ita
2849 2866 3003 2912 extra
3050 2864 3286 2909 tuentem
3327 2861 3434 2916 est,
3476 2861 3540 2906 ut

1966 2970 2089 3007 cum
2122 2952 2351 3006 audierit
2383 2966 2479 3020 per
2511 2951 2711 3005 multas
2744 2948 2994 3003 notiones
3039 2948 3107 3002 de
3136 2945 3244 3000 Deo
3276 2946 3391 3015 pias
3424 2945 3541 3014 cpi-

1967 3048 2163 3100 niones
2197 3045 2466 3109 acervari,
2496 3060 2563 3099 ex
2598 3042 2830 3097 diversis
2866 3056 3064 3095 numen
3097 3038 3390 3093 conflatum
3419 3052 3541 3091 esse

291 3133 537 3203 αγείρειν
571 3131 669 3202 τὴν
711 3130 1022 3201 τελειότητα
1044 3148 1061 3197 ;
1086 3129 1300 3202 Εὖρατό
1337 3148 1420 3194 τις
1450 3131 1569 3185 καθ’
1610 3132 1862 3185 ὑπόθεσιν

1970 3147 2140 3209 putet,
2174 3140 2257 3193 vel
2288 3154 2351 3191 ex
2384 3136 2853 3206 transsumptione
2894 3132 3255 3204 quorumdam
3296 3130 3397 3184 sibi
3436 3128 3537 3199 ipsi

294 3224 655 3296 γεωμετρίαν,
679 3226 709 3278 ὁ
737 3223 793 3277 δὲ
824 3224 985 3288 αὐτὸς
1018 3216 1171 3287 οὗτος
1206 3224 1522 3295 ὑπειλῆφθω
1554 3226 1648 3278 καὶ
1672 3227 1867 3297 ἀστρο-

292 3317 486 3388 νομίας
509 3315 732 3387 εὑρετὴς
759 3311 918 3381 εἶναι,
939 3316 1188 3386 ἰατρικῆς
1214 3333 1271 3369 τε
1299 3316 1461 3369 πάλιν
1485 3317 1581 3369 καὶ
1612 3334 1870 3389 γραμμα-

292 3410 473 3479 τικῆς,
509 3410 604 3462 καὶ
634 3408 931 3478 γεωργίας,
968 3408 1064 3462 καὶ
1099 3407 1273 3462 ἄλλων
1298 3408 1553 3462 τοιούτων
1585 3411 1870 3481 ἐπιτηδευ-

300 3503 484 3572 μάτων
534 3502 717 3557 τινῶν.
778 3497 904 3581 ’Δρξ
943 3501 1131 3571 ἐπειδὴ
1175 3500 1347 3555 πολλὰ
1390 3503 1486 3555 καὶ
1534 3502 1763 3574 διάφορα
1802 3506 1869 3558 τὰ

295 3594 535 3664 ὀνόματα
562 3592 671 3647 τῶν
695 3592 1139 3662 ἐπιτηδευμάτων
1164 3592 1293 3661 περὶ
1312 3592 1413 3665 τὴν
1446 3593 1571 3662 μίαν
1588 3593 1867 3665 θεωρεῖται

294 3687 507 3758 ψυχὴν,
555 3684 804 3748 σύνθετος
846 3682 934 3737 διά
983 3684 1139 3737 τοῦτο
1181 3686 1214 3754 ὴ
1263 3683 1409 3754 ψυχὴ
1453 3684 1866 3755 νομισθήσεται;

299 3781 494 3835 Καίτοι
520 3796 584 3848 γε
621 3779 870 3831 πλεῖστον
912 3776 1154 3846 διαφέρει
1186 3775 1246 3828 τὸ
1289 3776 1432 3829 κατά
1466 3777 1565 3847 τὴν
1624 3779 1868 3850 ἰατρικὴν

300 3872 697 3944 σημαινόμενον
736 3869 840 3938 τῆς
886 3867 1285 3938 ἀστρονομικῆς
1340 3870 1670 3940 ἐπιστήμης,
1708 3872 1802 3924 καὶ
1833 3874 1867 3943 ἡ

297 3962 661 4037 γραμματικὴ
692 3962 828 4033 πρὸς
866 3962 965 4033 τὴν
993 3960 1332 4030 γεωμετρίαν
1361 3960 1615 4031 οὐδεμίαν
1641 3962 1780 4015 κατά
1807 3963 1869 4015 τὸ

301 4056 699 4127 σημαινόμενον
739 4054 837 4123 τὴν
872 4051 1152 4106 κοινωνίαν
1184 4052 1296 4121 ἔχει
1320 4066 1334 4079 ⁸
1386 4052 1494 4105 οὐδ’
1541 4050 1607 4107 αὖ
1648 4056 1809 4108 πάλιν
1834 4058 1868 4127 ἡ

299 4148 569 4209 ναυτιλία,
592 4147 685 4199 καὶ
716 4147 749 4216 ἠ
773 4144 1058 4213 γεοπονία·
1091 4144 1225 4198 ἀλλά
1258 4146 1364 4216 μὴν
1390 4148 1517 4218 περὶ
1544 4148 1641 4218 τὴν
1671 4149 1865 4221 ψυχὴν,

297 4240 506 4293 τούτων
538 4238 773 4306 ἑκάστης
803 4238 895 4289 τὸν
918 4236 1073 4303 λόγον
1117 4235 1340 4289 δυνατὸν
1381 4236 1750 4309 ἀθροισθῆναι,
1779 4242 1870 4294 καὶ

299 4332 365 4384 οὐ
418 4330 504 4384 διὰ
540 4328 695 4382 τοῦτο
741 4326 1129 4390 πολυσύνθετος
1182 4328 1214 4397 ἡ
1268 4326 1413 4398 ψυχὴ
1454 4328 1692 4397 γίνεται,
1751 4332 1870 4386 οὐδὲ

303 4423 483 4475 πάντα
503 4420 574 4473 τὰ
592 4420 827 4489 ὀνόματα
844 4418 951 4472 τῶν
972 4418 1415 4488 ἐπιτηδευμάτων
1436 4420 1571 4489 πρὸς
1595 4420 1651 4473 ἓν
1675 4439 1871 4491 σημαι-

1976 3230 2361 3301 perfectionem
2413 3227 2746 3298 congerere?
2790 3225 3064 3279 Ponamns
3101 3225 3335 3294 aliquem
3386 3224 3542 3277 inve-

1975 3323 2122 3377 nisse
2149 3321 2525 3392 geometriam.
2560 3320 2645 3372 hic
2669 3319 2807 3372 idem
2838 3318 3179 3372 existimetur
3196 3312 3549 3370 astronomia

1977 3416 2225 3469 inventor
2255 3427 2398 3475 esse,
2432 3410 2716 3466 medicina
2744 3424 2939 3465 rursus
2986 3418 3040 3463 et
3075 3408 3463 3479 grammaticae,
3489 3417 3543 3460 et

1976 3503 2344 3574 agricultura,
2365 3510 2419 3565 et
2444 3500 2672 3555 aliorum
2708 3497 3067 3569 quorumdam
3108 3496 3297 3551 talium
3335 3494 3545 3549 studio-

1976 3613 2119 3651 rum.
2158 3595 2241 3648 An
2272 3609 2395 3648 cum
2436 3592 2606 3647 multa
2637 3600 2691 3647 et
2724 3590 3039 3645 differentia
3069 3589 3289 3644 nomina
3331 3587 3547 3644 studio-

1974 3704 2119 3749 rum,
2152 3687 2207 3740 in
2241 3702 2346 3739 una
2367 3683 2785 3739 considerantur
2815 3683 3017 3745 anima,
3051 3688 3271 3750 propter
3300 3681 3403 3733 hoc
3424 3680 3544 3732 ani-

1975 3794 2061 3831 tua
2082 3776 2385 3845 composita
2402 3772 2841 3829 existimabitur?
2861 3773 3022 3841 Atqui
3046 3772 3338 3840 plurimum
3364 3770 3544 3824 differt

1976 3870 2263 3923 medicina
2292 3866 2657 3935 significatum
2688 3863 2757 3916 ab
2787 3863 3157 3916 astronomica
3198 3860 3451 3925 scicntia,
3490 3870 3545 3914 et

1977 3960 2331 4032 grammatica
2356 3973 2477 4011 cum
2499 3957 2792 4026 geometria
2824 3956 3027 4009 nullam
3053 3955 3353 4009 secundum
3376 3954 3545 4023 signi—

1977 4056 2194 4109 ficatum
2227 4050 2666 4106 communionem
2719 4049 2900 4112 habet,
2948 4062 3124 4116 neque
3164 4061 3357 4100 rursus
3387 4046 3543 4099 navi-

1977 4147 2122 4216 gatio
2160 4154 2214 4199 et
2246 4144 2581 4213 agricultura
2608 4160 2621 4196 :
2651 4151 3027 4195 verumtamen
3052 4139 3165 4192 fieri
3190 4147 3367 4207 potest
3394 4146 3454 4191 ut
3488 4139 3541 4191 in

1978 4254 2084 4292 una
2114 4237 2412 4304 eademque
2446 4233 2629 4288 anima
2673 4232 2865 4285 harutn
2913 4230 3157 4284 omnium
3189 4228 3541 4284 scientiarum

1978 4331 2119 4385 ratio
2149 4336 2496 4397 congeratur,
2534 4339 2709 4394 neque
2742 4330 3031 4391 prepterea
3074 4320 3253 4373 anima
3285 4321 3357 4373 sit
3389 4335 3542 4373 com-

1977 4423 2176 4491 posita,
2232 4434 2406 4487 neque
2461 4415 2641 4470 omnia
2683 4413 3096 4477 disciplinarum
3142 4419 3196 4465 et
3237 4410 3540 4464 studiorum

303 4510 527 4581 νόμενον
569 4510 948 4579 ἀνακιρνᾶται.
1008 4508 1071 4561 Εἰ
1105 4507 1284 4561 τοίνυν
1322 4510 1350 4561 ό
1385 4510 1721 4581 ἀνθρώπινος
1749 4512 1865 4576 νοῦς

1976 4514 2196 4569 nomina
2232 4512 2284 4564 in
2328 4527 2436 4563 uno
2481 4508 2786 4579 significatu
2816 4506 3261 4559 commiscentur.
3296 4502 3352 4555 Si
3381 4502 3544 4572 igitur

302 4602 393 4657 διὰ
417 4601 683 4654 τοσούτων
728 4601 857 4670 περὶ
899 4599 1063 4652 αὑτοῦ
1109 4599 1435 4670 λεγομένων,
1488 4603 1639 4656 οὐδὲν
1674 4606 1753 4666 είς
1775 4605 1872 4675 τὴν

305 4695 585 4763 ἁπλότητα
633 4691 950 4761 βλάπτεται,
985 4689 1104 4751 πῶς
1143 4689 1209 4743 ἄν
1238 4706 1322 4752 τις
1364 4692 1572 4762 οἰηθείη
1602 4694 1693 4746 τὸν
1720 4694 1871 4759 Θεὸν,

308 4787 357 4840 εί
381 4784 564 4854 σοφὸς,
608 4784 702 4837 καὶ
745 4783 971 4843 δίκαιος,
1009 4782 1103 4832 καὶ
1149 4779 1372 4847 ἀγαθὸς,
1403 4783 1497 4833 καὶ
1540 4783 1728 4848 ἀΐδιος,
1782 4786 1876 4839 καὶ

307 4878 486 4932 πάντα
514 4876 583 4928 τὰ
602 4876 875 4946 θεοπρεπῆ
899 4873 1113 4927 καλοῖτο
1135 4872 1393 4941 ὀνόματα,
1432 4874 1480 4925 εί
1506 4874 1579 4943 μὴ
1609 4876 1710 4944 μία
1743 4879 1874 4931 πᾶσι

306 4968 589 5040 νομισθείη
604 4970 714 5029 τοῖς
732 4965 957 5035 ὀνόμασι
975 4962 1287 5034 σημασία,ῆ
1306 4963 1589 5035 πολυμερῆ
1608 4966 1871 5034 γίνεσθαι,

309 5062 342 5132 ἢ
380 5062 443 5113 ὲκ
475 5058 763 5130 μετουσίας
790 5055 995 5109 τούτων
1014 5054 1074 5107 τὸ
1097 5054 1301 5106 τέλειον
1324 5053 1504 5125 ἐαυτῷ
1533 5059 1875 5129 συναγείρειν

309 5154 407 5225 τῆς
430 5152 644 5221 φύσεως
664 5168 679 5217 ;

392 5331 530 5384 Ἃ)ῡέ
561 5328 901 5399 ἐξετάσωμεν
930 5328 1095 5381 αὐτοῦ
1124 5328 1219 5381 καὶ
1244 5330 1340 5399 τὴν
1370 5332 1728 5401 σφοδροτέραν
1753 5334 1875 5386 καθ’

308 5422 465 5492 ἡμῶν
500 5420 833 5490 κατηγορίαν
870 5418 1098 5488 ἔχουσαν
1128 5418 1297 5483 οὕτως
1318 5438 1329 5452 ο
1367 5424 1435 5474 El
1464 5422 1530 5473 δὲ
1551 5423 1658 5485 δεῖ,
1691 5425 1873 5493 φησὶν,

309 5517 406 5569 ἐπὶ
428 5516 532 5568 τὸν
567 5513 1015 5582 ἀποτομὼτερον
1052 5514 1320 5583 χωρῆσαι
1352 5518 1557 5584 λόγον,
1598 5516 1741 5570 οὐδὲ
1764 5518 1879 5584 τὴν

310 5604 531 5657 οὐσίαν
550 5602 743 5669 αὐτὴν
760 5602 1145 5671 ἀνεπίμικτον
1166 5605 1263 5657 καί
1284 5606 1548 5672 καθαρὰν
1573 5606 1876 5675 φυλάσσει

313 5695 431 5749 τῶν
459 5694 741 5762 χειρόνων
771 5693 867 5746 καὶ
901 5692 1019 5745 τῶν
1043 5694 1349 5747 ἐναντίων.
1402 5697 1463 5747 'll
1501 5697 1598 5765 μὲν
1627 5692 1718 5749 οῦν
1743 5716 1875 5751 κατ-

314 5788 514 5861 ηγορία
539 5786 821 5857 τοσαύτην
842 5790 869 5838 ὁ
896 5786 952 5840 δὲ
998 5786 1103 5840 τῶν
1134 5788 1488 5858 ἐγκλημάτων
1518 5790 1731 5860 ξ>.;γχος
1760 5792 1873 5855 τίς,

1976 4607 2211 4659 humana
2245 4618 2397 4656 mens
2434 4617 2530 4671 per
2568 4600 2791 4653 totidem
2828 4612 2949 4667 qua
2991 4599 3056 4653 de
3102 4598 3217 4665 ipsa
3259 4598 3539 4655 dicuntur,

1975 4698 2106 4751 nihil
2164 4697 2216 4749 in
2259 4709 2357 4748 sua
2404 4691 2755 4760 simplicitate
2813 4689 3048 4751 laditur,
3098 4688 3372 4758 quomodo
3421 4687 3543 4756 quis

1978 4787 2143 4841 Deum
2188 4783 2481 4853 putaverit,
2518 4781 2562 4836 si
2590 4780 2828 4849 sapiens,
2862 4788 2916 4832 et
2937 4778 3141 4847 justus,
3172 4784 3225 4831 et
3255 4776 3454 4837 bonus,
3486 4787 3538 4828 et

1976 4878 2363 4945 sempiternus,
2401 4883 2455 4928 et
2492 4873 2749 4926 omnibus
2796 4871 2903 4924 Deo
2936 4870 3150 4924 decoris
3182 4874 3406 4922 vocetur
3440 4882 3538 4921 no-

1977 4969 2236 5029 minibus,
2262 4968 2303 5020 si
2337 4982 2443 5019 non
2469 4964 2723 5017 omnibus
2748 4962 2896 5015 hisce
2935 4960 3245 5013 nominibus
3286 4974 3390 5011 una
3418 4957 3538 5011 exi-

1977 5063 2195 5117 stimata
2256 5060 2419 5112 fuerit
2470 5073 2593 5111 esse
2640 5055 3003 5123 significatio,
3062 5052 3245 5105 multis
3292 5049 3540 5120 partibus

1977 5160 2254 5214 constare,
2294 5150 2375 5203 vel
2405 5165 2469 5203 ex
2502 5152 2692 5201 horum
2728 5144 3142 5216 participatione
3175 5152 3392 5208 naturae
3418 5155 3541 5209 per-

1976 5246 2268 5300 fectionem
2302 5243 2405 5297 sibi
2434 5239 2818 5295 accumulare?

2050 5338 2157 5393 Sed
2189 5337 2309 5406 ejus
2340 5333 2796 5389 vehementiorem
2846 5342 3036 5383 contra
3090 5346 3190 5382 nos
3229 5327 3535 5382 accusatio-

1977 5446 2100 5485 nem
2124 5428 2523 5485 examinenms,
2558 5439 2678 5492 qua:
2707 5422 2786 5476 sic
2823 5422 3005 5475 habet.
3039 5420 3194 5487 Quod
3230 5422 3298 5484 si,
3342 5419 3541 5487 inquit,

1979 5523 2045 5574 ad
2081 5521 2384 5574 severiorem
2416 5526 2614 5585 oportet
2640 5515 2932 5567 orationem
2960 5514 3153 5577 venire,
3182 5529 3340 5581 neque
3378 5528 3546 5565 essen-

1980 5614 2106 5664 tiam
2134 5613 2301 5679 ipsam
2330 5608 2712 5677 imperntislam
2744 5616 2792 5659 et
2819 5624 2848 5658 a
2881 5605 3229 5659 deterioribus
3255 5618 3303 5659 e:
3333 5618 3517 5658 contra

1979 5706 2074 5757 riis
2097 5718 2286 5770 puram
2308 5710 2498 5753 servat.
2533 5697 2658 5752 liae
2694 5698 2859 5767 igitur
2894 5698 3173 5751 accusatio
3201 5707 3393 5749 contra
3419 5712 3542 5758 nos,

1981 5796 2267 5849 criminum
2333 5799 2509 5847 autem
2568 5790 3026 5861 probatio,quze?
3085 5788 3376 5845 Videamus
3426 5789 3545 5857 ejus
