4006 6492
555 345 695 401 £079

1791 354 1846 408 S.
1885 349 2211 407 GREGOHII
2249 352 2540 412 NYSSENI

3634 366 3741 420 ίεὸθ

561 474 931 521 vatmnentem
957 483 1130 538 ipsam
1157 477 1209 526 et
1237 473 1531 527 oratoriam
1560 482 1749 528 contra
1783 490 1882 530 nos
1906 491 2124 546 aggres-

2241 479 2457 548 Ἱδωμεν
2503 475 2672 545 αὐτὴν
2715 476 2812 547 τὴν
2868 477 3101 546 σφοδρὰν
3145 476 3309 530 αὐτοῦ
3350 479 3440 532 καὶ
3497 481 3742 554 ῥητορικὴν

560 556 792 610 sionem.
846 559 926 622 Si,
977 560 1174 630 inquit,
1227 564 1511 617 secundum
1567 565 1620 617 id
1678 566 1816 633 quod
1859 567 1977 621 vitae
2022 567 2130 636 ﬁne

561 652 704 695 caret
759 647 930 698 solum
981 660 1057 702 est
1108 651 1542 719 incorruptibilis,
1579 666 1625 707 et
1665 655 1951 709 secundum
1991 657 2130 726 quod

559 733 811 800 principii
863 747 941 789 est
987 755 1171 808 expers
1208 744 1376 796 solum
1425 756 1500 797 est
1555 746 1832 815 ingenitus,
1873 759 2128 816 quatenus

565 840 670 878 non
691 836 769 880 est
801 828 1240 898 incorruptibilis,
1273 837 1632 904 corruptibilis
1656 839 1778 900 erit,
1817 850 1868 891 et
1896 856 2000 908 qua
2027 856 2131 893 non

564 924 642 968 est
661 917 945 987 ingenitus,
973 925 1072 975 erit
1093 925 1314 993 genitus.
1341 925 1607 982 Eteodem
1635 943 1826 983 rursIts
1850 940 2130 998 resumpto

563 1007 684 1061 inﬁt
723 1026 736 1063 :
775 1009 895 1064 Erit
937 1015 1101 1084 igitur
1153 1019 1439 1071 secundum
1489 1020 1542 1071 id
1583 1020 1720 1088 quod
1758 1021 2004 1090 principii
2053 1030 2132 1075 est

565 1117 768 1170 expers,
802 1105 1068 1175 ingenitus
1094 1109 1256 1160 simul
1277 1119 1325 1161 et
1358 1111 1740 1178 corruptibilis,
1771 1121 1821 1164 et
1846 1112 2132 1166 secundum

565 1197 704 1263 quod
729 1196 884 1262 linem
921 1215 1022 1250 non
1044 1199 1217 1258 habet,
1259 1201 1679 1268 incorruptibilis
1713 1203 1874 1255 simul
1911 1213 1960 1257 et
1987 1206 2134 1272 geni-

570 1293 673 1338 tus.
730 1285 826 1340 Est
876 1288 1040 1355 igitur
1094 1290 1207 1343 haec
1263 1293 1506 1346 severior
1551 1292 1672 1359 ejus
1717 1296 1914 1356 oratio,
1967 1311 2131 1364 quam

568 1385 759 1429 contra
795 1392 896 1431 nos
925 1393 984 1432 se
1013 1379 1348 1448 prolaturum
1381 1398 1504 1438 esse
1546 1385 1783 1440 minatus
1813 1395 1917 1448 est,
1962 1399 2020 1441 ut
2049 1404 2136 1440 ar—

569 1473 700 1534 guat
727 1475 780 1521 et
811 1469 1103 1524 convincat
1132 1487 1234 1526 nos
1277 1472 1459 1528 dicere
1512 1474 1600 1530 Dei
1638 1480 1934 1532 essentiam
1981 1479 2134 1534 dete-

567 1557 807 1612 rioribus
850 1567 904 1613 et
953 1562 1250 1617 contrariis
1305 1564 1796 1623 immistam'esse.
1845 1569 1958 1639 Ego
2006 1587 2136 1626 vero

566 1657 814 1717 apertum
849 1660 903 1706 et
925 1653 1132 1707 clarum
1176 1655 1438 1711 existimo
1468 1657 1553 1713 his
1587 1660 1677 1728 qui
1717 1659 1769 1712 in
1803 1661 2002 1730 seipsis
2037 1662 2137 1715 ha-

571 1741 698 1795 bent
729 1742 944 1796 ﬁrmum
976 1753 1029 1800 et
1053 1746 1294 1801 validum
1324 1749 1575 1803 veritatis
1608 1750 1897 1818 judicium,
1927 1753 2132 1807 nullam

569 1831 623 1884 in
656 1831 740 1884 his
770 1832 932 1889 dictis
969 1836 1320 1906 sycophanta:
1358 1839 1483 1893 huic
1527 1814 1851 1910 magistrum
1881 1852 2133 1898 nostrum
2168 1814 2210 1871 Β

571 1938 760 1976 ansam
797 1925 1034 1985 dedisse.
1089 1927 1183 1984 sed
1237 1929 1385 1985 hunc
1426 1947 1526 2000 pro
1578 1948 1676 1987 sua
1729 1934 1954 1990 libidine
1994 1937 2138 1991 dicta

476 2069 478 2072 ν
572 2008 910 2078 distorsisse,
947 2023 1112 2082 atque
1162 2016 1307 2072 hunc
1342 2020 1600 2088 puerilem
1639 2023 1992 2091 sophismatis
2024 2025 2140 2081 sive

569 2101 747 2153 cavilli
775 2102 958 2167 jocum
981 2105 1348 2162 conclusisse.
1384 2108 1766 2166 Verumtamen
1795 2124 1851 2168 ut
1881 2118 2140 2171 omnibus

572 2195 921 2252 manifestius
978 2198 1084 2252 hoc
1138 2199 1443 2270 legentibus
1481 2203 1593 2266 ﬁat,
1650 2205 1784 2258 illud
1837 2207 2034 2260 iterum
2071 2209 2139 2263 ad

569 2285 798 2338 verbum
833 2287 1099 2354 recitabo,
1142 2298 1197 2345 et
1231 2292 1316 2346 his
1347 2291 1598 2348 Ennomii
1636 2299 1799 2351 verba
1847 2313 2142 2367 apponam:

571 2370 1058 2440 lncorruptibilem,
1089 2379 1166 2431 ait
1195 2380 1388 2435 doctor
1417 2383 1514 2449 la),
1559 2393 1609 2436 et
1647 2385 1936 2454 ingenitum
1971 2387 2141 2442 Deum

572 2462 937 2518 universorum
955 2465 1201 2534 dicimus,
1219 2471 1501 2524 secundum
1524 2473 1824 2541 di/ferentes
1847 2476 2141 2532 intellectus

571 2553 950 2620 applicationes
999 2568 1050 2612 et
1099 2571 1373 2630 conceptas
1427 2563 1510 2618 Itis
1559 2565 1858 2620 nominibus
1919 2575 2145 2626 utentes:

573 2643 708 2698 Cum
740 2648 878 2700 enim
930 2659 1070 2704 retro
1110 2663 1231 2709 ante
1269 2656 1465 2710 sarcula
1515 2657 1845 2724 inspicimus,
1887 2675 2144 2726 superan-

573 2745 672 2790 tem
703 2754 903 2793 omnem
920 2742 1459 2815 circumscriptionem
1482 2748 1798 2802 invenientes
1825 2749 1923 2802 Dei
1949 2753 2139 2813 vitam,

572 2829 746 2894 ipsum
778 2831 1065 2901 ingenitum
1097 2836 1346 2892 dicimus.
1382 2839 1514 2893 Cum
1547 2856 1666 2894 vero
1699 2853 1922 2895 mentem
1956 2843 2025 2896 ad
2061 2861 2145 2897 su-

568 2922 921 2986 pervenientia
960 2927 1157 2980 smcula
1199 2929 1544 2993 intendimus,
1582 2933 1721 3000 quod
1770 2934 2146 2988 indetermina-

575 3021 705 3072 tum,
729 3015 1019 3083 inﬁnitum,
1047 3019 1295 3089 nulloque
1311 3022 1415 3088 ﬁne
1437 3024 1883 3092 comprehensum,
1907 3027 2144 3096 appella-

2229 571 2350 624 καθ’
2392 570 2548 641 ἡμῶν
2580 569 2939 640 ἐπιχείρησιν.
2988 572 3057 623 El
3087 569 3234 622 κατὰ
3267 570 3329 622 τὸ
3375 570 3741 638 ἀτελεύτητον,

2230 663 2384 733 φησι,
2414 662 2526 728 τῆς
2562 659 2708 727 ζωῆς
2729 662 2920 729 μόνον
2957 660 3130 713 ἐστὶν
3165 660 3477 728 ἄφθαρτος,
3517 664 3600 715 καὶ
3628 671 3744 720 κατὰ

2231 755 2297 806 τὸ
2347 754 2612 823 ἄναρχον
2659 754 2851 822 μόνον
2889 751 3250 820 ἁγέννητος,
3305 752 3448 807 καθὸ
3487 754 3566 820 μή
3611 757 3747 809 ἐστιν

2229 846 2545 914 ἄφθαρτος,
2569 845 2826 914 φθαρτὸς
2840 844 3029 907 ἔσται,
3051 843 3148 896 καὶ
3171 844 3314 896 καθὸ
3327 844 3409 912 μή
3433 845 3591 898 ἐστιν
3607 847 3746 912 ἀτέν.

2230 953 2431 1000 νητος,
2462 935 2748 1004 γεννητὸς
2772 934 2968 988 ἔσται.
3018 934 3125 987 Καὶ
3162 932 3514 986 ἐπαναλαεὼν
3540 935 3679 988 πάλιν
3701 939 3748 990 τὸ

2231 1027 2363 1079 αὑτό
2407 1043 2569 1096 φησιν
2595 1043 2608 1056 ·
2667 1027 2871 1079 Ἔσται
2925 1027 3041 1092 ἄρα
3083 1025 3232 1078 κατὰ
3265 1025 3382 1093 μὲν
3407 1025 3472 1076 τὸ
3508 1025 3748 1093 ἄναρχον,

2231 1119 2560 1186 ἀγέννητος
2584 1118 2732 1185 ὁμοῦ
2757 1119 2850 1171 καὶ
2880 1117 3158 1186 φθαρτὸς,
3198 1117 3346 1170 κατὰ
3373 1115 3441 1169 δὲ
3467 1118 3531 1169 τὸ
3552 1119 3752 1171 ἀτελεύ-

2234 1228 2431 1276 τητον,
2477 1209 2776 1279 ἄφθαρτος
2805 1210 2953 1277 ὁμοῦ
2986 1209 3084 1262 καὶ
3121 1212 3426 1277 τεννητός.
3484 1209 3538 1262 '0
3567 1210 3653 1277 μὲν
3682 1208 3753 1264 οὖν

2233 1299 2647 1370 ἀποτομώτερος
2674 1299 2836 1352 αὑτοῦ
2865 1300 3021 1366 λόγος
3043 1293 3194 1362 οὗτός
3224 1301 3390 1359 ἐστιν,
3419 1299 3478 1351 ὃν
3497 1300 3608 1351 καθ’
3631 1302 3754 1371 ἡμῶν

2237 1390 2509 1460 προοισειν
2539 1390 2854 1461 ἠπείλησεν,
2889 1392 2969 1454 εἰς
2993 1390 3214 1461 ἔλεγχον
3245 1389 3338 1443 τοῦ
3371 1390 3468 1461 τὴν
3495 1394 3660 1444 οὐσίαν
3682 1393 3755 1446 τοῦ

2236 1481 2372 1535 Θεοῦ
2402 1482 2580 1550 λέγειν
2610 1484 2756 1552 ἡμᾶς
2778 1482 3136 1553 ὲπιμεμίχθαι
3171 1486 3286 1547 τοῖς
3323 1484 3578 1546 ἐναντίοις
3606 1503 3656 1537 τε
3683 1489 3756 1540 καὶ

2236 1576 2346 1636 τοῖς
2389 1574 2642 1644 χείροσιν.
2711 1571 2850 1642 Ἐγὼ
2885 1571 2939 1626 δὲ
2989 1574 3214 1646 φανερὸν
3262 1575 3360 1645 μὲν
3413 1575 3637 1646 ἡγοῦμαι
3672 1579 3760 1640 τοῖς

2237 1667 2544 1738 ὲρρωμένον
2584 1649 2802 1737 ἔχουσιν
2826 1669 2884 1720 ἐν
2930 1669 3138 1732 ἑαυτοῖς
3165 1668 3225 1721 τὸ
3255 1669 3355 1739 τῆς
3385 1668 3634 1739 ἀληθείας
3659 1687 3758 1740 κρι-

2237 1764 2301 1831 τή
2313 1779 2443 1833 ριον,
2465 1763 2546 1814 ὅτι
2567 1761 2817 1831 οὐδεμίαν
2837 1763 2896 1813 ἐν
2928 1763 3040 1824 τοῖς
3065 1761 3372 1831 εἰρημένοις
3400 1761 3670 1822 δεδωκότος
3687 1761 3760 1813 τοῦ

2237 1853 2554 1908 διδασκάλου
2579 1853 2656 1922 τῷ
2685 1853 2990 1924 συκοφάντῃ
3021 1852 3214 1921 λαϐὴν,
3247 1854 3617 1930 παραποιήσας
3639 1847 3761 1916 οὗτος

2240 1947 2374 2017 πρὸς
2405 1945 2464 1999 τὸ
2496 1946 2684 1999 δοκοῦν
2712 1945 2780 1998 τὰ
2805 1944 3088 2016 εἰρημένα,
3115 1944 3211 2015 τὴν
3239 1945 3569 2016 μειρακιώδη
3594 1944 3763 2011 ταύτην

2237 2037 2331 2090 τοῦ
2363 2037 2692 2108 σοφίσματος
2723 2036 2940 2089 παιδιὰν
2973 2035 3409 2107 συνδιεπέρανεν.
3461 2035 3598 2105 Πλὴν
3623 2036 3686 2098 ὡς
3712 2037 3764 2088 ἂν

2241 2128 2588 2200 ἐκδηλότερον
2617 2130 2750 2181 πᾶσι
2779 2127 2985 2194 γένοιτο
3013 2129 3128 2190 τοῖς
3161 2127 3593 2196 ἐντυγχάνουσιν,
3620 2127 3766 2178 ἐκεῖνο

2237 2236 2297 2271 τε
2327 2219 2484 2272 πάλιν
2521 2221 2613 2272 ἐπὶ
2660 2217 2856 2284 λέξεως
2885 2218 3287 2288 ἀναγνώσομαι,
3312 2219 3407 2272 καὶ
3435 2218 3763 2287 ἀντιπαραθή-

2243 2326 2321 2364 σω
2347 2310 2556 2374 τούτοις
2577 2311 2644 2364 τὰ
2676 2311 2936 2382 Εὑνομίου
2969 2313 3208 2382 ῥήματα.
3261 2314 3602 2379 Ἀφθαρτον,
3633 2311 3766 2378 φησὶν

2241 2403 2270 2454 ὀ
2292 2402 2625 2466 διδάσκαλος,
2649 2403 2744 2457 καὶ
2775 2403 3107 2472 ἀγέννητον
3133 2401 3279 2456 Θεὸν
3306 2401 3426 2455 τῶν
3454 2401 3606 2454 ὅλων
3626 2401 3765 2470 λέγο-

2237 2512 2371 2565 μεν,
2403 2496 2552 2549 κατὰ
2581 2495 2904 2564 διαφόρους
2929 2496 3213 2560 ἐπιϐολὰς
3251 2495 3372 2560 τοῖς
3397 2495 3640 2562 ὀνόμασι
3661 2494 3768 2546 τού-

2241 2603 2366 2651 τοις
2392 2585 2696 2654 χρώμενοι.
2744 2586 2930 2639 Ὅταν
2954 2586 3071 2654 μὲν
3111 2586 3220 2654 γὰρ
3261 2587 3346 2651 εἷς
3379 2587 3522 2651 τοὺς
3558 2585 3769 2640 κατόπιν

2243 2677 2458 2743 αἰῶνας
2483 2675 2937 2746 ἀποθλέψωμεν,
2988 2679 3559 2746 ὐπερεκπῖπτουσαν
3603 2678 3769 2744 πάσης

2243 2769 2608 2840 περιγραφῆς
2653 2769 3034 2837 εὑρίσκοντες
3081 2768 3198 2834 τὴν
3258 2768 3412 2835 ζωὴν
3472 2767 3574 2821 τοῦ
3616 2768 3763 2829 Θεοῦ,

2243 2859 2569 2928 ἀγέννητον
2601 2858 2788 2912 αὑτὸν
2827 2857 3098 2926 λέγομεν.
3152 2858 3328 2910 Ὅταν
3357 2857 3428 2910 δὲ
3479 2857 3598 2922 τοῖς
3629 2857 3769 2925 inep-

2244 2950 2517 3019 χομένοις
2549 2949 2719 3004 alam
2750 2948 2859 3002 τὸν
2893 2950 3044 3003 νοῦν
3079 2947 3511 3017 ἐπιθάλλωμεν,
3553 2948 3615 3002 τὸ
3646 2949 3771 3014 ἀόριο

2243 3057 2395 3095 στον
2426 3043 2523 3095 καὶ
2549 3041 2813 3109 ἄπειρον,
2843 3043 2938 3094 καὶ
2973 3043 3171 3095 οὐδενὶ
3203 3042 3360 3095 τέλει
3405 3041 3770 3108 καταληπτὸν,

573 3120 690 3157 mus
735 3106 1152 3176 incorruptibile.
1201 3109 1268 3164 Ut
1302 3115 1467 3204 igitur
1491 3115 1630 3184 quod
1675 3118 1794 3170 vita:
1837 3119 1994 3186 ﬁnem
2040 3135 2142 3172 non

2246 3106 2810 3200 προσηγορεύσαμεν
2854 3132 3174 3201 ἄφθαρτον.
3259 3134 3358 3199 Ὠς
3407 3130 3522 3190 οὖν
3567 3106 3628 3187 τὸ
3668 3134 3774 3186 ἁτε·

573 3196 748 3259 Mbet,
779 3200 1218 3270 incorruptibile;
1248 3192 1323 3258 sic
1354 3207 1492 3274 quod
1529 3209 1789 3278 principio
1825 3211 1948 3266 vita:
1978 3220 2144 3276 caret,

571 3289 863 3354 ingenitum
917 3293 1244 3346 nominatum
1298 3303 1378 3348 est
1443 3300 1880 3352 commentatione
1941 3310 2145 3364 nostra,

2243 3227 2531 3292 λεύτητον
2561 3223 2667 3290 τῆς
2711 3222 2862 3292 ζωῆς
2889 3224 3219 3294 ἄφθαρτον,
3275 3226 3430 3279 οὕτω
3469 3225 3566 3278 καὶ
3612 3224 3672 3277 τὸ
3695 3224 3774 3275 ἇν-

2245 3331 2434 3384 αρχον
2487 3313 2674 3381 αὐτῆς
2711 3313 3042 3382 ἀγέννητον
3075 3314 3392 3382 ὠνομάσθη
3411 3355 3425 3376 ,
3481 3313 3553 3381 τῇ
3585 3314 3778 3378 ἐπινοίᾳ

573 3381 664 3449 qui
693 3381 802 3434 haec
849 3385 1286 3451 contemplamnr.
1335 3386 1436 3440 Hic
1478 3403 1661 3448 sermo
1703 3393 1875 3443 nostri
1906 3391 2148 3447 doctoris

574 3480 681 3534 est,
715 3471 819 3527 hoc
856 3473 1061 3528 docens
1103 3491 1204 3531 nos
1238 3492 1335 3544 per
1363 3493 1427 3530 ea
1477 3493 1598 3547 qua:
1633 3489 1764 3534 sunt
1805 3481 1975 3543 dicta,
2003 3481 2148 3552 quod

577 3561 684 3614 vita
715 3561 904 3615 divina
940 3579 1062 3617 cum
1091 3566 1162 3619 sit
1214 3576 1409 3620 natura
1437 3583 1549 3622 una
1595 3577 1652 3624 et
1681 3570 1736 3624 in
1773 3586 1834 3626 se
1863 3573 2146 3638 continua,

2247 3408 2622 3474 θεωρούντων
2653 3406 2823 3475 ’ἡμῶν
2851 3407 3057 3460 ταῦτα.
3119 3400 3287 3468 Οὗτος
3317 3405 3411 3460 τοῦ
3439 3405 3780 3459 διδασκάλουό

2247 3495 2419 3563 λόγος,
2447 3495 2602 3548 τοῦτο
2643 3495 2912 3549 παιδεύων
2938 3497 3084 3567 ἡμᾶς
3111 3496 3198 3549 διὰ
3225 3497 3336 3548 τῶν
3379 3497 3693 3566 εἰρημένων,
3715 3495 3776 3544 ὅτι

2251 3585 2348 3655 μία
2374 3581 2506 3639 οὖσα
2544 3587 2608 3656 τῇ
2640 3587 2805 3655 φύσει»
2838 3587 2931 3640 καὶ
2969 3576 3198 3656 συνεῄὴς
3226 3587 3362 3658 πρὸς
3390 3588 3592 3656 ἑαυτὴν
3622 3587 3652 3655 ἡ
3688 3583 3781 3636 θεία

2248 3677 2382 3746 ζωὴ,
2411 3675 2532 3730 οὔτε
2557 3679 2664 3733 ἀπὸ
2693 3679 2864 3748 ἀρχῆς
2892 3696 3038 3742 τινος
3066 3681 3311 3750 ἄρχεται,
3333 3679 3464 3732 οὗτε
3495 3678 3679 3748 πέρατί
3701 3693 3780 3728 τινι

2248 3769 2662 3840 περιγράφεται.
2715 3773 2822 3823 Καὶ
2863 3770 2945 3823 ὃτι
2981 3770 3080 3834 τὰς
3107 3771 3579 3842 ὲπιθεωρουμένας
3605 3773 3664 3840 τῇ
3694 3769 3782 3838 ζωῇ

2247 3861 2418 3932 ταύτῃ
2457 3861 2664 3924 ἑννοίας
2715 3861 2894 3927 ἔξεστι
2947 3862 3014 3915 δι’
3055 3863 3331 3931 ὀνομάτων
3375 3863 3538 3914 τινῶν
3583 3858 3784 3928 φανερὰς

2247 3952 2606 4022 καταστῆσαι,
2633 3952 2722 4022 Τῷ
2744 3970 2804 4006 τε
2827 3953 2936 4024 γὰρ
2965 3953 3037 4022 μὴ
3073 3953 3131 4016 ἐξ
3159 3954 3334 4015 αἰτίας
3363 3949 3505 4007 εἶναι
3541 3970 3693 4015 τινος,
3713 3951 3784 4003 διὰ

577 3665 754 3720 neque
783 3666 813 3703 a
856 3654 1128 3724 principio
1174 3656 1363 3726 aliquo
1417 3657 1631 3728 incipit,
1690 3676 1867 3729 neque
1918 3663 2154 3726 termino

577 3742 1069 3801 circumscribitur.
1133 3745 1200 3800 Et
1249 3749 1397 3817 quod
1458 3750 1710 3804 notiones
1755 3767 1879 3821 quae
1943 3755 1997 3806 in
2047 3746 2150 3810 hac

577 3833 764 3888 divina
808 3836 917 3890 vita
961 3836 1403 3902 considerantur,
1463 3842 1777 3898 nominibus
1823 3845 2148 3913 quibusdam

578 3925 706 3981 licet
734 3928 1036 3984 declarare.
1064 3930 1218 3996 Quod
1243 3932 1388 3986 enim
1425 3949 1535 3987 non
1560 3942 1644 3988 est
1672 3951 1737 3989 ex
1767 3937 1950 4006 aliqua
1981 3953 2151 3993 causa

577 4019 836 4090 ἀνάρχου,
878 4019 931 4074 id
964 4029 1070 4082 est,
1128 4023 1396 4092 principio
1443 4025 2142 4100 οετοηῑίε,,ειάγεννήτου.

2248 4042 2347 4112 τῆς
2375 4019 2730 4112 τοῦνὰνάρχου
2759 4059 2818 4093 τε
2841 4019 2942 4094 uel
2963 4019 3256 4110 ἀγεννήτου
3281 4041 3464 4110 φωνῆς
3495 4039 3780 4108 ἐξαγγέλλο-

577 4107 806 4178 ingeniti
833 4124 967 4164 voce
1001 4112 1351 4167 enuntiamus
1386 4132 1399 4167 :
1443 4116 1700 4185 quodque
1734 4117 1886 4170 nullo
1918 4118 2024 4181 ﬁne
2050 4134 2142 4187 po-

2254 4107 2372 4202 μεν.
2421 4131 2515 4186 καὶ
2557 4107 2856 4201 τῷν-μηδενὶ
2907 4107 3335 4202 περιγράφεσθαι
3363 4107 3529 4194 τέλει,
3570 4107 3692 4202 μηδὲ
3719 4130 3780 4189 εἰς

578 4207 693 4254 test
722 4201 1098 4257 circumscribi
1143 4219 1320 4274 neque
1352 4205 1406 4260 in
1441 4207 1724 4262 interitum
1749 4209 2002 4272 dissolvi,
2046 4211 2142 4266 hoc

2253 4201 2455 4290 φθορὰν
2501 4222 2845 4284 διαλύεσθαι,
2897 4222 3053 4275 τοῦτο
3079 4201 3082 4202 ν
3106 4225 3140 4292 ἡ
3179 4221 3272 4274 τοῦ
3305 4222 3582 4292 ἀφθάρτου
3626 4201 3681 4275 τε
3714 4217 3788 4272 καὶ

579 4291 1015 4361 incorruptibilis
1060 4302 1116 4349 et
1156 4296 1514 4367 ἀτελευτήτου
1548 4298 1709 4353 ﬁnem
1747 4315 1856 4354 non
1903 4302 2142 4359 habentis

2253 4313 2606 4383 ἀτελευτήτου
2632 4314 2976 4383 διασημαίνει
3003 4314 3166 4380 λέξις.
3201 4315 3310 4367 Καὶ
3329 4315 3489 4368 τοῦτο
3511 4314 3786 4386 διορίζεται.

581 4383 855 4451 signiﬁcat
901 4385 1095 4440 dictio.
1155 4389 1336 4458 Atque
1396 4389 1500 4444 hoc
1551 4390 1742 4444 deﬁnit
1793 4401 2045 4462 oportere
2095 4395 2142 4449 in

2253 4404 2314 4458 τὸ
2329 4405 2437 4457 δεῖν
2457 4405 2548 4456 ἐπὶ
2569 4406 2666 4474 τῆς
2685 4405 2834 4467 θείας
2857 4405 2999 4473 ζωῆς
3027 4407 3085 4458 τὺ
3115 4407 3212 4477 μὲν
3233 4407 3330 4477 τὴν
3354 4406 3529 4476 ἀρχὴν
3556 4383 3626 4477 μὴ
3654 4405 3787 4473 ἔχειν,

582 4472 764 4525 divina
809 4473 916 4526 vita
959 4475 1105 4543 quod
1161 4477 1488 4548 principium
1550 4495 1658 4533 non
1710 4482 1889 4542 habet,
1931 4482 2142 4552 ingeniti

2256 4494 2560 4560 ἁγεννήτως
2615 4482 2751 4546 εἶναι
2802 4495 2999 4560 λέγειν,
3049 4494 3110 4548 τὸ
3169 4495 3224 4548 δὲ
3257 4495 3624 4564 ἁτελευτήτως
3657 4490 3786 4555 εἶναι,

581 4564 803 4618 numine
837 4568 1178 4635 exprimere;
1229 4569 1378 4638 quod
1431 4585 1562 4625 vero
1601 4573 1705 4626 ﬁne
1746 4583 1918 4633 caret,
1960 4575 2142 4629 incor-

2253 4585 2526 4657 ἄφθαρτον
2573 4587 2980 4656 κατονομάζειν.
3027 4587 3244 4656 Ἐπειδὴ
3293 4589 3400 4639 πᾶν
3445 4588 3508 4640 τὸ
3550 4587 3638 4639 τοῦ
3678 4582 3789 4637 εἶναι

580 4655 840 4723 ruptibile
868 4659 1170 4714 nominare.
1207 4660 1477 4726 Quoniam
1516 4663 1783 4732 quidquid
1809 4681 1931 4720 esse
1957 4666 2143 4729 desiit,

581 4741 636 4795 in
671 4743 1017 4800 abolitionem
1059 4748 1206 4802 cadit
1261 4749 1517 4818 penitus;
1551 4752 1902 4808 abolitionem
1955 4764 2137 4809 autem

579 4835 700 4903 ejus
729 4837 873 4905 quod
908 4845 1013 4902 est,
1047 4855 1168 4892 cum
1205 4840 1535 4905 audivimus,
1565 4843 1685 4911 eius
1715 4845 1860 4913 quod
1891 4846 2145 4901 constitit

580 4927 862 4980 interitum
898 4928 1287 4985 intelleximus.
1324 4929 1458 4985 Eum
1510 4933 1675 5001 igitur
1719 4935 1812 5004 qui
1861 4951 2142 5005 nunquam

578 5032 704 5072 esse
736 5019 955 5078 desinit.
1013 5022 1335 5093 alicnusque
1366 5032 1451 5079 est
1491 5026 1558 5079 ab
1592 5029 1738 5081 omni
1783 5028 2151 5085 dissolutione

581 5124 705 5176 qua:
762 5109 820 5163 ﬁt
880 5127 973 5179 per
1036 5115 1480 5184 corruptionem,
1552 5117 2020 5187 incorruptibilem
2074 5121 2152 5174 ait

585 5213 879 5254 nominari.

654 5290 792 5355 Quid
829 5293 994 5359 igitur
1040 5295 1105 5348 ad
1142 5296 1256 5351 haac
1304 5297 1641 5354 Eunoxuius?
1688 5301 1768 5364 Si,
1807 5302 2005 5370 inquit,
2046 5320 2150 5373 qua

581 5383 700 5437 vita:
723 5385 825 5451 ﬁne
853 5399 994 5439 caret
1023 5395 1100 5440 est
1125 5389 1559 5456 incorruptibilis.
1591 5401 1638 5444 et
1673 5408 1776 5462 qua
1807 5394 2052 5462 principii
2075 5408 2154 5450 est

583 5489 761 5542 expers
793 5475 964 5529 solum
995 5488 1070 5530 est
1102 5479 1382 5548 ingenitus,
1413 5492 1667 5547 quatenus
1708 5500 1811 5536 non
1849 5494 1926 5538 est
1957 5487 2154 5554 ingeni-

586 5574 691 5629 tus,
718 5567 922 5634 genitus
950 5569 1065 5622 erit.
1094 5568 1226 5634 Quis
1257 5571 1388 5634 haec,
1409 5588 1441 5626 ο
1461 5570 1708 5635 Eunomi,
1747 5574 1840 5627 tibi
1873 5574 2020 5629 dedit
2040 5592 2147 5632 non

663 5761 738 5832 (α)
765 5763 940 5822 Verba
972 5767 1151 5836 Basilii
1179 5769 1273 5824 lib.
1310 5781 1494 5826 contra
1524 5771 1857 5827 Eunomium.

2254 4676 2618 4746 παυσάμενον,
2666 4679 2723 4729 ὲν
2753 4677 3046 4748 ἀφανισμῷ
3081 4680 3288 4746 γίνεται
3328 4678 3541 4742 πάντως
3567 4695 3582 4708 ·
3630 4680 3789 4744 ἀφανι-

2255 4770 2388 4839 σμὸν
2414 4769 2470 4822 δὲ
2509 4770 2600 4822 τοῦ
2643 4770 2793 4833 ὄντος
2833 4770 3184 4834 ἀκούσαντες,
3225 4772 3324 4841 τὴν
3365 4771 3460 4824 τοῦ
3495 4771 3790 4829 συνεστῶτος

2253 4861 2456 4930 φθορὰν
2481 4861 2801 4931 ὲνοήσαμεν.
2838 4862 2941 4916 Τὸν
2965 4858 3059 4916 οὖν
3087 4863 3350 4933 μηδέποτε
3379 4861 3472 4915 τοῦ
3503 4859 3638 4916 εἶναι
3663 4858 3792 4912 naul-

2255 4966 2440 5019 μενον,
2504 4950 2780 5023 ἀλλότριόν
2841 4968 2899 5002 τε
2933 4951 3031 5021 τῆς
3078 4951 3223 5004 κατὰ
3272 4949 3476 5022 φθορὰν
3530 4950 3792 5006 διαλύσεως

2251 5041 2402 5105 ὄντα,
2435 5042 2709 5114 ἄφθαρτον
2739 5042 3098 5112 ὀνομάζεσθαι
3132 5043 3300 5111 λέγει.

2328 5305 2392 5358 Τί
2421 5301 2514 5358 οὖν
2544 5305 2678 5376 πρὸς
2715 5307 2886 5360 ταῦτα
2921 5309 2948 5359 ὁ
2981 5306 3272 5376 Εὐνόμιοςς
3315 5307 3384 5359 El
3411 5304 3558 5357 κατὰ
3583 5301 3648 5354 τὸ
3681 5299 3789 5352 ἁτε-

2257 5398 2565 5462 λεύτητον,
2601 5399 2756 5466 φησὶ,
2779 5397 2888 5466 τῆς
2917 5398 3066 5465 ζωῆς
3082 5401 3272 5466 μόνον
3295 5395 3465 5449 ἐστὶν
3497 5393 3788 5461 ἄφθαρτος,

2257 5489 2358 5542 καὶ
2389 5489 2537 5542 κατὰ
2558 5490 2625 5542 τὸ
2657 5491 2921 5561 ἄναρχον
2938 5493 3129 5560 μόνον
3155 5490 3496 5559 ἀγέννητος.
3525 5487 3649 5539 καθ’
3673 5483 3700 5536 ὃ
3723 5477 3787 5550 μή

2257 5581 2425 5636 ἐστιν
2453 5582 2802 5653 ἁγέννητος,
2849 5585 3137 5654 γεννητὸς
3170 5583 3359 5636 ἔσται.
3405 5579 3497 5641 Τίς
3526 5575 3693 5630 ταῦτά
3723 5587 3789 5624 σοι
