4006 6524
275 363 407 418 1031

1364 364 1643 422 CONTRA
1682 363 2071 431 EUNOMIUM,
2110 338 2236 420 ua.
2276 366 2395 421 xu.

3376 375 3512 431 {933

271 482 534 542 δέδωκεν,
571 472 617 533 ὦ
644 480 899 553 Εὐνόμιε,
929 484 1004 546 ὡς
1042 483 1117 555 μὴ
1153 484 1298 556 πάσῃ
1329 485 1746 557 συνθεωρεῖσθαι
1776 488 1845 555 τῇ

1951 485 2006 538 in
2042 486 2189 538 omni
2225 485 2335 538 vita
2383 484 2477 540 Dei
2517 483 3089 555 incorruptibilitatem
3133 487 3514 546 considerari?

274 575 387 644 ζωῇ
420 574 514 627 τοῦ
543 574 679 627 Θεοῦ
708 575 807 644 τὴν
832 576 1140 647 ἀφθαρσίαν
1164 577 1294 641 ςΤίς
1319 578 1508 631 διελὼν
1543 581 1600 631 ἐν
1627 577 1719 631 δύο
1751 578 1848 649 τὴν

272 665 426 720 θείαν
461 666 605 738 ζωὴν
630 666 951 731 ἰδιαζούσαις
985 671 1187 737 φωναῖς
1226 670 1554 740 ἐπονομάζει
1582 669 1690 723 τῶν
1718 672 1848 740 ἡμι-
1882 730 1893 739 ,

270 759 458 827 τόμων
476 759 755 829 ἑκάτερον,
774 758 913 812 ὥστε
935 752 1088 828 ᾧπερ
1107 760 1171 813 ἂν
1186 762 1438 832 τμήματι
1465 762 1623 815 τοῦτο
1642 764 1850 833 προσῆν

271 849 335 902 τὸ
366 849 559 918 ὄνομα,
604 852 679 921 μὴ
723 854 1004 921 προσεῖναι
1036 852 1216 921 λέγειν
1247 853 1396 921 αύτῷ
1420 855 1513 907 καὶ
1554 855 1615 907 τὸ
1640 854 1845 926 ἕτερον,

270 942 374 1011 τῆς
404 942 503 1010 σῆς
532 940 670 1012 αῦτη
710 942 1060 1012 διαλεκτικῆς
1091 944 1432 1015 ήδριμύτης,
1468 945 1528 998 τὸ
1552 946 1650 1017 τὴν
1683 948 1849 1018 ἀνάρι-

273 1051 386 1103 χως
407 1030 575 1087 οὖσαν
604 1034 768 1103 ζωὴν,
794 1034 1038 1106 φθαρτὴν
1061 1039 1233 1089 εἰπεῖν
1261 1031 1418 1099 εἶναι,
1443 1039 1535 1090 καὶ
1560 1041 1623 1108 τῇ
1645 1040 1848 1109 ἀφθάρ-

270 1143 351 1196 τῳ
394 1126 468 1196 μὴ
512 1127 932 1197 συνθεωρεῖσθαι
975 1129 1036 1181 τὸ
1082 1129 1316 1199 ἄναρχον
1345 1146 1359 1160 ·
1400 1131 1615 1198 ὅμοιον,
1660 1130 1847 1201 ὥσπερ

271 1216 340 1270 ἂν
368 1221 419 1271 εἴ
444 1236 526 1280 τις
555 1218 767 1286 λογικόν
798 1237 856 1271 τε
887 1221 982 1273 καὶ
1015 1221 1107 1274 νοῦ
1141 1223 1234 1273 καὶ
1265 1222 1576 1293 ἐπιστήμης
1603 1222 1847 1276 δεκτικὸν

273 1308 366 1360 τὸν
401 1308 683 1375 ἄνθρωπον
714 1306 853 1361 εἶναι
879 1309 1047 1377 λέγοι,
1084 1312 1345 1381 ἑκάτερον
1376 1312 1700 1383 ὲφαρμὸζων
1728 1312 1848 1364 τού-

273 1417 381 1451 των
431 1398 539 1452 τῶν
570 1400 849 1470 ὀνομάτων
884 1401 962 1472 τῷ
992 1403 1356 1473 ὑποκειμένῳ,
1408 1405 1549 1458 κατά
1594 1404 1848 1473 διάφορον

273 1491 536 1562 ἐπιϐολήν
567 1508 626 1543 τε
656 1493 751 1545 καὶ
780 1492 1009 1556 ἔννοιαν,
1030 1494 1219 1547 ἔπειτα
1253 1495 1403 1565 παρά
1427 1512 1570 1557 τινος
1604 1494 1845 1547 τοιούτου

274 1583 751 1653 καταχλευάζοιτο,
785 1585 1069 1649 διεξιόντος
1097 1589 1166 1639 τὰ
1193 1588 1373 1656 ὃμοια.
1435 1589 1554 1641 Ὅτι
1591 1589 1639 1640 εί
1671 1588 1846 1641 δεκτι-

274 1676 371 1737 κὸς
399 1669 490 1728 νοῦ
540 1675 635 1728 καὶ
680 1678 988 1747 ἐπιστήμης
1027 1678 1055 1729 ὁ
1100 1678 1404 1749 ἄνθρωπος,
1456 1678 1670 1744 λογικὸς
1703 1680 1844 1732 κατὰ

271 1766 433 1818 τοῦτο
455 1761 594 1819 εἶναι
621 1768 684 1820 οὐ
708 1767 949 1830 δύναται,
967 1768 1101 1821 ἀλλὰ
1126 1769 1260 1821 καθὸ
1285 1769 1530 1831 δεκτικός
1562 1770 1710 1823 ἐστιν
1733 1771 1843 1823 ἐπι-

1950 574 2085 641 Quis
2116 578 2170 629 in
2196 576 2304 629 duo
2332 577 2569 645 partitus
2605 576 2845 631 divinam
2882 578 3049 631 vitam
3084 579 3314 636 vocibus
3348 596 3509 652 sepa-

1949 668 2108 721 ratim
2146 667 2584 738 signiﬁcantibus
2616 669 3034 724 semisectorum
3078 681 3369 742 utrumque
3409 688 3512 727 no-

1948 762 2143 825 minat,
2180 763 2253 815 ita
2290 772 2348 815 ut
2386 762 2841 833 quemadmodum
2889 764 2932 817 si
2964 765 3055 818 uni
3101 776 3381 836 segmento
3410 768 3513 823 hoc

1949 852 2150 906 inesset
2192 868 2412 916 nomen,
2442 853 2617 907 eidem
2652 854 2882 907 alterum
2911 869 3020 908 non
3045 870 3166 909 esse
3194 856 3374 911 dicat:
3399 858 3512 912 haec

1948 950 2054 996 tuae
2092 942 2390 997 dialecticae
2434 944 2730 1007 subtilitas,
2783 944 2946 997 vitam
3001 961 3123 1014 quae
3170 952 3253 1000 est
3305 948 3514 1017 absque

1949 1036 2219 1105 principio
2250 1036 2658 1105 corruptibilem
2694 1052 2815 1091 esse
2840 1036 3040 1099 dicere.
3070 1048 3123 1091 et
3164 1052 3289 1091 eum
3325 1038 3513 1092 incor-

1950 1126 2191 1193 ruptibili
2217 1126 2361 1195 quod
2392 1126 2646 1195 principii
2678 1135 2763 1180 est
2789 1143 2983 1195 expers
3011 1145 3118 1182 non
3143 1129 3508 1185 considerari.

1951 1214 2211 1270 Similiter
2250 1233 2313 1271 ac
2353 1220 2399 1270 si
2438 1217 2563 1285 quis
2616 1216 2761 1285 quod
2796 1218 3029 1273 rationis
3078 1229 3160 1273 est
3213 1223 3510 1290 particeps,

1948 1308 2149 1363 mentis
2179 1316 2233 1361 et
2278 1309 2519 1362 scientiae
2552 1324 2746 1377 capax,
2788 1310 3065 1363 hominem
3111 1327 3234 1365 esse
3283 1311 3508 1373 diceret,

1950 1406 2246 1467 utrumque
2275 1414 2472 1453 nomen
2503 1399 2747 1465 subjecto
2766 1400 3189 1456 accommodans
3210 1404 3511 1457 secundum

1947 1488 2283 1544 diﬁcrentem
2320 1489 2521 1544 mentis
2565 1498 2889 1559 conceptum
2930 1500 2984 1545 et
3032 1494 3509 1563 excogitationem,

1948 1581 2144 1635 deinde
2170 1596 2199 1633 a
2229 1583 2418 1636 nescio
2456 1598 2566 1650 quo
2607 1583 3039 1638 subsannaretur
3071 1584 3185 1638 haec
3222 1592 3275 1639 et
3312 1586 3511 1640 similia

1944 1678 2271 1739 exponente.
2304 1670 2460 1735 Quod
2489 1672 2534 1726 si
2568 1672 2769 1725 mentis
2789 1680 2843 1725 et
2869 1673 3110 1727 scientia:
3134 1689 3303 1743 capax
3322 1675 3506 1736 homo.

1948 1760 2179 1814 rationis
2211 1762 2483 1830 particeps
2514 1762 2817 1815 secundum
2850 1761 3082 1830 idipsum
3116 1779 3237 1818 esse
3279 1780 3389 1819 non
3423 1780 3513 1835 po-

274 1860 511 1929 στήμης,
541 1858 700 1912 τοῦτο
730 1860 887 1928 μόνον
919 1821 1092 1922 ἐσται,
1126 1861 1186 1912 τὺ
1214 1860 1269 1912 δὲ
1301 1860 1485 1930 ἕτερον
1510 1821 1570 1914 οὐ
1604 1821 1843 1932 χωρήσει

1950 1859 2076 1917 test,
2111 1851 2206 1907 sed
2242 1861 2512 1921 quatenus
2543 1854 2786 1907 scientize
2827 1862 2911 1907 est
2954 1855 3227 1924 particeps
3280 1855 3383 1910 hoc
3422 1821 3513 1911 so-

272 1953 307 2022 ἡ
340 1950 529 2018 φύσις·
565 1952 659 2004 κα)⁵
687 1951 869 2016 πάλιν,
911 1953 959 2003 εί
979 1951 1193 2019 λογικὸν
1232 1951 1388 2023 ὁρίζῃ
1420 1951 1509 2003 τὸν
1540 1952 1841 2022 ἄνθρωπον,

270 2042 456 2095 οὐκέτι
517 2041 664 2111 αὐτῷ
726 2041 788 2094 τὸ
834 2042 1078 2095 δεκτικὸν
1145 2041 1244 2094 τοῦ
1288 2042 1396 2113 Δνοῦ
1448 2044 1840 2113 συγχωρήσεις.

272 2134 428 2186 Καθὸ
459 2132 567 2204 γάρ
598 2110 814 2201 λογικός
864 2134 1031 2196 ἐστιν,
1066 2110 1331 2202 ἀμέτοχος
1362 2110 1600 2197 διανοίας
1634 2110 1846 2188 ἀναδει-

272 2225 552 2295 χθήσεται.
609 2227 670 2279 Εἰ
717 2225 774 2277 δὲ
825 2225 1086 2296 πρόδηλον
1120 2227 1178 2277 ὲν
1212 2225 1422 2288 τούτοις
1447 2226 1563 2278 ἐστὶ
1599 2229 1757 2280 παντὶ
1786 2228 1849 2282 τὸ

272 2316 482 2383 γελοῖόν
501 2332 559 2368 τε
591 2316 685 2369 καὶ
717 2316 961 2386 ἀνόητον,
984 2316 1107 2368 οὐδὲ
1143 2318 1229 2369 ἐπ’
1264 2317 1473 2369 ἐκείνου
1504 2317 1719 2381 πάντως
1740 2320 1846 2389 ἀμ-

272 2406 512 2473 φίϐολον.
582 2407 870 2473 Ἀναγνοὺς
912 2407 1019 2477 γάρ
1056 2406 1150 2459 τοῦ
1180 2407 1497 2460 διδασκάλου
1537 2408 1635 2479 τὴν
1664 2411 1842 2479 ῥῆσιν,

275 2498 435 2551 σκιάν
453 2499 706 2569 εὑρήσεις
728 2498 828 2569 τὴν
852 2498 1066 2552 παιδιάν
1085 2498 1177 2551 τοῦ
1203 2499 1550 2569 σοφίσματος.
1578 2498 1713 2553 Οὔτε
1738 2501 1844 2568 γὰρ

274 2594 333 2644 ὲν
364 2591 443 2661 τῷ
485 2592 627 2645 κατά
671 2592 759 2644 τὸν
799 2592 1083 2663 ἄνθρωπον
1110 2593 1466 2661 ύπώείγματι
1500 2593 1559 2646 τὸ
1600 2593 1844 2646 δεκτικὸν

272 2684 378 2753 τῆς
403 2685 711 2753 ἐπιστήμης
735 2684 841 2736 ὑπὸ
878 2682 970 2735 τοῦ
1012 2683 1169 2752 λόγου
1213 2683 1499 2744 κωλύεται,
1547 2684 1580 2754 ἢ
1618 2684 1723 2737 ὑπὸ
1749 2684 1843 2737 τοῦ

271 2775 525 2828 δεκτικοῦ
568 2778 667 2846 τῆς
697 2775 933 2837 διανοίας
972 2776 1000 2827 6
1037 2775 1192 2841 λόγος
1219 2790 1233 2804 ·
1277 2773 1402 2827 οὗτε
1442 2774 1505 2827 τὸ
1534 2775 1704 2828 ἀΐδιον
1745 2775 1844 2845 τῆς

275 2867 427 2928 θείας
453 2864 615 2935 ζωῆς,
644 2866 677 2936 ἢ
710 2865 771 2918 τδ
810 2865 1081 2935 ἄφθαρτον
1106 2866 1205 2918 οὐκ
1237 2866 1369 2935 ἔχει,
1400 2865 1496 2919 ἐὰν
1531 2867 1765 2937 ἄναρχον
1784 2865 1841 2939 ᾖ,

277 2958 311 3028 ἢ
347 2958 506 3028 εἴπερ
552 2956 650 3027 τὴν
692 2956 1001 3027 ἀφθαρσίαν
1039 2972 1123 3015 τις
1164 2955 1299 3026 αὐτῇ
1354 2958 1753 3027 μαρτυρήσειε,
1784 2957 1843 3009 τὸ

274 3052 529 3121 ἀνάρχως
558 3045 698 3103 εἶναι
735 3049 1185 3119 ἀφαιρεθήσεται.
1242 3047 1380 3100 Ἀλλ’
1401 3048 1429 3100 ὁ
1459 3050 1525 3117 τῇ
1559 3048 1723 3119 τέχνῃ
1744 3047 1843 3117 τῆς

1946 1945 2056 1997 lum
2110 1945 2235 2007 erit,
2283 1945 2513 1997 alterum
2566 1960 2693 1999 vero
2727 1960 2834 1998 non
2885 1946 3132 1999 admittet
3184 1956 3417 2013 natura;
3456 1956 3513 2003 et

1945 2050 2162 2099 rursus,
2207 2036 2253 2091 si
2300 2037 2532 2090 rationis
2567 2036 2885 2106 participem
2938 2035 3169 2093 deﬁnias
3210 2039 3506 2107 hominem,

1946 2142 2053 2181 non
2091 2129 2324 2197 amplius
2346 2130 2521 2197 ipsum
2554 2130 2751 2183 mentis
2783 2145 2905 2185 esse
2932 2144 3187 2200 capacem
3220 2132 3507 2189 concedis:

1944 2229 2051 2291 q'ua
2077 2224 2222 2275 enim
2253 2224 2483 2276 rationis
2499 2230 2583 2277 est
2610 2224 2903 2293 particeps,
2928 2224 3293 2295 intelligentiae
3315 2242 3511 2297 expers

1945 2312 2435 2367 demonstrabitur.
2475 2312 2631 2377 Quod
2675 2313 2720 2366 si
2770 2312 2989 2383 planum
3031 2323 3113 2368 est
3152 2315 3331 2369 cuivis
3363 2318 3509 2385 quod

1946 2405 2002 2457 in
2034 2403 2117 2456 hi's
2140 2411 2225 2459 est
2256 2404 2547 2459 ridiculum
2572 2414 2853 2467 etamens,
2884 2420 3062 2473 neque
3085 2406 3138 2458 in
3168 2407 3263 2462 illo
3289 2422 3514 2475 prorsus

1945 2495 2050 2550 erit
2072 2493 2410 2566 ambiguum.
2442 2496 2575 2550 Nam
2609 2498 2655 2551 si
2685 2496 2926 2551 doctoris
2958 2496 3253 2552 dictionem
3292 2500 3511 2570 legeris,

1948 2590 2194 2643 umbram
2254 2590 2497 2644 invenies
2553 2590 2732 2644 cavilli
2775 2590 2979 2656 jocum.
3026 2589 3212 2659 Neque
3261 2591 3407 2646 enim
3454 2594 3509 2645 in

1944 2682 2192 2750 exemplo
2216 2683 2284 2736 de
2324 2683 2542 2736 homine
2585 2682 2829 2736 scientia:
2857 2696 3029 2753 capax
3078 2697 3107 2735 a
3135 2683 3348 2738 ratione
3394 2699 3513 2753 pro-

1945 2772 2184 2834 hibetur,
2240 2773 2323 2827 vel
2367 2788 2396 2826 a
2436 2772 2635 2826 mentis
2665 2773 2851 2839 capaci
2884 2773 3049 2827 ratio.
3091 2771 3278 2843 Neque
3310 2774 3513 2832 divina:

1945 2864 2069 2917 vitae
2125 2865 2401 2919 aeternitas
2448 2864 2535 2918 vel
2596 2864 3010 2933 incorruptibile
3060 2881 3171 2919 non
3224 2866 3407 2930 habet,
3462 2868 3508 2921 si

1946 2957 2202 3026 principii
2236 2959 2445 3026 {expers
2486 2956 2671 3018 fuerit,
2716 2957 2802 3010 vel
2851 2956 2897 3011 si
2940 2958 3511 3029 incorruptibilitatem

1946 3048 2070 3116 quis
2094 3047 2194 3117 ipsi
2232 3046 2561 3108 attribuerit,
2608 3054 2802 3100 natura
2841 3047 3110 3119 principio
3140 3059 3360 3105 carente
3385 3064 3513 3120 spo-

275 3143 618 3211 διαλεκτικῆς
667 3139 942 3210 ἀγχινοίας
990 3139 1271 3210 ἀναζητῶν
1315 3137 1413 3208 τὴν
1460 3138 1736 3209 ἀλήθειαν,
1782 3140 1845 3191 ἐκ

1950 3139 2189 3193 liabitur.
2230 3138 2335 3193 Sed
2374 3139 2501 3192 dum
2537 3138 2834 3192 dialectica:
2883 3139 3118 3193 solertiae
3163 3146 3279 3195 arte
3316 3142 3513 3195 verita-

277 3234 385 3287 τῶν
417 3233 561 3286 ἰδίων
599 3232 677 3302 τῷ
711 3230 964 3301 ἡμετέρῳ
998 3230 1139 3300 λόγῳ
1185 3229 1474 3300 παρενθεὶς
1503 3228 1540 3282 ἃ
1576 3228 1845 3291 ἐϐούλετο,

277 3324 455 3393 ἑαυτῷ
492 3323 722 3394 μάχεται
752 3321 845 3375 καὶ
875 3322 1065 3373 ἑαυτὸν
1085 3321 1398 3390 ἀνατρέπει,
1423 3320 1532 3372 τῶν
1561 3319 1845 3390 ἡμετέρων

274 3416 338 3468 ού
371 3413 837 3484 προσαπτόμενος.
871 3412 943 3463 Τὸ
977 3411 1084 3481 γάρ
1118 3411 1247 3480 παρ’
1272 3410 1426 3480 ἡμῶν
1447 3410 1597 3463 οὐδὲν
1628 3407 1698 3480 ἦν
1727 3410 1842 3463 ἓτε-

282 3524 406 3577 ρον,
451 3506 484 3576 ἢ
529 3505 590 3556 τὸ
641 3505 739 3574 τὴν
773 3503 1023 3572 ἀνάρχως
1061 3498 1226 3555 οὖσαν
1269 3502 1432 3572 ζωὴν,
1464 3502 1756 3570 ἀγέννητον
1776 3501 1843 3554 δι’

277 3596 518 3657 ἐπινοίας
542 3594 920 3664 ὀνομάζεσθαι,
965 3593 1084 3661 οὐχὶ
1121 3593 1386 3659 γίνεσθαι.
1418 3594 1509 3645 καὶ
1552 3593 1649 3663 τὴν
1683 3596 1759 3654 εἰς
1784 3592 1846 3644 τὸ

277 3690 527 3759 ἀόριστον
579 3685 906 3758 προϊοῦσαν,
971 3688 1039 3755 τῇ
1084 3683 1175 3736 τοῦ
1225 3684 1503 3754 ἀφθάρτου
1561 3685 1845 3753 σημαίνειν

278 3780 643 3851 προσηγορία,
668 3779 727 3830 ού
762 3780 935 3830 ποιεῖν
956 3777 1251 3848 ἄφθαρτον,
1283 3777 1417 3829 ἀλλά
1452 3776 1737 3847 σημαίνειν
1758 3773 1846 3829 οῦ-

279 3889 381 3924 σαν
409 3871 663 3941 τοιαύτην
688 3889 702 3901 ·
750 3869 892 3922 ὥστε
930 3869 990 3921 τὸ
1025 3869 1124 3938 μὲν
1166 3868 1415 3938 ἀόριστον
1438 3869 1558 3921 καθ’
1588 3868 1845 3938 ἑκάτερον

276 3962 415 4018 εἶναι
443 3964 539 4033 τὴν
580 3962 728 4017 θείαν
756 3960 921 4031 ζωὴν,
963 3960 1057 4013 τοῦ
1104 3959 1460 4030 ὑποκειμένου
1516 3960 1645 4014 ἴδιον
1671 3954 1839 4012 εἷναι·

274 4058 339 4109 τὸ
367 4058 424 4109 δὲ
451 4056 621 4117 οὕτως
663 4055 696 4125 ἢ
727 4054 901 4115 οὓτως
939 4052 1004 4105 τὰ
1030 4052 1478 4123 ὲπιθεωρούμενα
1516 4052 1595 4122 τῷ
1627 4052 1846 4104 ὑποκει-

281 4150 426 4220 μένῳ
454 4150 695 4217 νοήματα
720 4144 992 4213 λέγεσθαι,
1029 4145 1157 4215 περὶ
1192 4146 1291 4213 τὴν
1327 4146 1509 4214 φωνήν
1535 4146 1651 4197 ἐστι
1677 4144 1844 4212 μόνην

276 4242 376 4311 τὴν
422 4240 755 4311 ὲνδεικτικὴν
809 4238 900 4291 τοῦ
953 4237 1348 4307 σημαινομένου
1403 4238 1689 4306 νοήματος.
1749 4237 1844 4288 Ἐν

276 4336 458 4405 νόημα
491 4334 617 4398 τ-ερὶ
650 4333 750 4403 τὴν
785 4331 934 4384 θείαν
977 4329 1141 4398 ζωὴν,
1172 4330 1234 4381 τὸ
1273 4328 1346 4400 μὴ
1378 4327 1434 4391 ἐξ
1466 4328 1644 4391 αἰτίας
1673 4327 1844 4395 αὐτὴν

275 4420 438 4484 εἶναι,
468 4422 625 4475 τοῦτο
658 4423 691 4491 η
724 4420 816 4473 τοῦ
844 4420 1136 4487 ἀγεννήτου
1165 4417 1308 4481 λέξις
1333 4417 1659 4470 ἐνδείκνυται
1681 4433 1694 4445 '
1729 4417 1844 4469 ἓτε-

1947 3240 2053 3286 tem
2086 3232 2343 3300 exquirit,
2393 3246 2461 3285 ex
2511 3232 2626 3286 suis
2678 3240 2867 3286 nostro
2912 3234 3150 3289 sermoni
3189 3250 3311 3304 quae
3339 3235 3513 3289 voluit

1950 3323 2304 3393 interpositis,
2346 3338 2531 3377 secum
2566 3323 2683 3392 ipse
2705 3335 2930 3393 pugnat,
2956 3339 3123 3393 seque
3146 3325 3322 3394 ipsum
3360 3335 3510 3375 ever.

1946 3415 2033 3473 tit,
2067 3423 2252 3467 nostra
2284 3427 2391 3465 non
2421 3412 2716 3482 attingens.
2749 3412 2903 3479 Quod
2933 3415 3080 3467 enim
3112 3414 3506 3479 asscrcbamus;

1946 3520 2057 3559 non
2109 3503 2259 3559 aliud
2310 3512 2445 3567 erat,
2484 3520 2644 3574 quam
2693 3506 2856 3558 vitam
2905 3506 3173 3575 principio
3213 3516 3511 3572 carentem,

1947 3596 2239 3666 ingenitam
2279 3611 2373 3665 per
2408 3597 2917 3652 commentationem
2959 3599 3252 3663 nominari,
3289 3614 3397 3653 non
3434 3598 3517 3668 gi-

1946 3687 2061 3755 gni,
2095 3693 2148 3739 et
2176 3701 2296 3755 qua:
2342 3688 2395 3740 in
2441 3688 2711 3741 inﬁnitum
2760 3688 3028 3757 procedit,
3077 3689 3516 3758 incorruptibilis

1948 3778 2306 3846 appellatione
2331 3779 2640 3847 signiﬁcare
2668 3794 2776 3832 non
2808 3779 3277 3849 incorruptibilem
3310 3780 3514 3844 facere,

1946 3867 2041 3922 sed
2070 3883 2188 3921 eam
2219 3869 2381 3923 talem
2404 3884 2528 3923 esse
2552 3870 2861 3938 signiﬁcare
2888 3888 2901 3923 :
2935 3885 3104 3939 quare
3123 3872 3268 3940 quod
3294 3872 3513 3941 quidem

1949 3959 2156 4014 inﬁnita
2179 3970 2260 4015 est
2282 3977 2346 4015 ex
2372 3969 2602 4031 utraque
2624 3973 2775 4031 parte
2796 3963 2979 4016 divina
3002 3963 3134 4026 vita,
3158 3963 3259 4016 hoc
3282 3963 3514 4031 subjecti

1945 4059 2028 4107 est
2061 4053 2368 4121 proprium:
2402 4054 2546 4121 quod
2587 4063 2766 4106 autem
2802 4052 2883 4107 sic
2914 4053 2997 4107 vel
3021 4055 3119 4118 sic,
3152 4068 3271 4123 quae
3299 4054 3351 4107 in
3384 4054 3518 4108 sub-

1940 4147 2086 4215 jecto
2116 4145 2557 4214 conspiciuntur,
2594 4146 2841 4199 notiones
2879 4144 3153 4207 dicantur,
3180 4147 3282 4199 hoc
3316 4146 3369 4198 in
3403 4146 3517 4199 sola

1944 4251 2078 4291 voce
2109 4236 2363 4291 consistit
2404 4252 2525 4305 quze
2564 4237 2840 4290 notionem
2877 4235 3236 4305 signiﬁcatam
3286 4236 3511 4290 indicat.

1946 4328 2064 4383 Una
2098 4329 2151 4382 in
2175 4328 2357 4381 divina
2397 4328 2506 4381 vita
2546 4328 2699 4403 notio
2736 4336 2840 4387 est.
2878 4328 3020 4397 quod
3056 4328 3173 4399 ipsa
3207 4344 3312 4383 non
3345 4330 3415 4383 sit
3448 4346 3512 4386 ex

1944 4430 2138 4480 causa,
2214 4415 2355 4469 hanc
2406 4428 2585 4471 autem
2635 4416 2859 4485 ingeniti
2910 4417 3078 4471 dictio
3130 4417 3515 4485 demonstrat;

279 4534 371 4589 ρον
399 4516 577 4586 νόημα
614 4514 743 4584 περί
780 4511 879 4582 τὴν
912 4511 1080 4580 αὐτὴν
1122 4509 1268 4580 ζωὴν
1301 4510 1360 4561 τὸ
1398 4510 1646 4578 ἀόριστον
1679 4508 1842 4577 αὐτὴν

1949 4508 2117 4562 altera
2152 4507 2303 4560 natio
2325 4505 2393 4561 de
2417 4508 2602 4561 eadem
2627 4507 2757 4569 vita,
2799 4509 2944 4577 quod
2973 4509 3089 4579 ipsa
3114 4511 3190 4563 sit
3219 4511 3427 4565 infinita
3461 4521 3517 4567 et

276 4606 418 4663 εἶναι
459 4608 552 4661 καὶ
582 4605 953 4675 ἀτελεύτητον,
994 4602 1149 4655 τοῦτο
1179 4605 1211 4671 ἡ
1242 4602 1334 4654 τοῦ
1368 4602 1642 4672 ἀφθάρτου
1680 4617 1847 4669 προσ-

276 4698 477 4771 ηγορία
504 4696 851 4766 παρίστησιν,
883 4694 1021 4747 ὥστε
1045 4694 1105 4745 τὸ
1131 4694 1226 4762 μὲν
1241 4693 1595 4761 ὑποκείμενον
1614 4692 1847 4761 ἄναρχον

275 4786 415 4841 εἶναι
440 4786 533 4840 καὶ
555 4785 932 4855 ἀτελεύτητον,
954 4785 1090 4852 ὅπερ
1113 4782 1258 4833 ἐστὶν
1285 4781 1424 4849 ὑπὲρ
1460 4784 1564 4834 πᾶν
1595 4782 1763 4850 ὄνομά
1788 4798 1845 4833 τε

275 4882 372 4935 καὶ
398 4880 597 4949 νόημα.
654 4878 725 4929 Τὸ
757 4877 814 4929 δὲ
846 4879 982 4945 μήτε
1036 4874 1094 4938 ἐξ
1128 4873 1306 4935 αἰτίας
1342 4873 1473 4925 αὐτὸ
1514 4869 1672 4937 εἶναι,
1712 4875 1845 4943 μήτε

274 4977 357 5036 εἰς
385 4973 445 5025 τὸ
467 4969 807 5040 ἀνύπαρκτόν
839 4983 965 5019 ποτε
988 4964 1351 5035 παρίστασθαι
1372 5004 1386 5025 ,
1438 4964 1610 5018 ταῦτα
1638 4965 1727 5018 διὰ
1746 4966 1845 5034 τῆς

272 5064 383 5117 τῶν
410 5063 687 5132 ὀνομάτων
715 5058 915 5113 τούτων
943 5058 1178 5120 ἐπινοίας
1210 5057 1549 5127 σημαίνεται.

344 5155 410 5208 Τί
436 5153 612 5206 τοίνυν
641 5154 705 5204 ἐκ
724 5150 829 5202 τῶν
856 5149 1134 5219 ἡμετέρων
1161 5149 1319 5201 αὐτὸν
1347 5148 1482 5218 πρὸς
1506 5148 1604 5218 τὴν
1619 5148 1842 5218 ἀνόητον

274 5244 477 5312 ταύτην
507 5240 725 5294 παιδιάν
755 5238 1136 5307 παρεκίνησεν,
1169 5236 1309 5289 ὥστε
1342 5237 1501 5289 πάλιν
1532 5238 1848 5307 ἐπαναλαμ-

274 5335 503 5387 ϐἀνοντα
539 5331 598 5384 τὸ
634 5327 750 5383 ἴσον
780 5332 950 5381 εἰπεῖν
982 5326 1190 5390 τούτοις
1217 5330 1328 5391 τοῖς
1374 5330 1610 5399 ῥήμασιν
1645 5345 1659 5393 ;
1692 5330 1849 5381 Ἐστι

273 5427 403 5497 γάρ,
424 5424 563 5477 κατά
586 5423 683 5492 μὲν
700 5424 759 5476 τὸ
785 5422 1038 5493 ἄναρχον,
1058 5420 1351 5491 ἀγέννητος
1367 5420 1500 5490 ὁμοῦ
1525 5422 1617 5473 καὶ
1643 5420 1849 5491 ἄφθαρ-

273 5529 397 5574 τος·
448 5511 589 5565 κατά
621 5511 677 5563 δὲ
722 5510 782 5562 τὸ
826 5508 1211 5581 ἀτελεύτητον,
1265 5510 1538 5580 ἄφθαρτος
1584 5510 1718 5579 ὁμοῦ
1751 5512 1845 5564 καὶ

273 5604 549 5675 γεννητός.
600 5603 769 5657 Τοῦτο
801 5603 855 5655 δὲ
896 5600 998 5654 κᾶν
1030 5602 1103 5672 μὴ
1144 5603 1276 5673 παρ’
1310 5603 1463 5673 ἡμῶν
1494 5603 1843 5673 διευκρινήθη

273 5696 353 5765 τῷ
383 5698 544 5766 ὶὸγῳ,
576 5696 736 5749 παντὶ
774 5694 1036 5766 πρόδηλόν
1070 5694 1181 5747 ἐστι
1226 5694 1303 5763 τῷ
1336 5696 1426 5747 καὶ
1451 5694 1696 5748 ὁπωσοῦν
1725 5698 1839 5748 δια-

274 5788 422 5849 νοίας
449 5788 743 5859 μετέχοντι,
766 5787 909 5851 ὅπως
931 5787 1044 5839 ἐστὶ
1066 5786 1462 5854 καταγέλαστόν
1490 5805 1542 5839 τε
1579 5789 1669 5841 καὶ
1694 5789 1843 5859 ἀνέη-

1950 4598 2054 4652 ﬁne
2085 4604 2292 4659 careat,
2336 4598 2478 4651 hanc
2501 4608 2680 4652 autem
2738 4600 3170 4668 incorruptibilis
3220 4603 3517 4671 appellatio

1946 4696 2297 4758 reprmsentat
2332 4707 2344 4742 :
2376 4690 2450 4743 ita
2492 4697 2551 4742 ut
2579 4689 2885 4758 subjectum
2918 4691 3136 4760 quidem
3166 4692 3434 4761 principio
3461 4701 3518 4747 et

1947 4780 2052 4835 ﬁne
2092 4788 2303 4843 careat,
2337 4780 2482 4849 quod
2515 4789 2598 4836 est
2635 4798 2799 4852 super
2833 4798 2995 4838 omne
3024 4798 3219 4837 nomen
3255 4794 3307 4837 et
3338 4784 3517 4839 notio-

1944 4887 2090 4931 nem.
2123 4871 2266 4940 quod
2297 4881 2474 4925 autem
2506 4872 2683 4941 ipsum
2715 4888 2889 4941 neque
2909 4888 2976 4927 ex
3006 4888 3171 4927 causa
3204 4883 3307 4933 est,
3339 4890 3516 4941 neque

1945 4964 2012 5018 ad
2065 4964 2117 5017 id
2165 4964 2309 5033 quod
2347 4980 2456 5019 non
2506 4975 2613 5029 est,
2649 4982 2887 5035 unquam
2941 4966 3211 5031 deveniet,
3276 4968 3389 5020 haec
3423 4983 3517 5036 per

1943 5057 2223 5113 nominum
2252 5058 2448 5112 horum
2484 5059 2998 5113 commentationem
3043 5057 3442 5126 signiﬁcantur.

2015 5146 2153 5212 Quid
2202 5147 2367 5217 igitur
2396 5163 2460 5201 ex
2491 5148 2699 5203 nostris
2742 5148 2917 5216 ipsum
2963 5145 3029 5200 ad
3063 5146 3207 5199 hunc
3244 5156 3514 5200 amentem

1944 5247 1998 5294 et
2038 5241 2261 5293 stultum
2304 5239 2490 5308 jocum
2518 5241 2832 5301 commovit,
2879 5244 2938 5291 ut
2971 5253 3164 5291 rursus
3204 5253 3506 5300 resumens,

1945 5332 2088 5386 idem
2137 5331 2299 5385 etiam
2346 5332 2493 5385 dicat
2528 5330 2612 5383 his
2644 5328 2870 5382 verbis?
2902 5328 2996 5383 Est
3024 5330 3166 5382 enim
3214 5328 3515 5383 secundum

1947 5423 2090 5493 quod
2150 5429 2300 5477 caret
2352 5420 2623 5490 principio
2674 5419 2949 5487 ingenitus
3004 5420 3167 5473 simul
3221 5428 3277 5471 et
3335 5418 3514 5471 ineor-

1952 5515 2255 5584 rnptihilis;
2300 5513 2598 5569 secundum
2644 5528 2774 5567 vero
2812 5512 2955 5581 quod
2988 5512 3148 5565 ﬁnem
3189 5527 3298 5565 non
3332 5510 3515 5572 habet,

1950 5604 2386 5673 incorrupliliilis
2431 5604 2594 5657 simul
2646 5610 2699 5656 et
2731 5602 2966 5671 genitus.
3017 5602 3130 5655 Hoc
3184 5607 3385 5660 autem,
3414 5598 3516 5652 etsi

1952 5714 2059 5751 non
2094 5713 2121 5748 a
2150 5696 2307 5750 nobis
2338 5709 2591 5750 sermone
2623 5692 2977 5759 dijudicatum
3005 5702 3108 5755 est,
3138 5692 3308 5746 cuivis
3342 5701 3516 5743 'ameu

1953 5790 2033 5840 vel
2073 5803 2395 5857 quocunque
2448 5784 2606 5840 modo
2653 5786 2851 5841 mentis
2901 5784 3136 5856 compoti
3170 5783 3515 5856 perspicuum
