4006 6522
218 355 381 419 ,1085

1277 352 1556 410 CONTRA
1594 349 1977 419 EUNOMIUM,
2016 351 2147 408 LIB.
2187 352 2305 409 Xll.

3331 354 3475 411 1086

238 479 406 532 ’Δλλο
432 474 542 545 γὰρ
571 476 669 547 τῆς
702 475 987 546 ἀληθείας,
1032 476 1126 530 καὶ
1166 476 1350 548 ἕτερον
1381 477 1475 529 τοῦ
1506 476 1713 530 δικαίου
1745 476 1806 529 τὸ

1916 478 2302 547 praecedentem
2349 477 2690 547 complexum
2743 476 3081 547 pugnabunt.
3116 474 3278 530 Aliud
3321 478 3469 532 enim

240 569 669 640 σημαινόμενον,
704 566 844 621 ὥστε
890 569 1063 622 εἰπεῖν
1101 569 1165 622 ἂν
1192 570 1256 621 ἐκ
1280 568 1372 622 τοῦ
1395 569 1684 623 ἀκολούθου
1713 568 1803 621 καὶ

235 660 367 732 περὶ
398 657 605 711 τούτων
644 657 931 727 Εὐνόμιον,
966 656 1044 728 τῷ
1074 658 1172 728 μὲν
1200 658 1389 728 δικαίῳ
1408 658 1471 710 τὸ
1496 657 1693 727 ἀληθὲς
1727 656 1800 727 μὴ

236 754 535 823 παρεῖναι,
587 751 653 819 τῇ
702 749 757 801 δὲ
804 748 1029 820 ἀληθεία
1066 749 1268 804 λείπειν
1317 750 1378 803 τὸ
1408 751 1649 803 δίκαιον·
1713 751 1807 802 καὶ

237 842 557 912 συμϐαίνειν
577 881 590 903 ,
640 841 766 892 ὅταν
797 839 858 891 τὸ
904 840 1000 910 τῆς
1032 841 1241 903 ἀδικίας
1267 839 1542 911 ἀλλότριον
1576 841 1667 893 ἐπὶ
1711 839 1804 892 τοῦ

236 930 375 983 θεοῦ
405 947 487 992 τις
524 928 816 999 λογίζηται,
836 930 1040 983 δίκαιον
1072 930 1163 983 καὶ
1183 929 1375 998 ψευδὲς
1404 924 1620 983 εἶναιτὸ
1654 929 1806 983 Θεῖον

237 1020 383 1075 κατά
415 1020 608 1073 ταύτὸν
629 1019 1040 1088 ἀποφαίνεσθαι.
1088 1020 1212 1074 Ἐἀν
1240 1020 1295 1073 δὲ
1317 1020 1416 1090 τὴν
1441 1020 1575 1090 πρὸς
1597 1020 1657 1073 τὸ
1677 1020 1809 1090 ψεύ-

235 1112 327 1174 δος
357 1111 519 1164 αὐτοῦ
566 1111 913 1182 ἀλλοτρίωσιν
945 1110 1304 1182 λογιζώμεθα,
1344 1112 1540 1183 ἀληθὲς
1573 1110 1688 1181 ἅμα
1714 1113 1809 1165 καὶ

235 1203 424 1256 ἀδικον
457 1203 881 1268 κατασκευάζειν
913 1204 972 1257 τὸ
1003 1204 1175 1257 Θεῖον.
1235 1202 1418 1268 Οὕτως
1465 1203 1527 1257 τὺ
1562 1205 1807 1274 ἀόρατον,

234 1292 414 1355 οὕτως
460 1293 521 1346 τὸ
567 1295 991 1364 ἀσχημάτιστον.
1048 1294 1293 1360 Ἐξέσται
1336 1296 1445 1367 γὰρ
1483 1295 1571 1349 διὰ
1606 1296 1811 1349 τούτων

236 1384 383 1438 κατά
405 1378 507 1452 τὴν
528 1380 877 1452 ὁμοιότροπον
897 1380 1267 1453 προεκτεθεῖσι
1290 1380 1501 1451 σοφίαν,
1526 1384 1660 1455 μήτε
1675 1382 1810 1454 ὲντῷ

236 1476 633 1547 ἀσχηματίστῳ
662 1475 723 1528 τὸ
757 1475 985 1547 ἀόρατον
1017 1472 1149 1529 εἶναι
1195 1475 1405 1544 λέγειν,
1471 1478 1605 1548 μήτε
1649 1478 1706 1530 ὲν
1732 1477 1811 1548 τῷ

238 1569 460 1643 ἀοράτῳ
499 1568 677 1637 λέγειν
719 1570 779 1622 τὸ
810 1569 1233 1640 ἀσχημάτιστον.
1290 1568 1449 1622 Ἀλλά
1480 1569 1557 1640 τῷ
1586 1569 1683 1638 μὲν
1718 1570 1809 1623 ἀο-

241 1663 393 1735 ράτῳ
435 1659 728 1733 συμπλέξει
754 1660 816 1713 τὸ
861 1660 1068 1730 σχῆμα,
1111 1659 1304 1732 ὁρατὸν
1334 1660 1391 1714 δὲ
1431 1660 1520 1713 διά
1550 1660 1651 1730 τῆς
1679 1661 1810 1713 ἀνα-

240 1754 483 1824 στροφῆς
521 1750 915 1807 κατασκευάσει
949 1752 1009 1805 τὸ
1035 1751 1460 1823 ἀσχημάτιστον.
1508 1750 1691 1804 Ταῦτα
1716 1751 1809 1805 καὶ

1905 568 2173 633 veritatis,
2220 575 2276 621 et
2305 567 2452 621 aliud
2490 568 2622 637 justi
2654 567 3038 634 signiﬁcatum,
3065 567 3141 621 ita
3183 575 3242 621 ut
3285 566 3473 622 Euno-

1906 658 2049 713 mius
2089 674 2157 713 ex
2213 657 2603 727 consequentia
2654 656 2817 711 etiam
2862 655 2930 711 de
2976 656 3060 712 his
3107 656 3273 723 dicat,
3320 657 3473 727 justo

1905 749 2124 817 quidem
2147 764 2335 803 verum
2360 764 2467 803 non
2499 748 2711 810 adesse.
2753 762 2781 800 a
2814 748 3038 801 veritate
3072 755 3250 802 autem
3282 748 3474 805 abesse

1905 840 2146 910 justum;
2192 848 2247 895 et
2288 841 2624 911 contingere,
2678 847 2735 894 ut
2765 854 2888 893 cum
2927 838 3070 907 quod
3116 840 3185 894 ab
3208 840 3472 910 injustitia

1906 940 1990 985 est
2021 932 2280 997 alienum,
2328 933 2385 987 in
2427 930 2538 987 Deo
2588 933 2714 1002 quis
2743 931 2963 1003 cogitat,
3000 934 3208 1001 justum
3240 944 3294 988 et
3330 950 3476 989 men-

1907 1023 2096 1077 daeem
2129 1024 2298 1079 Deum
2329 1041 2453 1081 esse
2479 1024 2667 1079 eodem
2700 1024 2859 1079 modo
2889 1026 3223 1096 pronuntiet.
3259 1026 3314 1079 Si
3345 1042 3475 1081 vero

1908 1129 1938 1167 a
1970 1115 2252 1170 mendacio
2278 1116 2661 1170 alienationem
2694 1116 2815 1186 ejus
2839 1117 3247 1181 ratiocinemur,
3278 1134 3468 1173 verum

1909 1205 2071 1259 simul
2111 1214 2165 1261 et
2197 1207 2462 1275 injustum
2498 1206 2667 1263 Deum
2698 1216 3031 1264 astruamus.
3062 1208 3153 1263 Sic
3182 1210 3474 1275 invisibile,

1909 1295 1989 1351 sic
2029 1298 2173 1365 quod
2229 1298 2413 1369 ﬁgura:
2446 1304 2531 1352 est
2564 1312 2779 1368 expers.
2810 1297 3018 1353 Licebit
3060 1300 3205 1354 enim
3241 1314 3335 1369 per
3365 1300 3479 1353 haec

1910 1386 2211 1442 secundum
2259 1389 2491 1443 similem
2545 1388 2631 1443 bis
2678 1404 2801 1459 quae
2842 1389 2997 1461 prius
3026 1389 3272 1460 exposita
3324 1399 3477 1453 sunt,

1907 1477 2235 1547 sapientiam
2295 1478 2497 1543 dicere,
2548 1494 2725 1549 neque
2773 1480 2824 1534 ei
2875 1479 3021 1548 quod
3073 1480 3245 1550 figura
3303 1489 3477 1546 caret,

1910 1569 2183 1626 invisibile
2208 1571 2423 1638 inesse;
2458 1588 2635 1641 neque
2673 1572 2875 1626 visibili
2907 1572 3049 1642 quod
3087 1572 3259 1642 ﬁgura
3307 1581 3478 1628 caret.

1912 1658 2019 1715 Sed
2078 1661 2297 1731 quidem
2362 1665 2419 1719 in
2467 1662 2730 1717 invisibili
2786 1664 3018 1733 ﬁguram
3064 1665 3478 1734 complectetur,

1911 1752 2131 1808 visibile
2188 1764 2369 1809 autem
2430 1770 2526 1824 per
2573 1753 2840 1823 ejusmodi
2896 1754 3287 1820 inversionem,
3336 1755 3480 1824 quod

240 1822 337 1899 Earl.
363 1822 568 1899 τούτων
587 1844 773 1909 εἰπὼν,
801 1844 837 1899 ἀ
861 1844 988 1913 περὶ
1019 1845 1112 1897 τοῦ
1139 1843 1415 1915 ἀφθάρτου
1444 1860 1503 1896 τε
1530 1844 1625 1896 καὶ
1648 1843 1813 1914 ἀνάρ-

1916 1844 2099 1914 ﬁgura:
2145 1853 2231 1899 est
2272 1859 2487 1914 expers,
2537 1854 2837 1902 construct.
2894 1845 3020 1901 llaec
3072 1848 3234 1901 etiam
3279 1848 3346 1901 de
3394 1846 3481 1901 his

239 1952 340 2006 χου
375 1934 805 2005 ὲτεχνολόγησεν,
830 1935 934 1998 ὃτι,
964 1934 1132 1987 Ὅταν
1155 1934 1217 1986 τὸ
1234 1933 1522 1986 ἀσύνθετον
1546 1932 1645 2003 τῆς
1664 1932 1813 1995 θείας

240 2026 392 2096 ζωῆς
405 2024 764 2097 λογιζώμεθα,
779 2026 1180 2097 ἀσχημάτιστον
1210 2025 1308 2096 μὲν
1336 2023 1505 2096 αὐτὴν
1525 2022 1815 2095 ὁμολογοῦ-

242 2138 367 2194 μεν,
388 2120 447 2172 ού
474 2121 578 2191 μὴν
602 2121 695 2173 καὶ
716 2120 967 2189 ἀόρατον.
1002 2120 1112 2172 Καὶ
1131 2120 1257 2172 ὃταν
1284 2118 1410 2188 περὶ
1431 2116 1524 2170 τοῦ
1553 2118 1626 2187 μὴ
1655 2116 1815 2170 δύνα-

243 2217 371 2269 σθαι
391 2216 716 2285 σωματικοῖς
731 2211 1025 2282 ὀφθαλμοῖς
1042 2210 1134 2263 τὸν
1150 2209 1280 2264 Θεὸν
1304 2210 1430 2263 ἰδεῖν
1451 2210 1812 2280 ἐννοήσωμεν,

238 2306 305 2361 τὸ
330 2308 557 2379 ἀόρατον
594 2305 741 2375 αὐτῷ
795 2306 1268 2375 συγχωρήσαντες,
1310 2302 1370 2354 τὸ
1395 2300 1500 2366 ἔξω
1539 2304 1815 2372 σχήματος

239 2394 382 2452 εῖναι
404 2399 464 2452 ού
497 2396 889 2468 συνθησόμεθα.
930 2397 995 2451 Ei
1022 2395 1079 2448 δὲ
1101 2394 1275 2447 ταῦτα
1309 2392 1688 2462 καταγέλαστα
1711 2395 1816 2447 πᾶ.-

240 2507 331 2544 σιν
366 2490 566 2560 ὁμοίως
610 2489 757 2543 δοκεῖ
794 2489 888 2542 καὶ
921 2486 1145 2558 ἀνόητα,
1193 2486 1328 2539 πολὺ
1367 2485 1565 2555 μᾶλλον
1593 2486 1815 2540 ἐκείνων

238 2583 343 2653 τὴν
367 2582 597 2636 ἀτοπίαν
627 2584 655 2635 ό
684 2581 808 2634 νοῦν
838 2580 975 2650 ἔχων
1003 2578 1465 2648 καταψηφίσεται,
1506 2577 1627 2631 ὃθεν
1650 2579 1816 2649 όρμηνο

241 2674 411 2738 θεὶςό
451 2673 607 2742 λόγος
650 2674 742 2726 ἐπὶ
788 2672 959 2725 ταῦτα
996 2671 1061 2725 δι’
1112 2669 1406 2723 ἀκολούθου
1452 2671 1552 2740 τὴν
1589 2671 1814 2724 ἀτοπίαν

239 2766 577 2836 προήγαγεν.
624 2764 761 2817 Ἀλλ’
786 2762 1214 2833 ὲπιλαμὸάνεται
1246 2762 1344 2832 τῆς
1371 2759 1466 2813 τοῦ
1498 2761 1812 2815 διδασκάλου

241 2858 452 2926 φωνῆς,
479 2857 554 2919 ὡς
587 2857 647 2909 οὐ
680 2856 907 2919 δεόντως
936 2856 994 2907 ὲν
1022 2854 1099 2925 τῷ
1130 2854 1468 2924 ἀτελευτήτῳ
1507 2851 1813 2922 θεωρούσης

239 2948 307 3002 τὸ
331 2947 623 3019 ἄφθαρτον,
648 2949 742 3001 καὶ
774 2950 831 3000 ἐν
859 2946 937 3018 τῷ
963 2945 1222 3016 ἀφθάρτῳ
1252 2943 1477 3015 νοούσης
1506 2944 1567 2997 τὸ
1596 2941 1815 2996 ἀτελεύ-

240 3059 428 3113 τητον.
461 3040 667 3094 Οὐκοῦν
697 3040 758 3093 τὸ
799 3040 1175 3110 παραπλήσιον
1202 3040 1268 3109 τῇ
1306 3037 1554 3107 ἀγχινοίᾳ
1582 3034 1675 3088 τοῦ
1711 3033 1814 3088 Εὐ-

1913 1951 2038 1991 cum
2093 1936 2315 2003 dixerit,
2364 1952 2483 2007 quae
2535 1937 2604 1991 de
2653 1937 3052 2008 incorruptibili
3103 1946 3156 1993 et
3214 1938 3482 2008 principio

1913 2034 2136 2080 carente
2185 2027 2532 2095 excogitavit.
2587 2027 2785 2093 Quod,
2836 2029 3054 2099 quando
3107 2028 3304 2083 divina:
3357 2027 3483 2083 vita:

1913 2116 2057 2185 quod
2083 2125 2163 2171 est
2193 2117 2565 2172 inconcrctum
2601 2120 2809 2174 ratione
2828 2120 3279 2190 contemplamur,
3306 2119 3481 2189 ipsam

1914 2206 2099 2275 ﬁgurae
2147 2216 2423 2275 expertem
2478 2211 2823 2274 conﬁtemur,
2857 2226 2965 2266 non
3014 2212 3143 2265 item
3178 2211 3485 2281 inaspecta-

1914 2295 2105 2351 bilem.
2157 2294 2223 2351 Et
2274 2312 2400 2351 cum
2440 2298 2803 2369 cogitabimus
2848 2300 3119 2355 neminem
3153 2298 3321 2355 Deum
3364 2315 3485 2355 cor-

1915 2388 2094 2456 poreis
2113 2387 2288 2442 oculis
2310 2387 2505 2444 videre
2520 2404 2703 2460 posse,
2728 2390 3002 2446 invisibile
3021 2392 3072 2446 ei
3098 2391 3481 2467 concedentes,

1913 2496 2066 2538 extra
2096 2482 2326 2553 ﬁguram
2361 2498 2484 2539 esse
2518 2500 2626 2538 non
2653 2487 3076 2541 consentiemus.
3112 2486 3265 2551 Quod
3297 2485 3342 2540 si
3372 2486 3488 2541 haec

1914 2576 2169 2630 omnibus
2212 2576 2446 2631 ridicula
2480 2576 2737 2631 videntur
2769 2577 3021 2632 similiter
3052 2587 3106 2632 et
3136 2593 3166 2630 a
3217 2588 3397 2634 mente
3432 2586 3487 2633 et

1913 2671 2123 2723 ratione
2166 2668 2326 2723 devia
2365 2678 2419 2724 et
2464 2669 2661 2733 aliena,
2714 2671 2887 2724 multo
2932 2672 3106 2741 magis
3148 2672 3362 2725 illorum
3392 2672 3489 2727 ab—

1914 2761 2257 2825 surditatem,
2282 2762 2375 2832 qui
2401 2770 2581 2817 mente
2610 2764 2771 2826 valet,
2804 2779 2904 2818 suo
2940 2764 3198 2834 suffragio
3231 2764 3489 2819 condent-

1914 2852 2080 2917 nabi‘t,
2105 2853 2249 2907 unde
2275 2853 2497 2907 incitata
2515 2855 2691 2908 oratio
2710 2855 2777 2909 ad
2798 2855 2911 2910 haec
2934 2871 3029 2925 per
3044 2857 3487 2911 consecutionem

1913 2943 2302 2998 absurditatem
2346 2944 2591 2999 adduxit.
2653 2944 2759 3000 Sed
2808 2945 3051 3002 doctoris
3096 2962 3282 3002 vocem
3337 2962 3487 3002 nior-
3598 2957 3603 2961 ‘

1913 3033 2068 3087 dicus
2114 3036 2312 3103 carpit,
2361 3034 2505 3103 quod
2553 3050 2661 3089 non
2703 3037 3092 3092 convenienter
3132 3037 3188 3091 in
3242 3051 3308 3093 eo
3341 3037 3490 3108 quod

244 3135 433 3204 νομίου
454 3134 547 3187 καὶ
569 3136 730 3204 ἡμεῖς
755 3132 1142 3202 γελοιάσωμεν.
1178 3129 1552 3198 Ἐξετάσωμεν
1582 3127 1686 3199 γάρ
1715 3127 1813 3199 τὴν

1916 3124 2020 3180 line
2067 3134 2215 3181 caret
2266 3136 2475 3196 spectet
2520 3127 2668 3198 quod
2717 3137 2801 3183 est
2848 3129 3299 3199 incorruptibile;
3348 3137 3404 3184 et
3432 3129 3487 3184 in

243 3224 499 3295 τοιαύτην
518 3225 682 3278 αὑτοῦ
711 3223 933 3293 γνώμην
972 3224 1098 3292 περὶ
1136 3221 1244 3276 τῶν
1272 3220 1550 3289 ὀνομάτων
1584 3219 1807 3285 τούτων,

245 3314 372 3384 ἥτις
404 3315 567 3367 ἐστίν.

325 3676 500 3729 Ἄλλο
534 3694 588 3729 τι
640 3678 772 3746 φησὶ
825 3675 903 3741 τῷ
936 3676 1347 3745 σημαινομένῳ
1391 3678 1457 3731 τὸ
1498 3680 1816 3746 ἀτελεύτη-

246 3781 357 3818 τον
380 3760 531 3817 εἶναι
556 3765 715 3832 παρὰ
744 3764 809 3817 τὸ
836 3764 1157 3833 ἄφθαρτον,
1188 3764 1225 3833 ἢ
1259 3764 1328 3817 ἓν
1359 3766 1430 3819 τὰ
1454 3765 1560 3820 δύο
1589 3769 1816 3836 συνθή-

246 3871 439 3910 σεται.
466 3856 691 3909 Ἀλλ⁹εὶ
702 3854 820 3924 μὲν
838 3853 907 3908 ἐν
928 3855 1229 3924 ἀμφότερα
1250 3855 1529 3925 nmmo
1555 3857 1814 3926 ἡμετέρῳ

246 3945 1020 4014 συναγορεύσειλόγῳΕίδὲ
1041 3945 1194 4000 ἄλλο
1220 3944 1371 4011 φησὶ
1401 3946 1502 3999 τοῦ
1516 3947 1815 4015 ἀφθάρτου

247 4032 403 4091 εἶναι
416 4038 511 4091 καὶ
530 4036 733 4105 ἕτερον
742 4036 848 4090 τοῦ
862 4037 1147 4104 ἀτελευτή
1155 4053 1257 4089 του
1268 4036 1334 4088 τὸ
1350 4040 1791 4107 σημαινόμενον
1799 4058 1812 4069 ·

248 4127 481 4198 ἀνάγκη
502 4127 669 4182 πᾶσα
684 4127 779 4180 ἐπὶ
800 4128 915 4181 τῶν
926 4128 1254 4196 ἀλλοτρίως
1268 4126 1530 4195 ἐχόντων
1540 4132 1687 4197 πρὸς
1706 4131 1816 4184 ἅλ-

246 4222 430 4286 ληλα,
443 4217 528 4287 μὴ
545 4219 610 4273 τὸ
631 4218 774 4272 αὐτὸ
798 4214 948 4272 εἶναι
969 4218 1118 4272 κατὰ
1137 4217 1253 4286 τὴν
1273 4218 1525 4287 δύναμιν
1544 4219 1623 4284 τῷ
1643 4218 1817 4287 ἑτέρῳ

248 4311 317 4364 τὸ
336 4311 556 4379 ἕτερον.
584 4311 816 4364 Οὐκοῦν
838 4310 1061 4379 ειβλλη
1088 4310 1194 4364 τοῦ
1216 4310 1514 4379 ἀφθάρτου
1536 4313 1573 4379 ἡ
1593 4311 1814 4375 ἔννοια,

250 4403 350 4456 καὶ
369 4402 473 4455 τοῦ
491 4400 890 4467 ἀτελευτήτου
909 4401 1094 4455 πάλιν
1110 4400 1278 4471 ἑτέρα
1292 4446 1307 4466 ,
1325 4402 1422 4456 καὶ
1438 4404 1567 4457 ἔστι
1589 4405 1817 4457 τούτων

1915 3218 2317 3287 ἰαεοντυριὶὺίιὶ
2368 3233 2477 3273 ηοη
2526 3227 2675 3275 recte
2728 3219 2993 3291 intelligat
3044 3221 3188 3290 quod
3218 3220 3489 3275 inﬁnitum

1913 3313 2017 3360 est.
2078 3304 2224 3377 Ergo
2264 3307 2408 3376 quod
2462 3322 2570 3362 non
2624 3308 2874 3364 absimile
2904 3318 2989 3365 est
3019 3310 3088 3365 ab
3120 3308 3371 3364 Eunomii
3400 3325 3491 3365 so-

1914 3396 2108 3458 lertia,
2158 3411 2260 3451 nos
2309 3399 2474 3452 etiam
2531 3398 2836 3453 riserimus.
2902 3398 3291 3454 Examinemus
3345 3400 3490 3454 enim

1914 3488 2087 3559 ipsius
2120 3490 2447 3545 sententiam
2482 3490 2551 3546 de
2585 3491 2671 3546 bis
2701 3492 3041 3557 nominibus,
3071 3508 3193 3563 qua:
3234 3493 3358 3548 talis
3385 3505 3487 3549 est.

1985 3580 2147 3633 Aliud
2169 3580 2295 3649 quid
2345 3581 2525 3650 inquit
2569 3598 2661 3651 per
2682 3582 3037 3652 signiﬁcatum
3065 3583 3333 3651 inﬁnitum
3355 3600 3488 3649 esse,

1916 3670 2064 3723 aliud
2110 3671 2529 3739 incorruptibile,
2577 3672 2655 3725 vel
2694 3688 2855 3725 unum
2889 3670 3048 3726 amba
3080 3672 3190 3726 lucc
3217 3690 3327 3728 esse
3358 3676 3491 3745 {ate-

1917 3763 2076 3815 bitur.
2108 3761 2210 3816 Sed
2243 3764 2290 3816 si
2323 3780 2486 3816 unum
2517 3765 2670 3818 ambo
2709 3765 2874 3828 dicat,
2903 3775 3081 3819 nostra
3108 3768 3335 3820 sermoni
3359 3769 3491 3821 asti-

1916 3852 2220 3920 pulabitur;
2268 3853 2315 3905 si
2365 3864 2537 3906 autem
2579 3855 2809 3907 alterum
2848 3854 2977 3906 dicit
3009 3871 3122 3908 esse
3162 3856 3489 3924 incorrupti~

1917 3944 2059 4003 bilis,
2107 3953 2159 3996 et
2206 3942 2431 3997 alterum
2475 3945 2671 4011 inﬁniti
2718 3944 3096 4013 signiﬁcatum,
3138 3948 3491 3999 necessarium

1914 4044 1990 4088 cst
2035 4035 2245 4089 omnino
2296 4036 2349 4087 in
2403 4034 2483 4087 his
2527 4051 2643 4103 qute
2691 4034 2896 4088 diversa
2933 4045 3056 4087 sunt
3107 4036 3242 4088 inter
3276 4052 3351 4099 se,
3387 4052 3490 4091 non

1916 4124 2054 4178 idem
2105 4141 2218 4179 esse
2252 4125 2535 4178 secundum
2564 4127 2849 4192 potentiam
2896 4142 3013 4177 cum
3045 4126 3214 4178 altera
3242 4126 3487 4181 alterum.

1921 4216 2058 4287 Ergo
2091 4218 2137 4270 si
2187 4219 2298 4270 alia
2341 4216 2753 4286 incorruptibilis
2803 4218 2970 4280 notio,
3031 4226 3079 4270 et
3114 4218 3218 4287 ﬁne
3264 4221 3489 4273 carentis

1917 4324 2104 4361 rursus
2157 4308 2286 4372 alia,
2339 4318 2387 4362 et
2422 4310 2610 4361 horum
2648 4318 2726 4361 est
2765 4317 3043 4377 utrumque
3092 4308 3228 4378 quod
3274 4326 3376 4363 non
3412 4320 3489 4364 est

1921 4400 2191 4462 alterum;
2240 4414 2403 4467 neque
2442 4398 2841 4466 incorruptibile
2882 4398 3026 4451 dabit
3074 4415 3184 4453 esse
3217 4401 3356 4469 quod
3388 4403 3491 4469 ﬁne

249 4489 532 4557 ἑκάτερον
547 4489 691 4555 ὅπερ
703 4490 812 4542 οὐκ
827 4488 959 4543 ἐστι
976 4490 1039 4542 τὸ
1054 4490 1276 4558 ἕτερον*
1293 4490 1429 4543 οὔτε
1443 4491 1510 4544 τὸ
1523 4492 1813 4559 ἄφθαρτον

1923 4500 2087 4556 caret,
2139 4506 2298 4558 neque
2349 4488 2487 4558 quod
2537 4499 2614 4541 est
2666 4490 2789 4558 ﬁnis
2833 4504 3015 4557 expers
3051 4489 3489 4560 incorruptibile:

251 4581 649 4648 ἀτελεύτητον
659 4576 809 4634 εἶναι
823 4581 1018 4645 δώσει,
1037 4582 1173 4635 οὔτε
1192 4582 1584 4649 ἀτελεύτητον
1600 4582 1820 4652 ἄφθαρ-

255 4690 381 4727 tor"
407 4674 569 4727 ἀλλὰ
588 4671 851 4741 φθαρτὸν
865 4672 1163 4741 μὲνέσται
1194 4671 1260 4725 τὸ
1275 4674 1667 4739 ἀτελεύτητον
1685 4715 1700 4739 ,
1732 4693 1821 4729 τε-

257 4766 554 4832 λευτητόν
567 4765 634 4818 δὲ
659 4765 725 4818 τὸ
751 4764 1069 4833 ἄφθαρτον.
1112 4764 1269 4817 Ἀλλά
1299 4765 1662 4835 παραιτοῦμαι
1694 4768 1820 4831 τοὺς

257 4857 698 4926 ἐντυγχάνοντας,
720 4856 793 4926 μὴ
818 4855 940 4908 καθ’
953 4855 1105 4925 ἡμῶν
1115 4855 1307 4925 τρέψαι
1320 4854 1415 4924 τὴν
1430 4856 1522 4909 ἐπὶ
1535 4856 1611 4926 τῷ
1626 4857 1819 4927 γελοίῳ

255 4949 616 5016 κατάγνωσιν.
634 4947 817 5000 Ταῦτα
831 4946 940 5016 γάρ
967 4948 1126 5015 ἡμεῖς
1140 4946 1271 5015 πρὸς
1287 4945 1377 4998 τὸν
1396 4946 1713 5019 γελοιαστὴν
1729 4950 1820 5001 ὑπ’

251 5039 497 5109 ἀνάγκης
529 5039 853 5107 ἐπαίξαμεν,
886 5038 971 5090 ἴνα
998 5036 1087 5089 διά
1117 5035 1215 5104 τῆς
1246 5037 1432 5106 ὁμοίας
1459 5039 1694 5103 παιδιᾶς,
1722 5040 1820 5110 τὴν

255 5129 588 5202 μειρακιώδη
607 5128 697 5181 τοῦ
712 5128 1041 5197 σοφίσματος
1060 5126 1221 5180 αὑτοῦ
1240 5127 1441 5198 πλοκὴν
1457 5129 1815 5201 διαλύσωμεν.

266 5222 406 5275 Ἀλλ’
428 5224 477 5274 εί
499 5220 572 5291 μὴ
595 5220 731 5290 βαρύ
744 5237 803 5272 τε
819 5220 911 5271 καὶ
928 5219 1153 5289 ὀχληρὸν
1168 5220 1279 5281 τοῖς
1296 5220 1677 5290 ἐντυγχάνουσι
1697 5223 1822 5291 φαί-

251 5330 414 5377 νοιτο,
445 5314 545 5365 οὐκ
569 5313 791 5381 ἄκαιρον
824 5310 888 5363 ἂν
915 5312 998 5380 εἴη
1036 5308 1195 5362 πάλιν
1229 5310 1321 5363 ἐπὶ
1349 5311 1544 5377 λέξεως
1568 5314 1819 5368 ἐκθέσθαι

251 5405 346 5460 τοῦ
379 5406 640 5473 Εύνομίου
667 5404 736 5456 τὰ
764 5405 999 5474 ῥήματα.
1040 5403 1103 5454 Ei
1135 5401 1283 5454 κατὰ
1308 5401 1373 5454 τὸ
1402 5403 1817 5471 ἀτελεύτητον,

253 5496 409 5566 φησὶ,
426 5495 534 5563 τῆς
556 5494 702 5563 ζωῆς
721 5495 908 5563 μόνον
927 5492 1097 5546 ἐστὶν
1112 5491 1429 5559 ἄφθαρτος,
1460 5495 1559 5547 καὶ
1587 5497 1735 5549 κατὰ
1755 5499 1819 5551 τὸ

250 5589 519 5658 ἄναρχον
526 5590 716 5656 μόνον
727 5583 1221 5656 ἀγέννητος,καθὸ
1228 5584 1312 5651 μή
1326 5586 1493 5639 ἐστιν
1503 5586 1818 5656 ἄφθαρτος,

251 5680 510 5749 φθαρτὸς
533 5677 703 5731 ἔσται
725 5692 737 5703 ·
772 5675 866 5728 καὶ
884 5673 1026 5728 καθὸ
1039 5672 1121 5741 μή
1138 5673 1307 5726 ἐστιν
1321 5675 1663 5743 ἀγέννητος,
1688 5696 1821 5746 γεν-

250 5771 431 5837 νητὸς
457 5771 649 5825 ἔσται.
679 5769 787 5824 Καὶ
823 5765 1170 5823 ἐπαναλαεὼν
1194 5767 1252 5819 τὸ
1274 5768 1402 5822 αὐτὸ
1434 5772 1613 5839 πάλιν,
1633 5774 1814 5845 φησίνο

1922 4586 2010 4636 sed
2057 4580 2395 4648 corruptibilc
2426 4580 2634 4650 quidem
2676 4582 2774 4634 erit
2811 4581 2948 4650 quod
2981 4583 3139 4650 ﬁnem
3166 4601 3269 4638 non
3315 4585 3487 4649 habet,

1919 4685 1966 4725 et
1999 4672 2154 4739 ﬁnem
2183 4671 2376 4725 habens
2402 4670 2541 4739 quod
2565 4683 2643 4725 est
2671 4671 3091 4740 incorruptibile.
3132 4675 3238 4728 Sed
3262 4677 3490 4731 lectores

1918 4762 2183 4833 deprecor
2227 4777 2296 4816 ne
2333 4777 2433 4816 nos
2484 4762 2555 4816 ob
2598 4763 2788 4816 istha-c
2821 4764 3047 4818 ridenda
3080 4764 3439 4819 condemncnt
3472 4785 3486 4819 :

1919 4854 2033 4910 haec
2074 4855 2219 4923 enim
2254 4870 2355 4907 nos
2399 4853 2661 4909 adversus
2705 4855 2982 4910 irrisorem
3024 4871 3133 4925 pra:
3168 4857 3490 4911 necessitate

1920 4945 2174 5007 lusimus,
2230 4954 2289 4998 ut
2351 4960 2447 5014 per
2497 4945 2730 4999 similem
2780 4946 2983 5011 lusum,
3023 4946 3318 5014 juvenilem
3370 4947 3489 5017 ejus

1922 5038 2282 5108 sophismatis
2323 5052 2523 5090 nexum
2580 5035 2966 5092 dissulvamus.
3023 5036 3127 5089 Sed
3177 5037 3223 5091 si
3273 5053 3380 5091 non
3414 5040 3490 5093 le-

1920 5130 2175 5200 gentibus
2217 5143 2380 5197 grave
2416 5137 2474 5180 et
2511 5127 2800 5181 molestum
2848 5128 3117 5191 videatur,
3151 5128 3293 5181 haud
3329 5129 3491 5184 fuerit

1923 5219 2383 5288 intempestivum,
2421 5218 2615 5273 iterum
2659 5219 2724 5279 ad
2758 5221 2979 5273 verbum
3014 5235 3282 5289 exponere
3314 5221 3492 5276 Euno-

1922 5310 2017 5363 mii
2061 5308 2228 5363 dicta.
2284 5307 2365 5372 Si,
2417 5308 2614 5378 inquit,
2674 5326 2778 5377 qua
2813 5311 2931 5363 vita:
2992 5312 3115 5379 ﬁnis
3166 5324 3239 5365 est
3288 5296 3489 5382 expers,

1922 5402 2093 5457 solum
2142 5410 2219 5455 est
2268 5402 2705 5469 incorruptibilis,
2767 5412 2815 5454 et
2871 5420 2973 5473 qua
3014 5405 3271 5472 principio
3325 5418 3488 5471 caret,

1922 5497 2090 5548 solum
2144 5504 2221 5548 est
2257 5493 2541 5563 ingenitus,
2592 5503 2847 5561 quatenus
2900 5506 3119 5549 nonest
3176 5498 3492 5565 incorrupti-

1926 5586 2067 5648 bilis,
2109 5584 2471 5653 corruptibilis
2518 5587 2640 5649 erit,
2692 5597 2739 5639 et
2783 5598 3037 5654 quatenus
3093 5606 3193 5642 non
3238 5599 3312 5643 est
3352 5591 3491 5658 inge-

1927 5685 2090 5742 nitus,
2127 5682 2330 5749 genitus
2380 5680 2499 5734 erit.
2544 5678 2607 5731 Et
2658 5691 2946 5752 postquam
2984 5683 3126 5738 idem
3176 5683 3489 5751 resumpsit.

1926 5788 2118 5827 rursus
2176 5770 2347 5841 inquit
2384 5769 2540 5824 :Erit
2598 5772 2776 5843 igitur,
2828 5786 3083 5845 quatenus
3129 5786 3206 5829 est
3246 5776 3489 5845 principii
