4006 6492
539 348 676 405 108⁸1

1786 331 1846 387 8.
1871 322 2199 389 οιιεςοιιιι
2231 321 2529 383 ΝῩΒΒΕΜ

3640 318 3776 377 ωδε

537 481 744 525 ezsots,
783 460 1044 531 ingenitus
1091 457 1249 512 simul
1277 466 1339 521 βε
1371 453 1763 521 corruptibilis;
1792 468 1883 520 per
1902 450 1954 504 id
1985 464 2101 503 vero
2130 491 2136 506 ι

2237 446 2410 501 Eata:
2462 443 2575 511 ἄρα
2627 442 2775 496 κατὰ
2818 442 2935 510 μὲν
2983 440 3049 493 τὸ
3099 439 3395 509 ἄναρχον,
3447 438 3781 507 ἀπένπιτος

538 569 674 625 quoa
700 554 800 623 [ine
823 560 965 606 caret
999 547 1413 616 incorruptibilis
1451 548 1611 601 simul
1635 555 1683 600 et
1713 546 1937 615 genitus.
1967 540 2100 595 Nam

539 658 661 713 qua:
724 643 902 709 inepte
954 649 1007 695 et
1058 640 1367 708 importune
1417 652 1755 707 supervacua
1807 634 2100 696 interserit,

541 739 728 804 utpote
769 748 889 801 quae
934 730 1103 785 nihilo
1158 731 1279 799 plus
1327 730 1392 784 ad
1434 727 1705 785 sermonis
1734 724 2103 796 praestructio-

542 844 668 882 nem
714 825 1029 886 conterunt,
1080 832 1361 892 praetereo.
1414 819 1521 875 Sed
1552 830 1862 875 nostrorum
1898 830 2108 871 sermo-

543 936 675 974 num
729 918 1087 981 sententiam,
1143 931 1207 970 ex
1244 914 1443 983 quibus
1512 913 1599 966 hic
1650 912 1766 980 ipse
1824 906 2107 979 apposuit,

543 1012 721 1066 cuivis
766 1021 898 1079 puto
948 1009 1105 1062 facile
1154 1020 1275 1060 esse
1335 1004 1657 1073 intelligere,
1704 1002 1849 1070 quod
1906 999 2109 1052 nullam

547 1102 740 1158 habent
802 1099 1239 1153 communionem
1297 1111 1421 1150 cum
1482 1109 1545 1149 ea
1596 1092 1941 1149 accusatione
1992 1103 2113 1157 qua

546 1203 737 1249 contra
764 1209 863 1247 nos
886 1192 955 1245 ab
978 1191 1093 1259 ipso
1116 1196 1435 1258 pra:structa
1483 1193 1603 1250 est;
1646 1182 2110 1250 incorruptibilem

544 1288 711 1345 enim,
759 1294 814 1337 et
868 1283 1164 1347 ingenitum
1217 1279 1383 1333 Deum
1429 1279 1808 1333 universorum
1855 1274 2112 1334 dicimus,

546 1380 619 1431 ait
670 1376 950 1444 magister,
978 1372 1276 1427 secundum
1312 1372 1556 1425 diversos
1598 1370 1797 1425 mentis
1820 1376 2117 1435 conceptus

546 1469 632 1521 his
681 1468 993 1520 nenninibus
1043 1472 1279 1518 utentes.
1331 1460 1467 1516 Nam
1518 1463 1573 1517 in
1618 1477 1706 1525 eo,
1740 1461 1941 1529 inquit,
1971 1458 2115 1528 quod

546 1574 760 1612 onmem
815 1547 1385 1626 circumscriptionem
1441 1555 1765 1611 saaculorum
1808 1559 2115 1621 exsuperet,

547 1650 847 1706 secundum
889 1664 1105 1703 omnem
1136 1649 1451 1703 distantiam
1490 1647 1806 1716 temporalis
1843 1646 2118 1700 extensio-

2201 536 2349 605 ὁμοῦ
2385 535 2483 588 καὶ
2517 532 2808 603 φθαρτὸς,
2845 532 2993 586 κατὰ
3020 531 3089 584 δὲ
3124 532 3190 585 τὸ
3230 531 3641 597 ἀτελεύτητον
3664 572 3680 594 ,
3715 530 3782 583 ἄρ

2204 631 2464 701 φθαρτος
2495 625 2643 694 ὁμοῦ
2681 624 2781 683 καί
2807 626 3109 693 τεννητός.
3141 624 3251 685 Τὰς
3288 623 3395 693 γὰρ
3424 623 3692 691 ἀκαίρους
3726 623 3784 673 ἐν

2204 717 2285 786 τῷ
2326 717 2475 787 μέσῳ
2509 716 2615 769 τῶν
2648 714 2915 786 περιττῶν
2949 714 3292 786 παρενθήκας
3326 713 3401 775 ὡς
3437 713 3593 777 ούδὲν
3626 712 3787 765 πλέον

2207 812 2285 871 είς
2314 810 2411 878 τὴν
2445 806 2538 861 τοῦ
2571 808 2729 875 λόγου
2764 806 3105 876 κατασκευὴν
3133 804 3490 868 συντελούσας
3519 806 3785 874 παρίημι.

2221 901 2377 955 Ἀλλά
2402 901 2499 969 τὴν
2530 899 2629 969 μὲν
2656 898 2893 955 διάνοιαν
2918 898 3025 952 τῶν
3054 898 3334 967 ἡμετέρων
3360 897 3555 965 λόγων,
3589 900 3685 963 ἀφ’
3716 892 3790 951 ὧν

2210 994 2366 1055 αὐτὸς
2389 987 2541 1054 οὗτος
2565 990 2849 1062 παρέθετο,
2874 989 3035 1042 παντὶ
3059 989 3235 1060 ῥᾴδιον
3255 985 3405 1058 οἶμαι
3428 989 3789 1058 κατανοῆσαι,

2210 1083 2283 1146 ὡς
2312 1081 2561 1151 οὐδεμίαν
2578 1080 2806 1149 ἔχουσαν
2834 1078 3113 1135 κοινωνίαν
3142 1080 3286 1150 ,πρὸς
3315 1080 3413 1149 τὴν
3445 1096 3791 1132 κατασκευα-

2214 1173 2431 1227 σθεῖσαν
2496 1172 2643 1242 αὺτῷ
2706 1170 2826 1225 καθ’
2870 1170 3031 1241 ἡμῶν
3072 1171 3421 1241 κατηγορίαν.
3477 1170 3794 1241 ’Διρθαρτον

2213 1266 2323 1335 γάρ
2353 1266 2445 1318 καὶ
2469 1265 2759 1335 ἀγέννητον
2782 1262 2872 1316 τὸν
2901 1264 3030 1317 Θεὸν
3056 1264 3162 1316 τῶν
3184 1263 3319 1317 ὅλων
3340 1264 3597 1333 λέγομεν,
3631 1266 3794 1332 φησιν

2214 1362 2243 1412 ὁ
2272 1358 2603 1420 διδάσκαλος.
2640 1356 2780 1413 κατὰ
2812 1356 3103 1426 διαφόρους
3132 1357 3386 1419 ἐπιϐολὰς
3413 1359 3527 1418 τοῖς
3564 1356 3797 1424 ὀνόματι

2214 1446 2423 1510 τούτοις
2486 1446 2775 1518 χρώμενοι.
2836 1446 2908 1501 Τὸ
2958 1447 3066 1514 γὰρ
3123 1446 3551 1517 ύπερεκπίπτειν
3611 1447 3795 1507 αὑτὸν,

2219 1540 2371 1608 φησι,
2407 1539 2505 1608 τῆς
2544 1538 2654 1591 τῶν
2691 1538 2902 1593 αἰώνων
2944 1539 3290 1609 περιγραφῆς
3338 1539 3479 1593 κατὰ
3525 1542 3640 1591 πᾶν
3684 1540 3800 1592 δια-

2222 1649 2403 1702 στημα
2432 1632 2530 1701 τῆς
2561 1633 2813 1701 χρονικῆς
2854 1632 3239 1699 παρατάσεως,
3287 1631 3397 1685 εἴτε
3427 1632 3491 1685 τὸ
3535 1631 3801 1700 egeam

548 1746 658 1805 nis,
687 1744 802 1798 sive
828 1741 972 1813 quod
1012 1751 1095 1796 est
1134 1757 1161 1793 a
1191 1740 1479 1811 principio,
1520 1739 1647 1793 sive.
1670 1739 1817 1808 quod
1860 1739 2119 1807 deinceps

2237 1724 2329 1776 εἴτε
2359 1724 2419 1775 τὸ
2455 1723 2650 1792 ἐφεξῆς
2680 1721 3023 1792 λογιζόμεθα,
3052 1722 3115 1774 τὸ
3143 1722 3261 1777 καθ’
3291 1723 3555 1793 ἑκατέραν
3591 1723 3801 1775 ἔννοιαν

549 1790 658 1805 ----.
688 1790 802 1798 υ-νυ
830 1790 972 1813 -ιη-
1015 1790 1094 1796 η-
1136 1790 1161 1793 -ς
1522 1790 1564 1793 -ε
1614 1790 1631 1792 -
1677 1790 1816 1808 rw
1872 1790 1919 1792 η
1958 1790 1963 1791 κ
2002 1790 2077 1807 η.

548 1836 816 1905 sequitur,
852 1834 1264 1893 ratiocinemur,
1301 1831 1446 1901 quod
1497 1830 1798 1887 secundum
1834 1837 2120 1898 utramque

2237 1816 2314 1886 τῆς
2348 1790 2517 1869 ἀϊδίου
2561 1790 2704 1884 ζωῆς
2742 1790 2988 1885 ἀόριστόν
3036 1831 3093 1867 τε
3140 1816 3231 1869 καὶ
3262 1790 3711 1885 ἀπερίγραπ-τον,
3744 1816 3802 1867 τὸ

549 1928 829 1982 notionem
888 1935 1104 1981 mlernae
1144 1926 1266 1978 vita:
1308 1924 1689 1991 inﬁnitumque
1722 1929 1776 1976 et
1826 1921 2121 1975 incircum-

549 2019 813 2088 scriptum
855 2027 960 2081 est,
1004 2016 1110 2071 hoc
1152 2016 1369 2084 quidem
1400 2013 1953 2083 incorruptibilitatis,
1991 2011 2122 2066 illud

552 2128 680 2167 vero
735 2111 961 2180 ingeniti
1016 2111 1236 2164 nomine
1285 2106 1679 2178 signiﬁcamus.
1722 2104 1827 2160 Iste
1876 2121 2004 2159 vero
2046 2106 2119 2159 ait

555 2219 655 2259 nos
699 2203 896 2258 docere
949 2200 1093 2271 quod
1150 2200 1284 2255 illud
1333 2198 1479 2270 quod
1532 2198 1805 2268 principio
1836 2206 2003 2260 caret,
2040 2205 2126 2255 est

552 2296 827 2359 essentia;
882 2302 938 2347 et
989 2292 1135 2362 quod
1188 2292 1349 2345 ﬁnem
1406 2306 1514 2344 non
1574 2290 1737 2344 habet
1798 2303 1991 2343 rursus
2039 2294 2127 2342 est

554 2387 816 2449 essentia,
868 2388 1026 2455 quasi
1058 2385 1169 2439 duo
1197 2392 1477 2454 segmenta
1506 2386 1867 2441 essentiarum
1897 2400 1962 2439 ex
1992 2399 2128 2440 con-

556 2476 727 2530 trario
778 2476 923 2529 dicta
983 2490 1014 2527 a
1066 2474 1224 2527 nobis
1257 2471 1629 2527 conferantur.
1663 2473 1840 2543 Atque
1875 2474 1947 2527 ita
1979 2474 2124 2542 quod

556 2565 857 2621 absurdum
911 2571 993 2619 est
1022 2563 1264 2626 coniicit,
1300 2578 1400 2617 sua
1446 2562 1618 2632 ipsius
1663 2579 1893 2633 ponens,
1920 2572 1973 2619 et
2004 2579 2127 2617 cum

557 2656 674 2710 suis
720 2669 1076 2723 congressus,
1130 2661 1185 2707 et
1233 2668 1261 2705 a
1309 2652 1492 2722 seipse
1538 2654 1872 2723 compositas
1922 2656 2130 2724 cogita-

558 2748 738 2800 tiones
767 2746 831 2799 ad
886 2744 1183 2799 absurdum
1226 2745 1581 2813 compellens,
1626 2746 1763 2799 nihil
1820 2754 2129 2801 nostrorum

558 2837 798 2907 attingit.
840 2834 994 2901 Quod
1020 2835 1165 2890 enim
1192 2834 1267 2889 ait
1296 2834 1461 2890 Deum
1496 2836 1962 2906 incorruptibilem
1987 2853 2128 2901 esse,

2223 1909 2322 1979 μὲν
2348 1907 2426 1977 τῷ
2448 1907 2549 1974 τῆς
2572 1907 2875 1977 ἀφθαρσίας
2907 1908 3150 1976 ὀνόματι,
3176 1908 3235 1960 τὸ
3262 1907 3316 1961 δὲ
3347 1907 3423 1976 τῷ
3451 1908 3551 1976 τῆς
3580 1908 3807 1978 ἁγεννη-

2223 2001 2343 2063 σίας
2376 1999 2824 2070 διασημαίνομεν.
2856 2000 3051 2053 Οὑτοσὶ
3082 1999 3137 2052 δέ
3169 2016 3299 2068 φησι
3330 1999 3508 2069 λέγειν
3540 2000 3694 2069 ἡμᾶς
3724 2001 3809 2053 ὅτι

2221 2091 2281 2145 τὸ
2308 2091 2541 2162 ἄναρχον
2568 2090 2725 2147 οὐσία
2762 2091 2899 2153 ἐστὶ,
2928 2091 3024 2144 καὶ
3056 2091 3408 2161 ἀτελεύτητον
3439 2091 3601 2143 ούσία
3642 2090 3805 2143 πάλιν

2224 2181 2393 2246 ἐστὶν,
2414 2182 2486 2245 ὡς
2516 2180 2610 2235 δύο
2633 2182 2894 2251 τμήματα
2915 2182 3113 2235 οὐσιῶν
3143 2182 3281 2236 κατὰ
3308 2182 3368 2235 τὸ
3395 2182 3643 2235 ἐναντίον
3660 2181 3809 2249 λεγό-

2228 2289 2366 2343 μενα
2388 2274 2515 2341 παρ’
2536 2273 2691 2343 ἡμιῖιν
2718 2272 3136 2343 συμϐάλλεσθαι.
3164 2275 3269 2326 Καὶ
3298 2272 3437 2326 οὕτω
3467 2274 3811 2329 κατασκευά-

2226 2363 2309 2428 ζει
2364 2364 2423 2417 τὸ
2465 2364 2685 2427 ἄτοπον.
2735 2366 2802 2421 τὰ
2842 2364 3034 2419 ἑαυτοῦ
3073 2365 3277 2427 τιθεὶς,
3314 2366 3409 2418 καὶ
3454 2369 3570 2427 τοῖς
3612 2365 3813 2417 ἑαυτοῦ

2228 2457 2702 2528 συμπλεκόμενος,
2739 2458 2831 2515 καὶ
2883 2459 2983 2524 τὰς
3031 2460 3163 2529 παρ’
3207 2458 3401 2515 ἑαυτοῦ
3459 2459 3811 2520 συντεθείσας

2226 2548 2461 2611 διανοίας
2509 2549 2722 2616 ὲξωθῶν
2771 2551 2851 2613 εἰς
2884 2550 2945 2601 τὸ
2984 2550 3214 2613 ἄτοπον,
3248 2550 3367 2609 κατ’
3396 2550 3548 2602 οὐδὲν
3590 2550 3647 2601 δὲ
3703 2549 3812 2601 τῶν

2228 2640 2508 2711 ἡμετέρων
2564 2640 2958 2710 προσάπτεται.
3018 2642 3091 2693 Τὸ
3131 2640 3238 2708 γὰρ
3290 2640 3427 2693 κατὰ
3477 2640 3537 2692 τὸ
3588 2640 3810 2692 6.3125-

2229 2750 2389 2803 τητον
2435 2734 2533 2804 τῆς
2582 2734 2724 2803 ζωῆς
2760 2735 2921 2803 μόνον
2972 2733 3063 2789 τὸν
3126 2733 3256 2788 Θεὸν
3306 2734 3584 2802 ἄφθαρτον
3632 2728 3817 2796 εἶναι,

2229 2829 2419 2882 τούτου
2470 2831 2603 2892 ἐστὶ,
2653 2830 2747 2883 καὶ
2798 2829 2895 2899 οὐχ
2933 2830 3219 2900 ἡμέτερον.
3273 2828 3546 2892 Ὡσαύτως
3582 2832 3681 2883 καὶ
3727 2831 3817 2882 τὸν

560 2930 862 3002 secundum
910 2928 964 2983 id
1025 2929 1202 2986 solum
1246 2943 1357 2998 quo
1399 2928 1561 2983 ﬁnem
1606 2945 1711 2983 non
1758 2931 1938 2996 habet,
1971 2930 2133 2999 hujus

2237 2920 2526 2991 ἄφθαρτον,
2558 2921 2789 2990 ἄναρχον
2821 2923 2894 2993 μὴ
2928 2917 3088 2985 εἶναι,
3121 2922 3219 2989 τῆς
3249 2921 3417 2989 αὐτῆς
3448 2921 3737 2990 ἀγχινοίας
3760 2923 3818 2973 τὸ

559 3036 666 3086 est.
714 3036 821 3077 non
876 3029 1147 3078 nostrum.
1198 3019 1401 3075 Eodem
1448 3030 1607 3089 pacto
1650 3030 1702 3075 et
1750 3022 2136 3091 incorruptibi-

2237 3013 2472 3084 εὕρημα,
2509 3013 2606 3081 τῆς
2634 3014 2695 3066 τὸ
2729 3014 2802 3084 μὴ
2838 3014 3037 3083 προσὸν
3069 3016 3146 3077 εἰς
3183 3013 3274 3066 τὸν
3298 3016 3394 3082 τῆς
3436 3014 3627 3075 οὐσίας
3660 3013 3818 3080 λόγον

564 3116 690 3177 lem,
718 3114 969 3184 principii
1003 3120 1275 3168 exsortem
1308 3127 1416 3166 non
1436 3128 1581 3177 esse,
1619 3112 1863 3181 ejusdem
1901 3112 2135 3167 solertia:

2237 3103 2700 3173 κατατασσούσης.
2745 3104 2931 3172 Ἡμεῖς
2955 3105 3061 3173 γὰρ
3087 3102 3234 3156 οὐδὲν
3262 3102 3371 3153 τῶν
3397 3101 3472 3172 μὴ
3502 3101 3823 3173 προσόντων

561 3212 932 3265 commentum
987 3212 1092 3267 est,
1127 3219 1248 3272 quae
1280 3202 1427 3272 quod
1472 3218 1580 3257 non
1615 3202 1757 3257 inest
1790 3202 1857 3255 ad
1892 3202 2141 3257 essentia:

562 3298 833 3351 rationem
882 3294 1097 3365 redigit.
1136 3294 1247 3348 Nos
1280 3296 1424 3349 enim
1463 3294 1600 3348 nihil
1630 3308 1819 3347 eormn
1872 3310 1994 3363 quae
2033 3309 2141 3347 non

566 3388 775 3448 insunt,
824 3386 1126 3440 essentiam
1153 3400 1275 3440 esse
1322 3384 1637 3439 deﬁnimus.
1693 3385 1855 3454 Atqui
1892 3385 2002 3439 Deo
2034 3401 2142 3438 non

568 3482 714 3537 inest
760 3492 939 3546 neque
988 3477 1057 3535 ad
1112 3476 1397 3531 interitum
1435 3476 1605 3529 vitam
1657 3474 1929 3539 desinere,
1968 3491 2145 3545 neque

570 3588 601 3628 a
630 3574 983 3641 generatione
1009 3585 1132 3624 esse
1158 3568 1423 3638 incipere.
1449 3568 1607 3635 Quod
1644 3569 1862 3638 quidem
1904 3584 2001 3639 per
2033 3574 2146 3625 haec

572 3665 683 3719 duo
731 3661 953 3716 nomina
992 3660 1536 3729 incorruptibilitatis
1587 3663 1796 3717 scilicet
1829 3668 1884 3715 et
1919 3662 2144 3730 ingeniti

570 3754 916 3825 exprimitur.
952 3752 1053 3806 Hie
1082 3761 1262 3805 autem
1295 3767 1425 3807 suas
1456 3767 1630 3821 nugas
1658 3768 1782 3806 cum
1819 3754 2025 3807 nostris
2057 3754 2148 3806 de-

571 3845 739 3899 cretis
796 3843 1109 3912 divulgans,
1152 3840 1395 3911 seipsum
1442 3841 1724 3896 diﬁamare
1776 3857 1871 3911 per
1918 3856 2149 3896 accusa-

572 3936 777 3990 tionem
829 3942 1023 3988 contra
1064 3947 1168 3986 nos
1208 3932 1518 3987 institutam
1565 3947 1674 3986 non
1719 3932 1991 4001 intelligit.
2042 3930 2145 3997 Qui

569 4028 717 4083 enim
763 4026 1058 4081 essentiam
1089 4024 1416 4092 ἁγεννησίαν
1443 4038 1565 4079 esse
1598 4023 1807 4087 deﬁnit,
1854 4024 1906 4077 in
1940 4032 2147 4077 tantam

577 4134 674 4190 per
712 4116 1153 4172 consecutionem
1198 4115 1590 4171 absurditatem
1625 4115 1833 4179 evadet,
1886 4125 2147 4185 quantam

575 4213 782 4266 nostris
826 4212 1065 4266 decretis
1116 4211 1309 4265 inurit.
1362 4211 1525 4267 Aliud
1578 4212 1721 4265 enim
1768 4211 2042 4280 principii,
2096 4219 2151 4265 et

576 4301 726 4354 aliud
772 4301 898 4355 ﬁnis
950 4316 1150 4355 nomen
1194 4299 1496 4354 secundum
1536 4314 1718 4353 rerum
1754 4298 2149 4352 intellectarum

578 4391 976 4446 distinctricem
1028 4390 1507 4460 signiﬁcationem,
1553 4390 1819 4458 siquidem
1870 4390 2035 4443 unius
2064 4390 2153 4443 ho-

2241 3196 2427 3251 οὐσίαν
2458 3192 2594 3249 εἶναι
2621 3196 2983 3266 διοριζόμεθα.
3007 3198 3079 3250 Οὐ
3104 3196 3359 3267 πρόσεστι
3381 3196 3436 3249 δὲ
3462 3196 3536 3265 τῷ
3562 3195 3707 3263 θεῷ,
3740 3194 3823 3247 06-

2241 3305 2301 3340 τε
2332 3287 2391 3339 τὸ
2430 3289 2507 3349 εἰς
2539 3287 2744 3357 φθορὰν
2778 3289 2874 3356 τὴν
2907 3288 3048 3357 ζωὴν
3094 3287 3394 3356 καταλῆξαι
3414 3328 3427 3345 .
3458 3287 3583 3339 οὔτε
3614 3288 3677 3341 τὸ
3716 3288 3827 3340 ἀπὸ

2244 3378 2547 3446 γεννήσεως
2580 3377 2640 3429 τὸ
2663 3372 2798 3428 εἶναι
2829 3376 3111 3446 ἄρξασθαι.
3137 3377 3313 3447 Ὅπερ
3332 3377 3419 3428 ὁιά
3442 3377 3549 3428 τῶν
3578 3377 3674 3429 δύο
3700 3380 3825 3429 τού·

2244 3487 2351 3523 των
2378 3468 2654 3536 ὀνομάτων
2687 3469 2784 3539 τῆς
2814 3485 2871 3522 τε
2899 3467 3203 3538 ἀφθαρσίας
3234 3470 3327 3521 καὶ
3362 3468 3460 3537 τῆς
3490 3471 3825 3540 ἀγεννησίας

2246 3564 2596 3633 παρίσταται.
2656 3562 2715 3615 '0
2756 3562 2811 3613 δὲ
2858 3563 2946 3614 τὸν
2992 3564 3121 3616 ἴδιον
3156 3563 3322 3634 λῆρον
3365 3567 3476 3626 τοῖς
3524 3567 3827 3635 ἡμετέροις

2244 3656 2503 3725 δόγμασιν
2540 3655 2968 3726 ὲπιθρυλλήσας,
3002 3655 3191 3708 ἑαυτὸν
3231 3656 3553 3726 στηλιτεύων
3588 3657 3681 3710 διὰ
3730 3658 3827 3726 τῆς

2248 3750 2579 3819 κατηγορίας
2607 3750 2705 3819 τῆς
2739 3748 2857 3801 καθ’
2903 3749 3059 3819 ἡμῶν
3100 3749 3160 3805 ού
3193 3750 3454 3818 συνίησιν.
3500 3750 3559 3803 Ὁ
3594 3753 3709 3821 γὰρ
3737 3754 3825 3803 ού-

2249 3841 2369 3894 σίαν
2397 3842 2496 3911 τὴν
2524 3840 2846 3909 ἀγεννησίαν
2876 3837 3014 3893 εἶναι
3040 3836 3422 3910 διοριζόμενος,
3455 3844 3531 3904 εἰς
3553 3844 3829 3912 τοσαύτην

2248 3935 2391 3988 κατά
2418 3935 2477 3987 τὸ
2507 3932 2795 3986 ἀκόλουθον
2831 3933 2929 4003 τὴν
2972 3933 3202 3986 ἀτοπίαν
3239 3932 3531 4003 ἐκϐήσεται
3553 3975 3571 3997 ,
3611 3935 3681 4004 ἦν
3718 3938 3827 3999 τοὶς

2250 4023 2535 4094 ἡμετέροις
2557 4022 2816 4092 δόγμασιν
2848 4022 3117 4092 ἐπιφέρει.
3157 4022 3317 4074 ’Ἄλλο
3345 4022 3451 4093 γὰρ
3493 4024 3595 4092 τῆς
3624 4024 3827 4093 ἀρχῆς,

2250 4115 2343 4168 καὶ
2373 4112 2499 4169 ἄλλο
2527 4113 2619 4165 τοῦ
2650 4113 2835 4175 τέλους
2870 4113 3010 4169 κατὰ
3045 4114 3143 4184 τὴν
3187 4115 3619 4185 διαστηματικὴν
3652 4120 3828 4189 παρὰ·

2253 4222 2439 4258 στασιν
2467 4206 2801 4275 νοουμένων,
2838 4208 2885 4258 εί
2922 4206 3020 4275 μὲν
3052 4206 3150 4276 τὴν
3175 4207 3292 4268 ἑνὸς
3331 4208 3533 4261 τούτων
3571 4211 3830 4280 στέρησιν

2249 4296 2434 4351 οὐσίαν
2471 4315 2553 4359 τις
2596 4294 2732 4350 εἶναι
2777 4297 2912 4369 δοίη,
2948 4298 3004 4364 ἐξ
3044 4300 3298 4369 ἡμισείας
3330 4301 3491 4353 αὑτοῦ
3538 4301 3639 4370 τὴν
3687 4302 3831 4371 ζωὴν

2253 4392 2546 4461 ὑποστήσει
2578 4391 2721 4460 μόνῳ
2754 4390 2829 4459 τῷ
2855 4391 3077 4461 ἀνάρχῳ
3111 4392 3426 4460 ὑφεστῶσαν
3449 4433 3463 4454 ,
3506 4395 3646 4464 πρὸς
3690 4397 3747 4448 δὲ
3776 4396 3832 4449 τὸ

577 4499 702 4538 rum
760 4483 1147 4551 privationem,
1192 4483 1241 4536 si
1292 4482 1416 4553 quis
1461 4484 1753 4536 essentiam
1809 4498 1932 4536 esse
1976 4481 2130 4535 daret

2255 4481 2608 4551 ἀτελεύτητον
2632 4522 2646 4545 ,
2679 4482 2859 4534 οὐκέτι
2891 4482 2979 4535 διὰ
3015 4484 3113 4553 τῆς
3142 4484 3352 4553 φύσεως
3376 4486 3832 4551 ὲπεκτείνουσαν,

578 4590 646 4630 ex
695 4572 923 4627 dimidia
959 4580 1113 4642 parte
1142 4573 1225 4626 sui
1269 4572 1442 4639 ipsius
1502 4574 1665 4627 vitam
1718 4573 1819 4627 soli
1883 4573 2152 4641 principio

583 4670 797 4724 carenti
830 4668 1219 4722 subsistentem
1260 4675 1611 4736 supponeret,
1646 4666 1713 4719 ad
1758 4665 1812 4720 id
1850 4682 1976 4720 vero
2007 4666 2153 4735 quod

584 4761 747 4814 ﬁnem
790 4774 896 4813 non
953 4758 1134 4821 habet,
1190 4774 1297 4811 non
1354 4760 1585 4826 aniplins
1640 4774 1737 4829 per
1795 4765 2045 4812 naturam
2096 4774 2155 4813 se

583 4852 989 4914 extendentem,
1027 4851 1296 4920 siquidem
1332 4858 1547 4915 natura,
1602 4851 1824 4921 ingeniti
1873 4851 2014 4905 ratio
2056 4868 2157 4921 pn-

586 4951 819 4997 taretur.
852 4941 1009 5007 Quod
1039 4943 1084 4997 si
1116 4949 1352 5009 utraque
1378 4942 1649 4995 essentias
1684 4959 1807 4998 esse
1841 4944 1964 5012 quis
1994 4959 2155 5013 coge-

586 5042 693 5098 ret,
715 5035 940 5088 omnino
962 5034 1333 5089 necessarium
1358 5042 1526 5096 esset,
1575 5033 1874 5088 secundum
1907 5034 2160 5088 traditam

591 5126 661 5179 ab
688 5124 956 5180 Eunomia
984 5124 1382 5189 definitionem,
1408 5133 1700 5194 utrumque
1730 5140 1929 5179 nomen
1967 5140 2163 5179 secun-

590 5219 721 5272 dum
779 5218 1089 5288 impositam
1152 5218 1629 5289 signiﬁcationem,
1684 5225 1741 5271 et
1790 5217 1845 5270 in
1912 5218 2162 5273 essentia:

594 5310 806 5365 ratione
831 5327 954 5366 esse
977 5311 1202 5374 habere,
1237 5318 1450 5364 tantum
1490 5310 1621 5364 illud
1658 5310 1949 5371 exsistens,
1987 5327 2162 5380 quan-

595 5412 711 5456 tum
759 5402 1122 5473 signiﬁcantia
1152 5402 1532 5472 appellationis
1569 5402 1911 5456 demonstrat
1946 5411 2039 5455 :et
2087 5403 2166 5457 sic

598 5492 777 5548 valida
806 5494 898 5550 ﬁet
930 5494 1183 5550 Eunomii
1209 5495 1372 5557 ratio,
1406 5493 1536 5563 quia
1580 5510 1756 5563 neque
1786 5493 1932 5563 quod
1968 5494 2165 5565 princi-

598 5584 673 5653 pii
721 5600 915 5654 espers
959 5596 1065 5648 est,
1116 5585 1278 5641 habet
1329 5585 1380 5638 id
1430 5584 1577 5655 quod
1626 5583 1731 5639 ﬁne
1772 5596 1941 5649 caret,
1988 5602 2166 5655 neque

599 5675 744 5744 quod
795 5676 952 5731 ﬁnem
998 5691 1107 5729 non
1156 5676 1338 5739 habet,
1388 5677 1693 5731 contineret
1732 5676 1783 5731 id
1836 5676 1980 5746 quod
2020 5681 2165 5746 prin-

2258 4573 2416 4643 εῐπερ
2450 4572 2608 4641 φύσις
2651 4574 2683 4642 ἡ
2715 4575 3007 4643 ἀγεννησία
3050 4574 3337 4643 νομίζοιτο.
3370 4577 3431 4628 Ei
3462 4576 3516 4628 δὲ
3548 4578 3835 4649 ἀμφότερα

2259 4681 2341 4726 τις
2378 4664 2561 4717 ούσίαν
2607 4660 2745 4718 εἶναι
2789 4664 3059 4733 βιάζοιτο,
3100 4668 3318 4737 ἀνάγκη
3365 4670 3511 4721 πᾶσα
3560 4675 3710 4723 κατά
3751 4672 3835 4723 τὸν

2260 4756 2588 4810 ἀποδοθέντα
2618 4757 2709 4811 τοῦ
2744 4759 3005 4827 Εὐνομίου
3032 4758 3186 4827 λόγον
3212 4760 3468 4832 ἑκάτερον
3498 4762 3610 4813 τῶν
3635 4764 3836 4833 ὀνομα-

2261 4863 2368 4897 των
2390 4847 2531 4899 κατὰ
2559 4848 2656 4917 τὴν
2687 4849 3008 4919 ὲγκειμένην
3037 4850 3270 4918 ἔμφασιν
3298 4852 3391 4905 καὶ
3420 4853 3478 4904 ὲν
3507 4852 3585 4921 τῷ
3614 4853 3720 4923 τῆς
3750 4856 3835 4907 ού-

2264 4939 2382 5001 σίας
2412 4939 2554 5009 λόγῳ
2586 4940 2646 4992 τὸ
2684 4938 2822 4993 εἶναι
2868 4942 3010 5011 ἔχειν
3032 4982 3047 5006 ,
3085 4944 3335 4997 τοσοῦτον
3374 4945 3619 5016 ὑπάρχον
3654 4949 3834 5015 μόνον,

2263 5029 2385 5081 ὅσον
2420 5032 2451 5099 ἡ
2502 5032 2746 5099 σημασία
2790 5036 2889 5100 τῆς
2926 5036 3295 5106 προσηγορίας
3340 5037 3706 5091 ἐνδείκνυται·
3750 5039 3837 5090 καὶ

2263 5124 2433 5186 οὓτως
2468 5125 2684 5194 ἰσχυρὸς
2712 5127 2740 5178 ὁ
2765 5125 2860 5177 τοῦ
2894 5127 3155 5198 Εὐνομίου
3188 5128 3341 5195 λόγος
3372 5130 3681 5198 γενήσεται,
3721 5130 3837 5182 οὔτε

2264 5217 2357 5269 τοῦ
2386 5218 2618 5287 ἀνάρχου
2644 5217 2704 5269 τὸ
2731 5218 3079 5288 ἀτελεύτητον
3109 5219 3339 5288 ἔχοντος,
3361 5219 3482 5271 οὔτε
3510 5220 3605 5272 τοῦ
3629 5222 3840 5274 ἀτελευ-

2265 5310 2427 5373 τήτου
2459 5308 2520 5361 τὸ
2548 5307 2803 5378 ἄναρχον.
2841 5309 3055 5379 Ἐπειδὴ
3084 5308 3223 5362 κατὰ
3252 5310 3341 5361 τὸν
3368 5309 3521 5376 λόγον
3552 5311 3723 5363 αὐτοῦ
3754 5313 3838 5363 καὶ

2265 5402 2423 5454 οὐσία
2449 5401 2557 5453 τῶν
2584 5401 2886 5471 εἰρημένων
2909 5401 3053 5453 ἐστὶν
3078 5401 3352 5471 ἑκάτερον,
3384 5403 3476 5453 καὶ
3502 5402 3756 5470 ἀμίκτως
3777 5405 3839 5455 τὰ

2265 5495 2358 5547 δύο
2372 5496 2490 5557 ταῖς
2504 5495 2729 5555 ἐννοίαις
2748 5492 2859 5563 ἔχει
2872 5492 3235 5563 προσάλληλα,
3254 5493 3348 5545 καὶ
3365 5491 3485 5545 οὔτε
3501 5494 3534 5563 ἡ
3550 5494 3697 5564 ἀρχὴ
3715 5495 3841 5564 πρὸς

2266 5587 2326 5639 τὸ
2345 5587 2492 5649 τέλος
2514 5587 2603 5640 τὸν
2623 5588 2784 5639 αὑτὸν
2808 5587 2919 5655 ἔχει
2938 5586 3112 5655 λόγον,
3148 5585 3270 5639 οὔτε
3289 5586 3355 5639 τὰ
3380 5588 3699 5657 ἀναιρετικὰ
3728 5587 3841 5638 τούς

2268 5697 2375 5731 των
2388 5680 2474 5732 ὀνό
2481 5698 2583 5750 ματ
2591 5680 2980 5750 αξπροσάλληλα
2993 5682 3109 5741 ταῖς
3122 5681 3419 5751 σημασίαις
3432 5681 3788 5750 συμφέρεται.

598 5769 731 5839 cipii
761 5776 844 5824 est
872 5782 1086 5840 expers.
1113 5768 1381 5833 Quoniam
1433 5770 1728 5825 secundum
1756 5770 1873 5840 ejus
1951 5772 2213 5826 rationem
2250 5786 2436 5826 eorum
2470 5788 2591 5841 qua:
2620 5772 2766 5827 dicta
2817 5783 2962 5835 sunt,
3011 5778 3301 5842 utrumque
3338 5782 3420 5829 est
3491 5773 3752 5834 essentia,
3789 5778 3843 5824 ct
