4006 6486
207 345 349 404 1089

1342 344 1628 400 CONTRA
1669 343 2056 411 EUNOMIUM,
2099 342 2228 397 LIB.
2270 343 2387 402 XII.

3332 352 3468 410 £090

200 462 315 515 duo
374 457 487 513 haec
555 459 698 513 inter
764 474 825 513 se
899 460 1105 513 mutuis
1176 460 1491 517 nationibus
1566 476 1676 515 non
1739 460 2172 531 permiscentur,
2240 474 2419 527 neque
2471 462 2800 533 principium
2861 481 2984 519 cum
3048 465 3154 521 ﬁne
3196 470 3471 525 eamdem

199 552 468 605 rationem
534 551 717 619 habet,
799 566 976 622 neque
1020 566 1140 622 quae
1204 554 1318 607 haec
1375 554 1485 607 vim
1553 552 1835 608 auferendi
1905 552 2110 606 habent
2183 554 2427 618 nomina,
2490 554 2633 609 inter
2694 570 2754 610 se
2815 556 3198 627 signiﬁcantiis
3244 574 3472 631 compo-

201 651 429 697 nuntur.

282 734 371 794 Ὠς
412 732 457 785 δ’
490 732 553 786 ἂν
592 734 685 785 καὶ
729 733 892 796 αὐτὸς
924 734 1170 804 ἐπιγνοίη
1201 734 1293 785 τὸν
1326 733 1456 787 ῐδιον
1488 733 1671 804 λῆρον,
1722 736 1783 786 ἐκ

1959 732 2032 787 Ut
2067 743 2246 788 autem
2305 750 2436 790 suas
2490 736 2607 805 ipse
2656 752 2827 806 nugas
2872 747 3154 808 agnoscat.
3198 755 3261 795 ex
3322 742 3470 797 illius

198 821 309 873 τῶν
348 824 478 893 παρ’
521 823 728 876 ἐκείνου
765 824 1034 894 ῥηθέντων
1078 824 1230 876 ἔσται
1273 826 1302 877 6
1348 824 1585 895 ἔλεγχος.
1622 824 1782 892 Λέγει

200 915 314 981 γάρ
347 918 457 977 τοῖς
494 917 781 986 ἡμετέροις
818 916 1139 985 μαχόμενος,
1180 916 1259 967 ὅτι
1292 916 1320 967 6
1352 915 1484 978 Θεὸς
1517 918 1609 970 καὶ
1643 916 1784 969 κατὰ

201 1004 263 1056 τὸ
294 1004 647 1076 ἀτελεύτητον
681 1008 826 1059 ἐστιν
856 1007 1147 1075 ἁγέννητος
1170 1046 1184 1068 ,
1222 1008 1314 1059 καὶ
1353 1006 1491 1060 κατά
1529 1007 1588 1058 τὸ
1620 1008 1783 1074 ἀγέν-

200 1114 365 1165 νητον
392 1097 762 1169 ἀτελεύτητος,
797 1098 871 1161 ὡς
904 1100 1030 1168 μιᾶς
1058 1099 1164 1150 τῶν
1194 1100 1471 1170 ὀνομάτων
1504 1101 1562 1152 ἐν
1592 1099 1784 1153 ἑκατέ-

205 1205 323 1258 ροις
352 1187 517 1260 οὔσης
547 1191 858 1259 ἐμφάσεως.
900 1192 962 1243 Εί
992 1190 1166 1244 τοίνυν
1194 1192 1286 1244 καὶ
1316 1192 1455 1245 κατὰ
1483 1192 1542 1244 τὸ
1567 1191 1786 1244 ἀτελεύ-

204 1281 368 1349 τητὸν
406 1282 550 1334 ἐστιν
577 1281 887 1351 ἁγέννητος,
916 1284 1011 1335 καὶ
1048 1284 1240 1336 ταύτόν
1280 1287 1394 1337 ἐστι
1422 1284 1563 1337 κατὰ
1590 1285 1651 1337 τὺ
1686 1302 1785 1355 ση-

208 1372 532 1442 μαινόμενον
560 1372 619 1425 τὺ
642 1374 991 1445 ἀτελεύτητον
1016 1392 1074 1429 τε
1104 1378 1196 1429 καὶ
1225 1376 1535 1446 ἀγέννητον,
1568 1377 1787 1430 ἁτελεύ·

204 1480 368 1532 τητον
398 1464 452 1516 δὲ
486 1466 577 1515 καὶ
606 1464 696 1515 τὸν
726 1465 851 1518 Υἱὸν
880 1462 1017 1519 εἶναι
1052 1467 1375 1533 συντίθεται,
1406 1468 1699 1540 ἀγέννητον
1724 1470 1787 1521 ἐκ

205 1555 307 1624 τῆς
350 1556 666 1619 ἀκολουθίας
706 1557 908 1627 ταύτης
953 1561 1043 1612 καὶ
1085 1558 1177 1613 τὸν
1226 1560 1351 1613 Υίὺν
1394 1563 1512 1614 κατ’
1546 1562 1787 1633 ἀνάγκην

207 1645 552 1716 συνθήσεται,
594 1650 749 1721 εἴπερ
790 1652 983 1704 ταύτόν
1030 1654 1165 1717 ἐστι,
1213 1652 1395 1716 καθὼς
1451 1653 1659 1724 εἴρηκε,
1711 1654 1788 1725 τῷ

205 1737 430 1807 ἀνάρχῳ
452 1738 511 1790 τὸ
532 1739 900 1811 ἀτελεύτητον.
950 1742 1034 1805 Ὠς
1057 1742 1164 1814 γάρ
1185 1744 1240 1795 ἐν
1268 1742 1345 1812 τῷ
1365 1742 1644 1813 ἀγεννήτῳ
1665 1741 1788 1813 βλέ-

204 1848 301 1885 πει
341 1832 401 1885 τὸ
434 1833 808 1904 ἀτελεύτητον,
848 1836 1018 1899 οὕτως
1063 1836 1315 1907 ὁμολογεῖ
1354 1836 1663 1906 νενοηκέναι
1698 1838 1790 1890 καὶ

203 1924 267 1975 ὲν
296 1922 373 1996 τῷ
404 1926 745 1997 ἀτελευτήτῳ
782 1926 841 1979 τὸ
871 1927 1123 1999 ἄναρχον.
1158 1929 1230 1980 Ού
1263 1927 1371 1999 γὰρ
1401 1926 1465 1980 ἂν
1495 1929 1553 1979 ὲν
1583 1927 1660 1997 τῷ
1693 1927 1791 1998 [σῳ

202 2016 307 2089 τὴν
329 2017 435 2069 τῶν
464 2018 739 2088 ὀνομάτων
762 2020 1103 2090 ἀναστροφὴν
1134 2021 1445 2088 ἐποιήσατο.
1494 2019 1653 2072 Ἀλλὰ
1684 2019 1788 2088 φύ-

1888 822 2049 879 dictis
2081 807 2183 878 erit
2236 826 2527 891 refutatio;
2580 825 2714 881 dicit
2760 807 2926 882 enim
2960 831 3166 885 nostris
3194 847 3467 901 pugnans,

1889 916 2035 985 quod
2068 914 2209 970 Deus
2232 925 2284 970 et
2328 916 2627 971 secundum
2673 919 2726 972 id
2768 919 2915 989 quod
2960 922 3065 974 line
3096 932 3245 975 caret
3268 933 3351 978 est
3381 924 3471 977 in-

1889 1006 2123 1076 genitus,
2165 1014 2217 1058 et
2234 1006 2532 1060 secundum
2583 1008 2727 1074 quod
2756 1008 3056 1077 ingenitum
3084 1018 3190 1073 est,
3227 1019 3311 1066 est
3344 1012 3469 1067 ﬁnis

1890 1109 2107 1163 expers.
2143 1109 2207 1147 ac
2239 1095 2283 1149 si
2329 1095 2615 1165 utriusque
2668 1096 2906 1151 nominis
2940 1107 3085 1151 esset
3122 1114 3228 1152 una
3259 1101 3471 1170 signiﬁ-

1892 1185 2055 1238 catio.
2087 1186 2146 1238 Si
2194 1186 2363 1254 igitur
2412 1196 2463 1241 et
2515 1187 2816 1241 secundum
2859 1186 2911 1240 id
2961 1190 3107 1257 quod
3148 1190 3305 1245 finem
3360 1208 3469 1248 non

1894 1273 2054 1327 habet
2085 1285 2166 1329 est
2202 1276 2493 1345 ingenitus,
2524 1284 2576 1330 et
2612 1277 2750 1330 idem
2776 1278 3072 1332 secundum
3108 1282 3471 1350 signiﬁcatum

1892 1366 1951 1419 τὸ
1967 1366 2313 1437 ἀτελεύτητον
2331 1368 2494 1437 (quod
2517 1368 2673 1423 ﬁnem
2706 1384 2814 1422 non
2848 1371 3063 1442 liabet,)
3099 1382 3151 1426 et
3180 1374 3473 1445 ἀγέννητον

1894 1458 2061 1528 (quod
2091 1468 2174 1513 est
2200 1460 2549 1529 ingenitum.)
2574 1459 2771 1515 Filium
2798 1474 2976 1516 autem
3005 1465 3165 1517 etiam
3184 1466 3474 1537 ἀτελεύτη-

1894 1566 1983 1601 τον
2000 1551 2163 1603 linem
2198 1566 2307 1603 non
2329 1551 2525 1605 habere
2548 1554 2869 1615 assentitur,
2890 1569 2955 1607 ex
2976 1554 3077 1607 hac
3098 1558 3471 1627 consequendi

1896 1643 2225 1697 necessitate
2248 1644 2414 1696 etiam
2446 1642 2641 1697 Filium
2671 1646 2976 1715 ingenitum
3008 1662 3130 1701 esse
3157 1652 3471 1704 necessario

1895 1734 2266 1799 confitebitur,
2300 1736 2568 1805 siquidem
2606 1737 2747 1791 idem
2780 1748 2891 1803 est,
2925 1739 3069 1793 sicut
3102 1739 3275 1807 dixit,
3309 1744 3469 1796 ﬁnem

1897 1843 2007 1881 non
2037 1827 2274 1892 habere,
2312 1844 2436 1883 cum
2476 1844 2540 1883 eo
2568 1828 2715 1898 quod
2748 1837 2830 1883 est
2859 1831 3131 1900 principio
3160 1848 3369 1887 carere.
3402 1830 3472 1887 Ut

1897 1922 2041 1975 enim
2082 1922 2133 1973 in
2168 1921 2413 1991 ingenito
2446 1922 2594 1976 videt
2628 1922 2773 1992 quod
2808 1922 2968 1977 ﬁnem
3007 1941 3118 1979 non
3154 1926 3353 1992 habet,
3389 1930 3471 1982 sic

1898 2011 2191 2065 confitetur
2225 2014 2277 2065 in
2308 2027 2373 2066 eo
2399 2012 2543 2081 quod
2590 2013 2747 2067 ﬁnem
2792 2014 2955 2069 habet
3003 2016 3378 2082 intellexisse,
3413 2019 3470 2073 id

206 2126 292 2161 σει
331 2110 424 2162 καὶ
464 2111 524 2163 οὺ
576 2110 873 2182 παραθέσει
921 2112 1028 2165 τῶν
1073 2111 1302 2176 αἰώνων,
1350 2113 1535 2183 φησιν,
1584 2115 1612 2165 6
1661 2112 1793 2176 Θεὸς

1897 2103 2042 2172 quod
2072 2104 2326 2174 principii
2360 2114 2445 2158 est
2470 2120 2668 2174 expers
2689 2144 2704 2167 ,
2738 2122 2845 2159 non
2877 2111 3021 2161 enim
3054 2109 3109 2163 in
3141 2111 3335 2180 aequali
3368 2126 3471 2164 no-

205 2201 357 2255 ὲστιν
392 2202 703 2273 ἀγέννητος.
746 2204 842 2267 Τίς
874 2205 928 2257 δὲ
964 2206 992 2258 6
1037 2204 1165 2275 περὶ
1207 2203 1412 2258 τούτων
1458 2204 1791 2275 μαχόμενος,

205 2292 272 2344 τὸ
298 2292 371 2361 μη
407 2292 563 2361 φύσει
604 2295 692 2346 τὸν
722 2293 853 2347 Θεὸν
899 2295 1007 2347 πᾶν
1046 2290 1184 2347 εἶναι
1231 2296 1258 2348 ὃ
1330 2313 1380 2348 τι
1416 2296 1509 2348 καὶ
1542 2295 1789 2362 λέγεταις

208 2384 322 2436 Καὶ
358 2384 465 2453 γὰρ
509 2384 599 2436 καὶ
625 2384 851 2443 δίκαιον,
897 2385 989 2437 καὶ
1022 2384 1266 2446 δυνατὸν,
1309 2384 1401 2436 καὶ
1434 2383 1670 2453 Πατέρα,
1702 2383 1793 2435 καὶ

208 2474 505 2543 ἄφθαρτον,
534 2473 656 2527 οὕτε
682 2478 747 2546 τῇ
774 2476 907 2547 πρὸς
935 2477 1059 2537 τοὺς
1088 2475 1289 2538 αἰῶνας
1319 2474 1614 2545 παραθέσει
1642 2473 1795 2542 λέγο-

213 2583 315 2635 μεν
346 2565 435 2617 τὸν
457 2566 587 2620 Θεὸν
608 2564 767 2629 εἶναι,
796 2567 917 2620 οὒτε
950 2571 1015 2638 τῇ
1038 2568 1171 2636 πρὸς
1200 2567 1383 2637 ἕτερόν
1411 2584 1460 2619 τι
1487 2566 1595 2618 τῶν
1620 2566 1793 2618 ὄντων

209 2657 478 2729 ἀναφορᾷ,
506 2658 639 2711 ἀλλά
683 2660 809 2730 περὶ
836 2660 967 2713 αὐτὸ
996 2658 1055 2711 τὸ
1089 2658 1473 2727 ὑποκείμενον,
1506 2659 1533 2710 ὅ
1583 2655 1633 2709 τί
1664 2673 1792 2709 ποτε

209 2750 354 2803 κατὰ
382 2751 479 2821 τὴν
510 2750 669 2819 φύσιν
698 2753 864 2813 ἐστὶν,
894 2752 1072 2804 πᾶσαν
1097 2750 1294 2819 εὐσεϐῆ
1315 2748 1625 2820 θεωροῦμεν
1658 2749 1790 2801 ὑπό-

208 2843 408 2913 ληψιν·
468 2842 543 2905 ὡς
584 2844 697 2911 εἴγε
757 2844 877 2897 καθ’
921 2842 1176 2895 ὑπόθεσιν
1214 2843 1349 2911 μήτε
1374 2841 1526 2906 αἰὼν,
1574 2842 1709 2911 μήτε
1742 2858 1793 2893 τι

208 2934 339 2988 ἄλλο
370 2932 478 2987 τῶν
507 2934 648 2987 κατά
676 2934 773 3005 τὴν
808 2934 981 2987 κτίσιν
1010 2934 1312 2997 νοουμένων
1340 2933 1790 3002 δεδημιούργητο,

210 3026 365 3079 οὐδὲν
395 3021 556 3096 ἦττον
582 3022 650 3096 ἦν
679 3026 743 3079 ἂν
776 3028 803 3078 ὀ
836 3026 987 3088 Θεὸς,
1027 3026 1161 3094 ὅπερ
1200 3024 1294 3076 νῦν
1334 3020 1472 3077 εἶναι
1503 3023 1793 3076 πεπίστευ-

210 3133 322 3179 ται,
352 3117 504 3169 οὐδὲν
543 3116 649 3169 τῶν
678 3116 887 3170 αἰώνων
922 3119 999 3179 εἰς
1022 3116 1082 3168 τὸ
1111 3116 1360 3183 γενέσθαι
1395 3116 1423 3168 6
1455 3117 1593 3182 ἐστι,
1627 3131 1794 3185 προσο

212 3208 480 3281 δεόμενος.
524 3210 663 3263 Ἀλλ’
690 3212 789 3263 οὐκ
824 3211 1178 3276 ἐπείσακτον,
1212 3212 1406 3282 φησιν,
1442 3211 1559 3264 οὐδὲ
1610 3209 1795 3262 σύνθε-

210 3317 324 3364 τον,
344 3301 463 3353 οὐδὲ
484 3300 736 3373 διάφορον
762 3302 871 3372 ἔχει
896 3304 1057 3374 ζωήν.
1088 3303 1258 3365 Αύτὺς
1276 3303 1383 3372 γάρ
1401 3306 1545 3355 ἐστιν
1570 3305 1602 3372 ἡ
1630 3302 1795 3365 ἀΐδιος

214 3390 348 3463 ζωὴ,
377 3394 495 3446 κατ’
524 3394 692 3464 αὐτὴν
726 3396 822 3465 τὴν
853 3395 995 3465 ζωὴν
1026 3394 1310 3458 ἀθάνατος,
1341 3397 1464 3448 κατ’
1500 3394 1667 3464 αὐτὴν
1695 3393 1793 3463 τὴν

212 3486 509 3539 ἀθανασίαν
553 3485 842 3556 ἄφθαρτος.
884 3485 1066 3541 Ταῦτα
1100 3488 1193 3540 καὶ
1240 3489 1365 3556 περὶ
1416 3486 1506 3538 τοῦ
1554 3487 1792 3553 Μονογε-
1821 3459 1863 3516 c

211 3570 337 3639 νοῧς
386 3576 804 3645 μεμαθήκαμεν,
850 3578 942 3629 καὶ
982 3578 1010 3628 6
1042 3577 1337 3644 ἀντιλέγων
1371 3578 1468 3628 οὒκ
1516 3576 1694 3638 ἔστιν,
1744 3576 1792 3627 εἰ

217 3668 291 3736 μή
332 3683 416 3729 τις
445 3666 551 3736 ἄρα
590 3670 709 3730 ταῖς
758 3666 1002 3719 Ἰωάννου
1034 3671 1237 3735 φωναῖς
1269 3669 1332 3720 ἐκ
1360 3666 1452 3719 τοῦ
1487 3665 1792 3737 προφανοῦς

209 3757 548 3827 διαμάχοιτο.
601 3756 737 3809 Οὔτε
793 3758 900 3829 γὰρ
948 3758 1245 3828 ἐπεισήχθη
1296 3756 1375 3827 τῷ
1421 3755 1603 3826 rupi)
1657 3755 1790 3826 ζωή.

224 3848 372 3919 Ἐγὼ
403 3849 509 3922 γάρ
536 3852 669 3917 ειμι,
698 3851 881 3918 φησιν,
908 3850 947 3916 ἡ
971 3850 1099 3915 ζωή.
1130 3849 1268 3903 υῦτε
1294 3847 1543 3911 σύνθετος
1564 3847 1727 3899 αὑτοῦ
1758 3849 1790 3917 ἡ

212 3944 349 4011 ζωῇ,
404 3939 527 3994 οὔτε
574 3941 848 4012 διάφορος,
883 3942 1020 3995 ἀλλά
1068 3941 1207 3995 κατὰ
1256 3940 1457 4011 ταύτην
1499 3940 1598 4010 τὴν
1646 3938 1791 4008 ζωήν

210 4033 357 4084 ἐστιν
390 4032 674 4095 ἀθάνατος.
721 4033 833 4085 Τίνι
879 4034 987 4101 γὰρ
1032 4034 1095 4087 ἄν
1132 4051 1211 4096 τις
1245 4032 1389 4103 ἄλλῳ
1418 4031 1477 4085 τὸ
1524 4031 1790 4084 ἀθάνατον

212 4122 352 4193 πλὴν
381 4124 438 4174 ὲν
475 4122 583 4193 ζωῇ
617 4123 946 4193 θεωρήσειε;
991 4126 1097 4176 Καὶ
1125 4124 1243 4177 κατ’
1271 4123 1438 4195 αὐτὴν
1467 4123 1565 4193 τὴν
1591 4123 1792 4176 ἀθανα-

212 4211 355 4273 σίαν,
388 4211 673 4284 ἄφθαρτος
721 4215 793 4266 Τὸ
824 4216 931 4287 γὰρ
962 4216 1190 4269 θανάτου
1225 4219 1491 4288 κρεῖττον,
1535 4216 1629 4269 καὶ
1661 4215 1792 4283 φθο-

212 4306 316 4374 ρᾶς
348 4306 563 4367 πάντως
590 4307 735 4357 ἐστὶν
778 4307 1143 4363 ἀνεπίδεκτον.
1187 4308 1362 4380 Μέχρι
1406 4307 1595 4360 τούτου
1631 4307 1724 4360 καὶ
1762 4309 1792 4359 6

209 4392 478 4463 ἡμέτερος
517 4394 705 4447 ἕπεται
738 4396 915 4463 λόγος.

1897 2196 2103 2249 minum
2136 2198 2546 2252 conversionem
2578 2198 2817 2254 fecisset.
2850 2200 2956 2254 Sed
2988 2210 3185 2258 natura
3207 2244 3222 2267 ,
3256 2203 3469 2273 inquit,

1895 2296 1946 2339 et
1981 2302 2088 2339 non
2121 2287 2450 2341 saaculurum
2488 2287 2835 2357 appositione
2871 2288 3015 2344 Deus
3048 2300 3133 2346 est
3169 2292 3468 2362 ingenitus.

1896 2374 2029 2441 Quis
2062 2378 2129 2430 de
2157 2393 2221 2431 eo
2250 2378 2586 2443 contendat,
2623 2379 2789 2434 Deum
2823 2397 2932 2435 non
2963 2392 3162 2437 natura
3206 2384 3260 2438 id
3307 2401 3470 2441 omne

1895 2482 2019 2520 esse
2045 2468 2188 2535 quod
2223 2468 2383 2521 etiam
2411 2467 2661 2521 dicitur?
2690 2469 2901 2525 Etenim
2933 2481 2987 2525 et
3013 2472 3222 2540 justum
3244 2513 3259 2536 ,
3290 2483 3343 2529 et
3373 2491 3471 2545 po-

1894 2567 2133 2623 tentem,
2169 2570 2221 2614 et
2256 2559 2503 2626 Patrem,
2534 2573 2588 2616 et
2615 2563 3088 2635 incorruptibilem
3117 2584 3133 2633 ;
3167 2584 3342 2638 neque
3370 2586 3471 2625 saa-

1894 2654 2145 2705 culorum
2196 2654 2543 2722 appositione
2594 2654 2763 2710 Deum
2816 2672 2941 2713 esse
2987 2658 3259 2723 dicimus,
3296 2677 3473 2733 neque

1894 2759 2017 2798 cum
2051 2745 2222 2799 altero
2254 2760 2445 2799 eorum
2476 2762 2598 2815 qua:
2632 2755 2762 2801 sunt
2791 2749 3098 2815 relatione;
3134 2750 3230 2805 sed
3263 2753 3317 2806 in
3351 2754 3472 2824 ipso

1896 2835 2143 2904 subjecto
2162 2876 2177 2900 ,
2207 2837 2474 2906 quidquid
2501 2838 2719 2893 tandem
2749 2841 3049 2895 secundum
3076 2849 3326 2897 naturam
3350 2856 3468 2913 est,

1896 2942 2111 2982 onmem
2153 2930 2299 2999 piam
2334 2931 2649 2999 Opinionem
2681 2934 3157 3002 contemplemur:
3204 2946 3262 2991 ut
3308 2940 3355 2992 si
3403 2955 3469 2994 ex

1896 3021 2270 3090 suppositione
2316 3038 2494 3091 neque
2538 3025 2841 3090 szeculum,
2888 3042 3068 3096 neque
3112 3028 3264 3083 aliud
3312 3032 3473 3100 quid-

1894 3130 2055 3182 quam
2085 3130 2305 3180 eorum,
2359 3132 2483 3186 qua:
2538 3118 2840 3172 secundum
2891 3122 3223 3177 creationem
3269 3125 3471 3180 intelli-

1895 3213 2119 3273 guntur,
2167 3215 2313 3260 esset
2362 3208 2681 3274 conditum,
2724 3210 3088 3267 nihilominus
3136 3224 3284 3270 esset
3327 3216 3472 3273 Deus

1894 3297 2038 3365 quod
2074 3312 2218 3349 nunc
2251 3313 2374 3352 esse
2404 3300 2676 3353 creditum
2714 3310 2830 3363 est,
2864 3302 2999 3355 nihil
3032 3313 3090 3357 ιιι
3116 3306 3187 3359 sit
3216 3308 3362 3376 quod
3389 3319 3472 3364 est

1897 3389 2113 3443 szeculis
2143 3389 2417 3457 indigens.
2463 3390 2568 3444 Sed
2613 3393 2691 3444 ait
2732 3409 2915 3463 neque
2956 3394 3343 3463 adventitiam,
3376 3416 3473 3456 ne-

1900 3496 2007 3548 que
2036 3483 2400 3550 compositam
2425 3524 2439 3547 ,
2472 3499 2649 3553 neque
2679 3484 3019 3540 differentem
3049 3487 3254 3545 habere
3281 3492 3470 3546 vitam.

1901 3573 2020 3641 Ipse
2048 3574 2191 3627 enim
2226 3582 2311 3627 est
2341 3583 2541 3629 aeterna
2576 3576 2683 3628 vita
2706 3615 2720 3638 ,
2756 3577 3060 3632 secundum
3095 3580 3274 3649 ipsam
3302 3582 3470 3636 vitam

1900 3665 2254 3725 immortalis.
2293 3666 2594 3719 secundum
2642 3667 3105 3725 immortalitatem
3140 3672 3473 3743 incorrupti-

1900 3754 2045 3808 bilis.
2083 3753 2206 3807 llaec
2236 3756 2398 3808 etiam
2433 3755 2500 3809 de
2551 3754 2840 3825 Uuigenito
2886 3759 3200 3816 didicimus.
3232 3761 3341 3818 Nec
3388 3773 3473 3819 est

1898 3846 1988 3914 qui
2022 3846 2399 3909 contradicat,
2434 3848 2539 3900 nisi
2568 3846 2797 3902 Joannis
2826 3851 3054 3906 vocibus
3083 3868 3150 3906 ex
3182 3859 3471 3925 propatulo

1899 3946 2182 4006 repugnet.
2218 3935 2407 4005 Neque
2434 3939 2579 3990 enim
2610 3936 2748 3991 Filio
2775 3941 2883 3992 vita
2916 3941 3139 3996 aliunde
3163 3944 3335 3998 ascita
3361 3956 3465 4001 est.

1900 4025 2010 4096 Ego
2067 4028 2209 4080 enim
2255 4044 2404 4088 sunt,
2436 4026 2647 4096 inquit,
2694 4029 2799 4081 vita
2834 4029 2903 4083 ".
2961 4028 3145 4099 Neque
3189 4033 3308 4101 ejus
3362 4036 3469 4090 vita

1897 4122 2240 4189 composita.
2276 4136 2451 4188 neque
2499 4118 2790 4182 differens,
2830 4122 2920 4175 sed
2974 4123 3274 4178 secundum
3329 4125 3469 4182 lianc
3546 4133 3561 4150 '

1895 4212 2059 4265 vitam
2092 4220 2174 4265 est
2206 4212 2552 4266 immortalis.
2591 4211 2646 4265 In
2680 4228 2789 4281 quo
2832 4214 2974 4266 enim
3021 4215 3129 4268 alio
3177 4218 3321 4285 quod
3370 4219 3469 4271 im-

1898 4304 2126 4355 mortale
2145 4312 2248 4365 est,
2270 4312 2627 4372 prmterquam
2654 4303 2707 4357 in
2732 4304 2861 4366 vita,
2882 4308 3386 4376 contemplaretur?
3408 4310 3471 4365 Et

1901 4395 2205 4449 secundum
2242 4394 2411 4462 ipsam
2450 4394 2909 4447 immerlalitateni
2955 4397 3386 4467 incorruptibilis
3418 4415 3471 4457 et

210 4492 390 4536 morte
427 4486 716 4553 potentior,
748 4494 909 4554 atque
952 4503 1179 4556 prorsus
1224 4488 1479 4543 interitus
1510 4487 1687 4541 omnis
1716 4498 1797 4541 est
1831 4502 2045 4555 expers.
2082 4483 2359 4537 Hactenus
2389 4499 2569 4536 sermo
2601 4492 2789 4538 noster
2816 4485 2978 4540 dictis
3008 4490 3328 4546 assentitur.

286 4574 387 4625 Τὸν
424 4574 480 4627 δὲ
534 4580 1019 4649 συγγεγραμμένον
1071 4582 1184 4643 τοῖς
1234 4581 1540 4652 εἰρημένοις
1589 4579 1797 4650 γρῖφον.

211 4665 604 4736 ἑρμηνεύοντες
630 4670 677 4720 οἱ
708 4672 771 4740 τῇ
804 4670 1101 4740 Προυνίκου
1128 4670 1289 4741 σοφίᾳ
1311 4670 1797 4741 ὲγγυμνασθέντεςο

210 4757 272 4823 ἐξ
308 4760 519 4829 ἐκείνης
548 4760 654 4831 γὰρ
682 4761 827 4813 δοκεῖ
859 4779 947 4832 μοι
1000 4765 1098 4833 τῆς
1150 4763 1505 4833 παρασκευῆς
1546 4763 1614 4815 τὰ
1652 4763 1803 4832 εἰρη-

216 4848 355 4919 μένα
404 4850 840 4919 προενηνοχέναι.
888 4851 953 4904 Τί
1000 4853 1108 4921 γάρ
1156 4869 1354 4921 φησιν;
1390 4853 1676 4918 Ἀναρχος
1718 4848 1803 4901 ὢν

210 4938 516 5008 ἀνάρχως,
547 4940 872 5008 ἀγέννητός
900 4942 1067 4995 ἐστιν
1087 4940 1445 5010 ἀγεννήτως,
1481 4941 1798 5008 ἀτελεύτηο

211 5032 317 5095 τός
365 5031 535 5083 ἐστιν
569 5031 1003 5100 ἀτελευτήτως,
1048 5032 1187 5085 οὔτε
1220 5032 1347 5085 καθ’
1385 5031 1609 5098 ἕτερον,
1658 5031 1795 5085 οὔτε

210 5126 287 5181 δι’
331 5126 554 5194 ἕτερον,
602 5128 739 5181 οὔτε
775 5127 925 5197 πρὸς
965 5127 1171 5197 ἕτερον
1206 5128 1552 5197 λεγόμενον.
1599 5128 1655 5179 '0
1689 5128 1796 5199 γὰρ

216 5217 630 5289 κεκαθαρμένος
648 5218 745 5289 τὴν
766 5219 954 5289 ἀκοὴν,
979 5220 1071 5272 καὶ
1099 5219 1399 5290 διορατικὸς
1422 5219 1517 5289 τὴν
1538 5218 1794 5281 διάνοιαν,

210 5305 321 5362 οἶδε
352 5310 446 5362 καὶ
475 5310 579 5379 πρὸ
606 5310 714 5363 τῶν
745 5311 893 5381 ἐμῶν
930 5311 1123 5380 λόγων,
1155 5312 1234 5364 ὃτι
1257 5312 1397 5381 πλὴν
1430 5309 1522 5363 τοῦ
1550 5313 1793 5378 πατάγου

214 5402 319 5451 τνῗλν
349 5400 647 5470 ὀνομάτων,
668 5402 704 5455 ἃ
728 5406 793 5473 τῇ
819 5402 1088 5474 ἀλλοκότῳ
1113 5403 1292 5457 αὐτῶν
1320 5403 1605 5473 συμπλοκῇ
1637 5420 1797 5455 κατε-

216 5512 245 5545 κ
254 5495 501 5563 ρὸτησεν,
529 5495 680 5547 οὐδὲν
709 5498 851 5565 ἴχνος
878 5496 1308 5567 ὲπιστημονικῆς
1336 5496 1573 5558 διανοίας
1598 5497 1653 5547 ἐν
1684 5497 1796 5557 τοῖς

214 5586 523 5654 εἰρημένοις
549 5572 880 5657 εὑρίσκεται.
906 5588 966 5640 Εἰ
990 5586 1046 5639 δὲ
1075 5586 1182 5658 ἄρα
1205 5604 1286 5649 τις
1320 5586 1412 5638 καὶ⁵
1439 5585 1567 5639 σκιά
1591 5586 1794 5655 νοήμα-

214 5693 325 5737 τος,
360 5675 436 5745 τῷ
462 5675 616 5747 ψόφῳ
647 5678 754 5729 τῶν
789 5677 1047 5750 ῥημάτων
1081 5678 1406 5751 ὲνευρεθείη,
1438 5680 1473 5749 ἢ
1507 5677 1700 5740 ἀσεϐὲς
1734 5676 1795 5731 τὸ

286 5814 331 5847 δ’
368 5814 521 5870 Juan.
548 5832 624 5883 ιι,
652 5816 742 5871 25.

1972 4578 2286 4646 Ascriptum
2319 4587 2501 4631 autem
2534 4580 2587 4631 in
2625 4580 2981 4647 sequentibus
3010 4581 3263 4650 griplmm
3302 4583 3471 4638 inter-

1900 4678 2205 4740 pretentur,
2235 4671 2326 4739 qui
2363 4672 2414 4723 in
2443 4668 2664 4723 Prunici
2693 4671 2956 4740 sapientia
2988 4683 3115 4726 sunt
3139 4676 3421 4728 exercitati
3449 4695 3463 4731 :

1898 4780 1965 4817 ex
1999 4764 2091 4815 illo
2120 4763 2265 4815 enim
2303 4776 2569 4833 apparatu
2604 4765 2733 4817 milii
2768 4764 2984 4819 videtur
3011 4783 3132 4834 quze
3162 4767 3303 4821 dicta
3337 4777 3467 4820 sunt

1905 4854 2222 4923 protulisse.
2260 4848 2401 4915 Quid
2434 4856 2575 4907 enim
2610 4854 2730 4907 ait?
2758 4853 2886 4907 Cum
2917 4856 2985 4908 sit
3010 4856 3255 4923 principii
3284 4872 3466 4923 expers

1902 4947 2014 4997 sine
2050 4944 2339 5012 principio,
2377 4945 2641 5013 ingenitus
2676 4961 2754 4999 est
2788 4928 3047 5015 ingenite,
3094 4948 3464 5002 interminatus

1898 5035 2264 5096 interminata,
2302 5033 2440 5103 quod
2475 5051 2634 5101 neque
2668 5036 2953 5087 secundum
3001 5036 3262 5100 alterum,
3307 5052 3468 5105 neque

1896 5138 2109 5195 propter
2158 5128 2421 5187 alterum,
2474 5142 2632 5194 neque
2685 5124 2753 5176 ad
2811 5124 3036 5177 alterunt
3090 5124 3308 5180 dicitur.
3362 5124 3466 5191 Qui

1899 5234 2085 5272 aurem
2119 5226 2402 5288 purgatam
2438 5216 2636 5280 habet,
2683 5224 2737 5269 et
2783 5212 3140 5284 intelligentia
3178 5227 3259 5271 est
3292 5218 3467 5271 solcrs

1900 5327 1963 5365 ac
1998 5310 2285 5379 perspicax
2310 5350 2322 5372 ,
2358 5318 2654 5377 antequam
2688 5308 2983 5378 quidquam
3021 5308 3283 5372 dixerim,
3315 5310 3465 5363 novit

1901 5412 2099 5473 praeter
2128 5401 2419 5455 verborum
2456 5398 2777 5467 strepitum,
2824 5414 2945 5467 quae
2974 5410 3283 5453 monstroso
3317 5399 3465 5469 ipso-

1898 5511 2021 5549 rum
2054 5494 2343 5563 complexu
2373 5492 2620 5559 crepuit,
2649 5492 2857 5544 nullum
2888 5492 3168 5543 scientiam
3196 5492 3464 5561 gignentia

1901 5583 2287 5654 intelligentia:
2316 5582 2603 5648 vestigium
2635 5581 2687 5633 in
2724 5582 2808 5633 liis
2837 5581 2999 5635 dictis
3028 5581 3277 5633 inveniri.
3311 5580 3465 5645 Quod

1902 5679 1944 5731 si
1978 5677 2157 5745 aliqua
2191 5672 2430 5727 notionis
2468 5672 2657 5726 umbra
2693 5673 2746 5727 in
2781 5674 2883 5727 huc
2918 5674 3204 5726 verborum
3233 5673 3465 5743 strepitu
