4006 6494
614 367 752 425 1091

1826 361 1887 417 S.
1926 354 2255 416 GREGORII
2281 355 2565 411 NYSSENI

3696 363 3797 419 139?.

612 483 835 537 inventa
873 479 1073 544 fuerit,
1099 480 1185 534 vel
1226 479 1372 550 quod
1416 479 1694 533 inventum
1739 476 2181 540 fnerit,omnino

2284 475 2503 547 εὑρεθὲν
2530 474 2679 527 ἔσται
2708 474 2942 536 πάντως,
2976 472 3007 541 ἢ
3036 470 3449 537 καταγέλαστον.
3486 471 3549 524 τί
3575 472 3667 545 γὰρ
3685 478 3786 533 vain

615 573 839 643 impium
872 573 1013 636 erit,
1044 573 1129 629 vel
1161 574 1475 628 ridiculum.
1531 571 1675 638 Quid
1706 572 1854 625 enim
1885 570 2197 644 intelligens

612 664 717 718 hoc
756 661 933 718 dicis?
985 662 1073 718 dic
1121 663 1277 719 mihi.
1329 665 1485 731 Quod
1530 663 1787 735 principii
1835 679 2031 734 expers
2080 668 2198 723 sine

615 756 722 811 fine
750 765 871 821 est,
908 765 963 811 et
993 756 1101 811 ﬁne
1127 771 1327 811 carens
1357 758 1573 826 absque
1607 755 1896 825 principio.
1934 756 2017 810 An
2051 758 2193 812 idem

615 855 777 916 putas
812 862 934 903 esse
968 848 1297 918 principium
1331 863 1455 902 cum
1496 847 1646 900 ﬁne?
1678 846 1743 899 Et
1779 846 1847 900 de
1884 863 1993 902 uno
2027 864 2193 905 sensu

614 938 752 992 duas
796 952 958 993 voces
1004 939 1215 1006 positas
1253 952 1409 998 esse,
1461 944 1519 989 nt
1567 933 1711 989 Petri
1741 943 1795 989 et
1825 933 2066 992 Simonis
2101 952 2195 1008 ap-

616 1030 943 1097 pellationes
975 1045 1143 1082 unum
1190 1028 1465 1097 quoddam
1513 1028 1823 1096 subjectum
1871 1030 2190 1095 declarant,

618 1123 892 1191 liujusque
934 1123 1108 1192 gratia
1162 1120 1628 1191 quemadmodum
1688 1121 2019 1191 principium
2065 1140 2190 1179 cum

618 1215 723 1268 ﬁne
765 1212 905 1267 idem
940 1229 1059 1267 esse
1096 1220 1253 1281 putas
1274 1256 1288 1277 ,
1327 1212 1406 1266 sic
1438 1213 1706 1282 copulans
1735 1213 1803 1267 ad
1830 1230 1994 1269 unam
2023 1217 2192 1287 signi-

618 1305 893 1359 ﬁcantiam
927 1306 1065 1358 duas
1100 1321 1264 1359 voces
1310 1306 1502 1359 horum
1551 1314 1847 1375 utrumque
1898 1309 2188 1370 tollentes.

617 1399 779 1452 finem
814 1398 935 1451 dico
973 1406 1027 1452 et
1062 1398 1392 1468 principium
1418 1439 1432 1463 ,
1472 1413 1537 1452 ex
1571 1413 1841 1454 converso
1876 1400 2188 1472 intelligens

616 1489 759 1543 idem
792 1504 913 1544 esse
944 1503 1069 1542 cum
1103 1488 1355 1559 principii
1388 1498 1642 1557 experte,
1677 1489 1729 1542 id
1765 1489 1910 1560 quod
1956 1489 2063 1545 ﬁne
2092 1507 2187 1545 ca-

614 1589 736 1646 ret,
763 1582 901 1635 duas
930 1596 1094 1635 voces
1125 1579 1386 1636 confusas
1417 1581 1558 1635 inter
1581 1598 1639 1637 se
1669 1598 1829 1635 unam
1864 1582 2063 1637 fecisti.
2090 1585 2186 1637 At-

614 1688 719 1743 que
757 1673 874 1727 haac
908 1673 1001 1726 tibi
1047 1674 1329 1726 nominum
1367 1674 1484 1727 vult
1511 1673 1821 1728 commistio
1843 1714 1858 1739 ,
1890 1688 2014 1729 cum
2047 1675 2187 1732 dicis

614 1766 917 1836 ingenitum
951 1781 1076 1820 esse
1109 1770 1248 1822 sine
1270 1766 1405 1829 ﬁne,
1439 1775 1495 1821 et
1541 1767 1647 1821 ﬁne
1685 1784 1881 1823 carens
1917 1771 2180 1839 ingenite.

542 1840 551 1851 ’
613 1856 901 1923 Quomodo
936 1858 991 1911 in
1024 1858 1109 1913 his
1139 1858 1304 1913 dictis
1356 1875 1463 1912 non
1514 1858 1836 1923 advertisti,
1892 1860 2038 1930 quod
2086 1863 2189 1917 im-
2220 1840 2261 1893 Β

614 1946 765 2019 pium
798 1956 883 2003 est
916 1950 1081 2003 simul
1124 1956 1178 2004 et
1218 1950 1366 2019 quod
1420 1949 1767 2004 ridiculum?
1818 1954 1877 2005 Si
1927 1954 2070 2007 enim
2121 1970 2188 2008 ex

613 2059 771 2113 aequo
803 2060 898 2113 per
930 2044 1073 2097 hanc
1109 2058 1302 2096 novam
1335 2042 1644 2099 mistionem
1679 2045 1963 2100 nominum
2004 2048 2060 2100 ﬁt
2104 2048 2189 2101 in-

614 2136 835 2197 versio,
865 2134 937 2188 ita
972 2143 1031 2189 ut
1067 2136 1369 2205 ingenitum
1404 2135 1475 2189 sit
1511 2135 1865 2191 interminate
1910 2138 2026 2194 sive
2070 2139 2189 2194 sine

615 2228 719 2281 ﬁne
751 2226 1087 2296 ingenitum,
1141 2234 1195 2280 et
1241 2226 1652 2280 interminatum
1698 2229 1812 2283 sive
1837 2228 1941 2285 ﬁne
1989 2246 2188 2286 carens

614 2321 685 2373 sit
716 2318 953 2386 ingenite
985 2317 1398 2372 interminatum
1429 2319 1545 2374 sive
1572 2318 1682 2374 ﬁne
1714 2334 1933 2384 carens,
1962 2324 2189 2378 omnino

613 2425 838 2465 necesse
861 2417 946 2464 est
973 2424 1134 2464 omne
1164 2409 1574 2463 interminatum
1604 2426 1712 2465 non
1744 2413 1902 2468 aliter
1927 2429 2051 2469 esse
2082 2416 2187 2471 nisi

612 2502 858 2570 ingenito
886 2500 1069 2556 fuerit.
1105 2500 1168 2555 Et
1196 2502 1275 2555 sic
1298 2502 1395 2555 tibi
1432 2502 1728 2567 invenitur,
1756 2520 1788 2559 ο
1818 2506 2150 2562 amicissime
2170 2550 2185 2570 ,

612 2596 931 2666 pervulgata
978 2604 1031 2648 et
1081 2595 1314 2648 multum
1367 2595 1497 2647 trita
1543 2595 1872 2666 ἀγεννησία,
1914 2613 2037 2667 quae
2072 2600 2188 2654 solo

610 2696 706 2742 tuo
750 2687 961 2755 judicio
1006 2685 1187 2742 Patris
1233 2688 1530 2741 essentiam
1584 2696 1738 2742 notat
1784 2698 1837 2744 et
1885 2692 2183 2761 exprimit,

609 2779 919 2833 communis
950 2778 1093 2831 facta
1122 2794 1247 2832 cum
1279 2778 1536 2833 omnibus
1563 2795 1683 2848 quae
1711 2780 1932 2836 interitu
1959 2792 2151 2839 carent
2170 2825 2185 2847 ,

608 2878 662 2922 et
695 2869 877 2922 omnia
906 2867 1114 2922 faciens
1144 2865 1293 2921 Patri
1325 2868 1822 2924 consubstantialia
1847 2911 1862 2936 ,
1898 2882 2185 2941 pr0pterea

608 2957 758 3029 quod
786 2958 1043 3013 omnibus
1085 2957 1346 3012 similiter
1375 2968 1674 3028 appareat,
1708 2962 1910 3030 quibus
1946 2978 2041 3033 per
2084 2965 2189 3018 im-

612 3050 998 3105 mortalitatem
1044 3050 1157 3103 vita
1212 3050 1265 3103 in
1310 3050 1585 3105 inﬁnitum
1636 3052 1917 3120 procedit,
1952 3054 2187 3109 archan-

608 3143 783 3212 gelis,
837 3144 1081 3213 angelis,
1134 3143 1392 3198 humanis
1442 3146 1685 3200 animis:
1737 3146 1972 3201 fortasse
2019 3151 2180 3204 etiam

611 3238 715 3307 ipsi
747 3237 1002 3310 potestati
1034 3251 1154 3307 qua:
1184 3235 1420 3301 defecit,
1455 3238 1677 3293 diabolo
1718 3246 1773 3293 et
1814 3238 2176 3296 daamonibus.

611 3330 669 3384 Si
696 3331 841 3385 enim
872 3328 1284 3405 interminatum
1326 3330 1441 3385 sive
1484 3329 1589 3385 ﬁne
1626 3345 1852 3394 carens,
1897 3340 1952 3386 et
1996 3332 2178 3386 incor-

2299 568 2456 621 τοῦτο
2492 568 2705 636 λέγεις;
2735 567 2869 621 Εἰπέ
2912 584 3021 635 μοι.
3064 565 3191 618 ’Ότι
3220 566 3449 635 ἄναρχος
3477 569 3612 622 ἐστιν
3636 574 3797 629 ἀτελευ,

2298 663 2474 733 τήτως
2496 702 2511 725 ,
2543 661 2639 714 καὶ
2666 659 3020 728 ἀτελεύτητος
3056 658 3326 731 ἀνάρχως.
3366 655 3433 711 Ἀ
3444 678 3510 731 ρα
3536 662 3702 719 ταύτὸν
3730 672 3800 725 οἴει

2298 754 2393 818 τὴν
2446 754 2622 825 ἀρχὴν
2662 747 2799 805 εἶναι
2837 750 2915 820 τῷ
2957 750 3134 814 τέλει;
3185 750 3295 804 Καὶ
3338 752 3457 804 καθ’
3492 753 3601 818 ἑνὸς
3644 759 3801 813 κεῖσθαι

2297 847 2566 915 νοήματος
2598 843 2697 907 τὰς
2724 844 2817 897 δύο
2846 843 3048 913 φωνὰς,
3080 842 3156 905 ὡς
3180 841 3385 914 Πέτρου
3414 845 3507 896 καὶ
3540 846 3743 915 Σίμωνος
3765 854 3801 903 αξ

2298 938 2656 1009 προσηγορίαι
2678 936 2736 989 ’ἐν
2760 954 2810 989 τι
2839 937 2899 989 τὸ
2927 937 3281 1005 ὑποκείμενον
3309 935 3375 987 δι’
3400 936 3597 989 ἑαυτῶν
3619 938 3800 1008 δηλοῦσι,

2296 1034 2392 1087 καὶ
2419 1033 2608 1086 τούτου
2646 1033 2804 1104 χάριν
2837 1031 3025 1101 ὥσπερ
3067 1030 3162 1101 τὴν
3202 1031 3374 1100 ἀρχὴν
3402 1030 3481 1100 τῷ
3506 1032 3636 1084 τέλει
3660 1036 3803 1089 ταύτὸν

2294 1122 2435 1179 εἶναι
2475 1125 2737 1196 νομίζεις,
2785 1123 2957 1187 οὕτως
2986 1122 3225 1191 συνάψας
3257 1123 3393 1193 πρὸς
3430 1124 3554 1192 μίαν
3592 1132 3803 1195 σηματίιν

2292 1220 2388 1281 τὰς
2418 1218 2509 1272 δύο
2532 1218 2713 1288 φωνὰς
2736 1218 2832 1281 τὰς
2858 1217 3118 1287 ἐκατέρου
3151 1217 3354 1270 τούτων
3381 1218 3718 1288 ἀναιρετικὰς,
3738 1224 3802 1275 τοῦ

2291 1311 2475 1374 τέλους
2500 1311 2643 1379 λέγω
2660 1314 2752 1362 καὶ
2778 1311 2877 1379 τῆς
2894 1310 3087 1379 ἀρχῆς,
3110 1310 3173 1361 ὲκ
3188 1308 3281 1360 τοῦ
3300 1309 3639 1379 ἀντιστρόφου
3658 1316 3804 1383 νοήσας

2291 1403 2367 1473 τῷ
2406 1403 2630 1474 ἀνάρχῳ
2673 1401 2868 1455 ταύτὸν
2909 1397 3139 1454 εἶναιτὸ
3179 1400 3547 1472 ἀτελεύτητον,
3592 1403 3701 1471 μίαν
3736 1408 3805 1469 τὰς

2289 1498 2382 1551 δύο
2424 1498 2607 1566 φωνὰς
2645 1495 2920 1567 συγχύσας
2953 1496 3208 1567 ἀλλήλαις
3246 1496 3526 1566 ἐποίησας.
3565 1498 3662 1551 Καὶ
3692 1500 3805 1554 τοῦτὸ

2294 1608 2373 1643 σοι
2427 1588 2674 1660 βούλεται
2711 1589 2818 1641 τῶν
2856 1589 3136 1660 ὀνομάτων
3182 1589 3216 1659 ή
3267 1588 3442 1657 μίξις,
3478 1591 3534 1641 ὲν
3564 1588 3634 1660 τῷ
3672 1590 3805 1652 λέγειν

2290 1680 2581 1751 ἀγέννητον
2608 1676 2746 1734 εἶναι
2771 1681 3140 1752 ἀτελευτήτως
3157 1722 3172 1742 ,
3212 1681 3303 1734 καὶ
3334 1681 3673 1752 ἀτελεύτητον
3695 1688 3805 1752 ἀγενσ

2290 1774 2485 1844 νήτως.
2507 1775 2617 1827 Καὶ
2636 1774 2753 1837 πῶς
2772 1774 2873 1826 οὐκ
2891 1769 3029 1837 εἶδες
3048 1773 3109 1827 τὸ
3130 1773 3321 1837 ἀσεϐὲς
3344 1775 3403 1826 ὲν
3422 1777 3533 1838 τοῖς
3556 1775 3806 1845 λεγομὼις

2291 1868 2405 1938 ἅμα
2447 1868 2541 1921 καὶ
2588 1868 3020 1936 καταγέλαστον;
3064 1868 3129 1921 Ei
3170 1866 3280 1937 γὰρ
3318 1868 3385 1919 ἐκ
3427 1866 3523 1920 τοῦ
3570 1868 3675 1936 ῖσου
3696 1872 3803 1939 γίνε-

2290 1979 2378 2015 ται
2424 1962 2511 2015 διά
2564 1962 2666 2031 τῆς
2708 1961 2903 2031 καινῆς
2948 1970 3152 2030 ταύτης
3199 1958 3397 2031 μίξεως
3442 1962 3475 2031 ή
3516 1962 3621 2015 τῶν
3655 1963 3806 2033 ὀνομά-

2287 2070 2395 2106 των
2459 2052 2772 2123 ἀναστροφὴ
2796 2091 2811 2114 ,
2874 2051 2949 2116 ὡς
3009 2050 3071 2103 τὸ
3127 2050 3424 2122 ἀγέννητον
3498 2052 3805 2125 ἀτελευτήτως

2288 2143 2426 2200 εἶναι
2494 2147 2813 2216 ἀγέννητον,
2871 2144 2964 2198 καὶ
3029 2143 3091 2196 τὸ
3146 2144 3504 2214 ἀτελεύτητον
3557 2146 3805 2216 ἀγεννήτως

2289 2234 2428 2293 εἶναι
2483 2239 2871 2309 ἀτελεύτητον,
2913 2235 3127 2307 ἀνάγκη
3174 2240 3323 2290 πᾶσα
3390 2238 3716 2308 ἀτελεύτητον
3754 2243 3806 2311 μή

2291 2331 2464 2393 ἄλλως
2515 2327 2653 2385 εἶναι
2679 2373 2694 2396 ,
2744 2333 2792 2383 εἰ
2841 2330 2915 2401 μὴ
2948 2331 3256 2401 ἀγεννήτως
3288 2330 3394 2399 εἴη.
3426 2330 3537 2382 Καὶ
3566 2329 3716 2394 οὕτως
3750 2334 3807 2384 εύ-

2292 2421 2534 2493 ρὲσκεταί
2579 2439 2691 2485 σοι,
2726 2414 2771 2473 ὦ
2820 2421 3073 2489 φίλτατε,
3098 2421 3131 2489 ἡ
3172 2419 3601 2491 πολυθρύλλητος
3630 2422 3807 2491 ἀγεννηο

2290 2513 2415 2576 σία,
2450 2514 2483 2581 ή
2528 2511 2663 2582 μόνη
2702 2510 2843 2563 κατά
2873 2510 2931 2563 σὲ
2968 2509 3063 2563 τοῦ
3098 2509 3310 2580 Πατρὸς
3350 2511 3452 2580 τὴν
3486 2510 3660 2564 οὐσίαν
3686 2529 3808 2581 χαρα-

2287 2602 2647 2673 κτηρίζουσα,
2679 2602 3124 2671 κοινοποιουμένη
3163 2601 3299 2670 πρὸς
3332 2603 3438 2654 πᾶν
3484 2602 3543 2654 τὸ
3579 2602 3805 2665 ἀθάνατον,

2288 2697 2381 2748 καὶ
2406 2696 2582 2748 πάντα
2614 2693 2844 2747 ποιοῦσα
2868 2693 2944 2764 τῷ
2976 2694 3152 2765 Πατρὶ
3179 2694 3436 2763 ὀμοούσια
3469 2734 3483 2757 .
3510 2694 3593 2748 διά
3615 2694 3668 2748 τὸ
3690 2697 3807 2747 πᾶσιν

2286 2786 2485 2857 ὁμοίως
2512 2785 2892 2855 ἐμφαίνεσθαι.
2922 2780 3005 2849 οἷς
3032 2784 3119 2838 διὰ
3147 2786 3244 2852 τῆς
3277 2784 3576 2849 ἀθανασίας
3618 2788 3809 2857 πρόεισιν

2284 2882 2317 2949 ἠ
2356 2877 2468 2948 ζωὴ
2503 2878 2637 2949 πρὸς
2676 2877 2735 2931 τὸ
2761 2878 3008 2948 ἄπειρον,
3057 2879 3434 2950 ἀρχαγγέλοις.
3474 2879 3719 2946 ἀγγέλοις,
3748 2881 3808 2931 ἀιδ-

2286 2970 2585 3041 θρωπίναις
2615 2970 2832 3042 ψυχαῖς·
2871 2972 3010 3042 τάχα
3046 2971 3102 3023 δὲ
3135 2972 3228 3024 καὶ
3260 2971 3394 3042 αὐτῇ
3534 2974 3807 3041 ἀποστατικῇ

2284 3062 2532 3133 δυνάμει,
2565 3062 2643 3132 τῷ
2670 3061 2900 3133 διαϐόλῳ
2926 3079 2984 3115 τε
3016 3062 3107 3115 καὶ
3134 3064 3244 3124 τοῖς
3279 3061 3551 3131 δαίμοσιν.
3580 3062 3637 3116 ΕΞ
3662 3063 3747 3132 γὰρ
3766 3064 3807 3114 τὸ

2286 3154 2643 3227 ἀτελεύτητον
2677 3173 2736 3208 τε
2788 3161 2881 3208 καὶ
2922 3154 3195 3227 ἀερθαρτον
3234 3158 3549 3227 ἀγεννήτως
3590 3157 3712 3209 κατὰ
3745 3156 3808 3208 τὸν

2287 3248 2379 3301 σὺν
2425 3248 2582 3317 λόγον
2618 3249 2835 3311 πάντως
2886 3250 3002 3302 ἐστὶ
3026 3290 3040 3311 ,
3085 3250 3249 3302 παντὶ
3293 3249 3370 3320 τῷ
3418 3250 3731 3320 ἀτελευτήτῳ
3768 3264 3807 3299 τε

2285 3339 2378 3391 καὶ
2398 3339 2658 3411 ἀφθάρτῳ
2681 3340 3099 3413 συνθεωρεῖσθαι
3117 3342 3331 3405 πάντως
3350 3342 3456 3415 χρὴ
3478 3343 3538 3396 τὸ
3554 3342 3805 3412 ἀγέννητον.

609 3422 900 3492 rnptibile,
944 3420 1214 3491 ingenite,
1257 3429 1315 3475 ut
1363 3430 1419 3475 tu
1469 3422 1744 3492 loqueris,
1793 3424 1956 3493 plane
1994 3432 2115 3489 est,
2152 3425 2208 3481 in
2260 3432 2407 3485 omni
2467 3433 2831 3489 interminato
2864 3446 2917 3491 et
2953 3435 3356 3506 incorruptibili
3394 3437 3617 3491 omnino
3643 3443 3805 3505 Oportet

609 3514 915 3585 ingenitum
957 3514 1329 3569 considerari.

676 3612 733 3666 In
764 3612 879 3666 haec
906 3610 1152 3664 incidunt
1167 3621 1217 3664 et
1241 3611 1592 3665 revolvuntur
1608 3612 1867 3677 absurda,
1897 3615 1985 3683 qui
2004 3615 2177 3683 prius:

604 3721 769 3776 quam
810 3702 1103 3758 didicerint
1128 3718 1247 3772 qua:
1268 3704 1482 3759 discere
1502 3704 1679 3767 decet,
1708 3721 1804 3774 per
1837 3722 1959 3775 qua:
1986 3707 2180 3762 docere

605 3796 998 3869 aggrediuntur
1024 3810 1178 3850 suam
1218 3796 1491 3850 inscitiam
1529 3796 1892 3867 publicantes.
1927 3798 1982 3853 Si
2014 3800 2177 3854 etiam

604 3890 843 3959 aliquam
873 3885 1206 3956 dijudicandi
1231 3885 1514 3939 scientiam
1542 3884 1786 3949 haberet,
1821 3900 1931 3941 non
1961 3886 2181 3958 ignora-

602 3986 687 4036 ret
745 3994 967 4036 sensum
1032 3977 1376 4047 peculiariter
1424 3976 1761 4030 reconditum
1815 3978 1870 4031 in
1914 3992 1980 4032 eo
2034 3979 2178 4049 quod

603 4073 858 4144 principii
907 4078 992 4126 est
1051 4085 1246 4139 expers
1274 4068 1499 4137 etquod
1558 4067 1664 4123 ﬁne
1704 4076 1874 4124 caret.
1928 4067 1994 4122 Et
2033 4069 2179 4141 quod

603 4163 823 4236 quidem
885 4161 1294 4217 interminatum
1330 4160 1447 4215 sive
1500 4159 1605 4215 ﬁne
1657 4177 1852 4216 carens
1886 4177 2178 4218 commune

600 4265 686 4314 est
711 4256 952 4313 omnium
982 4268 1320 4323 quazcunquc
1343 4252 1548 4308 credita
1578 4261 1706 4306 sunt
1733 4268 1894 4321 posse
1922 4252 2089 4308 vitam
2122 4253 2176 4308 in

602 4350 874 4405 inﬁnitum
904 4347 1264 4417 protendere;
1300 4344 1553 4414 principii
1608 4360 1738 4398 vero
1771 4360 1967 4414 expers
2004 4345 2175 4403 solius

600 4450 684 4495 est
734 4440 827 4510 qui
865 4439 1073 4507 absque
1100 4450 1266 4490 causa
1315 4444 1418 4488 est.
1462 4434 1748 4500 Quomodo
1798 4435 1964 4506 igitur
2024 4437 2172 4506 quod

599 4533 840 4586 mnnium
869 4542 1159 4582 commune
1184 4534 1289 4585 est,
1340 4526 1666 4597 mquivalerc
1700 4526 1779 4579 illi
1834 4527 1959 4582 licet
1982 4529 2173 4583 existi-

599 4638 771 4687 mare,
808 4621 953 4691 quod
1010 4619 1181 4674 solius
1217 4617 1334 4680 Dei,
1364 4633 1556 4686 nempe
1609 4620 1879 4689 prmcipua
1937 4618 2172 4689 quadam

598 4713 812 4770 ratione
857 4726 976 4766 esse
1010 4710 1077 4763 ab
1110 4709 1365 4763 omnibus
1412 4708 1680 4762 creditum
1730 4717 1836 4768 est,
1874 4710 1948 4763 ita
1980 4722 2037 4763 ut
2078 4728 2174 4781 per

598 4808 702 4861 hoc
718 4806 804 4860 vel
846 4803 1146 4873 ingenitum
1180 4816 1468 4854 commune
1488 4800 1650 4854 faciat
1674 4802 2170 4856 omnibusimmor-

599 4900 827 4954 talitatis
856 4895 1232 4967 participibus,
1260 4894 1340 4948 vel
1370 4893 1505 4946 nihil
1549 4893 1858 4948 immortale
1881 4908 2006 4949 esse
2039 4909 2173 4949 con-

597 4993 777 5054 cedat,
812 4988 1080 5059 siquidem
1144 4986 1315 5041 solins
1342 4994 1426 5039 est
1485 4984 1590 5039 ﬁne
1631 4986 1873 5040 carentis
1935 4986 2173 5056 ingenitc

596 5101 739 5145 esse,
770 5091 824 5137 et
852 5092 1067 5145 contra,
1098 5082 1145 5137 si
1194 5080 1368 5135 solius
1392 5088 1476 5133 est
1502 5080 1606 5133 ﬁne
1640 5080 1881 5134 carentis
1935 5079 2173 5149 ingenite

595 5192 719 5231 esse
752 5178 775 5231 ?
819 5174 901 5231 sic
926 5174 1071 5229 enim
1110 5172 1557 5228 existimarentur
1603 5172 1956 5225 interminata
1990 5173 2169 5226 omnia

594 5286 717 5326 esse
750 5269 1009 5341 ingenita.
1044 5267 1149 5323 Sed
1186 5267 1299 5320 haec
1361 5266 1706 5327 omittantur,
1736 5274 1790 5320 et
1830 5265 1950 5333 ejus
1983 5267 2172 5319 convi-

594 5364 765 5419 tiandi
795 5361 1131 5418 consuetudo
1161 5374 1322 5429 quam
1360 5359 1413 5412 in
1454 5374 1552 5414 sua
1593 5359 1737 5412 dicta
1794 5357 2011 5419 infudit,
2047 5373 2170 5411 cum

596 5459 682 5512 his
714 5455 934 5511 silentio
964 5454 1295 5509 involvatur.
1324 5451 1404 5505 Ad
1426 5452 1709 5506 lectionem
1740 5460 2166 5519 conscquentem

592 5563 905 5619 pergamus.

662 5639 920 5695 Fortasse
957 5645 1137 5692 autem
1194 5635 1326 5688 mihi
1378 5634 1591 5689 videtur
1644 5636 1900 5703 praeclare
1966 5633 2166 5690 habere

590 5733 755 5787 etiam
809 5731 1039 5800 plurima
1088 5743 1211 5798 qua:
1239 5726 1498 5797 deinceps
1529 5734 1835 5796 sequuntur
1872 5728 2165 5781 inexcussa

592 5836 1028 5889 praitercurrere.
1058 5821 1115 5873 ln
1140 5819 1395 5875 omnibus
1428 5823 1571 5874 enim
1602 5820 1741 5874 idem
1778 5828 1881 5884 cst,
1911 5835 2016 5874 non
2041 5835 2164 5873 cum

2207 4500 2247 4553 D

2356 3615 2574 3680 Τούτοις
2612 3618 3030 3689 περιπίπτουσιν
3061 3617 3110 3669 οἱ
3151 3618 3278 3688 πρὶν
3314 3617 3507 3688 μαθεῖν
3534 3617 3568 3671 ἆ
3599 3620 3805 3688 προτήγει

2288 3710 2498 3781 μαθεῖν,
2529 3710 2596 3762 δι’
2622 3704 2697 3763 ὧν
2717 3709 2986 3762 διδάσκειν
3008 3709 3343 3780 ἐπιχειροῦσι
3368 3710 3467 3780 τὴν
3490 3710 3682 3764 ἑαυτῶν
3702 3710 3805 3779 ἁμα-

2285 3802 2405 3855 θίαν
2453 3800 2885 3871 δημοσιεύοντες.
2944 3801 3005 3852 ΕΞ
3044 3800 3151 3871 γὰρ
3197 3795 3311 3869 εἶχέ
3358 3816 3484 3854 τινα
3523 3801 3804 3869 διακριτικήν

2285 3896 2612 3964 ἐπιστήμην,
2648 3894 2749 3945 οὐκ
2776 3893 2843 3945 ἂν
2873 3892 3105 3963 ἠγνόησε
3135 3892 3232 3962 τὴν
3271 3892 3575 3957 ἰδιαζόντως
3603 3893 3802 3961 ἐγκειμέ-

2282 4005 2378 4058 νην
2404 3986 2481 4057 τῷ
2510 4003 2569 4038 τε
2615 3985 2836 4055 ἀνάρχῳ
2863 3986 2956 4036 καὶ
2987 3983 3065 4053 τῷ
3095 3983 3433 4055 ἀτελευτήτῳ
3462 3985 3699 4038 διάνοιαν.
3728 3983 3803 4035 Καὶ

2279 4080 2359 4131 ὃτι
2384 4078 2442 4131 τὸ
2470 4078 2568 4149 μὲν
2589 4075 2941 4145 ἀτελεύτητον
2964 4075 3139 4129 κοινὸν
3161 4077 3375 4129 πάντων
3395 4078 3565 4139 ἐστὶν,
3590 4078 3681 4130 ὅσα
3700 4074 3804 4143 διαρ-

2279 4169 2395 4221 κεῖν
2412 4166 2766 4219 πεπξστευται
2794 4166 2860 4235 τῇ
2900 4162 3011 4233 ζωῇ
3038 4163 3173 4234 πρὸς
3190 4163 3249 4216 τὸ
3269 4162 3514 4235 ἄπειρον·
3537 4165 3594 4217 τὸ
3613 4163 3665 4217 δὲ
3682 4164 3804 4231 άνιρε

2279 4278 2391 4331 χον,
2428 4260 2586 4330 μόνου
2610 4258 2725 4311 ἐστὶ
2756 4257 2849 4310 τοῦ
2894 4257 3018 4311 ἄνευ
3050 4258 3226 4320 αἰτίας
3258 4257 3427 4319 ὄντος.
3455 4257 3578 4321 Πῶς
3607 4252 3688 4310 οὖν
3724 4254 3801 4306 ἐστι

2278 4355 2339 4407 τὸ
2366 4354 2582 4407 πάντων
2611 4352 2806 4413 κοινὸν,
2845 4350 3160 4421 ἰσοδύναμον
3200 4352 3391 4420 ἐκείνῳ
3419 4350 3707 4422 νομίσαι,ὅ
3737 4348 3802 4418 μό-

2278 4465 2369 4500 νου
2402 4444 2494 4500 τυῦ
2526 4445 2658 4498 Θεοῦ
2699 4445 2817 4498 κατ’
2848 4444 3120 4515 ἐξαίρετον
3153 4440 3290 4497 εἶναι
3322 4444 3472 4514 παρά
3508 4445 3703 4497 πάντων

2278 4538 2580 4599 πίστευται,
2606 4537 2742 4589 ὥστε
2762 4535 2848 4588 διὰ
2862 4534 3047 4588 τούτου
3069 4535 3101 4605 ἢ
3126 4534 3496 4604 κοινοποιῆσαι
3522 4534 3650 4606 πρὸς
3668 4533 3798 4585 πάνυ

2273 4633 2341 4686 τὰ
2374 4631 2477 4700 τῆς
2514 4628 2807 4691 ἀθανασίας
2846 4627 3138 4697 μετέχοντα
3178 4626 3238 4679 τὺ
3268 4626 3579 4697 ἀγέννητον,
3611 4626 3642 4695 ἣ
3677 4623 3798 4693 μηδὲν

2272 4725 2540 4780 ἀθάνατον
2607 4722 2906 4791 συγχωρεῖν
2955 4717 3114 4783 εἶναι,
3169 4718 3327 4790 εἴπερ
3380 4720 3537 4789 μόνον
3593 4717 3693 4771 ἐστὶ
3733 4711 3797 4767 toi

2272 4818 2566 4887 ἀγεννήτου
2601 4815 2659 4867 τὸ
2697 4812 3064 4882 ἀτελευτήτως
3104 4806 3240 4863 εἶναι
3260 4853 3274 4873 ,
3307 4812 3399 4863 καί⁹
3428 4811 3488 4862 τὸ
3516 4809 3740 4878 ἔμπαλιν,
3766 4806 3798 4855 εὶ

2270 4907 2362 4960 τοῦ
2416 4905 2771 4974 ἀτελευτήτου
2838 4902 2998 4972 μόνου
3050 4902 3165 4953 ἐστὶ
3216 4901 3279 4953 τὸ
3332 4902 3634 4971 ἀγεννήτως
3679 4893 3797 4948 εἵνεκα

2274 4998 2427 5053 υῦτω
2464 4998 2572 5067 γὰρ
2607 4996 2671 5049 ἂν
2704 4993 2841 5047 εἶναι
2896 4993 3173 5063 νομισθείη
3218 4992 3287 5045 τὰ
3320 4992 3639 5061 ἀτελεύτητα
3664 4988 3796 5040 πάντα

2270 5092 2555 5161 ἀγέννητοι.
2622 5088 2758 5140 Ἀλλ’
2806 5086 2986 5140 ἐάσθω
3035 5087 3127 5139 καὶ
3162 5085 3367 5147 ταῦτα,
3401 5086 3494 5138 καὶ
3534 5086 3565 5153 ἡ
3612 5076 3795 5149 συνήθης

2272 5184 2436 5236 αὐτοῦ
2474 5182 2707 5250 λοιδορία
2754 5181 2819 5251 ἣν
2852 5184 2962 5244 τοῖς
3000 5180 3307 5251 εἰρημένοις
3340 5178 3632 5250 ἐπηντλησε
3652 5216 3665 5236 ,
3693 5170 3793 5244 μετᾶ

2270 5278 2473 5330 τούτων
2504 5274 2762 5342 σιγάσθω.
2801 5273 2943 5344 Πρὸς
2977 5273 3034 5326 δὲ
3075 5272 3135 5325 τὸ
3164 5272 3452 5326 ἀκόλουθον
3476 5271 3699 5339 ἔλθωμεν
3722 5266 3795 5331 τῆς

2270 5366 2649 5437 ἀναγνώσεως.

2347 5630 2497 5700 Τάχα
2522 5629 2576 5681 δέ
2610 5645 2697 5699 μοι
2726 5626 2869 5679 δοκεῖ
2897 5623 3074 5687 καλῶς
3100 5621 3258 5692 ἔχειν,
3291 5621 3379 5674 καὶ
3398 5620 3464 5671 τὰ
3484 5618 3692 5669 πλεῖστα
3714 5608 3796 5663 τῶν

2272 5724 2467 5793 ἐφεξῆς
2520 5719 2891 5791 παραδραμεῖν
2937 5715 3284 5778 ἀνεξέταστα.
3352 5712 3436 5763 Ἐν
3482 5710 3606 5761 πᾶσι
3653 5700 3793 5793 γὰρᾷ

2274 5816 2434 5877 αὑτός
2470 5815 2613 5867 ἐστιν
2650 5813 2710 5863 ού
2746 5813 2858 5872 τοῖς
2888 5810 3016 5878 παρ’
3047 5809 3078 5878 ἡ
3091 5806 3205 5877 μῶν
3242 5802 3682 5874 συμπλεκόμενος,
3707 5791 3791 5846 ἀλλ’
