4006 6500
197 336 342 393 4093

1289 327 1572 384 CONTRA
1620 327 2011 397 EUNOMIUM,
2044 329 2176 386 LIB.
2210 330 2326 387 XII.

3322 338 3461 393 I096

193 456 374 527 ἑαυτῷ
415 454 589 517 διδοὺς
634 452 710 515 ώς
747 452 812 504 ἐκ
845 449 938 503 τοῦ
974 448 1246 521 ἡμετέρου
1276 432 1435 518 λόγου
1482 449 1644 519 δῆθεν
1682 449 1781 513 τάς

1898 451 2088 521 isqua:
2106 466 2135 503 a
2158 451 2313 505 nobis
2335 448 2595 503 dicuntur
2623 464 2841 503 manum
2869 465 3188 516 conserens,
3209 454 3305 510 sed
3327 471 3463 513 sane

194 548 333 623 πρὸς
358 546 630 601 ἀντίθεσιν
662 542 938 615 ἀφορμὰς,
968 536 1049 605 οἷς
1075 541 1136 594 τὸ
1162 540 1228 593 δι’
1253 540 1539 611 ἀκριϐείας
1570 542 1783 609 ἐπεξιέ-

194 658 303 701 ναι,
334 638 562 709 μάταιον
592 634 657 689 ἀν
684 651 767 697 τις
795 633 938 685 εῐποι
962 632 1070 685 τῶν
1098 631 1305 703 κρίνειν
1334 633 1778 704 ἐπεσκεμμένων,

193 731 427 785 ἑκάστου
462 728 570 781 τῶν
601 726 742 798 μετά
780 724 1017 786 διανοίας
1054 724 1489 794 ἐντυγχανόντων
1513 726 1679 780 αὐτοῦ
1705 726 1782 796 τῷ

176 813 611 891 συγγράμματι,
640 818 699 883 ἐξ
719 815 899 869 αὐτῶν
924 815 1031 867 τῶν
1058 814 1364 885 λεγομένων
1385 818 1483 888 τὴν
1511 834 1782 886 συκοφαν-

192 914 315 965 τίαν
348 909 875 980 καταλαμὸάνοντος.
914 908 1295 977 Πρεσϐυτέραν
1324 908 1472 976 λέγει
1511 909 1605 962 τοῦ
1647 909 1780 963 Θεοῦ

193 1005 294 1075 τὴν
338 1003 496 1069 ἀξίαν
566 1000 667 1070 τῆς
709 997 803 1051 τοῦ
845 998 1115 1069 ἡμετέρου
1162 996 1474 1070 καθηγητοῦ
1517 1001 1779 1064 ἐπινοίας.

195 1096 335 1149 Οὐδὲ
366 1096 525 1165 ἡμεῖς
555 1091 938 1160 ἀντιλέγομεν·
973 1090 1006 1160 ἡ
1058 1089 1166 1159 γὰρ
1198 1089 1292 1143 τοῦ
1335 1090 1470 1142 Θεοῦ
1503 1090 1648 1157 ἀξία,
1689 1094 1783 1162 ἦν-

190 1203 322 1239 τινα
349 1185 455 1256 χρὴ
487 1181 580 1236 καὶ
600 1180 803 1251 ταύτην
824 1179 1065 1251 νομίζειν
1089 1176 1249 1242 εἶναι,
1277 1181 1338 1233 ού
1364 1180 1463 1249 τῆς
1489 1182 1608 1234 καθ’
1637 1182 1784 1253 ἡμᾶς

200 1279 363 1348 μόνον
391 1276 583 1345 γενεᾶς
618 1273 939 1345 προτερεύει
963 1312 977 1336 ,
1009 1272 1145 1325 ἀλλὰ
1188 1274 1282 1326 xal.
1318 1272 1499 1341 πάσης
1527 1273 1626 1344 τῆς
1668 1275 1783 1327 κτί-

198 1389 339 1434 σεως
371 1370 464 1423 καὶ
511 1367 688 1421 αὐτῶν
736 1366 1051 1435 ὑπέρκειται
1093 1365 1201 1419 τῶν
1234 1367 1463 1420 αίώνων.
1494 1365 1559 1419 Τί
1600 1361 1691 1419 οῦν
1718 1367 1783 1420 ἐκ

192 1464 407 1519 τούτων
440 1461 518 1532 τῷ
550 1462 690 1531 λόγῳ
718 1460 1088 1529 προσγίνεται,
1118 1460 1166 1511 εί
1198 1458 1271 1530 μὴ
1298 1458 1572 1511 Βασιλείω
1602 1459 1780 1529 μόνον,

197 1556 341 1612 ἀλλά
384 1557 478 1609 καὶ
520 1553 737 1606 πάντων
767 1552 875 1604 τῶν
928 1551 1098 1604 ὄντων
1146 1550 1394 1619 ὰνωτέρα
1440 1551 1782 1621 ὁμολογεῖται

194 1647 295 1701 τοῦ
329 1646 463 1700 Θεοῦ
484 1647 517 1715 ἡ
555 1644 716 1709 ἀξίας
752 1643 880 1707 Ναὶ,
917 1642 1099 1712 φησὶν,
1129 1640 1265 1693 ἀλλὰ
1304 1641 1366 1693 τὸ
1394 1641 1564 1713 ὄνομα
1593 1644 1625 1713 ἡ
1659 1642 1783 1707 ἀξία

198 1740 372 1792 ἐστίν.
424 1738 534 1790 Καὶ
582 1735 663 1798 τίς
695 1733 972 1798 ἀπέδειξε,
1000 1731 1196 1785 ταύτὸν
1242 1727 1377 1785 εἶναι
1410 1736 1477 1804 τῇ
1524 1732 1652 1803 ἀξίᾳ
1686 1735 1782 1806 τὴν

198 1828 597 1901 προσηγορίαν,
621 1826 709 1879 ἴνα
732 1825 827 1878 καὶ
856 1826 1016 1896 ἡμεῖς
1038 1824 1115 1894 τῷ
1138 1825 1414 1895 λεγομένῳ
1438 1826 1788 1897 συνθώμεθα;
1822 1822 1864 1877 Β

194 1924 422 1985 Φύσεως
445 1920 622 1992 ἡμῶν,
656 1920 808 1990 φησὶ,
841 1918 1080 1972 διδάσκει
1111 1917 1330 1987 θεσμὸς,
1361 1921 1419 1972 ἐν
1452 1922 1563 1982 τοῖς
1592 1920 1792 1991 ὀνομα-

199 2015 455 2086 ζομένοις
509 2010 849 2081 πράγμασιν,
897 2009 997 2061 οὐκ
1046 2011 1103 2061 ἐν
1152 2011 1218 2079 τῇ
1266 2008 1374 2061 τών
1420 2009 1795 2079 ὀνομαζόντων

198 2104 421 2175 ἐξουσίᾳ
452 2102 665 2157 κεῖσθαι
694 2103 794 2172 τὴν
817 2101 924 2155 τῶν
951 2102 1229 2171 ὀνομάτων
1256 2100 1433 2166 ἀξίαν.
1461 2103 1503 2154 Τ
1510 2101 1555 2166 ίς
1580 2094 1736 2167 οὗτος
1766 2105 1794 2157 6

194 2203 302 2272 τῆς
345 2199 560 2268 φύσεως
587 2198 785 2267 νόμος;
823 2196 932 2249 Καὶ
972 2194 1090 2259 πῶς
1118 2195 1179 2248 ού
1204 2195 1345 2249 κατὰ
1381 2195 1599 2250 πάντων
1628 2214 1793 2250 κεκυ-

206 2291 491 2362 ρωμένος;
550 2289 613 2341 Εἰ
652 2288 758 2359 γὰρ
814 2288 973 2357 φύσις
1021 2288 1081 2341 τὸ
1116 2287 1353 2342 τοιοῦτον
1400 2289 1792 2360 ἐνομοθέτησε,

197 2382 346 2435 κατά
370 2381 590 2433 πάντων
618 2377 1027 2449 κεκυρωμένος.
1058 2379 1121 2431 Et
1152 2378 1261 2449 γὰρ
1286 2378 1446 2447 φύσις
1475 2380 1535 2432 τὸ
1558 2380 1796 2434 τοιοῦτον

198 2471 583 2543 ἐνομοθέτησε,
608 2470 748 2524 κατὰ
769 2471 987 2523 πάντων
1012 2470 1183 2540 αὐτὴν
1206 2470 1311 2524 ἔδει
1340 2471 1400 2524 τὸ
1429 2472 1628 2544 κράτος
1649 2472 1791 2543 ἔχειν

197 2565 312 2619 τῶν
342 2562 739 2631 κοινωνούντων
786 2561 883 2631 τῆς
926 2561 1139 2629 φύσεως
1161 2602 1175 2623 ,
1204 2562 1394 2634 ὥσπερ
1431 2564 1524 2616 καὶ
1563 2564 1632 2617 τὰ
1660 2564 1795 2617 ἀλλα

198 2660 388 2713 πάντα
413 2658 513 2710 ὅσα
538 2657 638 2725 τῆς
666 2655 879 2723 φύσεως
900 2655 1027 2710 ἴδια.
1054 2657 1115 2709 ΕΞ
1139 2652 1232 2709 οὖν
1257 2655 1418 2727 νόμος
1448 2657 1548 2727 τῆς
1582 2658 1796 2727 φύσεως

197 2757 271 2807 ἐκ
307 2754 415 2805 τών
450 2750 789 2822 πραγμάτων
824 2750 957 2819 ἡμῖν
994 2749 1332 2816 ἀναφύεσθαι
1379 2749 1478 2814 τὰς
1516 2768 1792 2822 προσηγο.

202 2845 330 2917 ρίας
364 2841 556 2899 ἐποίει,
588 2841 777 2910 ὥσπερ
805 2842 871 2894 ἐκ
912 2840 1020 2893 τῶν
1059 2842 1388 2911 σπερμάτων
1420 2842 1452 2913 ἢ
1486 2842 1594 2896 τῶν
1630 2842 1793 2914 ῥιζῶν

197 2936 276 2990 τὰ
304 2934 681 3005 βλαστήματα,
707 2936 797 2988 καὶ
829 2935 903 3005 μὴ
923 2938 989 3006 τῇ
1016 2935 1334 3007 προαιρέσει
1360 2934 1469 2987 τῶν
1492 2935 1793 3004 δηλούντων

197 3031 275 3085 τὰ
297 3031 597 3100 πράγματα
618 3030 717 3093 τὰς
746 3045 811 3097 ση
821 3026 1088 3097 μαντικὰς
1111 3026 1220 3078 τῶν
1252 3026 1625 3097 ὑποκειμένων
1648 3028 1793 3079 ἐπω-

199 3122 404 3192 νυμίας
437 3119 729 3190 ἐπέτρεπε,
762 3118 965 3181 πάντες
985 3118 1052 3172 ἂν
1078 3113 1221 3189 ἦμεν
1247 3119 1297 3170 οί
1321 3117 1613 3189 ἄνθρωποι,
1656 3118 1794 3188 πρὸς

201 3213 471 3284 ἀλλήλους
497 3210 855 3281 ὁμόγλωσσοι.
894 3210 983 3279 Μὴ
1026 3209 1135 3280 γάρ
1184 3207 1654 3280 παρηλλαγμένων
1682 3209 1790 3262 τῶν

202 3304 572 3375 ἐπικειμένων
607 3305 720 3366 τοῖς
750 3302 1070 3373 πράγμασιν
1097 3302 1398 3372 ὀνομάτων,
1433 3301 1533 3353 οὐκ
1562 3300 1629 3354 ἂν
1658 3301 1793 3372 πρὸς

202 3398 474 3467 ἀλλήλους
532 3394 673 3448 κατά
736 3394 801 3447 τὸ
846 3390 984 3457 εἶδος
1034 3393 1409 3464 διεφωνοῦμεν
1458 3392 1552 3447 τοῦ
1608 3393 1791 3463 λόγου.

207 3487 401 3542 Ὄσιόν
438 3502 603 3556 φησιν
649 3480 810 3546 εἶναι,
832 3485 926 3538 καὶ
947 3484 1027 3554 τῷ
1044 3486 1141 3555 τῆς
1172 3484 1427 3557 προνοίας
1456 3484 1605 3555 νόμῳ
1627 3502 1795 3554 προσ-

204 3578 544 3650 φυέστατον,
582 3574 789 3630 ἀνωθεν
838 3574 1146 3628 ἐπικεῖσθαι
1194 3578 1307 3638 τοῖς
1366 3575 1656 3646 πράγμασι
1690 3576 1791 3638 τὰς

208 3670 415 3743 φωνάς.
449 3667 573 3731 Πῶς
602 3663 694 3721 οὖν
724 3667 997 3737 ἠγνόησαν
1030 3668 1079 3719 οί
1112 3666 1386 3738 προφῆται
1411 3668 1473 3719 τὸ
1501 3667 1670 3732 ὅσιον,
1702 3669 1797 3721 καὶ

205 3763 305 3816 τὸν
342 3762 439 3832 τῆς
478 3759 731 3832 προνοίας
775 3758 939 3829 νόμον
980 3758 1081 3811 οὐκ
1125 3757 1543 3828 ἐπαιδεύθησαν,
1587 3762 1638 3814 oi
1688 3774 1795 3829 μη-

207 3855 424 3925 δαμῶς,
450 3854 593 3908 κατὰ
625 3852 715 3905 τὸν
751 3852 841 3905 σὸν
870 3852 1047 3917 λόγον,
1080 3852 1177 3920 τὴν
1209 3849 1532 3919 ἁγεννησίαν
1551 3849 1799 3920 θεοποιή-

212 3965 438 4015 σαντεςς
461 3946 585 4008 Πῶς
613 3945 671 3998 δέ
702 3943 797 3998 καὶ
825 3942 987 4006 αὐτὸς
1014 3945 1043 3995 6
1088 3942 1217 4004 Θεὸς
1246 3943 1430 4009 ἀγνοεῖ
1470 3943 1529 3993 τὸ
1558 3939 1798 3994 τοιοῦτον

210 4039 356 4103 εἶδος
383 4040 481 4109 τῆς
511 4037 809 4107 ὁσιότητος,
844 4036 902 4098 ὃς
927 4051 991 4103 γε
1023 4034 1122 4087 οὐκ
1149 4032 1353 4087 ἀνωθεν
1384 4033 1661 4103 ἐπιτίθησι
1687 4036 1799 4096 τοῖς

212 4134 347 4205 παρ’
378 4130 547 4185 αὐτοῦ
587 4129 872 4183 πλασθεῖσι
909 4126 1070 4191 ζώοις
1100 4127 1199 4189 τὰς
1240 4126 1628 4198 προσηγορίας·
1664 4126 1800 4181 ἀλλά

212 4226 295 4297 τῷ
344 4223 516 4294 ’Δδάμ
537 4221 633 4292 τὴν
654 4219 901 4285 ἐξουσίαν
925 4218 1025 4289 τῆς
1051 4218 1465 4288 ὀνοματοποιῖας
1497 4216 1801 4289 χαρίζεται;

215 4320 281 4372 Et
298 4316 411 4387 γὰρ
432 4314 708 4387 προσφυὲς
737 4311 815 4382 τῷ
832 4312 930 4382 τῆς
959 4312 1215 4383 προνοίας
1234 4310 1404 4382 νόμῳ,
1429 4308 1606 4372 καθώς
1636 4326 1800 4379 φησιν

214 4413 246 4464 6
274 4409 559 4479 Εύνόμιος,
584 4408 677 4461 καὶ
706 4405 850 4459 ὅσιόν
876 4404 990 4457 ἐστι
1030 4404 1091 4456 τὸ
1112 4402 1315 4456 ἄνωθεν
1359 4400 1663 4455 ἐπικεῖσθαι
1688 4402 1800 4462 τοῖς

215 4502 508 4574 πράγμασι
528 4499 626 4562 τὰς
647 4497 849 4568 φωνὰς,
869 4496 1080 4549 ἀνόσιον
1108 4497 1325 4558 πάντως
1349 4496 1440 4547 καὶ
1461 4494 1799 4564 ἀνάρμοστον

215 4594 373 4666 παρά
393 4593 499 4647 τῶν
522 4592 672 4646 κάτω
691 4592 803 4652 τοῖς
824 4584 975 4642 οὖσιν
1005 4586 1418 4658 ἐφαρμοσθῆναι
1441 4585 1540 4649 τὰς
1564 4584 1799 4656 κλήσεις.

304 4770 457 4825 Ἀλλ’
509 4772 542 4822 ὁ
595 4766 836 4820 πάντων
882 4764 1175 4833 κηδεμὼν,
1218 4762 1371 4832 φησὶ,
1420 4759 1806 4829 δημιουργίας

216 4862 384 4930 νόμῳ
415 4860 540 4926 ταῖς
581 4858 894 4928 ἡμετέραις
938 4854 1399 4925 ἐγκατασπεῖραι
1447 4852 1674 4921 ψυχαῖς
1702 4853 1807 4905 ἐδι-

215 4954 462 5007 καίωσε.
498 4950 609 5003 Καὶ
661 4949 711 5002 εί
758 4948 930 5001 ταῦτα
970 4949 1093 5010 ταῖς
1125 4946 1233 4999 τῶν
1266 4943 1569 5015 ἀνθρώπων
1608 4942 1807 5011 ψυχαῖς

215 5044 564 5115 κατεσπάρη,
600 5043 718 5105 πῶς
742 5041 850 5096 ἀπὸ
885 5040 1054 5110 Ἀδάμ
1096 5039 1259 5109 μέχρι
1294 5038 1392 5107 τῆς
1423 5038 1521 5107 σῆς
1556 5035 1808 5106 παραϐά-

215 5158 359 5203 σεως
377 5142 405 5192 6
426 5140 525 5209 τῆς
551 5134 907 5205 ματαιότητος
930 5133 1133 5202 ταύτης
1154 5131 1366 5204 καρπὸς
1387 5130 1486 5183 οὑκ
1510 5129 1806 5198 ἐϐλάστησε

211 5236 335 5296 ταῖς
366 5232 584 5300 ψυχαῖς,
605 5229 680 5291 ώς
702 5229 827 5299 φῂς,
849 5225 956 5279 τῶν
983 5224 1286 5296 ἀνθρώπων
1309 5223 1645 5292 ἐγκείμενος,
1668 5221 1808 5275 ὥστε

211 5326 389 5392 ὄνομα
437 5322 537 5391 τῆς
582 5320 675 5373 τοῦ
720 5318 929 5388 Πατρὸς
963 5317 1149 5379 οὐσίας
1177 5316 1276 5386 τὴν
1310 5314 1636 5384 ἁγεννησίαν
1674 5315 1809 5384 κλη-

214 5416 400 5484 θῆναι.
435 5410 573 5465 Εἷπε
609 5410 716 5482 γὰρ
748 5411 813 5464 ἂν
841 5409 997 5463 τοῦτο
1025 5410 1119 5461 ml.
1146 5411 1174 5462 6
1220 5407 1410 5477 Ἀδὰμ,
1441 5408 1537 5460 καὶ
1581 5408 1630 5460 οί
1674 5407 1809 5460 καθ-

217 5506 348 5574 εξῆς
378 5506 472 5557 ἀπ’
522 5504 732 5556 ἐκείνου
778 5502 978 5564 πάντες
1004 5543 1019 5567 ,
1069 5501 1227 5571 εἴπερ
1261 5501 1412 5571 παρά
1440 5499 1534 5553 τοῦ
1577 5499 1711 5552 Θεοῦ
1744 5503 1809 5570 τῇ

218 5595 380 5663 φύσει
409 5594 469 5646 τὸ
492 5594 729 5647 τοιοῦτον
760 5593 1125 5663 κατέσπαρτο.
1158 5594 1367 5664 ’Ὠσπερ
1393 5592 1502 5663 γὰρ
1524 5592 1592 5645 τὰ
1620 5592 1715 5645 νῦν
1746 5594 1810 5645 ἐκ

217 5688 320 5755 τῆς
342 5686 446 5754 γῆς
495 5687 739 5757 φυόμενα
766 5689 829 5739 ἐκ
862 5687 962 5757 τῆς
999 5687 1374 5758 σπερματικῆς
1410 5686 1655 5755 διαδοχῆς
1702 5686 1809 5738 ἀπὸ

219 5781 321 5845 τῆς
351 5779 573 5849 πρώτης
602 5779 828 5842 κτίσεως
851 5781 929 5842 είς
949 5780 1033 5833 ἀεὶ
1054 5779 1295 5849 διαμένει
1316 5818 1331 5843 ,
1362 5778 1451 5831 καὶ
1472 5778 1620 5831 οὐδὲν
1648 5780 1703 5830 ἐν
1733 5778 1810 5848 τῷ

1889 543 1993 596 sibi
2028 542 2127 612 ipsi
2164 541 2300 597 dans
2326 542 2472 596 velut
2494 557 2561 596 ex
2596 550 2786 596 nostro
2812 558 3066 598 sermone
3092 544 3161 598 ad
3184 560 3466 616 opponen-

1889 635 2017 691 dum
2071 651 2131 691 se
2191 634 2532 696 occasiones,
2599 634 2799 703 quibus
2846 636 3116 693 subtiliter
3162 640 3469 698 tractandis

1889 742 2107 797 Operam
2159 742 2362 797 ponere
2429 726 2697 796 quispiam
2750 742 2938 781 eorum
2977 731 3069 798 qui
3121 732 3468 787 considerate

1892 820 2448 888 noveruntjudicare,
2484 834 2683 874 vanum
2717 827 2770 875 et
2810 822 3143 891 superﬂuum
3177 840 3301 881 esse
3320 825 3469 882 dixe-

1889 914 1981 976 rit,
2021 928 2144 967 cum
2184 914 2567 983 unusquisque
2619 928 2811 968 eorum
2867 915 2960 985 qui
3011 916 3064 969 in
3112 917 3234 986 ejus
3264 921 3467 990 scripta

1892 1005 2206 1070 inciderint,
2246 1021 2309 1061 ex
2339 1006 2474 1075 ipsis
2501 1006 2665 1060 dictis
2682 1006 3009 1061 calumniam
3030 1012 3464 1080 possitarguere.

1893 1098 1990 1152 llic
2025 1097 2117 1152 Dei
2150 1098 2465 1168 dignitatem
2495 1098 2738 1153 doctoris
2779 1100 2953 1153 nostri
3010 1104 3469 1160 commentatione

1892 1187 2254 1257 antiquiorem
2314 1196 2583 1243 autumat.
2616 1187 2803 1259 Neque
2858 1205 2957 1244 nos
2994 1194 3465 1251 contradicimus:

1891 1280 2160 1349 siquidem
2199 1279 2291 1335 Dei
2325 1280 2579 1350 dignitas,
2634 1296 2799 1348 quam
2834 1281 3053 1350 quidem
3108 1283 3272 1337 etiam
3329 1285 3470 1340 hanc

1888 1373 2210 1428 existimare
2240 1381 2476 1443 oportet,
2513 1389 2619 1429 non
2652 1374 2828 1427 solum
2865 1382 3024 1428 astate
3085 1385 3272 1432 nostra
3320 1378 3472 1448 prior

1890 1474 1995 1531 est,
2024 1466 2117 1521 sed
2146 1468 2306 1521 etiam
2355 1466 2503 1519 omni
2566 1474 2839 1531 creatura,
2868 1475 2922 1521 et
2953 1468 3086 1535 ipsis
3113 1471 3331 1525 szeeulis
3366 1487 3467 1526 su-

1891 1560 2074 1630 perior
2110 1559 2334 1613 eminet.
2361 1557 2503 1624 Quid
2536 1559 2700 1629 igitur
2725 1574 2791 1613 ex
2840 1559 2925 1614 his
2974 1562 3213 1615 sermoni
3246 1563 3469 1626 accidit,

1893 1653 1938 1709 si
1963 1668 2071 1707 non
2098 1651 2295 1706 Basilio
2326 1652 2503 1706 solum
2557 1652 2650 1707 sed
2708 1653 2869 1706 etiam
2904 1654 3157 1708 omnibus
3181 1654 3346 1714 rebus
3374 1672 3473 1711 su-

1890 1747 2143 1815 perieret
2162 1745 2441 1815 antiquior
2459 1743 2551 1799 Dei
2570 1743 3113 1815 eenseturdignitas?
3132 1745 3247 1812 Nae,
3264 1747 3468 1818 inquit,

1896 1838 1988 1893 sed
2019 1839 2119 1892 hoc
2144 1853 2339 1891 nomen
2365 1836 2601 1907 dignitas
2645 1844 2751 1891 est.
2803 1835 2869 1890 Et
2896 1837 3020 1907 quis
3074 1837 3473 1896 demonstravit

1898 1930 2039 1984 idem
2094 1942 2218 1982 esse
2267 1942 2390 1980 cum
2454 1926 2718 1995 dignitate
2744 1926 3184 1996 appellationem,
3217 1930 3470 1985 utetiam

1897 2035 1998 2074 nos
2044 2019 2191 2074 dicto
2245 2017 2661 2072 assentiamur?
2708 2016 2922 2072 Nostrae
2967 2026 3198 2083 naturae,
3240 2022 3336 2084 ait,
3381 2021 3470 2077 lex

1897 2112 2054 2167 docet
2081 2112 2137 2165 in
2174 2111 2338 2166 rebus
2367 2125 2488 2179 quae
2515 2109 2893 2174 nominantur,
2953 2126 3063 2165 non
3089 2111 3145 2166 in
3179 2115 3474 2168 nominan-

1898 2201 2033 2255 tium
2074 2208 2343 2271 potestate
2378 2200 2659 2253 nominum
2706 2199 3024 2270 dignitatem
3062 2217 3185 2257 esse
3209 2204 3470 2273 positam.

1897 2293 2153 2360 Quaenam
2185 2294 2296 2346 haec
2324 2300 2532 2345 naturae
2561 2292 2683 2345 lex?
2727 2300 2781 2345 et
2824 2294 3099 2361 quomodo
3129 2309 3236 2349 non
3273 2295 3326 2350 in
3356 2312 3473 2350 om-

1899 2385 2063 2440 nibus
2106 2394 2295 2439 sancta
2320 2391 2374 2438 et
2422 2392 2537 2437 rata
2575 2392 2659 2438 est
2708 2383 2891 2438 habita
2922 2385 2945 2438 ’ἒ
2976 2384 3033 2439 Si
3083 2386 3227 2441 enim
3278 2397 3472 2443 natura

1897 2477 2029 2547 quid
2085 2477 2195 2531 tale
2245 2478 2359 2547 lege
2410 2476 2610 2539 sanxit,
2669 2475 2737 2530 de
2768 2476 3021 2532 omnibus
3055 2485 3234 2533 ratum
3280 2491 3384 2537 est.
3416 2479 3474 2536 Si

1898 2572 2041 2626 enim
2076 2580 2269 2626 natura
2327 2571 2435 2625 tale
2468 2570 2595 2639 quid
2633 2569 2822 2634 edixit,
2883 2570 2936 2623 in
2972 2571 3153 2626 omnia
3184 2572 3355 2647 ipsam
3384 2575 3479 2629 ha-

1900 2665 2027 2720 bere
2057 2663 2348 2734 imperium
2398 2669 2635 2731 oportet,
2677 2676 2798 2730 qua:
2846 2669 3099 2715 naturam
3122 2663 3473 2734 participant,

1899 2754 2355 2825 quemadmodum
2372 2755 2473 2807 alia
2489 2754 2672 2807 omnia
2697 2768 2819 2823 quae
2842 2762 2972 2808 sunt
2996 2762 3207 2808 naturae
3229 2756 3472 2827 propria.

1901 2843 1956 2897 Si
1984 2842 2151 2914 igitur
2183 2853 2393 2897 naturae
2426 2844 2511 2897 lex
2560 2857 2624 2896 ex
2656 2842 2820 2897 rebus
2870 2842 3259 2911 appellationes
3290 2847 3474 2902 enasci

1900 2935 2119 2998 faceret,
2148 2936 2289 2990 sicut
2312 2951 2378 2989 ex
2425 2934 2726 2989 seminibus
2762 2935 2844 2989 vel
2882 2935 3158 2993 radicibus
3203 2939 3473 3008 germina,

1900 3044 1998 3083 nec
2019 3028 2303 3082 hominum
2336 3027 2588 3082 instituto
2616 3036 2669 3082 et
2700 3027 2929 3082 arbitrio
2963 3029 3164 3097 quires
3197 3030 3348 3100 ipsas
3377 3032 3476 3087 de-

1900 3120 2133 3182 clarant,
2174 3116 2565 3188 signiticativas
2595 3132 2775 3171 rerum
2806 3118 3205 3174 nominationes
3252 3122 3479 3191 permit-

1898 3218 2055 3275 teret,
2105 3224 2294 3264 omnes
2328 3209 2575 3264 homines
2605 3224 2851 3265 essemus
2908 3210 3051 3265 inter
3079 3226 3179 3266 nos
3224 3214 3392 3269 unius
3423 3222 3479 3269 et

1893 3300 2137 3369 ejusdem
2183 3300 2402 3370 linguae.
2437 3299 2494 3354 Si
2521 3298 2665 3355 enim
2722 3302 2945 3353 nomina
3001 3301 3167 3357 rebus
3220 3304 3478 3374 imposita

1895 3409 2004 3448 nou
2056 3394 2453 3463 discreparent,
2504 3408 2682 3462 neque
2726 3407 2828 3446 nos
2860 3393 2912 3447 in
2980 3396 3251 3449 sermonis
3297 3399 3479 3465 specie

1895 3485 2330 3543 dissonaremus.
2350 3485 2612 3541 Sanctum
2663 3485 2847 3556 inquit
2890 3502 3033 3548 esse,
3054 3495 3107 3542 et
3122 3487 3480 3558 providentia

1896 3579 2001 3649 legi
2036 3578 2513 3649 cognatissimum,
2554 3593 2717 3633 voces
2755 3578 2991 3648 desuper
3042 3580 3206 3634 rebus
3238 3580 3472 3651 imponi.

1896 3670 2179 3737 Quomodo
2208 3670 2372 3740 igitur
2400 3669 2678 3740 propheta:
2706 3668 2809 3723 hoc
2831 3671 3007 3739 ipsum
3038 3678 3288 3724 sanctum
3324 3672 3481 3744 igno—

1896 3776 2112 3826 rarunt,
2144 3777 2245 3817 nec
2285 3763 2639 3832 providentiae
2684 3763 2855 3832 legem
2905 3762 3215 3818 didicerunt
3265 3764 3341 3818 illi
3380 3766 3475 3835 qui

1897 3868 2173 3923 nunquam
2198 3853 2498 3907 secundum
2522 3863 2672 3906 tuum
2707 3867 3013 3907 sermonem
3041 3853 3141 3924 τὴν
3155 3855 3480 3926 ἁγεννησίαν

1898 3941 2561 4007 deiﬁcarunt?Quomodo
2597 3950 2650 3996 et
2687 3942 2801 4012 ipse
2826 3942 2965 3998 Deus
2989 3944 3146 3998 talem
3173 3946 3479 4001 sanctitatis

1898 4034 2135 4105 speciem
2169 4032 2409 4103 ignorat,
2442 4035 2535 4102 qui
2571 4049 2677 4087 non
2710 4033 2945 4103 desuper
2998 4035 3326 4091 animalibus
3355 4052 3385 4090 a
3421 4053 3478 4090 se

1898 4127 2095 4184 creatis
2157 4127 2548 4197 appellationes
2616 4127 2885 4193 imponit,
2938 4126 3031 4181 sed
3115 4126 3321 4180 Adam.
3387 4128 3479 4181 ﬁn-

1899 4218 2071 4290 εεηάἰι
2088 4218 2312 4272 nomina
2340 4224 2659 4286 poteStatem
2686 4215 3062 4285 gratificatur?
3092 4216 3147 4271 Si
3180 4218 3323 4272 enim
3352 4234 3479 4289 pro-

1898 4310 2153 4366 videmiae
2172 4310 2276 4380 legi
2302 4317 2616 4377 cognatum,
2648 4310 2789 4362 sicut
2813 4308 3054 4377 loquitur
3084 4308 3401 4375 Eunomius.
3426 4319 3481 4366 et

1902 4412 2150 4458 sanctum
2182 4409 2266 4455 est
2305 4399 2542 4469 desuper
2578 4399 2744 4453 rebus
2794 4414 2956 4453 voces
3015 4399 3302 4469 impositas
3334 4416 3478 4462 esse.

1830 4523 1881 4582 Ι)
1906 4494 2194 4565 profanum
2230 4507 2480 4562 prorsus.
2534 4499 2590 4544 et
2622 4492 2846 4561 impium
2902 4503 3063 4561 atque
3121 4492 3511 4566 incongruum'

1908 4586 1975 4640 ab
2023 4585 2109 4641 bis
2172 4585 2262 4653 qui
2291 4582 2418 4637 Sunt
2482 4580 2624 4636 infra
2672 4582 2935 4635 vocabula
2965 4584 3128 4637 rebus
3172 4598 3483 4639 accommo.

1906 4681 2045 4735 dari.
3324 4664 3337 4681 ⁶

1983 4769 2109 4832 Sed,
2162 4767 2362 4837 inquit,
2402 4764 2635 4818 omnium
2663 4774 2898 4825 curator,
2932 4765 3129 4834 opiﬁcii
3157 4766 3263 4835 lege
3288 4764 3482 4819 nostris

1910 4864 2104 4919 animis
2133 4878 2222 4916 eas
2268 4861 2498 4913 inserere
2528 4874 2734 4926 (equum
2764 4859 2985 4912 censuit.
3026 4857 3091 4910 Et
3120 4859 3166 4912 si
3212 4858 3325 4911 haec
3365 4860 3483 4912 ani-

1909 4954 2012 5008 mis
2045 4952 2327 5006 hominum
2368 4957 2495 5004 sunt
2545 4948 2819 5017 inspersa,
2851 4943 3128 5015 quomodo
3168 4944 3235 4997 ab
3272 4944 3482 4998 Adamo

1911 5057 2083 5113 usque
2133 5041 2200 5095 ad
2249 5048 2398 5094 tuam
2453 5038 2944 5106 transgressionem
3004 5035 3167 5102 hujus
3223 5034 3483 5089 vanitatis

1910 5138 2122 5193 fructus
2161 5150 2270 5189 non
2301 5134 2520 5204 prodiit,
2554 5132 2749 5185 animis
2781 5129 3085 5189 hominum,
3115 5138 3174 5182 ut
3199 5135 3257 5182 tu
3294 5129 3483 5199 loque-

1911 5231 2010 5290 ris,
2061 5229 2277 5287 insitus,
2331 5234 2391 5279 ut
2437 5240 2635 5280 nomen
2683 5220 2933 5277 essentia:
2981 5228 3273 5276 vocaretur
3320 5222 3483 5290 ἀγεν-

1910 5322 2091 5395 νησία,
2135 5319 2263 5373 illud
2293 5318 2493 5388 quippe
2522 5315 2747 5369 dixisset
2781 5313 2944 5366 etiam
2974 5313 3236 5375 Adamus,
3284 5321 3339 5368 et
3390 5313 3483 5383 qui

1912 5414 2168 5481 deinceps
2196 5414 2263 5464 ab
2304 5410 2394 5463 illo
2424 5405 2596 5461 exorti
2628 5412 2754 5459 sunt
2780 5419 2993 5465 omnes,
3023 5404 3288 5472 siquidem
3320 5420 3351 5458 a
3374 5403 3483 5457 Deo

1913 5505 2019 5559 tale
2048 5512 2254 5556 natura:
2285 5499 2507 5551 insitum
2537 5502 2672 5550 erat.
2705 5493 3169 5559 Quemadmodum
3194 5494 3338 5549 enim
3364 5510 3483 5565 qua!

1913 5607 1975 5646 ex
2005 5598 2148 5643 terra
2176 5587 2497 5645 funduntur,
2522 5599 2587 5637 ex
2614 5583 2860 5637 seminali
2889 5585 3237 5641 successione
3263 5599 3291 5636 a
3310 5586 3480 5655 prima

1915 5684 2187 5739 creatione
2219 5695 2432 5748 semper
2469 5684 2807 5747 permanent,
2865 5676 3181 5745 nullumque
3219 5692 3405 5731 semen
3452 5693 3483 5730 a

1913 5784 2110 5829 natura
2151 5774 2205 5827 in
2247 5771 2535 5843 praesentia
2575 5769 2890 5836 innovatur,
2944 5770 3025 5823 sic
3071 5780 3125 5824 et
3173 5768 3261 5825 hic
3303 5783 3483 5825 sermo
