4006 6488
544 336 683 393 1093

1813 325 1871 377 S.
1912 321 2238 379 GREGORN
2277 322 2566 378 NYSSENI

3668 323 3801 377 ΚΗΘ

543 454 809 527 siquidem
838 455 1007 512 esset,
1064 454 1124 499 ut
1171 452 1230 498 tu
1274 444 1378 504 ais,
1425 450 1636 495 natura:
1669 456 1700 492 ιι
1747 438 1856 493 Deo
1888 438 2110 501 insitus,

2236 439 2439 508 top/avri
2490 439 2711 510 σπέρμα
2746 442 3147 509 καινοτομεῖται
3194 434 3346 507 παρά
3389 435 3492 503 τῆς
3551 434 3806 503 φύσεως,

544 563 668 603 cum
712 544 885 614 prima
912 545 1196 609 parentum
1228 536 1651 605 primigenarum
1691 545 1823 584 voce
1852 529 2116 599 pullulas-

546 649 651 702 set,
683 646 736 691 et
766 649 889 690 cum
922 640 1269 702 posterorum
1298 625 1649 681 successione
1672 622 1985 693 prodiisset.
2010 619 2121 673 Sed

546 728 803 800 quoniam
840 726 945 778 hoc
978 722 1045 776 ab
1094 719 1251 774 initio
1285 734 1389 771 non
1421 724 1560 778 erat,
1612 716 1794 768 nullus
1832 712 1977 765 enim
2010 711 2124 780 pri-

546 835 758 875 morum
815 818 915 870 fuit
960 828 1134 884 usque
1181 812 1246 865 ad
1293 809 1543 862 homines
1594 808 1759 875 hujus
1807 807 2003 865 aetatis,
2056 803 2124 856 ad

548 930 688 984 quos
725 912 831 964 talo
866 910 1081 963 locutus
1129 917 1233 965 est,
1286 902 1633 971 perspicuum
1670 900 1830 967 plane
1860 905 1942 952 est
1980 894 2126 965 quod

550 1005 920 1061 adulterinum
973 1000 1105 1071 quid
1151 1006 1205 1053 et
1254 1009 1534 1066 perperam
1588 986 1866 1047 inventum
1914 1006 1977 1044 ex
2024 990 2127 1042 hoc

551 1098 801 1152 Iuliorum
859 1101 980 1149 satu
1034 1099 1255 1146 enatum
1304 1098 1413 1150 est,
1468 1101 1578 1139 non
1620 1101 1683 1140 ex
1729 1082 1973 1153 pulchris
2019 1080 2128 1134 illis

560 1188 862 1244 seminibus
914 1198 1036 1253 quae
1090 1188 1300 1234 natura
1347 1194 1497 1248 agro,
1553 1185 1609 1228 ut
1658 1190 1781 1228 cum
1834 1172 2128 1243 Evangelia

557 1283 753 1348 loquar
776 1278 843 1337 ’°,
881 1276 1023 1328 Deus
1059 1270 1366 1325 mandavit:
1413 1284 1534 1338 quae
1556 1268 1700 1321 enim
1732 1267 1889 1336 plane
1921 1272 2048 1318 sunt
2073 1265 2126 1317 in

554 1368 828 1427 communi
856 1376 1071 1429 natura,
1099 1378 1205 1416 non
1247 1376 1392 1415 nunc
1424 1370 1483 1414 ut
1514 1360 1626 1413 sint
1668 1358 1997 1428 principium
2031 1356 2129 1408 ha-

552 1461 700 1521 bent,
728 1456 822 1512 sed
852 1472 915 1510 ex
940 1455 1114 1525 prima
1154 1451 1547 1507 constitutione
1575 1464 1697 1502 cum
1732 1455 1925 1501 natura
1958 1462 2127 1515 appa-

553 1560 815 1605 ruerunt:
860 1549 1004 1601 sicut
1053 1542 1322 1599 sentiendi
1375 1544 1863 1596 instrumentorum
1897 1538 2125 1598 functio,

552 1645 605 1691 et
652 1651 776 1699 cum
812 1633 880 1687 ad
928 1630 1137 1702 aliquid
1182 1632 1343 1684 homo
1370 1628 1669 1699 cupiditate
1715 1629 1994 1689 incitatur,
2043 1627 2125 1682 vel

554 1730 844 1790 alienatur,
872 1735 925 1779 et
954 1726 1000 1780 si
1032 1724 1162 1794 quid
1190 1723 1333 1777 aliud
1363 1724 1471 1775 tale
1493 1720 1811 1776 conceditur
1837 1736 2125 1774 commune

555 1827 785 1882 naturae,
813 1788 1206 1885 quorum-nihil
1238 1813 1290 1865 in
1311 1812 1543 1880 posteris
1566 1811 1675 1864 vita
1706 1811 2006 1872 innovavit,
2038 1811 2130 1864 sed
2166 1788 2207 1841 Β

554 1915 609 1969 in
650 1912 786 1982 ipsis
817 1907 1243 1979 proprietatibus
1286 1921 1315 1957 a
1362 1904 1552 1973 primis
1597 1918 1770 1972 usque
1813 1904 1881 1955 ad
1913 1902 2136 1956 ultimos

555 2012 912 2060 conservatur
935 2016 1155 2070 semper
1194 1997 1341 2067 quod
1369 1997 1674 2050 humanum
1716 2003 1818 2059 est,
1870 1996 2004 2049 nihil
2037 2011 2137 2048 na-

556 2106 677 2150 tura
695 2108 873 2163 neque
890 2106 1085 2147 eorum
1116 2105 1237 2159 quze
1264 2104 1293 2140 a
1325 2088 1593 2156 principio
1615 2088 1803 2141 insunt
1828 2086 2137 2169 obiiciente,

555 2202 733 2255 neque
771 2198 957 2239 eorum
1010 2196 1134 2250 qua:
1179 2196 1287 2234 non
1344 2180 1533 2233 insunt
1586 2188 1922 2235 assumente.
1984 2177 2141 2231 Sicut

556 2280 761 2342 videre,
794 2284 1005 2329 natura:
1028 2272 1246 2341 quidem
1275 2287 1474 2325 munus
1513 2285 1636 2325 esse
1664 2285 1827 2324 nemo
1855 2285 1963 2323 non
1999 2284 2134 2322 con-

500 2368 509 2373 ’
559 2368 761 2432 litetur,
804 2364 899 2420 sed
934 2363 1232 2417 artiliciose
1258 2362 1442 2416 videre
1474 2376 1539 2413 ex
1585 2362 1855 2415 industria
1882 2368 1936 2414 et
1967 2359 2139 2414 artifi-

558 2458 647 2511 cio
678 2456 747 2509 iis
779 2453 870 2522 qui
898 2450 1149 2507 scientiis
1172 2460 1227 2504 et
1264 2449 1571 2519 disciplinis
1602 2464 1823 2518 Operam
1868 2447 2141 2517 impendio

557 2547 825 2603 dederunt
846 2543 1083 2597 advenit.
1118 2543 1237 2597 Non
1264 2542 1407 2596 enim
1434 2541 1677 2595 omnium
1716 2541 1945 2609 dioptrae
1964 2540 2143 2594 scien-

567 2638 710 2693 tilica
735 2635 999 2706 cognitio,
1036 2634 1119 2687 vel
1147 2632 1597 2703 geometricarum
1632 2632 1896 2685 linearum
1922 2630 2144 2683 demon-

558 2726 784 2783 strativa
818 2722 1231 2791 contemplatio,
1267 2722 1348 2776 vel
1380 2722 1425 2775 si
1458 2720 1586 2789 quid
1631 2721 1737 2775 tale
1770 2719 1920 2774 aliud
1956 2735 1984 2772 a
2013 2720 2138 2788 qui-

557 2819 660 2873 bus
696 2832 804 2870 non
847 2815 1052 2877 videte,
1103 2814 1199 2869 sed
1231 2812 1299 2866 ad
1348 2812 1552 2882 aliquid
1595 2812 1673 2865 uti
1713 2810 1935 2866 videndi
1990 2821 2139 2876 actu,

559 2908 627 2962 ab
660 2915 774 2961 arte
818 2907 1100 2960 inventum
1146 2912 1265 2959 est:
1332 2904 1411 2958 sic
1460 2904 1674 2957 ratione
1718 2902 1905 2957 utendi
1946 2916 2142 2955 munus

559 3013 849 3053 commune
886 2996 1105 3067 quidem
1150 3010 1274 3051 esse
1310 2996 1567 3049 lmmana:
1603 3001 1813 3048 natura:
1856 2993 2056 3048 dixerit
2089 3002 2143 3048 et

560 3092 867 3159 proprium,
911 3089 1147 3155 desuper
1172 3100 1296 3139 cum
1345 3096 1539 3140 natura
1566 3094 1619 3139 et
1656 3085 1963 3140 substantia
2004 3099 2135 3137 con-

561 3183 745 3237 situm.
779 3179 884 3233 Sed
914 3178 1076 3232 rebus
1099 3192 1219 3247 quae
1250 3187 1377 3231 sunt
1410 3193 1568 3231 voces
1602 3177 1842 3231 invenire
1874 3185 1928 3230 et
1956 3175 2133 3245 appel-

562 3274 788 3326 lationes
842 3286 1022 3325 rerum
1080 3270 1469 3339 signiﬁcativas
1530 3270 1811 3323 hominum
1864 3286 1987 3325 esse
2036 3268 2128 3338 qui

561 3365 923 3419 ratiocinandi
967 3364 1277 3418 facultatem
1326 3379 1355 3416 a
1408 3364 1517 3417 Deo
1572 3364 1625 3417 in
1676 3364 1870 3432 seipsis
1908 3362 2130 3427 habent,

562 3458 655 3530 qui
703 3472 935 3525 semper,
972 3464 1031 3507 ut
1070 3455 1205 3523 ipsis
1234 3456 1431 3524 placet,
1464 3454 1530 3508 ad
1570 3469 1760 3509 eorum
1801 3470 1923 3523 qua:
1951 3453 2134 3508 decla-

564 3557 754 3601 rantnr
783 3546 1221 3615 explanationem
1248 3546 1514 3598 dictiones
1543 3546 1754 3613 aliquas
1777 3560 1959 3600 rerum
1990 3545 2134 3615 ipsa-

567 3657 685 3693 rum
720 3638 928 3693 indices
955 3648 1009 3692 et
1038 3648 1194 3692 notas
1226 3637 1557 3707 excogitant.
1594 3638 1698 3691 Sed
1733 3637 1778 3691 si
1820 3637 1934 3691 haec
1964 3636 2134 3690 robur

566 3732 819 3792 habeant,
849 3729 1081 3783 duorum
1109 3727 1287 3797 inquit
1322 3728 1551 3781 alterum
1584 3727 1779 3787 astrui,
1810 3727 1894 3780 vel
1923 3726 2007 3779 his
2040 3726 2133 3793 qui

563 3821 1054 3876 comminiscuntur
1087 3819 1599 3873 commentationem
1632 3819 2017 3887 antiquiorem,
2050 3818 2133 3871 vel

567 3916 678 3971 Deo
714 3913 1011 3969 secundum
1048 3919 1299 3965 naturam
1330 3911 1720 3965 convenientes
1747 3911 2135 3981 appellationes

564 4020 619 4061 et
674 4006 928 4061 omnibus
972 4004 1407 4073 pratexsistentes
1454 4002 1734 4057 hominum
1786 4003 2135 4072 generatione

570 4098 919 4169 posteriores.
969 4094 1110 4164 Ergo
1155 4094 1355 4149 talibus
1384 4095 1794 4164 repugnandum
1833 4102 1917 4149 est
1950 4104 2004 4149 et
2035 4096 2135 4151 ob-

568 4196 846 4254 standum,
879 4197 931 4243 et
966 4188 1031 4241 ad
1061 4196 1170 4240 tam
1207 4186 1489 4241 molestam
1521 4186 1811 4239 amentiam
1844 4201 1939 4255 per
1968 4186 2135 4241 ratio-

577 4302 696 4339 nem
729 4279 1147 4336 conserendum.
1180 4277 1379 4347 Ecquis
1423 4277 1495 4332 ita
1525 4277 1750 4346 simplex
1783 4289 1843 4331 ut
1882 4294 1977 4347 per
2010 4280 2137 4333 talia

570 4376 689 4433 laedi
724 4384 874 4443 putet
905 4384 959 4428 et
990 4373 1280 4432 existimet,
1313 4372 1358 4425 si
1384 4371 1547 4425 verba
1575 4370 1995 4425 ratiocinatricis
2013 4386 2139 4426 esse

2223 532 2395 593 οὕτως
2427 532 2520 584 καὶ
2562 534 2591 584 ὁ
2631 531 2788 599 λόγος
2829 524 2982 592 οὗτος
3024 530 3181 599 εἴπερ
3214 524 3303 598 ἦν,
3335 527 3517 590 καθὼς
3567 528 3634 579 σὺ
3664 530 3774 595 φῂς
3792 570 3807 592 9

2223 623 2405 677 θεόθεν
2447 623 2892 694 κατεσπαρμένος
2932 624 3000 692 τῇ
3048 622 3240 688 φύσει,
3272 623 3338 689 τῇ
3373 617 3569 689 πρώτῃ
3592 618 3675 671 τᾶν
3702 618 3809 670 ὠν

2226 716 2663 787 πρωωπλάστων
2712 718 2862 785 φωνῇ
2898 713 3296 782 συνεόλάστησε
3319 754 3332 773 ,
3364 713 3456 764 καὶ
3484 714 3553 780 τῇ
3592 710 3809 777 διαδοχῇ

2225 811 2332 861 τῶν
2358 808 2747 878 ἐπιγινομένων
2782 806 3211 876 συνδιεξήρχετο.
3264 806 3399 856 Ἀλλ’
3433 803 3627 872 ἐπειδὴ
3656 802 3814 854 τοίτο

2233 901 2382 970 παρά
2432 901 2531 970 τὴν
2582 901 2804 971 πρώτην
2859 900 2959 951 οὐκ
2998 893 3087 968 ἦν,
3130 896 3303 958 οὐδεὶς
3343 895 3453 965 γὰρ
3504 894 3619 947 τῶν
3668 891 3814 962 πρώ-

2227 1009 2333 1044 των
2366 992 2526 1061 μέχρι
2556 991 2663 1042 τῶν
2707 990 2799 1043 νῦν
2829 988 3129 1059 ἀνθρώπων)
3164 989 3301 1057 πρὸς
3330 986 3422 1049 οὓς
3463 987 3524 1039 τὸ
3569 984 3814 1037 τοιοῦτον

2227 1085 2556 1154 ἐφθέγξατο,
2596 1083 2753 1152 δῆλον
2778 1083 2860 1135 ὅτι
2895 1081 3046 1135 νόθον
3073 1097 3126 1132 τι
3154 1080 3248 1134 καὶ
3299 1078 3730 1149 παρευρημένον
3752 1078 3814 1127 ὲκ

2227 1179 2325 1248 τῆς
2355 1176 2706 1240 ζιζανιώδους
2734 1174 2939 1243 ἀνεφύη
2991 1176 3194 1243 σπορᾶς
3214 1213 3227 1236 ,
3254 1172 3352 1225 οὐκ
3390 1173 3455 1224 ἐκ
3484 1170 3599 1223 τῶν
3632 1170 3815 1221 καλῶν

2230 1269 2449 1322 ἐκείνων
2478 1268 2827 1339 σπερμάτων,
2856 1267 2891 1320 ἃ.
2914 1265 2989 1335 τῷ
3029 1266 3180 1335 ἀγρῷ
3209 1265 3307 1334 τῆς
3344 1263 3562 1332 φύσεως
3586 1302 3600 1325 ,
3645 1262 3814 1328 εὐαγ-

2230 1360 2460 1428 γελικῶς
2488 1362 2680 1421 εἰπεῖν,
2726 1361 2754 1411 ὁ
2790 1358 2922 1419 Θεὸς
2954 1355 3297 1410 κατεϐάλετο.
3326 1356 3467 1407 Ὅσα
3494 1352 3609 1423 γὰρ
3646 1353 3710 1404 ὲν
3750 1356 3814 1419 τῇ

2230 1456 2378 1523 κοινῇ
2416 1452 2573 1522 φύσει
2595 1452 2809 1514 πάντως
2833 1452 2996 1511 ἐστὶν,
3019 1450 3078 1502 οὔ
3108 1448 3201 1500 νῦν
3227 1448 3319 1500 τοῦ
3343 1443 3481 1500 εἶναι
3506 1448 3611 1515 τὴν
3640 1445 3815 1515 ἀρχὴν

2232 1544 2365 1615 ἔχει,
2415 1544 2531 1597 ἀλλ’
2574 1546 2637 1597 ὲκ
2690 1544 2790 1613 τῆς
2851 1541 3073 1612 πρώτης
3118 1540 3428 1602 συστάσεως
3468 1538 3814 1606 συνα-ιεῳάνη

2228 1636 2294 1703 τῇ
2327 1632 2506 1700 φύσει·
2538 1632 2615 1695 ὡς
2644 1633 2677 1699 ἦ
2709 1650 2767 1685 τε
2794 1632 2901 1684 τῶν
2935 1628 3301 1700 αἰσθητηρέων
3332 1628 3605 1699 ἐνέργεια,
3640 1628 3737 1679 καὶ
3764 1628 3817 1678 τὸ

2238 1725 2373 1795 πρός
2398 1743 2451 1778 τι
2483 1724 2574 1777 τὸν
2620 1723 2903 1794 ἄνθρωπον
2956 1720 3397 1791 ἐπιθυμητικῶς,
3433 1719 3467 1788 ἦ
3516 1718 3818 1787 ἀλλοτρίως

2238 1817 2402 1886 ἔχειν,
2433 1817 2527 1869 καὶ
2556 1816 2609 1868 εἴ
2635 1834 2687 1868 τι
2717 1816 2843 1869 ἄλλο
2871 1815 3107 1867 τοιοῦτον
3132 1813 3472 1883 ὁμολογεῖται
3503 1812 3691 1865 κοινὸν
3721 1812 3818 1879 τῆς

2238 1909 2471 1978 φύσεως,
2500 1903 2575 1961 ὧν
2606 1908 2756 1960 οὐδὲν
2790 1910 2846 1959 ὲν
2886 1909 2996 1969 τοῖς
3031 1904 3427 1973 ἐπιγινομένοις
3450 1906 3477 1956 ὁ
3509 1904 3627 1973 βίος
3666 1904 3816 1954 ὲκαιο

2238 2000 2569 2068 νοτόμησεν,
2608 1992 2749 2052 ἀλλ”
2774 1999 2831 2050 ἐν
2867 2000 2980 2057 τοῖς
3020 1999 3199 2060 αὐτοῖς
3235 1996 3520 2065 ξδιώμασιν
3563 1996 3679 2049 ἀπὸ
3711 1996 3819 2047 τῶν

2238 2087 2469 2157 πρώτων
2505 2088 2663 2159 μέχρι
2698 2088 2805 2141 τῶν
2840 2089 3079 2157 ἐσχάτων
3115 2090 3458 2157 συντηρεῖται
3486 2086 3577 2138 διὰ
3619 2086 3822 2146 παντὸς

2238 2180 2299 2232 τὸ
2322 2179 2677 2250 ἀνθρώπινον·
2716 2180 2867 2234 οὐδὲν
2892 2181 2990 2250 τῆς
3022 2180 3233 2250 otioso);
3262 2178 3382 2231 οὔτε
3414 2178 3522 2231 τῶν
3550 2176 3611 2242 ἐξ
3646 2176 3821 2246 ἀρχῆς

2241 2270 2548 2341 προσόντων
2592 2270 3001 2342 ἀποϐαλλούσης
3027 2312 3041 2333 ,
3087 2270 3209 2324 οὔτε
3239 2270 3346 2323 τῶν
3379 2270 3453 2341 μὴ
3504 2270 3821 2339 προσόντων

2242 2359 2781 2430 προσλαμϐανούσης.
2808 2360 3016 2431 Ὥσπερ
3038 2359 3095 2412 δὲ
3118 2359 3177 2411 τὸ
3210 2359 3305 2428 μὲν
3330 2359 3461 2427 ὁρᾷν
3485 2356 3671 2408 κοινὸν
3701 2355 3824 2424 ὁμο-

2242 2452 2475 2519 λογεῖται
2496 2452 2596 2521 τῆς
2621 2451 2833 2519 φύσεως
2852 2492 2865 2514 ,
2895 2452 2955 2504 τὸ
2980 2451 3037 2504 δὲ
3063 2450 3321 2520 τεχνικῶς
3361 2451 3497 2520 ὁρᾷν
3531 2449 3592 2513 ἐξ
3627 2451 3820 2517 ἐπιτηο

2240 2544 2471 2606 δεύσεως
2490 2546 2601 2607 τοῖς
2622 2542 2975 2597 ἐσπουδακόσι
3000 2544 3127 2613 περὶ
3138 2542 3237 2605 τὰς
3263 2542 3574 2611 ἐπιστήμας
3592 2542 3824 2610 προσγί-

2241 2654 2406 2689 νεται.
2436 2637 2509 2688 Ού
2530 2636 2638 2705 γὰρ
2664 2634 2880 2687 πάντων
2922 2635 3069 2687 ἐστὶν
3098 2636 3131 2704 ή
3161 2634 3248 2686 διὰ
3279 2636 3377 2702 τῆς
3408 2633 3678 2702 διόπτρας
3705 2634 3825 2684 ἑπι-

2244 2729 2539 2799 στημονικὴ
2574 2728 2918 2797 κατανόησις,
2943 2727 2975 2799 ἢ
3000 2726 3108 2778 τῶν
3130 2724 3519 2796 γεωμετρικῶν
3540 2725 3825 2795 γραμμῶν

2240 2824 2273 2892 ἡ
2305 2822 2660 2890 ἀποδεικτικὴ
2683 2821 2905 2890 θεωρία,
2928 2820 2960 2889 ἢ
2986 2820 3038 2872 εἴ
3078 2836 3128 2871 τι
3155 2818 3361 2883 τοιοῦτο
3390 2819 3603 2889 ἕτερον,
3632 2820 3727 2885 ἀφ’
3751 2813 3825 2871 ὧν

2241 2915 2301 2967 οὐ
2330 2914 2391 2966 τὸ
2420 2913 2655 2983 βλέπειν,
2682 2912 2817 2965 ἀλλά
2846 2912 2905 2964 τὸ
2932 2912 3069 2982 πρός
3090 2927 3140 2963 τι
3164 2911 3459 2982 κεχρῆσθαι
3492 2910 3572 2981 τῷ
3604 2910 3824 2979 βλέπειν

2245 3006 2394 3075 παρά
2422 3005 2521 3074 τῆς
2552 3005 2747 3073 τέχνης
2798 3003 3132 3073 ὲφεύρηται’
3169 3002 3310 3055 οὓτω
3354 3003 3447 3054 καὶ
3488 3002 3552 3055 τὸ
3604 3002 3825 3070 λογικὸν

2246 3096 2343 3164 μὲν
2367 3090 2525 3157 εἶναι,
2552 3095 2727 3147 κοινὸν
2760 3093 2824 3147 ἄν
2854 3112 2935 3157 τις
2961 3094 3106 3146 εἴποι
3132 3094 3229 3163 τῆς
3252 3092 3598 3162 ἀνθρωπίνης
3633 3095 3823 3155 ούσίας

2236 3188 2329 3241 καὶ
2364 3188 2493 3241 [διον
2526 3185 2735 3241 ἄνωθεν
2768 3184 3309 3253 συγκατουσιωμένον
3340 3187 3405 3254 τῇ
3440 3184 3625 3251 φύσει.
3665 3184 3741 3235 To
3769 3184 3824 3237 δὲ

2232 3284 2341 3343 τοῖς
2362 3276 2479 3332 οὖσι
2512 3279 2849 3349 σημαντικὰς
2865 3278 3401 3349 φωνάςὲφευρίσκειν
3426 3281 3519 3329 καὶ
3541 3296 3822 3347 προσηγο-

2236 3370 2352 3441 ρίας
2386 3369 2493 3421 τῶν
2533 3367 2834 3437 ἀνθρώπων
2872 3364 3010 3420 εἶναι
3050 3368 3157 3420 τῶν
3195 3367 3290 3437 τὴν
3325 3366 3546 3435 λογικὴν
3587 3368 3819 3437 δύναμιν

2234 3460 2417 3513 θεόθεν
2461 3461 2518 3511 ὲν
2557 3461 2772 3521 ἑαυτοῖς
2818 3458 3188 3527 κεκτημένων,
3236 3457 3343 3511 τῶν
3385 3460 3492 3521 ἀεὶ,
3542 3460 3691 3513 κατα
3766 3462 3821 3511 τὸ

2232 3553 2484 3621 ἀρέσκον,
2513 3552 2695 3614 αὐτοῖς
2720 3551 2852 3620 πρὸς
2878 3551 2977 3620 τὴν
3000 3549 3110 3601 τῶν
3140 3548 3482 3619 δηλουμένων
3516 3553 3820 3621 σαφήνειαν

2232 3644 2405 3710 λέξεις
2428 3647 2578 3707 τινας
2601 3644 2708 3697 τῶν
2734 3644 3074 3715 πραγμάτων
3096 3640 3434 3711 ὲμφαντικὰς
3461 3643 3820 3713 ἐφευρισκὸνο

2233 3755 2360 3792 των.
2400 3737 2539 3790 Ἀλλ’
2572 3736 2667 3790 ὲάν
2696 3737 2869 3790 ταῦτα
2905 3740 3080 3808 κρατῇ
3101 3778 3115 3799 ,
3145 3736 3287 3788 δυοῖν
3312 3751 3441 3805 φησι
3476 3738 3822 3789 κατασκευά-

2233 3826 2419 3890 ζεσθαι
2441 3826 2737 3897 θάτερον,ἢ
2765 3826 2872 3879 τῶν
2896 3826 3250 3879 ἐπινοούντων
3273 3823 3370 3895 τὴν
3396 3823 3646 3875 ἐπίνοιαν
3685 3839 3820 3891 πρε-

2235 3918 2497 3991 σϐυτέραν
2521 3919 2553 3990 ἢ
2575 3917 2675 3979 τὰς
2688 3918 2765 3988 τῷ
2783 3918 2900 3990 Θεῷ
2914 3918 3054 3971 κατά
3073 3917 3232 3988 φύσιν
3248 3916 3629 3987 προσηκούσας
3650 3932 3821 3987 προσ-

2234 4013 2459 4084 ηγορίας
2482 4012 2577 4065 καὶ
2605 4012 2821 4065 πάντων
2851 4010 3307 4082 προϋπαρχούσας
3324 4052 3337 4074 ,
3365 4013 3465 4080 τῆς
3486 4009 3598 4061 τῶν
3619 4009 3823 4078 ἀνθρώ-

2234 4122 2350 4157 πων
2379 4104 2645 4171 γενέσεως
2668 4102 2919 4171 ὑστέρας.
2954 4103 3095 4173 "Aput
3123 4119 3185 4169 γε
3204 4099 3341 4169 πρὸς
3365 4099 3430 4152 τὰ
3452 4098 3682 4152 τοιαῦτα
3711 4100 3823 4150 δια-

2238 4194 2501 4266 μάχεσθαι
2524 4194 2651 4265 χρὴ,
2676 4194 2769 4247 καὶ
2796 4193 2929 4263 πρὸς
2950 4192 3046 4264 τὴν
3074 4191 3247 4255 οὕτως
3268 4190 3491 4261 ἔκδηλον
3513 4191 3707 4243 ἄνοιαν
3738 4190 3823 4241 διὰ

2233 4285 2324 4339 τοῦ
2346 4286 2499 4353 λόγου
2519 4285 2942 4354 συμπλέκεσθαι.
2966 4285 3075 4337 Καὶ
3100 4286 3183 4347 τίς
3199 4283 3367 4346 οὕτως
3392 4281 3614 4352 εὐτελὴς
3632 4284 3714 4344 ὡς
3736 4281 3823 4334 διὰ

2237 4377 2347 4429 τῶν
2374 4377 2627 4430 τοιούτων
2660 4376 2919 4447 βλαεῆναι
2956 4377 3053 4429 καὶ
3085 4376 3338 4446 νομίσαι,
3370 4376 3421 4426 εἰ
3464 4374 3560 4441 τῆς
3593 4373 3823 4440 λογικῆς

571 4467 843 4521 facultatis
869 4465 1182 4525 credantur,
1219 4462 1340 4515 ideo
1381 4462 1543 4515 etiam
1575 4461 1905 4516 conﬁteatur
1944 4463 2136 4516 verbo-

2242 4470 2520 4539 δυνάμεως
2547 4464 2684 4523 εἶναι
2717 4469 3028 4540 πιστευθείη
3058 4469 3126 4521 τὰ
3156 4470 3394 4539 ῥήματα,
3426 4467 3520 4519 καὶ
3551 4465 3823 4536 πρεσϐευ-

572 4575 690 4612 rum
740 4572 901 4611 voces
955 4555 1300 4623 loquentibus
1348 4569 1469 4608 esse
1532 4553 1893 4622 antiquiores,
1941 4555 2028 4609 vel
2083 4556 2140 4609 in

574 4651 740 4705 Deum
771 4666 829 4705 se
858 4663 1083 4719 peccare
1113 4648 1408 4709 existimet.
1447 4648 1494 4701 si
1533 4647 1803 4711 homines,
1850 4657 2138 4718 postquam

572 4742 739 4814 geniti
772 4751 918 4805 sunt,
971 4753 1069 4809 pro
1095 4748 1255 4808 captu
1291 4755 1392 4794 suo
1422 4738 1587 4793 Deum
1628 4740 1947 4794 nominant?
1983 4740 2141 4806 Quod

571 4835 716 4891 enim
744 4832 1154 4904 supereminens
1176 4840 1371 4885 natura
1404 4846 1509 4883 non
1532 4830 1769 4898 indigeat
1794 4832 1996 4895 verbis,
2020 4847 2140 4902 quae

573 4942 705 4981 voce
738 4935 791 4980 et
817 4925 997 4995 lingua
1028 4922 1427 4992 exprimuntur,
1458 4922 1568 4991 jam
1596 4922 1802 4977 dictum
1831 4932 1943 4989 est;
1974 4934 2139 4993 atque

575 5018 907 5087 superﬂuum
951 5014 1114 5068 fuerit
1154 5026 1248 5082 per
1285 5011 1399 5065 lucc
1443 5012 1742 5067 molestiam
1781 5024 1835 5068 et
1866 5014 2143 5070 fastidium

575 5109 810 5163 orationi
842 5108 1105 5162 inserere.
1138 5104 1270 5158 Nam
1300 5105 1446 5173 quod
1496 5113 1688 5159 natura
1716 5106 1920 5160 nullius
1949 5109 2023 5161 rei
2058 5108 2141 5161 in-

574 5200 794 5272 dignum
825 5207 929 5262 est,
958 5208 1012 5254 et
1042 5196 1339 5267 perfectum
1381 5210 1481 5250 nec
1511 5196 1843 5260 redundans,
1869 5200 2002 5252 nihil
2035 5215 2141 5254 non

578 5295 738 5349 habet
763 5308 949 5347 eorum
973 5306 1092 5361 qua;
1122 5298 1252 5345 sunt
1278 5292 1611 5356 necessaria,
1644 5307 1820 5361 neque
1846 5293 2140 5362 quidquam

578 5385 738 5438 habet
780 5400 967 5439 eorum
1000 5399 1124 5452 quae
1173 5397 1283 5436 non
1319 5390 1446 5435 sunt
1496 5384 1830 5436 necessaria.
1877 5382 2143 5447 Quoniam

578 5470 743 5539 igitur
769 5486 878 5524 non
918 5470 967 5524 ei
996 5485 1131 5538 opus
1163 5477 1250 5523 est
1278 5471 1611 5524 nominativa
1658 5472 2042 5540 appellatione,
2080 5490 2145 5527 ex

578 5561 1009 5632 praecedentibus
1032 5561 1377 5615 sci-monibus
1403 5562 1829 5617 demonstratum
1852 5576 1954 5629 est,
1984 5574 2147 5637 atque

647 5736 692 5769 ”
719 5735 908 5793 Matth.
941 5751 1039 5799 vI.,
1076 5735 1165 5801 28,
1201 5751 1324 5804 sqq.

2244 4561 2408 4629 τέρας
2426 4561 2537 4615 τῶν
2570 4560 2869 4614 λαλούντων
2894 4560 3173 4631 ὁμολογεῖν
3210 4556 3345 4613 εἶναι
3369 4559 3468 4622 τὰς
3498 4559 3612 4611 τῶν
3641 4559 3823 4628 ῥημά-

2244 4672 2353 4706 των
2383 4654 2583 4722 φωνὰς,
2609 4655 2641 4724 ἦ
2678 4650 3017 4723 πλήμμελείν
3058 4656 3136 4716 εἰς
3162 4654 3223 4706 τὸ
3252 4650 3400 4705 Θεῖον
3431 4650 3640 4703 οἴεσθαι
3659 4693 3675 4715 ,
3716 4652 3823 4703 τῶν

2246 4743 2565 4815 ἀνθρώπων,
2598 4742 2778 4807 καθὼς
2811 4743 3045 4814 χωροῦσι
3072 4742 3211 4811 μετά
3246 4742 3306 4795 τὸ
3326 4741 3576 4810 γενέσθαι
3606 4741 3821 4811 ἄνθρω-

2246 4853 2360 4900 ποι,
2406 4837 2465 4889 τὸ
2495 4835 2647 4889 Θεῖον
2676 4835 3084 4907 ὀνομαζόντων;
3112 4834 3184 4885 Τὸ
3218 4832 3326 4903 γὰρ
3370 4832 3444 4902 μὴ
3482 4831 3699 4883 δεῖσθαι
3731 4832 3824 4901 τὴν

2246 4930 2616 5000 ὑπερέχουσαν
2646 4928 2807 4997 φύσιν
2838 4929 3093 4998 ῥημάτων
3118 4926 3206 4978 διὰ
3236 4926 3415 4993 φωνῆς
3453 4924 3547 4975 καὶ
3575 4922 3824 4993 γλώττης

2238 5024 2646 5092 ὲκπτυομένων,
2677 5022 2776 5091 ἤδη
2815 5036 2873 5074 τε
2903 5021 3144 5092 εἴρηται,
3194 5018 3291 5071 καὶ
3332 5015 3582 5086 περιττὸν
3617 5014 3689 5069 ἂν
3740 5018 3823 5084 εἰη

2242 5110 2332 5165 διὰ
2364 5110 2472 5162 τῶν
2520 5110 2696 5163 αὐτῶν
2738 5110 2891 5179 ὄχλον
2937 5109 3202 5162 ἐντιθέναι
3256 5107 3334 5177 τῷ
3375 5108 3538 5176 λόγῳ.
3589 5108 3668 5159 Τὸ
3721 5110 3826 5177 γὰρ

2241 5201 2535 5271 ἀπροσδεὲς
2566 5204 2631 5271 τῇ
2677 5199 2833 5269 φύσει
2862 5201 2955 5252 καὶ
2983 5200 3186 5252 τέλειον
3221 5200 3312 5251 καὶ
3342 5197 3653 5268 ἀπέριττον,
3702 5197 3823 5250 οὔτε

2241 5308 2295 5342 τι
2318 5289 2430 5342 τῶν
2460 5290 2684 5343 δεόντων
2712 5290 2811 5343 οὐκ
2833 5290 2965 5359 ἔχει,
2988 5288 3109 5341 οὔτε
3133 5287 3242 5339 τῶν
3267 5288 3339 5358 μὴ
3359 5287 3581 5340 δεόντων
3602 5304 3663 5338 τι
3696 5289 3828 5357 ἔχει.

2260 5383 2413 5435 Ἐπεὶ
2441 5378 2531 5435 οὖν
2561 5383 2622 5435 τὸ
2657 5382 2730 5453 μὴ
2757 5381 2866 5434 δεῖν
2887 5379 3035 5452 αὐτῷ
3058 5381 3155 5450 τῆς
3183 5379 3538 5449 ὁνομαστικῆς
3570 5379 3827 5447 κλήσεως

2248 5476 2312 5528 ὲκ
2339 5476 2447 5527 τῶν
2481 5474 2797 5544 φθασάντων
2840 5472 3210 5526 ἀποδέδεικται
3248 5471 3438 5539 λόγων,
3484 5470 3581 5522 καὶ
3618 5469 3693 5522 ὲκ
3734 5471 3832 5540 τῆς

2248 5570 2433 5639 κοινῆς
2457 5568 2566 5622 τῶν
2587 5566 2709 5620 νοῦν
2736 5564 2966 5636 ἐχόντων
2992 5564 3435 5634 συγκαταθέσεως
3456 5560 3829 5631 ὁμολογεῖται,
