4006 6494
228 349 367 405 1097

1269 346 1544 404 CONTRA
1586 344 1977 411 EUNOIIUH,
2011 345 2137 402 LIB.
2168 345 2288 402 XII.

3346 341 3481 397 1098

225 464 400 527 οὐδεὶς
442 464 507 518 ἀν
557 464 796 516 ἀντείποι
838 462 936 532 τῆς
983 465 1218 535 ἐσχάτης
1259 468 1514 530 ἀσεϐείας
1561 461 1699 519 εἶναι
1745 463 1803 516 τὸ

1906 477 1973 516 ex
2017 463 2294 519 communi
2338 461 2667 532 sapientium
2713 476 2983 517 consensu
3031 469 3085 515 et
3134 459 3482 515 confession-0

227 555 667 629 προσμαρτυρεῖν
697 553 776 622 τῷ
808 553 926 623 Θεῷ
953 556 1020 607 τὰ
1049 557 1123 627 μὴ
1150 558 1358 613 δέοντα.

309 815 443 868 Ἀλλ’
471 814 622 867 οὐδὲν
654 811 804 884 οἶμαι
828 817 1036 882 τούτοις
1058 821 1252 891 χρῆναι
1282 824 1376 876 καὶ
1400 827 1513 886 τοῖς
1541 826 1799 889 τοιούτοις

223 906 594 976 ὲνδιατρίϐειψ
627 908 747 960 οὐδὲ
770 909 837 962 τὰ
863 910 1097 981 καθεξῆς
1125 914 1388 983 είρημένα
1416 915 1481 968 δι’
1515 917 1801 986 ἀκριϐείας

223 997 483 1066 ἐλέγχειν.
551 997 770 1060 Ἰκανῶς
819 1000 926 1070 γὰρ
980 1004 1093 1064 τοῖς
1137 1003 1649 1075 ὲπιστατικωτέροις
1700 1007 1798 1060 αὐ-

220 1088 312 1145 τὸς
341 1089 368 1138 6
397 1088 649 1157 ἀντιδίκῳ
683 1090 936 1158 πονηθεὶς
978 1090 1166 1159 λόγος,
1219 1095 1518 1166 συνήγορος
1549 1095 1659 1149 τῶν
1697 1098 1799 1167 τῆς

221 1175 503 1242 εὐσεϐείας
545 1179 830 1247 δογμάτων
871 1182 1300 1254 ἀναφανήσεται.
1359 1188 1498 1256 Φησὶ
1553 1189 1664 1260 γάρ
1699 1189 1798 1259 τὴν

221 1265 410 1319 οὐσίαν
445 1267 615 1338 αὐτὴν
653 1269 959 1340 ἀφθαρσίαν
985 1268 1123 1326 εἶναι
1153 1275 1245 1327 καὶ
1272 1275 1590 1341 ἀθανασίαν,
1614 1277 1796 1332 ὡσαύ-

219 1375 349 1420 τως.
391 1358 529 1427 Ἐγὼ
553 1360 631 1422 δὲ,
661 1360 717 1413 εί
759 1379 820 1414 τε
859 1364 1116 1433 πρόσεστι
1156 1366 1328 1420 ταῦτα
1373 1371 1438 1438 τῇ
1469 1367 1589 1440 θείᾳ
1613 1369 1794 1438 φύσει,

217 1447 274 1502 ετ
292 1465 350 1503 τε
377 1449 514 1502 αὐτά
533 1449 704 1504 ταῦτα
735 1451 874 1506 κατὰ
902 1454 962 1507 τὸ
979 1457 1376 1528 σημαινόμενον
1395 1460 1428 1529 ή
1452 1459 1608 1513 οὐσία
1627 1461 1795 1526 ἐστὶν,

217 1540 372 1593 οὐδὲν
403 1536 556 1611 οἶμαι
578 1545 772 1613 χρῆναι
797 1544 933 1614 πρὸς
957 1546 1116 1600 αὐτὸν
1141 1547 1501 1618 διαμάχεσθαι
1524 1569 1538 1581 ·
1555 1553 1583 1604 6
1621 1571 1673 1606 τι
1688 1553 1797 1623 γὰρ

219 1630 288 1685 ἂν
307 1633 504 1702 νικήσῃ
543 1631 650 1686 τῶν
688 1634 1015 1704 εἰρημένων,
1042 1636 1132 1689 τὸν
1165 1637 1430 1708 ἡμέτερον
1457 1641 1674 1704 πάντως
1703 1660 1797 1695 συ-

219 1724 407 1794 στήσει
458 1724 633 1794 λόγον.
685 1725 748 1779 Ei
784 1725 882 1795 μὲν
905 1725 1013 1796 γὰρ
1042 1729 1270 1800 προσείη
1302 1733 1394 1801 τῇι
1421 1732 1579 1804 οὐσίᾳ
1624 1735 1686 1787 τὸ
1721 1736 1794 1806 μὴ

1903 554 2314 622 comprobatur,
2370 554 2556 608 nullus
2595 551 3012 613 contradixerit,
3069 560 3324 605 extrema:
3377 551 3474 603 im-

1904 643 2123 711 pietatis
2167 657 2292 699 esse
2351 642 2462 699 Deo
2519 641 2820 697 attribuere
2878 656 2943 696 ea
2992 656 3113 711 qua:
3173 656 3282 695 non
3341 654 3477 693 con-

1902 733 2149 787 veniunt.

1976 821 2084 877 Sed
2129 824 2185 878 in
2236 823 2322 878 his
2351 837 2556 878 moram
2590 822 2770 878 facere
2816 828 2870 876 et
2901 827 3116 891 tempus
3159 831 3336 876 terere
3365 835 3474 874 non

1900 922 2152 984 oportere
2184 914 2443 977 arbitror,
2501 927 2678 984 neque
2706 912 2965 982 deinceps
2996 927 3117 982 quae
3161 921 3290 965 sunt
3319 909 3468 962 dicta

1903 1007 2176 1062 subtiliter
2218 1005 2582 1076 redarguere:
2636 1003 2853 1058 abunde
2897 1003 3042 1058 enim
3090 1000 3473 1056 attentioribus

1899 1113 2079 1154 sermo
2118 1097 2188 1152 ab
2211 1097 2526 1152 adversario
2559 1095 2875 1151 elaboratus
2899 1094 3247 1149 decretorum
3282 1092 3474 1161 impie.

1897 1189 2027 1244 tatis
2072 1196 2337 1258 patronus
2371 1202 2495 1244 esse
2545 1184 3013 1240 manifestabitur.
3063 1183 3278 1238 Asserit
3327 1182 3472 1236 enim

1897 1279 2073 1349 ipsam
2111 1279 2404 1334 essentiam
2457 1275 3032 1346 incorruptibilitatem
3086 1290 3210 1329 esse
3256 1281 3312 1328 et
3368 1272 3472 1326 im-

1897 1371 2284 1425 mortalitatem
2319 1369 2590 1425 similiter.
2639 1367 2752 1436 Ego
2797 1381 2948 1431 vero,
2985 1367 3100 1421 sive
3131 1367 3243 1419 haec
3277 1363 3475 1418 divina:

1897 1465 2108 1512 natura!
2136 1460 2348 1525 insunt,
2399 1459 2515 1513 sive
2545 1458 2660 1512 haec
2697 1458 2815 1526 ipsa
2865 1457 3166 1512 secundum
3198 1454 3474 1524 signiﬁca-

1897 1561 2010 1604 tum
2040 1559 2171 1606 sunt
2213 1550 2446 1619 ipsamet
2477 1547 2716 1604 essentia
2742 1585 2758 1612 ,
2791 1546 2927 1600 nihil
2957 1545 3192 1600 arbitror
3223 1552 3476 1614 oportere

1895 1656 2021 1695 cum
2076 1643 2197 1712 ipso
2244 1656 2522 1712 pugnare:
2580 1639 2951 1710 quodcunque
3007 1638 3153 1693 enim
3203 1636 3474 1690 dictorum

1897 1733 2114 1796 vicerit,
2156 1740 2406 1787 nostrum
2460 1729 2687 1785 omnino
2739 1743 3047 1784 sermonem
3105 1724 3473 1781 conﬁrmabit.

217 1815 557 1887 φθείρεσθαι,
598 1816 896 1888 προσέσται
935 1795 1097 1889 αὐτῇ-
1130 1795 1470 1884 πάντως-,καὶ
1497 1795 1564 1876 τὸ
1605 1825 1679 1894 μὴ

1903 1823 1957 1877 Si
2007 1824 2155 1878 enim
2193 1821 2446 1878 essentiaa
2491 1820 2752 1886 adfuerit,
2805 1835 2916 1874 non
2964 1833 3127 1889 posse
3172 1815 3473 1885 corrumpi,

215 1909 525 1978 γεννήσεως
555 1903 712 1962 εἶναι.
764 1908 869 1960 Καὶ
906 1909 1077 1974 οὕτως
1101 1911 1130 1962 6
1158 1910 1258 1981 τῆς
1287 1913 1610 1983 ἀγεννησίας
1642 1915 1797 1984 λόγος

215 1997 326 2064 ἔξω
362 1999 460 2069 τῆς
491 1997 632 2052 κατά
651 1999 751 2068 τὴν
771 1999 957 2052 οὐσίαν
986 2000 1260 2070 σημασίας
1295 2003 1700 2073 ἀπωσθήσεται.
1733 2006 1797 2058 Et

213 2089 295 2152 δὲ,
333 2089 413 2142 ὅτι
442 2089 503 2142 οὐ
533 2088 814 2160 φθείρεται
852 2092 879 2143 6
907 2089 1058 2155 Θεὸς,
1087 2091 1394 2163 ἀφθαρσίαν
1423 2113 1507 2158 τις
1533 2096 1680 2164 λέγει
1698 2098 1798 2169 τὴν

213 2180 408 2233 οὐσίαν
462 2175 624 2245 εἶναι,
680 2179 775 2232 καὶ
831 2181 914 2233 ὅτι
975 2180 1206 2235 θανάτου
1242 2184 1504 2255 κρείττων
1545 2185 1683 2249 ἐστὶ,
1710 2187 1799 2240 διὰ

214 2271 376 2324 τοῦτο
423 2271 594 2341 αὐτὴν
645 2271 744 2340 τὴν
798 2271 961 2340 φύσιν
1017 2272 1315 2329 ἀθανασίαν
1367 2271 1794 2348 εἷναιὸρίζοιτοο

215 2361 494 2432 ἄφθαρτος
515 2362 572 2414 δὲ
623 2364 651 2414 6
689 2362 814 2425 Υἱὸς
856 2363 951 2415 καὶ
978 2363 1263 2428 ἀθάνατος,
1298 2365 1575 2437 ἀφθαρσία
1611 2370 1678 2423 ἀν
1712 2369 1798 2439 εἴη

215 2453 317 2506 καὶ
372 2452 640 2507 ἀθανασία
688 2453 782 2506 καὶ
825 2453 920 2507 τοῦ
967 2456 1304 2526 Μονογενοῦς
1344 2461 1378 2530 ή
1409 2461 1583 2513 οὐσία.
1616 2462 1678 2514 Et
1708 2458 1800 2515 οὖν

213 2543 496 2614 ἀφθαρσία
522 2545 622 2615 μὲν
658 2545 687 2598 6
729 2545 938 2616 Πατὴρ,
983 2547 1262 2618 ἀφθαρσία
1292 2550 1350 2603 δὲ
1394 2551 1423 2602 6
1469 2550 1617 2615 Υἱὸς.
1644 2549 1802 2606 οὐσία

213 2636 275 2689 δὲ
300 2635 504 2690 τούτων
541 2638 822 2710 ἑκάτερον,
845 2639 1069 2709 οὐδεμία
1095 2640 1152 2692 δὲ
1180 2642 1318 2695 κατά
1337 2642 1435 2713 τὴν
1466 2644 1566 2714 τῆς
1593 2644 1802 2717 ἀφθαρ-

217 2727 345 2791 σίας
387 2727 593 2781 ἔννοιαν
635 2731 926 2784 ἐπινοεῖται
949 2731 1200 2802 διαφορὰ,
1246 2735 1364 2786 κατ’
1397 2735 1548 2787 οὐδὲν
1583 2735 1803 2797 πάντως

215 2825 253 2893 ἡ
283 2820 440 2874 οὐσία
478 2821 576 2890 τῆς
620 2822 808 2886 οὐσίας
844 2823 1266 2896 διενεχθήσεται,
1306 2826 1464 2895 εἴπερ
1492 2825 1686 2897 ἐπίσης
1714 2827 1800 2880 ἐπ’

215 2911 546 2982 ἀμφοτέρων
569 2914 603 2982 ἡ
633 2912 792 2981 φύσις
809 2915 1187 2986 ἠλλοτρίωται.
1231 2917 1349 2969 Κάν
1374 2916 1444 2970 τὰ
1463 2915 1603 2970 αὐτά
1640 2916 1803 2970 πάλιν

219 3005 688 3074 έπαναλαμὸἀνων
713 3008 834 3069 ταῖς
870 3007 1131 3076 ἀφύκτοις
1157 3011 1325 3079 ἡμᾶς,
1356 3009 1430 3074 ὡς
1467 3013 1661 3074 οῐεται,
1693 3011 1803 3063 τῶν

1897 1915 1999 1984 ipsi
2039 1915 2231 1984 procul
2257 1913 2423 1969 dubio
2457 1913 2654 1976 aderit,
2701 1920 2755 1967 et
2800 1926 2908 1965 non
2939 1925 3035 1980 per
3065 1909 3472 1980 generationem

1896 2023 2040 2063 esse.
2081 2006 2144 2061 Et
2173 2007 2253 2062 sic
2281 2004 2605 2076 ἀγεννησίας
2628 2017 2808 2059 sermo
2842 2010 2995 2058 extra
3028 2001 3472 2071 signiﬁcantiam,

1896 2115 2020 2170 qua:
2045 2107 2130 2156 est
2177 2097 2481 2155 secundum
2525 2097 2843 2157 essentiam,
2889 2093 3284 2164 repudiabitur.
3316 2091 3472 2158 Quod

1898 2191 1965 2254 si,
1999 2192 2256 2261 quoniam
2301 2205 2410 2244 non
2435 2188 2804 2257 corrumpitur
2831 2185 2996 2250 Deus,
3044 2183 3475 2254 incorruptibilh

1896 2291 2064 2338 tatem
2095 2283 2220 2352 quis
2248 2281 2384 2335 dicit
2409 2280 2705 2336 essentiam
2735 2293 2881 2342 esse,
2921 2289 2974 2333 et
3005 2278 3134 2349 quia
3164 2286 3339 2330 morte
3373 2290 3476 2346 po-

1897 2375 2096 2430 tentior
2126 2381 2245 2437 est,
2275 2372 2483 2428 idcirco
2509 2371 2682 2442 ipsam
2718 2379 2970 2425 naturam
3012 2368 3472 2424 immortalitatem

1897 2480 2020 2521 esse
2069 2465 2332 2520 deﬁniat:
2390 2463 2820 2532 incorruptibilis
2870 2469 3052 2517 autem
3098 2468 3184 2516 est
3209 2454 3381 2514 Filius
3420 2467 3475 2514 et

1901 2554 2250 2618 immortalis,
2283 2554 2450 2624 igitur
2485 2553 2974 2622 incorruptibilitas
3008 2559 3062 2608 et
3091 2547 3476 2605 immortalitas

1901 2645 2068 2700 fuerit
2097 2644 2372 2716 Unigeniti
2413 2646 2673 2700 essentia.
2709 2645 2765 2699 Si
2795 2644 2958 2715 igitur
2986 2640 3475 2711 incorruptibilitas

1899 2735 2118 2807 quidem
2149 2733 2332 2802 Pater,
2369 2734 2860 2804 incorruptibilitas
2889 2747 3019 2788 vero
3048 2729 3243 2796 Filius,
3283 2744 3476 2784 essen-

1902 2829 1977 2883 tia
2024 2835 2203 2882 autem
2238 2827 2435 2882 horum
2489 2838 2800 2896 utrumque,
2848 2824 3000 2879 nulla
3054 2830 3234 2876 autem
3279 2835 3476 2876 secun-

1900 2920 2030 2974 dum
2068 2917 2605 2987 incorruptibilitatis
2649 2917 2925 2970 notionem
2961 2913 3280 2984 intelligitur
3307 2910 3477 2966 diffe—

1903 3008 2098 3074 rentia,
2126 3008 2274 3062 nulla
2309 3007 2364 3061 in
2397 3021 2455 3062 re
2481 3021 2709 3076 prorsus
2733 3004 2970 3061 essentia
3005 3004 3072 3058 ab
3099 3001 3337 3058 essentia
3367 3001 3474 3056 dif—

216 3097 575 3169 διλημμάτων
603 3098 868 3167 ἀνάγκαις
895 3101 1124 3170 καταδῇ,
1147 3099 1320 3169 λέγων
1339 3119 1352 3132 ο
1383 3105 1452 3156 Et
1476 3101 1592 3172 μὲν
1623 3103 1802 3171 διορι-

1907 3097 2031 3163 fert,
2063 3096 2334 3167 siquidem
2365 3110 2438 3151 ex
2467 3112 2622 3166 aequo
2653 3096 2706 3150 in
2739 3095 2987 3163 utrisque
3014 3100 3207 3146 natura
3237 3090 3472 3146 alienata

220 3187 374 3250 ζοιτο
404 3191 539 3260 παρ’
569 3189 736 3259 ἡμῶν
782 3189 850 3244 τὸ
889 3191 1122 3260 προσὸν
1153 3193 1257 3246 τοῦ
1285 3192 1479 3259 ὄντος,
1506 3194 1802 3248 σύνθετον

219 3283 290 3336 τὸ
317 3283 490 3339 Ocior
509 3283 1076 3343 κατασκευάζεσθαισ
1100 3287 1151 3339 εί
1179 3284 1246 3338 δὲ
1284 3286 1322 3353 ἠ
1346 3285 1633 3352 ἁπλότης,
1669 3289 1805 3356 ὀμο-

219 3371 391 3442 λογιεῖ
423 3373 485 3426 τὸ
509 3372 618 3441 τῆς
649 3373 865 3439 οὐσίας
890 3373 1272 3444 σημαντικὴν
1296 3373 1410 3441 τὴν
1440 3374 1802 3442 ἀφθαρσίαν,

223 3464 326 3517 καὶ
349 3463 463 3531 τὴν
482 3464 852 3534 ἁγεννησίαν
877 3465 1114 3531 πάντως
1146 3463 1661 3534 ἀναφανήσεσθαι.
1690 3467 1804 3520 Πά-

222 3557 308 3609 λιν
331 3557 491 3610 αὐτὸν
507 3555 793 3627 σύμμαχον
817 3555 924 3609 τῶν
943 3557 1223 3628 ἡμετέρων
1243 3556 1594 3628 ἀποδείξομεν
1609 3558 1802 3628 λόγων.

228 3650 290 3702 Ei
320 3649 428 3719 γὰρ
482 3649 658 3718 πάντη
703 3647 953 3702 σύνθετον
999 3651 1144 3701 ποιεῖ
1185 3647 1283 3719 τὴν
1317 3646 1464 3701 θείαν
1492 3649 1699 3712 οὐσίαν,
1727 3647 1805 3719 τῷ

189 3803 192 3806 _
225 3743 505 3811 προσεῖναί
524 3758 573 3794 τι
597 3739 776 3809 λέγειν
800 3741 957 3810 αὐτῇ,
984 3740 1105 3792 οὐδὲ⁹
1133 3738 1229 3810 τὴν
1251 3739 1563 3810 πατρότητα
1589 3741 1804 3804 πάντως

224 3832 382 3896 ἐκτὸς
414 3831 513 3901 τῆς
541 3832 728 3894 οὐσίας
765 3831 1182 3901 ἀποποιήσεται,
1224 3831 1358 3885 ἀλλά
1391 3833 1546 3901 φύσει
1585 3833 1805 3903 Πατέρα

224 3921 549 3991 ὁμολογήσει
577 3921 651 3984 ὼς
677 3921 950 3991 ἄφθαρτον
979 3938 1040 3973 τε
1086 3921 1178 3974 καὶ
1211 3919 1476 3975 ἀθάνατον
1502 3939 1515 3951 ·
1551 3923 1645 3975 καὶ
1665 3922 1806 3975 οὐτω

231 4017 306 4083 μὴ
343 4011 678 4082 βουλόμενος,
720 4012 798 4074 εἰς
842 4011 940 4082 τὴν
995 4011 1093 4081 τῆς
1123 4010 1336 4079 φύσεως
1377 4011 1685 4081 οἰκειότητα
1715 4012 1805 4065 τὸν

228 4105 356 4158 Υίὸν
379 4102 732 4166 καταδὲξεται
755 4120 768 4134 ο
797 4103 857 4155 οὐ
874 4103 982 4172 γὰρ
1005 4102 1156 4154 ἔσται
1178 4101 1396 4154 δυνατὸν
1422 4101 1625 4154 ἐκείνου
1648 4103 1805 4171 φύσει

229 4193 446 4262 Πατρὸς
475 4193 645 4255 ³Βντος,
709 4192 808 4261 τῆς
841 4192 1077 4260 φυσικῆς
1109 4191 1242 4262 πρὸς
1269 4191 1432 4244 αὐτὸν
1455 4191 1689 4260 σχέσεως
1713 4192 1804 4244 τὸν

230 4283 360 4337 Υίὸν
384 4281 753 4355 ἀφορίζεσθαι.
802 4284 864 4336 Εί
911 4281 968 4336 δὲ
1015 4281 1117 4346 ἔξω
1148 4282 1246 4351 τῆς
1282 4281 1494 4351 φύσεως
1529 4285 1806 4352 προσεῖναι

226 4375 472 4444 λέγειτῴ
492 4375 685 4444 Πατρὶ,
713 4374 787 4436 ὡς
809 4373 1070 4443 οὐδὲντῆς
1091 4373 1388 4444 ἁπλότητος
1418 4373 1803 4446 ἀθετουμένης,

1902 3200 2008 3247 est.
2035 3191 2150 3246 Etsi
2194 3191 2384 3246 eadem
2419 3205 2610 3245 rursus
2636 3201 2922 3244 resumens
2956 3185 3387 3249 inevitabilibus,
3415 3190 3475 3240 ut

1903 3291 2077 3353 putat,
2122 3282 2494 3339 dilemmatum
2543 3279 2960 3337 necessitatibus
3010 3279 3211 3343 irretit,
3245 3281 3472 3336 dicens:

1904 3375 1966 3430 Si
1987 3375 2370 3430 discernentur
2397 3391 2431 3428 a
2464 3375 2614 3428 nobis
2648 3373 2789 3444 quod
2822 3374 2957 3428 inest
3004 3373 3069 3425 ab
3096 3381 3230 3436 ente,
3264 3388 3476 3441 comp0¢

1903 3465 2065 3519 situm
2088 3465 2300 3519 Numen
2323 3463 2381 3518 id
2423 3475 2560 3520 esset
2605 3477 2874 3524 astruere;
2913 3463 3052 3534 quod
3083 3463 3129 3516 si
3160 3463 3475 3533 simplicitas

1902 3563 2000 3620 est,
2053 3555 2294 3608 essentia:
2342 3554 2757 3624 signiﬁcativam
2815 3554 3370 3623 incorruptibilitatem
3427 3564 3476 3608 et

1904 3647 2227 3718 ἀγεννησίαν
2253 3662 2474 3716 prorsus
2513 3646 2850 3714 manifestam
2880 3646 3014 3714 fore.
3048 3644 3263 3702 Rursus
3299 3648 3476 3716 ipsum

1903 3746 2218 3794 nostrorum
2235 3753 2548 3794 sermonum
2562 3739 2940 3792 auxiliatorem
2955 3737 3475 3792 demonstrabimus.

1906 3827 1964 3882 Si
1991 3829 2136 3883 enim
2160 3829 2385 3883 omnino
2425 3829 2667 3882 divinam
2693 3830 2991 3883 essentiam
3040 3828 3175 3881 facit
3201 3828 3478 3896 composi-

1904 3928 2038 3983 tam,
2065 3920 2193 3989 quia
2224 3919 2372 3974 dicat
2405 3919 2509 3988 ipsi
2549 3919 2730 3974 inesse
2759 3919 2990 3988 aliquid,
3025 3932 3205 3986 neque
3238 3916 3476 3984 paterni-

1904 4018 2069 4066 tatem
2112 4011 2329 4080 penitus
2361 4019 2518 4064 extra
2554 4009 2849 4064 essentiam
2883 4008 3112 4076 rejiciet,
3149 4007 3244 4062 sed
3279 4013 3475 4058 natura

1903 4100 2121 4156 Patrem
2148 4101 2522 4166 conﬁtebitur,
2560 4111 2620 4155 ut
2653 4098 3126 4168 incorruptibilem
3167 4105 3223 4152 et
3255 4098 3476 4150 immor-

1903 4194 2091 4248 talem.
2125 4193 2189 4248 Et
2216 4195 2296 4250 sic
2321 4194 2485 4248 etiam
2518 4193 2721 4248 invitus
2753 4191 2950 4245 Filium
2991 4191 3058 4244 ad
3090 4197 3297 4243 natura:
3325 4187 3478 4242 simio

1905 4283 2189 4340 litudinem
2217 4284 2502 4350 admittet;
2535 4299 2660 4338 nam
2689 4284 2804 4338 ﬁeri
2840 4297 2949 4336 non
2990 4281 3212 4351 poterit,
3249 4283 3294 4336 si
3332 4279 3478 4335 illius

1907 4384 2100 4429 natura
2135 4376 2205 4430 sit
2235 4377 2420 4441 Pater,
2466 4385 2524 4428 ut
2555 4389 2586 4428 a
2630 4373 2864 4427 naturali
2899 4388 3022 4427 cum
3067 4372 3186 4443 ipso
3216 4372 3480 4427 relatione

228 4472 278 4523 ei
309 4467 412 4534 ἕξω
428 4467 523 4538 τῆς
554 4466 739 4530 οὐσίας
756 4466 816 4518 τὸ
847 4466 987 4519 κατὰ
1007 4465 1102 4536 τὴν
1125 4466 1450 4536 ἀγεννησίαν
1468 4467 1802 4537 σημαίνοιτοο

1910 4465 2080 4522 Filius
2101 4473 2404 4537 separetur.
2425 4465 2581 4531 Quod
2599 4465 2646 4518 si
2666 4473 2822 4520 extra
2841 4473 3090 4516 naturam
3116 4462 3262 4515 Patri
3288 4461 3480 4516 adesse

229 4560 282 4612 εἰ
317 4558 373 4611 δὲ
406 4558 575 4626 αὐτῆς
602 4575 731 4627 φησι
754 4557 850 4626 τῆς
875 4555 1058 4617 οὐσίας
1093 4557 1423 4626 σημαντικὸν
1446 4556 1507 4608 τὸ
1530 4555 1802 4626 ἄφθαρτον

228 4651 410 4704 καὶτὸ
455 4650 774 4720 ἀγέννητον,
803 4649 897 4702 καὶ
934 4647 1269 4717 ἰσοδυναμεῖν
1297 4647 1546 4718 ἀλλήλοις
1574 4649 1807 4720 ἑκάτερα

227 4743 342 4798 τῶν
366 4743 644 4814 ὀνομάτων
675 4739 1078 4811 διισχυρίζοιτο,
1112 4739 1187 4802 ὡς
1223 4739 1488 4809 μηδεμίαν
1515 4741 1600 4792 ἐπ’
1628 4739 1806 4793 αὐτῶν

227 4832 374 4891 εἶναι
427 4835 708 4907 διαφορὰν,
765 4833 844 4904 τῷ
889 4832 1084 4886 ταύτὸν
1124 4833 1401 4901 ἑκατέροις
1444 4831 1719 4898 ἐγκεῖσθαι
1750 4832 1810 4885 τὸ

232 4927 654 4998 σημαινόμενον,
685 4925 780 4978 καὶ
820 4925 947 4995 μίαν
979 4923 1124 4990 λέγοι
1160 4922 1254 4976 τοῦ
1289 4922 1563 4993 ἀφθάρτου
1600 4923 1691 4976 καὶ
1717 4922 1807 4976 τοῦ

231 5019 528 5088 ἀγεννήτου
564 5017 662 5088 τὴν
696 5014 923 5074 ἔννοιαν,
972 5016 1000 5065 ὁ
1033 5014 1094 5065 τὸ
1133 5012 1190 5064 ἓν
1220 5012 1422 5065 τούτων
1482 5011 1577 5074 ὢν,
1621 5014 1714 5066 καὶ
1751 5013 1811 5066 τὸ

228 5105 418 5172 ἕτερον
449 5104 661 5164 πάντως
677 5101 842 5154 ἐστίν.
862 5100 1019 5152 Ἀλλά
1052 5100 1156 5170 μὴν
1181 5099 1452 5167 ἄφθαρτος
1477 5101 1505 5152 6
1529 5101 1652 5165 Υἱὸς
1673 5095 1810 5154 εἶναι

230 5193 332 5247 καὶ
362 5193 512 5262 παρά
539 5191 742 5243 τούτων
771 5190 870 5242 οὐκ
899 5188 1313 5258 ἀμφιϐάλλεται.
1344 5187 1658 5258 ’Δγέννητος
1679 5188 1808 5259 ἄρα,

233 5285 379 5339 κατά
404 5283 495 5337 τὸν
521 5284 614 5336 τοῦ
639 5282 903 5352 Εὐνομίου
935 5281 1112 5348 λόγον,
1149 5281 1240 5334 καὶ
1269 5275 1419 5342 οὗτος
1460 5282 1627 5346 ἐστιν,
1655 5281 1812 5353 εἴπερ

230 5376 399 5430 ταύτὸ
446 5375 697 5445 σημαίνει
745 5377 809 5444 τῇ
877 5373 1172 5444 ἀγεννησίᾳ
1228 5374 1287 5426 τὸ
1341 5373 1635 5442 ἄφθαρτον,
1672 5373 1812 5426 ὥστε

230 5469 377 5520 δυοῖν
403 5466 650 5537 θάτερον,
677 5465 855 5536 ἢάλλο
883 5483 933 5518 τι
962 5465 1107 5537 παρά
1123 5465 1219 5535 τὴν
1243 5464 1544 5535 ἀφθαρσίαν
1563 5465 1623 5517 τὸ
1655 5465 1814 5532 ἀγέν-

230 5575 394 5629 νητον
449 5556 730 5628 σημαίνειν
790 5555 1131 5626 συνθήσεται,
1172 5557 1204 5627 ἢ
1247 5557 1517 5626 ἐπιμένων
1576 5559 1687 5619 τοῖς
1730 5557 1812 5609 δερ

232 5647 517 5718 δογμένοις
550 5646 826 5715 πολλαχῶς
858 5647 984 5716 περὶ
1017 5647 1106 5698 τὸν
1138 5646 1394 5717 μονογενῆ
1419 5644 1549 5696 Θεὸν
1576 5643 1814 5713 βλασφη-

238 5744 424 5814 μήσει,
454 5741 488 5810 ἦ
510 5757 591 5792 τοι
617 5738 850 5811 φθαρτὸν
895 5739 1057 5792 αὐτὸν
1105 5739 1270 5792 ποιῶν
1299 5738 1385 5792 ἵνα
1414 5735 1488 5808 μὴ
1521 5735 1812 5806 ἀγέννητον

480 5836 749 5896 Ρετιιοι.
791 5832 907 5894 Gn.
942 5832 1128 5894 XLV.

1908 4557 2063 4619 dicit,
2095 4557 2223 4627 quia
2253 4558 2306 4612 in
2337 4557 2440 4612 hoc
2467 4556 2788 4625 simplicitas
2815 4555 2937 4624 ejus
2984 4555 3208 4609 minime
3239 4555 3477 4616 laeditur,

1909 4649 1953 4703 si
2006 4658 2159 4702 extra
2211 4649 2505 4704 essentiam
2566 4647 2709 4716 quod
2785 4645 3080 4701 secundum
3155 4645 3480 4712 ἅγεννησίαν

1910 4741 2283 4812 signiﬁcetur;
2332 4739 2479 4811 quod
2529 4740 2576 4794 si
2611 4738 3027 4808 incorruptibile
3067 4745 3121 4790 et
3173 4735 3475 4804 ingenitum

1911 4834 2083 4903 ipsam
2135 4833 2429 4888 essentiam
2477 4831 2807 4901 signiﬁcare,
2865 4837 2920 4884 et
2969 4839 3197 4895 utraque
3254 4824 3476 4878 nomina

1910 4922 2098 4977 eadem
2147 4922 2254 4975 vim
2296 4936 2360 4976 ac
2412 4919 2866 4990 signiﬁcationem
2917 4916 3116 4970 habere
3164 4910 3476 4975 contendat,

1911 5015 2066 5085 quasi
2099 5015 2246 5076 nulla
2274 5015 2327 5068 in
2370 5014 2507 5085 ipsis
2533 5014 2607 5070 sit
2629 5011 2952 5073 diﬂ'erentia,
2983 5008 3110 5078 quia
3142 5004 3281 5059 idem
3312 5005 3479 5059 utris-

1911 5120 2016 5175 que
2045 5105 2174 5159 insit
2199 5105 2589 5173 signiﬁcatum,
2620 5111 2674 5158 et
2697 5117 2858 5156 unam
2884 5101 3028 5153 dicat
3049 5096 3478 5166 iucorruptibilis

1912 5207 1969 5251 et
2011 5196 2237 5266 ingeniti
2267 5196 2540 5262 notitiam,
2578 5195 2668 5265 qui
2700 5201 2786 5249 est
2820 5192 3011 5246 horum
3045 5204 3210 5243 unum
3247 5195 3301 5243 et
3338 5190 3478 5241 alte-

1913 5303 2034 5342 rum
2061 5302 2290 5357 prorsus
2317 5294 2421 5342 est.
2444 5284 2828 5340 Verumtamen
2852 5280 3280 5350 incorruptibilis
3309 5277 3478 5334 Filius

1912 5394 2036 5434 esse
2080 5389 2135 5433 et
2176 5379 2243 5433 ab
2279 5379 2363 5432 his
2397 5392 2502 5431 non
2550 5373 2910 5429 dubitabitur.
2957 5372 3237 5442 Ingenitus
3289 5371 3477 5441 igitur,

1913 5469 2214 5525 secundum
2245 5469 2494 5523 Eunomii
2522 5468 2810 5532 rationem,
2847 5472 2903 5520 et
2933 5464 3022 5519 hic
3059 5471 3166 5525 est,
3203 5462 3477 5532 siquidem

1914 5561 2056 5625 idem
2091 5560 2365 5631 signiﬁcat
2414 5557 2826 5626 incorruptibile
2866 5555 3010 5625 quod
3054 5552 3282 5623 ingeniti
3314 5553 3478 5613 ratio.

1915 5649 1991 5702 ita
2020 5659 2080 5702 ut
2106 5650 2336 5703 duorum
2379 5647 2632 5708 alterum,
2664 5645 2750 5698 vel
2788 5643 2934 5698 aliud
2977 5643 3255 5712 quidpiam
3289 5650 3482 5708 praater

1918 5739 2490 5813 incorruptibilitatem
2532 5737 2831 5811 ingenitum
2866 5735 3178 5808 signiﬁcare
3215 5734 3483 5787 assentie-

3135 5825 3212 5885 33
