4006 6486
549 291 682 346 1000

1777 306 1834 362 S.
1874 307 2200 365 GREGORII
2244 310 2530 367 NYSSENI

3657 322 3789 380 HM

440 460 445 468 ,
544 415 655 474 tur,
690 411 771 465 vel
802 428 1028 469 manens
1073 416 1128 472 in
1158 417 1413 489 decretis,
1440 424 1792 481 multifariam
1827 428 1894 484 de
1920 431 2089 502 unige

2213 431 2365 502 λέγῃ,
2398 432 2432 502 ἢ
2463 430 2756 503 ἀγέννητον
2787 429 2925 488 εἶναι
2943 434 3365 498 κατασκευάζων
3395 439 3483 493 ἵνα
3510 439 3592 512 μὴ
3622 440 3791 513 φθαρ-

548 499 660 553 ιιὶιο
696 503 803 555 Deo
842 504 1006 573 impie
1052 516 1106 562 et
1141 509 1444 581 irreligiose
1485 514 1739 585 loquetur
1789 520 1874 574 vel
1914 499 2110 575 corru-

2215 524 2306 578 τὸν
2333 524 2615 596 ἀποδείξῃ.

543 592 782 661 ptibilem
827 595 1004 664 ipsum
1044 598 1251 665 faciens
1306 619 1376 658 ne
1408 605 1708 677 ingenitum
1744 609 1911 677 dicat,
1947 613 2033 667 vel
2069 613 2370 683 ingenitum
2416 630 2539 672 esse
2564 592 2843 672 vastruens
2870 628 2942 670 ne
2983 616 3393 686 corruptibilem
3434 618 3786 679 demonstret.

615 682 718 737 Sed
752 688 937 741 nescio
990 691 1119 759 quid
1138 696 1424 751 conveniat
1445 711 1643 767 agere:
1690 708 1869 754 utrum
1921 702 2115 759 ordine

544 774 756 845 singula
788 793 908 846 quae
953 783 1023 835 ab
1050 798 1116 837 eo
1162 788 1442 856 proposita
1487 799 1615 845 sunt
1654 793 1795 863 ston
1833 797 2109 865 persequi,

542 881 607 917 an
636 866 719 920 his
753 878 1065 935 contentus,
1117 876 1380 933 adversus
1422 895 1559 933 vana
1591 882 1695 937 ista
1738 899 1973 955 pugnam
2001 894 2113 943 ter-

545 956 755 1013 minare
786 959 1032 1016 debeam.
1067 964 1532 1030 Quemadmodum
1559 974 1703 1028 enim
1736 975 1821 1030 his
1848 977 1941 1047 qui
1976 979 2112 1033 leta-

544 1047 615 1100 lia
670 1051 911 1106 vendunt
962 1071 1189 1121 venena,
1245 1059 1298 1113 in
1334 1062 1530 1133 exiguo
1580 1064 1725 1121 facta
1775 1070 2109 1137 experientia

542 1136 711 1192 totius
741 1142 1117 1198 medicamenti
1156 1146 1258 1200 vim
1290 1162 1353 1203 ac
1393 1148 1702 1207 facultatem
1735 1155 1800 1208 ad
1830 1136 2110 1210 interitum

541 1235 595 1282 et
623 1244 809 1285 necem
846 1233 1182 1290 inferendam
1210 1235 1370 1294 facile
1396 1243 1661 1311 spondet;
1693 1260 1794 1300 nec
1841 1246 1986 1302 ullus
2027 1255 2113 1303 est

538 1321 634 1388 qui
673 1321 902 1387 dubitet,
935 1340 1059 1379 cum
1087 1343 1152 1383 ex
1186 1329 1370 1400 aliqua
1404 1341 1559 1401 parte
1585 1335 1876 1403 perniciem
1908 1337 2110 1392 illatam

538 1413 873 1479 experientia
913 1416 1123 1483 didicit,
1166 1420 1298 1490 quin
1352 1430 1524 1477 totum
1555 1425 1701 1494 quod
1734 1426 1987 1481 venditur
2032 1429 2112 1484 le-

538 1502 647 1556 tale
686 1504 757 1558 sit
804 1519 868 1559 ac
915 1508 1256 1564 mortiferum
1300 1512 1694 1581 pharmacum:
1731 1515 1813 1571 sic
1853 1524 2107 1585 oportere

536 1599 668 1660 puto
703 1594 806 1650 hoc
854 1601 1124 1656 sermonis
1164 1603 1504 1659 mortiferum
1548 1606 1868 1663 veneﬁcium
1916 1624 2013 1679 per
2039 1625 2104 1665 ea

2294 707 2433 760 Ἀλλ’
2465 707 2565 760 οὐκ
2594 702 2688 760 οἷδ’
2707 705 2736 759 ὃ
2752 719 2805 756 τι
2828 707 3095 777 προσήκει
3130 706 3409 778 πράττειν,
3434 709 3545 763 εῐτε
3567 711 3633 765 δι’
3671 714 3790 769 ἀκο-

2208 797 2427 861 λουθίας
2472 796 2743 865 ἐπεξιέναι
2774 798 2908 851 πᾶσι
2933 800 3047 862 τοῖς
3085 798 3486 871 προκειμένοις,
3524 802 3641 855 εῐτε
3698 806 3787 858 καὶ

2205 888 2416 952 τούτοις
2443 887 2753 959 περιορίσὰι
2776 887 2877 957 τὴν
2902 888 3037 959 πρὸς
3058 888 3127 942 τὰ
3146 890 3351 961 μάταια
3378 891 3581 960 μάχην.
3604 891 3785 947 Καθάο

2207 999 2314 1053 περ
2336 980 2445 1052 γὰρ
2471 979 2566 1034 ἐπὶ
2614 979 2724 1034 τῶν
2768 980 2839 1033 τὰ
2887 980 3187 1053 δηλητήρια
3241 981 3587 1047 πωλούντων,
3634 984 3671 1053 ή
3730 985 3786 1038 ἐν

2207 1072 2371 1142 ὀλίγῳ
2398 1075 2563 1142 πεῖρα
2585 1071 2786 1136 παντὸς
2821 1072 2918 1126 τοῦ
2949 1072 3240 1145 φαρμάκου
3269 1074 3368 1145 τὴν
3388 1073 3525 1145 πρὸς
3548 1074 3642 1126 τὸν
3674 1075 3787 1127 51:-

2209 1162 2336 1231 θρον
2364 1161 2590 1233 δύναμιν
2605 1165 2718 1227 τοῖς
2735 1162 3062 1235 ὠνουμένοις
3083 1166 3451 1231 κατεγγυᾶται
3466 1179 3478 1193 ·
3498 1164 3596 1217 καὶ
3614 1163 3787 1227 οὐδεὶς

2208 1250 2535 1321 ἀμφιὸάλλει
2583 1252 2683 1322 τὴν
2717 1255 2783 1306 ἐκ
2838 1253 2932 1305 τοῦ
2977 1254 3175 1324 μέρους
3206 1253 3501 1325 διαφθορὰν
3524 1253 3615 1308 διά
3642 1271 3785 1318 τινος

2208 1342 2404 1415 πείρας
2433 1341 2785 1413 καταμαθὼν,
2813 1342 2886 1415 μὴ
2913 1341 3033 1396 ὅλον
3054 1339 3191 1397 εἶναι
3217 1343 3277 1396 τὸ
3294 1342 3639 1414 πωλούμενον
3672 1344 3785 1396 ὀλέ-

2212 1434 2341 1503 θρου
2383 1434 2698 1505 φάρμακονο
2729 1433 2900 1498 οὕτως
2922 1429 3074 1505 οἶμαι
3117 1435 3224 1487 δεῖν
3280 1435 3375 1488 καὶ
3421 1435 3519 1506 τὴν
3546 1435 3780 1506 δηλητη-

2216 1525 2378 1597 ριώδη
2410 1527 2611 1596 ταύτην
2644 1525 2988 1597 φαρμακείαν
3018 1526 3110 1579 τοῦ
3142 1526 3299 1595 λόγου
3334 1526 3421 1580 διὰ
3442 1526 3552 1580 τῶν
3589 1527 3783 1597 ἐξητα-

2212 1617 2422 1687 σμένων
2466 1617 2876 1687 ἐηδειχθείσαν,
2928 1618 3123 1687 μηκέτι
3159 1617 3456 1687 ἀμφίὸολυν
3495 1613 3640 1674 εἶναι
3671 1620 3782 1683 τοῖς

535 1698 657 1752 quae
691 1696 818 1740 sunt
850 1691 1103 1758 superius
1138 1694 1448 1748 examinata
1489 1696 1945 1766 demonstratum,
1993 1715 2089 1755 non

2203 1726 2266 1777 γε
2284 1707 2408 1761 νοῦν
2435 1707 2635 1779 ἔχουσι,
2671 1708 2731 1761 τὸ
2771 1708 2860 1761 διὰ
2894 1709 3093 1772 παντὸς
3117 1704 3256 1762 εἶναι
3282 1708 3558 1779 τοιαύτην,
3587 1710 3678 1763 οἶα
3694 1710 3781 1763 διὰ

536 1774 771 1843 amplius
815 1780 1129 1849 ambiguum
1166 1799 1288 1839 esse
1326 1785 1410 1841 his
1437 1788 1529 1857 qui
1574 1792 1770 1845 mentis
1804 1792 1912 1846 sint
1953 1807 2106 1848 com-

536 1875 711 1933 potes,
744 1869 877 1938 quin
906 1873 977 1927 sit
1005 1889 1102 1942 per
1124 1876 1306 1929 omnia
1337 1880 1443 1933 tale
1478 1880 1636 1948 quale
1661 1897 1757 1951 per
1795 1885 2104 1952 praeceden-

533 1960 605 2013 tia
637 1971 722 2014 est
757 1973 1058 2020 ostensum.
1094 1966 1363 2033 Quocirca
1408 1973 1754 2043 expetibilius
1794 1992 1917 2034 esse
1960 1980 2104 2037 duco

532 2056 586 2107 in
621 2054 705 2111 his
731 2059 1066 2116 vanitatibus
1093 2063 1302 2118 diutius
1329 2068 1669 2125 immorando
1695 2088 1803 2127 non
1836 2076 2102 2143 prolixius

532 2158 839 2201 sermonem
866 2150 1188 2218 producere.
1221 2152 1323 2208 Sed
1354 2158 1611 2223 quoniam
1643 2162 1828 2216 multis
1860 2178 1924 2218 ex
1965 2165 2101 2222 locis

528 2236 674 2304 quod
706 2253 801 2294 eos
850 2243 1180 2308 persuadere
1227 2254 1408 2315 potest
1441 2252 1646 2306 erroris
1691 2254 1950 2320 praesides
1996 2257 2100 2312 sibi

531 2324 662 2394 ipsis
688 2332 1193 2399 comminiscuntur,
1228 2352 1291 2390 ac
1322 2349 1496 2394 metus
1528 2348 1613 2395 est
1641 2358 1710 2398 ne
1732 2345 1859 2413 quia
1891 2347 2099 2417 aliquid

527 2431 593 2470 ex
621 2418 704 2473 his
725 2435 845 2488 quae
868 2423 935 2477 ab
960 2424 1091 2492 ipsis
1111 2436 1241 2481 sunt
1267 2428 1545 2485 elaborata
1564 2432 1877 2502 despectum
1907 2436 2095 2505 fuerit,

528 2508 775 2573 speciosa
799 2512 1166 2569 calumniandi
1186 2527 1375 2573 contra
1400 2534 1502 2574 nos
1523 2524 1741 2577 occasio
1768 2527 2093 2595 praabeatur,

528 2606 589 2650 ut
625 2600 895 2669 quiquod
937 2602 1131 2660 fortius
1160 2614 1244 2662 est
1282 2616 1337 2663 et
1364 2611 1630 2668 valentius
1684 2615 2098 2685 reliquerimus:

525 2686 730 2744 idcirco
749 2698 934 2746 oratos
960 2694 1124 2757 velim
1150 2711 1245 2751 eos
1267 2698 1358 2767 qui
1387 2701 1677 2756 nobiscum
1711 2705 1767 2757 in
1789 2706 1888 2760 hoc
1912 2709 2095 2764 studio

521 2792 830 2846 versantur,
870 2784 1017 2837 nulla
1050 2787 1288 2857 neglecta
1322 2793 1663 2859 garrulitate,
1698 2797 1865 2852 alacri
1911 2801 2094 2856 animo

524 2882 769 2941 prompte
822 2877 974 2945 sequi
1022 2883 1344 2947 orationem,
1397 2902 1726 2958 quocunque
1779 2894 2093 2949 necessario

520 2963 789 3022 adversus
819 2970 1083 3027 mendacii
1130 2976 1506 3044 aggressiones
1543 2988 1734 3034 contra
1765 2998 1885 3039 sese
1921 2984 2079 3039 (erat.

519 3055 787 3120 Quoniam
822 3060 989 3129 igitur
1012 3064 1097 3117 vix
1131 3066 1349 3122 tandem
1381 3069 1449 3124 de
1474 3074 1931 3129 commentatione
1951 3091 2092 3131 som-

517 3148 667 3205 nium
706 3150 759 3203 in
792 3151 1063 3219 profundo
1094 3172 1287 3213 somno
1319 3164 1631 3231 contingere
1669 3164 1854 3231 desiit,
1891 3167 2089 3223 absur-

517 3240 600 3294 dis
647 3241 756 3296 illis
796 3252 849 3305 et
902 3245 1112 3302 insanis
1167 3253 1502 3318 argumentis
1556 3255 1797 3324 seipsum
1843 3273 2085 3327 armans,

515 3347 823 3390 sermonem
874 3337 941 3391 ad
990 3339 1218 3395 alterum
1263 3343 1535 3398 somnium
1576 3346 1857 3413 transfert,
1916 3351 2088 3405 multo

515 3425 855 3489 pnecedente
878 3428 1090 3484 visione
1113 3431 1409 3488 absurdius
1443 3442 1496 3489 et
1530 3438 1824 3492 amentius.
1856 3439 2085 3497 Lahm-is

515 3520 696 3565 autem
729 3515 1025 3568 vanitatem
1056 3525 1109 3570 et
1143 3519 1534 3577 absurditatem
1575 3524 1701 3579 licet
1739 3527 2063 3596 dignoscere

515 3603 563 3656 ei
591 3603 684 3673 qui
712 3603 779 3658 de
825 3607 1132 3674 privatione
1163 3612 1465 3679 captiosum
1505 3614 1626 3683 ejus
1664 3631 1968 3672 sermonem
2003 3618 2082 3672 di-

515 3696 782 3761 gnoverit.
819 3698 925 3754 Sed
980 3700 1248 3757 universae
1302 3704 1429 3759 huic
1480 3707 1786 3775 garrulitati
1828 3717 1881 3763 et
1911 3725 2085 3779 nuga-

513 3786 648 3840 tioni
701 3790 915 3844 conseri
955 3800 1009 3844 et
1054 3793 1343 3861 implicari,
1392 3794 1494 3850 hoc
1524 3800 1802 3866 proprium
1835 3798 2081 3855 Eunomii

511 3874 675 3930 fuerit
701 3887 752 3932 et
779 3878 900 3948 ejus
929 3890 1259 3937 sectatorum
1298 3886 1393 3954 qui
1424 3886 1627 3941 nullam
1660 3890 1825 3946 rebus
1846 3893 2083 3948 maxime

510 3968 673 4023 seriis
718 3978 769 4025 et
802 3972 986 4027 studio
1018 3974 1360 4044 dignissimis
1402 3993 1590 4032 curam
1620 3988 1674 4034 et
1715 3996 1935 4051 operam
1984 3984 2082 4037 ad-

2204 1798 2312 1850 τῶν
2360 1797 2680 1867 φθασάντων
2739 1798 3081 1869 ἐλήλεγκται.
3136 1800 3246 1853 Καὶ
3299 1800 3491 1853 τούτου
3522 1801 3687 1871 χάριν
3720 1802 3782 1854 τὸ

2207 1889 2281 1960 μὴ
2312 1889 2571 1961 προάγειν
2610 1892 2691 1954 είς
2729 1891 2899 1961 μῆκος
2923 1889 3017 1943 τοῦ
3054 1893 3166 1953 τοῖς
3197 1892 3444 1962 ματαίοις
3476 1892 3783 1963 ἐμφιλοχω-

2205 1982 2317 2047 ρεῖν
2345 1980 2701 2051 αἱρετώτερον
2738 1976 2876 2035 εἶναι
2919 1981 3222 2052 λογίζομαι.
3263 1982 3401 2035 Ἀλλ’
3436 1982 3624 2053 ἐπειδὴ
3651 1982 3781 2035 πολε

2202 2070 2427 2141 λαχόθεν
2452 2072 2512 2125 τὸ
2544 2071 2767 2125 πιθανὸν
2794 2073 3002 2136 ἑαυτοῖς
3026 2074 3076 2125 οί
3097 2073 3398 2143 προστάται
3426 2075 3525 2143 τῆς
3558 2074 3780 2145 ἀπάτης

2202 2163 2534 2233 εὑρίσκουσι,
2584 2164 2678 2217 καὶ
2708 2163 2823 2227 δέος
2869 2163 2945 2234 μὴ
2969 2164 3030 2218 τὸ
3061 2163 3405 2234 παροφθῆναί
3442 2182 3495 2217 τι
3526 2164 3640 2217 τῶν
3674 2182 3774 2218 πε-

2202 2254 2520 2323 πονημένων
2576 2255 2779 2318 αὐτοῖς,
2817 2255 3171 2325 εὐπρόσωπος
3204 2254 3327 2309 καθ’
3354 2255 3513 2326 ἡμῶν
3549 2256 3777 2328 γένηται

2199 2344 2452 2413 διαϐολῆς
2502 2344 2744 2416 ἀφορμὴ,
2779 2345 2856 2409 ὡς
2891 2345 2954 2398 τὸ
2985 2345 3327 2417 ἰσχυρότερον
3368 2347 3774 2411 ἐλλελοιπότων,

2198 2436 2387 2490 τούτου
2412 2437 2569 2507 χάριν
2588 2435 2989 2507 παρῃτησάμην
3016 2437 3141 2499 τοὺς
3160 2436 3588 2508 καθομιλοῦντας
3618 2440 3778 2511 ἡμῶν

2196 2530 2261 2597 τῇ
2293 2527 2492 2597 σπουδῇ
2527 2526 2795 2597 μηδεμίαν
2812 2527 3175 2595 καταγνόντας
3192 2529 3525 2600 ἀδολεσχίαν,
3543 2532 3775 2586 ἔπεσθαι

2196 2616 2491 2687 προθύμως
2519 2616 2596 2687 τῷ
2623 2616 2788 2687 λόγῳ,
2809 2618 3084 2689 πανταχοῦ
3107 2621 3224 2673 κατ’
3241 2620 3483 2692 ἀνάγκην
3508 2620 3651 2692 πρὸς
3674 2624 3777 2686 τὰς

2195 2707 2288 2762 τοῦ
2312 2707 2539 2777 ψεύδους
2568 2708 2938 2779 ἐπιχειρήσεις
2962 2710 3153 2764 ἑαυτὸν
3169 2711 3534 2780 ἀντεξάγοντι.
3552 2714 3773 2785 Ἐπειδὴ

2195 2800 2375 2854 τοίνυν
2421 2800 2579 2870 μόγις
2621 2801 2754 2853 ποτὲ
2785 2800 2876 2853 τὸν
2922 2801 3051 2872 περὶ
3085 2804 3182 2871 τῆς
3201 2802 3441 2867 ἐπινοίας
3481 2803 3696 2877 δνειρον
3713 2807 3776 2859 ἐν

2195 2890 2349 2961 βαθεί
2393 2890 2471 2961 τῷ
2520 2890 2673 2961 ὕπνῳ
2699 2891 3043 2945 διαπλάσσων
3081 2892 3376 2961 ἐπαύσατο,
3407 2896 3519 2959 τοῖς
3544 2896 3774 2959 ἀτόποις

2193 2981 2422 3046 ἐκείνοις
2448 2983 2541 3036 καὶ
2592 2982 2927 3053 ἀδιανοήτοις
2950 2982 3060 3036 τῶν
3093 2984 3536 3056 ἐπιχειρημάτων
3576 2987 3775 3041 ἑαυτὸν

2196 3073 2555 3138 καθοπλίζων,
2592 3074 2816 3145 μετάγει
2854 3075 2947 3128 τὸν
2990 3074 3148 3142 λόγον
3180 3076 3273 3129 ἐπὶ
3317 3076 3502 3148 ἓτερον
3536 3078 3771 3151 ὄνειρον,

2196 3165 2329 3218 πολὺ
2350 3165 2447 3235 τῆς
2463 3163 2838 3235 προλαϐούσης
2857 3165 3153 3233 φαντασίας
3171 3165 3772 3240 άνοητότερον.”Εξεστι

2194 3256 2250 3309 δὲ
2295 3255 2495 3324 γνῶναι
2538 3256 2630 3309 τοῦ
2662 3257 2853 3310 μπόνου
2880 3257 2942 3309 τὸ
2990 3258 3237 3328 μάταιον,
3266 3258 3342 3330 τῷ
3368 3260 3467 3331 τὴν
3514 3263 3773 3334 περὶτῆς

2196 3350 2501 3418 στερήσεως
2546 3347 2710 3401 αὑτοῦ
2746 3348 3088 3418 τεχνολογίαν
3132 3354 3546 3421 κατανοήσαντι.
3607 3353 3773 3406 Ἀλλὰ.

2188 3436 2249 3489 τὸ
2283 3438 2429 3507 πάσῃ
2462 3439 2530 3508 τῇ
2552 3436 2786 3509 φλυαρίᾳ
2815 3438 3243 3509 συμπλέκεσθαι,
3276 3440 3441 3494 αὐτοῦ
3468 3441 3536 3495 ἂν
3558 3442 3646 3512 εἴη
3670 3442 3769 3497 τοῦ

2189 3528 2452 3599 Εὐνομίω
2479 3529 2573 3583 καὶ
2608 3529 2715 3582 τῶν
2754 3532 2873 3583 κατ’
2915 3532 3076 3585 αὑτὸν
3100 3533 3208 3585 τῶν
3235 3533 3504 3605 μηδεμίαν
3530 3536 3667 3606 πρὸς
3696 3536 3770 3589 τὰ

2190 3620 2579 3691 σπουδαιότερα
2631 3621 2740 3673 τῶν
2789 3624 3127 3693 πραγμάτων
3160 3625 3437 3695 φροντίδα.
3484 3627 3678 3697 Ἡμεῖς
3706 3629 3767 3680 δὲ

2186 3711 2273 3764 διὰ
2299 3712 2590 3781 συντομίαν
2606 3713 2698 3765 ἐπὶ
2736 3713 3042 3781 κεφαλαίων
3083 3718 3194 3778 τοῖς
3215 3718 3333 3789 είρη
3343 3717 3523 3787 μένοις
3541 3719 3771 3790 ἐπιδρα-

2190 3801 2455 3873 μούμεθα,
2489 3802 2564 3865 ὡς
2590 3802 2655 3855 ἂν
2679 3803 2813 3872 μήτε
2842 3804 3020 3857 τιτῶν
3048 3805 3313 3861 ὑπαιτίων
3341 3808 3765 3879 παραλειφθείη,

2191 3894 2328 3963 μήτε
2374 3911 2426 3945 τι
2468 3891 2576 3945 τῶν
2604 3891 2843 3961 ματαίων
2882 3896 2958 3959 είς
2981 3896 3236 3967 ἀνόνητον
3260 3899 3431 3969 μῆκος
3450 3901 3768 3970 προαγάγοι

2187 3984 2278 4036 τὸν
2304 3982 2480 4051 λόγον.

508 4062 716 4118 bibent.
757 4064 867 4121 Nos
898 4077 1076 4123 autem
1113 4072 1336 4127 concise
1362 4082 1416 4127 et
1445 4076 1762 4130 summatim
1792 4077 1938 4131 dicta
1966 4092 2378 4147 percurremus,
2417 4087 2475 4132 ut
2508 4091 2685 4146 neque
2759 4077 3058 4147 quidquam
3127 4081 3419 4135 criminum
3485 4082 3775 4153 relinqua-

506 4162 617 4215 tur,
647 4173 826 4227 neque
869 4161 997 4229 quid
1030 4164 1197 4217 inane
1224 4171 1278 4219 et
1308 4179 1509 4220 vanum
1539 4168 1604 4220 ad
1638 4169 1880 4223 inutilem
1912 4170 2273 4238 prolixitatem
2306 4183 2607 4222 sermonem
2638 4169 2919 4237 producat.

573 4248 784 4303 Etenim
824 4253 1202 4318 propositurus
1258 4256 1399 4311 hanc
1455 4259 1715 4327 prreclare
1745 4270 2059 4315 contextam

2244 4258 2470 4311 Μέλλων
2517 4259 2625 4330 γὰρ
2654 4262 2948 4332 προθήσειν
2975 4263 3075 4334 τὴν
3098 4264 3225 4335 περὶ
3271 4266 3379 4318 τῶν
3421 4270 3763 4338 στερητικῶν

505 4340 805 4394 orationem
834 4342 900 4395 de
923 4343 1009 4398 his
1033 4346 1349 4403 nominibus
1377 4364 1497 4417 qua:
1522 4350 1879 4419 privationem
1907 4352 2075 4422 signi-

2193 4349 2456 4420 Ενομάτων
2475 4352 2839 4421 τεχνολογίαν,
2885 4333 3217 4423 ἐπήγγελται
3258 4355 3449 4421 δείξειν
3621 4363 3764 4431 ήμε-

506 4429 689 4495 ticant,
721 4447 780 4487 se
806 4435 1302 4493 demonstraturum
1345 4442 1627 4511 professus
1655 4452 1737 4498 cst
1763 4452 2075 4499 nostrorum

501 4520 847 4575 ('lecretorum
884 4525 1301 4593 absurditatem,
1326 4541 1389 4585 ut
1414 4534 1531 4601 ipse
1570 4534 1828 4602 loquitur,
1852 4535 2075 4589 insana-

505 4606 661 4661 bilem
696 4616 750 4662 et
785 4611 1096 4680 refigionem
1138 4619 1423 4685 quamdam
1451 4622 1759 4676 simulatam
1795 4639 1859 4677 ac
1888 4639 2074 4693 repre-

502 4696 842 4756 hensibilem.
876 4702 1199 4763 Pollicitatio
1215 4709 1379 4779 igitur
1394 4712 1507 4768 haec
1529 4722 1612 4769 est
1634 4732 1646 4767 :
1678 4715 1870 4770 horum
1891 4726 2073 4772 autem

502 4792 790 4848 criminum
826 4797 1233 4860 demonstratio,
1253 4818 1374 4872 qua:
1395 4804 1565 4859 ?Cum
1581 4808 1796 4876 quidam
1818 4808 2071 4876 dixerint,

502 4883 696 4952 inquit,
727 4890 1018 4952 privatione
1036 4897 1386 4961 generationis
1418 4897 1586 4951 Deum
1620 4917 1732 4954 esse
1758 4903 2069 4971 ingenitum,

500 4989 594 5027 nos
609 4976 678 5027 ad
698 4979 1139 5043 reprehensionem
1159 4984 1344 5038 horum
1370 5004 1530 5057 neque
1544 4988 1648 5042 Deo
1661 5008 1942 5060 congruere
1963 4994 2072 5047 ullo

500 5064 653 5118 modo
686 5067 822 5121 hanc
872 5088 1064 5135 vocem,
1106 5092 1265 5144 neque
1312 5080 1575 5132 notionem
1631 5080 2071 5137 dixerinmsule-

500 5165 767 5213 monstret
800 5164 1069 5218 sermonis
1098 5168 1330 5233 primum
1387 5180 1689 5235 auctorem,
1723 5174 1765 5226 si
1798 5175 1919 5241 quis
1949 5183 2072 5243 post

501 5246 751 5304 homines
792 5263 949 5307 natos
973 5293 986 5317 ,
1023 5256 1137 5309 sive
1185 5259 1328 5327 apud
1361 5259 1625 5315 barbaros
1683 5263 1799 5317 sive
1828 5263 2067 5331 ϐιαιως,

499 5340 627 5407 quid
658 5341 763 5395 tale
794 5344 1010 5401 locutus
1033 5345 1461 5417 demonstratur,
1522 5361 1573 5408 et
1606 5370 1709 5409 nos
1739 5357 2067 5425 lacebimus;

499 5430 593 5484 sed
635 5440 756 5500 post
788 5433 1067 5490 hominum
1102 5440 1420 5495 memoriam
1456 5444 1638 5499 nullus
1698 5444 2070 5515 deprehensus

501 5523 666 5577 fuerit
700 5526 804 5578 tale
854 5527 984 5595 quid
1039 5527 1264 5593 dixisse,
1304 5533 1411 5588 nisi
1464 5535 1587 5604 quis
1625 5536 2070 5606 insaniret.Quis

498 5616 643 5668 enim
677 5616 765 5670 hic
815 5621 1163 5687 temulentus,
1226 5624 1353 5693 quis
1405 5626 1543 5681 adeo
1576 5628 1660 5683 vel
1714 5629 1949 5694 insania,
1986 5632 2070 5687 vel

498 5709 810 5784 phrenitide
850 5712 965 5768 sive
1020 5714 1262 5771 delirioe
1284 5718 1639 5785 sedemcutis
1673 5736 1787 5778 suae
1807 5723 2069 5792 depulsus

2175 4440 2348 4512 τέρων
2383 4440 2665 4511 δογμάτων
2696 4444 2943 4510 ἀτοπίαν,
2973 4446 3048 4508 ὠς
3073 4447 3233 4512 αὑτός
3259 4465 3441 4518 φησιν,
3455 4450 3765 4521 ἀνήκεστον

2177 4534 2269 4585 καὶ
2302 4532 2585 4587 εὐλάϐειαν
2635 4551 2756 4589 τινα
2798 4538 3162 4608 προσποίητον
3201 4540 3295 4592 καὶ
3333 4539 3653 4611 ἐπίληπτον.
3695 4542 3762 4597 Ἦ

2178 4624 2276 4693 μὲν
2302 4620 2394 4678 οὖν
2428 4625 2736 4696 ὑπόσχεσις.
2767 4626 2926 4697 αὕτη.
2944 4629 3003 4681 ὐ
3025 4629 3083 4682 δὲ
3115 4630 3222 4683 τῶν
3251 4630 3611 4702 ἐγκλημάτων
3627 4634 3764 4687 τού-

2174 4732 2282 4767 των
2306 4714 2519 4785 ἐλεγχος
2539 4757 2553 4777 ,
2580 4716 2693 4781 τίς;
2714 4719 3038 4779 Είπόντων,
3057 4720 3209 4790 φησὶ,
3242 4721 3437 4787 τινῶν,
3470 4724 3762 4801 στερήσει

2173 4807 2513 4875 γεννήσεως
2564 4804 2716 4861 εἶναι
2753 4808 2861 4860 τὸν
2893 4808 3039 4861 Θεὸν
3069 4810 3418 4879 ἀγέννητον,
3456 4813 3631 4881 ἡμεῖς
3661 4809 3764 4867 ἐπ’

2173 4896 2402 4968 ἐλέγχῳ
2446 4899 2686 4963 τούτων,
2716 4898 2999 4968 μηδαμῶς
3035 4900 3301 4969 ἁρμόζειν
3333 4902 3415 4968 τῷ
3461 4902 3586 4970 Θεῷ
3603 4906 3762 4976 μήτε

2172 4990 2286 5057 τὴν
2319 4990 2529 5059 φωνὴν
2569 4993 2811 5056 ταύτην,
2860 4991 3015 5060 μήτε
3050 4994 3165 5061 τὴν
3202 4994 3444 5048 ἔννοιαν
3469 4997 3756 5067 ειπωμεν.

2172 5080 2408 5145 Δειξάτω
2428 5082 2526 5143 ,τὸν
2556 5085 2866 5154 προστάτην
2895 5084 2987 5137 τοῦ
3027 5083 3207 5152 λόγου,
3234 5087 3394 5151 εἴτις
3420 5088 3529 5142 τῶν
3573 5091 3667 5159 ἀφ’
3697 5086 3759 5145 οὗ

2173 5173 2458 5240 γεγόνασιν
2498 5174 2772 5247 ἄνθρωποι
2800 5176 2960 5247 μέχρι
2984 5175 3079 5229 τοῦ
3107 5176 3222 5241 νῦν,
3268 5176 3377 5231 εἴτε
3431 5182 3585 5252 παρὰ
3622 5182 3757 5254 βαρ-

2172 5264 2380 5336 ϐάροις,
2419 5267 2528 5320 εἴτε
2577 5268 2707 5336 παρ’
2735 5268 2960 5339 Ἕλλησι
2989 5267 3050 5319 τὸ
3091 5266 3330 5322 τοιοῦτον
3357 5272 3755 5342 παραφθεγξά-

2175 5375 2332 5427 μενος
2356 5357 2647 5424 δείκνυται,
2676 5360 2770 5413 καὶ
2810 5361 2968 5430 ἡμεῖς
3003 5364 3373 5432 σιωπήσομεν·
3403 5364 3516 5417 ἀλλ’
3545 5366 3648 5419 οὐκ
3689 5366 3756 5419 ἂν

2172 5454 2454 5524 ἐλεγχθείη
2488 5456 2595 5509 τῶν
2633 5459 2689 5509 ἐν
2725 5458 2885 5509 παντὶ
2924 5458 3099 5527 χρόνῳ
3134 5459 3518 5527 γεγενημένων
3539 5460 3753 5530 ἀνθρώο

2172 5564 2289 5599 πων
2312 5547 2487 5610 οὐδεὶς
2525 5548 2587 5600 τὸ
2616 5548 2853 5602 τοιοῦτον
2893 5548 3081 5612 εἰπὼν,
3121 5549 3256 5619 πλὴν
3286 5552 3338 5603 εί
3365 5567 3447 5612 τις
3484 5551 3747 5619 μαίνοιτο.

2173 5638 2270 5700 Τίς
2297 5637 2406 5708 γὰρ
2434 5630 2589 5701 οὗτος
2639 5640 2702 5691 ἐκ
2747 5638 2917 5709 μέθης
2947 5638 3277 5711 παράφορος,
3316 5640 3398 5702 τίς
3441 5638 3613 5703 οὕτως
3645 5639 3751 5692 ὑπὸ

2183 5729 2379 5799 μανίας
2401 5730 2433 5800 ἢ
2463 5730 2760 5801 φρενίτιδος
2784 5730 3085 5801 ἐξεστηκὼς
3120 5730 3217 5802 τὴν
3242 5730 3497 5794 διάνοιαν,
3528 5730 3604 5795 ὡς
3625 5728 3750 5784 τοῦ·
