4006 6490
147 188 291 244 1101

1259 181 1535 238 CONTRA
1574 179 1966 245 EUNOMIUM,
1997 179 2127 236 LIB.
2163 178 2277 235 XII.

3269 171 3295 225 1
3312 164 3413 228 ιω

145 320 246 357 τον
280 303 454 355 είπιῖν
487 300 579 353 τὸν
630 298 786 369 λόγον
814 338 829 363 ,
870 298 952 351 ὅτι
983 295 1373 367 τῷάγεννήτῳ
1426 295 1546 366 Θεῷ
1594 293 1778 352 κατάλ

1881 304 1895 348 t
1925 296 2069 349 hunc
2099 306 2404 349 sermonem
2430 290 2692 362 proferat,
2743 286 2887 361 quod
2918 286 3161 359 ingenito
3182 285 3292 342 Deo
3324 302 3411 344 se-

152 392 322 463 φύσιν
368 390 467 462 μέν
519 391 666 443 ἐστιν
692 391 724 459 ἡ
754 388 1024 457 γέννησις,
1057 386 1337 457 στερηθεὶς
1372 386 1428 438 δὲ
1469 385 1561 438 τοῦ
1597 385 1739 438 κατά

155 485 345 554 φύσιν,
376 486 439 537 ὲκ
459 481 714 553 γεννητοῦ
747 479 840 533 τοῦ
882 479 1137 551 πρόσθεν,
1161 480 1350 548 γέγονε
1401 479 1538 549 μετά
1570 478 1742 532 ταῦτα

156 577 494 647 ἁγέννητος;
530 573 690 626 Ἀλλά
735 570 905 625 ταῦτα
951 572 1049 640 τῆς
1102 571 1399 641 ῥητορικῆς
1440 570 1508 622 τά
1551 570 1743 638 τεχνά-

160 684 370 738 σματα,
396 666 474 729 τὸ,
508 665 566 717 ἐν
612 654 694 727 οἷς
734 663 1046 733 ἐλέγχονται
1076 660 1383 731 προσώπων
1411 660 1574 713 τινῶν
1614 661 1744 711 ὑπο-

160 759 349 822 ϐολαῖς
395 756 491 827 τὴν
524 756 588 809 ὲκ
612 754 719 807 τῶν
748 753 983 823 ἐλέγχων
1006 752 1270 824 αἰσχύνην
1297 751 1701 821 διαδιδράσκειν
1725 766 1739 779 ⁸

158 848 305 903 οὕτω
332 848 422 901 καὶ
466 846 593 915 περὶ
625 846 721 915 τῆς
753 844 1045 912 ἀπολογίας
1077 844 1293 913 ἐκείνης
1326 842 1743 919 ἀπολελόγηται,

158 938 447 1000 δικασταῖς
496 936 593 989 καὶ
624 935 949 1006 κατηγόροις
989 933 1261 997 ἀνατιθεὶς
1303 934 1400 1004 τῆς
1431 931 1748 1004 ἐπιγραφῆς

160 1028 263 1099 τὴν
296 1027 499 1090 αἰτίαν,
523 1028 583 1079 οὐ
610 1026 968 1098 κατηγόρους,
1000 1026 1061 1078 οὐ
1086 1025 1288 1095 κρίσιν,
1310 1024 1369 1076 ού
1401 1024 1749 1094 δικαστήριον

162 1115 431 1181 ἐπιδεῖξαι
482 1116 794 1187 δυνάμενος.
842 1115 952 1168 Καὶ
981 1115 1075 1168 νῦν
1100 1115 1175 1177 ὡς
1201 1113 1485 1186 ἀλλοτρίαν
1540 1113 1749 1184 μωρίαν

163 1204 659 1277 ἐπανορθούμενος,
693 1207 773 1268 είς
805 1204 1051 1273 ἀνάγκην
1086 1204 1220 1275 φησι
1247 1202 1341 1257 τοῦ
1369 1201 1541 1266 οὕτως
1579 1204 1752 1255 εἰπεῖν

164 1297 509 1369 ἐληλυθέναι.
568 1291 737 1361 Οὗτος
778 1296 807 1348 ὀ
852 1295 1071 1365 ἔλεγχος
1120 1298 1219 1365 τῆς
1267 1293 1566 1364 ἀνηκέστου
1596 1293 1753 1365 ἡμῶν

165 1389 421 1452 ἀτοπίας,
464 1388 559 1441 καὶ
596 1387 696 1456 τῆς
739 1386 1102 1458 προσποιήτου
1134 1386 1228 1438 καὶ
1261 1385 1560 1455 ὲπιλήπτου
1599 1384 1755 1437 εὐλα-

167 1482 347 1545 ϐείας.
389 1480 530 1534 Ἀλλ’
585 1479 923 1550 ἀποροῦντας
956 1480 1102 1549 ἡμᾶς
1158 1494 1322 1547 φησιν
1351 1477 1450 1530 οὐκ
1494 1476 1679 1547 ἔχεινὸ
1702 1493 1755 1529 τι

167 1572 489 1646 χρησόμεθα
516 1574 626 1635 τοῖς
649 1570 878 1642 παροῦσι
910 1572 1002 1623 καὶ
1037 1569 1135 1640 τὴν
1160 1567 1389 1639 ἀπορίαν
1426 1568 1759 1637 ἐπικρυπτο-

1840 387 2077 441 cundum
2098 394 2345 440 naturam
2369 383 2588 454 quidem
2607 388 2692 436 est
2709 380 3010 450 generatio,
3042 380 3289 449 privatus
3318 393 3414 433 au-

1842 488 1946 533 tem
1978 494 2044 532 eo
2077 476 2221 547 quod
2256 485 2341 531 est
2358 473 2658 530 secundum
2692 479 2944 525 naturam
2978 485 3042 525 ex
3090 470 3274 539 genito
3303 469 3415 525 Deo

1842 570 1986 641 quod
2035 570 2184 640 prius
2211 578 2348 631 erat,
2397 566 2576 622 factus
2616 571 2701 619 est
2739 571 2930 633 postea
2971 556 3282 631 ingenitus?
3307 561 3413 617 Sed

1844 664 1960 717 haec
1986 671 2116 717 sunt
2142 660 2426 715 rhetorica
2445 656 2697 722 artificia,
2723 670 2915 725 nempe
2944 656 2999 710 in
3024 656 3107 712 his
3130 657 3185 710 in
3216 656 3417 726 quibus

1845 754 2319 825 reprehenduntur
2355 751 2682 822 quibusdam
2714 748 2999 804 accersitis
3046 749 3299 817 personis
3330 764 3419 803 re-

1848 846 2271 918 prehensionum
2302 841 2540 898 dedecus
2592 838 2971 910 subterfugere
3001 854 3017 904 ;
3054 839 3133 893 sic
3152 845 3207 893 et
3232 838 3301 894 de
3326 839 3418 893 illa

1851 938 2172 993 defensione
2230 934 2491 998 defendit,
2543 931 2828 1002 judicibus
2896 939 2952 986 et
2997 931 3421 986 accusatoribus

1853 1029 2223 1086 accusationis
2259 1028 2474 1098 culpam
2506 1033 2561 1081 et
2588 1039 2812 1080 causam
2848 1024 3151 1088 ascribens,
3187 1038 3296 1077 non
3330 1036 3423 1076 ac-

1853 1130 2159 1183 cusatores,
2189 1135 2295 1173 non
2326 1118 2595 1188 judicium
2621 1158 2637 1182 ,
2676 1131 2784 1170 non
2824 1116 3083 1186 judiciaie
3117 1114 3297 1170 forum
3331 1130 3425 1169 va-

1855 1216 1970 1269 lens
1993 1214 2298 1269 ostendere.
2337 1211 2402 1265 Et
2436 1226 2582 1265 nunc
2616 1217 2676 1264 ut
2739 1210 2973 1265 alienam
3039 1209 3329 1265 stultitiam
3373 1216 3428 1264 et

1859 1308 2160 1361 fatuitatem
2222 1303 2525 1373 corrigens,
2571 1316 2630 1357 se
2662 1301 2715 1356 in
2771 1302 3154 1356 necessitatem
3216 1300 3297 1356 sic
3343 1300 3428 1354 lo-

1858 1400 2059 1471 quendi
2093 1399 2305 1453 venisse
2334 1396 2488 1451 dicit.
2524 1394 2650 1450 Haec
2709 1404 2792 1450 est
2839 1392 3192 1464 reprehensio
3229 1403 3430 1449 nostrae

1862 1491 2185 1548 insanabilis
2228 1488 2606 1549 absurditatis,
2639 1494 2693 1540 et
2730 1485 2999 1540 simulatae
3051 1493 3214 1553 atque
3240 1498 3431 1552 repre-

1864 1584 2149 1640 hensibilis
2173 1581 2470 1651 religionis.
2514 1577 2619 1633 Sed
2644 1592 2743 1632 nos
2781 1576 2994 1647 indiges
3022 1573 3156 1630 dicit
3191 1589 3300 1630 non
3330 1574 3432 1628 ha-

172 1666 373 1736 μένους
398 1681 411 1695 ·
475 1664 682 1717 ἐκείνου
733 1662 831 1732 μὲν
883 1662 946 1714 ἐκ
980 1659 1090 1713 τῶν
1126 1660 1385 1729 ῥημάτων
1422 1661 1501 1721 είς
1532 1656 1630 1727 τὴν
1663 1656 1757 1708 τοῦ

1881 1691 1989 1732 iere
2015 1676 2147 1745 quid
2180 1676 2235 1729 in
2269 1672 2554 1743 praesentia
2577 1685 2801 1740 agamus
2832 1677 2886 1723 et
2907 1683 3014 1739 quo
3032 1679 3442 1728 nosvertamus,

168 1756 382 1827 κόσμου
411 1754 712 1807 διαϐάλλειν
747 1752 971 1821 σοφίανο
1003 1752 1200 1813 αὐτοὺς
1231 1750 1288 1802 δὲ
1328 1750 1426 1820 τὴν
1467 1748 1561 1801 τοῦ
1602 1747 1758 1815 ἀγίου

170 1847 497 1918 ῐΙνεύματος
541 1844 868 1899 οἰκειοῦσθαι
908 1842 1275 1897 διδασκαλίαν.
1316 1840 1507 1903 Ἀλλος
1553 1840 1762 1909 ὄνειρος

172 1934 333 2002 οὗτος
376 1936 629 1991 τοσοῦτον
661 1934 841 2005 ἐαυτῷ
890 1936 1170 2005 προσεῖναι
1196 1932 1295 2000 τῆς
1326 1930 1429 1996 ἔξω
1461 1930 1652 1998 σοφίας
1683 1929 1761 1980 οἴ-

172 2028 359 2093 εσθαι,
386 2029 461 2092 ὡς
494 2025 721 2098 φοϐερὸν
761 2025 1028 2094 Βασιλείῳ
1064 2024 1151 2076 διά
1193 2021 1350 2075 τοῦτο
1377 2022 1570 2074 δοκεῖν.
1610 2018 1766 2073 Οῦτω

173 2120 326 2183 τινὲς
359 2121 452 2173 καὶ
500 2118 810 2189 βασιλεῦσιν
837 2115 1143 2187 όμόθρονοι,
1181 2115 1274 2167 καὶ
1308 2114 1406 2183 τῆς
1432 2109 1767 2181 ὑψηλοτέρας

175 2210 346 2277 ἀξίας
390 2209 530 2265 εἶναι
580 2209 839 2273 πολλάκις
885 2207 1110 2270 ἑαυτοὺς
1164 2204 1602 2273 ἐφαντάσθησαν,
1666 2202 1767 2271 τῆς

178 2304 547 2374 ἡπατὴμενης
572 2301 678 2354 τῶν
727 2299 991 2353 ἐνυπνίων
1029 2297 1227 2366 ὅψεως,
1257 2298 1322 2348 ὲκ
1350 2296 1447 2365 τῆς
1472 2294 1590 2346 καθ’
1622 2292 1770 2362 ὕπαρ

181 2394 505 2465 ἑπιθυμίας,
535 2393 632 2463 τὴν
663 2392 790 2461 περὶ
831 2389 1017 2442 τούτου
1050 2388 1269 2458 δόκησιν
1300 2385 1621 2455 ἐντιθείσης.
1657 2384 1772 2437 Οὐκ

183 2486 401 2558 ἔχοντα,
430 2485 617 2555 φησὶν,
636 2482 931 2545 Βασίλειον,
962 2482 990 2533 ὅ
1032 2498 1083 2533 τι
1105 2482 1214 2542 τοῖς
1235 2478 1544 2548 εἰρημένοις
1575 2476 1774 2547 χρήσε-

180 2598 300 2643 ται,
326 2577 629 2633 διαϐάλλειν
652 2575 810 2629 αὐτὸν
842 2575 932 2627 ἐπὶ
963 2575 1026 2644 τῇ
1056 2571 1149 2625 τοῦ
1180 2571 1384 2640 κόσμου
1421 2568 1600 2637 σοφίᾳ.
1640 2566 1775 2619 Πολ-

182 2671 283 2726 λοῦ
318 2671 416 2742 μέν
444 2687 525 2722 τοι
550 2669 649 2740 τὴν
695 2666 949 2737 τοιαύτην
978 2666 1044 2719 ἂν
1086 2662 1338 2732 διαϐολὴν
1361 2660 1681 2730 ἐτιμήσατο,
1716 2657 1776 2709 τὸ

187 2762 423 2834 φοϐερὸς
451 2759 767 2832 νομισθῆναι
788 2762 852 2828 τῇ
884 2755 1170 2830 περιουσία
1195 2753 1302 2807 τῶν
1331 2752 1523 2820 λόγων,
1554 2748 1776 2802 καὶτῶν

188 2854 555 2924 ἐπιτυχόντων
611 2852 733 2915 τινὶ,
795 2851 869 2919 μή
909 2848 962 2901 τί
1016 2864 1078 2915 γε
1110 2842 1375 2913 Βασιλείῳ
1404 2842 1497 2895 καί
1533 2857 1638 2895 τινι
1671 2838 1777 2891 τῶν

190 2946 317 3000 κατ’
345 2943 526 3007 αὑτὸν,
557 2940 716 3010 εἴπερ
733 2955 814 3000 τις
843 2938 977 2999 ὅλως
1008 2934 1125 2987 ἐστὶ
1153 2934 1271 2986 κατ’
1294 2932 1455 2984 αὐτὸν
1484 2930 1518 3000 ἢ
1541 2928 1774 2996 ἐγένετο.

207 3034 371 3089 Ἀλλά
400 3034 493 3086 τὸν
533 3032 631 3102 μὲν
661 3029 749 3084 διὰ
790 3027 955 3097 μέσου
993 3025 1169 3094 λόγον,
1205 3023 1365 3093 εἴπερ
1395 3020 1550 3087 λόγος
1577 3018 1721 3071 ἐστὶν
1742 3018 1776 3087 ἡ

192 3123 617 3197 ἀνδραποδώδης
650 3120 811 3174 αὐτοῦ
849 3117 1104 3189 λοιδορία,
1131 3117 1226 3169 καὶ
1253 3114 1321 3168 τά
1353 3115 1567 3183 ἄμουσα
1603 3108 1782 3181 σκώμ-

198 3235 369 3291 ματα,
392 3217 457 3269 δι’
482 3209 555 3269 ὧν
574 3212 926 3286 κατατρέχειν
951 3209 1057 3263 τῶν
1082 3207 1371 3279 ἡμετέρων
1400 3206 1590 3266 οἴεται,
1607 3203 1781 3257 πάντα

197 3311 456 3381 παρήσω,
502 3303 789 3376 βδελυκτόν
830 3320 889 3356 τε
929 3302 1022 3355 καὶ
1054 3298 1215 3370 ἀηδὲς
1245 3294 1565 3366 ποιούμενος
1591 3293 1782 3346 τοσού-

196 3417 314 3463 τοις
373 3397 680 3468 μολύσμασι
732 3393 823 3446 τὸν
854 3391 1118 3463 ἡμέτερον
1156 3386 1560 3459 ὲμφορύνεσθαι
1604 3386 1782 3454 λόγον,

200 3490 394 3561 ὥσπερ
420 3489 469 3541 οί
495 3486 561 3540 τά
605 3483 814 3555 ὀχθώδη
858 3499 917 3535 τε
951 3483 1045 3535 καὶ
1088 3479 1321 3532 ὀδωδότα
1350 3478 1459 3530 τῶν
1492 3475 1664 3530 ἑλκῶν
1697 3491 1789 3546 μυ-

205 3580 545 3651 σαττόμενοι,
577 3577 671 3631 καὶ
711 3570 1229 3642 δυσανασχετοῦντες
1264 3569 1362 3638 τὴν
1386 3568 1514 3620 θέαν
1541 3566 1650 3619 τῶν
1682 3565 1789 3619 ἀπὸ

204 3671 562 3744 πληθωρικῆς
596 3683 737 3731 τινος
777 3664 1117 3737 βαρυχυμίας
1147 3662 1215 3714 δι’
1241 3659 1665 3731 ἀκροχορδόνων,
1696 3657 1791 3712 καὶ

204 3766 352 3832 ἥλων
379 3759 781 3818 ἀλλοιωθέντων
802 3759 901 3828 τὴν
922 3756 1259 3823 ἐπιφάνειαν.
1283 3753 1385 3804 Τὸν
1408 3752 1464 3803 δὲ
1484 3750 1607 3802 νοῦν
1627 3746 1791 3802 αὑτοῦ

206 3859 275 3911 δι’
328 3856 525 3923 ὀλίγων
565 3852 875 3922 ἐκθέμενος,
927 3847 1024 3918 τὴν
1082 3844 1282 3915 πολλὴν
1342 3842 1449 3895 τῶν
1490 3840 1793 3912 εἰρημένων

209 3942 570 4016 παραδραμοῦ
581 3959 677 4009 μεν
704 3940 991 3995 δυσωδίαν.

1862 1770 1993 1838 quin
2033 1767 2196 1822 etiam
2228 1764 2507 1835 penuriam
2548 1768 2796 1816 nostram
2845 1760 3151 1825 occultare;
3182 1772 3246 1813 ac
3276 1758 3429 1811 illum

1864 1862 2081 1932 quidem
2114 1875 2179 1915 ex
2211 1856 2390 1911 verbis
2416 1856 2485 1909 ob
2502 1851 2691 1906 mundi
2713 1850 3036 1920 sapientiam
3065 1846 3386 1903 calumniari
3418 1862 3433 1899 :

1865 1952 2014 2021 ipsos
2041 1963 2169 2003 vero
2198 1944 2371 2001 sancti
2428 1942 2667 2013 Spiritus
2700 1940 3007 1996 doctrinam
3064 1938 3223 1994 nobis
3258 1936 3437 1992 vindi-

1866 2059 2013 2099 care.
2051 2040 2207 2096 Aliud
2240 2039 2343 2093 hoc
2402 2037 2697 2097 somnium,
2731 2042 2940 2087 tantum
2973 2031 3079 2086 sibi
3120 2030 3225 2100 ipsi
3252 2028 3442 2085 adesse

1868 2146 2105 2194 externae
2155 2129 2433 2202 sapientia:
2489 2135 2700 2198 putare,
2754 2133 2815 2178 ut
2868 2132 3153 2194 prapterea
3181 2120 3442 2176 terribilis

1871 2229 2072 2285 Basilio
2102 2226 2366 2280 videatur.
2427 2220 2518 2275 Sic
2567 2218 2791 2289 quidam
2835 2218 2998 2271 etiam
3048 2230 3173 2269 cum
3223 2214 3443 2283 regibus

1872 2322 2035 2376 simul
2085 2320 2273 2374 eodem
2309 2316 2364 2369 in
2424 2314 2563 2369 solio
2599 2311 2812 2373 sedere,
2865 2319 2919 2365 et
2959 2309 3152 2362 altiore
3180 2305 3446 2378 dignitate

1872 2429 1992 2469 esse
2031 2426 2172 2481 saepe
2212 2425 2271 2463 se
2297 2408 2488 2477 dignos
2544 2393 2908 2463 somniarunt,
2943 2398 3076 2453 falsa
3107 2398 3447 2454 somniorum

1874 2504 2111 2574 imagine
2140 2516 2207 2556 ex
2247 2513 2375 2554 vera
2417 2495 2716 2565 cupiditate
2762 2492 2904 2545 hanc
2946 2489 3083 2559 ipsis
3134 2487 3448 2559 opinionem

1877 2599 2191 2659 inserente;
2243 2606 2352 2645 non
2385 2588 2693 2649 habentem,
2731 2585 2827 2650 ait,
2889 2580 3151 2637 Basilium
3213 2579 3344 2649 quid
3379 2579 3449 2632 ad

1878 2690 2022 2745 dicta
2048 2682 2376 2754 respondeat
2404 2677 2685 2734 criminari
2709 2677 2887 2745 ipsum
2916 2675 2987 2729 ob
3027 2672 3217 2727 mundi
3239 2672 3453 2741 sapien-

1878 2782 2032 2835 tiam.
2066 2774 2243 2845 Magui
2272 2770 2489 2841 quidem
2524 2768 2686 2822 talem
2729 2764 3165 2820 criminationem
3219 2761 3366 2828 fecit,
3393 2769 3454 2815 ut

1880 2875 2226 2935 existimetur
2263 2867 2523 2924 terribilis
2563 2865 2853 2920 verborum
2883 2861 3040 2933 c0pia
3080 2858 3325 2924 cuilibet,
3359 2874 3454 2913 ne-

1806 2965 1850 3021 (ἶ
1881 2977 2009 3033 dum
2056 2970 2260 3027 Basilio
2287 2976 2340 3023 et
2370 2965 2532 3020 alicui
2558 2962 2981 3033 discipulorum,
3015 2958 3060 3015 si
3085 2957 3303 3027 quidem
3332 2957 3457 3027 quis

1884 3070 2102 3144 penitus
2127 3074 2211 3123 est
2241 3063 2538 3120 secundum
2563 3060 2742 3130 ipsum
2775 3056 2858 3110 vel
2895 3053 3018 3108 fuit.
3055 3051 3162 3108 Sed
3192 3054 3458 3108 interme-

1885 3169 2033 3224 dium
2068 3176 2394 3222 sermonem,
2417 3158 2465 3215 si
2489 3154 2706 3229 quidem
2736 3165 2918 3206 sermo
2947 3156 3031 3205 est
3059 3147 3257 3205 servile
3285 3148 3459 3218 ipsius

1889 3262 2216 3322 convicium,
2254 3264 2308 3311 et
2341 3253 2559 3310 indocta
2592 3258 2756 3319 atque
2802 3248 2986 3317 inepta
3012 3256 3335 3309 scommata,
3363 3260 3461 3315 per

1890 3376 2011 3435 quae
2033 3359 2088 3413 in
2127 3363 2314 3411 nostra
2359 3352 2642 3405 incurrere
2674 3345 2993 3408 arbitratur,
3020 3343 3205 3398 omnia
3238 3350 3461 3414 praeter-

1884 3446 2458 3519 mittam,cxsecrabile
2484 3453 2539 3500 et
2563 3440 2988 3498 abominandum
3011 3439 3355 3500 existimans.
3382 3445 3464 3492 tot

1890 3554 2165 3620 tantisque
2215 3542 2607 3618 pollutionibus
2666 3552 2977 3594 sermonem
3013 3544 3261 3590 nostrum
3294 3532 3465 3588 infer-

1901 3650 2023 3713 ciri,
2062 3638 2520 3715 quemadmodum
2555 3636 2649 3706 qui
2678 3632 3000 3704 pra:tumida
3035 3642 3089 3687 et
3117 3639 3257 3686 tetra
3285 3629 3467 3684 ulcera

1894 3744 2299 3801 abominantur,
2347 3747 2597 3804 aegreque
2652 3729 2836 3786 ferunt
2869 3727 3241 3798 spectaculum
3281 3740 3471 3781 eorum

1893 3852 2015 3907 qua:
2033 3851 2097 3890 ex
2135 3833 2316 3900 aliqua
2349 3826 2530 3897 gravis
2566 3823 2815 3878 humoris
2856 3820 3157 3891 repletione
3180 3831 3471 3888 perverru-

1896 3945 1991 3985 cas
2020 3938 2073 3984 et
2104 3928 2286 3982 clavos
2334 3923 2620 3976 immutata
2679 3924 2828 3981 sunt,
2863 3915 2916 3967 in
2966 3912 3108 3968 cutis
3162 3909 3472 3981 superficie.

212 4039 451 4096 Sensum
481 4038 722 4106 ipsorum
785 4048 908 4087 cum
955 4027 1145 4100 paucis
1211 4040 1513 4095 exposuero
1564 4023 1787 4077 multam
1830 4023 2074 4093 ipsorum
2102 4013 2521 4091 graveolentiam
2553 4016 2993 4080 praetercurram.

290 4133 482 4185 Ἔσται
509 4129 565 4183 δέ
593 4146 680 4198 μοι
704 4126 841 4189 τέως
870 4127 986 4178 κατ’
1021 4120 1330 4195 ἐλευθερίαν
1359 4122 1387 4172 ὀ
1425 4119 1580 4186 λόγος
1613 4115 1794 4180 διεξα-

213 4226 466 4298 γόμενος,
519 4221 668 4275 οὐδὲν
703 4221 837 4291 πρὸς
893 4219 954 4271 τὸ
989 4214 1399 4285 ὲπηρεαστικῶς
1455 4211 1805 4282 σπαράσσειν-

1970 4115 2087 4169 Erit
2113 4089 2297 4166 autem
2324 4105 2456 4162 mihi
2486 4118 2584 4175 pro
2632 4100 2884 4155 libertate
2918 4109 3098 4152 sermo
3132 4093 3224 4164 qui
3275 4089 3474 4161 produ-

1902 4210 2065 4271 citur,
2097 4205 2190 4276 qui
2222 4217 2329 4257 non
2359 4201 2426 4254 ad
2455 4193 2791 4253 calumniose
2847 4185 3264 4257 discerpendum
3313 4182 3476 4254 quid-

212 4273 776 4382 τίΓτώννλεγομένων
819 4273 1305 4378 ἐπιστρεφόμενος.
1348 4273 1466 4366 Tia;
1494 4273 1648 4369 λόγος
1677 4301 1704 4352 ὃ
1733 4315 1778 4367 γε

1903 4316 2067 4372 quam
2116 4273 2308 4353 eorum
2355 4306 2477 4363 quae
2528 4290 2809 4348 dicuntur,
2862 4279 3221 4336 convertitur.
3286 4273 3478 4330 Omnis

215 4405 436 4477 ἀληθῶς
459 4403 637 4470 λόγος,
676 4396 982 4469 σημαντικὴ
1024 4396 1109 4458 τίς
1140 4397 1255 4447 ἐστι
1285 4392 1392 4446 τῶν
1432 4392 1551 4445 κατ’
1595 4390 1801 4442 ἔννοιαν

218 4496 539 4568 κινημάτων
566 4492 741 4562 φωνή.
782 4490 939 4543 Πᾶσα
961 4489 1016 4541 δὲ
1046 4486 1144 4556 τῆς
1173 4484 1359 4553 ὑγιοῦς
1383 4482 1619 4544 διανοίας
1649 4480 1804 4550 ὲνέρ-

221 4591 353 4660 γειά
375 4605 435 4641 τε
475 4586 570 4640 καὶ
628 4584 863 4654 κίνησις,
892 4581 1029 4652 πρὸς
1061 4580 1158 4650 τὴν
1196 4576 1306 4630 τῶν
1331 4577 1499 4629 ὄντων
1521 4573 1721 4642 γνῶσίν
1746 4589 1805 4623 τε

223 4685 321 4737 καὶ
352 4680 604 4750 θεωρίαν,
628 4677 703 4739 ὡς
726 4675 791 4729 ἂν
820 4670 930 4728 οἷόν
957 4690 1016 4725 τε
1060 4668 1116 4746 ᾗ,
1150 4670 1359 4740 βλέπει.
1384 4668 1517 4737 Διχῆ
1545 4668 1602 4720 δὲ
1638 4666 1809 4737 μεμέ-

228 4793 411 4850 ρισται
467 4772 575 4824 τῶν
613 4770 781 4822 ὀντων
813 4770 847 4838 ἡ
879 4765 1059 4835 φύσις,
1113 4763 1193 4825 εἰς
1234 4778 1293 4813 τε
1317 4760 1378 4811 τὸ
1421 4760 1608 4829 νοητὸν
1636 4759 1730 4811 καὶ
1752 4758 1812 4810 τὸ

228 4866 485 4933 αἰσθητὸν
517 4861 863 4933 διαιρουμένη
887 4876 901 4889 ο
942 4856 1080 4910 ἀλλὰ
1107 4854 1214 4906 τῶν
1246 4854 1344 4923 μὲν
1387 4853 1504 4905 κατε
1562 4851 1811 4920 αἴσθησιν

231 4959 592 5033 φαινομένων,
636 4954 722 5007 διὰ
787 4953 847 5005 τὸ
905 4950 1190 5021 πρόχειρον
1248 4945 1346 5014 τῆς
1396 4943 1810 5009 κατανοήσεως,

233 5032 389 5119 κοινὴ
428 5047 710 5119 πρόκειται
772 5043 937 5093 πᾶσιν
967 5043 1001 5110 ἡ
1033 5037 1231 5107 γνῶσις
1254 5051 1269 5066 ο
1318 5032 1573 5103 οὐδεμίαν
1600 5033 1726 5102 περὶ
1754 5032 1815 5083 τὸ

237 5140 593 5209 ὑποκείμενον
632 5132 958 5206 ἀμφιϐολίαν
992 5128 1326 5200 ἐμποιούσης
1362 5126 1462 5193 τῆς
1494 5122 1815 5193 αἱσθητικῆς

238 5230 566 5299 ἐπικρίσεως
591 5243 604 5255 ·
634 5226 733 5288 τάς
758 5242 816 5277 τε
843 5225 951 5293 γὰρ
979 5222 1087 5274 τῶν
1109 5219 1435 5291 χρωμάτων,
1464 5218 1558 5270 καὶ
1586 5216 1696 5268 τῶν
1715 5215 1818 5267 λοι-

239 5320 357 5372 πῶν
380 5318 679 5387 ποιοτήτων
706 5314 989 5383 διαφορὰς,
1014 5313 1144 5374 ὅσας
1176 5310 1263 5363 διὰ
1303 5309 1402 5378 τῆς
1430 5309 1603 5375 ὅψεως
1634 5306 1728 5358 καὶ
1748 5306 1814 5359 δι’

243 5414 430 5481 ἀκοῆς,
458 5410 490 5480 ἢ
521 5408 859 5478 ὀσφρήσεως,
895 5404 928 5474 ἢ
988 5403 1086 5471 τῆς
1140 5401 1279 5455 κατά
1323 5401 1420 5471 τὴν
1463 5399 1681 5469 ἀφὴν,ἢ
1719 5398 1816 5468 τὴν

241 5500 431 5569 γεῦσιν
462 5498 764 5569 αἰσθήσεως
803 5494 1172 5565 ὲπικρίνομεν,
1210 5490 1506 5561 ὁμοφώνως
1534 5491 1732 5550 πάντες
1765 5489 1815 5540 οἱ

234 5604 340 5674 τῆς
368 5594 535 5666 αὐτῆς
559 5592 940 5655 κοινωνοῦντες
974 5590 1210 5660 φύσεως,
1262 5585 1599 5656 γινώσκομεν
1634 5601 1693 5636 τε
1724 5584 1816 5637 καὶ

1907 4366 2086 4449 sermo
2115 4390 2206 4461 qui
2227 4402 2357 4443 vere
2383 4392 2468 4440 est
2496 4394 2697 4442 sermo,
2740 4372 3096 4445 significativa
3129 4376 3214 4425 est
3245 4382 3348 4422 vox
3378 4366 3480 4422 im-

1907 4485 2217 4556 pulsionum
2246 4493 2367 4550 qua;
2397 4478 2452 4531 in
2490 4480 2671 4529 mente
2707 4470 2861 4522 fiunt.
2891 4462 3083 4520 Omnis
3119 4467 3301 4515 autem
3335 4471 3482 4514 sana:

1908 4551 2254 4647 cogitationis
2275 4568 2480 4625 functio
2504 4573 2557 4621 et
2581 4561 2804 4635 agitatio
2822 4557 2888 4612 ad
2908 4570 3089 4611 rerum
3117 4551 3483 4623 cognitionem

1909 4639 2530 4733 et'contemplationem
2580 4651 2759 4724 quoad
2794 4656 2971 4718 potest
3015 4649 3245 4714 spectat.
3280 4639 3485 4694 Rerum

1911 4767 2090 4813 autem
2125 4728 2318 4809 natura
2347 4746 2606 4819 bipartita
2632 4751 2754 4805 est;
2792 4741 2962 4793 altera
3014 4743 3195 4790 mente
3218 4728 3485 4789 cernitur,

1913 4865 2077 4908 sensu
2104 4848 2275 4901 altera
2302 4814 2637 4915 percipitur;
2680 4833 2774 4889 sed
2803 4832 2924 4900 ejus
2984 4840 3108 4896 quae
3160 4821 3350 4877 sensui
3387 4814 3503 4889 pa;

1916 4952 2009 5007 tet,
2036 4936 2161 5010 quia
2188 4941 2260 4994 sit
2282 4937 2339 4991 in
2373 4944 2536 4987 sensu
2564 4937 2617 4982 et
2652 4922 2809 4978 facile
2833 4924 3212 4987 cognoscatur,
3243 4922 3489 4964 commu-

1916 5000 2268 5089 nis-omnibus
2296 5022 2619 5095 proponitur
2634 5014 2895 5085 cognitio,
2917 5008 3118 5063 nullam
3148 5003 3214 5058 de
3236 5000 3490 5069 subjecto

1917 5122 2321 5194 ambiguitatem
2378 5091 2610 5168 faciente
2662 5117 2920 5161 sensuum
2962 5095 3209 5168 judicio:
3244 5091 3491 5146 colorum

1916 5183 2432 5273 enimvdifi‘erentias
2451 5214 2504 5259 et
2530 5201 2861 5268 reliquarum
2909 5189 3233 5261 qualitatum
3260 5183 3493 5237 varieta-

1918 5320 2001 5366 tes
2027 5324 2125 5380 per
2152 5308 2327 5359 visum
2352 5308 2407 5355 et
2428 5297 2696 5355 auditum,
2723 5285 3131 5346 velodoratum,
3151 5279 3233 5335 vel
3262 5285 3491 5338 tactum,

1925 5402 2007 5456 vel
2033 5378 2313 5470 gustatum
2333 5390 2719 5459 dijudicamus,
2738 5378 2980 5435 unanimi
3009 5385 3280 5428 consensu
3305 5380 3497 5422 omnes

1918 5493 2009 5562 qui
2031 5460 2237 5543 naturce
2258 5478 2563 5537 communis
2596 5481 2723 5530 sunt
2742 5468 3031 5541 participes
3044 5460 3425 5533 cognoscimus
3446 5466 3498 5509 et

1919 5550 2283 5637 nominamus.
2310 5571 2373 5625 Et
2391 5570 2594 5639 reliqua
2612 5574 2946 5637 quaecunque
2964 5550 3502 5628 comprehensionem
