4006 6542
540 190 683 248 “05

1799 198 1857 253 5.
1889 196 2214 255 GREGORII
2248 190 2533 255 NYSSENI

3677 195 3822 251 HM

530 309 884 376 exteriorem,
903 310 1190 383 magisque
1206 329 1302 384 per
1315 329 1527 371 summa
1548 330 1897 388 apparentem
1925 320 2125 374 habere

2243 318 2584 389 ινομάζοαεν,
2609 317 2705 371 καὶ
2727 316 2828 371 δσα
2860 315 2968 370 τῶν
2995 314 3199 370 λοιπῶν
3224 314 3323 386 τήν
3359 306 3681 384 κατάληψιν
3705 315 3830 366 ἐπι-

474 410 480 417 '
531 401 931 472 videntur.quaa
953 404 1009 458 in
1044 404 1154 459 vita
1175 416 1361 462 nostra
1388 416 1759 475 versantur,et
1787 426 1907 481 QUAE
1936 411 2004 465 ad
2036 412 2137 473 ci-,

532 491 693 545 vilem
720 492 885 546 vitam
938 499 995 548 et
1022 492 1089 547 ad
1117 496 1376 552 moralem
1409 496 1533 553 vitae
1561 513 1786 569 scopum
1814 499 2116 570 pertinent.

533 580 602 633 At
631 596 759 635 vero
782 582 833 635 in
864 583 1330 654 contemplatione
1356 594 1566 641 natura:
1597 588 1973 659 intel!igentis,
2028 604 2120 644 so-

538 672 700 741 laque
728 682 909 728 mente
932 675 1326 745 perceptibiiis,
1349 678 1476 748 quia
1503 678 1620 749 ipsa
1645 694 1811 750 supra
1849 696 2118 735 sensuum

535 764 1078 832 comprehensionem
1101 768 1203 821 sita
1223 777 1326 836 est,
1345 770 1794 838 coniecturaliter
1816 772 2123 841 intelligen-

536 855 612 908 tia
636 864 922 925 appetente
951 872 1013 911 ea
1048 873 1169 928 qua:
1192 875 1413 916 sensum
1437 860 1721 932 effugiunt,
1744 862 1835 916 alii
1871 863 2031 917 aliter
2055 863 2119 916 ad

538 946 591 1000 id
622 947 764 1017 quod
793 948 1053 1019 quaeritur
1085 966 1385 1015 movemur,
1414 953 1715 1009 secundum
1744 968 1863 1009 eam
1887 970 2009 1024 qua:
2036 954 2122 1007 in-

538 1046 830 1106 generatur
880 1041 1078 1110 cuique
1102 1041 1169 1097 de
1215 1043 1464 1113 subjecto
1497 1043 1910 1115 intelligentiam
1940 1043 2122 1115 quoad

539 1129 657 1185 fieri
686 1138 866 1200 potest
889 1134 1086 1188 mentis
1113 1144 1442 1204 conceptum
1498 1135 1879 1199 cnuntiamus,
1922 1150 2121 1205 appro-

540 1222 895 1292 pinquantes,
928 1232 988 1278 ut
1016 1223 1141 1279 licet
1158 1226 1412 1290 maxime,
1438 1226 1505 1281 ad
1529 1226 1929 1282 intellectorum
1953 1226 2122 1281 facul-

541 1320 707 1367 tatem
766 1330 862 1383 per
917 1315 1212 1369 verborum
1261 1316 1555 1371 dilucidam
1637 1316 2121 1389 significationem.

612 1405 670 1456 in
700 1403 786 1459 his
807 1414 986 1461 autem
1022 1420 1165 1476 saepe
1190 1406 1316 1463 licet
1347 1422 1444 1478 per
1475 1415 1709 1478 utraque
1747 1407 1893 1479 quod
1924 1408 2125 1479 quaerio

546 1501 634 1548 tur
666 1495 920 1561 obtineri,
968 1511 1092 1551 cum
1146 1512 1247 1552 nec
1302 1498 1664 1569 intelligentia
1721 1499 1935 1554 aberret
1987 1514 2016 1553 a
2066 1513 2126 1554 re

543 1586 794 1655 qumsita.
820 1595 872 1640 et
900 1602 1003 1641 vox
1043 1588 1258 1643 directo
1326 1589 1527 1645 mentis
1548 1597 1874 1660 conceptum
1899 1605 1998 1660 per
2024 1604 2124 1644 na-

2229 410 2579 481 πολαιοτέραν
2603 409 2743 479 ἔχειν
2785 409 2931 462 δοκεῖ
2959 406 3101 462 κατὰ
3134 406 3225 460 τὸν
3253 406 3367 477 βίον
3398 410 3803 477 ἀναστρεφομε

2228 518 2333 554 νων
2360 500 2720 571 πραγμάτων,
2769 498 2805 553 ἀ
2842 500 2979 570 πρός
3027 515 3088 551 τε
3132 498 3224 551 τὸν
3256 499 3560 563 πολιτικὸν,
3604 497 3708 551 καὶ
3735 497 3834 549 τὸν

2229 591 2418 661 ⁴ἠθικὸν
2450 591 2543 645 τοῦ
2578 590 2692 661 βίου
2722 590 2922 643 σκοπὸν
2968 589 3342 657 καταγίνεται.
3382 589 3474 642 Ἐν
3505 590 3565 643 δὲ
3593 590 3669 658 τῇ
3692 588 3835 641 θεω-

2232 684 2322 755 ρίᾳ
2354 685 2450 754 τῆς
2475 684 2664 754 νοερᾶς
2688 681 2922 751 φύσεως,
2947 679 3035 734 διὰ
3057 679 3117 733 τὸ
3143 679 3505 751 ὑπερκεῖσθαι
3526 679 3709 749 αὐτὴν
3727 679 3833 747 τῆς

2230 775 2551 845 αίσθητικῆς
2616 773 2996 844 καταλήψεως,
3048 771 3418 842 στοχαστικῶς
3449 771 3553 840 τῆς
3578 771 3836 834 διανοίας

2230 864 2637 935 ἐπορεγομένης
2670 862 2775 917 τῶν
2805 860 3179 931 ὲκφευγόντων
3208 861 3306 931 τὴν
3345 860 3635 931 αἴσθησιν,
3677 861 3832 914 ἄλλοι

2230 955 2405 1018 άλλως
2452 952 2751 1023 κινούμεθά
2806 970 2865 1006 τε
2919 954 3049 1024 περὶ
3074 952 3133 1005 τὸ
3164 951 3520 1023 ζητούμενον,
3554 950 3660 1003 καὶ
3692 953 3833 1004 κατᾶ

2230 1049 2329 1117 τήν
2387 1046 2742 1116 ὲγγινομένην
2782 1046 2996 1116 ἑκάστῳ
3027 1044 3154 1115 περὶ
3199 1043 3257 1097 τὸ
3290 1041 3667 1112 ὑποκείμενον
3710 1041 3827 1093 διά-

2231 1156 2397 1203 νοιαν,
2428 1140 2574 1201 ὅπως
2599 1133 2711 1190 οἷόν
2734 1154 2791 1190 τε
2819 1134 2873 1208 ᾖ,
2904 1138 2965 1189 τὸ
2994 1136 3182 1203 νοηθὲν
3209 1134 3638 1203 ἐξαγγέλλομεν,
3678 1131 3831 1200 ἐγγί-

2232 1230 2415 1294 ζοντες
2444 1229 2518 1292 ὡς
2554 1229 2631 1281 ἔνι
2661 1229 2892 1299 μάλιστα
2925 1230 2991 1299 τῇ
3021 1228 3244 1297 δυνάμει
3276 1227 3383 1281 τῶν
3405 1224 3721 1295 νοηθέντων
3743 1223 3834 1279 διὰ

2230 1322 2329 1392 τῆς
2351 1320 2459 1374 τῶν
2493 1321 2750 1391 ῥημάτων
2784 1319 3098 1389 ἐμφάσεως.

2317 1411 2405 1463 Ἐν
2422 1410 2478 1464 δὲ
2506 1405 2857 1473 τούτοιςτέστι
2881 1408 2979 1478 μὲν
3004 1406 3259 1469 πολλάκις
3274 1405 3369 1459 καὶ
3394 1405 3463 1459 δι’
3490 1405 3832 1476 ἀμφοτέραιν

2231 1497 2639 1569 κατορθωθῆναι
2672 1497 2734 1549 τὸ
2769 1494 3200 1566 σπουδαζόμενον
3228 1494 3325 1563 τῆς
3353 1510 3413 1547 τε
3449 1493 3701 1550 διανοίας
3733 1494 3835 1565 οὐχ

2233 1588 2583 1664 ἁμαρτούσης
2614 1588 2707 1642 τοῦ
2748 1588 3103 1659 ζητουμένου,
3134 1585 3228 1639 καὶ
3258 1585 3358 1655 τῆς
3386 1585 3573 1655 φωνῆς
3606 1584 3838 1637 εὐθυϐο-

545 1678 712 1733 tivam
740 1679 1243 1750 interpretationem
1297 1681 1562 1737 enuntiet.
1595 1680 1871 1738 interdum
1896 1681 2132 1739 fortasse

2243 1684 2337 1746 λως
2396 1680 2458 1736 τὸ
2496 1679 2686 1753 νοηθὲν
2710 1679 2799 1733 διὰ
2842 1679 2943 1749 τῆς
2978 1677 3286 1749 προσφυοῦς
3317 1677 3621 1747 ἑρμηνείας
3668 1676 3836 1744 ἑξαγο

545 1770 745 1825 accidit
773 1771 840 1826 ab
870 1771 1120 1841 utrisque
1150 1771 1231 1827 vel
1263 1772 1457 1826 horum
1481 1773 1651 1828 altero
1679 1773 1956 1836 aberrare.
2003 1788 2128 1828 cum

543 1862 631 1916 vel
677 1862 1131 1931 comprehensiva
1173 1862 1557 1933 intelligentia,
1585 1864 1671 1919 vel
1724 1865 2134 1936 interpretativa

546 1950 780 2005 facultas
813 1952 882 2006 ab
913 1966 978 2007 eo
1003 1952 1146 2022 quod
1179 1953 1456 2018 convenit,
1483 1953 1839 2009 transversim
1863 1960 1918 2009 et
1947 1968 2135 2023 perpe-

547 2056 665 2095 ram
710 2041 899 2096 fertur.
961 2043 1096 2097 Cum
1151 2043 1316 2113 igitur
1371 2044 1481 2098 duo
1537 2044 1645 2098 sint
1671 2044 1872 2114 quibus
1917 2044 2137 2099 omnino

547 2133 725 2187 nratio
750 2133 1026 2203 dirigitur,
1052 2149 1249 2203 nempe
1270 2143 1417 2189 certa
1449 2135 1793 2190 confirmatio
1822 2136 1937 2191 sive
1974 2150 2136 2192 secu-

547 2224 707 2287 ritas,
740 2240 861 2293 quae
888 2224 943 2277 fit
980 2224 1033 2277 in
1067 2234 1248 2280 mente
1285 2235 1337 2280 ct
1364 2225 1717 2296 intelligentia
1750 2244 1767 2292 ;
1821 2236 1876 2282 et
1904 2243 2025 2297 quae
2052 2234 2138 2284 est

550 2318 606 2370 in
638 2316 819 2371 verbis
851 2317 1102 2385 prolatio,
1128 2318 1477 2385 praestantius
1500 2332 1714 2387 semper
1736 2317 1954 2387 quidem
1975 2319 2139 2374 fuerit

550 2404 695 2475 quod
720 2419 815 2474 per
837 2412 1129 2473 utrumque
1157 2406 1440 2475 probatur.
1468 2404 1587 2460 Non
1613 2406 1794 2462 minus
1826 2414 2009 2462 autem
2028 2407 2136 2463 bo-

550 2510 683 2551 num
709 2511 738 2550 a
774 2496 1122 2551 conrenienti
1153 2495 1416 2566 Opinione
1444 2511 1553 2551 non
1578 2497 1859 2564 aberrare,
1889 2498 2142 2568 quamvis

551 2586 910 2657 intelligentia
976 2587 1154 2642 oratio
1236 2587 1310 2643 sit
1363 2585 1609 2643 inferior.
1667 2588 1805 2643 Cum
1869 2589 2033 2660 igitur
2085 2590 2143 2645 in

553 2678 788 2733 excelsis
854 2684 908 2732 et
967 2676 1140 2732 aciem
1174 2678 1457 2733 oculorum
1504 2678 1889 2751 ell'ugientibus
1939 2681 2141 2738 intelli-

554 2768 734 2836 gentia
793 2766 1033 2824 studium
1070 2775 1125 2823 et
1167 2783 1389 2840 operam
1423 2771 1616 2840 ponit,
1670 2770 1736 2825 ad
1784 2787 1906 2842 quae
1943 2787 2146 2829 sensus

555 2873 663 2913 non
702 2859 948 2927 pervenit
980 2877 994 2913 :
1028 2860 1224 2929 loquor
1255 2867 1436 2915 autem
1486 2861 1553 2916 de
1573 2862 1757 2917 divina
1786 2872 1842 2919 et
1875 2862 2143 2921 ineﬂabili

556 2956 775 3011 natura,
807 2948 861 3002 in
890 2948 1088 3019 quibus
1122 2948 1300 3002 audax
1358 2948 1571 3006 facinus
1604 2960 1753 3007 esset
1803 2962 2051 3023 prompte
2087 2961 2140 3009 et

558 3040 667 3095 cito
698 3039 1054 3110 intelligentia
1080 3040 1208 3109 quid
1240 3054 1471 3110 capere;
1500 3040 1594 3096 sed
1619 3042 1884 3099 audacius
1912 3043 2140 3114 quibus-

559 3130 691 3185 libet
718 3129 943 3184 vocibus
976 3129 1316 3184 committere
1361 3129 1482 3199 ejus
1507 3146 1631 3201 quae
1655 3132 1812 3187 nobis
1846 3131 2130 3204 ingenera-

561 3232 649 3275 tur
670 3219 946 3289 opinionis
964 3219 1496 3290 interpretationem,
1516 3229 1648 3278 tunc
1669 3222 2140 3293 valerejubentes,

560 3310 654 3380 qui
681 3321 766 3367 est
800 3311 857 3365 in
893 3311 1096 3379 verbis,
1130 3326 1349 3377 sonum,
1382 3312 1461 3368 sic
1487 3312 1573 3369 vel
1619 3314 1778 3371 aliter
1806 3316 2142 3386 loquentium

561 3402 771 3457 viribus
795 3402 1161 3470 enuntiatum,
1216 3405 1387 3459 solam
1423 3420 1547 3475 qum
1582 3406 1766 3462 verbis
1809 3406 2147 3477 significatur

564 3494 975 3564 intelligentiam
1034 3497 1375 3565 exquirimus
1406 3505 1592 3551 utrum
1654 3512 1807 3563 sane,
1848 3497 1964 3554 sive
1991 3498 2147 3554 aliter

562 3584 747 3646 habet,
773 3584 872 3639 has
904 3584 1148 3640 verbales
1175 3587 1259 3641 vel
1282 3587 1583 3641 nominales
1607 3588 1939 3645 subtilitates
1968 3604 2148 3660 gram-

565 3676 912 3731 matistarum
968 3676 1178 3734 artibus
1215 3677 1582 3734 concedentes
1626 3697 1643 3736 :
1678 3679 1937 3749 quoniam
1982 3681 2148 3752 igitur

567 3768 686 3825 sola
702 3782 823 3837 quae
838 3778 1247 3838 cognoscuntur
1268 3783 1364 3838 per
1382 3770 1710 3825 nominalem
1730 3771 2147 3842 appellationem

567 3860 852 3930 signamus
879 3877 893 3925 ;
929 3873 1052 3929 quae
1084 3875 1213 3915 vero
1244 3859 1612 3932 cognitionem
1650 3871 1929 3932 superant,
1952 3863 2149 3917 notivis

567 3951 892 4023 quibusdam
933 3952 1383 4022 appellatioaibus
1432 3953 1719 4023 complecti
1768 3951 1851 4008 fas
1899 3968 2007 4008 non
2041 3961 2146 4009 est.

568 4044 852 4110 Quomodo
867 4045 1008 4098 enim
1028 4044 1172 4114 quod
1198 4044 1480 4115 ignoratur
1499 4052 1785 4100 notaretur
1802 4046 1826 4100 τ
1858 4044 2150 4116 Propterea

569 4152 692 4190 cum
741 4136 887 4189 nulla
947 4136 1001 4189 in
1041 4136 1177 4205 ipsis
1226 4138 1412 4190 nativa
1476 4135 1790 4190 inveniatur
1835 4136 2146 4207 appellatio,

569 4242 690 4295 quae
723 4226 1025 4293 subjectum
1059 4226 1217 4296 plane
1246 4226 1538 4296 exprimat,
1593 4226 1783 4282 multis
1809 4234 1863 4281 et
1912 4226 2149 4282 diversis

2166 2998 2214 3061 C

2233 1772 2544 1844 γελλούσης.
2584 1773 2740 1826 Ἐστι
2781 1770 2837 1824 δὲ
2890 1772 3053 1841 τυχὸν
3095 1770 3187 1823 καὶ
3239 1769 3598 1840 ἀμφοτέρων,
3649 1768 3684 1838 ῆ
3732 1768 3834 1821 τοῦ

2234 1866 2420 1937 ἑτέρου
2467 1881 2530 1933 γε
2586 1864 2789 1918 τούτων
2842 1864 3153 1932 ἀποτυχεῖν,
3191 1862 3224 1932 ἢ
3269 1862 3371 1931 τῆς
3404 1862 3834 1932 καταληπτικῆς

2235 1956 2491 2021 διανοίας,
2535 1954 2570 2025 ἢ
2622 1954 2721 2024 τῆς
2759 1953 3157 2024 ἑρμηνευτικῆς
3201 1952 3480 2023 δυνάμεως
3519 1951 3620 2005 τοῦ
3655 1968 3833 2021 προσ-

2236 2049 2460 2119 ήκοντος
2485 2041 2927 2115 παρενεχθείσης.
2951 2042 3056 2096 Δύο
3077 2040 3255 2094 τοίνυν
3283 2042 3450 2095 ὄντων
3470 2041 3538 2095 δι’
3562 2034 3645 2095 ὧν
3682 2043 3833 2104 ἄπας

2237 2138 2520 2193 εὐθύνεται
2562 2134 2739 2204 λόγος,
2782 2137 2883 2206 τῆς
2932 2151 2991 2187 τε
3035 2133 3177 2187 κατά
3210 2133 3299 2187 τὸν
3341 2134 3467 2188 νοῦν
3496 2133 3829 2203 ἀσφαλείας,

2237 2232 2332 2284 καὶ
2368 2230 2467 2301 τῆς
2496 2230 2553 2282 ὲν
2587 2227 2792 2299 ῥήμασι
2821 2227 3122 2297 προφορᾶς,
3154 2227 3395 2297 κρεῖττον
3426 2227 3524 2297 μὲν
3554 2219 3629 2281 ἃν
3656 2226 3749 2295 εἰη
3773 2226 3833 2279 τὸ

2237 2318 2301 2373 δι’
2329 2316 2655 2389 ἀμφοτέρων
2690 2315 2995 2385 εὐδόκιμον.
3050 2314 3163 2385 Ούχ
3196 2309 3356 2385 ἦττον
3375 2314 3429 2367 δὲ
3466 2315 3702 2383 ἀγαθὸν,
3730 2314 3833 2385 τῆς

2242 2407 2623 2482 προσηκούσης
2657 2406 2731 2478 μὴ
2771 2406 3090 2477 διαμαρτεῖν
3112 2405 3448 2476 ὑπολήψεως,
3472 2407 3581 2460 κᾶν
3620 2408 3650 2459 ὁ
3672 2407 3835 2474 λόγος

2240 2499 2475 2553 ἐλάττων
2527 2497 2627 2567 τῆς
2677 2495 2917 2559 διανοίας
2973 2494 3235 2565 τυγχάνῃ.
3263 2494 3431 2549 Ὅταν
3477 2496 3665 2549 τοίνυν
3696 2497 3831 2566 περὶ

2240 2590 2350 2645 τῶν
2380 2587 2599 2659 ὑψηλῶν
2621 2587 2715 2642 καὶ
2747 2587 2991 2641 ἀθεάτων
3014 2588 3045 2657 ή
3068 2586 3274 2641 διάνοια
3294 2586 3390 2657 τὴν
3418 2586 3660 2657 σπουδὴν
3680 2586 3823 2656 ἔχει,

2241 2676 2317 2738 ὧν
2341 2681 2442 2736 οὑκ
2456 2681 2804 2750 ἑφικνείταιή
2828 2677 3078 2750 αἴσθησις
3094 2694 3108 2709 ο
3136 2676 3277 2746 λέγω
3307 2677 3363 2730 δὲ
3394 2679 3523 2747 περὶ
3547 2678 3653 2748 τῆς
3676 2677 3833 2736 θείας

2242 2773 2339 2829 καὶ
2388 2773 2668 2843 ἀφράστου
2709 2770 2952 2841 φύσεως·
2986 2772 3045 2824 ὲν
3085 2765 3166 2834 οἷς
3198 2769 3465 2841 τολμηρὸν
3497 2764 3568 2839 ἦν
3625 2770 3726 2822 καὶ
3774 2768 3833 2821 τὺ

2244 2863 2547 2935 προχείρως
2574 2880 2629 2916 τι
2648 2864 2714 2934 τῇ
2741 2861 2948 2932 διανοίᾳ
2974 2860 3181 2924 λαϐεῖν,
3199 2860 3603 2931 τολμηρότερον
3622 2858 3681 2913 δὲ
3710 2861 3833 2919 ταῖς

2244 2952 2624 3024 ἐπιτυχούσαις
2644 2951 2958 3021 ἐπιτρέπειν
2972 2952 3194 3022 φωναῖς,
3224 2950 3319 3021 τήν
3342 2949 3441 3019 τῆς
3468 2948 3834 3017 ἐγγινομένης

2242 3045 2375 3115 ἡμῖν
2405 3040 2723 3112 ὑπολήψεως
2780 3039 3092 3111 ἑρμηνείαν,
3148 3038 3268 3092 τότε
3316 3037 3533 3109 ,χαίρειν
3564 3036 3831 3097 ἐάσαντες

2240 3132 2332 3186 τὸν
2359 3134 2419 3187 έν
2455 3134 2565 3195 τοῖς
2595 3132 2832 3203 ῥήμασιν
2852 3125 3007 3199 ἦχον,
3036 3128 3208 3193 οὕτως
3236 3129 3269 3199 ἢ
3320 3128 3519 3198 ἑτέρως
3551 3126 3703 3179 κατά
3736 3126 3834 3195 τὴν

2242 3222 2471 3291 δύναμιν
2496 3221 2605 3275 τῶν
2625 3220 3012 3291 φθεγγομένων
3035 3217 3511 3287 ὲξαγγελλόμενον,
3543 3215 3721 3286 μόνην
3747 3214 3823 3279 ἐξ·

2244 3309 2509 3381 ετάζομεν
2564 3308 2664 3382 τὴν
2716 3308 2956 3362 διάνοιαν
3000 3305 3100 3377 τήν
3145 3305 3551 3375 ἐμφαινομένην
3584 3306 3701 3366 τοῖς
3738 3304 3835 3373 ῥῆ-

2248 3418 2435 3473 μασιν,
2485 3404 2597 3456 εῐτε
2647 3400 2835 3470 ὑγιῶς,
2877 3404 2987 3457 εἴτε
3029 3398 3123 3451 καὶ
3166 3394 3337 3459 ἄλλως
3359 3395 3492 3466 ἔχει,
3520 3394 3624 3458 τάς
3652 3396 3835 3465 ῥημα-

2243 3493 2402 3557 τικάς
2423 3490 2627 3555 ταύτας
2652 3490 2685 3562 ἢ
2715 3488 3078 3560 όνομαστικάς
3117 3487 3518 3559 ἀκριϐολογίας,
3561 3503 3833 3558 γραμιια⁹

2245 3581 2441 3636 τιστῶν
2460 3581 2674 3649 τέχναις
2696 3579 3215 3649 παραχωρήσαντες.
3234 3577 3450 3647 Ἐπειδὴ
3476 3575 3661 3629 τοίνυν
3690 3576 3829 3645 μόνα

2245 3675 2313 3729 τὰ
2338 3672 2716 3743 γινωσκόμενα
2758 3670 2850 3723 διὰ
2891 3670 2993 3739 τῆς
3032 3668 3399 3740 ὀνομαστικῆς
3444 3666 3831 3739 σημειούμεθα

2247 3763 2517 3836 κλήσεως,
2554 3763 2622 3815 τὰ
2663 3762 2718 3815 δὲ
2758 3760 2896 3830 ὑπὲρ
2920 3759 3018 3827 τὴν
3047 3759 3249 3829 γνῶσιν
3278 3758 3404 3811 ὄντα
3433 3762 3830 3829 σημειωτιώ

2246 3871 2359 3907 τισι
2380 3851 2771 3925 προσηγορίαις
2800 3849 3186 3920 διαλαμϐάνειν
3199 3849 3296 3919 οὑχ
3325 3843 3436 3901 οἷόν
3463 3865 3545 3901 τε.
3576 3847 3707 3912 Πῶς
3722 3850 3832 3919 γάρ

2248 3946 2315 4000 ἄν
2342 3962 2427 4009 τις
2447 3945 2510 3997 τὸ
2538 3943 2898 4013 ἀγνοούμενον
2943 3939 3345 4012 σημειώσαιτο;
3370 3939 3468 3993 Διά
3486 3938 3649 3993 τοῦτο
3678 3940 3831 3992 οὑδει

2253 4039 2384 4109 μιᾶς
2411 4038 2497 4089 ἐπ’
2544 4034 2722 4088 αὑτῶν
2746 4032 3060 4105 προσφυοῦς
3108 4030 3502 4102 εύρισκομένης
3552 4046 3831 4100 προσηγο-

2253 4125 2393 4197 ρίας,
2423 4125 2457 4195 ἢ
2478 4122 2539 4177 τὸ
2565 4122 2919 4192 ὑποκείμενον
2960 4119 3160 4184 ἱκανῶς
3205 4121 3562 4191 παραστήσει,
3612 4120 3828 4182 πολλοῖς

2250 4214 2345 4268 καὶ
2375 4212 2651 4283 διαφόροις
2696 4210 2975 4279 ὀνόμασιν,
3013 4208 3159 4271 ὅπως
3183 4207 3251 4260 ἂν
3283 4201 3586 4279 ᾖδυνατδν,
3625 4205 3829 4259 ἀνακα-

570 4318 900 4378 nominibus,
963 4295 1143 4387 quoad
1175 4316 1290 4372 fieri
1323 4295 1541 4387 potest.
1572 4315 1641 4371 de
1668 4316 1955 4373 divinitate
1982 4317 2139 4372 inna-

2250 4304 2413 4374 λύψαι
2437 4300 2732 4375 βιαζόμεθα
2748 4300 2846 4371 τὴν
2863 4298 3229 4389 ἐγγενομένην
3248 4299 3380 4389 ἡμῖν
3401 4296 3530 4389 pl.
3548 4295 3647 4389 τοῦ
3662 4296 3825 4389 Ostiae

572 4416 684 4461 tam
715 4406 872 4461 nobis
916 4406 1232 4476 opinionem
1264 4405 1508 4462 revelare
1542 4406 1813 4477 cogimur.
1853 4404 2149 4462 Verumta-

573 4513 696 4553 men
726 4512 849 4566 quae
915 4498 967 4552 in
1018 4506 1263 4554 nostram
1323 4498 1870 4569 comprehensionem
1923 4498 2148 4565 cadunt,

575 4588 704 4644 talia
735 4596 884 4652 sunt,
913 4597 973 4643 ut
996 4591 1242 4654 omnino,
1275 4590 1361 4646 vel
1387 4591 1441 4645 in
1486 4590 1671 4661 aliqua
1703 4590 2007 4647 intervallis
2065 4591 2150 4648 di-

574 4680 777 4736 stincta
802 4680 1124 4736 extensione
1170 4681 1613 4745 considerentur,
1650 4682 1737 4737 vel
1762 4681 1949 4738 localis
1983 4696 2151 4753 capa-

574 4770 759 4825 citatis
790 4770 1039 4824 notitiam
1064 4770 1363 4841 praebeant,
1395 4772 1450 4827 in
1504 4786 1614 4843 qua
1677 4772 1979 4843 singularia
2027 4789 2152 4830 esse

574 4861 1150 4932 comprehenduntur;
1190 4863 1276 4919 vel
1304 4866 1357 4918 in
1398 4865 1652 4935 principii
1679 4875 1733 4920 et
1777 4865 1901 4921 finis
1950 4864 2153 4923 descri-

575 4952 763 5023 ptione
788 4953 845 5007 in
876 4958 1069 5008 nostro
1114 4958 1413 5021 conspectu
1454 4952 1615 5018 fiunt,
1666 4968 1735 5009 ex
1762 4968 1920 5024 aequo
1948 4969 2152 5011 secun-

574 5040 707 5094 dum
740 5047 1033 5111 utrumque
1070 5041 1365 5096 terminum
1398 5055 1465 5097 eo
1497 5041 1644 5111 quod
1680 5058 1789 5097 non
1818 5055 1904 5100 est
1932 5043 2148 5114 incipit,

574 5139 631 5189 et
654 5132 710 5188 in
746 5131 798 5187 id
820 5132 965 5202 quod
994 5148 1105 5189 nou
1135 5140 1218 5189 est
1243 5132 1444 5189 desinit
1468 5151 1483 5201 ;
1518 5133 1599 5189 vel
1627 5134 1773 5204 quod
1794 5135 2039 5191 omnium
2067 5143 2153 5191 est

576 5231 941 5295 postremum,
970 5238 1067 5293 per
1101 5224 1471 5294 corporalium
1507 5226 1835 5295 qualitatum
1875 5226 2153 5296 composi-

578 5315 807 5378 tionem,
837 5314 983 5385 quod
1013 5323 1239 5386 apparet
1272 5317 1814 5387 comprehendimus,
1864 5317 1955 5371 cui
1983 5324 2037 5373 et
2066 5317 2152 5372 in-

577 5407 778 5463 teritus
808 5414 863 5461 et
894 5407 1195 5476 perpessio,
1225 5417 1280 5463 et
1308 5409 1620 5473 conversio,
1652 5417 1708 5464 et
1738 5408 2065 5471 immutatio,
2098 5416 2154 5463 et

581 5512 703 5566 qua:
758 5496 1093 5567 hujusmodi,
1148 5499 1398 5569 copulata
1454 5509 1600 5555 sunt.
1664 5498 2026 5565 Quamobrem
2094 5507 2153 5555 ut

584 5587 789 5644 nullam
815 5604 941 5645 cum
980 5589 1144 5648 rebus
1171 5590 1258 5663 his
1280 5582 1484 5649 infimis
1536 5592 1915 5664 cognationem
1948 5590 2150 5648 habere

2252 4395 2520 4450 ὑπόνοιαν.
2588 4390 2748 4446 Ἀλλά
2795 4389 2903 4463 μὴν
2945 4389 3015 4444 τά
3040 4388 3146 4442 ὑπὸ
3187 4386 3489 4458 κατάληψιν
3550 4384 3826 4456 ἡμετέραν

2251 4488 2536 4559 ὲρχόμενα,
2569 4482 2794 4537 τοιαῦτά
2815 4482 2984 4545 ἐστιν,
3012 4480 3155 4534 ὥστε
3194 4480 3429 4542 πάντως,
3456 4477 3492 4549 ἢ
3520 4478 3579 4530 ἑν
3604 4477 3824 4547 διαστη-

2255 4577 2455 4647 ματικῇ
2476 4591 2583 4629 τινι
2604 4570 2912 4644 παρατάσει
2938 4568 3256 4641 θεωρεῖσθαι
3277 4569 3345 4623 τὰ
3370 4568 3516 4633 ὄντα,
3536 4569 3570 4639 ἢ
3593 4567 3821 4620 τοπικοῦ

2250 4668 2574 4741 χωρήματα
2604 4664 2865 4737 παρέχειν
2890 4662 2989 4734 τὴν
3022 4661 3248 4725 ἔννοιαν,
3284 4662 3341 4714 ιν
3369 4654 3414 4729 ᾧ
3441 4660 3510 4713 τά
3550 4660 3672 4714 καθ’
3699 4662 3823 4713 ἕκα-

2253 4779 2375 4816 στον
2404 4757 3057 4829 εἷναικαταλαμϐἀνεται,
3087 4756 3120 4827 ἢ
3155 4758 3221 4827 τῇ
3244 4754 3384 4808 κατὰ
3407 4755 3505 4825 τὴν
3537 4752 3712 4825 ἀρχὴν
3732 4754 3821 4805 καὶ

2249 4856 2311 4910 τὸ
2341 4855 2494 4919 τέλος
2528 4855 2841 4924 περιγραφῇ
2864 4849 3014 4914 ἐντὸς
3044 4849 3251 4918 γίνεται
3272 4848 3369 4918 τῆς
3399 4846 3671 4917 ἡμετέρας
3699 4846 3821 4898 ἐπύ-

2250 4946 2414 5015 ψεως,
2450 4943 2645 5015 ἐπίσης
2672 4941 2793 4996 καθ’
2822 4940 3081 5011 ἑκάτερον
3112 4939 3306 5009 πέρας,
3327 4936 3405 5007 τῷ
3432 4935 3506 5006 μὴ
3527 4935 3640 4988 ὄντι
3668 4952 3819 5006 περι-

2251 5036 2571 5107 γραφόμενα
2588 5051 2605 5067 ’
2643 5035 2751 5088 πᾶν
2788 5032 2896 5102 γὰρ
2919 5031 2979 5084 τὸ
3004 5031 3177 5102 ἀρχήν
3206 5046 3265 5082 τε
3291 5030 3391 5083 καὶ
3419 5026 3668 5097 τελευτὴν
3703 5027 3817 5097 ἔχον

2250 5130 2345 5184 τοῦ
2370 5125 2528 5193 εἶναι,
2584 5129 2649 5181 ὲκ
2687 5126 2784 5181 τοῦ
2823 5127 2897 5196 μὴ
2928 5124 3082 5188 ὄντος
3123 5123 3374 5194 ἄρχεται,
3407 5122 3502 5175 καὶ
3542 5122 3624 5183 είς
3649 5121 3710 5171 τὸ
3747 5121 3814 5189 μή

2251 5222 2312 5277 ὃν
2344 5221 2639 5291 καταλήγει
2661 5239 2674 5251 ·
2705 5219 2738 5290 ἢ
2768 5218 2830 5271 τὸ
2862 5217 3080 5270 πάντων
3120 5213 3365 5284 ἔσχατον,
3393 5213 3479 5266 διὰ
3510 5214 3609 5283 τῆς
3642 5227 3817 5280 σωμα-

2250 5314 2407 5385 τικῆς
2452 5314 2560 5366 τῶν
2590 5311 2884 5381 ποιοτήτων
2924 5308 3195 5378 συνθήκης
3236 5302 3722 5373 καταλαμϐάνομεν
3761 5304 3814 5353 τὸ

2254 5406 2591 5476 φαινόμενον,
2740 5400 2935 5472 φθορὰ,
2978 5399 3072 5452 καὶ
3128 5396 3318 5461 πάθος,
3359 5395 3451 5448 καὶ
3490 5392 3691 5465 τροπὴ,
3728 5393 3812 5445 καὶ

2252 5498 2551 5560 ἀλλοίωσις,
2608 5494 2701 5549 καὶ⁵
2756 5494 2828 5547 τά
2857 5491 3079 5546 τοιαῦτα
3119 5488 3492 5550 συνέζευκται.
3537 5483 3638 5537 Διά
3669 5484 3812 5535 τοῦτο

2252 5590 2326 5654 ὡς
2362 5588 2426 5644 ἂν
2457 5586 2721 5659 μηδεμίαν
2752 5583 3057 5653 οἰκειότητα
3093 5581 3227 5653 πρὸς
3259 5580 3326 5632 τά
3352 5578 3498 5631 κάτω
3524 5576 3806 5646 πράγματα
