4006 6490
142 501 282 558 "05

97 772 105 798 ί
137 711 253 771 κοῖς
279 709 387 765 τῶν
406 714 663 771 τοιούτων
698 725 936 795 νοήμασι
967 746 1025 783 τε
1078 750 1113 786 κ

132 984 226 1037 καὶ
253 986 314 1039 τὸ
342 987 417 1060 μὴ
470 991 862 1067 τελειούμενον,

130 1071 189 1124 τὸ
234 1076 400 1145 χωρὶς
453 1078 704 1152 σώματος
751 1086 851 1159 τὴν

128 1163 480 1237 φθειρόμενον
517 1173 812 1248 ἄφθαρτον,

896 1092 1188 1154 ὑπόστασιν

858 1186 953 1240 καὶ
991 1190 1051 1243 τὸ
1081 1196 1291 1268 τροπῆς
1341 1201 1627 1273 ἢπάθους,
1663 1206 1696 1278 ἢ

1264 530 1541 590 CONTRA
1574 537 1961 613 EUNOMIUM,
2003 547 2131 605 LIB.
2167 551 2278 609 XII.

138 620 168 687 ἡ
202 620 578 749 ἓπερκειμένη
612 626 772 696 φύσις
799 630 943 704 ἔχειν
974 637 1179 713 δοκοίη,
1211 650 1323 712 τοῖς
1353 650 1669 727 ἀποχωριστ

1768 668 2240 733 [supereminens
2282 669 2377 725 illa
2418 680 2615 728 natura
2660 673 2933 746 videatur,
2989 684 3307 747 notionibus
3335 704 3388 749 et

1116 736 1173 787 αὶ
1222 739 1462 809 ῥήμασιν
1493 746 1585 798 ἐπὶ
1613 749 1672 820 τῆ

1809 754 1992 811 verbis
2056 772 2179 827 quae
2232 774 2264 813 a
2325 761 2528 818 talibus
2583 736 3385 839 secernant,'inidivinaﬂusi

112 798 284 885 ’θείας
311 805 625 907 κεχρήμεθα
685 816 918 881 φύσεως.
948 821 1022 875 Τὸ
1054 798 1310 895 ὑπεράνω
1329 833 1438 887 τῶν
1477 798 1707 907 αἰώνων,

134 892 458 1002 πρραὶὠνιον
505 898 777 970 λέγοντες,
812 911 994 966 καὶτὸ
1043 892 1183 989 ὑπὲρ
1223 921 1417 994 ἀρχὴν,
1449 892 1703 1002 ἄναρχον,

3257 573 3391 633 “06

1805 861 2000 905 sumus
2031 859 2249 907 natura.
2282 852 2437 919 Quod
2468 870 2633 927 supra
2661 866 2717 914 et
2753 868 2881 917 ante
2907 867 3105 922 saecula
3129 879 3234 935 est,
3266 874 3369 932 hoc

1804 937 2149 1008 προαιὼνιον,
2182 953 2436 999 cateruam
2464 947 2732 1013 dicentes,
2769 958 2824 1005 et
2855 956 3003 1023 quod
3036 973 3203 1028 supra
3229 966 3381 1031 prin-

909 1004 1280 1111 ἀτελεύτητον,
1319 1017 1607 1089 ἀσώματόν
1642 1042 1672 1074 τ

1799 1004 2030 1097 οῖ’ρίυω,
2049 1004 2306 1105 ἄναρχον,
2341 1038 2591 1106 principii
2617 1004 2838 1108 expers;
2859 1004 2957 1101 ’ξι
2972 1004 3003 1011 ὴ
3016 1004 3203 1119 quod“
3224 1004 3377 1111 nullo

1234 1104 1375 1176 ἔχον,
1417 1109 1593 1164 καὶτὸ
1624 1115 1672 1183 με

1798 1116 1908 1173 ﬁne
1922 1121 2250 1178 terminatur
2263 1104 2615 1200 ἀτελεύτητον
2637 1104 2732 1186 καὶ
2754 1104 3049 1206 ἀσώματον
3068 1143 3379 1202 intermina-

1798 1206 2557 1287 tumincorporcumque,quod
2589 1221 2796 1293 absque
2826 1240 3056 1298 corpore
3085 1235 3365 1307 subsistit;

123 1255 459 1325 ἀλλοιιὶισεως
510 1265 876 1340 ἀνεπίδεκτον,
936 1255 1146 1348 ἀπαθὲς
1182 1255 1571 1363 καὶ-ἄτρεπτον
1583 1255 1672 1351 ’,ζα

123 1346 474 1389 ἀναλληίωτηυ
526 1354 607 1389 Τὸ
651 1357 706 1389 λι
746 1363 965 1389 --....-2__
1000 1370 1062 1389 ,σε
1138 1373 1151 1389 ι
1278 1378 1291 1389 .
1607 1386 1618 1389 _

1802 1255 1904 1259 ﬂ---
1927 1255 2557 1287 -----.r-.-wuu,wv,t|uvu
2589 1255 2796 1293 ιιυθιιυῦ
2826 1255 3056 1298 υυῑμυινε
3085 1255 3365 1307 ευυειειιις

1792 1301 1849 1348 et
1882 1296 2029 1364 quod
2060 1314 2173 1354 non
2209 1302 2419 1358 interiit
2480 1306 2772 1380 ἄφθαρτον,
2829 1315 3225 1389 incorruptibile
3259 1328 3375 1383 sive

120 1346 493 1450 ἀναλλοίωτον.
526 1354 607 1408 Τὰ
651 1357 707 1410 δὲ
746 1363 967 1419 τοιαῦτα
997 1370 1103 1423 τῶν
1126 1346 1428 1446 όνομάτων,

118 1434 357 1545 γούντων
392 1442 493 1511 μὲν
520 1444 668 1545 ὅπως
691 1447 758 1502 ἀν
858 1456 1011 1523 φίλον
1048 1434 1233 1519 αὑτῶν
1254 1469 1303 1521 οἱ
1351 1434 1684 1545 βουλόμενοι,

117 1528 209 1580 καὶ
252 1530 492 1602 ὀνόματα
514 1536 666 1637 ,ἄλλα
695 1543 808 1606 τοῖς
844 1547 1071 1619 ὀνόμασι
1107 1555 1316 1623 τούτοις
1348 1528 1685 1637 ξφαρᾴοξόυί

112 1633 224 1772 τιέξ
245 1624 558 1694 περητικά,
583 1626 977 1707 ῆάφαιρετικά,
1004 1641 1152 1713 ηὸτι
1179 1647 1331 1715 φίλον
1352 1624 1533 1720 citrei;
1563 1624 1682 1712 όνο·

112 1724 152 1772 μ
224 1727 401 1772 οντες.

112 1724 401 1777 μαςοντες.

113 1808 182 1848 na
220 1797 537 1852 nominibus
581 1798 667 1855 his
704 1804 999 1876 applicent,
1047 1811 1297 1883 privandi
1345 1819 1431 1875 vel
1476 1822 1756 1883 auferendi

116 2103 231 2181 μιν,
256 2089 305 2142 εί
322 2087 698 2181 ῆςῌεὺσεδοῦς
714 2112 774 2148 τε
790 2099 884 2151 καὶ
898 2098 1234 2173 θεοπρεποῦς
1256 2107 1573 2181 ὑπολήψεως
1602 2115 1691 2169 ὲν-

1791 1383 2036 1441 interitus
2060 1404 2287 1460 expers;
2316 1401 2373 1449 et
2397 1397 2543 1467 quod
2568 1405 2947 1464 conversionis
3003 1383 3089 1466 vel
3136 1429 3361 1487 perpesv

1788 1475 1983 1543 sionis,
2010 1480 2097 1535 vel
2156 1482 2556 1544 immutationis
2599 1491 2716 1549 sive
2735 1497 3079 1559 alterationis
3136 1475 3365 1567 non-cst

1785 1577 1982 1658 capax,
2008 1567 2335 1658 impatibile,
2389 1576 2713 1649 invertibile,
2765 1586 3110 1658 invariabile,
3160 1595 3362 1654 immu-

1782 1653 1966 1711 tabile.
2007 1654 2160 1713 Talia
2186 1668 2367 1718 autem
2394 1667 2616 1724 nomina
2646 1671 2840 1729 solerti
2886 1653 3120 1737 artiﬁcio
3148 1653 3360 1742 conlin-

1776 1754 1908 1843 gant
1936 1750 2047 1843 _qui
2074 1751 2349 1817 volunt,ut
2377 1757 2513 1828 ipsis
2546 1762 2699 1817 cordi
2725 1763 2911 1831 fuerit,
2942 1769 3157 1843 aliaque
3184 1780 3361 1833 nomi-

112 2174 197 2235 τός
218 2177 388 2240 ἐστιν,
411 2177 443 2247 ἢ
465 2179 815 2251 κεχώρισται.
832 2186 894 2239 El
915 2188 1014 2257 μὲν
1037 2186 1130 2245 οὑν
1150 2191 1183 2264 ἢ
1200 2194 1299 2249 οὐκ
1327 2191 1394 2267 ἦν
1413 2174 1672 2273 ’πρότεροι

112 2264 279 2301 an.»
295 2267 438 2301 ειη-..ρ
454 2269 598 2301 μ.-.
616 2275 743 2301 ---ι
884 2278 945 2301 ιι-.
1043 2282 1101 2301 ,ιν
1206 2282 1229 2301 ,ρ
1325 2286 1337 2301 .
1410 2288 1426 2301 .
1484 2289 1497 2301 .

1782 2174 1828 2181 --
1853 2174 1998 2197 1.-....-
2033 2174 2087 2185 ν-
2116 2174 2228 2188 -σνν
2251 2174 2405 2190 υνννι
2418 2174 2503 2192 uul
2535 2174 2845 2202 υμιιιευιισιιι
2873 2174 2927 2200 Ill
2959 2174 3019 2203 at:
3048 2174 3354 2216 contineat,

1779 2215 1865 2269 vel
1894 2223 2113 2273 contra.
2147 2218 2206 2274 Si
2236 2220 2405 2291 igitur
2436 2225 2523 2279 vel
2579 2241 2687 2282 non
2728 2238 2847 2284 erat
2875 2232 3028 2301 prius
3071 2233 3237 2298 Deus,
3272 2239 3356 2291 vd

109 2266 136 2320 ὁ
150 2264 279 2331 Θεὸς
295 2267 329 2337 ἢ
340 2269 439 2323 οὑκ
453 2269 603 2326 ἔσται
616 2275 869 2343 ποτὲ,οὑκ
881 2278 945 2332 ἂν
962 2282 1162 2348 κυρίως
1173 2282 1296 2339 οὔτε
1314 2264 1684 2363 ἀτελεύτητος,

107 2356 224 2411 οὔτε
242 2357 478 2431 ἄναρχος
509 2361 735 2433 λέγοιτο.
779 2367 1050 2435 Ὡσαύτως
1066 2372 1123 2427 δὲ
1147 2373 1270 2429 οὔτε
1297 2356 1676 2449 ἀναλλοίωτος,

105 2446 223 2501 οὔτε
248 2450 560 2522 ἀσώματος,
592 2453 716 2509 οὔτε
738 2457 1015 2531 ἄφθαρτος
1032 2501 1048 2526 ,
1078 2463 1238 2538 είπερ
1258 2469 1538 2525 ὑπονοοῖτο
1555 2446 1684 2545 περὶ

104 2539 283 2631 αὑτὸν,
311 2542 345 2614 ἢ
372 2543 551 2615 σῶμα,
575 2546 608 2619 ἢ
644 2547 842 2621 φθορὰ,
880 2551 914 2623 ἢ
950 2554 1253 2623 ἀλλοίωσις,
1286 2560 1394 2631 ῆτι
1422 2539 1677 2619 τοιοῦτον.

103 2630 163 2684 El
181 2630 235 2685 δὲ
277 2633 483 2688 τούτων
506 2637 723 2707 εὐαγές
765 2640 912 2696 ἐστιν
936 2644 1088 2700 οὐδὲν
1113 2663 1181 2701 πε
1192 2649 1244 2719 ρὶ
1266 2650 1429 2705 αὑτὸν
1457 2654 1677 2719 ἐννοεῖν,

102 2722 294 2788 ἀσεϐὲς
318 2724 387 2780 ἀν
416 2727 501 2800 εἴη
529 2729 745 2795 πάντως
768 2735 881 2797 τοτς
900 2742 1246 2807 χωριστικοῖς
1272 2741 1381 2798 τῶν
1403 2745 1679 2815 ἀπεμιραι-

100 2814 302 2869 νόντων
357 2817 597 2888 ῥήμασιν
631 2821 718 2874 ἐπ’
765 2824 930 2878 αὑτοῦ
983 2830 1320 2901 κεχρῆσθαι,
1359 2835 1456 2889 κα)⁵
1497 2814 1676 2907 λέγειν

100 2905 333 2997 ταῦταά
377 2907 478 2979 ἤδη
523 2910 782 2978 πολλάκις
819 2916 1139 2990 είρήκαμεν,
1180 2922 1458 2997 ἀφθαρτόν
1489 2945 1550 2983 τε
1571 2905 1675 2986 καὶ

98 2994 454 3066 ἀτελεύτητον
486 3002 578 3055 καὶ
600 3004 914 3079 ἀγέννητον,
948 3013 1043 3065 καὶ
1074 3015 1174 3069 ὅσα
1202 3017 1295 3070 τοῦ
1318 3020 1558 3075 τοιούτου
1596 3023 1673 3075 εί-

1778 2320 1887 2361 ηοη
1924 2296 2031 2363 erit
2091 2311 2408 2381 aliquando,
2446 2330 2555 2370 non
2616 2321 2834 2390 proprie
2859 2296 3034 2393 neque
3062 2296 3356 2398 ἀτελεύτη-

1773 2412 1890 2465 τος,
1945 2400 2001 2455 id
2029 2411 2133 2467 est,
2194 2405 2590 2473 interminatus,
2629 2413 2744 2467 sive
2781 2413 2886 2482 ﬁne
2924 2432 3131 2484 carens,
3175 2436 3355 2493 neque

1774 2487 2032 2561 ἄναρχος,
2065 2496 2317 2564 principii
2348 2513 2531 2567 expers
2561 2499 2796 2558 dicatur.
2824 2503 3026 2562 Eodem
3055 2508 3219 2565 modo
3255 2487 3353 2567 ne-

1774 2593 1883 2649 que
1945 2580 2323 2650 immutabilis,
2372 2602 2553 2657 neque
2605 2589 2997 2663 incorporeus,
3044 2612 3224 2668 neque
3268 2599 3353 2655 in-

1772 2671 2501 2746 corruptibilis,siquidem
2563 2678 2620 2734 in
2680 2680 2802 2752 ipso
2882 2686 3185 2756 cogitetur,
3267 2691 3352 2746 vel

1766 2773 1987 2832 corpus,
2011 2765 2098 2820 vel
2126 2764 2403 2831 interitus,
2444 2768 2527 2824 vel
2584 2769 2911 2840 immutatio,
2940 2777 3023 2832 vel
3061 2778 3193 2848 quid
3219 2779 3346 2836 tale.

1764 2850 1920 2916 Quod
1951 2855 1997 2910 si
2038 2864 2291 2913 sanctum
2329 2866 2433 2924 est,
2470 2859 2610 2915 nihil
2660 2862 2856 2920 horum
2912 2867 2968 2922 in
3024 2868 3145 2939 ipso
3201 2872 3349 2941 cogi-

1762 2950 1906 3011 tare,
1942 2947 2168 3018 impium
2219 2958 2366 3007 esset
2412 2965 2640 3021 prorsus
2678 2955 2862 3013 verbis
2901 2973 3022 3029 quae
3073 2959 3348 3016 dissenta-

1760 3050 1864 3090 nea
1897 3043 1953 3090 et
1986 3037 2339 3095 abhorrentia
2380 3042 2449 3097 ab
2496 3043 2615 3114 ipso
2657 3057 2934 3118 separant,
2988 3050 3103 3114 uti,
3150 3060 3204 3107 et
3233 3049 3348 3107 haec

94 3084 213 3150 δονεῖ
243 3090 383 3155 ἐστὶν
407 3094 506 3162 τῆς
532 3095 856 3169 ἐγκειμένης
876 3101 1089 3175 ἑκάστῳ
1108 3106 1311 3162 τούτων
1340 3111 1449 3166 τῶν
1480 3113 1672 3188 ὀνομά-

94 3195 195 3213 nm.
219 3181 512 3213 δουλίην-ι.-
570 3187 725 3213 ηιμ-..
756 3190 846 3213 _L.
936 3212 940 3213 ,
963 3211 997 3213 μ
1088 3196 1103 3213 ε
1211 3198 1237 3212 ο
1303 3202 1316 3213 .
1372 3205 1395 3213 -
1628 3207 1641 3213 -

1768 3084 1864 3090 η-..
1901 3084 1952 3090 --
1988 3084 2339 3095 ..-η-..ν-η...
2380 3084 2449 3097 ...ι
2496 3084 2614 3114 ιιιαν
2657 3084 2934 3118 avra-aus,
2991 3084 3103 3114 uti,
3150 3084 3204 3107 cs
3234 3084 3345 3107 "an;

1768 3125 1938 3182 dicere
1995 3143 2117 3199 qua:
2180 3130 2295 3201 jam
2380 3149 2524 3205 saepe
2585 3136 2827 3194 diximus
2862 3179 2878 3204 ,
2931 3139 3345 3213 incorruptibile

93 3195 195 3234 των
218 3181 532 3251 ιμφάσεως,
568 3187 725 3257 μόνον
754 3190 846 3244 τὸν
867 3196 1144 3266 χωρισμὸν
1168 3198 1277 3253 τῶν
1294 3202 1424 3273 ἡμῖν
1449 3181 1670 3277 προχεί-

1760 3215 2257 3273 etinterminatum
2322 3222 2439 3278 ’sive
2498 3224 2772 3280 inﬁnitum
2841 3237 2896 3283 et
2933 3229 3258 3300 ingenitum,
3290 3240 3354 3288 et'

92 3286 199 3342 ρων
226 3272 310 3336 είς
325 3275 649 3349 κατανόησιν
670 3280 1041 3356 διδασκούσης,
1069 3289 1169 3342 οὑκ
1198 3291 1363 3365 αὑτὴν
1391 3294 1487 3366 τὴν
1507 3296 1667 3365 φύσιν

92 3361 184 3385 ...1.-.
219 3363 327 3385 -f‘.-.
351 3366 375 3385 ι
392 3383 467 3385 ,,-,
522 3384 529 3385 ,
637 3370 650 3385 ι
1112 3378 1124 3385 .
1248 3384 1253 3385 ,

2322 3272 2436 3278 _---
2843 3272 2896 3283 ν-
2933 3272 3258 3300 ...ου.........,
3290 3272 3337 3288 ι.

1768 3317 2096 3374 quecunque
2125 3307 2287 3377 hujus
2318 3310 2442 3365 talis
2475 3313 2703 3381 speciei,
2772 3328 2897 3368 cum
2930 3316 3185 3385 imposita
3215 3321 3337 3373 cui-

89 3361 184 3433 τὴν
216 3363 329 3418 τῶν
344 3366 449 3420 ἀπε
456 3370 792 3437 μιραινόντων
812 3378 1225 3453 κεχωρισμένην
1238 3361 1661 3459 ἑρμηνευούσης.

1775 3361 1790 3373 .
2008 3361 2023 3374 ι
2195 3361 2212 3377 ο
2247 3361 2282 3364 ντ
2327 3361 2331 3362 ν
2378 3361 2438 3365 η-
2475 3361 2703 3381 'r""'1
2776 3361 2897 3368 -'-"-
2930 3361 3185 3385 ηυγνυη-
3216 3361 3305 3373 νυ·-

1768 3409 1866 3465 que
1927 3410 2119 3450 eorum
2179 3400 2465 3456 nominum
2533 3403 2862 3473 signiﬁcatio
2939 3410 3340 3476 separationem

87 3454 153 3510 Τί
169 3456 281 3528 γὰρ
296 3457 395 3512 οὑκ
418 3457 534 3515 ἔστι
557 3465 619 3520 τὸ
640 3465 797 3520 Θεῖον
812 3464 913 3538 τῆς
923 3469 1031 3524 τῶν
1062 3473 1340 3544 ὀνομάτων
1356 3454 1556 3533 τούτων
1578 3454 1668 3554 ση-

1768 3454 1944 3542 corum
1980 3501 2102 3556 qua:
2124 3488 2283 3544 nobis
2312 3500 2564 3561 prompta
2584 3454 2721 3548 sunt
2746 3496 2812 3549 ad
2844 3454 3210 3568 cogniiionem
3244 3501 3345 3557 do-

88 3549 295 3619 μασίας
313 3551 788 3629 προδεικνυούσης,
806 3560 860 3614 τί
878 3563 1027 3617 ἐστιν
1040 3564 1215 3619 ἐκεῖνο
1228 3568 1370 3622 κατά
1382 3569 1480 3640 τὴν
1502 3549 1664 3640 φύσιν

1768 3581 1895 3639 :eat,
1931 3590 2043 3630 non
2078 3592 2208 3632 vero
2239 3578 2528 3647 ipsammet
2574 3592 2830 3639 naturam
2854 3601 2974 3656 quae
3002 3602 3033 3641 a
3063 3602 3176 3643 non
3205 3603 3340 3644 con-

84 3640 113 3695 δ
137 3641 313 3697 ταῦτα
334 3644 612 3711 οὐκέστιν,
636 3649 697 3702 έν
717 3651 899 3723 ἀδήλῳ
921 3655 1091 3726 μένει.
1126 3658 1285 3712 Ἀλλά
1300 3662 1396 3714 καὶ
1420 3661 1487 3715 τά
1503 3662 1663 3717 λοιπὰ

1768 3663 2096 3720 venientibus
2152 3675 2363 3721 secreta
2407 3674 2515 3732 est,
2574 3669 2980 3740 interpretetur.
3024 3673 3160 3730 Nam
3213 3692 3341 3732 cum

82 3734 189 3788 τῶν
213 3735 518 3807 ὀνομάτων,
541 3732 671 3813 ὦνή
707 3745 949 3815 σημασία
993 3746 1195 3814 θέσεώς
1230 3753 1374 3815 τινός
1398 3754 1544 3808 ἐστιν
1577 3758 1661 3809 έν-

80 3825 326 3900 δεικτικὴ
351 3830 444 3883 καὶ
462 3830 766 3903 ὑπάρξεως,
790 3835 889 3889 οὑκ
914 3838 1085 3908 αὐτῆς
1113 3842 1215 3912 τῆς
1246 3843 1393 3907 θείας
1410 3845 1625 3914 φύσεως
1646 3891 1661 3915 ,

82 3913 214 3971 ἀλλά
241 3916 356 3973 τῶν
390 3920 518 3993 περὶ
559 3922 728 3995 αὑτὴν
768 3925 1007 3991 εὑσεδῶς
1033 3913 1429 4003 θεωρουμένων
1447 3935 1548 4006 τὴν
1577 3913 1662 3990 ἒνέ

79 4007 244 4075 δειξιν
268 4006 382 4078 ἔχει
396 4024 411 4040 ·
433 4009 726 4079 νοήσαντες
742 4011 852 4083 γὰρ
868 4012 948 4066 ὄτι
965 4013 1116 4068 οὐδὲν
1134 4014 1241 4069 τῶν
1270 4015 1458 4080 ὄντων,
1474 4018 1583 4070 τῶν
1598 4036 1657 4071 τε

1757 3754 2029 3820 ejusmodi
2067 3756 2348 3809 nominum
2409 3758 2740 3829 signiﬁcatio
2793 3764 2924 3831 quid
2960 3763 3102 3820 Deus
3132 3781 3238 3820 non
3264 3768 3337 3821 sit

1756 3856 2154 3917 praemonstret,
2189 3848 2320 3917 quid
2383 3849 2515 3903 illud
2568 3859 2654 3905 est
2710 3854 3008 3908 secundum
3065 3865 3334 3922 naturam,

1754 3939 1900 4009 quod
1934 3938 2047 3994 haec
2080 3954 2189 3992 non
2246 3948 2353 4006 est,
2386 3940 2441 3993 in
2469 3940 2708 3996 obscuro
2736 3953 2949 4011 manet;
2981 3946 3076 4001 sed
3122 3946 3334 4017 reliqua

1754 4029 1973 4085 nomina
2010 4045 2243 4100 quorum
2296 4030 2627 4101 signiﬁcatio
2653 4033 2888 4103 alicujus
2947 4036 3238 4104 positionis
3279 4044 3334 4091 et

80 4102 419 4176 φαινομένων
443 4103 538 4157 καὶ
578 4104 687 4159 τῶν
724 4108 1026 4176 νοουμένων
1066 4107 1370 4177 αὐτόματόν
1399 4125 1521 4163 τινα
1562 4111 1658 4164 καὶ

1768 4120 2086 4177 ιιείειοηιίσε
2110 4121 2272 4177 index
2306 4130 2415 4189 est,
2454 4137 2564 4177 non
2595 4122 2842 4198 ejusdem
2877 4125 3077 4181 divinae
3102 4136 3330 4190 naturae,

76 4195 311 4265 τυχαίαν
342 4193 453 4265 ἔχει
478 4194 576 4267 τὴν
610 4196 887 4263 σύστασιν,
904 4198 1039 4252 ἀλλά
1068 4200 1097 4253 ὃ
1123 4199 1175 4252 τί
1200 4217 1304 4273 περ
1327 4202 1383 4255 ὲν
1402 4205 1513 4266 τοῖς
1537 4200 1658 4257 οὖσι

78 4288 582 4360 καταλαμϐάνεται,
595 4289 693 4360 τῆς
710 4289 926 4344 πάντων
941 4290 1047 4345 τῶν
1065 4293 1231 4347 ὄντων
1260 4295 1661 4369 ὑπερκειμένης

77 4379 294 4448 φύσεως
324 4379 574 4452 ἐξῆπται,
604 4382 857 4435 κάκεῖθεν
891 4384 990 4454 τὴν
1016 4384 1192 4439 αἰτίαν
1236 4386 1338 4457 τῆς
1375 4388 1661 4459 ὑπάρξεως

75 4470 209 4541 ἔχει,
243 4469 308 4525 τό
358 4488 417 4525 τε
455 4471 648 4536 κάλλος
676 4474 855 4528 καὶτὸ
890 4475 1118 4545 μέγεθος
1158 4477 1265 4531 τῶν
1311 4479 1368 4531 ὲν
1397 4482 1461 4550 τῇ
1487 4482 1658 4535 κτίσει

75 4563 370 4634 θαυμάτων
399 4566 849 4636 κατανοήσαντες,
868 4568 930 4619 ὲκ
960 4568 1175 4621 πάντων
1203 4568 1408 4623 τούτων
1439 4571 1658 4625 καὶτῶν

74 4656 333 4710 τοιούτων
364 4655 499 4710 ἀλλα
536 4657 783 4727 νοήματα
812 4658 935 4729 περὶ
982 4658 1044 4711 τὸ
1074 4658 1226 4713 Θεῖον
1269 4660 1656 4732 λαμὸάνοντες,

76 4748 229 4813 ίδίοις
249 4749 506 4821 ὀνόμασιν
525 4749 753 4804 ἕκαστον
776 4750 885 4804 τῶν
906 4752 1269 4824 ἐγγινομένων
1296 4756 1427 4825 ἡμῖν
1450 4773 1542 4827 νοη
1555 4757 1658 4827 μά-

69 4859 180 4894 των
223 4841 655 4913 διερμηνεύομεν
688 4842 1109 4907 ἀκολουθοῦντες
1147 4847 1214 4915 τῇ
1253 4845 1527 4920 συμϐουλῇ
1560 4849 1659 4919 τῆς

71 4932 353 5006 Σοφίας,ἥ
384 4952 567 5006 φησιν,
596 4939 659 4989 ὲκ
698 4936 961 5007 μεγέθους
1010 4939 1104 4992 καὶ
1133 4938 1397 5010 καλλονῆς
1423 4943 1658 5012 κτισμά-

68 5041 179 5078 των
207 5023 489 5095 ἀναλόγως
501 5025 609 5079 δεῖν
638 5026 747 5081 τῶν
776 5028 993 5081 πάντων
1020 5030 1401 5101 γενεσιουργδν
1438 5031 1660 5104 θεωρεῖ-

72 5116 220 5171 σθαι.
248 5117 593 5188 Δημιουργδν
628 5118 726 5188 μὲν
751 5117 843 5172 τὸν
873 5120 1102 5193 ποιητὴν
1120 5120 1227 5173 τῶν
1246 5120 1455 5193 θνητῶν
1491 5141 1658 5195 προσ-

68 5206 430 5279 αγορεύομεν,
458 5208 680 5265 δυνατὸν
701 5209 756 5263 δὲ
780 5210 868 5265 τὸν
894 5211 992 5282 τῆς
1028 5211 1294 5283 τοσαύτης
1329 5217 1659 5288 περικρατή-

70 5315 242 5352 σαντα
269 5298 517 5364 κτίσεως,
536 5293 581 5368 ᾧ
599 5300 893 5373 ἐξήρκεσεν
912 5304 943 5375 ἡ
968 5303 1197 5374 δύναμις
1214 5304 1401 5359 οὐσίαν
1434 5306 1655 5378 ποιῆσαι

64 5391 163 5462 τὴν
182 5390 538 5463 βούλησιν.Τό
553 5409 611 5447 τε
626 5393 725 5463 τῆς
739 5392 884 5465 ζωῆς
900 5395 931 5465 η
940 5394 1055 5465 μῶν
1068 5395 1266 5464 ἀγαθὸν
1281 5397 1654 5471 ἐννοήσαντες,

1754 4210 1849 4265 sed
1895 4228 2084 4277 eorum
2123 4227 2245 4283 quae
2282 4212 2339 4267 in
2380 4212 2499 4283 ipsa
2529 4214 2616 4283 pie
2654 4222 2955 4270 cernuntur
2988 4217 3330 4273 demonstra-

1763 4302 1968 4357 tionem
2002 4303 2225 4358 habent.
2283 4302 2601 4375 Cogitantes
2626 4305 2771 4359 enim
2803 4305 2947 4376 quod
2979 4308 3114 4363 nihil
3140 4325 3329 4365 eorum

1762 4398 1883 4451 qua:
1924 4392 2075 4451 sunt,
2104 4393 2159 4441 et
2187 4401 2309 4451 ultae
2350 4399 2619 4459 apparent
2669 4399 2725 4445 et
2771 4392 3169 4463 intelliguntur,
3221 4393 3305 4450 for

1762 4476 1957 4530 tuitam
1996 4485 2050 4532 et
2095 4478 2445 4533 temerariam
2473 4479 2769 4550 quamdam
2816 4482 2979 4538 habet
3019 4485 3329 4543 subsisten-

1762 4571 1917 4633 tiam,
1955 4569 2048 4627 sed
2076 4571 2343 4641 quidquid
2375 4571 2431 4627 in
2463 4587 2647 4628 rerum
2686 4583 2880 4630 natura
2907 4578 3330 4648 comprehendi—

1763 4670 1853 4715 tur
1891 4677 1957 4716 ει
2015 4661 2459 4731 supereminente
2503 4662 2751 4718 omnium
2796 4681 2919 4737 qua:
2972 4678 3101 4723 sunt
3142 4679 3336 4725 natura

1761 4752 2052 4822 dependet,
2086 4761 2142 4807 et
2170 4752 2325 4809 illinc
2365 4754 2703 4812 exsistentiaa
2740 4772 2966 4815 causam
2998 4761 3181 4826 liabet,
3217 4763 3337 4832 pul-

1761 4842 2243 4913 chritudinemque
2262 4852 2317 4900 et
2335 4846 2769 4917 magnitudinem
2801 4850 3192 4905 miraculorum
3214 4868 3335 4923 quae

1763 4944 1893 4991 sunt
1928 4937 1980 4990 in
2021 4945 2276 4991 cacatura
2307 4936 2829 5005 animadvertentes,
2871 4958 2935 4998 ex
2979 4944 3237 5000 omnibus
3280 4954 3333 5000 et

1760 5028 1963 5083 talibus
2002 5027 2140 5083 alias
2190 5029 2445 5087 notiones
2500 5032 2555 5086 in
2613 5032 2726 5087 Deo
2785 5034 2970 5088 animo
3027 5036 3330 5106 capientes,

1759 5118 2001 5189 propriis
2041 5120 2358 5176 nominibus
2395 5124 2669 5188 notiones,
2721 5139 2845 5193 qua:
2899 5125 2956 5180 in
3008 5127 3168 5182 nobis
3200 5141 3334 5181 con-

1760 5212 2061 5281 cipiuntur,
2088 5212 2335 5283 singulas
2380 5214 2847 5285 interpretamur;
2884 5218 3176 5288 Sapientia:
3203 5234 3334 5273 con-

1760 5306 1942 5360 silium
2003 5315 2317 5375 sequentes,
2370 5322 2493 5376 qua:
2534 5305 2679 5362 tlicit
2737 5322 2804 5362 ex
2851 5309 3228 5379 magnitudine
3280 5319 3334 5365 et

1759 5399 1946 5471 specie
1978 5415 2163 5455 rerum
2207 5408 2551 5464 creaturum,
2590 5402 2949 5471 proportione
2996 5402 3183 5457 habita
3225 5418 3335 5457 om-

65 5482 220 5536 nium
254 5483 563 5554 genitorem
603 5495 859 5555 oportere
912 5491 1270 5559 contemplari
1301 5492 1368 5548 ".
1398 5492 1656 5562 Upiticem
1705 5495 1922 5567 quidem
1978 5490 2242 5548 factorem
2290 5492 2601 5548 martalium
2660 5495 3027 5565 appellamus;
3060 5504 3332 5566 potentem

63 5584 253 5628 autem
312 5590 437 5632 eum
493 5579 589 5650 qui
658 5588 867 5637 tantam
929 5593 1238 5638 creaturam
1283 5599 1384 5640 suo
1438 5586 1685 5644 dominio
1739 5588 2026 5655 continet,
2095 5585 2184 5642 cui
2231 5587 2366 5644 satis
2414 5585 2517 5643 fuit
2568 5587 2845 5658 potentia,
2910 5600 2972 5645 ut
3034 5591 3331 5647 essentiam

135 5740 179 5772 ⁹²
220 5739 351 5810 Sap.
386 5758 508 5810 xm,
544 5744 601 5801 5.
