4006 6490
284 366 416 425 1⁸08

1388 378 1667 435 CONTRA
1713 377 2098 444 ΕιτΝοΜιυΜ,
2130 384 2257 440 LIB.
2302 386 2408 443 ΧΠ.

3414 382 3544 437 1116

350 487 441 557 Τῷ
469 487 523 540 δέ
555 488 628 559 μὴ
660 491 984 561 ύφεστηκὸτι
1010 492 1125 557 πῶς
1146 493 1257 548 ἐστι
1289 496 1472 566 νέμειν
1496 497 1595 562 τὰς
1627 498 1854 569 δωρεάς,

2034 503 2095 557 Ei
2148 515 2326 560 autem
2373 504 2519 575 quod
2576 520 2685 560 non
2736 520 2833 575 per
2878 519 2937 559 se
2984 504 3218 567 substat,
3269 497 3559 578 quomodo;
3602 498 3605 499 ⁷

277 579 577 633 διδασκέτω
624 582 752 645 τοὺς
809 582 1054 654 μαθητάς
1085 586 1182 657 τῆς
1220 588 1435 657 ἀπάτης
1486 591 1514 641 δ
1561 588 1856 660 προσφυῶς

280 672 582 743 κεχρῆσθαι
619 677 733 737 τοῖς
772 676 1028 745 ὀνόμασιν
1075 679 1260 745 ἀξιῶν,
1303 680 1397 733 καὶ
1430 683 1540 743 τοῖς
1593 682 1857 751 ῥήμασιν.

280 764 500 819 Τούτων
521 765 579 819 δέ
607 767 715 820 οὐδ’
744 768 809 821 ἂν
837 770 1185 842 ἐπεμνήσθην
1213 772 1368 836 ὅλως,
1395 774 1442 825 εί
1480 773 1553 844 μὴ
1586 773 1651 825 δι’
1683 772 1856 827 αὐτῶν

282 856 391 911 ἔδει
434 858 535 929 τὴν
582 859 856 927 ἀπόδειξιν
890 862 989 933 τῆς
1031 862 1174 916 κατά
1220 863 1312 916 τὸν
1368 862 1492 918 νοῦν
1526 881 1585 917 τε
1640 865 1732 917 καὶ
1764 865 1862 936 τὴν

284 948 431 1016 λέξιν
465 950 685 1015 ἀτονίας
717 951 810 1005 τοῦ
855 952 1192 1024 λογογράφου
1239 955 1589 1026 ποιήσασθαι.
1624 956 1733 1009 Καὶ
1762 956 1862 1008 ὅσα

283 1043 388 1113 τῆς
416 1044 775 1098 θεοπνεύστου
824 1046 1043 1116 Γραφῆς
1088 1047 1446 1118 ἀναρμόστως
1480 1047 1572 1100 καὶ
1607 1048 1668 1099 ού
1720 1046 1864 1100 κατά

288 1136 491 1190 σκοπὸν
522 1136 858 1208 ἐπισύρεται,
889 1138 1148 1210 διαφορὰν
1181 1138 1477 1201 ἀθανασίας
1528 1137 1776 1205 ἀγγέλων
1804 1154 1863 1190 τε

287 1228 383 1281 καὶ
399 1228 702 1300 ἀνθρώπων
718 1228 1066 1299 τεχνολογῶν,
1084 1225 1307 1281 ούκοῖδα
1328 1229 1465 1299 πρὸς
1482 1228 1510 1281 ὅ
1555 1245 1607 1281 τι
1629 1228 1863 1297 βλέπων,

287 1322 383 1373 καὶ
405 1320 458 1372 τί
489 1319 576 1372 διὰ
598 1319 787 1372 τούτου
814 1317 1258 1382 κατασκευάζων,
1286 1318 1569 1371 καὶταῦτα
1605 1319 1858 1389 παρήσω.

288 1410 363 1463 Τὸ
389 1412 498 1482 γὰρ
525 1410 790 1463 ἀθάνατον
817 1409 921 1473 ἓως
946 1408 1209 1463 ἀθάνατον
1235 1406 1292 1481 ᾖ,
1322 1410 1383 1461 τδ
1418 1408 1616 1478 μᾶλλον
1645 1410 1740 1460 καὶ
1764 1403 1865 1478 ἦτα

287 1518 381 1554 τον
414 1500 782 1572 συγκριτικῶς
813 1502 872 1553 ού
912 1501 1289 1570 προσδέχεται.
1320 1501 1380 1554 Εἰ
1409 1501 1516 1572 γάρ
1564 1501 1868 1572 ὑποστολὴν

286 1610 408 1647 τινα
438 1594 576 1647 κατὰ
609 1591 894 1664 σύγκρισιν
933 1592 996 1645 τὸ
1039 1591 1227 1662 ἕτερον
1273 1590 1381 1645 τῶν
1420 1590 1867 1663 παρατιθεμένων

292 1684 458 1755 μέρος
485 1686 543 1737 ἐν
570 1683 646 1754 τῷ
675 1685 771 1755 τῆς
796 1683 1091 1745 ἀθανασίας
1121 1682 1233 1753 ἔχοι
1261 1683 1404 1753 λόγῳ
1429 1698 1443 1712 ’
1478 1683 1690 1752 ἀνάγκη
1721 1683 1869 1735 πᾶσα

293 1776 428 1848 μηδὲ
449 1776 713 1830 ἀθάνατον
732 1776 791 1829 τὸ
816 1777 1052 1830 τοιοῦτον
1075 1774 1561 1846 κατονομάζεσθαι.
1593 1775 1717 1837 Πῶς
1759 1774 1869 1844 γάρ

292 1870 359 1924 ἀν
416 1870 494 1923 ἔτι
534 1870 739 1941 κυρίως
792 1870 1002 1938 λέγοιτο
1048 1869 1334 1930 ἀθάνατον,
1380 1863 1443 1921 οὗ
1495 1866 1556 1919 τὸ
1608 1866 1798 1938 θνητὸν
1835 1867 1867 1937 ἡ

290 1965 377 2019 διὰ
405 1964 742 2035 συγκρίσεως
772 1963 1197 2035 ἀντιπαράθεσις
1220 1964 1568 2034 κατηγόρησε
1597 1980 1610 2028 ;
1642 1963 1735 2015 καὶ
1771 1962 1869 2030 τὴν

290 2052 492 2123 λεπτὴν
520 2051 736 2123 ἐκείνην
767 2052 1049 2123 ἀκρίϐειαν
1079 2053 1139 2106 τὸ
1172 2052 1246 2124 μὴ
1270 2052 1510 2106 κελεύειν
1546 2052 1869 2123 ἀδιάφθορον

292 2138 558 2199 εἶναικαὶ
599 2144 769 2215 μέσην
808 2144 906 2215 τὴν
954 2145 1051 2215 τῆς
1091 2146 1397 2216 στερήσεως
1446 2143 1689 2203 ἔννοιαν,
1735 2143 1872 2197 ἀλλά

290 2235 382 2288 τὸν
419 2236 517 2307 μὲν
547 2235 657 2288 τῶν
690 2235 1010 2307 κρειττόνων
1042 2235 1318 2307 χωρισμὸν
1338 2275 1353 2300 ,
1389 2234 1640 2306 στέρησιν
1672 2235 1869 2304 λέγειν,

289 2326 389 2399 τὴν
411 2328 468 2381 δὲ
489 2327 597 2381 τῶν
625 2328 880 2399 χειρόνων
926 2328 1245 2394 ἀπόστασιν,
1286 2326 1361 2398 μὴ
1406 2327 1515 2381 δεῖν
1539 2326 1616 2397 τῷ
1648 2326 1871 2397 ὀνόματι

289 2422 466 2491 τούτῳ
493 2420 898 2493 διασημαίνειν;
936 2420 1024 2481 Ὠς
1046 2421 1094 2473 εί
1123 2420 1295 2474 ταῦτα
1322 2421 1637 2491 κρατήσειε,
1676 2418 1873 2490 μηκέτι

292 2513 412 2566 κατ’
444 2512 603 2566 αὐτὸν
638 2512 735 2582 τῆς
766 2511 1132 2581 ἀποπολικῆς
1169 2510 1541 2582 ἀληθευούσης
1588 2510 1805 2580 φωνῆς,
1836 2510 1871 2581 ἦ

293 2620 427 2674 φησι
460 2602 619 2674 μόνον
650 2604 809 2658 αὑτὸν
842 2602 985 2673 ἔχειν
1018 2603 1317 2657 ἀθανασίαν
1338 2643 1352 2666 ,
1402 2604 1497 2656 καὶ
1537 2604 1649 2663 τοῖς
1695 2602 1875 2667 ἄλλοις

294 2692 568 2764 παρέχειν.
599 2691 664 2745 Τί
690 2690 796 2762 γάρ
818 2691 928 2761 ἔχει
956 2691 1132 2744 κοινὸν
1163 2691 1196 2760 ἡ
1218 2690 1513 2759 ἐπαχθεῖσα
1547 2689 1703 2759 ῥῆσις
1726 2689 1875 2758 αύτῷ

296 2785 433 2857 πρὸς
467 2784 559 2837 τὸν
592 2783 902 2855 προάγοντα
941 2782 1119 2851 λόγον,
1167 2780 1292 2835 οὗτε
1339 2783 1470 2851 ἡμῖν
1491 2821 1505 2846 ,
1536 2780 1659 2834 οὔτε
1697 2780 1877 2844 ἀλλοις

296 2874 407 2929 τισὶ
438 2875 549 2928 τῶν
581 2873 703 2929 νοῦν
737 2874 970 2944 ἐχόντων
989 2872 1209 2927 δυνατὸν
1242 2872 1509 2944 ἐννοῆσαι.
1552 2872 1662 2926 Καὶ
1691 2872 1876 2944 ἐπειδὴ

294 2965 366 3019 τὰ
407 2963 546 3033 σοφά
591 2963 762 3018 ταῦτα
793 2964 885 3017 καὶ
917 2963 1089 3017 λεπτά
1136 2962 1374 3017 κατιδεῖν
1409 2963 1507 3016 ούκ
1556 2962 1873 3033 ἰσχύσαμεν,

296 3056 734 3126 ἀνεπιστήμονας
778 3055 1064 3127 ὀνομάζει,
1105 3055 1330 3125 καὶτῆς
1375 3054 1484 3108 τῶν
1534 3055 1878 3127 πραγμάτων

204 3174 207 3177 λ
299 3150 561 3220 κρίσεως,
615 3148 839 3219 καὶτῆς
880 3149 990 3203 τῶν
1036 3148 1314 3218 ὀνομάτων
1363 3148 1644 3218 χρήσεως,
1679 3147 1876 3201 οὑτωσὶ

298 3245 409 3305 τοῖς
437 3243 645 3312 ῥήμασι
683 3240 931 3311 γράφων,
971 3241 1065 3293 καὶ
1104 3240 1283 3292 πάντα
1318 3237 1387 3291 τά
1416 3236 1657 3300 τοιαῦτα,
1683 3238 1758 3300 ὡς
1785 3237 1875 3290 οὑ-

296 3332 486 3404 δεμίαν
532 3332 725 3403 ἔχοντα
763 3330 906 3385 κατά
957 3332 1055 3402 τῆς
1102 3331 1361 3402 ἀληθείας
1392 3330 1563 3401 ίσχὺν,
1596 3330 1879 3401 παραδρα-

303 3424 511 3496 μοῦμαι
551 3424 951 3491 ἀνεξετάστως,
1000 3425 1094 3477 καὶ
1120 3424 1181 3477 τὸ
1227 3423 1535 3479 διαϐάλλειν
1577 3425 1740 3479 αὐτὸν
1779 3424 1879 3495 τὴν

300 3516 613 3570 ἐκτεθεῖσαν
646 3518 775 3587 παρ’
807 3514 967 3587 ἡμῶν
994 3514 1088 3569 τοῦ
1113 3515 1391 3587 ἀφθάρτου
1424 3534 1484 3569 τε
1526 3517 1620 3570 καὶ
1650 3517 1878 3587 ἀσωμά-

298 3626 392 3662 του
414 3608 671 3674 διάνοιαν,
702 3608 776 3672 ὡς
806 3609 1067 3678 ἑκατέρας
1094 3607 1203 3662 τῶν
1245 3609 1625 3679 προσηγοριῶν
1652 3609 1877 3671 τούτων,

298 3697 399 3768 τῆς
428 3697 546 3768 μὲν,
578 3698 639 3750 τὸ
669 3696 1010 3759 ἀδιάστατον,
1053 3689 1097 3764 ᾧ
1126 3698 1159 3766 ἡ
1184 3713 1343 3767 τριμε
1355 3696 1452 3768 ρὴς
1476 3696 1585 3750 τῶν
1611 3700 1879 3768 σωμάτων

300 3792 401 3844 οὐκ
432 3790 779 3860 ἐνθεωρεῖται
798 3790 1075 3853 διάστασις
1094 3806 1107 3820 ·
1141 3790 1239 3860 τῆς
1265 3789 1341 3853 δέ,
1370 3790 1429 3843 τὸ
1462 3790 1666 3860 φθορᾶς
1696 3791 1882 3844 ἀνεειιί⁸

302 3884 491 3936 δεκτον
540 3882 927 3953 σημαινούσης.
977 3882 1086 3935 Καὶ
1125 3880 1187 3935 τὸ
1231 3882 1412 3950 λέγειν
1456 3882 1639 3947 αὑτὸν,
1683 3884 1882 3939 οὑτωσὶ

304 3975 415 4038 τοῖς
447 3974 716 4043 ῥήμασιν,
752 3973 833 4025 ὅτι
877 3973 938 4025 ού
982 3970 1295 4043 δικαιοῦμεν
1343 3972 1433 4026 τὸν
1465 3972 1572 4026 τῶν
1605 3974 1883 4044 ὀνομάτων

304 4063 494 4127 τύπον,
538 4064 616 4127 είς
648 4064 1021 4136 ἀναρμόστους
1059 4065 1313 4117 ἐκπεσεῖν
1357 4063 1581 4128 ἐννοίας.
1634 4067 1744 4119 Kal.
1787 4067 1882 4121 τοῦ

312 4154 386 4227 μὴ
416 4149 554 4208 εἶναι
589 4154 621 4225 ἢ
664 4154 738 4226 μὴ
775 4157 1058 4224 προσεῖναι
1100 4156 1435 4225 σημαντικὸν
1486 4157 1886 4227 ὑπολαμϐάνειν

307 4244 512 4298 τούτων
558 4244 805 4307 ἕκαστον,
854 4244 969 4298 ἀλλ’
1021 4243 1185 4297 αὑτοῦ
1218 4244 1311 4298 τοῦ
1359 4239 1530 4309 εἶναι,
1572 4247 1666 4299 καὶ
1716 4248 1887 4302 ταῦτα

310 4336 468 4406 σιγῆς
494 4336 639 4402 ἀξια,
673 4339 765 4390 καὶ
796 4336 1014 4407 βαθείας
1046 4336 1211 4409 λήθης
1242 4332 1381 4391 εῖναι
1412 4338 1624 4408 κρίνας,
1657 4342 1887 4411 παρήσω

308 4432 421 4493 τοῖς
458 4429 873 4501 ἐντυγχάνουσιν
901 4433 985 4502 ἐφ’
1019 4430 1227 4485 ἑαυτῶν
1270 4432 1551 4501 φωρᾶσθαι
1576 4432 1673 4505 τὴν
1720 4451 1885 4506 μεμι-

310 4522 519 4594 γμένην
558 4522 694 4593 μετά
716 4523 813 4595 τῆς
840 4524 1025 4588 ἀνοίας
1052 4523 1323 4577 ἀσέϐειαν.

1966 592 2094 647 licet
2134 593 2276 648 dona
2329 595 2570 649 tribucre
2613 595 2805 649 doceat
2844 594 3053 649 erroris
3092 593 3416 662 discipulos,
3450 594 3539 663 qui

1964 681 2279 737 nominibus
2301 691 2355 738 et
2376 684 2559 739 verbis
2583 684 2797 740 adlimse
2818 693 2870 739 et
2895 690 3258 755 congruenter
3296 698 3356 738 se
3384 699 3544 738 usum

1963 774 2135 830 fuisse
2212 786 2419 832 censet.
2498 776 2704 831 Horum
2785 784 2963 832 autem
3048 776 3251 830 nullam
3322 776 3579 848 omnino.

1964 867 2298 921 mentionem
2356 868 2651 933 fecissem,
2702 869 2808 924 nisi
2878 883 2975 939 per
3022 868 3139 937 ipsa
3197 867 3547 923 imbecillitas

1965 964 2077 1011 tam
2132 960 2334 1014 mentis
2372 977 2534 1030 quam
2571 961 2834 1015 dictionis
2872 960 3036 1029 hujus
3084 958 3373 1029 scriptoris
3400 966 3548 1013 esset

1963 1051 2413 1107 demonstranda.
2450 1052 2805 1123 Quazcunque
2828 1063 3011 1106 autem
3040 1066 3068 1104 a
3093 1049 3354 1104 divinitus
3381 1050 3548 1120 inspi-

1962 1150 2083 1197 rata
2111 1144 2397 1213 Scriptura
2423 1144 2753 1199 inconcinne
2777 1152 2831 1198 et
2868 1144 3047 1212 inepte
3086 1156 3186 1197 nec
3218 1140 3283 1195 ad
3318 1156 3549 1211 scopum

1966 1233 2258 1302 pertrahit,
2307 1234 2628 1303 angelorum
2671 1243 2725 1289 et
2778 1234 3063 1288 hominum
3118 1232 3548 1287 immortalitatis

1966 1323 2327 1381 differentiam
2365 1334 2730 1397 pertractans.
2788 1326 2978 1380 nescio
3021 1338 3133 1394 quo
3184 1334 3458 1393 spectans,
3496 1333 3550 1376 ct

1967 1415 2098 1485 quid
2138 1431 2235 1485 per
2276 1418 2377 1471 hoc
2430 1425 2785 1485 praastrueus,
2834 1416 2997 1470 etiam
3059 1414 3174 1467 haec
3224 1412 3407 1466 dicere
3451 1427 3551 1465 su-

1967 1504 2285 1573 persedebo.
2324 1505 2481 1572 Quod
2528 1506 2673 1560 enim
2702 1503 3011 1559 immortale
3050 1500 3291 1572 quandiu
3326 1500 3551 1554 immor-

1971 1596 2076 1651 tale
2110 1596 2295 1660 l’uerit,
2318 1577 2489 1668 magis
2524 1604 2577 1652 et
2612 1596 2797 1652 minus
2835 1593 3209 1663 comparative
3260 1605 3366 1644 non
3404 1590 3552 1644 acci-

1970 1688 2068 1759 pit.
2107 1688 2163 1743 Si
2201 1688 2345 1743 enim
2404 1689 2830 1743 subtractionem
2892 1686 3132 1756 aliquam
3180 1697 3275 1754 per
3333 1696 3554 1750 compa-

1973 1782 2240 1837 rationem
2290 1794 2479 1836 eorum
2534 1795 2655 1849 quae
2709 1787 3058 1847 apponuntur
3102 1788 3230 1844 pars
3280 1772 3451 1826 altera
3496 1770 3551 1823 iu

1903 1844 1942 1898 Β
1975 1872 2184 1927 ratione
2214 1869 2639 1925 immortalitatis
2660 1868 2913 1932 haberet,
2948 1880 3171 1921 necesse
3192 1862 3416 1917 omnino
3434 1876 3557 1917 esse

1973 1976 2150 2033 neque
2174 1960 2319 2031 quod
2350 1959 2458 2015 tale
2486 1968 2588 2023 est,
2633 1957 2939 2011 immortale
2963 1954 3245 2026 appellari.
3271 1950 3558 2018 Quomodo

1972 2056 2117 2111 enim
2156 2054 2390 2125 amplius
2432 2052 2651 2123 proprie
2685 2051 2960 2106 diceretur
3024 2046 3348 2110 immortale,
3399 2043 3559 2113 cujus

1973 2146 2360 2201 mortalitatem
2421 2144 2564 2199 facta
2610 2158 2705 2213 per
2750 2141 3215 2211 comparationem
3282 2135 3561 2191 contraria

1974 2236 2246 2309 oppositio
2271 2234 2657 2292 accusavit?et
2676 2232 2822 2287 illam
2848 2240 3156 2285 accuratam
3183 2227 3559 2288 subtilitatem,

1974 2327 2119 2401 quod
2151 2342 2260 2381 non
2306 2326 2498 2396 jubeat
2539 2321 3007 2393 incorruptibilem
3039 2334 3196 2383 esse,
3225 2326 3280 2373 et
3326 2315 3561 2373 mediam

1979 2420 2311 2492 privationis
2358 2419 2633 2483 notitiam,
2690 2418 2785 2473 sed
2841 2413 3290 2487 praestantiorum
3340 2410 3560 2481 quidem

1977 2511 2385 2582 separationem
2419 2509 2783 2581 privationem
2826 2505 3035 2579 dicere,
3066 2503 3398 2559 deteriorum
3432 2513 3564 2555 vero

1975 2602 2378 2657 abscessionem
2442 2600 2557 2653 sive
2604 2596 2918 2651 distantiam
2994 2609 3100 2648 non
3162 2598 3421 2661 oportere
3456 2586 3565 2641 hoc

1978 2694 2198 2749 nomine
2230 2690 2581 2763 signiﬁcare?
2620 2689 2775 2756 Quod
2825 2688 2870 2745 si
2916 2688 3032 2741 hate
3063 2674 3422 2755 praevaleant,
3455 2693 3564 2734 non

1978 2786 2211 2855 amplius
2238 2785 2537 2841 secundum
2580 2783 2756 2853 ipsum
2785 2794 2889 2836 vox
2932 2777 3242 2849 apostolica
3273 2790 3399 2829 vera
3436 2788 3567 2843 pro-

1979 2878 2222 2940 babitur,
2277 2892 2398 2947 qute
2452 2875 2589 2930 dicit
2641 2874 2818 2928 solum
2867 2870 3047 2941 ipsum
3097 2868 3298 2922 habere
3342 2865 3568 2921 immor-

1980 2970 2248 3023 talitatem
2302 2968 2348 2999 "
2395 2974 2450 3021 et
2508 2965 2631 3020 aliis
2689 2961 2955 3034 praebere.
3012 2958 3151 3025 Quid
3200 2957 3345 3011 enim
3401 2956 3569 3013 habet

1980 3073 2275 3114 commune
2299 3058 2367 3112 ab
2392 3058 2507 3127 ipsa
2543 3055 2766 3110 inducta
2803 3052 2973 3106 dictio
3009 3050 3073 3103 ad
3115 3063 3238 3104 eum
3272 3062 3433 3117 quem
3478 3050 3566 3101 in-

1981 3151 2133 3206 ducit
2150 3164 2478 3213 sermonem,
2503 3161 2682 3216 neque
2702 3144 2885 3209 nobis,
2906 3158 3080 3211 neque
3099 3140 3220 3194 aliis
3243 3138 3568 3206 quibusdam

1984 3242 2074 3312 qui
2108 3250 2287 3295 mente
2330 3248 2460 3295 sunt
2493 3236 2743 3308 praediti,
2777 3233 3081 3304 intelligere
3116 3246 3439 3287 concessum
3464 3240 3568 3285 est.

1984 3334 2051 3389 Et
2087 3334 2346 3404 quoniam
2381 3331 2485 3385 ista
2536 3330 2695 3384 docta
2744 3335 2797 3383 et
2857 3324 3081 3382 subtilia
3132 3340 3243 3378 non
3287 3322 3568 3393 potuimus

1983 3427 2317 3499 perspicere,
2368 3438 2552 3477 rerum
2586 3419 2782 3491 judicii
2825 3426 2879 3473 et
2918 3432 3020 3473 usu
3053 3416 3334 3470 nominum
3368 3414 3573 3469 inscios

1984 3529 2038 3575 et
2089 3520 2310 3589 ignaros
2362 3515 2633 3580 nominat,
2670 3512 2751 3567 sic
2803 3509 2871 3563 ad
2921 3509 3147 3564 verbum
3198 3508 3469 3572 scribens,
3520 3515 3575 3560 et

1984 3612 2167 3665 onmia
2213 3624 2335 3679 quae
2364 3616 2494 3663 sunt
2533 3602 2835 3674 ejusmodi,
2869 3608 2929 3655 ut
2972 3614 3094 3670 quae
3149 3598 3352 3653 nullam
3382 3606 3574 3652 contra

1986 3699 2271 3754 veritatem
2319 3696 2427 3751 vim
2469 3696 2730 3759 habeant,
2775 3691 3085 3747 indiscussa
3131 3697 3605 3759 prmtercurram,-

1986 3800 2039 3848 et
2083 3792 2227 3861 quod
2282 3805 2311 3842 a
2366 3788 2527 3842 nobis
2564 3787 2869 3855 expositam
2925 3780 3362 3850 incorruptibilis
3408 3788 3461 3835 et
3493 3779 3577 3833 iu-

1992 3881 2243 3952 corporei
2279 3878 2697 3948 intelligentiam
2744 3874 3136 3939 calumnietur,
3169 3869 3312 3942 quod
3344 3878 3576 3938 utraque

1988 3976 2181 4029 harum
2236 3969 2659 4041 appellationum
2707 3980 2812 4020 una
2876 3963 3118 4035 quidem,
3172 3960 3315 4032 quod
3367 3960 3577 4015 dimen-

1989 4067 2145 4121 sione
2162 4071 2333 4121 caret.
2370 4061 2426 4114 in
2445 4073 2554 4129 quo
2579 4056 2851 4126 tripartita
2875 4068 3168 4119 corporum
3194 4067 3301 4105 non
3329 4050 3576 4103 cernitur

1987 4157 2283 4223 distantia;
2316 4154 2485 4207 altera
2518 4164 2650 4205 vero
2675 4147 2821 4217 quod
2847 4147 3101 4201 interitus
3129 4159 3234 4197 non
3270 4151 3353 4197 est
3379 4157 3571 4211 capax,

1988 4248 2282 4321 signiﬁcet.
2322 4244 2386 4298 Et
2409 4242 2555 4313 quod
2589 4242 2704 4312 ipse
2747 4238 2893 4294 dicat
2932 4238 3017 4293 his
3048 4238 3252 4303 verbis,
3290 4242 3575 4305 propterea

1987 4340 2130 4414 quod
2172 4339 2318 4408 juste
2376 4350 2484 4389 non
2526 4332 2831 4403 accipimus
2886 4328 3165 4383 nominum
3225 4326 3476 4389 formam,
3521 4324 3573 4376 in

1993 4412 2263 4489 absurdas
2303 4434 2357 4479 et
2416 4423 2777 4478 inconcinnas
2823 4419 3075 4474 notiones
3124 4415 3456 4473 excidimus.
3514 4412 3579 4465 Et

1919 4502 2133 4599 unod
2190 4520 2291 4591 ipsi
2340 4533 2463 4572 esse
2526 4514 2610 4569 vel
2658 4512 2851 4568 adesse
2910 4512 3104 4566 horum
3156 4505 3583 4578 unumquodque

310 4616 689 4672 existimemus
722 4615 1053 4687 significare,
1079 4616 1174 4671 sed
1204 4617 1385 4687 ipsum
1412 4630 1556 4684 esse,
1581 4616 1697 4673 haec
1727 4621 1891 4675 etiam
1934 4598 2153 4677 silentio
2186 4623 2239 4668 et
2275 4607 2545 4681 profunda
2591 4606 2868 4661 oblivione
2894 4604 3059 4673 digna
3118 4616 3241 4657 esse
3303 4598 3585 4670 judicans,

312 4713 723 4784 praetermittam
759 4709 895 4783 ipsis
921 4712 1233 4782 legentibus
1266 4712 1319 4766 in
1357 4713 1555 4782 seipsis
1585 4714 1995 4787 deprehendere
2044 4713 2263 4769 mistam
2312 4721 2436 4761 cum
2495 4702 2734 4758 amentia
2785 4700 3142 4770 impietatem.

391 4808 489 4869 Ὃς
532 4804 694 4870 ἀξιοῖ,
733 4804 807 4874 μὴ
854 4802 1380 4858 ἀντιδιαστέλλεσθαι
1432 4805 1493 4859 τὸ
1530 4806 1766 4880 φθαρτὸν
1820 4807 1897 4880 τῷ

314 4895 615 4967 ἀφθάρτῳ,
665 4893 801 4964 μηδὲ
832 4893 1131 4946 ἀπόστασιν
1174 4892 1461 4963 σημαίνειν
1511 4895 1604 4948 τοῦ
1654 4896 1898 4967 χείρονος

315 4988 413 5060 τὴν
453 4984 815 5057 ἀφαιρετικὴν
852 4983 1159 5055 σημασίαν,
1196 4984 1308 5037 ἀλλ’
1358 4986 1493 5040 αὐτὸ
1535 4986 1596 5040 τὸ
1646 4984 1781 5042 εῖναι
1811 4988 1898 5043 διὰ

316 5081 408 5135 τοῦ
438 5078 799 5149 ὑποκειμένου
831 5077 1212 5149 σημαίνεσθαι.
1242 5078 1304 5132 Ei
1329 5079 1509 5133 τοίνυν
1538 5079 1637 5135 οὐκ
1670 5082 1898 5153 ἀφαιρε-

318 5173 441 5245 τικὴ
480 5173 684 5245 φθορᾶς
719 5174 754 5243 ἠ
798 5171 891 5226 τοῦ
927 5170 1203 5241 ἀφθάρτου
1233 5172 1477 5244 σημασία
1508 5173 1657 5245 παρά
1682 5175 1775 5229 τοῦ
1806 5193 1897 5230 κε-

320 5267 425 5331 νῶς
487 5266 659 5320 ταῦτα
721 5263 1162 5336 τεχνολογοῦντος
1224 5264 1538 5334 νομίζεται,
1593 5266 1900 5322 τούναντίον

321 5358 539 5420 πάντως
558 5356 701 5411 κατὰ
720 5356 896 5409 πᾶσαν
918 5353 1163 5425 ἀνάγκην
1176 5354 1205 5406 ὁ
1224 5352 1463 5417 τοιοῦτος
1496 5353 1786 5421 ἐνδείξεται
1808 5355 1899 5409 τού

325 5448 592 5517 ὀνόματος
616 5448 807 5513 τύπος.
840 5449 901 5501 EE
925 5446 1033 5519 γάρ
1054 5448 1154 5500 οὐκ
1180 5448 1296 5502 ἔστι
1328 5449 1532 5521 φθορᾶς
1551 5450 1902 5522 ἀλλοπρίωσις

325 5545 355 5613 ἡ
391 5540 668 5613 ἀφθαρσία
690 5579 703 5603 ,
742 5540 1134 5608 συγκατάθεσις
1170 5541 1320 5596 ἔσται
1352 5543 1567 5605 πάντως
1596 5545 1689 5595 τοῦ
1726 5544 1903 5611 ἀπεμ-

327 5630 632 5703 ῳαίνοντος·
669 5648 705 5685 α
739 5647 804 5701 τη
833 5631 931 5703 μέν
958 5630 1064 5703 γὰρ
1100 5630 1207 5687 τῶν
1236 5633 1527 5687 ἀντιθέτων
1557 5634 1590 5705 η
1624 5632 1803 5703 φύσις,
1827 5632 1901 5697 ὡς

382 5790 431 5825 ’⁵
465 5800 747 5860 Ιτὶηιοιιι.
783 5822 857 5867 vr.
905 5806 985 5862 16.

2073 4805 2144 4859 Ut
2175 4803 2269 4874 qui
2304 4803 2527 4855 censeat
2555 4793 2917 4863 eorruptibile
2948 4790 3016 4842 ab
3046 4781 3445 4854 incorruptibili
3473 4794 3580 4835 non

2002 4872 2244 4961 dill‘crre,
2300 4906 2477 4962 neque
2522 4888 2923 4944 abscessionem
2956 4880 3263 4951 signiﬁcare
3294 4872 3581 4929 deterioris

2005 4985 2399 5046 abstractivam
2443 4980 2919 5054 significationem,
2966 4973 3060 5029 sed
3099 4972 3275 5041 ipsum
3323 4982 3445 5023 esse
3486 4981 3582 5036 per

2002 5080 2308 5150 subjectum
2347 5074 2666 5148 signiﬁcari.
2730 5071 2789 5125 Si
2828 5069 2991 5139 igitur
3044 5059 3477 5132 incorruptibilis
3506 5057 3583 5114 si-

2001 5170 2279 5245 gnilicatio
2304 5168 2585 5225 interitum
2623 5179 2732 5218 non
2769 5158 3086 5215 abstrahere
3132 5156 3199 5209 ab
3232 5168 3297 5209 eo
3338 5151 3431 5222 qui
3468 5151 3583 5204 haec

1996 5243 2235 5320 inaniter
2264 5271 2317 5319 et
2369 5261 2650 5316 incassum
2684 5261 2802 5308 arte
2841 5267 2941 5307 sua
2987 5247 3252 5319 contingit
3295 5243 3581 5301 existima-

1998 5367 2110 5424 tur,
2153 5353 2490 5413 contrarium
2541 5350 2767 5407 omnino
2804 5361 2899 5415 per
2932 5358 3146 5400 omnem
3198 5339 3579 5395 necessitatem

1998 5446 2399 5505 demonstrabit
2430 5439 2699 5509 eiusmodi
2742 5436 2977 5490 nominis
3015 5433 3205 5488 forma.
3238 5429 3292 5483 Si
3324 5429 3467 5483 enim
3500 5428 3580 5481 in-

1999 5539 2437 5610 corruptibilitas
2484 5550 2589 5588 non
2622 5532 2878 5585 interitus
2909 5537 2991 5584 est
3028 5524 3307 5587 alienatio,
3335 5518 3582 5591 proiecto

2009 5608 2255 5688 assensio
2294 5628 2401 5683 erit
2455 5622 2833 5679 dissentanci:
2888 5618 3002 5673 [nec
3038 5614 3182 5671 enim
3236 5621 3319 5669 cst
3373 5608 3586 5679 opposi-
