4006 6558
446 362 573 416 fill

1698 367 1756 423 S.
1784 361 2110 422 GREGOBII
2139 362 2434 421 NYSSENI

3559 366 3703 425 ιιισι

425 485 608 532 torum
663 483 884 540 natura,
933 485 994 531 ut
1020 477 1186 534 unius
1209 477 1486 536 ablatione
1514 479 1743 537 alterius
1771 479 2008 552 Oppositi

2120 482 2178 551 τῇ
2210 479 2302 533 τοῦ
2350 480 2468 543 ἑνὸς
2498 477 2819 551 ἀφαιρέσει,
2850 478 2951 550 τὴν
2991 476 3088 532 τοῦ
3116 478 3495 551 ἀντικειμένου
3546 480 3701 538 θέσιν

426 567 629 639 positio
661 576 1052 639 consequatur.
1092 566 1201 625 Sed
1248 580 1304 626 et
1354 571 1608 627 acerbam
1651 572 1798 627 illam
1827 582 2009 626 astru-

422 659 665 714 ctionem
704 660 850 730 quod
894 658 1036 716 Deus
1089 672 1286 717 natura
1339 663 1411 719 sit
1455 678 1622 734 capax
1683 662 1899 727 mortis,
1951 668 2012 716 ut

425 750 521 821 qui
570 752 907 808 contrariam
949 751 1017 810 de
1069 751 1157 810 bis
1210 754 1412 810 habeat
1457 755 1795 825 opinionem,
1831 754 2011 811 valere

425 844 695 901 sinamus.
732 842 848 903 Nos
909 845 1055 901 enim
1096 845 1151 901 in
1183 848 1456 918 oppositis
1489 847 1626 901 nihil
1668 845 1887 903 diﬂ'erre
1920 863 2015 918 pu-

427 945 632 999 tamus.
689 938 775 994 vel
830 938 1014 994 dicere
1061 938 1269 1010 aliquid
1329 954 1474 1006 esse,
1527 938 1613 995 vel
1671 940 2010 998 contrarium

426 1040 536 1081 non
579 1042 726 1093 esse,
755 1034 818 1082 ut
844 1026 959 1097 jam
993 1026 1047 1081 in
1084 1029 1343 1097 praesenti
1372 1044 1627 1084 sermone
1658 1028 1827 1084 vitam
1863 1044 2015 1086 assc-

426 1124 613 1172 rentes
656 1113 824 1172 Deum
867 1131 1013 1182 esse,
1057 1117 1229 1187 hujus
1286 1117 1652 1175 confessionis
1705 1118 1759 1178 vi
1810 1134 1875 1174 ac
1915 1133 2014 1189 po-

429 1210 632 1263 testate
696 1218 951 1264 vetamus
1002 1218 1234 1264 mortem
1290 1211 1345 1264 in
1413 1211 1535 1280 ipso
1592 1210 1858 1281 cogitare,
1908 1210 2011 1268 etsi

428 1313 540 1355 non
575 1314 675 1371 per
702 1314 887 1355 vocem
932 1301 1308 1357 enuntiamus.
1340 1300 1408 1355 Et
1437 1316 1564 1356 cum
1610 1302 1790 1373 ipsum
1821 1303 2013 1357 mortis

429 1407 541 1446 non
598 1405 854 1460 capacem
895 1391 1138 1446 confessi
1184 1391 1475 1460 fuerimus,
1519 1393 1709 1449 eadem
1765 1395 2015 1449 oratione

427 1480 609 1551 ipsum
660 1481 823 1535 vitam
872 1497 997 1537 esse
1045 1482 1459 1539 aﬂirmavimus.
1514 1482 1621 1540 Sed
1678 1500 1788 1539 non
1831 1484 2012 1552 video,

427 1566 627 1639 inquit,
680 1571 961 1639 quomodo
1011 1588 1077 1627 ex
1134 1571 1220 1628 his
1275 1588 1399 1643 quae
1453 1588 1563 1628 non
1612 1574 1821 1640 insunt,
1870 1573 2015 1630 Deus

428 1671 596 1731 super
634 1675 765 1716 suas
800 1670 1082 1717 creaturas
1110 1662 1372 1718 emineat.
1416 1662 1485 1717 Et
1529 1664 1635 1719 hoc
1672 1664 1888 1720 erudito
1922 1680 2015 1719 ar-

2111 567 2459 624 ἀντεισιέναι.
2508 566 2666 621 Ἀλλά
2708 567 2802 621 καὶ
2845 567 2946 637 τὴν
2981 567 3231 640 δριμεῖαν
3277 570 3496 641 ἐκείνην
3524 588 3699 625 κατα-

2114 659 2312 730 σκευὴν
2332 658 2425 712 τοῦ
2447 658 2607 729 φύσει
2628 658 2720 713 τὸν
2741 657 2873 712 Θεὸν
2898 658 3248 712 ἀνεπίδεκτον
3272 655 3411 714 εἶναι
3440 660 3701 726 θανάτου,

2112 752 2299 824 ὥσπερ
2326 752 2477 815 ὸντος
2509 750 2603 805 τοῦ
2646 750 2746 821 τὴν
2776 750 3025 806 ἐναντίαν
3074 751 3203 822 περὶ
3245 750 3452 806 τούτων
3484 752 3705 823 ἔχοντος

2111 844 2300 911 δόξαν,
2338 843 2549 917 χαίρειν
2594 844 2865 914 ἐάσωμεν.
2916 843 3111 914 ⁹Ημεῖς
3147 841 3256 914 γὰρ
3284 844 3345 896 έν
3392 846 3508 908 τοῖς
3542 845 3701 898 ἀντι·-

2112 934 2288 998 θέτοις
2322 934 2476 989 οὐδὲν
2519 933 2796 1005 διαφέρειν
2829 933 3145 1004 ἡγούμεθα,
3190 932 3224 1005 ἢ
3254 934 3315 987 τὸ
3345 933 3404 988 δὲ
3435 934 3623 1004 λέγειν
3649 954 3702 989 τι

2112 1022 2273 1095 εἶναι,
2294 1027 2328 1099 ἢ
2349 1028 2411 1080 τὸ
2440 1026 2682 1081 ἐναντίον
2711 1025 2787 1100 μὴ
2807 1021 2970 1091 εἶναι,
2987 1020 3101 1081 οἷον
3120 1026 3185 1096 δὴ
3202 1027 3297 1080 καὶ
3316 1027 3409 1079 ἐπὶ
3430 1027 3528 1080 τοῦ
3551 1044 3701 1099 παρ-

2110 1118 2261 1182 ὄντος
2307 1118 2466 1187 λόγου
2515 1117 2659 1188 ζωὴν
2697 1118 2946 1182 είπόντες
2983 1117 3073 1171 τὸν
3112 1117 3244 1173 Θεὸν
3292 1114 3455 1182 εἶναι,
3490 1118 3704 1186 ἀπαγοο

2117 1210 2344 1282 ρεύομεν
2372 1212 2438 1281 τῇ
2467 1208 2692 1280 δυνάμει
2732 1208 2821 1263 διὰ
2870 1210 2968 1279 τῆς
3017 1208 3306 1279 ὁμολογίας
3352 1209 3559 1280 ταύτης
3610 1208 3704 1262 τὸν

2113 1302 2342 1358 θάνατον
2376 1303 2504 1375 περὶ
2533 1302 2694 1356 αὑτὸν
2739 1303 2941 1355 ἐννοεῖν
2961 1341 2976 1365 ,
3009 1302 3112 1355 κᾶν
3154 1302 3228 1373 μὴ
3259 1300 3349 1354 διά
3383 1302 3483 1372 τῆς
3514 1301 3705 1373 φωνῆς

2113 1394 2547 1465 ἐξαγγέλλωμεν.
2578 1394 2689 1447 Καὶ
2733 1394 2862 1448 ὅταν
2901 1393 3249 1448 ἀνεπίδεκτον
3275 1392 3436 1446 αὑτὸν
3465 1392 3703 1447 Θανάτου

2112 1485 2558 1557 ὁμολογήσωμεν,
2604 1482 2683 1555 τῷ
2731 1482 2879 1554 αὑτῷ
2912 1483 3055 1554 λόγῳ
3096 1481 3157 1537 τὸ
3188 1481 3332 1554 ζωὴν
3364 1482 3526 1537 αὑτὸν
3560 1477 3705 1536 εἶναι

2113 1574 2618 1646 κατεσκευάσαμεν.
2674 1572 2813 1626 Ἀλλ’
2861 1572 2962 1643 οὑχ
3011 1570 3157 1644 ὁρῶ,
3192 1572 3358 1642 φησὶ,
3385 1570 3507 1634 πῶς
3531 1568 3601 1624 ἀν
3638 1572 3705 1623 ἐκ

2112 1665 2221 1721 τῶν
2247 1665 2324 1737 μὴ
2352 1666 2663 1737 προσόντων
2700 1664 2946 1737 ὑπερέχῃ
2981 1662 3089 1717 τῶν
3114 1662 3294 1716 αὐτῶν
3327 1662 3649 1732 ποιημάτων
3674 1664 3707 1715 6

426 1758 686 1821 gumento
726 1750 846 1807 sive
892 1762 1094 1807 conatu
1140 1768 1266 1809 cum
1309 1754 1590 1824 impietate
1627 1755 1861 1811 bardum
1899 1756 2015 1813 sive

2120 1756 2265 1821 Θεός.
2317 1758 2427 1813 Καὶ
2470 1757 2564 1811 ἐπὶ
2594 1756 2672 1828 τῷ
2704 1755 2853 1827 σοφῷ
2898 1756 3074 1827 τούτῳ
3105 1756 3528 1826 ἐπιχειρήματι,
3561 1754 3708 1825 μετά

428 1840 686 1898 stolidum
739 1842 985 1897 nominat
1035 1857 1294 1914 magnum
1328 1843 1612 1911 Basilium,
1657 1845 1751 1916 qui
1803 1845 2009 1903 talibus

2120 1848 2370 1912 ἀσεϐείας
2403 1846 2610 1918 ἠλίθιον
2636 1846 2892 1917 ὀνομάζει
2936 1845 3029 1899 τὸν
3063 1844 3239 1915 μέγαν
3275 1843 3574 1909 Βασίλειον,
3611 1843 3706 1896 τὸν

429 1933 612 1989 verbis
658 1932 738 1989 uti
792 1949 962 1991 ausus
986 1943 1093 2002 est,
1137 1937 1405 1992 adversus
1451 1951 1612 2006 quem
1646 1936 1876 1993 dixerim
1904 1952 2013 1993 non

428 2020 590 2077 valde
627 2022 801 2079 effuse
854 2033 1047 2079 contra
1105 2040 1204 2081 eos
1249 2026 1344 2097 qui
1410 2027 1525 2083 hazc
1578 2027 1770 2083 dicunt
1820 2036 2016 2083 contu-

433 2113 614 2170 meliis
657 2128 821 2169 usum
854 2114 1050 2183 fuisse,
1089 2131 1159 2172 ne
1193 2117 1384 2173 iisdem
1426 2118 1747 2190 imprudens
1774 2121 2016 2191 seipsum

432 2205 654 2275 probris
701 2205 934 2276 alliciat;
982 2206 1221 2264 fortasse
1261 2210 1409 2265 enim
1444 2226 1621 2282 neque
1652 2211 1771 2283 ipse
1802 2224 2019 2267 contra-

430 2298 656 2368 dixerit,
681 2300 739 2355 in
771 2299 877 2356 hoc
898 2300 1102 2356 divinae
1122 2309 1335 2356 natura:
1356 2302 1700 2373 maiestatem
1729 2303 2015 2375 cognosci,

429 2392 486 2447 in
536 2407 647 2460 quo
688 2390 894 2447 nullam
922 2392 1087 2447 habet
1123 2407 1247 2448 cum
1274 2393 1361 2449 his
1382 2394 1847 2461 communionem,
1875 2411 2016 2467 quo-

430 2493 553 2538 rum
588 2486 784 2536 natura
838 2481 1023 2536 intima
1065 2483 1343 2553 particeps
1383 2484 1712 2539 ostenditur.
1771 2484 1829 2541 Si
1864 2486 2011 2543 enim

430 2589 599 2631 unum
634 2571 764 2643 quid
797 2573 993 2630 horum
1026 2581 1197 2642 esset,
1235 2591 1414 2646 neque
1457 2578 1582 2649 plus
1638 2577 1886 2647 haberet,
1918 2580 2015 2636 sed

428 2664 571 2721 idem
626 2681 851 2738 prorsus
898 2674 1045 2725 esset
1089 2682 1214 2724 cum
1260 2685 1596 2742 unoquoque
1644 2686 1835 2727 eorum
1882 2688 2006 2745 quas

428 2754 781 2828 proprietatis
826 2756 1270 2813 communionem
1304 2758 1531 2814 habent.
1568 2758 1725 2826 Quod
1760 2762 1807 2816 si
1849 2778 2017 2834 supra

428 2844 546 2901 haec
574 2854 681 2914 est,
727 2847 857 2919 quia
896 2847 1156 2902 nimirum
1188 2847 1304 2904 haec
1335 2864 1445 2904 non
1489 2850 1706 2916 habeat,
1754 2869 1923 2924 supra
1952 2870 2017 2911 ea

427 2950 551 3008 qua:
581 2936 697 2992 haec
744 2936 970 3004 habent,
999 2938 1207 2995 eminet
1239 2959 1254 2995 :
1295 2940 1759 3011 quemadmodum
1785 2945 2016 3002 dicimus

429 3030 637 3102 peccati
693 3040 974 3101 expertem
1015 3034 1456 3103 praestantiorem
1491 3051 1615 3093 esse
1649 3037 1737 3093 his
1767 3038 1859 3109 qui
1891 3054 2019 3109 pec-

2114 1947 2227 2009 τοῖς
2254 1944 2515 2008 τοιούτοις
2539 1942 2977 2015 ὲπιτολμήσαντα
3005 1942 3204 2012 λόγοις,
3241 1941 3380 2013 πρὸς
3404 1940 3463 1996 ὃν
3491 1941 3708 2011 εἴποιμι

2118 2038 2207 2099 ἂν.
2242 2039 2317 2109 μὴ
2346 2037 2468 2091 λίαν
2502 2037 2737 2106 ἀφειδῶς
2772 2036 2912 2090 κατά
2943 2035 3051 2090 τῶν
3082 2036 3256 2090 ταῦτα
3298 2034 3566 2104 λεγόντων
3610 2050 3708 2087 κε-

2116 2130 2350 2202 χρῆσθαι
2378 2132 2500 2194 ταῖς
2529 2130 2756 2202 ὕϐρεσι,
2805 2130 2878 2201 μή
2910 2146 2986 2201 πη
3018 2128 3111 2182 καὶ
3166 2126 3358 2181 ἑαυτὸν
3411 2125 3555 2199 λάθῃ
3592 2127 3711 2189 τοῖς

2116 2223 2301 2286 αὑτοῖς
2346 2221 2712 2294 καθυϐρίζων.
2750 2220 2907 2292 Τάχα
2953 2219 3061 2291 γὰρ
3089 2220 3196 2274 οὐδ’
3230 2218 3297 2274 ἂν
3327 2218 3490 2283 αὑτὸς
3524 2218 3710 2273 ἀντεί-

2117 2332 2209 2370 ποι
2244 2316 2302 2370 ὲν
2332 2314 2509 2385 τούτῳ
2554 2314 2616 2368 τὸ
2661 2314 2946 2385 μεγαλεῖον
2985 2315 3086 2384 τῆς
3134 2312 3286 2376 θείας
3334 2310 3708 2382 γνωρίζεσθαι

2117 2407 2352 2477 φύσεως,
2386 2406 2445 2460 έν
2466 2404 2545 2475 τῷ
2573 2404 2840 2477 μηδεμίαν
2866 2402 3010 2475 ἔχειν
3035 2402 3171 2473 πρὸς
3194 2401 3367 2457 ταῦτα
3393 2400 3707 2465 κοινωνίαν,

2116 2496 2193 2554 ὧν
2218 2501 2252 2573 ἡ
2276 2499 2425 2555 κάτω
2455 2496 2615 2567 φύσις
2668 2496 2967 2568 μετέχουσα
2996 2496 3290 2549 δείκνυται.
3320 2493 3383 2547 El
3410 2492 3521 2564 γὰρ
3552 2493 3613 2545 έν
3648 2509 3709 2546 τι

2116 2591 2321 2647 τούτων
2364 2590 2481 2663 εἴη,
2527 2589 2635 2644 οὐδ’
2665 2588 2731 2642 ἂν
2777 2587 2840 2644 τὸ
2874 2586 3034 2641 πλέον
3062 2586 3172 2657 ἔχοι
3195 2624 3211 2649 ,
3238 2584 3373 2638 ἀλλά
3400 2582 3601 2638 ταύτὸν
3638 2583 3710 2637 ἃν

2117 2684 2204 2753 εῐη
2233 2682 2451 2747 πάντως
2488 2681 2703 2751 ἑκάστῳ
2742 2678 2851 2732 τῶν
2897 2675 3393 2732 ὲπικοινωνοὺντων
3421 2674 3518 2728 τοῦ
3557 2673 3711 2728 ἰδιώ-

2120 2793 2315 2847 ματος.
2352 2776 2415 2829 Εί
2446 2775 2503 2829 δὲ
2534 2774 2674 2845 ὑπὲρ
2702 2771 2875 2828 ταῦτά
2904 2772 3050 2835 ἐστι,
3083 2769 3162 2842 τῷ
3204 2768 3280 2841 μὴ
3319 2767 3464 2839 ἔχειν
3500 2766 3710 2839 δηλαδὴ

2116 2868 2319 2931 ταῦτα,
2352 2866 2460 2921 τῶν
2493 2865 2724 2937 ἐχόντων
2755 2863 3164 2935 ὑπερανέστηκε
3185 2877 3201 2892 θ
3233 2860 3485 2931 καθάπερ
3522 2857 3711 2928 φαμὲν

2118 2960 2407 3033 κρείττονα
2449 2956 2558 3012 τῶν
2605 2956 2665 3011 έν
2705 2954 3003 3025 ἁμαρτίαις
3041 2953 3211 3007 ὅντων
3251 2945 3394 3006 εἶναι
3452 2949 3546 3004 τὸν
3575 2950 3715 3003 ἀνα-

2120 3050 2420 3123 μάρτητον.
2467 3048 2543 3103 Τὸ
2574 3047 2687 3119 γὰρ
2712 3046 2807 3100 τοῦ
2837 3045 3008 3100 κακοῦ
3040 3041 3393 3115 κεχωρίσθαι,
3415 3038 3509 3095 τοῦ
3545 3039 3715 3094 πλου-

426 3122 570 3180 catis
602 3124 1088 3195 contaminamur;
1117 3140 1242 3181 nam
1275 3141 1305 3180 a
1345 3128 1490 3183 malo
1525 3138 1835 3200 separatum
1867 3147 2011 3197 esse,

2120 3146 2230 3199 τεῖν
2260 3145 2319 3197 ὲν
2349 3143 2463 3207 τοῖς
2492 3141 2736 3213 ἀρίστοις
2773 3137 3049 3203 ἀπόδειξις
3097 3136 3328 3205 γίνεται.
3362 3133 3501 3188 Ἀλλ’
3531 3136 3564 3189 ὁ
3606 3133 3715 3205 μὲν

430 3212 486 3269 in
535 3212 761 3285 optimis
821 3214 1048 3271 divitem
1109 3231 1256 3284 esse,
1302 3216 1703 3276 demonstratio
1758 3222 2012 3279 efﬁcitur.

432 3303 541 3362 Sed
570 3305 663 3362 blc
693 3304 913 3379 quidem
943 3308 1379 3366 contumeliosus
1405 3312 1743 3368 conviciator
1788 3330 1888 3370 sua
1922 3332 2020 3371 na-

431 3402 556 3450 tura
579 3403 795 3462 utatur,
843 3411 947 3452 nos
993 3408 1175 3453 autem
1215 3413 1341 3454 cum
1376 3399 1635 3471 exiguum
1668 3402 1797 3470 quid
1829 3419 2016 3460 eorum

431 3486 925 3560 significaverimus
957 3503 1077 3558 qua:
1123 3496 1255 3544 sunt
1293 3490 1350 3544 in
1382 3490 1488 3546 hac
1538 3501 1692 3562 parte
1744 3493 1912 3561 dicta,
1952 3497 2018 3551 ad

435 3580 716 3651 proposita
760 3580 1064 3636 orationem
1117 3581 1467 3639 reducemus.

507 3669 774 3726 Similiter
807 3671 904 3736 ait,
962 3671 1139 3742 ipsum
1174 3688 1436 3743 superare
1480 3691 1601 3747 quae
1644 3686 1773 3732 sunt
1818 3688 2025 3734 morta-

435 3762 511 3819 lia
547 3769 610 3817 ut
660 3762 1052 3831 immortalem,
1083 3771 1137 3820 et
1166 3766 1545 3835 corruptibilia
1593 3778 1652 3822 ut
1690 3768 2026 3841 incorrupti-

436 3856 629 3921 bilem,
663 3866 719 3914 et
760 3856 848 3912 his
911 3873 1035 3928 qua“:
1091 3864 1222 3913 sunt
1270 3858 1457 3929 genita
1500 3861 1936 3930 supereminere,
1965 3870 2025 3917 ut

436 3949 763 4022 ingenitum.
799 3950 882 4005 An
924 3965 1037 4005 non
1098 3950 1358 4006 omnibus
1406 3953 1692 4023 perspicua
1739 3964 1825 4009 est
1858 3955 2025 4026 hujus

437 4038 550 4099 Deo
609 4042 832 4099 rebellis
884 4043 1188 4115 impietatis
1221 4046 1481 4112 assertio,
1533 4061 1602 4101 an
1643 4049 1895 4105 oratione
1925 4050 2027 4105 im-

435 4133 761 4206 probitatem
803 4136 1061 4192 convenit
1115 4136 1405 4193 revelare?
1449 4138 1585 4205 Quis
1639 4139 1858 4213 ignorat
1903 4157 2026 4213 qua:

434 4226 625 4283 eadem
644 4242 904 4283 mensura
927 4236 1185 4299 superata
1206 4238 1356 4297 sunt,
1388 4230 1620 4300 aequalia
1647 4233 1875 4289 omnino
1902 4250 2026 4291 esse

434 4318 578 4376 inter
624 4318 733 4373 se?
786 4316 845 4373 Si
885 4317 1052 4389 igitur
1082 4318 1337 4376 similiter
1367 4335 1398 4375 a
1428 4320 1537 4377 Deo
1582 4334 1876 4393 superatur
1906 4340 2026 4381 cor-

434 4407 694 4479 ruptibile
750 4417 807 4465 et
865 4410 1140 4481 genitum;
1206 4412 1427 4483 genitus
1481 4422 1665 4469 autem
1721 4425 1809 4472 est
1858 4418 2023 4473 etiam

2122 3236 2388 3309 ὑϐριστὴς
2435 3232 2725 3305 κεχρήσθω
2772 3232 2841 3303 τῇ
2891 3230 3079 3299 φύσει*
3130 3229 3293 3299 ἡμεῖς
3339 3226 3397 3281 δὲ
3428 3225 3624 3297 μικρόν
3654 3244 3714 3280 τι

2121 3327 2651 3403 πρασημανάμενοι
2688 3325 2796 3378 τῶν
2821 3324 2881 3377 ὲν
2904 3322 2982 3394 τῷ
3023 3321 3179 3394 μέρει
3210 3319 3384 3391 τούτῳ
3412 3318 3714 3391 ῥηθέντων,

2122 3426 2257 3497 πρὸς
2278 3422 2348 3477 τά
2377 3419 2719 3494 προκείμενα
2734 3418 2825 3471 τὸν
2851 3416 3007 3486 λόγον
3031 3413 3353 3487 μετάξομεν.

2205 3680 2439 3751 Ὁμοίως
2466 3677 2655 3749 φησιν,
2696 3675 2857 3731 αὑτὸν
2886 3674 3172 3746 ὑπερέχειν
3215 3673 3323 3729 τῶν
3374 3673 3471 3746 μὲν
3495 3672 3718 3747 θνητῶν

2120 3769 2196 3835 ὡς
2222 3769 2506 3835 ἀθάνατον,
2541 3767 2649 3821 τῶν
2676 3766 2733 3821 δὲ
2777 3766 3028 3837 φθαρτῶν
3056 3765 3130 3830 ὼς
3171 3764 3472 3836 ἄφθαρτον,
3502 3766 3612 3819 τῶν
3654 3766 3717 3819 δὲ

2121 3860 2400 3933 γεννητῶν
2448 3860 2525 3924 ὡς
2557 3857 2877 3931 ἀγέννητον.
2908 3853 3055 3928 Ἆρα
3097 3856 3262 3912 πᾶσίν
3300 3856 3415 3911 ἐστι
3446 3856 3717 3927 πρόδηπ

2124 3958 2159 4028 ἡ
2190 3954 2284 4008 τοῦ
2330 3953 2600 4023 θεομάχου
2642 3950 2743 4020 τῆς
2772 3948 3026 4012 ἀσεϐείας
3082 3946 3431 4017 κατασκευὴ,
3478 3946 3511 4016 ἢ
3567 3945 3717 4017 λόγῳ

2125 4045 2389 4116 προσήκει
2417 4039 2813 4110 διανακαλύψαι
2836 4038 2934 4110 τὴν
2963 4037 3263 4109 πονηρίαν;
3295 4036 3392 4100 Τίς
3432 4036 3533 4090 οὑκ
3570 4032 3715 4089 οἶδεν

2123 4138 2205 4190 ὅτι
2231 4136 2301 4190 τά
2339 4135 2420 4207 τῷ
2440 4132 2588 4205 αὑτῷ
2620 4133 2802 4206 μέτρῳ
2822 4130 3220 4201 ὑπερεχόμενα,
3254 4130 3345 4183 ῐσα
3371 4128 3590 4191 πάντως
3619 4128 3717 4180 ἀλ-

2124 4226 2305 4298 λήλοις
2322 4226 2470 4280 ἐστίν
2488 4244 2503 4293 ;
2533 4226 2597 4280 Et
2617 4219 2711 4279 οὖν
2726 4222 2926 4295 ὁμοίως
2947 4220 3271 4293 ὑπερέχεται
3295 4218 3550 4290 παράτοῦ
3574 4218 3714 4272 Θεοῦ

2123 4320 2185 4375 τὸ
2211 4318 2449 4391 φθαρτὸν
2473 4319 2568 4372 καὶ
2594 4315 2850 4387 γεννητὸν
2868 4354 2885 4380 ,
2919 4312 3177 4385 γεννητὸς
3215 4312 3274 4366 δὲ
3303 4312 3397 4366 καὶ
3428 4314 3456 4365 ὁ
3476 4311 3681 4382 Κύριος
3698 4328 3713 4342 -

2126 4414 2391 4484 Εὑνόμιος
2440 4410 2843 4481 συμπερανάτω
2896 4409 2957 4463 τὸ
3010 4410 3073 4462 ὲκ
3116 4407 3224 4462 τῶν
3276 4404 3538 4460 τεθέντων
3576 4404 3716 4457 ἀνα-

435 4498 703 4556 Dominus
744 4520 759 4556 :
799 4499 1105 4558 Eunomius
1155 4504 1449 4561 concludat
1487 4520 1556 4562 ex
1601 4507 1796 4579 positis
1844 4524 2017 4566 emer-

2127 4505 2333 4559 κύπτον
2371 4502 2646 4573 ἀσέϐημα.
2695 4500 2865 4572 Δῆλον
2897 4500 3007 4572 γὰρ
3045 4501 3124 4554 ὅτι
3159 4499 3354 4554 ταὺτὸν
3384 4498 3596 4569 ἡγεῖται
3639 4498 3711 4565 τῇ

434 4609 569 4666 gens
598 4594 925 4665 inexpiabile
957 4595 1162 4653 scelus.
1190 4596 1553 4669 Perspicuum
1580 4601 1727 4657 enim
1760 4603 2019 4674 estquod

432 4686 841 4759 generationem
872 4687 1014 4744 idem
1041 4688 1320 4745 existimat
1346 4691 1712 4749 cuminteritu
1744 4704 1798 4750 et
1822 4703 2020 4762 morte,

433 4786 496 4834 ut
526 4778 669 4837 idem
713 4778 770 4835 in
823 4780 989 4851 paulo
1052 4782 1436 4852 superioribus
1487 4788 1835 4845 sermonibus
1896 4806 2021 4846 cum

432 4871 840 4943 incorruptibili
898 4873 1201 4945 ingenitum
1239 4876 1636 4946 pronuntiavit.
1681 4878 1739 4934 Si
1791 4897 1923 4952 ergo
1966 4884 2021 4938 in

431 4964 631 5038 mqmli
670 4966 848 5022 cernit
879 4966 1163 5022 interitum
1196 4976 1253 5022 et
1292 4970 1707 5040 generationem
1762 4982 1818 5028 et
1864 4976 2018 5030 simi-

433 5057 560 5114 liter
608 5058 830 5128 asserit,
864 5058 936 5115 ab
965 5059 1051 5115 his
1077 5060 1294 5117 duobus
1343 5060 1514 5117 Deum
1556 5063 1770 5130 abesse,
1801 5067 2019 5137 genitus

432 5158 618 5208 autem
668 5151 934 5208 Dominus
977 5168 991 5205 :
1034 5153 1219 5209 nullus
1250 5169 1282 5217 a
1332 5155 1495 5211 nobis
1544 5154 1748 5227 exigat,
1779 5156 1925 5228 quod
1953 5174 2020 5214 ex

434 5243 538 5301 hac
572 5242 821 5300 oratione
844 5247 1227 5317 consequitur,
1260 5262 1586 5318 pr0ponere,
1619 5248 1716 5304 sed
1741 5263 1805 5305 ex
1837 5250 2018 5321 seipso

431 5336 847 5395 conclusionem
876 5337 1099 5411 colligat
1124 5357 1138 5395 :
1167 5339 1434 5410 siquidem
1466 5356 1532 5395 ex
1563 5356 1722 5412 :equo
1751 5352 1805 5398 et
1826 5356 2020 5398 secun-

432 5426 564 5484 dum
593 5426 841 5485 eamdem
900 5430 1169 5485 rationem
1199 5444 1229 5483 a
1252 5430 1437 5501 genito
1462 5439 1517 5486 et
1538 5430 1883 5501 corruptibili
1925 5429 2017 5487 Dei

432 5531 632 5577 natura
662 5521 853 5578 distat.
886 5521 992 5578 Sed
1021 5537 1127 5577 non
1156 5522 1307 5589 licet,
1335 5523 1534 5594 inquit,
1558 5524 1749 5579 mortis
1780 5532 1833 5580 et
1859 5524 2022 5579 inter-

433 5613 544 5669 itus
591 5614 847 5670 absentia
894 5614 1078 5671 dicere
1108 5614 1580 5685 incorruptibilem
1611 5616 1791 5687 ipsum
1834 5624 1890 5671 et
1920 5616 2021 5671 im-

434 5707 745 5763 mortalem.
767 5707 957 5764 Fidem
977 5708 1214 5763 habeant
1230 5708 1415 5773 dictis,
1433 5710 1528 5780 qui
1552 5710 1777 5765 naribus
1798 5710 2022 5765 trahun-

433 5808 547 5865 tur,
571 5807 625 5855 ct
650 5800 717 5856 ad
750 5801 805 5857 id
845 5799 993 5873 quod
1035 5800 1233 5873 cuique
1276 5799 1491 5858 videtur
1542 5800 2018 5873 circumaguntur,

2126 4596 2302 4667 φθορᾷ
2324 4595 2417 4648 καὶ
2446 4591 2524 4663 τῷ
2547 4591 2762 4663 θανάτῳ
2829 4591 2931 4662 τὴν
2960 4591 3213 4661 γέννησιν
3232 4631 3247 4654 ,
3289 4590 3364 4652 ὡς
3400 4586 3597 4642 ταύτὸν
3648 4587 3712 4639 έν

2122 4691 2236 4753 τοῖς
2256 4686 2363 4760 πρὸ
2390 4686 2579 4740 τούτου
2612 4685 2790 4754 λόγοις
2817 4686 2874 4738 έν
2900 4685 2978 4756 τῷ
3004 4684 3267 4755 ἀφθάρτῳ
3320 4682 3382 4735 τὸ
3409 4680 3712 4751 ἀγέννητον

2123 4781 2461 4851 ἀπεφήνατο.
2494 4780 2557 4832 El
2581 4773 2673 4832 οὖν
2706 4779 2764 4831 ὲν
2785 4779 2886 4848 ἴσῳ
2914 4778 3097 4848 βλέπει
3128 4777 3226 4847 τὴν
3252 4774 3458 4847 φθορὰν
3483 4776 3581 4829 καὶ
3610 4776 3711 4847 τὴν

2123 4874 2400 4945 γέννησιν,
2437 4872 2531 4925 καὶ
2561 4870 2762 4942 ὁμοίως
2788 4869 2934 4938 λέγει
2965 4870 3055 4924 τὸν
3098 4868 3232 4923 Θεὸν
3270 4868 3574 4938 ἀφεστάναι
3603 4869 3712 4922 τῶν

2120 4965 2216 5020 δύο
2234 4984 2246 4996 ο
2294 4962 2547 5035 γεννητὸς
2576 4962 2633 5017 δὲ
2659 4965 2687 5017 ὁ
2714 4962 2938 5034 Κύριος,
2974 4961 3161 5034 μηδεὶς
3187 4961 3319 5032 παρ’
3350 4960 3509 5032 ήμῶν
3542 4962 3711 5016 ἀπαι-

2119 5059 2285 5112 τείτω
2327 5056 2689 5129 προστεθῆναι
2728 5056 2790 5110 τὸ
2818 5058 2883 5110 ὲκ
2914 5056 3009 5108 τοῦ
3040 5054 3199 5123 λόγου
3239 5052 3554 5117 ἀκόλουθον,
3596 5052 3709 5105 ἀλλ’

2120 5150 2215 5221 ἀφ’
2248 5148 2444 5203 ἑαυτοῦ
2492 5145 2896 5217 συλλογισάσθω
2942 5145 3002 5199 τὸ
3050 5146 3257 5217 πέρας·
3308 5144 3469 5217 εἴπερ
3512 5146 3709 5215 ἐπίσης

2120 5245 2217 5297 καί
2262 5240 2405 5296 κατά
2458 5239 2549 5293 τὸν
2602 5239 2764 5293 αὑτὸν
2816 5238 2972 5307 λόγον
3023 5236 3117 5292 τοῦ
3175 5236 3437 5307 γεννητοῦ
3490 5235 3707 5289 καὶτοῦ

2122 5330 2367 5404 φθαρτοῦ
2415 5331 2449 5402 ἡ
2498 5328 2591 5384 τοῦ
2638 5327 2773 5383 Θεοῦ
2819 5328 2977 5397 φύσις
3028 5327 3360 5397 ἀφέστηκεν.
3426 5326 3566 5380 Ἀλλ’
3609 5328 3712 5384 οὑκ

2122 5426 2273 5492 ἐστι,
2323 5424 2508 5498 φησιν,
2545 5421 2783 5492 ἀπουσίᾳ.
2832 5419 3061 5474 θανάτου
3097 5420 3191 5473 καὶ
3248 5419 3491 5489 φθορᾶς,
3526 5417 3710 5485 λέγειν

2120 5520 2396 5591 ἄφθαρτον
2444 5516 2607 5572 αὑτὸν
2660 5516 2755 5569 καὶ
2806 5513 3088 5567 ἀθάνατον.
3162 5511 3538 5566 Πειθέσθωσαν
3596 5513 3709 5575 τοῖς

2123 5616 2432 5689 εἰρημένοις
2506 5612 2553 5665 οἱ
2602 5608 2709 5663 τῶν
2769 5606 2933 5679 ρινῶν
2989 5606 3299 5675 ἑλκόμενοι,
3350 5604 3445 5658 καὶ
3486 5604 3620 5677 πρὸς
3647 5603 3706 5656 τὸ

2122 5708 2312 5763 δοκοῦν
2353 5704 2567 5772 ἑκάστῳ
2620 5699 3037 5771 περιαγόμενοι,
3090 5697 3183 5750 καὶ
3234 5695 3540 5764 λεγέτωσαν
3567 5709 3706 5763 παρο

2127 5799 2263 5853 εἶναι
2322 5794 2400 5865 τῷ
2463 5792 2582 5865 θεῷ
2623 5793 2720 5865 τὴν
2766 5790 2971 5864 φθορὰν
3027 5790 3121 5848 καὶ
3165 5790 3256 5846 τὸν
3307 5787 3535 5843 θάνατον
3620 5784 3703 5839 ἕνα
