4006 6496
293 391 428 448 Hi5

1340 379 1619 436 CONTRA
1655 377 2040 445 EIJNOMIUM,
2082 379 2209 438 LIB.
2252 382 2362 442 XII.

289 504 555 570 ἀθάνατός
577 522 636 559 τε
662 506 756 558 καὶ
782 505 1056 577 ἄφθαρτος
1087 505 1333 575 λέγηται.
1368 505 1433 561 El
1462 508 1570 578 γὰρ
1617 507 1737 578 οὐχὶ
1760 505 1856 576 τὴν

1971 515 2014 561 ιι
2041 507 2226 566 dicant
2258 510 2367 566 Deo
2419 510 2702 566 interitum
2729 517 2786 566 et
2819 517 3048 565 mortem
3089 505 3304 566 adesse,
3336 509 3396 554 ut
3424 503 3498 552 im

288 600 556 654 ἀπουσίαν
579 598 673 652 τοῦ
714 598 940 653 θανάτου
971 599 1064 652 καὶ
1086 599 1187 669 τῆς
1217 599 1454 671 φθορᾶς,
1483 600 1664 663 καθώς
1695 617 1858 671 φησιν

286 693 316 744 6
349 689 632 760 Εὑνόμιος,
661 689 720 742 αί
757 690 1107 760 ἀφαιρετικαὶ
1136 689 1340 745 τούτων
1365 693 1726 764 προσηγορίαι
1758 709 1857 762 ση-

291 781 574 851 μαίνουσι.
606 777 821 842 πάντως
849 779 910 832 τὸ
941 783 1192 851 παρεῖναι
1225 781 1372 851 αὐτῷ
1417 781 1487 834 τὰ
1540 782 1756 835 ἐναντία
1799 797 1858 834 τε

287 873 382 926 καὶ
405 870 657 940 ἀλλότρια
683 869 772 924 διὰ
794 870 892 940 τῆς
916 871 1258 941 τεχνολογίας
1285 871 1488 942 ταύτης
1518 872 1860 926 κατασκευά-

290 963 464 1027 ζεται.
501 962 770 1015 Ἐκαστον
811 959 919 1031 γὰρ
957 961 1066 1016 τῶν
1093 961 1394 1033 νοουμένων
1425 962 1458 1034 ἦ
1488 963 1685 1016 ἄπεστι
1721 963 1860 1016 πάν-

285 1072 397 1119 τως
431 1053 571 1117 τινὸ,
590 1095 604 1114 .
631 1052 663 1124 ἢ
691 1054 790 1107 οὒκ
823 1054 1069 1119 ἄπεστιν,
1113 1049 1244 1119 οἷον,
1269 1053 1384 1123 φῶς
1405 1095 1419 1120 ,
1453 1055 1675 1118 σκότος,
1722 1053 1858 1126 ζωὴ,

294 1149 544 1211 θάνατος,
570 1146 747 1215 ὑγεία,
780 1146 934 1211 νόσος
962 1147 1053 1200 καὶ
1082 1147 1180 1200 ὅσα
1201 1146 1423 1201 τοιαῦτα
1447 1164 1463 1179 ο
1489 1148 1574 1216 ἐφ’
1614 1140 1690 1201 ὧν
1724 1148 1771 1200 εί
1800 1147 1862 1199 τὸ

287 1238 474 1309 ιτερόν
523 1253 610 1301 τις
653 1235 764 1289 τῶν
806 1236 1108 1307 νοουμένων
1152 1237 1369 1292 ἀπεῖναι
1413 1237 1585 1306 λέγοι,
1635 1237 1734 1309 τὴν
1765 1236 1860 1290 τοῦ

289 1329 475 1399 ἑτέρου
506 1327 722 1391 πάντως
749 1329 1052 1398 παρουσίαν
1081 1328 1495 1382 κατασκευάσει.
1528 1328 1591 1380 El
1614 1322 1704 1381 οῦν
1731 1343 1861 1399 φησι

294 1422 367 1492 μὴ
394 1419 488 1473 τοῦ
513 1419 742 1474 θανάτου
766 1419 1001 1490 ἀπουσίᾳ
1024 1418 1113 1472 τὸν
1138 1418 1270 1472 Θεὸν
1299 1418 1562 1473 ἀθάνατον
1583 1418 1859 1488 λέγεσθαι,

286 1514 444 1584 δῆλος
463 1514 528 1568 ἂν
557 1512 642 1584 εἴη
663 1511 964 1584 παρουσίαν
985 1511 1131 1580 αὐτῷ
1160 1511 1386 1566 Θανάτου
1415 1512 1859 1581 κατασκευάζων,

290 1605 383 1658 καὶ
425 1603 513 1657 διὰ
554 1603 745 1656 τούτου
783 1601 883 1671 τὴν
935 1600 1233 1655 ἀθανασίαν
1287 1601 1381 1653 ἐπὶ
1428 1601 1522 1654 τοῦ
1571 1601 1704 1654 Θεοῦ
1755 1602 1862 1656 τῶν

286 1694 426 1748 ὅλων
451 1691 800 1766 ἀρνούμενος.
841 1689 966 1754 Πῶς
1008 1689 1114 1760 γάρ
1144 1689 1209 1743 ἂν
1235 1689 1315 1742 ἔτι
1349 1690 1615 1753 ἀθάνατος
1649 1689 1863 1760 ἀληθῶς

289 1785 376 1853 εῐη
422 1785 516 1838 καὶ
553 1781 855 1852 ἄφθαρτος.
884 1773 944 1834 οῦ
987 1780 1061 1851 μὴ
1100 1781 1318 1834 ἀπεῖναι
1356 1779 1503 1846 λέγει
1527 1781 1626 1849 τὴν
1656 1779 1862 1850 φθοράν

1961 601 2207 658 mortalis
2243 608 2298 658 et
2332 602 2762 673 iucorruptibilis
2804 600 3036 656 dicatur.
3074 598 3131 652 Si
3163 596 3306 652 enim
3333 589 3524 648 mortis

1957 699 2013 744 et
2044 690 2298 748 interitus
2350 693 2678 759 absentiam,
2723 691 2865 747 sicut
2887 691 2964 743 ait
3010 685 3332 746 Eunomius,
3389 678 3523 735 sub-

1960 783 2232 837 stractiva:
2262 782 2454 838 horum
2491 781 2884 854 appellationes
2900 795 3006 834 non
3042 775 3371 848 significant,
3401 784 3523 824 om-

1959 874 2092 929 nino
2136 874 2187 929 ei
2232 874 2425 930 adesse
2475 873 2750 930 contraria
2801 880 2856 927 et
2905 871 3081 924 aliena
3145 867 3249 920 hoc
3295 859 3525 916 artificio

1961 963 2248 1020 astruitur.
2275 963 2714 1036 Unumquodque
2748 962 2892 1019 enim
2935 973 3126 1016 eorum
3157 971 3278 1027 qua:
3325 949 3527 1008 intelli-

1959 1069 2182 1130 guntur,
2217 1059 2302 1116 vel
2337 1059 2492 1114 abest
2512 1072 2735 1130 prorsus
2764 1057 2833 1111 ab
2863 1055 3066 1124 aliquo,
3100 1051 3182 1106 vel
3205 1062 3314 1103 non
3349 1045 3526 1106 abest,

1963 1156 2021 1202 ιιι
2068 1148 2180 1212 lux,
2229 1148 2487 1214 tenebrm,
2527 1149 2664 1214 vita,
2719 1161 2891 1208 mors,
2922 1144 3152 1205 sanitas,
3189 1136 3434 1198 morbus,
3473 1143 3526 1188 et

1961 1251 2299 1308 quaecunque
2344 1237 2614 1306 ejusmodi
2666 1252 2682 1290 :
2732 1235 2788 1289 in
2841 1232 3040 1304 quibus
3089 1229 3134 1283 si
3184 1228 3412 1281 alterum
3436 1234 3529 1274 eo-

1961 1338 2082 1377 rum
2119 1339 2239 1395 quae
2268 1323 2645 1392 intelliguntur
2665 1321 2857 1376 abesse
2874 1318 2996 1388 quis
3021 1315 3189 1378 dicat,
3217 1311 3408 1383 procul
3427 1308 3528 1362 du-

1961 1411 2053 1466 bio
2091 1410 2316 1467 alterius
2340 1409 2684 1480 prasentiam
2713 1414 3015 1464 construct.
3055 1400 3113 1458 Si
3137 1403 3303 1474 igitur
3333 1397 3531 1455 asserit

1963 1503 2158 1558 mortis
2209 1502 2454 1558 absentia
2502 1501 2670 1556 Deum
2706 1516 2815 1555 non
2855 1499 2962 1554 dici
2997 1495 3378 1554 immortalem,
3414 1506 3529 1546 ma-

1962 1581 2165 1649 nifeste
2201 1601 2411 1649 astruet
2450 1593 2642 1648 mortis
2674 1590 3016 1662 praesentiam
3039 1589 3088 1645 ei
3120 1587 3334 1650 adesse,
3364 1591 3529 1652 atquc

1963 1685 2170 1741 idcirco
2215 1686 2678 1742 immortalitatem
2711 1685 2766 1740 in
2798 1683 2907 1740 Deo
2948 1683 3327 1737 universorum
3367 1691 3532 1745 nega-

1965 1776 2065 1832 bit.
2097 1775 2384 1842 Quomodo
2413 1777 2559 1833 enim
2593 1792 2722 1833 vere
2761 1775 3085 1831 immortalis
3117 1783 3171 1828 et
3196 1769 3528 1840 incorrupti-

289 1877 380 1930 καὶ
409 1876 498 1929 τὸν
529 1874 790 1937 θάνατονς
842 1871 981 1924 Ἀλλ’
1015 1871 1142 1934 ίσως
1184 1872 1299 1941 ἐρεῖ
1323 1887 1408 1933 τις
1450 1872 1598 1940 ἡμᾶς
1623 1870 1860 1940 ἐπηρεα-

1971 1867 2089 1923 bilis
2122 1869 2213 1924 ille
2269 1867 2454 1932 fuerit,
2497 1883 2527 1922 a
2571 1884 2682 1939 quo
2721 1869 2810 1924 ille
2847 1882 2956 1922 non
3016 1866 3208 1921 abesse
3247 1863 3530 1918 interitum

290 1965 616 2037 στικώτερον
644 1963 722 2034 τῷ
753 1963 895 2034 λόγῳ
921 1960 1327 2032 προσφύεσθαι*
1363 1960 1436 2029 μὴ
1463 1961 1568 2032 γὰρ
1610 1960 1676 2013 ἂν
1719 1959 1863 2013 οὕτω

292 2057 525 2130 μανῆναί
556 2072 711 2120 τινα,
762 2055 838 2117 ὡς
868 2053 1276 2108 κατασκευάσαι
1321 2051 1411 2104 τὸν
1434 2051 1567 2104 Θεὸν
1609 2052 1684 2122 μὴ
1725 2047 1863 2104 εἶναι

288 2151 584 2212 ἀθάνατον,
618 2145 751 2200 ἀλλὰ
785 2145 894 2199 τῶν
925 2144 1024 2209 μὲν
1049 2145 1107 2197 ὲν
1133 2142 1210 2214 τῷ
1239 2142 1468 2214 κρυπτῷ
1497 2159 1606 2196 τισι
1638 2143 1864 2214 νοουμέ-

287 2257 416 2304 νων,
450 2238 625 2302 οὐδεὶς
651 2236 954 2308 ἀνθρώπων
984 2235 1083 2306 τὴν
1121 2233 1320 2304 γνῶσιν
1347 2234 1459 2304 ἔχει
1479 2274 1492 2298 ,
1545 2234 1632 2288 διά
1659 2234 1715 2287 δὲ
1754 2235 1865 2288 τῶν

291 2331 596 2402 λεγομένων
633 2330 662 2382 6
701 2327 1004 2398 στοχασμὸς
1031 2329 1164 2396 ήμῖν
1197 2326 1306 2380 τῶν
1342 2327 1737 2399 κεκρυμμένων
1774 2329 1864 2398 ὲγ-

290 2440 316 2494 3
333 2422 518 2480 ίνεται.
545 2419 752 2478 Οὐκοῦν
780 2418 940 2475 πάλιν
966 2417 1028 2474 τὸ
1062 2417 1223 2491 ῥηθὲν
1244 2417 1621 2490 ἀναλάϐωμεν.

365 2707 487 2762 Οὐκ
514 2703 780 2772 ἀπουσίᾳ
809 2693 1088 2768 θανάτου,
1131 2703 1314 2774 φησὶν,
1343 2706 1376 2758 ό
1405 2703 1543 2772 Θεὸς
1573 2703 1867 2771 ἀθάνατος

289 2799 548 2869 λέγεται.
573 2797 693 2861 Πῶς
721 2795 983 2867 δεξόμεθα
1002 2795 1064 2848 τὸ
1088 2795 1408 2865 λεγόμενον;
1436 2797 1516 2850 ὅτι
1540 2798 1640 2850 οὐκ
1671 2797 1866 2850 ἄπεστι

291 2891 387 2946 τοῦ
421 2890 554 2946 Θεοῦ
580 2893 608 2944 6
635 2891 881 2953 θάνατος,
913 2888 1015 2943 κᾶν
1057 2890 1322 2950 ἀθάνατος
1353 2887 1605 2960 λέγηται;
1658 2887 1867 2942 Οὐκοῦν

294 2983 343 3036 εί
365 2981 520 3036 τοῦτο
555 2980 764 3035 κελεύει
787 2982 946 3045 νοεῖν,
984 2979 1176 3050 θνητὸς
1204 2979 1358 3032 ἔσται
1390 2980 1605 3042 πάντως
1644 2981 1672 3032 6
1699 2981 1866 3032 Εὐνο-

299 3074 420 3144 μίου
475 3073 641 3139 Θεὸς,
681 3072 775 3125 καὶ
820 3071 994 3142 φθορᾷ
1061 3070 1440 3141 ὑποκείμενος.
1491 3063 1566 3122 UB
1610 3069 1718 3140 γάρ
1767 3070 1866 3122 οὐκ

297 3165 491 3218 ἄπεστι
521 3164 744 3226 θάνατος
772 3162 1038 3215 ἀθάνατον
1071 3155 1208 3215 εἶναι
1237 3161 1400 3230 φύσιν
1425 3161 1525 3214 οὐκ
1555 3160 1666 3230 ἔχει
1687 3177 1700 3192 ·
1733 3160 1867 3214 ἀλλά

298 3253 407 3322 μὴν
439 3254 486 3305 εί
510 3252 645 3322 μήτε
681 3249 910 3304 θανάτου
943 3250 1079 3319 μήτε
1114 3249 1318 3321 φθορᾶς
1337 3249 1601 3303 ἀπουσίαν
1621 3250 1675 3302 αἱ
1703 3266 1867 3320 προσ-

293 3342 512 3414 ηγορίαι
551 3340 921 3410 σημαίνουσιν,
962 3339 995 3411 ἢ
1043 3339 1218 3410 μάτην
1261 3339 1598 3408 ἐπιλέγονται
1647 3339 1725 3410 τῷ
1777 3341 1870 3392 ἐπὶ

298 3435 512 3487 πάντων
533 3432 672 3501 Θεῷ,
703 3431 731 3502 ἢ
757 3430 943 3502 ἕτερόν
963 3448 1083 3482 τινα
1107 3429 1230 3484 νοῦν
1255 3431 1311 3482 ἐν
1329 3431 1514 3493 αὑταῖς
1536 3431 1866 3501 περιέχουσι.

298 3525 394 3588 Τίς
443 3521 536 3577 οὖν
595 3516 750 3584 οὗτος
798 3522 1185 3592 ἐρμηνευσάτω
1238 3523 1267 3575 ό
1319 3521 1651 3592 τεχνολόγος.
1732 3521 1870 3573 Ἀλλ’

297 3616 457 3684 ἡμεῖς
486 3614 566 3677 οἱ,
594 3610 777 3673 καθώς
821 3628 984 3681 φησιν
1031 3613 1060 3664 6
1097 3611 1392 3681 Εύνόμιος,
1440 3613 1871 3682 ἀνεπιστήμονες

300 3705 392 3758 καὶ
417 3705 516 3774 τῆς
555 3701 663 3754 τῶν
693 3701 1030 3770 πραγμάτων
1066 3701 1299 3770 κρίσεως
1318 3740 1332 3764 ,
1361 3702 1455 3753 καὶ
1485 3701 1585 3771 τῆς
1623 3702 1728 3754 τῶν
1751 3704 1872 3755 όνο-

301 3797 486 3868 μάτων
513 3794 782 3866 χρήσεως,
813 3793 999 3846 ἄνοσον
1033 3791 1211 3858 λέγειν
1237 3792 1633 3862 μεμαθήκαμεν
1652 3833 1666 3856 ,
1690 3793 1788 3863 ούχ
1812 3790 1872 3848 οῦ

297 3887 360 3940 τὸ
382 3885 600 3956 κράτος,
623 3883 737 3937 ἀλλ’
758 3874 819 3936 οῦ
842 3884 874 3952 ἡ
902 3881 1054 3943 νόσος
1075 3879 1435 3951 κεχώρισται·
1461 3881 1554 3934 καὶ
1580 3881 1790 3952 ἄπηρον
1811 3883 1871 3935 ού

301 3977 390 4030 τὸν
419 3976 524 4043 ἔξω
560 3973 669 4028 τῶν
692 3971 1008 4042 συμποσίων
1036 3971 1163 4024 ὄντα
1181 4010 1197 4035 ,
1238 3971 1374 4024 ἀλλὰ
1401 3972 1493 4025 τὸν
1529 3973 1794 4042 μηδεμίαν
1815 3976 1874 4026 ὲν

304 4065 480 4137 ἑαυτῷ
505 4066 751 4136 πήρωσιν
783 4062 974 4132 ἔχοντα
997 4077 1010 4091 ·
1041 4061 1134 4113 ital.
1148 4062 1214 4116 τὰ
1236 4060 1371 4114 ἄλλα
1395 4062 1569 4114 πάντα
1589 4061 1870 4125 ὡσαύτως,

301 4160 419 4229 ἢὲκ
439 4156 532 4210 τοῦ
559 4155 824 4226 παρόντος
851 4154 884 4224 ἢ
908 4155 971 4206 ὲκ
998 4151 1092 4205 τοῦ
1119 4151 1192 4223 μὴ
1215 4152 1480 4222 παρόντος
1509 4153 1873 4223 κατονομάζοο

307 4266 437 4320 μεν,
469 4248 733 4320 ἀνδρεῖον,
775 4245 1052 4316 ἄνανδρον,
1105 4243 1323 4313 ὑπνώδη
1344 4286 1358 4309 ,
1382 4245 1612 4311 ἄϋπνον,
1652 4245 1743 4298 καὶ
1776 4246 1874 4298 ὅσα

302 4341 400 4410 τῆς
434 4338 717 4410 συνηθείας
741 4337 917 4408 ἔχεται
943 4335 1163 4407 ταύτης.
1207 4337 1344 4389 Ἀλλ’
1375 4339 1475 4389 οὐκ
1498 4333 1613 4390 οἶδα
1645 4337 1695 4389 τί
1720 4337 1872 4410 φέρει

304 4431 490 4498 κέρδος
532 4431 594 4484 τὸ
623 4428 721 4486 τὰς
767 4427 1034 4498 φλυαρίας
1077 4428 1280 4492 ταύτας
1327 4428 1509 4493 ἀξιοῦν
1543 4429 1871 4493 ἐξετάσεως⁶

1963 1970 2018 2014 et
2040 1969 2267 2015 mortem
2296 1960 2577 2015 autumat?
2605 1960 2709 2016 Sed
2732 1961 2875 2015 dicet
2907 1957 3124 2027 aliquis,
3152 1970 3250 2010 nos
3276 1953 3532 2008 infestius

1963 2060 2018 2106 et
2056 2052 2449 2108 calumniosius
2499 2053 2736 2107 sermoni
2790 2052 3197 2114 adhaerescere;
3247 2063 3357 2101 non
3387 2045 3532 2100 enim

1964 2142 2044 2196 sic
2091 2155 2419 2211 quemquam
2470 2141 2730 2208 insanire,
2778 2151 2837 2196 ut
2884 2142 3050 2197 Deum
3103 2154 3211 2194 non
3255 2151 3380 2192 esse
3431 2135 3537 2188 im-

1963 2234 2251 2289 mortalem
2283 2242 2515 2296 astruat,
2566 2235 2658 2289 sed
2697 2249 2885 2289 eorum
2919 2233 3136 2304 quidem
3184 2243 3306 2301 qua
3351 2228 3405 2281 in
3443 2239 3538 2280 oc-

1965 2325 2117 2381 culto
2157 2339 2188 2378 a
2231 2325 2558 2395 quibusdam
2589 2325 2986 2396 intelliguntur,
3037 2325 3221 2380 nullus
3255 2322 3537 2377 hominum

1966 2416 2332 2487 cognitionem
2361 2416 2544 2480 habet,
2576 2416 2844 2486 siquidem
2878 2431 2974 2486 per
3023 2431 3085 2471 ea
3120 2431 3241 2485 qua:
3279 2416 3540 2471 dicuntur

1965 2508 2022 2563 in
2076 2510 2238 2566 nobis
2288 2511 2591 2565 abditorum
2643 2511 2717 2566 sit
2758 2509 3096 2580 conjectura.
3151 2509 3293 2580 Ergo
3341 2511 3537 2566 iterum

1965 2601 2112 2671 quod
2154 2601 2360 2656 dictum
2403 2610 2489 2657 est
2537 2616 2901 2657 resumamus.

2039 2688 2164 2744 Non
2206 2689 2447 2745 absentia
2504 2693 2729 2755 mortis,
2769 2691 2980 2762 inquit,
3021 2691 3163 2747 Deus
3219 2693 3540 2749 immortalis

1966 2783 2183 2837 dicitur.
2223 2781 2509 2848 Quomodo
2559 2785 2702 2853 quod
2736 2783 2943 2838 dicitur
2991 2787 3367 2855 accipiemus?
3395 2790 3538 2859 quod

1967 2891 1997 2930 a
2029 2876 2138 2932 Deo
2185 2891 2332 2931 mors
2396 2891 2505 2930 non
2556 2877 2731 2941 abest,
2773 2877 2875 2932 etsi
2928 2877 3254 2936 immortalis
3299 2881 3544 2937 dicitur?

1968 2966 2136 3038 Igitur
2170 2968 2216 3022 si
2256 2968 2526 3037 hocjubet
2558 2969 2878 3040 intelligere,
2911 2970 3016 3024 erit
3046 2972 3267 3042 penitus
3297 2975 3542 3029 mortalis

1969 3058 2222 3114 Eunomii
2256 3059 2419 3123 Deus,
2455 3069 2508 3114 et
2540 3061 2778 3116 interitui
2822 3063 3111 3118 obnoxius.
3152 3079 3182 3118 a
3223 3081 3331 3135 quo
3396 3068 3539 3123 enim

1972 3164 2120 3204 mors
2158 3163 2265 3204 non
2301 3149 2476 3212 abest,
2514 3149 2845 3206 immortalis
2890 3160 2948 3205 ut
3005 3153 3077 3208 sit
3126 3165 3376 3211 naturam
3435 3174 3542 3213 non

1970 3241 2127 3297 habet
2161 3249 2569 3297 :verumtauien
2606 3242 2651 3297 si
2686 3258 2861 3313 neque
2893 3245 3085 3300 mortis
3129 3263 3304 3318 neque
3355 3264 3546 3303 corru-

1971 3335 2178 3406 ptionis
2210 3336 2516 3390 absentiam
2559 3336 2640 3390 Ιιαι
2675 3338 3067 3407 appellationes
3113 3339 3436 3409 (privatim)
3469 3344 3544 3397 si-

1971 3425 2264 3495 gniﬁcant,
2301 3427 2385 3480 vel
2443 3426 2646 3482 frustra
2679 3428 2747 3482 de
2786 3428 2897 3483 Deo
2930 3431 3312 3486 universorum
3346 3434 3543 3489 dicun-

1973 3522 2082 3580 tur,
2118 3515 2200 3569 vcl
2233 3516 2400 3570 alium
2431 3517 2723 3586 quemdam
2757 3517 3093 3574 intellectum
3137 3523 3190 3575 in
3225 3523 3360 3593 ipsis
3394 3541 3546 3579 C0lll-

1971 3605 2306 3674 plectuntur.
2369 3606 2506 3673 Quis
2567 3608 2735 3678 igitur
2793 3609 3103 3665 intellectus
3158 3613 3546 3683 interpretetur

1972 3696 2188 3752 artifex.
2219 3696 2324 3752 Sed
2356 3713 2477 3764 nos,
2505 3708 2562 3754 ut
2595 3699 2772 3770 inquit
2802 3701 3123 3769 Eunomius,
3153 3705 3246 3774 qui
3271 3721 3461 3761 sumus
3493 3715 3547 3760 et

1974 3803 2155 3843 rerum
2196 3788 2390 3858 judicii
2431 3801 2723 3860 expertes,
2767 3800 2823 3848 et
2866 3795 3147 3847 nominum
3187 3811 3322 3851 usus
3365 3797 3543 3858 inscii,

1975 3895 2168 3934 sanum
2198 3879 2384 3935 dicere
2418 3881 2747 3948 didicimus,
2785 3899 2896 3937 non
2946 3901 2975 3937 a
3009 3900 3115 3953 quo
3170 3887 3353 3950 robur,
3389 3890 3480 3942 sed
3516 3905 3545 3942 a

1974 3986 2086 4041 quo
2146 3971 2374 4026 morbus
2426 3980 2712 4042 separatus
2771 3983 2890 4041 est;
2934 3985 2989 4031 et
3038 3978 3387 4041 incolumem,
3437 3995 3545 4032 non

1975 4077 2098 4118 eum
2128 4063 2220 4132 qui
2257 4073 2340 4118 est
2369 4073 2524 4119 extra
2572 4065 2844 4129 convivia,
2879 4065 2971 4120 sed
3015 4067 3107 4136 qui
3149 4069 3351 4122 nullam
3399 4071 3450 4122 in
3489 4087 3547 4124 se

1977 4155 2096 4225 ipso
2131 4155 2294 4211 habet
2349 4156 2767 4222 mutilationem,
2799 4165 2852 4210 et
2899 4169 3096 4212 caetera
3138 4159 3320 4212 omnia
3355 4160 3548 4214 simili-

1978 4255 2081 4312 ter,
2115 4248 2199 4303 vel
2233 4263 2297 4303 ex
2335 4256 2621 4319 praesente,
2665 4249 2747 4303 vel
2800 4264 2866 4303 ex
2916 4265 3022 4303 non
3065 4259 3328 4318 praesente
3370 4253 3547 4306 nomi-

1977 4354 2192 4400 namus,
2217 4338 2434 4403 fortem,
2462 4337 2856 4402 effeminatum,
2890 4342 3312 4405 somnolentum,
3339 4343 3543 4399 insom-

1979 4443 2126 4492 nem,
2162 4435 2220 4482 ut
2249 4443 2608 4498 quaecumque
2640 4439 2766 4484 sunt
2796 4429 2959 4499 hujus
2983 4433 3413 4490 consuetudinis.
3443 4433 3552 4489 Sed

305 4525 459 4594 dvde
483 4523 591 4593 γάρ
631 4525 688 4576 ὲν
723 4522 882 4592 πολιᾷ
921 4521 1111 4585 ζῶντι,
1158 4521 1252 4573 καί
1293 4520 1427 4592 πρὸς
1466 4521 1723 4592 ἀλήθειαν
1756 4521 1870 4591 βλέ-

1981 4519 2125 4574 haud
2176 4525 2290 4575 scio
2343 4522 2471 4590 quid
2530 4522 2665 4575 lucri
2702 4522 2911 4586 afferat,
2957 4522 3056 4578 has
3090 4541 3261 4597 nugas
3303 4527 3552 4580 animad-

308 4631 478 4677 ποντι,
507 4614 569 4666 οὐ
603 4611 773 4682 μικρὰ
801 4611 936 4681 πρὸς
965 4609 1286 4680 κατάκρισιν
1312 4612 1477 4676 αἰτία,
1515 4611 1578 4664 τὸ
1606 4612 1672 4665 τὰ
1693 4611 1877 4680 γελοῖά

305 4725 364 4761 τε
399 4707 492 4761 καὶ
535 4704 774 4760 ἄσπονδα
814 4704 916 4773 τῆς
952 4702 1047 4756 τοῦ
1088 4703 1382 4755 ἀντιπάλου
1427 4704 1754 4772 φιλονεικίας
1790 4705 1878 4758 διά

307 4799 572 4869 στόματος
597 4797 804 4866 φέρειν.
846 4795 936 4847 Διὸ
975 4795 1204 4865 παρήσω
1245 4795 1470 4847 κάκεῖνα
1489 4835 1504 4860 ,
1537 4796 1630 4848 καὶ
1661 4795 1728 4848 τὰ
1754 4796 1879 4866 ἑξῆς

307 4888 538 4949 ἐκείνοις
581 4883 968 4955 προσκείμενα.
1013 4882 1169 4934 Ἔστι
1200 4881 1256 4934 δὲ
1296 4881 1501 4934 ταῦτα’
1551 4883 1878 4953 Μηδεμίαν,

309 4979 460 5050 φησὶ.
491 4976 600 5045 τῆς
621 4976 921 5043 ἀληθείας,
939 4973 1089 5043 μήτε
1112 4973 1190 5038 τῷ
1224 4972 1345 5038 Θεῷ
1369 4977 1679 5043 συμφυΐαν
1699 4993 1882 5044 προσ-

302 5068 746 5139 ιιαρτυρούσης.
786 5066 848 5119 Ei
898 5065 1006 5135 γάρ
1055 5065 1130 5134 μὴ
1182 5064 1365 5135 εἴρητο
1416 5065 1589 5127 τοῦτο,
1639 5066 1720 5128 τίς
1755 5061 1822 5136 ἦν
1853 5068 1881 5119 6

307 5159 470 5228 διφυᾶ
509 5155 600 5209 τὸν
636 5156 768 5208 Θεὸν
814 5150 953 5208 εἶναι
1004 5152 1208 5220 λέγων,
1257 5145 1396 5222 πλὴν
1427 5154 1543 5217 σοῦ,
1574 5153 1668 5207 τοῦ
1703 5157 1882 5209 πᾶσαν

311 5251 570 5321 ὀνόματος
597 5247 802 5301 ἔννοιαν
840 5248 907 5316 τῇ
949 5245 1043 5300 τοῦ
1082 5247 1293 5316 Πατρὸς
1323 5247 1479 5317 οὐσίᾳ
1525 5248 1880 5318 συμφύοντος,

314 5341 406 5394 καὶ
439 5340 601 5411 μηδὲν
629 5339 732 5404 ἔξω
766 5340 1042 5407 προσεῖναι
1070 5337 1336 5405 λέγοντος,
1369 5338 1483 5391 ἀλλ’
1509 5338 1737 5392 ἕκαστον
1773 5341 1884 5394 τῶν

313 5432 440 5502 περὶ
482 5430 543 5483 τὸ
583 5429 736 5483 Θεῖον
776 5429 1074 5500 ὀνομάτων,
1113 5432 1178 5500 τῇ
1211 5429 1370 5499 οὐσία
1401 5429 1496 5482 τοῦ
1523 5430 1656 5483 Θεοῦ
1697 5433 1884 5496 ἐγκεν-

313 5516 628 5588 τρίζοντοςς
658 5512 824 5576 Εἶτα,
857 5513 1011 5584 φησὶ,
1052 5514 1206 5583 μήτε
1235 5514 1362 5582 μὴν
1390 5515 1614 5578 ἔξωθεν
1637 5514 1736 5569 καὶ
1767 5511 1902 5583 παρ’

321 5607 489 5679 ἡμῶν
499 5611 652 5661 aula:
663 5605 920 5676 τομένην
930 5607 1212 5674 τοιαύτην
1224 5607 1468 5661 ἔννοιαν
1478 5625 1506 5661 ε
1515 5609 1789 5675 ὺσεϐείας
1805 5609 1902 5663 νό-

311 5718 450 5769 μοις
481 5700 923 5770 ἐγγραφούσης.
950 5697 1110 5752 Ἀλλά
1144 5702 1556 5772 παραιτήσομαι
1589 5699 1750 5755 πάλιν
1774 5702 1904 5774 περὶ

314 5790 424 5848 τῶν
436 5791 560 5863 είρη
569 5790 765 5864 μένων,
783 5787 856 5855 ὡς
868 5790 988 5861 ούχὶ
1003 5788 1380 5859 γελωτοποιῶν
1392 5795 1501 5858 τοῖς
1513 5792 1899 5864 ἐντυγχάνουσι

1981 4611 2234 4665 versione
2293 4611 2487 4681 dignas
2549 4626 2808 4678 censere;
2869 4613 2988 4666 viro
3054 4615 3196 4668 enim
3253 4615 3305 4669 in
3355 4617 3556 4671 canitie

1981 4700 2208 4765 viventi,
2244 4709 2297 4756 et
2330 4701 2396 4755 ad
2443 4702 2728 4757 veritatem
2757 4704 3094 4774 respicienti,
3131 4720 3235 4759 non
3285 4721 3448 4776 parva
3483 4708 3550 4760 ad

1983 4792 2493 4846 condemnationem
2523 4792 2706 4862 culpa,
2737 4793 2965 4847 ridicula
2994 4804 3048 4849 et
3078 4797 3332 4864 perfidias
3360 4798 3553 4856 adver-

1983 4882 2113 4936 sarii
2162 4883 2449 4938 ambitiosa
2500 4886 2851 4940 contentione
2911 4887 3217 4942 maledictis
3273 4889 3552 4945 insectari.

1985 4973 2328 5044 Quapmptcr
2360 4982 2414 5030 et
2458 4976 2546 5030 illa
2582 4979 3013 5047 praetermittam,
3044 4989 3096 5034 et
3134 4996 3250 5049 qua:
3298 4981 3555 5054 deinceps

1984 5066 2094 5121 illis
2123 5065 2399 5135 adjacent.
2437 5066 2631 5133 Nulla,
2661 5070 2856 5139 inquit,
2885 5071 3100 5123 veritate
3133 5070 3238 5123 Deo
3257 5073 3555 5126 naturalem

1985 5157 2401 5225 conjunctionem
2425 5159 2759 5212 attribuente.
2791 5158 2850 5211 Si
2884 5160 3028 5213 enim
3073 5159 3173 5213 hoc
3214 5161 3417 5214 dictum
3447 5178 3557 5218 non

1985 5256 2152 5314 esset,
2185 5249 2308 5317 quis
2353 5248 2519 5303 Deum
2549 5264 2672 5304 esse
2699 5249 2984 5303 biformem
3012 5249 3216 5305 diceret
3246 5262 3442 5321 przeter
3485 5263 3555 5316 te,

1985 5341 2078 5411 qui
2110 5356 2324 5397 omnem
2362 5343 2600 5397 nominis
2629 5344 2877 5396 notitiam
2901 5343 3083 5400 Patris
3127 5350 3380 5399 essentia:
3425 5362 3557 5400 coa-

1987 5431 2192 5487 lescere
2242 5432 2401 5496 facis,
2437 5433 2681 5502 nihilque
2711 5441 2864 5487 extra
2897 5433 3090 5490 adesse
3129 5434 3290 5498 dicis,
3317 5437 3410 5490 sed
3448 5437 3560 5491 sin-

1987 5522 2112 5592 gula
2138 5523 2357 5576 nomina
2383 5523 2450 5578 de
2474 5523 2582 5578 Deo
2612 5526 2909 5586 celebrata,
2943 5527 2997 5581 in
3027 5527 3120 5582 Dei
3150 5529 3388 5583 essentia
3419 5529 3565 5584 velut

1989 5613 2042 5667 in
2080 5623 2332 5669 centrum
2368 5613 2695 5670 adducens?
2724 5617 2948 5688 Deinde,
2980 5619 3176 5688 inquit,
3227 5636 3387 5689 neque
3425 5632 3564 5676 certe

1989 5707 2316 5761 extrinsecus
2345 5717 2395 5762 et
2445 5725 2478 5762 a
2507 5709 2654 5762 nobis
2681 5710 2965 5779 conﬁctam
2991 5711 3150 5766 talem
3171 5713 3416 5768 notitiam
3454 5716 3566 5782 pie-

1993 5806 2099 5850 (ale
2123 5797 2318 5869 legibus
2353 5798 2688 5855 inscribente.
2716 5800 2822 5857 Sed
2846 5801 2914 5858 de
2947 5801 3111 5860 dictis
3155 5819 3351 5861 rursus
3378 5819 3566 5877 preca-
