4006 6540
494 408 631 464 1115

1725 398 1785 453 S.
1824 393 2152 454 GRECORII
2194 389 2484 447 NYSSENI

3597 384 3737 440 ιιιο

490 520 610 580 bar.
638 522 696 571 ut
722 514 967 580 credant,
1004 529 1090 570 me
1118 527 1228 568 non
1257 518 1317 568 ut
1343 511 1648 582 legentibus
1675 513 1847 569 risum
1877 526 2061 565 move-

2164 505 2261 568 τὰς
2287 502 2670 572 ὲπιγελάστους
2684 500 2888 565 ταύτας
2916 498 3181 571 ὲξεθέμην
3202 498 3405 569 φωνὰς,
3429 497 3545 554 ἀλλ’
3571 498 3651 561 ὡς
3671 497 3733 551 ἀν

488 626 630 675 rem,
680 611 778 663 bas
812 607 1077 662 ridiculas
1112 620 1276 661 voces
1316 605 1660 675 exposuisse,
1691 603 1788 658 sed
1823 612 1881 657 ιιι
1906 600 2063 654 audi-

491 700 599 758 tori
649 698 1060 770 persuaderem,
1094 712 1122 749 a
1153 712 1263 766 quo
1287 695 1391 750 iste
1430 703 1694 766 apparatu
1749 707 2061 750 sermonum

489 792 771 857 incitatus,
823 798 1068 845 nostram
1122 788 1529 856 simplicitatem
1601 786 1801 849 diluit,
1869 783 2065 837 deinde

488 890 683 938 contra
699 882 983 938 veritatem
1012 880 1268 934 audacter
1287 878 1548 947 loquitur.
1568 875 1832 943 Quisnam
1856 875 2065 928 ratione

489 983 545 1028 et
581 973 764 1043 qualia
809 971 1041 1043 profert,
1101 970 1446 1024 auditoribus
1508 968 1859 1037 elephantine
1913 966 2065 1019 corio

490 1064 743 1120 obductis
794 1078 967 1133 usque
991 1064 1055 1116 ad
1091 1062 1319 1116 delicias
1350 1059 1784 1115 ostentabundus
1812 1064 1865 1111 et
1891 1056 2065 1126 jacta-

493 1153 735 1217 bundus,
770 1151 863 1222 qui
901 1152 1019 1219 ejus
1052 1158 1372 1220 arrogantes
1402 1149 1501 1203 has
1543 1148 1675 1203 sicci
1731 1147 1844 1201 oris
1906 1159 2064 1198 voces

487 1245 630 1298 mala
665 1242 1059 1313 compositione
1103 1241 1462 1310 trajicientes,
1503 1248 1765 1308 tanquam
1818 1236 2063 1291 omnium

487 1330 705 1387 dicendi
753 1332 1010 1387 facultate
1045 1333 1306 1385 victorem
1372 1328 1691 1399 praedicant,
1744 1327 1837 1381 sed
1889 1326 2062 1396 ipsam

488 1419 951 1474 immortalitatem
1028 1435 1153 1475 esse
1231 1416 1364 1471 dicit
1423 1417 1739 1480 essentiam,
1794 1412 2063 1484 Unigeniti

484 1523 665 1569 autem
729 1512 1051 1568 essentiam?
1084 1511 1226 1578 Quid
1292 1510 1414 1566 ais?
1477 1511 1544 1565 ad
1590 1511 1766 1581 ipsum
1807 1509 2063 1575 dixerim,

486 1604 974 1670 immortalitatem,
1028 1617 1095 1655 an
1130 1602 1276 1656 non?
1330 1616 1588 1671 quoniam
1643 1600 1809 1656 etiam
1869 1601 1922 1654 in
1964 1600 2065 1654 hac

485 1694 828 1765 simplicitas,
870 1694 1095 1756 nullam,
1127 1693 1269 1747 sicut
1297 1693 1399 1757 ais,
1430 1695 1824 1748 connexionem
1853 1700 2065 1745 natura!

485 1788 707 1855 appetit.
739 1783 1018 1856 Siquidem
1046 1793 1207 1856 negat
1236 1786 1700 1841 immortalitatem
1721 1797 1847 1837 esse
1876 1797 2064 1851 essen-

2166 594 2415 662 πείσαιμι
2443 593 2533 646 τὸν
2576 591 2869 664 ἀκροατὴν,
2915 594 3009 660 ἀφ’
3051 592 3172 654 οἵας
3198 584 3353 654 οὗτος
3387 589 3739 661 παρασκευῆς

2164 683 2271 737 τῶν
2318 683 2491 751 λόγων
2530 681 2869 752 ὁρμώμενος,
2912 682 2940 735 ό
2976 680 3067 734 τὸν
3107 682 3377 751 ἡμέτεροι
3428 679 3737 748 ίδιωτισμδν

2162 772 2494 836 διαπλύνων,
2550 772 2740 826 ἔπειτα
2789 771 2890 841 τῆς
2930 770 3185 841 ἀληθείας
3240 770 3733 841 καταθρασύνεται.

2164 863 2261 926 Τίς
2299 861 2375 915 ὢν
2404 861 2545 915 κατά
2583 862 2674 916 τὸν
2702 861 2857 930 λόγον
2897 862 2992 915 καὶ
3022 856 3109 914 οἵα
3138 862 3527 932 φθεγγόμενος,
3571 863 3602 913 ό
3626 862 3736 923 τοῖς

2165 955 2535 1025 παχυδέρμοις
2570 953 2679 1007 τῶν
2712 954 2996 1024 ἀκροατῶν
3021 954 3301 1023 ἐντρυφῶν
3321 970 3380 1006 τε
3404 954 3501 1006 καὶ
3523 955 3739 1022 ἐμπομ-

2166 1046 2367 1111 πεύων,
2394 1047 2443 1099 οἳ
2469 1046 2568 1110 τάς
2592 1045 2924 1115 στομφώδεις
2946 1045 3111 1101 αὐτοῦ
3145 1046 3345 1109 ταύτας
3378 1044 3736 1117 ξηροπομίας

2168 1137 2576 1201 κακοσυνθέτως
2604 1137 3058 1209 διαπεραίνοντες,
3101 1138 3177 1202 ὡς
3202 1140 3581 1210 κεκρατηκότα
3633 1138 3736 1190 τῶν

2171 1227 2386 1280 πάντων
2420 1231 2485 1298 τῇ
2510 1228 2732 1299 δυνάμει
2754 1229 2862 1282 τῶν
2898 1229 3070 1298 λόγων
3097 1230 3587 1299 ἀνακηρύσσουσιν,
3623 1231 3735 1285 ἀλλ’

2152 1317 2338 1389 ¹αὐτὴν
2366 1312 2505 1371 είναί
2531 1336 2663 1389 φησι
2690 1321 2790 1392 τὴν
2816 1320 3004 1375 οὐσίαν
3044 1321 3356 1385 ἀθανασίαν,
3398 1324 3500 1393 τὴν
3539 1323 3600 1376 δὲ
3643 1324 3737 1377 τοῦ

2166 1408 2504 1477 Μονογενοῦς
2538 1412 2751 1482 οὐσίαν;
2776 1412 2841 1465 Τί
2876 1412 3016 1484 φῂς;
3054 1414 3189 1483 πρὸς
3216 1415 3377 1469 αὐτὸν
3407 1416 3620 1487 εἴποιμι
3648 1416 3735 1481 ἂν,

2167 1498 2486 1566 ἀθανασίαν,
2507 1502 2539 1571 ἦ
2558 1502 2708 1574 οὐχί;
2748 1504 2963 1574 Ἐπειδὴ
2984 1504 3077 1556 καὶ
3094 1505 3187 1557 ἐπὶ
3212 1505 3419 1577 ταύτης
3436 1509 3471 1577 ἡ
3498 1508 3739 1577 ἁπλότης

2166 1590 2439 1661 οὐδεμίαν,
2463 1592 2645 1657 καθὼς
2658 1597 2783 1667 φῂς,
2807 1596 3084 1665 συμφυΐαν
3107 1598 3410 1667 προσίεται.
3441 1600 3502 1651 Εί
3523 1599 3623 1669 μὲν
3642 1596 3736 1652 οὖν

2166 1682 2407 1752 ἀρνεῖται
2423 1684 2484 1737 τὸ
2501 1683 2797 1738 ἀθανασίαν
2815 1681 2955 1739 εἶναι
2974 1686 3065 1740 τοῦ
3084 1687 3212 1741 Υἱοῦ
3234 1689 3331 1760 τὴν
3351 1690 3559 1751 οὐσίαν,
3577 1692 3736 1760 δῆλον

2167 1770 2245 1836 είς
2260 1773 2287 1825 ὃ
2312 1790 2362 1825 τι
2382 1774 2665 1844 βλέπει.Τὸ
2679 1775 2786 1848 γάρ
2801 1779 3357 1851 ἀντιδιαστελλόμενον
3369 1781 3447 1853 τῷ
3458 1782 3733 1854 ἀθανάτῳ,

484 1848 638 1939 tiam,
670 1848 1025 1947 perspicuum
1059 1848 1282 1947 ad'quid
1320 1877 1563 1947 respicit.
1593 1873 1748 1941 Quod
1786 1874 1931 1930 enim
1962 1848 2062 1929 im-

2166 1864 2227 1917 οὐ
2248 1863 2367 1917 λίαν
2393 1866 2509 1919 ἐστὶ
2540 1866 2741 1940 λεπτῆς
2771 1872 3101 1942 κατανοῆσαι
3140 1848 3353 1943 φρενός.
3406 1848 3493 1938 Ὦς
3538 1877 3649 1946 γάρ

486 1968 699 2021 mortali
728 1984 792 2022 ex
817 1968 1046 2023 adverso
1072 1970 1399 2037 opponitur,
1434 1984 1541 2023 non
1565 1980 1647 2023 est
1673 1969 1890 2023 subtilis
1920 1984 2068 2021 men—

484 2056 557 2110 tis
583 2057 842 2127 cogitare.
867 2055 934 2111 Ut
956 2058 1102 2111 enim
1130 2059 1272 2127 quod
1293 2074 1401 2112 non
1424 2058 1777 2126 corruptibile
1797 2058 2069 2126 corrupti-

482 2148 593 2204 bile
638 2150 1028 2219 consequentia
1075 2150 1339 2220 oppositae
1384 2148 1671 2204 divisionis
1708 2149 2065 2213 demonstrat,

483 2249 539 2295 et
590 2242 876 2296 mutationi
950 2249 1035 2296 est
1096 2240 1390 2295 obnoxium
1452 2239 1596 2309 quod
1672 2254 1779 2293 non
1836 2245 1920 2293 est
1967 2237 2070 2291 im-

484 2332 779 2386 mutabile:
813 2334 894 2388 sic
928 2332 1089 2387 etiam
1138 2332 1365 2385 mortale
1398 2345 1649 2400 prorsus,
1671 2332 1815 2398 quod
1848 2346 1949 2386 non
1986 2339 2068 2385 est

483 2423 815 2476 immortale.
852 2423 989 2489 Quid
1034 2423 1201 2492 igitur
1236 2436 1499 2476 novorum
1532 2423 1847 2491 dogmatum
1879 2423 2066 2491 expla»

484 2512 684 2566 nator?
740 2510 880 2576 Quid
926 2512 993 2565 de
1033 2509 1307 2580 Unigeniti
1347 2510 1585 2565 essentia
1630 2510 1789 2564 nobis
1847 2512 2068 2580 preprio

484 2603 703 2657 nomine
726 2600 1133 2658 dicet?Rursus
1160 2602 1305 2656 enim
1338 2602 1584 2656 eamdem
1618 2603 1875 2672 scriptori
1902 2603 2066 2658 inter-

486 2693 822 2763 rogationem
846 2691 1145 2762 proferam.
1172 2691 1331 2745 Dabit
1354 2700 1408 2745 et
1435 2692 1575 2745 hanc
1604 2692 2063 2746 immortalitatem

484 2784 725 2847 esse,vel
749 2800 857 2838 non
877 2786 1231 2840 assentietur.
1255 2782 1309 2837 Si
1337 2783 1501 2854 igitur
1524 2799 1632 2838 non
1664 2785 1926 2854 approbet
1946 2784 2066 2838 Filii

482 2875 774 2931 essentiam
823 2876 1185 2931 immortalem
1230 2890 1392 2940 esse,
1433 2877 1747 2931 necessario
1792 2876 2066 2931 contrario

484 2967 892 3038 astipulabitur,
929 2983 1025 3038 per
1062 2968 1455 3038 praestantioris
1500 2968 1850 3031 ablationem,
1892 2970 2061 3038 ipsam

488 3073 611 3114 esse
641 3067 870 3113 mortem
897 3068 1252 3129 praestruens.
1270 3058 1423 3125 Quod
1452 3059 1496 3113 si
1528 3060 1825 3114 absurdum
1850 3058 2063 3130 fugiens

485 3150 951 3205 immortalitatem
987 3150 1149 3205 etiam
1172 3148 1440 3220 Unigeniti
1475 3150 1767 3204 essentiam
1797 3150 2061 3215 nominet,

486 3241 687 3295 nullam
711 3258 775 3297 ex
794 3241 1119 3297 necessitate
1141 3251 1425 3311 propterea
1446 3241 1744 3296 secundum
1768 3242 2058 3297 essentiam

484 3328 851 3385 differentiam
892 3347 1015 3387 esse
1036 3332 1402 3387 confitebitur.
1446 3330 1503 3383 Si
1529 3331 1675 3385 enim
1709 3346 1772 3385 ex
1828 3346 1984 3400 aaquo
2008 3337 2061 3385 et

484 3421 665 3478 Patris
711 3431 765 3478 et
798 3422 922 3478 Filii
966 3432 1160 3478 natura
1190 3423 1571 3478 immortalitas
1599 3431 1704 3485 est,
1735 3422 2059 3476 immortali-

484 3522 576 3570 tas
606 3523 788 3570 autem
827 3518 883 3571 in
923 3515 1158 3585 seipsam
1181 3514 1327 3569 nulla
1358 3515 1573 3569 ratione
1628 3512 1944 3567 diﬂerentize
1972 3512 2057 3566 di-

2170 1956 2244 2027 μὴ
2262 1957 2536 2028 ἄφθαρτον
2555 1959 2792 2033 φθαρτὸν
2826 1964 2859 2033 ἡ
2877 1962 3165 2017 ἀκολουθία
3183 1966 3281 2035 τῆς
3298 1966 3737 2038 ἀντιδιαιρέσεως

2165 2046 2423 2115 δείκνυσι,
2446 2049 2539 2102 καὶ
2571 2052 2802 2122 τρεπτδν
2824 2052 2974 2125 τὸμὴ
3003 2056 3455 2125 άτρεπτονόῦτω
3489 2062 3584 2112 καὶ
3618 2062 3738 2131 θνηο

2169 2140 2260 2193 τὸν
2289 2140 2523 2206 πάντως,
2543 2143 2604 2195 τὸ
2620 2143 2693 2214 μὴ
2722 2144 3009 2199 ἀθάνατον.
3030 2147 3094 2200 Τί
3115 2144 3207 2201 οὖν
3225 2151 3252 2202 ό
3274 2150 3381 2203 τῶν
3398 2152 3602 2205 καινῶν
3616 2152 3736 2222 δογ-

2174 2231 2360 2302 μάτων
2380 2232 2648 2306 ὲξηγητής
2670 2252 2684 2300 ;
2714 2236 2779 2288 Τί
2802 2238 2930 2308 περὶ
2946 2237 3046 2307 τῆς
3062 2239 3155 2292 τοῦ
3183 2242 3522 2311 Μονογενοῦς
3549 2245 3737 2309 οὐσίας

2168 2324 2297 2393 ἡμῖν
2320 2326 2695 2397 κυριολογήσει
2717 2346 2732 2395 ;
2757 2328 2925 2382 Πάλιν
2944 2329 3052 2401 γὰρ
3070 2330 3168 2403 τὴν
3184 2333 3350 2405 αὐτὴν
3375 2337 3738 2407 προσοίσωτῷ

2167 2413 2487 2486 λογογράφῳ
2524 2416 2811 2487 ἐρώτησιν.
2854 2419 3025 2473 Δώσει
3071 2424 3165 2475 καὶ
3192 2424 3395 2495 ταύτην
3432 2426 3737 2481 ἀθανασίαν

2166 2499 2325 2571 εἶναι,
2369 2507 2402 2577 ἦ
2447 2510 2507 2561 οὐ
2541 2508 2879 2581 συνθήσεται.
2918 2512 2979 2565 Εί
3020 2512 3119 2582 μὲν
3155 2510 3247 2568 οὗν
3297 2516 3371 2586 μὴ
3406 2517 3615 2588 δέχοιτο
3641 2521 3733 2574 τοῦ

2167 2597 2296 2650 Υίοῦ
2349 2599 2447 2670 τὴν
2497 2601 2683 2655 οὐσίαν
2734 2602 3030 2657 ἀθανασίαν
3089 2601 3257 2672 εἶναι,
3297 2609 3613 2677 ἀναγκαίως
3653 2614 3735 2684 τῷ

2166 2691 2390 2760 ἐναντίῳ
2432 2692 2773 2765 συνθήσεται,
2799 2694 2887 2748 διὰ
2908 2696 3006 2765 τῆς
3038 2695 3132 2749 τοῦ
3163 2698 3470 2768 κρείττονος
3508 2703 3738 2776 ἀφαιρέ-

2168 2799 2304 2847 σεως
2342 2783 2567 2837 θάνατον
2600 2785 2767 2856 αὐτὴν
2806 2783 2944 2840 εἶναι
2966 2791 3405 2855 κατασκευάζων.
3429 2794 3495 2846 Ei
3521 2795 3579 2848 δὲ
3602 2796 3733 2864 φεύ-

2168 2890 2281 2942 γων
2302 2875 2361 2928 τὸ
2384 2876 2603 2940 ἄτοπον,
2628 2877 2920 2932 ἀθανασίαν
2943 2882 3145 2934 καὶτοῦ
3173 2884 3514 2952 Μονογενοῦς
3534 2888 3632 2958 τὴν
3648 2892 3737 2943 οὐ-

2168 2967 2286 3021 σίαν
2304 2967 2681 3039 κατονομάζοι,
2703 2970 2955 3040 οὐδεμίαν
2971 2970 3030 3035 ἐξ
3044 2972 3284 3044 ἀνάγκης
3299 2975 3387 3027 διὰ
3409 2975 3567 3029 τοῦτο
3591 2980 3733 3032 κατὰ

2164 3057 2264 3127 τὴν
2288 3058 2474 3111 οὐσίαν
2493 3057 2754 3129 διαφορὰν
2779 3053 2918 3112 εἶναι
2948 3059 3288 3129 συνθήσεται.
3313 3062 3374 3114 Εί
3397 3062 3505 3133 γὰρ
3537 3064 3734 3136 ἐπίσης

2165 3148 2200 3220 ἦ
2220 3167 2278 3203 τε
2299 3151 2392 3204 τοῦ
2413 3148 2627 3220 Πατρὸς
2655 3151 2747 3205 καὶ
2772 3150 2901 3203 Υἱοῦ
2930 3151 3089 3219 φύσις
3117 3151 3381 3205 ἀθανασία
3405 3154 3572 3217 ἐστὶν,
3597 3156 3733 3209 ἀθα-

2165 3238 2324 3292 νασία
2361 3238 2416 3291 δὲ
2447 3238 2583 3308 πρὸς
2619 3238 2816 3310 ἑαυτὴν
2853 3240 3028 3294 οὐδενὶ
3066 3240 3208 3311 λόγῳ
3240 3241 3499 3313 διαφορᾶς
3519 3244 3731 3315 διασχί-

2166 3330 2338 3397 ζεται,
2372 3331 2480 3401 ἄρα
2508 3330 2602 3383 καὶ
2630 3331 2758 3401 παρ’
2794 3331 2971 3385 αὐτῶν
2994 3332 3101 3386 τῶν
3128 3333 3335 3403 ἐχθρῶν
3372 3334 3729 3405 ὁμολογεῖται,

2163 3423 2222 3473 τὸ
2249 3422 2450 3491 μηδένα
2493 3422 2758 3491 διαφορᾶς
2792 3422 2947 3491 λόγον
2990 3425 3079 3477 ἐπὶ
3114 3425 3206 3478 τοῦ
3245 3426 3457 3497 Πατρὸς
3504 3431 3599 3482 καὶ
3634 3430 3731 3483 τοῦ

2166 3512 2296 3566 Υἱοῦ
2327 3513 2467 3567 κατά
2501 3514 2598 3584 τὴν
2620 3515 2807 3569 οὐσίαν
2843 3516 3225 3588 εὐρίσκεσθαι;

486 3607 784 3671 scinditur,
842 3608 1087 3676 nunquid
1135 3608 1296 3662 etiam
1352 3606 1420 3661 ab
1475 3606 1608 3676 ipsis
1663 3603 1902 3660 inimicis
1952 3604 2286 3673 conceditur,
2329 3605 2532 3660 nullam
2566 3606 2882 3663 diﬂ‘erentize
2924 3608 3187 3665 rationem
3225 3611 3280 3664 in
3309 3610 3471 3668 Patre
3505 3623 3558 3668 et
3591 3614 3732 3670 Filio

485 3699 789 3756 secundum
821 3700 1115 3755 essentiam
1143 3699 1397 3755 deliniri?

559 3789 665 3844 Sed
691 3792 804 3861 jam
833 3801 1046 3862 tempus
1079 3791 1240 3846 fuerit
1270 3791 1521 3846 acerbam
1546 3791 1719 3862 ipsius
1740 3799 1929 3847 contra
1955 3807 2056 3847 nos

2249 3785 2405 3839 Ἀλλά
2458 3786 2647 3858 καιρὸς
2699 3787 2765 3841 ἂν
2814 3788 2899 3859 εἴη
2947 3789 3046 3861 τὴν
3096 3791 3334 3863 χαλεπὴν
3380 3792 3543 3846 αὐτοῦ
3604 3794 3729 3847 καθ’

486 3898 792 3954 proponere
842 3884 1270 3948 accusationem,
1310 3900 1471 3954 quam
1517 3885 1571 3939 in
1624 3884 1727 3941 line
1793 3887 2058 3941 orationis

2164 3878 2319 3949 ἡμῶν
2348 3879 2628 3949 προθεῖναι
2659 3882 3012 3951 κατηγορίαν,
3053 3884 3120 3954 ῆν
3144 3884 3235 3936 ἐπὶ
3266 3884 3409 3937 τέλει
3442 3884 3537 3938 τοῦ
3569 3886 3729 3954 λόγου

485 3974 635 4041 fecit,
662 3975 852 4030 dicens
896 3991 996 4030 nos
1050 3991 1115 4029 ex
1154 3976 1328 4030 nihilo
1351 3976 1565 4047 penitus
1603 3974 1817 4031 Patrem
1854 3978 2055 4039 dicere,

2166 3968 2479 4037 πεποίηται,
2509 3968 2681 4037 λέγων
2717 3972 2864 4041 ἡμᾶς
2898 3975 2964 4026 ὲκ
2993 3973 3086 4026 τοῦ
3132 3975 3304 4046 πάντη
3340 3976 3413 4047 μὴ
3442 3977 3594 4042 δντος
3636 3980 3728 4032 τὸν

484 4066 776 4122 dictionem
812 4066 1049 4135 aliquam
1087 4082 1151 4121 ex
1194 4076 1451 4122 contextu
1507 4066 1827 4132 sulfuratus,
1864 4069 2059 4138 ipsam-

2167 4057 2390 4123 Πατέρα
2415 4056 2594 4125 λέγειν
2623 4074 2637 4089 ⁸
2675 4059 2879 4129 κλέψας
2916 4061 3037 4114 τινά
3065 4062 3209 4126 λέξιν
3251 4065 3315 4117 ὲκ
3339 4066 3441 4135 τῆς
3479 4071 3727 4138 συμφρά-

485 4174 592 4229 que
639 4159 834 4213 exilem
869 4166 923 4213 et
968 4159 1333 4213 inordinatam
1358 4176 1423 4214 ex
1461 4160 1671 4230 reliquo
1710 4175 1941 4231 corpore
1972 4160 2059 4215 de-

2164 4164 2298 4211 σεως
2323 4187 2336 4211 ,
2363 4150 2457 4203 καὶ
2480 4149 2638 4221 ψιλὴν
2666 4152 2834 4223 αὐτὴν
2861 4153 2951 4205 καὶ
2974 4152 3306 4209 ἀσύντακτον
3334 4158 3397 4210 ὲκ
3420 4159 3514 4212 τοῦ
3540 4159 3725 4214 λοιποῦ

487 4256 714 4303 tractam
763 4249 1019 4303 vellicare
1070 4259 1318 4317 conatur,
1374 4258 1429 4305 et
1484 4253 1826 4308 stomachum
1882 4255 2058 4309 facere

2164 4238 2413 4310 σώματος
2441 4242 2749 4310 ἀφελκύσας
2768 4284 2783 4308 ,
2818 4244 3020 4308 κνίζειν
3076 4246 3342 4317 ἐπιχειρεῖ
3384 4251 3495 4312 τοῖς
3525 4251 3726 4321 ἐκπλή-

487 4340 697 4395 insanis
723 4340 979 4394 dentibus
1007 4340 1333 4402 dilacerans.
1369 4342 1451 4398 ιτ]
1490 4344 1669 4415 potius
1690 4345 1930 4401 salivans
1978 4342 2055 4413 (id

2164 4348 2309 4395 κτοις
2329 4332 2506 4386 όδοῦσι
2531 4336 3023 4405 κατασπαράσσων,
3045 4338 3241 4408 μᾶλλον
3257 4340 3314 4393 δὲ
3342 4342 3726 4406 κατασιελίζων

486 4438 572 4483 εει
598 4431 748 4484 velut
770 4429 993 4483 salivam
1024 4445 1327 4487 sermonem
1343 4434 1913 4507 exspuens):primum
1943 4435 2058 4504 qui-

2164 4422 2250 4476 τὸν
2296 4423 2471 4493 λόγον.
2522 4424 2675 4491 Λέξω
2706 4426 2761 4478 δὲ
2801 4426 3147 4497 πρῶτονμὲν
3194 4429 3292 4501 τὴν
3337 4432 3573 4485 διάνοιαν
3617 4433 3727 4485 τῶν

488 4518 612 4573 dem
639 4516 816 4571 dicam
849 4518 1169 4574 sententiam
1200 4534 1386 4575 eorum
1412 4535 1534 4590 qua;
1565 4536 1595 4575 a
1617 4522 1841 4578 doctore
1861 4524 1928 4579 de
1954 4524 2058 4579 hoc

488 4607 753 4679 praeclare
801 4616 929 4663 sunt
978 4609 1226 4663 oratione
1287 4609 1572 4680 distincta,
1638 4609 1835 4668 deinde
1880 4615 2056 4683 ipsum

490 4713 798 4756 sermonem
830 4698 898 4753 ad
927 4699 1152 4754 verbum
1201 4714 1507 4770 apponam,
1558 4709 1619 4755 ut
1662 4703 1915 4759 omnibus
1966 4705 2060 4759 fiat

493 4790 903 4847 manifestarius
957 4790 1013 4845 in
1061 4791 1446 4845 contumeliam
1490 4793 1735 4849 veritatis
1792 4795 1846 4849 in
1877 4794 2060 4851 studia

490 4882 706 4952 piorum
740 4879 1048 4953 perniciose
1078 4880 1339 4951 irrepere.
1364 4880 1473 4936 Nos
1507 4884 1650 4937 enim
1685 4885 1963 4941 adducens
1991 4888 2057 4942 ad

492 4974 717 5045 ingeniti
750 4973 1202 5045 significationem
1242 4987 1337 5042 per
1376 4988 1508 5029 suos
1560 4990 1840 5032 sermones
1869 4977 2060 5033 doctor

492 5071 700 5132 noster,
738 5067 895 5121 talem
922 5066 1078 5121 nobis
1118 5064 1547 5120 insinuationem
1591 5066 1658 5121 ad
1692 5070 2056 5138 cognitionem

491 5152 613 5223 ejus
637 5154 781 5225 quod
813 5155 1093 5224 quaeritur,
1119 5154 1377 5225 subjecit,
1424 5154 1810 5213 demonstrans
1846 5161 2001 5230 longe
2030 5176 2059 5214 a

493 5246 686 5300 notitia
710 5261 830 5316 quae
846 5254 928 5299 est
945 5246 1247 5301 secundum
1271 5248 1585 5313 essentiam,
1610 5264 1731 5304 esse
1750 5250 1973 5317 ingeniti
1993 5253 2063 5305 si-

495 5334 833 5405 gniﬁcatum.
851 5334 983 5389 Cum
1002 5337 1355 5407 evangelista,
1373 5337 1572 5407 inquit,
1587 5338 1797 5394 Domini
1819 5342 2063 5409 genealo-

493 5427 595 5495 gia:
614 5439 735 5496 qua:
751 5434 833 5481 est
854 5427 1156 5482 secundum
1176 5442 1395 5483 carnem
1410 5444 1474 5483 ex
1503 5427 1703 5501 Josepli
1733 5432 2059 5501 principium

497 5518 714 5573 fecisset
752 5519 818 5583 ’⁷,
852 5518 1046 5574 deinde
1087 5534 1301 5590 semper
1326 5520 1681 5590 progrediens
1710 5523 1778 5577 ad
1817 5532 2063 5593 tempore

494 5610 882 5679 antiquiorem,
902 5609 1191 5666 terminum
1210 5612 1541 5684 genealogiaa
1558 5613 1610 5669 in
1623 5614 1832 5674 Adamo
1847 5617 2061 5674 definis-

567 5780 613 5814 "
640 5781 776 5837 Luc.
810 5799 891 5851 ιιι,
921 5785 990 5839 23
1018 5801 1130 5858 sqq.

2161 4514 2313 4585 παρά
2366 4517 2459 4571 τοῦ
2489 4515 2806 4570 διδασκάλου
2853 4519 2981 4589 περὶ
3015 4520 3203 4573 τούτου
3245 4521 3725 4594 διευκρινηθέντων

2158 4608 2311 4678 ἡμῖν’
2355 4604 2453 4663 εἷθ’
2473 4606 2616 4662 οὕτω
2643 4608 2733 4662 τὸν
2764 4608 2919 4678 λόγον
2954 4610 3115 4664 αὐτὸν
3136 4614 3229 4666 ἐπὶ
3253 4613 3451 4680 λέξεως
3483 4616 3723 4686 παραθής

2161 4715 2325 4769 σομαι
2344 4738 2360 4764 ,
2393 4699 2469 4761 ὡς
2497 4698 2564 4752 ἂν
2594 4701 2726 4752 πᾶσι
2758 4700 2965 4769 γένοιτο
2996 4702 3225 4772 φανερὸς
3260 4704 3289 4755 ὁ
3329 4703 3423 4754 ἐπὶ
3453 4703 3597 4775 λύμῃ
3624 4706 3722 4774 τῆς

2158 4786 2415 4857 ἀληθείας
2448 4789 2564 4851 ταῖς
2590 4788 2695 4841 τῶν
2732 4789 3096 4843 εὐσεϐούντων
3137 4791 3393 4856 σπουδαῖς
3425 4792 3721 4864 εἰσφθειρό-

2164 4894 2344 4947 μενος.
2374 4878 2670 4948 Προσάγων
2698 4878 2807 4951 γὰρ
2839 4881 2986 4950 ἡμᾶς
3014 4883 3079 4952 τῇ
3108 4880 3200 4935 τοῦ
3230 4882 3522 4953 ἀγεννήτου
3548 4900 3720 4954 σημα-

2162 4968 2252 5038 σία
2276 4967 2364 5021 διὰ
2393 4969 2499 5021 τῶν
2529 4968 2652 5022 καθ’
2702 4970 2889 5024 ἑαυτὸν
2932 4971 3104 5040 λόγων
3134 4974 3162 5025 ὁ
3190 4972 3504 5037 διδάσκαλος
3548 4976 3719 5045 ἡμῶν,

2159 5060 2412 5129 τοιαύτην
2438 5061 2567 5131 ἡμῖν
2602 5060 2786 5129 ἔφοδον
2814 5061 2949 5132 πρὸς
2982 5062 3080 5133 τὴν
3111 5063 3203 5116 τοῦ
3233 5062 3563 5134 ζητουμένου
3586 5066 3718 5134 γνῶ-

2164 5170 2247 5206 σιν
2276 5153 2535 5217 ὑπέθετο,
2585 5152 2796 5217 δεικνὺς
2841 5153 3030 5224 πόρρω
3063 5154 3161 5224 τῆς
3216 5155 3358 5208 κατά
3389 5156 3488 5228 τὴν
3537 5157 3715 5210 οὐσίαν

2162 5245 2366 5308 ἐννοίας
2395 5244 2453 5297 ὃν
2482 5243 2573 5299 τοῦ
2601 5245 2893 5314 ἀγεννήτου
2931 5246 2992 5297 τὸ
3040 5246 3449 5316 σημαινόμενον.
3485 5247 3589 5301 Τοῦ
3614 5248 3713 5301 Εὐ-

2163 5335 2509 5404 αγγελιστοῦ,
2544 5336 2697 5407 φησὶ,
2731 5335 2833 5404 τῆς
2870 5334 3013 5388 κατά
3053 5337 3229 5405 σάρκα
3260 5337 3353 5389 τοῦ
3383 5338 3586 5407 Κυρίου
3624 5356 3712 5405 γε·

2164 5430 2445 5499 νεαλογίας
2494 5432 2558 5483 ὲκ
2601 5428 2696 5482 τοῦ
2747 5428 2938 5498 Ἰωσὴφ
2984 5427 3081 5499 τὴν
3115 5428 3289 5499 ἀρχὴν
3334 5431 3712 5499 ποιησαμένου,

2162 5518 2283 5577 εἶτα
2316 5522 2595 5593 προϊόντος
2631 5522 2721 5575 ἐπὶ
2749 5521 2837 5574 τὸν
2864 5520 2949 5573 ἀεὶ
2990 5518 3166 5589 χρόνῳ
3212 5519 3597 5591 πρεσϐύτερον,
3626 5523 3711 5572 καὶ

2163 5618 2221 5670 ὲν
2265 5614 2345 5686 τῷ
2399 5614 2568 5686 Ἀδὰμ
2613 5614 2673 5670 τὸ
2708 5613 2877 5687 πέρας
2899 5612 2996 5682 τῆς
3048 5609 3390 5681 γενεαλογίας
3420 5611 3711 5682 ὁρίσαντος.
