4006 6490
469 421 609 483 ΗΠ

1623 418 1900 479 ΟΊΝΤΠΑ
1939 416 2319 479 εωωιιυω,
2362 415 2491 468 LIB.
2535 414 2652 467 XII.

462 519 556 574 καὶ
579 522 666 575 διὰ
692 525 758 578 τὸ
787 526 862 599 μὴ
887 526 1239 597 ὑπερκεῖσθαι
1263 528 1356 583 τοῦ
1388 530 1808 601 πρωτοπλάστου
1833 548 2017 602 ccupa-

2130 540 2228 597 set,
2247 540 2300 587 et
2320 532 2451 602 quia
2468 548 2575 588 non
2598 531 2776 602 primo
2797 530 3031 586 formato
3052 529 3306 601 superior
3319 538 3466 586 esset
3490 544 3689 601 corpo-

461 602 625 653 τικδν
656 605 895 676 Πατέρα,
921 610 1016 663 τοῦ
1057 610 1191 665 Θεοῦ
1230 616 1520 685 φήσαντος.
1560 619 1854 691 Πρόχειρον
1893 618 2028 673 εἶναί

2130 640 2243 679 reus
2258 625 2435 689 Pater,
2453 624 2597 680 hunc
2616 623 2708 677 Dei
2723 638 2842 678 esse
2856 623 3012 677 dixit.
3031 621 3347 693 Promptum
3365 636 3488 680 esse
3507 621 3686 691 inquit

461 706 617 759 φησι,
641 696 951 763 τῇέλάστου
977 700 1183 773 διανοίᾳ
1202 707 1328 776 περὶ
1354 707 1447 759 τοῦ
1473 709 1606 761 Θεοῦ
1629 710 1787 763 τοῦτο
1806 711 1985 763 λαϐεῖν
2005 725 2021 741 ·

2116 716 2385 786 cujusque
2424 714 2634 769 netioni
2665 713 2733 769 de
2776 713 2885 771 Deo
2919 715 3051 769 illud
3081 715 3356 785 accipere:
3381 714 3525 783 quod
3546 713 3689 769 Dens

457 781 540 875 ὄτι
566 785 595 836 6
620 783 752 848 Θεὸς
780 786 838 852 ἐξ
870 783 933 843 οῦ
977 792 1165 864 Ἀδὰμ,
1197 796 1258 848 οὑ
1304 798 1428 850 καθ’
1456 800 1749 871 ὁμοιότητα
1778 803 1886 856 τῶν
1925 804 2022 855 ἀν-

2130 781 2222 871 εει,
2255 781 2321 859 ex
2353 818 2463 875 quo
2493 804 2758 867 Adamus,
2790 818 2900 859 non
2943 803 3011 858 ad
3054 781 3465 861 similitudinem
3498 817 3688 858 eorum

457 872 751 943 θρωπικῶς
774 880 1281 953 γενεαλογηθέντων
1305 889 1399 939 καὶ
1431 889 1592 954 αὑτὸς
1625 891 1683 957 ἐξ
1714 894 1899 965 ἑτέρου
1922 895 2022 964 τὴν

455 965 749 1023 ὑπόστασιν
775 970 889 1042 ἔχει
909 986 923 1002 ⁸
952 974 1172 1030 ἐπειδὰν
1198 977 1308 1049 γὰρ
1334 979 1514 1034 πάντα
1545 982 1900 1049 διεξελθόντες
1930 985 2021 1038 τὸν

453 1055 585 1112 Θεὸν
609 1061 747 1132 μετά
780 1062 957 1117 πάντα
980 1064 1058 1136 τῷ
1081 1067 1157 1137 νῷ
1182 1067 1454 1141 λάϐωμεν,
1487 1073 1585 1144 τὴν
1614 1076 1828 1129 πάντων
1848 1076 2021 1146 ἀρχὴν

453 1149 774 1223 ὲνοήσαμεν.
813 1154 979 1227 Ἀρχὴ
1007 1156 1062 1209 δὲ
1100 1161 1249 1212 πᾶσα
1286 1163 1442 1235 εἷπερ
1479 1163 1665 1235 ἑτέρου
1690 1168 1833 1231 τινὸς
1860 1166 2023 1238 ἐξημ-

454 1240 589 1313 μένη
630 1243 805 1314 τύχοι,
842 1247 984 1318 ἀρχὴ
1024 1249 1123 1301 οὑκ
1169 1248 1338 1305 ἔστιν.
1397 1254 1607 1308 Οὐκοῦν
1646 1259 1695 1310 εί
1736 1258 1877 1329 ἀρχὴ
1923 1256 2019 1310 τοῦ

457 1333 649 1397 παντὸς
691 1334 720 1385 ὁ
756 1335 889 1400 Θεός
911 1354 925 1366 ·
950 1336 1064 1389 οὔθ’
1107 1338 1287 1394 ὁτιοῦν
1330 1340 1483 1397 ἔσται
1516 1345 1617 1415 τῆς
1658 1346 1765 1401 τῶν
1802 1348 2023 1404 πάντων

447 1416 622 1508 ἀρχῆς
648 1420 1057 1494 ὑπερκείμενον.
1088 1424 1237 1498 Αῦτη
1270 1429 1364 1483 τοῦ
1394 1431 1712 1489 διδασκάλου
1750 1438 1881 1506 περὶ
1918 1438 2018 1508 τῆς

447 1507 538 1560 τοῦ
590 1511 884 1581 ἀγεννήτου
940 1516 1269 1590 σημασίαςή
1323 1521 1562 1588 ἔκθεσις,
1597 1528 1705 1580 Καὶ
1746 1530 1825 1581 ὅτι
1864 1507 2017 1582 οὐδὲν

446 1598 562 1693 ἔξω
591 1602 691 1693 τῆς
734 1603 987 1675 ἀληθείας
1028 1607 1178 1678 αὑτῷ
1208 1614 1336 1681 παρ’
1372 1614 1529 1684 ἡμῶν
1574 1635 2013 1693 μεμαρτυρηται,

445 1690 613 1761 αὐτὴν
640 1692 1042 1772 ἐπὶ-ῥημάτων
1092 1697 1191 1769 τὴν
1236 1702 1363 1772 περὶ
1428 1705 1620 1760 τούτου
1669 1690 2016 1782 ρἧινίὲκθή·

445 1800 624 1854 σομαε.

2119 910 2352 967 quorum
2401 896 2719 966 genealogia
2770 896 3010 950 humano
3066 909 3218 949 more
3270 895 3542 965 descripta
3584 904 3688 959 est,

2119 988 2239 1057 ipse
2266 1002 2333 1042 ex
2360 986 2471 1041 alio
2494 986 2860 1041 substantiam
2894 985 3077 1050 habet,
3102 984 3358 1055 quoniam
3404 986 3547 1040 enim
3571 999 3690 1039 omo

2118 1079 2209 1130 nia
2244 1085 2631 1146 percurrentes
2657 1074 2931 1130 narrando
2960 1074 3131 1129 Deum
3160 1081 3285 1144 post
3305 1075 3486 1130 omnia
3510 1083 3692 1130 mente

2120 1167 2389 1238 capimus,
2414 1166 2658 1221 omnium
2682 1165 3009 1236 principium
3050 1163 3437 1219 intelleximus.
3472 1163 3690 1219 Princi-

2119 1257 2267 1327 pium
2299 1264 2478 1311 autem
2517 1270 2679 1311 omne
2700 1252 2748 1308 si
2777 1254 2996 1324 quidem
3027 1269 3094 1309 ex
3146 1254 3255 1309 alio
3290 1254 3522 1325 quodam
3556 1270 3691 1325 pen-

2120 1346 2266 1410 deat,
2299 1343 2632 1415 principium
2680 1358 2788 1397 non
2838 1350 2942 1398 est.
2979 1343 3146 1413 Igitur
3195 1346 3518 1414 principium
3571 1348 3693 1401 uni-

2120 1437 2265 1492 versi
2290 1435 2433 1490 Deus
2462 1451 2476 1496 ;
2521 1449 2695 1505 neque
2725 1434 3019 1505 quidquam
3052 1445 3136 1490 est
3166 1437 3311 1506 quod
3338 1452 3502 1507 supra
3544 1439 3693 1507 prin-

2122 1526 2325 1597 cipium
2361 1525 2604 1579 omnium
2659 1525 2918 1579 constitui
2962 1526 3155 1595 possit.
3188 1525 3310 1580 llzec
3358 1528 3597 1582 doctoris
3622 1526 3692 1581 de

2123 1615 2347 1686 ingeniti
2378 1613 2777 1685 signiﬁcatione
2800 1615 3092 1683 expositio.
3128 1614 3191 1668 Et
3241 1616 3384 1683 quod
3422 1615 3559 1670 nihil
3587 1632 3691 1671 ex-

2122 1714 2207 1761 tra
2237 1706 2520 1760 veritatem
2555 1705 2659 1775 ipsi
2720 1721 2750 1758 a
2810 1706 2971 1761 nobis
3020 1706 3341 1761 attributum
3368 1717 3475 1771 est,
3513 1707 3691 1779 ipsam

2126 1798 2194 1853 de
2230 1798 2332 1851 hoc
2356 1799 2423 1851 ad
2462 1797 2628 1851 verba
2670 1796 2964 1851 dictionem
2998 1812 3291 1867 exponam.

536 1891 593 1944 '0
617 1856 1004 1960 εὑαγγελίσέὴς
1030 1928 1045 1953 ,
1091 1890 1250 1962 φησὶ,
1278 1890 1511 1954 Λουκᾶς,
1544 1889 1642 1961 τὴν
1675 1892 1816 1945 κατά
1845 1891 2024 1962 σάρκα

2201 1885 2381 1939 Lucas
2406 1886 2762 1955 evangelista,
2780 1886 2981 1957 inquit,
3000 1888 3365 1957 genealogiam
3393 1887 3692 1944 secundum

457 1978 803 2047 γενεαλογίαν
861 1979 954 2032 τοῦ
1006 1979 1140 2033 Θεοῦ
1196 1980 1289 2033 καὶ
1336 1980 1585 2050 Σωτῆρος
1630 1981 1787 2050 ήμῶν
1852 1981 2027 2053 Ἰησοῦ

459 2069 689 2139 Χριστοῦ
724 2071 1104 2141 ἐκτιθέμενος,
1145 2074 1238 2126 καλ¹
1279 2072 1387 2126 ἀπὸ
1425 2072 1533 2127 τῶν
1579 2073 1897 2127 τελευταίων
1936 2076 2029 2127 ἐπὶ

453 2161 579 2221 τοὺς
614 2158 861 2230 πρώτους
904 2162 1261 2227 ἀναποδίζων,
1290 2162 1494 2234 ἡρξατο
1529 2164 1627 2234 μὲν
1653 2166 1760 2216 ἀπὸ
1787 2164 1879 2218 τοῦ
1919 2165 2029 2218 Ἰω-

457 2252 565 2320 σήφ
587 2268 601 2281 ο
634 2251 803 2304 εἰπὼν
830 2252 886 2305 δὲ
911 2252 1098 2306 τοῦτον
1127 2254 1221 2307 τοῦ
1261 2256 1431 2320 Ἠλεὶ,
1474 2255 1565 2307 τὸν
1596 2256 1653 2308 δὲ
1689 2255 1781 2308 τοῦ
1806 2256 2026 2309 Ματτάθ

457 2346 551 2397 καὶ
582 2343 724 2397 οὕτω
758 2345 900 2398 κατὰ
932 2346 1195 2399 ἀνάϐασιν
1221 2348 1355 2416 πρὸς
1382 2348 1472 2401 τὸν
1510 2347 1681 2417 ’Δδάμ
1705 2349 1803 2418 τὴν
1831 2349 2029 2419 ἐξήγη-

458 2452 541 2489 σιν
571 2437 868 2505 ὲπαγαγὼν
893 2454 906 2468 ·
945 2432 1063 2491 εἶτα
1099 2438 1267 2492 ἐλθὼν
1298 2440 1391 2493 ἐπὶ
1423 2441 1549 2503 τοὺς
1578 2441 1689 2494 ἄνω
1715 2440 1807 2493 καὶ
1836 2439 2025 2503 εἰπὼν,

452 2527 532 2580 ὅτι
571 2528 628 2582 '0
661 2529 767 2599 Σήθ
817 2530 881 2582 ὲκ
916 2530 1009 2583 τοῦ
1059 2529 1261 2599 Ἀδάμο
1294 2533 1322 2583 ὀ
1348 2530 1405 2583 δὲ
1446 2530 1617 2601 Ἀδάμ
1648 2532 1712 2583 ὲκ
1744 2529 1837 2583 τοῦ
1869 2530 2025 2597 Θεοῦ,

454 2619 689 2675 ἐνταῦθα
728 2621 830 2692 τῆς
878 2620 1191 2685 ἀναϐάσεως
1228 2620 1433 2692 ἔληξεν.
1464 2622 1674 2695 Ὠσπερ
1702 2618 1793 2675 οὖν
1826 2624 2029 2684 ἐκεῖνος

454 2707 628 2779 εἶπεν,
657 2715 737 2769 ὅτι
769 2716 798 2768 ὀ
836 2714 1005 2785 Ἀδάμ
1031 2715 1097 2767 ὲκ
1131 2714 1225 2767 τοῦ
1252 2714 1409 2777 Θεοῦ,
1438 2716 1599 2786 ἡμεῖς
1629 2715 1789 2767 αὑτὸν
1820 2715 2028 2785 ἐρωτή-

455 2801 729 2871 σομενπὈ
751 2802 809 2857 δὲ
824 2802 953 2866 Θεὸς
978 2805 1041 2857 ἐκ
1069 2802 1213 2867 τίνος
1237 2821 1254 2870 ;
1286 2799 1412 2873 Ἆρ’
1450 2804 1568 2873 οὑχὶ
1596 2803 1883 2875 πρόχειρόν
1912 2805 2027 2855 ἐστι

454 2897 520 2965 τῇ
538 2894 765 2947 ἑκάστου
786 2894 991 2967 διανοίᾳ
1014 2896 1094 2949 ὅτι
1120 2895 1179 2960 ἐξ
1200 2895 1413 2959 οὐδενός
1434 2912 1449 2962 ;
1478 2894 1541 2947 τὸ
1566 2894 1623 2947 δὲ
1648 2894 1704 2959 ἐξ
1734 2895 1944 2958 οὐδενὸς
1968 2893 2029 2947 τὸ

453 2982 688 3054 ἀναρχόν
713 2985 833 3036 ἐστι
854 2984 1093 3053 δηλονότι
1122 3001 1137 3017 ο
1168 2984 1229 3037 τὸ
1258 2984 1314 3037 δὲ
1344 2982 1606 3054 ἀναρχον,
1632 2982 1691 3037 τὸ
1716 2982 2025 3053 ἀγέννητον.

465 3077 554 3139 Ὠς
583 3070 675 3129 οῦν
704 3075 798 3128 ἐπὶ
837 3074 945 3127 τῶν
975 3073 1277 3146 ἀνθρώπων
1306 3075 1461 3128 οὑσία
1487 3073 1548 3126 τὸ
1570 3072 1633 3126 ἐκ
1654 3089 1826 3136 τινος,
1857 3072 2028 3136 οὕτως

2128 1992 2348 2032 carnem
2380 1976 2471 2033 Dei
2506 1986 2560 2030 et
2590 1976 2897 2033 Servatoris
2926 1979 3097 2032 nostri
3140 1976 3265 2033 Jesu
3288 1978 3492 2036 Christi
3523 1996 3691 2051 expo-

2128 2085 2285 2134 nens,
2318 2079 2373 2125 et
2408 2085 2435 2123 a
2466 2072 2758 2138 postremis
2796 2071 2863 2125 ad
2896 2070 3136 2140 primum
3165 2073 3428 2140 repedans
3456 2074 3572 2129 sive
3603 2088 3695 2129 re-

2129 2160 2489 2229 trogrediens,
2527 2176 2557 2215 a
2587 2159 2829 2231 Josepho
2865 2160 3089 2231 quidem
3124 2178 3283 2217 orsus
3303 2172 3425 2219 est:
3464 2180 3589 2220 cum
3612 2164 3697 2220 tli-

2130 2251 2300 2305 xisset
2322 2260 2502 2306 autem
2536 2253 2689 2307 hunc
2718 2251 2869 2317 Heli,
2906 2262 2958 2307 et
2993 2254 3137 2309 hunc
3160 2254 3405 2322 Mattath,
3438 2268 3492 2312 et
3509 2258 3699 2329 sicpor

2129 2357 2413 2397 ascensum
2433 2343 2501 2397 ad
2517 2342 2782 2398 Adamum
2804 2348 3171 2401 narrationem
3186 2347 3487 2413 adducens,
3502 2350 3699 2407 deinde

2128 2448 2251 2487 cum
2285 2436 2524 2487 venisset
2554 2434 2619 2488 ad
2661 2449 2940 2500 summos,
2982 2444 3036 2490 et
3086 2437 3313 2495 dixisset
3361 2439 3585 2495 Setbum
3629 2457 3693 2497 ex

2127 2525 2357 2590 Adamo,
2395 2525 2571 2594 ipsum
2614 2532 2794 2580 autem
2822 2528 3087 2581 Adamum
3127 2545 3192 2584 ex
3228 2531 3359 2595 Deo,
3383 2532 3470 2586 hic
3496 2548 3693 2589 ascen-

2128 2616 2288 2670 dendi
2317 2616 2475 2670 tinem
2506 2614 2651 2671 fecit.
2690 2617 3163 2683 Quemadmodum
3210 2621 3374 2692 igitur
3417 2624 3507 2679 ille
3535 2625 3693 2690 dixit,

2127 2707 2393 2761 Adamum
2424 2723 2489 2761 ex
2522 2706 2650 2771 Deo,
2688 2724 2788 2762 nos
2817 2708 2993 2779 ipsum
3043 2711 3525 2782 interrogabimus,
3570 2716 3693 2786 Ipse

2128 2812 2256 2852 vero
2292 2796 2431 2851 Deus
2467 2812 2530 2851 ex
2559 2798 2702 2866 quo?
2730 2799 2928 2852 Annon
2978 2810 3288 2871 promptum
3314 2809 3402 2858 est
3428 2805 3695 2875 cujusque

2128 2887 2439 2957 cogitationi
2483 2887 2625 2957 quod
2682 2903 2743 2942 ex
2780 2889 2969 2943 nullo?
3001 2890 3156 2955 Quod
3201 2901 3382 2948 autem
3436 2910 3502 2949 ex
3534 2897 3708 2950 nullo’

2128 2985 2229 3038 est,
2263 2977 2316 3030 id
2346 2976 2595 3031 videlicet
2629 2976 2879 3045 principii
2906 2993 3122 3047 expers.
3156 2979 3312 3045 Quod
3334 2993 3514 3037 autem
3547 2986 3698 3054 prin-

2130 3069 2253 3139 cipii
2286 3083 2503 3140 expers,
2541 3068 2837 3138 ingenitum
2864 3077 2947 3124 est
2976 3088 2989 3124 :
3024 3081 3082 3123 ut
3107 3071 3273 3141 igitur
3302 3074 3355 3127 in
3380 3074 3697 3134 hominibus

452 3168 571 3223 οὐδὲ
601 3168 694 3223 ἐπὶ
737 3166 831 3221 τοῦ
860 3165 994 3220 Θεοῦ
1039 3167 1147 3221 τῶν
1172 3169 1329 3232 ὅλων,
1369 3167 1558 3222 οὑσίαν
1587 3170 1732 3222 ἐστιν
1765 3168 1938 3221 είπεῖν
1969 3168 2028 3221 τὸ

2131 3162 2369 3217 essentia
2404 3160 2548 3231 quod
2577 3169 2751 3215 estex
2782 3161 2987 3231 aliquo,
3020 3163 3100 3217 sic
3131 3178 3307 3233 neque
3348 3165 3403 3219 in
3434 3166 3542 3223 Deo
3572 3170 3698 3224 uni-

451 3258 766 3329 ἀγέννητον.
792 3257 943 3311 Τίσιν
959 3256 1250 3328 ὀφθαλμοῖς
1280 3258 1361 3312 ἔτι
1382 3259 1515 3330 πρὸς
1543 3259 1633 3313 τόν
1658 3259 1849 3330 ὁδηγὸν
1876 3258 2029 3328 ὑμῶν

455 3351 788 3406 ἀποϐλέπετε
809 3370 823 3420 ;
846 3350 982 3422 πρὸς
1005 3353 1149 3421 ὑμᾶς
1174 3350 1339 3421 λέγω,
1371 3352 1469 3423 τὴν
1496 3352 1604 3406 τῶν
1640 3352 2029 3423 ἀπολλυμένων

453 3444 673 3514 ἀγέλην.
710 3442 831 3505 Πῶς
871 3441 951 3496 ἔτι
978 3442 1078 3514 τὴν
1116 3443 1284 3514 ἀκοὴν
1319 3444 1636 3497 ὑποκλίνετε
1670 3444 1745 3514 τῷ
1774 3443 2030 3515 τοιαύτην

456 3535 657 3606 στήλην
688 3534 785 3605 τῆς
815 3534 948 3597 ἰδίας
989 3534 1260 3599 ἀναιδείας
1291 3534 1378 3588 διὰ
1399 3536 1507 3588 τῶν
1534 3534 1708 3603 λόγων
1734 3535 2028 3607 στήσαντι;

455 3628 568 3683 Ούκ
596 3626 913 3697 αἰσχύνεσθε
941 3624 1035 3678 νῦν
1061 3625 1191 3695 γοῦν
1220 3627 1269 3678 εἰ
1296 3628 1387 3680 καὶ
1419 3626 1494 3696 μὴ
1521 3628 1780 3697 πράτερον
1804 3627 2032 3698 τοιούτῳ

455 3716 780 3789 χειραγωγῷ
804 3715 940 3787 πρὸς
963 3715 1063 3785 τὴν
1095 3714 1349 3784 ἀλήθειαν
1384 3712 1684 3785 χρώμενοι;
1713 3714 1786 3766 Οὐ
1818 3715 2031 3785 σημείῳ

455 3805 726 3883 χρήσεσθε
758 3803 933 3875 τούτῳ
966 3804 1064 3874 τῆς
1090 3804 1220 3873 περὶ
1261 3801 1368 3855 τῶν
1411 3802 1691 3871 δογμάτων
1718 3802 1882 3855 αὑτοῦ
1926 3820 2030 3873 μακ-

455 3899 595 3961 νίας,
629 3897 709 3968 τῷ
736 3895 877 3949 οῦτω
903 3894 1039 3966 πρὸς
1063 3893 1161 3965 τὴν
1183 3892 1439 3964 ἀλήθειαν
1470 3892 1633 3946 αὑτὸν
1659 3893 1765 3947 τῶν
1789 3911 2031 3965 γεγραμ-

460 3991 637 4062 μένων
692 3987 1059 4058 ἀναισχύντως
1105 3985 1623 4051 ἀντικαθίστασθαι;
1666 3984 1854 4049 Οὕτως
1896 3988 2031 4055 ἡμῖν

458 4079 554 4133 καὶ
581 4077 679 4141 τάς
705 4077 854 4140 θείας
885 4074 1175 4147 ἑρμηνεύει
1211 4075 1428 4143 φωνάςς
1468 4074 1624 4128 Οῦτω
1648 4075 1746 4145 τῆς
1777 4074 1885 4127 τῶν
1915 4073 2034 4143 δογ-

462 4170 647 4240 μάτων
677 4166 933 4240 ἀληθείας
965 4168 1319 4238 προΐσταται;
1375 4166 1462 4230 Ὠς
1508 4166 1833 4236 ἀπελέγχειν
1866 4165 2032 4218 Βασί-

457 4262 599 4317 λειον
632 4263 696 4314 ὲκ
734 4259 828 4314 τοῦ
868 4260 1043 4329 πάντη
1076 4260 1150 4329 μὴ
1181 4260 1331 4321 ὄντος
1359 4258 1782 4327 γενεαλογοῦντα
1810 4258 1901 4311 τὸν
1940 4256 2033 4310 ἐπὶ

460 4354 679 4407 πάντων
712 4351 844 4404 Θεόν
869 4369 882 4382 ·
903 4349 1043 4403 εἴπω
1080 4352 1177 4420 τὴν
1211 4352 1339 4422 παρ’
1368 4350 1545 4404 αὑτῶν
1577 4351 1751 4416 ῥῆσιν,
1783 4348 2032 4418 ὲκθῶμαι

458 4444 559 4513 τῆος
586 4441 966 4513 ἀναισχυντίας
988 4441 1055 4493 τά
1080 4443 1321 4513 ῥήματα,
1346 4443 1581 4514 παρίημι
1606 4441 1702 4505 τὰς
1735 4440 1941 4511 ὕϐρεις.
1970 4440 2032 4492 οὑ

2132 3268 2415 3309 versorum
2447 3253 2742 3307 essentiam
2779 3252 2906 3306 licet
2943 3252 3150 3317 dicere,
3183 3255 3329 3325 quod
3372 3257 3697 3328 ingenitum.

2133 3345 2342 3410 Quibus
2374 3345 2551 3398 oculis
2574 3344 2753 3398 adhuc
2789 3344 2856 3399 ad
2889 3343 3082 3400 ducem
3126 3356 3365 3403 vestrum
3424 3353 3701 3422 aspicitis?

2134 3437 2199 3491 ad
2234 3451 2330 3490 vos
2364 3436 2509 3499 dico,
2534 3436 2875 3505 pereuntium
2913 3451 3155 3506 gregem.
3203 3437 3488 3503 Quomodo
3537 3458 3697 3500 aures

2135 3530 2411 3585 inclinatis
2436 3530 2486 3583 ei
2513 3529 2607 3598 qui
2652 3530 2810 3583 talem
2842 3530 3154 3583 columnam
3186 3542 3300 3586 sua:
3353 3533 3703 3605 impudentiae

2132 3637 2230 3691 per
2278 3621 2379 3678 hos
2446 3635 2730 3675 sermones
2780 3620 3008 3675 statuit?
3037 3619 3154 3676 Non
3189 3624 3351 3679 etiam
3382 3640 3481 3683 vos
3540 3630 3705 3698 pudet

2132 3727 2279 3765 nunc
2338 3728 2509 3777 sane,
2571 3712 2619 3766 si
2680 3711 2846 3766 etiam
2912 3726 3025 3766 non
3091 3713 3289 3783 prius,
3354 3717 3448 3773 tali
3506 3734 3703 3774 manu-

2133 3804 2363 3858 ductore
2415 3802 2483 3857 ad
2540 3804 2823 3857 veritatem
2882 3805 3274 3862 utenteshion
3321 3808 3424 3863 hoc
3476 3814 3702 3868 utemini

2134 3895 2295 3964 signo
2326 3893 2555 3948 insaniae
2576 3893 2642 3947 de.
2676 3893 2914 3949 decretis
2939 3895 3136 3964 ipsius,
3159 3897 3302 3965 quod
3335 3900 3415 3953 sic
3438 3900 3702 3959 adversus

2142 3988 2425 4042 veritatem
2456 3987 2787 4057 scriptorum
2819 3986 3164 4057 impudenter
3190 4004 3249 4043 se
3294 3990 3411 4059 ipse
3436 3999 3706 4065 opponat?

2134 4077 2217 4132 sic
2251 4075 2411 4130 nobis
2446 4075 2660 4131 divinas
2688 4089 2852 4131 voces
2890 4076 3316 4144 interpretatur?
3339 4080 3419 4136 sic
3454 4085 3703 4142 veritatis

2135 4170 2479 4224 decretorum
2564 4166 2821 4221 defensor
2889 4174 2946 4222 et
3004 4176 3245 4223 assertor
3314 4175 3567 4240 prostat?
3645 4185 3705 4232 ut

2134 4260 2395 4315 Basilium
2430 4257 2813 4327 reprehendat,
2845 4258 2939 4329 qui
2965 4274 3030 4313 ex
3057 4273 3124 4313 eo
3153 4260 3298 4328 quod
3328 4264 3557 4321 omnino
3593 4282 3701 4323 non

2134 4362 2217 4407 est
2240 4349 2606 4421 genealogiam
2644 4348 2755 4411 Dei,
2779 4349 2873 4419 qui
2900 4357 2984 4404 est
3018 4350 3073 4405 in
3107 4352 3382 4419 omnibus,
3405 4368 3704 4415 recenseat.

2137 4438 2377 4494 Dixerim
2413 4439 2657 4509 ipsorum
2693 4438 3009 4505 dictionem,
3044 4441 3391 4509 exposuerim
3423 4442 3707 4513 impuden-

464 4535 749 4606 μέμφομαι
780 4535 898 4596 ταῖς
926 4532 1215 4604 λοιδορίαις
1234 4550 1247 4562 ·
1268 4534 1328 4587 οὑ
1357 4534 1465 4605 γὰρ
1494 4534 1755 4604 αἰτιῶμαι
1784 4534 1877 4586 τὸν
1900 4532 2028 4585 ὀδω-

2137 4534 2225 4587 tiue
2258 4532 2442 4596 verba,
2478 4540 2741 4601 praetereo
2764 4531 3149 4597 contumelias,
3185 4547 3296 4588 non
3339 4548 3539 4590 accuso
3573 4551 3705 4591 con-

458 4626 588 4680 δότα
619 4624 697 4695 τῷ
731 4624 958 4695 στόματι
986 4664 1001 4689 ,
1032 4625 1114 4677 ὃτι
1156 4623 1369 4688 ὄδωδεν,
1410 4625 1529 4679 οὑδὲ
1558 4625 1648 4679 τὸν
1688 4623 1767 4695 τῷ
1817 4622 2031 4695 σώματι

460 4718 853 4790 λελωϐημένον,
878 4718 957 4770 ὃτι
986 4715 1304 4788 λελώϐηται.
1333 4717 1413 4770 Τὰ
1442 4716 1549 4787 γάρ
1570 4717 1794 4771 τοιαῦτα
1822 4716 2034 4787 φύσεώς

463 4815 613 4867 ἐστιν
649 4811 975 4881 ἀτυχήματα
997 4848 1013 4875 ,
1042 4808 1139 4881 τὴν
1169 4809 1319 4880 παρὰ
1339 4810 1445 4863 τῶν
1470 4810 1595 4864 νοῦν
1620 4811 1849 4881 ἐχόντων
1892 4812 2033 4881 μέμ-

460 4904 554 4971 ψιν
600 4901 957 4972 ἐκφεύγοντα.
1006 4899 1213 4954 Οὐκοῦν
1267 4901 1300 4970 ἡ
1352 4900 1446 4961 τοῦ
1487 4900 1729 4972 ὑϐρίζειν
1790 4902 2032 4971 σπουδὴ,

462 4991 740 5064 λογισμῶν
768 4994 913 5046 ἐστιν
941 4990 1236 5063 ἀρρωστία,
1267 4992 1360 5044 καὶ
1382 4990 1681 5063 δυσκληρία
1708 4988 1914 5062 ψυχῆς,
1946 4992 2036 5045 τὸν

464 5083 778 5154 ὑγιαίνοντα
824 5081 1079 5151 λογισμὸν
1122 5079 1524 5152 λελωϐημένης.
1574 5081 1761 5146 Οὐδεὶς
1799 5079 1892 5135 οὖν
1947 5099 2036 5152 μοι

462 5175 618 5243 λόγος
647 5166 720 5227 ὧν
746 5171 1129 5244 λελοιδόρηται,
1162 5170 1299 5226 ἀλλά
1324 5171 1420 5242 τὴν
1446 5172 1679 5244 σφοδρὰν
1704 5174 1917 5243 ἐκείνην
1943 5175 2038 5227 καὶ

463 5263 672 5335 ἄμαχον
692 5262 783 5315 τοῦ
803 5260 1158 5331 συλλογισμοῦ
1181 5260 1404 5331 πλοκὴν,
1433 5261 1497 5314 δι’
1519 5257 1588 5335 ἧς
1613 5263 1709 5335 τὴν
1730 5264 1851 5317 καθ’
1880 5265 2038 5334 ἡμῶν

463 5354 799 5427 κατηγορίαν
854 5352 988 5424 me;
1049 5353 1139 5405 τὸν
1190 5353 1389 5407 σκοπὸν
1439 5353 1633 5407 ἑαυτοῦ
1683 5355 2036 5426 συνεπέρανε,

463 5446 756 5519 διαρρήδην
794 5445 988 5515 γράψω
1028 5445 1146 5497 κατ’
1183 5446 1322 5498 αὐτὰ
1360 5444 1427 5498 τά
1473 5448 1715 5517 ῥήματα.
1751 5446 1865 5500 Ἵνα
1901 5446 2036 5518 γὰρ,

466 5541 633 5611 φησὶ,
672 5537 747 5609 μὴ
772 5537 985 5607 κωλυθῇ
1016 5536 1107 5590 τὸν
1140 5536 1268 5590 Υἱὸν
1312 5537 1377 5590 ὲκ
1411 5536 1700 5608 μετουσίας
1735 5537 1906 5589 εἰπεῖν
1942 5535 2037 5590 τοῦ

466 5634 641 5698 ὄντος,
670 5630 891 5702 λέληθεν
922 5628 1148 5696 ἑαυτὸν,
1183 5628 1274 5683 τὸν
1305 5630 1396 5682 ἐπὶ
1433 5629 1649 5682 πάντων
1684 5629 1815 5681 Θεὸν
1851 5629 1918 5681 ὲκ
1942 5628 2037 5681 τοῦ

469 5723 646 5793 πάντη
680 5723 754 5795 μὴ
786 5723 938 5785 ὄντος
985 5720 1173 5775 εἰπών.
1223 5721 1286 5773 El
1318 5719 1427 5792 γὰρ
1457 5720 1518 5772 τὸ
1554 5721 1719 5791 μηδὲν
1742 5719 1821 5790 τῷ
1864 5720 2040 5791 πάντη

474 5814 550 5891 μὴ
580 5813 694 5869 ὄντι
712 5812 880 5870 ταὺτὸ
900 5810 1038 5867 κατά
1062 5810 1159 5883 την
1188 5809 1416 5882 ἔννοιαν,
1446 5811 1554 5867 τῶν
1578 5811 1633 5865 δὲ
1654 5809 2037 5882 ίσοδυναμούν-

2134 4626 2273 4680 vicia
2303 4632 2357 4678 et
2388 4624 2586 4694 probra
2605 4662 2620 4686 ,
2656 4638 2766 4677 non
2796 4623 2959 4693 culpo
2988 4638 3111 4679 eum
3160 4626 3254 4695 qui
3283 4625 3391 4681 olet
3414 4641 3531 4692 ore,
3559 4628 3705 4697 quod

2135 4716 2328 4780 olevit,
2378 4729 2555 4784 neque
2588 4728 2819 4783 corpore
2852 4715 3098 4769 vitiatum
3132 4723 3185 4768 et
3228 4715 3530 4769 mutilatum
3562 4719 3708 4787 quod

2142 4807 2372 4862 mutilus
2402 4814 2507 4862 est.
2539 4804 2692 4859 Talia
2740 4806 2885 4860 enim
2937 4814 3065 4861 sunt
3121 4814 3331 4860 natura:
3386 4805 3706 4875 infortunia,

2135 4916 2256 4971 qua:
2279 4898 2606 4969 vituperium
2640 4914 2670 4951 a
2704 4898 3067 4969 prudentibus
3100 4896 3390 4966 eﬂugiunt.
3421 4897 3564 4968 Ergo
3583 4914 3710 4955 con-

2136 4991 2359 5046 tumelia
2392 4988 2658 5046 alliciendi
2685 4988 2928 5044 studium
2975 4989 3205 5043 rationis
3251 4997 3333 5043 est
3365 4989 3596 5054 insania,
3627 5000 3712 5046 at-

2138 5098 2245 5154 que
2272 5082 2436 5136 animi
2473 5096 2605 5137 sana
2654 5081 2865 5135 ratione
2908 5080 3083 5135 vitiati
3120 5078 3503 5137 infortunium.
3551 5081 3711 5139 Nulla

2139 5175 2305 5245 igitur
2324 5174 2456 5227 mihi
2483 5174 2556 5227 sit
2576 5172 2715 5226 ratio
2740 5171 2861 5241 ejus
2884 5172 3279 5239 conviciorum,
3310 5173 3403 5228 sed
3423 5173 3711 5231 vehemen-

2139 5273 2247 5322 tem
2280 5265 2429 5318 illum
2459 5272 2511 5319 et
2530 5263 3001 5334 inexpugnabilem
3030 5264 3463 5322 ratiocinationis
3484 5281 3709 5331 nexum,

2145 5374 2241 5427 per
2276 5373 2434 5428 quem
2461 5365 2652 5413 contra
2681 5372 2782 5412 nos
2808 5356 3213 5412 accusationem
3245 5358 3311 5412 ad
3342 5374 3567 5430 scopum
3596 5376 3713 5430 per-

2142 5450 2318 5514 duxit,
2354 5450 2545 5503 iisdem
2604 5448 2785 5504 verbis
2816 5457 3003 5519 aperte
3031 5450 3287 5505 scribam.
3325 5449 3395 5506 Ut
3436 5454 3603 5517 enim,
3636 5452 3713 5508 in-

2138 5543 2276 5612 quit,
2322 5556 2429 5594 non
2460 5540 2795 5610 prohibitum
2832 5542 2905 5595 sit
2945 5539 3143 5595 Filium
3181 5541 3365 5597 dicere
3392 5558 3456 5597 ex
3493 5545 3713 5614 partici-

2139 5634 2359 5704 patione
2392 5632 2511 5700 ejus
2536 5632 2627 5699 qui
2657 5639 2762 5696 est,
2795 5632 2951 5687 latuit
2980 5632 3156 5702 ipsum
3182 5633 3367 5689 dicere
3400 5634 3589 5701 Deum,
3618 5637 3710 5704 qui

2138 5732 2225 5779 est
2279 5710 2363 5777 in'
2391 5722 2648 5777 omnibus
2678 5738 2745 5777 ex
2773 5736 2841 5777 eo
2888 5722 3034 5793 quod
3090 5723 3309 5793 penitus
3347 5738 3455 5778 non
3506 5731 3607 5779 est.
3652 5724 3711 5779 Si

2140 5814 2286 5871 enim
2312 5813 2447 5869 nihil
2476 5814 2616 5869 idem
2651 5820 2735 5870 est
2768 5827 2893 5869 cum
2924 5829 2992 5870 eo
3008 5815 3153 5886 quod
3180 5830 3410 5886 prorsus
3440 5829 3548 5871 non
3601 5828 3707 5885 est,
