4006 6552
1622 457 1679 514 S.
1724 454 2050 514 GREGORII
2106 453 2401 511 NYSSENI

3532 451 3673 507 “20

388 579 695 637 secundum
737 576 1145 650 signiﬁcatum;
1191 592 1381 635 eorum
1412 584 1593 635 autem
1643 593 1765 649 qua:
1794 594 1971 648 aequa-

2075 592 2183 629 των
2215 576 2491 640 ἀκώλυτος
2520 575 2553 647 ἠ
2582 574 2905 648 μετάληψις.
2932 576 2963 630 6
2990 573 3164 645 λέγων
3186 574 3243 643 ἐξ
3266 573 3500 636 οὐδενὸς
3532 569 3673 624 εἶναι

393 670 516 726 liter
554 669 759 739 pollent
779 669 950 724 libera
988 674 1073 723 est
1101 668 1521 739 transsumptio,
1567 683 1747 738 neque
1781 669 1969 739 prolui-

390 762 593 827 betur;
628 759 722 829 qui
752 757 888 813 dicit
944 758 1113 815 Deum
1147 774 1215 814 ex
1266 758 1440 823 nullo,
1473 774 1538 814 ετ
1578 774 1645 814 eo
1670 759 1814 830 quod
1844 760 1971 813 l'un-

390 850 540 904 ditus
572 864 679 903 non
703 855 787 903 est
835 846 969 903 dicit
1026 841 1193 904 Deum
1226 862 1371 904 esse.
1423 847 1503 903 Ad
1534 848 1755 920 aliquod
1783 863 1972 905 eorum

382 953 505 1008 quae
526 946 657 994 sunt
686 938 833 993 dicta
866 938 1020 1008 prius
1052 939 1240 994 oculos
1274 944 1685 994 convertamus.

452 1027 607 1095 Quod
668 1044 737 1085 ex
786 1029 1201 1099 participatione
1250 1028 1345 1085 Dei
1396 1026 1595 1085 Filium
1657 1037 1834 1100 putat,
1887 1027 1976 1085 his

380 1119 548 1174 etiam
581 1120 676 1190 qui
700 1134 809 1174 non
834 1120 937 1175 hoc
974 1120 1251 1190 accipiunt
1291 1121 1404 1177 oris
1439 1122 1524 1177 sui
1552 1121 1975 1193 graveolentiam

384 1212 669 1283 inspergit,
692 1211 778 1267 vel
794 1220 1007 1282 turpem
1027 1218 1081 1266 et
1094 1211 1446 1279 somniosam,
1473 1212 1589 1269 sive
1606 1213 1975 1268 turbulentam

385 1303 734 1372 sophismatis
762 1301 1235 1372 compositionem,
1268 1302 1385 1358 sive
1417 1312 1750 1359 structuram
1775 1303 1991 1375 disqui-

384 1407 591 1447 rcmus.
620 1390 725 1448 Sed
757 1391 977 1463 quidem
1008 1406 1073 1448 ex
1102 1392 1520 1464 participatione
1547 1394 1745 1450 divinae
1770 1404 1979 1449 natura;

385 1483 657 1537 asciscere
696 1482 857 1548 ﬁlios,
900 1481 1142 1536 solorum
1198 1491 1480 1552 poetarum
1515 1492 1570 1540 et
1612 1484 1978 1541 tabulatorum

382 1586 507 1626 esse
555 1587 714 1628 nemo
757 1571 849 1643 qui
900 1573 983 1627 vel
1025 1573 1305 1644 paululum
1361 1576 1663 1645 prudentia;
1697 1587 1750 1633 et
1780 1580 1978 1637 mentis

385 1660 601 1724 habeat,
645 1661 881 1732 ignorat.
929 1659 1021 1716 Sic
1072 1662 1216 1717 enim
1252 1664 1344 1733 qui
1383 1664 1719 1721 carminibus
1766 1664 1979 1722 fabulas

383 1762 735 1817 connectunt,
765 1751 1033 1823 Dionysos
1076 1753 1341 1823 quosdam
1377 1764 1431 1811 et
1482 1754 1765 1823 Hercules,
1793 1767 1846 1812 et
1878 1757 1978 1811 Mi-

2071 665 2168 719 τὺν
2212 666 2366 730 Θεὸν,
2401 667 2466 719 ὲκ
2507 666 2601 719 τοῦ
2638 665 2819 737 πάντη
2862 665 2939 737 μὴ
2982 666 3135 729 δντος
3174 662 3314 719 εἶναι
3360 664 3532 732 λέγει
3580 667 3671 716 τόν

2071 754 2232 808 Θεόν·
2257 758 2393 828 πρός
2429 774 2482 810 τι
2513 758 2628 812 τῶν
2656 755 2963 828 εἰρημένων
2991 756 3254 829 πρότερον
3286 756 3529 830 ἴδωμεν.

2144 1011 2269 1069 Ὅτι
2302 1013 2365 1067 ὲκ
2399 1012 2689 1083 μετουσίας
2717 1010 2812 1066 τοῦ
2855 1011 2992 1066 Θεοῦ
3034 1011 3125 1067 τδν
3160 1011 3289 1066 Υίδν
3328 1010 3545 1076 οἴεται,
3579 1011 3676 1066 καὶ

2072 1109 2183 1172 τοῖς
2223 1109 2305 1179 μὴ
2340 1108 2498 1162 τοῦτο
2522 1109 2830 1180 δεχομένοις
2860 1104 3206 1169 ὲπισκεδάζει
3244 1103 3339 1158 τοῦ
3384 1104 3677 1174 στόματος

2076 1200 2267 1255 ἑαυτοῦ
2287 1200 2386 1270 τὴν
2412 1200 2696 1266 δυσωδίαν,
2725 1201 2758 1270 ἢ
2790 1199 2889 1271 τὴν
2908 1198 3123 1269 ψυχρὰν
3152 1198 3248 1252 καὶ
3271 1194 3555 1270 ὀνειρὼδη
3578 1194 3675 1249 τοῦ

2079 1297 2408 1367 σοφίσματος
2430 1296 2705 1367 συνθήκην
2738 1295 3134 1365 διεξετάσομεν.
3180 1293 3319 1349 Ἀλλ’
3349 1294 3443 1349 ὅτι
3482 1292 3592 1362 μὲν
3613 1293 3675 1346 τδ

2076 1388 2139 1440 ὲκ
2168 1386 2455 1457 μετουσίας
2474 1389 2539 1457 τῇ
2563 1385 2681 1456 θεία
2697 1385 2853 1454 φύσει
2876 1385 3207 1456 προσάπτειν
3226 1383 3397 1447 υἱοὺς,
3420 1381 3676 1453 ποιητῶν

2078 1477 2252 1546 μόνων
2268 1477 2361 1530 καὶ
2392 1476 2780 1547 μυθοπλαστῶν
2801 1478 2971 1540 ἐστιν,
2992 1474 3094 1528 ούκ
3117 1473 3183 1528 ἂν
3210 1471 3437 1543 ἀγνοοίη
3455 1490 3547 1535 τις
3564 1472 3675 1526 τῶν

2073 1566 2320 1619 ὁπωσοῦν
2369 1567 2702 1637 μετεχόντων
2742 1566 3077 1638 φρονήσεως.
3121 1564 3233 1619 Καὶ
3277 1564 3427 1617 οὔτω
3463 1564 3584 1633 γὰρ
3624 1565 3672 1615 οἱ

2074 1658 2187 1721 τοῖς
2213 1657 2433 1728 μέτροις
2462 1658 2588 1722 τοὺς
2614 1657 2819 1729 μύθους
2839 1658 3157 1729 ἐνείροντες,
3193 1655 3493 1719 Διονύσους
3516 1654 3671 1718 τινὰς

2076 1750 2170 1803 καὶ
2208 1749 2511 1822 Ἡρακλέας
2533 1788 2550 1814 ,
2600 1750 2693 1803 καὶ
2732 1749 2990 1812 Μίνωας,
3025 1748 3120 1802 καὶ
3147 1747 3339 1810 ἀλλους
3378 1746 3673 1809 τοιούτους

385 1858 517 1899 noes
550 1860 617 1899 ex
642 1845 1031 1900 daemoniorum
1064 1846 1353 1916 complexu
1394 1848 1450 1902 in
1484 1849 1719 1903 humana
1749 1864 1971 1919 corpora

2078 1840 2143 1894 ὲκ
2174 1840 2458 1911 δαιμονίας
2486 1843 2565 1904 είς
2589 1840 2905 1911 ἀνθρώπινα
2936 1838 3163 1908 σώματα
3194 1837 3527 1908 συμπλοκῆς
3555 1837 3671 1889 δια-

382 1935 724 2007 conﬁngunt,
748 1947 910 2007 atque
942 1938 1153 1994 caeteris
1177 1939 1489 1996 hominibus
1510 1941 1645 1996 tales
1670 1917 1971 2013 superiores

2080 1931 2404 1994 πλάσσουσι,
2442 1930 2537 1984 καὶ
2576 1930 2929 2003 ὑπεραίρουσι
2961 1929 3071 1982 τῶν
3109 1929 3312 1983 λοιπῶν
3346 1927 3671 1999 ἀνθρώπων

378 2037 436 2082 ει
464 2029 806 2099 angustiores
834 2043 935 2085 suo
974 2031 1216 2085 carmine
1245 2031 1550 2098 celebrant,
1591 2039 1650 2087 ut
1683 2034 1975 2105 participa-

383 2115 534 2170 tione
565 2117 960 2187 praastantioris
978 2127 1185 2173 natura:
1201 2119 1324 2189 plus
1350 2120 1634 2178 habentes.
1664 2121 1802 2194 Ergo
1831 2124 1976 2179 hunc

379 2205 599 2275 quidem
632 2221 935 2262 sermonem
963 2217 1021 2261 ut
1050 2223 1082 2263 e
1107 2207 1269 2262 domo
1302 2209 1553 2264 amentia:
1578 2219 1633 2265 et
1677 2209 1975 2281 impietatis

381 2297 860 2367 reprehensionem
900 2297 1188 2353 habentem
1224 2298 1443 2355 silentio
1477 2300 1755 2355 involvere
1796 2301 1972 2359 decet.

389 2384 498 2441 Sed
562 2387 745 2456 potius
827 2388 1302 2459 inexpugnabilem
1367 2388 1519 2443 illum
1598 2390 1974 2462 syllogismum

381 2477 642 2546 adjicere,
690 2487 748 2532 ut
795 2478 969 2534 nostri
1024 2478 1303 2548 simplices
1353 2487 1408 2534 et
1446 2479 1681 2551 imperiti
1732 2482 1971 2548 discant,

382 2568 546 2637 quale
570 2573 624 2621 et
659 2576 924 2637 quantum
952 2567 1045 2638 qui
1076 2564 1402 2626 artiﬁciosas
1426 2570 1829 2630 insinuationes
1861 2591 1972 2631 non

381 2657 710 2717 didicerunt.
738 2657 998 2713 damnum
1035 2667 1091 2715 et
1122 2659 1504 2716 detrimentum
1549 2664 1695 2733 passi
1724 2676 1873 2721 sunt.
1914 2666 1974 2722 Si

380 2749 524 2805 enim
563 2749 720 2818 nihil,
755 2750 956 2821 inquit,
978 2766 1106 2807 cum
1145 2766 1212 2809 eo
1248 2752 1395 2824 quod
1427 2769 1653 2824 prorsus
1703 2771 1810 2811 non
1866 2769 1972 2827 εει,

382 2843 523 2899 idem
549 2850 635 2899 est
663 2843 960 2899 secundum
993 2854 1253 2901 sensum:
1289 2846 1757 2918 aaquipollentium
1792 2856 1973 2905 autem

366 2948 492 2989 non
544 2934 865 3004 prohibetur
914 2937 1349 3007 transsumptio;
1404 2938 1498 3009 qui
1551 2939 1686 2994 dicit
1710 2956 1777 2995 ex
1825 2942 1975 2997 nullo

379 3040 504 3081 esse
542 3024 730 3091 Deum,
757 3038 823 3082 ex
851 3040 917 3082 eo
949 3028 1095 3095 quod
1135 3043 1244 3084 non
1288 3029 1511 3085 omnino
1561 3038 1645 3085 est
1678 3031 1813 3087 dicit
1854 3048 1975 3089 esse

382 3115 573 3172 Deum.
606 3115 741 3184 Quis
775 3116 925 3172 dedit
958 3117 1008 3173 ei
1059 3121 1153 3189 qui
1186 3119 1241 3174 in
1275 3135 1377 3176 nos
1426 3121 1833 3178 Aristotelicam
1877 3140 1973 3177 cu-

2076 2022 2202 2085 τοὺς
2226 2018 2500 2083 τοιούτους
2526 2019 2605 2091 τῷ
2644 2019 2808 2092 λόγῳ,
2838 2019 2914 2082 ὡς
2941 2021 3008 2089 τῇ
3040 2020 3298 2091 μετουσίᾳ
3336 2019 3442 2088 τῆς
3472 2018 3669 2089 κρείτ-

2076 2126 2226 2173 τονος
2254 2108 2487 2179 φύσεως,
2518 2108 2579 2162 τὸ
2613 2108 2777 2162 πλέον
2803 2107 3043 2178 ἔχοντας.
3075 2108 3285 2161 Οὐκοῦν
3325 2106 3527 2160 τοῦτον
3569 2107 3670 2177 μὲν

2074 2199 2166 2252 τὸν
2192 2199 2346 2269 λόγον
2373 2199 2448 2263 ὡς
2464 2197 2675 2252 οἴκοθεν
2699 2198 2790 2251 τὸν
2814 2198 2913 2267 τῆς
2933 2198 3116 2262 ἀνοίας
3143 2198 3259 2268 ἅμα
3283 2196 3376 2250 καὶ
3399 2196 3666 2259 ἀσεϐείας

2076 2289 2295 2360 ἔλεγχον
2334 2289 2558 2360 ἔχοντα,
2603 2289 2876 2359 σιωπῆσαι
2921 2290 3209 2359 προσήκει.
3244 2288 3578 2359 Προσθεῖναι
3608 2287 3667 2340 δὲ

2079 2382 2277 2453 μᾶλλον
2307 2382 2396 2435 τὸν
2423 2382 2633 2453 ἄμαχον
2672 2383 2877 2435 ἐκεῖνον
2918 2380 3295 2449 συλλογισμὸν,
3325 2381 3401 2443 ὡς
3444 2380 3519 2434 ἂν
3561 2380 3661 2449 μά-

2081 2479 2225 2533 θοιεν
2268 2480 2317 2534 οί
2355 2479 2477 2532 καθ’
2513 2479 2661 2550 ἡμᾶς
2706 2477 2947 2542 ἰδιῶται,
2988 2478 3118 2531 οἴων
3154 2476 3249 2531 καὶ
3286 2478 3427 2530 ὅσων
3472 2477 3524 2531 οἱ
3564 2475 3663 2537 τάς

2073 2568 2326 2639 τεχνικάς
2360 2566 2582 2636 ἐφόδους
2610 2568 2684 2638 μὴ
2724 2566 3107 2630 παιδευθέντες
3158 2564 3575 2636 ἐζημιώθησαν.
3599 2564 3661 2617 Εἰ

2074 2660 2182 2731 γὰρ
2210 2658 2270 2711 τὸ
2295 2658 2481 2729 μηδὲν,
2532 2659 2687 2729 φησι,
2716 2656 2793 2729 τῷ
2826 2659 2999 2728 πάντη
3031 2658 3106 2728 μὴ
3145 2657 3257 2712 δντι
3285 2657 3486 2710 ταύτὸν
3518 2658 3661 2710 κατά

2075 2753 2177 2823 τὴν
2211 2752 2441 2815 ἔννοιαν,
2477 2751 2588 2806 τῶν
2614 2751 2669 2805 δὲ
2694 2750 3150 2821 ἰσοδυναμούντων
3175 2750 3453 2814 ἀκώλυτος
3489 2751 3525 2822 ή
3555 2767 3658 2821 με-

2074 2843 2309 2914 τάληψις
2329 2861 2344 2877 ο
2381 2846 2409 2898 6
2433 2844 2603 2913 λέγων
2630 2843 2690 2907 ἐξ
2723 2843 2937 2906 ούδενδς
2978 2838 3118 2896 εἶναι
3146 2842 3237 2896 τὸν
3268 2841 3422 2905 Θεὸν,
3452 2842 3522 2895 ἐκ
3560 2840 3657 2894 τοῦ

2075 2935 2254 3005 πάντη
2284 2935 2358 3005 μὴ
2379 2934 2531 2997 ὄντος
2560 2931 2701 2988 εἶναι
2728 2933 2878 3003 λέγει
2918 2933 3009 2986 τὸν
3049 2933 3201 2988 Θεόν.
3244 2933 3341 2997 Τίς
3369 2933 3547 2986 ἔδωκε
3578 2932 3659 3002 τῷ

2073 3025 2172 3096 τὴν
2211 3024 2644 3097 Ἀριστοτελικὴν
2688 3026 2821 3097 ἡμῖν
2869 3024 3071 3095 αἰχμὴν
3105 3025 3401 3078 ὲπισείοντι
3424 3064 3441 3087 ,
3472 3026 3560 3078 ὅτι
3594 3024 3654 3077 τὸ

2084 3115 2264 3183 λέγειν
2292 3114 2416 3169 τινὰ
2439 3114 2650 3188 πατέρα
2681 3115 2755 3187 μὴ
2786 3114 2948 3185 ἔχειν,
2984 3115 3179 3168 ταύτόν
3210 3116 3324 3169 ἐστι
3360 3116 3439 3186 τῷ
3460 3116 3527 3171 ὲκ
3557 3114 3653 3169 τοῦ

383 3208 592 3299 spidem
628 3208 832 3275 vibrat,
867 3209 1051 3267 dicere
1080 3212 1316 3283 aliquem
1361 3222 1574 3285 patrem
1611 3229 1721 3269 non
1772 3215 1971 3271 habere

2079 3206 2255 3276 πάντη
2306 3205 2379 3277 μὴ
2426 3204 2577 3268 ὄντος
2626 3205 2787 3258 αὐτὸν
2836 3203 3206 3275 γεγενῆσθαι;
3252 3204 3311 3257 Ὀ
3359 3206 3469 3275 γάρ
3524 3207 3651 3268 τοὺς

382 3297 527 3354 idem
561 3314 683 3355 esse
701 3313 826 3354 cum
851 3314 917 3357 eo
945 3301 1088 3370 quod
1124 3309 1212 3356 est
1242 3317 1305 3357 ex
1347 3318 1413 3357 eo
1436 3304 1582 3373 quod
1625 3304 1776 3359 nullo
1817 3306 1971 3362 modo

2081 3296 2600 3366 γενεαλογουμένους
2636 3295 2785 3366 παρὰ
2816 3293 2912 3348 τοῦ
2941 3295 3099 3362 λόγου
3127 3294 3360 3366 καθεξῆς
3405 3296 3651 3367 ἀριθμὴ-

381 3397 469 3445 est
498 3391 672 3460 ipsum
707 3391 868 3448 esse?
901 3390 1004 3459 Qui
1039 3394 1184 3449 enim
1206 3410 1301 3451 eos
1331 3396 1423 3466 qui
1459 3397 1512 3450 in
1546 3398 1859 3467 genealogis)
1896 3415 1980 3455 γε’

382 3492 678 3538 censentur
736 3499 765 3538 a
824 3497 984 3540 sacra
1050 3484 1338 3556 Scriptura
1400 3486 1594 3542 ordine
1647 3491 1977 3554 numeravit,

386 3585 601 3643 semper
644 3572 764 3642 ejus
794 3573 889 3643 qui
940 3581 1277 3630 memoratus
1320 3574 1444 3639 fuit,
1499 3576 1839 3647 superiorem
1887 3596 1981 3648 pa-

385 3668 525 3715 trem
569 3674 691 3715 csse
736 3660 994 3717 nimirum
1035 3660 1307 3733 intelligit.
1342 3660 1484 3729 Quid
1525 3664 1670 3719 enim
1714 3674 1832 3720 erat
1862 3666 1975 3723 lleli

382 3749 654 3822 Joscpbo,
701 3752 831 3821 quid
892 3760 1074 3809 autem
1114 3752 1405 3809 Mattathus
1448 3753 1596 3821 Heli,
1639 3757 1771 3827 quid
1814 3762 1975 3814 etiam

383 3844 626 3900 Adamus
652 3843 819 3911 Seth;
861 3858 931 3899 an
963 3860 1070 3898 non
1116 3844 1278 3900 etiam
1326 3847 1569 3916 puerulis
1616 3848 1771 3904 valde
1804 3852 1978 3904 mani-

386 3935 584 3991 festum
607 3943 660 3992 et
699 3943 911 4000 notum,
943 3936 1089 4006 quod
1119 3945 1331 4006 patrum
1382 3948 1467 3993 est
1506 3942 1850 3995 enumeratio
1883 3958 1976 3997 eo-

385 4042 504 4081 rum
528 4026 619 4097 qui
654 4025 941 4081 memorati
968 4032 1119 4089 sunt,
1153 4026 1345 4081 horum
1378 4028 1660 4082 nominum
1688 4030 1977 4085 recensio?

386 4118 445 4173 Si
474 4119 617 4173 enim
674 4115 801 4172 Seth
858 4117 1003 4171 Illius
1055 4116 1270 4182 Adami,
1297 4123 1449 4187 pater
1482 4118 1602 4187 eius
1632 4118 1724 4188 qui
1749 4134 1816 4174 ex
1854 4120 1974 4189 ipso

382 4209 596 4278 genitus
631 4214 716 4263 est
740 4208 931 4277 procul
972 4207 1138 4263 dubio
1181 4214 1265 4262 est
1296 4207 1565 4273 Adamus,
1612 4208 1693 4262 sic
1719 4206 1809 4263 dic
1843 4206 1971 4263 milli

382 4300 508 4362 quis
549 4307 703 4367 pater
751 4298 844 4353 Dei
884 4300 978 4370 qui
1021 4306 1105 4355 est
1138 4312 1306 4367 super
1351 4300 1556 4365 omnia,
1604 4298 1694 4353 dic
1737 4299 1972 4353 interro-

383 4389 555 4460 ganti,
600 4404 792 4459 rumpe
834 4404 1044 4454 vocem,
1083 4389 1373 4458 responde,
1408 4403 1628 4445 omnem
1670 4388 1971 4444 disserendi

384 4491 531 4535 tuam
565 4488 736 4535 artem
766 4480 832 4535 ad
862 4481 1001 4534 hanc
1034 4480 1514 4551 interrogationem
1557 4494 1857 4535 commove.
1886 4481 1969 4534 An

2082 3401 2211 3447 σας,
2250 3383 2336 3436 ἀεὶ
2362 3383 2455 3436 τοῦ
2502 3382 2970 3453 μνημονευθέντος
2998 3383 3388 3455 ὑπερκείμενον
3435 3388 3649 3458 πατέρα

2078 3476 2315 3545 δηλονότι
2346 3478 2473 3529 νοεῖ.
2509 3476 2574 3527 Τί
2607 3473 2716 3545 γὰρ
2747 3469 2817 3545 ἦν
2863 3475 2891 3527 6
2941 3474 3088 3529 Ἠλεὶ
3121 3474 3214 3528 τοῦ
3262 3476 3482 3546 Ἰωσὴφ,
3513 3478 3567 3529 τί
3593 3477 3650 3532 δδ

2078 3572 2106 3624 6
2129 3569 2354 3624 Ματτάθ
2388 3569 2481 3623 τοῦ
2523 3568 2692 3634 Ἠλεὶ,
2722 3568 2850 3621 τίδὲ
2879 3569 2909 3621 ὁ
2948 3568 3117 3639 Ἀδάμ
3140 3568 3232 3622 τοῦ
3254 3569 3381 3640 Σὴθ,
3404 3565 3496 3640 ἄρ’
3527 3571 3646 3639 οὐχὶ

2077 3659 2339 3730 πρόδηλον
2373 3660 2467 3712 καὶ
2501 3661 2617 3721 τοῖς
2658 3658 2797 3727 ἄγαν
2823 3658 3068 3729 νηπίοις,
3105 3660 3186 3713 ὃτι
3226 3662 3483 3730 πατέρων
3501 3662 3645 3713 ἐστὶν

2076 3751 2453 3822 ἀπαρίθμησις
2493 3752 2523 3803 6
2558 3748 2667 3803 τῶν
2705 3750 3185 3821 μνημονευθέντων
3216 3750 3420 3805 τούτων
3450 3753 3647 3823 ὀνομά-

2074 3860 2181 3896 των
2210 3841 2544 3909 κατάλογος;
2571 3841 2636 3895 Ei
2660 3840 2768 3912 γὰρ
2790 3844 2818 3894 6
2842 3841 2947 3912 Σὴθ
2978 3840 3071 3894 τοῦ
3107 3842 3274 3913 ’Δδάμ
3302 3844 3435 3908 υίὸς,
3464 3844 3644 3915 πατὴρ

2073 3936 2168 3990 τοῦ
2214 3934 2272 4000 ἐξ
2314 3932 2477 3987 αὐτοῦ
2516 3932 2912 4005 γεγεννημένου
2956 3932 3173 3996 πάντως
3224 3934 3411 4005 Ἀδάμ.
3457 3935 3643 3998 (ιῦτως

2074 4026 2194 4079 εἰπέ
2226 4042 2338 4095 μοι,
2363 4025 2459 4079 καὶ
2481 4024 2573 4077 τοῦ
2609 4025 2702 4078 ἐπὶ
2732 4024 2949 4078 πάντων
2977 4023 3111 4077 Θεοῦ
3150 4025 3332 4097 πατὴρ
3365 4026 3488 4092 τίς;
3519 4027 3640 4080 εἰπὲ

2072 4117 2153 4188 τῷ
2195 4117 2498 4189 ἐρωτῶντι,
2549 4116 2711 4189 ῥῆξον
2745 4117 2947 4187 φωνὴν,
2972 4116 3295 4187 ἀπόκριναι,
3337 4121 3510 4173 πᾶσαν
3546 4121 3640 4185 τὴν

2071 4209 2296 4279 λογικήν
2334 4225 2429 4260 σου
2464 4206 2659 4279 τέχνην
2692 4208 2829 4279 πρὸς
2858 4207 2957 4277 τὴν
2992 4206 3187 4260 πεῦσιν
3213 4206 3417 4279 ταύτην
3455 4208 3640 4276 συγκί-

2072 4316 2264 4372 νησον·
2302 4294 2391 4369 ἆρ’
2423 4299 2673 4369 εὑρήσεις
2716 4297 2839 4352 τινὰ
2871 4299 3025 4368 λόγον
3052 4301 3152 4370 τὴν
3188 4298 3281 4352 τοῦ
3313 4300 3639 4371 σοφίσματός

2074 4409 2167 4445 σου
2186 4390 2354 4464 λαϐὴν
2373 4391 2733 4461 διαφεύγοντα
2757 4409 2772 4459 ;
2797 4391 2881 4455 τίς
2902 4391 2930 4444 6
2958 4394 3051 4445 τοῦ
3084 4394 3382 4461 άγεννήτου
3418 4395 3635 4465 πατήρ;

2075 4483 2261 4553 Ἔχεις
2304 4483 2479 4536 εἰπεῖν
2509 4481 2698 4547 ὃστις;
2735 4481 2944 4536 Οὐκοῦν
2971 4483 3071 4535 οὐκ
3113 4484 3426 4555 ἀγέννητος.
3482 4485 3638 4538 Ἀλλά

382 4574 628 4628 invenies
674 4572 912 4641 aliquam
980 4574 1249 4626 rationem
1300 4589 1422 4642 qua:
1482 4572 1837 4642 sophismatis
1890 4579 1967 4631 tui

2074 4572 2484 4644 συνθλιϐόμενος
2529 4575 2673 4642 ἐρεῖς
2705 4573 2923 4637 πάντως
2949 4614 2962 4638 ,
2994 4574 3022 4627 ὃ
3048 4573 3111 4645 δὴ
3149 4577 3243 4629 καὶ
3286 4576 3461 4629 εἰπεῖν
3493 4579 3637 4631 ἐστιν

381 4663 685 4732 captionem
731 4660 992 4729 eﬁ‘ugiat?
1043 4660 1178 4725 Quis
1229 4660 1453 4727 ingeniti
1500 4662 1692 4732 pater?
1734 4663 1968 4717 Potesne

380 4755 564 4811 dicere
599 4752 767 4824 quis?
823 4749 943 4805 Non
1000 4752 1167 4821 igitur
1213 4750 1505 4820 ingenitus.
1551 4752 1657 4806 Sed
1697 4754 1967 4807 contritus

380 4845 531 4899 dices
591 4859 863 4914 prorsus,
933 4842 1078 4913 quod
1146 4843 1310 4896 etiam
1385 4857 1614 4897 necesse
1666 4854 1771 4911 est,
1819 4844 1965 4913 quod

379 4933 587 4989 nullus.
617 4932 758 5000 Quid
787 4932 974 5002 igitur,
1025 4929 1378 4993 amicissime,
1414 4946 1482 4984 an
1517 4932 1612 4986 tibi
1664 4932 1745 4987 sic
1788 4933 1965 4987 soluta

378 5033 463 5083 est
496 5024 609 5081 haec
651 5024 830 5079 mollis
876 5022 1233 5093 sophismatis
1275 5022 1618 5092 complexio?
1669 5039 1778 5079 non
1808 5024 1965 5080 intel-

380 5113 557 5169 lexisti
584 5121 638 5169 te
676 5114 729 5168 in
766 5123 889 5168 tuos
920 5113 1076 5167 sinus
1097 5112 1442 5181 conspuisse,
1463 5113 1606 5185 quod
1624 5114 1701 5168 ait
1731 5130 1963 5187 magnus

379 5205 635 5273 Basilius,
663 5204 808 5275 quod
841 5204 1114 5275 ingenitus
1137 5218 1204 5258 ex
1232 5204 1382 5257 nullo
1411 5210 1495 5257 est
1530 5202 1711 5273 patre?
1729 5202 1864 5258 Nam
1894 5220 1959 5258 ex

380 5296 625 5365 patribus
672 5295 742 5352 iis
790 5294 883 5366 qui
928 5294 1079 5364 prius
1122 5293 1177 5347 in
1227 5292 1553 5363 genealogiae
1598 5292 1963 5364 descriptione

376 5396 506 5444 sunt
547 5388 827 5452 recensiti,
881 5386 1272 5457 consequentia
1316 5400 1415 5455 per
1460 5385 1513 5439 id
1551 5387 1696 5457 quod
1746 5388 1958 5453 siletur,

374 5480 468 5535 dat
499 5481 671 5551 patris
716 5479 1049 5536 additionem
1091 5494 1190 5549 pro
1229 5477 1489 5534 confesso
1532 5478 1743 5535 haberi.
1780 5476 1859 5532 Tu
1894 5494 1958 5533 ex

374 5571 527 5631 nullo
573 5581 748 5640 patre.
803 5571 940 5626 nihil
991 5570 1193 5626 iecisti.
1243 5568 1310 5623 Et
1371 5577 1564 5625 contra
1618 5569 1752 5623 nihil
1791 5568 1858 5623 ad
1906 5569 1959 5626 id

372 5660 519 5730 quod
574 5661 798 5715 omnino
844 5676 952 5715 non
1003 5669 1087 5716 est
1118 5661 1455 5730 complexus,
1512 5660 1958 5747 solutum.illum

373 5752 746 5821 syllogismum
779 5752 1084 5810 coniccisti.
1113 5750 1208 5807 Hae
1241 5752 1406 5824 igitur
1435 5753 1611 5807 docta:
1648 5745 1885 5808 solertiae
1907 5764 1960 5810 ct

373 5842 683 5903 artiﬁciosa
713 5844 779 5901 ad
810 5852 863 5901 te
895 5842 1314 5902 transferentur.
1358 5843 1494 5912 Quis
1541 5842 1765 5917 ingeniti
1804 5851 1960 5916 pater

2070 4664 2416 4733 ἐπάναγκες,
2449 4665 2529 4718 ὅτι
2567 4665 2759 4729 ούδείς.
2793 4666 2859 4719 Τί
2903 4662 3016 4731 οῦν,
3052 4660 3097 4720 ὦ
3145 4666 3388 4737 φίλτατε,
3418 4664 3527 4739 ἆρά
3558 4687 3636 4723 σοι

2066 4756 2217 4811 οῦπω
2246 4756 2460 4811 λέλυται
2492 4758 2525 4828 ὴ
2572 4757 2822 4828 μαλθακὴ
2854 4757 2947 4811 τοῦ
2985 4758 3313 4830 σοφίσματος
3346 4760 3483 4830 αῦτη
3527 4761 3636 4814 δια-

2067 4847 2271 4918 πλοκή;
2298 4844 2444 4918 Ἀρα
2469 4848 2709 4920 συνῆκας
2733 4852 2845 4912 τοῖς
2882 4849 3035 4913 ίδίοις
3062 4850 3284 4916 κόλποις
3312 4852 3633 4915 ὲνσιελίσας,

2064 4935 2117 4990 τί
2161 4953 2323 5006 φησιν
2347 4939 2375 4989 6
2408 4936 2581 5007 μέγας
2613 4937 2893 5001 Βασίλειος
2918 4978 2933 5003 ,
2977 4937 3061 4992 δτι
3119 4939 3177 4992 'O
3209 4939 3501 5010 ἀγέννητος
3581 4940 3636 5005 ἐξ

2064 5028 2275 5090 οὐδενός
2303 5029 2419 5081 ἐστι
2449 5027 2678 5099 πατρόςς
2710 5030 2805 5082 Ἐκ
2839 5029 2949 5101 γὰρ
2978 5031 3085 5084 τῶν
3121 5030 3637 5103 προγενεαλογηθέν-

2064 5134 2171 5171 των
2210 5118 2489 5189 πατέρων,
2528 5121 2562 5191 ἡ
2610 5120 2900 5173 ἀκολουθία
2952 5121 3094 5175 κατά
3152 5123 3211 5175 τὸ
3260 5123 3631 5193 σιωπώμενον,

2066 5210 2546 5280 συνομολογείσθαι
2587 5212 2770 5265 δίδωσι
2808 5213 2900 5266 τοῦ
2930 5214 3137 5284 πατρὸς
3164 5215 3266 5285 τὴν
3293 5216 3629 5287 προσθήκην.

2063 5301 2134 5354 Σὺ
2165 5303 2225 5354 τὸ
2251 5302 2310 5367 ἐξ
2346 5304 2555 5366 οὐδενὸς
2581 5306 2783 5376 πατρὸς
2807 5308 2865 5359 τὸ
2893 5306 3057 5376 μηδὲν
3081 5307 3361 5379 ἐποίησας.
3395 5310 3505 5362 Καὶ
3530 5310 3631 5362 πά-

2061 5388 2144 5442 λιν
2173 5391 2235 5443 τὺ
2266 5393 2432 5463 μηδὲν
2462 5397 2542 5458 είς
2574 5395 2635 5448 τὸ
2675 5395 2849 5464 πάντη
2886 5396 2962 5466 μὴ
2988 5395 3046 5450 ὃν
3077 5396 3401 5451 καταλαϐὼν
3430 5399 3520 5451 τὸν
3561 5400 3631 5454 λε-

2059 5479 2292 5551 λυμένον
2339 5486 2564 5537 ἐκεῖνον.
2598 5484 2957 5555 συλλογισμὸν
2997 5486 3385 5558 συνεπέρανας.
3430 5489 3633 5542 Οὐκοῦν

2058 5573 2127 5625 τά
2158 5576 2302 5644 σοφά
2323 5575 2495 5629 ταῦτα
2518 5576 2616 5646 τῆς
2642 5576 2894 5648 τεχνικῆς
2916 5578 3192 5647 ἀγχινοίας
3218 5578 3355 5649 πρὸς
3390 5578 3448 5630 σὲ
3474 5596 3635 5648 gis-ra-

2060 5663 2337 5735 χθήσεται.
2373 5668 2469 5730 Τίς
2497 5668 2590 5720 τοῦ
2621 5668 2918 5740 ἀγεννήτου
2957 5669 3164 5741 πατὴρ,
3187 5672 3402 5742 ὲρωτῶ;
3431 5670 3635 5736 Οὐδεὶς,

2058 5757 2204 5825 ἐρεῖς
2248 5759 2385 5813 κατά
2414 5762 2593 5814 πᾶσαν
2621 5762 2888 5831 ἀνάγκην.
2936 5762 2994 5815 Ὀ
3040 5761 3150 5834 γάρ
3184 5762 3476 5833 ἀγέννητος
3538 5780 3633 5816 πα-

2059 5846 2190 5919 τέρα
2221 5849 2434 5914 πάντως
2463 5850 2563 5904 ούκ
2595 5850 2728 5922 ἔχει.
2763 5852 2825 5905 El
2856 5850 3030 5906 τοίνυν
3075 5850 3246 5915 οὐδεὶς
3279 5850 3371 5905 τοῦ
3410 5852 3631 5924 ἀγεννή-
