4006 6488
290 258 419 314 1121

1445 245 1727 305 CONTRA
1760 243 2142 313 EUNOHIUM,
2183 244 2312 301 LIB.
2339 244 2451 300 XII.

3396 245 3535 301 H2!

289 392 381 428 του
436 373 640 443 πατὴρ,
679 373 739 427 τὸ
771 372 829 426 δὲ
865 369 1061 437 οὐδεὶς
1091 368 1242 441 παρὰ
1268 367 1361 423 σοῦ
1396 368 1533 439 πρὸς
1559 366 1623 421 τὸ
1656 364 1852 435 μηδὲν

1961 364 2275 433 interrogo?
2302 363 2508 429 nullus,
2542 361 2691 417 dices
2722 360 3051 417 necessario.
3075 361 3179 428 Qui
3208 365 3350 419 enim
3381 366 3530 435 inge-

294 463 621 534 μετελήφθηυ
639 463 700 516 τὸ
720 462 777 516 δὲ
792 462 986 532 μηδὲν
1005 461 1145 515 κατά
1160 462 1250 515 τὸν
1274 460 1365 513 σὺν
1382 459 1539 527 λόγον
1560 457 1638 527 τῷ
1653 455 1845 522 πάντη

283 550 370 620 μὴ
395 550 521 604 ὄντι
544 550 739 604 ταύτόν
766 553 882 605 ἐστι
915 550 1053 605 κατά
1075 552 1176 622 τὴν
1207 550 1430 604 ἔννοιαν.
1468 546 1768 610 ’Δκώλυτος
1794 545 1850 599 δὲ

290 642 396 695 τῶν
432 641 909 711 ἰσοδυναμούντων,
938 640 1121 705 καθὼς
1157 639 1280 710 φῂς,
1314 642 1349 713 ἡ
1391 639 1710 712 μετάληψις.
1740 638 1851 692 Καὶ

291 731 458 785 εἰπὼν
483 732 563 785 ὅτι
604 732 775 796 οὐδείς
815 734 930 786 ἐστι
959 731 1052 785 τοῦ
1083 731 1374 801 ἀγεννήτου
1413 730 1621 803 πατὴρ,
1655 730 1721 782 ὲκ
1754 728 1850 782 τοῦ

293 823 469 894 πάντη
504 823 576 894 μὴ
596 824 746 888 ὄντος
775 823 919 893 λέγει
948 824 1039 876 τὸν
1064 824 1156 876 ἐπὶ
1178 822 1395 877 πάντων
1420 822 1573 876 Θεόν.
1601 821 1853 875 Τοιοῦτον

292 913 368 978 ὡς
414 913 589 969 ἔοικέν
630 916 776 968 ἐστιν
798 956 813 981 ,
849 909 895 969 ὦ
925 914 1177 985 Εὑνόμιε,
1212 914 1411 967 κακόν’
1449 916 1563 975 τοῖς
1604 916 1717 975 σοῖς
1744 913 1853 983 γάρ

293 1007 565 1077 χρήσομαι
594 1005 771 1074 λόγοις
794 1021 808 1038 ·
840 1006 900 1059 οὐ
932 1006 992 1059 τὸ
1020 1005 1195 1059 δοκεῖν
1226 1001 1363 1059 εἶναι
1402 1004 1585 1072 σοφὸν,
1620 1004 1725 1075 πρὸ
1758 1003 1853 1057 τοῦ

295 1091 432 1147 εἶναι
457 1094 836 1163 τετιμηκέναι·
873 1093 1065 1165 μικρὸν
1109 1094 1238 1158 ἴσως
1266 1093 1327 1147 τὸ
1356 1092 1597 1147 τοιοῦτον
1625 1093 1705 1156 είς
1730 1092 1855 1145 δυσ-

294 1184 505 1253 τυχίαν,
539 1183 675 1237 ἀλλά
720 1183 782 1237 τὸ
814 1183 1003 1236 ἑαυτὸν
1034 1184 1267 1251 ἀγνοεῖν,
1317 1182 1408 1236 καὶ
1455 1182 1529 1253 μὴ
1567 1180 1856 1250 γινώσκειν

294 1277 419 1330 ὅσον
447 1275 597 1328 ἐστὶν
627 1275 688 1328 τὸ
710 1275 960 1347 διάφορον
999 1274 1093 1327 τοῦ
1122 1273 1414 1345 ὑψιπετοῦς
1456 1273 1736 1327 Βασιλείου
1765 1273 1858 1326 καὶ

294 1365 389 1420 τοῦ
425 1366 681 1437 χερσαίου
709 1366 917 1437 θηρίου.
956 1366 1019 1418 El
1045 1367 1153 1437 γὰρ
1186 1364 1402 1436 ἐφεώρα
1440 1366 1531 1419 τὸν
1560 1366 1673 1436 βίον
1702 1366 1858 1437 ἡμῶν

294 1457 356 1510 τὸ
389 1456 484 1520 ὀξὺ
516 1458 609 1510 καὶ
633 1456 773 1510 Θεῖον
816 1457 969 1527 ὄμμα
1003 1457 1198 1520 ὲκεῖνο,
1230 1456 1277 1509 εί
1311 1457 1619 1528 περιεπόλει
1643 1454 1741 1528 τὴν
1766 1458 1860 1511 ἀν-

298 1546 576 1616 θρωπίνην
598 1544 742 1617 ζωὴν
768 1545 846 1616 τῷ
870 1549 969 1617 τῆς
990 1546 1180 1615 σοφίας
1206 1544 1409 1617 πτερῷ,
1439 1546 1636 1613 ἔδειξεν
1662 1547 1727 1601 ἂν
1756 1564 1859 1601 κα-

294 1638 505 1700 ταπτὰς
533 1638 623 1692 ἐπὶ
651 1639 709 1691 σὲ
736 1638 814 1708 τῷ
843 1636 1005 1707 ῥοίζῳ
1028 1636 1137 1690 τῶν
1163 1636 1357 1705 λόγων,
1388 1637 1483 1707 οἴῳ
1507 1637 1585 1708 τῷ
1612 1637 1862 1708 ὀστράκῳ

1956 454 2121 515 nitus.
2158 463 2365 525 patrem
2400 452 2622 508 omnino
2673 466 2784 506 non
2826 450 3007 507 habet.
3046 453 3103 507 Si
3139 452 3305 524 igitur
3348 458 3528 512 nullus

1957 545 2181 615 ingeniti
2225 554 2403 616 pater,
2452 544 2555 599 hoc
2600 552 2804 606 autem,
2848 559 3041 615 nempe
3083 548 3262 601 nullus
3291 562 3320 601 a
3364 559 3415 604 te
3459 550 3526 604 ad

1957 635 2090 690 nihil
2121 644 2551 705 transsumptum
2591 641 2695 697 est,
2728 634 2831 688 hoc
2854 642 3034 691 autem
3061 637 3194 689 nihil
3225 638 3529 693 secundum

1963 738 2107 783 tuam
2143 728 2409 784 rationem
2452 726 2593 781 idem
2624 732 2708 781 est
2736 741 2863 780 cum
2909 741 2974 781 eo
3004 727 3149 797 quod
3184 745 3285 782 non
3328 739 3405 784 est
3444 746 3530 785 se-

1959 819 2197 878 cundum
2228 832 2488 875 sensum:
2531 819 2751 874 minime
2783 828 2961 875 autem
2997 819 3314 889 prohibetur
3343 836 3529 890 mqua-

1961 914 2083 969 liter
2124 911 2463 982 pollentium,
2518 909 2657 965 sicut
2689 910 2951 980 loqueris,
2997 912 3409 981 transsumptio.
3464 911 3529 966 Et

1960 1006 2053 1076 qui
2075 1004 2212 1059 dixit
2253 1002 2461 1058 nullum
2490 1017 2613 1057 esse
2660 1002 2884 1072 ingeniti
2916 1008 3149 1071 patrem,
3192 1018 3259 1056 ex
3293 1018 3357 1057 eo
3382 1003 3528 1072 quod

1961 1112 2070 1152 non
2109 1104 2195 1151 est
2223 1110 2448 1166 prorsus
2473 1092 2605 1148 dicit
2650 1093 2842 1159 Deum,
2881 1094 2974 1162 qui
3009 1102 3095 1149 est
3124 1109 3289 1163 super
3323 1095 3527 1148 omnia.

1962 1186 2112 1253 Tale,
2138 1196 2196 1242 ut
2229 1201 2325 1257 par
2356 1195 2459 1249 est,
2493 1199 2526 1239 ο
2560 1184 2809 1249 Eunomi,
2845 1186 3045 1239 malum
3078 1186 3206 1256 (tuis
3238 1187 3380 1240 enim
3409 1196 3532 1240 utar

1965 1278 2166 1349 verbis)
2202 1294 2311 1333 non
2348 1278 2520 1333 videri
2560 1293 2682 1332 esse
2718 1277 3042 1347 sapientem,
3076 1286 3364 1345 antequam
3405 1279 3530 1333 talis

1965 1370 2230 1425 habeatur
2253 1377 2305 1424 et
2331 1370 2658 1434 honoretur,
2684 1382 2909 1438 parvum
2937 1368 3171 1423 fortasse
3201 1369 3303 1422 hoc
3342 1377 3425 1423 est
3451 1370 3531 1424 in-

1966 1460 2296 1525 fortunium,
2334 1460 2432 1516 sed
2491 1461 2729 1529 seipsum
2772 1459 3043 1529 ignorare,
3088 1468 3141 1513 et
3188 1474 3295 1513 non
3334 1475 3534 1531 cogno-

1967 1567 2121 1607 scere
2143 1562 2405 1621 Quantum
2442 1550 2513 1606 sit
2544 1548 2839 1604 discrimen
2883 1547 3023 1602 inter
3060 1546 3319 1602 Basilium
3350 1548 3405 1602 in
3442 1563 3535 1603 su-

1968 1643 2131 1697 blime
2178 1642 2469 1707 volantem,
2522 1646 2577 1694 et
2622 1646 2936 1695 terrestrem
2984 1637 3234 1693 bestiam.
3286 1637 3342 1691 Si
3389 1639 3533 1694 enim

297 1728 397 1793 τῆς
412 1728 595 1791 ἀνοίας
618 1726 1008 1797 συμπεφυκὼς,
1027 1726 1163 1797 πρὸς
1178 1726 1298 1781 τίνα
1320 1726 1385 1779 δι’
1402 1725 1614 1798 ἀπάτης
1636 1729 1856 1781 σεαυτὸν

1961 1735 2127 1790 vitam
2190 1743 2435 1789 nostram
2481 1734 2794 1804 exploraret
2843 1738 3039 1785 acutus
3081 1728 3172 1782 ille
3218 1736 3272 1783 et
3315 1728 3535 1785 divinus

298 1819 719 1889 ἀντεπήγειρας,
748 1816 938 1889 ὕϐρεσι
961 1819 1079 1881 ταῖς
1106 1816 1224 1872 κατ’
1257 1816 1420 1870 αὐτοῦ
1452 1818 1545 1871 καὶ
1575 1817 1861 1890 λοιδορίαις

296 1911 358 1963 τὸ
378 1910 552 1964 δοκεῖν
573 1926 657 1971 τις
687 1905 822 1963 εἶναι
853 1908 1005 1976 παρά
1033 1912 1142 1973 τοῖς
1169 1908 1431 1980 γραῖδίοις
1452 1910 1681 1973 καὶτοῖς
1706 1910 1860 1962 ὲκτο-

304 2000 455 2070 μίαις
517 2000 852 2071 θηρώμενος.
898 2001 1047 2071 Πλὴν
1085 2001 1198 2055 ἀλλ’
1232 2001 1331 2054 οὑκ
1373 2000 1731 2054 ἀπελπιστέον
1780 2018 1861 2055 σοι

301 2092 394 2144 καὶ
432 2091 539 2145 τῶν
573 2091 778 2161 ὀνύχων
820 2090 1048 2145 ἐκείνου.
1090 2091 1165 2145 Τὸ
1191 2092 1299 2163 γάρ
1331 2090 1618 2162 ἡμέτερον,
1647 2091 1722 2155 ὡς
1764 2091 1862 2161 μὲν

300 2182 439 2251 πρὸς
468 2183 694 2245 ἐκεῖνον,
725 2182 913 2253 ὀνυχος
938 2186 1099 2254 μοῖρα
1124 2183 1456 2254 κρινόμενον,
1484 2183 1618 2235 πολὺ
1661 2183 1729 2237 ἂν
1751 2183 1857 2254 εἴη.

303 2273 446 2342 Πρὸς
486 2272 544 2325 δὲ
592 2273 653 2325 σὲ
694 2273 946 2327 τοσοῦτόν
991 2275 1159 2338 ἐστιν,
1204 2274 1327 2328 ὅσον
1367 2275 1550 2328 ἱκανὸν
1597 2271 1735 2328 εἶναί
1783 2292 1863 2329 σοι

304 2362 628 2435 περιρῤἧξαι
672 2364 770 2435 τῆς
802 2365 1017 2435 ἀπάτης
1051 2365 1114 2418 τὸ
1158 2365 1396 2436 ἔλυτρον,
1442 2366 1535 2419 καὶ
1570 2365 1737 2433 δεῖξαι
1765 2366 1865 2438 τὴν

306 2456 758 2527 ὲγκεκρυμμένην
780 2456 858 2527 τῷ
889 2458 1141 2529 ὀστράκῳ
1174 2458 1577 2529 ἀσχημοσύνην.

1960 1825 2174 1889 oculus,
2203 1824 2249 1879 si
2287 1825 2454 1879 vitam
2493 1824 2785 1878 humanam
2815 1820 3234 1877 circumvolaret
3263 1820 3539 1890 sapientia:

1960 1918 2068 1979 ala.
2099 1917 2153 1970 in
2189 1915 2516 1971 teinvolans
2562 1916 2763 1985 impetu
2809 1920 2862 1968 et
2910 1911 3144 1968 stridore
3200 1927 3536 1978 sermonum,

1961 2008 2270 2063 ostenderet
2299 2006 2441 2077 quali
2472 2015 2607 2062 testa
2636 2005 2919 2060 dementia:
2938 2002 3276 2074 congenitos,
3303 2002 3357 2057 in
3377 2017 3538 2073 quem

1961 2111 2057 2165 per
2084 2110 2323 2150 errorem
2347 2094 2580 2163 teipsum
2603 2093 2915 2161 concitasti,
2949 2092 3298 2147 contumeliis
3334 2099 3387 2147 et
3419 2106 3537 2162 pro-

1962 2186 2077 2243 bris
2108 2187 2162 2241 in
2194 2186 2371 2257 ipsum
2401 2187 2690 2255 conjectis,
2718 2185 2847 2239 dum
2881 2184 3024 2255 apud
3057 2184 3304 2240 aniculas
3328 2192 3382 2239 et
3411 2198 3539 2253 spa-

1961 2278 2132 2333 dones
2154 2277 2394 2340 venaris,
2415 2284 2474 2330 ut
2496 2278 2693 2346 aliquis
2722 2292 2845 2333 esse
2870 2276 3125 2332 videaris.
3149 2273 3540 2330 Verumtamen

1960 2386 2071 2425 non
2099 2369 2196 2424 tibi
2230 2369 2629 2439 desperandum
2661 2376 2744 2423 est
2772 2367 2840 2422 ab
2872 2367 3147 2438 unguibus
3178 2366 3347 2421 illius.
3386 2364 3542 2431 Quod

1958 2461 2101 2515 enim
2146 2468 2393 2515 nostrum
2440 2470 2544 2525 est,
2575 2467 2631 2513 ut
2679 2457 2898 2529 quidem
2938 2472 3061 2514 cum
3092 2457 3207 2525 illo,
3254 2457 3302 2513 si
3341 2458 3545 2527 unguis

308 2550 484 2618 portio
506 2549 804 2619 iudicetur,
841 2551 1070 2604 multum
1101 2550 1284 2605 fuerit.
1318 2548 1521 2605 Tecum
1552 2561 1729 2607 autem
1758 2558 1965 2604 tantum
1995 2558 2079 2610 est
2112 2560 2373 2621 quantum
2407 2552 2543 2608 satis
2565 2564 2690 2607 esse
2733 2551 2909 2620 possit
2981 2550 3047 2606 ad
3114 2550 3323 2607 erroris
3392 2550 3545 2604 invo-

309 2637 521 2692 lucrum
569 2639 1051 2710 prorumpendum,
1086 2651 1139 2695 et
1185 2641 1251 2694 ad
1291 2640 1596 2695 abstrusam
1654 2642 1707 2694 in
1763 2649 1899 2695 testa
1937 2640 2414 2697 demonstrandam
2442 2640 2904 2697 inverecundiam.
