  <div class='ocr_page' id='page_1' title='image "/cluster/home/n/w/nwhite01/storage/ocr_20150623/45/hvd.32044019826437/565.png"; bbox 0 0 4006 6482; ppageno 0'>
   <div class='ocr_carea' id='block_1_1' title="bbox 441 250 584 308">
    <p class='ocr_par' dir='ltr' id='par_1_1' title="bbox 441 250 584 308">
     <span class='ocr_line' id='line_1_1' title="bbox 441 250 584 308; baseline 0.014 -2"><span class='ocrx_word' id='word_1_1' title='bbox 441 250 584 308; x_wconf 61' lang='grc'><strong>1135</strong></span> 
     </span>
    </p>
   </div>
   <div class='ocr_carea' id='block_1_2' title="bbox 1673 229 2437 291">
    <p class='ocr_par' dir='ltr' id='par_1_2' title="bbox 1673 229 2437 291">
     <span class='ocr_line' id='line_1_2' title="bbox 1673 229 2437 291; baseline -0.008 0"><span class='ocrx_word' id='word_1_2' title='bbox 1673 236 1731 291; x_wconf 89' lang='lat' dir='ltr'><strong>S.</strong></span> <span class='ocrx_word' id='word_1_3' title='bbox 1772 232 2100 291; x_wconf 76' lang='lat' dir='ltr'><strong>GREGORII</strong></span> <span class='ocrx_word' id='word_1_4' title='bbox 2139 229 2437 288; x_wconf 76' lang='lat' dir='ltr'><strong>NYSSENI</strong></span> 
     </span>
    </p>
   </div>
   <div class='ocr_carea' id='block_1_3' title="bbox 3548 220 3691 278">
    <p class='ocr_par' dir='ltr' id='par_1_3' title="bbox 3548 220 3691 278">
     <span class='ocr_line' id='line_1_3' title="bbox 3548 220 3691 278; baseline 0 -1"><span class='ocrx_word' id='word_1_5' title='bbox 3548 220 3691 278; x_wconf 71' lang='lat'><strong>“26</strong></span> 
     </span>
    </p>
   </div>
   <div class='ocr_carea' id='block_1_4' title="bbox 443 375 3648 441">
    <p class='ocr_par' dir='ltr' id='par_1_4' title="bbox 443 375 3648 441">
     <span class='ocr_line' id='line_1_4' title="bbox 443 375 3648 441; baseline 0 -34"><span class='ocrx_word' id='word_1_6' title='bbox 443 375 3648 441; x_wconf 46' lang='grc' dir='ltr'><strong>Μ.</strong></span> 
     </span>
    </p>
   </div>
   <div class='ocr_carea' id='block_1_5' title="bbox 1152 522 2068 647">
    <p class='ocr_par' dir='ltr' id='par_1_5' title="bbox 1152 522 2048 647">
     <span class='ocr_line' id='line_1_5' title="bbox 1152 522 2048 647; baseline -0.008 1"><span class='ocrx_word' id='word_1_7' title='bbox 1152 561 1380 647; x_wconf 82' lang='grc' dir='ltr'><strong>ΤΟΥ</strong></span> <span class='ocrx_word' id='word_1_8' title='bbox 1467 522 1612 645; x_wconf 70' lang='lat' dir='ltr'><strong>EN</strong></span> <span class='ocrx_word' id='word_1_9' title='bbox 1685 555 2048 642; x_wconf 73' lang='lat' dir='ltr'><strong>AI‘IOIZ</strong></span> 
     </span>
    </p>
   </div>
   <div class='ocr_carea' id='block_1_6' title="bbox 2144 522 2972 647">
    <p class='ocr_par' dir='ltr' id='par_1_6' title="bbox 2144 547 2972 641">
     <span class='ocr_line' id='line_1_6' title="bbox 2144 547 2972 641; baseline -0.01 0"><span class='ocrx_word' id='word_1_10' title='bbox 2144 552 2571 641; x_wconf 86' lang='grc' dir='ltr'>ΠΑΤΡΟΣ</span> <span class='ocrx_word' id='word_1_11' title='bbox 2644 547 2972 638; x_wconf 87' lang='grc' dir='ltr'><strong>ΗΜΩΝ</strong></span> 
     </span>
    </p>
   </div>
   <div class='ocr_carea' id='block_1_7' title="bbox 1507 748 2625 887">
    <p class='ocr_par' dir='ltr' id='par_1_7' title="bbox 1507 748 2625 887">
     <span class='ocr_line' id='line_1_7' title="bbox 1507 748 2625 887; baseline -0.009 0"><span class='ocrx_word' id='word_1_12' title='bbox 1507 748 2625 887; x_wconf 88' lang='grc' dir='ltr'><strong>ΓΡΗΓΟΡΙΟΥ</strong></span> 
     </span>
    </p>
   </div>
   <div class='ocr_carea' id='block_1_8' title="bbox 1708 999 2408 1059">
    <p class='ocr_par' dir='ltr' id='par_1_8' title="bbox 1708 999 2408 1059">
     <span class='ocr_line' id='line_1_8' title="bbox 1708 999 2408 1059; baseline -0.01 0"><span class='ocrx_word' id='word_1_13' title='bbox 1708 999 2107 1059; x_wconf 79' lang='grc' dir='ltr'><strong>ΕΠΙΣΚΟΠΟΥ</strong></span> <span class='ocrx_word' id='word_1_14' title='bbox 2135 1001 2408 1055; x_wconf 78' lang='grc' dir='ltr'><strong>ΝΥΣΣΗΣ</strong></span> 
     </span>
    </p>
   </div>
   <div class='ocr_carea' id='block_1_9' title="bbox 1312 1188 2823 1312">
    <p class='ocr_par' dir='ltr' id='par_1_9' title="bbox 1312 1188 2823 1312">
     <span class='ocr_line' id='line_1_9' title="bbox 1312 1188 2823 1312; baseline -0.005 0"><span class='ocrx_word' id='word_1_15' title='bbox 1312 1188 2823 1312; x_wconf 86' lang='grc' dir='ltr'><strong>ΑΝΤΙΡΡΗΤΙΚΟΣ</strong></span> 
     </span>
    </p>
   </div>
   <div class='ocr_carea' id='block_1_10' title="bbox 1373 1436 2761 1535">
    <p class='ocr_par' dir='ltr' id='par_1_10' title="bbox 1373 1436 2761 1535">
     <span class='ocr_line' id='line_1_10' title="bbox 1373 1436 2761 1535; baseline -0.01 -1"><span class='ocrx_word' id='word_1_16' title='bbox 1373 1446 1663 1535; x_wconf 90' lang='grc' dir='ltr'><strong>ΠΡΟΣ</strong></span> <span class='ocrx_word' id='word_1_17' title='bbox 1740 1438 1884 1527; x_wconf 82' lang='grc' dir='ltr'><strong>ΤΑ</strong></span> <span class='ocrx_word' id='word_1_18' title='bbox 1961 1436 2761 1527; x_wconf 83' lang='grc' dir='ltr'><strong>ΑΠΟΛΙΝΑΡΙΟΥ.</strong></span> 
     </span>
    </p>
   </div>
   <div class='ocr_carea' id='block_1_11' title="bbox 1138 1817 3019 1985">
    <p class='ocr_par' dir='ltr' id='par_1_11' title="bbox 1138 1817 3019 1985">
     <span class='ocr_line' id='line_1_11' title="bbox 1138 1817 3019 1985; baseline -0.009 0"><span class='ocrx_word' id='word_1_19' title='bbox 1138 1828 1297 1985; x_wconf 88' lang='lat' dir='ltr'><strong>S.</strong></span> <span class='ocrx_word' id='word_1_20' title='bbox 1466 1835 1637 1981; x_wconf 90' lang='lat' dir='ltr'><strong>P.</strong></span> <span class='ocrx_word' id='word_1_21' title='bbox 1777 1829 1963 1980; x_wconf 88' lang='lat' dir='ltr'><strong>N.</strong></span> <span class='ocrx_word' id='word_1_22' title='bbox 2097 1817 3019 1978; x_wconf 78' lang='lat' dir='ltr'><strong>GBEGORII</strong></span> 
     </span>
    </p>
   </div>
   <div class='ocr_carea' id='block_1_12' title="bbox 1761 2088 2407 2151">
    <p class='ocr_par' dir='ltr' id='par_1_12' title="bbox 1761 2088 2407 2151">
     <span class='ocr_line' id='line_1_12' title="bbox 1761 2088 2407 2151; baseline -0.011 0"><span class='ocrx_word' id='word_1_23' title='bbox 1761 2090 2073 2151; x_wconf 82' lang='lat' dir='ltr'><strong>EPISCOPl</strong></span> <span class='ocrx_word' id='word_1_24' title='bbox 2110 2088 2407 2147; x_wconf 80' lang='lat' dir='ltr'><strong>NYSSENI</strong></span> 
     </span>
    </p>
   </div>
   <div class='ocr_carea' id='block_1_13' title="bbox 1484 2276 2663 2412">
    <p class='ocr_par' dir='ltr' id='par_1_13' title="bbox 1484 2276 2663 2412">
     <span class='ocr_line' id='line_1_13' title="bbox 1484 2276 2663 2412; baseline -0.005 -2"><span class='ocrx_word' id='word_1_25' title='bbox 1484 2276 2469 2412; x_wconf 80' lang='lat' dir='ltr'><strong>ANTIRRHETIC</strong></span> <span class='ocrx_word' id='word_1_26' title='bbox 2491 2289 2663 2407; x_wconf 91' lang='lat' dir='ltr'><strong>US</strong></span> 
     </span>
    </p>
   </div>
   <div class='ocr_carea' id='block_1_14' title="bbox 1204 2530 2953 2627">
    <p class='ocr_par' dir='ltr' id='par_1_14' title="bbox 1204 2530 2953 2627">
     <span class='ocr_line' id='line_1_14' title="bbox 1204 2530 2953 2627; baseline -0.004 -3"><span class='ocrx_word' id='word_1_27' title='bbox 1204 2535 1813 2627; x_wconf 79' lang='lat' dir='ltr'><strong>ADVERSUS</strong></span> <span class='ocrx_word' id='word_1_28' title='bbox 1908 2530 2765 2623; x_wconf 77' lang='lat' dir='ltr'><strong>APOLLINABEM</strong></span> <span class='ocrx_word' id='word_1_29' title='bbox 2840 2536 2953 2617; x_wconf 78' lang='grc' dir='ltr'><strong>(Ι).</strong></span> 
     </span>
    </p>
   </div>
   <div class='ocr_carea' id='block_1_15' title="bbox 698 2743 2068 2814">
    <p class='ocr_par' dir='ltr' id='par_1_15' title="bbox 698 2743 2068 2814">
     <span class='ocr_line' id='line_1_15' title="bbox 698 2743 2068 2814; baseline -0.006 -12"><span class='ocrx_word' id='word_1_30' title='bbox 698 2753 978 2814; x_wconf 79' lang='lat' dir='ltr'><strong>lotorprete</strong></span> <span class='ocrx_word' id='word_1_31' title='bbox 1002 2754 1052 2798; x_wconf 86' lang='lat' dir='ltr'><strong>et</strong></span> <span class='ocrx_word' id='word_1_32' title='bbox 1078 2746 1339 2798; x_wconf 82' lang='lat' dir='ltr'><strong>scholiaste</strong></span> <span class='ocrx_word' id='word_1_33' title='bbox 1373 2746 1655 2794; x_wconf 68' lang='lat' dir='ltr'><strong>LACIIN‘HO</strong></span> <span class='ocrx_word' id='word_1_34' title='bbox 1698 2744 1943 2793; x_wconf 61' lang='lat' dir='ltr'><strong>lacu;on</strong></span> <span class='ocrx_word' id='word_1_35' title='bbox 1968 2743 2026 2793; x_wconf 68' lang='grc' dir='ltr'>ν.</span> <span class='ocrx_word' id='word_1_36' title='bbox 2052 2744 2068 2794; x_wconf 86' lang='grc'><strong>(</strong></span> 
     </span>
    </p>
   </div>
   <div class='ocr_carea' id='block_1_16' title="bbox 2144 2743 3433 2814">
    <p class='ocr_par' dir='ltr' id='par_1_16' title="bbox 2144 2743 3433 2811">
     <span class='ocr_line' id='line_1_16' title="bbox 2144 2743 3433 2811; baseline 0.007 -19"><span class='ocrx_word' id='word_1_37' title='bbox 2144 2770 2192 2780; x_wconf 90' lang='grc'><strong><em>-</em></strong></span> <span class='ocrx_word' id='word_1_38' title='bbox 2213 2744 2461 2793; x_wconf 67' lang='grc' dir='ltr'><strong>ϐλιιιιω.</strong></span> <span class='ocrx_word' id='word_1_39' title='bbox 2512 2745 2621 2796; x_wconf 74' lang='grc' dir='ltr'><strong>γει.</strong></span> <span class='ocrx_word' id='word_1_40' title='bbox 2645 2745 2783 2795; x_wconf 86' lang='lat' dir='ltr'><strong>.Palr.</strong></span> <span class='ocrx_word' id='word_1_41' title='bbox 2816 2743 2937 2794; x_wconf 82' lang='lat' dir='ltr'><strong>Bibl.</strong></span> <span class='ocrx_word' id='word_1_42' title='bbox 2986 2754 3101 2795; x_wconf 85' lang='lat' dir='ltr'><strong>tom.</strong></span> <span class='ocrx_word' id='word_1_43' title='bbox 3133 2746 3235 2807; x_wconf 76' lang='lat' dir='ltr'><strong>VII,</strong></span> <span class='ocrx_word' id='word_1_44' title='bbox 3258 2762 3302 2811; x_wconf 84' lang='lat' dir='ltr'><strong>p.</strong></span> <span class='ocrx_word' id='word_1_45' title='bbox 3323 2746 3433 2802; x_wconf 73' lang='lat'><strong>517.</strong></span> 
     </span>
    </p>
   </div>
   <div class='ocr_carea' id='block_1_17' title="bbox 2033 2961 2097 2977">
    <p class='ocr_par' dir='ltr' id='par_1_17' title="bbox 2033 2961 2097 2977">
     <span class='ocr_line' id='line_1_17' title="bbox 2033 2961 2097 2977; baseline 0.016 -1"><span class='ocrx_word' id='word_1_46' title='bbox 2033 2961 2097 2977; x_wconf 69' lang='grc' dir='ltr'><strong>υ..</strong></span> 
     </span>
    </p>
   </div>
   <div class='ocr_carea' id='block_1_18' title="bbox 528 3133 2068 3212">
    <p class='ocr_par' dir='ltr' id='par_1_18' title="bbox 528 3133 2068 3212">
     <span class='ocr_line' id='line_1_18' title="bbox 528 3133 2068 3212; baseline -0.006 -16"><span class='ocrx_word' id='word_1_47' title='bbox 528 3141 571 3197; x_wconf 87' lang='lat' dir='ltr'><strong>l.</strong></span> <span class='ocrx_word' id='word_1_48' title='bbox 593 3141 789 3212; x_wconf 80' lang='lat' dir='ltr'><strong>Aptum</strong></span> <span class='ocrx_word' id='word_1_49' title='bbox 813 3138 1249 3205; x_wconf 81' lang='lat' dir='ltr'><strong>conveniensque</strong></span> <span class='ocrx_word' id='word_1_50' title='bbox 1272 3134 1509 3189; x_wconf 82' lang='lat' dir='ltr'><strong>sermoni</strong></span> <span class='ocrx_word' id='word_1_51' title='bbox 1533 3139 1724 3188; x_wconf 88' lang='lat' dir='ltr'><strong>nostro</strong></span> <span class='ocrx_word' id='word_1_52' title='bbox 1747 3133 2031 3189; x_wconf 81' lang='lat' dir='ltr'><strong>exordium</strong></span> <span class='ocrx_word' id='word_1_53' title='bbox 2062 3183 2068 3197; x_wconf 73' lang='grc'>,</span> 
     </span>
    </p>
   </div>
   <div class='ocr_carea' id='block_1_19' title="bbox 2144 3133 3709 3212">
    <p class='ocr_par' dir='ltr' id='par_1_19' title="bbox 2206 3134 3709 3209">
     <span class='ocr_line' id='line_1_19' title="bbox 2206 3134 3709 3209; baseline 0.005 -23"><span class='ocrx_word' id='word_1_54' title='bbox 2206 3134 2384 3187; x_wconf 77' lang='grc' dir='ltr'>Καλὸν</span> <span class='ocrx_word' id='word_1_55' title='bbox 2416 3134 2481 3187; x_wconf 84' lang='grc' dir='ltr'><strong>ἂν</strong></span> <span class='ocrx_word' id='word_1_56' title='bbox 2506 3134 2712 3203; x_wconf 81' lang='grc' dir='ltr'><strong>γένοιτο</strong></span> <span class='ocrx_word' id='word_1_57' title='bbox 2749 3136 3028 3207; x_wconf 82' lang='grc' dir='ltr'>προοίμιον</span> <span class='ocrx_word' id='word_1_58' title='bbox 3058 3137 3191 3207; x_wconf 78' lang='grc' dir='ltr'>ἡμῖν</span> <span class='ocrx_word' id='word_1_59' title='bbox 3220 3137 3311 3193; x_wconf 81' lang='grc' dir='ltr'><strong>τοῦ</strong></span> <span class='ocrx_word' id='word_1_60' title='bbox 3342 3139 3497 3208; x_wconf 80' lang='grc' dir='ltr'>λόγου</span> <span class='ocrx_word' id='word_1_61' title='bbox 3525 3140 3559 3209; x_wconf 78' lang='grc' dir='ltr'>ἡ</span> <span class='ocrx_word' id='word_1_62' title='bbox 3610 3136 3709 3193; x_wconf 75' lang='grc' dir='ltr'>τοῦ</span> 
     </span>
    </p>
   </div>
   <div class='ocr_carea' id='block_1_20' title="bbox 458 3224 2036 3302">
    <p class='ocr_par' dir='ltr' id='par_1_20' title="bbox 458 3224 2036 3302">
     <span class='ocr_line' id='line_1_20' title="bbox 458 3224 2036 3302; baseline -0.01 -10"><span class='ocrx_word' id='word_1_63' title='bbox 458 3238 565 3293; x_wconf 85' lang='lat' dir='ltr'><strong>erit</strong></span> <span class='ocrx_word' id='word_1_64' title='bbox 600 3234 813 3290; x_wconf 87' lang='lat' dir='ltr'><strong>Domini</strong></span> <span class='ocrx_word' id='word_1_65' title='bbox 858 3249 987 3295; x_wconf 79' lang='lat' dir='ltr'><strong>vox,</strong></span> <span class='ocrx_word' id='word_1_66' title='bbox 1035 3246 1157 3302; x_wconf 72' lang='lat' dir='ltr'><strong>qua:</strong></span> <span class='ocrx_word' id='word_1_67' title='bbox 1201 3229 1357 3299; x_wconf 87' lang='lat' dir='ltr'><strong>jubet</strong></span> <span class='ocrx_word' id='word_1_68' title='bbox 1393 3243 1587 3283; x_wconf 85' lang='lat' dir='ltr'><strong>cavere</strong></span> <span class='ocrx_word' id='word_1_69' title='bbox 1631 3244 1664 3280; x_wconf 89' lang='lat' dir='ltr'><strong>a</strong></span> <span class='ocrx_word' id='word_1_70' title='bbox 1711 3224 1867 3293; x_wconf 77' lang='lat' dir='ltr'><strong>falsis</strong></span> <span class='ocrx_word' id='word_1_71' title='bbox 1913 3238 2036 3292; x_wconf 81' lang='lat' dir='ltr'><strong>pro-</strong></span> 
     </span>
    </p>
   </div>
   <div class='ocr_carea' id='block_1_21' title="bbox 462 3315 2034 3395">
    <p class='ocr_par' dir='ltr' id='par_1_21' title="bbox 462 3315 2034 3395">
     <span class='ocr_line' id='line_1_21' title="bbox 462 3315 2034 3395; baseline -0.009 -14"><span class='ocrx_word' id='word_1_72' title='bbox 462 3327 665 3390; x_wconf 73' lang='lat' dir='ltr'><strong>nhetis,</strong></span> <span class='ocrx_word' id='word_1_73' title='bbox 705 3325 794 3395; x_wconf 86' lang='lat' dir='ltr'><strong>qui</strong></span> <span class='ocrx_word' id='word_1_74' title='bbox 834 3324 1071 3387; x_wconf 76' lang='lat' dir='ltr'><strong>veniunt,</strong></span> <span class='ocrx_word' id='word_1_75' title='bbox 1118 3321 1294 3391; x_wconf 87' lang='lat' dir='ltr'><strong>inquit</strong></span> <span class='ocrx_word' id='word_1_76' title='bbox 1331 3319 1372 3383; x_wconf 82' lang='lat'><strong>&#39;,</strong></span> <span class='ocrx_word' id='word_1_77' title='bbox 1402 3318 1470 3372; x_wconf 87' lang='lat' dir='ltr'><strong>ad</strong></span> <span class='ocrx_word' id='word_1_78' title='bbox 1509 3335 1597 3372; x_wconf 78' lang='lat' dir='ltr'><strong>vos</strong></span> <span class='ocrx_word' id='word_1_79' title='bbox 1635 3319 1691 3370; x_wconf 85' lang='lat' dir='ltr'><strong>in</strong></span> <span class='ocrx_word' id='word_1_80' title='bbox 1717 3315 2034 3370; x_wconf 78' lang='lat' dir='ltr'><strong>vestimentis</strong></span> 
     </span>
    </p>
   </div>
   <div class='ocr_carea' id='block_1_22' title="bbox 465 3404 2036 3479">
    <p class='ocr_par' dir='ltr' id='par_1_22' title="bbox 465 3404 2036 3479">
     <span class='ocr_line' id='line_1_22' title="bbox 465 3404 2036 3479; baseline -0.009 -10"><span class='ocrx_word' id='word_1_81' title='bbox 465 3418 639 3471; x_wconf 72' lang='lat' dir='ltr'><strong>ovium</strong></span> <span class='ocrx_word' id='word_1_82' title='bbox 661 3456 675 3479; x_wconf 91' lang='lat'><strong>,</strong></span> <span class='ocrx_word' id='word_1_83' title='bbox 728 3415 1042 3468; x_wconf 73' lang='lat' dir='ltr'><strong>intrinsecus</strong></span> <span class='ocrx_word' id='word_1_84' title='bbox 1075 3422 1249 3463; x_wconf 85' lang='lat' dir='ltr'><strong>autem</strong></span> <span class='ocrx_word' id='word_1_85' title='bbox 1282 3419 1403 3465; x_wconf 84' lang='lat' dir='ltr'><strong>sunt</strong></span> <span class='ocrx_word' id='word_1_86' title='bbox 1438 3411 1546 3477; x_wconf 85' lang='lat' dir='ltr'><strong>lupi</strong></span> <span class='ocrx_word' id='word_1_87' title='bbox 1576 3420 1822 3475; x_wconf 79' lang='lat' dir='ltr'><strong>rapaces;</strong></span> <span class='ocrx_word' id='word_1_88' title='bbox 1855 3420 1887 3457; x_wconf 91' lang='lat' dir='ltr'><strong>a</strong></span> <span class='ocrx_word' id='word_1_89' title='bbox 1917 3404 2036 3471; x_wconf 80' lang='lat' dir='ltr'><strong>[ru-</strong></span> 
     </span>
    </p>
   </div>
   <div class='ocr_carea' id='block_1_23' title="bbox 464 3499 2036 3573">
    <p class='ocr_par' dir='ltr' id='par_1_23' title="bbox 464 3499 2036 3573">
     <span class='ocr_line' id='line_1_23' title="bbox 464 3499 2036 3573; baseline -0.008 -11"><span class='ocrx_word' id='word_1_90' title='bbox 464 3510 633 3561; x_wconf 62' lang='lat' dir='ltr'><strong>dibus</strong></span> <span class='ocrx_word' id='word_1_91' title='bbox 666 3522 844 3561; x_wconf 85' lang='lat' dir='ltr'><strong>eorum</strong></span> <span class='ocrx_word' id='word_1_92' title='bbox 875 3503 1200 3573; x_wconf 73' lang='lat' dir='ltr'><strong>cognoscetis</strong></span> <span class='ocrx_word' id='word_1_93' title='bbox 1249 3518 1356 3554; x_wconf 86' lang='lat' dir='ltr'><strong>eos.</strong></span> <span class='ocrx_word' id='word_1_94' title='bbox 1391 3499 1448 3553; x_wconf 87' lang='lat' dir='ltr'><strong>Si</strong></span> <span class='ocrx_word' id='word_1_95' title='bbox 1504 3499 1671 3568; x_wconf 83' lang='lat' dir='ltr'><strong>igitur</strong></span> <span class='ocrx_word' id='word_1_96' title='bbox 1708 3511 1869 3553; x_wconf 79' lang='lat' dir='ltr'><strong>veras</strong></span> <span class='ocrx_word' id='word_1_97' title='bbox 1908 3510 2036 3549; x_wconf 74' lang='lat' dir='ltr'><strong>oves</strong></span> 
     </span>
    </p>
   </div>
   <div class='ocr_carea' id='block_1_24' title="bbox 467 3588 2038 3667">
    <p class='ocr_par' dir='ltr' id='par_1_24' title="bbox 467 3588 2038 3667">
     <span class='ocr_line' id='line_1_24' title="bbox 467 3588 2038 3667; baseline -0.008 -14"><span class='ocrx_word' id='word_1_98' title='bbox 467 3600 537 3653; x_wconf 68' lang='lat' dir='ltr'><strong>ali</strong></span> <span class='ocrx_word' id='word_1_99' title='bbox 588 3597 773 3652; x_wconf 82' lang='lat' dir='ltr'><strong>ovium</strong></span> <span class='ocrx_word' id='word_1_100' title='bbox 824 3593 1121 3667; x_wconf 86' lang='lat' dir='ltr'><strong>perditore,</strong></span> <span class='ocrx_word' id='word_1_101' title='bbox 1158 3591 1252 3661; x_wconf 90' lang='lat' dir='ltr'><strong>qui</strong></span> <span class='ocrx_word' id='word_1_102' title='bbox 1304 3588 1777 3644; x_wconf 78' lang='lat' dir='ltr'><strong>mansuetudinem</strong></span> <span class='ocrx_word' id='word_1_103' title='bbox 1818 3601 1930 3657; x_wconf 80' lang='lat' dir='ltr'><strong>prae</strong></span> <span class='ocrx_word' id='word_1_104' title='bbox 1980 3602 2038 3641; x_wconf 89' lang='lat' dir='ltr'><strong>se</strong></span> 
     </span>
    </p>
   </div>
   <div class='ocr_carea' id='block_1_25' title="bbox 469 3680 2037 3752">
    <p class='ocr_par' dir='ltr' id='par_1_25' title="bbox 469 3680 2037 3752">
     <span class='ocr_line' id='line_1_25' title="bbox 469 3680 2037 3752; baseline -0.006 -8"><span class='ocrx_word' id='word_1_105' title='bbox 469 3690 677 3745; x_wconf 77' lang='lat' dir='ltr'><strong>ferente</strong></span> <span class='ocrx_word' id='word_1_106' title='bbox 702 3688 886 3742; x_wconf 88' lang='lat' dir='ltr'><strong>habitu</strong></span> <span class='ocrx_word' id='word_1_107' title='bbox 919 3700 1149 3741; x_wconf 89' lang='lat' dir='ltr'><strong>securus</strong></span> <span class='ocrx_word' id='word_1_108' title='bbox 1173 3682 1362 3752; x_wconf 75' lang='lat' dir='ltr'><strong>irrepit</strong></span> <span class='ocrx_word' id='word_1_109' title='bbox 1390 3682 1445 3735; x_wconf 89' lang='lat' dir='ltr'><strong>in</strong></span> <span class='ocrx_word' id='word_1_110' title='bbox 1475 3680 1632 3735; x_wconf 85' lang='lat' dir='ltr'><strong>ovilis</strong></span> <span class='ocrx_word' id='word_1_111' title='bbox 1662 3687 1889 3745; x_wconf 75' lang='lat' dir='ltr'><strong>emtum,</strong></span> <span class='ocrx_word' id='word_1_112' title='bbox 1919 3681 2037 3735; x_wconf 80' lang='lat' dir='ltr'><strong>tru-</strong></span> 
     </span>
    </p>
   </div>
   <div class='ocr_carea' id='block_1_26' title="bbox 468 3772 2038 3844">
    <p class='ocr_par' dir='ltr' id='par_1_26' title="bbox 468 3772 2038 3844">
     <span class='ocr_line' id='line_1_26' title="bbox 468 3772 2038 3844; baseline -0.003 -11"><span class='ocrx_word' id='word_1_113' title='bbox 468 3789 591 3835; x_wconf 88' lang='lat' dir='ltr'><strong>ctus</strong></span> <span class='ocrx_word' id='word_1_114' title='bbox 634 3778 897 3834; x_wconf 88' lang='lat' dir='ltr'><strong>discernit</strong></span> <span class='ocrx_word' id='word_1_115' title='bbox 941 3783 996 3831; x_wconf 87' lang='lat' dir='ltr'><strong>et</strong></span> <span class='ocrx_word' id='word_1_116' title='bbox 1039 3776 1143 3831; x_wconf 90' lang='lat' dir='ltr'><strong>sub</strong></span> <span class='ocrx_word' id='word_1_117' title='bbox 1177 3772 1613 3830; x_wconf 81' lang='lat' dir='ltr'><strong>mansuetudinis</strong></span> <span class='ocrx_word' id='word_1_118' title='bbox 1654 3774 1833 3844; x_wconf 86' lang='lat' dir='ltr'><strong>specie</strong></span> <span class='ocrx_word' id='word_1_119' title='bbox 1863 3774 2038 3829; x_wconf 83' lang='lat' dir='ltr'><strong>latens</strong></span> 
     </span>
    </p>
   </div>
   <div class='ocr_carea' id='block_1_27' title="bbox 468 3866 2041 3939">
    <p class='ocr_par' dir='ltr' id='par_1_27' title="bbox 468 3866 2041 3939">
     <span class='ocr_line' id='line_1_27' title="bbox 468 3866 2041 3939; baseline -0.006 -11"><span class='ocrx_word' id='word_1_120' title='bbox 468 3888 532 3928; x_wconf 87' lang='lat' dir='ltr'><strong>os</strong></span> <span class='ocrx_word' id='word_1_121' title='bbox 562 3872 841 3927; x_wconf 88' lang='lat' dir='ltr'><strong>inimicum</strong></span> <span class='ocrx_word' id='word_1_122' title='bbox 872 3869 1130 3925; x_wconf 85' lang='lat' dir='ltr'><strong>omnibus</strong></span> <span class='ocrx_word' id='word_1_123' title='bbox 1162 3867 1339 3939; x_wconf 85' lang='lat' dir='ltr'><strong>palam</strong></span> <span class='ocrx_word' id='word_1_124' title='bbox 1374 3868 1524 3933; x_wconf 80' lang='lat' dir='ltr'><strong>facit,</strong></span> <span class='ocrx_word' id='word_1_125' title='bbox 1560 3867 1832 3922; x_wconf 80' lang='lat' dir='ltr'><strong>fructuum</strong></span> <span class='ocrx_word' id='word_1_126' title='bbox 1865 3866 2041 3936; x_wconf 84' lang='lat' dir='ltr'><strong>quali-</strong></span> 
     </span>
    </p>
   </div>
   <div class='ocr_carea' id='block_1_28' title="bbox 469 3961 2034 4031">
    <p class='ocr_par' dir='ltr' id='par_1_28' title="bbox 469 3961 2034 4031">
     <span class='ocr_line' id='line_1_28' title="bbox 469 3961 2034 4031; baseline -0.004 -14"><span class='ocrx_word' id='word_1_127' title='bbox 469 3970 657 4025; x_wconf 86' lang='lat' dir='ltr'><strong>tatem,</strong></span> <span class='ocrx_word' id='word_1_128' title='bbox 681 3970 790 4017; x_wconf 87' lang='lat' dir='ltr'><strong>tam</strong></span> <span class='ocrx_word' id='word_1_129' title='bbox 815 3961 1081 4018; x_wconf 86' lang='lat' dir='ltr'><strong>bonorum</strong></span> <span class='ocrx_word' id='word_1_130' title='bbox 1131 3976 1294 4031; x_wconf 90' lang='lat' dir='ltr'><strong>quam</strong></span> <span class='ocrx_word' id='word_1_131' title='bbox 1346 3967 1636 4021; x_wconf 86' lang='lat' dir='ltr'><strong>malorum,</strong></span> <span class='ocrx_word' id='word_1_132' title='bbox 1678 3968 1900 4028; x_wconf 69' lang='lat' dir='ltr'><strong>praestat</strong></span> <span class='ocrx_word' id='word_1_133' title='bbox 1947 3974 2034 4012; x_wconf 54' lang='lat' dir='ltr'><strong>ex.</strong></span> 
     </span>
    </p>
   </div>
   <div class='ocr_carea' id='block_1_29' title="bbox 474 4049 2039 4126">
    <p class='ocr_par' dir='ltr' id='par_1_29' title="bbox 474 4049 2039 4126">
     <span class='ocr_line' id='line_1_29' title="bbox 474 4049 2039 4126; baseline -0.005 -16"><span class='ocrx_word' id='word_1_134' title='bbox 474 4055 728 4126; x_wconf 87' lang='lat' dir='ltr'><strong>pendere,</strong></span> <span class='ocrx_word' id='word_1_135' title='bbox 795 4056 1027 4123; x_wconf 83' lang='lat' dir='ltr'><strong>quorum</strong></span> <span class='ocrx_word' id='word_1_136' title='bbox 1101 4066 1205 4122; x_wconf 84' lang='lat' dir='ltr'><strong>ope</strong></span> <span class='ocrx_word' id='word_1_137' title='bbox 1270 4049 1607 4119; x_wconf 83' lang='lat' dir='ltr'><strong>deceptionis</strong></span> <span class='ocrx_word' id='word_1_138' title='bbox 1672 4050 1822 4104; x_wconf 83' lang='lat' dir='ltr'><strong>larva</strong></span> <span class='ocrx_word' id='word_1_139' title='bbox 1888 4049 2039 4103; x_wconf 87' lang='lat' dir='ltr'><strong>dcte-</strong></span> 
     </span>
    </p>
   </div>
   <div class='ocr_carea' id='block_1_30' title="bbox 471 4142 2037 4215">
    <p class='ocr_par' dir='ltr' id='par_1_30' title="bbox 471 4142 2037 4215">
     <span class='ocr_line' id='line_1_30' title="bbox 471 4142 2037 4215; baseline -0.004 -16"><span class='ocrx_word' id='word_1_140' title='bbox 471 4147 646 4215; x_wconf 77' lang='lat' dir='ltr'><strong>gitur;</strong></span> <span class='ocrx_word' id='word_1_141' title='bbox 683 4145 759 4199; x_wconf 86' lang='lat' dir='ltr'><strong>ait</strong></span> <span class='ocrx_word' id='word_1_142' title='bbox 785 4146 952 4209; x_wconf 84' lang='lat' dir='ltr'><strong>enim,</strong></span> <span class='ocrx_word' id='word_1_143' title='bbox 989 4142 1067 4197; x_wconf 74' lang='lat' dir='ltr'><strong>Ea:</strong></span> <span class='ocrx_word' id='word_1_144' title='bbox 1086 4143 1349 4212; x_wconf 79' lang='lat' dir='ltr'><strong>fructibus</strong></span> <span class='ocrx_word' id='word_1_145' title='bbox 1376 4157 1558 4195; x_wconf 86' lang='lat' dir='ltr'><strong>eorum</strong></span> <span class='ocrx_word' id='word_1_146' title='bbox 1587 4143 1907 4210; x_wconf 85' lang='lat' dir='ltr'><strong>cognoscetis</strong></span> <span class='ocrx_word' id='word_1_147' title='bbox 1930 4156 2037 4193; x_wconf 89' lang='lat' dir='ltr'><strong>eos.</strong></span> 
     </span>
    </p>
   </div>
   <div class='ocr_carea' id='block_1_31' title="bbox 473 4231 2043 4307">
    <p class='ocr_par' dir='ltr' id='par_1_31' title="bbox 473 4231 2043 4307">
     <span class='ocr_line' id='line_1_31' title="bbox 473 4231 2043 4307; baseline -0.004 -16"><span class='ocrx_word' id='word_1_148' title='bbox 473 4237 663 4292; x_wconf 86' lang='lat' dir='ltr'><strong>Omnis</strong></span> <span class='ocrx_word' id='word_1_149' title='bbox 709 4236 893 4307; x_wconf 85' lang='lat' dir='ltr'><strong>itaque</strong></span> <span class='ocrx_word' id='word_1_150' title='bbox 930 4236 1193 4290; x_wconf 80' lang='lat' dir='ltr'><strong>doctrinae</strong></span> <span class='ocrx_word' id='word_1_151' title='bbox 1225 4234 1403 4287; x_wconf 81' lang='lat' dir='ltr'><strong>bonus</strong></span> <span class='ocrx_word' id='word_1_152' title='bbox 1436 4232 1652 4301; x_wconf 81' lang='lat' dir='ltr'><strong>quidem</strong></span> <span class='ocrx_word' id='word_1_153' title='bbox 1691 4246 1811 4285; x_wconf 92' lang='lat' dir='ltr'><strong>meo</strong></span> <span class='ocrx_word' id='word_1_154' title='bbox 1836 4231 2043 4299; x_wconf 90' lang='lat' dir='ltr'><strong>judicio</strong></span> 
     </span>
    </p>
   </div>
   <div class='ocr_carea' id='block_1_32' title="bbox 477 4320 2042 4391">
    <p class='ocr_par' dir='ltr' id='par_1_32' title="bbox 477 4320 2042 4391">
     <span class='ocr_line' id='line_1_32' title="bbox 477 4320 2042 4391; baseline -0.004 -10"><span class='ocrx_word' id='word_1_155' title='bbox 477 4326 690 4382; x_wconf 79' lang='lat' dir='ltr'><strong>fructus</strong></span> <span class='ocrx_word' id='word_1_156' title='bbox 727 4338 831 4391; x_wconf 91' lang='lat' dir='ltr'><strong>est,</strong></span> <span class='ocrx_word' id='word_1_157' title='bbox 865 4341 986 4380; x_wconf 90' lang='lat' dir='ltr'><strong>cum</strong></span> <span class='ocrx_word' id='word_1_158' title='bbox 1018 4324 1083 4378; x_wconf 88' lang='lat' dir='ltr'><strong>ad</strong></span> <span class='ocrx_word' id='word_1_159' title='bbox 1112 4339 1301 4377; x_wconf 86' lang='lat' dir='ltr'><strong>eorum</strong></span> <span class='ocrx_word' id='word_1_160' title='bbox 1339 4338 1625 4377; x_wconf 88' lang='lat' dir='ltr'><strong>numerum</strong></span> <span class='ocrx_word' id='word_1_161' title='bbox 1655 4322 1746 4391; x_wconf 90' lang='lat' dir='ltr'><strong>qui</strong></span> <span class='ocrx_word' id='word_1_162' title='bbox 1774 4322 1826 4374; x_wconf 87' lang='lat' dir='ltr'><strong>in</strong></span> <span class='ocrx_word' id='word_1_163' title='bbox 1858 4320 2042 4375; x_wconf 65' lang='lat' dir='ltr'><strong>Eccle-</strong></span> 
     </span>
    </p>
   </div>
   <div class='ocr_carea' id='block_1_33' title="bbox 416 4416 2043 4483">
    <p class='ocr_par' dir='ltr' id='par_1_33' title="bbox 416 4416 2043 4483">
     <span class='ocr_line' id='line_1_33' title="bbox 416 4416 2043 4483; baseline -0.004 -10"><span class='ocrx_word' id='word_1_164' title='bbox 416 4444 421 4449; x_wconf 58' lang='grc' dir='ltr'><strong><em>ε</em></strong></span> <span class='ocrx_word' id='word_1_165' title='bbox 473 4419 555 4474; x_wconf 85' lang='lat' dir='ltr'><strong>sia</strong></span> <span class='ocrx_word' id='word_1_166' title='bbox 603 4417 883 4472; x_wconf 88' lang='lat' dir='ltr'><strong>salvantur</strong></span> <span class='ocrx_word' id='word_1_167' title='bbox 924 4416 981 4470; x_wconf 81' lang='lat' dir='ltr'><strong>ﬁt</strong></span> <span class='ocrx_word' id='word_1_168' title='bbox 1013 4416 1295 4483; x_wconf 84' lang='lat' dir='ltr'><strong>accessio;</strong></span> <span class='ocrx_word' id='word_1_169' title='bbox 1336 4416 1532 4469; x_wconf 80' lang='lat' dir='ltr'><strong>noxius</strong></span> <span class='ocrx_word' id='word_1_170' title='bbox 1574 4429 1703 4468; x_wconf 84' lang='lat' dir='ltr'><strong>vero</strong></span> <span class='ocrx_word' id='word_1_171' title='bbox 1734 4420 1896 4482; x_wconf 87' lang='lat' dir='ltr'><strong>atque</strong></span> <span class='ocrx_word' id='word_1_172' title='bbox 1920 4428 2043 4481; x_wconf 89' lang='lat' dir='ltr'><strong>per-</strong></span> 
     </span>
    </p>
   </div>
   <div class='ocr_carea' id='block_1_34' title="bbox 2137 3226 3712 3299">
    <p class='ocr_par' dir='ltr' id='par_1_34' title="bbox 2137 3226 3712 3299">
     <span class='ocr_line' id='line_1_34' title="bbox 2137 3226 3712 3299; baseline 0.004 -21"><span class='ocrx_word' id='word_1_173' title='bbox 2137 3226 2341 3295; x_wconf 83' lang='grc' dir='ltr'>Κυρίου</span> <span class='ocrx_word' id='word_1_174' title='bbox 2373 3226 2545 3296; x_wconf 85' lang='grc' dir='ltr'>φωνὴ,</span> <span class='ocrx_word' id='word_1_175' title='bbox 2581 3226 2872 3281; x_wconf 84' lang='grc' dir='ltr'>κελεύουσα</span> <span class='ocrx_word' id='word_1_176' title='bbox 2899 3228 3185 3299; x_wconf 81' lang='grc' dir='ltr'>προσέχειν</span> <span class='ocrx_word' id='word_1_177' title='bbox 3236 3229 3354 3283; x_wconf 79' lang='grc' dir='ltr'><strong>ἀπὸ</strong></span> <span class='ocrx_word' id='word_1_178' title='bbox 3395 3226 3510 3282; x_wconf 81' lang='grc' dir='ltr'><strong>τῶν</strong></span> <span class='ocrx_word' id='word_1_179' title='bbox 3562 3234 3712 3299; x_wconf 50' lang='lat' dir='ltr'><strong>ww-</strong></span> 
     </span>
    </p>
   </div>
   <div class='ocr_carea' id='block_1_35' title="bbox 2136 3316 3715 3391">
    <p class='ocr_par' dir='ltr' id='par_1_35' title="bbox 2136 3316 3715 3391">
     <span class='ocr_line' id='line_1_35' title="bbox 2136 3316 3715 3391; baseline 0.004 -22"><span class='ocrx_word' id='word_1_180' title='bbox 2136 3316 2525 3386; x_wconf 72' lang='grc' dir='ltr'><strong>δοπροςρητῶν</strong></span> <span class='ocrx_word' id='word_1_181' title='bbox 2546 3358 2561 3378; x_wconf 83' lang='grc'>,</span> <span class='ocrx_word' id='word_1_182' title='bbox 2589 3320 2807 3385; x_wconf 82' lang='grc' dir='ltr'><strong>οἵτινες</strong></span> <span class='ocrx_word' id='word_1_183' title='bbox 2838 3320 3111 3389; x_wconf 81' lang='grc' dir='ltr'><strong>ἔρχονται</strong></span> <span class='ocrx_word' id='word_1_184' title='bbox 3132 3362 3147 3386; x_wconf 85' lang='grc'><strong><em>,</em></strong></span> <span class='ocrx_word' id='word_1_185' title='bbox 3178 3320 3342 3391; x_wconf 70' lang='grc' dir='ltr'><strong>φησὶ,</strong></span> <span class='ocrx_word' id='word_1_186' title='bbox 3368 3320 3514 3388; x_wconf 78' lang='grc' dir='ltr'><strong>πρὸς</strong></span> <span class='ocrx_word' id='word_1_187' title='bbox 3552 3323 3715 3391; x_wconf 79' lang='grc' dir='ltr'><em>ὑμᾶς</em></span> 
     </span>
    </p>
   </div>
   <div class='ocr_carea' id='block_1_36' title="bbox 2135 3409 3708 3479">
    <p class='ocr_par' dir='ltr' id='par_1_36' title="bbox 2135 3409 3708 3479">
     <span class='ocr_line' id='line_1_36' title="bbox 2135 3409 3708 3479; baseline 0.005 -18"><span class='ocrx_word' id='word_1_188' title='bbox 2135 3409 2205 3461; x_wconf 79' lang='grc' dir='ltr'><strong>ἐν</strong></span> <span class='ocrx_word' id='word_1_189' title='bbox 2232 3409 2513 3478; x_wconf 65' lang='grc' dir='ltr'>ἐνδύμασι</span> <span class='ocrx_word' id='word_1_190' title='bbox 2542 3409 2619 3479; x_wconf 73' lang='lat'><strong>(2)</strong></span> <span class='ocrx_word' id='word_1_191' title='bbox 2652 3410 2976 3478; x_wconf 74' lang='grc' dir='ltr'><strong>προϐάτων,</strong></span> <span class='ocrx_word' id='word_1_192' title='bbox 3018 3414 3245 3467; x_wconf 75' lang='grc' dir='ltr'><strong>ἔσωθεν</strong></span> <span class='ocrx_word' id='word_1_193' title='bbox 3279 3414 3347 3467; x_wconf 81' lang='grc' dir='ltr'>δέ</span> <span class='ocrx_word' id='word_1_194' title='bbox 3380 3416 3495 3468; x_wconf 80' lang='grc' dir='ltr'><strong>εισι</strong></span> <span class='ocrx_word' id='word_1_195' title='bbox 3529 3418 3708 3470; x_wconf 72' lang='grc' dir='ltr'><strong>λύκοι</strong></span> 
     </span>
    </p>
   </div>
   <div class='ocr_carea' id='block_1_37' title="bbox 2137 3499 3715 3576">
    <p class='ocr_par' dir='ltr' id='par_1_37' title="bbox 2137 3499 3715 3576">
     <span class='ocr_line' id='line_1_37' title="bbox 2137 3499 3715 3576; baseline 0.006 -23"><span class='ocrx_word' id='word_1_196' title='bbox 2137 3499 2399 3567; x_wconf 75' lang='grc' dir='ltr'><strong>ἅρπαγες</strong></span> <span class='ocrx_word' id='word_1_197' title='bbox 2422 3518 2435 3531; x_wconf 92' lang='grc'>·</span> <span class='ocrx_word' id='word_1_198' title='bbox 2485 3500 2605 3554; x_wconf 80' lang='grc' dir='ltr'><strong>ἀπὸ</strong></span> <span class='ocrx_word' id='word_1_199' title='bbox 2645 3501 2764 3556; x_wconf 82' lang='grc' dir='ltr'><strong>τῶν</strong></span> <span class='ocrx_word' id='word_1_200' title='bbox 2805 3501 3044 3573; x_wconf 72' lang='grc' dir='ltr'>καρπῶν</span> <span class='ocrx_word' id='word_1_201' title='bbox 3076 3503 3275 3560; x_wconf 80' lang='grc' dir='ltr'><strong>αὐτῶν</strong></span> <span class='ocrx_word' id='word_1_202' title='bbox 3303 3501 3715 3576; x_wconf 71' lang='grc' dir='ltr'><strong>ἐπιγνώσεσθε</strong></span> 
     </span>
    </p>
   </div>
   <div class='ocr_carea' id='block_1_38' title="bbox 2139 3591 3713 3671">
    <p class='ocr_par' dir='ltr' id='par_1_38' title="bbox 2139 3591 3713 3671">
     <span class='ocr_line' id='line_1_38' title="bbox 2139 3591 3713 3671; baseline 0.004 -24"><span class='ocrx_word' id='word_1_203' title='bbox 2139 3593 2378 3659; x_wconf 78' lang='grc' dir='ltr'><strong>αὐτούς.</strong></span> <span class='ocrx_word' id='word_1_204' title='bbox 2413 3596 2473 3648; x_wconf 82' lang='grc' dir='ltr'><strong>ΕΙ</strong></span> <span class='ocrx_word' id='word_1_205' title='bbox 2505 3591 2595 3648; x_wconf 85' lang='grc' dir='ltr'>οὖν</span> <span class='ocrx_word' id='word_1_206' title='bbox 2623 3598 2651 3649; x_wconf 99' lang='lat'><strong>6</strong></span> <span class='ocrx_word' id='word_1_207' title='bbox 2700 3596 2908 3666; x_wconf 84' lang='grc' dir='ltr'>καρπὸς</span> <span class='ocrx_word' id='word_1_208' title='bbox 2951 3598 3214 3669; x_wconf 83' lang='grc' dir='ltr'>διακρίνει</span> <span class='ocrx_word' id='word_1_209' title='bbox 3263 3600 3323 3652; x_wconf 85' lang='grc' dir='ltr'><strong>τό</strong></span> <span class='ocrx_word' id='word_1_210' title='bbox 3367 3616 3422 3652; x_wconf 82' lang='grc' dir='ltr'>τε</span> <span class='ocrx_word' id='word_1_211' title='bbox 3456 3600 3713 3671; x_wconf 71' lang='grc' dir='ltr'>ἀληθινὸν</span> 
     </span>
    </p>
   </div>
   <div class='ocr_carea' id='block_1_39' title="bbox 2140 3687 3714 3762">
    <p class='ocr_par' dir='ltr' id='par_1_39' title="bbox 2140 3687 3714 3762">
     <span class='ocr_line' id='line_1_39' title="bbox 2140 3687 3714 3762; baseline 0.004 -23"><span class='ocrx_word' id='word_1_212' title='bbox 2140 3687 2407 3757; x_wconf 77' lang='grc' dir='ltr'>πρόϐατον</span> <span class='ocrx_word' id='word_1_213' title='bbox 2432 3728 2447 3751; x_wconf 84' lang='grc'><em>,</em></span> <span class='ocrx_word' id='word_1_214' title='bbox 2498 3688 2591 3740; x_wconf 76' lang='grc' dir='ltr'>καὶ</span> <span class='ocrx_word' id='word_1_215' title='bbox 2628 3687 2720 3740; x_wconf 81' lang='grc' dir='ltr'>τὸν</span> <span class='ocrx_word' id='word_1_216' title='bbox 2750 3690 2860 3741; x_wconf 82' lang='grc' dir='ltr'><strong>τῶν</strong></span> <span class='ocrx_word' id='word_1_217' title='bbox 2920 3690 3207 3760; x_wconf 76' lang='grc' dir='ltr'>προϐάτων</span> <span class='ocrx_word' id='word_1_218' title='bbox 3259 3691 3493 3762; x_wconf 77' lang='grc' dir='ltr'>φθορέα,</span> <span class='ocrx_word' id='word_1_219' title='bbox 3529 3693 3619 3745; x_wconf 76' lang='grc' dir='ltr'><strong>τὸν</strong></span> <span class='ocrx_word' id='word_1_220' title='bbox 3650 3695 3714 3746; x_wconf 81' lang='grc' dir='ltr'>ἐν</span> 
     </span>
    </p>
   </div>
   <div class='ocr_carea' id='block_1_40' title="bbox 2139 3780 3713 3855">
    <p class='ocr_par' dir='ltr' id='par_1_40' title="bbox 2139 3780 3713 3855">
     <span class='ocr_line' id='line_1_40' title="bbox 2139 3780 3713 3855; baseline 0.005 -25"><span class='ocrx_word' id='word_1_221' title='bbox 2139 3780 2331 3848; x_wconf 79' lang='grc' dir='ltr'>ἡμέρῳ</span> <span class='ocrx_word' id='word_1_222' title='bbox 2368 3780 2605 3849; x_wconf 86' lang='grc' dir='ltr'>σχήματι</span> <span class='ocrx_word' id='word_1_223' title='bbox 2640 3780 2715 3849; x_wconf 80' lang='lat'><strong>(‘5)</strong></span> <span class='ocrx_word' id='word_1_224' title='bbox 2767 3780 2903 3851; x_wconf 82' lang='grc' dir='ltr'>πρὸς</span> <span class='ocrx_word' id='word_1_225' title='bbox 2936 3781 2996 3833; x_wconf 84' lang='grc' dir='ltr'><strong>τὸ</strong></span> <span class='ocrx_word' id='word_1_226' title='bbox 3032 3780 3284 3853; x_wconf 85' lang='grc' dir='ltr'><strong>σύστημα</strong></span> <span class='ocrx_word' id='word_1_227' title='bbox 3326 3784 3423 3852; x_wconf 76' lang='grc' dir='ltr'><strong>τῆς</strong></span> <span class='ocrx_word' id='word_1_228' title='bbox 3472 3784 3713 3855; x_wconf 79' lang='grc' dir='ltr'><strong>ποίμνης</strong></span> 
     </span>
    </p>
   </div>
   <div class='ocr_carea' id='block_1_41' title="bbox 2141 3868 3713 3945">
    <p class='ocr_par' dir='ltr' id='par_1_41' title="bbox 2141 3868 3713 3945">
     <span class='ocr_line' id='line_1_41' title="bbox 2141 3868 3713 3945; baseline 0.004 -23"><span class='ocrx_word' id='word_1_229' title='bbox 2141 3868 2463 3938; x_wconf 81' lang='grc' dir='ltr'><strong>ἀφυλάκτως</strong></span> <span class='ocrx_word' id='word_1_230' title='bbox 2501 3872 2937 3941; x_wconf 83' lang='grc' dir='ltr'>παραδυόμενον,</span> <span class='ocrx_word' id='word_1_231' title='bbox 2978 3873 3072 3925; x_wconf 76' lang='grc' dir='ltr'><strong>καὶ</strong></span> <span class='ocrx_word' id='word_1_232' title='bbox 3116 3872 3177 3927; x_wconf 83' lang='grc' dir='ltr'><strong>τὸ</strong></span> <span class='ocrx_word' id='word_1_233' title='bbox 3225 3874 3713 3945; x_wconf 82' lang='grc' dir='ltr'>ὑποκεκρυμμένσν</span> 
     </span>
    </p>
   </div>
   <div class='ocr_carea' id='block_1_42' title="bbox 2139 3958 3710 4033">
    <p class='ocr_par' dir='ltr' id='par_1_42' title="bbox 2139 3958 3710 4033">
     <span class='ocr_line' id='line_1_42' title="bbox 2139 3958 3710 4033; baseline 0.003 -23"><span class='ocrx_word' id='word_1_234' title='bbox 2139 3959 2216 4029; x_wconf 81' lang='grc' dir='ltr'><strong>τῷ</strong></span> <span class='ocrx_word' id='word_1_235' title='bbox 2246 3960 2436 4030; x_wconf 77' lang='grc' dir='ltr'>ἡμέρῳ</span> <span class='ocrx_word' id='word_1_236' title='bbox 2468 3958 2723 4030; x_wconf 84' lang='grc' dir='ltr'>πολέμιον</span> <span class='ocrx_word' id='word_1_237' title='bbox 2761 3961 2932 4031; x_wconf 84' lang='grc' dir='ltr'>στόμα</span> <span class='ocrx_word' id='word_1_238' title='bbox 2972 3962 3052 4024; x_wconf 80' lang='grc' dir='ltr'><strong>εἰς</strong></span> <span class='ocrx_word' id='word_1_239' title='bbox 3080 3962 3382 4031; x_wconf 82' lang='grc' dir='ltr'>τούμφανὲς</span> <span class='ocrx_word' id='word_1_240' title='bbox 3413 3963 3532 4031; x_wconf 79' lang='grc' dir='ltr'><strong>ἄγει</strong></span> <span class='ocrx_word' id='word_1_241' title='bbox 3556 4002 3571 4025; x_wconf 89' lang='grc'><em>,</em></span> <span class='ocrx_word' id='word_1_242' title='bbox 3605 3963 3710 4033; x_wconf 77' lang='grc' dir='ltr'><strong>ζη-</strong></span> 
     </span>
    </p>
   </div>
   <div class='ocr_carea' id='block_1_43' title="bbox 2140 4050 3711 4120">
    <p class='ocr_par' dir='ltr' id='par_1_43' title="bbox 2140 4050 3711 4120">
     <span class='ocr_line' id='line_1_43' title="bbox 2140 4050 3711 4120; baseline 0.003 -18"><span class='ocrx_word' id='word_1_243' title='bbox 2140 4052 2252 4102; x_wconf 82' lang='grc' dir='ltr'>τεῖν</span> <span class='ocrx_word' id='word_1_244' title='bbox 2288 4053 2551 4120; x_wconf 77' lang='grc' dir='ltr'>προσήκει</span> <span class='ocrx_word' id='word_1_245' title='bbox 2594 4050 2718 4113; x_wconf 80' lang='grc' dir='ltr'><strong>τοὺς</strong></span> <span class='ocrx_word' id='word_1_246' title='bbox 2769 4053 3012 4120; x_wconf 82' lang='grc' dir='ltr'>καρποὺς</span> <span class='ocrx_word' id='word_1_247' title='bbox 3054 4051 3180 4114; x_wconf 73' lang='grc' dir='ltr'><strong>τούς</strong></span> <span class='ocrx_word' id='word_1_248' title='bbox 3234 4070 3292 4105; x_wconf 81' lang='grc' dir='ltr'><strong>τε</strong></span> <span class='ocrx_word' id='word_1_249' title='bbox 3339 4052 3568 4117; x_wconf 74' lang='grc' dir='ltr'>καλοὺς,</span> <span class='ocrx_word' id='word_1_250' title='bbox 3611 4056 3711 4107; x_wconf 77' lang='grc' dir='ltr'>καὶ</span> 
     </span>
    </p>
   </div>
   <div class='ocr_carea' id='block_1_44' title="bbox 2140 4135 3711 4214">
    <p class='ocr_par' dir='ltr' id='par_1_44' title="bbox 2140 4135 3711 4214">
     <span class='ocr_line' id='line_1_44' title="bbox 2140 4135 3711 4214; baseline 0.004 -22"><span class='ocrx_word' id='word_1_251' title='bbox 2140 4142 2263 4204; x_wconf 76' lang='grc' dir='ltr'>τοὺς</span> <span class='ocrx_word' id='word_1_252' title='bbox 2294 4142 2541 4212; x_wconf 81' lang='grc' dir='ltr'>χείρονας</span> <span class='ocrx_word' id='word_1_253' title='bbox 2560 4181 2575 4206; x_wconf 86' lang='grc'><strong><em>,</em></strong></span> <span class='ocrx_word' id='word_1_254' title='bbox 2614 4142 2679 4193; x_wconf 86' lang='grc' dir='ltr'><strong>δι’</strong></span> <span class='ocrx_word' id='word_1_255' title='bbox 2709 4135 2784 4194; x_wconf 83' lang='grc' dir='ltr'>ὧν</span> <span class='ocrx_word' id='word_1_256' title='bbox 2821 4142 2881 4194; x_wconf 75' lang='grc' dir='ltr'><strong>τὸ</strong></span> <span class='ocrx_word' id='word_1_257' title='bbox 2908 4142 3088 4213; x_wconf 79' lang='grc' dir='ltr'>σχῆμα</span> <span class='ocrx_word' id='word_1_258' title='bbox 3125 4144 3221 4213; x_wconf 84' lang='grc' dir='ltr'><strong>τῆς</strong></span> <span class='ocrx_word' id='word_1_259' title='bbox 3264 4144 3476 4214; x_wconf 76' lang='grc' dir='ltr'><strong>ἀπάτης</strong></span> <span class='ocrx_word' id='word_1_260' title='bbox 3504 4147 3711 4198; x_wconf 78' lang='grc' dir='ltr'>ἀνακα-</span> 
     </span>
    </p>
   </div>
   <div class='ocr_carea' id='block_1_45' title="bbox 2143 4232 3713 4302">
    <p class='ocr_par' dir='ltr' id='par_1_45' title="bbox 2143 4232 3713 4302">
     <span class='ocr_line' id='line_1_45' title="bbox 2143 4232 3713 4302; baseline 0.004 -19"><span class='ocrx_word' id='word_1_261' title='bbox 2143 4232 2399 4284; x_wconf 81' lang='grc' dir='ltr'>λύπτεται</span> <span class='ocrx_word' id='word_1_262' title='bbox 2423 4250 2436 4263; x_wconf 89' lang='grc'><strong>·</strong></span> <span class='ocrx_word' id='word_1_263' title='bbox 2470 4232 2604 4302; x_wconf 81' lang='grc' dir='ltr'><strong>φησὶ</strong></span> <span class='ocrx_word' id='word_1_264' title='bbox 2644 4232 2753 4302; x_wconf 85' lang='grc' dir='ltr'>γὰρ</span> <span class='ocrx_word' id='word_1_265' title='bbox 2777 4271 2790 4292; x_wconf 87' lang='grc'><em>,</em></span> <span class='ocrx_word' id='word_1_266' title='bbox 2824 4234 2903 4285; x_wconf 80' lang='grc' dir='ltr'><strong>ὅτι</strong></span> <span class='ocrx_word' id='word_1_267' title='bbox 2951 4234 3046 4286; x_wconf 79' lang='grc' dir='ltr'>Ἐκ</span> <span class='ocrx_word' id='word_1_268' title='bbox 3086 4233 3203 4287; x_wconf 84' lang='grc' dir='ltr'><strong>τῶν</strong></span> <span class='ocrx_word' id='word_1_269' title='bbox 3239 4234 3480 4302; x_wconf 74' lang='grc' dir='ltr'>καρπῶν</span> <span class='ocrx_word' id='word_1_270' title='bbox 3512 4236 3713 4289; x_wconf 72' lang='grc' dir='ltr'><strong>αὐτῶν</strong></span> 
     </span>
    </p>
   </div>
   <div class='ocr_carea' id='block_1_46' title="bbox 2141 4320 3710 4392">
    <p class='ocr_par' dir='ltr' id='par_1_46' title="bbox 2141 4320 3710 4392">
     <span class='ocr_line' id='line_1_46' title="bbox 2141 4320 3710 4392; baseline 0.004 -20"><span class='ocrx_word' id='word_1_271' title='bbox 2141 4320 2546 4389; x_wconf 80' lang='grc' dir='ltr'><strong>ἐπιγνώσεσθε</strong></span> <span class='ocrx_word' id='word_1_272' title='bbox 2592 4322 2831 4386; x_wconf 83' lang='grc' dir='ltr'><strong>αὐτούς.</strong></span> <span class='ocrx_word' id='word_1_273' title='bbox 2869 4322 3054 4392; x_wconf 82' lang='grc' dir='ltr'><strong>Πάσης</strong></span> <span class='ocrx_word' id='word_1_274' title='bbox 3086 4324 3262 4375; x_wconf 82' lang='grc' dir='ltr'>τοίνυν</span> <span class='ocrx_word' id='word_1_275' title='bbox 3309 4324 3649 4389; x_wconf 79' lang='grc' dir='ltr'><strong>διδασκαλίας</strong></span> <span class='ocrx_word' id='word_1_276' title='bbox 3681 4328 3710 4378; x_wconf 89' lang='lat'><strong>6</strong></span> 
     </span>
    </p>
   </div>
   <div class='ocr_carea' id='block_1_47' title="bbox 2146 4412 3707 4489">
    <p class='ocr_par' dir='ltr' id='par_1_47' title="bbox 2146 4412 3707 4489">
     <span class='ocr_line' id='line_1_47' title="bbox 2146 4412 3707 4489; baseline 0.004 -25"><span class='ocrx_word' id='word_1_277' title='bbox 2146 4412 2244 4482; x_wconf 84' lang='grc' dir='ltr'><strong>μὲν</strong></span> <span class='ocrx_word' id='word_1_278' title='bbox 2269 4412 2470 4480; x_wconf 78' lang='grc' dir='ltr'>ἀγαθὸς</span> <span class='ocrx_word' id='word_1_279' title='bbox 2498 4413 2706 4483; x_wconf 80' lang='grc' dir='ltr'>καρπὸς</span> <span class='ocrx_word' id='word_1_280' title='bbox 2738 4414 2877 4467; x_wconf 82' lang='grc' dir='ltr'>κατά</span> <span class='ocrx_word' id='word_1_281' title='bbox 2906 4431 2964 4466; x_wconf 85' lang='grc' dir='ltr'>τε</span> <span class='ocrx_word' id='word_1_282' title='bbox 2994 4414 3090 4484; x_wconf 82' lang='grc' dir='ltr'><strong>τὴν</strong></span> <span class='ocrx_word' id='word_1_283' title='bbox 3123 4416 3261 4486; x_wconf 79' lang='grc' dir='ltr'>ἐμὴν</span> <span class='ocrx_word' id='word_1_284' title='bbox 3290 4416 3462 4487; x_wconf 76' lang='grc' dir='ltr'>κρίσιν</span> <span class='ocrx_word' id='word_1_285' title='bbox 3484 4419 3516 4487; x_wconf 83' lang='grc' dir='ltr'><strong>ή</strong></span> <span class='ocrx_word' id='word_1_286' title='bbox 3539 4433 3707 4489; x_wconf 80' lang='grc' dir='ltr'>προσ-</span> 
     </span>
    </p>
   </div>
   <div class='ocr_carea' id='block_1_48' title="bbox 472 4502 2068 4598">
    <p class='ocr_par' dir='ltr' id='par_1_48' title="bbox 472 4503 2044 4577">
     <span class='ocr_line' id='line_1_48' title="bbox 472 4503 2044 4577; baseline -0.004 -14"><span class='ocrx_word' id='word_1_287' title='bbox 472 4509 736 4573; x_wconf 89' lang='lat' dir='ltr'><strong>niciosus,</strong></span> <span class='ocrx_word' id='word_1_288' title='bbox 770 4524 894 4562; x_wconf 92' lang='lat' dir='ltr'><strong>cum</strong></span> <span class='ocrx_word' id='word_1_289' title='bbox 932 4509 967 4561; x_wconf 93' lang='lat' dir='ltr'><strong>ii</strong></span> <span class='ocrx_word' id='word_1_290' title='bbox 1004 4509 1096 4577; x_wconf 91' lang='lat' dir='ltr'><strong>qui</strong></span> <span class='ocrx_word' id='word_1_291' title='bbox 1136 4508 1190 4561; x_wconf 89' lang='lat' dir='ltr'><strong>in</strong></span> <span class='ocrx_word' id='word_1_292' title='bbox 1240 4523 1303 4562; x_wconf 88' lang='lat' dir='ltr'><strong>ea</strong></span> <span class='ocrx_word' id='word_1_293' title='bbox 1347 4508 1459 4577; x_wconf 85' lang='lat' dir='ltr'><strong>jam</strong></span> <span class='ocrx_word' id='word_1_294' title='bbox 1503 4512 1823 4577; x_wconf 84' lang='lat' dir='ltr'><strong>permanent</strong></span> <span class='ocrx_word' id='word_1_295' title='bbox 1881 4503 2044 4559; x_wconf 60' lang='lat' dir='ltr'><strong>dissiv</strong></span> 
     </span>
    </p>
   </div>
   <div class='ocr_carea' id='block_1_49' title="bbox 2144 4502 3703 4598">
    <p class='ocr_par' dir='ltr' id='par_1_49' title="bbox 2150 4502 3703 4577">
     <span class='ocr_line' id='line_1_49' title="bbox 2150 4502 3703 4577; baseline 0.004 -23"><span class='ocrx_word' id='word_1_296' title='bbox 2150 4503 2288 4573; x_wconf 80' lang='grc' dir='ltr'>θήκη</span> <span class='ocrx_word' id='word_1_297' title='bbox 2338 4502 2445 4556; x_wconf 79' lang='grc' dir='ltr'><strong>τῶν</strong></span> <span class='ocrx_word' id='word_1_298' title='bbox 2479 4505 2618 4557; x_wconf 80' lang='grc' dir='ltr'><strong>κατὰ</strong></span> <span class='ocrx_word' id='word_1_299' title='bbox 2673 4504 2772 4575; x_wconf 84' lang='grc' dir='ltr'><strong>τὴν</strong></span> <span class='ocrx_word' id='word_1_300' title='bbox 2813 4505 3135 4575; x_wconf 81' lang='grc' dir='ltr'>Ἐκκλησίαν</span> <span class='ocrx_word' id='word_1_301' title='bbox 3170 4506 3488 4577; x_wconf 75' lang='grc' dir='ltr'>σωζομένων</span> <span class='ocrx_word' id='word_1_302' title='bbox 3518 4509 3661 4560; x_wconf 73' lang='grc' dir='ltr'>ἐστίν</span> <span class='ocrx_word' id='word_1_303' title='bbox 3690 4526 3703 4539; x_wconf 91' lang='grc'><strong>·</strong></span> 
     </span>
    </p>
   </div>
   <div class='ocr_carea' id='block_1_50' title="bbox 474 4594 2068 4669">
    <p class='ocr_par' dir='ltr' id='par_1_50' title="bbox 474 4597 2040 4669">
     <span class='ocr_line' id='line_1_50' title="bbox 474 4597 2040 4669; baseline -0.003 -16"><span class='ocrx_word' id='word_1_304' title='bbox 474 4608 695 4669; x_wconf 77' lang='lat' dir='ltr'><strong>paritur.</strong></span> <span class='ocrx_word' id='word_1_305' title='bbox 754 4597 809 4652; x_wconf 90' lang='lat' dir='ltr'><strong>Si</strong></span> <span class='ocrx_word' id='word_1_306' title='bbox 850 4599 1019 4668; x_wconf 79' lang='lat' dir='ltr'><strong>igitur</strong></span> <span class='ocrx_word' id='word_1_307' title='bbox 1071 4598 1196 4668; x_wconf 89' lang='lat' dir='ltr'><strong>quis</strong></span> <span class='ocrx_word' id='word_1_308' title='bbox 1248 4598 1635 4668; x_wconf 65' lang='lat' dir='ltr'><strong>praedicatione</strong></span> <span class='ocrx_word' id='word_1_309' title='bbox 1686 4611 1785 4649; x_wconf 88' lang='lat' dir='ltr'><strong>sua</strong></span> <span class='ocrx_word' id='word_1_310' title='bbox 1826 4610 2040 4664; x_wconf 76' lang='lat' dir='ltr'><strong>gregem</strong></span> 
     </span>
    </p>
   </div>
   <div class='ocr_carea' id='block_1_51' title="bbox 2144 4594 3709 4669">
    <p class='ocr_par' dir='ltr' id='par_1_51' title="bbox 2147 4594 3709 4668">
     <span class='ocr_line' id='line_1_51' title="bbox 2147 4594 3709 4668; baseline 0.004 -22"><span class='ocrx_word' id='word_1_311' title='bbox 2147 4596 2176 4647; x_wconf 95' lang='lat'><strong>6</strong></span> <span class='ocrx_word' id='word_1_312' title='bbox 2222 4594 2279 4646; x_wconf 85' lang='grc' dir='ltr'>δὲ</span> <span class='ocrx_word' id='word_1_313' title='bbox 2325 4594 2620 4664; x_wconf 77' lang='grc' dir='ltr'>φθαρτικὸς</span> <span class='ocrx_word' id='word_1_314' title='bbox 2670 4597 2765 4648; x_wconf 82' lang='grc' dir='ltr'>καὶ</span> <span class='ocrx_word' id='word_1_315' title='bbox 2796 4597 3114 4668; x_wconf 79' lang='grc' dir='ltr'><strong>δηλητήριος</strong></span> <span class='ocrx_word' id='word_1_316' title='bbox 3164 4600 3197 4667; x_wconf 86' lang='grc' dir='ltr'>ἡ</span> <span class='ocrx_word' id='word_1_317' title='bbox 3230 4598 3338 4651; x_wconf 83' lang='grc' dir='ltr'><strong>τῶν</strong></span> <span class='ocrx_word' id='word_1_318' title='bbox 3370 4600 3709 4655; x_wconf 82' lang='grc' dir='ltr'>συνεστώτων</span> 
     </span>
    </p>
   </div>
   <div class='ocr_carea' id='block_1_52' title="bbox 476 4686 2043 4759">
    <p class='ocr_par' dir='ltr' id='par_1_52' title="bbox 476 4686 2043 4759">
     <span class='ocr_line' id='line_1_52' title="bbox 476 4686 2043 4759; baseline -0.002 -17"><span class='ocrx_word' id='word_1_319' title='bbox 476 4690 765 4759; x_wconf 77' lang='lat' dir='ltr'><strong>adaugeat,</strong></span> <span class='ocrx_word' id='word_1_320' title='bbox 795 4698 849 4744; x_wconf 90' lang='lat' dir='ltr'><strong>et</strong></span> <span class='ocrx_word' id='word_1_321' title='bbox 884 4688 951 4742; x_wconf 91' lang='lat' dir='ltr'><strong>ad</strong></span> <span class='ocrx_word' id='word_1_322' title='bbox 974 4689 1156 4743; x_wconf 89' lang='lat' dir='ltr'><strong>omnia</strong></span> <span class='ocrx_word' id='word_1_323' title='bbox 1177 4687 1373 4743; x_wconf 92' lang='lat' dir='ltr'><strong>domus</strong></span> <span class='ocrx_word' id='word_1_324' title='bbox 1404 4689 1577 4744; x_wconf 81' lang='lat' dir='ltr'><strong>latera</strong></span> <span class='ocrx_word' id='word_1_325' title='bbox 1601 4688 1764 4742; x_wconf 78' lang='lat' dir='ltr'><strong>vitem</strong></span> <span class='ocrx_word' id='word_1_326' title='bbox 1786 4686 2043 4741; x_wconf 78' lang='lat' dir='ltr'><strong>extendat</strong></span> 
     </span>
    </p>
   </div>
   <div class='ocr_carea' id='block_1_53' title="bbox 548 4800 1535 4858">
    <p class='ocr_par' dir='ltr' id='par_1_53' title="bbox 548 4800 1535 4858">
     <span class='ocr_line' id='line_1_53' title="bbox 548 4800 1535 4858; baseline -0.005 0"><span class='ocrx_word' id='word_1_327' title='bbox 548 4806 564 4835; x_wconf 92' lang='grc'>¹</span> <span class='ocrx_word' id='word_1_328' title='bbox 604 4804 791 4858; x_wconf 79' lang='lat' dir='ltr'><strong>Matth.</strong></span> <span class='ocrx_word' id='word_1_329' title='bbox 825 4802 1036 4858; x_wconf 72' lang='grc' dir='ltr'><strong>ν11.15.</strong></span> <span class='ocrx_word' id='word_1_330' title='bbox 1534 4800 1535 4803; x_wconf 52' lang='grc'><em>“</em></span> 
     </span>
    </p>
   </div>
   <div class='ocr_carea' id='block_1_54' title="bbox 545 4916 2043 4990">
    <p class='ocr_par' dir='ltr' id='par_1_54' title="bbox 545 4916 2043 4990">
     <span class='ocr_line' id='line_1_54' title="bbox 545 4916 2043 4990; baseline 0.001 -18"><span class='ocrx_word' id='word_1_331' title='bbox 545 4921 622 4987; x_wconf 88' lang='grc' dir='ltr'><strong>(Ι)</strong></span> <span class='ocrx_word' id='word_1_332' title='bbox 662 4920 945 4988; x_wconf 76' lang='lat' dir='ltr'><strong>Egregium</strong></span> <span class='ocrx_word' id='word_1_333' title='bbox 979 4919 1081 4973; x_wconf 87' lang='lat' dir='ltr'><strong>hoc</strong></span> <span class='ocrx_word' id='word_1_334' title='bbox 1120 4918 1575 4990; x_wconf 75' lang='lat' dir='ltr'><strong>sanctiGregorii</strong></span> <span class='ocrx_word' id='word_1_335' title='bbox 1620 4916 1851 4990; x_wconf 85' lang='lat' dir='ltr'><strong>Nysseni</strong></span> <span class='ocrx_word' id='word_1_336' title='bbox 1905 4933 2043 4988; x_wconf 89' lang='lat' dir='ltr'><strong>opus</strong></span> 
     </span>
    </p>
   </div>
   <div class='ocr_carea' id='block_1_55' title="bbox 476 4988 2045 5057">
    <p class='ocr_par' dir='ltr' id='par_1_55' title="bbox 476 4988 2045 5057">
     <span class='ocr_line' id='line_1_55' title="bbox 476 4988 2045 5057; baseline -0.001 -15"><span class='ocrx_word' id='word_1_337' title='bbox 476 4990 727 5042; x_wconf 84' lang='lat' dir='ltr'><strong>adversus</strong></span> <span class='ocrx_word' id='word_1_338' title='bbox 757 4989 1119 5057; x_wconf 80' lang='lat' dir='ltr'><strong>Apollinarem</strong></span> <span class='ocrx_word' id='word_1_339' title='bbox 1166 5005 1231 5043; x_wconf 79' lang='lat' dir='ltr'><strong>ex</strong></span> <span class='ocrx_word' id='word_1_340' title='bbox 1272 4988 1397 5042; x_wconf 75' lang='lat' dir='ltr'><strong>Val.</strong></span> <span class='ocrx_word' id='word_1_341' title='bbox 1430 4988 1897 5057; x_wconf 51' lang='lat' dir='ltr'><strong>Septinge&#39;ntorum</strong></span> <span class='ocrx_word' id='word_1_342' title='bbox 1937 4991 2045 5042; x_wconf 88' lang='lat' dir='ltr'><strong>cir-</strong></span> 
     </span>
    </p>
   </div>
   <div class='ocr_carea' id='block_1_56' title="bbox 474 5059 2045 5114">
    <p class='ocr_par' dir='ltr' id='par_1_56' title="bbox 474 5059 2045 5114">
     <span class='ocr_line' id='line_1_56' title="bbox 474 5059 2045 5114; baseline 0.001 -1"><span class='ocrx_word' id='word_1_343' title='bbox 474 5060 611 5113; x_wconf 86' lang='lat' dir='ltr'><strong>citer</strong></span> <span class='ocrx_word' id='word_1_344' title='bbox 669 5073 935 5113; x_wconf 90' lang='lat' dir='ltr'><strong>annorum</strong></span> <span class='ocrx_word' id='word_1_345' title='bbox 978 5060 1106 5113; x_wconf 90' lang='lat' dir='ltr'><strong>cod.</strong></span> <span class='ocrx_word' id='word_1_346' title='bbox 1166 5060 1432 5113; x_wconf 88' lang='lat' dir='ltr'><strong>eruimus.</strong></span> <span class='ocrx_word' id='word_1_347' title='bbox 1485 5059 1618 5112; x_wconf 89' lang='lat' dir='ltr'><strong>Illud</strong></span> <span class='ocrx_word' id='word_1_348' title='bbox 1661 5067 1842 5113; x_wconf 86' lang='lat' dir='ltr'><strong>autem</strong></span> <span class='ocrx_word' id='word_1_349' title='bbox 1888 5060 2045 5114; x_wconf 71' lang='lat' dir='ltr'><strong>valde</strong></span> 
     </span>
    </p>
   </div>
   <div class='ocr_carea' id='block_1_57' title="bbox 473 5128 2041 5198">
    <p class='ocr_par' dir='ltr' id='par_1_57' title="bbox 473 5128 2041 5198">
     <span class='ocr_line' id='line_1_57' title="bbox 473 5128 2041 5198; baseline -0.001 -15"><span class='ocrx_word' id='word_1_350' title='bbox 473 5129 773 5183; x_wconf 84' lang='lat' dir='ltr'><strong>notandum</strong></span> <span class='ocrx_word' id='word_1_351' title='bbox 809 5129 1079 5198; x_wconf 10' lang='lat' dir='ltr'><strong>habetilnc</strong></span> <span class='ocrx_word' id='word_1_352' title='bbox 1104 5128 1293 5192; x_wconf 78' lang='lat' dir='ltr'><strong>codex,</strong></span> <span class='ocrx_word' id='word_1_353' title='bbox 1328 5128 1471 5198; x_wconf 90' lang='lat' dir='ltr'><strong>quod</strong></span> <span class='ocrx_word' id='word_1_354' title='bbox 1500 5144 1650 5198; x_wconf 70' lang='lat' dir='ltr'><strong>mque</strong></span> <span class='ocrx_word' id='word_1_355' title='bbox 1680 5128 1849 5183; x_wconf 85' lang='lat' dir='ltr'><strong>veteri</strong></span> <span class='ocrx_word' id='word_1_356' title='bbox 1881 5144 2041 5181; x_wconf 90' lang='lat' dir='ltr'><strong>manu</strong></span> 
     </span>
    </p>
   </div>
   <div class='ocr_carea' id='block_1_58' title="bbox 475 5197 2044 5267">
    <p class='ocr_par' dir='ltr' id='par_1_58' title="bbox 475 5197 2044 5267">
     <span class='ocr_line' id='line_1_58' title="bbox 475 5197 2044 5267; baseline -0.001 -14"><span class='ocrx_word' id='word_1_357' title='bbox 475 5215 505 5253; x_wconf 83' lang='lat' dir='ltr'><strong>a</strong></span> <span class='ocrx_word' id='word_1_358' title='bbox 566 5199 891 5267; x_wconf 88' lang='lat' dir='ltr'><strong>scriptorum</strong></span> <span class='ocrx_word' id='word_1_359' title='bbox 960 5197 1142 5254; x_wconf 84' lang='lat' dir='ltr'><strong>forsan</strong></span> <span class='ocrx_word' id='word_1_360' title='bbox 1200 5197 1448 5253; x_wconf 83' lang='lat' dir='ltr'><strong>codicum</strong></span> <span class='ocrx_word' id='word_1_361' title='bbox 1517 5197 1827 5252; x_wconf 72' lang='lat' dir='ltr'><strong>cerrectore</strong></span> <span class='ocrx_word' id='word_1_362' title='bbox 1881 5206 2044 5265; x_wconf 85' lang='lat' dir='ltr'><strong>atque</strong></span> 
     </span>
    </p>
   </div>
   <div class='ocr_carea' id='block_1_59' title="bbox 475 5268 2043 5339">
    <p class='ocr_par' dir='ltr' id='par_1_59' title="bbox 475 5268 2043 5339">
     <span class='ocr_line' id='line_1_59' title="bbox 475 5268 2043 5339; baseline -0.003 -15"><span class='ocrx_word' id='word_1_363' title='bbox 475 5268 831 5339; x_wconf 70' lang='lat' dir='ltr'><strong>emendatorc</strong></span> <span class='ocrx_word' id='word_1_364' title='bbox 859 5268 1038 5337; x_wconf 90' lang='lat' dir='ltr'><strong>(quem</strong></span> <span class='ocrx_word' id='word_1_365' title='bbox 1069 5270 1429 5337; x_wconf 74' lang='grc' dir='ltr'>δοκιμάζοντα</span> <span class='ocrx_word' id='word_1_366' title='bbox 1462 5269 1528 5321; x_wconf 77' lang='grc' dir='ltr'><strong>τὰ</strong></span> <span class='ocrx_word' id='word_1_367' title='bbox 1554 5268 1912 5339; x_wconf 83' lang='grc' dir='ltr'>γεγραμμένα</span> <span class='ocrx_word' id='word_1_368' title='bbox 1950 5284 2043 5320; x_wconf 81' lang='lat' dir='ltr'><strong>vo-</strong></span> 
     </span>
    </p>
   </div>
   <div class='ocr_carea' id='block_1_60' title="bbox 476 5337 2035 5407">
    <p class='ocr_par' dir='ltr' id='par_1_60' title="bbox 476 5337 2035 5407">
     <span class='ocr_line' id='line_1_60' title="bbox 476 5337 2035 5407; baseline -0.001 -16"><span class='ocrx_word' id='word_1_369' title='bbox 476 5346 563 5391; x_wconf 88' lang='lat' dir='ltr'><strong>cat</strong></span> <span class='ocrx_word' id='word_1_370' title='bbox 607 5337 749 5393; x_wconf 89' lang='lat' dir='ltr'><strong>idem</strong></span> <span class='ocrx_word' id='word_1_371' title='bbox 793 5337 1068 5407; x_wconf 75' lang='lat' dir='ltr'><strong>Nyssenus</strong></span> <span class='ocrx_word' id='word_1_372' title='bbox 1117 5340 1257 5393; x_wconf 88' lang='lat' dir='ltr'><strong>inter</strong></span> <span class='ocrx_word' id='word_1_373' title='bbox 1316 5341 1573 5407; x_wconf 76' lang='lat' dir='ltr'><strong>epistolas</strong></span> <span class='ocrx_word' id='word_1_374' title='bbox 1625 5337 1786 5390; x_wconf 71' lang='lat' dir='ltr'><strong>intra</strong></span> <span class='ocrx_word' id='word_1_375' title='bbox 1816 5338 2035 5407; x_wconf 83' lang='lat' dir='ltr'><strong>editas),</strong></span> 
     </span>
    </p>
   </div>
   <div class='ocr_carea' id='block_1_61' title="bbox 476 5406 2035 5477">
    <p class='ocr_par' dir='ltr' id='par_1_61' title="bbox 476 5406 2035 5477">
     <span class='ocr_line' id='line_1_61' title="bbox 476 5406 2035 5477; baseline -0.001 -18"><span class='ocrx_word' id='word_1_376' title='bbox 476 5408 541 5461; x_wconf 80' lang='lat' dir='ltr'><strong>ad</strong></span> <span class='ocrx_word' id='word_1_377' title='bbox 606 5407 751 5461; x_wconf 83' lang='lat' dir='ltr'><strong>aliud</strong></span> <span class='ocrx_word' id='word_1_378' title='bbox 805 5406 1079 5477; x_wconf 63' lang='lat' dir='ltr'><strong>eiemplar</strong></span> <span class='ocrx_word' id='word_1_379' title='bbox 1130 5423 1192 5463; x_wconf 87' lang='lat' dir='ltr'><strong>ea</strong></span> <span class='ocrx_word' id='word_1_380' title='bbox 1247 5406 1499 5462; x_wconf 85' lang='lat' dir='ltr'><strong>cautione</strong></span> <span class='ocrx_word' id='word_1_381' title='bbox 1546 5408 1776 5462; x_wconf 89' lang='lat' dir='ltr'><strong>collatus</strong></span> <span class='ocrx_word' id='word_1_382' title='bbox 1838 5406 2035 5469; x_wconf 83' lang='lat' dir='ltr'><strong>fuerit,</strong></span> 
     </span>
    </p>
   </div>
   <div class='ocr_carea' id='block_1_62' title="bbox 479 5477 2039 5547">
    <p class='ocr_par' dir='ltr' id='par_1_62' title="bbox 479 5477 2039 5547">
     <span class='ocr_line' id='line_1_62' title="bbox 479 5477 2039 5547; baseline -0.001 -17"><span class='ocrx_word' id='word_1_383' title='bbox 479 5486 539 5530; x_wconf 89' lang='lat' dir='ltr'><strong>ut</strong></span> <span class='ocrx_word' id='word_1_384' title='bbox 582 5492 703 5547; x_wconf 76' lang='lat' dir='ltr'><strong>qua:</strong></span> <span class='ocrx_word' id='word_1_385' title='bbox 741 5478 1027 5547; x_wconf 10' lang='lat' dir='ltr'><strong>iniprioris</strong></span> <span class='ocrx_word' id='word_1_386' title='bbox 1062 5480 1309 5533; x_wconf 87' lang='lat' dir='ltr'><strong>lectionis</strong></span> <span class='ocrx_word' id='word_1_387' title='bbox 1361 5480 1534 5533; x_wconf 74' lang='lat' dir='ltr'><strong>locum</strong></span> <span class='ocrx_word' id='word_1_388' title='bbox 1590 5477 1934 5547; x_wconf 80' lang='lat' dir='ltr'><strong>postmodum</strong></span> <span class='ocrx_word' id='word_1_389' title='bbox 1971 5477 2039 5529; x_wconf 91' lang='lat' dir='ltr'><strong>ab</strong></span> 
     </span>
    </p>
   </div>
   <div class='ocr_carea' id='block_1_63' title="bbox 478 5546 2040 5617">
    <p class='ocr_par' dir='ltr' id='par_1_63' title="bbox 478 5546 2040 5617">
     <span class='ocr_line' id='line_1_63' title="bbox 478 5546 2040 5617; baseline 0 -17"><span class='ocrx_word' id='word_1_390' title='bbox 478 5546 1021 5617; x_wconf 41' lang='lat' dir='ltr'><strong>ipso&#39;superiuducta</strong></span> <span class='ocrx_word' id='word_1_391' title='bbox 1068 5550 1235 5609; x_wconf 76' lang='lat' dir='ltr'><strong>fuero,</strong></span> <span class='ocrx_word' id='word_1_392' title='bbox 1267 5549 1403 5601; x_wconf 76' lang='lat' dir='ltr'><strong>adeo</strong></span> <span class='ocrx_word' id='word_1_393' title='bbox 1445 5549 1718 5617; x_wconf 75' lang='lat' dir='ltr'><strong>eleganter</strong></span> <span class='ocrx_word' id='word_1_394' title='bbox 1757 5546 2040 5600; x_wconf 83' lang='lat' dir='ltr'><strong>cinnabari</strong></span> 
     </span>
    </p>
   </div>
   <div class='ocr_carea' id='block_1_64' title="bbox 478 5614 2041 5685">
    <p class='ocr_par' dir='ltr' id='par_1_64' title="bbox 478 5614 2041 5685">
     <span class='ocr_line' id='line_1_64' title="bbox 478 5614 2041 5685; baseline -0.003 -14"><span class='ocrx_word' id='word_1_395' title='bbox 478 5614 679 5685; x_wconf 77' lang='lat' dir='ltr'><strong>scripta</strong></span> <span class='ocrx_word' id='word_1_396' title='bbox 711 5614 943 5683; x_wconf 62' lang='lat' dir='ltr'><strong>iuerint,</strong></span> <span class='ocrx_word' id='word_1_397' title='bbox 974 5626 1034 5670; x_wconf 91' lang='lat' dir='ltr'><strong>ut</strong></span> <span class='ocrx_word' id='word_1_398' title='bbox 1100 5618 1245 5685; x_wconf 80' lang='lat' dir='ltr'><strong>prior</strong></span> <span class='ocrx_word' id='word_1_399' title='bbox 1300 5620 1461 5670; x_wconf 73' lang='lat' dir='ltr'><strong>etiam</strong></span> <span class='ocrx_word' id='word_1_400' title='bbox 1524 5614 1681 5670; x_wconf 67' lang='lat' dir='ltr'><strong>lectio</strong></span> <span class='ocrx_word' id='word_1_401' title='bbox 1734 5625 2041 5668; x_wconf 83' lang='lat' dir='ltr'><strong>atramento</strong></span> 
     </span>
    </p>
   </div>
   <div class='ocr_carea' id='block_1_65' title="bbox 477 5685 2042 5757">
    <p class='ocr_par' dir='ltr' id='par_1_65' title="bbox 477 5685 2042 5757">
     <span class='ocr_line' id='line_1_65' title="bbox 477 5685 2042 5757; baseline 0 -17"><span class='ocrx_word' id='word_1_402' title='bbox 477 5685 745 5741; x_wconf 81' lang='lat' dir='ltr'><strong>deliueata</strong></span> <span class='ocrx_word' id='word_1_403' title='bbox 792 5700 899 5741; x_wconf 92' lang='lat' dir='ltr'><strong>non</strong></span> <span class='ocrx_word' id='word_1_404' title='bbox 932 5687 1333 5747; x_wconf 82' lang='lat' dir='ltr'><strong>obliterarctur.</strong></span> <span class='ocrx_word' id='word_1_405' title='bbox 1384 5690 1493 5743; x_wconf 55' lang='lat' dir='ltr'><strong>hos</strong></span> <span class='ocrx_word' id='word_1_406' title='bbox 1538 5690 1721 5757; x_wconf 81' lang='lat' dir='ltr'><strong>itaque</strong></span> <span class='ocrx_word' id='word_1_407' title='bbox 1767 5688 1945 5756; x_wconf 80' lang='lat' dir='ltr'><strong>priore</strong></span> <span class='ocrx_word' id='word_1_408' title='bbox 1973 5688 2042 5740; x_wconf 83' lang='lat' dir='ltr'><strong>le—</strong></span> 
     </span>
    </p>
   </div>
   <div class='ocr_carea' id='block_1_66' title="bbox 2149 4685 3707 4759">
    <p class='ocr_par' dir='ltr' id='par_1_66' title="bbox 2149 4685 3707 4759">
     <span class='ocr_line' id='line_1_66' title="bbox 2149 4685 3707 4759; baseline 0.005 -21"><span class='ocrx_word' id='word_1_409' title='bbox 2149 4685 2407 4750; x_wconf 79' lang='grc' dir='ltr'>διάλυσις.</span> <span class='ocrx_word' id='word_1_410' title='bbox 2437 4687 2500 4739; x_wconf 80' lang='grc' dir='ltr'><strong>ΕΙ</strong></span> <span class='ocrx_word' id='word_1_411' title='bbox 2538 4686 2715 4740; x_wconf 80' lang='grc' dir='ltr'>τοίνυν</span> <span class='ocrx_word' id='word_1_412' title='bbox 2743 4705 2825 4751; x_wconf 82' lang='grc' dir='ltr'><strong>τις</strong></span> <span class='ocrx_word' id='word_1_413' title='bbox 2858 4687 3009 4755; x_wconf 77' lang='grc' dir='ltr'>αὕξοι</span> <span class='ocrx_word' id='word_1_414' title='bbox 3040 4688 3129 4743; x_wconf 77' lang='grc' dir='ltr'><strong>διὰ</strong></span> <span class='ocrx_word' id='word_1_415' title='bbox 3158 4689 3265 4742; x_wconf 83' lang='grc' dir='ltr'><strong>τῶν</strong></span> <span class='ocrx_word' id='word_1_416' title='bbox 3290 4689 3460 4759; x_wconf 77' lang='grc' dir='ltr'>λόγων</span> <span class='ocrx_word' id='word_1_417' title='bbox 3495 4692 3554 4745; x_wconf 82' lang='grc' dir='ltr'><strong>τὸ</strong></span> <span class='ocrx_word' id='word_1_418' title='bbox 3589 4692 3707 4745; x_wconf 76' lang='grc' dir='ltr'><strong>ποί-</strong></span> 
     </span>
    </p>
   </div>
   <div class='ocr_carea' id='block_1_67' title="bbox 2153 4917 3709 4990">
    <p class='ocr_par' dir='ltr' id='par_1_67' title="bbox 2153 4917 3709 4990">
     <span class='ocr_line' id='line_1_67' title="bbox 2153 4917 3709 4990; baseline 0.003 -18"><span class='ocrx_word' id='word_1_419' title='bbox 2153 4919 2340 4990; x_wconf 83' lang='lat' dir='ltr'><strong>ctione</strong></span> <span class='ocrx_word' id='word_1_420' title='bbox 2355 4917 2407 4971; x_wconf 89' lang='lat' dir='ltr'><strong>in</strong></span> <span class='ocrx_word' id='word_1_421' title='bbox 2425 4926 2677 4973; x_wconf 81' lang='lat' dir='ltr'><strong>contextu</strong></span> <span class='ocrx_word' id='word_1_422' title='bbox 2701 4918 3018 4987; x_wconf 86' lang='lat' dir='ltr'><strong>plerumque</strong></span> <span class='ocrx_word' id='word_1_423' title='bbox 3036 4931 3270 4981; x_wconf 84' lang='lat' dir='ltr'><strong>servata,</strong></span> <span class='ocrx_word' id='word_1_424' title='bbox 3287 4920 3537 4990; x_wconf 88' lang='lat' dir='ltr'><strong>antiquas</strong></span> <span class='ocrx_word' id='word_1_425' title='bbox 3552 4922 3709 4977; x_wconf 80' lang='lat' dir='ltr'><strong>hasce</strong></span> 
     </span>
    </p>
   </div>
   <div class='ocr_carea' id='block_1_68' title="bbox 2151 4989 3710 5057">
    <p class='ocr_par' dir='ltr' id='par_1_68' title="bbox 2151 4989 3710 5057">
     <span class='ocr_line' id='line_1_68' title="bbox 2151 4989 3710 5057; baseline 0 -13"><span class='ocrx_word' id='word_1_426' title='bbox 2151 4989 2596 5051; x_wconf 80' lang='lat' dir='ltr'><strong>emendationcs,</strong></span> <span class='ocrx_word' id='word_1_427' title='bbox 2625 4990 2913 5057; x_wconf 74' lang='lat' dir='ltr'><strong>variasque</strong></span> <span class='ocrx_word' id='word_1_428' title='bbox 2951 4992 3206 5045; x_wconf 86' lang='lat' dir='ltr'><strong>lectiones</strong></span> <span class='ocrx_word' id='word_1_429' title='bbox 3244 4993 3295 5045; x_wconf 92' lang='lat' dir='ltr'><strong>in</strong></span> <span class='ocrx_word' id='word_1_430' title='bbox 3338 4989 3483 5045; x_wconf 85' lang='lat' dir='ltr'><strong>notis</strong></span> <span class='ocrx_word' id='word_1_431' title='bbox 3528 4994 3710 5047; x_wconf 85' lang='lat' dir='ltr'><strong>retuli-</strong></span> 
     </span>
    </p>
   </div>
   <div class='ocr_carea' id='block_1_69' title="bbox 2152 5058 3706 5128">
    <p class='ocr_par' dir='ltr' id='par_1_69' title="bbox 2152 5058 3706 5128">
     <span class='ocr_line' id='line_1_69' title="bbox 2152 5058 3706 5128; baseline 0.001 -16"><span class='ocrx_word' id='word_1_432' title='bbox 2152 5076 2308 5125; x_wconf 87' lang='lat' dir='ltr'><strong>mus;</strong></span> <span class='ocrx_word' id='word_1_433' title='bbox 2372 5058 2476 5111; x_wconf 89' lang='lat' dir='ltr'><strong>nisi</strong></span> <span class='ocrx_word' id='word_1_434' title='bbox 2531 5068 2709 5111; x_wconf 86' lang='lat' dir='ltr'><strong>tamen</strong></span> <span class='ocrx_word' id='word_1_435' title='bbox 2760 5062 2896 5113; x_wconf 86' lang='lat' dir='ltr'><strong>tanti</strong></span> <span class='ocrx_word' id='word_1_436' title='bbox 2941 5061 3197 5128; x_wconf 89' lang='lat' dir='ltr'><strong>ponderis</strong></span> <span class='ocrx_word' id='word_1_437' title='bbox 3246 5062 3523 5125; x_wconf 79' lang='lat' dir='ltr'><strong>exstitere,</strong></span> <span class='ocrx_word' id='word_1_438' title='bbox 3567 5071 3625 5116; x_wconf 89' lang='lat' dir='ltr'><strong>ut</strong></span> <span class='ocrx_word' id='word_1_439' title='bbox 3655 5063 3706 5115; x_wconf 91' lang='lat' dir='ltr'><strong>in</strong></span> 
     </span>
    </p>
   </div>
   <div class='ocr_carea' id='block_1_70' title="bbox 2151 5130 3701 5186">
    <p class='ocr_par' dir='ltr' id='par_1_70' title="bbox 2151 5130 3701 5186">
     <span class='ocr_line' id='line_1_70' title="bbox 2151 5130 3701 5186; baseline 0.001 -4"><span class='ocrx_word' id='word_1_440' title='bbox 2151 5130 2415 5183; x_wconf 82' lang='lat' dir='ltr'><strong>orationis</strong></span> <span class='ocrx_word' id='word_1_441' title='bbox 2452 5137 2765 5182; x_wconf 77' lang='lat' dir='ltr'><strong>contextum</strong></span> <span class='ocrx_word' id='word_1_442' title='bbox 2796 5145 2888 5185; x_wconf 85' lang='lat' dir='ltr'><strong>cas</strong></span> <span class='ocrx_word' id='word_1_443' title='bbox 2910 5130 3206 5185; x_wconf 79' lang='lat' dir='ltr'><strong>transferre</strong></span> <span class='ocrx_word' id='word_1_444' title='bbox 3237 5134 3602 5186; x_wconf 84' lang='lat' dir='ltr'><strong>necessarium</strong></span> <span class='ocrx_word' id='word_1_445' title='bbox 3632 5134 3701 5185; x_wconf 70' lang='grc' dir='ltr'><strong>γὶο</strong></span> 
     </span>
    </p>
   </div>
   <div class='ocr_carea' id='block_1_71' title="bbox 2152 5199 3709 5264">
    <p class='ocr_par' dir='ltr' id='par_1_71' title="bbox 2152 5199 3709 5264">
     <span class='ocr_line' id='line_1_71' title="bbox 2152 5199 3709 5264; baseline 0.001 -11"><span class='ocrx_word' id='word_1_446' title='bbox 2152 5215 2271 5253; x_wconf 90' lang='lat' dir='ltr'><strong>sum</strong></span> <span class='ocrx_word' id='word_1_447' title='bbox 2307 5199 2510 5264; x_wconf 85' lang='lat' dir='ltr'><strong>luerit;</strong></span> <span class='ocrx_word' id='word_1_448' title='bbox 2554 5208 2685 5252; x_wconf 88' lang='lat' dir='ltr'><strong>tunc</strong></span> <span class='ocrx_word' id='word_1_449' title='bbox 2718 5200 2861 5252; x_wconf 86' lang='lat' dir='ltr'><strong>enim</strong></span> <span class='ocrx_word' id='word_1_450' title='bbox 2896 5201 3177 5255; x_wconf 85' lang='lat' dir='ltr'><strong>lectionem</strong></span> <span class='ocrx_word' id='word_1_451' title='bbox 3217 5217 3247 5253; x_wconf 91' lang='lat' dir='ltr'><strong>a</strong></span> <span class='ocrx_word' id='word_1_452' title='bbox 3296 5210 3601 5255; x_wconf 83' lang='lat' dir='ltr'><strong>correctore</strong></span> <span class='ocrx_word' id='word_1_453' title='bbox 3630 5204 3709 5255; x_wconf 79' lang='lat' dir='ltr'><strong>in-</strong></span> 
     </span>
    </p>
   </div>
   <div class='ocr_carea' id='block_1_72' title="bbox 2150 5268 3705 5331">
    <p class='ocr_par' dir='ltr' id='par_1_72' title="bbox 2150 5268 3705 5331">
     <span class='ocr_line' id='line_1_72' title="bbox 2150 5268 3705 5331; baseline 0.001 -9"><span class='ocrx_word' id='word_1_454' title='bbox 2150 5270 2383 5322; x_wconf 81' lang='lat' dir='ltr'><strong>dicatam</strong></span> <span class='ocrx_word' id='word_1_455' title='bbox 2419 5270 2470 5320; x_wconf 90' lang='lat' dir='ltr'><strong>in</strong></span> <span class='ocrx_word' id='word_1_456' title='bbox 2500 5268 2763 5322; x_wconf 88' lang='lat' dir='ltr'><strong>orationis</strong></span> <span class='ocrx_word' id='word_1_457' title='bbox 2794 5278 3107 5323; x_wconf 74' lang='lat' dir='ltr'><strong>contextum</strong></span> <span class='ocrx_word' id='word_1_458' title='bbox 3153 5272 3329 5331; x_wconf 90' lang='lat' dir='ltr'><strong>retuli,</strong></span> <span class='ocrx_word' id='word_1_459' title='bbox 3373 5272 3606 5325; x_wconf 88' lang='lat' dir='ltr'><strong>indicata</strong></span> <span class='ocrx_word' id='word_1_460' title='bbox 3633 5279 3705 5323; x_wconf 84' lang='lat' dir='ltr'><strong>ta-</strong></span> 
     </span>
    </p>
   </div>
   <div class='ocr_carea' id='block_1_73' title="bbox 2146 5338 3707 5412">
    <p class='ocr_par' dir='ltr' id='par_1_73' title="bbox 2146 5338 3707 5412">
     <span class='ocr_line' id='line_1_73' title="bbox 2146 5338 3707 5412; baseline 0.001 -21"><span class='ocrx_word' id='word_1_461' title='bbox 2146 5354 2268 5392; x_wconf 90' lang='lat' dir='ltr'><strong>men</strong></span> <span class='ocrx_word' id='word_1_462' title='bbox 2323 5340 2374 5412; x_wconf 83' lang='lat' dir='ltr'><strong>iu</strong></span> <span class='ocrx_word' id='word_1_463' title='bbox 2425 5341 2559 5393; x_wconf 82' lang='lat' dir='ltr'><strong>meis</strong></span> <span class='ocrx_word' id='word_1_464' title='bbox 2598 5340 2743 5393; x_wconf 86' lang='lat' dir='ltr'><strong>notis</strong></span> <span class='ocrx_word' id='word_1_465' title='bbox 2797 5338 3045 5405; x_wconf 88' lang='lat' dir='ltr'><strong>lectione,</strong></span> <span class='ocrx_word' id='word_1_466' title='bbox 3099 5357 3219 5412; x_wconf 76' lang='lat' dir='ltr'><strong>qua:</strong></span> <span class='ocrx_word' id='word_1_467' title='bbox 3257 5341 3406 5410; x_wconf 87' lang='lat' dir='ltr'><strong>prius</strong></span> <span class='ocrx_word' id='word_1_468' title='bbox 3447 5343 3500 5395; x_wconf 91' lang='lat' dir='ltr'><strong>in</strong></span> <span class='ocrx_word' id='word_1_469' title='bbox 3528 5342 3707 5395; x_wconf 77' lang='lat' dir='ltr'><strong>codice</strong></span> 
     </span>
    </p>
   </div>
   <div class='ocr_carea' id='block_1_74' title="bbox 2146 5410 2542 5477">
    <p class='ocr_par' dir='ltr' id='par_1_74' title="bbox 2146 5410 2542 5477">
     <span class='ocr_line' id='line_1_74' title="bbox 2146 5410 2542 5477; baseline -0.005 -16"><span class='ocrx_word' id='word_1_470' title='bbox 2146 5410 2542 5477; x_wconf 78' lang='lat' dir='ltr'><strong>reperiebatur.</strong></span> 
     </span>
    </p>
   </div>
   <div class='ocr_carea' id='block_1_75' title="bbox 2162 5476 3699 5603">
    <p class='ocr_par' dir='ltr' id='par_1_75' title="bbox 2162 5476 3699 5603">
     <span class='ocr_line' id='line_1_75' title="bbox 2162 5476 3699 5603; baseline 0.001 -72"><span class='ocrx_word' id='word_1_471' title='bbox 2162 5550 2177 5603; x_wconf 58' lang='grc' dir='ltr'>ι</span> <span class='ocrx_word' id='word_1_472' title='bbox 2212 5476 2291 5559; x_wconf 67' lang='grc'><strong>(2)</strong></span> <span class='ocrx_word' id='word_1_473' title='bbox 2344 5476 2503 5532; x_wconf 85' lang='lat' dir='ltr'><strong>Forte</strong></span> <span class='ocrx_word' id='word_1_474' title='bbox 2546 5477 2825 5548; x_wconf 78' lang='grc' dir='ltr'>ἐνδύμασι,</span> <span class='ocrx_word' id='word_1_475' title='bbox 2869 5489 2929 5533; x_wconf 94' lang='lat' dir='ltr'><strong>ut</strong></span> <span class='ocrx_word' id='word_1_476' title='bbox 2972 5480 3029 5535; x_wconf 89' lang='lat' dir='ltr'><strong>in</strong></span> <span class='ocrx_word' id='word_1_477' title='bbox 3075 5489 3223 5535; x_wconf 83' lang='lat' dir='ltr'><strong>textu</strong></span> <span class='ocrx_word' id='word_1_478' title='bbox 3269 5480 3453 5539; x_wconf 67' lang='lat' dir='ltr'><strong>Graeco</strong></span> <span class='ocrx_word' id='word_1_479' title='bbox 3483 5480 3539 5536; x_wconf 90' lang='lat' dir='ltr'><strong>S.</strong></span> <span class='ocrx_word' id='word_1_480' title='bbox 3575 5480 3699 5534; x_wconf 71' lang='lat' dir='ltr'><strong>Mat-</strong></span> 
     </span>
     <span class='ocr_line' id='line_1_76' title="bbox 2181 5566 2285 5603; baseline 0.01 -1"><span class='ocrx_word' id='word_1_481' title='bbox 2181 5566 2285 5603; x_wconf 77' lang='lat' dir='ltr'><strong>rei.</strong></span> 
     </span>
    </p>
   </div>
   <div class='ocr_carea' id='block_1_76' title="bbox 2143 5561 2285 5606">
    <p class='ocr_par' dir='ltr' id='par_1_76' title="bbox 2143 5561 2285 5606">
     <span class='ocr_line' id='line_1_77' title="bbox 2143 5561 2285 5606; baseline 0.028 -4"><span class='ocrx_word' id='word_1_482' title='bbox 2143 5561 2260 5603; x_wconf 75' lang='lat' dir='ltr'><strong>UITPI</strong></span> <span class='ocrx_word' id='word_1_483' title='bbox 2272 5593 2285 5606; x_wconf 84' lang='lat'><strong>.</strong></span> 
     </span>
    </p>
   </div>
   <div class='ocr_carea' id='block_1_77' title="bbox 2218 5622 3097 5698">
    <p class='ocr_par' dir='ltr' id='par_1_77' title="bbox 2218 5622 3097 5698">
     <span class='ocr_line' id='line_1_78' title="bbox 2218 5622 3097 5698; baseline 0.009 -27"><span class='ocrx_word' id='word_1_484' title='bbox 2218 5622 2293 5690; x_wconf 68' lang='grc'><strong>(5)</strong></span> <span class='ocrx_word' id='word_1_485' title='bbox 2326 5624 2482 5678; x_wconf 87' lang='lat' dir='ltr'><strong>Corr.</strong></span> <span class='ocrx_word' id='word_1_486' title='bbox 2513 5625 2705 5697; x_wconf 75' lang='grc' dir='ltr'>ἡμέρῳ</span> <span class='ocrx_word' id='word_1_487' title='bbox 2738 5627 2815 5698; x_wconf 83' lang='grc' dir='ltr'><strong>τῷ</strong></span> <span class='ocrx_word' id='word_1_488' title='bbox 2845 5628 3097 5697; x_wconf 76' lang='grc' dir='ltr'><strong>σχήματι.</strong></span> 
     </span>
    </p>
   </div>
  </div>
