4006 6550
315 330 457 388 MSS

1480 326 1853 384 ADVERSUS
1880 324 2396 382 APOLLINAREM.

3418 321 3560 379 “26

313 461 467 518 μνιον
487 484 504 510 ,
534 444 631 498 καὶ
658 445 738 508 είς
775 443 951 498 πάντα
980 442 1048 497 τά
1088 442 1243 514 κλίτη
1295 442 1397 515 τῆς
1429 443 1606 506 οίκίας
1659 443 1884 497 ἐκτείνει

1989 448 2043 495 et
2091 441 2299 496 circum
2353 440 2690 495 Dominicatn
2740 453 2982 495 mensam
3034 436 3263 508 plantet,
3294 435 3560 493 erraticas

310 535 411 607 τὴν
463 533 708 605 ἄμπελον
749 533 845 587 καὶ⁸
879 532 1260 604 περιφυτεύσει
1292 535 1357 603 τῇ
1409 534 1710 602 Δεσποτικῇ
1751 547 1886 601 τρα-

312 626 454 699 πέζῃ
504 626 632 688 τοὺς
685 624 793 678 ἀπὸ
846 626 945 694 τῆς
996 623 1097 695 (4)
1150 623 1460 695 ἀγριελαίου
1515 622 1758 693 πλάνης,
1808 622 1887 685 είς

310 716 509 771 ἐλαιῶν
536 716 615 786 (5)
647 714 1107 787 μεταποιούμενος
1138 714 1412 782 νεόφυτον,
1446 713 1658 775 καὶτὰς
1695 728 1887 782 μυστι-

315 806 415 863 κάς
450 804 679 874 ῥάϐδους
717 803 930 875 ἐμϐάλῃ
955 802 1033 871 τῷ
1064 801 1253 872 γλυκεῖ
1294 800 1389 855 καὶ
1430 802 1644 872 ποτίμῳ
1687 801 1889 869 νάματι

294 888 411 965 ιτῆς
460 894 846 957 διδασκαλίας,
887 894 954 947 δι’
987 888 1063 948 ὧν
1107 893 1485 961 πολυγονεῖται
1519 892 1589 946 τά
1639 890 1884 963 ποίμνια,

312 985 456 1038 ὥστε
487 983 581 1037 τοῦ
612 983 712 1053 μὲν
738 981 926 1036 Λαϐἀν
964 981 1312 1037 ἐλαττοῦσθαι
1339 981 1437 1052 τὴν
1479 982 1668 1052 κτῆσιν
1687 1020 1701 1044 ,
1731 980 1889 1050 εὐθη-

312 1074 530 1130 νεῖσθαι
580 1074 638 1128 δὲ
688 1073 749 1126 τὸ
787 1074 949 1144 μέρος
991 1074 1086 1127 τοῦ
1130 1072 1345 1140 Ἰακὼϐ,
1386 1074 1481 1127 καὶ
1524 1070 1887 1143 πληθύνεσθαι

313 1169 380 1238 τῇ
416 1166 669 1235 ἐπισήμῳ
702 1166 830 1235 γονῇ
870 1164 985 1233 (6)·
1024 1164 1074 1217 εί
1123 1162 1360 1217 τοιοῦτόν
1408 1180 1491 1227 τις
1538 1162 1629 1216 τὸν
1678 1162 1889 1233 καρπὸν

311 1256 417 1326 τῆς
447 1255 791 1317 διδασκαλίας
829 1253 1214 1309 ἐπιδεικνύοιτο
1241 1254 1471 1327 (καρπὸς
1500 1255 1608 1323 γάρ
1631 1255 1765 1318 ἐστι,
1792 1270 1891 1307 κα-

315 1346 425 1410 θὼς
447 1348 680 1418 εἴρηται,
702 1347 734 1417 ἡ
756 1346 856 1416 τῆς
880 1345 1134 1414 ἀληθείας
1163 1346 1507 1417 ἐπαύξησις),
1532 1345 1746 1416 ἀληθῶς
1774 1345 1890 1397 ἐστι

316 1440 602 1509 προφήτης
624 1479 639 1504 ,
682 1437 826 1491 κατά
864 1437 955 1491 τὸν
1000 1437 1141 1492 θεῖον
1175 1440 1376 1493 σκοπὸν
1422 1437 1777 1508 ὑποφητεύων
1814 1434 1891 1506 τῷ

316 1529 610 1601 πνεύματι.
640 1530 705 1582 El
737 1529 795 1583 δέ
831 1547 917 1593 τις
939 1530 1215 1583 ἀποτίλλει
1245 1531 1341 1599 τῆς
1370 1529 1615 1600 ἀμπέλου
1641 1529 1739 1591 τὰς
1763 1528 1892 1598 κλη-

320 1623 549 1696 ματίδας
570 1662 585 1687 ,
620 1622 851 1693 ἐρημοίη
889 1623 964 1694 (7)
992 1623 1049 1676 δὲ
1069 1622 1169 1694 τὴν
1202 1622 1350 1676 θείαν
1370 1620 1648 1693 τράπεζαν
1667 1662 1682 1687 ,
1720 1622 1891 1692 ἀναῤ-

318 1715 485 1786 ρίζων
514 1713 615 1785 τὴν
656 1714 877 1783 φυτείαν
902 1751 919 1776 ,
964 1713 1303 1767 ἐπιϐουλεύοι
1339 1713 1396 1766 δὲ
1426 1712 1504 1784 τῷ
1536 1709 1890 1783 πνευματικῷ

1986 532 2213 586 oleastri
2242 546 2425 587 ramos
2469 532 2526 585 in
2577 531 2845 585 olivarum
2889 530 3130 584 novellas
3160 538 3558 594 transmutans,

1964 621 2249 692 rmysticas
2299 620 2535 690 denique
2591 620 2773 689 virgas
2822 618 2879 672 in
2932 618 3113 673 dulcia
3158 628 3214 675 et
3261 626 3416 688 grata
3462 618 3562 674 do-

1987 710 2179 766 ctrinae.
2200 710 2400 765 ﬂuenta
2417 709 2647 780 injiciat,
2675 724 2769 778 per
2789 723 2928 778 quas
2955 709 3027 762 ita
3046 724 3235 779 greges
3258 707 3563 764 fecundan-

1987 811 2097 866 tur,
2131 810 2193 856 ιιι
2238 800 2423 856 Laban
2471 800 2746 871 possessio
2791 800 3087 864 minuatur,
3141 800 3381 856 abundet
3429 816 3562 856 vero

1987 905 2118 961 pars
2147 889 2337 957 Jacob,
2370 899 2423 946 et
2453 891 2655 961 insigni
2691 889 2803 946 fetu
2849 890 3239 960 multiplicetur
3275 893 3318 957 ’;
3347 892 3395 946 si
3435 892 3561 962 quis

1989 984 2151 1039 talem
2216 983 2483 1039 doctrina:
2541 1000 2655 1039 suae
2708 982 2948 1037 fructum
3006 982 3258 1038 ostendat
3314 984 3561 1051 (fructus

1988 1076 2157 1143 enim,
2187 1085 2246 1130 ut
2276 1076 2537 1139 diximus.
2582 1075 2833 1130 veritatis
2886 1075 3280 1130 incrementum
3311 1075 3439 1145 est),
3475 1076 3563 1131 hic

1988 1178 2118 1218 vere
2161 1163 2429 1234 propheta
2460 1172 2566 1228 est,
2601 1172 2788 1233 utpote
2824 1163 2919 1233 qui
2949 1164 3107 1233 juxta
3140 1162 3235 1218 Dei
3269 1165 3560 1219 consilium

1988 1255 2160 1324 legem
2197 1255 2394 1325 spiritu
2424 1254 2831 1326 interpretetur.
2870 1254 2940 1307 At
2975 1269 3005 1308 e
3042 1256 3321 1310 contrario
3348 1255 3396 1310 si
3436 1255 3563 1323 quis

1991 1347 2121 1401 vitis
2160 1360 2345 1401 ramos
2384 1346 2603 1410 evellat,
2634 1345 2875 1399 divinam
2909 1359 3040 1400 vero
3068 1360 3335 1411 mensam,
3366 1345 3565 1401 exstir-

1989 1444 2115 1507 pata
2148 1436 2505 1505 plantatione,
2533 1436 2807 1491 desertam
2838 1435 3050 1501 reddat,
3097 1446 3153 1490 et
3184 1436 3414 1491 insidias
3455 1436 3565 1489 cir-

1991 1540 2117 1580 cum
2152 1525 2435 1595 spirituale
2482 1525 2772 1594 aquarium
2823 1527 3032 1590 tendat,
3073 1533 3131 1578 ut
3170 1540 3279 1579 non
3327 1525 3565 1595 amplius

1988 1632 2117 1674 oves
2149 1626 2275 1673 ante
2304 1618 2629 1688 patriarcha:
2666 1617 2851 1686 virgas
2880 1618 3223 1688 concipiant,
3264 1628 3318 1673 et
3361 1618 3565 1686 insigni

1989 1707 2103 1763 fetu
2131 1717 2363 1780 augeant
2388 1724 2626 1780 gregem,
2664 1708 2758 1764 sed
2792 1709 2861 1764 ab
2885 1708 3163 1765 alibilibus
3195 1709 3433 1779 pascuis.
3468 1724 3567 1778 pa-

315 1802 690 1874 ποτιστηρίῳ,
743 1801 819 1865 ὡς
847 1802 925 1874 (8)
971 1801 1164 1873 μηκέτι
1201 1800 1270 1855 τά
1317 1801 1563 1871 πρόϐατα
1607 1802 1749 1854 κατὰ
1792 1799 1884 1863 τάς

1994 1800 2169 1857 ternis
2203 1800 2453 1855 videlicet
2482 1800 2893 1868 traditionibus,
2929 1802 3111 1872 abigat
3138 1808 3194 1856 et
3227 1808 3384 1856 extra
3418 1816 3568 1854 man-

318 1893 544 1965 ῥάϐδους
568 1891 662 1946 τοῦ
702 1892 1037 1964 πατριάρχου
1089 1893 1282 1963 κισσᾷν
1307 1932 1321 1956 ,
1376 1892 1508 1962 μηδὲ
1543 1892 1663 1955 ταῖς
1698 1891 1888 1961 ἐπισή-

319 2001 444 2056 μοις
470 1987 655 2053 γοναῖς
686 1983 977 2055 πληθύνειν
1022 1984 1084 2037 τὸ
1126 1985 1371 2054 ποίμνιον
1395 2022 1409 2048 ,
1444 1982 1560 2037 ἀλλ’
1590 1981 1892 2036 ἀποϐουκο-

314 2074 524 2129 λείσθαι
553 2075 651 2145 τῆς
680 2074 947 2147 τροφίμου
978 2074 1150 2145 νομῆς
1168 2112 1183 2138 ,
1205 2074 1449 2128 τουτέστι
1477 2073 1584 2126 τῶν
1611 2071 1890 2144 πατρικῶν

314 2166 664 2237 παραδόσεων
686 2208 701 2233 ,
732 2167 827 2220 καὶ
856 2164 961 2230 ἔξω
989 2166 1088 2237 τῆς
1139 2166 1378 2238 μάνδραις
1404 2163 1718 2230 αὐλίζεσθαι
1744 2205 1757 2228 ,
1797 2165 1892 2218 κα)⁵

1994 1890 2150 1946 dram
2206 1889 2482 1945 stabulare
2516 1888 2701 1957 faciat,
2751 1900 2806 1945 et
2855 1905 2953 1959 per
2986 1890 3162 1943 aliena
3209 1903 3413 1959 pascua
3448 1888 3565 1943 dis-

1994 1981 2195 2050 pergi:
2246 1980 2487 2050 quando,
2519 1980 2767 2050 inquam,
2824 1980 2986 2035 talem
3035 1980 3283 2035 doctrina
3329 1979 3564 2034 fructum

1996 2071 2305 2142 protulerit,
2337 2078 2470 2125 tunc
2497 2072 2685 2141 utique
2712 2071 2899 2142 lupina
2922 2070 3118 2136 forma,
3149 2072 3252 2126 sub
3281 2071 3400 2127 ovis
3428 2070 3567 2144 pelle

1996 2164 2194 2227 latens,
2233 2163 2696 2219 manifestabitur.

314 2259 453 2329 πρὸς
480 2259 765 2332 ἀλλοτρίας
817 2261 987 2331 νομὰς
1036 2260 1476 2314 διασκίδνασθαι⁹
1511 2261 1588 2313 ὅτ’
1620 2259 1686 2313 ἂν
1713 2258 1950 2322 τοιοῦτος
1989 2258 2089 2328 τῆς
2125 2257 2471 2321 διδασκαλίας
2507 2258 2719 2329 καρπὸς
2778 2254 2849 2332 ᾖ,
2914 2258 3180 2333 πρόδηλον
3249 2258 3316 2313 ἂν
3359 2256 3568 2326 γένοιτο

314 2352 377 2407 τὸ
398 2350 613 2406 λύκειον
637 2353 839 2423 σχῆμα,
867 2354 928 2405 τὸ
953 2351 1443 2423 ἀποκεκρυμμένον
1466 2355 1532 2423 τῇ
1558 2351 1649 2405 τοῦ
1678 2352 1950 2423 προϐάτου
1982 2349 2131 2421 δορᾷ.

382 2446 592 2500 Οὐκοῦν
626 2447 967 2518 ἐξετάσωμεν
1014 2448 1069 2500 τί
1126 2448 1257 2517 ἡμῖν
1302 2448 1336 2517 ἡ
1370 2445 1465 2499 τοῦ
1510 2445 1887 2516 ’Δπολιναρίου

311 2536 407 2591 τοῦ
452 2536 625 2608 Σύρου
672 2537 986 2591 διδασκαλία
1030 2536 1365 2607 ἐϐλάστησε,
1412 2534 1727 2605 προσθήκην
1779 2533 1887 2587 τῶν

313 2624 635 2696 ποιμνίωνῆ
666 2625 890 2695 μείωσιν
910 2666 925 2690 ,
966 2626 1285 2694 συναγωγὴν
1330 2623 1438 2677 τῶν
1469 2623 1887 2694 διεσκορπισμέ-

312 2732 422 2769 νων
452 2713 486 2785 ἢ
516 2713 625 2767 τῶν
655 2715 1004 2770 συνεστώτων
1035 2716 1296 2778 διάλυσιν,
1332 2712 1657 2783 συνηγορίαν
1681 2713 1714 2784 ἢ
1757 2715 1888 2767 ἀνα-

313 2807 523 2878 τροπὴν
546 2807 655 2861 τῶν
683 2806 955 2879 πατρῴων
982 2806 1285 2877 δογμάτων.
1318 2806 1381 2858 Εί
1412 2803 1510 2874 μὲν
1534 2799 1628 2857 οῦν
1654 2803 1789 2874 πρὸς
1826 2803 1888 2856 τὸ

313 2900 610 2971 κρεῖττονή
637 2900 840 2970 σπουδὴ
863 2899 957 2953 τοῦ
982 2896 1374 2969 προειρημένου
1399 2896 1602 2967 βλέπει,
1619 2896 1887 2966 πρόϐατον

312 2987 531 3052 πάντως
556 3028 571 3055 ,
607 2989 699 3041 καὶ
742 2989 863 3058 οὐχ).
898 2988 1061 3051 λύκος
1115 2986 1262 3039 ἐστίν
1285 3004 1298 3019 ·
1345 2987 1394 3038 εί
1432 2985 1489 3037 δὲ
1519 2984 1578 3038 τὸ
1626 2984 1880 3051 ἔμπαλιν,

2060 2443 2129 2498 ιι.
2163 2441 2512 2512 Inquiramus
2548 2457 2677 2514 ergo
2708 2443 2838 2514 quid
2876 2444 3034 2500 nobis
3064 2442 3397 2514 Apollinaris
3442 2443 3565 2515 Syri

1991 2533 2241 2587 doctrina
2279 2533 2525 2603 protulit,
2574 2533 3049 2593 incrementumne
3096 2533 3277 2606 gregis
3308 2549 3376 2588 an
3403 2535 3565 2589 dimi-

1990 2625 2298 2691 nutionem,
2321 2624 2769 2695 dispersorumne
2798 2624 3175 2681 collectionem
3204 2639 3272 2679 an
3305 2626 3565 2681 collecto-

1989 2726 2113 2766 rum
2149 2709 2573 2781 dispersionem,
2604 2711 3053 2767 defensionemne
3072 2723 3425 2782 paternorum
3467 2712 3564 2767 do-

1990 2810 2231 2872 gmatum
2270 2817 2338 2855 an
2392 2803 2827 2858 subversionem.
2878 2801 2935 2865 Si
2985 2805 3170 2874 itaque
3219 2803 3376 2860 adid
3416 2805 3563 2875 quod

1994 2893 2190 2948 melius
2213 2900 2297 2947 est
2317 2893 2650 2962 Apollinaris
2671 2893 2913 2948 studiutn
2939 2894 3182 2964 respicit,
3206 2895 3325 2952 ovis
3348 2895 3563 2965 utique,

1990 2991 2043 3039 et
2074 2997 2181 3038 non
2209 2985 2368 3053 lupus
2398 2985 2537 3050 erit;
2570 2984 2615 3040 si
2644 3000 2772 3040 vero
2801 2993 2991 3040 contra
3022 3004 3037 3040 :
3069 2986 3330 3040 Attendite
3355 2987 3561 3056 afatsis

314 3077 648 3148 Προσέχετε
676 3078 795 3133 ἀπὸ
817 3076 935 3132 τῶν
960 3074 1487 3146 ψευδοπροφητῶν,
1521 3076 1684 3145 φησιν
1714 3077 1742 3128 ὁ
1766 3075 1879 3128 Κύ-

1987 3076 2273 3156 prophetis,
2317 3077 2393 3130 ait
2437 3076 2747 3141 Dominus:
2790 3093 2900 3132 non
2942 3078 3107 3133 lateat
3145 3093 3213 3133 os
3247 3079 3403 3144 illud,
3446 3094 3563 3149 per.

317 3186 430 3240 ριος
456 3185 471 3199 ο
528 3168 603 3239 μὴ
654 3168 963 3223 λανθανέτω
1007 3169 1068 3221 τὸ
1118 3168 1289 3237 στόμα
1341 3168 1402 3219 τὸ
1445 3167 1538 3219 ἐπὶ
1590 3165 1738 3239 λώϐῃ
1790 3167 1883 3220 καὶ

313 3258 605 3329 ἀφανισμῷ
642 3257 735 3311 τοῦ
776 3257 1224 3330 προσεγγίζοντος
1267 3257 1513 3329 σώματος
1549 3255 1883 3327 τεθηγμένον

312 3352 425 3412 τοῖς
466 3350 567 3419 τῆς
610 3350 958 3419 καινοτομίας
1000 3348 1179 3402 ὀδοῦσι
1212 3349 1306 3401 καὶ
1338 3349 1797 3420 κατασπαράσσον
1824 3348 1884 3400 τὸ

317 3442 462 3509 ὑγιὲς
491 3440 649 3513 σῶμα
690 3442 788 3511 τῆς
817 3438 909 3493 τοῦ
953 3440 1088 3494 Θεοῦ
1122 3440 1470 3509 Ἐκκλησίας.
1505 3441 1590 3503 Ὠς
1617 3441 1661 3493 δ’
1698 3439 1763 3493 ἂν
1810 3439 1884 3510 μὴ

313 3533 492 3603 δοκοίη
527 3531 762 3603 λοιδορία
790 3531 850 3585 τὸ
900 3531 1189 3602 λεγόμενον
1239 3527 1380 3585 εἶναι
1406 3570 1421 3592 ,
1468 3532 1565 3585 ἕνα
1616 3532 1724 3584 τῶν
1754 3532 1883 3603 παρ’

314 3619 477 3673 αὑτοῦ
536 3619 977 3690 περιφερομένων
1027 3618 1198 3686 λόγων
1265 3618 1681 3689 προσθήσομεν,
1735 3616 1796 3674 οὗ
1847 3623 1880 3692 ἡ

315 3713 593 3784 ἐπιγραφή
627 3714 773 3764 ἐστιν
806 3711 963 3780 αῦτη·
1019 3710 1341 3777 Ἀπόδειξις
1366 3754 1381 3777 ,
1417 3712 1568 3781 φησι,
1610 3711 1741 3779 περὶ
1775 3712 1884 3780 τῆς

315 3805 476 3870 θείας
525 3803 879 3873 σαρκώσεως
914 3802 1023 3871 τῆς
1077 3806 1202 3858 καθ’
1236 3804 1519 3872 ὁμοίωσιν
1547 3803 1879 3871 ἀνθρώπου.

314 3895 467 3964 Τάχα
499 3894 544 3947 δ’
565 3895 629 3949 ἄν
656 3912 739 3958 τις
767 3894 833 3946 δι’
872 3893 1155 3965 ἀκριϐείας
1189 3894 1277 3945 τὸν
1302 3893 1401 3961 τῆς
1425 3894 1736 3963 ἐπιγραφῆς
1759 3893 1883 3947 νοῦν

312 3984 749 4055 ἀπογυμνώσας,
779 3985 879 4037 οὐκ
913 3983 982 4037 ἂν
1030 3984 1244 4055 δεηθείη
1287 3984 1351 4037 δι’
1385 3984 1553 4052 αὐτῆς
1594 3987 1691 4053 τῆς
1734 3984 1876 4052 λογοι

311 4074 550 4145 γραφίας
590 4075 690 4146 (9)
749 4072 964 4141 ἐλέγξαι
1019 4072 1115 4143 τὴν
1172 4073 1397 4126 ἀτοπίαν
1448 4071 1542 4124 τοῦ
1593 4072 1880 4142 δόγματος.

325 4166 670 4232 Ἀπόδειξις,
716 4166 867 4235 φησὶ,
896 4164 1029 4233 περὶ
1058 4163 1169 4232 τῆς
1198 4164 1358 4229 θείας
1387 4163 1743 4232 σαρκώσεως
1772 4163 1882 4232 τῆς

311 4260 439 4311 καθ’
473 4259 759 4327 ὁμοίωσιν
792 4257 1125 4324 ἀνθρώπου.
1169 4255 1423 4327 Κρεῖττον
1469 4257 1512 4309 δ’
1558 4256 1624 4309 ἂν
1661 4257 1743 4327 εῑη
1783 4258 1881 4320 τάς

312 4347 462 4411 θείας
488 4349 825 4416 παραθέσθαι
861 4347 1040 4416 φωνὰς
1063 4348 1138 4410 εἰς
1167 4348 1383 4417 ἔλεγχον
1407 4347 1504 4416 τῆς
1534 4347 1723 4416 καινῆς
1752 4347 1881 4398 “cad-

1986 3168 2163 3222 acutis
2209 3168 2466 3224 novitatis
2500 3169 2753 3224 dentibus
2790 3169 2851 3233 ἱιι
2869 3169 3125 3225 damnum
3156 3170 3563 3241 perniciemque

1982 3260 2536 3329 appropinquantium
2568 3268 2838 3314 armatum
2868 3268 2921 3315 et
2952 3275 3147 3315 sanum
3183 3261 3443 3318 Ecclesiae
3466 3261 3561 3317 Dei

1983 3367 2183 3420 corpus
2218 3352 2487 3407 lacerans.
2530 3351 2607 3406 Ne
2642 3361 2845 3417 autem,
2875 3352 3021 3422 quod
3066 3352 3320 3420 dicimus,
3370 3356 3563 3410 convi-

1983 3444 2128 3497 cium
2161 3459 2285 3499 esse
2315 3443 2585 3510 videatur,
2634 3459 2802 3497 unum
2843 3460 2909 3499 ex
2938 3445 3078 3515 ejus,
3122 3446 3213 3515 qui
3260 3445 3558 3501 circumfe-

1985 3544 2181 3588 runtur
2219 3535 2547 3589 tractatibus
2588 3532 3007 3603 subjungamus.
3063 3535 3226 3604 cujus
3277 3535 3562 3603 inseriptio

1984 3627 2107 3683 talis
2133 3634 2238 3691 est,
2271 3626 2691 3689 Demonstratio,
2720 3626 3145 3695 inquit,-divina:
3174 3627 3558 3681 incarnationis

1984 3718 2053 3772 ad
2090 3718 2491 3772 similitudinem
2518 3716 2767 3772 hominis.
2795 3717 2859 3770 Et
2887 3715 3124 3773 fortasse
3152 3718 3373 3788 quidem
3393 3732 3560 3771 accu-

1985 3818 2105 3864 rate
2138 3808 2412 3879 patefacto
2461 3809 2837 3878 inscriptionis
2865 3823 3049 3873 sensu,
3099 3824 3207 3863 non
3247 3815 3395 3863 esset
3423 3807 3559 3862 ulte-

1984 3902 2100 3957 rius
2132 3902 2295 3955 alicui
2348 3901 2730 3962 laborandum,
2781 3901 2836 3954 in
2893 3900 3163 3969 dogmatis
3219 3898 3558 3956 absurditate

1983 4007 2079 4060 per
2107 3990 2351 4060 singulas
2396 3989 2568 4059 ipsius
2613 3997 2879 4044 tractatus
2928 3997 3111 4058 partes
3155 3990 3553 4058 redarguenda.
3656 3986 3663 3991 ’

1982 4080 2396 4143 Demonstratio,
2434 4079 2629 4149 inquit,
2659 4077 2852 4132 divina:
2883 4077 3268 4132 incarnationis
3295 4078 3363 4129 ad
3397 4077 3552 4132 simi-

1986 4174 2263 4227 litudinem
2287 4172 2534 4228 hominis.
2562 4169 2762 4225 Verum
2782 4170 2956 4225 satius
2980 4168 3141 4222 fuerit
3164 4167 3371 4222 divinas
3392 4182 3553 4223 voces

1982 4278 2257 4333 apponere
2285 4265 2338 4317 in
2376 4278 2527 4317 nova:
2567 4261 2728 4330 hujus
2760 4260 2995 4314 ﬁctionis
3040 4258 3319 4313 nominum
3356 4259 3554 4314 confu-

1983 4358 2265 4411 tationem.
2303 4354 2549 4416 Verbum,
2584 4355 2658 4407 ait
2688 4353 2728 4417 ³,
2760 4369 2883 4405 caro
2917 4351 3113 4419 factum
3173 4359 3297 4417 est,
3328 4360 3400 4415 et,
3433 4349 3555 4407 Clo-

309 4457 409 4509 της
437 4440 871 4509 ὀνοματοποιίας.
911 4439 963 4491 'U
984 4439 1203 4507 Λόγος,
1240 4438 1391 4507 φησὶ,
1423 4436 1578 4506 σὰρξ
1603 4436 1837 4506 ἐγένετο
1862 4455 1872 4467 ·

1987 4448 2066 4500 ria
2101 4446 2413 4500 inltabitavit
2440 4446 2493 4497 in
2538 4455 2679 4498 terra
2726 4453 2908 4498 nostra
2931 4442 2973 4506 ⁸,
3012 4449 3105 4515 et.'
3135 4440 3273 4495 Deus
3323 4443 3552 4512 manife-

311 4534 422 4595 καὶ,
460 4534 519 4585 Ἠ
550 4532 701 4595 δόξα
721 4531 1186 4597 κατεσκήνωσεν
1208 4531 1277 4582 ἐν
1307 4528 1382 4596 τῇ
1417 4527 1494 4598 γῇ
1527 4527 1694 4596 ἡμῶν
1713 4546 1725 4559 ο
1759 4529 1872 4591 καὶ,

320 4622 375 4675 '0
409 4622 551 4689 Θεὸς
577 4622 916 4692 ἐφανερώθη
958 4623 1026 4675 ἐν
1068 4621 1281 4690 σαρκὶ,
1326 4620 1401 4684 ὡς
1446 4621 1511 4675 ἂν
1548 4620 1612 4674 δι’
1647 4621 1876 4685 ἑκάστου

380 4755 402 4785 ⁸
428 4756 563 4811 Gen.
597 4773 727 4823 xxx,
756 4757 823 4810 57
847 4772 969 4827 sqq.

380 4896 456 4969 (ί)
484 4896 560 4969 Ita
585 4909 728 4969 c_orr.
752 4894 893 4948 male
923 4903 1078 4948 antea
1111 4896 1213 4969 τῆς
1245 4894 1350 4946 ἀπὸ
1366 4894 1482 4969 τῆςἲ

308 4963 458 5090 ἒλρὶ)
514 4967 577 5020 Et
609 4965 725 5019 haec
759 4979 903 5018 corr.
933 4963 1242 5019 ernendatiu
1269 4972 1380 5029 est;
1406 4965 1557 5033 prius
1587 4965 1729 5019 enim
1757 4972 1873 5020 crat

370 5053 505 5089 αιον.
1324 5066 1327 5069 '
1864 5062 1871 5069 ‘

370 5053 505 5089 αιον.
1324 5066 1327 5069 ν

379 5108 454 5175 (6)
506 5105 787 5173 Επίσημος
821 5104 949 5175 γονή
997 5112 1106 5157 tam
1162 5103 1251 5175 hic
1302 5118 1463 5171 quam
1512 5103 1649 5175 inira
1676 5105 1872 5173 aliquis

309 5173 539 5231 forsitan
562 5181 797 5228 verteret
820 5173 955 5228 varii
987 5175 1181 5229 coloris
1229 5174 1386 5241 fetus.
1431 5176 1513 5226 vel
1548 5173 1752 5228 diverso
1781 5191 1872 5227 co-

308 5247 417 5299 lore
454 5260 717 5313 respersus
743 5243 902 5311 fetus,
952 5252 1010 5297 ut
1051 5259 1220 5299 sacrae
1250 5242 1547 5312 Scriptura:
1573 5246 1872 5297 narrationi

309 5331 533 5435 ριοιῗυε
588 5314 958 5384 respondeat;
1018 5313 1113 5370 sed
1163 5314 1293 5368 mihi
1343 5315 1446 5367 alia
1485 5316 1664 5368 versio
1699 5315 1876 5385 magis

309 5401 433 5435 arrlt
456 5395 529 5435 et.

306 5386 529 5439 arridet.

376 5455 453 5524 (7)
487 5456 542 5509 In
575 5452 698 5506 Vat.
729 5454 852 5507 cod.
878 5451 1102 5525 ἐρημῴη
1136 5452 1427 5508 inﬂexione
1455 5453 1655 5517 Attica,
1688 5455 1875 5507 nescio

303 5539 372 5578 an
407 5524 569 5579 simili
596 5524 865 5592 exemplo.

398 5594 452 5657 8)
478 5594 635 5648 Corr.
665 5591 828 5646 ὥστε.

398 5596 452 5657 8)
478 5596 635 5648 Corr.
665 5596 828 5646 ὥστε.

374 5596 455 5731 ίθ)
485 5662 765 5733 Nyssenus
792 5663 842 5715 in
870 5671 992 5733 toto
1021 5662 1124 5717 hoc
1163 5678 1328 5732 opere
1362 5663 1730 5731 Apollinarem
1780 5662 1872 5713 λο-

302 5732 578 5805 γογράφον
603 5733 827 5802 ejusque
857 5732 931 5787 De
965 5732 1341 5789 Incarnatione
1391 5741 1683 5788 tractatum
1723 5732 1875 5797 λογο-

562 5970 585 6009 δ

1982 4540 2150 4584 status
2178 4541 2256 4586 est
2283 4532 2337 4585 in
2369 4532 2585 4593 carne“,
2620 4538 2679 4584 nt
2711 4546 2776 4587 ex
2805 4545 3130 4600 unoquoque
3162 4530 3354 4585 horum
3378 4532 3554 4587 dicto-

1985 4637 2104 4676 rum
2135 4622 2410 4678 discamus
2440 4621 2807 4688 divinitatem,
2839 4637 2961 4693 quae
2987 4636 3202 4693 semper
3238 4623 3550 4679 substantia

1046 4757 1067 4788 ³
1096 4754 1231 4810 Joan
1262 4772 1300 4824 t,
1336 4757 1421 4810 Η.
1496 4755 1518 4787 ⁸
1552 4755 1754 4814 Psalm.
1790 4773 2013 4826 Lxxxw,
2050 4760 2136 4815 10.
2213 4760 2233 4790 ⁸
2264 4759 2281 4813 Ι
2321 4759 2463 4814 Tim.
2517 4776 2601 4826 ιιι,
2644 4760 2730 4829 16.

1980 4896 2221 4978 γραφίαν
2248 4896 2602 4978 νοεοιλιμιὶη
2634 4904 2687 4952 et
2722 4896 3046 4978 Eunomium
3075 4898 3301 4978 ejusque
3343 4898 3547 4978 scripta

1979 4965 2422 5037 λογογράφονηοι
2449 4965 2810 5037 λογογραφίαν
2838 4968 3022 5037 itidem
3053 4965 3336 5037 vocat‘lib.
3365 4984 3379 5022 ι
3449 4965 3547 5021 ad-

1864 5062 1871 5069 ε
1980 5035 2172 5091 versus
2200 5035 2473 5101 eumdem,
2514 5045 2568 5091 et
2589 5035 2734 5090 alibi.
2766 5035 2988 5089 Videtur
3028 5046 3205 5090 autem
3258 5035 3323 5089 iis
3366 5039 3544 5090 nomi-

1982 5107 2142 5161 nibus
2173 5108 2431 5161 verbosos
2483 5118 2644 5176 atque
2686 5106 2924 5176 prolixos
2974 5107 3288 5176 utriusqueA
3308 5106 3545 5161 haretici

1983 5176 2473 5246 librossuggillare
2506 5171 2742 5231 voluisse
2772 5174 3068 5244 Nyssenus.
3097 5171 3230 5229 Nam
3250 5171 3544 5246 Gregorius

1984 5245 2507 5301 alterNazianzenus
2538 5248 2829 5317 cpiscopus
2864 5252 2914 5297 in
2946 5246 3192 5317 oratione
3239 5246 3327 5309 5|,
3371 5245 3544 5317 prope

1985 5317 2166 5379 linem,
2197 5313 2741 5384 Apollinarem'inter’
2762 5315 2863 5367 alia
2900 5313 3193 5385 redarguit,
3242 5313 3389 5384 quod
3436 5313 3543 5385 μα-

1983 5386 2148 5455 apo-3g
2169 5386 2355 5452 λόγους
2380 5388 2681 5455 scripserit,
2704 5385 2999 5451 eademque
3024 5385 3091 5439 de
3118 5384 3364 5439 Eunomii
3390 5384 3544 5438 libris

1981 5452 2208 5535 Eysseni
2239 5458 2456 5535 querela
2490 5452 2684 5535 estlih.
2718 5472 2732 5508 ι
2788 5456 3050 5535 adversus
3081 5455 3539 5535 eumdepgprope

1982 5523 2216 5592 initium.
2258 5523 2455 5577 'Utitur
2513 5534 2567 5578 et
2612 5526 2949 5592 λογογράφου
3008 5540 3139 5577 voce
3186 5523 3542 5579 ηιιιΙοέρηειι

2805 5610 2831 5645 e
2860 5594 3000 5663 falsa
3026 5593 3300 5663 legatione,
3337 5609 3389 5663 p.
3416 5592 3542 5659 2.32,

1984 5661 2333 5735 Hiarvagianze
2376 5663 2631 5735 editionis
2681 5661 2874 5735 quarta
2925 5661 3372 5735 Graeco-Latium.
3418 5678 3543 5735 cum

1982 5731 2231 5788 Eschini
2266 5734 2581 5804 exprobrat,
2613 5734 2758 5805 quod
2786 5733 3153 5806 λογογράφους
3196 5741 3250 5790 et
3288 5731 3548 5803 σοφιστάς

1983 5591 2370 5648 Demosthenes
2400 5596 2453 5646 in
2482 5591 2725 5648 oratione
