4006 6546
470 317 608 372 1127

1689 316 1747 374 8.
1783 313 2108 373 CREGORII
2147 316 2438 373 NYSSENI

3581 314 3714 370 H28

469 436 830 493 immutabilis
860 443 965 501 est,
1001 435 1289 490 mutationi
1324 434 1616 491 obnoxiam
1661 435 1909 491 induisse
1941 452 2037 490 na-

2145 437 2410 508 μάθοιμεν
2460 436 2570 491 τῶν
2623 435 2927 507 εἰρημένων
2979 435 3062 488 ὅτι
3112 433 3201 488 ἀεὶ
3251 434 3517 504 ἄτρεπτον
3547 431 3610 484 ὃν
3657 433 3715 484 τό

471 540 669 593 turam,
709 534 769 582 ut
803 527 1023 597 propria
1073 526 1515 586 lmmutabilitate
1568 535 1769 582 nostra:
1817 528 1871 581 in
1922 541 2037 580 ma-

474 622 584 673 lum
607 617 898 673 mutationi
930 618 1261 673 mederetur.
1289 617 1358 671 At
1397 617 1483 673 hic
1508 616 1680 672 Deum
1711 618 1910 674 asserit
1927 633 2037 673 non

474 711 643 764 fuisse
673 711 729 764 in
782 696 950 764 carne
1003 708 1441 773 manifestatum,
1491 709 1638 779 quod
1678 709 1820 764 idem
1851 717 1934 765 est
1973 723 2038 764 ac

472 801 520 855 si
568 801 792 866 diceret,
854 814 1076 855 carnem
1127 801 1330 854 factum
1389 815 1500 854 non
1553 800 1723 856 fuisse
1775 796 2036 869 Verbum,

471 893 618 962 quod
658 893 712 946 in
741 893 1024 947 hominum
1055 891 1227 947 forma
1257 899 1313 947 et
1345 892 1708 948 similitudine
1737 907 1834 964 per
1862 893 2039 948 servi-

472 985 578 1038 lem
617 984 862 1037 habitum
902 998 1024 1038 cum
1068 984 1381 1038 hominibus
1432 990 1816 1038 conversatum
1859 991 1943 1038 est
1977 987 2037 1050 ’ς

473 1074 568 1130 sed
610 1074 848 1129 divinam
881 1075 1176 1143 quamdam
1219 1075 1653 1130 incarnationem
1676 1073 1858 1129 Verbo
1884 1075 2040 1128 aliin-

473 1168 568 1236 git,
599 1167 762 1235 idque
796 1166 961 1220 dubio
991 1167 1126 1220 adeo
1179 1181 1451 1232 sermone,
1497 1173 1557 1220 ut
1603 1166 1868 1220 incertum
1905 1166 2039 1220 mihi

475 1261 544 1312 sit
580 1269 764 1313 utrum
799 1259 1156 1313 mutationem
1193 1259 1499 1313 divinitatis
1527 1274 1558 1312 e
1579 1258 1816 1328 simplici
1846 1257 1965 1326 ejus
1989 1266 2043 1314 et

475 1351 891 1420 compositionis
925 1360 1144 1419 experte
1179 1357 1374 1404 natura
1408 1351 1461 1404 in
1492 1365 1750 1404 carneam
1789 1351 2041 1405 solidita-

474 1449 580 1495 tem
628 1441 1031 1496 transformata»
1081 1441 1370 1512 intelligat,
1429 1455 1496 1494 an
1545 1441 1750 1510 potius,
1788 1449 2044 1497 manente

473 1532 529 1586 in
558 1547 616 1587 se
640 1533 758 1601 ipsa
789 1531 974 1586 divina
1000 1532 1331 1596 substantia,
1366 1532 1528 1585 aliam
1557 1531 1848 1601 quamdam
1877 1547 2044 1601 appa-

2139 528 2291 580 Θεῖον
2324 529 2389 596 τῇ
2412 527 2590 597 οὑσίᾳ,
2627 527 2722 578 καὶ
2750 525 3106 579 ἀναλλοίωτον
3126 567 3139 586 ,
3174 528 3230 579 ὲν
3255 527 3320 595 τῇ
3351 525 3562 595 τρεπτῇ
3628 526 3718 576 καὶ

2138 619 2492 692 ἀλλοιουμένῃ
2521 618 2730 687 γίνεται
2760 617 2940 686 φύσει,
2972 616 3058 670 ἴνα
3087 615 3164 686 τῷ
3191 615 3304 685 ίδίῳ
3330 616 3590 686 ἀτρέπτῳ
3621 612 3718 683 τὴν

2137 713 2414 783 ἡμετέραν
2455 711 2590 781 πρὸς
2634 710 2695 765 τὸ
2737 710 2906 764 κακὸν
2945 709 3155 780 τροπὴν
3184 708 3484 778 ὲξιάσηται.
3519 704 3719 760 Οὑτοσὶ

2138 805 2194 857 δὲ
2284 805 2446 874 φησιν
2509 803 2570 856 οὑ
2598 802 2730 856 Θεδν
2777 803 2836 855 ὲν
2867 803 3031 874 σαρκὶ
3079 798 3500 871 πεφανερῶσθαι
3525 838 3543 864 ,
3585 800 3718 868 ὅπερ

2139 891 2332 944 ταύτόν
2356 892 2472 943 ἐστι
2504 889 2582 961 τῷ
2611 890 2722 960 (10)
2753 931 2771 956 ,
2807 891 2881 961 μὴ
2911 890 3004 942 τὸν
3029 889 3199 958 Λόγον
3230 889 3411 960 σάρκα
3437 887 3716 955 γενέσθαι,

2139 982 2231 1035 τὸν
2269 983 2327 1034 ὲν
2380 981 2685 1052 ὁμοιώματι
2737 981 3024 1052 ἀνθρώπου
3057 984 3152 1034 καὶ
3191 980 3451 1050 σχήματι,
3489 981 3556 1048 τῇ
3608 978 3716 1046 ζωῇ

2140 1074 2250 1128 τῶν
2277 1073 2578 1145 ἀνθρώπων
2619 1073 2709 1126 διὰ
2733 1073 2830 1127 τοῦ
2867 1073 3112 1126 δουλικοῦ
3170 1069 3461 1142 προσώπου
3497 1068 3723 1138 καθομι-

2141 1165 2380 1236 λήσαντα
2401 1182 2414 1196 ο
2447 1164 2584 1217 ἀλλὰ
2613 1163 2762 1216 θείαν
2785 1163 2905 1216 τινὰ
2943 1164 3218 1233 σάρκωσιν
3245 1159 3620 1215 ἀνατυποῦται
3645 1159 3723 1228 τῷ

2141 1257 2336 1326 Λόγῳ,
2381 1255 2482 1309 οὐκ
2525 1251 2641 1308 οἶδα
2673 1253 2725 1308 τί
2774 1253 3050 1324 σημαίνων
3087 1253 3166 1322 τῷ
3215 1254 3456 1324 ῥήματι,
3492 1251 3725 1319 πότερον

2142 1348 2350 1418 τροπὴν
2375 1347 2473 1417 τῆς
2503 1346 2753 1416 θεότητος
2775 1345 2882 1399 ἀπὸ
2909 1347 3006 1416 τῆς
3031 1344 3208 1414 ἁπλῆς
3232 1341 3398 1396 αὑτοῦ
3428 1343 3525 1395 καὶ
3559 1343 3726 1394 ὰσυν-

2145 1437 2298 1492 θέτου
2332 1437 2549 1506 φύσεως
2577 1438 2656 1501 είς
2684 1436 2938 1508 σαρκώδη
2965 1435 3282 1491 ἀντιτυπίαν
3306 1431 3722 1500 ἀλλοιωθείσηςο

2142 1531 2177 1601 ἢ
2212 1529 2479 1601 μενούσης
2511 1529 2611 1599 τῆς
2640 1527 2789 1592 θείας
2818 1527 3006 1592 οὐσίας
3032 1529 3114 1596 ἐφ’
3141 1526 3342 1595 ἑαυτῆς
3363 1566 3378 1590 ,
3409 1522 3577 1593 ἄλλην
3597 1520 3723 1574 τινὰ

472 1623 652 1677 ruisse
673 1624 813 1678 dicat
848 1623 1288 1679 incarnationem
1324 1623 1588 1688 divinam,
1629 1625 1683 1678 in
1711 1624 1963 1678 humana:
1990 1630 2043 1679 et

2147 1620 2421 1690 σάρκωσιν
2457 1618 2608 1672 Θείαν
2645 1616 2892 1688 μεθόριον
2915 1619 3014 1688 τῆς
3040 1616 3151 1669 τῶν
3195 1613 3502 1685 ἀνθρώπων
3532 1628 3594 1664 τε
3625 1610 3726 1662 καὶ

470 1712 668 1767 divinae
713 1719 923 1766 naturae
968 1713 1213 1767 confinio
1269 1713 1528 1782 positam,
1575 1727 1696 1782 quae
1743 1727 1844 1768 nec
1900 1712 2043 1769 Deus

2145 1710 2238 1764 τοῦ
2267 1709 2400 1764 Θεοῦ
2438 1709 2653 1779 φύσεως
2681 1709 3042 1778 ἀναφανῆναι,
3071 1707 3195 1761 οὕτε
3221 1706 3507 1777 ἄνθρωπον
3530 1698 3722 1763 οὖσαν,

471 1810 636 1864 esset,
661 1817 761 1856 nec
797 1803 982 1866 homo,
1008 1803 1104 1858 sed
1128 1819 1194 1859 ex
1225 1811 1460 1873 utroque
1490 1802 1893 1874 quodammodo
1916 1817 2043 1873 par-

2146 1799 2444 1866 οὑτεηΘεδν
2471 1841 2484 1865 ,
2538 1800 2867 1871 μετέχουσαν
2915 1799 2973 1852 δέ
3019 1816 3136 1862 πως
3182 1795 3292 1868 (11)
3353 1793 3722 1865 ἀμφοτέρων·

472 1893 760 1960 tieiparet;
841 1899 896 1946 et
956 1900 1118 1962 prout
1169 1893 1478 1948 incarnatio
1533 1899 1640 1954 est.
1712 1891 2042 1947 humanitati

473 1981 646 2037 afﬁnis
677 1993 841 2052 atque
867 1991 1100 2051 cognata
1135 1985 1456 2051 exsisteret;
1503 1992 1663 2056 prout
1690 2000 1821 2040 vero
1857 1984 2043 2040 divina

472 2083 574 2138 est,
617 2074 776 2142 longe
814 2073 988 2126 multo
1021 2073 1273 2126 humana:
1315 2084 1528 2129 natura:
1561 2073 1842 2129 modulum
1879 2089 2042 2143 supeo

472 2172 638 2218 raret.
668 2162 871 2218 Verum
892 2163 1171 2218 enimvero
1201 2164 1510 2220 substantia
1539 2163 1852 2235 huiusmodi
1897 2163 2040 2219 Deus

471 2271 594 2310 esse
624 2269 732 2309 non
763 2261 961 2324 potest.
1004 2251 1273 2308 Divinitas
1305 2255 1456 2310 enim
1491 2270 1582 2312 res
1615 2263 1701 2310 est
1725 2270 1792 2309 ex
1818 2252 1905 2310 sui
1953 2267 2046 2307 na-

474 2356 596 2422 tura
648 2347 880 2416 simplex
927 2353 980 2400 et
1018 2361 1047 2399 a
1083 2346 1484 2415 compositione
1525 2362 1758 2417 prorsus
1812 2347 2040 2401 aliena:

471 2454 502 2491 a
537 2453 649 2508 quo
680 2447 860 2492 autem
895 2437 1221 2507 simplicitas
1254 2438 1428 2503 abest,
1464 2439 1533 2494 ab
1581 2453 1647 2494 eo
1689 2453 1842 2510 aeque
1879 2437 2044 2492 etiam

472 2530 816 2584 divinitatem
850 2529 1043 2585 abesse
1081 2531 1457 2586 necessarium
1495 2545 1726 2600 prorsus
1765 2537 1870 2585 est.
1910 2528 2049 2586 Con-

473 2629 556 2674 tra
591 2634 721 2675 vero
753 2635 931 2690 neque
965 2621 1129 2676 homo
1166 2637 1292 2676 esse
1322 2630 1524 2692 potest.
1561 2621 1734 2677 Homo
1767 2622 1914 2677 enim
1961 2621 2048 2676 di-

472 2711 619 2765 citur
659 2710 752 2781 qui
787 2726 853 2766 ex
887 2724 1121 2782 corpore
1160 2718 1215 2766 et
1260 2712 1441 2765 anima
1489 2711 1844 2767 intellectuali
1887 2726 2042 2767 como

474 2803 735 2871 ponitur;
763 2803 813 2856 ei
839 2810 1044 2867 autem,
1072 2803 1128 2856 in
1153 2817 1264 2872 quo
1289 2802 1404 2858 haec
1424 2803 1533 2856 duo
1561 2802 1724 2858 simul
1746 2802 2043 2872 conjuncta

474 2906 584 2947 non
630 2892 1037 2964 intelliguntur,
1073 2893 1351 2963 quomodo
1398 2893 1636 2949 hominis
1683 2908 1881 2948 nomen
1909 2908 2042 2948 con-

472 2982 691 3036 veniet?
725 2981 974 3038 Hominis
1012 2983 1156 3039 enim
1184 2998 1387 3054 corpus
1420 2992 1475 3038 et
1520 2984 1761 3037 animam
1794 2982 2036 3038 hominis

2145 1894 2267 1964 ἥτις
2298 1893 2408 1963 (12)
2437 1891 2516 1962 τῷ
2554 1891 2654 1963 μὲν
2686 1892 2961 1962 σάρκωσις
2992 1886 3154 1952 εἶναι,
3191 1887 3467 1957 συγγενῶς
3494 1885 3630 1956 πρὸς
3658 1883 3726 1936 τὸ

2145 1981 2484 2052 ἀνθρώπινον
2529 1983 2677 2052 ἔχει,
2727 1982 2806 2053 τῷ
2839 1981 2952 2052 (15)
2993 1979 3050 2033 δὲ
3096 1979 3216 2033 Θεία
3250 1976 3421 2039 εἶναι,
3455 1975 3727 2046 κρείττων

2145 2075 2293 2128 ἐστὶν
2317 2115 2331 2139 ,
2365 2074 2400 2144 ἦ
2433 2076 2552 2127 κατ’
2583 2075 2888 2145 ἄνθρωπον.
2938 2071 3102 2125 Ἀλλὰ
3147 2071 3252 2141 μὴν
3301 2069 3432 2132 Θεὸς
3476 2063 3617 2121 εἶναι
3655 2065 3726 2117 οὑ

2143 2165 2400 2221 δύναται·
2429 2167 2634 2221 ἁπλοῦν
2679 2165 2789 2236 γὰρ
2841 2168 2906 2235 τῇ
2954 2163 3112 2234 φύσει
3148 2164 3210 2217 τὸ
3244 2162 3396 2215 Θείόν
3457 2162 3576 2212 ἐστι
3627 2156 3730 2210 καὶ

2142 2259 2466 2315 ἀσύνθετονο
2500 2251 2561 2312 οὗ
2601 2260 2659 2312 δὲ
2694 2261 2728 2330 ἡ
2772 2259 3012 2328 ἁπλότης
3061 2257 3174 2329 (14)
3199 2295 3214 2320 ,
3262 2253 3452 2308 τούτου
3480 2251 3622 2304 κατὰ
3660 2249 3730 2301 τὺ

2146 2351 2261 2404 ῐσον
2292 2351 2509 2414 πάντως
2562 2351 2657 2404 καὶ
2689 2352 2723 2421 ἠ
2774 2349 2964 2418 θεότης
3010 2346 3359 2417 κεχώρισται.
3402 2342 3728 2412 Ἀνθρωπος

2146 2443 2204 2498 δὲ
2229 2437 2296 2496 αὖ
2327 2442 2488 2497 πάλιν
2518 2443 2617 2496 οὐκ
2654 2442 2790 2496 ἐστι.
2830 2442 2888 2494 '0
2922 2438 3030 2511 γάρ
3057 2440 3123 2492 ὲκ
3151 2437 3326 2508 ψυχῆς
3355 2436 3574 2506 νοερᾶς,
3625 2433 3730 2486 καὶ

2149 2532 2399 2603 σώματος
2425 2532 2769 2604 συνεστηκὼς
2789 2572 2804 2597 ,
2854 2531 3136 2602 ἄνθρωπος
3186 2529 3400 2596 λέγεται
3426 2544 3438 2556 ο
3477 2520 3520 2595 ᾧ
3548 2525 3604 2577 δὲ
3642 2525 3729 2594 μὴ

2151 2625 2540 2676 συνεπινοεῖται
2574 2623 2643 2675 τὰ
2685 2621 2778 2675 δύο
2804 2661 2819 2684 ,
2859 2620 2978 2684 πῶς
3006 2620 3039 2688 ἡ
3074 2617 3166 2672 τοῦ
3198 2617 3485 2688 ἀνθρώπου
3529 2614 3730 2684 κλῆσις

2149 2711 2661 2781 ὲφαρμοσθήσεται;
2696 2707 3007 2780 Ἀνθρώπου
3035 2707 3143 2779 γὰρ
3172 2707 3331 2777 σῶμα
3359 2705 3607 2774 λέγομεν,
3630 2704 3730 2755 καὶ

2147 2801 2323 2874 ψυχὴν
2351 2801 2659 2874 ἀνθρώπου,
2683 2800 2787 2864 ἓως
2811 2800 2877 2854 ἂν
2905 2799 2990 2868 ἐφ’
3021 2797 3212 2852 ἑαυτοῦ
3235 2797 3492 2868 ἑκάτερον
3515 2794 3728 2848 τούτων

2147 2893 2434 2964 θεωρῆται.
2451 2892 2512 2946 'H
2537 2893 2595 2946 δὲ
2626 2891 2894 2964 συνδρομὴ
2917 2891 3124 2944 τούτων
3153 2890 3258 2945 τῶν
3283 2889 3397 2956 δύο,
3435 2888 3731 2957 ἄνθρωπος

2145 2984 2240 3037 καὶ
2271 2984 2405 3048 ἐστι,
2449 2983 2544 3036 καὶ
2573 2982 2812 3052 λέγεται.

473 3076 731 3144 dicimus,
773 3077 954 3148 quoad
1016 3078 1072 3132 in
1143 3079 1265 3150 ipso
1331 3079 1526 3136 horum
1588 3088 1881 3150 utrumque
1935 3078 2330 3136 consideratur.
2404 3078 2607 3135 Harum
2674 3088 2853 3134 autem
2903 3077 3133 3134 duarum
3184 3091 3366 3133 rerum
3415 3089 3730 3132 concursus

474 3171 636 3223 homo
678 3176 862 3234 etest,
899 3177 953 3224 et
971 3169 1194 3226 dicitur.

544 3262 631 3317 Ill.
667 3264 808 3330 Quid
844 3265 917 3319 sit
950 3265 1136 3334 itaque
1181 3265 1368 3320 divina
1413 3265 1756 3329 incarnatio,
1798 3280 1918 3335 quae
1951 3281 2043 3322 nec

2224 3265 2290 3317 Τί
2318 3260 2410 3317 οὗν
2453 3265 2661 3335 ἐστινὴ
2709 3262 2830 3318 θεία
2868 3263 3222 3335 σάρκωσις,ή
3271 3264 3405 3334 μήτε
3439 3262 3730 3335 ἄνθρωπος

475 3357 640 3410 homo
680 3363 784 3419 est,
820 3372 1001 3426 neque
1047 3358 1210 3422 Deus,
1268 3373 1431 3428 quam
1477 3358 1532 3411 iu
1579 3365 1849 3413 tractatus
1884 3358 2048 3412 titulo

475 3446 918 3500 comminiscitur
951 3455 1170 3509 auctor.
1209 3463 1318 3502 non
1347 3449 1476 3503 licet
1504 3449 1668 3503 nobis
1692 3463 1792 3518 per
1829 3463 1894 3503 ea
1931 3464 2048 3517 qua:

477 3541 734 3589 accurate
769 3534 1037 3589 hactenus
1075 3535 1457 3605 indagavimus
1494 3535 1764 3591 invenire.
1813 3535 2048 3591 Demon-

475 3623 686 3687 stratio,
714 3623 911 3690 inquit,
938 3623 1534 3679 divina-incarnationis
1559 3625 1628 3678 ad
1644 3625 2047 3680 similitudinem

477 3716 728 3768 hominis.
774 3715 989 3771 Rursus
1033 3715 1168 3785 quid
1201 3716 1309 3771 sibi
1343 3717 1461 3771 vult
1493 3717 1650 3785 illud,
1696 3718 1767 3772 ad
1800 3719 2050 3774 similitu-

476 3805 651 3859 dinem
697 3806 924 3860 hominis
952 3809 977 3861 ?
1023 3805 1302 3872 Divinam,
1347 3824 1564 3879 nempe,
1616 3811 2046 3866 incarnationem

477 3897 642 3952 simili
689 3898 875 3963 modo,
926 3905 1092 3968 atque
1125 3899 1420 3952 humanam
1456 3910 1733 3956 constare.
1771 3901 1836 3955 Et
1874 3917 2048 3972 quan-

476 3990 676 4043 donam
709 3987 917 4043 factum
967 3999 1053 4045 est
1101 3990 1248 4044 hoc?
1291 3990 1346 4044 In
1402 3991 1682 4047 ultimisne
1727 3992 1956 4048 diebus?
1983 3993 2047 4048 Et

477 4080 570 4134 ubi
604 4080 942 4151 virginitatis
973 4083 1337 4152 mysterium?
1368 4081 1557 4152 Neque
1582 4085 1729 4139 enim
1753 4084 1820 4138 ad
1852 4085 2048 4140 simili-

477 4170 722 4224 tudinem
743 4170 982 4225 hominis
1011 4171 1337 4227 incarnatus
1369 4181 1454 4227 est
1473 4174 1757 4239 Dominus,
1783 4175 2044 4245 quemad-

477 4263 696 4316 modum
721 4263 962 4333 scriptor
991 4271 1181 4318 noster
1228 4263 1333 4330 ait;
1394 4263 1490 4318 sed
1523 4263 1709 4318 divina
1753 4273 2043 4334 potestate,

476 4361 532 4407 et
584 4351 794 4422 Spiritu
849 4364 1068 4419 sancto,
1128 4353 1591 4422 quemadmodum
1654 4356 1709 4411 in
1754 4356 2046 4426 Evangelio

477 4443 683 4498 dicitur
712 4445 755 4499 ⁷.
787 4446 870 4500 An
909 4445 1094 4515 potius
1136 4454 1262 4501 ante
1292 4446 1532 4501 sacula‘!
1561 4446 1627 4499 Et
1655 4447 1930 4517 quomodo
1961 4447 2041 4502 rei

2149 3352 2318 3419 οὖσα,
2352 3357 2490 3426 μήτε
2531 3356 2691 3420 Θεὸς,
2727 3358 2794 3426 ἢν
2822 3355 3154 3410 ἀναπλάσσει
3192 3358 3225 3426 ὴ
3262 3354 3358 3408 τοῦ
3387 3354 3542 3423 λόγου
3597 3356 3729 3408 ἑπι-

2148 3447 2335 3518 γραφὴ
2369 3447 2520 3517 (15),
2555 3447 2654 3500 οὐκ
2696 3447 2842 3500 ἐστιν
2872 3449 2936 3500 ὲκ
2963 3447 3071 3500 τῶν
3107 3447 3484 3518 ὲξητασμένων
3514 3449 3726 3519 εὑρεῖν.

2161 3539 2501 3605 Ἀπόδειξις,
2527 3540 2678 3609 φησὶν
2703 3538 2835 3606 περὶ
2864 3537 2972 3606 τῆς
3001 3541 3162 3606 θείας
3191 3541 3578 3609 σαρκώσεωςν
3612 3540 3728 3609 τῆς

2149 3633 2274 3685 καθ’
2303 3631 2588 3698 ὁμοίωσιν
2620 3629 2959 3698 ἀνθρώπου.
3001 3631 3067 3684 Τί
3091 3631 3243 3684 τοῦτο
3272 3631 3432 3685 πάλιν
3463 3633 3729 3686 ἐνδείκνυ-

2147 3740 2256 3784 ται,
2291 3723 2370 3787 ea,
2407 3723 2533 3778 καθ’
2559 3722 2850 3791 ὁμοίωσιν
2874 3721 3185 3791 ἀνθρώπου
3204 3738 3222 3787 ;
3242 3725 3360 3777 Ὅτι
3382 3727 3415 3795 ἡ
3450 3724 3567 3778 θεία
3597 3728 3730 3799 σάρ-

2148 3830 2315 3875 κωσις
2341 3813 2542 3882 ὁμοίως
2574 3815 2638 3883 τῇ
2672 3813 2984 3884 ἀνθρωπίνῃ
3009 3813 3340 3867 συνίσταται.
3375 3816 3508 3869 Πότε
3537 3815 3720 3882 τοῦτος

2146 3900 2294 3973 *Αρα
2319 3903 2404 3953 ἐπ’
2436 3902 2677 3971 ἐσχάτων
2706 3901 2814 3953 τῶν
2844 3901 3099 3973 ὴμερῶν;
3126 3903 3219 3955 κα)⁵
3246 3900 3348 3954 ποῦ
3369 3903 3429 3956 τὸ
3455 3903 3556 3973 τῆς
3584 3917 3724 3973 παρ-

2149 3993 2328 4056 θενίας
2357 3994 2688 4064 μυστήριονς
2722 3993 2799 4048 Οὑ
2835 3993 2943 4063 γὰρ
2975 3994 3097 4046 καθ’
3127 3994 3384 4064 ὁμοίωσιν
3423 3995 3718 4065 ἀνθρώπου

2150 4084 2445 4155 σαρκοῦται
2487 4084 2516 4137 6
2571 4084 2808 4155 Κύριος,
2839 4084 3020 4147 καθὼς
3057 4087 3085 4138 6
3134 4085 3467 4156 λογογράφος
3499 4088 3666 4158 φησὶν
3699 4131 3714 4152 ,

2147 4172 2282 4226 ἀλλὰ
2325 4172 2445 4243 θείᾳ
2484 4172 2742 4243 δυνάμει,
2775 4173 2870 4228 καὶ
2912 4174 3190 4244 Πνεύματι
3221 4175 3360 4246 άγίῳ
3381 4216 3396 4241 ,
3428 4176 3610 4241 καθὼς
3655 4180 3720 4232 τὸ

2146 4264 2477 4332 Εὑαγγὲλιον
2520 4264 2697 4332 λέγει,
2728 4265 2863 4318 ἀλλὰ
2900 4265 3003 4336 πρὸ
3043 4266 3152 4320 τῶν
3185 4267 3422 4322 αἰώνων.
3460 4270 3569 4322 Καὶ
3597 4271 3721 4334 πῶς

2144 4353 2423 4424 ὁμοιοῦται
2453 4353 2530 4426 τῷ
2581 4354 2656 4426 μὴ
2704 4355 2817 4408 δντι
2891 4357 2952 4409 τὸ
2997 4356 3088 4424 6v;
3129 4359 3447 4425 Τελευταῖος
3481 4361 3580 4432 μὲν
3605 4362 3714 4433 γάρ

2143 4444 2254 4498 τῶν
2283 4445 2425 4499 κατὰ
2451 4444 2550 4516 τὴν
2578 4445 2754 4499 κτίσιν
2793 4447 2821 4499 6
2848 4445 3132 4517 ἄνθρωπος
3157 4466 3171 4479 ·
3201 4451 3229 4502 6
3279 4450 3334 4503 δὲ
3381 4450 3579 4522 Κύριος
3602 4453 3713 4524 (16)

479 4549 589 4590 non
610 4535 895 4590 exsistenti
924 4535 1070 4605 quod
1098 4535 1314 4590 exsistit
1337 4533 2037 4593 assimilatur?Postremus

2148 4533 2399 4604 βασιλεὺς
2428 4533 2535 4605 πρὸ
2566 4533 2794 4587 αἰώνων.
2820 4535 2975 4587 Κατὰ
3005 4536 3157 4590 ποίου
3206 4537 3383 4593 τοίνυν
3425 4541 3710 4612 ἀνθρώπου

479 4625 626 4679 enim
675 4625 920 4679 omnium
963 4640 1173 4691 rerum,
1225 4625 1530 4682 secundum
1566 4627 1864 4682 creationis
1897 4627 2042 4682 ordi-

2147 4625 2403 4696 ὁμοίωσιν
2435 4625 2617 4694 ἐκείνη
2644 4627 2678 4695 ὴ
2703 4625 2822 4679 θεία
2849 4625 3122 4694 σάρκωσις
3141 4630 3280 4683 κατὰ
3302 4631 3364 4683 τὸ
3392 4610 3712 4700 προαήιώνιον

480 4731 630 4781 nem,
664 4714 828 4770 homo
861 4723 983 4782 est;
1030 4714 1300 4772 Dominus
1333 4733 1466 4773 vero
1501 4733 1598 4773 rex
1645 4726 1772 4774 ante
1824 4719 2046 4776 saecula.

478 4806 558 4860 Ad
585 4806 745 4875 cujus
778 4806 964 4876 itaque
1008 4807 1252 4863 hominis
1286 4809 1698 4866 similitudinem
1735 4810 1918 4865 divina
1955 4811 2049 4866 illa

477 4894 806 4960 incarnatio,
837 4895 882 4950 si
909 4896 1094 4955 omnia
1122 4899 1318 4952 secula
1349 4899 1652 4970 praecessit,
1676 4899 1816 4954 facta
1839 4901 2043 4957 fuerit?

478 4983 672 5038 Adami
718 4984 992 5041 fortasse?
1047 4987 1118 5040 At
1171 4985 1261 5043 hic
1314 4989 1562 5044 nondum
1596 4991 1902 5047 exstiterat.
1956 4992 2042 5048 An

548 5096 569 5126 ⁸
607 5094 838 5166 Philipp.
880 5113 940 5162 ιι,
984 5097 1037 5152 7.
1112 5098 1132 5131 ’
1170 5096 1306 5154 Luc.
1333 5115 1372 5164 ι,
1396 5098 1488 5168 26,
1513 5116 1634 5172 sqq.

478 5208 616 5264 alios
634 5224 737 5283 per
769 5210 1152 5266 contumeliam
1209 5213 1594 5283 cognominare
1649 5215 1844 5270 solitus
1881 5225 2050 5282 esset,

478 5294 601 5331 cum
634 5280 809 5347 ipsum
844 5283 1004 5335 talem
1037 5297 1158 5337 esse
1183 5280 1477 5338 constaret.
1511 5283 1686 5339 Verba
1732 5280 2048 5340 Demosthe-Q

478 5348 562 5422 nis
578 5356 714 5422 sunt
736 5367 748 5401 :
773 5349 1156 5421 Λογογράφους
1177 5353 1352 5408 τοίνυν
1374 5354 1466 5406 καὶ
1483 5354 1737 5422 σοφιστὰς
1761 5353 2047 5408 ἀποκαλῶν

475 5419 604 5493 τους
634 5418 848 5482 ἄλλους,
872 5418 973 5493 *καὶ
992 5418 1230 5493 ὑβρίζειν
1258 5418 1593 5493 πειρώμενος
1633 5423 1792 5486 αὐτὸς
1834 5423 2046 5493 ἐξελεγ-

477 5487 759 5554 χθήσεται,
793 5490 1000 5554 τούτοις
1025 5487 1097 5543 ὧν
1131 5492 1330 5562 ἔνοχος.
1355 5487 1366 5493 ’
1393 5487 1623 5548 Wolfius
1667 5494 1849 5555 vertit,
1910 5487 2043 5547 Cum

477 5566 651 5632 autem
676 5562 971 5612 orationum
1006 5563 1304 5628 scriptores.
1336 5573 1385 5616 et
1410 5564 1673 5632 sophistas
1703 5564 1837 5616 alios
1860 5580 2042 5632 cogno-

477 5626 837 5749 gzine‘t.baltque
858 5626 1126 5702 exagitare
1148 5633 1376 5700 studeat,
1401 5626 1518 5688 eum
1540 5636 1708 5704 ipsum
1740 5634 1898 5687 talem
1921 5626 2040 5690 Esse

509 5710 599 5746 an;
629 5712 658 5747 α
698 5715 710 5748 ι
743 5737 757 5749 .

509 5710 757 5750 οιιειαοιι.

529 5924 559 5980 /

2147 4718 2390 4786 γίνεται;
2417 4715 2575 4769 Κατὰ
2602 4715 2699 4786 τὴν
2726 4715 2818 4769 τοῦ
2857 4716 3060 4789 Ἀδάμ;
3103 4721 3239 4774 Ἀλλ’
3267 4721 3418 4775 οὔπω
3447 4719 3535 4794 ἦν.
3553 4724 3708 4778 Ἀλλὰ

2150 4808 2271 4861 καθ’
2306 4807 2491 4881 ἕτερόν
2539 4824 2660 4859 τινα
2703 4806 3023 4879 ἄνθρωπονς
3058 4811 3168 4863 Καὶ
3204 4811 3288 4875 τίς
3317 4806 3471 4876 οὗτος
3516 4816 3544 4868 6
3579 4833 3710 4886 προ-

2153 4897 2437 4969 νοούμενος
2464 4897 2556 4950 τοῦ
2594 4896 2763 4967 Ἀδὰμ
2801 4898 3082 4970 ἄνθρωπος
3105 4941 3119 4965 ,
3159 4902 3245 4955 ἵνα
3275 4905 3414 4958 κατὰ
3437 4905 3498 4957 τὸ
3529 4908 3709 4975 ἐγκεί-

2155 5007 2314 5060 μενον
2341 4989 2641 5061 ὑπόδειγμα
2668 4991 2903 5062 όμοιωθῇ
2934 4992 3025 5045 τοῦ
3056 4991 3189 5047 Θεοῦ
3233 4995 3266 5064 ἠ
3304 4995 3604 5066 σάρκωσις;
3637 4999 3710 5050 Τὸ

2225 5215 2338 5286 (10)
2365 5216 2442 5270 Ita
2472 5229 2616 5270 corr.
2654 5217 2715 5270 τό
2738 5224 2856 5272 erat
2906 5227 3084 5272 antea.

2228 5287 2338 5355 (11)
2391 5288 2545 5339 Corr.
2580 5286 2780 5350 πόσως.

2223 5358 2332 5422 (12,
2366 5357 2451 5423 15)
2484 5355 2559 5408 Ita
2596 5372 2738 5410 corr.
2765 5366 2924 5411 antea
2948 5357 3008 5409 τό
3040 5358 3344 5427 utrobique.

2221 5427 2426 5510 (Inita
2467 5439 2613 5479 corr.
2640 5435 2796 5482 antea
2825 5428 3059 5483 obscuro
3094 5444 3258 5484 sensu
3281 5430 3341 5481 οὐ
3383 5429 3438 5482 δὲ
3475 5431 3508 5500 ἡ
3549 5431 3707 5484 ἁπλό-

2144 5512 2265 5567 της,
2288 5513 2496 5549 τουτου.

2157 5636 2170 5650 ⁸
2217 5567 2330 5636 (15)
2367 5566 2442 5650 Ita
2477 5579 2620 5619 corr.
2658 5575 2815 5622 antea
2849 5567 2882 5637 ἢ
2910 5567 2962 5620 τί
2989 5567 3286 5623 ὰναπλάσει
3317 5571 3350 5641 ή
3405 5571 3498 5624 τοῦ
3551 5572 3702 5642 λόγου

2147 5636 2454 5761 ἀναγιραφή.
2873 5636 2878 5637 ⁷

2219 5709 2266 5778 (1
2311 5710 2330 5778 )
2359 5706 2511 5762 Corr.
2542 5709 2756 5773 iterum,
2787 5707 3006 5778 Κύριος.
