4006 6484
203 291 347 350 “29

1363 301 1732 358 ADVERSUS
1771 300 2281 361 APOLLINAREM.

3322 310 3459 366 “'50

198 413 314 484 γὰρ
343 413 525 483 ὅμοιον
555 411 636 482 τῷ
664 411 778 465 ὄντι
815 412 1030 478 πάντως
1051 415 1112 469 ού
1132 413 1211 486 τῷ
1238 415 1312 487 μὴ
1345 417 1457 471 ὄντι
1483 418 1663 487 ὅμοιον
1698 417 1781 484 γε.

1894 417 2070 485 potius
2099 417 2164 472 ad
2200 417 2430 473 alterius
2470 418 2707 474 hominis
2738 421 3198 477 similitudinem?
3234 424 3299 478 Et
3335 429 3461 493 qui-

199 521 354 558 νεται
376 520 388 532 '
424 502 566 558 ὥστε
599 504 694 556 δύο
722 507 843 557 κατ’
885 505 1047 559 αὑτὸν
1087 506 1200 576 (17)
1245 508 1494 573 φαίνεται
1533 507 1610 577 τῷ
1641 507 1782 578 λόγῳ

202 597 274 650 τὰ
296 597 476 651 ἄτοπα
499 612 512 625 ·
549 594 582 662 ἢ
604 594 712 666 γὰρ
739 594 1104 666 πρεσϐύτερον
1129 595 1442 668 εὑρίσκεται
1475 598 1536 650 τὸ
1561 597 1784 667 πλάσμα

201 688 300 742 τοῦ
351 688 657 747 πλάσαντος
680 726 696 751 ,
745 687 778 756 ἢ
813 686 892 756 τῷ
940 688 1014 758 μὴ
1049 689 1160 741 ὄντι
1203 689 1483 758 ὁμοιοῦται
1530 689 1592 743 τὸ
1630 690 1783 744 Θεῐον
1807 757 1826 764 _

204 779 582 850 σαρκούμενον
604 794 615 805 ·
651 781 770 831 κατ’
793 779 964 848 ἀρχὰς
996 778 1105 850 γὰρ
1135 781 1169 850 ἡ
1203 781 1300 850 μὲν
1337 779 1528 849 θεότης
1554 780 1664 851 (18)
1692 776 1780 850 ἦν,

201 874 230 924 ὁ
264 871 322 924 δὲ
367 869 539 939 Ἀδὰμ
562 869 663 922 οὐκ
686 865 775 939 ἦν.
816 868 1024 922 Οὐκοῦν
1061 871 1110 922 ει
1134 870 1256 924 καθ’
1287 871 1543 940 ὁμοίωσιν
1570 871 1783 942 ἀνθρώ-

205 979 311 1014 που
338 959 634 1030 σαρκοῦται
657 961 689 1029 ἡ
717 959 835 1012 Θεία
875 959 1034 1029 φύσις
1059 1001 1072 1024 ,
1100 959 1178 1030 τῷ
1204 959 1281 1030 μὴ
1307 960 1419 1014 ὄντι
1445 960 1719 1030 ὁμοιοῦται
1749 965 1782 1031 ἡ

200 1051 327 1104 Θεία
367 1052 667 1120 σάρκωσις·
696 1050 756 1103 τὸ
786 1051 840 1102 δὲ
873 1050 951 1120 τῷ
983 1052 1056 1122 μὴ
1087 1052 1204 1106 ὄντι
1247 1051 1598 1123 ὁμοιούμενον
1621 1093 1636 1118 ,
1674 1052 1782 1105 οὐδ’

203 1143 342 1196 αὐτὸ
375 1143 591 1205 πάντως
622 1140 728 1211 εἴη.
765 1141 905 1194 Ἀλλ’
925 1141 1117 1213 ἔτερόν
1148 1161 1268 1198 τινα
1294 1144 1494 1214 τρόπον
1522 1142 1669 1213 παρὰ
1695 1144 1784 1197 τὸν

205 1231 546 1303 ἀνθρώπινον
579 1230 678 1301 τὴν
723 1231 996 1300 σάρκωσιν
1031 1233 1244 1302 ἐκείνην
1273 1231 1598 1301 γεγενῆσθαί
1629 1249 1780 1300 φησι.

205 1323 317 1375 Καὶ
345 1322 431 1384 τίς
455 1320 564 1374 τῶν
593 1321 896 1389 ἐτεροφυῶν
923 1322 1233 1392 ήόμοίωσις
1255 1323 1402 1392 (19);
1433 1323 1494 1374 Et
1523 1317 1616 1375 οὖν
1647 1323 1783 1392 μήτε

205 1411 350 1465 κατὰ
379 1411 439 1463 τὸ
493 1409 814 1482 προαιὼνιον
847 1411 1119 1480 ἐνδέχεται
1173 1413 1270 1483 τὴν
1311 1413 1460 1466 θείαν
1508 1414 1784 1481 σάρκωσιν

207 1503 329 1557 καθ’
361 1503 620 1574 ὁμοίωσιν
683 1503 967 1576 ἀνθρώπου
1021 1505 1312 1574 γενέσθαι,
1370 1507 1505 1577 μήτε
1559 1507 1652 1560 ἐπὶ
1688 1507 1782 1559 τοῦ

206 1595 438 1664 ἐσχάτου
467 1594 574 1646 τῶν
603 1594 828 1664 χρόνων,
862 1596 951 1647 ὅτε
991 1596 1132 1649 κατὰ
1164 1596 1450 1667 ἄνθρωπον
1483 1599 1596 1667 (20)
1630 1598 1780 1669 ἡτοῦ

207 1683 416 1755 Κυρίου
449 1685 746 1754 οἰκονομία,
771 1685 890 1738 καθ’
915 1685 981 1756 ἢν
1013 1688 1070 1739 ὲν
1097 1689 1260 1757 σαρκὶ
1283 1688 1415 1752 Θεὸς
1439 1689 1778 1760 ἐφανερώθη.

1887 525 2011 563 nam
2053 509 2324 564 conﬁctus
2371 510 2476 565 iste
2509 510 2719 566 Adamo
2762 513 2912 581 prior
2950 514 3148 578 homo,
3196 523 3255 569 ut
3301 515 3458 584 juxta

1882 599 2227 668 propositum
2261 600 2564 668 exemplar,
2598 600 2648 655 ei
2688 602 2873 655 divina
2910 603 3222 656 incarnatio
3254 603 3455 658 similis

1881 683 2226 739 elﬁceretur?
2258 685 2412 751 Quod
2444 689 2591 742 enim
2641 689 2820 743 simile
2876 698 2982 756 est,
3020 692 3098 745 rei
3143 692 3458 759 exsistenti,

1885 790 1995 828 non
2048 785 2228 831 autem
2270 778 2350 831 rei
2403 794 2511 832 non
2549 780 2837 834 exsistenti
2885 781 3240 846 assimilatur;
3288 799 3461 849 quare

1885 865 1994 920 duo
2028 867 2082 920 in
2128 884 2194 920 eo
2221 869 2557 937 Apollinaris
2587 885 2842 926 sermone
2882 872 3122 928 absurda
3153 882 3456 942 apparent:

1886 973 2012 1009 nam
2050 959 2132 1012 vel
2170 975 2260 1014 res
2295 959 2517 1014 condita
2561 961 2843 1030 antiquior
2887 976 2989 1018 suo
3038 963 3324 1017 conditore
3365 963 3458 1016 de-

1885 1048 2262 1116 prehenditur,
2296 1050 2379 1104 vel
2410 1050 2484 1103 rei
2523 1064 2628 1103 non
2668 1052 2959 1105 exsistenti
2991 1051 3282 1105 incarnata
3321 1051 3461 1105 divi:

1887 1139 2034 1193 nitas
2066 1140 2266 1195 similis
2301 1155 2423 1195 esse
2453 1140 2692 1207 dicitur;
2724 1142 2794 1195 ab
2825 1142 2985 1196 initio
3019 1142 3165 1197 enim
3194 1141 3455 1196 divinitas

1881 1232 2199 1295 exsistebat,
2234 1231 2404 1286 Adam
2433 1247 2562 1287 vero
2597 1247 2706 1287 non
2747 1241 2887 1288 erat.
2916 1232 3104 1303 Itaque
3127 1235 3173 1288 si
3203 1234 3271 1287 ad
3307 1234 3462 1288 simi-

1883 1319 2165 1376 litudinem
2191 1321 2425 1376 hominis
2448 1321 2632 1375 divina
2668 1329 2862 1376 natura
2897 1337 3116 1378 carnem
3139 1323 3459 1391 assumpsit,

1884 1412 1961 1465 rei
2015 1427 2122 1466 non
2168 1413 2456 1468 exsistenti
2509 1414 2695 1468 divina
2729 1413 3034 1468 incarnatio
3077 1414 3456 1479 assimilatur;

1883 1501 2027 1572 quod
2057 1513 2237 1556 autem
2278 1505 2352 1558 rei
2394 1519 2502 1558 non
2531 1503 2819 1559 exsistenti
2858 1512 3230 1574 comparatur,
3283 1504 3336 1558 id
3379 1504 3464 1574 ip.

1884 1608 2003 1646 sum
2023 1609 2364 1664 nequaquam
2387 1595 2652 1650 exsistere
2669 1609 2896 1650 necesse
2915 1603 3017 1650 est.
3044 1593 3150 1649 Sed
3171 1594 3281 1649 alio
3297 1607 3462 1663 quam

1883 1685 2121 1739 humano
2165 1686 2328 1740 modo
2371 1686 2802 1740 incarnationem
2851 1685 2999 1740 illam
3046 1683 3247 1739 factam
3291 1685 3465 1739 tuisse

205 1774 333 1828 καθ’
368 1775 627 1844 ὁμοίωσιν
673 1776 959 1848 ἀνθρώπου
995 1780 1028 1848 ἡ
1091 1779 1366 1850 σάρκωσις
1418 1780 1626 1848 γίνεται
1677 1786 1697 1850 (
1721 1782 1780 1833 οὺ

1894 1775 2052 1829 dicet.
2080 1776 2150 1829 At
2190 1791 2440 1844 quamam
2472 1774 2616 1830 inter
2649 1790 2739 1830 res
2772 1775 3001 1830 diversa:
3027 1783 3239 1829 natura:
3267 1774 3466 1829 simili-

206 1867 318 1938 γὰρ
349 1867 710 1938 παραδέχεται
745 1870 844 1940 τὴν
875 1870 1127 1942 τοιαύτην
1169 1871 1376 1925 ἔννοιαν
1411 1873 1472 1926 τὸ
1498 1873 1640 1926 κατά
1671 1874 1782 1944 (2-1)

1894 1867 2022 1920 tudo
2064 1866 2388 1922 intercedit?
2423 1867 2480 1920 Si
2524 1866 2704 1936 itaque
2753 1874 2880 1922 ante
2922 1867 3119 1922 saecula
3153 1866 3336 1921 divina
3377 1865 3466 1919 in-

204 1961 309 2030 τὴν
343 1959 638 2030 παρθενίαν
673 1963 1006 2033 μυστήριον.)
1036 2002 1050 2025 ,
1088 1946 1273 2035 ⁵μόιτην
1303 1963 1368 2018 ἂν
1407 1965 1492 2032 εἴη
1533 1964 1652 2016 κατ’
1680 1966 1784 2033 ἁμ-

1894 1957 2136 2011 carnatio
2185 1958 2252 2010 ad
2310 1957 2548 2010 hominis
2593 1955 3023 2012 similitudinem
3087 1958 3201 2011 ﬁeri
3251 1957 3463 2025 nequit,

207 2051 446 2121 φοτέρας
473 2051 570 2115 τὰς
594 2052 798 2116 ἐννοίας
821 2053 1026 2124 ταύτην
1053 2053 1146 2107 τοῦ
1175 2054 1334 2122 λόγου
1355 2055 1452 2125 τὴν
1473 2055 1783 2125 ἐπιγραφὴν

1894 2057 2056 2116 atque
2112 2048 2272 2102 etiam
2325 2049 2379 2102 in
2441 2046 2784 2118 plenitudine
2847 2055 3182 2117 temporum,
3243 2048 3465 2115 quando

209 2142 598 2212 ποιησάμενος.
614 2143 736 2196 Ὀτι
771 2144 867 2212 μὲν
897 2141 988 2199 οὖν
1017 2145 1415 2210 ἁνεπίσκεπτος
1442 2149 1474 2216 ἠ
1504 2147 1784 2216 ἐπιγραφὴ

1894 2138 2126 2208 benigna
2175 2137 2270 2193 Dei
2304 2153 2435 2209 erga
2478 2139 2732 2194 homines
2778 2139 3188 2209 dispensatione
3229 2138 3468 2196 Verbum

210 2234 305 2284 καὶ
336 2231 510 2284 οὐδενὶ
534 2233 826 2286 συνεστῶτι
857 2233 1242 2305 ἐπερειδομένη
1264 2237 1513 2306 νοήματι.
1547 2235 1784 2306 μετρίως

1894 2244 2053 2284 carne
2093 2227 2339 2282 indutum
2381 2229 2654 2298 apparuit,
2699 2228 2849 2282 nullo
2883 2237 3044 2297 pacto
3097 2229 3164 2282 ad
3207 2229 3470 2283 similitu-

207 2319 362 2392 οἶμαι
391 2321 478 2376 διὰ
507 2321 614 2376 τῶν
643 2325 944 2396 εἰρημένων
973 2324 1390 2396 πεφανερῶσθαι
1422 2328 1535 2389 τοῖς
1556 2326 1784 2378 ἐπιστα-

1894 2321 2070 2375 dinem
2099 2320 2337 2375 hominis
2366 2320 2550 2374 divina
2584 2321 2892 2374 incarnatio
2927 2319 3064 2374 facta
3094 2318 3218 2384 fuit,
3245 2320 3297 2374 id
3321 2320 3468 2375 enim

207 2410 379 2473 τικῶς
416 2413 684 2465 ἐπαΐουσι.

1894 2407 2091 2464 sentire
2152 2417 2448 2476 conceptus
2499 2408 2727 2477 virginei
2787 2407 3102 2478 mysterium
3154 2422 3263 2461 non
3317 2407 3472 2473 sinit,

213 2501 417 2553 {rustra
469 2509 522 2555 et
576 2501 756 2568 inepte
807 2503 1106 2557 secundum
1144 2503 1465 2559 alterutrum
1534 2503 1729 2558 horum
1790 2512 2051 2556 sensuum
2094 2512 2213 2552 eam
2261 2497 2410 2564 operi
2444 2496 2854 2567 inscriptionem
2921 2505 3114 2552 auctor
3156 2497 3469 2566 praeﬂxerit.

211 2596 403 2664 Itaque
461 2612 525 2650 ex
565 2596 652 2651 his
685 2611 805 2666 quae
833 2597 1097 2655 hactenus
1134 2600 1374 2655 diximus
1409 2599 1574 2669 probe
1619 2592 2042 2665 intelligentibus
2089 2592 2223 2647 satis
2274 2590 2482 2660 liquere
2534 2592 2772 2647 arbitror
2802 2591 2933 2662 quid
2971 2590 3079 2646 sibi
3125 2591 3240 2646 hac
3277 2587 3478 2645 inscri-

213 2687 331 2758 ptio
370 2689 520 2755 velit,
550 2697 700 2745 certo
725 2684 969 2762 indagari
994 2707 1104 2746 non
1161 2707 1344 2762 posse,
1417 2700 1605 2762 utpote
1664 2704 1786 2760 quae
1824 2685 1958 2740 nulli
1991 2698 2177 2740 secum
2218 2684 2491 2739 constanti
2532 2685 2732 2740 mentis
2761 2685 3047 2754 conceptui
3077 2684 3343 2738 innitatur

285 2820 492 2891 Καιρὺς
523 2821 631 2890 (22)
659 2821 702 2874 δ’
726 2821 791 2875 ἂν
833 2821 917 2894 εἴη
957 2822 1051 2876 καὶ
1080 2822 1240 2876 αὐτὸν
1277 2821 1554 2893 προθεῖναι
1579 2823 1644 2892 τῇ
1675 2819 1785 2884 ἐξε-

1969 2813 2059 2871 lV.
2095 2816 2337 2884 Tempus
2377 2823 2557 2869 autem
2589 2824 2736 2870 esset
2777 2824 2836 2869 ut
2873 2815 3052 2887 ipsum
3089 2830 3306 2887 quoque
3335 2830 3467 2870 exa-

213 2909 368 2963 τάσει
410 2909 499 2963 τὸν
541 2909 697 2978 λόγον
725 2909 816 2962 τὸν
847 2910 951 2964 ὑπὸ
988 2911 1088 2982 τῆς
1120 2909 1430 2980 ἐπιγραφῆς
1454 2909 1565 2976 (93)
1591 2905 1785 2974 ταύτης

1898 2906 2029 2960 mini
2075 2913 2366 2960 tractatum
2398 2905 2723 2974 subjicerem
2765 2905 2925 2974 cujus
2956 2912 3338 2975 argumentum
3375 2903 3471 2956 tali

212 3000 564 3072 δηλούμενον.
595 3001 793 3071 Γράφω
820 2997 880 3054 δὲ
923 3007 992 3054 τὰ
1041 3001 1233 3071 πρῶτα
1264 3002 1329 3070 τῇ
1359 2998 1598 3069 ὲμαυτοῦ
1627 2996 1785 3062 λέξει,

1894 2995 2253 3066 inscriptione
2282 2996 2619 3066 designatur.
2645 2994 2848 3051 Verum
2878 2995 3013 3050 meis
3033 2994 3266 3066 primum
3290 2993 3472 3049 verbis

214 3090 286 3142 δι’
314 3091 508 3160 ὀλίγων
541 3089 855 3161 ἐπιδραμὼν
883 3089 980 3163 τὴν
1009 3089 1244 3143 διάνοιαν
1268 3132 1283 3156 ,
1313 3092 1370 3144 ὲν
1402 3084 1482 3153 οἷς
1513 3089 1785 3143 ἀκίνδυνόν

1898 3103 2087 3143 eorum
2119 3103 2240 3158 qua:
2272 3088 2324 3141 in
2349 3088 2468 3158 ipso
2491 3103 2654 3158 opere
2684 3089 3063 3152 continentur,
3093 3102 3312 3142 sensum
3337 3101 3475 3156 pau-

218 3183 335 3234 ἐστι
360 3181 420 3234 τὸ
457 3181 831 3252 παραδραμεῖν
869 3179 976 3235 τῶν
1007 3181 1408 3251 γεγραμμένων
1454 3199 1506 3234 τι
1536 3181 1785 3248 ἀνεξέτα-

1900 3180 1982 3235 cis
2028 3194 2366 3249 percurram,
2404 3180 2493 3234 ubi
2528 3188 2712 3236 tamen
2761 3181 2973 3234 nullum
3022 3178 3327 3249 periculurn
3363 3184 3470 3242 est,

222 3290 366 3326 στον.
401 3272 621 3337 Μόνον,
659 3273 811 3342 φησὶ,
851 3271 967 3340 τὴν
996 3271 1215 3340 εὐσεϐῆ
1241 3273 1446 3325 πίστιν
1471 3273 1694 3341 ἀγαθὸν
1717 3267 1785 3342 ἦν

1903 3285 1969 3325 ne
2002 3271 2296 3340 quidquam
2332 3271 2727 3341 inexploratum
2759 3273 3096 3326 omittamus.
3131 3268 3337 3332 Solum,
3384 3269 3473 3322 in-

218 3362 559 3434 νομίζέσθαι
592 3363 736 3434 02‘)-
771 3363 927 3432 μηδὲ
963 3362 1072 3433 γὰρ
1120 3363 1194 3432 τῇ
1235 3367 1362 3432 Εὗᾳ
1411 3361 1785 3432 συνενεγκεῖν

1903 3362 2042 3432 quit,
2081 3363 2223 3431 piam
2261 3363 2416 3432 ﬁdem
2453 3364 2645 3416 bonum
2684 3363 2809 3433 quid
2847 3379 2958 3418 esse
3009 3362 3322 3416 censendum
3371 3370 3472 3424 est,

222 3456 338 3520 τὴν
360 3453 765 3516 ἀνεξέταστον
790 3452 998 3505 πίστιν
1022 3468 1036 3483 ’
1071 3451 1225 3506 ὥστε
1257 3451 1528 3521 προσῆκε
1558 3452 1654 3506 καὶ
1683 3451 1785 3519 τὴν

1905 3468 2068 3522 neque
2099 3453 2237 3505 enim
2283 3451 2447 3505 Evam
2473 3452 2744 3520 quidpiam
2775 3453 2978 3520 juvisse
3009 3450 3365 3505 indiscussam
3395 3451 3476 3503 in-

226 3545 345 3600 τῶν
359 3543 730 3614 Χριστιανῶν
750 3543 1169 3614 ἐξητασμένην
1189 3541 1362 3609 εἶναι,
1375 3545 1459 3614 μή
1483 3559 1599 3599 που
1638 3545 1785 3617 λάθῃ

1903 3542 2333 3612 exploratamque
2360 3542 2556 3610 ﬁderit;
2583 3559 2748 3612 quare
2779 3552 2828 3597 et
2867 3542 3197 3598 Christianos
3247 3544 3298 3596 in
3333 3543 3477 3610 ipso-

225 3639 358 3704 ταῒς
394 3635 513 3692 τῶν
548 3635 852 3702 Ἑλλήνων
884 3637 921 3705 ἣ
954 3636 1073 3690 τῶν
1106 3637 1401 3691 Ἰουδαίων
1426 3636 1539 3706 (9.5)
1575 3652 1785 3705 συνεμ-

1906 3651 2023 3687 rum
2055 3633 2359 3704 religionem
2381 3644 2628 3688 accurate
2650 3635 2914 3704 inquirere
2939 3642 3160 3700 oportet.
3185 3649 3248 3688 ne
3279 3632 3478 3702 alioqui

226 3729 507 3786 πεσοῦσα
538 3729 760 3793 δόξαις.
792 3727 976 3782 Ταῦτα
1028 3726 1116 3781 διὰ
1157 3727 1413 3781 πλειόνων
1447 3728 1785 3798 προοιμιασά

1907 3723 2262 3792 imprudenter
2299 3725 2353 3776 in
2382 3722 2747 3788 Ethnicorum,
2779 3733 2829 3779 et
2859 3723 3172 3779 ludazorum
3204 3723 3478 3792 opiniones

232 3837 393 3892 μενος
415 3863 429 3884 ,
459 3819 652 3887 ἐπάγει
675 3817 764 3871 τὸν
791 3817 946 3885 λόγον
980 3816 1170 3879 εἰπὼν,
1203 3818 1283 3871 ὅτι
1311 3816 1476 3886 Παρὰ
1505 3817 1629 3882 τοῖς
1664 3818 1773 3871 ἀπί

1907 3813 2130 3869 incidat.
2187 3813 2313 3868 llaec
2359 3814 2451 3868 ubi
2501 3815 2750 3884 pluribus
2787 3816 2843 3870 in
2896 3824 3162 3871 tractatus
3211 3814 3480 3887 prommio

233 3933 407 3980 στοις
437 3915 530 3965 καὶ
572 3911 702 3975 ταῖς
732 3909 995 3979 αἱρέσεσι
1031 3911 1537 3978 προτεορύλληται
1603 3909 1665 3962 τὸ
1715 3907 1785 3977 μὶ

1909 3905 2186 3966 disseruit,
2212 3905 2398 3958 statim
2424 3904 2538 3959 haec
2569 3905 2776 3968 subdit,
2801 3905 2954 3974 Apud
2979 3904 3217 3968 inﬁdeles
3245 3914 3294 3958 et
3314 3904 3478 3958 licere-

233 4005 498 4063 δυνατὸν
524 3997 674 4054 εἶναι
706 4000 852 4055 Θεὸν
883 3999 1194 4068 ἄνθρωπον
1219 3999 1526 4070 γενέσθαι,
1557 3999 1653 4053 καὶ
1691 3997 1785 4053 πάι

1913 3994 2042 4048 ticos
2086 3991 2411 4061 jamdudum
2455 3993 2846 4062 promulgatum
2887 3993 2988 4061 fuit
3019 3991 3187 4046 Deum
3216 3991 3479 4045 hominem

243 4102 412 4151 θεσιν
437 4091 723 4163 ὁμιλῆσαι
744 4132 759 4157 ,
804 4091 836 4145 ὃ
878 4093 975 4145 καὶ
1021 4091 1179 4160 παρὰ
1208 4092 1336 4157 ταῖς
1369 4092 1678 4160 αἱρέσεσιν
1705 4091 1778 4143 ἐπ

1911 4074 2028 4152 ﬁeri
2051 4099 2153 4136 non
2170 4096 2341 4150 posse,
2363 4097 2524 4150 neque
2544 4083 2595 4136 in
2623 4081 2868 4135 humanis
2889 4081 3224 4148 passionibus
3247 4081 3446 4134 versari
3459 4094 3480 4143 ;

237 4184 498 4253 ι’χιῇματι
559 4180 813 4244 πίστεως
849 4176 1184 4247 εἰσάγεται,
1235 4177 1549 4245 ἄνθρωπον
1595 4178 1785 4231 ἔνθεοι

1911 4173 2050 4244 quod
2079 4173 2286 4244 quidem
2319 4173 2383 4226 ab
2412 4172 2673 4227 haereticis
2706 4189 2837 4227 verte
2860 4172 2985 4241 ﬁdei
3011 4173 3180 4241 specie
3213 4171 3265 4224 in
3296 4169 3481 4224 Eccle-
3529 4191 3542 4204 ε

237 4271 335 4325 διὰ
371 4271 485 4337 τὴν
519 4270 586 4322 ἐκ
631 4268 912 4338 γυναικὸς
947 4269 1239 4338 γέννησιν
1272 4268 1414 4343 (26),
1458 4269 1556 4324 και
1597 4269 1695 4323 διὰ
1735 4285 1785 4322 τι

1915 4267 2050 4319 siam
2068 4267 2358 4328 inducitur,
2399 4265 2522 4317 dum
2551 4263 2818 4317 Christum
2844 4279 2937 4332 per
2957 4273 3130 4316 ortum
3153 4277 3217 4315 ea:
3242 4261 3440 4332 virgine
3465 4303 3480 4324 .

238 4359 395 4428 πάθη
421 4359 742 4428 λεγούσαις
779 4358 885 4412 τὸν
920 4359 1194 4428 Χριστόν.
1226 4360 1390 4424 Τίνας
1415 4360 1511 4430 μὲν
1549 4356 1641 4413 οὖν
1669 4355 1785 4413 οἶδε’

1909 4367 1958 4412 et
1983 4373 2074 4427 per
2091 4374 2218 4427 quos
2239 4357 2452 4426 pertulit
2469 4356 2756 4419 cruciatus,
2779 4354 3013 4408 divinum
3031 4354 3293 4408 hominem
3314 4354 3480 4408 exsti-

239 4452 475 4522 αῑρέσεις
495 4492 509 4513 ,
540 4450 594 4503 αἳ
629 4450 716 4503 τὸν
743 4450 973 4520 Χριστὸν
1019 4449 1200 4504 ἔνθεον
1232 4450 1515 4522 ἄνθρωπον
1540 4452 1785 4520 λέγουσιν

1907 4450 2032 4502 tisse
2081 4449 2283 4501 dicunt.
2345 4445 2514 4501 Porro
2562 4461 2830 4515 quasnam
2885 4445 3022 4502 sciat
3069 4447 3306 4502 haereses
3360 4463 3482 4517 qua:

239 4543 394 4606 αῢτδς
423 4541 487 4595 ἂν
515 4540 699 4610 εἰδείη,
733 4541 827 4593 καὶ
859 4539 912 4592 el
945 4556 1028 4603 τις
1069 4540 1136 4593 τὰ
1167 4540 1373 4593 ἐκείνου
1417 4541 1767 4594 πεπαίδευται

1909 4540 2188 4596 Christum
2223 4537 2470 4592 divinum
2524 4537 2800 4591 hominem
2846 4536 3049 4603 dicant,
3101 4537 3218 4607 ipse
3247 4537 3480 4598 noverit,

238 4639 396 4704 ἡμεῖς
441 4633 497 4686 δὲ
541 4631 752 4695 πολ)οἰς
790 4631 1246 4701 ὲπιὸεδημηκότες
1285 4631 1502 4695 τόποις,
1540 4633 1634 4686 καὶ
1671 4650 1785 4686 κατέ

1908 4645 1961 4690 et
1991 4638 2034 4691 si
2061 4637 2185 4706 quis
2215 4635 2334 4704 ejus
2363 4633 2496 4688 lalsa
2523 4633 2778 4704 degmata
2811 4635 3008 4690 callet:
3033 4650 3138 4690 nos
3163 4651 3293 4689 vero
3314 4634 3480 4688 multa

243 4726 474 4796 σπουδὴν
501 4728 609 4788 τοῖς
635 4741 694 4778 τε
740 4721 1056 4776 κοινωνοῦσι
1093 4720 1186 4774 τοῦ
1244 4720 1516 4791 δόγματος
1539 4762 1554 4787 ,
1604 4725 1712 4786 τοῖς
1753 4741 1782 4776 τ

1910 4741 2006 4795 per
2037 4727 2153 4780 loca
2185 4739 2409 4794 peregre
2428 4723 2678 4792 profecti,
2710 4733 2763 4777 et
2785 4739 2912 4778 cum
2947 4726 3014 4780 iis
3046 4726 3138 4794 qui
3172 4721 3482 4778 communis

241 4816 572 4888 ἀφεστηκόσι
603 4815 730 4888 περὶ
771 4814 877 4868 τῶν
912 4813 1052 4868 κατὰ
1099 4813 1187 4865 τὸν
1231 4813 1402 4879 Λόγον
1440 4812 1785 4885 ζητουμένων

1916 4818 2197 4873 nobiscum
2228 4817 2511 4872 sententize
2544 4825 2693 4880 sunt,
2730 4823 2785 4870 et
2821 4832 2941 4871 eum
2974 4817 3098 4872 aliis
3132 4815 3228 4885 qtti
3261 4831 3291 4868 a
3325 4815 3483 4868 nobis

241 4908 730 4977 καθομιλήσαντες,
774 4904 926 4958 οὓπω
966 4903 1110 4967 τινὸς
1148 4902 1463 4974 ἀκηκόαμεν
1489 4903 1587 4975 τὴν
1631 4905 1783 4959 τοιαύ

1917 4908 2061 4961 circa
2083 4905 2414 4977 quazstiones
2439 4905 2505 4960 de
2530 4903 2710 4960 Verbo
2733 4907 2926 4976 agitari
2954 4906 3165 4969 solitas,
3191 4905 3482 4970 dissident,

240 5015 340 5070 την
371 4999 628 5072 ῥήξαντος
652 4999 781 5068 περὶ
811 4997 904 5050 τοῦ
936 4996 1230 5068 μυστηρίου
1267 4995 1469 5066 φωνὴν,
1499 4996 1580 5052 ὅτι
1605 4997 1700 5051 dvo
1712 5015 1785 5068 ρω

1920 4999 2164 5055 studiose
2190 4999 2522 5063 convcrsati,
2550 4999 2790 5053 nondum
2819 4998 3128 5069 quempiam
3153 4997 3483 5062 audivimus,

317 5173 428 5240 (17)
455 5173 609 5226 Corr.
637 5172 778 5225 κατὰ
811 5172 1024 5225 ταύτόν.

319 5243 536 5315 (18>Αιιιι
575 5256 720 5296 corr.
757 5251 916 5296 antea
967 5243 1230 5313 scriptmn
1266 5243 1440 5299 fuerat
1487 5243 1606 5298 κατ’
1645 5243 1818 5315 ἀρχὰς

247 5316 379 5384 ἡμῖν
418 5311 624 5384 Θερτης.

321 5385 429 5447 (l9)
472 5379 628 5444 Corr.
664 5384 730 5450 τῇ
757 5388 811 5434 et
842 5396 965 5435 mox
999 5379 1273 5451 ὁμοιώσει.

451 5452 860 5544 Ιξςξοιζιῖὶρειιξυδ
875 5460 1077 5513 ετειὸτ⁹
1092 5462 1260 5544 ήμκαί
1269 5463 1580 5544 ανορωπον.
1600 5465 1661 5520 F.
1678 5468 1811 5544 ὅτεῄ

1982 5168 2100 5244 (εδ)
2119 5175 2193 5230 lta
2232 5171 2378 5232 corr.
2409 5182 2569 5228 antea
2599 5173 2836 5244 γραφῆς.

1988 5242 2100 5315 (24)
2133 5247 2288 5315 (Sorr.
2318 5245 2397 5298 δεῖ
2424 5242 2756 5315 νομιξεσθαι.

1986 5309 2095 5378 (ἓὸὶ
2134 5314 2224 5369 Sic
2258 5309 2540 5383 legendum
2575 5311 2828 5384 :Alncod.
2862 5309 2981 5384 Vat.
3011 5309 3346 5384 scribitur,fl;
3379 5313 3488 5384 τῶν

1929 5384 2194 5438 Ἰουδαίων
2245 5380 2399 5438 cm.
2432 5382 2655 5435 καὶτῶν
2696 5380 2983 5453 Ἰουδαίων.
3012 5381 3116 5435 Sed
3139 5380 3421 5450 legendum
3449 5383 3483 5453 ἢ

1921 5453 2027 5506 τῶν
2075 5454 2338 5507 Ἰουδαίων
2363 5472 2376 5485 ·
2414 5470 2537 5505 natu
2568 5451 2952 5505 diversissimae
2975 5460 3105 5504 sunt
3137 5451 3482 5507 ethnicorum

475 5521 598 5604 lltec
629 5513 790 5604 Ιοςὶἰο
830 5545 856 5578 ιι
887 5544 1036 5604 corr.
1063 5513 1834 5604 est,
1926 5534 1978 5579 ει
2003 5523 2228 5604 19932.0"
2233 5539 2319 5576 “"l
2349 5523 2416 5604 (ξε
2457 5522 2711 5592 ηειίείοηο
2736 5519 3038 5576 εθυίθνιίίε·

242 5592 511 5664 scribitur
543 5594 602 5646 τὸ
632 5595 740 5664 γὰρ
771 5599 934 5654 κατὰ·
1153 5592 1166 5600 ν
1199 5592 1217 5604 -

1997 5592 2106 5663 (9.6)
2135 5594 2290 5648 Corr.
2323 5593 2554 5660 γένεσιν.

315 5663 424 5729 (22)
465 5663 621 5716 Corr.
657 5663 868 5737 κέρδος.

458 5753 730 5816 Parnm.
777 5754 892 5812 Gn.
933 5755 1087 5816 XLV

3001 5755 3079 5815 36
