4006 6482
535 308 664 367 “Si

1743 304 1800 362 S.
1842 296 2170 362 GREGORII
2222 300 2518 358 NYSSENI

3659 301 3793 357 H3!

530 428 626 499 qui
685 424 813 481 talia
859 422 927 479 de
992 421 1097 476 hoc
1142 417 1405 489 mysterio
1475 417 1767 489 proferret,
1820 419 2101 475 Christum

2220 435 2303 480 τος
2335 417 2517 481 ἔνθεος
2551 418 2579 470 6
2611 414 2842 489 Χριστὸς
2872 410 2959 488 ἦν.
2992 415 3096 470 Τὸν
3127 416 3309 471 τοίνυν
3344 415 3610 488 μέλλοντα
3649 418 3792 488 διορ-

532 532 729 587 nempe
775 515 1020 569 divinum
1080 510 1357 566 hominem
1406 524 1547 565 esse.
1610 510 1873 566 Errantes
1923 511 2105 579 itaque

532 613 681 665 circa
725 607 846 663 lidei
877 607 1131 676 dogmata
1167 602 1459 673 opiniones
1499 604 1775 675 corrigere
1807 616 2107 671 eorumque

532 703 655 757 loco
686 698 1059 768 religiosiores
1084 694 1343 749 inducere
1365 694 1715 765 cogitantem,
1749 708 1857 749 non
1880 692 2107 747 decebat

532 790 639 845 sibi
687 787 999 857 conﬁngere
1030 799 1151 855 qua:
1193 797 1305 838 non
1341 792 1489 851 sunt,
1525 799 1761 855 cumque
1792 785 1957 839 rebus
2003 783 2107 837 mi-

532 881 680 935 nime
705 875 1133 933 subsistentibus
1172 888 1439 945 pugnare,
1474 873 1571 928 sed
1595 874 1857 929 adversus
1895 888 1958 929 ea
1987 886 2109 942 qua:

532 972 602 1025 ab
633 968 971 1024 adversariis
1013 980 1204 1021 revera
1251 965 1629 1035 proferuntur,
1664 970 1887 1019 armari.
1920 964 2109 1035 Neque

532 1060 682 1113 enim
734 1058 944 1128 peritus
977 1056 1270 1126 quisquam
1318 1053 1565 1109 medicus
1601 1055 1809 1110 morbis
1847 1056 1940 1125 qui
1967 1071 2108 1108 nun-

533 1163 696 1217 quam
738 1146 1068 1201 exstiterunt
1114 1153 1287 1197 artem
1326 1141 1574 1211 opponit,
1617 1142 1711 1196 sed
1755 1142 2108 1197 invalescenti

533 1240 725 1292 morbo
753 1237 981 1292 scientia
1008 1249 1114 1305 qua
1138 1234 1323 1305 pollet,
1353 1233 1616 1287 occurrit.
1654 1230 1750 1287 Vel
1774 1230 2113 1303 itaque'pro-

536 1331 673 1383 ferat
702 1326 1010 1398 quempiam
1040 1324 1132 1395 qui
1164 1324 1330 1377 Deum
1367 1322 1420 1376 in
1439 1336 1605 1376 carne
1632 1337 1741 1376 non
1770 1323 2109 1392 apparuire,

536 1420 631 1474 sed
663 1418 907 1473 divinum
944 1416 1218 1469 hominem
1252 1412 1533 1468 Christum
1565 1427 1690 1469 esse
1733 1412 2109 1479 al‘lirmaverit,

534 1518 589 1565 et
625 1519 755 1564 tune
784 1515 1076 1563 tractatum
1122 1506 1286 1562 istum
1339 1519 1448 1559 non
1489 1505 1588 1561 abs
1633 1520 1690 1561 re
1741 1506 2111 1576 conscriptum

534 1601 603 1655 ab
632 1602 752 1671 ipso
784 1599 951 1655 fuisse
970 1595 1397 1665 latebimur;vel
1419 1612 1706 1668 quousque
1736 1597 2114 1666 hujuscemodi

538 1694 765 1749 morbus
812 1693 1141 1756 inveniatur,
1178 1690 1405 1746 stultum
1464 1704 1587 1746 esse
1634 1704 1822 1745 omnes
1870 1688 2113 1744 fatebun-

535 1792 625 1840 tur
646 1799 770 1838 cum
797 1784 864 1837 iis
900 1784 992 1851 qui
1019 1798 1128 1837 non
1158 1780 1453 1843 exsistunt,
1483 1780 1763 1835 erroribus
1788 1778 2115 1835 conﬂictari.
2150 1758 2189 1812 Β

604 1872 668 1927 ν.
714 1871 1197 1930 Verumenimvero
1255 1870 1421 1925 talem
1478 1869 1755 1925 scribendi
1808 1871 2113 1924 necessita-

540 1973 646 2020 tem
687 1979 795 2019 non
838 1972 1045 2019 temere
1093 1962 1383 2033 praetexuit
1412 1960 1783 2031 npollinaris;
1821 1962 1914 2015 secl
1953 1969 2011 2016 ut
2046 1961 2115 2016 ad

536 2055 816 2124 proprium
889 2069 1052 2109 suum
1138 2053 1336 2122 dogma
1402 2051 1795 2115 astruendum,
1884 2051 2112 2122 gradum

537 2148 828 2215 quemdam
868 2154 1032 2215 atque
1070 2144 1282 2198 aditum
1320 2142 1426 2197 sibi
1480 2142 1702 2209 faceret,
1749 2143 1895 2213 quod
1938 2160 1969 2197 a
2015 2160 2114 2198 ne-

540 2238 681 2291 mine
710 2237 916 2291 dictum
966 2235 1086 2299 fuit,
1124 2244 1384 2304 tanquam
1442 2234 1651 2288 dictum
1708 2236 2017 2304 supposuit,
2057 2247 2118 2291 ut

539 2328 667 2381 dum
710 2328 972 2381 adversus
1009 2326 1149 2379 hanc
1190 2324 1570 2394 imaginariam
1611 2325 1861 2380 haeresim
1902 2338 2116 2383 certare

537 2418 841 2483 videretur,
869 2418 1125 2473 simulata
1146 2417 1587 2473 contradictione
1608 2416 1952 2474 divinitatem
1974 2422 2115 2474 mori

546 2523 707 2577 posse
742 2509 981 2561 lirniaret
1014 2526 1025 2560 :
1054 2514 1165 2559 tota
1198 2508 1403 2577 quippe
1422 2508 1541 2577 ejus
1570 2508 1801 2577 scriptio
1830 2523 1895 2563 eo
1916 2508 2113 2571 tendit,

540 2604 601 2651 ut
629 2597 893 2669 tmigeniti
928 2594 1051 2648 Filii
1085 2594 1426 2651 divinitatem
1458 2598 1745 2651 mortalem
1780 2612 1925 2661 esse,
1960 2613 2115 2652 eum-

536 2690 771 2759 dcmque
808 2704 918 2744 non
965 2688 1020 2742 in
1064 2688 1409 2745 humanitate
1440 2688 1750 2759 passionem
1782 2688 2111 2759 suscepisse,

535 2782 630 2837 sed
666 2780 1059 2851 impassibilem
1109 2780 1232 2848 ejus
1280 2780 1787 2850 immutabilemque
1835 2789 2112 2844 naturam,

537 2872 605 2925 ad
656 2871 967 2940 passionem
1027 2868 1459 2939 participandam
1502 2876 1767 2923 mutatam
1814 2868 1987 2923 fuisse
2025 2884 2112 2924 as-

536 2968 703 3017 truat.
744 2959 924 3027 Quare
976 2960 1042 3013 ad
1100 2972 1393 3030 quamuam
1434 2958 1724 3012 utilitatem
1774 2958 2115 3028 Apollinaris

538 3067 718 3107 sermo
753 3052 1011 3122 respiciat
1040 3052 1133 3121 qui
1158 3050 1506 3118 ejuseallent
1537 3050 1799 3121 mysteria
1823 3065 1985 3107 nosse
2014 3066 2109 3120 po-

538 3152 750 3200 terunt:
788 3158 909 3213 qua:
940 3153 1119 3196 autem
1147 3158 1213 3196 ex
1257 3141 1377 3209 ejus
1408 3140 1570 3196 dictis
1605 3142 1868 3211 consequi
1899 3142 1982 3196 vel
2013 3142 2116 3212 ipsi

537 3234 778 3290 infantes
798 3241 1148 3313 \agnoseunt.
1180 3231 1309 3285 talia
1346 3240 1475 3287 sunt
1513 3232 1693 3301 qualia
1726 3249 1825 3287 nec
1851 3233 2119 3305 irreligio-

538 3327 716 3381 siores
742 3322 1097 3379 Ethnicorum
1134 3323 1397 3377 dixerint.
1434 3320 1492 3377 Si
1526 3322 1668 3377 enim
1700 3323 1816 3392 ipsa
1840 3323 2117 3394 Unigeniti

538 3414 803 3470 divinitas
834 3415 992 3478 obiit,
1037 3413 1350 3468 necessario
1393 3427 1501 3466 una
1557 3426 1684 3466 cum
1735 3412 1852 3481 ipsa
1887 3420 2118 3467 mortem

538 3508 709 3564 subiit
741 3514 795 3561 et
829 3506 961 3568 vita,
997 3514 1052 3559 et
1088 3504 1311 3566 veritas,
1350 3512 1403 3557 et
1434 3504 1675 3572 justitia,
1706 3513 1759 3557 et
1792 3503 2034 3568 bonitas,
2067 3514 2120 3559 et

538 3599 655 3661 lux,
696 3605 751 3652 et
793 3596 1069 3667 potentia;
1111 3595 1227 3649 hazc
1265 3597 1410 3648 enim
1447 3594 1631 3648 omnia
1685 3595 1985 3649 secundum
2036 3595 2121 3649 di-

538 3705 730 3746 versas
760 3690 1014 3745 notiones
1049 3687 1366 3757 unigenitus
1410 3684 1558 3741 Deus
1599 3694 1655 3741 et
1690 3697 1773 3742 est
1812 3695 1867 3743 et
1895 3687 2116 3742 dicitur.

539 3782 676 3839 Cum
712 3790 893 3836 autem
939 3779 1171 3850 simplex
1201 3786 1257 3833 et
1302 3777 1593 3833 divisionis
1639 3786 1805 3849 atquc
1847 3781 2121 3849 composi-

539 3873 705 3930 tionis
736 3887 931 3943 expers
979 3871 1073 3936 sit,
1108 3870 1473 3940 quodcunque
1520 3882 1587 3925 ex
1624 3870 1735 3926 illis
1790 3870 1955 3927 rebus
1996 3886 2120 3926 esse

503 4034 509 4041 .
538 3964 776 4029 dicatur,
796 3971 945 4018 totus
973 3962 1107 4015 illud
1136 3971 1241 4023 est,
1264 3968 1319 4016 et
1340 3975 1447 4015 non
1477 3960 1531 4014 in
1554 3967 1708 4030 parte
1731 3960 1856 4027 hoc,
1888 3961 1942 4015 in
1968 3972 2120 4031 parte

539 4055 723 4121 aliud;
748 4055 822 4109 ita
850 4063 911 4108 ut
939 4054 985 4111 si
1004 4068 1110 4108 una
1138 4067 1203 4105 ex
1228 4052 1434 4107 eisdem
1460 4050 1627 4107 rebus
1649 4052 1905 4119 exsistat,
1934 4053 2119 4107 omnia

480 4190 491 4199 .
546 4148 602 4202 in
644 4146 765 4216 ipso
801 4146 1071 4202 exsistere
1101 4143 1516 4213 intelligantur;
1550 4143 1635 4198 sin
1668 4152 1847 4199 autem
1876 4161 1981 4199 una
2010 4160 2119 4199 non

540 4239 797 4302 exsistat,
851 4237 1033 4293 omnia
1084 4236 1250 4292 simul
1300 4234 1666 4305 perimantur.
1720 4235 1775 4289 Si
1824 4236 1988 4306 igitur
2024 4252 2121 4306 per

542 4337 774 4385 mortem
832 4327 1101 4384 interierit
1146 4326 1353 4381 Christi
1397 4324 1677 4388 divinitas,
1721 4341 1817 4396 per
1869 4327 2116 4382 eamdem

548 4436 769 4492 quoque
813 4430 1044 4475 mortem
1079 4417 1262 4473 omnia
1306 4417 1618 4471 interierint
1655 4432 1777 4487 quas
1823 4418 2117 4488 conjuncta
2146 4449 2197 4511 υ

541 4526 668 4569 cum
697 4512 817 4582 ejus
855 4511 1141 4567 divinitate
1180 4510 1579 4581 intelliguntur.
1647 4510 1808 4579 Atqui
1846 4524 1955 4564 non
1984 4510 2119 4565 sim-

542 4604 755 4677 pliciter
783 4611 1027 4673 potestas
1060 4611 1145 4656 est
1174 4601 1451 4663 Christus,
1508 4599 1600 4655 sed
1642 4600 1732 4654 Dei
1765 4609 2033 4672 potestas,
2068 4610 2122 4658 et

544 4698 639 4752 Dei
662 4695 949 4768 sapientia.
988 4694 1216 4760 Quando
1253 4693 1417 4764 igitur
1450 4693 1564 4746 haec
1615 4705 1719 4746 una
1760 4708 1883 4747 cum
1914 4693 2120 4750 Christi

542 4786 831 4842 divinitate
889 4799 986 4854 per
1044 4793 1271 4838 mortem
1322 4783 1590 4838 exstincta
1639 4790 1788 4847 sunt,
1835 4800 1945 4839 non
1994 4793 2115 4841 erat

543 4877 687 4949 apud
720 4876 935 4931 Patrem
952 4874 1237 4949 sapientia
1262 4873 1378 4938 Dei,
1402 4890 1512 4928 non
1543 4874 1808 4943 potentia,
1840 4890 1949 4929 non
1976 4876 2114 4943 vita,

545 4984 653 5024 non
687 4966 834 5022 aliud
866 4962 1145 5037 quidpiam
1169 4979 1360 5019 eorum
1394 4978 1514 5033 qua:
1536 4962 1662 5019 boni
1688 4964 1907 5020 nomine
1931 4968 2117 5037 appel-

614 5080 725 5150 (27)
755 5080 909 5134 Corr.
933 5078 1170 5150 Χριστὸν
1191 5074 1359 5150 εἶναι,
1393 5074 1530 5132 εἶτα.

615 5151 729 5218 (28)
757 5150 912 5203 Corr.
944 5150 1048 5213 ἕως
1075 5149 1132 5202 δὲ
1168 5149 1251 5202 ἄν.

616 5216 727 5289 (‘29)
765 5219 841 5289 ita
869 5234 1040 5283 corr.,
1068 5228 1226 5273 antea
1255 5226 1393 5283 erat,
1420 5216 1514 5288 τῷ.

618 5291 729 5413 (5:3
765 5288 840 5343 Ita
863 5305 1036 5351 corr.,
1063 5290 1215 5357 prius
1246 5289 1389 5343 enim
1414 5289 1679 5359 Scriptum
1706 5288 1879 5343 fuerat
1909 5306 2123 5360 σχημα-

618 5364 658 5413 ἷε
730 5375 819 5413 αι·
856 5359 951 5413 sed
981 5358 1214 5413 fortasse
1239 5375 1346 5412 non
1380 5374 1538 5413 nemo
1568 5360 1853 5413 leueudum
1890 5375 2120 5413 ecnsue-

545 5358 819 5425 τίζεσθαι·
856 5359 951 5430 sed
981 5358 1214 5413 fortasse
1239 5375 1346 5412 non
1380 5358 1539 5414 nemo
1568 5360 1853 5430 legendum
1890 5358 2120 5413 ecnSue-

547 5434 639 5491 rit,
673 5429 1052 5500 ἐσχημάτισεν.

619 5500 730 5565 (51)
762 5499 833 5552 Ita
870 5514 1013 5554 corr.
1054 5514 1175 5553 nam
1214 5506 1373 5553 antea
1392 5506 1530 5565 erat,
1566 5500 1640 5563 ὡς
1664 5499 1844 5553 άνοδόν
1870 5516 2009 5553 τινα.

618 5570 729 5638 (32)
758 5568 916 5638 ροισι.
945 5569 1271 5638 ὲπιίστορες.

620 5574 709 5635 (32
758 5574 916 5623 Corr.
945 5574 1271 5638 ὲπιίστορες.

620 5574 734 5709 (55)
762 5636 952 5709 Totam
971 5638 1113 5709 hanc
1140 5638 1367 5709 Nysseni
1393 5640 1911 5709 argumentationem
1942 5656 2113 5707 usque

551 5707 621 5763 ad
651 5707 812 5764 linem
838 5707 1031 5777 capitis
1056 5708 1111 5763 in
1150 5707 1424 5778 epitomen
1461 5707 1746 5763 redactam
1793 5711 2114 5782 huuiymius

2206 509 2424 563 θοῦσθαι
2483 509 2584 579 μὲν
2640 510 2739 573 τὰς
2798 508 3155 579 ἠπατημένας
3206 511 3334 580 περὶ
3376 509 3473 563 τοῦ
3522 510 3794 579 δόγματος

2206 599 2539 669 ὑπολήψεις,
2579 600 2919 668 ἀντεισάγειν
2962 600 3019 653 δὲ
3078 600 3177 662 τὰς
3232 600 3662 670 εὐσεϐεστέρας,
3720 598 3793 669 μὴ

2206 689 2574 743 ἀναπλάσσειν
2598 689 2775 760 ἑαυτῷ
2799 689 2867 742 τὰ
2896 689 2970 759 μὴ
2996 688 3144 748 ὄντα.
3169 690 3262 741 καὶ
3283 689 3419 759 πρὸς
3439 689 3507 742 τά
3538 689 3791 759 ἀνύπαρ-

2207 798 2313 835 κτα
2343 782 2611 852 μάχεσθαι
2639 783 2914 853 προσῆκον
2942 777 3011 851 ἦν
3032 822 3048 845 ,
3096 782 3233 834 ἀλλὰ
3261 782 3398 850 πρὸς
3428 782 3495 834 τὰ
3524 782 3793 852 λεγόμενα

2209 869 2361 940 παρὰ
2402 870 2510 922 τῶν
2561 868 3067 938 άντιδιατιθεμένων
3108 869 3446 932 ὁπλίζεσθαι.
3491 869 3629 921 Οὐδὲ
3688 868 3793 938 γὰρ

2208 960 2317 1012 τῶν
2355 960 2555 1031 ίατρῶν
2599 961 2648 1012 οἱ
2688 961 3049 1029 ἐπιστήμονες
3079 959 3215 1030 πρὸς
3250 959 3321 1012 τὰ
3352 960 3427 1029 μὴ
3472 961 3601 1011 ὄντα
3648 959 3795 1029 πάθη

2208 1051 2308 1122 τὴν
2334 1050 2541 1105 ἑαυτῶν
2570 1050 2763 1121 τέχνην
2796 1051 3209 1119 άντεισάγουσιν
3237 1066 3251 1081 °
3284 1048 3421 1103 ἀλλὰ
3440 1050 3580 1119 πρὸς
3606 1050 3673 1101 τὸ
3708 1066 3796 1116 γε·

2210 1143 2368 1213 γονὺς
2396 1143 2496 1213 ἥδη
2525 1143 2737 1212 νόσημα
2786 1142 2872 1195 διὰ
2920 1142 3022 1212 τῆς
3074 1143 3381 1213 ἐπιστήμης
3415 1143 3686 1196 ἵστανται.
3727 1144 3796 1194 Ἦ

2210 1234 2388 1287 τοίνυν
2410 1233 2638 1299 δειξάτω
2666 1234 2758 1286 τὸν
2787 1232 3043 1304 εἰρηκότα
3075 1234 3149 1303 μὴ
3175 1232 3309 1286 Θεὸν
3339 1234 3398 1286 ὲν
3428 1234 3591 1303 σαρκ)⁵
3624 1249 3801 1299 πεφα-

2212 1342 2267 1376 νε
2276 1323 2502 1395 ρῶσθαι,
2524 1324 2637 1377 ἀλλ’
2661 1322 2841 1376 ἔνθεον
2860 1323 3145 1394 ἄνθρωπον
3162 1326 3252 1379 τὸν
3269 1325 3525 1395 Χριστὸν,
3551 1321 3671 1377 εἶτα
3684 1324 3799 1391 (‘27)

2215 1414 2310 1469 κα).
2339 1414 2431 1467 τὸν
2457 1414 2613 1482 λόγον
2641 1413 2807 1467 αὐτοῦ
2830 1453 2845 1477 ,
2881 1413 2957 1477 ὡς
2982 1413 3043 1466 ού
3079 1413 3255 1484 μάτην
3283 1415 3655 1484 πεποιημένον
3685 1430 3799 1466 πα-

2217 1502 2547 1575 ραδεξόμεθα
2566 1520 2579 1535 ·
2612 1502 2646 1573 ἢ
2676 1502 2781 1565 ἕως
2821 1501 2887 1555 ἂν
2922 1500 3033 1570 (28)
3063 1503 3097 1571 ὴ
3120 1500 3340 1570 τοιαύτη
3381 1501 3456 1571 μὴ
3481 1500 3799 1571 εὑρίσκεται

2215 1596 2397 1661 νόσος,
2432 1595 2657 1665 μάταιον
2704 1588 2843 1647 εῖναι
2894 1594 3094 1657 πάντες
3150 1592 3539 1663 ὁμολογήσωσι
3582 1592 3647 1647 τὸ
3678 1592 3798 1663 (29)

2215 1688 2329 1751 τοῖς
2360 1688 2435 1759 μὴ
2460 1682 2580 1741 οῦσι
2603 1683 3033 1756 συμπλέκεσθαι.

2297 1872 2437 1925 Ἀλλ’
2488 1872 2587 1925 οὐκ
2638 1871 2758 1941 εἰκῆ
2813 1869 2915 1939 τὴν
2957 1868 3211 1937 τοιαύτην
3269 1867 3369 1936 τῆς
3424 1866 3801 1939 λογογραφίας

2215 1963 2459 2031 ἀνάγκην
2493 1960 2670 2031 ἑαυτῷ
2700 1958 3092 2030 σχηματίζεται
3120 1958 3267 2028 (50)·
3307 1958 3421 2010 ἀλλ’
3448 1958 3525 2022 ὡς
3566 1958 3637 2011 ἂν
3677 1958 3804 2011 ὁδόν

2214 2072 2335 2109 τινα
2358 2054 2470 2121 (51)
2522 2052 2617 2105 καὶ
2646 2050 2964 2104 ἀκολουθίαν
2992 2048 3128 2121 πρὸς
3180 2047 3278 2119 τὴν
3312 2050 3661 2119 κατασκευὴν
3696 2048 3803 2101 τοῦ

2215 2144 2335 2197 καθ’
2367 2142 2560 2196 ἑαυτοῦ
2585 2141 2852 2211 δόγματος
2872 2139 3049 2207 λάϐοι,
3075 2139 3137 2192 τὸ
3166 2139 3240 2210 μὴ
3280 2138 3469 2209 λεχθὲν
3487 2181 3503 2203 ,
3533 2140 3613 2203 ὼς
3643 2142 3803 2208 είρη-
3900 2178 3911 2189 .

2217 2235 2375 2307 μένον
2406 2232 2634 2286 ὑπέθετο
2657 2272 2671 2297 ,
2711 2232 2797 2285 ἵνα
2830 2230 2908 2302 τῷ
2949 2231 3087 2302 πρὸς
3119 2230 3289 2284 ταῦτα
3319 2230 3495 2283 δοκεῖν
3530 2230 3805 2297 ἀγωνίζε-

2218 2326 2339 2381 σθαι
2362 2369 2376 2390 ,
2407 2326 2495 2379 διά
2532 2326 2633 2395 τῆς
2684 2322 3165 2393 ὲσχηματισμὲνης
3206 2322 3577 2393 ἀντιρρήσεως
3629 2338 3806 2373 καταο

2217 2419 2474 2473 σκευάσει
2511 2418 2570 2470 τὸ
2609 2416 2804 2486 θνητὸν
2834 2411 2970 2468 εἶναι
3006 2414 3066 2468 τὸ
3096 2413 3271 2466 Θεῖον.
3299 2415 3477 2477 Ἀπας
3510 2413 3619 2484 γάρ
3646 2412 3808 2482 αὐτῷ

2213 2514 2312 2583 τῆς
2340 2508 2708 2580 λογογραφίας
2750 2510 2779 2562 6
2830 2505 3032 2571 σκοπὸς
3081 2506 3217 2577 πρὸ..
3266 2503 3423 2558 τοῦτο
3460 2504 3688 2575 βλέπει,
3739 2503 3809 2555 τδ

2215 2605 2312 2676 θνη
2324 2603 2414 2675 τὴν
2441 2601 2533 2660 τοῦ
2584 2597 2903 2672 μονογενοῦς
2936 2599 3063 2652 Υίοῦ
3106 2599 3205 2669 τὴν
3241 2597 3499 2669 θεότητα,
3547 2597 3646 2651 καὶ
3674 2597 3807 2666 οὐχὶ

2214 2694 2293 2765 τῷ
2320 2694 2645 2764 ἀνθρωπίνῳ
2684 2691 2747 2744 τὸ
2779 2690 2950 2753 πάθος
2978 2688 3257 2756 δέξασθαι,
3304 2688 3439 2741 άλλά
3477 2688 3576 2759 τὴν
3609 2690 3809 2760 ἀπαθῆ

2214 2781 2311 2833 καὶ
2355 2777 2709 2833 ἀναλλοίωτον
2742 2777 2903 2847 φύσιν
2948 2777 3083 2848 πρὸς
3133 2776 3338 2839 πάθους
3374 2778 3663 2846 μετουσίαν
3700 2778 3807 2829 ἀλ-

2216 2869 2526 2940 λοιωθῆναι.
2550 2868 2713 2925 Ὅθεν
2736 2868 2871 2936 πρὸς
2898 2868 2949 2921 τί
2992 2868 3090 2939 μὲν
3116 2867 3262 2937 αύτῷ
3288 2869 3553 2937 χρήσιμον
3581 2870 3612 2921 ό
3639 2868 3810 2936 λόγος

2219 2958 2402 3029 βλέπει
2423 2957 2609 3010 είδεῖεν
2627 2958 2691 3010 ἂν
2707 2956 2817 3009 τῶν
2840 2958 3154 3029 μυστηρίων
3175 2956 3338 3010 αὑτοῦ
3355 2957 3641 3027 ὲπίστορες
3658 2959 3807 3029 (52)’

2217 3046 2253 3100 ά
2279 3044 2335 3098 δὲ
2358 3047 2390 3116 ἡ
2424 3044 2718 3099 ἀκολουθία
2741 3045 2835 3098 κα).
2865 3046 2977 3108 τοῖς
3002 3046 3142 3113 άγαν
3166 3045 3381 3116 νηπίοις
3414 3047 3813 3117 προσδείκνυσι

2218 3136 2443 3191 τοιαῦτά
2491 3142 2669 3200 ἐστιν,
2722 3130 2809 3191 οἷα
2859 3137 2979 3207 μηδ’
3017 3138 3083 3190 ἂν
3135 3138 3261 3200 τοὺς
3311 3137 3653 3202 ἀθεωτάτους
3693 3142 3813 3192 τῶν

2231 3229 2498 3300 Ἑλλήνων
2526 3232 2719 3283 είπείν.
2758 3229 2821 3282 El
2852 3228 2959 3300 γὰρ
2993 3229 3131 3300 αὑτὴ
3163 3229 3272 3299 (55)
3303 3228 3528 3300 τέθνηκε
3563 3230 3659 3283 τοῦ
3686 3232 3812 3285 Μο·

2220 3321 2469 3390 νογενοῦς
2502 3324 2536 3389 ὴ
2584 3320 2802 3389 θεότης,
2838 3320 3174 3374 συναπέθανε
3201 3320 3315 3390 (54)
3358 3320 3529 3393 ταύτῃ
3578 3322 3813 3387 Mm);

2220 3414 2315 3466 κα).
2345 3416 2379 3483 ἡ
2412 3412 2544 3484 ζωὴ,
2582 3413 2673 3467 κα).
2704 3414 2738 3482 ἡ
2772 3411 3018 3482 ἀλήθεια,
3052 3413 3147 3465 καὶ
3180 3414 3214 3482 ἡ
3254 3413 3588 3482 δικαιοσύνη,
3623 3417 3729 3467 καὶ
3777 3420 3810 3486 ἡ

2220 3503 2495 3574 ἀγαθότης
2516 3543 2531 3568 ,
2577 3504 2671 3558 καὶ
2702 3503 2763 3556 τὸ
2792 3504 2909 3571 φῶς
2936 3541 2950 3565 ,
2985 3502 3076 3555 καὶ
3106 3504 3138 3572 ή
3188 3502 3412 3573 δύναμις
3438 3518 3453 3532 ο
3488 3503 3663 3557 ταῦτα
3694 3506 3812 3575 γὰρ

2220 3594 2363 3649 κατὰ
2394 3595 2683 3666 διαφόρους
2719 3594 2975 3656 ἐπιϐολὰς
3002 3595 3030 3646 6
3066 3594 3358 3663 μονογενὴς
3384 3594 3514 3655 Θεὸς
3556 3596 3657 3647 καὶ
3688 3597 3810 3649 ἐστι.

2220 3685 2316 3738 καὶ
2344 3684 2578 3753 λέγεται.
2620 3683 2847 3747 Ἀπλοῦς
2882 3683 2938 3737 δὲ
2967 3682 3041 3737 ὢν
3071 3684 3162 3736 καί
3194 3684 3403 3754 ἀμερὴς
3443 3686 3538 3737 κα).
3569 3686 3810 3738 ἀσύνθε-

2219 3793 2309 3839 τος
2330 3817 2344 3840 ,
2367 3777 2501 3848 ὅπερ
2522 3775 2586 3829 ἂν
2612 3775 2859 3846 λέγηται,
2890 3775 3009 3838 ὅλος
3032 3775 3198 3839 ἐστὶν,
3226 3776 3324 3827 ούκ
3352 3775 3409 3828 ὲν
3440 3776 3596 3846 μέρει
3616 3776 3808 3841 τοῦτο,

2222 3868 2313 3920 καὶ
2342 3868 2399 3919 ὲν
2426 3867 2579 3938 μέρει
2609 3867 2669 3921 τὸ
2696 3866 2883 3938 ἕτερον
2910 3867 3046 3937 (55).
3065 3867 3228 3921 Ὥστε
3250 3866 3369 3930 ἑνὸς
3392 3868 3541 3930 ὄντος
3568 3906 3584 3931 ,
3620 3868 3810 3922 πάντα

2220 3959 2278 4012 ὲν
2308 3958 2457 4029 αύτῷ
2491 3958 2763 4023 νοεῖσθαι,
2806 3957 2899 4010 κα).
2937 3957 3013 4028 μὴ
3051 3956 3237 4023 ὄντος,
3274 3956 3341 4011 τά
3373 3957 3551 4011 πάντα
3583 3958 3809 4013 συνδιαο

2220 4049 2544 4120 γράφεσθαι.
2580 4051 2643 4104 El
2688 4046 2782 4103 οὖν
2814 4049 3086 4122 ἠφανίσθη
3138 4048 3216 4120 τῷ
3258 4049 3472 4119 θανάτῳ
3519 4050 3583 4102 τό
3617 4050 3805 4112 Θεῐσν,

2223 4140 2595 4212 συνηφανίσθη
2627 4141 2705 4212 τῷ
2739 4140 2952 4212 θανάτῳ
2983 4140 3159 4195 πάντα
3190 4139 3259 4193 τά
3283 4139 3641 4210 συνημμένους
3677 4142 3810 4212 περὶ

2221 4233 2321 4302 τὴν
2366 4232 2529 4286 αὐτοῦ
2589 4233 2819 4303 θεότητα
2872 4232 3239 4304 θεωρούμενα.
3307 4230 3466 4283 Ἀλλὰ
3534 4229 3643 4301 μὴν
3707 4233 3809 4303 οὐχ

2222 4321 2410 4385 ἁπλῶς
2436 4322 2664 4392 δύναμις
2700 4324 2728 4375 6
2769 4322 3032 4392 Χριστὸς,
3062 4320 3197 4375 ἀλλὰ
3243 4319 3378 4374 Θεοῦ
3409 4319 3678 4391 δύναμις,
3715 4324 3808 4374 καὶ

2222 4414 2356 4467 Θεοῦ
2394 4416 2577 4483 σοφία.
2607 4415 2735 4469 Ὅτε
2761 4410 2855 4467 οῦν
2883 4414 3056 4468 ταῦτα
3082 4417 3149 4485 τῇ
3189 4413 3403 4483 θεότητι
3432 4412 3527 4467 τοῦ
3556 4415 3689 4467 Υίοῦ
3720 4417 3810 4469 διὰ

2220 4507 2314 4560 τοῦ
2341 4507 2571 4560 θανάτου
2604 4506 3069 4575 συγκατεσϐέσθη,
3104 4506 3203 4559 οὐκ
3226 4501 3294 4577 ἦν
3337 4506 3488 4578 παρὰ
3518 4506 3597 4577 τῷ
3623 4508 3807 4577 Πατρὶ

2218 4597 2351 4652 Θεοῦ
2386 4598 2548 4667 σοφία
2571 4636 2585 4661 ,
2617 4598 2677 4650 οὐ
2712 4597 2970 4668 δύναμις,
3002 4598 3064 4650 ού
3098 4596 3213 4667 ζωὴ
3234 4636 3249 4661 ,
3292 4597 3391 4650 οὐκ
3428 4596 3559 4651 ἄλλο
3588 4615 3643 4651 τι
3696 4598 3807 4651 τῶν

2221 4690 2358 4760 πρὸς
2409 4690 2472 4743 τὸ
2519 4693 2765 4762 κρεῖττον
2811 4688 3225 4759 ὀνομαζομένων
3261 4690 3413 4743 οὐδέν
3452 4706 3467 4719 ’
3519 4689 3660 4743 Θεοῦ
3696 4692 3807 4761 γάζο

2223 4782 2400 4836 πάντα
2419 4781 2589 4835 ταῦτα
2612 4776 2775 4836 εἶναι·
2804 4780 2875 4837 τὰ
2902 4780 2994 4833 τοῦ
3025 4781 3237 4853 Πατρὸς
3261 4780 3375 4853 (56)
3404 4783 3462 4834 ὲν
3486 4781 3638 4852 αύτῷ
3663 4778 3805 4835 εἶναι

2223 4874 2557 4939 πιστεύεται,
2588 4874 2731 4945 ἅπερ
2757 4872 2909 4935 ὄντος
2935 4872 3036 4943 μὲν
3064 4872 3159 4925 τοῦ
3178 4871 3330 4939 Υίοῦ,
3361 4872 3475 4926 ἔστι
3495 4888 3509 4902 ·
3545 4874 3619 4943 μὴ
3649 4873 3804 4936 ὄντος

2221 4968 2303 5033 δὲ,
2334 4968 2552 5031 πάντως
2582 4966 2683 5021 ούκ
2707 4965 2842 5030 ἐστι,
2870 4964 2958 5017 διὰ
2987 4964 3050 5017 τὸ
3081 4965 3139 5017 ἐν
3166 4963 3314 5036 αὐτῷ
3343 4959 3481 5018 εἶναι
3518 4966 3702 5018 πάντα
3733 4966 3804 5017 τὰ

2226 5082 2529 5154 Zigabeuus
2562 5080 2804 5154 inseruit
2838 5081 2894 5135 in
2943 5079 3365 5154 parte_secunda
3406 5078 3684 5154 Ραῃρριὶαε
3712 5081 3806 5134 do-

2222 5149 2468 5224 gm'aticce
2502 5153 2751 5224 adversus
2786 5149 3041 5216 Itwres'es,
3079 5151 3162 5205 tit.
3202 5152 3291 5212 i3,
3322 5164 3446 5221 pag.
3488 5149 3613 5213 529,
3652 5166 3800 5207 vers.

2223 5220 2283 5279 Si
2317 5220 2776 5293 quemadmodum,
2804 5238 2927 5276 cum
2952 5237 3101 5291 seqq.

2296 5289 2408 5361 (54)
2443 5293 2517 5347 Ita
2536 5308 2705 5357 corr.,
2728 5299 2886 5346 antea
2915 5289 3374 5361 enim’auvégraOe.

2294 5358 2407 5431 (55)
2439 5363 2512 5417 Ita
2536 5378 2704 5429 corr.,
2728 5371 2887 5416 antea
2920 5362 3181 5430 scriptum
3210 5358 3525 5423 fuerat,oﬁx
3563 5359 3620 5409 ἐν
3642 5359 3803 5428 μέρει

2222 5435 2283 5488 τὸ
2298 5435 2603 5581 (ξτξροόὁπ.
2636 5499 2772 5581 Θεοῦ
2811 5501 2918 5581 γάρ
2946 5500 3125 5581 Ξάντῆ
3149 5496 3285 5581 srva,
3303 5496 3525 5581 τᾳῦταρ
3553 5496 3681 5581 Υἱὸς
3710 5496 3801 5550 λι-

2224 5563 2402 5642 γεταιξ
2454 5574 2547 5626 καὶ
2592 5573 2767 5625 πάντα
2808 5563 2901 5625 τοῦ
2948 5569 3177 5642 Πατρός.
3237 5568 3384 5624 Fort.
3417 5567 3591 5621 ταῦτα
3628 5563 3794 5627 εἶναι,

2224 5648 2315 5699 καὶ
2352 5645 2420 5697 τὰ
2440 5643 2531 5697 τοῦ
2558 5642 2787 5713 Πατρός.
