4006 6488
186 274 324 330 H33

1348 278 1717 336 ADVERSUS
1759 280 2269 341 APOLLINAREM.

3306 291 3443 346 H34

184 392 274 445 τοῦ
306 391 515 466 [ἰατρὸς
541 392 936 463 ὁμολογεῖσθαι.
971 395 1031 448 ΕΞ
1063 390 1156 450 οὖν
1200 398 1515 470 ἀπεσϐέσθη
1541 402 1652 470 (57)
1682 401 1759 472 τῷ

1875 409 2049 459 lantur
2079 424 2093 462 :
2128 422 2253 461 nam
2280 405 2374 462 Dei
2407 408 2522 463 hmo
2542 409 2727 464 omnia
2754 411 2976 480 propria
3002 423 3148 474 esse,
3172 416 3228 464 et
3246 423 3442 465 cuneta

179 482 400 555 θανάτῳ
447 485 480 555 η
509 483 735 556 δύναμις
760 527 776 552 ,
808 488 1038 557 Χριστὸς
1071 488 1127 541 δὲ
1159 488 1293 543 Θεοῦ
1345 493 1461 544 ἐστι
1505 491 1752 564 δύναμις.

180 577 321 631 ποία
361 576 522 630 πάλιν
546 578 611 630 ὲκ
638 576 731 631 τοῦ
768 578 842 649 μὴ
876 578 1025 643 ὄντος
1060 580 1331 653 ἀνεκλήθη
1365 582 1593 653 δύναμις
1613 626 1627 649 ,
1657 586 1756 655 τῆς

182 668 285 737 μὲν
313 666 479 739 οὔσης
519 668 595 739 τῷ
626 669 837 740 θανάτῳ
876 672 1265 745 ἀφανισθείσης
1287 714 1303 739 ,
1347 676 1538 747 ἑτέρας
1566 677 1624 731 δὲ
1660 678 1757 748 οὐχ

180 761 605 832 ὑπολειφθείσης
632 780 646 827 ;
676 764 786 835 Τὴν
828 765 935 836 γὰρ
979 766 1072 819 τοῦ
1104 767 1317 837 Πατρὸς
1341 767 1569 837 δύναμιν
1595 770 1652 821 ἐν
1681 768 1757 839 τῷ

182 852 299 922 mp
325 848 463 906 εἶναι
491 855 588 907 καὶ
624 854 773 925 παρὰ
802 856 910 909 τῶν
958 858 1281 927 μαχομένων
1321 861 1454 929 ἡμῖν
1482 859 1793 929 ὁμολογεῖ-τ

180 960 273 996 ται
305 943 433 1013 (58).
472 946 532 998 Εἰ
565 940 656 999 οὖν
684 946 781 1016 μία
811 949 844 1018 ἡ
874 946 1132 1018 δύναμις,
1164 948 1301 1020 αὕτη
1330 950 1385 1003 δὲ
1414 950 1517 1003 ὑπὸ
1538 950 1629 1003 τοῦ
1663 950 1759 1004 θα-

180 1033 345 1088 νάτου
397 1036 815 1091 δυναπευθεῖσα
844 1078 859 1102 ,
908 1040 989 1104 είς
1044 1041 1346 1111 ἀφανισμὸν
1379 1040 1758 1114 μετεχώρησεν

180 1128 241 1179 ὲν
268 1125 347 1197 τῷ
394 1128 570 1198 καιρῷ
612 1132 710 1200 τῆς
739 1130 831 1184 τοῦ
885 1132 1089 1197 πάθους
1116 1133 1426 1200 οἰκονομίας
1450 1172 1465 1199 ,
1512 1134 1595 1197 τίς
1623 1135 1755 1206 ἀλλη

172 1217 408 1289 δύναμις
439 1220 569 1291 παρ’
591 1220 750 1275 αὐτὸν
784 1221 1178 1277 ἀναπλάττεται
1228 1224 1260 1294 ἡ
1300 1223 1506 1293 ταύτην
1551 1227 1616 1279 ὲκ
1661 1225 1756 1279 τοῦ

179 1307 416 1363 θανάτου
452 1310 862 1383 ἀνακαλουμένη
914 1314 1012 1383 τὴν
1048 1314 1311 1384 δύναμιν;
1362 1316 1423 1368 El
1452 1316 1560 1385 γὰρ
1601 1317 1759 1372 τοῦτο

178 1398 393 1468 λέγοιεν
421 1401 502 1454 ὅτι
532 1403 566 1472 ἡ
601 1403 698 1472 μὲν
730 1403 998 1457 ἀπέθανεν
1023 1444 1037 1469 ,
1071 1406 1104 1475 ἡ
1137 1405 1195 1459 δὲ
1227 1406 1493 1471 ἀθάνατος
1523 1408 1756 1478 ἔμεινεν,

174 1491 367 1545 οὐκέτι
389 1494 445 1545 ὲν
469 1492 546 1562 τῷ
571 1492 686 1563 Υίῷ
709 1494 806 1564 τὴν
826 1494 917 1547 τοῦ
947 1496 1158 1568 Πατρὸς
1195 1495 1423 1569 δύναμιν
1456 1495 1594 1554 εἶναι
1627 1503 1758 1573 ὀμο-

177 1580 514 1651 λογήσουσι,
568 1582 661 1636 atati.
707 1580 879 1648 ούτως
929 1587 993 1639 ὲκ
1030 1585 1125 1638 τού
1175 1586 1468 1642 ἀκολούθου
1516 1587 1615 1653 τάς
1662 1591 1757 1644 αύ-

180 1670 276 1725 τοῦ
312 1672 424 1741 (59)
458 1672 551 1727 τοῦ
586 1677 789 1748 Κυρίου
824 1676 1006 1746 φωνὰς
1028 1679 1516 1749 παραγράφονται,
1550 1680 1626 1746 ὡς
1661 1682 1759 1736 οὐκ

179 1761 403 1830 ἀληθῶς
426 1763 655 1834 ἐχούσας
672 1806 687 1830 ,
709 1768 765 1820 αἶ
789 1767 963 1821 πάντα
984 1767 1050 1821 τά
1072 1768 1163 1822 τοῦ
1188 1768 1399 1841 Πατρὸς
1420 1770 1488 1824 τά
1530 1772 1643 1842 (ιθ)
1664 1771 1758 1825 τοῦ
1792 1762 1835 1816 Β

183 1854 321 1908 Υίού
370 1852 507 1909 εἶναι
542 1856 1020 1931 διαμαρτύρονται.
1065 1861 1121 1916 Ὀ
1166 1861 1274 1933 γάρ
1321 1862 1498 1918 πάντα
1528 1864 1665 1935 ἔχων
1692 1864 1761 1919 τά

181 1943 281 1998 τοῦ
318 1945 530 2018 Πατρδς
551 1989 565 2012 ,
597 1948 690 2002 καὶ
723 1950 821 2020 τὴν
850 1950 1148 2006 ἀθανασίαν
1184 1954 1400 2017 πάντως
1423 1954 1517 2008 τοῦ
1548 1956 1760 2026 Πατρὺς

183 2036 248 2087 ὲν
284 2036 435 2107 αὑτῷ
459 2038 572 2107 (Η)
598 2038 708 2110 ἔχει
734 2056 749 2071 ο
782 2042 815 2112 ἡ
847 2041 901 2095 δὲ
928 2042 1215 2106 ἀθανασία,
1246 2043 1350 2108 ἓως
1388 2042 1439 2097 εἱ
1467 2046 1579 2116 (62)
1606 2047 1764 2101 τοῦτο

182 2125 217 2180 δ
248 2126 496 2196 λέγεται,
537 2131 783 2201 ἀμίκτως
825 2150 884 2188 τε
934 2135 1028 2189 καὶ
1062 2135 1440 2209 ἀκοινωνήτως
1488 2140 1620 2211 πρὸς
1670 2142 1764 2194 τὸν

182 2216 420 2270 θάνατον
454 2217 586 2290 ἔχει.
622 2222 685 2274 Et
739 2218 832 2276 οὖν
867 2223 1066 2304 θνητὴν
1099 2226 1316 2296 λέγουσι
1359 2226 1454 2282 τοῦ
1490 2229 1622 2283 1⁸ἰοῦ
1666 2230 1764 2302 τὴν

184 2305 440 2376 θεότητα.
474 2309 534 2361 τὸ
570 2310 644 2380 μὴ
680 2310 823 2381 ἔχειν
862 2314 919 2365 ὲν
950 2315 1097 2385 αὑτῷ
1128 2316 1240 2386 (i3)
1279 2316 1376 2389 τὴν
1415 2318 1510 2372 τού
1553 2320 1764 2391 Πατρὸς

186 2397 489 2454 ἀθανασίαν
536 2403 1053 2469 κατασκευάζουσιν.
1098 2406 1259 2460 Ἀλλά
1301 2409 1408 2478 μὴν
1443 2408 1698 2481 ἀληθεύει
1736 2412 1766 2465 ὅ

185 2486 384 2557 λέγων,
415 2489 535 2544 ὅλον
558 2490 674 2564 (44)
708 2492 849 2563 ἔχειν
877 2495 937 2547 ὲν
965 2494 1144 2566 ἑαυτῷ
1166 2496 1258 2551 τὸν
1290 2498 1509 2570 Πατέρα
1528 2516 1541 2530 ·
1575 2500 1766 2570 ψεύδει

186 2595 280 2632 ται
327 2580 435 2652 ἄρα
465 2584 493 2636 ὅ
531 2582 724 2654 θνητὸν
773 2588 1197 2653 κατασκευάζων
1244 2589 1431 2644 τοῦτον
1458 2585 1503 2660 ᾧ
1543 2595 1690 2647 πᾶσα
1732 2597 1765 2667 ἡ

186 2673 286 2728 τοῦ
339 2676 549 2747 Πατρὸς
598 2677 835 2748 ἀῖδιότης
883 2679 1269 2751 ὲγκαθορᾶται.
1331 2683 1481 2737 Ἐπεὶ
1527 2682 1618 2740 οὖν
1670 2687 1769 2757 μία

190 2768 407 2838 ηατρδς
436 2769 529 2822 καὶ
562 2769 691 2823 Υἱοῦ
719 2771 859 2825 κατά
886 2772 977 2825 τὸν
1004 2772 1164 2843 λόγον
1191 2774 1299 2830 τῶν
1330 2776 1704 2835 εὐσεϐούντων
1731 2783 1764 2851 ἠ

187 2859 422 2933 δύναμις
441 2877 454 2891 ·
505 2863 562 2914 ὲν
589 2863 699 2935 γὰρ
726 2862 805 2934 τῷ
835 2865 1007 2937 Πατρὶ
1035 2866 1128 2920 τὸν
1160 2867 1290 2921 Υίὸν
1328 2869 1598 2941 βλέπομεν
1616 2912 1632 2937 ,
1675 2875 1768 2926 καὶ

190 2952 252 3005 ιν
282 2953 360 3024 τῷ
391 2952 505 3023 rio
535 2953 625 3007 τὸν
651 2953 903 3024 Πατέραο
933 2956 1121 3027 σαφῶς
1146 2958 1527 3015 ἀποδείκνυται
1546 2999 1562 3025 ,
1593 2962 1676 3015 ὅτι
1710 2963 1768 3016 τὸ

1863 513 1985 568 qua:
2000 497 2184 554 Patris
2213 510 2342 554 sunt
2360 500 2501 553 Filio
2523 516 2742 572 quoque
2760 503 2941 558 inesse
2964 503 3265 557 credimus.
3290 500 3442 569 Quae,

1866 591 1912 647 si
1945 590 2118 647 Filius
2164 592 2387 662 quidem
2421 593 2672 657 exsistat,
2727 603 2783 649 et
2833 595 2950 665 ipsa
2997 596 3314 659 exsistunt;
3355 597 3441 649 sin

1865 683 2067 746 minus,
2101 699 2203 739 nec
2241 685 2360 755 ipsa
2400 685 2698 747 exsistunt,
2738 695 3027 757 propterea
3058 687 3206 758 quod
3237 690 3294 745 in
3320 691 3441 761 ipso

1864 777 2047 831 omnia
2079 791 2200 845 quae
2231 775 2409 831 Patris
2434 784 2564 831 sunt
2588 777 2863 831 contineri
2895 776 3150 833 fatemur.
3186 778 3243 834 Si
3275 783 3443 851 igitur

1866 883 1962 937 per
2001 878 2230 923 mortem
2259 868 2529 924 exstincta
2560 876 2644 923 est
2686 868 2949 938 potentia,
2972 868 3228 926 Christus
3256 883 3438 926 autent

1865 955 1959 1011 Dei
1986 957 2225 1027 potentia
2258 966 2340 1013 est
2360 999 2375 1021 ,
2406 957 2584 1027 qualis
2617 973 2749 1027 ergo
2777 973 2844 1013 ex
2873 972 2939 1011 eo
2966 958 3111 1028 quod
3152 974 3259 1013 non
3295 961 3443 1015 exsi-

1865 1049 1981 1113 stit,
2013 1057 2319 1104 restaurata
2344 1058 2429 1103 est
2459 1049 2720 1119 potentia,
2740 1064 2865 1104 cum
2896 1064 2958 1105 ea
2988 1066 3110 1119 qua:
3143 1053 3445 1107 exsistebat

1867 1148 2038 1194 morte
2069 1140 2281 1195 sublata
2313 1141 2378 1194 sit
2404 1181 2416 1202 ,
2456 1142 2560 1194 alia
2594 1155 2722 1195 vero
2755 1140 2824 1195 ab
2856 1156 2920 1195 ea
2950 1141 3168 1197 diversa
3202 1158 3309 1197 non
3346 1160 3442 1199 su-

1865 1231 2081 1300 persit?
2113 1230 2291 1286 Patris
2316 1233 2461 1285 enim
2500 1232 2796 1300 potentiam
2839 1231 2892 1285 in
2925 1231 3065 1287 Filio
3098 1248 3220 1289 esse
3250 1234 3445 1291 adver-

1866 1322 1997 1377 sarii
2022 1321 2183 1377 etiam
2226 1322 2400 1376 nostri
2427 1337 2531 1376 non
2561 1321 2884 1377 difﬁtentur.
2932 1320 2991 1376 Si
3020 1324 3204 1394 itaque
3228 1340 3334 1378 una
3360 1334 3446 1381 est

1866 1413 1959 1467 Dei
1985 1414 2245 1484 potentia,
2282 1413 2395 1467 haec
2428 1422 2609 1468 autem
2664 1428 2693 1467 a
2737 1421 2914 1469 morte
2944 1430 3231 1485 oppressa,
3278 1417 3330 1470 in
3363 1419 3447 1470 ni-

1868 1505 2041 1559 hilum
2077 1516 2324 1574 tempore
2361 1503 2793 1574 dispensationis
2823 1519 2853 1558 a
2894 1504 3005 1560 Deo
3036 1521 3127 1574 per
3167 1505 3290 1560 Filii
3318 1523 3443 1577 pas-

1867 1595 2080 1650 sionem
2141 1594 2428 1660 institutae,
2475 1596 2696 1651 redacta
2749 1595 2875 1660 fuit,
2918 1612 3169 1665 quamam
3224 1597 3331 1652 alia
3376 1600 3445 1653 ah

1867 1685 2166 1756 Apollinari
2217 1686 2496 1757 efﬁngitur
2537 1688 2780 1756 potentia
2822 1704 2945 1757 qua:
2988 1688 3129 1743 hanc
3183 1703 3213 1742 a
3263 1698 3444 1748 morte

1864 1774 2162 1845 potentiam
2193 1776 2451 1831 revocet?
2487 1776 2546 1831 Si
2587 1778 2732 1831 enim
2774 1776 2989 1832 dicatur
3019 1778 3181 1833 aliam
3216 1780 3438 1849 quidem

1865 1866 2162 1935 potentiam
2193 1875 2423 1921 mortem
2474 1867 2734 1930 subiisse,
2778 1867 2942 1921 aliam
2980 1882 3111 1923 vero
3159 1868 3445 1922 immorta-

1864 1960 1968 2013 lem
2004 1960 2395 2028 permansisse,
2435 1974 2787 2030 nequaquam
2828 1959 2884 2013 in
2928 1957 3073 2014 Filio
3122 1958 3304 2014 Patris
3347 1975 3444 2029 po-

1865 2057 2089 2112 tentiam
2119 2073 2244 2113 esse
2284 2057 2625 2123 fatebuntur,
2656 2065 2709 2112 et
2740 2066 3148 2128 consequenter
3194 2058 3444 2128 ejusdem

1865 2146 2080 2202 Domini
2120 2162 2282 2202 voces
2312 2148 2478 2202 veluti
2509 2147 2675 2203 falsas
2715 2146 3037 2217 explodunt,
3074 2162 3197 2217 quae
3240 2154 3444 2202 cuncta

1865 2255 1987 2309 quae
2022 2236 2205 2295 Patris
2250 2247 2381 2294 sunt
2421 2239 2546 2293 Filii
2580 2254 2801 2309 quoque
2832 2253 2959 2294 esse
2990 2246 3269 2295 testantur
3300 2259 3313 2294 :
3350 2240 3444 2310 qui

1864 2330 2015 2385 enim
2047 2338 2250 2386 cuncta
2289 2346 2414 2401 quae
2439 2330 2619 2385 Patris
2667 2338 2818 2396 sunt,
2864 2331 3047 2395 habet,
3095 2332 3272 2386 Patris
3306 2346 3447 2401 quo-

1864 2434 1970 2488 que
2004 2418 2463 2473 immortalitatem
2493 2420 2721 2474 omnino
2748 2419 3031 2489 possidet;
3062 2420 3449 2473 immortalitas

1865 2526 2017 2574 vero,
2050 2511 2289 2581 quandiu
2319 2511 2370 2565 id
2402 2520 2487 2566 est
2514 2511 2657 2581 quod
2681 2525 2805 2565 esse
2831 2510 3054 2574 dicitur,
3089 2512 3294 2565 nullam
3319 2524 3444 2564 eum

1867 2610 2041 2658 morte
2092 2603 2533 2658 communionem
2596 2610 2760 2672 atque
2807 2603 3116 2657 mistionem
3167 2601 3348 2656 habet.
3387 2601 3447 2655 Si

1868 2695 2031 2766 igitur
2061 2695 2347 2749 mortalem
2367 2709 2492 2749 esse
2519 2694 2712 2749 dicunt
2736 2693 2857 2747 Filii
2878 2693 3244 2759 divinitatem,
3264 2692 3446 2761 ipsum

1872 2788 1927 2840 in
1954 2801 2015 2842 se
2055 2801 2164 2841 non
2201 2784 2402 2841 habere
2433 2784 2614 2841 Patris
2654 2784 3124 2840 immortalitatem
3168 2792 3446 2839 astruunt.

1867 2874 2031 2944 Atqui
2066 2890 2252 2930 verum
2289 2874 2488 2930 assrrit
2534 2872 2708 2929 Filius
2748 2874 2839 2944 qui
2892 2881 3070 2928 totum
3118 2872 3174 2929 in
3221 2874 3279 2927 se
3326 2872 3451 2939 ipso

1869 2965 2082 3023 Patrem
2110 2966 2312 3022 habere
2341 2966 2510 3030 dicit;
2544 2967 2728 3036 itaque
2754 2965 3014 3021 mentitur
3041 2964 3136 3035 qui
3162 2964 3448 3018 mortalem

197 3043 297 3114 μὲν
329 3045 574 3113 ἐμπαθὲς
603 3049 668 3117 τῇ
704 3046 864 3116 φύσει
916 3048 1007 3102 τὸν
1060 3049 1287 3105 θάνατον
1322 3052 1574 3123 δέχεται,
1607 3056 1666 3109 τὸ
1711 3056 1768 3110 δὲ

1875 3058 2028 3111 illum
2059 3073 2181 3113 esse
2203 3058 2437 3129 probare
2465 3066 2701 3111 conatur
2736 3058 2787 3110 in
2813 3072 2927 3127 quo
2961 3063 3073 3111 tota
3090 3054 3269 3110 Patris
3288 3062 3449 3109 teter-

192 3135 568 3238 ἀπαράδεκτον
617 3136 821 3202 πάθους
870 3138 929 3191 ὲν
976 3139 1053 3211 τῷ
1100 3141 1327 3215 παθητῷ
1370 3145 1469 3216 τὴν
1498 3147 1766 3202 ἀπάθειαν

1875 3153 2015 3205 nitas
2056 3149 2420 3238 conspicitur.
2444 3147 2715 3215 Quoniam
2740 3150 2909 3220 igitur
2927 3146 3084 3219 juxta
3107 3147 3196 3219 pie
3217 3146 3449 3203 creden-

192 3226 517 3299 ινήργησεν.

1870 3246 2005 3300 tium
2058 3240 2383 3298 sententiam
2430 3255 2538 3295 una
2573 3238 2753 3297 Patris
2784 3249 2838 3296 et
2881 3238 3005 3294 Filii
3055 3239 3295 3310 potentia
3342 3246 3450 3299 est,

194 3320 249 3373 in
296 3316 458 3374 Patre
508 3320 652 3374 enim
687 3318 883 3376 Filium
918 3323 1271 3392 agnoscimus
1294 3366 1309 3389 ,
1360 3334 1416 3381 et
1455 3328 1509 3383 in
1556 3329 1696 3388 Filio
1730 3331 1980 3399 Patrem;
2010 3330 2140 3386 hinc
2192 3327 2482 3385 manifeste
2536 3327 2845 3384 ostenditur
2868 3327 2921 3383 id
2955 3327 3099 3398 quod
3128 3328 3212 3382 sui
3253 3332 3449 3382 natura

194 3418 307 3489 P3li
347 3421 584 3487 Ροίθτθίν
615 3423 846 3469 morm"
886 3412 1175 3470 admiSisse
1205 3433 1218 3470 ε
1249 3416 1393 3486 (ιιιοά
1423 3426 1603 3476 autem
1633 3425 1874 3494 passioni
1907 3438 2015 3479 non
2056 3428 2177 3476 erat
2212 3420 2535 3484 obnoxium,
2567 3417 3067 3490 impassibilitatem
3111 3418 3166 3476 iu
3198 3431 3266 3474 eo
3303 3418 3449 3488 quod

192 3508 438 3582 passioni
468 3507 763 3563 obnoxium
799 3512 918 3561 erat
958 3516 1240 3576 operatum
1280 3510 1473 3569 fuisse.

279 3644 440 3700 Ἀλλά
466 3643 601 3716 πρὸς
626 3643 687 3698 τδ
713 3643 825 3715 (45)
861 3643 1059 3714 ἐφεξῆς
1086 3643 1181 3698 τοῦ
1216 3646 1375 3714 λόγου
1403 3648 1770 3721 προέλθωμεν.

192 3739 352 3805 Λέξω
378 3737 433 3789 δὲ
462 3735 625 3790 πάλιν
650 3736 716 3806 τῇ
745 3731 938 3789 ἑαυτοῦ
972 3736 1122 3805 φωνῇ
1141 3774 1181 3797 ,,
1202 3736 1439 3791 συνελὼν
1474 3739 1535 3791 ὲν
1581 3738 1774 3811 βραχεῖ

190 3830 296 3901 τὴν
322 3828 577 3882 διάνοιαν.
622 3827 760 3895 Φησὶ
800 3825 909 3897 γάρ
928 3866 943 3890 ,
980 3825 1047 3879 τὸ
1086 3825 1402 3894 ἄνθρωπον
1428 3828 1640 3884 ἔνθεον
1666 3831 1773 3884 τὸν

193 3919 456 3990 Χριστὸν
482 3914 807 3986 ὀνομάζειν,
837 3915 1119 3968 ἐναντιον
1163 3911 1317 3969 εἶναι
1345 3916 1477 3984 ταῖς
1504 3918 1769 3973 ἀποστο-

193 4011 397 4078 λικαῖς
416 4010 832 4074 διδασκαλίαις
847 4023 861 4037 ·
884 4008 1210 4076 ἀλλότριον
1234 4008 1303 4062 δὲ
1326 4008 1446 4063 τῶν
1472 4012 1769 4065 συνόδων⁹

197 4104 448 4160 Παῦλον
476 4101 542 4155 δὲ
566 4143 581 4167 ,
616 4101 713 4155 καὶ
759 4097 1086 4162 Φωτεινὸν,
1138 4099 1235 4153 καὶ
1277 4100 1637 4169 Μάρκελλον
1665 4104 1776 4171 τῆς

195 4198 479 4263 τοιαύτης
519 4191 888 4262 διαστροφῆς
937 4191 1240 4261 κατάρξαι.
1280 4190 1415 4249 Εἶτα
1461 4196 1600 4249 κατά
1650 4198 1775 4261 τοὺς

197 4288 407 4350 δεινοὺς
439 4285 547 4339 τῶν
591 4282 907 4352 ἀγωνιστῶν
929 4322 944 4347 ,
977 4282 1056 4346 ὡς
1084 4283 1527 4353 προσεμπλακεὶς
1557 4284 1635 4355 τῷ
1660 4284 1776 4339 δια-

197 4377 477 4447 λεγομένῳ
524 4374 669 4446 (66),
710 4374 805 4427 καὶ
851 4372 1026 4445 εὑρὼν
1062 4373 1153 4427 τὸν
1183 4374 1447 4447 αὐθέντην
1479 4375 1572 4429 τοῦ
1604 4376 1775 4447 ῥήμα-

199 4487 314 4532 τος,
347 4467 505 4521 τοῦτό
528 4483 662 4538 φησι
682 4482 698 4498 ο
724 4464 856 4531 Πῶς
884 4465 1038 4534 ἐρεῖς
1065 4466 1134 4520 ἐκ
1170 4465 1281 4536 γῆς
1309 4468 1640 4535 ἄνθρωπον,
1669 4467 1777 4522 τὸν

200 4562 273 4625 ἐξ
314 4560 571 4629 οὐρανοῦ
626 4558 1091 4627 κατασεσηκέναι
1141 4560 1631 4629 μαρτυρούμενον
1675 4560 1779 4615 ἀν-

202 4658 460 4719 θρωπον,
489 4652 585 4705 καὶ
618 4651 755 4705 Υἱὸν
777 4650 1091 4719 ἀνθρώπου
1113 4651 1625 4721 ἀναγορευόμενον
1640 4652 1775 4725 (4⁸ης

204 4742 377 4795 Πάλιν
428 4744 486 4795 ὲν
542 4740 820 4812 τούτοιςὴ
877 4739 1190 4811 κατασκευὴ
1246 4740 1355 4793 τῶν
1401 4742 1779 4814 προλαϐόντων

203 4834 402 4901 ἑτέρας
457 4833 685 4896 ἀτοπίας
733 4832 880 4887 ἐστὶν
934 4834 1097 4903 ἀρχή.
1130 4832 1248 4887 Ἰνα
1300 4833 1409 4905 γὰρ
1456 4834 1606 4907 δείξῃ
1646 4834 1779 4889 Θεὸν

204 4924 505 4994 τεθνηκότα
530 4967 545 4991 ,
575 4926 725 4979 οὐδὲν
754 4925 889 4988 ὅλως
933 4924 1285 4995 καταδέχεται
1330 4926 1428 4996 τῆς
1456 4928 1648 4998 γητνης
1678 4928 1780 4998 φύ-

207 5034 347 5082 σεως
390 5020 521 5090 περὶ
558 5018 721 5073 αὑτὸν
754 5019 1101 5090 θεωρεῖσθαι.
1150 5019 1366 5090 Ἐπειδὴ
1400 5019 1534 5083 ὅλως
1564 5019 1677 5091 (48)
1713 5023 1777 5091 τῇ

282 5252 395 5319 (37)
430 5251 588 5322 Corr.
622 5250 1014 5322 ὲναπεσόέσθη.

430 5321 588 5408 Eorr.
618 5321 986 5408 ὡμολόγηται,

283 5390 398 5459 (59)
432 5391 591 5447 Corr.
620 5390 811 5452 αὑτάς.

285 5462 399 5533 (40)
431 5461 587 5533 Corr.
615 5461 769 5533 delet
784 5469 1119 5531 postremum
1145 5461 1231 5516 τά.

298 5530 367 5585 ⁷41
425 5532 579 5587 Corr.
605 5530 801 5599 ἐαυτῷ.

284 5533 398 5663 ius;
421 5601 575 5657 Corr.
605 5600 711 5663 ἕως
735 5601 801 5655 ἀν

342 5596 398 5673 Ξ)
421 5601 575 5673 Carr.
605 5600 711 5673 Et»;
735 5596 801 5655 ἀν

287 5661 401 5741 (δό)
427 5671 582 5729 Corr.
615 5661 755 5741 ἔχειν
776 5661 938 5726 αύτδι
970 5674 1028 5726 ἐν
1056 5668 1258 5740 ἑαυτῷ.

1951 3648 2041 3703 Vl.
2080 3648 2187 3704 Sed
2237 3647 2305 3702 ad
2348 3647 2439 3702 illa
2465 3662 2587 3718 qua:
2625 3648 2680 3702 in
2715 3647 3047 3717 Apollinaris
3086 3653 3324 3699 tractatu
3364 3660 3455 3700 se-

1878 3750 2147 3810 quuntur,
2196 3738 2638 3808 progrediantur,
2672 3738 2835 3807 cujus
2872 3738 3225 3799 sententiam,
3256 3737 3311 3790 in
3341 3738 3458 3807 epi-

1878 3841 2062 3887 tomen
2104 3830 2403 3896 redactam,
2448 3828 2688 3898 propriis
2744 3826 2991 3896 ejusdem
3026 3826 3210 3880 verbis
3261 3841 3456 3881 rursus

1878 3923 2135 3979 referam.
2166 3920 2432 3977 Christum
2471 3921 2632 3983 enim,
2665 3918 2861 3989 inquit,
2909 3918 3143 3971 divinum
3189 3917 3453 3971 hominem

1880 4029 2205 4078 nuncupare,
2277 4010 2584 4079 apostolica:
2633 4010 2891 4064 doctrina:
2942 4008 3274 4063 contrarium
3321 4017 3371 4061 et
3422 4025 3456 4060 a

1881 4106 2203 4176 synodorunt
2248 4102 2509 4157 sententia
2541 4102 2774 4156 alienum
2811 4117 2947 4163 esse,
2988 4100 3223 4155 Paulum
3277 4110 3455 4152 autem

1883 4196 2315 4261 Samosatenum,
2349 4193 2659 4255 Photinum,
2690 4202 2849 4261 atque
2881 4190 3199 4244 Marcellum
3237 4204 3452 4254 perver-
3538 4200 3541 4203 ‘

1880 4289 2059 4342 sitatis
2107 4285 2264 4356 hujus
2307 4294 2553 4338 auctores
2601 4282 2785 4352 fuisse.
2827 4279 3031 4335 Deinde
3063 4278 3455 4334 acerrimorum

1879 4379 2205 4433 athletarum
2228 4377 2421 4436 instar.
2438 4390 2561 4429 cum
2586 4374 2928 4442 colloquente
2954 4370 3119 4426 veluti
3144 4368 3456 4440 implicatus

1809 4477 1934 4558 Det
1966 4470 2249 4525 sententia;
2301 4466 2448 4521 illius
2490 4463 2896 4534 astipulatorem
2936 4473 3155 4523 nactus.
3199 4462 3273 4515 ita
3324 4461 3457 4517 sub-

1882 4563 2095 4634 jungit:
2129 4560 2406 4628 Quomodo
2460 4569 2723 4614 terrenum
2768 4558 2909 4612 dices
2950 4556 3211 4611 hominem
3244 4570 3396 4624 quem
3430 4567 3458 4605 α

1885 4655 2013 4711 caelo
2054 4654 2386 4709 descendisse
2435 4651 2716 4719 Scriptura
2767 4659 3014 4712 testatur,
3053 4648 3243 4718 quique
3280 4642 3454 4697 Filius

1885 4748 2110 4802 hominis
2135 4746 2475 4816 appellatur?
2506 4743 2720 4799 Rursus
2742 4744 2798 4797 in
2831 4742 2917 4798 his
2948 4738 3304 4812 precedentis
3330 4752 3459 4790 ora-

1885 4839 2051 4893 tionis
2083 4836 2428 4891 conﬁrmatio
2454 4835 2679 4890 alterius
2709 4832 3066 4889 absurditatis
3098 4830 3314 4885 initium
3350 4841 3454 4881 est.

1886 4934 2018 4985 3am
2042 4936 2101 4983 ut
2125 4928 2378 4983 ostendat
2404 4925 2575 4981 Deum
2593 4934 2825 4979 mortem
2857 4923 3115 4983 subiisse.
3141 4919 3273 4973 nihil
3304 4931 3460 4987 pror-

1887 5037 1983 5078 sus
2010 5030 2222 5077 naturat
2252 5027 2485 5074 terrena:
2517 5018 2571 5072 in
2593 5016 2715 5087 ipso
2738 5013 2973 5087 spectari
3000 5026 3164 5084 posse
3180 5007 3455 5074 concedit,

1960 5252 2077 5321 (44)
2108 5252 2186 5306 lta
2216 5265 2357 5321 corr.
2384 5290 2399 5314 ,
2430 5248 2588 5318 prius
2614 5246 2763 5316 ὅλην.

1958 5320 2068 5388 (t5)
2101 5322 2257 5375 Corr.
2290 5320 2378 5373 τά.

1957 5383 2071 5461 (46)
2101 5392 2259 5443 ίὶοιτ.
2286 5383 2821 5462 ᾲπροσδιαλεγομένερ.
2959 5452 2972 5462 _
3039 5453 3071 5462 _
3110 5452 3123 5462 .
3284 5452 3296 5462 ι
3331 5450 3365 5462 Α
3433 5448 3459 5462 ⁸

1960 5450 2071 5525 (4⁵η
2097 5462 2255 5515 Corr.
2286 5450 2435 5527 legit,
2454 5456 2581 5509 Υίδν
2600 5450 2896 5524 ’ἀνθρώπου
2924 5452 3015 5505 τὸν
3034 5452 3188 5519 Θεὸν,
3213 5452 3308 5507 καὶ
3327 5450 3465 5507 Θεοῦ

1887 5534 2016 5587 Υίδν
2054 5525 2544 5599 ἀναγορευόήμενονε
2704 5595 2715 5599 Α
2800 5594 2812 5599 _
2851 5593 2891 5599 __
2917 5592 2957 5599 μ
3491 5525 3503 5545 ’

1965 5601 2077 5672 (48)
2102 5592 2326 5657 Videtur
2357 5592 2667 5668 legendum,
2701 5594 2824 5649 ἐπεὶ
2846 5593 2893 5649 δ’
2914 5592 3070 5658 ὅλως.
