4006 6494
529 309 666 369 “35

1802 310 1859 366 S.
1902 309 2230 368 GREGORII
2266 309 2560 368 NYSSENI

3639 315 3750 371 “36

529 427 621 480 sul
665 424 923 493 quoniam
980 424 1173 478 mortis
1225 425 1510 493 perpessio
1565 436 1758 496 suapte
1790 435 1988 480 natura
2035 425 2130 483 ad,

2228 429 2277 497 (ﬁ
2315 426 2592 495 συγγενῶς
2632 426 2776 496 ἔχειν
2831 425 2974 478 δοκεῖ
3023 423 3082 477 τὸ
3126 424 3267 477 κατὰ
3315 423 3538 478 θάνατον
3591 427 3752 490 πάθος,

530 526 731 572 terrain
776 515 1054 586 pertinere
1091 515 1320 569 omnino
1355 516 1596 588 videtur,
1628 516 1748 571 Non
1775 527 1872 578 est,
1907 518 2107 588 inquit,

532 614 685 665 homo
715 620 974 672 terrenus,
1003 609 1093 676 qui
1122 625 1148 661 e
1171 607 1299 661 coelo
1325 609 1590 662 descendit
1613 625 1631 671 ;
1652 608 1741 663 sed
1769 610 2110 664 nihilominus

532 702 707 762 homo,
747 699 983 765 quamvis
1030 713 1094 751 ex
1125 697 1254 750 caelo
1293 697 1654 760 descenderit;
1693 715 1852 768 neque
1886 700 2023 751 enim
2059 699 2113 752 in

538 793 833 862 Evangeliis
890 807 1078 844 nomen
1123 789 1220 842 hoc
1275 789 1529 843 Dominus
1564 792 1783 858 respuit.
1828 790 2114 855 Quomodo

537 888 701 953 igitur
733 886 785 938 in
813 883 976 938 dictis
1008 883 1127 937 suis
1158 882 1261 936 sibi
1303 893 1706 937 consentaneus
1751 883 1872 938 est?
1903 883 1961 938 Si
2005 898 2112 937 non

536 987 786 1029 terrenus
815 973 998 1040 homo,
1032 971 1126 1028 sed
1165 987 1195 1024 e
1229 972 1369 1026 melo
1395 972 1460 1025 ad
1508 987 1608 1026 nos
1641 972 1946 1037 descendit,
1975 987 2115 1044 quo-

539 1066 699 1118 nrodo
737 1062 905 1120 Filius
933 1064 1170 1118 hominis
1216 1067 1308 1133 qui
1337 1081 1366 1118 e
1398 1065 1540 1120 cmlo
1587 1064 1871 1120 descendit
1908 1081 2119 1121 nuncu-

539 1158 736 1228 patur?
768 1157 902 1211 Illud
930 1157 1072 1212 enim
1094 1159 1317 1212 omnino
1345 1157 1626 1225 concedet,
1653 1159 2115 1226 quemadmodum

539 1251 595 1304 in
636 1257 785 1305 terra
820 1250 1027 1320 priores
1075 1248 1199 1304 ﬁliis
1245 1257 1427 1320 patres
1463 1264 1587 1304 esse
1631 1249 2010 1320 intelligimus,
2046 1250 2117 1302 ita

540 1344 703 1398 etiam
744 1345 796 1398 in
829 1343 1051 1397 homine
1099 1343 1218 1411 qui,
1252 1352 1311 1396 ut
1346 1343 1462 1412 ipse
1505 1351 1681 1412 putat,
1711 1358 1741 1397 e
1782 1343 1921 1397 cmlo
1948 1343 2116 1404 venit,

541 1435 984 1508 quandoquidem
1021 1435 1194 1489 Filius
1224 1435 1468 1489 hominis
1498 1435 1721 1497 dicitur,
1764 1451 1872 1490 non
1915 1444 2121 1490 temere

542 1547 570 1583 a
606 1539 759 1599 patre
797 1543 995 1583 nomen
1042 1542 1293 1594 sumere;
1329 1527 1423 1582 sed
1475 1527 1595 1596 ejus
1640 1535 1845 1597 patrem
1891 1528 1942 1580 in
1981 1527 2120 1581 curio

541 1637 662 1675 esse
700 1621 865 1674 alium
895 1620 1197 1683 hominem,
1235 1635 1396 1689 quem
1433 1618 1671 1672 humano
1704 1634 1854 1672 more
1883 1619 2117 1688 priorem

543 1728 665 1767 esse
707 1711 847 1764 Filio
884 1710 1278 1779 intelligamus.
1331 1711 1390 1768 Si
1423 1710 1568 1764 enim
1609 1709 1794 1764 verbis
1831 1709 1937 1763 illis
1975 1707 2121 1761 inni-

2215 521 2336 574 Οὐκ
2363 519 2518 582 ἐστι,
2555 520 2738 590 φησιν,
2769 520 2836 572 ἐκ
2863 518 2975 589 γῆς
3003 517 3346 585 ἅνθρωπος,
3379 520 3412 570 o’
3434 515 3502 580 ἐξ
3529 519 3756 585 οὐρανοῦ

2213 611 2472 677 καταϐὰς
2505 610 2838 679 ἅνθρωπος.
2877 612 3210 678 Ἀνθρωπος
3238 608 3483 678 μέντοι,
3515 609 3611 662 καί
3634 613 3678 664 ει
3702 612 3757 676 ἐξ

2213 702 2474 772 οὐρανοῦ
2499 702 2787 768 καταϐέὸη
2799 718 2901 754 κεν
2917 719 2928 731 ·
2961 703 3032 754 οὐ
3054 701 3163 770 γὰρ
3185 701 3445 768 ἀρνεῖται
3475 700 3587 767 τὴν
3603 704 3761 756 τοιαύ-

2213 812 2328 861 την
2361 795 2766 863 προσηγορίαν
2805 794 2874 845 ὲν
2905 792 3029 856 τοῖς
3063 793 3450 862 Euan-£11m;
3487 794 3519 844 ὁ
3558 793 3759 860 Κύριος.

2215 887 2338 950 Πῶς
2367 882 2462 940 οὖν
2510 889 2566 939 ἐν
2593 888 2706 948 τοῖς
2740 884 3051 955 εἰρημένοις
3085 882 3144 936 τὸ
3175 882 3464 937 ἀκόλουθον
3499 882 3685 949 adigat;
3712 885 3761 940 Ei

2217 979 2292 1050 μὴ
2323 980 2386 1032 ἐκ
2414 979 2516 1048 γῆς
2554 980 2582 1030 ὁ
2615 975 2899 1048 ἄνθρωπος
2925 1015 2940 1039 ,
2982 976 3094 1028 ἀλλ’
3128 974 3187 1039 ἐξ
3211 975 3437 1044 οὐρανοῦ
3480 976 3764 1028 καταὸαξνει

2217 1073 2351 1142 πρὸς
2381 1071 2562 1141 ἡμᾶς,
2603 1069 2718 1131 πῶς
2750 1068 3036 1138 ἀνθρώπου
3072 1066 3196 1130 Υἱὸς
3244 1069 3270 1119 ὁ
3312 1065 3370 1131 ἐξ
3421 1067 3645 1137 οὐρανοῦ
3684 1086 3766 1121 και

2215 1164 2482 1217 ταὸαίνων
2525 1163 2774 1231 λέγεται;
2827 1160 2996 1213 Δὼσει
3034 1159 3140 1231 γὰρ
3187 1159 3438 1222 πάντως,
3490 1158 3670 1231 ὥσπερ
3695 1162 3768 1213 ἐπὶ

2171 1258 2316 1326 οτῆς
2358 1257 2460 1325 γῆς
2516 1251 2941 1324 προεπινοοῦμεν
2991 1250 3099 1303 τῶν
3153 1249 3282 1303 υἱῶν
3335 1251 3464 1312 τοὺς
3521 1249 3767 1319 πατέρας,

2218 1345 2359 1400 οὕτω
2392 1345 2486 1397 καὶ
2515 1345 2608 1396 ἐπὶ
2639 1342 2734 1396 τοῦ
2767 1343 2886 1394 κατ’
2920 1341 3081 1394 αὐτὸν
3121 1341 3415 1413 οὐρανόθεν
3453 1342 3667 1411 ἥκοντος
3692 1345 3769 1395 ἀν⁸

2219 1432 2436 1504 θρώπου
2465 1474 2477 1496 ,
2517 1430 2702 1502 ἐπειδὴ
2749 1430 2878 1493 Υἱὸς
2911 1429 3195 1499 ἀνθρώπου
3247 1428 3502 1497 λέγεται,
3555 1429 3627 1500 μὴ
3667 1431 3770 1501 εξκῆ

2221 1523 2489 1596 πατρόθεν
2521 1520 3023 1592 κατονομάζεσθαι·
3070 1520 3183 1574 ἀλλ’
3218 1517 3355 1573 εἶναι
3411 1520 3610 1587 αὐτοῦ,
3655 1523 3772 1577 κατὶ

2220 1615 2280 1669 τὸ
2305 1614 2636 1686 ἀνθρώπινον
2664 1655 2678 1679 ,
2717 1614 2775 1667 ἐν
2822 1611 3037 1683 οὐρανῷ
3067 1612 3545 1683 προθεωρούμενον
3593 1614 3776 1684 πατέρα

2222 1707 2377 1762 ἄλλον
2408 1705 2690 1776 ἄνθρωπον
2711 1744 2726 1759 .
2763 1706 2822 1758 Ei
2877 1703 2985 1773 γὰρ
3018 1702 3329 1774 στηρίζεται
3370 1704 3480 1773 (49)
3515 1703 3684 1773 τούτῳ
3713 1703 3776 1773 τῷ

545 1803 700 1863 titur,
742 1804 910 1855 Nemo
947 1799 1181 1854 ascendit
1227 1799 1280 1854 in
1313 1800 1523 1862 malum,
1573 1801 1678 1853 nisi
1714 1800 1803 1869 qui
1849 1798 2115 1852 descendit

2228 1797 2432 1866 ῥήματι
2471 1795 2549 1864 τῷ
2598 1793 2839 1865 εἰρηκότι
2866 1833 2880 1857 ,
2910 1792 3120 1859 Οὐδεὶς
3157 1791 3524 1859 ἀναϐέϐηκεν
3569 1794 3653 1855 είς
3691 1791 3778 1845 τὸν

546 1894 610 1948 dc
641 1894 768 1946 ca'lo
799 1891 973 1946 Filius
1009 1892 1235 1945 hominis
1267 1893 1317 1956 ⁸,
1351 1900 1408 1944 et
1437 1892 1646 1946 idcirco
1678 1892 1830 1946 illum
1857 1907 1882 1943 a
1917 1891 2121 1944 terreni

549 1985 785 2038 hominis
815 1984 1144 2054 cognatione
1190 1984 1452 2053 sejungit,
1482 1993 1536 2037 et
1567 1998 1598 2037 e
1635 1984 1776 2038 coelo
1803 1984 1868 2036 ad
1903 1996 2004 2038 nos
2028 1997 2122 2036 ve-

547 2078 696 2132 nisse
716 2075 910 2129 Filium
942 2075 1214 2130 hominem
1245 2077 1407 2133 dicit:
1437 2078 1670 2146 aliquem
1701 2076 1866 2129 alium
1896 2089 2124 2145 prorsus

549 2170 698 2222 dabit
731 2169 785 2222 in
817 2167 958 2221 caelo
991 2167 1264 2221 hominem
1312 2177 1519 2238 patrem
1558 2167 1706 2222 illius
1759 2166 1998 2220 hominis
2031 2166 2121 2236 qui

551 2253 617 2306 ad
653 2269 754 2308 nos
804 2253 1107 2317 descendit,
1144 2255 1216 2307 ita
1263 2264 1324 2308 ut
1379 2255 1433 2308 in
1475 2255 1688 2310 caelesti
1731 2255 1841 2308 vita
1877 2255 2126 2310 nationes

553 2345 854 2408 hominum,
887 2353 940 2398 et
974 2346 1182 2416 populi,
1217 2356 1272 2400 et
1310 2347 1493 2400 omnia
1541 2363 1883 2418 quaacunque
1919 2348 1973 2402 in
2021 2349 2124 2401 hac

551 2435 662 2488 vita
695 2444 843 2498 sunt,
873 2436 1098 2506 reperiri
1134 2436 1490 2493 arbitremur.
1524 2437 1580 2491 Si
1614 2439 1780 2508 igitur
1803 2439 1895 2508 qui
1925 2453 1956 2493 e
1984 2439 2127 2492 cmlo

552 2527 723 2589 venit,
757 2526 924 2584 Filius
954 2529 1189 2583 hominis
1219 2537 1340 2594 est;
1379 2531 1470 2600 qui
1507 2539 1690 2586 autem
1723 2547 1787 2586 ex
1834 2530 2001 2585 Maria
2046 2529 2113 2585 de

554 2617 762 2672 semine
804 2615 971 2670 David
1015 2618 1317 2672 secundum
1349 2633 1569 2674 carnem
1601 2628 1766 2676 natus
1799 2631 1903 2685 est,
1943 2635 2130 2691 quam-

551 2707 636 2763 vis
659 2723 690 2761 e
717 2707 859 2761 cmlo
885 2709 1118 2770 venerit,
1147 2706 1322 2763 Filius
1354 2708 1596 2764 hominis
1626 2711 1954 2780 appellatur,
1988 2711 2128 2767 falso

555 2796 852 2853 secundum
893 2798 1045 2869 ipsos
1097 2797 1187 2853 Dei
1221 2799 1394 2855 Filius
1444 2800 1670 2864 dicitur,
1706 2816 1830 2856 cum
1873 2817 1974 2857 nec
2016 2809 2131 2857 ter-

557 2891 772 2953 restris,
798 2905 900 2944 nec
934 2890 1177 2945 calestis
1197 2889 1288 2944 ille
1317 2890 1488 2947 Filius
1511 2905 1637 2946 cum
1661 2892 1948 2949 divinitate
1979 2909 2130 2949 com-

557 2996 721 3035 mune
761 2981 1064 3051 quidquam
1124 2981 1342 3036 haheat.
1400 2981 1507 3036 Sed
1555 2983 1609 3037 in
1658 2998 1928 3039 summam
1965 2985 2128 3041 veluti

555 3073 820 3144 colligens
855 3089 979 3144 quae
1011 3074 1080 3128 ab
1117 3074 1238 3144 ipso
1273 3074 1419 3129 dicta
1444 3085 1595 3141 sunt,
1633 3076 1786 3132 hisce
1813 3079 1995 3133 verbis
2017 3093 2124 3133 ser-

557 3164 705 3217 moni
740 3163 900 3219 ﬁnem
935 3165 1196 3236 imponit:
1218 3164 1278 3220 Si
1301 3174 1479 3220 autem
1510 3177 1559 3221 et
1598 3183 1626 3220 ι
1659 3167 1787 3220 calo
1834 3165 2008 3220 Filius
2039 3167 2133 3222 lio-

558 3253 715 3307 minis
749 3263 796 3307 et
826 3270 891 3308 ea:
922 3257 1141 3310 muliere
1174 3254 1351 3310 Filius
1391 3256 1508 3324 Dei,
1554 3257 1814 3326 quomodo
1857 3274 1959 3312 non
1995 3258 2152 3312 idem‘

559 3342 701 3397 Deus
721 3353 770 3398 et
807 3345 963 3400 homo
990 3347 1272 3399 censetur?
1297 3345 1408 3417 Ego
1440 3361 1572 3402 sane
1602 3354 1656 3402 et
1682 3347 1934 3402 eumdem
1962 3346 2132 3401 Deum

559 3443 722 3504 atque
750 3435 1025 3490 hominem
1061 3436 1306 3500 credere,
1330 3437 1591 3492 omnibus
1621 3448 1782 3492 recta:
1809 3436 1929 3492 lldei
1953 3453 2134 3492 asser-

559 3527 774 3581 torilius
804 3528 1098 3582 convenire
1125 3528 1236 3594 aio,
1267 3544 1377 3582 non
1414 3537 1596 3583 tamen
1633 3530 1934 3584 secundum
1965 3530 2134 3599 Apol-

562 3617 757 3670 linaris
787 3619 1149 3685 sententiam;
1183 3632 1362 3688 neque
1389 3618 1534 3674 enim
1567 3619 1828 3675 divinitas
1859 3637 1943 3676 res
1968 3629 2141 3677 terre-

482 3697 487 3704 ’
563 3724 654 3776 na,
683 3724 857 3778 neque
889 3709 1198 3764 humanitas
1216 3712 1440 3767 caeleste
1462 3711 1667 3782 aliquid
1691 3712 1927 3775 exsistit,
1949 3728 2140 3782 quem-

562 3797 853 3852 admodum
887 3798 978 3853 ille
999 3799 1292 3868 opinatur;
1328 3801 1423 3856 sed
1448 3817 1478 3856 e
1503 3803 1644 3856 caalo
1671 3802 1890 3872 quidem
1914 3803 1934 3835 ’
1965 3803 2140 3859 virtus

561 3887 827 3943 Altissimi
864 3904 962 3959 per
1010 3888 1275 3960 Spiritum
1332 3899 1582 3946 sanctum
1634 3893 1889 3950 humana:
1932 3903 2141 3950 natura:

560 3979 926 4043 obumbravit,
989 3979 1093 4034 hoc
1154 3991 1258 4048 est,
1315 3983 1372 4038 in
1425 3998 1489 4039 ea
1549 3982 1831 4038 eﬂ'ormata
1883 3983 2015 4049 fuit;
2071 4001 2135 4040 ex

561 4069 911 4124 immaculata
948 4086 1076 4126 vero
1112 4071 1331 4143 Virgine
1373 4074 1558 4129 carnis
1598 4075 1780 4144 portio
1817 4077 2051 4142 coaluit;
2085 4086 2140 4131 et

563 4161 665 4216 hoc
702 4168 888 4231 pacto,
934 4161 1080 4231 quod
1131 4163 1185 4217 in
1223 4177 1286 4218 ea
1324 4174 1512 4218 natum
1547 4174 1631 4220 est
1661 4163 1836 4220 Filius
1869 4167 2137 4222 Altissinii

560 4261 790 4310 vocatus
831 4262 933 4317 est,
967 4253 1153 4307 divina
1194 4254 1411 4324 quidem
1451 4254 1693 4325 potentia
1741 4256 1992 4312 humana:
2039 4273 2134 4312 na-

565 4356 699 4401 tura:
731 4362 855 4401 cum
906 4346 1191 4403 Altissimo
1236 4345 1581 4412 afﬁnitatem,
1631 4362 1799 4403 carne
1838 4363 1968 4404 vero
2012 4364 2136 4404 cum
2170 4392 2214 4447 Β

565 4437 786 4491 homine
821 4437 1202 4507 cognationem
1239 4435 1353 4492 Deo
1383 4439 1736 4494 conciliante.

643 4528 756 4584 VII.
791 4527 892 4584 Sed
935 4529 1071 4584 Dens
1121 4529 1329 4601 quidem
1373 4539 1484 4593 est,
1548 4530 1728 4600 inquit
1776 4530 2140 4602 Apollinaris,

565 4636 658 4690 per
689 4621 910 4691 spiritus
946 4621 1387 4684 incarnationem,
1422 4622 1578 4676 homo
1610 4632 1786 4676 autem
1809 4637 1901 4691 per
1929 4639 2143 4678 carnem

568 4731 600 4765 α
620 4711 727 4768 beo
756 4721 1100 4780 assumptum.
1139 4711 1286 4778 Quid
1314 4722 1396 4768 est
1425 4729 1620 4768 rursus
1650 4714 1954 4770 incarnatio
1981 4715 2143 4786 spiri-

567 4813 657 4857 tus
694 4812 1056 4874 praeterquam
1102 4803 1232 4857 unio
1279 4819 1404 4858 cum
1445 4819 1610 4860 carne
1644 4815 1831 4862 nostra
1870 4807 2048 4861 inita?
2079 4805 2144 4860 Et

569 4893 839 4949 undenam
874 4902 1190 4964 assumptus
1225 4903 1307 4950 est
1355 4894 1540 4959 homo,
1594 4897 1700 4953 nisi
1734 4912 1798 4952 ex
1828 4897 2005 4968 primo
2039 4897 2140 4952 ho-

569 4984 714 5038 mine
770 4983 930 5054 cujus
955 4987 1184 5056 primam
1231 4988 1637 5056 generationem
1679 5005 1711 5044 e
1748 4998 1914 5054 terra,
1963 5007 2070 5046 non
2109 5007 2140 5048 ο

567 5077 707 5130 malo
739 5076 933 5131 factam
971 5078 1139 5134 fuisse
1193 5094 1222 5132 a
1258 5077 1442 5146 Moyse
1473 5079 1593 5148 ejus
1641 5082 2010 5150 genealogiam
2045 5083 2140 5138 de-

569 5167 864 5235 scribente,
912 5169 1238 5227 didicimus?
1281 5171 1328 5225 E
1381 5181 1522 5227 terra
1562 5175 1700 5226 enim
1751 5173 1888 5229 Deus
1929 5177 2138 5242 pulvere

570 5270 802 5329 accepto.
826 5262 1085 5316 hominem
1118 5263 1310 5332 ﬁnxit;
1338 5264 1498 5318 aliam
1529 5273 1709 5319 autem
1749 5265 1983 5322 hominis
2010 5280 2143 5322 con-

649 5427 671 5459 '
703 5425 856 5484 Joan.
903 5443 985 5495 Ill,
1025 5428 1110 5483 15.
1187 5429 1208 5462 ’
1237 5427 1370 5483 an.
1404 5444 1444 5495 ι,
1476 5430 1566 5496 55,
1599 5447 1717 5502 sqq.

644 5582 752 5651 (ιο)
803 5579 1005 5636 Locum
1048 5582 1197 5705 ἕυηο
1246 5598 1421 5653 usque
1465 5582 1530 5637 ad
1570 5583 1657 5636 illa
1691 5581 1878 5645 verba,
1908 5579 2142 5636 τοιοῦτον

644 5652 804 5705 ιτέοα.
837 5651 1019 5705 laudat
1097 5653 1372 5705 nthvmins
1411 5652 1716 5705 Ziuabenus
1762 5654 1816 5705 in
1867 5651 2142 5705 Panoulia:

574 5652 804 5726 πατέρα,
837 5651 1019 5706 laudat
1048 5651 1372 5726 Euthyniius
1411 5652 1716 5726 Zigabenus
1762 5654 1816 5708 in
1867 5651 2143 5720 Panoplia:

575 5724 664 5777 tit.
689 5722 776 5786 1'5,
811 5731 950 5791 part.
989 5737 1048 5789 ιι,
1086 5722 1209 5795 pag.
1241 5723 1368 5782 524.

2223 1885 2518 1954 οὐρανὸν,
2547 1887 2598 1938 εί
2646 1884 2732 1955 μὴ
2775 1889 2808 1939 ό
2839 1883 2934 1950 ’ἐξ
2974 1883 3232 1952 οὐρανοῦ
3267 1883 3525 1949 καταϐὰς
3555 1925 3571 1949 ,
3605 1887 3637 1937 d
3671 1885 3778 1950 Υίέις

2223 1977 2329 2030 τοῦ
2360 1977 2709 2045 ἀνθρώπου,
2741 1977 2834 2030 καὶ
2871 1975 2958 2029 διὰ
2987 1976 3142 2029 τοῦτο
3173 1977 3272 2044 τῆς
3301 1976 3438 2047 πρὸς
3483 1976 3581 2028 τὸν
3622 1976 3779 2045 γήϊνον

2223 2068 2508 2139 ἄνθρωπον
2530 2067 2846 2137 συγγενείας
2875 2067 3035 2120 αὑτὸν
3065 2067 3366 2135 ἀποσχίζει,
3404 2067 3468 2118 ὲκ
3507 2064 3608 2118 τοῦ
3637 2067 3779 2135 οὐρα-

2224 2161 2316 2215 νοῦ
2347 2161 2549 2232 ἥκοντα
2581 2160 2706 2212 Υἱὸν
2743 2157 3025 2229 ἄνθρωπον
3060 2157 3233 2224 λέγων
3257 2174 3272 2188 ⁸
3303 2157 3463 2210 δώσει
3511 2158 3638 2211 τινὰ
3670 2159 3782 2210 πᾶν·

2224 2269 2332 2315 τως
2356 2251 2450 2304 τοῦ
2481 2249 2818 2312 καταϐάντος
2842 2249 2976 2319 πρὸς
3009 2249 3152 2319 ἡμᾶς
3178 2248 3334 2300 ἄλλον
3361 2251 3416 2300 ὲν
3449 2247 3666 2318 οὐρανῷ
3694 2266 3782 2300 τοι·

2226 2343 2379 2398 οὖτον
2411 2342 2616 2411 πατέρα
2643 2358 2656 2372 ·
2689 2340 2828 2392 ὥστε
2862 2341 2952 2392 καὶ
2978 2341 3035 2392 ἐν
3060 2341 3124 2408 τῇ
3156 2339 3390 2410 οὐρανίῳ
3413 2337 3524 2410 ζωῇ
3561 2339 3680 2410 ἔθνη
3708 2342 3782 2392 ἀν-

2228 2434 2482 2507 θρώπων,
2518 2433 2612 2486 καὶ
2642 2433 2868 2504 δήμους,
2897 2432 2992 2484 καὶ
3026 2431 3204 2483 πάντα
3228 2431 3363 2498 (50),
3399 2431 3501 2483 ὅσα
3538 2429 3678 2483 κατὰ
3711 2430 3783 2482 τὸν

2226 2528 2353 2598 τῇδε
2395 2518 2518 2598 βίον
2560 2525 2708 2578 ἔστιν
2743 2521 3106 2577 ὑπονοεῖσθαι.
3156 2523 3219 2574 Ei
3250 2518 3344 2574 οὖν
3383 2520 3441 2574 τὸ
3474 2521 3534 2587 ἐξ
3581 2519 3784 2591 οὐρανοῦ

2226 2615 2382 2692 ἧκον,
2433 2615 2718 2686 ἀνθρώπου
2760 2615 2906 2667 ἐστὶν
2957 2613 3085 2677 Υἱός
3110 2631 3123 2644 ·
3169 2613 3231 2666 τὸ
3271 2613 3326 2666 δὲ
3363 2614 3427 2665 ὲκ
3474 2611 3695 2682 Μαρίας
3736 2612 3785 2663 ὲκ

2231 2711 2541 2780 σπέρματος
2569 2708 2731 2762 Δαὸὶδ
2755 2705 2896 2761 κατὰ
2936 2707 3116 2777 σάρκα
3146 2707 3569 2776 γεγεννημένον,
3607 2704 3786 2758 ἄνωθεν

2229 2802 2307 2865 δὲ,
2340 2799 2628 2870 ἀνθρώπου
2659 2797 2788 2860 Υἱὸς
2813 2796 3165 2868 ὠνόμασται·
3213 2795 3422 2864 ψευδῶς
3455 2795 3582 2849 κατ’
3620 2795 3787 2856 αὐτοὺς

2231 2892 2360 2957 Tib;
2397 2890 2531 2944 Θεοῦ
2581 2889 2830 2958 λέγεται,
2888 2889 3027 2959 μήτε
3075 2887 3169 2940 τοῦ
3215 2886 3490 2957 οὐρανίου,
3546 2889 3679 2957 μήτε
3710 2884 3788 2939 τοῦ

2232 2985 2420 3055 γηῖνου
2444 2983 2578 3054 πρὸς
2599 2981 2660 3035 τὺ
2683 2977 2838 3034 Θεῖον
2870 2983 3067 3035 οίκειου
3077 2981 3255 3051 μένου.
3294 2979 3453 3033 Ἀλλὰ
3487 2977 3789 3048 συναγαγὼν

2239 3076 2418 3146 ἑαυτῷ
2437 3076 2572 3146 πρὸς
2593 3074 2652 3128 τὺ
2672 3073 2964 3142 κεφάλαιον
2985 3072 3054 3126 τὰ
3075 3072 3358 3143 εἰρημένα,
3383 3072 3442 3124 ὲν
3469 3071 3645 3142 τούτῳ
3675 3090 3786 3142 συμ-

2233 3168 2480 3239 περαίνει
2508 3165 2598 3219 τὺν
2630 3165 2807 3234 λόγον’
2842 3166 2907 3219 Εί
2947 3164 3015 3217 δὲ
3037 3165 3136 3218 καὶ
3161 3164 3230 3228 ἐξ
3260 3163 3522 3231 οὐρανοῦ
3556 3163 3687 3230 Υίὸς
3704 3163 3791 3217 dr-

2233 3260 2489 3328 θρώπου,
2528 3257 2624 3310 καὶ
2658 3256 2726 3310 ἐκ
2759 3255 3047 3326 γυναικὸς
3093 3255 3227 3321 Υἱὸς
3264 3253 3434 3318 Θεοῦ,
3474 3255 3606 3322 πῶς
3634 3256 3736 3324 οὐχ
3766 3257 3793 3306 ὁ

2233 3349 2416 3415 αὐτὸς
2441 3348 2586 3414 Θεὸς
2607 3347 2704 3400 καὶ
2735 3347 3076 3414 ἀνθρωπος;
3115 3344 3259 3413 Ἐγὼ
3288 3345 3345 3398 δὲ
3378 3345 3438 3397 τὸ
3473 3345 3574 3414 μὲν
3601 3345 3685 3397 τὸν
3715 3345 3793 3397 αὖ·

2229 3441 2320 3495 τὸν
2387 3439 2670 3512 ἄνθρωπον
2705 3438 2799 3490 καὶ
2841 3435 2972 3489 Θεὸν
3008 3435 3283 3489 πιστεύειν
3323 3430 3484 3499 εἶναι,
3522 3434 3687 3504 φημὶ,
3717 3433 3793 3485 καὶ

2243 3531 2442 3594 παντὸς
2487 3526 2625 3584 εἶναι
2669 3529 2763 3582 τοῦ
2797 3527 2889 3582 τδν
2936 3527 3092 3599 ὀρθὸν
3127 3527 3283 3595 λόγον
3314 3524 3722 3597 πρεσϐεύοντος,
3744 3523 3790 3574 οὗ

2241 3623 2345 3694 μὴν
2371 3621 2512 3676 κατὰ
2539 3621 2638 3692 τὴν
2662 3619 2755 3674 τοῦ
2790 3618 3126 3690 λογογράφου
3152 3618 3390 3672 διάνοιαν
3411 3635 3423 3648 ·
3455 3615 3585 3670 οὔτε
3619 3616 3719 3688 γὰρ
3746 3614 3794 3666 τὸ

2237 3715 2389 3768 Θεῖον
2417 3716 2624 3785 γήϊνον,
2674 3713 2798 3766 οὔτε
2848 3712 3185 3783 ἀνθρώπινον
3213 3711 3274 3764 τὸ
3315 3711 3587 3781 οὐράνιον,
3635 3707 3795 3768 καθὼς

2239 3809 2444 3869 ἐκεῖνος
2471 3805 2640 3860 οἴεται
2665 3819 2682 3835 ο
2715 3804 2830 3858 ἀλλ’
2863 3803 3067 3858 ἄνωθεν
3101 3803 3199 3872 μὲν
3219 3804 3252 3872 ὴ
3288 3800 3383 3855 τοῦ
3419 3800 3682 3869 Ὑψίστου
3716 3798 3794 3851 δύο

2239 3880 2422 3969 ναμιξ,
2469 3896 2557 3952 διὰ
2599 3896 2694 3951 τοῦ
2743 3895 2898 3963 ἁγίου
2941 3893 3256 3963 Πνεύματος
3295 3894 3354 3946 ἐν
3391 3895 3458 3964 τῇ
3501 3891 3796 3961 ἀνθρωπίνῃ

2240 3991 2399 4060 φύσει
2433 3988 2776 4058 ἐνεσκιάσθη,
2804 3985 3104 4052 τουτέστιν,
3129 3983 3504 4054 ὲνεμορφώθη,
3542 3984 3609 4036 ἑκ
3643 3981 3795 4050 δὲτῆς

2239 4083 2502 4154 ἀμιάντου
2521 4079 2796 4152 Παρθένου
2825 4081 2858 4150 ἡ
2882 4080 2982 4147 τῆς
3009 4075 3210 4148 σαρκὸς
3229 4080 3392 4147 μοῖρα
3413 4074 3794 4147 συνηρανίσθηο

2239 4176 2334 4228 καὶ
2369 4172 2540 4237 οὕτως
2567 4173 2628 4226 τὸ
2665 4173 2724 4226 ὲν
2762 4173 2897 4244 αὐτῇ
2928 4170 3209 4240 γεννηθὲν,
3240 4169 3367 4232 Υἱὸς
3398 4168 3656 4238 Ὑψίστου
3687 4183 3798 4220 κατ-

2239 4264 2530 4336 ωνομάσθη
2552 4280 2563 4292 ·
2619 4264 2718 4335 τῆς
2748 4264 2846 4334 μὲν
2884 4262 3033 4326 θείας
3067 4261 3350 4332 δυνάμεως
3397 4259 3494 4330 τὴν
3543 4258 3682 4329 πρὸς
3720 4255 3797 4309 τὸν

2243 4357 2506 4427 ’Ὕψιστον
2530 4356 2864 4427 ἀγχιστείαν,
2895 4355 2994 4424 τῆς
3021 4355 3078 4410 δὲ
3107 4353 3306 4426 σαρκὸς
3343 4352 3442 4424 τὴν
3469 4350 3799 4422 ἀνθρωπίνην

2244 4448 2622 4518 οἰκειουμένης
2650 4447 2994 4516 συγγένειαν.

2322 4539 2495 4594 Ἀλλὰ
2518 4538 2661 4605 Θεὸς
2680 4537 2816 4608 μὲν,
2858 4538 3010 4607 φησὶ,
3039 4541 3122 4604 τῷ
3159 4537 3447 4606 πνεύματι
3479 4532 3563 4600 τῷ
3583 4546 3798 4601 σαρκω-

2239 4630 2398 4686 Οέντι
2422 4647 2438 4662 ο
2477 4629 2870 4698 ἄνθρωπσξδὲ
2885 4628 2957 4696 τῇ
2979 4631 3098 4684 ὑπὸ
3119 4628 3225 4684 τοῦ
3244 4627 3390 4682 Θεοῦ
3413 4623 3799 4693 προσληφθεί-

2240 4740 2324 4791 an
2355 4722 2554 4790 σαρκί.
2601 4721 2665 4774 Τί
2700 4723 2815 4774 ἐστι
2853 4719 3014 4774 πάλιν
3043 4719 3138 4773 τοῦ
3185 4717 3486 4788 πνεύματος
3520 4715 3797 4785 σάρκωσις,

2243 4812 2400 4876 ἐκτὸς
2428 4814 2526 4882 τῆς
2550 4811 2685 4882 πρὸς
2706 4812 2804 4881 τὴν
2833 4809 3106 4882 ἡμετέραν
3132 4809 3309 4880 σάρκα
3341 4807 3622 4872 subeam;
3655 4802 3800 4856 πόθεν

2241 4903 2299 4958 δὲ
2353 4901 2699 4974 προσελήφθη
2752 4901 3070 4972 ἄνθρωπος,
3125 4903 3173 4953 εἰ
3227 4898 3302 4970 μὴ
3355 4899 3421 4952 ὲκ
3452 4895 3548 4950 τοῦ
3600 4893 3796 4966 πρώτου

2242 4994 2558 5069 (ἀνθρώπου
2586 4994 2721 5066 (51),
2756 4989 2818 5049 οὗ
2852 4993 2950 5065 τὴν
2970 4991 3192 5064 πρώτην
3215 4991 3427 5060 γένεσιν
3452 4990 3517 5042 ὲκ
3542 4987 3649 5056 γῆς
3667 5027 3684 5051 ,
3716 4985 3798 5037 οὐκ

2242 5089 2307 5140 ὲκ
2331 5085 2426 5140 τοῦ
2457 5086 2707 5155 οὐρανοῦ)
2742 5084 3186 5153 γενεαλογοῦντος
3208 5082 3302 5137 τοῦ
3340 5081 3621 5142 Μωῦσέως
3654 5073 3796 5148 ﬁmi:-

2243 5195 2447 5249 σαμεν;
2478 5179 2687 5232 Λαϐὼν
2725 5176 2834 5250 γάρ
2861 5179 2893 5231 ὀ
2917 5177 3060 5242 Θεὸς
3082 5173 3235 5245 χοῦν
3260 5173 3378 5228 ἀπὸ
3408 5171 3517 5239 τῆς
3547 5169 3681 5241 γῆς,
3709 5167 3800 5219 τὸν

2249 5269 2565 5339 ἄνθρωπον
2621 5269 2931 5324 ἔπλασενο
3001 5267 3166 5339 ἄλλην
3211 5265 3266 5324 δὲ
3316 5262 3603 5334 ἀνθρώπου
3652 5275 3798 5313 κατα-

2322 5584 2435 5648 (50)
2458 5579 2613 5637 Corr.
2639 5581 2732 5635 καὶ
2756 5580 2980 5650 δήμους,
3011 5577 3104 5632 καὶ
3122 5573 3390 5650 πατριὰς,
3431 5575 3520 5628 καὶ
3547 5573 3739 5626 πάντα.

2323 5655 2435 5726 (51)
2470 5655 2598 5720 Qua:
2633 5649 2986 5707 includuntur
3008 5649 3188 5705 addita
3221 5654 3348 5702 sunt
3386 5661 3416 5699 a
3448 5659 3587 5699 corr.
