4006 6480
1663 163 1704 191 Ι

223 361 366 415 “'57

1391 365 1428 418 Α
1442 361 1713 419 DYERSU
1725 360 1762 415 S
1799 359 2312 420 APOLLINAREM.

3341 359 3475 417 H33

225 479 428 550 σκευὴν
456 479 516 546 ἐξ
546 481 778 552 οὐρανοῦ
805 482 1070 553 συστῆσαι
1095 481 1208 557 (52)
1241 486 1371 552 παρ’
1387 485 1600 548 οὐδενὸς
1633 501 1787 555 μεμα

1912 483 2272 539 structionem
2308 484 2502 538 ccmlo
2548 481 2845 546 exstitisse,
2893 494 3056 536 nemo
3099 493 3338 550 unquam
3381 491 3480 530 nos

221 569 492 640 θήκαμεν.
507 565 642 623 Εἶτα
664 571 858 639 ἐπάγει
879 573 990 635 τοῖς
1005 573 1338 643 εἰρημένοις,
1363 573 1444 627 ὅτι
1478 571 1554 626 Τὸ
1571 570 1808 641 μυστή-

1911 573 2119 630 docuit.
2175 574 2380 631 Deinde
2437 576 2521 631 his
2579 575 2741 630 dictis
2793 573 3072 645 subiungit
3127 570 3480 641 Apollinaris.

215 677 361 728 ριον
397 661 468 714 ἐν
494 662 670 729 σαρκί
697 662 1038 731 ἐφανερώθη
1065 679 1078 692 ⁸
1123 665 1301 728 καλῶς
1332 664 1489 718 τοῦτο
1509 663 1705 732 λέγων,
1730 657 1787 717 οῦ

1910 661 2230 734 Hysterium
2263 667 2315 720 in
2353 681 2508 720 carne
2541 663 2938 733 manifestatum
2966 662 3163 732 fuisse;
3189 667 3333 714 recte
3367 658 3482 728 qui-

221 769 314 816 τος
341 753 369 806 6
391 753 657 823 ἡμέτερος
690 754 842 821 λόγος
867 771 880 784 ο
908 755 1002 808 καὶ
1016 755 1097 808 ὅτι
1125 760 1158 810 ὀ
1182 758 1370 826 Λόγος
1391 755 1549 824 σὰρξ
1570 755 1807 824 ἐγένετο

220 842 374 896 κατὰ
403 841 518 908 τὴν
539 842 790 896 ἕνωσιν-⁸
841 843 933 897 καὶ
963 842 1138 899 ταῦτα
1175 849 1274 915 τῆς
1311 844 1661 915 ὑγιαινούσης
1695 861 1808 914 φω·

221 933 318 1001 γῆς
353 935 466 986 ἐστι
506 933 573 987 τὰ
615 936 834 1005 ῥήματα
858 973 874 990 .
931 936 989 989 '0
1024 937 1132 1009 γὰρ
1159 935 1396 1008 ἡνῶσθαι
1428 938 1494 1005 τῇ
1532 935 1695 1005 σαρκὶ
1717 935 1806 988 τὸν

220 1024 395 1092 Λόγον
422 1024 613 1089 εἰπὼν,
653 1027 804 1080 οὐδὲν
834 1028 1017 1099 ἕτερον
1050 1029 1082 1101 ἢ
1126 1028 1235 1082 τῶν
1262 1028 1354 1081 δύο
1375 1027 1474 1098 τὴν
1503 1026 1804 1099 συνδρομὴν

219 1114 390 1183 λέγει.
451 1117 602 1170 Ἀλλ’
633 1120 744 1172 οὐκ
778 1119 1043 1190 ἄψυχος,
1073 1121 1259 1192 φησὶν,
1298 1121 1336 1190 ἠ
1375 1117 1533 1188 σάρξ
1556 1137 1570 1151 ·
1622 1134 1804 1188 στρα-

217 1207 498 1260 τεύεσθαι
540 1207 650 1277 γὰρ
693 1209 842 1264 κατὰ
882 1209 990 1266 τοῦ
1035 1212 1375 1279 πνεύματος
1403 1212 1661 1278 εἰρηται,
1701 1211 1802 1264 καὶ

217 1293 787 1361 ἁντιστρατεύεσθαι
809 1296 889 1362 τῷ
910 1299 1071 1368 νόμῳ
1093 1297 1199 1352 τοῦ
1228 1300 1414 1368 νόμον
1431 1300 1561 1369 (55).
1603 1300 1802 1371 ’Υπὲρ-

217 1401 344 1453 ευγε
376 1384 476 1455 τῆς
517 1386 944 1459 ἀγνωμοσύνηςί
999 1391 1098 1442 οὐκ
1135 1389 1340 1459 ἄψυχον
1386 1389 1464 1460 τῷ
1493 1389 1612 1460 Θεῷ
1640 1408 1798 1462 περι-

219 1475 448 1529 πλάσσει
471 1476 569 1548 τὴν
602 1477 798 1552 σάρκα.
825 1478 1034 1533 Οὐκοῦν
1059 1481 1440 1551 ὲρωτήσωμεν,
1464 1481 1512 1533 εἰ
1551 1480 1798 1551 ἔμψυχος

221 1566 578 1637 προσελήφθη
626 1567 778 1639 παρά
812 1569 907 1622 τοῦ
941 1570 1075 1623 Θεοῦ
1110 1570 1282 1638 Λόγου
1331 1573 1364 1642 η
1418 1572 1576 1642 σὰρξ,
1617 1572 1797 1636 καθώς

217 1672 384 1725 φησιν
412 1657 441 1708 ο
471 1657 807 1728 λογογράφος
823 1672 834 1685 '
871 1658 1092 1730 ἔμψυχα
1121 1659 1175 1712 δέ
1209 1678 1390 1730 φαμεν
1417 1663 1510 1715 καὶ
1539 1663 1645 1716 τῶν
1675 1663 1798 1716 ἀλό-

215 1763 329 1814 γων
353 1747 422 1802 τά
455 1746 713 1818 σώματα·
761 1752 790 1804 6
832 1751 1179 1822 ἀνθρωπίνην
1221 1752 1420 1824 σάρκα,
1464 1754 1558 1807 καὶ
1593 1752 1794 1824 ταύτην

1909 747 2053 820 dem,
2089 771 2214 810 nam
2244 765 2298 810 et
2332 771 2431 812 nos
2458 757 2595 812 idem
2637 755 2894 820 dicimus,
2946 753 3200 823 additque
3252 750 3478 804 Verbum

1908 861 2120 899 carnem
2169 847 2370 916 factum
2452 846 2618 916 fuisse
2673 844 2958 900 secundum
3022 845 3300 906 unionem;
3359 856 3480 910 qua:

1907 937 2124 1006 quidem
2158 939 2319 992 etiam
2363 953 2495 992 sane
2529 939 2800 1008 loquentis
2827 945 2953 991 sunt
2983 935 3176 1000 verba;
3209 935 3299 1004 qui
3334 933 3476 989 enim

1906 1027 2058 1081 carni
2101 1027 2313 1081 unitum
2345 1028 2515 1083 fuisse
2547 1026 2783 1083 Verbum
2820 1026 2975 1090 dicit,
3010 1025 3087 1079 nil
3133 1025 3276 1079 aliud
3313 1039 3477 1094 quam

1904 1119 2136 1190 duplicis
2181 1120 2259 1175 rei
2313 1135 2640 1176 concursum
2697 1119 2912 1174 asserit.
2952 1116 3054 1172 Sed
3092 1134 3239 1182 caro,
3284 1117 3476 1186 inquit,

1904 1229 2008 1265 non
2055 1222 2197 1266 caret
2237 1215 2437 1276 anima,
2492 1215 2722 1267 militare
2762 1213 2900 1267 enim
2943 1211 3193 1266 adversus
3235 1210 3477 1279 spiritum

1902 1302 2100 1356 dictant
2133 1313 2211 1357 est
2245 1320 2306 1356 ac
2336 1319 2625 1372 repugnare
2663 1303 2764 1373 legi
2793 1303 2956 1372 legem
2995 1301 3183 1354 mentis
3203 1300 3266 1354 ‘°.
3296 1299 3340 1353 Ο
3374 1299 3475 1352 ιιιί-

1904 1410 2019 1448 ram
2052 1395 2356 1449 inscitiam!
2393 1393 2512 1448 Non
2543 1394 2835 1449 inanimem
2871 1392 2978 1447 Deo
3000 1391 3209 1460 afﬁngit
3232 1405 3471 1445 carnem.

1904 1485 2091 1556 Itaque
2117 1486 2516 1554 interrogemus
2553 1499 2621 1539 an
2657 1485 2898 1538 animata
2927 1498 3056 1540 caro
3095 1499 3125 1536 a
3163 1482 3272 1538 Deo
3300 1480 3476 1537 Verbo

1900 1576 2064 1631 fuerit
2107 1586 2408 1645 assumpta,
2431 1574 2889 1648 quemadmodum
2919 1584 3102 1630 noster
3123 1573 3356 1642 scriptor
3377 1573 3472 1633 ait.

1899 1667 2080 1722 anima
2123 1678 2303 1723 autem
2353 1666 2579 1737 przedita
2625 1681 2746 1722 esse
2794 1666 3026 1721 dicimus
3061 1672 3116 1719 et
3158 1664 3472 1718 animalium

1899 1758 2108 1814 ratione
2151 1759 2452 1814 carentium
2489 1774 2741 1829 corpora.
2794 1758 2898 1824 Qui
2949 1766 3131 1814 autem
3179 1759 3470 1812 humanam

213 1836 478 1908 ἔμψυχον,
512 1841 872 1910 προσοικίζων
900 1841 978 1913 τῷ
1006 1842 1169 1912 λόγῳ,
1203 1843 1354 1897 οὐδὲν
1384 1845 1591 1916 ἕτερον,
1619 1845 1650 1915 ἢ
1676 1845 1787 1900 ὅλον

1898 1863 2118 1904 carnem
2156 1864 2419 1920 eamque
2467 1848 2760 1904 animatam
2813 1847 2991 1904 Verbo
3048 1847 3319 1911 attribuit,
3391 1846 3468 1900 nil

214 1930 479 1984 συνάπτει
516 1930 606 1983 τον
640 1931 957 2003 ἄνθρωπονο
1007 1935 1159 1988 οὐδὲν
1203 1935 1312 2008 γὰρ
1360 1936 1487 1991 ἄλλο
1512 1936 1664 2008 παρά
1697 1938 1794 2009 τὴν

210 2020 404 2090 νοερὰν
450 2021 610 2090 φύσιν
650 2023 750 2092 τῆς
778 2024 1127 2096 ἀνθρωπίνης
1163 2026 1339 2098 ψυχῆς
1381 2027 1529 2083 ἐστιν
1573 2030 1789 2101 ἰδίωμα,

209 2113 299 2166 διὰ
317 2113 378 2166 τὸ
404 2114 462 2166 tv
497 2116 627 2167 πᾶσι
655 2118 766 2177 τοῖς
795 2116 979 2180 ἄλλοις
1003 2119 1290 2174 κοινωνίαν
1324 2118 1464 2175 εἶναι
1497 2123 1627 2192 ἡμῖν
1653 2122 1791 2193 πρὸς

208 2202 278 2256 τὰ
315 2203 502 2272 ἄλογα.
559 2205 631 2258 Τὺ
664 2206 1078 2278 ἐπιθυμητικὸν,
1119 2209 1179 2264 τδ
1227 2211 1527 2283 θυμοειδὲς,
1572 2213 1605 2283 ἡ
1650 2212 1794 2265 κατά

205 2293 413 2365 τροφὴν
443 2294 642 2362 ὄρεξις,
668 2297 697 2348 6
729 2297 907 2369 κόρος,
935 2301 964 2354 6
1003 2299 1189 2374 ὕπνος,
1222 2303 1254 2373 ἡ
1290 2303 1471 2373 πέψις,
1504 2304 1792 2376 ήάλλοίω-

206 2400 314 2446 σις,
353 2386 387 2455 ἡ
418 2383 512 2437 τοῦ
540 2387 930 2459 ἀχρειωθέντος
978 2392 1293 2464 ἐκποίησις,
1351 2394 1527 2448 πάντα
1565 2395 1705 2449 κατά
1732 2397 1791 2449 τὸ

202 2471 325 2528 ἶσον
355 2479 412 2531 tv
443 2479 593 2549 ἡμῖν,
627 2480 719 2533 καὶ
757 2484 868 2545 τοῖς
900 2481 1114 2551 ἀλόγοις
1135 2484 1222 2538 δια
1252 2503 1394 2550 τινος
1417 2486 1652 2557 ψυχικῆς
1696 2487 1789 2538 δυ-

203 2566 426 2637 νάμεως
463 2571 844 2641 οἰκονομεῖται.
887 2572 945 2626 '0
971 2574 1150 2627 τοίνυν
1179 2573 1354 2642 λέγων
1388 2576 1676 2647 ἄνθρωπον
1706 2573 1787 2629 εἴ·

203 2674 296 2710 ναι
327 2659 418 2710 τὸν
459 2660 950 2733 προσειλημμένον,
989 2663 1229 2739 ἔμψυχον
1258 2665 1314 2718 δὲ
1355 2667 1543 2719 τοῦτον
1573 2667 1749 2731 διδοὺς
1768 2706 1783 2731 ,

200 2747 357 2802 οὐδὲν
409 2748 591 2820 ἕτερον
645 2750 679 2822 ἢ
723 2751 817 2804 καὶ
851 2753 963 2822 (54)
1013 2754 1208 2824 νοητὴν
1261 2754 1409 2827 αὑτῷ
1459 2773 1778 2829 προσεμαρο

200 2835 410 2906 τύρησε
432 2837 678 2907 δύναμιν,
705 2839 841 2909 ὅπερ
872 2840 1000 2893 ῐδιον
1027 2840 1127 2910 τῆς
1154 2839 1504 2912 ἀνθρωπίνης
1534 2843 1650 2896 ἐστὶ
1679 2843 1784 2912 ψυ-

201 2930 329 2999 χῆς,
354 2927 413 2992 ἐξ
438 2928 636 2994 αὐτῶν,
668 2921 743 2982 ὧν
773 2930 1042 3000 παρέθετο
1072 2932 1222 3002 ἡμῖν,
1256 2931 1365 2986 τῶν
1397 2932 1488 2985 τοῦ
1529 2933 1785 2988 Ἀποστό-

201 3019 300 3072 λου
341 3019 620 3090 ῥημάτων.
667 3020 726 3072 '0
749 3019 858 3091 γὰρ
885 3019 1073 3085 εἰπὼν,
1122 3022 1204 3075 ὅτι
1257 3023 1328 3076 Τὸ
1379 3022 1785 3093 φρόνηματῆς

200 3111 430 3180 σαρκὸς
457 3110 641 3180 ἔχθρα
661 3113 747 3178 εἰς
775 3111 942 3166 Θεόν·
964 3111 1045 3177 τῷ
1063 3113 1170 3182 γὰρ
1191 3113 1348 3184 νόμῳ
1371 3112 1477 3167 τοῦ
1504 3114 1650 3168 Θεοῦ
1671 3117 1783 3184 οὐχ

200 3201 614 3255 ὑποτάσσεται
633 3219 645 3231 ·
667 3203 767 3273 τῆς
795 3203 1182 3282 προαιρετικῆς
1213 3221 1272 3256 τε
1299 3204 1394 3258 καὶ
1438 3204 1779 3276 διανοητικῆς
1809 3175 1852 3234 C

198 3292 488 3363 δυνάμεως
513 3293 714 3365 ἐναργῆ
739 3294 808 3347 τὰ
848 3293 1111 3364 ἰδιώματα
1134 3294 1312 3364 λέγει·
1343 3293 1403 3348 τὸ
1431 3294 1539 3366 γὰρ
1568 3296 1780 3350 ἐπιπει-

199 3383 387 3453 οὦς,ἢ
419 3383 724 3448 ἀντιτύπως
745 3385 881 3455 πρὸς
903 3385 992 3438 τὸν
1025 3385 1187 3456 νόμον
1219 3385 1380 3456 ἔχειν,
1409 3387 1779 3458 προαιρέσεως

199 3474 360 3527 ῐδιον⁶
392 3473 524 3526 αὐτό
548 3491 604 3527 τε
632 3474 693 3526 τὸ
724 3475 818 3526 τοῦ
846 3474 1229 3544 φρονήματος
1254 3475 1446 3545 ὄνομα,
1475 3475 1575 3528 οὐκ
1603 3475 1668 3529 ἄν
1696 3493 1778 3540 τις

198 3568 301 3637 τῆς
345 3565 487 3619 κατὰ
539 3567 599 3618 τὸ
654 3570 870 3638 φρονεῖν
918 3568 1196 3636 ἐνεργείας
1265 3560 1650 3639 ἀποχωρίσειε.
1705 3568 1780 3620 Τὸ

197 3658 259 3710 δὲ
297 3657 542 3725 φρονεῖν
569 3658 762 3711 ταύτὸν
812 3655 951 3710 εἷναι
981 3657 1057 3728 τῷ
1100 3661 1240 3710 νοεῖν
1265 3657 1398 3729 (55),
1439 3659 1547 3711 οὐδ’
1575 3657 1640 3710 ἂν
1671 3657 1778 3710 τῶν

200 3749 398 3821 κομιδῇ
431 3766 514 3812 τις
559 3747 929 3821 νηπιαζόντων
969 3747 1214 3802 ἀντείποι
1240 3764 1254 3777 °
1312 3749 1340 3802 ὅ
1383 3766 1441 3801 τε
1485 3750 1775 3818 ἀντιστρα-

197 3840 510 3909 τευόμενος,
542 3840 638 3893 καὶ
671 3840 1110 3911 αἰχμαλωτίζων,
1141 3839 1256 3902 πῶς
1290 3840 1355 3893 ἂν
1376 3839 1474 3908 τῆς
1502 3838 1779 3908 ἐνεργείας

199 3929 296 3984 τοῦ
323 3933 462 3983 νοεῖν
490 3931 878 4000 ἀμοιρήσειεν;
925 3932 998 3984 Οὐ
1041 3931 1150 4001 γὰρ
1183 3930 1318 4000 πρὸς
1357 3928 1468 3996 (56)
1505 3928 1572 3981 τὰ
1599 3927 1776 3997 φαῦλα

199 4019 467 4075 κινεῖσθαι
505 4024 618 4085 τοῖς
649 4025 838 4086 κακοῖς
874 4021 972 4092 τὴν
1005 4021 1344 4092 προαίρεσιν,
1372 4019 1644 4084 ἀπόδειξις
1681 4017 1775 4070 τοῦ

203 4114 280 4184 μὴ
303 4109 439 4167 εἶναι
461 4113 586 4166 νοῦν
612 4114 670 4166 ὲν
695 4114 921 4176 ἐκείνοις
949 4113 1118 4175 ἐστὶν,
1154 4111 1288 4165 ἀλλὰ
1325 4110 1493 4180 καλῆς
1532 4109 1629 4180 μὲν
1659 4109 1774 4162 δια-

199 4204 352 4267 νοίας
381 4206 534 4267 ἐκτός
562 4204 688 4269 εἰσι,
722 4201 901 4257 νοοῦσι
928 4203 983 4256 δὲ
1012 4205 1162 4280 ὅμως
1186 4217 1202 4233 ⁶
1252 4201 1373 4254 ἐπεὶ
1403 4202 1491 4253 καὶ
1519 4199 1614 4254 τὸν
1654 4199 1775 4268 ὅφιν

199 4296 429 4358 ἐκεῖνον,
459 4295 517 4347 ὃν
537 4295 599 4367 δὴ
629 4296 727 4364 τῆς
759 4295 955 4358 κακίας
978 4293 1218 4364 ἀρχηγὸν
1249 4295 1343 4347 καὶ
1372 4292 1601 4362 εὑρέτην
1629 4290 1776 4361 παρά

196 4387 311 4440 τῶν
340 4388 378 4438 Γ
386 4385 572 4458 ραφῶν
598 4386 974 4457 ἐδιδάχθημεν,
1003 4387 1102 4438 οὐκ
1135 4385 1357 4455 ἀνόητον
1387 4381 1523 4438 εἰναί
1547 4400 1708 4455 φησιν
1748 4385 1776 4436 ὁ

197 4477 555 4542 οεόπνευστος
597 4477 771 4547 λόγος,
821 4478 1038 4530 πλείονα
1078 4476 1185 4530 τῶν
1213 4475 1386 4530 ἄλλων
1423 4491 1775 4547 προσμαρτυ-
1807 4495 1812 4501 δ

1811 4564 1856 4618 ι)
1887 4565 2014 4619 litim
2059 4564 2388 4634 principem,
2443 4562 2892 4629 inventoremque
2945 4559 3116 4616 fuisse
3174 4559 3456 4631 Scriptura

198 4571 312 4638 ρῶν
337 4570 512 4641 τούτῳ
538 4569 637 4638 τὴν
667 4569 1059 4641 φρονιμότητα.

1896 1938 2042 1992 aliud
2067 1953 2229 2008 quam
2250 1939 2520 2008 integrum
2551 1936 2825 1992 hominem
2852 1934 3032 1993 Verbo
3053 1935 3310 2008 copulat;
3337 1934 3471 1989 nihil

1893 2030 2037 2082 enim
2067 2039 2176 2082 tam
2210 2028 2488 2099 proprium
2521 2036 2603 2083 est
2641 2028 2891 2083 humana:
2938 2029 3130 2082 animae
3174 2042 3337 2098 quam
3386 2025 3471 2079 in-

1895 2117 2114 2172 tellectu
2157 2120 2384 2190 praedita
2423 2127 2641 2184 natura,
2684 2133 2750 2174 eo
2776 2119 2920 2189 quod
2961 2120 3014 2173 in
3055 2119 3178 2175 aliis
3217 2117 3470 2173 omnibus

1891 2209 2337 2265 communionem
2364 2225 2489 2265 cum
2523 2210 2696 2264 brutis
2727 2211 3044 2266 habeamus.
3067 2210 3470 2280 Concupiscet:-

1891 2302 1988 2367 tia,
2029 2302 2133 2366 ira,
2162 2303 2268 2358 cibi
2305 2305 2637 2373 appetentia,
2665 2304 2910 2366 satietas,
2933 2318 3182 2366 somnus,
3210 2301 3466 2374 digestio,

1891 2391 2162 2458 alteratio,
2205 2404 2677 2449 excrementorum
2721 2395 2954 2466 egestio,
2985 2395 3100 2449 haec
3136 2394 3316 2448 omnia
3358 2402 3468 2446 tam

1890 2480 1944 2534 in
1976 2480 2134 2534 nobis
2155 2495 2318 2551 quam
2343 2483 2397 2536 in
2429 2483 2760 2540 animalibus
2787 2485 2997 2539 ratione
3028 2483 3344 2539 carentibus
3373 2497 3469 2552 per

1891 2571 2185 2640 quamdam
2217 2572 2412 2627 animae
2440 2573 2754 2629 facultatem
2779 2591 2844 2629 ex
2874 2590 3028 2644 aequo
3055 2574 3464 2644 dispensantur.

1888 2660 1990 2728 Qui
2029 2663 2195 2734 igitur
2222 2665 2354 2719 dicit
2387 2665 2660 2720 hominem
2706 2681 2831 2722 esse
2863 2667 2955 2737 qui
3005 2674 3319 2736 assumptus
3358 2671 3464 2724 est,

1886 2770 2118 2825 eumque
2156 2755 2338 2809 anima
2387 2757 2670 2826 prazditum
2710 2772 2834 2812 esse
2876 2757 3148 2818 concedit,
3199 2756 3274 2810 nil
3317 2755 3465 2808 aliud

1886 2857 2052 2912 quam
2105 2843 2444 2914 intelligendi
2497 2843 2810 2900 facultatem
2857 2844 3173 2900 testimonio
3221 2859 3321 2900 suo
3363 2842 3466 2913 ipsi

1884 2931 2223 3000 impcrtitur;
2276 2932 2421 3002 quod
2475 2933 2726 2990 humana:
2769 2941 2981 2988 tantum
3036 2934 3230 2989 animm
3263 2947 3466 2988 conve-

1885 3022 2026 3085 nire,
2057 3023 2138 3077 vel
2184 3039 2248 3078 ex
2284 3023 2440 3093 ipsis,
2490 3040 2610 3094 quae
2658 3025 2820 3080 nobis
2853 3025 2906 3078 in
2948 3025 3182 3081 medium
3225 3024 3462 3093 adducit,

1887 3111 2126 3182 Apostoli
2162 3114 2342 3169 verbis
2382 3122 2630 3186 apparet.
2684 3114 2786 3182 Qui
2836 3117 2980 3171 enim
3048 3116 3203 3182 dicit,
3247 3115 3468 3184 Sapien-

1887 3206 2017 3258 tiam
2065 3205 2241 3260 carnis
2297 3207 2635 3260 inimicitiam
2686 3223 2796 3261 esse
2834 3207 2889 3260 in
2939 3205 3124 3272 Deum,
3169 3207 3268 3278 legi
3324 3208 3459 3262 enim

1885 3293 1983 3348 Dei
2015 3311 2114 3348 non
2161 3294 2437 3364 subjicitur
2478 3296 2543 3355 ιι,
2583 3295 2901 3350 manifestas
2941 3295 3191 3366 eligentis
3218 3303 3272 3350 et
3313 3296 3463 3366 cogi.

1885 3384 2051 3438 tantis
2081 3384 2333 3453 potentia:
2364 3384 2724 3454 proprietates
2751 3384 3032 3454 exprimit.
3069 3383 3202 3439 Nam
3227 3385 3459 3455 obsequi

1887 3475 1986 3544 legi
2041 3476 2124 3530 vel
2172 3491 2483 3546 repugnare
2519 3476 2772 3547 eligentis
2817 3476 3099 3546 proprium
3147 3484 3230 3532 est
3267 3477 3460 3531 volun-

1885 3567 2034 3627 tatis,
2072 3567 2361 3637 ipsumque
2394 3568 2759 3640 φρονήματος,
2799 3567 2901 3621 hoc
2931 3577 3034 3629 est,
3068 3569 3342 3638 sapientia:
3380 3569 3464 3623 vel

1886 3658 2247 3727 intelligentia:
2292 3675 2494 3714 nomen
2544 3673 2705 3714 nemo
2747 3673 2776 3711 a
2815 3658 3090 3728 cogitandi
3129 3660 3210 3713 vel
3264 3658 3464 3714 intelli-

1885 3747 2044 3818 gendi
2069 3749 2326 3804 facultate
2353 3751 2668 3806 secreverit.
2701 3752 2920 3820 Φρονεῖν
2947 3757 3127 3804 autem
3159 3751 3297 3804 idem
3329 3765 3451 3806 esse

1884 3854 1948 3893 ac
1986 3839 2284 3910 intelligere
2316 3850 2370 3894 et
2403 3839 2586 3894 animo
2609 3855 2848 3902 versare,
2884 3855 2982 3894 nec
3019 3853 3308 3909 parvorum
3377 3840 3460 3893 in-

1885 3925 2112 3980 fantium
2145 3929 2417 3998 quispiam
2471 3928 2682 3982 inficias
2721 3928 2914 3993 iverit,
2949 3935 3004 3982 et
3055 3927 3146 3997 qui
3181 3927 3334 3981 alteri
3373 3942 3460 3982 re—

1884 4027 2106 4088 pugnat,
2163 4035 2396 4088 eumque
2437 4019 2491 4072 in
2548 4018 2865 4073 servitutem
2921 4017 3138 4088 redigit,
3185 4017 3458 4088 quomodo

1884 4109 2218 4180 intelligendi
2264 4109 2591 4164 actuositate
2622 4108 2868 4163 carebit?
2903 4105 3090 4178 Neque
3134 4108 3276 4162 enim
3310 4111 3455 4177 quod

1884 4201 2051 4254 libera
2088 4199 2319 4270 eligendi
2352 4199 2582 4254 facultas
2614 4199 2679 4252 ad
2707 4199 2848 4252 mala
2882 4198 2936 4252 in
2975 4199 3242 4270 improbis
3269 4214 3456 4253 move-

1885 4298 1993 4353 tur,
2031 4299 2318 4360 propterea
2361 4290 2482 4346 illos
2518 4299 2696 4344 mente
2735 4287 3032 4344 destitutos
3071 4303 3194 4346 esse
3231 4291 3456 4344 demon-

1883 4389 2109 4448 stratur,
2142 4382 2237 4436 sed
2287 4381 2425 4435 bene
2469 4380 2686 4450 quidem
2735 4395 2845 4435 non
2879 4365 3142 4451 cogitant,
3174 4389 3229 4434 at
3262 4381 3458 4434 nihilo-

1882 4471 2066 4527 minus
2095 4473 2357 4544 cogitant.
2403 4471 2586 4537 Quare
2629 4478 2682 4525 et
2718 4486 2944 4542 serpens
2989 4471 3102 4535 ille,
3143 4486 3303 4541 quem
3344 4485 3456 4523 ma-

196 4681 302 4720 nos
341 4664 500 4719 docet
525 4667 591 4730 τ’,
623 4679 732 4718 non
765 4665 1012 4718 caruisse
1046 4669 1230 4716 mente
1261 4675 1290 4713 a
1324 4659 1432 4716 Deo
1477 4660 1778 4733 inspiratus
1814 4676 1995 4720 sermo
2024 4659 2178 4722 dicit,
2211 4657 2302 4728 qui
2331 4655 2743 4728 prudentiorem
2812 4655 3024 4711 caeteris
3092 4656 3458 4710 animantibus

198 4764 378 4832 ipsum
425 4759 596 4814 fuisse
626 4767 879 4814 testatur.

271 4850 480 4903 Οὐκοῦν
513 4850 571 4914 ἐξ
604 4850 800 4916 αὐτῶν,
842 4849 905 4903 δι’
941 4842 1015 4902 ὧν
1043 4849 1209 4902 οἴεται
1242 4850 1494 4921 συνιστᾷν
1524 4849 1614 4902 τὸν
1645 4850 1770 4904 ἐαυ-

195 4939 293 4993 τοῦ
331 4939 508 5007 λόγον,
550 4940 606 4992 αἱ
652 4938 1034 5009 παρατιθεῖσαι
1101 4939 1234 5008 ἡμῖν
1267 4937 1442 5006 φωναὶ
1487 4937 1546 4989 τὸ
1585 4937 1777 5002 ἀσεϐὲς

193 5031 293 5084 τοῦ
340 5033 460 5084 κατ’
503 5029 665 5085 αὑτὸν
713 5030 979 5100 δόγματος
1019 5028 1403 5099 διελέγχουσιν.
1453 5029 1528 5080 Οὐ
1571 5028 1680 5098 γὰρ
1719 5031 1776 5081 tv

191 5121 406 5185 τούτοις
432 5123 609 5193 μόνοις
635 5121 745 5192 (57)
772 5122 800 5172 6
831 5119 1148 5184 Ἀπόστολος
1175 5119 1456 5190 ἀνθίστησι
1476 5118 1574 5189 τὴν
1600 5119 1777 5191 σάρκα

193 5210 277 5282 τῷ
324 5212 613 5283 πνεύματι,
652 5211 916 5276 τουτέστι,
956 5211 1054 5281 τὴν
1085 5209 1327 5281 πονηρὰν
1355 5209 1674 5281 προαίρεσιν
1707 5212 1775 5280 τῇ

1951 4845 2088 4900 Vlll.
2125 4843 2343 4898 Prolata
2381 4842 2564 4913 itaque
2602 4854 2631 4894 a
2669 4839 2829 4895 nobis
2860 4841 2914 4893 in
2946 4837 3181 4893 medium
3212 4836 3458 4906 ejusdem

1881 4939 2046 4996 verba
2089 4937 2290 5008 quibus
2337 4935 2650 5006 Opinionem
2698 4947 2851 4988 suam
2909 4929 3219 4984 confirmari
3269 4936 3455 4997 putat,

1885 5029 2214 5097 impietatem
2252 5025 2522 5095 dogmatis
2561 5023 2632 5076 ab
2681 5023 2800 5092 ipso
2842 5017 3116 5090 praedicati
3157 5017 3335 5089 palam
3370 5032 3449 5072 re-

1883 5121 2178 5190 darguunt.
2208 5117 2396 5188 Neque
2429 5119 2574 5172 enim
2629 5115 2682 5168 in
2720 5115 2868 5168 hisce
2907 5111 3040 5167 solis
3078 5111 3260 5165 verbis
3298 5109 3452 5181 spiri-

1885 5209 1962 5262 tui
2013 5223 2232 5263 carnem
2293 5208 2498 5260 malum
2537 5204 2789 5258 videlicet
2829 5200 3169 5270 propositum
3215 5200 3457 5253 honesta:

276 5328 318 5359 ¹⁶
342 5325 501 5382 Boni.
535 5342 630 5391 vn,
670 5326 761 5380 25.
843 5326 883 5356 “
915 5323 1073 5380 Rom.
1130 5339 1246 5388 vm,
1288 5323 1338 5376 7.
1419 5325 1460 5355 "
1493 5321 1628 5378 Gen.
1663 5337 1745 5386 ιιι,
1776 5321 1798 5374 1
1829 5336 1952 5391 sqq.

270 5443 382 5512 (59.)
420 5441 577 5497 Curr.
609 5460 671 5494 συ
681 5444 890 5513 στῆναι.

1870 5435 2381 5508 ἀντιστρατεύεσθαι
2430 5435 2507 5505 τῷ
2546 5435 2694 5504 νόμῳ
2737 5430 2828 5484 τοῦ
2873 5430 3011 5498 νοός,
3055 5439 3111 5482 ιιι
3172 5426 3330 5483 habet
3391 5423 3454 5477 υ.

418 5513 678 5567 Primzevu
713 5505 873 5566 manu
913 5513 972 5582 in
1006 5511 1128 5566 ναι.
1177 5512 1300 5568 cod.
1353 5511 1631 5573 scribitur,
1677 5509 1771 5561 καὶ
1870 5505 2091 5582 Paulus.

197 5581 796 5666 :avr‘tlatpatedsedat
855 5581 930 5652 τῷ
981 5583 1151 5666 νόμῳ,ζ
1200 5584 1356 5664 Corr.
1396 5595 1588 5666 [autem
1615 5588 1771 5666 vctu's

194 5650 540 5724 einenllavit,
574 5653 666 5706 καὶ
703 5650 1213 5723 ἀντιστρατεύεσοαι
1240 5651 1314 5724 τῷ
1353 5654 1502 5722 νόμῳ
1548 5651 1639 5704 τοῦ
1687 5650 1770 5702 νό-

201 5741 326 5794 μου.
366 5723 495 5776 Vide
544 5731 722 5794 tamen
763 5739 830 5776 an
871 5724 1154 5791 legendum
1211 5723 1300 5786 sit,
1345 5725 1436 5776 καὶ
1484 5724 1759 5794 ἀντιστραι

197 5791 452 5847 τεύεσθαι
483 5794 557 5863 τῷ
590 5793 738 5864 νόμῳ
774 5795 864 5846 τὸν
897 5794 1058 5863 νόμον
1109 5795 1224 5858 νοός
1266 5811 1384 5864 μου,
1433 5791 1516 5843 vel
1567 5793 1767 5858 potius.

1942 5577 2052 5647 (54)
2081 5576 2158 5647 lla
2180 5589 2352 5637 corr.,
2389 5573 2541 5647 prius
2577 5573 2623 5647 εἰ
2658 5572 2771 5647 καί..

1939 5642 2050 5714 (⁷55)
2081 5646 2153 5698 lta
2184 5660 2353 5708 corr.,
2375 5642 2526 5713 prius
2546 5642 2614 5714 τὸ
2646 5644 2808 5698 νοεῖν.

1941 5717 2052 5782 (56)
2085 5716 2156 5769 Ita
2191 5729 2334 5768 corr.
2362 5715 2420 5767 τὸ
2451 5713 2604 5785 πρός.

1941 5787 2052 5858 (57)
2087 5785 2244 5841 Corr.
2283 5785 2464 5854 μόνον.
