4006 6484
554 395 692 451 1159

1786 396 1842 450 S.
1885 391 2214 450 GREGORII
2267 389 2563 446 NYSSENI

3682 376 3811 433 Ηίθ

554 509 845 578 probroque
884 509 1009 563 vitae
1056 509 1282 580 opponit
1308 509 1602 581 Apostolus
1633 529 1648 579 ;
1706 510 1800 565 sed
1833 520 1885 564 et
1916 510 1969 562 in
2002 507 2125 577 Epi-

2240 508 2543 578 ὶστειοτέρᾳ
2572 506 2703 577 ζωῇ,
2738 503 2874 558 ἀλλὰ
2908 503 3002 558 καὶ
3037 502 3173 575 πρὸς
3207 498 3528 572 Κορινθίους
3564 493 3723 581 φησί,
3757 494 3814 547 τδ

552 602 692 653 stola
718 601 785 653 ad
824 600 1142 656 Corinthios
1172 601 1378 657 eisdem
1428 602 1787 673 exprobrans,
1831 600 1975 670 quod
2012 599 2130 653 ani-

554 691 625 743 mi
679 692 1184 759 perturbationibus
1215 693 1661 757 succumberent,
1711 692 1994 753 Carnutes,
2050 691 2129 743 in-

551 782 922 843 quit.estis".
961 781 1217 853 Nunquid
1267 798 1333 838 eo
1385 793 1629 854 tempore
1673 799 1782 853 quo
1834 786 1907 836 ita
1937 781 2132 836 Corin-

553 872 701 927 tl.ios
728 873 1107 943 alloquebatur
1138 874 1435 944 Apostolus
1463 914 1478 938 ,
1524 874 1723 929 mentis
1755 874 2131 944 operationum

553 975 836 1034 compotes
871 980 981 1020 non
1003 972 1158 1020 erant
1187 966 1446 1022 homines
1482 966 1559 1020 illi
1593 964 1894 1020 secundum
1937 963 2135 1033 triper-

555 1057 711 1109 titam
757 1056 1038 1111 hominum
1071 1056 1395 1109 divisionem
1430 1055 1499 1110 ab
1527 1054 1831 1123 Apollinari
1854 1053 2132 1121 excogita-

556 1152 666 1197 tam
696 1144 720 1197 Ἰ
768 1143 862 1199 Vel
891 1144 1071 1215 potius
1094 1160 1159 1199 ex
1194 1143 1489 1199 immodica
1519 1143 1587 1198 ad
1616 1143 1799 1198 carnis
1821 1158 1985 1213 opera
2015 1155 2135 1211 pro-

558 1236 802 1292 clivitate
843 1236 1094 1291 carnales
1116 1251 1147 1290 a
1170 1233 1342 1291 Paulo
1376 1236 1553 1291 vocati
1587 1243 1737 1301 sunt,
1768 1235 2135 1305 appellatione

557 1342 622 1380 ex
657 1341 724 1380 eo
758 1325 908 1395 quod
963 1326 1016 1379 in
1076 1325 1210 1396 ipsis
1263 1325 1576 1380 abundabat
1612 1324 1899 1394 desumpta
1934 1325 1958 1379 ἲ
1992 1322 2137 1378 Sane

559 1427 892 1489 postremam
936 1418 1078 1472 hanc
1114 1417 1260 1474 illius
1292 1417 1427 1473 dicti
1474 1433 1661 1475 veram
1702 1433 1825 1473 esse
1871 1418 2135 1472 rationem

559 1528 681 1579 qua:
738 1527 848 1565 uno
897 1518 1086 1566 tenore
1142 1511 1443 1579 eodemque
1485 1510 1719 1565 consilio
1750 1509 1933 1564 statim
1987 1506 2138 1560 addit

561 1603 884 1673 Apostolus,
993 1601 1294 1657 luculenter
1361 1598 1703 1655 ostendunt:
1774 1598 1907 1655 Cum
1975 1597 2135 1657 enim,

558 1694 759 1763 inquit,
813 1694 881 1747 sit
929 1694 1068 1746 inter
1102 1710 1189 1746 vos
1226 1692 1367 1745 zelus
1398 1700 1448 1745 et
1479 1692 1739 1745 contentio
1762 1732 1776 1756 ,
1814 1705 1982 1744 nonne
2019 1703 2139 1741 car-

2232 596 2478 667 ὲμπαθὲς
2505 597 2688 658 αὐτοῖς
2715 593 3006 658 ὀνειδίζων,
3045 594 3127 645 ὅτι
3156 588 3434 657 Σὰρκινοί
3464 586 3631 639 ἐστε.
3671 578 3814 651 ’Δρα

2232 686 2372 741 κατὰ
2394 686 2484 739 τὸν
2513 685 2698 757 χρόνον
2722 684 2946 747 ἐκεῖνον,
2974 681 3095 735 καθ’
3121 680 3181 734 ὃν
3204 680 3339 751 πρὸς
3371 678 3569 740 αὐτοὺς
3600 676 3630 727 ὁ
3659 673 3813 739 λόγος

2232 778 2481 846 ἐγένετο,
2524 776 2665 830 κατὰ
2709 776 2807 846 τὴν
2861 772 3096 845 τριμερῆ
3135 770 3229 824 τοῦ
3279 767 3659 838 Ἀπολιναρίου
3711 766 3815 818 τῶν

2233 867 2534 940 ἀνθρώπων
2567 866 2757 937 τομὴν,
2794 864 3052 937 άμέτοχοι
3085 862 3185 933 τῆς
3217 859 3360 915 κατὰ
3384 859 3475 913 τὸν
3502 856 3630 911 νοῦν
3666 858 3815 927 ἐνερ-

2232 961 2387 1031 γείας
2414 955 2555 1031 ἦσαν
2596 960 2645 1012 οἰ
2702 957 3005 1028 άνθρωποις
3046 957 3078 1029 ἢ
3103 955 3320 1017 πάντως
3353 952 3417 1006 ἐκ
3448 951 3548 1022 τῆς
3577 950 3817 1020 ἀμέτρου

2234 1052 2369 1124 πρὸς
2401 1052 2499 1123 τὴν
2538 1051 2716 1121 σάρκα
2750 1049 3045 1112 διαθέσεως
3076 1048 3322 1121 σάρκινοι
3355 1046 3510 1116 παρὰ
3547 1042 3647 1096 τοῦ
3675 1043 3819 1097 Παυ-

2234 1144 2327 1197 λου
2367 1140 2905 1215 προσηγορεύθησαν.
2931 1142 2994 1193 ἐκ
3019 1138 3113 1194 τοῦ
3165 1138 3552 1203 πλεονάζοντος
3590 1138 3692 1209 τὴν
3726 1140 3820 1190 ὲπ-

2236 1254 2345 1290 ωνυ
2353 1236 2484 1308 μίαν
2510 1234 2796 1300 λαϐόντες;
2826 1234 2935 1287 Καὶ
2957 1233 3195 1286 δείκνυσι
3224 1232 3313 1285 τὸν
3338 1230 3579 1284 τοιοῦτον
3600 1228 3761 1297 λόγον
3790 1230 3821 1299 ἡ

2239 1326 2549 1399 σύμφρασις
2592 1323 2699 1377 τῶν
2733 1323 3159 1394 γεγραμμένων·
3199 1322 3390 1373 Ὅπου
3414 1316 3526 1387 τὰρ
3547 1321 3621 1373 ἐν
3660 1319 3819 1388 ὑμῖν,

2238 1418 2391 1490 φησι,
2418 1416 2595 1485 ζῆλος
2615 1416 2710 1470 καὶ
2740 1416 2885 1484 ἔρις,
2921 1414 3058 1483 οὐχὶ
3085 1414 3361 1483 σαρκικοί
3387 1412 3501 1483 (58)
3529 1412 3716 1477 ἐστε;
3756 1412 3826 1465 Τὸ

2236 1510 2293 1563 δὲ
2341 1508 2536 1579 ζηλοῦν
2579 1509 2672 1562 καὶ
2712 1506 2914 1579 ἐρίζειν
2951 1508 3049 1578 τῆς
3089 1505 3231 1559 κατά
3261 1506 3352 1558 τὸν
3385 1504 3512 1558 νοῦν
3544 1505 3827 1575 ἐνεργείας

2241 1605 2374 1658 ὲστί.
2406 1603 2487 1657 Τά
2526 1603 2580 1656 δὲ
2614 1601 2820 1671 τούτων
2857 1600 3087 1670 ἐχόμενα
3119 1598 3219 1667 τῆς
3251 1596 3659 1668 λογογραφίας,
3693 1597 3828 1649 άπόο

2239 1695 2405 1762 δειξιν
2432 1694 2594 1766 δῆθεν
2630 1692 2875 1764 περιέχει
2898 1691 2983 1744 διά
3015 1690 3279 1744 πλειόνων
3304 1687 3621 1759 μαρτυριῶν
3649 1686 3746 1740 τοῦ
3770 1690 3830 1739 ἐκ

559 1784 705 1838 nales
739 1784 863 1838 eatis
882 1783 966 1836 “?
989 1782 1176 1838 Zelare
1206 1792 1385 1836 autem
1410 1790 1464 1836 et
1483 1780 1814 1837 contendere
1843 1779 1909 1835 ad
1934 1778 2134 1834 mentis

2240 1787 2405 1860 τριῶν
2425 1786 2736 1842 συνιστάναι
2758 1785 2844 1838 τὸν
2861 1783 3162 1855 ἄνθρωπον,
3183 1782 3289 1835 άπὸ
3312 1780 3510 1851 σαρκός
3538 1797 3602 1832 τε
3617 1782 3714 1834 καὶ
3730 1779 3829 1848 qm-

558 1876 904 1945 operationes
956 1875 1211 1945 pertinet.
1266 1873 1535 1929 Cancrum
1601 1888 1722 1943 quae
1780 1873 1836 1927 in
1902 1871 2134 1926 verbosa

2241 1847 2370 1949 χῆς.
2402 1878 2496 1932 καὶ
2542 1876 2655 1938 νοῦ,
2690 1876 2834 1947 άπερ
2880 1847 3172 1945 οἰδ-πόρρω
3218 1871 3308 1925 τοῦ
3353 1847 3476 1925 an’
3517 1872 3668 1942 ἡμᾶς
3717 1847 3831 1923 ἐστι

558 1968 892 2039 Apollinaris
943 1966 1245 2037 scriptione
1305 1971 1646 2036 sequuntur,
1708 1963 1761 2019 id
1802 1978 1972 2018 unum
2024 1961 2136 2016 fere

560 2077 661 2130 per
701 2057 1011 2116 testimonia
1040 2059 1195 2127 plura
1230 2057 1634 2121 demonstrant,
1660 2070 1723 2111 ex
1758 2055 1956 2119 tribus,
1991 2053 2139 2107 vide-

561 2152 712 2219 licet,
746 2152 907 2207 rebus
952 2158 1207 2204 constare
1256 2148 1552 2213 hominem,
1597 2161 1783 2208 carne,
1838 2145 2020 2199 anima
2058 2150 2139 2196 at-

561 2262 671 2315 que
705 2251 907 2306 mente,
932 2258 1055 2312 qua:
1083 2240 1304 2311 quidem
1336 2256 1366 2293 a
1401 2249 1587 2294 nostra
1616 2236 1884 2293 sententia
1916 2235 2139 2290 minime

562 2337 788 2392 tﬁstant.
848 2333 928 2389 Ex
958 2346 1190 2404 corpore
1236 2347 1471 2401 namque
1517 2341 1571 2385 et
1633 2330 1815 2383 anima
1856 2328 2137 2382 intellectu

563 2427 786 2499 przedita
820 2423 1183 2493 compositum
1230 2437 1354 2477 esse
1403 2421 1679 2474 hominem
1747 2418 1952 2483 dicere,
1996 2418 2137 2473 idem

562 2525 647 2570 est
680 2524 847 2587 atque
869 2514 1159 2586 separatim
1188 2520 1422 2568 mentem
1447 2525 1543 2582 per
1563 2525 1623 2566 se
1643 2510 1816 2565 solam
1843 2524 2141 2565 numeran-

562 2606 654 2669 do,
678 2606 965 2677 tripliciter
979 2621 1101 2676 qua:
1129 2605 1183 2658 in
1207 2604 1426 2659 homine
1444 2601 1861 2658 considerantur
1879 2601 2141 2667 dividere;

562 2694 781 2748 tametsi
822 2693 1024 2749 multas
1063 2693 1177 2747 hate
1218 2690 1473 2761 loquendi
1526 2691 1668 2746 ratio
1726 2691 1998 2747 haereticis
2052 2705 2139 2746 er-

563 2784 721 2839 randi
763 2800 928 2841 ansas
967 2784 1229 2855 praebeat.
1266 2782 1324 2838 Si
1390 2783 1535 2839 enim
1572 2790 1779 2853 partem
1817 2783 2139 2839 rationalem

561 2894 660 2949 per
687 2893 746 2933 se
794 2878 965 2932 solam
1016 2876 1142 2947 quis
1188 2875 1609 2940 enumeraverit,
1646 2874 1810 2928 aliam
1841 2873 2139 2933 irascibilis

2238 1969 2417 2039 λόγου.
2448 1968 2623 2021 Ταὺτὸ
2643 1967 2747 2038 γάρ
2777 1969 2923 2021 ἐστιν
2955 1965 3019 2018 ἐκ
3039 1965 3229 2035 νοερᾶς
3260 1962 3436 2033 ψυχῆς
3452 1962 3547 2015 κα)⁵
3575 1961 3831 2031 σώματος

2238 2060 2330 2115 τὸν
2354 2060 2638 2132 ἄνθρωπον
2654 2058 2851 2127 λέγειν,
2880 2057 2973 2111 καὶ
3002 2054 3307 2119 ἰδιαζόντως
3322 2053 3411 2106 τὸν
3440 2052 3565 2106 νοῦν
3592 2053 3679 2122 ἐφ’
3709 2054 3831 2105 ἑαυ-

2240 2151 2334 2206 τοῦ
2353 2151 2753 2223 ἀριθμήσαντα,
2767 2148 2925 2219 τριχῆ
2950 2146 3141 2199 διελεῖν
3161 2146 3260 2215 τὴν
3277 2144 3405 2215 περί
3421 2144 3512 2196 τὸν
3540 2143 3831 2213 ἄνθρωπον

2241 2242 2475 2314 θεωρίαν
2494 2259 2511 2275 ’
2539 2242 2587 2295 εἰ
2612 2241 2707 2294 καὶ
2738 2241 2820 2294 ὅτι
2854 2236 3053 2302 πολλὰς
3084 2237 3199 2300 τοῖς
3227 2236 3524 2307 αἰρετικοίς
3558 2234 3782 2288 δίδωσιν
3804 2236 3830 2285 ὁ

2239 2335 2395 2403 λόγος
2433 2334 2492 2387 ἐν
2528 2331 2704 2401 τούτῳ
2735 2330 2923 2393 λαϐάς.
2970 2327 3203 2382 Δύναται
3241 2328 3370 2397 γὰρ,
3406 2328 3454 2379 εἰ
3483 2326 3545 2379 τὸ
3578 2325 3832 2395 νοητικδν

2241 2425 2326 2496 ἐφ’
2361 2424 2555 2480 ἑαυτοῦ
2588 2441 2673 2487 τις
2701 2421 2962 2494 ἀριθμοίη
2983 2464 2996 2485 ,
3031 2419 3224 2492 ἑτέραν
3249 2420 3342 2474 τοῦ
3388 2418 3712 2490 θυμοειδοῦς
3737 2418 3831 2487 τὴν

2242 2515 2590 2588 περιγραφὴν
2617 2515 2819 2583 λέγειν,
2846 2514 2941 2567 καὶ
2964 2511 3058 2566 τοῦ
3088 2509 3487 2582 ἐπιθυμητικοῦ
3522 2509 3692 2563 πάλιν
3720 2509 3832 2562 έτέο

2246 2626 2366 2680 ραν.
2404 2610 2564 2673 Ἴσως
2601 2608 2644 2662 δ’
2692 2606 2758 2662 ἄν
2790 2624 2873 2669 τις
2919 2606 3013 2659 κα)⁸
3052 2605 3120 2658 τὰ
3162 2602 3327 2656 λοιπὰ
3374 2603 3475 2672 τῆς
3522 2600 3712 2671 ψυχῆς
3746 2618 3827 2653 κι-

2245 2701 2463 2771 νήματα
2505 2698 2648 2753 κατά
2692 2697 2783 2751 τὸν
2828 2696 2987 2765 λόγον
3025 2692 3517 2765 ἐξαριθμούμενος,
3572 2690 3835 2759 πολυσχι-

2244 2791 2313 2861 δῆ
2350 2790 2465 2861 (59)
2502 2807 2628 2843 τινα
2667 2790 2762 2843 καὶ
2804 2786 3194 2842 πολυσύνθετον
3231 2784 3352 2839 ἀντὶ
3391 2782 3487 2836 τοῦ
3534 2781 3836 2853 τριμεροῦς

2243 2878 2515 2945 ἀποδείξει
2543 2879 2633 2935 τὸν
2657 2878 2967 2950 ἄνθρωπον.

564 2976 774 3041 partem
829 2983 860 3022 a
915 2968 1130 3023 caeteris
1177 2972 1514 3035 segregatam
1576 2979 1829 3020 asserere
1904 2968 2149 3037 poterit,
2224 2978 2280 3025 et
2321 2971 2769 3042 concupiscibilis
2826 2984 3021 3025 rursus
3062 2969 3244 3034 altam,
3293 2973 3349 3023 et
3400 2964 3638 3022 fortasse
3720 2980 3837 3019 non

562 3076 727 3118 neruo
780 3060 1020 3130 reliquos
1069 3059 1234 3115 etiam
1282 3057 1453 3111 animi
1500 3066 1683 3113 motus
1716 3057 1933 3115 ratione
1981 3059 2362 3129 dinumerans,
2402 3062 2677 3118 hominem
2711 3078 2821 3117 non
2858 3061 3053 3127 tribus,
3100 3061 3195 3116 sed
3231 3057 3635 3131 quodammodo
3672 3058 3841 3129 longe

564 3155 816 3226 pluribus
843 3151 1208 3222 compositum
1245 3150 1491 3220 partibus
1520 3156 1575 3204 et
1621 3149 1676 3203 in
1706 3149 1908 3205 multas
1941 3151 2145 3220 pariter
2182 3164 2367 3224 partes
2412 3154 2712 3211 dissectum
2745 3152 3070 3208 ostenderit.

633 3248 759 3348 lx.‘
776 3245 882 3303 Sed
922 3246 1038 3301 haec
1084 3245 1254 3300 missa
1299 3243 1607 3308 faciamus,
1657 3258 1727 3298 ne
1781 3244 2013 3315 singulis
2049 3245 2139 3300 im-

2336 3248 2477 3303 Ἀλλ’
2508 3247 2689 3303 ὲάσθω
2718 3247 2920 3313 ταῦτα,
2955 3246 3031 3310 ὡς
3073 3244 3141 3299 ἂν
3190 3246 3266 3317 μὴ
3292 3246 3406 3309 τοῖς
3436 3243 3559 3298 καθ’
3597 3243 3837 3298 ἕκαστον

566 3335 846 3397 morantes
893 3338 949 3393 in
1020 3337 1242 3407 longum
1298 3337 1420 3406 plus
1476 3350 1635 3406 aquo
1704 3335 2137 3393 confutationem

564 3445 807 3489 nostram
848 3428 1242 3495 extendamus;
1287 3428 1354 3483 ad
1405 3428 1664 3483 ulteriora
1698 3436 1881 3484 autem
1916 3444 2142 3501 progre-

565 3523 804 3576 diamur.
839 3517 977 3572 Dum
1024 3517 1172 3571 enim
1228 3516 1463 3586 triplicis
1500 3524 1734 3580 natura},
1778 3519 1865 3571 vel
1898 3518 2143 3588 triperti-

566 3623 710 3675 tam,
743 3610 828 3666 vel
861 3622 1192 3679 quocunque
1234 3606 1344 3662 alio
1390 3606 1514 3677 quis
1556 3622 1872 3678 nuncupare
1911 3609 2144 3665 voluerit

566 3703 810 3769 nomine,
846 3699 1087 3756 hominis
1139 3698 1585 3770 compositionem
1612 3700 1859 3770 pluribus
1897 3711 2143 3759 astruere

567 3804 821 3861 conatur,
853 3790 1209 3864 quarumdam
1261 3792 1424 3846 etiam
1471 3792 1821 3862 synodalium
1870 3793 2145 3849 deﬁnitio-

567 3900 697 3939 num
734 3882 1066 3938 mentionem
1093 3879 1247 3944 facit,
1292 3893 1479 3935 earum
1526 3895 1723 3950 nempe
1760 3884 2093 3953 synodorum
2120 3923 2137 3950 ,

565 3989 687 4045 qua:
738 3972 1000 4028 adversus
1033 3969 1260 4024 Paulum
1307 3967 1723 4027 Samosatenum
1751 3973 1988 4028 collectae
2019 3971 2141 4029 fue-

564 4074 712 4131 runt,
771 4066 829 4120 in
861 4077 1096 4134 quarum
1147 4077 1256 4116 una
1287 4062 1511 4128 dicitur,
1568 4062 1617 4116 E
1647 4063 1774 4118 caelo
1830 4063 2004 4119 Deum
2059 4065 2146 4133 fa-

564 4167 707 4213 etum
756 4156 920 4225 fuisse
946 4153 1260 4218 Christum;
1324 4155 1453 4207 item
1505 4152 1731 4210 alterius
1786 4154 1911 4210 ﬁdei
1952 4154 2146 4210 deﬁni-

2239 3340 2543 3408 ἐπεξιόντες
2580 3342 2659 3404 εἰς
2690 3338 2957 3410 ἀμετρίαν
2992 3336 3316 3408 ὲκτείνωμεν
3360 3337 3459 3408 τὴν
3485 3338 3837 3409 ἀντίρρησιν,

2241 3433 2378 3507 πρὸς
2426 3432 2484 3487 δὲ
2546 3434 2616 3487 τὰ
2685 3430 2883 3501 ἐφεξῆς
2930 3428 3023 3483 τοῦ
3083 3429 3241 3497 λόγου
3282 3429 3579 3500 προΐωμεν.
3645 3432 3833 3484 Κατα-

2243 3523 2515 3587 σκευάσας
2536 3523 2645 3595 γὰρ
2674 3522 2762 3577 διὰ
2790 3520 3001 3575 πολλῶν
3026 3520 3086 3575 τὸ
3117 3520 3373 3592 τριφυὲς,
3408 3521 3448 3591 ἢ
3473 3521 3760 3593 τριμερὲς,
3795 3522 3827 3592 ἦ

2240 3615 2389 3676 ὅπως
2404 3614 2470 3669 ἂν
2490 3614 2649 3687 ἐθέλῃ
2671 3631 2755 3678 τις
2770 3612 3056 3684 ὀνομάζειν
3073 3612 3133 3665 τὸ
3157 3611 3493 3683 ἀνθρώπινον
3521 3612 3826 3683 σύγκριμα,

2246 3702 2518 3775 μέμνηταί
2545 3719 2708 3757 τινων
2734 3702 2827 3755 καὶ
2859 3700 3142 3773 δογμάτων
3177 3700 3467 3754 συνοδικῶν
3492 3700 3607 3773 (60)
3638 3702 3749 3755 τῶν
3770 3720 3827 3755 τε

2242 3794 2386 3851 κατὰ
2424 3794 2638 3849 Παύλου
2685 3794 2779 3846 τοῦ
2831 3793 3205 3864 Σαμωσατέως
3246 3792 3696 3863 συνειλεγμένων,
3742 3794 3828 3846 λέ·

2244 3902 2432 3954 γοντος
2463 3885 2600 3957 (61),
2627 3885 2697 3951 ἐξ
2718 3884 2977 3954 οὐρανοῦ
3004 3882 3561 3942 ἀποτεθεῶσθαιτὸν
3576 3886 3823 3953 Κύριον·

2246 3975 2459 4032 καὶτοῦ
2502 3977 2642 4031 κατὰ
2676 3977 2908 4030 Νίκαιαν
2946 3975 3391 4046 ἐκφωνηθέντος,
3424 3971 3485 4030 οὗ
3531 3978 3634 4039 τὴν
3669 3978 3828 4048 ῥῆσιν

2247 4069 2340 4123 ἐπὶ
2365 4069 2561 4136 λέξεως
2584 4069 2771 4122 τοῦτον
2798 4069 2887 4122 τὸν
2911 4069 3107 4139 τρόπον
3129 4068 3423 4139 εἰρημένην
3446 4067 3825 4139 παρέθετο,τδ,

2258 4164 2361 4227 Ἐξ
2386 4161 2643 4233 οὐρανοῦ
2668 4162 3027 4227 καταϐάντα,
3045 4162 3145 4216 καί
3169 4160 3549 4229 σαρκωθῶτα
3576 4160 3709 4233 (62),
3727 4162 3827 4215 καί

565 4249 733 4303 tionis
806 4246 947 4316 apud
992 4244 1226 4299 Nicaeam
1288 4243 1664 4315 promulgatae,
1725 4244 1883 4311 cujus
1936 4246 2142 4301 dictum

562 4338 717 4392 hisce
766 4334 990 4391 disertis
1029 4334 1214 4390 verbis
1278 4342 1608 4404 conceptum
1647 4334 1865 4405 allegat,
1916 4335 2021 4403 Qui
2080 4335 2146 4391 dc

566 4429 696 4484 caelo
737 4426 1027 4491 descendit,
1062 4436 1111 4480 et
1142 4429 1451 4481 incarnatus
1503 4435 1597 4494 est,
1670 4438 1722 4483 et
1763 4428 1917 4485 homo
1969 4430 2139 4499 factus

2247 4435 2552 4506 άπογυμνοῖ
2591 4434 2685 4489 τοῦ
2726 4434 2858 4488 ἰδίου
2907 4434 3243 4505 βουλήματος
3293 4433 3390 4504 τὴν
3425 4431 3687 4502 διάνοιαν,
3734 4437 3825 4490 καί

562 4531 662 4577 est.
697 4520 765 4574 Et
797 4520 887 4583 ubi
931 4519 1048 4574 haec
1080 4517 1238 4583 dixit,
1286 4518 1445 4589 quasi
1472 4520 1584 4588 jam
1615 4527 1775 4576 antea
1814 4521 2139 4578 astruxisset

2248 4543 2432 4599 φησιν,
2465 4526 2630 4581 οἰοινεί¹
2670 4526 3031 4596 προσοικειίίΝ
3062 4527 3172 4588 τοῖς
3200 4524 3696 4596 ἀποδεδειγμένοις,
3738 4528 3825 4582 οὖ·-

562 4628 686 4683 ιιιιεε
723 4625 851 4666 mox
883 4610 1134 4666 dicturus
1162 4616 1302 4676 erat,
1338 4611 1602 4681 propositi
1648 4610 1735 4667 sui
1764 4626 1987 4669 sensum
2032 4614 2137 4669 hoc

2242 4592 2351 4681 τως
2377 4616 2519 4671 κατὰ
2551 4616 2661 4687 (65)
2690 4592 2789 4689 την
2814 4615 2975 4681 λέξιν*
3038 4616 3107 4670 Τὸ
3146 4615 3222 4683 δὴ
3250 4592 3510 4685 Πνεῦμα,
3548 4618 3823 4671 τουτέστι

561 4715 723 4777 pacto
777 4702 974 4773 aperit,
1015 4710 1071 4757 et
1112 4701 1281 4757 veluti
1334 4701 1725 4759 demonstratis
1784 4703 1898 4774 jam
1971 4706 2137 4764 rebus

2241 4711 2351 4765 τὸν
2377 4708 2546 4777 γοῦν,
2589 4709 2739 4764 Θεὸν
2764 4709 2922 4778 ἔχων
2956 4710 2988 4761 ὁ
3023 4706 3275 4775 Χριστὸς
3301 4709 3451 4778 μετὰ
3481 4707 3695 4776 ψυχῆς
3727 4712 3816 4762 καί

563 4794 852 4866 sequentia
884 4792 1331 4858 accommodans,
1371 4792 1486 4848 haec
1509 4793 1577 4848 ad
1603 4793 1828 4849 verbum
1861 4798 1975 4852 ait:
2013 4797 2136 4867 Spi-

2241 4801 2533 4872 σώματος,
2566 4802 2805 4866 εἰκότως
2844 4799 3154 4866 ἅνθρωπος
3181 4798 3248 4863 ἐξ
3274 4798 3532 4867 οὐρανοῦ
3563 4799 3815 4868 λέγεται.

562 4889 728 4943 ritum
765 4902 923 4953 sane,
970 4885 1067 4940 ltoc
1116 4893 1224 4949 est,
1247 4892 1470 4938 mentem
1519 4883 1691 4939 Deum
1742 4886 1937 4942 habent
1980 4887 2136 4943 Chri-

2241 4889 2307 4945 Τί
2341 4888 2516 4946 κοινὸν
2540 4888 2651 4961 ἔχει
2680 4890 2748 4944 τὰ
2779 4887 3045 4960 εἰρημένα
3082 4887 3217 4959 πρὸς
3245 4887 3314 4941 τά
3338 4886 3684 4960 προάγοντα;
3719 4887 3813 4941 ποῦ

2243 4251 2810 4323 ἐνανθρωπήσαντα.
2855 4253 2965 4306 Καὶ
3008 4250 3181 4305 ταῦτα
3218 4248 3407 4313 εἰπὼν,
3434 4250 3510 4313 ὡς
3546 4266 3827 4323 προκατα-

2248 4344 2521 4407 σκευάσας
2564 4344 2657 4397 τὸν
2714 4343 2973 4414 μέλλοντα
3032 4340 3363 4414 ῥηθήσεσθαι
3415 4341 3595 4411 λόγον,
3652 4344 3827 4406 οὕτως

633 5050 724 5105 ³³1
774 5048 907 5107 Cor.
941 5065 1029 5118 Ill,
1057 5051 1113 5105 2.
1191 5048 1235 5081 "
1257 5047 1388 5104 ibid.
1420 5048 1474 5103 5.

632 5188 743 5257 (58)
776 5188 932 5259 Carr.
962 5189 1223 5259 σάρκινοι.

2240 5191 2474 5259 gendum
2511 5191 2600 5247 hic
2634 5200 2719 5247 est
2746 5189 3033 5259 λεγόντων,
3065 5189 3149 5245 vel
3186 5203 3289 5243 vox
3320 5188 3569 5257 λέγοντος
3614 5202 3723 5241 non
3749 5187 3807 5240 ad

632 5205 743 5257 too)
776 5205 932 5243 corr.
962 5205 1223 5259 σαρκινοι.
2309 5205 2474 5246 unum
2511 5205 2600 5247 me
2634 5205 2719 5247 est
2747 5205 3033 5259 Αεγοντων,
3065 5205 3149 5245 vel
3186 5205 3289 5243 vox
3321 5205 3569 5257 Αεγοντος
3614 5205 3723 5241 non
3749 5205 3806 5240 an

631 5258 746 5330 (ἔξω
775 5257 851 5330 l_ta
880 5274 1048 5323 corr.,
1082 5267 1241 5330 antea
1267 5259 1621 5330 πολυσχεδῆ.-
1712 5329 1719 5330 ί
1886 5328 1912 5330 ψ
2237 5205 2467 5316 ﬁgulum
2496 5260 2914 5317 Samosatenum
2940 5302 2955 5327 ,
2989 5259 3085 5315 sed
3122 5258 3189 5330 ad
3221 5265 3550 5330 postremam
3570 5258 3806 5330 fortasse

631 5328 745 5397 (60)
777 5328 987 5411 l’lurcs‘
1010 5329 1249 5411 synodos
1283 5327 1567 5411 adversus
1594 5328 1821 5411 Paulum
1872 5328 2138 5411 .Samosa-
2238 5331 2941 5411 synodicarum_adversns
2987 5327 3237 5411 eumdem
3277 5327 3503 5411 faulurn
3550 5327 3804 5411 deﬁnitio-

562 5408 749 5454 tennm
777 5397 1078 5453 Antiochia:
1126 5399 1341 5454 habitas
1394 5398 1565 5455 fuisse
1597 5406 1831 5454 testatur
1871 5398 2138 5453 Eusebius
2239 5397 2391 5465 n'um,
2432 5403 2594 5466 cuius
2628 5401 2894 5457 Eusebius
2927 5399 3195 5462 meminit,
3220 5397 3504 5453 referenda
3541 5407 3650 5452 est.

561 5470 755 5541 libat/lt
778 5466 923 5541 first.
949 5468 1075 5541 erat.
1104 5470 1325 5538 cap.18
1349 5477 1403 5524 et
1438 5470 1523 5541 l9.
1574 5540 1579 5541 ί
2084 5538 2095 5541 _
2310 5464 2423 5540 (62)
2475 5464 2753 5528 Nicaenum
2807 5471 3116 5541 symbolum
3177 5468 3339 5541 habet
3381 5468 3557 5541 solum
3596 5467 3686 5521 διὰ
3719 5464 3805 5537 dp

633 5537 746 5607 (6i)
776 5536 980 5613 Paulus
1026 5536 1418 5613 Samosatenus
1455 5539 1733 5613 Christum
1762 5553 1883 5613 non
1920 5553 1950 5591 e
1995 5538 2137 5613 cado

2240 5536 2512 5613 ἡμετέραν
2544 5541 2818 5613 σωτηρίαν
2840 5536 3166 5613 Ξιατελθόντα
3186 5538 3280 5591 καὶ
3304 5537 3685 5613 σαρωθέν-τα,
3704 5536 3803 5613 tant

562 5606 945 5673 descendisse,
974 5616 1029 5663 et
1059 5616 1118 5663 ut
1148 5618 1375 5682 caeteros
1404 5609 1683 5682 homines,
1709 5606 1971 5682 κάτωθεν,
2033 5608 2137 5661 hoc
2240 5606 2383 5682 apud
2416 5606 2738 5678 Socratem,
2775 5626 2938 5682 quam
2973 5611 3030 5666 in
3067 5609 3190 5664 cod.
3237 5606 3510 5663 canonum
3556 5606 3807 5662 Ecclesia

561 5686 668 5746 est,
709 5693 739 5731 e
775 5686 928 5746 terra
956 5687 1137 5732 ortum
1170 5679 1393 5733 duxisse
1437 5677 1763 5740 afﬁrmabat,
1817 5685 1874 5746 ut
1917 5678 1971 5731 in
2007 5692 2137 5746 syn-
2237 5677 2525 5738 A'fricanaa.

566 5745 737 5826 odiem
758 5745 1081 5826 Antiocheni
1102 5747 1655 5826 conciliilragntcntis
1674 5748 1815 5826 apud
1843 5744 2134 5826 Eusebium

2310 5753 2419 5824 (65)
2445 5752 2598 5810 Corr.
2642 5749 3237 5826 προαποδεδειγμένοις,
3259 5749 3405 5813 ὅπως
3428 5746 3497 5803 τὰ
3527 5744 3692 5801 κατά.

568 5816 667 5870 lib.
699 5832 775 5871 vn
838 5815 985 5870 Hist.
1014 5818 1141 5873 eccl.
1183 5835 1233 5874 υ.
1281 5815 1659 5890 19,1egimus.
1711 5818 1889 5884 Quare
1926 5817 2007 5874 vel
2059 5819 2132 5874 ιο·
2182 5830 2183 5833 ‘
