4006 6484
252 330 385 387 ΜΗ

1412 335 1781 393 ADVEllSUS
1814 332 2333 391 APOLLINAREM.

3367 327 3505 382 11.ίῖ-

252 452 407 505 τοῦτο
439 452 473 522 ἠ
517 452 656 506 κατὰ
680 450 775 507 τοῦ
813 453 1189 525 Σαμωσατέως
1220 456 1539 527 ἐδογμάτισε
1572 457 1821 519 σὺνοδος;

1943 465 2039 508 stus
2086 472 2192 508 una
2247 471 2367 508 cum
2400 454 2579 508 anima
2612 460 2661 507 et
2702 465 2935 519 corpore,
2958 448 3083 520 jure
3131 450 3316 501 merito
3348 447 3503 502 homo

266 543 406 596 Ἀλλ’
438 542 511 595 ἐῶ
539 543 651 614 (64)
678 543 746 597 τὰ
789 544 889 613 τῆς
922 544 1147 615 γνώμης
1179 546 1338 616 ἡμῶν
1370 546 1732 618 πρεσϐύτερα.
1765 548 1830 600 Τί

252 632 505 687 τοιοῦτον
532 634 592 685 ἐν
622 636 733 698 τοῖς
763 634 905 688 κατὰ
935 636 1168 688 Νίκαιαν
1205 637 1467 706 δόγμασιν
1505 637 1694 703 ἔδειξε,
1722 638 1833 691 Τὸν

254 722 592 776 καταϐάντα
625 723 694 775 ἐκ
735 721 854 775 τῶν
891 724 1182 791 οὐρανῶν,
1214 726 1246 794 ὴ
1293 724 1474 786 πίστις
1510 724 1706 792 λέγειν,
1734 724 1832 777 καὶ

256 810 670 879 σαρκωθὼοτα,
701 813 776 875 ὡς
810 812 885 883 μὴ
920 812 1025 884 πρὸ
1065 813 1164 883 τῆς
1198 813 1423 867 καθόδου
1464 813 1701 867 νοεῖσθαι
1733 813 1833 885 τὴν

261 901 458 973 σάρκα,
484 902 621 956 ἀλλὰ
665 901 999 973 δευτερεύειν
1049 904 1186 973 μετὰ
1224 903 1322 975 τὴν
1356 904 1615 969 κάθοδον;
1664 904 1835 958 Τοῦτο

259 991 412 1061 παρὰ
438 994 656 1046 πάντων
689 994 746 1046 ἐν
792 993 1139 1064 Ἐκκλησίαις
1183 993 1535 1065 κηρύσσεται,
1569 995 1661 1048 τὸν
1703 1012 1835 1065 σαρ-

260 1080 501 1135 κωθέντα
528 1084 621 1136 καὶ
652 1082 1145 1156 ἐνανθρωπήσαντα
1165 1124 1181 1149 ,
1229 1087 1322 1139 καὶ
1347 1078 1502 1149 οὗτος
1530 1087 1797 1157 ἡμέτερος
1816 1125 1832 1151 ,

263 1172 463 1241 μᾶλλον
490 1172 544 1225 δὲ
564 1174 661 1244 τῆς
699 1173 1024 1246 Ἐκκλησίας
1051 1178 1079 1229 6
1107 1175 1282 1245 λόγος.
1312 1176 1422 1231 Ποῦ
1448 1178 1627 1233 τοίνυν
1648 1180 1707 1231 ἐν
1725 1182 1835 1242 τοῖς

260 1261 570 1332 εἰρημένοις
602 1263 768 1328 ἐστὶν,
804 1264 886 1318 ὅτι
911 1266 973 1319 τὸ
1004 1266 1229 1338 Πνεῦμα
1250 1307 1265 1330 ,
1287 1268 1531 1322 τουτέστι
1568 1269 1661 1322 τὸν
1686 1268 1830 1335 νοῦν,

261 1357 393 1409 Θεὸν
422 1356 559 1426 έχων
587 1359 616 1411 6
644 1358 875 1427 Χριστὸς
907 1358 1269 1431 μετὰιψυχῆς,
1304 1360 1397 1413 καὶ
1421 1359 1533 1430 (65)
1562 1359 1833 1429 σώματος,

262 1447 320 1513 ἐξ
374 1448 602 1518 οὐρανοῦ
648 1448 932 1520 ἄνθρωπος
976 1450 1227 1519 λέγεται;
1272 1448 1397 1504 Εἴτε
1442 1450 1550 1520 γὰρ
1599 1451 1691 1503 ἐπὶ
1736 1451 1837 1520 τῆς

261 1537 458 1602 λέξεως
495 1538 654 1609 ψιλῆς
688 1538 958 1604 ἐξετάζοις
983 1540 1075 1592 τὸν
1112 1538 1289 1608 λόγον,
1315 1543 1426 1595 εἴτε
1472 1540 1568 1594 καὶ
1591 1542 1687 1611 τὴν
1728 1540 1836 1593 τῶν

261 1629 567 1700 εἰρημένων
609 1630 843 1683 διάνοιαν
863 1671 878 1694 ,
911 1632 967 1684 ἐν
998 1631 1267 1702 οὐθετέρῳ
1314 1633 1374 1686 τὸ
1404 1633 1565 1704 ῥηθὲν
1609 1632 1835 1704 εὑρεθή-

263 1737 437 1773 σεται.
477 1720 541 1774 Ἦ
569 1720 669 1791 μὲν
696 1720 803 1792 γὰρ
831 1721 974 1803 λέξις
1012 1722 1262 1776 τοσοῦτον
1289 1724 1483 1794 ἀπέχει
1510 1724 1610 1795 τῆς
1642 1726 1837 1790 λέξεως

1931 562 1959 598 e
2000 546 2125 600 ccelo
2160 550 2361 600 veniens
2410 545 2627 599 dicitur.
2658 542 2799 609 Quid
2830 542 2945 597 hac
3000 540 3147 595 dicta
3188 554 3313 594 cum
3365 553 3505 607 prte-

1933 637 2249 692 cedentibus
2292 652 2582 692 commune
2644 634 2896 689 habent?
2938 630 3170 687 Ubinam
3224 630 3331 686 hoc
3375 645 3508 684 cono

1935 736 2151 798 gregata
2193 727 2454 783 adversus
2492 725 2909 781 Samosatenum
2949 722 3192 792 synodus
3222 721 3510 775 deﬁnivit?

1936 816 2039 872 Sed
2089 832 2211 887 qua:
2264 819 2412 872 circa
2463 827 2705 872 nostrum
2739 814 2934 883 dogma
2988 809 3289 866 vetustiora
3345 820 3505 873 sunt,

1936 910 2275 964 omittamus.
2338 907 2609 975 Quidnam
2644 905 2749 961 tale
2775 906 2940 959 verba
2972 902 3096 968 illa,
3131 901 3235 966 Qui
3278 899 3342 954 de
3372 900 3506 954 σαιο

1933 1002 2222 1067 descendit,
2267 1010 2317 1056 et
2364 1002 2670 1055 incarnatus
2700 1007 2808 1063 est,
2844 997 2900 1050 in
2929 994 3132 1049 Nicazni
3166 992 3384 1048 concilii
3411 992 3509 1046 do-

1936 1090 2208 1161 gmatibus
2264 1080 2574 1161 signﬂlcare
2629 1086 2767 1143 ﬁdes
2794 1083 3067 1150 ostendit,
3120 1082 3228 1138 nisi
3268 1082 3413 1152 quod
3452 1090 3511 1135 ut

1936 1194 2046 1235 non
2082 1188 2208 1235 ante
2241 1176 2363 1233 Filii
2395 1194 2426 1234 e
2450 1179 2591 1233 coelo
2611 1177 2935 1233 descensum
2958 1188 3179 1229 carnem
3208 1172 3510 1231 exstitisse.

1937 1271 2031 1326 sed
2088 1272 2449 1340 posteriorem
2502 1268 2693 1325 eodem
2723 1268 2994 1323 descensu
3045 1279 3171 1321 esse
3234 1261 3513 1341 intelliga-

1937 1364 2100 1417 mus?
2127 1362 2242 1418 lloc
2301 1362 2357 1417 in
2398 1360 2661 1417 Ecclesiis
2718 1359 2789 1414 ab
2830 1357 3087 1412 omnibus
3142 1355 3512 1425 praedicatur,

1938 1453 2278 1507 incarnatum
2308 1467 2501 1521 nempe
2530 1460 2583 1507 et
2614 1449 2890 1504 hominem
2915 1446 3119 1502 factum
3154 1444 3325 1501 fuisse
3353 1445 3516 1499 Chri-

1938 1555 2111 1611 stum;
2154 1553 2209 1599 et
2259 1544 2348 1598 hic
2398 1551 2608 1605 noster,
2666 1542 2778 1596 imo
2835 1540 3017 1611 potius
3043 1538 3303 1593 Ecclesia:
3335 1552 3516 1592 sermo

1937 1644 2039 1690 est.
2104 1633 2330 1689 Ubinam
2393 1634 2560 1703 igitur
2633 1631 2688 1686 in
2768 1630 2934 1686 dictis
3015 1628 3239 1685 concilii
3311 1625 3517 1681 Nicaeni

1940 1726 2283 1796 dogmatibus
2320 1726 2609 1795 reperitur,
2667 1722 2917 1793 spiritum
2941 1760 2957 1785 ,
2992 1721 3096 1775 hoc
3124 1728 3230 1785 est,
3278 1726 3516 1773 mentem

261 1811 384 1865 καθ’
414 1813 538 1866 ὅσον
568 1788 861 1883 όιπέχουσι,
890 1813 1178 1884 ψαλμικῶς
1207 1788 1836 1878 είπεῖνΐὰνατολαὶ-ἀπὸ

1949 1816 2142 1880 Deum,
2204 1831 2311 1870 una
2348 1830 2471 1869 cum
2547 1813 2729 1868 anima
2809 1819 2863 1868 et
2935 1825 3168 1881 corpore
3227 1808 3517 1864 habentem

258 1901 500 1970 δυσμῶν*
534 1904 566 1973 ἠ
602 1903 657 1956 δὲ
689 1904 897 1958 διάνοια
923 1904 1030 1958 τῶν
1064 1906 1365 1977 εἰρημένων
1407 1906 1459 1959 τί
1492 1908 1668 1963 κοινὸν
1702 1909 1840 1979 πρὸς

259 1992 330 2045 τὰ
355 1993 422 2046 δι’
449 1994 663 2065 ἐκείνης
689 1995 991 2067 δηλούμενα
1028 1997 1298 2063 δείκνυσι;
1338 1999 1505 2068 Φησὶν
1536 1992 1690 2064 οὗτος
1709 2042 1722 2064 ,
1750 2001 1843 2053 τὸν

262 2085 617 2155 σαρκωθέντα
647 2090 712 2158 τῇ
753 2088 1060 2160 ἀνθρωπίνῃ
1101 2090 1265 2160 σαρκὶ
1302 2092 1534 2161 Χριστὸν
1572 2095 1630 2146 ἐν
1664 2092 1843 2163 ἐαυτῷ

258 2176 413 2240 θεὸν,
442 2176 503 2229 τὸ
544 2178 786 2249 πνεῦμα,
812 2180 1058 2233 τουτέστι
1085 2181 1174 2236 τὸν
1208 2182 1352 2247 νοῦν,
1385 2183 1528 2254 ἔχειν
1554 2201 1568 2215 ·
1608 2185 1756 2253 λέγει
1784 2186 1843 2239 δὲ

259 2267 415 2321 τοῦτο
437 2270 466 2323 ό
494 2270 730 2355 κελεύων
758 2272 940 2327 ἔνθεον
961 2274 1072 2343 (66)
1103 2276 1390 2348 ἄνθρωπον
1429 2276 1503 2348 μὴ
1531 2278 1708 2346 λέγειν
1751 2278 1843 2332 τὸν

261 2360 515 2431 Χριστὸν,
547 2361 680 2414 Θεὸν
719 2362 908 2434 ἔχοντα
933 2367 989 2419 ἐν
1014 2367 1225 2438 ἐαυτῷ,
1264 2368 1340 2431 ὠς
1368 2368 1525 2423 ἄλλον
1572 2372 1631 2422 ἐν
1673 2370 1839 2441 ἄλλῳ,

259 2450 421 2513 αὑτὸς
442 2450 548 2519 πρὸ
571 2451 677 2504 τῶν
703 2452 876 2505 ἄλλων
895 2454 1055 2509 τοῦτο
1086 2458 1525 2523 κατασκευάζων.
1571 2460 1635 2513 Ἠ
1659 2460 1715 2513 δὲ
1745 2460 1843 2530 τῆς

264 2540 480 2593 συνόδου
513 2542 684 2613 φωνὴ,
743 2545 853 2597 Τὸν
884 2545 953 2609 ἐξ
991 2546 1252 2615 οὐρανοῦ
1282 2547 1637 2614 καταϐάντα,
1670 2548 1839 2618 λέγει.

262 2630 469 2688 Νοείτω
498 2635 595 2705 μὲν
619 2630 713 2689 οὖν
736 2637 766 2689 ὀ
788 2636 953 2700 πολὺς
985 2639 1080 2691 καὶ
1102 2639 1357 2711 ἀκέραιος
1387 2641 1487 2712 τὴν
1516 2643 1581 2695 ἐκ
1619 2642 1726 2696 τῶν
1755 2644 1845 2696 οὑ-

264 2724 444 2793 ρανῶν
467 2725 601 2797 πρὸς
625 2727 772 2797 ἡμᾶς
804 2728 1047 2783 κάθοδοψ
1075 2730 1227 2785 οὐδὲν
1248 2731 1356 2802 γὰρ
1381 2733 1517 2802 πρὸς
1542 2732 1639 2805 τὴν
1666 2734 1845 2788 τοιαύ-

262 2831 362 2885 την
392 2815 659 2887 ὑπόληψιν
686 2817 1016 2889 διοισόμεθα,
1039 2820 1142 2874 κᾶν
1175 2821 1510 2894 ὑψηλοτέραν
1542 2828 1570 2878 6
1598 2824 1722 2888 νοῦς
1747 2827 1846 2896 ἐμ-

265 2906 429 2976 φαίνῃ
461 2906 697 2961 διάνοιαν
727 2909 861 2981 (67),
904 2911 979 2981 μὴ
1016 2912 1253 2976 τοπικῶς
1285 2912 1457 2981 λέγων
1494 2915 1844 2970 καταϐαίνειν

263 2999 325 3051 τὸ
375 2999 549 3063 Θεῖον,
596 3001 871 3073 πανταχοῦ
911 3002 990 3068 ὃν,
1045 3005 1140 3058 καὶ
1193 3005 1681 3078 περιδεδραγμένον
1733 3009 1844 3063 τῶν

263 3090 451 3143 όντων·
483 3089 617 3144 ἀλλὰ
648 3092 746 3163 τὴν
780 3093 915 3163 πρὸς
940 3093 1000 3146 τὸ
1028 3095 1279 3148 ταπεινὸν
1298 3096 1397 3166 τῆς
1428 3096 1642 3165 φύσεως
1670 3098 1830 3170 ἡμῶν
1868 3121 1911 3180 C

260 3182 591 3252 παραδηλῶν
628 3185 1050 3252 συγκατόῶασιν·
1084 3186 1222 3258 πλὴν
1247 3188 1396 3253 ὅπως
1421 3190 1488 3243 ἂν
1589 3191 1740 3259 φίλον
1766 3191 1844 3263 τῷ

267 3272 575 3343 βουλομένῳ
616 3274 864 3345 δέχεσθαι
893 3275 1007 3347 (68)
1050 3277 1150 3347 τὴν
1180 3278 1424 3345 κάθοδον,
1474 3281 1584 3335 Τὸν
1616 3300 1844 3352 σαρκω-

267 3364 445 3418 θέντα
476 3364 636 3418 πάλιν
672 3367 701 3417 ὁ
739 3369 835 3436 τῆς
869 3367 1087 3421 συνόδου
1132 3367 1288 3436 λόγος
1328 3371 1462 3441 φησὶ
1484 3411 1499 3435 ,
1527 3371 1707 3435 καλῶς
1749 3376 1843 3426 καὶ

264 3452 422 3505 τοῦτο
462 3452 652 3522 λέγων·
690 3453 806 3517 πῶς
846 3455 953 3527 γὰρ
984 3455 1049 3509 ἂν
1083 3457 1407 3529 οἰκειότερον
1438 3460 1536 3530 τὴν
1565 3462 1627 3513 ἐκ
1658 3478 1846 3529 γυναι-

267 3543 361 3606 κζς
390 3544 701 3614 ἡρμήνευσε
733 3544 981 3615 γέννησιν
1003 3546 1122 3615 λυὺ
1153 3545 1281 3615 γὰρ,
1380 3546 1512 3611 Θεός
1548 3550 1717 3614 ἐστιν,
1749 3553 1845 3606 αὑ-

267 3633 356 3696 τὸς
389 3634 507 3686 καθ’
547 3633 736 3687 ἐαυτὸν
767 3636 831 3687 ἐκ
870 3635 1127 3702 γυναικὸς
1165 3637 1445 3708 ἐγεννήθη.
1487 3640 1546 3691 '0
1586 3640 1695 3712 7&9
1739 3641 1845 3712 πρὸ

266 3722 367 3791 τῆς
391 3723 619 3789 κτίσεως
647 3723 742 3787 ὢν,
772 3722 834 3776 τὸ
860 3724 949 3777 διὰ
981 3724 1185 3795 σαρκὸς
1215 3725 1596 3795 γεγεννῆσθαι,
1627 3728 1759 3781 αὐτὸ
1785 3730 1845 3782 τὸ

266 3810 408 3867 εἶναι
450 3814 549 3867 οὑκ
590 3813 898 3885 ἐπιδέχεται
942 3814 1074 3886 (69)·
1110 3815 1248 3869 ἀλλὰ
1283 3815 1363 3886 τῷ
1394 3817 1533 3887 ἁγίῳ
1565 3820 1843 3890 Πνεῦματι

266 3905 692 3975 προοδοποιῆσας
728 3898 839 3975 τῆν’
858 3908 957 3977 τῆς
1003 3905 1137 3969 ἰδίας
1174 3906 1455 3977 δυνάμεως
1493 3908 1715 3974 είσοδον,
1749 3912 1842 3964 καὶ

270 3994 434 4065 μηδὲν
461 3996 558 4066 τῆς
584 3994 771 4067 ὑλικῆς
800 3996 1054 4066 ἀφορμῆς
1091 3996 1226 4067 πρὸς
1253 3996 1353 4068 τὴν
1381 4000 1723 4071 κατασκευὴν
1749 4002 1841 4055 τοῦ

266 4086 469 4139 οἰκείου
498 4087 728 4157 σκήνους
754 4087 1122 4159 προσδεηθεὶς,
1155 4088 1293 4143 κατὰ
1315 4089 1374 4143 τὸ
1399 4091 1684 4163 εἰρημένον
1716 4095 1844 4164 περ)⁵

266 4178 367 4247 τῆς
398 4179 628 4247 Σοφίας,
686 4177 911 4244 Ἑαυτῷ
945 4179 1330 4249 ᾠκοδόμησεν
1372 4180 1538 4237 οἷκον
1566 4184 1700 4255 (70),
1753 4187 1843 4239 τὸν

268 4272 334 4322 ἐκ
358 4270 456 4339 τῆς
482 4270 754 4343 Παρθένου
797 4271 924 4341 χοῦν
959 4271 1462 4345 ἀνθρωποποιήσας,
1494 4276 1559 4329 δι’
1602 4269 1664 4330 οὗ
1715 4295 1840 4331 συν-

269 4362 478 4433 εκράθη
518 4362 655 4434 πρὸς
676 4363 736 4417 τὺ
761 4363 1118 4435 ἀνθρώπινον.

1941 1906 2240 1971 Christum,
2298 1904 2422 1975 jure
2461 1905 2657 1960 merito
2725 1902 3033 1957 venientem
3079 1916 3111 1956 e
3169 1900 3310 1956 cmlo
3344 1900 3520 1955 homi-

1942 2014 2065 2055 nem
2096 1998 2328 2053 vocari?
2365 1996 2493 2052 Sive
2543 1996 2713 2059 enim,
2747 2002 2909 2065 prout
2942 1993 3087 2048 nuda
3110 1992 3276 2047 verba
3298 1997 3517 2052 sonant,

1944 2091 2086 2145 hanc
2117 2088 2453 2159 Apollinaris
2481 2088 2808 2143 sententiam
2839 2084 3139 2146 examines,
3176 2082 3293 2138 sive
3335 2081 3390 2134 in
3421 2095 3519 2136 eo-

1944 2180 2191 2236 rumdem
2241 2195 2462 2235 sensum
2494 2178 2776 2248 inquiras,
2815 2184 3010 2231 neutro
3066 2172 3229 2228 modo
3275 2172 3329 2228 id
3372 2170 3521 2241 quod

1944 2273 2062 2342 ipse
2115 2270 2298 2324 animo
2346 2267 2615 2331 intendit,
2659 2266 2715 2320 in
2770 2265 2876 2319 illis
2917 2263 3110 2334 synodi
3156 2261 3339 2317 verbis
3370 2261 3524 2316 inve-

1943 2364 2079 2417 nies.
2112 2358 2286 2413 Verba
2316 2356 2459 2413 enim
2492 2355 2683 2427 synodi
2726 2354 2795 2408 ab
2826 2351 3159 2423 Apollinaris
3192 2350 3374 2406 verbis
3404 2356 3526 2403 tan-

1944 2462 2058 2507 tum
2084 2450 2344 2506 differunt
2368 2458 2655 2517 quantum,
2693 2454 2753 2499 ut
2787 2443 3128 2500 Psalmorum
3167 2440 3331 2497 verba
3367 2456 3526 2495 usur-

1944 2560 2089 2616 pem,
2117 2542 2301 2598 oriens
2329 2540 2498 2596 distat
2530 2539 2599 2593 ab
2641 2537 2924 2592 occidente
2947 2536 3013 2600 ¹⁵;
3043 2530 3360 2589 eorumdem
3396 2545 3526 2585 vero

1943 2651 2139 2692 sensus
2181 2633 2441 2705 quidnam
2489 2645 2777 2685 commune
2835 2643 2959 2683 eum
3013 2626 3099 2682 his
3148 2638 3269 2696 quae
3331 2622 3523 2693 synodi

1942 2727 2107 2782 verba
2135 2739 2246 2796 prae
2270 2740 2331 2798 se
2362 2723 2565 2784 ferunt,
2587 2720 2884 2791 exprimit?
2917 2718 3008 2771 Ait
3041 2716 3151 2780 hic,
3182 2716 3524 2769 incarnalunt

1944 2819 2185 2874 humana
2238 2830 2407 2871 carne
2456 2814 2738 2870 Christum
2791 2813 2843 2865 in
2878 2825 2939 2865 se
2974 2810 3094 2878 ipso
3121 2806 3287 2860 Deum
3320 2805 3525 2858 habere

1943 2912 2035 2983 qui
2067 2910 2189 2979 ejus
2222 2907 2469 2978 spiritus,
2518 2906 2620 2959 hoc
2672 2912 2776 2965 est,
2812 2916 2966 2956 mens
2998 2899 3269 2965 exsistat;
3319 2905 3374 2952 et
3405 2896 3524 2951 haec

1944 3006 2037 3060 ille
2064 3003 2209 3058 idem
2255 2998 2453 3054 asserit
2497 2996 2590 3067 qui
2620 2994 2867 3049 divinum
2917 2993 3192 3046 hominem
3235 2988 3523 3044 Christum

1944 3097 2050 3152 dici
2074 3102 2237 3157 vetat,
2288 3102 2342 3148 et
2380 3089 2628 3147 eumdem
2656 3086 2937 3141 Christum
2996 3084 3051 3137 in
3094 3097 3155 3138 se
3192 3081 3311 3150 ipso
3356 3080 3525 3133 Deum

1946 3190 2167 3254 habere,
2211 3194 2467 3255 tanquam
2537 3180 2702 3234 alium
2746 3178 2801 3232 in
2850 3175 2981 3242 alio,
3034 3175 3246 3244 primus
3280 3169 3526 3225 omnium

1944 3288 2178 3336 conatur
2222 3285 2474 3332 astruere
2519 3290 2532 3325 :
2585 3269 2780 3342 synodi
2853 3282 2983 3323 vero
3034 3280 3139 3319 vox
3198 3264 3294 3325 ait,
3332 3260 3436 3327 Qui
3465 3260 3531 3314 de

1945 3374 2074 3428 εωίο
2101 3367 2394 3427 descendit.
2428 3363 2701 3431 lntelligat
2744 3361 2928 3431 itaque
2973 3356 3206 3413 eximius
3234 3353 3325 3408 hic
3355 3362 3521 3421 atque

1946 3465 2199 3521 sincerus
2245 3460 2329 3514 vir
2374 3456 2582 3511 Christi
2624 3470 2656 3510 e
2693 3453 2835 3509 caelo
2880 3449 2950 3504 ad
3010 3461 3113 3503 nos
3156 3445 3529 3505 descensum;

1946 3558 2001 3611 in
2027 3555 2178 3611 nullo
2197 3554 2343 3608 enim
2380 3551 2526 3605 circa
2562 3548 2664 3603 hoc
2689 3545 2757 3599 ad
2802 3542 3033 3598 invicem
3071 3533 3529 3605 discrepabimus,

1944 3644 2198 3717 quamvis
2241 3638 2550 3696 sublimiori
2610 3650 2776 3692 sensu
2825 3633 2941 3686 haec
2982 3624 3335 3698 intelligenda
3395 3624 3533 3685 sint,

1945 3752 2056 3791 non
2102 3732 2259 3803 quasi
2303 3731 2646 3785 divinitatem
2701 3738 2823 3795 quae
2870 3722 3070 3790 ubique
3114 3727 3200 3773 est
3230 3723 3286 3771 et
3328 3724 3535 3769 cuncta

1944 3838 2129 3885 creata
2158 3826 2426 3890 continet,
2455 3820 2698 3876 localiter
2729 3817 2796 3871 ad
2847 3830 2948 3869 nos
2981 3808 3335 3867 descendisse
3357 3806 3528 3869 dicat,

1944 3922 2038 3976 sed
2086 3918 2230 3990 quod
2264 3933 2329 3972 eo
2361 3912 2615 3984 loquendi
2648 3910 2809 3964 modo
2845 3905 2940 3959 Det
2983 3903 3051 3957 ad
3082 3910 3286 3955 nostra:
3317 3907 3526 3952 naturae

1944 3987 2308 4065 humiiitatem
2356 3997 2752 4058 condescensio
2810 3992 3170 4065 signiﬁcetur.
3224 3987 3331 4042 Sed
3388 3999 3530 4055 quo-

1944 4114 2160 4171 cunque
2206 4095 2368 4152 modo
2430 4092 2555 4164 quis
2622 4086 2855 4143 voluerit
2904 4080 3317 4139 descensionem
3372 4077 3532 4130 istam

1945 4168 2224 4263 accipere,
2286 4184 2480 4258 synodi
2533 4188 2716 4237 textus
2771 4173 3090 4245 subjungit,
3122 4170 3228 4236 Qui
3273 4168 3526 4221 incarna-

1945 4298 2029 4341 tus
2067 4294 2177 4347 est,
2229 4278 2454 4350 pulchre
2490 4284 2544 4329 et
2585 4273 2688 4327 hoc
2747 4270 2923 4338 ipsum
2965 4277 3258 4331 asserens;
3296 4271 3531 4329 quonam

1942 4378 2087 4433 enim
2144 4349 2302 4443 pacto
2335 4368 2509 4437 magis
2556 4360 2774 4434 proprie
2828 4356 3175 4412 nativitatem
3208 4367 3275 4406 ex
3306 4349 3535 4404 muliere

271 4451 627 4522 interpretata
647 4455 831 4511 esset?
865 4454 982 4509 Non
1011 4457 1178 4523 enim,
1216 4468 1375 4528 prout
1410 4460 1550 4518 Deus
1591 4475 1697 4532 est,
1747 4469 1864 4539 ipse
1898 4484 1995 4541 per
2035 4441 2385 4532 semetipsum
2412 4474 2481 4512 ex
2524 4455 2751 4510 munere
2801 4448 3020 4521 εειιίιυε
3051 4450 3177 4510 es“
3254 4457 3381 4541 '33:“
3406 4441 3533 4541 ,qni

268 4550 397 4594 ante
457 4548 763 4595 crcatarum
793 4557 971 4597 rerum
1032 4544 1397 4601 conditionem
1446 4528 1785 4621 exsistebat;
1824 4528 1921 4628 per
1958 4554 2143 4613 carnis
2198 4528 2537 4605 nativitatem
2593 4558 2701 4596 non
2754 4538 2922 4607 coepit
2967 4549 3121 4597 esse;
3190 4532 3287 4588 sed
3327 4528 3533 4600 Spiritu

208 4630 211 4635 “
270 4642 465 4687 sancto
489 4632 630 4685 viam
659 4631 725 4686 ad
754 4632 927 4701 ipsius
953 4633 1171 4690 virtutis
1199 4637 1503 4708 ingressum
1536 4626 1873 4716 praeparans,
1911 4659 1965 4704 et
1997 4643 2243 4701 materiae
2276 4637 2523 4695 subsidio
2557 4634 2624 4689 ad
2671 4630 2877 4703 proprii
2918 4626 3216 4682 habitaculi
3282 4630 3537 4678 constru-

271 4727 509 4782 ctionem
563 4725 698 4791 nihil
746 4725 1012 4797 indigens,
1053 4729 1207 4798 juxta
1262 4732 1393 4786 illud
1446 4737 1592 4805 quod
1661 4740 1729 4796 de
1795 4741 2079 4814 Sapientia
2145 4737 2367 4800 dicitur,
2428 4727 2744 4798 xEdiﬁcavit
2828 4722 3141 4791 sibimetipsi
3215 4719 3430 4770 domum
3462 4716 3528 4778 ",

273 4834 475 4878 terram
503 4840 571 4879 ex
602 4822 843 4895 Virginis
868 4833 1024 4879 utero
1051 4836 1351 4895 acceptam,
1402 4846 1499 4900 per
1531 4849 1695 4902 quam
1718 4852 1840 4891 cum

1943 4836 2218 4892 tmanitate
2247 4829 2571 4887 commisws
2611 4823 2734 4887 fuit,
2761 4819 2815 4873 in
2842 4816 3117 4871 hominem
3141 4809 3460 4864 eﬂ'ormans.

346 4915 453 4969 Ποῦ
479 4914 657 4968 τοίνυν
678 4916 739 4968 ἐν
760 4916 967 4980 τούτοις
995 4918 1157 4988 φησὶν
1176 4920 1204 4971 6
1226 4918 1400 4988 λόγος,
1419 4900 1563 4995 ὅπερ
1579 4927 1656 4998 τῷ
1688 4928 1841 4983 ’Λποε

2018 4927 2083 4981 Χ.
2116 4924 2348 4981 Ubinam
2407 4919 2575 4991 igitur
2628 4917 2682 4970 in
2742 4912 2827 4965 his
2873 4906 3056 4961 verbis
3107 4900 3321 4998 synodi.
3356 4910 3536 4966 sermo

272 5006 499 5076 λιναρίῳ
527 5004 701 5066 δοκεῖ,
732 5004 806 5057 Τὸ
847 5004 1082 5075 πνεῦμα,
1127 5010 1371 5063 τουτέστι
1410 5012 1501 5065 τὸν
1543 4987 1690 5081 νοῦν,
1719 5018 1841 5071 Θεὸν

1959 5017 2180 5083 asserit,
2222 5012 2365 5085 quod
2399 4987 2733 5081 Avpollinaris
2760 5007 2971 5061 censet,
3017 5006 3210 5059 nempe
3240 4987 3495 5058 Spiritum
3518 5026 3534 5051 ,

272 5100 412 5170 έχων
440 5100 468 5152 6
496 5098 726 5169 Χριστὸς
760 5096 896 5168 μετὰ
918 5098 1097 5169 ψυχῆς
1118 5101 1210 5153 καὶ
1241 5103 1511 5174 σώματος,
1538 5108 1762 5174 εἰκότως
1794 5110 1841 5175 ἐξ

1961 5109 2066 5163 hoc
2095 5082 2182 5163 εει
2212 5082 2450 5160 ώεηιθιιι
2478 5099 2648 5154 Deum
2669 5135 2685 5160 ,
2720 5106 2827 5147 una
2858 5102 2982 5142 cum
3012 5082 3189 5137 anima
3220 5087 3381 5151 atque
3409 5092 3535 5133 cor--

346 5256 389 5287 ³⁸
421 5252 565 5308 Psal.
598 5268 691 5316 cn,
726 5252 809 5306 l2.
888 5253 932 5284 "
955 5251 1114 5309 Prov.
1141 5269 1215 5321 ιι,
1242 5259 1291 5311 l.

2021 5412 2134 5485 (69)
2165 5412 2221 5466 In
2256 5408 2380 5485 Yat.
2407 5408 2529 5462 cod.
2564 5403 2846 5485 scribitur,
2887 5400 2964 5456 uti
2989 5398 3192 5485 editum
3228 5395 3535 5485 esticvor‘r.

1948 5467 2130 5539 tamen
2161 5481 2418 5549 antiquus
2441 5476 2749 5532 emendavit
2784 5475 2885 5531 hoc
2916 5478 3074 5542 parto
3102 5467 3195 5521 τοῦ
3226 5467 3312 5520 διὰ
3342 5467 3541 5536 σαρκὸς

1948 5551 2274 5591 νοντνῖικῆηι
2307 5549 2436 5591 αὐτὸ
2464 5547 2523 5591 τὸ
2553 5542 2689 5591 εἶναι
2722 5545 2823 5591 οὐκ
2858 5541 3132 5591 ἐπένεται.
3189 5536 3297 5591 δθίί
3358 5538 3539 5591 102811-

1947 5551 2274 5623 γεγενῆσθαι
2295 5541 2436 5603 ἀὑτὸ
2464 5547 2523 5601 τὸ
2553 5542 2689 5598 εἶναι
2722 5545 2823 5598 οὐκ
2858 5541 3132 5623 ἐπέχεται.
3189 5541 3297 5623 sed
3358 5541 3539 5607 legen-

1948 5625 2079 5677 dutn
2110 5621 2323 5675 videtur
2361 5617 2439 5687 τῷ
2468 5616 2554 5669 διὰ
2587 5615 2787 5686 σακρὸς
2817 5611 3141 5683 γεγενησθαι
3184 5607 3314 5661 αυτὸ
3359 5607 3419 5659 τὸ
3458 5601 3539 5660 εἷ-

1948 5712 2036 5748 ναι
2058 5693 2157 5745 οὑκ
2180 5689 2506 5759 ἐπιδέχεται.

2023 5761 2134 5833 (7U)
2168 5753 2451 5817 (ἐοιτίτὸν
2488 5753 2651 5812 οἷκον.

347 5412 457 5482 (64)
485 5410 561 5466 Ita
590 5428 760 5476 corr.,
788 5420 947 5468 antea
973 5412 1056 5465 ἐα.

346 5483 460 5553 (65)
496 5482 651 5553 (ζου,
692 5483 869 5553 ψυχῆς
890 5500 948 5536 τε
978 5484 1091 5537 καί.

348 5552 461 5623 (66)
494 5552 630 5623 Υἱάο
659 5552 842 5623 supra.

347 5622 458 5692 (67)
486 5622 692 5695 Similia
730 5622 889 5678 habet
917 5622 1194 5695 Nyssenus
1242 5626 1296 5681 in
1341 5631 1480 5681 orat.
1532 5622 1609 5679 De
1654 5622 1846 5680 deitate

278 5693 410 5749 Filii
442 5691 494 5747 et
533 5691 763 5758 Spiritus
796 5691 987 5751 sancti.

349 5764 457 5835 (68)
488 5764 641 5821 Corr.
671 5764 926 5835 δεχέσθω.
