4006 6504
1713 320 1770 375 S.
1811 321 2136 381 0111260ῐί11
2174 327 2468 384 ΝΥ88ΕΝ1

472 442 603 495 pore
637 428 927 484 habentem
957 430 1232 488 Christum
1255 434 1380 503 jure
1410 438 1606 494 merito
1634 442 1912 497 caelestem
1946 445 2045 499 ho-

2157 450 2377 519 οὐρανοῦ
2415 452 2698 524 ἄνθρωπος
2740 456 2989 526 λέγεταις
3025 460 3089 513 Ei
3123 459 3221 529 μὲν
3261 459 3369 530 γάρ
3401 458 3581 523 ἔξεστι
3614 459 3736 511 κατ’

473 522 674 574 minem
710 523 940 575 vocari?
975 521 1030 577 Si
1069 527 1213 580 enim
1256 528 1358 597 ipsi
1400 528 1483 584 fas
1518 539 1602 587 est
1643 546 1742 599 pro
1781 533 1942 589 libitu
1977 537 2043 591 ad

472 625 536 663 ea
570 626 690 679 quae
719 611 821 665 sibi
856 614 974 667 visa
1006 613 1211 671 fuerint
1236 619 1423 674 divina
1453 622 1672 691 eloquia
1700 626 2042 693 pertrahere,

472 708 555 763 et,
611 703 950 757 somniorum
1007 706 1364 778 interpretum
1420 728 1607 776 more,
1658 731 2046 787 quamcunque

472 793 708 845 voluerit
742 795 1199 859 signiﬁcationem
1230 802 1404 857 sacris
1439 803 1669 871 Scriptis
1704 814 1912 876 aptare,
1946 809 2047 863 hos

476 883 726 951 aliosque
782 886 867 941 his
920 888 1131 945 similes
1188 907 1386 947 sensus
1439 893 1640 950 divinis
1697 898 2046 954 sermonibus

478 974 737 1030 ascribat.
772 975 827 1029 Si
864 992 994 1032 vero
1048 980 1217 1034 aniles
1265 982 1477 1048 fabulas
1500 996 1547 1038 et
1585 986 1839 1054 profanas
1865 1005 2046 1042 uocum

478 1066 735 1120 novitates
795 1070 1125 1126 omnimodis
1158 1074 1374 1141 explodi
1410 1084 1662 1144 oportere
1698 1079 1774 1131 ait
1804 1081 2046 1148 Aposto-

478 1154 566 1209 lus
594 1156 657 1220 ⁸⁷,
688 1174 794 1211 non
828 1170 909 1214 est
940 1161 1041 1230 ipsi
1078 1165 1500 1231 permittendum
1529 1182 1593 1221 ea
1626 1169 1789 1225 simul
1818 1170 2050 1239 jungere

478 1263 599 1315 qu:e
625 1249 763 1303 inter
796 1266 853 1305 se
878 1251 1183 1321 dissident,
1208 1264 1263 1310 et
1287 1257 1515 1313 invicem
1547 1274 1881 1329 componere
1934 1278 2049 1333 qua:

478 1340 918 1395 emnmunionem
956 1358 1139 1397 secum
1177 1345 1379 1401 habere
1414 1364 1522 1403 non
1560 1360 1816 1419 possunt.
1856 1351 1961 1409 Sed
1994 1363 2049 1409 et

478 1427 785 1483 rationibus
834 1431 978 1496 illis,
1021 1434 1222 1502 quibus
1264 1452 1362 1491 sua
1401 1437 1546 1493 dicta
1582 1441 1805 1497 uberius
1840 1444 2044 1497 contir-

481 1533 631 1572 mare
684 1529 936 1588 conatur,
960 1524 1121 1580 nobis
1174 1525 1241 1580 ad
1296 1529 1499 1584 suimet
1551 1530 1729 1599 ipsius
1776 1532 2048 1602 dogmatis

481 1611 894 1669 subversionem
942 1617 1207 1671 auxilium
1250 1618 1434 1687 potius
1478 1635 1747 1691 opemque
1789 1625 2050 1693 suppedi-

478 1707 604 1754 tat:
643 1702 719 1755 ait
766 1703 910 1757 enim
952 1703 1179 1759 Paulum
1225 1722 1446 1777 quoque
1487 1710 1727 1779 primum
1772 1712 2045 1769 hominem

2154 539 2402 605 ἐξουσίαν
2431 544 2580 616 αὐτῷ
2616 546 2751 617 πρὸς
2786 548 2845 600 τὸ
2876 549 3067 603 δοκοῦν
3100 550 3278 604 ἕλκειν
3310 548 3380 603 τὰ
3407 550 3527 603 θεῖα
3555 548 3735 617 λόγια,

2153 632 2246 686 καὶ
2274 634 2414 688 κατὰ
2436 638 2560 701 τοὺς
2579 638 2686 691 τῶν
2712 639 2936 712 ὀνείρων
2959 642 3281 713 ὑποκριτὰς,
3306 643 3443 713 ὅπερ
3466 641 3531 695 ἂν
3554 641 3735 710 ἐθέλῃ.

2151 724 2308 779 τοῦτο
2340 726 2415 797 τῷ
2455 730 2739 799 γράμματι
2773 732 3176 802 προσαρμόζειν
3216 732 3279 786 τδ
3309 732 3516 802 νόημα,
3564 731 3741 784 ταῦτα

2154 821 2248 870 καὶ
2275 818 2343 870 τὰ
2384 819 2606 873 τοιαῦτα
2647 824 2758 883 τοῖς
2787 822 2952 885 Θείοις
2982 823 3159 891 λόγοις
3202 821 3582 892 ὲπιφημιζέτω
3609 821 3738 889 νοή-

2156 926 2321 977 ματα.
2353 911 2415 963 Εί
2441 910 2496 962 δὲ
2525 913 2649 974 τοὺς
2692 912 2972 981 γραώδεις
3000 914 3249 981 μύθους,
3286 912 3382 964 καὶ
3425 911 3533 975 τὰς
3552 910 3738 976 βε6ή“

2152 1000 2301 1063 λους
2340 1000 2704 1067 κενοφωνίας
2743 1000 2884 1054 κατὰ
2927 1001 3103 1055 πάντα
3152 1002 3352 1072 τρόπον
3399 999 3741 1054 ἀπωθεῖσθαί

2156 1106 2287 1159 φησι
2312 1089 2419 1142 δεῖν
2452 1092 2479 1143 6
2521 1092 2855 1155 Ἀπόστολος,
2886 1093 3133 1164 οὐδαμῶς
3176 1091 3554 1163 συγχωρητέον
3590 1089 3740 1158 αὐτῷ

2157 1180 2519 1251 συναρμόζειν
2554 1182 2805 1253 ἀλλήλοις
2833 1183 2902 1237 τὰ
2940 1184 3296 1254 ἀκοινώνητα,
3335 1184 3429 1237 καὶ
3466 1182 3740 1254 προσκολ-

2154 1270 2251 1338 λᾷν
2279 1270 2349 1322 τά
2383 1269 2692 1340 ἀσύμϐατα.
2732 1273 2841 1325 Καὶ
2876 1273 3075 1342 μᾶλλον
3108 1272 3156 1325 δ’
3185 1272 3250 1325 ἂν
3288 1272 3416 1342 ἡμῖν
3458 1272 3645 1334 αὐτοῖς
3671 1270 3744 1323 δι’

2154 1358 2227 1415 ὧν
2248 1360 2642 1429 ἐπαγωνίζεται
2660 1364 2773 1426 τοῖς
2799 1364 3109 1433 εἰρημένοις
3134 1363 3269 1434 πρὸς
3300 1361 3616 1432 ἀνατροπὴν
3639 1360 3741 1413 τοῦ

2154 1455 2417 1525 δόγματος
2449 1453 2612 1507 αὑτοῦ
2649 1454 2763 1523 (71)
2791 1455 3198 1525 συμμαχήσειε·
3224 1455 3358 1525 φησι
3383 1452 3491 1524 γάρ
3526 1454 3609 1506 ὅτι
3643 1452 3741 1505 καὶ

2154 1546 2182 1597 6
2215 1543 2423 1605 Παῦλος
2452 1543 2542 1595 τὸν
2578 1544 2789 1614 πρῶτον
2839 1544 3009 1614 Ἀδὰμ
3042 1544 3219 1672 φρὴν
3249 1544 3405 1597 καλεῖ
3446 1542 3582 1614 μετά
3627 1542 3738 1594 σώ-

2159 1647 2324 1672 ηητης
2369 1626 2532 1672 οὖσαν
2605 1630 2783 1672 γηλῶι·
2824 1632 2983 1672 τηῧτη
3025 1649 3091 1672 νη
3159 1632 3300 1672 ὕει-μὶν)
3340 1632 3441 1672 ἀρ
3477 1630 3738 1672 ᾗὶνιθείηρ

2158 1647 2324 1700 ματος
2369 1626 2553 1692 οὖσαν,
2605 1630 2783 1695 καλῶς
2824 1632 2983 1685 τοῦτο
3025 1626 3119 1686 καί
3159 1632 3300 1703 ὑπὲρ
3340 1632 3441 1702 τῆς
3477 1630 3742 1701 ἀληθείας

2154 1718 2342 1774 εἰπών.
2378 1715 2528 1791 τΑρα
2568 1716 2661 1775 οῦν
2708 1722 2737 1774 6
2785 1722 2999 1793 πρῶτος
3032 1722 3349 1794 ἄνθρωπος,
3380 1722 3413 1777 6
3447 1724 3526 1785 εἰς
3558 1722 3743 1793 ψυχὴν

477 1789 690 1856 Adam,
733 1794 836 1848 etsi
886 1808 1115 1865 corpore
1162 1798 1484 1867 prteditum,
1531 1802 1772 1857 animam
1815 1818 2046 1867 vocare,

2157 1813 2330 1877 ζῶσαν
2361 1789 2510 1886 παρὰ
2534 1814 2626 1867 τοῦ
2652 1789 2865 1868 Παύλου
2899 1832 3002 1886 μνη
3014 1789 3312 1882 μονευθεὶς,
3341 1789 3594 1884 κτηνείαν

480 1884 707 1950 pulchre
750 1886 966 1955 quidem
1010 1897 1063 1944 et
1107 1906 1370 1961 perquam
1419 1909 1544 1950 vere
1594 1895 1647 1949 id
1695 1910 1950 1952 asserens
1984 1900 2046 1951 ιθ.

477 1972 737 2044 Nunquid
772 1993 902 2047 ergo
939 1980 1150 2049 primus
1184 1983 1347 2038 homo
1395 1984 1449 2038 in
1498 1984 1733 2041 animam
1781 1988 2049 2043 viventem

483 2063 695 2129 lactus,
733 2068 812 2121 uti
839 2066 1041 2126 Paulus
1070 2085 1503 2135 commemorat,
1551 2076 1786 2146 aliquam
1822 2079 2052 2133 rationis

479 2168 757 2225 expertem
792 2161 1029 2214 animam
1053 2202 1068 2224 ,
1098 2163 1387 2219 brutorum
1438 2166 1635 2233 instar,
1686 2169 1929 2225 habuit?
1956 2172 2051 2225 At-

481 2250 577 2318 qui
604 2264 709 2302 non
738 2250 1014 2321 vulgarem
1044 2253 1383 2326 intelligendi
1413 2259 1520 2313 vim
1550 2267 1714 2330 atque
1739 2260 2053 2318 facultatem

482 2343 539 2396 in
572 2343 748 2410 ipsum
781 2345 1034 2400 collatam
1076 2344 1248 2404 fuisse
1284 2364 1441 2405 sacra
1490 2358 1724 2405 testatur
1766 2352 2047 2409 Historia:

481 2432 627 2490 Deus
651 2434 795 2489 enim
820 2444 1017 2491 cuncta
1038 2439 1256 2507 quidem
1281 2442 1533 2496 animalia
1558 2444 1625 2497 ad
1649 2458 1773 2498 eum
1802 2445 2054 2510 adduxit,

482 2526 601 2593 ipse
634 2540 763 2579 vero
796 2527 940 2595 quod
978 2528 1043 2582 ad
1080 2529 1418 2599 singulorum
1455 2540 1708 2588 naturam
1743 2534 2043 2607 designan-

480 2615 604 2669 dam
634 2625 816 2686 aptum
845 2620 1286 2691 conveniensque
1306 2630 1476 2690 esset,
1507 2624 1687 2679 animo
1712 2627 2053 2696 concipiens,

484 2707 779 2777 unicuique
824 2724 1024 2764 nomen
1074 2712 1389 2783 imponendi
1441 2714 1732 2770 arbitrium
1764 2717 1958 2772 habuit
1989 2720 2052 2775 ³⁸.

484 2798 590 2853 Se'd
636 2808 689 2853 et
742 2800 1146 2868 inobedientia,
1196 2813 1250 2858 et
1290 2804 1358 2860 ad
1400 2820 1463 2861 ea
1515 2823 1636 2877 quae
1678 2823 1788 2863 non
1829 2808 2058 2866 decebat

484 2891 599 2944 ﬁeri
636 2892 990 2962 proclivitas,
1021 2904 1073 2950 et
1110 2898 1249 2952 male
1283 2896 1554 2954 factorum
1593 2900 1787 2970 pudor,
1824 2909 1878 2955 et
1919 2902 2057 2956 deli-

482 2989 697 3037 ctorum
732 2989 1015 3042 excusatio
1046 2999 1293 3058 prompte
1336 2991 1663 3055 adinventa,
1711 2993 1825 3047 hinc
1864 2992 2051 3046 omnia

485 3073 685 3129 mentis
749 3075 1061 3134 facultatem
1129 3081 1266 3136 satis
1322 3096 1595 3151 superque
1654 3083 2054 3138 demonstrant.

2150 1902 2328 1973 ψυχὴν
2363 1899 2473 1974 εἶχε
2494 1944 2509 1969 ,
2554 1906 2649 1957 καὶ
2688 1904 2911 1973 ἀλογον;
2951 1906 3057 1958 Καὶ
3087 1905 3192 1977 μὴν
3222 1905 3321 1959 οὐκ
3364 1904 3553 1975 ὀλίγην
3588 1903 3744 1973 αὐτῷ

2153 1998 2565 2065 προσμαρτυρεῖ
2586 1996 2684 2067 τὴν
2699 1996 3042 2067 διανοητικὴν
3072 1997 3231 2066 χάριν
3255 1996 3290 2067 ἡ
3319 1994 3548 2064 ἱστορία·
3572 2010 3740 2065 προσ-

2154 2084 2317 2153 ἠγετο
2367 2085 2464 2153 μὲν
2502 2083 2611 2155 γὰρ
2649 2084 2798 2155 αὐτῷ
2838 2085 2988 2156 παρὰ
3022 2085 3113 2138 τοῦ
3151 2083 3287 2139 Θεοῦ
3332 2085 3399 2137 τά
3452 2084 3595 2148 ζῶα,
3636 2085 3740 2153 τῆς

2154 2175 2210 2228 δὲ
2258 2175 2365 2228 τῶν
2412 2176 2690 2245 ὀνομάτων
2735 2178 3001 2247 εὑρέσεως
3048 2178 3254 2240 ἐκεῖνος
3317 2175 3503 2246 κύριος
3535 2170 3627 2245 ἦν,
3676 2175 3739 2226 τὸ

2155 2266 2430 2334 προσφυὲς
2459 2266 2555 2319 καὶ
2582 2266 2836 2336 ἁρμόδιον
2868 2266 3084 2336 ἑκάστῳ
3114 2267 3395 2337 περινοῶν.
3439 2266 3603 2319 Ἀλλὰ
3637 2266 3734 2319 καὶ

2155 2355 2189 2425 ἡ
2210 2356 2480 2426 παρακοὴ,
2509 2358 2602 2409 καὶ
2635 2359 2667 2426 ἠ
2693 2375 2757 2409 πε
2768 2359 2821 2426 pl.
2844 2356 2911 2410 τὰ
2935 2356 3009 2427 μὴ
3032 2357 3217 2410 δέοντα
3250 2356 3610 2420 συνδιάθεσις,
3642 2355 3739 2408 καὶ

2154 2448 2187 2517 ἡ
2219 2448 2311 2499 ἐπὶ
2347 2448 2459 2509 τοῖς
2492 2447 2901 2519 πεπραγμένοις
2930 2448 3179 2518 αἰσχύνη,
3215 2447 3310 2501 καὶ
3339 2447 3400 2500 τὸ
3429 2446 3743 2517 πρόσφορον

2155 2538 2248 2592 ἐπὶ
2278 2540 2389 2600 τοῖς
2424 2538 2764 2608 ἐγκλήμασιν
2790 2538 3081 2608 ἀπολογίαν
3111 2540 3318 2609 εὑρεῖν,
3357 2539 3535 2592 πάντα
3566 2537 3741 2589 ταῦτα

2153 2626 2254 2695 τῆς
2301 2629 2441 2680 κατὰ
2482 2626 2574 2678 τὸν
2615 2626 2740 2681 νοῦν
2782 2628 3060 2699 ἐνεργείας
3103 2627 3375 2694 ἀπόδειξις
3405 2628 3636 2696 γίνεται.
3673 2627 3743 2678 ΤΞ

2155 2716 2354 2788 δήποτε
2395 2716 2573 2770 τοίνυν
2626 2720 3017 2790 παρεσιωπήθη
3068 2718 3219 2791 παρὰ
3273 2718 3367 2773 τοῦ
3419 2717 3633 2772 Παύλου
3679 2717 3742 2770 τὸ

2155 2812 2342 2884 νοερὸν
2374 2813 2472 2881 τῆς
2501 2811 2681 2883 ψυχῆς
2728 2814 2820 2865 ἐπὶ
2862 2812 2956 2865 τοῦ
3008 2813 3207 2884 Ἀδάμς
3255 2813 3325 2865 Ἥ
3368 2810 3610 2880 δηλονότι
3666 2808 3745 2879 τῷ

2162 2904 2311 2975 μέρει
2361 2903 2782 2973 συνονομάζεται
2812 2903 2873 2956 τὸ
2901 2904 3240 2973 λειπόμενον,
3266 2903 3342 2966 ὼς
3364 2903 3444 2964 τὸ,
3477 2902 3637 2969 Πρὸς
3664 2902 3737 2954 σὲ

2157 2990 2326 3047 πᾶσα
2366 2991 2522 3059 σὰρξ
2552 2992 2704 3060 ἣξει,
2755 2993 2841 3045 διὰ
2874 2993 2975 3061 τῆς
3027 2991 3226 3064 σαρκὸς
3254 2992 3373 3045 ὅλον
3406 2987 3688 3060 σημαίνων
3712 2991 3743 3042 6

2157 3081 2323 3135 Δαῦὶδ
2356 3082 2416 3135 τὸ
2456 3082 2813 3153 ἀνθρώπινον·
2847 3083 2940 3136 καὶ⁵
2973 3084 3001 3135 6
3051 3079 3244 3135 Ἰακὼϐ
3280 3082 3337 3135 ὲν
3371 3080 3743 3149 ἐϐδομήκοντα

484 3163 720 3218 Curnam
756 3166 921 3236 igitur
951 3168 1287 3239 intelligendi
1330 3141 1439 3225 vim
1488 3141 1543 3225 in
1588 3172 1797 3226 Adamo
1849 3170 2052 3229 Paulus

2160 3171 2323 3225 πέντε
2368 3141 2571 3241 ψυχαῖς
2616 3174 2727 3233 τοῖς
2779 3171 3097 3239 Αἰγυπτίοις
3153 3141 3596 3237 ὲπιξενούμενόςλ
3643 3166 3745 3219 οὐκ

485 3252 701 3309 silentio
737 3258 1039 3326 prteteriit?
1066 3258 1203 3313 Num
1236 3260 1446 3315 scilicet
1475 3262 1640 3317 unius
1676 3262 1849 3331 partis
1881 3262 2051 3317 deno-

2158 3262 2337 3324 ᾶνους,
2375 3261 2497 3314 οὔτε
2542 3252 2799 3332 ἄσαρκος
2827 3260 2968 3315 κατὰ
3017 3260 3110 3313 τὸν
3152 3258 3341 3331 χρόνον
3382 3259 3591 3311 ἐκεῖνον
3638 3254 3745 3309 ὑπὸ

487 3344 786 3402 minatione
820 3350 964 3417 quod
1015 3350 1284 3420 reliquum
1327 3359 1411 3407 est
1456 3353 1861 3422 complectitur,
1899 3362 1958 3407 ut
1992 3355 2047 3408 in

2157 3352 2254 3421 τῆς
2281 3352 2502 3423 Γραφῆς
2531 3352 2823 3423 ἱστορεῖται
2847 3370 2862 3418 ;

485 3436 613 3502 illo,
649 3438 727 3491 Ad
757 3449 804 3493 te
833 3442 1002 3495 omnis
1033 3458 1155 3495 caro
1190 3444 1353 3497 veniet
1387 3444 1464 3509 ὀ,
1500 3459 1597 3513 per
1629 3459 1849 3501 carnem
1883 3445 2051 3501 David
2088 3457 2250 3499 omne
2292 3444 2590 3499 humanum
2632 3461 2803 3512 genus
2838 3442 3149 3515 signiﬁcat;
3184 3450 3240 3499 et
3276 3440 3447 3497 Iacob
3484 3455 3615 3496 cum
3654 3455 3736 3495 se-

484 3530 763 3599 ptuaginta
794 3532 1034 3600 quinque
1064 3533 1348 3588 animabus
1381 3534 1449 3587 ah
1479 3534 1752 3605 Egyptiis
1781 3536 2019 3607 hospitio
2054 3544 2317 3606 exceptus
2348 3539 2414 3600 ",
2449 3550 2549 3591 nec
2576 3550 2764 3599 carne,
2802 3550 2903 3591 nec
2940 3544 3120 3589 mente
3158 3549 3255 3604 per
3281 3533 3415 3589 illud
3438 3540 3660 3602 tempus
3688 3532 3743 3584 in

486 3638 643 3677 sacra
673 3621 953 3692 Scriptura
988 3624 1282 3683 destitutus
1306 3628 1595 3683 exhibetur
1620 3629 1645 3682 ἲ

556 3712 649 3767 XI.
687 3714 790 3769 Sed
828 3715 1006 3784 inquit
1037 3717 1367 3785 Apollinaris
1429 3738 1443 3772 :
1500 3718 1773 3776 Secundus
1806 3723 1960 3779 homo
1996 3723 2060 3778 de

487 3807 614 3860 arto
644 3806 942 3875 spiritualis
979 3806 1175 3862 dicitur
1203 3810 1271 3872 “,
1310 3811 1448 3878 quod
1483 3813 1659 3879 utique
1686 3812 1944 3867 hominem
1970 3817 2057 3884 qui

486 3917 604 3952 rum
651 3899 759 3954 Deo
810 3900 1117 3953 commistus
1146 3910 1260 3963 est,
1311 3911 1479 3955 mente
1543 3919 1722 3957 carere
1769 3906 2055 3975 signiﬁcat.

489 3990 690 4045 Verum
726 4006 793 4044 ex
829 3990 916 4045 bis
945 4004 1068 4060 quae
1100 4006 1223 4045 mox
1260 3994 1485 4063 apponit
1519 3995 1731 4059 verbis,
1767 3994 1925 4053 facile
1957 3998 2057 4052 hu-

483 4082 577 4150 jus
610 4082 829 4151 ineptiaa
862 4080 1165 4136 conlutatio
1203 4082 1527 4138 desumitur.
1582 4082 1685 4149 Qui
1737 4086 1885 4141 enim
1936 4087 2053 4155 ait;

487 4173 675 4238 Qualis
702 4174 948 4237 caelestis,
990 4173 1121 4227 tales
1157 4184 1207 4228 et
1234 4175 1486 4237 cmlestes,
1519 4177 1675 4246 longe
1705 4177 1772 4229 ah
1799 4177 2050 4246 hujusce-

486 4266 631 4320 modi
670 4266 985 4335 opinatione
1025 4281 1126 4321 uos
1172 4274 1436 4321 removet.
1473 4267 1531 4320 Si
1571 4267 1715 4322 enim
1757 4268 1849 4338 qui
1880 4268 1933 4322 in
1963 4285 2055 4322 ve-

485 4360 721 4413 nientem
748 4375 778 4414 e
804 4361 947 4415 cmlo
975 4362 1238 4427 credunt,
1267 4378 1296 4416 a
1325 4362 1496 4417 Paulo
1521 4364 1566 4396 ³³
1592 4372 1644 4418 et
1673 4365 1773 4432 ipsi
1801 4364 2054 4420 caelestes

484 4456 772 4513 vocantur,
817 4460 1004 4522 utpote
1046 4455 1137 4524 qui
1184 4454 1237 4509 in
1282 4454 1483 4517 caelos,
1531 4464 1588 4509 ut
1630 4456 1757 4509 alibi
1802 4456 1912 4519 ait,
1954 4470 2051 4525 per

2246 3722 2407 3777 Ἀλλά
2446 3738 2610 3791 φησιν
2649 3724 2677 3775 6
2711 3722 3067 3792 λογογράφος,
3112 3722 3193 3774 δτι
3250 3719 3304 3772 Ὀ
3334 3719 3613 3786 δεύτερος
3642 3717 3746 3769 tir-

2164 3818 2394 3882 θρωπος
2451 3814 2521 3877 ἐξ
2570 3812 2829 3880 οὐρανοῦ
2881 3811 3277 3876 πνευματικὸς
3323 3808 3594 3877 λέγεται,
3649 3822 3745 3861 atat

2162 3904 2338 3959 τοῦτο
2386 3904 2639 3973 σημεῖον
2668 3903 2915 3957 ποιεῖται
2946 3904 3051 3956 τοῦ
3098 3902 3288 3955 ἄνουν
3325 3898 3476 3955 εἶναι
3515 3902 3625 3954 τὸν
3666 3900 3749 3966 τῷ

2164 3994 2285 4059 Θεῷ
2313 3994 2725 4063 συγκραθέν-τα
2746 3993 3076 4061 ἄνθρωπον.
3110 3992 3300 4045 Καίτοι
3330 3986 3617 4063 πρόχειρος
3645 3992 3743 4060 τῆς

2159 4086 2387 4149 ἀτοπίας
2418 4086 2448 4137 6
2481 4086 2697 4154 ἐλεγχος
2717 4124 2731 4146 ,
2768 4084 2828 4149 ἐξ
2861 4084 3060 4147 αὐτῶν,
3101 4080 3175 4137 ὧν
3217 4084 3505 4155 παρέθετο.
3545 4083 3606 4137 Ὀ
3637 4083 3745 4153 γάρ

2150 4178 2339 4241 εἰπὼν,
2377 4173 2511 4242 Οἷος
2542 4180 2574 4231 ό
2594 4175 2968 4243 ἐπουράνιος,
3002 4176 3255 4230 τοιοῦτοι
3280 4176 3377 4229 καὶ
3406 4178 3461 4230 οἱ
3480 4174 3734 4243 ἐπουρά-

2155 4288 2294 4335 νιοι,
2324 4271 2515 4341 πόρρω
2545 4270 2641 4339 τῆς
2666 4269 2919 4339 τοιαύτης
2957 4268 3210 4331 ὑπονοίας
3240 4269 3389 4337 ἡμᾶς
3428 4267 3739 4337 ἀφίστησιν.

2156 4360 2219 4411 El
2238 4359 2344 4430 γὰρ
2383 4361 2431 4411 οἱ
2469 4358 2891 4421 πεπιστευκότες
2920 4357 2996 4427 τῷ
3025 4358 3082 4423 ἐξ
3115 4358 3363 4428 οὐρανῶν
3390 4358 3579 4427 ἥκοντι
3602 4396 3617 4418 ,
3648 4358 3743 4411 καὶ

2157 4449 2312 4503 αὐτοὶ
2346 4448 2497 4519 παρὰ
2526 4449 2617 4502 τοῦ
2650 4448 2862 4502 Παύλου
2892 4450 3202 4519 ἐπουράνιοι
3235 4448 3508 4516 λέγονται,
3556 4448 3607 4500 ot
3643 4465 3708 4518 με
3728 4476 3744 4489 ο

484 4542 611 4593 vita:
637 4542 945 4597 institutum
978 4546 1582 4615 transmigraverint,et
1608 4547 1786 4616 qualis
1814 4546 1904 4601 ille
1940 4560 2052 4601 cce-

2163 4540 2569 4604 τατεθεικότες,
2609 4539 2792 4603 καοώς
2840 4556 3022 4610 φησιν,
3067 4540 3144 4603 εἱς
3187 4539 3450 4609 οὐρανοὺς
3488 4537 3552 4591 τὸ
3592 4537 3744 4635 πολί-

487 4631 642 4687 lestis
671 4641 755 4687 est
779 4635 914 4689 tales
942 4646 997 4689 et
1027 4636 1127 4690 hos
1155 4638 1407 4693 cmlestes
1436 4639 1567 4693 dicit
1594 4639 1889 4707 Apostolus
1916 4656 1930 4701 ;
1961 4653 2061 4693 ne-

488 4736 577 4774 mo
604 4739 731 4778 vero
756 4738 942 4779 eorum
979 4727 1072 4795 qui
1106 4727 1263 4780 tidem
1291 4729 1523 4799 amplexi
1555 4736 1719 4793 sunt,
1754 4731 1954 4784 mentis
1979 4736 2063 4783 est

488 4827 722 4879 expers;
776 4816 1091 4869 necessario
1147 4817 1332 4885 itaque
1386 4834 1448 4871 ex
1497 4819 1597 4871 hac
1645 4818 2061 4887 comparatione

489 4905 918 4967 demonstratur,
941 4906 1216 4962 Christum
1246 4908 1300 4961 in
1331 4909 1742 4965 similitudinem
1780 4911 2058 4962 hominum

489 4992 693 5048 factum
752 5010 910 5059 esse,
959 4997 1203 5067 adeoque
1246 4999 1295 5053 ei
1348 5006 1582 5053 mentem
1631 5000 1830 5054 inesse.
1869 4999 2058 5065 Qualis

488 5083 632 5137 enim
657 5123 670 5146 ,
705 5086 881 5154 inquit
906 5126 920 5148 ,
956 5089 1209 5153 caelestis,
1247 5088 1378 5141 tales
1406 5098 1454 5142 et
1486 5088 1756 5144 caelestes:
1793 5092 1861 5142 ita
1893 5099 1950 5143 ut
1979 5090 2058 5144 vel

492 5192 683 5232 omnes
718 5189 897 5236 mente
932 5180 1191 5250 prteditos
1224 5198 1375 5248 esse,
1413 5183 1494 5236 vel
1531 5184 1711 5238 nullos
1746 5183 2060 5237 necessario

496 5269 773 5325 fatendum
800 5273 889 5327 sit.
923 5274 1388 5339 Quemadmodum
1418 5276 1562 5329 enim
1593 5276 1793 5330 terreni
1825 5275 2063 5329 hominis

494 5360 854 5431 proprietates
887 5363 939 5415 in
970 5364 1053 5418 his
1082 5365 1174 5434 qui
1207 5381 1269 5418 ex
1306 5365 1398 5418 illo
1432 5364 1698 5435 progeniti
1730 5372 1893 5430 sunt,
1920 5379 2052 5419 con-

570 5524 611 5553 ”
646 5524 664 5576 1
697 5522 836 5577 Tim.
874 5542 943 5584 tv,
982 5528 1051 5591 7;

1091 5525 1275 5583 \‘t,‘20.
1372 5527 1466 5579 "l
1558 5525 1683 5581 Cor.
1739 5544 1826 5593 xv,
1861 5525 1953 5579 43.

500 5592 591 5645 ⁸⁸1
624 5594 749 5649 Cor.
792 5612 880 5657 xv,
922 5596 1007 5648 Ιιτ.

1087 5598 1129 5625 ³³
1167 5596 1397 5664 l‘hilipp.
1428 5614 1485 5659 ιι,
1522 5597 1613 5650 9.0.

568 5727 683 5799 (7|)
713 5730 789 5784 Ita
815 5747 980 5795 conn,
1013 5738 1169 5783 antea
1203 5729 1397 5783 αὐτῶν.

2048 5524 2089 5557 ¹⁹
2150 5525 2285 5579 Gen.
2340 5540 2400 5586 ll,
2467 5522 2547 5577 19.

2169 4648 2363 4700 τευμα,
2397 4631 2489 4684 καὶ
2516 4626 2625 4693 οἶος
2650 4630 2855 4694 ἐκεῖνος
2883 4632 2911 4683 ὁ
2933 4630 3271 4701 ἐπουράνιος,
3307 4630 3580 4690 τοιούτους
3608 4624 3744 4682 εἶναι

2172 4721 2262 4773 καὶ
2292 4718 2512 4781 τούτους
2548 4720 2672 4782 τοὺς
2714 4717 3064 4788 ὲπουρανίους
3113 4718 3276 4788 φησὶν
3313 4718 3342 4769 6
3404 4714 3741 4777 Ἀπόστολος·

2168 4810 2341 4873 οὐδεὶς
2402 4810 2458 4862 δὲ
2507 4810 2665 4873 άνους
2708 4811 2816 4864 τῶν
2872 4810 3330 4882 παραδεξαμένων
3382 4808 3480 4878 τὴν
3540 4807 3741 4861 πίστιν·

2170 4903 2380 4973 ἀνάγκη
2411 4904 2559 4957 πᾶσα
2587 4903 2686 4974 τὴν
2712 4902 3038 4974 ὁμοιωτικὴν
3067 4901 3272 4971 ταύτην
3301 4900 3593 4970 σύγκρισιν
3621 4897 3747 4951 ἀπύ-

2160 4995 2325 5059 δειξιν
2359 4994 2612 5062 γενέσθαι
2657 4994 2752 5047 τοῦ
2796 4994 2916 5049 καθ’
2957 4993 3247 5064 ὁμοιότητα
3291 4992 3401 5045 τῶν
3445 4990 3745 5060 ἀνθρώπων

2163 5086 2254 5139 καὶ
2288 5087 2345 5138 ἐν
2382 5085 2572 5155 ἐκείνῳ
2618 5084 2709 5137 τὸν
2752 5084 2875 5137 νοῦν
2922 5079 3081 5137 εἶναι.
3122 5077 3257 5147 Οἷος
3298 5083 3441 5151 γάρ,
3474 5079 3661 5147 φησὶν,
3714 5079 3747 5130 ὁ

2162 5176 2535 5246 ἐπουράνιος,
2566 5177 2821 5230 τοιοῦτοι
2850 5175 2948 5229 καὶ
2986 5179 3038 5230 ol
3068 5172 3429 5242 ἐπουράνιοι·
3456 5170 3597 5223 ὥστε
3626 5171 3659 5239 ἦ
3688 5170 3746 5221 ὲν

2162 5271 2295 5323 πάσι
2328 5268 2417 5319 τὸν
2447 5267 2590 5329 νοῦν,
2616 5268 2649 5339 ἥ
2679 5270 2736 5320 ὲν
2763 5267 2937 5319 οὐδενὶ
2970 5268 3088 5318 κατ’
3117 5265 3359 5333 ἀνάγκην
3382 5260 3745 5332 ὁμολογήσου-

2166 5379 2269 5415 σιν.
2304 5360 2514 5429 Ὥσπερ
2539 5359 2648 5429 γάρ
2668 5358 2735 5410 τὰ
2760 5357 2853 5410 τοῦ
2876 5355 3058 5426 χοϊκοῦ
3088 5355 3351 5426 ἰδιώματα
3381 5353 3491 5414 τοῖς
3520 5350 3580 5416 ἐξ
3607 5348 3747 5401 ὲκεί-

2640 5520 2686 5551 ¹⁰
2723 5517 3111 5582 Ρεα1.ικιν,ἳ.
3207 5518 3248 5548 ’³
3288 5514 3423 5570 Gen.
3460 5526 3609 5573 sui,
3654 5508 3746 5565 9.7.
