4006 6496
257 298 400 354 ιιιδ

1426 289 1800 347 ADVERSUS
1837 288 2351 347 APOLLINAREM.

3389 294 3525 351 ιιιε

258 434 353 473 νου
398 412 777 485 ὲνθεωρεῖται,
822 410 999 475 οὕτως
1051 408 1357 477 ἐπάναγκες
1409 412 1549 461 κατὰ
1603 411 1700 478 τὴν
1756 408 1849 461 τοῦ

1972 408 2284 479 spiciuntur,
2335 408 2411 461 ita
2461 406 2622 463 etiam
2665 406 2824 477 juxta
2858 407 3105 479 Apostoli
3139 408 3385 476 dictum,
3431 415 3528 484 qui

270 505 595 561 ’Δποστόλου
622 504 920 571 ἀπόφασιν,
959 501 1049 553 τὸν
1073 500 1215 553 κατὰ
1248 499 1424 551 πάντα
1452 498 1851 571 πεπειραμένον

257 595 355 651 τοῦ
394 595 663 668 ἡμετέρου
699 592 836 662 βίον.
870 590 992 644 καθ’
1032 589 1345 659 ὁμοιότητα,
1381 589 1548 659 χωρὶς
1579 588 1851 659 ἁμαρτίας

260 690 322 759 (ὁ
352 689 409 742 δὲ
437 686 562 748 νοῦς
603 683 844 755 ἁμαρτία
875 683 971 733 οὐκ
998 680 1145 747 ἐστι)
1180 680 1314 750 πρὸς
1360 680 1544 732 πᾶσαν
1583 679 1739 749 ἡμῶν
1767 681 1845 731 οἱ-

260 780 425 840 κείως
470 777 613 846 ἔχειν
666 775 762 844 τὴν
819 771 1005 840 φύσιν.
1056 770 1213 824 Οὕτω
1249 769 1355 841 γὰρ
1393 769 1453 822 τὸ
1500 769 1853 823 ἀποστολικδν

260 869 606 938 ἀληθεύεται,
634 865 694 918 τὸ
724 865 870 934 ἡμᾶς
912 861 1034 915 κατ’
1071 863 1273 914 ἐκεῖνον
1316 855 1477 924 εἶναι,
1508 861 1556 911 εἰ
1593 858 1855 929 ὁμολογη-

262 961 382 1031 θείη
415 960 634 1013 κάκεῖνο
661 956 782 1010 καθ’
812 956 959 1025 ἡμᾶς
986 953 1338 1023 γεγενῆσθαι,
1371 952 1458 1004 ἵνα
1487 953 1548 1004 ἐκ
1580 951 1673 1004 τοῦ
1702 952 1853 1020 γενέ-

266 1055 388 1108 σθαι
415 1049 526 1117 οἷος
552 1054 730 1124 ἡμεῖς,
766 1052 910 1121 ἡμᾶς
935 1049 1145 1119 ποιήσει
1173 1042 1282 1109 οἷος
1313 1047 1541 1107 ἐκεῖνος.

339 1322 506 1377 Πάλιν
532 1318 711 1373 τοίνυν
736 1317 846 1371 τῶν
874 1315 1003 1387 παρ’
1029 1313 1195 1369 αὐτοῦ
1224 1312 1495 1385 ῥηθέντων
1521 1312 1857 1384 ἐπιμνησθη-

268 1413 513 1483 σώμεθαι
554 1411 708 1466 Καθὸ
741 1410 840 1464 καὶ
873 1408 982 1462 τὸν
1004 1409 1298 1475 πρότερον
1343 1406 1526 1475 Ἀδὰμ
1552 1409 1585 1459 ὁ
1615 1405 1856 1469 Παῦλος

267 1506 482 1575 ψυχὴν
511 1502 687 1558 καλεῖ
706 1501 857 1571 μετὰ
886 1500 1159 1568 σώματος
1187 1494 1403 1561 οὖσαν,
1436 1498 1535 1552 καὶ
1570 1499 1681 1551 οὐκ
1712 1496 1855 1551 ἄνευ

269 1597 564 1664 σώματος,
614 1593 695 1658 τῷ
739 1592 806 1645 δὲ
849 1592 969 1658 ὅλῳ
1004 1590 1121 1657 τὴν
1154 1591 1500 1660 ἐπωνυμίαι·
1545 1588 1852 1652 διδοῦσαν,

271 1688 388 1743 κᾶν
433 1688 534 1755 ἀφ’
582 1682 805 1750 ἑαυτῆς
848 1681 945 1735 καί
996 1677 1147 1747 αὕτη
1196 1681 1347 1734 κατὰ
1386 1681 1705 1747 σύλληψιν
1750 1678 1855 1732 τοῦ

278 1778 615 1847 πνεύματος
641 1772 897 1840 καλῆται
928 1770 1122 1840 ψυχή.
1171 1772 1228 1826 Ὀ
1266 1772 1437 1827 ταῦτα
1470 1770 1643 1839 λέγων
1676 1769 1858 1841 ὁμολο-

272 1874 452 1940 γεῖται
499 1867 625 1940 τρία
656 1866 798 1920 κατὰ
839 1866 1100 1937 σύλληψιν
1130 1864 1207 1935 τῷ
1238 1865 1338 1934 τῆς
1365 1865 1542 1935 ψυχῆς
1580 1864 1857 1917 καλεῖσθαι

276 1962 519 2031 ὀνόματι,
549 1959 625 2022 ὡς
653 1958 1254 2029 περιειλημμένης(τῆς
1280 1974 1336 2011 τε
1370 1958 1464 2011 τοῦ
1492 1957 1739 2029 σώματος
1768 1960 1859 2011 καὶ¹

273 2053 372 2121 τῆς
389 2048 534 2121 [72])
562 2050 654 2104 τοῦ
672 2049 979 2119 πνεύματος
990 2050 1048 2102 ἐν
1073 2049 1150 2120 τῷ
1176 2049 1323 2121 αὑτῷ
1348 2050 1640 2121 σημασίας.
1678 2037 1862 2103 Ἀλλὰ

278 2141 383 2194 τὸν
400 2141 685 2209 ἔσχατον,
710 2140 863 2211 φησὶ,
881 2141 1123 2209 Πνεῦμα
1137 2140 1456 2201 ζωοποιοῦν
1472 2142 1501 2193 ὁ
1531 2141 1736 2203 Παῦλος
1765 2156 1863 2193 κα-

278 2231 377 2284 λεῖ.
415 2232 591 2302 Ὅπερ
631 2226 724 2285 οὖν
759 2232 815 2284 ὲν
843 2232 1036 2302 ἐκείνῳ
1083 2232 1171 2286 διὰ
1215 2232 1307 2286 τοῦ
1342 2232 1724 2296 πλεονάζοντος
1774 2248 1864 2284 κεο

280 2319 613 2390 κρατηκέναι
641 2317 738 2388 τὴν
763 2319 1080 2389 ἐπωνυμίαν
1107 2320 1246 2373 κατὰ
1271 2318 1378 2372 τῶν
1410 2320 1612 2373 λοιπῶν
1635 2320 1742 2372 τῶν
1775 2335 1865 2389 ση-

284 2410 627 2482 μαινομένων
661 2409 861 2475 ἕδειξε,
886 2410 1045 2465 τοῦτο
1080 2411 1296 2474 πάντως
1323 2412 1417 2464 καὶ
1457 2412 1550 2464 ἐπὶ
1589 2410 1774 2463 τούτου
1804 2411 1864 2462 τὸ

287 2503 602 2573 Ισοδύναμον
628 2503 738 2573 (75)
764 2503 894 2574 ἔχει.
915 2504 977 2557 Ei
998 2503 1107 2574 γὰρ
1131 2506 1159 2558 ὁ
1199 2503 1390 2572 Ἀδὰμ,
1420 2504 1604 2576 ἐπειδὴ
1627 2504 1862 2573 ἥμαρτε,

286 2594 429 2665 ψυχὴ
446 2594 711 2664 λέγεται,δ
721 2594 799 2665 τῷ
811 2594 926 2665 Θεῷ
974 2591 1259 2666 ἐγκραθεὶς
1309 2595 1404 2649 ἄνθ
1413 2612 1607 2664 ρωπος,
1627 2594 1864 2662 Ἐπειδὴ

286 2688 574 2756 ἁμαρτίαν
584 2688 694 2740 οὐκ
710 2686 977 2752 ἐποίησε,
992 2685 1132 2740 οὐδὲ
1146 2684 1357 2753 εὑρέθη
1377 2686 1555 2749 δόλος
1568 2686 1637 2739 ἐν
1650 2685 1727 2749 τῷ
1738 2684 1868 2738 στό-

283 2796 421 2847 ματι
449 2778 657 2845 αὐτοῦ,
688 2776 904 2848 πνεῦμα
934 2777 994 2829 τὸ
1022 2777 1140 2830 ὂλον
1171 2776 1613 2847 κατονομάζεται.
1646 2777 1783 2829 Ἀλλ’
1805 2778 1866 2829 οὐ

285 2872 640 2940 καταδέχεται
665 2870 765 2940 τὴν
789 2869 1041 2938 τοιαύτην
1067 2869 1329 2922 διάνοιαν·
1352 2870 1483 2939 φησι
1509 2868 1615 2940 γὰρ
1637 2868 1870 2923 ἐκεῖνον

284 2964 400 3031 μὲν
421 2961 487 3014 ἐκ
510 2960 621 3029 γῆς
649 2959 876 3029 χοϊκόν,
895 2958 1043 3013 διότι
1066 2959 1131 3013 τὸ
1152 2959 1323 3029 σῶμα
1339 2960 1406 3013 ἐκ
1440 2959 1543 3013 τοῦ
1578 2959 1691 3028 χοῦ
1720 2963 1871 3014 πλα-

1955 514 2050 568 per
2079 499 2265 553 omnia
2294 515 2416 569 quae
2445 498 2510 553 ad
2545 508 2789 552 nostram
2820 499 2986 553 vitam
3018 503 3315 570 pertinent.
3348 511 3525 559 tenta-

1953 597 2042 644 tus
2067 590 2170 644 fuit
2197 604 2298 659 pro
2324 589 2686 644 similitudine
2716 589 2922 659 absque
2948 600 3171 658 peccato
3197 594 3324 635 ’δικ
3350 597 3529 665 (mens

1954 688 2134 736 autem
2161 691 2441 750 peccatum
2471 695 2580 735 non
2605 678 2748 747 est),
2776 682 3146 736 necessarium
3168 684 3393 738 omnino
3419 692 3525 749 est,

1953 789 2079 829 eum
2134 787 2261 827 cum
2305 773 2562 827 omnibus
2606 780 2815 825 natura:
2858 773 3287 842 proprietatibus
3328 791 3528 831 conve-

1953 863 2216 919 nientiam
2242 863 2797 933 conjunctionemque
2819 877 3061 918 scrvare.
3084 862 3218 918 Nam
3242 864 3344 921 hoc
3367 874 3529 937 pacto

1954 955 2088 1010 illud
2106 955 2352 1025 Apostoli
2382 970 2568 1010 verum
2602 969 2723 1010 esse
2756 961 3114 1020 monstratur,
3146 970 3246 1011 nos
3279 956 3530 1012 videlicet

1955 1047 2167 1102 similes
2193 1046 2272 1099 illi
2301 1061 2446 1110 esse,
2472 1046 2517 1099 si
2545 1045 2815 1101 fateamur
2843 1054 2896 1098 et
2928 1045 3079 1099 illum
3110 1046 3343 1104 similem
3370 1049 3531 1105 nobis

1954 1136 2161 1191 factum
2197 1136 2403 1200 fuisse,
2439 1145 2500 1190 ut
2533 1151 2598 1191 ex
2634 1150 2700 1190 eo
2735 1136 2879 1205 quod
2916 1137 3040 1192 talis
3072 1135 3251 1194 factus
3277 1146 3363 1194 est
3391 1154 3532 1210 qua.

1956 1228 2035 1283 les
2069 1242 2171 1281 nos
2199 1242 2391 1282 sumus
2414 1267 2428 1291 ,
2457 1240 2561 1281 nos
2588 1225 2728 1280 tales
2760 1225 2997 1282 ediceret
3030 1227 3210 1295 qualis
3239 1236 3325 1284 est
3358 1229 3493 1299 ipse.

2027 1314 2144 1373 ΧΠ.
2185 1314 2290 1370 Sed
2322 1322 2378 1369 et
2407 1313 2741 1383 Apollinaris
2771 1314 2936 1369 verba
2975 1315 3169 1370 iterum
3196 1330 3533 1373 commemo-

1956 1422 2183 1462 remus:
2226 1405 2677 1473 Quemadmodum
2716 1415 2765 1460 et
2815 1406 3046 1475 priorem
3098 1406 3269 1461 Adam
3316 1425 3533 1478 corpore

1956 1498 2268 1567 praeditum,
2304 1514 2406 1552 non
2438 1514 2555 1552 vero
2590 1507 2890 1560 carentem,
2925 1497 3130 1552 Paulus
3172 1501 3406 1554 animam
3442 1518 3533 1556 vo-

1957 1597 2079 1652 cat,
2113 1604 2232 1658 quia
2277 1596 2452 1641 tamen
2508 1588 2603 1641 toti
2650 1586 3127 1642 denominationcm
3176 1590 3529 1658 impertiatur,

1960 1678 2078 1731 licet
2117 1686 2167 1731 et
2202 1677 2311 1730 haec
2347 1692 2440 1744 per
2473 1692 2527 1730 se
2565 1676 2715 1740 sola,
2754 1677 3042 1730 secundum
3096 1678 3233 1749 quod
3285 1680 3531 1747 spiritum

1959 1769 2379 1837 comprehendit,
2428 1769 2607 1821 anima
2654 1778 2997 1830 nuncupetur.
3052 1769 3154 1836 Qui
3201 1770 3315 1825 haec
3359 1771 3527 1837 dicit,

1961 1863 2065 1917 tria
2113 1878 2212 1932 per
2256 1860 2689 1931 complexionem
2738 1875 2849 1915 uno
2892 1862 3086 1916 animae
3128 1864 3348 1919 nomine
3386 1864 3532 1919 desi-

1960 1953 2114 2024 gnari
2144 1953 2367 2017 fatetur,
2416 1966 2480 2006 ac
2511 1952 2555 2005 si
2600 1950 2828 2021 spiritus
2876 1960 2930 2006 et
2963 1953 3213 2023 corporis
3251 1954 3531 2023 signiﬁca-

1964 2046 2163 2099 tionem
2198 2043 2360 2098 simul
2392 2042 2654 2097 involvat.
2688 2042 2790 2098 Sed
2842 2052 3162 2111 postremum
3210 2044 3416 2109 Adam,
3448 2046 3535 2100 in-

1961 2135 2115 2205 quit,
2165 2132 2420 2201 Spiritum
2455 2132 2823 2201 viviﬁcantem,
2859 2133 3065 2189 Paulus
3090 2142 3250 2189 vocat
3272 2134 3338 2190 ".
3377 2135 3533 2202 Quod

1963 2226 2129 2296 igitur
2161 2222 2423 2287 ostendit,
2447 2224 2714 2277 Atlamum
2749 2240 2813 2279 ex
2852 2239 2917 2279 eo
2951 2224 3188 2281 maxime
3218 2224 3535 2281 denomina.
3598 2210 3627 2225 ³

1964 2326 2078 2372 tum
2108 2317 2277 2372 fuisse
2301 2355 2315 2379 ,
2345 2317 2491 2386 quod
2524 2317 2740 2372 caeteris
2774 2316 2935 2372 rebus
2956 2332 3022 2371 ex
3046 2316 3244 2386 quibus
3266 2316 3536 2371 dominari

1965 2418 2183 2481 poterat
2225 2408 2577 2478 praestantius
2620 2416 2801 2474 esset,
2844 2408 2978 2463 illud
3029 2408 3171 2462 idem
3212 2423 3440 2477 prorsus
3478 2410 3533 2463 in

1965 2500 2189 2555 Christo
2232 2498 2347 2568 pari
2394 2499 2607 2554 ratione
2651 2498 2884 2552 obtinet.
2922 2496 2978 2551 Si
3016 2497 3165 2552 enim
3194 2497 3365 2551 Adam
3401 2513 3537 2568 quo-

1967 2592 2115 2644 niam
2150 2588 2434 2657 peccavit,
2467 2588 2670 2642 dicitur
2700 2589 2916 2653 anima,
2952 2588 3114 2642 homo
3160 2587 3268 2643 Deo
3305 2590 3536 2644 commi-

1968 2692 2089 2738 stus
2121 2683 2187 2745 ’⁷,
2220 2681 2468 2750 quoniam
2520 2689 2789 2750 peccatum
2815 2696 2917 2733 non
2970 2679 3112 2748 fecit,
3155 2696 3244 2734 nec
3300 2680 3538 2735 intentus

1967 2783 2044 2829 est
2073 2774 2224 2827 dolus
2268 2774 2322 2826 in
2353 2789 2441 2827 ore
2470 2772 2616 2840 ejus,
2647 2772 2873 2842 spiritus
2931 2771 3181 2827 absolute
3208 2773 3537 2842 appellatur.

1968 2862 2170 2919 Verum
2206 2864 2539 2933 Apollinaris
2569 2864 2709 2919 hanc
2743 2865 3248 2936 interpretationem
3302 2883 3409 2921 non
3454 2885 3540 2923 reo

1971 2957 2133 3028 cipit;
2175 2956 2251 3010 ait
2275 2957 2420 3010 enim
2474 2956 2625 3009 illum
2655 2958 2861 3026 quidem
2891 2975 2918 3012 e
2950 2968 3091 3013 terra
3142 2969 3401 3015 terrenum
3436 2961 3547 3014 dici

286 3053 439 3107 σθὲν
453 3047 905 3123 ὲιίνιιχὼθηῘΑρα
921 3053 948 3104 ὁ
964 3051 1106 3115 νοῦς,
1129 3052 1263 3121 ὅπερ
1282 3050 1530 3122 ὀνομάζει
1548 3052 1781 3122 πνεῦμα,
1802 3051 1863 3105 οὐ

1973 3051 2219 3119 quoniam
2283 3065 2529 3117 corpuse
2584 3048 2709 3103 limo
2775 3050 3066 3119 formatum
3111 3052 3345 3106 animam
3397 3067 3547 3105 acce-

291 3141 702 3213 συγκατεϐλήθη
747 3140 825 3212 τῷ
872 3142 1010 3195 κατὰ
1044 3141 1135 3194 τὸν
1176 3142 1345 3210 Ἀδὰμ
1380 3141 1695 3211 πλάσματι;
1725 3143 1868 3196 Οὐκ-

290 3236 383 3288 οῦν
424 3236 483 3287 ὲν
518 3234 624 3288 τίνι
659 3234 806 3304 αὑτῷ
856 3234 969 3304 (74)
1019 3236 1051 3304 ἡ
1101 3233 1235 3304 πρὸς
1273 3234 1363 3287 τὸν
1412 3234 1542 3287 Θεὸν
1583 3235 1868 3305 ὁμοιότης;

292 3328 378 3391 τίς
424 3327 481 3379 δὲ
515 3329 548 3396 ἡ
574 3328 638 3379 ὲκ
661 3326 753 3379 τοῦ
795 3325 938 3378 θείου
972 3325 1362 3396 ὲμφυσήματος
1390 3327 1501 3393 (75)
1524 3327 1789 3396 ἀπορροὴ,
1825 3328 1873 3379 εί

299 3419 372 3490 νὴ
403 3420 432 3471 ὁ
456 3416 579 3480 νοῦς
604 3416 772 3470 ταῦτα
804 3413 941 3471 εἶναι
975 3416 1315 3481 πιστεύοιτο;
1347 3416 1544 3470 Τοῦτον
1592 3414 1650 3470 δὲ
1711 3418 1873 3486 φησιν

298 3511 357 3575 ἒξ
378 3507 606 3580 οὐρανοῦ
650 3508 738 3561 διὰ
770 3506 930 3559 τοῦτο
954 3507 1232 3560 καλεῖσθαι
1253 3546 1267 3570 ,
1302 3506 1433 3558 διότι
1473 3506 1531 3558 τὸ
1565 3504 1786 3575 Πνεῦμα
1815 3505 1874 3559 τὸ

296 3600 542 3671 οὐράνιον
568 3598 876 3669 ὲσαρκὼθη.
913 3598 1008 3660 Τίς
1033 3597 1221 3667 Γραφὴ
1252 3596 1423 3650 ταῦτα
1449 3597 1628 3664 λέγει;
1658 3599 1732 3657 εἰς
1755 3596 1875 3647 τίνα

296 3690 405 3743 τῶν
440 3689 609 3757 ἁγίων
656 3688 952 3758 (ἀναφέρει
987 3688 1098 3757 (76)
1121 3686 1209 3738 τὸν
1243 3686 1398 3752 λόγον
1436 3686 1476 3755 ),
1521 3686 1603 3737 ὅτι
1653 3684 1877 3753 Πνεῦμα

298 3778 619 3850 ὲσαρκώθη;
657 3778 767 3846 Οὐχ
792 3776 965 3837 οὕτως
1020 3774 1169 3845 παρὰ
1197 3775 1303 3826 τῶν
1342 3772 1687 3840 Εὑαγγελίων
1716 3772 1878 3840 ἡκού-

304 3885 496 3941 ιταμεν⁵
551 3869 648 3939 οὐχ
674 3871 844 3932 οὕτως
872 3866 1022 3938 παρὰ
1043 3867 1139 3937 τῆς
1163 3866 1400 3937 μεγάλης
1429 3865 1521 3919 τοῦ
1559 3865 1875 3919 Ἀποστόλου

304 3956 891 4030 φωνῆς³ὲδιδάχθημεν,
922 3956 1035 4009 ἀλλ’
1082 3956 1161 4008 ὅτι
1193 3955 1289 4025 μὲν
1326 3957 1353 4007 ὁ
1388 3956 1557 4023 Λόγος
1591 3954 1727 4025 σὰρξ
1760 3956 1879 4023 ὲγέο

303 4064 443 4107 vero,
482 4047 629 4113 λέγει
660 4048 719 4098 τὺ
751 4047 1029 4117 κήρυγμα,
1073 4046 1165 4096 καὶ
1207 4046 1262 4096 ὲν
1294 4043 1421 4095 εῖδει
1467 4046 1791 4113 περιστερᾶς
1820 4042 1879 4095 τὸ

306 4135 529 4205 Πνεῦμα
556 4135 857 4204 καταῦἧναί
880 4152 1042 4204 φησιν
1070 4136 1102 4203 ὴ
1130 4134 1455 4203 εὐαγγελικὴ
1488 4134 1711 4203 ἱστορία.
1742 4134 1880 4203 Σάρ-

307 4246 475 4281 κωσιν
522 4228 577 4281 δὲ
622 4227 935 4297 Πνεῦματος
976 4227 1147 4289 οὐδεὶς
1190 4223 1311 4280 εἷπε
1344 4226 1453 4278 τῶν
1498 4226 1576 4297 τῷ
1610 4226 1879 4297 πνεύματι

306 4320 577 4374 λαϐόντων
609 4320 899 4390 μυστήρια.
943 4319 1001 4373 Ἠ
1032 4318 1181 4382 δόξα
1206 4319 1668 4385 κατεσκήνωσεν
1698 4319 1767 4371 ἐν
1805 4316 1881 4386 τῇ

1972 3140 2068 3207 pit.
2106 3140 2294 3193 Nonne
2325 3154 2513 3207 mens,
2547 3155 2709 3208 quam
2746 3141 2996 3210 spiritum
3030 3150 3224 3208 vocat,
3260 3144 3542 3198 efformato

1971 3230 2162 3284 Adami
2199 3246 2428 3301 corpore
2458 3231 2753 3299 conjuncta
2799 3231 2946 3286 fuit?
2976 3232 3225 3299 Quanam
3268 3237 3453 3304 itaque
3490 3234 3543 3287 in

1973 3338 2032 3377 re
2064 3322 2167 3392 ipsi
2201 3322 2501 3378 similitudo
2535 3337 2658 3376 cum
2697 3321 2803 3377 Deo
2846 3323 3180 3380 intercedit?
3223 3324 3446 3394 Ecquod
3491 3326 3548 3380 in

1974 3416 2154 3485 ipsum
2201 3414 2372 3468 divini
2417 3414 2674 3484 spiraculi
2719 3415 3035 3481 eflluvium,
3089 3418 3196 3473 nisi
3247 3434 3401 3473 mens
3442 3418 3549 3472 hoc

1976 3507 2155 3577 ipsum
2188 3521 2312 3561 esse
2345 3505 2649 3559 credatur?
2676 3504 2833 3561 llunc
2863 3516 3043 3562 autem
3075 3508 3374 3563 secundum
3406 3509 3553 3565 Ada-

1976 3612 2123 3649 mum
2195 3597 2269 3649 ait
2300 3595 2634 3665 Apollinaris
2705 3598 2981 3651 cmlestem
3010 3608 3295 3668 propterea
3320 3601 3505 3655 vocari
3531 3640 3551 3666 ,

1976 3688 2231 3756 quoniam
2260 3688 2503 3741 caelestis
2532 3687 2755 3755 spiritus
2783 3688 3099 3743 incarnatus
3129 3698 3231 3745 est.
3256 3691 3323 3744 At
3346 3691 3396 3744 in
3419 3707 3555 3762 quo-

1978 3794 2102 3833 nam
2176 3793 2346 3832 sacraz
2410 3778 2708 3850 Scriptura:
2757 3782 2879 3835 loco
2923 3781 3167 3836 dicitur?
3216 3785 3431 3837 cuinam
3464 3801 3556 3839 sa-

1977 3884 2195 3923 crorum
2247 3880 2530 3922 auctorum
2598 3880 2877 3939 acceptum
2966 3870 3131 3925 refert
3219 3872 3557 3940 Apollinaris

1980 3959 2160 4030 (quod
2208 3959 2325 4027 ipse
2370 3960 2603 4030 asserit)
2654 3959 2920 4029 Spiritum
2970 3976 3164 4030 nempe
3210 3962 3551 4017 incarnatum

1982 4052 2189 4108 fuisse?
2210 4051 2359 4106 lstutl
2383 4066 2514 4106 sane
2533 4068 2600 4105 ex
2623 4050 2933 4121 Evangeliis
2957 4067 3064 4105 non
3093 4052 3416 4122 hausimus;
3443 4071 3553 4109 non

1983 4144 2056 4197 ita
2103 4159 2133 4197 a
2177 4143 2437 4212 praeclara
2487 4143 2732 4211 Apostoli
2778 4158 2912 4198 voce
2957 4144 3134 4198 cdocti
3180 4160 3409 4209 sumus,
3461 4149 3555 4202 sed

1983 4230 2223 4285 Verbum
2253 4232 2470 4299 quidem
2494 4247 2713 4285 carnem
2741 4230 2945 4286 factum
2977 4233 3149 4288 fuisse
3180 4237 3556 4305 apostolorum

1985 4324 2305 4393 prmdicatio
2336 4323 2536 4378 asserit
2565 4324 2641 4385 ’⁸,
2673 4330 2728 4376 et
2774 4324 2827 4377 in
2869 4326 3135 4381 columbae
3167 4329 3349 4397 specie
3384 4330 3561 4399 Spiri-

307 4408 385 4479 ’ΠῙ
403 4408 570 4477 ἡμῶν
589 4425 603 4439 ’
624 4409 736 4472 καὶ,
754 4409 823 4463 Ἠ
843 4406 1088 4474 ἀλήθεια
1109 4409 1176 4461 ἐκ
1201 4426 1233 4461 τ
1236 4407 1309 4476 ἧς
1332 4408 1442 4478 γῆς
1460 4408 1742 4463 ἀνέτειλεο
1767 4410 1868 4463 καὶ

1988 4422 2099 4467 tum
2144 4414 2196 4467 in
2232 4413 2419 4469 Jesum
2460 4412 2813 4469 descendisse
2835 4415 3441 4488 refcrtEvangeliorum
3477 4422 3561 4475 hi-

312 4500 457 4565 Θεὸς
476 4500 813 4568 ἐφανερώθη
835 4499 904 4552 ἐν
934 4499 1133 4566 σαρκί·
1159 4501 1270 4563 καὶ,
1304 4501 1659 4565 Δικαιοσύνη
1683 4499 1751 4551 ἐκ
1779 4501 1881 4555 τοῦ

308 4589 567 4656 οὐρανοῦ
597 4589 864 4657 διέκυψε,
897 4590 990 4642 καὶ
1022 4589 1154 4643 ἄλλα
1178 4589 1401 4642 τοιαῦτα
1430 4589 1619 4643 πολλὰ.
1654 4589 1877 4659 Πνεῦμα

309 4680 368 4733 δὲ
400 4679 766 4750 σαρκούμενον
787 4682 820 4750 ἡ
858 4681 1209 4743 θεόπνευστος
1242 4680 1341 4733 οὐκ
1372 4676 1479 4733 οἶδε
1506 4682 1717 4751 Γραφή.
1769 4680 1880 4735 Καὶ

311 4768 699 4838 προϋπάρχει,
732 4770 917 4839 φησιν,
953 4772 984 4823 ὀ
1040 4769 1347 4836 ἅνθρωπος
1385 4770 1634 4838 Χριστὸς
1666 4772 1777 4840 οὐχ
1805 4771 1886 4835 ὡς

312 4861 514 4928 ἐτέρου
536 4860 708 4927 ὄντος
732 4877 851 4929 παρ
866 4862 879 4878 '
896 4860 1081 4915 αὐτὸν
1102 4860 1205 4913 τοῦ
1225 4862 1589 4930 Πνεύματος,
1616 4864 1889 4916 τουτέστι

314 4953 419 5006 τοῦ
462 4953 625 5007 Θεοῦο
678 4954 813 5007 ἀλλ’
856 4953 936 5019 ὡς
968 4953 1070 5007 τοῦ
1107 4954 1323 5020 Κυρίου
1373 4953 1442 5005 ἐν
1475 4952 1548 5021 τῇ
1579 4953 1683 5007 τοῦ
1746 4954 1891 5008 Θεοῦ

314 5042 626 5109 ἀνθρώπου
661 5045 841 5112 φύσει
882 5046 1043 5099 θείου
1078 5046 1421 5114 Πνεύματος
1463 5044 1656 5111 ὄντος.
1706 5045 1894 5100 Ταῦτα

1989 4508 2157 4562 storia
2186 4509 2253 4560 ".
2280 4506 2715 4561 lncarnationem
2746 4523 2875 4562 vero
2906 4508 3143 4577 Spiritus
3175 4527 3336 4565 nemo
3369 4528 3561 4567 eorum

1990 4598 2126 4653 dixit
2155 4600 2247 4670 qui
2279 4599 2473 4669 spiritu
2505 4597 2625 4653 fidei
2656 4609 2859 4654 nostra:
2885 4602 3143 4671 mysteria
3177 4616 3559 4671 perceperunt.

1993 4690 2176 4745 Gloria
2200 4690 2452 4745 habitavit
2476 4692 2530 4744 in
2554 4698 2697 4745 terra
2727 4701 2909 4745 nostra
2939 4710 2957 4755 ;
2998 4690 3199 4747 Veritas
3222 4710 3249 4747 e
3276 4705 3417 4746 terra
3445 4706 3563 4748 orta

1992 4788 2069 4833 est
2094 4779 2159 4831 ³⁸.
2194 4778 2335 4833 Deus
2360 4779 2737 4848 manifestata:
2768 4790 2844 4834 est
2880 4782 2931 4834 in
2965 4798 3123 4835 carne
3150 4782 3215 4834 ³³.
3253 4780 3315 4834 Ει
3343 4781 3564 4837 Justitia

1993 4887 2021 4924 e
2052 4871 2179 4923 caelo
2207 4871 2472 4939 prospexit
2496 4870 2539 4903 ³²
2566 4887 2582 4937 ;
2621 4880 2678 4928 et
2712 4873 2818 4926 alia
2853 4874 3019 4926 multa
3052 4872 3215 4942 hujus
3243 4875 3460 4942 generis
3492 4875 3565 4927 leo

1995 4963 2211 5032 gimus;
2265 4961 2530 5031 Spiritum
2582 4977 2713 5018 vero
2762 4964 3101 5019 incarnatum
3150 4964 3338 5019 divino
3385 4967 3567 5022 afllatu

1996 5050 2139 5104 edita
2180 5049 2465 5121 Scriptura
2510 5067 2619 5107 non
2659 5052 2828 5107 n0vit.
2870 5051 2939 5105 Et
2980 5062 3137 5106 antea
3176 5055 3382 5123 quidem
3423 5058 3567 5110 exsi-

386 5199 506 5275 εδςξδ
527 5197 691 5275 Hebr.
714 5214 793 5275 t_v,
828 5198 915 5253 15.
984 5198 1073 5275 fil
1101 5200 1341 5275 (Ὧι-λιν,
1373 5199 1458 5251 45.
1535 5200 1577 5230 ’⁷
1608 5198 1709 5275 lsa:
1740 5215 1862 5267 LIII,

2024 5202 2070 5235 ”
2097 5201 2255 5257 Joan.
2283 5220 2319 5268 ι,
2350 5204 2433 5259 14.
2512 5206 2558 5236 ¹⁹
2584 5205 2883 5271 Mattlmu,
2921 5205 3008 5259 16.
3088 5205 3131 5237 ³ο
3166 5204 3307 5261 Psal.
3346 5224 3569 5275 Lxxxiv,

318 5270 508 5324 10-12.
584 5269 626 5299 ³¹
658 5268 676 5321 Ι
714 5268 833 5322 Tim
865 5284 945 5330 ιιι,
977 5268 1060 5321 16.
1136 5269 1180 5300 ³²
1216 5267 1358 5324 Psal.
1393 5285 1612 5331 nuxw,
1643 5270 1730 5325 12.

390 5385 500 5453 (72)
534 5383 664 5451 Qua:
692 5384 1051 5441 semicirculis
1081 5384 1432 5440 includuntur
1460 5385 1667 5456 adjecta
1709 5396 1837 5443 sunt
1868 5404 1897 5442 a

318 5472 464 5511 COI‘I‘.

392 5525 502 5596 (75)
538 5524 693 5596 Corr.
726 5523 824 5596 τὴν
853 5522 971 5596 ἴσην
1003 5524 1247 5596 δύναμιν.

394 5588 502 5665 (Π)
539 5594 693 5665 Qorr.
724 5588 792 5662 ἦν
822 5588 986 5664 αὐτῷ.

394 5664 506 5736 (75)
536 5664 688 5719 Corr.
719 5666 1196 5736 προσφυσήματος.

2079 5387 2193 5457 ('76)
2219 5388 2297 5441 ita
2324 5402 2490 5447 corr.,
2510 5386 2663 5456 prius
2689 5394 2867 5440 autem
2902 5388 2954 5441 in
2982 5396 3131 5443 textu
3158 5391 3381 5446 deerant
3408 5392 3573 5450 verba

2008 5458 2240 5520 inclusa,
2286 5473 2408 5525 quae
2452 5465 2632 5511 tamen
2712 5459 2980 5511 sermonis
3032 5460 3204 5515 series
3258 5468 3571 5518 necessario

2007 5528 2111 5608 sibi
2147 5528 2430 5608 postulare
2470 5526 2716 5594 videtur;
2772 5541 2895 5580 nam
2936 5526 3235 5600 Scriptura:
3260 5530 3449 5589 Patres
3477 5534 3568 5588 ad-

2004 5607 2204 5668 jungit.
