4006 6482
514 333 653 390 1147

1747 324 1805 380 S.
1842 323 2168 381 GREGORII
2204 323 2492 379 NYSSENI

3622 329 3757 384 1148

512 452 605 507 uit
628 491 643 515 ,
678 448 854 521 inquit
886 446 1252 519 Apollinaris,
1284 448 1439 501 homo
1475 447 1757 513 Christus,
1791 464 1893 501 non
1928 463 1991 500 ac
2033 465 2056 500 s

2186 448 2285 517 μὲν
2310 449 2401 500 ἐπὶ
2438 447 2631 511 λέξεως
2653 446 2744 499 τοῦ
2783 446 3119 517 λογογράφου
3153 447 3222 501 τὰ
3253 449 3492 519 ῥήματα.
3537 450 3755 523 Ἐπειδὴ

428 538 432 543 ’
512 542 744 613 Spiritus
764 582 779 606 ,
814 541 910 593 hoc
940 550 1015 593 est
1061 538 1231 602 Deus,
1263 540 1412 593 aliud
1443 540 1506 593 ab
1537 541 1653 609 ipso
1682 549 1856 601 esset;
1896 539 1986 593 sed
2020 556 2059 591 αι

2179 539 2235 591 δέ
2263 539 2373 607 (77)
2415 556 2531 600 πως
2569 540 2634 608 τῇ
2665 537 2851 607 άτονίᾳ
2891 538 2991 607 τῆς
3031 538 3429 610 ἑρμηνευτικῆς
3469 542 3755 613 δυνάμεως

508 632 559 684 si
596 629 851 683 Dominus
884 630 939 681 in
972 627 1069 681 Dei
1108 626 1332 681 hominis
1383 638 1576 681 natura
1613 627 1823 681 divinus
1853 626 2059 695 Spiritu.

2177 630 2275 682 οὐκ
2305 630 2442 698 άγαν
2482 628 2701 697 ἔκδηλόν
2745 630 2861 680 ἐστι
2898 630 2954 680 ὲν
2986 630 3251 699 σαφηνείᾳ
3280 630 3339 684 τὸ
3371 633 3579 703 νόημαο
3622 634 3760 704 πρό-

508 724 666 792 foret.
718 723 841 778 liac
896 724 963 779 ad
1011 723 1237 778 verbum
1278 728 1406 775 sunt
1444 720 1565 789 ejus
1600 718 1769 772 dicta.
1809 717 2059 783 Quonian

2174 736 2332 788 τερον
2355 717 2734 788 άπογυμνώσω
2761 718 2853 772 τοῦ
2896 717 3059 787 ζόφου
3085 719 3186 789 τῆς
3223 720 3419 785 λέξεως
3444 722 3544 794 τὴν
3572 724 3756 791 ἐγκει-

505 828 637 868 vero
678 829 790 884 pra
841 814 1079 883 quodam
1125 809 1445 867 elocutoria
1495 808 1776 863 facultatis
1824 816 2076 878 torpore,

2178 810 2345 881 μένην
2376 810 2633 868 διάνοιαν.
2667 806 2767 863 εἶθ’
2791 809 2932 863 οὕτω
2968 810 3262 883 προσθήσω
3288 814 3353 883 τῇ
3393 813 3638 879 ἐξετάσει
3665 814 3758 868 τὸν

506 905 636 974 quid
672 906 727 959 in
758 905 845 961 his
872 906 978 960 sibi
1005 904 1136 959 velit
1166 918 1273 958 non
1302 900 1595 955 admodum
1626 907 1775 970 patet
1795 938 1811 963 ,
1840 900 2079 969 primum
2174 898 2348 967 λόγον.

502 997 792 1051 verborum
826 996 1059 1066 caligine
1086 994 1335 1050 discussa
1356 1032 1371 1059 ,
1406 992 1627 1046 insitum
1661 992 1795 1061 ipsis
1825 1006 2048 1048 sensum
2072 988 2319 1046 inlucem
2354 989 2627 1060 proferam
2653 1029 2668 1055 ,
2694 1004 2758 1045 ac
2786 990 2983 1047 deinde
3007 990 3126 1060 ejus
3159 994 3482 1047 sententiam
3512 991 3754 1048 examini

536 1091 814 1144 ubiieiam.

536 1108 607 1144 ιιι)
635 1108 814 1144 telam.

503 1108 530 1145 s
571 1109 708 1233 XIIII.
733 1180 900 1233 Antea
925 1177 1151 1247 quidem,
1174 1175 1373 1245 inquit,
1400 1175 1608 1229 exsistit
1631 1175 1785 1230 homo
1808 1174 2074 1229 Christus.

502 1272 628 1326 llac
701 1271 808 1324 duo
875 1277 1135 1337 tanquam
1195 1266 1357 1321 simul
1427 1266 1721 1335 conjuncta
1786 1264 2073 1333 intelligit,

504 1362 738 1417 Verbum
774 1359 919 1429 quod
968 1358 1025 1412 in
1074 1356 1346 1427 principio
1378 1367 1515 1423 erat,
1567 1363 1622 1411 et
1656 1356 1935 1410 hominem
1977 1355 2071 1424 qui

501 1450 755 1521 apparuit
797 1449 851 1501 in
895 1457 1162 1516 tempore,
1200 1445 1358 1515 quasi
1388 1453 1522 1498 ante
1541 1444 1865 1507 exstitisset,
1905 1457 2069 1512 quam

500 1539 964 1601 manifestaretur,
1022 1543 1077 1591 et
1124 1536 1334 1590 clarius
1377 1534 1433 1588 in
1470 1533 1557 1589 his
1602 1548 1723 1603 qua
1765 1541 2062 1603 sequuntur

498 1630 697 1685 mentis
727 1643 839 1682 sua
878 1641 1101 1683 sensum
1151 1626 1346 1695 aperit,
1380 1625 1509 1679 dum
1548 1624 1624 1678 ait
1655 1624 1816 1677 Aliud
1859 1623 1924 1676 ab
1956 1626 2067 1692 ipso

498 1740 602 1776 non
664 1737 776 1776 esse
828 1719 1127 1788 Spiritum,-
1173 1727 1429 1774 astruens
1472 1718 1624 1774 hisce
1665 1717 1847 1775 verbis
1893 1716 2065 1786 ipsam

496 1812 621 1866 Filii
676 1812 1018 1867 divinitatem
1075 1810 1147 1864 ab
1190 1809 1347 1863 initio
1395 1809 1671 1863 hominem
1717 1822 1839 1863 esse
1876 1826 1889 1862 ε
1923 1808 2064 1877 quod
2101 1790 2139 1843 Β

496 1902 845 1957 manifestius
874 1900 1132 1969 deinceps
1170 1899 1435 1962 declarat,
1476 1898 1603 1952 dum
1652 1898 1852 1968 inquit,
1884 1897 2069 1953 Domi-

496 2011 597 2049 nus
620 1994 674 2048 in
724 1992 823 2047 Dei
875 1992 1101 2045 hominis
1153 1999 1349 2043 natura
1395 1990 1600 2044 divinus
1653 1990 1884 2058 Spiritus
1927 2002 2063 2044 erat.

498 2082 672 2139 Unam
711 2082 805 2137 Dei
850 2089 905 2135 et
935 2079 1174 2135 hominis
1210 2089 1460 2133 naturam
1492 2078 1797 2142 constituit,
1831 2087 1884 2134 et
1929 2079 2068 2134 duo-

494 2190 619 2229 rum
687 2173 971 2227 hominum
1032 2169 1414 2224 confusionem
1468 2177 1649 2223 vocat.
1698 2168 1830 2239 Ejus
1883 2170 2067 2238 itaque

495 2265 791 2318 verborum
842 2276 1039 2318 sensus
1089 2260 1177 2314 hic
1221 2268 1325 2325 est,
1376 2260 1526 2314 illum
1574 2260 1781 2315 scilicet
1830 2262 1922 2331 qui
1971 2277 2066 2331 per

494 2354 773 2425 Virginem
823 2352 1207 2407 manifestatus
1260 2360 1347 2406 est
1396 2351 1451 2405 in
1511 2367 1696 2418 carne,
1751 2367 1856 2406 non
1902 2353 2065 2407 modo

492 2445 792 2502 secundum
855 2443 1076 2498 deitatis
1140 2443 1538 2505 aternitatem,
1608 2443 2062 2512 quemadmodum

491 2549 686 2590 omnes
726 2533 1024 2599 credimus,
1072 2532 1169 2586 sed
1208 2541 1263 2587 et
1305 2529 1607 2586 secundum
1635 2532 1808 2602 ipsam
1842 2548 2061 2588 carnem

424 2620 425 2623 “
490 2626 708 2681 ctmctis
747 2624 951 2679 creatis
984 2623 1149 2678 rebus
1182 2622 1416 2693 priorem
1464 2622 1713 2693 intelligi.
1750 2622 1871 2678 Mox
1914 2625 2060 2678 enim

491 2719 774 2788 subjungit
804 2717 870 2771 ad
912 2718 1054 2771 hanc
1087 2728 1241 2770 suam
1286 2714 1598 2785 opinionem
1632 2715 2058 2771 conﬁrmandam

490 2811 623 2865 illud
652 2809 882 2875 Christi,
905 2809 1201 2877 Antequam
1229 2806 1497 2860 Abraham
1525 2808 1695 2875 ﬁeret,
1726 2824 1817 2877 ego
1846 2808 2055 2874 sum";

2247 1174 2640 1241 Προῦπάρχει,
2679 1172 2861 1241 φησὶν,
2898 1175 2932 1227 ό
2961 1172 3268 1241 ἅνθρωπος
3298 1175 3571 1242 Χριστός.
3619 1175 3755 1229 Συνο

2174 1269 2378 1318 επινοεί
2422 1264 2498 1334 τῷ
2529 1266 2586 1317 ὲν
2615 1266 2757 1335 άρχῇ
2798 1264 2911 1316 ὄντι
2954 1265 3111 1334 Λόγῳ
3138 1266 3229 1318 τὸν
3275 1266 3509 1335 φανέντα
3542 1267 3757 1337 ἄνθρω-

2175 1372 2293 1417 πον,
2337 1356 2411 1417 ὡς
2461 1355 2882 1426 προϋπάρχοντα
2930 1354 3033 1425 πρὸ
3083 1358 3183 1427 τῆς
3238 1356 3616 1427 φανερώσεως,
3658 1358 3755 1410 καὶ

2172 1445 2329 1509 ὲπεξε
2340 1446 2596 1515 ργάζεται
2616 1444 2704 1498 διὰ
2732 1443 2823 1497 τοῦ
2857 1444 3145 1498 ἀκολούθου
3182 1447 3241 1499 τὸ
3261 1447 3455 1517 νόημα.
3479 1448 3618 1518 Φησὶ
3641 1448 3751 1519 γάρ

2172 1538 2254 1590 δτι
2278 1539 2399 1604 Οὐχ
2420 1537 2622 1606 ἔτερόν
2649 1538 2779 1591 ἐστι
2826 1539 2958 1605 παρ’
2987 1537 3171 1591 αὑτὸν
3188 1539 3266 1591 ’τὸ
3293 1538 3553 1607 Πνεῦμα.
3577 1556 3749 1592 καταο

2176 1628 2450 1690 σκευάζων
2478 1628 2565 1682 διὰ
2611 1628 2822 1691 τούτου,
2868 1628 3035 1699 αὐτὴν
3062 1628 3155 1681 τοῦ
3201 1629 3331 1682 Υίοῢ
3378 1628 3476 1700 τὴν
3517 1630 3753 1701 θεότητα

2174 1720 2232 1785 ἐξ
2265 1719 2437 1790 ἀρχῆς
2480 1718 2765 1791 ἄνθρωπον
2808 1715 2966 1783 εἶναι,
2997 1721 3131 1791 ὅπερ
3163 1720 3492 1792 σαφέστερον
3532 1721 3621 1775 διὰ
3653 1722 3749 1775 τοῦ

2168 1808 2363 1876 ἐφεξῆς
2391 1808 2662 1861 δείκνυται
2684 1808 2844 1875 λόγου
2868 1826 2879 1836 ’
2912 1809 3045 1879 φησὶ
3065 1810 3197 1879 γάρ,
3227 1810 3307 1863 ὅτι
3352 1810 3414 1862 '0
3444 1810 3751 1878 Κύριοςέν

2167 1895 2241 1964 τῇ
2266 1896 2373 1949 τοῦ
2417 1896 2564 1951 Θεοῦ
2596 1894 2907 1965 ἀνθρώπου
2946 1899 3145 1965 φύσει.
3178 1897 3340 1953 θεῖον
3381 1899 3621 1968 Πνεῦμα

2166 1988 2311 2041 Μίαν
2355 1988 2573 2059 ἐποίησε
2615 1988 2708 2040 τοῦ
2756 1987 2891 2041 Θεοῦ
2938 2006 2996 2041 τε
3041 1989 3134 2042 κα)⁵
3178 1988 3273 2042 τοῦ
3316 1989 3601 2061 ἀνθρώπου
3644 1992 3747 2059 τὴν

2166 2077 2345 2147 φύσιν,
2392 2079 2487 2132 καὶ
2530 2076 2830 2149 ἀνθρώπων
2856 2079 2969 2148 (78)
3001 2078 3093 2132 δύο
3125 2080 3224 2150 τὴν
3250 2081 3575 2152 συναλοιφὴν
3604 2098 3747 2135 κατ-

2164 2170 2443 2239 ωνόμασεν
2461 2206 2477 2222 .
2522 2168 2588 2221 Ἦ
2628 2168 2727 2238 μὲν
2751 2163 2844 2222 οὖν
2883 2169 3089 2223 διάνοια
3119 2170 3226 2221 τῶν
3251 2171 3554 2241 εἰρημένων
3576 2170 3743 2237 αὕτη,

2164 2260 2245 2313 ὅτι
2281 2258 2342 2311 τὸ
2372 2258 2457 2313 διὰ
2490 2258 2690 2330 σαρκὸς
2728 2260 2794 2314 ὲκ
2837 2260 2936 2330 τῆς
2980 2260 3253 2331 Παρθένου
3301 2263 3631 2334 φανερωθὲν,
3677 2266 3742 2316 οὐ

2168 2348 2326 2420 μόνον
2357 2350 2497 2402 κατὰ
2525 2348 2621 2418 τὴν
2650 2348 2748 2417 τῆς
2782 2348 3031 2420 θεότητος
3072 2349 3349 2420 άῖδιότητα
3396 2356 3744 2425 προεπινοεί-

2163 2459 2252 2493 ται
2284 2440 2390 2493 τῶν
2422 2440 2610 2505 ὄντων,
2652 2439 2833 2503 καθὼς
2867 2440 3064 2504 πάντες
3088 2442 3435 2513 πιστεύομεν,
3478 2444 3615 2497 ἀλλὰ
3646 2446 3745 2500 καὶ

2164 2534 2283 2585 κατ’
2314 2532 2482 2602 αὐτὴν
2507 2531 2606 2602 τὴν
2640 2534 2815 2601 σάρκα
2842 2533 2974 2602 (79).
3010 2533 3235 2601 Ἐπάγει
3260 2534 3367 2604 γὰρ
3386 2538 3498 2599 τοῖς
3518 2538 3745 2606 εἰρημέ-

2163 2641 2273 2686 νοις
2301 2625 2381 2686 είς
2406 2623 2505 2692 τὴν
2534 2622 2634 2692 τῆς
2673 2622 2924 2693 τοιαύτης
2956 2623 3273 2694 ὑπολήψεως
3310 2628 3614 2697 μαρτυρίαν
3654 2628 3741 2695 τὸ,

2165 2714 2313 2781 Πρὶν
2376 2711 2617 2780 Ἀϐραὰμ
2667 2711 2964 2782 γενέσθαι,
3008 2714 3121 2782 ἐγώ
3170 2716 3285 2783 ειμι
3311 2733 3324 2746 ο
3361 2717 3454 2769 καὶ
3496 2718 3596 2787 τὴν
3646 2719 3742 2771 τοῦ

2174 2803 2416 2858 Ἰωάννου
2447 2803 2651 2873 φωνὴν,
2698 2804 2781 2868 τὸ,
2814 2803 3049 2872 Πρῶτός
3070 2822 3188 2873 μου
3217 2802 3324 2874 ἦν’
3377 2807 3491 2871 καὶ,
3513 2800 3617 2872 Εἷς
3634 2809 3748 2862 Κύ-

490 2898 625 2953 illud
663 2896 892 2952 Joannis
929 2896 1206 2966 Baptista,
1247 2894 1408 2948 Prior
1448 2912 1528 2949 me
1557 2905 1671 2950 erat
1694 2896 1774 2961 “;
1826 2904 1879 2950 et
1928 2897 2058 2949 illud

2160 2914 2303 2964 ριος,
2324 2895 2397 2948 δι’
2422 2890 2493 2950 οὗ
2528 2894 2598 2948 τὰ
2618 2894 2833 2949 πάνταο
2848 2896 2958 2959 καὶ,
2974 2898 3163 2962 Αὐτός
3183 2897 3312 2951 ἐστι
3335 2900 3448 2968 πρὸ
3465 2898 3740 2954 πάντων

488 2991 758 3060 Apostoli,
790 2989 857 3043 Et
894 3006 1029 3043 unus
1071 2987 1330 3041 Dominus
1360 3004 1452 3056 per
1493 3004 1643 3057 quem
1679 2988 1954 3053 omnia";
1983 2998 2057 3052 et,

2158 2987 2251 3039 καί
2276 3003 2396 3039 τινα
2421 2984 2513 3039 τοῦ
2543 2984 2811 3055 Ζαχαρίου
2843 2985 3022 3056 φωνὴν
3052 2986 3185 3055 (80),
3206 2988 3294 3057 ἣν,
3330 2988 3405 3052 ὡς
3440 2988 3739 3061 βεϐιασμέ-

492 3082 614 3150 Ipse
635 3091 713 3136 est
757 3088 880 3134 ante
928 3077 1205 3143 omnes“;
1242 3092 1307 3131 ac
1352 3086 1614 3147 praterea
1666 3078 1772 3131 alia
1810 3078 2056 3149 quadam

2160 3090 2262 3136 νως
2297 3073 2432 3143 πρὸς
2460 3074 2549 3125 τὸν
2600 3072 2799 3125 σκοπὸν
2831 3072 3019 3126 τοῦτον
3059 3076 3432 3146 ὲπισυρεῖσαν,
3476 3080 3731 3151 παρήσο-

490 3174 771 3230 Zacbaria
814 3172 1094 3243 propheta
1131 3170 1318 3235 verba,
1353 3185 1475 3239 qua
1508 3178 1692 3239 utpote
1725 3185 1822 3239 per
1850 3171 1952 3223 vim
1990 3170 2059 3224 ad

2164 3182 2281 3234 μεν.
2327 3163 2464 3231 Ἐγὼ
2494 3165 2671 3217 τοίνυν
2702 3165 2751 3217 εί
2794 3165 2892 3234 μὲν
2921 3164 3177 3219 ἐλάνθανε
3206 3164 3295 3219 διά
3340 3185 3483 3232 τινος
3524 3173 3737 3241 νοημά-

489 3266 637 3320 hunc
671 3264 791 3334 ejus
838 3276 1063 3331 scopum
1104 3266 1378 3330 pertracta
1424 3259 1763 3313 omittemus.
1796 3256 2058 3328 Equidem

489 3357 535 3412 si
560 3356 752 3426 aliquo
799 3352 1197 3408 sententiarum
1253 3349 1533 3404 involucro
1592 3349 1844 3404 absurda
1895 3349 2058 3417 hujus

488 3442 769 3513 opinionis
803 3440 1052 3509 probatio
1094 3444 1392 3507 tegeretur,
1428 3446 1573 3491 recte
1617 3440 1803 3507 utique
1836 3438 1889 3491 in
1921 3453 2057 3492 con-

489 3530 731 3587 futandis
763 3544 885 3599 qua
908 3527 1118 3581 occulta
1145 3526 1321 3580 forent
1351 3540 1571 3595 cperant
1601 3540 1895 3594 ponerem;
1922 3541 2055 3596 quo-

486 3627 637 3678 niam
670 3637 796 3676 vero
841 3628 1027 3690 aperte
1062 3619 1395 3689 impietatem
1429 3616 1784 3683 vociferatur,
1836 3633 1944 3672 non
1975 3618 2056 3672 vi-

486 3716 590 3771 deo
613 3712 743 3785 quid
782 3711 1016 3784 amplius
1052 3709 1257 3765 nostris
1287 3708 1638 3765 sermonibus
1669 3710 2051 3765 conficeretur.

488 3806 545 3859 Si
591 3812 718 3859 ante
762 3803 961 3859 sacula
998 3816 1128 3857 caro
1173 3810 1279 3868 est,
1332 3800 1377 3855 si
1434 3809 1725 3869 antequam
1778 3801 2052 3855 Abraham

486 3898 639 3952 fieret
668 3894 782 3964 jam
824 3902 941 3949 erat
985 3892 1131 3963 quod
1173 3892 1240 3946 de
1271 3890 1493 3961 Virgine
1542 3898 1728 3944 natum
1776 3900 1879 3958 est,
1922 3906 2053 3960 ergo

484 3989 702 4044 Nacbor
738 3994 898 4041 atate
936 3983 1193 4054 pracedit
1228 3982 1425 4054 Virgo;
1465 3998 1595 4053 ergo
1620 3991 1671 4037 et
1720 3991 1845 4037 ante
1878 3984 2049 4038 Adam

484 4079 677 4134 Maria.
719 4075 915 4131 Verum
951 4074 1082 4145 quid
1113 4074 1216 4127 hoc
1239 4074 1397 4128 dico?
1432 4073 1515 4125 vel
1550 4074 1688 4141 ipsa,
1722 4079 1780 4124 ut
1815 4071 2047 4135 videtur,

482 4172 726 4225 omnium
772 4184 957 4224 rerum
994 4167 1271 4221 creatione
1315 4164 1592 4233 antiquior
1633 4163 1756 4226 erit,
1806 4162 2050 4232 ipsisque

482 4263 698 4319 saculis
741 4260 1029 4317 vetustior.
1073 4258 1131 4311 Si
1181 4257 1325 4311 enim
1363 4256 1679 4309 incarnatus
1720 4262 1804 4309 est
1843 4254 1901 4307 in
1934 4252 2049 4307 Vir-

480 4354 640 4421 gine;
670 4366 797 4404 caro
822 4361 999 4404 autem
1029 4347 1187 4403 Jesus
1209 4346 1445 4410 dicitur;
1481 4345 1665 4399 Jesum
1699 4354 1880 4399 autem
1922 4351 2047 4397 ante

2158 3271 2266 3307 των
2296 3253 2587 3326 περιϐολῆς
2631 3256 2664 3325 ἠ
2710 3254 2802 3307 τοῦ
2833 3255 3032 3308 ἀτόπου
3080 3258 3408 3328 κατασκευὴ,
3461 3258 3638 3321 καλῶς
3667 3261 3739 3312 ἂν

2159 3345 2287 3415 περὶ
2318 3344 2409 3397 τὸν
2435 3344 2654 3415 ἔλεγχον
2678 3345 2786 3398 τῶν
2809 3347 3202 3418 κεκρυμμένων
3226 3349 3553 3413 ἐσπούδαζον
3574 3367 3588 3380 °
3614 3353 3739 3405 ἐπεὶ

2156 3435 2213 3488 δὲ
2269 3434 2563 3506 διαρρήδην
2629 3434 2726 3507 βοᾷ
2772 3436 2869 3506 τὴν
2922 3437 3208 3503 ἀσέϐειαν,
3258 3441 3358 3493 οὐκ
3404 3436 3522 3494 οἶδα
3568 3442 3620 3493 τί
3668 3444 3741 3498 ἂν

2158 3524 2317 3577 πλέον
2350 3526 2414 3578 ἐκ
2444 3526 2549 3577 τῶν
2580 3526 2858 3596 ἡμετέρων
2878 3527 3085 3595 γένοιτο
3110 3528 3300 3596 λόγων.
3323 3530 3387 3583 Εί
3410 3530 3737 3602 προαιώνιος

2155 3616 2187 3683 ή
2243 3612 2397 3684 σὰρξ,
2436 3615 2483 3667 εἰ
2532 3614 2637 3685 πρὸ
2680 3614 2773 3666 τοῦ
2813 3614 3061 3686 Ἀϐραάμ
3094 3618 3363 3685 γενέσθαι,
3391 3620 3452 3672 τὸ
3493 3621 3558 3673 ἐκ
3612 3623 3732 3675 Ma-

2157 3704 2279 3772 ρίας
2301 3698 2389 3773 ἦν,
2422 3704 2529 3775 ἄρα
2570 3704 2914 3776 πρεσϐυτέρα
2947 3706 3041 3759 τοῦ
3072 3707 3272 3779 Ναχὼρ
3312 3710 3422 3780 (8i)
3451 3712 3483 3781 ἡ
3522 3711 3734 3782 Παρθέ-

2155 3811 2277 3858 νος·
2315 3795 2422 3866 ἄρα
2456 3797 2549 3849 καὶ
2583 3796 2689 3867 πρὸ
2720 3795 2813 3849 τοῦ
2876 3798 3046 3867 Ἀδάμ
3094 3800 3127 3869 ὴ
3180 3800 3384 3869 Μαρία.
3435 3802 3627 3856 Καίτοι
3675 3802 3730 3856 τί

2150 3886 2310 3941 τοῦτο
2340 3888 2515 3955 λέγω;
2544 3887 2737 3957 αὐτῆς,
2769 3889 2845 3952 ὡς
2896 3887 3063 3952 ἔοικε,
3109 3890 3451 3961 πρεσὸυτέρα
3496 3893 3593 3964 τῆς
3621 3894 3729 3945 τῶν

2151 3980 2317 4032 όντων
2352 3979 2683 4044 συστάσεως,
2717 3979 2811 4031 κα)¹
2864 3978 3044 4031 αὐτῶν
3090 3980 3197 4032 τῶν
3244 3979 3454 4034 αἰώνων
3501 3982 3728 4052 ἀρχαιο-

2148 4069 2299 4141 τέρα.
2335 4071 2396 4123 Ei
2428 4071 2533 4143 γὰρ
2576 4069 2863 4141 ὲσαρκώθη
2917 4069 3015 4139 μὲν
3049 4071 3105 4123 ὲν
3150 4073 3213 4141 τῇ
3260 4072 3554 4143 Παρθένῳ·
3590 4075 3622 4142 ἡ
3668 4074 3724 4125 δὲ

2126 4160 2286 4232 σὰρξ
2328 4161 2532 4231 Ἰησοῦς
2576 4162 2829 4229 λέγεται·
2864 4160 3069 4216 ἐκεῖνον
3096 4162 3152 4215 δὲ
3185 4162 3290 4233 πρὸ
3329 4162 3546 4216 πάντων
3587 4159 3722 4217 εἶναι

2146 4252 2233 4304 διὰ
2264 4251 2356 4304 τοῦ
2419 4252 2741 4305 ’Λποστόλου
2787 4252 3157 4323 μαρτύρεται·
3210 4252 3287 4316 ὡς
3314 4253 3480 4318 ἔοικε,
3514 4257 3579 4324 τῇ
3626 4254 3720 4308 τοῦ

2148 4342 2359 4412 Πατρὸς
2407 4343 2669 4413 άῖδιότητι
2723 4342 3151 4397 συνεπινοεῖσθαι
3199 4344 3294 4397 καὶ
3345 4346 3442 4414 τὴν
3484 4345 3720 4414 Μαρίαν,

480 4441 667 4496 omnia
705 4455 827 4495 esse
857 4437 1086 4492 allirmat
1123 4437 1450 4507 Apostolus;
1483 4445 1541 4489 ut
1570 4434 1795 4487 Mariam
1824 4441 2045 4488 coater-

2160 4436 2443 4501 ὃγενναῖος
2471 4436 2891 4499 κατασκευάζει.
2928 4436 3039 4489 Καὶ
3070 4434 3258 4488 σιωπῶ
3291 4434 3359 4487 τὰ
3401 4435 3517 4487 λίαν
3544 4436 3725 4504 άπεμο

478 4548 605 4587 nam
639 4531 785 4584 Patri
813 4530 1203 4597 intelligamus,
1229 4528 1481 4598 egregius
1502 4526 1604 4582 iste
1636 4525 1873 4596 scriptor
1903 4525 2039 4587 suis,

477 4626 533 4679 ni
576 4624 760 4689 fallor,
788 4622 1124 4691 argumentis
1160 4617 1343 4674 ellicit.
1383 4617 1489 4672 Sed
1527 4616 1862 4671 incredibilia
1890 4616 2042 4669 valde

472 4725 531 4771 et
562 4716 721 4787 plane
742 4714 970 4775 absona,
994 4711 1059 4764 ad
1089 4724 1209 4780 qua
1236 4710 1289 4763 in
1330 4708 1514 4778 operis
1555 4721 1846 4776 progressu
1878 4706 2042 4775 hujus

474 4807 737 4863 novitatis
792 4818 987 4860 vocum
1040 4802 1372 4871 perversitas
1431 4798 1768 4869 provehitur,
1823 4798 2043 4853 silentio

2150 4526 2425 4596 φαίνοντα,
2462 4527 2596 4598 πρὸς
2638 4527 2674 4581 ἃ
2717 4528 2856 4580 κατὰ
2895 4528 2955 4580 τὸ
3005 4527 3349 4598 ἀκόλουθονὴ
3387 4528 3582 4581 ἀτοπία
3626 4532 3724 4598 τῆς

2151 4618 2509 4687 καινοφωνίας
2540 4619 2650 4689 (8‘2)
2687 4620 2975 4690 ἐκφέρεται
2996 4636 3010 4650 ο
3052 4618 3148 4672 ἴδοι
3193 4618 3299 4689 γάρ
3330 4618 3395 4671 ἂν
3420 4620 3448 4671 ὁ
3472 4618 3721 4687 ἀγχίνους

2150 4713 2212 4763 ὲκ
2245 4710 2339 4764 τοῦ
2376 4709 2667 4763 ἀκολούθου
2715 4710 2776 4762 τὸ
2825 4710 3044 4772 ἄτοπον,
3084 4707 3185 4761 κᾶν
3218 4708 3291 4778 μὴ
3334 4711 3399 4779 τῇ
3446 4706 3587 4773 λέξει
3623 4707 3721 4777 τὴν

2151 4800 2534 4871 ἀσχημοσύνην
2568 4800 3046 4874 παραδηλώσωμεν
3073 4798 3207 4869 (85).

472 4902 866 4973 praetermitto;
915 4897 1203 4968 sagacibus
1248 4895 1392 4950 enim
1440 4894 1571 4949 viris
1617 4892 1777 4947 facile
1813 4894 1916 4947 erit
1954 4895 2189 4949 absurda
2226 4896 2341 4949 hac
2377 4910 2444 4949 ex
2484 4895 2552 4951 iis
2587 4910 2707 4965 qua
2745 4894 2872 4949 inde
2908 4900 3317 4961 consequuntur
3352 4906 3713 4961 cognoscere,

470 4994 720 5066 quamvis
751 5005 941 5048 eorum
983 4988 1375 5061 turpitudinem
1405 4986 1611 5041 nostris
1651 4986 1829 5041 verbis
1865 5002 1975 5041 non
2005 4988 2361 5057 explicemus.

542 5112 587 5143 ⁸³
615 5109 773 5164 Joan.
803 5124 923 5174 vui,
955 5106 1041 5163 58.
1117 5106 1163 5136 “
1188 5103 1345 5159 Joan.
1390 5119 1429 5168 I,
1464 5101 1548 5156 15.
1623 5102 1667 5133 ³⁸
1722 5102 1743 5157 ι
1806 5102 1935 5158 Cor.
1976 5118 2059 5159 VIII

2167 5143 2181 5158 .
2256 5105 2303 5136 "
2333 5103 2550 5160 Coloss.
2584 5119 2624 5169 ι,
2662 5103 2749 5157 17.

538 5230 651 5301 (77)
687 5228 833 5282 Part.
862 5228 917 5280 δέ
942 5243 1085 5301 corr.
1112 5227 1232 5280 add.

539 5298 553 5365 (
562 5300 649 5363 78)
681 5301 835 5355 Corr.
870 5298 1210 5365 πνευμάτων.

537 5362 650 5439 (79)
696 5368 905 5423 Similia
936 5362 1185 5439 referte;
1216 5363 1583 5439 hoc_Nysseni
1626 5362 2041 5439 Opere__Euthy-

467 5433 608 5495 mins
631 5433 935 5509 Zigabeuus
966 5438 1032 5509 in,
1059 5436 1276 5509 laudato
1317 5433 1740 5509 Ptiiiopliw_cap.
1778 5434 1843 5509 l3
1868 5472 1881 5495 ,
1914 5433 2034 5509 pag.

2144 5224 2438 5279 Ahrahami
2466 5223 2634 5277 frater
2664 5239 2730 5277 ex
2759 5221 2937 5276 Thare
2966 5222 3163 5291 prioris
3193 5219 3409 5274 Nachor
3438 5220 3714 5291 filio,7me-

2141 5306 2423 5349 morantur
2450 5297 2505 5348 in
2540 5295 2674 5347 libro
2696 5290 2975 5346 Geneseos’
2990 5308 3109 5361 cap.
3131 5307 3207 5344 xi.
3226 5293 3401 5361 Quare
3418 5306 3543 5361 cuin
3565 5290 3716 5343 Chri-

2140 5372 2258 5419 stus
2291 5374 2580 5433 antequam
2606 5363 2876 5433 Abraham
2903 5357 3140 5433 lieret'se
3159 5360 3437 5433 exstitisse
3465 5357 3710 5433 afﬁrmet.

2139 5433 2361 5487 Mariam
2388 5428 2688 5486 secundum
2740 5431 2929 5484 falsam
2970 5430 3295 5499 Apollinaris
3351 5428 3710 5499 hypothesim,

464 5511 592 5574 59.3,
626 5496 765 5563 ver.
821 5506 886 5561 Ut
917 5506 1117 5576 probet,
1164 5507 1288 5561 licet
1335 5496 1556 5574 praecisa
1600 5496 1828 5574 Nysseni
1874 5496 2036 5558 verba
2135 5502 2653 5576 NachorAbrahami
2678 5516 2835 5553 avum
2862 5496 3386 5571 atate'praecssisse
3414 5514 3443 5550 a
3470 5496 3712 5569 Nysseao

464 5596 574 5635 non
600 5587 794 5634 servet.

536 5650 647 5773 (80)
678 5648 751 5702 De
773 5648 856 5701 his
888 5646 997 5716 agit
1029 5644 1194 5700 infra.
1243 5714 1253 5725 .

536 5717 618 5773 t8l
704 5716 919 5773 Nachor
964 5714 1256 5772 Abrahanu
1316 5730 1471 5773 avus.
1506 5725 1558 5773 ct
1618 5716 1834 5772 Nachor
1896 5716 1987 5771 alti

535 5714 647 5775 t8!)
704 5714 1256 5773 Nachor‘Abrahami
1316 5730 1471 5783 avus,
1506 5725 1558 5773 ct
1618 5716 1834 5772 Nar-hor
1896 5716 2030 5771 alter

2140 5572 2360 5628 dicitur.

2203 5642 2316 5710 (82)
2343 5643 2499 5696 Corr.
2531 5639 2877 5710 κενοφωνίας.

2208 5647 2295 5709 (82
2343 5647 2499 5696 Corr.
2531 5647 2877 5710 κενοφωνίας.

2208 5647 2319 5785 (85;
2340 5712 2495 5769 Corr.
2530 5709 3069 5787 παραγυμνὼσωμενι.
