4006 6468
361 339 500 396 “59

1517 346 1895 403 ADVERSUS
1928 346 2421 403 APOLLINAllEM

3470 347 3602 403 H50

445 457 604 512 Ἀλλά
641 460 1085 533 παραδρᾶμωμεν
1128 462 1223 535 τὴν
1274 464 1382 520 τῶν
1423 467 1708 537 νοημάτων
1737 466 1938 520 τούτων

2110 465 2250 521 XIV.
2300 466 2404 520 Sed
2438 463 2751 533 lmiusmodi
2785 462 3179 520 sententiarum
3213 462 3439 518 fetorem
3468 478 3595 533 prae.

355 549 645 613 δυσωδίαν,
674 548 923 605 τοσοῦτον
944 557 1465 628 παῳσημηνάμενοι
1494 558 1679 628 μόνον·
1704 559 1815 629 (84)
1855 560 1937 612 ὅτι

359 642 409 693 εἰ
443 641 768 711 προαιώνιος
795 644 829 711 ἡ
878 643 1033 715 σὰρξ,
1064 645 1125 698 οὐ
1166 647 1464 701 κεκένωται
1510 650 1542 719 ὴ
1587 642 1793 717 θεότης,
1840 650 1938 720 οὐχ

360 731 607 802 ὑπῆρχεν
653 732 710 784 ἐν
754 732 888 785 Θεοῦ
938 738 1117 807 μορφῇ
1152 737 1181 788 6
1229 736 1376 803 Υἱὸς,
1420 739 1482 792 οὐ
1526 739 1938 809 μετημφιάσατο

357 824 423 876 τὸ
479 823 721 879 δουλικὸν
771 827 1094 897 πρόσωπον·
1153 829 1268 882 ἀλλ’
1314 831 1450 902 ὅπερ
1506 826 1575 901 ἦν
1632 833 1698 901 τῇ
1752 829 1933 900 φύσει,

359 914 520 969 τοῦτο
567 914 883 988 ἐφανερώθη
932 917 1047 982 νῦν,
1097 917 1197 971 οὐκ
1238 919 1592 991 ἐταπεινώθη.
1644 921 1829 985 Ἵλεώς
1877 920 1936 974 δὲ

359 1004 448 1075 εἴη
480 1003 559 1075 τῷ
605 1003 746 1075 λόγῳ
771 1007 799 1058 6
826 1004 1030 1073 Λόγοςο
1074 1004 1206 1059 ἀλλά
1255 1006 1443 1059 σιωπῶ
1489 1007 1550 1060 τὸ
1597 1006 1932 1076 λειπόμενον.

361 1098 426 1151 Εἰ
456 1096 560 1169 πρὸ
588 1098 803 1151 πάντων
833 1099 867 1169 ἠ
900 1097 1056 1168 σὰρξ,
1084 1096 1144 1161 ἐξ
1185 1097 1465 1163 ἀσθενείας
1493 1098 1601 1170 ἀρα
1628 1099 1695 1151 τά
1735 1098 1933 1162 πάντα,

361 1189 463 1241 οὐκ
509 1189 573 1241 ἐκ
620 1187 921 1257 δυνάμεως·
971 1188 1040 1241 Τὸ
1091 1189 1199 1256 γὰρ
1244 1189 1479 1258 πνεῦμα
1528 1189 1851 1257 πρόθυμον,
1892 1189 1933 1257 ἠ

361 1279 432 1333 δὲ
480 1278 637 1348 σὰρξ
696 1278 976 1345 ἀσθενής.
1044 1279 1186 1350 Ἀρα
1234 1281 1328 1335 καὶ
1388 1278 1547 1350 μέχρι
1598 1279 1787 1332 τούτου
1836 1278 1934 1349 τὴν

361 1370 590 1425 ἀτοπίαν
642 1370 843 1439 ἵστησι.
893 1370 1003 1423 Καὶ
1048 1368 1129 1432 τίς
1179 1371 1278 1424 οὐκ
1307 1369 1374 1424 ἂν
1410 1372 1474 1423 ἐκ
1505 1368 1598 1423 τοῦ
1645 1368 1932 1423 ἀκολούθου

360 1460 431 1514 τὰ
485 1460 804 1531 συνημμένα
854 1459 966 1531 (85)
1012 1460 1224 1523 τούτοις
1277 1462 1656 1531 κατανοήσειες
1712 1461 1935 1523 Πάντως

362 1553 474 1624 γὰρ
509 1553 683 1606 πάντα
707 1551 776 1605 τὰ
812 1552 912 1621 τῆς
938 1552 1136 1624 σαρκὸς
1168 1552 1430 1623 ἰδιώματα
1459 1552 1828 1621 συνεπινοήσει
1857 1550 1934 1621 τῷ

369 1644 509 1714 μετά
537 1642 636 1711 τῆς
678 1642 876 1712 σαρκὸς
908 1642 1019 1696 όντι
1068 1643 1171 1715 πρὸ
1215 1643 1322 1696 τῶν
1352 1642 1581 1707 αἰώνων,
1623 1642 1714 1695 τὸν
1745 1640 1931 1703 κόπον,

364 1734 464 1804 τὴν
490 1733 685 1803 λύπην,
725 1732 786 1784 τὸ
830 1732 1085 1803 δάκρυον,
1117 1732 1213 1804 τὴν
1260 1732 1436 1801 δίψαν,
1484 1732 1574 1785 τὸν
1618 1731 1803 1798 ὕπνον,
1835 1731 1932 1801 τὴν

2038 565 2333 623 tereamus,
2362 557 2467 610 hoc
2506 565 2714 609 tantum
2757 557 2935 611 obiter
2978 554 3349 609 adnotantes:
3384 555 3431 608 si
3478 561 3602 609 ante

2038 651 2239 704 saecula
2270 664 2400 703 caro
2436 647 2557 714 fuit,
2595 662 2704 701 non
2731 646 3009 702 exinanita
3056 653 3143 701 est
3172 644 3457 711 divinitas,
3494 659 3602 698 non

2037 747 2149 792 erat
2182 737 2235 790 in
2263 736 2358 792 Dei
2388 734 2562 789 forma
2585 734 2778 800 Filius,
2808 749 2919 790 non
2944 735 3087 790 servi
3119 733 3352 788 formam
3388 732 3601 801 induit;

2037 826 2132 882 sed
2169 825 2315 896 quod
2365 833 2483 879 erat
2515 835 2708 878 natura
2750 823 2804 878 id
2842 837 2990 877 nunc
3042 821 3317 892 apparuit,
3354 834 3461 873 non
3497 820 3602 872 hu-

2036 917 2279 973 miliatus
2309 916 2429 970 fuit.
2461 914 2713 987 Ignoscat
2747 924 2926 969 autem
2955 912 3094 968 meis
3123 911 3301 967 verbis
3336 909 3599 975 Verbum;

2037 1010 2133 1066 sed
2178 1008 2323 1079 quod
2364 1009 2635 1077 reliquum
2675 1016 2758 1061 est
2801 1005 3020 1061 silentio
3057 1011 3341 1074 praetereo.
3374 1001 3430 1056 Si
3479 1010 3604 1056 ante

2035 1104 2276 1157 Omnium
2311 1114 2491 1154 rerum
2535 1099 2868 1152 creationem
2904 1111 3037 1150 caro
3077 1094 3199 1161 fuit,
3226 1110 3356 1166 ergo
3389 1109 3484 1163 per
3516 1095 3604 1145 in-

2037 1191 2369 1263 firmitatem,
2407 1205 2513 1243 non
2540 1204 2636 1258 per
2666 1189 2963 1258 potentiam
3006 1194 3204 1240 cuncta
3238 1196 3420 1239 creata
3453 1191 3601 1249 sunt,

2036 1282 2269 1351 Spiritus
2303 1281 2440 1335 enim
2471 1292 2743 1348 promptus
2774 1288 2876 1345 est,
2917 1294 3042 1332 caro
3078 1286 3252 1331 autem
3296 1276 3512 1343 inﬁrma
3533 1275 3601 1329 ".

2034 1372 2178 1444 Ergo
2220 1380 2275 1428 et
2316 1373 2422 1426 huc
2457 1386 2632 1441 usque
2669 1370 2909 1424 hominis
2961 1368 3122 1424 istius
3167 1367 3387 1437 ineptia:
3417 1381 3603 1436 proce-

2033 1462 2188 1518 dunt.
2232 1460 2295 1514 Et
2334 1461 2585 1529 quisnam
2628 1474 2750 1529 qua:
2792 1459 2877 1513 his
2920 1466 3291 1513 consentanea
3342 1463 3490 1519 sunt,
3536 1469 3604 1509 ex

2034 1552 2440 1621 consequentiis
2470 1564 2591 1620 quae
2626 1549 2753 1605 inde
2801 1547 3167 1611 deducuntur,
3216 1562 3325 1601 non
3361 1544 3605 1599 animad-

2033 1643 2295 1697 verterit?
2332 1642 2543 1697 Cuncta
2581 1641 2725 1696 enim
2756 1654 2877 1710 quae
2916 1639 3063 1694 carni
3103 1646 3231 1694 sunt
3263 1637 3505 1709 propria,
3546 1636 3604 1691 in

2034 1748 2100 1789 eo
2135 1733 2228 1803 qui
2266 1742 2392 1788 ante
2431 1733 2629 1788 saecula
2669 1746 2890 1787 carnem
2935 1731 3148 1793 habuit,
3177 1730 3402 1784 omnino
3440 1728 3603 1782 simul

366 1824 509 1879 κατά
540 1826 727 1877 πεῖναν
774 1823 999 1887 ἔνδειαν,
1047 1825 1140 1877 καὶ
1185 1824 1247 1877 τὸ
1290 1823 1407 1876 ἐστι
1449 1822 1560 1894 (86)
1612 1823 1800 1876 τούτου
1833 1839 1936 1875 πα-

2044 1802 2344 1892 intelligere
2387 1829 2621 1892 oportet,
2660 1821 2922 1884 laborem,
2974 1820 3271 1883 tristitiam,
3312 1820 3603 1889 lacrymas,

331 1953 343 1961 -
371 1916 762 1987 ραλογώτερον.
805 1915 1020 1987 Ἐπειδὴ
1064 1916 1120 1970 δὲ
1171 1915 1418 1970 Παιδίον
1445 1916 1736 1984 ἐγεννήθη
1769 1915 1931 1984 ἡμῖν,

369 2005 550 2069 καθὼς
582 2008 641 2078 ,η
690 2005 808 2058 θεία
842 2006 993 2075 φωνὴ
1024 2005 1170 2075 λέγει
1204 2004 1337 2075 (87),
1368 2006 1459 2059 καὶ
1479 2002 1633 2075 ὤφθη
1658 2003 1808 2073 παρὰ
1829 2005 1935 2056 τῶν

368 2097 642 2167 ποιμένων
668 2098 725 2149 ἐν
756 2096 1087 2167 σπαργάνοις
1109 2098 1137 2149 6
1179 2096 1401 2168 Κύριος,
1442 2095 1622 2158 καθώς
1640 2094 1750 2165 (88)
1774 2111 1935 2165 φησιν

367 2194 398 2245 ό
446 2192 674 2252 Λουκᾶς,
735 2189 814 2241 ὅτι
866 2187 1239 2257 Προέκοπτεν
1279 2188 1509 2255 Ἰησοῦς
1564 2185 1789 2254 ἡλικίᾳ,
1836 2185 1936 2238 καί

368 2283 573 2352 σοφίᾳ,
592 2282 690 2336 καὶ
710 2280 920 2351 χάριτι,
938 2279 1307 2351 τελειούμενος
1326 2280 1400 2342 ώς
1419 2278 1527 2351 (89)
1547 2279 1636 2331 ἐπὶ
1657 2277 1714 2331 τὸ
1740 2276 1936 2348 μέτρον

367 2373 600 2444 προῆλθε
622 2373 721 2441 τῆς
744 2370 1175 2443 ἀνθρωπότητος,
1205 2370 1308 2442 όδῷ
1349 2370 1576 2441 βαδίζων
1604 2368 1690 2423 διὰ
1714 2370 1814 2439 τῆς
1837 2368 1937 2437 φύ-

370 2482 527 2530 σεως,
545 2464 596 2517 τί
624 2462 808 2534 ἐροῦσι
831 2462 935 2532 πρὸ
954 2462 1062 2515 τῶν
1081 2461 1293 2516 αἰώνων
1309 2462 1408 2534 τὴν
1431 2463 1607 2534 σάρκα
1630 2461 1935 2533 βλέποντες,

367 2556 506 2626 ποίῳ
550 2556 730 2626 μέτρῳ
754 2552 846 2607 τοῦ
875 2552 1125 2625 σώματος
1151 2555 1256 2625 πρὸ
1283 2555 1390 2609 τῶν
1435 2555 1646 2609 αἰώνων
1680 2550 1790 2625 ιῆν;
1841 2553 1939 2607 Διά

367 2646 548 2715 πάσης
572 2644 680 2715 γὰρ
715 2645 775 2697 ἐν
804 2642 883 2714 τῷ
927 2646 1046 2697 κατ’
1075 2642 1356 2715 ἄνθρωπον
1406 2644 1505 2714 βίῳ
1549 2644 1788 2713 διεξῆλθε
1839 2646 1938 2715 τῆς

367 2737 602 2809 ἡλικίας.
638 2732 785 2807 Ἀρα
815 2737 942 2797 παῖς
994 2730 1061 2806 ἧν
1111 2736 1313 2799 ἐκεῖνος
1360 2736 1388 2789 6
1421 2735 1726 2809 ἄνθρωπος,
1773 2738 1801 2791 6
1834 2735 1939 2807 πρὸ

370 2829 552 2900 πάσης
582 2828 683 2899 τῆς
712 2828 940 2891 κτίσεως
968 2826 1064 2891 ὢν,
1099 2827 1132 2898 ἢ
1182 2827 1378 2898 βρέφος
1424 2828 1637 2898 νήπιον,
1678 2827 1711 2899 ἢ
1746 2827 1939 2898 μειρά-

369 2935 521 2981 κιον,
582 2918 615 2989 ἢ
671 2917 831 2980 εὐθὺς
895 2918 952 2969 ἐν
1006 2915 1193 2987 τελείῳ
1243 2915 1321 2987 τῷ
1377 2916 1624 2988 σώματις
1693 2916 1830 2969 Ἀλλ’
1890 2918 1940 2970 εἰ

369 3007 536 3061 παῖδα
564 3006 801 3075 λέγουσι,
830 3005 1045 3069 πάντως
1071 3005 1164 3059 καὶ
1191 3006 1371 3060 αἰτίαν
1411 3006 1794 3078 προσθήσουσι,
1823 3004 1940 3068 πῶς

2035 1916 2204 1979 sitim,
2244 1927 2514 1978 somnum,
2553 1912 2771 1976 famem,
2807 1919 2862 1966 et
2900 1913 2947 1965 si
2988 1910 3118 1981 quid
3170 1910 3255 1963 his
3289 1909 3601 1963 absurdius.

2035 2009 2303 2077 Quoniam
2332 2023 2460 2063 vero
2489 2007 2751 2062 Parrutus
2779 2016 2935 2061 natus
2966 2015 3042 2060 est
3082 2004 3230 2059 nobis
3249 2005 3315 2072 ³⁸,
3347 2002 3606 2074 quemad-

2036 2102 2255 2157 modum
2287 2099 2573 2170 Scriptura
2614 2099 2767 2163 dicit,
2811 2109 2863 2153 et
2894 2100 3091 2169 pannis
3122 2097 3400 2151 involutus
3444 2111 3475 2150 a
3510 2110 3606 2165 pa-

2035 2193 2278 2250 storibus
2305 2192 2459 2248 visus
2504 2198 2588 2247 est
2634 2190 2979 2256 Dominus”,
3018 2197 3073 2245 et
3106 2189 3268 2244 sicuti
3301 2187 3477 2242 Lucas
3517 2188 3604 2241 in-

2036 2288 2175 2358 quit,
2204 2284 2361 2340 Iesus
2393 2282 2703 2353 proﬁciebat
2733 2291 2909 2346 wtate,
2954 2282 3217 2350 sapientia
3250 2289 3299 2333 et
3332 2279 3512 2350 gratia
3532 2279 3604 2345 “,

2036 2384 2090 2431 et
2134 2382 2269 2428 tunc
2320 2374 2374 2427 in
2423 2370 2727 2441 perfectum
2777 2370 3053 2426 hominem
3104 2369 3296 2435 evasit,
3343 2384 3464 2423 cum
3512 2383 3609 2439 per

2038 2473 2331 2521 consuetos
2370 2471 2578 2517 natura:
2624 2460 2827 2533 gradus
2857 2462 2924 2516 ad
2968 2461 3287 2515 virilitatem
3338 2461 3607 2530 pervenit,

2038 2556 2168 2628 quid
2215 2555 2399 2610 dicent
2450 2554 2543 2625 qui
2597 2561 2725 2608 ante
2766 2552 2967 2608 saecula
3012 2567 3234 2607 carnem
3289 2552 3344 2605 in
3391 2550 3609 2606 Christo

2040 2646 2420 2717 conspiciunt?
2448 2645 2696 2711 Quonam
2727 2644 2783 2698 in
2811 2642 3060 2713 corporis
3090 2651 3232 2698 statu
3261 2650 3386 2696 ante
3410 2643 3609 2696 saecula

2039 2740 2196 2798 erat?
2226 2754 2350 2794 nam
2382 2738 2511 2793 dum
2539 2737 2593 2790 in
2625 2736 2880 2791 humanis
2914 2740 3115 2805 ageret,
3141 2748 3331 2789 omnes
3361 2733 3611 2787 humane

2039 2832 2165 2886 vitae
2214 2838 2403 2885 aetates
2444 2827 2783 2899 pertransiit.
2825 2825 3086 2897 Nunquid
3130 2841 3266 2896 puer
3294 2832 3412 2881 erat
3447 2824 3612 2878 homo

2040 2923 2149 2984 ille.
2188 2923 2431 2977 omnium
2468 2935 2647 2975 rerum
2675 2919 2953 2974 creatione
2977 2919 3261 2981 vetustior,
3297 2917 3379 2972 vel
3415 2932 3611 2988 parvus

2041 3011 2253 3078 infans,
2283 3011 2368 3065 vel
2396 3010 2861 3074 adolescentulus,
2891 3009 2975 3064 vel
3001 3008 3187 3063 statim
3217 3006 3461 3077 perfecto
3491 3020 3612 3059 cor-

367 3097 622 3151 τοσούτου
657 3096 1013 3168 παρελθόντος
1041 3096 1234 3160 αἰῶνος
1262 3097 1352 3149 ἐπὶ
1381 3096 1442 3150 τὸ
1476 3096 1680 3150 τέλειον
1707 3099 1803 3167 τῆς
1823 3096 1941 3166 ἡλι-

2044 3117 2173 3173 pore
2207 3099 2499 3172 praeditus?
2527 3100 2597 3153 At
2632 3115 2857 3169 puerum
2895 3099 2941 3155 si
2983 3098 3191 3164 dicunt,
3231 3098 3453 3152 omnino
3476 3110 3612 3150 cau-

369 3189 495 3251 κίας
552 3186 651 3240 οὐκ
701 3185 968 3256 ἔφθασενς
1026 3187 1089 3240 Εἰ
1138 3186 1195 3239 δὲ
1242 3186 1443 3239 τέλειον
1490 3185 1728 3253 λέγουσι,
1785 3186 1941 3239 τοῦτο

2047 3208 2163 3248 sam
2213 3208 2311 3248 eos
2359 3191 2654 3262 adiungere
2700 3198 2933 3261 oportet,
2974 3205 3075 3245 cur
3106 3198 3190 3245 tot
3230 3198 3614 3259 tantorumque

372 3278 563 3350 μαθεῖν
595 3276 896 3347 ἀξιώσομεν
920 3275 1054 3346 (90).
1098 3276 1217 3339 πῶς
1254 3277 1312 3329 ἐν
1340 3278 1403 3347 τῇ
1450 3275 1762 3349 ἀνθρωπίνῃ
1788 3276 1939 3345 γενέ-

372 3384 456 3421 σει
506 3366 849 3421 συστέλλεται
891 3370 969 3430 εἰς
1011 3366 1107 3438 τὴν
1157 3366 1397 3439 νηπιὼδη
1432 3367 1779 3439 βραχύτητα;
1831 3367 1941 3421 Ποῦ

369 3458 687 3513 καταλείπει
731 3459 793 3512 τδ
842 3458 1159 3529 περιττεῦον
1202 3459 1296 3513 τοῦ
1350 3458 1637 3530 σώματος;
1684 3460 1809 3525 Πῶς
1866 3460 1945 3524 είς

369 3551 558 3621 ὀλίγην
604 3549 947 3621 περιγραφὴν
996 3552 1025 3603 6
1062 3549 1223 3619 ὄγκος
1262 3552 1762 3623 ἀποσμικρύνεται;
1814 3550 1945 3607 Εἶτα

370 3642 534 3695 πάλιν
575 3640 693 3704 πῶς
730 3640 865 3712 πρὸς
890 3640 949 3694 τὸ
977 3640 1106 3693 ἴδιον
1135 3640 1330 3710 μέτρον
1371 3641 1632 3710 ἐπανάγει
1658 3642 1748 3695 τὸν
1785 3643 1947 3711 ὄγκον

368 3724 464 3789 τοῦ
500 3732 747 3803 σώματος
772 3750 787 3798 ;
828 3731 1052 3803 πότερον
1079 3731 1215 3801 ὅπερ
1239 3726 1380 3801 εἶχεν
1418 3730 1475 3797 ἐξ
1505 3733 1676 3804 ἀρχῆς
1703 3734 1942 3803 ἀναλαμ-

372 3824 549 3879 ϐάνων
585 3824 671 3877 διὰ
720 3823 819 3894 τῆς
857 3823 976 3876 κατ’
1017 3822 1194 3890 ὀλίγον
1242 3822 1538 3893 αὐξήσεως,
1584 3823 1617 3894 ἢ
1660 3824 1844 3896 ἕτερον
1889 3828 1947 3877 ἐν

371 3914 553 3985 ἑαυτῷ
597 3914 687 3968 διὰ
717 3914 817 3985 τῆς
851 3914 1056 3985 τροφῆς
1087 3913 1429 3984 προστιθείς;
1477 3912 1617 3966 Ἀλλ’
1657 3917 1703 3968 εἰ
1749 3916 1847 3986 μὲν
1888 3916 1949 3969 τὸ

372 4006 598 4076 ἀρχαῖον
651 4007 920 4075 φήσουσι,
1006 4004 1263 4077 περιττὴν
1326 4003 1543 4067 πάντως
1590 4005 1688 4074 τὴν
1746 4007 1949 4076 τροφὴν

374 4096 744 4161 ἀποδείξουσιν
763 4114 775 4128 ·
806 4097 855 4151 εἰ
881 4097 937 4150 δὲ
961 4096 1062 4155 οὒοι
1107 4095 1394 4169 ἀρνοῦνται
1426 4095 1538 4165 (91)
1581 4098 1785 4167 τροφῆς
1820 4115 1949 4168 μετ-

375 4188 666 4259 εσχηκέναι
695 4188 785 4241 τὸν
814 4185 1036 4259 Κύριον,
1063 4187 1115 4241 τί
1158 4186 1341 4258 ἐροῦσι
1372 4186 1502 4259 περὶ
1527 4188 1628 4259 τῆς
1652 4190 1763 4244 ἀνω
1783 4207 1951 4243 κατα-

374 4279 684 4351 λειφθείσης
713 4279 951 4350 σαρκός;
992 4273 1099 4345 Ἦς
1130 4280 1190 4334 τδ
1217 4279 1349 4334 πολὺ
1377 4280 1515 4333 κατὰ
1545 4280 1605 4333 τὸ
1642 4281 1788 4344 εἰκὸς
1817 4299 1950 4335 κατ-

375 4371 583 4444 ελήφθη
606 4372 740 4441 (92)’
766 4372 922 4443 μόνον
950 4372 1006 4425 δὲ
1024 4371 1274 4426 τοσοῦτον
1293 4373 1386 4426 ἀπ’
1405 4374 1572 4443 αὐτῆς
1589 4372 1795 4445 ἐλήφθη
1815 4375 1948 4443 (93),

2044 3286 2372 3342 saeculorum
2407 3293 2730 3340 transcursu
2768 3284 2831 3337 ad
2862 3281 3154 3353 perfectam
3179 3297 3285 3337 non
3311 3278 3617 3351 pervenerit

2043 3387 2273 3434 aetatem.
2321 3376 2417 3430 Sin
2450 3391 2577 3432 vero
2608 3374 2905 3446 perfectum
2955 3374 3230 3428 hominem
3268 3373 3477 3436 dicunt,
3514 3370 3617 3424 hoc

2046 3477 2301 3545 petimus,
2335 3484 2393 3529 ut
2444 3489 2546 3530 nos
2574 3473 2828 3537 doceant,
2864 3472 3140 3542 quomodo
3172 3471 3298 3526 dum
3345 3485 3375 3524 e
3396 3468 3619 3540 Virgine

2048 3566 2333 3629 nascitur,
2392 3562 2448 3618 in
2512 3562 2738 3617 infantis
2795 3562 3180 3632 corpusculum
3239 3557 3617 3613 contrahitur?

2048 3652 2283 3710 Ubinam
2326 3655 2605 3711 residuam
2640 3654 2887 3725 corporis
2926 3660 3135 3724 partem
3180 3650 3435 3721 reliquit?
3473 3649 3622 3716 Quo-

2049 3746 2213 3801 modo
2244 3745 2491 3814 ejusdem
2527 3745 2700 3800 moles
2730 3745 2811 3799 sic
2833 3751 2919 3799 est
2961 3743 3247 3795 imminuta
3276 3749 3335 3795 ut
3368 3741 3621 3795 terminis

2048 3836 2262 3906 exiguis
2307 3835 2900 3890 circumscriberetur?
2937 3833 3142 3888 Deinde
3176 3831 3449 3902 quomodo
3493 3845 3618 3884 rur-

2049 3944 2144 3984 sus
2179 3929 2231 3981 in
2275 3927 2562 3997 pristinum
2595 3936 2794 3982 statum
2830 3924 3075 3980 eamdem
3127 3922 3374 3992 corporis
3421 3922 3614 3976 molem

2050 4018 2330 4087 restituit}?
2358 4016 2561 4071 Eamne
2595 4032 2757 4086 quam
2806 4016 2873 4069 ab
2912 4014 3069 4069 initio
3109 4013 3339 4068 habebat
3375 4025 3622 4083 carnem,

2051 4107 2311 4178 paulatim
2342 4109 2659 4168 crescendo,
2697 4106 2894 4160 iterum
2926 4118 3174 4167 sumens,
3220 4116 3289 4155 an
3322 4102 3479 4155 aliam
3512 4104 3619 4161 sibi

2052 4197 2171 4267 ipse
2199 4213 2296 4268 per
2320 4197 2671 4252 nutritionetn
2702 4196 3006 4267 adiungens
3026 4195 3051 4247 ἲ
3075 4194 3131 4249 Si
3160 4193 3445 4264 pristinam
3469 4187 3621 4247 dixe-

2054 4287 2185 4352 rint,
2235 4288 2524 4343 ostendent
2580 4287 2738 4357 plane
2794 4300 3259 4356 supervacaneum
3322 4284 3401 4338 illi
3452 4282 3625 4337 fuisse

2054 4378 2491 4445 nutrimentum;
2522 4379 2605 4433 sin
2640 4394 2772 4433 vero
2814 4376 3102 4431 Dominum
3140 4375 3465 4431 nutrimenti
3501 4388 3627 4444 par-

375 4468 499 4521 ὅσον
537 4468 569 4536 ἠ
615 4467 775 4536 νηδὺς
809 4467 905 4535 τῆς
954 4465 1233 4537 Παρθένου
1274 4465 1541 4537 ἐχώρησε.
1577 4467 1800 4530 Πάντως
1844 4468 1941 4537 γάρ

2055 4470 2277 4541 ticipem
2329 4470 2501 4525 fuisse
2539 4471 2936 4534 concesserint,
2968 4468 3100 4540 quid
3133 4469 3317 4524 dicent
3354 4467 3422 4523 de
3462 4481 3627 4522 carne

374 4576 428 4611 τι
458 4558 553 4610 καὶ
581 4557 711 4628 περὶ
732 4558 901 4628 αὐτῆς
930 4556 1364 4628 τερατεύσονται,
1402 4558 1494 4611 καὶ
1522 4557 1840 4629 συνθήσουσι
1864 4557 1941 4611 διὸ

2058 4561 2111 4615 in
2137 4561 2277 4615 cmlo
2310 4561 2543 4616 relicta?
2591 4560 2838 4632 Magnam
2866 4561 3031 4625 enim,
3072 4569 3129 4615 ut
3159 4575 3257 4630 par
3280 4568 3386 4624 est,
3417 4568 3624 4630 partem

375 4648 577 4702 τούτων
611 4648 772 4719 ἕτερα
821 4648 1088 4718 δόγματα,
1116 4649 1199 4716 ἐφ’
1248 4646 1390 4719 ἆπερ
1440 4650 1694 4719 αὐτοί)ςή
1731 4649 1952 4702 ἀκολου-

377 4738 467 4791 θία
493 4741 593 4808 τῆς
633 4738 861 4802 ἀτοπίας
889 4738 997 4791 τῶν
1032 4737 1214 4809 μύθων
1257 4739 1377 4790 κατ’
1423 4739 1667 4809 ἀνάγκην
1708 4739 1947 4810 προάγη-

375 4845 467 4882 ται
499 4828 633 4900 (94).

2058 4652 2313 4722 reliquit;
2349 4660 2403 4705 et
2443 4660 2654 4705 tantum
2702 4668 2766 4707 ex
2802 4652 2893 4705 illa
2945 4652 3048 4707 sibi
3080 4652 3345 4705 duntaxat
3380 4665 3627 4704 reserva-

2057 4742 2135 4794 vit
2167 4750 2432 4812 quantum
2468 4740 2709 4814 Virginis
2743 4754 2931 4800 uterus
2964 4758 3162 4813 capere
3208 4748 3445 4812 poterat.
3484 4737 3629 4793 Sane

2058 4841 2431 4903 portentosum
2469 4835 2679 4905 aliquid
2721 4836 2789 4891 de
2834 4837 2948 4906 ipsa
2992 4850 3212 4905 quoque
3250 4831 3522 4894 ell‘utient,
3574 4838 3630 4885 et

376 4940 444 4980 ex
490 4926 890 4989 assertionibus
940 4926 1060 4983 istis
1092 4926 1321 4997 gradum
1357 4926 1441 4981 vel
1493 4926 1647 4981 inviti
1698 4927 1801 4983 sibi
1857 4926 2060 4983 facient
2091 4929 2159 4984 ad
2189 4930 2295 4984 alia
2335 4929 2621 4987 conflanda
2685 4932 2938 5004 dogmata
2996 4946 3116 5001 qua:
3182 4944 3248 4985 ex
3313 4924 3630 4997 huiusmodi

381 5017 684 5076 fabularum
717 5020 957 5074 vanitate
981 5020 1294 5076 necessario
1321 5028 1755 5090 consequuntur.

449 5133 493 5164 ³⁷
529 5132 717 5189 Matth.
752 5149 903 5198 xxvi,
931 5133 1021 5188 ll.
1098 5134 1145 5167 ³⁸
1170 5132 1273 5189 lsa.
1311 5149 1388 5198 ιτ,
1444 5133 1498 5188 6.
1573 5133 1618 5165 ³⁹
1640 5132 1774 5189 Luc.
1806 5148 1870 5199 ιι,
1904 5134 1941 5188 ιε

2044 5132 2116 5189 l6.
2194 5135 2239 5167 ⁸ο
2267 5135 2423 5202 ibid.,
2458 5136 2547 5191 52.

450 5248 561 5320 (84)
593 5247 690 5303 llic
719 5250 873 5305 locus
900 5266 1073 5318 usque
1098 5249 1165 5304 ad
1195 5250 1306 5314 illa,
1342 5248 1655 5320 ἐφανερώθη
1686 5248 1781 5305 νῦν
1833 5252 1952 5306 lau-

378 5318 551 5373 datur
585 5320 808 5390 totident
861 5321 1043 5376 verbis
1083 5321 1152 5374 ab
1202 5318 1812 5390 Euthytnio’Zigabeno
1859 5323 1951 5377 ubi

380 5405 568 5458 supra,
602 5404 720 5459 pag.
755 5388 892 5450 524.
928 5391 983 5443 ἱη
1039 5388 1393 5459 sequentibus
1439 5388 1625 5444 autem
1670 5405 1843 5459 usque
1888 5392 1954 5443 acl

378 5460 635 5528 verbal)!
664 5462 721 5515 δὲ
739 5459 940 5512 τέλειον
971 5460 1011 5513 C
1041 5460 1107 5525 2,
1160 5476 1380 5515 sensum
1429 5469 1639 5514 tantum
1695 5474 1957 5528 quorum-

378 5527 504 5583 dam
525 5527 751 5597 Nysseni
771 5541 1235 5595 argumentorum.
1264 5532 1554 5587 nonetiam
1578 5527 1738 5585 verba
1770 5529 1956 5585 refert.

450 5596 743 5671 (85)(ξοιϊ.
772 5600 865 5671 καὶ
894 5599 961 5652 τά
990 5600 1324 5671 συνημμένα.

450 5669 564 5735 (86)
598 5667 739 5737 Lege
771 5667 851 5738 ἔτι
882 5685 979 5738 pro
1006 5667 1141 5726 ἐστιζ

453 5738 566 5808 (8Ῑ)
600 5737 757 5808 Corr.
795 5737 912 5808 βοᾷ.

456 5807 570 5873 688)
601 5806 755 5865 Corr.
789 5806 883 5863 xui.
905 5809 1104 5877 καθώς.

2126 5250 2233 5321 (89)
2258 5251 2414 5306 Corr.
2444 5252 2568 5316 ἕως.

2131 5321 2243 5403 (9Q)
2283 5322 2633 5403 {innectiam
2665 5320 2849 5403 locum
2885 5336 3059 5403 usque
3087 5321 3152 5403 ad
3179 5321 3480 5403 verbailla,
3504 5324 3635 5403 mm-

2059 5390 2153 5453 δὺς
2169 5390 2268 5461 τῆς
2285 5390 2559 5462 Παρθένου
2584 5390 2876 5460 ἐχώρησεν,
2904 5390 3217 5445 atlverbttm
3259 5392 3479 5447 adducit
3526 5390 3635 5444 Ett-

2062 5462 2304 5531 tltyntius
2331 5463 2450 5514 loco
2490 5476 2613 5513 mox
2651 5462 2883 5518 laudato.
2917 5477 3039 5531 pag.
3078 5462 3201 5524 5‘25,
3238 5463 3331 5516 litt.
3368 5463 3417 5516 1.

2159 5530 2247 5595 9|)
2282 5530 2356 5582 Ita
2386 5545 2529 5584 corr.
2558 5538 2715 5584 antea
2738 5530 3020 5600 ἀρνῶνται.

2161 5601 2250 5666 92)
2285 5601 2359 5653 Ita
2385 5615 2528 5653 corr.
2562 5610 2719 5654 antea
2747 5601 3181 5671 καταλελεῖφθαι.

2135 5671 2247 5741 (93)
2278 5671 2520 5741 l_ta_enrr.
2561 5678 2715 5724 antea
2752 5671 3021 5741 εἰλῆφθαι.

2141 5740 2251 5812 (94)
2282 5737 2412 5796 Tria
2434 5740 2553 5796 haec
2583 5737 2895 5813 prostrema
2916 5742 3079 5799 verba
3106 5756 3253 5797 corr.
3286 5740 3415 5798 add.
