4006 6524
422 368 550 425 ΗΜ

422 572 542 626 istis
579 569 674 639 qui
700 568 936 623 divinam
984 565 1131 618 illam
1165 562 1597 617 incarnationem
1633 559 1853 615 saeculis
1891 574 1991 613 an-

422 662 675 717 teriorem
708 656 1026 725 praedicant,
1060 654 1330 725 quispiam
1358 652 1482 722 jure
1517 651 1711 706 merito
1743 651 1991 721 postula-

424 752 582 806 verit.
631 748 689 803 Si
733 750 877 804 enim
920 760 1142 800 carnem
1184 746 1239 798 in
1282 744 1404 814 ipso
1446 756 1661 812 semper
1717 741 1995 797 exstitisse

424 840 737 910 opinantur,
771 836 941 892 Deum
973 836 1163 905 utique
1193 847 1414 887 carnem
1456 847 1579 887 esse
1610 832 1802 886 dicunt
1828 850 1841 886 :
1878 846 1994 883 om-

429 932 515 986 nis
555 938 734 985 autem
758 943 889 983 caro
922 927 1094 980 tactui
1130 923 1582 991 renititur;quod
1615 930 1796 977 autem
1822 922 1993 976 tactui

424 1021 699 1081 renititur,
744 1033 808 1073 ex
845 1017 1069 1071 materia
1107 1022 1325 1071 constat
1372 1022 1425 1069 et
1463 1013 1831 1083 compositum
1873 1021 1992 1081 est;

424 1110 569 1181 quod
597 1116 777 1164 autem
807 1108 1167 1177 compositum
1202 1117 1287 1162 est
1324 1105 1746 1161 dissolutionem
1792 1105 1991 1159 admit-

426 1202 511 1256 tit.
542 1198 776 1253 Necesse
808 1212 937 1267 ergo
970 1197 1195 1252 omnino
1224 1207 1307 1252 est
1336 1203 1394 1250 ut
1420 1196 1507 1251 his
1533 1195 1790 1250 omnibus
1812 1195 1991 1265 ipsum

425 1309 487 1348 ex
532 1291 759 1345 materia
781 1298 1058 1353 constare,
1088 1297 1143 1344 et
1173 1289 1406 1344 diversis
1436 1304 1466 1343 e
1489 1287 1652 1343 rebus
1684 1289 1806 1342 esse
1840 1302 1993 1343 com-

426 1384 665 1454 positum
722 1389 776 1437 et
838 1380 1257 1436 dissolutionem
1303 1379 1627 1435 naturaliter
1677 1388 1995 1449 exspeCtare

427 1474 769 1531 conﬁrment.
805 1470 993 1542 Neque
1044 1472 1191 1527 enim
1230 1472 1548 1543 ignoramus
1581 1469 1783 1541 quibus
1810 1484 1874 1525 ex
1913 1485 1999 1525 re-

427 1564 531 1617 bus
579 1561 784 1617 Christi
841 1575 1065 1630 corpus,
1116 1561 1336 1630 quando
1386 1561 1630 1614 humano
1669 1574 1820 1615 more
1871 1575 1995 1614 cum

428 1652 741 1707 hominibus
802 1657 1162 1706 conversatus
1226 1658 1333 1715 est,
1383 1660 1700 1719 constaret;
1755 1667 1880 1707 nam
1933 1668 1998 1707 ex

1641 347 1700 407 S.
1741 349 2067 407 GREGORII
2098 349 2392 407 NYSSENI

489 478 603 535 XV.
647 477 755 533 Sed
775 484 829 535 et
860 476 975 531 hac
1020 473 1186 528 missa
1228 470 1511 526 faciamus.
1545 466 1660 523 [loc
1698 476 1878 523 autem
1917 468 1987 524 ab
2015 472 2059 531 Α

3528 345 3666 397 H31

2171 470 2329 523 Ἀλλά
2366 468 2643 540 παρείσθω
2692 466 2785 521 καὶ
2844 465 3036 519 ταῦτα.
3084 466 3288 518 Ἐκεῖνο
3329 463 3384 516 δέ
3429 479 3515 523 τις
3563 463 3666 514 οὐκ

2098 560 2164 616 ἂν
2182 560 2387 630 ἀλόγως
2409 561 2519 629 (95)
2544 559 2891 631 ἐπιζητήσειε
2914 557 3063 629 παρά
3088 558 3193 610 τῶν
3221 556 3317 626 τὴν
3348 554 3497 608 θείαν
3522 554 3667 606 ἐκεί-

2089 672 2186 725 νην
2210 654 2482 725 σάρκωσιν
2507 650 2826 724 προαιιὶΝιον
2851 650 3279 721 δογματιζὼτων
3299 647 3433 717 (96).
3462 646 3529 698 Εί
3555 644 3665 716 γὰρ

2091 746 2320 798 πάντοτε
2348 744 2444 815 τὴν
2472 745 2647 815 σάρκα
2678 761 2745 797 πε
2759 744 2809 813 pi
2838 742 2995 796 αὑτὸν
3038 741 3256 803 οἴονται,
3284 738 3415 791 Θεὸν
3445 737 3557 807 (9'7)
3586 733 3667 789 εἷ-

2091 853 2178 889 ναι
2206 835 2302 906 τὴν
2329 835 2507 905 σάρκα
2532 834 2662 902 φασί
2682 850 2695 863 ·
2735 835 2880 885 πᾶσα
2921 832 2977 884 δὲ
3005 833 3038 902 ἡ
3075 831 3184 900 (98)
3214 828 3351 898 σὰρξ
3374 824 3668 887 ἀντίτυπός

2091 925 2208 977 ἐστι
2250 924 2329 995 τῷ
2375 923 2684 995 ἁπτομένῳ·
2735 920 2797 974 τὸ
2841 921 2897 974 δὲ
2970 920 3258 973 ἀντίτυπον
3322 918 3521 979 ὑλῶδες
3570 917 3671 971 καὶ

2095 1013 2378 1068 σύνθετον
2442 1015 2503 1067 τὸ
2552 1014 2608 1067 δὲ
2671 1014 2922 1068 σύνθετον
2972 1014 3065 1067 καὶ
3135 1012 3397 1066 διαλυτόν·
3449 1012 3669 1074 πάντως

2096 1107 2306 1176 ἀνάγκη
2335 1108 2486 1159 πᾶσα
2523 1106 2613 1159 διὰ
2652 1105 2874 1167 τούτων,
2902 1104 2995 1158 καὶ
3024 1105 3206 1158 ὑλικὸν
3237 1104 3395 1157 αὑτὸν
3425 1106 3667 1171 ἐγκατα-

2099 1197 2487 1263 σκευάζεσθαι,
2547 1198 2642 1251 καὶ
2700 1201 2765 1252 ὲκ
2821 1197 3092 1268 διαφόρων
3163 1195 3518 1266 συγκείμενον
3570 1197 3670 1248 καὶ

2098 1290 2430 1360 ἀναμένοντα
2468 1289 2712 1359 φυσικῶς
2742 1288 2839 1359 τὴν
2869 1288 3130 1343 διάλυσιν.
3163 1287 3397 1355 Οἴδαμεν
3439 1287 3548 1357 γὰρ
3576 1287 3668 1339 ὅτε

2098 1379 2455 1450 ἀνθρωπικῶς
2500 1382 2613 1444 τοῖς
2660 1378 2965 1451 ἀνθρώποις
3027 1377 3422 1449 ὲπεχωρίαζεν,
3471 1380 3538 1431 ὲκ
3585 1378 3667 1430 τί·

2095 1489 2200 1525 νων
2224 1467 2336 1541 εἶχε
2361 1471 2423 1524 τὸ
2449 1471 2607 1542 σῶμα
2635 1472 2733 1542 τὴν
2765 1469 3010 1525 σύνθεσιν
3029 1487 3043 1501 ο
3084 1471 3164 1523 ὅτι
3192 1470 3281 1522 διά
3322 1470 3539 1541 σαρκῶν
3573 1474 3670 1523 καὶ

2092 1561 2291 1617 ὀστέων
2319 1562 2414 1616 καὶ
2439 1564 2668 1632 αἵματος
2714 1562 2836 1616 καθ’
2884 1561 3173 1633 ὁμοιότητα
3200 1561 3311 1615 τῶν
3356 1561 3531 1616 ἄλλων
3560 1562 3669 1614 κά-

2093 1654 2236 1704 κεῖνο
2264 1648 2352 1722 ἦν,
2399 1651 2465 1706 ἔκ
2508 1670 2567 1705 τε
2613 1652 2707 1705 τοῦ
2752 1651 2920 1706 τύπου
2971 1651 3077 1705 τῶν
3108 1651 3272 1720 ἥλων,
3320 1652 3414 1705 καὶ
3462 1653 3528 1705 ἐκ
3572 1650 3669 1704 τοῦ

428 1758 615 1811 carne,
646 1743 886 1806 ossibus,
912 1742 1200 1812 sanguine,
1226 1743 1456 1797 aliorum
1490 1743 1767 1797 hominum
1802 1741 1997 1809 instar,

2105 1741 2452 1812 προχεθέντος
2503 1742 2592 1795 διά
2634 1743 2733 1813 τῆς
2783 1741 2981 1812 λόγχης
3024 1741 3251 1812 αἵματος
3308 1741 3404 1795 καὶ
3449 1742 3513 1794 ὲκ
3573 1740 3669 1794 τοῦ

427 1842 483 1891 et
530 1834 661 1888 illud
698 1834 996 1888 conﬂatum
1031 1832 1221 1897 fuisse,
1264 1848 1330 1887 ex
1360 1834 1639 1887 clavorum
1669 1833 1914 1903 vestigiis
1945 1841 1998 1889 et

428 1941 495 1980 ex
563 1922 791 1994 profuso
851 1939 948 1993 per
1011 1923 1213 1978 lanceae
1257 1924 1456 1978 vulnus
1498 1923 1761 1993 sanguine
1814 1931 1998 1993 aperte

429 2015 770 2084 colligimus;
814 2028 878 2069 ac
920 2014 1223 2084 pmsertim
1264 2013 1413 2083 quod
1461 2014 1568 2067 illis
1607 2014 1698 2082 qui
1745 2022 1870 2083 post
1911 2030 1999 2067 re-

429 2106 824 2161 surrectionem
882 2104 1165 2174 apparenti
1212 2119 1318 2157 non
1374 2103 1689 2167 credebant,
1738 2103 2000 2159 Dominus

432 2199 653 2264 dixerit,
697 2196 920 2265 Palpate
956 2212 1060 2261 me,
1104 2204 1154 2249 et
1190 2196 1378 2258 videte,
1423 2204 1472 2249 et
1518 2196 1834 2264 cognoscite,
1868 2212 2000 2266 quo-

436 2288 582 2340 niam
622 2287 841 2353 spiritus
871 2301 1105 2349 carnem,
1144 2293 1193 2338 et
1224 2302 1348 2338 ossa
1394 2300 1498 2337 non
1540 2284 1713 2347 habet,
1755 2286 1889 2339 sicut
1924 2303 2003 2341 me

429 2378 614 2432 videtis
637 2376 822 2430 habere
842 2376 907 2431 δι.
929 2375 1096 2447 Igitur
1120 2377 1167 2431 si
1190 2376 1373 2431 divina
1403 2376 1730 2441 incarnatio,
1754 2388 1813 2431 ut
1836 2378 2001 2447 Apol-

431 2470 622 2523 linaris
650 2469 747 2530 ait,
781 2469 995 2521 initium
1020 2483 1130 2522 non
1162 2467 1349 2521 habuit
1375 2483 1439 2523 ex
1474 2466 1720 2538 Virgine,
1754 2470 1850 2525 sed
1879 2478 2005 2527 ante

428 2557 701 2613 Abraham
725 2564 778 2610 et
804 2564 928 2608 ante
950 2555 1191 2608 omnium
1218 2570 1400 2609 rerum
1429 2555 1796 2612 conditionem
1820 2565 2004 2613 exsta-

428 2648 558 2703 l-at:
614 2647 740 2702 talis
791 2648 1014 2701 omnino
1066 2645 1231 2701 fuerit
1287 2662 1513 2703 necesse
1574 2656 1680 2713 est,
1738 2650 1917 2719 qualis
1974 2666 2005 2704 a

430 2737 718 2808 discipulis
740 2738 858 2791 visa
884 2737 1005 2801 fuit,
1038 2736 1215 2793 solida
1242 2752 1437 2808 nempe
1461 2746 1514 2794 et
1540 2739 1709 2794 tactui
1740 2740 2003 2803 renitens,

428 2838 484 2885 et
532 2844 697 2884 carne
733 2828 1061 2898 ossibusque
1100 2836 1386 2884 constans.
1431 2828 1554 2885 Haec
1599 2831 1783 2901 itaque
1825 2831 2006 2885 omnia

432 2938 708 2991 nunquam
754 2937 864 2976 non
893 2922 1156 2977 exstitere
1200 2922 1496 2991 nullusque
1533 2922 1599 2975 ad
1647 2922 2003 2978 humilitatem

432 3022 671 3069 nostram
731 3013 950 3067 Christo
1006 3013 1327 3076 descensus,
1384 3012 1479 3067 sed
1525 3013 1671 3081 quod
1714 3028 1780 3068 eo
1833 3028 2007 3083 usque

2101 1832 2234 1904 πρὸς
2263 1831 2621 1896 ἀπιστοῦντας
2665 1831 2743 1903 τῷ
2786 1831 3092 1903 φαινομένῳ
3140 1833 3312 1884 εἰπεῖν
3357 1830 3532 1884 ταῦτα
3576 1831 3670 1883 τὸν

2099 1923 2324 1993 Κύριον,
2344 1924 2425 1977 ὅτι
2450 1923 2859 1993 Ψηλαςοήσατέ
2882 1941 2977 1992 με,
3002 1923 3100 1977 καί
3134 1921 3307 1985 ἴδετε,
3336 1922 3431 1976 καὶ
3456 1920 3667 1988 γνῶτε,

2099 2014 2189 2068 ὅτι
2220 2008 2286 2067 τὸ
2316 2014 2550 2083 πνεῦμα
2579 2015 2773 2083 σάρκα
2803 2016 2899 2069 καὶ
2932 2014 3113 2069 ὀστέα
3145 2016 3254 2067 οὑκ
3281 2014 3423 2081 ἔχει,
3466 2012 3672 2081 ὥσπερ

2098 2106 2202 2175 ἐμὲ
2252 2106 2511 2174 θεωρεῖτε
2563 2106 2799 2176 ἔχοντα.
2862 2108 2924 2160 Ei
2974 2101 3066 2160 οὖν
3112 2109 3143 2177 ἡ
3199 2106 3318 2158 θεία
3374 2105 3671 2177 σάρκωσις,

2102 2194 2281 2257 καθὼς
2324 2196 2353 2248 ὁ
2414 2197 2779 2269 Ἀπολινάριος
2826 2196 2992 2266 λέγει,
3033 2197 3094 2250 ού
3132 2198 3229 2265 τὴν
3264 2197 3436 2267 ἀρχὴν
3479 2198 3542 2249 ὲκ
3574 2198 3673 2267 τῆς

2102 2284 2375 2355 Παρθένου
2430 2286 2604 2356 ἔσχεν,
2657 2287 2792 2341 ἀλλά
2839 2288 2931 2340 καὶ⁵
2969 2287 3075 2359 πρὸ
3118 2286 3212 2340 τοῦ
3247 2288 3356 2356 (99)
3399 2286 3672 2358 ’Δϐραάμη

2104 2376 2196 2429 καὶ
2244 2376 2350 2448 πρὸ
2397 2376 2576 2447 πάσης
2634 2378 2863 2441 κτίσεως
2913 2374 3002 2449 ἦν,
3047 2378 3269 2449 τοιαύτη
3319 2378 3538 2441 πάντως
3584 2374 3673 2447 ἦν,

2106 2469 2191 2520 oi;
2243 2468 2354 2529 τοῖς
2414 2467 2678 2537 μαθηταῖς
2726 2468 2933 2538 ἑωρᾶτο
3017 2467 3220 2538 στερρὰ
3293 2467 3388 2522 καὶ
3454 2467 3678 2522 ἀντιτύ-

2106 2571 2212 2622 πης
2241 2553 2335 2624 (Ι),
2367 2554 2526 2624 σαρκί
2555 2572 2611 2608 τε
2651 2555 2745 2609 κα)⁸
2785 2556 2989 2619 ὀστέοις
3025 2557 3400 2629 διειλημμένη.
3461 2558 3677 2612 Ούκοῦν

2105 2642 2277 2697 ταῦτα
2330 2645 2558 2698 πάντοτε
2604 2641 2672 2716 ἦν
2717 2646 2812 2699 καὶ
2861 2646 2980 2700 οὐδὲ
3024 2648 3123 2718 μία
3167 2649 3300 2719 πρὸς
3334 2648 3393 2703 τὸ
3424 2649 3680 2705 ταπεινὸν

2107 2733 2253 2804 αύτῷ
2312 2734 2501 2803 γέγονε
2552 2736 2793 2800 κάθοδος.
2861 2737 2996 2792 ἀλλά
3051 2738 3113 2791 τὸ
3173 2738 3465 2804 λανθάνον,
3530 2739 3681 2795 θείαν

2108 2825 2248 2879 κατὰ
2280 2824 2439 2893 φύσιν
2469 2826 2547 2889 ὃν,
2579 2826 2736 2880 τοῦτο
2763 2827 2840 2897 τῷ
2872 2828 2970 2897 τῆς
3000 2828 3459 2900 ὲνανθρωπήσεως
3484 2831 3681 2899 ἐφανε-

2110 2916 2256 2987 ρώθη
2278 2917 2470 2988 καιρῷ.
2498 2916 2562 2970 Τί
2588 2918 2824 2972 τοιοῦτον
2860 2920 3093 2990 Ἀρειος,
3132 2920 3183 2972 τί
3210 2920 3267 2973 δὲ
3296 2922 3323 2972 ὁ
3352 2919 3537 2973 τούτου
3565 2922 3681 2990 χεί-

2115 3025 2220 3079 ρων
2266 3007 2525 3078 Εὐνόμιος
2572 3009 2663 3062 ἐπὶ
2701 3010 3013 3082 καθαιρέσει
3047 3011 3144 3081 τῆς
3174 3010 3331 3082 δόξης
3378 3012 3471 3065 τοῦ
3506 3014 3684 3067 Μονο-

432 3106 685 3161 manebat
711 3106 1011 3169 occultum,
1053 3118 1178 3158 cum
1219 3102 1464 3157 divinum
1492 3102 1623 3172 quid
1664 3119 1764 3157 sua
1811 3113 2002 3158 natura

2108 3098 2297 3167 γενοῦς
2328 3099 2623 3168 ἐνενόησεν,
2655 3095 2765 3153 οἷον
2807 3100 2893 3153 διὰ
2935 3100 3033 3171 τῆς
3065 3103 3319 3172 τοιαύτης
3361 3104 3492 3173 ἡμῖν
3523 3104 3682 3172 λογο-

432 3204 599 3258 esset,
636 3194 689 3247 in
727 3192 1120 3247 incarnationis
1154 3199 1397 3260 tempore
1441 3189 1847 3245 manifestatum
1883 3190 2005 3248 fuit.

432 3288 571 3353 Quid
599 3288 707 3341 tale
744 3287 927 3349 Arius,
961 3286 1092 3355 quid
1132 3284 1295 3340 etiam
1337 3285 1443 3338 tale
1480 3284 1609 3339 Ario
1649 3284 1803 3356 pejor
1831 3285 2011 3339 Euno-

437 3379 583 3433 mius
626 3377 692 3431 ad
743 3376 1031 3432 delendam
1082 3375 1362 3446 Unigeniti
1412 3375 1639 3443 gloriam
1679 3376 2010 3445 excogitavit

433 3471 591 3538 quale
628 3471 682 3523 in
727 3469 831 3522 hoc
864 3484 964 3521 suo
1005 3475 1241 3521 tractatu
1289 3466 1625 3536 Apollinaris
1656 3467 1815 3521 nobis
1841 3482 2010 3521 cona-

436 3568 522 3611 tur
565 3556 848 3611 astruere?
888 3555 1028 3609 Dens
1068 3555 1288 3623 quidam
1338 3562 1463 3607 ante
1509 3554 1707 3607 saecula
1756 3569 1919 3609 carne
1958 3564 2010 3609 et

433 3643 655 3697 ossibus
702 3652 984 3709 constans,
1044 3642 1356 3711 capillatus,
1395 3650 1448 3695 et
1496 3657 1561 3695 ex
1602 3642 1759 3711 pelle,
1806 3645 2008 3709 nervis,

435 3748 601 3786 carne
621 3740 672 3786 et
696 3733 1025 3801 pinguedine
1044 3740 1475 3801 coagmentatus,
1499 3748 1560 3786 ex
1585 3733 1819 3787 diversis
1850 3736 2009 3790 rebus

436 3823 796 3891 compositus,
840 3832 893 3877 et
933 3824 1283 3892 simplicitate
1311 3823 1630 3886 destitutus,
1665 3825 1865 3878 dicitur
1888 3841 2011 3880 esse

444 3909 667 3964 Verbum
698 3911 850 3975 illud,
887 3913 1030 3982 quod
1060 3914 1110 3965 in
1136 3914 1390 3981 principio
1439 3923 1536 3977 est,
1581 3924 1633 3968 et
1679 3915 1817 3983 apud
1847 3915 2010 3969 Deum

434 4013 531 4064 est,
573 4010 619 4056 et
690 4001 909 4056 Verbum
939 4012 988 4057 et
1039 4003 1178 4057 Deus
1208 4013 1285 4057 est
1328 4006 1411 4071 “;
1447 4005 1541 4075 qui
1576 4005 1629 4058 in
1664 4006 1869 4061 ultimis
1898 4008 2013 4063 die-

434 4092 562 4153 bus,
601 4093 987 4146 communione
1036 4108 1157 4146 cum
1209 4102 1413 4148 naturae
1459 4104 1659 4148 nostra:
1709 4095 2013 4151 humilitate

435 4182 592 4244 inita,
643 4198 771 4237 caro
803 4200 911 4253 prae
950 4200 1134 4237 amore
1164 4200 1271 4253 quo
1304 4185 1599 4239 humanum
1639 4202 1809 4255 genus
1858 4202 2013 4240 com-

436 4271 693 4341 plectitur
725 4270 904 4327 factus
950 4280 1053 4334 est,
1090 4282 1143 4327 et
1191 4282 1470 4343 propterea
1515 4288 1638 4326 cum
1675 4274 2013 4329 humanitate

435 4369 769 4434 temperatus
795 4373 901 4427 est,
933 4379 1147 4417 onmem
1183 4365 1234 4417 in
1267 4362 1448 4432 seipso
1481 4374 1730 4417 naturam
1766 4375 2010 4418 nostram

2109 3188 2346 3258 γραφίας
2413 3188 2519 3242 ὑπὸ
2573 3188 2666 3242 τοῦ
2727 3189 3100 3260 Ἀπολιναρίου
3172 3191 3678 3258 κατασκευάζεται;

2109 3278 2239 3341 Θεὸς
2268 3278 2526 3349 ένσαρκος
2556 3278 2661 3349 πρὸ
2686 3277 2913 3343 αἰώνων,
2939 3280 3177 3349 ὀστώδης
3200 3299 3284 3345 τις
3314 3284 3406 3336 καὶ
3426 3282 3678 3355 δέρματι,

2110 3368 2204 3420 καὶ
2242 3369 2473 3439 νεύροις,
2517 3370 2611 3423 καὶ
2655 3370 2836 3441 σαρκὶ,
2876 3372 2969 3425 καὶ
2993 3373 3246 3442 πιμελαῖς
3278 3375 3680 3446 διειλημμένος,

2111 3460 2203 3512 καὶ
2260 3459 2325 3511 ὲκ
2370 3460 2641 3532 διαφόρων
2700 3461 3068 3532 συγκείμενος,
3118 3465 3209 3517 καὶ
3259 3466 3319 3517 τὸ
3370 3467 3571 3522 ἁπλοῦν
3621 3486 3680 3521 τε

2110 3551 2202 3602 καὶ
2228 3549 2517 3604 ἀσύνθετον
2543 3554 2600 3604 έν
2626 3552 2801 3622 ἑαυτῷ
2826 3552 2899 3624 μὴ
2924 3553 3077 3623 ἔχων,
3110 3555 3171 3607 Ὅ
3194 3557 3421 3625 Λόγοςό
3440 3558 3681 3628 ἐνὰρχῇ

2110 3638 2215 3704 ὢν,
2236 3640 2333 3693 καὶ
2361 3640 2509 3708 πρὸς
2533 3642 2639 3695 τὸν
2660 3642 2807 3695 Θεὸν
2821 3642 2925 3706 ὢν,
2955 3644 3052 3699 καὶ
3082 3646 3269 3714 Λόγος
3285 3647 3380 3700 καὶ
3406 3648 3547 3713 Θεὸς
3574 3648 3679 3708 ὢν,

2110 3733 2139 3784 ὁ
2187 3731 2273 3783 ἐπ’
2326 3731 2565 3801 ἐσχάτων
2609 3731 2830 3803 ἡμερῶν
2902 3732 2966 3803 τῇ
3018 3735 3153 3804 πρὸς
3200 3736 3272 3805 (ΕΞ)
3320 3737 3379 3789 τὸ
3430 3722 3682 3792 ταπεινὸν

2110 3817 2210 3887 τῆς
2270 3817 2479 3886 φύσεως
2536 3820 2689 3891 ἡμῶν
2747 3822 2997 3893 κοινωνίᾳ
3043 3823 3176 3892 σάρε
3230 3825 3332 3878 ύπὺ
3381 3826 3683 3899 φιλανθρω-

2112 3909 2240 3971 πίας
2295 3909 2599 3979 γενόμενος,
2641 3911 2727 3964 διὰ
2781 3913 2954 3976 τοῦτο,
3007 3914 3087 3985 τῷ
3136 3915 3401 3987 ἀνθρώπῳ
3442 3921 3684 3991 ἀνακρα-

2114 4000 2244 4063 θεὶς,
2281 4002 2457 4054 πᾶσαν
2476 4002 2551 4071 (5)
2592 4005 2648 4055 ἐν
2686 4003 2863 4074 ἐαυτῷ
2901 4004 2998 4075 τὴν
3044 4007 3312 4077 ἡμετέραν
3353 4010 3510 4078 φύσιν
3531 4010 3687 4074 δεξά-

2117 4110 2296 4157 μενος,
2351 4094 2436 4147 ἵνα
2464 4097 2528 4165 τῇ
2562 4094 2695 4163 πρὸς
2724 4096 2786 4148 τὸ
2810 4096 2963 4149 Θεῖον
2990 4097 3285 4168 ἀνακράσει
3347 4103 3682 4155 συναποθεω-

2116 4184 2251 4254 ρηθῇ
2295 4184 2368 4255 (4)
2409 4185 2466 4238 τὸ
2512 4185 2866 4257 ἀνθρώπινον,
2905 4186 2989 4239 διὰ
3035 4188 3135 4258 τῆς
3175 4191 3424 4261 ἀπαρχῆς
3472 4194 3684 4262 ἐκείνης

2114 4276 2312 4338 παντὸς
2349 4277 2807 4348 συναγιαζομένου
2830 4278 2921 4331 τοῦ
2949 4279 3045 4349 τῆς
3070 4279 3281 4348 φύσεως
3321 4282 3475 4353 ἡμῶν
3506 4284 3683 4352 φυρά-

2120 4384 2304 4437 ματος.

430 4456 766 4541 susripiens,
801 4456 1189 4510 uthumanitas
1212 4471 1336 4510 cum
1367 4456 1666 4512 divinitatis
1686 4457 2009 4514 admistione
2050 4460 2104 4515 in
2136 4461 2254 4531 ipso
2303 4460 2733 4531 conspiceretur,
2780 4471 2833 4518 ct
2921 4481 3017 4535 per
3064 4464 3334 4535 primitias
3385 4466 3503 4521 illas
3577 4474 3683 4519 tota

440 4556 648 4601 naturae
680 4554 881 4598 nostrre
911 4562 1090 4600 massa
1123 4548 1580 4603 sanetiﬁcaretur.

507 4664 648 4719 XVI.
683 4663 882 4718 Verum
912 4667 1286 4734 praetereunda
1316 4682 1512 4723 censeo
1541 4684 1659 4739 qua)
1686 4685 1751 4725 ex
1780 4671 2007 4742 singulis
2042 4675 2084 4730 D

438 4772 608 4811 sacra‘
639 4756 933 4827 Scriptura:
959 4760 1092 4815 locis
1113 4761 1251 4815 male
1280 4761 1568 4816 intellectis
1596 4764 1651 4817 in
1682 4764 1767 4817 sui
1791 4764 2016 4833 dogma-

440 4851 512 4904 tis
544 4851 1017 4906 confirmationem
1043 4852 1378 4921 Apollinaris
1414 4854 1669 4921 adducit;
1701 4871 1825 4909 nam
1857 4857 1911 4910 in
1946 4858 2013 4911 iis

441 4956 565 5009 quae
600 4941 744 4995 ultro
793 4956 913 4996 sese
948 4940 1188 5012 produnt
1232 4942 1590 4999 discutiendis
1634 4944 2014 5001 conlutandis-

511 5114 554 5144 δι
580 5112 711 5168 Luc.
740 5131 886 5179 xxxv,
923 5115 1009 5171 39.
1089 5115 1133 5146 δ’
1162 5114 1319 5170 Joan.
1371 5133 1409 5178 ι,
1441 5116 1487 5171 ί.

511 5270 622 5345 (⁸95)
653 5270 728 5345 Ita
759 5272 982 5326 omnino
1007 5274 1221 5328 videtur
1252 5275 1559 5345 legendum,
1608 5275 1738 5329 licet
1780 5276 1835 5330 in
1899 5274 2017 5329 Vat.

439 5341 557 5412 coll.
588 5343 859 5412 scribatur
889 5345 1163 5397 contrario
1185 5341 1347 5399 sensit
1378 5346 1477 5397 οὐκ
1505 5346 1568 5399 ἂν
1590 5345 1843 5412 εὐλόγως.

515 5410 623 5484 (Siti)
656 5410 778 5484 "me
802 5412 996 5466 iterum
1032 5413 1573 5484 Euthyiniusibidem
1635 5410 1801 5470 refert
1850 5430 2023 5484 usque

444 5478 509 5532 ad
543 5474 631 5553 illa
668 5483 1127 5553 γενικὴ-φυσικῶς
1151 5474 1244 5553 τ’ὴν
1268 5486 1528 5539 διάλυσιν.

520 5549 628 5615 (97)
664 5550 820 5624 Corr.
851 5551 1137 5624 delendum
1177 5549 1298 5609 esse
1339 5563 1521 5610 monet
1594 5554 1672 5618 δέ,
1718 5553 1862 5624 quod
1900 5563 2023 5609 ante

443 5616 600 5676 εἶναι,
633 5628 749 5673 erat
782 5622 834 5673 in
871 5630 1019 5675 textu
1050 5622 1172 5677 Vat.
1203 5625 1325 5677 cod.

512 5687 623 5753 (98)
657 5689 719 5742 Et
750 5691 836 5743 hic
864 5692 1151 5745 delendum
1181 5709 1302 5750 esse
1327 5704 1429 5748 art.
1466 5702 1649 5749 monet
1687 5710 1829 5748 corr.

513 5757 624 5823 (99)
664 5759 815 5815 Corr.
846 5759 980 5828 πρὸς
1014 5760 1158 5825 τούς.

2196 4673 2353 4726 Ἀλλά
2395 4672 2767 4745 παραδραμεῖν
2799 4672 2950 4744 οἶμαι
2991 4674 3188 4743 χρῆναι
3218 4676 3316 4745 τὴν
3352 4676 3435 4743 ἐφ’
3472 4677 3684 4748 ἑκάστῳ

2119 4765 2227 4818 τῶν
2252 4766 2330 4827 είς
2365 4764 2518 4817 τοῦτο
2558 4765 2963 4836 παρατεθέντων
2991 4764 3133 4834 αὐτῷ
3161 4765 3319 4818 θείων
3354 4766 3542 4835 λογίων
3592 4786 3685 4821 πε-

2122 4855 2467 4926 πλανημένην
2523 4855 2816 4924 ὑπόληψινο
2866 4855 2936 4908 τά
2994 4856 3102 4926 γὰρ
3143 4858 3207 4909 ἐκ
3248 4855 3342 4908 τοῦ
3398 4860 3682 4930 προχείρου

2122 4945 2250 4999 ὅντα
2298 4945 2602 5015 καταφανῆ,
2653 4947 2903 5019 περιττὸν
2932 4946 2996 5001 ἂν
3033 4945 3118 5017 εἴη
3169 4947 3538 5012 διεξετάζοντα
3592 4970 3687 5022 μη-

2194 5276 2440 5351 (i)Corr.
2481 5274 2749 5345 μαθηταῖς
2778 5277 3002 5348 ἑωρᾶτο,
3046 5279 3253 5348 ἑωρᾶτο
3274 5278 3332 5333 δὲ
3366 5280 3564 5351 στερρὰ
3596 5283 3688 5335 καὶ

2119 5347 2427 5407 ἀντίτυπος.

2193 5417 2270 5487 (2)
2301 5415 2374 5467 Ita
2408 5429 2551 5469 corr.
2594 5425 2756 5469 antea
2791 5417 2913 5487 πρό.

2193 5486 2270 5550 (5)
2294 5487 2448 5536 (ἴοι-ι’.
2482 5486 2573 5537 καὶ
2603 5488 2799 5540 πᾶσαν.

2194 5553 2270 5628 (4)
2307 5553 2468 5628 Corr.
2484 5556 2791 5628 emendavit
2819 5557 3200 5628 συναποθεωθῇ
3226 5596 3241 5619 ,
3273 5572 3390 5626 quae
3430 5558 3591 5610 lectio
3644 5560 3688 5609 si

2127 5614 2304 5694 magis
2332 5625 2590 5703 “arridet,
2630 5626 2946 5703 vertendum
3007 5639 3113 5688 est,
3172 5614 3237 5681 Ut
3263 5614 3367 5703 fier
3394 5628 3690 5703 mistioncm

2129 5692 2266 5766 cuni
2308 5692 2621 5766 divinitate,
2686 5695 2919 5749 humana
2974 5709 3168 5751 natura
3225 5692 3336 5766 ejus
3389 5698 3690 5751 divinitatis

2127 5762 2513 5829 quodammodo
2540 5767 2797 5833 particeps
2842 5769 3001 5822 fieret.
