4006 6482
288 284 427 338 1155

288 398 471 452 xivsw
498 399 588 451 τὸν
633 399 806 469 λόγον.
856 402 946 466 Ei;
979 402 1087 473 γὰρ
1131 403 1434 473 μαρτυρίαν
1462 404 1555 457 τοῦ
1587 406 1672 459 ἀεὶ
1700 406 1859 459 αὐτὸν

1966 422 2100 476 que,
2125 409 2461 479 superﬂuum
2491 421 2638 469 esset
2662 414 2717 469 in
2744 414 2962 486 longum
2992 420 3309 488 protrahere
3331 438 3542 481 sermo~
3638 460 3641 463 -

286 489 348 543 ὲν
381 489 544 559 σαρκί
583 506 642 543 τε
673 493 766 544 καὶ¹
798 493 989 562 αἵματι
1027 489 1185 553 εἶναι,
1215 494 1312 563 τὴν
1344 496 1702 568 ἀποστολικὴν
1733 516 1865 569 παρ-

286 578 440 634 έθετο
471 583 649 651 ῥῆσιν,
683 582 780 652 τὴν
806 583 1087 650 λέγουσαν,
1127 584 1195 637 δι’
1223 586 1385 639 αὐτοῦ
1416 588 1565 658 ἡμᾶς
1590 590 1862 661 εἰληφέναι

284 669 383 741 τὴν
432 671 827 744 ἀπολύτρωσιν,
857 675 944 729 διὰ
977 676 1070 729 τοῦ
1118 678 1348 747 αἵματος
1394 678 1578 744 αὐτοῦ,
1627 681 1727 753 τὴν
1757 682 1861 751 ἄφ-

283 777 399 813 εσιν
430 762 537 814 τῶν
563 764 864 834 ἁμαρτιῶν,
896 766 983 819 διὰ
1012 768 1110 837 τῆς
1134 769 1332 839 σαρκὸς
1357 769 1542 824 αὐτοῦ.
1575 772 1750 844 Ὅπερ
1779 775 1860 827 ὅτι

286 853 423 920 πρὸς
446 854 635 925 ἑτέραν
664 855 848 924 βλέπει
882 857 1136 920 διάνοιαν,
1173 860 1273 912 οὐκ
1310 860 1375 912 ἂν
1398 858 1547 931 οἶμαί
1576 880 1729 928 τινας
1752 866 1861 919 τῶν

283 944 408 997 νοῦν
436 946 669 1015 ἐχόντων
703 948 1080 1017 ἀμφιϐάλλειν.
1124 950 1219 1011 Τίς
1240 951 1347 1023 γὰρ
1372 952 1471 1005 οὐκ
1494 949 1601 1006 οἵδε
1625 954 1686 1007 rb
1720 940 1863 1009 θετον

286 1038 603 1107 μυστήριον,
653 1040 733 1091 ὅτι
784 1042 811 1093 ὁ
861 1041 1103 1112 ἀρχηγὸς
1152 1045 1248 1114 τῆς
1283 1045 1553 1115 σωτηρίας
1598 1046 1752 1114 ἡμῶν
1802 1047 1863 1100 rb

283 1128 698 1198 πεπλανημένον
717 1129 792 1199 (5)
818 1131 1085 1201 πρόϐατον
1112 1134 1349 1202 μέτεισιν
1369 1135 1477 1205 (6);
1515 1137 1703 1204 Ἡμεῖς
1728 1138 1785 1191 δὲ
1812 1139 1863 1190 οἱ

281 1218 559 1289 ἄνθρωποί
599 1222 763 1290 ἐσμεν
804 1222 979 1275 ὲκείνο
1007 1224 1068 1277 τὸ
1103 1225 1391 1296 πρόϐατον,
1422 1228 1471 1280 oi
1503 1228 1601 1298 τῆς
1639 1228 1863 1302 λογικῆς

281 1310 633 1374 ἑκατοντάδας
656 1312 1182 1385 ἀποϐουκοληθέντες
1216 1317 1305 1370 διὰ
1326 1318 1421 1388 τῆς
1439 1320 1728 1389 ἁμαρτίας.
1755 1324 1861 1377 Καὶ

278 1398 546 1468 λαμϐάνει
586 1402 677 1453 ἐπὶ
727 1401 832 1454 τῶν
885 1403 1029 1457 ἰδίων
1075 1404 1241 1475 ὤμων
1282 1406 1400 1461 ὅλον
1446 1408 1507 1461 τὸ
1554 1411 1859 1480 πρόϐατονο

277 1489 399 1540 οὐδὲ
433 1490 539 1558 γὰρ
569 1491 626 1542 ἐν
665 1490 820 1560 μέρει
866 1487 935 1562 ἦν
984 1492 1076 1546 τοῦ
1108 1495 1381 1565 προϐάτου
1424 1499 1456 1568 ἡ
1507 1498 1703 1570 πλάνη,
1744 1502 1859 1556 ἀλλ’

279 1577 465 1647 ἐπειδὴ
513 1579 632 1631 ὅλον
678 1581 1033 1652 ἀπεφοίτησε,
1069 1585 1164 1638 καὶ
1210 1587 1329 1640 ὅλον
1367 1591 1730 1660 ἐπανάγεται·
1764 1597 1860 1668 οὐχ

278 1670 311 1738 ή
358 1670 457 1739 μὲν
499 1669 628 1738 δορὰ
663 1670 1010 1740 βαστάζεται,
1058 1675 1120 1729 τὸ
1161 1678 1217 1731 δὲ
1250 1681 1572 1737 ὲντοσθίδιον
1618 1689 1860 1742 καταλεί-

277 1774 461 1820 πεται,
512 1760 694 1823 καθὼς
755 1763 1128 1836 Ἀπολινάριος
1176 1768 1444 1837 βούλεται.
1482 1775 1651 1829 Τοῦτο
1684 1778 1742 1831 δὲ
1794 1782 1853 1835 ἐν

276 1851 384 1912 τοῖς
408 1848 577 1919 ὤμοις
609 1850 700 1903 τοῦ
718 1857 994 1924 ποιμένος,
1021 1859 1316 1924 τουτέστιν,
1342 1864 1399 1914 ἐν
1424 1866 1489 1934 τῇ
1518 1865 1730 1937 θεότητι
1757 1872 1852 1925 τοῦ

275 1940 481 2010 Κυρίου
528 1943 837 2013 γενόμενον,
868 1945 925 1998 ἓν
969 1948 1103 2017 πρδς
1137 1951 1343 2005 ἐκεῖνον
1383 1954 1470 2008 διὰ
1508 1958 1610 2027 τῆς
1655 1962 1856 2035 ἀναλή-

274 2030 420 2100 ψεως
446 2032 671 2099 γίνεται,
704 2035 790 2089 διὰ
825 2036 981 2091 τοῦτο
1024 2040 1189 2093 θέλων
1228 2043 1576 2117 ἐπιζητῆσαι,
1622 2056 1719 2107 καὶ
1750 2030 1855 2109 σω-

276 2139 367 2175 σαι
415 2124 475 2176 τὸ
512 2125 805 2190 ἀπολωλός.
853 2130 1069 2202 Ἐπειδὴ
1108 2126 1233 2205 εὗρε
1273 2136 1334 2188 τὸ
1384 2138 1731 2212 ζητούμενον,
1762 2150 1853 2203 ἀν·

274 2213 465 2266 ἐλαϐεν
496 2218 579 2283 ἐφ’
597 2216 788 2270 ἑαυτοῦ
816 2219 874 2272 rb
898 2221 1196 2292 εὑρημένον
1214 2242 1227 2255 ·
1249 2228 1307 2279 οὐ
1324 2229 1432 2301 γάρ
1454 2234 1545 2286 ἐπὶ
1564 2238 1675 2300 τοῖς
1706 2238 1853 2303 ἰδίοις

275 2305 421 2367 ποσὶ,
463 2310 576 2370 τοῖς
610 2307 956 2379 πλανηθεῖσιν
992 2311 1157 2378 ἅπαξ,
1192 2315 1422 2371 ἐκινεῖτο
1461 2321 1521 2374 rb
1560 2325 1847 2395 πρόϐατον,

274 2395 392 2449 ἀλλ’
422 2397 526 2449 ὑπὸ
554 2398 653 2468 τῆς
689 2398 943 2471 θεότητος
974 2402 1277 2472 ἐκομίζετο.
1318 2408 1415 2462 Διὰ
1447 2411 1603 2466 τοῦτο
1644 2415 1706 2467 rb
1754 2418 1851 2487 μὲν

276 2484 617 2554 φαινόμενον,
648 2487 940 2556 πρόϐατον,
991 2494 1287 2560 τουτέστιν,
1333 2498 1638 2570 ἄνθρωπος.
1670 2484 1765 2559 Τὰ*
1794 2509 1851 2564 δὲ

279 2576 399 2645 ῐχνη
433 2577 617 2642 αὐτοῦ,
658 2580 800 2633 κατὰ
836 2580 897 2634 τὸ
927 2588 1332 2657 γεγραμμένον,
1367 2593 1467 2646 οὐκ
1504 2596 1847 2664 ἐγινώσκετο.

277 2666 444 2763 pars?
487 2669 597 2737 γὰρ
631 2670 902 2763 άμαρτίας
930 2673 963 2743 ἢ
1009 2675 1215 2747 πλάνης
1250 2680 1393 2751 ῐχνος
1423 2684 1499 2755 τῷ
1528 2687 1851 2763 ἀνθρωπίνῳ

413 2758 800 2850 ὲνεσημήνατο,
850 2764 878 2814 ὁ
909 2765 992 2832 ἐφ’
1017 2766 1210 2820 ἑαυτοῦ
1252 2771 1433 2843 φέρων
1461 2775 1520 2829 rb
1546 2755 1847 2850 rrpd6arOV"

278 2847 395 2901 ἀλλ’
422 2844 510 2902 οἷα
525 2851 670 2914 εἰκὸς
690 2847 757 2922 ἦν
787 2853 939 2943 ,Θεοῦ
971 2856 1091 2928 ἴχνη
1121 2860 1209 2913 διὰ
1238 2863 1337 2932 τῆς
1363 2866 1454 2919 τοῦ
1487 2844 1603 2937 βίου
1629 2874 1853 2943 πορείας

280 2940 674 3011 ἑντυπωθῆναι,
707 2942 880 2996 ταῦτα
911 2947 1181 3015 ἐφαίνετο,
1211 2951 1367 3008 ἅτινα
1398 2952 1463 3027 ἦν
1492 2940 1851 3031 διδασκαλίαι,

1460 292 1828 349 ADVERSUS
1864 294 2374 355 APOLLINAREM.

3400 313 3542 371 1154

1966 514 2110 552 nem.
2150 500 2228 555 Ad
2274 502 2766 561 demonstrandum
2798 510 2945 563 enim
2980 526 3263 582 nunquam
3302 515 3537 573 Verbum

1965 604 2130 645 carne
2158 600 2213 645 et
2239 596 2505 664 sanguine
2532 599 2801 662 caruisse,
2818 600 3063 669 Apostoli
3096 605 3258 659 verba
3292 608 3535 677 profert,

1965 684 2167 752 quibus
2201 685 2409 755 inquit,
2438 685 2542 742 Per
2569 689 2747 759 ipsum
2780 707 2878 747 nos
2905 696 3185 763 accepisse
3213 698 3539 771 redemptio-

1964 790 2087 828 nem
2117 791 2212 845 per
2238 778 2563 847 sanguinem
2594 782 2748 849 ejus,
2778 785 3156 840 remissionem
3186 798 3537 857 peccatorum

1966 880 2065 934 per
2090 881 2312 922 carnem
2345 868 2465 938 ejus
2496 869 2543 901 ’⁵³
2569 887 2584 931 ;
2614 888 2735 939 qua!
2765 874 2930 929 verba
2962 875 3068 930 alio
3094 879 3367 947 respicere
3390 921 3404 946 ,
3442 898 3541 939 ne-

1964 957 2163 1012 minem
2182 972 2331 1013 sanae
2349 964 2547 1019 mentis
2575 964 2951 1019 dubitaturum
2984 966 3102 1023 fore
3121 970 3383 1028 arbitror.
3402 974 3539 1040 Quis

1964 1048 2106 1101 enim
2138 1048 2383 1104 divinum
2431 1056 2751 1124 mysterium
2799 1056 3049 1126 ignorat,
3091 1062 3239 1129 quod
3286 1062 3540 1121 videlicet

1965 1139 2223 1208 princeps
2261 1149 2563 1213 auctorque
2601 1146 2794 1201 salutis
2834 1156 3038 1203 nostra:
3072 1160 3345 1208 errantem
3381 1170 3538 1211 ovem

1964 1226 2194 1296 inquirit
2220 1228 2297 1283 ιιι
2318 1229 2411 1284 Illa
2447 1240 2627 1286 autem
2656 1235 2774 1289 ovis
2809 1250 2909 1290 nos
2934 1236 3180 1295 homines
3203 1256 3413 1310 sumus,
3445 1245 3537 1313 qui

1964 1331 1995 1369 a
2035 1327 2267 1375 centeno
2297 1321 2390 1375 illo
2422 1322 2772 1378 rationalium
2804 1335 3179 1383 creaturarum
3203 1347 3394 1403 grege,
3428 1351 3540 1405 quo

1964 1406 2262 1464 humanum
2293 1426 2457 1467 omne
2496 1428 2673 1483 genus
2720 1415 3079 1484 signiﬁcatur,
3117 1434 3213 1488 per
3256 1434 3539 1491 peccatum

1962 1502 2289 1558 erravimus.
2318 1504 2495 1560 Sumit
2522 1515 2701 1564 autem
2732 1523 2897 1578 super
2923 1510 3180 1567 humeros
3211 1528 3341 1569 suos
3369 1524 3537 1570 totam

1964 1608 2159 1661 ovem;
2196 1611 2372 1667 neque
2403 1599 2547 1651 enim
2586 1599 2639 1652 in
2672 1609 2824 1669 parte
2850 1610 3057 1655 tantum
3090 1604 3270 1673 aliqua
3304 1606 3422 1662 ovis
3452 1622 3540 1661 er-

1964 1699 2059 1739 ror
2085 1695 2235 1753 erat,
2273 1688 2368 1742 sed
2408 1689 2665 1758 quoniam
2697 1697 2810 1744 tota
2842 1693 3151 1759 aberravit,
3180 1702 3293 1750 tota
3325 1697 3390 1750 ad
3424 1714 3541 1769 gre-

1961 1790 2080 1844 gem
2118 1778 2442 1832 reducitur:
2479 1794 2586 1832 nou
2624 1781 2781 1848 pellis
2819 1796 2849 1834 a
2896 1791 3118 1852 pastore
3164 1794 3437 1853 portatur,
3483 1794 3541 1842 et

1955 1866 2101 1934 quod
2128 1866 2269 1920 intra
2296 1869 2491 1937 pellem
2515 1879 2599 1922 est
2618 1869 2911 1934 deseritur,
2943 1875 3399 1941 quemadmodum
3421 1878 3539 1931 vult

1953 1956 2307 2026 Apollinaris.
2345 1956 2466 2011 Haac
2488 1968 2667 2013 autem
2696 1962 2935 2029 pastoris
2964 1964 3207 2020 humeris
3232 2005 3245 2029 ,
3281 1968 3385 2021 hoc
3414 1977 3537 2035 est,

1954 2048 2167 2104 Domini
2197 2049 2489 2104 divinitate
2512 2089 2527 2115 ,
2563 2058 2774 2120 gestata
2793 2092 2808 2117 ,
2838 2068 2945 2108 una
2975 2069 3071 2125 per
3100 2060 3534 2128 assumptionem

1953 2154 2078 2193 cum
2113 2139 2211 2195 illo
2242 2140 2497 2206 eliicitur,
2536 2150 2594 2197 ut
2630 2157 2697 2197 eo
2721 2152 2883 2213 pacto
2916 2155 3184 2215 quareret
3220 2155 3386 2219 atque
3421 2152 3533 2206 sal-

1950 2239 2103 2286 varet
2137 2232 2284 2301 quod
2316 2234 2574 2303 perierat.
2612 2234 2906 2306 Postquam
2938 2246 3118 2292 autem
3167 2254 3324 2295 ovem
3371 2258 3537 2312 quam

1951 2322 2275 2389 quaesiverat
2299 2323 2520 2391 reperit,
2545 2324 2791 2379 eamdem
2812 2324 2868 2378 iu
2889 2326 3184 2395 semetipso
3214 2330 3546 2397 assumpsit.

1951 2413 2137 2484 Neque
2174 2416 2319 2470 enim
2360 2417 2596 2485 propriis
2644 2418 2739 2487 qui
2795 2420 2965 2473 semel
3020 2429 3346 2475 erraverant
3388 2422 3541 2491 pedi—

1952 2506 2057 2562 bus
2090 2508 2210 2562 ovis
2240 2506 2562 2575 incedebat,
2596 2509 2691 2563 sed
2723 2524 2751 2562 a
2778 2509 3069 2565 divinitate
3098 2511 3439 2579 gestabatur.
3468 2511 3536 2565 Et

1956 2607 2249 2668 propterea
2289 2599 2434 2669 quod
2467 2600 2687 2669 quidem
2725 2600 3055 2670 apparebat,
3091 2601 3210 2656 ovis
3232 2641 3247 2667 ,
3282 2602 3385 2655 hoc
3414 2611 3537 2665 est,

1956 2689 2121 2744 homo
2150 2698 2306 2756 erat;
2337 2692 2457 2761 ejus
2482 2706 2611 2745 vero
2641 2691 2903 2761 vestigia,
2942 2691 3101 2759 juxta
3132 2693 3190 2746 id
3226 2694 3371 2763 quod
3400 2694 3541 2749 scri-

1955 2788 2108 2852 ptum
2138 2790 2247 2847 est,
2276 2797 2385 2836 non
2414 2782 2889 2852 cognoscebantur
2914 2782 3100 2848 ".Qui
3128 2783 3273 2837 enim
3301 2798 3455 2838 ovem
3485 2784 3546 2839 in

1957 2876 2145 2946 seipso
2177 2876 2467 2945 portabat,
2498 2876 2709 2929 nullum
2742 2875 2951 2944 peccati
2982 2884 3077 2930 aut
3108 2877 3317 2932 erroris
3344 2877 3397 2930 in
3431 2878 3536 2930 hu-

1961 2980 2124 3019 mana
2155 2966 2265 3019 vita
2291 2964 2578 3036 vestigium
2609 2965 2924 3034 impressit;
2955 2965 3050 3020 sed
3082 2966 3265 3035 qualia
3292 2981 3394 3036 par
3418 2976 3540 3022 erat

401 3031 706 3102 θεραπεῖαι,
743 3035 837 3087 καὶ
867 3037 1074 3107 νεκρῶν
1101 3040 1477 3115 ζωοποιήσεις,
1511 3052 1606 3104 καὶ
1628 3053 1696 3106 τὰ
1722 3054 1856 3109 ἄλλα

1964 3057 2053 3111 Dei
2088 3056 2315 3126 vestigia
2345 3054 2399 3109 in
2429 3031 2555 3110 vita:
2579 3031 2747 3111 cursu
2780 3056 2897 3110 tieri
2920 3096 2934 3121 ,
2968 3031 3184 3112 talia—re
3218 3031 3337 3129 ipsa
3368 3073 3537 3128 appa-

282 3119 558 3191 θαύματα.
620 3122 789 3176 Τοῦτο
840 3126 1017 3180 τοίνυν
1074 3130 1135 3183 rb
1191 3134 1459 3203 πρόϐατον
1517 3141 1603 3210 ἐφ’
1664 3144 1858 3203 ἑαυτοῦ

1963 3148 2187 3211 rebant,
2229 3148 2501 3203 salutares
2558 3147 2812 3203 videlicet
2870 3147 3169 3213 doctrinae,
3221 3150 3545 3204 morborum

282 3210 464 3264 λαϐὼν
502 3215 531 3266 ὁ
577 3215 779 3285 ποιμὴν
811 3214 868 3268 ἓν
916 3218 1052 3289 πρὸς
1097 3223 1273 3277 έκεῖνο
1304 3227 1551 3295 ἐγένετοο
1593 3234 1681 3289 διὰ
1704 3239 1862 3294 τοῦτο

282 3304 379 3398 καὶ
401 3306 468 3398 τῇ
498 3304 593 3398 τοῦ
611 3306 887 3398 ,προϐάτου
913 3315 1062 3383 φωνῇ
1090 3318 1205 3379 τοῖς
1242 3322 1513 3390 ποιμνίοις
1537 3325 1703 3385 λαλεῖ.
1738 3333 1861 3398 Πῶς

281 3394 392 3466 γὰρ
426 3394 1158 3496 ἒνξχώρηο-ενμάνθρωπίνη
1191 3408 1443 3466 ἀσθένεια
1485 3415 1634 3483 θείας
1677 3394 1862 3496 φωνῆς

282 3485 623 3557 προσϐολήνς
697 3489 838 3542 Ἀλλ’
858 3491 1239 3563 ἀνθρωπικῶς,
1282 3501 1358 3565 ὡς
1397 3504 1444 3557 δ’
1470 3506 1537 3561 ἄν
1583 3485 1863 3576 amas;

282 3577 814 3674 rpo6arzgabgﬁpiv
858 3583 1161 3653 διαλέγεται
1210 3590 1406 3661 λέγων,
1443 3598 1521 3653 Τὰ
1566 3600 1678 3671 ἐμὰ
1718 3609 1861 3674 πρό-

281 3670 427 3721 ϐατα
456 3667 565 3737 τῆς
584 3669 735 3740 ἐμῆς
756 3674 963 3743 φωνῆς
992 3677 1220 3735 ἀκούει.
1260 3683 1317 3737 Ὀ
1342 3683 1435 3741 οὖν
1463 3667 1860 3769 ἀναλαϐὼν-ἐφ’

282 3768 477 3822 ἑαυτοῦ
521 3770 583 3823 rb
625 3772 899 3843 πρόϐατον
940 3776 1146 3848 ποιμὴν
1205 3778 1298 3831 καὶ
1348 3779 1414 3833 δι’
1466 3783 1680 3839 ἐκείνου
1730 3768 1862 3860 ἡμῖν

281 3860 683 3933 φθεγγόμενος,
731 3866 826 3919 καὶ
877 3868 1148 3938 πρόϐατόν
1200 3870 1315 3924 ἐστι
1371 3872 1466 3925 καὶ
1520 3879 1753 3948 ποιμήν⁶
1796 3883 1857 3937 ὲν

284 3952 384 4022 μὲν
412 3952 490 4023 τῷ
515 3955 898 4027 άναληφθέντι,
932 3960 1200 4031 πρόϐατον
1216 3977 1234 3997 ο
1261 3963 1318 4016 ὲν
1341 3962 1399 4017 δὲ
1421 3964 1498 4035 τῷ
1517 3966 1850 4041 ἁνειληφότι,

280 4046 507 4115 ποιμήν.

364 4304 518 4361 Ἐπεὶ
556 4305 654 4365 σῦν
710 4308 819 4363 ἔδει
872 4311 963 4366 τὸν
1017 4314 1180 4369 καλὸν
1237 4317 1471 4388 ποιμένα
1528 4318 1626 4390 τὴν
1677 4320 1855 4393 ψυχὴν

284 4397 453 4450 αὑτοῦ
497 4399 576 4470 (7)
616 4400 786 4457 θεῖναι
820 4404 961 4476 ὑπὲρ
1011 4407 1316 4478 προϐάτων,
1333 4378 1437 4464 ’ἵνα
1469 4411 1558 4464 διὰ
1582 4378 1702 4466 τοῦ.
1729 4378 1857 4469 ίὲίόυ
1890 4378 1933 4434 D

280 4489 512 4543 θανάτου
543 4494 822 4567 καταλύσῃ
853 4497 945 4551 τὸν
981 4497 1226 4567 θάνατον,
1262 4500 1380 4554 τότε
1414 4502 1621 4571 γίνεται
1642 4505 1703 4559 rb
1731 4523 1860 4560 συν-

279 4578 587 4650 αμφότερον
623 4582 653 4634 ὁ
693 4583 931 4656 ἀρχηγὸς
960 4586 1057 4657 τῆς
1080 4588 1351 4659 σωτηρίας
1374 4591 1529 4660 ἡμῶν
1550 4595 1617 4664 τῇ
1650 4593 1860 4665 ἀνθρω-

282 4669 413 4739 πίνῃ
444 4670 626 4740 φύσει,
657 4674 750 4727 καὶ
797 4676 992 4746 ἱερεὺς,
1038 4678 1133 4731 καὶ
1178 4679 1368 4749 ἀμνὸς,
1395 4682 1453 4735 ἐν
1477 4682 1555 4753 τῷ
1578 4683 1860 4756 δυναμένῳ

279 4759 535 4839 δέξασθαι
572 4762 672 4834 τὴν
703 4766 986 4820 κοινωνίαν
1036 4766 1130 4821 τοῦ
1182 4768 1406 4834 πάθους,
1442 4772 1743 4844 ἐνεργήσας
1768 4775 1858 4829 τὸν

281 4850 511 4907 θάνατον
544 4854 642 4922 (8).
681 4855 899 4927 Ἐπειδὴ
930 4857 1038 4929 γὰρ
1073 4858 1224 4913 οὐδὲν
1252 4860 1434 4930 ἕτερόν
1463 4862 1608 4915 ἐστιν
1634 4863 1663 4915 ὁ
1696 4864 1861 4918 θάνα-

279 4955 394 5003 τος,
431 4942 479 4992 εί
512 4941 587 5013 μὴ
610 4942 849 5009 διάλυσις
878 4948 1055 5018 ψυχῆς
1082 4965 1142 5001 τε
1172 4950 1264 5003 καὶ
1308 4949 1575 5020 σώματος,
1618 4954 1753 5025 πρὸς
1782 4956 1861 5029 (9)

282 5032 568 5104 ἀμφότερα
593 5037 783 5091 ἑαυτὸν
825 5039 1049 5104 ἑνώσας,
1078 5042 1215 5112 πρός
1239 5060 1300 5096 τε
1341 5043 1441 5113 τὴν
1465 5044 1662 5118 ψυχὴν,
1696 5049 1859 5120 φημὶ,

282 5124 377 5176 καὶ
402 5125 462 5178 τὸ
491 5126 670 5198 σῶμα,
709 5128 820 5184 οὔθ’
844 5131 1030 5202 ἐτέρου
1072 5133 1405 5205 χωρίζεται,
1432 5136 1860 5209 Ἀμεταμέλητα

1962 3240 2308 3304 curationes,
2348 3247 2689 3295 mortuorum
2731 3239 2800 3294 ad
2839 3240 3004 3295 vitam
3043 3242 3325 3297 revocatio
3380 3255 3545 3298 caste-

1960 3346 2132 3403 raque
2156 3331 2444 3387 miracula.
2474 3331 2629 3386 Hanc
2655 3332 2823 3401 igitur
2843 3345 3000 3386 ovem
3032 3333 3088 3386 in
3123 3348 3182 3387 se
3210 3333 3328 3404 ipso
3354 3341 3542 3404 pastor

1963 3439 2251 3480 assumens
2270 3464 2284 3485 ,
2314 3439 2483 3479 unum
2514 3438 2637 3478 cum
2670 3424 2763 3478 illa
2789 3426 2999 3491 evasit,
3030 3432 3085 3479 et
3106 3433 3396 3495 propterea
3421 3425 3546 3480 ovis

1967 3531 2323 3587 vocegregem
2353 3517 2673 3587 alloquitur.
2693 3515 2981 3583 Quomodo
3001 3517 3148 3571 enim
3176 3516 3416 3571 humana
3445 3517 3543 3571 im-

1961 3606 2231 3663 becillitas
2282 3607 2482 3663 divina:
2528 3608 2681 3664 vocis
2726 3607 3145 3677 impressionem
3186 3606 3549 3662 sustineret?

1960 3696 2067 3753 Sed
2112 3697 2373 3765 humano,
2407 3705 2461 3753 et
2490 3706 2551 3753 ut
2580 3697 2848 3768 quispiam
2890 3697 3125 3761 dixerit,
3163 3698 3350 3752 ovium
3389 3712 3544 3753 more

1958 3790 2246 3845 nobiscum
2279 3790 2537 3855 disserit,
2566 3790 2755 3845 dicens
2786 3807 2799 3843 :
2842 3787 2976 3845 Oves
3004 3804 3133 3842 mea:
3164 3804 3337 3841 vocem
3368 3804 3539 3842 meam

1959 3882 2184 3935 audiunt
2211 3882 2281 3935 “.
2312 3881 2511 3936 Pastor
2538 3881 2726 3951 igitur,
2757 3880 2847 3950 qui
2880 3880 2934 3934 in
2963 3895 3021 3935 se
3051 3881 3231 3950 ipsum
3260 3894 3418 3935 ovem
3448 3894 3541 3935 as-

1960 3968 2213 4037 sumpsit,
2241 3975 2295 4023 et
2322 3966 2565 4038 ejusdem
2590 3982 2684 4022 ore
2707 3968 2993 4038 uobiscum
3026 3968 3286 4038 loquitur,
3314 3968 3433 4023 ovis
3459 3975 3539 4022 est

1962 4058 2129 4114 simul
2165 4066 2222 4115 et
2258 4070 2488 4131 pastor;
2526 4059 2646 4113 ovis
2681 4058 2900 4128 quidem
2923 4098 2938 4123 ,
2978 4055 3247 4131 quantum
3289 4058 3356 4113 ad
3398 4058 3536 4113 illud

1961 4150 2228 4220 pertinet,
2252 4150 2396 4220 quod
2428 4151 2481 4204 in
2514 4164 2574 4205 se
2606 4149 2937 4219 assumpsit;
2969 4157 3158 4220 pastor
3181 4165 3311 4205 vero
3341 4158 3538 4221 quate-

1960 4256 2066 4295 nus
2089 4241 2409 4296 assumpsit.

2032 4328 2198 4385 XVII.
2236 4329 2507 4396 Quoniam
2542 4343 2673 4383 vero
2705 4328 2992 4399 oportebat
3022 4328 3227 4383 bonum
3260 4337 3537 4400 pastorem

1962 4423 2201 4476 animam
2245 4437 2449 4493 ponere
2485 4437 2586 4492 pro
2625 4421 2820 4476 ovibus
2842 4461 2857 4488 ,
2892 4428 2953 4475 ut
2985 4422 3271 4477 moriendo
3302 4436 3537 4479 mortem

1961 4511 2239 4575 aboleret,
2265 4511 2391 4567 ideo
2419 4512 2613 4568 salutis
2636 4519 2840 4567 nostra)
2866 4520 3056 4567 auctor
3084 4512 3140 4567 in
3172 4514 3409 4568 humana
3443 4530 3541 4569 na-

1961 4612 2085 4658 tura
2129 4611 2425 4675 utrumque
2465 4604 2631 4658 simul
2663 4605 2871 4668 evasit,
2903 4605 3163 4660 sacerdos
3205 4608 3447 4669 scilicet,
3483 4612 3540 4661 et

1962 4713 2165 4766 agnus,
2193 4697 2249 4750 in
2280 4696 2332 4750 id
2358 4737 2372 4761 ,
2396 4696 2542 4766 quod
2566 4696 2845 4766 passionis
2863 4710 3032 4765 capax
3054 4705 3208 4761 erat,
3234 4699 3343 4751 vim
3372 4698 3537 4751 morti

1963 4796 2127 4858 atque
2149 4788 2523 4843 eilicacitatem
2550 4788 2891 4857 impertiens.
2912 4786 3048 4841 Nam
3070 4802 3194 4842 cum
3216 4802 3365 4841 mors
3388 4787 3539 4842 aliud

1967 4892 2078 4932 non
2129 4880 2201 4933 sit
2243 4892 2407 4947 quam
2452 4879 2647 4932 animae
2690 4892 2721 4931 a
2754 4892 2987 4947 corpore
3018 4876 3359 4941 dissolutio;
3412 4889 3535 4933 cum

1968 4978 2240 5038 utroque,
2290 4967 2510 5032 anima,
2548 4968 2806 5037 inquam,
2853 4973 2909 5021 et
2956 4980 3187 5036 corpore
3235 4981 3295 5020 se
3354 4965 3537 5036 ipsum

1969 5061 2166 5115 uniens
2197 5059 2455 5116 Christus
2486 5060 2556 5114 ab
2584 5074 2774 5115 eorum
2810 5066 3005 5113 neutro
3029 5058 3375 5129 sejungitur:
3412 5057 3539 5114 Sine

1964 5145 2269 5214 pcenitentia
2290 5147 2427 5201 enim
2449 5185 2465 5213 ,
2491 5153 2553 5201 ut
2579 5148 2657 5201 ait
2682 5146 2979 5216 Apostolus
3002 5146 3072 5211 ⁵⁷,
3098 5155 3220 5201 sunt
3247 5146 3387 5202 dona
3414 5146 3535 5203 Dei.

354 5278 402 5311 “
440 5279 638 5352 Ephes.
676 5284 793 5345 1,7.
869 5286 916 5317 ⁸⁸
945 5286 1079 5343 Luc.
1114 5306 1207 5351 xv,
1243 5290 1308 5355 ις
1342 5293 1537 5348 Matth.
1572 5311 1728 5363 xvm,
1760 5298 1847 5356 12.

1963 5303 1969 5333 ⁵
2005 5301 2153 5359 Psal.
2188 5318 2375 5367 Lxxvt,
2406 5301 2498 5357 20.
2572 5302 2620 5335 “
2642 5302 2801 5359 Joan.
2835 5303 3001 5368 x,16.
3078 5303 3123 5335 "
3145 5302 3302 5357 Rom.
3334 5320 3411 5369 ιι,
3440 5304 3532 5360 29.

451 5417 610 5501 Cp-rr.
650 5421 808 5501 ἡμῶν
836 5422 910 5486 ὡς
940 5425 1142 5501 ποιμὴν
1164 5428 1225 5479 rb
1254 5429 1685 5501 πεπλανημένον.

355 5492 433 5563 (li)
496 5488 883 5563 lluufglocum
940 5494 994 5547 in
1036 5488 1313 5563 rpitmneu
1363 5488 1642 5555 redactum
1673 5504 1854 5559 laudat

287 5556 611 5644 Eu‘tllymlu's
636 5559 944 5642 Zigabenus
973 5556 1116 5637 saepe
1165 5567 1420 5625 laudatus
1456 5586 1577 5644 pag.
1619 5556 1853 5641 52335

292 5628 321 5697 ᾗ
352 5627 413 5697 Si
443 5643 535 5697 nos
567 5627 822 5685 Immihes.

361 5694 438 5767 (7)
467 5696 625 5753 Carr.
663 5700 875 5758 ἑαυτοῦ.

2032 5436 2110 5507 (8)
2136 5437 2346 5491 Similia
2381 5452 2607 5505 prorsus
2639 5437 2707 5492 de
2735 5436 2942 5493 Christi
2966 5439 3239 5507 passione,
3257 5438 3326 5492 de
3364 5438 3536 5493 latro-

1962 5506 2049 5579 nis
2080 5510 2287 5579 salute,
2319 5506 2502 5579 deque
2520 5508 2784 5579 paradiso
2836 5506 3000 5562 habet
3046 5509 3186 5563 idem
3245 5507 3536 5579 Nyssenus

1961 5578 2017 5631 iu
2064 5588 2214 5697 lorat.
2264 5576 2288 5628 1
2351 5576 2403 5629 in
2463 5575 2663 5632 Christi
2704 5580 3160 5647 resurrectionem,
3190 5575 3354 5649 paulo
3413 5589 3533 5650 post

1961 5662 2065 5702 mel
2088 5663 2221 5700 tum.

2034 5716 2107 5787 (θ)
2142 5716 2299 5771 Corr.
2324 5719 2353 5771 ὁ
2386 5718 2541 5787 πρός.
