4006 6504
456 307 599 364 “55

448 514 633 571 anima
675 512 902 583 quidem
948 510 1148 565 latroni
1184 508 1504 580 paradisum
1540 506 1752 577 aperit,
1799 518 2031 574 corpore

448 611 634 659 autem
664 603 776 657 vim
810 610 973 672 atque
1004 601 1300 657 eliicaciam
1327 597 1705 668 corruptionis
1735 594 2029 665 infringit:

449 706 506 751 ct
542 696 650 750 hoc
680 704 765 751 est
800 702 1032 750 mortem
1069 694 1371 765 perimere,
1407 688 1782 760 corruptionis
1815 686 2033 742 scilicet

448 788 599 843 vires
618 828 633 853 ,
668 803 765 857 per
795 786 1167 842 viviﬁcantem
1199 792 1456 840 naturam
1487 797 1517 838 ο
1546 780 1728 837 medio
1753 778 2031 841 sublatas,

449 878 640 933 irritas
673 877 922 933 reddere.
960 875 1119 942 Quod
1149 875 1293 930 enim
1322 888 1552 944 corpore
1585 871 1877 939 animaque
1904 883 2035 938 ope-

453 976 614 1019 ratur
646 966 702 1020 in
735 979 1028 1020 commune
1059 974 1269 1018 natura:
1303 970 1507 1017 nostrae
1539 958 1868 1021 beneﬁcium
1903 972 2032 1027 gra-

451 1057 700 1127 tiamque
731 1055 910 1122 cedit,
933 1070 1109 1124 eoque
1142 1062 1302 1123 pacto
1332 1052 1516 1106 omnia
1545 1050 1821 1120 disjuncta
1849 1063 2036 1103 resur-

453 1149 637 1219 gendo
662 1147 950 1217 conjungit
970 1186 985 1211 ,
1018 1145 1114 1214 qui
1139 1160 1206 1199 ex
1235 1152 1503 1213 utroque,
1529 1142 1637 1197 hoc
1657 1148 1781 1206 est,
1804 1153 2037 1209 corpore

455 1251 511 1297 et
540 1242 727 1296 anima
752 1246 1005 1303 constat,
1028 1238 1125 1307 qui
1152 1243 1423 1307 potestate
1451 1250 1552 1291 sua
1582 1248 1784 1304 corpus
1813 1231 2034 1300 quidem

455 1335 626 1389 tradit
653 1335 708 1388 in
739 1347 834 1388 cor
864 1339 1027 1386 terrae
1049 1330 1116 1393 δ”,
1140 1328 1600 1400 quemadmodum
1626 1327 1892 1397 scriptum
1914 1330 1999 1380 est
2016 1362 2033 1387 ,

458 1420 699 1475 animam
734 1428 867 1473 vero
902 1432 931 1471 a
964 1433 1023 1473 se
1056 1418 1177 1488 ipso
1212 1417 1398 1487 posuit
1428 1416 1497 1480 ⁸ο,
1534 1423 1594 1469 ut
1628 1414 1778 1469 Patri
1811 1414 2035 1485 quidem

458 1510 593 1566 dicit
626 1509 694 1573 '°,
731 1508 799 1562 In
832 1524 1021 1562 manus
1055 1517 1175 1562 tuas
1206 1508 1512 1562 commendo
1540 1506 1797 1576 Spiritum
1826 1520 1997 1559 meum
2017 1543 2033 1569 ,

459 1612 521 1656 ut
541 1609 726 1656 autem
755 1599 824 1654 ad
853 1599 1122 1655 latronem
1150 1599 1228 1653 ait
1258 1600 1325 1665 ³¹,
1355 1599 1410 1653 in
1435 1597 1711 1668 paradiso,
1734 1611 1864 1651 vera
1890 1604 2038 1649 utro-

460 1692 626 1763 bique
656 1706 917 1747 asserens
941 1709 956 1758 ;
980 1706 1159 1761 neque
1184 1691 1329 1746 enim
1357 1690 1598 1746 divinam
1627 1688 1773 1743 illam
1799 1686 2039 1742 mansio-

460 1800 585 1840 nem
605 1824 621 1847 ,
652 1798 777 1838 cum
805 1781 1104 1838 Paradisus
1130 1780 1366 1845 dicatur,
1396 1780 1510 1835 ullo
1532 1779 1642 1835 alio
1673 1779 1729 1833 in
1762 1778 1885 1832 loco
1913 1791 2038 1832 esse

461 1874 795 1930 credendum
839 1881 959 1939 est,
998 1880 1363 1944 praeterquam
1396 1872 1452 1927 in
1486 1872 1823 1942 amplissima
1860 1869 2037 1926 Patris

461 1980 626 2021 manu
649 2006 664 2029 ,
701 1965 780 2022 uti
816 1966 1090 2036 propheta
1119 1963 1228 2029 ait,
1259 1978 1324 2018 ex
1358 1962 1576 2017 Domini
1606 1976 1843 2032 persona
1872 1961 2041 2016 coale-

463 2065 602 2112 stem
629 2056 933 2113 Jerusalem
965 2056 1251 2126 alloquens
1272 2093 1288 2117 ,
1320 2052 1386 2108 In
1414 2053 1658 2107 manibus
1684 2053 1812 2106 meis
1840 2051 2042 2105 descri-

461 2149 543 2218 psi
574 2165 753 2203 muros
785 2158 901 2202 tuos
922 2188 938 2214 ,
967 2162 1149 2201 coram
1178 2145 1346 2200 oculis
1374 2144 1503 2198 meis
1532 2157 1734 2210 semper
1764 2158 1818 2196 es
1851 2142 1917 2195 ⁸⁸.
1949 2140 2041 2195 Sic

464 2238 631 2309 igitur
660 2246 712 2293 et
744 2244 977 2292 mortem
1012 2235 1183 2300 obiit,
1213 2242 1266 2291 et
1300 2248 1447 2289 mors
1473 2233 1525 2288 ei
1557 2248 1668 2288 non
1699 2230 2038 2286 dominatur.

464 2329 621 2396 Quod
659 2329 804 2384 enim
839 2327 1204 2398 compositum
1240 2333 1325 2382 est
1356 2323 1640 2387 dividitur,
1672 2322 1819 2393 quod
1855 2331 2042 2376 autem

463 2420 881 2492 compositionis
913 2433 1111 2489 expers
1157 2425 1243 2474 est
1269 2458 1283 2484 ,
1320 2415 1744 2472 dissolutionem
1784 2428 1897 2468 non
1942 2412 2042 2465 ad-

465 2513 669 2578 mittit;
702 2509 799 2566 sed
835 2509 890 2564 in
925 2508 1201 2563 divisione
1234 2505 1457 2576 quidem
1490 2504 1788 2575 compositi
1825 2503 2042 2573 integra

466 2587 665 2653 natdra
696 2604 1015 2668 permanet,
1043 2612 1166 2667 qua:
1194 2595 1651 2664 compositionem
1682 2610 1792 2649 non
1825 2594 2041 2664 recipit,

466 2690 757 2759 animaque
781 2704 812 2743 a
836 2703 1069 2759 corpore
1093 2694 1345 2757 separata
1369 2727 1383 2751 ,
1415 2687 1484 2742 ab
1511 2701 1699 2743 eorum
1732 2694 1929 2741 neutro
1959 2701 2046 2742 se-

466 2784 734 2854 iungitur.
770 2780 885 2837 lloc
910 2788 1092 2835 autem
1126 2780 1198 2834 ita
1234 2794 1293 2834 se
1321 2779 1523 2833 habere
1549 2777 1751 2834 indicio
1780 2784 1944 2846 atque
1966 2792 2049 2830 ar-

467 2882 726 2946 gumento
751 2880 837 2927 est
860 2872 944 2928 vis
969 2878 1134 2942 atque
1163 2878 1408 2942 potestas
1439 2871 1531 2924 illa
1548 2912 1562 2936 ,
1586 2885 1709 2940 qua:
1736 2870 1791 2925 in
1816 2884 2049 2940 corpore

467 2967 689 3039 quidem
720 2964 1190 3034 incorruptionem
1212 3002 1227 3027 ,
1252 2964 1308 3017 in
1332 2963 1515 3017 anima
1543 2979 1671 3018 vero
1694 2962 1932 3032 paradisi
1964 2962 2049 3015 in-

1748 294 1810 350 Β.
1853 289 2186 349 GRDGOBII
2229 288 2522 345 NYSSENI

351 468 361 481 .
446 423 595 491 Quin
645 421 757 477 imo
800 419 1020 491 corpori
1067 425 1122 475 et
1169 414 1654 485 animaaseipsum
1697 411 2018 483 impertiens

2150 408 2231 476 ·ὰρ
2263 409 2369 463 τοῦ
2402 408 2549 463 Θεοῦ
2582 409 2654 462 τὰ
2685 408 3043 478 χαρίσματα,
3069 408 3250 475 καθώς
3275 426 3442 481 φησιν
3477 415 3507 466 6
3550 415 3719 465 Ἀπό-

3582 296 3716 353 Ηὸδ

2135 501 2317 564 στολος
2336 518 2349 531 ·
2401 500 2538 555 ἀλλά
2584 500 2679 553 καὶ
2720 501 2796 568 τῷ
2832 500 3044 572 σώματι
3092 501 3188 556 καὶ
3217 504 3284 572 τῇ
3335 502 3481 575 ψυιῇ
3530 504 3721 559 ἑαυτὸν

2140 591 2489 662 ὲπιμερίσας,
2532 590 2618 643 διά
2661 591 2764 660 μὲν
2801 590 2901 661 τῆς
2945 591 3127 662 ψυχῆς
3165 593 3371 662 ἀνοίγει
3416 593 3496 665 τῷ
3548 595 3722 668 λῃστῇ

2132 681 2224 734 τὸν
2253 680 2601 752 παράδεισον,
2640 680 2728 733 διὰ
2756 680 2811 732 δὲ
2840 680 2934 733 τοῦ
2973 680 3225 753 σώματος
3256 683 3436 755 ἵστησι
3464 686 3565 757 τῆς
3593 687 3725 755 φθο-

2135 774 2234 845 ρᾶς
2276 772 2374 844 τὴν
2420 771 2732 844 ἐνέργειαν·
2768 772 2863 824 καὶ
2908 772 3064 825 τοῦτό
3115 776 3263 830 ἐστιν
3290 778 3324 846 ἡ
3364 776 3457 829 τοῦ
3488 776 3723 831 θανάτου

2134 866 2446 929 κατάλυσις,
2479 864 2541 917 τὸ
2584 863 2945 934 ἀνενέργητον
2974 866 3227 933 γενέσθαι
3261 866 3357 938 τὴν
3396 868 3627 940 φθοράν,
3663 871 3722 921 ἐν

2132 960 2199 1028 τῇ
2228 955 2475 1027 ζωοποιῷ
2503 955 2662 1025 φύσει
2702 955 3088 1024 ἀφανισθεῖσαν
3107 973 3123 990 ο
3164 958 3227 1011 τὸ
3258 959 3367 1030 γὰρ
3393 961 3485 1013 ἐπὶ
3516 961 3726 1014 τούτων

2134 1049 2424 1119 γενόμενον
2448 1046 2601 1118 κοινὴ
2623 1047 2720 1117 τῆς
2747 1048 2961 1115 φύσεως
2978 1048 3135 1118 ἡμῶν
3160 1050 3447 1121 εὐεργεσία
3495 1053 3593 1105 καὶ
3624 1054 3723 1123 χάο

2137 1158 2224 1214 ρις
2251 1140 2494 1210 γίνεται·
2526 1140 2621 1193 καὶ
2658 1138 2801 1193 οὕτω
2835 1139 3013 1194 πάντα
3039 1141 3107 1193 τά
3145 1140 3409 1196 διεστῶτα
3457 1144 3727 1197 συνάπτει

2134 1234 2222 1288 διά
2248 1233 2351 1302 τῆς
2369 1232 2737 1296 ἀναστάσεως,
2758 1232 2788 1285 6
2812 1232 2869 1285 ὲν
2899 1232 3228 1302 ἀμφοτέροις
3249 1232 3346 1296 ὣν,
3369 1234 3398 1285 6
3425 1236 3545 1286 κατ’
3573 1234 3729 1298 ἐξου-

2138 1326 2259 1380 σίαν
2284 1324 2344 1377 τὸ
2372 1324 2470 1391 μὲν
2494 1322 2654 1393 σῶμα
2680 1322 2855 1385 διδοὺς
2885 1324 2952 1393 τῇ
2979 1322 3176 1394 καρδία
3218 1322 3319 1392 τῆς
3364 1322 3490 1391 γῆς.
3532 1323 3724 1387 καθὼς

2135 1415 2441 1485 γέγραπται
2478 1413 2621 1482 (l0),
2672 1412 2771 1483 τὴν
2818 1413 2875 1465 δὲ
2922 1412 3101 1484 ψυχὴν
3144 1413 3237 1481 ἀφ’
3283 1412 3479 1467 ἑαυτοῦ
3526 1413 3723 1477 τιθεὶς,

2136 1507 2211 1571 ὡς
2228 1507 2327 1577 μὲν
2344 1506 2480 1577 πρὸς
2496 1506 2588 1559 τὸν
2606 1505 2826 1575 Πατέρα
2843 1506 3027 1575 φησιν,
3044 1506 3125 1559 ὃτι
3152 1506 3256 1560 Ἐν
3273 1506 3402 1572 ταῖς
3414 1507 3591 1575 χερσί
3608 1523 3729 1561 σου

2138 1598 2494 1667 παρατίθημι
2516 1596 2583 1651 τὸ
2611 1596 2853 1665 πνεῦμά
2867 1614 2984 1666 μου
3005 1614 3018 1627 ·
3044 1598 3119 1659 ὡς
3138 1597 3194 1649 δὲ
3222 1597 3355 1669 πρὸς
3386 1598 3477 1651 τὸν
3500 1598 3729 1668 λῃστὴν,

2138 1693 2195 1744 ὲν
2229 1690 2310 1761 τῷ
2342 1688 2682 1762 παραδείσῳ·
2732 1688 3010 1761 ἀληθεύων
3048 1689 3115 1743 δι’
3161 1689 3471 1760 ἑκατέρωνο
3522 1690 3583 1743 ού
3619 1690 3731 1762 γάρ

2140 1779 2322 1834 ἄλλοθί
2368 1796 2473 1833 που
2521 1777 2798 1832 πιστεύειν
2846 1777 2952 1849 χρὴ
2983 1777 3081 1849 τὴν
3116 1776 3267 1832 θείαν
3317 1779 3537 1851 ἐκείνην
3586 1779 3729 1833 εἶναι

2138 1871 2433 1943 διαγωγὴν,
2461 1870 2619 1942 εἴπερ
2648 1868 2761 1940 (ll)
2805 1869 3139 1940 Παράδεισος
3177 1870 3419 1940 λέγεται,
3448 1872 3497 1925 εί
3538 1871 3613 1943 μὴ
3667 1873 3731 1925 ὲν

2140 1967 2206 2035 τῇ
2243 1960 2540 2033 πολυχιὶῳῳ
2568 1960 2660 2014 τοῦ
2702 1960 2915 2030 Πατρός
2952 1960 3204 2034 παλάμῃ,
3249 1960 3431 2026 καθώς
3463 1980 3597 2034 φησι
3631 1964 3729 2015 καὶ

2140 2059 2167 2109 ὀ
2201 2056 2501 2126 προφήτης,
2528 2052 2664 2125 πρὸς
2692 2052 2789 2123 τὴν
2812 2053 2925 2107 άνω
2958 2053 3312 2124 Ἰερουσαλὴμ
3337 2056 3403 2107 ὲκ
3434 2053 3733 2127 προσώπου

2142 2146 2346 2215 Κυρίου
2378 2143 2469 2197 τὸν
2501 2143 2657 2212 λόγον
2687 2140 3028 2213 ποιούμενος,
3067 2143 3191 2196 Ἐπὶ
3226 2143 3343 2197 τῶν
3380 2145 3596 2214 χειρῶν
3611 2163 3735 2214 μου

2140 2231 2519 2303 ἐζωγράςρηκά
2538 2247 2655 2287 σου
2688 2231 2762 2286 τὰ
2786 2232 2976 2302 τείχη,
2998 2232 3255 2289 ἐνώπιόν
3276 2236 3388 2305 (19.)
3404 2255 3525 2306 μου
3561 2232 3624 2290 εἴ
3636 2235 3739 2289 διὰ

2143 2329 2386 2392 παντός.
2416 2324 2569 2381 Οὕτω
2600 2325 2775 2379 τοίνυν
2800 2325 2892 2378 καὶ
2927 2327 2984 2378 ὲν
3022 2327 3098 2397 τῷ
3123 2327 3338 2399 θανάτῳ
3366 2330 3599 2397 γίνεται,
3632 2330 3733 2383 καὶ

2145 2418 2250 2473 ὑπὸ
2292 2417 2386 2471 τοῦ
2421 2417 2648 2472 Θανάτου
2684 2416 2743 2469 οὐ
2779 2417 3108 2488 κυριεύεται.
3144 2419 3218 2471 Τὸ
3269 2420 3365 2489 μὲν
3393 2422 3502 2492 γάρ
3535 2420 3735 2474 σύνθε-

2144 2528 2235 2565 τον
2274 2509 2582 2582 μερίζεταιο
2628 2508 2687 2561 τὸ
2726 2509 2783 2562 δὲ
2811 2508 3101 2563 ἀσύνθετον
3149 2510 3305 2565 λύσιν
3345 2512 3444 2565 οὐκ
3491 2513 3739 2583 ἐπιδέχεσ-

2144 2619 2268 2657 ται·
2298 2602 2435 2656 ἀλλά
2482 2599 2787 2673 παραμένει
2819 2601 2918 2671 μὲν
2941 2599 3021 2671 τῷ
3052 2602 3304 2673 μερισμῷ
3344 2602 3438 2656 τοῦ
3472 2604 3736 2658 συνθέτου

2147 2697 2180 2766 ἡ
2233 2692 2524 2757 ἀσύνθετος
2570 2693 2751 2763 φύσις,
2801 2691 2893 2745 καὶ
2944 2693 3042 2762 τῆς
3093 2692 3270 2764 ψυχῆς
3324 2695 3418 2747 τοῦ
3480 2695 3737 2766 σώματος

2146 2784 2558 2855 ἀποχωρούσης,
2593 2782 2705 2837 οὗθ’
2731 2782 2917 2852 ἑτέρου
2966 2783 3281 2854 χωρίζεται.
3333 2785 3648 2856 Τεκμήριον
3678 2787 3739 2839 δὲ

2148 2878 2182 2946 ἡ
2234 2874 2506 2946 ἐνέργεια,
2546 2874 2725 2938 καθὼς
2772 2874 3009 2946 εἴρηται,
3056 2877 3149 2929 ἐπὶ
3198 2876 3295 2946 μὲν
3337 2876 3431 2929 τοῦ
3484 2875 3741 2946 σώματος

2148 2969 2246 3041 τὴν
2280 2966 2607 3037 ἀφθαρσίαν,
2644 2967 2737 3020 ἐπὶ
2765 2966 2822 3019 δὲ
2854 2968 2953 3037 τῆς
2994 2968 3170 3038 ψυχῆς
3199 2968 3300 3039 τὴν
3359 2970 3414 3019 ἐν
3476 2968 3742 3039 παραδεί-

470 3057 707 3111 colatum
740 3061 1038 3125 operatur:
1078 3061 1458 3108 verumtamen
1488 3052 1582 3122 qui
1616 3053 1849 3122 simplex
1880 3061 1965 3107 est
1994 3059 2047 3107 et

2153 3080 2230 3133 σῳ
2271 3060 2549 3130 διαγωγὴν
2592 3058 2954 3131 ἑνεργήσασα.
3012 3061 3086 3114 Ού
3140 3060 3245 3131 μὴν
3304 3060 3742 3131 συνδιασχέζεται

471 3147 540 3203 ab
571 3146 720 3202 omni
751 3144 1155 3217 compositione
1188 3144 1403 3200 alienus
1425 3184 1441 3210 ,
1468 3143 1665 3199 horum
1699 3144 2049 3215 separatione

472 3253 822 3310 nequaquam
861 3254 971 3294 una
1004 3252 1130 3293 cum
1167 3237 1307 3307 ipsis
1351 3253 1391 3292 ε·
1416 3236 1665 3301 inditur;
1704 3236 1813 3290 imo
1846 3252 1876 3290 e
1911 3251 2047 3291 con-

472 3334 644 3386 trario
671 3346 839 3385 unum
869 3329 1001 3401 quid
1032 3345 1097 3385 ex
1132 3329 1213 3386 eis
1243 3328 1447 3393 elﬁcit;
1480 3342 1606 3383 nam
1636 3327 1801 3381 insita
1836 3328 1941 3382 sibi
1976 3328 2052 3381 in-

473 3422 892 3487 divisibilitate,
917 3421 1064 3492 quod
1093 3428 1365 3476 secretum
1390 3429 1475 3476 est
1497 3422 1617 3474 unit
1639 3437 1653 3486 ;
1679 3420 1843 3490 idque
1862 3434 2049 3474 verum

474 3528 599 3568 esse
631 3512 876 3567 ostendit
906 3511 1110 3565 Paulus
1137 3549 1152 3575 ,
1188 3524 1315 3564 cum
1348 3510 1567 3578 inquit,
1607 3507 1746 3562 Deus
1778 3507 2052 3562 suscitavit

476 3602 649 3669 ipsum
678 3618 711 3655 a
741 3601 964 3655 mortuis
993 3601 1039 3631 "
1064 3617 1079 3667 ;
1107 3613 1284 3669 neque
1314 3600 1456 3653 enim
1492 3600 1636 3653 sicut
1666 3597 1929 3663 Lazarus,
1961 3604 2055 3651 aut

480 3692 622 3749 alius
648 3691 925 3763 quispiam
958 3705 1149 3747 eorum
1181 3691 1274 3760 qui
1305 3690 1658 3755 revixerunt,
1693 3689 1921 3745 alterius
1951 3704 2055 3759 ope

479 3785 549 3840 ad
576 3786 743 3840 vitam
771 3784 965 3850 rediit,
996 3782 1071 3838 ita
1104 3782 1191 3838 fas
1210 3791 1295 3838 est
1315 3782 1383 3837 de
1405 3780 1624 3837 Domini
1652 3781 2057 3838 resurrectione

479 3877 698 3949 opinari
725 3895 739 3931 :
774 3876 869 3933 sed
906 3875 1238 3947 Unigenitus
1272 3874 1414 3931 Deus
1441 3891 1596 3931 suam
1623 3890 1654 3929 a
1684 3890 1914 3945 corpore
1937 3877 2057 3932 ani-

481 3986 628 4027 mam
664 3968 888 4041 prepria
937 3974 1211 4041 petestate
1243 3967 1581 4038 separando,
1615 3977 1670 4022 et
1702 3982 1899 4022 rursus
1929 3983 2056 4022 cum

481 4076 718 4133 corpore
746 4058 995 4117 eamdem
1029 4057 1448 4128 conjungendo,
1484 4057 1601 4128 ipse
1634 4056 1923 4113 suscitavit
1955 4058 2059 4113 bo-

488 4153 696 4209 minem
761 4152 863 4207 sibi
899 4150 1255 4207 commistum
1284 4167 1299 4216 ;
1335 4163 1511 4219 eoque
1544 4160 1705 4219 pacto
1749 4148 1919 4203 totius
1963 4163 2062 4203 na-

485 4253 623 4299 tura:
657 4254 859 4300 nostra:
892 4244 1043 4299 salus
1078 4242 1381 4312 peragitur,
1420 4241 1562 4295 unde
1604 4248 1657 4294 et
1702 4241 1828 4296 vita:
1867 4251 2063 4297 auctor

485 4350 551 4390 ac
581 4334 836 4405 princeps
873 4342 1139 4399 vocatur;
1176 4346 1304 4386 nam
1340 4345 1438 4401 per
1475 4344 1600 4383 eum
1632 4330 1725 4399 qui
1762 4344 1862 4402 pro
1899 4332 2062 4388 nobis

2151 3153 2228 3224 τῷ
2255 3150 2517 3224 χωρισμῷ
2553 3151 2775 3218 τούτων,
2806 3154 2834 3205 6
2864 3151 3069 3216 ἁπλοῦς
3109 3153 3204 3206 καὶ
3252 3152 3561 3217 ἀσύνθετος,
3598 3152 3743 3205 ἀλλά

2151 3244 2212 3297 τὸ
2256 3241 2516 3304 ἐναντίον,
2570 3241 2629 3294 ἓν
2684 3240 3013 3313 ἐργάζεταιο
3062 3241 3141 3313 τῷ
3196 3242 3305 3313 γάρ
3364 3243 3485 3296 καθ’
3544 3243 3744 3296 ἑαυτὸν

2153 3334 2443 3406 ἀδιαιρέτῳ
2492 3334 2586 3387 καὶ
2629 3333 2692 3386 τὸ
2736 3333 3063 3406 διῃρημένον
3107 3335 3187 3397 είς
3218 3332 3408 3387 ἕνωσιν
3453 3335 3599 3402 ἄγει,
3644 3334 3745 3387 καὶ

2152 3425 2313 3479 τοῦτο
2360 3425 2690 3479 ἐνδείκνυται
2731 3424 2900 3477 εἰπὼν
2943 3425 3077 3496 (l5),
3124 3425 3207 3478 ὅτι
3278 3426 3331 3478 '0
3366 3425 3512 3492 Θεὸς
3552 3426 3746 3479 αὐτὸν

2154 3515 2393 3583 ἤγειρεν
2417 3513 2487 3568 ἐκ
2515 3512 2764 3582 νεκρῶν.
2802 3515 2877 3568 Οὐ
2921 3514 3029 3586 γὰρ
3068 3514 3257 3587 ὥσπερ
3287 3515 3559 3585 Λάζαρος,
3594 3517 3627 3585 ἦ
3656 3532 3746 3577 τις

2156 3607 2312 3672 ἄλλος
2338 3606 2446 3660 τῶν
2474 3606 2944 3670 ἀναϐεϐιωκότων,
2976 3607 3231 3679 ἀλλοτρίᾳ
3267 3606 3492 3676 δυνάμει
3520 3606 3658 3677 πρὸς
3683 3608 3744 3658 τὸ

2157 3699 2256 3771 ζῇν
2286 3698 2641 3767 ἐπανάγεται,
2672 3697 2843 3764 οὕτως
2875 3699 2987 3768 (14)
3030 3699 3225 3767 εὐαγὲς
3250 3699 3343 3751 καὶ
3385 3699 3479 3751 ἐπὶ
3519 3699 3618 3768 τῆς
3648 3697 3742 3750 τοῦ

2158 3792 2362 3862 Κυρίου
2390 3789 2740 3854 ἀναστάσεως
2771 3791 2997 3846 οἴεσθαι,
3036 3791 3173 3843 Ἀλλ’
3194 3793 3222 3843 6
3252 3790 3563 3859 Μονογενὴς
3586 3790 3742 3854 Θεὸς,

2158 3885 2321 3948 αὐτὸς
2349 3882 2601 3953 ἀνίστησι
2626 3882 2716 3937 τὸν
2747 3882 3121 3954 ἀνακραθέντα
3147 3881 3432 3955 ἄνθρωπον
3454 3881 3746 3955 αύτῷζκαὶ

2158 3975 2393 4046 χωρίσας
2427 3952 2802 4044 τοῦσώματος
2829 3952 2929 4044 την
2973 3974 3172 4045 ψυχὴν,
3209 3952 3303 4027 καὶ
3331 3974 3539 4036 ὲνὼσας
3579 3952 3745 4026 πάλιν

2161 4065 2467 4137 ἀμφότερα,
2510 4065 2604 4120 καὶ
2635 4064 2808 4129 οὕτως
2855 4066 2888 4137 ἡ
2924 4065 3076 4137 κοινὴ
3110 4065 3316 4133 γίνεται
3362 4066 3605 4135 σωτηρία
3643 4066 3746 4134 τῆς

2162 4157 2406 4228 φύσεως’
2442 4158 2563 4212 ὃθεν
2587 4158 2681 4211 καὶ
2716 4157 2955 4229 ἀρχηγὸς
2992 4157 3136 4229 ζωῆς
3163 4156 3483 4229 ὀνομάζεται
3505 4176 3518 4188 ·
3549 4160 3605 4211 ἐν
3636 4160 3745 4228 γὰρ

2162 4249 2240 4320 τῷ
2269 4248 2410 4321 ὑπὲρ
2443 4248 2598 4320 ἡμῶν
2658 4248 3001 4312 ἀποθανόντι,
3044 4250 3137 4303 καὶ
3176 4249 3470 4320 ἐγερθέντι,
3508 4249 3599 4302 τὸν
3651 4251 3745 4301 κό-

2166 4358 2302 4411 σμον
2337 4339 2515 4411 ἑαυτῷ
2538 4338 2871 4409 κατήλλαξεν
2903 4339 2932 4390 6
2955 4338 3255 4410 Μονογενὴς
3284 4340 3435 4403 Θεὸς.
3460 4334 3570 4393 οἷόν
3595 4357 3746 4401 τινας

489 4436 720 4480 mortem
755 4425 892 4480 obiit
925 4439 986 4479 ac
1025 4423 1365 4489 resurrexit,
1401 4419 1669 4476 mundum
1703 4422 1809 4477 sibi
1839 4424 1944 4494 ipsi
1973 4440 2047 4479 τοι

2164 4430 2559 4504 δορυαλώτους,
2613 4432 2761 4503 ἡμᾶς
2789 4430 2878 4485 διὰ
2907 4428 3000 4484 τοῦ
3044 4430 3340 4499 συγγενοῦς
3381 4430 3537 4501 ἡμῶν
3579 4430 3747 4499 αἵμα-

489 4516 805 4571 conciliavit
844 4514 1170 4584 Unigenitus
1209 4514 1390 4581 Deus,
1429 4528 1532 4569 nos
1570 4529 1764 4571 omnes
1803 4516 1898 4584 qui
1937 4530 2063 4570 cum

489 4623 557 4663 eo
603 4622 769 4662 carne
797 4623 861 4660 ac
907 4607 1174 4676 sanguine
1204 4606 1685 4661 communicamus
1707 4644 1723 4669 ,
1755 4606 1922 4661 veluti
1972 4620 2067 4662 ca-

490 4699 672 4770 ptivos
721 4696 1023 4768 quosdam,
1078 4699 1302 4768 proprio
1350 4696 1620 4767 sanguine
1670 4698 1763 4767 qui
1819 4696 2066 4767 ejusdem

491 4802 658 4862 atque
688 4800 873 4847 noster
912 4798 1122 4845 natura:
1156 4798 1279 4854 est,
1328 4790 1646 4845 redimens:
1705 4790 1772 4844 ad
1822 4791 1875 4845 id
1921 4790 2065 4845 enim

493 4883 769 4952 respicere
792 4879 1012 4936 videtur
1039 4879 1363 4950 Apostolus,
1394 4893 1520 4933 cum
1554 4879 1736 4949 inquit
1764 4897 1861 4951 per
1888 4882 2066 4952 ipsum

494 4989 601 5028 nos
636 4971 917 5042 aet-episse
950 4970 1382 5041 redemptionem
1421 4958 1517 5040 per
1554 4971 1878 5042 sanguinem
1912 4972 2067 5041 ejus,

496 5065 877 5120 remissionem
913 5073 1261 5137 peccatorum
1299 5079 1394 5135 per
1422 5078 1650 5120 carnem
1680 5064 1803 5134 ejus
1834 5066 1903 5119 ⁸⁸.
1940 5065 2067 5122 llaec

494 5163 582 5211 est
615 5156 892 5212 sententia
926 5165 1114 5213 nostra
1146 5172 1310 5227 quam
1342 5170 1503 5211 secus
1534 5163 1701 5225 atque
1730 5156 2069 5225 Apollinaris

569 5269 615 5302 “
646 5268 836 5325 Matth.
868 5285 969 5335 xu,
1002 5270 1091 5323 40.

497 5342 514 5396 1
547 5340 745 5396 Thess.
780 5356 820 5405 ι,
855 5340 944 5393 10.
1020 5340 1065 5370 ⁵⁸
1095 5338 1292 5408 Ephes.
1329 5355 1369 5405 ι,
1401 5339 1453 5393 7.

579 5455 684 5526 UO)
730 5453 942 5526 Similia
964 5454 1364 5524 quoquehabet
1396 5453 1679 5526 Nysscnus
1734 5456 1791 5511 in
1840 5462 1981 5512 orat.
2012 5456 2065 5523 l,

497 5526 554 5580 in
571 5525 772 5581 Christi
803 5526 1235 5579 resurrectionem
1264 5526 1415 5580 circa
1444 5525 1706 5582 modium.

572 5596 619 5668 (1
632 5595 685 5668 ξ)
707 5594 870 5668 [forte
905 5594 1192 5668 legendum
1221 5596 1388 5668 ἥπερ.

595 5663 683 5721 ηδ
710 5664 866 5719 Corr.
896 5663 991 5718 uel.
1019 5663 1263 5721 ἐνώπιον.

597 5733 683 5801 l5)
713 5733 870 5810 Corr.
898 5736 926 5788 6
947 5734 1136 5791 εἰπών.

2164 4538 2277 4586 τος,
2314 4522 2522 4584 πάντας
2549 4522 2676 4585 τοὺς
2717 4520 3183 4590 κεκοινωνηκότας
3210 4519 3357 4590 αύτῷ
3399 4523 3497 4591 τῆς
3545 4521 3746 4588 σαρκὸς

2167 4612 2264 4667 καὶ
2296 4611 2389 4665 τοῦ
2436 4613 2667 4683 αἵματος
2700 4611 3127 4683 ἐξωνησάμενος,
3157 4611 3228 4674 ὡς,
3272 4610 3405 4682 πρὸς
3436 4608 3591 4663 τοῦτο
3627 4610 3748 4679 βλέ-

2167 4722 2290 4758 πειν
2321 4704 2420 4775 τὴν
2452 4702 2815 4774 ἀποστολικὴν
2869 4704 3050 4775 ῥῆσιν,
3097 4704 3132 4774 ἦ
3182 4720 3366 4772 φησιν,
3410 4702 3554 4773 ἔχειν
3598 4704 3745 4772 ﬁgi;

2168 4798 2265 4870 τὴν
2295 4796 2668 4867 ἀπολύτρωσιν
2700 4796 2791 4850 διὰ
2810 4796 2902 4850 τοῦ
2932 4797 3160 4866 αἵματος
3183 4795 3344 4849 αὑτοῦ
3365 4811 3379 4824 ·
3420 4794 3515 4864 τὴν
3556 4793 3747 4859 ἄφεσιν

2168 4888 2276 4942 τῶν
2312 4887 2592 4959 ἁμαρτιῶν
2616 4887 2704 4940 διά
2740 4886 2837 4957 τῆς
2861 4886 3062 4957 σαρκὸς
3091 4884 3274 4938 αὐτοῦ.
3302 4879 3466 4946 Οὗτος
3496 4885 3525 4936 6
3548 4882 3748 4952 ἡμέτε-

2174 4996 2264 5050 ρος
2291 4978 2466 5046 λόγος,
2498 4977 2556 5029 ὃν
2604 4980 2669 5029 ἐκ
2701 4974 2810 5028 τῶν
2846 4974 3258 5045 παρατεθέντων
3286 4971 3380 5025 τοῦ
3420 4971 3746 5025 ’Δποστόλου

2175 5070 2436 5140 ῥημάτων
2479 5066 2592 5139 (l5)
2642 5067 2964 5139 ὲνοήσαμεν,
3008 5066 3104 5120 καὶ
3132 5067 3230 5136 οὐχ
3267 5065 3343 5128 ὼς
3377 5063 3747 5132 ’Λπολινάριος

2170 5162 2375 5225 ἐκεῖνος
2400 5159 2533 5231 (16).
2560 5159 2911 5229 Δοκιμαζέτω
2950 5159 3006 5212 δὲ
3033 5161 3063 5211 6
3105 5158 3309 5230 κρίνειν
3341 5154 3749 5225 ὲπεσκεμμένος

1166 5272 1209 5303 ⁵⁸
1247 5267 1405 5325 Joan.
1441 5285 1497 5335 κ,
1532 5268 1617 5322 18.
1695 5269 1743 5300 ⁸⁹
1781 5267 1918 5325 Luc.
1949 5286 2038 5326 xxi

2150 5273 2224 5329 ιδ.
2300 5275 2504 5333 “ibid.
2537 5276 2628 5331 45.
2703 5273 2875 5331 "lsa.
2899 5288 3051 5339 ms,
3076 5269 3166 5327 l6.
3237 5270 3511 5326 "Coloss.
3554 5283 3614 5331 ιι,
3648 5268 3748 5332 {2;

2249 5459 2363 5520 (H)
2390 5457 2550 5512 Carr.
2581 5458 2679 5527 οὐχ
2707 5458 2899 5520 οὕτως.

2245 5529 2358 5596 (l5)
2381 5529 2537 5583 Corr.
2580 5529 2689 5581 τῶν
2721 5529 3004 5599 ῥημάτων.

2242 5594 2358 5669 (16)
2392 5600 2655 5669 Ιηιηοτς.
2693 5594 2955 5653 scribitur
3000 5594 3186 5651 eadem
3231 5609 3374 5651 corr.
3422 5609 3609 5659 manu,
3656 5609 3748 5664 γρ.

2175 5670 2270 5725 καὶ
2303 5668 2398 5726 τοῦ
2435 5668 2813 5741 Ἀπολιναρίου
2843 5669 3068 5731 ἐκεῖνος.
