4006 6494
490 311 630 367 U59

1728 309 1786 366 S.
1827 308 2155 367 GREGORII
2196 310 2486 372 NYSSFJYI

3619 313 3749 363 lilii)

493 428 775 495 taetuique
809 421 1101 479 renititur?
1129 421 1501 479 Obstruarnur
1550 423 1793 477 omnium
1835 425 1925 493 pie
1954 438 2076 477 cre-

2188 427 2350 497 ἀκοήο
2406 426 2541 497 μηδὲ
2594 425 2875 497 μολυνθείη
2925 424 2992 477 τά
3041 425 3179 488 θεία,
3224 424 3315 476 καὶ
3364 424 3617 494 ἀκήρατα
3669 426 3752 476 δό-

490 515 741 572 dentium
768 529 951 580 aures,
978 528 1156 583 neque
1178 513 1364 568 divina
1389 522 1443 567 et
1471 514 1787 583 incorrupta
1818 514 2071 584 dogmata

496 606 567 662 rb
615 607 699 662 his
749 605 1022 660 lmdentur
1073 604 1167 675 qui
1217 606 1528 674 petulanter
1569 604 1720 669 elati,
1770 605 2073 659 carnalium

501 698 853 754 aﬂectionum
882 698 1165 752 attributis
1187 697 1531 752 divinitatem
1556 695 1909 751 dedecorant.
1939 695 2075 760 Quis

499 792 643 846 enim
688 790 905 859 ignorat
936 787 1103 842 Deum
1139 787 1230 857 qui
1262 788 1318 840 in
1363 801 1530 840 carne
1561 785 1722 839 nobis
1752 785 2075 839 manifesta-

501 892 588 935 tus
638 889 745 939 est.
796 880 953 948 juxta
1006 879 1107 948 pia:
1164 878 1385 946 quidem
1443 876 1755 932 traditionis
1808 878 2074 931 rationem

498 973 910 1040 incorporeum,
967 969 1320 1031 invisibilem,
1391 967 1717 1036 simplicem,
1781 966 2075 1034 inlinitum,

499 1079 611 1118 non
657 1061 1138 1129 circumscriptum
1173 1068 1228 1113 et
1273 1057 1445 1114 fuisse
1482 1074 1698 1127 semper
1739 1067 1794 1113 et
1820 1073 1964 1124 esse,
2014 1074 2078 1113 ac

498 1154 702 1224 ubique
724 1153 1011 1216 exsistere,
1037 1158 1091 1205 et
1114 1156 1299 1203 creata
1327 1156 1526 1203 cuncta
1569 1149 1886 1218 pervadere,
1924 1150 2076 1218 juxta

499 1246 560 1301 id
595 1260 726 1299 vero
747 1243 892 1313 quod
921 1242 1236 1312 apparebat,
1263 1250 1322 1295 ut
1362 1242 1541 1295 caeteri
1578 1241 1825 1296 homines
1851 1256 2079 1310 corpore

502 1338 960 1405 circumscriptus
978 1334 1455 1404 conspiciebatur?
1484 1334 1682 1402 quippe
1705 1336 2075 1388 necessarium

500 1444 733 1501 prorsus
782 1435 866 1482 cst
923 1441 1085 1480 omne
1116 1440 1317 1494 corpus
1352 1426 1639 1494 superficie
1672 1424 1909 1493 quadam
1943 1440 2078 1478 con-

500 1519 688 1574 tineri.
727 1517 851 1571 Haec
872 1519 1059 1587 itaque
1086 1516 1405 1585 superﬁcies
1437 1518 1684 1584 corporis
1716 1518 1771 1569 in
1804 1516 1919 1585 ipsa
1947 1531 2077 1569 cou-

501 1610 636 1665 tenti
692 1608 962 1663 terminus
1014 1616 1139 1672 est;
1200 1605 1465 1676 quidquid
1529 1616 1714 1659 autem
1778 1606 1961 1675 aliqua
2020 1622 2080 1660 re

500 1700 830 1754 terminatur
857 1696 1078 1751 deﬁnita
1106 1696 1341 1765 quadam
1366 1696 1671 1764 quantitate
1697 1695 2075 1750 concluditur:

2170 534 2360 586 ,τματα
2430 521 2542 581 τοῖς
2624 517 3083 588 σαρκωδεστέροις
3151 517 3346 572 πάθεσι
3423 522 3574 593 παρά
3642 520 3751 576 τῶν

2177 606 2561 677 ἐξυϐριζόντων
2590 607 2701 677 (‘23)
2742 607 2803 661 τὸ
2830 605 2987 660 Θεϊον
3020 605 3479 678 καθυϐριζόμενα.
3519 606 3616 668 Τίς
3648 606 3756 677 γὰρ

2177 702 2271 753 οὑκ
2300 696 2436 752 οἶδεν
2463 701 2543 752 ὅτι
2582 701 2610 751 6
2638 699 2970 770 φανερωθεὶς
2995 701 3124 769 ἡμῖν
3161 701 3216 750 ὲν
3248 699 3410 768 σαρκὶ
3441 698 3556 766 (25)
3602 698 3755 760 Θεὸς,

2177 789 2319 842 κατά
2350 790 2447 859 μὲν
2472 789 2561 841 τὸν
2584 789 2736 857 λόγον
2779 790 2878 859 τῆς
2906 789 3159 852 εὑσεῦοῦς
3196 789 3544 860 παραδόσεως
3574 789 3755 851 ἆῦλος,

2177 881 2271 934 καὶ
2322 881 2557 949 ἀφανὴς,
2594 881 2687 933 κα)¹
2721 879 3030 943 ἀσύνθετος,
3063 880 3155 932 καὶ
3194 874 3262 949 ἦν
3305 878 3397 930 καὶ
3428 877 3577 930 ἔστιν
3606 876 3757 945 ἀόρι-

2180 986 2322 1031 στος,
2350 971 2444 1022 καὶ
2477 969 2588 1039 (25)
2632 970 3061 1041 ἀπερίγραπτος,
3094 967 3373 1037 πανταχοῦ
3410 967 3505 1029 ὢν,
3538 969 3634 1021 καὶ
3674 966 3757 1019 διὰ

2178 1060 2358 1131 πάσης
2385 1061 2485 1129 τῆς
2518 1061 2748 1124 κτίσεως
2788 1060 3009 1130 διήκων,
3043 1059 3184 1113 κατὰ
3220 1059 3276 1111 δὲ
3306 1059 3367 1110 τὸ
3409 1059 3758 1129 φαινόμενον,

2178 1151 2236 1202 ὲν
2265 1150 2581 1222 ἀνθρωπίνῃ
2610 1155 2923 1222 περιγραφῇ
2950 1152 3181 1219 ὲωρᾶτος
3216 1150 3424 1218 ἀνάγκη
3446 1150 3557 1219 γὰρ
3585 1151 3759 1214 πᾶσα,

2182 1242 2290 1293 πᾶν
2321 1241 2479 1310 σῶμα
2514 1241 2619 1293 ὑπὸ
2646 1240 2965 1309 ἐπιφανείας
3006 1239 3149 1301 τινος
3189 1238 3559 1308 περιέχεσθαι.
3609 1236 3763 1307 Αὐτὴ

2181 1330 2359 1382 τοίνυν
2386 1332 2418 1399 ἡ
2457 1331 2747 1397 ἐπιφάνεια
2774 1330 2868 1382 τοῦ
2892 1332 2951 1381 ὲν
2978 1329 3113 1397 αὑτῇ
3156 1328 3611 1399 περιειλημμένου
3648 1327 3763 1395 (26)

2181 1420 2429 1491 σώματος
2491 1423 2615 1491 ὅρος
2669 1420 2816 1473 ὲστί·
2878 1421 2985 1473 πᾶν
3039 1419 3097 1471 δὲ
3146 1417 3225 1488 τῷ
3271 1419 3381 1488 ὅρῳ
3442 1419 3765 1487 περιεχόμε-

2178 1528 2265 1563 νον
2308 1510 2440 1580 (27),
2481 1511 2758 1581 ὡρισμένῃ
2810 1510 2915 1562 τινὶ
2948 1509 3205 1576 ποσότητι
3247 1506 3653 1577 περιείργεται*
3702 1506 3766 1557 τὸ

2178 1604 2234 1657 δὲ
2276 1604 2578 1675 ὡρισμένον
2613 1604 2862 1674 ἀόριστον
2891 1599 3027 1654 εἶναι
3056 1601 3117 1653 οὑ
3159 1601 3399 1653 δύναται.
3460 1599 3622 1650 ’Λλλά
3658 1598 3767 1668 μὴν

2180 1696 2208 1746 6
2238 1695 2530 1764 Προφήτης
2560 1694 2709 1763 φησὶ,
2740 1695 2822 1747 ὃτι
2852 1691 2965 1759 Τῆς
2991 1693 3410 1761 μεγαλοσύνης
3434 1689 3623 1744 αὑτοῦ
3651 1692 3767 1743 οὐκ

499 1787 644 1859 quod
702 1796 882 1842 autem
915 1786 1200 1840 deﬁnitum
1237 1794 1341 1847 est,
1371 1786 1644 1839 inﬁnitum
1683 1801 1807 1840 esse
1844 1801 1951 1839 non
1980 1801 2079 1856 po-

2188 1786 2316 1839 ἔστι
2351 1787 2553 1854 πέρας.
2590 1788 2652 1839 Et
2681 1780 2771 1839 οὖν
2802 1788 2835 1855 ἡ
2867 1785 2987 1839 θεία
3015 1784 3195 1852 φύσις,
3224 1782 3404 1844 καθώς
3434 1799 3598 1852 φησιν
3626 1784 3657 1836 6
3680 1782 3769 1834 λο-

498 1886 632 1935 test.
697 1877 863 1947 Atqui
911 1876 1185 1944 Propheta
1239 1875 1446 1943 inquit,
1519 1873 1907 1944 Magnitudinis
1965 1875 2077 1943 ejus

499 1986 605 2023 non
631 1976 708 2023 est
736 1968 858 2036 ﬁnis
895 1967 963 2019 ⁵⁷.
1003 1964 1059 2019 Si
1091 1966 1257 2035 igitur
1278 1965 1464 2019 divina
1497 1973 1718 2027 natura,
1756 1972 1813 2017 ut
1844 1965 2080 2034 scriptor

499 2068 691 2119 noster
738 2060 834 2121 ait,
883 2072 1014 2111 caro
1061 2065 1181 2123 est;
1235 2057 1351 2110 haec
1407 2063 1587 2110 autem
1635 2056 1949 2110 necessario
1994 2072 2081 2111 su-

502 2149 727 2217 perﬁcie
774 2148 1121 2206 terminatur,
1172 2144 1447 2213 quomodo
1486 2144 1575 2199 Dei
1627 2144 1968 2215 magnitudo,
2021 2154 2080 2198 ut

501 2236 771 2308 Propheta
818 2239 914 2301 ait,
957 2238 1011 2291 in
1056 2236 1328 2290 inﬁnitum
1376 2235 1659 2305 procedit?
1692 2236 1773 2289 vel
1808 2237 2081 2305 quomodo

502 2347 573 2385 ex
619 2330 768 2383 ﬁnita
825 2345 886 2384 re
929 2328 1075 2398 quod
1140 2326 1413 2382 inﬁnitum
1465 2336 1550 2379 est
1599 2327 1973 2395 cognoscitur,
2029 2339 2082 2380 et

503 2422 832 2475 immensum
880 2435 947 2473 ex
1000 2434 1068 2473 eo
1122 2417 1271 2487 quod
1320 2416 1613 2470 terminum
1667 2417 1828 2471 habet
1879 2419 2079 2471 intelli—

504 2511 694 2580 gitur?
730 2511 814 2565 vel
857 2510 1060 2579 potius,
1092 2508 1238 2578 quod
1269 2516 1323 2562 et
1370 2508 1624 2576 superius
1659 2508 1771 2577 jam
1821 2510 2081 2575 diximus,

506 2600 784 2671 quomodo
806 2617 870 2656 ex
898 2609 1072 2654 morte
1095 2598 1402 2653 fortitudo?
1435 2598 1492 2651 Si
1513 2600 1682 2663 enim,
1708 2611 1763 2653 ut
1793 2601 1890 2665 ait,
1918 2601 2082 2655 homo

506 2696 626 2763 ipse
653 2693 744 2762 qui
776 2694 991 2747 locutus
1017 2700 1103 2746 est
1133 2692 1457 2747 saeculorum
1476 2697 1561 2744 est
1584 2692 1851 2755 conditor,
1871 2700 1924 2746 et
1942 2693 2084 2747 idem

508 2787 600 2841 ille
649 2795 733 2839 est
764 2784 857 2853 qui
892 2798 984 2852 per
1025 2782 1401 2851 semetipsum,
1444 2781 1696 2835 videlicet
1722 2797 1816 2850 per
1842 2798 2081 2846 carnem,

508 2886 569 2932 ut
610 2874 943 2945 Apollinaris
978 2875 1392 2942 interpretatur,
1432 2882 1628 2926 cuncta
1675 2872 1918 2939 creavit;
1959 2888 2087 2927 caro

509 2977 691 3023 autem
725 2968 913 3022 divino
937 2966 1165 3021 oraculo
1190 2963 1406 3018 inﬁrma
1429 2972 1482 3018 et
1508 2964 1798 3019 imbecillis
1835 2972 2085 3020 vocatur:

508 3060 646 3115 nihil
670 3058 817 3112 aliud
848 3072 1012 3126 quam
1041 3056 1360 3125 potentiam,
1387 3052 1782 3119 fortitudinem,
1805 3054 2083 3116 virtutem,

505 3160 561 3207 et
599 3157 868 3219 quotquot
893 3148 1157 3203 sublimes
1184 3146 1401 3215 Deoque
1424 3144 1601 3215 dignae
1632 3144 1884 3198 notiones
1907 3144 2087 3198 animo

507 3241 724 3311 concipi
749 3247 997 3311 possunt.
1023 3238 1091 3292 ab
1112 3237 1487 3291 imbecillitate
1502 3243 1557 3290 et
1574 3234 1890 3288 inﬁrmitate
1906 3240 2084 3286 ortum

506 3334 711 3388 dueere
762 3329 1098 3399 Apollinaris
1148 3326 1425 3395 opinatur.

580 3423 725 3479 XIX.
777 3424 843 3475 Et
876 3421 1022 3474 istud
1058 3417 1279 3488 quidem
1313 3433 1422 3470 non
1451 3416 1585 3470 adeo
1609 3413 1833 3483 impium
1857 3417 1961 3473 est,
1994 3409 2085 3464 sed

509 3517 578 3571 ad
628 3513 886 3568 ulteriora
917 3508 1273 3580 progrediens
1319 3506 1519 3569 oratio,
1542 3505 1595 3557 in
1618 3518 1680 3558 ea
1708 3517 1827 3570 quae
1850 3507 2089 3569 postmo-

509 3608 641 3662 dum
675 3602 928 3672 sequitur
952 3596 1347 3668 disputatione,
1374 3593 1591 3647 Patrem
1617 3593 1797 3661 ipsum
1831 3588 2088 3657 blasphe-

510 3697 637 3751 miis
687 3693 911 3763 appetit.
954 3690 1046 3744 Ait
1088 3690 1231 3743 enim
1281 3685 1555 3742 hominem
1604 3697 1725 3738 esse
1766 3680 1859 3734 Dei
1903 3680 2090 3749 gloriae

508 3786 881 3857 splendorem,
921 3789 975 3836 et
1009 3782 1063 3835 in
1099 3777 1305 3834 carnali
1334 3774 1466 3839 Deo,
1502 3788 1663 3845 quem
1689 3770 1945 3827 inanibus
1961 3783 2089 3823 sua-

510 3894 632 3933 rum
673 3876 945 3932 rationum
976 3867 1325 3930 commentis,
1357 3873 1618 3935 tanquam
1662 3861 2019 3918 simulacrum
2058 3873 2089 3911 a

509 3985 573 4025 se
606 3968 841 4021 eliictum
886 3961 1146 4024 obtrusit,
1174 3959 1269 4013 Dei
1304 3956 1668 4013 substantiam
1710 3949 2090 4023 repraesentari

507 4060 606 4112 ait.
631 4053 1099 4123 Quemadmodum
1121 4050 1288 4120 igitur
1307 4047 1495 4102 radius
1528 4042 1905 4115 cognationem
1929 4039 2092 4094 habet

508 4165 640 4204 cum
691 4146 829 4211 sole,
875 4151 931 4200 et
968 4158 1094 4198 cum
1124 4141 1351 4196 lucerna
1393 4138 1574 4191 lumen
1609 4133 1755 4203 quod
1796 4148 1861 4188 ex
1903 4146 1967 4185 ea
2006 4144 2093 4185 re-

510 4234 866 4305 splendet.et
910 4228 1150 4307 hominis
1189 4226 1359 4297 ﬁgura
1395 4223 1755 4279 substantiam
1795 4222 1959 4275 refert
1991 4218 2093 4273 hu-

514 4338 756 4383 manam.
786 4323 862 4376 ita
894 4319 1054 4389 plane
1082 4317 1128 4372 si
1150 4315 1297 4386 quod
1350 4330 1443 4385 per
1468 4311 1904 4366 lncarnationem
1932 4308 2091 4362 nobis

515 4413 795 4483 apparuit,
828 4426 857 4464 a
887 4409 1068 4463 Patris
1098 4406 1275 4478 gloria
1302 4401 1660 4475 resplenduit,
1687 4408 1742 4456 et
1767 4400 1937 4471 ﬁgura
1970 4398 2090 4467 ejus

517 4504 698 4560 Patris
741 4502 1062 4557 substantia:
1111 4514 1242 4554 caro
1290 4509 1396 4560 est,
1453 4495 1688 4551 elﬁcitur
1738 4491 1981 4563 profecto
2031 4500 2092 4545 ut

514 4613 581 4651 ex
634 4592 989 4661 consequenti
1020 4590 1258 4645 carnalis
1287 4604 1507 4659 quoque
1550 4588 1623 4642 sit
1649 4584 1832 4640 Patris
1871 4591 2086 4638 natura.

514 4684 702 4754 Neque
743 4682 889 4738 enim
940 4680 1049 4735 dici
1116 4687 1296 4749 potest
1351 4680 1731 4749 incorporeum
1784 4691 1813 4729 a
1858 4690 2091 4745 corpore

583 4856 630 4886 ⁸⁷
667 4853 815 4909 Psal.
850 4867 1033 4919 exuv,
1060 4851 1115 4902 5.

588 5018 702 5084 (25)
730 5015 885 5071 Corr.
908 5008 1439 5084 ὲξανθρωπιζόντων.

506 5104 515 5113 ’
591 5080 708 5155 (Ἡ)
737 5088 892 5141 Corr.
930 5080 987 5136 ὲν
1118 5080 1298 5155 σαρκί.

612 5090 708 5155 Ἡ)
737 5090 892 5141 Corr.
930 5090 987 5136 ἑν
1017 5090 1081 5153 τῇ
1118 5090 1298 5151 σαρκι.

591 5090 703 5223 $95)
727 5156 882 5210 Corr.
916 5152 1164 5225 ἀόριστός
1192 5167 1251 5202 τε
1276 5146 1392 5202 καί.

747 5209 821 5280 Ita
864 5209 1033 5289 corri;
1080 5209 1231 5292 prius
1280 5228 1396 5273 erat
1436 5263 1451 5287 ,
1526 5209 2051 5291 πεπλημμελημένοι)
2076 5248 2094 5275 ,

590 5318 595 5352 ι
642 5314 674 5348 n
714 5312 901 5351 sensu.

522 5300 674 5355 nullo
714 5312 901 5351 sensu.

594 5368 709 5435 (27)
745 5367 901 5420 Corr.
928 5362 997 5435 :6
1020 5362 1131 5435 ὅρῳ
1158 5358 1571 5435 περιεχόμεγρνι
1602 5424 1613 5435 .
1766 5422 1778 5435 ,
1836 5421 1857 5435 _
1948 5417 1961 5435 ι
2062 5417 2088 5428 ,

741 5417 961 5508 Plenius
990 5417 1130 5485 inira
1163 5417 1285 5497 cap.
1320 5417 1410 5508 35x,
1433 5428 1469 5505 ,ό
1488 5421 1886 5508 λαλήσαςῃὴμζν
1905 5417 2092 5508 τὰᾼτοῦ

523 5492 758 5578 Πατρός,
802 5507 890 5576 qui
939 5492 1276 5578 loculusnest
1323 5495 1495 5577 nobis,
1545 5492 1661 5566 quae
1697 5492 1920 5578 Patris.
1947 5497 2090 5542 sunt.

524 5561 662 5633 Vide
702 5561 884 5631 autem
939 5588 1007 5627 an
1044 5568 1375 5640 Apollinaris
1431 5561 1737 5634 respexerit
1787 5562 1855 5617 ad
1908 5561 2089 5615 locqu

523 5647 683 5702 Joan.
717 5661 835 5710 vnr,
870 5645 962 5699 40.

598 5717 711 5781 (29)
741 5703 898 5772 Carr.
934 5714 1181 5783 νοήματα
1209 5709 1302 5765 καὶ
1325 5706 1560 5779 ὀνόματα
1585 5703 1803 5773 ἔκγονα.

2180 1878 2476 1947 γογράιρος,
2516 1875 2651 1947 σάρξ
2684 1877 2863 1928 ἐστιν’
2911 1874 3049 1943 αῦτη
3081 1874 3139 1927 δὲ
3187 1874 3499 1939 ἀναγκαίως
3547 1871 3623 1940 τῷ
3662 1872 3767 1942 τῆς

2181 1967 2503 2037 ἐπιφανείας
2539 1967 3003 2038 περιλαμόάνεται
3032 1965 3252 2035 πέρατι·
3283 1963 3398 2026 πῶς
3430 1965 3462 2033 ὴ
3492 1962 3585 2015 τοῦ
3628 1962 3769 2016 Θεοῦ

2193 2059 2528 2129 μεγαλοσύνη
2565 2059 2708 2112 κατὰ
2738 2058 2827 2110 τὸν
2856 2058 3167 2127 Προφήτην,
3199 2056 3278 2117 εἰς
3307 2056 3532 2125 ἀπειρόν
3580 2055 3771 2125 πρόει-

2184 2167 2299 2213 σιν;
2339 2150 2371 2220 ἢ
2406 2150 2523 2212 πῶς
2570 2149 2657 2202 διὰ
2702 2149 2795 2201 τοῦ
2828 2148 3132 2218 ὡρισμένου
3158 2148 3352 2199 νοεῖται
3388 2144 3449 2197 τὸ
3490 2145 3767 2215 ἀόριστον,

2181 2243 2269 2294 διά
2295 2241 2388 2294 τοῦ
2423 2240 2837 2312 πεπερασμένου
2866 2239 2926 2291 τὸ
2952 2239 3210 2308 ἄπειρον;
3245 2236 3460 2290 Μᾶλλον
3489 2236 3568 2301 δὲ,
3600 2236 3629 2288 δ
3672 2237 3769 2289 καὶ

2186 2332 2485 2401 φθάσαντες
2542 2336 2599 2385 ὲν
2636 2335 2748 2395 τοῖς
2796 2330 3157 2401 προλαϐοῦσιν
3189 2330 3510 2399 εἰρήκαμεν,
3552 2327 3674 2389 πῶς
3705 2332 3771 2381 ὲκ

2183 2425 2277 2477 τοῦ
2317 2423 2546 2478 θανάτου
2602 2424 2662 2476 τὸ
2731 2424 2984 2493 ίσχυρόνς
3036 2423 3097 2475 Et
3147 2420 3289 2491 γὰρ,
3340 2418 3522 2482 καθώς
3578 2435 3767 2489 φησιν,

2185 2516 2345 2579 αὑτὸς
2380 2518 2408 2569 6
2443 2514 2746 2583 ἄνθρωπος,
2776 2518 2804 2567 6
2831 2514 3067 2584 λαλήσας
3090 2512 3226 2580 (‘28),
3256 2510 3479 2581 ποιητὴς
3498 2510 3609 2563 τῶν
3638 2509 3772 2563 aid»

2186 2624 2291 2661 νων
2340 2608 2506 2672 ἐστὶν,
2556 2606 2718 2669 αὑτὸς
2764 2607 2793 2657 ό
2836 2605 2903 2657 δι’
2950 2604 3165 2665 ἑαυτοῦ,
3222 2604 3487 2666 τουτέστι,
3532 2600 3625 2655 διά
3666 2604 3772 2671 τῆς

2191 2698 2411 2767 σαρκὸς,
2441 2696 2622 2760 καθὼς
2652 2700 2681 2750 6
2718 2697 3094 2766 Ἀπολινάριος
3124 2695 3431 2766 ἐρμηνεύει,
3474 2693 3541 2745 τά
3588 2693 3771 2746 πάντα

2189 2790 2374 2842 ποιῶν.
2436 2789 2694 2860 Ἀσθενὴς
2739 2788 2795 2840 δὲ
2840 2789 2971 2859 παρ’
3002 2786 3173 2856 αὑτῆς
3204 2785 3305 2854 τῆς
3349 2784 3497 2845 θείας
3519 2784 3707 2854 φωνῆς
3735 2785 3771 2853 ἡ

2192 2882 2326 2952 σὰρξ
2359 2881 2650 2951 ὠνομάσθη
2674 2898 2686 2911 ·
2724 2880 2873 2933 οὐδὲν
2905 2879 3110 2949 ἕτερον,
3142 2879 3189 2930 εἰ
3220 2878 3294 2947 μὴ
3325 2876 3385 2929 τὸ
3424 2876 3645 2946 κράτος,
3673 2875 3773 2927 καὶ

2190 2972 2287 3039 τὴν
2318 2972 2487 3041 ἰσχὺν,
2517 2971 2612 3024 καὶ⁹
2651 2970 2748 3039 τὴν
2776 2969 3026 3037 δύναμιν,
3059 2968 3151 3021 καὶ
3174 2968 3273 3021 ὅσα
3299 2965 3497 3035 ὑψηλά,
3525 2966 3622 3018 καὶ
3650 2963 3773 3016 θεο-

2192 3063 2376 3134 πρεπῆ
2405 3063 2671 3132 νοήματα,
2711 3062 2908 3131 ἔκγονα
2945 3059 3058 3130 (29)
3082 3058 3182 3127 τῆς
3209 3056 3489 3118 ἀσθενείας
3528 3058 3559 3109 ό
3608 3056 3769 3109 λογο-

2187 3155 2396 3227 γράφος
2432 3152 2625 3206 οἴεται.

2260 3396 2365 3449 Καὶ
2439 3393 2590 3446 οὔπω
2658 3391 2907 3445 τοσοῦτον
2997 3388 3153 3443 τοῦτο
3208 3389 3376 3443 δεινὸν
3433 3388 3585 3458 (50),
3632 3387 3772 3442 ἀλλά

2191 3486 2392 3557 προῖὼν
2420 3488 2448 3539 6
2478 3486 2630 3553 λόγος
2651 3483 2737 3536 διά
2760 3482 2858 3551 τῆς
2889 3483 3027 3535 κατὰ
3051 3482 3111 3533 τὸ
3131 3480 3419 3534 ἀκόλουθον
3444 3479 3768 3545 ἐξετάσεως,

2188 3578 2355 3648 αὐτῆς
2400 3568 2631 3629 ἅπτεται
2670 3575 2766 3643 τῆς
2813 3573 2956 3626 κατά
3000 3572 3093 3625 τοῦ
3145 3571 3355 3641 Πατρδς
3400 3570 3766 3641 βλασφημίας.

2189 3667 2352 3734 Λέγει
2396 3665 2505 3736 γάρ
2550 3664 2641 3717 τὸν
2684 3663 2965 3735 ἄνθρωπον
2996 3657 3132 3714 εἶναι
3177 3662 3274 3731 τῆς
3303 3658 3396 3713 τοῦ
3443 3659 3577 3713 Θεοῦ
3608 3661 3769 3731 δόξης

2189 3756 2547 3826 ἀπαύγασμα,
2604 3756 2696 3809 καὶ
2725 3756 2782 3806 ἐν
2833 3752 2909 3823 τῷ
2960 3752 3196 3823 σαρκίνῳ
3250 3750 3391 3819 Θεῷ,
3444 3750 3503 3803 ὃν
3546 3750 3638 3803 διά
3671 3751 3768 3819 τῆς

2192 3847 2550 3919 ματαιότητος
2578 3845 2685 3898 τῶν
2712 3841 2987 3913 λογισμῶν
3026 3842 3438 3911 εἰδωλοποιήσας
3468 3841 3763 3903 ἀνέπλασε,

2189 3940 2288 4010 τὴν
2352 3937 2447 3991 τοῦ
2515 3936 2650 3989 Θεοῦ
2712 3936 3007 3989 ὑπόστασιν
3072 3933 3183 4003 (51)
3245 3929 3765 4003 χαρακτηρίζεσθαι.

2193 4032 2403 4103 Ὠσπερ
2432 4031 2541 4099 (32)
2563 4029 2741 4082 τοίνυν
2776 4029 3048 4095 συγγενῶς
3082 4025 3191 4095 ἔχει
3226 4024 3360 4095 πρὸς
3388 4024 3479 4077 τὸν
3528 4023 3681 4093 ἥλιον
3728 4024 3763 4091 ἡ

2191 4121 2369 4185 ἀκτὶς,
2418 4121 2510 4173 καὶ
2560 4118 2695 4190 πρὸς
2741 4118 2831 4170 τὸν
2881 4115 3070 4186 λύχνον
3109 4114 3168 4169 τὸ
3219 4116 3283 4167 ἐκ
3330 4113 3429 4182 τῆς
3485 4112 3767 4182 λαμπάδος

2190 4210 2637 4281 ἀπαυγαζόμενον
2672 4208 2782 4279 (55)
2808 4208 2942 4277 φῶς,
2969 4208 3063 4260 καὶ
3089 4209 3117 4260 6
3139 4204 3233 4259 τοῦ
3266 4202 3550 4275 ἀνθρώπου
3588 4220 3767 4274 χαρα-

2193 4305 2331 4373 κτὴρ
2352 4299 2695 4372 ἀνθρωπίνην
2713 4299 3006 4352 ὑπόστασιν
3028 4296 3315 4359 δείκνυσιν,
3333 4293 3503 4355 οὕτως
3528 4293 3768 4357 πάντως,

2193 4397 2350 4465 εἴπερ
2397 4394 2456 4447 τὸ
2499 4393 2631 4463 ἡμῖν
2682 4390 2847 4461 φανὲν
2887 4389 3035 4460 παρά
3074 4388 3173 4457 τῆς
3216 4386 3373 4455 δόξης
3419 4383 3513 4436 τοῦ
3554 4383 3771 4453 Πατρός

2197 4484 2546 4557 ἀπηυγάσθη,
2581 4482 2677 4537 καὶ
2717 4482 2746 4534 6
2780 4482 3064 4552 χαρακτὴρ
3098 4478 3262 4532 αὐτοῦ
3290 4477 3386 4547 τῆς
3420 4475 3772 4535 ὑποστάσεως

2200 4581 2334 4652 σάρξ
2367 4583 2501 4641 ἐστι,
2552 4575 2832 4647 σαρκώδης
2881 4577 2945 4626 ὲκ
2974 4574 3066 4626 τοῦ
3111 4570 3401 4628 ἀκολούθου
3451 4572 3545 4624 καὶ
3590 4572 3625 4639 ἠ
3674 4568 3771 4621 τοῦ

2198 4673 2409 4745 Πατρός
2438 4672 2597 4741 φύσις
2630 4666 3113 4728 κατασκευάζεται.
3146 4666 3220 4718 Οὑ
3261 4664 3369 4735 γὰρ
3405 4663 3470 4716 ἂν
3497 4663 3641 4715 εἴποι
3674 4679 3775 4732 χα-

2269 4996 2380 5064 (50)
2410 4994 2606 5049 Eadem
2643 4996 2696 5049 in
2721 4996 2995 5049 nonnullis
3022 4993 3269 5047 breviora
3320 4992 3574 5064 leguntnr
3629 4989 3770 5064 apud

2197 5058 2562 5136 Euthyiniunt
2592 5064 3013 5136 Zigabenumin
3047 5064 3210 5116 toties
3241 5058 3458 5115 laudato
3493 5058 3770 5128 Panoplic

2195 5153 2317 5207 cap.
2354 5138 2440 5207 15,
2475 5154 2527 5207 p.
2550 5135 2677 5200 526,
2705 5150 2847 5207 vers.
2877 5135 3020 5207 Dicjt
3040 5142 3311 5201 praeterea.

2268 5200 2382 5278 (51)
2425 5200 2581 5260 (Sorr.
2621 5205 2916 5278 ὑπόστασιν
2943 5200 3086 5278 εἷπε.

2267 5267 2377 5345 (52)
2410 5278 2519 5331 Hac
2544 5275 2973 5345 eademrratione
3016 5272 3231 5345 Patrem
3269 5268 3408 5345 Filio
3457 5267 3761 5345 secundum

2199 5338 2539 5401 divinitatem
2588 5344 2850 5413 aequalem
2897 5358 3021 5413 esse
3067 5342 3264 5413 probat
3299 5340 3439 5413 idem
3492 5338 3767 5413 Nyssenus

2203 5416 2255 5470 in
2286 5418 2537 5471 oratione
2578 5409 2878 5468 De'deitare
2910 5410 3045 5467 Filii
3069 5409 3124 5465 et
3171 5409 3405 5480 Spiritus
3445 5409 3623 5462 sancti
3662 5423 3766 5460 non

2201 5486 2362 5549 longe
2402 5488 2470 5539 ab
2505 5486 2684 5539 initio.

2293 5547 2381 5624 33)
2414 5555 2574 5609 Edita
2600 5556 2745 5610 inter
2789 5551 3021 5624 Nysseni
3065 5566 3230 5624 opera
3276 5550 3483 5620 legunt.
3514 5550 3574 5601 τὸ
3596 5547 3769 5600 ἀπα.)-

2198 5625 2503 5696 γαζόμενον
2531 5625 2667 5695 φῶς.
