4006 6494
301 330 432 384 HM

1458 344 1827 403 ADVERSUS
1858 352 1899 404 A
1912 350 2377 408 POLLlNAREM.

3397 354 3547 410 1162·

297 444 718 538 ραμτηρίξεσθαι
746 448 860 538 μὲν
886 446 1097 519 σώματι
1139 450 1198 504 rb
1232 454 1520 526 ἀσώματον
1563 462 1695 529 (56),
1724 465 1786 517 ἐκ
1808 464 1845 516 δὲ

1969 467 2218 538 exprimi,
2268 477 2323 523 et
2361 467 2429 522 ab
2483 466 2740 522 invisibili
2789 466 2840 522 id
2881 468 3026 537 quod
3080 467 3253 525 oculis
3291 473 3533 526 cernitur

291 534 387 626 τού
427 534 662 626 ἀοράτου
710 536 770 589 τὸ
809 538 1000 608 ὁρατὸν
1035 540 1463 609 ἀπαυγάζεσθαι.
1535 550 1671 604 Ἀλλ’
1711 554 1797 606 οἵα
1835 556 1867 626 ή

290 624 440 689 δόξα,
466 625 703 679 τοιοῦτον
725 627 963 697 δηλονότι
990 632 1082 683 καὶ
1110 632 1170 685 τὸ
1201 634 1561 709 ἀπαύγασμα,
1588 643 1683 695 καὶ
1705 638 1815 707 οἷος

291 718 597 789 χαρακτὴρ,
628 721 845 791 τοιαύτη
872 722 1088 788 πάντως
1115 727 1206 779 καὶ
1232 730 1264 798 ή
1303 730 1617 798 ὑπόστασις,
1639 734 1781 789 ὥστε
1819 740 1868 791 εἰ

289 808 448 862 τοῦτο
480 809 657 877 σῶμα,
695 812 827 883 μηδὲ
862 815 1035 867 ἐκεῖνο
1066 817 1279 883 πάντως
1304 821 1594 892 ἀσώματον
1637 826 1864 882 οἴεσθαι.

304 901 465 955 Ἀλλά
517 904 611 956 καὶ
650 903 743 957 τοῦ
792 906 933 960 κατά
978 908 1213 962 Νίκαιαν
1262 912 1535 983 μέμνηται
1575 916 1863 987 δόγματος.

289 997 347 1047 ὲν
376 988 420 1062 ᾧ
448 995 507 1048 τὸ
534 996 815 1066 όμοούσιον
848 1000 881 1068 ἡ
914 1000 1065 1071 κοινὴ
1110 1002 1216 1055 τῶν
1270 1004 1529 1077 Πατέρων
1558 1005 1865 1079 ὲξεφὼνησε

289 1081 527 1147 σύνοδος.
568 1088 680 1141 Οὐκ
709 1089 775 1142 ἂν
821 1090 877 1143 δέ
925 1110 1006 1155 τις
1053 1094 1193 1148 είποι
1225 1114 1277 1149 τι
1310 1098 1645 1169 ὲτερογενὲς,
1675 1102 1866 1171 όμοού-

289 1193 433 1230 σιον·
470 1177 581 1230 ἀλλ’
610 1172 683 1232 ὧν
712 1174 791 1243 εἷς
820 1181 913 1235 καὶ
940 1185 968 1237 ό
1001 1184 1159 1248 αὐτός
1186 1189 1300 1241 ἐστι
1328 1189 1425 1260 τῆς
1464 1190 1651 1254 οὐσίας
1687 1191 1862 1261 λόγος,

285 1266 494 1331 τούτοις
526 1271 823 1342 ἐφαρμόζει
854 1275 1069 1339 πάντως
1098 1278 1158 1330 rb
1183 1280 1486 1349 όμοούσιον.
1519 1283 1580 1335 El
1610 1278 1703 1336 οὖν
1733 1285 1864 1356 σάρ-

286 1373 433 1420 κινος
464 1357 596 1422 Θεὸς
639 1359 667 1411 ὁ
706 1360 851 1425 Υἱὸς,
906 1364 1038 1417 αὐτὸ
1078 1367 1212 1439 ὅπερ
1265 1370 1379 1422 ἐστὶ
1410 1372 1476 1441 τῇ
1524 1372 1681 1439 φύσει
1729 1374 1862 1443 σὰρξ

283 1448 357 1501 ὣν
388 1450 527 1503 κατὰ
556 1450 616 1503 τὸ
642 1452 963 1521 προαιὼνιον
996 1456 1163 1526 ὄνομα
1200 1460 1312 1528 (55)
1336 1478 1348 1489 ·
1376 1462 1658 1531 ὁμοούσιος
1696 1463 1753 1516 δὲ
1786 1465 1863 1535 τῷ

286 1537 459 1608 Πατρὶ
504 1539 599 1591 καὶ
646 1541 778 1612 παρ’
824 1543 991 1597 αὐτοῦ
1021 1544 1115 1597 τοῦ
1155 1546 1493 1619 λογογράφου
1540 1552 1641 1605 οὐκ
1692 1553 1862 1623 ἀμφι-

282 1628 533 1683 ϐάλλεται
582 1632 717 1699 (56).
757 1633 969 1689 Ἐκεῖνα
1005 1635 1059 1689 δὲ
1103 1637 1349 1709 ἀλλήλοις
1392 1644 1538 1697 ἐστὶν
1566 1647 1845 1715 όμοούσια,

281 1720 350 1774 τὰ
394 1720 472 1789 τῷ
516 1722 664 1792 αὐτῷ
709 1723 851 1793 λόγῳ
876 1726 973 1796 τῆς
1014 1728 1201 1793 οὐσίας
1231 1730 1673 1805 ὑπο-γραφόμενα.
1715 1742 1854 1809 ’Δρα

1971 559 2349 627 resplendere;
2386 558 2481 613 sed
2528 558 2707 629 qualis
2732 567 2815 613 est
2861 560 3060 629 gloria,
3101 560 3227 613 talis
3276 560 3531 619 nimirum

1968 657 2022 705 et
2058 650 2321 721 splendor
2362 651 2503 720 ejus,
2550 661 2604 705 et
2646 652 2823 721 qualis
2869 651 3059 722 figura,
3105 653 3229 708 talis
3262 654 3445 723 utique
3478 663 3533 710 et

1968 740 2304 806 substantia;
2349 758 2518 812 quare
2566 742 2612 796 si
2679 757 2881 811 corpus
2932 752 3015 797 est
3066 745 3189 804 hoc.
3244 760 3345 799 nec
3396 746 3530 801 illud

1966 830 2186 901 quidem
2240 832 2351 885 ullo
2398 840 2558 902 pacto
2607 831 2989 901 incorporeum
3042 832 3374 885 censendum
3425 842 3528 889 est.

1968 922 2077 978 Sed
2116 931 2171 979 et
2212 923 2333 979 fidei
2388 924 2530 995 apud
2562 923 2796 979 Nicaeam
2843 924 3167 993 conscriptae
3198 924 3529 979 mentionem

1967 1014 2128 1079 facit,
2173 1015 2227 1069 in
2283 1030 2391 1084 qua
2444 1014 2751 1070 communis
2811 1014 3029 1068 Patrum
3085 1022 3382 1071 conventus
3431 1016 3529 1071 ho—

1965 1104 2216 1160 mousion
2267 1120 2464 1176 magna
2508 1119 2643 1158 voce
2671 1104 2961 1160 confessus
2990 1112 3092 1158 est.
3144 1102 3315 1158 Nemo
3349 1110 3528 1159 autem

1964 1195 2110 1263 quod
2159 1196 2359 1251 diversi
2408 1197 2622 1267 generis
2681 1205 2765 1251 est
2820 1196 3143 1250 liomousion
3185 1204 3239 1250 et
3288 1196 3528 1250 consub-

1964 1289 2217 1343 stantiale
2272 1289 2605 1360 appellavit;
2662 1290 2757 1344 sed
2812 1289 3012 1359 quibus
3068 1304 3175 1342 una
3231 1288 3531 1359 eademque

1963 1380 2285 1437 substantiae
2334 1381 2475 1433 ratio
2518 1390 2622 1445 est,
2664 1381 2732 1436 iis
2783 1397 3009 1452 prorsus
3047 1380 3530 1438 consubstantialis

1962 1488 2161 1528 nomen
2198 1474 2474 1527 convenit.
2506 1471 2560 1525 Si
2593 1473 2759 1542 igitur
2791 1487 3013 1526 carnem
3046 1471 3252 1527 habens
3283 1472 3425 1528 Deus
3444 1481 3529 1528 est

1962 1562 2153 1627 Filius,
2193 1562 2355 1632 idque
2398 1564 2574 1633 ipsum
2628 1562 2847 1633 propria
2906 1562 2991 1617 sui
3041 1571 3237 1615 natura
3286 1564 3525 1626 exsistit,

1960 1659 2147 1720 utpote
2195 1652 2288 1720 qui
2337 1666 2469 1706 caro
2518 1650 2683 1706 luerit
2710 1652 2864 1720 juxta
2917 1667 3111 1707 nomen
3142 1651 3287 1722 quod
3317 1653 3417 1722 ipsi
3457 1654 3527 1707 ab

1958 1751 2163 1797 aeterno
2182 1744 2471 1814 competit;
2494 1742 3017 1799 consubstantialem
3044 1751 3223 1797 autem
3242 1757 3363 1799 esse
3379 1741 3523 1797 Patri
3552 1776 3553 1779 η

282 1810 498 1905 καὶᾼτὴν
526 1813 618 1905 τοῦ
642 1815 852 1888 Πατρός
874 1817 1053 1887 φύσιν,
1078 1819 1422 1893 ἀνθρωπίνην
1446 1826 1567 1878 τινὰ
1606 1828 1698 1881 καὶ
1727 1845 1845 1901 σαρ-

1954 1849 2054 1889 nec
2089 1810 2425 1903 Apollinaris
2481 1834 2597 1905 ipse
2628 1834 2877 1899 dubitat;
2907 1834 2996 1888 illa
3043 1844 3223 1888 autem
3276 1834 3418 1888 inter
3464 1848 3525 1889 se

282 1902 441 1974 κικὴν
477 1904 505 1957 ὐ
554 1904 923 1979 ’Δπολινάριος
963 1910 1293 1978 ὑποτίθεται,
1321 1915 1407 1969 ἵνα
1447 1915 1593 1989 σώσῃ
1630 1920 1718 1972 ἐπ’
1745 1922 1851 1991 ἀμ-

278 1994 521 2066 φοτέρων
547 1994 641 2048 τοῦ
675 1997 960 2066 όμοουσίου
996 2001 1057 2054 rb
1089 2001 1279 2073 ὄνομα,
1308 2006 1382 2069 ὡς
1428 2010 1540 2060 τοῖν
1578 2008 1718 2063 δυοῖν
1752 2011 1849 2066 θάο

276 2104 433 2158 τερον
468 2087 602 2157 (57),
630 2088 662 2159 ἢ
692 2088 979 2160 ἀσώματον
1003 2093 1095 2147 τὸν
1123 2095 1340 2167 Πατέρα
1371 2097 1565 2166 λέγων,
1591 2102 1852 2173 σαρκίνην

273 2176 332 2229 δὲ
358 2175 452 2230 τοῦ
486 2176 613 2230 Υίοῦ
643 2178 753 2250 (58)
779 2179 874 2252 τὴν
899 2180 1148 2253 θεότητα,
1185 2185 1261 2256 τῷ
1298 2187 1619 2259 ἑτεροουσίῳ
1655 2192 1853 2263 συνθή-

277 2286 459 2323 σεται’
494 2270 527 2340 ἢ
566 2270 625 2323 τὸ
655 2271 830 2325 κοινὸν
873 2274 972 2345 τῆς
1018 2274 1268 2346 θεότητός
1311 2296 1368 2331 τε
1402 2281 1623 2352 καὶτῆς
1669 2283 1852 2349 οὐσίας

272 2361 551 2431 ὁμολογῶν
583 2364 780 2432 ὁμοίως
810 2366 902 2418 ἐπὶ
936 2368 1145 2437 Πατρός
1188 2387 1248 2423 τε
1281 2372 1373 2423 καὶ
1410 2372 1560 2436 Υίοῦ,
1604 2376 1851 2447 ἀποσαρ-

275 2450 441 2505 κὼσει
474 2453 567 2506 καὶ
589 2454 682 2507 ἰπὶ
711 2456 922 2527 [ἰατρὸς
947 2457 1046 2530 τὴν
1078 2460 1176 2530 τῆς
1205 2460 1454 2533 θεότητος
1484 2466 1665 2534 φύσιν.
1713 2467 1849 2522 Ἀλλ’

273 2542 465 2616 ὥσπερ
504 2544 884 2619 διορθούμενος
930 2550 1029 2620 τὴν
1078 2553 1306 2607 ἀτοπίαν
1352 2556 1573 2627 ταύτην,
1630 2561 1690 2612 ὲν
1739 2563 1851 2625 τοῖς

275 2637 383 2707 πρὸ
410 2637 597 2692 τούτου
642 2642 798 2713 φησὶ,
842 2642 935 2697 τοῦ
974 2646 1243 2717 Ζαχαρίου
1275 2647 1374 2718 τὴν
1421 2650 1579 2719 ῥῆσιν
1608 2652 1743 2722 πρὸς
1787 2654 1849 2706 τὸ

271 2728 467 2784 δοκοῦν
528 2732 863 2804 ἑρμηνεύων,
911 2735 987 2799 ὡς
1041 2738 1105 2790 ἐκ
1154 2739 1443 2808 προσώπου
1495 2741 1589 2794 τοῦ
1639 2744 1849 2815 Πατρὺς

275 2822 404 2894 περὶ
439 2823 533 2877 τοῦ
581 2825 711 2879 Υίοῦ
761 2826 930 2895 λέγων
980 2829 1230 2899 είρῆσθαι
1283 2832 1343 2885 rb
1379 2834 1674 2905 σύμφυλον,
1712 2837 1849 2907 ὅπερ

272 2914 389 2967 ἐστὶ
418 2917 637 2987 συμφυῆ
667 2934 726 2970 τε
760 2918 852 2971 καὶ
881 2919 1192 2989 ὀμοούσιον·
1241 2925 1289 2975 εἰ
1322 2926 1419 2995 μὲν
1458 2921 1551 2978 οὖν
1583 2926 1777 2998 ὀρθῶς,
1810 2929 1843 3001 ἦ

275 3002 351 3074 μὴ
386 3004 545 3059 τοῦτο
593 3006 911 3076 ὑπείληφεν,
946 3010 1132 3082 ἐτέρου
1174 3012 1353 3077 λόγου.
1384 3014 1450 3068 Ὀ
1490 3014 1534 3068 δ’
1564 3012 1655 3070 οὖν
1681 3035 1845 3072 κατα-

1951 1926 2445 1981 consubstantialia
2476 1934 2608 1982 sunt
2646 1941 2767 1996 qua:
2806 1941 2913 1980 una
2939 1924 3239 1995 eademque
3268 1925 3526 1980 substan-

1950 2018 2040 2072 tiae
2064 2016 2381 2073 definitione
2409 2017 2759 2075 declarantur
2788 2038 2800 2073 :
2833 2033 2963 2089 ergo
3007 2016 3304 2072 humanam
3335 2032 3522 2087 quam-

1952 2109 2075 2164 dam
2105 2121 2159 2162 et
2185 2125 2438 2165 carneam
2467 2109 2646 2166 Patris
2680 2118 2933 2165 naturam
2979 2109 3315 2180 Apollinaris
3344 2110 3521 2179 ponit,

1952 2209 2012 2255 ut
2032 2201 2086 2255 in
2119 2211 2374 2272 utroque,
2401 2201 2559 2258 Patre
2593 2201 2844 2258 videlicet
2865 2209 2919 2257 et
2967 2201 3123 2265 Filio,
3154 2200 3519 2256 consubstan-

1953 2294 2100 2349 tialis
2145 2309 2343 2348 nomen
2396 2302 2617 2359 servet;
2661 2304 2831 2361 quare
2876 2309 2942 2349 ex
2990 2292 3206 2349 duobus
3266 2292 3520 2348 absurdis

1952 2385 2183 2439 alterum
2218 2394 2499 2455 sequetur,
2533 2386 2615 2441 vel
2653 2386 2797 2442 enim
2828 2385 3041 2441 Patrem
3086 2384 3305 2456 quidem
3339 2386 3523 2440 incor-

1951 2491 2196 2546 poreum,
2232 2475 2355 2531 Filii
2389 2492 2519 2533 vero
2564 2478 2902 2532 divinitatem
2945 2492 3197 2531 carneam
3246 2492 3518 2538 asserens,

1949 2566 2018 2620 iis
2050 2565 2234 2636 utique
2261 2565 2706 2635 adstipulabitur,
2745 2566 2835 2635 qui
2861 2566 3089 2620 diversa:
3124 2580 3153 2618 a
3200 2564 3358 2618 Patre
3390 2564 3522 2617 suli-

1949 2658 2166 2713 stantiam,
2208 2656 2407 2711 Filium
2451 2673 2573 2712 esse
2614 2658 2838 2723 dicunt;
2885 2658 2970 2712 ve!
3005 2659 3049 2713 si
3088 2656 3266 2711 Patris
3307 2672 3369 2710 ac
3395 2656 3518 2710 Filii

1950 2765 2113 2803 unam
2154 2750 2508 2819 eamdemque
2531 2765 2653 2803 esse
2694 2749 3033 2803 divinitatem
3067 2759 3229 2818 atque
3262 2748 3521 2803 substan-

1950 2839 2082 2893 tiam
2136 2838 2405 2902 l'ateatur,
2463 2855 2719 2894 t'arneam
2769 2854 2988 2910 quoque
3036 2840 3092 2894 in
3142 2838 3299 2894 Patre
3358 2838 3515 2893 faciet

1952 2925 2256 2982 divinitatis
2320 2937 2592 2983 naturain.
2667 2928 2770 2983 Sed
2830 2929 3064 2999 ineptias
3133 2931 3298 2985 hasce
3350 2931 3516 2984 veluti

1951 3019 2233 3089 corrigens
2266 3021 2541 3091 superius,
2579 3021 2668 3075 ubi
2700 3020 2976 3075 Zachariae
3007 3021 3193 3087 verba,
3227 3029 3388 3092 prout
3414 3022 3517 3078 sibi

274 3096 547 3162 σκευάζει,
575 3097 731 3151 τοῦτό
775 3100 890 3154 ἐστι
919 3116 932 3129 ·
961 3103 1159 3170 Δηλοῖ,
1210 3106 1363 3177 φησὶ,
1396 3105 1494 3160 διὰ
1544 3109 1769 3163 τούτων
1812 3113 1845 3163 ὀ

1949 3107 2126 3162 visum
2171 3108 2296 3172 fuit,
2342 3110 2753 3180 interpretatur,
2805 3127 2869 3166 ex
2908 3126 3138 3182 persona
3229 3111 3407 3169 Patris
3438 3113 3515 3166 ait

272 3189 635 3257 προφητικὸς
663 3193 861 3259 λόγος,
889 3191 977 3246 ὅτι
1000 3195 1070 3247 οὐ
1099 3196 1247 3251 κατὰ
1273 3196 1385 3265 τὴν
1409 3197 1607 3267 σάρκα
1635 3200 1845 3269 ὁμοσύ-

1950 3195 2017 3251 de
2055 3196 2193 3253 Filio
2230 3199 2435 3254 dictum
2489 3178 2663 3257 luisse
2707 3178 3004 3273 σύμφυλον,
3042 3204 3186 3275 quod
3238 3205 3378 3260 idem
3434 3212 3521 3260 cst

271 3297 405 3346 σιος
433 3280 512 3347 τῷ
540 3281 680 3347 Θεῷ,
704 3283 862 3339 ἀλλὰ
894 3286 1043 3340 κατὰ
1070 3289 1135 3341 τὸ
1164 3290 1417 3358 πνεῦμα,
1444 3290 1510 3344 τὸ
1533 3290 1845 3361 ἡνωμένον

1949 3301 2011 3341 ac
2066 3291 2480 3343 connaturalem
2536 3299 2699 3361 atque
2758 3294 3299 3349 consubstantialem.
3354 3295 3519 3350 Recte

268 3372 344 3441 τῇ
390 3376 591 3442 σαρκί.
644 3375 765 3439 Πῶς
797 3377 976 3430 τοίνυν
1007 3378 1217 3433 ἑνοῦται
1266 3379 1430 3451 σαρκὶ
1476 3381 1583 3451 πρὸ
1621 3381 1721 3453 τῆς
1752 3382 1845 3436 τοῦ

268 3464 473 3534 κόσμου
524 3467 834 3531 συστάσεως
875 3468 905 3520 ό
951 3470 1236 3541 σαρκώδης
1281 3470 1444 3525 αὐτοῦ
1492 3472 1661 3535 Θεόςς
1716 3474 1845 3525 Ὅτε

268 3556 378 3629 γὰρ
412 3557 523 3626 (⁵59)
569 3558 617 3610 oi
660 3558 853 3623 αίῶνες
878 3560 979 3613 οὐκ
1024 3556 1185 3631 ἦσαν,
1217 3562 1337 3616 οὐδὲ
1376 3562 1502 3616 ἄλλο
1529 3580 1583 3616 τι
1612 3563 1721 3615 τῶν
1748 3564 1845 3633 τῆς

266 3650 497 3716 κτίσεως
515 3645 603 3721 ἦν.
639 3651 703 3704 Ἠ
730 3652 786 3704 δὲ
818 3651 954 3723 σάρξ
978 3652 1262 3706 πολλοστόν
1290 3671 1348 3706 τε
1378 3655 1470 3708 καὶ
1492 3654 1715 3724 ἔσχατον
1738 3654 1845 3707 τῶν

266 3745 325 3797 ὲν
345 3746 408 3814 τῇ
432 3744 603 3795 κτίσει
623 3744 919 3812 γεγονότων
943 3745 1077 3798 ἐστί.
1099 3745 1234 3818 Ποία
1256 3746 1433 3799 τοίνυν
1453 3746 1636 3815 ἡνώθη
1660 3748 1841 3818 σαρκὶ,

269 3834 438 3905 μήπω
480 3835 577 3905 τῆς
608 3834 951 3906 ἀνθρωπίνης
983 3835 1194 3905 φύσεως
1228 3838 1598 3909 παρελθούσης
1635 3840 1714 3902 είς
1748 3840 1841 3908 γέ-

264 3942 445 3989 νεσιν;
489 3926 627 3979 Ἀλλ’
654 3926 843 3998 ἑτέραν
872 3928 994 3981 τινὰ
1016 3924 1121 3981 οἶδε
1149 3930 1325 4000 σάρκα
1354 3931 1503 4001 παρὰ
1519 3930 1608 3984 τὸν
1636 3932 1844 4003 ἀνθρω-

265 4035 386 4071 πον.
409 4020 518 4072 Καὶ
539 4020 653 4082 πῶς
677 4037 861 4091 φησιν,
880 4022 960 4074 ὅτι
989 4021 1150 4084 αὐτὸς
1179 4024 1207 4074 ὁ
1224 4021 1527 4092 ἄνθρωπος,
1548 4025 1576 4076 ό
1604 4022 1843 4094 λαλήσας

264 4111 400 4181 ἡμῖν
427 4111 494 4163 τά
526 4110 619 4164 τοῦ
646 4112 875 4183 Πατρὸς,
916 4113 1121 4177 ἐκεῖνός
1150 4115 1263 4167 ἐστι
1290 4114 1423 4177 Θεὸς
1468 4115 1693 4185 ποιητὴς
1735 4115 1844 4168 τῶν

265 4202 512 4269 αίώνων;
542 4204 638 4267 Τίς
666 4206 794 4274 ἡμῖν
824 4206 1146 4276 ἑρμηνεύσει
1169 4206 1276 4260 τῶν
1303 4207 1502 4260 καινῶν
1529 4208 1733 4260 τούτων
1760 4209 1843 4260 αἰ-

263 4293 545 4364 νιγμάτων
570 4293 667 4364 τὴν
700 4294 961 4358 ἀτοπίαν;
1000 4295 1315 4365 Ἀνθρωπος
1342 4296 1447 4367 πρὸ
1476 4297 1569 4350 τοῦ
1591 4295 1842 4365 γενέσθαι

263 4384 570 4458 ἄνθςωων,
598 4386 691 4439 καὶ
726 4386 863 4457 σὰρξ
893 4386 989 4457 τῆς
1031 4386 1164 4447 ἰδίας
1189 4386 1544 4459 δημιουργίας
1582 4405 1839 4458 προγενεο

266 4479 453 4545 στέοα,
484 4478 579 4534 καὶ
626 4478 949 4551 προαιώνιον
982 4477 1042 4531 rb
1076 4479 1161 4531 ἐπ’
1192 4480 1434 4550 ἐσχάτων
1463 4480 1666 4551 χρόνων
1695 4480 1839 4550 γενό-

339 4682 453 4749 (54)
480 4678 579 4734 Hic
616 4680 670 4734 in
696 4680 857 4736 editis
889 4680 1030 4734 inter
1055 4678 1282 4751 Nysseni
1318 4696 1483 4748 opera
1505 4682 1701 4737 lacuna
1729 4696 1833 4751 est;

264 4752 342 4826 ibi
368 4752 518 4826 enim
551 4753 630 4826 ita
660 4752 873 4826 legitur.
918 4751 1415 4826 χαρακτηρίζεσθαι
1469 4754 1566 4823 μὲν
1622 4754 1835 4826 σώματι

259 4808 325 4877 λεδ
346 4822 584 4905 ,ἐέίξαετεν
610 4808 1042 4905 ἀπαῖαάξεέεὶσίξ·

340 4892 452 4961 (55)
496 4894 704 4964 Ὄνομα
730 4893 818 4946 hic
852 4893 1020 4960 aCt'ipi
1056 4892 1271 4946 videtur
1309 4907 1407 4961 pro
1475 4893 1705 4964 ἰδίωμα,
1771 4904 1833 4950 ut

263 4964 408 5018 idem
447 4963 532 5034 sit
560 4977 622 5016 ac
637 4963 846 5034 divinae
894 4972 1103 5034 natura:
1137 4964 1465 5032 proprietas,
1497 4963 1617 5034 qua:
1652 4969 1832 5020 nomi-

262 5050 333 5090 ne
386 5033 570 5103 aliquo
616 5032 954 5103 designatur.
1002 5030 1155 5086 Sane
1206 5030 1493 5103 utramque
1514 5030 1721 5089 'vocem
1775 5038 1829 5091 in

261 5118 375 5157 uno
403 5102 703 5170 eodemque
733 5102 895 5174 sensu
929 5104 1089 5157 simul
1115 5103 1293 5173 jungit
1323 5102 1639 5174 Timotheus
1668 5106 1830 5174 Apol-

259 5175 511 5230 linarista
557 5178 726 5243 epise.
774 5172 949 5243 Beryti
1001 5174 1054 5225 iu
1096 5172 1339 5243 Epistola
1388 5174 1451 5227 ad
1500 5172 1826 5231 llnmonium

259 5244 447 5317 itidem
504 5243 1327 5317 episcaApolIinaristamapud
1367 5244 1651 5317 Leontium
1722 5246 1823 5317 By-

263 5308 624 5369 zantinuniin
650 5308 799 5383 ilibr'o
855 5313 1120 5383 Adversus
1159 5308 1373 5383 frnudes
1406 5308 1824 5383 Apollinaristiz-

261 5402 405 5466 rum.
427 5394 569 5466 tom.
598 5382 659 5437 ιν
689 5383 869 5465 Antig.
892 5380 1057 5466 Lectz‘
1089 5380 1273 5439 Canis.
1314 5401 1431 5466 pag.
1455 5380 1561 5466 9
1588 5402 1649 5438 ex
1682 5386 1824 5466 Tur-

261 5456 405 5510 riani
455 5454 648 5509 Latina
682 5455 975 5516 versione;
1018 5452 1204 5509 Graeca
1240 5452 1406 5508 enim'
1432 5457 1617 5509 videre
1666 5458 1825 5512 nobis

257 5532 368 5581 non
419 5526 591 5585 licuit,
639 5524 733 5579 ubi
792 5526 875 5578 sic
929 5524 1124 5592 inquit,
1176 5524 1314 5589 Quia
1360 5526 1521 5595 igitur
1575 5536 1825 5581 naturam

256 5596 434 5649 carnis
475 5607 611 5648 recte
678 5595 948 5664 confessus
1007 5612 1060 5648 es
1117 5596 1265 5648 nobis
1314 5613 1425 5649 esse
1475 5596 1822 5658 Itomousion,

256 5668 404 5720 nullo
433 5675 605 5719 autem
635 5666 810 5729 modo,
830 5664 1239 5728 συνουσιῶσθαι,
1281 5667 1333 5718 id
1361 5676 1457 5731 est,
1489 5683 1599 5719 esse
1628 5667 1824 5734 {actam

256 5735 759 5790 consubstantialem
816 5736 1110 5797 divinitati,
1156 5738 1438 5806 scripsisti.
1502 5737 1588 5789 sed
1654 5738 1823 5790 solum

258 5808 503 5862 unionem
552 5806 860 5868 nominasti,
893 5807 1070 5875 qualis
1112 5807 1180 5859 sit
1230 5808 1458 5863 hominis
1508 5810 1677 5861 sancti
1704 5824 1823 5862 cum

572 5899 846 5961 Parnm.
891 5899 1003 5960 Gn.
1055 5900 1217 5963 XLV

1948 3375 2131 3447 itaque
2198 3392 2265 3432 an
2316 3394 2425 3433 non
2490 3380 2541 3433 id
2597 3380 2853 3450 opinatus
2902 3380 3097 3446 fuerit,
3157 3384 3383 3437 alterius
3431 3392 3519 3437 est

1948 3467 2344 3539 inspectionis;
2398 3469 2545 3542 quod
2600 3480 2781 3527 autem
2818 3472 3101 3529 adstruere
3129 3482 3378 3538 conatur,
3409 3473 3514 3527 hoc

1945 3566 2051 3623 est,
2095 3556 2358 3623 Ostendit,
2400 3560 2601 3629 inquit,
2652 3561 2733 3614 liis
2774 3562 2940 3616 rerbis
2981 3580 3150 3616 sermo
3189 3564 3518 3631 propheticus

1947 3665 2051 3701 non
2095 3651 2383 3703 secundum
2424 3668 2657 3715 carnem,
2689 3654 2779 3707 sed
2814 3656 3099 3707 secundum
3132 3656 3398 3732 spiritum,
3430 3654 3520 3723 qui

1944 3742 2095 3793 carni
2122 3744 2302 3796 unitus
2332 3742 2458 3811 fuit,
2488 3744 2992 3799 consubstantialem
3018 3764 3127 3800 esse
3153 3745 3353 3800 Filium
3386 3746 3511 3801 Deo.

1944 3830 2191 3897 Quonam
2218 3833 2382 3903 igitur
2405 3844 2564 3904 pacto
2591 3838 2830 3890 carnalis
2861 3838 2980 3907 ejus
3009 3838 3149 3892 Deus
3176 3849 3299 3894 ante
3330 3840 3515 3892 mundi

1944 3925 2392 3978 constitutionem
2434 3926 2587 3979 carni
2636 3928 2861 3981 unitur?
2892 3926 3023 3982 Nam
3069 3930 3287 3997 quando
3318 3930 3515 3983 saecula

1946 4028 2053 4068 non
2100 4022 2275 4077 erant,
2315 4031 2413 4068 nec
2478 4016 2585 4069 ulla
2630 4017 2795 4070 etiam
2840 4018 2943 4070 alla
2979 4027 3285 4073 creatarum
3323 4034 3510 4073 rerum

1944 4106 2212 4161 exstabat.
2239 4108 2399 4178 Atqui
2438 4123 2568 4161 caro
2600 4123 2787 4162 eorum
2819 4125 2939 4179 qua:
2975 4110 3027 4162 in
3072 4111 3348 4165 creatione
3371 4110 3514 4164 facta

1944 4206 2073 4253 sunt
2120 4200 2343 4253 minima
2400 4208 2563 4269 atque
2622 4214 2897 4269 postrema
2957 4217 3084 4265 pars
3130 4212 3233 4257 est.
3285 4203 3512 4258 Cuinam

1945 4290 2113 4359 igitur
2158 4293 2313 4345 carni
2366 4292 2517 4345 unita
2560 4290 2661 4345 fuit
2711 4292 2994 4358 divinitas,
3023 4295 3278 4349 'hnmana
3323 4304 3515 4349 natura

1944 4382 2186 4436 nondum
2252 4400 2282 4437 e
2337 4384 2508 4437 nihilo
2549 4384 2792 4438 educta?
2840 4385 2946 4439 Sed
3002 4386 3161 4441 aliam
3222 4389 3513 4457 quamdam

1944 4490 2163 4528 carnem
2199 4486 2392 4545 praeter
2420 4474 2693 4529 hominem
2726 4476 2875 4529 novit
2898 4477 3247 4548 Apollinaris.
3284 4476 3349 4531 Et
3378 4494 3515 4548 quo-

1940 4683 2069 4743 Deo,
2119 4696 2219 4753 non
2276 4681 2329 4733 in
2369 4697 2528 4734 unam
2572 4682 2733 4735 vitam
2786 4692 2834 4735 et
2877 4682 3199 4753 hypostasim
3247 4683 3510 4753 copulati.

1936 4753 2027 4804 sed
2066 4769 2097 4804 a
2163 4750 2339 4804 divina
2388 4762 2581 4804 natura
2632 4750 3063 4819 separatifcum
3119 4765 3289 4805 tamen
3330 4752 3511 4805 beatus

1933 4824 2203 4889 episcopus
2256 4823 2509 4893 magister
2589 4836 2765 4877 noster
2824 4824 3187 4890 Apollinarius
3243 4824 3385 4875 dicat
3455 4828 3511 4875 in

1934 4894 2094 4945 uariis
2152 4893 2323 4954 libris,
2392 4908 2604 4947 carnem
2677 4894 2890 4947 Domini
2952 4896 3253 4947 communia
3323 4893 3511 4945 habere

1932 4965 2151 5017 nomina
2203 4973 2251 5016 et
2296 4966 2641 5031 proprietates
2722 4964 2895 5025 Verbi,
2957 4980 3167 5017 manere
3226 4976 3405 5016 autem
3451 4965 3509 5015 ir.

1930 5036 2121 5085 unione
2202 5051 2413 5086 carneu
2483 5050 2644 5102 neque
2729 5043 3023 5095 mutatam,
3084 5050 3174 5085 nec
3226 5050 3258 5085 a
3317 5046 3513 5086 natura

1927 5105 2143 5171 propria
2172 5106 2461 5158 alienatum
2484 5114 2534 5158 et
2574 5104 2798 5157 Verbum
2823 5106 2981 5157 etiam
3002 5104 3214 5157 nomina
3245 5105 3424 5157 carnis
3459 5112 3511 5157 et

1926 5177 2269 5242 proprietates
2305 5175 2493 5229 habere
2522 5176 2818 5229 communia
2838 5216 2853 5238 ,
2885 5190 3195 5240 manereque
3224 5175 3283 5227 in
3326 5175 3510 5226 incar~

1928 5247 2141 5299 natione
2182 5244 2406 5298 Verbum
2457 5255 2506 5299 et
2556 5245 2743 5305 Deum,
2795 5260 2955 5314 neque
3006 5253 3289 5307 mutatum,
3340 5260 3431 5297 nec
3454 5244 3512 5296 in

1926 5327 2170 5369 naturam
2213 5316 2442 5382 corporis
2472 5315 2816 5383 transfusum.
2871 5312 2878 5314 ⁷
3510 5312 3515 5323 ⁴

1998 5387 2109 5446 (56)
2136 5380 2663 5454 (ἱοι-Γζλογογράφου
2694 5380 2831 5436 εἶναι
2860 5386 2959 5437 οὐκ
2986 5383 3404 5454 ἀμφιϐάλλεται.

1996 5457 2323 5526 (37iBiceps
2392 5452 2502 5508 κου’
2549 5454 2812 5526 adversus
2864 5452 3227 5526 Apollinarem
3279 5452 3509 5526 Nyssea.2

1926 5523 2300 5596 argumentum
2345 5541 2515 5594 usque
2548 5526 2623 5596 λιιι
2678 5525 2768 5596 illa
2811 5526 2994 5588 verba,
3042 5524 3292 5596 θεότητος
3327 5523 3507 5591 φύσιν,

1926 5593 2109 5650 laudat
2168 5593 2487 5665 Eutliymins
2546 5593 2852 5663 Zigabcnus
2911 5596 2966 5648 in
3013 5610 3155 5666 saepe
3187 5593 3508 5649 memorato

1930 5682 2051 5734 cap.
2096 5667 2160 5719 15
2199 5666 2471 5731 Pauoplite
2500 5682 2618 5733 pag.
2655 5666 2761 5720 5‘25
2792 5668 2845 5721 in
2883 5665 3008 5721 line.

1995 5736 2111 5805 ('58)
2155 5737 2312 5790 Corr.
2352 5736 2439 5788 διὰ
2463 5734 2556 5788 τοῦ
2591 5735 2741 5791 Υἱοῦ.

2002 5807 2115 5877 (59)
2158 5808 2312 5863 Corr.
2371 5806 2493 5861 add.
2536 5806 2663 5878 γάρ.

2854 5892 2891 5909 ν
3102 5897 3181 5957 37
