4020 6522
492 350 633 410 1165

1694 363 1753 423 S.
1797 364 2123 423 GREGORII
2163 364 2457 422 NYSSENI

3590 364 3731 420 “66

486 474 646 532 modo
695 476 845 531 illum
876 477 1052 547 ipsum
1080 475 1354 533 hominem
1390 477 1483 549 qui
1516 479 1671 537 nobis
1710 497 1831 554 quae
1870 483 2049 539 Patris

2166 502 2330 547 ιενον,
2376 482 2468 537 καὶ
2506 483 2605 536 ὅσα
2643 480 2777 537 ἄλλα
2808 480 3027 535 τοιαῦτα
3058 479 3196 533 κατὰ
3221 478 3312 532 τὸν
3340 478 3497 549 λόγον
3528 498 3733 549 συγκι-

486 575 613 621 sunt
673 567 887 624 locutus
952 577 1061 634 est,
1095 569 1261 623 Deum
1306 585 1428 625 esse
1485 573 1808 628 saeculorum
1854 576 2046 631 condi-

2154 576 2401 645 χυμένως
2438 572 2707 638 διέξεισιν.

486 668 659 715 torem
695 663 877 720 dicit?
921 664 1053 729 Quis
1104 665 1263 718 nobis
1313 681 1577 721 novorum
1629 669 1859 725 istorum
1907 672 2258 741 aenigmatum
2305 670 2543 739 ineptias
2596 667 2922 739 explicabit?
2984 665 3154 720 llomo
3222 676 3507 734 antequam
3567 662 3734 719 homo

487 750 664 814 fieret,
704 760 758 805 et
804 768 932 807 caro
985 754 1069 808 sui
1113 754 1446 810 creationem
1495 758 1820 827 antiquitate
1868 760 2201 829 prmcedens,
2236 768 2292 815 et
2338 760 2583 815 anterius
2614 758 2853 821 seculis,
2931 759 3074 827 quod
3146 757 3201 810 in
3244 756 3452 811 ultimis
3516 763 3739 824 tempo-

486 850 638 902 ribus
672 848 870 901 factum
903 856 1010 915 est,
1040 857 1091 902 et
1125 858 1391 919 quotquot
1420 852 1523 907 alia
1556 852 1642 907 his
1682 863 2052 909 consentanea
2089 856 2144 909 in
2193 870 2294 909 suo
2340 861 2575 909 tractatu
2614 852 2843 909 confuse
2874 853 3149 907 edisserit.

554 938 672 995 XX.
706 937 809 994 Sed
845 941 1079 1009 scriptor
1107 953 1310 1009 noster,
1345 956 1505 1014 prout
1538 945 1640 1000 sibi
1666 947 1841 1002 visum
1872 947 2053 1011 fuerit,

482 1044 577 1099 per
632 1045 850 1084 suarum
905 1034 1377 1090 ratiocinationum
1440 1037 1686 1093 salebras
1750 1054 1849 1108 pro
1898 1040 2055 1093 libitu

482 1126 732 1191 aberret;
764 1141 862 1177 nos
904 1135 1079 1181 autem
1127 1139 1411 1197 postquam
1450 1131 1802 1199 apostolicam
1850 1130 2055 1185 doctri-

482 1231 631 1277 nam,
672 1216 829 1285 cujus
870 1226 925 1270 et
963 1217 1076 1287 ipse
1122 1221 1387 1283 meminit,
1434 1221 1501 1274 ad
1552 1222 1743 1292 impias
1780 1221 1899 1291 ejus
1938 1224 2057 1294 opi-

481 1307 674 1361 niones
722 1306 1082 1364 confutandas
1132 1311 1187 1363 in
1240 1310 1476 1364 medium
1530 1311 1940 1379 adduxerimus,
1987 1313 2054 1367 ad

480 1397 615 1453 alias
638 1399 755 1465 ejus
794 1406 1058 1454 tractatus
1090 1408 1270 1468 partes
1303 1404 1737 1472 properabimus.
1794 1404 1897 1469 Qui
1936 1420 2055 1457 cum

480 1500 535 1549 in
565 1488 733 1555 forma
761 1489 938 1551 Dei.“
968 1492 1163 1561 inquit,
1198 1504 1349 1547 esset.
1382 1492 1501 1549 Non
1533 1496 1628 1559 ait,
1664 1510 1787 1549 cum
1825 1495 2055 1550 formam

478 1578 588 1633 Deo
623 1581 853 1636 similem
889 1584 1134 1648 haberet,
1165 1585 1313 1655 quod
1343 1585 1410 1641 de
1441 1602 1506 1641 eo
1550 1588 1644 1658 qui
1686 1587 1754 1642 ad
1800 1588 2055 1643 similitu—

476 1670 657 1724 dinem
694 1670 786 1745 Dei
814 1673 989 1729 factus
1014 1686 1098 1729 est
1133 1675 1355 1741 dicitur,
1410 1677 1503 1732 sed
1543 1692 1665 1731 cum
1721 1679 1777 1732 in
1824 1679 1938 1748 ipsa
1962 1678 2056 1733 Dei

476 1761 653 1816 forma
683 1773 847 1829 esset,
880 1780 1004 1818 nam
1035 1767 1215 1820 omnia
1253 1782 1373 1836 qum
1420 1766 1600 1823 Patris
1656 1776 1783 1822 sunt
1831 1768 1883 1821 in
1921 1765 2059 1821 Filio

477 1855 843 1923 reperiuntur.
873 1854 1060 1926 Itaque
1100 1865 1154 1911 et
1192 1867 1456 1913 aeternum
1488 1867 1543 1913 et
1570 1859 1914 1929 quantitatis,
1944 1874 2060 1912 ma-

476 1948 627 2002 teria:
661 1951 1015 2019 corporisque
1052 1959 1329 2020 expertem
1362 1966 1505 2015 esse,
1539 1959 1597 2005 ut
1631 1967 1725 2022 per
1758 1951 1937 2005 omnia
1969 1966 2065 2020 pa-

475 2049 643 2094 terna:
668 2040 851 2112 ﬁgura:
885 2041 1058 2096 forma
1086 2042 1139 2096 in
1176 2041 1313 2097 Filio
1344 2051 1611 2099 servetur.
1658 2042 1727 2096 Et
1758 2059 1875 2096 cum
1905 2052 2058 2116 esset,

478 2134 696 2203 inquit,
761 2135 980 2200 aequalis
1044 2133 1173 2189 Deo.
1232 2135 1470 2206 Ecquam
1544 2134 1902 2190 ditTerentiam
1973 2134 2060 2189 vel

477 2227 900 2296 discrepantiam
942 2227 1082 2282 inter
1134 2226 1343 2281 Patrem
1381 2225 1693 2296 Filiumque
1723 2241 1824 2281 nos
1863 2226 2063 2280 intelli-

475 2333 603 2389 gere
630 2317 759 2373 sinit
789 2318 1115 2387 aequalitas?
1162 2316 1278 2384 Qua
1328 2318 1537 2373 ratione
1577 2319 1741 2372 etiam
1774 2317 1936 2373 rebus
1973 2334 2061 2373 se-

474 2409 714 2466 cundum
743 2417 996 2465 naturam
1037 2409 1179 2464 inter
1205 2425 1264 2464 se
1295 2408 1741 2479 discrepantibus
1770 2410 2060 2480 aequalitas

473 2501 770 2556 convenire
816 2502 1053 2570 poterit?
1087 2500 1144 2555 Si
1198 2501 1345 2556 enim
1398 2500 1536 2554 alter
1582 2500 1805 2569 quidem
1863 2510 2062 2555 natura

475 2608 705 2647 carneus
736 2600 842 2659 est,
888 2590 1025 2647 alter
1069 2608 1201 2647 vero
1230 2592 1413 2646 carnis
1439 2607 1656 2661 expers,
1708 2592 1983 2662 quomodo
2009 2592 2061 2647 id

476 2683 620 2754 quod
657 2684 762 2738 tale
799 2692 883 2739 est
912 2686 960 2748 ei
992 2685 1136 2755 quod
1164 2684 1269 2739 tale
1294 2698 1404 2737 non
1430 2693 1516 2738 est
1534 2684 1742 2753 aequale
1769 2684 2059 2754 quisquam

475 2775 675 2830 faciet?
706 2774 1012 2829 Ezinanivit
1037 2818 1052 2842 ,
1086 2776 1283 2846 inquit,
1310 2778 1647 2845 semetipsum
1672 2776 1899 2844 formam
1926 2776 2061 2829 servi

475 2865 757 2933 accipiens.
790 2864 1045 2931 Quaenam
1082 2873 1165 2921 est
1186 2866 1328 2921 servi
1359 2866 1574 2920 forma?
1595 2865 1807 2935 Corpus
1839 2865 2060 2935 utique;

473 2970 652 3025 neque
679 2957 823 3011 enim
866 2957 1013 3011 aliud
1039 2958 1335 3027 quidquam
1372 2966 1567 3028 praeter
1594 2956 1696 3011 hoc
1721 2972 1839 3014 eam
1883 2972 2005 3013 esse
2030 2972 2059 3010 a

473 3047 728 3104 Patribus
758 3051 1090 3120 accepimus.
1132 3048 1271 3120 Ergo
1300 3050 1391 3120 qui
1422 3047 1619 3103 Filium
1655 3049 1798 3103 servi
1828 3051 2060 3103 formam

2240 948 2377 1001 Ἀλλ’
2407 950 2435 1001 6
2466 947 2567 1017 μὲν
2592 947 2925 1019 λογογράφος
2945 944 3085 999 κατά
3106 944 3165 997 τὸ
3189 943 3378 997 δοκοῦν
3395 945 3451 996 ὲν
3471 947 3592 1009 ταῖς
3618 945 3737 997 τῶν

2158 1039 2432 1110 λογισμῶν
2462 1039 2697 1103 ἀνοδίαις
2722 1036 3103 1092 διαπλανάσθω
3128 1054 3141 1066 ·
3184 1038 3345 1106 ἡμεῖς
3373 1036 3429 1089 δὲ
3459 1036 3558 1107 τὴν
3593 1038 3734 1089 ἀπο-

2162 1130 2410 1202 στολικὴν
2458 1128 2823 1193 διδασκαλίαν,
2869 1127 2968 1198 τὴν
3002 1128 3130 1195 παρ’
3169 1125 3333 1178 αὐτοῦ
3366 1124 3554 1179 τούτου
3591 1144 3734 1197 μνη-

2164 1222 2509 1293 μονευθείσαν
2534 1260 2550 1285 ,
2593 1221 2670 1283 εἰς
2723 1219 2942 1289 ἔλεγχον
2991 1218 3101 1271 τῶν
3143 1216 3355 1269 ἀσεϐῶν
3404 1217 3733 1289 ὑπολήψεων

2163 1313 2500 1386 παραθέντες
2522 1354 2537 1377 ,
2569 1313 2706 1384 πρὸς
2752 1312 2820 1365 τὰ
2854 1310 2983 1379 ἑξῆς
3016 1310 3109 1363 τοῦ
3157 1309 3314 1378 λόγου
3348 1310 3731 1381 δραμούμεθα.

2168 1408 2271 1472 Ὃς
2306 1406 2374 1458 ἐν
2412 1402 2611 1474 μορφῇ
2659 1403 2825 1467 Θεοῦ,
2874 1403 3057 1472 φησὶν,
3106 1400 3409 1469 ὑπάρχων.
3447 1405 3562 1456 υὺκ
3580 1397 3731 1458 εἷπε,

2166 1497 2376 1568 μορφὴν
2406 1496 2541 1567 ἔχων
2572 1495 2762 1565 ὁμοίαν
2794 1494 2948 1555 Θεοῦ,
2978 1495 3113 1564 ὅπερ
3146 1494 3238 1545 ἐπὶ
3267 1492 3360 1545 τοῦ
3393 1493 3515 1546 καθ’
3537 1495 3735 1562 όμοέωο

2168 1605 2250 1640 σιν
2287 1586 2423 1640 Θεοῦ
2464 1585 2745 1654 γεγονότος
2776 1583 3013 1651 λέγεται,
3052 1582 3165 1635 ἀλλ’
3208 1584 3265 1634 ὲν
3299 1582 3436 1653 αὐτῇ
3467 1583 3733 1652 ὑπάρχων

2163 1680 2255 1734 τοῦ
2291 1679 2424 1733 Θεοῦ
2457 1681 2521 1750 τῇ
2557 1681 2769 1749 μορφῇο
2809 1676 2988 1730 πάντα
3027 1673 3135 1747 γὰρ
3178 1674 3248 1728 τά
3286 1675 3379 1728 τοῦ
3423 1675 3635 1745 Πατρὸς
3671 1678 3734 1727 ὲν

2164 1772 2239 1844 τῷ
2270 1771 2404 1843 Υίῷ.
2438 1770 2644 1825 Οὐκοῦν
2676 1769 2849 1823 καὶτὸ
2880 1768 3071 1833 ἀΐδιον,
3106 1767 3200 1820 καὶ
3227 1765 3285 1819 τὸ
3309 1767 3530 1828 ἀποσον,
3553 1766 3651 1817 καὶ
3671 1765 3737 1817 τὸ

2163 1864 2344 1928 ἄῦλον,
2378 1863 2471 1917 καὶ
2501 1862 2810 1934 ἀσώματον,
2836 1861 2911 1924 ὡς
2940 1860 3006 1913 ἂν
3024 1858 3112 1911 διά
3138 1858 3354 1913 πάντων
3380 1856 3605 1921 σώζοιτο
3633 1856 3734 1908 τοῦ

2164 1954 2427 2027 πατρικοῦ
2452 1953 2801 2026 χαρακτῆρος
2827 1953 2885 2004 ὲν
2920 1950 2999 2021 τῷ
3026 1949 3142 2020 Υἱῷ
3180 1951 3213 2021 ἡ
3261 1950 3441 2019 μορφή
3467 1964 3479 1976 ”
3514 1946 3613 2001 καὶ
3646 1946 3739 1999 ὢν

2162 2040 2267 2098 ἴσα
2298 2042 2450 2108 Θεῷ’
2488 2043 2647 2096 ποίαν
2677 2044 2710 2113 ὴ
2743 2040 2925 2111 ἰσότης
2949 2040 3208 2110 διαφορᾶς
3247 2054 3425 2102 τινος,
3462 2037 3493 2109 ἢ
3528 2038 3743 2108 παραλ-

2161 2135 2332 2205 λαγῆς
2364 2134 2571 2188 ἔννοιαν
2610 2132 2957 2186 ὑπολείπεται
2982 2147 2997 2195 ;
3026 2130 3149 2193 Πῶς
3185 2128 3228 2181 δ’
3266 2129 3334 2183 ἂν
3360 2129 3735 2200 ὲφαρμοσθείη

2162 2231 2272 2291 τοῖς
2298 2225 2439 2280 κατά
2462 2225 2559 2297 τὴν
2594 2224 2753 2294 φύσιν
2780 2220 3251 2294 παρηλλαγμένοις
3281 2220 3342 2273 τὸ
3361 2216 3475 2273 ἴσον
3499 2237 3514 2283 ;
3537 2221 3601 2274 Εί
3624 2221 3739 2291 γὰρ

2162 2320 2191 2372 6
2224 2319 2321 2388 μὲν
2352 2316 2635 2389 σαρκώδης
2652 2315 2749 2387 τὴν
2780 2314 2960 2385 φύσιν,
2994 2315 3021 2367 6
3045 2313 3102 2367 δὲ
3129 2312 3446 2385 καθαρεύων
3469 2313 3576 2366 ἀπὸ
3601 2330 3741 2383 σαρο

2162 2412 2282 2485 κὸς,
2328 2408 2447 2473 πῶς
2480 2408 2545 2463 ἄν
2581 2426 2663 2472 τις
2711 2409 2791 2471 είς
2834 2402 2949 2461 ῐσον
2980 2405 3101 2475 ἄγοι
3142 2404 3203 2458 τὸ
3252 2404 3492 2458 τοιοῦτον
3538 2404 3619 2475 τῷ
3657 2404 3737 2475 μὴ

2160 2500 2419 2573 τοιούτῳς
2455 2501 2782 2556 Ἐκένωσεν
2797 2500 3031 2561 ἑαυτὸν.
3068 2500 3219 2569 φησὶ,
3242 2498 3482 2568 μορφὴν
3505 2498 3741 2552 δούλου

2162 2594 2379 2648 λαϐὼν.
2420 2592 2572 2663 Τίςή
2605 2592 2818 2663 δουλικὴ
2850 2593 3028 2663 μορφή
3060 2607 3075 2655 ;
3102 2591 3323 2654 Πάντως
3352 2592 3413 2643 τὸ
3446 2590 3639 2661 σῶμα’
3672 2591 3738 2643 οὐ

2163 2689 2269 2757 γὰρ
2290 2686 2473 2757 ἕτερόν
2495 2704 2546 2739 τι
2578 2685 2727 2756 παρά
2755 2685 2943 2738 τούτου
2973 2685 3121 2755 παρά
3148 2684 3254 2737 τῶν
3283 2683 3545 2754 Πατέρων
3564 2682 3743 2751 ﬁxo-5-

2165 2796 2354 2848 σαμεν.
2392 2777 2598 2830 Οὐκοῦν
2630 2779 2659 2831 6
2704 2776 2891 2841 εἰπὼν,
2922 2778 3003 2831 ὅτι
3048 2777 3261 2849 μορφὴν
3295 2776 3454 2829 ἔλασε
3497 2775 3690 2828 δούλου
3716 2818 3735 2841 ,

2164 2869 2300 2941 σὰρξ
2324 2869 2381 2923 δέ
2413 2871 2559 2921 ἐστιν
2588 2870 2622 2939 ἡ
2653 2867 2853 2940 μορφὴ,
2880 2867 3006 2922 ἄλλο
3034 2886 3087 2921 τι
3119 2868 3247 2922 ὅντα
3270 2867 3429 2921 αὐτὸν
3461 2867 3607 2921 κατά
3635 2867 3745 2938 τὴν

2164 2961 2311 3014 θείαν
2346 2960 2577 3031 μορφὴν,
2611 2960 2736 3014 ἄλλο
2763 2975 2815 3011 τι
2846 2954 3010 3012 οὖσαν
3053 2962 3119 3029 τῇ
3158 2958 3316 3027 φύσει
3348 2960 3447 3029 τὴν
3479 2957 3745 3028 δουλικὴν

2166 3053 2374 3125 μορφὴν
2402 3052 2679 3123 εἰληφέναι
2710 3052 2872 3120 λέγει.
2910 3051 3068 3105 Ἀλλά
3098 3054 3189 3105 καὶ
3219 3050 3368 3122 ἢτοῦ
3404 3051 3750 3106 Ἐκένωσεγ

476 3142 752 3211 accepisse
795 3142 948 3207 dicit,
1000 3157 1123 3212 quae
1175 3142 1394 3211 quidem
1431 3141 1605 3196 forma
1637 3142 1708 3195 sit
1735 3142 1853 3210 ipsa
1903 3154 2052 3204 caro,

2166 3148 2299 3212 λέξις
2331 3146 2515 3215 σαφῶς
2548 3145 2842 3215 παρίστησι
2874 3144 2939 3197 τὸ
2983 3143 3059 3214 μὴ
3089 3144 3173 3197 ἀεὶ
3202 3143 3358 3197 τοῦτο
3378 3139 3543 3207 εἶναι,
3598 3146 3743 3215 ὅπερ

476 3232 566 3287 ille
609 3232 852 3303 profecto
898 3234 1061 3288 etiam
1112 3234 1311 3288 asserit
1356 3247 1502 3297 eum,
1559 3247 1682 3287 cum
1730 3231 1877 3286 aliud
1932 3231 2063 3301 quid

475 3334 619 3381 esset
670 3326 853 3380 divina
886 3326 1081 3388 forma,
1130 3327 1380 3381 servilem
1430 3326 1685 3389 formam,
1716 3338 1839 3395 quae
1874 3324 2065 3379 itidem

476 3426 669 3471 natura
706 3416 854 3471 aliud
886 3417 1184 3488 quidquam
1220 3416 1314 3473 Dei
1349 3416 1525 3472 forma
1555 3417 1646 3481 sit,
1676 3416 2060 3485 assumpsisse.

476 3514 585 3570 Sed
612 3522 667 3570 et
692 3516 917 3570 verbum
948 3514 1256 3570 Exinanivit
1286 3516 1435 3571 clare
1464 3516 1703 3571 ostendit
1740 3516 1922 3586 ipsum
1955 3532 2066 3571 non

476 3604 532 3658 id
559 3619 773 3674 semper
802 3604 971 3661 fuisse
1003 3604 1150 3677 quod
1184 3606 1341 3661 nobis
1376 3606 1649 3676 apparuit,
1674 3608 1766 3662 sed
1797 3622 1921 3663 esse
1946 3608 2068 3678 qui-

476 3696 598 3751 dem
626 3698 679 3751 in
705 3697 1006 3753 divinitatis
1034 3699 1369 3769 plenitudine
1385 3700 1645 3770 aequalem
1674 3698 1801 3763 Deo,
1836 3710 1889 3755 et
1918 3700 2065 3755 omni

475 3803 702 3857 prorsus
788 3799 1058 3845 creaturae
1124 3792 1470 3847 inaccessum
1538 3792 1818 3863 multoque
1884 3792 2066 3846 minus

476 3884 629 3940 brevi
661 3893 714 3940 et
748 3896 979 3957 angusto
1016 3886 1268 3941 humanae
1310 3896 1517 3942 natura:
1555 3888 1762 3943 ambitu
1812 3901 2066 3957 compre-

477 3979 740 4047 hensum;
772 3987 904 4034 tunc
936 3987 1120 4036 autem
1157 3994 1187 4035 a
1229 3979 1372 4035 ﬂuxa
1421 3980 1708 4052 fragilique
1750 3982 1933 4036 carnis
1968 3994 2067 4034 na-

478 4081 601 4128 tura
634 4075 1112 4144 circumscriptum
1136 4073 1329 4140 fuisse,
1362 4089 1508 4141 cum,
1546 4084 1605 4129 ut
1632 4076 1926 4145 Apostolus
1967 4078 2062 4142 ait,

480 4161 802 4222 ineii'abilem
849 4167 1152 4224 divinitatis
1179 4183 1291 4224 sua:
1334 4168 1560 4239 gloriam
1592 4168 1893 4223 exinanivit
1918 4177 1972 4225 et
1997 4170 2066 4223 ad

480 4268 682 4328 nostra:
744 4269 955 4314 natura:
1003 4259 1284 4313 modulum
1335 4258 1629 4320 imminuit,
1684 4258 1761 4313 ita
1812 4266 1871 4312 ut
1920 4260 2065 4329 quod

480 4349 695 4417 quidem
720 4365 814 4419 per
830 4365 889 4403 se
905 4357 1042 4412 erat,
1066 4364 1323 4420 magnum
1353 4355 1520 4411 esset,
1546 4355 1709 4418 atque
1737 4349 2064 4418 perfectum,

2165 3241 2296 3310 ἡμῖν
2335 3238 2525 3309 ὤφθη,
2567 3237 2681 3291 ἀλλ’
2726 3234 2865 3291 εἶναι
2904 3237 3001 3308 μὲν
3036 3237 3094 3290 ἐν
3139 3235 3215 3307 τῷ
3266 3235 3593 3308 πληρώματι
3636 3238 3745 3305 τῆς

2167 3330 2415 3400 θεότητος
2448 3326 2541 3383 ῐσα
2582 3328 2699 3399 θεῷ
2722 3371 2737 3396 ,
2770 3330 3063 3401 ἀπρόσιτον
3085 3370 3101 3395 ,
3143 3330 3237 3383 καί
3268 3330 3741 3398 ἀπροσπέλαστον,

2166 3424 2260 3477 καὶ
2289 3423 2528 3494 μάλιστά.
2543 3439 2605 3491 γε
2639 3426 2703 3493 τῇ
2747 3421 3043 3494 βραχύτητι
3072 3424 3171 3494 τῆς
3196 3422 3546 3494 ἀνθρωπίνης
3589 3423 3747 3475 οῦδε-

2166 3517 2313 3579 νείας
2355 3516 2671 3586 ἀχώρηστον
2711 3515 2844 3586 (40)·
2882 3515 3123 3586 χωρητδν
3156 3516 3213 3568 δὲ
3251 3517 3317 3585 τῇ
3359 3515 3613 3585 ἐπικήρῳ
3640 3516 3751 3583 τῆς

2170 3607 2369 3678 σαρκὸς
2410 3607 2571 3676 φύσει
2617 3606 2739 3661 τότε
2779 3608 3093 3676 γενόμενον,
3133 3608 3221 3661 ὅτε
3251 3606 3521 3669 ὲκένωσε,
3554 3606 3743 3669 καθώς

2168 3716 2330 3771 φησιν
2358 3701 2385 3753 6
2430 3698 2767 3762 Ἀπόστολος,
2797 3696 2895 3768 τὴν
2923 3696 3197 3766 ἄφραστον
3226 3696 3388 3750 αὑτοῦ
3421 3698 3516 3767 τῆς
3547 3697 3744 3768 θεότη-

2167 3807 2255 3853 τος
2278 3789 2433 3856 δόξαν
2456 3789 2550 3842 καὶ
2574 3791 2638 3859 τῇ
2668 3786 2965 3859 βραχύτητι
2986 3788 3018 3857 ἡ
3028 3787 3141 3857 μῶν
3169 3786 3741 3857 συγκατεσμίκρυνεν,

2168 3883 2307 3936 ὥστε
2327 3880 2355 3935 ὃ
2379 3881 2476 3952 μὲν
2496 3875 2585 3952 ἦν,
2619 3881 2759 3950 μέγα
2787 3878 2881 3932 καὶ
2900 3877 3103 3931 τέλειον
3130 3880 3223 3931 καὶ
3246 3878 3612 3950 ἀπερίληπτον
3633 3873 3707 3951 ἦν
3725 3897 3746 3910 ν

2168 3974 2196 4027 ὃ
2228 3973 2285 4027 δὲ
2314 3970 2526 4037 ἔλαϐεν,
2568 3970 2880 4041 ίσομέγεθες
2926 3965 2996 4040 ἦν
3025 3968 3103 4040 τῷ
3145 3970 3395 4041 ἡμετέρῳ
3426 3971 3606 4042 μέτρῳ
3641 3972 3746 4041 τῆς

2169 4065 2403 4133 φύσεως.
2447 4063 2544 4115 Ἐν
2570 4060 2882 4130 ὁμοιώματι
2912 4060 3042 4131 γὰρ,
3072 4062 3255 4130 φησὶν,
3291 4060 3603 4129 ἀνθρώπου
3648 4079 3745 4131 γε-

2167 4159 2421 4226 νόμενος
2471 4154 2569 4208 καὶ
2619 4152 2919 4221 σχήματι,
2954 4153 3029 4215 ὡς
3070 4152 3169 4205 οὐκ
3208 4152 3344 4222 ἔχων
3392 4152 3633 4223 δηλονότι
3683 4155 3745 4220 ἐξ

2169 4249 2344 4320 ἀρχῆς
2403 4247 2530 4315 περὶ
2571 4243 2732 4297 αὐτὸν
2786 4242 2896 4314 (ll)
2950 4243 3051 4314 τῆς
3103 4243 3357 4314 τοιαύτης
3412 4244 3627 4312 φύσεως
3684 4244 3743 4296 τὸ

2167 4339 2436 4410 ὁμοίωμα,
2467 4334 2584 4389 οὐδὲ
2623 4331 2759 4404 πρός
2781 4350 2904 4387 τινα
2931 4332 3229 4405 σωματώδη
3274 4333 3441 4385 τύπον
3473 4349 3743 4403 σχηματι-

478 4449 534 4494 et
551 4441 1097 4511 incomprehensibile
1117 4458 1130 4505 ;
1151 4441 1295 4511 quod
1311 4448 1490 4495 autem
1513 4448 1831 4510 assumpsn,
1857 4448 2060 4494 natura!

2170 4432 2411 4502 ζόμενος.
2460 4428 2584 4490 Πῶς
2619 4430 2728 4496 γὰρ
2780 4424 2846 4479 ἂν
2890 4425 3290 4496 περιτυπωθείη
3338 4425 3416 4495 τῷ
3464 4426 3745 4495 ἀσωμάτῳ

480 4540 683 4583 nostra:
722 4530 999 4584 modulum
1040 4546 1149 4585 non
1194 4532 1519 4597 excederet;
1558 4531 1633 4585 ait
1668 4532 1835 4594 enim,
1871 4529 1933 4584 In
1980 4532 2055 4585 si-

2170 4498 2444 4593 σχηματος
2470 4520 2672 4583 τύπος;
2713 4517 2874 4572 Ἀλλά
2895 4518 3014 4571 τότε
3048 4519 3106 4570 ὲν
3130 4519 3367 4589 σχήματι
3388 4517 3620 4586 γίνεται,
3648 4518 3739 4570 ὅτε

478 4620 832 4675 militudinem
873 4631 923 4675 et
966 4621 1203 4675 habitum
1233 4623 1458 4676 hominis
1496 4622 1695 4691 factus,
1738 4629 1923 4691 utpote
1962 4622 2057 4693 qui

477 4713 551 4767 ab
588 4714 744 4767 initio
796 4728 905 4768 non
939 4712 1192 4768 habuerit
1215 4712 1271 4766 in
1301 4728 1359 4768 se
1387 4713 1505 4783 ipso
1532 4710 1909 4781 hujuscemodi
1955 4728 2055 4766 na-

480 4818 616 4860 turze
667 4804 1107 4870 similitudinem,
1152 4819 1328 4874 neque
1380 4804 1445 4857 ad
1500 4806 1666 4859 ullam
1719 4804 2056 4873 corporalem
2097 4804 2324 4857 formam
2352 4799 2724 4867 configuratus
2752 4797 2842 4852 sit.
2877 4797 3159 4860 Quomono
3226 4806 3369 4846 enim
3412 4790 3489 4845 rei
3557 4791 3742 4844 incor—
3832 4854 3840 4864 π

2165 4612 2629 4685 σχηματιζόμενος
2668 4610 2845 4682 ἑαυτῷ
2877 4608 3207 4681 περιτίθησι.
3250 4609 3417 4663 Τοῦτο
3437 4610 3492 4662 δέ
3517 4612 3668 4663 ἐστιν
3700 4612 3733 4679 ἡ

2163 4710 2254 4762 τοῦ
2296 4705 2544 4777 σώματος
2578 4704 2739 4773 φύσις

481 4914 658 4969 porca:
687 4896 921 4965 alicujus
956 4895 1141 4967 figura:
1176 4894 1349 4950 forma
1421 4895 1689 4966 impressa
1727 4894 1958 4950 fuisset?
2022 4894 2128 4950 Sed
2168 4903 2298 4947 tunc
2341 4892 2396 4945 in
2442 4890 2689 4960 corporis
2734 4887 2967 4957 speciem
3016 4884 3193 4940 factus
3240 4893 3345 4947 est,
3395 4899 3523 4937 cum
3569 4899 3632 4937 ea
3693 4901 3758 4940 se

448 4982 658 5059 'ipsum
686 4988 900 5043 induit:
933 4988 1049 5045 haec
1079 4998 1261 5044 autem
1283 4998 1366 5045 est
1401 4988 1516 5057 ipsa
1551 4989 1799 5059 corporis
1827 4989 2053 5043 humani
2092 4997 2304 5043 natura.

554 5082 695 5137 XXI.
737 5082 988 5138 Inventus
1044 5085 1227 5155 itaque
1278 5094 1337 5137 ut
1381 5084 1555 5139 homo.
1610 5083 1745 5138 Nam
1793 5093 1847 5140 et
1902 5085 2064 5140 homo

482 5186 618 5239 erat,
656 5176 908 5253 quamvis
945 5190 1054 5231 non
1090 5191 1185 5246 per
1214 5176 1397 5230 omnia
1429 5176 1609 5242 homo,
1642 5175 1737 5231 sed
1776 5184 1836 5229 ut
1878 5176 2060 5239 homo,

482 5271 552 5322 ob
579 5276 838 5322 materna:
868 5268 1195 5338 virginitatis
1222 5269 1563 5340 mysterium,
1626 5275 1685 5323 ut
1710 5283 1903 5338 nempe
1938 5268 2064 5323 hinc

483 5360 834 5435 manifestum
872 5368 1020 5416 esset
1047 5361 1225 5430 ipsum
1253 5377 1360 5416 non
1394 5363 1649 5417 omnibus
1692 5362 1942 5416 humanae
1968 5376 2065 5416 na-

482 5460 620 5506 tura:
665 5452 875 5522 legibus
924 5451 1280 5516 inserviissc,
1331 5451 1425 5506 sed
1476 5466 1538 5505 ea
1586 5467 1707 5522 quae
1757 5449 1934 5506 Deum
1975 5449 2070 5506 de-

482 5554 631 5599 ceret
647 5545 857 5599 ratione
874 5545 1037 5600 vitam
1057 5546 1385 5616 ingressum,
1417 5551 1470 5599 et
1494 5543 1558 5598 ad
1587 5544 1791 5616 proprii
1818 5543 2067 5615 corporis

555 5676 601 5709 ⁵⁸
632 5677 862 5747 Philipp.
896 5695 957 5742 ll,
996 5680 1025 5731 7
1058 5695 1178 5749 sqq.

560 5815 669 5885 (40)
704 5814 852 5869 Corr.
882 5814 1181 5884 ἀχὼρητον.

2241 5080 2518 5151 Εὐρεθεὶς
2539 5078 2716 5133 τοίνυν
2730 5076 2807 5143 ὡς
2823 5075 3151 5147 ἄνθρωπος·
3169 5073 3260 5127 καὶ
3278 5072 3385 5143 γὰρ
3408 5074 3501 5125 καὶ
3531 5070 3744 5143 ἅνθρω-

2172 5193 2290 5238 πος,
2319 5176 2368 5227 εἰ
2394 5174 2487 5227 καὶ
2512 5171 2588 5242 μὴ
2613 5170 2678 5223 δι’
2704 5169 2826 5222 ὅλου
2853 5167 3159 5237 ἄνθρωπος,
3185 5164 3298 5219 ἀλλ’
3330 5165 3405 5227 ὠς
3435 5164 3743 5233 ἄνθρωπος,

2170 5267 2260 5319 διά
2287 5266 2347 5319 τὸ
2367 5264 2507 5317 κατά
2532 5262 2629 5333 τὴν
2658 5258 2954 5331 παρθενίαν
2984 5258 3295 5328 μυστήριον·
3323 5256 3398 5317 ὡς
3424 5254 3489 5308 ἂν
3514 5255 3746 5325 φανερὸν

2177 5358 2265 5412 διά
2297 5355 2453 5409 τοῦτο
2479 5354 2709 5423 γένοιτο,
2734 5353 2817 5404 ὅτι
2847 5351 2907 5403 οὐ
2937 5349 3024 5403 διὰ
3050 5348 3266 5401 πάντων
3298 5348 3409 5410 τοῖς
3439 5345 3627 5415 νόμοις
3646 5344 3747 5409 τῆς

2178 5448 2521 5520 ἀνθρωπίνης
2558 5444 2834 5497 ἐδούλευσε
2872 5441 3119 5511 φύσεως,
3149 5440 3283 5493 ἀλλά
3317 5438 3510 5503 θεῖκῶς
3556 5438 3747 5491 ἑαυτὸν

2178 5538 2473 5599 εἰσοικίσας
2495 5535 2572 5605 τῷ
2604 5534 2724 5605 βίῳ,
2757 5532 2851 5587 καὶ
2878 5531 2953 5603 μὴ
2980 5529 3191 5603 δεηθεὶς
3220 5529 3317 5602 τῆς
3338 5529 3401 5580 ὲκ
3430 5527 3525 5581 τ’οὲ
3566 5526 3748 5599 γάμου

2242 5808 2350 5877 (-ll)
2380 5804 2535 5859 Cot'r.
2569 5800 2693 5870 περὶ
2716 5800 2923 5853 ἑαυτόν.
