4020 6508
288 394 433 453 ιιδο

1440 381 1809 442 ADVERSUS
1841 382 2353 467 APO_LLINAREM.

3392 389 3531 446 μσς

286 509 565 579 ἐνεργείας
603 509 737 580 πρὸς
767 508 867 581 τὴν
898 508 1243 579 κατασκευὴν
1278 508 1391 579 (42)
1424 509 1517 562 τοῦ
1564 508 1696 562 ἰδίου
1724 508 1859 562 πλά-

1960 507 2406 562 constitutioncm
2457 505 2766 576 nuptiarum
2812 523 2977 578 opere
3019 523 3125 562 non
3173 505 3527 578 indigentem,

286 618 514 671 σματος,
549 600 857 672 εὑρίσκεται
880 601 939 653 οὑ
969 600 1057 653 διὰ
1092 604 1307 655 πάντων
1346 600 1519 663 κοινὸς
1548 601 1853 671 ἄνθρωπος,

285 694 373 747 διὰ
393 692 454 745 τὸ
486 692 933 764 παρηλλαγμένον
964 694 1125 748 αύτοῦ
1154 694 1251 765 τῆς
1283 692 1609 756 συστάσεως,
1639 692 1754 745 ἀλλ’
1782 692 1859 755 ὡς

286 785 588 855 ἄνθρωπος.
618 786 725 838 Καὶ
753 784 924 849 οὕτως
951 786 1310 839 ἐταπείνωσεν
1337 786 1545 849 ἑαυτὸν,
1574 786 1857 855 ἀτρέπτως

286 876 576 946 γενόμενος
613 874 918 945 ἄνθρωπος.
951 878 1013 929 Et
1039 876 1147 947 γάρ
1173 876 1267 928 ἀπ’
1299 877 1472 947 ἀρχῆς
1500 874 1657 929 τοῦτο
1685 872 1772 945 ἦν,
1800 877 1857 927 ὲν

285 966 391 1019 τίνι
432 966 651 1035 γέγονεν
683 968 715 1036 ἡ
748 965 1106 1031 ταπείνωσιςς
1142 965 1256 1019 Νῦν
1300 966 1357 1019 δὲ
1401 969 1429 1019 6
1466 963 1726 1036 ’Υψιστος
1771 966 1858 1019 διά

287 1058 385 1126 τῆς
412 1056 545 1127 πρὸς
564 1055 623 1109 τὸ
646 1056 897 1110 ταπεινὸν
919 1056 1019 1126 τῆς
1040 1056 1255 1125 φύσεως
1288 1058 1320 1127 ἡ
1329 1056 1444 1126 μῶν
1465 1057 1708 1121 ἑνώσεως
1734 1058 1859 1110 ἑαυ-

285 1149 379 1202 τὸν
408 1149 789 1202 ἐταπείνωσεν.
835 1147 1086 1211 Ἐνωθεὶς
1128 1150 1239 1219 γὰρ
1274 1152 1340 1218 τῇ
1384 1151 1565 1219 μορφῇ
1610 1149 1703 1201 τοῦ
1739 1148 1857 1201 δού-

286 1237 401 1302 λου,
422 1237 488 1307 ἣν
521 1237 701 1301 ἔλαϐε,
733 1239 825 1292 καὶ
852 1239 909 1292 ἓν
946 1238 1081 1310 πρὸς
1109 1237 1276 1307 αὐτὴν
1296 1236 1604 1307 γενόμενος,
1631 1237 1859 1290 οἰκειοῦ-

286 1346 377 1382 ται
404 1328 475 1381 ’τὰ
514 1328 608 1381 τσῦ
650 1328 834 1382 δούλου
883 1330 1026 1399 πάθη
1051 1370 1065 1395 ,
1090 1330 1185 1381 καὶ
1211 1327 1461 1399 καθάπερ
1506 1328 1601 1381 καὶ
1627 1330 1685 1383 ὲν
1728 1329 1858 1399 ἡμῖν

288 1419 494 1486 γίνεται
531 1418 618 1470 διὰ
660 1419 757 1488 τῆς
798 1418 933 1489 πρὸς
974 1418 1041 1471 τὰ
1072 1418 1205 1488 μέλη
1238 1418 1533 1486 συμφυΐας,
1568 1418 1662 1471 ὲάν
1704 1435 1755 1470 τι
1782 1417 1858 1487 τῷ

288 1511 442 1581 ἄκρῳ
469 1509 719 1580 συμπέσῃ
741 1510 832 1561 τοῦ
862 1509 1073 1580 ὄνυχος,
1096 1509 1156 1561 τὸ
1180 1510 1287 1562 πᾶν
1315 1508 1391 1579 τῷ
1412 1509 1699 1562 πεπονθότι
1730 1527 1857 1563 συν-

288 1602 603 1662 διατίθεται,
626 1602 709 1669 ἐφ’
731 1601 847 1654 ὅλον
870 1602 930 1654 τὸ
954 1601 1111 1672 σῶμα
1138 1601 1427 1673 διηκούσης
1446 1602 1545 1672 τῆς
1567 1601 1857 1672 συναισθή-

291 1711 430 1755 σεως
451 1733 467 1757 ,
498 1692 669 1755 οὓτως
700 1694 728 1744 6
781 1692 997 1755 ὲνωθεὶς
1043 1692 1197 1763 ἡμῶν
1228 1696 1294 1763 τῇ
1337 1693 1532 1762 φύσει,
1568 1693 1858 1747 οἰκειοῦται

287 1785 359 1838 τὰ
388 1784 633 1856 ἡμέτερα
661 1783 829 1853 πάθη,
863 1783 1044 1847 καθώς
1076 1801 1239 1855 φησιν
1278 1785 1526 1849 Ἡσαΐας,
1560 1785 1641 1837 ὅτι
1667 1785 1858 1850 Αὐτὸς

1960 601 2178 668 reperiri
2208 614 2313 651 non
2340 605 2398 649 ut
2429 600 2649 650 omnino
2669 597 2939 666 vulgarem
2969 596 3264 660 hominem,
3289 610 3355 652 eo
3381 597 3528 668 quod

1963 688 2183 743 diverso
2211 703 2239 740 a
2262 689 2474 743 caeteris
2500 687 2810 741 hominibus
2836 686 3051 754 opiﬁcio
3077 687 3334 743 conditus
3360 682 3526 752 esset,

1960 781 2054 835 sed
2106 788 2163 833 ut
2219 780 2514 844 hominem,
2566 793 2738 848 eoque
2785 788 2944 847 pacto
3002 779 3304 833 humiliavit
3356 788 3530 835 semet

1961 872 2161 940 ipsum,
2212 870 2331 925 sine
2380 871 2484 923 ulla
2536 870 2621 924 sui
2672 869 2968 923 mutatione
3013 868 3185 924 factus
3227 868 3411 925 homo.
3467 870 3527 922 Si

1959 964 2103 1018 enim
2144 964 2212 1016 ab
2241 963 2396 1016 initio
2436 962 2488 1016 id
2517 962 2839 1019 exstitisset.
2875 976 3110 1030 quanam
3137 962 3190 1015 in
3220 976 3280 1016 re
3346 962 3529 1015 humi-

1959 1056 2121 1110 liatus
2153 1054 2333 1109 esset?
2374 1053 2528 1107 Nunc
2571 1064 2750 1107 autem
2789 1053 3102 1108 Altissimus
3133 1068 3227 1122 per
3267 1053 3523 1109 unionem

1959 1161 2081 1200 cum
2123 1156 2329 1199 natura!
2360 1153 2560 1199 nostra:
2582 1145 2882 1199 humilitate
2916 1146 3105 1198 initam
3137 1160 3196 1199 se
3221 1144 3399 1214 ipsum
3424 1145 3527 1199 hu-

1958 1238 2206 1291 miliavit.
2239 1237 2373 1291 Nam
2404 1236 2591 1290 forma:
2619 1236 2784 1299 servi,
2807 1250 2966 1304 quam
2995 1236 3313 1305 assumpsit,
3341 1235 3530 1290 unitus

1959 1337 2013 1383 et
2048 1343 2216 1381 unum
2251 1327 2377 1396 quid
2409 1342 2533 1381 cum
2564 1327 2679 1396 ipsa
2705 1326 2902 1389 factus,
2928 1327 3069 1381 servi
3104 1326 3385 1396 passiones
3424 1326 3530 1382 sibi

1958 1421 2208 1491 proprias
2232 1418 2496 1484 reddidit;
2520 1428 2573 1474 et
2600 1419 3051 1490 quemadmodum
3076 1419 3145 1473 ob
3165 1419 3528 1475 membrorum

1960 1513 2103 1567 inter
2131 1527 2188 1567 se
2218 1512 2607 1566 connexionem
2632 1511 2789 1565 nobis
2811 1511 3024 1566 evenire
3052 1510 3209 1576 solet,
3234 1518 3295 1565 ut
3323 1510 3370 1566 si
3397 1508 3530 1581 quid

1961 1602 2088 1656 mali
2144 1602 2197 1655 in
2235 1601 2544 1655 summitate
2582 1600 2843 1669 unguium
2879 1600 3170 1663 acciderit,
3206 1607 3378 1655 totum
3420 1614 3530 1655 una

1963 1709 2085 1747 cum
2132 1693 2256 1746 laesa
2307 1700 2460 1759 parte
2499 1693 2699 1761 pariter
2741 1690 3025 1756 aiiieiatur,
3059 1691 3247 1747 dolore
3284 1705 3380 1762 per
3406 1692 3532 1746 uni-

1962 1798 2174 1837 versum
2241 1796 2439 1850 corpus
2496 1788 2861 1848 pervagante:
2919 1780 2991 1833 ita
3050 1785 3260 1832 natura:
3321 1787 3531 1833 nostra:

288 1873 401 1939 τὰς
450 1873 769 1937 ἀσθενείας
805 1870 975 1940 ἡμῶν
1014 1870 1267 1926 ἀνέλαϐε
1291 1912 1305 1934 ,
1362 1871 1460 1924 καὶ
1500 1870 1604 1936 τὰς
1646 1871 1859 1934 νόσους

1972 1875 2175 1939 unitus,
2213 1874 2495 1943 passiones
2552 1883 2771 1927 nostras
2810 1872 3061 1941 proprias
3109 1872 3211 1926 sibi
3268 1870 3416 1937 fecit,
3476 1880 3532 1927 et

288 1965 587 2020 ἐσᾶστασε
611 2005 625 2028 ,
650 1962 747 2033 τὴν
784 1962 924 2033 ὑπὲρ
945 1961 1102 2032 ἡμῶν
1136 1961 1377 2023 ὑποστὰς
1405 1959 1639 2031 πληγὴν,
1673 1959 1760 2012 ἵνα
1786 1958 1862 2028 τῷ

1966 1968 2419 2039 quemadmodum
2452 1965 2526 2018 ait
2556 1962 2746 2028 Isaias,
2783 1962 2903 2033 Ipse
2952 1965 3290 2033 inﬁrmitates
3320 1976 3529 2018 nostra:

292 2057 545 2128 μώλωπι
585 2056 748 2111 αὐτοῦ
799 2058 958 2127 ἡμεῖς
1008 2054 1277 2124 ἰαθῶμενσ
1327 2054 1425 2122 οὐχ
1472 2052 1552 2104 ὃτι
1597 2053 1630 2122 ή
1676 2051 1859 2120 θεότης

1965 2058 2262 2127 accepil,et
2296 2057 2664 2126 aegrotationes
2711 2066 2920 2110 nostras
2966 2058 3289 2125 portavit”,
3340 2057 3527 2127 plagas

288 2148 677 2220 ἐμωλωπίσθη,
712 2150 825 2201 ἀλλ’
849 2151 877 2202 6
906 2146 1206 2220 προσφυεὶς
1231 2146 1319 2199 διὰ
1350 2147 1448 2215 τῆς
1481 2143 1726 2205 ὲνώσεως
1749 2144 1860 2212 (45)

287 2244 354 2312 τῇ
387 2241 599 2311 θεότητι
631 2240 943 2312 ἄνθρωπος,
987 2230 1049 2291 οὗ
1093 2240 1127 2309 ἡ
1160 2237 1320 2307 φύσις
1343 2234 1561 2305 δεκτικὴ
1600 2234 1861 2305 μώλωπος

285 2331 538 2399 γενέσθαι
567 2330 808 2385 δύναται·
836 2321 1015 2384 ταῦτα’
1028 2330 1085 2383 δὲ
1116 2328 1471 2399 (44)γίνεται,
1501 2327 1645 2388 ὅτῖως
1678 2324 1742 2378 ἂν
1775 2323 1861 2377 διὰ

286 2421 395 2475 τῶν
428 2421 607 2476 αὐτῶν
640 2422 799 2475 πάλιν
826 2421 959 2475 ὁδῶν
988 2423 1022 2491 ἠ
1062 2421 1161 2490 τῆς
1185 2418 1379 2480 κακίας
1400 2417 1515 2479 όδδς
1544 2414 1857 2484 ἀναλυθείη.

299 2511 516 2581 Ἐπειδὴ
547 2510 656 2582 γὰρ
683 2512 769 2563 διὰ
801 2512 899 2581 τῆς
934 2508 1219 2581 παρακοῆς
1260 2507 1352 2561 τοῦ
1381 2506 1668 2578 ἀνθρώπου
1701 2505 1813 2574 (45)
1841 2545 1856 2569 ,

287 2605 318 2657 6
358 2603 587 2667 θάνατος
639 2602 1022 2675 (46)(εῑσῆλθε
1048 2643 1062 2668 ,
1097 2601 1286 2655 τούτου
1318 2600 1474 2669 χάριν
1508 2597 1595 2649 διὰ
1633 2597 1731 2666 τῆς
1760 2597 1859 2649 ὑπ-

1962 2166 2061 2221 pro
2113 2147 2271 2202 nobis
2308 2148 2608 2210 sustinens,
2647 2156 2707 2199 ut
2746 2146 2867 2214 ejus
2928 2145 3098 2200 livore
3136 2161 3239 2201 nos
3308 2161 3532 2202 sanare-

1962 2261 2124 2310 mur;
2184 2258 2291 2297 non
2349 2242 2491 2311 quod
2532 2241 2793 2295 divinitas
2831 2241 3037 2296 vibices
3101 2254 3167 2295 ex
3211 2241 3531 2296 vulneribus

1962 2334 2315 2395 contraxerit,
2342 2332 2434 2387 sed
2490 2331 2604 2384 haec
2644 2346 2839 2399 passus
2900 2339 2984 2385 est
3051 2330 3236 2393 homo,
3291 2331 3384 2400 qui
3435 2345 3534 2401 per

1966 2427 2270 2480 unitiouem
2328 2423 2429 2493 ipsi
2481 2422 2751 2475 divinitati
2807 2420 3135 2489 coniunctus
3179 2430 3280 2485 est,
3324 2423 3530 2492 quique

1964 2519 2047 2572 sui
2095 2525 2289 2570 natura
2326 2513 2591 2567 vibicibus
2621 2512 2956 2583 accipiendis
2992 2521 3138 2583 patet
3167 2531 3181 2567 :
3216 2514 3319 2569 hoc
3348 2522 3530 2569 autem
3616 2502 3621 2511 ’

1978 2611 2060 2677 tit,
2120 2620 2180 2664 ut
2223 2621 2320 2674 per
2349 2603 2565 2659 easdem
2623 2618 2816 2657 rursus
2852 2603 2969 2658 vias
3041 2603 3265 2673 antiqua
3319 2602 3528 2673 peccati

292 2693 466 2763 ακοῆς
490 2691 585 2746 τοῦ
606 2691 856 2761 δευτέρου
884 2688 1196 2762 ἀνθρώπου)
1211 2690 1554 2758 agamagam.
1572 2689 1669 2741 Διά
1702 2687 1857 2744 τοῦτο

1963 2697 2152 2751 semita
2218 2703 2509 2751 evertatur.
2544 2693 2811 2761 Quoniam
2846 2694 2990 2748 enim
3046 2709 3144 2764 per
3187 2694 3423 2749 hominis
3447 2695 3533 2747 in-

288 2786 530 2855 ὑπήκοος
577 2784 738 2856 μέχρι
791 2783 1020 2837 θανάτου
1068 2781 1299 2851 γίνεταιι
1344 2780 1430 2834 ἵνα
1469 2780 1556 2834 διὰ
1616 2782 1712 2851 μὲν
1756 2781 1857 2851 τῆς

1958 2787 2314 2843 obedientiam
2366 2800 2515 2840 mors
2550 2786 2795 2855 ingressa
2837 2793 2922 2840 est
2963 2784 3016 2839 in
3063 2784 3359 2846 mundum,
3403 2799 3530 2853 pro-

287 2875 537 2945 ὐπακοῆς
591 2874 701 2944 (47)
734 2873 830 2943 (τὸ
879 2874 943 2927 ὲκ
1004 2871 1107 2940 τῆς
1170 2862 1490 2940 παρακοῆς)
1543 2868 1852 2941 θεραπεύσῃ

1958 2887 2135 2950 pterea
2184 2894 2279 2949 per
2327 2876 2551 2933 secundi
2590 2875 2825 2930 hominis
2872 2875 3232 2930 obedientiam
3276 2876 3528 2931 elimina-

285 2965 663 3035 πλημμέλημα
687 2981 700 2994 ⁶
734 2963 821 3020 διὰ
857 2962 912 3015 δὲ
946 2962 1044 3032 τῆς
1072 2962 1137 3014 ὲκ
1165 2961 1371 3031 νεκρῶν
1398 2960 1748 3023 ἀναστάσεως
1764 2960 1852 3013 τὸν

1958 2977 2043 3023 lur
2068 2968 2133 3021 5°.
2188 2967 2251 3020 Et
2311 2983 2373 3021 ea
2416 2966 2484 3021 de
2503 2980 2669 3020 causa
2703 2965 2964 3019 obediens
2993 2964 3049 3018 tit
3079 2980 3250 3036 usque
3286 2966 3350 3021 ad
3382 2981 3530 3021 mor-

285 3056 690 3109 συνεισελθόντα
717 3058 781 3126 τῇ
809 3056 1059 3125 παρακοῇ
1087 3053 1313 3106 θάνατον
1338 3052 1651 3125 ἐξαφανίσῃ.
1691 3054 1852 3122 Ἀφα-

1958 3068 2061 3115 tem
2088 3060 2153 3124 δι,
2172 3066 2232 3112 ut
2260 3074 2355 3129 per
2377 3057 2739 3113 obedientiam
2764 3057 2978 3126 quidem
3000 3057 3377 3113 inobedientia:
3401 3075 3531 3129 pec-

282 3147 475 3217 νισμὸς
514 3147 619 3217 γάρ
660 3145 776 3198 ἐστι
818 3144 1050 3197 θανάτου
1084 3144 1118 3213 ἡ
1158 3144 1221 3196 ἐκ
1255 3143 1484 3197 θανάτου
1517 3143 1610 3195 τοῦ
1641 3142 1849 3213 ἀνθρώ-

1958 3162 2073 3206 cato
2106 3151 2429 3213 mederetur,
2460 3165 2556 3220 per
2584 3150 3039 3207 resurrectionem
3068 3165 3196 3205 vero
3238 3165 3268 3204 a
3299 3151 3530 3205 mortuis

283 3254 388 3291 που
420 3236 531 3306 (48)
561 3235 884 3297 ἀνάστασις·
919 3234 1038 3296 Διὸ,
1085 3234 1237 3304 φησι,
1277 3232 1376 3286 καὶ
1417 3236 1449 3286 ὀ
1493 3233 1634 3297 Θεές
1673 3233 1858 3287 αὐτὸν

1962 3249 2186 3296 mortem
2246 3241 2589 3307 destrueret,
2631 3256 2751 3310 quae
2808 3256 2915 3295 una
2971 3256 3092 3296 cum
3164 3240 3530 3298 inobedientia

282 3328 664 3396 ὐπερύψωσε.
710 3324 879 3378 Τοῦτο
911 3324 1160 3393 καθάπερ
1192 3324 1432 3395 ’σφραγὶς
1465 3342 1546 3387 τις
1579 3323 1679 3393 τῆς
1724 3340 1857 3394 προ-

1963 3331 2221 3383 mundum
2260 3331 2505 3400 ingressa
2531 3338 2635 3386 est.
2689 3330 2998 3385 Destructio
3041 3332 3184 3386 enim
3220 3333 3411 3389 mortis
3445 3342 3531 3389 est

282 3418 555 3489 λαὸούσης
594 3416 834 3479 διανοίας
867 3416 1000 3470 ἐστί.
1038 3415 1206 3484 Δῆλον
1246 3414 1374 3485 γὰρ,
1406 3416 1486 3467 ὅτι
1530 3416 1591 3467 τὸ
1639 3414 1860 3484 ὕψιστον

282 3511 376 3564 τοῦ
407 3508 685 3579 ὑψωθῆναι
722 3508 821 3560 ούκ
872 3507 1148 3561 ἐπιδέεται
1170 3548 1183 3569 ,
1223 3506 1357 3559 ἀλλά
1402 3506 1461 3558 τὸ
1489 3507 1743 3560 ταπεινὸν
1777 3509 1860 3571 εἰς

283 3598 417 3668 ὕψος
443 3597 674 3669 αἴρεται,
706 3596 800 3650 νῦν
829 3596 1113 3666 γενόμενον
1143 3596 1278 3664 (49),
1308 3596 1335 3648 ὃ
1379 3597 1451 3666 μὴ
1484 3596 1742 3667 πρότερον
1767 3593 1855 3668 ἦν.

293 3690 585 3745 Ἐνωθείσα
613 3688 720 3760 γάρ
748 3686 824 3758 τῷ
865 3688 1055 3757 Κυρίῳ
1090 3688 1123 3757 ἡ
1180 3686 1490 3757 ἀνθρωπίνη
1525 3687 1685 3754 φύσις
1732 3705 1857 3739 συν-

276 3782 571 3854 επαίρεται
598 3783 662 3851 τῇ
686 3780 920 3849 θεότητι,
946 3778 1041 3830 καὶ
1070 3780 1129 3830 τὸ
1150 3777 1448 3847 ύψούμενον
1474 3781 1646 3833 ἐκεῖνό
1665 3781 1855 3833 ὲστιτὸ

276 3879 343 3929 ὲκ
399 3872 494 3927 τοῦ
543 3868 800 3925 ταπεινοῦ
848 3868 1237 3938 ἐπαιρόμενον·
1284 3869 1536 3922 ταπεινὸν
1575 3870 1632 3922 δὲ
1676 3871 1708 3939 ἡ
1757 3869 1852 3922 τοῦ

273 3965 465 4020 δούλου
496 3962 698 4035 μορφὴ,
729 3962 816 4014 διὰ
839 3962 937 4031 τῆς
964 3958 1221 4029 ύψώσεως
1249 3960 1506 4030 γινομένη
1539 3960 1771 4031 Χριστός
1794 3978 1853 4013 τε

274 4058 371 4111 καὶ
406 4056 627 4127 Κύριος.
679 4056 786 4109 Καὶ
830 4052 1017 4124 ἐπειδὴ
1054 4054 1083 4104 6
1114 4052 1256 4105 κατὰ
1303 4050 1533 4122 Χριστὸν
1568 4052 1851 4122 ἄνθρωπος

1959 3421 2195 3476 hominis
2229 3437 2259 3475 a
2290 3430 2462 3477 morte
2493 3424 2857 3486 resurrectio;
2880 3422 3108 3492 Propter
3133 3425 3293 3493 quod,
3323 3424 3529 3496 inquit,

1958 3525 2019 3582 et.
2046 3512 2186 3568 Deus
2225 3513 2481 3567 exultavit
2519 3515 2695 3568 illum.
2749 3513 2865 3569 Hoc
2898 3514 3045 3573 velut
3099 3516 3343 3586 quadam
3390 3532 3532 3588 prs:-

1959 3604 2199 3659 cedentis
2253 3606 2536 3659 sentcntiae
2587 3605 2930 3661 conﬁrmatio
2970 3616 3075 3663 est.
3136 3606 3351 3662 Nemini
3381 3609 3528 3664 enim

1960 3695 2088 3750 latet
2136 3696 2459 3751 altissimum
2486 3696 2813 3753 exaltatione
2844 3711 2953 3751 non
2989 3697 3252 3768 indigere,
3281 3707 3339 3752 at
3370 3714 3527 3765 vero,

1958 3787 2102 3855 quod
2145 3786 2347 3841 humile
2391 3797 2497 3849 est,
2557 3788 2725 3842 sitiat
2754 3789 2898 3858 quod
2944 3800 3100 3844 antea
3155 3806 3264 3845 non
3320 3792 3527 3855 fuerat.

1959 3877 2344 3931 sublimitatem
2373 3878 2677 3947 acquirere.
2709 3879 2912 3934 Natura
2953 3881 3099 3936 enim
3150 3883 3386 3941 hominis
3417 3884 3529 3941 Deo

1956 3968 2245 4036 conjuncta
2279 3968 2345 4021 ad
2378 3968 2680 4026 divinitatis
2714 3973 3088 4030 celsitudinem
3104 3976 3369 4043 evehitur,
3391 3977 3525 4033 illud

1955 4069 2132 4115 autem
2178 4062 2449 4116 exaltatur
2490 4064 2633 4132 quod
2676 4082 2739 4119 ex
2774 4065 2967 4124 humili
3012 4067 3244 4123 sublime
3290 4070 3387 4136 ﬁt;
3421 4071 3523 4123 hu-

276 4147 421 4201 κατά
464 4148 564 4218 τὴν
599 4145 944 4216 ἀνθρωπίνην
993 4143 1310 4196 ἁκτλουθὶαν
1355 4142 1576 4213 ὀνόματι
1618 4143 1755 4195 κατὰ
1791 4142 1853 4195 τὸ

1958 4152 2080 4206 mile
2131 4160 2308 4207 autem
2351 4152 2480 4222 quid
2532 4162 2615 4208 est
2654 4153 2829 4209 forma
2866 4156 3029 4220 servi,
3066 4173 3189 4227 quae
3235 4173 3330 4228 per
3373 4158 3524 4213 exal-

278 4240 477 4304 ῑδιάζον
500 4235 934 4310 προσηγορεύθη,
957 4235 1044 4288 διὰ
1069 4236 1167 4305 τῆς
1192 4234 1488 4303 γενομένης
1510 4238 1575 4305 τῇ
1596 4234 1851 4305 Παρθένῳ

1958 4243 2212 4298 tationem
2237 4244 2489 4301 Christus
2537 4244 2914 4318 Dominusque
2950 4248 3152 4304 evadit:
3183 4257 3237 4305 et
3261 4252 3519 4321 quoniam

274 4332 429 4404 παρὰ
450 4330 545 4384 τοῦ
572 4331 612 4382 Γ
615 4328 811 4400 αὸριὴλ
844 4328 1251 4397 μυσταγωγίας,
1280 4327 1374 4380 καὶ
1404 4328 1461 4379 τὸ
1491 4327 1847 4399 ἀνθρώπινον,

1958 4334 2223 4401 Christus,
2275 4344 2547 4406 quatenus
2604 4337 2769 4393 homo
2815 4350 2952 4403 erat,
3016 4343 3255 4413 preprio,
3290 4351 3350 4396 ut
3421 4343 3524 4399 hu-

276 4422 462 4486 καθὼς
484 4421 733 4493 εἴρηται,
774 4418 982 4490 Ἰησοῦς
1024 4418 1317 4489 ὠνομάσθη
1341 4434 1354 4447 ’
1396 4420 1428 4489 ἡ
1461 4417 1517 4470 δὲ
1542 4418 1659 4471 θεία
1691 4418 1850 4486 φύσις

1958 4441 2131 4482 πωπω
2188 4436 2395 4484 naturae
2436 4432 2815 4493 conveniebat,
2867 4435 3086 4495 nomine
3109 4433 3296 4489 debuit
3342 4436 3526 4507 appel-

275 4514 648 4588 ἀπερίληπτός
688 4515 835 4566 ἐστιν
867 4511 1124 4581 ὀνόματι·
1173 4510 1230 4564 ἓν
1272 4510 1328 4563 δὲ
1372 4512 1440 4563 τὰ
1486 4511 1578 4564 δύο
1621 4510 1708 4563 διὰ
1750 4511 1848 4581 τῆς

1958 4517 2085 4577 lari:
2146 4518 2267 4574 ideo
2319 4519 2627 4575 humanitas
2668 4520 2832 4576 Verbi
2907 4523 2960 4576 in
3052 4523 3223 4579 divini
3278 4527 3522 4595 mysterii

272 4609 627 4681 ἀνακράσεως
654 4605 840 4672 γέγονε
864 4618 880 4635 ο
906 4602 1094 4656 τούτου
1126 4602 1285 4672 χάριν
1310 4602 1402 4655 καὶ
1433 4602 1460 4654 6
1499 4602 1630 4665 Θεὸς
1663 4603 1726 4655 ὲκ
1750 4601 1841 4654 τοῦ

1958 4608 2369 4665 annuntiatione
2396 4626 2426 4664 a
2457 4610 2711 4666 Gabriele
2760 4612 2826 4667 ad
2859 4611 3145 4684 Virginem
3179 4614 3320 4672 facta
3338 4614 3524 4683 Jesus,

270 4699 612 4771 ἀνθρωπίνου
665 4693 1108 4765 κατονομάζεται.
1185 4694 1270 4745 Ἐν
1317 4694 1425 4764 γὰρ
1486 4694 1564 4764 τῷ
1624 4694 1841 4763 ὀνόματι

1958 4700 2036 4754 uti
2089 4702 2347 4768 diximus,
2399 4698 2591 4759 vocata
2630 4705 2770 4771 fuit;
2809 4722 3051 4778 cumque
3083 4708 3267 4763 divina
3328 4718 3521 4764 natura

284 4788 457 4860 Ἰησοῦ
488 4788 594 4839 πᾶν
628 4785 741 4854 (50)
770 4784 898 4852 γόνυ
933 4782 1141 4852 κάμψει
1161 4823 1175 4845 ,
1210 4783 1301 4834 καὶ
1335 4783 1362 4832 6
1392 4780 1675 4852 ἄνθρωπος
1703 4783 1841 4854 ὑπὲρ

1958 4792 2096 4845 nullo
2161 4794 2420 4863 explicari
2498 4797 2718 4852 nomine
2765 4798 2960 4867 possit,
3005 4806 3060 4853 et
3112 4799 3352 4868 alioquin
3413 4799 3524 4853 duo
3634 4848 3639 4855 .

268 4881 380 4932 πᾶν
409 4878 577 4945 δνομα
610 4876 816 4944 γίνεται
839 4914 853 4937 ,
897 4874 1034 4944 ὅπερ
1079 4872 1208 4925 ἴδιόν
1255 4874 1373 4925 ἐστι
1417 4873 1514 4942 τῆς
1549 4873 1798 4942 θεότητος
1820 4914 1836 4937 ,

1958 4898 2041 4945 aer
2111 4885 2545 4958 commistionqu
2604 4904 2769 4942 unum
2832 4888 2969 4959 quid
3030 4889 3211 4943 ﬁant:
3260 4890 3387 4945 hinc
3436 4904 3521 4946 est

267 4972 366 5041 τῆς
392 4967 719 5038 δουλωθῆναι
737 4966 810 5035 μὴ
831 4963 1137 5034 δυναμένης
1165 4964 1267 5015 ὑπό
1298 4979 1440 5025 τινος
1469 4965 1838 5033 ὀνομαστικῆς

1958 4975 2087 5044 quod
2138 4984 2192 5031 et
2235 4975 2373 5033 Deus
2426 4978 2480 5032 in
2528 4978 2749 5034 Christo
2783 4996 2847 5035 ex
2894 4996 2959 5034 eo
3026 4981 3169 5051 quod
3223 4981 3518 5037 humanum

312 5110 386 5162 ."
410 5107 517 5162 lsa.
548 5120 665 5169 LIII,
696 5104 747 5158 ι.
824 5103 869 5134 ⁶⁰
902 5100 1061 5156 Rom.
1090 5119 1141 5165 v,
1164 5102 1247 5156 l9.
1324 5104 1364 5133 "
1398 5101 1629 5174 Philipp.
1660 5120 1721 5168 ιι,
1752 5103 1784 5158 8
1806 5122 1924 5177 sqq.

364 5240 452 5306 42)
482 5238 557 5293 ita
580 5252 750 5299 corn;
782 5245 939 5289 antea
969 5237 1112 5289 enim
1139 5245 1258 5289 erat
1288 5238 1380 5289 καί
1427 5237 1500 5306 μὴ
1533 5240 1846 5308 συνεργείας

313 5241 405 5383 pg:
440 5311 538 5382 τὴν
565 5306 926 5375 κατασκευήν,
954 5306 1241 5361 manifesto
1279 5309 1477 5361 veteris
1523 5309 1729 5361 librarii
1759 5326 1845 5362 er-

266 5329 308 5366 ¹π

1083 5245 1258 5326 prerat
1288 5240 1380 5289 καὶ
1427 5240 1500 5318 μὴ
1524 5240 1846 5326 Housman;

1962 5311 1976 5326 ι
2015 5242 2127 5312 (48)
2166 5240 2290 5296 Haec
2319 5244 2484 5326 verba
2522 5259 2684 5312 super
2723 5244 2830 5299 illis
2858 5244 3023 5326 aliis,
3072 5242 3165 5297 τοῦ
3210 5245 3519 5326 ἀνθρώπου,

440 5311 538 5382 τὴν
565 5306 926 5375 κατασκευήν,
954 5306 1241 5361 manifesto
1279 5309 1477 5361 vetet-is
1523 5306 1729 5361 librarii
1759 5326 1845 5362 er-

1958 5306 2202 5382 ie'more
2237 5314 2456 5382 scripsit
2482 5306 2623 5367 corr.
2652 5332 2665 5379 ;
2702 5321 2967 5367 incertum
2991 5323 3167 5367 tamen
3196 5330 3262 5368 an
3296 5318 3307 5367 i

1944 5311 2030 5365 de
2051 5328 2202 5382 more
2237 5314 2456 5382 scripsit
2482 5311 2623 5367 corr.
2652 5332 2665 5379 ;
2702 5321 2967 5367 incertum
2991 5323 3167 5367 tamen
3196 5330 3262 5368 an
3296 5311 3363 5371 iis
3390 5318 3521 5373 su-b-

1946 5381 2240 5446 stituenda,
2275 5381 2362 5435 an’
2383 5384 2565 5452 potius
2595 5399 2701 5435 una
2726 5398 2849 5435 cum
2875 5382 3078 5436 eisdem
3124 5386 3175 5438 in
3202 5394 3517 5441 contextum

1946 5452 2222 5526 referenda
2257 5468 2378 5506 esse
2409 5454 2714 5526 censuerit;
2751 5453 2844 5508 sed
2871 5454 3078 5509 utrovis
3108 5456 3266 5510 modo
3288 5458 3516 5526 legatur,

1947 5522 2155 5589 integer
2190 5531 2273 5576 est
2302 5524 2540 5577 auctoris
2563 5538 2779 5577 sensus.

2018 5592 2131 5658 (49)
2160 5592 2315 5661 Corr.
2353 5592 2651 5661 γινόμενον.

1944 5660 2398 5785 Αῢεῗὲὶιᾘξῖὺωη
2432 5660 2537 5716 πᾶν
2572 5662 2695 5717 add.
2727 5679 2871 5721 corr.
2904 5664 3142 5737 illudque
3176 5665 3334 5727 habet
3354 5666 3520 5723 etiam

1992 5741 2255 5801 postolus.

266 5396 413 5435 rore.

363 5452 455 5517 45)
490 5450 645 5521 (Sorr.
676 5452 1044 5521 ἀνακράσεως.

359 5523 449 5589 44)
485 5519 641 5574 Corr.
675 5518 880 5575 addidit
901 5520 998 5578 δέ;
1034 5526 1087 5589 et
1115 5534 1236 5572 mox
1271 5519 1357 5589 ἵνα
1384 5518 1491 5572 διά.

358 5587 630 5661 45)(Σοιτ.
674 5591 767 5645 τοῦ
828 5593 916 5644 ὑπ’
967 5587 1271 5661 ἀνθρώπου.
1320 5588 1484 5643 Forte
1534 5589 1839 5659 legendum,

258 5664 355 5715 τοῦ
372 5661 595 5733 πρώτου
619 5661 931 5733 ανθρώπου.

334 5731 444 5799 (46,
481 5733 569 5799 ι7)
604 5731 738 5798 Quae
787 5732 1144 5790 semicirculis

1206 5729 1558 5786 includuntur
1611 5747 1638 5785 a
1696 5746 1837 5785 corr.

260 5810 391 5869 sunt
427 5802 627 5858 addita.
1206 5828 1209 5833 -
