4020 6518
449 396 613 473 ιιι-ι’

1666 410 1722 467 S.
1762 408 2090 466 GBEGORII
2145 406 2436 464 NYSSENI

3574 397 3712 455 H68

448 536 534 587 est
596 522 996 580 denominetur.
1051 519 1109 574 ln
1181 521 1401 575 nomine
1461 520 1607 576 enim
1675 519 1803 576 Jesu
1870 536 2034 575 omne

2154 519 2438 595 rqpasiaq,
2462 518 2529 572 ἶν’
2552 517 2740 588 ὥσπερ
2769 518 2826 570 ὲν
2855 513 2933 587 τῷ
2956 512 3197 585 ταπεινῷ
3226 513 3286 567 τὸ
3324 511 3528 583 ὑψηλὸν
3556 512 3711 580 γίνε-

457 624 597 679 genu
630 608 897 669 ﬂectetur,
949 611 1004 659 et
1042 604 1206 658 homo
1243 613 1330 658 est
1382 619 1556 673 super
1588 619 1752 658 omne
1783 620 1986 659 nomen
2013 644 2028 668 ,

454 699 599 769 quod
661 696 961 751 divinitatis
1014 696 1295 766 proprium
1354 703 1462 760 est,
1512 711 1632 766 quae
1671 698 1804 749 nulli
1857 698 2028 750 deno-

458 787 740 843 minationi
765 786 1011 854 subjecta
1047 801 1169 840 esse
1205 790 1404 854 potest,
1472 793 1531 838 ut
1570 786 2028 855 quemadmodum

458 877 605 949 quod
648 872 885 932 sublime
925 884 1011 931 est
1054 876 1109 930 in
1161 876 1351 930 humili
1416 877 1705 939 subsistit,
1750 878 1822 929 ita
1864 878 2030 931 vicis-

456 970 559 1026 sim
605 968 753 1039 quod
792 968 997 1023 humile
1034 974 1120 1023 est
1160 968 1422 1023 sublimes
1455 968 1815 1037 proprietates
1853 969 2031 1022 susci-

457 1060 589 1129 piat.
644 1058 779 1113 Nam
812 1058 975 1114 sicuti
1038 1072 1136 1127 per
1180 1057 1455 1111 hominem
1505 1055 1763 1112 divinitas
1836 1073 2034 1112 nomen

459 1152 675 1209 obtinet
712 1191 728 1214 .
759 1152 836 1208 ita
887 1166 1051 1221 supra
1082 1165 1281 1206 nomen
1310 1149 1370 1204 lit
1411 1149 1555 1221 quod
1588 1165 1649 1204 es
1685 1150 1871 1204 humili
1895 1158 2039 1204 statu

457 1258 569 1298 una
630 1258 757 1299 cum
802 1242 1088 1297 divinitate
1132 1242 1429 1306 exaltatur,
1482 1249 1538 1295 et
1584 1241 2038 1311 quemadmodum

458 1334 676 1391 servilis
731 1333 921 1389 forma
970 1332 1153 1388 vilitas
1204 1332 1273 1386 ad
1312 1330 1480 1387 Deum
1532 1347 1656 1387 cum
1693 1348 1853 1389 servo
1885 1350 2037 1388 com-

458 1426 685 1481 mistum
735 1423 994 1488 refertur,
1030 1424 1106 1478 ita
1150 1430 1205 1479 et
1255 1422 1526 1487 adoratio,
1581 1440 1703 1495 quae
1746 1440 1776 1479 a
1816 1428 2033 1482 cunctis

460 1514 661 1570 creatis
725 1514 889 1569 rebus
946 1511 1058 1568 Deo
1087 1513 1412 1577 exhibetur,
1475 1513 1540 1568 ad
1591 1528 1711 1567 eum
1753 1514 1844 1585 qui
1907 1530 2030 1570 cum

463 1606 748 1662 divinitate
801 1605 992 1660 unitus
1060 1616 1147 1661 est
1190 1604 1473 1675 dirigitur.
1530 1614 1587 1659 et
1621 1606 1724 1659 hoc
1784 1616 1942 1676 pacto
1977 1609 2032 1663 in

2136 628 2247 675 ται,
2272 610 2443 675 οὕτως
2469 609 2731 681 ἀντιλάϐῃ
2752 608 2812 660 τὸ
2840 607 3095 661 ταπεινὸν
3118 605 3189 659 τά
3218 603 3713 675 ὑψηλάίδιὼματα.

2147 704 2235 766 Ὦς
2276 703 2383 772 γάρ
2433 702 2522 755 διὰ
2557 701 2653 754 τοῦ
2697 699 2983 771 ἀνθρώπου
3034 698 3360 769 ὀνομάζεται
3406 699 3439 767 ἡ
3475 694 3671 765 θεότης
3696 734 3715 760 ,

2137 794 2307 856 οὕτως
2341 794 2478 864 ὑπὲρ
2510 792 2681 863 ὄνομα
2710 794 2918 861 γίνεται
2948 791 3008 844 τδ
3039 792 3103 843 ἐκ
3151 790 3247 843 τοῦ
3292 786 3549 842 ταπεινοῦ
3590 804 3720 840 συν-

2099 900 2103 904 ‘
2139 884 2375 953 επαρθὲν
2408 886 2473 953 τῇ
2521 882 2765 952 θεότητι’
2798 881 2892 934 καὶ
2919 880 3107 949 ὥσπερ
3138 880 3172 949 ἡ
3199 878 3388 948 ἀτιμία
3408 879 3508 947 τῆς
3536 876 3714 929 δουλι-

2139 974 2241 1043 κῆς
2272 974 2483 1043 μορφῆς
2508 972 2587 1034 είς
2632 971 2723 1023 τὸν
2749 969 2880 1023 Θεὸν
2907 968 2996 1021 τὸν
3034 967 3410 1039 ἀνακραθέντα
3440 965 3521 1036 τῷ
3542 964 3717 1035 δούλῳ

2136 1067 2234 1138 τὴν
2279 1062 2555 1134 ἀναφορὰν
2599 1061 2748 1131 ἔχει,
2779 1058 2951 1123 οὕτως
2994 1059 3087 1112 καὶ
3127 1059 3161 1129 ἡ
3206 1056 3574 1126 προσκύνησις
3619 1055 3723 1123 τῆς

2139 1159 2389 1229 θεότητος
2409 1198 2423 1222 ,
2453 1157 2485 1225 ἡ
2520 1156 2670 1227 παρὰ
2701 1155 2881 1225 πάσης
2914 1152 3143 1215 κτίσεως
3184 1147 3601 1221 προσαγομένη,
3642 1143 3722 1215 τῷ

2141 1250 2389 1303 ὲνωθέντι
2418 1251 2554 1320 πρὸς
2581 1248 2681 1319 τὴν
2710 1246 2939 1315 θεότητα
2964 1244 3195 1313 γίνεται,
3232 1239 3525 1309 καὶ-οὓτως
3553 1240 3613 1291 ὲν
3640 1235 3723 1307 τῷ

2139 1340 2361 1408 ὀνόματι
2404 1336 2577 1407 Ἰησοῦ
2611 1335 2849 1409 Χριστοῦ
2884 1335 2993 1388 πᾶν
3036 1333 3165 1402 γόνυ
3206 1332 3446 1401 κάμπτει
3476 1330 3720 1396 ἐπουρα-

2137 1428 2264 1481 νίων
2294 1429 2389 1482 καὶ
2425 1428 2537 1497 (51)
2576 1426 2834 1495 ἐπιγείων
2880 1426 2975 1478 καὶ
3008 1423 3402 1493 καταχθονίων,
3434 1422 3529 1473 καὶ
3569 1420 3725 1471 πάσα

2140 1518 2359 1587 γλῶσσα
2392 1517 2864 1589 ἐξομολογήσεται,
2898 1516 2978 1568 ὅτι
3012 1514 3216 1585 Κύριος
3249 1511 3455 1584 Ἰησοῦς
3482 1509 3723 1582 Χριστὸς

2139 1615 2219 1675 εἰς
2244 1611 2400 1678 δόξαν
2425 1611 2559 1664 Θεοῦ
2591 1608 2825 1679 Πατρός.
2870 1608 3061 1676 Ἀμήν.

462 1699 684 1753 nomine
754 1697 884 1754 ’95“
945 1697 1151 1755 (Ἇπίδιί
1218 1714 1379 1754 omne
1458 1714 1599 1769 Ben“
1654 1697 1910 1765 Πθοῑίῑυνο
1964 1707 2289 1771 caelestium,
2342 1707 2684 1760 terrestrium
2723 1710 2776 1756 et
2820 1701 3180 1760 infernorum,
3227 1705 3283 1752 et
3344 1695 3525 1751 omnis
3607 1692 3724 1747 lin-

468 1804 572 1855 gua
609 1790 962 1847 conﬁtebitur
1012 1792 1142 1863 quia
1189 1790 1451 1848 Dominus
1495 1791 1655 1847 Jesus
1686 1792 1939 1850 Christus
1981 1795 2035 1850 in
2074 1799 2245 1869 gloria
2304 1807 2388 1853 est
2446 1796 2537 1852 Dei
2591 1794 2768 1848 Patris
2792 1793 2863 1849 η.
2910 1791 3104 1846 Amen.

535 1879 698 1937 XXII.
754 1882 859 1940 Sed
920 1883 1085 1938 veluti
1119 1882 1186 1939 de
1257 1884 1552 1954 semetipso
1601 1884 1954 1948 erubescens.
1985 1897 2039 1943 et
2073 1900 2113 1954 Β

467 1990 579 2043 prae
606 1990 829 2030 suorum
853 1974 1124 2031 dictorum
1151 1974 1372 2045 ineptiis
1399 1975 1605 2045 pudore
1632 1976 1856 2033 ail‘ectus
1876 1981 2043 2049 Apol-

467 2065 679 2130 linaris,
700 2067 1017 2122 subvertere
1046 2064 1470 2136 quodammodo,
1498 2082 1620 2136 qua:
1666 2070 1835 2124 variis
1871 2085 2038 2141 argu-

469 2155 668 2211 mentis
697 2164 1024 2219 astruxerat,
1088 2168 1265 2224 neque
1307 2154 1362 2209 in
1396 2154 1535 2210 Filio
1569 2158 1728 2211 aliam
1763 2160 2040 2215 hominum

470 2245 884 2301 similitudinem
910 2260 1075 2315 quam
1106 2245 1460 2310 adventitiam
1491 2246 1778 2304 admittere
1806 2250 1941 2305 velle
1966 2251 2047 2305 vi-

470 2335 654 2389 detur.
710 2336 803 2389 Ait
855 2336 1002 2391 enim
1033 2349 1049 2387 :
1088 2333 1221 2390 Ecce
1286 2336 1521 2403 eiusdem
1542 2336 1672 2392 Jesu
1705 2338 1902 2394 Christi
1928 2357 2046 2395 cum

474 2426 638 2481 Patre
657 2426 934 2498 inqualitas
959 2429 1329 2497 prwexsistens
1361 2439 1411 2484 et
1434 2446 1552 2484 cum
1578 2431 1876 2486 hominibus
1906 2434 2048 2487 simi-

478 2514 647 2568 litudo
697 2517 1079 2584 superveniens.
1120 2512 1322 2571 Eorum
1378 2533 1499 2588 quae
1565 2529 1725 2574 antea
1769 2520 1905 2574 dixit
1933 2537 2049 2591 poe-

479 2609 656 2661 nitere
682 2607 920 2672 videtur,
975 2616 1030 2663 et
1062 2609 1269 2664 utinam
1304 2610 1406 2664 hoc
1438 2609 1609 2674 ﬂeret,
1646 2610 1808 2665 modo
1851 2614 2049 2667 absur-

476 2699 603 2751 dam
659 2698 970 2769 opinionem
1025 2715 1091 2755 ex
1120 2700 1303 2755 animo
1360 2701 1678 2765 dimitteret,
1736 2712 1788 2757 et
1840 2719 1939 2758 nos
1981 2705 2049 2759 ab

473 2791 596 2860 ejus
633 2792 1007 2849 confutatione
1034 2793 1445 2850 desisteremus.
1478 2793 1582 2850 Sed
1613 2812 1677 2850 ex
1710 2796 1794 2851 his
1826 2812 1945 2866 quae
1973 2798 2051 2851 fa-

475 2884 552 2937 cit
612 2890 837 2953 apparet
888 2898 982 2953 per
1014 2884 1211 2939 bonam
1245 2900 1408 2956 quam
1455 2886 1508 2939 in
1546 2886 1631 2941 his
1667 2902 1776 2956 prae
1832 2903 1892 2943 se
1948 2887 2053 2944 fert

477 2980 714 3027 mentem
757 2972 862 3029 sibi
902 2973 967 3028 ad
1002 2974 1225 3030 alteram
1259 2975 1650 3031 absurditatem
1692 2978 1893 3047 gradus
1938 2994 2053 3033 mo«

478 3065 586 3119 liri.
620 3065 699 3118 Ita
723 3065 867 3118 enim
889 3065 955 3119 ad
984 3066 1207 3121 verbum
1237 3072 1330 3130 alt,
1358 3064 1425 3119 Et
1452 3066 1577 3136 quid
1608 3066 1689 3121 his
1719 3068 2052 3137 manifestius

479 3155 549 3208 ad
598 3156 995 3223 ostendendum,
1052 3173 1157 3213 non
1204 3159 1430 3212 alterum
1469 3176 1586 3213 cum
1632 3160 1800 3213 altera
1846 3162 2052 3215 unitum

2222 1890 2362 1945 Ἀλλ’
2388 1889 2583 1952 ἔοικεν,
2616 1882 2726 1941 οἷον
2754 1884 3093 1957 ὲπερυθριῶν
3114 1881 3276 1945 αὐτὸς
3303 1879 3500 1952 ἑαυτῷ,
3535 1880 3630 1933 καὶ
3657 1884 3725 1952 τῇ

2142 1981 2338 2051 ἀτοπίᾳ
2369 1980 2477 2033 τῶν
2505 1978 2807 2050 εἰρημένων
2836 1976 3291 2047 ὲπαισχυνόμενος
3312 2013 3328 2038 ,
3374 1972 3729 2028 ἀνατίθεσθαι

2142 2071 2337 2142 τρόπον
2352 2069 2473 2124 τινὰ
2485 2068 2550 2122 τὰ
2564 2066 3161 2137 κατεσκευασμένα,καὶ
3181 2063 3597 2135 ἐπιγεννητικὴν
3612 2064 3728 2130 (52)

2144 2162 2236 2216 τοῦ
2274 2160 2406 2215 Υίοῦ
2445 2161 2542 2232 τὴν
2580 2160 2715 2228 πρὸς
2754 2159 2878 2221 τοὺς
2909 2156 3229 2228 ἀνθρώπους
3260 2156 3554 2226 ὁμοιότητα
3597 2154 3724 2224 βού-

2143 2255 2333 2309 λεσθαι
2362 2251 2790 2316 κατασκευάζειν
2817 2251 2950 2320 (55).
2969 2250 3108 2321 Φησὶ
3138 2249 3268 2321 γὰρ,
3308 2248 3454 2303 Ἰδοὺ
3487 2248 3595 2302 τοῦ
3624 2249 3734 2301 αὺ-

2145 2347 2251 2401 ⁴τοῦ
2290 2345 2499 2415 Ἰησοῦ
2546 2344 2803 2412 Χριστοῦ
2834 2344 2871 2409 ἡ
2898 2342 3041 2409 πρὸς
3073 2341 3305 2409 Πατέρα
3337 2342 3543 2405 ἰσότης
3571 2357 3721 2409 προ-

2145 2434 2531 2504 ὒπάρχουσα,
2560 2435 2598 2502 ἠ
2633 2433 2782 2501 πρὸς
2805 2431 3152 2499 ἀνθρώπους
3177 2432 3449 2499 ὁμοιότης
3474 2430 3735 2497 ἐπιγινο-

2142 2530 2295 2600 μένη
2332 2528 2467 2599 (54).
2497 2524 2940 2594 Μεταγινώσκειν
2971 2523 3115 2575 ἔοικε
3141 2523 3232 2575 ἐπὶ
3250 2524 3360 2583 τοῖς
3386 2520 3727 2593 εἰρημένοις,

2148 2622 2243 2675 καὶ
2265 2619 2486 2673 ποιείτω
2514 2635 2577 2687 γε
2608 2616 2763 2671 τοῦτο
2780 2660 2794 2682 ,
2827 2616 2985 2687 μόνον
3008 2613 3117 2668 ἀπὸ
3140 2613 3368 2685 καρδίας
3391 2613 3492 2684 τῆς
3523 2612 3733 2665 ἀτόπου

2148 2712 2307 2783 δόξης
2340 2710 2824 2782 μεταϐαλλόμενος,
2866 2708 2958 2760 καὶ
2983 2708 3143 2777 ἡμεῖς
3174 2705 3283 2757 τῶν
3327 2705 3568 2774 ἐλέγχων
3593 2721 3735 2755 παυ-

2152 2802 2373 2873 σόμεθα.
2419 2798 2580 2853 ’Λλλά
2606 2798 2753 2852 δοκεῖ
2782 2796 2851 2849 δι’
2886 2784 2960 2848 ὧν
2989 2796 3148 2850 ποιεῖ.
3186 2792 3352 2862 ἄλλης
3385 2792 3621 2854 ἀτοπίας
3640 2788 3733 2849 διά

2150 2896 2252 2965 τῆς
2284 2898 2341 2948 ὲν
2367 2893 2579 2954 τούτοις
2600 2888 3019 2959 εὐγνωμοσύνης
3046 2884 3144 2948 τὰς
3178 2884 3431 2955 ἀφορμὰς
3458 2881 3735 2936 καταϐάλ-

2151 2984 2355 3037 λεσθαι.
2379 2983 2515 3054 Φησὶ
2546 2982 2602 3035 δὲ
2624 2980 2798 3042 οὕτως
2820 2977 2961 3031 κατὰ
2982 2977 3076 3046 τὴν
3105 2974 3269 3039 λέξιν,
3302 2974 3407 3028 Καὶ
3427 2974 3484 3026 τί
3505 2974 3736 3026 τούτων

2153 3072 2549 3141 σαφέστερον,
2581 3072 2668 3135 είς
2698 3069 2766 3121 τὸ
2794 3067 2878 3137 μὴ
2917 3066 3116 3133 ἕτερον
3156 3064 3282 3133 μεθ’
3326 3063 3530 3129 ἐτέρου
3560 3058 3732 3120 εἶναι,

2158 3168 2305 3220 Θεὸν
2324 3163 2553 3219 τέλειον
2566 3163 2715 3232 μετὰ
2735 3160 2968 3214 τελείου
2988 3156 3302 3224 ἀνθρώπου
3320 3171 3339 3219 ;
3364 3155 3485 3208 Ὅτι
3506 3153 3608 3223 μὲν
3625 3152 3734 3223 (55)

477 3263 612 3311 esse,
642 3247 740 3301 hoc
767 3257 865 3309 est,
892 3248 1177 3317 perfectum
1204 3248 1372 3304 Deum
1403 3266 1520 3304 cum
1552 3251 1780 3320 perfecto
1802 3251 2049 3306 homine?

2155 3254 2246 3312 οὖν
2293 3256 2411 3309 οὐδὲ
2445 3255 2572 3327 μίαν
2614 3251 2898 3307 κοινωνίαν
2930 3252 2957 3302 ό
2984 3249 3141 3317 λόγος
3170 3240 3322 3309 οὗτος
3352 3246 3463 3316 ἔχει
3501 3245 3637 3316 πρὸς
3668 3246 3736 3299 τά

482 3337 627 3393 Sane
656 3354 965 3395 sermonem
1006 3340 1151 3395 hunc
1210 3342 1414 3395 nullam
1447 3358 1569 3396 cum
1624 3344 2054 3412 praecedentibus

481 3430 881 3485 connexionem
917 3432 1139 3498 habere,
1174 3434 1384 3488 clarum
1418 3435 1606 3504 utique
1648 3436 1752 3490 erit
1784 3436 1849 3491 iis
1881 3437 2056 3490 omni-

487 3523 590 3575 bus
635 3521 731 3591 qni
771 3522 1097 3592 scriptorum
1130 3533 1363 3579 mentem
1405 3526 1623 3595 assequi
1678 3528 1878 3582 sciunt.
1909 3527 2057 3592 Quo-

488 3610 654 3665 modo
703 3612 848 3666 enim
890 3615 1272 3684 praeexsistens
1301 3618 1583 3686 aequalitas
1612 3634 1737 3673 cum
1792 3618 1974 3679 Patre.
2003 3630 2057 3675 et

486 3701 785 3758 similitudo
801 3719 924 3760 cum
948 3705 1262 3763 hominibus
1280 3709 1695 3779 superveniens,
1714 3690 2061 3781 quemadmo

497 3796 617 3850 lum
643 3795 790 3866 loqui
840 3806 1008 3863 amat,
1035 3799 1189 3853 illum
1221 3801 1445 3855 minime
1469 3800 1774 3871 perfectum
1804 3818 1927 3857 esse
1960 3804 2059 3856 ho-

508 3888 690 3944 ninem
715 3889 975 3952 ostendit,
1022 3905 1120 3960 per
1162 3906 1324 3961 quem
1383 3891 1669 3961 perfectus
1716 3892 1855 3949 Deus
1902 3894 2062 3951 hmno

496 3978 668 4035 hctus
697 3981 817 4035 est?
838 3980 1069 4037 Perinde
1094 3984 1239 4037 enim
1273 3990 1358 4039 est
1389 3998 1451 4037 ac
1476 3985 1521 4039 si
1555 3986 1679 4055 quis
1709 3986 1914 4041 distare
1948 4002 2061 4041 cm-

491 4069 601 4123 lum
648 4085 679 4124 a
709 4077 856 4125 terra
895 4071 1107 4136 dicens,
1136 4072 1333 4129 deinde
1362 4089 1427 4129 ex
1480 4090 1545 4129 eo
1567 4075 1909 4131 manifestum
1949 4077 2064 4132 ﬁeri

489 4168 722 4225 asserat,
757 4163 977 4230 gravius
1006 4171 1202 4219 stanno
1229 4164 1284 4218 in
1325 4167 1521 4235 aequali
1583 4167 1723 4221 mole
1784 4168 2065 4237 plumbum

490 4270 636 4318 esse,
669 4262 724 4307 et.
750 4255 1069 4324 gravitatem
1096 4255 1236 4310 idem
1252 4271 1372 4312 esse
1398 4272 1461 4311 ac
1483 4258 1606 4318 caeli
1637 4274 1665 4311 a
1699 4267 1839 4313 terra
1861 4260 2069 4315 distan-

491 4347 617 4400 tiam
654 4345 961 4402 existimet:
992 4348 1074 4402 sic
1106 4348 1475 4418 imperfectam
1501 4364 1622 4405 esse
1652 4350 2066 4420 humanitatem,

489 4450 587 4507 per
611 4450 773 4505 quam
809 4447 1017 4492 natura:
1065 4446 1269 4493 nostrae
1300 4441 1572 4511 particeps
1615 4440 1847 4497 efficitur
1886 4444 2066 4509 Deus,

490 4541 652 4581 nemo
678 4542 916 4596 unquam
947 4530 1145 4585 dixerit
1165 4547 1229 4585 ex
1259 4547 1324 4587 eo
1351 4533 1736 4595 demonstrari,
1763 4536 1908 4606 quod
1945 4535 2064 4593 Filii

490 4634 615 4675 cum
648 4620 961 4675 hominibus
992 4622 1400 4679 similitudinem
1432 4627 1500 4681 de
1528 4644 1668 4682 novo
1697 4629 1745 4683 ei
1779 4630 2066 4686 adi/vnisse

492 4712 847 4767 concedatur.
897 4712 1003 4769 Sed
1035 4715 1313 4786 impietate
1343 4727 1508 4788 atque
1540 4720 1769 4774 stultitia
1807 4720 2065 4791 hujusce-

493 4805 641 4858 modi
702 4804 981 4875 opinionis
1009 4805 1435 4863 demonstranda
1476 4813 1756 4882 paulisper
1808 4828 2063 4882 superse-

2156 3348 2486 3421 προάγοντα,
2523 3343 2754 3415 φανερὸν
2796 3342 2860 3395 ἂν
2908 3339 2995 3410 εἴη
3043 3340 3176 3392 πᾶσι
3208 3340 3320 3400 τοῖς
3350 3336 3740 3405 ἐπισταμένοις

2156 3439 2382 3495 ἔπεσθαι
2412 3438 2575 3508 λόγῳ.
2601 3436 2724 3499 Πῶς
2750 3435 2860 3506 γάρ
2885 3432 3263 3487 ἀποδείκνυσιν
3282 3432 3316 3499 ἠ
3350 3429 3485 3500 πρὸς
3516 3428 3735 3500 Πατέρα

2161 3531 2343 3601 ἰσότης
2370 3528 2816 3599 προϋπάρχουσα,
2851 3525 2945 3579 καὶ
2980 3526 3013 3594 ἡ
3052 3523 3185 3595 πρὸς
3211 3520 3526 3592 ἀνθρώπους
3558 3521 3741 3591 61.1.926-

2159 3643 2261 3695 της
2310 3622 2693 3693 ἐπιγινομένη,
2739 3618 2921 3681 καθὼς
2962 3616 3120 3678 αὑτός
3155 3632 3322 3686 φησι,
3371 3614 3431 3666 τὺ
3483 3614 3558 3683 μὴ
3600 3606 3741 3665 εἶναι

2159 3717 2440 3787 ἄνθρωπον
2472 3714 2693 3775 τέλειον,
2734 3710 2800 3764 δι’
2826 3702 2886 3764 οὗ
2915 3712 2943 3763 ό
2980 3708 3181 3768 τέλειος
3215 3706 3347 3769 Θεὸς
3378 3702 3740 3776 ὲνηνθρὼπη-

2164 3827 2288 3873 σεν;
2317 3810 2536 3879 Ὅμοιον
2557 3807 2667 3877 γάρ
2695 3804 2881 3873 ὥσπερ
2910 3802 2976 3855 ἂν
3004 3801 3057 3855 εἴ
3091 3818 3173 3864 τις
3200 3797 3499 3869 ἀφεστάναι
3531 3796 3622 3848 τδν
3653 3795 3745 3847 οὑ-

2165 3901 2322 3973 ρανὸν
2359 3900 2457 3970 τῆς
2489 3899 2589 3969 γῆς
2614 3897 2807 3965 λέγων,
2834 3894 3022 3946 ἔπειτα
3047 3892 3133 3945 διὰ
3166 3889 3369 3944 τούτων
3405 3890 3547 3941 εἴποι
3577 3902 3745 3954 φανε-

2168 3992 2258 4063 ρδν
2292 3988 2535 4058 γίνεσθαι
2564 3988 2626 4041 τὸ
2669 3985 2961 4058 βαρύτερον
3001 3978 3138 4036 εἶναι
3184 3982 3277 4034 τοῦ
3309 3978 3634 4047 κασσιτέρου
3685 3976 3744 4028 ὲν

2166 4086 2266 4155 ῐσῳ
2300 4081 2454 4152 σηκῷ
2485 4078 2594 4148 (56)
2632 4079 2722 4133 τὸν
2759 4076 3037 4148 μόλυϐδον,
3074 4075 3168 4127 καὶ
3208 4073 3369 4143 βάρος
3402 4069 3612 4138 νομίσει
3644 4067 3745 4137 τὴν

2169 4173 2428 4245 οὐρανίαν
2468 4172 2766 4226 ἀπόστασιν
2793 4186 2805 4198 ·
2838 4167 3011 4229 οὕτως
3039 4166 3159 4219 οὐδὲ
3187 4165 3244 4217 τὸ
3274 4162 3486 4225 ἐλλιπὲς
3525 4162 3625 4230 τῆς
3652 4160 3747 4212 ἀν-

2169 4266 2523 4337 θρωπότητος
2544 4303 2556 4323 ,
2587 4262 2652 4314 δι’
2679 4256 2745 4332 ἦς
2770 4262 2827 4312 ὲν
2849 4261 2914 4330 τῇ
2946 4257 3102 4328 φύσει
3133 4258 3165 4326 ἡ
3176 4255 3288 4327 μῶν
3309 4256 3337 4306 ὁ
3361 4253 3490 4315 Θεὸς
3511 4252 3743 4318 γίνεται,

2168 4357 2310 4409 εἴποι
2344 4371 2427 4417 τις
2468 4352 2535 4406 ἂν
2582 4347 2997 4404 ἀποδείκνυσθαι
3044 4349 3107 4397 ὲκ
3132 4344 3224 4397 τοῦ
3253 4338 3748 4411 ὲπιγεννηματικὴν

2169 4443 2544 4518 ὁμολογεῖσθαι
2565 4443 2663 4511 τὴν
2685 4441 2821 4509 πρὸς
2840 4437 3158 4509 ἀνθρώπους
3174 4435 3266 4489 τοῦ
3284 4433 3414 4487 Υἱοῦ
3432 4433 3747 4503 ὁμοιότητα.

2184 4535 2345 4590 Ἀλλά
2371 4533 2469 4603 τὴν
2500 4532 2599 4603 μὲν
2624 4531 2876 4584 ἀσέϐειάν
2902 4546 2956 4581 τε
2989 4528 3083 4580 καὶ
3114 4526 3211 4597 τὴν
3237 4527 3415 4580 ἄνοιαν
3440 4525 3538 4593 τῆς
3568 4524 3753 4575 τοιαύ-

2171 4646 2271 4700 της
2291 4625 2611 4695 ὑπολήψεως
2642 4621 2925 4686 ὲπιδεῖξαι,
2962 4618 3155 4691 μικρὸν
3178 4616 3577 4687 ὑπερθήσομαι.
3611 4615 3748 4666 Νυνὶ

2170 4722 2225 4775 δὲ
2263 4719 2495 4791 καθεξῆς
2527 4720 2638 4781 τοῖς
2677 4714 3085 4785 γεγραμμένοις
3126 4712 3267 4766 κατὰ
3294 4708 3436 4774 λέξιν
3474 4705 3749 4762 διευθῦναι

2169 4815 2261 4868 τὸν
2287 4814 2444 4882 λόγον
2490 4810 2858 4881 πειράσομαι,
2901 4808 3110 4877 ὅσαπερ
3156 4804 3221 4858 ἂν
3251 4802 3476 4857 ὑπαίτια
3516 4799 3657 4852 κατά
3689 4798 3753 4850 τὺ

492 4899 682 4955 debo:
744 4914 891 4954 nunc
944 4910 1123 4955 autem
1158 4916 1278 4971 quae
1330 4902 1591 4973 deinceps
1648 4905 1716 4959 ab
1765 4920 1831 4958 eo
1861 4904 2053 4973 scripta

2165 4907 2454 4978 πρόχειρον
2578 4902 2717 4970 Φησὶ
2745 4900 2854 4972 γὰρ
2902 4900 2975 4970 μὴ
3008 4893 3146 4950 εἶναι
3191 4896 3322 4949 Θεδν
3358 4894 3564 4948 τέλειον
3612 4891 3752 4962 μετά

494 5000 625 5045 sunt
652 4991 720 5045 ad
750 4991 976 5047 verbum
999 5008 1352 5064 persequens.
1377 4994 1495 5063 ejus
1517 5004 1808 5049 tractatum
1831 4996 2070 5050 refutare

494 5085 760 5149 conabor,
810 5084 902 5139 ubi
955 5092 1137 5140 tamen
1188 5085 1244 5141 in
1289 5096 1540 5157 promptu
1572 5095 1654 5142 est
1704 5089 1848 5157 quod
1886 5089 2071 5142 redar-

566 5220 611 5251 "
628 5218 856 5290 Philipp.
884 5234 948 5283 ιι,
979 5219 1066 5275 10.

532 5354 537 5361 ’
568 5355 679 5427 (51)
714 5353 996 5427 Particula
1023 5353 1136 5407 hate
1169 5366 1292 5405 cum
1342 5346 1593 5419 sequenti
1643 5348 1840 5404 additae
1877 5357 2005 5404 sunt
2048 5364 2077 5403 a

500 5442 640 5482 corr.
662 5425 722 5480 et
745 5434 958 5481 exstant
987 5425 1039 5477 in
1066 5438 1225 5478 sacro
1256 5430 1426 5475 textu.

570 5496 681 5561 (5‘2)
717 5493 899 5549 Secuti
935 5494 1020 5548 hic
1041 5509 1231 5548 sumus
1256 5506 1401 5545 corr.
1425 5490 1880 5545 emendationem.
1904 5506 2075 5561 quam

502 5559 671 5620 veluti
698 5581 763 5620 ex
791 5565 912 5635 ejus
942 5564 1157 5634 ingenio
1178 5562 1509 5635 profectam,
1542 5562 1593 5635 in
1637 5577 1823 5635 Inarg._
1851 5559 2077 5635 adnota-

504 5638 578 5686 vit
610 5639 709 5690 hoc
738 5630 1139 5705 paétO'yp:_xo.'t.
1173 5634 1621 5705 ὲπιγεννητικήνς
1664 5646 1786 5683 nam
1812 5630 1864 5682 in
1894 5631 2076 5705 operis

502 5700 757 5759 t-nntextu
793 5700 1056 5766 ενειζκαὶ
1086 5700 1441 5772 δογματικήν,
1471 5704 1640 5767 nullo,
1681 5710 1737 5755 ut
1794 5707 1961 5771 putet,
1995 5700 2077 5755 vel

504 5776 570 5830 ad
602 5776 783 5829 minus
815 5791 1003 5844 parum
1035 5774 1406 5844 oliviosmtsu.

573 5845 688 5915 (55)
717 5842 871 5902 Cor—r.
909 5842 1331 5899 κατασκευάσαι.

2175 4996 2461 5068 ἀνθρώπου
2488 4993 2713 5048 τελείου.
2744 4991 2893 5054 Τέως
2923 4987 3153 5042 ἐνταῦθα
3175 4987 3400 5057 πότερον
3435 4985 3546 5055 (57)
3582 4981 3753 5049 ἀτιλῆ

2176 5091 2284 5146 τῶν
2313 5087 2616 5161 εἰρημένων
2642 5083 2942 5154 ὠνόμασεν,
2969 5082 3180 5151 ἀφῆκεν
3201 5077 3519 5151 ἀμφίϐολον,
3551 5074 3646 5130 καὶ
3674 5072 3756 5144 τῷ

2257 5348 2454 5415 (Stlln
2475 5359 2730 5407 contextu
2773 5348 3053 5411 scribitur,
3108 5348 3287 5418 ἰσότης
3330 5344 3668 5418 ὑπάρχουσα,
3724 5344 3756 5407 ἠ

2183 5424 2320 5492 πρὸς
2345 5422 2665 5493 ἀνθρώπους
2694 5419 3067 5493 ἐπιγινομένη.
3106 5418 3209 5473 Sed
3245 5416 3422 5472 salsius
3463 5416 3639 5493 visum
3679 5424 3759 5467 est

2184 5485 2327 5547 corr.
2360 5485 3002 5558 emendationemseqtii,
3035 5485 3225 5557 utpote
3256 5504 3375 5558 qua:
3433 5485 3593 5555 paulo
3641 5494 3763 5554 post

2184 5562 2237 5615 in
2268 5564 2387 5629 ipso
2412 5564 2572 5615 etiam
2603 5570 2854 5615 contextu
2889 5561 3206 5629 retineatur.

2255 5624 2366 5701 (ἐπὶ)
2397 5630 2553 5686 Corr.
2586 5633 2794 5686 addidit
2824 5639 2964 5701 part.
2992 5624 3103 5686 οὖν.

2254 5703 2368 5765 (5'6)
2397 5704 2553 5772 (ρει-ι’.
2590 5702 2756 5772 ὄγκῳ.

2254 5772 2367 5843 (57)
2397 5770 2555 5828 Corr.
2578 5770 2732 5827 ὁπότε
2740 5790 2851 5845 ρον.
