4020 6520
304 368 445 425 M69

1436 354 1811 416 ADVERSUS
1841 350 2354 412 APOLLINABEM.

3414 339 3551 395 II'TD

301 487 485 556 ἀδήλῳ
526 482 620 537 τοῦ
662 482 1058 555 σημαινομένου
1100 482 1236 554 πρὸς
1277 480 1536 551 ἑκάτερον
1587 479 1785 549 ὲπίσηίῗ
1838 477 1871 546 ἡ

1992 488 2137 545 ςυειιι
2174 472 2293 526 :ait
2343 469 2489 525 enim
2521 483 2632 523 non
2688 480 2812 524 esse
2845 465 3014 521 Deum
3069 460 3372 533 perfectum
3425 462 3551 513 cum

274 579 510 634 ἒδιάνοια
539 576 745 647 βλέπει,
768 575 865 628 καὶ
895 574 995 628 οὐκ
1026 572 1173 627 ἔστιν
1213 572 1274 638 ἐξ
1303 565 1378 626 ὧν
1408 572 1721 642 ἠκούσαμεν
1750 568 1879 638 περ).

280 673 425 734 ,τίνα
463 670 704 742 νομίζειν
737 669 847 737 (58)
887 666 948 721 τὸ
988 666 1179 730 ἀτελὲς
1213 664 1566 736 διδαχθῆναι,
1614 662 1743 733 περὶ
1787 659 1880 714 τὸν

303 764 459 827 Θεὸν,
485 762 519 834 ἢ
544 762 631 815 τὸν
657 760 961 832 ἄνθρωπον,
988 758 1022 831 ἢ
1052 759 1146 813 καὶ
1176 757 1304 830 περὶ
1336 756 1659 828 ἀμφοτέρων
1682 754 1745 807 τὸ
1764 748 1881 806 ῐσον

302 854 493 911 cfs-rat.
536 852 705 907 Αὑτὸν
743 848 882 905 εἶναι
952 851 1087 923 φησὶ
1137 848 1250 920 (59)
1285 846 1419 902 Θεὸν
1450 847 1548 918 μὲν
1579 846 1879 916 πνεύματι,

230 958 235 961 ’
304 947 401 1018 τὴν
447 946 541 1000 τοῦ
575 944 710 1001 Θεοῦ
753 944 913 1012 δόξαν
965 943 1190 1013 ἔχοντα·
1241 940 1527 1013 ἄνθρωπον
1566 939 1625 993 δὲ
1668 938 1882 1008 σώματι

303 1038 403 1110 τὴν
426 1037 534 1091 τῶν
577 1034 878 1107 ἀνθρώπων
904 1035 1087 1102 ἄδοξον
1126 1034 1437 1107 φορέσαντα
1478 1031 1713 1103 μορφήν.
1746 1025 1883 1082 Εἷπε

303 1130 456 1193 Θεὸν,
484 1125 605 1182 εἶπε
623 1129 715 1183 κα)⁸
736 1128 1038 1199 ἄνθρωπον·
1071 1126 1302 1198 φανερὸν
1321 1124 1378 1179 δὲ
1399 1126 1554 1187 πᾶσι,
1573 1125 1657 1177 ὅτι
1687 1121 1798 1192 (60)
1822 1122 1882 1175 οὐ

304 1221 471 1276 ταὺτὸ
508 1219 616 1274 τῶν
647 1220 925 1290 ὀνομάτων
975 1219 1179 1273 τούτων
1202 1219 1261 1272 τὸ
1301 1216 1733 1289 σημαινόμενον·
1769 1214 1883 1267 ἀλλ’

308 1314 439 1378 ῐδιος
460 1313 559 1386 μὲν
581 1315 609 1365 6
624 1313 722 1383 τῆς
744 1312 1014 1383 θεότητος,
1036 1311 1218 1382 ἕτερος
1238 1310 1293 1364 δὲ
1312 1312 1340 1364 ὀ
1356 1309 1453 1379 τῆς
1469 1307 1566 1362 ἀνθ
1573 1307 1887 1379 ρωπότητος

306 1404 701 1478 ἑρμηνευτικός
740 1405 856 1457 ἐστι
885 1403 1062 1472 λόγος.
1104 1402 1237 1466 Θεὸς
1278 1400 1378 1472 μὲν
1409 1400 1519 1472 γάρ
1555 1400 1671 1452 ἐστι
1701 1398 1761 1450 τὸ
1801 1396 1889 1450 ἀεὶ

304 1495 567 1560 ὡσαύτως
596 1496 717 1566 ἕχον
751 1496 966 1549 πάντων
997 1492 1217 1563 ἀγαθῶν
1250 1494 1443 1558 αἴτιον,
1469 1490 1594 1546 οὕτε
1621 1490 1751 1544 ποτὲ
1775 1488 1887 1560 (61)

310 1587 499 1660 μὴ.δν,
535 1587 659 1642 οὔτε
700 1586 829 1641 ποτὲ
862 1587 937 1657 μὴ
967 1586 1253 1655 ἐσόμενον·
1284 1583 1571 1654 ἄνθρωπος
1592 1581 1649 1634 δὲ
1677 1580 1788 1651 (62)
1818 1580 1889 1633 τὰ

310 1679 409 1751 μὲν
438 1678 574 1733 ἄλλα
612 1678 891 1747 συγγενῶς
920 1677 1055 1748 πρὸς
1086 1677 1186 1747 τὴν
1218 1675 1329 1729 τῶν
1350 1674 1562 1743 ἀλόγων
1589 1672 1751 1743 φύσιν
1777 1671 1891 1725 διά-

306 1786 507 1835 κειται,
543 1770 637 1825 καὶ
677 1769 765 1825 διὰ
803 1769 1002 1841 σαρκὸς
1028 1768 1123 1822 καὶ
1152 1767 1455 1840 αἰσθήσεως
1497 1765 1889 1837 παραπλησίως

308 1863 494 1927 αὐτοῖς
533 1862 933 1933 διοικούμενος·
967 1864 1033 1932 τῇ
1068 1860 1124 1913 δὲ
1164 1859 1258 1914 τοῦ
1302 1860 1424 1913 νόου
1460 1858 1746 1930 προσθήκῃ
1776 1857 1885 1910 τῶν

308 1956 522 2025 ἀλόγων
545 1952 976 2026 κεχωρισμένος,
1006 1952 1066 2005 ὲν
1103 1951 1277 2023 τούτῳ
1319 1950 1381 2004 τὸ
1419 1949 1618 2014 ἰδιάζον
1647 1948 1761 2019 ἔχει
1786 1948 1886 2018 τῆς

308 2047 546 2120 φύσεως.
596 2045 671 2099 UO
703 2046 812 2116 γάρ
848 2044 914 2099 ἄν
951 2060 1035 2107 τις
1064 2043 1351 2115 ἄνθρωπον
1393 2040 1737 2115 ὁριζόμενος,
1778 2040 1888 2095 ἀπὸ

308 2140 530 2212 σαρκῶν
566 2156 626 2191 τε
668 2139 764 2191 καὶ
805 2137 1006 2191 ὀστέων
1047 2137 1140 2189 καὶ
1175 2133 1546 2206 αἰσθητηρίων
1596 2133 1882 2203 ὁρίσαιτο·

306 2231 431 2287 οὐδὲ
466 2230 563 2303 τὴν
589 2230 861 2301 βρωτικήν
886 2246 944 2282 τε
979 2229 1074 2282 κα).
1111 2226 1471 2297 ἀλλοιωτικὴν
1512 2224 1742 2296 δύναμιν
1769 2225 1882 2295 (65)

307 2322 477 2377 είπὼν
498 2339 603 2386 τις,
620 2321 680 2374 τὸ
702 2319 830 2374 ίδιον
847 2320 945 2389 τῆς
966 2318 1311 2390 ἀνθρωπίνης
1329 2316 1627 2383 ἐνεδείξατο
1640 2315 1854 2385 φύσεως
1869 2332 1885 2349 ·

307 2412 449 2468 ἀλλά
478 2412 540 2467 τὸ
579 2411 916 2483 διανοητικὸν
949 2412 1043 2465 καὶ
1068 2410 1180 2480 (64)
1210 2409 1449 2479 λογικὸν,
1482 2409 1575 2462 τὸν
1604 2408 1889 2481 ἄνθρωπον

308 2503 530 2572 ἔδειξεν.
546 2500 695 2559 Ἴσον
716 2501 810 2558 οὖν
834 2506 980 2557 ἐστιν
997 2502 1030 2575 ἢ
1046 2502 1134 2557 διὰ
1156 2501 1250 2555 τοῦ
1269 2502 1532 2572 ὀνόματος
1552 2499 1889 2572 ἑρμηνεῦσαι

309 2599 411 2670 τὴν
439 2597 621 2668 φύσιν,
665 2598 699 2669 ἢ
732 2598 821 2651 διὰ
847 2596 941 2651 τοῦ
981 2595 1123 2661 ίδίως
1170 2595 1556 2666 παρεπομένου
1591 2597 1658 2666 τῇ
1706 2594 1885 2664 φύσει.

313 2688 386 2745 '0
421 2706 483 2744 τε
509 2690 618 2761 γὰρ
656 2688 943 2760 ἄνθρωπον
976 2688 1147 2741 εἰπὼν
1166 2728 1183 2752 ,
1209 2688 1269 2740 τὸ
1300 2686 1516 2756 λογικὸν
1549 2687 1849 2753 ἐνεδείξατο
1870 2703 1885 2718 ·

307 2780 340 2836 δ
366 2796 425 2835 τε
449 2779 667 2851 λογικὸν
703 2778 999 2851 ὀνομάσας,
1034 2778 1124 2832 τὸν
1146 2778 1430 2850 ἄνθρωπον
1460 2779 1549 2834 διὰ
1575 2780 1674 2851 τῆς
1707 2782 1891 2851 φωνῆς

308 2871 515 2943 ⁴ταύτης
543 2871 822 2937 ἀπέδειξεν
868 2871 1008 2941 (65).
1044 2872 1255 2926 Οὐκοῦν
1289 2872 1383 2926 καὶ
1428 2874 1456 2926 ὀ
1515 2873 1890 2947 Ἀπολινάριος

309 2964 443 3021 Θεὸν
475 2966 568 3020 καὶ
591 2958 875 3037 ἄνθρωπον
902 2964 1207 3035 ὀνομάσας,
1237 2964 1396 3035 εἰπερ
1424 2964 1533 3035 (66)
1564 2964 1663 3028 τὰς
1691 2967 1892 3036 ἐμφαιο

310 3060 545 3131 νομένας
582 3060 648 3129 τῇ
695 3057 909 3127 θεότητι
941 3056 1219 3127 σημασίας
1261 3059 1328 3128 τῇ
1355 3059 1505 3128 φωνῇ
1532 3057 1705 3130 ταύτῃ
1751 3075 1890 3129 συμ-

1982 565 2204 619 homine
2224 561 2488 633 perfecto.
2516 557 2792 614 Hactenus
2845 564 3029 611 utrum
3068 568 3137 608 ex
3187 551 3402 608 duobus
3430 550 3557 605 istis

1982 653 2362 725 imperfectum
2390 651 2685 716 vocaverit,
2734 650 3007 703 incertum
3047 644 3293 714 reliquit,
3332 649 3388 697 et
3445 656 3559 712 pra:

1986 745 2280 817 signiticati
2310 742 2663 811 ambiguitate
2706 738 2773 792 ad
2805 746 3098 803 utrumque
3126 750 3194 790 ex
3218 749 3377 803 aequo
3403 747 3558 788 mens

1984 838 2227 909 respicit,
2258 852 2361 893 nec
2402 852 2471 892 ex
2514 835 2599 891 his
2645 849 2768 904 quae
2819 830 3127 887 audivimus
3174 828 3388 884 discere
3433 826 3561 881 licet

1986 938 2169 984 utrum
2209 942 2398 983 eorum
2447 925 2827 995 imperfectum
2853 936 2977 977 esse
3016 924 3260 983 censeat,
3295 916 3555 977 Deunme.

1984 1036 2055 1075 an
2086 1018 2383 1083 hominem,
2437 1031 2506 1070 an
2540 1030 2670 1071 vero
2696 1013 2763 1069 de
2797 1020 3034 1082 utroque
3082 1007 3285 1079 pariter
3338 1005 3560 1075 aquali-

1985 1120 2177 1182 terque
2223 1110 2279 1165 id
2329 1108 2439 1164 dici
2489 1108 2765 1177 opinetur.
2830 1107 3016 1174 Ipsum
3068 1115 3192 1157 esse
3244 1098 3321 1154 ait
3364 1097 3563 1167 spiritu

1986 1204 2204 1276 quidem
2238 1201 2433 1265 Deum,
2464 1199 2554 1254 Dei
2580 1198 2808 1269 gloriam
2857 1192 3260 1266 possidentem;
3287 1188 3560 1244 hominem

1986 1312 2117 1352 vero
2143 1309 2374 1365 corpore
2404 1291 2721 1364 ignobilem,
2749 1286 3032 1344 hominum
3079 1284 3311 1340 formam
3341 1289 3563 1353 gestan-

1988 1398 2117 1445 tem.
2154 1386 2301 1441 Dixit
2331 1385 2522 1448 Deum,
2550 1382 2689 1437 dixit
2729 1380 3041 1445 hominem;
3095 1374 3353 1432 omnibus
3381 1382 3562 1428 autem

1988 1488 2175 1534 notum
2198 1484 2279 1535 est
2306 1490 2415 1532 non
2437 1475 2683 1531 eamdem
2702 1488 2822 1528 esse
2843 1470 3122 1526 nominum
3142 1468 3373 1525 istorum
3394 1464 3565 1535 signi-

1990 1572 2322 1633 ﬁcationem,
2351 1568 2445 1624 sed
2501 1567 2623 1621 aliis
2669 1564 2852 1619 verbis
2880 1562 3244 1624 divinitatem,
3284 1557 3409 1612 aliis
3434 1570 3565 1610 vero

1990 1662 2392 1720 humanitatem
2444 1658 2729 1729 explicari.
2766 1654 2911 1711 Deus
2948 1652 3150 1710 etenim
3180 1660 3267 1707 est
3292 1650 3566 1705 bonorum

1993 1755 2242 1811 omnium
2269 1768 2438 1809 causa
2487 1766 2705 1821 semper
2733 1764 2843 1803 una
2873 1754 2927 1802 et
2963 1745 3177 1806 eadem.
3210 1751 3265 1799 et
3299 1741 3386 1797 sui
3420 1739 3568 1795 simi-

1995 1849 2082 1913 lis,
2117 1862 2238 1916 qua:
2268 1859 2546 1914 nunquam
2581 1840 2837 1904 nonfuit,
2870 1848 2924 1894 et
2951 1850 3231 1906 nunquam
3273 1848 3381 1888 non
3412 1831 3518 1887 erit
3548 1847 3563 1884 :

1993 1945 2050 1993 at
2071 1938 2232 1991 homo
2255 1937 2359 1991 alia
2381 1935 2599 2005 quidem
2624 1948 2749 1988 cum
2778 1930 3108 1986 animalibus
3135 1928 3349 1982 ratione
3374 1937 3569 1979 caren-

1993 2030 2140 2086 tibus
2165 2029 2476 2085 communia
2524 2027 2710 2089 habet,
2764 2033 2819 2079 et
2851 2038 2959 2078 non
2995 2035 3155 2103 secus
3183 2034 3249 2074 ac
3278 2018 3369 2072 illa
3402 2028 3570 2072 carne

1995 2122 2361 2191 sensibusque
2386 2120 2615 2189 regitur,
2648 2118 2763 2174 sola
2792 2131 2923 2171 vero
2948 2115 3147 2168 mentis
3183 2108 3504 2166 accessione
3536 2118 3569 2159 ι

1993 2214 2172 2269 brutis
2200 2213 2572 2268 animantibus
2596 2220 2865 2272 secretus,
2893 2208 2947 2262 in
2964 2206 3069 2261 hoc
3099 2205 3330 2274 positam
3363 2208 3574 2256 natum

1996 2321 2108 2362 sua:
2135 2304 2531 2376 proprietatem
2564 2301 2747 2357 habet.
2762 2299 2935 2354 Nemo
2956 2297 3102 2351 enim
3134 2294 3407 2351 hominem
3439 2290 3574 2345 defi-

1994 2399 2233 2462 niturus,
2288 2410 2475 2460 carne,
2519 2393 2743 2449 ossibus
2808 2401 2973 2461 atque
3006 2386 3271 2445 sensoriis
3317 2383 3573 2446 deiiniet;

1995 2506 2097 2547 nec
2132 2488 2327 2559 aliquis
2384 2484 2731 2548 comedendi,
2764 2483 3060 2552 cibumque
3101 2475 3369 2535 alterandi
3399 2474 3576 2531 facul-

1994 2590 2163 2639 tatem
2212 2595 2531 2642 recensens,
2584 2578 2836 2632 humana:
2876 2588 3115 2643 unquam
3190 2577 3402 2626 natura;
3450 2581 3578 2637 pro-

1995 2677 2257 2747 prietates
2287 2671 2632 2743 designavit;
2657 2669 2753 2727 sed
2799 2664 3075 2738 cogitandi
3104 2671 3267 2734 atque
3295 2661 3575 2717 disseren-

1997 2767 2052 2823 di
2080 2765 2311 2821 facultas
2337 2764 2612 2819 hominem
2668 2762 2908 2818 denotat.
2961 2757 3106 2813 Idem
3138 2756 3324 2825 itaque
3349 2762 3435 2808 est
3472 2752 3578 2804 ali-

1998 2860 2157 2930 cujus
2200 2869 2453 2913 naturam
2513 2856 2599 2912 vel
2627 2855 2748 2911 solo
2795 2850 3042 2914 nomine,
3076 2848 3163 2905 vel
3220 2862 3289 2903 ex
3317 2860 3385 2902 eo
3426 2842 3578 2916 quod

1999 2952 2352 3024 peculiariter
2381 2950 2459 3004 illi
2512 2955 2724 3004 naturae
2774 2944 3054 3006 convenit.
3089 2940 3407 3012 explicare;
3449 2953 3577 2991 nam

1997 3044 2091 3115 qui
2111 3044 2385 3098 hominem
2413 3040 2569 3107 dicit,
2588 3039 2733 3111 quod
2756 3037 2985 3093 rationis
3005 3049 3179 3106 capax
3197 3039 3283 3091 est
3298 3031 3579 3102 exprimit,

311 3122 654 3223 περιέλαϐεν,
684 3147 794 3201 οὐδ’
831 3122 897 3200 ἀν
930 3122 1027 3199 τοξ
1064 3122 1448 3217 ἀνθρώπου-τὸ
1480 3122 1887 3219 ’σημαινόμενον

1998 3145 2051 3192 et
2084 3136 2177 3206 qui
2212 3134 2477 3189 rationale
2510 3140 2690 3195 vocat,
2756 3130 3028 3185 hominem
3062 3128 3162 3182 hac
3205 3140 3341 3181 voce
3372 3122 3584 3193 signiti-

310 3217 399 3296 διά
423 3240 524 3310 τῆς
552 3238 847 3311 ἑρμηνείας
874 3237 1200 3309 λωϐήσαιτο.
1257 3238 1393 3292 Ἀλλ’
1420 3217 1577 3312 εἴπερ
1612 3217 1887 3311 ἄνθρωπος

1997 3236 2107 3284 cat.
2127 3226 2459 3298 Apollinaris
2477 3226 2661 3295 itaque
2688 3223 2859 3279 Deum
2884 3229 2940 3276 et
2966 3220 3241 3275 hominem
3265 3217 3580 3279 nominans,

310 3308 551 3401 λέγεται,
724 3329 943 3392 πάντως
969 3308 1221 3399 ήνκλῆσις
1248 3328 1454 3401 ἀληθὴς
1480 3371 1495 3395 ,
1523 3308 1617 3384 καὶ
1643 3308 1887 3402 οὺἽψευδ.

1998 3321 2045 3377 si
2101 3335 2292 3376 earum
2344 3333 2529 3374 rerum
2584 3314 3018 3387 signiﬁcationes
3046 3309 3251 3382 quain
3297 3308 3585 3363 divinitate

549 3439 565 3455 ·
588 3423 650 3477 τὸ
676 3422 732 3476 δὲ
752 3422 950 3493 ἀληθὲς
979 3398 1072 3476 τοῦ
1104 3398 1363 3493 ὀνόματος
1381 3398 1441 3477 ἐν
1467 3423 1546 3496 τῷ
1574 3398 1788 3495 λογικὸν
1823 3424 1887 3481 εἷ-

1997 3411 2419 3482 conspiciuntur
2466 3408 2569 3464 hac
2604 3423 2738 3462 voce
2779 3404 3182 3475 complectitur,
3212 3398 3459 3471 profecto
3486 3410 3585 3451 nec

312 3531 402 3571 ναι
420 3515 578 3580 ζῶον,
605 3514 696 3568 τὸν
714 3512 857 3568 οὕτω
878 3510 1404 3585 κατονομαζόμενον,
1422 3516 1803 3573 ἐπιδείκνυται.
1839 3520 1887 3575 '0

1998 3502 2054 3558 id
2097 3500 2245 3573 quod
2305 3499 2547 3555 hominis
2577 3495 2847 3554 vocabulo
2885 3493 3227 3565 signiﬁcatur
3260 3488 3378 3546 suis
3416 3487 3586 3542 inter-

313 3605 374 3660 δι
398 3578 552 3673 λόγος
566 3578 639 3658 (ἐκ
666 3604 903 3668 διανοίας
941 3578 1183 3667 πάντως,
1209 3578 1349 3657 ῶστε
1379 3606 1427 3656 εἰ
1451 3605 1768 3677 ἅνθρωπος,
1802 3611 1887 3663 καὶ

2000 3590 2399 3664 pretationibus
2428 3588 2671 3643 adimere
2701 3585 2919 3657 poterit.
2960 3582 3067 3641 Sed
3095 3583 3140 3637 si
3165 3581 3331 3636 homo
3358 3578 3584 3637 dicitur,

314 3670 650 3771 διανοητικὸς
677 3697 737 3765 ἐξ
771 3698 1046 3769 ἀνάγκης·
1092 3698 1139 3751 εί
1172 3697 1229 3750 δὲ
1260 3697 1321 3750 οὐ
1362 3670 1725 3770 διανοητικὸς,
1753 3670 1887 3756 ὀὐδὲ

2002 3699 2130 3740 vero
2145 3698 2371 3754 prorsus
2398 3690 2455 3737 et
2477 3696 2585 3736 non
2609 3679 2870 3734 ementito
2897 3677 3119 3732 nomine
3147 3673 3230 3730 sic
3248 3670 3586 3743 appellatur;

316 3764 622 3861 ἄνθρωπος.
721 3764 729 3765 7
889 3764 897 3767 Ἴ
972 3764 982 3769 ’
1534 3764 1545 3770 ⁷
1686 3764 1714 3766 η
1838 3839 1844 3845 _

2002 3790 2186 3831 veram
2242 3783 2422 3827 autem
2486 3771 2650 3840 hujus
2711 3769 2951 3825 nominis
2978 3764 3434 3837 signiﬁcationem
3467 3772 3591 3813 esse

316 3895 385 3935 ex
404 3895 470 3935 eo
498 3874 1073 3944 demonstratur,quod
1119 3874 1385 3929 rationale
1406 3875 1606 3929 animal
1631 3877 1761 3933 illud
1788 3880 2625 3955 sitquod.itaappellatur.Batio
2653 3888 2832 3937 autem
2848 3896 2915 3936 ex
2952 3886 3133 3934 mente
3148 3875 3587 3947 prorsusoritur,

318 3976 395 4032 ita
427 3984 486 4031 ut
519 3975 564 4030 si
600 3975 762 4028 homo
795 3981 881 4027 est
903 4012 917 4037 ,
951 3971 1267 4025 necessario
1285 3979 1465 4025 mente
1482 3973 1739 4043 praeditus
1762 3992 1885 4034 esse
1912 3980 2163 4047 dicatur;
2193 3980 2240 4034 si
2267 3993 2398 4034 vero
2420 3986 2602 4033 mente
2624 3983 2832 4041 careat,
2858 3992 3034 4047 neque
3063 3976 3224 4030 homo
3243 3988 3365 4029 esse
3382 3980 3587 4044 potest.

405 4112 560 4168 Ἀλλ’
583 4112 892 4179 ἅνθρωπος
936 4107 1015 4180 ἦν
1046 4110 1125 4176 τῷ
1154 4111 1402 4179 σώματι,
1439 4114 1593 4184 φησὶ,
1626 4115 1743 4183 τὴν
1782 4118 1887 4173 τῶν

2076 4118 2263 4177 XXIII.
2298 4117 2400 4175 Sed
2434 4118 2616 4184 homo,
2651 4117 2850 4188 inquit,
2888 4124 3002 4171 erat
3055 4130 3272 4183 corpore
3314 4113 3465 4167 vilem
3498 4112 3562 4165 ho

321 4204 434 4277 (67)
471 4203 797 4274 ἀνθρώπων
843 4203 1067 4268 ἄδοξον
1109 4203 1375 4274 φορέσας
1419 4206 1677 4274 μορφήν.
1717 4210 1887 4265 Ταῦτα

2008 4213 2209 4264 minam
2238 4211 2467 4280 formam
2492 4218 2725 4279 gestans.
2767 4207 2891 4262 Ilaec
2922 4208 2989 4262 de
3033 4222 3134 4262 suo
3183 4221 3290 4260 non
3325 4222 3390 4259 ex
3420 4220 3594 4259 saeue

326 4299 426 4372 μὲν
441 4298 673 4362 οἴκοθεν,
698 4298 792 4351 και)⁸
807 4298 905 4350 οὐκ
924 4297 987 4349 ἐκ
1004 4296 1102 4365 τῆς
1123 4298 1441 4369 γραφικῆςή
1452 4302 1539 4368 μῖν
1556 4299 1887 4369 διδασκαλίας

2010 4305 2308 4372 Scriptura:
2357 4304 2611 4355 doctrina
2645 4302 2805 4357 nobis
2864 4298 3129 4354 obtrudit.
3161 4299 3359 4354 Verum
3392 4309 3451 4353 ut
3480 4298 3596 4353 huc

323 4388 715 4463 προϐάλλεται·
758 4386 894 4457 πλὴν
930 4386 1004 4449 ὡς
1040 4387 1106 4440 ἂν
1135 4388 1229 4441 καὶ
1254 4388 1347 4441 ἀπ’
1378 4389 1578 4452 αὐτῶν,
1610 4384 1684 4444 ὧν
1714 4392 1862 4462 λέγει

2013 4410 2228 4466 quoque
2252 4393 2586 4464 Apollinaris
2632 4393 2790 4447 eii‘ata
2824 4392 2879 4446 in
2908 4391 3247 4446 contrarium
3281 4398 3446 4460 atque
3478 4391 3597 4460 ipse

324 4481 461 4554 πρὸς
478 4478 785 4533 τούναντίον
812 4476 960 4548 αὐτῷ
982 4481 1345 4551 περιτραπείη
1368 4482 1429 4534 τὸ
1449 4482 1887 4554 σπουδαζόμενον,

2013 4489 2246 4544 intendit
2289 4496 2696 4552 convertamus,
2756 4487 2828 4541 ita
2872 4500 3182 4542 sermonem
3219 4484 3594 4540 instituemus.

324 4572 526 4628 οὑτωσὶ
553 4572 644 4624 τὸν
670 4571 824 4639 λόγον
842 4572 1285 4641 κατανοήσωμεν.
1313 4572 1432 4639 Τὴν
1454 4573 1697 4638 ἄδοξον,
1719 4578 1881 4647 φησὶν

2014 4580 2325 4652 lgnobilem,
2353 4579 2550 4651 inquit,
2573 4580 2731 4648 gessit
2755 4578 3024 4632 hominum
3054 4577 3305 4647 famam.
3337 4577 3597 4643 Quaenam

324 4665 580 4736 ἐφόρεσε
608 4662 727 4717 τῶν
760 4661 1083 4732 ἀνθρώπων
1109 4662 1368 4732 μορφήν.
1415 4666 1508 4729 Τίς
1540 4666 1665 4731 δόξα
1697 4669 1887 4740 ἀνθρώ.

2015 4674 2294 4727 hominum
2328 4672 2498 4743 gloria
2533 4672 2605 4725 sit
2636 4672 2873 4742 primum
2905 4671 3213 4737 videamus,
3238 4685 3413 4739 eoque
3441 4676 3599 4737 pacto

328 4775 434 4812 που
465 4755 682 4830 πρῶτον
718 4754 1162 4824 ἐπισκεψώμεθα,
1214 4756 1308 4808 καὶ
1337 4756 1505 4821 οὓτως
1547 4762 1611 4812 ἐκ
1652 4760 1745 4814 τοῦ
1778 4763 1887 4816 άκο

2012 4780 2265 4837 quamam
2297 4762 2616 4817 eorumdem
2643 4762 2957 4833 ignobilitas
2990 4763 3061 4817 sit
3097 4770 3497 4831 consequenter
3524 4760 3603 4812 in-

326 4851 523 4907 λούθου
544 4851 644 4923 τὴν
662 4851 874 4915 ἀδοξίαν
907 4849 1195 4920 νοήσομεν.
1229 4850 1438 4904 Οὐκοῦν
1459 4852 1587 4917 δόξα
1616 4855 1887 4925 ἀνθρώποι

2014 4854 2347 4926 telligemns.
2380 4851 2523 4909 Vera
2556 4854 2740 4924 itaque
2769 4853 3010 4908 hominis
3038 4852 3233 4923 gloria,
3269 4850 3381 4904 vita
3409 4859 3494 4904 est
3531 4848 3600 4901 ad

328 4947 366 5017 ἦ
394 4962 460 5015 γε
492 4944 697 5017 ἀληθὴς
727 4941 873 5008 δόξα,
908 4945 941 5015 ἡ
970 4944 1109 4998 κατὰ
1142 4943 1344 5013 ἀρετήν
1380 4943 1495 4995 ἐστι
1522 4946 1740 5009 πάντως
1769 4948 1879 5020 ζωή

2012 4949 2231 5003 virtutis
2254 4962 2501 5001 normam
2542 4947 2793 5002 instituta
2818 4966 2832 5013 ;
2865 4944 3301 5002 eﬂeminatorum
3328 4942 3472 4999 enim
3499 4944 3604 4996 erit

331 5036 408 5091 Τὸ
437 5036 547 5108 γὰρ
580 5035 800 5107 εὐχροίᾳ
825 5034 934 5087 τινὶ
956 5074 971 5099 ,
1001 5034 1033 5103 ἢ
1081 5032 1200 5104 ὥρᾳ
1228 5029 1427 5102 σαρκὸς
1450 5072 1465 5095 ,
1505 5031 1537 5103 ἢ
1573 5034 1634 5086 τὸ
1673 5033 1887 5106 ἔμπαλι.

2015 5058 2081 5098 ex
2111 5041 2347 5112 quadam
2410 5040 2612 5096 coloris
2642 5048 2947 5103 venustate,
2992 5038 3076 5092 vel
3106 5037 3289 5092 carnis
3337 5034 3471 5089 ﬂore
3510 5041 3604 5089 aut

333 5132 582 5206 ἀμορφία
616 5130 867 5200 σώματος
890 5168 906 5195 ,
946 5128 1041 5200 τὴν
1083 5127 1238 5193 δόξαν
1271 5124 1379 5178 τῶν
1412 5125 1715 5196 ἀνθρώπων
1745 5131 1778 5203 ἥ
1812 5132 1887 5202 τὴς

2016 5150 2046 5191 e
2071 5149 2341 5189 converso
2379 5150 2447 5190 ex
2472 5135 2721 5205 corporis
2768 5130 3121 5188 deformitate
3168 5127 3452 5184 hominum
3483 5127 3604 5196 glo-

333 5225 550 5290 ἀδοξίαν
582 5223 884 5294 ὁρίζεσθαι,
928 5220 1033 5275 τῶν
1071 5217 1550 5289 διατεθρυμμένων
1582 5220 1649 5273 ἂν
1697 5223 1803 5291 εἴη.
1848 5224 1887 5275 Ε

2021 5226 2159 5279 riam
2208 5226 2292 5280 vel
2336 5226 2731 5295 ignobilitatem
2781 5221 2982 5276 metiri.
3042 5219 3100 5274 Si
3144 5219 3325 5291 itaque
3376 5217 3603 5291 gloriam

408 5399 523 5469 (58)
553 5399 697 5472 Lego
726 5399 956 5471 νομίζει.

412 5472 524 5540 (59)
554 5469 852 5537 Ιιθόοη·“.;
886 5471 1038 5540 prius
1058 5469 1203 5523 enim
1237 5478 1377 5540 erat,
1417 5470 1572 5539 φασί.

411 5539 526 5611 (60)
553 5543 718 5597 Corr.
775 5539 901 5594 add.
936 5540 1258 5611 particulam
1289 5539 1394 5611 ὅτι.

409 5609 522 5681 (61)
550 5611 899 5682 Adverbinm,
932 5610 1063 5663 ποτε
1084 5624 1240 5666 .corr.
1271 5609 1399 5682 add.
1430 5619 1659 5682 utroque
1689 5610 1743 5665 in
1778 5610 1919 5666 loco.

411 5679 522 5825 (62)
552 5681 626 5735 Ita
660 5682 828 5747 (ιονιξ
871 5682 1021 5750 prius
1043 5690 1179 5736 erat.
1216 5679 1335 5749 μέν.

436 5753 527 5821 65)
561 5752 742 5825 secuti
780 5768 969 5825 sumus
1012 5751 1098 5806 hic
1139 5752 1327 5825 a‘ntiqu

436 5753 527 5821 65)
561 5752 742 5807 Secuti
780 5768 969 5807 sumus
1012 5751 1098 5806 hic
1139 5752 1348 5821 antiqui
1396 5766 1541 5807 corr.
1588 5751 1911 5814 lectionem;

340 5821 467 5883 nam
499 5824 556 5880 in
586 5821 709 5879 Vat.
736 5823 857 5880 cod.
896 5830 1044 5878 textu
1072 5822 1350 5890 scribitur,
1381 5823 1500 5878 οὐδὲ
1530 5822 1626 5894 τὴν
1658 5822 1912 5894 βροτικὴν

2025 5402 2275 5475 δύναμιν,
2327 5402 2475 5475 nullo
2495 5441 2526 5475 ,_
2560 5407 2619 5454 ut
2661 5396 2791 5475 mihi
2834 5396 3073 5475 videtur,
3101 5410 3305 5475 sensu.
3357 5406 3483 5447 nam
3538 5405 3601 5448 ex

2026 5465 2202 5530 morte
2231 5465 2374 5529 nulla
2399 5472 2529 5525 oriri
2566 5475 2737 5538 potest
2767 5468 2819 5520 in
2850 5466 3072 5538 homine
3097 5465 3343 5538 δύναμις.

2096 5545 2205 5613 (64)
2240 5545 2397 5597 Corr.
2433 5535 2769 5613 διανοητικόν
2795 5552 2853 5589 τε
2876 5535 2992 5592 καί.

2094 5609 2208 5679 (65)
2243 5613 2397 5664 Corr.
2429 5609 2719 5674 ἐπέδειξεν.

2092 5683 2206 5753 (66)
2245 5682 2403 5753 (Sorr.
2437 5682 2593 5753 εἴπερ
2622 5679 2799 5743 πάσας
2820 5680 2937 5741 τάς.

2093 5751 2205 5825 (67)
2238 5751 2393 5808 Corr.
2434 5752 2462 5804 6
2489 5753 2606 5822 τήν.
2720 5784 2725 5788 ~
