4020 6536
454 364 585 425 1171

1673 378 1729 432 ε.
1756 377 2080 435 GREGOBII
2107 379 2405 437 NYSSENI

3574 383 3714 441 H73

451 489 691 548 hominis
726 492 1119 551 fatemur'esse
1154 495 1432 565 virtutem,
1461 507 1653 554 eorum
1712 501 2027 569 ignobilitas

2133 497 2264 573 οἵ)νὴ
2284 500 2453 573 ἀρετὴ
2467 501 2528 555 τὸ
2554 500 2763 566 ἔνδοξον
2785 501 2872 555 ἐπ’
2884 501 2981 554 ἀνθ
2990 499 3185 573 ρώπων
3211 502 3555 572 ὁμολογεῖται
3572 504 3712 570 (68),

452 600 682 653 prorsus
704 586 808 640 erit
830 586 1045 642 vitium.
1082 588 1473 644 Verumtamen
1531 589 1901 660 Appollinaris
1954 594 2029 645 ait

452 676 746 747 ignobilem
776 679 1056 734 hominum
1105 679 1333 735 formam
1366 680 1534 737 Deum
1574 684 1905 755 suscepisse.
1970 684 2029 739 Si

451 768 619 840 igitur
663 771 718 824 in
772 772 905 826 vitio
938 773 1268 842 ignobilitas,
1317 774 1507 828 vitium
1558 783 1737 830 autem
1780 777 2029 847 eligentis

450 861 750 916 voluntatis
787 863 1066 933 turpitudo
1094 872 1215 925 est;
1246 865 1599 933 eligitautem
1621 866 1902 936 cogitatio,
1938 883 2030 923 ea-

448 969 559 1024 que
586 957 784 1010 mentis
821 956 1042 1023 quidam
1071 964 1251 1011 motus
1276 967 1393 1022 est;
1419 957 1511 1026 qui
1540 958 1706 1027 igitur
1735 959 2027 1013 humanam

453 1043 603 1098 circa
636 1042 804 1100 Deum
840 1046 1231 1116 ignobilitatem
1278 1048 1545 1118 agnoscit,
1601 1048 1898 1115 hominem,
1933 1066 2031 1120 per

452 1150 618 1205 quem
648 1136 704 1192 in
742 1137 979 1193 humana
1012 1139 1123 1193 vita
1176 1148 1535 1195 conversatus
1562 1147 1667 1203 est,
1714 1152 1897 1197 mente
1921 1158 2027 1197 non

454 1228 673 1297 spoliat.
694 1229 761 1284 Et
795 1231 899 1284 hoc
936 1246 1069 1285 sane
1097 1245 1223 1284 cum
1263 1231 1573 1286 divinarum
1609 1231 2027 1302 Scripturarum

453 1319 688 1391 eloquiis
714 1322 986 1385 convenit,
1017 1320 1195 1390 ipsum
1220 1337 1413 1392 nempe
1442 1331 1667 1393 pr0pter
1701 1339 1803 1379 nos
1835 1340 2029 1394 pecca-

453 1418 571 1466 tum
608 1427 730 1468 esse
765 1412 968 1468 factum
1026 1415 1090 1479 ⁸³,
1154 1414 1258 1467 hoc
1287 1422 1391 1477 est,
1446 1415 1685 1483 peccatis
1734 1416 2025 1471 obnoxiam

449 1502 694 1559 hominis
752 1505 990 1559 animam
1050 1505 1309 1575 sibi'ipsi
1344 1506 1651 1573 c0pulasse.
1718 1505 2025 1573 Dominum,

454 1594 656 1664 inquit,
688 1595 742 1649 in
777 1597 961 1651 servili
1010 1597 1181 1651 forma
1239 1607 1586 1666 apparentem
1623 1617 1635 1651 :
1675 1614 1868 1654 servus
1905 1600 2024 1666 iste,

453 1686 614 1757 cujus
644 1685 873 1742 formam
904 1688 1168 1745 Dominus
1203 1690 1398 1752 induit,
1452 1690 1707 1744 omnibus
1736 1706 1804 1745 ne
1834 1708 2028 1747 nume-

452 1779 535 1835 nis
556 1779 840 1836 absolutus
868 1790 1004 1846 erat,
1028 1797 1095 1835 an
1125 1779 1499 1849 depravatus?
1528 1782 1673 1850 quod
1703 1783 1847 1837 enim
1876 1799 2028 1837 man-

2133 591 2362 663 ἡκακία
2407 592 2623 655 πάντως
2667 592 2728 644 τὸ
2758 590 2942 656 ἄδοξον
2976 590 3111 661 (69).
3160 591 3320 644 Ἀλλὰ
3367 591 3474 663 μὴν
3570 603 3709 670 φησὶ

2130 683 2220 736 τὸν
2255 682 2385 735 Θεὸν
2427 683 2456 734 6
2498 682 2869 753 Ἀπολινάριος
2899 681 2996 751 τὴν
3026 680 3211 747 ἄδοξον
3245 680 3353 734 τῶν
3399 680 3711 754 ἀνθρώπων

2131 772 2520 843 ὑπεληλυθέναι
2579 773 2817 843 μορφήν.
2854 772 2917 825 Εί
2948 767 3042 825 οῦν
3076 774 3133 825 ἐν
3172 772 3338 843 κακίᾳ
3378 772 3439 824 τὸ
3486 772 3709 838 ἄδοξον,

2087 916 2093 922 .
2130 866 2297 919 κακία
2326 866 2381 919 δὲ
2414 865 2785 936 προαιρέσεως
2812 860 3000 935 αἶσχός
3028 867 3145 917 ἐστι
3167 882 3180 896 ·
3217 867 3559 937 προαιρεῖται
3586 865 3646 918 δὲ
3676 866 3710 937 ἡ

2129 958 2371 1021 διάνοια,
2423 957 2630 1011 διάνοια
2690 958 2747 1011 δὲ
2784 956 2878 1011 νοῦ
2936 975 2989 1011 τι
3029 958 3232 1028 κίνημα
3268 958 3415 1026 (70)'
3458 957 3567 1029 ἄρα
3610 958 3712 1029 τὴν

2131 1049 2477 1119 ἀνθρωπίνην
2510 1049 2726 1115 ἀδοξίαν
2760 1050 2888 1120 περὶ
2916 1050 3009 1102 τὸν
3040 1049 3172 1105 Θεὸν
3200 1050 3413 1121 βλέπων
3441 1052 3542 1104 οὑκ
3572 1052 3712 1104 ἀποο

2133 1140 2303 1210 σχίζει
2334 1141 2433 1211 τῆς
2467 1141 2702 1204 διανοίας
2742 1142 2834 1195 τὸν
2866 1142 3167 1216 ἄνθρωπον,
3213 1143 3278 1197 δι’
3312 1138 3371 1198 οῦ
3409 1145 3438 1196 6
3469 1143 3608 1207 Θεὸς
3643 1147 3710 1213 τῇ

2130 1233 2444 1305 ἀνθρωπίνῃ
2470 1234 2582 1304 ζωῇ
2605 1233 2977 1305 καθωμίλησε.
3007 1228 3116 1289 Kal
3146 1236 3431 1305 συμϐαίνει
3454 1254 3517 1306 γε
3546 1237 3712 1289 τοῦτο

2130 1328 2245 1389 ταῖς
2274 1325 2445 1389 θείαις
2483 1327 2746 1397 Γραφαῖς,
2776 1326 2837 1379 τὸ
2860 1327 2929 1379 δι’
2954 1327 3101 1398 ἡμᾶς
3129 1326 3288 1380 αὑτὸν
3313 1328 3583 1398 ἁμαρτίαν
3614 1343 3713 1395 γε·-

2130 1416 2336 1479 νέσθαι,
2365 1416 2611 1470 τουτέστι
2634 1416 2731 1487 τὴν
2759 1417 3070 1488 ἁμαρτικὴν
3091 1416 3185 1470 τοῦ
3212 1417 3495 1489 ἀνθρώπου
3519 1417 3704 1488 ψυχὴν

2131 1507 2268 1578 πρὸς
2301 1507 2491 1560 ἑαυτὸν
2514 1508 2734 1561 ὲνῶσαι.
2769 1507 2994 1579 Κύριον,
3026 1510 3211 1579 φησὶν,
3241 1510 3299 1561 ὲν
3337 1509 3563 1580 δουλικῷ
3604 1527 3714 1578 φα-

2130 1598 2285 1651 νέντα
2311 1600 2547 1669 σχήματι
2566 1615 2580 1628 ·
2615 1595 2724 1669 ἆρα
2750 1598 2862 1670 (71)
2887 1602 2915 1653 6
2945 1599 3126 1662 δοῦλος
3150 1595 3321 1663 οὗτος,
3346 1594 3407 1654 οὗ
3430 1599 3489 1652 τὸ
3518 1600 3710 1670 σχῆμα.

2132 1690 2299 1743 ὑπέδυ
2321 1692 2349 1743 6
2374 1690 2598 1763 Κύριος,
2636 1692 2821 1762 ἄρτιος
2846 1686 2935 1761 ἦν,
2973 1692 3005 1761 ἦ
3039 1691 3308 1762 λελώϐητο
3336 1708 3349 1756 ;
3377 1692 3449 1745 Τὸ
3474 1691 3584 1761 γάρ
3620 1692 3711 1743 ἑλ-

2132 1782 2317 1845 λειπές
2354 1799 2411 1834 τε
2453 1783 2548 1834 καὶ
2570 1783 3104 1853 θήκρωτηριασμένον
3138 1784 3277 1837 κατά
3310 1783 3405 1854 τὴν
3435 1783 3532 1836 τοῦ
3565 1783 3710 1847 ζώου

452 1883 579 1925 cum
612 1878 697 1927 est
742 1887 805 1927 ac
835 1872 1079 1943 partibus
1109 1874 1177 1928 ad
1216 1877 1466 1932 animalis
1505 1875 1895 1946 perfectionem
1935 1891 2029 1930 ne—

2134 1874 2547 1945 συμπλήρωσιν,
2598 1872 2780 1943 λώϐην
2816 1874 2880 1928 ἀν
2925 1891 3008 1937 τις
3058 1876 3282 1938 εἰκότως
3336 1853 3713 1947 προσαγορεύ-

453 1964 709 2020 cessariis
746 1965 1019 2028 orbatum,
1052 1982 1159 2021 non
1202 1967 1477 2023 immerito
1512 1970 1635 2039 quis
1664 1968 2025 2037 depravatum

454 2057 873 2127 nuncupaverit.
914 2056 1037 2112 Non
1076 2058 1248 2125 homo,
1278 2060 1475 2129 inquit,
1499 2060 1588 2115 sed
1605 2070 1660 2113 ut
1688 2061 1864 2121 homo,
1904 2060 2027 2129 quia

454 2146 922 2202 conmbstantialis
968 2166 1068 2203 non
1112 2160 1225 2204 erat
1265 2151 1465 2205 homini
1510 2169 1571 2206 ea
1617 2168 1681 2207 ea:
1728 2160 1876 2220 parte
1913 2168 2030 2221 qua:

451 2239 733 2303 potissima
768 2248 847 2294 est
898 2241 953 2293 in
998 2240 1226 2296 homine.
1265 2243 1320 2295 Si
1358 2259 1465 2296 non
1510 2243 2026 2305 consubStantialis,

452 2345 585 2401 ergo
617 2331 846 2387 diversae
876 2333 1100 2388 omnino
1128 2335 1489 2400 substantia);
1517 2335 1570 2388 in
1603 2336 1802 2404 quibus
1843 2343 2028 2389 autem

454 2421 598 2476 ratio
624 2430 709 2478 est
734 2422 946 2480 diversa
977 2424 1317 2493 substantize,
1350 2427 1435 2481 his
1470 2443 1645 2496 neque
1684 2429 1873 2482 eadem
1928 2442 2028 2480 na-

454 2522 601 2581 tura,
661 2530 839 2585 neque
892 2512 1031 2571 idem
1062 2532 1279 2573 nomen.
1327 2519 1443 2572 Alia
1485 2528 1568 2574 est
1638 2520 1802 2589 ignis,
1834 2527 1887 2573 et
1923 2519 2029 2571 alia

453 2620 610 2675 aqua:
626 2606 953 2670 substantia,
977 2615 1032 2662 et
1054 2607 1249 2661 horum
1279 2624 1495 2678 quoque
1526 2609 1742 2663 diversa
1778 2618 1905 2663 sunt
1932 2623 2031 2661 no-

452 2697 637 2753 mina:
689 2695 884 2753 Petrus
935 2707 1115 2757 autem
1168 2710 1223 2755 et
1273 2699 1497 2763 Paulus,
1544 2703 1804 2771 quoniam
1866 2700 2029 2754 unius

451 2788 811 2859 ejusdemque
851 2800 1060 2846 natura:
1097 2800 1245 2859 sunt,
1282 2793 1404 2847 ideo
1425 2801 1478 2847 et
1499 2809 1790 2847 commune
1811 2809 2030 2848 eorum-

453 2880 576 2937 dem
616 2883 936 2938 substantia:
966 2900 1161 2939 nomen
1212 2886 1445 2951 habent;
1478 2870 1707 2954 uterque
1731 2885 1874 2939 enim
1928 2884 2029 2938 ho-

452 2990 577 3030 rum
606 2974 772 3030 homo
807 2984 915 3031 est.
954 2975 1011 3030 Si
1044 2978 1210 3047 igitur
1242 2978 1387 3031 aliud
1441 2978 1572 3047 quid
1625 2978 1875 3032 Christus
1902 2978 2033 3031 sub-

455 3070 656 3126 stantia
680 3076 818 3134 erat,
853 3086 961 3124 non
1001 3081 1179 3125 autem
1238 3069 1420 3131 homo,
1458 3078 1511 3123 et
1565 3071 1747 3138 specie
1810 3070 2028 3139 quidem

2131 1984 2291 2020 σειεν.
2326 1968 2448 2020 Οὐκ
2478 1966 2811 2035 ἅνθρωπος,
2850 1966 3033 2036 φησὶν,
3073 1966 3209 2021 ἀλλ’
3244 1967 3325 2033 ὡς
3369 1966 3709 2034 ἅνθρωπος.

2128 2057 2277 2112 διότι
2315 2060 2424 2126 οὐχ
2466 2060 2785 2127 ὀιιοούσιος
2826 2058 2904 2124 τῷ
2955 2056 3249 2127 ἀνθρώπῳ
3288 2058 3437 2112 κατὰ
3479 2060 3541 2113 τὸ
3595 2061 3712 2130 (Ti)

2129 2150 2510 2217 κυριώτατον.
2542 2150 2606 2203 Ei
2641 2149 2714 2220 μὴ
2746 2149 3046 2220 ὁμοούσιος,
3083 2150 3419 2222 ὲτεροοὺσὶος
3446 2151 3666 2225 πάντως
3692 2168 3711 2183 ·

2129 2235 2204 2293 ὧν
2242 2240 2297 2293 δὲ
2323 2243 2350 2294 6
2378 2241 2535 2310 λόγος
2562 2242 2661 2312 τῆς
2688 2242 2876 2305 οὐσίας
2915 2242 3121 2314 ἔτερος,
3154 2242 3366 2305 τούτοις
3396 2242 3518 2297 οὔτε
3541 2246 3576 2315 ή
3606 2244 3711 2313 φύ-

2133 2345 2213 2393 σις
2242 2331 2415 2400 κοινὴ,
2462 2330 2585 2383 οὔτε
2635 2333 2666 2401 ἡ
2697 2331 2904 2402 κλῆσις.
2961 2331 3125 2403 Ἀλλη
3164 2333 3335 2409 πυρὸς
3366 2334 3521 2386 οὐσία
3551 2375 3567 2397 ,
3616 2336 3714 2388 καὶ

2131 2420 2320 2484 ὕδατος
2352 2424 2485 2493 άλλη
2511 2466 2525 2487 ,
2557 2423 2650 2475 καὶ
2681 2424 2737 2475 αἱ
2769 2425 3128 2494 προσηγορίαι
3166 2425 3274 2477 τῶν
3307 2425 3400 2478 δύο
3424 2425 3707 2496 διάφοροι·

2130 2514 2334 2584 Πέτρος
2375 2514 2429 2567 δὲ
2462 2515 2555 2567 καὶ
2597 2515 2846 2580 Παῦλος,
2890 2516 3076 2587 ἐπειδὴ
3126 2516 3285 2583 φύσις
3332 2516 3429 2584 μία
3457 2554 3473 2579 ,
3518 2518 3713 2570 καὶτὸ

2130 2605 2297 2677 ὄνομα
2322 2606 2425 2675 τῆς
2451 2607 2638 2670 οὐσίας
2671 2608 2848 2677 κοινόν
2866 2622 2881 2637 “
2909 2607 3189 2679 ἄνθρωπος
3221 2607 3327 2678 γὰρ
3347 2608 3552 2660 τούτων
3583 2610 3715 2662 ἑκάς

2130 2715 2305 2768 τερος.
2350 2699 2411 2751 Ei
2435 2695 2526 2751 οῦν
2553 2699 2679 2753 ἄλλο
2708 2717 2762 2752 τι
2803 2699 2945 2753 κατὰ
2977 2700 3072 2770 τὴν
3099 2699 3288 2753 οὐσίαν
3328 2695 3419 2770 ἦν,
3469 2700 3562 2753 καὶ⁵
3606 2700 3710 2753 οὐκ

2130 2791 2447 2861 ἄνθρωπος,
2494 2791 2629 2844 ἀλλὰ
2685 2792 2841 2863 μέχρι
2874 2792 2985 2862 (75)
3040 2792 3133 2845 τοῦ
3186 2792 3511 2862 φαινομένου
3564 2798 3713 2845 κατὰ

2130 2882 2413 2952 ἄνθρωπον
2468 2883 2893 2953 ἐσχηματίζετο,
2942 2887 3009 2953 τῇ
3056 2883 3111 2935 δὲ
3154 2884 3381 2954 ἀληθείᾳ
3424 2885 3565 2937 κατά
3610 2887 3715 2955 τὴν

2132 2974 2293 3042 φύσιν
2319 2974 2667 3045 παρήλλακτο
2687 2990 2702 3005 ο
2729 2975 2933 3043 λεγέτω
2954 2975 3129 3028 πάντα
3156 2975 3376 3044 δόκησιν
3403 2972 3541 3029 εἷναί
3566 2994 3712 3041 τινα,

2132 3071 2222 3121 καὶ
2255 3068 2540 3139 ἀπατηλὴν
2574 3068 2893 3138 φαντασίαν,
2928 3066 3125 3138 ψευδὴς
3152 3068 3272 3121 κατ’
3308 3068 3467 3121 αὑτὸν
3498 3070 3529 3137 ἡ
3567 3067 3714 3138 βρῶο

454 3168 617 3217 tenus
643 3161 917 3217 hominem
946 3162 1235 3227 referebat,
1276 3178 1334 3216 re
1358 3169 1537 3215 autem
1569 3177 1692 3215 vera
1731 3162 2028 3217 secundum

2136 3179 2239 3227 σις,
2269 3162 2468 3233 ψευδὴς
2498 3164 2526 3215 6
2556 3162 2721 3225 ῦπνος
2746 3203 2759 3226 ,
2794 3161 3115 3232 ἀνύπαρκτα
3145 3160 3321 3214 πάντα
3352 3160 3418 3213 τὰ
3440 3161 3582 3213 κατὰ
3610 3162 3715 3223 τὰς

455 3259 709 3307 naturam
752 3251 1037 3309 diﬂ'erebat
1080 3254 1148 3307 ab
1189 3252 1443 3318 homine;
1478 3253 1624 3305 dicat
1663 3253 1871 3315 omnia,
1907 3268 2029 3322 qua:

455 3343 524 3399 de
580 3343 802 3400 Christo
836 3353 1163 3408 narrantur,
1213 3360 1406 3399 vanam
1447 3344 1737 3414 quamdam
1792 3348 2027 3414 speciem

455 3434 758 3505 falsamque
798 3436 1061 3491 visionem
1125 3450 1274 3501 esse;
1307 3453 1418 3492 non
1478 3451 1665 3490 verum
1707 3437 1859 3505 juxta
1911 3436 2029 3505 ejus

458 3529 780 3586 sententiam
813 3529 1018 3591 cibum,
1049 3543 1150 3583 nec
1187 3543 1376 3583 verum
1403 3543 1653 3583 somnum
1682 3530 1845 3597 cepit,
1879 3539 2032 3597 quot-

455 3628 589 3689 quot
611 3620 771 3673 etiam
800 3620 852 3672 in
871 3620 1129 3675 curandis
1151 3620 1355 3675 morbis
1387 3620 1647 3674 miracula
1676 3622 2027 3689 perpetravit,

455 3708 650 3766 inanes
710 3710 966 3765 exstitere
1013 3711 1277 3776 visiones,
1344 3711 1633 3767 crucifixio
1686 3727 2029 3782 nequaquam

456 3800 580 3869 fuit,
614 3817 714 3857 nec
745 3802 800 3856 in
827 3814 1178 3859 monumento
1204 3805 1488 3875 depositus
1516 3812 1620 3870 est,
1656 3820 1753 3859 nec
1778 3820 2030 3860 resurre-

458 3894 573 3961 xit;
601 3894 693 3949 sed
760 3894 866 3950 ista
892 3897 1074 3949 omnia
1098 3896 1171 3949 ita
1192 3897 1411 3967 quidem
1443 3913 1565 3952 esse
1593 3896 1939 3961 videbantur,
1976 3912 2032 3952 re

457 3994 638 4040 autem
664 3999 811 4049 vera,
835 3985 990 4053 juxta
1033 3987 1350 4055 scriptorem
1395 3999 1664 4052 nostrum,
1691 4002 1875 4042 eorum
1911 4003 2032 4056 qua:

457 4075 936 4145 conspiciebantur
999 4077 1133 4130 nihil
1162 4078 1386 4131 omnino
1428 4088 1564 4132 erat.
1592 4076 1649 4131 Si
1679 4077 1827 4131 enim
1868 4076 2032 4133 homo

457 4179 568 4219 non
597 4174 734 4229 erat,
795 4165 1070 4235 quomodo
1103 4182 1222 4235 quae
1261 4165 1328 4219 de
1377 4165 1497 4235 ipso
1538 4172 1831 4218 narrantur
1861 4164 2032 4216 exsti-

457 4258 609 4313 tere?
645 4258 763 4324 Qua
794 4260 1005 4313 ratione
1032 4267 1210 4312 autem
1257 4256 1381 4327 quis
1431 4271 1555 4310 eum
1587 4270 1709 4309 esse
1754 4255 2031 4308 hominem

459 4352 661 4407 dixerit
692 4352 785 4422 qui
823 4353 890 4406 ab
920 4353 1155 4406 humana
1185 4350 1488 4405 substantia
1514 4349 1724 4404 alienus
1771 4360 1854 4403 est
1879 4348 1902 4402 ?
1930 4348 2033 4403 Ne—

460 4457 569 4513 que
591 4441 760 4505 enim,
810 4440 1006 4510 inquit,
1055 4439 1539 4495 consubstantialis
1578 4448 1661 4492 est
1708 4438 1911 4491 homini
1948 4454 2035 4492 se—

2141 3255 2312 3318 ίάσεις
2362 3254 2621 3325 θαύματα
2649 3294 2664 3317 ,
2712 3253 2772 3306 οὑ
2820 3253 3038 3321 γέγονεν
3090 3255 3119 3306 6
3149 3252 3399 3323 σταυρὸς,
3445 3252 3541 3321 οὐχ
3583 3253 3616 3321 ἡ
3652 3253 3716 3303 ἐν

2140 3345 2388 3417 μνημείῳ
2436 3344 2583 3407 θέσις
2611 3383 2625 3407 θ
2668 3343 2828 3414 οὐχή
2871 3344 2934 3395 ὲκ
2976 3341 3070 3395 τοῦ
3120 3341 3324 3405 πάθους
3365 3342 3665 3404 ἀνάστασις
3696 3358 3712 3371 ο

2137 3436 2273 3490 ἀλλὰ
2299 3436 2518 3507 δοκήσει
2546 3436 2643 3505 μὲν
2672 3435 2741 3488 τὰ
2770 3435 2949 3488 πάντα
2975 3434 3245 3502 ἐφαίνετο,
3273 3428 3340 3505 ἦν
3372 3433 3427 3486 δὲ
3451 3432 3593 3486 κατὰ
3620 3433 3714 3485 τὸν

2137 3526 2230 3581 τοῦ
2265 3527 2601 3598 λογογράφου
2633 3527 2786 3594 λόγον
2808 3526 2914 3580 τῶν
2936 3526 3275 3596 φαινομένων
3306 3524 3477 3578 οὐδέν.
3510 3525 3573 3577 Ei
3600 3524 3715 3594 γάρ

2138 3619 2422 3691 ἄνθρωπος
2454 3620 2554 3672 οὐκ
2598 3614 2688 3689 ἦν,
2730 3618 2846 3682 πῶς
2891 3618 2958 3670 τὰ
2995 3618 3127 3689 περὶ
3158 3617 3320 3669 αὑτὸν
3353 3616 3715 3687 ἱστορούμενα

2138 3707 2240 3782 ἦν;
2285 3710 2407 3774 Πῶς
2448 3710 2493 3762 δ’
2534 3708 2599 3763 ἂν
2634 3711 2776 3763 εἷποι
2809 3726 2891 3770 τις
2932 3706 3071 3761 εἶναι
3123 3708 3427 3778 ἄνθρωπον,
3478 3709 3569 3761 τὸν
3609 3709 3715 3777 τῆς

2138 3801 2481 3870 ἀνθρωπίνης
2505 3800 2689 3863 οὐσίας
2708 3799 2981 3869 ἀλλότριον
3008 3817 3021 3864 ;
3047 3799 3118 3851 Οὐ
3147 3798 3256 3868 γὰρ
3280 3793 3366 3871 ἦν,
3388 3797 3550 3868 φησιν
3574 3798 3711 3867 (74),

2140 3894 2422 3966 ὀμοοῦσιος
2452 3892 2529 3963 τῷ
2554 3891 2821 3963 ἀνθρώπῳ
2860 3892 3000 3945 κατά
3028 3890 3086 3943 τὸ
3109 3889 3472 3959 κυριώτατον·
3504 3889 3532 3939 6
3562 3887 3615 3940 δὲ
3650 3888 3715 3938 τὸ

2140 3985 2471 4056 κυριώτατον
2504 3983 2752 4054 ἀφαιρῶν
2782 3983 2875 4035 τοῦ
2910 3980 3219 4052 ἀνθρώπου,
3241 3979 3397 4032 τοῦτο
3421 3979 3477 4031 δέ
3506 3980 3656 4033 ἐστιν
3682 3980 3714 4031 6

2139 4076 2290 4139 νοῦς,
2322 4075 2516 4145 κτῆνος
2549 4072 2793 4137 ἀπέδειξε
2826 4074 2887 4126 τὸ
2915 4071 3263 4141 λειπόμενονο
3297 4070 3358 4122 τὸ
3386 4069 3439 4121 δὲ
3478 4070 3670 4137 κτῆνος
3694 4107 3711 4131 ,

2139 4170 2238 4222 οὑκ
2258 4167 2352 4221 ἀνθ
2362 4184 2555 4237 ρωπος.
2576 4161 2705 4220 Εἶτά
2727 4184 2799 4236 φη
2808 4183 2875 4223 σι,
2899 4161 3351 4221 Ταπεινώσαντα
3363 4162 3575 4229 σαρκί(
3594 4160 3710 4227 73)·

2138 4257 2601 4328 ὑπερυψωθέγτα
2615 4257 2683 4309 δὲ
2694 4255 2810 4311 ὑπὸ
2825 4254 2969 4309 Θεοῦ
2985 4254 3097 4321 τὴν
3108 4254 3273 4307 θείαν
3290 4251 3716 4321 ὕψωσιγ.Τουτὶ

2142 4348 2302 4402 πάλιν
2327 4348 2433 4401 τῶν
2466 4346 2844 4418 προλαϐόντων
2891 4346 3026 4417 μετὰ
3051 4344 3304 4407 ἀσεϐείας
3335 4342 3713 4413 ἀνοητότερον.

2144 4439 2335 4493 Ἀλλον
2386 4440 2520 4509 φησὶ
2551 4436 3013 4501 τεταπεινῶσθαι,
3062 4437 3154 4488 καὶ
3200 4435 3381 4504 ἕτερον
3425 4431 3717 4502 ὑπερυψῶ-

460 4532 699 4588 cundum
733 4532 1069 4601 potissimam
1097 4531 1216 4599 ejus
1246 4538 1476 4599 partem.
1514 4528 1615 4594 Qui
1649 4538 1827 4583 autem
1863 4529 2030 4599 potis-

2142 4530 2287 4585 σθαι.
2325 4530 2389 4582 Ἢ
2415 4528 2571 4600 σὰρξ,
2604 4529 2766 4599 φησὶ,
2792 4526 3214 4589 τεταπείνωται,
3244 4525 3415 4577 καίτοι
3438 4523 3588 4576 οὐδὲν
3616 4521 3715 4575 τοῦ

462 4626 656 4682 simam
688 4631 918 4695 partem,
943 4624 1045 4677 hoc
1086 4631 1191 4685 est,
1230 4628 1464 4677 mentem
1497 4621 1675 4675 aufert
1698 4622 1766 4676 ab
1793 4622 2036 4683 homine,

462 4718 512 4773 is
555 4718 701 4787 quod
746 4726 997 4786 superest
1043 4715 1350 4783 jumentum
1388 4729 1510 4768 esse
1544 4714 1778 4780 deﬁnit;
1819 4714 2037 4784 jumen-

2138 4622 2537 4691 ταπεινωθῆναι
2562 4620 2952 4692 προσδεομένη,
2974 4621 3007 4688 ἡ
3038 4617 3098 4670 τὸ
3125 4617 3378 4670 ταπεινὸν
3401 4617 3464 4667 ὲκ
3499 4614 3720 4682 φύσεως

2141 4715 2340 4786 ἔχουσα
2360 4729 2373 4744 ·
2400 4714 2498 4783 τὴν
2524 4713 2579 4765 δὲ
2605 4711 2835 4781 θεότητα
2866 4707 3253 4781 ὑπερυψῶσθαι
3284 4706 3452 4774 λέγει.
3483 4706 3577 4759 καὶ
3605 4705 3714 4774 μὴν

462 4818 577 4863 tum
603 4818 782 4863 autem
823 4823 931 4861 non
959 4815 1042 4861 est
1070 4806 1253 4859 homo.
1290 4804 1492 4859 Deinde
1517 4804 1691 4875 inquit
1720 4825 1733 4855 :
1770 4806 2030 4858 Humilia-

2138 4808 2199 4860 τὸ
2222 4806 2440 4875 ὕψιστον
2465 4804 2740 4866 ἀνεπιδεὲς
2765 4802 2862 4872 τῆς
2889 4799 3165 4870 ὑψώσεως.
3198 4798 3306 4856 Ποῦ
3327 4798 3500 4851 τοίνυν
3534 4798 3709 4865 ὑπερ-

464 4910 573 4955 tum
608 4903 661 4955 in
691 4918 867 4963 carne,
888 4897 1334 4968 auperexaltalum
1374 4914 1491 4951 vero
1548 4914 1580 4949 a
1611 4896 1717 4951 Deo
1744 4897 1920 4951 divina
1949 4915 2041 4951 su-

464 4992 740 5046 blimitate.
803 4990 916 5045 Hoc
976 5004 1192 5051 rursus,
1226 4990 1367 5042 ultra
1420 4988 1777 5060 impietatem,
1819 4989 1885 5043 iis
1919 5004 2038 5059 quae

463 5093 619 5139 antea
643 5084 865 5154 protulit
898 5082 1208 5139 dementius
1239 5090 1343 5138 est.
1370 5082 1529 5135 Aliud
1551 5081 2035 5135 dicithumiliatum

2142 4895 2327 4965 ὑψώθη
2371 4897 2404 4965 ἡ
2451 4894 2662 4966 θεότης,
2717 4895 2751 4965 ἡ
2792 4892 2884 4946 τοῦ
2926 4892 3125 4954 παντὸς
3177 4890 3581 4960 ὑπερκειμένη,
3620 4890 3717 4942 καὶ

2145 4988 2567 5058 ὑπερανεστῶσα
2615 4986 2795 5055 πάσης
2824 4985 3116 5054 ὑψώσεωςς
3159 4982 3318 5037 Ἀλλά
3354 4983 3413 5035 τὸ
3445 4985 3511 5053 τῇ
3553 4983 3715 5051 φύσει

2146 5079 2398 5135 ταπεινὸν
2437 5075 2698 5148 ὑψοῦται,
2730 5075 2829 5129 κᾶν
2866 5077 2894 5128 6
2934 5075 3271 5145 λογογράφος
3319 5074 3392 5145 μὴ
3425 5073 3711 5145 βούληται,

464 5175 662 5239 fuisse,
699 5186 753 5230 et
785 5176 931 5230 aliud
983 5174 1467 5245 supetexaltatum.
1505 5172 1669 5242 Caro,
1706 5174 1899 5246 inquit,
1946 5174 2030 5227 hu-

2145 5172 2325 5235 καθὼς
2360 5170 2537 5242 μικρῴ
2565 5168 2797 5240 πρόσθεν
2824 5168 2851 5220 6
2877 5167 3003 5238 περὶ
3027 5166 3233 5219 τούτων
3256 5166 3411 5235 λόγος
3439 5165 3713 5236 διῄρηται.

535 5285 581 5316 ⁸³
606 5283 650 5337 ΙΙ
679 5284 807 5339 Cor.
842 5302 896 5351 ν,
924 5284 1016 5341 21.

533 5395 647 5470 (ϐξ)
681 5396 837 5470 ςοῐτ.
863 5396 1228 5470 ὡμολόγηται.

559 5467 648 5537 69)
671 5467 829 5521 Corr.
864 5469 980 5521 ἐστὶ
1009 5474 1089 5524 τό.

678 5538 831 5610 Corr.
858 5538 972 5591 ἐστί
999 5557 1050 5592 τι
1082 5540 1307 5610 κίνημα.

534 5598 649 5677 (71)
674 5608 889 5680 Locum
915 5610 1061 5664 hunc
1087 5620 1140 5665 et
1168 5598 1337 5663 multa
1366 5626 1486 5674 quae
1512 5618 1813 5680 sequuntur
1842 5610 2035 5680 partim

465 5674 832 5755 a‘d'verhum,
868 5681 1063 5755 partim
1118 5680 1186 5732 ad
1225 5674 1605 5755 sententiain;
1638 5697 1779 5755 sape
1824 5674 2042 5755 laudato

472 5744 744 5821 Panoplia:
787 5744 885 5800 tit:
923 5751 987 5801 13
1036 5750 1264 5805 inseruit
1307 5744 1679 5820 Euthymius,’
1715 5744 1835 5821 pag.
1900 5751 2045 5809 528.

465 5830 611 5875 vers.
674 5817 953 5873 Dominum
1012 5820 1063 5874 in
1129 5821 1304 5875 δι’νυὶίὶ
1350 5817 1553 5891 forma,
1607 5817 1729 5877 cuni
1787 5817 2048 5893 vsequeuti

2139 5399 2299 5467 cujus
2328 5398 2540 5453 initium
2573 5418 2585 5452 :
2617 5396 2720 5465 Qui
2748 5396 2886 5467 quod
2911 5410 3154 5449 maxime.

2214 5469 2502 5537 (7‘2)C0rr.
2534 5470 2621 5521 διὰ
2658 5469 2737 5522 τό.
2782 5532 2788 5539 ⁸
3017 5537 3025 5539 _
3178 5535 3187 5539 _
3316 5532 3325 5539 ι
3429 5531 3439 5539 ⁸
3540 5524 3565 5536 η

2217 5531 2328 5609 (75)
2358 5540 2430 5592 lla
2460 5556 2628 5603 corn;
2660 5532 2811 5608 prius
2834 5546 2947 5592 erat
2974 5537 3071 5609 μὲν
3091 5535 3219 5609 χρή,
3246 5532 3327 5609 vel
3361 5531 3451 5600 xp‘t
3473 5531 3567 5606 τοῦ
3591 5545 3716 5597 φαι-

2146 5601 2391 5731 νομένου.
2418 5601 2910 5680 Fortelegendum,
2936 5601 3217 5674 ἀλλὰ’μὲν
3260 5601 3418 5676 μέχρι
3457 5601 3551 5651 τοῦ
3593 5616 3715 5673 φα.-

2148 5699 2249 5731 νου.
2283 5698 2394 5731 νου.

2148 5698 2394 5735 νομενου.

2211 5699 2394 5752 μενου.

2218 5750 2328 5818 (74)
2358 5750 2434 5805 lta
2471 5766 2639 5814 corr.;
2673 5757 2829 5804 antea
2859 5748 2925 5819 ἄν
2957 5764 3137 5819 φησιν.

2220 5823 2329 5894 (73)
2359 5820 2513 5877 Corr.
2550 5820 2747 5873 ἑαυτὸν
2770 5818 2948 5889 σαρκί.
3004 5858 3009 5861 -
