4020 6504
320 358 461 420 ηπ

1479 361 1848 421 ADVERSUS
1872 362 2379 419 APOLLINAREM.

3417 363 3557 419 in»

317 480 524 536 mitrata
550 475 672 543 luit,
702 492 822 533 eum
851 484 1029 532 tamen
1066 493 1186 549 quae
1213 484 1403 550 suapte
1442 490 1636 535 natura
1684 482 1904 536 humilis
1941 490 2024 535 est
2060 480 2332 534 lmmiliari
2382 494 2520 549 opus
2574 493 2681 533 non
2728 478 2951 545 nabeat;
3023 477 3359 534 divinitatem
3428 498 3559 537 vero

319 570 712 640 superexaltari
783 571 937 638 dicit,
1007 572 1256 643 quamvis
1292 572 1434 641 quod
1482 573 1808 629 altissimum
1863 581 1948 628 est
1985 573 2313 627 exaltatione
2345 587 2453 626 non
2498 580 2671 640 egeat.
2711 568 2937 624 Ubinam
2970 571 3130 641 igitur
3162 572 3557 640 superexaltata

309 670 404 717 est
436 663 712 727 divinitas,
742 678 862 733 quae
909 665 1089 718 omnia
1172 663 1561 734 supereminet,
1602 679 1925 733 omnemque
1964 665 2349 719 sublimitatem
2380 661 2629 717 excedit?
2682 662 2776 716 sed
2805 660 2949 731 quod
2989 662 3073 717 sui
3098 668 3294 716 natura
3357 661 3563 716 humile

317 765 406 813 est
433 754 725 821 exaltatur,
757 756 886 811 velit
914 756 1050 812 nolit
1076 756 1309 827 scriptor
1341 763 1545 821 noster,
1573 766 1632 810 ut
1662 756 1715 809 in
1748 757 1905 826 paulo
1921 764 2046 811 ante
2078 755 2262 811 habito
2286 756 2436 810 hisce
2466 753 2534 809 de
2562 754 2725 810 rebus
2752 768 3001 810 sermone
3026 754 3279 809 disserui.

394 848 561 902 Πάλιν
582 846 721 901 κατὰ
748 849 873 912 τοὺς
887 849 945 902 ὲν
960 847 1113 916 ὕπνῳ
1137 849 1887 921 παραφθεγγομένους,ἀφεὶς

2062 847 2250 903 XXIV.
2285 847 2391 902 Sed
2428 862 2622 903 rursus
2662 848 2874 902 illorum
2903 847 3077 903 instar
3112 847 3205 917 qui
3238 848 3293 901 in
3332 848 3563 903 somniis

321 939 423 1010 τῆς
460 940 804 1011 κατασκευῆς
827 941 888 994 τὸ
928 941 1239 1010 ἀκόλουθον,
1266 945 1380 1007 τοῖς
1400 943 1687 1015 ἡμετέροις
1719 943 1895 1012 λόγοις

325 1031 721 1102 συγκέχρηται,
751 1032 844 1085 καὶ
880 1032 1024 1103 ἅπερ
1057 1033 1122 1087 ἄν
1144 1051 1229 1098 τις
1264 1033 1410 1087 εἴποι
1437 1033 1546 1087 τῶν
1577 1034 1744 1103 ὑγιῶς
1768 1051 1898 1105 φρο-

323 1121 559 1175 νούντων
616 1123 745 1193 περ)⁵
792 1122 885 1176 τοῦ
920 1123 1205 1194 δόγματος,
1244 1124 1416 1179 ταῦτα
1447 1125 1541 1179 καὶ
1584 1125 1744 1188 αὑτὸς
1785 1126 1898 1188 τοῖς

329 1208 483 1273 ἰδίοις
512 1210 875 1280 καταμίγνυσι
914 1211 1111 1280 λόγοις.
1157 1214 1435 1285 Διακρίνει
1460 1215 1567 1286 γὰρ
1603 1214 1664 1268 τὺ
1685 1213 1899 1278 δοξαζό-

331 1317 509 1370 μενον,
565 1301 661 1355 καὶ
706 1302 797 1354 τὸν
847 1304 946 1372 τὴν
985 1303 1139 1369 δόξαν
1177 1302 1387 1375 ἔχοντα.
1422 1301 1727 1369 Δοξάζεται
1767 1303 1895 1372 τὰρ,

329 1394 515 1462 φησὶν,
537 1391 615 1457 ὡς
643 1392 949 1462 ἄνθρωπος
974 1409 989 1425 ’
1027 1394 1215 1460 δόξαν
1252 1393 1320 1448 δὲ
1358 1394 1483 1464 ἔχει
1521 1394 1635 1464 πρὸ
1664 1394 1770 1449 τοῦ
1803 1396 1900 1449 κό-

328 1500 509 1554 σμου,
539 1484 618 1551 ὡς
642 1483 781 1550 Θεὸς
829 1484 1229 1555 προϋπάρχων
1281 1485 1400 1540 τῶν
1437 1486 1681 1540 αἰώνων.
1724 1486 1899 1557 Μέχρι

328 1576 535 1631 τούτων
558 1577 918 1646 εὑγνωμονῶν
958 1577 1069 1648 (76)
1095 1596 1108 1608 ·
1143 1578 1257 1632 ἀλλ’
1290 1580 1337 1631 εί
1363 1577 1462 1649 μὲν
1494 1577 1702 1642 τούτοις
1731 1578 1800 1632 τὰ
1822 1579 1903 1632 λε-

329 1669 535 1739 γόμενα
573 1668 703 1739 παρ’
728 1669 895 1722 αὑτοῦ
923 1670 1273 1744 περιώριστο,
1296 1671 1428 1734 ἴσως
1451 1669 1514 1724 ἄν
1547 1687 1629 1733 τις
1655 1670 1817 1724 αὑτὸν
1838 1672 1902 1726 ὲκ

334 1759 694 1833 μεταμελείας
743 1760 895 1831 ᾠήθη
945 1760 1081 1828 πρὸς
1142 1759 1239 1823 τὰς
1295 1759 1682 1832 εὐσεϐεστέρας
1730 1762 1903 1816 ἐλθεῖν

330 1853 438 1907 τῶν
468 1852 804 1923 ὑπολήψεων.
833 1850 970 1905 Νυνὶ
998 1850 1057 1905 δὲ
1104 1850 1351 1923 καθάπερ
1377 1854 1632 1924 καμπτήν
1657 1870 1778 1907 τινα
1804 1855 1904 1927 τὴν

333 1944 461 2014 ὑγιῆ
506 1943 709 2014 ταύτην
748 1942 988 1996 διάνοιαν
1028 1942 1105 2013 τῷ
1130 1942 1275 2014 λόγῳ
1316 1943 1688 2014 περιοδεύσας,
1744 1944 1904 1998 πάλιν

331 2032 424 2083 ἐπὶ
449 2030 509 2083 τὸ
531 2031 631 2101 τῆς
660 2031 864 2103 πλάνης
905 2031 1259 2102 ὲπανατρέχει
1299 2032 1530 2095 στάδιον,
1564 2034 1655 2087 καὶ
1686 2034 1906 2099 πολλαῖς

332 2121 455 2175 καθ’
483 2122 637 2193 ἡμῶν
660 2121 945 2193 λοιδορίαις
973 2123 1340 2194 χρησάμενος,
1370 2123 1463 2178 καὶ
1495 2124 1787 2191 Ἰουδαίοις,
1812 2127 1906 2182 καὶ

1998 954 2255 1011 perverse
2299 939 2624 1009 loquuntur,
2665 952 2732 993 eo
2783 938 3146 1008 praetermisso
3186 940 3330 1009 quod
3369 954 3560 995 conse-

1999 1044 2174 1101 quens
2223 1036 2341 1085 erat
2390 1038 2450 1083 ut
2487 1029 2763 1099 probaret,
2797 1028 2962 1084 verba
3007 1037 3194 1084 nostra
3236 1037 3482 1101 usurpat,
3507 1039 3562 1085 et

1996 1136 2116 1190 quae
2145 1131 2291 1176 recte
2317 1120 2386 1175 de
2424 1119 2529 1176 ﬁde
2583 1120 2932 1176 sentientium
2964 1120 3163 1190 aliquis
3193 1120 3417 1187 diceret,
3448 1122 3563 1177 haec

1997 1219 2051 1265 et
2104 1211 2221 1281 ipse
2275 1212 2509 1282 propriis
2575 1211 2845 1267 immiscet
2888 1212 3253 1267 sermonibus.
3310 1210 3368 1267 ld
3417 1214 3562 1269 enim

2000 1301 2144 1374 quod
2176 1302 2510 1373 gloriﬁcatur
2536 1304 2605 1357 ab
2629 1318 2695 1358 eo
2714 1303 2809 1374 qui
2839 1303 3065 1375 gloriam
3091 1304 3336 1374 possidet
3360 1305 3564 1361 discer-

1998 1395 2099 1449 nit.
2135 1392 2475 1454 Gloriﬁcatur
2528 1396 2687 1458 enim,
2719 1395 2813 1461 ait,
2872 1402 2929 1448 ut
2969 1394 3407 1466 homo;gloriam
3446 1413 3563 1451 vero

1997 1484 2153 1538 habet
2205 1494 2485 1555 antequam
2546 1485 2771 1540 mundus
2820 1486 3147 1549 conderetur,
3210 1495 3387 1556 utpote
3424 1486 3564 1541 Deus

2001 1587 2124 1631 ante
2146 1577 2341 1631 secula
2386 1578 2662 1632 exsistens.
2694 1576 2966 1634 Hactenus
2998 1578 3217 1649 quidem
3250 1586 3397 1634 recte
3440 1594 3567 1633 sen-

2003 1670 2183 1736 tiens;
2235 1670 2385 1740 atqui
2432 1671 2477 1725 si
2505 1671 2645 1725 intra
2684 1671 2848 1725 hosce
2880 1678 3087 1724 tantum
3126 1668 3390 1724 terminos
3430 1670 3568 1724 scri-

2002 1761 2176 1833 ptoris
2211 1762 2356 1816 dicta
2412 1761 2797 1825 consisterent,
2847 1759 3080 1816 fortasse
3134 1758 3330 1827 aliquis
3387 1758 3564 1828 ipsum

2003 1855 2325 1926 paenitentia
2342 1855 2564 1909 ductum
2599 1852 2666 1907 ad
2721 1860 2884 1908 rectae
2913 1852 3031 1907 ﬁdei
3065 1852 3234 1922 magis
3258 1849 3566 1906 conformes

2004 1946 2303 2002 accessisse
2339 1946 2639 2001 sententias
2681 1943 2989 2009 censuerit;
3023 1957 3168 1997 nunc
3197 1957 3325 1997 vero
3352 1940 3564 1995 illorum

2007 2041 2181 2096 instar
2220 2039 2313 2110 qui
2352 2054 2448 2109 per
2496 2037 2765 2093 ﬂexuosas
2827 2044 2880 2090 et
2932 2035 2985 2091 in
3022 2051 3081 2091 se
3131 2034 3423 2090 redeuntes
3450 2035 3570 2088 vias

2008 2130 2282 2194 incedunt,
2348 2143 2534 2184 sanam
2564 2127 2705 2181 hanc
2736 2134 3049 2195 rectamque
3070 2124 3394 2181 sententiam
3437 2138 3559 2177 ver-

333 2212 559 2283 Ἕλλησι
585 2212 644 2266 τὸ
674 2212 795 2266 καθ’
842 2215 990 2285 ἡμᾶς
1029 2213 1365 2286 παρισώσας,
1409 2211 1564 2279 αὖθις
1596 2218 1906 2289 ἐπαναλαμ-

2009 2224 2203 2278 borum
2265 2218 2625 2275 conversione
2686 2217 3075 2287 complectens,
3135 2230 3259 2270 mox
3318 2215 3372 2268 in
3426 2214 3567 2270 idem

333 2305 485 2359 ϐάνει
517 2303 593 2375 τῷ
623 2304 763 2375 λόγῳ
805 2304 899 2359 τὸν
940 2305 1153 2375 ἔμετον,
1193 2305 1252 2359 ὃν
1308 2307 1365 2359 ὲν
1416 2308 1526 2370 τοῖς
1575 2307 1906 2379 προλαϐοῦσι

333 2397 547 2468 φθάσας
571 2396 823 2469 ὲξήμεσε,
858 2397 956 2469 τὴν
997 2398 1320 2471 προαιὼνιον
1350 2399 1527 2470 σάρκα
1560 2399 1670 2471 (77)
1703 2400 1790 2455 διὰ
1809 2401 1908 2472 τῆς

336 2487 692 2559 ματαιότητος
712 2488 820 2541 τῶν
843 2488 1017 2557 λόγων
1046 2488 1122 2560 τῷ
1142 2488 1360 2561 Χριστῷ
1375 2506 1441 2541 πε
1451 2489 1781 2560 ριπλάσσων,
1812 2491 1908 2545 καὶ

332 2581 527 2650 λέγων,
550 2580 673 2635 νοῦν
696 2579 804 2650 (78)
830 2580 1091 2651 ἔνσαρκον
1132 2581 1259 2633 ὄντα
1285 2580 1377 2633 τὸν
1403 2580 1531 2633 Υίὸν
1561 2581 1626 2633 ἐκ
1652 2582 1907 2649 γυναικὸς

333 2674 587 2745 τεχθῆναι
609 2690 623 2703 ·
654 2673 756 2725 οὑκ
781 2674 837 2725 ὲν
866 2676 929 2744 τῇ
958 2670 1214 2742 Παρθένῳ
1237 2672 1414 2745 σάρκα
1440 2672 1748 2743 γενόμενον,
1771 2672 1907 2726 ἀλλὰ

335 2763 642 2837 παροδικῶς
670 2764 736 2816 δι’
770 2764 939 2833 αὑτῆς
966 2762 1317 2829 διεξελθόντα,
1351 2761 1461 2828 οἷος
1499 2764 1601 2834 πρὸ
1638 2765 1747 2816 τῶν
1775 2764 1906 2817 αἰώ-

336 2875 443 2912 νων
468 2852 554 2928 ῆν,
585 2857 704 2910 τότε
749 2855 1126 2928 φανερωθῆναι
1163 2856 1293 2910 αὑτὸ
1320 2857 1380 2909 τὸ
1408 2857 1748 2927 φαινόμενον,
1775 2856 1903 2929 σάρο

335 2968 483 3006 κινον
516 2949 642 3004 ὄντα
667 2949 818 3015 Θεὸν,
853 2949 886 3021 ἢ
928 2948 1110 3013 καθὼς
1135 2949 1295 3013 αὑτὸς
1334 2949 1605 3019 ὀνομάζει,
1645 2950 1906 3020 ἒνσαρκον

335 3042 480 3099 νοῦν.
511 3043 600 3097 Διό
645 3061 809 3115 φησιν
861 3042 1022 3097 αὑτὸν
1055 3041 1257 3114 Κύριον
1295 3042 1452 3113 δόξης
1498 3044 1588 3097 τὸν
1628 3044 1905 3115 ἐσταυρω-

339 3132 502 3204 μένον
551 3130 1033 3201 κατονομάζεσθαι,
1081 3132 1175 3184 καὶ
1212 3131 1415 3203 Κύριον
1449 3132 1726 3203 δυνάμεων
1758 3132 1905 3203 παρὰ

335 3224 437 3292 τῆς
462 3224 793 3295 προφητείας
824 3223 1094 3291 λέγεσθαι,
1125 3225 1333 3288 καὶτὰς
1356 3224 1671 3287 αὑθεντικὰς
1696 3224 1906 3288 ὲκείνας

338 3316 431 3370 καὶ
466 3314 785 3378 δεσποτικὰς
810 3314 1079 3370 ποιεῖσθαι
1103 3315 1302 3386 φωνὰς,
1333 3315 1393 3369 τό
1411 3331 1426 3347 ’
1460 3309 1604 3379 Ἐγὼ
1621 3307 1767 3379 λέγω
1779 3322 1892 3366 σοι’

338 3407 454 3469 καὶ,
498 3406 636 3475 Ἐγὼ
664 3405 971 3467 ἐπιτάσσω
995 3421 1110 3459 σοι·
1148 3406 1263 3466 καὶ,
1300 3402 1630 3476 Ἐργάζομαι
1645 3402 1780 3473 ἐγὼ,
1814 3401 1906 3457 καὶ

336 3499 439 3556 ὅσα
462 3498 597 3552 ἄλλα
618 3499 715 3569 τῆς
745 3498 1078 3570 ὑψηλοτέρας
1111 3496 1402 3569 ἐμφάσεως
1448 3495 1645 3567 ἔχεται.
1678 3496 1745 3549 Τί
1770 3491 1860 3550 οῦν
1879 3496 1907 3549 ὀ

338 3590 634 3659 γεννάδας;
672 3589 779 3643 Ποῦ
821 3588 972 3660 θήσει
1018 3588 1116 3660 τὴν
1162 3587 1350 3660 θηλὴν,
1384 3588 1451 3641 τά
1481 3588 1786 3659 σπάργανα,
1807 3588 1903 3659 τὴν

340 3681 628 3754 ἐπίρρυτον
661 3680 803 3750 ζωὴν
826 3682 920 3733 καὶ
966 3680 1291 3752 ἀπόρρυτον,
1324 3679 1423 3749 τὴν
1458 3680 1576 3732 κατ’
1607 3679 1783 3747 ὀλίγον
1813 3678 1907 3731 τοῦ

343 3775 592 3845 σώματος
615 3773 863 3844 αὔξησιν,
890 3771 980 3827 τὸν
1002 3772 1187 3836 ὕπνον,
1208 3771 1299 3825 τὸν
1332 3772 1518 3834 κόπον,
1551 3770 1650 3840 τὴν
1682 3770 1789 3824 τῶν
1814 3786 1909 3839 γο-

340 3867 476 3920 νέων
498 3865 779 3935 ὲπιταγὴν,
808 3864 906 3936 τὴν
948 3864 1263 3934 ἀδημονίαν,
1292 3862 1390 3932 τὴν
1426 3861 1623 3931 λύπην,
1663 3861 1762 3932 τὴν
1792 3864 1913 3916 επις

342 3959 540 4029 θυμίαν
566 3959 659 4011 τοῦ
684 3959 891 4028 Πάσχα,
927 3956 1020 4028 τὴν
1046 3955 1141 4009 τοῦ
1182 3957 1369 4019 ’ὑδατος
1393 3954 1625 4026 αἴτησιν,
1656 3955 1753 4026 τὴν
1786 3973 1911 4025 μετ-

339 4051 526 4106 ουσίαν
571 4052 673 4119 τῆς
709 4048 983 4122 βρώσεως,
1014 4049 1081 4101 τά
1109 4048 1302 4118 δεσμὰ,
1325 4046 1395 4100 τὰ
1434 4047 1775 4117 ῥαπίσματα,
1813 4048 1911 4112 τάς

342 4147 407 4199 ὲκ
436 4144 713 4216 μαστίγων
762 4142 997 4211 πληγὰς,
1027 4140 1123 4211 τὴν
1155 4140 1246 4193 ἐπὶ
1274 4140 1373 4209 τῆς
1413 4138 1654 4209 κεφαλῆς
1682 4140 1911 4193 ἀκανθο-

342 4235 557 4307 φορίαν,
592 4234 688 4304 τὴν
734 4232 824 4286 τοῦ
873 4231 1121 4287 κοκκίνου
1178 4229 1489 4302 περιϐολὴν,
1549 4228 1648 4301 τὴν
1693 4228 1783 4282 διὰ
1817 4226 1911 4281 τοῦ

342 4328 589 4399 καλάμου
621 4325 794 4397 ὓϐριν,
816 4325 915 4395 τὴν
951 4324 1147 4396 λόγχην
1175 4323 1310 4393 (79),
1331 4322 1392 4374 τὸ
1411 4322 1551 4388 ὅξος,
1578 4321 1703 4384 τοὺς
1726 4320 1910 4391 ἥλους,

341 4420 439 4491 τὴν
479 4418 657 4491 χολὴν,
717 4417 815 4487 τὴν
850 4416 1076 4484 σινδόνα,
1135 4415 1225 4469 τὸν
1272 4412 1658 4484 ὲνταφιασμὸν,
1688 4412 1748 4465 τὸ
1776 4428 1913 4482 μνη-

345 4515 517 4583 μεῖον,
547 4510 639 4563 τὸν
683 4508 866 4571 λίθους
916 4508 1039 4570 Πῶς
1089 4506 1261 4560 ταῦτα
1302 4505 1628 4576 συναρτήσει
1656 4504 1734 4574 τῷ
1757 4502 1910 4574 Θεῷ;

340 4604 405 4657 ΕΞ
434 4604 544 4675 γὰρ
571 4603 599 4654 ό
631 4602 891 4672 ἕνσαρκος
923 4600 1087 4654 αὑτοῦ
1120 4598 1272 4662 Θεὸς,
1291 4598 1428 4667 ὅπερ
1458 4597 1546 4650 διὰ
1566 4595 1662 4666 τῆς
1697 4595 1914 4664 Μαρίας

340 4694 520 4766 ὤφθη,
569 4694 725 4747 τοῦτο
773 4694 999 4747 πάντοτε
1028 4686 1117 4762 ἦν,
1154 4690 1249 4742 καὶ
1284 4688 1346 4741 τὸ
1384 4687 1702 4757 φαινόμενον
1726 4685 1913 4757 θεότης

2007 2314 2210 2370 erroris
2268 2312 2505 2368 stadium
2558 2310 2809 2371 recurrit,
2852 2309 3144 2378 multisque
3176 2306 3437 2363 adversus
3470 2322 3571 2361 nos

2008 2405 2264 2461 convitiis
2306 2418 2456 2466 usus,
2479 2410 2534 2457 et
2562 2417 2687 2456 cum
2722 2400 3050 2463 Iudaeorum,
3084 2410 3197 2454 tum
3226 2399 3568 2457 ethnicorum

2006 2496 2285 2554 erroribus
2315 2493 2473 2549 ﬁdem
2511 2502 2749 2548 nostram
2800 2491 3162 2561 aequiparans,
3220 2490 3408 2547 sordes
3438 2505 3573 2560 quas

2006 2588 2063 2643 in
2126 2585 2570 2642 antecedentibus
2632 2594 2945 2640 evomuerat
3018 2585 3264 2654 sequenti
3325 2599 3573 2640 sermone

2005 2679 2270 2745 resorbet,
2294 2678 2420 2732 dum
2460 2691 2677 2732 carnem
2707 2677 2921 2731 saeculis
2956 2676 3319 2746 antiquiorem
3350 2691 3573 2731 suorum

2005 2772 2243 2826 vanitate
2295 2770 2582 2826 verborum
2616 2768 2836 2825 Christo
2862 2768 3085 2840 aﬂingit,
3114 2768 3320 2833 dicens,
3348 2766 3575 2832 Filium,

2006 2863 2101 2934 qui
2145 2877 2313 2918 carne
2361 2860 2586 2932 praedita
2626 2875 2778 2915 mens
2805 2866 2944 2924 erat,
2972 2874 3040 2915 ex
3069 2860 3295 2914 muliere
3332 2858 3572 2928 genitum

2007 2956 2175 3010 fuisse
2203 2972 2219 3021 ;
2260 2968 2364 3008 non
2391 2952 2535 3023 quod
2569 2951 2623 3006 in
2658 2950 2879 3021 Virgine
2907 2950 3232 3006 carofactus
3265 2951 3448 3014 fuerit,
3480 2951 3574 3005 sed

2005 3048 2150 3118 quod
2184 3061 2280 3116 per
2311 3045 2395 3113 ips
2409 3058 2515 3111 am,
2539 3042 2693 3112 quasi
2720 3057 2817 3111 per
2860 3042 3103 3097 canalem
3134 3042 3429 3105 transiens,
3452 3042 3576 3095 talis

2008 3150 2137 3193 tunc
2173 3136 2414 3192 exterius
2448 3135 2785 3205 apparuerit,
2828 3135 3007 3206 qualis
3043 3141 3170 3189 ante
3203 3135 3403 3189 saecula
3433 3145 3573 3195 erat.

2006 3230 2243 3285 carnalis
2300 3228 2551 3283 videlicet
2610 3226 2791 3292 Deus,
2853 3234 2943 3293 et,
2999 3234 3057 3280 ut
3128 3226 3243 3296 ipse
3298 3226 3575 3298 loquitur,

2004 3338 2159 3378 mens
2201 3336 2366 3377 carne
2411 3320 2631 3392 przedita
2681 3338 2694 3373 :
2755 3319 3107 3389 quamobrem
3162 3319 3345 3374 subdit
3391 3320 3575 3390 ipsum

2007 3413 2160 3469 cruci
2220 3413 2470 3468 sufﬁxum
2534 3411 2821 3466 Dominum
2886 3410 3071 3481 gloriae
3106 3411 3432 3479 nuncupari,
3467 3419 3579 3465 eta

2020 3503 2280 3574 propheta
2311 3502 2596 3558 Dominum
2639 3509 2967 3573 potestatum
3009 3500 3155 3568 dici;
3190 3501 3423 3572 indeque
3466 3500 3579 3556 ﬂeri

2023 3608 2080 3653 ut
2113 3611 2273 3652 voces
2296 3597 2416 3651 illas
2452 3594 2665 3667 imperii
2690 3605 2744 3649 et
2768 3593 3057 3664 potestatis
3089 3593 3297 3665 indices
3320 3592 3577 3662 proferat.

2012 3705 2223 3758 nempe,
2256 3688 2368 3759 Ego
2394 3688 2513 3742 dico
2549 3687 2643 3740 tibi
2668 3687 2759 3754 σε’,
2788 3696 2842 3741 et
2877 3685 2989 3756 Ego
3021 3686 3268 3754 prwcipio
3297 3685 3389 3738 tibi
3433 3681 3502 3746 “,
3522 3687 3577 3734 et

2012 3778 2125 3849 Ego
2145 3794 2328 3847 operor
2354 3778 2421 3841 ⁸⁵,
2457 3788 2512 3833 et
2540 3784 2807 3847 quotquot
2826 3776 2929 3829 alia
2958 3775 3326 3831 sublimiorem
3350 3774 3579 3843 speciem

2015 3886 2125 3942 prae
2162 3885 2222 3924 se
2258 3868 2460 3923 fuerut.
2494 3866 2638 3934 Quid
2672 3868 2839 3937 igitur
2864 3868 3097 3922 eximius
3149 3866 3252 3921 iste
3288 3865 3371 3919 vir
3397 3863 3584 3919 dicet?

2017 3962 2246 4017 Ubinam
2276 3968 2442 4029 ponet
2469 3961 2698 4015 materni
2724 3958 2878 4012 laetis
2919 3957 3199 4022 haustum,
3233 3970 3442 4026 pannos
3461 3956 3584 4025 qui-

2014 4054 2116 4108 bus
2154 4053 2432 4108 involutus
2468 4050 2591 4116 fuit,
2624 4058 2957 4105 crescentem
2992 4056 3153 4118 atque
3181 4048 3581 4102 decrescentem
3638 4104 3649 4115 θ

2012 4128 2203 4208 vitam,
2261 4143 2517 4214 corporis
2575 4142 2967 4198 incrementum
3034 4138 3293 4209 paulatim
3356 4137 3580 4201 factum,

2013 4253 2287 4302 somnum,
2342 4237 2611 4298 laborem,
2656 4233 2972 4305 parentibus
3040 4231 3581 4300 obtemperationem,

2014 4343 2327 4392 mmrorem,
2356 4326 2653 4389 tristitiam,
2682 4323 2966 4378 Pascbatis
3013 4320 3331 4377 comedendi
3372 4319 3584 4376 deside-

2017 4422 2178 4487 rium,
2208 4435 2362 4490 aquaz
2407 4416 2848 4488 postulationem,
2878 4415 2986 4469 cibi
3019 4413 3383 4483 sumptionem
3413 4452 3428 4475 ,
3460 4415 3583 4465 vin-

2015 4514 2159 4580 cula,
2185 4513 2391 4582 alapas,
2419 4510 2606 4580 plagas
2646 4506 2871 4578 ﬂagellis
2898 4505 3153 4571 inﬂictas,
3194 4503 3381 4574 spinas
3409 4503 3585 4571 capite

2016 4610 2275 4674 gestatas,
2350 4600 2668 4655 coccineum
2748 4597 3148 4661 indumentum,
3204 4592 3584 4650 contumeliam

2019 4694 2287 4750 arundine
2341 4694 2568 4757 illatam,
2628 4690 2897 4754 lanceam,
2953 4696 3189 4749 acetum,
3226 4686 3430 4749 clavos,
3491 4683 3583 4745 fel,

338 4782 429 4857 ῆν,
461 4786 634 4839 πάντα
663 4785 833 4838 ταῦτα
862 4785 895 4853 ἡ
926 4782 1114 4851 θεότης
1144 4782 1365 4848 πάσχει,
1398 4777 1641 4849 θηλάζει,
1671 4793 1906 4849 σπαργα-

2019 4783 2326 4847 sindonem,
2398 4783 2769 4851 sepulturam,
2828 4786 3279 4844 monumentum,
3352 4774 3584 4845 lapidem

339 4878 547 4941 νοῦται,
578 4878 854 4946 τρέφεται,
887 4874 1167 4934 κοποῦται,
1199 4869 1439 4937 αὒξεται,
1477 4867 1796 4939 πληροῦται,
1821 4885 1906 4922 κε-

2018 4876 2193 4930 eidem
2246 4870 2764 4943 superimpositum?
2819 4868 3100 4935 Quomodo
3133 4870 3246 4923 haec
3280 4865 3391 4919 Deo
3423 4873 3584 4934 apta-

340 4969 545 5033 νοῦται,
582 4968 755 5032 ὑπνοῖ,
816 4967 1083 5027 λυπεῖται,
1128 4963 1403 5032 άδημονεί,
1458 4959 1721 5024 στενάζει,
1756 4959 1915 5030 δίψης

414 5107 483 5139 ⁶³’
518 5104 649 5159 an.
682 5119 777 5167 vn,
804 5100 889 5153 14.
967 5099 1010 5129 ⁸⁸
1036 5096 1203 5151 Marc.
1234 5110 1309 5159 Ix,
1347 5094 1437 5147 24.
1516 5093 1559 5124 ⁸⁵
1583 5091 1741 5147 Joan.
1766 5093 1929 5153 v.17.

415 5242 525 5312 (76)
589 5239 747 5312 Corr.
793 5236 1115 5312 emendasse
1147 5233 1384 5312 videtur,
1419 5231 1752 5312 e-Jxvdipiov;
1795 5234 1916 5299 ejus

342 5303 888 5372 enim'cmendatio,
942 5307 1193 5361 obscuris
1245 5305 1575 5372 qnilntsdatn
1646 5303 1911 5355 linearum

344 5382 601 5436 ductibus
625 5379 970 5450 exprimitur,
1008 5395 1108 5435 nec
1140 5383 1314 5442 potcSL
1342 5374 1486 5427 clare
1529 5373 1628 5442 legi
1685 5375 1735 5425 in
1788 5373 1911 5427 cod.

343 5451 468 5505 Vat.

416 5523 531 5582 ('77l
563 5521 719 5574 (ἴοι-ι’.
748 5518 847 5588 τὴν
878 5515 1201 5588 προαιῴνιον
1231 5513 1676 5588 εκείνηνλσάρκα.

417 5594 526 5660 (78)
558 5583 1291 5660 Exstatapud-Euthyminm
1321 5583 1650 5660 Zigabennnt
1682 5583 1735 5635 in
1758 5590 1908 5650 parte

345 5678 385 5718 Il
421 5655 689 5728 l’anoplim
730 5655 1060 5728 dogmaucw,
1089 5655 1171 5728 tit.
1212 5655 1278 5707 15
1301 5694 1313 5714 ,
1358 5656 1495 5728 inter
1523 5655 1627 5705 alia
1652 5660 1907 5728 excerpta

344 5749 413 5788 οι
471 5721 577 5785 hoc
635 5721 861 5800 Nysse'ni
914 5743 1098 5800 opere,
1161 5726 1315 5800 locus
1356 5724 1599 5792 quidam,
1638 5721 1905 5800 png.5'_.’.7,

349 5815 492 5859 vers.
531 5795 811 5863 A’unc'ait,
848 5799 1004 5865 cujus
1053 5797 1311 5852 nonnulla
1368 5805 1576 5850 tantum
1612 5797 1775 5847 verba
1823 5795 1907 5845 Inc

2021 4960 2134 5015 bit?
2175 4960 2233 5016 Si
2275 4961 2422 5016 enim
2463 4975 2700 5016 carneus
2742 4959 2861 5029 ejus
2889 4957 3031 5013 Deus
3084 4956 3135 5011 id
3181 4969 3396 5026 semper
3443 4963 3583 5017 erat,

2030 5230 2377 5301 reperiuntur
2402 5272 2416 5295 ,
2447 5236 2640 5282 caetera
2674 5237 2953 5301 vero__nec_
2979 5221 3066 5274 hic
3114 5235 3212 5274 nec
3262 5218 3348 5301 in.
3374 5218 3584 5301 reliquo

2024 5288 2189 5372 op'ere
2241 5288 2502 5370 apparent
2546 5305 2669 5372 :ﬂat
2708 5288 3445 5372 niliilominus“censendum
3496 5288 3585 5345 ω

2024 5362 2195 5427 multa
2229 5362 2393 5425 ib'i'de
2422 5383 2521 5422 suo
2552 5364 2895 5436 Euthyminm
2936 5362 3211 5415 addidisse
3240 5400 3254 5423 ,
3305 5374 3427 5412 cum
3486 5375 3582 5413 su-

2022 5442 2219 5510 sliicari
2270 5455 2450 5510 nemo
2483 5438 2654 5505 possit
2678 5433 2710 5498 ,⁷
2745 5433 2993 5510 mutilum
3042 5440 3136 5510 aut
3166 5444 3412 5510 mancum
3462 5444 3584 5484 esse

2018 5499 2294 5580 eiemplar
2326 5499 2706 5580 illud,'ex_»quo
2731 5504 3009 5575 egregium
3040 5502 3143 5555 hoc
3172 5499 3401 5570 Nysseni
3436 5514 3577 5570 opus

2018 5577 2263 5653 primi—ini
2300 5583 2491 5653 lucenr
2510 5577 2742 5653 edimus.

2088 5652 2197 5721 (79)
2227 5652 2379 5705 (lori.
2414 5650 2591 5717 primo
2640 5647 2756 5701 loco
2798 5643 2949 5715 ponit
2977 5644 3159 5715 χολήν,
3192 5640 3432 5699 secundo
3463 5642 3585 5695 loco

2016 5740 2236 5793 Λόγχην.
