4020 6508
481 378 622 435 “75

1722 374 1779 430 S.
1818 369 2140 428 (ΞΒΕοθῆιί
2170 366 2457 425 ΝῖδΞΕΝΙ

3583 356 3724 411 11⁸⁸16

478 492 621 561 quod
649 505 712 544 ex
744 488 910 542 Maria
947 488 1222 559 apparuit,
1250 496 1303 543 et
1330 489 1472 559 quod
1505 490 1757 560 apparuit
1785 488 2037 544 divinitas

2146 486 2236 539 καὶ
2285 488 2475 554 πείνης
2508 480 2839 537 αἰσθάνεται.
2892 475 3026 546 πρὸς
3052 474 3151 539 τὴν
3186 472 3360 542 συκῆν
3402 470 3584 541 τρέχει
3614 470 3725 537 (80)

476 593 624 648 erat;
657 583 771 634 haec
798 582 979 635 omnia
1012 580 1269 634 divinitas
1293 584 1515 650 patitur,
1542 582 1625 635 lac
1650 582 1817 651 sugit,
1848 582 2045 650 pannis

476 673 789 733 involvitur,
834 671 1098 735 nutritur,
1140 672 1374 730 laborat.
1408 673 1630 735 crescit,
1655 672 1932 742 impletur,
1954 689 2048 727 ex-

475 770 747 816 crementa
804 764 991 832 egerit,
1059 763 1283 825 dormit,
1348 764 1568 819 tristitia
1599 771 1762 833 atque
1813 778 2047 819 maerore

476 850 725 915 adicitur,
754 854 1015 922 suspirat,
1052 853 1246 907 famem
1275 854 1532 923 sitimque
1559 856 1741 917 sentit,
1774 854 1843 908 ad
1884 857 2045 909 ticum

475 944 669 1006 currit,
738 945 951 999 arboris
1010 945 1155 998 illius
1211 944 1441 1007 fructus,
1477 960 1777 1016 eorumque
1835 956 2046 1016 tempus

472 1036 706 1106 ignorat,
741 1036 881 1089 diem
911 1044 1074 1105 atque
1103 1037 1291 1090 horam
1324 1039 1520 1101 nescit,
1554 1038 1890 1104 verberatur,
1924 1041 2041 1092 vin-

473 1126 615 1181 culis
640 1123 1046 1196 constringitur,
1061 1127 1232 1197 alapis
1260 1128 1509 1190 caeditur,
1536 1128 1704 1183 clavis
1729 1129 2041 1200 conﬁgitur.

471 1216 791 1286 sanguinem
822 1215 1018 1281 fundit,
1052 1218 1302 1283 moritur,
1346 1220 1629 1289 sepelitur,
1670 1220 1725 1273 in
1753 1235 1894 1274 novo
1928 1236 2045 1275 mo-

471 1316 734 1362 numento
762 1307 1083 1363 collocatur.
1114 1306 1372 1379 Nunquid
1402 1310 1514 1364 haec
1548 1309 1730 1364 omnia
1771 1310 2040 1364 divinitati

471 1407 597 1453 ante
625 1399 825 1454 saecula
873 1399 1159 1454 exsistenti
1188 1403 1407 1471 prepria
1440 1409 1492 1455 et
1518 1403 1895 1457 conuaturalia
1920 1418 2044 1459 esse

469 1488 742 1554 concedit,
778 1503 1008 1558 eamque
1038 1491 1286 1558 corporis
1342 1490 1735 1545 incrementum
1790 1501 2041 1561 receptu-

468 1594 585 1634 ram
614 1595 726 1634 non
780 1578 951 1635 fuisse
979 1580 1198 1646 fatetur,
1235 1582 1340 1636 nisi
1377 1583 1648 1643 Iactasset,
1683 1596 1784 1636 nec
1814 1596 2042 1651 prorsus

470 1671 649 1725 vivere
673 1672 937 1741 potuisse,
954 1673 1007 1726 ni
1028 1672 1169 1727 vires
1202 1673 1468 1742 collapsas
1492 1674 1599 1728 cibi
1618 1676 1927 1743 sumptione
1954 1693 2042 1732 re-

469 1772 718 1833 parasset
744 1763 767 1817 ?
794 1763 1078 1828 Quomodo
1108 1766 1270 1820 etiam
1310 1780 1542 1822 carneus
1573 1768 1690 1837 ejus
1719 1767 1859 1824 Deus
1897 1770 2039 1825 diem

467 1852 764 1922 horamque
789 1854 933 1908 illam
966 1855 1213 1926 ignorat?
1266 1856 1548 1921 Quomodo
1576 1858 1751 1913 nescit
1808 1859 2033 1914 ficorum

465 1951 704 2015 tempus,
736 1953 791 2001 et
831 1947 976 2015 quod
1011 1947 1326 2004 imminente
1388 1948 1651 2004 Paschate
1698 1951 1913 2007 fructus
1964 1953 2032 2007 ad

465 2036 795 2091 vescendum
826 2047 985 2106 aptus
1024 2037 1115 2091 illa
1146 2038 1202 2092 in
1226 2040 1418 2093 arbore
1448 2055 1556 2094 non
1581 2040 1915 2096 inveniretur
1951 2043 2031 2096 "'l

466 2122 638 2190 Dicat,
682 2128 933 2196 quisnam
970 2135 1053 2182 est
1084 2128 1173 2183 ille
1209 2130 1298 2197 qui
1329 2130 1581 2200 ignorat?
1632 2131 1894 2198 Quisnam
1930 2134 2029 2187 tri-

464 2216 615 2272 stitia
639 2218 899 2273 allicitur?
929 2218 1189 2285 Quisnam
1214 2222 1428 2276 consilii
1457 2222 1637 2294 inopia
1664 2225 1718 2278 in
1752 2227 2031 2293 angustias

465 2307 793 2364 adducitur?
826 2309 1087 2376 Quisnam
1128 2326 1187 2366 se
1237 2328 1264 2366 a
1316 2312 1428 2367 Deo
1478 2314 1797 2371 derelictum
1858 2318 2032 2375 fuisse

463 2399 699 2455 clamat?
730 2400 784 2455 Si
810 2404 953 2457 enim
982 2413 1065 2459 est
1096 2403 1272 2462 Patris
1307 2404 1537 2476 Filiique
1566 2408 1879 2477 divinitas,a
1895 2419 2032 2481 quo-

462 2507 588 2547 nam
611 2493 1022 2565 derelinquitur,
1058 2498 1512 2567 quemadmodum
1550 2501 1606 2555 in
1635 2517 1800 2559 cruce
1831 2505 2031 2559 clama-

461 2582 583 2636 vit?
611 2582 669 2637 Si
706 2600 811 2638 una
840 2586 1147 2655 patiebatur
1178 2589 1470 2659 divinitas;
1492 2608 1655 2648 unam
1689 2603 1869 2649 autem
1908 2611 2031 2652 esse

461 2673 641 2731 Patris
676 2684 731 2731 et
756 2674 877 2732 Filii
904 2677 1245 2739 divinitatem
1293 2695 1456 2739 rectae
1478 2684 1599 2741 fidei
1631 2688 1870 2743 cultores
1897 2704 2029 2742 con-

461 2766 713 2836 ﬁtentur;
741 2777 796 2823 et
821 2770 913 2839 qui
965 2772 1274 2840 patiebatur
1305 2777 1419 2831 ait:
1455 2776 1594 2831 Deus
1656 2794 1822 2841 meus,
1890 2780 2028 2835 Deus

460 2869 625 2917 uicus,
652 2865 710 2908 ut
736 2857 861 2925 quid
890 2858 1212 2931 dereliquisti
1242 2879 1322 2917 me
1350 2865 1436 2917 ‘7?
1464 2866 1737 2935 quomodo
1766 2885 1873 2923 una
1896 2870 2031 2927 divi-

2147 580 2331 645 ἀγνοεῖ
2372 577 2467 630 τοῦ
2504 576 2719 644 δένδρου
2751 572 2844 624 καὶ
2869 570 2967 639 τῆς
2994 566 3144 638 ὥρας
3183 566 3285 635 τὴν
3319 562 3724 635 καρποφορίαν,

2144 670 2244 739 τὴν
2280 669 2512 740 ἡμέραν,
2538 667 2632 720 καὶ¹
2674 666 2773 735 τὴν
2822 662 2970 731 ὥραν
3011 660 3111 712 οὐκ
3163 654 3291 720 οἶδε,
3320 656 3605 719 τύπτεται,
3636 654 3725 706 δε-

2150 760 2408 830 σμεύεται
2442 760 2576 830 (8|),
2615 754 2922 829 ραπίζεται,
2968 752 3129 823 ἥλους
3157 750 3228 803 δι’
3260 748 3462 817 ἑαυτῆς
3486 746 3724 815 δέχεται,

2145 853 2419 923 αἱμάσσει,
2469 852 2638 921 νεκρὰ
2706 848 2935 918 γίνεται,
2991 842 3409 912 ὲνταφιάζεται,
3475 841 3728 910 μνήματι

2146 944 2315 1014 καινῷ
2338 944 2725 997 ἐναποτίθεται.
2742 937 2890 1011 Ἀρα
2916 936 3220 991 συντίθεται
3253 935 3427 987 οἰκεῖα
3460 932 3555 987 καὶ
3582 930 3726 983 κατὰ

2146 1038 2307 1104 φύσιν
2330 1032 2465 1089 εἶναι
2496 1039 2562 1107 τῇ
2597 1032 2898 1106 προαιωνίᾳ
2923 1030 3135 1099 θεότητι
3158 1028 3350 1091 ταῦτα,
3376 1026 3471 1079 καὶ
3492 1025 3567 1097 μὴ
3596 1025 3727 1077 ἀνα-

2144 1128 2434 1197 τραφῆναι,
2480 1130 2528 1179 εί
2560 1126 2657 1197 ’μὴ
2706 1124 2954 1195 ὲθήλασε,
3005 1121 3124 1192 μηδ’
3155 1122 3220 1174 ἂν
3248 1120 3384 1181 ὅλως
3436 1119 3493 1170 ὲν
3520 1116 3602 1187 τῷ
3628 1118 3726 1184 ζῇν

2144 1214 2303 1283 εἶναι,
2342 1220 2416 1291 μὴ
2439 1219 2517 1290 τῷ
2539 1217 2947 1273 διαπνευσθέντι
2986 1215 3097 1287 (82)
3148 1213 3247 1283 τῆς
3282 1211 3580 1281 δυνάμεως.
3622 1208 3727 1276 τῆς

2142 1310 2349 1380 τροφῆς
2382 1311 2639 1382 μετουσίᾳ
2678 1308 3133 1380 παρεμυθήσατο;
3180 1305 3301 1366 Πῶς
3325 1303 3381 1355 δὲ
3420 1304 3513 1355 καὶ
3536 1302 3726 1368 ἀγνοεί

2141 1406 2170 1457 6
2201 1403 2461 1473 ἐνσαρκος
2490 1402 2652 1455 αὑτοῦ
2675 1401 2805 1466 Θεὸς
2820 1401 2917 1471 τὴν
2938 1401 3148 1471 ἡμέραν
3171 1397 3267 1452 καὶ
3291 1396 3389 1467 τὴν
3410 1396 3557 1466 ὥραν
3583 1394 3723 1446 ὲκεί-

2142 1512 2276 1566 νηνς
2314 1494 2435 1559 Πῶς
2464 1494 2520 1547 δὲ
2548 1495 2649 1547 οὐκ
2693 1493 2977 1546 ἐπίσταται
3027 1492 3117 1544 τὸν
3155 1490 3264 1543 τῶν
3291 1489 3471 1543 συκῶν
3505 1488 3719 1559 καιρὸν,

2140 1590 2223 1641 ὅτι
2261 1588 2399 1642 κατὰ
2429 1589 2489 1641 τὸ
2511 1588 2700 1657 Πάσχα
2718 1589 2816 1640 οὑκ
2844 1587 2907 1640 ἂν
2929 1586 3243 1656 ὲςρευρεθείη
3270 1585 3382 1654 (85)
3410 1584 3489 1655 τῷ
3514 1584 3722 1655 δένδρῳ

2140 1681 2353 1751 καρπὸς
2404 1682 2483 1764 εὶίς
2534 1680 2732 1751 ἐδωδὴν
2781 1680 3116 1749 ὲπιτήδειος;
3167 1678 3263 1742 Τίς
3302 1681 3332 1732 6
3369 1677 3603 1745 ἀγνοῶν,
3640 1679 3719 1729 εί-

2146 1772 2335 1837 πὰτω;
2367 1773 2464 1829 Τίς
2491 1774 2519 1825 6
2552 1771 2927 1842 λυπούμενος;
2962 1771 3056 1833 Τίς
3084 1773 3112 1823 6
3142 1771 3200 1824 ὲν
3226 1770 3505 1841 ἀμηχανίᾳ
3537 1786 3725 1825 στενο-

2139 1864 2511 1935 χωρούμενος;
2535 1864 2630 1927 Τίς
2676 1865 2704 1917 6
2764 1862 3249 1931 ἐγκαταλελεῖφθαι
3279 1861 3431 1933 παρὰ
3457 1859 3552 1914 τοῦ
3579 1860 3722 1914 θεοῦ

2139 1957 2380 2026 βοήσαςς
2432 1955 2496 2007 Ei
2546 1954 2639 2024 μία
2670 1954 2859 2025 θεότης
2885 1953 3097 2025 Πατρὸς
3135 1952 3231 2006 καὶ
3262 1950 3416 2016 Υίοῦ,
3448 1952 3543 2005 καὶ
3564 1952 3721 2022 παρὰ

2131 2050 2329 2121 τίνοςή
2368 2049 2751 2119 ὲγκατάλειψις
2778 2050 3005 2118 γίνεται,
3036 2049 3103 2118 ἦν
3132 2047 3226 2100 ἐπὶ
3256 2046 3334 2117 τῷ
3364 2047 3581 2118 σταυρῷ
3620 2045 3715 2113 ἐξ·

2131 2143 2409 2213 εφώνησεν
2433 2161 2447 2208 ;
2485 2144 2546 2195 Εί
2572 2142 2680 2211 γὰρ
2700 2142 2760 2195 τὸ
2790 2141 2995 2210 πάσχον
3019 2142 3053 2211 ἠ
3094 2137 3306 2209 θεότης,
3338 2139 3465 2209 μιᾶς
3486 2138 3542 2190 δὲ
3570 2131 3716 2190 εἶναι

2132 2232 2382 2302 θεότητος
2439 2231 2517 2302 τῷ
2556 2230 2729 2301 Πατρὶ
2779 2230 2868 2283 τὸν
2915 2229 3040 2282 my
3072 2229 3121 2282 οἱ
3161 2226 3510 2290 εὐσεϐοῦντες
3535 2228 3719 2280 συντί-

2131 2325 2315 2379 θενται
2337 2343 2349 2357 ·
2374 2324 2508 2395 φησὶ
2562 2324 2619 2377 δὲ
2650 2325 2677 2376 6
2721 2323 2965 2391 πάσχων,
3004 2322 3086 2374 ὃτι
3120 2320 3226 2373 Θεέ
3264 2335 3404 2388 μου,
3438 2318 3546 2372 Θεέ
3569 2336 3719 2387 μου.

2116 2419 2229 2471 ἵνα
2249 2418 2306 2471 τι
2326 2434 2401 2486 με
2424 2414 2837 2485 eratadlatae;
2862 2413 2985 2475 Πῶς
3011 2412 3108 2482 μία
3130 2410 3287 2465 οὐσία
3316 2410 3431 2479 (84)
3466 2411 3501 2480 ἡ
3524 2409 3722 2478 θεότης

2130 2510 2188 2562 ὲν
2217 2507 2295 2577 τῷ
2333 2507 2494 2560 πάθει
2540 2505 2839 2576 μερίζεται,
2876 2506 2966 2557 καὶ
3009 2505 3041 2573 ὴ
3094 2503 3192 2573 μὲν
3219 2500 3559 2564 καταλείπει,
3587 2503 3622 2571 η
3655 2502 3717 2555 δὲ

2131 2599 2549 2654 καταλείπεταιο
2608 2600 2640 2664 ἡ
2707 2598 2803 2668 μὲν
2857 2597 2914 2648 ἐν
2964 2596 3175 2665 θανάτῳ
3212 2595 3437 2663 γίνεται,
3473 2596 3505 2665 ἡ
3535 2594 3594 2647 δὲ
3652 2598 3717 2646 ὲν

2130 2692 2241 2761 ζωῇ
2284 2690 2395 2758 (85)
2420 2688 2662 2759 διαμένει
2690 2705 2702 2717 ο
2736 2690 2767 2757 ἠ
2802 2686 2897 2757 μὲν
2927 2685 3233 2758 νεκροῢται,
3263 2688 3296 2756 ὴ
3337 2685 3395 2738 δὲ
3425 2685 3488 2738 τὸ
3510 2702 3721 2755 νεκρωο

2131 2780 2220 2834 θὲν
2267 2780 2631 2849 διανίστησινς
2671 2779 2739 2831 Ἢ
2776 2777 2883 2848 γὰρ
2932 2779 3028 2848 οὐχ
3080 2776 3399 2847 ὁμολογήσει
3449 2776 3581 2846 μίαν
3621 2778 3716 2829 ἐπὶ

2130 2874 2341 2942 Πατρός
2396 2888 2453 2925 τε
2519 2872 2612 2923 καὶ
2667 2869 2804 2922 Υἱοῦ
2866 2869 2964 2939 τὴν
3002 2868 3251 2939 θεότητα,
3284 2870 3376 2922 καὶ
3418 2870 3718 2941 συνήγορος

460 2945 648 3002 nitatis
673 2947 978 3010 substantia
1026 2951 1082 3006 in
1104 2955 1358 3023 passione
1386 2955 1665 3022 dividitur,
1696 2968 1750 3014 et
1779 2963 1881 3016 alia
1905 2965 2026 3033 qui-

2141 2962 2350 3034 ’Λρείου
2377 2962 2462 3015 διὰ
2483 2961 2641 3014 τοῦτο
2667 2962 3065 3029 ἀναφανήσεται
3087 2977 3100 3025 ;
3131 2960 3187 3031 ἢ,
3208 2960 3365 3031 εἴπερ
3378 2960 3572 3030 Ἀρείῳ
3605 2976 3720 3030 μα-

459 3037 582 3093 dem
598 3036 942 3112 derelinquit,
964 3043 1069 3097 alia
1090 3060 1219 3102 vero
1235 3046 1629 3120 derelinquitur
1649 3069 1662 3118 ;
1685 3054 1787 3107 alia
1810 3055 2025 3126 quidem

2138 3055 2379 3126 χόμενος,
2416 3053 2541 3123 μίαν
2573 3051 2741 3120 λέγοι,
2778 3052 2897 3104 οὐδὲ
2922 3051 3099 3122 ἐαυτῷ
3129 3054 3345 3115 πάντως
3367 3052 3717 3123 συνθήσεται,

459 3128 709 3197 moritur,
750 3130 856 3185 alia
902 3131 958 3186 in
988 3133 1097 3187 vita
1129 3144 1446 3204 permanet;
1474 3138 1578 3191 alia
1612 3140 1827 3209 quidem
1870 3158 2026 3198 necao

2138 3147 2325 3218 αιῆσαι
2348 3145 2438 3198 τὸν
2478 3143 2887 3198 ἀναπλασθέντα
2943 3142 3110 3214 μῦθον
3145 3145 3203 3197 ὲν
3231 3141 3408 3214 ἐαυτῷ
3438 3144 3513 3213 μὴ
3558 3143 3721 3196 δυνά-

461 3224 572 3286 tur,
601 3220 708 3275 alia
758 3236 888 3277 vero
934 3223 1079 3293 quod
1123 3225 1259 3280 obiit
1305 3240 1337 3279 a
1383 3230 1616 3283 mortuis
1666 3233 1900 3286 excitat?
1932 3231 2028 3289 Vel

2138 3256 2310 3312 μενος.
2358 3237 2516 3290 Ἀλλὰ
2539 3238 2656 3290 κατ’
2674 3235 2918 3305 ἀνάγκην
2963 3234 3063 3296 τὰς
3094 3234 3358 3304 ἐμπαθεῖς
3396 3234 3596 3297 ταύτας
3620 3237 3721 3288 καὶ

457 3312 603 3366 enim
627 3328 787 3368 unam
818 3329 927 3370 non
955 3330 1079 3372 esse
1109 3315 1371 3373 fatebitur
1429 3318 1606 3374 Patris
1633 3332 1686 3375 et
1734 3320 1853 3376 Filii
1893 3323 2032 3379 divi-

2138 3330 2513 3401 ταπεινοτέρας
2548 3329 2731 3397 φωνάς
2776 3345 2834 3381 τε
2867 3328 2960 3380 καὶ
3000 3326 3267 3389 διαθέσεις
3287 3324 3365 3397 τῷ
3388 3324 3722 3399 ἀνθρωπίνῳ

459 3402 772 3466 nitatem,et
795 3419 892 3475 per
918 3405 1032 3461 htec
1060 3408 1193 3461 Ario
1216 3408 1536 3479 adstipulari
1559 3410 2027 3483 deprehendetur;

2138 3421 2629 3495 προσμαρτυρήσει,
2687 3418 2953 3491 ἄτρεπτον
2988 3434 3049 3470 τε
3093 3418 3187 3471 καὶ
3223 3416 3409 3486 ἀπαθῆ
3436 3416 3530 3469 τοῦ
3574 3416 3720 3469 Θεοῦ

455 3492 544 3549 νει
572 3493 829 3549 εἰΑι-ἱιιιη
858 3511 1178 3567 oppugnatis
1222 3514 1384 3553 unam
1406 3502 1758 3572 eamdemque
1780 3504 2033 3561 divinita-

2138 3492 2227 3583 τήν
2261 3492 2442 3581 φύσιν,
2476 3512 2569 3564 καὶ
2601 3513 2658 3563 ὲν
2679 3512 2745 3581 τῇ
2786 3508 3038 3578 κοινωνίᾳ
3080 3507 3186 3561 τῶν
3225 3505 3581 3579 ἀνθρωπίνων
3608 3524 3721 3558 παο

457 3591 568 3640 tem
600 3587 886 3657 utriusque
927 3604 1049 3644 esse
1073 3590 1240 3656 dicat,
1269 3605 1300 3645 a
1328 3607 1387 3646 se
1420 3593 1537 3661 ipso
1563 3609 1789 3663 prorsus
1814 3596 2029 3655 dissen-

2138 3603 2389 3675 Βημὰτων
2440 3600 2901 3675 διαμεμενηκέναι
2956 3598 3298 3668 συνθήσεται.
3344 3597 3454 3651 Καὶ
3505 3598 3720 3651 τούτων

458 3671 577 3738 tiet,
596 3688 720 3729 cum
750 3676 900 3731 nullo
919 3685 1076 3746 pacto
1097 3681 1271 3748 possit
1294 3679 1506 3737 edicere
1529 3691 1589 3737 ut
1616 3700 1685 3740 ne
1714 3686 1894 3743 fabula
1920 3706 1951 3745 a
1969 3707 2028 3747 se

2138 3671 2343 3765 μάρτυς
2374 3671 2547 3758 αὐτὸς*
2577 3671 2620 3747 ὁ⁷
2653 3671 2822 3746 εἰπὼν
2856 3692 2983 3761 περὶ
3017 3690 3203 3755 αὐτοῦ,
3281 3692 3362 3743 ὅτι
3404 3689 3719 3753 Δοξάζεται

455 3764 691 3820 conﬁcta
722 3769 965 3840 undique
994 3777 1169 3825 nutet.
1203 3770 1309 3828 Sed
1342 3775 1659 3833 humiliores
1681 3778 1845 3836 hasce
1872 3789 1926 3837 et
1960 3783 2028 3838 ad

2261 3787 2341 3852 ὡς
2373 3786 2682 3854 ἄνθρωπος
2730 3785 2799 3849 ἐξ
2827 3784 3074 3850 ἀδοξίας
3108 3783 3464 3844 ἀναϐαίνων,
3492 3782 3612 3850 ἔχει
3645 3782 3717 3834 δὲ

456 3856 873 3913 concitationem
926 3869 1246 3932 motumque
1302 3865 1472 3920 animi
1535 3869 1872 3937 pertinentes
1904 3879 2023 3930 tum

2138 3878 2243 3945 τὴν
2263 3878 2451 3943 δόξαν
2474 3876 2587 3946 πρὸ
2613 3877 2718 3931 τοῦ
2755 3876 2983 3945 κόσμου
3010 3875 3089 3940 ὡς
3123 3874 3266 3939 Θεὸς
3291 3872 3711 3941 προϋπάρχον.

453 3960 617 4004 voces
640 3956 754 4002 tum
782 3949 1094 4008 ati‘ectiones
1110 3953 1432 4010 humanitati
1460 3957 1763 4027 adscribet;
1788 3961 2025 4019 divinam

2142 3970 2205 4023 'H
2239 3969 2345 4042 γὰρ
2377 3968 2558 4033 ἀδοξία
2608 3968 2845 4031 πάντως,
2893 3968 2926 4037 ἡ
2954 3965 3171 4036 παθητὴ
3197 3965 3295 4034 τῆς
3326 3963 3525 4034 σαρκὸς
3550 3961 3715 4031 φύσις

456 4053 586 4095 vero
608 4048 855 4096 naturam
889 4041 945 4097 in
967 4043 1083 4114 ipsa
1112 4044 1475 4102 humanarum
1502 4049 1851 4107 aifectionum
1877 4069 2025 4111 com-

2138 4062 2248 4116 ἐστί
2267 4079 2282 4094 ο
2309 4041 2435 4127 δόξα
2465 4061 2522 4113 δὲ
2560 4061 2667 4132 ἄρα
2697 4059 2932 4123 αἰώνιος,
2959 4060 2992 4129 ἡ
3042 4056 3257 4127 ἀπαθής
3283 4074 3343 4110 τε
3377 4057 3469 4110 καὶ
3499 4056 3714 4126 ἀκήρα-

456 4130 714 4186 munione
770 4135 950 4191 omnis
980 4139 1411 4204 perturbationis
1441 4141 1780 4214 all'ectusque
1819 4146 2020 4202 immu-

2138 4170 2221 4217 τος
2241 4152 2491 4224 δύναμις.

454 4236 581 4317 netu
613 4224 1175 4317 nuliiqueimutationi
1226 4232 1514 4288 obnoxiam
1546 4238 1852 4305 perstitisse
1886 4247 2213 4302 consentiet.
2241 4245 2416 4317 Hujus
2447 4254 2626 4301 autem
2664 4246 2743 4299 rei
2808 4243 2966 4299 testis
3033 4251 3115 4298 est
3180 4242 3263 4296 vel
3320 4243 3436 4311 ipse
3500 4240 3710 4309 Apolli-

461 4313 609 4370 naris
638 4316 819 4384 quide
841 4316 979 4373 Filio
1002 4322 1230 4390 loquens
1265 4324 1382 4377 ait:
1419 4322 1765 4395 Gloriﬁcatur
1814 4332 2024 4401 quidem
2092 4346 2153 4389 ut
2200 4313 2373 4402 homo,
2434 4351 2499 4390 ex
2550 4335 2880 4407 ignobilitate
2920 4347 3130 4387 sursum
3178 4341 3426 4396 evectus;
3478 4331 3709 4401 gloriam

454 4423 573 4464 vero
592 4411 820 4478 possidet
852 4425 972 4469 ante
1001 4417 1183 4471 mundi
1210 4420 1497 4488 api/icium,
1520 4432 1579 4475 ut
1598 4422 1735 4478 Deus
1763 4436 1886 4481 ante
1906 4433 2085 4484 omnia
2114 4434 2397 4485 exsistam.
2426 4430 2563 4484 Nam
2617 4429 2930 4501 ignobilitas
2996 4441 3220 4497 prorsus
3290 4434 3379 4480 est
3460 4423 3711 4493 patibulis

453 4508 863 4597 lingulacarnis
888 4527 902 4563 :
929 4517 1132 4565 atterna
1160 4512 1341 4586 itaque
1364 4517 1535 4586 gloria
1559 4519 1662 4572 erit
1699 4520 2018 4591 impatibilis
2059 4527 2325 4595 potentia,
2352 4533 2516 4597 atque
2545 4523 2896 4579 immortalis.

526 4594 695 4688 XXV.
727 4596 926 4653 Verum
960 4618 1028 4657 ne
1070 4605 1195 4674 quis
1242 4622 1344 4662 nos
1398 4609 1450 4662 in
1502 4610 1585 4663 his
1619 4628 1739 4682 qua:
1781 4615 2021 4673 diximus

2204 4620 2295 4683 Ὠς
2324 4618 2368 4671 δ’
2391 4594 2457 4671 ἂν
2507 4618 2582 4688 μὴ
2640 4615 2992 4683 συκοφαντεῖν
3043 4613 3100 4664 ὲν
3140 4613 3255 4674 τοῖς
3285 4610 3594 4681 εἰρημένοις
3624 4611 3713 4663 δο-

454 4686 779 4743 calumniari
808 4692 1101 4759 existimet,
1155 4697 1439 4767 ipsiusmet
1484 4702 1812 4773 Apollinaris
1857 4709 2022 4764 verba

2138 4711 2371 4781 ιοίημεν,
2398 4708 2707 4763 αὐτῶντῶν
2753 4707 2893 4761 κατὰ
2936 4703 3059 4761 νοῦν
3086 4702 3196 4773 (36)
3247 4704 3375 4773 ἡμῖν
3418 4702 3712 4772 “passam”

455 4776 689 4834 referam
725 4782 779 4835 in
834 4798 1066 4853 quorum
1118 4803 1340 4845 sensum
1393 4792 1557 4849 modo
1612 4796 2021 4865 inquisivimus.

2138 4776 2360 4855 ςθέντων
2387 4803 2482 4856 καὶ
2509 4801 2606 4873 τὴν
2633 4800 2777 4864 λέξιν
2795 4796 3421 4869 ὲκθήσομαι.”Ελληνες
3444 4793 3552 4862 γὰρ
3574 4793 3709 4861 (8T),

458 4870 672 4926 Ethnici
717 4876 881 4941 enim,
933 4879 1131 4949 inquit,
1177 4891 1227 4935 et
1261 4881 1441 4938 Judari
1478 4888 1755 4957 manifeste
1788 4890 2025 4959 inﬁdeles

2138 4895 2283 4968 mai,
2301 4894 2401 4949 καὶ
2433 4870 2705 4951 Ἰουδαῖοι
2734 4888 3051 4962 προφανῶς
3072 4888 3413 4950 ἀπιστοῦσι,
3427 4886 3513 4954 μὴ
3539 4902 3715 4937 κατα.

456 4971 602 5026 utnt,
637 4972 815 5034 utpote
839 4968 931 5037 qui
965 4969 1131 5023 Deum
1159 4988 1224 5025 ea.
1254 4975 1471 5029 muliere
1497 4978 1725 5043 genitum
1757 4980 1834 5034 vel
1862 4980 2025 5048 fando

2138 4988 2437 5058 δεχόμενοι
2464 4987 2612 5041 Θεὸν
2631 4987 2876 5041 ἀκούειν
2897 4985 3004 5039 τὸν
3018 4985 3086 5036 ἐκ
3102 4980 3382 5052 γυναικὸς
3402 4978 3706 5047 τεχθέντα.

458 5053 644 5109 audire
673 5069 920 5112 renuunt.
944 5060 1053 5115 Cur
1078 5079 1221 5117 nunc
1243 5063 1308 5119 de
1338 5077 1495 5135 partu
1522 5070 1772 5139 loquens,
1805 5087 2024 5129 carnem

2138 5077 2232 5130 Διὰ
2260 5076 2313 5130 τί
2338 5076 2432 5130 νῦν
2462 5079 2518 5130 ὲν
2552 5076 2628 5146 τῷ
2662 5076 2804 5145 τόκῳ
2822 5074 2920 5140 τὴν
2958 5075 3135 5144 σάρκα
3167 5068 3711 5143 παρεσιώπησε,καίς

458 5143 678 5201 silentio
697 5152 978 5218 praeteriit,
1000 5156 1249 5223 quamvis
1282 5167 1425 5235 quod
1466 5171 1648 5216 natum
1672 5173 1756 5220 est
1780 5180 1845 5220 ex
1862 5182 2028 5223 carne

2138 5188 2217 5224 τοι
2248 5169 2307 5224 τὺ
2335 5169 2694 5240 γεγενημένον
2743 5170 2807 5222 ὲκ
2848 5167 2948 5236 τῆς
2992 5164 3188 5239 σαρκὸς
3220 5159 3355 5235 σὰρξ
3378 5158 3445 5233 ἦν
3474 5162 3711 5225 πάντως,

432 5366 438 5375 .
530 5326 577 5357 ⁸⁸
606 5325 774 5384 Marc.
800 5343 878 5395 xx,
907 5330 995 5388 i5.
1073 5334 1119 5366 ⁸⁷
1150 5332 1341 5391 Matth.
1378 5353 1546 5403 xxv",
1579 5339 1666 5395 46.

2209 5516 2321 5582 (85)
2344 5514 2420 5568 Ita
2451 5530 2610 5586 corr.
2632 5524 2813 5586 antea,
2850 5513 2945 5584 οὐχ
2978 5514 3248 5586 εὑρεθείη.

2212 5586 2324 5647 (8i)
2359 5586 2515 5639 Corr.
2553 5584 2649 5654 μία
2672 5581 2830 5637 οὖσα.

2213 5656 2325 5723 (83)
2352 5658 2507 5709 (ἰοεϊ.
2536 5657 2593 5707 ὲν
2625 5658 2690 5724 τῇ
2729 5655 2863 5724 ζωῇ.

2216 5728 2503 5791 (81i)(‘.orr.
2546 5727 2686 5778 κατὰ
2722 5725 2811 5776 τὴν
2837 5723 2981 5777 νοῦν.

2216 5796 2325 5869 (87)
2354 5796 2509 5851 Corr.
2545 5795 2644 5867 μὲν
2675 5796 2800 5865 γάρ.

532 5502 647 5579 (ξθ)
678 5502 836 5579 gorr.
870 5507 1113 5579 ἔρχεται.

679 5573 836 5649 Qorr.
859 5573 1161 5649 δεσμεῖται.

536 5642 650 5711 (82)
684 5644 839 5728 Eorr.
877 5642 1340 5728 τδδιαπνευσθέν,
1381 5664 1455 5728 Δ(τι
1498 5673 1616 5711 mox
1676 5658 2034 5728 παραμυθού-

470 5714 788 5798 {autumn-Sed
817 5719 1004 5798 potius
1035 5714 1555 5793 legendum'vidctur
1592 5732 1636 5782 εξ
1689 5714 1767 5798 μή
1812 5714 1872 5783 τὸ
1921 5730 2034 5782 δια-

475 5782 754 5850 κνευσθέν,
780 5782 885 5843 etc.
