4020 6510
229 342 379 398 H77

1406 332 1779 394 ADVERSUS
1820 330 2329 388 APOLLINAREM.

3350 334 3489 391 H78

226 459 415 522 καθώς
454 458 588 527 φησί
615 472 716 509 που
744 456 772 509 6
800 454 1037 528 Κύριοςς
1075 454 1214 510 Ἀλλ’
1238 454 1424 526 ἐπειδὴ
1450 453 1696 525 βούλεται
1720 453 1816 506 αὒ-

1937 465 2050 505 :aro
2095 452 2323 506 omnino
2368 449 2460 513 sit,
2500 457 2559 505 ut
2601 450 2799 507 alicubi
2850 450 3112 510 Dominus
3152 455 3329 509 ait“?
3382 456 3490 510 Sed

228 553 333 622 τὴν
380 550 481 622 τὴν
516 548 800 619 τεχθείσαν
843 547 1023 618 σάρκα
1053 547 1284 618 θεότητα
1328 544 1489 610 εἶναι,
1529 547 1622 599 καὶ
1651 562 1823 598 κατα-

235 645 503 699 σκευάσαι
532 644 633 696 οὐκ
670 643 730 695 ὲν
783 642 947 714 σαρκὶ
988 642 1286 711 πεφηνέναι
1331 641 1424 694 τὸν
1471 640 1623 702 Θεὸν,
1654 638 1827 705 λέγει*

248 735 408 789 Ἀλλά
442 733 575 788 Θεὸν
613 734 878 804 ἐνσαρκον
908 732 1014 804 πρὸ
1050 731 1261 786 αίώνων
1303 730 1454 795 δντα,
1482 729 1619 800 μετὰ
1652 727 1824 781 ταῦτα

234 827 323 881 διὰ
352 825 610 897 γυναικὸς
640 824 909 896 τετέχθαι,
935 826 1029 879 καὶ
1059 825 1196 894 πρὸς
1223 823 1322 894 τὴν
1348 823 1455 877 τῶν
1483 820 1824 893 παθημάτων

236 922 454 992 πεῖραν,
496 918 752 989 καὶπρὸς
787 918 887 988 τὴν
917 917 1018 987 τῆς
1051 917 1164 985 (88)
1212 915 1426 986 φύσεως
1461 914 1706 984 ἀνάγκην
1736 913 1824 965 ὲλ-

236 1010 372 1064 θεῖν.
402 1008 511 1062 Καὶ
540 1009 713 1062 ταῦτα
752 1006 944 1076 λέγων,
992 1006 1053 1060 οὐ
1076 1006 1292 1059 δίδωσιν
1331 1004 1481 1074 αὐτῷ
1499 1003 1622 1057 οὐδὲ
1643 1004 1704 1056 τὸ
1724 1002 1823 1056 άν-

237 1103 456 1173 θρωπον
481 1097 652 1154 εἶναι’
683 1098 822 1153 άλλά
852 1102 965 1161 τοῖς
1001 1098 1099 1169 μὲν
1129 1097 1356 1151 πάθεσιν
1384 1096 1585 1164 ὑπάγει
1620 1094 1695 1159 ὡς
1733 1094 1826 1149 άν-

238 1197 478 1268 θρωπον,
510 1195 609 1264 τῆς
653 1194 710 1246 δὲ
753 1191 1099 1264 ἀνθρωπίνης
1132 1190 1191 1243 οὑ
1243 1189 1561 1261 μεταδίδωσι
1588 1187 1822 1257 φύσεως.

239 1288 365 1350 Πῶς
392 1287 500 1357 γὰρ
544 1285 828 1354 ἄνθρωπος
875 1283 936 1336 τὸ
968 1282 1041 1353 μὴ
1072 1284 1137 1335 ὲκ
1180 1282 1283 1352 γῆς
1320 1276 1460 1335 εῖναι
1504 1280 1825 1350 λεγόμενον;

250 1382 347 1434 Ἐκ
402 1380 509 1450 γὰρ
565 1377 661 1431 τοῦ
705 1377 880 1447 Ἀδάμ
918 1376 1065 1444 λέγει
1098 1376 1131 1446 ἡ
1170 1374 1359 1446 Γραφὴ
1397 1373 1455 1429 τὸ
1489 1373 1827 1447 ἀνθρώπινον

239 1472 520 1541 γενέσθαι,
553 1471 647 1523 καὶ
675 1470 891 1540 πρῶτον
918 1470 1124 1522 ἐκεῖνον
1143 1468 1231 1522 διὰ
1254 1468 1353 1538 τῆς
1372 1467 1523 1530 θείας
1548 1467 1827 1538 δυνάμεως

240 1568 305 1620 ὲκ
323 1566 429 1636 γῆς
459 1564 641 1635 φῦναι.
670 1565 768 1617 Διὰ
788 1562 944 1615 τοῦτο
967 1561 1062 1616 καὶ
1081 1562 1110 1614 6
1132 1562 1343 1626 Λουκᾶς
1370 1560 1459 1614 τὸν
1474 1559 1827 1631 νομιζόμενον

239 1656 337 1709 τοῦ
378 1655 576 1726 Ἰωσὴφ
614 1654 727 1708 υἱὸν
781 1652 1136 1722 γενεαλογῶν,
1173 1652 1327 1721 φησὶ,
1367 1651 1479 1706 Τοῦ
1520 1651 1712 1720 Ἀδὰμ,
1741 1650 1827 1717 ἐξ-

243 1747 431 1801 άπτων
456 1747 576 1800 καθ’
600 1746 831 1799 ἕκαστον
853 1744 961 1797 τῶν
998 1743 1247 1815 πατέρων
1272 1744 1372 1814 τὴν
1401 1743 1574 1815 ἀρχὴν
1605 1743 1705 1814 τῆς
1735 1760 1827 1812 γε·

1920 542 2180 612 quoniam
2213 543 2384 613 ipsam
2432 557 2676 608 carnem,
2721 560 2844 614 qua:
2871 562 2936 601 ex
2965 547 3191 603 muliere
3218 556 3350 602 nata
3386 560 3491 615 est,

1922 634 2258 689 divinitatem
2291 649 2415 691 esse
2435 635 2583 701 vult;
2616 650 2678 690 ac
2701 637 2925 707 insuper
2954 638 3237 696 adstruere
3266 642 3495 696 intendit

1923 723 2092 779 Deum
2143 726 2197 780 in
2228 741 2393 782 carne
2446 727 2850 783 manifestatum
2901 746 3008 786 non
3044 732 3235 797 fuisse,
3289 733 3494 788 idcirco

1921 819 2103 873 dicit:
2146 819 2252 874 Sed
2298 818 2467 875 Deum
2518 835 2686 876 carne
2748 831 2875 877 ante
2914 824 3110 878 saacula
3166 825 3493 893 praeditum.

1924 918 2115 978 postea
2147 924 2214 963 ex
2252 908 2479 964 muliere
2511 911 2750 980 genitum
2782 911 2975 975 fuisse,
3004 920 3058 966 et
3090 914 3155 967 ad
3178 915 3493 984 passionum

1926 1002 2321 1071 experimenta,
2363 1009 2699 1072 exterasque
2743 1004 2992 1059 humana:
3024 1014 3231 1060 naturai
3258 1009 3497 1061 necessi-

1920 1100 2062 1149 tates
2108 1094 2424 1150 subeundas
2469 1095 2525 1149 in
2574 1098 2838 1151 mundum
2874 1097 3110 1154 venisse.
3145 1097 3269 1154 Haec
3318 1083 3495 1154 autem

1924 1203 2179 1244 asserens
2211 1204 2312 1243 nec
2345 1188 2450 1258 ipsi
2480 1187 2757 1244 hominem
2787 1205 2912 1245 esse
2953 1191 3202 1261 largitur,
3244 1193 3338 1246 sed
3374 1208 3499 1262 pas-

1924 1280 2175 1335 sionibus
2216 1279 2435 1351 quidem
2486 1280 2695 1346 subdit,
2746 1290 2805 1336 ut
2856 1282 3152 1346 hominem,
3207 1284 3501 1338 humanam

1924 1387 2054 1427 vero
2091 1380 2343 1427 naturam
2371 1372 2547 1429 eidem
2571 1388 2679 1427 non
2714 1374 3042 1443 impertitur.
3075 1374 3322 1441 Quonam
3352 1379 3497 1431 enim

1925 1472 2085 1537 pacto
2126 1464 2290 1519 homo
2340 1479 2465 1521 esse
2516 1467 2734 1537 poterit,
2775 1466 2921 1538 quod
2968 1475 3174 1523 eterra
3226 1486 3333 1523 nun
3374 1486 3501 1525 esse

1924 1555 2165 1610 dicitur?
2212 1554 2289 1609 Ex
2324 1556 2497 1610 Adam
2546 1560 2691 1612 enim
2743 1558 2819 1612 ait
2869 1556 3151 1628 Scriptura
3199 1559 3499 1614 humanum

1926 1665 2103 1720 genus
2153 1657 2331 1704 ortum
2387 1650 2677 1715 habuisse,
2728 1667 2963 1722 eumque
2998 1654 3231 1724 primum
3273 1670 3303 1708 e
3354 1662 3499 1708 terra

1927 1750 2171 1797 creatum
2194 1742 2379 1797 divina
2409 1743 2610 1799 virtute
2634 1743 2825 1800 fuisse.
2856 1744 3201 1816 Quapropter
3221 1754 3274 1801 et
3298 1744 3499 1806 Lucas.

241 1840 465 1905 νέσεως.
516 1839 576 1892 Ὀ
634 1837 812 1891 τοίνυν
848 1838 923 1909 μὴ
953 1838 1019 1891 ὲκ
1048 1813 1149 1892 1:05—
1166 1813 1357 1907 γένους
1388 1813 1496 1890 τῶν
1527 1813 1827 1907 ἀνθρώπων

1937 1834 2134 1889 Christi
2175 1834 2269 1905 qui
2306 1834 2603 1905 putabatur
2629 1833 2850 1905 Joseplii
2875 1813 3037 1893 illius
3066 1813 3209 1903 esse,
3258 1839 3505 1908 genealo-

242 1932 536 2002 γενόμενος
583 1929 712 1984 ἄλλο
757 1947 810 1983 τι
837 1930 1053 1995 πάντως
1090 1931 1227 1993 ἐστὶ,
1266 1929 1362 1982 καὶ
1390 1929 1491 1983 οὐκ
1520 1928 1823 2000 ἄνθρωπος.

255 2022 316 2076 '0
339 2017 432 2076 οὖν
469 2022 604 2091 μήτε
639 2020 943 2093 ἄνθρωπος.
1004 2019 1083 2092 τῷ
1114 2020 1281 2091 μηδὲν
1315 2019 1459 2090 ἔχειν
1486 2020 1580 2073 τοῦ
1619 2019 1830 2091 ἀνθρω-

244 2111 400 2165 πίνου
445 2112 658 2179 γένους,
718 2111 853 2180 μήτε
897 2108 1051 2174 Θεὸς,
1109 2108 1189 2180 τῷ
1234 2110 1307 2181 μὴ
1338 2105 1477 2163 εἶναι
1517 2107 1826 2179 ἀσώματος,

246 2202 453 2263 ἐκεῖνος
495 2201 524 2253 6
552 2201 813 2271 ἕνσαρκος
865 2198 961 2253 τοῦ
1004 2199 1343 2270 λογογράφου
1372 2200 1503 2264 Θεὸς
1530 2201 1583 2252 τί
1623 2200 1689 2254 ἂν
1718 2201 1826 2271 είη,

246 2293 553 2362 λεγέτωσαν
606 2294 654 2346 οἱ
705 2293 808 2362 τῆς
836 2293 1052 2363 ἀπάτης
1088 2293 1252 2346 αὐτοῦ
1285 2292 1522 2364 μαθηταὶ
1567 2294 1661 2346 καὶ
1706 2310 1831 2347 συν-

249 2386 475 2457 ήγοροι·
518 2384 671 2438 Ἀλλ’
697 2384 981 2449 ἐδέξαντο
1030 2386 1127 2452 ἂν,
1153 2387 1337 2457 φησὶν,
1375 2386 1693 2453 Ἓλληνες,
1728 2387 1830 2441 καί

262 2473 547 2536 Ἰουδαῖοι,
588 2474 756 2542 εἴπερ
810 2473 1125 2542 ἄνθρωπον
1177 2476 1387 2530 ἔνθεον
1425 2470 1575 2529 εἶναι
1610 2477 1718 2529 τὸν
1744 2493 1834 2531 τε·

253 2568 473 2639 χθέντα
499 2567 804 2638 ἐλέγομεν.
839 2567 1041 2638 ὥσπερ
1088 2569 1305 2623 Ἠλίαν.
1322 2570 1432 2623 Καὶ
1463 2569 1547 2633 τίς
1567 2569 1676 2623 τῶν
1718 2570 1832 2623 Έλο

253 2661 432 2733 λήνων
465 2662 532 2717 τὰ
562 2664 704 2717 κατὰ
726 2663 817 2716 τὸν
859 2663 1045 2717 Ἠλίαν
1073 2662 1325 2734 θαύματα
1358 2662 1433 2727 ὡς
1472 2662 1646 2735 ἀληθῆ
1689 2680 1833 2735 παρ-

255 2755 505 2824 εδέξατο;
545 2757 627 2811 ὅτι
682 2757 796 2830 πῦρ
818 2757 938 2828 διχῆ
967 2756 1044 2828 τῷ
1084 2758 1320 2828 σχήματι
1349 2757 1617 2819 τυπωθὲν,
1646 2758 1706 2810 τὸ
1736 2758 1836 2829 μὲν

258 2852 338 2915 εἰς
362 2850 609 2921 ἅρματος
639 2845 798 2913 είδος,
826 2849 887 2903 τὸ
918 2849 975 2902 δὲ
998 2851 1075 2912 είς
1094 2849 1277 2902 ἵππων
1302 2848 1533 2920 μορφὴν,
1555 2850 1654 2921 τὴν
1685 2853 1838 2904 ἐναν-

257 2944 380 2998 τίαν
406 2945 476 3016 τῇ
506 2941 684 3013 οἰκείᾳ
721 2941 881 3011 φύσει
932 2943 1157 2994 κινεῖται
1203 2940 1396 3012 φοράν,
1420 2940 1626 2994 ἄνωθεν
1656 2941 1748 2994 ἐπὶ
1778 2940 1838 2994 τὸ

260 3035 411 3089 κάτω
437 3033 752 3105 φερόμενον,
786 3032 881 3086 καὶ
917 3033 999 3085 ὅτι
1028 3032 1316 3102 μετάρσιος
1353 3032 1446 3084 ἐπὶ
1470 3032 1561 3086 τοῦ
1586 3032 1838 3101 φλογίνου

1930 1926 2072 1998 giam
2096 1934 2307 1991 texens,
2341 1928 2438 1995 ait,
2464 1927 2569 1993 Qui
2598 1928 2700 1997 fuit
2723 1928 2897 1983 Adam
2918 1930 2982 1997 ⁶’,
3018 1946 3115 2002 per
3138 1931 3382 2001 singulos
3410 1947 3505 2001 pa-

1928 2028 2043 2076 tres
2075 2020 2328 2075 ordiuata
2360 2009 2502 2075 serie
2551 2021 2920 2092 generationis
2957 2021 3078 2090 ejus
3107 2022 3318 2076 initium
3349 2038 3506 2091 repe-

1925 2119 2070 2168 tens.
2089 2111 2260 2169 Porro
2286 2113 2380 2184 qui
2407 2129 2475 2168 ex
2502 2113 2781 2168 hominum
2806 2130 3004 2186 genere
3026 2129 3132 2169 non
3162 2116 3361 2182 oritur,
3393 2132 3505 2171 non

1930 2205 2116 2270 homo,
2150 2205 2243 2261 sed
2274 2204 2420 2260 aliud
2451 2206 2581 2276 quid
2619 2205 2845 2261 omnino
2873 2214 2981 2262 est.
3009 2205 3147 2262 Cum
3182 2208 3365 2278 itaque
3385 2222 3509 2262 car-

1931 2312 2072 2353 neus
2111 2298 2203 2352 ille
2250 2297 2425 2353 nostri
2475 2297 2766 2368 scriptoris
2807 2296 2951 2354 Deus
2997 2313 3174 2369 neque
3220 2297 3381 2354 homo
3413 2301 3507 2365 sit,

1930 2397 2117 2459 utpote
2158 2388 2251 2459 qui
2303 2389 2438 2442 nihil
2489 2388 2710 2443 humani
2761 2389 2979 2459 generis
3030 2388 3266 2454 habeat;
3328 2406 3509 2461 neque

1932 2480 2098 2546 Deus,
2121 2496 2245 2536 cum
2271 2474 2629 2551 incorporeus
2661 2496 2768 2535 non
2794 2482 2900 2548 sit;
2933 2481 3193 2551 quidnam
3228 2498 3415 2537 revera
3440 2483 3512 2536 sit

1935 2574 2123 2630 dicant
2153 2574 2273 2644 ejus
2316 2574 2524 2629 erroris
2562 2573 2816 2644 discipuli
2851 2582 3013 2642 atque
3040 2573 3376 2630 defensores.
3407 2575 3516 2629 Sed

1934 2666 2084 2721 nobis
2119 2666 2521 2731 assentirentur,
2564 2666 2763 2737 inquit,
2802 2664 3015 2719 Ethnici
3043 2677 3199 2736 atque
3232 2665 3430 2725 Juda'i.
3463 2669 3515 2721 si

1933 2776 2073 2823 eum,
2095 2759 2186 2830 qui
2211 2770 2369 2813 natus
2395 2767 2493 2825 est,
2525 2758 2760 2813 divinum
2786 2759 3046 2814 hominem
3069 2777 3177 2815 esse
3198 2760 3510 2826 diceremus,

1935 2848 2374 2918 quemadmodum
2400 2846 2600 2903 Etiam.
2638 2846 2743 2902 Sed
2770 2849 2895 2918 quis
2915 2849 3254 2904 ethnicorum
3293 2866 3410 2921 qua:
3445 2854 3516 2907 de

1938 2939 2055 2994 Elia
2085 2949 2381 2995 narrantur
2408 2940 2675 2995 miracula
2698 2940 2746 2972 ⁷⁸
2785 2957 2883 3011 pro
2914 2942 3061 2997 veris
3091 2942 3303 3006 habuit,
3334 2943 3511 3012 ignem

1934 3016 2133 3104 nempe
2164 3031 2371 3103 duplici
2415 3031 2590 3088 forma
2622 3033 2893 3099 indutum,
2925 3034 3091 3088 alium
3134 3036 3351 3105 quidem
3388 3052 3517 3090 cur-

265 3129 511 3197 ἃρματος
560 3124 790 3195 ἡνιοχῶν
835 3124 897 3177 τὸ
944 3123 1053 3194 πῦρ
1104 3124 1132 3177 6
1176 3123 1379 3190 Ἠλίας,
1435 3124 1647 3195 ἀπαθὴς
1679 3126 1736 3177 ὲν
1770 3127 1837 3195 τῇ

1943 3141 2061 3190 rus,
2110 3125 2274 3180 alium
2301 3140 2434 3180 vero
2475 3140 2739 3195 equorum
2787 3128 2988 3195 specie,
3031 3142 3061 3181 e
3090 3129 3228 3182 caelo
3258 3128 3514 3184 deorsum

264 3218 425 3288 φλογὶ
444 3215 783 3280 διασώζεται,
816 3214 911 3269 τοῦ
936 3215 1106 3285 πυρὸς
1139 3214 1199 3267 τὸ
1232 3213 1342 3285 πῦρ
1367 3214 1635 3278 ἕλκοντος,
1672 3214 1762 3268 τοῦ
1785 3218 1840 3269 ὲν

1942 3233 2135 3274 versus
2166 3216 2424 3282 delatum,
2457 3218 2636 3273 alieno
2668 3218 2735 3273 ab
2772 3218 2893 3287 ejus
2931 3227 3127 3274 natura
3162 3222 3368 3290 impetu
3398 3238 3517 3276 mo-

260 3312 375 3375 τοῖς
398 3310 586 3372 ἵπποις
624 3307 684 3361 τὸ
717 3308 774 3360 ὲν
800 3305 877 3377 τῷ
918 3307 1162 3377 ἂρματι;
1203 3306 1265 3359 Ei
1288 3305 1396 3377 γὰρ
1429 3305 1600 3359 ταῦτά
1631 3323 1716 3369 τις
1751 3305 1841 3358 δέ-

265 3403 416 3469 ξαιτο
441 3399 562 3455 καθ’
591 3399 649 3452 ὃν
681 3399 763 3452 δεῖ
801 3399 1022 3468 τρόπον,
1053 3397 1119 3451 δι’
1150 3396 1328 3451 αὐτῶν
1387 3395 1451 3468 δὴ
1502 3396 1707 3448 τούτων
1754 3395 1844 3448 τὸν

262 3492 422 3562 λόγον
454 3492 563 3560 (89)
625 3490 761 3560 πρὸς
787 3490 887 3558 τὴν
918 3486 1011 3541 τοῦ
1045 3486 1344 3558 μυστηρίου
1376 3485 1687 3558 παραδοχὴν
1714 3487 1844 3551 άνα-

265 3585 608 3657 δειχθήσεται
632 3582 766 3652 (90),
796 3582 1034 3651 τυπικήν
1060 3596 1183 3633 τινα
1212 3580 1551 3651 προφητείαν
1584 3581 1713 3651 περὶ
1748 3580 1848 3651 τῆς

267 3677 362 3732 τοῦ
389 3676 593 3749 Κυρίου
615 3674 1075 3747 ἐνανθρωπήσεως
1098 3674 1155 3724 ὲν
1177 3671 1254 3741 τῷ
1285 3672 1581 3742 διηγήματι
1612 3670 1844 3741 βλέπων,

265 3770 355 3824 διὰ
370 3769 478 3823 τῶν
501 3768 803 3837 γεγονότων
830 3764 1308 3838 προτυπουμένην.
1323 3765 1411 3825 Ὠς
1440 3763 1548 3834 γὰρ
1572 3762 1849 3835 ἀνωφερὲς

267 3860 330 3915 ὃν
362 3863 427 3931 τῇ
456 3859 614 3929 φύσει
640 3858 703 3911 τὸ
735 3856 867 3928 πῦρ,
907 3854 1027 3926 θείᾳ
1056 3854 1279 3923 δυνάμει
1308 3853 1593 3924 πρόσγειον
1618 3855 1846 3921 γίνεταιτ

269 3951 301 4005 6
326 3951 382 4004 δὲ
411 3948 595 4012 Ἠλίας
625 3946 965 4018 περισχεθεὶς
986 3943 1066 4015 τῷ
1096 3943 1327 4015 οὐρανίῳ
1350 3944 1503 4013 πυρὶ,
1534 3943 1695 3996 πάλιν
1716 3946 1852 4016 πρὸς

269 4042 371 4114 τὴν
424 4040 565 4094 κατὰ
626 4038 787 4109 φύσιν
841 4036 1263 4107 ὲπανατρέχοντι
1305 4036 1538 4106 κίνησιν,
1569 4038 1663 4090 καὶ
1691 4037 1852 4102 αὐτὸς

274 4135 662 4204 συνεπαίρεται
685 4148 698 4161 ⁸
727 4130 901 4195 οὕτως
920 4129 1081 4192 ᾶῡλὸς
1100 4148 1183 4193 τις
1205 4129 1360 4183 οὐσία
1379 4130 1489 4199 (91)
1533 4130 1627 4183 καὶ
1647 4130 1849 4201 άειδὴς,

272 4230 310 4299 ὴ
330 4227 423 4281 τοῦ
462 4226 716 4295 Ὑψίστου
737 4222 983 4293 δύναμις,
1012 4222 1112 4292 τὴν
1130 4221 1377 4292 δουλικὴν
1405 4220 1618 4293 μορφὴν
1640 4223 1737 4292 τὴν
1766 4223 1853 4277 διὰ

273 4319 375 4389 τῆς
415 4316 693 4388 Παρθένου
743 4314 1038 4367 ὑπόστασιν
1069 4312 1414 4375 διαλαϐοῦσα,
1449 4313 1583 4387 πρὸς
1627 4313 1685 4367 τὸ
1725 4313 1854 4366 ίδιον

276 4410 411 4481 ὕψος
434 4410 729 4480 ἀνήγαγεν,
760 4409 839 4470 είς
867 4407 966 4479 τὴν
1002 4406 1152 4459 θείαν
1180 4422 1241 4459 τε
1270 4406 1362 4459 καὶ
1387 4406 1660 4477 ἀκήρατον
1690 4423 1854 4477 μετα·

1942 3310 2095 3377 veri;
2131 3319 2185 3365 et
2232 3308 2422 3374 Eliam,
2457 3310 2634 3380 ignem
2677 3310 2876 3382 auriga:
2917 3311 3091 3367 instar
3120 3313 3515 3377 moderantem,

1943 3399 2194 3455 ﬂammeo
2216 3400 2270 3454 in
2299 3414 2465 3454 curru
2503 3416 2721 3455 sursum
2746 3410 3018 3467 evectum,
3048 3403 3271 3458 illaesum
3304 3406 3357 3458 in
3395 3405 3520 3474 igne

1946 3492 2175 3556 servari,
2208 3491 2331 3562 igne
2362 3491 2538 3562 ignem
2566 3492 2837 3555 trahente,
2874 3508 2941 3548 eo
2977 3494 3185 3549 scilicet
3224 3498 3314 3565 qui
3348 3511 3520 3565 equus

1945 3578 2304 3648 exprimebat,
2334 3577 2485 3631 illum
2515 3577 2609 3646 qui
2646 3592 2846 3633 currus
2882 3579 3122 3649 speciem
3162 3591 3522 3650 repraesenta-

1948 3668 2083 3724 bat?
2121 3666 2177 3722 Si
2211 3667 2337 3738 quis
2369 3667 2515 3722 enim
2560 3666 2677 3722 haec
2704 3681 2771 3723 eo
2814 3682 2924 3737 quo
2974 3667 3129 3723 decet
3172 3680 3329 3739 pacto
3372 3674 3521 3724 acci-

1949 3762 2082 3832 piat,
2112 3776 2180 3815 ex
2226 3760 2330 3814 hac
2374 3761 2562 3829 utique
2610 3759 2742 3814 Elia:
2779 3760 3006 3815 historia
3057 3762 3521 3817 accommodatam

1950 3854 2017 3908 ad
2048 3852 2454 3923 suscipiendum
2483 3853 2875 3908 incarnationis
2903 3854 3219 3923 mysterium
3256 3854 3521 3908 rationem

1948 3947 2191 4009 eliceret,
2220 3945 2509 4015 quamdam
2542 3944 2609 4001 de
2630 3944 2832 4000 Christi
2870 3944 3248 3999 incarnatione
3286 3946 3524 4015 prophe-

1950 4040 2082 4093 tiam
2114 4037 2169 4092 in
2199 4036 2387 4093 eadem
2436 4036 2769 4100 narratione,
2804 4051 2900 4106 per
2932 4050 2994 4089 ea
3027 4052 3147 4105 qua:
3192 4034 3321 4090 Elia:
3348 4038 3527 4090 conti-

1953 4140 2171 4202 gerunt,
2202 4128 2599 4199 prmliguratam
2632 4142 2954 4198 agnoscens.
2996 4126 3129 4180 Nam
3170 4126 3522 4196 quemadmo-

1952 4224 2083 4278 dum
2110 4221 2272 4292 ignis,
2303 4234 2428 4275 cum
2458 4227 2649 4289 suapte
2678 4227 2872 4273 natura
2906 4232 3126 4273 sursum
3156 4217 3361 4281 tendat,
3391 4216 3526 4270 divi-

1953 4330 2023 4369 na
2050 4319 2320 4384 potestate
2344 4310 2622 4365 contrario
2649 4318 2796 4363 motu
2829 4318 3027 4363 terram
3049 4323 3242 4363 versus
3262 4307 3525 4375 defertur,

1953 4415 2008 4463 et
2058 4405 2174 4477 ipse
2210 4403 2358 4459 Elias
2386 4402 2595 4457 caelesti
2643 4402 2787 4472 igne,
2821 4401 3119 4455 naturalem
3162 4407 3367 4455 motum
3404 4416 3529 4455 sur-

279 4500 673 4573 στοιχειὼσασα
740 4498 923 4569 φύσινσ
954 4496 1094 4550 ὥστε
1143 4499 1169 4550 6
1208 4498 1342 4568 πρὸς
1366 4496 1523 4550 τοῦτο
1554 4497 1840 4562 δυσπειθῶς

1957 4513 2081 4556 sum
2115 4497 2429 4567 recipiente,
2480 4494 2873 4560 circumfusus,
2926 4509 3052 4549 cum
3103 4493 3196 4548 illo
3252 4494 3308 4547 in
3357 4494 3527 4548 altum

278 4595 443 4667 ἔχων,
471 4592 577 4645 οὐδ’
601 4590 668 4645 ἂν
695 4592 762 4661 τῇ
784 4588 925 4642 κατὰ
943 4588 1033 4640 τὸν
1065 4587 1250 4641 Ἠλίαν
1276 4587 1670 4659 θαυματοποιῖᾳ
1684 4605 1850 4659 προσ-

279 4687 424 4741 θοῖτο
447 4702 463 4718 ο
497 4686 525 4737 6
548 4684 603 4736 δὲ
634 4684 691 4735 ὲν
718 4681 912 4751 ἐκείνῳ
953 4678 1392 4751 προκαταμαθὼν
1428 4680 1853 4751 σκιαγραφηθεῖ-

282 4796 382 4833 σαν
407 4776 507 4845 τὴν
547 4773 823 4845 ἀλήθειαν,
866 4772 975 4826 οὐδ’
1015 4771 1081 4825 ἂν
1115 4770 1251 4842 πρὸς
1282 4771 1455 4843 αὐτὴν
1476 4770 1574 4842 τὴν
1595 4772 1853 4844 ἀλήθειαν

281 4866 588 4927 ἁντιτύπως
616 4865 749 4935 ἔχοι.

1954 4590 2203 4646 tollitur:
2242 4590 2314 4643 ita
2347 4587 2587 4641 materne
2617 4594 2671 4641 et
2703 4586 2948 4656 cujusvis
2987 4586 3174 4641 formae
3204 4601 3399 4657 expers
3444 4602 3530 4641 es-

1956 4685 2156 4747 sentia,
2181 4680 2448 4736 Altissimi
2474 4679 2724 4735 videlicet
2762 4681 2956 4745 virtus,
2986 4681 3238 4736 servilem
3274 4679 3527 4743 formam,

1957 4788 2077 4830 eam
2112 4786 2308 4841 nempe
2353 4786 2515 4840 quam
2566 4786 2632 4825 ex
2668 4768 2890 4842 Virgine
2923 4770 3113 4825 habuit
3165 4769 3529 4824 substantiam

1962 4865 2253 4936 accipiens,
2286 4864 2429 4917 illam
2462 4863 2529 4917 ad
2559 4862 2829 4933 propriam
2860 4861 2963 4918 sibi
2994 4861 3378 4917 sublimitatem
3408 4874 3529 4914 eve-

284 4968 385 5030 xit,
428 4969 485 5023 in
514 4968 753 5022 divinam
790 4974 951 5034 atque
985 4958 1347 5015 immortalem
1395 4965 1646 5011 naturam
1686 4965 2083 5024 transmutans,
2135 4959 2209 5013 ita
2284 4965 2344 5012 ut
2385 4957 2477 5027 qui
2527 4956 2643 5012 haec
2718 4971 2828 5011 non
2872 4954 3066 5018 credit,
3138 4968 3315 5022 neque
3361 4953 3529 5007 etiam

284 5060 416 5117 Elim
450 5061 729 5115 miraculis
778 5057 935 5114 iidem
987 5053 1277 5110 habiturus
1329 5053 1422 5115 sit.
1480 5053 1572 5123 qui
1619 5069 1748 5109 vero
1795 5056 1851 5110 in
1889 5056 2078 5112 eodem
2104 5054 2221 5109 Elia
2251 5053 2627 5109 adumbratam
2662 5050 2832 5107 fuisse
2895 5049 3176 5106 veritatem
3217 5056 3375 5103 antea
3439 5047 3525 5102 di-

284 5156 503 5222 dicerit,
536 5155 754 5226 ipsimet
782 5151 993 5208 veritati
1028 5164 1137 5207 non
1169 5146 1462 5201 admodum
1491 5148 1564 5203 sit
1592 5158 2016 5221 repugnaturus.
3489 5139 3494 5144 ’

358 5293 490 5350 Εἶτα
545 5296 629 5366 ἐφ’
677 5296 824 5368 ἡμᾶς
880 5293 1100 5364 στρέφει
1133 5289 1230 5362 τὴν
1276 5287 1565 5359 λοιδορίαν,
1606 5291 1730 5354 τοὺς
1788 5290 1862 5364 μὴ

287 5386 762 5460 παραδεχομένους
795 5384 959 5439 αὐτοῦ
988 5385 1080 5438 τὸν
1109 5382 1521 5438 ἁναπλασθέντα
1550 5381 1737 5453 μῦθον,
1768 5385 1862 5439 καί

2036 5291 2224 5348 XXVI.
2265 5290 2467 5345 Deinde
2494 5289 2754 5344 adversus
2785 5302 2904 5350 nos,
2933 5287 3025 5357 qui
3057 5285 3293 5341 fabulam
3325 5284 3393 5339 ab
3416 5284 3535 5353 ipso

1967 5385 2128 5442 εοηῆι
2147 5394 2255 5438 tam
2295 5381 2656 5452 explodiinus,
2710 5395 2810 5436 sua
2850 5379 3095 5435 convicia
3136 5375 3406 5432 convertit
3450 5377 3535 5432 his

363 5569 411 5600 “
434 5564 594 5622 Joan.
624 5580 707 5627 ui.
742 5565 794 5620 6.
870 5565 914 5599 "
947 5564 1076 5621 Luc.
1114 5582 1199 5633 iu,
1240 5568 1329 5625 53.
1407 5566 1452 5598 ⁷⁸
1484 5564 1551 5621 IV
1586 5563 1718 5639 Reg.
1753 5581 1811 5629 ιι,
1837 5565 1870 5620 9
1901 5581 2023 5638 sqq.

369 5726 478 5793 (88)
503 5726 657 5780 Corr.
700 5725 840 5798 κατά
866 5724 964 5798 τὴν
995 5725 1117 5798 τῆς,

367 5798 479 5867 (89)
510 5798 663 5854 Corr.
695 5797 801 5850 τῶν
828 5796 1018 5865 λόγων.

2037 5724 2148 5789 (90)
2179 5723 2334 5779 Corr.
2369 5719 2788 5792 ἐνδειχθήτεται.
2883 5787 2887 5791 ,

2044 5788 2156 5865 (9i)
2192 5796 2348 5850 Corr.
2375 5788 2529 5847 οὖσα.
