4020 6494
546 341 685 398 H79

1699 335 1756 395 S.
1790 336 2113 394 GRECORII
2140 335 2434 393 NYSSENI
2520 348 2523 351 ‘

3649 347 3794 404 1180

545 458 727 511 verbis
754 476 767 509 :
810 455 915 522 Qui
947 464 1122 510 autem
1156 454 1283 525 ﬁdei
1311 455 1478 524 specie
1510 455 1745 523 inﬁdeles
1774 464 1917 519 sunt,
1951 454 2104 508 Deum

2222 468 2382 521 φησιν
2407 468 2421 483 υ
2453 454 2517 505 Οἱ
2545 452 2613 505 δὲ
2647 452 2717 505 ἐν
2747 453 3009 522 σχήματι
3039 453 3293 519 πίστεως
3329 452 3571 510 ἄπιστοι
3606 454 3689 523 τῷ
3720 459 3792 512 ἐκ

544 562 611 599 ea:
642 548 856 600 muliere
890 549 1141 616 genitum,
1178 556 1229 601 et
1273 564 1306 600 a
1347 546 1546 600 Iudaeis
1594 547 1931 616 cruciﬁxum,
1968 547 2116 600 simi-

553 638 673 691 liter
702 649 854 706 atque
881 639 1070 691 ethnici
1096 638 1445 702 erubescunt;
1475 654 1635 707 quare
1677 646 1725 691 et
1758 638 1868 707 ipse
1890 655 1976 692 eos
2003 655 2117 693 eru-

546 728 729 782 bescet.
760 730 922 798 Atqui
948 730 1254 784 maledictis
1283 736 1474 783 contra
1506 729 1848 785 adversarios
1886 731 1959 783 uti
1991 730 2114 799 quis

546 821 754 891 ignorat
777 838 964 876 eorum
988 837 1108 877 esse
1136 823 1228 891 qui
1249 822 1395 892 quod
1424 822 1523 876 sibi
1560 830 1965 892 proposuerunt
1992 837 2116 891 per-

548 912 705 965 licere
738 928 847 965 non
876 912 1136 982 possunt?
1171 911 1280 967 Nos
1304 928 1435 967 vero
1467 920 1677 967 tantum
1713 912 1966 977 dicimus,
1988 913 2117 967 duo-

544 1003 646 1058 bus
686 1006 979 1074 propositis
1024 1020 1275 1060 errorum
1316 1006 1610 1069 barathris,
1647 1022 1712 1061 ex
1757 1021 1863 1061 una
1893 1006 2112 1077 quidem

535 1103 695 1166 :parte
748 1096 1096 1166 Apollinaris,
1144 1114 1212 1153 ex
1242 1099 1408 1153 altera
1456 1114 1585 1153 vero
1614 1097 1754 1161 Arii,
1805 1113 1958 1169 aeque
1990 1100 2113 1153 illos

534 1190 684 1255 .laedi,
714 1190 805 1260 qui
840 1192 896 1245 in
926 1192 1245 1245 alterutrum
1280 1193 1516 1259 cadunt;
1550 1192 1656 1246 nisi
1683 1193 1828 1263 quod
1860 1196 1915 1247 in
1951 1195 2114 1247 malo-

537 1298 662 1334 rum
694 1282 922 1345 delectu,
956 1284 1136 1336 minus
1168 1282 1285 1337 laedi
1314 1284 1616 1349 videantur,
1647 1284 1738 1354 qui
1766 1284 1820 1339 in
1852 1286 2110 1340 Arianum

542 1385 784 1429 errorem
850 1373 1189 1428 dilabuntur.
1256 1373 1494 1444 Uterque
1555 1374 1701 1430 enim
1750 1375 2110 1431 immortalem

544 1462 815 1534 linigeniti
856 1473 1104 1518 naturam
1141 1464 1207 1517 ad
1239 1465 1290 1519 id
1330 1466 1473 1535 quod
1523 1466 1781 1523 humilius
1810 1478 1894 1524 est
1922 1470 2108 1539 depri-

541 1553 674 1607 mit:
717 1555 808 1609 sed
842 1555 1006 1609 Arius
1034 1555 1250 1623 quidem
1295 1556 1628 1625 incorporeae
1655 1558 1968 1628 angelorum
2014 1576 2112 1614 na-

534 1650 677 1700 tura:
701 1643 986 1700 Dominum
1018 1646 1332 1717 angelorum
1375 1648 1696 1718 aaquiparat,
1729 1658 1783 1706 et
1817 1659 1925 1706 tam
1963 1652 2109 1709 hunc

539 1751 702 1805 quam
740 1736 860 1790 illos
899 1754 994 1806 per
1039 1738 1368 1793 creationem
1404 1742 1700 1808 exstitisse,
1760 1750 1815 1797 et
1868 1745 2106 1801 inereata

540 1834 736 1880 natura
761 1842 825 1881 ex
851 1843 1007 1897 aequo
1037 1829 1277 1882 minores
1297 1844 1417 1885 esse
1438 1832 1774 1900 pronuntiat.
1808 1832 1905 1889 Hic
1926 1845 2104 1891 autem

534 1931 606 1973 eo
640 1932 811 1984 usque
840 1917 1107 1972 insaniam
1140 1928 1442 1989 promovet,
1466 1930 1527 1976 ut
1556 1923 1833 1979 Christum
1862 1942 1971 1981 non
1994 1943 2109 1981 am-

539 2008 730 2077 plioris
775 2025 937 2078 quam
987 2009 1282 2074 hominem,
1336 2012 1427 2080 qui
1473 2014 1680 2083 angelis
1728 2016 1953 2072 inferior
2000 2028 2106 2084 est,

538 2100 822 2170 dignitatis
847 2117 968 2159 esse
1006 2102 1236 2171 judicet,
1288 2104 1518 2175 ejusque
1555 2118 1805 2161 naturam
1853 2124 2105 2167 carneam

535 2205 660 2246 esse
685 2190 927 2246 deﬁniat.
957 2191 1171 2258 Quanto
1204 2204 1384 2248 autem
1416 2196 1761 2265 praestantior
1791 2208 1874 2253 est
1906 2216 2106 2271 corpo-

538 2280 694 2335 ribus
756 2282 1079 2351 incorporea
1137 2292 1356 2349 natura,
1424 2294 1575 2342 tanto
1633 2289 1814 2344 minus
1870 2292 2106 2348 absurda

538 2369 870 2441 Apollinaris
898 2388 1083 2429 errore
1110 2383 1192 2430 est
1214 2377 1329 2430 Arii
1354 2378 1621 2448 impietas.
1656 2381 1915 2448 Quisnam
1943 2386 2108 2456 igitur

538 2472 643 2528 est,
685 2463 778 2532 qui
819 2464 945 2518 dum
997 2467 1393 2523 lncarnationis
1421 2482 1487 2525 ex
1520 2470 1735 2543 Virgine
1784 2479 2105 2545 mysterium

538 2555 782 2623 exponit,
839 2555 962 2610 ﬁdei
1016 2559 1195 2626 specie
1249 2560 1481 2616 inﬁdelis
1540 2567 1803 2633 apparet?
1851 2566 2104 2624 Omnium

536 2654 725 2701 autem
752 2647 927 2702 oculis
949 2659 1189 2703 noswam
1214 2650 1392 2717 ﬁdem,
1423 2655 1490 2708 ab
1513 2654 1821 2725 Apollinare
1849 2660 2104 2729 derisam,

534 2735 761 2807 ejusque
797 2738 1143 2808 opinamenta
1196 2742 1504 2811 subjiciam.
1548 2745 1657 2802 Nos
1700 2750 1842 2803 enim
1874 2750 2105 2809 dicimus

538 2824 705 2880 Deum
733 2839 855 2881 cum
895 2843 993 2883 sua
1040 2831 1347 2886 substantia
1385 2837 1626 2891 materiae
1657 2854 1870 2908 expers,
1918 2842 2106 2898 invisi-

535 2912 677 2979 bilis,
715 2928 768 2973 et
800 2920 1154 2990 incorporeus
1180 2924 1428 2988 exsistat,
1462 2928 1690 2998 benigna
1722 2932 1952 3000 quadam
1978 2949 2103 3004 erga

537 3008 786 3067 homines
831 3012 1257 3084 dispensatione,
1291 3030 1545 3090 vergente
1573 3021 1638 3074 ad
1675 3027 2100 3079 consummatio-

536 3118 659 3158 nem
712 3106 932 3171 saeculo,
974 3108 1177 3161 malitia
1223 3108 1336 3178 jam
1391 3110 1458 3165 ad
1499 3128 1771 3169 summum
1823 3127 2095 3185 provecta,
2129 3132 2173 3191 (ι

536 3200 666 3248 tunc
699 3195 767 3248 ad
799 3208 1079 3267 peccatum
1106 3200 1391 3257 delendum
1416 3219 1538 3257 cum
1571 3206 1804 3262 humana
1839 3217 2105 3280 tempera-

532 3294 652 3341 tum
685 3286 855 3346 fuisse
878 3300 1100 3359 natura,
1129 3295 1587 3363 quemadmodum
1620 3300 1665 3354 si
1702 3302 1825 3370 quis
1850 3303 2018 3358 solem
2047 3304 2103 3358 in

534 3378 880 3435 tenebrosam
930 3383 1241 3451 speluncam
1294 3386 1572 3442 induceret
1616 3398 1670 3445 et
1704 3391 1925 3448 luminis
1966 3408 2102 3462 prae-

533 3467 712 3521 sentia
758 3469 1011 3525 tenebras
1038 3472 1346 3542 dissiparet.
1394 3476 1617 3533 Nostras
1645 3481 1788 3534 enim
1818 3485 2009 3538 sordes
2048 3484 2100 3538 in

535 3554 827 3624 semetipso
872 3572 1179 3624 assumens,
1219 3577 1407 3616 earnm
1447 3566 1728 3634 spurcitiis
1777 3584 1885 3623 non
1923 3571 2103 3641 inqui-

534 3651 734 3710 natur;
774 3646 868 3701 sed
913 3648 966 3701 in
1002 3664 1061 3704 se
1090 3650 1209 3720 ipso
1256 3654 1448 3710 sordes
1492 3658 1761 3727 puriﬁcat.
1784 3659 1903 3714 Lua:
1940 3664 2099 3729 enim,

534 3735 731 3806 inquit,
758 3740 809 3792 in
836 3740 1056 3795 tenebris
1089 3743 1247 3809 luxit,
1274 3754 1323 3799 et
1352 3748 1576 3805 tenebrae
1598 3768 1715 3806 eam
1743 3770 1846 3809 non
1870 3773 2103 3826 compre-

529 3825 821 3881 henderunt
847 3830 911 3883 “.
951 3831 1006 3884 id
1051 3833 1196 3901 quod
1223 3841 1278 3888 et
1325 3835 1379 3891 in
1425 3841 1673 3895 medendi
1713 3853 1829 3899 arte
1869 3825 2097 3914 accidit;

530 3918 799 3988 siquidem
833 3923 1115 3978 curatione
1153 3926 1344 3981 morbo
1374 3928 1633 3998 adhibita,
1667 3935 1931 4003 aegritudo
1976 3953 2101 3992 eva-

530 4012 727 4076 nescit,
790 4029 897 4066 non
946 4014 1000 4067 in
1051 4015 1320 4072 medicam
1367 4028 1536 4074 artem
1580 4022 1927 4079 transfertur.
1973 4025 2099 4081 Haac

530 4110 720 4157 nostra
777 4106 1045 4159 sententia
1082 4118 1187 4163 est.
1244 4111 1314 4162 At
1368 4110 1469 4166 iste
1512 4128 1767 4169 carneum
1823 4117 1892 4172 ab
1940 4119 2099 4174 initio

530 4192 696 4249 Deum
732 4211 855 4251 esse
896 4198 993 4265 ait,
1034 4207 1199 4271 atque
1239 4203 1312 4256 ita
1342 4218 1546 4274 corpus
1575 4206 1791 4264 visibile
1818 4218 1872 4265 et
1914 4213 2097 4282 palpa-

528 4285 658 4351 bile,
681 4288 826 4357 quod
858 4288 911 4343 in
942 4290 1147 4347 ultimis
1177 4291 1372 4350 diebus
1395 4309 1461 4348 ex
1496 4297 1721 4354 muliere
1746 4302 1986 4369 genitum
2013 4313 2096 4359 est

528 4386 584 4433 et
626 4379 881 4448 paulatim
920 4380 1077 4435 factis
1108 4382 1345 4438 humano
1383 4385 1640 4442 alimento
1687 4393 2094 4451 accessionibus

2216 543 2497 612 γυναικὸς
2549 542 2813 611 τεχθέντι
2864 542 3005 609 Θεῷ.
3062 545 3161 597 καί
3200 546 3595 614 σταυρωθέντι
3637 551 3791 615 πρὸς

2210 633 2537 699 Ἰουδαίων,
2556 636 2766 704 ὁμοίως
2779 636 3031 701 ἐκείνοις
3040 636 3503 706 ἐπαισχύνονται
3522 642 3540 709 (
3559 640 3676 712 [92]
3695 642 3790 694 διὸ

2215 725 2510 792 καὶαύτὸς
2540 725 3085 795 ἐπαισχυνθήσεται
3133 730 3396 799 αὐτούς).
3448 731 3523 784 Τὸ
3572 733 3674 802 μὲν
3694 730 3790 787 οὖν

2214 818 2372 887 ἀραῖς
2405 816 2547 870 κατὰ
2591 817 2698 869 τῶν
2748 818 3076 871 ὑπεναντίων
3101 820 3355 891 χρῆσθαι,
3388 821 3471 885 τίς
3514 824 3620 876 οὐκ
3647 820 3791 877 οἶδεν

2214 911 2296 962 ὅτι
2341 904 2448 957 τῶν
2481 905 2803 963 ἀτονούντων
2828 911 2942 966 ἐστὶ
2962 912 3090 983 περὶ
3116 911 3153 966 ἃ
3186 911 3579 976 σπουδάζουσιν
3615 914 3788 980 (Emit;

2227 1000 2416 1071 Ἡμεῖς
2444 1002 2500 1055 δὲ
2526 1000 2775 1054 τοσοῦτόν
2814 1019 3012 1073 φαμεν,
3041 1004 3120 1055 ὅτι
3154 1002 3247 1056 δύο
3280 1005 3658 1077 προκειμένων
3687 1006 3783 1077 βαι

2217 1094 2449 1165 ράθρων,
2486 1095 2635 1148 ἐνθεν
2666 1096 2762 1165 μὲν
2789 1095 2882 1148 τοῦ
2912 1095 3051 1149 κατὰ
3091 1096 3181 1150 τὸν
3218 1098 3619 1171 ’Δπολινάριον,
3662 1100 3791 1153 ὲτὲ-

2217 1187 2389 1257 ρωθεν
2419 1186 2474 1238 δὲ
2495 1185 2587 1237 τοῦ
2634 1185 2774 1239 κατὰ
2806 1186 2899 1238 τὸν
2931 1187 3148 1258 ’Δρειον
3186 1188 3498 1259 πτώματος,
3532 1186 3654 1243 ἴσον
3687 1192 3790 1261 μὲν

2211 1277 2331 1331 καθ’
2391 1276 2575 1348 ἓτερον
2628 1278 2735 1347 (95)
2794 1281 2905 1341 τοῖς
2957 1278 3384 1333 καταπίπτουσίν
3409 1283 3524 1334 ἐστι
3555 1282 3620 1334 τὸ
3656 1283 3777 1335 σύν-

2210 1379 2422 1433 τριμμα
2444 1379 2458 1393 ο
2482 1363 2621 1434 πλὴν
2655 1364 2711 1418 ἐν
2740 1365 2923 1418 κακῶν
2953 1365 3169 1437 ἐκλογῇ,
3206 1369 3529 1439 κουφότερον
3550 1370 3696 1423 δοκεῖ
3726 1372 3791 1423 τὸ

2212 1457 2350 1510 κατὰ
2376 1457 2466 1509 τὸν
2487 1459 2699 1525 Ἀρειον
2728 1458 2967 1529 κλάσμα.
3015 1461 3334 1531 Ἀμφότεροι
3380 1462 3477 1533 μὲν
3505 1463 3615 1533 γὰρ
3644 1466 3786 1535 πρὸς

2210 1549 2271 1601 τὸ
2302 1548 2679 1619 ταπεινότερον
2705 1550 2803 1619 τὴν
2837 1551 3109 1622 ἀκήρατον
3145 1552 3238 1604 τοῦ
3262 1555 3598 1621 Μονογενοῦς
3623 1557 3786 1624 φύσιν

2212 1640 2596 1695 καθέλκουσιν
2644 1642 2759 1695 ἀλλ’
2789 1644 2817 1696 ὁ
2848 1644 2945 1712 μὲν
2968 1644 3183 1715 ’Ἄρειος
3234 1648 3297 1715 τῇ
3349 1647 3625 1717 ἀσωμάτῳ
3673 1649 3783 1701 τῶν

2210 1730 2453 1798 ἀγγέλων
2499 1732 2656 1800 φύσει
2710 1735 3045 1803 προσοικειοῖ
3081 1733 3171 1787 τὸν
3222 1734 3331 1787 τῶν
3400 1735 3652 1803 ἀγγέλων
3682 1740 3783 1790 Ae-

2210 1823 2413 1894 σπότην
2434 1863 2449 1889 ,
2475 1823 2614 1878 κατὰ
2640 1824 2701 1877 τὸ
2731 1821 2845 1878 ἴσον
2880 1824 3227 1879 ἐλαττοῦσθαι
3259 1826 3358 1898 τῆς
3388 1827 3481 1880 τοῦ
3521 1828 3780 1882 ἁκτίστου

2210 1916 2442 1987 φύσεως,
2497 1916 2592 1971 καὶ
2648 1918 2832 1970 τοῦτον
2885 1918 3171 1982 κάκείνους
3218 1917 3306 1971 διὰ
3356 1919 3587 1983 κτίσεως
3643 1916 3783 1973 εἶναι

2207 2009 2645 2078 ἀποφηνάμενος.
2674 2003 2840 2071 Οὗτος
2884 2008 2994 2079 (94)
3026 2008 3083 2062 δὲ
3119 2009 3366 2062 τοσοῦτον
3393 2012 3654 2063 ἐπιτείνει
3680 2013 3781 2081 τὴν

2205 2099 2458 2163 ἀτοπίαν,
2487 2097 2627 2151 ὥστε
2656 2099 2748 2151 καὶ
2766 2098 3035 2170 ἀνθρώπῳ
3059 2100 3137 2169 τῷ
3166 2103 3306 2174 παρ’
3334 2101 3593 2170 ἀγγέλους
3625 2101 3782 2156 ἐλατ-

2204 2188 2449 2259 τουμὲνῳ
2494 2189 2697 2260 κρίνειν
2749 2191 3027 2261 ὁμότιμον,
3087 2191 3181 2244 καὶ
3227 2192 3474 2263 σαρκώδη
3516 2190 3778 2264 εἶναιτὴν

2207 2281 2365 2349 φύσιν
2427 2281 2590 2334 αὑτοῦ
2643 2282 2991 2353 διορίζεσθαι.
3036 2284 3183 2354 Ὅσῳ
3231 2284 3287 2336 δὲ
3355 2285 3619 2355 κρείττων
3671 2286 3775 2337 τῶν

2206 2374 2471 2443 σωμάτων
2498 2375 2530 2443 ή
2557 2372 2842 2443 ἀσώματος
2871 2374 3050 2442 φύσις.
3081 2373 3378 2445 τοσοῦτονή
3398 2374 3537 2427 κατὰ
3562 2376 3773 2447 Ἀρειον

2204 2461 2427 2515 ἀσέϐεια
2489 2463 2589 2532 τῆς
2634 2462 3008 2534 Ἀπολιναρίου
3040 2464 3251 2535 πλάνης
3290 2465 3647 2537 αἱρετώτερα.
3676 2468 3769 2529 Τίς

2204 2546 2294 2604 οὖν
2327 2552 2383 2603 ἐν
2422 2552 2658 2621 σχήματι
2697 2552 2929 2617 πίστεως
2954 2554 3200 2618 ἄπιστος,
3236 2555 3549 2625 ἑρμηνεύων
3584 2556 3695 2625 (95)
3716 2556 3773 2607 τὸ

2204 2643 2267 2694 ὲκ
2296 2642 2396 2712 τῆς
2423 2642 2693 2713 Παρθένου
2719 2644 3049 2714 μυστήριον;
3079 2644 3341 2715 Προθησω
3368 2644 3473 2715 γὰρ
3505 2644 3583 2715 τῷ
3615 2646 3774 2715 κοινῷ

2202 2735 2301 2804 τήν
2328 2752 2386 2787 τε
2422 2735 2853 2804 κωμῳδουμένην
2901 2737 3056 2807 ἡμῶν
3106 2737 3257 2807 παρὰ
3302 2737 3393 2791 τοῦ
3436 2738 3773 2809 λογογράφου

2203 2825 2403 2890 πίστιν,
2434 2828 2527 2879 καὶ
2552 2827 2649 2897 τὴν
2673 2828 2879 2880 ἐκείνου
2916 2828 3200 2898 ὑπόληψιν.
3228 2828 3417 2899 Ἡμεῖς
3446 2832 3556 2901 γάρ
3574 2848 3770 2900 φαμεν,

2201 2918 2282 2970 ὅτι
2333 2918 2490 2981 eam;
2544 2935 2603 2970 τε
2653 2919 2748 2970 καὶ
2793 2918 2973 2989 ἁειδὴς
3007 2920 3099 2971 καὶ
3122 2918 3405 2989 ἀσώματος
3434 2921 3556 2973 κατ’
3589 2920 3775 2972 οὐσίαν

2200 3010 2329 3071 Θεὸς
2360 3010 2469 3079 (96)
2494 3009 2588 3073 ὢν,
2642 3010 2919 3082 οἰκονομίᾳ
2958 3012 3063 3064 τινὶ
3100 3012 3459 3084 φιλανθρώπῳ
3508 3013 3646 3084 πρὸς
3696 3014 3773 3085 τῷ

2205 3102 2345 3155 τέλει
2365 3102 2465 3171 τῆς
2485 3101 2575 3154 τοῦ
2603 3102 2801 3165 παντὸς
2837 3102 3297 3173 συμπληρώσεως,
3320 3104 3418 3173 ἢδη
3447 3103 3546 3174 τῆς
3573 3108 3770 3169 κακίας

2206 3192 2282 3254 εἰς
2317 3190 2374 3243 τὸ
2404 3190 2512 3259 (97)
2545 3192 2840 3260 ἀκρότατον
2863 3190 3206 3262 αὐξηθείσης,
3233 3193 3353 3246 τότε
3389 3195 3481 3246 ἐπὶ
3510 3195 3769 3267 καθαιρὲ-

2207 3300 2286 3336 σει
2318 3285 2413 3354 τῆς
2442 3284 2730 3355 ἁμαρτίας,
2749 3287 2812 3354 τῇ
2839 3284 3150 3358 ἀνθρωπίνῃ
3167 3290 3557 3355 κατακιρνᾶται
3587 3289 3768 3357 φύσει,

2203 3371 2312 3430 οἷόν
2335 3393 2416 3439 τις
2446 3377 2595 3447 ἥλιος
2628 3378 2684 3429 ὲν
2708 3376 2965 3445 γνοφώδει
2990 3377 3098 3448 (98)
3132 3378 3376 3449 σπηλαίῳ
3408 3381 3771 3451 είσοικιζὸμε-

2204 3484 2313 3531 νος,
2354 3468 2448 3520 καὶ
2487 3468 2573 3520 διὰ
2604 3467 2697 3521 τοῦ
2737 3468 2908 3537 φωτὸς
2951 3469 3281 3537 ἐξαφανίζων
3307 3472 3371 3541 τῇ
3402 3474 3676 3543 παρουσίᾳ
3712 3474 3772 3525 τὸ

2205 3562 2411 3624 σκότος.
2462 3563 2565 3614 Τὸν
2598 3562 2704 3634 γὰρ
2743 3563 3005 3635 ἡμέτερον
3042 3564 3207 3634 ῥύπον
3234 3567 3311 3628 είς
3347 3567 3538 3619 ἑαυτὸν
3571 3568 3773 3620 ἀναλα-

2203 3653 2332 3719 ϐὼν,
2362 3655 2459 3707 ούκ
2503 3654 2664 3717 αὐτὸς
2712 3655 3069 3726 ὲμμολύνεται
3114 3657 3190 3728 τῷ
3228 3658 3490 3729 μιάσματι
3518 3675 3531 3689 '
3560 3660 3678 3713 ἀλλ’
3712 3661 3770 3715 ἐν

2202 3747 2377 3817 ἑαυτῷ
2411 3747 2691 3818 καθαρίζει
2721 3748 2811 3801 τὸν
2842 3748 3011 3819 ῥύπον
3030 3764 3042 3778 ’
3080 3749 3147 3802 Τὸ
3170 3749 3277 3818 γὰρ
3304 3750 3450 3819 φῶς,
3479 3754 3667 3821 φησὶν,
3700 3755 3769 3806 ἐν

2200 3838 2276 3907 τῇ
2298 3841 2511 3907 σκοτίᾳ
2552 3840 2842 3910 ἔλαμψεν.
2894 3842 2957 3894 Ἡ
3002 3841 3069 3894 δὲ
3099 3844 3310 3895 σκοτία
3342 3844 3484 3897 αὐτὸ
3517 3847 3589 3898 οὑ
3624 3863 3766 3898 κατ-

2198 3930 2431 3985 έλαϐεν.
2458 3932 2664 4002 Ὥσπερ
2692 3934 2783 3985 καὶ
2807 3933 2899 3984 ἐπὶ⁵
2921 3932 3021 4002 τῆς
3044 3916 3304 4004 Ἰίατρείας
3352 3934 3576 4003 γίνεται.
3635 3938 3765 3988 Ἑπ-

2201 4022 2460 4093 αχθείσης
2482 4026 2590 4095 γάρ
2613 4024 2689 4094 τῷ
2713 4026 2974 4095 νοσήματι
3000 4024 3093 4093 τῆς
3111 4024 3323 4087 ἰάσεως,
3354 4027 3433 4088 είς
3457 4026 3763 4096 ἀφανισμὸν

2202 4118 2505 4186 μεταχωρεῖ
2532 4116 2592 4168 τὸ
2628 4116 2985 4187 ἀρρώστημα,
3024 4117 3123 4168 οὐκ
3162 4116 3241 4178 εἰς
3271 4116 3369 4185 τὴν
3410 4116 3656 4187 ἰατρικὴν
3676 4120 3761 4170 τέ-

2198 4224 2327 4277 χνην
2360 4207 2814 4277 ἀντιμεθίσταται.
2845 4203 3011 4271 Οὗτος
3039 4210 3066 4260 ὀ
3104 4208 3364 4278 ἡμέτερος
3395 4208 3570 4276 λόγος.
3616 4210 3674 4262 Ὀ
3700 4209 3759 4263 δέ

2198 4318 2380 4371 φησιν,
2416 4300 2674 4372 ἔνσαρκον
2704 4298 2923 4353 εἶναιτὸ
2951 4299 3227 4371 καταρχὰς
3255 4299 3465 4369 (99)·τὸν
3481 4302 3636 4365 Θεὸν,
3667 4303 3762 4356 καὶ

2196 4391 2368 4455 οὕτως
2400 4392 2486 4445 ἐπ’
2512 4392 2749 4463 ἐσχάτων
2771 4389 2989 4463 ἡμερῶν
3006 4392 3066 4444 τὸ
3092 4391 3276 4463 τεχθὲν
3294 4393 3465 4445 ἐκεῖνο
3487 4393 3546 4445 τὸ
3565 4394 3760 4464 ὁρατὸν

527 4466 719 4530 crevit,
754 4481 861 4519 non
897 4468 1041 4523 aliud
1070 4486 1191 4527 esse
1236 4482 1388 4544 putat
1428 4493 1589 4547 quam
1634 4480 1766 4538 illud
1796 4488 1939 4556 quod
1969 4501 2093 4547 ante

2203 4486 2289 4538 καὶ
2319 4484 2634 4556 ψηλαφητὸν
2667 4484 2841 4555 σῶμα,
2865 4485 2925 4537 τὸ
2942 4484 3029 4537 διὰ
3054 4483 3153 4554 τῆς
3185 4484 3529 4555 ἀνθρωπίνης
3552 4485 3761 4555 τροφῆς

527 4565 711 4612 creata
736 4567 930 4614 cuncta
954 4563 1273 4632 exsistebat,
1303 4571 1444 4637 quod
1466 4571 1734 4629 hominem
1762 4587 2093 4653 caeterasque

525 4661 616 4702 res
644 4656 750 4701 tam
797 4649 1041 4707 visibiles
1079 4669 1239 4722 quam
1293 4657 1595 4717 invisibiles
1629 4666 1891 4733 condidit,
1947 4649 2090 4741 quod

523 4745 579 4792 et
605 4736 1047 4810 defatigationem
1081 4745 1246 4797 sentit
1289 4754 1342 4801 et
1372 4748 1425 4801 in
1457 4752 1623 4805 animi
1651 4757 1871 4811 tristitia
1898 4736 2090 4819 mortis

523 4830 956 4923 experimentum
979 4836 1143 4904 capit.
1168 4834 1362 4892 Nescio
1380 4848 1557 4895 autem
1577 4849 1847 4914 quomodo
1872 4853 2088 4923 sapiens

523 4916 646 4983 iste,
678 4932 802 4973 cum
849 4922 1070 4988 cmlum,
1108 4932 1254 4979 terra
1283 4936 1588 4999 cunctaque
1635 4935 1738 4989 alia
1771 4916 2088 4998 admiranda

523 5006 577 5062 in
618 5024 801 5064 rerum
831 5016 1107 5071 creatione
1141 5018 1360 5073 condita
1405 5030 1554 5088 sunt,
1585 5025 1719 5082 nihil
1753 5029 1954 5089 laboris
1990 5050 2085 5090 eo-

521 5116 647 5155 rum
664 5100 925 5159 factorem
949 5107 1186 5167 subiisse
1213 5118 1464 5183 testetur,
1488 5132 1609 5174 cum
1638 5128 1817 5178 autem
1848 5140 1877 5180 e
1896 5125 2081 5184 Judzea

588 5254 632 5285 ⁷⁸
654 5253 813 5311 Joan.
846 5274 885 5323 I,
913 5260 968 5315 5.

588 5386 700 5465 (ἓξ)
724 5389 854 5465 Quae
884 5393 1244 5465 semicirculis
1268 5396 1620 5457 includuntur
1644 5417 1786 5461 corr.
1819 5408 1942 5465 add.

589 5458 704 5537 (ἓξ)
731 5459 892 5537 Qorr.
922 5463 1045 5537 καθ’
1074 5466 1354 5537 ἑκάτερον.
1588 5472 1611 5485 ’λ

611 5527 699 5593 94)
726 5525 880 5584 Corr.
906 5533 1106 5588 οὑτοσί.

734 5598 888 5680 ςξοιτ.
922 5603 1078 5680 orto);
1098 5605 1433 5680 ἑρμηνεύων.

613 5664 702 5738 9Q)
736 5667 892 5738 Corr.
919 5672 948 5723 ό
979 5664 1131 5738 Θεός.

611 5733 702 5808 97)
734 5736 890 5795 Corr.
929 5740 1061 5811 πρὸς
1090 5733 1167 5798 τό.

2191 4580 2310 4641 ταῖς
2362 4577 2482 4631 κατ’
2538 4577 2714 4646 ὀλίγον
2770 4578 3098 4649 προσθήκαις
3145 4578 3539 4647 αὐξανόμενον,
3585 4579 3763 4630 ἐκεῖνο

2192 4666 2328 4725 εἶναι
2349 4668 2377 4722 ὃ
2413 4670 2518 4741 πρὸ
2550 4671 2656 4724 τῶν
2713 4670 2879 4723 ὄντων
2922 4670 3174 4722 ἁπάντων
3196 4665 3283 4741 ἦν,
3319 4670 3347 4722 ὂ
3381 4669 3472 4721 καὶ
3512 4669 3640 4731 τοὺς
3667 4672 3761 4721 ἁν-

2192 4762 2439 4833 θρώπους
2495 4763 2737 4831 ἐποίησε,
2782 4764 2876 4816 καὶ
2927 4764 3102 4815 πᾶσαν
3130 4762 3302 4816 κτίσιν
3329 4764 3530 4833 όρατήν
3561 4780 3621 4815 τε
3665 4765 3759 4816 καὶ

2191 4855 2439 4925 ἀόρατον,
2463 4854 2490 4907 ὃ
2519 4853 2717 4909 καὶτοῦ
2746 4854 2912 4907 κόπου
2940 4853 3251 4907 αἰσθάνεται
3280 4854 3371 4907 καὶ
3405 4856 3461 4907 ὲν
3488 4855 3760 4926 ἀδημονία

2195 4947 2419 5001 θανάτου
2447 4945 2657 5017 δέχεται
2688 4948 2899 5016 πεῖραν.
2941 4945 3055 4998 Οὐκ
3099 4942 3211 4999 οἶδα
3244 4946 3358 5010 πῶς
3388 4949 3416 5000 ὁ
3447 4948 3627 5017 σοφὸς,
3667 4949 3757 5000 ὅτε

2196 5040 2293 5113 μὲν
2316 5042 2365 5092 οί
2423 5038 2659 5110 οὐρανοὶ,
2702 5038 2791 5091 καὶ
2815 5038 2847 5108 ἡ
2884 5037 2975 5107 γῆ,
3004 5039 3096 5090 καὶ
3125 5038 3298 5092 πάντα
3318 5037 3386 5091 τὰ
3411 5040 3467 5092 ἐν
3492 5041 3556 5110 τῇ
3580 5041 3757 5092 κτίσει

2191 5131 2473 5186 συνίστατο
2494 5128 2762 5200 θαύματα,
2794 5127 2959 5182 κόπον
2992 5128 3178 5184 οὐδένα
3218 5131 3653 5201 προσμαρτυρῶν
3677 5130 3756 5202 τῷ

2258 5413 2368 5482 (98)
2404 5413 2457 5465 In
2479 5411 2599 5467 Val.
2646 5413 2782 5491 cod._
2810 5411 3107 5491 οῐξδῑᾙοῖόνγ
3135 5436 3219 5491 τις
3258 5420 3405 5491 ἥλιον
3464 5423 3747 5491 γνοφώδει.

2185 5484 2341 5558 corr.
2380 5493 2558 5558 autem
2596 5487 2900 5558 emendavit
2922 5487 3070 5555 ἥλιος
3095 5490 3152 5540 ὲν
3179 5484 3425 5558 ζοφώδει,
3454 5484 3506 5546 et
3527 5484 3585 5545 in.
3610 5512 3745 5546 inar-

2187 5556 2309 5623 gine
2346 5553 2531 5608 eadem
2560 5556 2729 5633 veteri
2765 5553 3335 5633 manuscribiturjp.
3384 5553 3477 5615 καὶ
3532 5563 3743 5633 λύχνος,

2187 5631 2246 5701 nt
2278 5638 2487 5701 sensus
2527 5624 2617 5688 sit,
2660 5635 2763 5679 tam
2809 5628 2957 5697 ἥλιος
3005 5645 3167 5697 quam
3216 5624 3405 5701 idiom;
3442 5648 3507 5688 eo
3538 5624 3747 5689 in'locd

2188 5694 2289 5759 legi
2322 5708 2500 5759 posse.

2257 5758 2365 5833 (99)
2390 5765 2542 5817 CUI‘I‘.
2580 5758 2713 5819 εἷναί
2737 5784 2789 5818 τε
2808 5768 3103 5840 καταρχὰς.
