4020 6504
164 5816 179 5853 Ι

269 361 407 417 “8|

1461 364 1781 424 ADVERSU
1794 368 1831 424 S
1858 364 2370 425 APOLLINAREM.

3381 379 3514 434 1189.

269 476 580 547 ποιήσαντι,
636 473 723 528 ἱνα
767 473 824 528 δὲ
853 474 1034 547 διέλθῃ
1061 475 1168 531 ἀπὸ
1194 477 1294 548 τῆς
1339 478 1597 545 Ἰουδαίας
1629 485 1721 536 ἐπὶ
1749 483 1847 554 τὴν

1960 500 2003 538 ιη
2030 482 2303 539 Galilzeam
2344 484 2461 549 ivit,
2506 484 2683 554 ipsum
2715 486 2769 542 in
2808 487 2997 545 labore
3038 488 3208 547 fuisse
3237 491 3422 560 dicat;
3459 501 3516 549 et

269 565 581 631 Γαλιλαίαν,
615 565 674 617 ὲν
695 565 849 636 κόπῳ
872 566 1031 619 αὐτὸν
1053 568 1374 637 γεγενῆσθαι
1401 569 1572 639 λέγων
1593 587 1606 600 ·
1626 572 1847 635 καὶτοῖς

274 658 374 728 μὲν
445 657 805 727 Ἰσραηλίταις
861 659 1114 729 στρέφειν
1155 659 1252 731 τὴν
1302 661 1506 731 πέτραν
1540 665 1620 727 εἰς
1657 663 1848 732 λίμνας

271 749 503 816 ὑδάτων,
535 750 697 803 αὑτὸν
732 749 789 802 δὲ
817 752 960 802 πιεῖν
987 752 1156 804 αἰτεῖν
1185 752 1337 822 παρὰ
1371 754 1629 821 γυναικὸς
1659 755 1847 823 Σαμα-

279 841 507 912 ρείτιδος
534 858 547 871 ·
596 842 693 895 καὶ
744 842 803 895 ὲν
855 842 1260 913 τεσσαράκοντα
1306 843 1450 897 ἔτεσι
1495 845 1569 917 μὴ
1598 846 1843 916 κάμνειν,

272 931 561 997 τοσαύταις
592 932 816 1004 μυριάσι
864 934 962 1005 τὴν
1010 934 1264 1004 οὐρανίαν
1294 937 1501 1007 τροφὴν
1541 938 1851 1007 ἐπιχέοντα,

274 1024 437 1079 αὑτὸν
491 1023 549 1078 δὲ
599 1023 735 1094 πρὸς
774 1024 873 1094 τὴν
908 1024 1077 1093 συκῆν
1103 1024 1329 1095 δραμεῖν
1359 1025 1533 1079 ἐλπίδι
1573 1026 1846 1097 βρώσεως,

270 1114 374 1187 τῆς
418 1112 493 1185 μὴ
552 1112 737 1183 οῠσης.
768 1114 1032 1185 Τοιαύτης
1063 1113 1230 1184 ούσης
1276 1116 1407 1187 παρ’
1450 1118 1728 1188 ἑκατέροις
1751 1120 1849 1189 τῆς

270 1205 370 1259 τοῦ
418 1204 688 1275 δόγματος
739 1205 1080 1276 ὑπολήψεως,
1110 1208 1139 1259 6
1177 1206 1395 1270 συνετὸς
1451 1209 1725 1279 ἀκροατὴς
1765 1212 1849 1280 ἐφ’

270 1294 470 1351 ἑαυτοῦ
498 1295 729 1365 κρινέτω
750 1294 833 1358 τίς
865 1298 894 1349 6
924 1296 1162 1367 σχήματι
1195 1296 1430 1361 πίστεως
1458 1297 1705 1363 ἄπιστος.

359 1452 521 1506 Ἀλλά
540 1468 670 1521 φησι
690 1451 872 1519 λέγειν
895 1452 1041 1522 ἡμᾶς
1067 1451 1147 1506 ὄτι
1171 1454 1199 1505 ὀ
1220 1455 1548 1524 σταυρωθεὶς
1566 1457 1715 1511 οὐδὲν
1738 1453 1851 1528 εἶχε

275 1543 456 1598 θεῖκὺν
482 1544 538 1595 ὲν
562 1545 627 1612 τῇ
658 1542 847 1595 ἑαυτοῦ
884 1542 1060 1612 φύσει,
1103 1543 1223 1596 ούδὲ
1253 1546 1383 1598 αύτὸ
1410 1547 1469 1599 τὸ
1498 1547 1848 1617 κυριώτατον,

270 1635 304 1689 ὅ
337 1636 453 1687 ἐστι
506 1634 742 1704 πνεῦμα.
797 1635 939 1705 Πρὸς
974 1635 1031 1688 δὲ
1084 1634 1179 1706 τὴν
1202 1636 1455 1707 τοιαύτην
1494 1640 1851 1707 συκοφαντίαν

274 1726 568 1797 πρόχειρος
599 1727 632 1797 ἡ
664 1729 727 1779 ὲκ
763 1727 861 1796 τῆς
884 1727 1163 1798 ἁρνήσεώς
1186 1729 1330 1781 ἐστιν
1356 1729 1635 1798 ἀπολογία.
1669 1732 1852 1801 Είγὰρ

1947 572 2207 630 lsraelitis
2247 574 2464 644 quidem
2496 582 2705 644 petram
2736 577 2791 630 in
2838 588 3029 649 stagna
3072 596 3337 652 aquarum
3385 600 3517 639 con-

1945 666 2198 731 vertisse,
2233 666 2483 719 eumdem
2509 682 2639 721 vero
2670 683 2701 720 a
2731 667 3071 725 Samaritana
3104 675 3331 730 muliere
3363 691 3516 747 aqua:

1945 766 2131 827 potum
2183 759 2523 828 postulasse;
2570 766 2624 814 et
2670 763 2760 829 qui
2808 777 2902 831 per
2940 764 3295 835 quadraginta
3343 782 3514 824 annos

1946 849 2225 903 etelestem
2256 849 2437 903 cibum
2478 860 2557 904 tot
2588 852 2863 921 tantisque
2904 851 3209 910 Iudaeorum
3256 860 3514 930 myriadi-

1948 939 2051 995 bus
2087 939 2444 1010 profundens,
2481 956 2591 995 non
2626 942 2953 1013 defatigatus
2990 944 3115 1010 fuit,
3153 948 3303 1002 illum
3338 951 3515 1019 ipsum

1948 1043 2044 1098 Spe
2070 1029 2199 1093 cibi,
2228 1029 2322 1100 qui
2365 1044 2475 1083 non
2506 1029 2715 1092 aderat,
2744 1030 2810 1083 ad
2842 1031 3003 1085 ficum
3034 1034 3364 1088 cucurrisse.
3394 1035 3515 1089 llaec

1947 1132 2070 1172 cum
2124 1120 2195 1171 sit
2248 1117 2536 1187 utriusque
2584 1120 2756 1187 partis
2810 1120 2955 1173 circa
3007 1120 3169 1175 fidem
3222 1124 3514 1187 sententia,

1947 1207 2189 1279 prudens
2234 1211 2601 1278 cordatusque
2650 1210 2867 1265 auditor
2914 1226 3100 1266 secum
3150 1213 3270 1281 ipse
3312 1213 3514 1283 judicet

1950 1308 2072 1355 uter
2101 1300 2223 1355 ﬁdei
2255 1300 2534 1371 speciesit
2560 1300 2815 1357 infidelis.

2021 1454 2232 1510 XXVII.
2272 1454 2375 1511 Sed
2404 1471 2506 1511 nos
2537 1456 2805 1512 afﬁrmare
2834 1457 2909 1511 ait
2938 1472 3063 1511 eum
3091 1458 3185 1528 qui
3217 1460 3516 1517 crucifixus

1951 1538 2156 1599 fuit‘in
2212 1560 2310 1600 sua
2348 1546 2519 1614 ipsius
2559 1554 2755 1600 natura
2812 1546 2889 1600 nil
2939 1545 3179 1601 divinum
3233 1548 3514 1615 habuisse,

1951 1654 2051 1693 nec
2083 1639 2213 1692 illud
2262 1639 2438 1707 ipsum
2472 1639 2617 1707 quod
2657 1639 2998 1708 potissimum
3042 1649 3148 1704 est,
3182 1656 3375 1711 nempe
3403 1644 3516 1712 spi-

1954 1734 2143 1786 ritum.
2192 1729 2296 1786 Sed
2339 1731 2605 1786 adversus
2665 1732 2803 1785 hanc
2858 1733 3182 1787 calumniam
3230 1734 3395 1802 petita
3450 1749 3515 1788 ex

272 1817 591 1888 τδ.πνεῦμα
634 1817 757 1871 νοῦν
803 1820 830 1871 6
884 1818 1253 1891 Ἀπολινάριος
1304 1822 1491 1884 οἴεται,
1547 1823 1718 1885 οὐδεὶς
1746 1822 1852 1875 τῶν

1960 1828 2238 1894 negatione
2271 1824 2519 1880 defensio
2553 1825 2609 1878 in
2657 1833 2911 1895 promptu
2954 1833 3057 1880 est.
3091 1824 3147 1879 Si
3177 1826 3321 1880 enim
3346 1826 3518 1895 Apol-

276 1907 621 1979 Χριστιανῶν
652 1908 798 1977 λέγει
828 1910 907 1962 τὸν
933 1910 1306 1981 ἀνακραθέντα
1333 1912 1409 1982 τῷ
1435 1912 1553 1983 Θεῷ
1572 1913 1851 1983 ἄνθρωπον

274 1998 481 2069 ἥμισυν
510 1995 667 2065 εἶναι,
698 1999 812 2053 ἀλλ’
841 2000 958 2053 ὅλον
986 2002 1329 2071 προσφυῆναι
1380 2004 1444 2072 τῇ
1469 2002 1587 2073 θείᾳ
1606 2004 1849 2073 δυνάμει.

278 2092 451 2144 Πᾶσιν
481 2086 573 2145 οὖν
603 2091 668 2144 ἂν
699 2091 859 2166 ἐθέλῃ
880 2108 961 2155 τις
989 2093 1056 2145 τὰ
1083 2094 1222 2164 μέρη
1250 2093 1340 2146 τοῦ
1370 2093 1649 2165 ἀνθρώπου
1685 2111 1853 2167 προσ-

278 2182 561 2253 αγορεύειν
589 2183 833 2254 ὀνόμασι,
866 2185 975 2238 εἴτε
1007 2186 1152 2250 νοῦν,
1188 2187 1295 2240 εἴτε
1327 2187 1564 2257 πνεῦμα,
1593 2186 1701 2239 εἴτε
1721 2204 1857 2258 καρ-

276 2273 393 2329 δίαν
414 2291 426 2304 °
450 2273 664 2341 λέγεται
688 2275 793 2347 γὰρ
829 2276 979 2347 παρὰ
1019 2276 1117 2346 τῆς
1144 2278 1362 2349 Γραερῆς
1392 2278 1485 2330 ἐπὶ
1520 2278 1611 2331 τοῦ
1649 2281 1857 2349 ήγεμο·

278 2365 429 2420 νικοῦ
455 2366 525 2419 τὰ
550 2366 691 2436 τρία·
717 2367 798 2430 τὸ,
826 2368 1083 2436 Καρδίαν
1103 2370 1369 2437 καθαρὰν
1388 2370 1598 2423 κτίσον
1620 2370 1687 2423 ἐν
1706 2370 1851 2441 ἐμοὶ,

278 2460 315 2512 ό
334 2459 481 2524 Θεός
502 2475 515 2489 ·
538 2459 650 2525 καὶ,
684 2458 739 2510 '0
758 2458 997 2527 νοήμων
1018 2461 1381 2528 κιιϐἐρνησιν
1401 2462 1683 2528 κτήσεται
1706 2480 1719 2493 ·
1740 2465 1854 2529 καὶ,

284 2549 494 2615 Οὐδείς
510 2546 633 2603 οἶδε
657 2552 730 2604 τὰ
755 2550 857 2604 τοῦ
891 2551 1225 2620 ἀνθρώπου,
1248 2556 1299 2606 εὶ
1318 2552 1402 2623 μὴ
1424 2555 1487 2607 τὸ
1509 2553 1762 2624 πνεῦμα,
1791 2557 1856 2610 τὸ

280 2645 351 2698 ἐν
370 2643 548 2710 αὐτῷ.
574 2643 710 2698 Οὔτε
740 2641 831 2698 οὖν
859 2646 1057 2709 ἄπνους
1081 2646 1177 2716 (Ι),
1202 2645 1323 2700 οὔτε
1344 2648 1520 2713 ἄνους,
1544 2634 1665 2701 οὔτε
1690 2648 1860 2719 ἀκάρ-

278 2735 393 2799 διος
459 2737 527 2806 τῇ
576 2735 881 2788 ἐπισκιάσει
940 2735 1038 2804 τῆς
1086 2734 1179 2787 τοῦ
1246 2735 1498 2805 Ὑψίστου
1557 2736 1857 2805 δυνάμεως,

283 2826 477 2897 1411(2)
533 2825 811 2879 ὲπελεύσει
853 2824 945 2878 τοῦ
990 2825 1142 2893 ἁγίου
1177 2824 1508 2896 Πνεύματος.
1556 2826 1762 2879 Οὐκοῦν
1796 2827 1859 2879 ού

285 2919 423 2990 πρὸς
477 2919 622 2990 ἡμᾶς
662 2916 727 2971 ἂν
780 2915 963 2985 βλέποι
991 2918 1023 2987 ἡ
1051 2916 1304 2988 λοιδορία,
1346 2917 1420 2981 ὡς
1454 2918 1543 2970 τὸν
1580 2917 1862 2988 ἄνθρωπον

284 3011 489 3062 ἐκεῖνον
535 3008 635 3059 ού).
680 3006 870 3077 ἔχοντα
914 3009 970 3059 ὲν
1007 3006 1184 3076 ἑαυτῷ
1232 3007 1292 3059 τὸ
1330 3007 1565 3077 πνεῦμα,
1594 3009 1622 3060 ὃ
1658 3010 1803 3060 ἐστιν
1834 3010 1862 3061 6

287 3100 431 3164 νοῦς,
462 3098 788 3168 γεγενῆσθαι
818 3099 1072 3166 λέγοντας
1095 3116 1107 3129 ο
1143 3098 1275 3152 ἀλλὰ
1302 3099 1439 3170 πρὸς
1476 3099 1632 3152 αὐτὸν
1658 3100 1862 3151 ἐκεῖνον

283 3190 376 3243 τὸν
403 3190 502 3259 τῆς
554 3188 823 3259 λοιδορίας
880 3188 1138 3259 ἐργάτην,
1167 3188 1257 3241 τὸν
1288 3169 1399 3253 τοῖς
1430 3190 1577 3253 ἰδίοις
1608 3189 1862 3242 ὀνείδεσιν
1889 3169 1930 3227 C

286 3284 435 3353 ἡμᾶς
465 3280 744 3351 βάλλοντα.
790 3282 848 3335 ὐ
882 3281 989 3351 γὰρ
1028 3281 1243 3352 πνεῦμα
1284 3282 1372 3334 τὸν
1411 3282 1533 3335 νοῦν
1564 3282 1859 3353 ὀνομάζων,

293 3374 369 3445 μὴ
399 3373 541 3443 ἔχειν
565 3372 621 3425 δὲ
643 3372 765 3425 νοῦν
797 3372 887 3424 τὸν
922 3374 1061 3426 κατὰ
1093 3374 1325 3444 Χριστὸν
1356 3374 1636 3444 ἄνθρωπον
1668 3374 1861 3441 λέγων,

288 3465 495 3527 ικεῖνός
524 3466 691 3521 ἐστιν.
721 3465 748 3516 6
790 3463 864 3534 μὴ
894 3463 1035 3534 ἔχειν
1091 3464 1305 3535 πνεῦμα
1332 3464 1751 3529 κατασκευάζων
1775 3464 1865 3517 τὸν

287 3556 512 3628 Κύριον.
564 3554 724 3608 Ἀλλὰ
773 3555 826 3607 τί
867 3555 926 3607 τὸ
974 3557 1309 3626 ἐπαγόμενον
1361 3556 1646 3627 ἕγκλημα;
1700 3556 1865 3626 Φησὶν

290 3649 493 3711 ἐκεῖνος
549 3647 751 3700 ἀδικεῖν
805 3648 953 3716 ἡμᾶς
1000 3646 1154 3700 τοῦτο
1191 3647 1464 3713 λέγοντας,
1499 3648 1580 3701 ὅτι
1603 3647 1743 3717 ὑπὲρ
1770 3649 1866 3717 τὴν

290 3739 454 3792 αὐτοῦ
488 3739 563 3803 (5)
597 3739 758 3808 φύσιν
791 3740 818 3790 6
870 3738 1152 3809 ἄνθρωπος
1181 3738 1302 3807 ἔσχε
1350 3755 1401 3789 τι
1446 3738 1625 3808 μεῖζον
1656 3738 1864 3807 ἕτερον,

288 3831 389 3903 τὴν
426 3831 483 3883 ὲν
514 3814 681 3901 ἀύτῷ
737 3830 811 3899 (4)
844 3829 1199 3883 κατοικοῦσαν
1232 3829 1476 3900 θεότητα.
1519 3831 1580 3882 Ei
1612 3829 1667 3882 δὲ
1711 3829 1867 3883 τοῦτο

289 3925 348 3976 ἂν
378 3921 685 3993 ἐγκλήμασι
724 3922 949 3983 τίθεται,
979 3922 1039 3973 ού
1092 3921 1359 3991 φεύγομεν
1388 3921 1484 3991 τὴν
1512 3920 1865 3991 κατηγορίαν,

288 4014 371 4084 τῷ
402 4012 706 4083 Ἀποστόλῳ
755 4011 1260 4082 συνεκϐαλλόμενοι.
1302 4012 1435 4083 Παρ’
1477 4011 1643 4064 αὑτοῦ
1672 4012 1781 4082 γὰρ
1808 4011 1868 4064 τὸ

288 4104 529 4158 τοιοῦτον
580 4106 655 4175 (5)
690 4104 971 4174 μαθόντες,
1022 4102 1344 4173 πιστεύομεν
1391 4104 1472 4156 ὅτι
1518 4102 1653 4155 Θεοῦ
1687 4102 1867 4173 μορφὴ

288 4196 434 4250 κατὰ
466 4196 527 4248 τὸ
576 4195 857 4266 νοούμενον
888 4195 905 4265 (
1050 4195 1328 4266 ὑπάρχων,
1378 4198 1435 4248 ὲν
1472 4195 1655 4247 δούλου
1686 4198 1866 4265 μορφῇ

291 4287 432 4344 κατὰ
454 4287 513 4340 τὸ
538 4286 876 4356 φαινόμενον)
902 4286 1126 4353 γίνεται.
1155 4286 1215 4337 Εἰ
1233 4285 1287 4337 δὲ
1305 4285 1670 4357 προτιμοτέρα
1697 4286 1729 4357 ἡ
1752 4284 1868 4338 θεία

295 4381 477 4453 μορφὴ
505 4380 599 4433 τοῦ
630 4378 874 4433 δουλικοῦ
910 4379 1222 4449 προσώπου,
1247 4380 1343 4450 οὐχ
1378 4382 1633 4451 ὁμότιμον
1654 4382 1869 4444 πάντως

290 4470 372 4541 τῷ
428 4469 652 4540 κρυπτῷ
696 4470 754 4521 τὸ
797 4469 1134 4538 φαινόμενον.
1172 4468 1379 4522 Οὐκοῦν
1420 4470 1479 4521 τὸ
1523 4469 1661 4523 κατὰ
1688 4472 1863 4540 σάρκα
1899 4508 1940 4562 D

294 4561 645 4633 βλεπόμενον,
676 4560 770 4612 καὶ
800 4562 910 4621 τοῖς
937 4558 1239 4629 ἀνθρώποις
1283 4561 1859 4631 συναναστρεφόμενον,

293 4645 407 4721 εἶχέ
435 4668 487 4703 τι
516 4651 573 4701 ὲν
605 4648 781 4717 ἑαυτῷ
809 4648 1000 4701 ἑαυτοῦ
1022 4648 1360 4718 τιμιώτερον,
1387 4652 1522 4721 ὅπερ
1554 4652 1581 4702 6
1603 4651 1865 4722 λογογρά-

294 4760 394 4813 φος
440 4740 689 4810 ἔγκλημα
733 4742 965 4792 ποιεῖται
999 4738 1137 4791 κατά
1164 4740 1261 4809 τῆς
1292 4740 1541 4802 πίστεως.
1589 4741 1744 4793 Ἀλλά
1775 4744 1868 4795 καὶ

298 4829 369 4882 ἐν
405 4839 413 4846 ’
448 4832 605 4897 αὐτῷ
663 4847 825 4900 φησιν
871 4831 899 4882 6
940 4829 1256 4893 Ἀπόστολος
1298 4832 1593 4885 κατοικεῖν
1621 4833 1744 4886 πᾶν
1802 4834 1868 4887 τὸ

295 4924 585 4993 πλήρωμα
616 4921 721 4989 τῆς
746 4924 1021 4988 θεότητος
1059 4921 1402 4991 σωματικῶς
1422 4939 1437 4953 ·
1464 4926 1490 4975 6
1519 4924 1573 4976 δὲ
1607 4925 1676 4977 ἐν
1710 4927 1869 4991 αὐτῷ

295 5016 486 5075 εἰπὼν,
516 5015 577 5067 ού
609 5013 669 5067 τὸ
710 5015 880 5084 ἥμισυ
902 5013 993 5066 τοῦ
1037 5013 1361 5084 δηλουμένου
1416 5014 1702 5084 ἐσήμανεν,
1750 5016 1863 5070 ἀλλ’

294 5108 413 5161 ὅλον
435 5105 493 5157 τὸ
530 5104 885 5173 ὑποκείμενον
934 5104 998 5172 τῇ
1031 5102 1276 5172 σημασίᾳ
1307 5090 1754 5174 συμπεριέλαϐεν.
1800 5106 1863 5159 Εἰ

294 5198 389 5256 οὖν
424 5197 760 5270 ἀνθρώπινον
808 5196 983 5267 σῶμα,
1034 5198 1091 5249 ὲν
1124 5188 1168 5262 ᾧ
1213 5192 1529 5265 κατῴκησεν
1579 5197 1611 5265 ἠ
1655 5195 1861 5265 θεότης,

298 5292 460 5363 σῶμα
486 5291 542 5344 δὲ
571 5291 671 5343 οὐκ
696 5288 895 5356 ἄψυχον
914 5304 928 5318 ο
966 5287 1093 5341 ῖδιον
1114 5286 1170 5339 δὲ
1191 5287 1289 5356 τῆς
1318 5284 1661 5355 ἀνθρωπίνης
1684 5286 1864 5357 ψυχῆς

1952 1918 2141 1972 linaris
2188 1917 2440 1986 spiritum
2486 1926 2719 1970 mentem
2759 1932 2881 1971 esse
2916 1925 3089 1987 putat,
3141 1918 3323 1973 nullus
3354 1917 3516 1971 Chri-

1952 2006 2254 2062 stianorum
2274 2005 2405 2059 dicit
2424 2004 2698 2059 hominem
2718 2004 2825 2060 Deo
2841 2013 3322 2076 contemperatum,
3341 2008 3514 2061 media

1954 2097 2039 2151 sui
2088 2104 2241 2166 parte
2283 2095 2558 2150 hominem
2606 2109 2745 2157 esse,
2801 2095 2894 2151 sed
2939 2098 3206 2167 integrum
3242 2096 3515 2151 hominem

1954 2187 2270 2256 adjunctum
2338 2186 2507 2240 fuisse
2566 2185 2767 2239 divina:
2822 2186 3027 2240 virtuti.
3090 2186 3519 2255 Quibuscunque

1956 2278 2122 2348 igitur
2178 2278 2301 2346 quis
2353 2275 2591 2331 hominis
2649 2285 2834 2346 partes
2888 2268 3201 2332 nominibus
3247 2278 3520 2347 appellare

1957 2367 2209 2431 voluerit,
2241 2365 2355 2421 sive
2382 2373 2637 2427 mentem,
2673 2365 2788 2420 sive
2811 2365 3084 2435 spiritum,
3116 2367 3230 2421 sive
3251 2381 3376 2431 cor;
3408 2367 3521 2421 haec

1956 2458 2098 2514 enim
2148 2458 2250 2509 tria
2297 2455 2364 2511 de
2420 2456 2707 2526 principali
2753 2456 2989 2511 hominis
3040 2466 3193 2527 parte
3226 2458 3518 2523 dicuntur;

1959 2565 2170 2618 nempe,
2209 2547 2316 2602 Cor
2342 2547 2593 2600 mundum
2622 2562 2742 2600 crea
2762 2547 2815 2599 in
2840 2562 2942 2614 me,
2973 2547 3110 2602 Deus
3133 2549 3200 2610 τ’,
3247 2556 3321 2612 et,
3358 2547 3523 2606 Intel—

1960 2640 2126 2709 ligens
2158 2638 2514 2709 gubernacula
2556 2636 2926 2705 possidebit",
2965 2646 3038 2703 et,
3076 2636 3239 2692 Nemo
3272 2641 3370 2694 scit
3407 2656 3525 2707 qua:

1959 2739 2078 2783 sunt
2112 2730 2358 2794 hominis,
2408 2729 2511 2781 nisi
2552 2727 2771 2796 spiritus
2801 2728 2890 2797 qui
2920 2728 2973 2780 in
3023 2728 3135 2796 ipso
3165 2738 3245 2782 est
3269 2730 3346 2795 7‘;
3375 2738 3525 2785 certe

1960 2823 2199 2892 quidem,
2234 2837 2335 2878 nec
2368 2822 2488 2877 sine
2518 2820 2737 2891 spiritu,
2770 2835 2869 2875 nec
2903 2820 3021 2877 sine
3045 2829 3244 2887 mente,
3270 2836 3371 2879 nec
3406 2824 3527 2877 sine

1961 2913 2124 2971 corde
2158 2930 2253 2985 per
2281 2913 2756 2969 obumbrationem
2802 2912 3019 2977 virtutis
3050 2913 3313 2969 Altissimi
3346 2922 3400 2969 et
3433 2930 3525 2969 su-

1964 3015 2281 3075 perventum
2305 3004 2542 3075 Spiritus
2567 3006 2743 3060 sancti
2772 3003 3050 3059 Christum
3084 3004 3252 3060 fuisse
3270 3005 3523 3060 dicimus.

1964 3096 2044 3150 Ad
2082 3112 2179 3151 nos
2219 3096 2401 3165 itaque
2434 3094 2742 3150 convicium
2779 3111 2889 3149 non
2913 3096 3156 3165 respicit,
3186 3111 3249 3151 ac
3275 3097 3321 3152 si
3351 3096 3525 3151 homi-

1965 3200 2088 3238 nem
2117 3185 2267 3239 illum
2296 3184 2515 3254 spiritu,
2547 3182 2650 3237 hoc
2672 3189 2757 3237 est
2781 3191 2982 3248 mente,
3008 3184 3327 3239 destitutum
3359 3185 3529 3242 fuisse

1964 3277 2304 3342 diceremus;
2342 3276 2437 3331 sed
2464 3276 2531 3329 ad
2572 3275 2722 3329 illum
2752 3278 2926 3345 ipsum
2951 3276 3182 3332 convicii
3225 3286 3524 3343 auctorem,

1964 3369 2057 3437 qui
2110 3366 2322 3437 injuriis
2370 3364 2570 3436 quibus
2627 3365 2743 3434 ipse
2776 3365 2972 3421 merito
3021 3365 3335 3423 afﬁciendus
3383 3377 3529 3423 esset

1962 3472 2065 3513 nos
2106 3458 2342 3529 impetit.
2388 3456 2491 3523 Qui
2540 3456 2681 3511 enim
2723 3464 2959 3512 mentem
3007 3458 3256 3528 spiritum
3300 3473 3527 3521 vm-ans.

1966 3558 2197 3604 mentem
2233 3564 2340 3603 non
2384 3548 2585 3603 habere
2614 3548 2890 3604 Christum
2942 3548 3214 3605 hominem
3252 3549 3402 3613 dicit,
3442 3550 3532 3605 ille

1964 3643 2083 3713 ipse
2114 3640 2401 3695 Dominum
2450 3656 2558 3696 non
2610 3642 2811 3696 habere
2860 3641 3111 3707 spiritum
3136 3643 3387 3698 adstruit.
3425 3642 3532 3698 Sed

1965 3735 2125 3806 quale
2156 3735 2314 3790 nobis
2347 3746 2603 3803 praeterea
2636 3734 2869 3788 intendit
2907 3735 3156 3790 crimen?
3186 3738 3274 3790 Ait
3298 3738 3389 3791 ille
3428 3738 3531 3790 ini-

1965 3842 2071 3897 que
2122 3841 2280 3896 agere
2333 3840 2454 3889 nos,
2509 3826 2601 3893 qui
2652 3825 2755 3879 hoc
2799 3826 3087 3892 dicamus;
3143 3843 3335 3897 nempe
3383 3828 3530 3897 quod

1966 3926 2161 3987 praeter
2196 3930 2348 3969 suam
2381 3914 2554 3982 ipsius
2588 3921 2839 3966 naturam
2882 3915 3045 3968 homo
3084 3916 3171 3969 ille
3198 3915 3342 3969 aliud
3375 3919 3527 3987 quid—

1966 4007 2091 4061 dam
2121 4005 2298 4075 majus
2328 4004 2538 4068 habuit,
2573 4003 2902 4057 habitantem
2934 4005 3144 4061 scilicet
3171 4007 3223 4060 in
3254 4009 3372 4077 ipso
3394 4008 3534 4063 divi-

1968 4101 2209 4154 nitatem.
2246 4096 2301 4151 Si
2333 4094 2514 4150 autem
2548 4096 2651 4149 hoc
2672 4096 2830 4151 nobis
2861 4098 3074 4150 crimini
3099 4098 3276 4161 datur,
3307 4114 3533 4155 accusa-

1968 4192 2168 4245 tionem
2206 4204 2313 4243 non
2360 4187 2677 4258 refugimus,
2732 4202 2839 4242 una
2870 4203 2993 4241 cum
3026 4188 3287 4257 Apostolo
3320 4191 3529 4259 rejecti.

1967 4284 2047 4337 Ah
2077 4283 2169 4337 illo
2212 4283 2354 4337 enim
2390 4282 2521 4359 talia
2555 4279 2727 4334 edocti
2772 4279 3045 4335 credimus
3072 4280 3370 4349 Christum,
3405 4301 3531 4339 cum

1969 4374 2059 4430 Dei
2118 4374 2289 4429 forma
2350 4374 2651 4429 secundum
2705 4374 2757 4427 id
2810 4371 2953 4441 quod
3002 4381 3183 4430 mente
3237 4376 3535 4448 percipitur

1967 4475 2131 4529 esset,
2177 4466 2232 4519 in
2284 4466 2426 4520 servi
2472 4465 2641 4519 forma
2676 4466 2975 4521 secundum
3028 4466 3079 4520 id
3120 4467 3265 4536 quod
3294 4472 3533 4525 exterius

1971 4559 2267 4629 apparebat
2297 4558 2494 4614 factum
2526 4557 2715 4613 fuisse.
2753 4558 2908 4625 Quod
2952 4561 2995 4616 si
3024 4560 3204 4615 divina
3240 4558 3410 4616 forma
3440 4580 3535 4617 ex-

1966 4650 2249 4705 cellentior
2271 4658 2355 4704 est
2393 4650 2577 4705 servili
2624 4666 2880 4720 persona,
2932 4651 3177 4721 profecto
3204 4653 3349 4722 quod
3380 4666 3532 4709 exte—

1968 4740 2080 4793 rius
2115 4740 2410 4809 apparebat
2451 4755 2796 4810 nequaquam
2836 4741 3061 4809 aequalis
3104 4752 3220 4794 erat
3254 4740 3533 4810 dignitatis

1965 4846 2088 4884 cum
2128 4846 2193 4885 eo
2226 4828 2369 4899 quod
2414 4830 2561 4884 intus
2590 4830 2811 4885 latebat.
2852 4828 3007 4896 Quod
3036 4830 3199 4899 igitur
3231 4830 3533 4884 secundum

1965 4936 2184 4975 carnem
2214 4921 2673 4991 conspiciebatur,
2721 4932 2775 4976 et
2805 4936 2927 4975 cum
2963 4921 3279 4975 hominibus
3310 4937 3536 4976 conver-

1970 5012 2211 5079 sabatur,
2267 5012 2321 5065 in
2370 5014 2555 5083 seipso
2596 5012 2801 5082 aliquid
2849 5012 3140 5081 semetipso
3190 5014 3534 5080 praestantius

1970 5104 2180 5168 habuit,
2208 5105 2349 5175 quod
2372 5114 2549 5160 tamen
2579 5107 2815 5175 scriptor
2838 5112 3022 5157 noster
3041 5104 3247 5157 crimen
3276 5103 3535 5158 adversus

1974 5195 2129 5251 ﬁdem
2164 5213 2286 5253 esse
2324 5198 2494 5267 fingit.
2529 5198 2691 5265 Atqui
2732 5195 2895 5250 etiam
2961 5188 3014 5242 in
3056 5189 3169 5259 ipso
3199 5195 3273 5248 ait
3302 5194 3533 5263 Aposto-

1971 5289 2125 5345 lus"
2206 5291 2502 5347 inhabitare
2558 5304 2763 5343 omnem
2812 5282 3190 5357 plenitudinem
3238 5284 3529 5339 divinitatis

372 5458 418 5487 ⁷¹
457 5454 602 5509 Psal.
642 5470 683 5515 ι,
722 5452 807 5506 12.
881 5451 928 5483 ⁷³
958 5450 1118 5505 Prov.
1159 5466 1194 5511 I,
1218 5449 1271 5504 5.
1347 5450 1393 5482 "
1423 5449 1443 5503 Ι
1473 5451 1600 5506 Cor.
1637 5468 1697 5513 ll,
1736 5452 1819 5507 li.

1970 5420 2183 5509 Coloss.
2226 5466 2286 5514 ιι,
2310 5450 2373 5503 9.‘

372 5594 449 5661 (1)
483 5592 558 5644 lta
578 5605 745 5653 corn,
777 5589 916 5643 male
936 5588 989 5642 in
1021 5595 1166 5642 textu
1196 5584 1314 5643 Vat.
1341 5586 1464 5641 cod.
1502 5586 1717 5650 ἁπλοῦς.

375 5661 455 5729 «2)
476 5662 647 5714 'Corr.
672 5662 765 5712 καὶ
799 5662 886 5726 τῇ.

372 5725 448 5801 (5)
481 5731 634 5801 Corr.
665 5730 778 5801 “rth
797 5725 1009 5801 ἑαυτοῦ.

372 5734 428 5801 (5
481 5734 634 5785 Corr.
665 5734 763 5800 τὴν
797 5734 1009 5781 ἑαυτοῦ.

372 5734 449 5874 (0;
479 5800 637 5859 Corr.
669 5802 725 5854 ὲν
759 5797 1044 5869 ἀνθρώπῳ.

2043 5590 2119 5655 (5)
2152 5590 2221 5641 Ita
2255 5602 2427 5648 corn,
2452 5584 2592 5639 male
2628 5591 2788 5637 antea
2820 5582 2899 5655 τῷ
2922 5582 3171 5653 τοιούτῳ.

2043 5652 2116 5721 (6)
2153 5658 2281 5721 Qua:
2312 5654 2671 5712 semion-culis
2720 5652 3074 5708 includuntur
3111 5652 3295 5709 addita
3337 5662 3465 5709 sunt
3509 5667 3539 5705 ι

1971 5736 2295 5784 correctore.
