4020 6560
424 5808 458 5851 .4

496 370 637 425 H83

1652 398 1663 405 -
1736 364 1795 420 S.
1826 362 2153 421 btlECOBll
2190 358 2480 421 NYSSENI

3602 357 3740 415 1181

495 490 865 558 corporaliter.
892 484 996 553 Qui
1014 492 1192 541 autem
1213 486 1268 540 in
1306 486 1416 553 ipso
1436 482 1589 546 dicit,
1617 498 1729 537 non
1750 483 2062 547 dimidium,

2189 482 2228 534 πὸ
2241 481 2421 551 νοερόν
2451 483 2566 535 ἐστι
2598 479 2780 550 μέρος.
2816 477 2881 531 Ei
2904 476 3012 547 7&9
3037 474 3197 530 τοῦτο
3223 474 3540 547 χωρισθείη,
3559 478 3743 541 κατνὼς

494 578 591 633 sed
623 579 891 648 integrum
917 580 1221 648 subjectum
1241 575 1640 647 signiﬁcatione
1663 576 2063 645 complectitur.

498 666 557 722 Si
587 669 751 737 igitur
800 670 1098 725 humanum
1151 684 1350 739 corpus
1401 676 1507 732 est,
1561 668 1616 723 in
1654 682 1765 737 quo
1806 667 2069 722 divinitas

499 756 785 824 habitavit,
806 773 1003 829 corpus
1024 766 1204 813 autem
1244 772 1353 812 non
1381 767 1467 814 est
1495 757 1793 811 inanimum
1813 774 1828 821 ;
1848 772 1911 811 ac
1926 772 2067 827 pra:-

501 854 648 900 terea
684 847 935 901 humana:
961 854 1174 901 tantum
1204 848 1401 901 anima}
1428 846 1707 917 proprium
1747 854 1832 899 est
1870 846 2070 902 habere

498 944 707 1008 partem
759 937 1151 1008 intelligentem
1197 945 1250 993 et
1289 937 1647 1001 rationalem;
1678 935 1725 991 si
1771 936 1915 992 enim
1957 938 2070 992 haec

499 1030 569 1084 ab
600 1030 818 1085 homine
858 1029 1197 1099 sejungatur,
1246 1026 1705 1098 quemadmodum
1757 1040 1900 1094 sape
1931 1025 2070 1080 dixi-

501 1135 645 1183 mus,
692 1121 835 1189 quod
891 1128 1133 1173 remanet
1160 1120 1443 1173 brutorum
1489 1125 1605 1173 est:
1637 1131 1768 1186 ergo
1816 1131 1923 1170 non
1972 1131 2072 1170 nos

499 1214 751 1283 egregius
785 1216 908 1277 iste,
941 1211 1035 1266 scd
1066 1212 1383 1281 Apostolum
1417 1211 1599 1280 potius
1648 1209 1952 1264 maledictis
1982 1210 2071 1262 in-

501 1307 700 1366 cessit;
740 1305 848 1358 imo
885 1320 1015 1358 vero
1060 1301 1324 1357 Joalmem
1373 1303 1549 1372 ipsum
1597 1303 1743 1356 clare
1775 1302 2070 1364 dicentem.

512 1394 737 1449 Verbum
786 1412 909 1448 caro
960 1396 1163 1464 factum
1210 1403 1309 1457 est,
1365 1404 1415 1447 et
1451 1395 1705 1447 [cubitavit
1749 1395 1803 1447 in
1834 1392 2069 1447 nobis".

500 1487 619 1542 Non
648 1490 791 1544 enim
833 1490 887 1542 in
923 1490 1105 1558 aliqua
1137 1488 1311 1542 nostri
1358 1495 1512 1557 parte
1542 1487 1715 1553 dixit;
1760 1486 1855 1541 sed
1891 1488 2073 1541 omnia

501 1580 708 1649 pariter
737 1594 859 1649 qua:
892 1580 947 1632 in
981 1580 1217 1632 humana
1245 1578 1625 1648 intelliguntur
1653 1587 1848 1633 natura
1876 1578 2073 1650 plurali

501 1687 635 1726 voce
664 1671 1030 1743 signiﬁcavit;
1074 1684 1127 1726 et
1154 1670 1390 1726 Verbum
1417 1671 1636 1741 quidem
1669 1672 1824 1741 prius
1850 1684 1881 1723 a
1910 1686 2075 1728 carne

502 1765 800 1833 separavit,
833 1763 1031 1818 deinde
1057 1778 1183 1817 vero
1225 1762 1401 1817 eidem
1444 1764 1637 1817 univit.
1668 1761 1804 1817 Nam
1834 1762 2074 1818 Verbum

2166 574 2425 637 πολλάκις
2449 575 2771 645 είρήκαμεν,
2794 570 3063 642 κτηνῶδές
3093 572 3209 623 ἐστι
3236 570 3299 622 τὸ
3325 570 3617 639 λεγόμενον
3640 572 3741 639 (ἴ).

2170 667 2293 737 'A9'
2318 667 2415 736 οὐχ
2436 665 2593 736 ἡμῶν
2612 666 2641 718 ὀ
2668 664 2949 733 γεννάδας,
2973 662 3109 717 ἀλλὰ
3135 661 3230 715 τού
3269 662 3595 715 Ἀποστόλου
3623 666 3747 725 ταῖς

2166 759 2452 829 λοιδορίαις
2507 756 2843 811 καθάπτεται
2869 773 2883 787 ·
2935 756 3133 827 μᾶλλον
3162 755 3221 807 δὲ
3259 756 3353 807 καὶ
3377 756 3475 825 τῆς
3499 754 3747 825 μεγάλης

2167 852 2261 905 τοῦ
2331 852 2571 906 Ἰωάννου
2626 851 2830 922 φωνῆς,
2889 850 2924 921 ἥ
2953 866 3136 920 φησιν,
3164 850 3247 902 ὅτι
3282 848 3344 901 '0
3373 851 3563 917 Λόγος
3587 849 3747 915 σὰρξ

2168 943 2422 1014 ἐγένετο,
2440 944 2538 999 καί
2569 942 2921 1009 ἐσκήνωσεν
2960 944 3031 996 ἐν
3059 942 3221 1012 ἡμῖν.
3245 943 3319 996 Οὐ
3347 942 3454 1012 γὰρ
3497 943 3557 993 ἐν
3592 941 3748 1011 μέρει

2169 1035 2345 1105 ἡμῶν,
2378 1036 2511 1089 ἀλλὰ
2557 1036 2733 1090 πάντα
2765 1035 2835 1088 τά
2864 1038 2921 1088 ἐν
2940 1037 3005 1105 τῇ
3032 1034 3191 1103 φύσει
3224 1034 3489 1104 νοούμενα
3513 1036 3581 1102 τῇ
3614 1035 3754 1103 πλη-

2171 1126 2394 1198 θυντικῇ
2456 1130 2609 1198 φωνῇ
2663 1129 2999 1198 συνεσήμανε
3036 1125 3134 1196 (8),
3166 1126 3259 1179 καὶ
3312 1124 3414 1178 τὸν.
3447 1124 3623 1192 Λόγον
3651 1124 3753 1189 τῆς

2173 1217 2375 1287 σαρκὸς
2412 1217 2675 1289 πρότερον
2704 1218 2802 1287 μὲν
2856 1216 3268 1287 προδιέστειλεν,
3319 1212 3421 1269 εἶθ’
3461 1215 3641 1278 οὕτως
3670 1217 3751 1276 είς

2171 1309 2361 1363 ἕνωσιν
2388 1312 2615 1381 ἢγαγεν.
2642 1306 2750 1363 Ἧν
2779 1309 2886 1380 γάρ
2903 1309 2984 1379 ἐφ’
3013 1308 3203 1363 ἑαυτοῦ
3223 1311 3252 1362 ὁ
3272 1311 3461 1377 Λόγος,
3484 1309 3582 1362 καὶ
3614 1308 3756 1375 πρὸς

2170 1401 2261 1453 τὸν
2280 1402 2411 1454 Θεὸν
2438 1397 2523 1473 ἦν.
2551 1403 2659 1456 Καὶ
2680 1403 2815 1473 ὅπερ
2837 1402 2866 1454 ὀ
2881 1402 2958 1471 (9)
2974 1401 3105 1465 Θεὸς
3128 1398 3216 1472 ἦν,
3248 1400 3387 1474 ([10]
3410 1401 3571 1455 τοῦτο
3600 1402 3696 1454 καὶ
3729 1402 3758 1451 ὁ

2172 1492 2342 1560 Λόγος
2369 1487 2458 1563 ἦν)
2480 1510 2492 1523 ·
2516 1492 2647 1558 Θεὸς
2697 1493 2802 1565 γὰρ
2836 1496 2931 1547 καὶ
2965 1488 3120 1557 οὗτος
3147 1490 3236 1565 ἦν.
3280 1493 3416 1547 Ἀλλ’
3448 1494 3535 1546 ὅτε
3572 1494 3653 1555 εἰς
3688 1492 3759 1543 τά

2176 1584 2281 1637 ἴδια
2310 1579 2462 1655 ἦλθε,
2519 1587 2614 1639 καὶ
2647 1588 2704 1639 ὲν
2730 1588 2796 1657 τῇ
2834 1586 3023 1657 σκοτίᾳ
3062 1585 3292 1658 ἔλαμψε,
3347 1586 3469 1639 τότε
3511 1586 3541 1637 ὁ
3583 1585 3761 1651 Λόγος

2175 1675 2312 1746 σὰρξ
2369 1677 2607 1745 ἐγένετο,
2664 1680 2731 1751 τῇ
2779 1677 2973 1732 ἑαυτοῦ
3029 1677 3254 1749 δυνάμει
3294 1680 3351 1732 ὲν
3383 1678 3454 1749 τῆ
3487 1675 3762 1747 Παρθένῳ

2178 1766 2315 1840 σὰρξ
2370 1769 2684 1839 γενόμενος.
2737 1770 2946 1824 Οὐκοῦν
2988 1769 3251 1840 φειδέσθω
3291 1769 3390 1839 τῆς
3444 1768 3576 1821 καθ’
3610 1768 3762 1837 ἡμᾶς

502 1855 561 1910 in
609 1855 905 1922 semetipso
950 1864 1089 1914 erat,
1130 1863 1183 1909 et
1216 1855 1357 1923 apud
1413 1852 1580 1908 Deum
1625 1862 1762 1916 erat,
1815 1861 1871 1909 et
1926 1852 2071 1924 quod

2189 1834 2460 1929 λοιδορίας,
2486 1834 2563 1925 ὧς
2585 1834 2653 1915 ἂν
2675 1859 2751 1932 μὴ
2774 1834 3163 1933 συμπεριλάδοι
3186 1858 3312 1921 τοὺς
3336 1834 3528 1925 άγίους
3550 1834 3641 1909 διά
3656 1834 3761 1924 τῆς

504 1946 648 2003 Deus
678 1955 817 2011 erat,
868 1947 972 2002 hoc
1002 1958 1057 2001 et
1085 1944 1319 2000 Verbum
1360 1954 1501 2009 erat,
1535 1959 1663 2000 nam
1712 1954 1766 1999 et
1795 1945 1899 1999 hoc
1927 1944 2071 2000 Deus

2178 1948 2407 2021 ῦὸρεως.

504 2044 642 2095 erat.
682 2036 791 2093 Sed
828 2037 1052 2109 quando
1084 2038 1139 2091 in
1183 2037 1405 2107 propria
1451 2037 1622 2101 venit,
1670 2044 1725 2092 et
1757 2036 1811 2091 in
1841 2035 2083 2092 tenebris
2119 2037 2279 2105 luxit,
2331 2052 2464 2099 tunc
2528 2044 2768 2101 Verbum
2810 2060 2939 2100 caro
2978 2044 3178 2098 factum
3219 2051 3325 2104 est,
3390 2038 3614 2111 propria
3654 2039 3767 2089 vir.

503 2138 622 2188 tute
671 2131 726 2185 In
766 2126 1011 2203 Virginis
1045 2136 1203 2187 utero
1238 2143 1369 2185 caro
1413 2126 1640 2184 factum.
1672 2128 1865 2185 Cesset
1932 2129 2119 2200 itaque
2186 2134 2349 2191 nobis
2387 2137 2709 2204 conviciari,
2760 2153 2829 2192 ne
2880 2144 3102 2191 sanctos
3146 2135 3353 2190 eisdem
3407 2132 3766 2187 contumeliis

504 2216 767 2279 involvat.

575 2315 813 2371 XXVIII.
845 2316 1016 2371 Porro
1046 2314 1436 2387 pmtermissis
1462 2315 1533 2372 iis
1556 2330 1678 2386 qua:
1703 2314 1791 2369 hic
1826 2314 1896 2372 ab
1921 2314 2087 2386 Apol-

505 2409 667 2466 linari
706 2409 988 2477 interjecta
1022 2420 1171 2476 sunt,
1208 2410 1410 2480 quibus
1441 2408 1840 2463 Incarnationis
1887 2421 2089 2481 myste—

507 2502 651 2556 rium
689 2500 902 2555 inncias
933 2502 1011 2557 ire
1044 2502 1164 2557 illos
1194 2509 1381 2556 censet
1406 2502 1497 2571 qui
1524 2502 1711 2556 eadem
1748 2516 1810 2555 ac
1834 2502 1950 2571 ipse
1977 2517 2088 2558 non

509 2592 777 2657 sentiunt,
814 2607 979 2646 unam
1008 2600 1222 2648 tantum
1254 2608 1443 2646 earum
1476 2608 1655 2647 rerum
1682 2608 1820 2662 quas
1849 2594 1902 2646 in
1934 2610 2090 2649 accu-

508 2683 742 2739 sationis
770 2691 909 2738 astu
938 2681 1005 2737 ad
1039 2681 1383 2738 conﬂandum
1410 2683 1572 2737 nobis
1606 2682 1931 2737 calumniam
1962 2698 2089 2754 pro-

509 2773 617 2830 fert
663 2773 1124 2831 commemorabo.
1159 2773 1249 2829 Ait
1294 2775 1463 2837 enim,
1499 2774 1611 2828 Nos
1643 2775 1748 2828 nisi
1792 2775 1905 2843 ejus
1944 2776 2088 2830 dicta

510 2866 880 2934 approbemus,
932 2878 1137 2919 necesse
1181 2879 1295 2919 esse
1342 2872 1398 2916 ut
1429 2863 1667 2917 dicamus
1693 2862 1965 2918 Christum
1999 2882 2090 2919 nec

511 2967 634 3010 ante
687 2965 950 3008 terrenam
994 2969 1147 3008 suam
1201 2956 1554 3017 nativitatem,
1590 2971 1682 3009 nec
1734 2967 1855 3009 ante
1887 2973 2091 3011 omnem

510 3056 812 3102 creaturam
833 3046 1017 3115 fuisse,
1051 3061 1212 3117 neque
1230 3047 1391 3100 etiam
1417 3046 1651 3115 ejusdem
1675 3062 1737 3100 ac
1762 3046 1926 3101 Deum
1948 3065 2103 3119 gens-7

510 3141 587 3195 ris
617 3156 729 3194 esse
748 3140 817 3193 ".
849 3138 1011 3208 Atqui
1039 3115 1319 3194 Christum
1348 3148 1639 3210 antequam
1660 3140 1715 3195 in
1734 3148 1879 3195 terra
1898 3115 2091 3197 nasce-
2119 3115 2162 3174 θ

510 3240 665 3288 retur
716 3232 829 3302 jam
886 3232 1055 3288 fuisse
1094 3232 1349 3296 fatemur,
1399 3230 1447 3287 si
1501 3232 1663 3287 modo
1718 3233 1840 3303 ejus
1869 3249 2091 3289 carnem

511 3325 792 3380 terrestris
840 3332 1054 3379 natura:
1109 3331 1270 3394 atque
1330 3325 1744 3380 constitutionis
1801 3342 1923 3381 esse
1982 3342 2093 3381 non

511 3416 833 3480 dubitatur;
884 3415 1127 3485 ejusdem
1172 3424 1351 3471 autem
1402 3432 1526 3471 eum
1575 3419 1794 3487 generis
1828 3434 1892 3472 ac
1926 3417 2092 3473 Deum

510 3523 654 3578 esse,
688 3510 834 3564 absit
869 3515 929 3563 ut
967 3509 1255 3564 dicamus:
1289 3523 1450 3563 nemo
1482 3508 1919 3565 Christianorum
1959 3510 2094 3567 adeo

514 3602 745 3658 humilia
773 3610 828 3656 et
855 3616 885 3654 a
923 3598 1108 3656 divina
1151 3601 1436 3669 majestate
1470 3601 1649 3655 aliena
1680 3604 1845 3656 verba
1882 3604 2093 3658 conlin-

513 3696 678 3759 xerit,
729 3701 789 3748 ut
839 3692 931 3763 qui
972 3706 1161 3747 revera
1206 3690 1349 3747 Deus
1375 3701 1479 3756 est,
1526 3692 1771 3762 ejusdem
1820 3710 1943 3748 cum
1986 3694 2094 3749 Deo

515 3787 752 3861 generis,
798 3802 892 3841 seu
942 3793 1235 3855 cognatum
1266 3784 1400 3850 Deo,
1455 3794 1509 3841 et
1548 3802 1655 3841 non
1704 3803 1892 3841 verum
1924 3785 2093 3841 Deum

514 3894 639 3938 esse
678 3877 955 3949 praedicet.
1004 3874 1113 3931 Nec
1141 3874 1445 3933 Eunomius
1496 3878 1612 3948 ipse
1660 3878 1729 3933 ab
1768 3878 1869 3931 bac
1898 3887 1988 3931 tua
2027 3877 2095 3931 de

513 3968 749 4025 Domino
793 3983 927 4023 voce
977 3966 1293 4037 usurpanda
1339 3967 1694 4025 abhorreret:
1749 3983 1871 4023 nam
1911 3977 1967 4023 et
2007 3968 2095 4024 ille

513 4075 702 4117 veram
730 4058 785 4114 in
813 4058 1039 4114 Christo
1070 4057 1415 4112 divinitatem
1446 4073 1675 4130 negans,
1710 4068 2000 4128 cognatum
2029 4072 2094 4112 eo

518 4150 684 4209 modo
736 4153 913 4222 ipsum
970 4148 1082 4205 Deo
1119 4164 1240 4205 esse
1295 4148 1520 4215 diceret,
1571 4150 2027 4221 quemadmodum
2049 4151 2093 4182 ⁷⁷

515 4241 945 4313 concorporales
992 4246 1046 4294 et
1079 4239 1498 4309 comparticipes
1545 4238 1747 4294 Christi
1793 4239 1949 4304 ﬁunt,
1999 4240 2094 4310 qui

516 4334 643 4403 ejus
669 4331 825 4387 Iidem
844 4331 1288 4403 amplectuntur;
1321 4344 1429 4384 non
1458 4331 1602 4401 quod
1629 4333 1759 4387 illud
1793 4334 1932 4389 idem
1962 4336 2092 4399 sint,

519 4424 668 4497 quod
706 4424 965 4480 Dominus
996 4432 1101 4487 est,
1143 4423 1234 4479 sed
1269 4422 1414 4493 quod
1459 4424 1535 4477 illi
1571 4427 2001 4492 communicent,
2044 4440 2098 4484 et

2253 2320 2335 2375 T&
2355 2320 2412 2373 δὲ
2433 2320 2522 2374 διὰ
2553 2319 2717 2391 μέσου
2735 2318 2953 2390 παρεὶς,
2978 2318 3046 2371 δι’
3065 2310 3140 2372 ὧν
3158 2315 3498 2388 ἀρνήσασθαι
3529 2315 3599 2368 τὰ
3621 2318 3762 2370 κατὰ

2182 2412 2243 2467 τὸ
2298 2414 2593 2484 μυστήριον
2637 2412 2806 2464 οἴεται
2861 2412 2985 2473 τοὺς
3027 2411 3099 2481 μὴ
3136 2409 3205 2461 τά
3240 2408 3377 2461 αὑτά
3431 2407 3765 2479 φρονοῦντας

2183 2494 2352 2574 αὖτ’ᾦ,
2382 2503 2500 2565 ἐνὸς
2524 2503 2631 2555 τῶν
2663 2504 2719 2554 ὲν
2764 2504 2830 2572 τῇ
2871 2500 3156 2570 καταφορᾷ
3184 2498 3319 2570 πρὸς
3348 2497 3600 2568 διαϐολὴν
3625 2502 3763 2567 ἡμεο

2182 2596 2347 2667 τέραν
2372 2595 2673 2666 εἰρημένων
2698 2592 3197 2665 ἐπιμνησθήσομαι.
3227 2591 3364 2661 Φησὶ
3392 2590 3524 2661 γὰρ,
3556 2587 3761 2658 Ἠμᾶςο

2184 2690 2237 2741 εὶ
2255 2686 2341 2757 μὴ
2369 2688 2561 2741 ἐκεῖνο
2577 2688 2851 2755 λέγομεν,
2872 2684 3025 2754 μήτε
3048 2682 3453 2752 προϋπάρχειν
3468 2681 3665 2749 τῆςέν
3692 2680 3765 2749 ΠῘ

2185 2778 2542 2848 γεννήσεως,
2569 2777 2723 2846 μήτε
2760 2776 2871 2845 πρὸ
2902 2775 3145 2829 πάντων
3184 2770 3336 2829 εἶναι
3363 2772 3587 2843 λέγειν,
3612 2773 3767 2841 μήτε

2185 2872 2512 2940 σύμφυλον
2546 2866 2697 2923 εἶναι
2754 2868 2922 2923 Θεοῦ.
2967 2867 3126 2921 uim
3172 2867 3233 2920 τὸ
3263 2866 3360 2938 μὲν
3389 2866 3766 2937 προῦπάρχειν

2189 2964 2349 3019 αὑτὸν
2377 2964 2473 3033 τῆς
2498 2963 2688 3034 γηῒνης
2724 2961 2885 3016 αὑτοῦ
2907 2963 3212 3030 γεννήσεως
3231 2961 3275 3028 (I
3293 2961 3343 3027 ἰ)
3370 2958 3767 3029 ὁμολογοῦμεν,

2191 3055 2347 3125 εἴπερ
2371 3056 2433 3106 ὲκ
2453 3054 2551 3122 τῆς
2574 3052 2767 3123 γηϊνης
2800 3052 3109 3114 συστάσεως
3140 3052 3173 3121 ἡ
3202 3050 3338 3121 σὰρξ
3370 3046 3509 3103 εἷναι
3538 3050 3641 3102 ούκ
3665 3050 3771 3117 ἁμ-

2194 3146 2507 3215 φιόάλλεται
2534 3159 2546 3173 ·
2578 3145 2640 3197 τὸ
2662 3144 2717 3197 δὲ
2754 3144 3030 3214 σύμφυλον
3059 3137 3198 3195 εἶναι
3236 3140 3393 3205 Θεοῦ,
3416 3141 3624 3209 ἄπαγε,
3664 3157 3771 3209 μη-

2192 3238 2301 3301 δεὶς
2324 3237 2494 3302 οὕτως
2522 3238 2579 3292 ἐν
2597 3236 2935 3308 Χριστιανοῖς
2960 3234 3194 3288 ταπεινά
3221 3251 3279 3287 τε
3306 3234 3398 3287 καὶ
3436 3234 3648 3303 ἔκφυλα
3674 3232 3773 3299 τῆς

2194 3330 2342 3394 Θείας
2374 3328 2843 3402 μεγαλοπρεπείας
2857 3330 3329 3398 ὀνοματοποιησειε
3353 3327 3595 3398 ῥήματα,
3630 3325 3773 3379 ὥστε

2193 3424 2283 3477 τὸν
2314 3424 2478 3486 ὅντως
2512 3422 2637 3475 ὄντα
2668 3423 2818 3485 Θεὸν,
2850 3420 3127 3491 σύμφυλον
3156 3418 3313 3483 Θεοῦ,
3337 3420 3429 3472 καὶ
3462 3419 3537 3489 μὴ
3578 3418 3776 3487 άληθι-

2194 3515 2281 3569 νὺν
2314 3515 2713 3585 ἀνακηρύσσειν
2740 3514 2891 3568 Θεόν.
2924 3512 3045 3567 Οὐδ’
3077 3512 3143 3565 ἂν
3172 3514 3200 3564 ὁ
3232 3511 3493 3580 Εὐνόμιος
3537 3511 3641 3581 τῆς
3665 3528 3776 3562 τοι-

2193 3609 2363 3679 αύτης
2418 3626 2509 3660 σου
2568 3608 2812 3676 φείσαιτο
2841 3605 2949 3676 Ηίὶ)
3003 3606 3095 3658 ἐπὶ
3139 3602 3338 3674 Κυρίου
3379 3602 3582 3672 φωνῆς.
3616 3603 3774 3655 Εἴποι

2195 3702 2302 3772 γὰρ
2330 3700 2395 3754 ἂν
2429 3699 2519 3752 καὶ
2554 3700 2760 3761 ἐκεῖνος
2785 3696 2856 3768 μὴ
2882 3694 3320 3765 παραδεχόμενος
3357 3692 3523 3747 αὑτοῦ
3554 3693 3617 3745 τὸ
3644 3694 3777 3759 άλη-

2196 3792 2340 3844 θινὸν
2365 3791 2463 3858 τῆς
2512 3789 2784 3859 θεότητος,
2824 3787 2885 3840 τὸ
2937 3784 3211 3857 σύμφυλον
3243 3784 3405 3837 αὑτὸν
3442 3779 3580 3836 εἶναι
3614 3783 3774 3843 Θεοῦ,

2195 3880 2330 3934 καθὸ
2369 3879 2464 3932 καὶ
2515 3878 2790 3949 σύσσωμοι
2823 3876 2919 3931 τοῦ
2963 3875 3197 3948 Χριστοῦ
3224 3876 3317 3928 καὶ
3348 3874 3700 3945 συμμέτοχοι.
3726 3876 3777 3926 ei

2194 3974 2291 4045 τὴν
2340 3976 2418 4037 είς
2474 3971 2634 4025 αὑτὸν
2682 3971 2861 4025 πίστιν
2890 3968 3343 4042 παραδεξάμενοι,
3372 3966 3642 4035 γίνονται·
3675 3969 3779 4019 οἰκ

2196 4067 2371 4118 ἐκεῖνο
2422 4063 2595 4125 ὄντες,
2639 4062 2775 4132 ὅπερ
2834 4062 2951 4113 ἐστὶ
2992 4058 3195 4130 Κύριος
3245 4057 3379 4127 (15),
3422 4056 3535 4108 ἀλλ’
3564 4056 3777 4109 ἐκείνου

2202 4157 2539 4227 μετέχοντες,
2602 4154 2696 4207 καὶ
2744 4152 2821 4225 τῷ
2864 4151 3208 4224 μετεχομένῳ
3256 4148 3775 4220 συνονομαξόμενη-ι·

2196 4248 2335 4302 ὥστε
2363 4249 2390 4299 ὀ
2419 4246 2589 4300 ταῦτα
2613 4244 2933 4315 αἰτιώμενος
2978 4243 3051 4316 μὴ
3086 4244 3261 4311 λέγειν
3288 4245 3320 4313 ἡ
3332 4244 3455 4313 μᾶς,
3483 4244 3585 4295 ὅσα
3628 4246 3781 4310 παμίι

2196 4338 2305 4393 τῶν
2364 4337 2729 4392 εὐσεϐούντων
2777 4338 3138 4407 ὁμολογεῖται,
3188 4335 3249 4387 τὸ
3299 4334 3518 4399 εὐσεϐές
3570 4353 3633 4388 τε
3683 4336 3779 4387 καὶ

2201 4431 2573 4502 ἀνεπίληπτον
2598 4429 2676 4499 τῷ
2702 4428 2822 4483 καθ’
2866 4430 3014 4499 ἡμᾶς
3044 4427 3186 4498 λόγῳ
3228 4428 3777 4499 προσεμαρτύρησεν.

520 4532 691 4572 unum
714 4515 965 4585 idemque
998 4531 1120 4570 cum
1151 4530 1215 4570 eo
1241 4515 1402 4584 cujus
1432 4516 1722 4587 participes
1748 4528 1875 4572 sunt
1902 4535 2087 4573 nomen

2204 4517 2338 4576 Εἶτα
2371 4524 2446 4586 εἰς
2503 4518 2847 4590 κατασκευὴν
2874 4516 2963 4570 τοῦ
3004 4513 3145 4571 εἶναι
3185 4516 3283 4586 τὴν
3314 4518 3489 4587 σάρκα
3523 4516 3777 4587 θεόττδτα,

520 4609 851 4665 obtineant:
897 4608 971 4660 ita
1017 4614 1075 4661 ut
1128 4607 1257 4661 dum
1304 4596 1462 4661 nobis
1491 4606 1705 4661 crimini
1746 4612 1909 4663 vertit
1954 4612 2102 4681 quod

520 4716 587 4756 ea
631 4716 741 4754 non
765 4698 1013 4754 dicamus
1047 4715 1169 4769 qua:
1199 4698 1342 4768 apud
1379 4713 1568 4753 omnes
1604 4716 1742 4755 vera:
1779 4701 1899 4757 ﬁdei
1926 4705 2097 4758 culto-

524 4809 617 4849 rcs
648 4793 703 4848 in
738 4791 995 4848 confesso
1042 4802 1190 4855 sunt,
1233 4807 1298 4846 eo
1338 4790 1458 4861 ipso
1493 4794 1816 4848 sententiam
1853 4804 2096 4851 nostram

524 4884 668 4955 piam
695 4899 818 4939 esse
856 4884 1097 4954 nullique
1129 4883 1542 4953 reprehensioni
1573 4885 1867 4941 obnoxiam
1898 4888 2098 4944 confir-

527 4983 660 5031 mat.
706 4975 910 5031 Deinde
943 4985 1001 5030 ut
1046 4992 1265 5029 carnem
1314 4991 1437 5031 esse
1486 4976 1827 5034 divinitatem
1883 4982 2096 5050 probet,

529 5070 643 5126 haec
669 5070 834 5126 etiam
864 5069 1116 5142 superius
1144 5068 1307 5124 dictis
1333 5068 1511 5122 addit:
1534 5069 1665 5136 Qui:
1700 5072 1859 5139 enim,
1896 5074 2097 5145 inquit,

599 5229 647 5260 ⁷⁸
677 5225 841 5283 Joan.
875 5243 915 5293 ι,
950 5230 1036 5284 Ii.
1114 5230 1158 5261 "’
1190 5228 1388 5299 Ephes.
1420 5220 1552 5297 11,6’.

601 5394 678 5459 (7)
701 5392 867 5462 Lege,
890 5392 1227 5462 λειπόμενον.

600 5465 676 5533 (8)
705 5464 864 5518 Corr.
897 5464 1256 5533 συνεσήμῃνε.

502 5583 507 5589 .
603 5536 693 5605 (9)
718 5534 879 5605 Co_rr.
909 5544 1011 5585 art.
1050 5535 1177 5605 add.

602 5600 717 5674 (10)
772 5603 905 5669 Qua:
940 5600 1305 5658 semicirculis
1346 5600 1705 5658 includuntur
1744 5614 1891 5657 corr.
1938 5614 2103 5655 manu

532 5682 665 5731 sunt
691 5674 898 5729 addita.
1864 5690 1867 5693 λ

606 5744 721 5874 (11)
745 5742 903 5796 Corr.
934 5743 1218 5808 γενέσεως.

608 5814 701 5874 (12
751 5813 906 5870 Corr.
937 5814 1191 5874 τοσαύτης

608 5813 721 5886 (ﬁl
751 5813 906 5870 Corr.
937 5814 1191 5883 τοσαύτης
1218 5815 1277 5869 ού
1310 5816 1574 5885 φείσαιτο.
1617 5833 1620 5837 ’

2204 4616 2297 4669 καὶ
2317 4613 2487 4667 ταῦτα.
2512 4613 2624 4673 τοῖς
2638 4611 2947 4684 εἰρημένοις
2972 4608 3313 4681 προστίθησι.
3334 4607 3424 4674 Τίς
3444 4610 3572 4677 γὰρ,
3590 4612 3776 4679 φησιν,

2206 4708 2239 4760 ό
2266 4705 2426 4772 ἅγιος
2485 4703 2553 4756 ἐκ
2599 4701 2927 4773 τεννητῆςῖ
2970 4700 3159 4773 ὥσπερ
3202 4702 3301 4753 ούκ
3331 4700 3651 4768 ἀνεγνωκὼς
3681 4703 3779 4770 τὴν

2202 4795 2343 4850 κατὰ
2370 4795 2461 4849 τὴν
2490 4795 2752 4868 Ἰερεμίαν
2785 4795 3022 4864 γραφὴν,
3059 4793 3187 4863 περὶ
3213 4786 3272 4846 οὗ
3308 4810 3491 4863 φησιν,
3526 4795 3603 4847 ὃτι
3632 4795 3781 4861 Πρὶν

2202 4888 2307 4959 ἐμὲ
2336 4889 2448 4959 (Η)
2472 4886 2701 4942 πλᾶσαί
2728 4902 2801 4939 σε
2830 4888 2898 4939 ἐκ
2924 4887 3155 4951 κοιλίας
3182 4885 3293 4956 (15)
3318 4886 3533 4954 ἠγΙιικά
3566 4904 3655 4940 σε.
3702 4887 3775 4937 Οὐ

2204 4982 2313 5053 7&9
2342 4981 2498 5052 μόνον
2528 4983 2592 5034 ἐκ
2614 4980 2896 5050 γεννητῆς,
2931 4979 3067 5031 ἀλλὰ
3087 4980 3181 5032 καὶ
3214 4980 3317 5049 πρὸ
3339 4981 3602 5047 γενέσεως
3633 4982 3775 5031 Exsi-

2205 5092 2294 5139 νος
2333 5074 2482 5145 παρὰ
2510 5073 2607 5143 τῆς
2634 5072 2673 5125 Γ
2680 5071 2855 5143 ραςρῆς
2882 5072 3237 5143 μαρτυρεῖται
3276 5070 3448 5139 ᾶγιος.
3496 5070 3654 5123 ’Λλλὰ
3684 5072 3777 5123 καὶ

2280 5388 2393 5459 (15)
2423 5386 2580 5443 Corr.
2606 5388 2636 5441 ὁ
2674 5388 2897 5459 Κύριος.

2282 5458 2392 5531 (li)
2422 5458 2579 5531 Carr.
2609 5460 2737 5530 πρὶν
2764 5458 2939 5531 ἦὲμέ.

2280 5530 2393 5603 (l5)
2433 5528 2488 5582 In
2515 5527 2796 5603 Vat.‘c_od,'
2826 5527 2965 5586 male
3006 5531 3413 5603 interpungitur
3455 5539 3581 5601 post
3615 5531 3773 5603 verba

2211 5599 2304 5653 illa
2326 5599 2655 5671 Exauditae.
2692 5599 2825 5655 Vide
2875 5610 3053 5655 tamen
3100 5599 3168 5656 an
3213 5599 3372 5657 lectio
3423 5599 3585 5671 quam
3638 5601 3773 5653 idem

2212 5670 2381 5743 codex
2412 5670 2501 5743 hic
2522 5670 2741 5724 exhibet
2762 5673 2983 5738 antiqua
3009 5673 3100 5733 sit,
3131 5690 3197 5727 an
3225 5674 3405 5743 potius
3431 5674 3771 5725 librariorum

2214 5741 2505 5812 oscitantia
2536 5742 2737 5796 omissa
2772 5743 3017 5812 sintgalia
3050 5741 3294 5809 quaedam
3327 5743 3487 5796 verba
3510 5782 3524 5803 ,
3557 5758 3677 5812 qua:
3723 5743 3772 5795 in

2217 5810 2376 5882 Vu'g.
2401 5809 2531 5867 edit.
2561 5819 2615 5867 et
2646 5810 2783 5881 apud
2821 5810 2959 5866 LXX
2996 5814 3221 5885 interpr.
3255 5814 3530 5886 leguntur.
