4020 6516
245 380 393 436 ττδδ

1408 374 1781 434 ADVERSUS
1810 375 2328 432 APOLLINAREM.

3359 368 3500 435 “86

242 497 275 548 ὁ
312 496 373 548 ιν
397 492 477 564 τῇ
499 491 702 563 γαστρὶ
727 494 794 563 τῇ
822 490 1051 564 μητρῷα
1100 492 1419 565 σκιρτήσας,
1460 494 1490 547 ό
1516 491 1612 546 τοῦ
1643 494 1825 547 ἀσπα-

1935 502 2142 547 sanctus
2167 510 2200 546 a
2226 490 2499 547 nativitate
2517 494 2545 547 ἲ
2564 484 2795 548 Perinde
2816 506 2881 548 ac
2907 493 2976 556 si,
3003 492 3150 564 quod
3178 493 3320 564 apud
3346 494 3503 553 lere-

244 584 389 656 σμοῦ
415 586 516 656 τῆς
534 584 737 656 μητρὸς
764 584 857 639 τοῦ
878 586 1081 657 Κυρίου
1101 586 1199 658 τὴν
1228 586 1411 656 φωνὴν
1434 587 1492 639 εν
1511 585 1827 655 ἀγαλλιάσει

242 675 554 748 δεξάμενος,
583 676 677 730 καὶ
697 676 858 740 αὐτὸς
874 677 939 731 ἂν
960 678 1045 749 εἴη
1066 680 1130 732 ἐκ
1150 679 1412 750 γεννητῆς
1438 678 1612 747 ἅγιος,
1644 676 1827 740 καθὼς

244 770 280 834 ἠ
306 765 401 819 τοῦ
477 765 704 834 ἀγγέλου
758 766 886 837 περὶ
926 766 1089 821 αὑτοῦ
1125 766 1318 839 μηνύει
1350 770 1526 840 φωνὴ,
1562 768 1822 837 λέγουσα·

245 856 361 908 Καὶ
383 855 734 924 Πνεύματος
756 856 929 925 ἁγίου
947 858 1363 925 πλησθήσεται
1392 860 1477 914 ἔτι
1498 859 1565 912 ἐκ
1593 861 1829 926 κοιλίας

243 945 487 1014 μητρός.
527 945 668 999 Ἀλλ’
698 948 895 1016 ὲπάγει
918 949 1016 1002 καὶ
1045 948 1203 1002 τοῦτο
1227 952 1339 1013 τοῖς
1358 950 1667 1020 εἰρημένοις
1688 966 1703 981 ·
1732 952 1830 1017 Τίς

244 1038 564 1105 ἀδίδακτος
584 1040 813 1108 σοφός;
840 1040 1027 1111 Ἡμεῖς
1046 1040 1212 1112 δὲτὴν
1242 1043 1306 1094 ὲκ
1333 1040 1427 1094 τοῦ
1457 1040 1591 1094 Θεοῦ
1616 1041 1825 1111 σοφίαν,

243 1129 368 1199 ἥτις
388 1130 534 1182 ἐστὶν
562 1131 591 1183 ὁ
620 1130 871 1200 Χριστὸς,
902 1130 1023 1200 οὐχὶ
1050 1130 1322 1200 διδακτὴν,
1354 1129 1488 1184 ἀλλά
1520 1130 1829 1203 διδακτικὴν

246 1215 388 1273 εἶναι
413 1237 591 1289 φαμεν
615 1236 629 1250 ⁸
664 1220 764 1291 τὴν
808 1220 867 1273 δὲ
929 1220 1226 1277 ὲνωθείσαν
1276 1223 1344 1292 τῇ
1383 1220 1505 1293 θείᾳ
1543 1222 1706 1294 σοφίᾳ
1730 1224 1830 1295 τῆς

252 1312 454 1382 σαρκὸς
474 1312 630 1383 ἡμῶν
670 1314 883 1384 μοῖραν,
911 1314 976 1367 ὲκ
1006 1315 1235 1385 μετοχῆς
1262 1314 1515 1379 δέξασθαι
1539 1315 1599 1369 τὸ
1628 1316 1832 1384 ἀγαθὸν

246 1403 349 1473 τῆς
371 1403 563 1473 σοφίας
599 1404 699 1457 οὐκ
727 1404 1164 1477 ἀμφιὸἀλλομεν,
1198 1407 1508 1477 πειθόμενοι
1534 1407 1612 1479 τῷ
1648 1409 1831 1476 Εὐαγ-

250 1496 416 1565 γελίῳ
437 1496 636 1549 οὑτωσὶ
678 1496 952 1563 διεξιόντι,
998 1498 1082 1551 ὃτι
1137 1499 1362 1566 Ἰησοῦς
1382 1499 1450 1552 δὲ
1464 1500 1833 1568 προέκοπτεν

251 1592 481 1660 ἡλικίᾳ,
516 1591 613 1646 καὶ
671 1592 877 1660 σοφίῃ,
914 1593 1010 1646 καὶ
1040 1592 1253 1663 χάριτι.
1287 1594 1497 1664 ’Ὠσπερ
1531 1596 1590 1646 ὲν
1620 1594 1698 1664 τῷ
1729 1592 1834 1647 σώ-

254 1701 381 1753 ματι
396 1685 430 1753 ἡ
447 1683 566 1736 κατ’
586 1682 762 1752 ὀλίγον
773 1682 1290 1756 προσθήκη,τροφῆς
1304 1686 1412 1756 (16)
1428 1687 1685 1758 συνεργίᾳ
1698 1687 1834 1757 πρὸς

248 1776 311 1828 τὸ
333 1774 538 1827 τέλειον
558 1774 657 1843 τῆς
671 1773 885 1838 φύσεως
921 1776 1369 1847 πρόεισιν,οῦτως
1396 1779 1489 1831 καὶ
1527 1779 1660 1849 ὲντῇ
1687 1778 1831 1849 ψυχῇ

250 1868 285 1937 ἡ
321 1866 413 1919 ἐπὶ
456 1866 518 1918 τὸ
560 1865 769 1919 τέλειον
804 1866 903 1937 τῆς
950 1868 1139 1935 σοφίας
1176 1867 1401 1941 πρόοδος
1440 1869 1507 1922 δι’
1552 1871 1839 1940 ἀσκήσεως

248 1962 364 2023 τοῖς
388 1959 629 2029 μετιοῦσι
657 1960 1022 2030 προστίθεται.
1049 1963 1164 2028 Τίς,
1201 1964 1384 2032 φησὶν,
1401 1963 1839 2032 ἑνὲξιουσίᾳτὰ

244 2049 362 2105 τοῦ
408 2049 555 2104 Θεοῦ
608 2049 1026 2121 ἐργαζόμενος;
1088 2052 1215 2117 Πῶς
1253 2054 1684 2125 κατασμικρύνει
1723 2059 1838 2121 τοῖς

253 2142 534 2214 βρεφικοῖς
593 2142 987 2214 ἐπιχειρήμασι
1049 2142 1149 2215 τὴν
1184 2144 1458 2216 ἄφραστον
1500 2145 1593 2199 τοῦ
1629 2146 1834 2217 Κυρίου

255 2230 688 2303 μεγαλειότητα;
722 2231 795 2284 Τὸ
826 2232 933 2302 γὰρ
961 2234 1019 2285 ὲν
1047 2232 1263 2305 ἐξουσία
1291 2234 1358 2289 τὰ
1385 2233 1479 2287 τοῦ
1509 2234 1645 2288 Θεοῦ
1669 2238 1840 2289 ποιετν

253 2324 349 2375 καὶ
377 2321 682 2393 ἀνθρώπων
714 2323 833 2376 ἐστὶ
871 2323 1190 2395 ἠξιωμένων
1223 2324 1333 2395 (l7)
1362 2325 1510 2391 θείας
1536 2327 1835 2399 δυνάμεως,

252 2410 365 2477 οἷος
394 2411 463 2487 ἦν
481 2416 510 2468 ό
535 2414 719 2478 Ἠλίας
731 2415 853 2469 κατ’
879 2415 1128 2481 ἐξουσίαν
1149 2416 1321 2483 ἀνιείς
1339 2436 1396 2472 τε
1419 2420 1511 2473 καὶ
1533 2420 1840 2475 ἀποκλείων

266 2510 382 2572 τοῖς
409 2506 718 2580 ἀνθρώποις
774 2509 866 2562 τὸν
916 2508 1144 2581 ὄμϐρον,
1184 2510 1296 2583 πῦρ
1329 2512 1550 2579 ἐπάγων
1580 2515 1692 2576 τοῖς
1739 2512 1841 2566 ὑπ-

255 2599 538 2665 εναντίοις,
569 2599 833 2671 γεωργῶν
887 2601 947 2654 ἐν
991 2600 1071 2671 τῷ
1120 2603 1347 2674 κεράμῳ
1373 2604 1433 2656 τὸ
1467 2603 1715 2676 ἄλευρον,
1744 2605 1841 2658 καὶ

259 2691 444 2763 βρύειν
470 2691 642 2744 ποιῶν
666 2693 725 2745 ὲν
760 2691 839 2762 τῷ
872 2692 1141 2765 καμψάκῃ
1169 2692 1277 2764 (18)
1306 2696 1365 2748 τὸ
1388 2694 1583 2761 ῑἔλαιον,
1621 2696 1717 2749 καὶ¹
1753 2696 1842 2751 διὰ

257 2785 718 2855 προσφυσήματος
777 2783 855 2855 τῷ
888 2784 1081 2856 ἀψύχῳ
1122 2785 1264 2859 ζωὴν
1317 2786 1696 2858 χαριζόμενος,
1745 2788 1841 2841 καὶ

255 2875 357 2929 ὅσα
378 2875 512 2929 ἄλλα
564 2877 692 2946 περὶ
723 2875 888 2929 αὑτοῦ
917 2879 946 2930 ό
996 2877 1157 2947 λόγος
1213 2880 1452 2948 κατέχει.
1490 2879 1652 2932 Ὥστε
1692 2879 1843 2932 οὐδὲν

258 2972 398 3043 ὑπὲρ
421 2970 725 3043 ἄνθρωπον,
757 2972 818 3024 τὸ
845 2973 902 3024 ὲν
931 2972 1149 3045 ἐξουσίᾳ
1174 2972 1267 3027 τοῦ
1292 2972 1427 3026 Θεοῦ
1460 2974 1631 3025 ποιεῖν
1660 2990 1713 3026 τι
1735 2972 1842 3026 τῶν

259 3062 552 3135 θαυμάτων
580 3066 644 3117 ὲκ
691 3063 841 3127 θείας
887 3064 1169 3135 δυνάμεως
1192 3081 1206 3096 ο
1247 3064 1384 3118 ἀλλὰ
1415 3065 1474 3118 τὸ
1502 3064 1663 3118 αὐτὸν
1706 3062 1843 3119 εἶναι

1934 585 2096 638 miam
2121 584 2383 653 scriptum
2422 591 2526 645 est,
2571 583 2870 652 ignoraret,
2921 583 2988 639 de
3017 599 3125 654 quo
3150 583 3282 638 dicit
3324 584 3503 640 Domi-

1933 692 2059 739 nus,
2102 673 2421 743 Priusquam
2462 682 2508 728 te
2541 674 2853 743 formarem,
2900 690 2965 728 ex
2995 686 3144 729 utero
3173 676 3505 744 sanctiﬁcaui

1934 768 2067 823 te".
2124 766 2242 821 Non
2299 766 2462 821 modo
2508 766 2655 822 enim
2707 780 2736 819 a
2779 766 3079 829 nativitate,
3133 766 3230 822 sed
3270 776 3323 822 et
3377 776 3505 821 ante

1932 858 2270 914 nativitatem
2346 858 2497 912 illum
2578 857 2868 913 sanctitate
2960 857 3244 927 praeditum
3335 858 3503 914 fuisse

1934 951 2231 1021 Scripturae
2271 949 2585 1005 testimonio
2611 948 3019 1018 comprobatur.
3054 947 3194 1013 Quin
3240 957 3294 1003 et
3320 948 3503 1005 infans

1934 1044 2025 1098 ille
2043 1042 2136 1112 qui
2160 1042 2215 1095 in
2247 1043 2440 1097 matris
2470 1050 2625 1097 utero
2653 1040 2969 1103 exsultavit,
3002 1040 3093 1109 qui
3122 1041 3502 1095 salutationem

1934 1134 2124 1189 matris
2148 1122 2361 1188 Domini
2404 1149 2527 1188 cum
2558 1132 2745 1188 laetitia
2777 1131 3109 1201 suscepit",
3145 1130 3261 1199 ipse
3287 1145 3507 1201 quoque

1935 1242 1973 1285 λ
1996 1227 2278 1281 nativitate
2305 1234 2529 1280 sanctus
2552 1224 2784 1290 exstitit,
2814 1222 3271 1293 quemadmodum
3308 1222 3509 1292 angeli-

1934 1330 2033 1371 cus
2065 1330 2245 1371 sermo
2277 1315 2344 1370 de
2375 1316 2495 1383 ipso
2534 1313 2779 1369 declarat
2807 1312 2895 1368 his
2941 1312 3165 1367 verbis:
3197 1311 3268 1365 Et
3302 1312 3508 1381 Spiritu

1936 1416 2122 1461 sancto
2181 1404 2468 1475 replebitur
2519 1404 2691 1458 adhuc
2746 1418 2813 1459 ea:
2860 1412 3008 1456 utero
3059 1403 3249 1457 matris
3307 1420 3417 1457 suae
3437 1403 3506 1457 ⁸⁸.

1939 1493 2046 1549 Sed
2093 1503 2146 1550 et
2186 1494 2319 1549 illud
2367 1494 2531 1549 dictis
2577 1492 2740 1546 modo
2786 1492 2976 1547 relatis
3018 1492 3330 1562 subiungit:
3378 1491 3510 1558 Quis

1938 1587 2173 1655 sapiens,
2221 1587 2325 1641 nisi
2357 1586 2540 1639 doctus
2565 1584 2768 1653 fuerit?
2797 1585 2866 1638 At
2894 1598 2996 1638 nos
3035 1581 3130 1637 Dei
3163 1583 3507 1652 sapientiam,

1938 1693 2060 1749 qua:
2095 1677 2350 1733 Christus
2395 1686 2501 1744 est,
2546 1691 2655 1731 non
2701 1676 2771 1730 ab
2818 1675 2926 1729 alio
2972 1674 3226 1745 quapiam
3256 1672 3509 1729 edoctam

1940 1769 2133 1836 fuisse,
2179 1768 2275 1825 sed
2317 1768 2454 1824 alios
2492 1768 2722 1823 docendi
2772 1774 3040 1837 potestate
3069 1765 3351 1837 praeditam
3384 1778 3512 1820 esse

1867 1856 1911 1912 Β
1939 1859 2206 1927 dicimus;
2245 1873 2365 1914 eam
2411 1874 2543 1913 vero
2581 1860 2767 1914 carnis
2801 1865 3003 1912 nostra:
3034 1857 3361 1927 portionem,
3391 1870 3512 1926 quae

1939 1951 2140 2007 divinae
2185 1950 2477 2022 Sapientia
2523 1950 2675 2004 unita
2708 1957 2813 2011 est,
2862 1947 3140 2019 sapientia:
3181 1947 3381 2001 bonum
3419 1959 3514 2015 per

1939 2043 2410 2115 participationem
2465 2041 2777 2110 suscepisse
2805 2056 2914 2095 non
2964 2039 3298 2097 dubitamus.
3336 2036 3515 2089 Evan-

1940 2137 2065 2209 gelii
2102 2137 2427 2191 auctoritate
2457 2134 2602 2198 freti,
2639 2134 2753 2188 haec
2778 2132 2845 2188 de
2872 2131 3000 2187 Jesu
3029 2130 3326 2189 narrantis,
3355 2127 3513 2182 Iesus

1940 2236 2118 2284 autem
2162 2226 2471 2296 proﬁciebat
2520 2233 2695 2289 (etate,
2745 2233 2794 2278 et
2842 2222 3104 2290 sapientia
3150 2230 3199 2274 et
3249 2220 3424 2289 gratia
3443 2217 3511 2269 ⁸⁸.

1942 2320 2074 2377 Nam
2112 2320 2280 2375 veluti
2320 2318 2374 2372 in
2410 2325 2601 2372 nostro
2627 2330 2855 2386 corpore
2896 2313 3152 2383 paulatim
3194 2309 3397 2365 factum
3432 2310 3517 2363 in-

1940 2422 2277 2469 crementum
2305 2411 2411 2465 cibi
2448 2422 2614 2478 opera
2640 2408 2705 2462 ad
2741 2414 2949 2462 naturae
2976 2402 3365 2475 perfectionem
3389 2417 3517 2473 pru-
3612 2468 3617 2471 μ

1940 2505 2106 2570 cedit,
2156 2503 2229 2557 ita
2260 2511 2314 2558 et
2356 2502 2411 2556 in
2458 2502 2642 2555 anima
2682 2497 3076 2555 exercitatione
3110 2494 3168 2549 fit
3194 2503 3253 2549 ut
3287 2495 3379 2565 qui
3428 2510 3519 2548 sa-

1939 2596 2158 2667 pientia:
2184 2593 2367 2649 studio
2400 2600 2676 2655 tenentur,
2719 2588 2784 2643 ad
2820 2587 3029 2659 apicem
3060 2586 3181 2657 ejus
3211 2584 3518 2655 fastigium-

1940 2704 2046 2759 que
2073 2686 2511 2758 progrediantur.
2550 2682 2706 2749 Quis,
2756 2680 2953 2751 inquit,
2997 2693 3066 2733 ea:
3091 2686 3368 2747 potestate,
3400 2691 3518 2745 qua!

1942 2781 2039 2836 Dei
2074 2790 2196 2833 sunt
2227 2777 2515 2847 operatur?
2548 2773 2835 2841 Quomodo
2864 2770 3165 2842 puerilibus
3182 2770 3520 2841 argumentis

1943 2873 2268 2930 ineffabilem
2318 2869 2531 2924 Domini
2585 2866 3014 2936 magnitudinem
3049 2862 3343 2933 deprimit?
3381 2860 3515 2915 Nam

1941 2982 2007 3022 ex
2048 2970 2317 3035 potestate
2348 2975 2469 3031 quae
2514 2957 2607 3012 Dei
2656 2963 2786 3011 sunt
2821 2955 3020 3017 facere,
3065 2966 3255 3008 eorum
3300 2963 3519 3018 quoque

1942 3057 2223 3111 hominum
2270 3059 2354 3107 est
2385 3050 2477 3119 qui
2508 3048 2692 3103 divina
2718 3046 2923 3100 virtute
2971 3041 3121 3113 digni
3166 3040 3336 3097 habiti
3367 3046 3519 3104 sunt,

258 3132 749 3225 cﬁvvbnepéxouoav
783 3132 1037 3224 bﬁvautv.
1066 3153 1244 3224 Ὅπερ
1279 3154 1343 3225 δὴ
1388 3154 1479 3207 καὶ
1527 3154 1659 3224 παρ’
1687 3153 1834 3224 ἡμῶν

1944 3146 2251 3220 cuiusmodi
2288 3151 2408 3201 erat
2438 3142 2607 3207 Elias,
2657 3139 2749 3211 qui
2790 3152 2890 3209 pro
2922 3136 3150 3191 arbitrio
3184 3132 3381 3189 cadere
3420 3132 3521 3186 ho-

260 3244 355 3299 καὶ
375 3244 526 3315 παρά
546 3224 763 3299 πάντων
774 3246 884 3299 τῶν
906 3248 962 3298 ὲν
990 3243 1218 3317 ἀληθείᾳ
1237 3224 1542 3317 δεξαμένων
1566 3244 1656 3297 τὸν
1685 3243 1834 3313 λόγον

1948 3240 2185 3298 tninibus
2232 3245 2396 3307 atque
2437 3246 2656 3289 cessare
2708 3228 2838 3285 fecit
2884 3227 3148 3300 pluviam,
3193 3224 3287 3296 qui
3338 3224 3520 3295 ignem

260 3335 640 3391 πεπίστευται.
762 3344 766 3348 ’

1948 3330 2176 3390 immisit
2216 3328 2272 3383 in
2306 3327 2511 3387 hostes,
2554 3329 2611 3378 et
2650 3321 2706 3376 in
2746 3332 2878 3375 vase
2922 3316 3069 3372 fictili
3118 3315 3350 3370 farinam
3382 3315 3523 3368 mira.

260 3432 653 3502 agricolatione
680 3432 1084 3503 multiplicavit,
1115 3431 1211 3503 qui
1254 3439 1466 3489 scatere
1490 3432 1621 3488 fecit
1649 3433 1828 3488 oleum
1869 3432 1927 3487 in
1969 3427 2186 3501 lecytho
2224 3433 2279 3481 et
2310 3421 2490 3477 aillatu
2561 3418 2727 3473 vitam
2793 3422 3010 3469 mortuo
3049 3411 3281 3503 largitus
3320 3417 3426 3503 est,
3466 3413 3523 3459 et

262 3500 532 3599 quotquot
569 3529 675 3583 alia
702 3527 769 3583 de
792 3500 910 3600 ipso
933 3529 991 3589 in
1015 3500 1188 3583 sacris
1212 3528 1425 3599 paginis
1456 3540 1747 3585 narrantur
1767 3530 1833 3583 ⁸².
1874 3500 2239 3595 Quamobrem
2272 3518 2408 3574 nihil
2440 3528 2605 3607 supra
2646 3509 2943 3572 hominem,
2981 3505 3027 3562 si
3067 3504 3192 3607 quis
3224 3500 3355 3607 .Dci

264 3596 464 3676 testate
490 3619 772 3690 praeditus,
806 3596 1026 3690 aliquod
1055 3596 1376 3674 miraculum
1417 3635 1483 3674 ex
1514 3621 1697 3675 divina
1725 3620 1935 3696 virtute
1963 3622 2250 3688 operetur;
2299 3608 2393 3665 sed
2470 3603 2603 3661 illud
2644 3617 2772 3659 vere
2837 3612 3021 3696 supra
3089 3596 3388 3696 hominem,

265 3716 391 3784 quis
438 3684 510 3771 sit
551 3714 785 3782 ipsamet
829 3684 1001 3779 prima
1050 3711 1371 3780 caeterisque
1417 3710 1541 3766 aliis
1593 3711 1845 3780 superior
1881 3684 2142 3778 potestas.
2184 3700 2343 3768 Quod
2383 3696 2605 3768 quidem
2644 3707 2769 3748 cum
2802 3705 2833 3744 a
2896 3687 3056 3743 nobis
3098 3694 3212 3741 tum
3261 3686 3330 3741 ab
3402 3684 3527 3741 aliis

263 3807 546 3868 omnibus,
573 3805 665 3876 qui
693 3805 746 3858 in
776 3803 1006 3858 veritate
1028 3802 1255 3856 verbum
1288 3800 1382 3857 Dei
1417 3801 1747 3870 suscipiunt,
1773 3799 1842 3854 de
1878 3796 2100 3852 Christo
2126 3791 2358 3879 Domino
2381 3785 2643 3842 creditur.
2674 3872 2687 3879 -
3006 3874 3018 3879 _
3054 3866 3067 3878 Ω
3340 3863 3353 3879 ι
3479 3836 3502 3879 ἔ

299 3901 447 3972 τΤὴν
489 3863 548 3954 δέ
591 3863 919 3966 ἀδιανοήτως
953 3892 1117 3947 αὐτοῦ
1155 3893 1543 3965 προσ-τεθεῖσαν
1566 3863 1676 3955 τοῖς
1701 3893 1834 3962 είρη

2024 3880 2218 3939 χχιιι.
2272 3878 2446 3933 Porro
2476 3889 2603 3930 cum
2638 3872 2928 3926 obscuram
2970 3874 3026 3921 et
3053 3863 3529 3933 incomprehensi-

269 3956 450 4063 μένοίς
475 3990 756 4062 διαίρεσιν,
780 3956 855 4051 ως
875 3956 935 4040 οῦ
964 3986 1170 4056 πρέπον
1196 3956 1329 4055 ημῖν
1352 3984 1411 4038 ὃν
1433 3983 1493 4037 τὸ
1522 3983 1663 4038 κατὰ
1687 3956 1834 4036 σπουι

1950 3978 2115 4033 bilem
2160 3987 2323 4044 quam
2355 3967 2604 4038 adiungit
2633 3961 3040 4017 distinctionem
3081 3957 3304 4010 minime
3335 3956 3523 4010 deceat

264 4048 360 4154 θὴν
382 4048 696 4150 διελέγχειν,
734 4048 851 4142 ταῖς
900 4048 1130 4139 ἐννοίαις
1300 4074 1675 4144 ἐπιστημόνων
1710 4090 1834 4145 παρ-

1951 4083 2053 4123 nos
2104 4062 2418 4119 accuratius
2460 4056 2770 4118 confutare,
2808 4052 2957 4105 illam
2993 4050 3279 4103 doctorum
3310 4048 3521 4116 judicio

266 4140 490 4247 ήσομεν.
611 4140 719 4241 γὰρ
746 4140 993 4241 βοῦλεται
1036 4167 1183 4239 αὐτῷ
1211 4167 1290 4234 τὸ,
1319 4140 1564 4235 Διαιριῦν
1599 4164 1716 4235 μὲν
1739 4140 1834 4233 sit:

1949 4157 2370 4217 esaminandam
2415 4153 2788 4219 relinquemus
2860 4141 3000 4208 Quid
3053 4141 3200 4195 enim
3248 4140 3353 4195 sibi
3408 4140 3527 4194 vult

266 4233 575 4337 ,ἐνέργειαν
797 4263 1014 4330 σάρκα,
1052 4233 1274 4325 ἐξιοῶν
1303 4258 1370 4311 δὲ
1404 4233 1553 4311 κατὰ
1589 4233 1834 4326 πνεῦμα.

1952 4252 2108 4313 illud,
2168 4248 2508 4317 Distinguens
2556 4238 2765 4311 quidem
2815 4234 3171 4305 operationem
3234 4233 3525 4286 secundum

270 4324 447 4431 Ὅπερ
477 4360 722 4429 ἐπήγαγε
755 4358 822 4426 τῇ
846 4324 1185 4424 Ιέῦαγγελικῇ
1214 4354 1361 4423 φωνῇ
1386 4353 1450 4423 τῇ
1485 4324 1834 4423 λεγούσῃ,ῗὸτι

1953 4362 2202 4411 carnem;
2241 4354 2524 4412 exrequans
2562 4349 2678 4390 vero
2712 4328 2997 4386 secundum
3040 4326 3338 4396 spiritum?
3370 4324 3527 4393 Quod

282 4454 335 4506 '0
357 4418 581 4517 Πατήρ.
590 4418 709 4518 ito-12
740 4418 850 4512 ἕως
884 4418 1020 4514 ἀρτι-
1061 4418 1377 4515 emit-itera;
1618 4418 1834 4511 ἐργάζο-

1954 4440 2162 4497 dictum
2217 4436 2368 4490 hisce
2414 4425 2694 4499 Evangelii
2750 4422 2934 4478 verbis
2989 4420 3309 4490 subjunxit,
3364 4418 3529 4474 Pater

266 4561 394 4615 μαι.
428 4511 735 4611 Εῐτιςνέχει
763 4511 990 4609 δύναμιν
1193 4539 1291 4608 τὴν
1322 4535 1431 4589 τῶν
1456 4511 1695 4605 ἀνοήτων
1728 4550 1834 4586 συν-

1958 4548 2103 4587 meus
2156 4542 2317 4595 usque
2372 4520 2526 4577 modo
2564 4524 2834 4588 operatur,
2879 4523 2929 4568 et
2975 4528 3069 4583 ego
3116 4527 3302 4581 operor
3344 4511 3423 4576 '9.
3470 4511 3529 4567 Si

272 4603 521 4705 :qyopiav,
560 4603 911 4686 ouv't‘ardsewv
942 4628 1020 4701 τῷ
1060 4603 1203 4700 λόγῳ
1233 4603 1325 4681 καὶ
1370 4603 1593 4695 λεγέτω,
1629 4626 1683 4679 τί
1716 4624 1834 4679 νοῶε

1950 4622 2083 4692 quis
2124 4620 2413 4672 stultorum
2454 4608 2708 4682 cogitatis
2744 4604 3108 4678 patrocinium
3145 4603 3386 4675 prabere
3438 4617 3531 4673 po-

274 4697 471 4796 ena-yet
496 4728 605 4789 τοῖς
632 4723 937 4795 εἰρημένοις
972 4697 1135 4775 πάλιν
1175 4697 1239 4773 τὸ
1281 4721 1484 4791 ὅμοιον,
1522 4718 1722 4773 οὑτωσὶ
1760 4717 1834 4771 κα“

1960 4713 2032 4768 tis
2078 4720 2183 4773 est,
2237 4707 2371 4762 huic
2433 4700 2761 4773 astipuletur
2810 4697 3051 4754 sermoni
3110 4704 3165 4751 et
3218 4697 3363 4750 dicat
3422 4710 3531 4764 quo

273 4820 374 4890 τὴν
395 4786 551 4882 ’λέξιν
574 4786 855 4888 (ιθίεῇίονο
883 4815 1061 4881 Ὅπερ
1084 4812 1227 4881 εχει,
1259 4786 1413 4883 φησὶ,
1440 4810 1546 4878 τὴν
1577 4810 1647 4863 εν
1670 4810 1834 4864 δυνά-

1959 4820 2123 4862 sensu
2183 4801 2365 4856 allatis
2425 4795 2587 4851 modo
2634 4793 2798 4849 dictis
2841 4791 3061 4871 similia,
3095 4790 3291 4845 iterum
3345 4786 3531 4846 addat.

269 4880 369 4981 μει
418 4880 606 4962 eam}
652 4880 919 4973 ίσότητα,
976 4880 1072 4958 καὶ
1118 4902 1233 4970 τὴν
1276 4880 1436 4957 inata
1489 4901 1689 4970 σάρκα
1746 4901 1834 4969 τῆς

1963 4910 2085 4966 qua:
2118 4892 2186 4947 ad
2219 4890 2445 4945 verbum
2481 4887 2556 4941 ita
2586 4902 2645 4941 se
2677 4884 2903 4947 habent,
2938 4881 3043 4948 Qui
3072 4880 3303 4950 quidem,
3333 4880 3531 4948 inquit,

276 4970 579 5070 ένεργειάς
623 4970 936 5067 διαίρεσιν,
987 4997 1113 5051 καθ’
1149 4994 1249 5063 ἢν,
1287 4996 1472 5065 φησιν,
1507 4996 1580 5048 οὐ
1628 4994 1834 5047 πόντια

1956 4989 2011 5042 in
2066 4992 2325 5056 potestate
2376 4996 2562 5034 rursus
2595 4977 2955 5048 aequalitatem
3005 4973 3221 5037 obtinet,
3251 4983 3301 5025 et
3342 4970 3536 5025 distiu-

276 5063 692 5159 ἐζωοποιησεν,
722 5063 882 5144 ἀλλά
925 5104 1113 5155 τινας,
1157 5086 1265 5153 οὓς
1302 5063 1626 5155 ἠθέλησεν.
1674 5086 1834 5155 Ἥμεῖ

1957 5081 2181 5136 ctionem
2218 5074 2541 5145 operationis
2577 5068 2863 5126 secundum
2908 5081 3141 5127 carnem,
3177 5080 3302 5129 qua,
3333 5063 3533 5132 inquit,

277 5187 389 5257 γὰρ
415 5156 651 5254 (Eoi-rip
681 5180 860 5250 ἁπλῆν
888 5197 946 5233 τε
989 5180 1082 5233 καὶ
1110 5178 1481 5233 ἀκατάσκευον
1522 5178 1830 5247 ὲξειληφότε

1961 5190 2061 5228 ηοη
2102 5187 2278 5227 omnes
2331 5168 2633 5237 viviﬁcavit,
2678 5161 2768 5216 sed
2816 5158 3118 5225 nonnullas,
3162 5173 3292 5229 quos
3348 5156 3532 5210 voluit.

403 5248 550 5338 θείας
577 5248 797 5345 Ῠραφῆς
818 5248 1075 5335 διάνοιαν,
1103 5268 1274 5334 οὕτως
1314 5269 1440 5339 napi.
1477 5268 1584 5322 τῶν
1640 5266 1834 5339 εἰρημέ

1960 5262 2072 5320 Nos
2095 5263 2241 5317 enim
2272 5259 2572 5328 simplicem
2596 5262 2650 5308 et
2684 5253 2903 5307 obvium
2943 5266 3010 5306 es
3034 5249 3221 5304 divina
3251 5248 3534 5319 Scriptura

281 5524 329 5557 u
356 5452 401 5576 3‘
425 5450 536 5507 Jer.
565 5465 605 5514 ι,
759 5449 804 5482 ⁷⁸
831 5447 962 5503 Luc.
1000 5466 1037 5513 t,
1074 5447 1161 5503 il.
1239 5447 1285 5479 '°
1327 5445 1458 5500 ibid.
1492 5445 1579 5499 l5.
1655 5445 1697 5475 ⁸³
1741 5442 1872 5498 Luc.
1921 5458 1982 5507 tt,
2018 5439 2107 5494 52.
2183 5440 2229 5471 ⁸²
2261 5437 2327 5491 lll
2356 5433 2490 5503 Reg.
2526 5445 2661 5495 xvu,
2692 5429 2777 5491 li,
2803 5444 2924 5497 sqq.
2955 5445 2970 5495 ;
3006 5425 3071 5480 IV
3095 5426 3226 5495 Reg.
3251 5442 3289 5488 t,
3321 5425 3386 5479 l0
3409 5439 3533 5498 sqq.

391 5538 516 5576 oan.
556 5537 611 5576 v.
712 5559 727 5575 .

309 5526 329 5556 ³
357 5526 516 5576 Joan.
556 5537 611 5587 v,
636 5526 727 5575 l7.

1973 5670 2155 5718 textus
2186 5659 2371 5719 habet,
2411 5656 2653 5727 καψάκῃ.

2046 5732 2159 5800 (l9)
2196 5729 2426 5783 Videtur
2450 5722 2539 5781 hic
2569 5722 3040 5800 legendttm,_xar&
3068 5722 3167 5800 τὴν
3194 5722 3360 5790 λέξιν,

2044 5791 2156 5874 (i0)
2183 5800 2261 5856 Ita
2286 5814 2468 5865 corn;
2499 5791 2650 5868 prius
2675 5804 2813 5863 erat,
2844 5791 2995 5866 οἶμαι
3027 5791 3153 5867 γάρ.

358 5679 471 5747 (16)
500 5676 640 5731 Corr
690 5678 755 5744 τῇ
777 5675 875 5747 τῆς
898 5673 1120 5747 τροφῆς.

388 5750 474 5813 1⁸7)
502 5747 659 5803 Corr.
685 5747 793 5799 τῶν
814 5745 1151 5815 ἠξιωμένων.

393 5808 477 5891 18)
542 5818 617 5873 lta
672 5808 877 5881 corr.';'
911 5808 1090 5878 antea,
1129 5811 1432 5884 καμψάκει.
1470 5808 1637 5865 Sacer
1684 5814 1867 5862 tamen
