4020 6562
481 377 618 435 Ξίθτ

1660 426 1663 429 ,
1744 378 1801 431 S.
1841 375 2171 433 GBEGOllll
2232 372 2526 431 NYSSENI

3579 367 3721 427 “£3

482 507 707 550 sensum
739 489 1108 555 desumentes,
1149 489 1222 544 ita
1270 488 1339 545 de
1372 488 1492 560 eius
1532 488 1695 545 dictis
1722 490 2037 551 statuimus,

2154 506 2247 540 mw
2290 486 2624 555 γινώσκομεν
2666 485 2915 555 (21)’ὂτ”
2942 485 3009 539 ἂν
3060 476 3153 538 τοῦ
3191 483 3395 550 Κυρίου
3433 478 3721 547 διεξιόντος

481 595 542 641 ιιι
588 600 712 639 cum
756 583 1042 638 Dominum
1087 584 1144 637 in
1192 582 1306 637 haec
1338 584 1506 637 verba
1541 583 1845 652 loquentem
1880 582 2039 636 audi-

479 674 684 737 mus“,
710 672 877 726 Pater
908 674 1131 730 suscitat
1156 681 1390 727 mortuos
1418 682 1467 726 et
1491 666 1744 740 viviﬁcat,
1771 681 1820 725 et
1846 670 2039 734 Filius,

479 779 607 833 quos
657 764 765 817 vult
799 763 1046 831 viviﬁcat,
1091 764 1205 817 ha'e
1236 777 1344 816 non
1379 763 1455 816 ita
1504 763 1859 831 accipiamus,
1896 777 1958 815 ac
1995 761 2041 815 si

481 855 647 924 aliqui
684 870 714 907 a
743 853 1052 909 viviﬁcante
1100 856 1376 908 voluntate
1407 854 1746 923 rejiciantur,
1780 853 1875 908 sed
1907 869 2043 924 quo-

480 948 627 1001 niam
678 946 859 1001 omnia
897 962 1020 1016 qua:
1059 945 1239 1002 Patris
1273 954 1420 1009 sunt,
1474 944 1598 1000 Filii
1652 960 1869 1015 quoque
1922 961 2044 1001 esse

481 1036 796 1106 accepimus
833 1046 888 1089 et
917 1036 1214 1100 credimus,
1240 1037 1361 1091 ideo
1388 1045 1442 1089 et
1486 1033 1663 1089 Patris
1687 1034 2040 1097 voluntatem,

482 1135 737 1195 tanquam
771 1126 983 1178 illorum
1030 1125 1271 1179 omnium
1331 1140 1520 1186 unum,
1554 1126 1606 1178 in
1642 1121 1781 1179 Filio
1822 1126 2045 1194 conspi-

481 1220 679 1272 cimus.
736 1216 791 1270 Si
851 1217 1015 1286 igitur
1076 1217 1129 1270 in
1194 1215 1332 1271 Filio
1385 1216 1565 1271 Patris
1631 1217 1885 1273 voluntas
1929 1224 2044 1282 est,

479 1307 642 1361 Pater
693 1317 894 1371 autem,
924 1307 1379 1376 quemadmodum
1418 1309 1495 1360 ait
1522 1308 1816 1376 Apostolus
1832 1310 1899 1372 ⁸⁵,
1922 1306 2047 1362 Om-

480 1414 571 1452 nes
610 1398 715 1451 vult
752 1399 927 1451 salvos
974 1398 1109 1465 ﬁeri,
1144 1408 1191 1451 et
1219 1397 1286 1450 ad
1320 1398 1639 1467 agnitionem
1688 1399 1922 1452 veritatis
1958 1414 2045 1453 ve-

481 1490 630 1550 nire;
658 1487 901 1557 proiecto
932 1489 1025 1556 qui
1060 1498 1257 1542 cuncta
1281 1487 1455 1542 Patris
1491 1489 1735 1558 possidet
1765 1498 2047 1559 totumque

481 1579 536 1631 in
574 1593 632 1633 se
658 1580 777 1648 ipso
810 1577 1022 1633 Patrem
1054 1578 1236 1643 habet,
1272 1580 1494 1633 omnino
1528 1594 1635 1633 una
1674 1596 1797 1634 cum
1836 1581 2047 1636 caeteris

482 1669 660 1724 Patris
698 1670 781 1724 sui
828 1671 1015 1731 bonis,
1077 1670 1130 1723 in
1166 1670 1348 1740 seipso
1393 1671 1638 1724 salvandi
1665 1672 1827 1725 etiam
1862 1670 2051 1725 volun-

482 1768 651 1813 tatem
699 1760 883 1814 habet.
937 1760 994 1814 Si
1026 1760 1209 1831 itaque
1242 1762 1342 1815 hac
1369 1761 1610 1831 perfecta
1633 1764 1911 1818 voluntate
1938 1778 2045 1817 non

481 1861 653 1912 caret,
701 1851 1048 1906 manifestum
1098 1867 1322 1921 prorsus
1368 1860 1471 1915 est,
1526 1868 1621 1909 eos
1670 1868 1859 1910 onmes
1904 1870 2045 1925 quos

480 1941 642 1997 Pater
685 1943 952 1997 viviﬁcari
1007 1944 1144 2009 vult,
1197 1944 1373 2013 ipsum
1434 1960 1653 2014 quoque
1687 1945 1963 2001 viviﬁcare
1993 1954 2047 2001 et

482 2034 723 2088 beneﬁca
772 2035 828 2089 in
877 2035 1124 2089 homines
1181 2036 1459 2091 voluntate
1510 2035 1671 2091 Patre
1733 2037 2046 2093 inferiorem

482 2138 591 2176 non
634 2139 792 2189 esse,
846 2132 905 2177 ut
962 2124 1296 2194 Apollinaris
1350 2134 1554 2187 censet,
1612 2126 1740 2181 dum
1786 2128 1883 2193 ait,
1938 2144 2047 2185 non

481 2226 695 2277 omnes,
732 2212 825 2267 sed
881 2214 1094 2283 aliquos
1150 2223 1358 2267 tantum
1405 2216 1601 2269 salvari
1642 2216 1902 2270 voluisse.
1938 2214 2047 2270 Ne-

483 2319 591 2372 que
618 2304 761 2358 enim
810 2303 994 2358 divina
1043 2306 1296 2361 voluntas
1332 2306 1385 2359 in
1432 2321 1598 2360 causa
1643 2314 1747 2372 est,
1800 2321 1899 2361 cur
1957 2306 2049 2360 alii

482 2395 784 2460 salventur,
837 2397 927 2450 alii
956 2411 1087 2451 vero
1120 2405 1359 2466 pereant,
1397 2394 1639 2467 alioquin
1670 2398 1737 2451 ad
1773 2397 1923 2461 illam,
1951 2414 2049 2451 vo-

489 2488 775 2551 luntatem,
828 2496 1086 2558 tanquam
1145 2489 1212 2542 ad
1263 2503 1507 2552 causam,
1560 2488 1752 2544 horum
1812 2490 2043 2559 perditio

482 2579 765 2635 referenda
816 2591 1004 2648 esset;
1081 2582 1175 2637 sed
1243 2596 1308 2636 ex
1377 2582 1544 2636 libera
1602 2581 1884 2637 voluntate
1924 2598 2051 2640 sus-

481 2671 796 2740 cipientium
866 2674 1090 2727 verbum
1144 2672 1258 2737 Dei,
1314 2674 1451 2728 alios
1490 2673 1710 2732 salvari.
1760 2674 1896 2729 alios
1927 2691 2052 2745 per-

482 2761 564 2817 ire
611 2763 897 2834 contingit.
945 2764 1015 2817 At
1057 2765 1160 2820 iste
1202 2763 1764 2833 argumentationibus
1793 2765 1906 2818 suis
1937 2766 2052 2821 hate

482 2852 706 2923 insuper
755 2854 926 2919 addit,
975 2857 1139 2909 Nemo
1161 2871 1256 2924 pro
1286 2855 1509 2910 arbitrio
1540 2871 1635 2909 suo
1680 2863 1918 2908 mortuus
1949 2865 2051 2922 est,

486 2959 580 3001 aut
643 2952 952 3004 resurrexit.
1002 2949 1168 3020 ldque
1213 2951 1306 3004 ubi
1361 2950 1517 3013 dixit,
1572 2952 1705 3007 illud
1774 2953 2051 3024 Evangelii

482 3040 663 3094 statim
698 3040 927 3110 profert.
962 3041 1129 3096 Nemo
1157 3044 1295 3096 tollit
1342 3044 1576 3096 animam
1628 3061 1797 3097 meam
1842 3063 1874 3098 a
1938 3063 2052 3110 me;

2145 578 2484 645 ἀκούσωμεν,
2507 579 2588 630 ὅτι
2629 576 2681 627 '0
2705 576 2907 645 Πατὴρ
2929 576 3136 646 ἐγείρει
3169 574 3310 640 τοὺς
3340 573 3593 642 νεκροὺς
3625 572 3720 625 καί

2146 667 2422 732 ζωοποιεῖ,
2466 667 2562 720 καὶ
2596 670 2630 722 d
2667 670 2711 720 Υ
2710 668 2797 733 ἰὸς
2832 668 2939 733 οὓς
2970 668 3128 723 θέλει
3178 665 3454 728 ζωοποιεῖ,
3498 667 3597 735 οὐχ
3647 664 3722 726 ὥς

2145 770 2305 807 τινων
2342 753 2791 825 ἀποϐαλλομένων
2834 754 2927 808 τοῦ
2981 754 3242 819 ζωοποιοῦ
3290 754 3614 825 θελήματος,
3659 756 3723 806 ἐκ

2145 839 2331 893 τούτου
2376 838 2633 910 νοοῦμενο
2686 842 2800 894 ἀλλ’
2844 843 3029 913 ἐπειδὴ
3054 844 3229 897 πάντα
3262 843 3331 895 τά
3375 841 3469 896 τοῦ
3509 843 3727 911 Ila-.96;

2144 932 2237 985 τοῦ
2268 932 2397 984 Υίοῦ
2421 928 2559 985 εἶναι
2588 934 2682 987 καί
2702 932 3015 1004 ἠκούσαμεν
3039 935 3132 989 καὶ
3158 935 3508 1004 πιστεύομεν,
3538 934 3726 1004 δηλον-

2146 1023 2228 1076 ότι
2261 1024 2357 1077 καὶ¹
2400 1024 2460 1077 τὸ
2508 1024 2714 1094 θέλημα
2755 1025 2847 1077 τοῦ
2887 1026 3116 1096 Πατρὸς,
3145 1027 3220 1090 ὡς
3252 1026 3310 1079 ἓν
3340 1028 3447 1079 τῶν
3479 1026 3723 1086 πάντων,

2148 1118 2205 1169 ἐν
2233 1117 2309 1187 τῷ
2354 1117 2468 1187 Υἱῴ
2514 1118 2849 1188 καθορῶμεν,
2902 1120 2964 1173 Et
3006 1116 3099 1173 οὖν
3145 1120 3254 1190 (22)
3309 1123 3365 1173 ἐν
3405 1118 3482 1190 τῷ
3519 1117 3638 1187 Υίῴ
3663 1118 3729 1170 τὸ

2148 1213 2412 1283 πατρικόν
2442 1215 2556 1265 ἐστι
2588 1213 2799 1283 θέλημα
2822 1228 2833 1241 ⁸
2862 1214 2890 1265 6
2929 1212 2985 1264 δὲ
3021 1210 3227 1281 Πατὴρ,
3262 1209 3444 1273 καθώς
3490 1225 3659 1278 φησιν
3698 1208 3734 1258 ὁ

2162 1303 2499 1369 Ἀπόστολος,
2529 1304 2767 1370 Πάντας
2803 1302 2961 1358 θέλει
3003 1300 3287 1369 σωθῆναι,
3330 1300 3426 1353 καί
3472 1302 3561 1364 είς
3600 1297 3731 1352 ἐπιδ

2148 1404 2373 1467 γνωσιν
2412 1397 2695 1463 ἀληθείας
2732 1394 2957 1448 ἐλθεῖνο
2996 1391 3196 1463 δηλαδὴ
3244 1392 3273 1443 6
3321 1392 3496 1444 πάντα
3526 1389 3597 1443 τὰ
3627 1387 3727 1443 τοῦ

2149 1490 2362 1559 Πατρὸς
2388 1489 2744 1559 κεκτημένος,
2768 1488 2863 1541 καὶ
2895 1487 3012 1539 ὅλον
3042 1486 3177 1556 ἔχων
3201 1485 3257 1536 ἐν
3291 1482 3469 1553 ἐαυτῷ
3491 1484 3585 1537 τὸν
3611 1484 3728 1536 Πα-

2148 1581 2301 1651 τέρα,
2342 1581 2460 1634 ὅλον
2505 1580 2616 1650 ἔχει
2657 1581 2873 1642 πάντως
2919 1579 2978 1631 ἐν
3017 1575 3190 1647 ἐαυτῷ
3227 1576 3362 1647 μετά
3402 1575 3508 1629 τῶν
3549 1575 3732 1630 ἄλλων

2148 1676 2255 1727 τῶν
2284 1672 2377 1727 τοῦ
2405 1674 2616 1743 Πατρὸς
2640 1671 2876 1740 ἀγαθῶν.
2907 1671 2997 1723 καὶ
3029 1668 3089 1721 τὸ
3114 1671 3373 1739 σωτήριον
3397 1669 3634 1738 θέλημας
3662 1667 3729 1721 Εἰ

2149 1760 2243 1819 οὖν
2273 1766 2372 1819 οὐκ
2400 1765 2750 1819 ἀπολείπεται
2789 1762 2882 1815 τοῦ
2922 1761 3124 1814 τελείου
3159 1760 3475 1831 Θελήματος,
3509 1760 3733 1822 πάντως

2148 1856 2305 1926 δῆλον
2332 1857 2414 1910 ὅτι
2443 1855 2536 1919 οὒς
2566 1840 2594 1909 6
2624 1854 2811 1925 Πατὴρ
2842 1852 2984 1905 θέλει
3008 1852 3407 1922 ζωοποιηθῆναι
3438 1852 3531 1904 καὶ
3566 1852 3731 1914 αὐτὸς

2150 1947 2421 2012 ζωοποιεῖ,
2457 1948 2555 2000 οὐκ
2597 1945 2978 2015 ἐλαττούμενος
3022 1945 3079 1996 ἐν
3118 1943 3195 2013 τῷ
3231 1941 3595 2014 φιλανθρώπῳ
3638 1942 3730 1995 Oe-

2149 2044 2368 2115 λήματι,
2404 2039 2586 2101 καθώς
2620 2055 2781 2109 φησιν
2810 2040 2838 2090 6
2878 2034 3266 2106 Ἀπολινάριος,
3295 2036 3377 2088 ὅτι
3412 2034 3565 2097 τινὰς
3603 2034 3737 2103 nos-
3758 2066 3769 2073 ο

2149 2134 2343 2206 λησεν,
2366 2133 2426 2185 οὐ
2466 2131 2668 2193 πάντας
2717 2128 3113 2200 ζωοποιηθῆναι
3146 2127 3277 2198 (25).
3312 2127 3386 2180 Οὐ
3434 2126 3545 2196 γὰρ
3574 2126 3733 2196 παρά

2150 2227 2245 2295 τὴν
2273 2222 2366 2278 τοῦ
2418 2220 2676 2293 κυριακοῦ
2711 2219 3009 2289 θελήματος
3033 2219 3211 2272 αἰτίαν
3240 2219 3286 2270 οἱ
3319 2218 3415 2287 μὲν
3441 2214 3729 2281 σώζονται,

2149 2318 2195 2369 oi
2226 2316 2282 2368 δὲ
2306 2314 2655 2368 ἀπόλλυνται’
2687 2312 2719 2380 ἢ
2763 2310 2903 2364 οὕτω
2938 2311 2989 2379 γ’
3017 2309 3084 2363 ἂν
3132 2310 3210 2372 είς
3258 2310 3430 2361 ἐκεῖνο
3470 2307 3584 2375 (24)
3628 2307 3732 2359 ἐπ-

2151 2406 2289 2461 ανίοι
2338 2408 2371 2475 ἡ
2414 2405 2520 2456 τῶν
2570 2402 2952 2472 ἀπολλυμένων
3013 2400 3195 2455 αίτία’
3238 2398 3372 2453 ἀλλά
3427 2396 3580 2467 παρὰ
3625 2397 3735 2468 τὴν

2152 2498 2466 2570 προαίρεσιν
2494 2493 2603 2546 τῶν
2639 2493 2939 2564 δεχομένων
2980 2492 3070 2545 τὸν
3117 2492 3290 2559 λόγον,
3340 2489 3627 2559 συμϐαίνει
3665 2489 3735 2541 τὸ

2154 2588 2418 2654 σώζεσθαί
2469 2604 2619 2651 τινας
2670 2587 2702 2658 ἢ
2765 2584 3117 2639 ἀπόλλυσθαι.
3162 2585 3219 2636 Ὀ
3282 2582 3340 2636 δὲ
3402 2581 3734 2653 προστίθησι

2148 2686 2270 2745 ταῖς
2315 2682 2697 2742 κατασκευαῖς,
2746 2678 2826 2731 ὃτι
2874 2676 3079 2743 Οὐδείς
3133 2675 3259 2729 κατ’
3290 2674 3581 2738 ἐξουσίαν
3615 2673 3733 2726 ἀπο

2149 2772 2383 2835 ἐθανεν,
2425 2771 2462 2837 ἢ
2511 2769 2736 2836 ἀνέστη
2774 2766 2906 2838 (23).
2950 2769 3059 2820 Καὶ
3103 2765 3259 2820 τοῦτο
3306 2765 3493 2825 εἰπὼν,
3532 2764 3733 2831 ἐπάγει

2149 2864 2247 2935 τὴν
2277 2862 2370 2916 τοῦ
2408 2860 2741 2929 Εὐαγγελίου
2786 2858 2989 2929 φωνὴν,
3038 2858 3122 2918 τὸ,
3156 2856 3363 2921 Οὐδεὶς
3408 2857 3561 2923 αῖρει
3612 2854 3731 2920 τὴν

2150 2953 2362 3023 ψυχήν
2404 2970 2521 3021 μου
2554 2952 2654 3005 ἀπ’
2699 2948 2863 3018 ἐμοῦ
2897 2947 3187 3012 ἐξουσίαν
3224 2946 3337 3016 (26)
3373 2946 3491 3014 ἔχω
3540 2945 3727 3000 θεῖναι

2152 3045 2366 3113 αὐτὴν,
2411 3044 2509 3097 καὶ
2550 3042 2839 3107 ἐξουσίαν
2880 3040 2997 3109 ἔχω
3043 3039 3227 3092 πάλιν
3271 3037 3476 3093 λαϐεῖν
3511 3035 3726 3102 αὑτήν.

481 3141 790 3199 potestatem
832 3133 994 3188 habeo
1038 3133 1263 3201 ponendi
1293 3150 1435 3197 eam,
1484 3144 1533 3188 et
1557 3145 1862 3203 potestatem
1889 3137 2048 3192 habeo

2154 3136 2267 3209 (Ἥ)
2300 3136 2465 3189 Ποίαν
2518 3133 2696 3204 ψυχὴν
2722 3173 2736 3196 ,
2792 3131 3014 3201 λογικὴν
3058 3132 3091 3201 ἢ
3146 3130 3366 3198 ἄλογον;
3411 3129 3623 3199 εἴποιμι
3662 3130 3731 3182 ἂν

486 3223 676 3276 iterum
704 3223 943 3277 sumendi
985 3241 1103 3277 eam
1137 3224 1203 3278 ⁸⁸.
1240 3224 1477 3294 Ecquam
1508 3228 1768 3293 animam,
1806 3230 2047 3283 rationa-

485 3314 684 3378 lemne,
732 3330 801 3368 an
855 3314 1229 3371 irrationalem
1274 3316 1361 3371 hic
1398 3318 1698 3387 intelligere
1734 3319 2049 3387 debeamus,

483 3421 552 3459 ex
590 3406 675 3460 his
694 3406 1000 3475 quaesierim
1033 3407 1124 3477 qui
1151 3408 1387 3461 animam
1420 3411 1617 3464 mentis
1641 3420 1914 3481 expertem
1940 3412 2051 3469 Deo

486 3498 769 3567 copulant.
823 3498 880 3552 Si
931 3500 1144 3553 ratione
1191 3510 1463 3554 carentem
1508 3502 1714 3566 dicant,
1746 3505 1801 3557 in
1835 3504 2053 3561 Christo

484 3588 789 3653 iumentum
825 3589 1007 3643 dicent
1029 3605 1174 3652 esse,
1206 3605 1315 3645 non
1345 3591 1653 3658 hominem;
1685 3594 1771 3649 sin
1809 3597 2049 3651 rationa-

486 3678 617 3743 lem,
649 3679 782 3749 quid
811 3680 957 3734 aliud
987 3688 1179 3750 putant
1216 3696 1337 3735 esse
1364 3682 1627 3737 rationem
1658 3700 1818 3757 quam
1856 3688 2052 3743 mentis

490 3771 873 3840 agitationem,
931 3787 1027 3826 seu
1078 3771 1505 3840 cogitationem?
1553 3772 1689 3828 Nam
1743 3777 1881 3829 ratio
1942 3793 2052 3833 non

488 3870 574 3916 est
613 3878 713 3917 vox
744 3863 977 3918 obscura
1008 3870 1102 3916 aut
1134 3864 1537 3933 signiﬁcatione
1563 3881 1754 3932 vacua,
1790 3869 1884 3923 sed
1902 3885 2053 3925 men—

488 3954 560 4007 tis
604 3960 785 4009 motus
821 3954 1033 4008 initium
1086 3962 1171 4009 est
1222 3970 1286 4009 ac
1330 3955 1747 4011 fundamentum
1800 3960 2051 4016 rationis.

488 4041 667 4105 Quare
714 4042 807 4110 qui
856 4044 1174 4098 rationalem
1219 4044 1455 4098 animam
1488 4045 1643 4111 dicit,
1683 4062 1803 4102 eam
1837 4066 2054 4120 quoque

488 4134 837 4204 cogitationis
895 4144 1200 4205 compotem
1259 4135 1494 4203 fatetur;
1563 4139 1821 4209 cogitatio
1871 4151 2051 4197 autem

2158 3226 2294 3297 πρὸς
2329 3225 2455 3288 τοὺς
2485 3223 2582 3294 τὴν
2607 3223 2829 3292 ἀνόητον
2865 3221 3040 3291 ψυχὴν
3072 3219 3150 3290 τῷ
3185 3218 3301 3289 Θεῷ
3332 3217 3729 3289 συνορίζοντας.

2158 3317 2222 3370 Et
2250 3316 2439 3383 ἄλογόν
2470 3332 2621 3383 φασι,
2653 3314 2843 3384 κτῆνος
2889 3311 3103 3382 ἐροῦσιν
3132 3307 3270 3365 εἶναι
3310 3310 3439 3381 περὶ
3477 3310 3569 3363 τὸν
3594 3311 3731 3380 Χρι-

2161 3408 2303 3470 στὸν,
2332 3406 2425 3459 κα)⁵
2458 3406 2557 3459 οὑκ
2582 3404 2889 3475 ἄνθρωπον·
2922 3405 2969 3456 εί
2998 3401 3055 3455 δὲ
3086 3402 3322 3474 λογικὴν,
3352 3401 3403 3454 τί
3429 3401 3555 3455 ἄλλο
3582 3400 3732 3469 παρά

2159 3498 2249 3551 τὸν
2288 3497 2441 3565 λόγον
2489 3498 2588 3567 τὴν
2629 3495 2863 3549 διάνοιαν
2907 3494 3141 3560 οἷονται;
3173 3495 3244 3547 Οὐ
3274 3492 3381 3564 γὰρ
3414 3492 3564 3563 φωνὴ
3596 3492 3735 3560 ἄση-

2162 3608 2259 3661 μος
2292 3592 2320 3641 ὁ
2356 3589 2510 3657 λόγος
2542 3591 2706 3655 ἐστὶν,
2734 3589 2867 3641 ἀλλὰ
2900 3591 3167 3660 νοήματος
3198 3586 3427 3655 κίνησις,
3460 3585 3601 3655 ἀρχὴ
3638 3585 3734 3638 καὶ

2153 3682 2404 3745 ὑπόθεσις
2448 3680 2542 3734 τοῦ
2583 3682 2739 3749 λόγου
2777 3681 3002 3749 γίνεται.
3044 3677 3251 3731 Οὐκοῦν
3293 3680 3321 3731 6
3364 3676 3583 3744 λογικὴν
3630 3676 3732 3743 ψυ-

2153 3772 2253 3844 χὴν
2283 3772 2473 3839 εἰπὼν,
2507 3772 2599 3825 καὶ
2642 3770 2980 3840 διανοητικὴν
3025 3768 3403 3840 ὡμολόγησεν
3442 3767 3476 3837 ἡ
3524 3766 3581 3820 δὲ
3616 3766 3734 3819 διά-

2154 3882 2290 3930 νοια,
2318 3864 2409 3918 νοῦ
2443 3864 2650 3935 κίνησίς
2680 3865 2794 3916 ἐστι
2823 3862 2917 3915 καὶ
2960 3861 3228 3933 ἐνέργεια.
3276 3858 3403 3923 Πῶς
3444 3859 3509 3911 ἄν
3542 3861 3571 3912 6
3607 3861 3732 3922 νοῦς

2158 3955 2233 4026 μὴ
2277 3954 2465 4026 παρὼν
2496 3956 2857 4024 ὲνεργήσειεν,
2888 3954 3043 4023 εἴπερ
3077 3952 3340 4022 ἀμέτοχον
3376 3951 3471 4004 τοῦ
3500 3950 3593 4003 νοῦ
3632 3950 3733 4020 τὴν

2156 4048 2251 4101 τοῦ
2297 4049 2497 4119 Κυρίου
2525 4046 2700 4117 ψυχὴν
2741 4045 3089 4116 διορίζοιντο;
3125 4044 3287 4095 Ὥστε
3326 4044 3373 4095 εί
3416 4041 3593 4113 ψυχὴν
3616 4041 3733 4112 ἔχει

2157 4141 2186 4193 ὀ
2212 4140 2433 4211 Κύριος,
2480 4140 2545 4210 ἢν
2590 4138 2707 4193 κατ’
2749 4137 2995 4202 ἐξουσίαν
3035 4135 3129 4189 καὶ
3172 4135 3435 4204 λαμϐάνει
3469 4135 3562 4188 καὶ
3589 4135 3733 4187 ἀπο-

491 4225 689 4279 mentis
734 4233 817 4279 est
868 4234 1049 4280 motus
1104 4236 1157 4280 et
1214 4230 1480 4296 operatio.
1534 4229 1819 4295 Quomodo
1870 4242 2048 4287 autem

2155 4230 2381 4295 τίθεται,
2412 4230 2585 4300 ψυχὴν
2631 4230 2687 4283 δὲ
2729 4229 2790 4281 οὐ
2838 4227 3081 4299 κτηνώδη
3111 4231 3204 4282 καὶ
3231 4226 3439 4295 ἄλογον,
3468 4224 3604 4279 ἀλλά
3635 4224 3733 4277 τοῦ

491 4328 646 4368 mens
700 4330 822 4383 quae
854 4331 959 4369 non
989 4315 1197 4380 aderat,
1237 4320 1581 4388 operationes
1612 4335 1740 4375 suas
1771 4322 2049 4385 edidisset,

491 4405 538 4458 si
582 4404 791 4459 Domini
839 4408 1070 4462 animam
1116 4419 1298 4464 mente
1343 4409 1658 4465 destitutam
1699 4412 1872 4467 fuisse
1911 4412 2053 4466 allir-

2160 4321 2499 4391 ἀνθρωπίνου
2538 4320 2922 4391 συγκρίματος,
2952 4318 3287 4387 ὁμολογεῖται
3317 4318 3533 4380 πάντως
3561 4316 3622 4367 ἐν
3654 4309 3738 4380 τῷ

2158 4411 2500 4483 ἀνθρωπίνην
2526 4410 2943 4482 προσειληφέναι
2975 4410 3067 4463 καὶ
3103 4408 3445 4482 διανοητικὴν
3467 4403 3627 4461 εἶναι.

493 4496 755 4548 mavcrit?
789 4494 972 4566 Itaque
1017 4498 1061 4553 si
1112 4498 1377 4554 Dominus
1422 4502 1657 4555 animam
1700 4502 1860 4557 habet
1888 4516 2051 4570 quam
2087 4517 2185 4571 pro
2230 4516 2331 4557 suo
2377 4502 2607 4556 arbitrio
2649 4509 2703 4556 et
2744 4504 2912 4558 sumit
2960 4510 3016 4556 et
3060 4502 3238 4571 ponit,
3314 4517 3544 4572 eamque
3616 4517 3729 4555 non

491 4600 521 4636 e
562 4583 828 4653 pecudum
862 4601 1059 4655 genere
1092 4596 1145 4641 et
1177 4589 1570 4653 irrationalem,
1600 4589 1693 4645 sed
1723 4593 2053 4647 conditionis
2089 4593 2342 4647 humanae
2384 4592 2581 4646 fatetur
2623 4608 2777 4661 esse;
2825 4596 3139 4649 necessario
3211 4594 3565 4664 consequitur
3628 4592 3737 4647 hu-

491 4691 711 4729 manam
751 4677 988 4732 animam
1024 4694 1053 4731 a
1095 4678 1315 4735 Christo
1344 4693 1677 4752 assumptam
1709 4691 1887 4739 mente
1932 4684 2215 4754 praeditam
2264 4685 2562 4740 exstitisse.

562 4832 607 4864 "‘
634 4831 794 4887 Joan.
829 4849 881 4899 v,
916 4832 1005 4887 2i.

565 5014 675 5085 (Ἢ)
708 5014 859 5093 Licet
883 5017 935 5070 in
960 5016 1081 5071 Vat.
1116 5018 1239 5073 cod.
1270 5020 1362 5082 sit,
1396 5019 1567 5084 οὕτως
1592 5017 1741 5093 παρὰ
1769 5020 1875 5073 τῶν
1905 5022 2057 5092 εἰρη-

490 5084 674 5217 ﬁlva
729 5086 1087 5158 γινώσκομεν,
1136 5105 1245 5157 quo
1302 5102 1463 5159 paelo
1515 5084 1833 5146 vertendum
1888 5084 2054 5152 esset,

556 5174 611 5210 os
658 5159 816 5217 enim,
874 5168 1005 5217 etc.,
1058 5176 1205 5213 secus
1255 5177 1319 5213 ac
1380 5162 1704 5217 Apollinaris
1732 5162 1951 5217 censuit.
1983 5162 2054 5213 ita

556 5174 611 5210 os
658 5159 816 5223 enim,
874 5168 1005 5221 etc.,
1058 5176 1205 5213 secus
1255 5177 1319 5213 ac
1380 5162 1704 5229 Apollinaris
1732 5162 1951 5223 censuit,
1983 5162 2061 5213 ita

493 5230 799 5291 statuimus,
841 5237 896 5280 ut
930 5244 1071 5289 cum,
1107 5241 1212 5284 etc.
1250 5247 1384 5283 :nos
1424 5242 1601 5285 tamen
1662 5231 2057 5285 emendandum

492 5313 615 5355 esse
644 5299 974 5372 putavimus,
999 5297 1170 5363 οὕτως
1191 5318 1265 5372 ,πε
1276 5302 1327 5369 ρ“ι
1350 5301 1457 5353 τῶν
1479 5300 1780 5372 εἰρημένων
1804 5299 2057 5372 γινώσκοι

498 5387 618 5440 μεν,
664 5384 784 5442 cum
815 5369 917 5421 ista
957 5370 1116 5424 lectio
1149 5371 1362 5439 planior
1389 5369 1550 5442 atque
1587 5369 1937 5426 commodior
1980 5371 2059 5424 al-

496 5437 612 5496 tera
651 5437 915 5491 videatur.

565 5508 675 5576 (ἓὲ)
704 5508 783 5561 lta
817 5523 997 5573 corr.;
1027 5516 1207 5573 antea,
1237 5509 1288 5562 τί
1312 5506 1425 5567 οὖν.

565 5579 678 5710 (25)
712 5578 869 5633 Corr.
907 5578 1261 5647 ζωοποιῆσαι.

587 5647 678 5710 24)
708 5650 784 5703 Ita
816 5664 992 5710 corr.;
1025 5658 1181 5703 antea
1207 5654 1261 5702 ἐκ

587 5647 678 5714 24)
708 5650 784 5703 lta
816 5664 992 5713 corr.;
1025 5658 1181 5703 antea
1207 5653 1429 5705 ἐκεῖνον.

592 5718 681 5788 25)
709 5719 865 5788 Qorr.
894 5720 988 5770 καὶ
1022 5719 1239 5788 ἀνέστη.

593 5786 683 5857 26)
713 5786 868 5844 Corr.
889 5788 984 5842 καὶ
1017 5786 1281 5854 ἐξουσίαν.

1082 4834 1127 4866 ⁸⁸
1158 4835 1177 4889 l
1206 4834 1443 4892 Timoth.
1478 4855 1537 4904 ιι,
1564 4841 1618 4895 4.
1695 4840 1741 4872 ⁸⁸
1765 4838 1921 4895 Joan.
1952 4857 2003 4905 x,
2038 4840 2123 4895 l8.

2238 5020 2348 5089 (27)
2382 5019 2445 5074 Et
2473 5019 2574 5073 ista
2597 5016 2826 5087 Nysseni
2857 5017 3251 5089 verbausque
3273 5015 3353 5089 ad_
3375 5013 3734 5089 ﬁnem‘hujus

2166 5084 2379 5159 capitis,
2406 5084 2684 5143 nonnullis
2711 5089 2939 5159 resectis
2957 5086 3040 5141 vel
3064 5084 3733 5159 mutatis,Panopli¢e_su:e

2167 5155 2396 5215 inseruit
2423 5159 2750 5229 Euthymius
2793 5157 3101 5229 Zigabenus
3136 5160 3254 5210 loco
3280 5156 3537 5229 superius
3588 5155 3736 5208 indi.

2166 5240 2292 5283 cato
2329 5246 2451 5299 pag.
2494 5226 2618 5295 527,
2656 5244 2799 5299 vers.
2852 5226 2942 5299 Atr
2969 5228 3088 5299 istis
3130 5242 3272 5299 ergo.
3298 5226 3509 5299 ln'cod.
3545 5234 3729 5299 autern

2167 5299 2291 5353 Vat.
2327 5292 2544 5368 legitur,
2586 5292 3011 5368 ποίανψυχικὴν,
3042 5292 3284 5364 λογικὴν,
3335 5297 3367 5366 ἢ
3413 5292 3738 5368 ﬂuetus?

2165 5386 2283 5432 πως
2318 5365 2609 5441 μίᾶνᾼπρὺς
2630 5365 2782 5431 τούς,
2811 5365 2914 5441 etc.
2932 5365 3102 5441 _Corr.
3136 5365 3406 5441 postrema
3430 5370 3540 5441 haec
3562 5365 3730 5441 verba

2166 5434 2657 5494 enien'danda'esse
2689 5440 2903 5492 censuit
2932 5438 3033 5492 hoc
3063 5434 3243 5505 paeto.
3266 5438 3472 5505 εἴποιμι
3492 5436 3567 5505 κᾶν
3594 5434 3731 5505 πρὸς

2167 5508 2314 5571 τούς,
2368 5525 2528 5578 quam
2579 5510 2865 5582 lectionem
2910 5504 3155 5582 sequitur
3185 5508 3357 5582 etiam
3386 5504 3727 5582 Euthymius,

2170 5595 2232 5632 ac
2266 5573 2521 5648 pratici-ea
2546 5595 2641 5645 pro
2672 5579 2927 5647 ψυχικήν,
2952 5573 3113 5632 habet
3143 5585 3291 5648 recte
3332 5573 3731 5648 ψυχήνξ-Ιιεεὶι

2172 5642 2314 5701 enim
2347 5650 2504 5703 ποίαν
2532 5642 2709 5719 ψυχὴν
2743 5642 2925 5719 λεγετε
2957 5650 3099 5719 ἐχειν
3145 5645 3237 5699 τὸν
3274 5642 3477 5718 Κύριον
3523 5642 3732 5712 εἴποιμι

2172 5718 2237 5770 ἂν
2262 5722 2393 5789 πρὸς
2416 5720 2558 5787 τούς,
2586 5718 2692 5775 etc.
