4020 6510
250 373 390 431 “89

1414 373 1786 432 ADVERSUS
1822 370 2331 429 APOLLINAREM.

3349 371 3494 430 “00

320 493 507 548 Ταῦτα
535 493 703 548 εἰπὼν
744 494 843 549 ὅσα
885 493 1012 565 περὶ
1053 492 1148 546 τοῦ
1187 494 1385 548 κόκκου
1413 496 1545 565 φησὶ⁵
1569 494 1662 549 τοῦ
1693 496 1825 548 άπο-

1997 491 2163 546 ΧΧᾺ.
2204 491 2375 547 Porro
2411 506 2474 547 ea
2513 507 2633 563 qua:
2677 491 2745 547 de
2792 506 2963 563 grano
3012 490 3166 557 dicit,
3195 491 3341 562 quod
3372 506 3490 547 mos.

251 586 593 657 θνήσκοντος
622 586 717 640 καὶ
754 586 922 651 οὕτως
972 590 1110 659 μετὰ
1159 588 1413 641 πλειόνων
1453 588 1666 641 κόκκων
1697 586 1829 639 ἀνα-

250 678 659 742 ϐλαστάνοντος,
692 679 877 749 ἐπειδὴ
906 680 1042 749 πρὸς
1078 679 1235 750 ήμῶν
1277 680 1390 732 ἐστι
1437 679 1528 732 καὶ
1562 678 1653 733 τὸν
1690 677 1828 749 ὴμέ-

249 786 410 840 τερον
436 769 639 838 βεϐαιοῖ
666 769 843 838 λόγον,
879 769 1019 823 ἑκὼν
1064 770 1461 842 ὑπερϐήσομαι.
1504 768 1600 831 Τίς
1646 769 1755 838 γὰρ
1799 771 1830 822 6

254 865 612 936 ἀποθνήσκων
655 864 873 929 κόκκος,
921 863 1016 916 καὶ
1065 862 1144 929 τῷ
1191 862 1302 933 ίδίῳ
1344 862 1443 930 τῆς
1484 860 1829 924 ἀναστάσεως

255 959 449 1027 στάχυϊ
478 957 711 1027 σωρείαν
751 957 966 1009 κόκκων
1001 958 1058 1008 ἐν
1107 954 1284 1024 ἐαυτῷ
1329 953 1683 1025 συνεγείρων;
1716 954 1829 1006 Οὐκ

253 1045 408 1121 οἶμαί
440 1067 560 1103 τινα
587 1048 835 1102 τοσοῦτον
861 1047 968 1102 τῶν
1002 1046 1157 1100 θείων
1186 1046 1468 1115 δογμάτων
1495 1041 1633 1098 εἶναι
1658 1045 1831 1115 ἀμύη-

253 1158 367 1205 τον,
391 1141 466 1205 ὼς
504 1140 577 1211 μὴ
625 1140 751 1211 περ)¹
788 1138 879 1192 τὸν
922 1139 1206 1209 ἄνθρωπον
1247 1138 1307 1190 τὸ
1338 1137 1476 1191 κατὰ
1506 1135 1676 1199 πάθος
1708 1136 1829 1206 βλέ-

257 1250 382 1285 πειν
424 1231 535 1300 (28)
587 1230 902 1301 μυστήριον.
950 1228 1241 1294 Ἀπόδειξις
1284 1227 1341 1280 δὲ
1388 1225 1482 1279 τοῦ
1546 1224 1703 1295 λόγου
1746 1225 1828 1290 τὸ,

255 1325 351 1378 καὶ
391 1324 539 1394 ἡμᾶς
572 1319 1026 1391 συναποθνήσκειν
1074 1319 1241 1391 αὐτῷ,
1284 1319 1379 1373 καὶ
1411 1316 1827 1379 συνθάπτεσθαι,

256 1414 350 1468 καὶ
383 1411 807 1482 συνεγείρεσθαι.
854 1410 995 1481 Πρὸς
1033 1409 1141 1479 γάρ
1181 1409 1241 1462 τὸ
1280 1409 1535 1480 ὁμογενὲς
1568 1408 1720 1480 ῥᾳδία
1747 1407 1834 1476 γί-

256 1523 406 1559 νεται
432 1507 543 1567 τοῖς
583 1502 923 1573 βουλομένοις
950 1502 982 1571 ἡ
1016 1501 1243 1571 μίμησις
1263 1517 1278 1531 ·
1312 1501 1403 1554 τοῦ
1436 1501 1492 1554 δὲ
1522 1499 1829 1571 ὑπερϐεϐη-

256 1598 413 1659 κότος
446 1598 480 1665 ἡ
508 1594 763 1666 ὁμοίωσις
790 1592 1017 1662 ἄπορος’
1048 1591 1185 1645 ὥστε
1229 1592 1276 1644 εἰ
1322 1592 1417 1660 μὲν
1445 1590 1578 1660 σάρξ
1618 1593 1763 1642 ἐστιν
1794 1591 1826 1659 ἠ

259 1684 539 1736 ὑποστᾶσα
566 1681 657 1732 τὸν
686 1679 929 1743 θάνατον,
959 1679 1051 1731 καὶ
1082 1680 1229 1749 ήμᾶς
1254 1681 1379 1742 τοὺς
1411 1682 1467 1732 ἐν
1507 1679 1669 1749 σαρκὶ
1697 1678 1831 1742 ζῶν-

258 1790 376 1837 τας,
406 1769 765 1840 εὐκολώτερον
801 1770 866 1823 ἂν
903 1770 987 1836 εἴη
1031 1768 1369 1839 μιμήσασθαι
1395 1770 1471 1839 τῷ
1500 1769 1711 1839 θανάτῳ
1738 1768 1830 1822 τὸν

259 1865 508 1918 θάνατον.
538 1863 601 1917 Εί
637 1861 695 1915 δὲ
724 1860 912 1931 θεότης
945 1861 1192 1933 τέθνηκε,
1222 1861 1339 1924 πῶς
1368 1859 1825 1932 συντεθνηξόμεθα
1856 1847 1897 1901 Β

258 1956 309 2006 οἱ
341 1954 397 2006 ὲν
429 1952 611 2022 σαρκὶ,
637 1952 702 2020 τῇ
739 1949 984 2019 θεότητι;
1016 1950 1185 2020 Σαρκὶ
1215 1949 1349 2020 σὰρξ
1376 1948 1824 2019 συναποθνήσκει,

259 2046 356 2098 καὶ
388 2043 774 2112 συνεγείρεται.
800 2040 1061 2112 Θεότητος
1079 2042 1137 2095 δὲ
1161 2040 1317 2094 τοῦτο
1336 2040 1625 2111 παθούσης,
1648 2039 1828 2103 καθὼς

273 2134 640 2205 ’Λπολινάριος
693 2132 935 2203 βούλεται
958 2171 973 2195 ,
1031 2132 1193 2197 ἄλλας
1249 2132 1505 2203 θεὸτητας
1554 2132 1827 2201 ἐπιζητεῖν

261 2229 550 2300 προσήκει,
597 2228 653 2281 αἶ
707 2224 1147 2295 συντεθνήξονται
1209 2225 1302 2278 κα)¹
1344 2226 1828 2295 συναναστήσονται

258 2324 326 2392 τῇ
364 2320 594 2389 θεότητι·
641 2316 755 2384 (29)
786 2315 973 2387 ὥσπερ
1014 2315 1120 2386 γὰρ
1160 2315 1391 2385 Χριστὸς
1444 2315 1676 2368 ἀπέθανε
1736 2316 1828 2368 καὶ

260 2414 481 2483 ἀνέστη,
536 2409 706 2471 οὕτως
748 2408 843 2462 καὶ
898 2408 1079 2476 ἡμεῖς,
1125 2407 1287 2477 φησὶν
1333 2407 1361 2458 6
1398 2406 1727 2469 Ἀπόστολος.
1764 2405 1827 2458 Τί

257 2506 410 2567 ὅντες
444 2505 602 2575 ἡμεῖς
635 2500 776 2555 κατὰ
810 2500 905 2572 τὴν
938 2498 1143 2552 ἑαυτῶν
1177 2497 1368 2567 φύσιν;
1417 2497 1534 2551 θεία
1580 2497 1825 2568 δύναμις,

259 2598 295 2668 ἢ
329 2593 468 2665 αἷμα
483 2594 576 2647 καὶ
596 2592 752 2664 σὰρξ,
774 2589 953 2654 καθώς
985 2591 1197 2660 φησινή
1220 2590 1405 2660 Γραφή
1442 2588 1584 2659 (30);
1610 2587 1703 2641 Διὸ
1742 2605 1830 2640 κε-

261 2688 588 2757 κοινώνηκεν
619 2686 769 2755 ἡμῖν,
805 2682 960 2753 ἡμῶν
988 2682 1193 2744 ἕνεκεν,
1226 2680 1423 2750 σαρκὸς
1457 2680 1549 2733 καὶ
1580 2679 1825 2748 αἵματος,

260 2785 291 2836 6
312 2779 379 2834 δι’
410 2779 555 2849 ἡμᾶς
583 2774 703 2829 καθ’
732 2774 880 2843 ἡμᾶς
917 2771 1223 2840 γενόμενος.
1252 2769 1459 2822 Οὐκοῦν
1501 2769 1638 2837 ὅπερ
1670 2769 1831 2838 ἡμεῖς

262 2878 430 2945 ἐσμεν
466 2870 587 2924 κατ’
613 2866 815 2927 οὐσίαν,
850 2864 944 2917 καὶ
980 2863 1008 2915 6
1056 2862 1193 2933 ὑπὲρ
1230 2860 1384 2932 ήμῶν
1431 2858 1714 2914 ἀποθανὼν
1741 2854 1827 2929 ἦν,

262 2961 328 3021 οὗ
368 2966 650 3036 πρόκειται
681 2962 793 3021 τοῖς
835 2955 1210 3027 ὁμογενέσινή
1251 2954 1497 3024 μίμησις.
1542 2952 1831 3017 Ἀπόδειξις

261 3058 320 3112 δὲ
347 3056 450 3126 τῆς
477 3052 726 3115 ἀσεϐείας
752 3048 843 3102 τοῦ
887 3048 1041 3115 λόγου
1073 3045 1163 3099 τοῦ
1198 3045 1392 3116 θνητὴν
1425 3042 1832 3106 ἀποδεικνύντος

263 3151 360 3220 τὴν
393 3147 640 3217 θεότητα,
672 3142 800 3195 αὐτὸ
837 3141 897 3194 τὸ
951 3142 1007 3192 ὲν
1036 3141 1166 3209 ἡμῖν
1196 3138 1375 3200 αὐτοῖς
1402 3138 1830 3238 γινόμενον.ΑἘν
1857 3174 1905 3238 C

263 3240 372 3312 γὰρ
397 3237 474 3308 τῷ
497 3233 658 3305 κοινῷ
686 3234 793 3286 τῶν
825 3229 1125 3302 ἀνθρώπων
1156 3229 1366 3298 θανάτῳ
1414 3229 1467 3281 τί
1507 3229 1569 3281 τὸ
1601 3227 1835 3298 ἀποθνῆ-

266 3329 395 3384 σκόν
422 3331 557 3392 ἐστι,
592 3326 685 3379 καὶ⁹
716 3324 1102 3395 φθειρόμενον;
1131 3321 1264 3392 Οὐχὶ
1309 3320 1443 3392 σὰρξ
1491 3321 1586 3391 μὲν
1626 3322 1705 3384 είς
1736 3321 1835 3392 τὴν

263 3421 370 3491 γῆν
397 3418 705 3481 ἀναλύεται,
734 3417 763 3469 6
794 3416 850 3470 δὲ
880 3415 1002 3477 νοῦς
1035 3416 1099 3484 τῇ
1129 3412 1271 3482 ψυχῇ
1300 3411 1621 3483 παραμένει,
1650 3411 1758 3464 οὐδ’
1777 3413 1835 3464 ὲν

264 3517 333 3585 τῇ
373 3511 698 3584 μεταστάσει
729 3507 823 3560 τοῦ
871 3506 1117 3571 σώματος
1169 3505 1304 3575 πρὸς
1332 3504 1390 3556 τὸ
1436 3498 1570 3557 εἶναι
1604 3502 1829 3573 βλαπτόι

269 3619 469 3675 μενοςς
500 3601 807 3670 Τεκμήριον
837 3596 893 3649 δὲ
942 3596 1022 3649 ὅτι
1065 3594 1333 3665 μέμνηται
1374 3593 1482 3645 τῶν
1509 3593 1646 3663 ὑπὲρ
1674 3593 1776 3663 γῆς
1809 3593 1838 3646 ό

268 3691 539 3754 πλούσιος,
594 3689 687 3742 κα.)⁴
734 3687 900 3739 δεῖται
946 3683 1038 3736 τοῦ
1079 3681 1326 3751 Ἀϐραὰμ
1375 3682 1502 3752 περὶ
1544 3680 1652 3733 τῶν
1698 3682 1838 3735 κατὰ

265 3784 423 3854 γένος
452 3781 563 3851 (5|)
597 3777 951 3848 συνημμένων
988 3773 1155 3844 αὐτῷ.
1198 3774 1366 3828 Τοῦτο
1403 3772 1460 3825 δὲ
1510 3773 1610 3827 οὐκ
1653 3774 1718 3828 ἄν
1755 3791 1839 3837 τις

266 3875 450 3938 ἀνοίας
500 3874 660 3933 εἴποι,
709 3870 790 3933 τὸ,
846 3866 1032 3937 ἐπειδὴ
1076 3866 1137 3918 τὸ
1198 3865 1317 3919 καθ’
1370 3865 1558 3918 ἑαυτὸν
1602 3866 1839 3932 ἄφυκτον

268 3970 447 4038 ἔγνω,
491 3964 745 4036 πρόνοιάν
794 3978 913 4014 τινα
962 3958 1069 4012 τῶν
1126 3957 1442 4028 ἐπιτηδείων
1492 3958 1835 4029 ποιήσασθαι.

269 4061 332 4113 Ei
360 4057 537 4111 τοίνυν
570 4056 599 4107 6
624 4052 888 4125 ἡμέτερος
914 4049 1036 4113 νοῦς
1060 4048 1298 4120 διαμένει
1329 4049 1422 4101 καί
1450 4048 1585 4118 μετὰ
1615 4048 1838 4102 θάνατον

268 4148 487 4217 ἀπαθής
535 4163 595 4199 τε
645 4144 738 4199 κα)⁵
771 4142 1136 4205 ἀναλλοίωτος,
1173 4140 1290 4204 πῶς
1331 4140 1476 4204 εἰκὸς
1518 4140 1608 4193 τὸν
1650 4158 1839 4212 τριτη-

274 4241 461 4311 μόριον
507 4240 709 4292 ἐκεῖνον
744 4235 837 4288 τοῦ
882 4232 1250 4303 Ἀπολιναρίου
1294 4232 1423 4286 Θεὸν
1466 4234 1555 4286 τὸν
1590 4232 1840 4303 σαρκώδη

271 4333 499 4386 θάνατον
546 4329 829 4399 ὑπομεῖναι
872 4326 1020 4395 (5‘2);
1066 4324 1189 4387 Πῶς
1243 4324 1576 4378 ἀποθανόντα
1616 4322 1751 4394 [(55)
1804 4325 1838 4395 ἢ

270 4423 395 4475 τίνα
436 4419 634 4489 τρόπον
680 4414 966 4487 παθόντα],
1011 4415 1107 4487 τὴν
1153 4415 1245 4469 τοῦ
1293 4414 1522 4467 θανάτου
1566 4413 1837 4478 διάλυσιν;

1926 583 2115 638 riendo
2154 584 2224 637 ita
2278 582 2493 637 demum
2528 598 2652 636 cum
2694 585 2778 637 sui
2812 582 3264 651 multiplicatione
3307 582 3489 652 repul-

1926 675 2059 729 lulat
2092 676 2158 736 ⁸⁷,
2187 673 2624 744 quanquuidem
2652 690 2752 744 pro
2790 675 2947 729 nobis
2984 675 3188 728 faciunt
3217 684 3490 731 nostram-

1925 782 2031 836 que
2094 766 2310 820 ﬁrmant
2362 767 2711 829 sententiam,
2761 766 2957 821 lubens
3010 774 3291 835 praetereo.
3346 767 3484 833 Quid

1924 860 2069 914 enim
2108 866 2193 913 est
2254 859 2496 913 moriens
2548 872 2805 927 granum,
2859 866 2913 911 et
2953 872 3052 911 sua
3101 872 3207 927 qua
3249 859 3489 929 resurgit

1928 952 2078 1022 Spica
2130 965 2383 1006 acervum
2436 964 2730 1017 granorum
2770 949 2825 1001 in
2873 946 3057 1017 seipso
3118 949 3280 1003 simul
3313 949 3489 1003 susci-

1926 1042 2082 1096 tans?
2109 1040 2226 1095 Non
2265 1042 2502 1095 arbitror
2531 1041 2837 1110 quempiam
2880 1054 3051 1109 usque
3076 1040 3208 1094 adeo
3240 1040 3488 1111 ignarum

1928 1133 2235 1189 divinorum
2279 1133 2591 1203 dogmatum
2633 1147 2777 1195 esse,
2812 1141 2872 1185 ut
2914 1132 2966 1185 in
2998 1132 3335 1187 humanitate
3364 1146 3491 1202 pas-

1929 1228 2100 1283 sionis
2144 1227 2462 1297 mysterium
2508 1225 2864 1295 adimpletum
2904 1225 3077 1280 fuisse
3124 1240 3233 1278 non
3284 1224 3486 1281 videat.

1928 1318 2100 1387 Hujus
2150 1327 2328 1372 autem
2376 1318 2694 1373 assertionis
2736 1317 2937 1372 veritas
2985 1317 3111 1373 inde
3163 1317 3487 1383 ostenditur,

1928 1411 2070 1481 quod
2095 1426 2194 1465 nos
2218 1411 2642 1463 commoriamur
2660 1424 2783 1463 cum
2809 1410 2951 1479 ipso,
2987 1416 3039 1464 et
3056 1410 3491 1478 consepeliamur

1927 1512 1981 1558 et
2018 1502 2178 1557 simul
2207 1516 2571 1571 resurgamus.
2591 1499 2724 1553 Nam
2755 1516 2817 1555 ea
2848 1516 2968 1570 qu:e
3001 1500 3243 1569 ejusdem
3276 1500 3491 1568 generis

1930 1602 2078 1655 sunt,
2130 1593 2287 1648 facile
2327 1604 2411 1647 est
2447 1593 2753 1649 volentibus
2790 1594 3024 1658 imitari;
3074 1594 3142 1648 iis
3188 1608 3320 1646 vero
3369 1607 3493 1663 quas

1931 1685 2092 1755 longe
2122 1689 2558 1754 supereminent,
2597 1685 2687 1738 vix
2718 1699 2780 1739 ac
2810 1700 2878 1739 ne
2907 1686 2992 1738 vix
3023 1684 3238 1754 quidem
3269 1698 3350 1738 ea.
3368 1700 3491 1754 qua:

1931 1776 2203 1831 inferioris
2251 1784 2380 1831 sunt
2420 1787 2625 1830 natura:
2667 1775 2957 1831 assimilari
2990 1784 3235 1845 possunt.
3282 1772 3489 1839 Quam-

1929 1866 2113 1921 obrem
2157 1866 2204 1921 si
2248 1880 2378 1921 caro
2438 1873 2521 1921 est
2572 1880 2692 1935 qum
2728 1874 2955 1921 mortem
2999 1865 3279 1929 sustinuit,
3329 1864 3491 1919 nobis

1928 1958 2091 2013 etiam
2138 1957 2230 2027 qui
2274 1957 2329 2011 in
2374 1971 2541 2012 carne
2582 1958 2836 2021 vivimus,
2892 1956 3105 2012 facilius
3153 1957 3340 2026 utique
3382 1956 3490 2009 erit

1928 2056 2101 2104 morte
2150 2058 2377 2103 mortem
2414 2049 2639 2105 imitari.
2678 2047 2774 2103 Sin
2811 2064 2940 2103 vero
2983 2048 3243 2104 divinitas
3277 2056 3493 2102 mortua

1927 2150 2031 2201 est,
2088 2142 2360 2212 quomodo
2396 2142 2824 2196 commoriemur
2855 2142 3129 2196 divinitati
3171 2145 3265 2212 qui
3304 2141 3489 2196 carnci

1929 2230 2157 2286 sumus?
2188 2232 2329 2285 Caro
2366 2246 2469 2285 una
2514 2247 2634 2285 cum
2671 2248 2834 2287 carne
2863 2232 3110 2297 moritur,
3140 2239 3195 2287 et
3224 2247 3331 2286 una
3364 2246 3493 2286 cum

1928 2337 2093 2377 carne
2144 2323 2401 2393 resurgit.
2437 2323 2490 2377 Si
2543 2333 2719 2377 autem
2750 2322 3030 2387 divinitas,
3072 2331 3128 2376 ut
3161 2324 3493 2393 Apollinaris

1927 2413 2061 2476 vult,
2090 2413 2141 2466 id
2172 2428 2331 2483 passa
2358 2415 2450 2477 sit,
2474 2414 2606 2469 alias
2636 2414 3237 2484 divinitatesinquirere
3257 2422 3495 2483 oportet,

1928 2519 2051 2573 quae
2105 2520 2213 2559 una
2262 2520 2386 2559 cum
2431 2506 2716 2559 divinitate
2744 2508 3052 2559 moriantur
3080 2514 3135 2559 et
3171 2513 3492 2576 resurgant:

1930 2610 2053 2648 nam
2097 2597 2240 2651 sicut
2263 2596 2516 2651 Christus
2559 2606 2807 2651 mortuus
2842 2606 2920 2652 est
2959 2605 3013 2651 et
3057 2598 3376 2659 resurrexit,
3410 2597 3495 2654 sic

1930 2693 1983 2739 et
2029 2700 2151 2750 nos,
2197 2686 2377 2755 inquit
2417 2687 2712 2756 Apostolus
2760 2688 2825 2742 ⁸⁸.
2871 2685 3010 2753 Quid
3051 2702 3153 2741 nos
3188 2687 3491 2742 secundum

1930 2782 2180 2828 naturam
2238 2784 2479 2831 nostram
2530 2779 2763 2832 sumus?
2811 2778 3075 2831 Divinane
3115 2778 3377 2847 potentia,
3422 2793 3493 2833 an

1932 2866 2153 2935 sanguis
2185 2875 2238 2921 et
2265 2882 2413 2930 caro,
2463 2878 2520 2921 ut
2564 2866 2845 2938 Scriptura
2898 2868 3069 2923 dicit?
3130 2869 3493 2934 Quamobrem

1931 2960 2350 3012 communicavit
2371 2958 2549 3023 nobis,
2581 2960 2752 3013 nostri
2780 2975 2967 3022 causa,
2996 2975 3162 3014 carne
3190 2968 3244 3014 et
3275 2960 3499 3030 sangui-

1932 3063 2025 3110 ne,
2080 3050 2171 3118 qui
2198 3059 2416 3120 propter
2443 3066 2543 3106 nos
2588 3052 2782 3107 similis
2812 3052 2971 3129 nobis
3001 3053 3178 3107 factus
3210 3062 3312 3106 est.
3341 3051 3498 3119 Quod

1932 3157 2061 3212 ergo
2090 3159 2191 3198 nos
2220 3159 2410 3198 sumus
2434 3143 2737 3198 secundum
2764 3144 3080 3208 essentiam,
3106 3145 3157 3199 id
3188 3147 3352 3201 etiam
3381 3156 3500 3201 erat

1939 3236 1984 3289 is
2014 3236 2103 3305 qui
2146 3251 2242 3304 pro
2281 3236 2439 3290 nobis
2476 3244 2724 3290 mortuus
2752 3243 2854 3300 est,
2884 3237 3041 3304 cujus
3073 3237 3303 3291 imitatio
3341 3239 3500 3294 nobis

1936 3326 2027 3395 qni
2081 3326 2325 3395 ejusdem
2371 3341 2435 3380 ac
2488 3326 2606 3396 ipse
2649 3327 2862 3396 generis
2898 3342 3108 3390 sumus,
3158 3330 3495 3399 proponitur,

1937 3415 2107 3470 Porro
2150 3417 2483 3487 impietatem
2539 3418 2818 3486 opinionis
2872 3433 2993 3487 qua:
3045 3419 3329 3475 mortalem
3379 3435 3503 3476 esse

1939 3506 2279 3563 divinitatem
2311 3510 2527 3575 asserit,
2556 3509 2609 3562 id
2636 3509 2781 3578 quod
2809 3510 2967 3564 nobis
2997 3509 3131 3579 ipsis
3161 3526 3261 3565 usu
3299 3512 3501 3576 evenit,

1940 3603 2086 3656 clare
2138 3601 2495 3656 demonstrat.
2547 3599 2687 3667 Quid
2734 3601 2880 3656 enim
2936 3609 3020 3657 est
3068 3601 3198 3656 illud
3251 3604 3397 3672 quod
3448 3604 3504 3658 in

1941 3694 2220 3747 communi
2270 3692 2551 3747 hominum
2602 3701 2776 3746 morte
2820 3691 3020 3746 occidit
3059 3702 3223 3762 atque
3260 3708 3501 3749 corrum-

1942 3786 2129 3855 pitur?
2181 3785 2372 3840 Nonne
2433 3801 2564 3839 caro
2597 3786 2814 3855 quidem
2863 3788 2916 3840 in
2946 3798 3143 3840 terram
3176 3789 3505 3855 resolvitur;

1942 3890 2096 3929 mens
2133 3882 2313 3928 autem
2347 3890 2470 3928 cum
2506 3875 2689 3928 anima
2733 3883 3032 3945 permanet,
3070 3891 3247 3944 neque
3290 3877 3343 3929 in
3374 3891 3504 3931 cor-

1942 3966 2091 4033 poris
2122 3964 2506 4027 dissolutione,
2536 3969 2796 4033 quantum
2822 3964 2886 4017 ad
2919 3965 3213 4019 essentiam
3248 3966 3504 4034 pertinet,

1943 4054 2201 4115 laeditur?
2242 4053 2382 4109 Huic
2420 4063 2601 4110 autem
2649 4055 2728 4109 rei
2772 4062 3089 4123 argumento
3129 4064 3212 4110 est
3241 4055 3385 4125 quod
3412 4069 3506 4109 eo-

1941 4163 2061 4201 rum
2091 4146 2185 4218 qui
2212 4146 2391 4201 adhuc
2420 4147 2476 4201 in
2507 4147 2668 4202 terris
2694 4148 2983 4202 exstabant
3012 4147 3165 4202 dives
3193 4148 3282 4201 ille
3316 4147 3506 4201 memi-

1942 4240 2043 4301 nit,
2074 4247 2440 4309 precaturque
2469 4238 2742 4292 Abraham
2786 4253 2884 4306 pro
2914 4237 2999 4292 his
3030 4239 3123 4307 qui
3170 4237 3274 4293 sibi
3307 4253 3505 4309 genere

1943 4330 2220 4399 conjuncti
2261 4338 2439 4385 erant.
2480 4328 2731 4384 Profecto
2770 4329 3020 4384 amentia":
3050 4344 3209 4383 nemo
3237 4330 3508 4399 ascripse-

1944 4423 2017 4475 rit
2062 4421 2205 4491 quod
2260 4421 2497 4491 aliquam
2530 4420 2960 4491 propinquorum
2990 4429 3043 4475 et
3066 4421 3507 4476 necessariorum

272 4512 463 4566 Οὐδενὶ
489 4510 598 4580 γάρ
632 4507 740 4561 τῶν
786 4507 1001 4561 πάντων
1043 4505 1105 4558 τὸ
1146 4505 1381 4558 τοιοῦτον
1429 4505 1719 4572 ἄγνωστον,
1760 4505 1835 4557 ὅτι

1946 4526 2134 4567 curam
2176 4521 2344 4582 gerat,
2392 4521 2675 4581 postquam
2704 4512 2771 4567 de
2802 4511 2969 4568 rebus
3013 4512 3129 4568 suis
3177 4520 3359 4566 actum
3387 4526 3511 4569 esse

271 4602 499 4665 θάνατός
550 4603 664 4654 ἐστι
717 4598 892 4671 ψυχῆς
949 4598 1042 4651 καὶ
1081 4596 1329 4668 σώματος
1371 4600 1404 4667 ή
1462 4599 1556 4651 ἀπ’
1602 4597 1840 4669 ἀλλήλων

270 4693 561 4759 διάζευξις,
588 4692 725 4763 αὐτὴ
762 4690 818 4744 δὲ
860 4692 893 4761 ὴ
927 4689 1093 4760 ψυχὴ,
1125 4690 1219 4742 καὶ
1263 4691 1295 4758 ή
1339 4690 1545 4744 διάνοια
1588 4691 1705 4755 πῶς
1748 4692 1840 4761 ἀφ’

273 4785 474 4855 ἑαυτῆς
506 4782 804 4853 μερίζεται,
840 4782 925 4833 ἵνα
957 4781 1050 4833 καὶ
1081 4778 1217 4848 αὑτὴ
1243 4779 1353 4847 (54)
1386 4779 1475 4833 τὸν
1507 4780 1730 4833 θάνατον
1758 4782 1844 4834 δέ-

275 4877 472 4947 ξηται;
512 4874 576 4926 Εἰ
600 4869 693 4927 οὗν
724 4872 1070 4935 ἁνεπίδεκτος
1104 4871 1138 4941 ή
1165 4870 1406 4941 ἡμετέρα
1446 4870 1591 4942 ψυχὴ
1628 4872 1720 4925 τοῦ
1751 4872 1845 4926 θα-

274 4968 459 5027 νάτου,
482 4964 597 5027 πῶς
621 4963 832 5034 δέχεται
855 4962 1101 5025 θάνατον,
1135 4959 1443 5015 εἰπάτωσαν
1466 4962 1515 5014 οἱ
1544 4964 1623 5025 εἰς
1654 4965 1846 5034 μοῖραν

272 5060 364 5112 τὸν
388 5058 615 5129 Χριστὸν
639 5055 1076 5129 κερματίζοντες.

1946 4605 2220 4675 cognovit.
2267 4603 2322 4657 Si
2373 4605 2533 4674 igitur
2575 4618 2730 4659 mens
2778 4612 2961 4659 nostra
3018 4604 3157 4658 citra
3214 4603 3507 4658 detrimen-

1951 4707 2066 4750 tum
2091 4698 2281 4760 ullum,
2314 4704 2407 4749 aut
2454 4695 2833 4762 mutationem,
2865 4703 2990 4766 post
3032 4703 3262 4750 mortem
3293 4708 3511 4763 quoque

1949 4794 2245 4858 permanet,
2295 4787 2567 4855 quomodo
2593 4797 3019 4842 consentaneum
3062 4794 3146 4841 est
3177 4783 3508 4854 tripartitum

1947 4877 2101 4931 illum
2135 4875 2465 4947 Apollinaris
2495 4876 2663 4932 Deum
2699 4878 2891 4932 carnis
2916 4884 3140 4930 mortem
3181 4871 3510 4944 oppetiisse?

1946 4969 2194 5035 Quonam
2236 4979 2397 5041 pacto
2442 4978 2692 5025 mortuus
2734 4976 2841 5032 est,
2892 4968 2977 5023 vel
3017 4982 3079 5022 ex
3118 4973 3293 5021 morte
3323 4965 3508 5020 disso-

1950 5060 2209 5114 lutionem
2240 5070 2326 5117 est
2353 5063 2587 5131 passus?
2616 5060 2893 5116 Neminem
2920 5059 3063 5113 enim
3100 5073 3326 5127 prorsus
3350 5057 3507 5116 latet,

273 5161 505 5207 mortem
560 5164 683 5204 esse
735 5156 977 5201 mutuam
1018 5147 1214 5201 animae
1270 5154 1323 5202 et
1391 5147 1638 5217 corporis
1704 5149 2136 5218 separationem;
2187 5153 2303 5223 ipsa
2358 5162 2539 5208 autem
2586 5153 2768 5207 anima
2812 5158 2866 5207 et
2914 5166 3087 5215 mens,
3152 5150 3427 5222 quomodo
3477 5167 3509 5205 a

345 5310 389 5341 ⁸⁷
419 5307 577 5363 Joan.
604 5304 809 5372 311,24.
868 5304 931 5349 ν⁸⁸
965 5300 1135 5359 lCor.
1174 5318 1271 5367 xv;
1315 5300 1337 5355 ῐ
1369 5300 1563 5356 Thess.
1600 5317 1675 5364 Iv,
1703 5301 1785 5358 Η.
1846 5324 1849 5329 λ

349 5465 632 5532 (28)Corr.
658 5465 719 5517 τὸ
759 5464 897 5517 κατὰ
917 5463 976 5515 τὸ
1008 5462 1177 5526 πάθος
1224 5460 1458 5531 βλέπειν,
1502 5469 1660 5513 antea
1704 5466 1843 5521 erat,

272 5538 336 5594 τὸ
369 5537 508 5588 κατὰ
560 5536 727 5599 πάθος
757 5534 959 5601 βλέπει.

350 5607 463 5672 (9.9)
485 5604 547 5658 Et
580 5608 724 5659 hunc
758 5599 953 5657 locum
990 5616 1164 5671 usque
1188 5600 1252 5653 ad
1290 5601 1447 5672 (ignem
1500 5599 1666 5664 huius
1699 5599 1849 5664 capi-

275 5680 372 5742 tis,
418 5671 742 5742 quibusdam
794 5683 974 5728 tamen
1021 5674 1266 5734 resectis,
1320 5671 1639 5739 Euthymius
1692 5672 1854 5721 rcl‘mt

278 5762 401 5820 pag:
434 5746 554 5820 δερ,
589 5747 639 5797 ill
666 5749 788 5820 line.
1317 5810 1329 5820 _
1396 5811 1406 5820 ,
1648 5807 1682 5820 .,

352 5807 466 5881 i230)
503 5814 684 5870 Secuti
728 5830 918 5870 sumus
950 5828 1092 5869 corr.
1140 5810 1597 5878 emendationem,
1647 5807 1845 5878 Euthy-

1953 5460 2064 5530 mio
2088 5472 2304 5530 quoque
2336 5457 2615 5530 probatam
2638 5473 2661 5530 ;_
2684 5471 2807 5509 nam
2839 5458 2891 5511 in
2922 5463 3070 5510 textu
3102 5465 3186 5511 est
3204 5458 3507 5530 ἐπιγραφή.

2025 5529 2137 5598 (51)
2163 5529 2318 5582 Corr.
2349 5527 2487 5598 κατὰ
2514 5528 2573 5578 τὸ
2602 5527 2777 5598 γένος.

2024 5597 2139 5669 (59.)
2173 5598 2330 5669 ςξοιῇῐ.
2366 5597 2783 5669 θάνατον-αὐτὸν
2817 5598 3122 5665 ὑπομεῖναι.

2027 5664 2135 5739 (53)
2172 5664 2561 5739 verbanncinis
2600 5665 2802 5739 inclusa
2835 5664 2974 5720 corr.
3000 5667 3267 5736 suppevit,
3306 5685 3321 5698 ·

2026 5739 2135 5809 (54)
2164 5738 2318 5793 Corr.
2352 5739 2445 5788 καὶ
2479 5740 2534 5786 ει
2565 5738 2720 5803 αὐτῇ.
