4020 6492
18 4196 21 4315 l

18 4370 22 4535 ί

18 4628 22 4762 l

536 352 574 406 ι1
594 351 683 406 UH
1792 347 1851 402 S.
1891 345 2123 403 GREGO

2198 345 2526 437 INYSSEEI
3644 346 3779 402 “9?.

547 464 837 534 semetipsa
887 462 1241 532 disiungitur,
1300 469 1356 513 ut
1401 470 1456 515 et
1507 461 1623 531 ipsa
1674 469 1904 515 mortem
1971 459 2275 528 suscipiat?
2348 459 2405 513 Si
2460 460 2625 530 igitur
2694 460 2874 515 anima
2938 468 3127 518 nostra
3178 460 3370 515 mortis
3418 474 3590 530 capax
3673 476 3779 515 nou

544 568 654 622 est,
701 554 975 626 quomodo
1022 562 1255 608 mortem
1306 551 1550 622 recipere
1598 552 1792 621 possit,
1848 551 2035 606 dicant
2069 549 2149 603 illi
2186 549 2278 619 qui
2333 549 2609 605 Christum
2648 551 2703 606 in
2740 552 2923 621 plures
2976 551 3254 607 dissecant
3308 557 3512 620 partes.

618 647 809 704 XXXI.
845 646 945 701 Sed
988 645 1289 709 turbantur,
1324 644 1519 713 inquit,
1579 643 1870 712 inﬁdelium
1902 650 2109 712 pertur—
2137 647 2186 701 Α

2283 640 2395 708 (55;
2442 642 2615 696 Ἀλλὰ
2660 642 3079 711 ταράσσονται,
3131 642 3279 711 φησὶ,
3328 641 3442 709 τὴν
3494 638 3614 693 τῶν
3651 640 3791 693 ἀπί-

547 740 775 792 batione.
815 739 1090 791 Adversus
1119 752 1219 790 nos
1250 734 1596 788 contumeliis
1642 734 1834 795 utitur,
1862 733 2110 789 turbatos

2207 747 2368 786 στων
2397 732 2683 801 ταραχήν.
2720 734 2854 787 Καθ’
2877 732 3032 803 ἡμῶν
3070 733 3267 803 χρῆται
3294 735 3361 803 τῇ
3398 732 3657 802 λοιδορίᾳ,
3686 749 3782 784 τα-

545 832 790 887 inﬁdeles
826 846 929 886 nos
959 843 1161 883 vocans
1190 829 1281 897 qui
1318 828 1624 897 evangelica
1656 826 1745 879 illa
1780 825 1939 878 verba
1971 824 2109 879 citra

2211 823 2573 893 ρασσομένους
2616 827 2711 879 καὶ
2749 825 3009 887 ἀπίστους
3050 823 3337 877 ἀποκαλῶν
3368 824 3494 887 τοὺς
3525 826 3591 895 τῇ
3618 823 3783 891 εὐαγ-

545 938 775 978 examen
820 921 1146 990 accipimus,
1182 918 1240 973 Si
1267 918 1513 987 possibile
1540 927 1637 980 est,
1690 923 1924 970 transeat
1969 932 2002 968 a
2028 931 2110 969 me

2205 918 2394 989 γελικῇ
2424 922 2574 989 φωνῇ
2622 906 2991 983 ἀνεξετάστως
3018 918 3403 990 προσέχοντας,
3430 919 3464 988 ἦ
3495 933 3683 984 φησιν,
3716 920 3784 972 ΕΙ

543 1016 687 1069 calix
717 1016 815 1068 iste
843 1030 861 1077 ;
890 1023 1246 1068 verumtamen
1282 1028 1384 1064 non
1408 1027 1544 1076 mea,
1580 1010 1669 1063 sed
1730 1018 1820 1062 tua
1867 1008 2107 1062 voluntas

2206 1008 2482 1069 δυνατὸν.
2512 1012 2848 1078 παρελθέτω
2878 1011 2941 1064 τὸ
2969 1012 3252 1079 ποτήριον
3274 1009 3448 1063 τοῦτο
3472 1009 3575 1061 ἀπ’
3602 1007 3774 1075 ἐμοῦ·

544 1108 642 1174 fiat
675 1105 742 1156 ⁸⁸.
778 1102 872 1157 His
900 1113 1081 1157 autem
1123 1116 1221 1155 sua
1246 1101 1466 1171 pmpria
1500 1098 1747 1169 adiungit
1774 1099 1959 1163 verba,
1987 1113 2109 1168 qua:

2204 1100 2373 1170 πλὴν
2413 1101 2499 1171 μὴ
2546 1102 2610 1155 τὸ
2660 1102 2833 1170 ἐμὸν,
2888 1102 3047 1157 ἀλλὰ
3100 1102 3165 1156 τὸ
3218 1100 3337 1154 σὸν
3375 1099 3641 1169 γενέσθω
3690 1092 3786 1154 6ιέ-

542 1196 619 1249 ita
653 1210 711 1250 se
740 1194 943 1248 habent
972 1211 984 1246 :
1024 1191 1087 1245 Et
1119 1208 1219 1245 non
1252 1191 1614 1256 retardantur,
1663 1190 1758 1252 ait,
1788 1191 2108 1245 voluntatem

2203 1198 2383 1264 λημα.
2415 1194 2634 1259 Τούτοις
2664 1193 2722 1247 δὲ
2749 1192 3067 1264 προστίθησι
3088 1194 3187 1263 τὴν
3217 1192 3352 1245 ίδίαν
3381 1191 3525 1259 λέξιν
3554 1190 3786 1260 ἔχουσαν

546 1288 679 1340 hanc
704 1303 825 1346 non.
854 1286 987 1339 sicut
1013 1284 1113 1352 ipsi
1139 1292 1347 1351 putant,
1372 1282 1561 1337 terreni
1584 1282 1808 1336 hominis
1836 1283 2106 1352 propriam

2204 1286 2376 1351 οὓτως
2393 1304 2406 1318 ·
2428 1288 2534 1341 Καὶ
2556 1288 2627 1341 οὐ
2642 1286 3108 1355 μνημονεύουσι,
3143 1283 3328 1354 φησιν,
3349 1282 3439 1336 ὅτι
3462 1282 3532 1336 τὸ
3554 1285 3786 1351 θέλημα

542 1378 742 1431 dictam
763 1377 950 1447 fuisse,
989 1375 1078 1430 sed
1111 1375 1229 1439 Dei,
1255 1376 1345 1446 qui
1369 1375 1434 1430 de
1458 1374 1585 1428 caelo
1613 1373 1899 1429 descendit.
1943 1374 2106 1440 Quis-

2204 1379 2378 1433 τοῦτο
2415 1379 2569 1433 ἴδιον
2606 1378 2835 1447 εἴρηται
2878 1377 2990 1431 οὐκ
3032 1376 3343 1443 ἀνθράυτου
3382 1375 3489 1429 τοῦ
3528 1374 3599 1429 ὲκ
3648 1372 3782 1443 γῆς.

539 1486 665 1529 nam
695 1470 799 1524 tale
826 1477 1195 1524 commentum
1228 1482 1465 1538 unquam
1489 1465 1882 1537 protulit?Non
1911 1466 2105 1524 horum

2204 1470 2398 1537 καθὼς
2450 1471 2617 1525 αὐτοὶ
2672 1468 3030 1539 νομίζουσιν,
3082 1468 3243 1524 ἀλλὰ
3301 1467 3407 1523 τοῦ
3466 1467 3617 1523 Θεοῦ
3672 1466 3784 1522 τοῦ

541 1563 775 1632 aliquem
803 1561 928 1614 dico
969 1559 1061 1629 qui
1122 1560 1192 1613 ob
1223 1559 1470 1614 hazresim
1504 1558 1744 1613 damnati
1784 1558 1957 1621 fuere,
2008 1558 2105 1615 sed

2204 1561 2569 1628 καταϐάντος
2596 1561 2665 1625 ἐξ
2690 1561 2969 1629 οὐρανοῦ.
3002 1560 3067 1614 Τί
3098 1560 3165 1616 ἂν
3194 1560 3403 1631 ἐξεύροι
3428 1578 3514 1624 τις
3540 1558 3784 1614 τοιοῦτον

541 1670 643 1710 nec
671 1655 845 1724 ipsum
882 1650 1141 1705 falsitatis
1164 1659 1326 1722 atque
1370 1650 1636 1705 mendacii
1669 1657 1876 1719 patrem
1900 1650 2105 1721 aliquid

2203 1656 2376 1708 εἰπεῖν
2402 1670 2416 1717 ;
2445 1654 2519 1707 Οὐ
2555 1653 2697 1723 λέγω
2738 1653 2942 1707 τούτων
2976 1653 3098 1707 τινὰ
3135 1654 3242 1706 τῶν
3279 1653 3371 1707 ἐπὶ
3407 1653 3619 1723 αἱρέσει
3647 1670 3784 1707 κατ-

539 1746 857 1800 atlinvcnire
903 1759 1064 1813 posse
1109 1743 1367 1806 arbitror,
1426 1740 1570 1811 quod
1631 1742 1954 1797 atrociorem
1994 1741 2103 1808 his,

2203 1744 2557 1815 εγνωσμένων
2577 1762 2590 1776 ο
2627 1744 2742 1799 ἀλλ’
2771 1745 2879 1799 οὐδ’
2908 1745 3069 1800 αὐτὸν
3113 1741 3266 1817 οἶμαι
3309 1746 3399 1799 τὸν
3428 1745 3686 1809 ἀσεϐείας
3721 1762 3782 1798 τε

539 1855 659 1909 ηοω
688 1837 1019 1908 Apollinaris
1052 1835 1274 1905 protulit
1313 1833 1704 1903 blasphemiam
1732 1849 1843 1904 prae
1865 1849 1924 1889 se
1943 1833 2101 1890 ferat.

2204 1839 2299 1892 καὶ
2323 1838 2415 1891 τοῦ
2447 1838 2675 1908 ψεύδους
2701 1838 2914 1910 πατέρα
2938 1838 3117 1909 εὑρεῖν
3146 1855 3199 1892 τι
3234 1838 3340 1891 τῶν
3368 1836 3675 1909 εἰρημένων
3701 1836 3785 1898 είς

541 1933 796 1991 Putasne.
824 1944 944 1998 quae
993 1928 1235 1998 loquitur
1275 1936 1527 1982 nostrum
1572 1942 1635 1981 ea
1673 1927 1993 1997 scriptorem
2023 1928 2105 1981 in-

2208 1929 2554 2000 βλασφημίαν
2597 1929 2911 2001 δεινότερον.
2940 1925 3087 2000 Ἀρα
3118 1925 3254 1983 οἶδεν
3295 1931 3324 1983 ὁ
3362 1928 3699 1999 λογογράφος
3746 1927 3784 1982 ἃ

539 2023 783 2094 telligere
800 2022 823 2076 ἲ
842 2021 1002 2083 Deus.
1032 2022 1123 2088 qui
1163 2036 1193 2074 e
1215 2021 1355 2075 cmlo
1386 2018 1685 2080 descendit,
1706 2020 1981 2089 propriam
2017 2018 2100 2073 di-

2207 2021 2499 2089 φθέγγεται
2522 2037 2535 2085 ;
2569 2020 2627 2073 '0
2651 2020 2783 2085 Θεὸς
2807 2019 2865 2086 ἐξ
2891 2019 3117 2090 οὐρανοῦ
3148 2018 3389 2083 καταϐάς
3418 2019 3480 2072 τὸ
3524 2018 3656 2072 [διον
3681 2017 3784 2083 τῆς

537 2116 787 2171 vinitatis
830 2114 1165 2167 voluntatem
1225 2110 1649 2175 circumscribit,
1706 2118 1761 2165 et
1825 2125 1937 2165 non
1987 2111 2103 2164 vult

2207 2113 2457 2184 θεότητος
2491 2113 2699 2186 θέλημα
2729 2114 3178 2188 παραγράφεται,
3208 2114 3299 2167 καὶ
3327 2115 3387 2166 οὐ
3426 2112 3673 2182 βούλεται
3701 2114 3783 2173 εἰς

537 2206 696 2269 edici,
727 2206 872 2276 quod
919 2205 1009 2257 illa
1061 2204 1192 2257 vult.
1222 2201 1361 2273 Ergo
1413 2201 1642 2257 diversa:
1684 2209 1811 2255 sunt
1845 2200 2023 2256 Patris
2048 2208 2104 2255 et

2206 2205 2365 2275 ἔργον
2400 2205 2593 2269 ἐλθεῖν,
2623 2208 2759 2278 ὅπερ
2786 2205 3051 2276 βούλεται.
3082 2204 3290 2260 Οὐκοῦν
3333 2205 3659 2275 μεμέρισται
3683 2203 3780 2256 τοῦ

536 2296 661 2353 Filii
692 2298 1025 2351 voluntates.
1052 2293 1337 2361 Quomodo
1386 2307 1517 2363 ergo
1564 2292 1667 2347 erit
1704 2292 2012 2348 communis
2044 2293 2102 2348 in

2206 2296 2337 2351 Υίοῦ
2380 2297 2589 2352 καὶτοῦ
2619 2300 2831 2371 Πατρδς
2869 2300 2938 2353 τὰ
2968 2299 3263 2370 θελήματα.
3292 2299 3398 2352 Καὶ
3438 2298 3555 2361 πῶς
3594 2296 3663 2351 ἂν
3695 2297 3781 2366 εἴη

536 2401 771 2459 utroque
824 2387 1119 2441 voluntas?
1155 2384 1275 2451 Quo
1338 2393 1496 2456 pacto
1529 2384 1775 2441 eamdem
1835 2398 1958 2440 esse
2002 2398 2104 2443 na-

2207 2390 2381 2445 κοινὸν
2408 2391 2493 2443 ἐπ’
2519 2392 2841 2462 ἀμφοτέρων
2887 2392 2948 2445 τὸ
2986 2391 3229 2460 θέλημα;
3263 2389 3387 2454 Πῶς
3422 2388 3467 2441 δ’
3509 2388 3578 2442 ἂν
3614 2390 3649 2459 ἡ
3684 2388 3784 2457 τῆς

544 2491 725 2538 turam
789 2496 855 2536 ex
929 2480 1269 2532 voluntatum
1351 2476 1669 2531 diversitate
1732 2474 2101 2530 demonstrari

2207 2482 2420 2552 φύσεως
2460 2484 2720 2555 ταυτότης
2766 2486 2832 2556 τῇ
2870 2484 3100 2556 διαφορᾷ
3144 2484 3251 2538 τῶν
3301 2483 3620 2554 θελημάτων
3677 2484 3782 2553 ἑμ-

537 2574 778 2646 poterit?
832 2570 1066 2625 Necesse
1137 2569 1280 2624 enim
1348 2583 1575 2637 prorsus
1636 2576 1721 2623 est
1766 2567 2100 2621 voluntatem

2205 2575 2477 2644 φαίνοιτο;
2540 2576 2775 2647 Ἀνάγκη
2828 2575 2937 2648 γὰρ
2996 2578 3146 2631 πᾶσα
3191 2575 3479 2647 σύνδρομον
3529 2572 3670 2630 εἶναι
3713 2580 3780 2647 τῇ

538 2680 848 2736 congruere
906 2671 1154 2723 naturas,
1210 2661 1354 2716 sicut
1405 2660 1605 2714 alicubi
1674 2658 1935 2714 Dominus
2000 2660 2100 2726 ait,

2207 2665 2366 2736 φύσει
2387 2667 2487 2737 τὴν
2519 2666 2787 2738 βούλησιν,
2828 2666 3009 2729 καθώς
3044 2668 3175 2738 φησί
3219 2685 3321 2720 που
3366 2669 3396 2720 ὁ
3436 2667 3663 2739 Κύριος,
3698 2671 3781 2721 Οὐ

539 2757 660 2813 Non
725 2766 894 2826 potest
951 2755 1110 2808 arbor
1143 2754 1277 2807 bona
1330 2753 1499 2807 malos
1531 2753 1756 2821 fructus,
1793 2768 1953 2822 neque
2006 2769 2101 2805 ar-

2205 2761 2453 2814 δύναται
2473 2758 2723 2828 δένδρον
2742 2759 2932 2813 καλὸν
2952 2760 3217 2827 καρποὺς
3238 2760 3538 2827 πονηροὺς
3562 2758 3773 2822 ποιεῖν,

533 2852 631 2905 bor
676 2849 820 2903 mala
871 2847 1030 2901 bonos
1080 2846 1283 2914 fructus
1340 2845 1511 2913 facere
1534 2844 1602 2898 ".
1658 2842 1874 2896 Natura:
1917 2853 2099 2898 autem

2206 2853 2348 2908 οὐδὲ
2378 2852 2629 2920 δένδρον
2673 2853 2909 2921 σαπρὸν
2954 2852 3215 2919 καρποὺς
3252 2851 3509 2921 ἀγαθοὺς
3549 2851 3771 2905 ποιεῖν·

534 2939 748 2994 fructus
768 2945 853 2991 est
894 2935 1193 2991 voluntatis
1219 2933 1576 3004 propositum,
1602 2933 1677 2985 ita
1710 2941 1769 2985 ut
1800 2932 1953 2986 bona:
1974 2934 2100 3002 qui-

2206 2947 2416 3019 καρπδς
2437 2946 2482 2999 δ’
2516 2945 2581 2999 ἂν
2613 2945 2696 3015 εἴη
2725 2944 2936 3014 φύσεως
2963 2945 2994 3014 ἡ
3031 2944 3361 3015 προαίρεσις,
3388 2942 3527 2996 ὥστε
3566 2944 3778 3013 ἀγαθῆς

531 3033 654 3086 dem
713 3030 936 3092 bonum,
995 3027 1149 3080 malae
1199 3040 1328 3079 vero
1392 3025 1466 3080 sit
1526 3023 1751 3079 malum.
1807 3022 1863 3078 Si
1919 3024 2102 3093 itaque

2209 3039 2308 3110 μὲν
2349 3036 2557 3106 ἀγαθὴν
2601 3035 2709 3105 (⁸56)
2747 3031 2906 3099 εἶναι,
2956 3035 3129 3104 κακῆς
3175 3034 3232 3086 δὲ
3276 3034 3544 3104 τοιαύτην.
3582 3036 3646 3089 Et
3685 3031 3779 3089 ὤν

529 3124 780 3178 diversus
824 3120 881 3174 in
914 3119 1071 3173 Patre
1118 3126 1172 3173 et
1226 3115 1368 3171 Filio
1405 3114 1700 3171 voluntatis
1740 3124 1824 3170 est
1866 3113 2099 3180 fructus,

2205 3132 2461 3202 διάφορος
2503 3129 2596 3183 ἐπὶ
2641 3129 2852 3199 Πατρὸς
2895 3127 3007 3196 (57)
3036 3127 3131 3180 καὶ
3170 3125 3306 3179 Υίοῦ
3351 3127 3380 3180 ὁ
3433 3127 3645 3198 καρπὸς
3684 3128 3779 3181 τοῦ

532 3212 848 3271 necessario
871 3210 1142 3265 diversam
1178 3224 1303 3265 esse
1362 3207 1649 3277 utriusque
1690 3214 1940 3261 naturam
1970 3224 2103 3263 con-

2207 3225 2523 3296 θελήματος,
2557 3222 2806 3291 διάφορον
2847 3219 2906 3284 ἐξ
2948 3219 3197 3290 ἀνάγκης·
3218 3213 3355 3273 εἶναι
3394 3221 3487 3273 καὶ
3516 3220 3616 3291 τὴν
3650 3222 3781 3273 ἐχα-

537 3311 784 3365 litentur.
817 3306 927 3362 Cur
960 3303 1125 3377 igitur
1158 3308 1506 3373 oppugnatur
1548 3300 1747 3355 Arius?
1768 3300 1878 3354 Cur
1907 3300 1973 3355 ad
1991 3300 2100 3357 Eu-

2197 3317 2371 3388 τέρων
2408 3314 2570 3384 φύσιν
2599 3312 2918 3384 ὁμολογοῦσι
2962 3311 3093 3383 (38).
3142 3311 3206 3364 Τί
3248 3307 3338 3365 οὖν
3387 3310 3700 3381 πολεμεῖται
3747 3313 3778 3364 ὁ

533 3402 778 3456 nomium
802 3414 909 3454 non
946 3396 1232 3459 accedunt,
1263 3393 1359 3466 qui
1392 3393 1573 3449 Patris
1594 3402 1648 3448 et
1672 3391 1797 3447 Filii
1841 3403 2093 3448 naturam

2203 3410 2454 3478 Ἀρειοςς
2488 3405 2555 3459 Τί
2584 3405 2639 3458 δὲ
2666 3403 2766 3457 οὐκ
2796 3401 3147 3473 αὐτομολοῦσι
3185 3403 3319 3473 πρὸς
3348 3404 3437 3455 τὸν
3465 3401 3729 3473 Εὐνόμιον
3756 3422 3774 3469 ;

533 3493 806 3551 dividens,
840 3489 1002 3545 simul
1035 3503 1160 3542 cum
1200 3496 1399 3541 natura
1442 3486 1777 3539 voluntatem
1803 3483 2020 3550 dividit,
2045 3494 2100 3539 et

2199 3499 2258 3563 ὃς
2284 3498 2505 3570 διαιρῶν
2534 3496 2627 3551 τοῦ
2657 3495 2869 3568 Πατρός
2908 3512 2965 3548 τε
3008 3496 3102 3549 καὶ
3137 3494 3230 3547 τοῦ
3273 3494 3403 3547 Υἱοῦ
3444 3494 3544 3564 τὴν
3591 3495 3774 3564 φύσιν,

533 3601 597 3639 ex
615 3598 681 3637 eo
698 3580 1046 3651 potissimum
1062 3578 1377 3633 eorumdem
1396 3575 1715 3633 substantiae
1726 3574 2099 3631 diversitatem

2204 3590 2486 3662 συντέμνει
2520 3589 2633 3659 (59)
2661 3591 2727 3660 τῇ
2758 3587 2915 3657 φύσει
2946 3586 3044 3657 τὴν
3081 3586 3353 3657 βούλησιν,
3382 3587 3475 3640 καὶ
3500 3586 3589 3641 διὰ
3611 3587 3776 3641 τοῦτο

530 3674 756 3733 astruit,
778 3673 907 3743 quia
933 3671 1061 3725 dum
1094 3669 1411 3725 inferiorem
1434 3668 1875 3737 subjectumque,
1907 3682 2102 3737 nempe

2207 3682 2439 3753 μάλιστα
2481 3678 2872 3743 κατασκευάζει
2907 3678 2969 3731 τὸ
3011 3679 3108 3748 τῆς
3158 3676 3344 3739 οὐσίας
3371 3676 3667 3748 ἀλλότριον,
3695 3678 3773 3750 τῷ

530 3766 751 3829 Filium,
780 3780 811 3818 a
867 3762 1091 3834 praelato
1140 3768 1446 3830 cunctaque
1495 3760 1813 3822 excellente,
1861 3759 1964 3813 hoc
2016 3769 2102 3815 est

2205 3767 2563 3836 ὐποϐεϐηκότι
2595 3767 2729 3838 πρὸς
2756 3767 2816 3820 τὸ
2854 3765 3084 3838 προέχον
3125 3763 3508 3836 συνδιασχὶζων
3550 3766 3643 3820 τὸν
3673 3767 3773 3837 τῆς

528 3859 713 3919 Patre,
753 3862 994 3927 separat,
1049 3855 1221 3923 ipsam
1248 3869 1468 3925 quoque
1502 3853 1806 3910 divinitatis
1830 3854 2099 3910 rationem

1071 3870 1221 3923 psam
1248 3869 1468 3925 quoque
1502 3853 1806 3910 divinitatis
1830 3854 2099 3910 rationem
2203 3860 2451 3931 θεότητος
2478 3858 2654 3927 λόγον.

529 3950 693 4009 simul
719 3946 1014 4019 discerpit?

600 4040 814 4097 XXXII.
851 4039 959 4095 Sed
987 4038 1134 4110 quod
1162 4039 1232 4094 ab
1262 4053 1329 4093 eo
1357 4036 1565 4092 dictum
1606 4044 1692 4091 est
1726 4037 1918 4091 iterum
1952 4051 2098 4107 repe-

2267 4043 2436 4097 Πάλιν
2472 4044 2528 4097 δὲ
2574 4045 2636 4097 τὸ
2688 4044 2815 4115 παρ’
2855 4041 3017 4096 αὐτοῦ
3070 4041 3230 4112 ῥηθὲν
3267 4041 3640 4112 ἀναλάϐωμεν.
3685 4043 3770 4096 Οὐ

527 4145 725 4191 tamus.
762 4134 885 4188 Non
906 4132 1275 4197 recordamur,
1303 4132 1401 4194 ait,
1444 4131 1765 4185 voluntatem
1793 4130 1928 4183 hanc
1967 4147 2094 4194 non,

2190 4137 2637 4205 μνημονεύουσι
2670 4134 2805 4206 (40),
2851 4136 3033 4205 φησιν,
3074 4133 3163 4188 ὅτι
3206 4134 3272 4187 τὸ
3321 4133 3545 4201 θέλημα
3590 4133 3768 4187 τοῦτο

529 4229 665 4282 sicut
691 4227 791 4295 ipsi
841 4235 1049 4295 putant,
1101 4224 1290 4279 terreni
1336 4223 1563 4277 hominis
1596 4223 1866 4292 propriam
1893 4222 2094 4276 dictum

2196 4226 2352 4279 ῑδιον
2375 4226 2620 4294 ετρηται,
2664 4227 2776 4280 οὐκ
2817 4225 3126 4294 ἀνθρώπου
3159 4225 3265 4279 τοῦ
3296 4225 3365 4279 ἐκ
3407 4223 3540 4293 γῆς,
3572 4224 3767 4290 καθὼς

528 4320 713 4389 fuisse,
747 4318 839 4372 sed
885 4318 1001 4382 Dei,
1035 4318 1124 4387 qui
1155 4316 1218 4370 de
1260 4315 1389 4369 caelo
1437 4313 1722 4369 descendit.
1757 4315 1830 4371 De
1858 4330 2092 4386 quanam

2193 4317 2361 4371 αὐτοὶ
2395 4316 2755 4386 νομίζουσιν,
2783 4316 2941 4371 ἀλλὰ
2971 4317 3117 4371 Θεοῦ
3144 4317 3250 4371 τοῦ
3296 4316 3660 4381 καταϐάντος
3694 4317 3766 4380 ἐξ

530 4411 809 4465 voluntate
837 4409 1078 4479 scriptor
1105 4418 1292 4463 noster
1333 4407 1618 4477 loquitur?
1654 4406 1729 4461 De
1753 4423 1814 4463 ea
1844 4407 2091 4477 profecto

2197 4408 2477 4475 οὐρανοῦ.
2522 4409 2677 4461 Ποῖον
2724 4406 2931 4479 θέλημα
3002 4408 3164 4479 φησιν
3203 4410 3233 4462 ὁ
3280 4408 3649 4477 λογογράφος;
3697 4412 3765 4462 ὐ

524 4518 689 4571 quam
720 4500 985 4555 Dominus
1013 4500 1127 4553 ﬁeri
1162 4515 1272 4554 non
1295 4498 1433 4560 vult,
1464 4498 1592 4551 dum
1622 4497 1688 4551 ad
1738 4497 1952 4553 Patrem
1987 4499 2087 4563 ait,

2198 4498 2441 4569 βούλεται
2476 4498 2676 4570 δηλαδὴ
2709 4499 2818 4569 (41)
2854 4498 2927 4571 μὴ
2963 4500 3209 4568 γενέσθαι
3252 4499 3280 4550 ὁ
3319 4497 3540 4571 Κύριος,
3589 4500 3764 4567 λέγων

528 4562 653 4643 Non
683 4603 797 4642 mea
851 4588 1117 4650 voluntas,
1165 4588 1254 4642 sed
1308 4596 1397 4640 tua
1442 4587 1539 4655 ﬁat
1570 4588 1636 4639 ".
1669 4585 1993 4657 lntelligitne
2034 4562 2088 4642 in

2198 4562 2331 4661 πρὸς
2369 4590 2460 4643 τὸν
2494 4562 2733 4659 Πατέρα,
3030 4589 3175 4660 ἐμὸν
3219 4562 3463 4659 θέλημα,
3495 4562 3765 4646 τὸ

523 4679 740 4751 qualem
768 4693 903 4733 suus
944 4692 1122 4739 sermo
1156 4676 1639 4733 contradictionem
1693 4675 1937 4731 incidat?
1980 4679 2090 4748 Ap-

2187 4682 2302 4734 σόν
2330 4682 2607 4751 γενέσθω.
2632 4676 2777 4752 Ἆρα
2807 4681 3047 4751 συνίησιν
3072 4682 3160 4753 οἷα
3184 4682 3593 4753 περιπέπτωκεν
3613 4684 3763 4754 αὐτῷ

523 4773 852 4845 propinquat
895 4772 1115 4842 passio,
1178 4780 1232 4825 et
1283 4770 1531 4843 proditor
1572 4787 1697 4826 cum
1753 4781 2085 4827 armatorum

2186 4774 2216 4825 ὁ
2271 4769 2430 4836 λόγος
2475 4772 2585 4841 (12)
2639 4772 3001 4841 ὲναντιότητι;
3044 4772 3278 4841 Ἐγγίζει
3315 4772 3375 4826 τὸ
3424 4773 3614 4837 πάθος,
3670 4776 3762 4827 καὶ

524 4864 873 4923 multitudine
900 4862 1289 4934 prOpemodum
1342 4862 1856 4934 imminet,tumque
1898 4863 2092 4934 hujus-

2185 4862 2309 4915 ὅσον
2333 4860 2484 4916 οὔπω
2524 4862 2704 4933 μέλλει
2738 4862 2848 4932 (45)
2886 4865 2915 4917 ὀ
2964 4863 3229 4934 προδότης
3272 4862 3589 4932 ἐφίστασθαι
3624 4865 3761 4933 μιτὰ

521 4957 668 5011 modi
710 4956 955 5027 precatio
992 4957 1067 5010 lit.
1104 4954 1207 5023 Qui
1242 4954 1315 5009 ita
1336 4958 1683 5025 deprecatur,
1714 4956 1946 5010 homone
1976 4964 2084 5020 est,

2186 4954 2280 5010 τοῦ
2314 4954 2566 5026 πλήθους,
2597 4956 2691 5010 καὶ
2733 4956 2853 5009 τότε
2890 4956 3095 5024 γίνεται
3146 4958 3182 5028 ἡ
3218 4955 3438 5027 τοιαύτη
3484 4957 3638 5029 εὐχή.
3699 4956 3759 5009 ’0

589 5133 640 5165 ⁸⁸
672 5132 804 5187 Luc.
833 5149 966 5196 nn,
991 5133 1082 5187 42.
1157 5134 1203 5164 ⁸⁸
1232 5131 1421 5187 Matth.
1456 5148 1550 5197 vn,
1583 5132 1666 5187 18.
1744 5134 1787 5165 ⁹¹
1827 5132 1963 5187 Luc.
1991 5149 2126 5199 un,
2161 5133 2252 5189 42.

593 5308 903 5387 (SﬁlCaput
933 5310 1795 5387 hoc_cum_sequenti,integrum
1847 5309 2074 5387 refertur
2179 5383 2180 5387 η

2179 5380 2196 5387 _
2253 5309 2365 5387 (3§)
2407 5310 2562 5366 Corr.
2600 5313 3014 5384 ὁμολογήσουσι.
3052 5310 3213 5367 Sexta
3259 5315 3448 5385 synod.
3490 5316 3571 5368 δεῖ
3620 5318 3752 5387 ὀμ)-

521 5378 662 5452 inter
681 5378 903 5452 Patrum
932 5381 1245 5436 testimonia
1289 5378 1357 5436 de
1392 5381 1599 5452 duplici
1645 5378 1700 5436 in
1736 5381 1955 5435 Christo
1977 5397 2080 5452 ivo-
2179 5378 2390 5452 λογεζν.

519 5449 746 5525 luutate,
781 5451 846 5504 ab
895 5452 1192 5525 apostolica
1244 5452 1373 5525 sede
1410 5449 1488 5505 ad'
1512 5460 1719 5525 sextam
1770 5451 2081 5525 generalem
2254 5449 2371 5525 (399)
2399 5450 2555 5525 (_‘.orr.
2595 5452 2986 5525 ωνδιατὲμνει.
3028 5457 3106 5511 ita
3128 5465 3181 5512 et
3206 5462 3355 5512 sexta
3385 5455 3603 5525 synod..

519 5519 713 5598 synod.
751 5521 1097 5598 transmissa,
1134 5522 1200 5598 in_
1226 5523 1383 5598 cujus
1418 5524 1633 5598 actione
1679 5519 1903 5598 decima
1939 5522 2082 5598 reci;

2397 5520 2562 5598 §exta
2588 5524 2778 5598 synod.
2809 5519 2900 5577 καὶ
2925 5528 2987 5578 οὐ
3024 5519 3433 5598 μνημονεύουσι,
3459 5536 3521 5598 ut
3556 5538 3746 5596 supra;

518 5595 727 5652 tantur,
759 5598 811 5644 et
840 5590 905 5643 ad
946 5591 1263 5661 patriarchii
1314 5591 1906 5662 Constantiuopolitani
1957 5590 2079 5647 cod.
2257 5591 2373 5728 (At;
2395 5590 2556 5645 Sexta
2588 5590 2782 5662 synod.
2821 5610 2925 5648 non
2958 5590 3273 5652 ha'het'adv.
3312 5597 3535 5667 δηλαδή.

518 5657 891 5713 conferuntur.
930 5716 937 5723 ,
2259 5660 2350 5727 (42
2403 5660 2567 5715 Sexta
2596 5664 2788 5728 synod.
2824 5664 2953 5728 ποίᾳ
2978 5667 3263 5723 πέπτωκεν
3290 5667 3447 5723 αὐτοῦ
3487 5669 3516 5721 ὁ

515 5657 891 5744 con-feruntur.
1129 5730 1170 5744 __
1535 5732 1549 5744 _
1602 5732 1615 5744 _
1870 5731 1925 5744 Α,

2227 5737 2238 5744 Δ
2259 5657 2373 5744 με)
2403 5660 2567 5715 Sexta
2596 5657 2788 5744 s'yngd.
2824 5664 2953 5735 ποίᾳ
2978 5667 3263 5723 πέπτωκεν
3290 5657 3447 5723 αὐτοῦ
3487 5657 3516 5721 ὁ
3566 5666 3742 5735 λόγος,

590 5728 703 5803 (ξιξ)
739 5728 812 5803 I_ta
848 5733 899 5784 in
927 5716 1108 5803 editis.
1129 5730 1249 5784 Vat.
1287 5747 1419 5803 vero
1449 5732 1573 5803 cod.
1602 5732 1727 5803 legit
1756 5731 1981 5802 ἀγαθόν.

1169 5731 1249 5784 at.
1287 5747 1419 5803 vero
1449 5732 1573 5803 cod.
1602 5732 1727 5803 legit
1756 5731 1981 5802 ἀγαθόν.
2191 5716 2554 5803 οιῖοᾷηῃιηε.
2588 5716 2756 5803 αὐτῷ.

588 5797 702 5869 (37)
731 5798 889 5856 Corr.
923 5802 1133 5865 Πατρός
1165 5819 1221 5855 τε
1253 5804 1347 5856 καὶ
1383 5801 1531 5856 Υίοῦ.
1655 5797 1680 5803 ⁷
1807 5797 1817 5802 ⁷
2072 5858 2111 5883 η,

1442 5801 1531 5856 οῦ.
1655 5797 1680 5803 '
1807 5797 1817 5802 '
2072 5858 2111 5883 η,
2260 5800 2371 5872 (ιδ)
2406 5797 2561 5856 Cor}.
2590 5797 2719 5857 ὅσον
2738 5804 2794 5857 δὲ
2831 5804 3029 5883 μέλλει,

2072 5858 2136 5906 ’λιι
