4020 6546
286 417 420 472 1105
1403 425 1773 483 ADVERSUS
1811 429 1852 482 A

1951 428 2316 487 LLINAREM.
3374 433 3514 488 ιιει

280 536 582 603 εὐχόμενος,
616 536 897 608 ἄνθρωπος
927 539 960 610 ἢ
989 540 1116 603 Θεός
1142 558 1155 605 ;
1189 542 1249 594 Εἰ
1287 541 1418 595 Θεὸν
1445 538 1582 598 εἶναι
1613 545 1724 615 (44)
1763 545 1852 598 τὸν

1956 563 2023 602 an
2070 547 2254 604 Deus?
2296 549 2352 602 Si
2385 548 2550 603 Deum
2584 563 2708 606 esse
2739 550 2832 620 qui
2871 550 3192 622 deprecatur
3210 548 3511 614 existimat,

278 625 562 696 εὐχόμενον
599 629 787 696 οἴεται,
822 632 944 702 ῐσην
977 632 1125 702 αὐτῷ
1174 633 1309 706 πρὸς
1357 637 1483 700 τοὺς
1532 637 1850 708 ἀνθρώπους

1954 656 2138 713 parem
2193 641 2247 695 in
2282 642 2402 711 ipso
2440 641 2864 698 imbecillitatem
2907 650 3072 710 atque
3112 643 3170 696 in
3197 640 3512 696 hominibus

277 717 432 788 ἐνορᾲ
474 716 572 788 τὴν
611 718 912 776 ἀσθένειαν.
952 721 1076 787 Πῶς
1101 718 1194 776 οὖν
1238 723 1390 790 Θεὸς,
1441 726 1602 797 μηδὲν
1642 726 1850 780 οἴκοθεν

275 809 473 878 ἀγαθὸν
519 809 678 880 ἔχων,
733 812 868 866 ἀλλὰ
921 814 1021 884 τῆς
1077 815 1479 888 ὑπερκειμένης
1541 819 1851 889 συμμαχίας

276 903 553 974 δεόμενος;
592 901 726 959 Εἶτα
756 907 850 960 καὶ
888 907 1004 972 πῶς
1050 909 1445 978 καταγινώσκει
1479 913 1512 981 ή
1541 911 1727 982 θεότης
1755 912 1849 966 τοῦ

279 995 404 1052 ἰδίου
466 997 802 1069 θελήματος;
851 999 1076 1067 Ἀγαθὸν
1126 997 1194 1072 ἦν
1257 1002 1290 1073 ἢ
1344 1003 1512 1056 κακὸν
1537 1044 1551 1066 ,
1600 1004 1628 1056 ὃ
1682 1005 1849 1074 ήϐού-

276 1089 392 1142 λετο
425 1089 532 1158 (45)
559 1105 573 1153 ;
614 1090 676 1142 Εἰ
715 1090 813 1160 μὲν
844 1089 952 1161 γὰρ
985 1091 1208 1160 ἀγαθὸν,
1240 1093 1326 1146 διὰ
1365 1094 1418 1146 τί
1444 1095 1543 1148 ούκ
1573 1098 1651 1160 εἰς
1677 1098 1849 1168 πέρας

276 1180 460 1248 ἄγεται
495 1179 525 1232 ὃ
555 1179 810 1249 ἠϐούλετο
846 1181 954 1252 (46)
981 1199 994 1246 ;
1022 1183 1082 1234 Εἰ
1109 1183 1163 1236 δὲ
1213 1184 1400 1249 κακὸν,
1433 1185 1569 1257 [(47)
1598 1187 1684 1251 τίς
1710 1188 1846 1260 πρὸς

276 1270 334 1323 τὺ
363 1269 553 1342 κακὸν]
605 1273 670 1342 τῇ
703 1270 914 1343 θεότητι
949 1275 981 1344 ἡ
1012 1274 1313 1342 οἱκείωσιςς
1350 1276 1498 1330 Ἀλλ’
1531 1281 1666 1350 ὅπερ
1682 1279 1838 1351 ἔφην,

275 1359 353 1411 ὅτι
389 1359 450 1412 οὐ
483 1360 722 1430 συνίησιν
753 1361 861 1431 (48)
893 1363 970 1425 είς
1004 1363 1063 1415 τὸ
1093 1363 1332 1417 ἐναντίον
1369 1367 1712 1439 περιτρέπων
1755 1367 1844 1421 τὸν

276 1449 447 1518 λόγον.
489 1451 552 1503 Εἰ
597 1452 705 1521 γὰρ
749 1452 840 1505 τοῦ
883 1455 1215 1523 Μονογενοῦς
1249 1459 1362 1510 ἐστι
1398 1457 1531 1512 Θεοῦ
1564 1461 1596 1530 ή
1632 1457 1779 1530 φωνὴ
1811 1461 1844 1530 ἡ

276 1540 523 1607 λέγουσα,
562 1541 656 1609 Μὴ
692 1541 757 1596 τὸ
800 1543 945 1613 ἐμὸν
979 1544 1208 1616 θέλημα
1247 1547 1526 1617 γενέσθω,
1573 1550 1733 1603 ἀλλὰ
1778 1549 1845 1602 τὸ

275 1631 406 1692 σὸν.
434 1631 593 1694 αὐτὸς
613 1634 642 1685 6
668 1633 822 1702 λόγος
855 1635 983 1706 περὶ
1025 1638 1233 1702 ἑαυτὸν,
1267 1639 1352 1692 ἀεὶ
1402 1640 1489 1694 διά
1525 1657 1665 1703 τινος
1690 1641 1843 1694 ἐναν-

275 1718 516 1788 τιότητος
561 1721 847 1792 στρέφεται
885 1724 1016 1794 (49),
1063 1727 1154 1779 καὶ
1198 1728 1430 1799 οὐδαμοῦ
1477 1729 1538 1782 τὸ
1585 1730 1844 1801 στάσιμον

276 1809 405 1880 ἔχει.
445 1809 503 1865 '0
529 1811 638 1883 γὰρ
674 1814 748 1884 μὴ
779 1812 1097 1887 βουλόμενος
1121 1818 1236 1890 (50)
1265 1819 1325 1872 τὸ
1358 1820 1486 1874 ἴδιον
1515 1820 1720 1892 θέλημα
1752 1840 1844 1890 γε·

276 1900 480 1968 νέσθαι,
527 1903 658 1956 αὐτὸ
715 1904 871 1958 τοῦτο
922 1907 1032 1978 (5ι)
1078 1908 1322 1979 βούλεται
1373 1911 1607 1977 πάντως,
1655 1912 1716 1965 τὸ
1771 1912 1845 1984 μὴ
1875 1893 1919 1949 Β

275 1993 584 2060 γενέσθαιὸ
622 1996 884 2066 βούλεται.
931 2000 1052 2065 Πῶς
1101 1998 1193 2056 οὖν
1239 2005 1272 2074 ἡ
1317 2006 1449 2077 εὐχὴ
1493 2006 1628 2077 πρὸς
1677 2007 1848 2079 πέρας

276 2087 573 2157 ἀχθήσεται
603 2089 867 2157 λέγοντος,
905 2093 982 2146 ὅτι
1019 2094 1186 2148 Τοῦτο
1231 2096 1368 2150 θέλω
1399 2098 1484 2150 ἵνα
1525 2099 1554 2151 6
1595 2099 1731 2152 θέλω
1773 2099 1849 2170 μὴ

277 2179 536 2249 γένηται;
569 2180 712 2250 Πρὸς
754 2183 1058 2237 τούναντίον
1105 2186 1318 2250 πάντως
1349 2187 1440 2240 τοῦ
1481 2191 1847 2261 σπουδαζομέ-

278 2285 365 2322 νου
397 2269 506 2338 (52)
539 2275 1019 2344 περιτραπήσεται,
1051 2278 1142 2329 καὶ
1180 2278 1517 2350 ἀμηχανήσει
1562 2280 1684 2334 καθ’
1724 2283 1850 2335 ἑκά-

278 2377 430 2430 τερον
473 2363 500 2414 6
544 2363 641 2432 τῆς
681 2365 931 2436 τοιαύτης
971 2370 1175 2421 ἐπαΐων
1216 2371 1398 2441 εὐχῆς.
1433 2373 1609 2444 Ὅπερ
1651 2374 1757 2446 γὰρ
1786 2374 1849 2428 ἂν

279 2455 496 2525 ποιήσῃ,
528 2456 662 2526 πρὸς
708 2457 768 2510 τὸ
823 2459 1113 2531 ἀϐούλητον
1155 2462 1232 2532 τῷ
1285 2465 1558 2535 εύχομένῳ
1603 2469 1852 2538 περιτρέ-

280 2563 366 2597 πει
399 2545 494 2616 τὴν
525 2546 762 2600 ἔκϐασιν.
815 2551 1031 2622 Ποιήσει
1070 2554 1128 2606 τὸ
1157 2554 1398 2626 βούλημα
1435 2558 1545 2617 (55)
1579 2557 1670 2610 τοῦ
1700 2559 1853 2628 εὐχο-

282 2636 479 2706 μένους
524 2638 722 2710 Ἀλλ’ή
768 2642 899 2712 εύχή
948 2645 1060 2696 ἐστι
1111 2646 1170 2696 τὸ
1211 2645 1284 2716 μὴ
1318 2648 1566 2713 γενέσθαι
1604 2648 1639 2702 ἆ
1672 2649 1852 2718 βούλε-

279 2745 364 2781 ται
393 2729 524 2799 (54).
563 2730 648 2801 Μὴ
692 2733 902 2803 ποιήσει
930 2733 1037 2804 (55)
1072 2735 1100 2786 6
1133 2735 1412 2804 βούλεται;
1453 2739 1608 2794 Ἀλλὰ
1639 2744 1665 2794 6
1705 2743 1854 2812 εὐχό-

284 2835 438 2887 μενος
481 2820 722 2890 βούλεται
761 2823 1006 2890 γενέσθαι
1045 2825 1192 2896 αύτῷ
1219 2827 1351 2898 (55),
1392 2829 1420 2881 ὂ
1462 2831 1534 2899 μὴ
1577 2831 1850 2900 βούλεταιο

279 2908 416 2962 ὥστε
457 2912 598 2965 κατὰ
633 2915 808 2966 πάντα
852 2915 1048 2986 τρόπον
1094 2917 1271 2988 πάντη
1315 2921 1852 2992 μεταλαμϐανόμενον

281 2999 570 3068 ἀπατήσει
620 3001 679 3054 τὺ
725 3003 920 3072 νόημα,
980 3005 1110 3057 αὐτὸ
1174 3008 1350 3076 ἑαυτῴ
1389 3011 1714 3080 μαχόμενον,
1759 3013 1853 3065 καὶ

282 3089 368 3156 ὑφ’
418 3090 608 3144 ἑαυτοῦ
653 3093 1097 3165 καθαιρούμενον.
1147 3099 1258 3167 Τῆς
1300 3100 1363 3172 δὴ
1417 3103 1670 3174 τοιαύτης
1715 3106 1855 3160 κατὰ

1955 733 2242 802 conspicit.
2301 732 2584 798 Quomodo
2617 733 2782 804 igitur
2822 733 2929 788 erit
2972 732 3136 798 Deus,
3173 733 3266 804 qui
3301 733 3508 786 nullum

1951 837 2015 876 ex
2042 837 2101 876 se
2132 821 2251 890 ipso
2279 821 2477 876 bonum
2513 821 2690 883 habet.
2724 821 2818 877 sed
2850 836 3087 891 superno
3128 821 3334 876 auxilio
3368 819 3510 873 indi-

1950 913 2076 982 get?
2105 911 2310 968 Deinde
2337 911 2608 981 quomodo
2649 912 2908 968 divinitas
2957 915 3228 983 pr0priam
3260 913 3511 967 volunta-

1949 1013 2054 1058 tem
2114 1004 2402 1071 reprobat?
2435 1003 2715 1059 Bonumne
2769 1012 2907 1066 erat,
2974 1018 3044 1058 an
3083 1005 3307 1067 malum,
3360 1002 3508 1072 quod

1947 1095 2270 1152 volehat?Si
2302 1097 2446 1152 enim
2495 1097 2720 1158 bonum,
2741 1111 2840 1150 cur
2854 1095 2922 1150 ad
2950 1095 3154 1150 exitum
3198 1091 3510 1164 perducitur

1948 1186 2093 1257 quod
2113 1187 2324 1242 volebat
2340 1185 2363 1238 ?
2379 1185 2436 1240 Si
2464 1202 2592 1240 vero
2611 1186 2835 1249 malum,
2855 1199 3099 1253 qua-nam
3117 1199 3239 1238 cum
3256 1183 3398 1238 malo
3423 1182 3508 1236 di.-

1945 1279 2156 1334 vinitati
2179 1278 2493 1348 conjunctio
2529 1276 2815 1331 intercedit
2832 1277 2854 1328 ?
2871 1275 2998 1334 Sed.
3023 1273 3168 1345 quod
3198 1281 3357 1330 antea
3371 1273 3504 1336 dixi,

1948 1385 2055 1424 non
2090 1368 2472 1422 animadvertit
2503 1379 2698 1422 auctor
2727 1367 2780 1420 in
2818 1366 3159 1420 contrarium
3184 1379 3249 1418 ac
3274 1364 3510 1418 intendit

1948 1475 2168 1516 sensum
2203 1473 2512 1514 sermonem
2547 1473 2706 1514 suum
2758 1458 3021 1512 converti.
3057 1455 3265 1525 Quippe
3301 1455 3346 1510 si
3375 1454 3509 1510 Uni-

1946 1551 2113 1622 geniti
2158 1549 2253 1604 Dei
2286 1566 2389 1602 vox
2426 1557 2532 1612 est,
2561 1565 2682 1618 quin
2712 1548 2846 1603 dicit
2887 1567 2900 1602 :
2939 1545 3063 1602 Non
3117 1564 3232 1600 mea
3265 1547 3508 1602 voluntas

1943 1645 2060 1714 ﬁat,
2091 1643 2180 1696 sed
2223 1653 2333 1707 tua,
2366 1658 2546 1698 sermo
2573 1643 2673 1696 iste
2703 1641 3089 1694 contrarietate
3113 1639 3343 1710 quadam
3364 1655 3512 1694 sent-

1946 1752 2042 1807 per
2076 1735 2130 1788 in
2155 1735 2394 1804 seipsum
2428 1735 2656 1788 vertitur
2678 1741 2732 1788 et
2777 1733 3089 1787 nullatenus
3123 1733 3228 1787 sibi
3267 1741 3505 1788 constat.

1947 1825 2048 1892 Qui
2075 1825 2217 1879 enim
2246 1839 2354 1877 non
2383 1822 2498 1877 vult
2537 1823 2811 1893 propriam
2864 1823 3198 1877 voluntatem
3229 1823 3366 1887 ﬁeri,
3406 1824 3509 1878 hoc

1947 1916 2123 1986 ipsum
2171 1916 2284 1968 vult
2339 1914 2583 1977 omnino,
2643 1913 2867 1980 utquod
2918 1913 3034 1967 vult
3065 1913 3119 1968 id
3152 1930 3497 1984 nequaquam

1949 2006 2056 2059 ﬁat.
2089 2002 2374 2070 Quomodo
2421 2018 2552 2071 ergo
2581 2002 2834 2058 eﬂ‘ectum
2867 2005 3123 2059 sortietur
3150 2008 3390 2074 precatio
3422 2006 3506 2059 di-

1947 2097 2118 2152 centis
2141 2116 2153 2149 :
2180 2097 2296 2148 Hoc
2322 2094 2464 2156 volo,
2500 2101 2557 2148 ut
2578 2094 2726 2165 quod
2743 2095 2865 2149 volo
2892 2111 3002 2150 non
3036 2097 3164 2150 liat?
3188 2095 3330 2152 Sane
3356 2098 3505 2150 circa

1949 2187 2283 2241 contrarium
2315 2201 2540 2255 prorsus
2575 2186 2625 2240 ei
2651 2183 2797 2254 quod
2838 2184 3069 2239 intendit
3095 2187 3339 2254 precatio
3375 2202 3509 2239 ver—

1950 2278 2179 2342 sabitur,
2208 2288 2262 2330 et
2284 2277 2428 2331 circa
2458 2285 2748 2345 utrumque
2773 2276 3051 2329 haesitabit
3075 2277 3166 2345 qui
3203 2276 3512 2345 hujusmodi

1951 2383 2138 2439 preces
2158 2367 2399 2420 exaudit.
2421 2365 2695 2434 Quidquid
2725 2367 2870 2420 enim
2897 2364 3108 2430 fecerit,
3145 2380 3359 2434 semper
3389 2379 3511 2434 pre-

1951 2463 2126 2512 cantis
2151 2460 2416 2512 voluntati
2448 2459 2764 2512 contrarius
2794 2457 2899 2512 erit
2927 2465 3175 2510 eventus.
3204 2453 3389 2510 Faciet
3418 2469 3513 2509 vo—

1955 2551 2216 2603 luntatem
2245 2548 2496 2603 orantis?
2529 2547 2636 2603 Sed
2659 2549 2745 2602 hic
2774 2556 2895 2601 orat
2919 2557 2975 2600 ut
2999 2546 3220 2600 minime
3254 2545 3342 2598 ﬁat
3369 2544 3514 2615 quod

1951 2642 2086 2694 vult.
2128 2639 2247 2693 Non
2289 2639 2451 2693 faciet
2475 2638 2618 2708 quod
2649 2638 2795 2692 vult?
2837 2637 2940 2691 Sed
2970 2638 3063 2707 qui
3099 2643 3240 2699 orat,
3269 2636 3372 2691 sibi
3399 2637 3514 2690 vult

1954 2733 2064 2788 ﬁeri
2111 2731 2257 2802 quod
2313 2748 2422 2786 non
2461 2731 2612 2794 vult;
2675 2731 2746 2782 ita
2799 2738 2855 2782 ut
2885 2744 3212 2800 quocunque
3245 2728 3428 2791 modo.
3459 2735 3516 2784 et

1951 2838 2276 2896 quocunque
2307 2838 2471 2882 sensu
2501 2821 2823 2890 accipiatur,
2860 2835 3140 2890 nunquam
3171 2819 3289 2889 ejus
3315 2835 3513 2874 sensus

1951 2916 2254 2977 constabit,
2308 2928 2432 2968 cum
2489 2912 2703 2966 sibimet
2738 2920 3018 2981 repugnet,
3048 2923 3101 2965 et
3138 2924 3173 2964 a
3221 2912 3516 2980 semetipso

1952 3009 2285 3062 destruatur.
2317 3002 2487 3058 Porro
2538 3005 2846 3071 perplexam
2881 3005 3016 3057 adeo
3049 3003 3320 3058 sermonis
3349 3002 3517 3073 hujus

1953 3098 2358 3168 ambiguitatem
2420 3097 2692 3166 explicare
2739 3094 3118 3149 tantummodo
3162 3096 3356 3164 poterit
3384 3110 3515 3150 vera

280 3179 368 3281 16v
389 3179 558 3281 Ait-670v
590 3183 897 3252 ἀμηχανίας
946 3186 1042 3255 μία
1092 3189 1298 3255 γένοιτο
1345 3190 1410 3243 ἂν
1453 3195 1789 3264 παραμυθία,
1819 3201 1852 3268 ὴ

1959 3190 2197 3261 mysterii
2233 3187 2533 3254 confessio,
2565 3188 2707 3257 quod
2744 3202 2934 3254 nempe
2961 3187 3272 3255 passionem
3296 3184 3518 3255 quidem

280 3269 484 3341 ἀληθὴς
509 3271 600 3324 τοῦ
642 3275 936 3345 μυστηρίου
979 3278 1254 3347 ὁμολογία,
1297 3281 1377 3335 ὅτι
1423 3284 1484 3336 τὸ
1529 3286 1626 3354 μὲν
1655 3285 1852 3359 δειλιςῖν

1956 3281 2270 3342 formidare,
2299 3281 2549 3341 humanae
2595 3278 2986 3332 imbecillitatis
3033 3287 3139 3340 est,
3164 3277 3304 3330 sicut
3351 3274 3517 3328 etiam

281 3361 416 3434 πρὸς
467 3363 526 3414 τὸ
581 3364 769 3427 πάθος,
820 3367 920 3435 τῆς
980 3367 1322 3442 ἀνθρωπίνης
1384 3374 1663 3440 ἀσθενείας
1714 3380 1850 3445 ἐστὶ,

281 3452 460 3516 καθώς
492 3470 621 3524 φησι
670 3457 764 3508 κα).
807 3457 835 3509 6
879 3461 1097 3530 Κύριος,
1158 3462 1227 3515 Τὸ
1282 3464 1514 3534 πνεῦμα
1553 3468 1855 3538 πρόθυμον

279 3541 433 3600 εἶναι
477 3548 653 3618 λέγων
703 3548 930 3617 ἀσθενῆ
971 3551 1039 3603 δὲ
1082 3551 1194 3620 τὴν
1234 3554 1457 3623 σάρκαδ
1487 3558 1544 3611 τὸ
1581 3558 1636 3611 δὲ
1672 3561 1856 3630 ἀνέχε-

283 3637 405 3690 σθαι
472 3637 582 3705 (57)
616 3639 676 3691 τὸ
727 3639 786 3704 ἐξ
831 3642 1135 3713 οἰκονομίας
1186 3646 1376 3708 πάθος.
1424 3652 1521 3718 τῆς
1563 3649 1708 3713 Θείας
1739 3653 1857 3704 ἐστὶ

281 3729 376 3780 καὶ
429 3727 621 3798 βουλῆς
674 3731 767 3783 καὶ
813 3731 1110 3802 δυνάμεως.
1153 3737 1368 3808 Ἐπειδὴ
1412 3740 1588 3792 τοίνυν
1633 3741 1757 3801 ἄλλο
1797 3743 1856 3795 τὸ

279 3817 615 3888 ἀνθρώπινον
641 3819 884 3894 βούλημα
914 3823 1045 3893 (58),
1071 3827 1163 3878 καὶ
1191 3825 1250 3878 τὸ
1279 3827 1417 3882 θεῖον
1446 3830 1572 3883 ἄλλο
1593 3871 1607 3895 ,
1636 3832 1859 3902 φθέγγε-

277 3926 371 3963 ται
406 3911 514 3977 (59)
568 3911 685 3982 μὲν,
734 3913 809 3976 ὡς
861 3916 924 3966 ὲκ
974 3916 1066 3969 τοῦ
1114 3917 1419 3987 ἀνθρώπου,
1468 3922 1529 3976 τὸ
1571 3925 1668 3994 τῆς
1699 3926 1856 3978 ἀσθε-

279 3999 427 4064 νείας
468 4001 580 4070 (60)
630 4003 730 4073 τῆς
781 4003 991 4073 φύσεως
1045 4009 1366 4081 πρόσφορον,
1414 4012 1443 4064 6
1491 4013 1558 4065 τὰ
1619 4015 1856 4085 ἡμέτερα

282 4091 433 4164 πάθη
469 4095 918 4167 οἰκειωσάμενος·
971 4099 1162 4167 ἐπάγει
1213 4101 1270 4154 δὲ
1319 4101 1417 4173 τὴν
1458 4103 1712 4176 δευτέραν
1746 4123 1856 4173 φω-

279 4187 401 4256 νὴν,
432 4186 491 4239 τὸ
518 4187 718 4258 ὑψηλόν
755 4207 814 4241 τε
851 4191 943 4244 καὶ
988 4191 1284 4262 θεοπρεπὲς
1323 4194 1568 4266 βούλημα
1607 4197 1854 4267 κυρωθῆ-

280 4294 370 4330 ναι
419 4277 569 4348 παρὰ
615 4278 676 4332 τὸ
721 4279 1053 4350 ἀνθρώπινον
1091 4283 1230 4355 ὑπὲρ
1273 4286 1370 4355 τῆς
1411 4286 1520 4341 τῶν
1552 4285 1852 4360 ἀνθρώπων

355 4455 401 4487 ⁹²
435 4455 630 4510 Matth.
675 4472 822 4522 xxvi,
871 4457 959 4512 Η.

355 4652 468 4720 (44)
499 4649 654 4722 Corr.
689 4651 875 4722 ἢῨΘεὸν
907 4645 1069 4713 εἶναι,
1098 4657 1154 4704 et
1192 4667 1340 4716 mox,
1369 4651 1402 4721 ἢ
1433 4651 1576 4722 ῑσην.

359 4722 474 4790 (45)
498 4720 652 4774 Corr.
680 4721 947 4774 ἐϐούλετο.
1325 4788 1362 4790 Δ
1393 4720 1398 4721 ⁷
1511 4720 1518 4722 ⁷
1567 4728 1570 4736 “

357 4787 469 4858 (46)
497 4791 652 4846 Corr.
673 4791 700 4843 ὃ
725 4791 990 4855 ἐϐούλετο,
1021 4800 1079 4844 ut
1103 4804 1292 4858 supra.
1321 4788 1445 4843 Haec
1475 4799 1655 4844 tamen
1687 4787 1850 4842 verba

281 4863 483 4917 desunt
499 4861 718 4930 quidem
751 4862 803 4914 in
829 4862 1046 4930 vulgato
1075 4871 1238 4915 sexta:
1255 4860 1446 4928 synod.
1467 4861 1660 4919 Graeco
1677 4866 1848 4922 textu;

284 4933 383 4988 sed
427 4932 696 4986 habentur
728 4931 780 4984 in
818 4930 1009 4984 Latina
1042 4932 1210 4986 veteri
1247 4930 1518 4984 versione.

359 5002 473 5072 (67)
496 5002 624 5066 Quae
654 5002 1016 5072 semicirculis
1045 4999 1403 5056 includuntur
1432 4997 1618 5072 addita
1654 5008 1784 5054 sunt
1814 5013 1846 5051 a

283 5068 436 5129 corr.
456 5068 900 5140 'etireperiuntur
927 5088 1144 5140 quoque
1169 5072 1222 5124 in
1251 5078 1400 5124 sexta
1439 5068 1632 5139 synod.

361 5142 476 5209 (48)
505 5139 673 5195 Vetus
692 5153 870 5212 (sexta:
919 5139 1116 5212 synod.
1141 5140 1371 5193 Latinus
1419 5141 1647 5212 interpr.
1669 5139 1846 5212 vertit:

285 5212 395 5268 Sed
419 5212 557 5282 quod
587 5211 721 5275 dixi,
747 5214 863 5279 quis
881 5209 984 5266 non
1011 5213 1278 5279 intelligit,
1297 5209 1434 5282 quod
1451 5212 1505 5264 in
1528 5209 1856 5282 contrarium

284 5279 644 5338 circumvenit
675 5282 825 5336 illum
842 5299 1129 5336 sermonem
1155 5283 1180 5336 7
1201 5297 1266 5335 ac
1290 5282 1334 5336 si
1372 5281 1558 5336 Graece
1587 5291 1753 5338 esset.
1773 5279 1858 5341 τίς

281 5355 350 5407 οὐ
381 5353 646 5422 συνίησιν,
673 5361 802 5417 etc.;
853 5353 946 5408 sed
975 5353 1218 5420 ejusdem
1271 5351 1462 5421 synod.
1499 5357 1680 5405 textus
1710 5350 1858 5405 Grae-

284 5439 390 5480 cus
438 5437 560 5476 cum
596 5422 714 5476 Vat.
740 5423 864 5479 cod.
894 5424 1126 5477 lectione
1156 5422 1476 5476 concordat.

363 5494 473 5562 (49)
500 5491 556 5545 In
587 5502 736 5547 textu
768 5491 891 5546 Vat.
925 5493 1046 5562 cod.
1087 5493 1300 5560 legitur.
1356 5491 1485 5560 περὶ
1532 5489 1724 5562 ἑαυτοῦ
1771 5489 1857 5542 ἀεὶ

283 5561 379 5618 διὰ
405 5579 549 5633 τινος
586 5564 873 5633 γράφεται.
912 5561 1067 5616 Corr.
1115 5561 1444 5623 emendavit,
1491 5563 1619 5631 περὶ
1668 5561 1858 5613 ἑαυτὸν

285 5635 379 5686 ἀεὶ
427 5632 519 5687 ,διά
569 5632 713 5696 τινος
761 5633 1129 5698 ἐναντιότητος
1175 5633 1466 5702 γράφεται,
1492 5641 1546 5686 et
1595 5634 1650 5684 in
1684 5646 1854 5702 marg.

287 5702 420 5757 add.
441 5720 544 5774 ffp.
581 5705 672 5756 καὶ
697 5703 969 5771 στέφεται.
1002 5702 1169 5757 Nobis
1199 5701 1326 5756 huic
1368 5713 1652 5770 postrema:
1700 5701 1855 5774 simio

290 5775 403 5844 lem
440 5772 765 5844 lectionem.
803 5790 922 5840 quae
951 5775 1007 5827 in
1047 5781 1196 5827 sexta
1245 5774 1409 5828 etiam
1456 5775 1649 5844 synod.
1704 5772 1858 5830 exhi-

286 5842 477 5911 betur,
510 5855 691 5913 utpote
717 5843 1023 5906 clariorem,
1058 5844 1210 5911 sequi
1238 5845 1414 5900 visum
1441 5842 1542 5900 est.

623 5941 884 6001 ΡΔτιιοι..
933 5939 1052 5999 Gn.
1084 5937 1276 5999 XLV.

1953 3375 2028 3428 ait
2064 3373 2348 3435 DominIIS,
2404 3377 2648 3444 spiritum
2711 3381 3008 3438 promptum
3066 3382 3178 3421 esse
3233 3365 3418 3419 dicens
3445 3364 3515 3428 ",

1952 3486 2164 3525 carnem
2192 3475 2368 3520 autem
2399 3467 2700 3535 inﬁrmam;
2754 3457 2980 3512 suﬂerre
3012 3471 3139 3511 vero
3173 3457 3416 3511 eamdem
3449 3472 3518 3524 ex

1955 3555 2359 3626 dispensatione
2390 3552 2722 3622 passionem,
2747 3550 2917 3605 divini
2945 3548 3162 3604 consilii
3207 3556 3371 3618 atque
3402 3546 3517 3602 vir--

1958 3647 2089 3700 tutis
2113 3653 2216 3699 est.
2247 3643 2513 3710 Quoniam
2547 3642 2711 3711 igitur
2739 3642 2846 3696 alia
2871 3649 2954 3695 est
2982 3639 3218 3694 humana
3241 3637 3518 3704 voluntas,

1957 3740 2060 3792 alia
2092 3752 2220 3791 vero
2256 3736 2475 3798 divina;
2512 3735 2602 3802 qui
2641 3733 2891 3803 proprias
2945 3731 3052 3785 sibi
3101 3730 3234 3783 fecit
3284 3728 3521 3782 inﬁrmi-

1958 3841 2098 3885 tates
2123 3837 2359 3892 nostras,
2397 3826 2639 3895 loquitur
2664 3826 2882 3894 quidem
2915 3831 2974 3877 ut
3013 3822 3174 3876 homo
3219 3836 3341 3890 qua:
3365 3821 3521 3874 inﬁr-

1942 3921 2132 3975 mitati
2162 3915 2810 3987 congruunt;subjungit
2837 3909 2967 3970 vero
3005 3913 3312 3984 posteriora
3357 3910 3522 3966 verba

1956 4012 2158 4081 quibus
2193 4008 2478 4064 sublimem
2521 4005 2741 4075 Deoque
2802 4005 3020 4074 dignam
3063 4004 3393 4057 voluntatem
3426 4016 3523 4070 po-

1956 4105 2065 4158 tius
2097 4116 2258 4171 quam
2293 4101 2621 4160 humanam,
2683 4104 2904 4166 propter
2958 4095 3191 4150 salutem
3240 4093 3521 4147 hominum

1956 4203 2128 4250 ratam
2159 4191 2344 4246 haberi
2378 4190 2512 4244 vult.
2557 4188 2690 4242 Nam
2720 4203 2843 4243 cum
2895 4186 3053 4252 dixit,
3087 4186 3209 4240 Non
3252 4202 3383 4247 mea,
3417 4184 3520 4236 liu-

1955 4301 2173 4343 manam
2225 4284 2310 4340 his
2354 4283 2535 4338 verbis
2595 4279 2955 4351 signiﬁcavit;
3010 4296 3135 4334 cum
3186 4287 3365 4332 autem
3395 4275 3525 4332 sub-

1888 4643 1940 4703 D
1962 4718 2006 4723 __
2039 4649 2152 4720 (50)
2180 4653 2252 4706 lta
2283 4668 2425 4706 corr.
2453 4661 2506 4706 et
2539 4652 2731 4723 synod.
2761 4660 2911 4708 sexta
2941 4670 2958 4718 ;
2988 4652 3128 4708 male
3147 4652 3201 4706 in
3223 4660 3371 4708 textu
3399 4652 3526 4707 cod.

1962 4718 2085 4794 Vat.
2117 4718 2163 4774 εί
2185 4722 2289 4794 γὰρ
2310 4718 2647 4792 βουλόμενος.

2030 4790 2141 4860 (51)
2185 4790 2364 4845 ΕιἸιίρ
2404 4790 2575 4846 secuti
2613 4809 2805 4847 sumus
2831 4793 3040 4860 antiqui
3074 4807 3218 4845 corr.
3257 4799 3312 4845 et
3357 4799 3525 4845 sexta:

1957 4861 2151 4931 synod.
2187 4862 2513 4928 lectionem;
2545 4880 2667 4917 nam
2699 4865 2751 4916 in
2784 4861 2906 4917 Vat.
2935 4862 3059 4916 cod.
3086 4871 3235 4917 textu
3264 4869 3349 4915 est
3377 4861 3523 4927 γίνε-

1957 4946 2064 4984 ται.

2028 4999 2142 5073 (52)
2174 4999 2248 5054 lta
2280 5015 2422 5056 corr.
2445 5011 2497 5056 et
2531 5011 2683 5057 sexta
2727 5004 2960 5073 synod.;
2992 4999 3088 5055 sed
3134 5000 3188 5053 in
3224 4997 3344 5054 Vat.
3396 4999 3519 5056 cod.

1955 5079 2103 5142 textu
2134 5072 2347 5142 legitur,
2375 5072 2435 5125 τὸ
2472 5072 2922 5142 σπουδαζόμενον.

1955 5141 2139 5264 θέ(53)
2169 5141 2328 5196 Corr.
2357 5143 2418 5196 τὸ
2468 5142 2711 5212 θέλημα;
2745 5139 2920 5197 ἐθιιιι
2973 5139 3170 5211 synod.
3219 5139 3420 5211 ποιήσῃ
3460 5150 3522 5192 το

2051 5229 2185 5264 nua.

2131 5229 2185 5264 α.

2027 5229 2238 5350 (Ξεΐῗῖη
2271 5291 2422 5336 sexta
2461 5282 2656 5352 synod.
2695 5281 2723 5334 ὃ
2750 5280 3025 5352 βούληται.

2028 5352 2140 5424 (55)
2172 5351 2328 5424 _Corr.
2364 5359 2418 5405 et
2450 5351 2614 5424 sexta
2638 5351 2830 5424 synod.
2863 5351 3185 5424 pilumno“.

2028 5422 2139 5491 (56)
2172 5422 2227 5474 ln
2260 5430 2412 5478 sexta
2444 5421 2639 5491 synod.
2675 5423 2876 5491 legitur
2905 5421 3050 5474 αὑτό.

2029 5490 2143 5560 (57)
2172 5494 2230 5562 ln
2265 5490 2650 5562 sextasynod.‘
2669 5490 3043 5562 ἀναδέχεσθαι.

2029 5559 2142 5632 (58)
2178 5561 2336 5632 Corr.
2379 5559 2608 5632 θέλημα.
2637 5559 2795 5632 Ita_et
2819 5559 2972 5632 sexta
3007 5559 3199 5632 synod.

2028 5625 2142 5699 (59)
2197 5625 2524 5702 Φθέγγεται”
2548 5663 2614 5702 -_-—
2643 5630 2752 5702 ﬁli
2815 5631 2913 5702 τὴν
2933 5700 2944 5702 _
2969 5625 3251 5684 κοίνωνίαν
3281 5627 3388 5702 τῆς.
3417 5625 3520 5702 φύ-

1961 5695 2134 5764 σεως.
2162 5701 2286 5755 Hac
2317 5695 2510 5755 recitat
2545 5700 2602 5756 S.
2633 5695 2881 5756 Joanncs'
2930 5700 3298 5755 Damascenus
3337 5695 3436 5752 lib.
3455 5695 3532 5749 De

1955 5775 2118 5827 duab.
2153 5770 2387 5832 volunt.,
2420 5787 2540 5840 cap.
2569 5773 2662 5842 55,
2691 5788 2818 5842 opp.
2861 5780 2992 5824 tom.
3029 5769 3068 5842 Ι,
3101 5786 3222 5842 pag.
3241 5767 3373 5842 548,
3399 5781 3519 5839 sqq.

2036 5844 2147 5915 (60)
2178 5842 2251 5896 Τὸ
2285 5843 2382 5915 τῆς
2413 5843 2536 5898 ἀσθ.
2563 5841 2812 5902 DamaSc.
2851 5842 2910 5895 τὸ
2936 5844 2998 5913 τῇ
3036 5841 3309 5903 ἀσθενείᾳ,

3129 5932 3206 5995 38
