4020 6528
277 334 416 389 1197

1413 349 1783 406 ADVERSUS
1842 351 2353 409 APOLLINAREM.

3366 362 3499 419 “98

272 455 556 527 δόγματος,
585 457 650 511 δι’
676 451 751 512 ὧν
782 461 847 515 ἂν
879 464 1226 535 σφοδρότερον
1256 469 1286 539 ἡ
1297 468 1413 538 μῶν
1437 473 1553 533 ταῖς
1589 471 1831 541 βλασφη-

1959 487 2032 524 ιρι·
2082 488 2143 526 ea
2184 473 2498 542 prazpollere
2531 490 2706 542 posse,
2742 492 2835 545 per
2886 492 3006 547 qum
3042 492 3141 533 nos
3194 479 3500 536 maledictis

278 548 425 618 μίαις
458 551 791 607 καθικνεῖται
819 556 951 626 (74),
988 560 1231 629 παριδεῖν
1258 558 1406 632 οἶμαι
1436 564 1629 635 χρῆναι
1653 566 1743 618 τόν
1772 583 1833 635 γε

275 638 396 691 νοῦν
421 639 631 710 ἔχοντα,
664 645 758 696 καὶ
780 648 847 715 τῇ
874 647 1009 719 ἀκοῇ
1030 648 1136 701 τῶν
1160 651 1593 722 ἐντυγχανόντων
1621 655 1836 723 ἐπιτρέ-

274 730 369 797 ψαι
404 732 503 801 τὴν
529 734 729 803 κρίσιν,
754 736 897 800 τίνες
928 740 976 791 οἱ
1023 742 1443 814 παραχαράκται
1472 746 1567 814 τῆς
1608 747 1837 800 ἀποστο-

276 820 432 891 λικῆς
465 827 572 876 είσι
620 826 875 894 πίστεως,
926 832 1086 900 ἡμεῖς
1112 834 1161 885 ot
1195 835 1333 889 κατὰ
1364 837 1460 906 τὴν
1489 837 1580 890 τοῦ
1627 838 1836 893 Παύλου

277 913 458 983 φωνὴν
486 917 704 983 γνόντες
736 920 835 989 μὲν
867 922 1007 975 κατὰ
1045 924 1221 994 σάρκα
1250 929 1503 998 Χριστὸν,
1536 930 1631 984 νῦν
1658 931 1714 984 δὲ
1741 932 1839 984 οὐκ

276 1003 354 1056 ἔτι
393 1006 780 1074 γινώσκοντες*
816 1011 849 1082 ἦ
887 1013 915 1064 ὁ
963 1013 1213 1078 πάντοτε,
1268 1018 1360 1070 κα)⁸
1400 1019 1507 1090 πρὸ
1551 1021 1648 1090 τῆς
1703 1022 1840 1075 κατὰ

278 1094 560 1167 ἄνθρωπον
589 1101 918 1173 οἰκονομίας,
955 1107 1044 1159 καὶ
1091 1108 1226 1177 μετὰ
1267 1108 1423 1162 τοῦτο
1459 1110 1549 1163 τὸν
1588 1112 1841 1182 σάρκινον

279 1188 469 1242 ἑαυτοῦ
493 1192 624 1244 Θεὸν
656 1197 963 1266 περιφέρων
989 1197 1068 1268 τῷ
1097 1200 1274 1271 λόγῳ·
1309 1202 1627 1275 προστίθησι
1649 1204 1761 1273 (75)
1784 1206 1843 1259 δὲ

279 1279 374 1354 τὴν
425 1285 576 1356 παρὰ
622 1286 728 1339 τῶν
777 1289 1042 1343 Ἰουδαίων
1090 1294 1458 1367 γεγενημένην
1510 1296 1629 1349 κατ’
1679 1296 1843 1352 αὑτοῦ

282 1372 644 1445 βλασφημίαν,
684 1378 745 1429 τὸ
794 1378 966 1448 φάγον
1014 1380 1175 1435 αὐτὸν
1232 1384 1483 1451 λέγεσθαι
1525 1388 1655 1457 παρ’
1702 1388 1845 1443 ἐκεί-

281 1482 384 1517 νων
414 1469 508 1520 καὶ
532 1470 831 1542 οἰνοπότην,
865 1473 957 1526 καί
998 1493 1161 1546 φησιν
1197 1478 1467 1546 ἀναγκαῖα
1495 1476 1631 1534 εἶναι
1673 1480 1845 1536 ταῦτα

281 1556 372 1608 ἐπὶ
409 1555 501 1609 τοῦ
535 1558 817 1629 ἀνθρώπου
853 1562 985 1632 (76).
1019 1566 1114 1629 Τίς
1144 1563 1235 1620 οὖν
1265 1571 1293 1621 ὁ
1324 1568 1606 1639 ἄνθρωπος
1631 1574 1659 1625 ό
1696 1573 1847 1643 παρὰ

282 1646 388 1699 τῶν
431 1649 694 1703 Ἰουδαίων
726 1652 817 1704 ἐπὶ
853 1653 1050 1724 βρώσει
1084 1675 1141 1710 τε
1177 1660 1270 1712 καὶ
1298 1661 1365 1732 τῇ
1406 1660 1560 1715 πόσει
1592 1662 1844 1728 ὀνειδιζό-

287 1753 471 1807 μενος;
517 1741 774 1813 Μετέχων
816 1746 1040 1811 τούτων,
1078 1749 1110 1819 ἢ
1161 1750 1423 1821 ἀμέτοχος
1453 1751 1559 1819 ῶν;
1607 1754 1745 1808 Ἀλλ’
1796 1757 1847 1809 εἰ

288 1829 384 1900 μὲν
407 1834 481 1903 μὴ
512 1838 745 1905 μετεῖχε,
775 1836 994 1909 δόκησις
1028 1835 1124 1911 ἦν·
1155 1842 1202 1893 εἰ
1238 1842 1293 1894 δὲ
1318 1847 1551 1915 μετεῖχε,
1579 1847 1761 1918 γήϊνον
1787 1847 1849 1901 τὸ
1878 1822 1922 1881 Β

287 1925 641 1996 μετεχόμενον
664 1945 675 1958 υ
706 1928 767 1981 τὸ
798 1929 853 1981 δὲ
881 1931 1131 2002 οὐράνιον
1154 1934 1241 1988 διὰ
1269 1935 1375 1990 τῶν
1406 1939 1607 2009 γηΐνων
1632 1940 1692 1993 οὐ
1732 1939 1851 2012 τρέ-

286 2033 463 2085 φεται.
501 2019 565 2071 Ὠ
592 2022 689 2091 τῆς
717 2021 823 2076 τῶν
856 2025 1069 2079 ἀτόπων
1104 2028 1502 2101 ὲναντιότητοςῑ
1536 2032 1659 2095 Πῶς
1690 2033 1749 2085 ἐν
1772 2032 1851 2105 τῷ

285 2108 434 2179 αὐτῷ
486 2114 599 2175 τοῖς
645 2115 905 2180 ἐναντίοις
949 2118 1345 2174 καταϐάλλεται
1404 2122 1659 2192 πτώμασι
1689 2124 1702 2177 l
1738 2124 1853 2178 Νῦν

292 2200 388 2271 μὲν
420 2201 586 2271 λέγει,
620 2206 902 2277 κρείττονα
938 2211 1037 2277 τῆς
1084 2211 1425 2284 ἀνθρωπίνης
1462 2214 1673 2282 φύσεως
1715 2212 1853 2269 εἶναι

287 2292 378 2346 τὸν
409 2297 731 2364 σωματικῶς
788 2303 1217 2373 προφαινόμενον
1257 2305 1387 2374 (77).
1438 2305 1605 2360 Πάλιν
1656 2306 1713 2359 δὲ
1762 2308 1856 2360 καὶ

291 2383 396 2437 τῶν
452 2384 752 2455 ἀνθρώπων
801 2391 1220 2463 καταδεέστερον
1263 2394 1554 2459 δείκνυσιν,
1604 2396 1857 2468 ἠκρωτη-

295 2476 582 2545 ριασμένον
610 2477 686 2547 τῷ
712 2481 997 2551 κρείττονι.
1034 2482 1153 2536 Τῶν
1185 2484 1293 2555 γὰρ
1336 2486 1392 2537 ἐν
1423 2487 1552 2555 ἡμῖν
1594 2486 1655 2539 τὸ
1687 2487 1856 2555 ὑπερ..

292 2567 415 2636 έχον
463 2570 609 2621 ἐστὶν
658 2572 692 2641 ή
748 2571 977 2637 διάνοια,
1002 2570 1071 2647 ἧς
1114 2577 1338 2649 ἄμοιρον
1376 2572 1515 2632 εἶναι
1559 2578 1658 2649 τὴν
1685 2578 1859 2649 σάρκα

294 2656 459 2724 λέγει.
484 2659 541 2709 ἐν
631 2659 659 2711 ὀ
693 2659 824 2724 Θεὸς
855 2663 1171 2736 ἐφανερώθη
1194 2682 1207 2695 ·
1250 2665 1521 2720 καὶτοῦτο
1553 2668 1735 2737 σαφῶς
1774 2667 1860 2721 διὰ

295 2747 400 2801 τῶν
423 2749 617 2822 ἐφεξῆς
646 2751 872 2821 ἀγώνων
909 2757 1348 2823 κατασκευάζων,
1382 2759 1466 2829 ἐφ’
1499 2752 1573 2812 ὦν
1598 2760 1645 2813 εί
1677 2761 1750 2831 μή
1776 2777 1861 2824 τις

295 2843 546 2912 περιττὸν
570 2846 755 2914 ἡγοῖτο
780 2846 879 2917 τὴν
911 2849 1140 2921 ἐπιμελῆ
1182 2851 1288 2905 τῶν
1313 2854 1555 2923 ματαίων
1595 2851 1859 2918 ἐξέτασιν,

294 2928 360 2983 δι’
392 2932 586 2999 ὀλίγων
609 2937 718 2998 τοῖς
752 2937 1058 3007 εἰρημένοις
1083 2940 1546 3012 ἐπιδραμούμεθα.
1570 2943 1733 2995 Πάλιν
1756 2944 1861 3013 γὰρ

295 3022 496 3093 πλῆθος
534 3024 741 3095 ὕϐρεων
788 3028 1127 3100 ἐπαντλήσας
1154 3034 1218 3103 τῇ
1271 3037 1578 3105 συγγραφῇ,
1624 3034 1863 3088 τοιοῦτον

298 3114 417 3166 καθ’
436 3115 593 3185 ἡμῶν
619 3115 772 3186 λόγον
788 3120 1138 3188 προτείνεται.
1163 3123 1367 3176 ἀδικεῖν
1396 3124 1567 3192 λέγων
1588 3127 1713 3190 τοὺς
1737 3126 1862 3178 ταὺ-

298 3206 387 3258 τὸν
416 3202 555 3260 εἶναι
613 3208 919 3276 φάσκοντας
962 3212 1162 3282 σαρκὸς
1212 3214 1405 3269 ἕνωσιν
1450 3216 1544 3269 καὶ
1575 3217 1860 3287 ἀνθρώπου

300 3298 620 3369 πρόσληψιν.
666 3300 804 3368 Ἐγὼ
834 3302 889 3355 δὲ
926 3304 1031 3357 κᾶν
1058 3307 1437 3379 ἀγροικότερον
1469 3306 1604 3363 εἷναι
1647 3310 1775 3381 δοκῇ
1802 3311 1864 3363 τὸ

298 3386 605 3458 λεγόμενον,
636 3392 734 3445 οὐκ
778 3394 1148 3466 ἐπικρύψομαι
1175 3398 1272 3467 τὴν
1313 3399 1591 3470 ἀλήθειαν,
1626 3403 1705 3456 ὅτι
1748 3402 1863 3457 οὗθ’

298 3482 485 3554 ἕτερον
533 3484 640 3536 τῶν
681 3486 984 3556 είρημένων
1012 3488 1046 3542 δ
1102 3489 1223 3543 καθ’
1273 3492 1417 3561 ἡμᾶς
1450 3492 1751 3564 ἰδιωτισμὸς
1797 3495 1863 3548 δι’

299 3576 492 3645 άκριδε
502 3576 583 3640 ίας
602 3576 898 3649 συνίστησι.
912 3578 975 3631 Τί
987 3580 1094 3651 γὰρ
1104 3581 1345 3651 διαφέρει
1362 3585 1560 3654 σαρκὸς
1571 3586 1761 3648 ἕνωσις
1774 3588 1865 3639 καὶ

298 3665 587 3737 ἀνθρώπου
606 3668 923 3739 πρόσληψις,
945 3672 1142 3724 οὑτωσὶ
1158 3675 1296 3726 κατὰ
1309 3674 1368 3726 τὸ
1385 3676 1668 3747 πρόχειρον
1692 3680 1754 3749 ἐρ
1762 3697 1865 3749 μη-

302 3757 478 3811 νεύειν
510 3759 609 3813 οὑκ
635 3759 881 3830 εὔπορον,
916 3762 1049 3815 διότι
1074 3764 1353 3834 πολλαχῶς
1390 3771 1585 3821 νοεῖται
1612 3772 1644 3839 ή
1676 3769 1866 3833 Evam;

302 3851 398 3903 καὶ
414 3850 651 3922 ἀριθμῷ,
672 3853 764 3906 καὶ
777 3853 925 3917 εῐδει,
940 3854 1030 3908 καὶ
1044 3855 1221 3924 φύσει,
1237 3861 1330 3911 καὶ
1350 3860 1758 3931 ἐπιτηδεύμασι,
1775 3865 1867 3916 καί

308 3944 615 4015 μαθήμασι,
638 3945 858 4009 καὶτοῖς
881 3946 1021 4000 κατὰ
1044 3948 1207 4014 κακὰ,
1226 3948 1259 4019 ἢ
1279 3950 1477 4023 ἀρετὴν
1493 3952 1603 4021 (78)
1621 3953 1867 4024 ἱδιώμασι

306 4031 824 4103 καὶὲπιτηδεύμασι.
850 4034 945 4097 Τίς
965 4031 1057 4088 οὖν
1090 4039 1283 4108 ἐστινὴ
1309 4040 1409 4109 τῆς
1430 4042 1627 4109 σαρκὸς
1657 4043 1866 4107 ἓνωσις,

307 4120 418 4174 εἴτε
440 4123 573 4193 πρὸς
592 4123 808 4195 ἑαυτὴν,
835 4125 940 4178 εἴτε
966 4127 1100 4197 πρὸς
1122 4128 1306 4198 ἕτερον
1330 4131 1589 4203 ὲνουμὲνη
1610 4133 1742 4204 (79),
1764 4138 1872 4189 τῶν

308 4216 715 4286 ἐρμηνευόντων
753 4217 843 4269 τὸν
875 4217 1029 4287 λόγον
1061 4220 1308 4289 δεόμεθα.
1344 4224 1415 4276 ’Ἢ
1447 4241 1505 4276 τε
1538 4225 1630 4279 τοῦ
1673 4227 1877 4298 άνθρώτ

310 4323 412 4359 που
446 4307 745 4378 πρόσληψις
774 4309 890 4373 πῶς
932 4311 1157 4379 γίνεται,
1192 4314 1367 4378 ποίου,
1417 4317 1509 4369 καὶ
1550 4317 1730 4384 πόθεν,
1783 4321 1875 4373 καὶ¹

309 4395 448 4457 πῶς.
480 4396 572 4463 καὶ
606 4395 756 4467 παρὰ
781 4396 943 4460 τίνος,
976 4400 1064 4451 καὶ
1098 4401 1216 4454 τίνα
1244 4405 1441 4473 τρόπον
1474 4409 1877 4480 προσειλημμέ-

1942 564 2125 617 acrius
2161 564 2393 633 impetit,
2428 568 2819 621 contemnenda
2854 585 2978 624 esse
3034 570 3272 624 arbitror
3307 572 3505 642 cuique

1942 669 2075 709 sana
2106 664 2283 710 mente
2305 658 2547 726 pnedito,
2578 673 2640 711 ac
2688 660 2949 714 lectorum
2969 661 3176 731 judicio
3204 662 3506 733 relinquen-

1942 746 2093 811 dum,
2144 750 2363 817 quinam
2412 766 2536 805 vere
2574 753 2923 821 apostolicam
2960 755 3115 809 Iidem
3151 756 3455 810 adulterent
3488 774 3502 810 :

1945 854 2116 896 nosne
2160 842 2253 911 qui
2278 842 2433 912 juxta
2463 842 2614 897 Pauli
2649 844 2815 899 verba
2835 845 2881 878 “
2911 846 3261 916 cognovimus
3286 846 3504 916 quidem

1946 932 2245 986 secundum
2282 948 2501 987 carnem
2548 933 2845 999 Christum,
2882 953 3024 990 nunc
3073 953 3202 991 vero
3248 938 3358 1007 jam
3396 953 3508 993 non

1946 1026 2347 1093 cognoscimus,
2380 1042 2448 1079 an
2506 1026 2628 1088 iste,
2666 1028 2758 1096 qui
2810 1043 3021 1097 semper
3069 1036 3181 1083 tum
3233 1038 3358 1084 ante
3392 1038 3507 1083 tum

1948 1123 2070 1184 post
2098 1116 2555 1186 dispensationem
2615 1134 2735 1188 quae
2765 1119 3010 1173 humanae
3045 1131 3248 1175 naturas
3298 1136 3510 1176 assum-

1949 1207 2132 1276 ptione
2165 1206 2301 1261 faeta
2334 1219 2438 1270 est,
2468 1207 2634 1263 Deum
2656 1225 2821 1264 carne
2847 1210 3127 1280 praeditum
3181 1227 3209 1264 a
3250 1227 3309 1266 se
3335 1212 3509 1265 conti-

1949 1304 2094 1350 ctum
2124 1298 2401 1366 praedicat.
2434 1299 2593 1354 Addit
2639 1311 2817 1356 autem
2852 1302 2935 1356 his
2989 1318 3110 1371 qua:
3156 1303 3317 1356 modo
3349 1303 3507 1364 dixit,

1948 1381 2259 1439 Judaeorum
2311 1387 2574 1442 adversus
2628 1388 2905 1444 Christum
2960 1390 3372 1459 blasphemiam,
3404 1405 3511 1460 qua

1952 1476 2130 1544 ipsum
2187 1493 2434 1534 voracem
2476 1480 2746 1536 hominem
2777 1490 2831 1536 et
2871 1482 2978 1534 vini
3024 1490 3317 1550 potatorem
3350 1497 3512 1535 voca-

1952 1568 2101 1630 bant,
2144 1569 2325 1639 aitque
2375 1572 2487 1626 haec
2541 1574 2854 1629 necessario
2882 1589 3003 1629 esse
3056 1574 3123 1628 de
3175 1574 3392 1629 homine
3422 1574 3509 1627 di-

1950 1659 2143 1714 cenda.
2182 1657 2385 1730 Ecquis
2422 1662 2587 1729 igitur
2649 1663 2810 1716 homo
2845 1664 2933 1717 ille
2956 1672 3039 1717 est
3090 1664 3175 1716 cui
3209 1664 3277 1717 ab
3309 1662 3513 1717 Judacis

1952 1757 2113 1818 potus
2150 1750 2367 1819 cibique
2395 1750 2624 1807 aviditas
2658 1752 3053 1822 exprobratur?
3090 1752 3315 1815 Cibone,
3354 1765 3513 1822 potu-

1950 1855 2056 1909 que
2117 1841 2387 1907 utebatur,
2427 1858 2492 1896 an
2535 1843 2728 1897 secus?
2773 1842 2933 1912 Atqui
2980 1844 3026 1897 si
3075 1860 3181 1897 non
3234 1844 3512 1907 utebatur,

1950 1933 2132 1988 inanis
2163 1933 2252 1987 ille
2284 1942 2338 1988 et
2375 1934 2630 1989 simulata
2658 1938 2867 2004 species
2893 1943 3038 1999 erat;
3068 1935 3151 1991 sin
3184 1946 3363 1991 autem
3398 1944 3518 1989 ute-

1950 2020 2132 2086 batur,
2163 2030 2413 2078 terrenus
2438 2024 2624 2093 utique
2662 2034 2776 2078 erat
2810 2024 2966 2078 cibus
2998 2025 3090 2079 ille
3123 2034 3280 2094 atque
3330 2033 3513 2092 potus,

1950 2128 2112 2183 quem
2148 2115 2427 2184 capiebat;
2459 2116 2603 2185 quod
2641 2125 2818 2169 autem
2858 2116 3076 2169 cmleste
3122 2124 3225 2178 est,
3282 2116 3516 2170 terrenis

1954 2205 2121 2261 rebus
2155 2221 2263 2261 non
2304 2207 2489 2260 alitur.
2521 2205 2565 2261 Ο
2593 2207 2781 2259 miram
2824 2205 3183 2260 absurdarum
3218 2222 3396 2261 rerum
3430 2222 3517 2261 re-

1953 2298 2342 2369 pugnantiam!
2397 2297 2464 2352 Ut
2499 2299 2646 2352 circa
2697 2313 2858 2350 uuam
2890 2297 3244 2367 eamdemque
3298 2314 3410 2352 rem
3464 2299 3518 2352 in

1954 2391 2259 2446 contrarios
2292 2406 2507 2445 errores
2536 2391 2834 2445 delabitur!
2873 2390 3033 2446 Modo
3073 2392 3289 2461 quidem
3325 2393 3522 2446 asserit

1955 2495 2102 2547 eum,
2130 2485 2222 2551 qui
2238 2496 2467 2551 corpore
2488 2482 2745 2551 praeditus
2776 2482 3522 2551 apparebat,przestantiorem

1958 2572 2191 2627 humana
2240 2573 2517 2627 exstitisse
2540 2574 2765 2626 natura.
2822 2570 2939 2625 Mox
2968 2588 3097 2626 vero
3149 2572 3399 2625 eumdem
3431 2572 3526 2625 ho-

1958 2664 2197 2719 minibus
2242 2664 2556 2719 inferiorem
2610 2664 2850 2727 exhibet,
2908 2677 2971 2717 ac
3006 2664 3215 2733 potiore
3264 2664 3345 2717 sui
3376 2672 3525 2732 parte

1961 2757 2290 2810 mutilatum.
2330 2754 2536 2809 Cuncta
2560 2754 2703 2808 enim
2735 2769 2855 2823 quae
2904 2755 2959 2808 in
2995 2754 3153 2809 nobis
3183 2764 3325 2817 sunt,
3372 2768 3525 2808 mens

1960 2845 2221 2915 dignitate
2238 2842 2520 2914 praecellit,
2547 2843 2704 2912 cujus
2735 2851 3008 2913 expertem
3046 2858 3167 2898 esse
3192 2858 3436 2903 carnem.
3469 2846 3525 2897 in

1962 2951 2069 3005 qua
2122 2933 2268 2989 Deus
2309 2934 2689 2988 manifestatus
2735 2943 2838 2998 est,
2868 2934 3101 3001 asserit;
3133 2934 3294 3003 idque
3340 2934 3527 2989 multis

1963 3028 2220 3095 deinceps
2249 3025 2535 3079 conatibus
2559 3026 2735 3095 palam
2773 3026 2991 3091 astruit,
3040 3028 3094 3079 in
3115 3026 3315 3095 quibus
3344 3012 3525 3089 modo,
3558 3042 3559 3045 η

1888 3160 1929 3215 C
1964 3132 2032 3173 ne
2053 3118 2178 3187 quis
2206 3117 2373 3172 stulta
2404 3124 2568 3186 atque
2624 3117 2804 3187 inepta
2839 3124 3091 3173 accurate
3131 3117 3407 3172 discutere
3435 3132 3528 3172 su-

1964 3224 2357 3281 pervacaneum
2414 3209 2713 3274 existimet,
2774 3224 2896 3281 quae
2927 3210 2995 3264 ab
3051 3209 3171 3280 ipso
3221 3210 3367 3265 dicta
3400 3217 3530 3264 sunt

1963 3301 2202 3356 breviter
2228 3315 2635 3371 percurramus.
2663 3300 2879 3357 Rursus
2909 3302 3053 3357 enim
3082 3315 3278 3372 magna
3308 3300 3531 3370 injuria-

1965 3408 2083 3447 rum
2128 3393 2286 3461 copia
2346 3408 2500 3447 suam
2568 3393 2918 3463 scriptionem
2980 3392 3296 3456 refcrciens,
3368 3393 3531 3446 talem

1965 3485 2228 3540 adversus
2251 3500 2349 3541 nos
2378 3501 2686 3541 sermonem
2716 3486 2769 3541 in
2806 3485 3042 3541 medium
3076 3484 3305 3556 profert,
3334 3493 3393 3538 ut
3427 3485 3531 3537 im-

1966 3580 2054 3646 pie
2082 3593 2176 3633 eos
2196 3579 2398 3634 sentire
2426 3579 2573 3634 dicat
2598 3578 2692 3648 qui
2715 3594 2879 3633 unum
2912 3578 3167 3648 idemque
3204 3592 3328 3632 esse
3355 3576 3531 3637 aiunt,

1966 3673 2150 3725 carnis
2212 3671 2511 3724 unitionem
2563 3677 2616 3723 et
2652 3670 2892 3724 hominis
2934 3667 3358 3739 susceptionem.
3425 3666 3535 3737 Ego

1967 3768 2145 3812 autem
2177 3759 2277 3814 etsi
2298 3758 2557 3814 rusticius
2581 3758 2727 3829 loqui
2757 3758 3250 3823 videar,veritatem
3271 3772 3380 3811 non
3406 3756 3535 3810 abs-

1969 3850 2200 3905 condam
2225 3888 2243 3914 .
2276 3860 2532 3905 neutrum
2588 3866 2785 3919 nempe
2816 3865 3005 3905 eorum
3043 3865 3165 3920 quae
3194 3848 3355 3904 modo
3388 3849 3534 3903 dicta

1970 3955 2097 4001 sunt
2126 3952 2329 3999 nostra:
2389 3944 2589 4013 lingua:
2615 3941 2891 3996 idiotismo
2939 3950 3128 3996 exacte
3159 3940 3536 4011 comprobari.

1971 4039 2112 4105 Quid
2143 4039 2289 4094 enim
2324 4038 2578 4093 dill'erant
2606 4036 2790 4091 carnis
2821 4035 2994 4090 unitio
3027 4042 3081 4089 et
3109 4034 3345 4089 hominis
3413 4048 3539 4087 sus—

1972 4133 2153 4203 ceptio
2185 4172 2199 4193 ,
2231 4131 2377 4185 haud
2432 4129 2505 4183 ita
2530 4128 2585 4183 in
2621 4127 2843 4198 proclivi
2901 4138 2984 4182 est
3033 4126 3215 4180 verbis
3233 4124 3532 4194 explicare,

1973 4219 2415 4292 quandoquidem
2446 4218 2795 4274 multifariam
2820 4218 3089 4287 variisque
3119 4217 3171 4270 in
3203 4215 3364 4270 rebus
3407 4214 3542 4269 unio

1973 4313 2379 4373 consideratur,
2422 4312 2474 4364 in
2500 4323 2728 4363 numero
2762 4306 2989 4370 scilicet,
3025 4307 3078 4360 in
3109 4306 3310 4375 specie,
3357 4303 3411 4357 in
3443 4319 3543 4357 na-

1978 4413 2123 4471 tura,
2153 4404 2205 4457 in
2232 4403 2520 4466 institutis,
2551 4400 2606 4454 in
2640 4396 2926 4462 doctrinis,
2975 4397 3027 4451 in
3059 4396 3281 4450 malitiae
3310 4395 3395 4451 vel
3428 4394 3542 4448 vir-

310 4506 425 4553 νου,
469 4488 602 4559 (80),
631 4489 824 4560 ἐπίσης
872 4491 948 4560 τῷ
986 4493 1305 4563 προλαϐόντι
1356 4498 1486 4566 ἡμῖν
1520 4499 1628 4571 (81)
1667 4502 1724 4553 ἐν
1767 4504 1860 4556 τοῖς

1985 4498 2118 4551 tutis
2145 4494 2590 4565 proprietatibus,
2627 4498 2680 4546 et
2706 4504 2833 4558 erga
2866 4490 3181 4543 alterutram
3213 4488 3432 4542 studiis.
3456 4484 3545 4540 ln-

310 4580 693 4649 ἀγνοουμένοις
737 4582 902 4633 ἐστίν.
938 4582 1081 4644 Ἕως
1110 4584 1216 4654 γάρ
1242 4584 1307 4639 ἂν
1362 4588 1434 4657 μὴ
1469 4588 1545 4659 τῷ
1599 4591 1728 4661 θείῳ
1775 4595 1874 4662 τῆς

314 4669 536 4740 Γραφῆς
579 4668 731 4722 ἆλατι
756 4668 847 4721 τὸν
878 4671 1002 4739 περ).
1042 4674 1335 4744 μυστηρίου
1378 4675 1532 4743 λόγον
1560 4677 1671 4747 (82)
1705 4682 1875 4751 ἐπαρ-

310 4760 456 4814 τύων
496 4761 766 4831 προφέρῃ.
800 4763 861 4813 τὸ
914 4766 1350 4835 μεμωραμμένον
1392 4767 1490 4835 τῆς
1534 4769 1636 4833 ἔξω
1688 4772 1876 4840 σοφίας

315 4852 449 4914 ἆλας
473 4852 751 4905 πατεῖσθαι
778 4852 928 4923 παρὰ
953 4854 1059 4907 τῶν
1089 4855 1290 4909 πιστῶν
1316 4858 1744 4931 καταλείψωμεν.
1781 4863 1876 4926 Τίς

314 4944 424 4996 τῶν
450 4944 842 5011 εὑαγγελιστῶν
891 4946 1090 5016 σαρκὸς
1128 4947 1320 5000 ἕνωσιν
1352 4950 1646 5021 διηγήσατο
1672 4968 1686 5015 ;
1720 4955 1876 5009 Ποῖον

313 5038 374 5091 δὲ
400 5036 509 5089 τῶν
550 5036 918 5090 άποστολικῶν
956 5038 1304 5110 διηγημάτων
1340 5042 1437 5113 τὴν
1468 5043 1561 5095 τοῦ
1596 5044 1879 5116 ἀνθρώπου

391 5147 436 5180 ⁸⁸
468 5145 507 5201 ll
537 5146 663 5201 Cor.
692 5163 743 5209 ν,
771 5146 853 5200 l6.

391 5284 505 5353 (75)
535 5283 695 5337 Corr.
724 5283 1075 5353 καθικνῆται.

392 5354 505 5424 (75)
533 5356 690 5408 (Zorr.
723 5354 1048 5424 προστιθείς.

391 5422 503 5494 (76)
555 5422 776 5478 Locum‘
812 5429 956 5479 hunc
1002 5440 1175 5492 usque
1217 5424 1281 5494 ad
1329 5422 1418 5476 illa
1460 5422 1621 5477 verba
1659 5424 1747 5477 διὰ
1775 5424 1884 5477 τῶν

321 5493 525 5569 γηΐνων
551 5498 611 5549 οὐ
646 5495 922 5569 τρέφεται,
950 5496 1131 5569 laudat
1155 5493 1477 5564 Euthymius
1510 5494 1563 5545 iu
1596 5496 1755 5569 toties
1776 5495 1887 5547 lau-

322 5565 449 5622 data
474 5565 739 5636 Panoplia
786 5568 1030 5619 adversus
1058 5566 1278 5621 haereses
1324 5575 1474 5633 parte
1524 5580 1584 5626 ιι,
1621 5566 1706 5616 tit.
1765 5580 1883 5627 xm,

327 5636 609 5709 pag.7526,
642 5652 786 5691 vers.
825 5636 1087 5691 Christus.

399 5704 513 5769 (77)
572 5709 647 5762 Ita
705 5722 872 5773 corr.,
907 5718 1061 5761 antra
1090 5713 1267 5760 autem
1318 5713 1433 5760 erat
1464 5704 1521 5757 τὸ
1563 5704 1885 5774 σωματικῶς

332 5782 782 5851 προφαινόμενον.

1980 4597 2277 4659 terpretum
2313 4587 2493 4656 itaque
2523 4584 2880 4654 explicatione
2909 4581 3061 4635 nobis
3084 4596 3221 4649 opus
3248 4591 3350 4645 est,
3382 4589 3441 4634 ut
3464 4581 3547 4632 in-

1981 4681 2286 4751 telligamus
2324 4692 2571 4749 quamam
2614 4677 2685 4731 sit
2716 4675 2829 4730 btec
2863 4676 3042 4729 carnis
3094 4673 3244 4739 unio,
3272 4675 3389 4727 sive
3420 4687 3545 4725 eum

1982 4776 2272 4844 semetipsa
2308 4773 2421 4826 sive
2467 4784 2591 4823 cum
2619 4768 2725 4822 alio
2770 4768 2921 4820 inita.
2953 4764 3201 4820 Hominis
3235 4764 3395 4818 etiam
3421 4778 3547 4817 sus-

1984 4866 2159 4935 ceptio
2183 4858 2479 4933 quomodo,
2507 4874 2571 4913 ex
2604 4856 2775 4927 quali,
2799 4864 2853 4909 et
2872 4854 3014 4909 unde
3045 4852 3157 4917 ﬁat,
3189 4867 3252 4905 ac
3285 4860 3544 4921 praeterea

1986 4953 2278 5026 quomodo,
2353 4949 2645 5008 undenam,
2716 4953 2770 5001 et
2827 4960 3061 5014 quanam
3121 4943 3332 4997 ratione
3386 4942 3549 4994 homo

1989 5054 2273 5114 susceptus
2307 5044 2397 5105 sit,
2440 5055 2592 5110 aeque
2615 5054 2677 5092 ac
2723 5035 3076 5107 praecedentia
3111 5035 3265 5089 nobis
3306 5034 3549 5103 ignotum

2060 5286 2170 5354 (78)
2232 5286 2310 5340 Ita
2342 5300 2511 5349 corr.,
2535 5285 2688 5353 prius
2732 5290 2850 5337 erat
2887 5279 3027 5333 κατὰ
3079 5276 3252 5347 κακὴν
3291 5275 3534 5345 ἀρετήνε

1989 5358 2128 5409 mala
2160 5359 2336 5410 lectio.

2063 5426 2174 5498 (79)
2204 5427 2363 5498 liorr.
2417 5426 2537 5495 éyou
2546 5425 2739 5494 μένως.

2062 5488 2173 5568 (80)
2204 5495 2281 5568 Ita
2302 5488 2457 5549 corr:
2477 5488 3151 5568 ιίηὶείιπροσειλημμένος.

2066 5560 2175 5637 (8|)
2208 5567 2389 5637 Com,
2417 5560 2736 5637 προλαθόντι
2770 5564 2862 5614 καὶ
2882 5560 3050 5637 causa
3070 5560 3217 5637 ἡμῖν.

2063 5624 2174 5707 (82)
2205 5636 2357 5691 Corr.
2378 5624 2520 5705 περὶ
2542 5635 2634 5687 τοῦ
2661 5630 2954 5704 μυστηρίου
2984 5629 3076 5681 τὸν
3092 5624 3273 5695 λόγον.
3326 5624 3389 5678 Et
3422 5634 3549 5677 mox

1992 5706 2111 5761 ἆλα.
