4020 6586
565 282 718 338 1199

1830 290 1886 347 S.
1920 291 2243 350 GREGORH
2268 293 2563 348 NYSSENI

3633 303 3740 357 19.θύ

561 416 669 459 est.
703 404 832 459 Nam
881 409 1118 476 quandiu
1150 409 1346 464 divina:
1381 409 1674 482 Scriptura:
1705 413 1818 469 sale
1845 415 2124 468 conditum

2257 418 2560 489 πρόσληψιν,
2601 423 2798 474 οὑτωσὶ
2847 421 2987 476 κατὰ
3012 420 3112 490 τὴν
3140 419 3279 484 λέξιν
3321 419 3538 484 ἑδίδαξε;
3577 421 3656 485 Τίς
3679 424 3745 476 νό-

564 492 634 550 de
657 497 759 551 hoc
783 500 1045 569 mysterio
1077 515 1382 556 sermonem
1411 519 1518 556 non
1557 505 1812 573 proferet,
1848 507 2136 560 evanidum

566 597 803 643 externae
857 591 1138 660 sapientiae
1178 591 1347 647 salem
1404 594 1653 651 fidelibus
1697 599 2134 651 conculcandum

567 679 961 747 relinquemus.
1038 681 1363 753 Ecquisnam
1447 687 1900 756 evangelistarum
1952 691 2134 744 carnis

569 770 868 824 unitionem
960 775 1465 829 connnemoravit?
1510 775 1767 842 Quaenam
1843 780 2140 848 apostolica

570 858 772 928 scripta
799 859 1038 916 hominis
1061 865 1460 933 susceptionem
1485 865 1633 920 hisce
1661 867 1858 936 quibus
1893 869 2006 937 ipse
2038 871 2142 922 titi-

568 957 661 1003 tur
705 951 888 1005 verbis
933 967 1034 1007 nos
1076 954 1383 1010 edocuere?
1409 958 1538 1021 Quae
1563 958 1667 1023 lex,
1712 959 1803 1028 qui
1845 961 2143 1029 prophetae,

572 1056 817 1110 qutenam
851 1059 880 1097 a
922 1043 1030 1098 Deo
1059 1046 1322 1115 inspirata
1365 1047 1669 1117 Scriptura,
1704 1066 1952 1119 qutenam
1981 1066 2144 1121 syno-

571 1133 692 1187 dica
716 1135 926 1189 sanctio
946 1137 1050 1190 tale
1071 1137 1201 1206 quid
1232 1138 1388 1193 nobis
1406 1139 2148 1204 custodiendum,commisit?

570 1224 837 1281 Creterum
865 1243 931 1282 ex
980 1228 1066 1282 his
1093 1228 1306 1285 duobus
1364 1231 1568 1294 verbis,
1621 1233 1868 1286 unitione
1897 1233 2148 1288 videlicet

572 1314 780 1379 carnis,
804 1322 857 1369 et
882 1318 1229 1385 susceptione
1254 1318 1509 1382 hominis,
1540 1335 1708 1372 unum
1737 1320 1955 1390 quidem
1989 1323 2146 1378 nobis

573 1407 818 1469 ascribit,
852 1406 1000 1461 aliud
1031 1423 1162 1463 vero
1185 1410 1269 1462 sui
1299 1411 1577 1481 proprium
1615 1428 1738 1467 esse
1760 1412 1926 1478 dicit;
1964 1423 2144 1466 utrum

575 1507 755 1552 autem
790 1497 980 1552 horum
1012 1499 1115 1554 sibi
1148 1501 1406 1564 vindicet,
1443 1501 1621 1555 adhuc
1653 1503 1997 1572 ambigimns.
2036 1501 2146 1556 Nos

573 1589 718 1643 enim
750 1591 833 1644 vel
851 1599 1106 1646 neutrum
1131 1607 1319 1647 eorum
1353 1595 1640 1647 verborum
1679 1609 2028 1660 usurpamus,
2061 1594 2146 1647 vel

2249 529 2367 581 μος,
2396 515 2536 564 ποῖοι
2595 513 2890 582 προφῆται,
2931 513 3014 577 τίς
3055 512 3399 575 θεόπνευστος
3439 512 3594 579 λόγος,
3630 519 3746 569 ποῖον

2249 605 2463 658 συνόδου
2518 605 2712 675 δόγμα,
2759 605 2998 658 τοιοῦτον
3043 607 3173 676 ἡμῖν
3203 604 3312 673 (85)
3366 605 3745 674 παρακατέθετο;

2262 695 2353 748 Ἐκ
2390 696 2593 750 τούτων
2639 698 2818 749 τοίνυν
2854 696 2961 749 τῶν
3006 696 3098 748 δύο
3135 695 3386 765 ῥημάτων
3426 695 3481 746 τὸ
3529 696 3615 763 μὲν
3649 699 3748 765 ἡμῖν

2248 789 2562 859 προσνέμει,
2584 789 2642 841 τὸ
2666 789 2722 842 δὲ
2745 789 2792 842 ῐδ
2802 807 2876 841 ιον
2901 785 3038 842 εἶναι
3067 787 3213 855 λέγει
3232 803 3246 817 ·
3279 786 3495 856 πότερον
3519 786 3568 838 δὲ
3591 787 3749 841 τούτων

2249 880 2442 934 ἑαυτοῦ
2461 883 2710 944 ποιεῖται,
2739 882 2898 952 μέχρι
2928 880 3018 933 τοῦ
3039 878 3131 933 νῦν
3160 876 3570 948 ἀμφιϐάλλομεν.
3604 877 3751 946 Ἡμεῖς

2248 973 2356 1043 γὰρ
2393 971 2427 1042 ἦ
2460 971 2574 1027 οὗθ’
2606 974 2792 1042 ἓτερον
2835 971 3200 1041 οἰκειούμεθα,
3237 969 3269 1040 ἢ
3307 970 3592 1038 ἀμφότερα,
3620 968 3690 1022 διὰ
3709 971 3752 1021 τὸ

2253 1064 2520 1137 μηδεμίαν
2548 1067 2605 1118 ὲν
2632 1064 2840 1135 θατέρῳ
2867 1066 3003 1136 πρὸς
3027 1064 3086 1116 τὸ
3109 1063 3292 1133 ἕτερον
3327 1060 3569 1127 διαφορὰν
3593 1060 3753 1133 ἔξευρε.

2254 1174 2424 1212 σκειν.
2459 1157 2532 1209 Ἦ
2564 1174 2622 1209 τε
2648 1157 2756 1227 γὰρ
2773 1159 2962 1215 Evam:
2991 1156 3124 1226 πρός
3150 1173 3201 1206 τι
3236 1154 3455 1220 γίνεται,
3483 1152 3515 1220 ἦ
3543 1169 3591 1203 τε
3626 1153 3754 1220 πρόσ-

2249 1245 2408 1316 ληψίς
2451 1265 2596 1311 τινος
2648 1248 2862 1309 πάντως
2911 1247 3088 1299 ἐστίν’
3137 1245 3391 1313 ἑκάτερον
3431 1241 3484 1294 δὲ
3533 1243 3616 1312 τὴν
3652 1242 3754 1310 πρὸς

2250 1337 2436 1408 ἕτερον
2498 1337 2681 1407 σχέσιν
2720 1335 3078 1405 ὑποσημαίνει
3119 1334 3253 1403 (84),
3291 1333 3383 1385 καὶ
3428 1336 3455 1386 ὁ
3496 1331 3755 1401 προσλαὸὼν

2251 1431 2452 1500 ἥνωται
2478 1428 2555 1496 τῷ
2594 1425 3010 1498 προσληφθέντι.
3053 1424 3145 1478 καὶ
3173 1422 3233 1474 τὸ
3257 1420 3449 1474 ένωθὲν
3472 1421 3551 1472 διὰ
3569 1420 3756 1491 προσλή-

2251 1520 2398 1590 ψεως
2423 1520 2647 1589 ἥνωται.

575 1694 900 1757 utrumque;
956 1701 1238 1758 pr0pterea
1279 1689 1422 1758 quod
1463 1691 1609 1743 nulla
1643 1692 1693 1744 in
1726 1706 1782 1743 re
1812 1692 2040 1744 alterum
2081 1689 2150 1742 ab
2187 1687 2358 1742 altero
2423 1681 2641 1734 diﬂerre
2686 1675 3130 1748 deprehenditur.
3187 1673 3320 1727 Nam
3385 1683 3436 1728 et
3481 1673 3632 1726 unitio
3665 1688 3756 1726 cum

576 1778 758 1848 aliqua
789 1793 848 1832 re
875 1779 952 1841 fit,
988 1788 1040 1832 et
1069 1779 1343 1849 susceptio
1391 1795 1500 1834 non
1535 1782 1641 1835 nisi
1670 1781 1902 1848 alicujus
1953 1781 2027 1834 rei
2090 1779 2364 1846 susceptio
2420 1781 2548 1838 est;
2602 1779 2896 1838 utrumque
2954 1775 3132 1821 autem
3192 1765 3504 1820 relationem
3562 1767 3620 1818 ad
3657 1765 3757 1816 alte-

575 1885 698 1924 rum
730 1871 984 1937 denotat;
1021 1872 1112 1940 qui
1147 1872 1290 1926 enim
1315 1873 1562 1942 suscipit,
1596 1888 1718 1927 cum
1744 1883 2001 1944 suscepto
2026 1873 2232 1933 unitur,
2273 1876 2326 1923 et
2352 1865 2495 1937 quod
2530 1863 2932 1934 unitur,utique
2958 1876 3054 1931 per
3081 1859 3480 1928 susceptionem
3509 1857 3756 1928 copulatur.

648 1982 864 2036 XXXV.
899 1983 1004 2039 Sed
1039 1984 1174 2039 duas
1212 2000 1495 2053 personas,
1530 1986 1694 2041 Deum
1723 1995 1777 2042 et
1811 2002 1839 2041 a
1869 1988 1980 2042 Deo
2014 2002 2137 2042 sus-

2260 1981 2269 1991 ’
2333 1980 2472 2032 Ἀλλ’
2504 1980 2648 2049 ἡμᾶς
2703 1993 2832 2046 φησι
2867 1974 2959 2028 δύο
3003 1974 3273 2045 πρόσωπα
3319 1971 3507 2039 λέγειν,
3561 1970 3636 2022 τὸν
3659 1970 3758 2022 Θεὸν

579 2085 794 2146 ceptum
827 2076 1100 2132 hominem
1150 2092 1250 2131 nos
1272 2077 1454 2132 dicere
1500 2078 1592 2133 ille
1637 2080 1876 2134 asserit:
1927 2094 1988 2132 se
2019 2093 2147 2132 vero

579 2165 727 2221 haud
759 2167 833 2220 ita
863 2181 1088 2236 prorsus
1113 2167 1314 2221 sentire
1337 2209 1351 2234 ,
1400 2168 1647 2237 quinimo
1684 2168 1865 2225 dicere
1895 2170 2147 2223 incarna-

583 2267 699 2311 tum
750 2257 916 2313 fuisse
969 2257 1269 2318 Christum,
1326 2274 1559 2328 eumque
1608 2276 1715 2314 non
1783 2276 1906 2316 esse
1961 2263 2027 2314 ab
2069 2261 2150 2315 in-

583 2361 848 2414 corporeo
915 2346 1229 2410 diversum,
1288 2347 1381 2402 scd
1436 2365 1600 2403 unum
1666 2352 2026 2420 eumdemque
2083 2351 2147 2406 ad

584 2436 994 2491 similitudinem
1067 2445 1266 2492 nostra:
1345 2454 1507 2507 quam
1565 2440 1619 2493 in
1689 2455 1853 2495 carne
1920 2441 2151 2494 vivimus

583 2529 723 2582 vitae.
777 2527 967 2582 Adhuc
1027 2544 1198 2597 nugas
1253 2545 1382 2584 suas
1424 2545 1518 2599 per
1566 2545 1652 2595 ea,
1693 2547 1814 2601 quae
1864 2540 2008 2586 stare
2054 2548 2152 2586 ne-

584 2629 810 2690 queunt,
858 2621 1013 2676 nobis
1057 2622 1328 2678 edisserit.
1384 2621 1629 2679 Carncus
1681 2624 1798 2692 ejus
1838 2623 1981 2678 Deus
2022 2624 2154 2678 sim-

585 2713 705 2782 plex
733 2719 922 2764 natura
956 2727 1075 2766 esse
1107 2728 1213 2765 non
1249 2720 1457 2781 potest;
1495 2729 1653 2767 nemo
1687 2716 1828 2768 enim
1853 2722 1938 2768 est
1962 2716 2054 2783 qui
2097 2715 2151 2769 in

589 2820 756 2858 carne
777 2793 1181 2873 simplicitatem
1219 2804 1390 2873 possit
1431 2806 1756 2874 conspicari.
1791 2806 1943 2871 Quod
1977 2817 2153 2860 autem

588 2897 817 2966 simplex
845 2912 951 2949 non
978 2905 1080 2958 est,
1119 2898 1534 2965 compositionis
1559 2913 1755 2966 expers
1787 2914 1909 2952 esse
1946 2899 2151 2967 nequit.

590 2989 657 3040 At
686 2988 788 3042 iste
816 3004 980 3040 unum
1020 3003 1138 3042 esse
1181 2989 1332 3052 dicit,
1380 2989 1568 3042 eodem
1619 3005 1843 3058 prorsus
1902 2991 2061 3043 modo
2093 3004 2156 3044 ac

590 3081 966 3151 unusquisque
1013 3091 1258 3136 nostrum
1328 3099 1470 3138 unus
1519 3091 1623 3146 est,
1673 3083 1763 3152 qui
1803 3099 1869 3136 ex
1908 3098 2156 3152 corpore,

589 3171 786 3239 inquit,
820 3171 1013 3240 spiritu
1047 3181 1098 3225 et
1131 3171 1312 3226 anima
1352 3181 1686 3227 constamus.
1717 3173 1920 3226 Novum
1950 3174 2156 3226 muneri

588 3278 760 3334 genus
808 3278 954 3316 nunc
998 3263 1232 3332 primum
1283 3263 1642 3326 addiscimus,
1706 3279 1872 3316 unum
1918 3279 1980 3317 ea
2034 3279 2154 3318 esse

589 3323 765 3408 cdocti
796 3369 914 3424 quae
949 3323 1014 3407 in.
1056 3355 1158 3408 tria
1200 3354 1401 3409 diversi
1430 3355 1643 3425 generis
1682 3354 2016 3408 dividuntur.
2047 3352 2151 3408 Sed
2182 3323 2222 3377 C

593 3445 646 3499 in
679 3445 823 3499 aliud
857 3453 1072 3514 tempus
1102 3461 1407 3501 sermonem
1439 3447 1504 3500 de
1557 3446 1774 3514 spiritu,
1813 3460 1972 3514 quem
2000 3446 2159 3512 Apol-

594 3536 784 3591 linaris
806 3537 1087 3605 confingit,
1125 3537 1449 3592 (liberamus.
1502 3536 1612 3592 Nos
1661 3553 1788 3592 vero
1827 3537 2157 3591 crassiorem

593 3629 828 3683 hominis
859 3628 1306 3698 divisionemqua
1339 3628 1584 3698 plerique
1617 3637 1846 3682 utuntur
1869 3627 2066 3688 edocti,
2094 3642 2160 3682 ex

593 3719 773 3772 anima
829 3720 1166 3789 intelligente
1213 3727 1267 3775 et
1320 3736 1550 3789 corpore
1595 3719 1869 3775 hominem
1901 3720 2159 3775 constitui

594 3809 844 3864 fatemur.
878 3809 1163 3876 Quomodo
1201 3812 1383 3880 itaque
1411 3811 1655 3867 dicemus
1681 3811 1790 3865 duo
1822 3827 1988 3864 unum
2015 3827 2158 3874 esse,

593 3917 717 3956 cum
743 3901 1037 3972 Apostolus
1062 3903 1345 3958 manifeste
1371 3905 1510 3959 duos
1544 3904 1792 3958 homines
1821 3904 1875 3956 in
1909 3917 2156 3972 unoquo-

593 4011 700 4066 que
749 4004 997 4051 nostrum
1051 3997 1320 4059 observet,
1354 3997 1482 4050 dum
1523 3995 1721 4066 inquit,
1783 3995 1925 4049 Licet
1955 3997 2019 4057 is,
2067 3997 2157 4064 qui

593 4086 723 4156 foris
751 4097 853 4151 est,
899 4095 1074 4140 noster
1125 4088 1277 4141 homo
1321 4089 1696 4156 corrumpitur,
1755 4102 1952 4156 corpus
1995 4085 2157 4141 intel-

593 4179 795 4249 ligens,
865 4188 1035 4233 tanien
1075 4181 1118 4232 is
1180 4181 1270 4249 qui
1321 4181 1462 4233 intus
1494 4190 1593 4242 est,
1641 4189 1920 4232 renovatur
1961 4177 2024 4232 de
2077 4179 2160 4233 die

594 4269 649 4323 in
678 4270 816 4324 diem
851 4271 918 4334 ’⁸,
953 4273 1188 4324 animam
1219 4271 1302 4324 his
1330 4269 1513 4324 verbis
1538 4271 1877 4326 subobscure
1905 4270 2155 4326 innuens.

594 4360 757 4430 Atqui
782 4363 827 4416 si
855 4371 965 4417 tres
987 4372 1144 4417 erant
1170 4363 1470 4417 secundum
1499 4363 1861 4432 Apollinarem
1889 4361 2156 4426 homines,

594 4453 733 4509 duos
781 4453 1004 4508 omnino
1048 4454 1350 4510 invisibiles
1411 4463 1465 4509 et
1499 4469 1665 4509 unum
1724 4453 1992 4508 visibilem
2047 4460 2159 4506 sta-

595 4545 789 4600 tuisset
814 4545 1129 4614 Apostolus;
1165 4547 1236 4600 ita
1263 4557 1320 4600 ut
1340 4547 1688 4616 quantumvis
1719 4547 1809 4602 ille
1832 4547 1990 4615 juxta
2020 4545 2159 4600 divi-

2251 2075 2344 2127 καὶ
2374 2072 2462 2124 τὸν
2499 2071 2648 2140 παρὰ
2698 2069 2806 2136 (85)
2836 2068 2930 2121 τοῦ
2971 2066 3103 2120 Θεοῦ
3158 2063 3556 2137 προσληφθέντα
3592 2062 3759 2132 ἄνθρω-

2251 2183 2349 2218 πον
2373 2178 2388 2192 ⁶
2424 2162 2584 2215 αὑτὸν
2616 2162 2672 2214 δέ
2725 2179 2856 2232 φησι
2888 2161 2961 2232 μὴ
3005 2159 3178 2222 οὕτως
3223 2160 3386 2228 ἔχειν,
3423 2155 3550 2209 ἀλλά
3582 2154 3760 2222 φάσκειν

2248 2259 2340 2310 τὸν
2391 2253 2761 2324 σαρκωθέντα,
2822 2253 2916 2306 καὶ
2966 2251 3098 2305 ὅντα
3153 2251 3254 2320 οὐχ
3314 2249 3494 2320 ’έτερον
3535 2248 3661 2318 παρὰ
3694 2245 3759 2299 τὸν

2250 2345 2560 2415 ἀσώματον,
2611 2342 2745 2395 ἀλλὰ
2800 2342 2891 2394 τὸν
2931 2339 3092 2393 αὑτὸν
3137 2339 3263 2394 καθ’
3311 2339 3554 2408 ὁμοίωσιν
3609 2335 3761 2406 ἡμετέ-

2253 2454 2351 2509 ρας
2385 2437 2440 2487 ἐν
2467 2434 2630 2505 σαρκὶ
2651 2433 2795 2502 ζωῆς
2815 2432 2950 2501 (86).
2980 2433 3100 2484 Ἔτι
3123 2430 3210 2484 διὰ
3225 2430 3334 2482 τῶν
3359 2428 3643 2482 ἀσυστάτων
3664 2427 3761 2496 ἡμῖν

2251 2528 2374 2590 τοὺς
2417 2525 2724 2596 φληνάφους
2774 2523 3044 2588 διέξεισιν.
3092 2523 3151 2575 '0
3191 2521 3443 2591 σάρκινος
3481 2518 3625 2572 αὑτοῦ
3665 2516 3762 2576 Θεὸς

2251 2619 2453 2682 ἁπλοῦς
2475 2617 2613 2672 εἶναι
2639 2617 2798 2687 φύσιν
2817 2618 2916 2670 οὐκ
2930 2615 3064 2686 ἔχειν
3087 2615 3148 2667 οὐ
3171 2613 3283 2684 γάρ
3305 2614 3369 2667 ἄν
3390 2629 3468 2674 τις
3489 2611 3541 2663 ὲν
3565 2612 3619 2680 τῇ
3641 2606 3762 2679 σαρκὶ

2253 2711 2313 2762 τὸ
2346 2708 2548 2763 ἁπλοῦν
2593 2707 2916 2778 θεωρήσειε·
2965 2706 3028 2758 τὸ
3065 2705 3121 2757 δὲ
3156 2702 3231 2774 μὴ
3273 2700 3492 2763 ἁπλοῦν,
3532 2696 3761 2751 ἀσύνθετον

2255 2799 2392 2855 εἶναι
2419 2802 2480 2852 οὐ
2528 2799 2770 2852 δύναται.
2824 2797 2963 2850 Ἀλλ’
3002 2791 3153 2858 οὗτος
3195 2789 3338 2847 εἶναι
3367 2793 3426 2845 τὸ
3460 2791 3513 2843 ἓν
3541 2789 3682 2856 λέγει,
3707 2787 3762 2851 ὡς

2255 2894 2347 2947 καὶ
2371 2893 2527 2963 ἡμῶν
2569 2893 2820 2957 ἕκαστον,
2865 2892 2929 2942 ὲκ
2964 2888 3299 2958 πνεύματος,
3330 2885 3478 2954 φησὶ,
3513 2884 3596 2934 καὶ
3631 2881 3763 2948 duxi};

2257 2985 2350 3037 καὶ
2385 2982 2654 3053 σώματος.
2698 2979 2810 3033 Νῦν
2850 2979 3080 3051 πρώτως
3127 2977 3186 3030 τὸ
3212 2975 3400 3029 καινὸν
3425 2969 3551 3037 εἶδος
3573 2971 3652 3024 τοῦ
3671 2972 3764 3040 ἀρι-

2258 3075 2394 3146 θμοῦ
2429 3073 2801 3143 ἐδιδάχθημεν,
2854 3069 3114 3140 μαθόντες
3148 3069 3228 3121 ὅτι
3263 3067 3331 3120 τὰ
3375 3068 3451 3129 είς
3476 3066 3590 3136 τρία
3626 3064 3765 3131 ἑτερο-

2258 3169 2387 3237 γενῆ
2443 3165 2745 3239 διῃρημένα
2794 3162 2959 3233 μονάς
2991 3163 3153 3212 ἐστιν.
3204 3158 3345 3211 Ἀλλ’
3374 3161 3401 3210 ὁ
3440 3158 3528 3227 μὲν
3568 3150 3764 3224 περὶτοῦ

2260 3257 2694 3318 ἁναπλασθέντος
2727 3253 2872 3323 αὑτῷ
2910 3252 3234 3321 πνεύματος,
3270 3247 3594 3320 ὑπερκείσθω
3629 3246 3764 3310 λόγος.

2263 3351 2417 3405 Κατὰ
2449 3350 2503 3403 δὲ
2528 3350 2626 3419 τὴν
2658 3345 3142 3416 παχυμερεστέραν
3170 3343 3267 3396 τοῦ
3317 3341 3588 3412 ἀνθρώπου
3616 3338 3765 3406 τομὴν,

2261 3444 2439 3508 καθὼς
2491 3444 2541 3496 οἱ
2592 3441 2774 3494 πολλοὶ
2821 3436 3117 3508 διαιροῦσιν
3175 3434 3313 3503 (87).
3368 3431 3682 3500 ἐδιδάχθημεν
3721 3428 3769 3477 ἐκ

2261 3540 2446 3610 νοερᾶς
2477 3535 2651 3606 ψυχῆς
2694 3534 2786 3587 καὶ
2816 3529 3067 3601 σώματος
3100 3523 3238 3580 εἶναι
3266 3526 3366 3596 τὴν
3404 3523 3492 3577 τοῦ
3539 3519 3768 3610 ἀνθρώπου

2263 3631 2516 3682 σύστασιν
2551 3623 2958 3696 ὁμολογοῦντες.
2993 3619 3116 3681 Πῶς
3143 3619 3390 3688 εἴπωμεν
3419 3615 3484 3668 τὰ
3511 3614 3593 3667 δύο
3617 3611 3680 3673 ἒν,
3698 3605 3769 3659 τοῦ

2274 3719 2590 3774 ’Λποστόλου
2639 3714 2845 3782 σαφῶς,
2897 3713 2990 3764 δύο
3056 3707 3380 3779 ἀνθρώπους
3428 3707 3546 3775 περὶ
3587 3704 3769 3754 ἕκαστον

2263 3812 2565 3880 βλέποντος,
2600 3808 2657 3860 ὲν
2685 3800 2765 3868 οἷς
2796 3821 2979 3873 φησιν,
3007 3804 3069 3854 Ei
3091 3799 3187 3853 καὶ
3214 3803 3246 3853 d
3274 3801 3496 3862 ἔξωθεν
3529 3792 3671 3860 ἡμῶν
3690 3788 3770 3840 ἆν-

2261 3906 2489 3969 θρωπος
2513 3898 2927 3967 διαφθείρεται,
2957 3893 3018 3944 τὺ
3050 3891 3208 3960 σῶμα
3227 3890 3426 3958 λέγων,
3454 3887 3580 3942 ἀλλ’
3609 3887 3636 3938 ό
3659 3883 3771 3935 ἐσω-

2260 3998 2362 4048 θεν
2416 3988 2836 4045 ἀνακαινοῦται
2866 3983 3054 4052 ἡμέρᾳ
3109 3983 3205 4036 καὶ
3251 3981 3458 4050 ἡμέρᾳ,
3507 3979 3594 4048 τὴν
3632 3973 3770 4042 ψυχὴν

2260 4085 2645 4154 αἰνισσόμενος.
2676 4079 2867 4133 Καίτοι
2910 4078 2956 4130 εἰ
2990 4077 3133 4144 τρεῖς
3164 4069 3306 4143 ἦσαν
3363 4073 3497 4124 κατὰ
3528 4069 3608 4120 τὸν
3647 4066 3770 4116 Ἀπη-

2259 4176 2494 4247 λινάριον
2522 4173 2814 4243 ἄνθρωποι,
2851 4167 2943 4221 δύο
2977 4166 3189 4225 πάντως
3231 4163 3298 4216 ἂν
3329 4162 3453 4223 τοὺς
3485 4158 3679 4226 ἀφανεῖς
3701 4152 3769 4205 καὶ

2259 4271 2354 4324 ἕνα
2392 4267 2613 4334 ἐποίησε
2655 4263 2744 4316 τὸν
2783 4261 3120 4330 φαινόμενον,
3154 4257 3294 4309 ὥστε
3349 4254 3448 4308 κᾶν
3489 4255 3541 4304 ἐν
3570 4249 3635 4320 τῷ
3677 4243 3768 4298 καθ’

2261 4362 2405 4432 ἡμᾶς
2449 4357 2788 4426 ὲπιδείγματι
2827 4351 3084 4424 κρατύνει
3116 4349 3208 4401 τὸν
3247 4347 3378 4400 ἴδιον
3413 4344 3578 4412 λόγον.
3615 4339 3770 4432 ἐνόνο-

2263 4429 2448 4522 μάζων
2479 4448 2545 4500 τὰ
2591 4447 2701 4508 δύο,
2731 4442 3143 4514 παραγράφεται
3177 4438 3335 4490 αὐτὸν
3365 4437 3394 4488 ό
3441 4433 3649 4493 Παῦλος,
3671 4429 3768 4532 5M1:-

2263 4520 2368 4612 ρῶν
2413 4539 2502 4591 τὴν
2535 4536 2816 4605 ἄνθρωπον
2850 4535 2908 4584 ὲν
2937 4534 3002 4601 τῇ
3044 4531 3198 4599 δυῖκῇ
3245 4525 3506 4597 σημασία.
3548 4520 3771 4612 Ἐπειοὺν

595 4637 801 4691 sionem
851 4645 1094 4689 nostram
1135 4635 1386 4690 humana:
1421 4644 1628 4690 natura}
1681 4634 1929 4704 exemplo
1962 4634 2029 4689 ad
2058 4634 2153 4687 ﬂr-

2258 4609 2346 4685 διὰ
2375 4630 2469 4682 τοῦ
2515 4625 2850 4696 ἀνθρωπίνου
2890 4623 2980 4675 τὸν
3011 4619 3102 4673 τοῦ
3141 4619 3404 4687 δόγματος
3448 4612 3623 4668 ἑαυτοῦ
3651 4609 3769 4674 λόγον

595 4725 846 4778 mandant
894 4738 1049 4778 suam
1099 4733 1364 4788 uteretur,
1418 4741 1584 4779 unum
1636 4740 1840 4780 vocans
1881 4740 2002 4792 quae
2048 4723 2157 4778 duo

596 4823 744 4880 sunt,
774 4830 804 4867 a
833 4813 1000 4868 Paulo
1028 4815 1380 4871 nihilominus
1421 4817 1692 4871 hominem
1725 4817 1860 4872 duas
1889 4817 1943 4871 in
1975 4827 2159 4886 partes

596 4904 869 4960 dividente
899 4903 1257 4960 refelleretur.
1287 4904 1555 4972 Quoniam
1604 4907 1787 4975 itaque
1815 4907 2062 4976 exemplo
2091 4924 2158 4962 ex

595 4997 832 5052 humana
869 5007 1060 5052 natura
1112 4998 1400 5068 desumpto
1447 4999 1726 5068 proprium
1773 5016 1931 5055 suum
1962 4999 2156 5070 dogma

595 5086 1023 5149 confirmat,hoc
1047 5089 1213 5142 semel
1232 5103 1442 5146 everso.
1461 5098 1516 5142 et
1531 5088 1666 5143 illud
1687 5090 1832 5158 quod
1857 5088 1924 5144 de
1943 5089 2158 5144 Christo

595 5191 803 5245 censet,
833 5195 940 5235 una
971 5195 1200 5250 prorsus
1253 5179 1587 5235 confutatur.
1621 5181 1773 5247 Quod
1806 5188 1986 5237 autem
2009 5196 2160 5237 asse-

667 5317 714 5349 "
743 5315 784 5369 ll
820 5317 946 5372 Cor.
981 5334 1054 5382 Iv,
1087 5318 1171 5372 i6.

669 5432 782 5569 (85)
818 5432 986 5489 I’ron.
1016 5435 1146 5503 ἡμῖν
1191 5448 1338 5488 corr.
1375 5430 1499 5486 add.

670 5504 761 5569 (84
807 5503 964 5558 Corr.
992 5503 1374 5569 ἀποσημαίνει.

670 5503 782 5574 (8})
807 5503 964 5574 Corr.
992 5503 1374 5574 ἀποσημαίνει.

599 5571 782 5696 τδ(85)
812 5572 887 5658 Ita
918 5589 984 5628 ex
1012 5571 1166 5629 corr.
1179 5571 1586 5635 emendatione;
1615 5587 1740 5626 nam
1769 5571 1823 5627 in
1852 5579 2003 5627 textu
2037 5579 2155 5626 erat

661 5659 689 5695 ν
719 5659 948 5696 πατεοα.

798 5659 851 5694 τβ
937 5683 948 5694 .

661 5659 794 5784 ’ξετᾶῗ
819 5659 999 5767 Efabic
1036 5727 1180 5768 corr.
1227 5711 1659 5768 emendationem
1713 5715 1883 5768 secuti
1923 5727 2152 5779 sumus;

2265 4725 2563 4791 συνίστησι,
2594 4721 2656 4791 τῇ
2682 4717 2870 4772 τούτου
2897 4715 3171 4783 ἀνατροπῇ
3192 4707 3423 4766 ’κάκεῖνο
3459 4711 3653 4768 πάντως
3677 4717 3770 4756 aw-

2263 4816 2635 4884 απελέγχεται·
2657 4811 2685 4863 ὃ
2699 4810 2752 4862 δὲ
2769 4809 2936 4877 λέγει,
2952 4804 3186 4860 τοιοῦτόν
3209 4806 3342 4866 ἐστι,
3369 4805 3449 4856 ὅτι
3474 4802 3677 4862 ’Ὠσπερ
3693 4793 3771 4884 (in

2266 4881 2498 4977 θρωποξ
2512 4903 2645 4974 (88),
2662 4899 2748 4965 εἷς
2763 4901 2930 4953 ἐστιν
2944 4898 3010 4950 ἐκ
3031 4897 3363 4961 πνεύματος
3379 4892 3472 4946 καί
3485 4887 3686 4959 ψυχῆς,
3697 4881 3769 4936 καὶ

2265 4999 2555 5067 σώματος.
2617 4991 2758 5061 Ἐγὼ
2803 4991 2900 5061 μὲν
2935 4987 3117 5058 ἠξίουν
3163 4987 3423 5058 πρότερον
3470 4982 3572 5053 (89)
3623 4979 3770 5046 στῆναι

2265 5089 2416 5142 ποίου
2451 5085 2714 5154 σώματος,
2742 5081 2834 5134 καί
2860 5079 3022 5133 πόθεν
3047 5079 3395 5148 εἰλημμένου,
3424 5077 3514 5128 καὶ
3538 5074 3651 5128 πότε
3669 5071 3772 5123 πλαο

2265 5178 2500 5241 σθέντος,
2531 5178 2624 5229 καὶ
2667 5173 2910 5243 ποδαπῆς
2937 5171 3132 5241 ψυχῆς,
3166 5169 3199 5239 ἢ
3232 5169 3455 5239 λογικῆς
3491 5165 3614 5238 (90),
3646 5159 3773 5234 ῆᾰνυ

2258 5438 2413 5484 antea
2448 5427 2592 5482 enim
2623 5434 2740 5481 erat
2764 5425 3037 5496 ἡμετέραν
3071 5422 3166 5493 τῆς
3198 5424 3255 5476 ἐν
3291 5420 3453 5492 σαρκὶ
3478 5415 3628 5486 ζωῆς.

2327 5497 2440 5566 (87)
2473 5496 2629 5550 Corr.
2660 5496 2906 5566 διαιρεῖν.

2327 5565 2436 5638 (88)
2470 5566 2623 5638 (ξοντ’.
2716 5565 3018 5638 ᾅνθρωποέ.
3056 5632 3135 5638 ω
3336 5627 3364 5638 _

2329 5625 2435 5705 (89)
2457 5636 2629 5708 _Corr.
2654 5634 2763 5704 ἐγὼ
2795 5625 2892 5705 μὲν
2928 5625 3022 5708 οὖν
3047 5632 3232 5708 ὴξίουν
3274 5627 3430 5708 τοῦτο
3457 5625 3713 5708 πρότερον.

2325 5698 2432 5780 (9οι
2457 5706 2533 5762 lta
2559 5698 2726 5771 corrI;
2754 5698 2809 5760 in
2845 5703 2968 5761 cod.
2995 5698 3138 5761 enim
3166 5708 3249 5758 est
3273 5701 3319 5753 εἰ
3351 5698 3590 5768 λογικῆς.
