4020 6508
249 439 383 496 1201

1406 446 1632 502 AUVER
1642 445 1774 503 SUS
1812 445 2326 504 APOLLINAREM.

3354 456 3491 512 i202

248 560 545 631 θρωπίνης,
575 561 606 632 ἢ
638 561 852 631 ἀλόγου,
878 564 1175 630 τουτέστιν,
1198 566 1246 619 εί
1276 566 1526 636 κτηνείας
1554 567 1661 636 (91)
1683 561 1814 619 εἶναι

1924 566 1996 621 rit
2025 567 2335 638 hujusmodi
2357 579 2440 625 est
2471 590 2484 622 :
2517 570 2966 637 Quemadmodum
2996 573 3148 625 homo
3176 588 3335 625 unum
3364 576 3488 643 quid

247 651 339 703 τὸν
367 650 648 720 ἄνθρωπον
693 655 893 706 ἐκεῖνον
921 656 1110 721 οίεται,
1151 651 1249 709 εἶθ’
1278 656 1448 720 οὕτως
1492 656 1819 726 ἐπεμϐαλεῖν

248 738 309 791 τὸ
338 740 543 809 νοερὸν,
573 740 707 810 ὅπερ
729 740 855 794 ἄλλο
876 759 928 794 τι
959 744 1107 813 παρὰ
1136 744 1197 796 τὸ
1229 743 1443 814 πνεῦμα
1469 742 1604 798 εἷναί
1634 762 1814 815 φησιν·

249 832 341 884 ἐπὶ
375 833 472 900 μὲν
507 831 662 902 ήμῶν
691 833 834 898 νοῦν,
865 835 957 887 ἐπὶ
1003 835 1212 889 ἐκείνου
1256 835 1311 888 δὲ
1345 836 1476 890 Θεὸν
1501 836 1779 906 ὀνομάζων
1799 854 1814 869 ·

247 924 298 976 εί
323 924 430 994 γάρ
453 940 535 985 τις
567 923 814 994 οὐρανίου
846 925 1129 996 ἀνθρώπου
1157 927 1352 992 πλάσις
1379 927 1498 981 καθ’
1529 929 1818 999 ὁμοιότητα

248 1013 341 1066 τοῦ
371 1015 553 1083 χοϊκοῦ
600 1015 729 1084 παρ’
750 1015 912 1068 αὐτοῦ
935 1017 1194 1088 πρότερον
1214 1019 1518 1090 ἐπεδείχθη,
1543 1019 1818 1090 προήχθη-

251 1121 352 1174 μεν
387 1104 452 1157 ἆν
482 1105 548 1157 δι’
575 1105 895 1170 ἀκολουθίας
939 1106 1014 1178 τῷ
1045 1109 1219 1178 μύθῳ,
1251 1108 1511 1178 μαθόντες
1534 1110 1682 1181 παρὰ
1720 1110 1820 1179 τῆς

247 1196 440 1265 καινῆς
464 1196 666 1269 ταύτης
686 1198 894 1265 σοφίας,
913 1199 993 1252 ὅτι
1015 1200 1074 1252 τὸ
1100 1200 1199 1270 μὲν
1223 1201 1459 1269 ἐπίγειον
1478 1199 1585 1253 τῶν
1609 1200 1707 1253 ἀνθ
1716 1199 1819 1271 ρώ-

246 1305 364 1342 πων
394 1289 556 1358 φῦλον
591 1292 655 1343 ἐκ
695 1293 886 1360 νοερᾶς
931 1290 1108 1362 ψυχῆς
1155 1292 1250 1344 καὶ
1299 1291 1548 1363 σώματος
1595 1294 1696 1363 τὴν
1726 1293 1819 1346 σύ⁶

247 1398 434 1435 στασιν
468 1382 578 1452 ἔχει
603 1401 616 1412 ·
648 1383 802 1452 γένος
834 1383 889 1435 δέ
917 1384 1066 1437 ἐστιν
1098 1384 1206 1455 (92)
1243 1386 1576 1458 ἐπουρανίων
1603 1386 1816 1456 ἀνθρώ-

246 1489 384 1530 πων,
413 1467 493 1534 οἷς
544 1471 735 1539 ἄλογος
767 1473 865 1542 μὲν
905 1474 938 1543 ἠ
967 1472 1130 1544 ψυχὴ,
1177 1474 1337 1544 σῶμα
1363 1474 1420 1527 δὲ
1454 1473 1814 1544 ἀνθρώπινον,

245 1565 340 1616 καὶ
381 1563 512 1626 θεὸς
553 1564 674 1616 ἀντὶ
723 1563 815 1617 νοῦ
849 1564 962 1633 (95)
991 1563 1069 1631 τῷ
1097 1564 1240 1634 λόγῳ
1269 1564 1364 1617 τοῦ
1411 1564 1657 1635 σώματος
1722 1566 1815 1618 καὶ

1922 669 1998 712 est
2024 675 2088 714 ex
2106 661 2315 727 spiritu,
2345 662 2548 726 anima,
2585 670 2635 715 et
2669 676 2881 729 corpore
2913 671 3181 716 constans.
3226 662 3489 732 Equidem

1920 751 1990 805 ab
2007 751 2318 820 Apollinare
2339 752 2672 821 postularem
2696 761 2757 806 ut
2779 753 2929 823 prius
2953 761 3237 820 statueret,
3255 771 3320 809 ex
3351 769 3488 824 quo-

1920 857 2046 896 nam
2087 856 2341 913 corpore,
2389 843 2662 898 undenam
2695 853 2936 914 sumpto,
2982 846 3327 916 quandonam
3357 863 3488 902 con-

1919 933 2056 995 dito,
2087 944 2141 986 et
2165 948 2230 987 ex
2258 932 2408 1002 quali
2437 934 2641 997 anima,
2665 933 2997 987 rationaline
3046 943 3098 990 et
3120 933 3382 996 humana.
3413 951 3484 990 an

1919 1023 2246 1087 irrationali,
2281 1023 2383 1077 hoc
2409 1031 2495 1078 est
2543 1022 2804 1086 belluina,
2837 1022 3112 1078 hominem
3149 1024 3297 1078 illum
3331 1041 3484 1078 com-

1917 1116 2157 1186 positum
2193 1129 2316 1170 esse
2366 1114 2682 1177 arbitretur,
2711 1120 2766 1168 et
2805 1129 2874 1167 an
2923 1113 3121 1169 deinde
3155 1115 3379 1168 inditam
3407 1116 3485 1168 illi

1917 1206 2088 1263 fuisse
2113 1214 2332 1262 censeat
2355 1205 2736 1260 intellectivam
2757 1213 2964 1274 partem
2982 1219 3142 1275 quam
3162 1204 3429 1261 diversam
3455 1224 3487 1262 ιι

1919 1298 2110 1368 spiritu
2140 1311 2263 1353 esse
2294 1296 2448 1358 dicit,
2469 1311 2699 1362 eamque
2719 1296 2772 1350 in
2799 1295 2957 1350 nobis
2977 1295 3195 1366 quidem
3227 1302 3485 1360 mentem,

1917 1391 1973 1445 in
1999 1389 2218 1444 Christo
2250 1396 2429 1442 autem
2454 1387 2620 1441 Deum
2650 1398 2830 1441 vocat.
2865 1385 2924 1440 Si
2943 1388 3088 1442 enim
3121 1386 3340 1456 aliquod
3371 1400 3488 1442 cce-

1916 1481 2069 1534 l-estis
2088 1478 2324 1533 hominis
2354 1477 2628 1546 opiﬁcium
2651 1476 2717 1530 ad
2743 1476 2946 1531 terreni
2975 1475 3213 1530 hominis
3227 1475 3490 1531 similitu-

1914 1570 2094 1624 dinem
2113 1568 2334 1638 reperiri
2348 1566 2498 1636 prius
2515 1567 2581 1621 ab
2599 1567 2717 1636 ipso
2735 1573 3016 1621 ostensum
3037 1565 3249 1628 fuisset,
3275 1581 3480 1620 conse-

242 1654 342 1722 τῆς
384 1654 561 1724 ψυχῆς
611 1655 1005 1726 ἀνακιρνᾶται’
1055 1655 1116 1720 ἐξ
1166 1652 1240 1708 ὧν
1282 1651 1420 1708 εἶναι
1453 1655 1542 1710 τὸν
1588 1658 1679 1708 ἐπὶ
1712 1656 1814 1726 γῆς

1921 1657 2132 1728 quentia
2151 1657 2274 1712 inde
2296 1665 2532 1726 sumpta,
2550 1655 2745 1710 adduci
2771 1654 3000 1710 forsitan
3024 1655 3394 1724 potuissemus
3417 1654 3488 1710 ad

244 1746 480 1814 φανέντα
516 1745 882 1818 Ἀπολινάριος
913 1747 1104 1802 οἴεται.
1145 1748 1381 1802 Ἐκείνου
1409 1747 1466 1801 δὲ
1507 1748 1643 1818 μήτε
1681 1747 1814 1801 ἀπο-

1921 1748 2073 1804 lidem
2102 1746 2295 1802 fabulae
2331 1746 2454 1800 huic
2475 1746 2542 1801 ab
2569 1746 2756 1801 eodem
2789 1746 3033 1801 conﬁcta:
3078 1746 3491 1802 accommodan-

241 1834 564 1903 δειχθέντος,
595 1838 730 1905 μήτε
762 1836 932 1901 ὄντος,
959 1837 1052 1890 τοῦ
1073 1837 1130 1890 δὲ
1155 1838 1244 1890 διὰ
1267 1839 1366 1908 τῆς
1392 1837 1666 1909 Παρθένου
1691 1855 1814 1906 γεν-

1921 1841 2219 1907 dam,nov:e
2232 1839 2394 1908 hujus
2407 1839 2686 1909 sapientiae
2696 1839 3009 1909 magisterio
3019 1838 3196 1894 edocti
3211 1848 3487 1893 terrenum

241 1927 498 1998 νηθὲντος
531 1927 908 1997 ἁθετουμένου,
938 1928 1013 1992 ὡς
1040 1929 1162 1982 οὐδὲ
1204 1928 1307 1994 τῆς
1334 1929 1608 1999 ἡμετέρας
1649 1946 1814 1998 μετα-

1921 1933 2199 1986 hominum
2223 1946 2396 2001 genus
2422 1946 2485 1985 ex
2535 1930 2713 1983 anima
2748 1930 3028 1985 intellectu
3063 1930 3291 1999 praedita
3325 1940 3490 1998 atque

242 2019 465 2088 σχόντος
499 2019 730 2088 φύσεως,
757 2020 1032 2092 ἀλλότριον
1061 2019 1299 2092 ἡγοῦμαι
1327 2021 1422 2076 καὶ
1458 2020 1812 2075 ἀνακόλουθον

242 2106 404 2177 σῶμα
432 2108 530 2178 μὲν
553 2107 912 2178 ὀνομάζεσθαι
932 2109 996 2162 τὸ
1025 2109 1099 2180 μὴ
1123 2111 1300 2180 σῶμα,
1325 2109 1500 2181 ψυχὴν
1520 2111 1576 2164 δὲ
1604 2111 1814 2182 ἀνθρώ-

240 2217 350 2253 που
377 2201 475 2272 τὴν
499 2201 572 2272 μὴ
594 2201 790 2271 ψυχήν.
819 2203 882 2256 Εί
909 2202 1016 2271 γὰρ
1045 2205 1119 2274 μὴ
1145 2205 1339 2276 νοερὰν
1366 2206 1533 2277 αὐτήν
1563 2223 1648 2268 τις
1675 2202 1812 2259 εἶναι

240 2291 552 2362 ὁμολογοίη,
586 2293 706 2345 οὐδὲ
752 2293 1038 2364 ἀνθρώπου
1079 2295 1248 2365 αὑτὴν
1287 2296 1421 2360 ὅλως
1469 2296 1809 2367 συνθήσεται.

241 2383 462 2436 Τούτων
493 2383 549 2436 δὲ
581 2385 653 2454 μὴ
699 2385 886 2450 όντων,
928 2385 1049 2439 τίνα
1090 2387 1282 2456 καιρὸν
1321 2387 1431 2458 ἔχει
1481 2390 1514 2460 ἡ
1549 2389 1814 2459 τριμερὴς

241 2473 426 2544 ἐκείνη
453 2475 546 2528 τοῦ
585 2475 871 2546 ἀνθρώπου
902 2478 1042 2549 τομὴ
1072 2479 1204 2547 (94),
1233 2474 1300 2550 ἧς
1343 2481 1404 2532 τὸ
1436 2479 1534 2550 μὲν
1571 2480 1814 2552 δίμοιρον

239 2565 545 2636 ἄνθρωπος,
576 2566 706 2628 Θεὸς
732 2567 788 2619 δὲ
823 2568 884 2620 τὸ
917 2571 1294 2642 τριτημόριον;
1323 2573 1403 2624 Οὐ
1442 2572 1551 2639 γὰρ
1588 2571 1682 2632 ἂν,
1709 2589 1813 2641 φη-

242 2657 349 2720 σὶν,
397 2657 467 2708 ἐν
510 2655 822 2726 ὁμοιώματι
861 2659 1171 2727 ἀνθρώπου
1203 2661 1462 2728 γεγονὼς
1502 2663 1618 2729 εἴη,
1653 2663 1810 2732 εἰμὴ

239 2749 546 2819 τυγχάνοι,
575 2750 838 2818 καθάπερ
861 2752 1187 2819 ἅνθρωπος,
1216 2753 1361 2818 νοῦς
1388 2753 1680 2822 ἕνσαρκος
1707 2757 1809 2810 ὧν.

257 2841 396 2908 Ἐγὼ
423 2841 479 2893 δὲ
522 2841 570 2893 εἰ
614 2841 710 2910 μὲν
743 2845 946 2905 ἐκεῖνος
973 2844 1001 2895 6
1035 2842 1316 2915 ἄνθρωπος
1361 2846 1519 2909 ἄνους
1560 2843 1649 2917 ἦν,
1680 2850 1736 2899 ἐν
1770 2843 1814 2917 ᾧ

239 2931 375 2995 Θεὸς
399 2933 698 3003 κατήλλαξε
737 2935 827 2986 τὸν
864 2935 1065 3003 κόσμον
1094 2935 1290 3006 ἑαυτῷ,
1333 2939 1503 2989 εἰπεῖν
1535 2939 1634 2990 οὐκ
1669 2941 1776 3008 ἔχω
1797 2955 1810 2969 ·

241 3024 326 3078 ὅτι
353 3024 410 3076 δὲ
437 3026 465 3077 6
512 3025 682 3076 ταῦτα
733 3025 977 3095 γράφων,
1024 3027 1126 3092 ἔξω
1172 3027 1404 3091 διανοίας
1454 3025 1540 3100 ἦν,
1595 3030 1710 3082 καθ’
1755 3031 1813 3083 ὃν

243 3115 450 3186 ἔγραφε
488 3115 661 3168 ταῦτα
694 3118 904 3187 χρόνον,
935 3116 1036 3170 κᾶν
1059 3117 1167 3186 ἐγὼ
1191 3120 1264 3190 μὴ
1287 3119 1446 3180 είπω,
1478 3121 1546 3173 τὰ
1572 3139 1814 3192 γεγραμ-

1921 2038 2148 2092 corpore
2182 2031 2466 2086 constare;
2501 2021 2650 2075 aliud
2689 2035 2818 2075 vero
2860 2021 3134 2090 quoddam
3181 2019 3486 2076 cmlestium

1920 2114 2201 2168 hominum
2253 2129 2427 2184 genus
2464 2128 2608 2179 esse,
2638 2113 2839 2182 quibus
2868 2111 3079 2167 ratione
3124 2126 3319 2168 carens
3348 2110 3491 2167 inest

1921 2206 2122 2269 anima,
2155 2219 2356 2275 corpus
2384 2211 2564 2258 autem
2598 2204 2998 2271 humanum,‘et
3022 2197 3166 2259 Deus
3196 2203 3315 2259 loco
3337 2219 3491 2258 meu-

1921 2298 1991 2350 tis
2025 2297 2414 2350 commiscetur
2445 2295 2660 2362 animas,
2715 2304 2880 2365 atque
2919 2296 3169 2365 corporis
3221 2295 3490 2350 constitu-

1920 2387 2088 2453 tioni;
2118 2401 2149 2441 e
2169 2399 2399 2456 quorum
2420 2401 2648 2442 numero
2674 2387 2949 2442 hominem
2978 2386 3132 2440 illum
3163 2401 3286 2442 esse
3311 2385 3404 2456 qui
3431 2386 3499 2442 in-

1920 2487 2064 2532 terra
2087 2477 2335 2547 apparuit
2365 2477 2698 2548 Apollinaris
2748 2478 3069 2532 arbitratur.
3108 2475 3312 2532 Verum
3358 2493 3500 2532 cum.

1919 2568 2064 2624 istud
2095 2568 2374 2636 hominum
2407 2583 2578 2637 genus
2611 2582 2712 2622 nec
2741 2582 2863 2622 esse
2897 2567 3244 2630 ostendatur,
3281 2583 3382 2623 nec
3403 2584 3494 2623 re-

1918 2677 2044 2716 vera
2077 2661 2170 2727 sit,
2203 2676 2266 2715 ac
2297 2669 2560 2728 praterea
2583 2661 2676 2729 qui
2707 2675 2775 2714 ex
2798 2657 3022 2728 Virgine
3054 2667 3218 2714 natus
3246 2667 3351 2725 est,
3371 2666 3504 2713 tan-4

1917 2768 2082 2824 quam
2113 2751 2259 2806 nulla
2290 2753 2344 2806 in
2377 2767 2434 2806 re
2461 2760 2670 2806 natura:
2703 2759 2906 2808 nostra:
2927 2751 3218 2821 particeps,
3258 2750 3476 2820 rejicia-

1919 2854 2031 2900 tur:
2060 2845 2352 2900 absurdum
2385 2851 2439 2898 et
2455 2843 2856 2910 inconsequens
2876 2855 2998 2896 esse
3020 2839 3261 2894 arbitror
3286 2853 3492 2908 corpus

1919 2938 2136 3007 quidem
2157 2951 2351 2990 vocare
2366 2936 2508 3006 quod
2527 2949 2726 3004 corpus
2741 2948 2852 2987 non
2874 2940 2979 2994 est,
2993 2931 3230 2986 animam
3249 2945 3376 2986 vero
3389 2929 3493 2986 ho-

1918 3028 2082 3082 minis
2107 3043 2226 3096 qua:
2263 3026 2446 3080 itidem
2477 3025 2656 3078 anima
2689 3039 2796 3078 non
2825 3033 2928 3078 est.
2969 3020 3104 3076 Nam
3128 3020 3176 3076 si
3209 3021 3334 3089 quis
3361 3033 3484 3074 eam

1919 3127 2098 3173 mente
2114 3118 2392 3188 praeditam
2406 3133 2512 3172 non
2528 3132 2648 3172 esse
2663 3115 2917 3178 fateatur,
2941 3114 2988 3170 is
3004 3129 3230 3183 prorsus
3256 3126 3354 3165 nec
3371 3125 3500 3166 eam-

249 3208 385 3274 μένα
424 3209 540 3279 βοᾷ.
590 3209 714 3273 Πῶς
763 3209 968 3276 γίνεται
1003 3211 1060 3263 ὲν
1103 3211 1406 3282 ὁμοιώματι
1449 3213 1758 3284 ἀνθρώπου,
1786 3219 1813 3268 6

1922 3212 2154 3266 hominis
2181 3226 2302 3266 esse
2321 3209 2601 3263 concedet.
2631 3207 2766 3262 Cum
2803 3215 2986 3260 autem
3034 3205 3151 3258 haec
3177 3202 3498 3257 nullatenus

243 3273 374 3355 an.
401 3273 455 3354 τι
489 3273 638 3371 ἆταρά
665 3301 755 3354 τὸν
775 3273 1068 3372 *ἄνθρωπον
1090 3273 1186 3370 δέ,
1215 3273 1308 3357 κσὶι
1339 3305 1514 3375 πάντη
1554 3273 1652 3376 τῆς
1674 3273 1814 3376 ἡμε-

1921 3318 2040 3358 esse
2074 3300 2405 3372 possint.cui
2438 3300 2579 3352 bono
2610 3305 2693 3352 est
2731 3296 2996 3365 tripertita
3029 3295 3121 3348 illa
3149 3293 3388 3347 hominis
3411 3291 3496 3345 di-

243 3391 408 3462 τέρας
437 3392 650 3461 φύσεως
680 3393 790 3463 (95)
818 3409 831 3457 ;
862 3394 925 3447 El
957 3394 1066 3465 γὰρ
1099 3396 1260 3466 νοερὰ
1301 3397 1448 3468 ψυχὴ
1497 3399 1592 3451 καὶ
1648 3400 1805 3470 σῶμα

242 3480 305 3531 τὸ
343 3479 678 3551 ἀνθρώπινον
723 3480 1029 3551 σύγκριμαο
1074 3484 1209 3553 μήτε
1256 3483 1313 3538 δὲ
1351 3486 1410 3537 τὸ
1452 3487 1610 3556 σῶμα
1634 3489 1812 3552 τοῦτο,

248 3569 388 3637 μήτε
418 3569 450 3637 ή
476 3567 619 3637 ψυχὴ
647 3569 824 3639 ἐκείνη
870 3571 927 3621 ὲν
961 3569 1037 3640 τῷ
1065 3572 1192 3643 παρ’
1220 3573 1383 3626 αὐτοῦ
1422 3576 1816 3632 ἁναπλασθὲντι

244 3659 384 3717 ἐστὶ.
416 3657 532 3721 πῶς
559 3659 766 3729 δέχεται
797 3660 894 3730 τὴν
925 3660 1180 3729 ὁμοίωσιν
1208 3662 1300 3715 τοῦ
1323 3665 1607 3735 ἀνθρώπου
1637 3669 1697 3720 τὸ
1717 3669 1818 3740 τῆς

244 3751 520 3823 ἡμετέρας
553 3751 781 3819 ἔκφυλον
819 3751 1064 3820 φύσεως;
1102 3753 1240 3807 Ἀλλ’
1274 3757 1374 3810 οὐκ
1409 3756 1690 3829 ἄνθρωπον
1714 3762 1815 3814 αύ-

241 3841 338 3894 τὸν
378 3837 514 3892 εἷναί
569 3858 751 3912 φησιν,
800 3842 937 3895 ἀλλὰ
985 3842 1234 3916 καθάπερ
1279 3845 1580 3918 ἄνθρωπον,
1633 3850 1813 3916 ἄνουν,

242 3935 508 4004 ἕνσαρκον
544 3933 689 3987 ὄντα.
721 3933 906 3987 Ταῦτά
927 3936 1072 3988 ἐστιν
1101 3935 1135 3990 ἆ
1159 3953 1224 4006 με
1257 3937 1431 3990 πείθει
1458 3938 1562 4006 ἔξω
1580 3941 1817 4008 διανοίας

239 4019 383 4076 εἶναι
426 4023 515 4076 τὸν
547 4025 842 4094 γράφοντα.
873 4025 997 4088 Πῶς
1043 4025 1315 4095 ὁμοιοῦται
1352 4030 1416 4098 τῇ
1464 4028 1621 4098 φύσει
1651 4031 1712 4084 τὸ
1742 4032 1816 4103 μὴ

244 4115 476 4185 μέτοχον
503 4117 600 4187 τῆς
630 4115 871 4184 φύσεως
896 4118 992 4181 Τίς
1019 4117 1075 4170 δέ
1109 4119 1256 4170 ἐστιν
1279 4120 1307 4171 6
1329 4119 1590 4192 ἔνσαρκος
1613 4125 1817 4189 ἐκεῖνος

240 4207 390 4273 νοῦς,
429 4211 458 4262 6
506 4211 757 4280 συμφυὴς
805 4209 915 4280 (96)
948 4211 1048 4280 τῆς
1096 4212 1297 4281 σαρκὸς
1344 4214 1438 4266 καὶ
1491 4214 1813 4287 ἀχώριστος,

239 4302 334 4354 ἀεὶ
385 4303 621 4366 τοιοῦτος
669 4302 783 4368 ῶν;
820 4305 1026 4358 Οὐκοῦν
1080 4306 1174 4359 καὶ
1201 4309 1264 4361 ἐκ
1314 4308 1555 4362 τοιούτου
1601 4308 1815 4373 πάντως

240 4392 431 4454 ὲστίνς
461 4393 533 4444 Ού
569 4393 678 4465 γὰρ
701 4393 766 4446 ἃν
791 4396 876 4464 εἴη
905 4395 1136 4467 γεννητὴ
1166 4396 1320 4466 σὰρξ,
1360 4398 1408 4450 εί
1445 4398 1518 4468 μὴ
1549 4397 1657 4450 ἀπὸ
1688 4414 1817 4470 cap-

242 4486 343 4548 κὸς
376 4486 604 4553 γένοιτο,
637 4487 818 4551 καθώς
853 4488 984 4558 φησι
1029 4506 1130 4542 που
1173 4491 1201 4543 6
1239 4489 1462 4562 Κύριος,
1493 4492 1574 4544 ὅτι
1623 4492 1690 4544 Τὸ
1720 4507 1817 4560 γε-

241 4575 616 4644 γεννημένον
665 4578 733 4630 ἐκ
787 4575 894 4644 τῆς
946 4579 1170 4645 σαρκὸς
1223 4579 1380 4648 σάρξ
1436 4581 1625 4634 ἐστιν.
1679 4580 1815 4633 Ἀλλ’

245 4668 377 4721 ὖστε
385 4686 475 4738 ρον
495 4669 723 4737 γίνεται.
747 4670 912 4722 Ποίαν
927 4666 1018 4724 οῦν
1039 4671 1472 4742 περιτεθειμένος
1490 4674 1599 4741 (97)
1618 4675 1814 4744 σάρκα,

243 4761 513 4831 ἒνσαρκος
560 4761 800 4828 γίνεταις
833 4762 942 4832 Τὴν
991 4759 1190 4823 οῦσαν;
1237 4763 1375 4816 Ἀλλ’
1402 4765 1466 4816 ὲκ
1492 4765 1592 4834 τῆς
1627 4766 1815 4836 αὐτῆς.

243 4849 293 4901 Τ
297 4849 361 4919 ὴν
392 4848 465 4919 μὴ
491 4845 656 4902 οὖσαν
679 4866 693 4914 ;
731 4850 938 4904 Οὐκοῦν
965 4851 1026 4904 ού
1060 4853 1272 4920 λέγεται
1300 4851 1556 4926 ἕνσαρκος
1580 4870 1591 4881 ·
1621 4856 1682 4906 ού
1710 4855 1818 4926 γὰρ

245 4943 317 4996 ἂν
344 4942 454 5011 (98)
484 4942 561 5012 τῷ
602 4943 675 5013 μὴ
708 4943 819 4995 ὄντι
855 4945 1262 5014 ἐπονομάζοιτο.

1923 3393 2080 3463 visio.
2115 3391 2404 3460 cujusduae
2443 3389 2662 3459 quidem
2698 3396 2880 3456 partes
2909 3393 3093 3441 essent
3117 3385 3304 3448 homo,
3332 3385 3508 3438 tertia.

1925 3499 2050 3538 vero
2071 3499 2193 3552 pars
2215 3483 2388 3535 Deus?
2411 3480 2588 3550 Neque
2612 3480 2770 3542 enim,
2803 3478 2898 3540 ait,
2918 3479 2972 3530 in
2990 3476 3385 3530 similitudinem
3402 3474 3496 3529 ho-

1921 3577 2120 3628 minum
2150 3573 2320 3642 [actus
2339 3573 2548 3642 fuisset,
2581 3573 2684 3624 nisi
2716 3571 2886 3622 instar
2910 3567 3134 3621 hominis
3163 3583 3306 3621 mens
3338 3581 3498 3620 carne

1921 3665 2146 3736 prwdita
2172 3674 2325 3718 esset.
2381 3663 2490 3734 Ego
2519 3678 2674 3726 sane,
2734 3676 2800 3714 an
2838 3660 2929 3713 ille
2953 3657 3174 3728 quidem
3207 3657 3370 3712 homo
3391 3672 3486 3726 per

1923 3773 2081 3827 quem
2113 3755 2254 3810 Deus
2295 3754 2399 3809 sibi
2446 3753 2709 3807 mundum
2746 3749 3142 3814 reconciliavit,
3190 3759 3371 3803 mente
3401 3762 3496 3800 ca-

1925 3857 2090 3912 reret,
2121 3865 2229 3900 non
2270 3846 2543 3911 dixerim;
2603 3844 2754 3896 illum
2815 3856 2943 3896 vero
2973 3841 3066 3910 qui
3113 3840 3227 3893 base
3281 3837 3495 3901 scribit,

1925 3951 2104 3996 mente
2133 3949 2348 4008 captum
2388 3951 2454 3991 eo
2507 3951 2617 4005 quo
2669 3933 2944 3989 scribebat
3001 3941 3247 3999 tempore
3302 3928 3491 3991 fuisse,

1924 4045 2233 4103 quanquam
2267 4031 2379 4098 ipse
2409 4043 2518 4081 non
2549 4026 2750 4088 dicam,
2789 4023 2908 4092 ejus
2933 4031 3114 4076 tamen
3151 4023 3356 4090 scripta
3379 4019 3492 4072 cla-

1923 4133 2095 4180 mant.
2135 4120 2421 4188 Quomodo
2471 4121 2522 4173 in
2556 4117 2970 4173 similitudinem
3020 4113 3260 4168 hominis
3294 4112 3350 4166 iit
3398 4112 3490 4180 qui

1925 4216 2071 4272 aliud
2098 4214 2225 4286 quid
2249 4213 2316 4267 ab
2338 4212 2555 4266 homine
2571 4210 2844 4264 diversum
2871 4219 2956 4263 est
2987 4214 3040 4260 et
3063 4221 3090 4258 a
3120 4212 3309 4260 nostra
3334 4219 3516 4274 prora

1925 4327 2020 4368 sus
2051 4317 2242 4364 natura
2271 4304 2582 4374 discrepat?
2611 4302 2742 4356 Nam
2775 4302 2818 4356 si
2858 4317 2926 4356 ex
2961 4300 3148 4353 anima
3184 4307 3238 4352 et
3264 4311 3494 4366 corpore

1925 4405 2088 4459 homo
2126 4408 2364 4460 constat,
2398 4407 2450 4453 et
2487 4411 2689 4465 corpus
2730 4394 2833 4448 hoc
2859 4394 3148 4460 animaqm
3181 4390 3272 4443 illa
3305 4388 3360 4443 in
3396 4387 3497 4442 ho-

1926 4495 2070 4550 mine
2095 4509 2253 4564 quem
2288 4494 2404 4560 ipse
2436 4488 2682 4549 conﬁxit,
2717 4501 2826 4540 non
2862 4485 3168 4552 reperitur;
3209 4479 3490 4551 quomodo

1925 4585 2102 4642 simile
2136 4581 2340 4638 homini
2391 4597 2515 4635 esse
2549 4580 2768 4649 poterit,
2817 4576 2960 4645 quod
2996 4590 3024 4627 a
3069 4581 3254 4628 nostra
3292 4580 3489 4626 natura

1922 4674 2158 4730 alienum
2182 4674 2302 4729 est?
2393 4672 2496 4727 Sed
2525 4673 2674 4725 illum
2708 4685 2814 4722 non
2843 4682 2965 4722 esse
3002 4666 3302 4727 hominem,
3335 4661 3492 4718 dicit.

1925 4767 2020 4822 scd
2062 4767 2236 4820 instar
2265 4765 2525 4828 hominis,
2564 4769 2742 4816 mente
2775 4757 3128 4818 destitutum,
3155 4768 3318 4806 carne
3355 4766 3487 4821 prte-

1925 4858 2122 4912 ditnm.
2221 4855 2343 4908 llmc
2374 4865 2505 4908 sunt
2539 4867 2660 4921 qlue
2696 4848 2825 4902 mihi
2867 4844 3095 4900 suadent
3146 4840 3344 4894 mentis
3387 4852 3496 4892 non

1926 4964 2050 5004 esse
2079 4956 2385 5016 compotem
2419 4945 2510 5014 qui
2554 4946 2666 4996 hate
2711 4937 2921 4995 scribit.
2971 4931 3255 4999 Quomodo
3289 4937 3500 4983 naturze

245 5032 416 5088 alicui
481 5034 833 5096 assimilatur,
889 5034 1034 5103 quod
1083 5035 1327 5104 ejusdem
1372 5037 1645 5106 particeps
1701 5052 1807 5091 non
1846 5039 1964 5093 est?
1992 5036 2254 5103 Qmenam
2328 5035 2493 5089 etiam
2547 5038 2632 5086 est
2675 5042 2831 5081 mens
2897 5025 2987 5078 illa
3037 5035 3204 5073 carne
3249 5017 3493 5088 pratdila.

245 5145 372 5198 qua:
425 5129 600 5183 eidem
636 5129 784 5183 carni
841 5131 1128 5198 congenita
1175 5142 1259 5184 est
1316 5131 1460 5185 etab
1495 5146 1556 5184 ea
1619 5133 1861 5200 separari
1935 5150 2045 5187 non
2097 5143 2310 5203 potest,
2374 5140 2699 5198 semperque
2752 5121 2879 5176 talis
2939 5113 3194 5172 exsistit?
3243 5112 3496 5182 Nunquid

247 5223 415 5277 etiam
441 5237 508 5277 ex
535 5221 639 5275 alia
679 5235 738 5275 re
772 5221 874 5275 sibi
904 5221 1067 5275 simili
1111 5236 1333 5290 prorsus
1367 5220 1683 5276 derivatur?
1711 5222 1894 5294 Neque
1919 5228 2064 5280 enim
2097 5238 2336 5294 unquam
2379 5235 2509 5277 caro
2541 5216 2685 5288 gigni
2762 5217 2964 5282 potest.
3033 5206 3138 5259 nisi
3204 5221 3268 5258 ex
3334 5221 3499 5261 carne

323 5379 534 5446 (9l)lta
566 5394 734 5440 corr.,
769 5385 930 5430 antea
964 5377 1205 5445 κτηνίας.

323 5446 435 5515 (9‘2)
466 5449 622 5503 Corr.
653 5449 808 5516 γένος
833 5448 888 5500 δέ
911 5446 961 5498 τί
996 5448 1162 5498 ἐστιν.

324 5513 436 5586 (95)
480 5519 638 5574 Corr.
667 5513 1029 5586 ἀνθρώπινον,
1062 5516 1192 5578 Θεὸς
1218 5516 1271 5568 δὲ
1302 5515 1420 5567 ἀντ)⁸
1455 5513 1566 5586 νοῦ.

325 5582 439 5660 (94)
472 5589 528 5643 ln
549 5596 702 5643 textu
744 5582 864 5660 Vat.
915 5585 1038 5640 cod.
1079 5587 1340 5660 scribitur
1376 5582 1666 5655 ἀνθρώπου
1716 5582 1818 5652 ψυ-

252 5657 349 5733 χή,
380 5657 434 5713 at
467 5660 522 5714 in
558 5675 726 5729 marg.
752 5657 974 5733 eadem,
1011 5671 1116 5733 qua
1139 5657 1369 5733 reliqua:
1423 5670 1591 5717 corr.,
1655 5669 1815 5733 manu

253 5725 550 5785 adnotatur
572 5746 663 5798 γρ.
682 5725 774 5781 καὶ
802 5728 964 5797 τομή,
983 5725 1040 5778 ut
1063 5726 1397 5798 indicaretur
1415 5735 1643 5798 utroque
1661 5725 1820 5798 modo

253 5802 357 5869 legi
392 5795 706 5869 possm—Nos
728 5795 1329 5869 tamencorrigendum
1363 5796 1678 5869 censuimus
1719 5795 1818 5845 ἁν-

257 5865 474 5944 agaso»
504 5871 663 5942 τομή,
693 5879 748 5923 ιιι
783 5869 882 5924 sub
917 5867 1130 5921 initium
1169 5868 1332 5937 hujus
1363 5883 1480 5936 cap.
1538 5865 1817 5937 Nyssenus

2015 5391 2194 5428 lllllﬂ'.

1921 5378 2539 5518 lnggugnpplendnm‘
2559 5446 2646 5513 hic
2669 5439 3137 5518 videturAExfpulou
3168 5435 3403 5518 φύσεως.
3439 5439 3496 5518 ut

1922 5503 2046 5572 mris
2074 5503 2279 5570 subdit:
2340 5509 2424 5566 vel
2454 5503 2756 5575 ἀλλοτριον,
2810 5513 2903 5562 aut
2933 5503 3138 5578 aliquid
3181 5503 3388 5571 'simile,
3437 5513 3494 5558 ut

1923 5581 2163 5637 auctoris
2187 5595 2381 5634 sensus
2412 5589 2648 5638 constet.

1995 5653 2104 5721 (96)
2139 5650 2296 5704 Corr.
2328 5649 2360 5718 ἢ
2400 5653 2676 5721 συμφμηςο

2001 5715 2111 5786 (9⁸1)
2135 5725 2291 5795 (ξονι.
2330 5715 2758 5795 περιτιθέμενος.

2002 5785 2113 5863 (98)
2149 5793 2292 5847 Part.
2329 5785 2565 5844 ἄνέοὶίο.
2585 5785 2726 5839 add.
