4020 6514
508 420 646 477 1205

1765 400 1820 453 S.
1863 394 2185 452 CRECORII
2222 387 2515 446 NYSSENI

3606 362 3746 419 19.οι

506 528 1254 605 nascatur,quemadmodnm
1296 523 1493 580 alicubi
1515 522 1587 576 ait
1610 519 1888 578 Dominus,
1919 512 2069 582 Quod
2110 520 2291 565 natum
2329 515 2405 560 est
2434 519 2497 558 ea:
2542 516 2723 563 carne,
2780 512 2902 550 caro
2941 501 3016 547 est
3040 491 3108 543 ’°.
3162 488 3262 544 Sed
3303 484 3535 554 inquiet,
3599 480 3751 535 Mens

2281 600 2293 605 -
2762 590 2817 605 ιι-
2900 604 2907 605 κ
2962 602 2978 605 -
3004 585 3099 605 ιε.ο
3128 582 3255 605 nn...
3275 579 3380 605 :.....
3412 574 3709 605 ωη-ςυιηιιηι
3732 573 3751 605 1

507 636 599 695 illa
625 633 881 700 deinceps
912 641 1077 682 carne
1098 622 1321 695 praedita
1357 629 1461 676 est.
1495 617 1719 685 Qualem
1751 614 1918 683 igitur
1947 621 2165 664 carnem

511 725 618 781 Sed
681 725 793 777 hac
851 735 959 774 non
1015 716 1124 771 nisi
1178 712 1422 784 ejusdem
1490 707 1708 779 generis
1765 718 1889 759 esse
1946 706 2145 770 potest.

2204 600 2437 658 induens
2451 612 2615 653 carne
2634 590 2858 665 praedita
2890 585 3099 643 evadit?
3127 582 3258 649 Quae
3270 579 3382 650 jam
3410 573 3755 632 exsistebat?

2206 693 2339 760 Quae
2379 704 2485 745 non
2517 679 2853 742 exsistebat?
2876 678 3018 749 Ergo
3057 688 3225 730 carne
3257 670 3477 752 praedita
3512 666 3621 721 dici
3648 680 3757 718 non

511 830 725 894 potest;
757 832 933 889 neque
961 815 1107 870 enim
1136 828 1204 868 ex
1270 824 1329 865 re
1404 821 1514 861 non
1552 804 1853 858 exsisteute
1900 793 2370 852 denominaretur.

582 930 821 987 XXXVI.
862 926 969 983 Sed
1003 924 1286 979 videamus
1338 915 1703 973 inevitabilem
1739 911 1861 981 ejus
1909 925 2073 980 argu-
2102 906 2149 959 Δ

512 1036 822 1084 mentorum
884 1022 1019 1084 vim,
1044 1018 1242 1088 quibus
1289 1030 1389 1069 nos
1426 1012 1568 1081 cogit
1633 1017 1693 1063 ut
1728 1004 2081 1076 Unigenitum

516 1121 684 1175 Deum
735 1124 968 1171 mentem
1015 1128 1139 1166 esse
1166 1124 1331 1162 carne
1355 1106 1633 1175 praeditam
1691 1097 2080 1155 concedamus.

516 1210 577 1267 Si
615 1224 789 1272 mens,
848 1204 1060 1274 inquit,
1126 1214 1283 1255 carne
1330 1193 1554 1267 prazdita
1638 1210 1740 1247 non
1789 1201 1867 1246 est
1900 1189 2084 1243 Domi-

514 1319 638 1365 nus,
668 1300 930 1367 sapientia
954 1296 1131 1363 utique
1188 1290 1309 1345 erit.
1362 1288 1405 1343 0
1436 1284 1806 1341 invincibilem
1831 1280 2085 1351 proposi-

516 1392 752 1448 tionem!
788 1389 1033 1443 Alterum
1074 1401 1139 1438 ex
1172 1382 1387 1435 duobus
1408 1378 1631 1434 omnino
1650 1390 1772 1431 esse
1798 1373 2087 1428 Dominum

517 1489 724 1547 censet,
740 1481 823 1536 vel
840 1486 1073 1535 mentem
1097 1489 1263 1530 carne
1286 1472 1593 1543 praeditam,
1613 1469 1696 1523 vel
1714 1465 2037 1536 sapientiam
2073 1483 2085 1519 :

520 1581 829 1646 propterea,
861 1571 1058 1640 inquit,
1089 1581 1318 1623 necesse
1355 1576 1440 1620 est
1471 1578 1594 1617 eum
1626 1559 1761 1615 illud
1791 1573 1935 1618 esse,
1984 1556 2089 1610 nisi

518 1669 625 1722 hoc
651 1674 755 1731 est,
786 1664 1045 1735 quoniam
1102 1676 1226 1715 cum
1288 1674 1441 1712 mens
1495 1670 1662 1708 carne
1720 1650 1946 1722 pradita
1983 1663 2091 1701 non

521 1764 614 1823 sit,
665 1758 931 1830 sapientia
961 1754 1107 1810 haud
1145 1753 1311 1808 dubio
1357 1758 1463 1811 est,
1493 1749 1865 1818 quodcunque
1896 1742 2092 1810 hujus-

520 1854 669 1908 modi
695 1866 849 1906 mens
882 1865 990 1903 non
1016 1854 1120 1903 est.
1158 1845 1299 1912 Quid
1324 1844 1487 1913 igitur
1526 1838 1861 1911 lapis?Quid
1907 1849 2095 1890 scarau

523 1946 694 2002 heus?
739 1943 880 2009 Quid
911 1942 1149 2010 denique
1177 1944 1371 1993 caetera
1395 1936 1578 1990 omnia
1609 1948 1732 2003 quae
1776 1931 1877 1985 sub
1903 1930 2093 1984 oculos

504 2036 761 2092 cadunt?
797 2034 1033 2088 Omnino
1065 2031 1212 2086 enim
1246 2029 1480 2082 duorum
1536 2026 1768 2079 alterum
1811 2022 1983 2086 dabit,
2011 2020 2092 2074 vel

524 2146 645 2185 eam
676 2136 913 2185 mentem
944 2140 1111 2181 carne
1139 2122 1423 2194 praeditam
1449 2136 1594 2183 esse,
1635 2118 1717 2172 vel
1747 2116 2094 2187 sapientiam.

524 2222 692 2293 Atqui
715 2236 892 2291 neque
922 2233 1098 2284 mens,
1143 2231 1321 2285 neque
1344 2214 1607 2284 sapientia
1644 2211 1849 2281 aliquid
1902 2210 2096 2263 horum

524 2326 630 2372 est.
674 2312 895 2368 Corruit
918 2310 1102 2380 itaque
1130 2308 1420 2377 scriptoris
1455 2305 1627 2359 nostri
1654 2301 1957 2374 propositio
1977 2316 2101 2354 om-

526 2421 737 2477 nesque
763 2405 884 2474 ejus
909 2401 1344 2461 machinationes
1383 2398 1666 2453 dissolutae
1689 2404 1838 2461 sunt,
1866 2408 1991 2447 cum
2021 2394 2103 2463 ip-

529 2501 647 2556 sius
667 2496 918 2569 principii
961 2495 1321 2551 subversione
1346 2499 1458 2545 tota
1486 2490 1607 2560 ejus
1627 2485 2102 2558 argumentatione

528 2591 693 2646 simul
726 2588 1064 2643 concidente.
1101 2586 1394 2641 Ostensum
1427 2583 1698 2653 siquidem
1738 2596 1850 2636 non
1874 2587 1957 2635 est
1988 2578 2104 2632 haec

529 2686 638 2738 duo
668 2684 743 2737 ita
778 2683 922 2738 inter
947 2697 1006 2738 se
1049 2680 1289 2743 differre,
1322 2688 1383 2733 ut
1435 2678 1480 2733 si
1516 2678 1746 2731 alterum
1785 2674 1979 2728 horum
2004 2687 2101 2727 ex-

530 2778 715 2839 sistat,
737 2776 970 2829 alterum
1001 2788 1123 2829 esse
1147 2787 1259 2827 non
1289 2770 1481 2842 possit,
1512 2770 1597 2825 vel
1622 2778 1835 2833 contra,
1859 2765 1903 2821 si
1933 2778 2103 2819 unum

530 2884 643 2925 non
682 2868 935 2931 exsistat,
972 2867 1203 2922 alterum
1232 2879 1355 2920 esse
1388 2864 1612 2919 omnino
1663 2875 1886 2916 necesse
1916 2859 2006 2915 sit.
2038 2859 2106 2911 At

531 2961 669 3015 nihil
711 2961 899 3015 obstat
948 2960 1085 3029 quin
1123 2959 1207 3014 vel
1255 2958 1432 3012 eidem
1488 2964 1781 3025 utrumque
1813 2954 1966 3015 insit.
2021 2952 2105 3006 vel

532 3059 813 3106 neutrum.
840 3049 947 3105 Sed
980 3058 1034 3105 et
1067 3050 1178 3103 haec
1214 3046 1516 3118 propositio
1565 3062 1725 3116 quam
1770 3046 1986 3099 inllrma
2017 3044 2106 3109 sit,

534 3158 601 3198 ex
629 3143 795 3196 altera
831 3157 953 3212 qua:
1002 3142 1129 3195 huic
1183 3140 1460 3195 contraria
1496 3155 1563 3194 ex
1597 3145 1750 3207 parte
1792 3136 2106 3205 respondet,

534 3235 841 3291 videamus.
874 3234 932 3290 Si
971 3235 1114 3288 enim
1156 3246 1414 3303 tanquam
1450 3213 1637 3287 venint
1676 3233 1779 3286 hoc
1818 3231 2106 3292 asseritur,

537 3326 585 3383 si
615 3343 723 3382 non
748 3337 834 3383 est
870 3341 1022 3382 mens
1056 3342 1219 3381 carne
1263 3327 1511 3397 praedita,
1561 3326 1829 3396 sapientia
1854 3326 1990 3390 erit;
2017 3340 2111 3378 ve-

534 3434 660 3476 rum
682 3435 902 3490 quoque
928 3421 1032 3473 erit
1056 3420 1108 3471 id
1140 3420 1283 3489 quod
1306 3436 1336 3472 e
1361 3420 1642 3473 contrario
1664 3419 1886 3481 dicitur,
1923 3432 2113 3486 nempe

539 3514 586 3568 si
623 3513 892 3583 sapientia
918 3520 1023 3577 est,
1060 3527 1213 3566 mens
1244 3527 1409 3566 carne
1438 3512 1665 3582 praedita
1702 3525 1810 3563 non
1853 3511 1980 3565 erit.
2018 3514 2113 3564 At-

539 3605 635 3673 qui
693 3604 1017 3674 sapientiam
1056 3618 1179 3657 csse
1238 3602 1540 3664 Christum,
1584 3602 1903 3672 quicunque
1954 3602 2111 3657 fidem
2144 3637 2186 3695 Ο

543 3694 825 3763 amplexus
859 3700 944 3748 est
973 3692 1117 3746 ultro
1160 3693 1411 3747 concedit
1440 3711 1452 3745 :
1485 3708 1615 3761 ergo
1652 3692 1811 3762 juxta
1854 3693 2116 3763 sapientis

543 3785 708 3857 hujus
732 3786 1111 3850 assertionem,
1130 3786 1380 3840 eumdem
1402 3786 1681 3841 Christum
1705 3796 1937 3842 mentem
1955 3801 2118 3841 carne

542 3878 823 3951 praeditam
884 3894 993 3932 non
1040 3893 1162 3933 esse
1197 3878 1523 3945 fatebimur;
1584 3880 1656 3933 ita
1710 3888 1770 3933 ut
1808 3896 1871 3934 ex
1916 3881 2121 3934 utrius»

544 3989 651 4044 que
679 3972 1006 4038 rationibus,
1038 3988 1174 4043 quas
1205 3974 1380 4043 primo
1430 3982 1485 4028 et
1512 3973 1752 4030 secundo
1785 3975 1902 4028 loco
1930 3982 2119 4044 protu-

544 4071 628 4136 lit,
659 4078 713 4125 et
739 4085 804 4125 ex
841 4069 966 4125 aliis
993 4084 1133 4139 quas
1164 4068 1229 4122 ad
1254 4069 1580 4125 sententiam
1607 4085 1762 4124 suam
1787 4069 2115 4125 confirman-

546 4165 670 4220 dam
704 4165 758 4218 in
796 4163 1052 4235 praesenti
1102 4162 1415 4232 subiungit,
1481 4161 1772 4216 Dominum
1840 4178 1949 4217 non
1999 4178 2121 4218 esse

547 4268 786 4313 mentem
814 4272 979 4311 carne
1009 4256 1291 4327 praeditam
1342 4257 1580 4326 scriptor
1610 4258 1729 4326 ipse
1761 4257 2118 4312 demonstret.

549 4349 701 4404 Talis
734 4357 819 4405 est
868 4349 1192 4420 pronositio,
1228 4348 1352 4404 talis
1404 4356 1457 4402 et
1522 4351 1849 4421 assumptio.
1911 4349 2120 4420 Ecquid

552 4459 681 4497 vero
750 4452 979 4511 utraque
1047 4442 1273 4512 dignum
1346 4443 1628 4498 conclusio
1691 4441 2124 4512 complectitur?

549 4529 749 4583 Citriin
785 4530 854 4584 ad
892 4546 985 4584 nos
1022 4548 1261 4590 accessus
1339 4550 1439 4588 non
1470 4536 1574 4604 fuit
1596 4536 1845 4589 adventus
1887 4532 2005 4596 Dei,
2029 4537 2118 4590 sed

551 4621 781 4676 hominis
838 4631 1009 4674 ortus.
1086 4625 1211 4684 Haec
1264 4627 1410 4682 dicta
1485 4630 1558 4681 illi
1629 4630 1877 4685 rideant-
1919 4626 2121 4696 quibus

553 4717 732 4771 aliena
798 4714 1034 4787 superbe
1089 4725 1439 4771 contemnere
1489 4720 1658 4774 moris
1706 4730 1958 4785 est;nos
1992 4736 2123 4777 vero

550 4809 870 4865 earumdem
915 4808 1188 4864 fallaciam
1237 4817 1293 4865 et
1340 4809 1644 4865 fatuitatem
1703 4812 1891 4882 lugere
1928 4827 2126 4884 oppor-

558 4904 745 4957 tunius
794 4917 917 4959 esse
963 4902 1293 4973 iudicantes,
1335 4903 1404 4956 ab
1440 4917 1629 4956 eorum
1671 4905 1954 4973 prolixiori
1991 4920 2127 4961 con-

559 4992 843 5058 futatione,
868 5010 934 5050 ne
961 4995 1236 5051 derisores
1265 5009 1389 5050 esse
1414 4994 1712 5059 videamur,
1736 5006 2128 5068 temperamus.

560 5087 695 5151 Quis
724 5088 867 5142 enim
906 5103 1251 5157 nequaquam
1282 5088 1387 5143 sibi
1413 5089 1774 5146 cohaerentem
1828 5093 2124 5164 syllogismi

631 5284 675 5317 "
707 5285 863 5339 Joan.
893 5300 973 5347 ιιι,
1008 5283 1059 5339 6.

633 5468 744 5533 (99)
772 5466 927 5520 Corr.
960 5466 1177 5537 ἐκείνην
1212 5462 1369 5520 εἶναι.

632 5538 708 5604 (l)
743 5538 896 5609 Corr.
921 5533 1400 5609 συμπεπτωκότος,
1435 5544 1487 5591 et
1519 5552 1644 5590 mox
1670 5536 1832 5590 habet
1860 5533 1979 5587 οῦδὲ
2010 5534 2135 5606 γάρ.

634 5610 709 5673 (ε)
744 5608 900 5660 Corr.
929 5608 1184 5676 ὑπάρχοι.

634 5677 711 5749 (5]
747 5677 820 5749 ita
855 5694 998 5731 θοι-ι’.
1024 5690 1191 5749 antea
1248 5679 1339 5730 καὶ
1382 5680 1459 5748 τῷ
1506 5679 1928 5746 συμπεράσματι
1963 5676 2123 5744 λέγει.

639 5750 714 5813 (ί)
745 5748 803 5832 ,ιιι
832 5758 975 5832 textu
1022 5748 1150 5832 Yatl.‘
1173 5752 1295 5829 eqd.
1335 5751 1464 5832 nihil
1498 5760 1747 5832 monente
1792 5763 1935 5801 corr.
1999 5749 2130 5817 legi—

572 5819 802 5901 tumoca
828 5818 893 5888 ἦν
928 5821 1087 5901 σοφία
1115 5818 1272 5901 Θεοῦἶ
1306 5819 1718 5901 δεόιειέεηίὶιιηι
1759 5820 1984 5873 omnino
2013 5834 2132 5871 esse

573 5888 833 5957 ἐπιδημία
884 5906 946 5942 ex
994 5890 1205 5957 integro
1246 5891 1577 5959 Apollinaris
1612 5900 1933 5961 argumento
1988 5888 2130 5959 quod

2159 4856 2207 4916 D

2258 898 2394 953 Ἀλλ’
2429 896 2623 965 ἴδωμεν
2644 892 2741 954 τὰς
2766 888 3038 958 ἀφύκτους
3068 880 3232 937 αὐτοῦ
3253 879 3362 933 τῶν
3385 874 3764 945 συλλογισμῶν

2183 990 2447 1058 ἀνάγκας,
2478 964 2543 1038 δι⁴
2574 977 2647 1035 ὧν
2676 980 2823 1051 ἡμᾶς
2853 976 2989 1048 πρὸς
3018 969 3424 1041 συγκατάϐασιν
3448 965 3545 1019 τοῦ
3574 964 3769 1033 ἕνσαρ-

2183 1099 2278 1136 κον
2319 1076 2457 1132 εἶναι
2485 1075 2608 1131 νοῦν
2640 1073 2729 1127 τὸν
2761 1067 3041 1137 Μονογενῆ
3075 1064 3209 1117 Θεὸν
3247 1058 3667 1126 συναναγκάζει.
3699 1057 3771 1109 ει

2180 1172 2264 1244 μὴ
2294 1171 2459 1235 νοῦς.
2495 1167 2680 1236 φησὶν,
2718 1159 3016 1229 ἐνσαρκός
3038 1157 3210 1210 ἐστιν
3240 1157 3272 1207 ὁ
3307 1153 3541 1220 Κύριος,
3580 1149 3773 1217 σοφία

2312 1261 2427 1328 εἴη.
2465 1259 2530 1311 Ὢ
2562 1258 2657 1327 τῆς
2697 1254 2908 1323 ἀμάχου
2963 1246 3315 1320 προτάσεωςί
3365 1243 3438 1295 Τὸ
3476 1241 3666 1311 ἓτερον
3714 1239 3777 1303 ἐξ

2188 1352 2512 1425 ἀμφοτέρων
2550 1346 2755 1403 οἴεσθαι
2784 1344 2999 1404 πάντως
3044 1335 3181 1392 εἷναι
3210 1337 3299 1389 τὸν
3331 1334 3553 1405 Κύριον,
3581 1331 3617 1401 ἣ
3648 1330 3777 1383 νοῦν

2189 1420 2318 1498 ἕνσά
2328 1420 2473 1515 ρκον,
2494 1440 2527 1511 ἢ
2552 1436 2758 1508 σοφίαν·
2783 1434 2871 1488 διὰ
2893 1432 3050 1485 τοῦτό
3068 1447 3229 1500 φησιν
3254 1428 3456 1480 ἐκεῖνον
3473 1420 3611 1476 εἶναι
3638 1422 3775 1492 (99),

2193 1537 2239 1589 εί
2271 1511 2345 1604 μη
2371 1530 2525 1585 τοῦτό
2552 1531 2717 1593 ἐστιν,
2748 1525 2823 1579 ὅτ’
2851 1525 2917 1579 ἂν
2947 1523 3022 1594 μὴ
3060 1519 3184 1583 νοῦς
3224 1518 3484 1588 ἐνσαρκος
3514 1511 3571 1588 ᾖ,
3610 1516 3720 1567 πᾶν
3750 1513 3779 1564 ὃ

2199 1628 2274 1698 μή
2312 1629 2426 1679 ἐστι
2455 1622 2576 1685 νοῦς
2622 1620 2904 1691 ἐνσαρκος,
2934 1615 3094 1685 σοφία
3124 1611 3260 1666 ἐστί.
3305 1610 3367 1662 Τί
3403 1605 3496 1661 οῦν
3526 1609 3554 1661 6
3593 1607 3779 1669 λίθοςς

2198 1718 2264 1768 Τί
2293 1716 2347 1769 δὲ
2376 1717 2404 1767 6
2458 1712 2754 1783 κάνθαρος;
2780 1709 2845 1761 Τί
2885 1708 2942 1761 δὲ
2971 1705 3038 1760 τά
3069 1704 3230 1757 λοιπά
3255 1701 3367 1755 τῶν
3395 1698 3737 1769 φαινομένων
3764 1714 3781 1759 ;

2194 1806 2363 1860 Δώσει
2396 1805 2503 1877 γάρ
2534 1804 2626 1855 ἐπὶ
2660 1800 2864 1855 τούτων
2899 1798 3115 1858 πάντως
3142 1794 3246 1847 τῶν
3271 1793 3362 1846 δύο
3405 1792 3468 1844 τὸ
3498 1790 3713 1858 ἕτερον,
3748 1789 3782 1855 ἢ

2195 1899 2319 1952 νοῦν
2340 1896 2481 1951 αὺτά
2502 1894 2780 1964 ἔνσαρκον,
2803 1891 2836 1962 ἢ
2858 1888 3046 1957 σοφίαν
3064 1880 3220 1939 εἶναι*
3240 1883 3374 1937 ἀλλά
3393 1881 3637 1952 μὴνοῦτε
3654 1878 3786 1941 νοῦς

2195 1988 2319 2042 οῦτε
2348 1987 2506 2056 σοφία
2539 1984 2743 2038 τούτων
2774 1980 2920 2033 ἐστὶν
2948 1976 3118 2030 οὐδέν.
3148 1973 3532 2027 Διαπέπτωκεν
3560 1970 3671 2040 ἀρα
3708 1969 3790 2038 τῷ

2197 2079 2517 2149 λογογράφῳ
2533 2079 2565 2148 ὴ
2584 2075 2866 2147 πρότασις,
2884 2068 3209 2140 καὶδιερρύη
3223 2066 3329 2119 πᾶν
3344 2064 3403 2117 τὸ
3428 2061 3677 2132 σκαιώρη
3686 2078 3788 2131 μα,

2201 2177 2267 2244 τῇ
2299 2173 2396 2242 τῆς
2418 2170 2590 2241 ἀρχῆς
2616 2164 2854 2221 διαλύσει
2892 2158 3329 2220 διαπεπτωκότος
3361 2156 3434 2225 (1)
3462 2153 3557 2206 τοῦ
3600 2153 3788 2220 λόγου,

2129 2274 2178 2335 Β
2207 2264 2368 2319 Οὐδὲν
2415 2262 2524 2333 γὰρ
2560 2258 2771 2329 ἐδείχθη
2825 2254 2997 2308 ταῦτα
3049 2250 3147 2320 τὴν
3192 2244 3593 2315 ἀντιδιαστολὴν
3652 2244 3792 2313 πρὸς

2206 2356 2409 2426 ἄλληλα
2464 2355 2675 2427 ἔχοντα.
2708 2350 2848 2402 ὥστε
2895 2349 2942 2400 εί
2991 2345 3051 2399 τὸ
3100 2344 3286 2413 ἕτερον
3329 2339 3532 2392 τούτων
3564 2338 3677 2407 εἴη,
3717 2338 3792 2407 μὴ

2207 2444 2344 2502 εἶναι
2386 2446 2448 2498 τὸ
2476 2444 2680 2515 ἕτερον,
2711 2441 2744 2512 ἢ
2784 2439 2845 2494 τὸ
2879 2435 3133 2509 ἔμπαλιν,
3171 2435 3221 2487 εἰ
3250 2433 3311 2485 τὸ
3339 2433 3395 2484 ἓν
3423 2430 3499 2500 μὴ
3528 2430 3793 2501 ὑπάρχοι,

2205 2541 2268 2594 τὸ
2297 2538 2614 2608 λειπόμενον
2648 2535 2883 2604 ὑπάρχει
2916 2530 2990 2600 (2)
3022 2528 3257 2587 πάντως.
3297 2523 3456 2577 Ἀλλά
3480 2521 3687 2575 κωλύει
3712 2520 3797 2573 ού⁴

2208 2632 2294 2687 δὲν
2324 2632 2417 2683 καὶ
2441 2628 2726 2698 ἀμφότερα
2748 2620 2887 2677 εἶναι
2917 2620 3058 2675 κατὰ
3078 2617 3295 2680 ταύτὸν,
3321 2617 3414 2669 καὶ
3444 2614 3555 2668 οὐδ’
3580 2614 3795 2683 ἕτερον.

2223 2720 2382 2773 Ἀλλά
2428 2718 2521 2772 καὶ
2566 2718 2631 2770 ὲκ
2684 2713 2778 2766 τοῦ
2816 2708 3172 2781 ἀντιστρόφου
3226 2706 3287 2760 τὸ
3329 2706 3429 2775 τῆς
3474 2704 3798 2774 προτάσεως

2211 2808 2511 2865 ἀσύστατον
2535 2805 2751 2874 ἴδωμεν.
2782 2801 2844 2854 El.
2869 2799 2978 2870 γάρ
3001 2799 3077 2861 ὡς
3115 2794 3312 2867 ἀληθὲς
3346 2792 3689 2866 προτείνεται
3710 2790 3796 2853 τὸ,

2212 2905 2262 2955 εί
2299 2902 2372 2971 μὴ
2401 2899 2521 2961 νοῦς
2543 2901 2689 2951 ἐστιν
2722 2894 3001 2961 ἕνσαρκος,
3038 2888 3200 2960 σοφία
3224 2887 3290 2941 ἂν
3320 2886 3429 2954 εἴη·
3462 2883 3669 2955 ἀληθὲς
3699 2888 3800 2935 καὶ

2211 2993 2273 3047 τὸ
2298 2996 2362 3046 ὲκ
2404 2989 2497 3045 τοῦ
2528 2985 2884 3056 ἀντιστρόφου
2936 2980 3382 3051 ἀναφαινόμενον,
3425 2977 3507 3029 ὅτι
3552 2976 3599 3027 εἰ
3632 2975 3801 3042 σοφία

2214 3085 2352 3147 ἐστὶ,
2378 3082 2501 3145 νοῦς
2523 3080 2787 3149 ἔνσαρκος
2808 3075 2910 3128 οῦκ
2936 3073 3102 3126 ἐστιν,
3132 3068 3291 3124 Ἀλλά
3313 3068 3420 3137 μὴν
3444 3065 3636 3134 σοφίαν
3656 3059 3800 3115 εἶναι

2216 3177 2308 3230 τὸν
2340 3174 2591 3241 Χριστὸν,
2615 3174 2723 3235 πᾶς
2749 3172 2777 3222 6
2805 3165 3247 3239 παραδεξάμενος
3274 3161 3371 3232 τὴν
3399 3160 3584 3212 πίστιν
3614 3156 3802 3209 συντί-

2218 3267 2367 3321 θεται
2386 3284 2402 3299 ·
2426 3265 2534 3335 ἄρα
2560 3261 2702 3317 κατὰ
2725 3261 2822 3330 τὴν
2844 3258 2938 3312 τοῦ
2980 3255 3140 3325 σοφοῦ
3165 3253 3446 3325 πρότασιν,
3466 3250 3527 3303 τὸ
3555 3249 3629 3320 μὴ
3658 3244 3805 3301 εἶναι

2218 3361 2376 3414 αὐτὸν
2403 3356 2526 3410 νοῦν
2572 3356 2835 3424 ἔνσαρκον
2882 3350 3241 3420 ὁμολογεῖται,
3271 3345 3411 3397 ὥστε
3460 3344 3581 3395 κατ’
3621 3342 3807 3410 ἀμφό⁴

2217 3466 2349 3520 τερα
2378 3448 2516 3501 κατά
2540 3463 2598 3498 τε
2626 3445 2717 3497 τὸν
2746 3442 2982 3514 πρῶτον,
3012 3440 3106 3492 καὶ
3127 3439 3219 3491 τὸν
3242 3437 3511 3505 δεύτερον,
3538 3435 3632 3485 καὶ
3660 3432 3807 3485 κατά

2219 3516 2309 3593 τὸν
2340 3538 2433 3591 νῦν
2466 3536 2621 3604 λόγον
2646 3533 2808 3596 αὐτὸς
2834 3533 2862 3583 ὁ
2888 3528 3244 3599 λογογράφος,
3270 3525 3335 3577 δι’
3358 3516 3432 3575 ὧν
3461 3518 3807 3574 κατασκευά-

2223 3630 2325 3694 ζει,
2359 3630 2386 3682 ὃ
2417 3627 2684 3699 βούλεται,
2718 3624 2778 3677 τὸ
2819 3623 2893 3693 μὴ
2924 3616 3064 3674 εἶναι
3109 3619 3373 3687 ἕνσαρκον
3399 3612 3521 3666 νοῦν
3564 3612 3655 3664 τὸν
3690 3611 3810 3664 Κύο

2224 3741 2337 3795 ριον
2378 3719 2745 3775 ἀποδείκνυσι.
2780 3714 3018 3781 Τοιαύτη
3050 3715 3084 3783 ἡ
3128 3710 3409 3781 πρότασις,
3440 3705 3665 3775 τοιαύτη
3707 3704 3808 3755 καὶ

2221 3819 2255 3886 ἡ
2285 3814 2373 3868 διὰ
2419 3812 2587 3884 μέσου
2641 3809 2976 3877 κατασκευή.
3018 3804 3199 3870 Ἀξιον
3244 3798 3567 3870 ἀμφοτέρων
3618 3797 3712 3849 καὶ
3748 3796 3808 3847 τὸ

2220 3908 2587 3979 συμπέρασμα
2609 3908 2659 3957 τί
2692 3903 2767 3973 (5)
2796 3901 2946 3969 λέγει
2966 3917 2981 3964 ',
3001 3900 3121 3952 Οὐκ
3139 3892 3216 3965 ἦν
3238 3892 3523 3961 ἐπιδημία
3550 3888 3701 3943 Θεοῦ
3726 3888 3803 3956 (ιι)

2218 4001 2255 4067 ἢ
2279 3977 2531 4066 Χριστοῦ
2561 3992 2883 4062 παρουσία,
2904 3988 3043 4043 ἀλλ’
3061 3981 3373 4052 ἀνθρώπου
3395 3980 3684 4049 γέννησις
3701 3977 3804 4045 (5).

2222 4091 2540 4144 Γελάτωσαν
2571 4087 2663 4139 ἐπὶ
2691 4087 2803 4146 τοῖς
2824 4078 3135 4152 εἰρημένοις
3165 4077 3279 4129 ὅσοι
3306 4073 3573 4143 ἀγέρωχοι
3596 4087 3612 4101 ·
3644 4073 3807 4140 ἡμεῖς

2219 4183 2275 4236 δὲ
2305 4181 2560 4251 δακρύειν
2581 4175 2833 4246 εῦκαιρον
2854 4172 2945 4224 ἐπὶ
2966 4172 3031 4239 τῇ
3054 4168 3239 4237 ἀπάτῃ
3254 4165 3360 4217 τῶν
3385 4162 3802 4235 είρημένων(6),

2223 4273 2317 4326 καὶ
2358 4274 2424 4341 τῇ
2464 4268 2781 4341 ματαιότητι
2825 4262 3126 4334 κρίναντες,
3162 4258 3253 4310 ἐπὶ
3288 4256 3466 4309 πλεῖον
3508 4254 3804 4322 διελέγχειν

2224 4364 2315 4418 τὸν
2347 4363 2522 4431 λόγον,
2551 4360 2625 4422 ὡς
2656 4356 2721 4411 ἂν
2751 4355 2824 4426 μὴ
2859 4350 3161 4422 γελοιάζειν
3199 4348 3473 4418 δόξαιμεν,
3508 4345 3808 4417 παραιτοῦ·

2234 4454 2393 4525 μεθα.
2424 4453 2517 4518 Τίς
2541 4453 2652 4522 γὰρ
2680 4449 2779 4502 οὐκ
2805 4446 2869 4501 ἂν
2900 4444 3120 4506 εἰκότως
3145 4441 3420 4509 γελάσειεν
3449 4441 3624 4508 ὲπὶτῇ
3646 4440 3809 4490 ἀσυν-

2226 4548 2443 4618 αρτήτῳ
2492 4542 2586 4597 τοῦ
2632 4536 2992 4608 συλλογισμοῦ
3026 4534 3101 4605 (7)
3135 4534 3307 4602 πλοκῇ
3335 4550 3348 4596 ;
3393 4529 3725 4599 Ἐκθήσομαι
3753 4528 3809 4580 δὲ

2226 4642 2323 4709 τὴν
2352 4638 2495 4703 λέξιν
2524 4634 2712 4705 αὐτὴν,
2759 4631 2900 4685 κατά
2928 4628 2988 4681 τὸ
3018 4624 3305 4679 ἀκόλουθον
3342 4619 3514 4683 οὕτως
3540 4619 3799 4688 ἔχουσαν

2321 4729 2408 4799 μὴ
2436 4728 2580 4793 νοῦς
2617 4724 2913 4792 ἕνσαρκός
2946 4720 3114 4773 ἐστιν
3157 4718 3189 4769 ό
3234 4715 3462 4781 Κύριος,
3502 4710 3690 4779 σοφία
3733 4708 3809 4763 ἂν

2230 4820 2347 4886 εἴη,
2378 4817 2713 4889 φωτίζουσα
2755 4814 2909 4868 γοῦν
2937 4807 3249 4877 ἀνθρώπου
3270 4823 3283 4836 ·
3319 4805 3468 4872 αὕτη
3511 4803 3581 4856 δὲ
3613 4803 3711 4856 καὶ
3740 4803 3808 4855 ἐν

2232 4910 2421 4965 πᾶσιν
2454 4910 2531 4979 (8)
2563 4907 2915 4976 ἀνθρώποις.
2965 4906 3034 4957 El
3064 4902 3132 4955 δὲ
3177 4900 3380 4960 ταῦτα,
3412 4899 3523 4951 οὐκ
3556 4892 3637 4965 ἦν
3676 4895 3803 4947 ἑπι-

2234 5002 2414 5071 δημία
2440 5000 2584 5056 Θεοῦ
2613 5001 2652 5067 ὴ
2691 4994 2949 5066 Χριστοῦ
2989 4992 3310 5061 παρουσία,
3335 4987 3468 5043 ἀλλ’
3494 4985 3805 5053 ἀνθρώπω

2236 5097 2515 5166 γέννησις
2542 5091 2637 5163 (9).
2666 5090 2740 5144 Τὸ
2776 5089 2872 5161 μὲν
2923 5081 3015 5140 οὖν
3064 5082 3252 5151 σοφίαν
3308 5076 3444 5135 εἶναι
3490 5078 3580 5131 τὸν
3611 5076 3801 5146 Κύριον

2246 5482 2369 5520 mox
2396 5466 2579 5521 subdit
2604 5463 2894 5519 manifeste
2924 5469 3167 5533 apparet.

2322 5538 2399 5605 (5)
2429 5538 2588 5591 Corr.
2623 5536 2857 5605 γένεσις.

2316 5598 2391 5675 (6)
2418 5607 2495 5661 Ita
2537 5598 2705 5671 coria,
2748 5617 2903 5659 antea
2926 5604 3017 5656 ἐπὶ
3037 5605 3147 5675 τοῖς
3170 5598 3492 5675 εἰρημένοις.

2314 5669 2386 5741 (7)
2420 5678 2495 5731 ita
2517 5669 2699 5740 corn,
2723 5677 2864 5728 male
2902 5684 3059 5728 antea
3099 5669 3375 5738 λογισμοῦ.

2314 5754 2385 5807 (8)
2411 5750 2487 5802 lta
2514 5764 2660 5803 corr.
2697 5756 2854 5799 antea
2886 5744 3024 5814 αῦτη
3054 5744 3107 5796 δὲ
3139 5742 3196 5792 τὸ
3227 5741 3283 5793 ἐν
3312 5742 3489 5793 πᾶσιν.

2314 5822 2386 5891 (9)
2422 5821 2576 5875 Corr.
2616 5818 2847 5886 γένεσις.
