4020 6512
292 374 315 429 1
326 374 431 430 205

1442 374 1811 431 ADVERSUS
1844 373 2361 429 APOLLINAREM.

3386 369 3519 423 {9.68

289 492 656 561 ὑπερέχουσαν
685 488 856 542 πάντα
879 489 1021 556 νοῦν,
1050 491 1222 553 οὐδεὶς
1256 490 1319 545 ἂν
1347 490 1452 543 τῶν
1499 492 1859 545 εὐσεϐούντων

1974 490 2301 558 :omplexum
2341 489 2464 557 jure
2519 486 2712 541 merito
2768 500 2875 540 non
2924 484 3141 539 riserit?
3195 483 3312 555 Ipsa
3344 496 3523 538 autem

289 584 608 654 ἀρνήσαιτο,
634 585 752 645 ταῖς
782 585 982 650 φωναῖς
1009 582 1117 637 τῶν
1141 583 1307 650 ἁγίων
1331 584 1586 655 Πατὲρων
1617 586 1708 637 καὶ
1734 586 1863 637 ἀπο.

290 676 491 730 στόλων
531 675 666 745 πρὸς
705 662 875 727 ταῦτα
920 674 1442 745 χειραγωγούμενος.
1469 677 1576 728 Καὶ
1617 676 1744 745 γὰρ,
1782 677 1862 728 δτι

290 765 480 833 Σοφία
508 762 760 833 ἐγενήθη
796 764 939 832 ἡμῖν
978 766 1135 834 παρὰ
1176 765 1281 818 τοῦ
1313 764 1481 830 Θεοῦ,
1514 766 1807 837 διαρρήδην
1836 766 1863 818 ὁ

290 856 499 919 Παῦλος
536 855 659 927 βοᾷο
710 856 823 920 καὶ,
875 857 955 909 ὅτι
1000 856 1299 926 Ἐπεφάνη
1335 857 1478 926 ἡμῖν
1504 858 1542 923 ἡ
1575 857 1863 924 σωτήριος

290 948 484 1018 χάρις,
540 947 909 1002 παιδεύουσα
952 946 1109 1017 ἡμᾶς
1164 947 1541 1016 ἀρνήσασθαι
1582 949 1700 1017 μὲν
1750 948 1864 1016 τὴν

291 1041 593 1105 ἀσέϐειαν,
624 1040 696 1093 δι’
724 1041 1031 1107 ὁσιότητος
1055 1040 1122 1093 δὲ
1150 1042 1245 1093 καὶ
1265 1040 1651 1106 δικαιοσύνης
1679 1055 1862 1108 προσ-

290 1128 571 1198 δέχεσθαι
616 1130 729 1199 τὴν
756 1132 1056 1199 μακαρίαν·
1100 1130 1335 1187 ἐλπίδα,
1384 1131 1493 1183 Καὶ
1537 1130 1711 1184 ταῦτα
1770 1130 1860 1183 τοῦ

304 1222 627 1275 Ἀποστόλου
660 1222 941 1287 διεξιόντος
978 1222 1321 1293 ἡκούσαμεν’
1357 1224 1482 1277 νοῦν
1510 1224 1565 1276 δὲ
1607 1223 1863 1296 ἔνσαρκον

291 1312 384 1365 τὸν
411 1314 689 1384 Μονογενῆ
712 1314 863 1378 Θεὸν,
891 1315 981 1366 τὸν
1011 1314 1101 1366 ἐπὶ
1135 1316 1367 1377 πάντων,
1388 1316 1481 1369 καὶ
1513 1314 1598 1368 διὰ
1627 1315 1860 1380 πάντων,

296 1405 389 1457 καὶ
413 1407 470 1457 ἐν
510 1407 693 1469 πᾶσιν,
727 1404 849 1458 οὔτε
884 1405 1193 1476 ἠκούσαμεν
1218 1406 1324 1458 τῶν
1354 1407 1525 1474 ἁγίων
1550 1406 1711 1469 τινος,
1741 1404 1862 1458 οὔτε

294 1496 642 1564 παρενθεῖναι
674 1499 794 1560 ταῖς
842 1496 1011 1561 θείαις
1063 1500 1265 1566 φωναῖς
1293 1496 1403 1568 (10)
1436 1498 1533 1567 τὴν
1580 1497 1864 1550 ἀλλόκοτον

293 1588 497 1657 ταύτην
519 1588 876 1657 καινοφωνίαν
907 1590 1330 1660 καταδεχόμεθα,
1360 1592 1450 1643 καὶ
1475 1590 1704 1661 μάλιστα
1733 1591 1865 1661 πρὸς

292 1681 386 1733 τὸν
427 1680 624 1733 σκοπὸν
656 1680 888 1751 ὁρῶντες
916 1680 1007 1734 τοῦ
1054 1680 1233 1735 καινοῦ
1268 1681 1627 1752 λογογράφου,
1657 1681 1713 1744 ὃς
1747 1680 1867 1752 βού-

294 1772 447 1827 λεται
487 1773 575 1827 διὰ
619 1774 717 1841 τῆς
772 1772 989 1844 ψυχρᾶς
1037 1772 1239 1844 ταύτης
1269 1775 1608 1844 κατασκευῆς
1638 1772 1730 1826 τοῦ
1775 1790 1863 1825 σο-

296 1864 563 1935 φίσματος
594 1864 839 1917 ἐκϐαλεῖν
876 1864 973 1935 μὲν
1016 1866 1107 1917 ἐπὶ
1138 1865 1231 1917 τοῦ
1272 1865 1475 1936 Κυρίου
1509 1864 1605 1935 τὴν
1650 1865 1746 1933 τῆς
1778 1881 1865 1916 σο-

297 1955 424 2025 φίας
478 1955 787 2025 ὁμολογίαν,
819 1956 886 2009 δι’
931 1952 999 2027 ἧς
1038 1958 1212 2010 πάντα
1245 1958 1368 2009 νοῦν
1405 1956 1715 2025 σοφίζεσθαι
1753 1955 1863 2026 (11)

297 2047 776 2118 πεπιστεύκαμεν·
837 2048 1250 2123 ἀντεισαχθῆναι
1307 2048 1363 2101 δὲ
1414 2048 1512 2119 τὴν
1561 2047 1869 2121 παράλογον

296 2142 498 2208 ταύτην
527 2139 886 2209 καινοφωνίαν
919 2139 1052 2209 (12),
1088 2140 1173 2193 ἵνα
1203 2139 1324 2203 νοῦς
1361 2139 1620 2208 ἔνσαρκος
1647 2141 1675 2192 ὁ
1698 2140 1867 2192 Μονο-

298 2230 478 2301 γενὴς,
506 2231 597 2283 καὶ
634 2232 706 2301 μὴ
744 2231 902 2301 σοφία
945 2231 1399 2303 κατονομάξηται.
1448 2230 1591 2285 Ἐὰν
1623 2230 1732 2301 γὰρ
1761 2247 1867 2285 σο-

298 2322 425 2390 μία,
458 2324 639 2392 φησὶν,
678 2322 1043 2391 ἐμπιστευθῇ
1070 2323 1179 2392 (15)
1210 2320 1361 2377 εἶναι
1392 2325 1425 2377 ὁ
1452 2321 1688 2391 Κύριος,
1727 2324 1765 2391 ἠ
1800 2324 1869 2377 ἐν

300 2424 448 2479 πᾶσι
477 2424 709 2492 δηλαδὴ
752 2425 1094 2493 δεχομένοις
1126 2426 1237 2497 (14)
1278 2426 1391 2494 τὴν
1429 2425 1621 2495 χάριν,
1671 2426 1869 2481 οὐκέτι

299 2517 619 2587 ἐπιδημίαν
658 2517 802 2571 Θεοῦ
836 2516 951 2585 τὴν
988 2518 1244 2586 Χριστοῦ
1273 2520 1611 2587 παρουσίαν
1656 2520 1868 2587 6110.10-

300 2609 588 2680 γήσομεν,
611 2608 681 2671 ὡς
710 2608 1115 2679 ἡλλοτριωμένη
1138 2608 1229 2661 τοῦ
1257 2608 1391 2662 Θεοῦ
1415 2612 1509 2679 τῆς
1536 2609 1744 2677 σοφίας.
1776 2610 1871 2673 Τίς

298 2704 401 2757 οὐκ
432 2704 497 2756 ἂν
542 2702 633 2755 τὸν
676 2702 844 2772 ἄνδρα
886 2702 983 2770 τῆς
1018 2701 1371 2772 μελαγχολίας
1419 2701 1616 2771 ταύτης
1671 2702 1868 2753 οἰκτεί-

304 2810 449 2866 ροιεν
479 2794 622 2862 (15);
666 2793 788 2846 Ἐὰν
836 2793 1045 2861 σοφίαν,
1079 2795 1260 2863 φησὶν,
1299 2789 1435 2846 εἶναι
1475 2791 1868 2861 πιστεύσωμεν,

302 2885 405 2939 ούκ
441 2884 591 2939 ἔσται
631 2884 763 2938 Θεοῦ
798 2885 906 2955 (16)
945 2884 1204 2955 ἐπιδημία
1236 2885 1268 2955 ἡ
1302 2883 1533 2953 Χριστοῦ
1580 2882 1869 2953 παρουσία,

310 2980 417 3042 Ὃς
445 2976 695 3047 ἐγενήθη
726 2977 869 3046 ἡμῖν
909 2977 1093 3046 σοφία
1128 2976 1246 3030 ἀπὸ
1282 2973 1451 3039 Θεοῦ,
1490 2974 1626 3027 ἀλλὰ
1665 2972 1873 3043 ἀνθρὼ-

306 3089 411 3125 που
451 3072 680 3140 γένεσις.
718 3072 844 3125 Ἐὰν
893 3071 1053 3138 σοφία
1157 3069 1301 3139 (17);
1352 3068 1464 3121 Ούκ
1504 3068 1738 3137 ἤκουσας
1776 3064 1870 3117 τοῦ

1964 580 2127 632 verba
2151 597 2214 632 eo
2248 594 2470 647 prorsus
2500 576 2688 630 ordine
2708 591 2815 646 quo
2841 576 2928 631 ille
2958 576 3247 645 disposuit,
3274 574 3361 630 hic
3393 576 3526 631 εἰτο-

1967 686 2103 733 ram,
2141 686 2260 739 qua:
2299 670 2368 724 ita
2405 684 2463 724 se
2493 669 2695 721 habent
2730 686 2743 721 :
2799 664 2921 719 Nisi
2952 665 3213 719 Dominus
3252 678 3397 717 mens
3442 685 3528 722 es-

1963 772 2038 816 set
2065 778 2221 816 carne
2242 762 2489 826 prazdita,
2539 760 2796 828 sapientia
2846 768 2996 823 esset,
3030 759 3254 812 hominis
3305 770 3526 813 mentem

1964 855 2295 909 illuminans.
2328 852 2453 907 Ηωε
2488 862 2663 906 autem
2704 853 2755 905 in
2788 852 3028 904 omnibus
3092 852 3386 905 hominibus
3442 870 3525 906 re-

1963 948 2183 1017 peritur.
2232 946 2292 1001 Si
2323 956 2496 999 autem
2556 945 2808 999 hmcrera
2860 954 3013 1009 sunt,
3064 942 3262 999 Christi
3311 945 3378 997 ad
3432 963 3524 1000 nos

1966 1055 2204 1092 accessus
2228 1054 2329 1092 non
2360 1038 2461 1105 fuit
2497 1036 2745 1089 adventus
2814 1028 2929 1098 Dei,
2970 1027 3059 1084 sed
3096 1028 3317 1085 hominis
3354 1039 3523 1081 ortus.

1964 1132 2130 1202 Atqui
2155 1130 2441 1184 Dominum
2471 1145 2595 1186 esse
2646 1127 2969 1198 sapientiam
2999 1125 3215 1179 cunctis
3252 1125 3527 1178 mentibus

1965 1223 2359 1292 pmcellentem
2396 1236 2555 1275 nemo
2590 1220 2717 1289 pius
2749 1217 2962 1272 inﬁcias
2996 1216 3176 1279 iverit,
3210 1223 3527 1268 sanctorum

1965 1314 2186 1369 Patrum
2241 1322 2294 1369 et
2347 1313 2718 1384 apostolorum
2774 1310 2935 1365 dictis
2989 1309 3057 1362 ad
3107 1308 3159 1362 id
3198 1306 3525 1366 credendum

1966 1406 2254 1461 adductus.
2298 1404 2506 1460 Diserte
2537 1419 2771 1472 namque
2812 1403 3013 1457 Paulus
3050 1401 3288 1454 clamat:
3326 1397 3527 1452 Factus

1965 1508 2040 1553 est
2064 1496 2210 1552 nobis
2244 1497 2502 1566 sapientia
2529 1513 2561 1549 α
2588 1494 2696 1549 Deo
2727 1495 2803 1561 ’7;
2835 1503 2925 1549 et:
2960 1493 3216 1562 Apparuit
3240 1492 3386 1545 nobis
3408 1507 3530 1561 gra-

1966 1592 2042 1644 tia
2065 1589 2340 1655 salutaris,
2371 1588 2611 1643 erudiens
2633 1606 2725 1643 nos
2764 1598 2817 1640 nt
2843 1588 3148 1656 abnegemus
3188 1584 3396 1653 quidem
3425 1584 3528 1637 im-

1964 1684 2232 1751 pietatem,
2263 1692 2438 1735 sancte
2473 1698 2590 1735 vero
2634 1692 2683 1734 et
2728 1680 2871 1750 juste
2918 1687 3265 1746 exspectemus
3320 1676 3529 1730 beatam

1969 1790 2107 1843 spem
2140 1773 2206 1825 '3.
2259 1772 2381 1827 litec
2412 1788 2543 1827 sane
2570 1772 2891 1841 Apostolum
2945 1770 3253 1840 loquentem
3308 1765 3525 1821 audivi-

1967 1882 2124 1920 mus:
2154 1863 2499 1935 Uuigenitum
2533 1878 2661 1916 vero
2696 1860 2890 1915 Filium
2926 1861 3019 1931 qui
3052 1874 3217 1929 super
3244 1858 3443 1921 omnia,
3473 1863 3528 1911 et

1965 1973 2060 2027 per
2090 1956 2271 2010 omnia
2300 1965 2352 2010 et
2384 1956 2435 2008 in
2462 1954 2737 2018 oumibus,
2768 1963 3000 2007 mentem
3044 1965 3167 2005 esse
3197 1964 3359 2004 carne
3391 1961 3530 2017 pra:-

1966 2051 2158 2113 ditam,
2190 2065 2289 2103 nec
2321 2064 2349 2101 a
2380 2048 2637 2118 quopiam
2687 2052 3001 2101 sanctorum
3037 2042 3373 2111 accepimus,
3429 2054 3532 2094 ne-

1966 2158 2072 2212 que
2100 2143 2240 2195 inter
2264 2141 2428 2194 verba
2458 2139 2655 2193 divinis
2674 2138 2836 2192 rebus
2877 2133 3250 2206 signiﬁcandis
3306 2145 3529 2186 accom-

1967 2235 2185 2290 modata
2222 2232 2493 2289 recenseri
2518 2231 2659 2284 hanc
2703 2244 2734 2282 a
2763 2242 2892 2283 vera
2939 2227 3043 2281 ﬁde
3074 2226 3304 2281 alienam
3333 2238 3531 2279 vocum

1967 2330 2262 2383 novitatem
2296 2324 2574 2389 sinemus;
2611 2336 2675 2377 eo
2699 2320 2784 2376 vel
2836 2319 3072 2375 maxime
3114 2317 3162 2373 si
3208 2316 3275 2371 ad
3310 2329 3539 2385 scopum

1969 2422 2093 2474 novi
2124 2418 2286 2487 hujus
2312 2416 2596 2487 scriptoris
2631 2413 3010 2482 respiciamus,
3043 2409 3136 2480 qui
3188 2406 3385 2478 frigido
3426 2406 3534 2461 isto

1969 2512 2055 2567 sui
2088 2508 2438 2581 sophismatis
2466 2512 2730 2576 apparatu
2759 2502 2990 2572 rejicere
3019 2500 3236 2570 quidem
3275 2499 3390 2553 vult
3413 2512 3537 2552 eam

1969 2603 2363 2659 confessionem
2400 2615 2561 2670 quam
2593 2596 2659 2652 de
2688 2595 2904 2651 Domini
2958 2592 3221 2662 sapientia
3272 2590 3537 2644 habemus

1970 2706 2023 2751 et
2046 2710 2153 2764 qua
2182 2707 2396 2748 onmem
2430 2691 2725 2744 humanam
2774 2692 3008 2741 mentem
3064 2683 3362 2753 sapientem
3396 2677 3538 2734 eﬂici

1971 2786 2242 2841 credimus
2275 2802 2287 2837 :
2323 2784 2376 2837 in
2407 2782 2526 2852 ejus
2558 2795 2687 2835 vero
2732 2779 2909 2833 locum
2942 2776 3198 2831 inducere
3238 2772 3543 2829 absurdam

1973 2878 2111 2931 hanc
2139 2890 2333 2931 vocum
2361 2874 2651 2928 novitatem
2687 2877 2745 2925 ut
2787 2866 3111 2938 Unigenitus
3166 2880 3319 2919 mens
3375 2877 3540 2917 carne

1972 2970 2215 3042 praedita,
2240 2982 2351 3023 non
2374 2982 2503 3021 vero
2589 2960 2855 3033 sapientia
2904 2958 3219 3028 appelletur.
3258 2952 3317 3009 Si
3353 2950 3491 3004 enim
3517 2989 3534 3015 ,

1973 3061 2168 3133 inquit,
2220 3054 2503 3109 Dominum
2541 3053 2814 3106 credamus
2871 3065 2983 3103 esse
3033 3045 3368 3113 sapientiam,
3421 3053 3539 3103 eam

306 3131 585 3235 προφίλτου
610 3131 859 3234 βοῶντος,
892 3131 979 3217 ὅτι
1012 3163 1075 3217 Ἠ
1098 3131 1393 3229 ,παρθένος
1415 3160 1484 3212 ἐν
1516 3131 1727 3228 γαστρὶ
1762 3155 1869 3223 λή-

1978 3131 2155 3223 nempe
2198 3166 2313 3222 qua:
2363 3150 2419 3202 in
2449 3144 2688 3200 omnibus
2735 3143 2927 3197 divina:
2984 3139 3169 3210 gratiae
3212 3131 3559 3189 consortibus.

307 3218 503 3326 ψέτὲιί,
538 3218 636 3310 καὶ
673 3218 899 3320 τέξεται
949 3259 1122 3318 vidr;
1154 3218 1267 3318 καὶ,
1314 3218 1395 3306 δτί
1425 3218 1681 3307 Παίδίον⁷
1708 3218 1872 3319 ἐτετι-

1980 3218 2257 3314 reperitur,
2298 3240 2443 3294 nullo
2488 3247 2639 3307 pacto
2670 3234 2867 3291 Christi
2909 3234 2975 3287 ad
3004 3248 3097 3285 nos
3120 3240 3408 3288 accessum,
3446 3218 3565 3275 Dei-7

308 3311 463 3415 ierim;
491 3311 641 3416 ἶἡμῖν
660 3363 679 3410 ;
710 3311 804 3399 καὶ
848 3346 929 3398 ὅτι
962 3345 1080 3408 Υἱὸς
1103 3311 1203 3415 τὴν
1235 3311 1411 3415 ἀρχὴν
1463 3343 1553 3395 ἐπὶ
1582 3342 1674 3396 τοῦ
1724 3311 1871 3413 ὦμον

1981 3311 2257 3391 adventum
2290 3331 2453 3402 fuisse
2504 3328 2785 3398 fatebimur
2826 3340 2845 3378 :
2897 3336 2963 3377 ac
3025 3319 3072 3377 si
3120 3318 3357 3373 alienum
3411 3311 3543 3383 quid

309 3403 552 3509 Exaudi;
585 3403 798 3507 ἰσχυρὸς
824 3437 915 3490 καὶ
940 3403 1180 3499 δυνατὸς,
1214 3403 1390 3488 καῖού
1430 3434 1587 3504 μόνον
1614 3433 1707 3487 τοῦ
1737 3403 1873 3506 παρ-

1984 3434 2129 3485 esset
2158 3441 2188 3478 a
2214 3424 2324 3479 Deo
2358 3421 2643 3491 sapientia.
2671 3416 2805 3484 Quis
2844 3413 3079 3469 hominis
3112 3410 3276 3479 hujus
3315 3403 3543 3461 insaniae

309 3502 570 3597 ελθόντος,
599 3502 733 3583 ἀλλᾶ
763 3530 966 3581 καὶτοῦ
995 3528 1274 3598 μέλλοντος
1307 3502 1497 3590 αἰῶνος
1518 3526 1741 3597 Πατήρς
1818 3502 1829 3506 ν

1989 3534 2097 3575 non
2127 3513 2492 3571 misereatur?
2530 3510 2586 3564 Si
2640 3507 2986 3579 sapientiam,
3012 3502 3210 3572 inquit,
3246 3513 3372 3554 eum
3419 3508 3551 3551 esset

222 3622 225 3623 ⁷
309 3621 619 3687 credemus,
646 3620 849 3674 Christi
878 3618 945 3673 ad
989 3634 1090 3672 nos
1123 3632 1398 3680 accessus,
1434 3615 1537 3681 Qui
1564 3616 1736 3685 [actus
1767 3632 1820 3669 es
1851 3612 1999 3668 nobis
2027 3609 2288 3679 sapientia
2338 3623 2370 3659 a
2416 3604 2522 3658 Deo
2555 3602 2623 3666 ’⁸,
2659 3615 2768 3655 non
2827 3598 2932 3653 erit
2976 3595 3073 3651 Dei
3127 3592 3409 3653 adventus,
3448 3586 3559 3642 sed.

312 3714 551 3770 hominis
596 3722 770 3768 ortus.
840 3711 896 3766 Si
941 3711 1204 3779 sapientia
1274 3708 1416 3763 erit?
1458 3680 1582 3761 Non
1621 3707 1816 3762 audisti
1877 3703 2194 3776 prophetam
2256 3700 2329 3754 ita
2374 3698 2722 3759 clamantem,
2772 3689 2931 3761 Virgo
2959 3688 3013 3742 in
3064 3695 3209 3739 utero
3271 3680 3544 3751 concipiet,

299 3811 351 3856 et
389 3804 557 3872 pariet
602 3802 773 3863 ﬁlium
820 3802 867 3869 ¹;
902 3810 976 3863 et,
1008 3774 1278 3853 —Parvulus
1308 3810 1461 3852 natus
1487 3807 1564 3852 est
1586 3798 1734 3851 nobis
1774 3798 1833 3849 ’?
1875 3774 2015 3862 Quin
2059 3800 2112 3846 et
2145 3792 2213 3844 ab
2244 3787 2435 3844 eodem
2462 3784 2634 3841 Filius
2678 3783 3041 3853 principatum
3096 3788 3260 3845 super
3291 3774 3549 3827 humeros

314 3895 522 3951 habens
598 3894 819 3957 dicitur,
854 3866 861 3869 ⁷
893 3900 1080 3961 utpote
1137 3892 1297 3947 fortis
1329 3898 1383 3946 et
1435 3898 1649 3961 potens,
1686 3898 1740 3945 et
1767 3903 1875 3942 non
1905 3885 2067 3941 modo
2092 3881 2367 3953 prmteriti,
2396 3878 2492 3934 sed
2518 3884 2572 3931 et
2613 3874 2784 3927 futuri
2814 3870 3001 3926 saeculi
3029 3867 3190 3921 Pater
3224 3866 3266 3918 ³.

396 3988 533 4041 Ἀλλ’
562 3989 809 4058 ἐάσωμεν
831 3986 1016 4043 τοῦτον
1037 3986 1127 4039 τὸν
1159 3985 1416 4057 ὀνειρὼδη
1449 3986 1632 4056 λῆρον,
1663 3984 1742 4038 διὸ
1769 3982 1881 4052 (18)

312 4081 631 4151 ἀπεφήνατο
674 4080 797 4134 νοῦν
851 4082 1111 4151 ἐνσαρκον
1146 4078 1306 4131 αὑτὸν
1353 4079 1462 4131 δεῖν
1496 4075 1632 4132 εἶναι
1680 4076 1877 4146 λέγειν,

315 4172 457 4242 μήτε
506 4173 695 4241 σοφίαν
729 4172 1086 4241 φωτίζουσαν,
1121 4169 1245 4224 οὗτε
1283 4170 1381 4242 τὴν
1421 4170 1531 4240 (19)
1556 4169 1643 4223 διὰ
1692 4169 1884 4240 γεννή-

316 4282 455 4328 σεως
500 4268 578 4328 εἰς
610 4265 706 4335 τὴν
739 4263 880 4335 ζωὴν
932 4263 1087 4335 ἡμῶν
1133 4262 1383 4334 πάροδον.
1410 4259 1635 4330 Ἕτερον
1680 4258 1885 4329 ἐπιχεί-

317 4375 471 4430 ρημα
490 4375 503 4389 ·
533 4360 601 4412 Ei
623 4358 708 4426 μὴ
739 4358 885 4423 νοῦς
909 4358 1223 4443 ἐνσαρκος,
1254 4353 1407 4424 φησὶ,
1443 4352 1683 4424 γέγονεν
1714 4354 1745 4405 ὀ
1774 4350 1885 4405 Λό·
1914 4388 1958 4443 D

316 4468 442 4520 τος,
490 4449 649 4503 ἀλλὰ
700 4450 904 4517 σοφία.
947 4448 1035 4501 Ἐν
1084 4441 1127 4514 ᾧ
1158 4446 1208 4499 τί
1253 4447 1414 4501 πάλιν
1467 4443 1653 4499 παθὼν
1697 4444 1807 4513 (20)
1855 4446 1883 4497 ὁ

319 4542 482 4613 σοφὸς
506 4540 921 4594 ἀντιδιαστέλλει
948 4540 1037 4592 τὸν
1070 4538 1191 4591 νοῦν
1219 4542 1283 4609 τῇ
1312 4539 1491 4608 σοφίᾳ,
1520 4537 1765 4607 καθάπερ
1792 4537 1883 4589 ἐπὶ

316 4634 429 4687 τῶν
460 4631 973 4701 ἀντιδιακειμένωνς
1007 4631 1070 4683 Οἱ
1096 4630 1164 4683 δι’
1192 4630 1470 4701 ἀκριϐείας
1503 4628 1572 4681 τὰ
1601 4629 1727 4681 ὅντα
1749 4628 1885 4680 διαι-

323 4728 542 4801 ροῦντες
572 4743 721 4795 φασι,
752 4725 831 4778 Τὰ
879 4721 1409 4791 ἀντιδιαστελλὸμενα
1457 4720 1565 4772 τῶν
1609 4721 1885 4790 ὀνομάτων

320 4824 422 4892 τῆς
454 4820 694 4891 ἀλλήλων
739 4819 1039 4888 ὑποχωρεῖν
1088 4814 1407 4887 παρουσίας,
1451 4814 1525 4878 ὡς
1557 4813 1632 4883 τῷ
1675 4812 1887 4882 Θανάτῳ

321 4914 423 4982 τὴν
450 4912 615 4983 ζωὴν,
644 4910 737 4964 καὶ
765 4912 830 4981 τῇ
870 4908 981 4979 ζωῇ
1021 4907 1180 4961 πάλιν
1208 4906 1299 4959 τὸν
1328 4905 1574 4969 θάνατον,
1622 4907 1687 4975 τῇ
1718 4905 1887 4975 ἁρετῇ

321 5006 422 5075 τὴν
445 5004 661 5067 κακίαν,
692 5003 917 5073 κάκείνῃ
955 5000 1178 5070 ταύτην,
1205 4998 1298 5052 καὶ
1330 4998 1430 5051 ὅσα
1471 4997 1602 5052 ἄλλα
1630 4996 1772 5049 κατὰ
1800 4996 1889 5049 τὸν

322 5097 486 5151 αὑτὸν
515 5095 731 5163 λέγεται
758 5094 974 5165 τρόπον.
999 5092 1122 5155 Πῶς
1149 5090 1326 5144 τοίνυν
1352 5082 1504 5153 οὗτος
1530 5089 1667 5142 κατὰ
1696 5088 1756 5141 τὸ
1774 5085 1889 5141 ἴσον

2056 3975 2315 4034 XXXVII.
2353 3973 2461 4029 Sed
2493 3972 2813 4027 omittamus
2860 3980 3032 4036 nugas
3065 3964 3230 4017 hasce
3268 3958 3549 4015 somnianv

1981 4072 2115 4127 tium
2134 4069 2340 4125 deliriis
2355 4065 2578 4127 similes,
2593 4062 2791 4133 quibus
2809 4066 3041 4113 mentem
3065 4068 3229 4109 carne
3244 4051 3545 4123 praeditam,

1982 4179 2094 4220 non
2138 4176 2271 4217 vero
2304 4157 2626 4229 sapientiam
2662 4151 3080 4210 illuminantem,
3124 4144 3402 4198 Christum
3436 4140 3549 4195 diei

1984 4263 2259 4327 oportere,
2301 4266 2401 4306 nec
2428 4247 2677 4303 eumdem
2704 4245 2760 4299 in
2796 4244 2964 4297 vitam
2997 4248 3239 4294 nostram
3278 4231 3555 4289 nascendo

1988 4353 2292 4421 ingressum
2318 4344 2487 4400 fuisse
2507 4336 2845 4412 pronuntiat.
2872 4332 2951 4388 En
2970 4330 3117 4385 aliud
3136 4333 3548 4399 argumentum:

1992 4414 2116 4494 Nisi
2190 4452 2353 4496 mens.
2401 4432 2600 4502 inquit,
2669 4443 2824 4482 carne
2878 4422 3113 4493 pra'ditav
3160 4419 3379 4473 Verbum
3431 4414 3552 4485 fuit,

1989 4531 2249 4600 sapientia
2305 4528 2482 4594 utique
2517 4523 2642 4592 fuit.
2688 4519 2801 4586 Qua
2838 4518 2893 4571 in
2932 4511 3400 4585 argumentatione
3427 4506 3556 4579 quid

1991 4637 2168 4678 causa:
2216 4632 2409 4673 rursus
2448 4624 2534 4669 est
2574 4627 2673 4667 cur
2703 4610 2922 4680 sapiens
2973 4607 3077 4661 iste
3121 4612 3354 4657 mentem
3404 4614 3433 4652 a
3468 4613 3557 4653 sa-

1994 4714 2193 4785 pientia
2217 4709 2535 4778 distinguat,
2567 4699 3024 4775 quemadmodum
3058 4698 3113 4750 in
3151 4692 3413 4765 oppositis
3438 4688 3557 4743 ﬁeri

1995 4808 2164 4864 solet?
2218 4803 2416 4861 Verum
2455 4799 2547 4871 qui
2581 4805 2834 4852 accurate
2867 4789 3199 4849 diﬂ'el'entias
3247 4798 3426 4840 rerum
3462 4798 3558 4835 ex-

1996 4901 2218 4972 plicant,
2265 4898 2440 4957 aiunt,
2484 4908 2549 4949 ea
2590 4906 2715 4963 qua:
2767 4903 2863 4960 per
2914 4882 3310 4956 Oppositionem
3363 4874 3559 4930 distin-

1996 4968 2236 5067 jguuntur
2282 4992 2425 5045 inter
2471 5004 2529 5045 se
2589 4988 2709 5057 ejus
2753 4998 2875 5039 esse
2935 4987 3145 5035 natura:
3194 4982 3253 5029 ut
3306 4968 3558 5043 praesenti

2002 5062 2109 5142 uno
2159 5087 2388 5139 alterum
2410 5083 2588 5144 cedat,
2623 5077 2791 5133 veluti
2823 5072 2983 5129 morti
3015 5071 3124 5125 vita
3151 5079 3206 5122 et
3243 5066 3363 5120 vita)
3394 5062 3558 5116 vicis-

396 5251 486 5305 "l
522 5252 647 5307 Cor.
683 5269 721 5317 ι,
750 5252 839 5308 50.
913 5252 961 5283 ’⁸
984 5249 1090 5305 Tit.
1116 5266 1177 5313 ιι,
1205 5251 1290 5304 ii.
1365 5250 1408 5282 ”
1447 5248 1465 5302 ι
1516 5248 1644 5305 Cor.
1673 5265 1709 5312 I,
1748 5248 1837 5303 '50.

1974 5246 2070 5301 lsa.
2094 5259 2190 5306 vu,
2222 5242 2306 5296 M.
2385 5242 2406 5273 ³
2438 5237 2542 5294 lsa.
2580 5253 2656 5302 Ix,
2687 5235 2742 5290 6.
2816 5233 2838 5265 ³
2873 5231 3007 5287 ibid.

366 5398 513 5525 ί(10)
542 5395 701 5450 Corr.
726 5392 781 5446 in
813 5406 985 5463 marg.
1021 5409 1113 5463 γρ.
1134 5393 1366 5461 γραφαῖς
1394 5397 1449 5445 et
1478 5404 1599 5443 mox
1650 5406 1886 5457 κενοφω.

385 5489 470 5524 αν.

326 5489 470 5529 νιαν.

402 5539 515 5611 (11)
536 5539 693 5611 Qorr.
720 5533 846 5589 νοῦν
867 5532 1210 5611 φωτίζεσθαι.

398 5602 511 5679 (12)
540 5609 695 5679 Corr.
736 5602 1086 5673 κενοφωνίαν.

400 5674 511 5749 (15)
533 5678 694 5749 (ἔθη.
719 5679 871 5747 φησι,
889 5674 1174 5749 πιστευθῇ..

402 5742 515 5817 (14)
548 5748 705 5803 Corr.
732 5742 791 5801 tv‘
824 5748 954 5800 πᾶσι
980 5742 1240 5817 γινομένη
1267 5746 1378 5808 τοῖς
1400 5742 1725 5815 δεχομένοις.

409 5820 520 5894 (15)
551 5818 706 5876 Corr.
730 5817 1066 5888 οἱκτείρειεν.

2058 5385 2171 5453 (16)
2202 5382 2276 5436 lta
2299 5396 2468 5439 corr..
2503 5385 2663 5453 antea
2686 5374 2785 5453 οςοκ
2814 5372 2966 5453 ἔσται
2991 5369 3047 5423 δὲ
3068 5365 3224 5421 Θεοῦ.

2203 5435 2359 5526 Corr.
2404 5435 2565 5526 σοφία
2586 5444 2673 5526 ᾖν.
2710 5445 2823 5526 Ego
2870 5452 3051 5495 tamen
3083 5435 3545 5526 perintcrroga-

1990 5514 2192 5579 tionem
2227 5525 2403 5576 locum
2428 5514 2572 5573 hunc
2596 5514 2881 5582 legendum
2919 5526 3043 5567 esse
3071 5522 3289 5582 censeo.

2060 5574 2361 5667 (iiii—vtio”.
2387 5591 2441 5667 in
2470 5597 2621 5667 textu
2649 5574 2715 5640 δι’
2746 5576 2809 5639 οῦ
2830 5580 3156 5646 emendavit,
3182 5576 3278 5635 sed
3303 5574 3360 5632 in
3381 5586 3556 5645 marg.

1989 5660 2077 5718 διδ
2102 5660 2295 5717 iterum
2323 5660 2565 5729 scripsit.

2062 5734 2174 5799 (19)
2207 5734 2365 5786 Corr.
2392 5731 2527 5801 μήτε
2556 5730 2675 5801 τήν.

2068 5798 2180 5878 (20)
2202 5803 2355 5860 Corr.
2388 5798 2591 5872 μαθών.
