4020 6490
538 309 669 368 ΙΞθἹ

1760 318 1816 373 S.
1851 312 2173 372 GREGORll
2203 312 2485 368 NYSSENI

3618 309 3639 361 1
3654 305 3758 361 2.98

526 434 628 486 siin
675 449 846 497 mors.
896 437 1080 490 virtuti
1135 436 1324 491 vitium
1369 445 1421 492 et
1452 436 1581 491 huic
1611 435 1849 492 vicissim
1891 434 2001 499 illa,
2032 441 2080 487 et

2188 432 2299 493 τοῖς
2351 429 2646 493 ἀντιθέτοις
2699 428 3115 497 ἀντιδιαστέλλει
3156 426 3233 497 τῷ
3275 426 3350 496 νῷ
3404 425 3500 494 τὴν
3540 427 3755 493 σοφίαν,

525 532 793 595 quotquot
842 526 946 579 alia
996 527 1184 582 eadem
1222 528 1433 582 ratione
1478 528 1755 583 dicuntur.
1805 525 2088 592 Quomodo

527 615 691 684 igitur
733 616 821 669 hic
877 616 942 669 ad
980 617 1157 671 instar
1203 620 1576 688 oppositorum
1632 620 1704 672 ita
1774 626 2006 672 mentem
2056 630 2087 669 a

525 707 790 775 sapientia
841 707 1149 779 distinguit,
1179 712 1335 779 quasi
1386 710 1719 780 impossibile
1763 710 1836 764 sit
1877 710 1932 764 in
1981 722 2085 760 una

525 797 823 867 eademque
878 816 933 853 re
967 809 1019 855 et
1058 802 1202 854 circa
1256 819 1422 856 unum
1471 802 1829 872 eumdemque
1857 802 1966 856 duo
1995 802 2085 855 illa

526 887 689 943 simul
718 891 883 945 esse?
909 890 1041 945 Nam
1077 893 1195 947 ideo
1224 894 1376 957 dicit,
1404 896 1462 951 Si
1484 909 1636 948 mens
1667 908 1833 948 carne
1862 894 2085 963 praedita

526 994 633 1033 non
680 988 846 1044 esset,
901 984 1164 1052 sapientia
1230 993 1392 1049 esset,
1450 999 1513 1037 ac
1566 984 1610 1038 si
1673 984 1797 1053 quis
1853 985 2083 1045 diceret,

526 1070 774 1124 morbum
809 1088 952 1136 esse,
986 1076 1030 1128 si
1073 1076 1281 1129 sanitas
1315 1091 1418 1129 non
1470 1076 1562 1129 sit.
1612 1077 1868 1141 Quaenam
1905 1080 2086 1146 itaque

523 1170 608 1215 est
662 1165 1063 1233 argumentatio
1112 1166 1265 1219 ista?
1313 1165 1372 1221 Si
1405 1168 1457 1219 in
1512 1177 1697 1230 mente,
1753 1168 1946 1237 inquit,
1996 1184 2085 1221 sa-

521 1254 721 1319 pientia
750 1256 937 1316 inerat,
968 1272 1071 1309 non
1100 1257 1361 1310 descendit
1402 1258 1470 1310 ad
1499 1275 1592 1313 nos
1629 1259 1900 1321 Dominus,
1926 1276 2086 1329 neque

524 1360 579 1397 se
627 1336 798 1415 ipsum
852 1349 1158 1402 exinanivit.
1188 1346 1230 1403 Ο
1270 1351 1375 1403 vim
1412 1352 1715 1420 argumenti
1764 1351 2086 1405 ineluctabi-

524 1434 673 1491 leml
736 1437 1019 1503 Quomodo
1064 1443 1260 1496 astruit
1319 1459 1425 1498 non
1461 1443 1814 1499 descendisse
1862 1444 1928 1497 ad
1983 1459 2083 1500 nos

520 1523 809 1581 Dominum
842 1544 907 1585 ex
934 1545 997 1584 eo
1023 1531 1167 1601 quod
1198 1534 1517 1588 ostendatur
1543 1536 1718 1605 ipsum
1761 1537 2080 1606 sapientiam

521 1621 681 1676 esse?
725 1620 911 1693 Itaque
964 1626 1008 1681 si
1056 1641 1120 1682 ex
1172 1642 1238 1681 eo
1284 1628 1428 1698 quod
1486 1628 1747 1686 Dominus
1816 1632 2081 1701 sapientia

520 1710 611 1773 sit,
667 1710 787 1781 ejus
845 1713 913 1768 ad
960 1731 1061 1770 nos
1101 1717 1401 1773 descensus
1452 1719 1721 1787 rejicitur,
1773 1722 2082 1776 necessario

520 1800 767 1870 sequitur
817 1819 937 1857 eum
973 1806 1063 1875 qui
1114 1806 1438 1862 descensum
1472 1808 1686 1863 Domini
1723 1809 1788 1863 ad
1820 1826 1919 1866 nos
1948 1826 2081 1865 con-

521 1891 721 1955 ﬁtetur,
783 1898 1028 1950 eumdem
1084 1895 1373 1952 Dominum
1440 1915 1545 1953 non
1590 1915 1713 1955 esse
1758 1902 2076 1970 sapientiam

519 1981 805 2039 afﬁrmare.
836 1987 999 2057 Atqui
1037 1990 1367 2059 Apollinaris
1415 1990 1703 2045 Dominum
1734 1992 2081 2048 descendisse

519 2073 741 2131 fatetur.
782 2075 970 2149 Itaque
998 2079 1149 2134 illum
1200 2082 1291 2150 qui
1326 2080 1627 2146 descendit,
1679 2097 1789 2137 non
1822 2099 1944 2140 esse
1987 2098 2078 2137 sa-

515 2168 774 2237 pientiam
812 2171 954 2225 idem
987 2173 1148 2227 etiam
1179 2175 1523 2229 conﬁteatur.
1554 2175 1704 2230 Talia
1730 2185 1859 2232 sunt
1878 2178 2079 2247 egregii

516 2257 681 2325 huius
740 2260 842 2313 viri
897 2262 1033 2315 scita
1080 2262 1343 2320 adversus
1397 2268 1681 2322 veritatem
1736 2278 2076 2338 argumenta.

515 2346 721 2404 Deinde
775 2351 905 2404 huic
959 2355 1314 2424 propositioni
1369 2373 1463 2427 per
1514 2359 1749 2428 ineptam
1818 2376 2083 2417 consecu-

515 2440 718 2495 tionem
769 2441 955 2496 subdit
1010 2444 1306 2500 illationem
1337 2448 1495 2501 aliam
1548 2464 1611 2502 ex
1663 2464 1771 2503 non
1804 2452 2081 2507 concessis

518 2532 770 2599 petitam,
819 2548 939 2603 quae
1000 2534 1073 2587 ita
1136 2551 1195 2590 se
1242 2536 1402 2592 habet
1457 2557 1469 2592 :
1508 2537 1793 2608 Propterea
1832 2550 1882 2595 et
1928 2542 2080 2597 homo

513 2633 665 2686 erat;
727 2640 850 2677 nam
905 2623 1059 2679 homo
1099 2627 1383 2681 secundum
1443 2628 1669 2683 Paulum
1706 2648 1849 2686 mens
1910 2643 1987 2687 est
2026 2634 2081 2687 in

513 2729 671 2768 carne
689 2716 883 2782 posita.
908 2714 1165 2771 Lectores
1192 2719 1420 2773 obsecro
1449 2735 1516 2774 ne
1538 2735 1566 2773 a
1591 2723 1749 2777 nobis
1777 2739 1873 2792 per
1894 2723 2079 2792 jocum

515 2804 643 2857 talia
669 2805 733 2858 ad
765 2806 932 2858 risum
962 2808 1392 2875 provocandum,
1419 2819 1677 2879 tanquam
1709 2827 1774 2866 ex
1798 2811 2078 2882 Apollina-

515 2895 591 2947 ris
623 2911 877 2964 persona,
912 2897 1144 2951 conﬁcta
1198 2897 1371 2953 fuisse
1411 2900 1783 2967 arbitrentur;
1827 2912 1909 2956 ex‘
1946 2904 2079 2972 ipsis

516 2985 661 3037 enim
695 2984 815 3053 ejus
857 2985 1076 3053 scriptis
1113 2986 1323 3042 discere
1356 2988 1481 3043 licet
1518 3000 1875 3045 memoratam
1915 2993 2077 3047 modo

2187 523 2372 593 ὥσπερ
2390 522 2669 593 ἀμήχανον
2691 525 2746 574 ὲν
2765 521 2840 592 τῷ
2869 520 3036 591 αὐτῷ,
3052 521 3145 573 καὶ
3172 521 3295 589 περὶ
3311 519 3401 571 τὸν
3422 519 3581 569 αὐτὸν
3612 514 3758 570 εἶναι

2186 614 2254 667 τά
2284 614 2403 678 δύο;
2461 613 2551 666 Διό
2598 629 2779 683 φησιν,
2804 614 2862 667 Ei
2909 613 2984 682 μὴ
3037 610 3158 675 νοῦς
3208 611 3467 680 ἐνσαρκος
3516 604 3583 680 ἦν
3614 610 3753 679 (21),

2189 706 2347 773 σοφία
2388 700 2475 775 ἦν·
2509 704 2582 767 ὡς
2616 704 2667 756 εί
2714 719 2797 765 τις
2824 701 2989 770 λέγοι,
3025 704 3072 754 εί
3114 702 3188 771 μὴ
3232 701 3386 768 ὑγεία
3430 701 3566 760 ἐστὶ,
3598 700 3755 751 νόσον

2187 796 2343 852 εἶναι.
2385 798 2479 861 Τίς
2510 794 2601 851 οῦν
2632 799 2665 868 ή
2712 796 3057 866 κατασκευῆς
3102 797 3171 849 El
3202 796 3406 863 σοφία,
3453 795 3641 863 φησὶν,
3676 789 3758 861 ἦν

2186 892 2255 943 ἐν
2301 891 2379 955 τῷ
2407 890 2510 956 νῷ,
2550 892 2620 943 οὐ
2677 890 2891 957 κατέϐη
2932 892 2964 943 ὀ
2996 889 3229 955 Κύριος,
3276 886 3418 941 οὐδὲ
3454 885 3757 939 ἐκένωσεν

2185 985 2418 1039 ἑαυτόν.
2452 985 2514 1035 Ὢ
2540 984 2635 1053 τῆς
2674 981 3137 1048 ἀνανταγωνίστου
3179 978 3448 1047 ἁνάγκηςί
3496 977 3621 1039 Πῶς
3651 993 3755 1029 κα-

2185 1077 2506 1140 τασκευάζει
2542 1077 2601 1128 τὸ
2632 1075 2703 1144 μὴ
2729 1066 3158 1142 καταϐεϐηκέναι
3192 1072 3281 1124 τὸν
3326 1071 3526 1140 Κύριον
3551 1073 3618 1123 ὲκ
3656 1069 3754 1122 τοῦ

2184 1166 2371 1231 δεῖξαι,
2400 1168 2482 1221 ὅτι
2512 1167 2667 1235 σοφία
2692 1163 2793 1236 ἧν;
2832 1164 3037 1217 Οὐκοῦν
3069 1164 3117 1215 εί
3162 1165 3225 1215 ὲκ
3248 1162 3342 1214 τοῦ
3374 1161 3560 1229 σοφίαν
3587 1161 3756 1213 αὐτὸν

2185 1253 2341 1322 εἶναι,
2375 1257 2556 1311 ἀθετεῖ
2581 1258 2672 1310 καὶ
2711 1259 2742 1327 ἡ
2776 1256 3015 1317 κάθοδος,
3048 1258 3076 1307 6
3102 1255 3199 1324 τὴν
3227 1253 3523 1306 κατάϐασιν
3558 1253 3759 1322 ὁμολο-

2184 1350 2315 1419 γῶν,
2352 1349 2411 1401 τὸ
2443 1348 2517 1419 μὴ
2566 1342 2703 1399 εἶναι
2734 1346 2923 1415 σοφίαν
2964 1345 3023 1409 ἐξ
3052 1346 3295 1414 ἀνάγκης
3327 1342 3752 1406 κατασκευάζει.

2197 1439 2355 1493 Ἀλλά
2386 1438 2490 1509 μὴν
2522 1438 2859 1508 ὁμολογεῖται
2897 1434 3048 1505 παρά
3086 1433 3179 1487 τοῦ
3218 1432 3585 1501 Ἀπολιναρίου
3614 1432 3755 1485 κάθ-

2184 1530 2319 1593 οδος,
2342 1532 2480 1599 ’Λρα
2502 1530 2609 1593 (29)
2642 1530 2735 1581 καὶ
2760 1527 2819 1579 τὸ
2847 1525 2920 1597 μὴ
2956 1521 3094 1577 εἶναι
3117 1523 3303 1593 σοφίαν
3335 1524 3425 1574 τὸν
3449 1521 3754 1592 κατεληλυ-

2185 1622 2311 1676 θότα
2340 1622 2467 1692 παρ’
2501 1620 2707 1673 ἐκείνου
2742 1618 3163 1688 συνομολόγηται
3202 1616 3335 1683 ('23).
3370 1614 3607 1667 Τοιαῦτα
3655 1614 3751 1666 τοῦ

2184 1714 2427 1783 γενναίου
2450 1712 2517 1766 τά
2561 1712 2697 1781 σοφὰ
2727 1709 2865 1764 κατά
2899 1711 2998 1781 τῆς
3038 1707 3291 1777 ἀληθείας
3318 1707 3749 1776 ἐπιχειρήματα.

2184 1804 2315 1860 Εἶτα
2340 1808 2532 1874 ὲπάγει
2555 1805 2642 1860 διὰ
2666 1805 2764 1874 τῆς
2788 1803 3155 1873 ἀσυνάρτητου
3181 1798 3493 1861 ἀκολουθίας
3519 1801 3585 1868 τῇ
3615 1814 3752 1867 προ.

2183 1900 2336 1953 τάσει
2386 1898 2552 1969 ταύτῃ
2583 1897 2695 1967 (24)
2734 1897 2833 1968 τὴν
2872 1898 2936 1949 ὲκ
2989 1894 3096 1947 τῶν
3154 1893 3227 1964 μὴ
3276 1892 3530 1945 τιθέντων
3582 1907 3756 1943 κατα-

2186 1991 2407 2061 σκευὴν,
2437 1989 2663 2059 ἔχουσαν
2710 1986 2910 2050 οὕτως*
2942 1990 3047 2039 Διὰ
3082 1984 3255 2037 τοῦτο
3297 1982 3395 2036 καὶ
3440 1981 3753 2049 ἄνθρωπος

2183 2078 2262 2153 ἦν
2281 2098 2296 2113 ο
2335 2081 2641 2150 ἄνθρωπος
2667 2078 2776 2148 γὰρ
2806 2077 2953 2143 νοῦς
2985 2076 3055 2130 ἐν
3073 2074 3252 2143 σαρκὶ
3281 2073 3430 2127 κατὰ
3463 2071 3571 2125 τὸν
3593 2071 3754 2125 Παῦ-

2183 2180 2315 2230 λον.
2352 2172 2724 2244 Παραιτοῦμαι
2760 2171 2817 2224 δὲ
2862 2170 2987 2233 τοὺς
3033 2166 3454 2237 ἐντυγχάνοντας
3501 2163 3576 2234 μὴ
3620 2162 3755 2233 παρ’

2185 2268 2342 2339 ἡμῶν
2373 2266 2574 2319 οἴεσθαι
2605 2265 2743 2318 κατά
2791 2280 2910 2315 τινα
2950 2260 3167 2313 παιδιάν
3196 2259 3285 2310 ἐπὶ
3316 2257 3510 2325 γέλωτι
3547 2255 3619 2306 τά
3643 2272 3755 2306 τοι-

2186 2360 2346 2422 αῦτα,
2372 2358 2445 2421 ὡς
2478 2359 2540 2410 ὲκ
2563 2355 2853 2427 προσώπου
2880 2354 2974 2407 τοῦ
3014 2349 3381 2419 Ἀπολιναρίου
3410 2347 3756 2417 συμπλάσσε-

2188 2450 2336 2504 σθαι·
2369 2450 2543 2515 ἔξεστι
2585 2448 2692 2517 γὰρ
2725 2446 2818 2499 καὶ
2845 2444 2903 2509 ἐξ
2950 2442 3126 2497 αὐτῶν
3160 2440 3265 2493 τῶν
3311 2438 3436 2509 παρ’
3464 2437 3629 2490 αὐτοῦ
3660 2454 3756 2504 γε-

2184 2541 2519 2612 γραμμένων
2542 2535 2749 2608 μαθεῖν,
2780 2536 2860 2587 ὃτι
2886 2531 3023 2586 κατά
3046 2528 3141 2601 τὴν
3167 2527 3310 2593 λέξιν
3328 2528 3362 2579 ’ὁ
3384 2525 3512 2596 παρ’
3539 2523 3752 2576 ἐκείνου

2187 2632 2575 2703 προενήνεκται
2609 2628 2785 2695 λόγος,
2819 2623 2989 2686 οὕτως
3018 2622 3175 2691 ἔχων.
3219 2618 3374 2673 Κατά
3404 2620 3552 2670 ποῖον
3574 2613 3756 2667 τοίνυν

2185 2724 2395 2778 Παῦλον
2443 2720 2565 2783 νοῦς
2611 2718 2871 2788 ἔνσαρκος
2924 2714 3204 2784 ἄνθρωπος
3252 2710 3498 2778 λέγεται;
3529 2705 3753 2759 Εἱπάτω

2197 2905 2368 2975 Ἰησοῦ
2408 2900 2641 2974 Χριστοῦ
2675 2903 2703 2953 6
2750 2899 2950 2967 κλητὸς
2992 2894 3329 2959 Ἀπόστολος,
3372 2894 3427 2944 έν
3458 2891 3589 2942 πᾶσι
3636 2890 3754 2952 τοῖς

2186 2998 2315 3069 παρ’
2354 2994 2515 3050 αὐτοῦ
2562 2990 2960 3063 γεγραμμένοις
3002 2986 3239 3041 τοιοῦτον
3288 2982 3438 3036 εἶπεν
3480 2982 3652 3034 οὐδέν.
3688 2982 3751 3033 Ei

516 3078 840 3130 sententiam
898 3078 966 3131 ad
1022 3078 1250 3133 verbum
1308 3080 1375 3133 ab
1418 3080 1514 3133 illo
1570 3082 1835 3150 prolatam
1886 3082 2077 3138 fuisse.

2185 3085 2276 3142 οῦν
2307 3087 2504 3157 μήτεή
2549 3082 2856 3140 ἀκολουθία,
2890 3081 3024 3149 μήτε
3070 3081 3102 3148 ἡ
3143 3074 3413 3147 μαρτυρία
3457 3074 3548 3125 τὸν
3592 3072 3752 3173 λόγον

516 3162 828 3220 Secundum
871 3183 1163 3236 quemnam
1228 3170 1410 3238 itaque
1465 3166 1694 3223 Paulum
1728 3187 1880 3226 mens
1920 3188 2085 3229 carne

517 3256 740 3324 pra-dita
795 3258 956 3311 homo
1008 3260 1250 3317 dicitur?
1288 3260 1441 3316 Dicat
1504 3276 1573 3314 an
1621 3262 1857 3331 aliquem
1916 3265 2083 3320 alium

516 3346 770 3400 latentem
804 3347 981 3401 adhuc
1028 3346 1261 3402 Paulum
1304 3349 1545 3405 habeat?
1574 3349 1703 3403 Nam
1738 3368 1927 3409 servus
1954 3352 2083 3409 Jesu

516 3436 721 3491 Christi
777 3447 1007 3493 vocatus
1058 3438 1379 3508 Apostolus,
1434 3440 1492 3494 in
1535 3442 1792 3498 omnibus
1845 3445 1913 3497 ab
1966 3446 2084 3515 ipso

514 3529 753 3583 exaratis
812 3528 1071 3598 Epistolis
1115 3531 1251 3583 nihil
1304 3532 1412 3586 tale
1458 3532 1766 3587 afﬁrmavit.
1814 3533 1868 3589 Si
1901 3537 2083 3606 itaque

516 3634 692 3686 neque
747 3619 915 3673 series
967 3620 1083 3688 ipsa
1141 3620 1429 3684 sermonis,
1486 3636 1664 3691 neque
1711 3623 2080 3679 testimonium

516 3714 684 3767 ullum
735 3714 853 3784 ejus
900 3714 1238 3770 assertiones
1286 3716 1630 3785 comprobat,
1682 3717 1951 3772 undenam
1984 3719 2081 3773 ab-

514 3803 677 3857 surda
725 3804 839 3859 haec
884 3804 1154 3874 dogmatis
1208 3808 1463 3861 conﬁctio
1518 3807 1677 3862 ﬁdem
1725 3809 1925 3862 habet?
1974 3807 2082 3865 Sed

514 3912 708 3952 rursus
730 3898 1019 3953 recensitis
1044 3898 1155 3967 jam
1198 3898 1539 3970 argumentis
1576 3899 1724 3953 aliud
1763 3901 2077 3972 subjungit:

514 3992 799 4057 Quoniam,
840 3994 1039 4063 inquit,
1092 4002 1325 4046 terrenus
1352 3992 1503 4047 homo
1549 3995 1667 4055 iste,
1734 3994 1888 4048 homo
1943 4005 2079 4059 erat,

511 4092 561 4134 ct
616 4083 821 4152 quidem
878 4082 1119 4137 caelestis.
1174 4084 1374 4137 lterum
1422 4082 1547 4136 dico
1600 4083 1874 4137 hominem
1936 4084 2083 4138 hunc

511 4174 741 4228 oblitum
785 4191 907 4231 esse
938 4174 1121 4230 Mariae
1171 4176 1260 4229 cui
1296 4177 1589 4229 annuntiat
1636 4175 1873 4241 Gabriel,
1920 4192 2083 4247 super

511 4281 674 4336 quam
727 4268 945 4323 venisse
1013 4267 1278 4337 Spiritum
1343 4276 1593 4322 sanctum
1649 4267 1925 4335 creditur,
1990 4271 2079 4325 cui

511 4357 805 4411 obumbrat
836 4358 1011 4412 virtus
1051 4360 1340 4421 Altissimi,
1391 4376 1512 4429 quae
1559 4358 1744 4415 Jesum
1800 4361 1941 4430 parit
1985 4363 2077 4432 qui

2187 3182 2483 3249 συνίστησι,
2515 3175 2677 3229 πόθεν
2704 3177 2736 3245 ἡ
2771 3173 3051 3234 ἀλλόκοτος
3082 3168 3217 3239 αῦτη
3261 3166 3649 3236 δογματοποιία
3692 3164 3752 3217 τὸ

2183 3270 2368 3325 πιστὸν
2418 3269 2564 3339 Extat;
2611 3265 2780 3318 Πάλιν
2826 3265 3006 3333 ἕτερον
3052 3264 3161 3325 τοῖς
3198 3259 3501 3329 εἰρημένοις
3553 3256 3751 3321 ἐπάγει

2180 3365 2374 3435 νόημα.
2422 3358 2658 3425 Ἐπειδὴ
2684 3358 3014 3422 ἅνθρωπος,
3050 3354 3234 3423 φησὶν,
3264 3347 3341 3420 ἦν
3368 3349 3468 3402 καὶ
3488 3345 3751 3414 ἐποιησά-

2179 3474 2327 3519 νιος,
2363 3448 2541 3515 οὗτος
2573 3452 2605 3503 ό
2636 3448 2859 3517 χοϊκός.
2892 3445 3059 3499 Πάλιν
3091 3444 3232 3510 λέγω
3274 3438 3620 3509 ἐπιλελῆσθαι
3651 3438 3752 3507 τῆς

2180 3542 2413 3614 Μαρίας,
2528 3535 2932 3605 εὐαγγελίζεται
2959 3536 2986 3587 6
3030 3532 3287 3603 Γαϐριὴλ,
3326 3532 3410 3599 ἐφ’
3440 3530 3506 3599 ἣν
3557 3528 3751 3597 ἐληλυ-

2182 3633 2329 3686 θέναι
2360 3631 2421 3683 τὸ
2454 3629 2604 3697 ἅγιον
2641 3626 2860 3695 Πνεῦμα
2889 3623 3220 3687 πιστεύεται,
3318 3620 3625 3683 ἐπισκιάζει
3654 3617 3751 3670 τοῦ

2193 3718 2446 3787 Ὑψίστου
2491 3717 2525 3785 ἡ
2572 3715 2820 3785 δύναμις,
2852 3712 2943 3783 ἀφ’
2988 3708 3054 3784 ἧς
3099 3711 3339 3765 τίκτεται
3366 3713 3394 3763 ὁ
3435 3707 3662 3778 Ἰησοῦς,
3719 3708 3753 3759 6

2181 3811 2319 3882 έχων
2367 3810 2464 3880 τὴν
2506 3808 2678 3878 ἀρχὴν
2720 3809 2811 3861 ἐπὶ
2842 3806 2933 3860 τοῦ
2972 3806 3126 3877 ὤμου
3176 3804 3360 3869 αὐτοῦ,
3406 3801 3681 3855 τουτέστιν
3718 3801 3752 3853 ό

2182 3902 2463 3973 βαστάζων
2515 3901 2599 3969 ἐφ’
2633 3899 2825 3953 ἑαυτοῦ
2853 3900 2950 3969 τὴν
2991 3899 3183 3967 ἀρχήν.
3228 3896 3390 3966 Ἀρχὴ
3425 3894 3479 3946 δὲ
3528 3893 3751 3954 πάντως

2182 3994 2327 4047 ἐστὶν
2354 3993 2382 4044 ὁ
2402 3992 2532 4054 Θεὸς
2568 3991 2758 4056 Λόγος,
2791 3991 2819 4041 6
2841 3990 2899 4039 ὲν
2925 3989 3062 4057 ἀρχῇ
3096 3986 3209 4056 (25)
3238 3983 3333 4047 ὣν,
3363 3985 3452 4036 καὶ
3474 3982 3615 4053 ἀρχὴ
3645 3983 3745 4048 ὢν,

2181 4085 2358 4147 καθώς
2389 4083 2520 4154 φησί
2545 4099 2645 4134 που
2688 4081 2787 4150 τῆς
2823 4079 3043 4149 Γραφῆς
3072 4078 3101 4129 ὁ
3123 4078 3297 4144 λόγος,
3328 4077 3410 4128 ὅτι
3452 4074 3589 4142 Ἐγώ
3627 4077 3745 4143 ειμι

2180 4177 2218 4243 ή
2246 4176 2417 4245 ἀρχή.
2459 4175 2529 4227 Ἢ
2558 4172 2734 4226 τοίνυν
2766 4170 2989 4234 δειξάτω
3017 4169 3091 4239 μὴ
3122 4171 3179 4221 ὲν
3220 4170 3287 4239 γῇ
3324 4168 3419 4237 τὴν
3448 4166 3743 4237 Παρθένον,

2180 4270 2527 4341 ῆάνθρωπον
2577 4265 2823 4336 οὐράνιον
2876 4260 2950 4333 μὴ
3002 4260 3304 4323 πλασσέτω,
3344 4259 3474 4329 μηδὲ
3512 4260 3747 4327 φοϐείτω

2178 4360 2301 4420 τοὺς
2335 4356 2752 4426 ἀμαθεστέρους,
2779 4352 2853 4415 ὡς
2886 4352 2965 4415 είς
2996 4350 3055 4403 τὸ
3070 4353 3221 4407 Θεῖον
3255 4349 3745 4420 ἐξαμαρτάνοντας,

513 4449 874 4518 principatum
924 4449 1085 4504 habet
1118 4467 1281 4520 super
1331 4451 1592 4507 humeros
1643 4468 1795 4519 suos,
1859 4452 1961 4509 hoc
1994 4462 2077 4509 est

2183 4452 2254 4515 ὡς
2282 4450 2342 4503 τὸ
2386 4447 2718 4518 ἀνθρώπινον
2758 4445 2869 4515 (26)
2910 4442 3358 4514 παραδεξάμενοι,
3394 4443 3465 4512 μὴ
3513 4458 3743 4512 συνομο-

512 4538 606 4607 qui
638 4539 692 4591 in
725 4553 785 4593 se
819 4539 937 4608 ipso
958 4540 1319 4610 principatum
1353 4544 1509 4613 gerit.
1537 4544 1865 4614 Principium
1894 4554 2071 4601 autem

513 4638 837 4684 cunctarum
886 4646 1068 4685 rerum
1122 4631 1263 4688 Deus
1315 4632 1553 4689 Verbum
1603 4645 1708 4698 est,
1765 4636 1861 4705 qui
1908 4645 1960 4691 et
2020 4639 2076 4692 in

515 4722 788 4793 principio
817 4732 957 4785 erat,
989 4728 1043 4776 et
1092 4724 1414 4793 principium
1446 4737 1585 4789 erat,
1615 4728 2075 4797 quemadmodum

514 4814 712 4868 alicubi
737 4814 811 4867 ait
836 4812 1140 4883 Scriptura,
1165 4829 1375 4883 nempe,
1404 4814 1512 4884 Ego
1541 4834 1657 4871 sum
1679 4820 1995 4888 principium
2029 4822 2071 4876 ‘.

514 4903 613 4959 Vel
645 4906 829 4975 itaque
862 4904 1113 4960 ostendat
1169 4905 1222 4959 in
1266 4914 1407 4960 terra
1445 4907 1718 4979 Virginem
1761 4927 1870 4966 non
1908 4912 2077 4969 exsti-

513 4998 668 5061 tisse,
702 4998 789 5051 vel
828 4996 1105 5052 hominem
1142 4997 1419 5053 cmlestem
1451 4998 1651 5071 ﬁngere
1678 5001 1923 5070 desinat;
1974 5018 2076 5058 nec

593 5174 615 5206 ⁸
642 5178 814 5245 Apoc.
847 5192 887 5241 ι,
913 5175 973 5231 8.

586 5354 698 5425 (2|)
746 5354 810 5409 Et
860 5356 948 5411 hic
999 5370 1143 5411 corr.
1198 5357 1509 5412 emendatio
1554 5357 1713 5412 nobis
1754 5355 2067 5412 necessaria

514 5427 632 5499 visa
654 5435 772 5490 est;
798 5442 942 5499 _narn
998 5437 1156 5483 antea
1191 5429 1454 5497 scriptum
1507 5427 1703 5493 fuerat,
1743 5429 1791 5481 εἰ
1838 5428 1911 5499 μὴ
1953 5426 2079 5489 νοῦς

515 5497 776 5567 ἔνσαρκος
796 5493 884 5567 ἦν,
909 5496 1004 5559 ὡς.

584 5514 776 5618 tragico;
796 5514 884 5567 ην,
909 5514 1004 5559 ως.

584 5566 643 5634 (2
682 5567 861 5633 )Part.
894 5567 988 5619 καί
1020 5565 1202 5621 addita
1235 5576 1319 5622 est
1346 5582 1376 5621 a
1407 5583 1552 5626 corr.

586 5636 705 5704 (‘23)
737 5636 895 5707 βαι-ι’.
936 5638 1394 5707 συνωμολόγηται.

586 5707 701 5775 (⁸24)
736 5706 810 5761 lla
838 5722 1006 5775 corr.,
1032 5706 1188 5764 antea
1227 5707 1447 5779 ταύτην.

2181 4542 2385 4610 λογοῖεν
2412 4539 2469 4591 τὸ
2493 4538 2651 4594 θεῖον.
2695 4537 2759 4588 Ἥ
2789 4537 2882 4605 μὲν
2910 4536 3016 4605 γὰρ
3038 4536 3101 4587 ἐκ
3135 4534 3389 4601 γυναικὸς
3413 4532 3661 4599 γέννησις
3682 4532 3746 4585 τὸ

2179 4633 2509 4705 ἀνθρώπινον
2566 4632 2709 4700 ἔχει’
2758 4631 2791 4699 ἡ
2822 4629 2876 4680 δὲ
2927 4627 3187 4698 παρθενία
3234 4627 3618 4695 ὑπηρετήσασα
3665 4625 3746 4694 τῷ

2178 4729 2341 4797 τόκῳ,
2375 4726 2434 4777 τὺ
2458 4724 2596 4795 ὑπὲρ
2635 4722 2916 4793 ἄνθρωπον
2944 4719 3161 4783 ἔδειξεν.
3200 4719 3356 4770 Ὥστε
3385 4716 3446 4768 τὸ
3495 4716 3593 4785 μὲν
3621 4734 3746 4785 γεν-

2179 4819 2336 4889 νηθὲν
2379 4818 2657 4888 ἅνθρωπος
2680 4832 2693 4846 ·
2723 4817 2756 4884 ἡ
2786 4814 2841 4866 δὲ
2888 4812 3022 4883 πρὸς
3059 4811 3157 4881 τὴν
3199 4809 3447 4879 γέννησιν
3493 4809 3742 4878 δύναμις,

2180 4912 2280 4964 οὐκ
2314 4910 2369 4974 ἐξ
2394 4906 2712 4978 ἀνθρώπων,
2748 4904 2882 4957 ἀλλά
2900 4902 2988 4956 διὰ
3013 4902 3152 4954 Πνεύ
3162 4917 3325 4971 ματος
3350 4900 3503 4967 ἁγίου
3528 4901 3622 4952 καὶ
3644 4900 3743 4967 τῆς

2182 5003 2275 5057 τοῦ
2318 5000 2568 5071 Ὑψίστου
2593 4998 2889 5067 δυνάμεως.
2928 4993 3135 5049 Οὐκοῦν
3165 4992 3302 5045 κατὰ
3340 4991 3427 5045 τόν
3451 4992 3627 5063 ἀληθῆ
3653 4993 3744 5045 λό-

2272 5354 2453 5441 ξὶβὶίια
2485 5369 2657 5417 corr.;
2681 5363 2839 5409 antea
2867 5354 3012 5409 enim
3040 5363 3177 5419 erat,
3203 5359 3231 5408 ὸ
3260 5355 3317 5407 ἐν
3345 5352 3486 5425 ἀρχὴ
3512 5350 3630 5421 (ita)
3660 5350 3735 5401 ὢν

2181 5434 2551 5571 ῗαῗὲθῖὲῦρέτ.
2582 5496 2715 5548 εἰτὸ
2744 5496 3098 5571 ἀνθρώπινον.
3143 5470 3405 5571 Ροιτο-ιη
3454 5490 3736 5571 sequenti-

2181 5568 2282 5621 bus
2310 5564 2590 5635 legendum
2620 5564 2858 5629 censeo,’
2880 5566 2951 5637 μὴ
2987 5566 3409 5637 συνομολογοῖεν,
3454 5564 3576 5637 licet
3606 5575 3735 5614 con-

2181 5632 2407 5690 trariuin
2438 5651 2656 5689 sensum
2690 5652 2795 5707 prae
2825 5632 3053 5693 se'ferat
3105 5632 3223 5691 cod.
3276 5632 3393 5687 Vat.
3442 5633 3532 5700 qui
3576 5643 3731 5701 nega-

2183 5710 2290 5760 tiva
2322 5716 2458 5776 part.
2486 5713 2651 5762 caret.
