4020 6498
227 323 364 380 £209
1386 311 1752 369 ADVERSUS
1788 311 2296 369 APOLLINAREM.
3306 311 3461 368 -I2I0

220 455 316 507 γον
345 437 436 490 καὶ
461 434 740 508 ἅνθρωπός
765 437 878 488 ἐστι
909 435 1000 489 καὶ
1021 434 1171 498 Θεὸς,
1203 432 1279 502 τῷ
1304 433 1563 504 ὁρωμένῳ
1588 430 1787 502 ἄνθρω-

1911 431 1956 488 le
1998 432 2310 486 rudioribus
2362 431 2630 487 sollicitus
2672 433 2764 496 sil,
2817 433 2978 504 quasi
3023 431 3077 486 in
3113 429 3454 486 divinitatem

223 546 345 593 πος,
376 528 454 599 τῷ
480 528 750 598 νοουμένῳ
778 527 926 590 Θεός.
974 526 1031 580 Ὀ
1067 527 1123 580 δὲ
1152 525 1212 579 οὑ
1237 524 1393 578 τοῦτό
1421 540 1582 594 φησιν
1627 526 1683 576 ἐν
1713 523 1790 594 τῷ

1911 526 2174 593 peccaturi
2234 525 2366 587 siut,
2420 531 2479 577 ut
2519 525 2611 594 qui
2657 525 3052 579 humanitatem
3089 524 3462 588 admittentes,

223 620 670 692 συμπεράσματι,
704 619 781 691 τῷ
814 618 1118 690 φαινομένῳ
1141 619 1199 672 τὸ
1229 617 1388 684 Θεῖον,
1417 617 1479 670 οὐ
1509 614 1587 687 τῷ
1617 612 1790 685 νοητῷ

1911 613 2060 668 simul
2102 613 2266 666 etiam
2301 612 2639 666 divinitatem
2675 613 2731 666 in
2775 610 2998 667 Christo
3031 629 3141 668 non
3188 611 3298 667 sint
3327 627 3464 666 con-

221 716 249 765 ό
258 713 556 783 ριζόμενος.

1911 704 2116 760 ἐεευτὶ.
2139 702 2272 756 Nam
2303 719 2368 757 ex
2396 703 2620 757 muliere
2661 711 2810 758 nasci
2837 705 3086 758 humanae
3129 703 3463 758 conditionis

223 814 348 871 est;
433 803 718 876 virginitas
790 820 918 860 vero
977 804 1156 874 partui
1215 801 1540 866 inserviens,
1588 801 1734 872 quod
1789 807 1872 855 est
1909 815 2074 868 supra
2105 799 2398 852 humanam
2439 797 2808 853 conditionem
2837 798 3094 860 ostendit,
3151 798 3226 852 ita
3263 805 3323 850 ut
3365 799 3466 867 qui

225 906 394 954 natus
446 906 530 953 est
575 913 640 953 ex
689 899 829 967 ipsa,
877 899 1042 952 homo
1089 897 1307 968 quidem
1341 898 1448 964 sit;
1497 895 1794 968 generandi
1832 911 1961 950 vero
2006 894 2237 950 facultas
2290 910 2401 949 non
2468 908 2533 948 ex
2586 893 2924 960 hominibus,
2973 892 3067 948 sed
3141 909 3206 947 ex
3257 891 3467 963 Spiritu

226 1003 424 1047 sancto
458 1001 512 1048 et
560 992 828 1048 Altissimi
870 994 1073 1048 virtute
1107 991 1446 1064 proﬂuxerit.
1481 990 1791 1047 Secundum
1831 1005 2014 1046 veram
2067 990 2250 1058 itaque
2295 990 2561 1043 rationem
2616 995 2671 1042 et
2714 987 2879 1042 homo
2927 995 2984 1042 et
3049 985 3192 1041 Deus
3257 997 3360 1046 est,
3401 1000 3468 1039 eo

225 1084 448 1153 quidem
471 1085 616 1154 quod
643 1086 886 1140 cernitur
923 1084 1108 1147 homo,
1132 1100 1198 1140 eo
1227 1093 1406 1139 autem
1439 1083 1582 1154 quod
1618 1089 1800 1138 mente
1837 1082 2138 1153 percipitur
2182 1081 2346 1136 Deus.
2397 1080 2504 1136 Iste
2537 1089 2716 1136 autem
2745 1081 2848 1134 hoc
2911 1079 2966 1133 in
3006 1080 3090 1134 sui
3158 1077 3468 1146 argumenti

225 1177 581 1232 conclusione
661 1192 770 1232 non
848 1177 1001 1242 dicit,
1061 1177 1408 1232 divinitatem
1460 1193 1526 1232 eo
1578 1176 1724 1246 quod
1797 1177 2067 1236 cernitur,
2126 1191 2238 1228 non
2286 1189 2353 1229 eo
2408 1173 2555 1244 quod
2606 1180 2789 1228 mente
2853 1171 3282 1241 contemplatur,
3333 1168 3501 1264 (ἰεξίί-ι

233 1284 412 1322 mens.

312 1357 471 1412 Ἀλλὰ
505 1356 640 1429 πρὸς
665 1356 724 1411 τὸ
751 1356 947 1429 ἐφεξῆς
972 1359 1298 1429 ἐπιχείρημα
1323 1357 1399 1427 τῷ
1435 1357 1576 1428 λόγῳ
1607 1356 1796 1428 μετέλοι

231 1454 432 1522 θωμεν.
455 1452 519 1503 El
530 1449 676 1519 μετὰ
693 1449 799 1503 τοῦ
819 1449 986 1514 Θεοῦ,
1021 1450 1171 1520 φησι,
1204 1450 1314 1520 (27)
1349 1449 1460 1502 νοῦ
1485 1449 1678 1514 ὄντος,
1701 1448 1797 1503 καὶ

229 1538 597 1608 ἀνθρώπινος
629 1536 775 1602 νοῦς
799 1533 877 1606 ἦν
903 1538 971 1590 ἐν
992 1538 1239 1606 Χριστῷ.
1263 1537 1431 1592 Τοῦτο
1455 1541 1487 1609 ἡ
1517 1537 1795 1608 πρότασις.

243 1633 434 1700 Ἡμεῖς
477 1629 532 1681 δὲ
570 1628 650 1699 τῷ
698 1629 974 1700 εἰρημένῳ
1021 1631 1650 1702 ἀντιπροτείνομεν’Τίς
1691 1631 1798 1685 τῶν
1830 1677 1872 1730 Β

233 1723 404 1792 ἁγίων
425 1719 548 1775 νοῦν
575 1720 635 1773 τὸ
660 1722 813 1776 Θείον
843 1720 1077 1791 ὡρίσατο
1101 1739 1114 1786 ;
1147 1721 1304 1793 Παρὰ
1351 1723 1530 1787 ποίαις
1560 1724 1800 1793 Γραφαῖς

156 1815 159 1819 ’
231 1813 428 1868 ταύτὸν
460 1807 595 1866 εἶναι
631 1811 708 1882 τῷ
735 1811 810 1879 νῷ
850 1813 940 1866 τὸν
971 1813 1100 1865 Θεὸν
1132 1813 1507 1885 ἐδιδάχθημεν,
1533 1815 1670 1868 ὥστε
1699 1833 1804 1868 πα-

238 1902 561 1975 ραδέξασθαι
597 1901 658 1953 τὸ
684 1901 972 1972 λεγόμενον
999 1903 1132 1973 (28),
1167 1905 1246 1957 ὃτι
1283 1905 1312 1950 ὁ
1349 1905 1445 1974 μέν
1491 1905 1632 1959 κατὰ
1667 1907 1804 1975 Χρι-

239 1996 362 2048 στὸν
409 1993 712 2063 ἄνθρωπος,
758 1993 950 2058 ἄγους’
978 1996 1006 2048 ὁ
1043 1995 1173 2060 Θεὸς
1215 1996 1272 2048 δὲ
1325 1995 1446 2060 νοῦς
1487 1996 1564 2067 τῷ
1597 1999 1804 2069 ἀνοήτῳ

237 2087 478 2154 vixerat;
510 2083 654 2156 Ἀρα
670 2085 774 2156 χρὴ
797 2086 890 2138 καὶ
911 2086 1028 2139 ὅλον
1048 2086 1139 2140 τοῦ
1163 2089 1584 2160 ἐπιχειρήματος
1617 2090 1804 2144 τούτου

236 2175 586 2247 καταγράψαι
624 2175 716 2229 τὸν
747 2176 974 2231 ὅνειδον·
1003 2177 1138 2232 ἀλλὰ
1168 2179 1382 2234 δέδοικα
1413 2180 1487 2250 μὴ
1517 2181 1805 2250 χλευασταί

237 2283 380 2330 τινες
399 2268 511 2328 τοῖς
539 2266 920 2335 ἐντυγχάνουσι
953 2266 1212 2338 δόξωμεν,
1249 2269 1324 2333 ὼς
1354 2269 1448 2324 ἐπὶ
1480 2271 1679 2338 γέλωτι
1710 2271 1806 2342 τὴν

237 2361 622 2432 ἀσχημοσύνην
669 2361 762 2414 τοῦ
809 2358 1144 2431 λογογράφου
1192 2361 1624 2436 δημοσιεύοντες,
1663 2365 1808 2434 Πλὴν

236 2450 315 2514 ὡς
343 2450 409 2505 ἂν
441 2451 516 2522 μὴ
548 2450 740 2531 ἀτελὴς
783 2451 934 2521 μένοι
963 2452 996 2521 ἡ
1035 2452 1312 2522 πρότασις,
1348 2452 1408 2505 τὸ
1443 2455 1808 2524 συμπέρασμα

243 2540 405 2610 μόνον
445 2541 742 2609 ἐπαγαγεῖν
783 2539 919 2605 δέον,
950 2541 1042 2593 τὸν
1071 2539 1159 2593 διὰ
1186 2541 1295 2612 (29)
1329 2543 1493 2613 μέσου
1545 2546 1808 2614 συρφετὸν

241 2631 636 2704 ὑπερϐήσομαι.
666 2634 736 2685 El
756 2631 906 2700 μετὰ
942 2633 1047 2686 τοῦ
1083 2633 1252 2696 Θεοῦ,
1285 2635 1434 2702 φησι,
1468 2635 1579 2689 νοῦ
1611 2636 1806 2702 ὄντος,

243 2723 339 2777 καὶ
373 2721 738 2788 ἀνθρώπινος
765 2723 875 2791 (50)
905 2719 982 2792 ἦν
1017 2723 1086 2775 ἐν
1111 2723 1340 2790 Χριστῷ
1361 2724 1524 2790 νοῦς,
1560 2727 1669 2779 οὐκ
1695 2727 1810 2793 ἄρα

241 2814 592 2866 ἐπιτελεῖται
628 2814 697 2866 ἐν
733 2812 891 2877 αὐτῷ
919 2813 982 2865 τὸ
1008 2811 1117 2881 τῆς
1142 2814 1495 2881 σαρκώσεως
1522 2815 1714 2884 ἔργον.
1741 2819 1810 2870 Et

242 2907 310 2960 δὲ
333 2908 419 2975 μὴ
447 2905 796 2960 ἐπιτελεῖται
829 2904 894 2957 τὸ
923 2904 1032 2972 τῆς
1068 2905 1424 2974 σαρκώσεως
1444 2907 1619 2977 ἔργον
1642 2909 1711 2961 ἐν
1732 2908 1810 2974 τῷ

1973 1343 2264 1402 XXXVIII.
2301 1346 2404 1402 Sed
2453 1347 2520 1401 ad
2569 1358 2968 1418 argumentum,
3018 1352 3162 1418 quod
3200 1355 3468 1421 sequitur,

1903 1448 2090 1494 nostra
2132 1438 2512 1508 pregrediatur
2549 1439 2742 1492 oratio.
2788 1436 2848 1493 Si
2891 1455 3007 1493 cum
3058 1440 3187 1508 Deo,
3243 1445 3336 1512 ait,
3381 1448 3472 1515 qui

1903 1549 2046 1585 mens
2079 1541 2178 1594 est,
2203 1531 2433 1584 humana
2461 1547 2662 1601 quoque
2700 1548 2842 1587 mens
2864 1543 2979 1586 erat
3006 1534 3060 1587 in
3087 1533 3317 1592 Christo.
3347 1537 3471 1595 Ilmc

1904 1624 2078 1694 prima
2129 1623 2449 1693 propositio.
2486 1621 2596 1679 Nos
2639 1632 2819 1680 autem
2857 1625 2984 1678 huic
3030 1629 3317 1683 assertioni
3357 1631 3470 1685 haac

1902 1715 2143 1769 vicissim
2195 1714 2835 1785 opponimus:Quisnam
2873 1728 3187 1773 sanctorum
3231 1730 3468 1776 mentem

1901 1818 2024 1858 esse
2052 1802 2388 1859 divinitatem
2423 1804 2645 1860 statuit?
2675 1806 2930 1873 Qutenam
2977 1806 3272 1878 Scriptura:
3302 1827 3468 1865 unum

1909 1895 2160 1964 idemque
2198 1911 2321 1951 esse
2365 1897 2534 1951 Deum
2586 1913 2650 1952 ac
2697 1907 2932 1954 mentem
2989 1916 3088 1956 nos
3138 1900 3373 1958 docuere
3413 1912 3472 1957 ut

1903 1987 1952 2042 ei
1993 1990 2390 2053 assentiamur,
2445 1989 2571 2042 dum
2619 1989 2696 2042 ait
2743 1989 3017 2045 hominem
3064 1991 3322 2061 quidem,
3377 1993 3472 2062 qui

1905 2085 2158 2140 Christus
2191 2090 2329 2143 erat,
2384 2089 2566 2135 tuente
2617 2081 2882 2145 caruisse,
2928 2080 3096 2136 Deum
3132 2097 3262 2136 vero
3298 2082 3471 2137 eidem

1910 2188 2088 2233 mente
2114 2177 2378 2231 destituto
2428 2187 2659 2229 mentem
2714 2173 2915 2229 factum
2950 2174 3160 2230 fuisse?
3189 2175 3474 2246 Oporteret

1907 2283 2038 2323 sane
2089 2265 2543 2320 contumeliosum
2598 2263 2699 2317 hoc
2730 2273 3108 2332 argumentum
3143 2265 3348 2335 integre
3379 2265 3477 2320 de-

1907 2359 2186 2423 scribere;
2249 2355 2348 2409 sed
2396 2369 2588 2408 vereor
2620 2370 2688 2408 ne
2733 2354 3032 2410 lectoribus
3065 2355 3319 2411 irrisores
3352 2370 3476 2411 esse

1907 2450 2212 2514 videamur,
2262 2461 2326 2501 ac
2389 2446 2434 2500 si
2493 2445 2779 2514 scriptoris
2839 2447 3008 2501 nostri
3078 2447 3474 2502 deformitatem

1908 2543 2150 2598 omnium
2187 2538 2475 2594 cachinnis
2528 2551 2948 2606 exponeremus.
3003 2535 3204 2591 Verum
3253 2553 3323 2592 ne
3374 2538 3478 2591 im-

1910 2633 2152 2704 perfecta
2211 2637 2491 2684 remaneat
2539 2627 2840 2697 propositio
2897 2627 3012 2690 illa,
3069 2628 3477 2684 conclusionem

1910 2719 2356 2776 tantuutmodoiu
2394 2718 2628 2772 medium
2661 2717 3043 2786 proferendam
3081 2733 3298 2783 censeo,
3325 2719 3477 2790 quis-

1909 2814 2094 2883 quiliis
2121 2827 2258 2882 quas
2303 2819 2495 2864 auctor
2526 2810 2802 2878 interiecit
2831 2810 3073 2866 omissis.
3107 2808 3168 2865 Si
3197 2826 3312 2864 cum
3344 2810 3476 2878 Deo,

1911 2906 2005 2969 ait,
2059 2905 2245 2958 mentis
2291 2903 2451 2957 vicem
2497 2901 2787 2972 supplente,
2819 2901 3050 2955 humana
3095 2919 3294 2973 quoque
3333 2919 3478 2959 mens

244 2997 612 3067 αὐτοκινήτῳ
637 2999 734 3052 καὶ
759 2998 844 3068 μὴ
873 2999 1233 3068 ὰναγκάστῳ
1260 3002 1372 3061 νοῒ.
1407 3002 1475 3054 ἐν
1517 3001 1595 3067 τῷ
1621 3004 1804 3070 ἑτεροο

1911 3003 2024 3048 erat
2062 2994 2117 3046 in
2168 2991 2401 3052 Christo,
2457 3007 2559 3045 non
2593 3007 2712 3060 ergo
2758 2991 2813 3044 in
2862 2991 2974 3060 ipso
3007 2991 3281 3061 conﬁcitur
3301 2992 3479 3046 incar-

245 3090 496 3158 κινήτῳ,
547 3089 646 3143 καὶ
693 3090 810 3145 ὑπὸ
861 3091 966 3144 τοῦ
1016 3092 1178 3145 θείου
1241 3092 1352 3147 νοῦ
1410 3094 1808 3164 ἐνεργουμένη

243 3178 423 3246 σαρκὶ
449 3177 700 3231 τελεῖται
728 3179 792 3232 τὸ
829 3179 1023 3248 ἔργον,
1053 3180 1086 3232 ὅ
1120 3181 1249 3234 ἐστι
1273 3182 1454 3249 λύσις
1485 3183 1770 3252 ἁμαρτίας
1794 3201 1808 3215 ο

238 3268 673 3338 μεταλαμϐάνει
721 3269 788 3321 δὲ
827 3269 936 3336 τῆς
967 3271 1202 3336 λύσεως
1247 3275 1278 3325 ὀ
1311 3273 1381 3326 ἐν
1409 3275 1552 3344 ἡμῖν
1576 3278 1812 3330 αὐτοκί-

245 3377 428 3427 νητος
463 3360 628 3426 νοῦς,
684 3362 812 3414 καθ’
850 3360 1001 3415 ὅσον
1047 3363 1255 3416 οὶκειοῖ
1300 3364 1517 3419 ἑαυτὸν
1559 3367 1810 3435 Χριστῷ.

257 3451 420 3522 Ὁρᾷς
453 3449 570 3522 πῶς
602 3452 775 3505 οἰκεῖα
825 3455 890 3522 τῇ
937 3453 1195 3523 προτάσει
1250 3455 1318 3507 τὰ
1354 3459 1810 3528 συμπεράσματα;

245 3545 398 3614 Τάχα
421 3543 476 3596 δέ
497 3548 637 3605 τινος
662 3544 912 3596 ἐπαοιδοῦ
936 3546 1028 3598 καὶ
1056 3545 1287 3616 γαληνοῦ
1315 3549 1424 3614 (51)
1446 3549 1814 3621 προσδεόμενα

250 3635 383 3707 πρὸς
398 3640 458 3692 τὸ
475 3640 746 3710 διακρῖναι
776 3636 905 3705 ἡμῖν
949 3636 1018 3690 τὰ
1057 3637 1161 3690 τῶν
1190 3639 1451 3691 ἐνυπνίων
1479 3641 1772 3711 αἰνίγματα
1795 3685 1809 3705 ,

250 3726 388 3780 ὥστε
421 3727 592 3779 εἰπεῖν
619 3725 671 3778 τί
704 3726 955 3798 σημαίνει
982 3729 1014 3799 ἡ
1040 3727 1144 3781 τῶν
1179 3731 1436 3798 ῥημάτων
1462 3731 1664 3786 τούτων
1695 3751 1815 3786 και-

246 3817 482 3887 νοφωνία
512 3818 644 3888 (52)·
685 3818 748 3871 '0
783 3819 1170 3886 αὑτοκίνητος
1209 3821 1375 3885 νοῦς,
1415 3822 1511 3874 καὶ
1559 3823 1813 3892 ἐτεροκί-

245 3925 446 3976 νητος,
485 3908 642 3976 σὰρξ
668 3911 706 3977 ἡ
739 3909 1098 3964 ἐπιτελοῦσα
1121 3910 1232 3980 (55)
1271 3911 1336 3964 τὸ
1364 3913 1542 3982 ἔργον
1568 3915 1676 3984 τῆς
1716 3919 1816 3972 λύο

245 4015 421 4064 σεως.
462 4000 600 4053 Ἀλλ’
646 4000 887 4070 ἀφείσθω
917 4003 1008 4054 καὶ
1063 4001 1232 4055 ταῦτα
1275 4007 1340 4074 τῇ
1385 3988 1662 4078 ἀγερωχίᾳ
1706 4010 1814 4062 τῶν

249 4090 388 4143 νέων
418 4090 933 4161 καταχλευάζεσθαι,
968 4094 1125 4164 ἡμεῖς
1160 4094 1217 4148 δὲ
1243 4095 1379 4166 πρὸς
1403 4096 1470 4151 τὰ
1502 4098 1698 4170 ἐφεξῆς
1721 4101 1814 4154 τοῦ

247 4183 406 4253 λόγου
425 4185 800 4256 προΐωμενοΕι
813 4206 866 4242 τι
875 4188 1596 4262 πλέον,(54)φησὶν,ἕτερος
1614 4191 1816 4261 ἐτέρου

246 4277 556 4346 κομίζεται,
589 4278 764 4331 τοῦτο
792 4277 864 4331 δι’
903 4278 1169 4345 ἄσκησιν
1187 4282 1440 4350 γίνεται·
1479 4285 1723 4352 οὐδεμία
1749 4285 1818 4339 δὲ

246 4341 514 4432 ἄσκησις
547 4364 614 4416 ἑν
642 4363 870 4432 Χριστῷ
889 4381 902 4394 ·
932 4341 1356 4435 οὑκ-ἄρα’νοῦς
1384 4370 1554 4424 ἐστιν
1590 4341 1810 4442 ἆνθρώ-
1846 4341 1891 4396 D

247 4473 441 4521 πινος.
470 4456 593 4518 Πῶς
618 4456 886 4527 μέμνηται
910 4458 1007 4527 τῆς
1029 4459 1378 4514 Θεοπνεύστου
1401 4463 1618 4534 Γραφῆς
1641 4481 1656 4530 ;
1681 4468 1815 4520 Ποία

246 4547 341 4598 τοῦ
379 4544 637 4616 Βεσελεὴλ
666 4544 894 4615 ἄσκησις
921 4547 1028 4598 τῶν
1064 4549 1265 4619 τεχνῶν
1298 4550 1678 4624 καθηγήσατοξ
1709 4557 1814 4609 Πό-

248 4638 339 4690 οεν
368 4637 423 4690 δὲ
461 4636 539 4704 τῷ
570 4636 870 4707 Σολομῶντι
911 4639 1017 4691 τῶν
1044 4641 1308 4695 τοσούτων
1339 4645 1371 4713 ή
1405 4644 1638 4713 γνῶσις;
1675 4648 1731 4702 Ὀ
1756 4649 1813 4702 δέ

247 4727 315 4779 τὰ
344 4728 614 4796 συκάμινα
652 4727 849 4790 κνὶζων
895 4727 1092 4798 Ἀμὼς,
1135 4730 1249 4793 πῶς
1277 4731 1334 4797 ἐξ
1367 4734 1602 4788 αἰπόλων
1631 4737 1817 4790 τοσαύ-

247 4835 345 4887 την
377 4818 533 4886 ἔσχεν
566 4818 622 4868 ἐν
656 4818 958 4889 προφητείᾳ
989 4819 1085 4890 τὴν
1123 4820 1384 4890 δύναμιν;
1415 4825 1523 4877 Καὶ
1550 4827 1696 4897 ὅμως
1725 4829 1817 4882 οὑ-

246 4907 356 4971 δεὶς
381 4908 487 4960 τῶν
510 4908 811 4978 εἰρημένων
841 4909 899 4972 ἐξ
931 4911 988 4962 οὐ
1000 4911 1160 4980 ρανοῦ
1199 4912 1588 4985 καταϐέϐηκεν,
1614 4918 1732 4972 οὗτε
1759 4922 1816 4974 ἐν

247 5002 389 5071 ἀρχῇ
416 4997 502 5071 ἦν,
530 4999 652 5052 οὔτε
675 4996 769 5053 ἴσα
796 5002 914 5071 Θεῷ
941 4999 1024 5072 ἦν.

1910 3086 2138 3140 nationis
2172 3100 2316 3151 opus.
2357 3082 2416 3137 Si
2449 3093 2622 3136 autem
2646 3099 2748 3136 non
2788 3083 3065 3151 conﬁcitur
3096 3084 3480 3139 incarnationis

1912 3191 2039 3243 opus
2065 3176 2118 3227 in
2153 3185 2341 3236 mente,
2371 3191 2488 3243 qute
2517 3190 2613 3227 sua
2641 3183 2822 3241 sponte
2871 3184 3102 3228 movetur
3133 3186 3179 3227 et
3215 3191 3246 3228 a
3278 3177 3481 3230 nemine

1912 3269 2138 3336 cogitur,
2179 3279 2316 3322 certe
2364 3267 2417 3318 in
2465 3282 2643 3326 carne,
2689 3281 2804 3334 quae
2839 3282 2931 3334 per
2965 3267 3128 3319 alium
3162 3277 3394 3320 movetur
3430 3275 3480 3320 et

1913 3377 1946 3414 a
1976 3361 2149 3413 divina
2182 3368 2349 3412 mente
2395 3359 2588 3428 agitur,
2621 3359 2755 3411 idem
2787 3359 3167 3412 incarnationis
3197 3375 3324 3428 opus
3353 3375 3480 3412 con-

1912 3454 2111 3523 ﬁcitur,
2153 3449 2289 3520 quod
2337 3457 2413 3502 est
2459 3448 2675 3503 abolitio
2707 3450 2936 3516 peccati;
2961 3449 3117 3518 hujus
3150 3458 3325 3504 autem
3349 3449 3478 3502 abo-

1916 3545 2113 3598 litionis
2153 3552 2336 3595 nostra
2364 3557 2507 3595 mens
2555 3557 2671 3609 qute
2712 3558 2808 3594 sua
2843 3549 3023 3608 sponte
3069 3552 3322 3605 movetur,
3355 3557 3482 3610 par-

1915 3639 2073 3706 ticeps
2108 3636 2189 3704 ﬁt,
2243 3644 2498 3704 quatenus
2526 3633 2837 3703 adjungitur
2871 3632 3100 3688 Christo.
3134 3632 3296 3689 Vides
3318 3649 3480 3704 quam

1914 3728 2100 3783 afﬁnes
2141 3727 2329 3796 prima:
2359 3726 2716 3795 propositioni
2752 3725 3138 3780 conclusiones
3179 3723 3480 3778 sint?For-

1916 3827 2060 3872 tasse
2110 3825 2291 3871 autem
2343 3817 2684 3870 incantatore
2727 3817 2806 3870 vel
2862 3830 3060 3885 gazaro
3103 3815 3286 3885 aliquo
3344 3831 3483 3884 opus

1913 3909 2019 3963 erit
2075 3907 2141 3960 ad
2201 3905 2521 3976 explicanda
2569 3905 2727 3959 nobis
2788 3904 3098 3972 hujusmodi
3146 3907 3479 3959 somniorum

1915 4002 2222 4072 aenigmata,
2264 4007 2317 4053 et
2365 4008 2423 4051 ut
2462 3997 2618 4052 nobis
2655 3996 2920 4052 edisserat
2956 3995 3086 4066 quid
3124 3997 3317 4050 horum
3360 4012 3481 4051 ver-

1915 4095 2106 4149 borum
2157 4091 2369 4146 novitas
2421 4090 2729 4160 signiticet:
2773 4088 2921 4143 Mens
2967 4104 3084 4156 quae
3136 4103 3230 4155 per
3269 4103 3323 4141 se
3367 4103 3480 4140 mo-

1916 4197 2089 4250 vetur;
2134 4202 2275 4239 mens
2326 4200 2444 4252 quo:
2495 4183 2652 4253 pulsu
2690 4183 2860 4236 alieno
2912 4181 3128 4251 agitur;
3189 4195 3314 4233 caro
3366 4194 3483 4249 qua:

1919 4279 2220 4332 abolitionis
2269 4277 2467 4345 peccati
2516 4275 2778 4345 negotium
2834 4273 3057 4342 perﬁcit.
3111 4269 3217 4325 Sed
3275 4279 3328 4326 et
3365 4271 3484 4326 haec

1914 4373 2174 4441 juvcnuui
2226 4368 2538 4440 petulantias
2582 4367 2872 4421 deridenda
2922 4363 3339 4432 relinquantur;
3382 4376 3482 4416 nos

1917 4479 2048 4520 vero
2068 4464 2132 4516 ad
2159 4478 2220 4517 ea
2253 4476 2372 4530 qua:
2417 4461 2471 4514 in
2501 4459 2674 4530 ipsius
2709 4463 2940 4510 tractatu
2972 4461 3274 4524 sequuntur
3301 4453 3486 4507 discu-

1919 4555 2098 4611 tienda
2148 4553 2524 4624 procedamus.
2568 4549 2629 4604 Si
2672 4547 2818 4619 quid,
2869 4548 2969 4610 ait,
3021 4546 3167 4599 aliud
3213 4545 3329 4613 plus
3379 4545 3484 4597 alio

1921 4647 2166 4716 acquirit,
2223 4644 2276 4697 id
2326 4643 2696 4697 exercitatione
2739 4641 2836 4710 ﬁt;
2871 4639 3021 4692 nulla
3075 4647 3248 4691 autem
3286 4637 3484 4690 exerci-

1927 4739 2056 4791 tatio
2105 4738 2159 4790 in
2227 4735 2478 4804 Cltristo:
2526 4749 2647 4803 ergo
2697 4747 2838 4785 mens
2883 4730 3112 4782 humana
3162 4744 3264 4780 non
3309 4735 3387 4779 est
3430 4727 3483 4778 in

1924 4828 2154 4884 Christo.
2199 4825 2414 4880 Siccine
2451 4825 2711 4878 divinitus
2747 4822 3022 4892 inspirata:
3053 4817 3345 4886 Scriptum
3369 4830 3485 4871 sero

1925 4936 2146 4975 monum
2166 4915 2574 4974 reminiscitur?
2602 4914 2863 4982 Quaenam
2897 4909 3218 4966 exercitatio
3249 4907 3484 4962 Beseleel

1923 5020 2071 5067 artes
2109 5011 2325 5066 edocuit
2359 5010 2420 5062 ’ἲ
2449 5007 2730 5064 Undenam
2776 5002 3052 5058 Salomoni
3081 5009 3158 5053 tot
3185 5007 3486 5052 tantarum-

249 5111 357 5163 que
387 5111 569 5148 rerum
607 5096 886 5165 cognitio?
915 5097 1015 5162 Qui
1052 5113 1179 5152 vero
1208 5113 1526 5169 sycomoros
1557 5107 1812 5176 carpebat
1851 5109 2019 5164 Amos
2058 5109 2100 5172 ⁸,
2128 5123 2235 5177 quo
2263 5115 2424 5177 pacto
2457 5103 2820 5159 armentarius
2849 5115 2973 5153 cum
3039 5104 3202 5158 esset,
3275 5103 3480 5148 tantam

325 5207 532 5263 'Exod.
561 5224 710 5273 xxxi,
753 5209 805 5263 I.
881 5210 902 5240 ⁸
926 5211 1094 5267 Amos
1131 5228 1230 5276 vn,
1259 5212 1348 5269 55.

322 5326 433 5396 (27‘)
469 5322 705 5396 Verbum
731 5325 869 5396 φησί
897 5340 1040 5381 corr.
1071 5327 1194 5382 add.

1906 5330 2176 5411 significet
2196 5331 2530 5411 ignoremus.
2560 5327 2932 5411 :Scripserit
2961 5343 3108 5408 corr_.
3143 5325 3474 5411 γαζαρηνιοιῇ.

324 5395 541 5471 (illiilla
569 5409 740 5471 corr.)
772 5395 908 5450 male
927 5405 1107 5462 antea,
1149 5398 1287 5451 ὥστε
1322 5397 1704 5470 τὸλεγόμενον,
1756 5409 1811 5457 et

1911 5395 2016 5455 non
2049 5395 2310 5471 γαζαροῦ.
2337 5399 2467 5471 Quae
2494 5399 2720 5471 quidem
2749 5395 2851 5471 vox
2873 5400 3124 5471 occurrit
3145 5395 3286 5467 apud
3305 5395 3476 5471 μΧΧ.

250 5481 400 5526 mox,
435 5466 463 5517 ὁ
494 5464 624 5527 Θεὸς
647 5464 787 5528 νοῦς.

322 5536 434 5599 ('29)
463 5535 616 5588 Corr.
652 5535 742 5586 τὸν
771 5535 827 5588 δὲ
853 5535 958 5588 διά.

324 5606 435 5678 ῥῷ)
467 5603 543 5678 Ita
567 5619 737 5678 corr._,
770 5607 906 5678 male
931 5613 1110 5678 antea,
1140 5608 1234 5660 καὶ
1259 5607 1566 5678 ἄνθρωπος.

287 5673 614 5753 _(31)Corr.
641 5675 733 5727 καὶ
753 5675 1014 5753 γαζαροῦ,
1051 5693 1211 5745 quam
1251 5673 1534 5753 let-tionem
1577 5680 1631 5732 in
1684 5695 1807 5753 ver-

252 5747 408 5801 sione
439 5750 622 5798 nostra
657 5747 824 5800 secuti
853 5763 1062 5811 smnus,
1091 5749 1340 5818 quamvis
1395 5749 1524 5819 quid
1563 5765 1663 5805 vox
1705 5749 1808 5805 ista

1909 5467 2133 5540 Interp.,
2166 5467 2294 5523 Usu.
2318 5486 2390 5530 ιν,
2413 5469 2468 5540 4.
2493 5468 2923 5540 Ubj_Tlieodgtio
2943 5483 3039 5540 pro
3055 5467 3341 5540 Gaaareais
3365 5483 3484 5519 ver-

1907 5543 1969 5596 tit
1987 5531 2173 5603 θύῖτας,
2197 5539 2548 5607 sacriﬁculos.
2570 5537 2784 5593 Videsis
2806 5531 3076 5593 Nobilium
3105 5539 3170 5592 ad
3192 5537 3325 5590 Dan.
3349 5551 3389 5600 ι,
3423 5550 3474 5590 c.

1983 5613 2091 5679 (5'2)
2126 5611 2282 5664 Corr.
2317 5609 2634 5677 κενοφωνία.

1989 5677 2099 5748 (55)
2135 5681 2209 5734 Ita
2231 5696 2400 5741 (ειη-ι’..
2436 5691 2592 5734 antea
2628 5680 2770 5732 cnim
2801 5687 2938 5740 erat,
2971 5680 3003 5746 ἡ
3041 5677 3412 5733 ἐπιτάττουσα.

1990 5753 2100 5822 (34)
2137 5749 2370 5805 Verbum
2399 5749 2529 5821 φησὶ
2569 5765 2711 5804 corr.
2743 5749 2878 5805 scite
2914 5752 3035 5804 add.
