4020 6512
560 328 689 384 1211

1784 322 1839 377 S.
1874 320 2201 377 GREGORII
2225 320 2512 377 NYSSENI

3663 323 3800 378 1212

558 451 664 505 fuit
698 448 1052 519 prOphetandi
1080 448 1393 503 facultatem
1422 445 1689 515 adeptus?
1720 444 1782 498 Et
1816 455 1995 500 tamen
2021 460 2121 499 nec
2158 460 2349 499 eorum
2389 445 2684 515 quisquam
2752 459 2817 499 ex
2858 444 2996 497 caalo
3038 442 3341 505 descendit,
3383 458 3480 498 nec
3529 443 3585 497 in
3655 443 3802 512 prin-

558 549 703 618 cipio
755 548 878 611 fuit,
930 563 1031 601 nec
1076 546 1186 600 Deo
1219 544 1464 613 aequalis.

629 639 872 696 XXXIX.
917 640 1022 696 Sed
1066 650 1120 694 et
1160 641 1260 693 hoc
1313 646 1691 708 argumentum
1734 638 1949 693 silentio
1990 653 2126 707 praz-
2155 643 2201 697 Α

559 741 855 797 tereamus,
892 750 954 788 ea
990 734 1335 803 potissimum
1371 733 1579 785 ratione
1613 730 1755 801 quod
1787 730 1941 785 aliine
1978 734 2047 785 sit
2078 730 2126 785 ei

560 842 683 895 quae
728 826 907 895 ipsum
944 824 1198 893 praecedit
1246 823 1614 885 conclusioni,
1661 823 1817 891 cujus
1845 822 2009 875 verba
2054 823 2127 875 ita

560 932 620 973 se
656 917 856 970 habent
890 935 901 969 :
936 915 1072 985 Ergo
1104 933 1204 968 non
1246 914 1484 967 sulratur
1519 914 1803 965 humanum
1828 928 1987 982 genus
2038 926 2130 979 per

558 1009 749 1061 mentis
774 1018 821 1061 et
858 1017 1017 1061 (otius
1052 1006 1275 1058 hominis
1308 1005 1739 1072 assumptionem,
1772 1003 1859 1057 sed
1893 1019 1985 1072 per
2011 1019 2131 1054 car-

559 1101 643 1152 nis
678 1099 1083 1167 susceptionem.
1126 1095 1250 1149 llaec
1290 1094 1511 1164 quidem
1548 1101 1631 1148 est
1665 1094 1967 1163 argumenti
1999 1108 2130 1146 con-

559 1190 770 1253 clusio;
820 1188 1181 1243 differentiam
1233 1200 1363 1239 vero
1415 1186 1555 1239 inter
1599 1186 2023 1255 assumptionem
2075 1191 2128 1237 et

560 1282 964 1351 susceptionem
1002 1280 1076 1333 illi
1128 1288 1399 1348 exponant
1432 1279 1521 1347 qui
1573 1278 1816 1331 sedulam
1855 1291 2126 1347 gramma-

559 1373 687 1426 ticis
734 1370 1125 1442 frigiditatibus
1176 1384 1393 1437 operam
1447 1376 1667 1430 navant,
1720 1376 1777 1421 ut
1821 1368 2004 1437 pueris
2051 1381 2131 1420 se-

559 1464 800 1518 cundum
863 1471 1032 1516 artem
1091 1462 1398 1516 edisserant
1458 1458 1835 1529 hujuscemodi
1894 1457 2127 1528 partium

560 1552 834 1607 sermonis
873 1566 996 1619 quae
1032 1550 1437 1620 propositiones
1479 1558 1764 1612 vocantur,
1812 1549 1865 1601 in
1915 1547 2129 1601 modico

558 1644 792 1713 positam
851 1643 1302 1712 discrepantiam;
1354 1658 1455 1697 nos
1504 1642 1647 1696 enim
1693 1641 2021 1710 promiscue,
2075 1648 2128 1694 et

559 1744 874 1806 susceptum
901 1735 1104 1790 assumi
1130 1743 1183 1787 et
1212 1743 1554 1802 assumptum
1579 1731 1764 1787 itidem
1791 1730 1992 1799 suscipi
2018 1746 2127 1785 non

559 1826 902 1886 dubitamus,
938 1840 1062 1876 cum
1120 1821 1401 1889 Scriptura
1456 1822 1615 1874 talem
1660 1822 1891 1873 istarum
1934 1834 2128 1873 vocum

558 1934 720 1973 usum
759 1933 860 1971 nos
894 1916 1105 1970 doceat.
1138 1912 1271 1968 Cum
1317 1915 1489 1984 gloria
1524 1920 1859 1981 susceperunt
1894 1928 1975 1964 me
2008 1951 2021 1973 ,
2056 1914 2131 1964 in-

2312 632 2468 685 Ἀλλά
2500 631 2739 699 σιγάσθω
2779 631 2870 684 καὶ
2910 629 3064 683 τοῦτο
3087 631 3146 683 τὸ
3183 632 3538 703 ἐπιχείρημα,
3567 633 3803 702 μάλιστα

2228 726 2314 779 διὰ
2342 725 2402 779 τὸ
2431 724 2704 795 προσφυὲς
2731 723 2821 776 τοῦ
2847 722 3195 793 προτεθέντος
3221 723 3369 793 αύτῷ
3398 726 3801 796 συμπεράσμαο

2228 834 2339 879 τος,
2378 815 2548 877 οὕτως
2580 814 2719 868 κατά
2747 813 2843 884 τὴν
2868 812 3011 878 λέξι’ν
3037 814 3247 882 ἔχοντος
3270 831 3283 844 ’
3327 817 3446 868 Uine
3473 815 3591 883 ἆρα
3622 816 3799 877 adice-

2228 925 2319 961 ται
2353 908 2418 960 τὸ
2447 907 2819 974 ἀνθρώπινον
2845 904 3013 975 γένος
3036 905 3106 957 δι’
3132 906 3487 974 ἀναλήψεως
3533 907 3666 972 νοῦ,
3702 911 3799 963 καί

2229 1001 2373 1053 ὅλου
2400 998 2733 1067 ἀνθρώπου,
2775 996 2933 1051 ἀλλὰ
2975 996 3070 1051 διὰ
3103 999 3505 1068 προσλήψεως
3544 1002 3797 1069 σαρκός.

2230 1090 2301 1142 Τὸ
2336 1090 2432 1159 μὲν
2476 1088 2845 1159 συμπέρασμα
2882 1087 3038 1140 τοῦτο
3063 1102 3074 1116 ·
3108 1088 3208 1159 τὴν
3237 1089 3292 1143 δὲ
3330 1091 3429 1161 τῆς
3456 1091 3797 1162 ἀναλήψεως,
3830 1118 3875 1135 ι-

2231 1182 2349 1251 (καὶ
2401 1180 2753 1250 προσλήψεως
2788 1178 2937 1249 [55])
2987 1179 3248 1250 διαφοράν
3299 1183 3714 1252 ὲρμηνευόντων
3750 1185 3801 1235 οἱ

2228 1278 2346 1336 ταῖς
2400 1275 2809 1343 γραμματικαῖς
2856 1272 3237 1342 ψυχρολογίαις
3284 1274 3796 1345 ὲμμελετήσαιῶς,

2229 1366 2368 1419 ὥστε
2414 1366 2520 1418 τῶν
2565 1366 2815 1418 τοιούτων
2860 1364 2951 1417 τοῦ
2982 1365 3139 1433 λόγου
3188 1365 3409 1437 μορίων,
3443 1365 3479 1419 ὃ.
3513 1368 3801 1437 προθέσεις

2230 1458 2712 1528 κατανομάζονται,
2760 1456 3089 1526 τεχνολογεῖν
3139 1459 3195 1510 ὲν
3246 1459 3547 1527 μειρακίοις
3594 1459 3695 1529 τὴν
3741 1461 3800 1512 ἐν

2230 1550 2392 1620 ὀλίγῳ
2435 1550 2746 1618 διαφωνίαν.
2792 1548 2980 1618 Ἡμεῖς
3006 1546 3114 1618 γὰρ
3146 1548 3238 1599 καὶ
3268 1548 3357 1599 τὸν
3388 1549 3799 1619 προσειλημμέ-

2232 1660 2317 1695 νον
2343 1641 2655 1712 ἀνειλῆφθαι
2681 1638 2987 1709 νομίζομεν,
3006 1640 3098 1691 καὶ
3113 1639 3202 1691 τὸν
3215 1640 3606 1711 ἀνειλημμένον
3632 1660 3799 1713 προσ-

2232 1731 2479 1801 ειλῆφθαι
2526 1731 2623 1783 οὐκ
2672 1728 3098 1800 ἀμφιϐάλλομεν,
3131 1729 3280 1799 παρά
3320 1732 3416 1799 τῆς
3453 1732 3491 1782 Γ
3496 1732 3676 1801 ραφῆς
3701 1732 3798 1803 τὴν

2228 1822 2479 1893 τοιαύτην
2505 1821 2695 1892 χρῆσιν
2722 1820 2814 1873 τοῦ
2836 1820 2992 1888 λόγου
3016 1818 3408 1890 μεμαθηκότες.
3430 1824 3590 1876 Μετὰ
3613 1823 3797 1891 δόξης

2230 1914 2606 1981 προσέλαϐόν
2628 1930 2725 1982 με,
2754 1914 2914 1983 φησὶν
2942 1915 2970 1965 ό
2995 1912 3185 1966 Δαϐίδ·
3222 1913 3316 1965 καὶ
3355 1914 3514 1966 πάλιν
3546 1916 3793 1987 ἑτέρωθι,

559 2009 681 2078 quit
712 2006 878 2060 David
902 2006 961 2073 7;
1014 2012 1069 2059 et
1102 2019 1297 2059 rursus
1329 2004 1434 2057 alio
1476 2005 1529 2056 in
1566 2005 1705 2064 loco,
1752 2000 1923 2071 Elegit
1960 2000 2126 2055 David

2244 2004 2591 2069 Ἐξελέξατο
2645 2004 2821 2057 Δαϐίδ
2874 2002 2981 2056 τὸν
3026 2002 3249 2057 δοῦλον
3289 2006 3493 2067 αὑτοῦ,
3536 2009 3634 2060 καὶ
3696 2009 3799 2061 ἀν-

559 2117 763 2155 servum
805 2114 979 2160 suum,
1016 2107 1063 2151 et
1110 2099 1399 2164 assumpsit
1431 2113 1547 2148 cum
1588 2100 1652 2147 de
1689 2094 1931 2163 gregibus
1958 2095 2125 2162 patris

559 2192 700 2249 sui“.
738 2191 901 2260 Igitur
932 2191 1022 2258 qui
1065 2205 1190 2243 cum
1228 2189 1398 2257 gloria
1435 2196 1723 2255 susceptus
1754 2193 1859 2247 est,
1896 2186 1941 2237 is
1965 2186 2125 2239 etiam

558 2291 878 2353 assumptus
916 2290 1018 2345 est,
1066 2290 1120 2334 et
1153 2281 1244 2349 qui
1278 2278 1346 2333 de
1380 2280 1634 2349 gregibus
1669 2288 1979 2346 assumptus
2024 2286 2125 2342 est,

559 2375 609 2429 is
631 2375 797 2428 etiam
835 2379 1127 2441 susceptus
1152 2377 1235 2424 est
1266 2387 1277 2423 :
1311 2370 1377 2422 ad
1412 2384 1571 2421 unam
1606 2370 1748 2422 enim
1773 2368 2128 2437 eamdemque

558 2482 675 2520 rem
717 2464 1132 2535 significandam
1178 2462 1286 2516 duo
1322 2461 1413 2513 illa
1450 2461 1613 2513 verba
1645 2468 1911 2529 usurpat;
1960 2464 2034 2515 ita
2070 2470 2129 2515 ut

555 2558 688 2627 quid
734 2557 837 2611 sibi
888 2556 1037 2617 velit,
1090 2555 1180 2624 qui
1240 2552 1587 2623 Unigenitum
1632 2554 1707 2606 ait
1756 2571 1862 2609 non
1910 2572 2124 2611 assum-

555 2648 741 2717 ptione
807 2646 901 2701 sed
958 2646 1305 2714 susceptione
1356 2646 1751 2700 incarnationis
1811 2648 2126 2719 mysterium

555 2738 929 2807 dispensasse,
986 2751 1087 2791 nec
1136 2737 1254 2806 ipse
1308 2736 1400 2805 qui
1452 2736 1519 2791 iis
1564 2737 1790 2793 vocibus
1841 2755 1972 2795 usus
2020 2749 2124 2805 est,

556 2833 791 2887 fortasse
834 2830 1213 2901 explicaverit.
1246 2830 1356 2900 Ego
1395 2837 1575 2886 autem
1606 2830 1659 2884 in
1698 2831 1818 2901 ejus
1865 2834 2128 2889 absurdo-

553 2938 675 2976 rum
703 2924 991 2977 verborum
1042 2937 1202 2977 emno
1243 2937 1550 2978 sermonem
1600 2923 1876 2994 refugiens
1910 2926 2129 2980 immer-

552 3032 719 3087 gere,
790 2992 1053 3086 potiorem
1118 3016 1240 3085 ejus
1315 3030 1578 3085 nugarum
1638 3025 1843 3086 partem
1934 3018 2127 3075 lubens

550 3110 767 3176 oniitto,
802 3120 950 3165 ratus
986 3113 1069 3163 vel
1103 3124 1169 3164 ex
1215 3108 1336 3179 ipsa
1376 3107 1502 3163 libri
1539 3109 1771 3164 lectione
1796 3110 1915 3180 ejus
1953 3108 2128 3165 dicto-

550 3225 674 3265 rum
719 3204 978 3279 ineptiam
1017 3203 1154 3262 satis
1195 3216 1475 3277 superque
1509 3201 1780 3275 redargui,
1826 3204 1900 3258 ita
1938 3211 1996 3257 ut
2030 3203 2125 3273 qui

552 3305 753 3357 acriter
802 3300 1066 3355 adversus
1129 3298 1272 3353 hanc
1301 3298 1548 3352 haeresim
1611 3296 1788 3351 invehi
1829 3296 1977 3359 velit,
2013 3310 2121 3350 non

554 3403 665 3448 tam
696 3392 1017 3463 excogitatis
1048 3407 1078 3444 a
1124 3406 1183 3445 se
1228 3387 1562 3458 argumentis
1595 3402 1758 3456 quam
1786 3402 1852 3441 ex
1878 3386 2126 3456 ipsismet

554 3484 859 3539 adversarii
910 3482 1111 3543 verbis,
1171 3479 1416 3548 ejusdem
1472 3478 1774 3532 fatuitatem
1833 3492 2125 3548 coarguere

552 3577 727 3647 possit
750 3592 765 3640 ;
789 3574 987 3643 quibus
1009 3572 1155 3625 enim
1181 3569 1487 3624 rationibus
1510 3568 1852 3624 mendacium
1880 3577 2125 3624 astruere

552 3674 805 3725 conatur,
840 3660 1033 3715 iisdem
1068 3659 1201 3729 ipsis
1230 3672 1342 3728 prae
1388 3658 1602 3710 infirma
1636 3665 1692 3711 et
1739 3656 1995 3711 imbecilli
2028 3656 2126 3710 de-

552 3755 801 3810 fensione
864 3751 1197 3820 impietatem
1258 3747 1528 3817 dogmatis
1588 3747 1675 3800 sui
1742 3746 1914 3815 palam
1970 3744 2120 3799 facit.

553 3848 765 3902 Etenim
794 3847 840 3900 si
876 3845 1097 3906 homini,
1146 3842 1341 3911 inquit,
1378 3840 1605 3909 perfecto
1632 3839 1809 3891 unitus
1846 3850 1922 3892 est
1956 3838 2120 3906 perfe-

552 3953 666 3995 ctus
700 3939 861 4001 Deus,
911 3938 1015 3989 duo
1057 3936 1257 4003 utique,
1298 3950 1402 3987 non
1452 3948 1611 3984 unum
1642 3940 1828 3985 essent.
1865 3928 2125 4000 Imperfe-

551 4041 698 4085 ctum
733 4032 918 4099 itaque
949 4043 1070 4083 cum
1107 4024 1347 4095 perfecto
1398 4024 1751 4093 conjunctum
1784 4038 1881 4093 pro
1910 4024 2124 4079 duobus

552 4124 621 4177 ab
665 4124 783 4191 ipso
833 4135 944 4174 non
997 4120 1286 4173 habentur.
1342 4115 1562 4170 Viditne
1611 4130 1845 4184 unquam
1891 4115 2124 4171 eximius

551 4216 655 4269 iste
698 4213 785 4267 vir
839 4226 1039 4281 pueros
1084 4225 1281 4265 manus
1331 4207 1535 4278 digitos
1579 4216 1983 4269 enumerantes,
2030 4207 2123 4277 qui

550 4322 778 4377 parvum
821 4320 926 4358 una
978 4319 1100 4357 cum
1138 4316 1336 4371 magno
1383 4307 1654 4363 numerat,
1700 4315 1866 4352 unum
1905 4300 2121 4369 quidem

552 4400 843 4459 minorem,
904 4395 1164 4462 majorem
1221 4395 1449 4446 alterum
1513 4391 1791 4444 nominat?
1848 4391 1952 4445 Sed
2016 4393 2123 4446 duo

551 4499 734 4541 tamen
788 4503 911 4542 esse
963 4486 1115 4547 dicit,
1178 4485 1222 4537 si
1285 4491 1575 4549 utrumque
1634 4480 1796 4533 simul
1857 4488 2119 4534 rmmeret.

550 4578 743 4634 Omnis
793 4578 937 4632 enim
996 4590 1257 4629 numerus
1326 4575 1596 4627 unitatum
1651 4580 1734 4626 est
1783 4573 2119 4643 aggregatio,

2227 2096 2442 2148 ἐλαϐεν
2497 2093 2681 2147 αὑτὸν
2726 2095 2792 2147 ἐκ
2832 2093 2949 2148 τῶν
2977 2095 3264 2163 ποιμνίων
3293 2094 3397 2149 τοῦ
3428 2098 3652 2163 πατρὸς
3690 2102 3798 2151 αὐ-

2227 2186 2332 2240 τοῦ
2365 2184 2497 2255 (56).
2528 2184 2735 2239 Οὑκοῦν
2759 2187 2849 2239 καὶ
2876 2188 2903 2238 ό
2932 2186 3068 2256 μετά
3105 2185 3259 2257 δόξης
3298 2188 3666 2257 προσληφθεὶς
3709 2192 3801 2241 άν-

2228 2277 2453 2347 ελήφθη,
2471 2278 2559 2330 καὶ
2577 2278 2639 2329 ὲκ
2652 2276 2757 2329 τῶν
2771 2278 3035 2347 ποιμνίων
3057 2278 3399 2348 ἀναληφθεὶς,
3421 2279 3795 2351 προσελήφθη.

2230 2371 2361 2441 Περὶ
2386 2370 2493 2441 γὰρ
2522 2369 2613 2423 τοῦ
2644 2369 2804 2424 αὐτοῦ
2838 2368 2908 2423 τὰ
2941 2370 3053 2439 (37)
3087 2370 3180 2423 δύο
3217 2370 3382 2438 λέγει,
3419 2370 3559 2423 ὥστε
3588 2373 3638 2425 τί
3673 2373 3799 2441 βού-

2227 2460 2375 2513 λεται
2408 2463 2436 2514 ό
2486 2460 2677 2529 λέγων,
2730 2462 2828 2513 ούκ
2871 2460 3153 2532 ἀναλήψει,
3208 2461 3341 2519 ἀλλά
3377 2462 3679 2531 προσλήψει
3724 2464 3800 2531 τῷ

2226 2554 2518 2621 Μονογενεί
2543 2552 2605 2605 τὸ
2648 2552 2786 2606 κατά
2816 2553 2906 2605 τὸν
2946 2554 3228 2623 ἄνθρωπον
3267 2555 3666 2619 οἰκονομεῖσθαι
3702 2574 3799 2625 μυ-

2230 2647 2467 2715 στήριον,
2508 2645 2615 2698 οὐδ’
2648 2644 2713 2699 ἂν
2743 2644 2905 2708 αὐτὸς
2940 2646 3081 2697 εἴποι
3115 2646 3270 2715 τάχα.
3313 2644 3451 2713 Ἐγὼ
3492 2647 3550 2699 δὲ
3580 2647 3800 2715 φεύγων

2226 2738 2293 2807 τῇ
2330 2734 2433 2788 ἰλύῖ
2480 2734 2587 2789 τῶν
2624 2737 3010 2807 ἀσυναρτήτων
3059 2736 3222 2790 αὐτοῦ
3275 2737 3533 2808 ῥημάτων
3583 2740 3801 2793 συνδια-

2228 2828 2509 2892 σαπτίζειν
2531 2829 2620 2881 τὸν
2647 2828 2821 2896 λόγον,
2847 2828 2917 2881 τὰ
2942 2828 3110 2881 πολλά
3144 2830 3243 2900 τῆς
3272 2830 3536 2902 φλυαρίας
3570 2833 3797 2903 ἀφίημι,

2229 2920 2411 2972 ἱκανὸν
2458 2920 2675 2989 ἔλεγχον
2723 2918 2858 2973 εἶναι
2900 2920 3001 2991 τῆς
3056 2922 3291 2986 ἀτοπίας
3326 2922 3434 2975 τῶν
3486 2924 3801 2994 λεγομένοιν

2226 3012 2487 3083 οἰόμενος,
2525 3012 2691 3083 αὐτὴν
2725 3015 2815 3066 ἐπὶ
2854 3012 3052 3080 λέξεως
3077 3012 3239 3068 αὑτοῦ
3277 3015 3376 3085 τὴν
3405 3015 3510 3067 τῶν
3548 3033 3800 3087 γεγραμ-

2230 3103 2405 3174 μένων
2443 3104 2762 3172 ἀνάγνωσιν,
2790 3103 2863 3166 ὡς
2899 3105 2993 3158 καὶ
3028 3104 3116 3159 τὸν
3149 3104 3389 3177 σφοδρῶς
3428 3107 3803 3178 καταδραμεῖν

2227 3197 2325 3267 τῆς
2362 3196 2623 3267 αἱρέσεως
2661 3194 2928 3261 ἐθέλοντα,
2963 3197 3037 3269 μὴ
3084 3198 3149 3250 ἂν
3196 3198 3442 3251 τοσοῦτον
3473 3198 3533 3263 ἐξ
3578 3200 3801 3254 οἰκείων

2228 3289 2499 3359 λογισμῶν
2530 3287 2793 3356 διελέγξαι
2836 3287 2933 3359 τὴν
2967 3290 3213 3355 ἀτοπίαν,
3251 3289 3324 3353 ὡς
3368 3291 3526 3355 αὐτὸς
3552 3292 3580 3343 ὁ
3602 3292 3761 3360 λόγος
3780 3308 3797 3322 ·

2229 3382 2292 3436 δι’
2319 3376 2392 3435 ὧν
2422 3382 2530 3452 γὰρ
2551 3382 2945 3447 κατασκευάζει
2983 3382 3043 3436 τὸ
3066 3384 3279 3453 ψεῦδος,
3309 3388 3366 3438 ὲν
3394 3388 3459 3457 τῇ
3490 3387 3680 3458 ἀτονία
3697 3388 3799 3458 τῆς

2228 3474 2549 3545 συνηγορίας
2581 3474 2885 3544 ἀπογυμνοῖ
2916 3473 3012 3545 τὴν
3034 3475 3305 3528 ἀσέϐειαν.
3333 3478 3441 3530 Kal
3470 3479 3580 3546 γὰρ
3604 3482 3656 3532 εὶ
3685 3480 3797 3533 ἀν-

2227 3565 2434 3635 θρώπῳ
2467 3567 2691 3633 τελείῳ,
2728 3566 2881 3635 φησὶ,
2917 3566 3197 3637 συνήφθη
3234 3569 3376 3635 Θεὸς
3404 3569 3648 3636 τέλειος,
3683 3571 3799 3627 δύο

2224 3658 2301 3711 ἂν
2325 3654 2504 3727 ἦσαν.
2534 3658 2605 3711 Τὸ
2631 3658 2687 3710 δὲ
2708 3659 2894 3721 ἀτελὲς
2919 3658 3025 3729 ἄρα
3049 3659 3125 3730 τῷ
3151 3661 3337 3732 τελείῳ
3362 3662 3601 3714 συντεθει
3611 3664 3796 3733 μένον,

2224 3748 2323 3800 οὐκ
2356 3748 2411 3799 ἐν
2447 3747 2556 3818 ('58)
2595 3747 2743 3800 δυάδι
2773 3748 2903 3817 παρ’
2928 3748 3089 3801 αὑτοῦ
3125 3750 3424 3821 θεωρεῖται.
3450 3752 3563 3805 Ούκ
3599 3748 3743 3804 εἶδεν
3768 3756 3797 3806 ὁ

2224 3840 2501 3907 γεννάδας,
2549 3838 2669 3891 οὐδὲ
2712 3839 2898 3892 παιδία
2926 3841 3053 3893 ποτὲ
3095 3842 3217 3905 τοὺς
3250 3841 3340 3893 ἐπὶ
3390 3842 3489 3911 τῆς
3532 3843 3797 3914 παλάμῃς

2224 3931 2515 3994 δακτύλους
2558 3929 3009 4001 έξαριθμούμενα,
3040 3934 3068 3984 ό
3112 3932 3201 3985 τὸν
3233 3933 3425 4004 μικρὸν
3468 3934 3547 4004 τῷ
3584 3934 3797 4005 μείζονι

2228 4022 2595 4093 συναριθμῶν,
2625 4024 2721 4077 ἒνα
2746 4025 2844 4093 μὲν
2870 4025 3121 4094 ὀνομάζει
3150 4026 3238 4079 τὸν
3264 4025 3671 4097 ἐλαττούμενον,
3697 4031 3795 4082 καὶ

2225 4118 2316 4169 ἕνα
2340 4116 2427 4169 τὸν
2448 4117 2807 4187 ὑπερέχοντας
2841 4120 2943 4171 Δύο
2973 4119 3027 4171 δὲ
3054 4120 3198 4187 ὅμως
3226 4114 3364 4173 εἷναί
3392 4136 3574 4189 φησιν,
3598 4122 3647 4172 εί
3672 4120 3791 4190 μετ’

2224 4209 2464 4279 ἀλλήλων
2507 4210 2841 4280 ἀμφοτέρους
2878 4211 3139 4278 λογίζοιτο
3178 4212 3312 4280 (59).
3352 4213 3464 4274 Πᾶς
3503 4210 3613 4283 γὰρ
3666 4214 3792 4281 ἀρι-

2225 4298 2358 4369 θμὸς
2382 4298 2491 4369 (40)
2522 4299 2761 4368 μονάδων
2784 4299 2899 4352 ἐστὶ
2938 4300 3200 4365 σύνθεσις,
3227 4302 3287 4354 τὸ
3314 4302 3696 4373 ἀθροιζόμενον
3728 4307 3792 4358 ἐκ

2222 4393 2423 4445 τούτων
2454 4395 2509 4445 ἐν
2548 4392 2821 4462 κεφαλαίῳ
2867 4394 3161 4463 σημαίνων.
3191 4395 3251 4447 Ei
3287 4394 3341 4446 δὲ
3369 4396 3429 4446 τὸ
3462 4394 3787 4467 ἀριθμητὸν,

2223 4484 2250 4536 ὃ
2296 4481 2349 4536 τί
2376 4501 2478 4553 περ
2527 4484 2591 4536 ἂν
2629 4480 2682 4556 ᾗ,
2715 4485 2791 4554 τῷ
2823 4486 3303 4559 συναριθμουμένῳ
3333 4487 3786 4559 παρατιθέμενον,

2224 4574 2363 4626 κατὰ
2390 4576 2485 4645 τὴν
2532 4575 2642 4641 (εΗ)
2673 4576 3004 4647 πηλικότητά
3034 4576 3311 4641 πλεονάζει
3345 4580 3423 4649 τῷ
3449 4580 3599 4650 ὄγκῳ
3638 4581 3787 4649 παρά

551 4672 861 4727 summatim
904 4667 1049 4738 quod
1099 4682 1159 4720 ex
1202 4667 1268 4718 iis
1322 4665 1638 4733 COltgel'ilUI‘
1672 4664 1960 4717 denotans.
2005 4662 2118 4718 Etsi

2227 4667 2281 4718 τὸ
2308 4667 2523 4720 ἔλαττον
2557 4668 2686 4737 (4⁸2),
2722 4669 2777 4722 ἓν
2825 4671 2916 4725 καὶ
2954 4672 3013 4723 τὸ
3043 4671 3426 4740 ἐλαττούμενον
3472 4673 3644 4736 ἔσται,
3683 4672 3786 4726 κᾶν

550 4775 733 4818 autem
777 4762 920 4832 quod
968 4759 1247 4813 numerari
1282 4766 1480 4828 potest,
1525 4757 1903 4826 qualecunque
1929 4755 2113 4820 fuerit,

550 4858 730 4918 alteri,
756 4855 896 4925 quod
935 4868 1043 4907 una
1074 4865 1196 4905 cum
1236 4850 1354 4918 ipso
1386 4856 1730 4909 numeratur,
1776 4848 2115 4916 adjunctum,

551 4949 854 5017 quantitate
874 4951 1093 5014 superet
1135 4941 1187 4994 id
1219 4939 1365 5011 quod
1398 4941 1581 4995 minus
1608 4950 1686 4993 est
1714 4956 1728 5004 ;
1765 4939 2117 4995 nihilominus

621 5134 638 5162 '
676 5130 818 5185 Psal.
851 5144 1021 5191 uxn,
1076 5127 1167 5184 24.
1245 5126 1266 5157 ⁸
1304 5124 1448 5180 Psal.
1474 5139 1678 5187 Luvn,
1710 5123 1797 5179 70.

628 5354 739 5423 (33)
774 5352 903 5417 Qua:
952 5350 1316 5407 semicirculis
1356 5346 1715 5403 includuntur
1758 5360 1903 5399 corr.
1951 5361 2111 5400 manu

552 5438 679 5484 sunt
722 5424 924 5477 addita.

623 5496 733 5559 (56)
776 5492 950 5562 Super
969 5492 1133 5546 verba
1179 5490 1292 5551 illa,
1340 5486 1685 5562 τού-πατρὸς
1736 5485 1921 5562 αὐτού,
1969 5503 2114 5541 corr.

551 5556 790 5634 εεέιρείι,
817 5556 1124 5637 προϐάτων,
1151 5569 1209 5637 ut
1236 5575 1359 5637 cu_m
1407 5556 1781 5637 LXX-Interp.
1817 5557 2115 5637 edin-eon-

553 5628 761 5695 ro-det,
799 5628 918 5703 qua:
950 5634 1127 5685 habet.
1146 5632 1225 5703 sic
1250 5629 1355 5682 τῶν
1382 5628 1646 5682 ποιμνίων
1677 5628 1783 5681 τῶν
1807 5628 2112 5698 προϐάτων.

628 5707 737 5762 ιόἷ)
766 5701 919 5757 (Ζοιτ.
955 5711 1057 5756 art.
1093 5701 1218 5754 add.

623 5777 732 5845 (58)
758 5774 904 5827 Part.
929 5775 1024 5825 οὐκ
1046 5773 1118 5836 ἐν,
1141 5788 1168 5823 a
1198 5786 1365 5833 C0fl'.,
1389 5786 1554 5826 sensu
1582 5770 1651 5824 ita
1684 5778 1957 5839 poscente,
1986 5778 2113 5823 sunt

2221 4760 2441 4831 ἐλλείπῃ
2486 4762 2545 4813 τὸ
2585 4762 2829 4831 μέγεθος.
2864 4765 2979 4817 ”Οτ’
3010 4764 3075 4818 ἂν
3116 4765 3210 4835 μὲν
3248 4761 3340 4819 οὖν
3374 4766 3660 4835 ίσομεγέθη
3694 4766 3786 4819 δύο

2222 4849 2298 4921 τῷ
2328 4850 2542 4923 ἀριθμῷ
2575 4853 2932 4925 διαλάϐωμεν,
2971 4856 3061 4909 δύο
3092 4857 3267 4909 τέλεια
3303 4857 3528 4928 λέγομεν
3552 4874 3565 4886 ’
3604 4858 3681 4911 ὅτ’
3721 4858 3785 4910 ἂν

2221 4944 2277 4996 δὲ
2304 4943 2383 5012 τῷ
2419 4945 2604 5016 τελείῳ
2624 4947 2683 4998 τὸ
2707 4947 2890 5001 λειπὸν
2920 4950 3421 5022 συναριθμήσωμεν,
3451 4951 3543 5005 δύο
3572 4951 3671 5021 μὲν
3693 4950 3784 5004 καὶ

2225 5348 2439 5405 additae.

2318 5421 2408 5486 59)
2436 5423 2515 5491 lita
2541 5436 2711 5481 corr.,
2746 5430 2925 5480 antea.
2959 5423 3243 5491 νομίζοιτο.

2318 5491 2405 5554 40)
2449 5490 2506 5545 In
2546 5506 2721 5562 marg.
2764 5490 3214 5563 dptﬂpdgmanu
3240 5506 3391 5561 teque
3416 5492 3585 5547 veteri
3620 5502 3776 5547 nota-

2228 5571 2330 5615 tur.

2294 5632 2405 5702 (μ)
2439 5630 2513 5702 ita
2552 5647 2720 5693 corr..
2758 5639 2916 5687 antea
2950 5634 3096 5702 παρὰ
3129 5634 3246 5702 τήνζ

2296 5700 2499 5777 (42)-1η
2526 5718 2699 5777 marg.
2733 5719 2847 5756 cor.
2883 5704 3014 5777 add“.
3030 5698 3192 5756 οὐδὲν
3219 5698 3401 5773 ἦττον,
3448 5722 3570 5777 qua:
3614 5718 3773 5760 voces

2220 5766 2477 5827 addendre
2512 5766 2810 5828 sunt—forte
2832 5782 2951 5843 post
2975 5773 3210 5826 ἔλαττον.
