4020 6498
256 361 395 419 1215

1423 344 1650 403 ADVER
1660 342 1788 401 SUS
1825 337 2331 397 APOLLINAREM.

3350 322 3482 377 12H

254 484 397 539 οὕτω
429 480 541 551 (45)
575 478 773 549 φαμὲν,
804 474 936 529 ἀλλά
956 473 1016 527 τὸ
1040 472 1137 543 μὲν
1159 470 1419 534 ἐλλειπές,
1442 468 1503 520 τὸ
1526 467 1582 520 δέ
1602 466 1823 519 τέλειον.
1855 472 1875 525 Λ

1980 475 2097 514 num
2129 472 2343 527 quoque
2377 470 2472 525 per
2499 467 2556 509 se
2576 452 2680 507 erit
2708 450 2855 521 quod
2881 449 3062 503 minus
3098 453 3200 508 est,
3242 440 3490 512 quamvis

270 576 330 629 Ὀ
360 574 417 627 δὲ
449 571 616 635 πολὺς
643 562 795 631 οὗτος
816 566 955 620 κατὰ
984 563 1083 634 τὴν
1107 560 1472 633 ἀριθμητικὴν
1497 557 1827 625 ἐπιστήμην,

257 668 308 720 εί
345 664 442 737 μὲν
472 661 691 722 τελείως
722 657 978 726 ἑκάτερον
1013 652 1153 707 κατά
1181 650 1278 721 τὴν
1303 647 1467 702 αὐτοῦ
1510 646 1670 715 φύσιν
1694 644 1829 713 ἔχει,

258 756 352 809 δύο
382 754 513 824 φησὶ
554 750 801 819 λέγεσθαι
831 749 898 801 τὰ
926 746 1068 799 οὕτω
1117 742 1379 811 λεγόμενα
1401 757 1416 773 ο
1453 741 1500 793 εί
1547 738 1602 791 δὲ
1638 737 1697 789 τὺ
1737 736 1833 806 μὲν

262 847 519 909 ἐλλείποι,
561 844 623 896 τὸ
652 842 709 895 δὲ
745 839 930 909 ἓτερον
959 836 1158 889 τέλειον
1200 832 1305 902 εἴη,
1342 831 1399 885 ἒν
1433 830 1714 900 ἀμφότερα
1744 843 1836 895 γε·

263 937 451 992 νέσθαι
480 935 613 1006 (44),
641 933 739 985 οὐκ
766 926 881 983 οἶδα
912 930 1059 988 ὃπως
1089 923 1150 977 τὸ
1178 924 1365 985 ἀτελὲς
1398 919 1730 987 συναλείφων
1760 916 1837 986 τῷ

266 1027 660 1102 περιττεύοντι,
710 1024 803 1076 καὶ
855 1020 944 1074 διὰ
994 1019 1102 1072 τῶν
1162 1016 1417 1069 ἐναντίων
1465 1010 1695 1064 ἐπινοῶν
1725 1011 1839 1070 τοῖς

268 1099 603 1190 ἀσῦμῦἀτοις
630 1114 728 1183 τὴν
758 1113 948 1165 ἕνωσιν
978 1109 1109 1177 (45).
1142 1105 1355 1159 Τέλειον
1376 1102 1485 1173 γὰρ
1512 1100 1721 1169 τελείῳ,
1749 1099 1840 1151 καὶ

267 1211 458 1273 ἀτελὲς
496 1207 675 1262 ἀτελεῖ
726 1203 922 1275 μᾶλλον
963 1199 1261 1271 ἁρμόζεται
1304 1199 1371 1267 τῇ
1406 1193 1698 1265 ὁμοιότητι.
1732 1192 1843 1260 Τῆς

269 1303 327 1355 δὲ
356 1300 450 1354 τοῦ
485 1299 726 1352 ἐναντίου
764 1295 898 1366 πρὸς
932 1292 991 1345 τὸ
1024 1288 1259 1344 ἐναντίον
1293 1284 1558 1348 ἐνὼσεως,
1593 1281 1686 1335 τοῦ
1718 1284 1846 1335 ἀτε-

272 1393 397 1456 λοῦς
428 1408 567 1460 φημι
598 1387 732 1459 πρὸς
760 1385 819 1437 τὸ
851 1384 1071 1443 τέλειον,
1114 1378 1316 1447 λεγέτω
1339 1376 1430 1429 τὸν
1456 1374 1653 1446 τρόπον
1692 1374 1721 1425 ό
1749 1372 1849 1441 τῆς

273 1483 468 1553 καινῆς
493 1478 695 1549 ταύτης
721 1472 1089 1546 ἀριθμητικῆς
1108 1467 1421 1539 νομοθέτης.

1929 550 2309 622 magnitudine
2374 554 2661 616 superetur
2702 544 2769 597 ab
2810 544 3001 596 altero.
3052 536 3280 605 Quando
3329 535 3493 605 igitur

1928 621 2039 696 duo
2068 640 2294 710 aequalis
2325 634 2711 708 magnitudinis
2748 640 3128 701 supputamus.
3181 626 3288 680 duo
3319 621 3495 694 perfe-

1928 742 2017 789 cta
2071 733 2341 797 dicimus;
2392 728 2612 801 quando
2661 740 2789 779 vero
2828 722 2970 791 quod
3019 721 3199 773 minus
3250 724 3333 771 est
3389 729 3497 767 una
3572 774 3573 777 η

1931 842 2055 881 cum
2090 824 2282 894 majori
2324 833 2697 880 numeramus,
2739 817 2846 870 duo
2879 814 3125 883 equidem
3160 820 3289 863 tunc
3333 809 3497 861 etiam

1934 918 2190 979 dicimus,
2224 915 2318 970 sed
2360 911 2491 968 illud
2532 911 2751 981 quidem
2787 905 3185 976 imperfectum,
3230 903 3333 955 hoc
3370 914 3500 955 vero

1936 1008 2237 1079 perfectum
2262 1019 2543 1060 vocamus.
2576 1002 2641 1055 At
2678 1001 2779 1055 iste
2825 1000 2879 1052 in
2932 994 3274 1051 arithmetica
3320 991 3503 1046 excel-

1938 1102 2056 1154 lens
2100 1097 2379 1162 facultate,
2416 1096 2463 1151 si
2497 1104 2787 1162 utrumque
2837 1105 2935 1145 sua
2966 1097 3161 1142 natura
3206 1085 3501 1155 perfectum

1939 1198 2042 1256 est,
2069 1190 2178 1243 duo
2210 1189 2315 1242 dici
2364 1188 2470 1241 ait:
2514 1187 2560 1241 si
2602 1200 2730 1240 vero
2780 1197 2945 1236 unum
2987 1178 3207 1249 quidem
3248 1173 3505 1245 imperfe-

1944 1290 2114 1345 ctum,
2181 1280 2412 1334 alterum
2474 1292 2604 1331 vero
2654 1274 2956 1345 perfectum
3002 1272 3095 1333 sit,
3148 1284 3217 1324 ex
3278 1275 3511 1335 utroque

1947 1388 2116 1426 unum
2170 1370 2287 1425 fieri
2334 1376 2509 1439 putat,
2542 1368 2730 1422 nescio
2773 1380 2881 1434 quo
2926 1373 3083 1432 pacto
3132 1357 3512 1429 imperfectum

1950 1479 2074 1517 cum
2121 1461 2479 1531 praestantiori
2526 1457 2890 1517 confundens,
2940 1462 2995 1508 et
3037 1452 3123 1506 his
3168 1464 3291 1520 qua:
3344 1446 3511 1502 simul

272 1586 424 1632 stare
451 1589 558 1629 non
597 1578 847 1641 possunt,
884 1567 968 1621 vel
992 1580 1057 1620 ex
1087 1578 1153 1618 eo
1175 1561 1320 1633 quod
1388 1559 1532 1613 inter
1564 1573 1623 1613 se
1688 1557 1963 1610 contraria
2018 1551 2129 1611 sint
2177 1557 2431 1609 unionem
2478 1552 2756 1623 afﬁngens.
2834 1550 2971 1603 Nam
3018 1545 3314 1617 perfectum
3390 1556 3515 1596 eum

277 1665 517 1737 perfecto
556 1671 610 1717 et
644 1658 1021 1730 imperfectum
1054 1670 1177 1708 cum
1212 1649 1542 1722 imperfecto.
1565 1647 1746 1718 potius
1769 1649 1840 1703 ob
1878 1648 2291 1703 similitudinem
2317 1646 2679 1715 copulantur;
2714 1658 2821 1713 qua
2857 1641 3066 1694 ratione
3133 1645 3312 1690 autem
3381 1649 3516 1687 con-

280 1756 511 1810 trarium
543 1768 668 1808 cum
708 1750 1005 1810 contrario,
1041 1746 1145 1800 hoc
1195 1751 1279 1801 est
1314 1740 1687 1812 imperfectum
1726 1753 1849 1795 cum
1892 1738 2132 1810 perfecto
2167 1739 2417 1809 junctum
2454 1750 2620 1790 unum
2668 1734 2779 1798 fiat,
2820 1746 2972 1786 novae
3040 1728 3201 1797 hujus
3265 1724 3522 1778 arithme-

292 1858 416 1911 tica:
442 1852 756 1922 regularum
791 1846 1042 1903 conditor
1069 1844 1236 1898 dicat.

354 1944 466 2016 (46)
505 1912 651 1996 ἴἈλλ⁹
676 1941 788 2010 οὐχ’
833 1939 1048 2009 ἡγεῖται
1094 1934 1324 2004 πρέπειν
1353 1930 1690 2001 ἀνθρώπινον
1730 1928 1853 1982 νοῦν

2025 1920 2139 1975 XL.
2184 1920 2286 1975 Sed
2333 1919 2477 1973 haud
2522 1918 2714 1972 decere
2746 1920 2899 1984 putat
2947 1912 3237 1964 humanam
3290 1919 3525 1964 mentem

284 2038 413 2109 περ).
446 2036 538 2088 τὸν
566 2031 846 2101 Μονογενῆ
892 2028 1023 2081 Θεὸν
1057 2028 1277 2086 ἐννοεῖν,
1316 2025 1409 2077 καὶ
1438 2025 1536 2093 τὴν
1565 2022 1742 2075 αἰτίαν
1770 2020 1854 2072 λέ-

285 2108 393 2199 γει,
424 2128 505 2180 ὅτι
528 2122 755 2195 τρεπτδς
775 2122 803 2173 6
826 2119 947 2182 νοῦς
974 2120 1001 2171 ὁ
1028 2114 1384 2187 ἀνθρώπινος.
1413 2110 1618 2165 Οὐκοῦν
1644 2111 1671 2162 6
1697 2108 1856 2171 αὐτὸς

286 2221 441 2287 λόγος
478 2215 610 2287 μηδὲ
640 2214 737 2283 τὴν
772 2210 951 2282 σάρκα
986 2208 1063 2277 τῷ
1091 2206 1207 2277 Θεῷ
1235 2201 1584 2274 συγχωρείτω
1608 2216 1620 2228 ·
1657 2200 1718 2252 τὸ
1750 2198 1858 2269 γὰρ

288 2306 526 2381 τρεπτὴν
560 2304 727 2372 αὐτὴν
766 2297 926 2364 εἶναι,
977 2299 1097 2352 οὐδὲ
1144 2298 1173 2349 6
1224 2294 1559 2365 λογογράφος
1598 2290 1858 2355 ἀντείποι,

290 2402 399 2454 ἀπὸ
428 2398 686 2465 ,νεότητος
737 2392 896 2463 μέχρι
939 2388 1285 2449 τελειώσεως,
1335 2384 1523 2454 ὥσπερ
1567 2381 1859 2451 ἐνδύματα,

296 2488 724 2563 μετενδυομένην
746 2484 844 2548 τὰς
869 2483 1100 2554 ἡλικίας.
1140 2482 1210 2532 Ἢ
1242 2477 1358 2540 πῶς
1392 2476 1492 2529 οὐκ
1521 2470 1589 2545 ἦν
1612 2471 1861 2544 τρεπτὸς,

293 2587 323 2639 6
352 2584 611 2655 πρότερον
643 2578 753 2647 (47)
790 2575 873 2629 ἐπ’
910 2574 1113 2644 ὠλένης
1143 2572 1248 2625 ὑπὸ
1273 2571 1369 2640 τῆς
1405 2567 1609 2639 μητρὸς
1647 2564 1868 2634 κομιζό-

299 2691 477 2747 μενος,
510 2669 622 2725 εἶτα
652 2671 708 2721 ἐν
751 2667 999 2729 παιδίοις,
1035 2661 1151 2718 εἶτα
1198 2666 1253 2717 ἐν
1301 2661 1603 2733 μειρακίοις
1649 2658 1868 2726 γινόμε-

298 2783 388 2829 νος
411 2766 545 2834 (48),
581 2762 677 2815 καὶ
709 2759 849 2813 οῦτω
879 2758 1000 2810 κατ’
1047 2756 1223 2823 ὀλίγον
1258 2750 1534 2823 προελθὼν
1577 2751 1655 2812 είς
1682 2748 1743 2801 τὸ
1782 2748 1871 2799 τέ-

297 2857 460 2918 λειον,
490 2854 629 2907 ὥστε
663 2853 742 2914 είς
772 2849 885 2921 (49)
916 2848 977 2900 τὸ
1014 2847 1207 2917 μέτρον
1242 2843 1340 2913 τῆς
1372 2841 1717 2911 ἀνθρωπίνης
1755 2837 1872 2907 ἡλι-

301 2950 425 3011 κίας
452 2946 660 3009 ἐλθεῖν;
710 2944 771 2995 Εἰ
811 2936 903 2994 οῦν
929 2940 957 2991 6
999 2937 1123 3000 νοῦς
1154 2936 1241 2988 διὰ
1270 2936 1331 2987 τὸ
1363 2934 1593 3005 τρεπτὸν
1637 2928 1871 2983 ἀναϐαλ-

302 3041 453 3093 λεται
488 3037 620 3105 (50),
654 3035 742 3088 διὰ
778 3033 877 3103 τὴν
915 3031 1083 3100 αὐτὴν
1115 3028 1312 3089 αἰτίαν,
1362 3025 1496 3096 μηδέ
1536 3027 1568 3094 ἡ
1603 3022 1737 3093 σὰρξ
1783 3020 1872 3073 ὑπ’

304 3128 472 3185 αὑτοῦ
523 3123 927 3196 συγχωρείσθω,
974 3121 1066 3174 καὶ
1118 3118 1259 3173 οῦτω
1304 3116 1493 3187 ψευδὲς
1551 3113 1669 3167 κατ’
1716 3112 1876 3166 αὐτὸν

305 3220 647 3292 δειχθήσεται
685 3217 793 3283 (51)
831 3215 890 3270 τὸ
932 3212 1260 3281 Εὑαγγέλιον
1304 3210 1470 3271 ἅπαν,
1506 3208 1599 3260 κα).
1638 3205 1791 3259 κενὸν
1818 3204 1880 3257 τὸ

1964 2012 2017 2065 ἰη
2055 2009 2343 2080 Unigcnito
2393 2008 2501 2060 Deo
2550 2019 2867 2074 agnoscere,
2916 2001 3076 2068 cujus
3125 2001 3201 2053 rei
3256 1998 3526 2052 rationein

1964 2102 2139 2156 reddit
2175 2099 2319 2170 quod
2360 2098 2569 2153 scilicet
2615 2111 2769 2150 mens
2815 2094 3053 2148 hominis
3098 2102 3180 2146 est
3227 2091 3527 2145 mutabilis.

1964 2193 2126 2264 Atqui
2157 2191 2346 2247 eadem
2390 2190 2602 2244 ratione
2628 2202 2803 2257 neque
2846 2200 3068 2240 carnem
3098 2182 3210 2237 Deo
3237 2182 3529 2247 concedet;

1967 2299 2093 2339 nam
2140 2292 2192 2338 et
2235 2296 2454 2337 carnem
2488 2280 2799 2333 mutabilem
2846 2291 2973 2332 esse
3026 2290 3127 2331 nec
3166 2276 3270 2330 iste
3302 2273 3536 2343 scriptor

1969 2376 2208 2447 negabit,
2238 2390 2360 2429 eum
2403 2388 2488 2438 ea,
2528 2372 2979 2426 vestimentorum
3014 2360 3210 2431 inst-ar,
3252 2368 3320 2422 ab
3354 2366 3537 2421 adole-

1971 2469 2177 2526 scentia
2212 2481 2383 2536 usque
2413 2466 2480 2518 ad
2516 2464 2813 2534 perfectum
2850 2463 3088 2517 hominis
3120 2464 3537 2525 incrementum,

1972 2563 2151 2617 varias
2189 2566 2380 2614 aetates
2430 2557 2639 2611 induat.
2678 2556 2772 2610 Vel
2804 2556 3077 2626 quomodo
3111 2555 3395 2609 mutationi
3432 2569 3541 2607 non

1974 2664 2092 2710 erat
2131 2653 2404 2707 obnoxius
2444 2650 2537 2719 qui
2573 2650 2725 2719 prius
2760 2649 2813 2702 in
2859 2649 3003 2703 ulnis
3028 2663 3056 2700 a
3088 2657 3260 2703 matre
3288 2648 3540 2718 gestaba-

1976 2753 2085 2809 tur,
2133 2752 2188 2797 et
2220 2740 2415 2796 deinde
2467 2739 2667 2802 infans,
2702 2754 2823 2792 mox
2875 2738 3194 2792 adolescens
3241 2739 3435 2802 evasit,
3469 2742 3545 2790 at-

1977 2852 2085 2907 que
2128 2837 2203 2889 ita
2251 2833 2513 2905 paulatim
2555 2847 2621 2886 eo
2670 2846 2844 2900 usque
2890 2829 3223 2884 maturitatis
3249 2840 3545 2898 provectus

1981 2928 2084 2982 fuit
2117 2938 2176 2981 ut
2213 2928 2279 2980 ad
2309 2925 2485 2978 virilis
2515 2923 2690 2978 astatis
2727 2929 2929 2976 statum
2982 2922 3331 2991 pervenerit"
3361 2921 3549 2990 itaque

1988 3018 2034 3073 si
2070 3017 2141 3070 ob
2168 3015 2585 3070 mutabilitatem
2614 3028 2767 3067 mcns
2800 3011 3068 3081 rejicitur,
3119 3012 3306 3065 eadem
3334 3027 3551 3081 quoque

1983 3108 2051 3164 de
2085 3122 2250 3163 causa
2289 3121 2388 3161 nec
2424 3121 2556 3159 caro
2590 3104 2660 3157 ab
2698 3104 2822 3175 ipso
2850 3103 3065 3157 admitti
3112 3101 3270 3158 debet
3314 3104 3367 3157 in
3393 3102 3553 3157 Chri-

1986 3208 2107 3266 sto;
2154 3213 2328 3268 eoque
2380 3205 2541 3266 pacto
2600 3196 2795 3250 falsum
2839 3210 2902 3247 ex
2954 3194 3075 3263 ejus
3127 3194 3395 3248 sententia
3430 3209 3555 3249 esse

310 3315 592 3384 κήρυγμα,
634 3310 728 3363 καὶ
761 3307 963 3380 ματαία
992 3309 1023 3376 ἡ
1057 3305 1254 3365 πίστις.
1285 3303 1345 3354 Ei
1372 3302 1429 3354 δὲ
1457 3300 1555 3353 οὐκ
1577 3300 1875 3352 ἀπιστεῖται

1987 3291 2385 3345 monstrabitur
2435 3303 2596 3342 omne
2644 3286 3018 3357 Evangelium,
3068 3286 3284 3339 inanem
3333 3301 3556 3356 quoque

309 3403 370 3455 τὸ
408 3403 465 3452 ὲν
496 3400 659 3469 σαρκὶ
699 3394 1137 3465 πεφανερῶσθαι,
1178 3390 1469 3462 καὶταύτῃ
1509 3391 1739 3460 τρεπτῇ,
1765 3387 1885 3440 οὐδὲ

311 3493 373 3544 τὸ
403 3490 515 3561 (52)
549 3487 672 3540 νοῦν
703 3487 915 3547 πάντως
944 3484 1026 3537 διὰ
1057 3485 1156 3553 τὴν
1182 3480 1350 3550 αὐτὴν
1378 3480 1553 3532 αἰτίαν
1584 3476 1886 3547 ἀπόϐλητον

314 3582 426 3652 ἔχει
462 3579 572 3645 (55)
597 3594 609 3607 '
644 3576 757 3629 ἀλλ’
804 3574 991 3642 ὥσπερ
1024 3574 1079 3625 ὲν
1118 3571 1278 3640 σαρκὶ
1309 3569 1598 3638 γενόμενος
1626 3568 1726 3620 οὐκ
1764 3568 1887 3636 ἐμο-

314 3670 503 3740 λύνθη,
528 3667 700 3729 οὕτως
716 3665 834 3718 οὐδὲ
850 3664 939 3717 τὸν
962 3662 1086 3714 νοῦν
1116 3659 1577 3732 παραδεξάμενος,
1592 3661 1670 3722 εἰς
1689 3659 1892 3729 τροπὴν

317 3760 606 3833 ηλὶοιώθη.
648 3757 814 3812 Πάλιν
863 3755 918 3807 δὲ
963 3754 1051 3806 τὸν
1092 3752 1251 3805 αὑτὸν
1294 3750 1639 3820 ύπολήψομαι
1671 3750 1779 3821 (54)
1807 3750 1892 3801 λό-

318 3870 436 3923 γον,
480 3851 771 3921 ὲκθέμενος
809 3848 905 3916 τὴν
954 3845 1111 3915 ῥῆσιν
1157 3842 1321 3896 αὑτοῦ
1371 3842 1460 3894 ἐπ)⁸
1510 3841 1725 3907 λέξεως.
1774 3842 1895 3893 Οὐκ

321 3946 456 4014 ἄρα,
494 3943 646 4013 φησὶ,
679 3937 917 3999 σώζεται
954 3936 1017 3989 τὸ
1051 3934 1424 4002 ἀνθρώπινον
1459 3934 1629 4001 γένος
1654 3933 1725 3985 δι’
1755 3933 1897 3986 ἀνα-

323 4036 570 4104 λήψεως
592 4031 724 4092 νοῦ,
756 4030 854 4084 καὶ
886 4029 1032 4082 ὅλου
1058 4025 1369 4094 ἀνθρώπου
1387 4043 1399 4055 ·
1425 4026 1583 4079 ἀλλὰ
1604 4023 1701 4077 διὰ
1722 4038 1899 4091 προσ-

324 4127 567 4195 λήψεως
584 4122 826 4191 σαρκὸς,
847 4114 887 4191 ᾗ
913 4119 1174 4189 φυσικὸν
1190 4118 1306 4188 μὲν
1320 4116 1385 4169 τὸ
1411 4116 1897 4184 ἡτεμονεύεσθαυ

326 4215 515 4270 ἐδεῖτο
544 4212 613 4265 δὲ
653 4210 945 4279 ἀτρέπτου
988 4208 1117 4270 νοῦ,
1162 4206 1245 4276 μὴ
1274 4206 1716 4270 ὑποπίπτοντος
1749 4202 1901 4271 αὐτῇ

327 4308 428 4362 διὰ
472 4304 967 4373 ἐπιστημοσύνης
1018 4301 1357 4359 ἀσθένειαν.
1399 4298 1556 4352 ἀλλὰ
1603 4297 1902 4365 συναρμό-

332 4400 537 4464 ζοντος
569 4396 763 4464 αὐτὴν
806 4394 1101 4459 ἀϐιάστως
1136 4390 1344 4457 ἐαυτῷ.
1375 4392 1469 4455 Τίς
1507 4392 1605 4444 οὐκ
1632 4386 1791 4453 οἶδεν,
1824 4391 1904 4442 ὅτι

331 4495 393 4545 τὸ
430 4492 679 4561 δεόμενον
725 4488 816 4541 τοῦ
850 4485 1129 4549 ἀνενδεοῦς
1164 4486 1347 4555 ἕτερον
1389 4486 1454 4555 τῇ
1497 4484 1651 4551 φύσει
1692 4482 1905 4545 πάντως

336 4584 474 4643 ἐστὶ,
511 4581 684 4635 καὶτὸ
713 4578 952 4648 πεφυκὸς
975 4575 1420 4648 ἡγεμονεύεσθαι,
1448 4575 1539 4628 τοῦ
1572 4578 1628 4627 ἐν
1653 4577 1718 4644 τῇ
1750 4573 1907 4642 φύσει

336 4676 398 4727 τὸ
432 4674 620 4744 ἄρχειν
655 4671 905 4740 ἕχοντοςς
951 4668 1179 4737 Ὁμοίως
1213 4665 1354 4718 κατὰ
1391 4665 1481 4717 τὸν
1514 4664 1668 4732 λόγον
1697 4665 1793 4732 τῆς
1818 4664 1906 4715 06-

343 4768 464 4829 σίας
497 4763 874 4833 παρήλλακται
893 4760 966 4822 ὡς
986 4761 1019 4828 ἡ
1042 4758 1149 4809 τῶν
1172 4757 1377 4823 ἀλόγων
1401 4757 1560 4823 φύσις
1588 4756 1910 4827 ὑποχειρίως

343 4860 486 4927 ἔχειν
525 4858 595 4926 ’τῇ
640 4853 747 4907 τῶν
778 4850 1079 4922 ἀνθρώπων
1118 4847 1548 4917 κατεσκευάσθη,
1588 4848 1682 4901 καὶ
1723 4850 1750 4901 ὁ
1799 4848 1912 4917 (55)

346 4950 441 5005 ἄνθ
452 4964 628 5020 ρωπος
648 4945 747 4997 οὐκ
775 4943 1063 5009 ἐπίκτητον
1085 4941 1183 5011 τὴν
1206 4940 1345 4992 κατά
1366 4939 1474 4993 τῶν
1495 4940 1700 5006 ἀλόγων
1720 4939 1912 5011 ἀρχὴν,

347 5041 462 5096 ἀλλ’
492 5038 697 5092 οίκείαν
748 5035 860 5106 ἔχει
900 5032 1031 5103 (56).
1068 5034 1130 5085 Εἰ
1171 5028 1262 5087 οῦν
1291 5032 1515 5100 φυσικὸν
1558 5034 1623 5102 τῇ
1669 5034 1829 5104 σαρκί
1858 5033 1918 5085 τὸ

449 5238 541 5295 45)
565 5237 723 5292 Corr.
754 5232 945 5295 οὕτως.

451 5302 538 5369 M)
578 5307 735 5361 Corr.
753 5302 1015 5372 γίνεσθαι.

432 5367 543 5447 (45)
564 5376 740 5447 Verba
766 5367 887 5447 illa,
907 5372 1006 5447 τὴν
1028 5370 1247 5431 ἕνωσιν,
1277 5382 1420 5423 corr.

433 5438 545 5520 (46)
578 5438 1174 5520 Lauda_t‘bunc:_locum
1204 5453 1379 5520 usque
1405 5438 1471 5492 ad
1497 5439 1587 5517 illa
1606 5438 1921 5520 ⁸νει-ξμιηείς

360 5507 1211 5641 τροπῆἱηλλοιώθηπιιιὶὺυεάθιη
1235 5514 1414 5561 tamen
1433 5507 1675 5568 omissis,
1715 5507 1923 5579 Euthy-

365 5606 506 5641 nnus
580 5588 860 5641 mabenus;
887 5598 1008 5641 pag.
1046 5579 1169 5641 527,
1199 5594 1343 5633 \‘ers.
1378 5577 1537 5630 "and
1563 5578 1727 5633 decet.

365 5577 506 5646 niius
527 5577 860 5655 Ziéabenusi
887 5577 1008 5653 pag.
1046 5579 1169 5645 527,
1199 5594 1343 5633 vers.
1378 5577 1537 5630 Ilaud
1563 5578 1727 5633 decet.

437 5660 548 5729 (47)
583 5658 740 5729 φοι-ι’,
770 5654 1030 5729 πρότερον
1058 5650 1169 5721 μέν.
1444 5684 1461 5706 .

468 5724 556 5799 48)
582 5728 739 5799 Qorr.
765 5724 1074 5799 γενόμενος.

468 5732 556 5799 48)
582 5732 739 5781 (Sorr.
765 5732 1074 5792 γενόμενος.

442 5732 551 5871 (49)
584 5797 737 5853 Corr.
764 5794 867 5858 ἕως
898 5795 991 5857 εἰς,
1026 5800 1074 5845 et
1101 5806 1244 5855 mox,
1276 5785 1423 5861 ἦλθε.

1986 3382 2434 3454 praedicationem
2478 3389 2531 3434 et
2586 3393 2779 3433 vanam
2825 3377 3008 3431 ﬁdem.
3061 3376 3247 3447 Itaque
3291 3378 3337 3432 si
3383 3378 3559 3431 credit

1988 3474 2271 3529 Christum
2318 3474 2373 3526 in
2421 3487 2595 3526 carne
2645 3485 2816 3539 eaque
2855 3469 3102 3523 mutabili
3150 3469 3555 3524 manifestatum

1992 3566 2184 3629 fuisse,
2217 3569 2334 3635 pari
2366 3580 2584 3634 quoque
2608 3564 2819 3618 ratione
2851 3572 3083 3617 mentem
3115 3561 3167 3615 in
3213 3561 3402 3616 eodem
3444 3575 3564 3615 om-

1994 3659 2125 3712 nino
2154 3658 2316 3711 debet
2356 3668 2693 3725 agnoscere:
2728 3654 2821 3709 sed
2851 3652 3307 3722 quemadmodum
3340 3667 3562 3706 carnem

1996 3762 2284 3803 assumens
2314 3747 2550 3816 pollutus
2595 3762 2699 3798 non
2733 3755 2850 3809 est,
2906 3746 2977 3798 ita
3023 3754 3076 3799 et
3115 3750 3347 3797 mentem
3390 3743 3567 3797 susci-

2008 3842 2184 3910 piens,
2223 3854 2331 3891 non
2363 3846 2447 3892 est
2478 3837 2531 3890 in
2578 3838 2743 3889 alimn
2772 3852 3094 3890 conversus.
3134 3835 3346 3890 Rursus
3386 3844 3565 3889 autem

2001 3934 2103 3983 hac
2158 3930 2225 3983 de
2262 3944 2320 3983 re
2364 3941 2674 3982 sermonem
2725 3925 3039 3989 instituam,
3095 3924 3190 3979 sed
3247 3932 3405 3977 antea
3448 3924 3566 3993 ejus

2000 4020 2303 4076 orationem
2333 4019 2538 4074 eisdem
2567 4017 2748 4070 verbis
2776 4015 3029 4070 referam.
3060 4013 3364 4067 Humanum
3394 4015 3569 4085 itaque

2002 4130 2182 4184 genus,
2239 4112 2337 4175 ait,
2378 4126 2470 4181 per
2520 4111 2930 4177 assumptionem
2974 4108 3159 4161 mentis
3218 4117 3369 4177 atque
3409 4110 3567 4161 (otius

2009 4206 2235 4259 hominis
2266 4222 2369 4259 non
2416 4204 2676 4264 salvetur,
2707 4201 2796 4255 sed
2834 4216 2924 4269 per
2963 4201 3341 4267 susceptionem
3370 4201 3566 4265 carnis,

2007 4298 2093 4349 cui
2123 4314 2154 4349 a
2186 4305 2379 4349 natura
2409 4296 2487 4347 ita
2516 4301 2879 4360 comparatum
2913 4300 2989 4345 est
3022 4300 3077 4341 ut
3104 4289 3168 4342 ab
3193 4291 3299 4344 alio
3326 4302 3571 4359 regatur;

2007 4403 2135 4454 opus
2179 4395 2354 4438 autem
2403 4384 2555 4437 carni
2598 4392 2711 4436 erat
2758 4380 3078 4434 immutabili
3122 4392 3291 4434 mente
3321 4397 3437 4450 quia
3474 4382 3575 4448 ipsi

2008 4478 2352 4547 praescieutia:
2389 4475 2591 4544 defectu
2634 4491 2737 4527 non
2783 4474 3165 4541 obsequeretur.
3215 4474 3304 4527 sed
3340 4474 3577 4528 eamdem

2012 4574 2123 4626 sine
2149 4572 2259 4624 ulla
2300 4570 2570 4623 coactione
2602 4569 2703 4621 sibi
2737 4567 2836 4634 ipsi
2868 4575 3092 4633 aptaret.
3124 4563 3258 4631 Quis
3284 4565 3493 4635 ignorat
3527 4565 3580 4619 id

2014 4664 2160 4733 quod
2215 4664 2438 4717 alterius
2470 4676 2572 4731 ope
2616 4659 2855 4729 indigeat
2888 4658 3163 4713 diversum
3215 4674 3438 4727 prorsus
3480 4674 3580 4711 na-

2017 4765 2139 4810 tura
2173 4771 2293 4810 esse
2323 4755 2390 4809 ab
2422 4769 2486 4808 eo
2515 4751 2659 4823 quod
2693 4753 2839 4805 nulla
2870 4768 2929 4806 re
2966 4767 3105 4821 opus
3141 4751 3391 4813 habet;et
3423 4751 3582 4818 cujus

2021 4856 2212 4903 natura
2257 4847 2329 4900 ita
2375 4853 2687 4914 comparata
2737 4855 2839 4907 est,
2899 4854 2955 4897 ut
2998 4843 3066 4895 ab
3116 4844 3287 4895 altero
3346 4850 3581 4911 regatur,

2020 4955 2144 4994 eum
2186 4954 2405 5008 quoque
2439 4936 2508 4991 ab
2558 4937 2650 4989 illo
2687 4951 2911 5005 prorsus
2958 4932 3175 4987 differre
3208 4932 3352 5002 quod
3394 4933 3460 4985 ad
3500 4948 3586 4986 re—

2020 5030 2255 5102 gendum
2302 5040 2488 5083 natum
2524 5028 2632 5083 sit?
2662 5026 2836 5081 Simili
2880 5024 3040 5079 modo
3084 5039 3183 5094 pro
3212 5025 3464 5078 essentia:
3505 5024 3588 5077 di-

2094 5227 2205 5293 (50)
2232 5227 2389 5281 Corr.
2420 5225 2797 5279 ἀποϐάλλεται.

2095 5298 2205 5365 (51)
2236 5298 2391 5350 Corr.
2426 5296 2896 5366 ἀποδειχθήσεται.

2094 5367 2206 5437 (52)
2235 5369 2391 5421 Corr.
2420 5366 2539 5419 οὐδὲ
2570 5367 2713 5437 νοῦς.

2094 5434 2204 5507 (55)
2226 5439 2379 5490 Corr.
2403 5437 2463 5489 τὸ
2505 5435 2807 5507 ἀπόβλητον
2831 5434 2961 5501 ἔξει.

2095 5509 2206 5579 (Si)
2239 5507 2397 5579 Corr.
2430 5506 2870 5579 ἐπαναλήψομαι.

2096 5576 2205 5645 (55)
2228 5577 2401 5629 Artic.
2421 5576 2640 5645 additur
2672 5591 2834 5629 manu
2869 5576 3085 5631 diversa
3105 5577 3292 5631 veteri.

2095 5644 2206 5713 (56)
2228 5645 2489 5699 Leontius
2516 5644 2848 5716 Byzantinus
2874 5647 2964 5699 lib.
2998 5662 3013 5700 ι
3091 5658 3279 5701 contra
3313 5645 3596 5716 Eutyrhem

2028 5730 2076 5772 et
2110 5718 2416 5771 Dim-corum
2463 5716 2603 5785 apttd
2658 5715 2935 5770 Canisium
2972 5727 3118 5768 tnmo
3144 5719 3203 5768 IV
3246 5715 3595 5785 Antiqummu

2030 5790 2326 5848 lectionum,
2361 5800 2482 5857 pag.
2529 5786 2621 5852 28,
2669 5787 2810 5842 inter
2858 5788 2961 5840 alia
3009 5788 3320 5842 testimonia
3368 5787 3591 5841 Patrum

3527 1178 3547 1205 ἔ

3534 1212 3543 1225 \

3524 1217 3545 1268 ἱ
