4020 6516
520 354 657 410 1215

1765 350 1821 405 s.
1849 349 2174 425 caecorum
2229 348 2519 404 NYSSEN:

3616 348 3754 403 me

518 469 777 523 versitate
809 468 1115 522 institutum
1162 475 1245 523 est
1276 475 1335 522 ut
1383 468 1697 522 animalium
1745 468 1954 521 ratione
1995 482 2070 519 ca-

2188 465 2631 536 ἡγεμονεύεσθαι,
2666 466 2847 530 καθώς
2876 484 3039 536 φησιν
3066 468 3094 521 ὁ
3130 465 3520 534 Ἀπολινάριος,
3548 464 3755 533 ἡγεμο-

523 562 759 615 rentium
805 569 1000 614 natura
1037 561 1287 615 humanae
1326 560 1571 628 subjecta
1609 569 1775 622 esset,
1820 568 1874 614 et
1923 561 2084 613 homo

518 668 625 707 non
668 654 1024 707 adventitium
1058 652 1151 707 sed
1180 669 1291 707 sua:
1330 654 1572 706 innatum
1609 662 1819 706 natum
1846 655 1898 704 in
1920 652 2082 706 bruta

518 744 742 797 haberet
784 744 1092 813 imperium.
1140 744 1197 798 Si
1234 745 1403 813 igitur
1433 759 1495 797 ea
1532 744 1718 799 carnis
1770 752 1964 796 natura
1997 749 2084 797 est

516 839 577 885 ut
605 834 671 885 ab
708 836 815 886 alio
849 843 1093 903 regatur,
1124 834 1582 903 quemadmodum
1617 834 1692 886 ait
1721 834 2077 903 Apollinaris,

515 922 732 975 cunctis
780 938 906 977 vero
949 939 1184 993 praeesse
1227 932 1423 977 natura
1466 923 1723 977 convenit
1770 922 1901 985 Deo,
1939 938 2081 991 quo-

514 1025 639 1064 nam
674 1020 853 1081 pacto,
892 1013 984 1080 qui
1028 1012 1143 1065 haec
1173 1012 1446 1076 concedit,
1477 1012 1587 1065 duo
1630 1012 1721 1065 illa
1750 1028 1915 1065 unum
1947 1012 2078 1081 quid

511 1111 709 1156 natura
741 1104 808 1156 ab
833 1104 987 1156 initio
1016 1118 1137 1157 esse
1164 1103 1426 1165 decernit,
1468 1118 1592 1156 cum
1632 1102 1981 1157 manifestum
2008 1105 2080 1158 sit

512 1193 767 1248 omnibus
800 1194 958 1246 aliam
992 1193 1243 1261 subjecti,
1278 1202 1333 1246 et
1368 1194 1529 1245 aliam
1565 1193 1685 1261 ejus
1729 1193 1819 1263 qui
1858 1202 2073 1262 praeest,

508 1297 629 1336 esse
662 1283 949 1344 rationem,
987 1282 1131 1335 aliud
1180 1282 1269 1334 cui
1309 1289 1503 1335 natura
1546 1282 1686 1336 inest
1727 1290 1786 1335 ut
1816 1282 2071 1346 ducatur,

509 1380 565 1426 et
592 1373 737 1425 aliud
769 1387 798 1426 e
834 1388 1097 1426 converso
1124 1371 1269 1442 quod
1290 1382 1476 1426 natum
1509 1379 1592 1427 est
1626 1374 1693 1425 ad
1724 1374 2077 1428 ducendum?

509 1464 565 1516 Si
604 1464 766 1532 igitur
798 1465 1085 1517 contrariae
1114 1464 1260 1517 inter
1302 1480 1360 1519 se
1390 1465 1751 1533 pr0prietates
1792 1465 1846 1517 in
1879 1466 2073 1519 horum

508 1554 793 1618 alterutro,
820 1569 1002 1619 carne,
1036 1554 1279 1623 inquam,
1308 1562 1362 1608 et
1395 1555 1681 1609 divinitate
1720 1555 2075 1624 conspiciun-

506 1652 616 1709 tur,
649 1646 924 1713 quomodo
954 1646 1074 1699 duae
1098 1646 1215 1699 ista:
1244 1654 1453 1700 natura:
1476 1655 1603 1701 sunt
1632 1648 1769 1699 una?
1792 1645 2075 1712 Quomodo

502 1735 669 1788 etiam
741 1736 978 1788 divinam
1038 1737 1332 1805 quamdam
1393 1745 1446 1790 et
1516 1739 1790 1792 cmlestem
1852 1754 2071 1792 carnem

2190 558 2337 609 νικὸν
2363 557 2418 609 δὲ
2443 560 2507 628 τῇ
2544 556 2968 628 φύσειτὸθεῖον,
2999 557 3114 620 πῶς
3143 560 3170 609 ὁ
3189 554 3360 609 ταῦτα
3388 554 3584 617 διδοὺς,
3615 553 3672 603 ἓν
3696 554 3752 617 ἐξ

2188 651 2361 721 ἀρχῆς
2394 646 2531 705 εἶναι
2563 650 2630 702 τά
2654 651 2934 722 ἀμφότερα
2960 654 3022 721 τῇ
3061 650 3214 717 φύσει
3247 646 3556 718 διορίζεται,
3588 647 3754 697 πᾶσιν

2186 740 2337 803 ὄντος
2374 740 2641 810 προδήλου
2674 740 2753 793 ὃτι
2774 740 2958 811 ἔτερος
2989 740 3080 793 τοῦ
3111 739 3441 809 ὑποχειρίου,
3474 738 3569 787 καὶ
3594 734 3753 794 ἄλλος

2186 824 2279 877 τοῦ
2311 826 2721 890 ἐπιστατοῦντος
2753 827 2780 878 ὁ
2804 828 2976 895 λόγος,
3008 828 3101 881 καὶ
3132 827 3257 880 ἄλλο
3284 826 3344 880 τὸ
3374 823 3616 893 πεφυκὸς

2186 916 2420 983 γεῖσθαι,
2458 918 2552 968 καὶ
2587 917 2770 987 ἕτερον
2816 918 2997 983 πάλιν,
3034 912 3078 985 ᾧ
3110 917 3267 986 φύσις
3300 917 3359 969 τὸ
3397 915 3754 987 ἡγεμονεύειν

2185 1008 2368 1069 ἐστίν;
2408 1008 2469 1060 Εἰ
2502 1004 2594 1061 οὖν
2631 1010 2687 1061 ἐν
2719 1012 2829 1071 τοῖς
2857 1010 3121 1074 ἀναντίοις
3152 1009 3431 1079 ίδιώμασιν
3464 1010 3497 1078 ἡ
3521 1008 3751 1077 θατέρου

2184 1100 2386 1153 τούτων
2421 1100 2700 1171 θεωρεῖται
2742 1100 2921 1170 φύσις,
2956 1105 3054 1171 τῆς
3100 1100 3300 1173 σαρκὸς
3340 1101 3480 1168 λέγω
3528 1100 3752 1167 καὶτῆς
3780 1147 3834 1169 ρ,

2184 1190 2455 1261 θεότητος,
2480 1191 2596 1254 πῶς
2635 1192 2731 1261 μία
2760 1195 2814 1244 αἱ
2845 1191 2937 1244 δύο
2967 1192 3152 1260 φύσεις
3182 1192 3319 1257 είσί;
3346 1193 3473 1254 Πῶς
3512 1192 3572 1244 δὲ
3596 1190 3752 1242 θείαν

2183 1280 2302 1333 τινὰ
2346 1283 2438 1334 καὶ
2482 1282 2734 1352 οὐρανίαν
2785 1284 2961 1350 σάρκα
3008 1282 3366 1351 περιπλάσσει
3417 1281 3496 1351 τῷ
3554 1281 3751 1349 Λόγῳ;

2182 1375 2396 1429 Μᾶλλον
2416 1374 2471 1427 δὲ
2506 1374 2666 1428 αὐτὸν
2709 1377 3119 1445 προαποσαρκοῖ
3146 1374 3237 1426 τὸν
3261 1373 3451 1441 Λόγον,
3479 1373 3580 1425 οὐκ
3606 1372 3754 1422 οἱκο-

2181 1463 2418 1535 νομικῶς
2465 1465 2549 1515 ἐπ’
2586 1464 2827 1533 ἐσχάτων
2858 1463 3076 1535 ἡμερῶν
3123 1464 3220 1533 τὴν
3269 1461 3541 1532 ἡμετέραν
3588 1459 3751 1511 ὑπεὶς

2182 1554 2339 1608 θόντα
2364 1555 2593 1625 μορφὴν,
2616 1554 2730 1607 ἀλλ’
2750 1555 2835 1607 ἀεὶ
2856 1553 3011 1606 τοῦτο
3028 1554 3175 1616 ὄντα,
3200 1554 3292 1607 xai
3316 1554 3402 1606 ἀεὶ
3421 1554 3478 1604 ὲν
3496 1551 3575 1621 τῷ
3599 1550 3749 1619 αὐτῷ

2179 1644 2516 1715 διαμένοντα.
2557 1645 2616 1697 Ὀ
2640 1644 2748 1714 γὰρ
2781 1645 2970 1697 ἐπιδεᾶ
2991 1644 3159 1712 λέγων
3179 1640 3315 1696 εἶναι
3346 1642 3441 1695 τοῦ
3473 1642 3747 1711 ἁτρέπτου

2178 1738 2277 1807 τὴν
2303 1737 2497 1807 σάρκα,
2529 1738 2623 1789 καὶ
2650 1737 2741 1789 τοῦ
2773 1736 2884 1802 (57)
2913 1736 3319 1805 καθηγουμένου
3363 1732 3745 1807 προσδέεσθαι,

503 1825 686 1880 Verbo
726 1828 962 1897 allingit?
1001 1826 1110 1881 lmo
1148 1831 1349 1898 potius,
1402 1832 1581 1899 ipsum
1627 1829 1881 1895 Verbum,
1923 1840 2070 1888 ante-

2175 1827 2273 1898 τὴν
2294 1828 2565 1899 ἡμετέραν
2592 1827 2848 1898 ἄντικρυς
2890 1826 3035 1895 λέγει
3066 1828 3260 1898 σάρκα,
3296 1827 3392 1895 τὴν
3424 1824 3513 1878 διὰ
3535 1824 3597 1876 τὸ
3618 1840 3746 1895 τρε-

506 1934 669 1987 quam
739 1934 926 1974 revera
992 1920 1332 1973 incarnatum
1383 1920 1563 1983 fuerit,
1611 1937 1829 1976 carnem
1873 1922 2073 1977 factum

504 2009 677 2064 fuisse
709 2011 859 2077 dicit,
895 2026 957 2065 ac
983 2012 1029 2066 si
1063 2012 1118 2065 in
1164 2012 1477 2065 novissimis
1506 2011 1700 2067 diebus
1734 2029 1828 2082 per
1856 2015 2076 2083 dispen-

504 2101 771 2156 sationem
805 2100 1054 2155 indutum
1087 2118 1193 2155 non
1224 2102 1386 2155 fuerit
1413 2101 1641 2155 formam
1688 2112 1950 2167 nostram,
1979 2105 2072 2159 sed

500 2207 717 2262 semper
748 2192 797 2244 id
827 2193 1100 2245 exstiterit
1134 2206 1457 2261 semperque
1491 2193 1543 2245 in
1575 2192 1763 2247 eodem
1810 2194 1902 2247 illo
1930 2202 2073 2249 statu

500 2284 884 2352 permanserit.
915 2282 1017 2348 Qui
1052 2284 1195 2337 enim
1241 2284 1679 2339 immutabilitate
1720 2294 1881 2354 atque
1909 2290 2072 2340 etiam

501 2375 731 2429 ductore
776 2390 914 2444 opus
960 2375 1158 2429 habere
1190 2390 1407 2429 carnem
1450 2375 1547 2436 ait,
1594 2386 1835 2429 nosnam
1881 2378 2073 2446 procul

502 2463 670 2517 dubio
702 2480 921 2520 carnem
966 2464 1210 2527 denotat,
1245 2480 1367 2533 quae
1397 2472 1619 2534 propter
1652 2474 1862 2521 natum
1897 2478 2075 2521 muta-

497 2554 761 2610 bilitatem
812 2556 865 2608 in
899 2566 1182 2625 peccatum
1234 2556 1453 2609 labitur.
1488 2557 1545 2609 Si
1576 2571 1707 2610 vero
1754 2558 1978 2613 cmleste
2019 2566 2074 2613 et

499 2644 743 2698 divinum
777 2661 1002 2715 corpus,
1040 2647 1184 2701 sicut
1222 2647 1365 2701 idem
1407 2648 1502 2711 ait,
1544 2648 1598 2701 in
1630 2646 1811 2703 Verbo
1851 2651 2071 2722 conspi-

498 2736 679 2799 citur,
730 2738 1146 2792 mutabilitatem
1216 2739 1556 2807 rectorisque
1607 2738 1961 2809 indigentiam
2021 2743 2071 2795 ei

497 2828 746 2889 omnino,
805 2836 863 2881 ut
904 2843 1248 2898 consequens
1281 2840 1387 2894 est,
1418 2846 1526 2883 non
1576 2832 1820 2885 ascribit.
1850 2831 1946 2884 Hic
1982 2847 2072 2886 au-

497 2924 605 2971 tem
639 2933 747 2970 non
780 2928 967 2973 noster
1000 2919 1095 2974 sed
1126 2920 1294 2974 divini
1329 2922 1441 2975 oris
1476 2936 1658 2976 sermo
1699 2930 1803 2985 est,
1839 2924 1930 2992 qui
1960 2938 2067 2977 non

495 3022 635 3076 Opus
692 3024 815 3063 esse
864 3009 1030 3063 dicit’
1070 3010 1379 3067 valentibus
1426 3012 1721 3076 medicum,
1779 3013 1872 3068 sed
1924 3015 2066 3068 male

493 3094 844 3152 habentibus.
888 3098 947 3151 ln
981 3100 1123 3153 ccelo
1154 3099 1301 3153 enim
1352 3108 1508 3154 ortus
1551 3116 1615 3154 ex
1666 3112 1888 3170 peccato
1929 3118 2070 3157 mor-

494 3186 598 3240 bus
636 3201 744 3241 non
779 3188 1084 3257 reperitur,
1120 3189 1217 3244 sed
1246 3206 1347 3245 nos
1378 3189 1598 3258 quidem
1640 3191 1715 3244 illi
1759 3207 1950 3247 sumus
1977 3195 2070 3262 qui

494 3286 845 3347 peccatorum
889 3282 1081 3335 morbo
1118 3282 1450 3343 laboramus.
1494 3284 1587 3350 qui
1614 3298 1679 3336 ex
1723 3284 1942 3339 malitiae
1978 3285 2074 3339 ad-

494 3370 761 3424 niissione
792 3382 1155 3441 tegrotamus;
1183 3389 1282 3428 nos
1304 3389 1370 3427 eo
1397 3374 1540 3443 quod
1567 3375 1620 3427 in
1650 3376 1850 3428 malum
1880 3378 2073 3430 mutati

496 3476 711 3527 sumus,
766 3462 1207 3519 immutabilitate
1253 3465 1609 3536 indiguimus,
1649 3467 1741 3536 qui
1785 3477 2072 3538 postquam

496 3552 636 3605 avia
678 3554 907 3607 salutari
954 3554 1358 3617 aberravimus,
1404 3556 1636 3611 ductore
1665 3558 1757 3626 qui
1810 3559 1877 3612 ad
1916 3558 2071 3613 boni-

502 3650 673 3696 tatem
719 3644 822 3697 iter
860 3644 1195 3708 ostenderet,
1250 3660 1389 3715 opus
1440 3647 1775 3702 habuimus:
1810 3648 1884 3701 ita
1922 3658 1983 3703 ut
2023 3653 2069 3706 si

493 3749 683 3789 revera
733 3736 848 3791 haec
887 3722 1181 3795 ﬁominicaz
1231 3738 1382 3793 carui
1431 3756 1533 3794 suo
1578 3742 1895 3796 testimonio
1932 3744 2071 3797 scri-

495 3833 621 3894 ptor
652 3827 756 3881 iste
788 3828 1004 3890 tribuit,
1048 3828 1219 3898 ipsam
1266 3846 1459 3900 nempe
1508 3840 1562 3885 ct
1606 3847 1703 3886 sua
1748 3843 1943 3887 natura
1988 3836 2069 3889 sic

493 3926 861 3985 comparatam
896 3934 1019 3974 esse
1051 3928 1109 3973 ut
1142 3932 1386 3991 regatur,
1412 3931 1466 3976 et
1500 3924 1641 3977 duce
1669 3927 2064 3980 mutationibus

494 4022 839 4077 nequaquam
883 4010 1120 4063 obnoxio
1154 4027 1335 4081 egere,
1380 4015 1453 4067 nil
1491 4016 1637 4069 aliud
1674 4032 1836 4084 quam
1891 4027 2060 4072 terre-

495 4112 619 4150 nam
660 4106 906 4152 nostram
955 4115 1191 4153 massam
1234 4118 1335 4156 suo
1373 4120 1627 4159 sermone
1656 4107 1925 4175 designat.

2179 1920 2310 1971 πτὸν
2338 1919 2439 1989 τῆς
2467 1918 2677 1988 φύσεως
2702 1921 2780 1981 είς
2806 1919 3075 1989 ἁμαρτίαν
3099 1918 3387 1970 πεσοῦσαν.
3409 1917 3471 1969 Ei
3493 1916 3549 1967 δὲ
3576 1916 3749 1985 ὑπερ-

2175 2011 2426 2082 ουράνιόν
2462 2028 2513 2063 τι
2557 2012 2650 2063 καὶ
2678 2010 2820 2063 θεῖον
2849 2010 3027 2080 σῶμα,
3063 2008 3242 2072 καθώς
3273 2025 3424 2078 φησι,
3460 2007 3747 2077 θεωρεῖται

2178 2120 2246 2156 πε
2255 2104 2306 2173 pi
2338 2103 2427 2155 τὸν
2452 2102 2642 2169 Λόγον,
2656 2102 2776 2155 οὐδὲ
2796 2102 2855 2154 τὸ
2874 2101 3099 2173 τρεπτὺν
3118 2101 3264 2171 αὐτῷ
3286 2101 3499 2163 πάντως
3518 2099 3661 2151 κατὰ
3686 2098 3746 2151 τὸ

2176 2193 2469 2247 ἀκόλουθον
2499 2194 2732 2252 δίδωσιν.
2782 2192 2904 2246 οὒτε
2939 2192 2997 2246 τὸ
3026 2192 3233 2255 ὲπιδεὲς
3267 2191 3361 2245 τοῦ
3391 2190 3705 2254 εὐθύνοντος
3724 2203 3742 2220 ·

2176 2286 2270 2339 καὶ
2296 2279 2449 2349 οὗτος
2480 2286 2576 2354 οὐχ
2607 2285 2895 2355 ἡμέτερος,
2928 2284 3060 2336 ἀλλὰ
3086 2284 3181 2353 τῆς
3212 2282 3359 2345 θείας
3388 2283 3566 2350 φωνῆς
3595 2284 3745 2334 ἐστιν

2173 2386 2203 2437 ὁ
2234 2382 2523 2450 λόγος(58)
2560 2383 2588 2434 ὁ
2630 2380 2817 2447 εἰπὼν,
2866 2379 2939 2451 μὴ
2984 2378 3184 2433 δεῖσθαι
3232 2380 3357 2441 τοὺς
3400 2377 3745 2445 ὑγιαίνοντας

2179 2471 2385 2542 ἰατροῦ,
2414 2471 2547 2524 ἀλλὰ
2562 2472 2686 2533 τοὺς
2713 2470 2897 2532 κακῶς
2921 2469 3155 2539 ἔχοντας.
3190 2469 3276 2521 Ἐν
3302 2466 3407 2537 γὰρ
3429 2465 3506 2536 τῷ
3527 2464 3744 2536 οὐρανῷ

2172 2564 2206 2633 ἡ
2241 2562 2301 2626 ἐξ
2340 2562 2611 2633 ἁμαρτίας
2644 2561 2797 2623 νόσος
2830 2560 2929 2613 οὐκ
2963 2560 3127 2618 ἔστιν,
3158 2558 3271 2610 ἀλλ’
3300 2559 3458 2627 ἡμεῖς
3499 2558 3594 2626 μὲν
3629 2555 3743 2623 (59)

2172 2654 2222 2706 οἱ
2251 2653 2351 2724 τὴν
2400 2653 2670 2723 ἁμαρτίαν
2700 2652 3046 2721 νοσήσαντες,
3076 2652 3123 2702 οἱ
3169 2649 3258 2703 διὰ
3294 2650 3391 2719 τῆς
3419 2647 3513 2701 τοῦ
3562 2648 3737 2701 κακοῦ

2175 2743 2485 2812 παραδοχῆς
2531 2743 2961 2811 ἀσθενήσαντες⁸
3005 2742 3167 2811 ἡμεῖς
3218 2739 3305 2792 διὰ
3354 2738 3414 2791 τὸ
3462 2738 3741 2809 τραπῆναι

2173 2835 2310 2905 πρὸς
2341 2834 2403 2887 τδ
2441 2834 2611 2888 κακὸν
2648 2832 2739 2886 τοῦ
2774 2833 3039 2903 ἀτρέπτου
3084 2830 3511 2902 προσδεὴθημεν,
3544 2834 3591 2881 oi
3638 2829 3740 2898 τῆς

2175 2923 2452 2994 σωζούσης
2503 2923 2969 2993 ἀποπλανηθέντες
3012 2921 3151 2985 ὁδοῦ,
3192 2920 3283 2974 τοῦ
3330 2919 3742 2989 καθηγουμένου

2173 3018 2310 3087 πρὸς
2332 3017 2393 3070 τὸ
2430 3016 2633 3084 ἀγαθὸν
2670 3019 2726 3068 ὲν
2758 3016 2916 3085 χρείᾳ
2948 3015 3247 3083 γεγόναμεν
3266 3029 3282 3044 ο
3306 3011 3445 3065 ὥστε
3476 3013 3524 3064 εί
3560 3011 3738 3081 ἀληθῆ

2171 3109 2344 3163 ταῦτα
2387 3111 2452 3178 τῇ
2501 3109 2627 3179 περὶ
2671 3107 2761 3160 τὸν
2808 3106 3010 3177 Κύριον
3061 3105 3222 3176 σαρκὶ
3266 3104 3742 3175 προσμαρτυρεῖὸ

2172 3201 2529 3273 λογογράςος,
2577 3200 2657 3252 ὅτι
2700 3199 2791 3252 καὶ
2849 3198 3088 3267 πέφυκεν
3137 3195 3576 3267 ἡγεμονεύεσθαι,
3644 3195 3739 3248 καὶ

2172 3291 2441 3363 ἀτρέπτου
2468 3290 2563 3342 τοῦ
2600 3289 3011 3358 καθηγουμένου
3037 3287 3247 3359 χρῄζει,
3274 3288 3422 3340 οὐδὲν
3458 3287 3664 3355 ἕτερον,
3700 3286 3736 3356 ἦ

2169 3382 2231 3435 τὸ
2277 3381 2541 3451 ἡμέτερον
2575 3382 2852 3449 σύγκριμα
2882 3378 3221 3449 διερμηνεύει
3260 3378 3337 3448 τῷ
3382 3378 3542 3447 λόγῳ.
3582 3377 3648 3429 Ei
3679 3378 3739 3429 δὲ

2169 3474 2229 3527 ἐν
2260 3476 2327 3543 τῇ
2359 3473 2519 3542 σαρκὶ
2556 3472 2794 3541 ὁρίζεται
2828 3470 2924 3539 τὴν
2966 3469 3213 3539 θεότητα,
3254 3469 3313 3520 τὸ
3344 3469 3398 3521 δὲ
3426 3471 3601 3532 Θεῖον,
3630 3468 3740 3530 ἕως

2172 3564 2235 3617 ἂν
2335 3563 2443 3633 (60)
2472 3563 2647 3628 τοῦτο,
2671 3562 2699 3614 ὃ
2727 3562 2961 3629 λέγεται,
2992 3561 3147 3614 ἄλλου
3168 3558 3260 3613 τοῦ
3290 3557 3602 3628 ὁδηγοῦντος
3634 3559 3738 3610 οὐκ

2167 3656 2455 3715 ἐπιδέεται,
2491 3655 2609 3707 οὐδὲ
2653 3654 2763 3723 γὰρ
2811 3653 3117 3723 ἐπιδέχεται
3146 3651 3243 3721 τὴν
3272 3649 3409 3722 πρὸς
3451 3648 3514 3699 τὸ
3550 3651 3738 3719 χεῖρον

2164 3746 2368 3816 τροπὴν
2407 3745 2499 3798 xai
2525 3744 2806 3797 ἀλλοίωσιν
2833 3757 2847 3771 ⁸
2875 3744 3049 3812 μάτην
3079 3736 3171 3793 οὖν
3197 3740 3306 3809 (61)
3334 3736 3478 3807 αὐτῷ
3514 3740 3583 3790 τὰ
3604 3740 3735 3805 περὶ

2163 3837 2261 3905 τῆς
2290 3836 2487 3906 σαρκὸς
2510 3834 2603 3886 νῦν
2624 3835 2886 3906 εἰρημένα
2906 3830 3330 3903 διερραψῲδηται
3355 3828 3465 3900 (62)
3488 3845 3503 3859 ’
3533 3828 3647 3899 (65)
3682 3830 3741 3879 εί

2164 3925 2275 3995 γὰρ
2323 3926 2440 3977 θεία
2469 3942 2553 3985 τις
2592 3923 2749 3993 αὕτη.
2783 3920 2938 3992 δῆλον
2979 3922 3059 3975 ὅτι
3109 3923 3201 3975 καὶ
3246 3920 3541 3992 ἄτρεπτος·
3588 3920 3637 3971 εί
3676 3919 3738 3970 δὲ

2164 4019 2398 4089 τρεπτὴ,
2431 4020 2645 4083 πάντως
2669 4020 2728 4072 οὐ
2760 4017 2895 4070 θεία.

2002 4106 2097 4161 Sin
2169 4125 2300 4162 vero
2351 4125 2514 4163 carne
2573 4110 2907 4163 divinitatem
2968 4106 3409 4169 circumscribit,
3467 4104 3735 4157 divinitas

495 4196 697 4253 autem,
754 4205 1039 4259 quousque
1072 4192 1124 4246 id
1158 4193 1226 4247 sit
1254 4194 1399 4262 quod
1431 4211 1554 4250 esse
1595 4196 1815 4257 dicitur.
1876 4199 2002 4262 alio,
2035 4200 2129 4267 qui
2168 4215 2285 4255 eam
2315 4200 2476 4255 ducat
2511 4216 2571 4253 ac
2616 4209 2787 4270 regat,
2822 4216 2929 4253 non
2977 4199 3201 4268 indiget.
3238 4213 3359 4249 cum
3410 4196 3736 4249 conversio-

497 4290 621 4332 nem
665 4288 718 4333 et
760 4282 1114 4337 mutationem
1188 4286 1242 4339 iu
1290 4287 1444 4354 pejus
1489 4303 1595 4341 non
1648 4289 1899 4342 admittat
1934 4317 1945 4351 ;
1989 4310 2120 4366 ergo
2178 4294 2451 4349 incassum
2495 4294 2731 4361 scriptor
2777 4294 2880 4346 iste
2914 4306 3033 4362 quae
3082 4290 3239 4344 modo
3273 4290 3341 4343 de
3374 4302 3539 4341 carne
3582 4286 3732 4339 dicta

494 4377 643 4433 sunt,
673 4372 1110 4439 consarcinavit;
1144 4392 1267 4429 nam
1299 4378 1341 4429 si
1370 4379 1552 4432 divina
1579 4380 1694 4435 ham
1717 4380 1898 4449 aliqua
1928 4396 2059 4436 caro
2098 4384 2221 4447 fuit,
2250 4402 2311 4441 ea
2348 4389 2536 4455 utique
2575 4393 2627 4438 et
2655 4384 3044 4449 immutabilis;
3078 4384 3163 4437 sin
3230 4398 3359 4435 vero
3425 4380 3733 4441 mutabilis,

494 4456 675 4509 divina
704 4459 926 4513 omnino
957 4477 1065 4515 non
1098 4462 1219 4518 fuit.

562 4660 583 4691 ’
625 4659 814 4713 Matth.
847 4676 945 4725 vn,
990 4661 1082 4715 12.

493 4882 571 4936 De
599 4882 802 4934 duabus
834 4883 888 4935 in
934 4881 1145 4937 Christo
1185 4882 1390 4933 naturis
1436 4881 1578 4934 hutn:
1611 4880 1837 4935 stseni
1879 4882 2053 4935 locum
2090 4886 2131 4939 Ι)

496 4954 658 5005 refert
693 4967 863 5020 usque
888 4954 954 5005 ad
986 4953 1072 5007 illa
1093 4953 1275 5011 verba,
1315 4950 1437 5003 οὔτε
1466 4952 1525 5004 τὸ
1575 4954 1783 5015 ὲπιδεὲς
1831 4953 1922 5004 τοῦ
1964 4953 2053 5004 εὑ-

494 5022 795 5084 θυνοῦντος.
836 5022 978 5075 Idem
1013 5037 1247 5091 quoque,
1287 5029 1345 5074 ut
1372 5023 1599 5083 videtur,
1630 5030 1821 5075 auctor
1869 5026 1920 5075 in
1973 5024 2051 5074 al-

495 5100 612 5144 tero
669 5091 825 5159 longe
882 5092 1073 5145 fusiori
1120 5107 1283 5160 opere
1333 5092 1594 5145 adversus
1620 5094 1837 5145 eosdem
1870 5107 2053 5145 mono-

496 5161 733 5230 physitas
766 5162 944 5214 adhuc
973 5161 1115 5216 ined.
1146 5162 1288 5231 quod
1319 5176 1441 5213 cum
1492 5163 1610 5215 aliis
1659 5173 1865 5227 septem
1908 5162 2054 5231 ejus-

494 5232 615 5284 dem
674 5232 826 5283 libris
868 5241 1042 5285 exstat
1087 5232 1140 5284 in
1190 5246 1292 5285 ms.
1325 5232 1511 5285 codice
1552 5232 1888 5284 bibliothecae
1928 5230 2048 5282 Vat.

499 5302 656 5371 breve
679 5312 1054 5369 argumentum
1082 5317 1144 5355 ex
1172 5300 1273 5355 hoc
1294 5302 1409 5371 ipso
1441 5300 1666 5371 Nysseni
1700 5304 1816 5353 loco
1837 5302 2050 5370 repetit,

494 5372 562 5421 ab
590 5370 697 5422 illis
732 5386 918 5439 nempe
960 5371 1158 5431 verbis,
1183 5371 1244 5423 Εἰ
1275 5370 1366 5425 οὖν
1398 5373 1453 5422 ἐν
1489 5370 1598 5433 τοῖς
1630 5372 1887 5433 ἐναντίοις
1907 5410 1920 5431 ,
1945 5380 2049 5425 etc.

499 5455 675 5507 usque
702 5440 767 5493 ad
796 5441 905 5501 illa,
949 5441 1063 5503 πῶς
1095 5442 1192 5511 μία
1224 5443 1280 5494 αἱ
1304 5442 1395 5494 δύο
1423 5442 1610 5509 φύσεις
1650 5442 1774 5493 εἰσί.

564 5531 673 5599 (57)
707 5530 761 5583 In
794 5530 911 5585 Vat.
942 5532 1063 5585 cod.
1093 5541 1194 5591 est,
1228 5532 1321 5585 τοῦ
1355 5533 1433 5592 δέ,
1464 5534 1557 5587 sed
1584 5547 1748 5601 supra
1813 5539 1919 5585 art.
1967 5533 2057 5585 lit-

494 5601 627 5653 teris
654 5615 681 5651 a
717 5617 859 5654 corr.
888 5613 940 5653 et
965 5604 1131 5655 totius
1160 5604 1321 5655 etiam
1359 5603 1481 5656 cod.
1524 5603 1841 5656 charactere
1874 5602 2056 5654 diver-

494 5671 596 5741 sis.
618 5670 712 5723 sed
749 5673 1080 5739 antiquis,et
1109 5681 1415 5725 atramento
1452 5674 1611 5741 pictis
1640 5674 1922 5738 scribitur,
1958 5673 2051 5724 καὶ

492 5738 610 5804 τοῦ,
643 5755 803 5804 quam
836 5738 1119 5796 lectionem
1153 5743 1324 5798 secuti
1351 5738 1561 5797 sumus.

2232 4885 2342 4951 (58)
2366 4884 2626 4949 Verbum,
2676 4888 2703 4939 ὁ
2742 4887 2916 4954 λόγος,
2953 4887 3198 4942 additum
3236 4903 3317 4945 est
3338 4890 3525 4945 eadem
3559 4909 3726 4949 manu

2159 4955 2372 5009 diversa
2405 4958 2593 5017 veteri,
2620 4964 2677 5007 ut
2712 4958 2763 5009 in
2796 4960 3115 5025 praecedenti
3142 4961 3357 5015 emend.

2376 5027 2439 5102 Et
2462 5026 2556 5102 hic
2577 5026 2765 5102 eadem
2800 5042 2959 5080 manu
2999 5031 3291 5097 corrigitur
3327 5033 3484 5099 ἡμεῖς
3522 5035 3717 5102 ἐσμεν.

2237 5096 2349 5169 (60)
2394 5098 2514 5169 Ilaec
2540 5097 2705 5169 lectio
2736 5111 2765 5148 a
2792 5111 2936 5150 corr.
2977 5109 3097 5163 est;
3134 5096 3257 5153 nam
3302 5096 3459 5155 antea
3494 5096 3628 5169 erat,
3662 5107 3721 5156 τὸ

2155 5166 2210 5217 δὲ
2249 5166 2380 5221 Θεὸν
2410 5168 2513 5228 ἓως
2534 5165 2598 5217 ἂν

2229 5257 2341 5321 (61)
2375 5257 2509 5310 Adv.
2535 5255 2627 5312 οὖν
2652 5257 2941 5311 delendum
2975 5274 3255 5312 essecorr.
3294 5260 3540 5316 advertit.

2232 5326 2344 5401 (62)
2387 5326 2443 5401 l_n
2472 5330 2591 5382 cod.
2628 5329 2748 5380 Vat.
2784 5328 3063 5401 scribitur,
3094 5330 3527 5401 ὁιερρατώδηται,
3571 5335 3721 5387 nullo

2164 5397 2310 5465 quod
2340 5397 2533 5461 sciam,
2558 5414 2745 5458 sensu.
2774 5398 3015 5466 nihilque
3049 5397 3297 5453 monente
3315 5397 3419 5455 vet.
3445 5418 3587 5457 corr.
3618 5420 3722 5458 nos

2165 5467 2562 5539 emendandum
2594 5468 2928 5539 censuimus.
2960 5468 3401 5539 διεῤῥαψῲδηται.

2237 5536 2571 5609 (ti3ilstum
2601 5536 3053 5609 Nysseniplocu‘ni
3079 5536 3257 5609 usque
3283 5536 3361 5593 ad
3410 5542 3497 5595 illa
3540 5542 3705 5597 verba

2166 5606 2711 5681 πάθειένεχομένην,
2729 5607 2912 5681 laudat
2937 5678 2945 5681 _
2966 5606 3290 5681 Euthymics
3339 5612 3393 5667 in
3450 5612 3711 5680 Panoph‘a

2167 5694 2287 5747 pag.
2308 5676 2432 5741 526,
2469 5676 2711 5733 γει-εἶδέ
2736 5694 2837 5745 qua
2869 5676 2989 5744 fuit.
