4020 6508
530 324 666 384 Ιῖίθ

1837 323 1894 378 S.
1926 321 2251 378 GREGORII
2289 321 2574 377 NYSSE‘Nl

3629 319 3768 374 {2‘20

529 445 877 517 provenient;
903 444 1360 516 qttiverobonttm
1389 451 1585 499 exacto
1619 445 1852 500 rationis
1887 445 2097 515 judicio

2201 444 2572 516 προαιρέσεως
2594 435 2994 514 ἀναμάρτητον,
3027 443 3146 496 οὐδὲ
3179 440 3456 495 ἐπαινετόν
3485 441 3604 496 ἔστι
3634 445 3771 494 πάνυ

527 538 697 610 eligit,
730 552 1054 608 quacunque
1090 539 1319 606 viatqne
1349 537 1679 592 necessitate
1720 538 1970 608 superior
1992 547 2098 603 est,

529 637 712 699 utpote
743 631 834 698 qui
872 645 937 683 ex
991 631 1283 698 semetipso
1311 630 1378 684 ad
1418 631 1644 684 meliora
1676 631 2097 699 propensionem

529 721 742 775 habeat.
771 720 1015 786 Quonam
1039 721 1204 790 igitur
1223 729 1381 790 pacto
1405 722 1640 790 scriptor
1655 731 1843 776 noster
1865 735 1987 775 eum
2007 721 2099 791 qui

529 809 648 863 sine
669 809 936 862 electione
954 823 1016 863 ac
1036 811 1316 878 proposito
1332 823 1610 880 operatur,
1631 811 1879 864 libertate
1899 811 2102 880 pollere

528 912 786 968 testatur,
825 920 984 973 quem
1007 904 1153 958 nulla
1187 904 1419 974 propria:
1441 903 1641 955 mentis
1665 902 1806 955 actio
1839 901 1903 954 ad
1934 901 2101 956 bene-

531 995 836 1051 faciendum
860 996 1073 1050 induxit
1087 996 1110 1048 ?
1125 995 1280 1060 Quod
1293 995 1436 1048 enim
1455 994 1581 1063 quis
1597 1009 1704 1046 non
1722 993 1891 1047 libera
1904 993 2101 1048 mentis

529 1075 792 1143 electione
831 1087 1035 1156 peccati
1062 1086 1132 1140 sit
1154 1101 1368 1154 expers,
1401 1084 1604 1137 nullam
1635 1098 1858 1153 prorsus
1887 1082 2099 1137 laudem

531 1189 773 1234 meretur
797 1181 824 1244 ;'
851 1179 1092 1248 alioquin
1117 1193 1214 1233 eos
1242 1179 1425 1239 etiam,
1463 1177 1555 1245 qui
1583 1176 1836 1240 vinculis,
1866 1190 1933 1230 ue
1963 1177 2102 1229 male

529 1277 712 1338 agant,
748 1269 1136 1337 impediuntur,
1165 1266 1531 1328 laudabimus,
1562 1280 1701 1335 quos
1731 1267 2101 1335 utiqueama-

530 1361 596 1414 lis
625 1361 835 1413 actibus
864 1375 972 1412 non
1001 1359 1252 1412 voluntas
1280 1366 1446 1421 arcet,
1478 1358 1570 1412 sed
1623 1357 1836 1410 vincula
1885 1376 1898 1412 :
1942 1357 2102 1427 Atqui

529 1464 760 1510 carnem,
783 1449 879 1510 ait,
912 1451 1025 1501 sine
1050 1449 1160 1500 ulla
1187 1447 1420 1516 ejusdem
1446 1448 1714 1500 coactione
1733 1447 1981 1502 divinitas
2001 1447 2101 1502 sibi

530 1540 775 1602 asciscit;
804 1553 993 1608 nempe
1013 1554 1120 1592 non
1142 1547 1411 1601 coactum,
1434 1537 1580 1606 quod
1598 1538 1966 1592 voluntarium
1997 1548 2098 1605 est,

530 1638 708 1682 vocat.
741 1629 983 1694 Quonam
1015 1630 1196 1698 itaque
1237 1640 1391 1699 pacto
1420 1630 1511 1698 qui
1565 1629 1782 1698 propria
1817 1631 2101 1686 voluntate

531 1727 700 1782 caret,
722 1721 977 1773 virtutem
999 1735 1099 1774 sua
1111 1727 1303 1790 sponte
1323 1718 1604 1787 capesset?
1620 1717 1753 1771 Nam
1776 1718 2099 1780 deliberare,

531 1819 583 1863 et
613 1809 768 1872 velle,
798 1809 954 1863 utilia
997 1811 1216 1880 eligere,
1257 1820 1310 1864 et
1335 1811 1498 1864 noxia
1536 1811 1731 1874 vitare,
1765 1810 1878 1864 haec
1916 1812 2098 1865 omnia

533 1900 881 1969 cogitationis
930 1902 1178 1956 actiones
1242 1909 1398 1966 sunt;
1457 1903 1697 1972 cogitare
1744 1914 1947 1966 autem,
2003 1903 2097 1973 qui

533 2002 722 2046 carent
770 2004 968 2058 mente,
1024 2009 1132 2047 non
1184 2003 1434 2063 possunt.
1485 1993 1542 2048 Si
1585 1996 1769 2065 itaque
1798 2011 1929 2049 caro
1980 1996 2100 2051 sine

533 2085 641 2137 ulla
694 2085 776 2140 sui
817 2085 1102 2140 coactione
1134 2094 1353 2154 aptatur
1385 2084 1516 2148 Deo,
1548 2088 1651 2140 hac
1700 2086 1887 2156 utique
1916 2102 2093 2141 asser-

533 2174 680 2229 tione
721 2176 954 2242 scriptor
986 2183 1220 2230 testatur
1271 2190 1490 2229 carnem
1544 2176 1780 2245 eligendi
1829 2182 2100 2245 potestate

532 2280 642 2318 non
680 2265 925 2330 destitui,
987 2281 1087 2321 nec
1139 2277 1340 2323 temere
1381 2275 1436 2322 et
1496 2268 1897 2323 inconsiderate
1953 2267 2099 2338 quod

533 2354 636 2408 sibi
693 2355 1039 2414 commodum
1093 2364 1178 2411 est
1229 2366 1513 2427 appetere;
1564 2357 1710 2427 quod
1765 2366 1945 2411 autem
1993 2357 2100 2412 tale

532 2453 637 2506 est,
682 2447 894 2501 ratione
947 2462 1136 2507 calere
1178 2464 1336 2503 nemo
1388 2449 1756 2504 alﬁrmaverit.
1813 2449 2102 2515 Quomodo

532 2538 677 2591 enim
731 2538 785 2590 in
841 2553 907 2592 eo
952 2541 1048 2608 qui
1091 2542 1307 2598 ratione
1353 2551 1504 2595 caret
1547 2542 1868 2596 deliberatio
1917 2542 2095 2612 aliqua

534 2629 719 2685 ﬁeret?
756 2629 937 2697 Quare
981 2647 1091 2686 non
1147 2643 1384 2688 mentem
1434 2635 1594 2688 modo
1640 2636 1818 2691 inesse
1867 2635 2098 2698 homini,

533 2723 626 2778 sed
683 2729 737 2777 et
797 2739 907 2792 prae
959 2726 1168 2780 caeteris
1225 2726 1403 2780 inesse
1461 2725 1624 2781 dictis
1685 2728 1800 2782 suis
1863 2728 2102 2797 scriptor

533 2811 794 2879 aﬁrmat;
850 2830 972 2867 nam
1026 2817 1332 2870 voluntarie
1387 2817 1622 2886 aliquem
1654 2826 1708 2870 et
1763 2833 1874 2870 non
1911 2828 2100 2872 coacte

532 2907 600 2962 ad
637 2908 838 2962 bonum
873 2910 1100 2972 moveri,
1143 2908 1434 2980 perfectam
1476 2912 1527 2963 in
1582 2925 1648 2965 eo
1683 2918 1919 2965 mentem
1977 2925 2100 2966 esse

534 3006 785 3060 testatur,
843 3007 897 3054 et
949 3000 1094 3069 quod
1138 3001 1340 3054 bonum
1387 3000 1490 3055 sibi
1532 3015 1850 3070 comparare
1881 3001 1952 3056 sit
2003 3017 2100 3056 co-

533 3089 756 3158 gitantis
796 3088 1070 3146 facultatis
1102 3091 1246 3144 actio
1294 3091 1346 3144 in
1379 3092 1739 3161 sequentibus
1777 3100 1963 3161 aperte
2005 3093 2100 3148 (Ie-

2202 552 2326 598 τως,
2364 535 2396 603 ἢ
2427 533 2598 598 οὕτως
2621 535 2861 598 καὶτοὺς
2891 534 2996 588 ὑπὸ
3021 533 3233 604 δεσμῶν
3272 533 3407 604 πρὸς
3434 536 3772 603 κακουργίαν

2203 625 2574 695 κωλυομένους
2623 625 3016 695 ἐπαινεσόμεθα
3042 665 3056 688 ,
3086 624 3178 687 οὓς
3221 625 3474 694 ἀφίστησι
3516 627 3616 695 τῆς
3662 624 3772 676 τῶν

2201 716 2387 770 κακῶν
2439 716 2714 788 ἐνεργείας
2759 719 2787 769 ὁ
2835 715 3064 785 δεσμὸς,
3108 717 3207 786 οὐχ
3256 716 3290 785 ἡ
3341 715 3554 785 γνώμη.
3622 715 3776 770 Ἀλλ’

2200 805 2512 872 ἀϐιάστως,
2542 807 2694 876 φησὶ,
2712 805 2824 874 τὴν
2850 807 3046 873 σάρκα
3071 805 3110 872 ἡ
3140 807 3348 872 θεότης
3376 804 3739 875 προσάγεται
3755 821 3772 837 ·

2200 898 2261 951 τὸ
2290 898 2563 958 ἀϐίαστον,
2588 897 2809 968 δηλαδὴ,
2843 896 2904 950 τὸ
2939 896 3183 950 ἑκούσιον
3224 897 3390 963 λέγει.
3427 896 3551 960 Πῶς
3579 892 3676 950 οὖν
3709 898 3776 951 ἂν

2202 1007 2284 1053 τις
2305 988 2584 1060 ἐθελοντὴς
2611 990 2679 1059 τῇ
2723 990 2890 1060 ἀρετῇ
2925 988 3254 1059 προσαχθείη
3277 1029 3292 1052 ,
3320 988 3526 1060 θέλημα
3573 989 3775 1042 οἰκεῖον

2206 1083 2280 1154 μὴ
2325 1083 2694 1152 κεκτημένοςς
2735 1081 2809 1133 Τὸ
2849 1080 2958 1150 γὰρ
2998 1079 3412 1152 προαιρεῖσθαι,
3447 1081 3539 1133 καὶ
3585 1078 3775 1147 βούλε-

2203 1173 2346 1237 σθαι,
2380 1173 2470 1226 καὶ
2504 1174 2536 1243 ἡ
2568 1171 2660 1225 τοῦ
2695 1170 3064 1241 συμφέροντος
3096 1169 3311 1240 ἐκλογὴ,
3335 1170 3428 1222 καὶ
3455 1169 3606 1240 ὴτοῦ
3642 1168 3778 1239 βλά-

2202 1280 2424 1326 πτοντος
2448 1261 2717 1332 μεταϐολὴ
2739 1260 2871 1331 (74),
2895 1258 3064 1312 ταῦτα
3081 1259 3254 1312 πάντα
3280 1259 3516 1321 διανοίας
3539 1259 3658 1310 ἐστί
3678 1275 3694 1288 ·
3717 1258 3778 1310 τὸ

2200 1355 2257 1409 δὲ
2278 1353 2602 1408 διανοεῖσθαι
2615 1353 2723 1406 τῶν
2741 1353 2978 1423 ἀνοήτων
2997 1353 3096 1404 οὐκ
3122 1347 3285 1406 ἔστιν.
3300 1351 3362 1403 El
3390 1345 3480 1402 οῦν
3495 1348 3777 1411 ἀϐιάστως

2201 1447 2278 1518 τῷ
2305 1446 2423 1518 Θεῷ
2471 1443 2903 1518 προσοικειοῦται
2950 1446 2982 1514 ὴ
3022 1443 3190 1512 σὰρξ,
3221 1444 3576 1513 μαρτυρεῖται
3622 1441 3776 1510 παρὰ

2201 1539 2402 1593 τούτων
2441 1539 2526 1592 διὰ
2577 1538 2670 1591 τοῦ
2734 1536 3070 1606 λογογράφου
3127 1534 3201 1606 μὴ
3241 1533 3618 1604 ἀπροαιρέτως
3658 1533 3773 1602 (75)

2203 1627 2336 1685 εἶναι
2365 1634 2396 1700 ὴ
2432 1629 2586 1698 σὰρξ,
2623 1629 2758 1701 μηδὲ
2783 1629 3019 1698 ἀκρίτως
3043 1643 3099 1680 τε
3125 1625 3219 1679 καὶ
3243 1624 3656 1687 ἀνεπισκέπτως
3678 1623 3772 1676 τοῦ

2203 1723 2600 1785 λυσιτελοῦντος
2645 1723 2792 1791 σχεῖν
2826 1718 2932 1789 (76)
2954 1737 2966 1749 ν
3001 1717 3059 1770 τὸ
3093 1718 3148 1770 δὲ
3185 1715 3418 1769 τοιοῦτον
3443 1716 3545 1768 οὐκ
3577 1715 3643 1768 ἄν
3690 1732 3776 1779 τις

2133 1787 2174 1844 Β
2203 1817 2422 1884 ἀλογίαν
2466 1815 2626 1868 εἴποι.
2672 1787 2794 1876 liti);
2979 1809 3044 1863 ἂν
3075 1807 3282 1877 γένοιτο
3315 1809 3373 1860 ὲν
3415 1806 3493 1876 τῷ
3533 1807 3718 1877 ἀλόγῳ
3746 1810 3775 1862 ό

2201 1909 2353 1976 λόγος
2375 1906 2565 1970 ;Ὤστε
2595 1905 2656 1957 οὐ
2694 1903 2850 1973 μόνον
2881 1897 3018 1954 εἶναι
3046 1899 3135 1952 τὸν
3156 1898 3277 1951 νοῦν
3301 1900 3356 1950 ἐν
3377 1898 3453 1968 τῷ
3476 1898 3773 1969 ἀνθρώπῳ,

2200 1995 2265 2047 δι’
2297 1988 2371 2049 ὧν
2398 1993 2544 2060 λέγει
2596 1990 2925 2050 συντίθεται,
2953 1988 3086 2042 ἀλλὰ
3121 1988 3214 2040 καὶ
3246 1987 3386 2058 ὑπὲρ
3417 1989 3544 2051 τοὺς
3577 1988 3773 2052 ἄλλους

2201 2083 2358 2138 εἶναι.
2395 2085 2461 2137 Ἠ
2488 2083 2596 2153 γάρ
2628 2080 2870 2142 ὲκούσιός
2897 2096 2955 2132 τε
2984 2081 3078 2132 καὶ
3105 2079 3359 2141 ἀδίαστος
3386 2078 3520 2148 πρὸς
3552 2077 3613 2132 τὸ
3636 2081 3775 2148 ἀγα.

2202 2175 2291 2229 θδν
2320 2175 2486 2246 ὁρμὴ,
2523 2172 2798 2244 μαρτυρία
2817 2172 2917 2242 τῆς
2945 2171 3037 2224 τοῦ
3062 2169 3152 2224 νοῦ
3181 2170 3510 2242 τελειότητος
3537 2172 3770 2240 γίνεται,

2201 2271 2295 2323 καὶ
2337 2271 2417 2323 ὅτι
2443 2267 2679 2331 διανοίας
2707 2267 2852 2319 ἐστὶν
2885 2267 2923 2335 ἡ
2957 2264 3091 2336 πρὸς
3120 2265 3184 2317 τὸ
3208 2266 3454 2335 κρεῖττον
3475 2263 3773 2328 οἰκείωσις,

2200 2362 2288 2416 διὰ
2318 2361 2426 2415 τῶν
2452 2359 2652 2430 ἑφεξῆς
2680 2357 2981 2429 εἰρημένων
3015 2356 3244 2427 μάλιστα
3266 2355 3774 2420 δείκνυται,οὐτωςὶ

2201 2451 2342 2504 κατά
2381 2448 2477 2520 τὴν
2509 2446 2652 2512 λέξιν
2703 2447 2954 2517 ἐχόντων,
2981 2446 3410 2512 Μεταδιδόντος
3440 2446 3568 2518 γὰρ,
3608 2450 3768 2518 φησὶ,

2201 2541 2308 2609 τῆς
2359 2538 2616 2609 καθαρᾶς
2672 2537 2890 2607 ἀρετῆς
2925 2537 3103 2591 παντὶ
3146 2531 3226 2599 τῷ
3269 2538 3587 2606 ὑποχειρίῳ
3648 2537 3768 2602 νῷ.

2201 2633 2263 2685 El
2298 2627 2392 2685 οὖν
2413 2633 2469 2683 ὲν
2493 2629 2570 2700 τῷ
2592 2629 2666 2700 νῷ
2688 2630 2882 2700 θεωρεῖ
2911 2630 3008 2700 τὴν
3045 2630 3140 2700 τῆς
3170 2629 3369 2701 ἀρετῆς
3401 2630 3772 2703 καθαρότητα,

2201 2724 2318 2789 πῶς
2352 2723 2605 2789 ὲξοικίζει
2645 2723 2742 2793 τῆς
2778 2722 2976 2793 σαρκὸς
3017 2721 3229 2793 ἐκείνης
3253 2723 3364 2794 (77)
3399 2724 3489 2776 τὸν
3525 2723 3674 2787 νοῦν,
3712 2727 3773 2778 ἐν

2199 2812 2234 2893 ᾖ
2263 2818 2362 2888 τὴν
2409 2815 2754 2887 καθαρότητα
2809 2814 3026 2885 βλέπει;
3069 2816 3303 2886 Ἀνάγκη
3335 2817 3443 2886 γάρ
3469 2816 3527 2868 ἓν
3558 2816 3619 2880 ἐξ
3660 2819 3771 2888 ἀμ-

2202 2910 2443 2980 φοτέρων
2463 2907 2861 2979 διημαρτῆσθαι
2887 2906 2966 2977 τῷ
2992 2907 3152 2977 λόγῳ,
3183 2907 3216 2978 ἢ
3247 2909 3306 2960 τὸ
3340 2907 3605 2978 μεθεκτὴν
3628 2902 3772 2962 εἷναι

2199 2999 2276 3070 τῷ
2299 2999 2373 3069 νῷ
2397 2999 2491 3070 τὴν
2524 2997 2742 3070 ἀρετὴν,
2776 2997 2809 3067 ἢ
2842 2996 2902 3049 τὸ
2943 2997 3102 3050 ἄνουν
3146 2992 3283 3050 εἶναι
3310 2999 3409 3068 τὴν
3440 2998 3638 3068 σάρκα,
3668 3000 3773 3068 τὴν

2203 3091 2472 3156 ἀϐιάστως
2509 3094 2576 3161 τῇ
2611 3091 2779 3161 ἀρετῇ
2803 3088 2912 3158 (78)
2943 3089 3358 3161 προσαχθεῖσαν.

535 3192 892 3248 monstratur,
940 3202 1062 3255 qua:
1096 3186 1163 3240 ad
1204 3188 1428 3242 verbum
1463 3187 1535 3239 ita
1572 3202 1632 3241 se
1680 3187 1901 3249 habent,
1947 3184 2248 3257 Largientis
2284 3185 2455 3249 enim,
2506 3184 2702 3253 inquit,
2771 3199 2960 3251 puram
3027 3183 3270 3236 virtutem
3315 3184 3457 3237 omni
3519 3183 3774 3252 subjecta:

534 3279 712 3330 menti.
761 3277 817 3332 Si
865 3278 1030 3346 igitur
1085 3277 1138 3330 in
1191 3287 1369 3332 mente
1393 3279 1612 3336 virtutis
1645 3277 1934 3346 puritatem
1980 3292 2102 3332 esse
2174 3275 2396 3340 fatetur,
2437 3275 2708 3346 quomodo
2757 3284 2988 3327 mentem
3025 3275 3092 3329 ab
3161 3276 3248 3328 illa
3291 3290 3453 3332 carne
3506 3279 3776 3340 excludit,

536 3368 589 3422 in
638 3386 742 3439 qua
793 3370 1080 3441 puritatem
1129 3368 1418 3437 agnoscit?
1457 3366 1693 3423 Necesse
1744 3369 1888 3422 enim
1915 3377 1998 3422 est
2034 3369 2268 3423 alterum
2307 3368 2374 3422 de
2406 3367 2620 3423 duobus
2665 3366 2860 3423 falsum
2926 3384 3068 3430 esse,
3141 3377 3234 3422 aut
3273 3385 3467 3440 nempe
3533 3383 3772 3428 mentem

535 3461 757 3515 virtutis
811 3461 1127 3528 participem
1173 3475 1294 3514 esse
1341 3474 1523 3527 posse,
1571 3467 1666 3513 aut
1703 3468 1882 3515 mente
1911 3474 2100 3515 carere
2134 3474 2374 3525 carnem,
2417 3475 2536 3530 quae
2583 3459 2750 3515 libere
2793 3459 2899 3515 sibi
2944 3462 3201 3516 virtutem
3252 3471 3551 3532 comparat.

606 3574 760 3628 XLII.
795 3574 962 3628 Porro
995 3589 1113 3643 quae
1140 3574 1567 3644 praecedentibus
1598 3590 1698 3630 nec
1730 3576 2092 3637 cohaerenter,

2271 3577 2408 3630 Ὅσα
2439 3576 2494 3629 δὲ
2528 3575 2832 3648 προσέθηκε
2872 3578 3012 3631 κατά
3057 3577 3114 3630 τὺ
3164 3576 3526 3649 ἀπρόσκολλόν
3560 3597 3624 3632 τε
3654 3580 3771 3650 (79)

536 3684 637 3723 nec
672 3678 1041 3723 consentance
1094 3669 1396 3738 subjungit,
1461 3685 1926 3738 supervacaneum
1978 3687 2097 3726 esse

2198 3668 2292 3720 καὶ
2313 3668 2690 3730 ἀνακόλουθον,
2727 3669 2973 3739 περιττὸν
3011 3665 3161 3739 οἴμαι
3204 3669 3546 3734 διεξετάζειν,
3575 3672 3773 3726 τοῦτον

538 3759 776 3811 arbitror
802 3757 1088 3827 diligenter
1129 3765 1406 3822 excutere,
1447 3773 1568 3826 quae
1597 3758 1650 3810 itt
1684 3758 1828 3811 hunc
1879 3757 2095 3811 modum

2197 3759 2385 3829 ἔχοντα
2414 3761 2502 3812 τὸν
2552 3761 2752 3830 τρόπον
2776 3775 2791 3791 ⁸
2823 3761 2930 3814 Kal
2970 3760 3138 3826 πᾶσι,
3179 3764 3329 3833 φησὶ,
3377 3761 3500 3829 τοῖς
3547 3763 3776 3832 ros-pth

538 3867 597 3905 se
615 3851 846 3906 habent:
867 3850 932 3904 Et
957 3850 1219 3913 omnibus,
1245 3851 1544 3920 inquit,qui
1572 3851 1856 3905 secundum
1880 3862 2097 3904 mentem

2198 3855 2608 3922 όμοιουμένοις
2636 3853 2885 3922 Χριστῷ,
2917 3855 3011 3907 καὶ
3028 3855 3113 3924 μὴ
3142 3855 3436 3922 σαρκικῶς
3456 3855 3775 3925 ἀνομοίου-

534 3944 827 4013 efﬁciuntur
849 3943 1046 3997 similes
1078 3942 1308 4007 Christo,
1340 3953 1387 3996 et
1419 3942 1704 3996 secundum
1755 3960 1966 3997 carnem
2021 3944 2097 3996 ei-

534 4036 650 4088 dem
684 4052 784 4088 non
819 4045 938 4089 sunt
966 4035 1269 4089 dissimiles.
1310 4033 1453 4100 Quid
1483 4035 1627 4088 enim
1659 4036 1760 4089 sibi
1797 4037 1924 4089 velit
1965 4050 2102 4088 nau-

535 4143 628 4183 sea
662 4129 766 4183 ista
803 4129 1088 4182 verborum
1133 4128 1493 4181 admiratores
1536 4129 1739 4181 erroris
1776 4126 1938 4196 hujus
1972 4125 2099 4180 edo-

534 4225 735 4284 ceant;
770 4234 869 4272 nos
933 4219 1074 4273 enim
1120 4218 1185 4270 ad
1229 4232 1293 4271 ea
1342 4233 1463 4286 quae
1514 4217 1744 4271 subinde
1797 4227 2099 4286 sequuntur

533 4309 860 4365 excutienda
887 4310 1290 4379 progredimur.
1335 4309 1399 4360 Et
1432 4310 1475 4362 si
1505 4308 1725 4374 homini,
1765 4310 1960 4379 inquit,
2008 4326 2097 4362 σοί

534 4401 747 4470 putatus
772 4409 849 4453 est
890 4399 1050 4459 Deus,
1085 4400 1346 4468 perfectus
1405 4414 1584 4467 nempe
1619 4399 1868 4468 perfecto,
1922 4402 2098 4465 utique

534 4494 640 4545 duo
669 4500 860 4551 essent,
906 4491 1040 4544 alter
1087 4489 1296 4560 quidem
1357 4499 1550 4543 natura
1581 4488 1755 4543 Filius
1789 4489 1907 4552 Dei,
1963 4490 2098 4543 alter

537 4601 654 4638 vero
688 4582 989 4650 adoptione.
1015 4583 1290 4636 Lubentcr
1321 4584 1431 4636 haec
1469 4584 1610 4636 scire
1640 4597 1890 4652 cuperem
1919 4582 1986 4635 ab
2013 4583 2096 4637 his

535 4674 626 4744 qui
665 4673 794 4726 talia
825 4672 1051 4726 callent:
1086 4673 1132 4726 si
1168 4681 1346 4726 mente
1377 4671 1657 4743 praeditum
1688 4671 2095 4742 perfectumque

532 4766 807 4820 hominem
833 4764 1000 4818 ﬁlium
1034 4763 1344 4833 adoptivum
1377 4774 1592 4828 vocant,
1623 4765 1894 4818 hominem
1938 4764 2095 4834 ἀνόη-

531 4874 641 4920 τον,
674 4859 747 4910 ita
768 4857 912 4911 enim
946 4863 1127 4910 mente
1162 4871 1385 4924 prorsus
1410 4855 1726 4909 destitutum
1753 4864 2088 4922 nuncupant,

2192 3944 2416 4013 μένοις.
2458 3944 2522 3997 Τί
2555 3945 2664 4016 γὰρ
2715 3945 2959 4014 βούλεται
2994 3948 3026 4016 ἡ
3055 3947 3162 4001 τῶν
3215 3948 3515 4018 εἰρημένων
3545 3949 3768 4015 ναυτία,

2197 4035 2594 4088 διδασκέτωσαν
2645 4037 2818 4090 ταῦτα
2869 4038 2918 4090 οἱ
2973 4037 3283 4109 θαυμασταὶ
3333 4039 3430 4109 τῆς
3500 4039 3718 4108 ἀπάτης
3751 4056 3769 4071 ο

2199 4130 2353 4198 ἡμεῖς
2381 4128 2434 4180 δὲ
2466 4128 2600 4198 πρὸς
2630 4128 2697 4181 τὰ
2733 4129 2927 4199 ἐφεξῆς
2957 4129 3050 4182 τοῦ
3078 4129 3235 4196 λόγου
3261 4129 3630 4201 προέλθωμεν.
3655 4130 3768 4184 Kal

2196 4222 2248 4272 εί
2285 4217 2587 4286 ἀνθρώπῳ,
2623 4221 2754 4289 φησὶ
2776 4261 2790 4284 ,
2823 4219 3106 4290 συιιήφθη
3141 4224 3173 4274 ὁ
3219 4221 3383 4286 θεὸς.
3414 4220 3643 4287 τέλειος
3671 4239 3768 4274 τε-

2193 4309 2353 4372 λείῳ,
2382 4308 2490 4361 δύο
2525 4305 2600 4360 ἂν
2627 4305 2809 4377 ἦσαν,
2838 4304 2926 4375 εἷς
2956 4310 3072 4378 μὲν
3103 4309 3281 4378 φύσει
3320 4310 3448 4376 Υἱὸς
3480 4311 3648 4376 Θεοῦ,
3675 4305 3767 4376 εἷς

2195 4399 2262 4451 δὲ
2293 4401 2481 4465 θετός.
2527 4395 2724 4463 Ἡδέως
2765 4400 2830 4453 ἂν
2873 4400 3094 4471 μάθοιμι
3123 4402 3272 4472 παρά
3305 4403 3410 4456 τῶν
3439 4402 3508 4455 τά
3538 4403 3768 4457 τοιαῦτα

2196 4493 2667 4563 πεπαιδευμένων,
2714 4495 2762 4545 εί
2806 4493 2894 4545 τὸν
2947 4494 3125 4546 ἔννουν
3163 4496 3272 4563 (ὅθ)
3312 4497 3402 4549 καὶ
3441 4496 3643 4548 τέλειον
3669 4498 3764 4551 άν-

2195 4585 2408 4656 θρωπον
2448 4588 2559 4638 υἱὸν
2592 4585 2742 4638 θετὸν
2775 4586 3009 4655 λέγουσι,
3046 4587 3138 4639 τὸν
3170 4587 3391 4658 ἀνόητον
3433 4585 3716 4659 ἄνθρωπον
3742 4629 3760 4651 ,

2193 4676 2334 4730 οὕτω
2360 4676 2466 4747 γὰρ
2496 4677 2711 4741 πάντως
2741 4678 2830 4730 τὸν
2857 4679 2930 4749 μὴ
2965 4677 3151 4748 ἔχοντα
3181 4679 3303 4731 νοῦν
3331 4676 3679 4749 ὀνομάζουσι,
3707 4681 3760 4733 τί

2193 4768 2594 4838 προσεροῦσιν;
2645 4770 2702 4823 '0
2747 4770 2855 4840 γὰρ
2916 4771 3204 4840 μονογενὴς
3262 4770 3392 4833 Θεὸς
3436 4769 3597 4832 αὐτὸς
3635 4771 3759 4824 καθ’

2194 4860 2380 4913 ἑαυτὸν
2443 4860 2732 4931 ἀνελλιπὴς
2792 4864 2884 4916 καὶ
2931 4863 3130 4924 τέλειος
3172 4861 3274 4924 ὣν,
3330 4864 3427 4931 τὴν
3491 4863 3583 4916 τοῦ
3635 4864 3761 4933 ἀλη-

531 4951 805 5019 qttomodo
869 4947 1265 5019 appellabunt?
1317 4945 1642 5018 Unigenitus
1699 4947 1845 5001 enim
1914 4946 2089 5010 Deus,

2198 4949 2342 5002 θινοῦ
2386 4949 2514 5002 Υἰοῦ
2569 4952 2933 5022 προσηγορίαν
2985 4953 3136 5022 ἔχει,
3173 4953 3609 5024 ὲπαληθευούσης
3659 4955 3758 5026 τὴν

532 5055 656 5094 cum
697 5055 762 5094 ex
789 5041 1086 5108 semetipso
1127 5038 1402 5108 perfectus
1455 5040 1525 5092 sit
1559 5038 1816 5107 nullaque
1845 5053 1902 5092 re
1955 5038 2085 5092 deli-

532 5132 662 5195 ciat,
694 5133 804 5185 veri
840 5132 1055 5201 quidem
1103 5128 1224 5183 Filii
1265 5131 1678 5201 appellationem
1737 5131 1964 5190 obtinet,
1999 5146 2092 5182 na-

532 5232 652 5277 tura
681 5225 799 5294 ipsa
831 5240 1017 5278 verum
1073 5223 1207 5277 illud
1247 5238 1443 5275 nomen
1479 5237 1601 5276 esse
1635 5222 2042 5276 demonstrante
2070 5239 2084 5288 ;

602 5405 711 5473 (74)
739 5406 891 5459 Corr.
931 5407 1192 5476 ἀποϐολή.

601 5477 710 5544 (τὸ)
741 5478 896 5530 Corr.
926 5479 958 5528 ἀ
971 5478 1302 5547 προαίρετος.

627 5547 711 5616 76)
748 5551 900 5616 liort'.
933 5548 1094 5616 ἔχειν.

627 5551 689 5597 76
748 5551 900 5599 (λοιτ.
933 5551 972 5597 ἕ”
997 5565 1094 5598 ειν.

600 5551 712 5685 ίῖῖῖ
746 5615 802 5685 In
844 5566 1116 5669 codeat.
1145 5627 1227 5669 est
1255 5616 1491 5685 σκείνης,
1549 5633 1648 5672 nos
1680 5617 2087 5673 cmendavimus

527 5683 763 5760 ἐκείνηςἱ
789 5684 921 5739 Vide
950 5697 1126 5740 tamen
1146 5704 1210 5739 an
1247 5683 1528 5760 legendum
1557 5691 1625 5740 sit
1653 5689 1873 5760 σκηνῆς.

599 5753 709 5824 (73)
751 5753 824 5809 Ita
858 5773 999 5810 corr.
1029 5773 1043 5820 ;
1077 5759 1227 5827 prius
1255 5753 1450 5828 υιίίιιτῇ
1475 5759 1632 5828 ἀρχῇ.

2197 5041 2384 5111 κλῆσιν
2414 5043 2522 5110 (81)
2554 5046 2651 5113 τῆς
2691 5045 2902 5112 φύσεως
2927 5061 2940 5073 ’
2977 5046 3091 5116 ἡδὲ
3126 5046 3405 5116 προσθήκη
3438 5045 3532 5098 τοῦ
3565 5048 3757 5116 ἡμιτε-

2196 5132 2318 5196 λοῦς
2372 5132 2652 5204 ἀνθρώπου
2685 5139 2831 5188 ποῖον
2879 5136 3046 5207 ὄνομα
3077 5135 3224 5206 ἔχεις
3256 5137 3316 5189 El
3345 5137 3451 5207 γὰρ
3488 5137 3516 5188 ὁ
3557 5137 3756 5200 τέλειος

2193 5223 2289 5276 ἄνθ
2298 5241 2476 5294 ρωπος
2498 5224 2647 5290 θετὸς
2670 5227 2783 5292 υίὸς
2814 5229 2952 5282 κατά
2999 5229 3086 5281 τὸν
3120 5229 3495 5301 Ἃπολινάριον
3519 5229 3753 5298 λέγεται,

2272 5408 2383 5480 (79)
2414 5410 2476 5462 Et
2502 5410 2614 5464 lure
2636 5425 2776 5464 corr.
2807 5413 3111 5466 emendatio
3139 5421 3254 5477 est;
3282 5427 3402 5466 nam
3437 5423 3592 5466 antea
3616 5414 3753 5468 scri-

2198 5486 2346 5552 ptum
2381 5482 2556 5534 fuerat
2586 5481 2918 5552 ἀπρόσκολόν
2947 5499 3023 5537 τε.

2267 5549 2377 5619 (80)
2407 5553 2563 5604 Corr.
2636 5549 2748 5606 haec
2794 5567 3014 5620 quoque
3062 5553 3364 5606 emendatio
3412 5561 3664 5619 est;natn
3694 5553 3749 5608 in

2195 5626 2340 5675 textu
2382 5620 2498 5673 Vat.
2536 5620 2657 5674 cod.
2691 5622 2946 5676 scribitur
2972 5624 3019 5674 ot
3047 5624 3136 5675 τὸν
3169 5623 3366 5676 ἔννουν.

2267 5689 2378 5762 (81)
2405 5692 2477 5744 Ita
2507 5707 2650 5746 corr.
2684 5710 2698 5759 ;
2734 5702 2890 5748 antea
2921 5701 3039 5748 erat
3069 5697 3132 5763 τῇ
3157 5693 3362 5763 κλήσει.
