4020 6494
219 334 355 389 19:2!

1389 321 1756 378 ADVERSUS
1795 321 2298 376 APULLINAREM.

3325 324 3462 381 12:2

217 449 317 501 καὶ
348 447 374 498 6
405 407 665 514 ἡμιτελῆς
718 441 1022 512 ἄνθρωπος,
1052 439 1174 492 καθ’
1211 438 1238 491 ὃ
1269 437 1572 508 ἄνθρωπος,
1607 436 1796 507 ἡμίθε-

1903 436 2331 490 additamentum
2363 439 2492 486 vero
2519 433 2827 503 imperfecti
2885 435 3122 491 hominis
3171 439 3329 506 quale
3361 455 3462 496 no-

214 555 312 602 τος
339 535 582 607 δηλονότι
607 535 719 598 υίδς
751 535 844 587 καὶ
871 528 1021 596 οὗτος
1041 529 1486 601 ὀνομασθήσεται,
1517 528 1792 599 ἠμισεύων

217 628 515 698 ἐφ’ἐαυτοῦ
559 626 658 697 τὴν
691 623 786 680 τοῦ
827 622 981 678 θετοῦ
1022 622 1210 693 κλῆσιν
1239 637 1253 652 ⁸
1284 619 1424 674 ὥστε
1463 620 1795 692 κυριώτερον

217 720 416 779 εἰπεῖν,
453 717 658 769 ἐκεῖνον
681 715 780 786 μὲν
801 714 1000 769 τέλειον
1030 713 1118 766 τὸν
1151 712 1302 765 θετὸν
1330 707 1490 774 εἶναι,
1521 711 1706 764 τοῦτον
1736 712 1794 765 δὲ

215 807 391 876 ἥμισυ
443 805 522 876 τῷ
569 805 679 876 (82)
717 803 1050 877 τριτημορίῳ
1082 802 1358 867 λείποντα,
1397 803 1537 855 κατὰ
1570 801 1630 855 τὸ
1674 801 1795 872 βού-

217 899 370 970 λημα
399 898 506 951 τῶν
531 901 650 961 ταῖς
677 895 950 958 τοιαύταις
982 897 1176 964 τομαῖς
1206 894 1316 964 (85)
1342 893 1795 964 μιστυλλευόντων

215 989 310 1043 τὸν
361 988 662 1060 ἄνθρωπον.
709 985 843 1038 Ἀλλ’
878 987 926 1037 εί
965 984 1308 1056 ἀνάρμοστόν
1341 984 1557 1054 ἐστιτῷ
1587 984 1703 1054 Θεῷ
1734 984 1795 1038 τὸ

220 1082 374 1135 θετὸν
393 1081 536 1151 ἔχειν
567 1078 700 1140 υἱὸν,
725 1077 924 1148 ὁμοίως
951 1077 1168 1139 πάντως
1198 1076 1292 1129 καὶ
1313 1076 1404 1128 ἐπὶ
1440 1074 1534 1127 τοῦ
1566 1075 1792 1137 τελείου,

217 1176 315 1230 καὶ
354 1177 447 1228 ἐπὶ
487 1171 579 1225 τοῦ
610 1170 831 1234 ἀτελοῦς
869 1171 983 1223 ἐστι
1020 1169 1080 1223 τὸ
1105 1170 1441 1240 ἀνάρμοστον
1467 1183 1480 1195 '
1513 1168 1710 1239 μᾶλλον
1738 1169 1795 1220 δὲ

219 1270 313 1322 καὶ
339 1266 498 1320 πλέον
515 1267 570 1317 ὲν
595 1263 674 1333 τῷ
712 1263 1217 1333 ἡκρωτηριασμένῳ
1245 1261 1306 1314 τὸ
1344 1262 1560 1314 ἄτοπον.
1593 1261 1653 1313 Εἰ
1686 1261 1795 1330 γὰρ

219 1357 458 1430 ἀμυδρόν
481 1373 532 1408 τι
567 1354 702 1424 (84),
731 1353 824 1406 καὶ
858 1353 962 1414 ἔξω
985 1353 1083 1423 τῆς
1107 1351 1443 1423 θεοπρεποῦς
1473 1351 1794 1422 ὑπολήψεως

217 1451 278 1503 τὸ
305 1450 489 1522 ἄρτιον
527 1448 624 1517 τῆς
655 1444 1004 1516 ἀνθρωπίνης
1031 1442 1243 1512 φύσεως
1277 1442 1555 1514 ἐνομίσθη,
1589 1443 1717 1514 περὶ
1736 1443 1796 1495 τὸ

216 1543 370 1596 Θείον
392 1539 741 1612 βλεπόμενον,
802 1534 979 1605 πολλῷ
1027 1535 1224 1606 μᾶλλον
1263 1536 1484 1607 αἰσχρὸν
1518 1535 1582 1589 ἂν
1621 1537 1706 1604 εἴη
1734 1535 1794 1588 τὸ

217 1631 426 1702 λελωϐη
436 1631 603 1701 μένην
647 1631 777 1700 περὶ
807 1628 969 1682 αὑτὸν
998 1627 1335 1698 καθορᾶσθαι
1363 1629 1462 1698 τὴν
1495 1627 1656 1696 φύσιν
1681 1669 1700 1688 .,
1719 1628 1792 1681 Οὐ

217 1725 327 1794 γὰρ
349 1723 533 1794 ἐπειδὴ
571 1721 694 1785 νοῦς
722 1723 821 1775 οὐκ
851 1720 987 1784 ἐστι,
1012 1720 1098 1773 διὰ
1126 1720 1284 1774 τοῦτο
1316 1722 1347 1791 ἡ
1373 1719 1508 1791 σὰρξ
1530 1720 1665 1792 πρὸς
1693 1720 1794 1791 τὴν

1897 543 2020 582 men
2059 526 2263 581 habet?
2325 523 2380 578 Si
2431 524 2575 578 enim
2620 525 2896 596 perfectus
2950 527 3115 582 homo
3175 529 3463 600 adoptivus

1894 616 2042 670 ﬁlius
2071 615 2229 683 juxta
2260 613 2629 684 Apollinarem
2665 613 2893 679 dicitur,
2937 617 3290 688 imperfectus
3322 637 3464 690 quo-

1894 719 2002 774 que
2063 703 2248 765 homo,
2305 711 2580 772 quatenus
2645 703 2809 758 homo
2862 713 2981 769 est,
3031 709 3463 780 semiadoptivus

1897 796 2082 865 utique
2119 795 2262 850 filius
2293 795 2601 860 vocabitur,
2664 811 2791 850 cum
2841 797 3064 852 dimidia
3132 809 3345 856 tantum
3394 820 3464 859 ex

1894 899 2047 958 parte
2073 885 2314 957 adeptivi
2362 886 2785 957 appellationem
2844 891 3130 944 obtineat:
3169 894 3240 945 ita
3277 902 3358 957 ut,
3417 897 3465 950 si

1895 980 2076 1049 aptius
2105 980 2249 1050 loqui
2297 982 2570 1044 volumus,
2616 981 2706 1036 ille
2735 982 2955 1051 quidem
2997 984 3271 1052 perfectus
3301 988 3465 1043 homo

1896 1069 2185 1140 adoptivus
2217 1071 2290 1126 sit
2320 1089 2334 1137 ;
2374 1070 2460 1124 hic
2489 1086 2618 1125 vero
2653 1073 3106 1143 semiadoptivus,
3155 1085 3341 1147 utpote
3369 1080 3464 1148 qui

1896 1163 2056 1216 tertia
2082 1162 2167 1216 sui
2201 1170 2354 1231 parte
2393 1177 2461 1216 ex
2520 1178 2712 1217 eorum
2766 1166 3033 1220 sententia
3100 1168 3316 1225 deﬁciat
3372 1173 3466 1241 qui

1897 1259 2004 1304 tam
2040 1253 2227 1308 multis
2271 1253 2611 1310 sectionibus
2655 1255 2931 1310 hominem
2965 1260 3019 1311 in
3055 1259 3292 1317 minutas
3327 1264 3470 1317 divi-

1897 1342 2032 1396 dunt
2065 1350 2268 1412 partes.
2299 1343 2466 1413 Atqui
2496 1345 2541 1400 si
2576 1345 2686 1400 Deo
2714 1363 2822 1401 non
2864 1353 3120 1405 convenit
3151 1353 3465 1424 adoptivum

1896 1435 2097 1492 habere.
2120 1436 2315 1503 filium,
2352 1439 2468 1507 pari
2510 1454 2740 1508 prorsus
2769 1442 2982 1498 ratione
3025 1453 3132 1496 tam
3187 1445 3255 1500 de
3289 1447 3468 1515 perfe-

1895 1539 1986 1583 cto
2019 1544 2184 1598 quam
2214 1528 2281 1583 de
2316 1529 2639 1599 imperfecto
2679 1529 2819 1584 idem
2852 1531 3087 1589 dicetur.
3130 1533 3274 1600 Quin
3304 1545 3357 1590 et
3411 1537 3466 1591 id

1895 1621 2070 1692 magis
2105 1623 2156 1675 in
2187 1622 2439 1675 mutilato
2483 1623 2786 1678 absurdum
2821 1640 2944 1679 esse
2988 1624 3416 1695 deprehenditur
3445 1647 3461 1695 ;

1898 1728 2023 1766 nam
2082 1712 2129 1767 si
2175 1713 2387 1784 integra
2461 1722 2624 1784 atque
2661 1714 2903 1784 perfecta
2955 1716 3195 1772 hominis
3248 1727 3463 1784 natura,

217 1817 311 1869 τοῦ
348 1815 560 1886 Πατρὸς
614 1814 774 1884 φύσιν
819 1813 1034 1876 οἰκείως
1086 1812 1222 1883 ἔχει,
1253 1812 1389 1866 ἀλλὰ
1428 1812 1530 1883 τῆς
1579 1815 1675 1882 μὲν
1697 1812 1792 1864 τοῦ

1903 1821 2021 1858 eum
2059 1805 2206 1858 circa
2259 1804 2601 1860 divinitatem
2639 1809 3047 1872 consideratur,
3085 1810 3190 1864 vile
3239 1811 3368 1880 quid
3408 1822 3465 1866 et

220 1910 432 1981 Πατρὸς
456 1908 662 1971 οὐσίας,
683 1906 884 1977 ὁμοίως
915 1905 1198 1977 ἄνθρωπος
1223 1905 1336 1977 (85)
1359 1946 1374 1971 ,
1403 1906 1497 1958 καὶ
1526 1904 1643 1966 ὅλος
1663 1944 1678 1969 ,
1702 1902 1795 1955 καὶ

219 1999 280 2053 τὸ
329 1998 493 2069 μέρος
541 1995 891 2067 κεχώρισται,
929 1994 1068 2048 κατὰ
1115 1994 1205 2048 τὸν
1241 1995 1342 2064 τῆς
1374 1993 1587 2063 φύσεως
1615 1992 1793 2060 λόγον,

220 2089 315 2143 καὶ
343 2089 624 2159 οὐθέτερον
655 2087 758 2141 τῶν
777 2086 832 2140 ἐν
853 2085 1143 2156 ὴμῖν,οῦτε
1165 2089 1194 2139 6
1226 2085 1370 2150 νοῦς,
1399 2085 1521 2138 οὔτε
1551 2084 1611 2138 τὸ
1638 2083 1797 2153 σῶμα

219 2183 358 2254 πρὸς
393 2182 490 2252 τὴν
528 2179 927 2251 ὑπερκειμένην
969 2179 1127 2248 φύσιν
1156 2177 1235 2249 τῷ
1281 2179 1424 2250 λόγῳ
1461 2180 1560 2249 τῆς
1611 2177 1798 2241 οὐσίας

220 2272 512 2342 ᾡκείωται.
553 2271 671 2325 Κᾶν
716 2271 963 2342 οὐράνιόν
1000 2288 1053 2323 τι
1090 2270 1291 2341 σαρκὸς
1334 2266 1472 2334 εἶδος
1511 2269 1799 2341 ἁναπλάσῃ

222 2366 352 2434 περὶ
376 2360 437 2414 τὸ
461 2363 616 2417 Θεῖον
641 2365 668 2416 6
699 2362 886 2434 μῦθος,
918 2363 1034 2416 οὐδὲ
1069 2363 1266 2434 μᾶλλον
1297 2362 1384 2416 διὰ
1422 2361 1581 2415 τοῦτο
1603 2360 1799 2432 ὁμοού-

225 2475 340 2511 σιον
387 2450 522 2508 εἶναι
567 2453 643 2525 τῷ
691 2455 809 2525 Θεῷ
843 2455 938 2508 καὶ
971 2455 1144 2526 Πατρὶ
1183 2454 1282 2526 τὴν
1321 2453 1500 2524 σάρκα
1531 2452 1743 2521 ἐκείνην
1771 2452 1799 2503 6

222 2547 601 2619 λελογισμένος
632 2545 975 2618 συνθήσεται.
1003 2547 1067 2600 Εἰ
1097 2547 1153 2599 δὲ
1175 2545 1530 2616 ἠλλοτρίωται
1562 2545 1660 2613 τῆς
1692 2559 1800 2594 πα-

223 2637 421 2708 τρικῆς
448 2637 635 2700 οὐσίας
663 2639 696 2708 ή
724 2637 878 2707 σὰρξ,
902 2636 1017 2698 πῶς
1043 2636 1108 2688 ἂν
1128 2636 1211 2708 εἴη
1250 2636 1376 2698 Υἱὸς
1401 2635 1462 2687 τὸ
1481 2634 1756 2703 ἀλλότριον
1781 2647 1796 2694 ;

239 2731 476 2800 ’Δνάγκη
507 2729 616 2801 γὰρ
647 2731 794 2782 πᾶσα
813 2728 924 2800 (86)
950 2727 1012 2780 τὸ
1043 2725 1256 2796 άληθῶς
1277 2727 1341 2778 ὲκ
1366 2725 1510 2789 τινὸς
1530 2724 1608 2785 ὃν,
1627 2726 1800 2776 ἐκεῖνο

225 2823 366 2876 κατὰ
388 2824 483 2895 τὴν
529 2823 715 2876 οὐσίαν
749 2815 886 2874 εἶναι
937 2821 1072 2890 ὅπερ
1104 2821 1132 2872 6
1171 2819 1436 2888 γεννήσας
1474 2818 1589 2870 ὲστί
1623 2835 1634 2846 ο
1666 2815 1800 2869 ἀλλὰ

230 2915 335 2987 μὴν
365 2917 395 2968 ὁ
441 2913 628 2985 Πατὴρ
671 2911 806 2982 σὰρξ
846 2912 947 2965 οὐκ
982 2911 1145 2964 ἐστιν.
1177 2909 1296 2963 Οὐδ’
1341 2909 1404 2962 ἂν
1444 2911 1472 2962 6
1504 2910 1562 2974 ἐξ
1594 2907 1799 2961 ἐκείνου

226 3009 443 3070 πάντως
478 3005 612 3076 σὰρξ
631 3007 712 3075 εἴη
735 3022 748 3035 ·
777 3005 836 3056 τὸ
861 3004 969 3075 γὰρ
1001 3003 1394 3073 γεγεννημένον
1421 3003 1485 3054 ὲκ
1514 3001 1606 3054 τοῦ
1642 2999 1802 3054 πνεύ-

1898 1899 1967 1952 ab
1992 1898 2248 1967 opinione
2269 1913 2431 1967 quam
2454 1900 2520 1954 de
2542 1898 2654 1955 Deo
2679 1902 2877 1956 habere
2903 1917 3005 1956 nos
3026 1903 3199 1966 decet,
3225 1905 3466 1960 alienum

1898 2000 2173 2053 censetur,
2207 1991 2380 2043 multo
2415 1992 2589 2062 magis
2637 2000 2796 2062 turpe
2845 1993 2949 2048 erit
3003 2010 3250 2049 mancam
3302 1997 3468 2051 mnti-

1899 2081 2118 2151 iamque
2161 2083 2218 2136 in
2270 2083 2459 2138 eodem
2513 2085 2712 2139 intueri
2761 2093 3036 2141 naturam.
3087 2087 3274 2157 Neque
3321 2089 3467 2143 enim

1899 2189 2048 2238 caro,
2077 2175 2224 2246 quod
2251 2184 2434 2230 mente
2461 2185 2666 2238 careat,
2714 2177 2924 2233 idcirco
2983 2181 3311 2249 peculiarem
3367 2182 3472 2236 ali-

1899 2282 2062 2338 quam
2103 2283 2226 2322 cum
2286 2267 2463 2323 Patris
2518 2283 2710 2323 natura
2771 2271 3230 2326 necessitudinem
3284 2274 3468 2338 habet,

1901 2360 1997 2418 sed
2027 2377 2057 2415 a
2089 2359 2269 2417 Patris
2316 2362 2536 2431 quidem
2597 2362 2903 2417 substantia
2942 2371 3053 2418 tam
3110 2374 3254 2420 totus
3308 2367 3471 2421 homo

1900 2469 2063 2524 quam
2104 2454 2224 2522 ejus
2265 2468 2417 2524 pars,
2452 2455 2668 2508 ratione
2701 2466 2910 2509 naturae
2933 2471 3088 2525 mque
3117 2457 3467 2522 discernitur,

1900 2551 1958 2598 ct
1987 2554 2237 2599 neutrum
2276 2559 2461 2598 eorum
2502 2560 2622 2614 quae
2651 2545 2811 2599 nobis
2843 2545 3052 2609 insunt,
3091 2545 3192 2600 hoc
3230 2553 3315 2601 est
3373 2561 3472 2602 ne-

1903 2651 2008 2706 que
2042 2652 2222 2703 mens,
2259 2652 2434 2706 neque
2467 2652 2704 2706 corpus,
2744 2637 2818 2689 illi
2860 2643 3069 2691 natura:
3103 2653 3227 2706 qua:
3278 2652 3471 2693 omnes

1903 2717 2168 2798 dignitate
2199 2737 2421 2798 superat
2451 2729 2775 2782 substantia:
2802 2729 3019 2782 ratione
3049 2731 3364 2785 conveniet.
3406 2729 3473 2783 Et

1903 2820 2152 2889 quamvis
2175 2820 2400 2874 caeleste
2432 2820 2707 2889 quoddam
2756 2821 2942 2875 carnis
2992 2835 3165 2889 genus
3197 2821 3472 2877 divinitati

1902 2909 2018 2964 haec
2068 2908 2252 2963 fabula
2313 2908 2554 2976 allizigat,
2613 2923 2721 2962 non
2763 2908 2886 2963 ideo
2943 2909 3473 2965 consubstantialem

1906 2998 2014 3054 Deo
2047 3013 2269 3054 carnem
2312 2999 2460 3052 illam
2501 3013 2623 3054 esse
2653 2999 2799 3055 ullus
2856 3014 3037 3055 rerum
3090 3015 3279 3070 aequus
3327 3001 3475 3056 aesti-

231 3116 418 3171 ματος,
457 3097 696 3167 πνεῦμα,
729 3098 820 3150 καὶ
846 3097 966 3166 οὐχὶ
1018 3095 1155 3168 σάρξ
1197 3091 1336 3148 εἶναι
1357 3095 1594 3163 λέγεται.
1620 3094 1683 3146 El
1710 3090 1800 3146 οὖν

1904 3103 2080 3147 mator
2110 3093 2388 3149 fatebitur.
2443 3093 2613 3148 Porro
2643 3096 2688 3149 si
2747 3109 2877 3149 caro
2909 3095 3084 3150 aliena
3119 3106 3201 3150 est
3233 3113 3262 3150 a
3294 3095 3473 3153 Patris

231 3191 306 3262 μὴ
337 3190 482 3243 ἔστιν
529 3191 590 3242 ἐκ
627 3187 720 3240 τοῦ
755 3188 964 3256 [Ιατρδς
990 3189 1023 3256 ἡ
1056 3186 1209 3258 σὰρξ,
1255 3186 1381 3248 Υἱὸς
1427 3186 1524 3238 οὐκ
1558 3185 1693 3238 ἐστι.
1737 3184 1800 3237 Τί

1905 3185 2250 3252 substantia,
2304 3185 2580 3255 quomodo
2634 3185 2804 3240 Filius
2851 3188 2957 3241 erit
3027 3188 3172 3258 quod
3233 3204 3262 3241 a
3311 3186 3474 3245 Patre

226 3279 319 3338 οῦν
358 3281 784 3351 ὀνομασθήσετλι
809 3296 823 3344 ;
853 3282 1026 3351 Ὅπερ
1054 3281 1160 3350 γὰρ
1196 3280 1260 3332 ἂν
1284 3281 1349 3348 τῇ
1374 3278 1597 3349 οὐρανίᾳ
1620 3277 1804 3349 ἐκείνῃ

226 3379 294 3447 τῇ
331 3373 755 3446 μυθοποιηθείσῃ
787 3372 933 3443 παρᾶ
959 3371 1053 3425 τοῦ
1076 3371 1412 3441 λογογράφου
1439 3370 1802 3440 ἐπινοήσωσιν

227 3466 432 3534 ὄνομα,
458 3463 615 3516 τοῦτο
652 3464 810 3532 ἡμεῖς
852 3464 916 3531 τῇ
955 3462 1011 3526 ἐξ
1067 3461 1368 3530 ἀνθρώπων
1422 3458 1804 3529 ἀναλειφθείσῃ

232 3557 397 3628 σαρκὶ
436 3555 575 3610 κατὰ
598 3555 658 3607 τὸ
681 3552 968 3606 ἀκόλουθον
994 3551 1342 3620 ἐπιθήσομεν,
1367 3551 1460 3602 καὶ
1487 3551 1622 3621 ὅπερ
1651 3549 1717 3603 ἂν
1745 3549 1804 3602 τὸ

228 3649 496 3720 ἡμέτερον
523 3647 851 3717 ὀνομάσωσι,
884 3643 961 3715 τῷ
990 3643 1139 3713 αὑτῴ
1171 3643 1393 3712 ὀνόματι
1420 3643 1637 3696 κάκεῖνο
1665 3641 1802 3712 κλη⁴

230 3739 473 3811 θήσεται.
501 3738 614 3789 Οὐκ
644 3736 788 3788 ἐστιν
819 3733 944 3796 Υἱὸς
976 3733 1036 3784 τὸ
1075 3733 1280 3802 γήϊνον,
1315 3731 1434 3782 οὐδὲ
1471 3733 1646 3782 ἐκεῖνο
1679 3731 1806 3783 πάν.

229 3849 358 3894 τως.
379 3829 540 3892 Θετὸς
574 3829 687 3890 υίὸς
717 3827 777 3881 τὸ
810 3827 1015 3896 γήϊνον,
1045 3822 1240 3878 οὐκοῦν
1259 3822 1653 3876 κὰκεῖνο.Υίῶν
1675 3822 1804 3885 δυὰς

230 3921 488 3982 ἐνταῦθα,
525 3921 682 3973 κάκεῖ
728 3919 962 3980 πάντως.
1001 3911 1094 3978 Εἷς
1128 3915 1251 3977 Υίδς
1295 3917 1352 3968 ἐν
1379 3913 1568 3982 ἐκείνῳ
1600 3915 1633 3983 ἡ
1668 3914 1805 3983 σὰρξ

230 4017 388 4086 καὶὴ
427 4014 636 4083 θεότης,
671 4010 826 4065 τοῦτο
873 4009 966 4062 καὶ
1013 4001 1136 4060 ὦδε.
1185 4005 1401 4075 Ἐπειδὴ
1448 4005 1554 4076 γὰρ
1604 4004 1804 4073 ὁμοίως

232 4106 506 4177 ἀφέστηκε
557 4103 658 4174 τῆς
694 4101 840 4164 θείας
884 4099 1069 4161 οὐσίας
1095 4101 1128 4168 ἡ
1180 4098 1354 4160 κτίσις
1407 4099 1575 4158 πᾶσα,
1605 4097 1665 4149 τὸ
1706 4097 1804 4166 μὲν

233 4197 340 4262 ἔξω
372 4192 511 4249 εἶναι
539 4195 637 4264 τῆς
666 4193 760 4246 τοῦ
794 4191 1004 4263 Πατρὸς
1033 4190 1264 4259 φύσεως,
1293 4189 1350 4242 τό
1374 4205 1432 4258 γε
1465 4189 1574 4259 (87)
1599 4189 1802 4259 γήῖνον,

234 4291 330 4342 καὶ
387 4289 636 4358 οὐράνιον
685 4287 878 4356 ἐπίσης
939 4282 1399 4354 συνωμολόγηται.
1441 4281 1699 4333 Λείπεται
1751 4279 1806 4333 δὲ

233 4381 371 4449 ὅπερ
399 4378 465 4430 ἂν
492 4376 568 4447 τῷ
589 4375 776 4444 σκοπῷ
799 4376 896 4445 τῆς
924 4372 1328 4444 φιλανθρωπίας
1364 4370 1652 4441 συμϐαίνῃ,
1686 4368 1808 4421 τοῦ·

232 4489 296 4526 το
353 4470 716 4540 εὐλογώτερον
762 4468 888 4538 περὶ
920 4469 1009 4518 τὸν
1044 4465 1172 4518 Θεὸν
1201 4464 1428 4517 οἴεσθαι.
1464 4464 1574 4531 (88)
1599 4463 1807 4531 Ὀνομα

233 4566 291 4620 δὲ
315 4563 463 4634 αὐτῷ
492 4563 640 4624 ἴδιον,
672 4561 1014 4631 ὲφευρίσκειν
1043 4559 1153 4630 (89)
1179 4557 1511 4629 μηδὲν,ἀλλὰ
1544 4556 1621 4626 τῷ
1651 4558 1804 4608 πλεο-

235 4654 451 4720 νάζοντι
479 4653 571 4708 καὶ
612 4651 997 4724 ἐπικρατοῦν-ιι
1029 4651 1139 4718 (90)
1184 4648 1660 4719 συνονομάζεσθαι.
1695 4648 1804 4716 (9i)

236 4747 502 4816 Καθάπερ
533 4746 625 4798 ἐπὶ
656 4744 750 4798 τοῦ
786 4743 1050 4810 πελάγους
1085 4743 1309 4811 γίνεται·
1341 4744 1388 4794 εἰ
1418 4741 1526 4812 γάρ
1555 4759 1635 4804 τις
1682 4758 1809 4793 στα-

236 4840 370 4911 γόνα
391 4838 546 4904 ὄξους
597 4837 830 4908 ἐπιϐάλῃ
865 4836 1119 4906 θαλάττῃ,
1144 4835 1235 4887 καὶ
1267 4837 1300 4904 ἡ
1338 4833 1548 4901 σταγὼν
1572 4833 1809 4886 θάλασσα

309 5017 424 5090 (82)
452 5014 615 5090 _Corr.
645 5015 762 5085 ἦτοι
788 5011 881 5082 τῷ.

336 5081 424 5156 85)
452 5087 527 5140 Ita
555 5081 724 5153 corr.;
757 5081 912 5156 antea
935 5081 1177 5156 τόλμαις.

333 5151 423 5222 84)
457 5160 612 5212 Corr.
645 5151 828 5224 είγὰρ
859 5151 1080 5222 αἰσχρόν
1106 5169 1160 5204 τι
1189 5151 1302 5204 καί.

334 5231 424 5294 85)
457 5229 614 5283 Corr.
643 5225 738 5278 ἄνθ
748 5241 942 5294 ρωπος.

311 5291 425 5370 (86)
457 5299 655 5370 Locum
689 5291 834 5370 hunc
876 5308 1047 5362 usque
1071 5293 1136 5346 ad
1173 5293 1260 5370 illa
1291 5293 1454 5348 verba
1501 5291 1811 5370 σὰρξηεζναι

240 5364 478 5441 λέγεται,
501 5372 555 5423 in
581 5367 892 5441 Panopliam
919 5364 1412 5441 adversus-hance“
1429 5380 1551 5441 cum
1576 5364 1698 5441 aliis
1720 5365 1812 5441 bu-

235 5433 330 5510 jus
359 5439 698 5494 antirrbetici
727 5437 1000 5510 excerptis
1025 5435 1209 5488 retulit
1239 5433 1560 5504 Euthymius
1589 5433 1811 5504 Zigabe-

242 5506 369 5574 nus,
402 5528 523 5579 pag.
551 5510 674 5572 5'26,
717 5521 858 5561 vers.
896 5506 1000 5572 Qui
1029 5520 1161 5559 vere.

315 5583 426 5652 (87)
459 5585 611 5654 Qorr.
642 5580 803 5654 161:5.
835 5648 847 5654 _
906 5648 919 5654 _
1023 5645 1063 5654 υ

316 5644 428 5722 (88)
463 5652 658 5707 Eadem
699 5648 1006 5722 fererhabet
1023 5645 1300 5722 Nyssenus
1320 5646 1386 5722 in
1420 5644 1572 5722 0_rat.
1603 5644 1678 5699 De
1704 5645 1814 5699 dei-

246 5717 356 5784 tate
408 5717 538 5778 Filii
589 5734 637 5779 et
692 5719 922 5789 Spiritus
968 5717 1028 5774 S.
1064 5726 1112 5772 et
1167 5717 1243 5773 De
1299 5717 1584 5780 Abraham,
1647 5733 1814 5787 prope

249 5797 429 5851 linem.

1910 3278 2150 3332 alienum
2185 3277 2315 3332 est?
2349 3275 2588 3332 Necesse
2621 3277 2764 3332 enim
2799 3293 3027 3347 prorsus
3074 3287 3158 3334 est
3205 3297 3327 3334 eum
3377 3280 3474 3351 qui

1859 3377 1868 3388 ’
1904 3383 2030 3422 vere
2061 3383 2128 3420 ex
2157 3366 2342 3436 aliquo
2377 3376 2482 3428 est,
2525 3381 2632 3420 non
2663 3365 2811 3420 aliud
2857 3368 3017 3436 plane
3062 3370 3362 3423 secundum
3389 3386 3476 3424 es-

1905 3461 2140 3515 sentiam
2173 3477 2297 3516 esse
2330 3477 2494 3530 quam
2525 3462 2670 3531 quod
2701 3471 2787 3516 est
2821 3462 3029 3531 illequi
3061 3463 3282 3533 genuit:
3321 3464 3474 3534 atqui

1903 3549 2068 3604 Pater
2096 3566 2226 3607 caro
2253 3568 2362 3606 non
2395 3563 2498 3607 est.
2537 3555 2708 3623 igitur
2744 3570 2920 3623 neque
2976 3555 3066 3609 ille
3121 3571 3350 3625 prorsus
3379 3558 3475 3626 qui

1903 3659 1968 3697 ex
2002 3644 2122 3714 ipso
2166 3652 2272 3708 est,
2309 3645 2413 3699 erit
2447 3661 2617 3709 caro;
2667 3646 2809 3715 quod
2841 3645 2988 3700 enim
3054 3658 3240 3702 natum
3279 3660 3362 3705 est
3406 3666 3476 3706 ex

1905 3735 2123 3804 spiritu,
2152 3736 2380 3804 spiritus
2415 3737 2626 3807 utique,
2661 3754 2768 3790 non
2806 3754 2938 3792 raro
2979 3755 3103 3794 esse
3136 3741 3358 3794 dicitur.
3417 3741 3477 3798 Si

1905 3829 2087 3897 itaque
2119 3842 2226 3881 non
2259 3838 2342 3882 est
2372 3845 2436 3882 cx
2483 3829 2640 3883 Patre
2671 3844 2824 3895 caro,
2878 3845 3056 3899 neque
3091 3831 3262 3885 Filius
3296 3833 3476 3901 profe-

1905 3930 1996 3974 cto
2020 3921 2126 3974 erit
2158 3937 2222 3975 ex
2255 3919 2435 3976 Patre.
2471 3920 2613 3986 Quid
2652 3923 2820 3992 igitur
2854 3937 2984 3977 caro
3015 3923 3107 3976 illa
3150 3925 3480 3980 vocabitur?

1905 4013 2041 4066 Nam
2090 4012 2471 4082 qualecunque
2525 4028 2724 4068 nomen
2786 4015 3029 4071 caelestis
3088 4016 3233 4071 illius
3290 4017 3477 4072 carnis

1904 4121 2066 4175 quam
2100 4105 2344 4160 fabulose
2377 4107 2527 4175 lingit
2554 4107 2812 4176 scriptor,
2867 4109 3324 4176 excogitaverint,
3390 4109 3478 4164 id-

1907 4199 2084 4268 ipsum
2122 4213 2222 4252 nos
2278 4199 2430 4252 carni
2492 4214 2558 4252 ex
2609 4199 2924 4253 hominibus
2977 4212 3294 4270 assumpta,
3342 4217 3477 4256 con-

1909 4296 2166 4358 gruenter
2223 4288 2587 4355 imponemus.
2643 4296 2695 4342 et
2743 4303 3074 4357 quocunque
3117 4291 3336 4346 nomine
3375 4305 3478 4344 no-

1910 4389 2079 4434 stram
2112 4378 2409 4440 vocabunt,
2439 4378 2628 4432 eodem
2673 4394 2902 4448 prorsus
2941 4389 2995 4434 et
3045 4379 3134 4434 illa
3168 4383 3479 4437 vocabitur.

1914 4472 2027 4524 Non
2062 4479 2147 4526 est
2175 4469 2348 4524 Filius
2375 4470 2520 4539 quod
2554 4477 2831 4524 terrenum
2861 4479 2966 4526 est.
2999 4470 3184 4544 Itaque
3216 4490 3316 4529 nec
3347 4475 3480 4530 illud

1914 4563 2136 4617 caeleste
2171 4561 2396 4616 omnino
2438 4559 2611 4616 Filius
2666 4562 2790 4616 erit.
2853 4563 3158 4634 Ad0ptivus
3189 4575 3274 4622 est
3336 4566 3482 4623 filius

1911 4652 2053 4722 quod
2101 4660 2375 4704 terrenum
2394 4659 2478 4706 est
2503 4668 2518 4713 ;
2550 4653 2794 4722 itaqueet
2814 4653 2946 4707 illud
2972 4655 3194 4711 cmleste
3219 4657 3343 4711 talis
3357 4658 3480 4712 erit.

1915 4743 2030 4798 Duo
2071 4743 2156 4796 hic
2196 4741 2330 4807 filii;
2376 4752 2430 4796 et
2461 4743 2578 4796 illic
2617 4759 2842 4814 quoque
2873 4745 2982 4800 dno
3023 4761 3249 4815 prorsus
3298 4759 3478 4802 erunt.

1918 4834 2073 4889 Unus
2102 4834 2157 4888 in
2187 4833 2280 4886 illo
2314 4834 2526 4889 cmlesti
2559 4834 2750 4902 Filius,
2778 4851 2907 4891 caro
2931 4845 2985 4890 et
3009 4837 3264 4893 divinitas
3290 4855 3305 4905 ;
3336 4836 3482 4893 istud

1983 5011 2094 5084 (89)
2129 5012 2288 5084 Qorr.
2327 5012 2670 5084 ὲφευρίσκον.

1985 5083 2094 5154 (790)
2128 5083 2284 5154 Qorr.
2319 5083 2698 5154 ἐπικρατοῦντί
2731 5101 2802 5135 τι.

1985 5151 2096 5224 (9|)
2129 5153 2279 5207 Hanc
2321 5151 2732 5208 similitudinem
2777 5153 2922 5224 faceti
2978 5162 3144 5224 gutta:
3205 5153 3342 5207 mari
3386 5155 3483 5210 im-

1916 5227 2118 5295 missze,
2143 5226 2226 5295 __in
2255 5225 2420 5277 simili
2490 5223 2945 5295 sensu,ﬂadhibet
3000 5223 3274 5295 Nyssenus
3317 5225 3390 5280 lib
3429 5243 3481 5279 ιν

1915 5294 2114 5349 Contra
2135 5293 2451 5348 Eunomium
2491 5302 2544 5348 et
2580 5295 2633 5347 in
2655 5294 2793 5347 libro
2821 5304 3004 5347 contra
3039 5293 3395 5362 Apollinarem
3411 5297 3481 5350 ad

1914 5363 2438 5435 Theopliil_mn.Vide
2452 5363 2728 5435 Petavium
2751 5366 2802 5416 in
2820 5362 3248 5435 Theulogicorum
3265 5367 3484 5434 dogma-

1917 5445 2022 5488 tum
2059 5433 2098 5488 t.
2124 5433 2212 5498 IV,
2245 5437 2445 5504 quiest
2489 5434 2560 5488 De
2603 5435 2986 5497 incarnatione,
3018 5433 3112 5488 lib.
3163 5451 3201 5495 t,
3236 5433 3359 5504 capi.
3394 5437 3481 5500 15,

1916 5522 2068 5560 num.
2101 5506 2154 5564 8.
2179 5514 2231 5558 et
2258 5505 2555 5573 praesertim
2588 5505 2678 5557 lib.
2713 5520 2768 5576 xi,
2795 5519 2914 5576 cap.
2939 5504 3153 5568 i,num.
3181 5504 3214 5558 6
3243 5513 3296 5558 et
3326 5522 3482 5576 seqq.

1917 5577 2006 5630 ubi
2033 5576 2334 5646 Nyssenum
2393 5576 2498 5646 (hoc
2547 5575 2794 5642 exemplo
2832 5574 3301 5646 Eutycliianorum
3338 5574 3486 5629 eri-n-

1916 5644 2091 5699 ribus
2118 5662 2224 5698 non
2278 5645 2572 5715 prmivisse,
2605 5645 2818 5698 erudite
2850 5644 3222 5708 detiionstrat;
3254 5644 3305 5698 id
3339 5647 3483 5715 quod

1923 5717 2108 5769 multis
2129 5726 2253 5768 ante
2279 5714 2552 5767 Pctavium
2581 5717 2796 5770 szeculis
2824 5717 3148 5774 Anastasius
3187 5714 3397 5772 Sinait’a
3427 5717 3484 5774 in

1926 5785 2129 5855 Hodegi
2164 5801 2284 5854 cap.
2320 5787 2385 5840 i5
2419 5785 2627 5842 erudite
2655 5785 2926 5856 praestitit.
