4020 6554
511 359 649 415 1295

1702 353 1758 409 S.
1793 352 2117 410 GREGORII
2155 352 2448 406 NYSSENI

3608 355 3752 409 ιεξι

510 490 562 534 et
591 482 645 534 in
676 492 890 533 terreno
927 477 1106 532 locum
1159 476 1340 531 habet.
1401 473 1537 530 Nam
1595 491 1718 529 cum
1755 484 1952 530 creata:
1985 461 2070 529 res

2183 475 2414 542 γίνεται,
2451 473 2991 544 συμμεταποιηθεῖσα
3043 474 3108 543 τῇ
3156 470 3418 536 θαλασσίᾳ.
3465 470 3753 538 ποιότητι,

511 572 779 625 universa:
837 584 867 621 a
924 568 1108 622 divina
1151 567 1456 622 substantia
1513 567 1801 636 wqualiter
1849 566 2073 626 distent.

511 662 632 716 ideo
665 677 696 714 a
728 659 907 714 Patris
938 668 1133 713 natura
1175 667 1285 712 tam
1318 660 1553 712 alienum
1613 673 1732 712 esse
1799 665 2072 712 terrenum

509 752 654 822 quod
694 759 801 815 est,
839 766 1001 820 quam
1036 749 1180 819 quod
1225 749 1447 803 cmleste
1498 747 1750 801 fatentur.
1816 746 2076 816 Superest

510 852 693 897 autem
726 851 784 894 ut
817 841 1081 911 quidquid
1115 838 1394 910 proposito
1429 837 1769 906 consilioque
1803 836 2076 890 beneﬁciis

511 935 764 989 homines
801 933 1068 986 alliciendi
1105 927 1381 1001 Congruit,
1422 929 1473 981 id
1515 943 1676 982 omne
1711 929 1920 997 potiore
1955 928 2078 995 jure

510 1031 579 1083 de
609 1028 718 1081 Deo
747 1028 1062 1096 opinemur.
1101 1023 1291 1077 Restat
1340 1036 1556 1091 quoque
1593 1029 1650 1072 ut
1705 1035 1828 1073 eum
1881 1035 2076 1073 nomen

509 1117 656 1188 quod
689 1119 735 1172 ei
769 1117 986 1186 proprie
1040 1115 1332 1169 conveniat
1368 1128 1475 1166 non
1540 1112 1864 1180 reperiatur,
1892 1127 1956 1165 ex
2012 1125 2078 1163 eo

509 1210 656 1280 quod
711 1210 766 1262 in
825 1209 945 1277 ipso
1007 1208 1214 1261 eminet
1252 1204 1622 1272 abundatque,
1659 1200 2079 1272 appelletur.Et

509 1301 969 1372 quemadmodum
1015 1299 1067 1350 in
1135 1299 1271 1351 mari
1328 1297 1528 1350 accidit
1585 1303 1637 1347 ut
1677 1296 1721 1349 si
1781 1295 1905 1363 quis
1937 1294 2077 1347 aceti

509 1401 716 1463 guttam
749 1391 801 1442 in
840 1389 972 1443 illud
1016 1389 1246 1456 injiciat,
1293 1396 1445 1455 gutta
1498 1381 1721 1456 quidem
1771 1385 1862 1438 illa
1930 1400 2080 1439 mare

510 1482 627 1546 ﬁat,
657 1483 712 1535 in
742 1495 895 1550 aqua:
937 1480 1159 1532 marinae
1190 1479 1508 1547 qualitatem
1562 1483 1960 1530 transmutata:
2006 1476 2079 1528 ita

511 1577 603 1645 qui
645 1572 703 1626 in
749 1586 916 1626 carne
969 1570 1281 1624 hominibus
1336 1568 1715 1622 manifestatus
1765 1574 1867 1629 est,
1919 1581 2081 1622 verus

516 1661 739 1728 quidem
786 1668 871 1715 est
924 1657 1098 1714 Filius
1150 1666 1205 1713 et
1242 1659 1552 1728 unigenitus
1602 1656 1782 1721 Deus,
1846 1657 2083 1725 itemque

512 1751 697 1805 lumen
750 1748 1156 1811 inaccessibile,
1193 1757 1247 1801 et
1302 1763 1396 1815 per
1425 1762 1483 1801 se
1539 1747 1709 1815 ipsam
1745 1746 1933 1798 vivens
1992 1761 2081 1797 sa-

2175 563 2347 627 οὖτως
2379 566 2406 616 6
2427 563 2670 633 ἀληθινὸς
2700 564 2822 625 Υἱὸς
2857 563 2949 617 καὶ
2983 564 3275 633 μονογενὴς
3295 560 3522 623 Θεὸς,τδ
3551 560 3755 630 ἀπρόσ-

2181 674 2287 710 ιτον
2316 656 2450 724 φῶς,
2477 655 2566 706 καὶ
2591 657 2625 724 ἠ
2659 654 2905 725 αὑτοζωὴ
2941 655 3096 723 σοφία
3120 671 3178 706 τε
3212 653 3301 704 καὶ
3334 652 3604 722 ἁγιασμῂ
3626 693 3640 714 ,
3659 653 3757 702 καὶ

2175 746 2423 817 δύναμις,
2462 751 2552 802 καὶ
2584 749 2689 801 πᾶν
2723 747 2923 816 ὑψηλὸν
2956 746 3124 816 ὄνομα
3151 766 3210 800 τε
3240 747 3332 801 καὶ
3362 743 3755 815 νόημα,ταῦτα

2176 838 2204 889 6
2231 837 2318 890 διὰ
2361 837 2560 909 σαρκὸς
2583 837 2915 908 φανερωθείς
2967 839 3080 898 τοῖς
3124 837 3426 908 ἀνθρώποις
3463 835 3600 889 ἐστί.
3641 834 3755 904 Τῆς

2176 928 2232 981 δὲ
2256 931 2453 999 σαρκὸς
2483 930 2616 1000 (92),
2648 932 2713 999 τῇ
2758 929 2862 999 ἰδίᾳ
2911 930 3070 996 φύσει
3127 929 3321 999 σαρκὸς
3350 929 3538 998 οὔσης,
3588 943 3757 996 μετα-

2178 1021 2495 1092 ποιηθείσης
2525 1022 2581 1074 δὲ
2613 1020 2747 1092 πρὸς
2777 1020 2836 1072 τὸ
2872 1020 2970 1090 τῆς
3009 1019 3315 1090 ἀφθαρσίας
3345 1021 3455 1091 (95)
3490 1018 3754 1085 πέλαγος,

2178 1113 2360 1176 καθώς
2389 1131 2551 1184 φησιν
2579 1115 2608 1166 6
2645 1112 2964 1174 Ἀπόστολος
2985 1153 2996 1172 ,
3029 1113 3109 1164 ὅτι
3141 1111 3425 1180 Κατεπόθη
3454 1111 3515 1163 τὸ
3561 1109 3758 1179 θνητδν

2179 1205 2283 1257 ὑπὸ
2319 1205 2416 1277 τῆς
2463 1205 2643 1274 ζωῆς,
2679 1203 3097 1273 συμμετεϐλήθη
3132 1203 3225 1256 καὶ
3269 1203 3447 1255 πάντα
3490 1201 3562 1254 τὰ
3614 1201 3758 1254 κατᾶ

2177 1296 2276 1367 τὴν
2323 1297 2498 1366 σάρκα
2539 1296 2660 1347 τότε
2708 1295 3006 1365 φαινόμενα
3071 1296 3204 1365 πρὸς
3249 1295 3345 1364 τὴν
3381 1294 3530 1346 θείαν
3574 1311 3635 1345 τε
3663 1294 3760 1346 καὶ

2179 1391 2453 1460 ἀκήρατον
2474 1388 2634 1456 φύσιν
2665 1405 2679 1418 ·
2713 1390 2772 1439 οὐ
2811 1387 3104 1460 βάρος,οίικ
3132 1385 3289 1450 εἶδος.
3326 1385 3386 1438 οὐ
3417 1386 3632 1456 χρῶμα,
3657 1387 3760 1438 οὐκ

2180 1475 2489 1538 ἀντιτυπία,
2521 1476 2581 1527 οὐ
2611 1475 2938 1545 μαλακότης,
2967 1475 3063 1544 οὐχ
3153 1474 3292 1527 κατὰ
3316 1474 3376 1527 τὸ
3406 1474 3573 1526 ποσὸν
3605 1491 3762 1544 περι-

2181 1567 2388 1637 γραφὴ,
2424 1568 2524 1620 οὐκ
2569 1567 2697 1620 ἄλλο
2740 1585 2795 1619 τι
2848 1568 2952 1620 τῶν
3001 1568 3121 1620 τότε
3155 1565 3576 1636 καθορωμένων,
3605 1565 3764 1618 οὐδὲν

2183 1657 2520 1727 παραμένει,
2550 1659 2648 1728 τῆς
2695 1658 2828 1728 πρὸς
2864 1659 2926 1710 τὸ
2959 1658 3111 1709 Θείον
3162 1657 3515 1726 ἀνακράσεως
3570 1656 3653 1718 εἰς
3696 1657 3766 1710 τὰ

2183 1746 2339 1800 θεῖκὰ
2371 1748 2631 1818 ἰδιώματα
2673 1749 2733 1801 τὸ
2763 1749 3012 1801 ταπεινὸν
3049 1747 3147 1816 τῆς
3198 1746 3506 1818 σαρκώδους
3541 1748 3767 1815 φύσεως

511 1839 743 1909 pientia,
773 1846 826 1891 et
849 1837 1235 1899 sanctiﬁcatio,
1273 1844 1327 1888 et
1359 1835 1557 1894 virtus,
1584 1844 1638 1888 et
1665 1833 1926 1903 quidquid
1951 1833 2078 1888 sub-

2183 1837 2572 1908 ἀναλαϐούσης.
2621 1839 2731 1908 (94)
2762 1839 2924 1890 ’Ὥστε
2979 1838 3220 1900 κίνδυνός
3265 1838 3413 1890 ἐστιν
3465 1837 3645 1901 οὐδεὶς
3687 1841 3767 1901 εἰς

513 1929 640 1983 lime
667 1928 773 1982 dici
811 1936 904 1981 aut
927 1926 1160 1997 cogitari
1190 1933 1385 1996 potest.
1414 1926 1483 1977 At
1506 1940 1688 1985 carne,
1719 1940 1838 1993 quae
1863 1924 2079 1993 prepria

514 2028 710 2074 natura
773 2034 902 2073 caro
961 2027 1068 2081 est,
1137 2017 1192 2070 in
1256 2016 1795 2085 incorruptibilitatis
1859 2017 2080 2084 pelagus

513 2120 903 2172 transmutata,
937 2109 1398 2179 quemadmodum
1434 2107 1510 2160 ait
1545 2108 1838 2175 Apostolus
1862 2108 1926 2171 η,
1971 2107 2081 2160 Ab-

513 2213 761 2273 sorptum
797 2205 968 2256 fuisse
995 2200 1141 2272 quod
1183 2199 1408 2254 mortale
1432 2209 1516 2254 est
1545 2215 1577 2252 a
1607 2201 1737 2263 vita,
1783 2214 1888 2252 una
1919 2199 2080 2254 etiam

513 2311 640 2350 cum
671 2299 786 2364 ipsa
817 2311 982 2348 carne
1046 2300 1244 2346 cuncta
1302 2307 1423 2360 qua:
1484 2292 1784 2346 secundum
1837 2290 2083 2346 eamdem

513 2402 740 2442 carnem
773 2397 905 2441 tunc
935 2392 1329 2454 apparuerunt,
1363 2384 1418 2436 in
1463 2383 1700 2436 divinam
1758 2390 1812 2437 et
1861 2382 2083 2435 immor-

513 2479 679 2532 talem
712 2483 965 2530 naturam
989 2481 1319 2530 commutata
1357 2482 1522 2536 sunt;
1552 2487 1658 2525 non
1689 2471 1925 2542 pondus,
1975 2487 2082 2526 non

515 2569 711 2631 forma,
757 2582 866 2620 non
897 2565 1066 2627 color,
1134 2580 1242 2618 non
1293 2563 1606 2624 renitentia,
1648 2578 1755 2614 non
1806 2561 2080 2622 mollities,

515 2675 624 2714 non
647 2673 925 2730 corporea:
953 2657 1276 2727 quantitatis
1304 2655 1765 2722 circumscriptio,
1795 2669 1903 2706 non
1934 2655 2082 2707 aliud

513 2749 794 2819 quidpiam
824 2763 1012 2802 eorum
1041 2762 1162 2816 quae
1194 2755 1322 2800 tunc
1353 2747 1408 2798 in
1435 2746 1554 2815 ipso
1582 2745 2081 2814 conspiciebantur,

512 2839 850 2911 permansit;
879 2838 1260 2893 commistione
1293 2837 1502 2890 scilicet
1529 2851 1647 2904 quae
1707 2850 1830 2888 cum
1881 2835 2079 2888 divini-

514 2938 629 2986 tate
654 2930 793 2985 facta
830 2928 955 2993 fuit,
989 2944 1206 2985 carnea:
1231 2936 1441 2983 natura).
1473 2928 1828 2980 humilitatem
1871 2927 1923 2979 in
1960 2941 2085 2996 pro-

515 3026 811 3096 prietatum
845 3023 1156 3079 divinarum
1213 3022 1550 3080 consortium
1598 3031 1929 3078 assumenle.
1975 3020 2084 3075 Ita-

515 3133 623 3189 que
652 3117 861 3170 nttllum
894 3115 1055 3170 nobis
1086 3115 1387 3185 periculum
1435 3120 1542 3177 est,
1578 3129 1644 3166 ne
1689 3113 1742 3166 in
1792 3121 2082 3180 quaterna-

513 3212 654 3262 rium
693 3224 982 3262 numerum
1024 3206 1311 3262 Trinitatis
1363 3208 1680 3277 mysterium
1736 3206 2080 3268 extendatur,

516 3313 575 3354 ιιι
613 3300 951 3368 Apollinaris
984 3299 1080 3365 ait,
1114 3314 1291 3369 neque
1337 3299 1558 3368 angelos
1594 3299 1646 3350 in
1684 3297 1919 3352 hominis
1968 3312 2084 3351 ser-

513 3393 742 3445 vitutem
775 3391 1091 3460 redigimus,
1136 3397 1195 3442 ut
1226 3391 1277 3442 in
1313 3403 1410 3443 sua
1445 3387 1708 3441 adversus
1741 3405 1842 3442 nos
1902 3389 2081 3442 fabula

514 3483 730 3536 asserit.
765 3480 883 3535 Non
920 3482 1064 3536 enim
1099 3480 1304 3534 homini
1330 3479 1576 3532 serviunt
1600 3478 1691 3546 qui
1726 3477 1954 3533 Domino
1995 3496 2078 3534 se-

514 3573 664 3642 ipsos
699 3573 987 3634 inclinant,
1026 3587 1204 3641 neque
1227 3587 1348 3625 eum
1373 3571 1603 3624 adorare
1628 3571 1959 3626 erubescunt
1987 3574 2078 3643 qui

513 3678 684 3716 carne
716 3675 968 3732 suscepta
1001 3665 1052 3716 in
1087 3665 1188 3716 hoc
1225 3662 1430 3716 mundo
1476 3670 1726 3718 versatus
1761 3674 1864 3719 est.
1948 3665 2080 3721 Nam

512 3771 628 3807 cum
665 3755 951 3809 introducit
983 3756 1409 3825 primogenitum,
1435 3755 1629 3824 inquit,
1671 3757 1726 3808 in
1773 3760 1947 3813 orbem
1982 3771 2082 3814 ter-

510 3861 611 3914 “.2,
639 3847 814 3900 dicit:
854 3847 924 3900 Et
974 3850 1193 3904 adorent
1248 3865 1364 3901 eum
1418 3863 1594 3901 omnes
1659 3850 1831 3917 angeli
1879 3851 1990 3920 ejus
2019 3853 2078 3908 ¹².

2180 1931 2410 2001 τετράδα
2442 1933 2572 2000 ἡμῖν
2619 1931 2706 1982 τὸν
2738 1931 2836 2000 τῆς
2877 1929 3100 2000 Τριὰδος
3150 1929 3302 1997 λόγον
3354 1928 3760 1992 πλατύνεσθαι,

2182 2021 2366 2084 καθὼς
2407 2025 2435 2074 6
2480 2021 2848 2093 Ἀπολινάριος
2881 2023 3048 2089 λέγει,
3080 2021 3198 2074 οὐδὲ
3234 2021 3359 2082 τοὺς
3390 2019 3659 2088 ἀγγέλους

2183 2110 2453 2180 ἀνθρώπῳ
2493 2109 2973 2180 δουλαγωγοῦμεν,
3001 2112 3075 2173 ὡς
3118 2112 3147 2162 6
3175 2110 3382 2162 ἐκείνου
3421 2109 3591 2179 μῦθος
3640 2109 3764 2161 καθ’

2183 2202 2337 2270 ἡμῶν
2364 2201 2532 2270 λέγει.
2565 2203 2636 2254 Οὐ
2667 2204 2774 2272 γὰρ
2812 2201 3082 2272 ἀνθρώπῳ
3114 2198 3454 2253 δουλεύουσιν
3477 2201 3528 2251 οἰ
3554 2198 3631 2270 τῷ
3664 2203 3766 2250 Δε-

2187 2293 2358 2363 σπότῃ
2388 2295 2611 2356 ἑαυτοὺς
2635 2294 2745 2365 (95)
2785 2293 3186 2354 ὑποκύπτοντες
3204 2333 3218 2354 ,
3247 2291 3364 2344 οὐδὲ
3410 2290 3769 2360 ἐπαισχύνον-

2183 2401 2270 2438 ται
2295 2383 2721 2455 προσκυνοῦντες
2759 2384 2836 2455 τῷ
2869 2384 2955 2437 διὰ
2984 2383 3185 2454 σαρκὸς
3216 2386 3281 2454 τῇ
3312 2381 3607 2452 οἰκουμένῃ
3641 2384 3768 2432 επι-

2182 2478 2244 2547 δη
2256 2482 2325 2548 μή
2334 2493 2500 2530 σαντιο
2535 2476 2670 2548 [96])
2681 2479 2812 2530 Ὅτε
2833 2479 2935 2547 γὰρ
2947 2475 3230 2544 εἰσαγάγῃ
3246 2476 3352 2527 τὸν
3362 2473 3764 2541 πρωτότοκον,

2184 2571 2366 2640 φησιν,
2399 2573 2483 2634 εις
2514 2569 2628 2636 τὴν
2654 2568 3034 2638 οἰκουμένην,
3063 2567 3253 2637 λέγει,
3282 2565 3386 2620 Καὶ
3415 2579 3767 2631 προσκυνη-

2182 2661 2465 2714 σάτωσαν
2485 2661 2642 2726 αὐτῷ
2659 2660 2880 2726 πάντες
2903 2659 3142 2729 ἄγγελοι
3177 2658 3287 2725 (97)
3312 2640 3538 2722 αὐτοῦ).
3557 2655 3675 2709 Μία
3705 2654 3767 2707 δὲ

2184 2753 2384 2814 εἴσοδος
2403 2753 2494 2804 ἐπὶ
2524 2754 2622 2824 τὴν
2653 2757 2668 2810 (
2676 2752 2765 2818 98)
2784 2751 3178 2822 οἰκουμένην,ὴ
3207 2749 3293 2801 διὰ
3322 2748 3413 2800 τοῦ
3439 2751 3598 2799 τόκου
3621 2747 3763 2806 ἐστὶ,

2185 2843 2277 2896 καὶ
2335 2845 2436 2896 οὐκ
2477 2844 2620 2896 ἔστιν
2657 2843 2856 2915 ἑτέρως
2911 2844 3059 2904 ἐντὸς
3110 2840 3203 2893 τοῦ
3241 2840 3352 2910 βίου
3399 2839 3508 2891 τῶν
3547 2836 3764 2908 ἀνθρώ-

2186 2953 2300 2989 πων
2337 2935 2606 3002 γενέσθαι,
2643 2935 2716 3006 μὴ
2743 2935 2849 3004 (99)
2871 2933 3042 3006 ταύτῃ
3061 2936 3125 3003 τῇ
3168 2932 3354 3002 εἰσόδῳ
3392 2930 3761 3001 χρησάμενον.

2185 3027 2392 3080 Οὐκοῦν
2420 3027 2518 3097 τὴν
2548 3027 2634 3080 διὰ
2669 3027 2868 3098 σαρκὸς
2898 3025 3061 3079 αὐτοῦ
3085 3025 3293 3093 γένεσιν
3324 3022 3524 3075 εἴσοδον
3558 3023 3641 3083 εἰς
3663 3021 3766 3088 τὴν

2185 3119 2508 3189 οἰκουμένην
2543 3118 2796 3188 ὀνομάζει
2837 3119 2865 3170 6
2895 3117 3068 3184 λόγος.
3116 3119 3175 3169 Εἰ
3204 3113 3294 3170 οῦν
3325 3115 3617 3169 εἰσελθόντι
3661 3115 3764 3167 αὐ-

2188 3211 2264 3280 τῷ
2294 3212 2370 3281 (Ι)
2399 3213 2476 3273 εἰς
2518 3211 2613 3279 τὴν
2657 3209 2978 3280 οἰκουμένην
3033 3209 3232 3272 πάντες
3271 3207 3668 3279 προσκυνοῦσιν
3710 3206 3764 3259 οἱ

2189 3303 2433 3371 ἄγγελοι,
2468 3305 2499 3372 ὴ
2541 3303 2596 3354 δὲ
2642 3301 2842 3364 εἰσοδος
2884 3301 2970 3354 διὰ
3019 3302 3216 3370 σαρκός
3256 3301 3330 3370 (9.)
3360 3301 3472 3352 ἐστι
3522 3299 3762 3367 γένεσις,

2187 3398 2283 3465 οὐχ
2313 3398 2471 3465 ἡμεῖς
2508 3393 2958 3464 δουλαγωγοῦμεν
2988 3393 3065 3463 τῷ
3102 3393 3344 3463 Δεσπότῃ
3373 3392 3433 3443 τὸ
3456 3391 3584 3444 ῖδιον
3621 3389 3762 3458 κτῆ-

2190 3505 2293 3560 μα·
2324 3487 2440 3540 ἀλλ’
2477 3487 2613 3556 αὑτὴ
2641 3485 2747 3538 τῶν
2776 3487 3023 3554 ἀγγέλων
3057 3488 3089 3555 ὴ
3129 3486 3286 3554 φύσις
3312 3485 3410 3537 οὐκ
3447 3485 3637 3552 ἀγνοεῖ
3662 3483 3762 3551 τὴν

2187 3577 2587 3646 ὑπερκειμένην
2634 3576 2832 3645 ἑαυτῆς
2869 3575 3183 3629 δεσποτείαν
3215 3577 3312 3645 (ὅ).
3353 3575 3514 3625 Ὥστε
3551 3572 3761 3640 σιγάτω

2191 3669 2463 3741 προτιθεὶς
2497 3670 2572 3735 (i)
2609 3670 2790 3720 ἐκεῖνα
2843 3667 2922 3736 τῷ
2966 3667 3109 3737 λόγῳ
3153 3667 3220 3719 τὰ
3273 3666 3506 3736 μάταια,
3538 3662 3608 3716 τὰ
3648 3661 3760 3714 ἄνω

2194 3762 2452 3833 ποιοῦμεν
2511 3762 2685 3820 κάτω,
2728 3759 3017 3830 θεοφόρους
3067 3759 3328 3827 ἀγγέλους
3384 3755 3627 3826 θεοφόρῳ
3664 3753 3764 3807 ἁν-

2192 3855 2393 3927 θρώπῳ
2425 3851 2892 3912 καταδουλοῦντες.

512 3939 681 3994 Porro
717 3955 912 4010 printer
965 3953 1180 4011 partum
1227 3943 1375 3995 nulla
1431 3958 1661 4012 prorsus
1716 3941 1883 3998 estin
1945 3943 2084 3998 hanc
2121 3946 2285 4001 vitam
2363 3945 2700 4015 ingrediendi
2770 3947 2928 4005 ratio.
2981 3956 3083 3996 nec
3138 3949 3317 4010 potest
3371 3938 3643 4008 quispiam
3701 3934 3760 3986 in

511 4032 795 4086 hominum
830 4033 937 4088 vita
969 4032 1320 4095 commorari,
1359 4032 1466 4085 nisi
1503 4033 1604 4086 bac
1659 4033 1742 4085 via
1793 4032 1955 4087 fuerit
1994 4035 2294 4105 ingressus.
2333 4035 2399 4088 Et
2440 4037 2566 4091 hinc
2595 4046 2674 4089 est
2740 4037 2886 4106 quod
2956 4035 3076 4104 ejus
3126 4035 3180 4087 in
3252 4047 3418 4085 carne
3493 4030 3760 4083 nativita-

513 4132 618 4177 tem
651 4123 957 4193 ingressum
993 4125 1046 4177 in
1073 4126 1334 4177 nutndum
1366 4123 1649 4194 Scriptura
1688 4135 1986 4194 nuncupat.
2040 4127 2094 4180 Si
2134 4128 2300 4199 igitur
2360 4131 2534 4199 ipsum
2575 4131 2628 4182 in
2675 4130 2862 4182 orbem
2906 4141 3174 4181 terrarum
3227 4126 3532 4195 ingressum
3576 4117 3762 4191 angeli

511 4226 702 4268 omnes
737 4214 992 4279 adorant,
1025 4229 1088 4268 ac
1114 4215 1236 4285 ejus
1269 4216 1550 4284 ingressus
1584 4216 1699 4283 ipsa
1734 4226 1818 4271 est
1868 4218 1922 4270 in
1953 4233 2117 4274 carne
2154 4221 2430 4285 nativitas,
2460 4239 2568 4277 non
2602 4239 2665 4277 ea
2697 4239 2822 4291 quae
2864 4220 3074 4274 Domini
3110 4219 3223 4288 jam
3285 4217 3424 4287 juris
3454 4225 3583 4270 sunt
3654 4228 3761 4269 nos

513 4302 742 4359 Domino
767 4305 1128 4374 subjicimus;
1179 4307 1272 4361 sed
1333 4309 1451 4377 ipsa
1508 4309 1824 4376 angelorum
1877 4318 2073 4362 natura
2144 4327 2299 4366 suam
2372 4313 2602 4369 Domino
2653 4313 3049 4382 subjectionem
3099 4326 3207 4364 non
3269 4310 3505 4379 ignorat.
3567 4305 3760 4374 Itaque

512 4397 668 4449 sileat
693 4395 782 4450 ille
811 4397 902 4464 qui
968 4404 1170 4450 temere
1204 4411 1267 4450 ac
1305 4399 1541 4451 inaniter
1593 4400 1790 4453 asserit
1847 4415 1949 4455 nos
1999 4416 2060 4453 ea
2134 4420 2254 4473 quae
2322 4421 2542 4462 sursum
2591 4413 2721 4461 sunt
2751 4405 3010 4460 deorsum
3060 4411 3294 4468 vertere,
3330 4401 3457 4454 dum
3513 4396 3758 4453 deiferos

513 4486 738 4557 angelos
766 4484 976 4539 homini
1005 4487 1215 4541 deifero
1243 4490 1639 4558 mancipantus.

585 4598 767 4656 XLIII.
807 4600 904 4656 His
933 4605 1098 4657 etiam
1129 4604 1362 4674 scriptor
1383 4605 1532 4659 addit
1560 4625 1571 4658 :
1600 4605 1659 4660 Si
1689 4607 1778 4660 ille
1799 4609 1887 4676 qui
1917 4606 2078 4660 Deum

2254 4609 2372 4660 Ἔτι
2405 4609 2541 4678 πρὸς
2569 4607 2776 4670 τούτοις
2813 4604 2975 4677 φησιν
2996 4622 3011 4636 ·
3046 4605 3113 4656 Εἰ
3147 4606 3180 4656 ό
3209 4603 3356 4656 Θεὸν
3393 4601 3755 4671 δεξάμενος,

511 4694 753 4762 suscipit,
811 4693 955 4747 Deus
993 4711 1143 4748 verus
1181 4705 1280 4760 est,
1336 4698 1490 4749 multi
1537 4715 1568 4750 ιι
1597 4699 1712 4766 ique
1759 4699 1835 4750 dii
1884 4709 2074 4760 essent,

511 4785 760 4852 quoniam
807 4783 960 4836 multi
998 4783 1162 4837 Deum
1192 4786 1501 4851 suscipiunt.
1543 4786 1651 4841 Nos
1689 4804 1815 4841 vero
1851 4789 1979 4857 quid
2014 4789 2078 4841 ad

511 4876 659 4930 hate?
689 4874 844 4940 Quod
888 4874 1106 4945 quidem
1148 4875 1289 4928 Deus
1323 4887 1435 4928 erat
1481 4877 1535 4929 in
1566 4874 1795 4942 Christo,
1829 4881 2080 4933 mundum

2188 4700 2329 4764 Θεός
2357 4698 2528 4752 ἐστιν
2552 4698 2855 4766 ἀληθινὸς,
2881 4695 3094 4750 πολλοὶ
3120 4695 3196 4748 ἂν
3218 4691 3339 4747 εἶεν
3369 4695 3510 4758 θεοὶ,
3543 4696 3756 4764 ἐπειδὴ

2185 4788 2399 4840 πολλοί
2428 4787 2698 4854 δέχονται
2732 4790 2836 4840 τὸν
2878 4789 3043 4840 Θεόν.
3077 4786 3140 4838 Τί
3173 4782 3263 4838 οὖν
3299 4787 3389 4837 καὶ
3424 4786 3556 4855 πρὸς
3598 4785 3758 4840 τοῦτο

2185 4879 2376 4947 ἡμεῖς
2416 4879 2534 4930 Ὅτι
2578 4878 2678 4947 μὲν
2734 4879 2787 4928 '0
2823 4880 2966 4942 Θεὸς
2998 4876 3078 4945 ἧν
3124 4877 3192 4928 ἐν
3229 4875 3486 4943 Χριστῷ,
3524 4879 3757 4947 κόσμον

591 5056 626 5086 ¹¹
667 5055 706 5110 ll
744 5056 868 5109 Cor.
925 5072 975 5116 v,
1013 5055 1063 5108 4.
1170 5057 1210 5088 ¹²
1254 5054 1413 5110 Hebr.
1477 5073 1512 5116 ι,
1569 5059 1622 5109 6.

545 5209 690 5333 fit?)
735 5210 811 5263 Ita
880 5227 1026 5264 corr.
1079 5211 1372 5279 antiquus;
1433 5220 1628 5274 antea,
1683 5211 1883 5281 σαρκός
1938 5212 2053 5264 ἐστι

545 5297 575 5333 η
624 5295 669 5332 ο.

520 5295 575 5332 ετ]
607 5295 669 5332 ιο.

543 5297 577 5352 ῃ
607 5297 669 5333 ιο.

581 5349 690 5420 (93)
719 5349 874 5420 Corr.
909 5350 1006 5418 τῆς
1036 5348 1346 5411 ἀθανασίας.

578 5421 688 5489 (94)
724 5419 898 5474 Locus
926 5434 1022 5473 iste
1054 5423 1311 5490 usquead
1355 5421 1509 5472 ﬁnem
1554 5421 1715 5487 hujus
1748 5437 1866 5490 cap.
1895 5421 2073 5476 editus

508 5500 592 5559 est
629 5491 679 5542 in
709 5500 853 5542 tomo
891 5493 902 5542 Ι
957 5506 1180 5558 operum
1218 5489 1604 5559 Nysseni,pag.
1657 5491 1782 5555 879,
1816 5489 2070 5559 ιιιιιιιιιιιιιι

511 5558 867 5631 fragmentum
901 5561 1018 5613 libri
1066 5558 1350 5628 cujusdam
1385 5564 1647 5616 adversus
1680 5558 2068 5631 Apollinarem.

584 5630 694 5697 (9ἓὶ)
738 5629 892 5682 Edita
927 5631 1151 5683 ἑαυτῶν.

561 5699 691 5798 ι(96)
724 5699 845 5755 llaec
876 5718 1046 5770 usque
1075 5703 1139 5754 ad
1165 5701 1328 5754 alium
1365 5700 1766 5756 semicirculum
1795 5703 1991 5758 desunt
2019 5704 2071 5755 in

510 5780 690 5820 ριιιιις.

2250 5211 2359 5276 (97)
2386 5212 2538 5266 Corr.
2569 5214 2616 5264 οἰ
2646 5214 2886 5280 ἄγγελοι.

2253 5282 2361 5350 (93)
2392 5283 2528 5334 Corr
2578 5285 2655 5344 εἰς
2684 5286 2802 5351 τήν.

2252 5352 2570 5436 (99)]ῦι1ἰιιι
2625 5355 2772 5416 ἐντὸς
2805 5354 2898 5406 τοῦ
2955 5356 3069 5424 βίου
3122 5357 3368 5425 γενέσθαι
3417 5357 3508 5410 τὸν
3536 5357 3744 5429 ἄνθρω-

2182 5441 2300 5481 πον,
2333 5441 2427 5481 μη.

2251 5440 2494 5560 (Nam.
2524 5493 2853 5556 εἰσελθόντος
2884 5496 3066 5551 αὐτοῦ.

2251 5563 2325 5628 (‘2)
2360 5563 2499 5634 hiem.
2528 5565 2557 5632 ἡ
2585 5564 2670 5616 διὰ
2703 5566 2920 5634 σαρκός.

2251 5634 2325 5710 (ἦ)
2537 5633 2933 5710 ὑπερκειμένην
2964 5639 3109 5710 αὐτῷ
3137 5639 3472 5698 δεσποτείαν.

2251 5704 2328 5774 (4)
2359 5705 2496 5756 Edit.
2529 5704 2839 5775 προστιθείς
