4020 6498
232 405 375 464 £9.25

1388 418 1758 476 ADVEDSUS
1806 422 2319 477 APOLLI‘NAREM.

3350 430 3484 486 ίῗξϐ

230 520 424 587 ἐαθτῷ
443 525 905 589 καταλλάσσων,
937 527 1116 593 ἱκανὸς
1137 529 1215 593 είς
1247 534 1548 604 μαρτυρίαν
1571 537 1600 588 ὁ
1632 536 1804 605 μέγας

1910 538 2258 591 reconcilians
2294 535 2481 597 sibi",
2526 537 2690 590 testis
2736 535 2966 590 idoneus
3015 552 3075 588 ne.
3118 538 3358 608 locuples
3402 551 3486 596 est

233 610 466 677 Παῦλος.
502 615 564 666 El
593 614 648 667 δὲ
673 616 760 669 διὰ
788 619 944 673 τοῦτο
977 622 1145 676 οἴεται
1179 625 1206 676 ὸ
1232 627 1566 696 λογογράφος
1606 629 1808 700 πλῆθος

231 703 372 759 θεῶν
401 707 531 776 παρ’
574 707 730 779 ἡμῶν
777 710 1159 781 ἐπεισάγεσθαι
1196 715 1272 786 τῷ
1323 717 1659 788 κηρύγματι,
1730 722 1810 774 ὅτι

230 795 600 868 ὁμολογοῦμεν
632 799 690 850 ὲν
729 801 949 872 Χριστῷ
993 805 1083 858 τὸν
1117 806 1249 860 Θεὸν
1295 809 1470 879 ἐαυτῷ
1503 811 1580 880 (5)
1607 812 1810 865 καταλ-

229 886 451 940 λάσσειν
496 889 586 942 τὸν
625 890 850 962 κόσμον,
893 894 968 958 ὼς
1002 897 1094 950 καὶ
1126 899 1184 950 ἐν
1228 899 1534 971 ἀνθρώποις
1555 902 1648 955 τοῦ
1674 902 1808 956 Θεοῦ

228 980 539 1050 γινομένου,
586 983 757 1038 ταῦτα
803 988 1217 1061 ἀπολογούμεθα
1241 991 1338 1062 (6)-’
1367 994 1430 1047 Et
1471 995 1662 1048 πολλαὶ
1703 1014 1809 1068 μη-

230 1073 388 1144 τέρες
418 1073 698 1146 παρθένοι,
737 1079 831 1132 καὶ
881 1081 1020 1152 πρὸς
1058 1082 1258 1146 πολλὰς
1285 1085 1316 1153 ἡ
1341 1087 1698 1155 μυσταγωγία
1714 1087 1807 1140 τοῦ

232 1165 496 1238 Γαϐριὴλ,
544 1169 638 1221 καὶ
667 1170 804 1240 πρὸς
831 1172 1071 1243 ἑκάστην
1105 1175 1139 1243 ἠ
1175 1173 1269 1227 τού
1304 1175 1457 1244 ἁγίου
1493 1176 1810 1247 Πνεύματος

227 1257 530 1323 ἐπέλευσις,
577 1261 671 1314 καὶ
714 1263 747 1332 ἡ
800 1267 895 1334 τῆς
931 1263 1024 1318 τοῦ
1064 1265 1316 1336 Ὑψίστου
1350 1268 1631 1339 δυνάμεως
1669 1287 1808 1340 παρ-

226 1349 414 1402 ουσία·
475 1351 570 1404 ita).
613 1355 660 1405 εί
707 1355 835 1426 περὶ
893 1355 968 1425 (7)
1015 1356 1222 1410 πολλῶν
1275 1360 1322 1411 οί
1367 1361 1638 1430 προφῆται
1709 1362 1808 1433 τὴν

229 1443 389 1512 χάριν
423 1443 806 1513 κηρύσσουσιν,
842 1446 982 1501 ὥστε
1023 1450 1398 1521 πληθυντικῶς
1432 1452 1630 1520 λέγειν,
1667 1456 1806 1508 Παι-

228 1531 314 1584 δία
341 1533 708 1605 ἐγεννήθησαν
753 1537 885 1606 ἡμῖν
912 1538 987 1609 (8)
1019 1539 1038 1610 (
1055 1540 1146 1594 καὶ
1186 1541 1290 1595 uio)
1319 1541 1578 1612 ἐδόθησαν
1620 1545 1804 1614 ἡμῖν),

230 1623 323 1676 καὶ
349 1625 414 1676 Ai
449 1625 706 1696 παρθένοι
736 1630 792 1681 ὲν
822 1632 1020 1702 γαστρὶ
1042 1631 1323 1703 λήψονται,
1352 1633 1446 1687 καὶ
1473 1633 1540 1687 τὰ
1566 1635 1807 1706 ὀνόματα

226 1717 337 1769 τῶν
366 1718 667 1787 τεχθέντων
714 1722 932 1775 πάντων
979 1725 1324 1796 Ἐμμανουήλ
1357 1729 1536 1779 ἐστιν·
1586 1729 1634 1780 εί
1666 1729 1805 1782 πάν-

175 1800 184 1807 ’
224 1823 320 1869 τες
357 1807 494 1878 πεζῇ
525 1808 633 1861 τῶν
667 1813 924 1880 κυμάτων
953 1814 1334 1868 ὲπιὸατεύουσι
1354 1858 1368 1881 ,
1404 1817 1499 1869 καὶ
1529 1819 1592 1886 τῇ
1622 1819 1798 1888 ἀφρά-

1914 643 2147 694 magnus
2177 627 2399 682 Paulus.
2437 628 2495 681 Si
2528 642 2657 681 vero
2694 629 2928 696 scriptor
2968 637 3216 683 autumat
3257 629 3484 685 deorum

1911 721 2316 776 multitudinem
2353 728 2636 789 pr0pterea
2682 733 2711 772 a
2759 721 2916 774 nobis
2947 720 3150 787 induci,
3179 723 3325 792 quod
3368 739 3483 794 prn-

1910 812 2128 868 ﬁtemur
2151 813 2319 869 Deum
2345 814 2450 869 sibi
2485 814 2537 867 in
2559 813 2784 868 Christo
2816 813 3076 867 mundum
3110 818 3481 880 reconciliare,

1909 901 2066 968 quasi
2099 903 2287 956 multis
2318 917 2442 956 cum
2486 903 2800 956 hominibus
2837 916 2897 957 se
2927 901 3068 958 Deus
3101 905 3480 977 coniungeret,

1908 991 2280 1047 defensionem
2338 1002 2580 1048 nostram
2645 995 2718 1046 ita
2771 994 3112 1049 instituimus
3152 995 3250 1050 :Si
3304 1000 3486 1052 multa:

1911 1091 2114 1138 matres
2149 1085 2312 1138 simul
2340 1100 2405 1139 ac
2443 1085 2682 1154 virgines
2712 1086 2882 1150 fuere,
2918 1087 2963 1141 si
3009 1087 3197 1142 multis
3236 1088 3484 1143 mulieri-

1908 1173 2012 1228 bus
2059 1175 2256 1229 divime
2304 1175 2704 1232 incarnationis
2761 1182 3081 1247 mysterium
3118 1178 3338 1234 Gabriel
3389 1194 3486 1232 an-

1909 1266 2182 1321 nuntiavit
2220 1282 2521 1336 earumque
2566 1269 2798 1335 singulis
2833 1267 3072 1337 Spiritus
3115 1281 3342 1325 sanctus
3393 1286 3485 1324 su-

1909 1361 2152 1428 pervenit
2190 1365 2245 1414 et
2281 1369 2484 1430 przesto
2525 1359 2629 1414 fuit
2664 1360 2934 1416 Altissimi
2959 1364 3174 1423 virtus;
3207 1375 3477 1432 praeterea

1905 1450 1954 1502 si
1978 1449 2030 1502 in
2066 1451 2269 1503 multos
2297 1451 2548 1506 homines
2587 1459 2793 1505 tantam
2833 1465 2863 1504 a
2904 1450 3014 1505 Deo
3045 1452 3274 1520 gratiam
3311 1453 3482 1506 colla-

1908 1550 2016 1592 tam
2060 1540 2232 1595 fuisse
2280 1541 2556 1610 pr0phetze
2599 1542 2895 1612 praedicant
2934 1552 2991 1595 ut
3036 1541 3092 1595 in
3139 1544 3333 1612 plurali
3380 1561 3484 1597 nuo

1909 1647 2058 1685 mero
2087 1632 2293 1694 dicant,
2342 1631 2562 1686 Parvuli
2603 1633 2718 1686 nati
2749 1643 2877 1686 sunt
2909 1633 3090 1698 nobis,
3127 1634 3212 1703 (et
3243 1633 3333 1688 ﬁlii
3367 1635 3480 1689 dati

1905 1732 2036 1776 sunt
2065 1724 2222 1777 nobis
2249 1725 2352 1789 “);
2385 1723 2720 1794 el,Yirgines
2762 1725 2817 1778 in
2852 1732 3009 1779 utero
3053 1725 3363 1796 concipient
3400 1727 3478 1794 ¹⁵;

1908 1823 1961 1869 et
1978 1815 2235 1869 omnibus
2263 1830 2402 1884 quos
2431 1817 2741 1885 pepererint
2765 1831 2961 1870 nomen
2993 1816 3098 1870 erit
3125 1815 3476 1882 Emmanuel;

230 1916 341 1968 στῳ
384 1900 607 1971 δυνάμει
670 1902 768 1966 τὰς
809 1904 1078 1968 τοσαύτας
1133 1907 1372 1977 χιλιάδας
1420 1908 1507 1961 ἐπ’
1570 1910 1804 1979 ἐρημίας

1907 1907 1951 1959 si
1987 1921 2178 1960 omnes
2201 1906 2432 1974 pedibus
2475 1923 2638 1976 super
2673 1907 2849 1962 undas
2877 1906 3156 1970 incedunt,
3187 1915 3241 1962 et
3285 1909 3475 1963 ineffa-

227 1991 537 2061 τρέφουσιν,
574 1991 823 2058 αὔξοντες
853 1993 930 2064 τῷ
963 1997 1107 2065 κόρῳ
1136 1997 1227 2048 τὸν
1265 1999 1448 2066 ἄρτον,
1478 1996 1568 2049 τὸν
1599 1999 1656 2049 ἐν
1684 2001 1804 2061 ταῖς

228 2082 384 2152 χερσὶ
423 2083 533 2135 τῶν
586 2085 842 2154 μαθητῶν
889 2087 1329 2158 γεωργούμενον·
1387 2091 1433 2141 εί
1479 2091 1674 2152 πάντες
1718 2107 1804 2142 νεμ-

227 2174 397 2243 κροὺς
442 2175 846 2246 τετραημέρους
889 2177 952 2229 ἐκ
995 2178 1102 2230 τῶν
1148 2181 1418 2248 χωμάτων
1464 2182 1801 2252 ἐγείρουσιν·

227 2268 278 2318 εί
317 2268 518 2329 πάντες
553 2268 713 2337 ἀμνοὶ
741 2268 835 2321 τοῦ
880 2269 1014 2322 Θεοῦ
1055 2271 1322 2338 γίνονται,
1354 2274 1446 2326 καὶ
1475 2275 1615 2346 ὑπὲρ
1649 2275 1804 2345 ἡμῶν

225 2357 418 2428 ¹Πάσχα
479 2357 722 2422 θύονται,
774 2361 867 2413 καὶ
916 2360 994 2431 τῷ
1045 2363 1263 2434 σταυρῷ
1311 2365 1643 2437 προσηλοῦσι
1707 2367 1804 2438 τὴν

229 2451 522 2521 ἁμαρτίαν,
571 2452 664 2504 καὶ
706 2451 1031 2505 καταλύουσι
1079 2452 1172 2506 τοῦ
1212 2455 1441 2509 θανάτου
1470 2457 1530 2508 τὸ
1571 2458 1802 2528 κράτος,

231 2545 323 2594 καὶ
368 2545 448 2604 είς
487 2543 798 2614 ὀφθαλμοὺς
829 2544 903 2614 (9)
950 2546 1059 2600 τῶν
1109 2547 1365 2617 μαθητῶν
1415 2551 1498 2613 εἰς
1543 2551 1805 2621 οὐρανοὺς

231 2635 618 2706 ἀνατρέχουσι,
665 2637 760 2689 καὶ
806 2639 862 2689 ἐν
902 2637 1048 2708 δεξιᾷ
1075 2638 1166 2690 τοῦ
1207 2638 1418 2710 Πατρδς
1456 2640 1801 2704 καθέζονταιο

233 2727 280 2777 εί
309 2726 503 2790 πάντες
529 2727 833 2780 ἐλεύσονται
858 2731 1037 2798 κρῖναι
1067 2729 1160 2800 τὴν
1180 2732 1500 2803 οἰκουμένην
1523 2735 1579 2786 ὲν
1597 2733 1804 2786 δικαιο-

229 2817 396 2892 σύνῃ,
431 2819 525 2872 καὶ
563 2821 620 2872 ὲν
648 2821 873 2886 ὀνόματι
923 2822 1138 2874 πάντων
1165 2824 1198 2892 ή
1228 2822 1334 2874 τῶν
1373 2824 1708 2894 ἐπουρανίων
1745 2842 1802 2876 τε

230 2910 322 2963 καὶ
369 2910 644 2980 ἐπιγείων,
688 2912 781 2966 καὶ
831 2913 1196 2982 καταχθονίων
1225 2914 1445 2981 γλῶσσα
1473 2915 1806 2985 ἐξομολογεῖ-

223 3020 338 3067 ται,
366 3002 608 3074 δώσομεν
631 3004 690 3057 τὸ
712 3005 939 3068 πολλοὺς
959 3001 1098 3057 εἶναι
1120 3005 1294 3069 θεοὺς,
1327 3006 1483 3080 εἴπερ
1510 3009 1566 3059 ἐν
1594 3007 1804 3070 τούτοις

228 3093 336 3148 εἷεν
369 3097 418 3148 οἱ
465 3095 650 3149 πολλοὶ
697 3100 809 3160 τοῖς
857 3097 1248 3170 γνωρίσμασιν.
1286 3101 1346 3152 Ei
1397 3099 1453 3152 δὲ
1488 3093 1566 3162 εἷς
1603 3100 1801 3170 Κύριος

239 3185 462 3257 Ἰησοῦς,
514 3187 582 3240 δι’
626 3182 686 3242 οὗ
713 3187 781 3241 τὰ
827 3190 1037 3253 πάντα,
1079 3190 1172 3243 καὶ
1217 3190 1316 3255 Ἐξ
1354 3191 1560 3252 αὐτοῦ,
1599 3192 1695 3244 καὶ
1729 3191 1802 3244 δι’

219 3279 444 3345 αὐτοῦ,
475 3281 572 3334 καὶ
603 3283 691 3347 εις
721 3282 914 3335 αὑτὸν
947 3282 1017 3336 τὰ
1064 3281 1292 3347 πάντα,
1338 3283 1434 3336 καὶ
1471 3283 1598 3354 περὶ
1646 3284 1803 3354 μόνον

225 3370 389 3424 αὑτὸν
421 3372 455 3440 ἡ
501 3370 723 3439 τοιαύτη
775 3372 884 3425 τῶν
929 3372 1244 3442 θεοπρεπῶν
1287 3374 1573 3444 νοημάτων
1604 3374 1804 3446 ἀπαρί-

227 3459 463 3530 θμησις,
513 3459 594 3523 τίς
635 3459 876 3524 κίνδυνος
911 3460 1136 3524 πολλοὺς
1168 3461 1577 3533 ἀνα-πλασθῆναι
1613 3462 1799 3525 θεοὺς,

213 3551 302 3605 ’ὅτ’
340 3549 406 3603 ἂν
451 3549 731 3619 λέγωμεν,
764 3549 897 3603 Θεὸν
944 3550 1031 3604 διὰ
1066 3553 1266 3622 σαρκὸς
1298 3552 1540 3623 ἔμψυχον
1569 3569 1802 3617 πεφανε-

228 3639 475 3712 ρῶσθαι;
510 3640 630 3692 Ὀτι
675 3639 782 3709 γὰρ
819 3639 1102 3710 ἄνθρωπος
1129 3641 1191 3693 τὸ
1221 3641 1543 3712 φαινόμενον
1588 3637 1676 3712 ἦν,
1722 3642 1805 3704 τίς

217 3729 400 3795 οὕτως
448 3731 556 3782 τῶν
607 3731 977 3799 εύαγγελικῶν
1023 3731 1367 3801 διδαγμάτων
1419 3732 1680 3801 ἀνήκοος,
1727 3733 1804 3795 ὼς

223 3824 440 3891 ἀγνοεῖν
474 3823 534 3876 τὸ
566 3824 696 3894 παρ’
735 3823 900 3877 αὑτοῦ
929 3823 1021 3876 τοῦ
1054 3824 1305 3894 Σωτῆρος
1337 3824 1473 3894 πρὸς
1507 3826 1633 3887 τοὺς
1674 3826 1804 3878 ’1ου-

221 3919 408 3982 δαίους
439 3918 746 3990 λεγόμενον·
778 3919 927 3973 Νυνὶ
967 3918 1034 3972 δὲ
1081 3917 1298 3987 ζητεῖτέ
1339 3936 1416 3988 με
1459 3918 1804 3972 ἀποκτεῖναι

218 4007 572 4075 Δνθρωπον,
626 4008 694 4075 ὃς
753 4010 865 4076 τὴν
910 4009 1202 4076 ἀλήθειαν
1256 4009 1400 4078 ὑμῖν
1457 4009 1804 4077 λελάληκα;

239 4099 403 4171 Ὁρᾷς
437 4091 626 4170 (10)ἐν
658 4103 767 4164 τοῖς
809 4101 1138 4171 λεγομένοις,
1169 4101 1220 4152 τί
1254 4101 1313 4154 τὸ
1355 4102 1804 4171 ἀποκτεινόμενον

212 4193 362 4253 -ὂλως
386 4192 497 4264 (ll)
525 4195 820 4258 ὑπέδειξεν,
857 4192 1044 4251 εἰπὼν.
1075 4193 1311 4261 Ζιητεῖτέ
1337 4211 1413 4262 με
1437 4193 1801 4258 ἀποκτεῖναι,

221 4284 290 4338 οὐ
320 4285 418 4356 τὴν
444 4285 720 4355 ἀλήθειαν,
753 4286 887 4338 ἀλλὰ
916 4286 1021 4338 τὸν
1046 4284 1378 4354 ἄνθρωπον,
1419 4285 1488 4338 δι’
1517 4280 1577 4339 οὗ
1607 4285 1804 4354 ἐφθέγ-

226 4392 356 4444 γετο
388 4379 419 4446 ἡ
459 4377 719 4447 ἀλήθειας
763 4378 834 4430 Ού
881 4377 986 4448 γὰρ
1017 4377 1306 4448 ἄνθρωπος
1333 4374 1398 4449 ἦν
1435 4379 1463 4430 ὁ
1489 4377 1662 4430 λαλῶν
1693 4378 1805 4445 (12)

225 4468 324 4540 τὴν
369 4469 652 4538 ἀλήθειαν·
687 4467 821 4522 ἀλλὰ
867 4469 1125 4539 δηλονότι,
1155 4472 1182 4522 ὁ
1223 4470 1322 4540 μὲν
1359 4469 1534 4522 λαλῶν
1559 4471 1690 4533 Θεὸς
1714 4467 1802 4542 ἦν,

1907 1998 1999 2051 bili
2028 2004 2296 2066 potestate
2337 2007 2416 2050 tot
2457 2007 2718 2068 tantaque
2763 1999 3045 2052 hominum
3092 2000 3260 2052 millia
3297 2000 3348 2054 in
3385 2002 3480 2054 de-

1905 2097 2054 2143 serto
2083 2090 2350 2150 nutriunt.
2379 2089 2654 2145 edentium
2691 2091 2940 2145 satietate
2967 2107 3160 2160 panem
3195 2103 3478 2160 augentes,

1908 2181 1960 2233 in
2002 2181 2399 2250 discipulorum
2455 2183 2730 2244 manibus,
2783 2181 2947 2236 veluti
2978 2183 3311 2253 agricultura
3342 2199 3482 2253 qua-.-

1907 2271 2030 2324 dam
2074 2272 2538 2342 multiplicatum;
2590 2273 2636 2327 si
2679 2289 2871 2328 omnes
2901 2273 3302 2342 quatriduanos
3335 2290 3481 2328 mor—

1907 2371 2032 2416 tuos
2059 2377 2089 2417 e
2123 2364 2347 2418 tumulis
2375 2365 2655 2428 excitant;
2691 2363 2735 2417 si
2766 2380 2955 2420 omnes
2979 2364 3070 2419 Dei
3098 2367 3220 2435 agni
3260 2365 3394 2419 fiunt
3426 2379 3481 2421 et

1907 2470 2006 2524 pro
2029 2456 2188 2509 nobis
2212 2454 2423 2511 Pascha
2454 2456 2738 2510 immolant
2768 2465 2823 2510 et
2850 2455 3075 2525 aliigunt
3103 2461 3254 2512 cruci
3289 2474 3482 2528 pecea-

1908 2555 2020 2599 tum
2076 2554 2130 2601 et
2179 2549 2372 2602 mortis
2417 2548 2710 2616 potentiam
2757 2546 3050 2601 destruunt
3102 2559 3156 2602 et
3197 2548 3482 2619 discipulis

1906 2636 2284 2704 spectantibus
2312 2639 2482 2692 caelos
2518 2646 2766 2706 repetunt
2802 2649 2856 2692 et
2885 2640 2952 2696 ad
2991 2639 3169 2696 Patris
3196 2641 3476 2700 dexteram

1906 2726 2136 2795 sedent;
2199 2728 2244 2782 si
2302 2744 2494 2783 omnes
2541 2730 2758 2784 venturi
2810 2741 2937 2784 sunt
2985 2731 3236 2798 judicare
3289 2733 3476 2786 orbem

1908 2827 2176 2872 terrarum
2224 2821 2278 2890 in
2305 2820 2542 2888 justitia,
2571 2828 2625 2875 et
2676 2822 2730 2875 in
2773 2821 3018 2875 omnium
3064 2822 3286 2877 nomine
3312 2825 3479 2876 σαλίο-

1907 2909 2096 2973 stium,
2135 2911 2476 2964 terrestrium
2499 2918 2553 2964 et
2588 2911 2927 2965 infernarum
2953 2911 3136 2982 lingua
3160 2912 3475 2972 confitetur,

1905 3009 2035 3052 tunc
2070 3003 2254 3068 utique
2298 3001 2551 3056 dabimus
2583 3003 2786 3058 multos
2835 3019 2957 3058 esse
2994 3004 3148 3071 deos,
3193 3005 3237 3060 si
3280 3005 3479 3060 multos

1911 3090 2220 3157 huiusmodi
2246 3108 2366 3145 esse
2401 3091 2562 3146 modo
2591 3094 2772 3148 allatis
2802 3094 3017 3150 indiciis
3041 3095 3476 3166 dignosceretur.

1910 3185 1975 3234 At
2019 3199 2144 3236 vero
2205 3183 2250 3237 si
2306 3199 2449 3239 unus
2503 3194 2585 3240 est
2629 3183 2892 3242 Dominus
2941 3185 3122 3252 Jesus,
3171 3205 3264 3258 per
3316 3203 3477 3258 quem

1905 3277 2107 3338 omnia,
2157 3287 2210 3330 et
2257 3291 2322 3330 ex
2358 3276 2506 3345 ipso,
2545 3284 2593 3330 et
2631 3292 2720 3344 per
2758 3278 2960 3348 ipsum,
3001 3287 3047 3331 et
3085 3279 3138 3332 in
3188 3280 3299 3350 ipso
3351 3287 3479 3344 sunt

1903 3366 2076 3428 omnia
2110 3369 2175 3429 ",
2209 3377 2261 3422 et
2289 3373 2343 3422 in
2389 3369 2506 3438 ipso
2551 3376 2762 3424 tantum
2796 3370 3113 3439 hujusmodi
3150 3371 3351 3427 indicia
3391 3383 3477 3425 at-

1904 3473 2013 3533 que
2063 3460 2298 3530 insignia
2352 3459 2657 3515 divinitatis
2706 3476 3035 3516 enumerare
3092 3461 3237 3525 licet,
3280 3463 3477 3533 ecquid

1907 3553 2132 3621 periculi
2171 3563 2255 3607 est
2293 3569 2362 3607 ne
2411 3553 2594 3622 plures
2629 3553 2762 3608 deos
2806 3554 3308 3620 comminiscnmur,
3351 3570 3478 3610 cum

1904 3643 2142 3699 dicimus
2166 3642 2335 3699 Deum
2356 3645 2594 3698 humana
2618 3645 2902 3713 pueditum
2931 3645 3114 3699 anima
3136 3660 3231 3717 per
3255 3661 3476 3704 carnem

1905 3735 2314 3791 manifestatum
2366 3735 2581 3790 fuisse?
2613 3734 2770 3800 Quod
2813 3736 2959 3790 enim
2995 3735 3046 3790 id
3089 3736 3233 3806 quod
3268 3739 3479 3807 conspi-

1905 3829 2174 3887 ciebatur.
2225 3829 2387 3882 homo
2431 3836 2614 3888 esset.
2659 3827 2783 3897 quis
2843 3828 3170 3897 evangelica:
3217 3827 3479 3884 doctrina:

1905 3935 2082 3990 usque
2125 3921 2261 3974 adeo
2315 3920 2542 3990 ignarus
2591 3927 2678 3972 est
2730 3927 2786 3972 ut
2846 3919 3058 3973 nesciat
3115 3920 3324 3975 dictum
3374 3921 3477 3974 hoc

1906 4011 2077 4079 ipsius
2123 4010 2425 4064 Salvatoris
2466 4010 2638 4064 nostri
2695 4010 2760 4063 ad
2795 4009 3012 4070 Judaeos
3046 4028 3060 4065 :
3098 4009 3255 4064 Nunc
3299 4022 3476 4065 autem

1904 4101 2138 4167 qumritis
2170 4117 2251 4153 me
2273 4100 2568 4162 interﬁcere
2594 4099 2876 4165 hominem,
2906 4102 2996 4170 qui
3026 4102 3296 4156 veritatem
3329 4101 3474 4161 vobis

1905 4192 2111 4246 locutus
2152 4207 2268 4244 sum
2295 4190 2370 4243 ’τί
2400 4188 2592 4246 Viden‘
2626 4190 2679 4244 in
2722 4191 2805 4245 his
2850 4190 3055 4246 Christi
3087 4192 3269 4249 verbis
3315 4193 3477 4263 quid-

1905 4300 2029 4338 nam
2075 4284 2318 4338 occisum
2367 4282 2550 4345 fuerit,
2603 4284 2894 4338 manifeste
2942 4285 3265 4355 significari,
3341 4286 3467 4346 dum

1906 4376 2002 4438 ait,
2033 4375 2286 4442 Quwritis
2317 4391 2397 4428 me
2429 4374 2682 4437 occidere,
2735 4390 2843 4429 non
2885 4378 3190 4440 veritatem,
3246 4377 3345 4433 sed
3382 4379 3478 4432 lio-

1907 4469 2093 4521 minem
2136 4483 2230 4537 per
2261 4482 2422 4537 quem
2455 4467 2657 4522 veritas
2707 4466 3066 4536 loquebatur?
3095 4467 3283 4539 Neque
3325 4471 3474 4526 enim

224 4563 254 4613 ὁ
299 4560 357 4612 δὲ
408 4559 692 4633 ἄνθρωπος
737 4561 1018 4631 ὲμεσίτευε
1064 4561 1197 4631 πρὸς
1230 4561 1356 4622 τοὺς
1382 4560 1699 4632 ἀνθρώπους
1735 4565 1801 4634 τῇ

1909 4561 2090 4623 ὴοιιιο,
2135 4561 2227 4615 sed
2269 4560 2410 4614 Deus
2442 4558 2689 4630 profecto
2719 4569 2858 4620 erat.
2896 4563 2988 4631 qui
3031 4563 3356 4632 loquebatur
3382 4581 3477 4619 ve-

229 4649 335 4719 ίδίᾳ
364 4652 513 4720 φωνῇ
565 4649 625 4701 τὸ
670 4649 979 4720 λεγόμενον.
1027 4652 1104 4702 Δι’
1151 4650 1179 4702 ὂ
1213 4651 1306 4702 καὶ
1355 4653 1579 4722 μεσίτης
1611 4652 1804 4721 γέγονε

211 4741 362 4794 -Θεοὺ
398 4741 510 4811 (13)
579 4741 672 4796 καὶ
701 4742 1020 4812 ἀνθρώπων,
1050 4743 1125 4804 ὡς
1154 4743 1213 4796 ού
1240 4743 1540 4814 δυναμένης
1578 4745 1676 4815 τῆς
1715 4746 1804 4799 ἀν-

226 4832 505 4904 θρωπίνης
551 4833 662 4904 (14)
719 4835 932 4904 φύσεως
976 4835 1197 4906 ἀκράτῳ
1247 4835 1543 4906 προσμίξαι
1592 4839 1657 4907 τῇ
1709 4836 1801 4890 τοῦ

212 4926 361 4980 ιΘεοῦ
412 4927 699 4999 συνουσίᾳ,
750 4930 844 4982 καὶ
891 4929 979 4983 διὰ
1004 4927 1160 4981 τοῦτο
1189 4927 1448 4998 δεομένης
1479 4930 1578 4997 τῆς
1611 4947 1804 4998 συγγε-

227 5020 352 5083 νοῦς
377 5021 513 5092 αὐτῇ
550 5021 644 5074 καὶ
675 5022 815 5075 κατὰ
844 5021 1003 5091 φύσιν
1025 5023 1228 5092 φωνῆς,
1254 5021 1320 5073 δι’
1351 5014 1418 5090 ἧς
1445 5021 1590 5084 εἰκὸς
1619 5023 1803 5093 χωρεῖ·

227 5109 352 5163 σθαι
381 5109 479 5182 τὴν
514 5109 717 5164 ἄνωθεν
757 5110 1002 5179 δύναμιν.
1053 5107 1454 5162 Καταλειπτέον
1488 5107 1580 5158 καὶ
1612 5105 1800 5170 τοῦτο,

217 5203 364 5273 πρὸς
395 5202 451 5256 δὲ
476 5203 536 5256 τὸ
563 5204 760 5274 ἐφεξῆς
793 5201 1053 5273 τρεπτέον
1091 5199 1182 5253 τὸν
1221 5199 1394 5268 λόγον.
1437 5197 1646 5263 Οὐδὲν,
1699 5215 1801 5268 φη-

1907 4656 2150 4720 ritatem;
2207 4654 2372 4708 homo
2434 4669 2565 4709 vero
2621 4655 2840 4726 pr0pria
2891 4656 3062 4724 ipsius
3126 4673 3258 4712 voce
3312 4657 3476 4726 hujus

1907 4748 2173 4803 sermonis
2221 4746 2360 4816 apud
2406 4746 2656 4803 homines
2701 4748 3051 4818 interpretem
3111 4757 3274 4818 atque
3320 4750 3479 4803 inter-

1905 4837 2154 4890 nuntium
2205 4837 2438 4908 agebat:
2476 4846 2810 4908 quapropter
2856 4838 3122 4892 mediator
3171 4853 3266 4892 seu
3315 4837 3479 4891 inter-

1905 4945 2031 5000 pres
2067 4928 2162 4983 Dei
2204 4929 2597 4999 hominumque
2636 4927 2816 4984 factus
2844 4935 2948 4992 est,
2984 4929 3185 4999 quippe
3226 4928 3480 4983 humanm

1907 5029 2118 5074 natura:
2147 5019 2216 5074 ad
2268 5034 2407 5090 pura
2445 5035 2569 5074 cum
2615 5019 2726 5074 Deo
2757 5019 3024 5089 colloquia
3072 5018 3156 5074 fas
3209 5035 3316 5074 non
3359 5028 3476 5076 erat

1907 5111 2184 5178 accedere,
2212 5126 2277 5166 ac
2308 5111 2536 5182 proinde
2563 5109 2706 5166 aﬂini
2731 5127 2796 5166 ac
2824 5111 3068 5180 ejusdem
3101 5113 3318 5183 generis
3341 5127 3476 5167 voce

1905 5201 2206 5272 indigebat,
2235 5201 2397 5273 cujus
2433 5215 2535 5271 ope
2557 5215 2806 5272 superna:
2839 5201 3060 5256 virtutis
3094 5216 3260 5256 sensa
3290 5211 3478 5272 posset

302 5363 409 5420 “ll
443 5364 567 5420 Cor.
596 5382 648 5431 ν,
690 5364 772 5418 l9.
855 5365 896 5396 “
928 5363 1032 5417 lsa.
1065 5381 1138 5425 Ix,
1175 5362 1226 5416 6.
1305 5362 1346 5392 "
1379 5359 1476 5416 lsa.
1511 5375 1605 5425 vn,
1641 5358 1724 5413 l4.

1906 5363 2033 5415 tom.
2068 5377 2144 5424 ιι,
2180 5360 2269 5415 56.
2349 5362 2390 5392 ¹⁷
2415 5359 2574 5416 Joan.
2609 5375 2725 5425 VIII,
2750 5360 2838 5415 40.

324 5504 378 5566 5)
411 5501 488 5556 Ita
522 5518 691 5567 COI‘I‘.;
726 5503 866 5555 male
901 5509 1058 5555 antea
1090 5500 1254 5568 αύτῷ.

324 5504 378 5566 5)
411 5503 488 5556 Ita
522 5518 691 5567 ουτω
726 5503 866 5555 male
901 5509 1026 5555 ante

297 5503 376 5644 i6)
411 5575 568 5644 θοι-π’.
598 5572 1026 5644 ἀποκρινόμεθα.

300 5641 378 5710 t7)
418 5642 656 5712 Praepos.
681 5641 810 5712 περί
834 5659 979 5695 corr.
1007 5641 1131 5694 add.

299 5716 377 5782 (8)
424 5714 555 5778 Qua:
608 5714 970 5767 semicirculis
1014 5714 1602 5785 comprehenduntur,
1649 5726 1796 5785 corr.

215 5785 381 5856 ,add_.,
411 5787 501 5854 qui
537 5785 701 5856 etiam)
749 5792 876 5856 ante
913 5783 1435 5856 verbum'napeévm
1484 5793 1589 5840 art.
1633 5783 1796 5840 delet.

304 5854 381 5926 (9)
412 5853 566 5909 Corr.
593 5856 650 5906 ὲν
683 5853 999 5924 ὀφθαλμοῖς.

557 5949 830 6011 Ρηιιοι.
869 5949 985 6012 Gn.
1022 5950 1208 6014 XLV.

1975 5499 2086 5568 (10)
2116 5499 2196 5552 Ita
2221 5514 2390 5561 (ξονι-,ς
2425 5509 2582 5554 antea
2611 5499 2761 5569 ὁρᾷν.

1973 5570 2085 5637 (Η)
2124 5569 2248 5624 [hec
2307 5570 2467 5625 lectio
2495 5581 2680 5624 nostra
2717 5575 2802 5624 est
2831 5583 2845 5634 ;
2893 5584 3014 5622 nam
3049 5569 3102 5629 in
3129 5569 3251 5626 eod.
3285 5569 3467 5638 scrib}

1905 5647 2013 5698 tur,
2049 5639 2190 5704 ὅλος.

1975 5709 2087 5782 (12)
2116 5709 2272 5782 C_orr.
2307 5707 2593 5782 ᾇνθρωπος
2618 5711 2647 5764 ὁ
2669 5708 2864 5764 λαλῶν.

2001 5780 2087 5846 15)
2125 5779 2283 5834 Corr.
2318 5779 2554 5848 λέγεται.

2001 5784 2087 5846 15)
2125 5784 2283 5834 Corr.
2318 5784 2554 5848 λέγεται.

1974 5784 2087 5919 iu)
2115 5850 2269 5906 Corr.
2302 5850 2664 5926 ἀνθρωπείας.

3039 5945 3123 6021 39
