4020 6498
549 394 572 446 1
584 392 686 445 ‘297

1799 401 1857 453 S.
1885 397 2207 454 CREGORII
2242 398 2535 457 NYSSENI

3671 406 3805 461 1238

546 514 846 584 percipere.
883 510 988 565 Sed
1030 520 1082 564 ct
1116 512 1200 565 his
1242 514 1645 581 printermissis,
1679 515 1746 569 ad
1776 532 1837 571 ea
1880 533 2000 587 qua:
2039 533 2116 573 se-

2230 518 2333 580 αὶν,
2368 519 2554 584 οὕτως
2585 518 2802 585 ἥνωται
2834 516 2981 583 πρὸς
3030 517 3197 581 Θεὸν,
3224 517 3305 582 ὡς
3340 518 3450 589 (15)
3495 519 3535 587 ἢ
3571 520 3731 587 σὰρξ
3766 524 3805 590 ἡ

545 616 793 677 quuntur
828 605 1235 660 convertendus
1260 613 1344 660 est
1384 620 1564 660 sermo
1594 628 1606 661 :
1641 606 1816 671 Nihil,
1852 610 1946 671 ait.
1976 626 2120 678 wque

544 700 885 768 conjunctum
915 707 991 752 est
1029 697 1156 759 Deo,
1190 706 1343 767 atque
1389 714 1514 751 caro
1552 700 1668 765 illa,
1706 717 1864 769 quam
1913 718 2119 755 assum-

541 794 669 862 psit.
704 790 749 846 Ο
771 790 1052 845 cordatam
1081 789 1319 844 hominis
1353 792 1714 845 sententiam!
1744 791 1828 845 Nil
1867 792 1939 846 ita
1968 805 2118 850 arcte

540 884 899 953 coniunctum
931 890 1015 939 est
1049 881 1179 946 Deo,
1214 892 1377 951 atque
1408 898 1559 945 caro,
1589 900 1697 938 non
1729 886 1970 951 bonitas,
2004 903 2115 942 non

541 975 842 1039 aeternitas,
876 989 983 1027 non
1018 975 1379 1043 incorruptio,
1414 991 1520 1029 non
1554 977 1967 1045 omnipotentia,
2006 994 2116 1033 non

543 1066 649 1118 alia
678 1065 947 1135 quaepiam
998 1080 1185 1119 earum
1228 1068 1511 1121 nationum
1556 1083 1678 1137 quae
1728 1067 1840 1122 Deo
1884 1068 2119 1124 maxime

543 1158 899 1223 conveniunt,
948 1157 1040 1212 sed
1086 1157 1199 1211 haec
1228 1158 1409 1211 omnia
1456 1158 1715 1213 inferiora
1758 1169 1888 1214 sunt
1931 1176 2115 1224 carne,

544 1250 746 1320 quippe
778 1264 901 1319 quae
939 1264 1064 1303 cum
1098 1248 1208 1304 Deo
1258 1249 1543 1305 commista
1589 1258 1642 1305 et
1684 1266 1789 1305 una
1823 1268 1947 1305 cum
2000 1254 2118 1322 ipso

543 1341 733 1396 eli'ecta
788 1341 975 1403 fuerit,
1018 1342 1088 1395 ob
1120 1342 1560 1410 conjunctionem
1616 1344 1762 1395 illam
1806 1360 1929 1413 qua:
1973 1346 2119 1401 inter

544 1433 889 1487 divinitatem
936 1439 989 1486 et
1036 1447 1256 1487 carnem
1303 1434 1477 1488 eidem
1532 1434 1825 1488 ascititiam
1882 1436 2119 1493 interve-

2222 610 2699 679 προσληφθεῖσα.
2731 610 2796 661 Ὢ
2822 612 2918 679 τῆς
2964 610 3438 679 περιεσκεμμένης
3470 610 3636 663 αὐτοῦ
3671 612 3804 664 ἀπο-

2223 702 2471 769 φάσεωςί
2502 702 2665 755 Οὐδὲν
2690 701 2861 764 οὕτως
2891 702 3094 771 ἥνωται
3120 701 3257 771 πρὸς
3283 701 3437 763 Θεὸν,
3466 702 3541 764 ὡς
3571 703 3605 772 ἡ
3644 703 3804 771 σὰρξ,

2219 796 2339 848 ούδέ
2368 794 2400 865 ἡ
2431 796 2720 865 άγαθότης,
2745 795 2863 848 ούδέ
2891 798 2922 865 ἡ
2955 796 3189 866 ἀῖδιότης
3222 794 3357 864 (16),
3387 793 3509 847 οὺδέ
3537 796 3569 865 ἡ
3595 795 3808 864 ἀφθαρο

2222 886 2343 946 σία,
2376 886 2497 939 ούδέ
2538 885 2599 939 τὸ
2623 886 2715 937 ἐπὶ
2756 884 2972 938 πάντων
3008 886 3227 956 κράτος,
3268 884 3391 937 ούὸἐ
3442 883 3566 937 ἄλλο
3608 901 3661 935 τι
3700 884 3809 934 τῶν

2227 976 2545 1048 θεοπρεπῶν
2574 976 2858 1048 νοημάτων
2878 1018 2892 1038 ,
2927 975 3065 1029 ἀλλὰ
3094 976 3269 1029 πάντα
3302 974 3497 1037 ταῦτα,
3533 974 3635 1042 τῆς
3680 990 3810 1040 cap-

2227 1070 2321 1134 κός
2348 1072 2462 1123 ἐστι
2494 1070 2719 1141 δεύτερα
2740 1110 2754 1133 ,
2787 1071 3071 1141 συγκρίσει
3121 1073 3187 1140 τῇ
3221 1068 3355 1139 πρὸς
3401 1069 3491 1120 τὸν
3524 1067 3683 1129 Θεὸν,
3716 1068 3808 1119 καὶ

2223 1167 2290 1235 τῇ
2324 1164 2461 1233 πρὸς
2499 1164 2702 1235 ταύτην
2728 1163 2827 1234 τῆς
2855 1163 2946 1216 τοῦ
2991 1162 3126 1215 Θεοῦ
3174 1162 3438 1225 ἐνώσεως,
3469 1161 3563 1213 καὶ
3602 1162 3807 1232 σαρκὸς

2224 1257 2324 1328 τῆς
2358 1256 2762 1326 ἐπικτηθείσης.
2810 1254 3090 1324 Ὁμολογεῖ
3117 1254 3228 1323 (Π)
3262 1253 3395 1307 αὐτὸ
3442 1254 3603 1307 τοῦτο
3646 1255 3675 1305 ὁ
3718 1253 3807 1304 λο‹

2225 1348 2503 1419 γογράφος
2522 1364 2537 1379 ο
2565 1349 2594 1401 ὁ
2623 1346 2731 1416 γὰρ
2758 1345 3153 1417 προσειλῆφθαι
3178 1345 3344 1399 αὐτὴν
3374 1345 3564 1411 είπὼν,
3596 1346 3661 1398 τὸ
3686 1347 3809 1398 ἐπι-

2225 1439 2591 1511 γενηματικὸν
2620 1438 2790 1507 αὐτῆς
2817 1438 3135 1504 ἐνεδείξατο.

544 1525 644 1577 nit.
696 1523 811 1578 Hoc
850 1532 1031 1578 autem
1082 1525 1258 1594 ipsum
1308 1526 1546 1595 scriptor
1611 1524 1841 1591 fatetur;
1912 1544 2038 1583 nam
2120 1533 2208 1602 qui
2246 1548 2470 1587 carnem
2517 1538 2852 1601 assumptam
2900 1530 3071 1586 fuisse
3116 1529 3271 1596 dicit,
3321 1528 3568 1585 eamdem
3610 1529 3805 1601 utique

542 1615 890 1671 adventitiam
920 1632 1042 1671 esse
1066 1617 1327 1671 declarat.

615 1768 800 1827 XLIV.
846 1771 973 1837 Sed,
1023 1782 1077 1826 et
1114 1773 1197 1826 his
1229 1774 1631 1842 praetermissis.
1680 1791 1743 1831 ea
1796 1778 1959 1833 etiam
1992 1795 2113 1848 quae

541 1874 870 1936 sequuntur,
895 1866 1115 1920 silentio
1136 1865 1501 1930 obvolvimus,
1532 1876 1718 1939 utpote
1739 1884 1861 1939 qua:
1891 1872 2114 1927 minime

542 1959 841 2013 lectoribus
891 1974 1086 2012 nocere
1124 1966 1347 2028 queant,
1398 1971 1454 2013 et
1503 1960 1556 2013 in
1594 1976 1653 2015 se
1696 1962 1933 2016 habeant
1967 1964 2111 2019 unde

543 2046 739 2101 fabulae
773 2048 920 2102 nulla
954 2065 1017 2101 cx
1064 2058 1217 2113 parte
1252 2049 1357 2103 sibi
1393 2050 1700 2106 constantis
1736 2051 1882 2106 fictio
1925 2053 2113 2108 redar-

541 2146 760 2202 gnatur.
818 2136 952 2190 Nam
990 2152 1113 2191 cum
1149 2139 1383 2209 primum
1416 2142 1698 2195 statuisset
1725 2143 1927 2197 nullam
1952 2143 2112 2197 aliam

540 2244 727 2282 earum
763 2244 947 2283 rerum
976 2245 1095 2298 qua:
1137 2230 1204 2282 de
1258 2229 1367 2282 Deo
1402 2231 1763 2294 allirmantur.
1812 2249 1967 2305 aeque
2002 2234 2112 2289 Do-

544 2318 691 2371 mino
719 2317 1069 2387 conjunctam
1120 2336 1242 2375 esse
1291 2332 1455 2390 atque
1495 2337 1717 2377 carnem
1766 2324 1911 2378 illam
1947 2343 2111 2398 quam

542 2410 873 2478 assumpsit,
909 2426 1031 2464 mox
1064 2412 1117 2464 in
1150 2412 1510 2467 conclusione
1552 2413 1861 2483 subiungit,
1896 2432 1959 2471 ea
1992 2433 2114 2489 qua:

543 2504 644 2555 hcc
668 2512 824 2571 pacto
845 2504 1135 2569 conjuncta
1162 2520 1269 2557 non
1291 2513 1439 2565 Sunt.
1462 2520 1565 2561 nec
1587 2505 1778 2561 eodem
1810 2518 1971 2578 pacto
2014 2511 2115 2565 ad-

542 2593 747 2644 matula
782 2609 925 2652 esse.
969 2594 1098 2663 quin
1137 2600 1189 2647 et
1220 2594 1359 2649 hanc
1398 2596 1559 2650 aliam
1592 2597 1905 2652 coronidem
1942 2600 2111 2664 addit,

543 2680 697 2734 Nihil
727 2694 899 2735 autem
934 2684 1007 2735 ita
1036 2683 1364 2737 adorandum
1396 2696 1492 2752 est,
1524 2688 1963 2757 quemadmodum
1989 2708 2114 2745 caro

542 2773 761 2827 Christi.
796 2772 921 2828 Han:
952 2790 1098 2837 vero,
1136 2784 1323 2842 utpote
1353 2792 1475 2844 quae
1506 2778 1589 2831 vel
1629 2779 1814 2849 pueris
1849 2781 1985 2850 ipsis
2017 2782 2113 2835 ah-

542 2867 708 2919 surda
754 2866 939 2921 statim
988 2866 1300 2928 vidcantur,
1343 2869 1599 2923 consulto
1646 2870 1961 2939 silebimus;
2010 2872 2114 2942 ipsi

541 2961 686 3013 enim
734 2960 826 3029 qui
865 2958 1055 3014 sedent
1086 2961 1138 3013 in
1186 2960 1307 3013 foro
1357 2960 1662 3031 luduntque
1692 2962 1872 3031 pueri,
1915 2964 1991 3016 ita
2034 2979 2117 3017 ra-

541 3052 976 3113 tiocinarentur:
1004 3050 1058 3107 Si
1098 3062 1206 3106 tam
1254 3052 1596 3107 adorandum
1648 3053 1783 3107 nihil
1838 3062 1940 3117 est,
1974 3055 2115 3109 sicut

542 3159 698 3206 caro,
732 3159 866 3215 ergo
892 3145 1068 3215 magis
1096 3145 1405 3199 veneranda
1441 3153 1525 3200 est
1556 3145 1758 3201 Christi
1785 3160 1917 3201 caro
1948 3161 2112 3216 quam

543 3236 656 3303 ipsa
691 3233 868 3289 Patris
898 3236 1175 3305 majestas,
1224 3244 1277 3289 et
1311 3236 1727 3306 omnipotentia,
1759 3246 1813 3293 et
1842 3253 2115 3294 summum

544 3330 598 3381 in
641 3343 731 3384 res
776 3344 968 3383 omnes
1022 3329 1334 3398 imperiunm,
1385 3330 1516 3385 etsi
1559 3329 1690 3399 quid
1742 3330 1892 3403 aliud
1922 3338 2118 3384 natura

542 3431 731 3474 nostra
759 3421 825 3475 de
856 3420 1037 3474 divina
1085 3421 1327 3490 potentia
1357 3422 1539 3490 eloqui
1573 3423 1737 3486 valet,
1770 3422 1845 3476 ita
1886 3430 1947 3475 ut
1976 3438 2119 3493 prae-

543 3512 801 3566 termissa
854 3510 1057 3576 Patris,
1105 3510 1254 3573 Filii,
1305 3521 1359 3567 et
1414 3512 1652 3582 Spiritus
1701 3514 1880 3568 sancti
1921 3513 2119 3567 adura-

544 3602 714 3666 tione,
771 3604 943 3659 solam
998 3604 1269 3669 venerari,
1329 3612 1495 3673 atque
1544 3603 1773 3661 adorare
1820 3605 2117 3660 antelatam

545 3695 759 3748 cmteris
791 3695 1047 3749 omnibus
1090 3695 1158 3748 ab
1190 3695 1297 3750 isto
1334 3706 1586 3756 carnem,
1620 3696 1908 3766 eidemque
1934 3696 2118 3751 omni-

545 3788 845 3858 potentiam
887 3788 1163 3843 ascribere
1189 3788 1508 3844 debeamus.
1541 3787 1713 3844 Porro
1744 3788 2119 3844 antecedenti-

546 3882 649 3935 bus
698 3881 896 3935 similis
930 3888 1036 3944 est,
1077 3895 1201 3951 qua:
1241 3880 1491 3951 sequitur
1523 3881 1872 3935 ratiocinatio
1905 3899 1918 3935 :
1954 3880 2117 3944 Caro,

546 3974 742 4043 inquit,
785 3971 997 4025 Domini
1036 3972 1315 4033 aduratur,
1344 3982 1598 4044 quatenus
1628 3982 1708 4027 est
1746 3990 1854 4026 una
1894 3988 2119 4041 persona

544 4078 593 4122 et
626 4084 786 4119 unum
823 4066 1027 4119 animal
1053 4082 1171 4119 cum
1199 4066 1333 4131 ipso.
1386 4064 1625 4119 Duarum
1668 4080 1846 4119 rerum
1881 4066 2119 4120 mentio-

548 4174 669 4212 nem
700 4157 929 4220 l'aciens,
956 4155 1173 4210 Domini
1201 4157 1456 4211 videlicet
1478 4166 1528 4211 et
1561 4156 1745 4209 carnis
1785 4155 2020 4217 Domini,
2054 4172 2117 4210 ex

550 4251 634 4301 nis
687 4248 906 4303 duobus
949 4263 1119 4302 unum
1151 4247 1355 4301 animal
1400 4246 1581 4303 eliicit.
1622 4244 1780 4299 Nunc
1821 4246 1933 4315 jam
1971 4254 2122 4317 patet

546 4334 679 4403 quid
726 4334 780 4388 in
816 4342 1084 4389 tractatus
1134 4335 1495 4404 inscriptione
1545 4334 1834 4404 signiticet,
1885 4335 2013 4389 dum
2054 4336 2121 4390 de

2290 1774 2400 1828 Καὶ
2442 1771 2947 1845 παραδραμούμεθα
2982 1772 3049 1825 τὰ
3076 1772 3269 1840 ἐφεξῆς
3303 1771 3432 1841 (18),
3468 1775 3542 1835 ὡς
3573 1775 3806 1828 αὐτόθεν

2220 1861 2409 1932 ἔχοντα
2450 1861 2543 1914 τὸν
2588 1860 2806 1931 ἔλεγχον
2837 1862 2935 1932 τῆς
2980 1860 3283 1914 ἀσυστάτου
3311 1861 3669 1931 μυθοποιῖας,
3708 1867 3804 1917 καὶ

2219 1952 2428 2024 ἀϐλαϐῆ
2473 1951 2601 2006 ὅντα
2642 1954 2754 2017 τοῖς
2788 1952 3170 2022 ἐντυγχάνουσι
3213 1953 3619 2018 σιωπήσαντες⁶
3659 1973 3803 2025 προ-

2220 2044 2332 2107 θεὶς
2374 2043 2482 2116 γὰρ
2512 2044 2593 2108 τὸ,
2632 2044 2799 2115 μηδὲν
2842 2043 2969 2098 ἄλλο
2995 2043 3100 2096 τῶν
3130 2044 3221 2095 ἐπὶ
3254 2044 3363 2114 (19)
3403 2044 3534 2097 Θεοῦ
3566 2044 3801 2114 λεγομέ-

2218 2152 2325 2189 νων
2376 2135 2548 2199 οῦτως
2599 2135 2835 2207 ἡνῶσθαι
2888 2133 2966 2205 τῷ
3026 2134 3249 2206 Κυρίῳ,
3284 2135 3357 2198 ὡς
3406 2136 3612 2205 ἥνωται
3660 2139 3805 2209 πρὸς

2220 2226 2380 2281 αὐτὸν
2426 2227 2460 2296 ἡ
2504 2226 2908 2298 προσληφθεῖσα
2941 2224 3097 2295 σὰρξ,
3135 2226 3409 2296 ἐπήγαγεν
3442 2229 3500 2280 ἐν
3542 2227 3622 2297 τῷ
3660 2245 3805 2299 συμ-

2220 2320 2570 2391 περάσματι,
2619 2320 2702 2373 ὅτι
2747 2318 2815 2372 τά
2865 2318 2939 2389 μὴ
2984 2317 3156 2381 οὕτως
3184 2319 3457 2388 ἡνωμένα,
3492 2320 3805 2384 ούδόῦτως

2220 2410 2592 2485 προσκυνητᾶμ
2624 2410 2815 2482 ἑτέραν
2860 2409 3136 2480 ἐπιτίθησι
3172 2410 3468 2480 κορωνίδα·
3504 2410 3701 2463 Οὐδὲν
3731 2412 3803 2465 δὲ

2220 2505 2407 2571 οὕτως
2449 2502 2903 2571 προσκυνητὸν,
2940 2502 3019 2568 ὠς
3064 2504 3103 2570 ἠ
3150 2502 3307 2571 σὰρξ
3356 2503 3464 2557 τοῦ
3510 2504 3798 2571 Χριστοῦ.

2220 2598 2405 2651 Ταῦτα
2435 2597 2509 2661 ὡς
2540 2597 2635 2649 καὶ
2661 2595 2893 2658 παιδίοις
2912 2594 3188 2667 γνώριμον
3226 2595 3416 2665 ἔχοντα
3439 2595 3534 2666 τὴν
3564 2598 3802 2650 ἀτοπίαν

2224 2691 2361 2762 μετά
2387 2693 2485 2761 τῆς
2533 2688 2740 2751 ἐννοίας
2770 2686 3175 2758 σιωπησὼμεθα
3210 2687 3341 2757 (20).
3377 2688 3532 2741 Εἴποι
3577 2688 3690 2758 γάρ
3732 2689 3801 2741 ἂν

2221 2784 2313 2837 καὶ
2339 2784 2456 2844 ταῖς
2496 2781 2722 2849 ἀγοραῖς
2753 2778 3101 2849 ἐγκαθήμενα
3134 2777 3342 2841 παιδία,
3374 2779 3467 2833 καί
3499 2777 3797 2843 παίζοντα’

2221 2874 2301 2926 ὅτι
2324 2871 2387 2925 Ei
2409 2871 2573 2943 μηδὲν
2595 2869 2766 2935 οῦτως
2798 2870 2917 2922 ἐστ)⁵
2941 2868 3333 2941 προσκυνητὸν,
3357 2867 3544 2940 ῶσπερ
3576 2870 3607 2940 ἠ
3633 2868 3800 2940 σάρξ,

2221 2968 2328 3039 ἀρα
2372 2965 2785 3037 σεδασμιωτέρα
2823 2964 2969 3019 ἐστὶν
3003 2966 3037 3035 ἡ
3079 2964 3171 3018 τοῦ
3202 2964 3436 3036 Χριστοῦ
3488 2964 3627 3035 σὰρξ
3702 2964 3799 3017 καὶ

2220 3060 2390 3130 αὐτῆς
2430 3061 2529 3129 τῆς
2569 3056 2662 3112 τοῦ
2692 3057 2903 3129 Πατρὸς
2940 3056 3376 3127 μεγαλειότητος,
3406 3058 3498 3110 καὶ
3525 3042 3625 3126 τῆς
3655 3074 3797 3110 παν-

2219 3151 2517 3221 τοδυνάμου
2554 3149 2803 3216 ἐξουσίας
2825 3190 2839 3211 ,
2885 3148 2980 3201 καὶ
3006 3151 3105 3220 τῆς
3134 3148 3350 3203 πάντων
3382 3149 3585 3219 ἀρχῆς,
3623 3150 3720 3203 καὶ
3745 3149 3802 3201 εί

2218 3261 2271 3297 τι
2297 3243 2425 3298 ἄλλο
2445 3245 2614 3314 χωρεῖ
2636 3244 2668 3314 ή
2703 3241 2861 3311 φύσις
2882 3242 3038 3313 ἡμῶν
3063 3242 3191 3313 περὶ
3213 3241 3313 3309 τῆς
3340 3241 3488 3304 θείας
3510 3241 3800 3311 δυνάμεως

2220 3331 2578 3403 φθέγγεσθαι·
2619 3330 2760 3384 ὥστε
2806 3331 3194 3393 καταλιπόντας
3244 3330 3303 3383 τὸ
3353 3332 3679 3401 προσκυνεῖν
3705 3330 3800 3384 τὸν

2220 3424 2461 3494 Πατέρα,
2490 3423 2583 3477 καὶ
2608 3422 2700 3475 τὸν
2729 3423 2878 3485 Υίὸν,
2911 3424 3006 3478 καὶ
3049 3423 3110 3476 τὸ
3139 3422 3361 3493 Πνεῦμα
3394 3421 3452 3474 τὸ
3478 3421 3658 3489 ἆγιον,
3697 3422 3800 3491 μό·

2219 3534 2316 3585 νην
2351 3514 2621 3580 σέὅεσθαι,
2649 3515 2743 3568 καὶ
2775 3516 3096 3583 προσκυνεῖν
3120 3514 3222 3585 τὴν
3253 3512 3402 3584 παρά
3438 3512 3628 3566 τούτου
3664 3530 3801 3583 ϊιρο⁹

2219 3607 2589 3679 τετιμημένην
2616 3606 2812 3678 σάρκα,
2845 3609 2941 3660 καὶ
2968 3607 3153 3679 ἐκείνῃ
3184 3606 3296 3674 (21)
3322 3605 3383 3658 τὺ
3409 3605 3549 3659 κατά
3577 3606 3801 3661 πάντων

2218 3702 2458 3755 τίθεσθαι
2507 3702 2727 3772 κράτος.
2777 3699 2999 3769 Ὅμοιον
3031 3699 3088 3753 δὲ
3136 3699 3248 3761 τοῖς
3276 3696 3799 3768 προαποδεδομένοις

2220 3791 2401 3846 καὶτὸ
2449 3791 2642 3862 ἐφεξῆς
2690 3789 3023 3861 ἐπιχείρημα
3052 3786 3187 3858 (22),
3234 3782 3296 3842 Ἡ
3341 3785 3495 3854 σὰρξ
3534 3786 3642 3839 τοῦ
3680 3788 3799 3839 Κυ-

2212 3884 2375 3951 ρίου,
2395 3882 2549 3954 φησὶ,
2571 3879 3014 3949 προσκυνεῖται,
3038 3876 3184 3931 καθὸ
3206 3875 3275 3929 ἓν
3297 3876 3427 3929 ἐστι
3447 3875 3795 3941 πρόσωπον,

2220 3975 2319 4029 καὶ
2363 3973 2432 4028 ἐν
2484 3971 2631 4034 ζῶον
2667 3974 2796 4042 μετ’
2835 3969 3021 4025 αὑτοῦ
3070 3968 3207 4037 (23).
3256 3966 3359 4019 Δύο
3417 3966 3797 4036 μνημονεύσας

2220 4063 2559 4136 πραγμάτων
2607 4061 2741 4133 (24),
2784 4060 2988 4131 Κυρίου
3043 4060 3137 4111 και)¹
3190 4056 3391 4127 σαρκὸς
3441 4055 3683 4126 Κυρίου,
3738 4056 3797 4107 ἓν

2224 4158 2361 4222 ζῶον
2384 4156 2453 4210 τὰ
2483 4153 2576 4209 δύο
2608 4154 2849 4225 ἐποίησε.
2877 4151 2991 4206 Νῦν
3023 4149 3396 4205 ἀποκαλύπτει
3439 4148 3623 4217 σαφῶς
3652 4148 3714 4201 τὸ
3739 4150 3799 4201 ἐν

2218 4254 2286 4321 τῇ
2323 4250 2600 4319 ἐπιγραφῇ
2646 4246 2739 4299 τοῦ
2781 4245 2939 4313 λόγου
2992 4242 3340 4313 δηλούμενον,
3374 4233 3492 4311 ἐν
3523 4238 3799 4293 διδάσκειν

2222 4340 2717 4409 κατεπαγγέλλεται
2765 4336 2892 4409 περὶ
2940 4335 3039 4406 τῆς
3084 4335 3235 4398 θείας
3292 4331 3653 4405 σαρκώσεως,
3698 4332 3799 4402 τῆς

547 4426 732 4480 divina
788 4427 1185 4489 incarnatione,
1242 4425 1308 4481 ad
1365 4426 1779 4482 similitudinem
1834 4428 2115 4483 hominum

2225 4430 2343 4485 καθ’
2376 4430 2631 4501 ὁμοίωσιν
2667 4424 2972 4497 ἀνθρώπου·
3003 4424 3188 4493 ἐπειδὴ
3230 4422 3339 4494 γάρ
3368 4421 3545 4507 ψυχῆς
3582 4420 3799 4491 σώματι

551 4520 713 4580 facta,
741 4535 800 4574 se
829 4535 928 4573 nos
953 4519 1239 4573 docturum
1267 4534 1388 4575 esse
1414 4520 1702 4589 promittit;
1726 4522 1854 4591 quia
1885 4536 2120 4593 namque

550 4604 732 4658 anima
766 4605 833 4659 ad
864 4620 1064 4675 corpus
1087 4606 1397 4671 accedente,
1427 4623 1491 4662 ex
1525 4610 1872 4679 copulatione
1894 4612 2119 4666 istarum

550 4696 750 4752 diversi
798 4698 1017 4768 generis
1068 4712 1253 4752 rerum
1308 4708 1471 4768 atque
1516 4699 1791 4765 mistione,
1839 4700 2119 4755 hominum

551 4791 657 4842 vita
696 4799 934 4853 constat,
993 4804 1092 4845 nec
1149 4790 1307 4843 aliter
1362 4805 1462 4844 nos
1503 4792 1763 4845 constitui
1820 4809 1982 4863 qnam
2026 4810 2123 4864 per

550 4881 748 4935 animae
806 4889 861 4933 et
922 4882 1172 4949 corporis
1233 4879 1683 4949 conjunctionem
1743 4884 1865 4952 jure
1925 4886 2121 4939 merito

625 5054 735 5128 (l5)
762 5052 897 5128 Tam
932 5056 1018 5108 hic.
1044 5072 1203 5125 quam
1238 5056 1374 5110 infra
1403 5073 1547 5111 corr.
1591 5057 1713 5111 add.
1744 5070 1882 5128 part.
1915 5060 2009 5121 ὡς.

622 5126 733 5199 (ltj)
760 5126 831 5199 |I_a
862 5141 1040 5186 corr.;
1078 5128 1217 5199 male
1246 5136 1402 5199 antea
1430 5128 1729 5199 παιδιότης.

625 5195 736 5267 (Π)
768 5197 922 5250 Corr.
956 5196 1381 5267 ἐπικτισθείσης,
1411 5197 1486 5261 ὡς
1518 5195 1784 5267 ὁμολογεῖ.

624 5266 737 5339 (18)
763 5268 920 5319 (Iorr.
967 5267 1061 5339 καὶ
1120 5268 1278 5339 τοῦτο
1309 5266 1830 5339 παραδραμούμεθα,
1876 5281 1931 5325 et
1960 5273 2119 5327 inter-

470 5346 471 5349 ‘
551 5338 740 5406 pungit
773 5347 898 5389 ante
924 5337 991 5388 τά
1022 5338 1238 5405 ἐφεξῆς.

625 5407 735 5477 (19)
764 5409 917 5459 Carr.
950 5408 1095 5477 περί.

623 5476 902 5599 (Ξθέίῖοτῐι.
939 5478 1077 5547 μετὰ
1105 5479 1204 5549 τῆς
1236 5479 1418 5545 ἀνοίας
1450 5480 1853 5552 σιωπησόμεθα.
1873 5488 1927 5533 et
1976 5497 2122 5548 mox,

679 5562 746 5598 τα
774 5564 838 5599 τα
865 5564 913 5599 ε.

552 5562 646 5599 και
679 5562 746 5598 τα
774 5562 913 5610 ταις.

758 5616 914 5690 (λινε.
944 5620 1036 5671 καὶ
1060 5620 1115 5671 ἐν
1143 5619 1343 5690 ἐκείνῃ.

626 5685 736 5753 (22)
771 5685 883 5760 Hoc
936 5691 1266 5759 Apollinaris
1298 5685 1699 5760 argumentum,
1733 5705 1856 5743 cum
1896 5690 2121 5760 Nysseni

555 5750 1029 5831 responsione,_e_'{
1055 5762 1157 5813 hoc
1199 5750 1890 5831 opt-re'dcsnniptmrelcrt
1922 5750 2118 5831 Euthy-

557 5825 721 5889 mins,
750 5840 870 5896 pag.
934 5828 1059 5893 5‘29,
1102 5825 1249 5883 vers.
1277 5828 1435 5891 Caro,
1481 5825 1664 5899 inquit.
1697 5830 1801 5884 Sed
1836 5825 2116 5901 argumen-

2229 4519 2656 4591 συνδραμούσης,
2684 4519 2746 4570 ἐκ
2764 4516 2863 4586 τῆς
2883 4512 2988 4567 τῶν
3011 4511 3337 4584 ἑτερογενῶν
3366 4510 3565 4565 τούτων
3597 4510 3799 4581 μίξεως

2222 4630 2284 4665 τε
2311 4612 2405 4665 καὶ
2437 4607 2717 4671 κοινωνίας
2764 4604 3075 4659 συνίσταται
3109 4605 3142 4674 ἡ
3186 4602 3499 4674 ἀνθρωπίνη
3527 4599 3666 4667 ζωὴ.
3701 4600 3800 4654 καὶ

2222 4705 2323 4757 οὐκ
2349 4703 2413 4756 ἄν
2435 4720 2515 4764 τις
2545 4700 2671 4755 ἄλλο
2699 4717 2752 4752 τι
2777 4697 2888 4767 (9.5)
2923 4697 3021 4767 τὴν
3053 4696 3307 4749 σύστασιν
3338 4693 3495 4765 ήμῶν
3520 4693 3798 4764 ὁρίσαιτο,

2224 4797 2363 4867 πλὴν
2390 4796 2640 4865 σώματος
2668 4794 2760 4845 καὶ
2793 4791 2970 4862 ψυχῆς
3006 4788 3287 4844 κοινωνίαν
3310 4805 3325 4816 ⁸
3357 4786 3514 4840 τοῦτο
3543 4786 3678 4839 αὐτὸ
3706 4786 3802 4839 καὶ

2228 4889 2355 4957 περὶ
2406 4888 2503 4957 τὴν
2550 4885 2697 4939 θείαν
2750 4884 2909 4953 φύσιν
2959 4880 3283 4951 φαντασθεὶς
3332 4883 3361 4934 ὁ
3425 4879 3799 4950 λογογράφος,

2229 5076 2339 5120 tum
2406 5064 2964 5137 Apollinarisiisdem
3011 5062 3194 5116 verbis
3215 5073 3532 5137 expressum
3553 5056 3638 5137 ibi
3672 5056 3798 5137 legi-

2227 5154 2351 5192 mus
2380 5154 2394 5202 ;
2432 5132 2537 5189 non
2574 5152 2701 5190 vero
2728 5134 2966 5206 Nysseni
3000 5132 3638 5206 responsionem._cujus
3670 5136 3795 5179 tan-

2228 5199 2508 5261 tummodo
2552 5199 2797 5270 sensum,
2824 5220 2932 5259 non
2954 5199 3138 5257 itidem
3163 5202 3326 5256 verba
3351 5199 3673 5253 Euthvmius
3714 5213 3797 5251 re—

2225 5277 2366 5331 tulit.

2297 5346 2578 5420 (23)_Vide
2612 5362 2682 5401 an
2715 5343 3207 5420 interpungendum
3232 5341 3303 5395 sit
3322 5337 3565 5420 anteoilla
3604 5335 3788 5420 verba,

2230 5408 2347 5488 μετ’
2378 5408 2564 5482 αὐτοῦ,
2594 5428 2655 5473 ut
2694 5408 2890 5472 sensus
2941 5408 3033 5478 sit,
3066 5427 3284 5466 carnem
3322 5408 3531 5463 Domini
3570 5408 3788 5486 adorari

2226 5487 2348 5543 eum
2383 5490 2521 5556 ipso,
2551 5495 2824 5557 quatenus
2866 5493 2948 5539 est
2984 5499 3091 5559 una
3114 5495 3364 5559 persona,
3389 5487 3443 5532 et
3472 5490 3640 5530 unum
3669 5488 3789 5559 ant-

2228 5562 2362 5624 mal;
2399 5552 2520 5612 nam
2547 5552 2788 5629 proxime
2808 5571 3049 5629 sequens
3069 5552 3785 5629 ᾼροιιίηιιτίειιιιευιηθηιιω

2230 5630 2354 5682 huic
2386 5623 2819 5697 interpretationi
2854 5623 3038 5680 favere
3061 5623 3297 5697 videtur.

2300 5698 2409 5766 (24)
2441 5698 2514 5751 lla
2534 5693 2719 5763 corr.;
2751 5704 2909 5751 antea
2950 5693 3237 5766 σωμάτωνἼ

2298 5762 2408 5840 (25)
2444 5768 2519 5822 Ita
2552 5762 2734 5835 corr.;
2765 5775 2924 5823 antea
2955 5762 3044 5819 καὶ
3078 5764 3177 5817 οὐκ
3196 5762 3323 5816 ἀλλο
3346 5776 3420 5814 τι.
